|j|☆devil may larp
|j|☆greater basilisk
|html|devil may larpgreater basilisk    
|uhtml|bestof|Game 1 of a best-of-3
|t:|1783103975
|gametype|doubles
|player|p1|devil may larp|roxie-masters|1274
|player|p2|greater basilisk|bianca|1308
|gen|9
|tier|[Gen 9 Champions] VGC 2026 Reg M-B (Bo3)
|rated|
|rule|Species Clause: Limit one of each Pokémon
|rule|Item Clause: Limit 1 of each item
|clearpoke
|poke|p1|Charizard, L50, M|
|poke|p1|Kingambit, L50, M|
|poke|p1|Farigiraf, L50, F|
|poke|p1|Sylveon, L50, F, shiny|
|poke|p1|Garchomp, L50, F|
|poke|p1|Aerodactyl, L50, M|
|poke|p2|Sneasler, L50, M|
|poke|p2|Incineroar, L50, M|
|poke|p2|Delphox, L50, M|
|poke|p2|Sinistcha, L50|
|poke|p2|Floette-Eternal, L50, F|
|poke|p2|Palafin, L50, M|
|teampreview|4
|showteam|p1|Charizard||CharizarditeY|Blaze|HeatWave,SolarBeam,Protect,WeatherBall|Modest||M|||50|]Kingambit||FocusSash|Defiant|KowtowCleave,SuckerPunch,IronHead,LowKick|Adamant||M|||50|]Farigiraf||ColburBerry|ArmorTail|TwinBeam,TrickRoom,HelpingHand,Thunderbolt|Bold||F|||50|]Sylveon||FairyFeather|Pixilate|HyperBeam,HyperVoice,QuickAttack,Protect|Modest||F|||50|]Garchomp||LifeOrb|RoughSkin|DragonClaw,Protect,Earthquake,StompingTantrum|Jolly||F|||50|]Aerodactyl||Aerodactylite|Unnerve|Tailwind,RockSlide,IceFang,DualWingbeat|Jolly||M|||50|
|showteam|p2|Sneasler||FocusSash|PoisonTouch|Protect,FakeOut,DireClaw,CloseCombat|Jolly||M|||50|]Incineroar||SitrusBerry|Intimidate|FakeOut,PartingShot,FlareBlitz,DarkestLariat|Impish||M|||50|]Delphox||Delphoxite|Blaze|Protect,NastyPlot,HeatWave,Psyshock|Timid||M|||50|]Sinistcha||KasibBerry|Hospitality|Protect,TrickRoom,MatchaGotcha,RagePowder|Sassy|||||50|]Floette-Eternal||Floettite|FlowerVeil|Protect,DazzlingGleam,CalmMind,Moonblast|Timid||F|||50|]Palafin||Leftovers|ZerotoHero|Protect,JetPunch,BulkUp,WaveCrash|Impish||M|||50|
|inactive|Battle timer is ON: inactive players will automatically lose when time's up. (requested by greater basilisk)
|inactive|devil may larp also wants the timer to be on.
|inactive|greater basilisk has 60 seconds left.
|
|t:|1783104006
|teamsize|p1|4
|teamsize|p2|4
|start
|switch|p1a: Kingambit|Kingambit, L50, M|100/100
|switch|p1b: Yan|Aerodactyl, L50, M|100/100
|switch|p2a: Floette|Floette-Eternal, L50, F|100/100
|switch|p2b: Palafin|Palafin, L50, M|100/100
|-ability|p1b: Yan|Unnerve
|turn|1
|inactive|greater basilisk has 30 seconds left.
|inactive|greater basilisk has 20 seconds left.
|inactive|devil may larp has 30 seconds left.
|
|t:|1783104046
|detailschange|p2b: Palafin|Palafin-Hero, L50, M
|switch|p2b: Sneasler|Sneasler, L50, M|100/100
|detailschange|p1b: Yan|Aerodactyl-Mega, L50, M
|-mega|p1b: Yan|Aerodactyl|Aerodactylite
|detailschange|p2a: Floette|Floette-Mega, L50, F
|-mega|p2a: Floette|Floette|Floettite
|-ability|p2a: Floette|Fairy Aura
|move|p1a: Kingambit|Sucker Punch||[still]
|-fail|p1a: Kingambit
|move|p1b: Yan|Dual Wingbeat|p2b: Sneasler
|-supereffective|p2b: Sneasler|1
|-damage|p2b: Sneasler|12/100
|-supereffective|p2b: Sneasler|1
|-damage|p2b: Sneasler|0 fnt
|faint|p2b: Sneasler
|-hitcount|p2: Sneasler|2
|move|p2a: Floette|Moonblast|p1a: Kingambit
|-damage|p1a: Kingambit|32/100
|
|upkeep
|
|t:|1783104063
|switch|p2b: Palafin|Palafin-Hero, L50, M|100/100
|-activate|p2b: Palafin|ability: Zero to Hero
|turn|2
|
|t:|1783104071
|switch|p1a: Farigiraf|Farigiraf, L50, F|100/100
|move|p2a: Floette|Protect|p2a: Floette
|-singleturn|p2a: Floette|Protect
|move|p1b: Yan|Tailwind|p1b: Yan
|-sidestart|p1: devil may larp|move: Tailwind
|move|p2b: Palafin|Bulk Up|p2b: Palafin
|-boost|p2b: Palafin|atk|1
|-boost|p2b: Palafin|def|1
|
|upkeep
|turn|3
|
|t:|1783104089
|switch|p2a: Incineroar|Incineroar, L50, M|100/100
|-ability|p2a: Incineroar|Intimidate|boost
|-unboost|p1a: Farigiraf|atk|1
|-unboost|p1b: Yan|atk|1
|move|p1b: Yan|Rock Slide|p2b: Palafin|[spread] p2a,p2b
|-supereffective|p2a: Incineroar|1
|-damage|p2a: Incineroar|70/100
|-damage|p2b: Palafin|92/100
|move|p1a: Farigiraf|Thunderbolt|p2b: Palafin
|-supereffective|p2b: Palafin|1
|-damage|p2b: Palafin|49/100
|move|p2b: Palafin|Wave Crash|p1b: Yan
|-supereffective|p1b: Yan|1
|-damage|p1b: Yan|0 fnt
|faint|p1b: Yan
|-damage|p2b: Palafin|24/100|[from] Recoil
|
|-heal|p2b: Palafin|30/100|[from] item: Leftovers
|upkeep
|
|t:|1783104100
|switch|p1b: Garchomp|Garchomp, L50, F|100/100
|turn|4
|
|t:|1783104110
|move|p2b: Palafin|Protect|p2b: Palafin
|-singleturn|p2b: Palafin|Protect
|move|p1b: Garchomp|Stomping Tantrum|p2a: Incineroar
|-supereffective|p2a: Incineroar|1
|-damage|p2a: Incineroar|0 fnt
|faint|p2a: Incineroar
|-damage|p1b: Garchomp|90/100|[from] item: Life Orb
|move|p1a: Farigiraf|Thunderbolt|p2b: Palafin
|-activate|p2b: Palafin|move: Protect
|
|-heal|p2b: Palafin|36/100|[from] item: Leftovers
|upkeep
|
|t:|1783104115
|switch|p2a: Floette|Floette-Mega, L50, F|100/100
|-ability|p2a: Floette|Fairy Aura
|turn|5
|
|t:|1783104138
|move|p1b: Garchomp|Protect|p1b: Garchomp
|-singleturn|p1b: Garchomp|Protect
|move|p2b: Palafin|Protect||[still]
|-fail|p2b: Palafin
|move|p2a: Floette|Calm Mind|p2a: Floette
|-boost|p2a: Floette|spa|1
|-boost|p2a: Floette|spd|1
|move|p1a: Farigiraf|Thunderbolt|p2b: Palafin
|-supereffective|p2b: Palafin|1
|-damage|p2b: Palafin|0 fnt
|faint|p2b: Palafin
|
|-sideend|p1: devil may larp|move: Tailwind
|upkeep
|turn|6
|
|t:|1783104147
|move|p2a: Floette|Dazzling Gleam|p1b: Garchomp|[spread] p1a,p1b
|-supereffective|p1b: Garchomp|1
|-damage|p1a: Farigiraf|50/100g
|-damage|p1b: Garchomp|0 fnt
|faint|p1b: Garchomp
|move|p1a: Farigiraf|Trick Room|p1a: Farigiraf
|-fieldstart|move: Trick Room|[of] p1a: Farigiraf
|
|upkeep
|
|t:|1783104151
|switch|p1b: Kingambit|Kingambit, L50, M|32/100
|turn|7
|
|t:|1783104155
|move|p1a: Farigiraf|Helping Hand|p1b: Kingambit
|-singleturn|p1b: Kingambit|Helping Hand|[of] p1a: Farigiraf
|move|p1b: Kingambit|Iron Head|p2a: Floette
|-supereffective|p2a: Floette|1
|-damage|p2a: Floette|0 fnt
|faint|p2a: Floette
|
|win|devil may larp
||devil may larp is ready for game 2.
||greater basilisk is ready for game 2.
|uhtml|next|Next: Game 2 of 3
