|j|☆endershovel
|j|☆DumbDerek
|html|endershovelDumbDerek    
|uhtml|bestof|Game 3 of a best-of-3
|t:|1783713346
|gametype|doubles
|player|p1|endershovel|ethan|1210
|player|p2|DumbDerek|blackbelt-gen4|1118
|gen|9
|tier|[Gen 9 Champions] VGC 2026 Reg M-B (Bo3)
|rated|
|rule|Species Clause: Limit one of each Pokémon
|rule|Item Clause: Limit 1 of each item
|clearpoke
|poke|p1|Starmie, L50, shiny|
|poke|p1|Sneasler, L50, M|
|poke|p1|Pelipper, L50, M|
|poke|p1|Archaludon, L50, F|
|poke|p1|Sinistcha-Masterpiece, L50|
|poke|p1|Kingambit, L50, F|
|poke|p2|Metagross, L50|
|poke|p2|Grimmsnarl, L50, M|
|poke|p2|Hydreigon, L50, F|
|poke|p2|Volcarona, L50, F|
|poke|p2|Sneasler, L50, F|
|poke|p2|Raichu, L50, M|
|teampreview|4
|showteam|p1|Starmie||Starminite|NaturalCure|Liquidation,ZenHeadbutt,AquaJet,Protect|Jolly|||||50|]Sneasler||WhiteHerb|Unburden|CloseCombat,DireClaw,Coaching,FakeOut|Adamant||M|||50|]Pelipper||SitrusBerry|Drizzle|Hurricane,MuddyWater,Tailwind,Protect|Modest||M|||50|]Archaludon||Leftovers|Stamina|ElectroShot,FlashCannon,DragonPulse,Protect|Modest||F|||50|]Sinistcha-Masterpiece||ColburBerry|Hospitality|MatchaGotcha,RagePowder,TrickRoom,Protect|Calm|||||50|]Kingambit||BlackGlasses|Defiant|KowtowCleave,SuckerPunch,SwordsDance,Protect|Adamant||F|||50|
|showteam|p2|Metagross||Metagrossite|ClearBody|MeteorMash,BulletPunch,PsychicFangs,Protect|Jolly|||||50|]Grimmsnarl||LightClay|Prankster|PartingShot,LightScreen,Reflect,SpiritBreak|Careful||M|||50|]Hydreigon||ChoiceScarf|Levitate|DarkPulse,DracoMeteor,Snarl,EarthPower|Timid||F|||50|]Volcarona||SitrusBerry|FlameBody|Tailwind,RagePowder,HeatWave,Whirlwind|Calm||F|||50|]Sneasler||WhiteHerb|Unburden|DireClaw,CloseCombat,FakeOut,RockSlide|Jolly||F|||50|]Raichu||RaichuniteY|LightningRod|FakeOut,ZapCannon,FocusBlast,Protect|Hasty||M|||50|
|
|t:|1783713369
|teamsize|p1|4
|teamsize|p2|4
|start
|switch|p1a: Sinistcha|Sinistcha-Masterpiece, L50|100/100
|switch|p1b: Pelipper|Pelipper, L50, M|100/100
|switch|p2a: Grimmsnarl|Grimmsnarl, L50, M|100/100
|switch|p2b: Volcarona|Volcarona, L50, F|100/100
|-weather|RainDance|[from] ability: Drizzle|[of] p1b: Pelipper
|turn|1
|
|t:|1783713382
|move|p2a: Grimmsnarl|Light Screen|p2a: Grimmsnarl
|-sidestart|p2: DumbDerek|move: Light Screen
|move|p2b: Volcarona|Heat Wave|p1b: Pelipper|[spread] p1a
|-miss|p2b: Volcarona|p1b: Pelipper
|-supereffective|p1a: Sinistcha|1
|-damage|p1a: Sinistcha|68/100
|move|p1b: Pelipper|Muddy Water|p2b: Volcarona|[spread] p2a,p2b
|-supereffective|p2b: Volcarona|1
|-damage|p2a: Grimmsnarl|79/100
|-damage|p2b: Volcarona|64/100
|-unboost|p2b: Volcarona|accuracy|1
|move|p1a: Sinistcha|Trick Room|p1a: Sinistcha
|-fieldstart|move: Trick Room|[of] p1a: Sinistcha
|
|-weather|RainDance|[upkeep]
|upkeep
|turn|2
|
|t:|1783713398
|switch|p1a: Archaludon|Archaludon, L50, F|100/100
|move|p2a: Grimmsnarl|Spirit Break|p1b: Pelipper
|-damage|p1b: Pelipper|69/100
|-unboost|p1b: Pelipper|spa|1
|move|p1b: Pelipper|Muddy Water|p2a: Grimmsnarl|[spread] p2a,p2b
|-supereffective|p2b: Volcarona|1
|-damage|p2a: Grimmsnarl|66/100
|-damage|p2b: Volcarona|43/100
|-enditem|p2b: Volcarona|Sitrus Berry|[eat]
|-heal|p2b: Volcarona|68/100|[from] item: Sitrus Berry
|move|p2b: Volcarona|Heat Wave|p1a: Archaludon|[spread] p1b
|-miss|p2b: Volcarona|p1a: Archaludon
|-resisted|p1b: Pelipper|1
|-damage|p1b: Pelipper|58/100
|
|-weather|RainDance|[upkeep]
|upkeep
|turn|3
|
|t:|1783713426
|move|p2a: Grimmsnarl|Spirit Break|p1a: Archaludon
|-damage|p1a: Archaludon|78/100
|-unboost|p1a: Archaludon|spa|1
|-ability|p1a: Archaludon|Stamina|boost
|-boost|p1a: Archaludon|def|1
|move|p1b: Pelipper|Muddy Water|p2b: Volcarona|[spread] p2a,p2b
|-supereffective|p2b: Volcarona|1
|-damage|p2a: Grimmsnarl|52/100
|-damage|p2b: Volcarona|44/100
|-unboost|p2a: Grimmsnarl|accuracy|1
|move|p1a: Archaludon|Flash Cannon|p2a: Grimmsnarl
|-supereffective|p2a: Grimmsnarl|1
|-damage|p2a: Grimmsnarl|24/100
|move|p2b: Volcarona|Heat Wave|p1b: Pelipper|[spread] p1a
|-miss|p2b: Volcarona|p1b: Pelipper
|-damage|p1a: Archaludon|59/100
|-ability|p1a: Archaludon|Stamina|boost
|-boost|p1a: Archaludon|def|1
|
|-weather|RainDance|[upkeep]
|-heal|p1a: Archaludon|65/100|[from] item: Leftovers
|upkeep
|turn|4
|
|t:|1783713447
|switch|p1a: Kingambit|Kingambit, L50, F|100/100
|switch|p2b: Hydreigon|Hydreigon, L50, F|100/100
|move|p2a: Grimmsnarl|Parting Shot|p1a: Kingambit
|-hint|Since gen 7, Dark is immune to Prankster moves.
|-immune|p1a: Kingambit
|move|p1b: Pelipper|Muddy Water|p2b: Hydreigon|[spread] p2b
|-miss|p1b: Pelipper|p2a: Grimmsnarl
|-resisted|p2b: Hydreigon|1
|-damage|p2b: Hydreigon|89/100
|
|-weather|RainDance|[upkeep]
|upkeep
|turn|5
|
|t:|1783713467
|switch|p1b: Sinistcha|Sinistcha-Masterpiece, L50|68/100
|move|p2a: Grimmsnarl|Parting Shot|p1b: Sinistcha|[miss]
|-miss|p2a: Grimmsnarl|p1b: Sinistcha
|move|p1a: Kingambit|Swords Dance|p1a: Kingambit
|-boost|p1a: Kingambit|atk|2
|move|p2b: Hydreigon|Earth Power|p1a: Kingambit
|-supereffective|p1a: Kingambit|1
|-damage|p1a: Kingambit|45/100
|-unboost|p1a: Kingambit|spd|1
|-ability|p1a: Kingambit|Defiant|boost
|-boost|p1a: Kingambit|atk|2
|
|-weather|none
|-fieldend|move: Trick Room
|upkeep
|turn|6
|
|t:|1783713487
|switch|p2a: Volcarona|Volcarona, L50, F|44/100
|move|p1a: Kingambit|Protect|p1a: Kingambit
|-singleturn|p1a: Kingambit|Protect
|move|p2b: Hydreigon|Earth Power|p1a: Kingambit
|-activate|p1a: Kingambit|move: Protect
|move|p1b: Sinistcha|Trick Room|p1b: Sinistcha
|-fieldstart|move: Trick Room|[of] p1b: Sinistcha
|
|upkeep
|turn|7
|
|t:|1783713500
|move|p1b: Sinistcha|Rage Powder|p1b: Sinistcha
|-singleturn|p1b: Sinistcha|move: Rage Powder
|move|p1a: Kingambit|Kowtow Cleave|p2a: Volcarona
|-damage|p2a: Volcarona|0 fnt
|faint|p2a: Volcarona
|move|p2b: Hydreigon|Earth Power|p1b: Sinistcha
|-resisted|p1b: Sinistcha|1
|-damage|p1b: Sinistcha|53/100
|
|upkeep
|
|t:|1783713512
|switch|p2a: Grimmsnarl|Grimmsnarl, L50, M|24/100
|turn|8
|
|t:|1783713518
|switch|p2b: Raichu|Raichu, L50, M|100/100
|move|p1b: Sinistcha|Rage Powder|p1b: Sinistcha
|-singleturn|p1b: Sinistcha|move: Rage Powder
|move|p2a: Grimmsnarl|Reflect|p2a: Grimmsnarl
|-sidestart|p2: DumbDerek|Reflect
|move|p1a: Kingambit|Kowtow Cleave|p2b: Raichu
|-damage|p2b: Raichu|0 fnt
|faint|p2b: Raichu
|
|-sideend|p2: DumbDerek|move: Light Screen
|upkeep
|
|t:|1783713524
|switch|p2b: Hydreigon|Hydreigon, L50, F|89/100
|turn|9
|
|t:|1783713545
|move|p1b: Sinistcha|Rage Powder|p1b: Sinistcha
|-singleturn|p1b: Sinistcha|move: Rage Powder
|move|p2a: Grimmsnarl|Light Screen|p2a: Grimmsnarl
|-sidestart|p2: DumbDerek|move: Light Screen
|move|p1a: Kingambit|Kowtow Cleave|p2b: Hydreigon
|-resisted|p2b: Hydreigon|1
|-damage|p2b: Hydreigon|22/100
|move|p2b: Hydreigon|Dark Pulse|p1b: Sinistcha
|-supereffective|p1b: Sinistcha|1
|-enditem|p1b: Sinistcha|Colbur Berry|[eat]
|-enditem|p1b: Sinistcha|Colbur Berry|[weaken]
|-damage|p1b: Sinistcha|12/100
|
|upkeep
|turn|10
|
|t:|1783713557
|move|p1a: Kingambit|Kowtow Cleave|p2b: Hydreigon
|-resisted|p2b: Hydreigon|1
|-damage|p2b: Hydreigon|0 fnt
|faint|p2b: Hydreigon
|move|p2a: Grimmsnarl|Spirit Break|p1a: Kingambit
|-crit|p1a: Kingambit
|-damage|p1a: Kingambit|14/100
|-unboost|p1a: Kingambit|spa|1
|-ability|p1a: Kingambit|Defiant|boost
|-boost|p1a: Kingambit|atk|2
|move|p1b: Sinistcha|Matcha Gotcha|p2a: Grimmsnarl|[miss]
|-miss|p1b: Sinistcha|p2a: Grimmsnarl
|
|-fieldend|move: Trick Room
|upkeep
|turn|11
|-message|DumbDerek forfeited.
|
|win|endershovel
|raw|endershovel's rating: 1210 → 1229(+19 for winning)
|raw|DumbDerek's rating: 1118 → 1099(-19 for losing)
|l|☆DumbDerek
|player|p2|
