|j|☆iamstrawberry93
|j|☆TheBallistic1
|html|iamstrawberry93TheBallistic1    
|uhtml|bestof|Game 2 of a best-of-3
|t:|1757230223
|gametype|doubles
|player|p1|iamstrawberry93|2|1125
|player|p2|TheBallistic1|265|1000
|gen|9
|tier|[Gen 9] VGC 2025 Reg H (Bo3)
|rated|
|rule|Species Clause: Limit one of each Pokémon
|rule|Item Clause: Limit 1 of each item
|clearpoke
|poke|p1|Ursaluna-Bloodmoon, L50, M|
|poke|p1|Sneasler, L50, M|
|poke|p1|Electabuzz, L50, M|
|poke|p1|Gholdengo, L50|
|poke|p1|Incineroar, L50, M|
|poke|p1|Dragonite, L50, F|
|poke|p2|Indeedee, L50, M|
|poke|p2|Sneasler, L50, M|
|poke|p2|Excadrill, L50, M|
|poke|p2|Magmar, L50, M|
|poke|p2|Tyranitar, L50, M|
|poke|p2|Corviknight, L50, F|
|teampreview|4
|showteam|p1|Ursaluna-Bloodmoon||AssaultVest|MindsEye|BloodMoon,HyperVoice,EarthPower,VacuumWave|||M|||50|,,,,,Normal]Sneasler||FocusSash|Unburden|DireClaw,FakeOut,CloseCombat,Protect|||M|||50|,,,,,Stellar]Electabuzz||Eviolite|VitalSpirit|FollowMe,Electroweb,Protect,Taunt|||M|||50|,,,,,Ghost]Gholdengo||LifeOrb|GoodasGold|MakeItRain,ShadowBall,NastyPlot,Protect||||||50|,,,,,Dragon]Incineroar||SafetyGoggles|Intimidate|FlareBlitz,KnockOff,PartingShot,FakeOut|||M|||50|,,,,,Water]Dragonite||LoadedDice|Multiscale|ScaleShot,Haze,Protect,Tailwind|||F|||50|,,,,,Fairy
|showteam|p2|Indeedee||ChoiceScarf|PsychicSurge|ExpandingForce,TeraBlast,Trick,Protect|||M|||50|,,,,,Ground]Sneasler||PsychicSeed|Unburden|ThroatChop,CloseCombat,DireClaw,Acrobatics|||M|||50|,,,,,Flying]Excadrill||FocusSash|SandRush|Earthquake,IronHead,SwordsDance,Protect|||M|||50|,,,,,Ground]Magmar||Eviolite|VitalSpirit|HeatWave,FollowMe,HelpingHand,Protect|||M|||50|,,,,,Flying]Tyranitar||AssaultVest|SandStream|RockSlide,KnockOff,LowKick,TeraBlast|||M|||50|,,,,,Flying]Corviknight||SitrusBerry|MirrorArmor|BraveBird,Roost,Tailwind,BulkUp|||F|||50|,,,,,Dragon
|inactive|Battle timer is ON: inactive players will automatically lose when time's up. (requested by iamstrawberry93)
|inactive|TheBallistic1 also wants the timer to be on.
|inactive|TheBallistic1 has 60 seconds left.
|
|t:|1757230258
|teamsize|p1|4
|teamsize|p2|4
|start
|switch|p1a: Ursaluna|Ursaluna-Bloodmoon, L50, M|100/100
|switch|p1b: Incineroar|Incineroar, L50, M|100/100
|switch|p2a: Indeedee|Indeedee, L50, M|100/100
|switch|p2b: Sneasler|Sneasler, L50, M|100/100
|-fieldstart|move: Psychic Terrain|[from] ability: Psychic Surge|[of] p2a: Indeedee
|-enditem|p2b: Sneasler|Psychic Seed
|-boost|p2b: Sneasler|spd|1|[from] item: Psychic Seed
|-ability|p1b: Incineroar|Intimidate|boost
|-unboost|p2a: Indeedee|atk|1
|-unboost|p2b: Sneasler|atk|1
|turn|1
|inactive|TheBallistic1 has 30 seconds left.
|inactive|TheBallistic1 has 20 seconds left.
|inactive|TheBallistic1 has 15 seconds left.
|
|t:|1757230298
|switch|p1a: Gholdengo|Gholdengo, L50, shiny|100/100
|-terastallize|p2b: Sneasler|Flying
|move|p2b: Sneasler|Close Combat|p1b: Incineroar
|-supereffective|p1b: Incineroar
|-damage|p1b: Incineroar|29/100
|-unboost|p2b: Sneasler|def|1
|-unboost|p2b: Sneasler|spd|1
|move|p2a: Indeedee|Expanding Force|p1b: Incineroar|[spread] p1a
|-immune|p1b: Incineroar
|-resisted|p1a: Gholdengo
|-damage|p1a: Gholdengo|75/100
|move|p1b: Incineroar|Knock Off|p2a: Indeedee
|-supereffective|p2a: Indeedee
|-damage|p2a: Indeedee|0 fnt
|-enditem|p2a: Indeedee|Choice Scarf|[from] move: Knock Off|[of] p1b: Incineroar
|faint|p2a: Indeedee
|
|upkeep
|
|t:|1757230313
|switch|p2a: Excadrill|Excadrill, L50, M|100/100
|turn|2
|
|t:|1757230330
|move|p1a: Gholdengo|Protect|p1a: Gholdengo
|-singleturn|p1a: Gholdengo|Protect
|move|p2b: Sneasler|Throat Chop|p1a: Gholdengo
|-activate|p1a: Gholdengo|move: Protect
|move|p2a: Excadrill|Earthquake|p1b: Incineroar|[spread] p1b
|-activate|p1a: Gholdengo|move: Protect
|-immune|p2b: Sneasler
|-supereffective|p1b: Incineroar
|-damage|p1b: Incineroar|0 fnt
|faint|p1b: Incineroar
|
|upkeep
|
|t:|1757230339
|switch|p1b: Electabuzz|Electabuzz, L50, M|100/100
|turn|3
|
|t:|1757230347
|-terastallize|p1a: Gholdengo|Dragon
|move|p1b: Electabuzz|Follow Me|p1b: Electabuzz
|-singleturn|p1b: Electabuzz|move: Follow Me
|move|p2b: Sneasler|Throat Chop|p1b: Electabuzz
|-damage|p1b: Electabuzz|80/100
|-start|p1b: Electabuzz|Throat Chop|[silent]
|move|p1a: Gholdengo|Make It Rain|p2a: Excadrill|[spread] p2a,p2b
|-resisted|p2a: Excadrill
|-damage|p2a: Excadrill|63/100
|-damage|p2b: Sneasler|30/100
|-unboost|p1a: Gholdengo|spa|1
|-damage|p1a: Gholdengo|65/100|[from] item: Life Orb
|move|p2a: Excadrill|Earthquake|p1b: Electabuzz|[spread] p1a,p1b
|-immune|p2b: Sneasler
|-supereffective|p1b: Electabuzz
|-damage|p1a: Gholdengo|19/100
|-damage|p1b: Electabuzz|0 fnt
|faint|p1b: Electabuzz
|
|upkeep
|
|t:|1757230364
|switch|p1b: Ursaluna|Ursaluna-Bloodmoon, L50, M|100/100
|turn|4
|
|t:|1757230385
|move|p1a: Gholdengo|Protect|p1a: Gholdengo
|-singleturn|p1a: Gholdengo|Protect
|move|p2b: Sneasler|Dire Claw|p1a: Gholdengo
|-activate|p1a: Gholdengo|move: Protect
|move|p2a: Excadrill|Earthquake|p1a: Gholdengo|[spread] p1b
|-activate|p1a: Gholdengo|move: Protect
|-immune|p2b: Sneasler
|-damage|p1b: Ursaluna|68/100
|move|p1b: Ursaluna|Hyper Voice|p2b: Sneasler|[spread] p2a,p2b
|-resisted|p2a: Excadrill
|-crit|p2a: Excadrill
|-damage|p2a: Excadrill|22/100
|-damage|p2b: Sneasler|0 fnt
|faint|p2b: Sneasler
|
|upkeep
|
|t:|1757230390
|switch|p2b: Tyranitar|Tyranitar, L50, M|100/100
|-weather|Sandstorm|[from] ability: Sand Stream|[of] p2b: Tyranitar
|turn|5
|
|t:|1757230409
|move|p2a: Excadrill|Protect|p2a: Excadrill
|-singleturn|p2a: Excadrill|Protect
|move|p1a: Gholdengo|Make It Rain|p2a: Excadrill|[spread] p2b
|-activate|p2a: Excadrill|move: Protect
|-supereffective|p2b: Tyranitar
|-damage|p2b: Tyranitar|67/100
|-unboost|p1a: Gholdengo|spa|1
|-damage|p1a: Gholdengo|9/100|[from] item: Life Orb
|move|p1b: Ursaluna|Earth Power|p2b: Tyranitar
|-supereffective|p2b: Tyranitar
|-damage|p2b: Tyranitar|29/100
|move|p2b: Tyranitar|Rock Slide|p1a: Gholdengo|[spread] p1a,p1b
|-resisted|p1b: Ursaluna
|-damage|p1a: Gholdengo|0 fnt
|-damage|p1b: Ursaluna|55/100
|faint|p1a: Gholdengo
|
|-weather|Sandstorm|[upkeep]
|-fieldend|move: Psychic Terrain
|upkeep
|turn|6
|
|t:|1757230420
|move|p1b: Ursaluna|Vacuum Wave|p2a: Excadrill
|-supereffective|p2a: Excadrill
|-damage|p2a: Excadrill|0 fnt
|faint|p2a: Excadrill
|move|p2b: Tyranitar|Low Kick|p1b: Ursaluna
|-supereffective|p1b: Ursaluna
|-damage|p1b: Ursaluna|0 fnt
|faint|p1b: Ursaluna
|
|win|TheBallistic1
|raw|iamstrawberry93's rating: 1125 → 1091(-34 for losing)
|raw|TheBallistic1's rating: 1000 → 1054(+54 for winning)
