|j|☆67Mangos
|j|☆Sonja Hilmer
|html|67MangosSonja Hilmer    
|uhtml|bestof|Game 2 of a best-of-3
|t:|1756403823
|gametype|doubles
|player|p1|67Mangos|hiker-gen4|1501
|player|p2|Sonja Hilmer|lady|1579
|gen|9
|tier|[Gen 9] VGC 2025 Reg H (Bo3)
|rated|
|rule|Species Clause: Limit one of each Pokémon
|rule|Item Clause: Limit 1 of each item
|clearpoke
|poke|p1|Kingambit, L50, M|
|poke|p1|Rillaboom, L50, F|
|poke|p1|Sneasler, L50, F|
|poke|p1|Dragonite, L50, F|
|poke|p1|Magmar, L50, F|
|poke|p1|Primarina, L50, M|
|poke|p2|Dachsbun, L50, F|
|poke|p2|Typhlosion-Hisui, L50, F|
|poke|p2|Kingambit, L50, M|
|poke|p2|Jumpluff, L50, F|
|poke|p2|Rillaboom, L50, M|
|poke|p2|Torkoal, L50, F|
|teampreview|4
|showteam|p1|Kingambit||BlackGlasses|Defiant|KowtowCleave,SuckerPunch,SwordsDance,Protect|||M|||50|,,,,,Dark]Rillaboom||AssaultVest|GrassySurge|WoodHammer,FakeOut,GrassyGlide,HighHorsepower|||F|||50|,,,,,Fire]Sneasler||FocusSash|Unburden|CloseCombat,DireClaw,Coaching,Protect|||F|||50|,,,,,Stellar]Dragonite||LoadedDice|Multiscale|ScaleShot,ExtremeSpeed,Tailwind,Protect|||F|||50|,,,,,Fairy]Magmar||Eviolite|VitalSpirit|BurningJealousy,FollowMe,Taunt,Protect|||F|||50|,,,,,Ghost]Primarina||LifeOrb|LiquidVoice|HyperVoice,Moonblast,Haze,Protect|||M|||50|,,,,,Poison
|showteam|p2|Dachsbun||Leftovers|WellBakedBody|BodyPress,Snarl,HelpingHand,Protect|||F|||50|,,,,,Steel]Typhlosion-Hisui||ChoiceSpecs|Blaze|Eruption,LavaPlume,Overheat,ShadowBall|||F|||50|,,,,,Fire]Kingambit||SafetyGoggles|Defiant|Protect,KowtowCleave,SuckerPunch,SwordsDance|||M|||50|,,,,,Dark]Jumpluff||CovertCloak|Chlorophyll|SleepPowder,SunnyDay,RagePowder,Tailwind|||F|||50|,,,,,Water]Rillaboom||AssaultVest|GrassySurge|WoodHammer,GrassyGlide,FakeOut,HighHorsepower|||M|||50|,,,,,Water]Torkoal||SitrusBerry|Drought|HeatWave,LavaPlume,ClearSmog,Protect|||F|||50|,,,,,Fairy
|inactive|Battle timer is ON: inactive players will automatically lose when time's up. (requested by Sonja Hilmer)
|c|☆67Mangos|are u planning on taking this to an event?
|c|☆67Mangos|ur rating would suggest it
|inactive|67Mangos has 60 seconds left.
|inactive|Sonja Hilmer has 60 seconds left.
|c|☆Sonja Hilmer|🤐
|inactive|Sonja Hilmer has 30 seconds left.
|c|☆Sonja Hilmer|ye i need to be more sneaky
|inactive|Sonja Hilmer has 20 seconds left.
|
|t:|1756403897
|teamsize|p1|4
|teamsize|p2|4
|start
|switch|p1a: Primarina|Primarina, L50, M|100/100
|switch|p1b: Magmar|Magmar, L50, F|100/100
|switch|p2a: Typhlosion|Typhlosion-Hisui, L50, F|100/100
|switch|p2b: Torkoal|Torkoal, L50, F|100/100
|-weather|SunnyDay|[from] ability: Drought|[of] p2b: Torkoal
|turn|1
|
|t:|1756403917
|switch|p2a: Dachsbun|Dachsbun, L50, F|100/100
|-terastallize|p2b: Torkoal|Fairy
|move|p1b: Magmar|Protect|p1b: Magmar
|-singleturn|p1b: Magmar|Protect
|move|p1a: Primarina|Hyper Voice|p2b: Torkoal|[spread] p2a,p2b
|-damage|p2a: Dachsbun|69/100
|-damage|p2b: Torkoal|74/100
|-damage|p1a: Primarina|91/100|[from] item: Life Orb
|move|p2b: Torkoal|Lava Plume|p1b: Magmar|[spread] p1a
|-activate|p1b: Magmar|move: Protect
|-ability|p2a: Dachsbun|Well-Baked Body|boost
|-boost|p2a: Dachsbun|def|2
|-resisted|p1a: Primarina
|-damage|p1a: Primarina|80/100
|
|-weather|SunnyDay|[upkeep]
|-heal|p2a: Dachsbun|75/100|[from] item: Leftovers
|upkeep
|turn|2
|
|t:|1756403928
|move|p2a: Dachsbun|Body Press|p1b: Magmar
|-damage|p1b: Magmar|62/100
|move|p1b: Magmar|Burning Jealousy|p2b: Torkoal|[spread] p2b
|-ability|p2a: Dachsbun|Well-Baked Body|boost
|-boost|p2a: Dachsbun|def|2
|-damage|p2b: Torkoal|48/100
|-enditem|p2b: Torkoal|Sitrus Berry|[eat]
|-heal|p2b: Torkoal|73/100|[from] item: Sitrus Berry
|move|p1a: Primarina|Moonblast|p2b: Torkoal
|-damage|p2b: Torkoal|1/100
|-damage|p1a: Primarina|70/100|[from] item: Life Orb
|move|p2b: Torkoal|Lava Plume|p1b: Magmar|[spread] p1a,p1b
|-ability|p2a: Dachsbun|Well-Baked Body|boost
|-boost|p2a: Dachsbun|def|2
|-resisted|p1a: Primarina
|-resisted|p1b: Magmar
|-damage|p1a: Primarina|58/100
|-damage|p1b: Magmar|53/100
|-status|p1a: Primarina|brn
|
|-weather|SunnyDay|[upkeep]
|-heal|p2a: Dachsbun|81/100|[from] item: Leftovers
|-damage|p1a: Primarina|52/100 brn|[from] brn
|upkeep
|turn|3
|
|t:|1756403941
|move|p2a: Dachsbun|Body Press|p1a: Primarina
|-resisted|p1a: Primarina
|-damage|p1a: Primarina|0 fnt
|faint|p1a: Primarina
|move|p1b: Magmar|Burning Jealousy|p2b: Torkoal|[spread] p2b
|-immune|p2a: Dachsbun|[from] ability: Well-Baked Body
|-damage|p2b: Torkoal|0 fnt
|faint|p2b: Torkoal
|
|-weather|SunnyDay|[upkeep]
|-heal|p2a: Dachsbun|87/100|[from] item: Leftovers
|upkeep
|
|t:|1756403951
|switch|p1a: Kingambit|Kingambit, L50, M|100/100
|switch|p2b: Rillaboom|Rillaboom, L50, M|100/100
|-fieldstart|move: Grassy Terrain|[from] ability: Grassy Surge|[of] p2b: Rillaboom
|turn|4
|
|t:|1756403963
|switch|p1b: Sneasler|Sneasler, L50, F|100/100
|move|p1a: Kingambit|Protect|p1a: Kingambit
|-singleturn|p1a: Kingambit|Protect
|move|p2b: Rillaboom|Fake Out|p1a: Kingambit
|-activate|p1a: Kingambit|move: Protect
|move|p2a: Dachsbun|Body Press|p1b: Sneasler
|-resisted|p1b: Sneasler
|-damage|p1b: Sneasler|15/100
|
|-weather|SunnyDay|[upkeep]
|-heal|p1b: Sneasler|21/100|[from] Grassy Terrain
|-heal|p2a: Dachsbun|93/100|[from] Grassy Terrain
|-heal|p2a: Dachsbun|99/100|[from] item: Leftovers
|upkeep
|turn|5
|inactive|67Mangos has 30 seconds left.
|inactive|67Mangos has 20 seconds left.
|inactive|67Mangos has 15 seconds left.
|inactive|67Mangos has 10 seconds left.
|
|t:|1756404011
|-terastallize|p1a: Kingambit|Dark
|move|p2b: Rillaboom|Grassy Glide|p1b: Sneasler
|-resisted|p1b: Sneasler
|-damage|p1b: Sneasler|0 fnt
|faint|p1b: Sneasler
|move|p2a: Dachsbun|Body Press|p1a: Kingambit
|-supereffective|p1a: Kingambit
|-damage|p1a: Kingambit|0 fnt
|faint|p1a: Kingambit
|
|-weather|none
|-heal|p2a: Dachsbun|100/100|[from] Grassy Terrain
|upkeep
|
|t:|1756404024
|switch|p1a: Magmar|Magmar, L50, F|53/100
|turn|6
|c|☆67Mangos|well I hope top see this dominating Pittsburgh or the EU one
|
|t:|1756404048
|move|p2a: Dachsbun|Body Press|p1a: Magmar
|-damage|p1a: Magmar|0 fnt
|faint|p1a: Magmar
|
|win|Sonja Hilmer
|raw|67Mangos's rating: 1501 → 1485(-16 for losing)
|raw|Sonja Hilmer's rating: 1579 → 1595(+16 for winning)
|c|☆Sonja Hilmer|i hope it too
|c|☆67Mangos|super cool stuff
|c|☆Sonja Hilmer|ty!
|c|☆67Mangos|I was just tilted cuz I keep losing to weird shit but its objectively a super sick team lol
|c|☆Sonja Hilmer|ye it happened the same to me the other day too lol
|c|☆Sonja Hilmer|i was on a loss streak than i met a guy with eegutor alola
|c|☆Sonja Hilmer|and i untilted
|c|☆67Mangos|lmao
