|j|☆2BStellar
|j|☆latios66
|html|2BStellarlatios66    
|uhtml|bestof|Game 2 of a best-of-3
|t:|1785957663
|gametype|doubles
|player|p1|2BStellar|hilbert-wonderlauncher|
|player|p2|latios66|2|
|gen|9
|tier|[Gen 9 Champions] VGC 2026 Reg M-B (Bo3)
|rule|Species Clause: Limit one of each Pokémon
|rule|Item Clause: Limit 1 of each item
|clearpoke
|poke|p1|Sylveon, L50, F, shiny|
|poke|p1|Garchomp, L50, M, shiny|
|poke|p1|Kingambit, L50, M, shiny|
|poke|p1|Charizard, L50, M, shiny|
|poke|p1|Aerodactyl, L50, M, shiny|
|poke|p1|Farigiraf, L50, F, shiny|
|poke|p2|Meganium, L50, M|
|poke|p2|Skeledirge, L50, F, shiny|
|poke|p2|Kingambit, L50, M|
|poke|p2|Aerodactyl, L50, M, shiny|
|poke|p2|Sneasler, L50, M|
|poke|p2|Basculegion, L50, M|
|teampreview|4
|showteam|p1|Sylveon||FairyFeather|Pixilate|Detect,HyperVoice,QuickAttack,HyperBeam|Modest||F|||50|]Garchomp||ChoiceScarf|RoughSkin|StompingTantrum,Earthquake,DragonClaw,StoneEdge|Adamant||M|||50|]Kingambit||LifeOrb|Defiant|SuckerPunch,KowtowCleave,IronHead,BrickBreak|Adamant||M|||50|]Charizard||CharizarditeY|Blaze|Protect,HeatWave,SolarBeam,WeatherBall|Modest||M|||50|]Aerodactyl||Aerodactylite|RockHead|Tailwind,RockSlide,WideGuard,DualWingbeat|Jolly||M|||50|]Farigiraf||SitrusBerry|ArmorTail|Protect,Thunderbolt,TwinBeam,TrickRoom|Bold||F|||50|
|showteam|p2|Meganium||Meganiumite|LeafGuard|SolarBeam,DazzlingGleam,WeatherBall,Protect|Timid||M|||50|]Skeledirge||Leftovers|Unaware|TorchSong,EarthPower,WillOWisp,SlackOff|Calm||F|||50|]Kingambit||BlackGlasses|Defiant|KowtowCleave,SuckerPunch,SwordsDance,Protect|Adamant||M|||50|]Aerodactyl||Aerodactylite|Unnerve|Tailwind,IceFang,RockSlide,DualWingbeat|Jolly||M|||50|]Sneasler||FocusSash|PoisonTouch|FakeOut,DireClaw,CloseCombat,QuickGuard|Jolly||M|||50|]Basculegion||LifeOrb|Adaptability|WaveCrash,LastRespects,Protect,AquaJet|Adamant||M|||50|
|inactive|Battle timer is ON: inactive players will automatically lose when time's up. (requested by latios66)
|inactive|2BStellar has 60 seconds left.
|inactive|latios66 has 60 seconds left.
|inactive|2BStellar has 30 seconds left.
|inactive|latios66 has 30 seconds left.
|
|t:|1785957754
|teamsize|p1|4
|teamsize|p2|4
|start
|switch|p1a: AAAAAA|Aerodactyl, L50, M, shiny|100/100
|switch|p1b: e4e5f4|Kingambit, L50, M, shiny|100/100
|switch|p2a: Aerodactyl|Aerodactyl, L50, M, shiny|100/100
|switch|p2b: Basculegion|Basculegion, L50, M|100/100
|-ability|p2a: Aerodactyl|Unnerve
|turn|1
|inactive|2BStellar has 30 seconds left.
|inactive|latios66 has 30 seconds left.
|inactive|2BStellar has 20 seconds left.
|
|t:|1785957791
|switch|p2b: Sneasler|Sneasler, L50, M|100/100
|detailschange|p2a: Aerodactyl|Aerodactyl-Mega, L50, M, shiny
|-mega|p2a: Aerodactyl|Aerodactyl|Aerodactylite
|detailschange|p1a: AAAAAA|Aerodactyl-Mega, L50, M, shiny
|-mega|p1a: AAAAAA|Aerodactyl|Aerodactylite
|move|p1b: e4e5f4|Sucker Punch||[still]
|-fail|p1b: e4e5f4
|move|p1a: AAAAAA|Tailwind|p1a: AAAAAA
|-sidestart|p1: 2BStellar|move: Tailwind
|move|p2a: Aerodactyl|Rock Slide|p1b: e4e5f4|[spread] p1a,p1b
|-supereffective|p1a: AAAAAA|1
|-resisted|p1b: e4e5f4|1
|-damage|p1a: AAAAAA|21/100
|-damage|p1b: e4e5f4|88/100
|
|upkeep
|turn|2
|inactive|2BStellar has 30 seconds left.
|
|t:|1785957817
|move|p2b: Sneasler|Fake Out|p1a: AAAAAA
|-resisted|p1a: AAAAAA|1
|-damage|p1a: AAAAAA|12/100
|cant|p1a: AAAAAA|flinch
|move|p2a: Aerodactyl|Tailwind|p2a: Aerodactyl
|-sidestart|p2: latios66|move: Tailwind
|move|p1b: e4e5f4|Iron Head|p2a: Aerodactyl
|-supereffective|p2a: Aerodactyl|1
|-crit|p2a: Aerodactyl
|-damage|p2a: Aerodactyl|0 fnt
|faint|p2a: Aerodactyl
|-damage|p1b: e4e5f4|79/100|[from] item: Life Orb
|
|upkeep
|
|t:|1785957829
|switch|p2a: Kingambit|Kingambit, L50, M|100/100
|turn|3
|
|t:|1785957847
|move|p2a: Kingambit|Sucker Punch|p1a: AAAAAA
|-damage|p1a: AAAAAA|0 fnt
|faint|p1a: AAAAAA
|move|p2b: Sneasler|Close Combat|p1b: e4e5f4
|-supereffective|p1b: e4e5f4|2
|-damage|p1b: e4e5f4|0 fnt
|-unboost|p2b: Sneasler|def|1
|-unboost|p2b: Sneasler|spd|1
|faint|p1b: e4e5f4
|
|upkeep
|
|t:|1785957858
|switch|p1a: giraf|Farigiraf, L50, F, shiny|100/100
|switch|p1b: piano|Garchomp, L50, M, shiny|100/100
|turn|4
|
|t:|1785957881
|move|p1b: piano|Earthquake|p2b: Sneasler|[spread] p1a,p2a,p2b
|-supereffective|p2a: Kingambit|1
|-supereffective|p2b: Sneasler|1
|-damage|p1a: giraf|65/100
|-damage|p2a: Kingambit|41/100
|-enditem|p2b: Sneasler|Focus Sash
|-damage|p2b: Sneasler|1/100
|move|p2b: Sneasler|Close Combat|p1b: piano
|-damage|p1b: piano|40/100
|-unboost|p2b: Sneasler|def|1
|-unboost|p2b: Sneasler|spd|1
|-damage|p2b: Sneasler|0 fnt|[from] ability: Rough Skin|[of] p1b: piano
|faint|p2b: Sneasler
|move|p1a: giraf|Thunderbolt|p2a: Kingambit
|-damage|p2a: Kingambit|20/100y
|move|p2a: Kingambit|Kowtow Cleave|p1b: piano
|-damage|p1b: piano|0 fnt
|-damage|p2a: Kingambit|8/100|[from] ability: Rough Skin|[of] p1b: piano
|faint|p1b: piano
|
|-sideend|p1: 2BStellar|move: Tailwind
|upkeep
|
|t:|1785957899
|switch|p2b: Basculegion|Basculegion, L50, M|100/100
|turn|5
|inactive|2BStellar has 30 seconds left.
|inactive|2BStellar has 20 seconds left.
|
|t:|1785957939
|move|p2b: Basculegion|Wave Crash|p1a: giraf
|-damage|p1a: giraf|0 fnt
|faint|p1a: giraf
|-damage|p2b: Basculegion|77/100|[from] Recoil
|-damage|p2b: Basculegion|67/100|[from] item: Life Orb
|
|win|latios66
||2BStellar is ready for game 3.
||latios66 is ready for game 3.
|uhtml|next|Next: Game 3 of 3
