|j|☆ortainee
|j|☆pgoiko
|html|ortaineepgoiko    
|uhtml|bestof|Game 1 of a best-of-3
|t:|1757659287
|gametype|doubles
|player|p1|ortainee|grimsley-gen7|1266
|player|p2|pgoiko|169|1221
|gen|9
|tier|[Gen 9] VGC 2025 Reg H (Bo3)
|rated|
|rule|Species Clause: Limit one of each Pokémon
|rule|Item Clause: Limit 1 of each item
|clearpoke
|poke|p1|Dragonite, L50, F|
|poke|p1|Gholdengo, L50|
|poke|p1|Rillaboom, L50, F|
|poke|p1|Ursaluna-Bloodmoon, L50, M|
|poke|p1|Maushold-Four, L50|
|poke|p1|Annihilape, L50, F|
|poke|p2|Indeedee-F, L50, F|
|poke|p2|Armarouge, L50, M|
|poke|p2|Torkoal, L50, F|
|poke|p2|Ursaluna, L50, F|
|poke|p2|Hatterene, L50, F|
|poke|p2|Lilligant-Hisui, L50, F|
|teampreview|4
|showteam|p1|Dragonite||LoadedDice|Multiscale|Tailwind,Haze,Protect,ScaleShot|||F|||50|,,,,,Fairy]Gholdengo||LifeOrb|GoodasGold|MakeItRain,ShadowBall,NastyPlot,Protect||||||50|,,,,,Water]Rillaboom||MiracleSeed|GrassySurge|WoodHammer,GrassyGlide,FakeOut,HighHorsepower|||F|||50|,,,,,Fire]Ursaluna-Bloodmoon||AssaultVest|MindsEye|BloodMoon,EarthPower,HyperVoice,VacuumWave|||M|||50|,,,,,Water]Maushold-Four||FocusSash|FriendGuard|SuperFang,FollowMe,BeatUp,Protect||||||50|,,,,,Ghost]Annihilape||SitrusBerry|Defiant|RageFist,DrainPunch,BulkUp,Protect|||F|||50|,,,,,Fire
|showteam|p2|Indeedee-F||RockyHelmet|PsychicSurge|Psychic,HelpingHand,FollowMe,TrickRoom|||F|||50|,,,,,Grass]Armarouge||PowerHerb|FlashFire|ExpandingForce,ArmorCannon,MeteorBeam,TrickRoom|||M|||50|,,,,,Grass]Torkoal||Charcoal|Drought|Eruption,WeatherBall,HeatWave,Protect|||F|||50|,,,,,Fire]Ursaluna||FlameOrb|Guts|Facade,HeadlongRush,Substitute,Protect|||F|||50|,,,,,Ghost]Hatterene||LifeOrb|MagicBounce|ExpandingForce,DazzlingGleam,TrickRoom,Protect|||F|||50|,,,,,Psychic]Lilligant-Hisui||FocusSash|Chlorophyll|SolarBlade,CloseCombat,SleepPowder,AfterYou|||F|||50|,,,,,Ghost
|inactive|Battle timer is ON: inactive players will automatically lose when time's up. (requested by ortainee)
|inactive|ortainee has 60 seconds left.
|
|t:|1757659332
|teamsize|p1|4
|teamsize|p2|4
|start
|switch|p1a: Gholdengo|Gholdengo, L50|100/100
|switch|p1b: Dragonite|Dragonite, L50, F|100/100
|switch|p2a: Torkoal|Torkoal, L50, F|100/100
|switch|p2b: Lilligant|Lilligant-Hisui, L50, F|100/100
|-weather|SunnyDay|[from] ability: Drought|[of] p2a: Torkoal
|turn|1
|inactive|ortainee has 30 seconds left.
|inactive|ortainee has 20 seconds left.
|inactive|ortainee has 15 seconds left.
|inactive|ortainee has 10 seconds left.
|inactive|ortainee has 5 seconds left.
|
|t:|1757659385
|-terastallize|p1a: Gholdengo|Water
|move|p1b: Dragonite|Protect|p1b: Dragonite
|-singleturn|p1b: Dragonite|Protect
|move|p2a: Torkoal|Protect|p2a: Torkoal
|-singleturn|p2a: Torkoal|Protect
|move|p2b: Lilligant|Sleep Powder|p1b: Dragonite
|-activate|p1b: Dragonite|move: Protect
|move|p1a: Gholdengo|Shadow Ball|p2a: Torkoal
|-activate|p2a: Torkoal|move: Protect
|
|-weather|SunnyDay|[upkeep]
|upkeep
|turn|2
|inactive|ortainee has 30 seconds left.
|inactive|pgoiko has 30 seconds left.
|
|t:|1757659413
|switch|p1a: Rillaboom|Rillaboom, L50, F|100/100
|-fieldstart|move: Grassy Terrain|[from] ability: Grassy Surge|[of] p1a: Rillaboom
|switch|p2a: Indeedee|Indeedee-F, L50, F|100/100
|-fieldstart|move: Psychic Terrain|[from] ability: Psychic Surge|[of] p2a: Indeedee
|move|p2b: Lilligant|Sleep Powder|p1b: Dragonite
|-status|p1b: Dragonite|slp|[from] move: Sleep Powder
|cant|p1b: Dragonite|slp
|
|-weather|SunnyDay|[upkeep]
|upkeep
|turn|3
|inactive|pgoiko has 30 seconds left.
|
|t:|1757659441
|switch|p2b: Armarouge|Armarouge, L50, M|100/100
|-curestatus|p1b: Dragonite|slp|[msg]
|move|p1b: Dragonite|Scale Shot|p2a: Indeedee|[miss]
|-miss|p1b: Dragonite|p2a: Indeedee
|move|p1a: Rillaboom|Wood Hammer|p2a: Indeedee
|-damage|p2a: Indeedee|28/100
|-damage|p1a: Rillaboom|84/100|[from] item: Rocky Helmet|[of] p2a: Indeedee
|-damage|p1a: Rillaboom|63/100|[from] Recoil
|move|p2a: Indeedee|Trick Room|p2a: Indeedee
|-fieldstart|move: Trick Room|[of] p2a: Indeedee
|
|-weather|SunnyDay|[upkeep]
|upkeep
|turn|4
|inactive|pgoiko has 30 seconds left.
|
|t:|1757659470
|switch|p1a: Gholdengo|Gholdengo, L50, tera:Water|100/100
|-terastallize|p2b: Armarouge|Grass
|move|p2a: Indeedee|Helping Hand|p2b: Armarouge
|-singleturn|p2b: Armarouge|Helping Hand|[of] p2a: Indeedee
|move|p2b: Armarouge|Meteor Beam||[still]
|-prepare|p2b: Armarouge|Meteor Beam
|-boost|p2b: Armarouge|spa|1
|-enditem|p2b: Armarouge|Power Herb
|-anim|p2b: Armarouge|Meteor Beam|p1b: Dragonite
|-supereffective|p1b: Dragonite
|-damage|p1b: Dragonite|0 fnt
|faint|p1b: Dragonite
|
|-weather|SunnyDay|[upkeep]
|upkeep
|
|t:|1757659486
|switch|p1b: Rillaboom|Rillaboom, L50, F|63/100
|-fieldstart|move: Grassy Terrain|[from] ability: Grassy Surge|[of] p1b: Rillaboom
|turn|5
|inactive|pgoiko has 30 seconds left.
|
|t:|1757659515
|move|p1b: Rillaboom|Fake Out|p2b: Armarouge
|-damage|p2b: Armarouge|87/100
|move|p2a: Indeedee|Follow Me|p2a: Indeedee
|-singleturn|p2a: Indeedee|move: Follow Me
|cant|p2b: Armarouge|flinch
|move|p1a: Gholdengo|Make It Rain|p2b: Armarouge|[spread] p2a,p2b
|-damage|p2a: Indeedee|0 fnt
|-damage|p2b: Armarouge|24/100
|-unboost|p1a: Gholdengo|spa|1
|faint|p2a: Indeedee
|-damage|p1a: Gholdengo|91/100|[from] item: Life Orb
|
|-weather|none
|-heal|p2b: Armarouge|30/100|[from] Grassy Terrain
|-heal|p1b: Rillaboom|69/100|[from] Grassy Terrain
|-heal|p1a: Gholdengo|97/100|[from] Grassy Terrain
|upkeep
|
|t:|1757659527
|switch|p2a: Torkoal|Torkoal, L50, F|100/100
|-weather|SunnyDay|[from] ability: Drought|[of] p2a: Torkoal
|turn|6
|
|t:|1757659544
|switch|p1b: Ursaluna|Ursaluna-Bloodmoon, L50, M|100/100
|move|p1a: Gholdengo|Protect|p1a: Gholdengo
|-singleturn|p1a: Gholdengo|Protect
|move|p2a: Torkoal|Eruption|p1a: Gholdengo|[spread] p1b
|-activate|p1a: Gholdengo|move: Protect
|-damage|p1b: Ursaluna|48/100
|move|p2b: Armarouge|Expanding Force|p1a: Gholdengo
|-activate|p1a: Gholdengo|move: Protect
|
|-weather|SunnyDay|[upkeep]
|-heal|p2b: Armarouge|36/100|[from] Grassy Terrain
|-heal|p1b: Ursaluna|54/100|[from] Grassy Terrain
|-heal|p1a: Gholdengo|100/100|[from] Grassy Terrain
|upkeep
|turn|7
|
|t:|1757659566
|move|p1a: Gholdengo|Protect|p1a: Gholdengo
|-singleturn|p1a: Gholdengo|Protect
|move|p1b: Ursaluna|Vacuum Wave|p2a: Torkoal
|-damage|p2a: Torkoal|81/100
|move|p2a: Torkoal|Eruption|p1b: Ursaluna|[spread] p1b
|-activate|p1a: Gholdengo|move: Protect
|-damage|p1b: Ursaluna|7/100
|move|p2b: Armarouge|Expanding Force|p1a: Gholdengo
|-activate|p1a: Gholdengo|move: Protect
|
|-weather|SunnyDay|[upkeep]
|-heal|p2a: Torkoal|87/100|[from] Grassy Terrain
|-heal|p2b: Armarouge|42/100|[from] Grassy Terrain
|-heal|p1b: Ursaluna|13/100|[from] Grassy Terrain
|-fieldend|move: Trick Room
|upkeep
|turn|8
|
|t:|1757659587
|move|p1a: Gholdengo|Shadow Ball|p2b: Armarouge
|-damage|p2b: Armarouge|3/100
|-damage|p1a: Gholdengo|91/100|[from] item: Life Orb
|move|p1b: Ursaluna|Earth Power|p2a: Torkoal
|-supereffective|p2a: Torkoal
|-damage|p2a: Torkoal|0 fnt
|faint|p2a: Torkoal
|move|p2b: Armarouge|Expanding Force|p1a: Gholdengo
|-damage|p1a: Gholdengo|23/100
|
|-weather|SunnyDay|[upkeep]
|-heal|p1a: Gholdengo|29/100|[from] Grassy Terrain
|-heal|p1b: Ursaluna|19/100|[from] Grassy Terrain
|-heal|p2b: Armarouge|8/100|[from] Grassy Terrain
|upkeep
|
|t:|1757659602
|switch|p2a: Lilligant|Lilligant-Hisui, L50, F|100/100
|turn|9
|
|t:|1757659620
|move|p1b: Ursaluna|Vacuum Wave|p2b: Armarouge
|-damage|p2b: Armarouge|0 fnt
|faint|p2b: Armarouge
|move|p2a: Lilligant|Solar Blade||[still]
|-prepare|p2a: Lilligant|Solar Blade
|-anim|p2a: Lilligant|Solar Blade|p1b: Ursaluna
|-supereffective|p1b: Ursaluna
|-damage|p1b: Ursaluna|0 fnt
|faint|p1b: Ursaluna
|move|p1a: Gholdengo|Shadow Ball|p2a: Lilligant
|-damage|p2a: Lilligant|52/100
|-damage|p1a: Gholdengo|20/100|[from] item: Life Orb
|
|-weather|SunnyDay|[upkeep]
|-heal|p2a: Lilligant|58/100|[from] Grassy Terrain
|-heal|p1a: Gholdengo|26/100|[from] Grassy Terrain
|-fieldend|move: Grassy Terrain
|upkeep
|
|t:|1757659631
|switch|p1b: Rillaboom|Rillaboom, L50, F|69/100
|-fieldstart|move: Grassy Terrain|[from] ability: Grassy Surge|[of] p1b: Rillaboom
|turn|10
|
|t:|1757659645
|move|p1a: Gholdengo|Protect|p1a: Gholdengo
|-singleturn|p1a: Gholdengo|Protect
|move|p1b: Rillaboom|Fake Out|p2a: Lilligant
|-damage|p2a: Lilligant|36/100
|cant|p2a: Lilligant|flinch
|
|-weather|none
|-heal|p2a: Lilligant|42/100|[from] Grassy Terrain
|-heal|p1a: Gholdengo|32/100|[from] Grassy Terrain
|-heal|p1b: Rillaboom|75/100|[from] Grassy Terrain
|upkeep
|turn|11
|
|t:|1757659654
|move|p2a: Lilligant|Solar Blade||[still]
|-prepare|p2a: Lilligant|Solar Blade
|move|p1a: Gholdengo|Shadow Ball|p2a: Lilligant
|-damage|p2a: Lilligant|0 fnt
|faint|p2a: Lilligant
|-damage|p1a: Gholdengo|23/100|[from] item: Life Orb
|
|win|ortainee
||ortainee is ready for game 2.
||pgoiko is ready for game 2.
|uhtml|next|Next: Game 2 of 3
