|j|☆Oonnayram
|j|☆endK649
|html|OonnayramendK649    
|uhtml|bestof|Game 1 of a best-of-3
|t:|1756945642
|gametype|doubles
|player|p1|Oonnayram|beauty|1045
|player|p2|endK649|gambler|1093
|gen|9
|tier|[Gen 9] VGC 2025 Reg H (Bo3)
|rated|
|rule|Species Clause: Limit one of each Pokémon
|rule|Item Clause: Limit 1 of each item
|clearpoke
|poke|p1|Glaceon, L50, M|
|poke|p1|Ninetales-Alola, L50, M|
|poke|p1|Indeedee-F, L50, F|
|poke|p1|Slowking, L50, F|
|poke|p1|Rillaboom, L50, F|
|poke|p1|Volcarona, L50, M|
|poke|p2|Feraligatr, L50, F|
|poke|p2|Kommo-o, L50, M|
|poke|p2|Politoed, L50, M|
|poke|p2|Rillaboom, L50, F|
|poke|p2|Incineroar, L50, F|
|poke|p2|Electabuzz, L50, F|
|teampreview|4
|showteam|p1|Glaceon||Leftovers|IceBody|CalmMind,Blizzard,Protect,FreezeDry|||M|||50|,,,,,Fairy]Ninetales-Alola||FocusSash|SnowWarning|Blizzard,AuroraVeil,FreezeDry,Protect|||M|||50|,,,,,Ice]Indeedee-F||PsychicSeed|PsychicSurge|FollowMe,HelpingHand,TrickRoom,Psychic|||F|||50|,,,,,Water]Slowking||SafetyGoggles|Oblivious|ChillyReception,ExpandingForce,MuddyWater,TrickRoom|||F|||50|,,,,,Dark]Rillaboom||AssaultVest|GrassySurge|FakeOut,GrassyGlide,WoodHammer,KnockOff|||F|||50|,,,,,Grass]Volcarona||CovertCloak|FlameBody|Protect,QuiverDance,GigaDrain,FieryDance|||M|||50|,,,,,Grass
|showteam|p2|Feraligatr||LifeOrb|SheerForce|Liquidation,Crunch,DragonDance,Protect|||F|||50|,,,,,Dark]Kommo-o||ThroatSpray|Overcoat|ClangingScales,AuraSphere,ClangorousSoul,Protect|||M|||50|,,,,,Fairy]Politoed||SitrusBerry|Drizzle|WeatherBall,IcyWind,Haze,Protect|||M|||50|,,,,,Grass]Rillaboom||AssaultVest|GrassySurge|WoodHammer,GrassyGlide,FakeOut,Uturn|||F|||50|,,,,,Fire]Incineroar||SafetyGoggles|Intimidate|KnockOff,FakeOut,HelpingHand,PartingShot|||F|||50|,,,,,Ghost]Electabuzz||Eviolite|VitalSpirit|Electroweb,Taunt,FollowMe,VoltSwitch|||F|||50|,,,,,Ghost
|inactive|Battle timer is ON: inactive players will automatically lose when time's up. (requested by Oonnayram)
|
|t:|1756945736
|teamsize|p1|4
|teamsize|p2|4
|start
|switch|p1a: Slowking|Slowking, L50, F|100/100
|switch|p1b: Indeedee|Indeedee-F, L50, F|100/100
|switch|p2a: Kommo-o|Kommo-o, L50, M|100/100
|switch|p2b: Rillaboom|Rillaboom, L50, F, shiny|100/100
|-fieldstart|move: Grassy Terrain|[from] ability: Grassy Surge|[of] p2b: Rillaboom
|-fieldstart|move: Psychic Terrain|[from] ability: Psychic Surge|[of] p1b: Indeedee
|-enditem|p1b: Indeedee|Psychic Seed
|-boost|p1b: Indeedee|spd|1|[from] item: Psychic Seed
|turn|1
|inactive|Oonnayram has 30 seconds left.
|
|t:|1756945767
|-terastallize|p2a: Kommo-o|Fairy
|move|p1b: Indeedee|Follow Me|p1b: Indeedee
|-singleturn|p1b: Indeedee|move: Follow Me
|move|p2a: Kommo-o|Clangorous Soul|p2a: Kommo-o
|-boost|p2a: Kommo-o|atk|1
|-boost|p2a: Kommo-o|def|1
|-boost|p2a: Kommo-o|spa|1
|-boost|p2a: Kommo-o|spd|1
|-boost|p2a: Kommo-o|spe|1
|-damage|p2a: Kommo-o|68/100
|-enditem|p2a: Kommo-o|Throat Spray
|-boost|p2a: Kommo-o|spa|1|[from] item: Throat Spray
|move|p2b: Rillaboom|U-turn|p1b: Indeedee
|-supereffective|p1b: Indeedee
|-damage|p1b: Indeedee|49/100
|
|t:|1756945778
|switch|p2b: Electabuzz|Electabuzz, L50, F, shiny|100/100|[from] U-turn
|-prepare|p1a: Slowking|Chilly Reception|[premajor]
|move|p1a: Slowking|Chilly Reception|p1a: Slowking
|-weather|Snowscape
|
|t:|1756945784
|switch|p1a: Glaceon|Glaceon, L50, M|100/100|[from] Chilly Reception
|
|-weather|Snowscape|[upkeep]
|upkeep
|turn|2
|inactive|endK649 has 30 seconds left.
|
|t:|1756945814
|-terastallize|p1a: Glaceon|Fairy
|move|p2a: Kommo-o|Aura Sphere|p1a: Glaceon
|-resisted|p1a: Glaceon
|-damage|p1a: Glaceon|59/100
|move|p2b: Electabuzz|Volt Switch|p1b: Indeedee
|-damage|p1b: Indeedee|35/100
|
|t:|1756945824
|switch|p2b: Politoed|Politoed, L50, M|100/100|[from] Volt Switch
|-weather|RainDance|[from] ability: Drizzle|[of] p2b: Politoed
|move|p1a: Glaceon|Calm Mind|p1a: Glaceon
|-boost|p1a: Glaceon|spa|1
|-boost|p1a: Glaceon|spd|1
|move|p1b: Indeedee|Trick Room|p1b: Indeedee
|-fieldstart|move: Trick Room|[of] p1b: Indeedee
|
|-weather|RainDance|[upkeep]
|-heal|p1a: Glaceon|65/100|[from] item: Leftovers
|upkeep
|turn|3
|
|t:|1756945846
|switch|p1b: Rillaboom|Rillaboom, L50, F|100/100
|-fieldstart|move: Grassy Terrain|[from] ability: Grassy Surge|[of] p1b: Rillaboom
|move|p1a: Glaceon|Blizzard|p2b: Politoed|[spread] p2a
|-miss|p1a: Glaceon|p2b: Politoed
|-damage|p2a: Kommo-o|17/100
|move|p2b: Politoed|Weather Ball|p1a: Glaceon
|-damage|p1a: Glaceon|19/100
|move|p2a: Kommo-o|Aura Sphere|p1a: Glaceon
|-resisted|p1a: Glaceon
|-damage|p1a: Glaceon|0 fnt
|faint|p1a: Glaceon
|
|-weather|RainDance|[upkeep]
|-heal|p2a: Kommo-o|23/100|[from] Grassy Terrain
|upkeep
|
|t:|1756945865
|switch|p1a: Slowking|Slowking, L50, F|100/100
|turn|4
|
|t:|1756945877
|switch|p1b: Indeedee|Indeedee-F, L50, F|35/100
|-fieldstart|move: Psychic Terrain|[from] ability: Psychic Surge|[of] p1b: Indeedee
|switch|p2b: Rillaboom|Rillaboom, L50, F, shiny|100/100
|-fieldstart|move: Grassy Terrain|[from] ability: Grassy Surge|[of] p2b: Rillaboom
|move|p2a: Kommo-o|Protect|p2a: Kommo-o
|-singleturn|p2a: Kommo-o|Protect
|move|p1a: Slowking|Expanding Force|p2a: Kommo-o
|-activate|p2a: Kommo-o|move: Protect
|
|-weather|RainDance|[upkeep]
|-heal|p1b: Indeedee|41/100|[from] Grassy Terrain
|-heal|p2a: Kommo-o|29/100|[from] Grassy Terrain
|upkeep
|turn|5
|inactive|endK649 has 30 seconds left.
|inactive|Oonnayram has 30 seconds left.
|inactive|endK649 has 20 seconds left.
|
|t:|1756945913
|switch|p1b: Rillaboom|Rillaboom, L50, F|100/100
|move|p2b: Rillaboom|Fake Out|p1a: Slowking
|-damage|p1a: Slowking|88/100
|cant|p1a: Slowking|flinch
|move|p2a: Kommo-o|Clanging Scales|p1a: Slowking|[spread] p1a,p1b
|-damage|p1a: Slowking|30/100
|-damage|p1b: Rillaboom|42/100
|-unboost|p2a: Kommo-o|def|1
|
|-weather|RainDance|[upkeep]
|-heal|p1a: Slowking|36/100|[from] Grassy Terrain
|-heal|p1b: Rillaboom|48/100|[from] Grassy Terrain
|-heal|p2a: Kommo-o|35/100|[from] Grassy Terrain
|upkeep
|turn|6
|
|t:|1756945930
|switch|p1b: Indeedee|Indeedee-F, L50, F|41/100
|-fieldstart|move: Psychic Terrain|[from] ability: Psychic Surge|[of] p1b: Indeedee
|move|p2a: Kommo-o|Protect|p2a: Kommo-o
|-singleturn|p2a: Kommo-o|Protect
|move|p1a: Slowking|Expanding Force|p2a: Kommo-o|[spread] p2b
|-activate|p2a: Kommo-o|move: Protect
|-damage|p2b: Rillaboom|69/100
|move|p2b: Rillaboom|U-turn|p1a: Slowking
|-supereffective|p1a: Slowking
|-damage|p1a: Slowking|0 fnt
|faint|p1a: Slowking
|
|t:|1756945941
|switch|p2b: Electabuzz|Electabuzz, L50, F, shiny|100/100|[from] U-turn
|
|-weather|none
|-fieldend|move: Trick Room
|upkeep
|
|t:|1756945945
|switch|p1a: Rillaboom|Rillaboom, L50, F|48/100
|-fieldstart|move: Grassy Terrain|[from] ability: Grassy Surge|[of] p1a: Rillaboom
|turn|7
|
|t:|1756945966
|move|p1b: Indeedee|Helping Hand|p1a: Rillaboom
|-singleturn|p1a: Rillaboom|Helping Hand|[of] p1b: Indeedee
|move|p2b: Electabuzz|Follow Me|p2b: Electabuzz
|-singleturn|p2b: Electabuzz|move: Follow Me
|move|p1a: Rillaboom|Grassy Glide|p2b: Electabuzz
|-damage|p2b: Electabuzz|48/100
|move|p2a: Kommo-o|Clanging Scales|p1a: Rillaboom|[spread] p1a,p1b
|-damage|p1a: Rillaboom|0 fnt
|-damage|p1b: Indeedee|0 fnt
|faint|p1a: Rillaboom
|faint|p1b: Indeedee
|
|win|endK649
||endK649 is ready for game 2.
||Oonnayram is ready for game 2.
|uhtml|next|Next: Game 2 of 3
|l|☆Oonnayram
|player|p1|
