|j|☆PaniniWeenie
|j|☆A Regu1ar Guy
|html|PaniniWeenieA Regu1ar Guy    
|uhtml|bestof|Game 3 of a best-of-3
|t:|1757005768
|gametype|doubles
|player|p1|PaniniWeenie|pokemaniac|1412
|player|p2|A Regu1ar Guy|elesa|1461
|gen|9
|tier|[Gen 9] VGC 2025 Reg H (Bo3)
|rated|
|rule|Species Clause: Limit one of each Pokémon
|rule|Item Clause: Limit 1 of each item
|clearpoke
|poke|p1|Sneasler, L50, F|
|poke|p1|Volcarona, L50, F|
|poke|p1|Dragonite, L50, M|
|poke|p1|Rillaboom, L50, F|
|poke|p1|Electabuzz, L50, M|
|poke|p1|Kingambit, L50, M|
|poke|p2|Volcarona, L50, F|
|poke|p2|Rillaboom, L50, M|
|poke|p2|Electabuzz, L50, F|
|poke|p2|Tauros-Paldea-Aqua, L50, M|
|poke|p2|Tyranitar, L50, M|
|poke|p2|Gholdengo, L50|
|teampreview|4
|showteam|p1|Sneasler||FocusSash|PoisonTouch|DireClaw,CloseCombat,FakeOut,Coaching|||F|||50|,,,,,Stellar]Volcarona||Leftovers|FlameBody|HeatWave,QuiverDance,Protect,TeraBlast|||F|||50|,,,,,Fairy]Dragonite||LoadedDice|Multiscale|ScaleShot,ExtremeSpeed,Haze,Protect|||M|||50|,,,,,Steel]Rillaboom||AssaultVest|GrassySurge|WoodHammer,GrassyGlide,HighHorsepower,FakeOut|||F|||50|,,,,,Fire]Electabuzz||Eviolite|VitalSpirit|FollowMe,Thunderbolt,Taunt,Protect|||M|||50|,,,,,Ghost]Kingambit||BlackGlasses|Defiant|KowtowCleave,SuckerPunch,SwordsDance,Protect|||M|||50|,,,,,Dark
|showteam|p2|Volcarona||GrassySeed|FlameBody|HeatWave,GigaDrain,QuiverDance,Protect|||F|||50|,,,,,Grass]Rillaboom||MiracleSeed|GrassySurge|WoodHammer,GrassyGlide,FakeOut,HighHorsepower|||M|||50|,,,,,Fire]Electabuzz||Eviolite|VitalSpirit|Electroweb,FollowMe,Taunt,Protect|||F|||50|,,,,,Ghost]Tauros-Paldea-Aqua||MirrorHerb|Intimidate|WaveCrash,AquaJet,CloseCombat,Protect|||M|||50|,,,,,Water]Tyranitar||AssaultVest|SandStream|KnockOff,RockSlide,TeraBlast,LowKick|||M|||50|,,,,,Flying]Gholdengo||LifeOrb|GoodasGold|MakeItRain,ShadowBall,NastyPlot,Protect||||||50|,,,,,Water
|
|t:|1757005781
|teamsize|p1|4
|teamsize|p2|4
|start
|switch|p1a: Rillaboom|Rillaboom, L50, F|100/100
|switch|p1b: Volcarona|Volcarona, L50, F|100/100
|switch|p2a: Volcarona|Volcarona, L50, F, shiny|100/100
|switch|p2b: Electabuzz|Electabuzz, L50, F|100/100
|-fieldstart|move: Grassy Terrain|[from] ability: Grassy Surge|[of] p1a: Rillaboom
|-enditem|p2a: Volcarona|Grassy Seed
|-boost|p2a: Volcarona|def|1|[from] item: Grassy Seed
|turn|1
|inactive|Battle timer is ON: inactive players will automatically lose when time's up. (requested by PaniniWeenie)
|
|t:|1757005793
|-terastallize|p2b: Electabuzz|Ghost
|move|p1a: Rillaboom|Fake Out|p2a: Volcarona
|-damage|p2a: Volcarona|89/100
|move|p1b: Volcarona|Quiver Dance|p1b: Volcarona
|-boost|p1b: Volcarona|spa|1
|-boost|p1b: Volcarona|spd|1
|-boost|p1b: Volcarona|spe|1
|cant|p2a: Volcarona|flinch
|move|p2b: Electabuzz|Taunt|p1b: Volcarona
|-start|p1b: Volcarona|move: Taunt
|
|-heal|p2a: Volcarona|95/100|[from] Grassy Terrain
|upkeep
|turn|2
|
|t:|1757005808
|switch|p1a: Dragonite|Dragonite, L50, M|100/100
|move|p1b: Volcarona|Heat Wave|p2a: Volcarona|[spread] p2a,p2b
|-damage|p2a: Volcarona|49/100
|-damage|p2b: Electabuzz|60/100
|move|p2a: Volcarona|Quiver Dance|p2a: Volcarona
|-boost|p2a: Volcarona|spa|1
|-boost|p2a: Volcarona|spd|1
|-boost|p2a: Volcarona|spe|1
|move|p2b: Electabuzz|Electroweb|p1a: Dragonite|[spread] p1a,p1b
|-crit|p1a: Dragonite
|-damage|p1a: Dragonite|89/100
|-damage|p1b: Volcarona|91/100
|-unboost|p1a: Dragonite|spe|1
|-unboost|p1b: Volcarona|spe|1
|
|-heal|p2a: Volcarona|56/100|[from] Grassy Terrain
|-heal|p1b: Volcarona|98/100|[from] Grassy Terrain
|-heal|p1b: Volcarona|100/100|[from] item: Leftovers
|-heal|p2b: Electabuzz|66/100|[from] Grassy Terrain
|upkeep
|turn|3
|
|t:|1757005823
|move|p2b: Electabuzz|Follow Me|p2b: Electabuzz
|-singleturn|p2b: Electabuzz|move: Follow Me
|move|p2a: Volcarona|Quiver Dance|p2a: Volcarona
|-boost|p2a: Volcarona|spa|1
|-boost|p2a: Volcarona|spd|1
|-boost|p2a: Volcarona|spe|1
|move|p1b: Volcarona|Heat Wave|p2b: Electabuzz|[spread] p2a,p2b
|-damage|p2a: Volcarona|33/100
|-damage|p2b: Electabuzz|28/100
|move|p1a: Dragonite|Haze|p1a: Dragonite
|-clearallboost
|
|-heal|p2a: Volcarona|40/100|[from] Grassy Terrain
|-heal|p2b: Electabuzz|34/100|[from] Grassy Terrain
|upkeep
|turn|4
|
|t:|1757005839
|move|p1b: Volcarona|Heat Wave|p2b: Electabuzz|[spread] p2b
|-miss|p1b: Volcarona|p2a: Volcarona
|-damage|p2b: Electabuzz|5/100
|move|p2a: Volcarona|Heat Wave|p1b: Volcarona|[spread] p1a,p1b
|-resisted|p1a: Dragonite
|-damage|p1a: Dragonite|69/100
|-damage|p1b: Volcarona|64/100
|move|p2b: Electabuzz|Electroweb|p1b: Volcarona|[spread] p1a
|-miss|p2b: Electabuzz|p1b: Volcarona
|-damage|p1a: Dragonite|53/100
|-unboost|p1a: Dragonite|spe|1
|move|p1a: Dragonite|Scale Shot|p2a: Volcarona
|-damage|p2a: Volcarona|20/100
|-damage|p2a: Volcarona|3/100
|-damage|p2a: Volcarona|0 fnt
|faint|p2a: Volcarona
|-hitcount|p2: Volcarona|3
|-unboost|p1a: Dragonite|def|1
|-boost|p1a: Dragonite|spe|1
|
|-heal|p1b: Volcarona|70/100|[from] Grassy Terrain
|-heal|p1b: Volcarona|77/100|[from] item: Leftovers
|-heal|p2b: Electabuzz|11/100|[from] Grassy Terrain
|-end|p1b: Volcarona|move: Taunt
|upkeep
|
|t:|1757005850
|switch|p2a: Tyranitar|Tyranitar, L50, M|100/100
|-weather|Sandstorm|[from] ability: Sand Stream|[of] p2a: Tyranitar
|turn|5
|
|t:|1757005862
|switch|p1a: Rillaboom|Rillaboom, L50, F|100/100
|move|p1b: Volcarona|Protect|p1b: Volcarona
|-singleturn|p1b: Volcarona|Protect
|move|p2b: Electabuzz|Protect|p2b: Electabuzz
|-singleturn|p2b: Electabuzz|Protect
|move|p2a: Tyranitar|Knock Off|p1a: Rillaboom
|-damage|p1a: Rillaboom|44/100
|-enditem|p1a: Rillaboom|Assault Vest|[from] move: Knock Off|[of] p2a: Tyranitar
|
|-weather|Sandstorm|[upkeep]
|-damage|p1b: Volcarona|70/100|[from] Sandstorm
|-damage|p2b: Electabuzz|5/100|[from] Sandstorm
|-damage|p1a: Rillaboom|38/100|[from] Sandstorm
|-heal|p1b: Volcarona|77/100|[from] Grassy Terrain
|-heal|p1b: Volcarona|83/100|[from] item: Leftovers
|-heal|p2b: Electabuzz|11/100|[from] Grassy Terrain
|-heal|p1a: Rillaboom|44/100|[from] Grassy Terrain
|-fieldend|move: Grassy Terrain
|upkeep
|turn|6
|
|t:|1757005875
|-terastallize|p1b: Volcarona|Fairy
|move|p1a: Rillaboom|Fake Out|p2a: Tyranitar
|-resisted|p2a: Tyranitar
|-damage|p2a: Tyranitar|94/100
|move|p2b: Electabuzz|Follow Me|p2b: Electabuzz
|-singleturn|p2b: Electabuzz|move: Follow Me
|move|p1b: Volcarona|Quiver Dance|p1b: Volcarona
|-boost|p1b: Volcarona|spa|1
|-boost|p1b: Volcarona|spd|1
|-boost|p1b: Volcarona|spe|1
|cant|p2a: Tyranitar|flinch
|
|-weather|Sandstorm|[upkeep]
|-damage|p1b: Volcarona|77/100|[from] Sandstorm
|-damage|p2b: Electabuzz|5/100|[from] Sandstorm
|-damage|p1a: Rillaboom|38/100|[from] Sandstorm
|-heal|p1b: Volcarona|83/100|[from] item: Leftovers
|upkeep
|turn|7
|inactive|PaniniWeenie has 30 seconds left.
|
|t:|1757005902
|switch|p1a: Electabuzz|Electabuzz, L50, M|100/100
|move|p1b: Volcarona|Protect|p1b: Volcarona
|-singleturn|p1b: Volcarona|Protect
|move|p2b: Electabuzz|Follow Me|p2b: Electabuzz
|-singleturn|p2b: Electabuzz|move: Follow Me
|move|p2a: Tyranitar|Rock Slide|p1b: Volcarona|[spread] p1a
|-activate|p1b: Volcarona|move: Protect
|-damage|p1a: Electabuzz|74/100
|
|-weather|Sandstorm|[upkeep]
|-damage|p1b: Volcarona|77/100|[from] Sandstorm
|-damage|p2b: Electabuzz|0 fnt|[from] Sandstorm
|-damage|p1a: Electabuzz|68/100|[from] Sandstorm
|faint|p2b: Electabuzz
|-heal|p1b: Volcarona|83/100|[from] item: Leftovers
|upkeep
|
|t:|1757005904
|switch|p2b: Rillaboom|Rillaboom, L50, M|100/100
|-fieldstart|move: Grassy Terrain|[from] ability: Grassy Surge|[of] p2b: Rillaboom
|turn|8
|
|t:|1757005918
|switch|p1a: Rillaboom|Rillaboom, L50, F|38/100
|move|p2b: Rillaboom|Fake Out|p1b: Volcarona
|-damage|p1b: Volcarona|66/100
|cant|p1b: Volcarona|flinch
|move|p2a: Tyranitar|Knock Off|p1a: Rillaboom
|-damage|p1a: Rillaboom|2/100
|
|-weather|Sandstorm|[upkeep]
|-damage|p1b: Volcarona|60/100|[from] Sandstorm
|-damage|p1a: Rillaboom|0 fnt|[from] Sandstorm
|-damage|p2b: Rillaboom|94/100|[from] Sandstorm
|faint|p1a: Rillaboom
|-heal|p1b: Volcarona|66/100|[from] Grassy Terrain
|-heal|p1b: Volcarona|72/100|[from] item: Leftovers
|-heal|p2b: Rillaboom|100/100|[from] Grassy Terrain
|-heal|p2a: Tyranitar|99/100|[from] Grassy Terrain
|upkeep
|
|t:|1757005937
|switch|p1a: Electabuzz|Electabuzz, L50, M|68/100
|turn|9
|
|t:|1757005944
|move|p1a: Electabuzz|Follow Me|p1a: Electabuzz
|-singleturn|p1a: Electabuzz|move: Follow Me
|move|p2b: Rillaboom|Grassy Glide|p1a: Electabuzz
|-damage|p1a: Electabuzz|30/100
|move|p1b: Volcarona|Quiver Dance|p1b: Volcarona
|-boost|p1b: Volcarona|spa|1
|-boost|p1b: Volcarona|spd|1
|-boost|p1b: Volcarona|spe|1
|move|p2a: Tyranitar|Rock Slide|p1a: Electabuzz|[spread] p1a,p1b
|-damage|p1a: Electabuzz|3/100
|-damage|p1b: Volcarona|33/100
|
|-weather|none
|-heal|p1b: Volcarona|39/100|[from] Grassy Terrain
|-heal|p1b: Volcarona|45/100|[from] item: Leftovers
|-heal|p1a: Electabuzz|9/100|[from] Grassy Terrain
|-heal|p2a: Tyranitar|100/100|[from] Grassy Terrain
|upkeep
|turn|10
|inactive|PaniniWeenie has 30 seconds left.
|inactive|PaniniWeenie has 20 seconds left.
|
|t:|1757005979
|move|p1a: Electabuzz|Follow Me|p1a: Electabuzz
|-singleturn|p1a: Electabuzz|move: Follow Me
|move|p2b: Rillaboom|Grassy Glide|p1a: Electabuzz
|-damage|p1a: Electabuzz|0 fnt
|faint|p1a: Electabuzz
|move|p1b: Volcarona|Tera Blast|p2a: Tyranitar|[anim] Tera Blast Fairy
|-supereffective|p2a: Tyranitar
|-damage|p2a: Tyranitar|0 fnt
|faint|p2a: Tyranitar
|
|-heal|p1b: Volcarona|52/100|[from] Grassy Terrain
|-heal|p1b: Volcarona|58/100|[from] item: Leftovers
|upkeep
|
|t:|1757005997
|switch|p1a: Dragonite|Dragonite, L50, M|53/100
|turn|11
|
|t:|1757006005
|move|p1a: Dragonite|Extreme Speed|p2b: Rillaboom
|-damage|p2b: Rillaboom|71/100
|move|p1b: Volcarona|Heat Wave|p2b: Rillaboom
|-supereffective|p2b: Rillaboom
|-damage|p2b: Rillaboom|0 fnt
|faint|p2b: Rillaboom
|
|win|PaniniWeenie
|raw|PaniniWeenie's rating: 1412 → 1435(+23 for winning)
|raw|A Regu1ar Guy's rating: 1461 → 1438(-23 for losing)
|l|☆A Regu1ar Guy
|player|p2|
