|j|☆monsoonisbest
|j|☆Artere Happy
|html|monsoonisbestArtere Happy    
|uhtml|bestof|Game 3 of a best-of-3
|t:|1785489138
|gametype|doubles
|player|p1|monsoonisbest|2|1297
|player|p2|Artere Happy|1|1168
|gen|9
|tier|[Gen 9 Champions] VGC 2026 Reg M-B (Bo3)
|rated|
|rule|Species Clause: Limit one of each Pokémon
|rule|Item Clause: Limit 1 of each item
|clearpoke
|poke|p1|Appletun, L50, M|
|poke|p1|Farigiraf, L50, M|
|poke|p1|Mawile, L50, F|
|poke|p1|Sylveon, L50, M|
|poke|p1|Charizard, L50, F|
|poke|p1|Garchomp, L50, M|
|poke|p2|Venusaur, L50, F|
|poke|p2|Mamoswine, L50, M|
|poke|p2|Charizard, L50, M|
|poke|p2|Garchomp, L50, F|
|poke|p2|Sylveon, L50, M|
|poke|p2|Incineroar, L50, F|
|teampreview|4
|showteam|p1|Appletun||Leftovers|ThickFat|DracoMeteor,AppleAcid,Recover,Protect|Bold||M|||50|]Farigiraf||SitrusBerry|ArmorTail|Psychic,Thunderbolt,TrickRoom,Protect|Bold||M|||50|]Mawile||Mawilite|Intimidate|PlayRough,SuckerPunch,RockSlide,Protect|Adamant||F|||50|]Sylveon||FairyFeather|Pixilate|HyperVoice,HyperBeam,QuickAttack,Protect|Modest||M|||50|]Charizard||CharizarditeY|Blaze|HeatWave,SolarBeam,WeatherBall,Protect|Modest||F|||50|]Garchomp||LifeOrb|RoughSkin|Earthquake,DragonClaw,StompingTantrum,Protect|Jolly||M|||50|
|showteam|p2|Venusaur||LifeOrb|Chlorophyll|SolarBeam,SludgeBomb,EarthPower,Protect|Modest||F|||50|]Mamoswine||FocusSash|Oblivious|HighHorsepower,RockTomb,IceShard,Protect|Jolly||M|||50|]Charizard||CharizarditeY|Blaze|HeatWave,WeatherBall,HelpingHand,Protect|Modest||M|||50|]Garchomp||ChoiceScarf|RoughSkin|Earthquake,DragonClaw,RockSlide,StompingTantrum|Adamant||F|||50|]Sylveon||FairyFeather|Pixilate|HyperVoice,Yawn,Moonblast,Detect|Modest||M|||50|]Incineroar||SitrusBerry|Intimidate|FakeOut,PartingShot,FlareBlitz,ThroatChop|Careful||F|||50|
|
|t:|1785489167
|teamsize|p1|4
|teamsize|p2|4
|start
|switch|p1a: Farigiraf|Farigiraf, L50, M|100/100
|switch|p1b: Garchomp|Garchomp, L50, M|100/100
|switch|p2a: Charizard|Charizard, L50, M|100/100
|switch|p2b: Garchomp|Garchomp, L50, F|100/100
|turn|1
|
|t:|1785489185
|detailschange|p2a: Charizard|Charizard-Mega-Y, L50, M
|-mega|p2a: Charizard|Charizard|Charizardite Y
|-weather|SunnyDay|[from] ability: Drought|[of] p2a: Charizard
|move|p2a: Charizard|Helping Hand|p2b: Garchomp
|-singleturn|p2b: Garchomp|Helping Hand|[of] p2a: Charizard
|move|p1b: Garchomp|Protect|p1b: Garchomp
|-singleturn|p1b: Garchomp|Protect
|move|p2b: Garchomp|Dragon Claw|p1b: Garchomp
|-activate|p1b: Garchomp|move: Protect
|move|p1a: Farigiraf|Trick Room|p1a: Farigiraf
|-fieldstart|move: Trick Room|[of] p1a: Farigiraf
|
|-weather|SunnyDay|[upkeep]
|upkeep
|turn|2
|
|t:|1785489196
|switch|p2a: Incineroar|Incineroar, L50, F|100/100
|-ability|p2a: Incineroar|Intimidate|boost
|-unboost|p1a: Farigiraf|atk|1
|-unboost|p1b: Garchomp|atk|1
|move|p1a: Farigiraf|Thunderbolt|p2a: Incineroar
|-damage|p2a: Incineroar|83/100
|move|p1b: Garchomp|Dragon Claw|p2b: Garchomp
|-supereffective|p2b: Garchomp|1
|-damage|p2b: Garchomp|30/100
|-damage|p1b: Garchomp|87/100|[from] ability: Rough Skin|[of] p2b: Garchomp
|-damage|p1b: Garchomp|77/100|[from] item: Life Orb
|move|p2b: Garchomp|Dragon Claw|p1b: Garchomp
|-supereffective|p1b: Garchomp|1
|-damage|p1b: Garchomp|0 fnt
|-damage|p2b: Garchomp|18/100|[from] ability: Rough Skin|[of] p1b: Garchomp
|faint|p1b: Garchomp
|
|-weather|SunnyDay|[upkeep]
|upkeep
|
|t:|1785489207
|switch|p1b: Appletun|Appletun, L50, M|100/100
|turn|3
|
|t:|1785489216
|switch|p2b: Venusaur|Venusaur, L50, F|100/100
|move|p1b: Appletun|Apple Acid|p2b: Venusaur
|-resisted|p2b: Venusaur|2
|-damage|p2b: Venusaur|92/100
|-unboost|p2b: Venusaur|spd|1
|move|p1a: Farigiraf|Thunderbolt|p2a: Incineroar
|-damage|p2a: Incineroar|67/100
|move|p2a: Incineroar|Throat Chop|p1a: Farigiraf
|-supereffective|p1a: Farigiraf|1
|-damage|p1a: Farigiraf|51/100
|-start|p1a: Farigiraf|Throat Chop|[silent]
|
|-weather|SunnyDay|[upkeep]
|upkeep
|turn|4
|
|t:|1785489236
|move|p1b: Appletun|Apple Acid|p2a: Incineroar
|-resisted|p2a: Incineroar|1
|-damage|p2a: Incineroar|55/100
|-unboost|p2a: Incineroar|spd|1
|move|p1a: Farigiraf|Psychic|p2b: Venusaur
|-supereffective|p2b: Venusaur|1
|-damage|p2b: Venusaur|0 fnt
|faint|p2b: Venusaur
|move|p2a: Incineroar|Parting Shot|p1a: Farigiraf
|-unboost|p1a: Farigiraf|atk|1
|-unboost|p1a: Farigiraf|spa|1
|
|t:|1785489243
|switch|p2a: Charizard|Charizard-Mega-Y, L50, M|100/100|[from] Parting Shot
|
|-weather|SunnyDay|[upkeep]
|-end|p1a: Farigiraf|Throat Chop|[silent]
|upkeep
|
|t:|1785489245
|switch|p2b: Incineroar|Incineroar, L50, F|55/100
|-ability|p2b: Incineroar|Intimidate|boost
|-unboost|p1a: Farigiraf|atk|1
|-unboost|p1b: Appletun|atk|1
|turn|5
|
|t:|1785489262
|move|p1b: Appletun|Draco Meteor|p2b: Incineroar
|-damage|p2b: Incineroar|21/100
|-unboost|p1b: Appletun|spa|2
|-enditem|p2b: Incineroar|Sitrus Berry|[eat]
|-heal|p2b: Incineroar|46/100|[from] item: Sitrus Berry
|move|p2b: Incineroar|Parting Shot|p1b: Appletun
|-unboost|p1b: Appletun|atk|1
|-unboost|p1b: Appletun|spa|1
|
|t:|1785489269
|switch|p2b: Garchomp|Garchomp, L50, F|18/100|[from] Parting Shot
|move|p1a: Farigiraf|Thunderbolt|p2b: Garchomp
|-immune|p2b: Garchomp
|move|p2a: Charizard|Weather Ball|p1a: Farigiraf
|-damage|p1a: Farigiraf|0 fnt
|faint|p1a: Farigiraf
|
|-weather|none
|-fieldend|move: Trick Room
|upkeep
|
|t:|1785489271
|switch|p1a: Mawile|Mawile, L50, F|100/100
|-ability|p1a: Mawile|Intimidate|boost
|-unboost|p2a: Charizard|atk|1
|-unboost|p2b: Garchomp|atk|1
|turn|6
|
|t:|1785489282
|switch|p2a: Incineroar|Incineroar, L50, F|46/100
|-ability|p2a: Incineroar|Intimidate|boost
|-unboost|p1a: Mawile|atk|1
|-unboost|p1b: Appletun|atk|1
|detailschange|p1a: Mawile|Mawile-Mega, L50, F
|-mega|p1a: Mawile|Mawile|Mawilite
|move|p2b: Garchomp|Dragon Claw|p1b: Appletun
|-supereffective|p1b: Appletun|1
|-damage|p1b: Appletun|52/100
|move|p1a: Mawile|Rock Slide|p2b: Garchomp|[spread] p2a,p2b
|-supereffective|p2a: Incineroar|1
|-resisted|p2b: Garchomp|1
|-damage|p2a: Incineroar|7/100
|-damage|p2b: Garchomp|7/100
|move|p1b: Appletun|Apple Acid|p2a: Incineroar
|-resisted|p2a: Incineroar|1
|-damage|p2a: Incineroar|2/100
|-unboost|p2a: Incineroar|spd|1
|
|-heal|p1b: Appletun|58/100|[from] item: Leftovers
|upkeep
|turn|7
|
|t:|1785489319
|switch|p2b: Charizard|Charizard-Mega-Y, L50, M|100/100
|-weather|SunnyDay|[from] ability: Drought|[of] p2b: Charizard
|move|p1a: Mawile|Protect|p1a: Mawile
|-singleturn|p1a: Mawile|Protect
|move|p2a: Incineroar|Fake Out|p1a: Mawile
|-activate|p1a: Mawile|move: Protect
|move|p1b: Appletun|Apple Acid|p2b: Charizard
|-resisted|p2b: Charizard|2
|-damage|p2b: Charizard|97/100
|-unboost|p2b: Charizard|spd|1
|
|-weather|SunnyDay|[upkeep]
|-heal|p1b: Appletun|64/100|[from] item: Leftovers
|upkeep
|turn|8
|
|t:|1785489333
|switch|p2a: Garchomp|Garchomp, L50, F|7/100
|move|p1a: Mawile|Sucker Punch|p2b: Charizard
|-damage|p2b: Charizard|72/100
|move|p2b: Charizard|Weather Ball|p1a: Mawile
|-supereffective|p1a: Mawile|1
|-damage|p1a: Mawile|0 fnt
|faint|p1a: Mawile
|move|p1b: Appletun|Draco Meteor|p2b: Charizard
|-damage|p2b: Charizard|49/100
|-unboost|p1b: Appletun|spa|2
|
|-weather|SunnyDay|[upkeep]
|-heal|p1b: Appletun|70/100|[from] item: Leftovers
|upkeep
|turn|9
|
|t:|1785489346
|move|p2b: Charizard|Helping Hand|p2a: Garchomp
|-singleturn|p2a: Garchomp|Helping Hand|[of] p2b: Charizard
|move|p2a: Garchomp|Dragon Claw|p1b: Appletun
|-supereffective|p1b: Appletun|1
|-damage|p1b: Appletun|0 fnt
|faint|p1b: Appletun
|
|win|Artere Happy
|raw|monsoonisbest's rating: 1297 → 1263(-34 for losing)
|raw|Artere Happy's rating: 1168 → 1202(+34 for winning)
