|j|☆monsoonisbest
|j|☆MakeItSunn
|html|monsoonisbestMakeItSunn    
|uhtml|bestof|Game 1 of a best-of-3
|t:|1757847824
|gametype|doubles
|player|p1|monsoonisbest|170|1135
|player|p2|MakeItSunn|elesa|1116
|gen|9
|tier|[Gen 9] VGC 2025 Reg H (Bo3)
|rated|
|rule|Species Clause: Limit one of each Pokémon
|rule|Item Clause: Limit 1 of each item
|clearpoke
|poke|p1|Ursaluna-Bloodmoon, L50, M|
|poke|p1|Maushold, L50|
|poke|p1|Amoonguss, L50, F|
|poke|p1|Dragonite, L50, M|
|poke|p1|Sneasler, L50, M|
|poke|p1|Indeedee, L50, M|
|poke|p2|Oranguru, L50, M|
|poke|p2|Ursaluna, L50, M|
|poke|p2|Indeedee-F, L50, F|
|poke|p2|Torkoal, L50, M|
|poke|p2|Armarouge, L50, M|
|poke|p2|Jumpluff, L50, F|
|teampreview|4
|showteam|p1|Ursaluna-Bloodmoon||LifeOrb|MindsEye|BloodMoon,HyperVoice,EarthPower,Protect|||M|||50|,,,,,Normal]Maushold||SafetyGoggles|FriendGuard|SuperFang,FollowMe,Taunt,Protect||||||50|,,,,,Ghost]Amoonguss||RockyHelmet|Regenerator|RagePowder,PollenPuff,Spore,Protect|||F|||50|,,,,,Water]Dragonite||LoadedDice|Multiscale|ScaleShot,ExtremeSpeed,Haze,Protect|||M|||50|,,,,,Fairy]Sneasler||FocusSash|Unburden|DireClaw,CloseCombat,ThroatChop,Protect|||M|||50|,,,,,Dark]Indeedee||ChoiceScarf|PsychicSurge|ExpandingForce,TeraBlast,HyperVoice,ShadowBall|||M|||50|,,,,,Psychic
|showteam|p2|Oranguru||MentalHerb|Telepathy|ExpandingForce,TrickRoom,Instruct,Yawn|||M|||50|,,,,,Ghost]Ursaluna||FlameOrb|Guts|Earthquake,Facade,HeadlongRush,Protect|||M|||50|,,,,,Ghost]Indeedee-F||EjectButton|PsychicSurge|FollowMe,DazzlingGleam,HelpingHand,TrickRoom|||F|||50|,,,,,Fairy]Torkoal||EjectPack|Drought|Eruption,Overheat,EarthPower,Protect|||M|||50|,,,,,Fire]Armarouge||LifeOrb|FlashFire|ExpandingForce,ArmorCannon,WideGuard,Protect|||M|||50|,,,,,Grass]Jumpluff||CovertCloak|Chlorophyll|RagePowder,SleepPowder,Tailwind,SunnyDay|||F|||50|,,,,,Water
|inactive|Battle timer is ON: inactive players will automatically lose when time's up. (requested by MakeItSunn)
|
|t:|1757847875
|teamsize|p1|4
|teamsize|p2|4
|start
|switch|p1a: Ace|Maushold, L50|100/100
|switch|p1b: King|Ursaluna-Bloodmoon, L50, M|100/100
|switch|p2a: Indeedee|Indeedee-F, L50, F|100/100
|switch|p2b: Oranguru|Oranguru, L50, M|100/100
|-fieldstart|move: Psychic Terrain|[from] ability: Psychic Surge|[of] p2a: Indeedee
|turn|1
|inactive|MakeItSunn has 30 seconds left.
|
|t:|1757847909
|-terastallize|p1b: King|Normal
|move|p2a: Indeedee|Follow Me|p2a: Indeedee
|-singleturn|p2a: Indeedee|move: Follow Me
|move|p1a: Ace|Super Fang|p2a: Indeedee
|-damage|p2a: Indeedee|51/100
|-enditem|p2a: Indeedee|Eject Button
|
|t:|1757847917
|switch|p2a: Ursaluna|Ursaluna, L50, M|100/100
|move|p1b: King|Hyper Voice|p2a: Ursaluna|[spread] p2a,p2b
|-damage|p2a: Ursaluna|41/100
|-damage|p2b: Oranguru|45/100
|-damage|p1b: King|91/100|[from] item: Life Orb
|move|p2b: Oranguru|Trick Room|p2b: Oranguru
|-fieldstart|move: Trick Room|[of] p2b: Oranguru
|
|-status|p2a: Ursaluna|brn|[from] item: Flame Orb
|upkeep
|turn|2
|
|t:|1757847930
|move|p1a: Ace|Follow Me|p1a: Ace
|-singleturn|p1a: Ace|move: Follow Me
|move|p2a: Ursaluna|Earthquake|p1a: Ace|[spread] p1a,p1b
|-activate|p2b: Oranguru|ability: Telepathy
|-damage|p1a: Ace|7/100
|-damage|p1b: King|47/100
|move|p2b: Oranguru|Instruct|p1a: Ace
|-singleturn|p1a: Ace|move: Instruct|[of] p2b: Oranguru
|move|p1a: Ace|Follow Me||[still]
|-fail|p1a: Ace
|move|p1b: King|Hyper Voice|p2b: Oranguru|[spread] p2a,p2b
|-damage|p2a: Ursaluna|0 fnt
|-damage|p2b: Oranguru|0 fnt
|faint|p2a: Ursaluna
|faint|p2b: Oranguru
|-damage|p1b: King|38/100|[from] item: Life Orb
|
|upkeep
|
|t:|1757847940
|switch|p2a: Indeedee|Indeedee-F, L50, F|51/100
|switch|p2b: Torkoal|Torkoal, L50, M|100/100
|-weather|SunnyDay|[from] ability: Drought|[of] p2b: Torkoal
|turn|3
|
|t:|1757847956
|move|p2a: Indeedee|Helping Hand|p2b: Torkoal
|-singleturn|p2b: Torkoal|Helping Hand|[of] p2a: Indeedee
|move|p1b: King|Protect|p1b: King
|-singleturn|p1b: King|Protect
|move|p2b: Torkoal|Eruption|p1b: King|[spread] p1a
|-activate|p1b: King|move: Protect
|-damage|p1a: Ace|0 fnt
|faint|p1a: Ace
|
|-weather|SunnyDay|[upkeep]
|upkeep
|
|t:|1757847961
|switch|p1a: Counter|Amoonguss, L50, F|100/100
|turn|4
|
|t:|1757847975
|move|p2a: Indeedee|Helping Hand|p2b: Torkoal
|-singleturn|p2b: Torkoal|Helping Hand|[of] p2a: Indeedee
|move|p2b: Torkoal|Eruption|p1a: Counter|[spread] p1a,p1b
|-supereffective|p1a: Counter
|-damage|p1a: Counter|0 fnt
|-damage|p1b: King|0 fnt
|faint|p1a: Counter
|faint|p1b: King
|
|-weather|SunnyDay|[upkeep]
|upkeep
|
|t:|1757847979
|switch|p1b: Joker|Indeedee, L50, M|100/100
|turn|5
|
|t:|1757847985
|-terastallize|p2b: Torkoal|Fire
|move|p2a: Indeedee|Helping Hand|p2b: Torkoal
|-singleturn|p2b: Torkoal|Helping Hand|[of] p2a: Indeedee
|move|p2b: Torkoal|Eruption|p1b: Joker
|-damage|p1b: Joker|0 fnt
|faint|p1b: Joker
|
|win|MakeItSunn
||monsoonisbest is ready for game 2.
||MakeItSunn is ready for game 2.
|uhtml|next|Next: Game 2 of 3
