|j|☆WowieKazowee
|j|☆chalizhou
|html|WowieKazoweechalizhou    
|uhtml|bestof|Game 1 of a best-of-3
|t:|1757158759
|gametype|doubles
|player|p1|WowieKazowee|idol|1054
|player|p2|chalizhou|rosa|1090
|gen|9
|tier|[Gen 9] VGC 2025 Reg H (Bo3)
|rated|
|rule|Species Clause: Limit one of each Pokémon
|rule|Item Clause: Limit 1 of each item
|clearpoke
|poke|p1|Pelipper, L50, M|
|poke|p1|Archaludon, L50, F|
|poke|p1|Basculegion, L50, M|
|poke|p1|Ursaluna, L50, F|
|poke|p1|Farigiraf, L50, F|
|poke|p1|Sinistcha, L50|
|poke|p2|Umbreon, L50, F|
|poke|p2|Gholdengo, L50|
|poke|p2|Dragonite, L50, F|
|poke|p2|Whimsicott, L50, M|
|poke|p2|Dondozo, L50, M|
|poke|p2|Tatsugiri, L50, M|
|teampreview|4
|showteam|p1|Pelipper||FocusSash|Drizzle|WeatherBall,Hurricane,RainDance,WideGuard|||M|||50|,,,,,Ghost]Archaludon||AssaultVest|Stamina|ElectroShot,DracoMeteor,FlashCannon,BodyPress|||F|||50|,,,,,Grass]Basculegion||MysticWater|SwiftSwim|WaveCrash,LastRespects,AquaJet,Protect|||M|||50|,,,,,Water]Ursaluna||FlameOrb|Guts|Facade,HeadlongRush,SwordsDance,Protect|||F|||50|,,,,,Ghost]Farigiraf||MentalHerb|ArmorTail|FoulPlay,TrickRoom,HelpingHand,Protect|||F|||50|,,,,,Dark]Sinistcha||SitrusBerry|Hospitality|MatchaGotcha,NastyPlot,TrickRoom,RagePowder||||||50|,,,,,Water
|showteam|p2|Umbreon||AguavBerry|Synchronize|FoulPlay,Toxic,Protect,Wish|||F|||50|,,,,,Ghost]Gholdengo||ChoiceSpecs|GoodasGold|MakeItRain,ShadowBall,PowerGem,Thunderbolt||||||50|,,,,,Steel]Dragonite||LoadedDice|Multiscale|Roost,Tailwind,ScaleShot,Haze|||F|||50|,,,,,Steel]Whimsicott||FocusSash|Prankster|HelpingHand,Tailwind,Endeavor,Encore|||M|||50|,,,,,Ghost]Dondozo||Leftovers|Unaware|OrderUp,Protect,WaveCrash,RockSlide|||M|||50|,,,,,Steel]Tatsugiri||ChoiceScarf|Commander|MuddyWater,DracoMeteor,IcyWind,ChillingWater|||M|||50|,,,,,Steel
|
|t:|1757158793
|teamsize|p1|4
|teamsize|p2|4
|start
|switch|p1a: Pelipper|Pelipper, L50, M|100/100
|switch|p1b: Archaludon|Archaludon, L50, F|100/100
|switch|p2a: Dondozo|Dondozo, L50, M, shiny|100/100
|switch|p2b: Tatsugiri|Tatsugiri, L50, M|100/100
|-weather|RainDance|[from] ability: Drizzle|[of] p1a: Pelipper
|-activate|p2b: Tatsugiri|ability: Commander|[of] p2a: Dondozo
|-boost|p2a: Dondozo|atk|2
|-boost|p2a: Dondozo|spa|2
|-boost|p2a: Dondozo|spe|2
|-boost|p2a: Dondozo|def|2
|-boost|p2a: Dondozo|spd|2
|turn|1
|
|t:|1757158820
|switch|p1a: Farigiraf|Farigiraf, L50, F|100/100
|-terastallize|p2a: Dondozo|Steel
|move|p2a: Dondozo|Rock Slide|p1b: Archaludon|[spread] p1a,p1b
|-resisted|p1b: Archaludon
|-damage|p1a: Farigiraf|70/100
|-damage|p1b: Archaludon|89/100
|-ability|p1b: Archaludon|Stamina|boost
|-boost|p1b: Archaludon|def|1
|cant|p1b: Archaludon|flinch
|
|-weather|RainDance|[upkeep]
|upkeep
|turn|2
|
|t:|1757158837
|move|p2a: Dondozo|Order Up|p1b: Archaludon
|-damage|p1b: Archaludon|55/100
|-ability|p1b: Archaludon|Stamina|boost
|-boost|p1b: Archaludon|def|1
|-boost|p2a: Dondozo|atk|1
|move|p1b: Archaludon|Body Press|p2a: Dondozo
|-supereffective|p2a: Dondozo
|-damage|p2a: Dondozo|85/100
|move|p1a: Farigiraf|Foul Play|p2a: Dondozo
|-damage|p2a: Dondozo|75/100
|
|-weather|RainDance|[upkeep]
|-heal|p2a: Dondozo|82/100|[from] item: Leftovers
|upkeep
|turn|3
|
|t:|1757158853
|move|p2a: Dondozo|Order Up|p1b: Archaludon
|-damage|p1b: Archaludon|8/100
|-ability|p1b: Archaludon|Stamina|boost
|-boost|p1b: Archaludon|def|1
|-boost|p2a: Dondozo|atk|1
|move|p1b: Archaludon|Body Press|p2a: Dondozo
|-supereffective|p2a: Dondozo
|-damage|p2a: Dondozo|67/100
|move|p1a: Farigiraf|Foul Play|p2a: Dondozo
|-crit|p2a: Dondozo
|-damage|p2a: Dondozo|38/100
|
|-weather|RainDance|[upkeep]
|-heal|p2a: Dondozo|44/100|[from] item: Leftovers
|upkeep
|turn|4
|
|t:|1757158869
|switch|p1b: Pelipper|Pelipper, L50, M|100/100
|move|p2a: Dondozo|Order Up|p1a: Farigiraf
|-damage|p1a: Farigiraf|3/100
|-boost|p2a: Dondozo|atk|1
|move|p1a: Farigiraf|Trick Room|p1a: Farigiraf
|-fieldstart|move: Trick Room|[of] p1a: Farigiraf
|
|-weather|RainDance|[upkeep]
|-heal|p2a: Dondozo|50/100|[from] item: Leftovers
|upkeep
|turn|5
|
|t:|1757158880
|move|p2a: Dondozo|Protect|p2a: Dondozo
|-singleturn|p2a: Dondozo|Protect
|move|p1a: Farigiraf|Foul Play|p2a: Dondozo
|-activate|p2a: Dondozo|move: Protect
|move|p1b: Pelipper|Weather Ball|p2a: Dondozo
|-activate|p2a: Dondozo|move: Protect
|
|-weather|none
|-heal|p2a: Dondozo|56/100|[from] item: Leftovers
|upkeep
|turn|6
|
|t:|1757158901
|move|p1a: Farigiraf|Protect|p1a: Farigiraf
|-singleturn|p1a: Farigiraf|Protect
|move|p1b: Pelipper|Rain Dance|p1b: Pelipper
|-weather|RainDance
|move|p2a: Dondozo|Rock Slide|p1a: Farigiraf|[spread] p1b
|-activate|p1a: Farigiraf|move: Protect
|-supereffective|p1b: Pelipper
|-enditem|p1b: Pelipper|Focus Sash
|-damage|p1b: Pelipper|1/100
|
|-weather|RainDance|[upkeep]
|-heal|p2a: Dondozo|62/100|[from] item: Leftovers
|upkeep
|turn|7
|
|t:|1757158919
|move|p2a: Dondozo|Protect|p2a: Dondozo
|-singleturn|p2a: Dondozo|Protect
|move|p1a: Farigiraf|Foul Play|p2a: Dondozo
|-activate|p2a: Dondozo|move: Protect
|move|p1b: Pelipper|Weather Ball|p2a: Dondozo
|-activate|p2a: Dondozo|move: Protect
|
|-weather|RainDance|[upkeep]
|-heal|p2a: Dondozo|68/100|[from] item: Leftovers
|upkeep
|turn|8
|
|t:|1757158934
|move|p1a: Farigiraf|Foul Play|p2a: Dondozo
|-damage|p2a: Dondozo|58/100
|move|p1b: Pelipper|Weather Ball|p2a: Dondozo
|-damage|p2a: Dondozo|30/100
|move|p2a: Dondozo|Rock Slide|p1a: Farigiraf|[spread] p1a,p1b
|-supereffective|p1b: Pelipper
|-damage|p1a: Farigiraf|0 fnt
|-damage|p1b: Pelipper|0 fnt
|faint|p1a: Farigiraf
|faint|p1b: Pelipper
|
|-weather|RainDance|[upkeep]
|-heal|p2a: Dondozo|36/100|[from] item: Leftovers
|-fieldend|move: Trick Room
|upkeep
|
|t:|1757158947
|switch|p1b: Basculegion|Basculegion, L50, M|100/100
|switch|p1a: Archaludon|Archaludon, L50, F|8/100
|turn|9
|
|t:|1757158963
|move|p2a: Dondozo|Protect|p2a: Dondozo
|-singleturn|p2a: Dondozo|Protect
|move|p1b: Basculegion|Last Respects|p2a: Dondozo
|-activate|p2a: Dondozo|move: Protect
|move|p1a: Archaludon|Electro Shot||[still]
|-prepare|p1a: Archaludon|Electro Shot
|-boost|p1a: Archaludon|spa|1
|-anim|p1a: Archaludon|Electro Shot|p2a: Dondozo
|-activate|p2a: Dondozo|move: Protect
|
|-weather|RainDance|[upkeep]
|-heal|p2a: Dondozo|42/100|[from] item: Leftovers
|upkeep
|turn|10
|
|t:|1757158983
|-terastallize|p1b: Basculegion|Water
|move|p1b: Basculegion|Wave Crash|p2a: Dondozo
|-damage|p2a: Dondozo|0 fnt
|faint|p2a: Dondozo
|-damage|p1b: Basculegion|83/100|[from] Recoil
|move|p1a: Archaludon|Electro Shot||[still]
|-prepare|p1a: Archaludon|Electro Shot
|-boost|p1a: Archaludon|spa|1
|-anim|p1a: Archaludon|Electro Shot|p2b: Tatsugiri
|-damage|p2b: Tatsugiri|0 fnt
|faint|p2b: Tatsugiri
|
|-weather|none
|upkeep
|
|t:|1757158998
|switch|p2b: Whimsicott|Whimsicott, L50, M|100/100
|switch|p2a: Gholdengo|Gholdengo, L50|100/100
|turn|11
|
|t:|1757159021
|move|p2b: Whimsicott|Tailwind|p2b: Whimsicott
|-sidestart|p2: chalizhou|move: Tailwind
|move|p1b: Basculegion|Aqua Jet|p2b: Whimsicott
|-resisted|p2b: Whimsicott
|-damage|p2b: Whimsicott|83/100
|move|p2a: Gholdengo|Thunderbolt|p1b: Basculegion
|-supereffective|p1b: Basculegion
|-damage|p1b: Basculegion|0 fnt
|faint|p1b: Basculegion
|move|p1a: Archaludon|Flash Cannon|p2b: Whimsicott
|-supereffective|p2b: Whimsicott
|-damage|p2b: Whimsicott|0 fnt
|faint|p2b: Whimsicott
|
|upkeep
|turn|12
|
|t:|1757159035
|move|p2a: Gholdengo|Thunderbolt|p1a: Archaludon
|-resisted|p1a: Archaludon
|-damage|p1a: Archaludon|0 fnt
|faint|p1a: Archaludon
|
|win|chalizhou
||WowieKazowee is ready for game 2.
