|j|☆Mountainman46
|j|☆paseriman
|html|Mountainman46paseriman    
|uhtml|bestof|Game 2 of a best-of-3
|t:|1757807149
|gametype|doubles
|player|p1|Mountainman46|1|1203
|player|p2|paseriman|265|1313
|gen|9
|tier|[Gen 9] VGC 2025 Reg H (Bo3)
|rated|
|rule|Species Clause: Limit one of each Pokémon
|rule|Item Clause: Limit 1 of each item
|clearpoke
|poke|p1|Pelipper, L50, F|
|poke|p1|Basculegion, L50, M|
|poke|p1|Incineroar, L50, F|
|poke|p1|Archaludon, L50, M|
|poke|p1|Sinistcha, L50|
|poke|p1|Ursaluna, L50, F|
|poke|p2|Ninetales-Alola, L50, M|
|poke|p2|Sneasler, L50, F|
|poke|p2|Dragonite, L50, M|
|poke|p2|Arcanine-Hisui, L50, F|
|poke|p2|Rillaboom, L50, M|
|poke|p2|Gholdengo, L50|
|teampreview|4
|showteam|p1|Pelipper||FocusSash|Drizzle|Hurricane,WeatherBall,Tailwind,Protect|||F|||50|,,,,,Stellar]Basculegion||ChoiceBand|SwiftSwim|WaveCrash,LastRespects,AquaJet,FlipTurn|||M|||50|,,,,,Water]Incineroar||SafetyGoggles|Intimidate|KnockOff,FakeOut,Taunt,PartingShot|||F|||50|,,,,,Flying]Archaludon||AssaultVest|Stamina|ElectroShot,DragonPulse,FlashCannon,BodyPress|||M|||50|,,,,,Grass]Sinistcha||SitrusBerry|Hospitality|MatchaGotcha,RagePowder,LifeDew,TrickRoom||||||50|,,,,,Water]Ursaluna||FlameOrb|Guts|HeadlongRush,Facade,Earthquake,Protect|||F|||50|,,,,,Ghost
|showteam|p2|Ninetales-Alola||FocusSash|SnowWarning|Blizzard,IcyWind,Encore,AuroraVeil|||M|||50|,,,,,Ice]Sneasler||WhiteHerb|Unburden|DireClaw,CloseCombat,FakeOut,Protect|||F|||50|,,,,,Dark]Dragonite||LoadedDice|Multiscale|ScaleShot,StompingTantrum,Tailwind,Protect|||M|||50|,,,,,Ground]Arcanine-Hisui||ClearAmulet|Intimidate|FlareBlitz,RockSlide,ExtremeSpeed,Protect|||F|||50|,,,,,Water]Rillaboom||AssaultVest|GrassySurge|WoodHammer,GrassyGlide,Uturn,FakeOut|||M|||50|,,,,,Fire]Gholdengo||GrassySeed|GoodasGold|MakeItRain,ShadowBall,NastyPlot,Protect||||||50|,,,,,Water
|inactive|Battle timer is ON: inactive players will automatically lose when time's up. (requested by Mountainman46)
|
|t:|1757807174
|teamsize|p1|4
|teamsize|p2|4
|start
|switch|p1a: Sinistcha|Sinistcha, L50|100/100
|switch|p1b: Incineroar|Incineroar, L50, F, shiny|100/100
|switch|p2a: Dragonite|Dragonite, L50, M|100/100
|switch|p2b: Sneasler|Sneasler, L50, F|100/100
|-ability|p1b: Incineroar|Intimidate|boost
|-unboost|p2a: Dragonite|atk|1
|-unboost|p2b: Sneasler|atk|1
|-enditem|p2b: Sneasler|White Herb
|-clearnegativeboost|p2b: Sneasler|[silent]
|turn|1
|inactive|Mountainman46 has 30 seconds left.
|inactive|paseriman has 30 seconds left.
|inactive|Mountainman46 has 20 seconds left.
|inactive|Mountainman46 has 15 seconds left.
|
|t:|1757807215
|move|p2b: Sneasler|Dire Claw|p1a: Sinistcha
|-damage|p1a: Sinistcha|56/100
|move|p2a: Dragonite|Stomping Tantrum|p1b: Incineroar
|-supereffective|p1b: Incineroar
|-damage|p1b: Incineroar|65/100
|move|p1b: Incineroar|Parting Shot|p2b: Sneasler
|-unboost|p2b: Sneasler|atk|1
|-unboost|p2b: Sneasler|spa|1
|
|t:|1757807224
|switch|p1b: Ursaluna|Ursaluna, L50, F, shiny|100/100|[from] Parting Shot
|move|p1a: Sinistcha|Trick Room|p1a: Sinistcha
|-fieldstart|move: Trick Room|[of] p1a: Sinistcha
|
|-status|p1b: Ursaluna|brn|[from] item: Flame Orb
|upkeep
|turn|2
|inactive|Mountainman46 has 30 seconds left.
|
|t:|1757807257
|switch|p1a: Incineroar|Incineroar, L50, F, shiny|65/100
|-ability|p1a: Incineroar|Intimidate|boost
|-unboost|p2a: Dragonite|atk|1
|-unboost|p2b: Sneasler|atk|1
|move|p2b: Sneasler|Protect|p2b: Sneasler
|-singleturn|p2b: Sneasler|Protect
|move|p1b: Ursaluna|Facade|p2b: Sneasler
|-activate|p2b: Sneasler|move: Protect
|move|p2a: Dragonite|Scale Shot|p1b: Ursaluna
|-damage|p1b: Ursaluna|95/100 brn
|-damage|p1b: Ursaluna|88/100 brn
|-damage|p1b: Ursaluna|83/100 brn
|-damage|p1b: Ursaluna|77/100 brn
|-damage|p1b: Ursaluna|71/100 brn
|-hitcount|p1b: Ursaluna|5
|-unboost|p2a: Dragonite|def|1
|-boost|p2a: Dragonite|spe|1
|
|-damage|p1b: Ursaluna|65/100 brn|[from] brn
|upkeep
|turn|3
|inactive|Mountainman46 has 30 seconds left.
|inactive|paseriman has 30 seconds left.
|
|t:|1757807288
|switch|p2b: Gholdengo|Gholdengo, L50|100/100
|move|p2a: Dragonite|Protect|p2a: Dragonite
|-singleturn|p2a: Dragonite|Protect
|move|p1b: Ursaluna|Facade|p2b: Gholdengo
|-immune|p2b: Gholdengo
|move|p1a: Incineroar|Knock Off|p2a: Dragonite
|-activate|p2a: Dragonite|move: Protect
|
|-damage|p1b: Ursaluna|59/100 brn|[from] brn
|upkeep
|turn|4
|inactive|Mountainman46 has 30 seconds left.
|
|t:|1757807314
|switch|p1a: Sinistcha|Sinistcha, L50|56/100
|-heal|p1b: Ursaluna|84/100 brn|[from] ability: Hospitality|[of] p1a: Sinistcha
|switch|p2a: Ninetales|Ninetales-Alola, L50, M|100/100
|-weather|Snowscape|[from] ability: Snow Warning|[of] p2a: Ninetales
|move|p2b: Gholdengo|Protect|p2b: Gholdengo
|-singleturn|p2b: Gholdengo|Protect
|move|p1b: Ursaluna|Facade|p2a: Ninetales
|-enditem|p2a: Ninetales|Focus Sash
|-damage|p2a: Ninetales|1/100
|
|-weather|Snowscape|[upkeep]
|-damage|p1b: Ursaluna|78/100 brn|[from] brn
|upkeep
|turn|5
|inactive|Mountainman46 has 30 seconds left.
|inactive|paseriman has 30 seconds left.
|inactive|paseriman has 20 seconds left.
|inactive|paseriman has 15 seconds left.
|
|t:|1757807359
|switch|p2b: Dragonite|Dragonite, L50, M|100/100
|move|p1b: Ursaluna|Headlong Rush|p2b: Dragonite
|-immune|p2b: Dragonite
|move|p1a: Sinistcha|Matcha Gotcha|p2a: Ninetales|[spread] p2a,p2b
|-resisted|p2b: Dragonite
|-damage|p2a: Ninetales|0 fnt
|-heal|p1a: Sinistcha|56/100|[from] drain|[of] p2a: Ninetales
|-damage|p2b: Dragonite|98/100
|-heal|p1a: Sinistcha|58/100|[from] drain|[of] p2b: Dragonite
|faint|p2a: Ninetales
|
|-weather|Snowscape|[upkeep]
|-damage|p1b: Ursaluna|72/100 brn|[from] brn
|-fieldend|move: Trick Room
|upkeep
|
|t:|1757807378
|switch|p2a: Gholdengo|Gholdengo, L50|100/100
|turn|6
|
|t:|1757807402
|switch|p1a: Incineroar|Incineroar, L50, F, shiny|65/100
|-ability|p1a: Incineroar|Intimidate|boost
|-unboost|p2a: Gholdengo|atk|1
|-unboost|p2b: Dragonite|atk|1
|switch|p1b: Archaludon|Archaludon, L50, M|100/100
|move|p2b: Dragonite|Scale Shot|p1a: Incineroar
|-damage|p1a: Incineroar|54/100
|-damage|p1a: Incineroar|44/100
|-damage|p1a: Incineroar|34/100
|-damage|p1a: Incineroar|23/100
|-damage|p1a: Incineroar|14/100
|-hitcount|p1a: Incineroar|5
|-unboost|p2b: Dragonite|def|1
|-boost|p2b: Dragonite|spe|1
|move|p2a: Gholdengo|Shadow Ball|p1a: Incineroar
|-resisted|p1a: Incineroar
|-damage|p1a: Incineroar|0 fnt
|faint|p1a: Incineroar
|
|-weather|Snowscape|[upkeep]
|upkeep
|
|t:|1757807426
|switch|p1a: Ursaluna|Ursaluna, L50, F, shiny|72/100 brn
|turn|7
|
|t:|1757807447
|move|p2a: Gholdengo|Protect|p2a: Gholdengo
|-singleturn|p2a: Gholdengo|Protect
|move|p1a: Ursaluna|Protect|p1a: Ursaluna
|-singleturn|p1a: Ursaluna|Protect
|move|p2b: Dragonite|Scale Shot|p1a: Ursaluna
|-activate|p1a: Ursaluna|move: Protect
|move|p1b: Archaludon|Dragon Pulse|p2b: Dragonite
|-supereffective|p2b: Dragonite
|-damage|p2b: Dragonite|15/100
|
|-weather|Snowscape|[upkeep]
|-damage|p1a: Ursaluna|65/100 brn|[from] brn
|upkeep
|turn|8
|
|t:|1757807469
|switch|p1b: Sinistcha|Sinistcha, L50|58/100
|-heal|p1a: Ursaluna|90/100 brn|[from] ability: Hospitality|[of] p1b: Sinistcha
|move|p2b: Dragonite|Scale Shot|p1a: Ursaluna
|-crit|p1a: Ursaluna
|-damage|p1a: Ursaluna|73/100 brn
|-damage|p1a: Ursaluna|66/100 brn
|-damage|p1a: Ursaluna|59/100 brn
|-damage|p1a: Ursaluna|52/100 brn
|-damage|p1a: Ursaluna|44/100 brn
|-hitcount|p1a: Ursaluna|5
|-unboost|p2b: Dragonite|def|1
|-boost|p2b: Dragonite|spe|1
|move|p2a: Gholdengo|Make It Rain|p1a: Ursaluna|[spread] p1a,p1b
|-damage|p1a: Ursaluna|0 fnt
|-damage|p1b: Sinistcha|17/100
|-unboost|p2a: Gholdengo|spa|1
|-enditem|p1b: Sinistcha|Sitrus Berry|[eat]
|-heal|p1b: Sinistcha|42/100|[from] item: Sitrus Berry
|faint|p1a: Ursaluna
|
|-weather|none
|upkeep
|
|t:|1757807492
|switch|p1a: Archaludon|Archaludon, L50, M|100/100
|turn|9
|inactive|Mountainman46 has 30 seconds left.
|inactive|Mountainman46 has 20 seconds left.
|inactive|Mountainman46 has 15 seconds left.
|
|t:|1757807532
|move|p1b: Sinistcha|Rage Powder|p1b: Sinistcha
|-singleturn|p1b: Sinistcha|move: Rage Powder
|move|p2b: Dragonite|Scale Shot|p1b: Sinistcha
|-crit|p1b: Sinistcha
|-damage|p1b: Sinistcha|19/100
|-damage|p1b: Sinistcha|10/100
|-damage|p1b: Sinistcha|0 fnt
|faint|p1b: Sinistcha
|-hitcount|p1: Sinistcha|3
|-unboost|p2b: Dragonite|def|1
|-boost|p2b: Dragonite|spe|1
|move|p1a: Archaludon|Dragon Pulse|p2b: Dragonite
|-supereffective|p2b: Dragonite
|-damage|p2b: Dragonite|0 fnt
|faint|p2b: Dragonite
|move|p2a: Gholdengo|Shadow Ball|p1a: Archaludon
|-damage|p1a: Archaludon|82/100
|-ability|p1a: Archaludon|Stamina|boost
|-boost|p1a: Archaludon|def|1
|
|upkeep
|
|t:|1757807551
|switch|p2b: Sneasler|Sneasler, L50, F|100/100
|turn|10
|
|t:|1757807559
|-terastallize|p1a: Archaludon|Grass
|move|p2b: Sneasler|Fake Out|p1a: Archaludon
|-damage|p1a: Archaludon|74/100
|-ability|p1a: Archaludon|Stamina|boost
|-boost|p1a: Archaludon|def|1
|cant|p1a: Archaludon|flinch
|move|p2a: Gholdengo|Nasty Plot|p2a: Gholdengo
|-boost|p2a: Gholdengo|spa|2
|
|upkeep
|turn|11
|
|t:|1757807578
|move|p2b: Sneasler|Dire Claw|p1a: Archaludon
|-supereffective|p1a: Archaludon
|-damage|p1a: Archaludon|38/100
|-ability|p1a: Archaludon|Stamina|boost
|-boost|p1a: Archaludon|def|1
|move|p1a: Archaludon|Dragon Pulse|p2a: Gholdengo
|-resisted|p2a: Gholdengo
|-damage|p2a: Gholdengo|83/100
|move|p2a: Gholdengo|Nasty Plot|p2a: Gholdengo
|-boost|p2a: Gholdengo|spa|2
|
|upkeep
|turn|12
|
|t:|1757807590
|move|p2b: Sneasler|Dire Claw|p1a: Archaludon
|-supereffective|p1a: Archaludon
|-crit|p1a: Archaludon
|-damage|p1a: Archaludon|0 fnt
|faint|p1a: Archaludon
|
|win|paseriman
|raw|Mountainman46's rating: 1203 → 1186(-17 for losing)
|raw|paseriman's rating: 1313 → 1327(+14 for winning)
|l|☆paseriman
|player|p2|
