|j|☆trainerredvgc26
|j|☆raylof
|html|trainerredvgc26raylof    
|uhtml|bestof|Game 1 of a best-of-3
|t:|1756349520
|gametype|doubles
|player|p1|trainerredvgc26|1|1139
|player|p2|raylof|169|1183
|gen|9
|tier|[Gen 9] VGC 2025 Reg H (Bo3)
|rated|
|rule|Species Clause: Limit one of each Pokémon
|rule|Item Clause: Limit 1 of each item
|clearpoke
|poke|p1|Jumpluff, L50, M|
|poke|p1|Charizard, L50, M|
|poke|p1|Incineroar, L50, M|
|poke|p1|Porygon2, L50|
|poke|p1|Ursaluna, L50, M|
|poke|p1|Torkoal, L50, M|
|poke|p2|Dragonite, L50, F|
|poke|p2|Ursaluna-Bloodmoon, L50, M|
|poke|p2|Gholdengo, L50|
|poke|p2|Incineroar, L50, F|
|poke|p2|Amoonguss, L50, F|
|poke|p2|Ninetales-Alola, L50, F|
|teampreview|4
|showteam|p1|Jumpluff||CovertCloak|Chlorophyll|SleepPowder,SunnyDay,RagePowder,Tailwind|||M|||50|,,,,,Water]Charizard||ChoiceSpecs|SolarPower|HeatWave,Overheat,WeatherBall,AirSlash|||M|||50|,,,,,Ghost]Incineroar||SitrusBerry|Intimidate|FlareBlitz,KnockOff,FakeOut,PartingShot|||M|||50|,,,,,Grass]Porygon2||Eviolite|Download|TeraBlast,IceBeam,Recover,TrickRoom||||||50|,,,,,Fighting]Ursaluna||FlameOrb|Guts|HeadlongRush,Facade,Earthquake,Protect|||M|||50|,,,,,Ghost]Torkoal||EjectPack|Drought|Eruption,Overheat,HelpingHand,Protect|||M|||50|,,,,,Fire
|showteam|p2|Dragonite||LoadedDice|Multiscale|ScaleShot,Haze,Protect,Tailwind|||F|||50|,,,,,Fairy]Ursaluna-Bloodmoon||AssaultVest|MindsEye|BloodMoon,HyperVoice,VacuumWave,EarthPower|||M|||50|,,,,,Ghost]Gholdengo||LifeOrb|GoodasGold|MakeItRain,ShadowBall,Protect,NastyPlot||||||50|,,,,,Water]Incineroar||SafetyGoggles|Intimidate|KnockOff,FakeOut,FlareBlitz,PartingShot|||F|||50|,,,,,Ghost]Amoonguss||SitrusBerry|Regenerator|PollenPuff,Spore,RagePowder,Protect|||F|||50|,,,,,Water]Ninetales-Alola||LightClay|SnowWarning|IcyWind,FreezeDry,Protect,AuroraVeil|||F|||50|,,,,,Ghost
|inactive|Battle timer is ON: inactive players will automatically lose when time's up. (requested by trainerredvgc26)
|inactive|raylof has 60 seconds left.
|
|t:|1756349583
|teamsize|p1|4
|teamsize|p2|4
|start
|switch|p1a: Raven|Charizard, L50, M, shiny|100/100
|switch|p1b: Starbreaker|Porygon2, L50|100/100
|switch|p2a: Dragonite|Dragonite, L50, F|100/100
|switch|p2b: Ursaluna|Ursaluna-Bloodmoon, L50, M|100/100
|-ability|p1b: Starbreaker|Download|boost
|-boost|p1b: Starbreaker|spa|1
|turn|1
|inactive|raylof has 30 seconds left.
|
|t:|1756349611
|move|p1a: Raven|Heat Wave|p2b: Ursaluna|[spread] p2a,p2b
|-resisted|p2a: Dragonite
|-damage|p2a: Dragonite|87/100
|-damage|p2b: Ursaluna|70/100
|move|p2a: Dragonite|Scale Shot|p1a: Raven
|-damage|p1a: Raven|79/100
|-damage|p1a: Raven|57/100
|-damage|p1a: Raven|35/100
|-damage|p1a: Raven|14/100
|-damage|p1a: Raven|0 fnt
|faint|p1a: Raven
|-hitcount|p1: Raven|5
|-unboost|p2a: Dragonite|def|1
|-boost|p2a: Dragonite|spe|1
|move|p2b: Ursaluna|Earth Power|p1b: Starbreaker
|-damage|p1b: Starbreaker|70/100
|move|p1b: Starbreaker|Trick Room|p1b: Starbreaker
|-fieldstart|move: Trick Room|[of] p1b: Starbreaker
|
|upkeep
|
|t:|1756349629
|switch|p1a: Turtle|Torkoal, L50, M|100/100
|-weather|SunnyDay|[from] ability: Drought|[of] p1a: Turtle
|turn|2
|
|t:|1756349646
|switch|p2b: Incineroar|Incineroar, L50, F|100/100
|-ability|p2b: Incineroar|Intimidate|boost
|-unboost|p1a: Turtle|atk|1
|-unboost|p1b: Starbreaker|atk|1
|-enditem|p1a: Turtle|Eject Pack
|
|t:|1756349651
|switch|p1a: Baloo|Ursaluna, L50, M, shiny|100/100
|move|p2a: Dragonite|Protect|p2a: Dragonite
|-singleturn|p2a: Dragonite|Protect
|move|p1b: Starbreaker|Ice Beam|p2a: Dragonite
|-activate|p2a: Dragonite|move: Protect
|
|-weather|SunnyDay|[upkeep]
|-status|p1a: Baloo|brn|[from] item: Flame Orb
|upkeep
|turn|3
|inactive|raylof has 30 seconds left.
|inactive|raylof has 20 seconds left.
|inactive|raylof has 15 seconds left.
|inactive|raylof has 10 seconds left.
|
|t:|1756349701
|switch|p2a: Ursaluna|Ursaluna-Bloodmoon, L50, M|70/100
|-terastallize|p1a: Baloo|Ghost
|move|p1b: Starbreaker|Ice Beam|p2a: Ursaluna
|-supereffective|p2a: Ursaluna
|-damage|p2a: Ursaluna|12/100
|move|p1a: Baloo|Headlong Rush|p2b: Incineroar
|-supereffective|p2b: Incineroar
|-damage|p2b: Incineroar|0 fnt
|-unboost|p1a: Baloo|def|1
|-unboost|p1a: Baloo|spd|1
|faint|p2b: Incineroar
|
|-weather|SunnyDay|[upkeep]
|-damage|p1a: Baloo|95/100 brn|[from] brn
|upkeep
|
|t:|1756349718
|switch|p2b: Dragonite|Dragonite, L50, F|87/100
|turn|4
|
|t:|1756349738
|switch|p2b: Gholdengo|Gholdengo, L50|100/100
|move|p2a: Ursaluna|Vacuum Wave|p1a: Baloo
|-damage|p1a: Baloo|72/100 brn
|move|p1b: Starbreaker|Recover|p1b: Starbreaker
|-heal|p1b: Starbreaker|100/100
|move|p1a: Baloo|Facade|p2a: Ursaluna
|-damage|p2a: Ursaluna|0 fnt
|faint|p2a: Ursaluna
|
|-weather|SunnyDay|[upkeep]
|-damage|p1a: Baloo|66/100 brn|[from] brn
|upkeep
|
|t:|1756349749
|switch|p2a: Dragonite|Dragonite, L50, F|87/100
|turn|5
|
|t:|1756349770
|switch|p1a: Turtle|Torkoal, L50, M|100/100
|-terastallize|p2b: Gholdengo|Water
|move|p2a: Dragonite|Protect|p2a: Dragonite
|-singleturn|p2a: Dragonite|Protect
|move|p1b: Starbreaker|Ice Beam|p2a: Dragonite
|-activate|p2a: Dragonite|move: Protect
|move|p2b: Gholdengo|Nasty Plot|p2b: Gholdengo
|-boost|p2b: Gholdengo|spa|2
|
|-weather|SunnyDay|[upkeep]
|-fieldend|move: Trick Room
|upkeep
|turn|6
|inactive|trainerredvgc26 has 30 seconds left.
|
|t:|1756349795
|move|p2b: Gholdengo|Make It Rain|p1b: Starbreaker|[spread] p1a,p1b
|-resisted|p1a: Turtle
|-damage|p1a: Turtle|28/100
|-damage|p1b: Starbreaker|30/100
|-unboost|p2b: Gholdengo|spa|1
|-damage|p2b: Gholdengo|91/100|[from] item: Life Orb
|move|p2a: Dragonite|Scale Shot|p1b: Starbreaker
|-damage|p1b: Starbreaker|20/100
|-damage|p1b: Starbreaker|10/100
|-damage|p1b: Starbreaker|1/100
|-damage|p1b: Starbreaker|0 fnt
|faint|p1b: Starbreaker
|-hitcount|p1: Starbreaker|4
|-unboost|p2a: Dragonite|def|1
|-boost|p2a: Dragonite|spe|1
|move|p1a: Turtle|Overheat|p2b: Gholdengo|[miss]
|-miss|p1a: Turtle|p2b: Gholdengo
|
|-weather|none
|upkeep
|
|t:|1756349815
|switch|p1b: Baloo|Ursaluna, L50, M, shiny, tera:Ghost|66/100 brn
|turn|7
|
|t:|1756349825
|move|p2a: Dragonite|Scale Shot|p1a: Turtle
|-damage|p1a: Turtle|17/100
|-damage|p1a: Turtle|6/100
|-damage|p1a: Turtle|0 fnt
|faint|p1a: Turtle
|-hitcount|p1: Turtle|3
|-unboost|p2a: Dragonite|def|1
|-boost|p2a: Dragonite|spe|1
|move|p2b: Gholdengo|Shadow Ball|p1b: Baloo
|-supereffective|p1b: Baloo
|-damage|p1b: Baloo|0 fnt
|faint|p1b: Baloo
|-damage|p2b: Gholdengo|82/100|[from] item: Life Orb
|
|win|raylof
||trainerredvgc26 is ready for game 2.
|inactive|raylof has 30 seconds to confirm battle start!
|inactive|raylof has 20 seconds to confirm battle start!
||raylof is ready for game 2.
|uhtml|next|Next: Game 2 of 3
