|j|☆Slo-mmo-o
|j|☆Gaguimpact
|html|Slo-mmo-oGaguimpact    
|uhtml|bestof|Game 2 of a best-of-3
|t:|1756476164
|gametype|doubles
|player|p1|Slo-mmo-o|lance|1079
|player|p2|Gaguimpact|2|1045
|gen|9
|tier|[Gen 9] VGC 2025 Reg H (Bo3)
|rated|
|rule|Species Clause: Limit one of each Pokémon
|rule|Item Clause: Limit 1 of each item
|clearpoke
|poke|p1|Kommo-o, L50, F|
|poke|p1|Ninetales-Alola, L50, F|
|poke|p1|Rillaboom, L50, M|
|poke|p1|Electabuzz, L50, M|
|poke|p1|Annihilape, L50, M|
|poke|p1|Kingambit, L50, F|
|poke|p2|Armarouge, L50, M|
|poke|p2|Zoroark-Hisui, L50, F|
|poke|p2|Indeedee-F, L50, F|
|poke|p2|Maushold-Four, L50|
|poke|p2|Gastrodon-East, L50, F|
|poke|p2|Archaludon, L50, M|
|teampreview|4
|showteam|p1|Kommo-o||LifeOrb|Soundproof|ClangingScales,AuraSphere,Flamethrower,Protect|||F|||50|,,,,,Fire]Ninetales-Alola||NeverMeltIce|SnowWarning|Blizzard,FreezeDry,Encore,Protect|||F|||50|,,,,,Ice]Rillaboom||AssaultVest|GrassySurge|WoodHammer,GrassyGlide,HighHorsepower,FakeOut|||M|||50|,,,,,Poison]Electabuzz||Eviolite|VitalSpirit|Electroweb,HelpingHand,FollowMe,Protect|||M|||50|,,,,,Ghost]Annihilape||FocusSash|Defiant|CloseCombat,ShadowClaw,FinalGambit,Taunt|||M|||50|,,,,,Stellar]Kingambit||BlackGlasses|Defiant|KowtowCleave,SuckerPunch,SwordsDance,Protect|||F|||50|,,,,,Dark
|showteam|p2|Armarouge||WeaknessPolicy|WeakArmor|ExpandingForce,Flamethrower,AuraSphere,Endure|||M|||50|,,,,,Dark]Zoroark-Hisui||ChoiceScarf|Illusion|IcyWind,ShadowBall,Trick,Uturn|||F|||50|,,,,,Dark]Indeedee-F||SafetyGoggles|PsychicSurge|FollowMe,TrickRoom,Imprison,HyperVoice|||F|||50|,,,,,Fairy]Maushold-Four||WideLens|Technician|PopulationBomb,FollowMe,Encore,Protect||||||50|,,,,,Ghost]Gastrodon-East||SitrusBerry|StormDrain|EarthPower,MuddyWater,Yawn,Protect|||F|||50|,,,,,Fire]Archaludon||AssaultVest|Stamina|DragonPulse,ElectroShot,FlashCannon,BodyPress|||M|||50|,,,,,Grass
|inactive|Battle timer is ON: inactive players will automatically lose when time's up. (requested by Gaguimpact)
|
|t:|1756476213
|teamsize|p1|4
|teamsize|p2|4
|start
|switch|p1a: Buzz Lightyear|Electabuzz, L50, M|100/100
|switch|p1b: Queen Goober|Kingambit, L50, F, shiny|100/100
|switch|p2a: Maushold|Maushold-Four, L50|100/100
|switch|p2b: Indeedee|Indeedee-F, L50, F|100/100
|-fieldstart|move: Psychic Terrain|[from] ability: Psychic Surge|[of] p2b: Indeedee
|turn|1
|
|t:|1756476237
|switch|p2b: Archaludon|Archaludon, L50, M|100/100
|-terastallize|p1a: Buzz Lightyear|Ghost
|move|p1a: Buzz Lightyear|Follow Me|p1a: Buzz Lightyear
|-singleturn|p1a: Buzz Lightyear|move: Follow Me
|move|p2a: Maushold|Population Bomb|p1a: Buzz Lightyear
|-immune|p1a: Buzz Lightyear
|move|p1b: Queen Goober|Swords Dance|p1b: Queen Goober
|-boost|p1b: Queen Goober|atk|2
|
|upkeep
|turn|2
|inactive|Gaguimpact has 30 seconds left.
|
|t:|1756476267
|move|p1a: Buzz Lightyear|Follow Me|p1a: Buzz Lightyear
|-singleturn|p1a: Buzz Lightyear|move: Follow Me
|move|p2a: Maushold|Encore|p1a: Buzz Lightyear
|-start|p1a: Buzz Lightyear|Encore
|move|p2b: Archaludon|Dragon Pulse|p1a: Buzz Lightyear
|-damage|p1a: Buzz Lightyear|72/100
|move|p1b: Queen Goober|Kowtow Cleave|p2a: Maushold
|-damage|p2a: Maushold|0 fnt
|faint|p2a: Maushold
|
|upkeep
|
|t:|1756476278
|switch|p2a: Armarouge|Armarouge, L50, M|100/100
|turn|3
|inactive|Gaguimpact has 30 seconds left.
|inactive|Gaguimpact has 20 seconds left.
|
|t:|1756476317
|-terastallize|p2a: Armarouge|Dark
|move|p1a: Buzz Lightyear|Follow Me|p1a: Buzz Lightyear
|-singleturn|p1a: Buzz Lightyear|move: Follow Me
|move|p2b: Archaludon|Dragon Pulse|p1a: Buzz Lightyear
|-damage|p1a: Buzz Lightyear|39/100
|move|p2a: Armarouge|Flamethrower|p1a: Buzz Lightyear
|-damage|p1a: Buzz Lightyear|0 fnt
|faint|p1a: Buzz Lightyear
|move|p1b: Queen Goober|Kowtow Cleave|p2a: Armarouge
|-resisted|p2a: Armarouge
|-damage|p2a: Armarouge|43/100
|-ability|p2a: Armarouge|Weak Armor|boost
|-unboost|p2a: Armarouge|def|1
|-boost|p2a: Armarouge|spe|2
|
|upkeep
|
|t:|1756476329
|switch|p1a: Monkey Gong|Rillaboom, L50, M|100/100
|-fieldstart|move: Grassy Terrain|[from] ability: Grassy Surge|[of] p1a: Monkey Gong
|turn|4
|
|t:|1756476351
|switch|p2b: Indeedee|Indeedee-F, L50, F|100/100
|-fieldstart|move: Psychic Terrain|[from] ability: Psychic Surge|[of] p2b: Indeedee
|move|p2a: Armarouge|Endure|p2a: Armarouge
|-singleturn|p2a: Armarouge|move: Endure
|move|p1b: Queen Goober|Protect|p1b: Queen Goober
|-singleturn|p1b: Queen Goober|Protect
|move|p1a: Monkey Gong|Wood Hammer|p2a: Armarouge
|-activate|p2a: Armarouge|move: Endure
|-damage|p2a: Armarouge|1/100
|-ability|p2a: Armarouge|Weak Armor|boost
|-unboost|p2a: Armarouge|def|1
|-boost|p2a: Armarouge|spe|2
|-damage|p1a: Monkey Gong|88/100|[from] Recoil
|
|upkeep
|turn|5
|
|t:|1756476376
|switch|p1a: Kommodo-Moʻo|Kommo-o, L50, F, shiny|100/100
|move|p2b: Indeedee|Follow Me|p2b: Indeedee
|-singleturn|p2b: Indeedee|move: Follow Me
|move|p2a: Armarouge|Flamethrower|p1a: Kommodo-Moʻo
|-resisted|p1a: Kommodo-Moʻo
|-damage|p1a: Kommodo-Moʻo|73/100
|move|p1b: Queen Goober|Kowtow Cleave|p2b: Indeedee
|-supereffective|p2b: Indeedee
|-damage|p2b: Indeedee|0 fnt
|faint|p2b: Indeedee
|
|upkeep
|
|t:|1756476387
|switch|p2b: Archaludon|Archaludon, L50, M|100/100
|turn|6
|
|t:|1756476398
|switch|p1a: Monkey Gong|Rillaboom, L50, M|88/100
|-fieldstart|move: Grassy Terrain|[from] ability: Grassy Surge|[of] p1a: Monkey Gong
|move|p1b: Queen Goober|Protect|p1b: Queen Goober
|-singleturn|p1b: Queen Goober|Protect
|move|p2a: Armarouge|Aura Sphere|p1b: Queen Goober
|-activate|p1b: Queen Goober|move: Protect
|move|p2b: Archaludon|Dragon Pulse|p1a: Monkey Gong
|-damage|p1a: Monkey Gong|62/100
|
|-heal|p2a: Armarouge|7/100|[from] Grassy Terrain
|-heal|p1a: Monkey Gong|68/100|[from] Grassy Terrain
|upkeep
|turn|7
|
|t:|1756476414
|move|p2a: Armarouge|Endure|p2a: Armarouge
|-singleturn|p2a: Armarouge|move: Endure
|move|p1b: Queen Goober|Sucker Punch|p2b: Archaludon
|-damage|p2b: Archaludon|33/100
|-ability|p2b: Archaludon|Stamina|boost
|-boost|p2b: Archaludon|def|1
|move|p1a: Monkey Gong|High Horsepower|p2b: Archaludon
|-supereffective|p2b: Archaludon
|-damage|p2b: Archaludon|5/100
|-ability|p2b: Archaludon|Stamina|boost
|-boost|p2b: Archaludon|def|1
|move|p2b: Archaludon|Body Press|p1b: Queen Goober
|-supereffective|p1b: Queen Goober
|-damage|p1b: Queen Goober|0 fnt
|faint|p1b: Queen Goober
|
|-heal|p2a: Armarouge|13/100|[from] Grassy Terrain
|-heal|p1a: Monkey Gong|74/100|[from] Grassy Terrain
|-heal|p2b: Archaludon|11/100|[from] Grassy Terrain
|upkeep
|
|t:|1756476419
|switch|p1b: Kommodo-Moʻo|Kommo-o, L50, F, shiny|73/100
|turn|8
|
|t:|1756476437
|move|p1a: Monkey Gong|Grassy Glide|p2a: Armarouge
|-damage|p2a: Armarouge|0 fnt
|faint|p2a: Armarouge
|move|p1b: Kommodo-Moʻo|Aura Sphere|p2b: Archaludon
|-supereffective|p2b: Archaludon
|-damage|p2b: Archaludon|0 fnt
|faint|p2b: Archaludon
|-damage|p1b: Kommodo-Moʻo|64/100|[from] item: Life Orb
|
|win|Slo-mmo-o
||Slo-mmo-o is ready for game 3.
||Gaguimpact is ready for game 3.
|uhtml|next|Next: Game 3 of 3
|l|☆Slo-mmo-o
|player|p1|
|j|☆Slo-mmo-o
|player|p1|Slo-mmo-o|lance|
