|j|☆phoenix burner
|j|☆sky yeh
|html|phoenix burnersky yeh    
|uhtml|bestof|Game 1 of a best-of-3
|t:|1785246008
|gametype|doubles
|player|p1|phoenix burner|101|
|player|p2|sky yeh|perrin|
|gen|9
|tier|[Gen 9 Champions] VGC 2026 Reg M-B (Bo3)
|rule|Species Clause: Limit one of each Pokémon
|rule|Item Clause: Limit 1 of each item
|clearpoke
|poke|p1|Camerupt, L50, M, shiny|
|poke|p1|Kingambit, L50, M, shiny|
|poke|p1|Basculegion, L50, M, shiny|
|poke|p1|Kangaskhan, L50, F, shiny|
|poke|p1|Glimmora, L50, M, shiny|
|poke|p1|Farigiraf, L50, F, shiny|
|poke|p2|Charizard, L50, M, shiny|
|poke|p2|Venusaur, L50, F|
|poke|p2|Archaludon, L50, M|
|poke|p2|Pelipper, L50, F|
|poke|p2|Basculegion, L50, M|
|poke|p2|Grimmsnarl, L50, M, shiny|
|teampreview|4
|showteam|p1|Camerupt||Cameruptite|SolidRock|HeatWave,EarthPower,Protect,AncientPower|Quiet||M|||50|]Kingambit||BlackGlasses|Defiant|KowtowCleave,IronHead,Protect,SuckerPunch|Adamant||M|||50|]Basculegion||MysticWater|Adaptability|WaveCrash,LastRespects,Protect,AquaJet|Adamant||M|||50|]Kangaskhan||LifeOrb|Scrappy|DoubleEdge,LowKick,IcePunch,FakeOut|Adamant||F|||50|]Glimmora||FocusSash|ToxicDebris|PowerGem,SludgeBomb,SpikyShield,EarthPower|Modest||M|||50|]Farigiraf||SitrusBerry|ArmorTail|Psychic,HyperVoice,TrickRoom,HelpingHand|Bold||F|||50|
|showteam|p2|Charizard||CharizarditeY|Blaze|WeatherBall,HeatWave,SolarBeam,Protect|Modest||M|||50|]Venusaur||FocusSash|Chlorophyll|SludgeBomb,EarthPower,SleepPowder,Protect|Timid||F|||50|]Archaludon||Leftovers|Stamina|DragonPulse,FlashCannon,ElectroShot,Protect|Calm||M|||50|]Pelipper||SitrusBerry|Drizzle|Hurricane,WeatherBall,Tailwind,WideGuard|Modest||F|||50|]Basculegion||ChoiceScarf|Adaptability|LastRespects,WaveCrash,FlipTurn,AquaJet|Jolly||M|||50|]Grimmsnarl||LightClay|Prankster|SpiritBreak,Reflect,LightScreen,PartingShot|Impish||M|||50|
|inactive|Battle timer is ON: inactive players will automatically lose when time's up. (requested by phoenix burner)
|inactive|sky yeh has 60 seconds left.
|inactive|sky yeh has 30 seconds left.
|inactive|sky yeh has 20 seconds left.
|inactive|sky yeh has 15 seconds left.
|
|t:|1785246090
|teamsize|p1|4
|teamsize|p2|4
|start
|switch|p1a: Glimmora|Glimmora, L50, M, shiny|100/100
|switch|p1b: Farigiraf|Farigiraf, L50, F, shiny|100/100
|switch|p2a: Basculegion|Basculegion, L50, M|100/100
|switch|p2b: Grimmsnarl|Grimmsnarl, L50, M, shiny|100/100
|turn|1
|inactive|sky yeh has 30 seconds left.
|inactive|sky yeh has 20 seconds left.
|inactive|sky yeh has 15 seconds left.
|inactive|sky yeh has 10 seconds left.
|
|t:|1785246138
|switch|p2b: Pelipper|Pelipper, L50, F|100/100
|-weather|RainDance|[from] ability: Drizzle|[of] p2b: Pelipper
|move|p2a: Basculegion|Flip Turn|p1b: Farigiraf
|-damage|p1b: Farigiraf|51/100
|
|t:|1785246145
|switch|p2a: Grimmsnarl|Grimmsnarl, L50, M, shiny|100/100|[from] Flip Turn
|move|p1a: Glimmora|Sludge Bomb|p2b: Pelipper
|-damage|p2b: Pelipper|31/100
|-status|p2b: Pelipper|psn
|-enditem|p2b: Pelipper|Sitrus Berry|[eat]
|-heal|p2b: Pelipper|56/100 psn|[from] item: Sitrus Berry
|move|p1b: Farigiraf|Trick Room|p1b: Farigiraf
|-fieldstart|move: Trick Room|[of] p1b: Farigiraf
|
|-weather|RainDance|[upkeep]
|-damage|p2b: Pelipper|44/100 psn|[from] psn
|upkeep
|turn|2
|inactive|sky yeh has 30 seconds left.
|inactive|sky yeh has 20 seconds left.
|
|t:|1785246183
|move|p2a: Grimmsnarl|Light Screen|p2a: Grimmsnarl
|-sidestart|p2: sky yeh|move: Light Screen
|move|p1b: Farigiraf|Psychic|p2b: Pelipper
|-damage|p2b: Pelipper|13/100 psn
|move|p2b: Pelipper|Weather Ball|p1a: Glimmora
|-supereffective|p1a: Glimmora|1
|-enditem|p1a: Glimmora|Focus Sash
|-damage|p1a: Glimmora|1/100
|move|p1a: Glimmora|Sludge Bomb|p2a: Grimmsnarl
|-supereffective|p2a: Grimmsnarl|1
|-damage|p2a: Grimmsnarl|40/100
|
|-weather|RainDance|[upkeep]
|-damage|p2b: Pelipper|1/100 psn|[from] psn
|upkeep
|turn|3
|inactive|phoenix burner has 30 seconds left.
|inactive|sky yeh has 30 seconds left.
|
|t:|1785246216
|switch|p1a: Kangaskhan|Kangaskhan, L50, F, shiny|100/100
|move|p2b: Pelipper|Wide Guard|p2b: Pelipper
|-singleturn|p2b: Pelipper|Wide Guard
|move|p1b: Farigiraf|Hyper Voice|p2b: Pelipper|[spread] 
|-activate|p2a: Grimmsnarl|move: Wide Guard
|-activate|p2b: Pelipper|move: Wide Guard
|move|p2a: Grimmsnarl|Spirit Break|p1b: Farigiraf
|-crit|p1b: Farigiraf
|-damage|p1b: Farigiraf|16/100
|-unboost|p1b: Farigiraf|spa|1
|-enditem|p1b: Farigiraf|Sitrus Berry|[eat]
|-heal|p1b: Farigiraf|41/100|[from] item: Sitrus Berry
|
|-weather|RainDance|[upkeep]
|-damage|p2b: Pelipper|0 fnt|[from] psn
|faint|p2b: Pelipper
|upkeep
|
|t:|1785246239
|switch|p2b: Basculegion|Basculegion, L50, M|100/100
|turn|4
|inactive|sky yeh has 30 seconds left.
|
|t:|1785246264
|switch|p2b: Charizard|Charizard, L50, M, shiny|100/100
|move|p1b: Farigiraf|Helping Hand|p1a: Kangaskhan
|-singleturn|p1a: Kangaskhan|Helping Hand|[of] p1b: Farigiraf
|move|p2a: Grimmsnarl|Reflect|p2a: Grimmsnarl
|-sidestart|p2: sky yeh|Reflect
|move|p1a: Kangaskhan|Double-Edge|p2b: Charizard
|-damage|p2b: Charizard|23/100
|-damage|p1a: Kangaskhan|78/100|[from] Recoil
|-damage|p1a: Kangaskhan|69/100|[from] item: Life Orb
|
|-weather|RainDance|[upkeep]
|upkeep
|turn|5
|inactive|sky yeh has 30 seconds left.
|
|t:|1785246291
|switch|p1a: Glimmora|Glimmora, L50, M, shiny|1/100
|move|p2b: Charizard|Protect|p2b: Charizard
|-singleturn|p2b: Charizard|Protect
|move|p1b: Farigiraf|Hyper Voice|p2a: Grimmsnarl|[spread] p2a
|-activate|p2b: Charizard|move: Protect
|-damage|p2a: Grimmsnarl|29/100
|move|p2a: Grimmsnarl|Spirit Break|p1a: Glimmora
|-resisted|p1a: Glimmora|1
|-damage|p1a: Glimmora|0 fnt
|-activate|p1a: Glimmora|ability: Toxic Debris
|-sidestart|p2: sky yeh|move: Toxic Spikes
|faint|p1a: Glimmora
|
|-weather|none
|-fieldend|move: Trick Room
|upkeep
|
|t:|1785246307
|switch|p1a: Kangaskhan|Kangaskhan, L50, F, shiny|69/100
|turn|6
|inactive|sky yeh has 30 seconds left.
|inactive|sky yeh has 20 seconds left.
|inactive|sky yeh has 15 seconds left.
|inactive|sky yeh has 10 seconds left.
|
|t:|1785246356
|switch|p2b: Basculegion|Basculegion, L50, M|100/100
|-status|p2b: Basculegion|psn
|move|p1a: Kangaskhan|Fake Out|p2b: Basculegion
|-damage|p2b: Basculegion|80/100 psn
|-damage|p1a: Kangaskhan|59/100|[from] item: Life Orb
|move|p1b: Farigiraf|Hyper Voice|p2a: Grimmsnarl|[spread] p2a
|-immune|p2b: Basculegion
|-damage|p2a: Grimmsnarl|19/100
|move|p2a: Grimmsnarl|Spirit Break|p1a: Kangaskhan
|-damage|p1a: Kangaskhan|29/100
|-unboost|p1a: Kangaskhan|spa|1
|
|-damage|p2b: Basculegion|68/100 psn|[from] psn
|upkeep
|turn|7
|inactive|sky yeh has 30 seconds left.
|
|t:|1785246389
|move|p2b: Basculegion|Flip Turn|p1b: Farigiraf
|-damage|p1b: Farigiraf|14/100
|
|t:|1785246392
|switch|p2b: Charizard|Charizard, L50, M, shiny|23/100|[from] Flip Turn
|move|p1a: Kangaskhan|Double-Edge|p2b: Charizard
|-damage|p2b: Charizard|0 fnt
|faint|p2b: Charizard
|-damage|p1a: Kangaskhan|22/100|[from] Recoil
|-damage|p1a: Kangaskhan|12/100|[from] item: Life Orb
|move|p2a: Grimmsnarl|Spirit Break|p1b: Farigiraf
|-damage|p1b: Farigiraf|0 fnt
|faint|p1b: Farigiraf
|
|upkeep
|
|t:|1785246403
|switch|p2b: Basculegion|Basculegion, L50, M|68/100 psn
|switch|p1b: Camerupt|Camerupt, L50, M, shiny|100/100
|turn|8
|inactive|sky yeh has 30 seconds left.
|inactive|sky yeh has 20 seconds left.
|inactive|sky yeh has 15 seconds left.
|
|t:|1785246448
|detailschange|p1b: Camerupt|Camerupt-Mega, L50, M, shiny
|-mega|p1b: Camerupt|Camerupt|Cameruptite
|move|p2b: Basculegion|Wave Crash|p1a: Kangaskhan
|-damage|p1a: Kangaskhan|0 fnt
|faint|p1a: Kangaskhan
|-damage|p2b: Basculegion|63/100 psn|[from] Recoil
|move|p2a: Grimmsnarl|Spirit Break|p1b: Camerupt
|-resisted|p1b: Camerupt|1
|-damage|p1b: Camerupt|84/100
|-unboost|p1b: Camerupt|spa|1
|move|p1b: Camerupt|Earth Power|p2b: Basculegion
|-damage|p2b: Basculegion|24/100 psn
|
|-damage|p2b: Basculegion|12/100 psn|[from] psn
|upkeep
|turn|9
|
|t:|1785246470
|move|p1b: Camerupt|Protect|p1b: Camerupt
|-singleturn|p1b: Camerupt|Protect
|move|p2b: Basculegion|Wave Crash|p1b: Camerupt
|-activate|p1b: Camerupt|move: Protect
|move|p2a: Grimmsnarl|Spirit Break|p1b: Camerupt
|-activate|p1b: Camerupt|move: Protect
|
|-damage|p2b: Basculegion|1/100 psn|[from] psn
|-sideend|p2: sky yeh|move: Light Screen
|upkeep
|turn|10
|
|t:|1785246482
|move|p1b: Camerupt|Protect||[still]
|-fail|p1b: Camerupt
|move|p2b: Basculegion|Wave Crash|p1b: Camerupt
|-supereffective|p1b: Camerupt|2
|-damage|p1b: Camerupt|0 fnt
|faint|p1b: Camerupt
|-damage|p2b: Basculegion|0 fnt|[from] Recoil
|faint|p2b: Basculegion
|
|win|sky yeh
||sky yeh is ready for game 2.
||phoenix burner is ready for game 2.
|uhtml|next|Next: Game 2 of 3
|l|☆sky yeh
|player|p2|
