|j|☆pom123123123
|j|☆Rockslideban
|html|pom123123123Rockslideban    
|uhtml|bestof|Game 2 of a best-of-3
|t:|1783602794
|gametype|doubles
|player|p1|pom123123123|wattson|
|player|p2|Rockslideban|170|
|gen|9
|tier|[Gen 9 Champions] VGC 2026 Reg M-B (Bo3)
|rule|Species Clause: Limit one of each Pokémon
|rule|Item Clause: Limit 1 of each item
|clearpoke
|poke|p1|Metagross, L50|
|poke|p1|Sinistcha, L50|
|poke|p1|Incineroar, L50, F|
|poke|p1|Rotom-Wash, L50|
|poke|p1|Pelipper, L50, F|
|poke|p1|Swampert, L50, F|
|poke|p2|Charizard, L50, M|
|poke|p2|Garchomp, L50, M|
|poke|p2|Venusaur, L50, F|
|poke|p2|Grimmsnarl, L50, M|
|poke|p2|Aegislash, L50, M|
|poke|p2|Farigiraf, L50, M|
|teampreview|4
|showteam|p1|Metagross||Metagrossite|ClearBody|IronHead,BodyPress,IronDefense,Protect|Impish|||||50|]Sinistcha||KasibBerry|Hospitality|MatchaGotcha,RagePowder,ShadowBall,Protect|Quiet|||||50|]Incineroar||ShucaBerry|Intimidate|FlareBlitz,DarkestLariat,PartingShot,FakeOut|Impish||F|||50|]Rotom-Wash||ChoiceScarf|Levitate|Thunder,HydroPump,Electroweb,VoltSwitch|Timid|||||50|]Pelipper||FocusSash|Drizzle|WeatherBall,Hurricane,Tailwind,Protect|Modest||F|||50|]Swampert||Swampertite|Torrent|Earthquake,WaveCrash,IcePunch,Protect|Adamant||F|||50|
|showteam|p2|Charizard||CharizarditeY|Blaze|WeatherBall,HeatWave,HelpingHand,Protect|Modest||M|||50|]Garchomp||ChoiceScarf|RoughSkin|Earthquake,RockSlide,DragonClaw,StompingTantrum|Adamant||M|||50|]Venusaur||LifeOrb|Chlorophyll|SludgeBomb,LeafStorm,SleepPowder,Protect|Timid||F|||50|]Grimmsnarl||LightClay|Prankster|Reflect,LightScreen,PartingShot,SpiritBreak|Impish||M|||50|]Aegislash||FocusSash|StanceChange|Poltergeist,ShadowSneak,CloseCombat,WideGuard|Adamant||M|||50|]Farigiraf||SitrusBerry|ArmorTail|TrickRoom,TwinBeam,Thunderbolt,HelpingHand|Calm||M|||50|
|inactive|Battle timer is ON: inactive players will automatically lose when time's up. (requested by pom123123123)
|inactive|pom123123123 has 60 seconds left.
|inactive|Rockslideban has 60 seconds left.
|
|t:|1783602843
|teamsize|p1|4
|teamsize|p2|4
|start
|switch|p1a: Metagross|Metagross, L50|100/100
|switch|p1b: Miso|Incineroar, L50, F|100/100
|switch|p2a: Charizard|Charizard, L50, M|100/100
|switch|p2b: Venusaur|Venusaur, L50, F|100/100
|-ability|p1b: Miso|Intimidate|boost
|-unboost|p2a: Charizard|atk|1
|-unboost|p2b: Venusaur|atk|1
|turn|1
|
|t:|1783602867
|detailschange|p2a: Charizard|Charizard-Mega-Y, L50, M
|-mega|p2a: Charizard|Charizard|Charizardite Y
|-weather|SunnyDay|[from] ability: Drought|[of] p2a: Charizard
|move|p1a: Metagross|Protect|p1a: Metagross
|-singleturn|p1a: Metagross|Protect
|move|p2b: Venusaur|Sleep Powder|p1b: Miso|[miss]
|-miss|p2b: Venusaur|p1b: Miso
|move|p2a: Charizard|Heat Wave|p1b: Miso|[spread] p1b
|-activate|p1a: Metagross|move: Protect
|-resisted|p1b: Miso|1
|-damage|p1b: Miso|69/100
|move|p1b: Miso|Parting Shot|p2a: Charizard
|-unboost|p2a: Charizard|atk|1
|-unboost|p2a: Charizard|spa|1
|
|t:|1783602880
|switch|p1b: Lawine|Pelipper, L50, F|100/100|[from] Parting Shot
|-weather|RainDance|[from] ability: Drizzle|[of] p1b: Lawine
|
|-weather|RainDance|[upkeep]
|upkeep
|turn|2
|
|t:|1783602890
|switch|p2a: Grimmsnarl|Grimmsnarl, L50, M|100/100
|detailschange|p1a: Metagross|Metagross-Mega, L50
|-mega|p1a: Metagross|Metagross|Metagrossite
|move|p1a: Metagross|Iron Defense|p1a: Metagross
|-boost|p1a: Metagross|def|2
|move|p2b: Venusaur|Sleep Powder|p1b: Lawine|[miss]
|-miss|p2b: Venusaur|p1b: Lawine
|move|p1b: Lawine|Tailwind|p1b: Lawine
|-sidestart|p1: pom123123123|move: Tailwind
|
|-weather|RainDance|[upkeep]
|upkeep
|turn|3
|inactive|pom123123123 has 30 seconds left.
|inactive|pom123123123 has 20 seconds left.
|inactive|pom123123123 has 15 seconds left.
|inactive|pom123123123 has 10 seconds left.
|
|t:|1783602935
|move|p2a: Grimmsnarl|Parting Shot|p1a: Metagross
|-unboost|p1a: Metagross|atk|1
|-unboost|p1a: Metagross|spa|1
|
|t:|1783602938
|switch|p2a: Charizard|Charizard-Mega-Y, L50, M|100/100|[from] Parting Shot
|-weather|SunnyDay|[from] ability: Drought|[of] p2a: Charizard
|move|p1a: Metagross|Body Press|p2a: Charizard
|-resisted|p2a: Charizard|1
|-damage|p2a: Charizard|53/100
|move|p2b: Venusaur|Sleep Powder|p1b: Lawine
|-status|p1b: Lawine|slp|[from] move: Sleep Powder
|cant|p1b: Lawine|slp
|
|-weather|SunnyDay|[upkeep]
|upkeep
|turn|4
|
|t:|1783602954
|switch|p1b: Miso|Incineroar, L50, F|69/100
|-ability|p1b: Miso|Intimidate|boost
|-unboost|p2a: Charizard|atk|1
|-unboost|p2b: Venusaur|atk|1
|move|p1a: Metagross|Protect|p1a: Metagross
|-singleturn|p1a: Metagross|Protect
|move|p2b: Venusaur|Sleep Powder|p1b: Miso
|-status|p1b: Miso|slp|[from] move: Sleep Powder
|move|p2a: Charizard|Heat Wave|p1b: Miso|[spread] p1b
|-activate|p1a: Metagross|move: Protect
|-resisted|p1b: Miso|1
|-damage|p1b: Miso|38/100 slp
|
|-weather|SunnyDay|[upkeep]
|upkeep
|turn|5
|
|t:|1783602973
|switch|p1b: Lawine|Pelipper, L50, F|100/100 slp
|-weather|RainDance|[from] ability: Drizzle|[of] p1b: Lawine
|switch|p2a: Grimmsnarl|Grimmsnarl, L50, M|100/100
|move|p1a: Metagross|Iron Defense|p1a: Metagross
|-boost|p1a: Metagross|def|2
|move|p2b: Venusaur|Sleep Powder|p1a: Metagross|[miss]
|-miss|p2b: Venusaur|p1a: Metagross
|
|-weather|RainDance|[upkeep]
|-sideend|p1: pom123123123|move: Tailwind
|upkeep
|turn|6
|
|t:|1783602997
|switch|p2b: Charizard|Charizard-Mega-Y, L50, M|53/100
|-weather|SunnyDay|[from] ability: Drought|[of] p2b: Charizard
|switch|p1b: Miso|Incineroar, L50, F|38/100 slp
|-ability|p1b: Miso|Intimidate|boost
|-unboost|p2a: Grimmsnarl|atk|1
|-unboost|p2b: Charizard|atk|1
|move|p2a: Grimmsnarl|Reflect|p2a: Grimmsnarl
|-sidestart|p2: Rockslideban|Reflect
|move|p1a: Metagross|Body Press|p2a: Grimmsnarl
|-damage|p2a: Grimmsnarl|23/100
|
|-weather|SunnyDay|[upkeep]
|upkeep
|turn|7
|inactive|pom123123123 has 30 seconds left.
|inactive|pom123123123 has 20 seconds left.
|inactive|pom123123123 has 15 seconds left.
|
|t:|1783603039
|switch|p2b: Venusaur|Venusaur, L50, F|100/100
|switch|p1b: Lawine|Pelipper, L50, F|100/100 slp
|-weather|RainDance|[from] ability: Drizzle|[of] p1b: Lawine
|move|p2a: Grimmsnarl|Parting Shot|p1b: Lawine
|-unboost|p1b: Lawine|atk|1
|-unboost|p1b: Lawine|spa|1
|
|t:|1783603045
|switch|p2a: Charizard|Charizard-Mega-Y, L50, M|53/100|[from] Parting Shot
|-weather|SunnyDay|[from] ability: Drought|[of] p2a: Charizard
|move|p1a: Metagross|Iron Defense|p1a: Metagross
|-boost|p1a: Metagross|def|2
|
|-weather|SunnyDay|[upkeep]
|upkeep
|turn|8
|
|t:|1783603065
|switch|p1b: Miso|Incineroar, L50, F|38/100 slp
|-ability|p1b: Miso|Intimidate|boost
|-unboost|p2a: Charizard|atk|1
|-unboost|p2b: Venusaur|atk|1
|move|p1a: Metagross|Protect|p1a: Metagross
|-singleturn|p1a: Metagross|Protect
|move|p2b: Venusaur|Sludge Bomb|p1b: Miso
|-damage|p1b: Miso|0 fnt
|faint|p1b: Miso
|-damage|p2b: Venusaur|90/100|[from] item: Life Orb
|move|p2a: Charizard|Weather Ball|p1a: Metagross
|-activate|p1a: Metagross|move: Protect
|
|-weather|SunnyDay|[upkeep]
|upkeep
|
|t:|1783603077
|switch|p1b: Lawine|Pelipper, L50, F|100/100 slp
|-weather|RainDance|[from] ability: Drizzle|[of] p1b: Lawine
|turn|9
|
|t:|1783603089
|switch|p2a: Grimmsnarl|Grimmsnarl, L50, M|23/100
|move|p1a: Metagross|Body Press|p2a: Grimmsnarl
|-damage|p2a: Grimmsnarl|0 fnt
|faint|p2a: Grimmsnarl
|move|p2b: Venusaur|Sleep Powder|p1a: Metagross
|-status|p1a: Metagross|slp|[from] move: Sleep Powder
|cant|p1b: Lawine|slp
|
|-weather|RainDance|[upkeep]
|upkeep
|
|t:|1783603097
|switch|p2a: Charizard|Charizard-Mega-Y, L50, M|53/100
|-weather|SunnyDay|[from] ability: Drought|[of] p2a: Charizard
|turn|10
|
|t:|1783603113
|move|p2b: Venusaur|Sludge Bomb|p1b: Lawine
|-damage|p1b: Lawine|15/100 slp
|-damage|p2b: Venusaur|80/100|[from] item: Life Orb
|cant|p1a: Metagross|slp
|move|p2a: Charizard|Weather Ball|p1a: Metagross
|-supereffective|p1a: Metagross|1
|-damage|p1a: Metagross|0 fnt
|faint|p1a: Metagross
|-curestatus|p1b: Lawine|slp|[msg]
|move|p1b: Lawine|Weather Ball|p2b: Venusaur
|-supereffective|p2b: Venusaur|1
|-damage|p2b: Venusaur|0 fnt
|faint|p2b: Venusaur
|
|-weather|SunnyDay|[upkeep]
|upkeep
|
|t:|1783603129
|switch|p1a: Echidna|Sinistcha, L50|100/100
|switch|p2b: Farigiraf|Farigiraf, L50, M|100/100
|-heal|p1b: Lawine|40/100|[from] ability: Hospitality|[of] p1a: Echidna
|turn|11
|
|t:|1783603153
|move|p1a: Echidna|Rage Powder|p1a: Echidna
|-singleturn|p1a: Echidna|move: Rage Powder
|move|p2a: Charizard|Weather Ball|p1a: Echidna
|-supereffective|p1a: Echidna|1
|-damage|p1a: Echidna|0 fnt
|faint|p1a: Echidna
|move|p1b: Lawine|Hurricane|p2a: Charizard
|-damage|p2a: Charizard|2/100
|move|p2b: Farigiraf|Thunderbolt|p1b: Lawine
|-supereffective|p1b: Lawine|2
|-damage|p1b: Lawine|0 fnt
|faint|p1b: Lawine
|
|win|Rockslideban
