|j|☆Volanr
|j|☆A Regu1ar Guy
|html|VolanrA Regu1ar Guy    
|uhtml|bestof|Game 1 of a best-of-3
|t:|1756240506
|gametype|doubles
|player|p1|Volanr|veteranf|1328
|player|p2|A Regu1ar Guy|elesa|1400
|gen|9
|tier|[Gen 9] VGC 2025 Reg H (Bo3)
|rated|
|rule|Species Clause: Limit one of each Pokémon
|rule|Item Clause: Limit 1 of each item
|clearpoke
|poke|p1|Archaludon, L50, F|
|poke|p1|Sinistcha-Masterpiece, L50|
|poke|p1|Dragonite, L50, M|
|poke|p1|Pelipper, L50, F|
|poke|p1|Ursaluna, L50, M|
|poke|p1|Gholdengo, L50|
|poke|p2|Volcarona, L50, M|
|poke|p2|Rillaboom, L50, M|
|poke|p2|Electabuzz, L50, M|
|poke|p2|Tauros-Paldea-Aqua, L50, M|
|poke|p2|Arcanine-Hisui, L50, M|
|poke|p2|Gholdengo, L50|
|teampreview|4
|showteam|p1|Archaludon||AssaultVest|Stamina|BodyPress,Snarl,ElectroShot,FlashCannon|||F|||50|,,,,,Grass]Sinistcha-Masterpiece||SitrusBerry|Hospitality|MatchaGotcha,RagePowder,TrickRoom,LifeDew||||||50|,,,,,Dark]Dragonite||LoadedDice|Multiscale|ScaleShot,Protect,Tailwind,Haze|||M|||50|,,,,,Steel]Pelipper||FocusSash|Drizzle|WeatherBall,Hurricane,Tailwind,Protect|||F|||50|,,,,,Ground]Ursaluna||FlameOrb|Guts|Facade,HeadlongRush,Earthquake,Protect|||M|||50|,,,,,Ghost]Gholdengo||ChoiceScarf|GoodasGold|MakeItRain,TeraBlast,ShadowBall,Trick||||||50|,,,,,Water
|showteam|p2|Volcarona||GrassySeed|FlameBody|HeatWave,GigaDrain,QuiverDance,Protect|||M|||50|,,,,,Grass]Rillaboom||AssaultVest|GrassySurge|FakeOut,WoodHammer,GrassyGlide,HighHorsepower|||M|||50|,,,,,Fire]Electabuzz||Eviolite|VitalSpirit|Electroweb,FollowMe,Taunt,Protect|||M|||50|,,,,,Ghost]Tauros-Paldea-Aqua||MirrorHerb|Intimidate|WaveCrash,AquaJet,CloseCombat,Protect|||M|||50|,,,,,Water]Arcanine-Hisui||ClearAmulet|Intimidate|FlareBlitz,RockSlide,ExtremeSpeed,Protect|||M|||50|,,,,,Water]Gholdengo||ChoiceSpecs|GoodasGold|MakeItRain,ShadowBall,PowerGem,Trick||||||50|,,,,,Steel
|
|t:|1756240571
|teamsize|p1|4
|teamsize|p2|4
|start
|switch|p1a: Dragonite|Dragonite, L50, M|100/100
|switch|p1b: Sinistcha|Sinistcha-Masterpiece, L50|100/100
|switch|p2a: Gholdengo|Gholdengo, L50|100/100
|switch|p2b: Tauros|Tauros-Paldea-Aqua, L50, M|100/100
|-ability|p2b: Tauros|Intimidate|boost
|-unboost|p1a: Dragonite|atk|1
|-unboost|p1b: Sinistcha|atk|1
|turn|1
|
|t:|1756240588
|switch|p1b: Archaludon|Archaludon, L50, F|100/100
|-terastallize|p2a: Gholdengo|Steel
|move|p2b: Tauros|Aqua Jet|p1a: Dragonite
|-resisted|p1a: Dragonite
|-damage|p1a: Dragonite|96/100
|move|p2a: Gholdengo|Make It Rain|p1a: Dragonite|[spread] p1a,p1b
|-resisted|p1b: Archaludon
|-damage|p1a: Dragonite|9/100
|-damage|p1b: Archaludon|70/100
|-unboost|p2a: Gholdengo|spa|1
|-ability|p1b: Archaludon|Stamina|boost
|-boost|p1b: Archaludon|def|1
|-enditem|p2b: Tauros|Mirror Herb
|-boost|p2b: Tauros|def|1|[from] item: Mirror Herb
|move|p1a: Dragonite|Scale Shot|p2b: Tauros
|-damage|p2b: Tauros|93/100
|-damage|p2b: Tauros|85/100
|-damage|p2b: Tauros|75/100
|-damage|p2b: Tauros|67/100
|-hitcount|p2b: Tauros|4
|-unboost|p1a: Dragonite|def|1
|-boost|p1a: Dragonite|spe|1
|
|upkeep
|turn|2
|
|t:|1756240616
|switch|p1a: Sinistcha|Sinistcha-Masterpiece, L50|100/100
|-heal|p1b: Archaludon|94/100|[from] ability: Hospitality|[of] p1a: Sinistcha
|move|p2b: Tauros|Close Combat|p1b: Archaludon
|-supereffective|p1b: Archaludon
|-damage|p1b: Archaludon|51/100
|-unboost|p2b: Tauros|def|1
|-unboost|p2b: Tauros|spd|1
|-ability|p1b: Archaludon|Stamina|boost
|-boost|p1b: Archaludon|def|1
|move|p2a: Gholdengo|Make It Rain|p1b: Archaludon|[spread] p1a,p1b
|-resisted|p1b: Archaludon
|-damage|p1a: Sinistcha|52/100
|-damage|p1b: Archaludon|31/100
|-unboost|p2a: Gholdengo|spa|1
|-ability|p1b: Archaludon|Stamina|boost
|-boost|p1b: Archaludon|def|1
|move|p1b: Archaludon|Body Press|p2a: Gholdengo
|-supereffective|p2a: Gholdengo
|-damage|p2a: Gholdengo|0 fnt
|faint|p2a: Gholdengo
|
|upkeep
|
|t:|1756240624
|switch|p2a: Volcarona|Volcarona, L50, M, shiny|100/100
|turn|3
|
|t:|1756240647
|switch|p1a: Pelipper|Pelipper, L50, F|100/100
|-weather|RainDance|[from] ability: Drizzle|[of] p1a: Pelipper
|-terastallize|p1b: Archaludon|Grass
|move|p2b: Tauros|Close Combat|p1b: Archaludon
|-damage|p1b: Archaludon|17/100
|-unboost|p2b: Tauros|def|1
|-unboost|p2b: Tauros|spd|1
|-ability|p1b: Archaludon|Stamina|boost
|-boost|p1b: Archaludon|def|1
|move|p2a: Volcarona|Heat Wave|p1b: Archaludon|[spread] p1a,p1b
|-resisted|p1a: Pelipper
|-supereffective|p1b: Archaludon
|-damage|p1a: Pelipper|84/100
|-damage|p1b: Archaludon|0 fnt
|faint|p1b: Archaludon
|
|-weather|RainDance|[upkeep]
|upkeep
|
|t:|1756240662
|switch|p1b: Sinistcha|Sinistcha-Masterpiece, L50|52/100
|-heal|p1a: Pelipper|100/100|[from] ability: Hospitality|[of] p1b: Sinistcha
|turn|4
|
|t:|1756240672
|switch|p2b: Rillaboom|Rillaboom, L50, M|100/100
|-fieldstart|move: Grassy Terrain|[from] ability: Grassy Surge|[of] p2b: Rillaboom
|-enditem|p2a: Volcarona|Grassy Seed
|-boost|p2a: Volcarona|def|1|[from] item: Grassy Seed
|move|p2a: Volcarona|Quiver Dance|p2a: Volcarona
|-boost|p2a: Volcarona|spa|1
|-boost|p2a: Volcarona|spd|1
|-boost|p2a: Volcarona|spe|1
|move|p1a: Pelipper|Hurricane|p2a: Volcarona
|-supereffective|p2a: Volcarona
|-damage|p2a: Volcarona|44/100
|move|p1b: Sinistcha|Trick Room|p1b: Sinistcha
|-fieldstart|move: Trick Room|[of] p1b: Sinistcha
|
|-weather|RainDance|[upkeep]
|-heal|p1b: Sinistcha|58/100|[from] Grassy Terrain
|-heal|p2a: Volcarona|50/100|[from] Grassy Terrain
|upkeep
|turn|5
|
|t:|1756240694
|move|p1a: Pelipper|Protect|p1a: Pelipper
|-singleturn|p1a: Pelipper|Protect
|move|p2b: Rillaboom|Fake Out|p1a: Pelipper
|-activate|p1a: Pelipper|move: Protect
|move|p1b: Sinistcha|Matcha Gotcha|p2a: Volcarona|[spread] p2a,p2b
|-resisted|p2a: Volcarona
|-resisted|p2b: Rillaboom
|-damage|p2a: Volcarona|46/100
|-heal|p1b: Sinistcha|61/100|[from] drain|[of] p2a: Volcarona
|-damage|p2b: Rillaboom|89/100
|-heal|p1b: Sinistcha|68/100|[from] drain|[of] p2b: Rillaboom
|-status|p2b: Rillaboom|brn
|move|p2a: Volcarona|Heat Wave|p1a: Pelipper|[spread] p1b
|-activate|p1a: Pelipper|move: Protect
|-supereffective|p1b: Sinistcha
|-damage|p1b: Sinistcha|24/100
|-enditem|p1b: Sinistcha|Sitrus Berry|[eat]
|-heal|p1b: Sinistcha|49/100|[from] item: Sitrus Berry
|
|-weather|RainDance|[upkeep]
|-heal|p1b: Sinistcha|55/100|[from] Grassy Terrain
|-heal|p2b: Rillaboom|95/100 brn|[from] Grassy Terrain
|-heal|p2a: Volcarona|52/100|[from] Grassy Terrain
|-damage|p2b: Rillaboom|89/100 brn|[from] brn
|upkeep
|turn|6
|
|t:|1756240717
|move|p2a: Volcarona|Protect|p2a: Volcarona
|-singleturn|p2a: Volcarona|Protect
|move|p1b: Sinistcha|Life Dew||[still]|[spread] p1a,p1b
|-fail|p1a: Pelipper|heal
|-heal|p1b: Sinistcha|80/100
|move|p2b: Rillaboom|Wood Hammer|p1a: Pelipper
|-damage|p1a: Pelipper|45/100
|-damage|p2b: Rillaboom|77/100 brn|[from] Recoil
|move|p1a: Pelipper|Hurricane|p2a: Volcarona
|-activate|p2a: Volcarona|move: Protect
|
|-weather|RainDance|[upkeep]
|-heal|p1b: Sinistcha|86/100|[from] Grassy Terrain
|-heal|p2b: Rillaboom|83/100 brn|[from] Grassy Terrain
|-heal|p2a: Volcarona|58/100|[from] Grassy Terrain
|-damage|p2b: Rillaboom|77/100 brn|[from] brn
|upkeep
|turn|7
|
|t:|1756240735
|move|p1b: Sinistcha|Matcha Gotcha|p2b: Rillaboom|[spread] p2a,p2b
|-resisted|p2a: Volcarona
|-resisted|p2b: Rillaboom
|-damage|p2a: Volcarona|54/100
|-heal|p1b: Sinistcha|89/100|[from] drain|[of] p2a: Volcarona
|-damage|p2b: Rillaboom|65/100 brn
|-heal|p1b: Sinistcha|95/100|[from] drain|[of] p2b: Rillaboom
|move|p2b: Rillaboom|Wood Hammer|p1a: Pelipper
|-damage|p1a: Pelipper|0 fnt
|faint|p1a: Pelipper
|-damage|p2b: Rillaboom|56/100 brn|[from] Recoil
|move|p2a: Volcarona|Quiver Dance|p2a: Volcarona
|-boost|p2a: Volcarona|spa|1
|-boost|p2a: Volcarona|spd|1
|-boost|p2a: Volcarona|spe|1
|
|-weather|none
|-heal|p1b: Sinistcha|100/100|[from] Grassy Terrain
|-heal|p2b: Rillaboom|61/100 brn|[from] Grassy Terrain
|-heal|p2a: Volcarona|60/100|[from] Grassy Terrain
|-damage|p2b: Rillaboom|56/100 brn|[from] brn
|upkeep
|
|t:|1756240748
|switch|p1a: Dragonite|Dragonite, L50, M|9/100
|turn|8
|
|t:|1756240759
|switch|p2b: Tauros|Tauros-Paldea-Aqua, L50, M|67/100
|-ability|p2b: Tauros|Intimidate|boost
|-unboost|p1a: Dragonite|atk|1
|-unboost|p1b: Sinistcha|atk|1
|move|p1b: Sinistcha|Life Dew||[still]|[spread] p1a,p1b
|-heal|p1a: Dragonite|35/100
|-fail|p1b: Sinistcha|heal
|move|p1a: Dragonite|Scale Shot|p2a: Volcarona
|-damage|p2a: Volcarona|53/100
|-crit|p2a: Volcarona
|-damage|p2a: Volcarona|24/100
|-damage|p2a: Volcarona|16/100
|-damage|p2a: Volcarona|7/100
|-hitcount|p2a: Volcarona|4
|-unboost|p1a: Dragonite|def|1
|-boost|p1a: Dragonite|spe|1
|move|p2a: Volcarona|Heat Wave|p1a: Dragonite|[spread] p1a,p1b
|-resisted|p1a: Dragonite
|-supereffective|p1b: Sinistcha
|-damage|p1a: Dragonite|0 fnt
|-damage|p1b: Sinistcha|0 fnt
|faint|p1a: Dragonite
|faint|p1b: Sinistcha
|
|win|A Regu1ar Guy
||A Regu1ar Guy is ready for game 2.
|inactive|Volanr has 30 seconds to confirm battle start!
||Volanr is ready for game 2.
|uhtml|next|Next: Game 2 of 3
|l|☆Volanr
|player|p1|
|j|☆Volanr
|player|p1|Volanr|veteranf|
