|j|☆benniOVYalt
|j|☆Mike McWillson
|html|benniOVYaltMike McWillson    
|uhtml|bestof|Game 2 of a best-of-3
|t:|1757926698
|gametype|doubles
|player|p1|benniOVYalt|bellelba|1047
|player|p2|Mike McWillson|170|1000
|gen|9
|tier|[Gen 9] VGC 2025 Reg H (Bo3)
|rated|
|rule|Species Clause: Limit one of each Pokémon
|rule|Item Clause: Limit 1 of each item
|clearpoke
|poke|p1|Torkoal, L50, F|
|poke|p1|Jumpluff, L50, F|
|poke|p1|Porygon2, L50|
|poke|p1|Ursaluna, L50, F|
|poke|p1|Charizard, L50, M|
|poke|p1|Incineroar, L50, M|
|poke|p2|Archaludon, L50, F|
|poke|p2|Pelipper, L50, F|
|poke|p2|Incineroar, L50, F|
|poke|p2|Gholdengo, L50|
|poke|p2|Amoonguss, L50, M|
|poke|p2|Basculegion, L50, M|
|teampreview|4
|showteam|p1|Torkoal||EjectPack|Drought|Eruption,Overheat,HelpingHand,Protect|||F|||50|,,,,,Fire]Jumpluff||CovertCloak|Chlorophyll|SleepPowder,Tailwind,RagePowder,SunnyDay|||F|||50|,,,,,Water]Porygon2||Eviolite|Download|TeraBlast,IceBeam,Recover,TrickRoom||||||50|,,,,,Fighting]Ursaluna||FlameOrb|Guts|Facade,HeadlongRush,Earthquake,Protect|||F|||50|,,,,,Ghost]Charizard||ChoiceSpecs|SolarPower|HeatWave,WeatherBall,AirSlash,DragonPulse|||M|||50|,,,,,Ghost]Incineroar||AssaultVest|Intimidate|FakeOut,KnockOff,FlareBlitz,Uturn|||M|||50|,,,,,Grass
|showteam|p2|Archaludon||AssaultVest|Stamina|ElectroShot,DracoMeteor,BodyPress,Protect|||F|||50|,,,,,Electric]Pelipper||FocusSash|Drizzle|Tailwind,WideGuard,Protect,Hurricane|||F|||50|,,,,,Flying]Incineroar||RockyHelmet|Intimidate|FakeOut,FlareBlitz,Snarl,PartingShot|||F|||50|,,,,,Grass]Gholdengo||LifeOrb|GoodasGold|MakeItRain,ShadowBall,DazzlingGleam,Protect||||||50|,,,,,Steel]Amoonguss||SitrusBerry|Regenerator|RagePowder,Spore,PollenPuff,Protect|||M|||50|,,,,,Water]Basculegion||ChoiceBand|Adaptability|WaveCrash,FlipTurn,LastRespects,Protect|||M|||50|,,,,,Ghost
|inactive|Battle timer is ON: inactive players will automatically lose when time's up. (requested by benniOVYalt)
|inactive|benniOVYalt has 60 seconds left.
|inactive|Mike McWillson has 60 seconds left.
|
|t:|1757926754
|teamsize|p1|4
|teamsize|p2|4
|start
|switch|p1a: Porygon2|Porygon2, L50|100/100
|switch|p1b: Incineroar|Incineroar, L50, M|100/100
|switch|p2a: Archaludon|Archaludon, L50, F|100/100
|switch|p2b: Pelipper|Pelipper, L50, F|100/100
|-ability|p1b: Incineroar|Intimidate|boost
|-unboost|p2a: Archaludon|atk|1
|-unboost|p2b: Pelipper|atk|1
|-weather|RainDance|[from] ability: Drizzle|[of] p2b: Pelipper
|-ability|p1a: Porygon2|Download|boost
|-boost|p1a: Porygon2|spa|1
|turn|1
|
|t:|1757926772
|-terastallize|p1a: Porygon2|Fighting
|move|p2a: Archaludon|Electro Shot||[still]
|-prepare|p2a: Archaludon|Electro Shot
|-boost|p2a: Archaludon|spa|1
|-anim|p2a: Archaludon|Electro Shot|p1a: Porygon2
|-damage|p1a: Porygon2|53/100
|move|p1b: Incineroar|Knock Off|p2a: Archaludon
|-damage|p2a: Archaludon|72/100
|-ability|p2a: Archaludon|Stamina|boost
|-boost|p2a: Archaludon|def|1
|-enditem|p2a: Archaludon|Assault Vest|[from] move: Knock Off|[of] p1b: Incineroar
|move|p2b: Pelipper|Hurricane|p1a: Porygon2
|-supereffective|p1a: Porygon2
|-damage|p1a: Porygon2|2/100
|-start|p1a: Porygon2|confusion
|-activate|p1a: Porygon2|confusion
|move|p1a: Porygon2|Tera Blast|p2a: Archaludon|[anim] Tera Blast Fighting
|-supereffective|p2a: Archaludon
|-damage|p2a: Archaludon|0 fnt
|faint|p2a: Archaludon
|
|-weather|RainDance|[upkeep]
|upkeep
|
|t:|1757926792
|switch|p2a: Incineroar|Incineroar, L50, F|100/100
|-ability|p2a: Incineroar|Intimidate|boost
|-unboost|p1a: Porygon2|atk|1
|-unboost|p1b: Incineroar|atk|1
|turn|2
|
|t:|1757926801
|switch|p1a: Torkoal|Torkoal, L50, F|100/100
|-weather|SunnyDay|[from] ability: Drought|[of] p1a: Torkoal
|move|p2a: Incineroar|Fake Out|p1a: Torkoal
|-damage|p1a: Torkoal|89/100
|move|p1b: Incineroar|U-turn|p2a: Incineroar
|-damage|p2a: Incineroar|88/100
|-damage|p1b: Incineroar|84/100|[from] item: Rocky Helmet|[of] p2a: Incineroar
|
|t:|1757926803
|switch|p1b: Ursaluna|Ursaluna, L50, F|100/100|[from] U-turn
|move|p2b: Pelipper|Hurricane|p1b: Ursaluna|[miss]
|-miss|p2b: Pelipper|p1b: Ursaluna
|
|-weather|SunnyDay|[upkeep]
|-status|p1b: Ursaluna|brn|[from] item: Flame Orb
|upkeep
|turn|3
|
|t:|1757926810
|switch|p2b: Basculegion|Basculegion, L50, M|100/100
|switch|p1a: Incineroar|Incineroar, L50, M|84/100
|-ability|p1a: Incineroar|Intimidate|boost
|-unboost|p2a: Incineroar|atk|1
|-unboost|p2b: Basculegion|atk|1
|move|p1b: Ursaluna|Facade|p2b: Basculegion
|-immune|p2b: Basculegion
|move|p2a: Incineroar|Parting Shot|p1a: Incineroar
|-unboost|p1a: Incineroar|atk|1
|-unboost|p1a: Incineroar|spa|1
|
|t:|1757926819
|switch|p2a: Pelipper|Pelipper, L50, F|100/100|[from] Parting Shot
|-weather|RainDance|[from] ability: Drizzle|[of] p2a: Pelipper
|
|-weather|RainDance|[upkeep]
|-damage|p1b: Ursaluna|95/100 brn|[from] brn
|upkeep
|turn|4
|
|t:|1757926834
|switch|p1a: Torkoal|Torkoal, L50, F|89/100
|-weather|SunnyDay|[from] ability: Drought|[of] p1a: Torkoal
|move|p2b: Basculegion|Flip Turn|p1b: Ursaluna
|-supereffective|p1b: Ursaluna
|-damage|p1b: Ursaluna|60/100 brn
|
|t:|1757926840
|switch|p2b: Incineroar|Incineroar, L50, F|88/100|[from] Flip Turn
|-ability|p2b: Incineroar|Intimidate|boost
|-unboost|p1a: Torkoal|atk|1
|-unboost|p1b: Ursaluna|atk|1
|-enditem|p1a: Torkoal|Eject Pack
|
|t:|1757926847
|switch|p1a: Porygon2|Porygon2, L50, tera:Fighting|2/100
|-ability|p1a: Porygon2|Download|boost
|-boost|p1a: Porygon2|spa|1
|move|p1b: Ursaluna|Headlong Rush|p2b: Incineroar
|-supereffective|p2b: Incineroar
|-damage|p2b: Incineroar|0 fnt
|-unboost|p1b: Ursaluna|def|1
|-unboost|p1b: Ursaluna|spd|1
|-damage|p1b: Ursaluna|43/100 brn|[from] item: Rocky Helmet|[of] p2b: Incineroar
|faint|p2b: Incineroar
|move|p2a: Pelipper|Hurricane|p1a: Porygon2
|-supereffective|p1a: Porygon2
|-damage|p1a: Porygon2|0 fnt
|faint|p1a: Porygon2
|
|-weather|SunnyDay|[upkeep]
|-damage|p1b: Ursaluna|37/100 brn|[from] brn
|upkeep
|
|t:|1757926858
|switch|p1a: Incineroar|Incineroar, L50, M|84/100
|switch|p2b: Basculegion|Basculegion, L50, M|100/100
|-ability|p1a: Incineroar|Intimidate|boost
|-unboost|p2a: Pelipper|atk|1
|-unboost|p2b: Basculegion|atk|1
|turn|5
|
|t:|1757926879
|switch|p1b: Torkoal|Torkoal, L50, F|89/100
|move|p2b: Basculegion|Wave Crash|p1a: Incineroar
|-supereffective|p1a: Incineroar
|-damage|p1a: Incineroar|21/100
|-damage|p2b: Basculegion|79/100|[from] Recoil
|move|p1a: Incineroar|Knock Off|p2b: Basculegion
|-supereffective|p2b: Basculegion
|-crit|p2b: Basculegion
|-damage|p2b: Basculegion|0 fnt
|-enditem|p2b: Basculegion|Choice Band|[from] move: Knock Off|[of] p1a: Incineroar
|faint|p2b: Basculegion
|move|p2a: Pelipper|Hurricane|p1b: Torkoal|[miss]
|-miss|p2a: Pelipper|p1b: Torkoal
|
|-weather|SunnyDay|[upkeep]
|upkeep
|turn|6
|
|t:|1757926895
|move|p1b: Torkoal|Helping Hand|p1a: Incineroar
|-singleturn|p1a: Incineroar|Helping Hand|[of] p1b: Torkoal
|move|p1a: Incineroar|Knock Off|p2a: Pelipper
|-damage|p2a: Pelipper|51/100
|-enditem|p2a: Pelipper|Focus Sash|[from] move: Knock Off|[of] p1a: Incineroar
|move|p2a: Pelipper|Hurricane|p1a: Incineroar
|-damage|p1a: Incineroar|0 fnt
|faint|p1a: Incineroar
|
|-weather|SunnyDay|[upkeep]
|upkeep
|
|t:|1757926897
|switch|p1a: Ursaluna|Ursaluna, L50, F|37/100 brn
|turn|7
|c|☆benniOVYalt|gg
|l|☆Mike McWillson
|inactive|Mike McWillson disconnected and has a minute to reconnect!
|player|p2|
|inactive|Mike McWillson has 30 seconds left.
|j|☆Mike McWillson
|inactive|Mike McWillson reconnected and has 30 seconds left.
|player|p2|Mike McWillson|170|
|
|t:|1757926927
|move|p1a: Ursaluna|Facade|p2a: Pelipper
|-damage|p2a: Pelipper|0 fnt
|faint|p2a: Pelipper
|
|win|benniOVYalt
|raw|benniOVYalt's rating: 1047 → 1076(+29 for winning)
|raw|Mike McWillson's rating: 1000 → 1000(+0 for losing)
|l|☆Mike McWillson
|player|p2|
|l|☆benniOVYalt
|player|p1|
|j|☆benniOVYalt
|player|p1|benniOVYalt|bellelba|
