|j|☆lettitripppp
|j|☆MsLn
|html|lettitrippppMsLn    
|uhtml|bestof|Game 2 of a best-of-3
|t:|1783912221
|gametype|doubles
|player|p1|lettitripppp|lucas|1298
|player|p2|MsLn|depotagent|1184
|gen|9
|tier|[Gen 9 Champions] VGC 2026 Reg M-B (Bo3)
|rated|
|rule|Species Clause: Limit one of each Pokémon
|rule|Item Clause: Limit 1 of each item
|clearpoke
|poke|p1|Charizard, L50, M|
|poke|p1|Floette-Eternal, L50, F|
|poke|p1|Basculegion, L50, M|
|poke|p1|Whimsicott, L50, M, shiny|
|poke|p1|Garchomp, L50, M, shiny|
|poke|p1|Kingambit, L50, M, shiny|
|poke|p2|Charizard, L50, M|
|poke|p2|Oranguru, L50, M|
|poke|p2|Torkoal, L50, F|
|poke|p2|Pelipper, L50, F|
|poke|p2|Mawile, L50, M|
|poke|p2|Sinistcha-Masterpiece, L50|
|teampreview|4
|showteam|p1|Charizard||CharizarditeY|Blaze|WeatherBall,SolarBeam,HeatWave,Protect|Modest||M|||50|]Floette-Eternal||Floettite|FlowerVeil|DazzlingGleam,LightofRuin,Moonblast,Protect|Modest||F|||50|]Basculegion||MysticWater|Adaptability|LastRespects,WaveCrash,AquaJet,Protect|Adamant||M|||50|]Whimsicott||FocusSash|Prankster|Moonblast,Tailwind,Encore,Protect|Timid||M|||50|]Garchomp||LifeOrb|RoughSkin|DragonClaw,Earthquake,RockSlide,Protect|Jolly||M|||50|]Kingambit||ChopleBerry|Defiant|KowtowCleave,SuckerPunch,IronHead,LowKick|Adamant||M|||50|
|showteam|p2|Charizard||CharizarditeY|SolarPower|SolarBeam,WeatherBall,HeatWave,Protect|Modest||M|||50|]Oranguru||MentalHerb|InnerFocus|TrickRoom,AfterYou,Instruct,PsychicNoise|Sassy||M|||50|]Torkoal||Charcoal|Drought|Eruption,EarthPower,AncientPower,GyroBall|Quiet||F|||50|]Pelipper||FocusSash|Drizzle|Uturn,WeatherBall,Hurricane,WideGuard|Timid||F|||50|]Mawile||Mawilite|HyperCutter|IronHead,PlayRough,SwordsDance,SuckerPunch|Adamant||M|||50|]Sinistcha-Masterpiece||Leftovers|Hospitality|TrickRoom,MatchaGotcha,Protect,RagePowder|Relaxed|||||50|
|inactive|Battle timer is ON: inactive players will automatically lose when time's up. (requested by MsLn)
|inactive|lettitripppp also wants the timer to be on.
|
|t:|1783912247
|teamsize|p1|4
|teamsize|p2|4
|start
|switch|p1a: GHOSTWAVE|Basculegion, L50, M|100/100
|switch|p1b: LETS GO GO|Whimsicott, L50, M, shiny|100/100
|switch|p2a: Oranguru|Oranguru, L50, M|100/100
|switch|p2b: Mawile|Mawile, L50, M|100/100
|turn|1
|
|t:|1783912266
|detailschange|p2b: Mawile|Mawile-Mega, L50, M
|-mega|p2b: Mawile|Mawile|Mawilite
|move|p1b: LETS GO GO|Moonblast|p2b: Mawile
|-resisted|p2b: Mawile|1
|-damage|p2b: Mawile|80/100
|move|p1a: GHOSTWAVE|Wave Crash|p2b: Mawile
|-damage|p2b: Mawile|0 fnt
|faint|p2b: Mawile
|-damage|p1a: GHOSTWAVE|79/100|[from] Recoil
|move|p2a: Oranguru|Trick Room|p2a: Oranguru
|-fieldstart|move: Trick Room|[of] p2a: Oranguru
|
|upkeep
|
|t:|1783912275
|switch|p2b: Pelipper|Pelipper, L50, F|100/100
|-weather|RainDance|[from] ability: Drizzle|[of] p2b: Pelipper
|turn|2
|
|t:|1783912292
|move|p2a: Oranguru|Instruct||[still]
|-fail|p2a: Oranguru
|move|p1a: GHOSTWAVE|Wave Crash|p2a: Oranguru
|-damage|p2a: Oranguru|0 fnt
|faint|p2a: Oranguru
|-damage|p1a: GHOSTWAVE|47/100|[from] Recoil
|move|p2b: Pelipper|Hurricane|p1b: LETS GO GO
|-supereffective|p1b: LETS GO GO|1
|-crit|p1b: LETS GO GO
|-enditem|p1b: LETS GO GO|Focus Sash
|-damage|p1b: LETS GO GO|1/100
|move|p1b: LETS GO GO|Moonblast|p2b: Pelipper
|-damage|p2b: Pelipper|47/100
|-unboost|p2b: Pelipper|spa|1
|
|-weather|RainDance|[upkeep]
|upkeep
|
|t:|1783912300
|switch|p2a: Sinistcha|Sinistcha-Masterpiece, L50|100/100
|-heal|p2b: Pelipper|72/100|[from] ability: Hospitality|[of] p2a: Sinistcha
|turn|3
|
|t:|1783912311
|move|p1a: GHOSTWAVE|Protect|p1a: GHOSTWAVE
|-singleturn|p1a: GHOSTWAVE|Protect
|move|p1b: LETS GO GO|Encore|p2b: Pelipper
|-start|p2b: Pelipper|Encore
|move|p2a: Sinistcha|Matcha Gotcha|p1a: GHOSTWAVE|[spread] p1b
|-activate|p1a: GHOSTWAVE|move: Protect
|-resisted|p1b: LETS GO GO|1
|-damage|p1b: LETS GO GO|0 fnt
|faint|p1b: LETS GO GO
|move|p2b: Pelipper|Hurricane|p1a: GHOSTWAVE
|-activate|p1a: GHOSTWAVE|move: Protect
|
|-weather|RainDance|[upkeep]
|upkeep
|
|t:|1783912318
|switch|p1b: GENERAL BLADUS|Kingambit, L50, M, shiny|100/100
|turn|4
|
|t:|1783912323
|move|p1a: GHOSTWAVE|Aqua Jet|p2a: Sinistcha
|-resisted|p2a: Sinistcha|1
|-damage|p2a: Sinistcha|79/100
|move|p1b: GENERAL BLADUS|Kowtow Cleave|p2a: Sinistcha
|-supereffective|p2a: Sinistcha|1
|-damage|p2a: Sinistcha|0 fnt
|faint|p2a: Sinistcha
|move|p2b: Pelipper|Hurricane|p1b: GENERAL BLADUS
|-resisted|p1b: GENERAL BLADUS|1
|-damage|p1b: GENERAL BLADUS|85/100
|-start|p1b: GENERAL BLADUS|confusion
|
|-weather|RainDance|[upkeep]
|upkeep
|turn|5
|-message|MsLn forfeited.
|
|win|lettitripppp
|raw|lettitripppp's rating: 1298 → 1315(+17 for winning)
|raw|MsLn's rating: 1184 → 1167(-17 for losing)
|l|☆MsLn
|player|p2|
