|j|☆swooshcel
|j|☆DaGondy
|html|swooshcelDaGondy    
|uhtml|bestof|Game 1 of a best-of-3
|t:|1785206524
|gametype|doubles
|player|p1|swooshcel|2|
|player|p2|DaGondy|mars|
|gen|9
|tier|[Gen 9 Champions] VGC 2026 Reg M-B (Bo3)
|rule|Species Clause: Limit one of each Pokémon
|rule|Item Clause: Limit 1 of each item
|clearpoke
|poke|p1|Sinistcha-Masterpiece, L50|
|poke|p1|Basculegion, L50, M|
|poke|p1|Corviknight, L50, M|
|poke|p1|Glimmora, L50, F|
|poke|p1|Aurorus, L50, M|
|poke|p1|Froslass, L50, F|
|poke|p2|Pelipper, L50, F|
|poke|p2|Basculegion-F, L50, F|
|poke|p2|Sylveon, L50, M|
|poke|p2|Chandelure, L50, F|
|poke|p2|Conkeldurr, L50, F|
|poke|p2|Whimsicott, L50, M|
|teampreview|4
|showteam|p1|Sinistcha-Masterpiece||SitrusBerry|Hospitality|MatchaGotcha,TrickRoom,ShadowBall,RagePowder|Timid|||||50|]Basculegion||ChoiceScarf|Adaptability|IceFang,WaveCrash,LastRespects,FlipTurn|Jolly||M|||50|]Corviknight||FocusSash|Pressure|BraveBird,BodyPress,Tailwind,IronDefense|Impish||M|||50|]Glimmora||Glimmoranite|ToxicDebris|PowerGem,Protect,SludgeWave,MudShot|Modest||F|||50|]Aurorus||LightClay|SnowWarning|AuroraVeil,Blizzard,FlashCannon,Encore|Bold||M|||50|]Froslass||Froslassite|SnowCloak|Blizzard,Protect,NastyPlot,ShadowBall|Modest||F|||50|
|showteam|p2|Pelipper||WacanBerry|Drizzle|Tailwind,Hurricane,HydroPump,Protect|Bold||F|||50|]Basculegion-F||FocusSash|SwiftSwim|AquaJet,FlipTurn,LastRespects,Protect|Adamant||F|||50|]Sylveon||FairyFeather|Pixilate|AlluringVoice,HyperVoice,Wish,Moonblast|Modest||M|||50|]Chandelure||ColburBerry|Infiltrator|WillOWisp,CalmMind,Poltergeist,TrickRoom|Sassy||F|||50|]Conkeldurr||LifeOrb|Guts|Facade,Protect,MachPunch,BrickBreak|Adamant||F|||50|]Whimsicott||Leftovers|Prankster|Tailwind,Moonblast,Uturn,Encore|Bold||M|||50|
|
|t:|1785206561
|teamsize|p1|4
|teamsize|p2|4
|start
|switch|p1a: aurora veil slave|Aurorus, L50, M|100/100
|switch|p1b: jarona|Sinistcha-Masterpiece, L50|100/100
|switch|p2a: Conkeldurr|Conkeldurr, L50, F|100/100
|switch|p2b: Chandelure|Chandelure, L50, F|100/100
|-weather|Snowscape|[from] ability: Snow Warning|[of] p1a: aurora veil slave
|turn|1
|
|t:|1785206581
|move|p2a: Conkeldurr|Mach Punch|p1a: aurora veil slave
|-supereffective|p1a: aurora veil slave|2
|-damage|p1a: aurora veil slave|39/100
|-damage|p2a: Conkeldurr|90/100|[from] item: Life Orb
|move|p1b: jarona|Shadow Ball|p2b: Chandelure
|-supereffective|p2b: Chandelure|1
|-damage|p2b: Chandelure|30/100
|move|p2b: Chandelure|Will-O-Wisp|p2a: Conkeldurr
|-status|p2a: Conkeldurr|brn
|move|p1a: aurora veil slave|Aurora Veil|p1a: aurora veil slave
|-sidestart|p1: swooshcel|move: Aurora Veil
|
|-weather|Snowscape|[upkeep]
|-damage|p2a: Conkeldurr|83/100 brn|[from] brn
|upkeep
|turn|2
|
|t:|1785206617
|switch|p1a: rime shank|Froslass, L50, F|100/100
|move|p2a: Conkeldurr|Mach Punch|p1a: rime shank
|-immune|p1a: rime shank
|move|p1b: jarona|Shadow Ball|p2b: Chandelure
|-supereffective|p2b: Chandelure|1
|-damage|p2b: Chandelure|0 fnt
|faint|p2b: Chandelure
|
|-weather|Snowscape|[upkeep]
|-damage|p2a: Conkeldurr|77/100 brn|[from] brn
|upkeep
|
|t:|1785206631
|switch|p2b: Pelipper|Pelipper, L50, F|100/100
|-weather|RainDance|[from] ability: Drizzle|[of] p2b: Pelipper
|turn|3
|
|t:|1785206644
|switch|p2a: Basculegion|Basculegion-F, L50, F|100/100
|detailschange|p1a: rime shank|Froslass-Mega, L50, F
|-mega|p1a: rime shank|Froslass|Froslassite
|-weather|Snowscape|[from] ability: Snow Warning|[of] p1a: rime shank
|move|p1b: jarona|Rage Powder|p1b: jarona
|-singleturn|p1b: jarona|move: Rage Powder
|move|p1a: rime shank|Nasty Plot|p1a: rime shank
|-boost|p1a: rime shank|spa|2
|move|p2b: Pelipper|Tailwind|p2b: Pelipper
|-sidestart|p2: DaGondy|move: Tailwind
|
|-weather|Snowscape|[upkeep]
|upkeep
|turn|4
|
|t:|1785206665
|switch|p2b: Conkeldurr|Conkeldurr, L50, F|77/100 brn
|move|p1a: rime shank|Protect|p1a: rime shank
|-singleturn|p1a: rime shank|Protect
|move|p2a: Basculegion|Last Respects|p1a: rime shank
|-activate|p1a: rime shank|move: Protect
|move|p1b: jarona|Trick Room|p1b: jarona
|-fieldstart|move: Trick Room|[of] p1b: jarona
|
|-weather|Snowscape|[upkeep]
|-damage|p2b: Conkeldurr|71/100 brn|[from] brn
|upkeep
|turn|5
|
|t:|1785206681
|switch|p2b: Pelipper|Pelipper, L50, F|100/100
|-weather|RainDance|[from] ability: Drizzle|[of] p2b: Pelipper
|move|p2a: Basculegion|Protect|p2a: Basculegion
|-singleturn|p2a: Basculegion|Protect
|move|p1b: jarona|Matcha Gotcha|p2b: Pelipper|[spread] p2b
|-activate|p2a: Basculegion|move: Protect
|-damage|p2b: Pelipper|59/100
|-status|p2b: Pelipper|brn
|move|p1a: rime shank|Blizzard|p2a: Basculegion|[spread] p2b
|-activate|p2a: Basculegion|move: Protect
|-damage|p2b: Pelipper|0 fnt
|faint|p2b: Pelipper
|
|-weather|RainDance|[upkeep]
|upkeep
|
|t:|1785206697
|switch|p2b: Conkeldurr|Conkeldurr, L50, F|71/100 brn
|turn|6
|
|t:|1785206708
|switch|p1b: aurora veil slave|Aurorus, L50, M|39/100
|-weather|Snowscape|[from] ability: Snow Warning|[of] p1b: aurora veil slave
|move|p2b: Conkeldurr|Protect|p2b: Conkeldurr
|-singleturn|p2b: Conkeldurr|Protect
|move|p2a: Basculegion|Aqua Jet|p1a: rime shank
|-damage|p1a: rime shank|87/100
|move|p1a: rime shank|Shadow Ball|p2a: Basculegion
|-supereffective|p2a: Basculegion|1
|-enditem|p2a: Basculegion|Focus Sash
|-damage|p2a: Basculegion|1/100
|
|-weather|Snowscape|[upkeep]
|-damage|p2b: Conkeldurr|65/100 brn|[from] brn
|-sideend|p2: DaGondy|move: Tailwind
|upkeep
|turn|7
|
|t:|1785206737
|move|p2a: Basculegion|Protect|p2a: Basculegion
|-singleturn|p2a: Basculegion|Protect
|move|p2b: Conkeldurr|Mach Punch|p1b: aurora veil slave
|-supereffective|p1b: aurora veil slave|2
|-damage|p1b: aurora veil slave|0 fnt
|faint|p1b: aurora veil slave
|-damage|p2b: Conkeldurr|55/100 brn|[from] item: Life Orb
|move|p1a: rime shank|Blizzard|p2a: Basculegion|[spread] p2b
|-activate|p2a: Basculegion|move: Protect
|-damage|p2b: Conkeldurr|0 fnt
|faint|p2b: Conkeldurr
|
|-weather|Snowscape|[upkeep]
|upkeep
|
|t:|1785206750
|switch|p1b: jarona|Sinistcha-Masterpiece, L50|100/100
|-heal|p1a: rime shank|100/100|[from] ability: Hospitality|[of] p1b: jarona
|turn|8
|
|t:|1785206759
|move|p1b: jarona|Matcha Gotcha|p2a: Basculegion
|-supereffective|p2a: Basculegion|1
|-damage|p2a: Basculegion|0 fnt
|faint|p2a: Basculegion
|
|win|swooshcel
||swooshcel is ready for game 2.
