|j|☆mackerjuan
|j|☆TreyBayBay
|html|mackerjuanTreyBayBay    
|uhtml|bestof|Game 3 of a best-of-3
|t:|1757938792
|gametype|doubles
|player|p1|mackerjuan|169|1204
|player|p2|TreyBayBay|ninjaboy|1119
|gen|9
|tier|[Gen 9] VGC 2025 Reg H (Bo3)
|rated|
|rule|Species Clause: Limit one of each Pokémon
|rule|Item Clause: Limit 1 of each item
|clearpoke
|poke|p1|Indeedee-F, L50, F|
|poke|p1|Armarouge, L50, M|
|poke|p1|Whimsicott, L50, F|
|poke|p1|Annihilape, L50, M|
|poke|p1|Ursaluna-Bloodmoon, L50, M|
|poke|p1|Gholdengo, L50|
|poke|p2|Ninetales-Alola, L50, M|
|poke|p2|Farigiraf, L50, F|
|poke|p2|Sneasler, L50, M|
|poke|p2|Incineroar, L50, F|
|poke|p2|Archaludon, L50, M|
|poke|p2|Hydreigon, L50, M|
|teampreview|4
|showteam|p1|Indeedee-F||SafetyGoggles|PsychicSurge|TrickRoom,Psychic,HelpingHand,FollowMe|||F|||50|,,,,,Fairy]Armarouge||LifeOrb|FlashFire|ExpandingForce,HeatWave,Protect,TrickRoom|||M|||50|,,,,,Grass]Whimsicott||FocusSash|Prankster|Moonblast,Tailwind,SunnyDay,BeatUp|||F|||50|,,,,,Ghost]Annihilape||SitrusBerry|Defiant|DrainPunch,RageFist,Protect,BulkUp|||M|||50|,,,,,Fire]Ursaluna-Bloodmoon||SilkScarf|MindsEye|BloodMoon,HyperVoice,EarthPower,Protect|||M|||50|,,,,,Normal]Gholdengo||ChoiceSpecs|GoodasGold|MakeItRain,ShadowBall,PowerGem,Trick||||||50|,,,,,Steel
|showteam|p2|Ninetales-Alola||LightClay|SnowWarning|Protect,Blizzard,Moonblast,AuroraVeil|||M|||50|,,,,,Ghost]Farigiraf||ThroatSpray|ArmorTail|ExpandingForce,HyperVoice,TrickRoom,Imprison|||F|||50|,,,,,Fairy]Sneasler||FocusSash|PoisonTouch|FakeOut,DireClaw,CloseCombat,Taunt|||M|||50|,,,,,Stellar]Incineroar||SafetyGoggles|Intimidate|FakeOut,FlareBlitz,KnockOff,WillOWisp|||F|||50|,,,,,Ghost]Archaludon||AssaultVest|Stamina|DracoMeteor,FlashCannon,BodyPress,Thunderbolt|||M|||50|,,,,,Bug]Hydreigon||CovertCloak|Levitate|Snarl,EarthPower,HeatWave,Tailwind|||M|||50|,,,,,Ghost
|inactive|Battle timer is ON: inactive players will automatically lose when time's up. (requested by mackerjuan)
|
|t:|1757938811
|teamsize|p1|4
|teamsize|p2|4
|start
|switch|p1a: Annihilape|Annihilape, L50, M|100/100
|switch|p1b: Whimsicott|Whimsicott, L50, F|100/100
|switch|p2a: Sneasler|Sneasler, L50, M|100/100
|switch|p2b: Hydreigon|Hydreigon, L50, M, shiny|100/100
|turn|1
|inactive|mackerjuan has 30 seconds left.
|
|t:|1757938842
|move|p2a: Sneasler|Fake Out|p1b: Whimsicott
|-damage|p1b: Whimsicott|78/100
|-status|p1b: Whimsicott|psn|[from] ability: Poison Touch|[of] p2a: Sneasler
|cant|p1b: Whimsicott|flinch
|move|p1a: Annihilape|Bulk Up|p1a: Annihilape
|-boost|p1a: Annihilape|atk|1
|-boost|p1a: Annihilape|def|1
|move|p2b: Hydreigon|Tailwind|p2b: Hydreigon
|-sidestart|p2: TreyBayBay|move: Tailwind
|
|-damage|p1b: Whimsicott|66/100 psn|[from] psn
|upkeep
|turn|2
|inactive|TreyBayBay has 30 seconds left.
|
|t:|1757938869
|move|p1b: Whimsicott|Tailwind|p1b: Whimsicott
|-sidestart|p1: mackerjuan|move: Tailwind
|move|p2a: Sneasler|Dire Claw|p1b: Whimsicott
|-supereffective|p1b: Whimsicott
|-damage|p1b: Whimsicott|0 fnt
|faint|p1b: Whimsicott
|move|p1a: Annihilape|Drain Punch|p2b: Hydreigon
|-supereffective|p2b: Hydreigon
|-damage|p2b: Hydreigon|0 fnt
|faint|p2b: Hydreigon
|
|upkeep
|
|t:|1757938891
|switch|p1b: Gholdengo|Gholdengo, L50|100/100
|switch|p2b: Incineroar|Incineroar, L50, F|100/100
|-ability|p2b: Incineroar|Intimidate|boost
|-unboost|p1a: Annihilape|atk|1
|-ability|p1a: Annihilape|Defiant|boost
|-boost|p1a: Annihilape|atk|2
|-unboost|p1b: Gholdengo|atk|1
|turn|3
|inactive|mackerjuan has 30 seconds left.
|
|t:|1757938921
|-terastallize|p2a: Sneasler|Stellar
|move|p2a: Sneasler|Dire Claw|p1a: Annihilape
|-resisted|p1a: Annihilape
|-damage|p1a: Annihilape|83/100
|-status|p1a: Annihilape|slp
|cant|p1a: Annihilape|slp
|move|p1b: Gholdengo|Make It Rain|p2b: Incineroar|[spread] p2a,p2b
|-resisted|p2b: Incineroar
|-damage|p2a: Sneasler|11/100
|-damage|p2b: Incineroar|75/100
|-unboost|p1b: Gholdengo|spa|1
|move|p2b: Incineroar|Flare Blitz|p1b: Gholdengo
|-supereffective|p1b: Gholdengo
|-crit|p1b: Gholdengo
|-damage|p1b: Gholdengo|0 fnt
|faint|p1b: Gholdengo
|-damage|p2b: Incineroar|49/100|[from] Recoil
|
|upkeep
|
|t:|1757938938
|switch|p1b: Ursaluna|Ursaluna-Bloodmoon, L50, M|100/100
|turn|4
|inactive|TreyBayBay has 30 seconds left.
|
|t:|1757938964
|move|p1b: Ursaluna|Protect|p1b: Ursaluna
|-singleturn|p1b: Ursaluna|Protect
|move|p2a: Sneasler|Close Combat|p1b: Ursaluna
|-activate|p1b: Ursaluna|move: Protect
|-curestatus|p1a: Annihilape|slp|[msg]
|move|p1a: Annihilape|Drain Punch|p2b: Incineroar
|-supereffective|p2b: Incineroar
|-damage|p2b: Incineroar|0 fnt
|-heal|p1a: Annihilape|100/100|[from] drain|[of] p2b: Incineroar
|faint|p2b: Incineroar
|
|-sideend|p2: TreyBayBay|move: Tailwind
|upkeep
|
|t:|1757938975
|switch|p2b: Farigiraf|Farigiraf, L50, F, shiny|100/100
|turn|5
|inactive|mackerjuan has 30 seconds left.
|
|t:|1757939008
|-terastallize|p1b: Ursaluna|Normal
|move|p1a: Annihilape|Drain Punch|p2b: Farigiraf
|-damage|p2b: Farigiraf|52/100
|move|p2a: Sneasler|Dire Claw|p1a: Annihilape
|-resisted|p1a: Annihilape
|-damage|p1a: Annihilape|86/100
|-status|p1a: Annihilape|psn
|move|p1b: Ursaluna|Blood Moon|p2b: Farigiraf
|-damage|p2b: Farigiraf|0 fnt
|faint|p2b: Farigiraf
|
|-damage|p1a: Annihilape|74/100 psn|[from] psn
|-sideend|p1: mackerjuan|move: Tailwind
|upkeep
|turn|6
|
|t:|1757939025
|move|p2a: Sneasler|Close Combat|p1b: Ursaluna
|-supereffective|p1b: Ursaluna
|-damage|p1b: Ursaluna|0 fnt
|-unboost|p2a: Sneasler|def|1
|-unboost|p2a: Sneasler|spd|1
|faint|p1b: Ursaluna
|move|p1a: Annihilape|Rage Fist|p2a: Sneasler
|-damage|p2a: Sneasler|0 fnt
|faint|p2a: Sneasler
|
|win|mackerjuan
|raw|mackerjuan's rating: 1204 → 1223(+19 for winning)
|raw|TreyBayBay's rating: 1119 → 1100(-19 for losing)
|c|☆TreyBayBay|gg
