|j|☆ROMAIN093
|j|☆we all hate ursf
|html|ROMAIN093we all hate ursf    
|uhtml|bestof|Game 1 of a best-of-3
|t:|1757736483
|gametype|doubles
|player|p1|ROMAIN093|170|1177
|player|p2|we all hate ursf|shadowtriad|1085
|gen|9
|tier|[Gen 9] VGC 2025 Reg H (Bo3)
|rated|
|rule|Species Clause: Limit one of each Pokémon
|rule|Item Clause: Limit 1 of each item
|clearpoke
|poke|p1|Incineroar, L50, F|
|poke|p1|Kingambit, L50, F|
|poke|p1|Gholdengo, L50|
|poke|p1|Dragonite, L50, F|
|poke|p1|Rillaboom, L50, M|
|poke|p1|Sneasler, L50, M|
|poke|p2|Garchomp, L50, F|
|poke|p2|Talonflame, L50, M|
|poke|p2|Gholdengo, L50|
|poke|p2|Ninetales-Alola, L50, F|
|poke|p2|Amoonguss, L50, F|
|poke|p2|Incineroar, L50, F|
|teampreview|4
|showteam|p1|Incineroar||SafetyGoggles|Intimidate|FakeOut,FlareBlitz,KnockOff,Taunt|||F|||50|,,,,,Bug]Kingambit||BlackGlasses|Defiant|TeraBlast,Protect,KowtowCleave,SuckerPunch|||F|||50|,,,,,Flying]Gholdengo||LifeOrb|GoodasGold|Protect,MakeItRain,NastyPlot,ShadowBall||||||50|,,,,,Steel]Dragonite||LoadedDice|Multiscale|Protect,ScaleShot,Tailwind,Haze|||F|||50|,,,,,Fairy]Rillaboom||AssaultVest|GrassySurge|FakeOut,BulletSeed,GrassyGlide,HighHorsepower|||M|||50|,,,,,Fire]Sneasler||FocusSash|PoisonTouch|FakeOut,CloseCombat,DireClaw,Protect|||M|||50|,,,,,Dark
|showteam|p2|Garchomp||ClearAmulet|RoughSkin|Earthquake,DragonClaw,SwordsDance,Protect|||F|||50|,,,,,Fire]Talonflame||FocusSash|GaleWings|BraveBird,Taunt,Tailwind,QuickGuard|||M|||50|,,,,,Ghost]Gholdengo||MetalCoat|GoodasGold|MakeItRain,ShadowBall,NastyPlot,Protect||||||50|,,,,,Water]Ninetales-Alola||LightClay|SnowWarning|Blizzard,FreezeDry,AuroraVeil,Protect|||F|||50|,,,,,Fire]Amoonguss||SitrusBerry|Regenerator|Spore,RagePowder,PollenPuff,Protect|||F|||50|,,,,,Fairy]Incineroar||SafetyGoggles|Intimidate|FakeOut,PartingShot,KnockOff,FlareBlitz|||F|||50|,,,,,Ghost
|inactive|Battle timer is ON: inactive players will automatically lose when time's up. (requested by we all hate ursf)
|inactive|ROMAIN093 has 60 seconds left.
|inactive|we all hate ursf has 60 seconds left.
|inactive|ROMAIN093 has 30 seconds left.
|inactive|ROMAIN093 has 20 seconds left.
|inactive|ROMAIN093 has 15 seconds left.
|inactive|ROMAIN093 has 10 seconds left.
|inactive|ROMAIN093 has 5 seconds left.
|
|t:|1757736570
|teamsize|p1|4
|teamsize|p2|4
|start
|switch|p1a: Sneasler|Sneasler, L50, M|100/100
|switch|p1b: Incineroar|Incineroar, L50, F|100/100
|switch|p2a: Amoonguss|Amoonguss, L50, F|100/100
|switch|p2b: Garchomp|Garchomp, L50, F|100/100
|-ability|p1b: Incineroar|Intimidate|boost
|-unboost|p2a: Amoonguss|atk|1
|-fail|p2b: Garchomp|unboost|[from] item: Clear Amulet|[of] p2b: Garchomp
|turn|1
|l|☆ROMAIN093
|inactive|ROMAIN093 disconnected and has a minute to reconnect!
|player|p1|
|inactive|ROMAIN093 has 30 seconds left.
|inactive|we all hate ursf has 30 seconds left.
|j|☆ROMAIN093
|inactive|ROMAIN093 reconnected and has 30 seconds left.
|player|p1|ROMAIN093|170|
|inactive|ROMAIN093 has 20 seconds left.
|
|t:|1757736609
|move|p2b: Garchomp|Protect|p2b: Garchomp
|-singleturn|p2b: Garchomp|Protect
|move|p2a: Amoonguss|Protect|p2a: Amoonguss
|-singleturn|p2a: Amoonguss|Protect
|move|p1a: Sneasler|Fake Out|p2b: Garchomp
|-activate|p2b: Garchomp|move: Protect
|move|p1b: Incineroar|Taunt|p2a: Amoonguss
|-activate|p2a: Amoonguss|move: Protect
|
|upkeep
|turn|2
|
|t:|1757736629
|-terastallize|p1b: Incineroar|Bug
|move|p2a: Amoonguss|Rage Powder|p2a: Amoonguss
|-singleturn|p2a: Amoonguss|move: Rage Powder
|move|p1a: Sneasler|Dire Claw|p2a: Amoonguss
|-damage|p2a: Amoonguss|58/100
|move|p2b: Garchomp|Swords Dance|p2b: Garchomp
|-boost|p2b: Garchomp|atk|2
|move|p1b: Incineroar|Taunt|p2a: Amoonguss
|-start|p2a: Amoonguss|move: Taunt
|
|upkeep
|turn|3
|
|t:|1757736650
|switch|p1b: Dragonite|Dragonite, L50, F|100/100
|switch|p2a: Talonflame|Talonflame, L50, M|100/100
|move|p1a: Sneasler|Protect|p1a: Sneasler
|-singleturn|p1a: Sneasler|Protect
|move|p2b: Garchomp|Protect||[still]
|-fail|p2b: Garchomp
|
|upkeep
|turn|4
|l|☆ROMAIN093
|inactive|ROMAIN093 disconnected and has a minute to reconnect!
|player|p1|
|j| TorukVGC
|j|☆ROMAIN093
|inactive|ROMAIN093 reconnected and has 45 seconds left.
|player|p1|ROMAIN093|170|
|l| TorukVGC
|inactive|ROMAIN093 has 30 seconds left.
|inactive|ROMAIN093 has 20 seconds left.
|inactive|ROMAIN093 has 15 seconds left.
|inactive|ROMAIN093 has 10 seconds left.
|inactive|ROMAIN093 has 5 seconds left.
|
|t:|1757736702
|switch|p1a: Incineroar|Incineroar, L50, F, tera:Bug|100/100
|-ability|p1a: Incineroar|Intimidate|boost
|-unboost|p2a: Talonflame|atk|1
|-fail|p2b: Garchomp|unboost|[from] item: Clear Amulet|[of] p2b: Garchomp
|-terastallize|p2b: Garchomp|Fire
|move|p1b: Dragonite|Protect|p1b: Dragonite
|-singleturn|p1b: Dragonite|Protect
|move|p2a: Talonflame|Taunt|p1b: Dragonite
|-activate|p1b: Dragonite|move: Protect
|move|p2b: Garchomp|Dragon Claw|p1a: Incineroar
|-damage|p1a: Incineroar|23/100
|
|upkeep
|turn|5
|inactive|ROMAIN093 has 30 seconds left.
|inactive|ROMAIN093 has 20 seconds left.
|inactive|ROMAIN093 has 15 seconds left.
|
|t:|1757736746
|move|p2a: Talonflame|Quick Guard|p2a: Talonflame
|-singleturn|p2a: Talonflame|Quick Guard
|move|p2b: Garchomp|Dragon Claw|p1b: Dragonite
|-supereffective|p1b: Dragonite
|-damage|p1b: Dragonite|8/100
|move|p1b: Dragonite|Scale Shot|p2a: Talonflame
|-damage|p2a: Talonflame|80/100
|-damage|p2a: Talonflame|55/100
|-damage|p2a: Talonflame|33/100
|-damage|p2a: Talonflame|12/100
|-damage|p2a: Talonflame|0 fnt
|faint|p2a: Talonflame
|-hitcount|p2: Talonflame|5
|-unboost|p1b: Dragonite|def|1
|-boost|p1b: Dragonite|spe|1
|move|p1a: Incineroar|Knock Off|p2b: Garchomp
|-damage|p2b: Garchomp|59/100
|-damage|p1a: Incineroar|10/100|[from] ability: Rough Skin|[of] p2b: Garchomp
|-enditem|p2b: Garchomp|Clear Amulet|[from] move: Knock Off|[of] p1a: Incineroar
|
|upkeep
|
|t:|1757736754
|switch|p2a: Incineroar|Incineroar, L50, F|100/100
|-ability|p2a: Incineroar|Intimidate|boost
|-unboost|p1a: Incineroar|atk|1
|-unboost|p1b: Dragonite|atk|1
|turn|6
|
|t:|1757736777
|switch|p1a: Gholdengo|Gholdengo, L50|100/100
|move|p1b: Dragonite|Protect|p1b: Dragonite
|-singleturn|p1b: Dragonite|Protect
|move|p2a: Incineroar|Fake Out|p1b: Dragonite
|-activate|p1b: Dragonite|move: Protect
|move|p2b: Garchomp|Dragon Claw|p1a: Gholdengo
|-resisted|p1a: Gholdengo
|-damage|p1a: Gholdengo|50/100
|
|upkeep
|turn|7
|inactive|ROMAIN093 has 30 seconds left.
|
|t:|1757736806
|move|p1a: Gholdengo|Protect|p1a: Gholdengo
|-singleturn|p1a: Gholdengo|Protect
|move|p1b: Dragonite|Tailwind|p1b: Dragonite
|-sidestart|p1: ROMAIN093|move: Tailwind
|move|p2b: Garchomp|Dragon Claw|p1b: Dragonite
|-supereffective|p1b: Dragonite
|-damage|p1b: Dragonite|0 fnt
|faint|p1b: Dragonite
|move|p2a: Incineroar|Knock Off|p1a: Gholdengo
|-activate|p1a: Gholdengo|move: Protect
|
|upkeep
|
|t:|1757736818
|switch|p1b: Incineroar|Incineroar, L50, F, tera:Bug|10/100
|-ability|p1b: Incineroar|Intimidate|boost
|-unboost|p2a: Incineroar|atk|1
|-unboost|p2b: Garchomp|atk|1
|turn|8
|
|t:|1757736841
|move|p1b: Incineroar|Fake Out|p2a: Incineroar
|-damage|p2a: Incineroar|90/100
|move|p1a: Gholdengo|Shadow Ball|p2b: Garchomp
|-damage|p2b: Garchomp|0 fnt
|faint|p2b: Garchomp
|-damage|p1a: Gholdengo|40/100|[from] item: Life Orb
|cant|p2a: Incineroar|flinch
|
|upkeep
|
|t:|1757736845
|switch|p2b: Amoonguss|Amoonguss, L50, F|91/100
|turn|9
|inactive|ROMAIN093 has 30 seconds left.
|inactive|ROMAIN093 has 20 seconds left.
|inactive|ROMAIN093 has 15 seconds left.
|inactive|ROMAIN093 has 10 seconds left.
|
|t:|1757736891
|switch|p1b: Sneasler|Sneasler, L50, M|100/100
|move|p1a: Gholdengo|Nasty Plot|p1a: Gholdengo
|-boost|p1a: Gholdengo|spa|2
|move|p2a: Incineroar|Flare Blitz|p1a: Gholdengo
|-supereffective|p1a: Gholdengo
|-damage|p1a: Gholdengo|0 fnt
|faint|p1a: Gholdengo
|-damage|p2a: Incineroar|79/100|[from] Recoil
|move|p2b: Amoonguss|Pollen Puff|p1b: Sneasler
|-resisted|p1b: Sneasler
|-damage|p1b: Sneasler|95/100
|
|upkeep
|
|t:|1757736904
|switch|p1a: Incineroar|Incineroar, L50, F, tera:Bug|10/100
|-ability|p1a: Incineroar|Intimidate|boost
|-unboost|p2a: Incineroar|atk|1
|-unboost|p2b: Amoonguss|atk|1
|turn|10
|inactive|ROMAIN093 has 30 seconds left.
|l|☆ROMAIN093
|inactive|ROMAIN093 disconnected and has a minute to reconnect!
|player|p1|
|inactive|ROMAIN093 has 20 seconds left.
|j|☆ROMAIN093
|inactive|ROMAIN093 reconnected and has 20 seconds left.
|player|p1|ROMAIN093|170|
|inactive|ROMAIN093 has 15 seconds left.
|
|t:|1757736948
|move|p1b: Sneasler|Close Combat|p2a: Incineroar
|-supereffective|p2a: Incineroar
|-damage|p2a: Incineroar|0 fnt
|-unboost|p1b: Sneasler|def|1
|-unboost|p1b: Sneasler|spd|1
|faint|p2a: Incineroar
|move|p1a: Incineroar|Flare Blitz|p2b: Amoonguss
|-supereffective|p2b: Amoonguss
|-damage|p2b: Amoonguss|0 fnt
|faint|p2b: Amoonguss
|-damage|p1a: Incineroar|0 fnt|[from] Recoil
|faint|p1a: Incineroar
|
|win|ROMAIN093
||we all hate ursf is ready for game 2.
||ROMAIN093 is ready for game 2.
|uhtml|next|Next: Game 2 of 3
|l|☆ROMAIN093
|player|p1|
