|j|☆Pakaan64
|j|☆Get flinched on
|html|Pakaan64Get flinched on    
|uhtml|bestof|Game 1 of a best-of-3
|t:|1782637993
|gametype|doubles
|player|p1|Pakaan64|266|1251
|player|p2|Get flinched on|clown|1174
|gen|9
|tier|[Gen 9 Champions] VGC 2026 Reg M-B (Bo3)
|rated|
|rule|Species Clause: Limit one of each Pokémon
|rule|Item Clause: Limit 1 of each item
|clearpoke
|poke|p1|Falinks, L50|
|poke|p1|Kangaskhan, L50, F|
|poke|p1|Gholdengo, L50|
|poke|p1|Whimsicott, L50, M|
|poke|p1|Charizard, L50, F|
|poke|p1|Sableye, L50, F, shiny|
|poke|p2|Whimsicott, L50, F|
|poke|p2|Glimmora, L50, M|
|poke|p2|Charizard, L50, M|
|poke|p2|Garchomp, L50, F|
|poke|p2|Kingambit, L50, M|
|poke|p2|Basculegion, L50, M|
|teampreview|4
|showteam|p1|Falinks||Falinksite|Defiant|NoRetreat,Protect,RockSlide,CloseCombat|Jolly|||||50|]Kangaskhan||SilkScarf|Scrappy|FakeOut,LastResort|Adamant||F|||50|]Gholdengo||LifeOrb|GoodasGold|MakeItRain,NastyPlot,ShadowBall,Protect|Modest|||||50|]Whimsicott||FocusSash|Prankster|Tailwind,Encore,Protect,Moonblast|Timid||M|||50|]Charizard||CharizarditeY|Blaze|Protect,SolarBeam,HeatWave,WeatherBall|Modest||F|||50|]Sableye||LightClay|Prankster|LightScreen,Reflect,FakeOut,FoulPlay|Careful||F|||50|
|showteam|p2|Whimsicott||FairyFeather|Prankster|Moonblast,Tailwind,Encore,Protect|Timid||F|||50|]Glimmora||FocusSash|ToxicDebris|PowerGem,SludgeBomb,EarthPower,SpikyShield|Timid||M|||50|]Charizard||CharizarditeY|SolarPower|HeatWave,WeatherBall,SolarBeam,Protect|Modest||M|||50|]Garchomp||SitrusBerry|RoughSkin|Earthquake,DragonClaw,PoisonJab,Protect|Adamant||F|||50|]Kingambit||ChopleBerry|Defiant|KowtowCleave,IronHead,SuckerPunch,LowKick|Adamant||M|||50|]Basculegion||MysticWater|Adaptability|WaveCrash,LastRespects,AquaJet,Protect|Adamant||M|||50|
|inactive|Battle timer is ON: inactive players will automatically lose when time's up. (requested by Pakaan64)
|
|t:|1782638020
|teamsize|p1|4
|teamsize|p2|4
|start
|switch|p1a: Falinks|Falinks, L50|100/100
|switch|p1b: Kangaskhan|Kangaskhan, L50, F|100/100
|switch|p2a: Whimsicott|Whimsicott, L50, F|100/100
|switch|p2b: Glimmora|Glimmora, L50, M|100/100
|turn|1
|
|t:|1782638038
|detailschange|p1a: Falinks|Falinks-Mega, L50
|-mega|p1a: Falinks|Falinks|Falinksite
|move|p2a: Whimsicott|Protect|p2a: Whimsicott
|-singleturn|p2a: Whimsicott|Protect
|move|p1b: Kangaskhan|Fake Out|p2a: Whimsicott
|-activate|p2a: Whimsicott|move: Protect
|move|p1a: Falinks|Rock Slide|p2b: Glimmora|[spread] p2b
|-activate|p2a: Whimsicott|move: Protect
|-damage|p2b: Glimmora|74/100
|-activate|p2b: Glimmora|ability: Toxic Debris
|-sidestart|p1: Pakaan64|move: Toxic Spikes
|move|p2b: Glimmora|Sludge Bomb|p1a: Falinks
|-damage|p1a: Falinks|16/100
|
|upkeep
|turn|2
|
|t:|1782638054
|move|p1a: Falinks|Protect|p1a: Falinks
|-singleturn|p1a: Falinks|Protect
|move|p2a: Whimsicott|Encore|p1b: Kangaskhan
|-start|p1b: Kangaskhan|Encore
|move|p1b: Kangaskhan|Fake Out||[still]
|-hint|Fake Out only works on your first turn out.
|-fail|p1b: Kangaskhan
|move|p2b: Glimmora|Sludge Bomb|p1a: Falinks
|-activate|p1a: Falinks|move: Protect
|
|upkeep
|turn|3
|
|t:|1782638060
|switch|p1a: Sableye|Sableye, L50, F, shiny|100/100
|-status|p1a: Sableye|psn
|switch|p1b: Whimsicott|Whimsicott, L50, M|100/100
|-status|p1b: Whimsicott|psn
|move|p2a: Whimsicott|Tailwind|p2a: Whimsicott
|-sidestart|p2: Get flinched on|move: Tailwind
|move|p2b: Glimmora|Sludge Bomb|p1a: Sableye
|-resisted|p1a: Sableye|1
|-crit|p1a: Sableye
|-damage|p1a: Sableye|58/100 psn
|
|-damage|p1b: Whimsicott|87/100 psn|[from] psn
|-damage|p1a: Sableye|46/100 psn|[from] psn
|upkeep
|turn|4
|
|t:|1782638074
|move|p1b: Whimsicott|Tailwind|p1b: Whimsicott
|-sidestart|p1: Pakaan64|move: Tailwind
|move|p1a: Sableye|Light Screen|p1a: Sableye
|-sidestart|p1: Pakaan64|move: Light Screen
|move|p2a: Whimsicott|Moonblast|p1a: Sableye
|-supereffective|p1a: Sableye|1
|-damage|p1a: Sableye|0 fnt
|faint|p1a: Sableye
|move|p2b: Glimmora|Sludge Bomb|p1b: Whimsicott
|-supereffective|p1b: Whimsicott|2
|-crit|p1b: Whimsicott
|-damage|p1b: Whimsicott|0 fnt
|faint|p1b: Whimsicott
|
|upkeep
|
|t:|1782638081
|switch|p1b: Kangaskhan|Kangaskhan, L50, F|100/100
|switch|p1a: Falinks|Falinks-Mega, L50|16/100
|-status|p1a: Falinks|psn
|-status|p1b: Kangaskhan|psn
|turn|5
|
|t:|1782638091
|move|p2a: Whimsicott|Protect|p2a: Whimsicott
|-singleturn|p2a: Whimsicott|Protect
|move|p2b: Glimmora|Spiky Shield|p2b: Glimmora
|-singleturn|p2b: Glimmora|move: Protect
|move|p1b: Kangaskhan|Fake Out|p2a: Whimsicott
|-activate|p2a: Whimsicott|move: Protect
|move|p1a: Falinks|Close Combat|p2b: Glimmora
|-activate|p2b: Glimmora|move: Protect
|-damage|p1a: Falinks|4/100 psn|[from] Spiky Shield|[of] p2b: Glimmora
|
|-damage|p1a: Falinks|0 fnt|[from] psn
|faint|p1a: Falinks
|-damage|p1b: Kangaskhan|87/100 psn|[from] psn
|upkeep
|turn|6
|
|t:|1782638100
|move|p2a: Whimsicott|Encore|p1b: Kangaskhan
|-start|p1b: Kangaskhan|Encore
|move|p1b: Kangaskhan|Fake Out||[still]
|-hint|Fake Out only works on your first turn out.
|-fail|p1b: Kangaskhan
|move|p2b: Glimmora|Sludge Bomb|p1b: Kangaskhan
|-damage|p1b: Kangaskhan|52/100 psn
|
|-damage|p1b: Kangaskhan|40/100 psn|[from] psn
|-sideend|p2: Get flinched on|move: Tailwind
|upkeep
|turn|7
|
|t:|1782638107
|-activate|p1b: Kangaskhan|move: Struggle
|move|p1b: Kangaskhan|Struggle|p2b: Glimmora
|-damage|p2b: Glimmora|53/100
|-activate|p2b: Glimmora|ability: Toxic Debris
|-sidestart|p1: Pakaan64|move: Toxic Spikes
|-damage|p1b: Kangaskhan|15/100 psn|[from] recoil
|move|p2a: Whimsicott|Moonblast|p1b: Kangaskhan
|-damage|p1b: Kangaskhan|0 fnt
|faint|p1b: Kangaskhan
|
|win|Get flinched on
