|j|☆SlowHomie
|j|☆Snowstorm brute
|html|SlowHomieSnowstorm brute    
|uhtml|bestof|Game 1 of a best-of-3
|t:|1756918054
|gametype|doubles
|player|p1|SlowHomie|lucas|
|player|p2|Snowstorm brute|veteran|
|gen|9
|tier|[Gen 9] VGC 2025 Reg H (Bo3)
|rule|Species Clause: Limit one of each Pokémon
|rule|Item Clause: Limit 1 of each item
|clearpoke
|poke|p1|Kommo-o, L50, F|
|poke|p1|Ninetales-Alola, L50, F|
|poke|p1|Rillaboom, L50, M|
|poke|p1|Electabuzz, L50, M|
|poke|p1|Annihilape, L50, M|
|poke|p1|Kingambit, L50, F|
|poke|p2|Comfey, L50, F|
|poke|p2|Dragonite, L50, F|
|poke|p2|Ursaluna-Bloodmoon, L50, M|
|poke|p2|Volcarona, L50, F|
|teampreview|4
|showteam|p1|Kommo-o||LifeOrb|Soundproof|ClangingScales,AuraSphere,Flamethrower,Protect|||F|||50|,,,,,Fire]Ninetales-Alola||NeverMeltIce|SnowWarning|Blizzard,FreezeDry,Encore,Protect|||F|||50|,,,,,Ice]Rillaboom||AssaultVest|GrassySurge|WoodHammer,GrassyGlide,HighHorsepower,FakeOut|||M|||50|,,,,,Ghost]Electabuzz||Eviolite|VitalSpirit|Electroweb,HelpingHand,FollowMe,Protect|||M|||50|,,,,,Ghost]Annihilape||FocusSash|Defiant|CloseCombat,ShadowClaw,FinalGambit,Taunt|||M|||50|,,,,,Stellar]Kingambit||BlackGlasses|Defiant|KowtowCleave,SuckerPunch,SwordsDance,Protect|||F|||50|,,,,,Dark
|showteam|p2|Comfey||SitrusBerry|Triage|DrainingKiss,FloralHealing,LightScreen,Protect|||F|||50|,,,,,Steel]Dragonite||LoadedDice|Multiscale|ScaleShot,StompingTantrum,Haze,Protect|||F|||50|,,,,,Ground]Ursaluna-Bloodmoon||Leftovers|MindsEye|CalmMind,EarthPower,BloodMoon,Protect|||M|||50|,,,,,Electric]Volcarona||CovertCloak|FlameBody|QuiverDance,FieryDance,TeraBlast,WillOWisp|||F|||50|,,,,,Fairy
|
|t:|1756918082
|teamsize|p1|4
|teamsize|p2|4
|start
|switch|p1a: Hobo|Annihilape, L50, M, shiny|100/100
|switch|p1b: Lumi|Ninetales-Alola, L50, F, shiny|100/100
|switch|p2a: Comfey|Comfey, L50, F|100/100
|switch|p2b: Volcarona|Volcarona, L50, F|100/100
|-weather|Snowscape|[from] ability: Snow Warning|[of] p1b: Lumi
|turn|1
|
|t:|1756918090
|switch|p2b: Ursaluna|Ursaluna-Bloodmoon, L50, M|100/100
|move|p2a: Comfey|Draining Kiss|p1a: Hobo
|-supereffective|p1a: Hobo
|-damage|p1a: Hobo|73/100
|move|p1b: Lumi|Blizzard|p2a: Comfey|[spread] p2a,p2b
|-supereffective|p2b: Ursaluna
|-damage|p2a: Comfey|69/100
|-damage|p2b: Ursaluna|40/100
|move|p1a: Hobo|Final Gambit|p2b: Ursaluna
|-damage|p2b: Ursaluna|0 fnt
|faint|p1a: Hobo
|faint|p2b: Ursaluna
|
|-weather|Snowscape|[upkeep]
|upkeep
|
|t:|1756918102
|switch|p1a: Kommodo-Moʻo|Kommo-o, L50, F, shiny|100/100
|switch|p2b: Volcarona|Volcarona, L50, F|100/100
|turn|2
|
|t:|1756918110
|-terastallize|p2b: Volcarona|Fairy
|-terastallize|p1a: Kommodo-Moʻo|Fire
|move|p2a: Comfey|Draining Kiss|p1b: Lumi
|-damage|p1b: Lumi|81/100
|-heal|p2a: Comfey|84/100|[from] drain|[of] p1b: Lumi
|move|p1b: Lumi|Blizzard|p2b: Volcarona|[spread] p2a,p2b
|-damage|p2a: Comfey|50/100
|-damage|p2b: Volcarona|68/100
|-enditem|p2a: Comfey|Sitrus Berry|[eat]
|-heal|p2a: Comfey|74/100|[from] item: Sitrus Berry
|move|p2b: Volcarona|Quiver Dance|p2b: Volcarona
|-boost|p2b: Volcarona|spa|1
|-boost|p2b: Volcarona|spd|1
|-boost|p2b: Volcarona|spe|1
|move|p1a: Kommodo-Moʻo|Flamethrower|p2a: Comfey
|-damage|p2a: Comfey|25/100
|-damage|p1a: Kommodo-Moʻo|91/100|[from] item: Life Orb
|
|-weather|Snowscape|[upkeep]
|upkeep
|turn|3
|
|t:|1756918132
|move|p2a: Comfey|Floral Healing|p2b: Volcarona
|-heal|p2b: Volcarona|100/100
|move|p2b: Volcarona|Fiery Dance|p1b: Lumi
|-supereffective|p1b: Lumi
|-damage|p1b: Lumi|0 fnt
|faint|p1b: Lumi
|move|p1a: Kommodo-Moʻo|Flamethrower|p2a: Comfey
|-damage|p2a: Comfey|0 fnt
|faint|p2a: Comfey
|-damage|p1a: Kommodo-Moʻo|82/100|[from] item: Life Orb
|
|-weather|Snowscape|[upkeep]
|upkeep
|
|t:|1756918137
|switch|p1b: Queen Goober|Kingambit, L50, F, shiny|100/100
|switch|p2a: Dragonite|Dragonite, L50, F|100/100
|turn|4
|
|t:|1756918146
|move|p2a: Dragonite|Protect|p2a: Dragonite
|-singleturn|p2a: Dragonite|Protect
|move|p1b: Queen Goober|Protect|p1b: Queen Goober
|-singleturn|p1b: Queen Goober|Protect
|move|p2b: Volcarona|Fiery Dance|p1b: Queen Goober
|-activate|p1b: Queen Goober|move: Protect
|move|p1a: Kommodo-Moʻo|Clanging Scales|p2a: Dragonite|[spread] 
|-activate|p2a: Dragonite|move: Protect
|-immune|p2b: Volcarona
|
|-weather|Snowscape|[upkeep]
|upkeep
|turn|5
|
|t:|1756918154
|move|p2a: Dragonite|Protect||[still]
|-fail|p2a: Dragonite
|move|p1b: Queen Goober|Sucker Punch||[still]
|-fail|p1b: Queen Goober
|move|p2b: Volcarona|Fiery Dance|p1b: Queen Goober
|-supereffective|p1b: Queen Goober
|-damage|p1b: Queen Goober|2/100
|-boost|p2b: Volcarona|spa|1
|move|p1a: Kommodo-Moʻo|Clanging Scales|p2b: Volcarona|[spread] p2a
|-immune|p2b: Volcarona
|-supereffective|p2a: Dragonite
|-damage|p2a: Dragonite|57/100
|-unboost|p1a: Kommodo-Moʻo|def|1
|-damage|p1a: Kommodo-Moʻo|72/100|[from] item: Life Orb
|
|-weather|none
|upkeep
|turn|6
|
|t:|1756918175
|move|p2a: Dragonite|Protect|p2a: Dragonite
|-singleturn|p2a: Dragonite|Protect
|move|p1b: Queen Goober|Sucker Punch|p2b: Volcarona
|-resisted|p2b: Volcarona
|-damage|p2b: Volcarona|73/100
|-status|p1b: Queen Goober|brn|[from] ability: Flame Body|[of] p2b: Volcarona
|move|p2b: Volcarona|Fiery Dance|p1a: Kommodo-Moʻo
|-resisted|p1a: Kommodo-Moʻo
|-damage|p1a: Kommodo-Moʻo|31/100
|-boost|p2b: Volcarona|spa|1
|move|p1a: Kommodo-Moʻo|Clanging Scales|p2b: Volcarona|[spread] 
|-activate|p2a: Dragonite|move: Protect
|-immune|p2b: Volcarona
|
|-damage|p1b: Queen Goober|0 fnt|[from] brn
|faint|p1b: Queen Goober
|upkeep
|turn|7
|
|t:|1756918181
|move|p2b: Volcarona|Fiery Dance|p1a: Kommodo-Moʻo
|-resisted|p1a: Kommodo-Moʻo
|-damage|p1a: Kommodo-Moʻo|0 fnt
|-boost|p2b: Volcarona|spa|1
|faint|p1a: Kommodo-Moʻo
|
|win|Snowstorm brute
||SlowHomie is ready for game 2.
||Snowstorm brute is ready for game 2.
|uhtml|next|Next: Game 2 of 3
