|j|☆ChoraoSofa
|j|☆kurapikt07
|html|ChoraoSofakurapikt07    
|uhtml|bestof|Game 2 of a best-of-3
|t:|1757849555
|gametype|doubles
|player|p1|ChoraoSofa|swimmer-gen4|1083
|player|p2|kurapikt07|pokemonbreeder-gen4|1033
|gen|9
|tier|[Gen 9] VGC 2025 Reg H (Bo3)
|rated|
|rule|Species Clause: Limit one of each Pokémon
|rule|Item Clause: Limit 1 of each item
|clearpoke
|poke|p1|Scovillain, L50, F|
|poke|p1|Ambipom, L50, M|
|poke|p1|Torkoal, L50, M|
|poke|p1|Ursaluna, L50, F|
|poke|p1|Kilowattrel, L50, M|
|poke|p1|Gallade, L50, M|
|poke|p2|Meowscarada, L50, M|
|poke|p2|Talonflame, L50, M|
|poke|p2|Crabominable, L50, F|
|poke|p2|Farigiraf, L50, F|
|poke|p2|Tauros-Paldea-Blaze, L50, M|
|poke|p2|Electabuzz, L50, M|
|teampreview|4
|showteam|p1|Scovillain||FocusSash|Chlorophyll|RagePowder,EnergyBall,Flamethrower,SpicyExtract|||F|||50|,,,,,Ghost]Ambipom||WideLens|Technician|FakeOut,TripleAxel,Protect,Uturn|||M|||50|,,,,,Stellar]Torkoal||EjectPack|Drought|Eruption,Protect,Overheat,HeatWave|||M|||50|,,,,,Fire]Ursaluna||FlameOrb|Guts|HeadlongRush,Earthquake,Facade,Protect|||F|||50|,,,,,Ghost]Kilowattrel||CovertCloak|Competitive|AirSlash,Tailwind,Thunderbolt,Protect|||M|||50|,,,,,Fairy]Gallade||ClearAmulet|Sharpness|WideGuard,SacredSword,PsychoCut,TrickRoom|||M|||50|,,,,,Fire
|showteam|p2|Meowscarada||FocusSash|Overgrow|FlowerTrick,PsychUp,Taunt,PollenPuff|||M|||50|,,,,,Ghost]Talonflame||EjectButton|GaleWings|BraveBird,UpperHand,Tailwind,Taunt|||M|||50|,,,,,Ghost]Crabominable||CovertCloak|AngerPoint|DrainPunch,BodySlam,KnockOff,WideGuard|||F|||50|,,,,,Grass]Farigiraf||IronBall|ArmorTail|ZenHeadbutt,TeraBlast,PsychUp,TrickRoom|||F|||50|,,,,,Fairy]Tauros-Paldea-Blaze||AbilityShield|AngerPoint|Earthquake,RockSlide,Protect,RagingBull|||M|||50|,,,,,Grass]Electabuzz||Eviolite|Static|FollowMe,Discharge,Thunderbolt,ThunderWave|||M|||50|,,,,,Grass
|inactive|Battle timer is ON: inactive players will automatically lose when time's up. (requested by ChoraoSofa)
|
|t:|1757849572
|teamsize|p1|4
|teamsize|p2|4
|start
|switch|p1a: Ambipom|Ambipom, L50, M|100/100
|switch|p1b: Kilowattrel|Kilowattrel, L50, M|100/100
|switch|p2a: Talonflame|Talonflame, L50, M|100/100
|switch|p2b: Tauros|Tauros-Paldea-Blaze, L50, M|100/100
|turn|1
|
|t:|1757849595
|-terastallize|p2a: Talonflame|Ghost
|move|p2b: Tauros|Protect|p2b: Tauros
|-singleturn|p2b: Tauros|Protect
|move|p1a: Ambipom|Fake Out|p2a: Talonflame
|-immune|p2a: Talonflame
|move|p2a: Talonflame|Tailwind|p2a: Talonflame
|-sidestart|p2: kurapikt07|move: Tailwind
|move|p1b: Kilowattrel|Air Slash|p2b: Tauros
|-activate|p2b: Tauros|move: Protect
|
|upkeep
|turn|2
|inactive|ChoraoSofa has 30 seconds left.
|
|t:|1757849629
|move|p1a: Ambipom|Protect|p1a: Ambipom
|-singleturn|p1a: Ambipom|Protect
|move|p2a: Talonflame|Taunt|p1b: Kilowattrel
|-start|p1b: Kilowattrel|move: Taunt
|move|p2b: Tauros|Rock Slide|p1a: Ambipom|[spread] p1b
|-activate|p1a: Ambipom|move: Protect
|-supereffective|p1b: Kilowattrel
|-damage|p1b: Kilowattrel|33/100
|cant|p1b: Kilowattrel|move: Taunt|Tailwind
|
|upkeep
|turn|3
|
|t:|1757849652
|switch|p1b: Torkoal|Torkoal, L50, M|100/100
|-weather|SunnyDay|[from] ability: Drought|[of] p1b: Torkoal
|-terastallize|p1a: Ambipom|Stellar
|move|p2a: Talonflame|Brave Bird|p1a: Ambipom
|-damage|p1a: Ambipom|26/100
|-damage|p2a: Talonflame|76/100|[from] Recoil
|move|p2b: Tauros|Rock Slide|p1b: Torkoal|[spread] p1a,p1b
|-supereffective|p1b: Torkoal
|-damage|p1a: Ambipom|0 fnt
|-damage|p1b: Torkoal|76/100
|faint|p1a: Ambipom
|
|-weather|SunnyDay|[upkeep]
|upkeep
|
|t:|1757849668
|switch|p1a: Scovillain|Scovillain, L50, F|100/100
|turn|4
|
|t:|1757849685
|move|p2a: Talonflame|Brave Bird|p1a: Scovillain
|-supereffective|p1a: Scovillain
|-enditem|p1a: Scovillain|Focus Sash
|-damage|p1a: Scovillain|1/100
|-damage|p2a: Talonflame|47/100|[from] Recoil
|move|p2b: Tauros|Earthquake|p1a: Scovillain|[spread] p2a,p1a,p1b
|-supereffective|p1b: Torkoal
|-damage|p2a: Talonflame|9/100
|-damage|p1a: Scovillain|0 fnt
|-damage|p1b: Torkoal|37/100
|faint|p1a: Scovillain
|-enditem|p2a: Talonflame|Eject Button
|
|t:|1757849695
|switch|p2a: Meowscarada|Meowscarada, L50, M|100/100
|move|p1b: Torkoal|Heat Wave|p2b: Tauros|[spread] p2a,p2b
|-supereffective|p2a: Meowscarada
|-resisted|p2b: Tauros
|-enditem|p2a: Meowscarada|Focus Sash
|-damage|p2a: Meowscarada|1/100
|-damage|p2b: Tauros|66/100
|-status|p2a: Meowscarada|brn
|
|-weather|SunnyDay|[upkeep]
|-damage|p2a: Meowscarada|0 fnt|[from] brn
|faint|p2a: Meowscarada
|-sideend|p2: kurapikt07|move: Tailwind
|upkeep
|
|t:|1757849707
|switch|p2a: Talonflame|Talonflame, L50, M, tera:Ghost|9/100
|switch|p1a: Kilowattrel|Kilowattrel, L50, M|33/100
|turn|5
|
|t:|1757849730
|move|p1a: Kilowattrel|Protect|p1a: Kilowattrel
|-singleturn|p1a: Kilowattrel|Protect
|move|p2a: Talonflame|Brave Bird|p1a: Kilowattrel
|-activate|p1a: Kilowattrel|move: Protect
|move|p2b: Tauros|Rock Slide|p1b: Torkoal|[spread] p1b
|-activate|p1a: Kilowattrel|move: Protect
|-supereffective|p1b: Torkoal
|-damage|p1b: Torkoal|8/100
|move|p1b: Torkoal|Heat Wave|p2a: Talonflame|[spread] p2a,p2b
|-resisted|p2b: Tauros
|-damage|p2a: Talonflame|0 fnt
|-damage|p2b: Tauros|30/100
|faint|p2a: Talonflame
|
|-weather|SunnyDay|[upkeep]
|upkeep
|
|t:|1757849744
|switch|p2a: Crabominable|Crabominable, L50, F|100/100
|turn|6
|inactive|kurapikt07 has 30 seconds left.
|
|t:|1757849774
|move|p1a: Kilowattrel|Tailwind|p1a: Kilowattrel
|-sidestart|p1: ChoraoSofa|move: Tailwind
|move|p2b: Tauros|Raging Bull|p1a: Kilowattrel
|-damage|p1a: Kilowattrel|0 fnt
|faint|p1a: Kilowattrel
|move|p2a: Crabominable|Drain Punch|p1b: Torkoal
|-damage|p1b: Torkoal|0 fnt
|faint|p1b: Torkoal
|
|win|kurapikt07
||ChoraoSofa is ready for game 3.
|inactive|kurapikt07 has 30 seconds to confirm battle start!
||kurapikt07 is ready for game 3.
|uhtml|next|Next: Game 3 of 3
|l|☆ChoraoSofa
|player|p1|
|l|☆kurapikt07
|player|p2|
