|j|☆Luke693VGC
|j|☆Lstdnce
|html|Luke693VGCLstdnce    
|uhtml|bestof|Game 2 of a best-of-3
|t:|1756633143
|gametype|doubles
|player|p1|Luke693VGC|cyclist-gen4|1100
|player|p2|Lstdnce|1|1174
|gen|9
|tier|[Gen 9] VGC 2025 Reg H (Bo3)
|rated|
|rule|Species Clause: Limit one of each Pokémon
|rule|Item Clause: Limit 1 of each item
|clearpoke
|poke|p1|Archaludon, L50, M|
|poke|p1|Pelipper, L50, M|
|poke|p1|Basculegion, L50, M|
|poke|p1|Sinistcha, L50|
|poke|p1|Maushold-Four, L50|
|poke|p1|Annihilape, L50, M|
|poke|p2|Arcanine-Hisui, L50, M|
|poke|p2|Salamence, L50, F|
|poke|p2|Gholdengo, L50|
|poke|p2|Ursaluna-Bloodmoon, L50, M|
|poke|p2|Electabuzz, L50, M|
|poke|p2|Rillaboom, L50, M|
|teampreview|4
|showteam|p1|Archaludon||AssaultVest|Stamina|DracoMeteor,FlashCannon,ElectroShot,BodyPress|||M|||50|,,,,,Grass]Pelipper||FocusSash|Drizzle|Hurricane,WeatherBall,Tailwind,HelpingHand|||M|||50|,,,,,Stellar]Basculegion||ChoiceBand|SwiftSwim|WaveCrash,FlipTurn,LastRespects,AquaJet|||M|||50|,,,,,Grass]Sinistcha||SitrusBerry|Hospitality|MatchaGotcha,LifeDew,RagePowder,TrickRoom||||||50|,,,,,Fairy]Maushold-Four||SafetyGoggles|FriendGuard|BeatUp,FollowMe,Taunt,Protect||||||50|,,,,,Ghost]Annihilape||Leftovers|Defiant|DrainPunch,RageFist,BulkUp,Protect|||M|||50|,,,,,Grass
|showteam|p2|Arcanine-Hisui||ChoiceBand|RockHead|FlareBlitz,RockSlide,HeadSmash,ExtremeSpeed|||M|||50|,,,,,Ghost]Salamence||RockyHelmet|Intimidate|Tailwind,DracoMeteor,AirSlash,Roost|||F|||50|,,,,,Steel]Gholdengo||Leftovers|GoodasGold|MakeItRain,ShadowBall,NastyPlot,Protect||||||50|,,,,,Dragon]Ursaluna-Bloodmoon||LifeOrb|MindsEye|Protect,HyperVoice,EarthPower,BloodMoon|||M|||50|,,,,,Normal]Electabuzz||Eviolite|VitalSpirit|Protect,Electroweb,Taunt,FollowMe|||M|||50|,,,,,Dragon]Rillaboom||AssaultVest|GrassySurge|FakeOut,WoodHammer,Uturn,GrassyGlide|||M|||50|,,,,,Fire
|inactive|Battle timer is ON: inactive players will automatically lose when time's up. (requested by Lstdnce)
|
|t:|1756633171
|teamsize|p1|4
|teamsize|p2|4
|start
|switch|p1a: Archaludon|Archaludon, L50, M|100/100
|switch|p1b: Pelipper|Pelipper, L50, M|100/100
|switch|p2a: Electabuzz|Electabuzz, L50, M|100/100
|switch|p2b: Gholdengo|Gholdengo, L50|100/100
|-weather|RainDance|[from] ability: Drizzle|[of] p1b: Pelipper
|turn|1
|inactive|Luke693VGC has 30 seconds left.
|inactive|Luke693VGC has 20 seconds left.
|inactive|Luke693VGC has 15 seconds left.
|inactive|Luke693VGC has 10 seconds left.
|
|t:|1756633220
|switch|p1b: Sinistcha|Sinistcha, L50|100/100
|move|p2a: Electabuzz|Electroweb|p1b: Sinistcha|[spread] p1a,p1b
|-resisted|p1a: Archaludon
|-resisted|p1b: Sinistcha
|-damage|p1a: Archaludon|95/100
|-damage|p1b: Sinistcha|94/100
|-unboost|p1a: Archaludon|spe|1
|-unboost|p1b: Sinistcha|spe|1
|-ability|p1a: Archaludon|Stamina|boost
|-boost|p1a: Archaludon|def|1
|move|p2b: Gholdengo|Shadow Ball|p1b: Sinistcha
|-supereffective|p1b: Sinistcha
|-damage|p1b: Sinistcha|24/100
|-enditem|p1b: Sinistcha|Sitrus Berry|[eat]
|-heal|p1b: Sinistcha|49/100|[from] item: Sitrus Berry
|move|p1a: Archaludon|Electro Shot||[still]
|-prepare|p1a: Archaludon|Electro Shot
|-boost|p1a: Archaludon|spa|1
|-anim|p1a: Archaludon|Electro Shot|p2b: Gholdengo
|-damage|p2b: Gholdengo|31/100
|
|-weather|RainDance|[upkeep]
|-heal|p2b: Gholdengo|37/100|[from] item: Leftovers
|upkeep
|turn|2
|inactive|Luke693VGC has 30 seconds left.
|inactive|Luke693VGC has 20 seconds left.
|inactive|Luke693VGC has 15 seconds left.
|inactive|Luke693VGC has 10 seconds left.
|inactive|Luke693VGC has 5 seconds left.
|
|t:|1756633272
|move|p2a: Electabuzz|Follow Me|p2a: Electabuzz
|-singleturn|p2a: Electabuzz|move: Follow Me
|move|p2b: Gholdengo|Nasty Plot|p2b: Gholdengo
|-boost|p2b: Gholdengo|spa|2
|move|p1a: Archaludon|Body Press|p2a: Electabuzz
|-damage|p2a: Electabuzz|67/100
|move|p1b: Sinistcha|Life Dew|p1b: Sinistcha|[spread] p1a,p1b
|-heal|p1a: Archaludon|100/100
|-heal|p1b: Sinistcha|74/100
|
|-weather|RainDance|[upkeep]
|-heal|p2b: Gholdengo|44/100|[from] item: Leftovers
|upkeep
|turn|3
|inactive|Luke693VGC has 30 seconds left.
|inactive|Lstdnce has 30 seconds left.
|
|t:|1756633311
|-terastallize|p2b: Gholdengo|Dragon
|-terastallize|p1b: Sinistcha|Fairy
|move|p2a: Electabuzz|Taunt|p1b: Sinistcha
|-start|p1b: Sinistcha|move: Taunt
|move|p2b: Gholdengo|Nasty Plot|p2b: Gholdengo
|-boost|p2b: Gholdengo|spa|2
|move|p1a: Archaludon|Electro Shot||[still]
|-prepare|p1a: Archaludon|Electro Shot
|-boost|p1a: Archaludon|spa|1
|-anim|p1a: Archaludon|Electro Shot|p2b: Gholdengo
|-resisted|p2b: Gholdengo
|-damage|p2b: Gholdengo|0 fnt
|faint|p2b: Gholdengo
|move|p1b: Sinistcha|Matcha Gotcha|p2a: Electabuzz
|-damage|p2a: Electabuzz|38/100
|-heal|p1b: Sinistcha|87/100|[from] drain|[of] p2a: Electabuzz
|
|-weather|RainDance|[upkeep]
|upkeep
|
|t:|1756633328
|switch|p2b: Ursaluna|Ursaluna-Bloodmoon, L50, M|100/100
|turn|4
|
|t:|1756633338
|move|p2a: Electabuzz|Electroweb|p1a: Archaludon|[spread] p1a,p1b
|-resisted|p1a: Archaludon
|-damage|p1a: Archaludon|94/100
|-damage|p1b: Sinistcha|75/100
|-unboost|p1a: Archaludon|spe|1
|-unboost|p1b: Sinistcha|spe|1
|-ability|p1a: Archaludon|Stamina|boost
|-boost|p1a: Archaludon|def|1
|move|p2b: Ursaluna|Earth Power|p1a: Archaludon
|-supereffective|p1a: Archaludon
|-damage|p1a: Archaludon|0 fnt
|faint|p1a: Archaludon
|-damage|p2b: Ursaluna|90/100|[from] item: Life Orb
|move|p1b: Sinistcha|Matcha Gotcha|p2a: Electabuzz|[spread] p2a,p2b
|-supereffective|p2b: Ursaluna
|-damage|p2a: Electabuzz|17/100
|-heal|p1b: Sinistcha|85/100|[from] drain|[of] p2a: Electabuzz
|-damage|p2b: Ursaluna|26/100
|-heal|p1b: Sinistcha|100/100|[from] drain|[of] p2b: Ursaluna
|
|-weather|RainDance|[upkeep]
|upkeep
|
|t:|1756633357
|switch|p1a: Annihilape|Annihilape, L50, M|100/100
|turn|5
|
|t:|1756633379
|move|p2a: Electabuzz|Follow Me|p2a: Electabuzz
|-singleturn|p2a: Electabuzz|move: Follow Me
|move|p1a: Annihilape|Bulk Up|p1a: Annihilape
|-boost|p1a: Annihilape|atk|1
|-boost|p1a: Annihilape|def|1
|move|p2b: Ursaluna|Blood Moon|p1b: Sinistcha
|-damage|p1b: Sinistcha|5/100
|-damage|p2b: Ursaluna|16/100|[from] item: Life Orb
|move|p1b: Sinistcha|Matcha Gotcha|p2a: Electabuzz|[spread] p2a,p2b
|-supereffective|p2b: Ursaluna
|-damage|p2a: Electabuzz|0 fnt
|-heal|p1b: Sinistcha|13/100|[from] drain|[of] p2a: Electabuzz
|-damage|p2b: Ursaluna|0 fnt
|-heal|p1b: Sinistcha|22/100|[from] drain|[of] p2b: Ursaluna
|faint|p2a: Electabuzz
|faint|p2b: Ursaluna
|
|-weather|none
|-end|p1b: Sinistcha|move: Taunt
|upkeep
|-message|Lstdnce forfeited.
|raw|Luke693VGC's rating: 1100 → 1130(+30 for winning)
|raw|Lstdnce's rating: 1174 → 1144(-30 for losing)
|
|win|Luke693VGC
