|j|☆NicoHax
|j|☆edhen
|html|NicoHaxedhen    
|uhtml|bestof|Game 1 of a best-of-3
|t:|1756486516
|gametype|doubles
|player|p1|NicoHax|ethan|1334
|player|p2|edhen|clair|1298
|gen|9
|tier|[Gen 9] VGC 2025 Reg H (Bo3)
|rated|
|rule|Species Clause: Limit one of each Pokémon
|rule|Item Clause: Limit 1 of each item
|clearpoke
|poke|p1|Sneasler, L50, M|
|poke|p1|Volcarona, L50, F|
|poke|p1|Baxcalibur, L50, M|
|poke|p1|Rillaboom, L50, M|
|poke|p1|Kingambit, L50, M|
|poke|p1|Dondozo, L50, M|
|poke|p2|Pelipper, L50, F|
|poke|p2|Archaludon, L50, F|
|poke|p2|Comfey, L50, M|
|poke|p2|Rillaboom, L50, F|
|poke|p2|Basculegion, L50, M|
|poke|p2|Volcarona, L50, F|
|teampreview|4
|showteam|p1|Sneasler||FocusSash|Unburden|CloseCombat,DireClaw,Coaching,Protect|||M|||50|,,,,,Stellar]Volcarona||CovertCloak|FlameBody|QuiverDance,HeatWave,TeraBlast,Protect|||F|||50|,,,,,Fairy]Baxcalibur||LoadedDice|ThermalExchange|Protect,IceShard,ScaleShot,IcicleSpear|||M|||50|,,,,,Ghost]Rillaboom||AssaultVest|GrassySurge|WoodHammer,GrassyGlide,HighHorsepower,FakeOut|||M|||50|,,,,,Water]Kingambit||SafetyGoggles|Defiant|KowtowCleave,SuckerPunch,SwordsDance,Protect|||M|||50|,,,,,Ghost]Dondozo||Leftovers|Unaware|Protect,Yawn,Liquidation,Fissure|||M|||50|,,,,,Poison
|showteam|p2|Pelipper||FocusSash|Drizzle|WeatherBall,Hurricane,Tailwind,Protect|||F|||50|,,,,,Ghost]Archaludon||AssaultVest|Stamina|ElectroShot,BodyPress,FlashCannon,DragonPulse|||F|||50|,,,,,Fairy]Comfey||WikiBerry|Triage|Protect,FloralHealing,DrainingKiss,Taunt|||M|||50|,,,,,Steel]Rillaboom||LoadedDice|GrassySurge|BulletSeed,GrassyGlide,FakeOut,HighHorsepower|||F|||50|,,,,,Water]Basculegion||ChoiceBand|SwiftSwim|LastRespects,WaveCrash,AquaJet,FlipTurn|||M|||50|,,,,,Water]Volcarona||GrassySeed|FlameBody|QuiverDance,GigaDrain,HeatWave,WillOWisp|||F|||50|,,,,,Water
|
|t:|1756486546
|teamsize|p1|4
|teamsize|p2|4
|start
|switch|p1a: Laertes|Sneasler, L50, M|100/100
|switch|p1b: Carmy|Dondozo, L50, M|100/100
|switch|p2a: Pelipper|Pelipper, L50, F|100/100
|switch|p2b: Basculegion|Basculegion, L50, M|100/100
|-weather|RainDance|[from] ability: Drizzle|[of] p2a: Pelipper
|turn|1
|
|t:|1756486568
|move|p1a: Laertes|Protect|p1a: Laertes
|-singleturn|p1a: Laertes|Protect
|move|p2b: Basculegion|Flip Turn|p1a: Laertes
|-activate|p1a: Laertes|move: Protect
|move|p2a: Pelipper|Hurricane|p1a: Laertes
|-activate|p1a: Laertes|move: Protect
|move|p1b: Carmy|Liquidation|p2a: Pelipper
|-resisted|p2a: Pelipper
|-damage|p2a: Pelipper|74/100
|
|-weather|RainDance|[upkeep]
|upkeep
|turn|2
|
|t:|1756486589
|move|p2a: Pelipper|Protect|p2a: Pelipper
|-singleturn|p2a: Pelipper|Protect
|move|p2b: Basculegion|Flip Turn|p1a: Laertes
|-enditem|p1a: Laertes|Focus Sash
|-damage|p1a: Laertes|1/100
|
|t:|1756486597
|switch|p2b: Comfey|Comfey, L50, M|100/100|[from] Flip Turn
|move|p1a: Laertes|Coaching|p1b: Carmy
|-boost|p1b: Carmy|atk|1
|-boost|p1b: Carmy|def|1
|move|p1b: Carmy|Liquidation|p2b: Comfey
|-damage|p2b: Comfey|32/100
|
|-weather|RainDance|[upkeep]
|upkeep
|turn|3
|
|t:|1756486613
|move|p1a: Laertes|Protect|p1a: Laertes
|-singleturn|p1a: Laertes|Protect
|move|p2b: Comfey|Draining Kiss|p1a: Laertes
|-activate|p1a: Laertes|move: Protect
|move|p2a: Pelipper|Hurricane|p1b: Carmy
|-damage|p1b: Carmy|65/100
|move|p1b: Carmy|Liquidation|p2a: Pelipper
|-resisted|p2a: Pelipper
|-crit|p2a: Pelipper
|-damage|p2a: Pelipper|10/100
|-unboost|p2a: Pelipper|def|1
|
|-weather|RainDance|[upkeep]
|-heal|p1b: Carmy|72/100|[from] item: Leftovers
|upkeep
|turn|4
|
|t:|1756486633
|switch|p1a: Jonathan|Rillaboom, L50, M|100/100
|-fieldstart|move: Grassy Terrain|[from] ability: Grassy Surge|[of] p1a: Jonathan
|move|p2b: Comfey|Draining Kiss|p1a: Jonathan
|-damage|p1a: Jonathan|88/100
|-heal|p2b: Comfey|43/100|[from] drain|[of] p1a: Jonathan
|move|p2a: Pelipper|Hurricane|p1b: Carmy
|-damage|p1b: Carmy|39/100
|move|p1b: Carmy|Liquidation|p2b: Comfey
|-damage|p2b: Comfey|0 fnt
|faint|p2b: Comfey
|
|-weather|RainDance|[upkeep]
|-heal|p1a: Jonathan|94/100|[from] Grassy Terrain
|-heal|p1b: Carmy|45/100|[from] Grassy Terrain
|-heal|p1b: Carmy|51/100|[from] item: Leftovers
|upkeep
|
|t:|1756486646
|switch|p2b: Archaludon|Archaludon, L50, F|100/100
|turn|5
|
|t:|1756486657
|-terastallize|p1b: Carmy|Poison
|move|p2a: Pelipper|Protect|p2a: Pelipper
|-singleturn|p2a: Pelipper|Protect
|move|p1a: Jonathan|Fake Out|p2a: Pelipper
|-activate|p2a: Pelipper|move: Protect
|move|p2b: Archaludon|Electro Shot||[still]
|-prepare|p2b: Archaludon|Electro Shot
|-boost|p2b: Archaludon|spa|1
|-anim|p2b: Archaludon|Electro Shot|p1b: Carmy
|-damage|p1b: Carmy|20/100
|move|p1b: Carmy|Yawn|p2b: Archaludon
|-start|p2b: Archaludon|move: Yawn|[of] p1b: Carmy
|
|-weather|none
|-heal|p1a: Jonathan|100/100|[from] Grassy Terrain
|-heal|p1b: Carmy|27/100|[from] Grassy Terrain
|-heal|p1b: Carmy|33/100|[from] item: Leftovers
|upkeep
|turn|6
|
|t:|1756486687
|move|p2a: Pelipper|Protect||[still]
|-fail|p2a: Pelipper
|move|p1a: Jonathan|Wood Hammer|p2a: Pelipper
|-damage|p2a: Pelipper|0 fnt
|faint|p2a: Pelipper
|-damage|p1a: Jonathan|98/100|[from] Recoil
|move|p2b: Archaludon|Dragon Pulse|p1b: Carmy
|-damage|p1b: Carmy|7/100
|move|p1b: Carmy|Liquidation|p2b: Archaludon
|-resisted|p2b: Archaludon
|-damage|p2b: Archaludon|85/100
|-ability|p2b: Archaludon|Stamina|boost
|-boost|p2b: Archaludon|def|1
|
|-heal|p1a: Jonathan|100/100|[from] Grassy Terrain
|-heal|p2b: Archaludon|91/100|[from] Grassy Terrain
|-heal|p1b: Carmy|13/100|[from] Grassy Terrain
|-heal|p1b: Carmy|19/100|[from] item: Leftovers
|-end|p2b: Archaludon|move: Yawn|[silent]
|-status|p2b: Archaludon|slp
|upkeep
|
|t:|1756486695
|switch|p2a: Basculegion|Basculegion, L50, M|100/100
|turn|7
|
|t:|1756486706
|move|p1b: Carmy|Protect|p1b: Carmy
|-singleturn|p1b: Carmy|Protect
|move|p1a: Jonathan|Grassy Glide|p2a: Basculegion
|-supereffective|p2a: Basculegion
|-damage|p2a: Basculegion|5/100
|move|p2a: Basculegion|Last Respects|p1b: Carmy
|-activate|p1b: Carmy|move: Protect
|cant|p2b: Archaludon|slp
|
|-heal|p2a: Basculegion|11/100|[from] Grassy Terrain
|-heal|p2b: Archaludon|97/100 slp|[from] Grassy Terrain
|-heal|p1b: Carmy|25/100|[from] Grassy Terrain
|-heal|p1b: Carmy|32/100|[from] item: Leftovers
|upkeep
|turn|8
|
|t:|1756486729
|move|p1a: Jonathan|Grassy Glide|p2a: Basculegion
|-supereffective|p2a: Basculegion
|-damage|p2a: Basculegion|0 fnt
|faint|p2a: Basculegion
|cant|p2b: Archaludon|slp
|move|p1b: Carmy|Liquidation|p2b: Archaludon
|-resisted|p2b: Archaludon
|-damage|p2b: Archaludon|82/100 slp
|-unboost|p2b: Archaludon|def|1
|-ability|p2b: Archaludon|Stamina|boost
|-boost|p2b: Archaludon|def|1
|
|-heal|p2b: Archaludon|88/100 slp|[from] Grassy Terrain
|-heal|p1b: Carmy|38/100|[from] Grassy Terrain
|-heal|p1b: Carmy|44/100|[from] item: Leftovers
|-fieldend|move: Grassy Terrain
|upkeep
|turn|9
|
|t:|1756486748
|move|p1a: Jonathan|High Horsepower|p2b: Archaludon
|-supereffective|p2b: Archaludon
|-damage|p2b: Archaludon|57/100 slp
|-ability|p2b: Archaludon|Stamina|boost
|-boost|p2b: Archaludon|def|1
|cant|p2b: Archaludon|slp
|move|p1b: Carmy|Liquidation|p2b: Archaludon
|-resisted|p2b: Archaludon
|-damage|p2b: Archaludon|42/100 slp
|-ability|p2b: Archaludon|Stamina|boost
|-boost|p2b: Archaludon|def|1
|
|-heal|p1b: Carmy|50/100|[from] item: Leftovers
|upkeep
|turn|10
|
|t:|1756486762
|move|p1a: Jonathan|High Horsepower|p2b: Archaludon
|-supereffective|p2b: Archaludon
|-damage|p2b: Archaludon|23/100 slp
|-ability|p2b: Archaludon|Stamina|boost
|-boost|p2b: Archaludon|def|1
|-curestatus|p2b: Archaludon|slp|[msg]
|move|p2b: Archaludon|Dragon Pulse|p1b: Carmy
|-damage|p1b: Carmy|21/100
|move|p1b: Carmy|Yawn|p2b: Archaludon
|-start|p2b: Archaludon|move: Yawn|[of] p1b: Carmy
|
|-heal|p1b: Carmy|27/100|[from] item: Leftovers
|upkeep
|turn|11
|
|t:|1756486774
|move|p1b: Carmy|Protect|p1b: Carmy
|-singleturn|p1b: Carmy|Protect
|move|p1a: Jonathan|High Horsepower|p2b: Archaludon
|-supereffective|p2b: Archaludon
|-damage|p2b: Archaludon|6/100
|-ability|p2b: Archaludon|Stamina|boost
|-boost|p2b: Archaludon|def|1
|move|p2b: Archaludon|Dragon Pulse|p1a: Jonathan
|-damage|p1a: Jonathan|56/100
|
|-heal|p1b: Carmy|33/100|[from] item: Leftovers
|-end|p2b: Archaludon|move: Yawn|[silent]
|-status|p2b: Archaludon|slp
|upkeep
|turn|12
|-message|edhen forfeited.
|
|win|NicoHax
|l|☆edhen
|player|p2|
||NicoHax is ready for game 2.
||edhen is ready for game 2.
|uhtml|next|Next: Game 2 of 3
|l|☆NicoHax
|player|p1|
|j|☆NicoHax
|player|p1|NicoHax|ethan|
