|j|☆Aquarior_testing1
|j|☆jusemato
|html|Aquarior_testing1jusemato    
|uhtml|bestof|Game 3 of a best-of-3
|t:|1783116438
|gametype|doubles
|player|p1|Aquarior_testing1|mustard-master|1281
|player|p2|jusemato|ingo|1269
|gen|9
|tier|[Gen 9 Champions] VGC 2026 Reg M-B (Bo3)
|rated|
|rule|Species Clause: Limit one of each Pokémon
|rule|Item Clause: Limit 1 of each item
|clearpoke
|poke|p1|Kingambit, L50, F, shiny|
|poke|p1|Charizard, L50, M, shiny|
|poke|p1|Aerodactyl, L50, F, shiny|
|poke|p1|Farigiraf, L50, M, shiny|
|poke|p1|Garchomp, L50, F, shiny|
|poke|p1|Sylveon, L50, M, shiny|
|poke|p2|Kingambit, L50, M|
|poke|p2|Farigiraf, L50, F|
|poke|p2|Venusaur, L50, M|
|poke|p2|Vivillon-Marine, L50, F|
|poke|p2|Sylveon, L50, F|
|poke|p2|Camerupt, L50, M, shiny|
|teampreview|4
|showteam|p1|Kingambit||FocusSash|Defiant|KowtowCleave,SuckerPunch,IronHead,LowKick|Adamant||F|||50|]Charizard||CharizarditeY|Blaze|HeatWave,WeatherBall,SolarBeam,Protect|Serious||M|||50|]Aerodactyl||Aerodactylite|Unnerve|RockSlide,DualWingbeat,IceFang,Tailwind|Jolly||F|||50|]Farigiraf||SitrusBerry|ArmorTail|Psychic,Thunderbolt,TrickRoom,Protect|Bold||M|||50|]Garchomp||LifeOrb|RoughSkin|Earthquake,StompingTantrum,DragonClaw,Protect|Jolly||F|||50|]Sylveon||FairyFeather|Pixilate|HyperVoice,HyperBeam,QuickAttack,Detect|Modest||M|||50|
|showteam|p2|Kingambit||BlackGlasses|Defiant|KowtowCleave,SwordsDance,SuckerPunch,Protect|Adamant||M|||50|]Farigiraf||SitrusBerry|ArmorTail|PsychicFangs,Protect,Thunderbolt,TrickRoom|Relaxed||F|||50|]Venusaur||Venusaurite|Chlorophyll|SludgeBomb,EarthPower,GigaDrain,Protect|Modest||M|||50|]Vivillon-Marine||FocusSash|CompoundEyes|Hurricane,Protect,RagePowder,SleepPowder|Timid||F|||50|]Sylveon||LifeOrb|Pixilate|HyperVoice,QuickAttack,Detect,HyperBeam|Quiet||F|||50|]Camerupt||Cameruptite|SolidRock|HeatWave,EarthPower,AncientPower,Protect|Quiet||M|||50|
|inactive|Battle timer is ON: inactive players will automatically lose when time's up. (requested by Aquarior_testing1)
|inactive|Aquarior_testing1 has 60 seconds left.
|
|t:|1783116476
|teamsize|p1|4
|teamsize|p2|4
|start
|switch|p1a: Aerodactyl|Aerodactyl, L50, F, shiny|100/100
|switch|p1b: Charizard|Charizard, L50, M, shiny|100/100
|switch|p2a: Vivillon|Vivillon-Marine, L50, F|100/100
|switch|p2b: Farigiraf|Farigiraf, L50, F|100/100
|-ability|p1a: Aerodactyl|Unnerve
|turn|1
|
|t:|1783116492
|move|p1b: Charizard|Protect|p1b: Charizard
|-singleturn|p1b: Charizard|Protect
|move|p2a: Vivillon|Rage Powder|p2a: Vivillon
|-singleturn|p2a: Vivillon|move: Rage Powder
|move|p1a: Aerodactyl|Rock Slide|p2b: Farigiraf|[spread] p2a,p2b
|-supereffective|p2a: Vivillon|2
|-enditem|p2a: Vivillon|Focus Sash
|-damage|p2a: Vivillon|1/100
|-damage|p2b: Farigiraf|84/100
|move|p2b: Farigiraf|Trick Room|p2b: Farigiraf
|-fieldstart|move: Trick Room|[of] p2b: Farigiraf
|
|upkeep
|turn|2
|inactive|Aquarior_testing1 has 30 seconds left.
|inactive|jusemato has 30 seconds left.
|
|t:|1783116525
|switch|p2a: Camerupt|Camerupt, L50, M, shiny|100/100
|detailschange|p1b: Charizard|Charizard-Mega-Y, L50, M, shiny
|-mega|p1b: Charizard|Charizard|Charizardite Y
|-weather|SunnyDay|[from] ability: Drought|[of] p1b: Charizard
|move|p2b: Farigiraf|Thunderbolt|p1a: Aerodactyl
|-supereffective|p1a: Aerodactyl|1
|-damage|p1a: Aerodactyl|44/100
|move|p1b: Charizard|Heat Wave|p2b: Farigiraf|[spread] p2a,p2b
|-resisted|p2a: Camerupt|1
|-damage|p2a: Camerupt|61/100
|-damage|p2b: Farigiraf|32/100
|move|p1a: Aerodactyl|Dual Wingbeat|p2b: Farigiraf
|-damage|p2b: Farigiraf|20/100r
|-damage|p2b: Farigiraf|8/100
|-hitcount|p2b: Farigiraf|2
|
|-weather|SunnyDay|[upkeep]
|upkeep
|turn|3
|
|t:|1783116548
|switch|p1a: Garchomp|Garchomp, L50, F, shiny|100/100
|-enditem|p2b: Farigiraf|Sitrus Berry|[eat]
|-heal|p2b: Farigiraf|33/100|[from] item: Sitrus Berry
|detailschange|p2a: Camerupt|Camerupt-Mega, L50, M, shiny
|-mega|p2a: Camerupt|Camerupt|Cameruptite
|move|p1b: Charizard|Protect|p1b: Charizard
|-singleturn|p1b: Charizard|Protect
|move|p2a: Camerupt|Ancient Power|p1b: Charizard
|-activate|p1b: Charizard|move: Protect
|move|p2b: Farigiraf|Thunderbolt|p1a: Garchomp
|-immune|p1a: Garchomp
|
|-weather|SunnyDay|[upkeep]
|upkeep
|turn|4
|
|t:|1783116567
|switch|p2b: Vivillon|Vivillon-Marine, L50, F|1/100
|switch|p1b: Aerodactyl|Aerodactyl, L50, F, shiny|44/100
|-ability|p1b: Aerodactyl|Unnerve
|move|p2a: Camerupt|Earth Power|p1a: Garchomp
|-damage|p1a: Garchomp|18/100
|move|p1a: Garchomp|Earthquake|p2a: Camerupt|[spread] p2a
|-immune|p1b: Aerodactyl
|-immune|p2b: Vivillon
|-supereffective|p2a: Camerupt|1
|-damage|p2a: Camerupt|0 fnt
|faint|p2a: Camerupt
|-damage|p1a: Garchomp|9/100|[from] item: Life Orb
|
|-weather|SunnyDay|[upkeep]
|upkeep
|
|t:|1783116575
|switch|p2a: Sylveon|Sylveon, L50, F|100/100
|turn|5
|
|t:|1783116593
|switch|p1b: Farigiraf|Farigiraf, L50, M, shiny|100/100
|move|p1a: Garchomp|Protect|p1a: Garchomp
|-singleturn|p1a: Garchomp|Protect
|move|p2a: Sylveon|Hyper Voice|p1a: Garchomp|[spread] p1b
|-activate|p1a: Garchomp|move: Protect
|-damage|p1b: Farigiraf|52/100
|-damage|p2a: Sylveon|90/100|[from] item: Life Orb
|move|p2b: Vivillon|Sleep Powder|p1a: Garchomp
|-activate|p1a: Garchomp|move: Protect
|
|-weather|SunnyDay|[upkeep]
|-fieldend|move: Trick Room
|upkeep
|turn|6
|inactive|jusemato has 30 seconds left.
|
|t:|1783116628
|move|p2b: Vivillon|Protect|p2b: Vivillon
|-singleturn|p2b: Vivillon|Protect
|move|p1a: Garchomp|Dragon Claw|p2b: Vivillon
|-activate|p2b: Vivillon|move: Protect
|move|p1b: Farigiraf|Psychic|p2a: Sylveon
|-damage|p2a: Sylveon|65/100
|move|p2a: Sylveon|Hyper Voice|p1a: Garchomp|[spread] p1a,p1b
|-supereffective|p1a: Garchomp|1
|-damage|p1a: Garchomp|0 fnt
|-damage|p1b: Farigiraf|6/100
|-enditem|p1b: Farigiraf|Sitrus Berry|[eat]
|-heal|p1b: Farigiraf|31/100|[from] item: Sitrus Berry
|faint|p1a: Garchomp
|-damage|p2a: Sylveon|55/100|[from] item: Life Orb
|
|-weather|none
|upkeep
|
|t:|1783116637
|switch|p1a: Aerodactyl|Aerodactyl, L50, F, shiny|44/100
|-ability|p1a: Aerodactyl|Unnerve
|turn|7
|
|t:|1783116648
|move|p1a: Aerodactyl|Rock Slide|p2a: Sylveon|[spread] p2a,p2b
|-supereffective|p2b: Vivillon|2
|-damage|p2a: Sylveon|31/100
|-damage|p2b: Vivillon|0 fnt
|faint|p2b: Vivillon
|move|p1b: Farigiraf|Psychic|p2a: Sylveon
|-damage|p2a: Sylveon|3/100
|move|p2a: Sylveon|Hyper Voice|p1b: Farigiraf|[spread] p1a,p1b
|-damage|p1a: Aerodactyl|0 fnt
|-damage|p1b: Farigiraf|0 fnt
|faint|p1a: Aerodactyl
|faint|p1b: Farigiraf
|-damage|p2a: Sylveon|0 fnt|[from] item: Life Orb
|faint|p2a: Sylveon
|
|upkeep
|-message|jusemato forfeited.
|
|win|Aquarior_testing1
|raw|Aquarior_testing1's rating: 1281 → 1305(+24 for winning)
|raw|jusemato's rating: 1269 → 1245(-24 for losing)
|l|☆jusemato
|player|p2|
|c|☆Aquarior_testing1|ggs
