|j|☆NorakRyder
|j|☆testdigi
|html|NorakRydertestdigi    
|uhtml|bestof|Game 2 of a best-of-3
|t:|1782480981
|gametype|doubles
|player|p1|NorakRyder|102|1059
|player|p2|testdigi|1|1087
|gen|9
|tier|[Gen 9 Champions] VGC 2026 Reg M-B (Bo3)
|rated|
|rule|Species Clause: Limit one of each Pokémon
|rule|Item Clause: Limit 1 of each item
|clearpoke
|poke|p1|Musharna, L50, F|
|poke|p1|Dragalge, L50, F|
|poke|p1|Araquanid, L50, F|
|poke|p1|Pelipper, L50, F|
|poke|p1|Scrafty, L50, M|
|poke|p1|Hatterene, L50, F|
|poke|p2|Hydreigon, L50, F|
|poke|p2|Garchomp, L50, F|
|poke|p2|Metagross, L50, shiny|
|poke|p2|Grimmsnarl, L50, M, shiny|
|poke|p2|Charizard, L50, M, shiny|
|poke|p2|Toxapex, L50, M, shiny|
|teampreview|4
|showteam|p1|Musharna||Leftovers|Telepathy|TrickRoom,ThunderWave,Psyshock,EnergyBall|Quiet||F|||50|]Dragalge||Dragalgite|Adaptability|DracoMeteor,Surf,SludgeWave,ShadowBall|Quiet||F|||50|]Araquanid||MysticWater|WaterBubble|Liquidation,PoisonJab,Crunch,Facade|Brave||F|||50|]Pelipper||ExpertBelt|Drizzle|Tailwind,Hurricane,WeatherBall,IceBeam|Relaxed||F|||50|]Scrafty||Scraftinite|Intimidate|ThunderPunch,FakeOut,KnockOff,CloseCombat|Brave||M|||50|]Hatterene||FocusSash|MagicBounce|TrickRoom,BatonPass,ExpandingForce,DazzlingGleam|Quiet||F|||50|
|showteam|p2|Hydreigon||ChoiceScarf|Levitate|HeatWave,DarkPulse,DracoMeteor,Snarl|Modest||F|||50|]Garchomp||LifeOrb|RoughSkin|Protect,RockSlide,DragonClaw,Earthquake|Jolly||F|||50|]Metagross||Metagrossite|ClearBody|Protect,HammerArm,BulletPunch,IronHead|Brave|||||50|]Grimmsnarl||RoseliBerry|Prankster|FakeOut,LightScreen,Reflect,PartingShot|Sassy||M|||50|]Charizard||CharizarditeY|Blaze|Protect,HeatWave,SolarBeam,WeatherBall|Timid||M|||50|]Toxapex||Leftovers|Regenerator|Infestation,Toxic,BanefulBunker,WideGuard|Relaxed||M|||50|
|
|t:|1782481006
|teamsize|p1|4
|teamsize|p2|4
|start
|switch|p1a: Musharna|Musharna, L50, F|100/100
|switch|p1b: Pelipper|Pelipper, L50, F|100/100
|switch|p2a: Charizard|Charizard, L50, M, shiny|100/100
|switch|p2b: Grimmsnarl|Grimmsnarl, L50, M, shiny|100/100
|-weather|RainDance|[from] ability: Drizzle|[of] p1b: Pelipper
|turn|1
|inactive|Battle timer is ON: inactive players will automatically lose when time's up. (requested by NorakRyder)
|
|t:|1782481037
|detailschange|p2a: Charizard|Charizard-Mega-Y, L50, M, shiny
|-mega|p2a: Charizard|Charizard|Charizardite Y
|-weather|SunnyDay|[from] ability: Drought|[of] p2a: Charizard
|move|p2b: Grimmsnarl|Fake Out|p1a: Musharna
|-crit|p1a: Musharna
|-damage|p1a: Musharna|84/100
|move|p2a: Charizard|Solar Beam||[still]
|-prepare|p2a: Charizard|Solar Beam
|-anim|p2a: Charizard|Solar Beam|p1b: Pelipper
|-damage|p1b: Pelipper|36/100
|move|p1b: Pelipper|Hurricane|p2b: Grimmsnarl
|-damage|p2b: Grimmsnarl|66/100
|cant|p1a: Musharna|flinch
|
|-weather|SunnyDay|[upkeep]
|-heal|p1a: Musharna|90/100|[from] item: Leftovers
|upkeep
|turn|2
|inactive|testdigi has 30 seconds left.
|
|t:|1782481063
|switch|p1b: Araquanid|Araquanid, L50, F|100/100
|move|p2b: Grimmsnarl|Light Screen|p2b: Grimmsnarl
|-sidestart|p2: testdigi|move: Light Screen
|move|p2a: Charizard|Weather Ball|p1a: Musharna
|-damage|p1a: Musharna|30/100
|move|p1a: Musharna|Trick Room|p1a: Musharna
|-fieldstart|move: Trick Room|[of] p1a: Musharna
|
|-weather|SunnyDay|[upkeep]
|-heal|p1a: Musharna|36/100|[from] item: Leftovers
|upkeep
|turn|3
|
|t:|1782481075
|switch|p1a: Pelipper|Pelipper, L50, F|36/100
|-weather|RainDance|[from] ability: Drizzle|[of] p1a: Pelipper
|move|p2a: Charizard|Protect|p2a: Charizard
|-singleturn|p2a: Charizard|Protect
|move|p2b: Grimmsnarl|Parting Shot|p1a: Pelipper
|-unboost|p1a: Pelipper|atk|1
|-unboost|p1a: Pelipper|spa|1
|
|t:|1782481080
|switch|p2b: Toxapex|Toxapex, L50, M, shiny|100/100|[from] Parting Shot
|move|p1b: Araquanid|Liquidation|p2b: Toxapex
|-resisted|p2b: Toxapex|1
|-damage|p2b: Toxapex|64/100
|
|-weather|RainDance|[upkeep]
|-heal|p2b: Toxapex|70/100|[from] item: Leftovers
|upkeep
|turn|4
|
|t:|1782481096
|switch|p2a: Grimmsnarl|Grimmsnarl, L50, M, shiny|66/100
|move|p2b: Toxapex|Infestation|p1a: Pelipper
|-resisted|p1a: Pelipper|1
|-damage|p1a: Pelipper|34/100
|-activate|p1a: Pelipper|move: Infestation|[of] p2b: Toxapex
|move|p1b: Araquanid|Poison Jab|p2a: Grimmsnarl
|-supereffective|p2a: Grimmsnarl|1
|-crit|p2a: Grimmsnarl
|-damage|p2a: Grimmsnarl|8/100
|move|p1a: Pelipper|Hurricane|p2b: Toxapex
|-damage|p2b: Toxapex|56/100
|
|-weather|RainDance|[upkeep]
|-heal|p2b: Toxapex|62/100|[from] item: Leftovers
|-damage|p1a: Pelipper|22/100|[from] move: Infestation|[partiallytrapped]
|upkeep
|turn|5
|
|t:|1782481118
|move|p2a: Grimmsnarl|Fake Out|p1b: Araquanid
|-damage|p1b: Araquanid|88/100
|move|p2b: Toxapex|Toxic|p1b: Araquanid
|-status|p1b: Araquanid|tox
|cant|p1b: Araquanid|flinch
|move|p1a: Pelipper|Weather Ball|p2a: Grimmsnarl
|-damage|p2a: Grimmsnarl|0 fnt
|faint|p2a: Grimmsnarl
|
|-weather|RainDance|[upkeep]
|-heal|p2b: Toxapex|68/100|[from] item: Leftovers
|-damage|p1b: Araquanid|82/100 tox|[from] psn
|-damage|p1a: Pelipper|10/100|[from] move: Infestation|[partiallytrapped]
|upkeep
|
|t:|1782481125
|switch|p2a: Charizard|Charizard-Mega-Y, L50, M, shiny|100/100
|-weather|SunnyDay|[from] ability: Drought|[of] p2a: Charizard
|turn|6
|
|t:|1782481144
|move|p2a: Charizard|Protect|p2a: Charizard
|-singleturn|p2a: Charizard|Protect
|move|p2b: Toxapex|Infestation|p1b: Araquanid
|-damage|p1b: Araquanid|80/100 tox
|-activate|p1b: Araquanid|move: Infestation|[of] p2b: Toxapex
|move|p1b: Araquanid|Liquidation|p2a: Charizard
|-activate|p2a: Charizard|move: Protect
|move|p1a: Pelipper|Ice Beam|p2a: Charizard
|-activate|p2a: Charizard|move: Protect
|
|-weather|SunnyDay|[upkeep]
|-heal|p2b: Toxapex|73/100|[from] item: Leftovers
|-damage|p1b: Araquanid|68/100 tox|[from] psn
|-damage|p1b: Araquanid|56/100 tox|[from] move: Infestation|[partiallytrapped]
|-damage|p1a: Pelipper|0 fnt|[from] move: Infestation|[partiallytrapped]
|faint|p1a: Pelipper
|-sideend|p2: testdigi|move: Light Screen
|-fieldend|move: Trick Room
|upkeep
|
|t:|1782481148
|switch|p1a: Scrafty|Scrafty, L50, M|100/100
|-ability|p1a: Scrafty|Intimidate|boost
|-unboost|p2a: Charizard|atk|1
|-unboost|p2b: Toxapex|atk|1
|turn|7
|
|t:|1782481168
|detailschange|p1a: Scrafty|Scrafty-Mega, L50, M
|-mega|p1a: Scrafty|Scrafty|Scraftinite
|-ability|p1a: Scrafty|Intimidate|boost
|-unboost|p2a: Charizard|atk|1
|-unboost|p2b: Toxapex|atk|1
|move|p1a: Scrafty|Fake Out|p2a: Charizard
|-damage|p2a: Charizard|83/100
|cant|p2a: Charizard|flinch
|move|p1b: Araquanid|Liquidation|p2a: Charizard
|-supereffective|p2a: Charizard|1
|-damage|p2a: Charizard|0 fnt
|faint|p2a: Charizard
|move|p2b: Toxapex|Toxic|p1a: Scrafty
|-status|p1a: Scrafty|tox
|
|-weather|SunnyDay|[upkeep]
|-heal|p2b: Toxapex|79/100|[from] item: Leftovers
|-damage|p1a: Scrafty|94/100 tox|[from] psn
|-damage|p1b: Araquanid|39/100 tox|[from] psn
|-damage|p1b: Araquanid|27/100 tox|[from] move: Infestation|[partiallytrapped]
|upkeep
|
|t:|1782481171
|switch|p2a: Garchomp|Garchomp, L50, F|100/100
|turn|8
|inactive|testdigi has 30 seconds left.
|
|t:|1782481196
|move|p2a: Garchomp|Protect|p2a: Garchomp
|-singleturn|p2a: Garchomp|Protect
|move|p1a: Scrafty|Thunder Punch|p2b: Toxapex
|-supereffective|p2b: Toxapex|1
|-damage|p2b: Toxapex|42/100
|move|p1b: Araquanid|Facade|p2b: Toxapex
|-damage|p2b: Toxapex|19/100
|move|p2b: Toxapex|Infestation|p1a: Scrafty
|-damage|p1a: Scrafty|91/100 tox
|-activate|p1a: Scrafty|move: Infestation|[of] p2b: Toxapex
|
|-weather|SunnyDay|[upkeep]
|-heal|p2b: Toxapex|25/100|[from] item: Leftovers
|-damage|p1a: Scrafty|79/100 tox|[from] psn
|-damage|p1b: Araquanid|4/100 tox|[from] psn
|-damage|p1a: Scrafty|67/100 tox|[from] move: Infestation|[partiallytrapped]
|-damage|p1b: Araquanid|0 fnt|[from] move: Infestation|[partiallytrapped]
|faint|p1b: Araquanid
|upkeep
|
|t:|1782481206
|switch|p1b: Musharna|Musharna, L50, F|36/100
|turn|9
|
|t:|1782481219
|move|p2b: Toxapex|Baneful Bunker|p2b: Toxapex
|-singleturn|p2b: Toxapex|move: Protect
|move|p2a: Garchomp|Earthquake|p1a: Scrafty|[spread] p1a,p1b
|-activate|p2b: Toxapex|move: Protect
|-damage|p1a: Scrafty|23/100 tox
|-damage|p1b: Musharna|0 fnt
|faint|p1b: Musharna
|-damage|p2a: Garchomp|90/100|[from] item: Life Orb
|move|p1a: Scrafty|Thunder Punch|p2b: Toxapex
|-activate|p2b: Toxapex|move: Protect
|
|-weather|SunnyDay|[upkeep]
|-heal|p2b: Toxapex|31/100|[from] item: Leftovers
|-damage|p1a: Scrafty|6/100 tox|[from] psn
|-damage|p1a: Scrafty|0 fnt|[from] move: Infestation|[partiallytrapped]
|faint|p1a: Scrafty
|
|win|testdigi
