|badge|p2|bronze|gen9randombattle|100-10
|uhtml|medal-msg|Curious what those medals under the avatar are? PS now has Ladder Seasons! For more information, check out the thread on Smogon.
|j|☆Its Sushiii
|j|☆Dandetheheartless
|html|Its SushiiiDandetheheartless    
|uhtml|bestof|Game 3 of a best-of-3
|t:|1784668957
|gametype|doubles
|player|p1|Its Sushiii|102|1396
|player|p2|Dandetheheartless|winona|1562
|gen|9
|tier|[Gen 9 Champions] VGC 2026 Reg M-B (Bo3)
|rated|
|rule|Species Clause: Limit one of each Pokémon
|rule|Item Clause: Limit 1 of each item
|clearpoke
|poke|p1|Excadrill, L50, M, shiny|
|poke|p1|Tyranitar, L50, M|
|poke|p1|Farigiraf, L50, M|
|poke|p1|Sylveon, L50, M|
|poke|p1|Charizard, L50, M|
|poke|p1|Hydreigon, L50, F|
|poke|p2|Gholdengo, L50|
|poke|p2|Raichu, L50, M|
|poke|p2|Basculegion, L50, M|
|poke|p2|Incineroar, L50, F|
|poke|p2|Ninetales-Alola, L50, F|
|poke|p2|Whimsicott, L50, F|
|teampreview|4
|showteam|p1|Excadrill||FocusSash|SandRush|IronHead,HighHorsepower,RockSlide,Protect|Adamant||M|||50|]Tyranitar||Tyranitarite|SandStream|RockSlide,KnockOff,LowKick,Protect|Adamant||M|||50|]Farigiraf||SitrusBerry|ArmorTail|Psychic,Thunderbolt,TrickRoom,Protect|Relaxed||M|||50|]Sylveon||LifeOrb|Pixilate|HyperVoice,HyperBeam,QuickAttack,Detect|Modest||M|||50|]Charizard||CharizarditeY|Blaze|HeatWave,SolarBeam,WeatherBall,Protect|Modest||M|||50|]Hydreigon||ChoiceScarf|Levitate|DarkPulse,DracoMeteor,EarthPower,Snarl|Modest||F|||50|
|showteam|p2|Gholdengo||LifeOrb|GoodasGold|ShadowBall,MakeItRain,NastyPlot,Protect|Modest|||||50|]Raichu||RaichuniteY|LightningRod|ZapCannon,FocusBlast,FakeOut,Protect|Timid||M|||50|]Basculegion||MysticWater|Adaptability|WaveCrash,AquaJet,LastRespects,Protect|Adamant||M|||50|]Incineroar||SitrusBerry|Intimidate|FlareBlitz,ThroatChop,PartingShot,FakeOut|Impish||F|||50|]Ninetales-Alola||NeverMeltIce|SnowWarning|FreezeDry,AuroraVeil,Blizzard,Protect|Timid||F|||50|]Whimsicott||FocusSash|Prankster|Moonblast,Tailwind,Encore,Protect|Timid||F|||50|
|inactive|Battle timer is ON: inactive players will automatically lose when time's up. (requested by Dandetheheartless)
|
|t:|1784668969
|teamsize|p1|4
|teamsize|p2|4
|start
|switch|p1a: Excadrill|Excadrill, L50, M, shiny|100/100
|switch|p1b: Tyranitar|Tyranitar, L50, M|100/100
|switch|p2a: Incineroar|Incineroar, L50, F|100/100
|switch|p2b: Basculegion|Basculegion, L50, M|100/100
|-weather|Sandstorm|[from] ability: Sand Stream|[of] p1b: Tyranitar
|-ability|p2a: Incineroar|Intimidate|boost
|-unboost|p1a: Excadrill|atk|1
|-unboost|p1b: Tyranitar|atk|1
|turn|1
|inactive|Its Sushiii has 30 seconds left.
|
|t:|1784668994
|switch|p1b: Farigiraf|Farigiraf, L50, M|100/100
|move|p2a: Incineroar|Fake Out||[still]
|cant|p1b: Farigiraf|ability: Armor Tail|Fake Out|[of] p2a: Incineroar
|move|p1a: Excadrill|Rock Slide|p2b: Basculegion|[spread] p2a,p2b
|-supereffective|p2a: Incineroar|1
|-damage|p2a: Incineroar|78/100
|-damage|p2b: Basculegion|85/100
|move|p2b: Basculegion|Wave Crash|p1b: Farigiraf
|-damage|p1b: Farigiraf|21/100
|-enditem|p1b: Farigiraf|Sitrus Berry|[eat]
|-heal|p1b: Farigiraf|46/100|[from] item: Sitrus Berry
|-damage|p2b: Basculegion|58/100|[from] Recoil
|
|-weather|Sandstorm|[upkeep]
|-damage|p2b: Basculegion|52/100|[from] Sandstorm
|-damage|p2a: Incineroar|72/100|[from] Sandstorm
|-damage|p1b: Farigiraf|40/100|[from] Sandstorm
|upkeep
|turn|2
|inactive|Its Sushiii has 30 seconds left.
|inactive|Dandetheheartless has 30 seconds left.
|
|t:|1784669028
|switch|p2a: Ninetales|Ninetales-Alola, L50, F|100/100
|-weather|Snowscape|[from] ability: Snow Warning|[of] p2a: Ninetales
|switch|p1b: Hydreigon|Hydreigon, L50, F|100/100
|move|p1a: Excadrill|Rock Slide|p2b: Basculegion|[spread] p2a,p2b
|-supereffective|p2a: Ninetales|1
|-damage|p2a: Ninetales|68/100
|-damage|p2b: Basculegion|35/100
|move|p2b: Basculegion|Last Respects|p1a: Excadrill
|-damage|p1a: Excadrill|45/100
|
|-weather|Snowscape|[upkeep]
|upkeep
|turn|3
|inactive|Its Sushiii has 30 seconds left.
|inactive|Dandetheheartless has 30 seconds left.
|
|t:|1784669056
|switch|p1b: Tyranitar|Tyranitar, L50, M|100/100
|-weather|Sandstorm|[from] ability: Sand Stream|[of] p1b: Tyranitar
|switch|p2a: Incineroar|Incineroar, L50, F|72/100
|-ability|p2a: Incineroar|Intimidate|boost
|-unboost|p1a: Excadrill|atk|1
|-unboost|p1b: Tyranitar|atk|1
|move|p2b: Basculegion|Protect|p2b: Basculegion
|-singleturn|p2b: Basculegion|Protect
|move|p1a: Excadrill|High Horsepower|p2b: Basculegion
|-activate|p2b: Basculegion|move: Protect
|
|-weather|Sandstorm|[upkeep]
|-damage|p2b: Basculegion|29/100|[from] Sandstorm
|-damage|p2a: Incineroar|66/100|[from] Sandstorm
|upkeep
|turn|4
|inactive|Its Sushiii has 30 seconds left.
|inactive|Dandetheheartless has 30 seconds left.
|inactive|Dandetheheartless has 20 seconds left.
|inactive|Dandetheheartless has 15 seconds left.
|
|t:|1784669099
|switch|p2b: Ninetales|Ninetales-Alola, L50, F|68/100
|-weather|Snowscape|[from] ability: Snow Warning|[of] p2b: Ninetales
|switch|p1b: Farigiraf|Farigiraf, L50, M|40/100
|move|p2a: Incineroar|Fake Out||[still]
|cant|p1b: Farigiraf|ability: Armor Tail|Fake Out|[of] p2a: Incineroar
|move|p1a: Excadrill|High Horsepower|p2b: Ninetales
|-damage|p2b: Ninetales|41/100
|
|-weather|Snowscape|[upkeep]
|upkeep
|turn|5
|inactive|Its Sushiii has 30 seconds left.
|inactive|Its Sushiii has 20 seconds left.
|
|t:|1784669138
|switch|p2b: Raichu|Raichu, L50, M|100/100
|switch|p1b: Tyranitar|Tyranitar, L50, M|100/100
|-weather|Sandstorm|[from] ability: Sand Stream|[of] p1b: Tyranitar
|move|p1a: Excadrill|Rock Slide|p2a: Incineroar|[spread] p2a,p2b
|-supereffective|p2a: Incineroar|1
|-damage|p2a: Incineroar|50/100g
|-damage|p2b: Raichu|82/100
|move|p2a: Incineroar|Flare Blitz|p1a: Excadrill
|-supereffective|p1a: Excadrill|1
|-damage|p1a: Excadrill|0 fnt
|faint|p1a: Excadrill
|-damage|p2a: Incineroar|36/100|[from] Recoil
|-enditem|p2a: Incineroar|Sitrus Berry|[eat]
|-heal|p2a: Incineroar|61/100|[from] item: Sitrus Berry
|
|-weather|Sandstorm|[upkeep]
|-damage|p2b: Raichu|76/100|[from] Sandstorm
|-damage|p2a: Incineroar|55/100|[from] Sandstorm
|upkeep
|
|t:|1784669158
|switch|p1a: Hydreigon|Hydreigon, L50, F|100/100
|turn|6
|inactive|Its Sushiii has 30 seconds left.
|
|t:|1784669188
|switch|p1b: Farigiraf|Farigiraf, L50, M|40/100
|switch|p2a: Basculegion|Basculegion, L50, M|29/100
|move|p2b: Raichu|Protect|p2b: Raichu
|-singleturn|p2b: Raichu|Protect
|move|p1a: Hydreigon|Earth Power|p2b: Raichu
|-activate|p2b: Raichu|move: Protect
|
|-weather|Sandstorm|[upkeep]
|-damage|p1a: Hydreigon|94/100|[from] Sandstorm
|-damage|p2b: Raichu|70/100|[from] Sandstorm
|-damage|p2a: Basculegion|23/100|[from] Sandstorm
|-damage|p1b: Farigiraf|34/100|[from] Sandstorm
|upkeep
|turn|7
|inactive|Its Sushiii has 30 seconds left.
|inactive|Its Sushiii has 20 seconds left.
|
|t:|1784669224
|detailschange|p2b: Raichu|Raichu-Mega-Y, L50, M
|-mega|p2b: Raichu|Raichu|Raichunite Y
|move|p1a: Hydreigon|Earth Power|p2b: Raichu
|-supereffective|p2b: Raichu|1
|-damage|p2b: Raichu|0 fnt
|faint|p2b: Raichu
|move|p2a: Basculegion|Wave Crash|p1b: Farigiraf
|-damage|p1b: Farigiraf|0 fnt
|faint|p1b: Farigiraf
|-damage|p2a: Basculegion|11/100|[from] Recoil
|
|-weather|Sandstorm|[upkeep]
|-damage|p1a: Hydreigon|88/100|[from] Sandstorm
|-damage|p2a: Basculegion|5/100|[from] Sandstorm
|upkeep
|
|t:|1784669235
|switch|p2b: Incineroar|Incineroar, L50, F|55/100
|switch|p1b: Tyranitar|Tyranitar, L50, M|100/100
|-ability|p2b: Incineroar|Intimidate|boost
|-unboost|p1a: Hydreigon|atk|1
|-unboost|p1b: Tyranitar|atk|1
|turn|8
|inactive|Dandetheheartless has 30 seconds left.
|
|t:|1784669266
|detailschange|p1b: Tyranitar|Tyranitar-Mega, L50, M
|-mega|p1b: Tyranitar|Tyranitar|Tyranitarite
|move|p1b: Tyranitar|Protect|p1b: Tyranitar
|-singleturn|p1b: Tyranitar|Protect
|move|p2b: Incineroar|Fake Out|p1a: Hydreigon
|-damage|p1a: Hydreigon|75/100
|cant|p1a: Hydreigon|flinch
|move|p2a: Basculegion|Wave Crash|p1b: Tyranitar
|-activate|p1b: Tyranitar|move: Protect
|
|-weather|Sandstorm|[upkeep]
|-damage|p1a: Hydreigon|69/100|[from] Sandstorm
|-damage|p2a: Basculegion|0 fnt|[from] Sandstorm
|-damage|p2b: Incineroar|49/100|[from] Sandstorm
|faint|p2a: Basculegion
|upkeep
|
|t:|1784669268
|switch|p2a: Ninetales|Ninetales-Alola, L50, F|41/100
|-weather|Snowscape|[from] ability: Snow Warning|[of] p2a: Ninetales
|turn|9
|
|t:|1784669286
|move|p1a: Hydreigon|Earth Power|p2b: Incineroar
|-supereffective|p2b: Incineroar|1
|-damage|p2b: Incineroar|0 fnt
|faint|p2b: Incineroar
|move|p2a: Ninetales|Blizzard|p1a: Hydreigon|[spread] p1a,p1b
|-supereffective|p1a: Hydreigon|1
|-damage|p1a: Hydreigon|0 fnt
|-damage|p1b: Tyranitar|69/100
|faint|p1a: Hydreigon
|move|p1b: Tyranitar|Rock Slide|p2a: Ninetales
|-supereffective|p2a: Ninetales|1
|-damage|p2a: Ninetales|0 fnt
|faint|p2a: Ninetales
|
|win|Its Sushiii
|raw|Its Sushiii's rating: 1396 → 1425(+29 for winning)
|raw|Dandetheheartless's rating: 1562 → 1533(-29 for losing)
|l|☆Dandetheheartless
|player|p2|
