|j|☆Adriatic Tides
|j|‽EDJPP
|html|Adriatic TidesEDJPP    
|uhtml|bestof|Game 2 of a best-of-3
|t:|1784425137
|gametype|doubles
|player|p1|Adriatic Tides|leon|1158
|player|p2|EDJPP|169|1075
|gen|9
|tier|[Gen 9 Champions] VGC 2026 Reg M-B (Bo3)
|rated|
|rule|Species Clause: Limit one of each Pokémon
|rule|Item Clause: Limit 1 of each item
|clearpoke
|poke|p1|Tyranitar, L50, F|
|poke|p1|Excadrill, L50, M|
|poke|p1|Delphox, L50, F|
|poke|p1|Sinistcha, L50|
|poke|p1|Rotom-Wash, L50|
|poke|p1|Incineroar, L50, M|
|poke|p2|Froslass, L50, F|
|poke|p2|Lycanroc-Dusk, L50, F|
|poke|p2|Talonflame, L50, F|
|poke|p2|Rotom-Mow, L50|
|poke|p2|Sneasler, L50, M|
|poke|p2|Garchomp, L50, M|
|teampreview|4
|showteam|p1|Tyranitar||Tyranitarite|SandStream|KnockOff,RockSlide,Protect,LowKick|Adamant||F|||50|]Excadrill||FocusSash|SandRush|Protect,Earthquake,IronHead,RockSlide|Adamant||M|||50|]Delphox||Delphoxite|Blaze|NastyPlot,HeatWave,Psyshock,Protect|Timid||F|||50|]Sinistcha||ColburBerry|Hospitality|TrickRoom,MatchaGotcha,Protect,RagePowder|Bold|||||50|]Rotom-Wash||Leftovers|Levitate|Electroweb,HydroPump,Protect,Thunderbolt|Modest|||||50|]Incineroar||SitrusBerry|Intimidate|FakeOut,FlareBlitz,PartingShot,ThroatChop|Careful||M|||50|
|showteam|p2|Froslass||Froslassite|CursedBody|Blizzard,Protect,ShadowBall,AuroraVeil|Timid||F|||50|]Lycanroc-Dusk||ExpertBelt|ToughClaws|Accelerock,CloseCombat,Protect,Trailblaze|Adamant||F|||50|]Talonflame|||GaleWings|Tailwind,Protect,FlareBlitz,Acrobatics|Jolly||F|||50|]Rotom-Mow||SitrusBerry|Levitate|WillOWisp,Protect,Thunderbolt,LeafStorm|Timid|||||50|]Sneasler||WhiteHerb|Unburden|CloseCombat,FakeOut,DireClaw,Protect|Jolly||M|||50|]Garchomp||ChoiceScarf|RoughSkin|Earthquake,DragonClaw,RockSlide,StompingTantrum|Jolly||M|||50|
|
|t:|1784425162
|teamsize|p1|4
|teamsize|p2|4
|start
|switch|p1a: Incineroar|Incineroar, L50, M|100/100
|switch|p1b: Tyranitar|Tyranitar, L50, F|100/100
|switch|p2a: Rotom|Rotom-Mow, L50|100/100
|switch|p2b: Garchomp|Garchomp, L50, M|100/100
|-weather|Sandstorm|[from] ability: Sand Stream|[of] p1b: Tyranitar
|-ability|p1a: Incineroar|Intimidate|boost
|-unboost|p2a: Rotom|atk|1
|-unboost|p2b: Garchomp|atk|1
|turn|1
|
|t:|1784425185
|switch|p2a: Lycanroc|Lycanroc-Dusk, L50, F|100/100
|detailschange|p1b: Tyranitar|Tyranitar-Mega, L50, F
|-mega|p1b: Tyranitar|Tyranitar|Tyranitarite
|move|p1a: Incineroar|Fake Out|p2b: Garchomp
|-damage|p2b: Garchomp|88/100
|-damage|p1a: Incineroar|87/100|[from] ability: Rough Skin|[of] p2b: Garchomp
|cant|p2b: Garchomp|flinch
|move|p1b: Tyranitar|Knock Off|p2a: Lycanroc
|-damage|p2a: Lycanroc|10/100
|-enditem|p2a: Lycanroc|Expert Belt|[from] move: Knock Off|[of] p1b: Tyranitar
|
|-weather|Sandstorm|[upkeep]
|-damage|p1a: Incineroar|81/100|[from] Sandstorm
|upkeep
|turn|2
|
|t:|1784425209
|move|p2a: Lycanroc|Protect|p2a: Lycanroc
|-singleturn|p2a: Lycanroc|Protect
|move|p1b: Tyranitar|Protect|p1b: Tyranitar
|-singleturn|p1b: Tyranitar|Protect
|move|p2b: Garchomp|Earthquake|p1b: Tyranitar|[spread] p1a
|-activate|p2a: Lycanroc|move: Protect
|-activate|p1b: Tyranitar|move: Protect
|-supereffective|p1a: Incineroar|1
|-damage|p1a: Incineroar|37/100
|-enditem|p1a: Incineroar|Sitrus Berry|[eat]
|-heal|p1a: Incineroar|61/100|[from] item: Sitrus Berry
|move|p1a: Incineroar|Parting Shot|p2b: Garchomp
|-unboost|p2b: Garchomp|atk|1
|-unboost|p2b: Garchomp|spa|1
|
|t:|1784425218
|switch|p1a: Rotom|Rotom-Wash, L50|100/100|[from] Parting Shot
|
|-weather|Sandstorm|[upkeep]
|-damage|p1a: Rotom|94/100|[from] Sandstorm
|-heal|p1a: Rotom|100/100|[from] item: Leftovers
|upkeep
|turn|3
|
|t:|1784425233
|switch|p2b: Rotom|Rotom-Mow, L50|100/100
|move|p1a: Rotom|Hydro Pump|p2b: Rotom|[miss]
|-miss|p1a: Rotom|p2b: Rotom
|move|p2a: Lycanroc|Close Combat|p1b: Tyranitar
|-supereffective|p1b: Tyranitar|2
|-damage|p1b: Tyranitar|0 fnt
|-unboost|p2a: Lycanroc|def|1
|-unboost|p2a: Lycanroc|spd|1
|faint|p1b: Tyranitar
|
|-weather|Sandstorm|[upkeep]
|-damage|p2b: Rotom|94/100|[from] Sandstorm
|-damage|p1a: Rotom|94/100|[from] Sandstorm
|-heal|p1a: Rotom|100/100|[from] item: Leftovers
|upkeep
|
|t:|1784425242
|switch|p1b: Incineroar|Incineroar, L50, M|61/100
|-ability|p1b: Incineroar|Intimidate|boost
|-unboost|p2a: Lycanroc|atk|1
|-unboost|p2b: Rotom|atk|1
|turn|4
|
|t:|1784425282
|switch|p2a: Garchomp|Garchomp, L50, M|88/100
|move|p1b: Incineroar|Fake Out|p2b: Rotom
|-damage|p2b: Rotom|80/100
|cant|p2b: Rotom|flinch
|move|p1a: Rotom|Electroweb|p2b: Rotom|[spread] p2b
|-immune|p2a: Garchomp
|-resisted|p2b: Rotom|2
|-crit|p2b: Rotom
|-damage|p2b: Rotom|71/100
|-unboost|p2b: Rotom|spe|1
|
|-weather|Sandstorm|[upkeep]
|-damage|p1a: Rotom|94/100|[from] Sandstorm
|-damage|p2b: Rotom|66/100|[from] Sandstorm
|-damage|p1b: Incineroar|55/100|[from] Sandstorm
|-heal|p1a: Rotom|100/100|[from] item: Leftovers
|upkeep
|turn|5
|
|t:|1784425303
|move|p2a: Garchomp|Earthquake|p1b: Incineroar|[spread] p1b
|-immune|p2b: Rotom|[from] ability: Levitate
|-immune|p1a: Rotom|[from] ability: Levitate
|-supereffective|p1b: Incineroar|1
|-damage|p1b: Incineroar|0 fnt
|faint|p1b: Incineroar
|move|p1a: Rotom|Hydro Pump|p2a: Garchomp
|-damage|p2a: Garchomp|37/100
|move|p2b: Rotom|Leaf Storm|p1a: Rotom
|-supereffective|p1a: Rotom|1
|-damage|p1a: Rotom|0 fnt
|-unboost|p2b: Rotom|spa|2
|faint|p1a: Rotom
|
|-weather|none
|upkeep
|
|t:|1784425307
|switch|p1b: Excadrill|Excadrill, L50, M|100/100
|turn|6
|
|t:|1784425311
|move|p2a: Garchomp|Earthquake|p1b: Excadrill|[spread] p1b
|-immune|p2b: Rotom|[from] ability: Levitate
|-supereffective|p1b: Excadrill|1
|-enditem|p1b: Excadrill|Focus Sash
|-damage|p1b: Excadrill|1/100
|move|p1b: Excadrill|Rock Slide|p2b: Rotom|[spread] p2a,p2b
|-resisted|p2a: Garchomp|1
|-crit|p2a: Garchomp
|-damage|p2a: Garchomp|21/100
|-damage|p2b: Rotom|36/100
|-enditem|p2b: Rotom|Sitrus Berry|[eat]
|-heal|p2b: Rotom|60/100|[from] item: Sitrus Berry
|move|p2b: Rotom|Will-O-Wisp|p1b: Excadrill
|-status|p1b: Excadrill|brn
|
|-damage|p1b: Excadrill|0 fnt|[from] brn
|faint|p1b: Excadrill
|
|win|EDJPP
|raw|Adriatic Tides's rating: 1158 → 1127(-31 for losing)
|raw|EDJPP's rating: 1075 → 1110(+35 for winning)
|l|‽EDJPP
|player|p2|
