|j|☆Yusuf3000
|j|☆Pokeventurer
|html|Yusuf3000Pokeventurer    
|uhtml|bestof|Game 1 of a best-of-3
|t:|1757103440
|gametype|doubles
|player|p1|Yusuf3000|waiter-gen4|1156
|player|p2|Pokeventurer|2|1082
|gen|9
|tier|[Gen 9] VGC 2025 Reg H (Bo3)
|rated|
|rule|Species Clause: Limit one of each Pokémon
|rule|Item Clause: Limit 1 of each item
|clearpoke
|poke|p1|Pelipper, L50, M|
|poke|p1|Basculegion, L50, M|
|poke|p1|Sneasler, L50, M|
|poke|p1|Archaludon, L50, F|
|poke|p1|Amoonguss, L50, F|
|poke|p1|Gholdengo, L50|
|poke|p2|Basculegion, L50, M|
|poke|p2|Pelipper, L50, M|
|poke|p2|Archaludon, L50, M|
|poke|p2|Rillaboom, L50, F|
|poke|p2|Maushold, L50|
|poke|p2|Annihilape, L50, F|
|teampreview|4
|showteam|p1|Pelipper||CovertCloak|Drizzle|Protect,Hurricane,WeatherBall,Tailwind|||M|||50|,,,,,Steel]Basculegion||ChoiceBand|SwiftSwim|FlipTurn,WaveCrash,AquaJet,LastRespects|||M|||50|,,,,,Water]Sneasler||FocusSash|Unburden|Protect,CloseCombat,DireClaw,FakeOut|||M|||50|,,,,,Ghost]Archaludon||AssaultVest|Stamina|ElectroShot,FlashCannon,DracoMeteor,BodyPress|||F|||50|,,,,,Bug]Amoonguss||SitrusBerry|Regenerator|Protect,RagePowder,PollenPuff,Spore|||F|||50|,,,,,Fairy]Gholdengo||LifeOrb|GoodasGold|MakeItRain,ShadowBall,NastyPlot,Protect||||||50|,,,,,Water
|showteam|p2|Basculegion||ChoiceBand|SwiftSwim|WaveCrash,FlipTurn,LastRespects,AquaJet|||M|||50|,,,,,Water]Pelipper||FocusSash|Drizzle|WeatherBall,Hurricane,Tailwind,Protect|||M|||50|,,,,,Stellar]Archaludon||AssaultVest|Stamina|ElectroShot,FlashCannon,Snarl,BodyPress|||M|||50|,,,,,Grass]Rillaboom||CobaBerry|GrassySurge|FakeOut,GrassyGlide,WoodHammer,Uturn|||F|||50|,,,,,Steel]Maushold||CovertCloak|FriendGuard|FollowMe,BeatUp,SuperFang,Taunt||||||50|,,,,,Ghost]Annihilape||SafetyGoggles|Defiant|DrainPunch,RageFist,BulkUp,Protect|||F|||50|,,,,,Fire
|inactive|Battle timer is ON: inactive players will automatically lose when time's up. (requested by Pokeventurer)
|inactive|Yusuf3000 has 60 seconds left.
|inactive|Yusuf3000 has 30 seconds left.
|inactive|Yusuf3000 has 20 seconds left.
|inactive|Yusuf3000 has 15 seconds left.
|inactive|Yusuf3000 has 10 seconds left.
|
|t:|1757103549
|teamsize|p1|4
|teamsize|p2|4
|start
|switch|p1a: Amoonguss|Amoonguss, L50, F|100/100
|switch|p1b: Archaludon|Archaludon, L50, F|100/100
|switch|p2a: London Paris&Tokyo|Archaludon, L50, M|100/100
|switch|p2b: MonkeyDo2|Rillaboom, L50, F|100/100
|-fieldstart|move: Grassy Terrain|[from] ability: Grassy Surge|[of] p2b: MonkeyDo2
|turn|1
|inactive|Pokeventurer has 30 seconds left.
|
|t:|1757103577
|switch|p2b: MonkeyDo|Annihilape, L50, F|100/100
|switch|p1a: Pelipper|Pelipper, L50, M|100/100
|-weather|RainDance|[from] ability: Drizzle|[of] p1a: Pelipper
|-terastallize|p2a: London Paris&Tokyo|Grass
|move|p1b: Archaludon|Electro Shot||[still]
|-prepare|p1b: Archaludon|Electro Shot
|-boost|p1b: Archaludon|spa|1
|-anim|p1b: Archaludon|Electro Shot|p2b: MonkeyDo
|-crit|p2b: MonkeyDo
|-damage|p2b: MonkeyDo|22/100
|move|p2a: London Paris&Tokyo|Snarl|p1b: Archaludon|[spread] p1a
|-miss|p2a: London Paris&Tokyo|p1b: Archaludon
|-damage|p1a: Pelipper|78/100
|
|-weather|RainDance|[upkeep]
|-heal|p2b: MonkeyDo|28/100|[from] Grassy Terrain
|upkeep
|turn|2
|inactive|Yusuf3000 has 30 seconds left.
|inactive|Pokeventurer has 30 seconds left.
|
|t:|1757103603
|move|p2b: MonkeyDo|Rage Fist|p1a: Pelipper
|-damage|p1a: Pelipper|24/100
|move|p1b: Archaludon|Draco Meteor|p2a: London Paris&Tokyo
|-damage|p2a: London Paris&Tokyo|24/100
|-unboost|p1b: Archaludon|spa|2
|-ability|p2a: London Paris&Tokyo|Stamina|boost
|-boost|p2a: London Paris&Tokyo|def|1
|move|p2a: London Paris&Tokyo|Snarl|p1a: Pelipper|[spread] p1a,p1b
|-damage|p1a: Pelipper|0 fnt
|-damage|p1b: Archaludon|88/100
|-unboost|p1b: Archaludon|spa|1
|-ability|p1b: Archaludon|Stamina|boost
|-boost|p1b: Archaludon|def|1
|faint|p1a: Pelipper
|
|-weather|RainDance|[upkeep]
|-heal|p2b: MonkeyDo|34/100|[from] Grassy Terrain
|-heal|p1b: Archaludon|94/100|[from] Grassy Terrain
|-heal|p2a: London Paris&Tokyo|30/100|[from] Grassy Terrain
|upkeep
|
|t:|1757103611
|switch|p1a: Gholdengo|Gholdengo, L50|100/100
|turn|3
|
|t:|1757103627
|switch|p2a: MouseySee|Maushold, L50|100/100
|-terastallize|p1a: Gholdengo|Water
|move|p2b: MonkeyDo|Rage Fist|p1a: Gholdengo
|-damage|p1a: Gholdengo|52/100
|move|p1a: Gholdengo|Make It Rain|p2b: MonkeyDo|[spread] p2a,p2b
|-damage|p2a: MouseySee|31/100
|-damage|p2b: MonkeyDo|0 fnt
|-unboost|p1a: Gholdengo|spa|1
|faint|p2b: MonkeyDo
|-damage|p1a: Gholdengo|42/100|[from] item: Life Orb
|move|p1b: Archaludon|Electro Shot||[still]
|-prepare|p1b: Archaludon|Electro Shot
|-boost|p1b: Archaludon|spa|1
|-anim|p1b: Archaludon|Electro Shot|p2a: MouseySee
|-damage|p2a: MouseySee|3/100
|
|-weather|RainDance|[upkeep]
|-heal|p2a: MouseySee|9/100|[from] Grassy Terrain
|-heal|p1a: Gholdengo|49/100|[from] Grassy Terrain
|-heal|p1b: Archaludon|100/100|[from] Grassy Terrain
|upkeep
|
|t:|1757103640
|switch|p2b: MonkeyDo2|Rillaboom, L50, F|100/100
|turn|4
|
|t:|1757103649
|move|p1a: Gholdengo|Protect|p1a: Gholdengo
|-singleturn|p1a: Gholdengo|Protect
|move|p2b: MonkeyDo2|Grassy Glide|p1a: Gholdengo
|-activate|p1a: Gholdengo|move: Protect
|move|p2a: MouseySee|Super Fang|p1b: Archaludon
|-damage|p1b: Archaludon|50/100
|-ability|p1b: Archaludon|Stamina|boost
|-boost|p1b: Archaludon|def|1
|move|p1b: Archaludon|Electro Shot||[still]
|-prepare|p1b: Archaludon|Electro Shot
|-boost|p1b: Archaludon|spa|1
|-anim|p1b: Archaludon|Electro Shot|p2a: MouseySee
|-damage|p2a: MouseySee|0 fnt
|faint|p2a: MouseySee
|
|-weather|RainDance|[upkeep]
|-heal|p1a: Gholdengo|55/100|[from] Grassy Terrain
|-heal|p1b: Archaludon|57/100|[from] Grassy Terrain
|upkeep
|
|t:|1757103655
|switch|p2a: London Paris&Tokyo|Archaludon, L50, M, tera:Grass|30/100
|turn|5
|inactive|Yusuf3000 has 30 seconds left.
|
|t:|1757103684
|switch|p1a: Amoonguss|Amoonguss, L50, F|100/100
|move|p2b: MonkeyDo2|Grassy Glide|p1a: Amoonguss
|-resisted|p1a: Amoonguss
|-damage|p1a: Amoonguss|94/100
|move|p1b: Archaludon|Body Press|p2a: London Paris&Tokyo
|-damage|p2a: London Paris&Tokyo|0 fnt
|faint|p2a: London Paris&Tokyo
|
|-weather|none
|-heal|p1b: Archaludon|63/100|[from] Grassy Terrain
|-heal|p1a: Amoonguss|99/100|[from] Grassy Terrain
|-fieldend|move: Grassy Terrain
|upkeep
|turn|6
|-message|Pokeventurer forfeited.
|
|win|Yusuf3000
|l|☆Pokeventurer
|player|p2|
|inactive|Yusuf3000 has 30 seconds to confirm battle start!
|inactive|Pokeventurer has 30 seconds to confirm battle start!
|j|☆Pokeventurer
|player|p2|Pokeventurer|2|
|l|☆Pokeventurer
|player|p2|
|inactive|Yusuf3000 has 20 seconds to confirm battle start!
|inactive|Pokeventurer has 20 seconds to confirm battle start!
||Pokeventurer is ready for game 2.
|inactive|Yusuf3000 has 10 seconds to confirm battle start!
||Yusuf3000 is ready for game 2.
|uhtml|next|Next: Game 2 of 3
|l|☆Yusuf3000
|player|p1|
|j|☆Pokeventurer
|player|p2|Pokeventurer|2|
