|j|☆sorrysoda
|j|☆thepartysneverover
|html|sorrysodathepartysneverover    
|uhtml|bestof|Game 2 of a best-of-3
|t:|1755022079
|gametype|doubles
|player|p1|sorrysoda|169|1209
|player|p2|thepartysneverover|266|1227
|gen|9
|tier|[Gen 9] VGC 2025 Reg H (Bo3)
|rated|
|rule|Species Clause: Limit one of each Pokémon
|rule|Item Clause: Limit 1 of each item
|clearpoke
|poke|p1|Arcanine-Hisui, L50, M|
|poke|p1|Rillaboom, L50, F|
|poke|p1|Dragonite, L50, F|
|poke|p1|Sneasler, L50, M|
|poke|p1|Ninetales-Alola, L50, M|
|poke|p1|Gholdengo, L50|
|poke|p2|Ribombee, L50, F|
|poke|p2|Exeggutor, L50, F|
|poke|p2|Typhlosion, L50, F|
|poke|p2|Torkoal, L50, M|
|poke|p2|Indeedee-F, L50, F|
|poke|p2|Archaludon, L50, M|
|teampreview|4
|showteam|p1|Arcanine-Hisui||ClearAmulet|Intimidate|FlareBlitz,RockSlide,ExtremeSpeed,Protect|||M|||50|,,,,,Water]Rillaboom||AssaultVest|GrassySurge|DrumBeating,GrassyGlide,HighHorsepower,FakeOut|||F|||50|,,,,,Fire]Dragonite||LoadedDice|Multiscale|ScaleShot,Tailwind,StompingTantrum,Protect|||F|||50|,,,,,Ground]Sneasler||WhiteHerb|Unburden|CloseCombat,DireClaw,Coaching,Protect|||M|||50|,,,,,Ghost]Ninetales-Alola||FocusSash|SnowWarning|Blizzard,Encore,IcyWind,AuroraVeil|||M|||50|,,,,,Ghost]Gholdengo||GrassySeed|GoodasGold|NastyPlot,MakeItRain,ShadowBall,Protect||||||50|,,,,,Water
|showteam|p2|Ribombee||FocusSash|ShieldDust|Moonblast,Tailwind,FakeTears,SunnyDay|||F|||50|,,,,,Fairy]Exeggutor||LifeOrb|Chlorophyll|ExpandingForce,LeafStorm,TrickRoom,Protect|||F|||50|,,,,,Psychic]Typhlosion||ChoiceSpecs|FlashFire|Eruption,HeatWave,Overheat,ScorchingSands|||F|||50|,,,,,Fire]Torkoal||EjectPack|Drought|Overheat,Eruption,HelpingHand,Protect|||M|||50|,,,,,Fire]Indeedee-F||PsychicSeed|PsychicSurge|FollowMe,HelpingHand,HyperVoice,TrickRoom|||F|||50|,,,,,Poison]Archaludon||PowerHerb|Sturdy|Protect,ElectroShot,FlashCannon,AuraSphere|||M|||50|,,,,,Stellar
|
|t:|1755022108
|teamsize|p1|4
|teamsize|p2|4
|start
|switch|p1a: Dragonite|Dragonite, L50, F|100/100
|switch|p1b: Arcanine|Arcanine-Hisui, L50, M|100/100
|switch|p2a: Indeedee|Indeedee-F, L50, F|100/100
|switch|p2b: Archaludon|Archaludon, L50, M|100/100
|-ability|p1b: Arcanine|Intimidate|boost
|-unboost|p2a: Indeedee|atk|1
|-unboost|p2b: Archaludon|atk|1
|-fieldstart|move: Psychic Terrain|[from] ability: Psychic Surge|[of] p2a: Indeedee
|-enditem|p2a: Indeedee|Psychic Seed
|-boost|p2a: Indeedee|spd|1|[from] item: Psychic Seed
|turn|1
|inactive|Battle timer is ON: inactive players will automatically lose when time's up. (requested by thepartysneverover)
|inactive|sorrysoda has 60 seconds left.
|inactive|thepartysneverover has 60 seconds left.
|
|t:|1755022154
|-terastallize|p2b: Archaludon|Stellar
|move|p1b: Arcanine|Flare Blitz|p2b: Archaludon
|-damage|p2b: Archaludon|51/100
|-damage|p1b: Arcanine|85/100|[from] Recoil
|move|p2b: Archaludon|Electro Shot||[still]
|-prepare|p2b: Archaludon|Electro Shot
|-boost|p2b: Archaludon|spa|1
|-enditem|p2b: Archaludon|Power Herb
|-anim|p2b: Archaludon|Electro Shot|p1b: Arcanine
|-damage|p1b: Arcanine|0 fnt
|faint|p1b: Arcanine
|move|p1a: Dragonite|Scale Shot|p2a: Indeedee
|-damage|p2a: Indeedee|87/100
|-damage|p2a: Indeedee|75/100
|-damage|p2a: Indeedee|61/100
|-damage|p2a: Indeedee|49/100
|-hitcount|p2a: Indeedee|4
|-unboost|p1a: Dragonite|def|1
|-boost|p1a: Dragonite|spe|1
|move|p2a: Indeedee|Hyper Voice|p1a: Dragonite
|-damage|p1a: Dragonite|84/100
|
|upkeep
|
|t:|1755022172
|switch|p1b: Ninetales|Ninetales-Alola, L50, M|100/100
|-weather|Snowscape|[from] ability: Snow Warning|[of] p1b: Ninetales
|turn|2
|
|t:|1755022186
|move|p2b: Archaludon|Protect|p2b: Archaludon
|-singleturn|p2b: Archaludon|Protect
|move|p1a: Dragonite|Tailwind|p1a: Dragonite
|-sidestart|p1: sorrysoda|move: Tailwind
|move|p1b: Ninetales|Blizzard|p2b: Archaludon|[spread] p2a
|-activate|p2b: Archaludon|move: Protect
|-damage|p2a: Indeedee|26/100
|move|p2a: Indeedee|Hyper Voice|p1a: Dragonite|[spread] p1a,p1b
|-damage|p1a: Dragonite|61/100
|-damage|p1b: Ninetales|74/100
|
|-weather|Snowscape|[upkeep]
|upkeep
|turn|3
|inactive|sorrysoda has 30 seconds left.
|
|t:|1755022217
|move|p1a: Dragonite|Scale Shot|p2b: Archaludon
|-damage|p2b: Archaludon|38/100
|-damage|p2b: Archaludon|27/100
|-damage|p2b: Archaludon|14/100
|-damage|p2b: Archaludon|2/100
|-hitcount|p2b: Archaludon|4
|-unboost|p1a: Dragonite|def|1
|-boost|p1a: Dragonite|spe|1
|move|p1b: Ninetales|Aurora Veil|p1b: Ninetales
|-sidestart|p1: sorrysoda|move: Aurora Veil
|move|p2b: Archaludon|Flash Cannon|p1b: Ninetales
|-supereffective|p1b: Ninetales
|-damage|p1b: Ninetales|0 fnt
|faint|p1b: Ninetales
|move|p2a: Indeedee|Trick Room|p2a: Indeedee
|-fieldstart|move: Trick Room|[of] p2a: Indeedee
|
|-weather|Snowscape|[upkeep]
|upkeep
|
|t:|1755022230
|switch|p1b: Sneasler|Sneasler, L50, M|100/100
|turn|4
|
|t:|1755022243
|move|p1a: Dragonite|Protect|p1a: Dragonite
|-singleturn|p1a: Dragonite|Protect
|move|p2a: Indeedee|Hyper Voice|p1b: Sneasler|[spread] p1b
|-activate|p1a: Dragonite|move: Protect
|-damage|p1b: Sneasler|84/100
|move|p2b: Archaludon|Flash Cannon|p1b: Sneasler
|-damage|p1b: Sneasler|38/100
|move|p1b: Sneasler|Dire Claw|p2a: Indeedee
|-damage|p2a: Indeedee|0 fnt
|faint|p2a: Indeedee
|
|-weather|Snowscape|[upkeep]
|upkeep
|
|t:|1755022256
|switch|p2a: Typhlosion|Typhlosion, L50, F|100/100
|turn|5
|
|t:|1755022268
|-terastallize|p1a: Dragonite|Ground
|move|p2b: Archaludon|Flash Cannon|p1a: Dragonite
|-damage|p1a: Dragonite|18/100
|move|p2a: Typhlosion|Eruption|p1a: Dragonite|[spread] p1a,p1b
|-damage|p1a: Dragonite|0 fnt
|-damage|p1b: Sneasler|0 fnt
|faint|p1a: Dragonite
|faint|p1b: Sneasler
|
|win|thepartysneverover
|raw|sorrysoda's rating: 1209 → 1185(-24 for losing)
|raw|thepartysneverover's rating: 1227 → 1251(+24 for winning)
|l|☆sorrysoda
|player|p1|
