|j|☆sad earns
|j|☆zweeta
|html|sad earnszweeta    
|uhtml|bestof|Game 2 of a best-of-3
|t:|1757708725
|gametype|doubles
|player|p1|sad earns|marshal|1289
|player|p2|zweeta|pokekid|1327
|gen|9
|tier|[Gen 9] VGC 2025 Reg H (Bo3)
|rated|
|rule|Species Clause: Limit one of each Pokémon
|rule|Item Clause: Limit 1 of each item
|clearpoke
|poke|p1|Corviknight, L50, F|
|poke|p1|Tyranitar, L50, M|
|poke|p1|Gholdengo, L50|
|poke|p1|Amoonguss, L50, M|
|poke|p1|Ursaluna-Bloodmoon, L50, M|
|poke|p1|Hydreigon, L50, F|
|poke|p2|Gholdengo, L50|
|poke|p2|Ursaluna, L50, F|
|poke|p2|Sinistcha, L50|
|poke|p2|Sneasler, L50, M|
|poke|p2|Dragonite, L50, M|
|poke|p2|Incineroar, L50, M|
|teampreview|4
|showteam|p1|Corviknight||Leftovers|MirrorArmor|BraveBird,IronHead,Tailwind,Taunt|||F|||50|,,,,,Dragon]Tyranitar||ChoiceBand|SandStream|KnockOff,RockSlide,LowKick,TeraBlast|||M|||50|,,,,,Flying]Gholdengo||MetalCoat|GoodasGold|MakeItRain,ShadowBall,NastyPlot,Protect||||||50|,,,,,Water]Amoonguss||RockyHelmet|Regenerator|PollenPuff,Spore,RagePowder,Protect|||M|||50|,,,,,Water]Ursaluna-Bloodmoon||AssaultVest|MindsEye|BloodMoon,HyperVoice,EarthPower,VacuumWave|||M|||50|,,,,,Dragon]Hydreigon||SafetyGoggles|Levitate|DracoMeteor,HeatWave,NastyPlot,Protect|||F|||50|,,,,,Fire
|showteam|p2|Gholdengo||LifeOrb|GoodasGold|MakeItRain,ShadowBall,NastyPlot,Protect||||||50|,,,,,Water]Ursaluna||FlameOrb|Guts|Facade,HeadlongRush,Earthquake,Protect|||F|||50|,,,,,Ghost]Sinistcha||SitrusBerry|Hospitality|MatchaGotcha,LifeDew,RagePowder,TrickRoom||||||50|,,,,,Dark]Sneasler||WhiteHerb|Unburden|DireClaw,CloseCombat,Coaching,Protect|||M|||50|,,,,,Ghost]Dragonite||LoadedDice|Multiscale|ScaleShot,Haze,Tailwind,Protect|||M|||50|,,,,,Steel]Incineroar||SafetyGoggles|Intimidate|FlareBlitz,KnockOff,FakeOut,PartingShot|||M|||50|,,,,,Ghost
|inactive|Battle timer is ON: inactive players will automatically lose when time's up. (requested by zweeta)
|inactive|sad earns has 60 seconds left.
|
|t:|1757708757
|teamsize|p1|4
|teamsize|p2|4
|start
|switch|p1a: Amoonguss|Amoonguss, L50, M, shiny|100/100
|switch|p1b: Hydreigon|Hydreigon, L50, F|100/100
|switch|p2a: Ursaluna|Ursaluna, L50, F|100/100
|switch|p2b: Dragonite|Dragonite, L50, M|100/100
|turn|1
|
|t:|1757708770
|move|p1b: Hydreigon|Nasty Plot|p1b: Hydreigon
|-boost|p1b: Hydreigon|spa|2
|move|p2b: Dragonite|Scale Shot|p1b: Hydreigon
|-supereffective|p1b: Hydreigon
|-crit|p1b: Hydreigon
|-damage|p1b: Hydreigon|50/100
|-supereffective|p1b: Hydreigon
|-damage|p1b: Hydreigon|15/100
|-supereffective|p1b: Hydreigon
|-damage|p1b: Hydreigon|0 fnt
|faint|p1b: Hydreigon
|-hitcount|p1: Hydreigon|3
|-unboost|p2b: Dragonite|def|1
|-boost|p2b: Dragonite|spe|1
|move|p2a: Ursaluna|Headlong Rush|p1a: Amoonguss
|-damage|p1a: Amoonguss|44/100
|-unboost|p2a: Ursaluna|def|1
|-unboost|p2a: Ursaluna|spd|1
|-damage|p2a: Ursaluna|84/100|[from] item: Rocky Helmet|[of] p1a: Amoonguss
|move|p1a: Amoonguss|Spore|p2b: Dragonite
|-status|p2b: Dragonite|slp|[from] move: Spore
|
|-status|p2a: Ursaluna|brn|[from] item: Flame Orb
|upkeep
|inactive|sad earns has 30 seconds left.
|
|t:|1757708803
|switch|p1b: Tyranitar|Tyranitar, L50, M|100/100
|-weather|Sandstorm|[from] ability: Sand Stream|[of] p1b: Tyranitar
|turn|2
|
|t:|1757708814
|switch|p2b: Incineroar|Incineroar, L50, M|100/100
|-ability|p2b: Incineroar|Intimidate|boost
|-unboost|p1a: Amoonguss|atk|1
|-unboost|p1b: Tyranitar|atk|1
|move|p2a: Ursaluna|Protect|p2a: Ursaluna
|-singleturn|p2a: Ursaluna|Protect
|move|p1b: Tyranitar|Rock Slide|p2b: Incineroar|[spread] p2b
|-activate|p2a: Ursaluna|move: Protect
|-supereffective|p2b: Incineroar
|-damage|p2b: Incineroar|41/100
|move|p1a: Amoonguss|Pollen Puff|p2b: Incineroar
|-damage|p2b: Incineroar|25/100
|
|-weather|Sandstorm|[upkeep]
|-damage|p1a: Amoonguss|38/100|[from] Sandstorm
|-damage|p2a: Ursaluna|78/100 brn|[from] brn
|upkeep
|turn|3
|inactive|sad earns has 30 seconds left.
|
|t:|1757708840
|switch|p1b: Corviknight|Corviknight, L50, F|100/100
|move|p2b: Incineroar|Fake Out|p1b: Corviknight
|-resisted|p1b: Corviknight
|-crit|p1b: Corviknight
|-damage|p1b: Corviknight|93/100
|move|p2a: Ursaluna|Facade|p1b: Corviknight
|-resisted|p1b: Corviknight
|-damage|p1b: Corviknight|40/100
|move|p1a: Amoonguss|Pollen Puff|p1b: Corviknight
|-heal|p1b: Corviknight|90/100
|
|-weather|Sandstorm|[upkeep]
|-damage|p1a: Amoonguss|32/100|[from] Sandstorm
|-heal|p1b: Corviknight|96/100|[from] item: Leftovers
|-damage|p2a: Ursaluna|72/100 brn|[from] brn
|upkeep
|turn|4
|
|t:|1757708862
|move|p2a: Ursaluna|Facade|p1a: Amoonguss
|-damage|p1a: Amoonguss|0 fnt
|-damage|p2a: Ursaluna|55/100 brn|[from] item: Rocky Helmet|[of] p1a: Amoonguss
|faint|p1a: Amoonguss
|move|p2b: Incineroar|Flare Blitz|p1b: Corviknight
|-supereffective|p1b: Corviknight
|-damage|p1b: Corviknight|11/100
|-damage|p2b: Incineroar|0 fnt|[from] Recoil
|faint|p2b: Incineroar
|move|p1b: Corviknight|Brave Bird|p2a: Ursaluna
|-damage|p2a: Ursaluna|11/100 brn
|-damage|p1b: Corviknight|0 fnt|[from] Recoil
|faint|p1b: Corviknight
|
|-weather|Sandstorm|[upkeep]
|-damage|p2a: Ursaluna|5/100 brn|[from] brn
|upkeep
|
|t:|1757708880
|switch|p2b: Dragonite|Dragonite, L50, M|100/100 slp
|switch|p1a: Tyranitar|Tyranitar, L50, M|100/100
|turn|5
|
|t:|1757708891
|cant|p2b: Dragonite|slp
|move|p1a: Tyranitar|Rock Slide|p2a: Ursaluna|[spread] p2a,p2b
|-resisted|p2a: Ursaluna
|-supereffective|p2b: Dragonite
|-damage|p2a: Ursaluna|0 fnt
|-damage|p2b: Dragonite|45/100 slp
|faint|p2a: Ursaluna
|
|-weather|Sandstorm|[upkeep]
|-damage|p2b: Dragonite|39/100 slp|[from] Sandstorm
|upkeep
|
|t:|1757708896
|switch|p2a: Sneasler|Sneasler, L50, M, shiny|100/100
|turn|6
|
|t:|1757708912
|-terastallize|p1a: Tyranitar|Flying
|move|p2a: Sneasler|Protect|p2a: Sneasler
|-singleturn|p2a: Sneasler|Protect
|cant|p2b: Dragonite|slp
|move|p1a: Tyranitar|Rock Slide|p2a: Sneasler|[spread] p2b
|-activate|p2a: Sneasler|move: Protect
|-supereffective|p2b: Dragonite
|-damage|p2b: Dragonite|0 fnt
|faint|p2b: Dragonite
|
|-weather|none
|upkeep
|turn|7
|
|t:|1757708926
|move|p2a: Sneasler|Dire Claw|p1a: Tyranitar
|-damage|p1a: Tyranitar|64/100
|move|p1a: Tyranitar|Rock Slide|p2a: Sneasler
|-resisted|p2a: Sneasler
|-damage|p2a: Sneasler|43/100
|
|upkeep
|turn|8
|
|t:|1757708934
|move|p2a: Sneasler|Dire Claw|p1a: Tyranitar
|-damage|p1a: Tyranitar|23/100
|move|p1a: Tyranitar|Rock Slide|p2a: Sneasler
|-resisted|p2a: Sneasler
|-damage|p2a: Sneasler|0 fnt
|faint|p2a: Sneasler
|
|win|sad earns
||zweeta is ready for game 3.
|inactive|sad earns has 30 seconds to confirm battle start!
||sad earns is ready for game 3.
|uhtml|next|Next: Game 3 of 3
