|j|☆Serpentone
|j|☆NemoAK
|html|SerpentoneNemoAK    
|uhtml|bestof|Game 1 of a best-of-3
|t:|1783483664
|gametype|doubles
|player|p1|Serpentone|clown|1042
|player|p2|NemoAK|2|1197
|gen|9
|tier|[Gen 9 Champions] VGC 2026 Reg M-B (Bo3)
|rated|
|rule|Species Clause: Limit one of each Pokémon
|rule|Item Clause: Limit 1 of each item
|clearpoke
|poke|p1|Toxapex, L50, M|
|poke|p1|Incineroar, L50, M, shiny|
|poke|p1|Charizard, L50, M|
|poke|p1|Hydreigon, L50, M|
|poke|p1|Gengar, L50, M, shiny|
|poke|p1|Whimsicott, L50, F, shiny|
|poke|p2|Charizard, L50, M|
|poke|p2|Whimsicott, L50, M|
|poke|p2|Basculegion, L50, M|
|poke|p2|Farigiraf, L50, M|
|poke|p2|Garchomp, L50, M|
|poke|p2|Kingambit, L50, M|
|teampreview|4
|showteam|p1|Toxapex||Leftovers|Regenerator|BanefulBunker,Toxic,Infestation,WideGuard|Bold||M|||50|]Incineroar||SitrusBerry|Intimidate|FakeOut,PartingShot,FlareBlitz,ThroatChop|Impish||M|||50|]Charizard||CharizarditeY|Blaze|Protect,HeatWave,SolarBeam,WeatherBall|Timid||M|||50|]Hydreigon||ChoiceScarf|Levitate|DarkPulse,EarthPower,DracoMeteor,Snarl|Modest||M|||50|]Gengar||Gengarite|CursedBody|ShadowBall,PerishSong,Disable,Protect|Timid||M|||50|]Whimsicott||FocusSash|Prankster|Tailwind,Moonblast,Encore,Protect|Timid||F|||50|
|showteam|p2|Charizard||CharizarditeY|Blaze|HeatWave,WeatherBall,SolarBeam,Protect|Modest||M|||50|]Whimsicott||MentalHerb|Prankster|Moonblast,Tailwind,Protect,Tickle|Timid||M|||50|]Basculegion||ChoiceScarf|Adaptability|LastRespects,WaveCrash,AquaJet,FlipTurn|Adamant||M|||50|]Farigiraf||SitrusBerry|ArmorTail|Psychic,HyperVoice,TrickRoom,HelpingHand|Quiet||M|||50|]Garchomp||LifeOrb|RoughSkin|Earthquake,RockSlide,ScaleShot,Protect|Jolly||M|||50|]Kingambit||FocusSash|Defiant|LowKick,SuckerPunch,IronHead,Protect|Adamant||M|||50|
|inactive|Battle timer is ON: inactive players will automatically lose when time's up. (requested by NemoAK)
|inactive|Serpentone has 60 seconds left.
|
|t:|1783483741
|teamsize|p1|4
|teamsize|p2|4
|start
|switch|p1a: Toxapex|Toxapex, L50, M|100/100
|switch|p1b: Charizard|Charizard, L50, M|100/100
|switch|p2a: Checkmate|Kingambit, L50, M|100/100
|switch|p2b: 6”3|Farigiraf, L50, M|100/100
|turn|1
|
|t:|1783483760
|switch|p1a: Hydreigon|Hydreigon, L50, M|100/100
|detailschange|p1b: Charizard|Charizard-Mega-Y, L50, M
|-mega|p1b: Charizard|Charizard|Charizardite Y
|-weather|SunnyDay|[from] ability: Drought|[of] p1b: Charizard
|move|p2a: Checkmate|Sucker Punch|p1b: Charizard
|-damage|p1b: Charizard|57/100
|move|p1b: Charizard|Heat Wave|p2b: 6”3|[spread] p2a,p2b
|-supereffective|p2a: Checkmate|1
|-enditem|p2a: Checkmate|Focus Sash
|-damage|p2a: Checkmate|1/100
|-damage|p2b: 6”3|51/100
|-status|p2b: 6”3|brn
|move|p2b: 6”3|Trick Room|p2b: 6”3
|-fieldstart|move: Trick Room|[of] p2b: 6”3
|
|-weather|SunnyDay|[upkeep]
|-damage|p2b: 6”3|45/100 brn|[from] brn
|upkeep
|-enditem|p2b: 6”3|Sitrus Berry|[eat]
|-heal|p2b: 6”3|70/100 brn|[from] item: Sitrus Berry
|turn|2
|
|t:|1783483783
|move|p1b: Charizard|Protect|p1b: Charizard
|-singleturn|p1b: Charizard|Protect
|move|p2b: 6”3|Psychic|p1b: Charizard
|-activate|p1b: Charizard|move: Protect
|move|p2a: Checkmate|Low Kick|p1a: Hydreigon
|-supereffective|p1a: Hydreigon|1
|-crit|p1a: Hydreigon
|-damage|p1a: Hydreigon|0 fnt
|faint|p1a: Hydreigon
|
|-weather|SunnyDay|[upkeep]
|-damage|p2b: 6”3|64/100 brn|[from] brn
|upkeep
|
|t:|1783483802
|switch|p1a: Toxapex|Toxapex, L50, M|100/100
|turn|3
|
|t:|1783483822
|move|p1a: Toxapex|Baneful Bunker|p1a: Toxapex
|-singleturn|p1a: Toxapex|move: Protect
|move|p2a: Checkmate|Protect|p2a: Checkmate
|-singleturn|p2a: Checkmate|Protect
|move|p2b: 6”3|Psychic|p1a: Toxapex
|-activate|p1a: Toxapex|move: Protect
|move|p1b: Charizard|Heat Wave|p2a: Checkmate|[spread] p2b
|-activate|p2a: Checkmate|move: Protect
|-damage|p2b: 6”3|16/100 brn
|
|-weather|SunnyDay|[upkeep]
|-damage|p2b: 6”3|10/100 brn|[from] brn
|upkeep
|turn|4
|
|t:|1783483842
|move|p1b: Charizard|Protect|p1b: Charizard
|-singleturn|p1b: Charizard|Protect
|move|p2a: Checkmate|Sucker Punch||[still]
|-fail|p2a: Checkmate
|move|p1a: Toxapex|Infestation|p2a: Checkmate
|-damage|p2a: Checkmate|0 fnt
|faint|p2a: Checkmate
|move|p2b: 6”3|Psychic|p1b: Charizard
|-activate|p1b: Charizard|move: Protect
|
|-weather|SunnyDay|[upkeep]
|-damage|p2b: 6”3|4/100 brn|[from] brn
|upkeep
|
|t:|1783483850
|switch|p2a: Toothless|Garchomp, L50, M|100/100
|turn|5
|
|t:|1783483866
|switch|p1b: Whimsicott|Whimsicott, L50, F, shiny|100/100
|move|p1a: Toxapex|Baneful Bunker|p1a: Toxapex
|-singleturn|p1a: Toxapex|move: Protect
|move|p2b: 6”3|Psychic|p1a: Toxapex
|-activate|p1a: Toxapex|move: Protect
|move|p2a: Toothless|Rock Slide|p1a: Toxapex|[spread] p1b
|-activate|p1a: Toxapex|move: Protect
|-damage|p1b: Whimsicott|58/100
|-damage|p2a: Toothless|90/100|[from] item: Life Orb
|
|-weather|none
|-damage|p2b: 6”3|0 fnt|[from] brn
|faint|p2b: 6”3
|-fieldend|move: Trick Room
|upkeep
|
|t:|1783483872
|switch|p2b: Dracarys|Charizard, L50, M|100/100
|turn|6
|inactive|Serpentone has 30 seconds left.
|inactive|Serpentone has 20 seconds left.
|
|t:|1783483909
|detailschange|p2b: Dracarys|Charizard-Mega-Y, L50, M
|-mega|p2b: Dracarys|Charizard|Charizardite Y
|-weather|SunnyDay|[from] ability: Drought|[of] p2b: Dracarys
|move|p1a: Toxapex|Wide Guard|p1a: Toxapex
|-singleturn|p1a: Toxapex|Wide Guard
|move|p1b: Whimsicott|Moonblast|p2a: Toothless
|-supereffective|p2a: Toothless|1
|-damage|p2a: Toothless|16/100
|move|p2a: Toothless|Scale Shot|p1a: Toxapex
|-damage|p1a: Toxapex|87/100
|-damage|p1a: Toxapex|74/100
|-hitcount|p1a: Toxapex|2
|-unboost|p2a: Toothless|def|1
|-boost|p2a: Toothless|spe|1
|-damage|p2a: Toothless|7/100|[from] item: Life Orb
|move|p2b: Dracarys|Weather Ball|p1b: Whimsicott
|-supereffective|p1b: Whimsicott|1
|-damage|p1b: Whimsicott|0 fnt
|faint|p1b: Whimsicott
|
|-weather|SunnyDay|[upkeep]
|-heal|p1a: Toxapex|80/100|[from] item: Leftovers
|upkeep
|
|t:|1783483932
|switch|p1b: Charizard|Charizard-Mega-Y, L50, M|57/100
|turn|7
|
|t:|1783483939
|move|p2a: Toothless|Protect|p2a: Toothless
|-singleturn|p2a: Toothless|Protect
|move|p1b: Charizard|Protect|p1b: Charizard
|-singleturn|p1b: Charizard|Protect
|move|p2b: Dracarys|Solar Beam||[still]
|-prepare|p2b: Dracarys|Solar Beam
|-anim|p2b: Dracarys|Solar Beam|p1a: Toxapex
|-damage|p1a: Toxapex|43/100
|move|p1a: Toxapex|Infestation|p2a: Toothless
|-activate|p2a: Toothless|move: Protect
|
|-weather|SunnyDay|[upkeep]
|-heal|p1a: Toxapex|49/100|[from] item: Leftovers
|upkeep
|turn|8
|inactive|Serpentone has 30 seconds left.
|
|t:|1783483974
|move|p1a: Toxapex|Wide Guard|p1a: Toxapex
|-singleturn|p1a: Toxapex|Wide Guard
|move|p2a: Toothless|Scale Shot|p1a: Toxapex
|-damage|p1a: Toxapex|36/100
|-damage|p1a: Toxapex|26/100
|-damage|p1a: Toxapex|14/100
|-hitcount|p1a: Toxapex|3
|-unboost|p2a: Toothless|def|1
|-boost|p2a: Toothless|spe|1
|-damage|p2a: Toothless|0 fnt|[from] item: Life Orb
|faint|p2a: Toothless
|move|p1b: Charizard|Heat Wave|p2b: Dracarys
|-resisted|p2b: Dracarys|1
|-damage|p2b: Dracarys|59/100
|move|p2b: Dracarys|Solar Beam||[still]
|-prepare|p2b: Dracarys|Solar Beam
|-anim|p2b: Dracarys|Solar Beam|p1a: Toxapex
|-damage|p1a: Toxapex|0 fnt
|faint|p1a: Toxapex
|
|-weather|SunnyDay|[upkeep]
|upkeep
|turn|9
|
|t:|1783483997
|move|p1b: Charizard|Weather Ball|p2b: Dracarys
|-resisted|p2b: Dracarys|1
|-damage|p2b: Dracarys|16/100
|move|p2b: Dracarys|Weather Ball|p1b: Charizard
|-resisted|p1b: Charizard|1
|-damage|p1b: Charizard|19/100
|
|-weather|SunnyDay|[upkeep]
|upkeep
|turn|10
|
|t:|1783484008
|move|p2b: Dracarys|Protect|p2b: Dracarys
|-singleturn|p2b: Dracarys|Protect
|move|p1b: Charizard|Weather Ball|p2b: Dracarys
|-activate|p2b: Dracarys|move: Protect
|
|-weather|none
|upkeep
|turn|11
|
|t:|1783484017
|move|p1b: Charizard|Heat Wave|p2b: Dracarys
|-resisted|p2b: Dracarys|1
|-damage|p2b: Dracarys|0 fnt
|faint|p2b: Dracarys
|
|win|Serpentone
||NemoAK is ready for game 2.
||Serpentone is ready for game 2.
|uhtml|next|Next: Game 2 of 3
|l|☆NemoAK
|player|p2|
