|j|☆jacre22
|j|☆HeracrossVGC
|html|jacre22HeracrossVGC    
|uhtml|bestof|Game 3 of a best-of-3
|t:|1756080649
|gametype|doubles
|player|p1|jacre22|iris-gen5bw2|1322
|player|p2|HeracrossVGC|169|1235
|gen|9
|tier|[Gen 9] VGC 2025 Reg H (Bo3)
|rated|
|rule|Species Clause: Limit one of each Pokémon
|rule|Item Clause: Limit 1 of each item
|clearpoke
|poke|p1|Whimsicott, L50, F|
|poke|p1|Garchomp, L50, M|
|poke|p1|Gholdengo, L50|
|poke|p1|Incineroar, L50, M|
|poke|p1|Sneasler, L50, M|
|poke|p1|Dragonite, L50, M|
|poke|p2|Gholdengo, L50|
|poke|p2|Sneasler, L50, M|
|poke|p2|Rillaboom, L50, F|
|poke|p2|Dragonite, L50, M|
|poke|p2|Ninetales-Alola, L50, M|
|poke|p2|Arcanine-Hisui, L50, M|
|teampreview|4
|showteam|p1|Whimsicott||FocusSash|Prankster|Moonblast,Tailwind,Encore,Protect|||F|||50|,,,,,Ghost]Garchomp||LifeOrb|RoughSkin|Earthquake,DragonClaw,StompingTantrum,Protect|||M|||50|,,,,,Ground]Gholdengo||ChoiceSpecs|GoodasGold|MakeItRain,ShadowBall,Trick,PowerGem||||||50|,,,,,Steel]Incineroar||AssaultVest|Intimidate|FakeOut,FlareBlitz,KnockOff,Uturn|||M|||50|,,,,,Grass]Sneasler||WhiteHerb|Unburden|FakeOut,DireClaw,CloseCombat,Protect|||M|||50|,,,,,Stellar]Dragonite||ChoiceBand|InnerFocus|ExtremeSpeed,Outrage,IceSpinner,StompingTantrum|||M|||50|,,,,,Normal
|showteam|p2|Gholdengo||GrassySeed|GoodasGold|NastyPlot,MakeItRain,ShadowBall,Protect||||||50|,,,,,Water]Sneasler||WhiteHerb|Unburden|CloseCombat,DireClaw,Coaching,Protect|||M|||50|,,,,,Ghost]Rillaboom||AssaultVest|GrassySurge|FakeOut,GrassyGlide,DrumBeating,HighHorsepower|||F|||50|,,,,,Fire]Dragonite||LoadedDice|Multiscale|ScaleShot,Haze,Tailwind,Protect|||M|||50|,,,,,Steel]Ninetales-Alola||FocusSash|SnowWarning|Blizzard,IcyWind,Encore,AuroraVeil|||M|||50|,,,,,Ghost]Arcanine-Hisui||ClearAmulet|Intimidate|RockSlide,FlareBlitz,ExtremeSpeed,Protect|||M|||50|,,,,,Water
|inactive|Battle timer is ON: inactive players will automatically lose when time's up. (requested by HeracrossVGC)
|inactive|jacre22 has 60 seconds left.
|
|t:|1756080722
|teamsize|p1|4
|teamsize|p2|4
|start
|switch|p1a: Dragonite|Dragonite, L50, M|100/100
|switch|p1b: Incineroar|Incineroar, L50, M|100/100
|switch|p2a: Gholdengo|Gholdengo, L50|100/100
|switch|p2b: Rillaboom|Rillaboom, L50, F|100/100
|-fieldstart|move: Grassy Terrain|[from] ability: Grassy Surge|[of] p2b: Rillaboom
|-enditem|p2a: Gholdengo|Grassy Seed
|-boost|p2a: Gholdengo|def|1|[from] item: Grassy Seed
|-ability|p1b: Incineroar|Intimidate|boost
|-unboost|p2a: Gholdengo|atk|1
|-unboost|p2b: Rillaboom|atk|1
|turn|1
|inactive|jacre22 has 30 seconds left.
|inactive|HeracrossVGC has 30 seconds left.
|inactive|jacre22 has 20 seconds left.
|inactive|HeracrossVGC has 20 seconds left.
|inactive|jacre22 has 15 seconds left.
|
|t:|1756080766
|-terastallize|p2a: Gholdengo|Water
|-terastallize|p1a: Dragonite|Normal
|move|p2b: Rillaboom|Fake Out|p1b: Incineroar
|-damage|p1b: Incineroar|91/100
|move|p1a: Dragonite|Extreme Speed|p2b: Rillaboom
|-damage|p2b: Rillaboom|22/100
|move|p2a: Gholdengo|Nasty Plot|p2a: Gholdengo
|-boost|p2a: Gholdengo|spa|2
|cant|p1b: Incineroar|flinch
|
|-heal|p2b: Rillaboom|28/100|[from] Grassy Terrain
|-heal|p1b: Incineroar|97/100|[from] Grassy Terrain
|upkeep
|turn|2
|inactive|jacre22 has 30 seconds left.
|inactive|HeracrossVGC has 30 seconds left.
|inactive|jacre22 has 20 seconds left.
|inactive|HeracrossVGC has 20 seconds left.
|inactive|jacre22 has 15 seconds left.
|inactive|HeracrossVGC has 15 seconds left.
|inactive|jacre22 has 10 seconds left.
|inactive|HeracrossVGC has 10 seconds left.
|
|t:|1756080816
|move|p1a: Dragonite|Extreme Speed|p2b: Rillaboom
|-damage|p2b: Rillaboom|0 fnt
|faint|p2b: Rillaboom
|move|p2a: Gholdengo|Make It Rain|p1a: Dragonite|[spread] p1a,p1b
|-resisted|p1b: Incineroar
|-damage|p1a: Dragonite|13/100
|-damage|p1b: Incineroar|71/100
|-unboost|p2a: Gholdengo|spa|1
|move|p1b: Incineroar|U-turn|p2a: Gholdengo
|-damage|p2a: Gholdengo|85/100
|
|t:|1756080839
|switch|p1b: Whimsicott|Whimsicott, L50, F|100/100|[from] U-turn
|
|-heal|p2a: Gholdengo|92/100|[from] Grassy Terrain
|-heal|p1a: Dragonite|18/100|[from] Grassy Terrain
|upkeep
|
|t:|1756080847
|switch|p2b: Arcanine|Arcanine-Hisui, L50, M|100/100
|-ability|p2b: Arcanine|Intimidate|boost
|-fail|p1a: Dragonite|unboost|Attack|[from] ability: Inner Focus|[of] p1a: Dragonite
|-unboost|p1b: Whimsicott|atk|1
|turn|3
|
|t:|1756080872
|switch|p1a: Incineroar|Incineroar, L50, M|71/100
|-ability|p1a: Incineroar|Intimidate|boost
|-unboost|p2a: Gholdengo|atk|1
|-fail|p2b: Arcanine|unboost|[from] item: Clear Amulet|[of] p2b: Arcanine
|move|p1b: Whimsicott|Protect|p1b: Whimsicott
|-singleturn|p1b: Whimsicott|Protect
|move|p2b: Arcanine|Rock Slide|p1b: Whimsicott|[spread] 
|-activate|p1b: Whimsicott|move: Protect
|-miss|p2b: Arcanine|p1a: Incineroar
|move|p2a: Gholdengo|Make It Rain|p1a: Incineroar|[spread] p1a
|-activate|p1b: Whimsicott|move: Protect
|-resisted|p1a: Incineroar
|-damage|p1a: Incineroar|49/100
|-unboost|p2a: Gholdengo|spa|1
|
|-heal|p2a: Gholdengo|98/100|[from] Grassy Terrain
|-heal|p1a: Incineroar|55/100|[from] Grassy Terrain
|upkeep
|turn|4
|inactive|jacre22 has 30 seconds left.
|
|t:|1756080905
|switch|p1b: Gholdengo|Gholdengo, L50|100/100
|move|p1a: Incineroar|Fake Out|p2a: Gholdengo
|-damage|p2a: Gholdengo|89/100
|move|p2b: Arcanine|Rock Slide|p1a: Incineroar|[spread] p1a,p1b
|-supereffective|p1a: Incineroar
|-resisted|p1b: Gholdengo
|-damage|p1a: Incineroar|5/100
|-damage|p1b: Gholdengo|85/100
|cant|p2a: Gholdengo|flinch
|
|-heal|p1b: Gholdengo|90/100|[from] Grassy Terrain
|-heal|p2a: Gholdengo|95/100|[from] Grassy Terrain
|-heal|p1a: Incineroar|11/100|[from] Grassy Terrain
|upkeep
|turn|5
|inactive|jacre22 has 30 seconds left.
|inactive|HeracrossVGC has 30 seconds left.
|inactive|HeracrossVGC has 20 seconds left.
|
|t:|1756080944
|switch|p1b: Dragonite|Dragonite, L50, M, tera:Normal|18/100
|switch|p1a: Whimsicott|Whimsicott, L50, F|100/100
|move|p2b: Arcanine|Flare Blitz|p1b: Dragonite
|-damage|p1b: Dragonite|0 fnt
|faint|p1b: Dragonite
|-damage|p2b: Arcanine|94/100|[from] Recoil
|move|p2a: Gholdengo|Make It Rain|p1a: Whimsicott
|-supereffective|p1a: Whimsicott
|-enditem|p1a: Whimsicott|Focus Sash
|-damage|p1a: Whimsicott|1/100
|-unboost|p2a: Gholdengo|spa|1
|
|-heal|p1a: Whimsicott|7/100|[from] Grassy Terrain
|-heal|p2b: Arcanine|99/100|[from] Grassy Terrain
|-heal|p2a: Gholdengo|100/100|[from] Grassy Terrain
|-fieldend|move: Grassy Terrain
|upkeep
|
|t:|1756080969
|switch|p1b: Gholdengo|Gholdengo, L50|90/100
|turn|6
|
|t:|1756080984
|move|p2b: Arcanine|Extreme Speed|p1a: Whimsicott
|-damage|p1a: Whimsicott|0 fnt
|faint|p1a: Whimsicott
|move|p1b: Gholdengo|Make It Rain|p2a: Gholdengo|[spread] p2a,p2b
|-resisted|p2a: Gholdengo
|-damage|p2a: Gholdengo|65/100
|-damage|p2b: Arcanine|2/100
|-unboost|p1b: Gholdengo|spa|1
|move|p2a: Gholdengo|Nasty Plot|p2a: Gholdengo
|-boost|p2a: Gholdengo|spa|2
|
|upkeep
|
|t:|1756080995
|switch|p1a: Incineroar|Incineroar, L50, M|11/100
|-ability|p1a: Incineroar|Intimidate|boost
|-unboost|p2a: Gholdengo|atk|1
|-fail|p2b: Arcanine|unboost|[from] item: Clear Amulet|[of] p2b: Arcanine
|turn|7
|
|t:|1756081002
|move|p2b: Arcanine|Protect|p2b: Arcanine
|-singleturn|p2b: Arcanine|Protect
|move|p2a: Gholdengo|Protect|p2a: Gholdengo
|-singleturn|p2a: Gholdengo|Protect
|move|p1a: Incineroar|Fake Out|p2b: Arcanine
|-activate|p2b: Arcanine|move: Protect
|move|p1b: Gholdengo|Make It Rain|p2a: Gholdengo|[spread] 
|-activate|p2a: Gholdengo|move: Protect
|-activate|p2b: Arcanine|move: Protect
|
|upkeep
|turn|8
|
|t:|1756081026
|move|p2b: Arcanine|Flare Blitz|p1b: Gholdengo
|-supereffective|p1b: Gholdengo
|-damage|p1b: Gholdengo|0 fnt
|faint|p1b: Gholdengo
|-damage|p2b: Arcanine|0 fnt|[from] Recoil
|faint|p2b: Arcanine
|move|p2a: Gholdengo|Shadow Ball|p1a: Incineroar
|-resisted|p1a: Incineroar
|-damage|p1a: Incineroar|0 fnt
|faint|p1a: Incineroar
|
|win|HeracrossVGC
|raw|jacre22's rating: 1322 → 1297(-25 for losing)
|raw|HeracrossVGC's rating: 1235 → 1266(+31 for winning)
|c|☆jacre22|ggs
|c|☆HeracrossVGC|Ggs
|l|☆HeracrossVGC
|player|p2|
