|j|☆UndeadParadox
|j|☆trevasvgc
|html|UndeadParadoxtrevasvgc    
|uhtml|bestof|Game 2 of a best-of-3
|t:|1756697376
|gametype|doubles
|player|p1|UndeadParadox|guitarist|1046
|player|p2|trevasvgc|sabrina|1117
|gen|9
|tier|[Gen 9] VGC 2025 Reg H (Bo3)
|rated|
|rule|Species Clause: Limit one of each Pokémon
|rule|Item Clause: Limit 1 of each item
|clearpoke
|poke|p1|Sneasler, L50, F|
|poke|p1|Rillaboom, L50, M|
|poke|p1|Incineroar, L50, M|
|poke|p1|Gholdengo, L50|
|poke|p1|Hydreigon, L50, M|
|poke|p1|Gengar, L50, F|
|poke|p2|Archaludon, L50, F|
|poke|p2|Dondozo, L50, M|
|poke|p2|Pelipper, L50, F|
|poke|p2|Sneasler, L50, M|
|poke|p2|Indeedee, L50, M|
|poke|p2|Tatsugiri, L50, M|
|teampreview|4
|showteam|p1|Sneasler||GrassySeed|Unburden|CloseCombat,DireClaw,Acrobatics,Protect|||F|||50|,,,,,Flying]Rillaboom||AssaultVest|GrassySurge|WoodHammer,GrassyGlide,FakeOut,HighHorsepower|||M|||50|,,,,,Fire]Incineroar||SafetyGoggles|Intimidate|FlareBlitz,KnockOff,PartingShot,FakeOut|||M|||50|,,,,,Ghost]Gholdengo||MetalCoat|GoodasGold|Protect,MakeItRain,ShadowBall,NastyPlot||||||50|,,,,,Water]Hydreigon||LifeOrb|Levitate|Flamethrower,DracoMeteor,DarkPulse,Protect|||M|||50|,,,,,Fire]Gengar||FocusSash|CursedBody|ShadowBall,Haze,Taunt,IcyWind|||F|||50|,,,,,Ghost
|showteam|p2|Archaludon||AssaultVest|Stamina|BodyPress,FlashCannon,ElectroShot,DracoMeteor|||F|||50|,,,,,Grass]Dondozo||SafetyGoggles|Unaware|WaveCrash,Protect,OrderUp,Earthquake|||M|||50|,,,,,Bug]Pelipper||ChoiceScarf|Drizzle|WeatherBall,Hurricane,Tailwind,MuddyWater|||F|||50|,,,,,Ghost]Sneasler||PsychicSeed|Unburden|ThroatChop,CloseCombat,Coaching,FakeOut|||M|||50|,,,,,Fighting]Indeedee||FocusSash|PsychicSurge|DazzlingGleam,Protect,HelpingHand,ExpandingForce|||M|||50|,,,,,Psychic]Tatsugiri||AbilityShield|Commander|MuddyWater,DracoMeteor,Taunt,Protect|||M|||50|,,,,,Ghost
|
|t:|1756697402
|teamsize|p1|4
|teamsize|p2|4
|start
|switch|p1a: Rillaboom|Rillaboom, L50, M|100/100
|switch|p1b: Gholdengo|Gholdengo, L50, shiny|100/100
|switch|p2a: Dio|Indeedee, L50, M, shiny|100/100
|switch|p2b: Pelipper|Pelipper, L50, F|100/100
|-weather|RainDance|[from] ability: Drizzle|[of] p2b: Pelipper
|-fieldstart|move: Psychic Terrain|[from] ability: Psychic Surge|[of] p2a: Dio
|-fieldstart|move: Grassy Terrain|[from] ability: Grassy Surge|[of] p1a: Rillaboom
|turn|1
|
|t:|1756697424
|switch|p2a: Archaludon|Archaludon, L50, F|100/100
|move|p1a: Rillaboom|Fake Out|p2b: Pelipper
|-damage|p2b: Pelipper|80/100
|cant|p2b: Pelipper|flinch
|move|p1b: Gholdengo|Nasty Plot|p1b: Gholdengo
|-boost|p1b: Gholdengo|spa|2
|
|-weather|RainDance|[upkeep]
|upkeep
|turn|2
|
|t:|1756697458
|move|p1b: Gholdengo|Protect|p1b: Gholdengo
|-singleturn|p1b: Gholdengo|Protect
|move|p2b: Pelipper|Tailwind|p2b: Pelipper
|-sidestart|p2: trevasvgc|move: Tailwind
|move|p2a: Archaludon|Electro Shot||[still]
|-prepare|p2a: Archaludon|Electro Shot
|-boost|p2a: Archaludon|spa|1
|-anim|p2a: Archaludon|Electro Shot|p1b: Gholdengo
|-activate|p1b: Gholdengo|move: Protect
|move|p1a: Rillaboom|Wood Hammer|p2b: Pelipper
|-damage|p2b: Pelipper|0 fnt
|faint|p2b: Pelipper
|-damage|p1a: Rillaboom|83/100|[from] Recoil
|
|-weather|RainDance|[upkeep]
|-heal|p1a: Rillaboom|89/100|[from] Grassy Terrain
|upkeep
|
|t:|1756697476
|switch|p2b: Dio|Indeedee, L50, M, shiny|100/100
|-fieldstart|move: Psychic Terrain|[from] ability: Psychic Surge|[of] p2b: Dio
|turn|3
|
|t:|1756697513
|switch|p1a: Gengar|Gengar, L50, F|100/100
|move|p2b: Dio|Expanding Force|p1b: Gholdengo|[spread] p1a,p1b
|-supereffective|p1a: Gengar
|-resisted|p1b: Gholdengo
|-enditem|p1a: Gengar|Focus Sash
|-damage|p1a: Gengar|1/100
|-damage|p1b: Gholdengo|69/100
|move|p2a: Archaludon|Electro Shot||[still]
|-prepare|p2a: Archaludon|Electro Shot
|-boost|p2a: Archaludon|spa|1
|-anim|p2a: Archaludon|Electro Shot|p1b: Gholdengo
|-damage|p1b: Gholdengo|0 fnt
|faint|p1b: Gholdengo
|
|-weather|RainDance|[upkeep]
|upkeep
|
|t:|1756697532
|switch|p1b: Rillaboom|Rillaboom, L50, M|89/100
|-fieldstart|move: Grassy Terrain|[from] ability: Grassy Surge|[of] p1b: Rillaboom
|turn|4
|
|t:|1756697580
|move|p2b: Dio|Helping Hand|p2a: Archaludon
|-singleturn|p2a: Archaludon|Helping Hand|[of] p2b: Dio
|move|p2a: Archaludon|Electro Shot||[still]
|-prepare|p2a: Archaludon|Electro Shot
|-boost|p2a: Archaludon|spa|1
|-anim|p2a: Archaludon|Electro Shot|p1b: Rillaboom
|-resisted|p1b: Rillaboom
|-damage|p1b: Rillaboom|36/100
|move|p1a: Gengar|Haze|p1a: Gengar
|-clearallboost
|move|p1b: Rillaboom|Wood Hammer|p2b: Dio
|-enditem|p2b: Dio|Focus Sash
|-damage|p2b: Dio|1/100
|-damage|p1b: Rillaboom|13/100|[from] Recoil
|
|-weather|RainDance|[upkeep]
|-heal|p2b: Dio|7/100|[from] Grassy Terrain
|-heal|p1a: Gengar|7/100|[from] Grassy Terrain
|-heal|p1b: Rillaboom|19/100|[from] Grassy Terrain
|upkeep
|turn|5
|
|t:|1756697631
|move|p1b: Rillaboom|Grassy Glide|p2b: Dio
|-damage|p2b: Dio|0 fnt
|faint|p2b: Dio
|move|p2a: Archaludon|Electro Shot||[still]
|-prepare|p2a: Archaludon|Electro Shot
|-boost|p2a: Archaludon|spa|1
|-anim|p2a: Archaludon|Electro Shot|p1a: Gengar
|-damage|p1a: Gengar|0 fnt
|-start|p2a: Archaludon|Disable|Electro Shot|[from] ability: Cursed Body|[of] p1a: Gengar
|faint|p1a: Gengar
|
|-weather|none
|-heal|p1b: Rillaboom|25/100|[from] Grassy Terrain
|-sideend|p2: trevasvgc|move: Tailwind
|upkeep
|
|t:|1756697651
|switch|p1a: Sneasler|Sneasler, L50, F, shiny|100/100
|switch|p2b: Sneasler|Sneasler, L50, M|100/100
|-enditem|p1a: Sneasler|Grassy Seed
|-boost|p1a: Sneasler|def|1|[from] item: Grassy Seed
|turn|6
|
|t:|1756697702
|-terastallize|p1a: Sneasler|Flying
|move|p2b: Sneasler|Fake Out|p1a: Sneasler
|-damage|p1a: Sneasler|83/100
|cant|p1a: Sneasler|flinch
|move|p2a: Archaludon|Flash Cannon|p1b: Rillaboom
|-damage|p1b: Rillaboom|0 fnt
|faint|p1b: Rillaboom
|
|upkeep
|turn|7
|
|t:|1756697725
|-terastallize|p2b: Sneasler|Fighting
|move|p1a: Sneasler|Acrobatics|p2b: Sneasler
|-supereffective|p2b: Sneasler
|-damage|p2b: Sneasler|0 fnt
|faint|p2b: Sneasler
|move|p2a: Archaludon|Draco Meteor|p1a: Sneasler
|-crit|p1a: Sneasler
|-damage|p1a: Sneasler|0 fnt
|-unboost|p2a: Archaludon|spa|2
|faint|p1a: Sneasler
|
|win|trevasvgc
||trevasvgc is ready for game 3.
||UndeadParadox is ready for game 3.
|uhtml|next|Next: Game 3 of 3
|l|☆trevasvgc
|player|p2|
