|j|☆SeymoursLeftToeVGC
|j|☆MoliSodio
|html|SeymoursLeftToeVGCMoliSodio    
|uhtml|bestof|Game 2 of a best-of-3
|t:|1782261369
|gametype|doubles
|player|p1|SeymoursLeftToeVGC|ninjaboy|1101
|player|p2|MoliSodio|rosa|1046
|gen|9
|tier|[Gen 9 Champions] VGC 2026 Reg M-B (Bo3)
|rated|
|rule|Species Clause: Limit one of each Pokémon
|rule|Item Clause: Limit 1 of each item
|clearpoke
|poke|p1|Whimsicott, L50, F, shiny|
|poke|p1|Typhlosion-Hisui, L50, M, shiny|
|poke|p1|Farigiraf, L50, F|
|poke|p1|Sceptile, L50, M, shiny|
|poke|p1|Rotom-Wash, L50, shiny|
|poke|p1|Tyranitar, L50, M, shiny|
|poke|p2|Staraptor, L50, M|
|poke|p2|Grimmsnarl, L50, M|
|poke|p2|Aerodactyl, L50, M|
|poke|p2|Sylveon, L50, F|
|poke|p2|Sinistcha-Masterpiece, L50|
|poke|p2|Gholdengo, L50|
|teampreview|4
|showteam|p1|Whimsicott||FocusSash|Prankster|Moonblast,FakeTears,SunnyDay,Tailwind|Modest||F|||50|]Typhlosion-Hisui||Charcoal|Blaze|Eruption,Protect,ShadowBall,HeatWave|Modest||M|||50|]Farigiraf||LifeOrb|ArmorTail|HyperVoice,TwinBeam,Protect,HelpingHand|Modest||F|||50|]Sceptile||Sceptilite|Overgrow|FrenzyPlant,DragonPulse,Protect,GigaDrain|Timid||M|||50|]Rotom-Wash||ChoiceScarf|Levitate|HydroPump,Discharge,VoltSwitch,Electroweb|Timid|||||50|]Tyranitar||Tyranitarite|SandStream|RockSlide,KnockOff,Protect,DragonDance|Adamant||M|||50|
|showteam|p2|Staraptor||Staraptite|Intimidate|CloseCombat,BraveBird,Roost,Protect|Jolly||M|||50|]Grimmsnarl||LightClay|Prankster|ScaryFace,SpiritBreak,PartingShot,Reflect|Impish||M|||50|]Aerodactyl||FocusSash|Unnerve|Tailwind,DualWingbeat,RockSlide,Protect|Jolly||M|||50|]Sylveon||Leftovers|Pixilate|HyperBeam,HyperVoice,Protect,QuickAttack|Modest||F|||50|]Sinistcha-Masterpiece|||Hospitality|TrickRoom,MatchaGotcha,StrengthSap,RagePowder|Relaxed|||||50|]Gholdengo||LifeOrb|GoodasGold|MakeItRain,ShadowBall,Protect,PowerGem|Modest|||||50|
|inactive|Battle timer is ON: inactive players will automatically lose when time's up. (requested by SeymoursLeftToeVGC)
|inactive|SeymoursLeftToeVGC has 60 seconds left.
|inactive|MoliSodio has 60 seconds left.
|inactive|MoliSodio has 30 seconds left.
|
|t:|1782261436
|teamsize|p1|4
|teamsize|p2|4
|start
|switch|p1a: Whimsicott|Whimsicott, L50, F, shiny|100/100
|switch|p1b: Typhlosion|Typhlosion-Hisui, L50, M, shiny|100/100
|switch|p2a: Gholdengo|Gholdengo, L50|100/100
|switch|p2b: Aerodactyl|Aerodactyl, L50, M|100/100
|-ability|p2b: Aerodactyl|Unnerve
|turn|1
|inactive|MoliSodio has 30 seconds left.
|
|t:|1782261464
|move|p1b: Typhlosion|Protect|p1b: Typhlosion
|-singleturn|p1b: Typhlosion|Protect
|move|p2a: Gholdengo|Protect|p2a: Gholdengo
|-singleturn|p2a: Gholdengo|Protect
|move|p1a: Whimsicott|Tailwind|p1a: Whimsicott
|-sidestart|p1: SeymoursLeftToeVGC|move: Tailwind
|move|p2b: Aerodactyl|Tailwind|p2b: Aerodactyl
|-sidestart|p2: MoliSodio|move: Tailwind
|
|upkeep
|turn|2
|inactive|MoliSodio has 30 seconds left.
|inactive|MoliSodio has 20 seconds left.
|inactive|MoliSodio has 15 seconds left.
|inactive|MoliSodio has 10 seconds left.
|
|t:|1782261513
|switch|p2a: Grimmsnarl|Grimmsnarl, L50, M|100/100
|move|p1a: Whimsicott|Fake Tears|p2b: Aerodactyl
|-unboost|p2b: Aerodactyl|spd|2
|move|p2b: Aerodactyl|Dual Wingbeat|p1a: Whimsicott
|-supereffective|p1a: Whimsicott|1
|-damage|p1a: Whimsicott|43/100
|-supereffective|p1a: Whimsicott|1
|-damage|p1a: Whimsicott|0 fnt
|faint|p1a: Whimsicott
|-hitcount|p1: Whimsicott|2
|move|p1b: Typhlosion|Eruption|p2b: Aerodactyl|[spread] p2a,p2b
|-resisted|p2b: Aerodactyl|1
|-damage|p2a: Grimmsnarl|18/100
|-enditem|p2b: Aerodactyl|Focus Sash
|-damage|p2b: Aerodactyl|1/100
|
|upkeep
|
|t:|1782261528
|switch|p1a: Farigiraf|Farigiraf, L50, F|100/100
|turn|3
|inactive|MoliSodio has 30 seconds left.
|
|t:|1782261556
|move|p1b: Typhlosion|Protect|p1b: Typhlosion
|-singleturn|p1b: Typhlosion|Protect
|move|p2a: Grimmsnarl|Reflect|p2a: Grimmsnarl
|-sidestart|p2: MoliSodio|Reflect
|move|p2b: Aerodactyl|Rock Slide|p1a: Farigiraf|[spread] p1a
|-activate|p1b: Typhlosion|move: Protect
|-damage|p1a: Farigiraf|70/100
|cant|p1a: Farigiraf|flinch
|
|upkeep
|turn|4
|inactive|MoliSodio has 30 seconds left.
|inactive|MoliSodio has 20 seconds left.
|inactive|MoliSodio has 15 seconds left.
|inactive|MoliSodio has 10 seconds left.
|inactive|MoliSodio has 5 seconds left.
|
|t:|1782261611
|move|p1a: Farigiraf|Helping Hand|p1b: Typhlosion
|-singleturn|p1b: Typhlosion|Helping Hand|[of] p1a: Farigiraf
|move|p2a: Grimmsnarl|Scary Face||[still]
|cant|p1a: Farigiraf|ability: Armor Tail|Scary Face|[of] p2a: Grimmsnarl
|move|p2b: Aerodactyl|Tailwind||[still]
|-fail|p2b: Aerodactyl
|move|p1b: Typhlosion|Heat Wave|p2b: Aerodactyl|[spread] p2a,p2b
|-resisted|p2b: Aerodactyl|1
|-damage|p2a: Grimmsnarl|0 fnt
|-damage|p2b: Aerodactyl|0 fnt
|faint|p2a: Grimmsnarl
|faint|p2b: Aerodactyl
|
|-sideend|p2: MoliSodio|move: Tailwind
|-sideend|p1: SeymoursLeftToeVGC|move: Tailwind
|upkeep
|
|t:|1782261620
|switch|p2b: Staraptor|Staraptor, L50, M|100/100
|switch|p2a: Gholdengo|Gholdengo, L50|100/100
|-ability|p2b: Staraptor|Intimidate|boost
|-unboost|p1a: Farigiraf|atk|1
|-unboost|p1b: Typhlosion|atk|1
|turn|5
|inactive|MoliSodio has 30 seconds left.
|
|t:|1782261646
|detailschange|p2b: Staraptor|Staraptor-Mega, L50, M
|-mega|p2b: Staraptor|Staraptor|Staraptite
|move|p2b: Staraptor|Close Combat|p1a: Farigiraf
|-damage|p1a: Farigiraf|0 fnt
|-boost|p2b: Staraptor|def|1
|-boost|p2b: Staraptor|spd|1
|faint|p1a: Farigiraf
|move|p1b: Typhlosion|Heat Wave|p2a: Gholdengo|[spread] p2b
|-miss|p1b: Typhlosion|p2a: Gholdengo
|-damage|p2b: Staraptor|60/100
|move|p2a: Gholdengo|Power Gem|p1b: Typhlosion
|-supereffective|p1b: Typhlosion|1
|-damage|p1b: Typhlosion|0 fnt
|faint|p1b: Typhlosion
|-damage|p2a: Gholdengo|90/100|[from] item: Life Orb
|
|upkeep
|
|t:|1782261665
|switch|p1b: Rotom|Rotom-Wash, L50, shiny|100/100
|turn|6
|
|t:|1782261675
|move|p1b: Rotom|Discharge|p2a: Gholdengo|[spread] p2a,p2b
|-crit|p2a: Gholdengo
|-supereffective|p2b: Staraptor|1
|-damage|p2a: Gholdengo|45/100
|-damage|p2b: Staraptor|18/100
|move|p2b: Staraptor|Close Combat|p1b: Rotom
|-damage|p1b: Rotom|10/100
|-boost|p2b: Staraptor|def|1
|-boost|p2b: Staraptor|spd|1
|move|p2a: Gholdengo|Shadow Ball|p1b: Rotom
|-damage|p1b: Rotom|0 fnt
|faint|p1b: Rotom
|-damage|p2a: Gholdengo|35/100|[from] item: Life Orb
|
|win|MoliSodio
|raw|SeymoursLeftToeVGC's rating: 1101 → 1072(-29 for losing)
|raw|MoliSodio's rating: 1046 → 1084(+38 for winning)
