|j|☆freudianbreath
|j|☆spongebob601
|html|freudianbreathspongebob601    
|uhtml|bestof|Game 2 of a best-of-3
|t:|1756708105
|gametype|doubles
|player|p1|freudianbreath|266|1004
|player|p2|spongebob601|169|1036
|gen|9
|tier|[Gen 9] VGC 2025 Reg H (Bo3)
|rated|
|rule|Species Clause: Limit one of each Pokémon
|rule|Item Clause: Limit 1 of each item
|clearpoke
|poke|p1|Indeedee-F, L50, F|
|poke|p1|Tyranitar, L50, M|
|poke|p1|Whimsicott, L50, F|
|poke|p1|Amoonguss, L50, F|
|poke|p1|Annihilape, L50, F|
|poke|p1|Gholdengo, L50|
|poke|p2|Dondozo, L50, F|
|poke|p2|Incineroar, L50, M|
|poke|p2|Tatsugiri-Droopy, L50, M|
|poke|p2|Glimmora, L50, M|
|poke|p2|Rillaboom, L50, M|
|poke|p2|Gliscor, L50, F|
|teampreview|4
|showteam|p1|Indeedee-F||SafetyGoggles|PsychicSurge|FollowMe,TrickRoom,HelpingHand,DazzlingGleam|||F|||50|,,,,,Fairy]Tyranitar||AssaultVest|SandStream|KnockOff,RockSlide,TeraBlast,LowKick|||M|||50|,,,,,Flying]Whimsicott||CovertCloak|Prankster|Tailwind,Moonblast,Encore,HelpingHand|||F|||50|,,,,,Water]Amoonguss||RockyHelmet|Regenerator|PollenPuff,Spore,RagePowder,Protect|||F|||50|,,,,,Fairy]Annihilape||Leftovers|Defiant|DrainPunch,RageFist,BulkUp,Protect|||F|||50|,,,,,Fire]Gholdengo||ChoiceSpecs|GoodasGold|MakeItRain,ShadowBall,Thunderbolt,Trick||||||50|,,,,,Steel
|showteam|p2|Dondozo||Leftovers|Unaware|BodyPress,Protect,OrderUp,Waterfall|||F|||50|,,,,,Grass]Incineroar||AssaultVest|Intimidate|FlareBlitz,FakeOut,KnockOff,Uturn|||M|||50|,,,,,Ghost]Tatsugiri-Droopy||FocusSash|Commander|IcyWind,DracoMeteor,MuddyWater,Protect|||M|||50|,,,,,Water]Glimmora||PowerHerb|ToxicDebris|MeteorBeam,MortalSpin,EarthPower,SpikyShield|||M|||50|,,,,,Grass]Rillaboom||GrassySeed|GrassySurge|GrassyGlide,Acrobatics,FakeOut,HighHorsepower|||M|||50|,,,,,Fire]Gliscor||ToxicOrb|PoisonHeal|StealthRock,DualWingbeat,Protect,HighHorsepower|||F|||50|,,,,,Water
|inactive|Battle timer is ON: inactive players will automatically lose when time's up. (requested by spongebob601)
|inactive|freudianbreath has 60 seconds left.
|inactive|freudianbreath has 30 seconds left.
|inactive|freudianbreath has 20 seconds left.
|inactive|freudianbreath has 15 seconds left.
|inactive|freudianbreath has 10 seconds left.
|inactive|freudianbreath has 5 seconds left.
|
|t:|1756708196
|teamsize|p1|4
|teamsize|p2|4
|start
|switch|p1a: Tyranitar|Tyranitar, L50, M|100/100
|switch|p1b: Amoonguss|Amoonguss, L50, F|100/100
|switch|p2a: Glimmora|Glimmora, L50, M|100/100
|switch|p2b: Gliscor|Gliscor, L50, F|100/100
|-weather|Sandstorm|[from] ability: Sand Stream|[of] p1a: Tyranitar
|turn|1
|inactive|freudianbreath has 30 seconds left.
|inactive|spongebob601 has 30 seconds left.
|inactive|freudianbreath has 20 seconds left.
|inactive|spongebob601 has 20 seconds left.
|inactive|freudianbreath has 15 seconds left.
|inactive|freudianbreath has 10 seconds left.
|inactive|freudianbreath has 5 seconds left.
|
|t:|1756708247
|switch|p1b: Indeedee|Indeedee-F, L50, F|100/100
|-fieldstart|move: Psychic Terrain|[from] ability: Psychic Surge|[of] p1b: Indeedee
|move|p2b: Gliscor|Dual Wingbeat|p1b: Indeedee
|-damage|p1b: Indeedee|86/100
|-damage|p1b: Indeedee|73/100
|-hitcount|p1b: Indeedee|2
|move|p2a: Glimmora|Mortal Spin|p1a: Tyranitar|[spread] p1a,p1b
|-resisted|p1a: Tyranitar
|-damage|p1a: Tyranitar|98/100
|-damage|p1b: Indeedee|69/100
|-status|p1a: Tyranitar|psn
|-status|p1b: Indeedee|psn
|move|p1a: Tyranitar|Knock Off|p2b: Gliscor
|-damage|p2b: Gliscor|59/100
|-enditem|p2b: Gliscor|Toxic Orb|[from] move: Knock Off|[of] p1a: Tyranitar
|
|-weather|Sandstorm|[upkeep]
|-damage|p1a: Tyranitar|86/100 psn|[from] psn
|-damage|p1b: Indeedee|56/100 psn|[from] psn
|upkeep
|turn|2
|inactive|freudianbreath has 30 seconds left.
|inactive|spongebob601 has 30 seconds left.
|inactive|freudianbreath has 20 seconds left.
|inactive|spongebob601 has 20 seconds left.
|inactive|freudianbreath has 15 seconds left.
|inactive|spongebob601 has 15 seconds left.
|inactive|freudianbreath has 10 seconds left.
|inactive|freudianbreath has 5 seconds left.
|
|t:|1756708300
|move|p1b: Indeedee|Follow Me|p1b: Indeedee
|-singleturn|p1b: Indeedee|move: Follow Me
|move|p2b: Gliscor|Stealth Rock|p1a: Tyranitar
|-sidestart|p1: freudianbreath|move: Stealth Rock
|move|p2a: Glimmora|Meteor Beam||[still]
|-prepare|p2a: Glimmora|Meteor Beam
|-boost|p2a: Glimmora|spa|1
|-enditem|p2a: Glimmora|Power Herb
|-anim|p2a: Glimmora|Meteor Beam|p1b: Indeedee|[miss]
|-miss|p2a: Glimmora|p1b: Indeedee
|move|p1a: Tyranitar|Rock Slide|p2a: Glimmora|[spread] p2a,p2b
|-damage|p2a: Glimmora|74/100
|-damage|p2b: Gliscor|36/100
|-activate|p2a: Glimmora|ability: Toxic Debris
|-sidestart|p1: freudianbreath|move: Toxic Spikes
|
|-weather|Sandstorm|[upkeep]
|-damage|p1a: Tyranitar|74/100 psn|[from] psn
|-damage|p1b: Indeedee|44/100 psn|[from] psn
|upkeep
|turn|3
|inactive|freudianbreath has 30 seconds left.
|inactive|freudianbreath has 20 seconds left.
|inactive|freudianbreath has 15 seconds left.
|inactive|freudianbreath has 10 seconds left.
|
|t:|1756708347
|move|p2b: Gliscor|Protect|p2b: Gliscor
|-singleturn|p2b: Gliscor|Protect
|move|p2a: Glimmora|Spiky Shield|p2a: Glimmora
|-singleturn|p2a: Glimmora|move: Protect
|move|p1b: Indeedee|Follow Me|p1b: Indeedee
|-singleturn|p1b: Indeedee|move: Follow Me
|move|p1a: Tyranitar|Rock Slide|p2b: Gliscor|[spread] 
|-activate|p2a: Glimmora|move: Protect
|-activate|p2b: Gliscor|move: Protect
|
|-weather|Sandstorm|[upkeep]
|-damage|p1a: Tyranitar|61/100 psn|[from] psn
|-damage|p1b: Indeedee|32/100 psn|[from] psn
|upkeep
|turn|4
|inactive|spongebob601 has 30 seconds left.
|
|t:|1756708375
|move|p1b: Indeedee|Follow Me|p1b: Indeedee
|-singleturn|p1b: Indeedee|move: Follow Me
|move|p2b: Gliscor|High Horsepower|p1b: Indeedee|[miss]
|-miss|p2b: Gliscor|p1b: Indeedee
|move|p2a: Glimmora|Earth Power|p1b: Indeedee
|-damage|p1b: Indeedee|0 fnt
|faint|p1b: Indeedee
|move|p1a: Tyranitar|Rock Slide|p2a: Glimmora|[spread] p2a,p2b
|-damage|p2a: Glimmora|45/100
|-damage|p2b: Gliscor|12/100
|-activate|p2a: Glimmora|ability: Toxic Debris
|-sidestart|p1: freudianbreath|move: Toxic Spikes
|
|-weather|Sandstorm|[upkeep]
|-damage|p1a: Tyranitar|49/100 psn|[from] psn
|upkeep
|
|t:|1756708398
|switch|p1b: Amoonguss|Amoonguss, L50, F|100/100
|-damage|p1b: Amoonguss|88/100|[from] Stealth Rock
|-sideend|p1: freudianbreath|move: Toxic Spikes|[of] p1b: Amoonguss
|turn|5
|inactive|freudianbreath has 30 seconds left.
|inactive|spongebob601 has 30 seconds left.
|inactive|freudianbreath has 20 seconds left.
|inactive|freudianbreath has 15 seconds left.
|inactive|freudianbreath has 10 seconds left.
|
|t:|1756708445
|switch|p1a: Gholdengo|Gholdengo, L50|100/100
|-damage|p1a: Gholdengo|94/100|[from] Stealth Rock
|move|p1b: Amoonguss|Rage Powder|p1b: Amoonguss
|-singleturn|p1b: Amoonguss|move: Rage Powder
|move|p2b: Gliscor|Dual Wingbeat|p1b: Amoonguss
|-supereffective|p1b: Amoonguss
|-damage|p1b: Amoonguss|66/100
|-damage|p2b: Gliscor|0 fnt|[from] item: Rocky Helmet|[of] p1b: Amoonguss
|faint|p2b: Gliscor
|-hitcount|p1b: Amoonguss|1
|move|p2a: Glimmora|Earth Power|p1b: Amoonguss
|-crit|p1b: Amoonguss
|-damage|p1b: Amoonguss|19/100
|
|-weather|none
|-fieldend|move: Psychic Terrain
|upkeep
|inactive|spongebob601 has 30 seconds left.
|
|t:|1756708471
|switch|p2b: Dondozo|Dondozo, L50, F|100/100
|turn|6
|inactive|freudianbreath has 30 seconds left.
|inactive|freudianbreath has 20 seconds left.
|inactive|freudianbreath has 15 seconds left.
|
|t:|1756708513
|switch|p2a: Tatsugiri|Tatsugiri-Droopy, L50, M|100/100
|-activate|p2a: Tatsugiri|ability: Commander|[of] p2b: Dondozo
|-boost|p2b: Dondozo|atk|2
|-boost|p2b: Dondozo|spa|2
|-boost|p2b: Dondozo|spe|2
|-boost|p2b: Dondozo|def|2
|-boost|p2b: Dondozo|spd|2
|move|p2b: Dondozo|Protect|p2b: Dondozo
|-singleturn|p2b: Dondozo|Protect
|move|p1b: Amoonguss|Rage Powder|p1b: Amoonguss
|-singleturn|p1b: Amoonguss|move: Rage Powder
|move|p1a: Gholdengo|Trick|p2b: Dondozo
|-activate|p2b: Dondozo|move: Protect
|
|upkeep
|turn|7
|inactive|freudianbreath has 30 seconds left.
|inactive|spongebob601 has 30 seconds left.
|inactive|freudianbreath has 20 seconds left.
|inactive|spongebob601 has 20 seconds left.
|inactive|freudianbreath has 15 seconds left.
|
|t:|1756708554
|move|p1a: Gholdengo|Trick|p2b: Dondozo
|-activate|p1a: Gholdengo|move: Trick|[of] p2b: Dondozo
|-item|p2b: Dondozo|Choice Specs|[from] move: Trick
|-item|p1a: Gholdengo|Leftovers|[from] move: Trick
|move|p2b: Dondozo|Waterfall|p1a: Gholdengo
|-damage|p1a: Gholdengo|35/100
|move|p1b: Amoonguss|Spore|p2b: Dondozo
|-status|p2b: Dondozo|slp|[from] move: Spore
|
|-heal|p1a: Gholdengo|41/100|[from] item: Leftovers
|upkeep
|turn|8
|
|t:|1756708574
|move|p1a: Gholdengo|Thunderbolt|p2b: Dondozo
|-supereffective|p2b: Dondozo
|-damage|p2b: Dondozo|72/100 slp
|cant|p2b: Dondozo|slp
|move|p1b: Amoonguss|Pollen Puff|p1a: Gholdengo
|-heal|p1a: Gholdengo|91/100
|
|-heal|p1a: Gholdengo|97/100|[from] item: Leftovers
|upkeep
|turn|9
|inactive|freudianbreath has 30 seconds left.
|
|t:|1756708601
|move|p1a: Gholdengo|Thunderbolt|p2b: Dondozo
|-supereffective|p2b: Dondozo
|-crit|p2b: Dondozo
|-damage|p2b: Dondozo|0 fnt
|faint|p2b: Dondozo
|move|p1b: Amoonguss|Pollen Puff|p1a: Gholdengo
|-heal|p1a: Gholdengo|100/100
|
|upkeep
|
|t:|1756708609
|switch|p2b: Glimmora|Glimmora, L50, M|45/100
|turn|10
|inactive|freudianbreath has 30 seconds left.
|inactive|spongebob601 has 30 seconds left.
|inactive|freudianbreath has 20 seconds left.
|inactive|freudianbreath has 15 seconds left.
|
|t:|1756708652
|-terastallize|p2a: Tatsugiri|Water
|move|p1a: Gholdengo|Make It Rain|p2b: Glimmora|[spread] p2a,p2b
|-resisted|p2a: Tatsugiri
|-supereffective|p2b: Glimmora
|-damage|p2a: Tatsugiri|65/100
|-damage|p2b: Glimmora|0 fnt
|-unboost|p1a: Gholdengo|spa|1
|faint|p2b: Glimmora
|move|p2a: Tatsugiri|Muddy Water|p1a: Gholdengo|[spread] p1b
|-miss|p2a: Tatsugiri|p1a: Gholdengo
|-resisted|p1b: Amoonguss
|-damage|p1b: Amoonguss|0 fnt
|faint|p1b: Amoonguss
|
|upkeep
|
|t:|1756708656
|switch|p1b: Tyranitar|Tyranitar, L50, M|49/100 psn
|-damage|p1b: Tyranitar|36/100 psn|[from] Stealth Rock
|-weather|Sandstorm|[from] ability: Sand Stream|[of] p1b: Tyranitar
|turn|11
|inactive|freudianbreath has 30 seconds left.
|inactive|freudianbreath has 20 seconds left.
|inactive|freudianbreath has 15 seconds left.
|
|t:|1756708680
|move|p2a: Tatsugiri|Protect|p2a: Tatsugiri
|-singleturn|p2a: Tatsugiri|Protect
|move|p1a: Gholdengo|Thunderbolt|p2a: Tatsugiri
|-activate|p2a: Tatsugiri|move: Protect
|move|p1b: Tyranitar|Knock Off|p2a: Tatsugiri
|-activate|p2a: Tatsugiri|move: Protect
|
|-weather|Sandstorm|[upkeep]
|-damage|p2a: Tatsugiri|59/100|[from] Sandstorm
|-damage|p1b: Tyranitar|24/100 psn|[from] psn
|upkeep
|turn|12
|inactive|freudianbreath has 15 seconds left this turn.
|
|t:|1756708692
|move|p1a: Gholdengo|Thunderbolt|p2a: Tatsugiri
|-supereffective|p2a: Tatsugiri
|-damage|p2a: Tatsugiri|0 fnt
|faint|p2a: Tatsugiri
|
|win|freudianbreath
||spongebob601 is ready for game 3.
||freudianbreath is ready for game 3.
|uhtml|next|Next: Game 3 of 3
