|j|☆nupe_123
|j|☆junior10or
|html|nupe_123junior10or    
|uhtml|bestof|Game 2 of a best-of-3
|t:|1785235095
|gametype|doubles
|player|p1|nupe_123|1|1135
|player|p2|junior10or|102|1126
|gen|9
|tier|[Gen 9 Champions] VGC 2026 Reg M-B (Bo3)
|rated|
|rule|Species Clause: Limit one of each Pokémon
|rule|Item Clause: Limit 1 of each item
|clearpoke
|poke|p1|Froslass, L50, F|
|poke|p1|Garchomp, L50, M, shiny|
|poke|p1|Incineroar, L50, M, shiny|
|poke|p1|Kingambit, L50, F, shiny|
|poke|p1|Glimmora, L50, F|
|poke|p1|Farigiraf, L50, M, shiny|
|poke|p2|Charizard, L50, M|
|poke|p2|Venusaur, L50, F|
|poke|p2|Basculegion, L50, M|
|poke|p2|Archaludon, L50, F|
|poke|p2|Pelipper, L50, M|
|poke|p2|Grimmsnarl, L50, M|
|teampreview|4
|showteam|p1|Froslass||Froslassite|CursedBody|Blizzard,ShadowBall,AuroraVeil,Protect|Timid||F|||50|]Garchomp||LifeOrb|RoughSkin|RockSlide,DragonClaw,StompingTantrum,Protect|Jolly||M|||50|]Incineroar||SitrusBerry|Intimidate|FlareBlitz,ThroatChop,FakeOut,PartingShot|Impish||M|||50|]Kingambit||BlackGlasses|Defiant|KowtowCleave,SuckerPunch,LowKick,Protect|Brave||F|||50|]Glimmora||FocusSash|ToxicDebris|PowerGem,SludgeBomb,EarthPower,SpikyShield|Modest||F|||50|]Farigiraf||ColburBerry|ArmorTail|Psychic,Thunderbolt,TrickRoom,HelpingHand|Relaxed||M|||50|
|showteam|p2|Charizard||CharizarditeY|Blaze|HeatWave,Protect,SolarBeam,DragonPulse|Timid||M|||50|]Venusaur||LifeOrb|Chlorophyll|EarthPower,SludgeWave,SolarBeam,WeatherBall|Modest||F|||50|]Basculegion||ChoiceScarf|Adaptability|FlipTurn,LastRespects,PsychicFangs,WaveCrash|Jolly||M|||50|]Archaludon||Leftovers|Sturdy|AuraSphere,ElectroShot,FlashCannon,DragonPulse|Timid||F|||50|]Pelipper||FocusSash|Drizzle|Tailwind,Hurricane,WeatherBall,WideGuard|Modest||M|||50|]Grimmsnarl||LightClay|Prankster|FakeOut,Reflect,LightScreen,PartingShot|Careful||M|||50|
|inactive|Battle timer is ON: inactive players will automatically lose when time's up. (requested by junior10or)
|inactive|nupe_123 has 60 seconds left.
|
|t:|1785235141
|teamsize|p1|4
|teamsize|p2|4
|start
|switch|p1a: Garchomp|Garchomp, L50, M, shiny|100/100
|switch|p1b: Incineroar|Incineroar, L50, M, shiny|100/100
|switch|p2a: Pelipper|Pelipper, L50, M|100/100
|switch|p2b: Charizard|Charizard, L50, M|100/100
|-weather|RainDance|[from] ability: Drizzle|[of] p2a: Pelipper
|-ability|p1b: Incineroar|Intimidate|boost
|-unboost|p2a: Pelipper|atk|1
|-unboost|p2b: Charizard|atk|1
|turn|1
|inactive|nupe_123 has 30 seconds left.
|inactive|junior10or has 30 seconds left.
|inactive|junior10or has 20 seconds left.
|inactive|junior10or has 15 seconds left.
|
|t:|1785235182
|move|p2a: Pelipper|Wide Guard|p2a: Pelipper
|-singleturn|p2a: Pelipper|Wide Guard
|move|p1b: Incineroar|Fake Out|p2a: Pelipper
|-damage|p2a: Pelipper|89/100
|move|p1a: Garchomp|Rock Slide|p2a: Pelipper|[spread] 
|-activate|p2a: Pelipper|move: Wide Guard
|-activate|p2b: Charizard|move: Wide Guard
|move|p2b: Charizard|Dragon Pulse|p1a: Garchomp
|-supereffective|p1a: Garchomp|1
|-damage|p1a: Garchomp|45/100
|
|-weather|RainDance|[upkeep]
|upkeep
|turn|2
|
|t:|1785235206
|detailschange|p2b: Charizard|Charizard-Mega-Y, L50, M
|-mega|p2b: Charizard|Charizard|Charizardite Y
|-weather|SunnyDay|[from] ability: Drought|[of] p2b: Charizard
|move|p1a: Garchomp|Protect|p1a: Garchomp
|-singleturn|p1a: Garchomp|Protect
|move|p2b: Charizard|Dragon Pulse|p1a: Garchomp
|-activate|p1a: Garchomp|move: Protect
|move|p2a: Pelipper|Tailwind|p2a: Pelipper
|-sidestart|p2: junior10or|move: Tailwind
|move|p1b: Incineroar|Parting Shot|p2a: Pelipper
|-unboost|p2a: Pelipper|atk|1
|-unboost|p2a: Pelipper|spa|1
|
|t:|1785235227
|switch|p1b: Glimmora|Glimmora, L50, F|100/100|[from] Parting Shot
|
|-weather|SunnyDay|[upkeep]
|upkeep
|turn|3
|inactive|junior10or has 30 seconds left.
|inactive|nupe_123 has 30 seconds left.
|
|t:|1785235257
|switch|p2a: Archaludon|Archaludon, L50, F|100/100
|move|p2b: Charizard|Dragon Pulse|p1a: Garchomp
|-supereffective|p1a: Garchomp|1
|-damage|p1a: Garchomp|0 fnt
|faint|p1a: Garchomp
|move|p1b: Glimmora|Power Gem|p2b: Charizard
|-supereffective|p2b: Charizard|2
|-damage|p2b: Charizard|0 fnt
|faint|p2b: Charizard
|
|-weather|SunnyDay|[upkeep]
|upkeep
|inactive|nupe_123 has 30 seconds left.
|
|t:|1785235292
|switch|p1a: Froslass|Froslass, L50, F|100/100
|switch|p2b: Venusaur|Venusaur, L50, F|100/100
|turn|4
|
|t:|1785235310
|move|p1a: Froslass|Protect|p1a: Froslass
|-singleturn|p1a: Froslass|Protect
|move|p1b: Glimmora|Spiky Shield|p1b: Glimmora
|-singleturn|p1b: Glimmora|move: Protect
|move|p2b: Venusaur|Earth Power|p1b: Glimmora
|-activate|p1b: Glimmora|move: Protect
|move|p2a: Archaludon|Flash Cannon|p1a: Froslass
|-activate|p1a: Froslass|move: Protect
|
|-weather|SunnyDay|[upkeep]
|upkeep
|turn|5
|inactive|nupe_123 has 30 seconds left.
|
|t:|1785235338
|switch|p1a: Incineroar|Incineroar, L50, M, shiny|100/100
|-ability|p1a: Incineroar|Intimidate|boost
|-unboost|p2a: Archaludon|atk|1
|-unboost|p2b: Venusaur|atk|1
|move|p2b: Venusaur|Weather Ball|p1b: Glimmora
|-resisted|p1b: Glimmora|1
|-damage|p1b: Glimmora|62/100
|-damage|p2b: Venusaur|90/100|[from] item: Life Orb
|move|p2a: Archaludon|Flash Cannon|p1a: Incineroar
|-resisted|p1a: Incineroar|1
|-damage|p1a: Incineroar|82/100
|move|p1b: Glimmora|Earth Power|p2a: Archaludon
|-supereffective|p2a: Archaludon|1
|-ability|p2a: Archaludon|Sturdy
|-damage|p2a: Archaludon|1/100
|
|-weather|SunnyDay|[upkeep]
|-heal|p2a: Archaludon|6/100|[from] item: Leftovers
|-sideend|p2: junior10or|move: Tailwind
|upkeep
|turn|6
|inactive|nupe_123 has 30 seconds left.
|inactive|junior10or has 30 seconds left.
|inactive|nupe_123 has 20 seconds left.
|inactive|nupe_123 has 15 seconds left.
|
|t:|1785235379
|move|p1a: Incineroar|Fake Out|p2b: Venusaur
|-damage|p2b: Venusaur|76/100
|cant|p2b: Venusaur|flinch
|move|p2a: Archaludon|Aura Sphere|p1a: Incineroar
|-supereffective|p1a: Incineroar|1
|-damage|p1a: Incineroar|33/100
|-enditem|p1a: Incineroar|Sitrus Berry|[eat]
|-heal|p1a: Incineroar|58/100|[from] item: Sitrus Berry
|move|p1b: Glimmora|Power Gem|p2b: Venusaur
|-damage|p2b: Venusaur|28/100
|
|-weather|none
|-heal|p2a: Archaludon|12/100|[from] item: Leftovers
|upkeep
|turn|7
|inactive|nupe_123 has 30 seconds left.
|inactive|junior10or has 30 seconds left.
|
|t:|1785235412
|move|p2a: Archaludon|Aura Sphere|p1a: Incineroar
|-supereffective|p1a: Incineroar|1
|-damage|p1a: Incineroar|9/100
|move|p2b: Venusaur|Earth Power|p1a: Incineroar
|-supereffective|p1a: Incineroar|1
|-damage|p1a: Incineroar|0 fnt
|faint|p1a: Incineroar
|-damage|p2b: Venusaur|18/100|[from] item: Life Orb
|move|p1b: Glimmora|Power Gem|p2b: Venusaur
|-damage|p2b: Venusaur|0 fnt
|faint|p2b: Venusaur
|
|-heal|p2a: Archaludon|18/100|[from] item: Leftovers
|upkeep
|
|t:|1785235426
|switch|p2b: Pelipper|Pelipper, L50, M|89/100
|switch|p1a: Froslass|Froslass, L50, F|100/100
|-weather|RainDance|[from] ability: Drizzle|[of] p2b: Pelipper
|turn|8
|
|t:|1785235441
|detailschange|p1a: Froslass|Froslass-Mega, L50, F
|-mega|p1a: Froslass|Froslass|Froslassite
|-weather|Snowscape|[from] ability: Snow Warning|[of] p1a: Froslass
|move|p2b: Pelipper|Wide Guard|p2b: Pelipper
|-singleturn|p2b: Pelipper|Wide Guard
|move|p1a: Froslass|Shadow Ball|p2a: Archaludon
|-damage|p2a: Archaludon|0 fnt
|faint|p2a: Archaludon
|move|p1b: Glimmora|Power Gem|p2b: Pelipper
|-supereffective|p2b: Pelipper|1
|-damage|p2b: Pelipper|0 fnt
|faint|p2b: Pelipper
|
|win|nupe_123
|raw|nupe_123's rating: 1135 → 1159(+24 for winning)
|raw|junior10or's rating: 1126 → 1102(-24 for losing)
|l|☆junior10or
|player|p2|
