|j|☆merrypasta
|j|☆pengu
|html|merrypastapengu    
|uhtml|bestof|Game 2 of a best-of-3
|t:|1784982033
|gametype|doubles
|player|p1|merrypasta|anabel-gen7|
|player|p2|pengu|rosa-masters2|
|gen|9
|tier|[Gen 9 Champions] VGC 2026 Reg M-B (Bo3)
|rule|Species Clause: Limit one of each Pokémon
|rule|Item Clause: Limit 1 of each item
|clearpoke
|poke|p1|Gardevoir, L50, F, shiny|
|poke|p1|Aegislash, L50, F|
|poke|p1|Tsareena, L50, F|
|poke|p1|Scrafty, L50, M|
|poke|p1|Rotom-Wash, L50|
|poke|p1|Talonflame, L50, F|
|poke|p2|Tyranitar, L50, M|
|poke|p2|Gengar, L50, F|
|poke|p2|Kommo-o, L50, F|
|poke|p2|Rotom-Wash, L50|
|poke|p2|Tinkaton, L50, F|
|poke|p2|Arcanine, L50, M|
|teampreview|4
|showteam|p1|Gardevoir||Gardevoirite|Trace|HyperVoice,Psyshock,Protect,TrickRoom|Modest||F|||50|]Aegislash||LifeOrb|StanceChange|Poltergeist,CloseCombat,KingsShield,ShadowSneak|Adamant||F|||50|]Tsareena||ExpertBelt|QueenlyMajesty|PowerWhip,TripleAxel,Protect,LowKick|Adamant||F|||50|]Scrafty||Scraftinite|Intimidate|CloseCombat,KnockOff,FakeOut,Encore|Adamant||M|||50|]Rotom-Wash||SitrusBerry|Levitate|Thunderbolt,HydroPump,Protect,WillOWisp|Modest|||||50|]Talonflame||SharpBeak|GaleWings|BraveBird,FlareBlitz,Protect,Tailwind|Jolly||F|||50|
|showteam|p2|Tyranitar||Tyranitarite|SandStream|RockSlide,KnockOff,LowKick,Protect|Adamant||M|||50|]Gengar||Gengarite|CursedBody|SludgeBomb,ShadowBall,Substitute,Protect|Timid||F|||50|]Kommo-o||Leftovers|Soundproof|ClangingScales,ClangorousSoul,AuraSphere,Protect|Modest||F|||50|]Rotom-Wash||ChoiceScarf|Levitate|HydroPump,Thunderbolt,VoltSwitch,Electroweb|Modest|||||50|]Tinkaton||MetalCoat|OwnTempo|FakeOut,GigatonHammer,PlayRough,Protect|Jolly||F|||50|]Arcanine||SitrusBerry|Intimidate|FlareBlitz,ExtremeSpeed,Howl,Protect|Adamant||M|||50|
|inactive|Battle timer is ON: inactive players will automatically lose when time's up. (requested by pengu)
|
|t:|1784982055
|teamsize|p1|4
|teamsize|p2|4
|start
|switch|p1a: Gardevoir|Gardevoir, L50, F, shiny|100/100
|switch|p1b: Talonflame|Talonflame, L50, F|100/100
|switch|p2a: Forget me Not.|Arcanine, L50, M|100/100
|switch|p2b: Creed.|Gengar, L50, F|100/100
|-ability|p2a: Forget me Not.|Intimidate|boost
|-unboost|p1a: Gardevoir|atk|1
|-unboost|p1b: Talonflame|atk|1
|-ability|p1a: Gardevoir|Cursed Body|Trace|[from] ability: Trace|[of] p2b: Creed.
|turn|1
|
|t:|1784982076
|detailschange|p2b: Creed.|Gengar-Mega, L50, F
|-mega|p2b: Creed.|Gengar|Gengarite
|move|p1a: Gardevoir|Protect|p1a: Gardevoir
|-singleturn|p1a: Gardevoir|Protect
|move|p2a: Forget me Not.|Extreme Speed|p1b: Talonflame
|-damage|p1b: Talonflame|63/100
|move|p2b: Creed.|Sludge Bomb|p1a: Gardevoir
|-activate|p1a: Gardevoir|move: Protect
|move|p1b: Talonflame|Tailwind|p1b: Talonflame
|-sidestart|p1: merrypasta|move: Tailwind
|
|upkeep
|turn|2
|
|t:|1784982094
|detailschange|p1a: Gardevoir|Gardevoir-Mega, L50, F, shiny
|-mega|p1a: Gardevoir|Gardevoir|Gardevoirite
|move|p2b: Creed.|Protect|p2b: Creed.
|-singleturn|p2b: Creed.|Protect
|move|p1b: Talonflame|Brave Bird|p2a: Forget me Not.
|-damage|p2a: Forget me Not.|62/100
|-damage|p1b: Talonflame|47/100|[from] Recoil
|move|p1a: Gardevoir|Psyshock|p2b: Creed.
|-activate|p2b: Creed.|move: Protect
|move|p2a: Forget me Not.|Flare Blitz|p1a: Gardevoir
|-damage|p1a: Gardevoir|28/100
|-damage|p2a: Forget me Not.|42/100|[from] Recoil
|-enditem|p2a: Forget me Not.|Sitrus Berry|[eat]
|-heal|p2a: Forget me Not.|67/100|[from] item: Sitrus Berry
|
|upkeep
|turn|3
|inactive|pengu has 30 seconds left.
|
|t:|1784982122
|move|p1a: Gardevoir|Protect|p1a: Gardevoir
|-singleturn|p1a: Gardevoir|Protect
|move|p2a: Forget me Not.|Extreme Speed|p1a: Gardevoir
|-activate|p1a: Gardevoir|move: Protect
|move|p1b: Talonflame|Brave Bird|p2b: Creed.
|-damage|p2b: Creed.|42/100
|-damage|p1b: Talonflame|30/100|[from] Recoil
|move|p2b: Creed.|Sludge Bomb|p1b: Talonflame
|-damage|p1b: Talonflame|0 fnt
|faint|p1b: Talonflame
|
|upkeep
|
|t:|1784982125
|switch|p1b: Aegislash|Aegislash, L50, F|100/100
|turn|4
|
|t:|1784982133
|move|p1a: Gardevoir|Protect||[still]
|-fail|p1a: Gardevoir
|move|p2a: Forget me Not.|Extreme Speed|p1a: Gardevoir
|-damage|p1a: Gardevoir|0 fnt
|faint|p1a: Gardevoir
|move|p2b: Creed.|Shadow Ball|p1b: Aegislash
|-supereffective|p1b: Aegislash|1
|-damage|p1b: Aegislash|9/100
|-formechange|p1b: Aegislash|Aegislash-Blade|
|move|p1b: Aegislash|Poltergeist||[still]
|-fail|p1b: Aegislash
|
|-sideend|p1: merrypasta|move: Tailwind
|upkeep
|c|☆merrypasta|have
|c|☆merrypasta|yea
|
|t:|1784982154
|switch|p1a: Tsareena|Tsareena, L50, F|100/100
|turn|5
|-message|merrypasta forfeited.
|
|win|pengu
|c|☆pengu|ggs
|c|☆merrypasta|no dont even lol
|c|☆merrypasta|i forgot how to play the game
|c|☆merrypasta|it was not a game
|l|☆merrypasta
|player|p1|
