|j|☆rillaroartest
|j|☆Astonished25
|html|rillaroartestAstonished25    
|uhtml|bestof|Game 2 of a best-of-3
|t:|1782410255
|gametype|doubles
|player|p1|rillaroartest|1|
|player|p2|Astonished25|unknown|
|gen|9
|tier|[Gen 9 Champions] VGC 2026 Reg M-B (Bo3)
|rule|Species Clause: Limit one of each Pokémon
|rule|Item Clause: Limit 1 of each item
|clearpoke
|poke|p1|Swampert, L50, M|
|poke|p1|Archaludon, L50, M|
|poke|p1|Sableye, L50, F|
|poke|p1|Pelipper, L50, M|
|poke|p1|Sinistcha, L50|
|poke|p1|Floette-Eternal, L50, F|
|poke|p2|Charizard, L50, F|
|poke|p2|Sneasler, L50, M|
|poke|p2|Incineroar, L50, F|
|poke|p2|Milotic, L50, F, shiny|
|poke|p2|Sinistcha, L50|
|poke|p2|Gardevoir, L50, F, shiny|
|teampreview|4
|showteam|p1|Swampert||Swampertite|Torrent|WaveCrash,HighHorsepower,IcePunch,Protect|Adamant||M|||50|]Archaludon||Leftovers|Stamina|DragonPulse,FlashCannon,ElectroShot,Protect|Calm||M|||50|]Sableye||LightClay|Prankster|Quash,RainDance,Reflect,LightScreen|Careful||F|||50|]Pelipper||FocusSash|Drizzle|WeatherBall,Hurricane,Tailwind,Protect|Modest||M|||50|]Sinistcha||KasibBerry|Hospitality|MatchaGotcha,RagePowder,LifeDew,TrickRoom|Bold|||||50|]Floette-Eternal||Floettite|FlowerVeil|Moonblast,DazzlingGleam,LightofRuin,Protect|Modest||F|||50|
|showteam|p2|Charizard||CharizarditeX|Blaze|DragonDance,Protect,DragonClaw,FlareBlitz|Jolly||F|||50|]Sneasler||FocusSash|Unburden|FakeOut,Coaching,CloseCombat,DireClaw|Adamant||M|||50|]Incineroar||SitrusBerry|Intimidate|FlareBlitz,PartingShot,FakeOut,ThroatChop|Impish||F|||50|]Milotic||Leftovers|Competitive|Hypnosis,MuddyWater,Coil,Recover|Modest||F|||50|]Sinistcha||KasibBerry|Hospitality|MatchaGotcha,RagePowder,TrickRoom,LifeDew|Sassy|||||50|]Gardevoir||Gardevoirite|Trace|CalmMind,Protect,HyperVoice,Psyshock|Modest||F|||50|
|inactive|Battle timer is ON: inactive players will automatically lose when time's up. (requested by Astonished25)
|inactiveoff|Battle timer is now OFF.
|l|☆rillaroartest
|player|p1|
|j|☆rillaroartest
|player|p1|rillaroartest|1|
|c|☆rillaroartest|Ya
|c|☆Astonished25|go
|
|t:|1782410495
|teamsize|p1|4
|teamsize|p2|4
|start
|switch|p1a: Floette|Floette-Eternal, L50, F|100/100
|switch|p1b: Sableye|Sableye, L50, F|100/100
|switch|p2a: Incineroar|Incineroar, L50, F|100/100
|switch|p2b: Gardevoir|Gardevoir, L50, F, shiny|100/100
|-ability|p2b: Gardevoir|Flower Veil|Trace|[from] ability: Trace|[of] p1a: Floette
|-ability|p2a: Incineroar|Intimidate|boost
|-unboost|p1a: Floette|atk|1
|-unboost|p1b: Sableye|atk|1
|turn|1
|
|t:|1782410510
|detailschange|p1a: Floette|Floette-Mega, L50, F
|-mega|p1a: Floette|Floette|Floettite
|-ability|p1a: Floette|Fairy Aura
|detailschange|p2b: Gardevoir|Gardevoir-Mega, L50, F, shiny
|-mega|p2b: Gardevoir|Gardevoir|Gardevoirite
|move|p2a: Incineroar|Fake Out|p1a: Floette
|-damage|p1a: Floette|86/100
|move|p1b: Sableye|Light Screen|p1b: Sableye
|-sidestart|p1: rillaroartest|move: Light Screen
|cant|p1a: Floette|flinch
|move|p2b: Gardevoir|Calm Mind|p2b: Gardevoir
|-boost|p2b: Gardevoir|spa|1
|-boost|p2b: Gardevoir|spd|1
|
|upkeep
|turn|2
|
|t:|1782410531
|move|p1b: Sableye|Reflect|p1b: Sableye
|-sidestart|p1: rillaroartest|Reflect
|move|p1a: Floette|Moonblast|p2a: Incineroar
|-damage|p2a: Incineroar|29/100
|-enditem|p2a: Incineroar|Sitrus Berry|[eat]
|-heal|p2a: Incineroar|54/100|[from] item: Sitrus Berry
|move|p2b: Gardevoir|Calm Mind|p2b: Gardevoir
|-boost|p2b: Gardevoir|spa|1
|-boost|p2b: Gardevoir|spd|1
|move|p2a: Incineroar|Parting Shot|p1a: Floette
|-unboost|p1a: Floette|atk|1
|-unboost|p1a: Floette|spa|1
|
|t:|1782410539
|switch|p2a: Sneasler|Sneasler, L50, M|100/100|[from] Parting Shot
|
|upkeep
|turn|3
|
|t:|1782410559
|move|p1a: Floette|Protect|p1a: Floette
|-singleturn|p1a: Floette|Protect
|move|p2a: Sneasler|Fake Out|p1a: Floette
|-activate|p1a: Floette|move: Protect
|move|p1b: Sableye|Rain Dance|p1b: Sableye
|-weather|RainDance
|move|p2b: Gardevoir|Calm Mind|p2b: Gardevoir
|-boost|p2b: Gardevoir|spa|1
|-boost|p2b: Gardevoir|spd|1
|
|-weather|RainDance|[upkeep]
|upkeep
|turn|4
|
|t:|1782410588
|move|p1b: Sableye|Quash|p2a: Sneasler
|-activate|p2a: Sneasler|move: Quash
|move|p1a: Floette|Moonblast|p2a: Sneasler
|-crit|p2a: Sneasler
|-enditem|p2a: Sneasler|Focus Sash
|-damage|p2a: Sneasler|1/100
|move|p2b: Gardevoir|Hyper Voice|p1b: Sableye|[spread] p1a,p1b
|-supereffective|p1b: Sableye|1
|-crit|p1b: Sableye
|-damage|p1a: Floette|8/100
|-damage|p1b: Sableye|0 fnt
|faint|p1b: Sableye
|move|p2a: Sneasler|Dire Claw|p1a: Floette
|-supereffective|p1a: Floette|1
|-damage|p1a: Floette|0 fnt
|faint|p1a: Floette
|
|-weather|RainDance|[upkeep]
|upkeep
|
|t:|1782410598
|switch|p1a: Pelipper|Pelipper, L50, M|100/100
|switch|p1b: Swampert|Swampert, L50, M|100/100
|turn|5
|
|t:|1782410616
|switch|p2a: Incineroar|Incineroar, L50, F|54/100
|-ability|p2a: Incineroar|Intimidate|boost
|-unboost|p1a: Pelipper|atk|1
|-unboost|p1b: Swampert|atk|1
|move|p2b: Gardevoir|Protect|p2b: Gardevoir
|-singleturn|p2b: Gardevoir|Protect
|move|p1a: Pelipper|Tailwind|p1a: Pelipper
|-sidestart|p1: rillaroartest|move: Tailwind
|move|p1b: Swampert|High Horsepower|p2a: Incineroar
|-supereffective|p2a: Incineroar|1
|-damage|p2a: Incineroar|4/100
|
|-weather|RainDance|[upkeep]
|upkeep
|turn|6
|
|t:|1782410634
|switch|p2a: Sinistcha|Sinistcha, L50|100/100
|move|p1a: Pelipper|Protect|p1a: Pelipper
|-singleturn|p1a: Pelipper|Protect
|move|p1b: Swampert|Protect|p1b: Swampert
|-singleturn|p1b: Swampert|Protect
|move|p2b: Gardevoir|Hyper Voice|p1a: Pelipper|[spread] 
|-activate|p1a: Pelipper|move: Protect
|-activate|p1b: Swampert|move: Protect
|
|-weather|RainDance|[upkeep]
|upkeep
|turn|7
|
|t:|1782410649
|move|p2a: Sinistcha|Rage Powder|p2a: Sinistcha
|-singleturn|p2a: Sinistcha|move: Rage Powder
|move|p1a: Pelipper|Hurricane|p2a: Sinistcha
|-supereffective|p2a: Sinistcha|1
|-damage|p2a: Sinistcha|4/100
|-start|p2a: Sinistcha|confusion
|move|p1b: Swampert|Ice Punch|p2a: Sinistcha
|-supereffective|p2a: Sinistcha|1
|-damage|p2a: Sinistcha|0 fnt
|faint|p2a: Sinistcha
|move|p2b: Gardevoir|Hyper Voice|p1b: Swampert|[spread] p1a,p1b
|-enditem|p1a: Pelipper|Focus Sash
|-damage|p1a: Pelipper|1/100
|-damage|p1b: Swampert|9/100
|
|-weather|none
|upkeep
|
|t:|1782410663
|switch|p2a: Sneasler|Sneasler, L50, M|1/100
|turn|8
|
|t:|1782410682
|move|p1b: Swampert|Protect|p1b: Swampert
|-singleturn|p1b: Swampert|Protect
|move|p2a: Sneasler|Fake Out|p1b: Swampert
|-activate|p1b: Swampert|move: Protect
|move|p1a: Pelipper|Hurricane|p2b: Gardevoir
|-damage|p2b: Gardevoir|84/100
|move|p2b: Gardevoir|Hyper Voice|p1b: Swampert|[spread] p1a
|-activate|p1b: Swampert|move: Protect
|-crit|p1a: Pelipper
|-damage|p1a: Pelipper|0 fnt
|faint|p1a: Pelipper
|
|-sideend|p1: rillaroartest|move: Light Screen
|-sideend|p1: rillaroartest|move: Tailwind
|upkeep
|turn|9
|
|t:|1782410694
|move|p2a: Sneasler|Dire Claw|p1b: Swampert
|-resisted|p1b: Swampert|1
|-damage|p1b: Swampert|0 fnt
|faint|p1b: Swampert
|
|win|Astonished25
|c|☆Astonished25|ggs
|c|☆rillaroartest|Gg
