|j|☆Kevin-V8
|j|☆The RU Agenda
|html|Kevin-V8The RU Agenda    
|uhtml|bestof|Game 2 of a best-of-3
|t:|1784238669
|gametype|doubles
|player|p1|Kevin-V8|ethan|1216
|player|p2|The RU Agenda|169|1371
|gen|9
|tier|[Gen 9 Champions] VGC 2026 Reg M-B (Bo3)
|rated|
|rule|Species Clause: Limit one of each Pokémon
|rule|Item Clause: Limit 1 of each item
|clearpoke
|poke|p1|Metagross, L50|
|poke|p1|Incineroar, L50, F|
|poke|p1|Sinistcha, L50|
|poke|p1|Tyranitar, L50, F|
|poke|p1|Excadrill, L50, M, shiny|
|poke|p1|Dragonite, L50, F|
|poke|p2|Chesnaught, L50, M|
|poke|p2|Basculegion, L50, M|
|poke|p2|Arcanine-Hisui, L50, F|
|poke|p2|Froslass, L50, F|
|poke|p2|Farigiraf, L50, F|
|poke|p2|Kingambit, L50, M|
|teampreview|4
|showteam|p1|Metagross||Metagrossite|ClearBody|PsychicFangs,BodyPress,CosmicPower,Protect|Impish|||||50|]Incineroar||SitrusBerry|Intimidate|FlareBlitz,DarkestLariat,FakeOut,PartingShot|Careful||F|||50|]Sinistcha||KasibBerry|Hospitality|MatchaGotcha,RagePowder,LifeDew,Protect|Bold|||||50|]Tyranitar||ChoiceScarf|SandStream|RockSlide,KnockOff,IcePunch,LowKick|Jolly||F|||50|]Excadrill||FocusSash|SandRush|Earthquake,IronHead,RockSlide,Protect|Adamant||M|||50|]Dragonite||Dragoninite|Multiscale|DragonPulse,HeatWave,Tailwind,Protect|Modest||F|||50|
|showteam|p2|Chesnaught||Leftovers|Bulletproof|BodyPress,IronDefense,SpikyShield,WideGuard|Impish||M|||50|]Basculegion||ChoiceScarf|Adaptability|WaveCrash,LastRespects,FlipTurn,AquaJet|Jolly||M|||50|]Arcanine-Hisui||FocusSash|RockHead|HeadSmash,FlareBlitz,ExtremeSpeed,Protect|Jolly||F|||50|]Froslass||Froslassite|SnowCloak|Blizzard,ShadowBall,AuroraVeil,Protect|Timid||F|||50|]Farigiraf||SitrusBerry|ArmorTail|HelpingHand,Psychic,Thunderbolt,TrickRoom|Relaxed||F|||50|]Kingambit||ExpertBelt|Defiant|KowtowCleave,SuckerPunch,LowKick,Protect|Adamant||M|||50|
|inactive|Battle timer is ON: inactive players will automatically lose when time's up. (requested by Kevin-V8)
|inactive|Kevin-V8 has 60 seconds left.
|
|t:|1784238715
|teamsize|p1|4
|teamsize|p2|4
|start
|switch|p1a: Dragonite|Dragonite, L50, F|100/100
|switch|p1b: Excadrill|Excadrill, L50, M, shiny|100/100
|switch|p2a: Chesnaught|Chesnaught, L50, M|100/100
|switch|p2b: Arcanine|Arcanine-Hisui, L50, F|100/100
|turn|1
|
|t:|1784238730
|switch|p1a: Tyranitar|Tyranitar, L50, F|100/100
|-weather|Sandstorm|[from] ability: Sand Stream|[of] p1a: Tyranitar
|move|p2a: Chesnaught|Wide Guard|p2a: Chesnaught
|-singleturn|p2a: Chesnaught|Wide Guard
|move|p1b: Excadrill|Rock Slide|p2a: Chesnaught|[spread] 
|-activate|p2a: Chesnaught|move: Wide Guard
|-activate|p2b: Arcanine|move: Wide Guard
|move|p2b: Arcanine|Head Smash|p1a: Tyranitar
|-damage|p1a: Tyranitar|38/100
|
|-weather|Sandstorm|[upkeep]
|-damage|p2a: Chesnaught|93/100|[from] Sandstorm
|-heal|p2a: Chesnaught|100/100|[from] item: Leftovers
|upkeep
|turn|2
|inactive|Kevin-V8 has 30 seconds left.
|
|t:|1784238757
|move|p2b: Arcanine|Protect|p2b: Arcanine
|-singleturn|p2b: Arcanine|Protect
|move|p1b: Excadrill|Iron Head|p2b: Arcanine
|-activate|p2b: Arcanine|move: Protect
|move|p1a: Tyranitar|Ice Punch|p2a: Chesnaught
|-supereffective|p2a: Chesnaught|1
|-damage|p2a: Chesnaught|66/100
|move|p2a: Chesnaught|Iron Defense|p2a: Chesnaught
|-boost|p2a: Chesnaught|def|2
|
|-weather|Sandstorm|[upkeep]
|-damage|p2a: Chesnaught|60/100|[from] Sandstorm
|-heal|p2a: Chesnaught|66/100|[from] item: Leftovers
|upkeep
|turn|3
|inactive|The RU Agenda has 30 seconds left.
|
|t:|1784238787
|switch|p1a: Dragonite|Dragonite, L50, F|100/100
|move|p2a: Chesnaught|Spiky Shield|p2a: Chesnaught
|-singleturn|p2a: Chesnaught|move: Protect
|move|p2b: Arcanine|Extreme Speed|p1b: Excadrill
|-resisted|p1b: Excadrill|1
|-damage|p1b: Excadrill|81/100
|move|p1b: Excadrill|Earthquake|p2b: Arcanine|[spread] p2b
|-activate|p2a: Chesnaught|move: Protect
|-immune|p1a: Dragonite
|-supereffective|p2b: Arcanine|2
|-enditem|p2b: Arcanine|Focus Sash
|-damage|p2b: Arcanine|1/100
|
|-weather|Sandstorm|[upkeep]
|-damage|p1a: Dragonite|93/100|[from] Sandstorm
|-damage|p2a: Chesnaught|60/100|[from] Sandstorm
|-heal|p2a: Chesnaught|66/100|[from] item: Leftovers
|upkeep
|turn|4
|
|t:|1784238810
|detailschange|p1a: Dragonite|Dragonite-Mega, L50, F
|-mega|p1a: Dragonite|Dragonite|Dragoninite
|move|p2b: Arcanine|Protect|p2b: Arcanine
|-singleturn|p2b: Arcanine|Protect
|move|p1b: Excadrill|Iron Head|p2b: Arcanine
|-activate|p2b: Arcanine|move: Protect
|move|p1a: Dragonite|Dragon Pulse|p2a: Chesnaught
|-damage|p2a: Chesnaught|11/100
|move|p2a: Chesnaught|Body Press|p1b: Excadrill
|-supereffective|p1b: Excadrill|1
|-damage|p1b: Excadrill|0 fnt
|faint|p1b: Excadrill
|
|-weather|Sandstorm|[upkeep]
|-damage|p1a: Dragonite|87/100|[from] Sandstorm
|-damage|p2a: Chesnaught|5/100|[from] Sandstorm
|-heal|p2a: Chesnaught|11/100|[from] item: Leftovers
|upkeep
|
|t:|1784238828
|switch|p1b: Tyranitar|Tyranitar, L50, F|38/100
|turn|5
|
|t:|1784238843
|move|p2a: Chesnaught|Spiky Shield|p2a: Chesnaught
|-singleturn|p2a: Chesnaught|move: Protect
|move|p2b: Arcanine|Extreme Speed|p1a: Dragonite
|-damage|p1a: Dragonite|67/100
|move|p1b: Tyranitar|Knock Off|p2a: Chesnaught
|-activate|p2a: Chesnaught|move: Protect
|-damage|p1b: Tyranitar|25/100|[from] Spiky Shield|[of] p2a: Chesnaught
|move|p1a: Dragonite|Tailwind|p1a: Dragonite
|-sidestart|p1: Kevin-V8|move: Tailwind
|
|-weather|none
|-heal|p2a: Chesnaught|18/100|[from] item: Leftovers
|upkeep
|turn|6
|
|t:|1784238864
|move|p2a: Chesnaught|Wide Guard|p2a: Chesnaught
|-singleturn|p2a: Chesnaught|Wide Guard
|move|p1b: Tyranitar|Knock Off|p2a: Chesnaught
|-resisted|p2a: Chesnaught|1
|-damage|p2a: Chesnaught|9/100
|-enditem|p2a: Chesnaught|Leftovers|[from] move: Knock Off|[of] p1b: Tyranitar
|move|p1a: Dragonite|Heat Wave|p2a: Chesnaught|[spread] 
|-activate|p2a: Chesnaught|move: Wide Guard
|-activate|p2b: Arcanine|move: Wide Guard
|move|p2b: Arcanine|Head Smash|p1a: Dragonite
|-supereffective|p1a: Dragonite|1
|-crit|p1a: Dragonite
|-damage|p1a: Dragonite|0 fnt
|faint|p1a: Dragonite
|
|upkeep
|
|t:|1784238876
|switch|p1a: Incineroar|Incineroar, L50, F|100/100
|-ability|p1a: Incineroar|Intimidate|boost
|-unboost|p2a: Chesnaught|atk|1
|-unboost|p2b: Arcanine|atk|1
|turn|7
|
|t:|1784238883
|move|p1a: Incineroar|Fake Out|p2a: Chesnaught
|-damage|p2a: Chesnaught|6/100
|move|p1b: Tyranitar|Knock Off|p2b: Arcanine
|-damage|p2b: Arcanine|0 fnt
|faint|p2b: Arcanine
|cant|p2a: Chesnaught|flinch
|
|upkeep
|
|t:|1784238891
|switch|p2b: Kingambit|Kingambit, L50, M|100/100
|turn|8
|
|t:|1784238908
|move|p2a: Chesnaught|Spiky Shield|p2a: Chesnaught
|-singleturn|p2a: Chesnaught|move: Protect
|move|p1b: Tyranitar|Knock Off|p2b: Kingambit
|-resisted|p2b: Kingambit|1
|-damage|p2b: Kingambit|82/100
|-enditem|p2b: Kingambit|Expert Belt|[from] move: Knock Off|[of] p1b: Tyranitar
|move|p1a: Incineroar|Flare Blitz|p2a: Chesnaught
|-activate|p2a: Chesnaught|move: Protect
|-damage|p1a: Incineroar|87/100|[from] Spiky Shield|[of] p2a: Chesnaught
|move|p2b: Kingambit|Low Kick|p1b: Tyranitar
|-supereffective|p1b: Tyranitar|2
|-crit|p1b: Tyranitar
|-damage|p1b: Tyranitar|0 fnt
|faint|p1b: Tyranitar
|
|-sideend|p1: Kevin-V8|move: Tailwind
|upkeep
|turn|9
|
|t:|1784238923
|move|p1a: Incineroar|Flare Blitz|p2a: Chesnaught
|-supereffective|p2a: Chesnaught|1
|-damage|p2a: Chesnaught|0 fnt
|faint|p2a: Chesnaught
|-damage|p1a: Incineroar|85/100|[from] Recoil
|move|p2b: Kingambit|Low Kick|p1a: Incineroar
|-supereffective|p1a: Incineroar|1
|-damage|p1a: Incineroar|22/100
|-enditem|p1a: Incineroar|Sitrus Berry|[eat]
|-heal|p1a: Incineroar|47/100|[from] item: Sitrus Berry
|
|upkeep
|
|t:|1784238930
|switch|p2a: Basculegion|Basculegion, L50, M|100/100
|turn|10
|
|t:|1784238934
|move|p2a: Basculegion|Wave Crash|p1a: Incineroar
|-supereffective|p1a: Incineroar|1
|-damage|p1a: Incineroar|0 fnt
|faint|p1a: Incineroar
|-damage|p2a: Basculegion|84/100|[from] Recoil
|
|win|The RU Agenda
|raw|Kevin-V8's rating: 1216 → 1201(-15 for losing)
|raw|The RU Agenda's rating: 1371 → 1383(+12 for winning)
