|j|☆bent0boxx
|j|☆marcusquinn
|html|bent0boxxmarcusquinn    
|uhtml|bestof|Game 2 of a best-of-3
|t:|1757653673
|gametype|doubles
|player|p1|bent0boxx|266|1010
|player|p2|marcusquinn|hilbert-wonderlauncher|1116
|gen|9
|tier|[Gen 9] VGC 2025 Reg H (Bo3)
|rated|
|rule|Species Clause: Limit one of each Pokémon
|rule|Item Clause: Limit 1 of each item
|clearpoke
|poke|p1|Ursaluna, L50, F|
|poke|p1|Rillaboom, L50, F|
|poke|p1|Dragapult, L50, F|
|poke|p1|Empoleon, L50, M|
|poke|p1|Porygon2, L50|
|poke|p1|Blaziken, L50, F|
|poke|p2|Archaludon, L50, F|
|poke|p2|Porygon2, L50|
|poke|p2|Incineroar, L50, F|
|poke|p2|Ursaluna, L50, F|
|poke|p2|Sneasler, L50, M|
|poke|p2|Dragonite, L50, M|
|teampreview|4
|showteam|p1|Ursaluna||FlameOrb|Guts|HeadlongRush,Facade,HelpingHand,Protect|||F|||50|,,,,,Ghost]Rillaboom||AssaultVest|GrassySurge|WoodHammer,FakeOut,GrassyGlide,GrassPledge|||F|||50|,,,,,Electric]Dragapult||ChoiceBand|ClearBody|DragonDarts,PhantomForce,Uturn,TeraBlast|||F|||50|,,,,,Ghost]Empoleon||Leftovers|Competitive|WaterPledge,IceBeam,Yawn,Protect|||M|||50|,,,,,Grass]Porygon2||Eviolite|Download|TeraBlast,IceBeam,Recover,TrickRoom||||||50|,,,,,Fighting]Blaziken||FocusSash|SpeedBoost|CloseCombat,FirePledge,UpperHand,Detect|||F|||50|,,,,,Fighting
|showteam|p2|Archaludon||PowerHerb|Sturdy|Protect,ElectroShot,DracoMeteor,FlashCannon|||F|||50|,,,,,Electric]Porygon2||Eviolite|Download|TeraBlast,IceBeam,Recover,TrickRoom||||||50|,,,,,Fighting]Incineroar||SafetyGoggles|Intimidate|FlareBlitz,KnockOff,FakeOut,PartingShot|||F|||50|,,,,,Ghost]Ursaluna||FlameOrb|Guts|HeadlongRush,Facade,Earthquake,Protect|||F|||50|,,,,,Ghost]Sneasler||FocusSash|Unburden|Protect,CloseCombat,DireClaw,ThroatChop|||M|||50|,,,,,Stellar]Dragonite||LoadedDice|Multiscale|ScaleShot,Tailwind,Haze,Protect|||M|||50|,,,,,Fairy
|inactive|Battle timer is ON: inactive players will automatically lose when time's up. (requested by marcusquinn)
|inactive|bent0boxx has 60 seconds left.
|
|t:|1757653712
|teamsize|p1|4
|teamsize|p2|4
|start
|switch|p1a: Rillaboom|Rillaboom, L50, F|100/100
|switch|p1b: Blaziken|Blaziken, L50, F|100/100
|switch|p2a: Porygon2|Porygon2, L50, shiny|100/100
|switch|p2b: Dragonite|Dragonite, L50, M, shiny|100/100
|-fieldstart|move: Grassy Terrain|[from] ability: Grassy Surge|[of] p1a: Rillaboom
|-ability|p2a: Porygon2|Download|boost
|-boost|p2a: Porygon2|atk|1
|turn|1
|inactive|bent0boxx has 30 seconds left.
|inactive|bent0boxx has 20 seconds left.
|inactive|bent0boxx has 15 seconds left.
|
|t:|1757653753
|-terastallize|p2a: Porygon2|Fighting
|move|p2b: Dragonite|Scale Shot|p1b: Blaziken
|-damage|p1b: Blaziken|73/100
|-damage|p1b: Blaziken|48/100
|-damage|p1b: Blaziken|25/100
|-damage|p1b: Blaziken|0 fnt
|faint|p1b: Blaziken
|-hitcount|p1: Blaziken|4
|-unboost|p2b: Dragonite|def|1
|-boost|p2b: Dragonite|spe|1
|move|p1a: Rillaboom|Grass Pledge|p1: Blaziken|[notarget]
|-fail|p1a: Rillaboom
|move|p2a: Porygon2|Ice Beam|p1a: Rillaboom
|-supereffective|p1a: Rillaboom
|-damage|p1a: Rillaboom|60/100
|
|-heal|p1a: Rillaboom|66/100|[from] Grassy Terrain
|upkeep
|
|t:|1757653765
|switch|p1b: Dragapult|Dragapult, L50, F|100/100
|turn|2
|
|t:|1757653779
|switch|p2b: Incineroar|Incineroar, L50, F, shiny|100/100
|-ability|p2b: Incineroar|Intimidate|boost
|-unboost|p1a: Rillaboom|atk|1
|-fail|p1b: Dragapult|unboost|[from] ability: Clear Body|[of] p1b: Dragapult
|-terastallize|p1b: Dragapult|Ghost
|move|p1b: Dragapult|Dragon Darts|p2b: Incineroar
|-damage|p2b: Incineroar|61/100
|-anim|p1b: Dragapult|Dragon Darts|p2a: Porygon2
|-damage|p2a: Porygon2|74/100
|move|p1a: Rillaboom|Wood Hammer|p2a: Porygon2
|-damage|p2a: Porygon2|41/100
|-damage|p1a: Rillaboom|55/100|[from] Recoil
|move|p2a: Porygon2|Ice Beam|p1b: Dragapult
|-damage|p1b: Dragapult|60/100
|
|-heal|p1b: Dragapult|66/100|[from] Grassy Terrain
|-heal|p1a: Rillaboom|61/100|[from] Grassy Terrain
|-heal|p2b: Incineroar|67/100|[from] Grassy Terrain
|-heal|p2a: Porygon2|47/100|[from] Grassy Terrain
|upkeep
|turn|3
|
|t:|1757653801
|switch|p1a: Empoleon|Empoleon, L50, M|100/100
|move|p1b: Dragapult|Dragon Darts|p2b: Incineroar
|-damage|p2b: Incineroar|30/100
|-anim|p1b: Dragapult|Dragon Darts|p2a: Porygon2
|-damage|p2a: Porygon2|19/100
|move|p2b: Incineroar|Knock Off|p1b: Dragapult
|-supereffective|p1b: Dragapult
|-damage|p1b: Dragapult|0 fnt
|-enditem|p1b: Dragapult|Choice Band|[from] move: Knock Off|[of] p2b: Incineroar
|faint|p1b: Dragapult
|move|p2a: Porygon2|Ice Beam|p1a: Empoleon
|-resisted|p1a: Empoleon
|-damage|p1a: Empoleon|95/100
|
|-heal|p2b: Incineroar|36/100|[from] Grassy Terrain
|-heal|p1a: Empoleon|100/100|[from] Grassy Terrain
|-heal|p2a: Porygon2|25/100|[from] Grassy Terrain
|upkeep
|
|t:|1757653805
|switch|p1b: Rillaboom|Rillaboom, L50, F|61/100
|turn|4
|
|t:|1757653822
|switch|p2b: Dragonite|Dragonite, L50, M, shiny|100/100
|move|p1b: Rillaboom|Fake Out|p2a: Porygon2
|-damage|p2a: Porygon2|15/100
|move|p1a: Empoleon|Water Pledge|p2b: Dragonite
|-resisted|p2b: Dragonite
|-damage|p2b: Dragonite|92/100
|cant|p2a: Porygon2|flinch
|
|-heal|p1b: Rillaboom|67/100|[from] Grassy Terrain
|-heal|p2a: Porygon2|21/100|[from] Grassy Terrain
|upkeep
|turn|5
|
|t:|1757653835
|switch|p2a: Incineroar|Incineroar, L50, F, shiny|36/100
|-ability|p2a: Incineroar|Intimidate|boost
|-unboost|p1a: Empoleon|atk|1
|-ability|p1a: Empoleon|Competitive|boost
|-boost|p1a: Empoleon|spa|2
|-unboost|p1b: Rillaboom|atk|1
|move|p2b: Dragonite|Scale Shot|p1b: Rillaboom
|-damage|p1b: Rillaboom|53/100
|-damage|p1b: Rillaboom|38/100
|-damage|p1b: Rillaboom|23/100
|-damage|p1b: Rillaboom|9/100
|-hitcount|p1b: Rillaboom|4
|-unboost|p2b: Dragonite|def|1
|-boost|p2b: Dragonite|spe|1
|move|p1b: Rillaboom|Wood Hammer|p2a: Incineroar
|-resisted|p2a: Incineroar
|-damage|p2a: Incineroar|11/100
|-damage|p1b: Rillaboom|1/100|[from] Recoil
|move|p1a: Empoleon|Ice Beam|p2b: Dragonite
|-supereffective|p2b: Dragonite
|-damage|p2b: Dragonite|0 fnt
|faint|p2b: Dragonite
|
|-heal|p1b: Rillaboom|7/100|[from] Grassy Terrain
|-heal|p2a: Incineroar|17/100|[from] Grassy Terrain
|-fieldend|move: Grassy Terrain
|upkeep
|
|t:|1757653858
|switch|p2b: Sneasler|Sneasler, L50, M|100/100
|turn|6
|
|t:|1757653879
|move|p2a: Incineroar|Fake Out|p1b: Rillaboom
|-damage|p1b: Rillaboom|0 fnt
|faint|p1b: Rillaboom
|move|p2b: Sneasler|Close Combat|p1a: Empoleon
|-supereffective|p1a: Empoleon
|-damage|p1a: Empoleon|0 fnt
|-unboost|p2b: Sneasler|def|1
|-unboost|p2b: Sneasler|spd|1
|faint|p1a: Empoleon
|
|win|marcusquinn
|raw|bent0boxx's rating: 1010 → 1002(-8 for losing)
|raw|marcusquinn's rating: 1116 → 1134(+18 for winning)
|l|☆bent0boxx
|player|p1|
