|j|‽Moitamo
|j|☆viatles
|html|Moitamoviatles    
|uhtml|bestof|Game 1 of a best-of-3
|t:|1756280552
|gametype|doubles
|player|p1|Moitamo|flint|1132
|player|p2|viatles|hiker|1016
|gen|9
|tier|[Gen 9] VGC 2025 Reg H (Bo3)
|rated|
|rule|Species Clause: Limit one of each Pokémon
|rule|Item Clause: Limit 1 of each item
|clearpoke
|poke|p1|Amoonguss, L50, F|
|poke|p1|Metagross, L50|
|poke|p1|Annihilape, L50, M|
|poke|p1|Gothitelle, L50, M|
|poke|p1|Politoed, L50, M|
|poke|p1|Salamence, L50, F|
|poke|p2|Oricorio-Sensu, L50, M|
|poke|p2|Volcarona, L50, F|
|poke|p2|Sylveon, L50, F|
|poke|p2|Murkrow, L50, M|
|poke|p2|Dragapult, L50, F|
|poke|p2|Baxcalibur, L50, M|
|teampreview|4
|showteam|p1|Amoonguss||EjectButton|Regenerator|Spore,PollenPuff,Protect,RagePowder|||F|||50|,,,,,Water]Metagross||WeaknessPolicy|ClearBody|Earthquake,Bulldoze,PsychicFangs,Protect||||||50|,,,,,Water]Annihilape||ChoiceScarf|Defiant|CloseCombat,FinalGambit,PhantomForce,Uturn|||M|||50|,,,,,Grass]Gothitelle||SitrusBerry|ShadowTag|Psychic,Protect,FakeOut,TrickRoom|||M|||50|,,,,,Dark]Politoed||SafetyGoggles|Drizzle|Protect,WeatherBall,PerishSong,Encore|||M|||50|,,,,,Grass]Salamence||CovertCloak|Intimidate|Tailwind,DragonPulse,Bulldoze,Protect|||F|||50|,,,,,Steel
|showteam|p2|Oricorio-Sensu||FocusSash|Dancer|QuiverDance,BatonPass,RevelationDance,Protect|||M|||50|,,,,,Fighting]Volcarona||SitrusBerry|FlameBody|QuiverDance,GigaDrain,FieryDance,Protect|||F|||50|,,,,,Grass]Sylveon||ChoiceScarf|Pixilate|HyperVoice,TeraBlast,StoredPower,SleepTalk|||F|||50|,,,,,Ground]Murkrow||Eviolite|Prankster|Tailwind,FoulPlay,Haze,FeatherDance|||M|||50|,,,,,Dark]Dragapult||CovertCloak|ClearBody|DragonCheer,DragonDarts,Protect,PhantomForce|||F|||50|,,,,,Stellar]Baxcalibur||LoadedDice|ThermalExchange|IcicleSpear,ScaleShot,GlaiveRush,Protect|||M|||50|,,,,,Grass
|c|☆viatles|gl hf
|inactive|Battle timer is ON: inactive players will automatically lose when time's up. (requested by viatles)
|inactive|Moitamo has 60 seconds left.
|inactive|Moitamo has 30 seconds left.
|l|‽Moitamo
|inactive|Moitamo disconnected and has a minute to reconnect!
|player|p1|
|inactive|Moitamo has 20 seconds left.
|inactive|Moitamo has 15 seconds left.
|j|‽Moitamo
|inactive|Moitamo reconnected and has 15 seconds left.
|player|p1|Moitamo|flint|
|n|‽Moitamo|moitamo
|inactive|Moitamo has 10 seconds left.
|
|t:|1756280644
|teamsize|p1|4
|teamsize|p2|4
|start
|switch|p1a: Metagross|Metagross, L50|100/100
|switch|p1b: Annihilape|Annihilape, L50, M|100/100
|switch|p2a: Oricorio|Oricorio-Sensu, L50, M|100/100
|switch|p2b: Volcarona|Volcarona, L50, F|100/100
|turn|1
|inactive|Moitamo has 30 seconds left.
|
|t:|1756280677
|switch|p1a: Politoed|Politoed, L50, M|100/100
|-weather|RainDance|[from] ability: Drizzle|[of] p1a: Politoed
|move|p2a: Oricorio|Protect|p2a: Oricorio
|-singleturn|p2a: Oricorio|Protect
|move|p1b: Annihilape|Final Gambit|p2b: Volcarona
|-damage|p2b: Volcarona|0 fnt
|faint|p1b: Annihilape
|faint|p2b: Volcarona
|
|-weather|RainDance|[upkeep]
|upkeep
|
|t:|1756280689
|switch|p1b: Metagross|Metagross, L50|100/100
|switch|p2b: Dragapult|Dragapult, L50, F|100/100
|turn|2
|
|t:|1756280700
|move|p2b: Dragapult|Phantom Force||[still]
|-prepare|p2b: Dragapult|Phantom Force
|move|p2a: Oricorio|Revelation Dance|p1a: Politoed
|-damage|p1a: Politoed|72/100
|move|p1b: Metagross|Psychic Fangs|p2a: Oricorio
|-damage|p2a: Oricorio|33/100
|move|p1a: Politoed|Weather Ball|p2a: Oricorio
|-damage|p2a: Oricorio|0 fnt
|faint|p2a: Oricorio
|
|-weather|RainDance|[upkeep]
|upkeep
|
|t:|1756280712
|switch|p2a: Sylveon|Sylveon, L50, F|100/100
|turn|3
|
|t:|1756280725
|switch|p1b: Gothitelle|Gothitelle, L50, M|100/100
|move|p1a: Politoed|Protect|p1a: Politoed
|-singleturn|p1a: Politoed|Protect
|move|p2b: Dragapult|Phantom Force|p1b: Gothitelle|[from] lockedmove
|-supereffective|p1b: Gothitelle
|-damage|p1b: Gothitelle|28/100
|-enditem|p1b: Gothitelle|Sitrus Berry|[eat]
|-heal|p1b: Gothitelle|53/100|[from] item: Sitrus Berry
|move|p2a: Sylveon|Tera Blast|p1a: Politoed
|-activate|p1a: Politoed|move: Protect
|
|-weather|RainDance|[upkeep]
|upkeep
|turn|4
|
|t:|1756280741
|move|p1b: Gothitelle|Fake Out|p2a: Sylveon
|-damage|p2a: Sylveon|91/100
|move|p2b: Dragapult|Dragon Darts|p1a: Politoed
|-damage|p1a: Politoed|48/100
|-anim|p2b: Dragapult|Dragon Darts|p1b: Gothitelle
|-damage|p1b: Gothitelle|31/100
|cant|p2a: Sylveon|flinch
|move|p1a: Politoed|Perish Song|p1a: Politoed
|-start|p1a: Politoed|perish3|[silent]
|-start|p1b: Gothitelle|perish3|[silent]
|-start|p2a: Sylveon|perish3|[silent]
|-start|p2b: Dragapult|perish3|[silent]
|-fieldactivate|move: Perish Song
|
|-weather|RainDance|[upkeep]
|-start|p2b: Dragapult|perish3
|-start|p2a: Sylveon|perish3
|-start|p1a: Politoed|perish3
|-start|p1b: Gothitelle|perish3
|upkeep
|turn|5
|
|t:|1756280761
|move|p1a: Politoed|Protect|p1a: Politoed
|-singleturn|p1a: Politoed|Protect
|move|p1b: Gothitelle|Protect|p1b: Gothitelle
|-singleturn|p1b: Gothitelle|Protect
|move|p2b: Dragapult|Phantom Force||[still]
|-prepare|p2b: Dragapult|Phantom Force
|move|p2a: Sylveon|Tera Blast|p1a: Politoed
|-activate|p1a: Politoed|move: Protect
|
|-weather|none
|-start|p2b: Dragapult|perish2
|-start|p2a: Sylveon|perish2
|-start|p1a: Politoed|perish2
|-start|p1b: Gothitelle|perish2
|upkeep
|turn|6
|
|t:|1756280782
|-terastallize|p2a: Sylveon|Ground
|move|p2b: Dragapult|Phantom Force|p1a: Politoed|[from] lockedmove
|-damage|p1a: Politoed|6/100
|move|p2a: Sylveon|Tera Blast|p1b: Gothitelle|[anim] Tera Blast Ground
|-damage|p1b: Gothitelle|0 fnt
|faint|p1b: Gothitelle
|move|p1a: Politoed|Encore|p2a: Sylveon
|-start|p2a: Sylveon|Encore
|
|-start|p2b: Dragapult|perish1
|-start|p2a: Sylveon|perish1
|-start|p1a: Politoed|perish1
|upkeep
|
|t:|1756280796
|switch|p1b: Metagross|Metagross, L50|100/100
|turn|7
|
|t:|1756280803
|move|p1b: Metagross|Protect|p1b: Metagross
|-singleturn|p1b: Metagross|Protect
|move|p2b: Dragapult|Dragon Darts|p1a: Politoed
|-damage|p1a: Politoed|0 fnt
|faint|p1a: Politoed
|move|p2a: Sylveon|Tera Blast|p1b: Metagross|[anim] Tera Blast Ground
|-activate|p1b: Metagross|move: Protect
|
|-start|p2b: Dragapult|perish0
|-start|p2a: Sylveon|perish0
|faint|p2b: Dragapult
|faint|p2a: Sylveon
|
|win|Moitamo
||viatles is ready for game 2.
|inactive|Moitamo has 30 seconds to confirm battle start!
||Moitamo is ready for game 2.
|uhtml|next|Next: Game 2 of 3
