|j|☆HEDGEHOGMEOW
|j|☆Mestremarkusme
|html|HEDGEHOGMEOWMestremarkusme    
|uhtml|bestof|Game 1 of a best-of-3
|t:|1785151927
|gametype|doubles
|player|p1|HEDGEHOGMEOW|102|1253
|player|p2|Mestremarkusme|hiker-gen4|1207
|gen|9
|tier|[Gen 9 Champions] VGC 2026 Reg M-B (Bo3)
|rated|
|rule|Species Clause: Limit one of each Pokémon
|rule|Item Clause: Limit 1 of each item
|clearpoke
|poke|p1|Raichu, L50, M|
|poke|p1|Maushold-Four, L50|
|poke|p1|Farigiraf, L50, M|
|poke|p1|Sylveon, L50, F|
|poke|p1|Kingambit, L50, F|
|poke|p1|Camerupt, L50, F|
|poke|p2|Incineroar, L50, F|
|poke|p2|Kingambit, L50, M|
|poke|p2|Sinistcha, L50|
|poke|p2|Sneasler, L50, M|
|poke|p2|Blastoise, L50, M|
|poke|p2|Delphox, L50, F|
|teampreview|4
|showteam|p1|Raichu||RaichuniteY|LightningRod|FakeOut,ZapCannon,FocusBlast,Protect|Timid||M|||50|]Maushold-Four||WideLens|Technician|PopulationBomb,Taunt,FollowMe,Protect|Jolly|||||50|]Farigiraf||SitrusBerry|ArmorTail|Psychic,TrickRoom,Protect,SkillSwap|Relaxed||M|||50|]Sylveon||FairyFeather|Pixilate|Detect,QuickAttack,HyperVoice,HyperBeam|Quiet||F|||50|]Kingambit||ChopleBerry|Defiant|SuckerPunch,KowtowCleave,IronHead,LowKick|Brave||F|||50|]Camerupt||Cameruptite|SolidRock|AncientPower,EarthPower,HeatWave,Protect|Quiet||F|||50|
|showteam|p2|Incineroar||SitrusBerry|Intimidate|FakeOut,FlareBlitz,ThroatChop,PartingShot|Impish||F|||50|]Kingambit||BlackGlasses|Defiant|KowtowCleave,SuckerPunch,SwordsDance,Protect|Adamant||M|||50|]Sinistcha||OccaBerry|Hospitality|MatchaGotcha,RagePowder,TrickRoom,Protect|Relaxed|||||50|]Sneasler||FocusSash|PoisonTouch|FakeOut,CloseCombat,PoisonJab,QuickGuard|Jolly||M|||50|]Blastoise||Blastoisinite|RainDish|WaterSpout,DarkPulse,ShellSmash,Protect|Modest||M|||50|]Delphox||Delphoxite|Blaze|HeatWave,Psychic,NastyPlot,Protect|Timid||F|||50|
|inactive|Battle timer is ON: inactive players will automatically lose when time's up. (requested by HEDGEHOGMEOW)
|inactive|HEDGEHOGMEOW has 60 seconds left.
|inactive|Mestremarkusme has 60 seconds left.
|
|t:|1785152013
|teamsize|p1|4
|teamsize|p2|4
|start
|switch|p1a: Farigiraf|Farigiraf, L50, M|100/100
|switch|p1b: Raichu|Raichu, L50, M|100/100
|switch|p2a: Sneasler|Sneasler, L50, M|100/100
|switch|p2b: Blastoise|Blastoise, L50, M|100/100
|turn|1
|inactive|HEDGEHOGMEOW has 30 seconds left.
|inactive|HEDGEHOGMEOW has 20 seconds left.
|
|t:|1785152051
|detailschange|p1b: Raichu|Raichu-Mega-Y, L50, M
|-mega|p1b: Raichu|Raichu|Raichunite Y
|detailschange|p2b: Blastoise|Blastoise-Mega, L50, M
|-mega|p2b: Blastoise|Blastoise|Blastoisinite
|move|p1b: Raichu|Protect|p1b: Raichu
|-singleturn|p1b: Raichu|Protect
|move|p2a: Sneasler|Quick Guard|p2a: Sneasler
|-singleturn|p2a: Sneasler|Quick Guard
|move|p2b: Blastoise|Water Spout|p1b: Raichu|[spread] p1a
|-activate|p1b: Raichu|move: Protect
|-damage|p1a: Farigiraf|38/100
|-enditem|p1a: Farigiraf|Sitrus Berry|[eat]
|-heal|p1a: Farigiraf|63/100|[from] item: Sitrus Berry
|move|p1a: Farigiraf|Psychic|p2a: Sneasler
|-supereffective|p2a: Sneasler|2
|-enditem|p2a: Sneasler|Focus Sash
|-damage|p2a: Sneasler|1/100
|
|upkeep
|turn|2
|
|t:|1785152075
|switch|p2b: Sinistcha|Sinistcha, L50|100/100
|-heal|p2a: Sneasler|25/100|[from] ability: Hospitality|[of] p2b: Sinistcha
|move|p1b: Raichu|Zap Cannon|p2b: Sinistcha
|-resisted|p2b: Sinistcha|1
|-damage|p2b: Sinistcha|67/100
|-status|p2b: Sinistcha|par
|move|p2a: Sneasler|Close Combat|p1b: Raichu
|-damage|p1b: Raichu|0 fnt
|-unboost|p2a: Sneasler|def|1
|-unboost|p2a: Sneasler|spd|1
|faint|p1b: Raichu
|move|p1a: Farigiraf|Trick Room|p1a: Farigiraf
|-fieldstart|move: Trick Room|[of] p1a: Farigiraf
|
|upkeep
|
|t:|1785152093
|switch|p1b: Sylveon|Sylveon, L50, F|100/100
|turn|3
|
|t:|1785152107
|move|p1b: Sylveon|Hyper Voice|p2a: Sneasler|[spread] p2a,p2b
|-damage|p2a: Sneasler|0 fnt
|-damage|p2b: Sinistcha|17/100 par
|faint|p2a: Sneasler
|move|p1a: Farigiraf|Psychic|p2b: Sinistcha
|-damage|p2b: Sinistcha|0 fnt
|faint|p2b: Sinistcha
|
|upkeep
|
|t:|1785152117
|switch|p2b: Incineroar|Incineroar, L50, F|100/100
|switch|p2a: Blastoise|Blastoise-Mega, L50, M|100/100
|-ability|p2b: Incineroar|Intimidate|boost
|-unboost|p1a: Farigiraf|atk|1
|-unboost|p1b: Sylveon|atk|1
|turn|4
|
|t:|1785152130
|switch|p1a: Kingambit|Kingambit, L50, F|100/100
|move|p2a: Blastoise|Protect|p2a: Blastoise
|-singleturn|p2a: Blastoise|Protect
|move|p1b: Sylveon|Hyper Voice|p2a: Blastoise|[spread] p2b
|-activate|p2a: Blastoise|move: Protect
|-damage|p2b: Incineroar|53/100
|move|p2b: Incineroar|Throat Chop|p1b: Sylveon
|-resisted|p1b: Sylveon|1
|-damage|p1b: Sylveon|82/100
|-start|p1b: Sylveon|Throat Chop|[silent]
|
|upkeep
|turn|5
|
|t:|1785152146
|move|p1a: Kingambit|Low Kick|p2b: Incineroar
|-supereffective|p2b: Incineroar|1
|-damage|p2b: Incineroar|4/100
|-enditem|p2b: Incineroar|Sitrus Berry|[eat]
|-heal|p2b: Incineroar|29/100|[from] item: Sitrus Berry
|move|p1b: Sylveon|Hyper Beam|p2a: Blastoise
|-crit|p2a: Blastoise
|-damage|p2a: Blastoise|0 fnt
|-mustrecharge|p1b: Sylveon
|faint|p2a: Blastoise
|move|p2b: Incineroar|Flare Blitz|p1a: Kingambit
|-supereffective|p1a: Kingambit|1
|-damage|p1a: Kingambit|26/100
|-damage|p2b: Incineroar|4/100|[from] Recoil
|
|-end|p1b: Sylveon|Throat Chop|[silent]
|upkeep
|turn|6
|
|t:|1785152161
|move|p1a: Kingambit|Low Kick|p2b: Incineroar
|-supereffective|p2b: Incineroar|1
|-damage|p2b: Incineroar|0 fnt
|faint|p2b: Incineroar
|
|win|HEDGEHOGMEOW
