|j|☆wingblade33
|j|☆Danidelaserna20
|html|wingblade33Danidelaserna20    
|uhtml|bestof|Game 1 of a best-of-3
|t:|1784745198
|gametype|doubles
|player|p1|wingblade33|266|1126
|player|p2|Danidelaserna20|ethan|1222
|gen|9
|tier|[Gen 9 Champions] VGC 2026 Reg M-B (Bo3)
|rated|
|rule|Species Clause: Limit one of each Pokémon
|rule|Item Clause: Limit 1 of each item
|clearpoke
|poke|p1|Tyranitar, L50, F|
|poke|p1|Milotic, L50, F|
|poke|p1|Farigiraf, L50, F|
|poke|p1|Gholdengo, L50|
|poke|p1|Excadrill, L50, M|
|poke|p1|Staraptor, L50, M|
|poke|p2|Hydreigon, L50, M|
|poke|p2|Sneasler, L50, F|
|poke|p2|Floette-Eternal, L50, F|
|poke|p2|Gholdengo, L50|
|poke|p2|Whimsicott, L50, F|
|poke|p2|Incineroar, L50, F|
|teampreview|4
|showteam|p1|Tyranitar||Tyranitarite|SandStream|KnockOff,DragonDance,RockSlide,Protect|Adamant||F|||50|]Milotic||Leftovers|Competitive|IcyWind,Scald,Haze,Protect|Calm||F|||50|]Farigiraf||SitrusBerry|ArmorTail|Psychic,TrickRoom,Roar,Thunderbolt|Modest||F|||50|]Gholdengo||LifeOrb|GoodasGold|MakeItRain,ShadowBall,NastyPlot,Protect|Modest|||||50|]Excadrill||FocusSash|SandRush|HighHorsepower,IronHead,RockSlide,Protect|Adamant||M|||50|]Staraptor||Staraptite|Intimidate|CloseCombat,BraveBird,Tailwind,Protect|Jolly||M|||50|
|showteam|p2|Hydreigon||ChoiceScarf|Levitate|DarkPulse,DracoMeteor,Snarl,EarthPower|Modest||M|||50|]Sneasler||LifeOrb|PoisonTouch|FakeOut,DireClaw,CloseCombat,Protect|Jolly||F|||50|]Floette-Eternal||Floettite|FlowerVeil|CalmMind,DazzlingGleam,Moonblast,Protect|Timid||F|||50|]Gholdengo||FocusSash|GoodasGold|MakeItRain,ShadowBall,PowerGem,Protect|Modest|||||50|]Whimsicott||FairyFeather|Prankster|Tailwind,Moonblast,Encore,Protect|Timid||F|||50|]Incineroar||SitrusBerry|Intimidate|FakeOut,PartingShot,ThroatChop,FlareBlitz|Careful||F|||50|
|inactive|Battle timer is ON: inactive players will automatically lose when time's up. (requested by wingblade33)
|inactive|wingblade33 has 60 seconds left.
|inactive|Danidelaserna20 has 60 seconds left.
|inactive|wingblade33 has 30 seconds left.
|inactive|wingblade33 has 20 seconds left.
|inactive|wingblade33 has 15 seconds left.
|inactive|wingblade33 has 10 seconds left.
|inactive|wingblade33 has 5 seconds left.
|
|t:|1784745300
|teamsize|p1|4
|teamsize|p2|4
|start
|switch|p1a: Milotic|Milotic, L50, F|100/100
|switch|p1b: Staraptor|Staraptor, L50, M|100/100
|switch|p2a: Floette|Floette-Eternal, L50, F|100/100
|switch|p2b: Incineroar|Incineroar, L50, F|100/100
|-ability|p1b: Staraptor|Intimidate|boost
|-unboost|p2a: Floette|atk|1
|-unboost|p2b: Incineroar|atk|1
|-ability|p2b: Incineroar|Intimidate|boost
|-unboost|p1a: Milotic|atk|1
|-ability|p1a: Milotic|Competitive|boost
|-boost|p1a: Milotic|spa|2
|-unboost|p1b: Staraptor|atk|1
|turn|1
|inactive|wingblade33 has 30 seconds left.
|inactive|wingblade33 has 20 seconds left.
|
|t:|1784745336
|detailschange|p2a: Floette|Floette-Mega, L50, F
|-mega|p2a: Floette|Floette|Floettite
|-ability|p2a: Floette|Fairy Aura
|move|p2b: Incineroar|Fake Out|p1a: Milotic
|-damage|p1a: Milotic|93/100
|move|p1b: Staraptor|Tailwind|p1b: Staraptor
|-sidestart|p1: wingblade33|move: Tailwind
|cant|p1a: Milotic|flinch
|move|p2a: Floette|Calm Mind|p2a: Floette
|-boost|p2a: Floette|spa|1
|-boost|p2a: Floette|spd|1
|
|-heal|p1a: Milotic|99/100|[from] item: Leftovers
|upkeep
|turn|2
|inactive|wingblade33 has 30 seconds left.
|inactive|wingblade33 has 20 seconds left.
|inactive|wingblade33 has 15 seconds left.
|
|t:|1784745376
|switch|p2b: Whimsicott|Whimsicott, L50, F|100/100
|move|p1b: Staraptor|Close Combat|p2b: Whimsicott
|-resisted|p2b: Whimsicott|1
|-damage|p2b: Whimsicott|80/100
|-unboost|p1b: Staraptor|def|1
|-unboost|p1b: Staraptor|spd|1
|move|p1a: Milotic|Haze|p1a: Milotic
|-clearallboost
|move|p2a: Floette|Moonblast|p1b: Staraptor
|-damage|p1b: Staraptor|0 fnt
|faint|p1b: Staraptor
|
|-heal|p1a: Milotic|100/100|[from] item: Leftovers
|upkeep
|
|t:|1784745392
|switch|p1b: Gholdengo|Gholdengo, L50|100/100
|turn|3
|inactive|wingblade33 has 30 seconds left.
|
|t:|1784745425
|move|p2a: Floette|Protect|p2a: Floette
|-singleturn|p2a: Floette|Protect
|move|p2b: Whimsicott|Tailwind|p2b: Whimsicott
|-sidestart|p2: Danidelaserna20|move: Tailwind
|move|p1b: Gholdengo|Make It Rain|p2a: Floette|[spread] p2b
|-activate|p2a: Floette|move: Protect
|-supereffective|p2b: Whimsicott|1
|-damage|p2b: Whimsicott|0 fnt
|-unboost|p1b: Gholdengo|spa|2
|faint|p2b: Whimsicott
|-damage|p1b: Gholdengo|90/100|[from] item: Life Orb
|move|p1a: Milotic|Scald|p2a: Floette
|-activate|p2a: Floette|move: Protect
|
|upkeep
|
|t:|1784745435
|switch|p2b: Hydreigon|Hydreigon, L50, M|100/100
|turn|4
|
|t:|1784745446
|switch|p1b: Excadrill|Excadrill, L50, M|100/100
|move|p2b: Hydreigon|Dark Pulse|p1a: Milotic
|-damage|p1a: Milotic|67/100
|move|p2a: Floette|Moonblast|p1a: Milotic
|-damage|p1a: Milotic|23/100
|move|p1a: Milotic|Icy Wind|p2b: Hydreigon|[spread] p2a,p2b
|-supereffective|p2b: Hydreigon|1
|-damage|p2a: Floette|93/100
|-damage|p2b: Hydreigon|75/100
|-unboost|p2a: Floette|spe|1
|-unboost|p2b: Hydreigon|spe|1
|
|-heal|p1a: Milotic|29/100|[from] item: Leftovers
|-sideend|p1: wingblade33|move: Tailwind
|upkeep
|turn|5
|inactive|wingblade33 has 30 seconds left.
|inactive|wingblade33 has 20 seconds left.
|
|t:|1784745483
|switch|p2a: Incineroar|Incineroar, L50, F|100/100
|-ability|p2a: Incineroar|Intimidate|boost
|-unboost|p1a: Milotic|atk|1
|-ability|p1a: Milotic|Competitive|boost
|-boost|p1a: Milotic|spa|2
|-unboost|p1b: Excadrill|atk|1
|move|p1a: Milotic|Protect|p1a: Milotic
|-singleturn|p1a: Milotic|Protect
|move|p2b: Hydreigon|Dark Pulse|p1a: Milotic
|-activate|p1a: Milotic|move: Protect
|move|p1b: Excadrill|Iron Head|p2b: Hydreigon
|-damage|p2b: Hydreigon|41/100
|
|-heal|p1a: Milotic|35/100|[from] item: Leftovers
|upkeep
|turn|6
|inactive|wingblade33 has 30 seconds left.
|inactive|wingblade33 has 20 seconds left.
|
|t:|1784745520
|switch|p1b: Gholdengo|Gholdengo, L50|90/100
|move|p1a: Milotic|Protect||[still]
|-fail|p1a: Milotic
|move|p2a: Incineroar|Fake Out|p1a: Milotic
|-damage|p1a: Milotic|25/100
|move|p2b: Hydreigon|Dark Pulse|p1a: Milotic
|-damage|p1a: Milotic|0 fnt
|faint|p1a: Milotic
|
|-sideend|p2: Danidelaserna20|move: Tailwind
|upkeep
|
|t:|1784745531
|switch|p1a: Excadrill|Excadrill, L50, M|100/100
|turn|7
|inactive|wingblade33 has 30 seconds left.
|
|t:|1784745561
|switch|p2a: Floette|Floette-Mega, L50, F|93/100
|-ability|p2a: Floette|Fairy Aura
|move|p2b: Hydreigon|Dark Pulse|p1a: Excadrill
|-damage|p1a: Excadrill|43/100
|move|p1a: Excadrill|Rock Slide|p2a: Floette|[spread] p2a,p2b
|-crit|p2b: Hydreigon
|-damage|p2a: Floette|70/100
|-damage|p2b: Hydreigon|3/100
|move|p1b: Gholdengo|Make It Rain|p2a: Floette|[spread] p2a,p2b
|-supereffective|p2a: Floette|1
|-damage|p2a: Floette|0 fnt
|-damage|p2b: Hydreigon|0 fnt
|-unboost|p1b: Gholdengo|spa|2
|faint|p2a: Floette
|faint|p2b: Hydreigon
|-damage|p1b: Gholdengo|80/100|[from] item: Life Orb
|
|upkeep
|
|t:|1784745574
|switch|p2b: Incineroar|Incineroar, L50, F|100/100
|-ability|p2b: Incineroar|Intimidate|boost
|-unboost|p1a: Excadrill|atk|1
|-unboost|p1b: Gholdengo|atk|1
|turn|8
|inactive|wingblade33 has 30 seconds left.
|
|t:|1784745607
|move|p1a: Excadrill|Rock Slide|p2b: Incineroar
|-supereffective|p2b: Incineroar|1
|-damage|p2b: Incineroar|64/100
|move|p1b: Gholdengo|Shadow Ball|p2b: Incineroar
|-resisted|p2b: Incineroar|1
|-damage|p2b: Incineroar|52/100
|-damage|p1b: Gholdengo|70/100|[from] item: Life Orb
|move|p2b: Incineroar|Flare Blitz|p1a: Excadrill
|-supereffective|p1a: Excadrill|1
|-damage|p1a: Excadrill|0 fnt
|faint|p1a: Excadrill
|-damage|p2b: Incineroar|39/100|[from] Recoil
|-enditem|p2b: Incineroar|Sitrus Berry|[eat]
|-heal|p2b: Incineroar|64/100|[from] item: Sitrus Berry
|
|upkeep
|turn|9
|
|t:|1784745622
|move|p1b: Gholdengo|Shadow Ball|p2b: Incineroar
|-resisted|p2b: Incineroar|1
|-damage|p2b: Incineroar|52/100
|-damage|p1b: Gholdengo|60/100|[from] item: Life Orb
|move|p2b: Incineroar|Flare Blitz|p1b: Gholdengo
|-supereffective|p1b: Gholdengo|1
|-damage|p1b: Gholdengo|0 fnt
|faint|p1b: Gholdengo
|-damage|p2b: Incineroar|34/100|[from] Recoil
|
|win|Danidelaserna20
||wingblade33 is ready for game 2.
||Danidelaserna20 is ready for game 2.
|uhtml|next|Next: Game 2 of 3
