|j|☆ParroTiest
|j|☆TeyVgc
|html|ParroTiestTeyVgc    
|uhtml|bestof|Game 1 of a best-of-3
|t:|1756510510
|gametype|doubles
|player|p1|ParroTiest|265|1124
|player|p2|TeyVgc|2|1142
|gen|9
|tier|[Gen 9] VGC 2025 Reg H (Bo3)
|rated|
|rule|Species Clause: Limit one of each Pokémon
|rule|Item Clause: Limit 1 of each item
|clearpoke
|poke|p1|Grimmsnarl, L50, M|
|poke|p1|Ursaluna-Bloodmoon, L50, M|
|poke|p1|Farigiraf, L50, F|
|poke|p1|Gholdengo, L50|
|poke|p1|Rillaboom, L50, F|
|poke|p1|Volcarona, L50, F|
|poke|p2|Ursaluna-Bloodmoon, L50, M|
|poke|p2|Gholdengo, L50|
|poke|p2|Dragonite, L50, F|
|poke|p2|Sneasler, L50, F|
|poke|p2|Incineroar, L50, F|
|poke|p2|Indeedee, L50, M|
|teampreview|4
|showteam|p1|Grimmsnarl||LightClay|Prankster|Reflect,LightScreen,SpiritBreak,Taunt|||M|||50|,,,,,Ghost]Ursaluna-Bloodmoon||LifeOrb|MindsEye|BloodMoon,HyperVoice,EarthPower,Protect|||M|||50|,,,,,Normal]Farigiraf||ThroatSpray|ArmorTail|HyperVoice,Psychic,TrickRoom,Protect|||F|||50|,,,,,Fairy]Gholdengo||ChoiceSpecs|GoodasGold|MakeItRain,ShadowBall,PowerGem,Trick||||||50|,,,,,Water]Rillaboom||AssaultVest|GrassySurge|FakeOut,WoodHammer,GrassyGlide,Uturn|||F|||50|,,,,,Fire]Volcarona||Leftovers|FlameBody|QuiverDance,HeatWave,GigaDrain,Protect|||F|||50|,,,,,Grass
|showteam|p2|Ursaluna-Bloodmoon||AssaultVest|MindsEye|BloodMoon,EarthPower,VacuumWave,HyperVoice|||M|||50|,,,,,Water]Gholdengo||LifeOrb|GoodasGold|Protect,MakeItRain,ShadowBall,NastyPlot||||||50|,,,,,Water]Dragonite||LoadedDice|Multiscale|ScaleShot,Tailwind,Haze,Protect|||F|||50|,,,,,Fairy]Sneasler||PsychicSeed|Unburden|Protect,DireClaw,CloseCombat,ThroatChop|||F|||50|,,,,,Stellar]Incineroar||SafetyGoggles|Intimidate|KnockOff,PartingShot,FlareBlitz,FakeOut|||F|||50|,,,,,Ghost]Indeedee||FocusSash|PsychicSurge|ExpandingForce,TrickRoom,Imprison,TeraBlast|||M|||50|,,,,,Fighting
|inactive|Battle timer is ON: inactive players will automatically lose when time's up. (requested by ParroTiest)
|inactive|ParroTiest has 60 seconds left.
|inactive|TeyVgc has 60 seconds left.
|inactive|ParroTiest has 30 seconds left.
|inactive|TeyVgc has 30 seconds left.
|inactive|ParroTiest has 20 seconds left.
|inactive|ParroTiest has 15 seconds left.
|
|t:|1756510589
|teamsize|p1|4
|teamsize|p2|4
|start
|switch|p1a: monke|Rillaboom, L50, F|100/100
|switch|p1b: no fake out|Farigiraf, L50, F|100/100
|switch|p2a: Tuco|Incineroar, L50, F|100/100
|switch|p2b: Joaquin|Dragonite, L50, F|100/100
|-fieldstart|move: Grassy Terrain|[from] ability: Grassy Surge|[of] p1a: monke
|-ability|p2a: Tuco|Intimidate|boost
|-unboost|p1a: monke|atk|1
|-unboost|p1b: no fake out|atk|1
|turn|1
|inactive|TeyVgc has 30 seconds left.
|inactive|TeyVgc has 20 seconds left.
|inactive|TeyVgc has 15 seconds left.
|inactive|TeyVgc has 10 seconds left.
|inactive|TeyVgc has 5 seconds left.
|
|t:|1756510640
|switch|p2a: Marco|Indeedee, L50, M|100/100
|-fieldstart|move: Psychic Terrain|[from] ability: Psychic Surge|[of] p2a: Marco
|move|p1a: monke|Fake Out|p2a: Marco
|-activate|p2a: Marco|move: Psychic Terrain
|move|p2b: Joaquin|Scale Shot|p1a: monke
|-damage|p1a: monke|87/100
|-damage|p1a: monke|72/100
|-damage|p1a: monke|56/100
|-damage|p1a: monke|41/100
|-hitcount|p1a: monke|4
|-unboost|p2b: Joaquin|def|1
|-boost|p2b: Joaquin|spe|1
|move|p1b: no fake out|Trick Room|p1b: no fake out
|-fieldstart|move: Trick Room|[of] p1b: no fake out
|
|upkeep
|turn|2
|inactive|TeyVgc has 30 seconds left.
|inactive|TeyVgc has 20 seconds left.
|
|t:|1756510679
|switch|p2a: Tuco|Incineroar, L50, F|100/100
|-ability|p2a: Tuco|Intimidate|boost
|-unboost|p1a: monke|atk|1
|-unboost|p1b: no fake out|atk|1
|move|p1b: no fake out|Hyper Voice|p2a: Tuco|[spread] p2a,p2b
|-damage|p2a: Tuco|73/100
|-damage|p2b: Joaquin|82/100
|-enditem|p1b: no fake out|Throat Spray
|-boost|p1b: no fake out|spa|1|[from] item: Throat Spray
|move|p1a: monke|U-turn|p2b: Joaquin
|-resisted|p2b: Joaquin
|-damage|p2b: Joaquin|73/100
|
|t:|1756510691
|switch|p1a: instakill button|Ursaluna-Bloodmoon, L50, M|100/100|[from] U-turn
|move|p2b: Joaquin|Scale Shot|p1a: instakill button
|-damage|p1a: instakill button|89/100
|-damage|p1a: instakill button|79/100
|-damage|p1a: instakill button|68/100
|-damage|p1a: instakill button|57/100
|-hitcount|p1a: instakill button|4
|-unboost|p2b: Joaquin|def|1
|-boost|p2b: Joaquin|spe|1
|
|upkeep
|turn|3
|inactive|TeyVgc has 30 seconds left.
|inactive|TeyVgc has 20 seconds left.
|inactive|TeyVgc has 15 seconds left.
|inactive|TeyVgc has 10 seconds left.
|inactive|TeyVgc has 5 seconds left.
|
|t:|1756510743
|-terastallize|p1a: instakill button|Normal
|-terastallize|p2a: Tuco|Ghost
|move|p1b: no fake out|Hyper Voice|p2a: Tuco|[spread] p2b
|-immune|p2a: Tuco
|-damage|p2b: Joaquin|20/100
|move|p1a: instakill button|Hyper Voice|p2b: Joaquin|[spread] p2a,p2b
|-crit|p2b: Joaquin
|-damage|p2a: Tuco|14/100
|-damage|p2b: Joaquin|0 fnt
|faint|p2b: Joaquin
|-damage|p1a: instakill button|47/100|[from] item: Life Orb
|move|p2a: Tuco|Knock Off|p1a: instakill button
|-damage|p1a: instakill button|18/100
|-enditem|p1a: instakill button|Life Orb|[from] move: Knock Off|[of] p2a: Tuco
|
|upkeep
|
|t:|1756510758
|switch|p2b: Leonel|Sneasler, L50, F|100/100
|-enditem|p2b: Leonel|Psychic Seed
|-boost|p2b: Leonel|spd|1|[from] item: Psychic Seed
|turn|4
|
|t:|1756510778
|move|p2b: Leonel|Protect|p2b: Leonel
|-singleturn|p2b: Leonel|Protect
|move|p1b: no fake out|Psychic|p2b: Leonel
|-activate|p2b: Leonel|move: Protect
|move|p1a: instakill button|Hyper Voice|p2b: Leonel|[spread] p2a
|-activate|p2b: Leonel|move: Protect
|-damage|p2a: Tuco|0 fnt
|faint|p2a: Tuco
|
|upkeep
|
|t:|1756510788
|switch|p2a: Marco|Indeedee, L50, M|100/100
|turn|5
|
|t:|1756510799
|move|p2b: Leonel|Protect||[still]
|-fail|p2b: Leonel
|move|p1b: no fake out|Psychic|p2b: Leonel
|-supereffective|p2b: Leonel
|-damage|p2b: Leonel|0 fnt
|faint|p2b: Leonel
|move|p1a: instakill button|Hyper Voice|p2a: Marco
|-enditem|p2a: Marco|Focus Sash
|-damage|p2a: Marco|1/100
|move|p2a: Marco|Expanding Force|p1a: instakill button|[spread] p1a,p1b
|-resisted|p1b: no fake out
|-damage|p1a: instakill button|0 fnt
|-damage|p1b: no fake out|79/100
|faint|p1a: instakill button
|
|-fieldend|move: Trick Room
|-fieldend|move: Psychic Terrain
|upkeep
|
|t:|1756510804
|switch|p1a: monke|Rillaboom, L50, F|41/100
|-fieldstart|move: Grassy Terrain|[from] ability: Grassy Surge|[of] p1a: monke
|turn|6
|
|t:|1756510810
|move|p1a: monke|Fake Out|p2a: Marco
|-damage|p2a: Marco|0 fnt
|faint|p2a: Marco
|
|win|ParroTiest
