|j|☆failandimprove2
|j|☆bogging
|html|failandimprove2bogging    
|uhtml|bestof|Game 2 of a best-of-3
|t:|1783279306
|gametype|doubles
|player|p1|failandimprove2|2|1427
|player|p2|bogging|bugcatcher-gen4dp|1473
|gen|9
|tier|[Gen 9 Champions] VGC 2026 Reg M-B (Bo3)
|rated|
|rule|Species Clause: Limit one of each Pokémon
|rule|Item Clause: Limit 1 of each item
|clearpoke
|poke|p1|Charizard, L50, M|
|poke|p1|Floette-Eternal, L50, F|
|poke|p1|Whimsicott, L50, M|
|poke|p1|Basculegion, L50, M|
|poke|p1|Kingambit, L50, M|
|poke|p1|Garchomp, L50, M|
|poke|p2|Staraptor, L50, F|
|poke|p2|Incineroar, L50, M|
|poke|p2|Whimsicott, L50, M|
|poke|p2|Ceruledge, L50, F|
|poke|p2|Mawile, L50, M|
|poke|p2|Hydreigon, L50, M|
|teampreview|4
|showteam|p1|Charizard||CharizarditeY|Blaze|HeatWave,WeatherBall,SolarBeam,Protect|Modest||M|||50|]Floette-Eternal||Floettite|FlowerVeil|Moonblast,DazzlingGleam,LightofRuin,Protect|Timid||F|||50|]Whimsicott||FocusSash|Prankster|Moonblast,Tailwind,Encore,Protect|Timid||M|||50|]Basculegion||MysticWater|Adaptability|WaveCrash,LastRespects,AquaJet,Protect|Adamant||M|||50|]Kingambit||ChopleBerry|Defiant|KowtowCleave,SuckerPunch,IronHead,LowKick|Adamant||M|||50|]Garchomp||LifeOrb|RoughSkin|Earthquake,RockSlide,DragonClaw,Protect|Jolly||M|||50|
|showteam|p2|Staraptor||Staraptite|Intimidate|CloseCombat,BraveBird,Roost,Protect|Jolly||F|||50|]Incineroar||SitrusBerry|Intimidate|DarkestLariat,PartingShot,FakeOut,FlareBlitz|Impish||M|||50|]Whimsicott||FocusSash|Prankster|Moonblast,Protect,Charm,Tailwind|Timid||M|||50|]Ceruledge||ColburBerry|FlashFire|BitterBlade,Protect,BulkUp,ShadowSneak|Adamant||F|||50|]Mawile||Mawilite|HyperCutter|PlayRough,IronHead,SuckerPunch,Protect|Adamant||M|||50|]Hydreigon||ChoiceScarf|Levitate|DarkPulse,DracoMeteor,Snarl,EarthPower|Modest||M|||50|
|inactive|Battle timer is ON: inactive players will automatically lose when time's up. (requested by failandimprove2)
|inactive|failandimprove2 has 60 seconds left.
|
|t:|1783279347
|teamsize|p1|4
|teamsize|p2|4
|start
|switch|p1a: Floette|Floette-Eternal, L50, F|100/100
|switch|p1b: Basculegion|Basculegion, L50, M|100/100
|switch|p2a: Mawile|Mawile, L50, M|100/100
|switch|p2b: Incineroar|Incineroar, L50, M|100/100
|-ability|p2b: Incineroar|Intimidate|boost
|-unboost|p1a: Floette|atk|1
|-unboost|p1b: Basculegion|atk|1
|turn|1
|
|t:|1783279369
|detailschange|p1a: Floette|Floette-Mega, L50, F
|-mega|p1a: Floette|Floette|Floettite
|-ability|p1a: Floette|Fairy Aura
|detailschange|p2a: Mawile|Mawile-Mega, L50, M
|-mega|p2a: Mawile|Mawile|Mawilite
|move|p1a: Floette|Dazzling Gleam|p2b: Incineroar|[spread] p2a,p2b
|-resisted|p2a: Mawile|1
|-damage|p2a: Mawile|71/100
|-damage|p2b: Incineroar|58/100
|move|p1b: Basculegion|Wave Crash|p2b: Incineroar
|-supereffective|p2b: Incineroar|1
|-damage|p2b: Incineroar|0 fnt
|faint|p2b: Incineroar
|-damage|p1b: Basculegion|81/100|[from] Recoil
|move|p2a: Mawile|Play Rough|p1a: Floette
|-crit|p1a: Floette
|-damage|p1a: Floette|0 fnt
|faint|p1a: Floette
|
|upkeep
|
|t:|1783279385
|switch|p1a: Garchomp|Garchomp, L50, M|100/100
|switch|p2b: Whimsicott|Whimsicott, L50, M|100/100
|turn|2
|
|t:|1783279398
|switch|p1b: Whimsicott|Whimsicott, L50, M|100/100
|move|p1a: Garchomp|Protect|p1a: Garchomp
|-singleturn|p1a: Garchomp|Protect
|move|p2a: Mawile|Protect|p2a: Mawile
|-singleturn|p2a: Mawile|Protect
|move|p2b: Whimsicott|Tailwind|p2b: Whimsicott
|-sidestart|p2: bogging|move: Tailwind
|
|upkeep
|turn|3
|
|t:|1783279416
|move|p1b: Whimsicott|Encore|p2a: Mawile
|-start|p2a: Mawile|Encore
|move|p2a: Mawile|Protect||[still]
|-fail|p2a: Mawile
|move|p2b: Whimsicott|Moonblast|p1a: Garchomp
|-supereffective|p1a: Garchomp|1
|-damage|p1a: Garchomp|20/100y
|-unboost|p1a: Garchomp|spa|1
|move|p1a: Garchomp|Rock Slide|p2b: Whimsicott|[spread] p2a,p2b
|-resisted|p2a: Mawile|1
|-damage|p2a: Mawile|60/100
|-damage|p2b: Whimsicott|62/100
|-damage|p1a: Garchomp|11/100|[from] item: Life Orb
|
|upkeep
|turn|4
|inactive|failandimprove2 has 30 seconds left.
|
|t:|1783279442
|switch|p2a: Ceruledge|Ceruledge, L50, F|100/100
|move|p1a: Garchomp|Protect|p1a: Garchomp
|-singleturn|p1a: Garchomp|Protect
|move|p2b: Whimsicott|Moonblast|p1a: Garchomp
|-activate|p1a: Garchomp|move: Protect
|move|p1b: Whimsicott|Moonblast|p2b: Whimsicott
|-damage|p2b: Whimsicott|8/100
|-unboost|p2b: Whimsicott|spa|1
|
|upkeep
|turn|5
|inactive|failandimprove2 has 30 seconds left.
|
|t:|1783279467
|move|p1b: Whimsicott|Protect|p1b: Whimsicott
|-singleturn|p1b: Whimsicott|Protect
|move|p2b: Whimsicott|Moonblast|p1a: Garchomp
|-supereffective|p1a: Garchomp|1
|-damage|p1a: Garchomp|0 fnt
|faint|p1a: Garchomp
|move|p2a: Ceruledge|Bitter Blade|p1b: Whimsicott
|-activate|p1b: Whimsicott|move: Protect
|
|-sideend|p2: bogging|move: Tailwind
|upkeep
|
|t:|1783279472
|switch|p1a: Basculegion|Basculegion, L50, M|81/100
|turn|6
|inactive|failandimprove2 has 30 seconds left.
|
|t:|1783279498
|move|p1a: Basculegion|Protect|p1a: Basculegion
|-singleturn|p1a: Basculegion|Protect
|move|p1b: Whimsicott|Encore|p2a: Ceruledge
|-start|p2a: Ceruledge|Encore
|move|p2b: Whimsicott|Charm|p1a: Basculegion
|-activate|p1a: Basculegion|move: Protect
|move|p2a: Ceruledge|Bitter Blade|p1b: Whimsicott
|-supereffective|p1b: Whimsicott|1
|-enditem|p1b: Whimsicott|Focus Sash
|-damage|p1b: Whimsicott|1/100
|
|upkeep
|turn|7
|
|t:|1783279516
|move|p1b: Whimsicott|Protect|p1b: Whimsicott
|-singleturn|p1b: Whimsicott|Protect
|move|p2b: Whimsicott|Charm|p1a: Basculegion
|-unboost|p1a: Basculegion|atk|2
|move|p1a: Basculegion|Last Respects|p2a: Ceruledge
|-supereffective|p2a: Ceruledge|1
|-damage|p2a: Ceruledge|1/100
|move|p2a: Ceruledge|Bitter Blade|p1b: Whimsicott
|-activate|p1b: Whimsicott|move: Protect
|
|upkeep
|turn|8
|inactive|failandimprove2 has 30 seconds left.
|inactive|bogging has 30 seconds left.
|inactive|failandimprove2 has 20 seconds left.
|
|t:|1783279552
|move|p2b: Whimsicott|Protect|p2b: Whimsicott
|-singleturn|p2b: Whimsicott|Protect
|move|p1a: Basculegion|Aqua Jet|p2b: Whimsicott
|-activate|p2b: Whimsicott|move: Protect
|move|p1b: Whimsicott|Moonblast|p2a: Ceruledge
|-resisted|p2a: Ceruledge|1
|-damage|p2a: Ceruledge|0 fnt
|faint|p2a: Ceruledge
|
|upkeep
|
|t:|1783279558
|switch|p2a: Mawile|Mawile-Mega, L50, M|60/100
|turn|9
|inactive|bogging has 30 seconds left.
|
|t:|1783279586
|move|p1a: Basculegion|Protect|p1a: Basculegion
|-singleturn|p1a: Basculegion|Protect
|move|p1b: Whimsicott|Encore|p2b: Whimsicott
|-start|p2b: Whimsicott|Encore
|move|p2b: Whimsicott|Protect||[still]
|-fail|p2b: Whimsicott
|move|p2a: Mawile|Iron Head|p1b: Whimsicott
|-supereffective|p1b: Whimsicott|1
|-damage|p1b: Whimsicott|0 fnt
|faint|p1b: Whimsicott
|
|upkeep
|turn|10
|inactive|failandimprove2 has 30 seconds left.
|
|t:|1783279612
|move|p2b: Whimsicott|Protect|p2b: Whimsicott
|-singleturn|p2b: Whimsicott|Protect
|move|p2a: Mawile|Protect|p2a: Mawile
|-singleturn|p2a: Mawile|Protect
|move|p1a: Basculegion|Last Respects|p2a: Mawile
|-activate|p2a: Mawile|move: Protect
|
|upkeep
|turn|11
|
|t:|1783279620
|move|p2b: Whimsicott|Protect|p2b: Whimsicott
|-singleturn|p2b: Whimsicott|Protect
|move|p1a: Basculegion|Last Respects|p2a: Mawile
|-damage|p2a: Mawile|0 fnt
|faint|p2a: Mawile
|
|-end|p2b: Whimsicott|Encore
|upkeep
|turn|12
|-message|bogging forfeited.
|
|win|failandimprove2
|raw|failandimprove2's rating: 1427 → 1450(+23 for winning)
|raw|bogging's rating: 1473 → 1450(-23 for losing)
|l|☆bogging
|player|p2|
