|j|☆tk_feenix
|j|☆jussdoit
|html|tk_feenixjussdoit    
|uhtml|bestof|Game 2 of a best-of-3
|t:|1756986958
|gametype|doubles
|player|p1|tk_feenix|169|1081
|player|p2|jussdoit|steven|1030
|gen|9
|tier|[Gen 9] VGC 2025 Reg H (Bo3)
|rated|
|rule|Species Clause: Limit one of each Pokémon
|rule|Item Clause: Limit 1 of each item
|clearpoke
|poke|p1|Archaludon, L50, M|
|poke|p1|Gholdengo, L50|
|poke|p1|Pelipper, L50, F|
|poke|p1|Ursaluna, L50, F|
|poke|p1|Sinistcha, L50|
|poke|p1|Dragonite, L50, M|
|poke|p2|Archaludon, L50, M|
|poke|p2|Murkrow, L50, M|
|poke|p2|Ceruledge, L50, M|
|poke|p2|Gholdengo, L50|
|poke|p2|Kingdra, L50, F|
|poke|p2|Sinistcha, L50|
|teampreview|4
|showteam|p1|Archaludon||AssaultVest|Stamina|FlashCannon,ElectroShot,BodyPress,Snarl|||M|||50|,,,,,Fighting]Gholdengo||ChoiceScarf|GoodasGold|MakeItRain,ShadowBall,ThunderWave,Trick||||||50|,,,,,Flying]Pelipper||SafetyGoggles|Drizzle|WeatherBall,Hurricane,Tailwind,Protect|||F|||50|,,,,,Steel]Ursaluna||FlameOrb|Guts|Facade,HeadlongRush,Earthquake,Protect|||F|||50|,,,,,Dragon]Sinistcha||SitrusBerry|Hospitality|MatchaGotcha,LifeDew,RagePowder,TrickRoom||||||50|,,,,,Fire]Dragonite||LoadedDice|Multiscale|ScaleShot,Tailwind,Haze,Protect|||M|||50|,,,,,Fairy
|showteam|p2|Archaludon||PowerHerb|Stamina|ElectroShot,DragonPulse,FlashCannon,BodyPress|||M|||50|,,,,,Steel]Murkrow||Eviolite|Prankster|Haze,Tailwind,FoulPlay,RainDance|||M|||50|,,,,,Dark]Ceruledge||BigRoot|FlashFire|BitterBlade,ShadowSneak,SwordsDance,Protect|||M|||50|,,,,,Grass]Gholdengo||ChoiceSpecs|GoodasGold|MakeItRain,PowerGem,Thunderbolt,ShadowBall||||||50|,,,,,Water]Kingdra||LifeOrb|SwiftSwim|DracoMeteor,IceBeam,WeatherBall,TeraBlast|||F|||50|,,,,,Dark]Sinistcha||WeaknessPolicy|Hospitality|LifeDew,MatchaGotcha,StrengthSap,Protect||||||50|,,,,,Fire
|inactive|Battle timer is ON: inactive players will automatically lose when time's up. (requested by jussdoit)
|inactive|tk_feenix has 60 seconds left.
|
|t:|1756987002
|teamsize|p1|4
|teamsize|p2|4
|start
|switch|p1a: Ursaluna|Ursaluna, L50, F|100/100
|switch|p1b: Dragonite|Dragonite, L50, M|100/100
|switch|p2a: Murkrow|Murkrow, L50, M|100/100
|switch|p2b: Kingdra|Kingdra, L50, F|100/100
|turn|1
|inactive|tk_feenix has 30 seconds left.
|inactive|tk_feenix has 20 seconds left.
|inactive|tk_feenix has 15 seconds left.
|inactive|tk_feenix has 10 seconds left.
|inactive|tk_feenix has 5 seconds left.
|
|t:|1756987058
|-terastallize|p2b: Kingdra|Dark
|move|p2a: Murkrow|Rain Dance|p2a: Murkrow
|-weather|RainDance
|move|p2b: Kingdra|Weather Ball|p1b: Dragonite
|-resisted|p1b: Dragonite
|-crit|p1b: Dragonite
|-damage|p1b: Dragonite|63/100
|-damage|p2b: Kingdra|91/100|[from] item: Life Orb
|move|p1b: Dragonite|Scale Shot|p2a: Murkrow
|-damage|p2a: Murkrow|86/100
|-damage|p2a: Murkrow|70/100
|-damage|p2a: Murkrow|54/100
|-damage|p2a: Murkrow|39/100
|-damage|p2a: Murkrow|23/100
|-hitcount|p2a: Murkrow|5
|-unboost|p1b: Dragonite|def|1
|-boost|p1b: Dragonite|spe|1
|move|p1a: Ursaluna|Facade|p2a: Murkrow
|-damage|p2a: Murkrow|0 fnt
|faint|p2a: Murkrow
|
|-weather|RainDance|[upkeep]
|-status|p1a: Ursaluna|brn|[from] item: Flame Orb
|upkeep
|
|t:|1756987081
|switch|p2a: Archaludon|Archaludon, L50, M|100/100
|turn|2
|
|t:|1756987098
|-terastallize|p1b: Dragonite|Fairy
|move|p1a: Ursaluna|Protect|p1a: Ursaluna
|-singleturn|p1a: Ursaluna|Protect
|move|p2b: Kingdra|Weather Ball|p1a: Ursaluna
|-activate|p1a: Ursaluna|move: Protect
|move|p1b: Dragonite|Tailwind|p1b: Dragonite
|-sidestart|p1: tk_feenix|move: Tailwind
|move|p2a: Archaludon|Electro Shot||[still]
|-prepare|p2a: Archaludon|Electro Shot
|-boost|p2a: Archaludon|spa|1
|-anim|p2a: Archaludon|Electro Shot|p1b: Dragonite
|-damage|p1b: Dragonite|1/100
|
|-weather|RainDance|[upkeep]
|-damage|p1a: Ursaluna|95/100 brn|[from] brn
|upkeep
|turn|3
|inactive|tk_feenix has 30 seconds left.
|inactive|jussdoit has 30 seconds left.
|inactive|tk_feenix has 20 seconds left.
|
|t:|1756987134
|switch|p1a: Archaludon|Archaludon, L50, M|100/100
|move|p1b: Dragonite|Scale Shot|p2b: Kingdra
|-damage|p2b: Kingdra|74/100
|-damage|p2b: Kingdra|58/100
|-damage|p2b: Kingdra|42/100
|-damage|p2b: Kingdra|25/100
|-hitcount|p2b: Kingdra|4
|-unboost|p1b: Dragonite|def|1
|-boost|p1b: Dragonite|spe|1
|move|p2b: Kingdra|Weather Ball|p1a: Archaludon
|-resisted|p1a: Archaludon
|-damage|p1a: Archaludon|71/100
|-ability|p1a: Archaludon|Stamina|boost
|-boost|p1a: Archaludon|def|1
|-damage|p2b: Kingdra|15/100|[from] item: Life Orb
|move|p2a: Archaludon|Electro Shot||[still]
|-prepare|p2a: Archaludon|Electro Shot
|-boost|p2a: Archaludon|spa|1
|-anim|p2a: Archaludon|Electro Shot|p1b: Dragonite
|-damage|p1b: Dragonite|0 fnt
|faint|p1b: Dragonite
|
|-weather|RainDance|[upkeep]
|upkeep
|
|t:|1756987154
|switch|p1b: Ursaluna|Ursaluna, L50, F|95/100 brn
|turn|4
|
|t:|1756987174
|move|p1b: Ursaluna|Protect|p1b: Ursaluna
|-singleturn|p1b: Ursaluna|Protect
|move|p2b: Kingdra|Weather Ball|p1b: Ursaluna
|-activate|p1b: Ursaluna|move: Protect
|move|p1a: Archaludon|Electro Shot||[still]
|-prepare|p1a: Archaludon|Electro Shot
|-boost|p1a: Archaludon|spa|1
|-anim|p1a: Archaludon|Electro Shot|p2b: Kingdra
|-damage|p2b: Kingdra|0 fnt
|faint|p2b: Kingdra
|move|p2a: Archaludon|Dragon Pulse|p1a: Archaludon
|-damage|p1a: Archaludon|12/100
|-ability|p1a: Archaludon|Stamina|boost
|-boost|p1a: Archaludon|def|1
|
|-weather|RainDance|[upkeep]
|-damage|p1b: Ursaluna|89/100 brn|[from] brn
|upkeep
|
|t:|1756987188
|switch|p2b: Sinistcha|Sinistcha, L50|100/100
|turn|5
|
|t:|1756987197
|move|p2b: Sinistcha|Protect|p2b: Sinistcha
|-singleturn|p2b: Sinistcha|Protect
|move|p1a: Archaludon|Electro Shot||[still]
|-prepare|p1a: Archaludon|Electro Shot
|-boost|p1a: Archaludon|spa|1
|-anim|p1a: Archaludon|Electro Shot|p2b: Sinistcha
|-activate|p2b: Sinistcha|move: Protect
|move|p1b: Ursaluna|Headlong Rush|p2a: Archaludon
|-supereffective|p2a: Archaludon
|-damage|p2a: Archaludon|0 fnt
|-unboost|p1b: Ursaluna|def|1
|-unboost|p1b: Ursaluna|spd|1
|faint|p2a: Archaludon
|
|-weather|none
|-damage|p1b: Ursaluna|83/100 brn|[from] brn
|-sideend|p1: tk_feenix|move: Tailwind
|upkeep
|turn|6
|
|t:|1756987216
|switch|p1b: Pelipper|Pelipper, L50, F|100/100
|-weather|RainDance|[from] ability: Drizzle|[of] p1b: Pelipper
|move|p1a: Archaludon|Electro Shot||[still]
|-prepare|p1a: Archaludon|Electro Shot
|-boost|p1a: Archaludon|spa|1
|-anim|p1a: Archaludon|Electro Shot|p2b: Sinistcha
|-resisted|p2b: Sinistcha
|-damage|p2b: Sinistcha|50/100
|move|p2b: Sinistcha|Matcha Gotcha|p1a: Archaludon|[spread] p1a,p1b
|-resisted|p1a: Archaludon
|-damage|p1a: Archaludon|8/100
|-heal|p2b: Sinistcha|53/100|[from] drain|[of] p1a: Archaludon
|-damage|p1b: Pelipper|71/100
|-heal|p2b: Sinistcha|69/100|[from] drain|[of] p1b: Pelipper
|-ability|p1a: Archaludon|Stamina|boost
|-boost|p1a: Archaludon|def|1
|
|-weather|RainDance|[upkeep]
|upkeep
|turn|7
|
|t:|1756987238
|move|p1a: Archaludon|Electro Shot||[still]
|-prepare|p1a: Archaludon|Electro Shot
|-boost|p1a: Archaludon|spa|1
|-anim|p1a: Archaludon|Electro Shot|p2b: Sinistcha
|-resisted|p2b: Sinistcha
|-damage|p2b: Sinistcha|13/100
|move|p2b: Sinistcha|Matcha Gotcha|p1b: Pelipper|[spread] p1a,p1b
|-resisted|p1a: Archaludon
|-damage|p1a: Archaludon|4/100
|-heal|p2b: Sinistcha|16/100|[from] drain|[of] p1a: Archaludon
|-damage|p1b: Pelipper|41/100
|-heal|p2b: Sinistcha|31/100|[from] drain|[of] p1b: Pelipper
|-status|p1b: Pelipper|brn
|-ability|p1a: Archaludon|Stamina|boost
|-boost|p1a: Archaludon|def|1
|move|p1b: Pelipper|Hurricane|p2b: Sinistcha
|-supereffective|p2b: Sinistcha
|-damage|p2b: Sinistcha|0 fnt
|faint|p2b: Sinistcha
|
|win|tk_feenix
|raw|tk_feenix's rating: 1081 → 1105(+24 for winning)
|raw|jussdoit's rating: 1030 → 1018(-12 for losing)
|l|☆jussdoit
|player|p2|
