|j|☆ewfgqf2
|j|☆ToastedArt
|html|ewfgqf2ToastedArt    
|uhtml|bestof|Game 2 of a best-of-3
|t:|1784319334
|gametype|doubles
|player|p1|ewfgqf2|102|1043
|player|p2|ToastedArt|iris|1121
|gen|9
|tier|[Gen 9 Champions] VGC 2026 Reg M-B (Bo3)
|rated|
|rule|Species Clause: Limit one of each Pokémon
|rule|Item Clause: Limit 1 of each item
|clearpoke
|poke|p1|Charizard, L50, M|
|poke|p1|Whimsicott, L50, F|
|poke|p1|Garchomp, L50, M|
|poke|p1|Kangaskhan, L50, F|
|poke|p1|Typhlosion-Hisui, L50, F|
|poke|p1|Sylveon, L50, M|
|poke|p2|Sinistcha, L50|
|poke|p2|Talonflame, L50, F, shiny|
|poke|p2|Incineroar, L50, F|
|poke|p2|Hydreigon, L50, M, shiny|
|poke|p2|Gholdengo, L50|
|poke|p2|Falinks, L50, shiny|
|teampreview|4
|showteam|p1|Charizard||CharizarditeY|Blaze|Protect,SolarBeam,DragonPulse,HeatWave|Timid||M|||50|]Whimsicott||FocusSash|Prankster|Tailwind,Encore,TrickRoom,Moonblast|Relaxed||F|||50|]Garchomp||LifeOrb|RoughSkin|DragonClaw,PoisonJab,RockSlide,Protect|Jolly||M|||50|]Kangaskhan||ChopleBerry|InnerFocus|FakeOut,IcePunch,DrainPunch,RockSlide|Serious||F|||50|]Typhlosion-Hisui||Charcoal|Blaze|Eruption,Protect,ShadowBall,HeatWave|Timid||F|||50|]Sylveon||Leftovers|Pixilate|Protect,HyperVoice,Wish,ShadowBall|Calm||M|||50|
|showteam|p2|Sinistcha||KasibBerry|Hospitality|MatchaGotcha,NastyPlot,Protect,RagePowder|Bold|||||50|]Talonflame||SharpBeak|GaleWings|Tailwind,DualWingbeat,FlareBlitz,Uturn|Jolly||F|||50|]Incineroar||SitrusBerry|Intimidate|FlareBlitz,DarkestLariat,PartingShot,FakeOut|Impish||F|||50|]Hydreigon||ChoiceScarf|Levitate|Snarl,DarkPulse,EarthPower,DracoMeteor|Modest||M|||50|]Gholdengo||LifeOrb|GoodasGold|ShadowBall,MakeItRain,NastyPlot,Protect|Timid|||||50|]Falinks||Falinksite|Defiant|NoRetreat,SwordsDance,CloseCombat,Protect|Adamant|||||50|
|inactive|Battle timer is ON: inactive players will automatically lose when time's up. (requested by ToastedArt)
|
|t:|1784319356
|teamsize|p1|4
|teamsize|p2|4
|start
|switch|p1a: Whimsicott|Whimsicott, L50, F|100/100
|switch|p1b: Sylveon|Sylveon, L50, M|100/100
|switch|p2a: Incineroar|Incineroar, L50, F|100/100
|switch|p2b: Talonflame|Talonflame, L50, F, shiny|100/100
|-ability|p2a: Incineroar|Intimidate|boost
|-unboost|p1a: Whimsicott|atk|1
|-unboost|p1b: Sylveon|atk|1
|turn|1
|inactive|ToastedArt has 30 seconds left.
|
|t:|1784319383
|move|p2a: Incineroar|Fake Out|p1b: Sylveon
|-damage|p1b: Sylveon|86/100
|move|p2b: Talonflame|Dual Wingbeat|p1a: Whimsicott|[miss]
|-miss|p2b: Talonflame|p1a: Whimsicott
|move|p1a: Whimsicott|Tailwind|p1a: Whimsicott
|-sidestart|p1: ewfgqf2|move: Tailwind
|cant|p1b: Sylveon|flinch
|
|-heal|p1b: Sylveon|92/100|[from] item: Leftovers
|upkeep
|turn|2
|
|t:|1784319401
|move|p2b: Talonflame|Tailwind|p2b: Talonflame
|-sidestart|p2: ToastedArt|move: Tailwind
|move|p1a: Whimsicott|Moonblast|p2a: Incineroar
|-damage|p2a: Incineroar|75/100
|move|p2a: Incineroar|Parting Shot|p1b: Sylveon
|-unboost|p1b: Sylveon|atk|1
|-unboost|p1b: Sylveon|spa|1
|
|t:|1784319408
|switch|p2a: Falinks|Falinks, L50, shiny|100/100|[from] Parting Shot
|move|p1b: Sylveon|Wish|p1b: Sylveon
|
|-heal|p1b: Sylveon|98/100|[from] item: Leftovers
|upkeep
|turn|3
|
|t:|1784319418
|detailschange|p2a: Falinks|Falinks-Mega, L50, shiny
|-mega|p2a: Falinks|Falinks|Falinksite
|move|p2b: Talonflame|Dual Wingbeat|p1a: Whimsicott
|-supereffective|p1a: Whimsicott|1
|-damage|p1a: Whimsicott|66/100
|-supereffective|p1a: Whimsicott|1
|-damage|p1a: Whimsicott|32/100
|-hitcount|p1a: Whimsicott|2
|move|p1a: Whimsicott|Encore|p2b: Talonflame
|-start|p2b: Talonflame|Encore
|move|p2a: Falinks|No Retreat|p2a: Falinks
|-boost|p2a: Falinks|atk|1
|-boost|p2a: Falinks|def|1
|-boost|p2a: Falinks|spa|1
|-boost|p2a: Falinks|spd|1
|-boost|p2a: Falinks|spe|1
|-start|p2a: Falinks|move: No Retreat
|move|p1b: Sylveon|Hyper Voice|p2b: Talonflame|[spread] p2a,p2b
|-supereffective|p2a: Falinks|1
|-resisted|p2b: Talonflame|1
|-damage|p2a: Falinks|62/100
|-damage|p2b: Talonflame|85/100
|
|-heal|p1b: Sylveon|100/100|[from] move: Wish|[wisher] Sylveon
|upkeep
|turn|4
|
|t:|1784319443
|move|p2a: Falinks|Protect|p2a: Falinks
|-singleturn|p2a: Falinks|Protect
|move|p1a: Whimsicott|Encore|p2a: Falinks
|-activate|p2a: Falinks|move: Protect
|move|p2b: Talonflame|Dual Wingbeat|p1a: Whimsicott
|-supereffective|p1a: Whimsicott|1
|-damage|p1a: Whimsicott|2/100
|-supereffective|p1a: Whimsicott|1
|-damage|p1a: Whimsicott|0 fnt
|faint|p1a: Whimsicott
|-hitcount|p1: Whimsicott|2
|move|p1b: Sylveon|Hyper Voice|p2b: Talonflame|[spread] p2b
|-activate|p2a: Falinks|move: Protect
|-resisted|p2b: Talonflame|1
|-damage|p2b: Talonflame|68/100
|
|-sideend|p1: ewfgqf2|move: Tailwind
|upkeep
|
|t:|1784319458
|switch|p1a: Charizard|Charizard, L50, M|100/100
|turn|5
|
|t:|1784319465
|switch|p2b: Incineroar|Incineroar, L50, F|75/100
|-ability|p2b: Incineroar|Intimidate|boost
|-unboost|p1a: Charizard|atk|1
|-unboost|p1b: Sylveon|atk|1
|move|p1a: Charizard|Protect|p1a: Charizard
|-singleturn|p1a: Charizard|Protect
|move|p1b: Sylveon|Protect|p1b: Sylveon
|-singleturn|p1b: Sylveon|Protect
|move|p2a: Falinks|Swords Dance|p2a: Falinks
|-boost|p2a: Falinks|atk|2
|
|-sideend|p2: ToastedArt|move: Tailwind
|upkeep
|turn|6
|
|t:|1784319482
|detailschange|p1a: Charizard|Charizard-Mega-Y, L50, M
|-mega|p1a: Charizard|Charizard|Charizardite Y
|-weather|SunnyDay|[from] ability: Drought|[of] p1a: Charizard
|move|p2b: Incineroar|Fake Out|p1a: Charizard
|-damage|p1a: Charizard|83/100
|move|p2a: Falinks|Close Combat|p1a: Charizard
|-resisted|p1a: Charizard|1
|-damage|p1a: Charizard|0 fnt
|-unboost|p2a: Falinks|def|1
|-unboost|p2a: Falinks|spd|1
|faint|p1a: Charizard
|move|p1b: Sylveon|Hyper Voice|p2b: Incineroar|[spread] p2a,p2b
|-supereffective|p2a: Falinks|1
|-damage|p2a: Falinks|5/100
|-damage|p2b: Incineroar|57/100
|
|-weather|SunnyDay|[upkeep]
|upkeep
|
|t:|1784319496
|switch|p1a: Typhlosion|Typhlosion-Hisui, L50, F|100/100
|turn|7
|
|t:|1784319509
|move|p2a: Falinks|Close Combat|p1b: Sylveon
|-resisted|p1b: Sylveon|1
|-damage|p1b: Sylveon|6/100
|-unboost|p2a: Falinks|def|1
|-unboost|p2a: Falinks|spd|1
|move|p1a: Typhlosion|Eruption|p2b: Incineroar|[spread] p2a,p2b
|-resisted|p2b: Incineroar|1
|-damage|p2a: Falinks|0 fnt
|-damage|p2b: Incineroar|11/100
|-enditem|p2b: Incineroar|Sitrus Berry|[eat]
|-heal|p2b: Incineroar|36/100|[from] item: Sitrus Berry
|faint|p2a: Falinks
|move|p1b: Sylveon|Hyper Voice|p2b: Incineroar
|-damage|p2b: Incineroar|10/100
|move|p2b: Incineroar|Parting Shot|p1a: Typhlosion
|-unboost|p1a: Typhlosion|atk|1
|-unboost|p1a: Typhlosion|spa|1
|
|t:|1784319513
|switch|p2b: Hydreigon|Hydreigon, L50, M, shiny|100/100|[from] Parting Shot
|
|-weather|SunnyDay|[upkeep]
|-heal|p1b: Sylveon|12/100|[from] item: Leftovers
|upkeep
|
|t:|1784319521
|switch|p2a: Incineroar|Incineroar, L50, F|10/100
|-ability|p2a: Incineroar|Intimidate|boost
|-unboost|p1a: Typhlosion|atk|1
|-unboost|p1b: Sylveon|atk|1
|turn|8
|
|t:|1784319537
|move|p1b: Sylveon|Protect|p1b: Sylveon
|-singleturn|p1b: Sylveon|Protect
|move|p2a: Incineroar|Fake Out|p1b: Sylveon
|-activate|p1b: Sylveon|move: Protect
|move|p2b: Hydreigon|Dark Pulse|p1a: Typhlosion
|-supereffective|p1a: Typhlosion|1
|-damage|p1a: Typhlosion|0 fnt
|faint|p1a: Typhlosion
|
|-weather|SunnyDay|[upkeep]
|-heal|p1b: Sylveon|18/100|[from] item: Leftovers
|upkeep
|turn|9
|
|t:|1784319548
|move|p2b: Hydreigon|Dark Pulse|p1b: Sylveon
|-resisted|p1b: Sylveon|1
|-damage|p1b: Sylveon|7/100
|move|p1b: Sylveon|Hyper Voice|p2b: Hydreigon|[spread] p2a,p2b
|-supereffective|p2b: Hydreigon|2
|-crit|p2b: Hydreigon
|-damage|p2a: Incineroar|0 fnt
|-damage|p2b: Hydreigon|0 fnt
|faint|p2a: Incineroar
|faint|p2b: Hydreigon
|
|-weather|SunnyDay|[upkeep]
|-heal|p1b: Sylveon|13/100|[from] item: Leftovers
|upkeep
|
|t:|1784319555
|switch|p2b: Talonflame|Talonflame, L50, F, shiny|68/100
|turn|10
|
|t:|1784319561
|move|p1b: Sylveon|Protect|p1b: Sylveon
|-singleturn|p1b: Sylveon|Protect
|move|p2b: Talonflame|Flare Blitz|p1b: Sylveon
|-activate|p1b: Sylveon|move: Protect
|
|-weather|none
|-heal|p1b: Sylveon|19/100|[from] item: Leftovers
|upkeep
|turn|11
|
|t:|1784319569
|move|p2b: Talonflame|Flare Blitz|p1b: Sylveon
|-damage|p1b: Sylveon|0 fnt
|faint|p1b: Sylveon
|-damage|p2b: Talonflame|60/100|[from] Recoil
|
|win|ToastedArt
