|j|☆tessa scarlet
|j|☆bcoffey1010
|html|tessa scarletbcoffey1010    
|uhtml|bestof|Game 2 of a best-of-3
|t:|1756485357
|gametype|doubles
|player|p1|tessa scarlet|102|1336
|player|p2|bcoffey1010|266|1305
|gen|9
|tier|[Gen 9] VGC 2025 Reg H (Bo3)
|rated|
|rule|Species Clause: Limit one of each Pokémon
|rule|Item Clause: Limit 1 of each item
|clearpoke
|poke|p1|Gholdengo, L50|
|poke|p1|Sneasler, L50, M|
|poke|p1|Rillaboom, L50, M|
|poke|p1|Dragonite, L50, F|
|poke|p1|Ninetales-Alola, L50, M|
|poke|p1|Arcanine-Hisui, L50, M|
|poke|p2|Sneasler, L50, M|
|poke|p2|Indeedee, L50, M|
|poke|p2|Volcarona, L50, M|
|poke|p2|Ursaluna-Bloodmoon, L50, M|
|poke|p2|Annihilape, L50, F|
|poke|p2|Tyranitar, L50, M|
|teampreview|4
|showteam|p1|Gholdengo||GrassySeed|GoodasGold|NastyPlot,MakeItRain,ShadowBall,Protect||||||50|,,,,,Water]Sneasler||WhiteHerb|Unburden|CloseCombat,DireClaw,Coaching,Protect|||M|||50|,,,,,Ghost]Rillaboom||AssaultVest|GrassySurge|FakeOut,GrassyGlide,DrumBeating,HighHorsepower|||M|||50|,,,,,Fire]Dragonite||LoadedDice|Multiscale|ScaleShot,StompingTantrum,Tailwind,Protect|||F|||50|,,,,,Ground]Ninetales-Alola||FocusSash|SnowWarning|Blizzard,IcyWind,Encore,AuroraVeil|||M|||50|,,,,,Ghost]Arcanine-Hisui||ClearAmulet|Intimidate|RockSlide,FlareBlitz,ExtremeSpeed,Protect|||M|||50|,,,,,Water
|showteam|p2|Sneasler||PsychicSeed|Unburden|CloseCombat,DireClaw,ThroatChop,Protect|||M|||50|,,,,,Dark]Indeedee||ChoiceScarf|PsychicSurge|ExpandingForce,TeraBlast,Trick,Protect|||M|||50|,,,,,Psychic]Volcarona||SitrusBerry|FlameBody|Overheat,StruggleBug,RagePowder,Tailwind|||M|||50|,,,,,Grass]Ursaluna-Bloodmoon||LifeOrb|MindsEye|BloodMoon,HyperVoice,EarthPower,Protect|||M|||50|,,,,,Normal]Annihilape||SafetyGoggles|Defiant|CloseCombat,RageFist,Taunt,FinalGambit|||F|||50|,,,,,Fairy]Tyranitar||AssaultVest|SandStream|RockSlide,KnockOff,TeraBlast,LowKick|||M|||50|,,,,,Flying
|inactive|Battle timer is ON: inactive players will automatically lose when time's up. (requested by bcoffey1010)
|inactive|tessa scarlet has 60 seconds left.
|
|t:|1756485459
|teamsize|p1|4
|teamsize|p2|4
|start
|switch|p1a: Rillaboom|Rillaboom, L50, M|100/100
|switch|p1b: Arcanine|Arcanine-Hisui, L50, M|100/100
|switch|p2a: Ursaluna|Ursaluna-Bloodmoon, L50, M|100/100
|switch|p2b: Volcarona|Volcarona, L50, M|100/100
|-ability|p1b: Arcanine|Intimidate|boost
|-unboost|p2a: Ursaluna|atk|1
|-unboost|p2b: Volcarona|atk|1
|-fieldstart|move: Grassy Terrain|[from] ability: Grassy Surge|[of] p1a: Rillaboom
|turn|1
|inactive|tessa scarlet has 30 seconds left.
|inactive|bcoffey1010 has 30 seconds left.
|
|t:|1756485491
|move|p2a: Ursaluna|Protect|p2a: Ursaluna
|-singleturn|p2a: Ursaluna|Protect
|move|p1a: Rillaboom|Fake Out|p2b: Volcarona
|-damage|p2b: Volcarona|84/100
|cant|p2b: Volcarona|flinch
|move|p1b: Arcanine|Rock Slide|p2a: Ursaluna|[spread] p2b
|-activate|p2a: Ursaluna|move: Protect
|-supereffective|p2b: Volcarona
|-damage|p2b: Volcarona|0 fnt
|faint|p2b: Volcarona
|
|upkeep
|
|t:|1756485507
|switch|p2b: Sneasler|Sneasler, L50, M|100/100
|turn|2
|inactive|tessa scarlet has 30 seconds left.
|inactive|tessa scarlet has 20 seconds left.
|inactive|bcoffey1010 has 30 seconds left.
|
|t:|1756485553
|-terastallize|p1b: Arcanine|Water
|-terastallize|p2a: Ursaluna|Normal
|move|p2b: Sneasler|Dire Claw|p1a: Rillaboom
|-supereffective|p1a: Rillaboom
|-damage|p1a: Rillaboom|0 fnt
|faint|p1a: Rillaboom
|move|p1b: Arcanine|Flare Blitz|p2a: Ursaluna
|-damage|p2a: Ursaluna|53/100
|-damage|p1b: Arcanine|83/100|[from] Recoil
|move|p2a: Ursaluna|Hyper Voice|p1b: Arcanine
|-damage|p1b: Arcanine|0 fnt
|faint|p1b: Arcanine
|-damage|p2a: Ursaluna|43/100|[from] item: Life Orb
|
|-heal|p2a: Ursaluna|49/100|[from] Grassy Terrain
|upkeep
|
|t:|1756485561
|switch|p1b: Sneasler|Sneasler, L50, M|100/100
|switch|p1a: Dragonite|Dragonite, L50, F|100/100
|turn|3
|
|t:|1756485578
|move|p2a: Ursaluna|Protect|p2a: Ursaluna
|-singleturn|p2a: Ursaluna|Protect
|move|p2b: Sneasler|Dire Claw|p1a: Dragonite
|-crit|p1a: Dragonite
|-damage|p1a: Dragonite|59/100
|move|p1b: Sneasler|Close Combat|p2a: Ursaluna
|-activate|p2a: Ursaluna|move: Protect
|move|p1a: Dragonite|Scale Shot|p2b: Sneasler|[miss]
|-miss|p1a: Dragonite|p2b: Sneasler
|
|-heal|p2a: Ursaluna|55/100|[from] Grassy Terrain
|upkeep
|turn|4
|
|t:|1756485597
|switch|p2a: Tyranitar|Tyranitar, L50, M|100/100
|-weather|Sandstorm|[from] ability: Sand Stream|[of] p2a: Tyranitar
|move|p2b: Sneasler|Dire Claw|p1a: Dragonite
|-damage|p1a: Dragonite|6/100
|-status|p1a: Dragonite|par
|move|p1b: Sneasler|Close Combat|p2a: Tyranitar
|-supereffective|p2a: Tyranitar
|-damage|p2a: Tyranitar|0 fnt
|-unboost|p1b: Sneasler|def|1
|-unboost|p1b: Sneasler|spd|1
|faint|p2a: Tyranitar
|-enditem|p1b: Sneasler|White Herb
|-clearnegativeboost|p1b: Sneasler|[silent]
|move|p1a: Dragonite|Scale Shot|p2b: Sneasler
|-damage|p2b: Sneasler|75/100
|-damage|p2b: Sneasler|48/100
|-damage|p2b: Sneasler|24/100
|-damage|p2b: Sneasler|0 fnt
|faint|p2b: Sneasler
|-hitcount|p2: Sneasler|4
|-unboost|p1a: Dragonite|def|1
|-boost|p1a: Dragonite|spe|1
|
|-weather|Sandstorm|[upkeep]
|-damage|p1b: Sneasler|94/100|[from] Sandstorm
|-damage|p1a: Dragonite|0 fnt|[from] Sandstorm
|faint|p1a: Dragonite
|-heal|p1b: Sneasler|100/100|[from] Grassy Terrain
|upkeep
|
|t:|1756485609
|switch|p2a: Ursaluna|Ursaluna-Bloodmoon, L50, M, tera:Normal|55/100
|turn|5
|inactive|tessa scarlet has 30 seconds left.
|inactive|tessa scarlet has 20 seconds left.
|inactive|tessa scarlet has 15 seconds left.
|inactive|tessa scarlet has 10 seconds left.
|inactive|tessa scarlet has 5 seconds left.
|
|t:|1756485664
|move|p1b: Sneasler|Close Combat|p2a: Ursaluna
|-supereffective|p2a: Ursaluna
|-damage|p2a: Ursaluna|0 fnt
|-unboost|p1b: Sneasler|def|1
|-unboost|p1b: Sneasler|spd|1
|faint|p2a: Ursaluna
|
|win|tessa scarlet
||bcoffey1010 is ready for game 3.
||tessa scarlet is ready for game 3.
|uhtml|next|Next: Game 3 of 3
