|j|☆Konafor
|j|☆bwahacough
|html|Konaforbwahacough    
|uhtml|bestof|Game 3 of a best-of-3
|t:|1755564948
|gametype|doubles
|player|p1|Konafor|miku-water|1398
|player|p2|bwahacough|medium|1399
|gen|9
|tier|[Gen 9] VGC 2025 Reg H (Bo3)
|rated|
|rule|Species Clause: Limit one of each Pokémon
|rule|Item Clause: Limit 1 of each item
|clearpoke
|poke|p1|Sneasler, L50, F|
|poke|p1|Indeedee, L50, M|
|poke|p1|Volcarona, L50, M|
|poke|p1|Ursaluna-Bloodmoon, L50, M|
|poke|p1|Annihilape, L50, M|
|poke|p1|Tyranitar, L50, F|
|poke|p2|Lycanroc, L50, F|
|poke|p2|Tyranitar, L50, M|
|poke|p2|Indeedee-F, L50, F|
|poke|p2|Sinistcha-Masterpiece, L50|
|poke|p2|Delphox, L50, M|
|poke|p2|Murkrow, L50, F|
|teampreview|4
|showteam|p1|Sneasler||PsychicSeed|Unburden|CloseCombat,DireClaw,ThroatChop,Protect|||F|||50|,,,,,Dark]Indeedee||ChoiceScarf|PsychicSurge|ExpandingForce,TeraBlast,Trick,Protect|||M|||50|,,,,,Psychic]Volcarona||SitrusBerry|FlameBody|Overheat,StruggleBug,RagePowder,Tailwind|||M|||50|,,,,,Grass]Ursaluna-Bloodmoon||LifeOrb|MindsEye|BloodMoon,HyperVoice,EarthPower,Protect|||M|||50|,,,,,Normal]Annihilape||SafetyGoggles|Defiant|Taunt,CloseCombat,FinalGambit,RageFist|||M|||50|,,,,,Fairy]Tyranitar||AssaultVest|SandStream|TeraBlast,RockSlide,LowKick,KnockOff|||F|||50|,,,,,Flying
|showteam|p2|Lycanroc||FocusSash|SandRush|RockSlide,CloseCombat,Protect,PsychicFangs|||F|||50|,,,,,Fighting]Tyranitar||ClearAmulet|SandStream|RockSlide,KnockOff,Protect,TeraBlast|||M|||50|,,,,,Grass]Indeedee-F||SafetyGoggles|PsychicSurge|Psychic,FollowMe,Protect,HelpingHand|||F|||50|,,,,,Fairy]Sinistcha-Masterpiece||SitrusBerry|Hospitality|MatchaGotcha,ShadowBall,StrengthSap,RagePowder||||||50|,,,,,Fairy]Delphox||LifeOrb|Blaze|HeatWave,ExpandingForce,TeraBlast,Protect|||M|||50|,,,,,Fighting]Murkrow||Eviolite|Prankster|FoulPlay,Tailwind,Haze,IcyWind|||F|||50|,,,,,Steel
|inactive|Battle timer is ON: inactive players will automatically lose when time's up. (requested by Konafor)
|
|t:|1755564967
|teamsize|p1|4
|teamsize|p2|4
|start
|switch|p1a: Indeedee|Indeedee, L50, M|100/100
|switch|p1b: Sneasler|Sneasler, L50, F|100/100
|switch|p2a: Delphox|Delphox, L50, M, shiny|100/100
|switch|p2b: Lycanroc|Lycanroc, L50, F|100/100
|-fieldstart|move: Psychic Terrain|[from] ability: Psychic Surge|[of] p1a: Indeedee
|-enditem|p1b: Sneasler|Psychic Seed
|-boost|p1b: Sneasler|spd|1|[from] item: Psychic Seed
|turn|1
|
|t:|1755564989
|move|p1b: Sneasler|Protect|p1b: Sneasler
|-singleturn|p1b: Sneasler|Protect
|move|p1a: Indeedee|Expanding Force|p2a: Delphox|[spread] p2a,p2b
|-resisted|p2a: Delphox
|-damage|p2a: Delphox|68/100
|-damage|p2b: Lycanroc|8/100
|move|p2a: Delphox|Heat Wave|p1a: Indeedee|[spread] p1a
|-activate|p1b: Sneasler|move: Protect
|-damage|p1a: Indeedee|42/100
|-damage|p2a: Delphox|58/100|[from] item: Life Orb
|move|p2b: Lycanroc|Close Combat|p1b: Sneasler
|-activate|p1b: Sneasler|move: Protect
|
|upkeep
|turn|2
|inactive|Konafor has 30 seconds left.
|
|t:|1755565019
|switch|p2a: Murkrow|Murkrow, L50, F|100/100
|move|p2b: Lycanroc|Protect|p2b: Lycanroc
|-singleturn|p2b: Lycanroc|Protect
|move|p1b: Sneasler|Dire Claw|p2a: Murkrow
|-damage|p2a: Murkrow|44/100
|move|p1a: Indeedee|Expanding Force|p2b: Lycanroc|[spread] 
|-activate|p2b: Lycanroc|move: Protect
|-immune|p2a: Murkrow
|
|upkeep
|turn|3
|inactive|Konafor has 30 seconds left.
|
|t:|1755565053
|switch|p2b: Indeedee|Indeedee-F, L50, F, shiny|100/100
|move|p1b: Sneasler|Protect|p1b: Sneasler
|-singleturn|p1b: Sneasler|Protect
|move|p2a: Murkrow|Tailwind|p2a: Murkrow
|-sidestart|p2: bwahacough|move: Tailwind
|move|p1a: Indeedee|Expanding Force|p2a: Murkrow|[spread] p2b
|-immune|p2a: Murkrow
|-resisted|p2b: Indeedee
|-damage|p2b: Indeedee|73/100
|
|upkeep
|turn|4
|
|t:|1755565067
|switch|p1a: Volcarona|Volcarona, L50, M|100/100
|-terastallize|p1b: Sneasler|Dark
|move|p1b: Sneasler|Dire Claw|p2b: Indeedee
|-damage|p2b: Indeedee|30/100
|-status|p2b: Indeedee|par
|move|p2a: Murkrow|Icy Wind|p1a: Volcarona|[spread] p1b
|-miss|p2a: Murkrow|p1a: Volcarona
|-damage|p1b: Sneasler|93/100
|-unboost|p1b: Sneasler|spe|1
|move|p2b: Indeedee|Psychic|p1b: Sneasler
|-immune|p1b: Sneasler
|
|upkeep
|turn|5
|
|t:|1755565086
|move|p1b: Sneasler|Dire Claw|p2a: Murkrow
|-damage|p2a: Murkrow|0 fnt
|faint|p2a: Murkrow
|move|p1a: Volcarona|Tailwind|p1a: Volcarona
|-sidestart|p1: Konafor|move: Tailwind
|move|p2b: Indeedee|Psychic|p1a: Volcarona
|-damage|p1a: Volcarona|60/100
|
|-fieldend|move: Psychic Terrain
|upkeep
|
|t:|1755565087
|switch|p2a: Lycanroc|Lycanroc, L50, F|8/100
|turn|6
|
|t:|1755565106
|move|p1b: Sneasler|Protect|p1b: Sneasler
|-singleturn|p1b: Sneasler|Protect
|move|p2b: Indeedee|Follow Me|p2b: Indeedee
|-singleturn|p2b: Indeedee|move: Follow Me
|move|p1a: Volcarona|Struggle Bug|p2b: Indeedee|[spread] p2a,p2b
|-supereffective|p2b: Indeedee
|-damage|p2a: Lycanroc|0 fnt
|-damage|p2b: Indeedee|0 fnt
|faint|p2a: Lycanroc
|faint|p2b: Indeedee
|
|-sideend|p2: bwahacough|move: Tailwind
|upkeep
|-message|bwahacough forfeited.
|
|win|Konafor
|raw|Konafor's rating: 1398 → 1416(+18 for winning)
|raw|bwahacough's rating: 1371 → 1353(-18 for losing)
|l|☆bwahacough
|player|p2|
