|j|☆RauSakura
|j|☆ultimathrash
|html|RauSakuraultimathrash    
|uhtml|bestof|Game 2 of a best-of-3
|t:|1783593622
|gametype|doubles
|player|p1|RauSakura|#rausakura|
|player|p2|ultimathrash|steven|
|gen|9
|tier|[Gen 9 Champions] VGC 2026 Reg M-B (Bo3)
|rule|Species Clause: Limit one of each Pokémon
|rule|Item Clause: Limit 1 of each item
|clearpoke
|poke|p1|Froslass, L50, F|
|poke|p1|Kingambit, L50, F|
|poke|p1|Sinistcha, L50|
|poke|p1|Toxapex, L50, M|
|poke|p1|Garchomp, L50, M|
|poke|p1|Snorlax, L50, M|
|poke|p2|Charizard, L50, M|
|poke|p2|Venusaur, L50, M|
|poke|p2|Mamoswine, L50, F|
|poke|p2|Garchomp, L50, F|
|poke|p2|Incineroar, L50, M|
|poke|p2|Toxapex, L50, M|
|teampreview|4
|showteam|p1|Froslass||Froslassite|CursedBody|Blizzard,ShadowBall,AuroraVeil,Protect|Modest||F|||50|]Kingambit||ChopleBerry|Defiant|KowtowCleave,SuckerPunch,LowKick,Protect|Adamant||F|||50|]Sinistcha||OccaBerry|Hospitality|MatchaGotcha,TrickRoom,RagePowder,Protect|Calm|||||50|]Toxapex||Leftovers|Regenerator|Toxic,Infestation,Protect,WideGuard|Impish||M|||50|]Garchomp||Garchompite|RoughSkin|Earthquake,StompingTantrum,RockSlide,Protect|Adamant||M|||50|]Snorlax||SitrusBerry|ThickFat|Yawn,BodySlam,HighHorsepower,Protect|Impish||M|||50|
|showteam|p2|Charizard||CharizarditeY|Blaze|HeatWave,WeatherBall,HelpingHand,Protect|Modest||M|||50|]Venusaur||LifeOrb|Chlorophyll|LeafStorm,SludgeBomb,EarthPower,Protect|Modest||M|||50|]Mamoswine||FocusSash|Oblivious|HighHorsepower,RockTomb,IceShard,Protect|Jolly||F|||50|]Garchomp||ChoiceScarf|RoughSkin|DragonClaw,Earthquake,RockSlide,StompingTantrum|Adamant||F|||50|]Incineroar||SitrusBerry|Intimidate|FlareBlitz,ThroatChop,PartingShot,FakeOut|Impish||M|||50|]Toxapex||Leftovers|Regenerator|Toxic,Infestation,WideGuard,BanefulBunker|Bold||M|||50|
|inactive|Battle timer is ON: inactive players will automatically lose when time's up. (requested by ultimathrash)
|c|☆ultimathrash|hf
|inactive|RauSakura has 60 seconds left.
|inactive|ultimathrash has 60 seconds left.
|
|t:|1783593671
|teamsize|p1|4
|teamsize|p2|4
|start
|switch|p1a: Snorlax|Snorlax, L50, M|100/100
|switch|p1b: Puddles|Toxapex, L50, M|100/100
|switch|p2a: Garchomp|Garchomp, L50, F|100/100
|switch|p2b: Charizard|Charizard, L50, M|100/100
|turn|1
|inactive|RauSakura has 30 seconds left.
|inactive|ultimathrash has 30 seconds left.
|inactive|RauSakura has 20 seconds left.
|inactive|ultimathrash has 20 seconds left.
|inactive|ultimathrash has 15 seconds left.
|inactive|ultimathrash has 10 seconds left.
|
|t:|1783593720
|switch|p1a: Garchomp|Garchomp, L50, M|100/100
|detailschange|p2b: Charizard|Charizard-Mega-Y, L50, M
|-mega|p2b: Charizard|Charizard|Charizardite Y
|-weather|SunnyDay|[from] ability: Drought|[of] p2b: Charizard
|move|p1b: Puddles|Protect|p1b: Puddles
|-singleturn|p1b: Puddles|Protect
|move|p2a: Garchomp|Dragon Claw|p1a: Garchomp
|-supereffective|p1a: Garchomp|1
|-damage|p1a: Garchomp|15/100
|-damage|p2a: Garchomp|87/100|[from] ability: Rough Skin|[of] p1a: Garchomp
|move|p2b: Charizard|Weather Ball|p1a: Garchomp
|-resisted|p1a: Garchomp|1
|-damage|p1a: Garchomp|0 fnt
|faint|p1a: Garchomp
|
|-weather|SunnyDay|[upkeep]
|upkeep
|
|t:|1783593734
|switch|p1a: Kingambit|Kingambit, L50, F|100/100
|turn|2
|
|t:|1783593752
|move|p1a: Kingambit|Sucker Punch|p2b: Charizard
|-crit|p2b: Charizard
|-damage|p2b: Charizard|45/100
|move|p2a: Garchomp|Dragon Claw|p1b: Puddles
|-damage|p1b: Puddles|68/100
|move|p2b: Charizard|Heat Wave|p1a: Kingambit|[spread] p1a,p1b
|-supereffective|p1a: Kingambit|1
|-resisted|p1b: Puddles|1
|-damage|p1a: Kingambit|0 fnt
|-damage|p1b: Puddles|43/100
|faint|p1a: Kingambit
|move|p1b: Puddles|Toxic|p2b: Charizard
|-status|p2b: Charizard|tox
|
|-weather|SunnyDay|[upkeep]
|-heal|p1b: Puddles|49/100|[from] item: Leftovers
|-damage|p2b: Charizard|39/100 tox|[from] psn
|upkeep
|
|t:|1783593754
|switch|p1a: Snorlax|Snorlax, L50, M|100/100
|turn|3
|
|t:|1783593770
|move|p2a: Garchomp|Dragon Claw|p1a: Snorlax
|-damage|p1a: Snorlax|71/100
|move|p2b: Charizard|Weather Ball|p1a: Snorlax
|-damage|p1a: Snorlax|46/100
|-enditem|p1a: Snorlax|Sitrus Berry|[eat]
|-heal|p1a: Snorlax|71/100|[from] item: Sitrus Berry
|move|p1b: Puddles|Toxic|p2a: Garchomp
|-status|p2a: Garchomp|tox
|move|p1a: Snorlax|Body Slam|p2b: Charizard
|-damage|p2b: Charizard|8/100 tox
|
|-weather|SunnyDay|[upkeep]
|-heal|p1b: Puddles|54/100|[from] item: Leftovers
|-damage|p2a: Garchomp|81/100 tox|[from] psn
|-damage|p2b: Charizard|0 fnt|[from] psn
|faint|p2b: Charizard
|upkeep
|
|t:|1783593785
|switch|p2b: Mamoswine|Mamoswine, L50, F|100/100
|turn|4
|inactive|RauSakura has 30 seconds left.
|inactive|RauSakura has 20 seconds left.
|inactive|RauSakura has 15 seconds left.
|inactive|RauSakura has 10 seconds left.
|
|t:|1783593831
|move|p2b: Mamoswine|Protect|p2b: Mamoswine
|-singleturn|p2b: Mamoswine|Protect
|move|p1b: Puddles|Protect|p1b: Puddles
|-singleturn|p1b: Puddles|Protect
|move|p2a: Garchomp|Dragon Claw|p1a: Snorlax
|-damage|p1a: Snorlax|37/100
|move|p1a: Snorlax|Body Slam|p2b: Mamoswine
|-activate|p2b: Mamoswine|move: Protect
|
|-weather|SunnyDay|[upkeep]
|-heal|p1b: Puddles|60/100|[from] item: Leftovers
|-damage|p2a: Garchomp|69/100 tox|[from] psn
|upkeep
|turn|5
|j| Razachu
|
|t:|1783593845
|move|p1a: Snorlax|Protect|p1a: Snorlax
|-singleturn|p1a: Snorlax|Protect
|move|p2a: Garchomp|Dragon Claw|p1b: Puddles
|-damage|p1b: Puddles|29/100
|move|p2b: Mamoswine|High Horsepower|p1b: Puddles
|-supereffective|p1b: Puddles|1
|-damage|p1b: Puddles|0 fnt
|faint|p1b: Puddles
|
|-weather|none
|-damage|p2a: Garchomp|51/100 tox|[from] psn
|upkeep
|turn|6
|
|t:|1783593855
|move|p2a: Garchomp|Dragon Claw|p1a: Snorlax
|-damage|p1a: Snorlax|7/100
|move|p2b: Mamoswine|High Horsepower|p1a: Snorlax
|-damage|p1a: Snorlax|0 fnt
|faint|p1a: Snorlax
|
|win|ultimathrash
|c|☆ultimathrash|ggs
