|j|☆Yinobo
|j|☆laut1
|html|Yinobolaut1    
|uhtml|bestof|Game 1 of a best-of-3
|t:|1784075403
|gametype|doubles
|player|p1|Yinobo|pokemaniac|1154
|player|p2|laut1|supernerd|1207
|gen|9
|tier|[Gen 9 Champions] VGC 2026 Reg M-B (Bo3)
|rated|
|rule|Species Clause: Limit one of each Pokémon
|rule|Item Clause: Limit 1 of each item
|clearpoke
|poke|p1|Charizard, L50, M, shiny|
|poke|p1|Garchomp, L50, M, shiny|
|poke|p1|Sylveon, L50, M, shiny|
|poke|p1|Kingambit, L50, F, shiny|
|poke|p1|Farigiraf, L50, M, shiny|
|poke|p1|Aerodactyl, L50, M|
|poke|p2|Kingambit, L50, F, shiny|
|poke|p2|Garchomp, L50, M|
|poke|p2|Incineroar, L50, F|
|poke|p2|Sylveon, L50, F, shiny|
|poke|p2|Charizard, L50, F|
|poke|p2|Aerodactyl, L50, F, shiny|
|teampreview|4
|showteam|p1|Charizard||CharizarditeY|SolarPower|Protect,WeatherBall,SolarBeam,HeatWave|Modest||M|||50|]Garchomp||LifeOrb|RoughSkin|Protect,RockSlide,Earthquake,DragonClaw|Jolly||M|||50|]Sylveon||FairyFeather|Pixilate|Detect,HyperBeam,QuickAttack,HyperVoice|Modest||M|||50|]Kingambit||FocusSash|Defiant|KowtowCleave,IronHead,SuckerPunch,LowKick|Adamant||F|||50|]Farigiraf||SitrusBerry|ArmorTail|Psychic,TrickRoom,Thunderbolt,Roar|Bold||M|||50|]Aerodactyl||Aerodactylite|Unnerve|RockSlide,Tailwind,DualWingbeat,IceFang|Jolly||M|||50|
|showteam|p2|Kingambit||ChopleBerry|Defiant|Protect,KowtowCleave,LowKick,SuckerPunch|Adamant||F|||50|]Garchomp||LifeOrb|RoughSkin|Protect,Earthquake,DragonClaw,StompingTantrum|Jolly||M|||50|]Incineroar||SitrusBerry|Intimidate|FakeOut,FlareBlitz,Taunt,PartingShot|Sassy||F|||50|]Sylveon||FairyFeather|Pixilate|Detect,HyperVoice,Yawn,HyperBeam|Modest||F|||50|]Charizard||CharizarditeY|Blaze|Protect,HeatWave,WeatherBall,SolarBeam|Modest||F|||50|]Aerodactyl||Aerodactylite|Unnerve|Tailwind,DualWingbeat,RockSlide,WideGuard|Jolly||F|||50|
|inactive|Battle timer is ON: inactive players will automatically lose when time's up. (requested by Yinobo)
|inactive|Yinobo has 60 seconds left.
|inactive|laut1 has 60 seconds left.
|inactive|Yinobo has 30 seconds left.
|inactive|laut1 has 30 seconds left.
|inactive|Yinobo has 20 seconds left.
|
|t:|1784075482
|teamsize|p1|4
|teamsize|p2|4
|start
|switch|p1a: AEROY|Aerodactyl, L50, M|100/100
|switch|p1b: Garchomp|Garchomp, L50, M, shiny|100/100
|switch|p2a: Aerodactyl|Aerodactyl, L50, F, shiny|100/100
|switch|p2b: Kingambit|Kingambit, L50, F, shiny|100/100
|-ability|p2a: Aerodactyl|Unnerve
|-ability|p1a: AEROY|Unnerve
|turn|1
|inactive|Yinobo has 30 seconds left.
|inactive|laut1 has 30 seconds left.
|inactive|Yinobo has 20 seconds left.
|inactive|laut1 has 20 seconds left.
|inactive|Yinobo has 15 seconds left.
|inactive|Yinobo has 10 seconds left.
|inactive|laut1 has 15 seconds left.
|inactive|laut1 has 10 seconds left.
|
|t:|1784075542
|detailschange|p1a: AEROY|Aerodactyl-Mega, L50, M
|-mega|p1a: AEROY|Aerodactyl|Aerodactylite
|move|p1a: AEROY|Tailwind|p1a: AEROY
|-sidestart|p1: Yinobo|move: Tailwind
|move|p1b: Garchomp|Earthquake|p2b: Kingambit|[spread] p2b
|-immune|p1a: AEROY
|-immune|p2a: Aerodactyl
|-supereffective|p2b: Kingambit|1
|-damage|p2b: Kingambit|26/100
|-damage|p1b: Garchomp|90/100|[from] item: Life Orb
|move|p2a: Aerodactyl|Tailwind|p2a: Aerodactyl
|-sidestart|p2: laut1|move: Tailwind
|move|p2b: Kingambit|Kowtow Cleave|p1a: AEROY
|-damage|p1a: AEROY|55/100
|
|upkeep
|turn|2
|inactive|Yinobo has 30 seconds left.
|inactive|laut1 has 30 seconds left.
|
|t:|1784075577
|move|p2a: Aerodactyl|Wide Guard|p2a: Aerodactyl
|-singleturn|p2a: Aerodactyl|Wide Guard
|move|p1a: AEROY|Ice Fang|p2a: Aerodactyl
|-supereffective|p2a: Aerodactyl|1
|-damage|p2a: Aerodactyl|22/100
|move|p1b: Garchomp|Earthquake|p2a: Aerodactyl|[spread] 
|-activate|p2a: Aerodactyl|move: Wide Guard
|-activate|p2b: Kingambit|move: Wide Guard
|-immune|p1a: AEROY
|move|p2b: Kingambit|Kowtow Cleave|p1a: AEROY
|-damage|p1a: AEROY|13/100
|
|upkeep
|turn|3
|inactive|Yinobo has 30 seconds left.
|
|t:|1784075602
|switch|p1a: Sylveon|Sylveon, L50, M, shiny|100/100
|switch|p2a: Sylveon|Sylveon, L50, F, shiny|100/100
|move|p2b: Kingambit|Sucker Punch||[still]
|-fail|p2b: Kingambit
|move|p1b: Garchomp|Dragon Claw|p2a: Sylveon
|-immune|p2a: Sylveon
|
|upkeep
|turn|4
|inactive|Yinobo has 30 seconds left.
|inactive|laut1 has 30 seconds left.
|
|t:|1784075630
|switch|p2b: Charizard|Charizard, L50, F|100/100
|move|p1b: Garchomp|Protect|p1b: Garchomp
|-singleturn|p1b: Garchomp|Protect
|move|p2a: Sylveon|Hyper Voice|p1a: Sylveon|[spread] p1a
|-activate|p1b: Garchomp|move: Protect
|-damage|p1a: Sylveon|60/100
|move|p1a: Sylveon|Hyper Voice|p2b: Charizard|[spread] p2a,p2b
|-resisted|p2b: Charizard|1
|-damage|p2a: Sylveon|62/100
|-damage|p2b: Charizard|66/100
|
|-sideend|p2: laut1|move: Tailwind
|-sideend|p1: Yinobo|move: Tailwind
|upkeep
|turn|5
|
|t:|1784075653
|switch|p1b: AEROY|Aerodactyl-Mega, L50, M|13/100
|detailschange|p2b: Charizard|Charizard-Mega-Y, L50, F
|-mega|p2b: Charizard|Charizard|Charizardite Y
|-weather|SunnyDay|[from] ability: Drought|[of] p2b: Charizard
|move|p2b: Charizard|Protect|p2b: Charizard
|-singleturn|p2b: Charizard|Protect
|move|p2a: Sylveon|Hyper Beam|p1b: AEROY
|-damage|p1b: AEROY|0 fnt
|-mustrecharge|p2a: Sylveon
|faint|p1b: AEROY
|move|p1a: Sylveon|Hyper Voice|p2b: Charizard|[spread] p2a
|-activate|p2b: Charizard|move: Protect
|-damage|p2a: Sylveon|22/100
|
|-weather|SunnyDay|[upkeep]
|upkeep
|
|t:|1784075668
|switch|p1b: Garchomp|Garchomp, L50, M, shiny|90/100
|turn|6
|
|t:|1784075685
|switch|p2b: Kingambit|Kingambit, L50, F, shiny|26/100
|move|p1b: Garchomp|Rock Slide|p2b: Kingambit|[spread] p2a,p2b
|-resisted|p2b: Kingambit|1
|-damage|p2a: Sylveon|0 fnt
|-damage|p2b: Kingambit|17/100
|faint|p2a: Sylveon
|-damage|p1b: Garchomp|80/100|[from] item: Life Orb
|move|p1a: Sylveon|Hyper Voice|p2b: Kingambit
|-damage|p2b: Kingambit|0 fnt
|faint|p2b: Kingambit
|
|-weather|SunnyDay|[upkeep]
|upkeep
|
|t:|1784075697
|switch|p2a: Charizard|Charizard-Mega-Y, L50, F|66/100
|switch|p2b: Aerodactyl|Aerodactyl, L50, F, shiny|22/100
|-ability|p2b: Aerodactyl|Unnerve
|turn|7
|inactive|Yinobo has 30 seconds left.
|inactive|laut1 has 30 seconds left.
|inactive|Yinobo has 20 seconds left.
|inactive|laut1 has 20 seconds left.
|inactive|laut1 has 15 seconds left.
|inactive|laut1 has 10 seconds left.
|inactive|laut1 has 5 seconds left.
|
|t:|1784075747
|move|p2b: Aerodactyl|Wide Guard|p2b: Aerodactyl
|-singleturn|p2b: Aerodactyl|Wide Guard
|move|p1b: Garchomp|Dragon Claw|p2b: Aerodactyl
|-damage|p2b: Aerodactyl|0 fnt
|faint|p2b: Aerodactyl
|-damage|p1b: Garchomp|70/100|[from] item: Life Orb
|move|p2a: Charizard|Weather Ball|p1a: Sylveon
|-damage|p1a: Sylveon|0 fnt
|faint|p1a: Sylveon
|
|-weather|SunnyDay|[upkeep]
|upkeep
|
|t:|1784075760
|switch|p1a: Kingambit|Kingambit, L50, F, shiny|100/100
|turn|8
|
|t:|1784075769
|move|p1b: Garchomp|Dragon Claw|p2a: Charizard
|-damage|p2a: Charizard|0 fnt
|faint|p2a: Charizard
|-damage|p1b: Garchomp|60/100|[from] item: Life Orb
|
|win|Yinobo
||laut1 is ready for game 2.
|inactive|Yinobo has 30 seconds to confirm battle start!
||Yinobo is ready for game 2.
|uhtml|next|Next: Game 2 of 3
|l|☆laut1
|player|p2|
