|j|☆Lacossg
|j|☆Ssidebraves8
|html|LacossgSsidebraves8    
|uhtml|bestof|Game 1 of a best-of-3
|t:|1757844621
|gametype|doubles
|player|p1|Lacossg|169|1166
|player|p2|Ssidebraves8|265|1240
|gen|9
|tier|[Gen 9] VGC 2025 Reg H (Bo3)
|rated|
|rule|Species Clause: Limit one of each Pokémon
|rule|Item Clause: Limit 1 of each item
|clearpoke
|poke|p1|Espathra, L50, F|
|poke|p1|Indeedee-F, L50, F|
|poke|p1|Sneasler, L50, F|
|poke|p1|Kingambit, L50, M|
|poke|p1|Arcanine-Hisui, L50, M|
|poke|p1|Hydreigon, L50, M|
|poke|p2|Incineroar, L50, F|
|poke|p2|Kommo-o, L50, F|
|poke|p2|Electabuzz, L50, F|
|poke|p2|Rillaboom, L50, F|
|poke|p2|Ninetales-Alola, L50, M|
|poke|p2|Sinistcha, L50|
|teampreview|4
|showteam|p1|Espathra||LifeOrb|SpeedBoost|LuminaCrash,ExpandingForce,DazzlingGleam,Protect|||F|||50|,,,,,Psychic]Indeedee-F||RockyHelmet|PsychicSurge|FollowMe,Psychic,HelpingHand,Protect|||F|||50|,,,,,Steel]Sneasler||PsychicSeed|Unburden|ThroatChop,CloseCombat,DireClaw,Protect|||F|||50|,,,,,Dark]Kingambit||AssaultVest|Defiant|KowtowCleave,SuckerPunch,LowKick,TeraBlast|||M|||50|,,,,,Flying]Arcanine-Hisui||MirrorHerb|Intimidate|FlareBlitz,RockSlide,CloseCombat,Protect|||M|||50|,,,,,Water]Hydreigon||SafetyGoggles|Levitate|DracoMeteor,Snarl,Taunt,Protect|||M|||50|,,,,,Ghost
|showteam|p2|Incineroar||AssaultVest|Intimidate|KnockOff,FakeOut,FlareBlitz,Uturn|||F|||50|,,,,,Ghost]Kommo-o||ThroatSpray|Soundproof|ClangingScales,Flamethrower,ClangorousSoul,Protect|||F|||50|,,,,,Fire]Electabuzz||Eviolite|VitalSpirit|Electroweb,Taunt,FollowMe,Protect|||F|||50|,,,,,Fairy]Rillaboom||MiracleSeed|GrassySurge|WoodHammer,GrassyGlide,FakeOut,Uturn|||F|||50|,,,,,Fire]Ninetales-Alola||LightClay|SnowWarning|Blizzard,AuroraVeil,Encore,Disable|||M|||50|,,,,,Ghost]Sinistcha||SitrusBerry|Hospitality|MatchaGotcha,StrengthSap,RagePowder,Curse||||||50|,,,,,Water
|
|t:|1757844674
|teamsize|p1|4
|teamsize|p2|4
|start
|switch|p1a: Espathra|Espathra, L50, F|100/100
|switch|p1b: Sneasler|Sneasler, L50, F|100/100
|switch|p2a: Incineroar|Incineroar, L50, F, shiny|100/100
|switch|p2b: Kommo-o|Kommo-o, L50, F, shiny|100/100
|-ability|p2a: Incineroar|Intimidate|boost
|-unboost|p1a: Espathra|atk|1
|-unboost|p1b: Sneasler|atk|1
|turn|1
|
|t:|1757844697
|switch|p1a: Arcanine|Arcanine-Hisui, L50, M|100/100
|-ability|p1a: Arcanine|Intimidate|boost
|-unboost|p2a: Incineroar|atk|1
|-unboost|p2b: Kommo-o|atk|1
|-terastallize|p2b: Kommo-o|Fire
|move|p1b: Sneasler|Dire Claw|p2a: Incineroar
|-damage|p2a: Incineroar|72/100
|move|p2b: Kommo-o|Clangorous Soul|p2b: Kommo-o
|-boost|p2b: Kommo-o|atk|1
|-boost|p2b: Kommo-o|def|1
|-boost|p2b: Kommo-o|spa|1
|-boost|p2b: Kommo-o|spd|1
|-boost|p2b: Kommo-o|spe|1
|-damage|p2b: Kommo-o|68/100
|-enditem|p2b: Kommo-o|Throat Spray
|-boost|p2b: Kommo-o|spa|1|[from] item: Throat Spray
|-enditem|p1a: Arcanine|Mirror Herb
|-boost|p1a: Arcanine|atk|1|[from] item: Mirror Herb
|-boost|p1a: Arcanine|def|1|[from] item: Mirror Herb
|-boost|p1a: Arcanine|spa|2|[from] item: Mirror Herb
|-boost|p1a: Arcanine|spd|1|[from] item: Mirror Herb
|-boost|p1a: Arcanine|spe|1|[from] item: Mirror Herb
|move|p2a: Incineroar|U-turn|p1a: Arcanine
|-resisted|p1a: Arcanine
|-damage|p1a: Arcanine|93/100
|
|t:|1757844727
|switch|p2a: Rillaboom|Rillaboom, L50, F, shiny|100/100|[from] U-turn
|-fieldstart|move: Grassy Terrain|[from] ability: Grassy Surge|[of] p2a: Rillaboom
|
|-heal|p1a: Arcanine|99/100|[from] Grassy Terrain
|-heal|p2b: Kommo-o|74/100|[from] Grassy Terrain
|upkeep
|turn|2
|
|t:|1757844752
|switch|p1b: Indeedee|Indeedee-F, L50, F|100/100
|-fieldstart|move: Psychic Terrain|[from] ability: Psychic Surge|[of] p1b: Indeedee
|switch|p2a: Incineroar|Incineroar, L50, F, shiny|72/100
|-ability|p2a: Incineroar|Intimidate|boost
|-unboost|p1a: Arcanine|atk|1
|-unboost|p1b: Indeedee|atk|1
|move|p1a: Arcanine|Rock Slide|p2a: Incineroar|[spread] p2a,p2b
|-supereffective|p2a: Incineroar
|-supereffective|p2b: Kommo-o
|-damage|p2a: Incineroar|14/100
|-damage|p2b: Kommo-o|37/100
|cant|p2b: Kommo-o|flinch
|
|upkeep
|turn|3
|
|t:|1757844774
|switch|p2a: Sinistcha|Sinistcha, L50, shiny|100/100
|-heal|p2b: Kommo-o|62/100|[from] ability: Hospitality|[of] p2a: Sinistcha
|move|p1b: Indeedee|Helping Hand|p1a: Arcanine
|-singleturn|p1a: Arcanine|Helping Hand|[of] p1b: Indeedee
|move|p2b: Kommo-o|Protect|p2b: Kommo-o
|-singleturn|p2b: Kommo-o|Protect
|move|p1a: Arcanine|Rock Slide|p2a: Sinistcha|[spread] p2a
|-activate|p2b: Kommo-o|move: Protect
|-damage|p2a: Sinistcha|65/100
|
|upkeep
|turn|4
|
|t:|1757844792
|switch|p2a: Incineroar|Incineroar, L50, F, shiny|14/100
|-ability|p2a: Incineroar|Intimidate|boost
|-unboost|p1a: Arcanine|atk|1
|-unboost|p1b: Indeedee|atk|1
|move|p1b: Indeedee|Helping Hand|p1a: Arcanine
|-singleturn|p1a: Arcanine|Helping Hand|[of] p1b: Indeedee
|move|p1a: Arcanine|Rock Slide|p2b: Kommo-o|[spread] p2a,p2b
|-supereffective|p2a: Incineroar
|-supereffective|p2b: Kommo-o
|-damage|p2a: Incineroar|0 fnt
|-damage|p2b: Kommo-o|28/100
|faint|p2a: Incineroar
|move|p2b: Kommo-o|Clanging Scales|p1b: Indeedee|[spread] p1a,p1b
|-damage|p1a: Arcanine|36/100
|-damage|p1b: Indeedee|36/100
|-unboost|p2b: Kommo-o|def|1
|
|upkeep
|
|t:|1757844805
|switch|p2a: Rillaboom|Rillaboom, L50, F, shiny|100/100
|-fieldstart|move: Grassy Terrain|[from] ability: Grassy Surge|[of] p2a: Rillaboom
|turn|5
|
|t:|1757844822
|switch|p2a: Sinistcha|Sinistcha, L50, shiny|65/100
|-heal|p2b: Kommo-o|53/100|[from] ability: Hospitality|[of] p2a: Sinistcha
|switch|p1b: Sneasler|Sneasler, L50, F|100/100
|move|p1a: Arcanine|Protect|p1a: Arcanine
|-singleturn|p1a: Arcanine|Protect
|move|p2b: Kommo-o|Clanging Scales|p1b: Sneasler|[spread] p1b
|-activate|p1a: Arcanine|move: Protect
|-damage|p1b: Sneasler|23/100
|-unboost|p2b: Kommo-o|def|1
|
|-heal|p1a: Arcanine|42/100|[from] Grassy Terrain
|-heal|p2b: Kommo-o|59/100|[from] Grassy Terrain
|-heal|p1b: Sneasler|29/100|[from] Grassy Terrain
|-heal|p2a: Sinistcha|71/100|[from] Grassy Terrain
|upkeep
|turn|6
|
|t:|1757844850
|move|p2a: Sinistcha|Rage Powder|p2a: Sinistcha
|-singleturn|p2a: Sinistcha|move: Rage Powder
|move|p1a: Arcanine|Flare Blitz|p2a: Sinistcha
|-supereffective|p2a: Sinistcha
|-damage|p2a: Sinistcha|7/100
|-enditem|p2a: Sinistcha|Sitrus Berry|[eat]
|-heal|p2a: Sinistcha|32/100|[from] item: Sitrus Berry
|-damage|p1a: Arcanine|20/100|[from] Recoil
|move|p2b: Kommo-o|Clanging Scales|p1b: Sneasler|[spread] p1a,p1b
|-damage|p1a: Arcanine|0 fnt
|-damage|p1b: Sneasler|0 fnt
|faint|p1a: Arcanine
|faint|p1b: Sneasler
|-unboost|p2b: Kommo-o|def|1
|
|-heal|p2b: Kommo-o|65/100|[from] Grassy Terrain
|-heal|p2a: Sinistcha|38/100|[from] Grassy Terrain
|upkeep
|
|t:|1757844856
|switch|p1a: Indeedee|Indeedee-F, L50, F|36/100
|switch|p1b: Espathra|Espathra, L50, F|100/100
|-fieldstart|move: Psychic Terrain|[from] ability: Psychic Surge|[of] p1a: Indeedee
|turn|7
|
|t:|1757844871
|switch|p2a: Rillaboom|Rillaboom, L50, F, shiny|100/100
|-fieldstart|move: Grassy Terrain|[from] ability: Grassy Surge|[of] p2a: Rillaboom
|move|p1a: Indeedee|Helping Hand|p1b: Espathra
|-singleturn|p1b: Espathra|Helping Hand|[of] p1a: Indeedee
|move|p2b: Kommo-o|Clanging Scales|p1a: Indeedee|[spread] p1a,p1b
|-damage|p1a: Indeedee|0 fnt
|-damage|p1b: Espathra|0 fnt
|faint|p1a: Indeedee
|faint|p1b: Espathra
|
|win|Ssidebraves8
||Lacossg is ready for game 2.
|inactive|Ssidebraves8 has 30 seconds to confirm battle start!
||Ssidebraves8 is ready for game 2.
|uhtml|next|Next: Game 2 of 3
