|j|☆smalltownkirlia
|j|☆asher234
|html|smalltownkirliaasher234    
|uhtml|bestof|Game 1 of a best-of-3
|t:|1757204840
|gametype|doubles
|player|p1|smalltownkirlia|whitney|1103
|player|p2|asher234|170|1000
|gen|9
|tier|[Gen 9] VGC 2025 Reg H (Bo3)
|rated|
|rule|Species Clause: Limit one of each Pokémon
|rule|Item Clause: Limit 1 of each item
|clearpoke
|poke|p1|Dragonite, L50, M|
|poke|p1|Ursaluna-Bloodmoon, L50, M|
|poke|p1|Gholdengo, L50|
|poke|p1|Maushold-Four, L50|
|poke|p1|Annihilape, L50, M|
|poke|p1|Rillaboom, L50, M|
|poke|p2|Chandelure, L50, M|
|poke|p2|Whimsicott, L50, F|
|poke|p2|Incineroar, L50, F|
|poke|p2|Ceruledge, L50, F|
|poke|p2|Torkoal, L50, M|
|poke|p2|Pawmot, L50, F|
|teampreview|4
|showteam|p1|Dragonite||LoadedDice|Multiscale|ScaleShot,Tailwind,Haze,Protect|||M|||50|,,,,,Steel]Ursaluna-Bloodmoon||AssaultVest|MindsEye|BloodMoon,EarthPower,HyperVoice,VacuumWave|||M|||50|,,,,,Water]Gholdengo||LifeOrb|GoodasGold|MakeItRain,ShadowBall,NastyPlot,Protect||||||50|,,,,,Water]Maushold-Four||FocusSash|FriendGuard|SuperFang,FollowMe,BeatUp,Protect||||||50|,,,,,Ghost]Annihilape||SitrusBerry|Defiant|RageFist,DrainPunch,BulkUp,Protect|||M|||50|,,,,,Fire]Rillaboom||MiracleSeed|GrassySurge|WoodHammer,GrassyGlide,HighHorsepower,FakeOut|||M|||50|,,,,,Fire
|showteam|p2|Chandelure||ClearAmulet|Infiltrator|ShadowBall,AcidArmor,Protect,Overheat|||M|||50|,,,,,Grass]Whimsicott||CovertCloak|Prankster|Tailwind,Encore,Moonblast,Protect|||F|||50|,,,,,Dark]Incineroar||SafetyGoggles|Intimidate|FakeOut,PartingShot,Protect,FlareBlitz|||F|||50|,,,,,Ghost]Ceruledge||LifeOrb|FlashFire|BitterBlade,DestinyBond,Protect,HelpingHand|||F|||50|,,,,,Fire]Torkoal||EjectButton|Drought|Eruption,HelpingHand,Protect,Yawn|||M|||50|,,,,,Fire]Pawmot||ChoiceScarf|NaturalCure|DoubleShock,VoltSwitch,RevivalBlessing,DoubleEdge|||F|||50|,,,,,Electric
|inactive|Battle timer is ON: inactive players will automatically lose when time's up. (requested by smalltownkirlia)
|inactive|smalltownkirlia has 60 seconds left.
|
|t:|1757204890
|teamsize|p1|4
|teamsize|p2|4
|start
|switch|p1a: Ursaluna|Ursaluna-Bloodmoon, L50, M|100/100
|switch|p1b: Dragonite|Dragonite, L50, M|100/100
|switch|p2a: Pawmot|Pawmot, L50, F|100/100
|switch|p2b: Whimsicott|Whimsicott, L50, F|100/100
|turn|1
|inactive|asher234 has 30 seconds left.
|inactive|smalltownkirlia has 30 seconds left.
|inactive|asher234 has 20 seconds left.
|
|t:|1757204929
|move|p2b: Whimsicott|Tailwind|p2b: Whimsicott
|-sidestart|p2: asher234|move: Tailwind
|move|p2a: Pawmot|Double Shock|p1b: Dragonite
|-damage|p1b: Dragonite|71/100
|-start|p2a: Pawmot|typechange|???/Fighting|[from] move: Double Shock
|move|p1b: Dragonite|Tailwind|p1b: Dragonite
|-sidestart|p1: smalltownkirlia|move: Tailwind
|move|p1a: Ursaluna|Earth Power|p2a: Pawmot
|-damage|p2a: Pawmot|18/100
|
|upkeep
|turn|2
|inactive|smalltownkirlia has 30 seconds left.
|inactive|asher234 has 30 seconds left.
|
|t:|1757204962
|switch|p1b: Gholdengo|Gholdengo, L50|100/100
|-terastallize|p2a: Pawmot|Electric
|move|p2b: Whimsicott|Protect|p2b: Whimsicott
|-singleturn|p2b: Whimsicott|Protect
|move|p1a: Ursaluna|Vacuum Wave|p2a: Pawmot
|-damage|p2a: Pawmot|0 fnt
|faint|p2a: Pawmot
|
|upkeep
|
|t:|1757204972
|switch|p2a: Chandelure|Chandelure, L50, M|100/100
|turn|3
|
|t:|1757204984
|move|p1b: Gholdengo|Protect|p1b: Gholdengo
|-singleturn|p1b: Gholdengo|Protect
|move|p2b: Whimsicott|Encore|p1a: Ursaluna
|-start|p1a: Ursaluna|Encore
|move|p2a: Chandelure|Shadow Ball|p1b: Gholdengo
|-activate|p1b: Gholdengo|move: Protect
|move|p1a: Ursaluna|Vacuum Wave|p2b: Whimsicott
|-resisted|p2b: Whimsicott
|-damage|p2b: Whimsicott|89/100
|
|upkeep
|turn|4
|
|t:|1757205008
|switch|p1a: Maushold|Maushold-Four, L50|100/100
|-terastallize|p1b: Gholdengo|Water
|move|p2b: Whimsicott|Moonblast|p1a: Maushold
|-damage|p1a: Maushold|59/100
|-unboost|p1a: Maushold|spa|1
|move|p1b: Gholdengo|Shadow Ball|p2a: Chandelure
|-supereffective|p2a: Chandelure
|-crit|p2a: Chandelure
|-damage|p2a: Chandelure|0 fnt
|faint|p2a: Chandelure
|-damage|p1b: Gholdengo|91/100|[from] item: Life Orb
|
|-sideend|p1: smalltownkirlia|move: Tailwind
|-sideend|p2: asher234|move: Tailwind
|upkeep
|
|t:|1757205027
|switch|p2a: Torkoal|Torkoal, L50, M|100/100
|-weather|SunnyDay|[from] ability: Drought|[of] p2a: Torkoal
|turn|5
|
|t:|1757205043
|move|p2a: Torkoal|Protect|p2a: Torkoal
|-singleturn|p2a: Torkoal|Protect
|move|p1a: Maushold|Super Fang|p2a: Torkoal
|-activate|p2a: Torkoal|move: Protect
|move|p2b: Whimsicott|Moonblast|p1a: Maushold
|-damage|p1a: Maushold|21/100
|move|p1b: Gholdengo|Nasty Plot|p1b: Gholdengo
|-boost|p1b: Gholdengo|spa|2
|
|-weather|SunnyDay|[upkeep]
|upkeep
|turn|6
|
|t:|1757205059
|move|p1a: Maushold|Follow Me|p1a: Maushold
|-singleturn|p1a: Maushold|move: Follow Me
|move|p2b: Whimsicott|Moonblast|p1a: Maushold
|-damage|p1a: Maushold|0 fnt
|faint|p1a: Maushold
|move|p1b: Gholdengo|Shadow Ball|p2a: Torkoal
|-damage|p2a: Torkoal|0 fnt
|faint|p2a: Torkoal
|-damage|p1b: Gholdengo|82/100|[from] item: Life Orb
|
|-weather|SunnyDay|[upkeep]
|upkeep
|
|t:|1757205069
|switch|p1a: Dragonite|Dragonite, L50, M|71/100
|turn|7
|-message|asher234 forfeited.
|
|win|smalltownkirlia
|l|☆asher234
|player|p2|
