|j|☆Gayangos
|j|☆Braixen coxuda
|html|GayangosBraixen coxuda    
|uhtml|bestof|Game 2 of a best-of-3
|t:|1757782318
|gametype|doubles
|player|p1|Gayangos|169|
|player|p2|Braixen coxuda|caitlin|
|gen|9
|tier|[Gen 9] VGC 2025 Reg H (Bo3)
|rule|Species Clause: Limit one of each Pokémon
|rule|Item Clause: Limit 1 of each item
|clearpoke
|poke|p1|Dragapult, L50, F|
|poke|p1|Sneasler, L50, M|
|poke|p1|Incineroar, L50, F|
|poke|p1|Volcarona, L50, M|
|poke|p1|Rillaboom, L50, F|
|poke|p1|Kingambit, L50, M|
|poke|p2|Rillaboom, L50, M|
|poke|p2|Ursaluna-Bloodmoon, L50, M|
|poke|p2|Basculegion, L50, M|
|poke|p2|Murkrow, L50, M|
|poke|p2|Pelipper, L50, F|
|poke|p2|Archaludon, L50, M|
|teampreview|4
|showteam|p1|Dragapult||ChoiceBand|ClearBody|DragonDarts,Outrage,PhantomForce,Uturn|||F|||50|,,,,,Dragon]Sneasler||FocusSash|Unburden|DireClaw,CloseCombat,ThroatChop,Protect|||M|||50|,,,,,Stellar]Incineroar||SafetyGoggles|Intimidate|FakeOut,KnockOff,PartingShot,Taunt|||F|||50|,,,,,Ghost]Volcarona||GrassySeed|FlameBody|HeatWave,TeraBlast,QuiverDance,Protect|||M|||50|,,,,,Fairy]Rillaboom||AssaultVest|GrassySurge|FakeOut,WoodHammer,GrassyGlide,HighHorsepower|||F|||50|,,,,,Fire]Kingambit||BlackGlasses|Defiant|KowtowCleave,SuckerPunch,SwordsDance,Protect|||M|||50|,,,,,Dark
|showteam|p2|Rillaboom||MiracleSeed|GrassySurge|WoodHammer,GrassyGlide,Taunt,FakeOut|||M|||50|,,,,,Fire]Ursaluna-Bloodmoon||LifeOrb|MindsEye|HyperVoice,Protect,BloodMoon,EarthPower|||M|||50|,,,,,Normal]Basculegion||ChoiceBand|SwiftSwim|FlipTurn,WaveCrash,AquaJet,LastRespects|||M|||50|,,,,,Grass]Murkrow||Eviolite|Prankster|Tailwind,Haze,FoulPlay,RainDance|||M|||50|,,,,,Ghost]Pelipper||FocusSash|Drizzle|Hurricane,WeatherBall,Protect,WideGuard|||F|||50|,,,,,Stellar]Archaludon||AssaultVest|Stamina|BodyPress,ElectroShot,FlashCannon,DragonPulse|||M|||50|,,,,,Bug
|inactive|Battle timer is ON: inactive players will automatically lose when time's up. (requested by Braixen coxuda)
|inactive|Gayangos has 60 seconds left.
|
|t:|1757782351
|teamsize|p1|4
|teamsize|p2|4
|start
|switch|p1a: Volcarona|Volcarona, L50, M|100/100
|switch|p1b: Incineroar|Incineroar, L50, F|100/100
|switch|p2a: Murkrow|Murkrow, L50, M|100/100
|switch|p2b: Gendo|Archaludon, L50, M|100/100
|-ability|p1b: Incineroar|Intimidate|boost
|-unboost|p2a: Murkrow|atk|1
|-unboost|p2b: Gendo|atk|1
|turn|1
|
|t:|1757782365
|switch|p2a: Nobunaga|Basculegion, L50, M, shiny|100/100
|switch|p2b: Pelipper|Pelipper, L50, F, shiny|100/100
|-weather|RainDance|[from] ability: Drizzle|[of] p2b: Pelipper
|move|p1a: Volcarona|Quiver Dance|p1a: Volcarona
|-boost|p1a: Volcarona|spa|1
|-boost|p1a: Volcarona|spd|1
|-boost|p1a: Volcarona|spe|1
|move|p1b: Incineroar|Taunt|p2a: Nobunaga
|-start|p2a: Nobunaga|move: Taunt
|
|-weather|RainDance|[upkeep]
|upkeep
|turn|2
|
|t:|1757782379
|move|p1a: Volcarona|Protect|p1a: Volcarona
|-singleturn|p1a: Volcarona|Protect
|move|p2a: Nobunaga|Flip Turn|p1b: Incineroar
|-supereffective|p1b: Incineroar
|-damage|p1b: Incineroar|0 fnt
|faint|p1b: Incineroar
|
|t:|1757782383
|switch|p2a: Murkrow|Murkrow, L50, M|100/100|[from] Flip Turn
|move|p2b: Pelipper|Hurricane|p1a: Volcarona
|-activate|p1a: Volcarona|move: Protect
|
|-weather|RainDance|[upkeep]
|upkeep
|
|t:|1757782392
|switch|p1b: Sneasler|Sneasler, L50, M|100/100
|turn|3
|
|t:|1757782400
|-terastallize|p1a: Volcarona|Fairy
|move|p2a: Murkrow|Haze|p2a: Murkrow
|-clearallboost
|move|p1b: Sneasler|Dire Claw|p2b: Pelipper
|-damage|p2b: Pelipper|50/100
|-status|p2b: Pelipper|slp
|move|p1a: Volcarona|Tera Blast|p2a: Murkrow|[anim] Tera Blast Fairy
|-supereffective|p2a: Murkrow
|-damage|p2a: Murkrow|11/100
|cant|p2b: Pelipper|slp
|
|-weather|RainDance|[upkeep]
|upkeep
|turn|4
|
|t:|1757782415
|move|p2a: Murkrow|Tailwind|p2a: Murkrow
|-sidestart|p2: Braixen coxuda|move: Tailwind
|cant|p2b: Pelipper|slp
|move|p1b: Sneasler|Dire Claw|p2a: Murkrow
|-damage|p2a: Murkrow|0 fnt
|faint|p2a: Murkrow
|move|p1a: Volcarona|Quiver Dance|p1a: Volcarona
|-boost|p1a: Volcarona|spa|1
|-boost|p1a: Volcarona|spd|1
|-boost|p1a: Volcarona|spe|1
|
|-weather|RainDance|[upkeep]
|upkeep
|
|t:|1757782422
|switch|p2a: Nobunaga|Basculegion, L50, M, shiny|100/100
|turn|5
|
|t:|1757782434
|move|p1a: Volcarona|Protect|p1a: Volcarona
|-singleturn|p1a: Volcarona|Protect
|move|p2a: Nobunaga|Flip Turn|p1b: Sneasler
|-enditem|p1b: Sneasler|Focus Sash
|-damage|p1b: Sneasler|1/100
|
|t:|1757782436
|switch|p2a: Gendo|Archaludon, L50, M|100/100|[from] Flip Turn
|move|p1b: Sneasler|Throat Chop|p2a: Gendo
|-damage|p2a: Gendo|78/100
|-start|p2a: Gendo|Throat Chop|[silent]
|-ability|p2a: Gendo|Stamina|boost
|-boost|p2a: Gendo|def|1
|-curestatus|p2b: Pelipper|slp|[msg]
|move|p2b: Pelipper|Hurricane|p1b: Sneasler
|-supereffective|p1b: Sneasler
|-damage|p1b: Sneasler|0 fnt
|faint|p1b: Sneasler
|
|-weather|none
|upkeep
|
|t:|1757782443
|switch|p1b: Rillaboom|Rillaboom, L50, F|100/100
|-fieldstart|move: Grassy Terrain|[from] ability: Grassy Surge|[of] p1b: Rillaboom
|-enditem|p1a: Volcarona|Grassy Seed
|-boost|p1a: Volcarona|def|1|[from] item: Grassy Seed
|turn|6
|
|t:|1757782460
|switch|p2b: Nobunaga|Basculegion, L50, M, shiny|100/100
|move|p1a: Volcarona|Quiver Dance|p1a: Volcarona
|-boost|p1a: Volcarona|spa|1
|-boost|p1a: Volcarona|spd|1
|-boost|p1a: Volcarona|spe|1
|move|p2a: Gendo|Body Press|p1b: Rillaboom
|-damage|p1b: Rillaboom|66/100
|move|p1b: Rillaboom|Wood Hammer|p2b: Nobunaga
|-supereffective|p2b: Nobunaga
|-damage|p2b: Nobunaga|0 fnt
|faint|p2b: Nobunaga
|-damage|p1b: Rillaboom|34/100|[from] Recoil
|
|-heal|p2a: Gendo|84/100|[from] Grassy Terrain
|-heal|p1b: Rillaboom|40/100|[from] Grassy Terrain
|-end|p2a: Gendo|Throat Chop|[silent]
|upkeep
|
|t:|1757782462
|switch|p2b: Pelipper|Pelipper, L50, F, shiny|50/100
|-weather|RainDance|[from] ability: Drizzle|[of] p2b: Pelipper
|turn|7
|inactive|Gayangos has 30 seconds left.
|
|t:|1757782495
|-terastallize|p2b: Pelipper|Stellar
|move|p1a: Volcarona|Quiver Dance|p1a: Volcarona
|-boost|p1a: Volcarona|spa|1
|-boost|p1a: Volcarona|spd|1
|-boost|p1a: Volcarona|spe|1
|move|p2b: Pelipper|Weather Ball|p1a: Volcarona
|-damage|p1a: Volcarona|70/100
|move|p2a: Gendo|Body Press|p1b: Rillaboom
|-damage|p1b: Rillaboom|2/100
|move|p1b: Rillaboom|High Horsepower|p2a: Gendo
|-supereffective|p2a: Gendo
|-damage|p2a: Gendo|54/100
|-ability|p2a: Gendo|Stamina|boost
|-boost|p2a: Gendo|def|1
|
|-weather|RainDance|[upkeep]
|-heal|p1a: Volcarona|76/100|[from] Grassy Terrain
|-heal|p2a: Gendo|60/100|[from] Grassy Terrain
|-heal|p1b: Rillaboom|8/100|[from] Grassy Terrain
|-sideend|p2: Braixen coxuda|move: Tailwind
|upkeep
|turn|8
|
|t:|1757782513
|move|p1b: Rillaboom|Grassy Glide|p2b: Pelipper
|-damage|p2b: Pelipper|8/100
|move|p1a: Volcarona|Heat Wave|p2a: Gendo|[spread] p2a,p2b
|-resisted|p2b: Pelipper
|-damage|p2a: Gendo|31/100
|-damage|p2b: Pelipper|0 fnt
|-ability|p2a: Gendo|Stamina|boost
|-boost|p2a: Gendo|def|1
|faint|p2b: Pelipper
|move|p2a: Gendo|Flash Cannon|p1a: Volcarona
|-supereffective|p1a: Volcarona
|-damage|p1a: Volcarona|46/100
|
|-weather|RainDance|[upkeep]
|-heal|p1a: Volcarona|52/100|[from] Grassy Terrain
|-heal|p1b: Rillaboom|14/100|[from] Grassy Terrain
|-heal|p2a: Gendo|37/100|[from] Grassy Terrain
|upkeep
|turn|9
|-message|Braixen coxuda forfeited.
|
|win|Gayangos
|l|☆Braixen coxuda
|player|p2|
||Braixen coxuda is ready for game 3.
||Gayangos is ready for game 3.
|uhtml|next|Next: Game 3 of 3
|l|☆Gayangos
|player|p1|
|j|☆Gayangos
|player|p1|Gayangos|169|
