|j|☆noriaki kasai
|j|☆oxtepig2020
|html|noriaki kasaioxtepig2020    
|uhtml|bestof|Game 2 of a best-of-3
|t:|1756991109
|gametype|doubles
|player|p1|noriaki kasai|swimmer-gen4dp|1317
|player|p2|oxtepig2020|buck|1374
|gen|9
|tier|[Gen 9] VGC 2025 Reg H (Bo3)
|rated|
|rule|Species Clause: Limit one of each Pokémon
|rule|Item Clause: Limit 1 of each item
|clearpoke
|poke|p1|Annihilape, L50, F|
|poke|p1|Sinistcha, L50|
|poke|p1|Maushold-Four, L50|
|poke|p1|Klefki, L50, M|
|poke|p1|Ursaluna-Bloodmoon, L50, M|
|poke|p1|Ninetales-Alola, L50, F|
|poke|p2|Indeedee, L50, M|
|poke|p2|Sneasler, L50, F|
|poke|p2|Whimsicott, L50, M|
|poke|p2|Dragapult, L50, M|
|poke|p2|Ursaluna-Bloodmoon, L50, M|
|poke|p2|Incineroar, L50, M|
|teampreview|4
|showteam|p1|Annihilape||Leftovers|Defiant|Protect,BulkUp,DrainPunch,RageFist|||F|||50|,,,,,Fire]Sinistcha||SitrusBerry|Hospitality|MatchaGotcha,TrickRoom,LifeDew,RagePowder||||||50|,,,,,Water]Maushold-Four||FocusSash|FriendGuard|FollowMe,Taunt,BeatUp,Protect||||||50|,,,,,Ghost]Klefki||LightClay|Prankster|Reflect,LightScreen,MistyTerrain,DazzlingGleam|||M|||50|,,,,,Ghost]Ursaluna-Bloodmoon||AssaultVest|MindsEye|BloodMoon,HyperVoice,EarthPower,VacuumWave|||M|||50|,,,,,Water]Ninetales-Alola||ChoiceSpecs|SnowWarning|Blizzard,IcyWind,FreezeDry,Moonblast|||F|||50|,,,,,Ghost
|showteam|p2|Indeedee||ChoiceSpecs|PsychicSurge|Trick,ExpandingForce,TeraBlast,HyperVoice|||M|||50|,,,,,Psychic]Sneasler||PsychicSeed|Unburden|Protect,ThroatChop,DireClaw,CloseCombat|||F|||50|,,,,,Dark]Whimsicott||FocusSash|Prankster|Taunt,Tailwind,Moonblast,Encore|||M|||50|,,,,,Ghost]Dragapult||ChoiceBand|ClearBody|DragonDarts,DragonClaw,Uturn,PhantomForce|||M|||50|,,,,,Dragon]Ursaluna-Bloodmoon||LifeOrb|MindsEye|Protect,HyperVoice,BloodMoon,EarthPower|||M|||50|,,,,,Normal]Incineroar||SafetyGoggles|Intimidate|FakeOut,FlareBlitz,KnockOff,PartingShot|||M|||50|,,,,,Ghost
|inactive|Battle timer is ON: inactive players will automatically lose when time's up. (requested by noriaki kasai)
|j| bananapower63
|
|t:|1756991153
|teamsize|p1|4
|teamsize|p2|4
|start
|switch|p1a: Klefki|Klefki, L50, M|100/100
|switch|p1b: Ursaluna|Ursaluna-Bloodmoon, L50, M|100/100
|switch|p2a: Whimsicott|Whimsicott, L50, M|100/100
|switch|p2b: Indeedee|Indeedee, L50, M|100/100
|-fieldstart|move: Psychic Terrain|[from] ability: Psychic Surge|[of] p2b: Indeedee
|turn|1
|inactive|noriaki kasai has 30 seconds left.
|
|t:|1756991186
|move|p1a: Klefki|Light Screen|p1a: Klefki
|-sidestart|p1: noriaki kasai|move: Light Screen
|move|p2a: Whimsicott|Moonblast|p1b: Ursaluna
|-damage|p1b: Ursaluna|86/100
|move|p2b: Indeedee|Expanding Force|p1a: Klefki|[spread] p1a,p1b
|-resisted|p1a: Klefki
|-damage|p1a: Klefki|78/100
|-damage|p1b: Ursaluna|51/100
|move|p1b: Ursaluna|Blood Moon|p2b: Indeedee
|-damage|p2b: Indeedee|5/100
|
|upkeep
|turn|2
|inactive|oxtepig2020 has 30 seconds left.
|
|t:|1756991214
|move|p1a: Klefki|Misty Terrain|p1a: Klefki
|-fieldstart|move: Misty Terrain
|move|p2a: Whimsicott|Moonblast|p1b: Ursaluna
|-damage|p1b: Ursaluna|35/100
|-unboost|p1b: Ursaluna|spa|1
|move|p2b: Indeedee|Expanding Force|p1b: Ursaluna
|-damage|p1b: Ursaluna|10/100
|move|p1b: Ursaluna|Hyper Voice|p2b: Indeedee|[spread] p2a,p2b
|-damage|p2a: Whimsicott|60/100
|-damage|p2b: Indeedee|0 fnt
|faint|p2b: Indeedee
|
|upkeep
|
|t:|1756991224
|switch|p2b: Sneasler|Sneasler, L50, F|100/100
|turn|3
|inactive|noriaki kasai has 30 seconds left.
|
|t:|1756991257
|move|p2a: Whimsicott|Encore|p1a: Klefki
|-start|p1a: Klefki|Encore
|move|p1a: Klefki|Misty Terrain||[still]
|-fail|p1a: Klefki
|move|p1b: Ursaluna|Vacuum Wave|p2b: Sneasler
|-resisted|p2b: Sneasler
|-damage|p2b: Sneasler|94/100
|move|p2b: Sneasler|Throat Chop|p1b: Ursaluna
|-damage|p1b: Ursaluna|0 fnt
|faint|p1b: Ursaluna
|
|upkeep
|
|t:|1756991267
|switch|p1b: Ninetales|Ninetales-Alola, L50, F, shiny|100/100
|-weather|Snowscape|[from] ability: Snow Warning|[of] p1b: Ninetales
|turn|4
|inactive|noriaki kasai has 30 seconds left.
|
|t:|1756991292
|-terastallize|p1b: Ninetales|Ghost
|move|p2b: Sneasler|Protect|p2b: Sneasler
|-singleturn|p2b: Sneasler|Protect
|move|p2a: Whimsicott|Tailwind|p2a: Whimsicott
|-sidestart|p2: oxtepig2020|move: Tailwind
|move|p1a: Klefki|Misty Terrain||[still]
|-fail|p1a: Klefki
|move|p1b: Ninetales|Blizzard|p2b: Sneasler|[spread] p2a
|-activate|p2b: Sneasler|move: Protect
|-supereffective|p2a: Whimsicott
|-damage|p2a: Whimsicott|0 fnt
|faint|p2a: Whimsicott
|
|-weather|Snowscape|[upkeep]
|upkeep
|
|t:|1756991295
|switch|p2a: Ursaluna|Ursaluna-Bloodmoon, L50, M|100/100
|turn|5
|inactive|oxtepig2020 has 30 seconds left.
|inactive|oxtepig2020 has 20 seconds left.
|inactive|oxtepig2020 has 15 seconds left.
|inactive|oxtepig2020 has 10 seconds left.
|inactive|oxtepig2020 has 5 seconds left.
|
|t:|1756991347
|-terastallize|p2b: Sneasler|Dark
|move|p1a: Klefki|Misty Terrain||[still]
|-fail|p1a: Klefki
|move|p2b: Sneasler|Throat Chop|p1b: Ninetales
|-supereffective|p1b: Ninetales
|-damage|p1b: Ninetales|0 fnt
|faint|p1b: Ninetales
|move|p2a: Ursaluna|Earth Power|p1a: Klefki
|-supereffective|p1a: Klefki
|-damage|p1a: Klefki|0 fnt
|faint|p1a: Klefki
|-damage|p2a: Ursaluna|91/100|[from] item: Life Orb
|
|-weather|Snowscape|[upkeep]
|upkeep
|
|t:|1756991358
|switch|p1b: Sinistcha|Sinistcha, L50|100/100
|turn|6
|
|t:|1756991375
|move|p2b: Sneasler|Throat Chop|p1b: Sinistcha
|-supereffective|p1b: Sinistcha
|-damage|p1b: Sinistcha|36/100
|-start|p1b: Sinistcha|Throat Chop|[silent]
|-enditem|p1b: Sinistcha|Sitrus Berry|[eat]
|-heal|p1b: Sinistcha|61/100|[from] item: Sitrus Berry
|move|p2a: Ursaluna|Blood Moon|p1b: Sinistcha
|-damage|p1b: Sinistcha|0 fnt
|faint|p1b: Sinistcha
|-damage|p2a: Ursaluna|81/100|[from] item: Life Orb
|
|win|oxtepig2020
|raw|noriaki kasai's rating: 1317 → 1300(-17 for losing)
|raw|oxtepig2020's rating: 1374 → 1391(+17 for winning)
