|j|☆harlow18
|j|☆GS Barnabe
|html|harlow18GS Barnabe    
|uhtml|bestof|Game 1 of a best-of-3
|t:|1785937411
|gametype|doubles
|player|p1|harlow18|265|1019
|player|p2|GS Barnabe|1|1128
|gen|9
|tier|[Gen 9 Champions] VGC 2026 Reg M-B (Bo3)
|rated|
|rule|Species Clause: Limit one of each Pokémon
|rule|Item Clause: Limit 1 of each item
|clearpoke
|poke|p1|Lucario, L50, M|
|poke|p1|Chandelure, L50, M|
|poke|p1|Overqwil, L50, F|
|poke|p1|Rotom-Mow, L50|
|poke|p1|Hydreigon, L50, F|
|poke|p1|Primarina, L50, M|
|poke|p2|Clefable, L50, F|
|poke|p2|Tyranitar, L50, F|
|poke|p2|Garchomp, L50, M|
|poke|p2|Gholdengo, L50|
|poke|p2|Rotom-Wash, L50|
|poke|p2|Aerodactyl, L50, F|
|teampreview|4
|showteam|p1|Lucario||Lucarionite|InnerFocus|SwordsDance,BulletPunch,DrainPunch,IcePunch|Jolly||M|||50|]Chandelure||Chandelurite|FlashFire|HeatWave,ShadowBall,Protect,Taunt|Timid||M|||50|]Overqwil||Leftovers|Intimidate|Taunt,Protect,Crunch,GunkShot|Adamant||F|||50|]Rotom-Mow||ChoiceScarf|Levitate|VoltSwitch,Electroweb,LeafStorm,WillOWisp|Timid|||||50|]Hydreigon||DragonFang|Levitate|EarthPower,DarkPulse,DragonPulse,Tailwind|Timid||F|||50|]Primarina||SitrusBerry|Torrent|Moonblast,HydroPump,CalmMind,Protect|Modest||M|||50|
|showteam|p2|Clefable||SitrusBerry|Unaware|Moonblast,FollowMe,HealPulse,Protect|Bold||F|||50|]Tyranitar||ChoiceScarf|SandStream|RockSlide,KnockOff,IcePunch,Superpower|Jolly||F|||50|]Garchomp||Garchompite|SandVeil|DracoMeteor,EarthPower,PowerGem,Protect|Modest||M|||50|]Gholdengo||LifeOrb|GoodasGold|MakeItRain,ShadowBall,NastyPlot,Protect|Modest|||||50|]Rotom-Wash||Leftovers|Levitate|HydroPump,VoltSwitch,WillOWisp,Protect|Calm|||||50|]Aerodactyl||Aerodactylite|RockHead|RockSlide,DualWingbeat,Tailwind,Protect|Jolly||F|||50|
|inactive|Battle timer is ON: inactive players will automatically lose when time's up. (requested by harlow18)
|inactive|GS Barnabe has 60 seconds left.
|inactive|GS Barnabe has 30 seconds left.
|inactive|GS Barnabe has 20 seconds left.
|
|t:|1785937482
|teamsize|p1|4
|teamsize|p2|4
|start
|switch|p1a: Rotom|Rotom-Mow, L50|100/100
|switch|p1b: Primarina|Primarina, L50, M|100/100
|switch|p2a: Garchomp|Garchomp, L50, M|100/100
|switch|p2b: Tyranitar|Tyranitar, L50, F|100/100
|-weather|Sandstorm|[from] ability: Sand Stream|[of] p2b: Tyranitar
|turn|1
|inactive|GS Barnabe has 30 seconds left.
|
|t:|1785937514
|switch|p2a: Clefable|Clefable, L50, F|100/100
|move|p1a: Rotom|Electroweb|p2a: Clefable|[spread] p2a,p2b
|-crit|p2a: Clefable
|-damage|p2a: Clefable|77/100
|-damage|p2b: Tyranitar|86/100
|-unboost|p2a: Clefable|spe|1
|-unboost|p2b: Tyranitar|spe|1
|move|p2b: Tyranitar|Rock Slide|p1a: Rotom|[spread] p1a,p1b
|-damage|p1a: Rotom|57/100
|-damage|p1b: Primarina|62/100
|move|p1b: Primarina|Calm Mind|p1b: Primarina
|-boost|p1b: Primarina|spa|1
|-boost|p1b: Primarina|spd|1
|
|-weather|Sandstorm|[upkeep]
|-damage|p1a: Rotom|51/100|[from] Sandstorm
|-damage|p1b: Primarina|56/100|[from] Sandstorm
|-damage|p2a: Clefable|71/100|[from] Sandstorm
|upkeep
|turn|2
|
|t:|1785937539
|move|p1a: Rotom|Electroweb|p2b: Tyranitar|[spread] p2a,p2b
|-damage|p2a: Clefable|54/100
|-damage|p2b: Tyranitar|73/100
|-unboost|p2a: Clefable|spe|1
|-unboost|p2b: Tyranitar|spe|1
|move|p2b: Tyranitar|Rock Slide|p1a: Rotom|[spread] p1a,p1b
|-damage|p1a: Rotom|11/100
|-damage|p1b: Primarina|17/100
|-enditem|p1b: Primarina|Sitrus Berry|[eat]
|-heal|p1b: Primarina|42/100|[from] item: Sitrus Berry
|move|p1b: Primarina|Hydro Pump|p2b: Tyranitar
|-supereffective|p2b: Tyranitar|1
|-damage|p2b: Tyranitar|0 fnt
|faint|p2b: Tyranitar
|move|p2a: Clefable|Heal Pulse|p2: Tyranitar|[notarget]
|-fail|p2a: Clefable
|
|-weather|Sandstorm|[upkeep]
|-damage|p1a: Rotom|6/100|[from] Sandstorm
|-damage|p1b: Primarina|36/100|[from] Sandstorm
|-damage|p2a: Clefable|49/100|[from] Sandstorm
|-enditem|p2a: Clefable|Sitrus Berry|[eat]
|-heal|p2a: Clefable|73/100|[from] item: Sitrus Berry
|upkeep
|
|t:|1785937563
|switch|p2b: Garchomp|Garchomp, L50, M|100/100
|turn|3
|
|t:|1785937581
|detailschange|p2b: Garchomp|Garchomp-Mega, L50, M
|-mega|p2b: Garchomp|Garchomp|Garchompite
|move|p1a: Rotom|Electroweb|p2b: Garchomp|[spread] p2a
|-immune|p2b: Garchomp
|-damage|p2a: Clefable|56/100
|-unboost|p2a: Clefable|spe|1
|move|p2b: Garchomp|Earth Power|p1b: Primarina
|-damage|p1b: Primarina|0 fnt
|faint|p1b: Primarina
|move|p2a: Clefable|Heal Pulse|p2b: Garchomp
|-fail|p2b: Garchomp|heal
|
|-weather|Sandstorm|[upkeep]
|-damage|p1a: Rotom|1/100|[from] Sandstorm
|-damage|p2a: Clefable|50/100g|[from] Sandstorm
|upkeep
|
|t:|1785937595
|switch|p1b: Hydreigon|Hydreigon, L50, F|100/100
|turn|4
|
|t:|1785937611
|switch|p1b: Lucario|Lucario, L50, M|100/100
|move|p2a: Clefable|Follow Me|p2a: Clefable
|-singleturn|p2a: Clefable|move: Follow Me
|move|p1a: Rotom|Electroweb|p2b: Garchomp|[spread] p2a
|-immune|p2b: Garchomp
|-damage|p2a: Clefable|35/100
|-unboost|p2a: Clefable|spe|1
|move|p2b: Garchomp|Draco Meteor|p1b: Lucario
|-resisted|p1b: Lucario|1
|-damage|p1b: Lucario|38/100
|-unboost|p2b: Garchomp|spa|2
|
|-weather|Sandstorm|[upkeep]
|-damage|p1a: Rotom|0 fnt|[from] Sandstorm
|-damage|p2a: Clefable|29/100|[from] Sandstorm
|faint|p1a: Rotom
|upkeep
|
|t:|1785937614
|switch|p1a: Hydreigon|Hydreigon, L50, F|100/100
|turn|5
|inactive|GS Barnabe has 30 seconds left.
|
|t:|1785937640
|switch|p2b: Rotom|Rotom-Wash, L50|100/100
|detailschange|p1b: Lucario|Lucario-Mega, L50, M
|-mega|p1b: Lucario|Lucario|Lucarionite
|move|p1b: Lucario|Bullet Punch|p2a: Clefable
|-supereffective|p2a: Clefable|1
|-damage|p2a: Clefable|0 fnt
|faint|p2a: Clefable
|move|p1a: Hydreigon|Dragon Pulse|p2b: Rotom
|-damage|p2b: Rotom|49/100
|
|-weather|none
|-heal|p2b: Rotom|55/100|[from] item: Leftovers
|upkeep
|j| Raxxantess
|
|t:|1785937654
|switch|p2a: Garchomp|Garchomp-Mega, L50, M|100/100
|turn|6
|
|t:|1785937677
|move|p2a: Garchomp|Protect|p2a: Garchomp
|-singleturn|p2a: Garchomp|Protect
|move|p1b: Lucario|Drain Punch|p2b: Rotom
|-damage|p2b: Rotom|0 fnt
|-heal|p1b: Lucario|68/100|[from] drain|[of] p2b: Rotom
|faint|p2b: Rotom
|move|p1a: Hydreigon|Dragon Pulse|p2a: Garchomp
|-activate|p2a: Garchomp|move: Protect
|
|upkeep
|turn|7
|
|t:|1785937686
|move|p1b: Lucario|Ice Punch|p2a: Garchomp
|-supereffective|p2a: Garchomp|2
|-damage|p2a: Garchomp|1/100
|move|p1a: Hydreigon|Dragon Pulse|p2a: Garchomp
|-supereffective|p2a: Garchomp|1
|-damage|p2a: Garchomp|0 fnt
|faint|p2a: Garchomp
|
|win|harlow18
