|j|☆smearglehater21
|j|☆ChrisJHall13
|html|smearglehater21ChrisJHall13    
|uhtml|bestof|Game 3 of a best-of-3
|t:|1784760795
|gametype|doubles
|player|p1|smearglehater21|nate|1239
|player|p2|ChrisJHall13|169|1278
|gen|9
|tier|[Gen 9 Champions] VGC 2026 Reg M-B (Bo3)
|rated|
|rule|Species Clause: Limit one of each Pokémon
|rule|Item Clause: Limit 1 of each item
|clearpoke
|poke|p1|Kingambit, L50, M|
|poke|p1|Whimsicott, L50, F|
|poke|p1|Basculegion, L50, M|
|poke|p1|Garchomp, L50, M|
|poke|p1|Charizard, L50, M|
|poke|p1|Floette-Eternal, L50, F|
|poke|p2|Incineroar, L50, M|
|poke|p2|Ninetales-Alola, L50, M|
|poke|p2|Gengar, L50, F|
|poke|p2|Dragonite, L50, F|
|poke|p2|Snorlax, L50, M|
|poke|p2|Scrafty, L50, M|
|teampreview|4
|showteam|p1|Kingambit||ChopleBerry|Defiant|KowtowCleave,LowKick,SuckerPunch,IronHead|Adamant||M|||50|]Whimsicott||FocusSash|Prankster|Moonblast,Tailwind,Encore,Protect|Timid||F|||50|]Basculegion||MysticWater|Adaptability|WaveCrash,LastRespects,AquaJet,Protect|Adamant||M|||50|]Garchomp||LifeOrb|RoughSkin|DragonClaw,RockSlide,Earthquake,Protect|Jolly||M|||50|]Charizard||CharizarditeY|Blaze|WeatherBall,HeatWave,SolarBeam,Protect|Modest||M|||50|]Floette-Eternal||Floettite|FlowerVeil|Moonblast,DazzlingGleam,LightofRuin,Protect|Timid||F|||50|
|showteam|p2|Incineroar||ShucaBerry|Intimidate|FakeOut,DarkestLariat,Protect,PartingShot|Careful||M|||50|]Ninetales-Alola||FocusSash|SnowWarning|Blizzard,Protect,Encore,Disable|Timid||M|||50|]Gengar||Gengarite|CursedBody|PerishSong,ShadowBall,Protect,SludgeBomb|Modest||F|||50|]Dragonite||LifeOrb|InnerFocus|DragonClaw,ExtremeSpeed,Protect,LowKick|Adamant||F|||50|]Snorlax||Leftovers|ThickFat|Yawn,Fissure,DoubleEdge,Protect|Relaxed||M|||50|]Scrafty||SitrusBerry|Intimidate|CloseCombat,KnockOff,FakeOut,Protect|Adamant||M|||50|
|inactive|Battle timer is ON: inactive players will automatically lose when time's up. (requested by smearglehater21)
|inactive|ChrisJHall13 has 60 seconds left.
|
|t:|1784760834
|teamsize|p1|4
|teamsize|p2|4
|start
|switch|p1a: Charizard|Charizard, L50, M|100/100
|switch|p1b: Whimsicott|Whimsicott, L50, F|100/100
|switch|p2a: Gengar|Gengar, L50, F|100/100
|switch|p2b: Dragonite|Dragonite, L50, F|100/100
|turn|1
|inactive|ChrisJHall13 has 30 seconds left.
|
|t:|1784760860
|switch|p1b: Kingambit|Kingambit, L50, M|100/100
|detailschange|p2a: Gengar|Gengar-Mega, L50, F
|-mega|p2a: Gengar|Gengar|Gengarite
|detailschange|p1a: Charizard|Charizard-Mega-Y, L50, M
|-mega|p1a: Charizard|Charizard|Charizardite Y
|-weather|SunnyDay|[from] ability: Drought|[of] p1a: Charizard
|move|p2a: Gengar|Protect|p2a: Gengar
|-singleturn|p2a: Gengar|Protect
|move|p2b: Dragonite|Extreme Speed|p1b: Kingambit
|-resisted|p1b: Kingambit|1
|-damage|p1b: Kingambit|85/100
|-damage|p2b: Dragonite|90/100|[from] item: Life Orb
|move|p1a: Charizard|Weather Ball|p2a: Gengar
|-activate|p2a: Gengar|move: Protect
|
|-weather|SunnyDay|[upkeep]
|upkeep
|turn|2
|inactive|ChrisJHall13 has 30 seconds left.
|inactive|ChrisJHall13 has 20 seconds left.
|inactive|smearglehater21 has 30 seconds left.
|inactive|ChrisJHall13 has 15 seconds left.
|inactive|smearglehater21 has 20 seconds left.
|inactive|smearglehater21 has 15 seconds left.
|inactiveoff|Battle timer is now OFF.
|inactive|Battle timer is ON: inactive players will automatically lose when time's up. (requested by ChrisJHall13)
|
|t:|1784760935
|switch|p2a: Incineroar|Incineroar, L50, M|100/100
|-ability|p2a: Incineroar|Intimidate|boost
|-unboost|p1a: Charizard|atk|1
|-unboost|p1b: Kingambit|atk|1
|-ability|p1b: Kingambit|Defiant|boost
|-boost|p1b: Kingambit|atk|2
|move|p2b: Dragonite|Extreme Speed|p1a: Charizard
|-damage|p1a: Charizard|61/100
|-damage|p2b: Dragonite|80/100|[from] item: Life Orb
|move|p1a: Charizard|Weather Ball|p2a: Incineroar
|-resisted|p2a: Incineroar|1
|-damage|p2a: Incineroar|66/100
|move|p1b: Kingambit|Kowtow Cleave|p2a: Incineroar
|-resisted|p2a: Incineroar|1
|-damage|p2a: Incineroar|33/100
|
|-weather|SunnyDay|[upkeep]
|upkeep
|turn|3
|
|t:|1784760958
|move|p2a: Incineroar|Fake Out|p1b: Kingambit
|-resisted|p1b: Kingambit|1
|-damage|p1b: Kingambit|81/100
|move|p1a: Charizard|Weather Ball|p2a: Incineroar
|-resisted|p2a: Incineroar|1
|-damage|p2a: Incineroar|0 fnt
|faint|p2a: Incineroar
|move|p2b: Dragonite|Low Kick|p1b: Kingambit
|-supereffective|p1b: Kingambit|2
|-enditem|p1b: Kingambit|Chople Berry|[eat]
|-enditem|p1b: Kingambit|Chople Berry|[weaken]
|-damage|p1b: Kingambit|1/100
|-damage|p2b: Dragonite|71/100|[from] item: Life Orb
|cant|p1b: Kingambit|flinch
|
|-weather|SunnyDay|[upkeep]
|upkeep
|
|t:|1784760980
|switch|p2a: Scrafty|Scrafty, L50, M|100/100
|-ability|p2a: Scrafty|Intimidate|boost
|-unboost|p1a: Charizard|atk|1
|-unboost|p1b: Kingambit|atk|1
|-ability|p1b: Kingambit|Defiant|boost
|-boost|p1b: Kingambit|atk|2
|turn|4
|inactive|smearglehater21 has 30 seconds left.
|
|t:|1784761010
|move|p1a: Charizard|Protect|p1a: Charizard
|-singleturn|p1a: Charizard|Protect
|move|p2b: Dragonite|Extreme Speed|p1a: Charizard
|-activate|p1a: Charizard|move: Protect
|move|p1b: Kingambit|Sucker Punch||[still]
|-fail|p1b: Kingambit
|move|p2a: Scrafty|Knock Off|p1b: Kingambit
|-resisted|p1b: Kingambit|1
|-damage|p1b: Kingambit|0 fnt
|faint|p1b: Kingambit
|
|-weather|SunnyDay|[upkeep]
|upkeep
|
|t:|1784761022
|switch|p1b: Whimsicott|Whimsicott, L50, F|100/100
|turn|5
|inactive|ChrisJHall13 has 30 seconds left.
|inactive|ChrisJHall13 has 20 seconds left.
|
|t:|1784761061
|move|p2a: Scrafty|Protect|p2a: Scrafty
|-singleturn|p2a: Scrafty|Protect
|move|p2b: Dragonite|Extreme Speed|p1b: Whimsicott
|-damage|p1b: Whimsicott|33/100
|-damage|p2b: Dragonite|61/100|[from] item: Life Orb
|move|p1b: Whimsicott|Moonblast|p2b: Dragonite
|-supereffective|p2b: Dragonite|1
|-damage|p2b: Dragonite|0 fnt
|faint|p2b: Dragonite
|move|p1a: Charizard|Heat Wave|p2a: Scrafty
|-activate|p2a: Scrafty|move: Protect
|
|-weather|none
|upkeep
|
|t:|1784761069
|switch|p2b: Gengar|Gengar-Mega, L50, F|100/100
|turn|6
|
|t:|1784761085
|move|p1b: Whimsicott|Protect|p1b: Whimsicott
|-singleturn|p1b: Whimsicott|Protect
|move|p2b: Gengar|Sludge Bomb|p1b: Whimsicott
|-activate|p1b: Whimsicott|move: Protect
|move|p1a: Charizard|Heat Wave|p2a: Scrafty|[spread] p2a,p2b
|-damage|p2a: Scrafty|63/100
|-damage|p2b: Gengar|54/100
|move|p2a: Scrafty|Knock Off|p1a: Charizard
|-damage|p1a: Charizard|35/100
|
|upkeep
|turn|7
|
|t:|1784761102
|move|p1b: Whimsicott|Moonblast|p2a: Scrafty
|-supereffective|p2a: Scrafty|2
|-damage|p2a: Scrafty|0 fnt
|faint|p2a: Scrafty
|move|p2b: Gengar|Sludge Bomb|p1b: Whimsicott
|-supereffective|p1b: Whimsicott|2
|-damage|p1b: Whimsicott|0 fnt
|faint|p1b: Whimsicott
|move|p1a: Charizard|Heat Wave|p2b: Gengar|[miss]
|-miss|p1a: Charizard|p2b: Gengar
|
|upkeep
|
|t:|1784761112
|switch|p1b: Basculegion|Basculegion, L50, M|100/100
|turn|8
|
|t:|1784761118
|move|p1b: Basculegion|Aqua Jet|p2b: Gengar
|-damage|p2b: Gengar|12/100
|move|p2b: Gengar|Shadow Ball|p1b: Basculegion
|-supereffective|p1b: Basculegion|1
|-damage|p1b: Basculegion|0 fnt
|faint|p1b: Basculegion
|move|p1a: Charizard|Heat Wave|p2b: Gengar
|-damage|p2b: Gengar|0 fnt
|faint|p2b: Gengar
|
|win|smearglehater21
|raw|smearglehater21's rating: 1239 → 1267(+28 for winning)
|raw|ChrisJHall13's rating: 1278 → 1250(-28 for losing)
