|j|☆javi fuego
|j|☆pokefighter ABCZ
|html|javi fuegopokefighter ABCZ    
|uhtml|bestof|Game 3 of a best-of-3
|t:|1785831843
|gametype|doubles
|player|p1|javi fuego|170|1367
|player|p2|pokefighter ABCZ|blue-gen1rbchampion|1387
|gen|9
|tier|[Gen 9 Champions] VGC 2026 Reg M-B (Bo3)
|rated|
|rule|Species Clause: Limit one of each Pokémon
|rule|Item Clause: Limit 1 of each item
|clearpoke
|poke|p1|Raichu, L50, F|
|poke|p1|Floette-Eternal, L50, F|
|poke|p1|Sinistcha, L50|
|poke|p1|Ceruledge, L50, M|
|poke|p1|Milotic, L50, F|
|poke|p1|Incineroar, L50, M|
|poke|p2|Aerodactyl, L50, F|
|poke|p2|Farigiraf, L50, M|
|poke|p2|Sylveon, L50, M|
|poke|p2|Garchomp, L50, M|
|poke|p2|Charizard, L50, M|
|poke|p2|Kingambit, L50, M|
|teampreview|4
|showteam|p1|Raichu||RaichuniteY|LightningRod|ZapCannon,FocusBlast,FakeOut,Protect|Timid||F|||50|]Floette-Eternal||Floettite|FlowerVeil|CalmMind,DazzlingGleam,DrainingKiss,Protect|Timid||F|||50|]Sinistcha||KasibBerry|Hospitality|MatchaGotcha,LifeDew,RagePowder,Protect|Relaxed|||||50|]Ceruledge||ColburBerry|FlashFire|BitterBlade,ShadowSneak,BulkUp,Protect|Adamant||M|||50|]Milotic||Leftovers|Competitive|MuddyWater,Coil,Hypnosis,Protect|Calm||F|||50|]Incineroar||SitrusBerry|Intimidate|FlareBlitz,ThroatChop,FakeOut,PartingShot|Impish||M|||50|
|showteam|p2|Aerodactyl||Aerodactylite|Unnerve|RockSlide,DualWingbeat,Protect,Tailwind|Jolly||F|||50|]Farigiraf||SitrusBerry|ArmorTail|Psychic,Thunderbolt,TrickRoom,HelpingHand|Bold||M|||50|]Sylveon||FairyFeather|Pixilate|HyperVoice,HyperBeam,Detect,QuickAttack|Modest||M|||50|]Garchomp||LifeOrb|RoughSkin|RockSlide,Earthquake,Protect,DragonClaw|Jolly||M|||50|]Charizard||CharizarditeY|Blaze|HeatWave,WeatherBall,Protect,SolarBeam|Timid||M|||50|]Kingambit||FocusSash|Defiant|KowtowCleave,IronHead,LowKick,SuckerPunch|Adamant||M|||50|
|
|t:|1785831879
|teamsize|p1|4
|teamsize|p2|4
|start
|switch|p1a: Milotic|Milotic, L50, F|100/100
|switch|p1b: Floette|Floette-Eternal, L50, F|100/100
|switch|p2a: Aerodactyl|Aerodactyl, L50, F|100/100
|switch|p2b: Kingambit|Kingambit, L50, M|100/100
|-ability|p2a: Aerodactyl|Unnerve
|turn|1
|inactive|Battle timer is ON: inactive players will automatically lose when time's up. (requested by pokefighter ABCZ)
|
|t:|1785831914
|switch|p2b: Sylveon|Sylveon, L50, M|100/100
|detailschange|p2a: Aerodactyl|Aerodactyl-Mega, L50, F
|-mega|p2a: Aerodactyl|Aerodactyl|Aerodactylite
|detailschange|p1b: Floette|Floette-Mega, L50, F
|-mega|p1b: Floette|Floette|Floettite
|-ability|p1b: Floette|Fairy Aura
|move|p2a: Aerodactyl|Rock Slide|p1a: Milotic|[spread] p1a,p1b
|-damage|p1a: Milotic|74/100
|-damage|p1b: Floette|66/100
|cant|p1b: Floette|flinch
|cant|p1a: Milotic|flinch
|
|-heal|p1a: Milotic|80/100|[from] item: Leftovers
|upkeep
|turn|2
|inactive|javi fuego has 30 seconds left.
|
|t:|1785831940
|move|p1b: Floette|Protect|p1b: Floette
|-singleturn|p1b: Floette|Protect
|move|p2a: Aerodactyl|Tailwind|p2a: Aerodactyl
|-sidestart|p2: pokefighter ABCZ|move: Tailwind
|move|p2b: Sylveon|Hyper Voice|p1b: Floette|[spread] p1a
|-activate|p1b: Floette|move: Protect
|-damage|p1a: Milotic|42/100
|move|p1a: Milotic|Hypnosis|p2b: Sylveon|[miss]
|-miss|p1a: Milotic|p2b: Sylveon
|
|-heal|p1a: Milotic|48/100|[from] item: Leftovers
|upkeep
|turn|3
|
|t:|1785831963
|switch|p1a: Incineroar|Incineroar, L50, M|100/100
|-ability|p1a: Incineroar|Intimidate|boost
|-unboost|p2a: Aerodactyl|atk|1
|-unboost|p2b: Sylveon|atk|1
|move|p2a: Aerodactyl|Rock Slide|p1b: Floette|[spread] p1a,p1b
|-supereffective|p1a: Incineroar|1
|-damage|p1a: Incineroar|70/100
|-damage|p1b: Floette|45/100
|move|p2b: Sylveon|Hyper Voice|p1b: Floette|[spread] p1a,p1b
|-damage|p1a: Incineroar|19/100
|-damage|p1b: Floette|0 fnt
|-enditem|p1a: Incineroar|Sitrus Berry|[eat]
|-heal|p1a: Incineroar|44/100|[from] item: Sitrus Berry
|faint|p1b: Floette
|
|upkeep
|
|t:|1785831975
|switch|p1b: Ceruledge|Ceruledge, L50, M|100/100
|turn|4
|
|t:|1785831984
|switch|p2a: Garchomp|Garchomp, L50, M|100/100
|move|p2b: Sylveon|Detect|p2b: Sylveon
|-singleturn|p2b: Sylveon|Protect
|move|p1a: Incineroar|Fake Out|p2a: Garchomp
|-crit|p2a: Garchomp
|-damage|p2a: Garchomp|85/100
|-damage|p1a: Incineroar|31/100|[from] ability: Rough Skin|[of] p2a: Garchomp
|move|p1b: Ceruledge|Bulk Up|p1b: Ceruledge
|-boost|p1b: Ceruledge|atk|1
|-boost|p1b: Ceruledge|def|1
|
|upkeep
|turn|5
|
|t:|1785832003
|switch|p1a: Milotic|Milotic, L50, F|48/100
|move|p1b: Ceruledge|Protect|p1b: Ceruledge
|-singleturn|p1b: Ceruledge|Protect
|move|p2a: Garchomp|Rock Slide|p1a: Milotic|[spread] p1a
|-activate|p1b: Ceruledge|move: Protect
|-damage|p1a: Milotic|30/100
|-damage|p2a: Garchomp|76/100|[from] item: Life Orb
|move|p2b: Sylveon|Hyper Voice|p1b: Ceruledge|[spread] p1a
|-activate|p1b: Ceruledge|move: Protect
|-damage|p1a: Milotic|1/100
|
|-heal|p1a: Milotic|6/100|[from] item: Leftovers
|-sideend|p2: pokefighter ABCZ|move: Tailwind
|upkeep
|turn|6
|inactive|pokefighter ABCZ has 30 seconds left.
|inactive|pokefighter ABCZ has 20 seconds left.
|
|t:|1785832040
|switch|p1a: Incineroar|Incineroar, L50, M|31/100
|-ability|p1a: Incineroar|Intimidate|boost
|-unboost|p2a: Garchomp|atk|1
|-unboost|p2b: Sylveon|atk|1
|move|p2b: Sylveon|Detect|p2b: Sylveon
|-singleturn|p2b: Sylveon|Protect
|move|p2a: Garchomp|Earthquake|p1a: Incineroar|[spread] p1a,p1b
|-activate|p2b: Sylveon|move: Protect
|-supereffective|p1a: Incineroar|1
|-supereffective|p1b: Ceruledge|1
|-damage|p1a: Incineroar|0 fnt
|-damage|p1b: Ceruledge|51/100
|faint|p1a: Incineroar
|-damage|p2a: Garchomp|66/100|[from] item: Life Orb
|move|p1b: Ceruledge|Bulk Up|p1b: Ceruledge
|-boost|p1b: Ceruledge|atk|1
|-boost|p1b: Ceruledge|def|1
|
|upkeep
|
|t:|1785832050
|switch|p1a: Milotic|Milotic, L50, F|6/100
|turn|7
|
|t:|1785832064
|move|p1a: Milotic|Protect|p1a: Milotic
|-singleturn|p1a: Milotic|Protect
|move|p2a: Garchomp|Rock Slide|p1b: Ceruledge|[spread] p1b
|-activate|p1a: Milotic|move: Protect
|-supereffective|p1b: Ceruledge|1
|-damage|p1b: Ceruledge|35/100
|-damage|p2a: Garchomp|56/100|[from] item: Life Orb
|move|p1b: Ceruledge|Bitter Blade|p2b: Sylveon
|-damage|p2b: Sylveon|0 fnt
|-heal|p1b: Ceruledge|87/100|[from] drain|[of] p2b: Sylveon
|faint|p2b: Sylveon
|
|-heal|p1a: Milotic|12/100|[from] item: Leftovers
|upkeep
|
|t:|1785832079
|switch|p2b: Kingambit|Kingambit, L50, M|100/100
|turn|8
|
|t:|1785832097
|move|p1a: Milotic|Protect||[still]
|-fail|p1a: Milotic
|move|p2a: Garchomp|Dragon Claw|p1a: Milotic
|-damage|p1a: Milotic|0 fnt
|faint|p1a: Milotic
|-damage|p2a: Garchomp|47/100|[from] item: Life Orb
|move|p1b: Ceruledge|Bitter Blade|p2b: Kingambit
|-supereffective|p2b: Kingambit|1
|-enditem|p2b: Kingambit|Focus Sash
|-damage|p2b: Kingambit|1/100
|-heal|p1b: Ceruledge|100/100|[from] drain|[of] p2b: Kingambit
|move|p2b: Kingambit|Kowtow Cleave|p1b: Ceruledge
|-supereffective|p1b: Ceruledge|1
|-enditem|p1b: Ceruledge|Colbur Berry|[eat]
|-enditem|p1b: Ceruledge|Colbur Berry|[weaken]
|-damage|p1b: Ceruledge|71/100
|
|upkeep
|turn|9
|inactive|javi fuego has 30 seconds left.
|inactive|javi fuego has 20 seconds left.
|inactive|javi fuego has 15 seconds left.
|
|t:|1785832137
|switch|p2a: Aerodactyl|Aerodactyl-Mega, L50, F|100/100
|move|p1b: Ceruledge|Shadow Sneak|p2b: Kingambit
|-resisted|p2b: Kingambit|1
|-damage|p2b: Kingambit|0 fnt
|faint|p2b: Kingambit
|
|upkeep
|
|t:|1785832142
|switch|p2b: Garchomp|Garchomp, L50, M|47/100
|turn|10
|
|t:|1785832153
|move|p2a: Aerodactyl|Rock Slide|p1b: Ceruledge
|-supereffective|p1b: Ceruledge|1
|-damage|p1b: Ceruledge|25/100
|move|p2b: Garchomp|Earthquake|p1b: Ceruledge|[spread] p1b
|-immune|p2a: Aerodactyl
|-supereffective|p1b: Ceruledge|1
|-damage|p1b: Ceruledge|0 fnt
|faint|p1b: Ceruledge
|-damage|p2b: Garchomp|37/100|[from] item: Life Orb
|
|win|pokefighter ABCZ
|raw|javi fuego's rating: 1367 → 1348(-19 for losing)
|raw|pokefighter ABCZ's rating: 1387 → 1406(+19 for winning)
|l|☆pokefighter ABCZ
|player|p2|
