|j|ŌśåAFKKING_08
|j|ŌśåCommunistGuy293
|html|AFKKING_08CommunistGuy293    
|uhtml|bestof|Game 2 of a best-of-3
|t:|1757774853
|gametype|doubles
|player|p1|AFKKING_08|ingo|1299
|player|p2|CommunistGuy293|scientist-gen4|1226
|gen|9
|tier|[Gen 9] VGC 2025 Reg H (Bo3)
|rated|
|rule|Species Clause: Limit one of each Pok├®mon
|rule|Item Clause: Limit 1 of each item
|clearpoke
|poke|p1|Inteleon, L50, F|
|poke|p1|Decidueye-Hisui, L50, F|
|poke|p1|Gholdengo, L50|
|poke|p1|Talonflame, L50, F|
|poke|p1|Ninetales-Alola, L50, M|
|poke|p1|Incineroar, L50, F|
|poke|p2|Archaludon, L50, M|
|poke|p2|Maushold-Four, L50|
|poke|p2|Annihilape, L50, F|
|poke|p2|Primarina, L50, F|
|poke|p2|Pelipper, L50, F|
|poke|p2|Amoonguss, L50, F|
|teampreview|4
|showteam|p1|Inteleon||ScopeLens|Sniper|IceBeam,SnipeShot,Haze,Protect|||F|||50|,,,,,Grass]Decidueye-Hisui||RazorClaw|Scrappy|TripleArrows,SuckerPunch,LeafBlade,Protect|||F|||50|,,,,,Fire]Gholdengo||ChoiceSpecs|GoodasGold|MakeItRain,ShadowBall,PowerGem,Trick||||||50|,,,,,Steel]Talonflame||CovertCloak|GaleWings|DualWingbeat,WillOWisp,Tailwind,Taunt|||F|||50|,,,,,Ghost]Ninetales-Alola||NeverMeltIce|SnowWarning|Blizzard,FreezeDry,Moonblast,Protect|||M|||50|,,,,,Fire]Incineroar||SitrusBerry|Intimidate|FakeOut,KnockOff,FlareBlitz,PartingShot|||F|||50|,,,,,Ghost
|showteam|p2|Archaludon||AssaultVest|Stamina|ElectroShot,FlashCannon,DragonPulse,BodyPress|||M|||50|,,,,,Electric]Maushold-Four||CovertCloak|FriendGuard|BeatUp,FollowMe,Taunt,Protect||||||50|,,,,,Ghost]Annihilape||SafetyGoggles|Defiant|RageFist,DrainPunch,BulkUp,Protect|||F|||50|,,,,,Steel]Primarina||LifeOrb|LiquidVoice|HyperVoice,Moonblast,Haze,Protect|||F|||50|,,,,,Steel]Pelipper||FocusSash|Drizzle|Hurricane,WeatherBall,Tailwind,Protect|||F|||50|,,,,,Grass]Amoonguss||MentalHerb|Regenerator|Spore,PollenPuff,RagePowder,Protect|||F|||50|,,,,,Water
|inactive|Battle timer is ON: inactive players will automatically lose when time's up. (requested by AFKKING_08)
|inactive|CommunistGuy293 also wants the timer to be on.
|c|ŌśåAFKKING_08|Hyper voice and protect was your best play there
|c|ŌśåAFKKING_08|covered all options
|inactive|AFKKING_08 has 60 seconds left.
|inactive|CommunistGuy293 has 60 seconds left.
|c|ŌśåCommunistGuy293|well it was a tough early game anyways
|inactive|CommunistGuy293 has 30 seconds left.
|c|ŌśåAFKKING_08|this regulation is more rng regulation
|inactive|CommunistGuy293 has 20 seconds left.
|inactive|CommunistGuy293 has 15 seconds left.
|inactive|CommunistGuy293 has 10 seconds left.
|
|t:|1757774936
|teamsize|p1|4
|teamsize|p2|4
|start
|switch|p1a: Talonflame|Talonflame, L50, F|100/100
|switch|p1b: Decidueye|Decidueye-Hisui, L50, F, shiny|100/100
|switch|p2a: Archaludon|Archaludon, L50, M|100/100
|switch|p2b: Pelipper|Pelipper, L50, F|100/100
|-weather|RainDance|[from] ability: Drizzle|[of] p2b: Pelipper
|turn|1
|inactive|CommunistGuy293 has 30 seconds left.
|inactive|CommunistGuy293 has 20 seconds left.
|inactive|CommunistGuy293 has 15 seconds left.
|
|t:|1757774979
|switch|p2a: Primarina|Primarina, L50, F|100/100
|move|p1a: Talonflame|Tailwind|p1a: Talonflame
|-sidestart|p1: AFKKING_08|move: Tailwind
|move|p1b: Decidueye|Triple Arrows|p2a: Primarina
|-resisted|p2a: Primarina
|-damage|p2a: Primarina|70/100
|move|p2b: Pelipper|Hurricane|p1b: Decidueye
|-supereffective|p1b: Decidueye
|-damage|p1b: Decidueye|0 fnt
|faint|p1b: Decidueye
|
|-weather|RainDance|[upkeep]
|upkeep
|
|t:|1757774987
|switch|p1b: Ninetales|Ninetales-Alola, L50, M|100/100
|-weather|Snowscape|[from] ability: Snow Warning|[of] p1b: Ninetales
|turn|2
|inactive|AFKKING_08 has 30 seconds left.
|
|t:|1757775015
|switch|p2b: Archaludon|Archaludon, L50, M|100/100
|move|p2a: Primarina|Protect|p2a: Primarina
|-singleturn|p2a: Primarina|Protect
|move|p1a: Talonflame|Will-O-Wisp|p2b: Archaludon
|-status|p2b: Archaludon|brn
|move|p1b: Ninetales|Blizzard|p2b: Archaludon|[spread] p2b
|-activate|p2a: Primarina|move: Protect
|-damage|p2b: Archaludon|69/100 brn
|-ability|p2b: Archaludon|Stamina|boost
|-boost|p2b: Archaludon|def|1
|
|-weather|Snowscape|[upkeep]
|-damage|p2b: Archaludon|62/100 brn|[from] brn
|upkeep
|turn|3
|
|t:|1757775035
|switch|p2b: Pelipper|Pelipper, L50, F|100/100
|-weather|RainDance|[from] ability: Drizzle|[of] p2b: Pelipper
|-terastallize|p2a: Primarina|Steel
|move|p1a: Talonflame|Dual Wingbeat|p2a: Primarina|[miss]
|-miss|p1a: Talonflame|p2a: Primarina
|move|p1b: Ninetales|Freeze-Dry|p2a: Primarina
|-resisted|p2a: Primarina
|-damage|p2a: Primarina|57/100
|-status|p2a: Primarina|frz
|cant|p2a: Primarina|frz
|
|-weather|RainDance|[upkeep]
|upkeep
|turn|4
|c|ŌśåAFKKING_08|oof
|c|ŌśåCommunistGuy293|man
|inactive|CommunistGuy293 has 30 seconds left.
|
|t:|1757775061
|move|p2b: Pelipper|Protect|p2b: Pelipper
|-singleturn|p2b: Pelipper|Protect
|move|p1a: Talonflame|Dual Wingbeat|p2b: Pelipper
|-activate|p2b: Pelipper|move: Protect
|move|p1b: Ninetales|Freeze-Dry|p2b: Pelipper
|-activate|p2b: Pelipper|move: Protect
|cant|p2a: Primarina|frz
|
|-weather|RainDance|[upkeep]
|-sideend|p1: AFKKING_08|move: Tailwind
|upkeep
|turn|5
|c|ŌśåAFKKING_08|they need to rework freeze
|
|t:|1757775083
|switch|p1b: Inteleon|Inteleon, L50, F|100/100
|move|p1a: Talonflame|Dual Wingbeat|p2b: Pelipper
|-damage|p2b: Pelipper|79/100
|-damage|p2b: Pelipper|61/100
|-hitcount|p2b: Pelipper|2
|move|p2b: Pelipper|Tailwind|p2b: Pelipper
|-sidestart|p2: CommunistGuy293|move: Tailwind
|cant|p2a: Primarina|frz
|
|-weather|RainDance|[upkeep]
|upkeep
|turn|6
|c|ŌśåCommunistGuy293|if freeze had higher thaw chance it would be bearable
|c|ŌśåCommunistGuy293|20% is abysmal
|c|ŌśåAFKKING_08|!dt freeze?
'freeze?' has no exact match. Approximate matches:
|raw|Freeze-Dry  Power70 Accuracy100% PP32 10% chance to freeze. Super effective on Water. 
|raw|Priority: 0 |  Gen: 6 |  ✓ Boosted by Sheer Force |  Z-Power: 140 |  Target: One Adjacent Pok├®mon
|raw|Freeze Shock  Power140 Accuracy90% PP8 Charges turn 1. Hits turn 2. 30% paralyze. 
|raw|Priority: 0 |  Gen: 5 |  ✓ Boosted by Sheer Force |  ✓ Two-turn move |  Z-Power: 200 |  Target: One Adjacent Pok├®mon

|inactive|CommunistGuy293 has 30 seconds left.
|inactive|CommunistGuy293 has 20 seconds left.
|inactive|CommunistGuy293 has 15 seconds left.
|
|t:|1757775125
|switch|p2b: Maushold|Maushold-Four, L50|100/100
|move|p1a: Talonflame|Tailwind|p1a: Talonflame
|-sidestart|p1: AFKKING_08|move: Tailwind
|move|p1b: Inteleon|Snipe Shot|p2a: Primarina
|-crit|p2a: Primarina
|-damage|p2a: Primarina|0 fnt
|faint|p2a: Primarina
|
|-weather|RainDance|[upkeep]
|upkeep
|c|ŌśåAFKKING_08|:/
|
|t:|1757775135
|switch|p2a: Archaludon|Archaludon, L50, M|62/100 brn
|turn|7
|c|ŌśåAFKKING_08|50% crit
|c|ŌśåCommunistGuy293|tough
|inactive|AFKKING_08 has 30 seconds left.
|
|t:|1757775172
|-terastallize|p1b: Inteleon|Grass
|move|p2b: Maushold|Follow Me|p2b: Maushold
|-singleturn|p2b: Maushold|move: Follow Me
|move|p1a: Talonflame|Dual Wingbeat|p2b: Maushold|[miss]
|-miss|p1a: Talonflame|p2b: Maushold
|move|p1b: Inteleon|Snipe Shot|p2b: Maushold
|-damage|p2b: Maushold|22/100
|move|p2a: Archaludon|Flash Cannon|p1a: Talonflame
|-resisted|p1a: Talonflame
|-damage|p1a: Talonflame|75/100
|
|-weather|none
|-damage|p2a: Archaludon|56/100 brn|[from] brn
|upkeep
|turn|8
|
|t:|1757775194
|switch|p2b: Pelipper|Pelipper, L50, F|61/100
|-weather|RainDance|[from] ability: Drizzle|[of] p2b: Pelipper
|move|p1a: Talonflame|Dual Wingbeat|p2b: Pelipper
|-damage|p2b: Pelipper|43/100
|-damage|p2b: Pelipper|22/100
|-hitcount|p2b: Pelipper|2
|move|p1b: Inteleon|Ice Beam|p2a: Archaludon
|-damage|p2a: Archaludon|29/100 brn
|-ability|p2a: Archaludon|Stamina|boost
|-boost|p2a: Archaludon|def|1
|move|p2a: Archaludon|Electro Shot||[still]
|-prepare|p2a: Archaludon|Electro Shot
|-boost|p2a: Archaludon|spa|1
|-anim|p2a: Archaludon|Electro Shot|p1a: Talonflame
|-supereffective|p1a: Talonflame
|-damage|p1a: Talonflame|0 fnt
|faint|p1a: Talonflame
|
|-weather|RainDance|[upkeep]
|-damage|p2a: Archaludon|23/100 brn|[from] brn
|-sideend|p2: CommunistGuy293|move: Tailwind
|upkeep
|
|t:|1757775207
|switch|p1a: Ninetales|Ninetales-Alola, L50, M|100/100
|-weather|Snowscape|[from] ability: Snow Warning|[of] p1a: Ninetales
|turn|9
|
|t:|1757775219
|move|p1a: Ninetales|Blizzard|p2a: Archaludon|[spread] p2a,p2b
|-damage|p2a: Archaludon|0 fnt
|-damage|p2b: Pelipper|0 fnt
|faint|p2a: Archaludon
|faint|p2b: Pelipper
|move|p1b: Inteleon|Snipe Shot|p2: Archaludon|[notarget]
|-fail|p1b: Inteleon
|
|-weather|Snowscape|[upkeep]
|-sideend|p1: AFKKING_08|move: Tailwind
|upkeep
|c|ŌśåCommunistGuy293|tough luck gg
|
|t:|1757775225
|switch|p2b: Maushold|Maushold-Four, L50|22/100
|turn|10
|c|ŌśåAFKKING_08|definitely had a 10% chance
|c|ŌśåAFKKING_08|to win this game
|-message|AFKKING_08 forfeited.
|
|win|CommunistGuy293
|c|ŌśåAFKKING_08|come g3
||AFKKING_08 is ready for game 3.
|c|ŌśåCommunistGuy293|fr?
||CommunistGuy293 is ready for game 3.
|uhtml|next|Next: Game 3 of 3
|l|ŌśåCommunistGuy293
|player|p2|
|l|ŌśåAFKKING_08
|player|p1|
