|j|☆smalltownkirlia
|j|☆SirLuce
|html|smalltownkirliaSirLuce    
|uhtml|bestof|Game 1 of a best-of-3
|t:|1757690567
|gametype|doubles
|player|p1|smalltownkirlia|whitney|1149
|player|p2|SirLuce|veteran|1046
|gen|9
|tier|[Gen 9] VGC 2025 Reg H (Bo3)
|rated|
|rule|Species Clause: Limit one of each Pokémon
|rule|Item Clause: Limit 1 of each item
|clearpoke
|poke|p1|Dragonite, L50, M|
|poke|p1|Ursaluna-Bloodmoon, L50, M|
|poke|p1|Gholdengo, L50|
|poke|p1|Maushold-Four, L50|
|poke|p1|Annihilape, L50, M|
|poke|p1|Rillaboom, L50, F|
|poke|p2|Dragapult, L50, M|
|poke|p2|Electabuzz, L50, F|
|poke|p2|Kingambit, L50, M|
|poke|p2|Rillaboom, L50, M|
|poke|p2|Primarina, L50, F|
|poke|p2|Sneasler, L50, F|
|teampreview|4
|showteam|p1|Dragonite||LoadedDice|Multiscale|ScaleShot,Tailwind,Haze,Protect|||M|||50|,,,,,Fairy]Ursaluna-Bloodmoon||AssaultVest|MindsEye|BloodMoon,EarthPower,HyperVoice,VacuumWave|||M|||50|,,,,,Water]Gholdengo||LifeOrb|GoodasGold|MakeItRain,ShadowBall,NastyPlot,Protect||||||50|,,,,,Dragon]Maushold-Four||FocusSash|FriendGuard|Taunt,FollowMe,BeatUp,Protect||||||50|,,,,,Ghost]Annihilape||SitrusBerry|Defiant|RageFist,DrainPunch,BulkUp,Protect|||M|||50|,,,,,Fire]Rillaboom||MiracleSeed|GrassySurge|WoodHammer,GrassyGlide,HighHorsepower,FakeOut|||F|||50|,,,,,Fire
|showteam|p2|Dragapult||ChoiceBand|ClearBody|TeraBlast,DragonDarts,Uturn,PhantomForce|||M|||50|,,,,,Ghost]Electabuzz||Eviolite|VitalSpirit|Electroweb,Protect,FollowMe,HelpingHand|||F|||50|,,,,,Dragon]Kingambit||BlackGlasses|Defiant|KowtowCleave,SwordsDance,SuckerPunch,Protect|||M|||50|,,,,,Dark]Rillaboom||AssaultVest|GrassySurge|FakeOut,Uturn,GrassyGlide,WoodHammer|||M|||50|,,,,,Fire]Primarina||LifeOrb|LiquidVoice|HyperVoice,Moonblast,Haze,Protect|||F|||50|,,,,,Poison]Sneasler||FocusSash|PoisonTouch|FakeOut,CloseCombat,DireClaw,Protect|||F|||50|,,,,,Stellar
|inactive|Battle timer is ON: inactive players will automatically lose when time's up. (requested by smalltownkirlia)
|inactive|smalltownkirlia has 60 seconds left.
|inactive|SirLuce has 60 seconds left.
|
|t:|1757690621
|teamsize|p1|4
|teamsize|p2|4
|start
|switch|p1a: Ursaluna|Ursaluna-Bloodmoon, L50, M|100/100
|switch|p1b: Maushold|Maushold-Four, L50|100/100
|switch|p2a: Sneasler|Sneasler, L50, F|100/100
|switch|p2b: Electabuzz|Electabuzz, L50, F|100/100
|turn|1
|inactive|SirLuce has 30 seconds left.
|
|t:|1757690655
|switch|p1a: Annihilape|Annihilape, L50, M|100/100
|move|p2b: Electabuzz|Helping Hand|p2a: Sneasler
|-singleturn|p2a: Sneasler|Helping Hand|[of] p2b: Electabuzz
|move|p2a: Sneasler|Close Combat|p1a: Annihilape
|-immune|p1a: Annihilape
|move|p1b: Maushold|Beat Up|p1a: Annihilape
|-damage|p1a: Annihilape|99/100
|-damage|p1a: Annihilape|97/100
|-damage|p1a: Annihilape|95/100
|-damage|p1a: Annihilape|93/100
|-hitcount|p1a: Annihilape|4
|
|upkeep
|turn|2
|
|t:|1757690677
|move|p1b: Maushold|Follow Me|p1b: Maushold
|-singleturn|p1b: Maushold|move: Follow Me
|move|p2b: Electabuzz|Follow Me|p2b: Electabuzz
|-singleturn|p2b: Electabuzz|move: Follow Me
|move|p2a: Sneasler|Close Combat|p1b: Maushold
|-supereffective|p1b: Maushold
|-enditem|p1b: Maushold|Focus Sash
|-damage|p1b: Maushold|1/100
|-unboost|p2a: Sneasler|def|1
|-unboost|p2a: Sneasler|spd|1
|move|p1a: Annihilape|Rage Fist|p2b: Electabuzz
|-damage|p2b: Electabuzz|26/100
|
|upkeep
|turn|3
|
|t:|1757690694
|move|p2a: Sneasler|Protect|p2a: Sneasler
|-singleturn|p2a: Sneasler|Protect
|move|p1b: Maushold|Protect|p1b: Maushold
|-singleturn|p1b: Maushold|Protect
|move|p1a: Annihilape|Rage Fist|p2a: Sneasler
|-activate|p2a: Sneasler|move: Protect
|move|p2b: Electabuzz|Electroweb|p1b: Maushold|[spread] p1a
|-activate|p1b: Maushold|move: Protect
|-damage|p1a: Annihilape|83/100
|-unboost|p1a: Annihilape|spe|1
|-ability|p1a: Annihilape|Defiant|boost
|-boost|p1a: Annihilape|atk|2
|
|upkeep
|turn|4
|inactive|SirLuce has 30 seconds left.
|
|t:|1757690732
|switch|p2a: Primarina|Primarina, L50, F|100/100
|switch|p1b: Gholdengo|Gholdengo, L50|100/100
|move|p2b: Electabuzz|Electroweb|p1b: Gholdengo|[spread] p1a,p1b
|-damage|p1a: Annihilape|71/100
|-damage|p1b: Gholdengo|86/100
|-unboost|p1a: Annihilape|spe|1
|-ability|p1a: Annihilape|Defiant|boost
|-boost|p1a: Annihilape|atk|2
|-unboost|p1b: Gholdengo|spe|1
|move|p1a: Annihilape|Drain Punch|p2a: Primarina
|-resisted|p2a: Primarina
|-damage|p2a: Primarina|47/100
|-heal|p1a: Annihilape|93/100|[from] drain|[of] p2a: Primarina
|
|upkeep
|turn|5
|inactive|SirLuce has 30 seconds left.
|
|t:|1757690765
|move|p2b: Electabuzz|Helping Hand|p2a: Primarina
|-singleturn|p2a: Primarina|Helping Hand|[of] p2b: Electabuzz
|move|p1a: Annihilape|Protect|p1a: Annihilape
|-singleturn|p1a: Annihilape|Protect
|move|p2a: Primarina|Hyper Voice|p1b: Gholdengo|[spread] p1b
|-activate|p1a: Annihilape|move: Protect
|-damage|p1b: Gholdengo|16/100
|-damage|p2a: Primarina|38/100|[from] item: Life Orb
|move|p1b: Gholdengo|Make It Rain|p2b: Electabuzz|[spread] p2a,p2b
|-resisted|p2b: Electabuzz
|-damage|p2a: Primarina|0 fnt
|-damage|p2b: Electabuzz|3/100
|-unboost|p1b: Gholdengo|spa|1
|faint|p2a: Primarina
|-damage|p1b: Gholdengo|6/100|[from] item: Life Orb
|
|upkeep
|
|t:|1757690776
|switch|p2a: Dragapult|Dragapult, L50, M|100/100
|turn|6
|
|t:|1757690785
|switch|p1b: Maushold|Maushold-Four, L50|1/100
|-terastallize|p1a: Annihilape|Fire
|move|p2a: Dragapult|Dragon Darts|p1a: Annihilape
|-damage|p1a: Annihilape|63/100
|-anim|p2a: Dragapult|Dragon Darts|p1b: Maushold
|-damage|p1b: Maushold|0 fnt
|faint|p1b: Maushold
|move|p2b: Electabuzz|Electroweb|p1a: Annihilape
|-damage|p1a: Annihilape|48/100
|-unboost|p1a: Annihilape|spe|1
|-ability|p1a: Annihilape|Defiant|boost
|-boost|p1a: Annihilape|atk|2
|-enditem|p1a: Annihilape|Sitrus Berry|[eat]
|-heal|p1a: Annihilape|73/100|[from] item: Sitrus Berry
|move|p1a: Annihilape|Bulk Up|p1a: Annihilape
|-boost|p1a: Annihilape|atk|0
|-boost|p1a: Annihilape|def|1
|
|upkeep
|
|t:|1757690802
|switch|p1b: Ursaluna|Ursaluna-Bloodmoon, L50, M|100/100
|turn|7
|
|t:|1757690810
|move|p2b: Electabuzz|Follow Me|p2b: Electabuzz
|-singleturn|p2b: Electabuzz|move: Follow Me
|move|p1b: Ursaluna|Vacuum Wave|p2b: Electabuzz
|-crit|p2b: Electabuzz
|-damage|p2b: Electabuzz|0 fnt
|faint|p2b: Electabuzz
|move|p2a: Dragapult|Dragon Darts|p1a: Annihilape
|-damage|p1a: Annihilape|47/100
|-anim|p2a: Dragapult|Dragon Darts|p1b: Ursaluna
|-damage|p1b: Ursaluna|72/100
|move|p1a: Annihilape|Rage Fist|p2a: Dragapult
|-supereffective|p2a: Dragapult
|-damage|p2a: Dragapult|0 fnt
|faint|p2a: Dragapult
|
|upkeep
|
|t:|1757690819
|switch|p2b: Sneasler|Sneasler, L50, F|100/100
|turn|8
|
|t:|1757690827
|move|p2b: Sneasler|Dire Claw|p1a: Annihilape
|-damage|p1a: Annihilape|17/100
|-status|p1a: Annihilape|par
|move|p1b: Ursaluna|Earth Power|p2b: Sneasler
|-supereffective|p2b: Sneasler
|-enditem|p2b: Sneasler|Focus Sash
|-damage|p2b: Sneasler|1/100
|move|p1a: Annihilape|Drain Punch|p2b: Sneasler
|-resisted|p2b: Sneasler
|-damage|p2b: Sneasler|0 fnt
|-heal|p1a: Annihilape|18/100 par|[from] drain|[of] p2b: Sneasler
|faint|p2b: Sneasler
|
|win|smalltownkirlia
|l|☆SirLuce
|player|p2|
||SirLuce is ready for game 2.
|inactive|smalltownkirlia has 30 seconds to confirm battle start!
|inactive|smalltownkirlia has 20 seconds to confirm battle start!
||smalltownkirlia is ready for game 2.
|uhtml|next|Next: Game 2 of 3
