|j|☆bellytelevision
|j|☆coutsAF
|html|bellytelevisioncoutsAF    
|uhtml|bestof|Game 1 of a best-of-3
|t:|1784834709
|gametype|doubles
|player|p1|bellytelevision|dawn|1142
|player|p2|coutsAF|swimmer|1022
|gen|9
|tier|[Gen 9 Champions] VGC 2026 Reg M-B (Bo3)
|rated|
|rule|Species Clause: Limit one of each Pokémon
|rule|Item Clause: Limit 1 of each item
|clearpoke
|poke|p1|Venusaur, L50, M, shiny|
|poke|p1|Metagross, L50|
|poke|p1|Sinistcha, L50|
|poke|p1|Pelipper, L50, F|
|poke|p1|Archaludon, L50, M, shiny|
|poke|p1|Sableye, L50, M, shiny|
|poke|p2|Farigiraf, L50, M|
|poke|p2|Primarina, L50, F|
|poke|p2|Sneasler, L50, M|
|poke|p2|Camerupt, L50, F|
|poke|p2|Garchomp, L50, M|
|poke|p2|Froslass, L50, F|
|teampreview|4
|showteam|p1|Venusaur||Venusaurite|Chlorophyll|GigaDrain,SludgeBomb,Protect,EarthPower|Modest||M|||50|]Metagross||Metagrossite|ClearBody|IronHead,PsychicFangs,IcePunch,Protect|Jolly|||||50|]Sinistcha||ColburBerry|Hospitality|RagePowder,MatchaGotcha,LifeDew,TrickRoom|Sassy|||||50|]Pelipper||SitrusBerry|Drizzle|Tailwind,Hurricane,WeatherBall,WideGuard|Bold||F|||50|]Archaludon||Leftovers|Stamina|ElectroShot,FlashCannon,DragonPulse,Protect|Modest||M|||50|]Sableye||LightClay|Prankster|RainDance,Reflect,LightScreen,WillOWisp|Sassy||M|||50|
|showteam|p2|Farigiraf||SitrusBerry|ArmorTail|TrickRoom,Psychic,EnergyBall,Protect|Serious||M|||50|]Primarina||MysticWater|LiquidVoice|HyperVoice,Protect,DrainingKiss,LifeDew|Quiet||F|||50|]Sneasler||FocusSash|PoisonTouch|FakeOut,QuickGuard,CloseCombat,DireClaw|Jolly||M|||50|]Camerupt||Cameruptite|MagmaArmor|Eruption,EarthPower,HeatWave,Protect|Quiet||F|||50|]Garchomp||LifeOrb|RoughSkin|Earthquake,RockSlide,DragonClaw,Protect|Jolly||M|||50|]Froslass||Froslassite|SnowCloak|Blizzard,AuroraVeil,ShadowBall,Protect|Timid||F|||50|
|
|t:|1784834774
|teamsize|p1|4
|teamsize|p2|4
|start
|switch|p1a: Metagross|Metagross, L50|100/100
|switch|p1b: Sableye|Sableye, L50, M, shiny|100/100
|switch|p2a: GODBODY|Farigiraf, L50, M|100/100
|switch|p2b: GTS|Sneasler, L50, M|100/100
|turn|1
|
|t:|1784834795
|switch|p1a: Archaludon|Archaludon, L50, M, shiny|100/100
|move|p2b: GTS|Fake Out|p1a: Archaludon
|-resisted|p1a: Archaludon|1
|-damage|p1a: Archaludon|94/100
|-ability|p1a: Archaludon|Stamina|boost
|-boost|p1a: Archaludon|def|1
|move|p1b: Sableye|Reflect|p1b: Sableye
|-sidestart|p1: bellytelevision|Reflect
|move|p2a: GODBODY|Trick Room|p2a: GODBODY
|-fieldstart|move: Trick Room|[of] p2a: GODBODY
|
|-heal|p1a: Archaludon|100/100|[from] item: Leftovers
|upkeep
|turn|2
|
|t:|1784834819
|switch|p2a: tim duncan|Camerupt, L50, F|100/100
|move|p1b: Sableye|Rain Dance|p1b: Sableye
|-weather|RainDance
|move|p1a: Archaludon|Electro Shot||[still]
|-prepare|p1a: Archaludon|Electro Shot
|-boost|p1a: Archaludon|spa|1
|-anim|p1a: Archaludon|Electro Shot|p2b: GTS
|-damage|p2b: GTS|12/100
|move|p2b: GTS|Close Combat|p1a: Archaludon
|-supereffective|p1a: Archaludon|1
|-damage|p1a: Archaludon|57/100
|-unboost|p2b: GTS|def|1
|-unboost|p2b: GTS|spd|1
|-ability|p1a: Archaludon|Stamina|boost
|-boost|p1a: Archaludon|def|1
|
|-weather|RainDance|[upkeep]
|-heal|p1a: Archaludon|64/100|[from] item: Leftovers
|upkeep
|turn|3
|
|t:|1784834847
|detailschange|p2a: tim duncan|Camerupt-Mega, L50, F
|-mega|p2a: tim duncan|Camerupt|Cameruptite
|move|p1a: Archaludon|Protect|p1a: Archaludon
|-singleturn|p1a: Archaludon|Protect
|move|p1b: Sableye|Light Screen|p1b: Sableye
|-sidestart|p1: bellytelevision|move: Light Screen
|move|p2a: tim duncan|Earth Power|p1a: Archaludon
|-activate|p1a: Archaludon|move: Protect
|move|p2b: GTS|Dire Claw|p1b: Sableye
|-resisted|p1b: Sableye|1
|-damage|p1b: Sableye|83/100
|
|-weather|RainDance|[upkeep]
|-heal|p1a: Archaludon|70/100|[from] item: Leftovers
|upkeep
|turn|4
|
|t:|1784834873
|switch|p1a: Pelipper|Pelipper, L50, F|100/100
|move|p1b: Sableye|Will-O-Wisp|p2b: GTS
|-status|p2b: GTS|brn
|move|p2a: tim duncan|Earth Power|p1a: Pelipper
|-immune|p1a: Pelipper
|move|p2b: GTS|Close Combat|p1a: Pelipper
|-resisted|p1a: Pelipper|1
|-damage|p1a: Pelipper|90/100
|-unboost|p2b: GTS|def|1
|-unboost|p2b: GTS|spd|1
|-status|p1a: Pelipper|psn|[from] ability: Poison Touch|[of] p2b: GTS
|
|-weather|RainDance|[upkeep]
|-damage|p1a: Pelipper|78/100 psn|[from] psn
|-damage|p2b: GTS|7/100 brn|[from] brn
|upkeep
|turn|5
|
|t:|1784834912
|switch|p1b: Archaludon|Archaludon, L50, M, shiny|70/100
|switch|p2b: GODBODY|Farigiraf, L50, M|100/100
|move|p2a: tim duncan|Earth Power|p1b: Archaludon
|-supereffective|p1b: Archaludon|1
|-damage|p1b: Archaludon|0 fnt
|faint|p1b: Archaludon
|move|p1a: Pelipper|Weather Ball|p2a: tim duncan
|-supereffective|p2a: tim duncan|2
|-damage|p2a: tim duncan|0 fnt
|faint|p2a: tim duncan
|
|-weather|RainDance|[upkeep]
|-damage|p1a: Pelipper|66/100 psn|[from] psn
|-fieldend|move: Trick Room
|upkeep
|
|t:|1784834938
|switch|p1b: Metagross|Metagross, L50|100/100
|switch|p2a: Garchomp|Garchomp, L50, M|100/100
|turn|6
|
|t:|1784834967
|detailschange|p1b: Metagross|Metagross-Mega, L50
|-mega|p1b: Metagross|Metagross|Metagrossite
|move|p1b: Metagross|Ice Punch|p2a: Garchomp
|-supereffective|p2a: Garchomp|2
|-damage|p2a: Garchomp|0 fnt
|-damage|p1b: Metagross|87/100|[from] ability: Rough Skin|[of] p2a: Garchomp
|faint|p2a: Garchomp
|move|p1a: Pelipper|Hurricane|p2b: GODBODY
|-damage|p2b: GODBODY|62/100
|move|p2b: GODBODY|Psychic|p1a: Pelipper
|-damage|p1a: Pelipper|36/100 psn
|-enditem|p1a: Pelipper|Sitrus Berry|[eat]
|-heal|p1a: Pelipper|60/100 psn|[from] item: Sitrus Berry
|
|-weather|none
|-damage|p1a: Pelipper|48/100 psn|[from] psn
|upkeep
|
|t:|1784834989
|switch|p2a: GTS|Sneasler, L50, M|7/100 brn
|turn|7
|
|t:|1784834998
|switch|p1a: Sableye|Sableye, L50, M, shiny|83/100
|move|p1b: Metagross|Protect|p1b: Metagross
|-singleturn|p1b: Metagross|Protect
|move|p2a: GTS|Fake Out|p1b: Metagross
|-activate|p1b: Metagross|move: Protect
|move|p2b: GODBODY|Trick Room|p2b: GODBODY
|-fieldstart|move: Trick Room|[of] p2b: GODBODY
|
|-damage|p2a: GTS|1/100 brn|[from] brn
|upkeep
|turn|8
|
|t:|1784835030
|switch|p1b: Pelipper|Pelipper, L50, F|48/100 psn
|-weather|RainDance|[from] ability: Drizzle|[of] p1b: Pelipper
|move|p1a: Sableye|Reflect||[still]
|-fail|p1a: Sableye
|move|p2b: GODBODY|Energy Ball|p1a: Sableye
|-damage|p1a: Sableye|62/100
|move|p2a: GTS|Close Combat|p1b: Pelipper
|-resisted|p1b: Pelipper|1
|-damage|p1b: Pelipper|38/100 psn
|-unboost|p2a: GTS|def|1
|-unboost|p2a: GTS|spd|1
|
|-weather|RainDance|[upkeep]
|-damage|p1b: Pelipper|26/100 psn|[from] psn
|-damage|p2a: GTS|0 fnt|[from] brn
|faint|p2a: GTS
|-sideend|p1: bellytelevision|Reflect
|upkeep
|turn|9
|
|t:|1784835055
|move|p1a: Sableye|Reflect|p1a: Sableye
|-sidestart|p1: bellytelevision|Reflect
|move|p2b: GODBODY|Energy Ball|p1b: Pelipper
|-damage|p1b: Pelipper|7/100 psn
|move|p1b: Pelipper|Weather Ball|p2b: GODBODY
|-damage|p2b: GODBODY|12/100
|-enditem|p2b: GODBODY|Sitrus Berry|[eat]
|-heal|p2b: GODBODY|37/100|[from] item: Sitrus Berry
|
|-weather|RainDance|[upkeep]
|-damage|p1b: Pelipper|0 fnt|[from] psn
|faint|p1b: Pelipper
|upkeep
|
|t:|1784835067
|switch|p1b: Metagross|Metagross-Mega, L50|87/100
|turn|10
|
|t:|1784835080
|move|p1a: Sableye|Light Screen||[still]
|-fail|p1a: Sableye
|move|p2b: GODBODY|Energy Ball|p1b: Metagross
|-resisted|p1b: Metagross|1
|-damage|p1b: Metagross|79/100
|-unboost|p1b: Metagross|spd|1
|move|p1b: Metagross|Iron Head|p2b: GODBODY
|-damage|p2b: GODBODY|0 fnt
|faint|p2b: GODBODY
|
|win|bellytelevision
||coutsAF is ready for game 2.
|inactive|bellytelevision has 30 seconds to confirm battle start!
||bellytelevision is ready for game 2.
|uhtml|next|Next: Game 2 of 3
