|j|☆meikh_neiht
|j|☆nemadevil
|html|meikh_neihtnemadevil    
|uhtml|bestof|Game 1 of a best-of-3
|t:|1785244543
|gametype|doubles
|player|p1|meikh_neiht|lucas|1288
|player|p2|nemadevil|101|1200
|gen|9
|tier|[Gen 9 Champions] VGC 2026 Reg M-B (Bo3)
|rated|
|rule|Species Clause: Limit one of each Pokémon
|rule|Item Clause: Limit 1 of each item
|clearpoke
|poke|p1|Staraptor, L50, F|
|poke|p1|Sinistcha, L50|
|poke|p1|Maushold, L50|
|poke|p1|Kingambit, L50, M|
|poke|p1|Sneasler, L50, M|
|poke|p1|Delphox, L50, F|
|poke|p2|Swampert, L50, M|
|poke|p2|Pelipper, L50, F, shiny|
|poke|p2|Aerodactyl, L50, M|
|poke|p2|Archaludon, L50, F|
|poke|p2|Tsareena, L50, F, shiny|
|poke|p2|Incineroar, L50, M|
|teampreview|4
|showteam|p1|Staraptor||Staraptite|Intimidate|CloseCombat,BraveBird,Roost,Protect|Adamant||F|||50|]Sinistcha||SitrusBerry|Hospitality|RagePowder,MatchaGotcha,Protect,LifeDew|Calm|||||50|]Maushold||LumBerry|FriendGuard|Encore,Charm,FollowMe,Protect|Timid|||||50|]Kingambit||LifeOrb|Defiant|KowtowCleave,SuckerPunch,SwordsDance,Protect|Adamant||M|||50|]Sneasler||WhiteHerb|Unburden|CloseCombat,DireClaw,FakeOut,Feint|Jolly||M|||50|]Delphox||Delphoxite|Blaze|HeatWave,Psyshock,NastyPlot,Protect|Timid||F|||50|
|showteam|p2|Swampert||Swampertite|Torrent|WaveCrash,IcePunch,Protect,Earthquake|Adamant||M|||50|]Pelipper||FocusSash|Drizzle|WeatherBall,Hurricane,Protect,Tailwind|Modest||F|||50|]Aerodactyl||Aerodactylite|Unnerve|DualWingbeat,RockSlide,Protect,Tailwind|Jolly||M|||50|]Archaludon||ChoiceScarf|Sturdy|ElectroShot,DracoMeteor,DragonPulse,FlashCannon|Timid||F|||50|]Tsareena||KebiaBerry|QueenlyMajesty|TropKick,KnockOff,Protect,Taunt|Adamant||F|||50|]Incineroar||SitrusBerry|Intimidate|FakeOut,DarkestLariat,Taunt,PartingShot|Careful||M|||50|
|inactive|Battle timer is ON: inactive players will automatically lose when time's up. (requested by meikh_neiht)
|
|t:|1785244610
|teamsize|p1|4
|teamsize|p2|4
|start
|switch|p1a: Staraptor|Staraptor, L50, F|100/100
|switch|p1b: Maushold|Maushold, L50|100/100
|switch|p2a: Archaludon|Archaludon, L50, F|100/100
|switch|p2b: Pelipper|Pelipper, L50, F, shiny|100/100
|-ability|p1a: Staraptor|Intimidate|boost
|-unboost|p2a: Archaludon|atk|1
|-unboost|p2b: Pelipper|atk|1
|-weather|RainDance|[from] ability: Drizzle|[of] p2b: Pelipper
|turn|1
|inactive|meikh_neiht has 30 seconds left.
|inactive|meikh_neiht has 20 seconds left.
|
|t:|1785244656
|detailschange|p1a: Staraptor|Staraptor-Mega, L50, F
|-mega|p1a: Staraptor|Staraptor|Staraptite
|move|p1b: Maushold|Follow Me|p1b: Maushold
|-singleturn|p1b: Maushold|move: Follow Me
|move|p2a: Archaludon|Electro Shot||[still]
|-prepare|p2a: Archaludon|Electro Shot
|-boost|p2a: Archaludon|spa|1
|-anim|p2a: Archaludon|Electro Shot|p1b: Maushold
|-damage|p1b: Maushold|11/100
|move|p1a: Staraptor|Close Combat|p2a: Archaludon
|-supereffective|p2a: Archaludon|1
|-ability|p2a: Archaludon|Sturdy
|-damage|p2a: Archaludon|1/100
|-boost|p1a: Staraptor|def|1
|-boost|p1a: Staraptor|spd|1
|move|p2b: Pelipper|Tailwind|p2b: Pelipper
|-sidestart|p2: nemadevil|move: Tailwind
|
|-weather|RainDance|[upkeep]
|upkeep
|turn|2
|
|t:|1785244673
|move|p1a: Staraptor|Protect|p1a: Staraptor
|-singleturn|p1a: Staraptor|Protect
|move|p1b: Maushold|Follow Me|p1b: Maushold
|-singleturn|p1b: Maushold|move: Follow Me
|move|p2a: Archaludon|Electro Shot||[still]
|-prepare|p2a: Archaludon|Electro Shot
|-boost|p2a: Archaludon|spa|1
|-anim|p2a: Archaludon|Electro Shot|p1b: Maushold
|-damage|p1b: Maushold|0 fnt
|faint|p1b: Maushold
|move|p2b: Pelipper|Hurricane|p1a: Staraptor
|-activate|p1a: Staraptor|move: Protect
|
|-weather|RainDance|[upkeep]
|upkeep
|
|t:|1785244680
|switch|p1b: Kingambit|Kingambit, L50, M|100/100
|turn|3
|
|t:|1785244708
|switch|p2b: Tsareena|Tsareena, L50, F, shiny|100/100
|switch|p1a: Sinistcha|Sinistcha, L50|100/100
|move|p2a: Archaludon|Electro Shot||[still]
|-prepare|p2a: Archaludon|Electro Shot
|-boost|p2a: Archaludon|spa|1
|-anim|p2a: Archaludon|Electro Shot|p1a: Sinistcha
|-resisted|p1a: Sinistcha|1
|-damage|p1a: Sinistcha|53/100
|move|p1b: Kingambit|Kowtow Cleave|p2a: Archaludon
|-damage|p2a: Archaludon|0 fnt
|faint|p2a: Archaludon
|-damage|p1b: Kingambit|90/100|[from] item: Life Orb
|
|-weather|RainDance|[upkeep]
|upkeep
|
|t:|1785244732
|switch|p2a: Swampert|Swampert, L50, M|100/100
|turn|4
|
|t:|1785244749
|detailschange|p2a: Swampert|Swampert-Mega, L50, M
|-mega|p2a: Swampert|Swampert|Swampertite
|move|p1a: Sinistcha|Protect|p1a: Sinistcha
|-singleturn|p1a: Sinistcha|Protect
|move|p1b: Kingambit|Protect|p1b: Kingambit
|-singleturn|p1b: Kingambit|Protect
|move|p2a: Swampert|Earthquake|p1a: Sinistcha|[spread] p2b
|-activate|p1a: Sinistcha|move: Protect
|-activate|p1b: Kingambit|move: Protect
|-resisted|p2b: Tsareena|1
|-damage|p2b: Tsareena|77/100
|move|p2b: Tsareena|Knock Off|p1a: Sinistcha
|-activate|p1a: Sinistcha|move: Protect
|
|-weather|RainDance|[upkeep]
|-sideend|p2: nemadevil|move: Tailwind
|upkeep
|turn|5
|
|t:|1785244769
|switch|p1b: Staraptor|Staraptor-Mega, L50, F|100/100
|move|p2a: Swampert|Ice Punch|p1a: Sinistcha
|-supereffective|p1a: Sinistcha|1
|-damage|p1a: Sinistcha|0 fnt
|faint|p1a: Sinistcha
|move|p2b: Tsareena|Knock Off|p1b: Staraptor
|-resisted|p1b: Staraptor|1
|-damage|p1b: Staraptor|89/100
|
|-weather|none
|upkeep
|
|t:|1785244772
|switch|p1a: Kingambit|Kingambit, L50, M|90/100
|turn|6
|
|t:|1785244794
|switch|p2b: Pelipper|Pelipper, L50, F, shiny|100/100
|-weather|RainDance|[from] ability: Drizzle|[of] p2b: Pelipper
|move|p2a: Swampert|Wave Crash|p1b: Staraptor
|-crit|p1b: Staraptor
|-damage|p1b: Staraptor|0 fnt
|faint|p1b: Staraptor
|-damage|p2a: Swampert|71/100|[from] Recoil
|move|p1a: Kingambit|Swords Dance|p1a: Kingambit
|-boost|p1a: Kingambit|atk|2
|
|-weather|RainDance|[upkeep]
|upkeep
|turn|7
|-message|meikh_neiht forfeited.
|
|win|nemadevil
||meikh_neiht is ready for game 2.
||nemadevil is ready for game 2.
|uhtml|next|Next: Game 2 of 3
|l|☆meikh_neiht
|player|p1|
