|j|☆ultraclaw1
|j|☆TeyVgc
|html|ultraclaw1TeyVgc    
|uhtml|bestof|Game 3 of a best-of-3
|t:|1784061752
|gametype|doubles
|player|p1|ultraclaw1|brycenman|1347
|player|p2|TeyVgc|rood|1248
|gen|9
|tier|[Gen 9 Champions] VGC 2026 Reg M-B (Bo3)
|rated|
|rule|Species Clause: Limit one of each Pokémon
|rule|Item Clause: Limit 1 of each item
|clearpoke
|poke|p1|Maushold, L50|
|poke|p1|Kingambit, L50, M|
|poke|p1|Garchomp, L50, M|
|poke|p1|Basculegion, L50, M|
|poke|p1|Talonflame, L50, M|
|poke|p1|Floette-Eternal, L50, F|
|poke|p2|Raichu, L50, F|
|poke|p2|Sinistcha, L50|
|poke|p2|Ceruledge, L50, M|
|poke|p2|Milotic, L50, F|
|poke|p2|Incineroar, L50, M|
|poke|p2|Floette-Eternal, L50, F|
|teampreview|4
|showteam|p1|Maushold||FocusSash|FriendGuard|SuperFang,Taunt,FollowMe,Protect|Timid|||||50|]Kingambit||ChopleBerry|Defiant|KowtowCleave,SuckerPunch,LowKick,IronHead|Adamant||M|||50|]Garchomp||LifeOrb|RoughSkin|RockSlide,Earthquake,DragonClaw,Protect|Jolly||M|||50|]Basculegion||MysticWater|Adaptability|WaveCrash,LastRespects,AquaJet,Protect|Adamant||M|||50|]Talonflame||SharpBeak|GaleWings|QuickGuard,DualWingbeat,Tailwind,Protect|Jolly||M|||50|]Floette-Eternal||Floettite|FlowerVeil|LightofRuin,Protect,Moonblast,DazzlingGleam|Modest||F|||50|
|showteam|p2|Raichu||RaichuniteY|LightningRod|ZapCannon,FocusBlast,FakeOut,Protect|Timid||F|||50|]Sinistcha||KasibBerry|Hospitality|MatchaGotcha,Protect,RagePowder,TrickRoom|Relaxed|||||50|]Ceruledge||ColburBerry|FlashFire|BitterBlade,ShadowSneak,BulkUp,Protect|Adamant||M|||50|]Milotic||Leftovers|Competitive|MuddyWater,Coil,Hypnosis,Recover|Calm||F|||50|]Incineroar||SitrusBerry|Intimidate|FlareBlitz,ThroatChop,FakeOut,PartingShot|Impish||M|||50|]Floette-Eternal||Floettite|FlowerVeil|CalmMind,Protect,Moonblast,DazzlingGleam|Modest||F|||50|
|inactive|Battle timer is ON: inactive players will automatically lose when time's up. (requested by ultraclaw1)
|
|t:|1784061766
|teamsize|p1|4
|teamsize|p2|4
|start
|switch|p1a: Floette|Floette-Eternal, L50, F|100/100
|switch|p1b: Talonflame|Talonflame, L50, M|100/100
|switch|p2a: Incineroar|Incineroar, L50, M|100/100
|switch|p2b: Floette|Floette-Eternal, L50, F|100/100
|-ability|p2a: Incineroar|Intimidate|boost
|-unboost|p1a: Floette|atk|1
|-unboost|p1b: Talonflame|atk|1
|turn|1
|
|t:|1784061779
|detailschange|p2b: Floette|Floette-Mega, L50, F
|-mega|p2b: Floette|Floette|Floettite
|-ability|p2b: Floette|Fairy Aura
|move|p1b: Talonflame|Protect|p1b: Talonflame
|-singleturn|p1b: Talonflame|Protect
|move|p1a: Floette|Protect|p1a: Floette
|-singleturn|p1a: Floette|Protect
|move|p2a: Incineroar|Fake Out|p1a: Floette
|-activate|p1a: Floette|move: Protect
|move|p2b: Floette|Calm Mind|p2b: Floette
|-boost|p2b: Floette|spa|1
|-boost|p2b: Floette|spd|1
|
|upkeep
|turn|2
|
|t:|1784061800
|detailschange|p1a: Floette|Floette-Mega, L50, F
|-mega|p1a: Floette|Floette|Floettite
|-ability|p1a: Floette|Fairy Aura
|move|p1b: Talonflame|Dual Wingbeat|p2b: Floette
|-damage|p2b: Floette|88/100
|-damage|p2b: Floette|76/100
|-hitcount|p2b: Floette|2
|move|p1a: Floette|Light of Ruin|p2b: Floette
|-damage|p2b: Floette|19/100
|-damage|p1a: Floette|66/100|[from] Recoil
|move|p2b: Floette|Calm Mind|p2b: Floette
|-boost|p2b: Floette|spa|1
|-boost|p2b: Floette|spd|1
|move|p2a: Incineroar|Parting Shot|p1a: Floette
|-unboost|p1a: Floette|atk|1
|-unboost|p1a: Floette|spa|1
|
|t:|1784061806
|switch|p2a: Sinistcha|Sinistcha, L50|100/100|[from] Parting Shot
|-heal|p2b: Floette|44/100|[from] ability: Hospitality|[of] p2a: Sinistcha
|
|upkeep
|turn|3
|
|t:|1784061816
|switch|p2a: Incineroar|Incineroar, L50, M|100/100
|-ability|p2a: Incineroar|Intimidate|boost
|-unboost|p1a: Floette|atk|1
|-unboost|p1b: Talonflame|atk|1
|move|p2b: Floette|Protect|p2b: Floette
|-singleturn|p2b: Floette|Protect
|move|p1b: Talonflame|Dual Wingbeat|p2b: Floette
|-activate|p2b: Floette|move: Protect
|move|p1a: Floette|Light of Ruin|p2b: Floette
|-activate|p2b: Floette|move: Protect
|
|upkeep
|turn|4
|
|t:|1784061831
|move|p1b: Talonflame|Quick Guard|p1b: Talonflame
|-singleturn|p1b: Talonflame|Quick Guard
|move|p2a: Incineroar|Fake Out|p1b: Talonflame
|-activate|p1b: Talonflame|move: Quick Guard
|move|p1a: Floette|Light of Ruin|p2b: Floette
|-damage|p2b: Floette|18/100
|-damage|p1a: Floette|50/100g|[from] Recoil
|move|p2b: Floette|Moonblast|p1a: Floette
|-damage|p1a: Floette|0 fnt
|faint|p1a: Floette
|
|upkeep
|
|t:|1784061839
|switch|p1a: Basculegion|Basculegion, L50, M|100/100
|turn|5
|
|t:|1784061845
|switch|p2a: Sinistcha|Sinistcha, L50|100/100
|-heal|p2b: Floette|43/100|[from] ability: Hospitality|[of] p2a: Sinistcha
|move|p2b: Floette|Protect|p2b: Floette
|-singleturn|p2b: Floette|Protect
|move|p1b: Talonflame|Tailwind|p1b: Talonflame
|-sidestart|p1: ultraclaw1|move: Tailwind
|move|p1a: Basculegion|Wave Crash|p2b: Floette
|-activate|p2b: Floette|move: Protect
|
|upkeep
|turn|6
|
|t:|1784061856
|move|p2a: Sinistcha|Rage Powder|p2a: Sinistcha
|-singleturn|p2a: Sinistcha|move: Rage Powder
|move|p1b: Talonflame|Dual Wingbeat|p2a: Sinistcha
|-supereffective|p2a: Sinistcha|1
|-damage|p2a: Sinistcha|85/100
|-supereffective|p2a: Sinistcha|1
|-damage|p2a: Sinistcha|70/100
|-hitcount|p2a: Sinistcha|2
|move|p1a: Basculegion|Last Respects|p2a: Sinistcha
|-supereffective|p2a: Sinistcha|1
|-enditem|p2a: Sinistcha|Kasib Berry|[eat]
|-enditem|p2a: Sinistcha|Kasib Berry|[weaken]
|-damage|p2a: Sinistcha|16/100
|move|p2b: Floette|Dazzling Gleam|p1b: Talonflame|[spread] p1a,p1b
|-resisted|p1b: Talonflame|1
|-damage|p1a: Basculegion|2/100
|-damage|p1b: Talonflame|34/100
|
|upkeep
|turn|7
|
|t:|1784061872
|switch|p2a: Incineroar|Incineroar, L50, M|100/100
|-ability|p2a: Incineroar|Intimidate|boost
|-unboost|p1a: Basculegion|atk|1
|-unboost|p1b: Talonflame|atk|1
|move|p2b: Floette|Protect|p2b: Floette
|-singleturn|p2b: Floette|Protect
|move|p1b: Talonflame|Dual Wingbeat|p2a: Incineroar|[miss]
|-miss|p1b: Talonflame|p2a: Incineroar
|move|p1a: Basculegion|Wave Crash|p2b: Floette
|-activate|p2b: Floette|move: Protect
|
|upkeep
|turn|8
|inactive|TeyVgc has 30 seconds left.
|
|t:|1784061900
|switch|p1b: Garchomp|Garchomp, L50, M|100/100
|switch|p2a: Sinistcha|Sinistcha, L50|16/100
|-heal|p2b: Floette|67/100|[from] ability: Hospitality|[of] p2a: Sinistcha
|move|p1a: Basculegion|Wave Crash|p2b: Floette
|-damage|p2b: Floette|2/100
|-damage|p1a: Basculegion|0 fnt|[from] Recoil
|faint|p1a: Basculegion
|move|p2b: Floette|Dazzling Gleam|p1b: Garchomp
|-supereffective|p1b: Garchomp|1
|-damage|p1b: Garchomp|0 fnt
|faint|p1b: Garchomp
|
|-sideend|p1: ultraclaw1|move: Tailwind
|upkeep
|-message|ultraclaw1 forfeited.
|
|win|TeyVgc
|raw|ultraclaw1's rating: 1347 → 1321(-26 for losing)
|raw|TeyVgc's rating: 1248 → 1280(+32 for winning)
