|j|☆techinsan3
|j|☆laufey#1fan
|html|techinsan3laufey#1fan    
|uhtml|bestof|Game 2 of a best-of-3
|t:|1756527816
|gametype|doubles
|player|p1|techinsan3|ghetsis-gen5bw|1237
|player|p2|laufey#1fan|lady|1178
|gen|9
|tier|[Gen 9] VGC 2025 Reg H (Bo3)
|rated|
|rule|Species Clause: Limit one of each Pokémon
|rule|Item Clause: Limit 1 of each item
|clearpoke
|poke|p1|Volcarona, L50, F|
|poke|p1|Rillaboom, L50, M|
|poke|p1|Kingambit, L50, F|
|poke|p1|Electabuzz, L50, F|
|poke|p1|Sneasler, L50, M|
|poke|p1|Dragonite, L50, M|
|poke|p2|Gholdengo, L50|
|poke|p2|Ursaluna-Bloodmoon, L50, M|
|poke|p2|Incineroar, L50, F|
|poke|p2|Maushold-Four, L50|
|poke|p2|Annihilape, L50, M|
|poke|p2|Dragonite, L50, F|
|teampreview|4
|showteam|p1|Volcarona||CovertCloak|FlameBody|HeatWave,TeraBlast,QuiverDance,Protect|||F|||50|,,,,,Fairy]Rillaboom||AssaultVest|GrassySurge|WoodHammer,GrassyGlide,HighHorsepower,FakeOut|||M|||50|,,,,,Fire]Kingambit||SafetyGoggles|Defiant|KowtowCleave,SuckerPunch,SwordsDance,Protect|||F|||50|,,,,,Dark]Electabuzz||Eviolite|VitalSpirit|Thunderbolt,Taunt,FollowMe,Protect|||F|||50|,,,,,Ghost]Sneasler||FocusSash|Unburden|DireClaw,CloseCombat,Coaching,FakeOut|||M|||50|,,,,,Stellar]Dragonite||LoadedDice|Multiscale|ScaleShot,ExtremeSpeed,Haze,Protect|||M|||50|,,,,,Steel
|showteam|p2|Gholdengo||LifeOrb|GoodasGold|MakeItRain,NastyPlot,ShadowBall,Protect||||||50|,,,,,Water]Ursaluna-Bloodmoon||AssaultVest|MindsEye|BloodMoon,EarthPower,HyperVoice,VacuumWave|||M|||50|,,,,,Water]Incineroar||SafetyGoggles|Intimidate|FakeOut,FlareBlitz,PartingShot,KnockOff|||F|||50|,,,,,Ghost]Maushold-Four||FocusSash|FriendGuard|SuperFang,FollowMe,BeatUp,Protect||||||50|,,,,,Grass]Annihilape||SitrusBerry|Defiant|DrainPunch,BulkUp,RageFist,Protect|||M|||50|,,,,,Fire]Dragonite||LoadedDice|Multiscale|ScaleShot,ExtremeSpeed,Protect,Tailwind|||F|||50|,,,,,Fairy
|
|t:|1756527830
|teamsize|p1|4
|teamsize|p2|4
|start
|switch|p1a: Sneasler|Sneasler, L50, M, shiny|100/100
|switch|p1b: Dragonite|Dragonite, L50, M, shiny|100/100
|switch|p2a: Sabotage|Annihilape, L50, M, shiny|100/100
|switch|p2b: Carousel|Maushold-Four, L50|100/100
|turn|1
|inactive|Battle timer is ON: inactive players will automatically lose when time's up. (requested by laufey#1fan)
|
|t:|1756527843
|move|p2b: Carousel|Protect|p2b: Carousel
|-singleturn|p2b: Carousel|Protect
|move|p1a: Sneasler|Coaching|p1b: Dragonite
|-boost|p1b: Dragonite|atk|1
|-boost|p1b: Dragonite|def|1
|move|p2a: Sabotage|Bulk Up|p2a: Sabotage
|-boost|p2a: Sabotage|atk|1
|-boost|p2a: Sabotage|def|1
|move|p1b: Dragonite|Scale Shot|p2a: Sabotage
|-damage|p2a: Sabotage|90/100
|-damage|p2a: Sabotage|78/100
|-damage|p2a: Sabotage|68/100
|-damage|p2a: Sabotage|56/100
|-hitcount|p2a: Sabotage|4
|-unboost|p1b: Dragonite|def|1
|-boost|p1b: Dragonite|spe|1
|
|upkeep
|turn|2
|inactive|techinsan3 has 30 seconds left.
|inactive|laufey#1fan has 30 seconds left.
|
|t:|1756527878
|move|p1b: Dragonite|Protect|p1b: Dragonite
|-singleturn|p1b: Dragonite|Protect
|move|p1a: Sneasler|Dire Claw|p2b: Carousel
|-damage|p2b: Carousel|42/100
|move|p2b: Carousel|Super Fang|p1b: Dragonite
|-activate|p1b: Dragonite|move: Protect
|move|p2a: Sabotage|Rage Fist|p1b: Dragonite
|-activate|p1b: Dragonite|move: Protect
|
|upkeep
|turn|3
|
|t:|1756527901
|move|p2b: Carousel|Protect|p2b: Carousel
|-singleturn|p2b: Carousel|Protect
|move|p1b: Dragonite|Extreme Speed|p2b: Carousel
|-activate|p2b: Carousel|move: Protect
|move|p1a: Sneasler|Dire Claw|p2a: Sabotage
|-resisted|p2a: Sabotage
|-damage|p2a: Sabotage|46/100
|-enditem|p2a: Sabotage|Sitrus Berry|[eat]
|-heal|p2a: Sabotage|71/100|[from] item: Sitrus Berry
|move|p2a: Sabotage|Rage Fist|p1b: Dragonite
|-damage|p1b: Dragonite|0 fnt
|faint|p1b: Dragonite
|
|upkeep
|
|t:|1756527914
|switch|p1b: Rillaboom|Rillaboom, L50, M, shiny|100/100
|-fieldstart|move: Grassy Terrain|[from] ability: Grassy Surge|[of] p1b: Rillaboom
|turn|4
|
|t:|1756527924
|move|p2b: Carousel|Follow Me|p2b: Carousel
|-singleturn|p2b: Carousel|move: Follow Me
|move|p1a: Sneasler|Dire Claw|p2b: Carousel
|-damage|p2b: Carousel|0 fnt
|faint|p2b: Carousel
|move|p2a: Sabotage|Rage Fist|p1b: Rillaboom
|-damage|p1b: Rillaboom|0 fnt
|faint|p1b: Rillaboom
|
|-heal|p2a: Sabotage|77/100|[from] Grassy Terrain
|upkeep
|
|t:|1756527931
|switch|p2b: Clear Air|Dragonite, L50, F|100/100
|switch|p1b: Kingambit|Kingambit, L50, F, shiny|100/100
|turn|5
|
|t:|1756527944
|move|p1a: Sneasler|Dire Claw|p2a: Sabotage
|-resisted|p2a: Sabotage
|-damage|p2a: Sabotage|63/100
|move|p2a: Sabotage|Drain Punch|p1b: Kingambit
|-supereffective|p1b: Kingambit
|-damage|p1b: Kingambit|0 fnt
|-heal|p2a: Sabotage|100/100|[from] drain|[of] p1b: Kingambit
|faint|p1b: Kingambit
|move|p2b: Clear Air|Scale Shot|p1a: Sneasler|[miss]
|-miss|p2b: Clear Air|p1a: Sneasler
|
|upkeep
|turn|6
|-message|techinsan3 forfeited.
|
|win|laufey#1fan
|raw|techinsan3's rating: 1237 → 1208(-29 for losing)
|raw|laufey#1fan's rating: 1178 → 1207(+29 for winning)
|l|☆techinsan3
|player|p1|
