|j|☆IngeVGC
|j|☆figglewiggle
|html|IngeVGCfigglewiggle    
|uhtml|bestof|Game 1 of a best-of-3
|t:|1784062586
|gametype|doubles
|player|p1|IngeVGC|fisherman-gen4|1261
|player|p2|figglewiggle|101|1278
|gen|9
|tier|[Gen 9 Champions] VGC 2026 Reg M-B (Bo3)
|rated|
|rule|Species Clause: Limit one of each Pokémon
|rule|Item Clause: Limit 1 of each item
|clearpoke
|poke|p1|Aerodactyl, L50, F|
|poke|p1|Kingambit, L50, M, shiny|
|poke|p1|Farigiraf, L50, M, shiny|
|poke|p1|Charizard, L50, F, shiny|
|poke|p1|Sylveon, L50, M, shiny|
|poke|p1|Garchomp, L50, F, shiny|
|poke|p2|Incineroar, L50, F|
|poke|p2|Sinistcha, L50|
|poke|p2|Sneasler, L50, M|
|poke|p2|Kingambit, L50, F|
|poke|p2|Delphox, L50, F|
|poke|p2|Floette-Eternal, L50, F|
|teampreview|4
|showteam|p1|Aerodactyl||Aerodactylite|Unnerve|IceFang,DualWingbeat,RockSlide,Tailwind|Jolly||F|||50|]Kingambit||FocusSash|Defiant|KowtowCleave,IronHead,SuckerPunch,LowKick|Adamant||M|||50|]Farigiraf||SitrusBerry|ArmorTail|TrickRoom,Psychic,Thunderbolt,Roar|Bold||M|||50|]Charizard||CharizarditeY|SolarPower|HeatWave,WeatherBall,SolarBeam,Protect|Modest||F|||50|]Sylveon||FairyFeather|Pixilate|Detect,HyperVoice,HyperBeam,QuickAttack|Modest||M|||50|]Garchomp||LifeOrb|RoughSkin|Protect,DragonClaw,Earthquake,StompingTantrum|Jolly||F|||50|
|showteam|p2|Incineroar||SitrusBerry|Intimidate|FakeOut,PartingShot,FlareBlitz,HelpingHand|Careful||F|||50|]Sinistcha||KasibBerry|Hospitality|MatchaGotcha,RagePowder,TrickRoom,Protect|Bold|||||50|]Sneasler||FocusSash|Unburden|DireClaw,CloseCombat,QuickGuard,FakeOut|Naive||M|||50|]Kingambit||BlackGlasses|Defiant|KowtowCleave,SuckerPunch,SwordsDance,Protect|Adamant||F|||50|]Delphox||Delphoxite|Blaze|HeatWave,Psychic,NastyPlot,Protect|Timid||F|||50|]Floette-Eternal||Floettite|FlowerVeil|Moonblast,DazzlingGleam,CalmMind,Protect|Timid||F|||50|
|inactive|Battle timer is ON: inactive players will automatically lose when time's up. (requested by figglewiggle)
|inactive|IngeVGC has 60 seconds left.
|inactive|figglewiggle has 60 seconds left.
|
|t:|1784062643
|teamsize|p1|4
|teamsize|p2|4
|start
|switch|p1a: Aerodactyl|Aerodactyl, L50, F|100/100
|switch|p1b: Kingambit|Kingambit, L50, M, shiny|100/100
|switch|p2a: Incineroar|Incineroar, L50, F|100/100
|switch|p2b: Floette|Floette-Eternal, L50, F|100/100
|-ability|p1a: Aerodactyl|Unnerve
|-ability|p2a: Incineroar|Intimidate|boost
|-unboost|p1a: Aerodactyl|atk|1
|-unboost|p1b: Kingambit|atk|1
|-ability|p1b: Kingambit|Defiant|boost
|-boost|p1b: Kingambit|atk|2
|turn|1
|inactive|figglewiggle has 30 seconds left.
|
|t:|1784062677
|switch|p1a: Farigiraf|Farigiraf, L50, M, shiny|100/100
|move|p2b: Floette|Protect|p2b: Floette
|-singleturn|p2b: Floette|Protect
|move|p1b: Kingambit|Iron Head|p2b: Floette
|-activate|p2b: Floette|move: Protect
|move|p2a: Incineroar|Flare Blitz|p1b: Kingambit
|-supereffective|p1b: Kingambit|1
|-damage|p1b: Kingambit|22/100
|-damage|p2a: Incineroar|76/100|[from] Recoil
|
|upkeep
|turn|2
|
|t:|1784062701
|detailschange|p2b: Floette|Floette-Mega, L50, F
|-mega|p2b: Floette|Floette|Floettite
|-ability|p2b: Floette|Fairy Aura
|move|p1b: Kingambit|Sucker Punch|p2b: Floette
|-resisted|p2b: Floette|1
|-damage|p2b: Floette|70/100
|move|p2b: Floette|Dazzling Gleam|p1b: Kingambit|[spread] p1a,p1b
|-damage|p1a: Farigiraf|61/100
|-damage|p1b: Kingambit|0 fnt
|faint|p1b: Kingambit
|move|p2a: Incineroar|Flare Blitz|p1a: Farigiraf
|-damage|p1a: Farigiraf|23/100
|-enditem|p1a: Farigiraf|Sitrus Berry|[eat]
|-heal|p1a: Farigiraf|48/100|[from] item: Sitrus Berry
|-damage|p2a: Incineroar|62/100|[from] Recoil
|move|p1a: Farigiraf|Psychic|p2b: Floette
|-damage|p2b: Floette|45/100
|
|upkeep
|
|t:|1784062712
|switch|p1b: Aerodactyl|Aerodactyl, L50, F|100/100
|-ability|p1b: Aerodactyl|Unnerve
|turn|3
|
|t:|1784062722
|switch|p2a: Sinistcha|Sinistcha, L50|100/100
|-heal|p2b: Floette|69/100|[from] ability: Hospitality|[of] p2a: Sinistcha
|detailschange|p1b: Aerodactyl|Aerodactyl-Mega, L50, F
|-mega|p1b: Aerodactyl|Aerodactyl|Aerodactylite
|move|p2b: Floette|Protect|p2b: Floette
|-singleturn|p2b: Floette|Protect
|move|p1b: Aerodactyl|Rock Slide|p2b: Floette|[spread] p2a
|-activate|p2b: Floette|move: Protect
|-damage|p2a: Sinistcha|79/100
|move|p1a: Farigiraf|Thunderbolt|p2a: Sinistcha
|-resisted|p2a: Sinistcha|1
|-damage|p2a: Sinistcha|69/100
|
|upkeep
|turn|4
|
|t:|1784062744
|switch|p2b: Incineroar|Incineroar, L50, F|62/100
|-ability|p2b: Incineroar|Intimidate|boost
|-unboost|p1a: Farigiraf|atk|1
|-unboost|p1b: Aerodactyl|atk|1
|move|p2a: Sinistcha|Protect|p2a: Sinistcha
|-singleturn|p2a: Sinistcha|Protect
|move|p1b: Aerodactyl|Rock Slide|p2b: Incineroar|[spread] p2b
|-activate|p2a: Sinistcha|move: Protect
|-supereffective|p2b: Incineroar|1
|-damage|p2b: Incineroar|33/100
|-enditem|p2b: Incineroar|Sitrus Berry|[eat]
|-heal|p2b: Incineroar|58/100|[from] item: Sitrus Berry
|move|p1a: Farigiraf|Psychic|p2b: Incineroar
|-immune|p2b: Incineroar
|
|upkeep
|turn|5
|inactive|figglewiggle has 30 seconds left.
|inactive|figglewiggle has 20 seconds left.
|
|t:|1784062781
|move|p1b: Aerodactyl|Dual Wingbeat|p2a: Sinistcha
|-supereffective|p2a: Sinistcha|1
|-damage|p2a: Sinistcha|44/100
|-supereffective|p2a: Sinistcha|1
|-damage|p2a: Sinistcha|14/100
|-hitcount|p2a: Sinistcha|2
|move|p2a: Sinistcha|Matcha Gotcha|p1b: Aerodactyl|[spread] p1a,p1b
|-damage|p1a: Farigiraf|26/100
|-heal|p2a: Sinistcha|27/100|[from] drain|[of] p1a: Farigiraf
|-damage|p1b: Aerodactyl|75/100
|-heal|p2a: Sinistcha|39/100|[from] drain|[of] p1b: Aerodactyl
|move|p2b: Incineroar|Flare Blitz|p1a: Farigiraf
|-damage|p1a: Farigiraf|0 fnt
|faint|p1a: Farigiraf
|-damage|p2b: Incineroar|48/100|[from] Recoil
|
|upkeep
|
|t:|1784062791
|switch|p1a: Garchomp|Garchomp, L50, F, shiny|100/100
|turn|6
|
|t:|1784062808
|switch|p2b: Sneasler|Sneasler, L50, M|100/100
|move|p2a: Sinistcha|Protect|p2a: Sinistcha
|-singleturn|p2a: Sinistcha|Protect
|move|p1b: Aerodactyl|Rock Slide|p2a: Sinistcha|[spread] p2b
|-activate|p2a: Sinistcha|move: Protect
|-resisted|p2b: Sneasler|1
|-damage|p2b: Sneasler|86/100
|move|p1a: Garchomp|Earthquake|p2b: Sneasler|[spread] p2b
|-activate|p2a: Sinistcha|move: Protect
|-immune|p1b: Aerodactyl
|-supereffective|p2b: Sneasler|1
|-damage|p2b: Sneasler|0 fnt
|faint|p2b: Sneasler
|-damage|p1a: Garchomp|90/100|[from] item: Life Orb
|
|upkeep
|
|t:|1784062823
|switch|p2b: Floette|Floette-Mega, L50, F|69/100
|-ability|p2b: Floette|Fairy Aura
|turn|7
|
|t:|1784062831
|switch|p2a: Incineroar|Incineroar, L50, F|48/100
|-ability|p2a: Incineroar|Intimidate|boost
|-unboost|p1a: Garchomp|atk|1
|-unboost|p1b: Aerodactyl|atk|1
|move|p2b: Floette|Protect|p2b: Floette
|-singleturn|p2b: Floette|Protect
|move|p1b: Aerodactyl|Rock Slide|p2a: Incineroar|[spread] 
|-activate|p2b: Floette|move: Protect
|-miss|p1b: Aerodactyl|p2a: Incineroar
|move|p1a: Garchomp|Earthquake|p2a: Incineroar|[spread] p2a
|-activate|p2b: Floette|move: Protect
|-immune|p1b: Aerodactyl
|-supereffective|p2a: Incineroar|1
|-damage|p2a: Incineroar|0 fnt
|faint|p2a: Incineroar
|-damage|p1a: Garchomp|80/100|[from] item: Life Orb
|
|upkeep
|
|t:|1784062846
|switch|p2a: Sinistcha|Sinistcha, L50|39/100
|-heal|p2b: Floette|94/100|[from] ability: Hospitality|[of] p2a: Sinistcha
|turn|8
|
|t:|1784062851
|move|p1b: Aerodactyl|Rock Slide|p2b: Floette|[spread] p2a,p2b
|-damage|p2a: Sinistcha|29/100
|-damage|p2b: Floette|80/100
|move|p1a: Garchomp|Earthquake|p2a: Sinistcha|[spread] p2a,p2b
|-immune|p1b: Aerodactyl
|-resisted|p2a: Sinistcha|1
|-damage|p2a: Sinistcha|15/100
|-damage|p2b: Floette|47/100
|-damage|p1a: Garchomp|70/100|[from] item: Life Orb
|cant|p2b: Floette|flinch
|cant|p2a: Sinistcha|flinch
|
|upkeep
|turn|9
|
|t:|1784062873
|move|p1b: Aerodactyl|Rock Slide|p2b: Floette|[spread] p2a,p2b
|-damage|p2a: Sinistcha|5/100
|-damage|p2b: Floette|33/100
|move|p1a: Garchomp|Earthquake|p2b: Floette|[spread] p2a,p2b
|-immune|p1b: Aerodactyl
|-resisted|p2a: Sinistcha|1
|-crit|p2b: Floette
|-damage|p2a: Sinistcha|0 fnt
|-damage|p2b: Floette|0 fnt
|faint|p2a: Sinistcha
|faint|p2b: Floette
|-damage|p1a: Garchomp|60/100|[from] item: Life Orb
|
|win|IngeVGC
||IngeVGC is ready for game 2.
|inactive|figglewiggle has 30 seconds to confirm battle start!
||figglewiggle is ready for game 2.
|uhtml|next|Next: Game 2 of 3
|l|☆figglewiggle
|player|p2|
