|j|☆FALL3N_DWN
|j|☆IronStandsEternal
|html|FALL3N_DWNIronStandsEternal    
|uhtml|bestof|Game 3 of a best-of-3
|t:|1757110841
|gametype|doubles
|player|p1|FALL3N_DWN|carmine-festival|1168
|player|p2|IronStandsEternal|flint|1227
|gen|9
|tier|[Gen 9] VGC 2025 Reg H (Bo3)
|rated|
|rule|Species Clause: Limit one of each Pokémon
|rule|Item Clause: Limit 1 of each item
|clearpoke
|poke|p1|Electabuzz, L50, F|
|poke|p1|Kingambit, L50, M|
|poke|p1|Volcarona, L50, M|
|poke|p1|Dragonite, L50, F|
|poke|p1|Sneasler, L50, F|
|poke|p1|Rillaboom, L50, M|
|poke|p2|Rillaboom, L50, M|
|poke|p2|Dragonite, L50, M|
|poke|p2|Sneasler, L50, M|
|poke|p2|Ninetales-Alola, L50, F|
|poke|p2|Kingambit, L50, M|
|poke|p2|Volcarona, L50, F|
|teampreview|4
|showteam|p1|Electabuzz||Eviolite|VitalSpirit|FollowMe,Thunderbolt,Taunt,Protect|||F|||50|,,,,,Ghost]Kingambit||BlackGlasses|Defiant|KowtowCleave,SuckerPunch,SwordsDance,Protect|||M|||50|,,,,,Dark]Volcarona||Leftovers|FlameBody|HeatWave,TeraBlast,QuiverDance,Protect|||M|||50|,,,,,Fairy]Dragonite||LoadedDice|Multiscale|ScaleShot,ExtremeSpeed,Haze,Protect|||F|||50|,,,,,Fairy]Sneasler||FocusSash|Unburden|DireClaw,CloseCombat,Coaching,FakeOut|||F|||50|,,,,,Stellar]Rillaboom||AssaultVest|GrassySurge|FakeOut,WoodHammer,GrassyGlide,HighHorsepower|||M|||50|,,,,,Fire
|showteam|p2|Rillaboom||AssaultVest|GrassySurge|WoodHammer,GrassyGlide,HighHorsepower,FakeOut|||M|||50|,,,,,Fire]Dragonite||LoadedDice|Multiscale|Protect,ScaleShot,LowKick,Haze|||M|||50|,,,,,Fairy]Sneasler||WhiteHerb|Unburden|Protect,DireClaw,CloseCombat,Coaching|||M|||50|,,,,,Ghost]Ninetales-Alola||ChoiceSpecs|SnowWarning|Blizzard,IcyWind,Moonblast,FreezeDry|||F|||50|,,,,,Ghost]Kingambit||SafetyGoggles|Defiant|Protect,KowtowCleave,SuckerPunch,SwordsDance|||M|||50|,,,,,Dark]Volcarona||CovertCloak|FlameBody|StruggleBug,RagePowder,Overheat,WillOWisp|||F|||50|,,,,,Fairy
|inactive|Battle timer is ON: inactive players will automatically lose when time's up. (requested by IronStandsEternal)
|inactive|IronStandsEternal has 60 seconds left.
|inactive|IronStandsEternal has 30 seconds left.
|
|t:|1757110945
|teamsize|p1|4
|teamsize|p2|4
|start
|switch|p1a: Volcarona|Volcarona, L50, M|100/100
|switch|p1b: Sneasler|Sneasler, L50, F|100/100
|switch|p2a: Dragonite|Dragonite, L50, M|100/100
|switch|p2b: Volcarona|Volcarona, L50, F|100/100
|turn|1
|inactive|IronStandsEternal has 30 seconds left.
|inactive|FALL3N_DWN has 30 seconds left.
|
|t:|1757110980
|move|p2a: Dragonite|Protect|p2a: Dragonite
|-singleturn|p2a: Dragonite|Protect
|move|p1b: Sneasler|Fake Out|p2a: Dragonite
|-activate|p2a: Dragonite|move: Protect
|move|p2b: Volcarona|Will-O-Wisp|p1b: Sneasler
|-status|p1b: Sneasler|brn
|move|p1a: Volcarona|Quiver Dance|p1a: Volcarona
|-boost|p1a: Volcarona|spa|1
|-boost|p1a: Volcarona|spd|1
|-boost|p1a: Volcarona|spe|1
|
|-damage|p1b: Sneasler|95/100 brn|[from] brn
|upkeep
|turn|2
|inactive|FALL3N_DWN has 30 seconds left.
|inactive|IronStandsEternal has 30 seconds left.
|inactive|FALL3N_DWN has 20 seconds left.
|
|t:|1757111015
|-terastallize|p1a: Volcarona|Fairy
|move|p2b: Volcarona|Rage Powder|p2b: Volcarona
|-singleturn|p2b: Volcarona|move: Rage Powder
|move|p1a: Volcarona|Tera Blast|p2b: Volcarona|[anim] Tera Blast Fairy
|-resisted|p2b: Volcarona
|-damage|p2b: Volcarona|77/100
|move|p1b: Sneasler|Dire Claw|p2b: Volcarona
|-damage|p2b: Volcarona|52/100
|move|p2a: Dragonite|Scale Shot|p1b: Sneasler
|-damage|p1b: Sneasler|70/100 brn
|-damage|p1b: Sneasler|46/100 brn
|-damage|p1b: Sneasler|22/100 brn
|-damage|p1b: Sneasler|0 fnt
|faint|p1b: Sneasler
|-hitcount|p1: Sneasler|4
|-unboost|p2a: Dragonite|def|1
|-boost|p2a: Dragonite|spe|1
|
|upkeep
|
|t:|1757111026
|switch|p1b: Rillaboom|Rillaboom, L50, M|100/100
|-fieldstart|move: Grassy Terrain|[from] ability: Grassy Surge|[of] p1b: Rillaboom
|turn|3
|inactive|FALL3N_DWN has 30 seconds left.
|inactive|IronStandsEternal has 30 seconds left.
|inactive|FALL3N_DWN has 20 seconds left.
|
|t:|1757111064
|move|p2a: Dragonite|Protect|p2a: Dragonite
|-singleturn|p2a: Dragonite|Protect
|move|p1b: Rillaboom|Fake Out|p2a: Dragonite
|-activate|p2a: Dragonite|move: Protect
|move|p1a: Volcarona|Heat Wave|p2a: Dragonite|[spread] p2b
|-activate|p2a: Dragonite|move: Protect
|-damage|p2b: Volcarona|5/100
|move|p2b: Volcarona|Struggle Bug|p1a: Volcarona|[spread] p1a,p1b
|-resisted|p1a: Volcarona
|-supereffective|p1b: Rillaboom
|-damage|p1a: Volcarona|96/100
|-damage|p1b: Rillaboom|76/100
|-unboost|p1a: Volcarona|spa|1
|-unboost|p1b: Rillaboom|spa|1
|
|-heal|p1a: Volcarona|100/100|[from] Grassy Terrain
|-heal|p2b: Volcarona|11/100|[from] Grassy Terrain
|-heal|p1b: Rillaboom|82/100|[from] Grassy Terrain
|upkeep
|turn|4
|inactive|FALL3N_DWN has 30 seconds left.
|inactive|IronStandsEternal has 30 seconds left.
|inactive|IronStandsEternal has 20 seconds left.
|inactive|IronStandsEternal has 15 seconds left.
|
|t:|1757111108
|move|p2b: Volcarona|Rage Powder|p2b: Volcarona
|-singleturn|p2b: Volcarona|move: Rage Powder
|move|p1b: Rillaboom|Grassy Glide|p2a: Dragonite
|-resisted|p2a: Dragonite
|-damage|p2a: Dragonite|93/100
|move|p1a: Volcarona|Heat Wave|p2a: Dragonite|[spread] p2a,p2b
|-resisted|p2a: Dragonite
|-damage|p2a: Dragonite|74/100
|-damage|p2b: Volcarona|0 fnt
|faint|p2b: Volcarona
|move|p2a: Dragonite|Scale Shot|p1b: Rillaboom
|-damage|p1b: Rillaboom|68/100
|-damage|p1b: Rillaboom|55/100
|-damage|p1b: Rillaboom|40/100
|-damage|p1b: Rillaboom|25/100
|-hitcount|p1b: Rillaboom|4
|-unboost|p2a: Dragonite|def|1
|-boost|p2a: Dragonite|spe|1
|
|-heal|p1b: Rillaboom|31/100|[from] Grassy Terrain
|upkeep
|inactive|IronStandsEternal has 30 seconds left.
|
|t:|1757111142
|switch|p2b: Ninetales|Ninetales-Alola, L50, F|100/100
|-weather|Snowscape|[from] ability: Snow Warning|[of] p2b: Ninetales
|turn|5
|inactive|FALL3N_DWN has 30 seconds left.
|inactive|IronStandsEternal has 30 seconds left.
|
|t:|1757111175
|-terastallize|p2b: Ninetales|Ghost
|move|p1b: Rillaboom|Grassy Glide|p2b: Ninetales
|-damage|p2b: Ninetales|41/100
|move|p2a: Dragonite|Haze|p2a: Dragonite
|-clearallboost
|move|p2b: Ninetales|Blizzard|p1a: Volcarona|[spread] p1a,p1b
|-supereffective|p1b: Rillaboom
|-damage|p1a: Volcarona|61/100
|-damage|p1b: Rillaboom|0 fnt
|faint|p1b: Rillaboom
|move|p1a: Volcarona|Heat Wave|p2b: Ninetales|[spread] p2a,p2b
|-resisted|p2a: Dragonite
|-damage|p2a: Dragonite|56/100
|-damage|p2b: Ninetales|0 fnt
|faint|p2b: Ninetales
|
|-weather|Snowscape|[upkeep]
|-heal|p1a: Volcarona|68/100|[from] Grassy Terrain
|-heal|p1a: Volcarona|74/100|[from] item: Leftovers
|upkeep
|
|t:|1757111192
|switch|p2b: Sneasler|Sneasler, L50, M|100/100
|switch|p1b: Electabuzz|Electabuzz, L50, F|100/100
|turn|6
|inactive|FALL3N_DWN has 30 seconds left.
|inactive|IronStandsEternal has 30 seconds left.
|inactive|FALL3N_DWN has 20 seconds left.
|inactive|IronStandsEternal has 20 seconds left.
|inactive|FALL3N_DWN has 15 seconds left.
|inactive|IronStandsEternal has 15 seconds left.
|inactive|FALL3N_DWN has 10 seconds left.
|inactive|IronStandsEternal has 10 seconds left.
|
|t:|1757111238
|move|p1a: Volcarona|Protect|p1a: Volcarona
|-singleturn|p1a: Volcarona|Protect
|move|p2b: Sneasler|Dire Claw|p1a: Volcarona
|-activate|p1a: Volcarona|move: Protect
|move|p1b: Electabuzz|Thunderbolt|p2b: Sneasler
|-damage|p2b: Sneasler|60/100
|move|p2a: Dragonite|Scale Shot|p1b: Electabuzz
|-damage|p1b: Electabuzz|88/100
|-damage|p1b: Electabuzz|77/100
|-damage|p1b: Electabuzz|66/100
|-damage|p1b: Electabuzz|54/100
|-hitcount|p1b: Electabuzz|4
|-unboost|p2a: Dragonite|def|1
|-boost|p2a: Dragonite|spe|1
|
|-weather|Snowscape|[upkeep]
|-heal|p2b: Sneasler|66/100|[from] Grassy Terrain
|-heal|p1a: Volcarona|80/100|[from] Grassy Terrain
|-heal|p1a: Volcarona|86/100|[from] item: Leftovers
|-heal|p1b: Electabuzz|60/100|[from] Grassy Terrain
|upkeep
|turn|7
|inactive|FALL3N_DWN has 30 seconds left.
|
|t:|1757111268
|move|p1b: Electabuzz|Follow Me|p1b: Electabuzz
|-singleturn|p1b: Electabuzz|move: Follow Me
|move|p2a: Dragonite|Scale Shot|p1b: Electabuzz
|-damage|p1b: Electabuzz|49/100
|-damage|p1b: Electabuzz|38/100
|-damage|p1b: Electabuzz|25/100
|-damage|p1b: Electabuzz|13/100
|-damage|p1b: Electabuzz|2/100
|-hitcount|p1b: Electabuzz|5
|-unboost|p2a: Dragonite|def|1
|-boost|p2a: Dragonite|spe|1
|move|p2b: Sneasler|Dire Claw|p1b: Electabuzz
|-damage|p1b: Electabuzz|0 fnt
|faint|p1b: Electabuzz
|move|p1a: Volcarona|Quiver Dance|p1a: Volcarona
|-boost|p1a: Volcarona|spa|1
|-boost|p1a: Volcarona|spd|1
|-boost|p1a: Volcarona|spe|1
|
|-weather|Snowscape|[upkeep]
|-heal|p1a: Volcarona|93/100|[from] Grassy Terrain
|-heal|p1a: Volcarona|99/100|[from] item: Leftovers
|-heal|p2b: Sneasler|72/100|[from] Grassy Terrain
|-fieldend|move: Grassy Terrain
|upkeep
|turn|8
|inactive|FALL3N_DWN has 30 seconds left.
|
|t:|1757111294
|move|p2a: Dragonite|Haze|p2a: Dragonite
|-clearallboost
|move|p2b: Sneasler|Dire Claw|p1a: Volcarona
|-supereffective|p1a: Volcarona
|-damage|p1a: Volcarona|15/100
|move|p1a: Volcarona|Tera Blast|p2b: Sneasler|[anim] Tera Blast Fairy
|-damage|p2b: Sneasler|18/100
|
|-weather|Snowscape|[upkeep]
|-heal|p1a: Volcarona|21/100|[from] item: Leftovers
|upkeep
|turn|9
|
|t:|1757111319
|move|p1a: Volcarona|Protect|p1a: Volcarona
|-singleturn|p1a: Volcarona|Protect
|move|p2b: Sneasler|Dire Claw|p1a: Volcarona
|-activate|p1a: Volcarona|move: Protect
|move|p2a: Dragonite|Low Kick|p1a: Volcarona
|-activate|p1a: Volcarona|move: Protect
|
|-weather|none
|-heal|p1a: Volcarona|27/100|[from] item: Leftovers
|upkeep
|turn|10
|
|t:|1757111328
|move|p2b: Sneasler|Dire Claw|p1a: Volcarona
|-supereffective|p1a: Volcarona
|-damage|p1a: Volcarona|0 fnt
|faint|p1a: Volcarona
|
|win|IronStandsEternal
|raw|FALL3N_DWN's rating: 1168 → 1147(-21 for losing)
|raw|IronStandsEternal's rating: 1227 → 1248(+21 for winning)
|l|☆IronStandsEternal
|player|p2|
