|j|☆MRalby_VGC
|j|☆Lightoz IV
|html|MRalby_VGCLightoz IV    
|uhtml|bestof|Game 1 of a best-of-3
|t:|1784654811
|gametype|doubles
|player|p1|MRalby_VGC|n|1442
|player|p2|Lightoz IV|blue-gen2|1516
|gen|9
|tier|[Gen 9 Champions] VGC 2026 Reg M-B (Bo3)
|rated|
|rule|Species Clause: Limit one of each Pokémon
|rule|Item Clause: Limit 1 of each item
|clearpoke
|poke|p1|Froslass, L50, F|
|poke|p1|Basculegion, L50, M|
|poke|p1|Kingambit, L50, F|
|poke|p1|Sneasler, L50, M|
|poke|p1|Lycanroc-Dusk, L50, M|
|poke|p1|Scovillain, L50, M, shiny|
|poke|p2|Raichu, L50, F|
|poke|p2|Kingambit, L50, M, shiny|
|poke|p2|Basculegion, L50, M|
|poke|p2|Aerodactyl, L50, M|
|poke|p2|Farigiraf, L50, F|
|poke|p2|Sylveon, L50, F, shiny|
|teampreview|4
|showteam|p1|Froslass||Froslassite|CursedBody|Blizzard,ShadowBall,AuroraVeil,Protect|Timid||F|||50|]Basculegion||SitrusBerry|Adaptability|WaveCrash,LastRespects,AquaJet,Protect|Adamant||M|||50|]Kingambit||LifeOrb|Defiant|KowtowCleave,SuckerPunch,SwordsDance,Protect|Adamant||F|||50|]Sneasler||WhiteHerb|Unburden|CloseCombat,GunkShot,Protect,FakeOut|Adamant||M|||50|]Lycanroc-Dusk||FocusSash|ToughClaws|CloseCombat,Accelerock,RockSlide,Protect|Adamant||M|||50|]Scovillain||Scovillainite|Moody|GigaDrain,Overheat,RagePowder,Protect|Bold||M|||50|
|showteam|p2|Raichu||RaichuniteY|LightningRod|ZapCannon,FocusBlast,FakeOut,Protect|Timid||F|||50|]Kingambit||FocusSash|Defiant|KowtowCleave,SuckerPunch,IronHead,LowKick|Adamant||M|||50|]Basculegion||MysticWater|Adaptability|LastRespects,WaveCrash,AquaJet,Protect|Adamant||M|||50|]Aerodactyl||Aerodactylite|Unnerve|RockSlide,DualWingbeat,Tailwind,IceFang|Jolly||M|||50|]Farigiraf||SitrusBerry|ArmorTail|Psychic,Thunderbolt,TrickRoom,Protect|Bold||F|||50|]Sylveon||FairyFeather|Pixilate|HyperVoice,HyperBeam,QuickAttack,Detect|Modest||F|||50|
|inactive|Battle timer is ON: inactive players will automatically lose when time's up. (requested by MRalby_VGC)
|
|t:|1784654839
|teamsize|p1|4
|teamsize|p2|4
|start
|switch|p1a: Scovillain|Scovillain, L50, M, shiny|100/100
|switch|p1b: Basculegion|Basculegion, L50, M|100/100
|switch|p2a: Raichu|Raichu, L50, F|100/100
|switch|p2b: Sylveon|Sylveon, L50, F, shiny|100/100
|turn|1
|
|t:|1784654863
|detailschange|p1a: Scovillain|Scovillain-Mega, L50, M, shiny
|-mega|p1a: Scovillain|Scovillain|Scovillainite
|move|p2a: Raichu|Protect|p2a: Raichu
|-singleturn|p2a: Raichu|Protect
|move|p1a: Scovillain|Rage Powder|p1a: Scovillain
|-singleturn|p1a: Scovillain|move: Rage Powder
|move|p1b: Basculegion|Wave Crash|p2a: Raichu
|-activate|p2a: Raichu|move: Protect
|move|p2b: Sylveon|Hyper Voice|p1a: Scovillain|[spread] p1a,p1b
|-resisted|p1a: Scovillain|1
|-damage|p1a: Scovillain|77/100
|-damage|p1b: Basculegion|57/100
|-status|p2b: Sylveon|brn|[from] ability: Spicy Spray|[of] p1a: Scovillain
|
|-damage|p2b: Sylveon|93/100 brn|[from] brn
|upkeep
|turn|2
|
|t:|1784654888
|detailschange|p2a: Raichu|Raichu-Mega-Y, L50, F
|-mega|p2a: Raichu|Raichu|Raichunite Y
|move|p1b: Basculegion|Protect|p1b: Basculegion
|-singleturn|p1b: Basculegion|Protect
|move|p2a: Raichu|Focus Blast|p1a: Scovillain
|-damage|p1a: Scovillain|35/100
|-status|p2a: Raichu|brn|[from] ability: Spicy Spray|[of] p1a: Scovillain
|move|p1a: Scovillain|Giga Drain|p2a: Raichu
|-damage|p2a: Raichu|52/100 brn
|-heal|p1a: Scovillain|58/100|[from] drain|[of] p2a: Raichu
|move|p2b: Sylveon|Hyper Voice|p1b: Basculegion|[spread] p1a
|-activate|p1b: Basculegion|move: Protect
|-resisted|p1a: Scovillain|1
|-damage|p1a: Scovillain|35/100
|
|-damage|p2a: Raichu|46/100 brn|[from] brn
|-damage|p2b: Sylveon|87/100 brn|[from] brn
|upkeep
|turn|3
|
|t:|1784654903
|move|p1b: Basculegion|Aqua Jet|p2a: Raichu
|-damage|p2a: Raichu|7/100 brn
|move|p2a: Raichu|Zap Cannon|p1b: Basculegion
|-supereffective|p1b: Basculegion|1
|-damage|p1b: Basculegion|0 fnt
|faint|p1b: Basculegion
|move|p1a: Scovillain|Giga Drain|p2b: Sylveon
|-damage|p2b: Sylveon|62/100 brn
|-heal|p1a: Scovillain|48/100|[from] drain|[of] p2b: Sylveon
|move|p2b: Sylveon|Hyper Voice|p1a: Scovillain
|-resisted|p1a: Scovillain|1
|-damage|p1a: Scovillain|17/100
|
|-damage|p2a: Raichu|1/100 brn|[from] brn
|-damage|p2b: Sylveon|56/100 brn|[from] brn
|upkeep
|
|t:|1784654911
|switch|p1b: Sneasler|Sneasler, L50, M|100/100
|turn|4
|
|t:|1784654924
|move|p1a: Scovillain|Rage Powder|p1a: Scovillain
|-singleturn|p1a: Scovillain|move: Rage Powder
|move|p2a: Raichu|Zap Cannon|p1a: Scovillain
|-resisted|p1a: Scovillain|1
|-damage|p1a: Scovillain|0 fnt
|faint|p1a: Scovillain
|move|p1b: Sneasler|Gunk Shot|p2b: Sylveon|[miss]
|-miss|p1b: Sneasler|p2b: Sylveon
|move|p2b: Sylveon|Hyper Voice|p1b: Sneasler
|-damage|p1b: Sneasler|27/100
|
|-damage|p2a: Raichu|0 fnt|[from] brn
|faint|p2a: Raichu
|-damage|p2b: Sylveon|50/100g brn|[from] brn
|upkeep
|
|t:|1784654932
|switch|p2a: Basculegion|Basculegion, L50, M|100/100
|switch|p1a: Kingambit|Kingambit, L50, F|100/100
|turn|5
|
|t:|1784654949
|move|p1b: Sneasler|Protect|p1b: Sneasler
|-singleturn|p1b: Sneasler|Protect
|move|p2a: Basculegion|Aqua Jet|p1b: Sneasler
|-activate|p1b: Sneasler|move: Protect
|move|p2b: Sylveon|Hyper Beam|p1a: Kingambit
|-damage|p1a: Kingambit|0 fnt
|-mustrecharge|p2b: Sylveon
|faint|p1a: Kingambit
|
|-damage|p2b: Sylveon|44/100 brn|[from] brn
|upkeep
|turn|6
|-message|MRalby_VGC forfeited.
|
|win|Lightoz IV
||MRalby_VGC is ready for game 2.
||Lightoz IV is ready for game 2.
|uhtml|next|Next: Game 2 of 3
