|j|☆azuredreamer vg
|j|☆IceFlames
|html|azuredreamer vgIceFlames    
|uhtml|bestof|Game 2 of a best-of-3
|t:|1756636100
|gametype|doubles
|player|p1|azuredreamer vg|1|1266
|player|p2|IceFlames|blackbelt-gen1|1103
|gen|9
|tier|[Gen 9] VGC 2025 Reg H (Bo3)
|rated|
|rule|Species Clause: Limit one of each Pokémon
|rule|Item Clause: Limit 1 of each item
|clearpoke
|poke|p1|Annihilape, L50, M|
|poke|p1|Archaludon, L50, F|
|poke|p1|Whimsicott, L50, M|
|poke|p1|Pelipper, L50, F|
|poke|p1|Indeedee, L50, M|
|poke|p1|Sneasler, L50, F|
|poke|p2|Poliwrath, L50, M|
|poke|p2|Gholdengo, L50|
|poke|p2|Archaludon, L50, F|
|poke|p2|Pelipper, L50, F|
|poke|p2|Amoonguss, L50, M|
|poke|p2|Incineroar, L50, F|
|teampreview|4
|showteam|p1|Annihilape||ChoiceScarf|Defiant|FinalGambit,RageFist,Uturn,CloseCombat|||M|||50|,,,,,Grass]Archaludon||AssaultVest|Stamina|BodyPress,FlashCannon,ElectroShot,DracoMeteor|||F|||50|,,,,,Water]Whimsicott||CovertCloak|Prankster|Moonblast,BeatUp,Tailwind,Taunt|||M|||50|,,,,,Ghost]Pelipper||SafetyGoggles|Drizzle|WeatherBall,Hurricane,Tailwind,Protect|||F|||50|,,,,,Ground]Indeedee||FocusSash|PsychicSurge|ExpandingForce,TeraBlast,TrickRoom,Protect|||M|||50|,,,,,Fairy]Sneasler||PsychicSeed|Unburden|DireClaw,ThroatChop,CloseCombat,Protect|||F|||50|,,,,,Dark
|showteam|p2|Poliwrath||LifeOrb|SwiftSwim|CloseCombat,Liquidation,Haze,Protect|||M|||50|,,,,,Stellar]Gholdengo||Leftovers|GoodasGold|MakeItRain,ShadowBall,NastyPlot,Protect||||||50|,,,,,Water]Archaludon||AssaultVest|Stamina|ElectroShot,BodyPress,FlashCannon,DragonPulse|||F|||50|,,,,,Bug]Pelipper||FocusSash|Drizzle|Hurricane,WeatherBall,Tailwind,Protect|||F|||50|,,,,,Ground]Amoonguss||CovertCloak|Regenerator|Spore,PollenPuff,RagePowder,Protect|||M|||50|,,,,,Fire]Incineroar||SafetyGoggles|Intimidate|FakeOut,KnockOff,Taunt,PartingShot|||F|||50|,,,,,Ghost
|inactive|Battle timer is ON: inactive players will automatically lose when time's up. (requested by azuredreamer vg)
|inactive|azuredreamer vg has 60 seconds left.
|
|t:|1756636140
|teamsize|p1|4
|teamsize|p2|4
|start
|switch|p1a: Indeedee|Indeedee, L50, M|100/100
|switch|p1b: Sneasler|Sneasler, L50, F, shiny|100/100
|switch|p2a: Pelipper|Pelipper, L50, F|100/100
|switch|p2b: Poliwrath|Poliwrath, L50, M, shiny|100/100
|-fieldstart|move: Psychic Terrain|[from] ability: Psychic Surge|[of] p1a: Indeedee
|-enditem|p1b: Sneasler|Psychic Seed
|-boost|p1b: Sneasler|spd|1|[from] item: Psychic Seed
|-weather|RainDance|[from] ability: Drizzle|[of] p2a: Pelipper
|turn|1
|inactive|azuredreamer vg has 30 seconds left.
|
|t:|1756636170
|-terastallize|p1b: Sneasler|Dark
|move|p2b: Poliwrath|Protect|p2b: Poliwrath
|-singleturn|p2b: Poliwrath|Protect
|move|p1b: Sneasler|Dire Claw|p2a: Pelipper
|-crit|p2a: Pelipper
|-damage|p2a: Pelipper|11/100
|-status|p2a: Pelipper|slp
|move|p1a: Indeedee|Expanding Force|p2b: Poliwrath|[spread] p2a
|-activate|p2b: Poliwrath|move: Protect
|-damage|p2a: Pelipper|0 fnt
|faint|p2a: Pelipper
|
|-weather|RainDance|[upkeep]
|upkeep
|
|t:|1756636179
|switch|p2a: Archaludon|Archaludon, L50, F|100/100
|turn|2
|
|t:|1756636186
|-terastallize|p2a: Archaludon|Bug
|move|p1b: Sneasler|Dire Claw|p2b: Poliwrath
|-damage|p2b: Poliwrath|50/100
|-status|p2b: Poliwrath|par
|move|p1a: Indeedee|Expanding Force|p2a: Archaludon|[spread] p2a,p2b
|-supereffective|p2b: Poliwrath
|-damage|p2a: Archaludon|66/100
|-damage|p2b: Poliwrath|0 fnt
|-ability|p2a: Archaludon|Stamina|boost
|-boost|p2a: Archaludon|def|1
|faint|p2b: Poliwrath
|move|p2a: Archaludon|Electro Shot||[still]
|-prepare|p2a: Archaludon|Electro Shot
|-boost|p2a: Archaludon|spa|1
|-anim|p2a: Archaludon|Electro Shot|p1a: Indeedee
|-damage|p1a: Indeedee|14/100
|
|-weather|RainDance|[upkeep]
|upkeep
|
|t:|1756636193
|switch|p2b: Amoonguss|Amoonguss, L50, M|100/100
|turn|3
|c|☆IceFlames|…
|
|t:|1756636208
|move|p2b: Amoonguss|Protect|p2b: Amoonguss
|-singleturn|p2b: Amoonguss|Protect
|move|p1b: Sneasler|Dire Claw|p2a: Archaludon
|-damage|p2a: Archaludon|40/100
|-ability|p2a: Archaludon|Stamina|boost
|-boost|p2a: Archaludon|def|1
|move|p1a: Indeedee|Expanding Force|p2a: Archaludon|[spread] p2a
|-activate|p2b: Amoonguss|move: Protect
|-damage|p2a: Archaludon|4/100
|-ability|p2a: Archaludon|Stamina|boost
|-boost|p2a: Archaludon|def|1
|move|p2a: Archaludon|Electro Shot||[still]
|-prepare|p2a: Archaludon|Electro Shot
|-boost|p2a: Archaludon|spa|1
|-anim|p2a: Archaludon|Electro Shot|p1a: Indeedee
|-damage|p1a: Indeedee|0 fnt
|faint|p1a: Indeedee
|
|-weather|RainDance|[upkeep]
|upkeep
|
|t:|1756636214
|switch|p1a: Whimsicott|Whimsicott, L50, M|100/100
|turn|4
|
|t:|1756636224
|move|p2b: Amoonguss|Rage Powder|p2b: Amoonguss
|-singleturn|p2b: Amoonguss|move: Rage Powder
|move|p1b: Sneasler|Dire Claw|p2b: Amoonguss
|-crit|p2b: Amoonguss
|-damage|p2b: Amoonguss|39/100
|move|p1a: Whimsicott|Moonblast|p2a: Archaludon
|-damage|p2a: Archaludon|0 fnt
|faint|p2a: Archaludon
|
|-weather|RainDance|[upkeep]
|upkeep
|turn|5
|-message|IceFlames forfeited.
|
|win|azuredreamer vg
|raw|azuredreamer vg's rating: 1266 → 1280(+14 for winning)
|raw|IceFlames's rating: 1103 → 1089(-14 for losing)
|c|☆azuredreamer vg|i got alot of calls right]
|c|☆azuredreamer vg|game couldve went either way
|c|☆azuredreamer vg|if i didnt guess the turn 1s correctly
