|j|☆damian.200
|j|☆777pepe777
|html|damian.200777pepe777    
|uhtml|bestof|Game 1 of a best-of-3
|t:|1783377304
|gametype|doubles
|player|p1|damian.200|1|
|player|p2|777pepe777|acetrainer-gen4dp|
|gen|9
|tier|[Gen 9 Champions] VGC 2026 Reg M-B (Bo3)
|rule|Species Clause: Limit one of each Pokémon
|rule|Item Clause: Limit 1 of each item
|clearpoke
|poke|p1|Pyroar, L50, F|
|poke|p1|Ninetales, L50, F|
|poke|p1|Whimsicott, L50, F|
|poke|p1|Farigiraf, L50, F|
|poke|p1|Basculegion, L50, M|
|poke|p1|Floette-Eternal, L50, F|
|poke|p2|Floette-Eternal, L50, F|
|poke|p2|Charizard, L50, F|
|poke|p2|Kingambit, L50, M|
|poke|p2|Whimsicott, L50, M|
|poke|p2|Basculegion, L50, M|
|poke|p2|Garchomp, L50, F|
|teampreview|4
|showteam|p1|Pyroar||Pyroarite|Unnerve|Overheat,SolarBeam,HeatWave,Protect|Timid||F|||50|]Ninetales||ChoiceScarf|Drought|HeatWave,Overheat,SolarBeam,FakeTears|Timid||F|||50|]Whimsicott||FocusSash|Prankster|Tailwind,SunnyDay,Protect,Moonblast|Timid||F|||50|]Farigiraf||SitrusBerry|ArmorTail|HelpingHand,TwinBeam,Thunderbolt,TrickRoom|Bold||F|||50|]Basculegion||LifeOrb|Adaptability|WaveCrash,AquaJet,LastRespects,Protect|Adamant||M|||50|]Floette-Eternal||Floettite|FlowerVeil|DazzlingGleam,Moonblast,LightofRuin,Protect|Modest||F|||50|
|showteam|p2|Floette-Eternal||Floettite|FlowerVeil|LightofRuin,Moonblast,DazzlingGleam,Protect|Timid||F|||50|]Charizard||CharizarditeY|Blaze|SolarBeam,HeatWave,WeatherBall,Protect|Timid||F|||50|]Kingambit||BlackGlasses|Defiant|IronHead,Protect,KowtowCleave,SuckerPunch|Adamant||M|||50|]Whimsicott||FocusSash|Prankster|Moonblast,Tailwind,Encore,Protect|Bold||M|||50|]Basculegion||MysticWater|Adaptability|WaveCrash,Protect,LastRespects,AquaJet|Adamant||M|||50|]Garchomp||LifeOrb|RoughSkin|Earthquake,RockSlide,Protect,DragonClaw|Jolly||F|||50|
|c|☆damian.200|Manda el link
|j| frangorem
|l| frangorem
|c|☆777pepe777|sisi ya lo mandé
|j| Psyxzz4
|c|☆damian.200|Suerte
|c|☆777pepe777|igualmente amigo
|j| flavitoes
|
|t:|1783377503
|teamsize|p1|4
|teamsize|p2|4
|start
|switch|p1a: Whimsicott|Whimsicott, L50, F|100/100
|switch|p1b: Basculegion|Basculegion, L50, M|100/100
|switch|p2a: Garchomp|Garchomp, L50, F|100/100
|switch|p2b: Charizard|Charizard, L50, F|100/100
|turn|1
|j| doyouneedmyname
|l| doyouneedmyname
|
|t:|1783377628
|detailschange|p2b: Charizard|Charizard-Mega-Y, L50, F
|-mega|p2b: Charizard|Charizard|Charizardite Y
|-weather|SunnyDay|[from] ability: Drought|[of] p2b: Charizard
|move|p2b: Charizard|Protect|p2b: Charizard
|-singleturn|p2b: Charizard|Protect
|move|p1a: Whimsicott|Tailwind|p1a: Whimsicott
|-sidestart|p1: damian.200|move: Tailwind
|move|p1b: Basculegion|Wave Crash|p2b: Charizard
|-activate|p2b: Charizard|move: Protect
|move|p2a: Garchomp|Dragon Claw|p1b: Basculegion
|-damage|p1b: Basculegion|36/100
|-damage|p2a: Garchomp|90/100|[from] item: Life Orb
|
|-weather|SunnyDay|[upkeep]
|upkeep
|turn|2
|
|t:|1783377692
|switch|p2b: Whimsicott|Whimsicott, L50, M|100/100
|move|p2a: Garchomp|Protect|p2a: Garchomp
|-singleturn|p2a: Garchomp|Protect
|move|p1a: Whimsicott|Moonblast|p2a: Garchomp
|-activate|p2a: Garchomp|move: Protect
|move|p1b: Basculegion|Wave Crash|p2b: Whimsicott
|-resisted|p2b: Whimsicott|1
|-damage|p2b: Whimsicott|80/100
|-damage|p1b: Basculegion|31/100|[from] Recoil
|-damage|p1b: Basculegion|22/100|[from] item: Life Orb
|
|-weather|SunnyDay|[upkeep]
|upkeep
|turn|3
|j| doyouneedmyname
|l| doyouneedmyname
|
|t:|1783377748
|switch|p1b: Ninetales|Ninetales, L50, F|100/100
|move|p2b: Whimsicott|Tailwind|p2b: Whimsicott
|-sidestart|p2: 777pepe777|move: Tailwind
|move|p1a: Whimsicott|Moonblast|p2a: Garchomp
|-supereffective|p2a: Garchomp|1
|-damage|p2a: Garchomp|12/100
|move|p2a: Garchomp|Rock Slide|p1b: Ninetales|[spread] p1a,p1b
|-supereffective|p1b: Ninetales|1
|-damage|p1a: Whimsicott|58/100
|-damage|p1b: Ninetales|14/100
|-damage|p2a: Garchomp|2/100|[from] item: Life Orb
|
|-weather|SunnyDay|[upkeep]
|upkeep
|turn|4
|
|t:|1783377818
|switch|p1a: Pyroar|Pyroar, L50, F|100/100
|-ability|p1a: Pyroar|Unnerve
|switch|p2b: Charizard|Charizard-Mega-Y, L50, F|100/100
|move|p2a: Garchomp|Protect|p2a: Garchomp
|-singleturn|p2a: Garchomp|Protect
|move|p1b: Ninetales|Heat Wave|p2a: Garchomp|[spread] p2b
|-activate|p2a: Garchomp|move: Protect
|-resisted|p2b: Charizard|1
|-damage|p2b: Charizard|80/100
|
|-weather|SunnyDay|[upkeep]
|-sideend|p1: damian.200|move: Tailwind
|upkeep
|turn|5
|
|t:|1783377926
|detailschange|p1a: Pyroar|Pyroar-Mega, L50, F
|-mega|p1a: Pyroar|Pyroar|Pyroarite
|move|p1a: Pyroar|Protect|p1a: Pyroar
|-singleturn|p1a: Pyroar|Protect
|move|p2a: Garchomp|Earthquake|p1a: Pyroar|[spread] p1b
|-activate|p1a: Pyroar|move: Protect
|-immune|p2b: Charizard
|-supereffective|p1b: Ninetales|1
|-damage|p1b: Ninetales|0 fnt
|faint|p1b: Ninetales
|-damage|p2a: Garchomp|0 fnt|[from] item: Life Orb
|faint|p2a: Garchomp
|move|p2b: Charizard|Heat Wave|p1a: Pyroar
|-activate|p1a: Pyroar|move: Protect
|
|-weather|none
|upkeep
|
|t:|1783377940
|switch|p2a: Basculegion|Basculegion, L50, M|100/100
|switch|p1b: Whimsicott|Whimsicott, L50, F|58/100
|turn|6
|j| frangorem
|
|t:|1783378016
|switch|p1a: Basculegion|Basculegion, L50, M|22/100
|move|p1b: Whimsicott|Protect|p1b: Whimsicott
|-singleturn|p1b: Whimsicott|Protect
|move|p2b: Charizard|Heat Wave|p1a: Basculegion|[spread] p1a
|-activate|p1b: Whimsicott|move: Protect
|-resisted|p1a: Basculegion|1
|-damage|p1a: Basculegion|3/100
|move|p2a: Basculegion|Wave Crash|p1a: Basculegion
|-resisted|p1a: Basculegion|1
|-damage|p1a: Basculegion|0 fnt
|faint|p1a: Basculegion
|-damage|p2a: Basculegion|99/100|[from] Recoil
|
|-sideend|p2: 777pepe777|move: Tailwind
|upkeep
|
|t:|1783378028
|switch|p1a: Pyroar|Pyroar-Mega, L50, F|100/100
|turn|7
|
|t:|1783378075
|switch|p2b: Whimsicott|Whimsicott, L50, M|80/100
|move|p1a: Pyroar|Protect|p1a: Pyroar
|-singleturn|p1a: Pyroar|Protect
|move|p2a: Basculegion|Protect|p2a: Basculegion
|-singleturn|p2a: Basculegion|Protect
|move|p1b: Whimsicott|Tailwind|p1b: Whimsicott
|-sidestart|p1: damian.200|move: Tailwind
|
|upkeep
|turn|8
|
|t:|1783378110
|move|p1b: Whimsicott|Sunny Day|p1b: Whimsicott
|-weather|SunnyDay
|move|p2b: Whimsicott|Encore|p1a: Pyroar
|-start|p1a: Pyroar|Encore
|move|p1a: Pyroar|Protect||[still]
|-fail|p1a: Pyroar
|move|p2a: Basculegion|Wave Crash|p1a: Pyroar
|-supereffective|p1a: Pyroar|1
|-damage|p1a: Pyroar|0 fnt
|faint|p1a: Pyroar
|-damage|p2a: Basculegion|73/100|[from] Recoil
|
|-weather|SunnyDay|[upkeep]
|upkeep
|turn|9
|
|t:|1783378124
|move|p2b: Whimsicott|Encore|p1b: Whimsicott
|-start|p1b: Whimsicott|Encore
|move|p1b: Whimsicott|Sunny Day||[still]
|-fail|p1b: Whimsicott
|move|p2a: Basculegion|Last Respects|p1b: Whimsicott
|-damage|p1b: Whimsicott|0 fnt
|faint|p1b: Whimsicott
|
|win|777pepe777
||777pepe777 is ready for game 2.
||damian.200 is ready for game 2.
|uhtml|next|Next: Game 2 of 3
|l| frangorem
|j| pain2007
|j| doyouneedmyname
|l| doyouneedmyname
|l| pain2007
|l| flavitoes
