|j|☆DragoMX
|j|☆Moonz605
|html|DragoMXMoonz605    
|uhtml|bestof|Game 1 of a best-of-3
|t:|1785888511
|gametype|doubles
|player|p1|DragoMX|brock|
|player|p2|Moonz605|roxie|
|gen|9
|tier|[Gen 9 Champions] VGC 2026 Reg M-B (Bo3)
|rule|Species Clause: Limit one of each Pokémon
|rule|Item Clause: Limit 1 of each item
|clearpoke
|poke|p1|Staraptor, L50, M|
|poke|p1|Whimsicott, L50, M|
|poke|p1|Gallade, L50, M|
|poke|p1|Chandelure, L50, F|
|poke|p1|Slowbro, L50, M|
|poke|p1|Mimikyu, L50, F|
|poke|p2|Overqwil, L50, F|
|poke|p2|Dragalge, L50, F|
|poke|p2|Sneasler, L50, M, shiny|
|poke|p2|Clefable, L50, M|
|poke|p2|Lycanroc, L50, M|
|poke|p2|Golurk, L50|
|teampreview|4
|showteam|p1|Staraptor||Staraptite|Intimidate|CloseCombat,BraveBird,Protect,Tailwind|Jolly||M|||50|]Whimsicott||FocusSash|Prankster|Tailwind,SunnyDay,Charm,Protect|Timid||M|||50|]Gallade||ExpertBelt|Steadfast|PsychoCut,SacredSword,Protect,Taunt|Serious||M|||50|]Chandelure||Chandelurite|FlameBody|TrickRoom,Protect,ShadowBall,EnergyBall|Modest||F|||50|]Slowbro||Slowbronite|Regenerator|BodyPress,TrickRoom,PsychicNoise,SlackOff|Sassy||M|||50|]Mimikyu||ChoiceScarf|Disguise|ShadowClaw,DestinyBond,Curse,Trick|Jolly||F|||50|
|showteam|p2|Overqwil||ShucaBerry|Intimidate|BarbBarrage,Protect,Crunch,DestinyBond|Impish||F|||50|]Dragalge||Dragalgite|PoisonPoint|DracoMeteor,SludgeBomb,Scald,Protect|Bold||F|||50|]Sneasler||FocusSash|Unburden|Acrobatics,DireClaw,FakeOut,Protect|Jolly||M|||50|]Clefable||Leftovers|Unaware|Encore,Moonblast,FollowMe,Moonlight|Modest||M|||50|]Lycanroc||LifeOrb|Steadfast|FireFang,Protect,StoneEdge,PsychicFangs|Jolly||M|||50|]Golurk||KasibBerry|IronFist|IcePunch,HeadlongRush,Poltergeist,Protect|Careful|||||50|
|j| Tbigongue
|j| arlothegoose
|j| 2mero
|l| arlothegoose
|j| arlothegoose
|c| arlothegoose|mfeimifmeimme
|c| arlothegoose|nfeiifeniefniefnifein
|c| arlothegoose|fneinifenifeninifniefnife]
|c| arlothegoose|dnaniwainindndwandniwa
|c| arlothegoose|a
|c| arlothegoose|a
|c| arlothegoose|a
|c| arlothegoose|a
|c| arlothegoose|a
|c| arlothegoose|a
|c| arlothegoose|a
|c| arlothegoose|a
|c| arlothegoose|a
|c| arlothegoose|a
|c| arlothegoose|a
|c| arlothegoose|a
|c| arlothegoose|a
|c| 2mero|ws
|c| arlothegoose|a
|c| 2mero|s
|c| arlothegoose|a
|c| 2mero|s
|c| arlothegoose|a
|c| 2mero|as
|c| arlothegoose|a
|c| 2mero|s
|c| arlothegoose|a
|c| 2mero|s
|c| arlothegoose|a
|c| 2mero|s
|c| arlothegoose|a
|c| 2mero|s
|c| arlothegoose|a
|c| 2mero|s
|c| arlothegoose|a
|c| 2mero|s
|c| arlothegoose|a
|c| 2mero|s
|c| arlothegoose|a
|c| 2mero|s
|c| arlothegoose|a
|c| 2mero|s
|c| arlothegoose|a
|c| 2mero|s
|c| 2mero|s
|c| 2mero|s
|
|t:|1785888641
|teamsize|p1|4
|teamsize|p2|4
|start
|switch|p1a: Chandelure|Chandelure, L50, F|100/100
|switch|p1b: Whimsicott|Whimsicott, L50, M|100/100
|switch|p2a: Dragalge|Dragalge, L50, F|100/100
|switch|p2b: Clefable|Clefable, L50, M|100/100
|turn|1
|
|t:|1785888660
|detailschange|p2a: Dragalge|Dragalge-Mega, L50, F
|-mega|p2a: Dragalge|Dragalge|Dragalgite
|move|p2b: Clefable|Follow Me|p2b: Clefable
|-singleturn|p2b: Clefable|move: Follow Me
|move|p1b: Whimsicott|Sunny Day|p1b: Whimsicott
|-weather|SunnyDay
|move|p2a: Dragalge|Scald|p1a: Chandelure
|-supereffective|p1a: Chandelure|1
|-damage|p1a: Chandelure|71/100
|move|p1a: Chandelure|Trick Room|p1a: Chandelure
|-fieldstart|move: Trick Room|[of] p1a: Chandelure
|
|-weather|SunnyDay|[upkeep]
|upkeep
|turn|2
|
|t:|1785888694
|switch|p1b: Slowbro|Slowbro, L50, M|100/100
|detailschange|p1a: Chandelure|Chandelure-Mega, L50, F
|-mega|p1a: Chandelure|Chandelure|Chandelurite
|move|p2a: Dragalge|Sludge Bomb|p1b: Slowbro
|-crit|p1b: Slowbro
|-damage|p1b: Slowbro|56/100
|-status|p1b: Slowbro|psn
|move|p2b: Clefable|Encore|p1a: Chandelure
|-start|p1a: Chandelure|Encore
|move|p1a: Chandelure|Trick Room|p1a: Chandelure
|-fieldend|move: Trick Room
|
|-weather|SunnyDay|[upkeep]
|-damage|p1b: Slowbro|44/100 psn|[from] psn
|upkeep
|turn|3
|j| atealcoloredcat
|
|t:|1785888748
|switch|p1a: Gallade|Gallade, L50, M|100/100
|move|p2b: Clefable|Follow Me|p2b: Clefable
|-singleturn|p2b: Clefable|move: Follow Me
|move|p2a: Dragalge|Sludge Bomb|p1b: Slowbro
|-damage|p1b: Slowbro|15/100 psn
|move|p1b: Slowbro|Psychic Noise|p2b: Clefable
|-damage|p2b: Clefable|74/100
|-start|p2b: Clefable|move: Heal Block
|
|-weather|SunnyDay|[upkeep]
|-damage|p1b: Slowbro|3/100 psn|[from] psn
|upkeep
|turn|4
|
|t:|1785888768
|move|p2b: Clefable|Follow Me|p2b: Clefable
|-singleturn|p2b: Clefable|move: Follow Me
|move|p1a: Gallade|Taunt|p2b: Clefable
|-start|p2b: Clefable|move: Taunt
|move|p2a: Dragalge|Draco Meteor|p1a: Gallade|[miss]
|-miss|p2a: Dragalge|p1a: Gallade
|move|p1b: Slowbro|Slack Off|p1b: Slowbro
|-heal|p1b: Slowbro|53/100 psn
|
|-weather|SunnyDay|[upkeep]
|-damage|p1b: Slowbro|41/100 psn|[from] psn
|-end|p2b: Clefable|move: Heal Block
|upkeep
|turn|5
|
|t:|1785888792
|move|p1a: Gallade|Psycho Cut|p2b: Clefable
|-damage|p2b: Clefable|46/100
|move|p2b: Clefable|Moonblast|p1a: Gallade
|-supereffective|p1a: Gallade|1
|-damage|p1a: Gallade|30/100
|move|p2a: Dragalge|Sludge Bomb|p1b: Slowbro
|-damage|p1b: Slowbro|12/100 psn
|move|p1b: Slowbro|Slack Off|p1b: Slowbro
|-heal|p1b: Slowbro|62/100 psn
|
|-weather|none
|-heal|p2b: Clefable|52/100|[from] item: Leftovers
|-damage|p1b: Slowbro|50/100y psn|[from] psn
|upkeep
|turn|6
|
|t:|1785888809
|move|p1a: Gallade|Psycho Cut|p2b: Clefable
|-damage|p2b: Clefable|21/100
|move|p2b: Clefable|Moonblast|p1a: Gallade
|-supereffective|p1a: Gallade|1
|-damage|p1a: Gallade|0 fnt
|faint|p1a: Gallade
|move|p2a: Dragalge|Draco Meteor|p1b: Slowbro
|-damage|p1b: Slowbro|6/100 psn
|-unboost|p2a: Dragalge|spa|2
|move|p1b: Slowbro|Psychic Noise|p2a: Dragalge
|-supereffective|p2a: Dragalge|1
|-damage|p2a: Dragalge|61/100
|-start|p2a: Dragalge|move: Heal Block
|
|-heal|p2b: Clefable|27/100|[from] item: Leftovers
|-damage|p1b: Slowbro|0 fnt|[from] psn
|faint|p1b: Slowbro
|upkeep
|
|t:|1785888822
|switch|p1a: Chandelure|Chandelure-Mega, L50, F|71/100
|switch|p1b: Whimsicott|Whimsicott, L50, M|100/100
|turn|7
|
|t:|1785888847
|-heal|p2a: Dragalge|94/100|[from] ability: Regenerator|[silent]
|switch|p2a: Lycanroc|Lycanroc, L50, M|100/100
|move|p1b: Whimsicott|Tailwind|p1b: Whimsicott
|-sidestart|p1: DragoMX|move: Tailwind
|move|p1a: Chandelure|Shadow Ball|p2b: Clefable
|-damage|p2b: Clefable|0 fnt
|faint|p2b: Clefable
|
|upkeep
|
|t:|1785888857
|switch|p2b: Sneasler|Sneasler, L50, M, shiny|100/100
|turn|8
|
|t:|1785888870
|move|p1a: Chandelure|Protect|p1a: Chandelure
|-singleturn|p1a: Chandelure|Protect
|move|p2b: Sneasler|Fake Out|p1b: Whimsicott
|-damage|p1b: Whimsicott|78/100
|cant|p1b: Whimsicott|flinch
|move|p2a: Lycanroc|Stone Edge|p1a: Chandelure
|-activate|p1a: Chandelure|move: Protect
|
|upkeep
|turn|9
|
|t:|1785888888
|move|p1b: Whimsicott|Charm|p2a: Lycanroc
|-unboost|p2a: Lycanroc|atk|2
|move|p1a: Chandelure|Shadow Ball|p2a: Lycanroc
|-damage|p2a: Lycanroc|3/100
|move|p2b: Sneasler|Dire Claw|p1b: Whimsicott
|-supereffective|p1b: Whimsicott|2
|-damage|p1b: Whimsicott|0 fnt
|faint|p1b: Whimsicott
|move|p2a: Lycanroc|Stone Edge|p1a: Chandelure
|-supereffective|p1a: Chandelure|1
|-damage|p1a: Chandelure|13/100
|-damage|p2a: Lycanroc|0 fnt|[from] item: Life Orb
|faint|p2a: Lycanroc
|
|upkeep
|
|t:|1785888901
|switch|p2a: Dragalge|Dragalge-Mega, L50, F|94/100
|turn|10
|
|t:|1785888913
|move|p1a: Chandelure|Shadow Ball|p2b: Sneasler
|-damage|p2b: Sneasler|15/100
|move|p2b: Sneasler|Acrobatics|p1a: Chandelure
|-damage|p1a: Chandelure|0 fnt
|faint|p1a: Chandelure
|
|win|Moonz605
||DragoMX is ready for game 2.
|inactive|Moonz605 has 30 seconds to confirm battle start!
||Moonz605 is ready for game 2.
|uhtml|next|Next: Game 2 of 3
