|j|â˜†KptainFr
|j|â˜†BigBoiFromOutkast
|html|KptainFrBigBoiFromOutkast    
|uhtml|bestof|Game 3 of a best-of-3
|t:|1756753706
|gametype|doubles
|player|p1|KptainFr|steven|1064
|player|p2|BigBoiFromOutkast|red|1144
|gen|9
|tier|[Gen 9] VGC 2025 Reg H (Bo3)
|rated|
|rule|Species Clause: Limit one of each PokÃ©mon
|rule|Item Clause: Limit 1 of each item
|clearpoke
|poke|p1|Annihilape, L50, M|
|poke|p1|Maushold-Four, L50|
|poke|p1|Ursaluna-Bloodmoon, L50, M|
|poke|p1|Volcarona, L50, F|
|poke|p1|Sinistcha, L50|
|poke|p1|Rillaboom, L50, M|
|poke|p2|Incineroar, L50, M|
|poke|p2|Gholdengo, L50|
|poke|p2|Amoonguss, L50, M|
|poke|p2|Gallade, L50, M|
|poke|p2|Primarina, L50, M|
|poke|p2|Ursaluna-Bloodmoon, L50, M|
|teampreview|4
|showteam|p1|Annihilape||Leftovers|Defiant|RageFist,DrainPunch,BulkUp,Protect|||M|||50|,,,,,Fire]Maushold-Four||RockyHelmet|FriendGuard|BeatUp,Taunt,HelpingHand,FollowMe||||||50|,,,,,Ghost]Ursaluna-Bloodmoon||LifeOrb|MindsEye|BloodMoon,HyperVoice,EarthPower,Protect|||M|||50|,,,,,Normal]Volcarona||SafetyGoggles|FlameBody|Overheat,StruggleBug,Tailwind,RagePowder|||F|||50|,,,,,Water]Sinistcha||SitrusBerry|Hospitality|MatchaGotcha,LifeDew,RagePowder,TrickRoom||||||50|,,,,,Water]Rillaboom||AssaultVest|GrassySurge|WoodHammer,GrassyGlide,HighHorsepower,FakeOut|||M|||50|,,,,,Fire
|showteam|p2|Incineroar||SafetyGoggles|Intimidate|FakeOut,FlareBlitz,KnockOff,PartingShot|||M|||50|,,,,,Ghost]Gholdengo||MetalCoat|GoodasGold|MakeItRain,ShadowBall,NastyPlot,Protect||||||50|,,,,,Steel]Amoonguss||SitrusBerry|Regenerator|PollenPuff,RagePowder,Spore,Protect|||M|||50|,,,,,Water]Gallade||ClearAmulet|Sharpness|PsychoCut,SacredSword,TrickRoom,WideGuard|||M|||50|,,,,,Fairy]Primarina||ThroatSpray|LiquidVoice|HyperVoice,Moonblast,CalmMind,Protect|||M|||50|,,,,,Grass]Ursaluna-Bloodmoon||LifeOrb|MindsEye|BloodMoon,EarthPower,HyperVoice,Protect|||M|||50|,,,,,Normal
|inactive|Battle timer is ON: inactive players will automatically lose when time's up. (requested by KptainFr)
|inactive|KptainFr has 60 seconds left.
|
|t:|1756753747
|teamsize|p1|4
|teamsize|p2|4
|start
|switch|p1a: Volcarona|Volcarona, L50, F|100/100
|switch|p1b: Rillaboom|Rillaboom, L50, M|100/100
|switch|p2a: Gallade|Gallade, L50, M, shiny|100/100
|switch|p2b: Amoonguss|Amoonguss, L50, M, shiny|100/100
|-fieldstart|move: Grassy Terrain|[from] ability: Grassy Surge|[of] p1b: Rillaboom
|turn|1
|inactive|BigBoiFromOutkast has 30 seconds left.
|
|t:|1756753782
|move|p1a: Volcarona|Overheat|p2b: Amoonguss
|-supereffective|p2b: Amoonguss
|-damage|p2b: Amoonguss|13/100
|-unboost|p1a: Volcarona|spa|2
|-enditem|p2b: Amoonguss|Sitrus Berry|[eat]
|-heal|p2b: Amoonguss|38/100|[from] item: Sitrus Berry
|move|p1b: Rillaboom|Wood Hammer|p2b: Amoonguss
|-resisted|p2b: Amoonguss
|-damage|p2b: Amoonguss|20/100
|-damage|p1b: Rillaboom|93/100|[from] Recoil
|move|p2b: Amoonguss|Pollen Puff|p2a: Gallade
|move|p2a: Gallade|Trick Room|p2a: Gallade
|-fieldstart|move: Trick Room|[of] p2a: Gallade
|
|-heal|p2b: Amoonguss|25/100|[from] Grassy Terrain
|-heal|p1b: Rillaboom|99/100|[from] Grassy Terrain
|upkeep
|turn|2
|inactive|KptainFr has 30 seconds left.
|
|t:|1756753807
|move|p2b: Amoonguss|Protect|p2b: Amoonguss
|-singleturn|p2b: Amoonguss|Protect
|move|p1a: Volcarona|Rage Powder|p1a: Volcarona
|-singleturn|p1a: Volcarona|move: Rage Powder
|move|p1b: Rillaboom|High Horsepower|p2b: Amoonguss
|-activate|p2b: Amoonguss|move: Protect
|move|p2a: Gallade|Psycho Cut|p1a: Volcarona
|-damage|p1a: Volcarona|40/100
|
|-heal|p2b: Amoonguss|31/100|[from] Grassy Terrain
|-heal|p1b: Rillaboom|100/100|[from] Grassy Terrain
|-heal|p1a: Volcarona|46/100|[from] Grassy Terrain
|upkeep
|turn|3
|
|t:|1756753827
|switch|p2b: Primarina|Primarina, L50, M, shiny|100/100
|move|p1a: Volcarona|Rage Powder|p1a: Volcarona
|-singleturn|p1a: Volcarona|move: Rage Powder
|move|p1b: Rillaboom|High Horsepower|p2b: Primarina
|-damage|p2b: Primarina|62/100
|move|p2a: Gallade|Psycho Cut|p1a: Volcarona
|-damage|p1a: Volcarona|0 fnt
|faint|p1a: Volcarona
|
|-heal|p2b: Primarina|68/100|[from] Grassy Terrain
|upkeep
|
|t:|1756753834
|switch|p1a: Ursaluna|Ursaluna-Bloodmoon, L50, M|100/100
|turn|4
|inactive|BigBoiFromOutkast has 30 seconds left.
|
|t:|1756753863
|-terastallize|p1a: Ursaluna|Normal
|-terastallize|p2b: Primarina|Grass
|move|p1a: Ursaluna|Hyper Voice|p2b: Primarina|[spread] p2a,p2b
|-damage|p2a: Gallade|32/100
|-damage|p2b: Primarina|4/100
|-damage|p1a: Ursaluna|91/100|[from] item: Life Orb
|move|p2b: Primarina|Hyper Voice|p1a: Ursaluna|[spread] p1a,p1b
|-resisted|p1b: Rillaboom
|-damage|p1a: Ursaluna|45/100
|-damage|p1b: Rillaboom|90/100
|-enditem|p2b: Primarina|Throat Spray
|-boost|p2b: Primarina|spa|1|[from] item: Throat Spray
|move|p1b: Rillaboom|Wood Hammer|p2a: Gallade
|-damage|p2a: Gallade|0 fnt
|faint|p2a: Gallade
|-damage|p1b: Rillaboom|82/100|[from] Recoil
|
|-heal|p1a: Ursaluna|51/100|[from] Grassy Terrain
|-heal|p2b: Primarina|11/100|[from] Grassy Terrain
|-heal|p1b: Rillaboom|88/100|[from] Grassy Terrain
|upkeep
|
|t:|1756753884
|switch|p2a: Amoonguss|Amoonguss, L50, M, shiny|65/100
|turn|5
|
|t:|1756753891
|switch|p1b: Sinistcha|Sinistcha, L50|100/100
|-heal|p1a: Ursaluna|76/100|[from] ability: Hospitality|[of] p1b: Sinistcha
|move|p1a: Ursaluna|Protect|p1a: Ursaluna
|-singleturn|p1a: Ursaluna|Protect
|move|p2a: Amoonguss|Pollen Puff|p2b: Primarina
|-heal|p2b: Primarina|60/100
|move|p2b: Primarina|Calm Mind|p2b: Primarina
|-boost|p2b: Primarina|spa|1
|-boost|p2b: Primarina|spd|1
|
|-heal|p2a: Amoonguss|70/100|[from] Grassy Terrain
|-heal|p1a: Ursaluna|82/100|[from] Grassy Terrain
|-heal|p2b: Primarina|67/100|[from] Grassy Terrain
|-fieldend|move: Trick Room
|-fieldend|move: Grassy Terrain
|upkeep
|turn|6
|inactive|BigBoiFromOutkast has 30 seconds left.
|
|t:|1756753918
|move|p2a: Amoonguss|Rage Powder|p2a: Amoonguss
|-singleturn|p2a: Amoonguss|move: Rage Powder
|move|p1b: Sinistcha|Matcha Gotcha|p2a: Amoonguss|[spread] p2a,p2b
|-resisted|p2a: Amoonguss
|-resisted|p2b: Primarina
|-damage|p2a: Amoonguss|65/100
|-damage|p2b: Primarina|58/100
|-status|p2a: Amoonguss|brn
|move|p2b: Primarina|Moonblast|p1a: Ursaluna
|-damage|p1a: Ursaluna|0 fnt
|faint|p1a: Ursaluna
|
|-damage|p2a: Amoonguss|60/100 brn|[from] brn
|upkeep
|
|t:|1756753928
|switch|p1a: Rillaboom|Rillaboom, L50, M|88/100
|-fieldstart|move: Grassy Terrain|[from] ability: Grassy Surge|[of] p1a: Rillaboom
|turn|7
|-message|KptainFr forfeited.
|
|win|BigBoiFromOutkast
|raw|KptainFr's rating: 1064 → 1049(-15 for losing)
|raw|BigBoiFromOutkast's rating: 1144 → 1163(+19 for winning)
|l|â˜†KptainFr
|player|p1|
