|j|☆Iceman5687
|j|☆tobiasteddy
|html|Iceman5687tobiasteddy    
|uhtml|bestof|Game 1 of a best-of-3
|t:|1782627790
|gametype|doubles
|player|p1|Iceman5687|170|1169
|player|p2|tobiasteddy|cyrus|1096
|gen|9
|tier|[Gen 9 Champions] VGC 2026 Reg M-B (Bo3)
|rated|
|rule|Species Clause: Limit one of each Pokémon
|rule|Item Clause: Limit 1 of each item
|clearpoke
|poke|p1|Swampert, L50, F|
|poke|p1|Aerodactyl, L50, M|
|poke|p1|Sableye, L50, F, shiny|
|poke|p1|Archaludon, L50, M, shiny|
|poke|p1|Meganium, L50, M|
|poke|p1|Basculegion, L50, M|
|poke|p2|Steelix, L50, F|
|poke|p2|Tyranitar, L50, F|
|poke|p2|Sinistcha, L50|
|poke|p2|Rotom-Wash, L50|
|poke|p2|Sneasler, L50, F|
|poke|p2|Aerodactyl, L50, M|
|teampreview|4
|showteam|p1|Swampert||Swampertite|Torrent|IcePunch,WaveCrash,HighHorsepower,Protect|Jolly||F|||50|]Aerodactyl||FocusSash|Unnerve|Tailwind,RainDance,RockSlide,DualWingbeat|Jolly||M|||50|]Sableye||RoseliBerry|Prankster|RainDance,LightScreen,Reflect,Quash|Careful||F|||50|]Archaludon||Leftovers|Stamina|ElectroShot,DragonPulse,FlashCannon,Protect|Modest||M|||50|]Meganium||Meganiumite|LeafGuard|WeatherBall,SolarBeam,DazzlingGleam,Protect|Modest||M|||50|]Basculegion||ChoiceScarf|Adaptability|WaveCrash,FlipTurn,LastRespects,AquaJet|Jolly||M|||50|
|showteam|p2|Steelix||Steelixite|Sturdy|WideGuard,HighHorsepower,HeavySlam,Protect|Brave||F|||50|]Tyranitar||Tyranitarite|SandStream|KnockOff,RockSlide,Protect,IceFang|Brave||F|||50|]Sinistcha||SitrusBerry|Hospitality|MatchaGotcha,RagePowder,TrickRoom,Protect|Relaxed|||||50|]Rotom-Wash||Leftovers|Levitate|LightScreen,WillOWisp,HydroPump,Thunderbolt|Bold|||||50|]Sneasler||WhiteHerb|Unburden|CloseCombat,DireClaw,FakeOut,Protect|Jolly||F|||50|]Aerodactyl||FocusSash|Unnerve|IceFang,RockSlide,DualWingbeat,Tailwind|Jolly||M|||50|
|inactive|Battle timer is ON: inactive players will automatically lose when time's up. (requested by tobiasteddy)
|
|t:|1782627828
|teamsize|p1|4
|teamsize|p2|4
|start
|switch|p1a: Swampert|Swampert, L50, F|100/100
|switch|p1b: Sableye|Sableye, L50, F, shiny|100/100
|switch|p2a: Sneasler|Sneasler, L50, F|100/100
|switch|p2b: Steelix|Steelix, L50, F|100/100
|turn|1
|
|t:|1782627851
|detailschange|p2b: Steelix|Steelix-Mega, L50, F
|-mega|p2b: Steelix|Steelix|Steelixite
|move|p1a: Swampert|Protect|p1a: Swampert
|-singleturn|p1a: Swampert|Protect
|move|p2a: Sneasler|Fake Out|p1a: Swampert
|-activate|p1a: Swampert|move: Protect
|move|p1b: Sableye|Reflect|p1b: Sableye
|-sidestart|p1: Iceman5687|Reflect
|move|p2b: Steelix|Heavy Slam|p1b: Sableye
|-damage|p1b: Sableye|38/100
|
|upkeep
|turn|2
|
|t:|1782627874
|detailschange|p1a: Swampert|Swampert-Mega, L50, F
|-mega|p1a: Swampert|Swampert|Swampertite
|move|p2b: Steelix|Protect|p2b: Steelix
|-singleturn|p2b: Steelix|Protect
|move|p1b: Sableye|Rain Dance|p1b: Sableye
|-weather|RainDance
|move|p1a: Swampert|High Horsepower|p2a: Sneasler
|-supereffective|p2a: Sneasler|1
|-crit|p2a: Sneasler
|-damage|p2a: Sneasler|0 fnt
|faint|p2a: Sneasler
|
|-weather|RainDance|[upkeep]
|upkeep
|
|t:|1782627887
|switch|p2a: Sinistcha|Sinistcha, L50|100/100
|turn|3
|
|t:|1782627902
|switch|p1b: Archaludon|Archaludon, L50, M, shiny|100/100
|move|p1a: Swampert|Wave Crash|p2b: Steelix
|-supereffective|p2b: Steelix|1
|-damage|p2b: Steelix|0 fnt
|faint|p2b: Steelix
|-damage|p1a: Swampert|72/100|[from] Recoil
|move|p2a: Sinistcha|Matcha Gotcha|p1b: Archaludon|[spread] p1a,p1b
|-supereffective|p1a: Swampert|2
|-resisted|p1b: Archaludon|2
|-damage|p1a: Swampert|0 fnt
|-damage|p1b: Archaludon|93/100
|-status|p1b: Archaludon|brn
|-ability|p1b: Archaludon|Stamina|boost
|-boost|p1b: Archaludon|def|1
|faint|p1a: Swampert
|
|-weather|RainDance|[upkeep]
|-heal|p1b: Archaludon|99/100 brn|[from] item: Leftovers
|-damage|p1b: Archaludon|93/100 brn|[from] brn
|upkeep
|inactive|tobiasteddy has 30 seconds left.
|inactive|tobiasteddy has 20 seconds left.
|inactive|tobiasteddy has 15 seconds left.
|inactive|tobiasteddy has 10 seconds left.
|inactive|tobiasteddy has 5 seconds left.
|
|t:|1782627957
|switch|p1a: Sableye|Sableye, L50, F, shiny|38/100
|switch|p2b: Tyranitar|Tyranitar, L50, F|100/100
|-weather|Sandstorm|[from] ability: Sand Stream|[of] p2b: Tyranitar
|turn|4
|inactive|tobiasteddy has 30 seconds left.
|inactive|tobiasteddy has 20 seconds left.
|inactive|tobiasteddy has 15 seconds left.
|inactive|tobiasteddy has 10 seconds left.
|inactive|tobiasteddy has 5 seconds left.
|
|t:|1782628012
|move|p1a: Sableye|Rain Dance|p1a: Sableye
|-weather|RainDance
|move|p1b: Archaludon|Electro Shot||[still]
|-prepare|p1b: Archaludon|Electro Shot
|-boost|p1b: Archaludon|spa|1
|-anim|p1b: Archaludon|Electro Shot|p2b: Tyranitar
|-damage|p2b: Tyranitar|49/100
|move|p2a: Sinistcha|Matcha Gotcha|p1b: Archaludon|[spread] p1a,p1b
|-resisted|p1b: Archaludon|2
|-damage|p1a: Sableye|13/100
|-damage|p1b: Archaludon|87/100 brn
|-ability|p1b: Archaludon|Stamina|boost
|-boost|p1b: Archaludon|def|1
|move|p2b: Tyranitar|Knock Off|p1b: Archaludon
|-damage|p1b: Archaludon|74/100 brn
|-ability|p1b: Archaludon|Stamina|boost
|-boost|p1b: Archaludon|def|1
|-enditem|p1b: Archaludon|Leftovers|[from] move: Knock Off|[of] p2b: Tyranitar
|
|-weather|RainDance|[upkeep]
|-damage|p1b: Archaludon|68/100 brn|[from] brn
|upkeep
|turn|5
|inactive|tobiasteddy has 30 seconds left.
|inactive|tobiasteddy has 20 seconds left.
|inactive|tobiasteddy has 15 seconds left.
|inactive|tobiasteddy has 10 seconds left.
|inactive|tobiasteddy has 5 seconds left.
|
|t:|1782628067
|move|p1a: Sableye|Light Screen|p1a: Sableye
|-sidestart|p1: Iceman5687|move: Light Screen
|move|p1b: Archaludon|Electro Shot||[still]
|-prepare|p1b: Archaludon|Electro Shot
|-boost|p1b: Archaludon|spa|1
|-anim|p1b: Archaludon|Electro Shot|p2b: Tyranitar
|-damage|p2b: Tyranitar|0 fnt
|faint|p2b: Tyranitar
|move|p2a: Sinistcha|Matcha Gotcha|p1b: Archaludon|[spread] p1a,p1b
|-resisted|p1b: Archaludon|2
|-damage|p1a: Sableye|0 fnt
|-damage|p1b: Archaludon|63/100 brn
|-ability|p1b: Archaludon|Stamina|boost
|-boost|p1b: Archaludon|def|1
|faint|p1a: Sableye
|
|-weather|RainDance|[upkeep]
|-damage|p1b: Archaludon|57/100 brn|[from] brn
|-sideend|p1: Iceman5687|Reflect
|upkeep
|
|t:|1782628077
|switch|p1a: Basculegion|Basculegion, L50, M|100/100
|turn|6
|inactive|tobiasteddy has 30 seconds left.
|inactive|tobiasteddy has 20 seconds left.
|inactive|tobiasteddy has 15 seconds left.
|inactive|tobiasteddy has 10 seconds left.
|inactive|tobiasteddy has 5 seconds left.
|
|t:|1782628132
|move|p1a: Basculegion|Last Respects|p2a: Sinistcha
|-supereffective|p2a: Sinistcha|1
|-damage|p2a: Sinistcha|0 fnt
|faint|p2a: Sinistcha
|
|win|Iceman5687
