|j|☆MrTedno
|j|☆dycheball
|html|MrTednodycheball    
|uhtml|bestof|Game 1 of a best-of-3
|t:|1756242239
|gametype|doubles
|player|p1|MrTedno|barry|1259
|player|p2|dycheball|cyrus|1317
|gen|9
|tier|[Gen 9] VGC 2025 Reg H (Bo3)
|rated|
|rule|Species Clause: Limit one of each Pokémon
|rule|Item Clause: Limit 1 of each item
|clearpoke
|poke|p1|Dondozo, L50, F|
|poke|p1|Tatsugiri, L50, M|
|poke|p1|Politoed, L50, M|
|poke|p1|Archaludon, L50, M|
|poke|p1|Amoonguss, L50, M|
|poke|p1|Overqwil, L50, M|
|poke|p2|Archaludon, L50, F|
|poke|p2|Pelipper, L50, F|
|poke|p2|Gholdengo, L50|
|poke|p2|Basculegion, L50, M|
|poke|p2|Amoonguss, L50, M|
|poke|p2|Incineroar, L50, F|
|teampreview|4
|showteam|p1|Dondozo||LifeOrb|Unaware|Surf,Protect,SleepTalk|||F|||50|,,,,,Water]Tatsugiri||FocusSash|Commander|DracoMeteor,Protect,MuddyWater,Taunt|||M|||50|,,,,,Stellar]Politoed||SitrusBerry|Drizzle|WeatherBall,IceBeam,Haze,Protect|||M|||50|,,,,,Steel]Archaludon||AssaultVest|Stamina|BodyPress,ElectroShot,DragonPulse,FlashCannon|||M|||50|,,,,,Grass]Amoonguss||RockyHelmet|Regenerator|Spore,RagePowder,PollenPuff,Protect|||M|||50|,,,,,Fairy]Overqwil||ChoiceBand|SwiftSwim|PoisonJab,ThroatChop,Liquidation,PinMissile|||M|||50|,,,,,Ghost
|showteam|p2|Archaludon||AssaultVest|Stamina|DracoMeteor,FlashCannon,ElectroShot,BodyPress|||F|||50|,,,,,Bug]Pelipper||FocusSash|Drizzle|Protect,WeatherBall,Hurricane,Tailwind|||F|||50|,,,,,Stellar]Gholdengo||LifeOrb|GoodasGold|Protect,MakeItRain,ShadowBall,NastyPlot||||||50|,,,,,Water]Basculegion||ChoiceBand|SwiftSwim|FlipTurn,WaveCrash,AquaJet,LastRespects|||M|||50|,,,,,Grass]Amoonguss||SitrusBerry|Regenerator|Spore,RagePowder,PollenPuff,Protect|||M|||50|,,,,,Water]Incineroar||SafetyGoggles|Intimidate|FlareBlitz,KnockOff,PartingShot,FakeOut|||F|||50|,,,,,Ghost
|inactive|Battle timer is ON: inactive players will automatically lose when time's up. (requested by dycheball)
|inactive|MrTedno has 60 seconds left.
|inactive|dycheball has 60 seconds left.
|
|t:|1756242298
|teamsize|p1|4
|teamsize|p2|4
|start
|switch|p1a: Turnip|Amoonguss, L50, M|100/100
|switch|p1b: Barnacles|Archaludon, L50, M|100/100
|switch|p2a: Incineroar|Incineroar, L50, F|100/100
|switch|p2b: Amoonguss|Amoonguss, L50, M, shiny|100/100
|-ability|p2a: Incineroar|Intimidate|boost
|-unboost|p1a: Turnip|atk|1
|-unboost|p1b: Barnacles|atk|1
|turn|1
|inactive|MrTedno has 30 seconds left.
|inactive|MrTedno has 20 seconds left.
|inactive|MrTedno has 15 seconds left.
|inactive|MrTedno has 10 seconds left.
|
|t:|1756242347
|-terastallize|p1b: Barnacles|Grass
|move|p1b: Barnacles|Dragon Pulse|p2a: Incineroar
|-damage|p2a: Incineroar|61/100
|move|p2a: Incineroar|Knock Off|p1b: Barnacles
|-damage|p1b: Barnacles|68/100
|-ability|p1b: Barnacles|Stamina|boost
|-boost|p1b: Barnacles|def|1
|-enditem|p1b: Barnacles|Assault Vest|[from] move: Knock Off|[of] p2a: Incineroar
|move|p2b: Amoonguss|Spore|p1b: Barnacles
|-immune|p1b: Barnacles
|move|p1a: Turnip|Spore|p2a: Incineroar
|-activate|p2a: Incineroar|item: Safety Goggles|Spore
|
|upkeep
|turn|2
|inactive|MrTedno has 30 seconds left.
|
|t:|1756242376
|move|p2b: Amoonguss|Rage Powder|p2b: Amoonguss
|-singleturn|p2b: Amoonguss|move: Rage Powder
|move|p1b: Barnacles|Electro Shot||[still]
|-prepare|p1b: Barnacles|Electro Shot
|-boost|p1b: Barnacles|spa|1
|move|p2a: Incineroar|Flare Blitz|p1b: Barnacles
|-supereffective|p1b: Barnacles
|-crit|p1b: Barnacles
|-damage|p1b: Barnacles|0 fnt
|faint|p1b: Barnacles
|-damage|p2a: Incineroar|40/100|[from] Recoil
|move|p1a: Turnip|Pollen Puff|p1: Barnacles|[notarget]
|-fail|p1a: Turnip
|
|upkeep
|
|t:|1756242391
|switch|p1b: Peso|Tatsugiri, L50, M|100/100
|turn|3
|inactive|dycheball has 30 seconds left.
|
|t:|1756242420
|switch|p2a: Pelipper|Pelipper, L50, F, shiny|100/100
|-weather|RainDance|[from] ability: Drizzle|[of] p2a: Pelipper
|move|p1b: Peso|Taunt|p2b: Amoonguss
|-start|p2b: Amoonguss|move: Taunt
|cant|p2b: Amoonguss|move: Taunt|Spore
|move|p1a: Turnip|Spore|p2a: Pelipper
|-status|p2a: Pelipper|slp|[from] move: Spore
|
|-weather|RainDance|[upkeep]
|upkeep
|turn|4
|inactive|MrTedno has 30 seconds left.
|
|t:|1756242449
|switch|p1a: Shellington|Overqwil, L50, M|100/100
|move|p1b: Peso|Muddy Water|p2b: Amoonguss|[spread] p2a,p2b
|-resisted|p2a: Pelipper
|-resisted|p2b: Amoonguss
|-damage|p2a: Pelipper|59/100 slp
|-damage|p2b: Amoonguss|79/100
|cant|p2a: Pelipper|slp
|move|p2b: Amoonguss|Pollen Puff|p1b: Peso
|-damage|p1b: Peso|75/100
|
|-weather|RainDance|[upkeep]
|upkeep
|turn|5
|inactive|MrTedno has 30 seconds left.
|
|t:|1756242474
|switch|p2a: Incineroar|Incineroar, L50, F|40/100
|-ability|p2a: Incineroar|Intimidate|boost
|-unboost|p1a: Shellington|atk|1
|-unboost|p1b: Peso|atk|1
|move|p1a: Shellington|Throat Chop|p2b: Amoonguss
|-damage|p2b: Amoonguss|47/100
|-start|p2b: Amoonguss|Throat Chop|[silent]
|-enditem|p2b: Amoonguss|Sitrus Berry|[eat]
|-heal|p2b: Amoonguss|72/100|[from] item: Sitrus Berry
|move|p1b: Peso|Muddy Water|p2b: Amoonguss|[spread] p2a,p2b
|-supereffective|p2a: Incineroar
|-resisted|p2b: Amoonguss
|-damage|p2a: Incineroar|0 fnt
|-damage|p2b: Amoonguss|51/100
|faint|p2a: Incineroar
|move|p2b: Amoonguss|Pollen Puff|p1a: Shellington
|-damage|p1a: Shellington|70/100
|
|-weather|RainDance|[upkeep]
|-end|p2b: Amoonguss|move: Taunt
|upkeep
|
|t:|1756242489
|switch|p2a: Archaludon|Archaludon, L50, F, shiny|100/100
|turn|6
|
|t:|1756242508
|switch|p1a: Turnip|Amoonguss, L50, M|100/100
|move|p1b: Peso|Protect|p1b: Peso
|-singleturn|p1b: Peso|Protect
|move|p2a: Archaludon|Electro Shot||[still]
|-prepare|p2a: Archaludon|Electro Shot
|-boost|p2a: Archaludon|spa|1
|-anim|p2a: Archaludon|Electro Shot|p1a: Turnip
|-resisted|p1a: Turnip
|-damage|p1a: Turnip|75/100
|move|p2b: Amoonguss|Pollen Puff|p2a: Archaludon
|
|-weather|RainDance|[upkeep]
|-end|p2b: Amoonguss|Throat Chop|[silent]
|upkeep
|turn|7
|
|t:|1756242531
|move|p1b: Peso|Draco Meteor|p2b: Amoonguss
|-damage|p2b: Amoonguss|0 fnt
|-unboost|p1b: Peso|spa|2
|faint|p2b: Amoonguss
|move|p2a: Archaludon|Draco Meteor|p1a: Turnip
|-damage|p1a: Turnip|0 fnt
|-unboost|p2a: Archaludon|spa|2
|faint|p1a: Turnip
|
|-weather|none
|upkeep
|
|t:|1756242538
|switch|p2b: Pelipper|Pelipper, L50, F, shiny|59/100 slp
|switch|p1a: Shellington|Overqwil, L50, M|70/100
|-weather|RainDance|[from] ability: Drizzle|[of] p2b: Pelipper
|turn|8
|
|t:|1756242557
|move|p1a: Shellington|Throat Chop|p2a: Archaludon
|-damage|p2a: Archaludon|60/100
|-start|p2a: Archaludon|Throat Chop|[silent]
|-ability|p2a: Archaludon|Stamina|boost
|-boost|p2a: Archaludon|def|1
|move|p1b: Peso|Draco Meteor|p2a: Archaludon
|-damage|p2a: Archaludon|37/100
|-unboost|p1b: Peso|spa|2
|-ability|p2a: Archaludon|Stamina|boost
|-boost|p2a: Archaludon|def|1
|move|p2a: Archaludon|Electro Shot||[still]
|-prepare|p2a: Archaludon|Electro Shot
|-boost|p2a: Archaludon|spa|1
|-anim|p2a: Archaludon|Electro Shot|p1a: Shellington
|-damage|p1a: Shellington|10/100
|cant|p2b: Pelipper|slp
|
|-weather|RainDance|[upkeep]
|upkeep
|turn|9
|
|t:|1756242580
|move|p1a: Shellington|Throat Chop|p2a: Archaludon
|-damage|p2a: Archaludon|15/100
|-ability|p2a: Archaludon|Stamina|boost
|-boost|p2a: Archaludon|def|1
|move|p1b: Peso|Draco Meteor|p2a: Archaludon
|-damage|p2a: Archaludon|0 fnt
|-unboost|p1b: Peso|spa|2
|faint|p2a: Archaludon
|cant|p2b: Pelipper|slp
|
|-weather|RainDance|[upkeep]
|upkeep
|turn|10
|
|t:|1756242591
|move|p1a: Shellington|Throat Chop|p2b: Pelipper
|-damage|p2b: Pelipper|0 fnt
|faint|p2b: Pelipper
|
|win|MrTedno
||dycheball is ready for game 2.
|inactive|MrTedno has 30 seconds to confirm battle start!
||MrTedno is ready for game 2.
|uhtml|next|Next: Game 2 of 3
|l|☆dycheball
|player|p2|
