|j|☆Arhanjunior
|j|☆daikyh
|html|Arhanjuniordaikyh    
|uhtml|bestof|Game 1 of a best-of-3
|t:|1782619938
|gametype|doubles
|player|p1|Arhanjunior|2|1069
|player|p2|daikyh|170|1000
|gen|9
|tier|[Gen 9 Champions] VGC 2026 Reg M-B (Bo3)
|rated|
|rule|Species Clause: Limit one of each Pokémon
|rule|Item Clause: Limit 1 of each item
|clearpoke
|poke|p1|Swampert, L50, F|
|poke|p1|Pelipper, L50, M|
|poke|p1|Archaludon, L50, F|
|poke|p1|Sinistcha, L50|
|poke|p1|Maushold-Four, L50|
|poke|p1|Gholdengo, L50|
|poke|p2|Mawile, L50, F|
|poke|p2|Pelipper, L50, F|
|poke|p2|Archaludon, L50, M|
|poke|p2|Dragonite, L50, F|
|poke|p2|Basculegion, L50, M|
|poke|p2|Maushold-Four, L50|
|teampreview|4
|showteam|p1|Swampert||Swampertite|Damp|HighHorsepower,WaveCrash,IcePunch,Protect|Adamant||F|||50|]Pelipper||SitrusBerry|Drizzle|Hurricane,WeatherBall,Tailwind,WideGuard|Modest||M|||50|]Archaludon||Leftovers|Stamina|DragonPulse,ElectroShot,AuraSphere,FlashCannon|Modest||F|||50|]Sinistcha||KasibBerry|Hospitality|MatchaGotcha,TrickRoom,RagePowder,LifeDew|Bold|||||50|]Maushold-Four||FocusSash|FriendGuard|SuperFang,FollowMe,RainDance,Protect|Timid|||||50|]Gholdengo||LifeOrb|GoodasGold|MakeItRain,ShadowBall,NastyPlot,Protect|Modest|||||50|
|showteam|p2|Mawile||Mawilite|HyperCutter|Protect,SuckerPunch,PlayRough,IronHead|Adamant||F|||50|]Pelipper||FocusSash|Drizzle|WeatherBall,Hurricane,Tailwind,Protect|Modest||F|||50|]Archaludon||Leftovers|Stamina|Protect,DragonPulse,ElectroShot,FlashCannon|Modest||M|||50|]Dragonite||Dragoninite|Multiscale|Protect,WeatherBall,DragonPulse,Hurricane|Modest||F|||50|]Basculegion||ChoiceScarf|SwiftSwim|LastRespects,WaveCrash,AquaJet,FlipTurn|Jolly||M|||50|]Maushold-Four||WideLens|FriendGuard|Protect,RainDance,FollowMe,PopulationBomb|Jolly|||||50|
|
|t:|1782619983
|teamsize|p1|4
|teamsize|p2|4
|start
|switch|p1a: Archaludon|Archaludon, L50, F|100/100
|switch|p1b: Sinistcha|Sinistcha, L50|100/100
|switch|p2a: Dragonite|Dragonite, L50, F|100/100
|switch|p2b: Archaludon|Archaludon, L50, M|100/100
|turn|1
|inactive|Battle timer is ON: inactive players will automatically lose when time's up. (requested by Arhanjunior)
|
|t:|1782620008
|detailschange|p2a: Dragonite|Dragonite-Mega, L50, F
|-mega|p2a: Dragonite|Dragonite|Dragoninite
|move|p1b: Sinistcha|Rage Powder|p1b: Sinistcha
|-singleturn|p1b: Sinistcha|move: Rage Powder
|move|p2a: Dragonite|Dragon Pulse|p1b: Sinistcha
|-damage|p1b: Sinistcha|47/100
|move|p2b: Archaludon|Electro Shot||[still]
|-prepare|p2b: Archaludon|Electro Shot
|-boost|p2b: Archaludon|spa|1
|move|p1a: Archaludon|Dragon Pulse|p2b: Archaludon
|-damage|p2b: Archaludon|57/100
|-ability|p2b: Archaludon|Stamina|boost
|-boost|p2b: Archaludon|def|1
|
|-heal|p2b: Archaludon|63/100|[from] item: Leftovers
|upkeep
|turn|2
|inactive|Arhanjunior has 30 seconds left.
|
|t:|1782620035
|move|p1b: Sinistcha|Rage Powder|p1b: Sinistcha
|-singleturn|p1b: Sinistcha|move: Rage Powder
|move|p2a: Dragonite|Dragon Pulse|p1b: Sinistcha
|-damage|p1b: Sinistcha|0 fnt
|faint|p1b: Sinistcha
|move|p2b: Archaludon|Electro Shot|p1a: Archaludon|[from] lockedmove
|-resisted|p1a: Archaludon|1
|-damage|p1a: Archaludon|70/100
|-ability|p1a: Archaludon|Stamina|boost
|-boost|p1a: Archaludon|def|1
|move|p1a: Archaludon|Dragon Pulse|p2a: Dragonite
|-supereffective|p2a: Dragonite|1
|-damage|p2a: Dragonite|71/100
|
|-heal|p2b: Archaludon|69/100|[from] item: Leftovers
|-heal|p1a: Archaludon|76/100|[from] item: Leftovers
|upkeep
|
|t:|1782620047
|switch|p1b: Swampert|Swampert, L50, F|100/100
|turn|3
|
|t:|1782620059
|switch|p2a: Pelipper|Pelipper, L50, F|100/100
|-weather|RainDance|[from] ability: Drizzle|[of] p2a: Pelipper
|detailschange|p1b: Swampert|Swampert-Mega, L50, F
|-mega|p1b: Swampert|Swampert|Swampertite
|move|p2b: Archaludon|Protect|p2b: Archaludon
|-singleturn|p2b: Archaludon|Protect
|move|p1b: Swampert|Ice Punch|p2a: Pelipper
|-damage|p2a: Pelipper|58/100
|-status|p2a: Pelipper|frz
|move|p1a: Archaludon|Aura Sphere|p2b: Archaludon
|-activate|p2b: Archaludon|move: Protect
|
|-weather|RainDance|[upkeep]
|-heal|p2b: Archaludon|75/100|[from] item: Leftovers
|-heal|p1a: Archaludon|82/100|[from] item: Leftovers
|upkeep
|turn|4
|
|t:|1782620081
|move|p1b: Swampert|High Horsepower|p2b: Archaludon|[miss]
|-miss|p1b: Swampert|p2b: Archaludon
|cant|p2a: Pelipper|frz
|move|p2b: Archaludon|Dragon Pulse|p1a: Archaludon
|-damage|p1a: Archaludon|21/100
|-ability|p1a: Archaludon|Stamina|boost
|-boost|p1a: Archaludon|def|1
|move|p1a: Archaludon|Electro Shot||[still]
|-prepare|p1a: Archaludon|Electro Shot
|-boost|p1a: Archaludon|spa|1
|-anim|p1a: Archaludon|Electro Shot|p2a: Pelipper
|-supereffective|p2a: Pelipper|2
|-damage|p2a: Pelipper|0 fnt
|faint|p2a: Pelipper
|
|-weather|RainDance|[upkeep]
|-heal|p2b: Archaludon|81/100|[from] item: Leftovers
|-heal|p1a: Archaludon|27/100|[from] item: Leftovers
|upkeep
|
|t:|1782620097
|switch|p2a: Basculegion|Basculegion, L50, M|100/100
|turn|5
|
|t:|1782620116
|move|p2b: Archaludon|Protect|p2b: Archaludon
|-singleturn|p2b: Archaludon|Protect
|move|p2a: Basculegion|Last Respects|p1a: Archaludon
|-damage|p1a: Archaludon|9/100
|-ability|p1a: Archaludon|Stamina|boost
|-boost|p1a: Archaludon|def|1
|move|p1b: Swampert|High Horsepower|p2b: Archaludon
|-activate|p2b: Archaludon|move: Protect
|move|p1a: Archaludon|Electro Shot||[still]
|-prepare|p1a: Archaludon|Electro Shot
|-boost|p1a: Archaludon|spa|1
|-anim|p1a: Archaludon|Electro Shot|p2a: Basculegion
|-supereffective|p2a: Basculegion|1
|-damage|p2a: Basculegion|0 fnt
|faint|p2a: Basculegion
|
|-weather|RainDance|[upkeep]
|-heal|p2b: Archaludon|87/100|[from] item: Leftovers
|-heal|p1a: Archaludon|15/100|[from] item: Leftovers
|upkeep
|
|t:|1782620134
|switch|p2a: Dragonite|Dragonite-Mega, L50, F|71/100
|turn|6
|
|t:|1782620141
|move|p2a: Dragonite|Protect|p2a: Dragonite
|-singleturn|p2a: Dragonite|Protect
|move|p1b: Swampert|Ice Punch|p2a: Dragonite
|-activate|p2a: Dragonite|move: Protect
|move|p2b: Archaludon|Dragon Pulse|p1a: Archaludon
|-damage|p1a: Archaludon|0 fnt
|faint|p1a: Archaludon
|
|-weather|RainDance|[upkeep]
|-heal|p2b: Archaludon|93/100|[from] item: Leftovers
|upkeep
|
|t:|1782620144
|switch|p1a: Pelipper|Pelipper, L50, M|100/100
|turn|7
|
|t:|1782620172
|move|p1a: Pelipper|Wide Guard|p1a: Pelipper
|-singleturn|p1a: Pelipper|Wide Guard
|move|p1b: Swampert|Ice Punch|p2a: Dragonite
|-supereffective|p2a: Dragonite|2
|-damage|p2a: Dragonite|0 fnt
|faint|p2a: Dragonite
|move|p2b: Archaludon|Electro Shot||[still]
|-prepare|p2b: Archaludon|Electro Shot
|-boost|p2b: Archaludon|spa|1
|-anim|p2b: Archaludon|Electro Shot|p1a: Pelipper
|-supereffective|p1a: Pelipper|2
|-damage|p1a: Pelipper|0 fnt
|faint|p1a: Pelipper
|
|-weather|none
|-heal|p2b: Archaludon|100/100|[from] item: Leftovers
|upkeep
|turn|8
|
|t:|1782620189
|move|p1b: Swampert|High Horsepower|p2b: Archaludon
|-supereffective|p2b: Archaludon|1
|-damage|p2b: Archaludon|45/100
|-ability|p2b: Archaludon|Stamina|boost
|-boost|p2b: Archaludon|def|1
|move|p2b: Archaludon|Dragon Pulse|p1b: Swampert
|-damage|p1b: Swampert|28/100
|
|-heal|p2b: Archaludon|51/100|[from] item: Leftovers
|upkeep
|turn|9
|
|t:|1782620201
|move|p2b: Archaludon|Protect|p2b: Archaludon
|-singleturn|p2b: Archaludon|Protect
|move|p1b: Swampert|High Horsepower|p2b: Archaludon
|-activate|p2b: Archaludon|move: Protect
|
|-heal|p2b: Archaludon|57/100|[from] item: Leftovers
|upkeep
|turn|10
|
|t:|1782620222
|move|p1b: Swampert|High Horsepower|p2b: Archaludon
|-supereffective|p2b: Archaludon|1
|-damage|p2b: Archaludon|14/100
|-ability|p2b: Archaludon|Stamina|boost
|-boost|p2b: Archaludon|def|1
|move|p2b: Archaludon|Dragon Pulse|p1b: Swampert
|-damage|p1b: Swampert|0 fnt
|faint|p1b: Swampert
|
|win|daikyh
||Arhanjunior is ready for game 2.
|inactive|daikyh has 30 seconds to confirm battle start!
||daikyh is ready for game 2.
|uhtml|next|Next: Game 2 of 3
|l|☆daikyh
|player|p2|
