|j|☆jiggyjagga
|j|☆cheesebiscuit12
|html|jiggyjaggacheesebiscuit12    
|uhtml|bestof|Game 3 of a best-of-3
|t:|1785162639
|gametype|doubles
|player|p1|jiggyjagga|1|
|player|p2|cheesebiscuit12|169|
|gen|9
|tier|[Gen 9 Champions] VGC 2026 Reg M-B (Bo3)
|rule|Species Clause: Limit one of each Pokémon
|rule|Item Clause: Limit 1 of each item
|clearpoke
|poke|p1|Froslass, L50, F|
|poke|p1|Abomasnow, L50, F, shiny|
|poke|p1|Liepard, L50, M, shiny|
|poke|p1|Zoroark-Hisui, L50, M|
|poke|p1|Maushold-Four, L50|
|poke|p1|Altaria, L50, M|
|poke|p2|Gardevoir, L50, M|
|poke|p2|Metagross, L50|
|poke|p2|Whimsicott, L50, F|
|poke|p2|Sableye, L50, F|
|poke|p2|Flapple, L50, F|
|poke|p2|Azumarill, L50, F|
|teampreview|4
|showteam|p1|Froslass||Froslassite|SnowCloak|Blizzard,ShadowBall,Protect,DrainingKiss|Modest||F|||50|]Abomasnow||SitrusBerry|SnowWarning|Earthquake,IceShard,SeedBomb,Protect|Adamant||F|||50|]Liepard||RoseliBerry|Prankster|FakeOut,KnockOff,Taunt,FakeTears|Adamant||M|||50|]Zoroark-Hisui||ChoiceScarf|Illusion|BitterMalice,DarkPulse,IcyWind,Protect|Modest||M|||50|]Maushold-Four||ChopleBerry|FriendGuard|ThunderWave,FollowMe,Protect,SuperFang|Timid|||||50|]Altaria||Altarianite|NaturalCure|DoubleEdge,Roost,DragonClaw,Tailwind|Adamant||M|||50|
|showteam|p2|Gardevoir||Gardevoirite|Telepathy|HyperVoice,Protect,Psyshock,CalmMind|Timid||M|||50|]Metagross||ExpertBelt|ClearBody|IronHead,IcePunch,Earthquake,PsychicFangs|Adamant|||||50|]Whimsicott||FocusSash|Prankster|Protect,Moonblast,Tailwind,TrickRoom|Relaxed||F|||50|]Sableye||Sablenite|Prankster|Gravity,WillOWisp,SuckerPunch,LightScreen|Careful||F|||50|]Flapple||MiracleSeed|Hustle|GravApple,DragonRush,Uturn,Protect|Jolly||F|||50|]Azumarill||SitrusBerry|HugePower|BellyDrum,PlayRough,Liquidation,AquaJet|Adamant||F|||50|
|
|t:|1785162663
|teamsize|p1|4
|teamsize|p2|4
|start
|switch|p1a: Abomasnow|Abomasnow, L50, F, shiny|100/100
|switch|p1b: Froslass|Froslass, L50, F|100/100
|switch|p2a: Xi Jinping|Whimsicott, L50, F|100/100
|switch|p2b: Putin|Azumarill, L50, F|100/100
|-weather|Snowscape|[from] ability: Snow Warning|[of] p1a: Abomasnow
|turn|1
|
|t:|1785162694
|move|p2a: Xi Jinping|Tailwind|p2a: Xi Jinping
|-sidestart|p2: cheesebiscuit12|move: Tailwind
|move|p1b: Froslass|Icy Wind|p2a: Xi Jinping|[spread] p2a,p2b
|-supereffective|p2a: Xi Jinping|1
|-resisted|p2b: Putin|1
|-damage|p2a: Xi Jinping|60/100
|-damage|p2b: Putin|92/100
|-unboost|p2a: Xi Jinping|spe|1
|-unboost|p2b: Putin|spe|1
|move|p2b: Putin|Belly Drum|p2b: Putin
|-damage|p2b: Putin|42/100
|-setboost|p2b: Putin|atk|6|[from] move: Belly Drum
|-enditem|p2b: Putin|Sitrus Berry|[eat]
|-heal|p2b: Putin|67/100|[from] item: Sitrus Berry
|move|p1a: Abomasnow|Seed Bomb|p2b: Putin
|-supereffective|p2b: Putin|1
|-damage|p2b: Putin|0 fnt
|faint|p2b: Putin
|
|-weather|Snowscape|[upkeep]
|upkeep
|
|t:|1785162723
|switch|p2b: Benjamin Netanyahu|Sableye, L50, F|100/100
|turn|2
|
|t:|1785162734
|move|p2a: Xi Jinping|Protect|p2a: Xi Jinping
|-singleturn|p2a: Xi Jinping|Protect
|move|p2b: Benjamin Netanyahu|Light Screen|p2b: Benjamin Netanyahu
|-sidestart|p2: cheesebiscuit12|move: Light Screen
|move|p1b: Froslass|Icy Wind|p2b: Benjamin Netanyahu|[spread] p2b
|-activate|p2a: Xi Jinping|move: Protect
|-damage|p2b: Benjamin Netanyahu|88/100
|-unboost|p2b: Benjamin Netanyahu|spe|1
|move|p1a: Abomasnow|Seed Bomb|p2b: Benjamin Netanyahu
|-damage|p2b: Benjamin Netanyahu|40/100
|
|-weather|Snowscape|[upkeep]
|upkeep
|turn|3
|
|t:|1785162756
|move|p2b: Benjamin Netanyahu|Sucker Punch|p1b: Froslass
|-supereffective|p1b: Froslass|1
|-damage|p1b: Froslass|25/100
|replace|p1b: Zoroark|Zoroark-Hisui, L50, M
|-end|p1b: Zoroark|Illusion
|move|p1a: Abomasnow|Ice Shard|p2a: Xi Jinping
|-supereffective|p2a: Xi Jinping|1
|-damage|p2a: Xi Jinping|28/100
|move|p1b: Zoroark|Icy Wind|p2a: Xi Jinping|[spread] p2a
|-miss|p1b: Zoroark|p2b: Benjamin Netanyahu
|-supereffective|p2a: Xi Jinping|1
|-damage|p2a: Xi Jinping|0 fnt
|faint|p2a: Xi Jinping
|
|-weather|Snowscape|[upkeep]
|upkeep
|
|t:|1785162770
|switch|p2a: Imelda Marcos|Gardevoir, L50, M|100/100
|turn|4
|
|t:|1785162785
|detailschange|p2a: Imelda Marcos|Gardevoir-Mega, L50, M
|-mega|p2a: Imelda Marcos|Gardevoir|Gardevoirite
|move|p2b: Benjamin Netanyahu|Sucker Punch|p1b: Zoroark
|-supereffective|p1b: Zoroark|1
|-damage|p1b: Zoroark|0 fnt
|faint|p1b: Zoroark
|move|p1a: Abomasnow|Ice Shard|p2a: Imelda Marcos
|-damage|p2a: Imelda Marcos|77/100
|move|p2a: Imelda Marcos|Hyper Voice|p1a: Abomasnow
|-damage|p1a: Abomasnow|34/100
|-enditem|p1a: Abomasnow|Sitrus Berry|[eat]
|-heal|p1a: Abomasnow|59/100|[from] item: Sitrus Berry
|
|-weather|Snowscape|[upkeep]
|-sideend|p2: cheesebiscuit12|move: Tailwind
|upkeep
|
|t:|1785162796
|switch|p1b: Maushold|Maushold-Four, L50|100/100
|turn|5
|
|t:|1785162815
|move|p1b: Maushold|Protect|p1b: Maushold
|-singleturn|p1b: Maushold|Protect
|move|p1a: Abomasnow|Ice Shard|p2a: Imelda Marcos
|-damage|p2a: Imelda Marcos|53/100
|move|p2b: Benjamin Netanyahu|Will-O-Wisp|p1a: Abomasnow
|-status|p1a: Abomasnow|brn
|move|p2a: Imelda Marcos|Hyper Voice|p1a: Abomasnow|[spread] p1a
|-activate|p1b: Maushold|move: Protect
|-damage|p1a: Abomasnow|17/100 brn
|
|-weather|none
|-damage|p1a: Abomasnow|11/100 brn|[from] brn
|upkeep
|turn|6
|
|t:|1785162836
|move|p1b: Maushold|Follow Me|p1b: Maushold
|-singleturn|p1b: Maushold|move: Follow Me
|move|p1a: Abomasnow|Ice Shard|p2a: Imelda Marcos
|-damage|p2a: Imelda Marcos|42/100
|move|p2b: Benjamin Netanyahu|Sucker Punch||[still]
|-fail|p2b: Benjamin Netanyahu
|move|p2a: Imelda Marcos|Calm Mind|p2a: Imelda Marcos
|-boost|p2a: Imelda Marcos|spa|1
|-boost|p2a: Imelda Marcos|spd|1
|
|-damage|p1a: Abomasnow|5/100 brn|[from] brn
|-sideend|p2: cheesebiscuit12|move: Light Screen
|upkeep
|turn|7
|
|t:|1785162866
|move|p1a: Abomasnow|Ice Shard|p2a: Imelda Marcos
|-crit|p2a: Imelda Marcos
|-damage|p2a: Imelda Marcos|27/100
|move|p2b: Benjamin Netanyahu|Sucker Punch||[still]
|-fail|p2b: Benjamin Netanyahu
|move|p1b: Maushold|Thunder Wave|p2a: Imelda Marcos
|-status|p2a: Imelda Marcos|par
|move|p2a: Imelda Marcos|Hyper Voice|p1b: Maushold|[spread] p1a,p1b
|-damage|p1a: Abomasnow|0 fnt
|-damage|p1b: Maushold|10/100
|faint|p1a: Abomasnow
|
|upkeep
|
|t:|1785162876
|switch|p1a: Froslass|Froslass, L50, F|100/100
|turn|8
|
|t:|1785162885
|detailschange|p1a: Froslass|Froslass-Mega, L50, F
|-mega|p1a: Froslass|Froslass|Froslassite
|-weather|Snowscape|[from] ability: Snow Warning|[of] p1a: Froslass
|move|p2a: Imelda Marcos|Protect|p2a: Imelda Marcos
|-singleturn|p2a: Imelda Marcos|Protect
|move|p1b: Maushold|Follow Me|p1b: Maushold
|-singleturn|p1b: Maushold|move: Follow Me
|move|p2b: Benjamin Netanyahu|Sucker Punch||[still]
|-fail|p2b: Benjamin Netanyahu
|move|p1a: Froslass|Blizzard|p2a: Imelda Marcos|[spread] p2b
|-activate|p2a: Imelda Marcos|move: Protect
|-damage|p2b: Benjamin Netanyahu|0 fnt
|faint|p2b: Benjamin Netanyahu
|
|-weather|Snowscape|[upkeep]
|upkeep
|turn|9
|
|t:|1785162898
|move|p1b: Maushold|Follow Me|p1b: Maushold
|-singleturn|p1b: Maushold|move: Follow Me
|move|p1a: Froslass|Blizzard|p2a: Imelda Marcos
|-damage|p2a: Imelda Marcos|0 fnt
|faint|p2a: Imelda Marcos
|
|win|jiggyjagga
