|j|☆Panexeri
|j|☆angandi01
|html|Panexeriangandi01    
|uhtml|bestof|Game 1 of a best-of-3
|t:|1757184877
|gametype|doubles
|player|p1|Panexeri|guitarist|1156
|player|p2|angandi01|101|1131
|gen|9
|tier|[Gen 9] VGC 2025 Reg H (Bo3)
|rated|
|rule|Species Clause: Limit one of each Pokémon
|rule|Item Clause: Limit 1 of each item
|clearpoke
|poke|p1|Incineroar, L50, M|
|poke|p1|Amoonguss, L50, F|
|poke|p1|Sneasler, L50, M|
|poke|p1|Gholdengo, L50|
|poke|p1|Porygon2, L50|
|poke|p1|Ursaluna, L50, F|
|poke|p2|Archaludon, L50, F|
|poke|p2|Basculegion, L50, M|
|poke|p2|Pelipper, L50, M|
|poke|p2|Amoonguss, L50, F|
|poke|p2|Kingambit, L50, M|
|poke|p2|Greninja-*, L50, M|
|teampreview|4
|showteam|p1|Incineroar||SafetyGoggles|Intimidate|FlareBlitz,KnockOff,PartingShot,FakeOut|||M|||50|,,,,,Ghost]Amoonguss||RockyHelmet|Regenerator|Protect,PollenPuff,RagePowder,Spore|||F|||50|,,,,,Water]Sneasler||FocusSash|Unburden|DireClaw,CloseCombat,ThroatChop,Protect|||M|||50|,,,,,Dark]Gholdengo||LifeOrb|GoodasGold|Protect,NastyPlot,MakeItRain,ShadowBall||||||50|,,,,,Dragon]Porygon2||Eviolite|Download|TeraBlast,IceBeam,Recover,TrickRoom||||||50|,,,,,Fighting]Ursaluna||FlameOrb|Guts|Protect,Facade,HeadlongRush,Substitute|||F|||50|,,,,,Ghost
|showteam|p2|Archaludon||AssaultVest|Stamina|FlashCannon,DracoMeteor,ElectroShot,BodyPress|||F|||50|,,,,,Bug]Basculegion||ChoiceBand|SwiftSwim|WaveCrash,LastRespects,FlipTurn,AquaJet|||M|||50|,,,,,Water]Pelipper||FocusSash|Drizzle|WeatherBall,Hurricane,Tailwind,Protect|||M|||50|,,,,,Steel]Amoonguss||SitrusBerry|Regenerator|PollenPuff,RagePowder,Spore,Protect|||F|||50|,,,,,Psychic]Kingambit||SafetyGoggles|Defiant|KowtowCleave,SuckerPunch,SwordsDance,Protect|||M|||50|,,,,,Dark]Greninja||LoadedDice|Torrent|WaterShuriken,DarkPulse,Taunt,Protect|||M|||50|,,,,,Ghost
|
|t:|1757184945
|teamsize|p1|4
|teamsize|p2|4
|start
|switch|p1a: Amoonguss|Amoonguss, L50, F, shiny|100/100
|switch|p1b: Sneasler|Sneasler, L50, M|100/100
|switch|p2a: Archaludon|Archaludon, L50, F|100/100
|switch|p2b: Greninja|Greninja, L50, M|100/100
|turn|1
|
|t:|1757184988
|-terastallize|p2a: Archaludon|Bug
|move|p1a: Amoonguss|Rage Powder|p1a: Amoonguss
|-singleturn|p1a: Amoonguss|move: Rage Powder
|move|p1b: Sneasler|Close Combat|p2a: Archaludon
|-resisted|p2a: Archaludon
|-damage|p2a: Archaludon|77/100
|-unboost|p1b: Sneasler|def|1
|-unboost|p1b: Sneasler|spd|1
|-ability|p2a: Archaludon|Stamina|boost
|-boost|p2a: Archaludon|def|1
|move|p2b: Greninja|Taunt|p1a: Amoonguss
|-start|p1a: Amoonguss|move: Taunt
|move|p2a: Archaludon|Electro Shot||[still]
|-prepare|p2a: Archaludon|Electro Shot
|-boost|p2a: Archaludon|spa|1
|
|upkeep
|turn|2
|
|t:|1757185016
|move|p1b: Sneasler|Protect|p1b: Sneasler
|-singleturn|p1b: Sneasler|Protect
|move|p2b: Greninja|Water Shuriken|p2a: Archaludon
|-damage|p2a: Archaludon|70/100
|-ability|p2a: Archaludon|Stamina|boost
|-boost|p2a: Archaludon|def|1
|-damage|p2a: Archaludon|64/100
|-ability|p2a: Archaludon|Stamina|boost
|-boost|p2a: Archaludon|def|1
|-damage|p2a: Archaludon|58/100
|-ability|p2a: Archaludon|Stamina|boost
|-boost|p2a: Archaludon|def|1
|-damage|p2a: Archaludon|53/100
|-ability|p2a: Archaludon|Stamina|boost
|-boost|p2a: Archaludon|def|1
|-crit|p2a: Archaludon
|-damage|p2a: Archaludon|44/100
|-ability|p2a: Archaludon|Stamina|boost
|-boost|p2a: Archaludon|def|1
|-hitcount|p2a: Archaludon|5
|move|p2a: Archaludon|Electro Shot|p1b: Sneasler|[from] lockedmove
|-activate|p1b: Sneasler|move: Protect
|move|p1a: Amoonguss|Pollen Puff|p2b: Greninja
|-supereffective|p2b: Greninja
|-damage|p2b: Greninja|55/100
|
|upkeep
|turn|3
|
|t:|1757185064
|switch|p2b: Amoonguss|Amoonguss, L50, F|100/100
|switch|p1a: Porygon2|Porygon2, L50|100/100
|-ability|p1a: Porygon2|Download|boost
|-boost|p1a: Porygon2|spa|1
|move|p1b: Sneasler|Close Combat|p2b: Amoonguss
|-resisted|p2b: Amoonguss
|-damage|p2b: Amoonguss|74/100
|-unboost|p1b: Sneasler|def|1
|-unboost|p1b: Sneasler|spd|1
|move|p2a: Archaludon|Body Press|p1b: Sneasler
|-resisted|p1b: Sneasler
|-enditem|p1b: Sneasler|Focus Sash
|-damage|p1b: Sneasler|1/100
|
|upkeep
|turn|4
|
|t:|1757185097
|switch|p1a: Gholdengo|Gholdengo, L50|100/100
|move|p1b: Sneasler|Dire Claw|p2a: Archaludon
|-damage|p2a: Archaludon|36/100
|move|p2a: Archaludon|Body Press|p1a: Gholdengo
|-immune|p1a: Gholdengo
|move|p2b: Amoonguss|Pollen Puff|p2a: Archaludon
|-heal|p2a: Archaludon|86/100
|
|upkeep
|turn|5
|
|t:|1757185126
|switch|p2b: Pelipper|Pelipper, L50, M, shiny|100/100
|-weather|RainDance|[from] ability: Drizzle|[of] p2b: Pelipper
|move|p1b: Sneasler|Dire Claw|p2a: Archaludon
|-damage|p2a: Archaludon|78/100
|move|p1a: Gholdengo|Nasty Plot|p1a: Gholdengo
|-boost|p1a: Gholdengo|spa|2
|move|p2a: Archaludon|Electro Shot||[still]
|-prepare|p2a: Archaludon|Electro Shot
|-boost|p2a: Archaludon|spa|1
|-anim|p2a: Archaludon|Electro Shot|p1a: Gholdengo
|-damage|p1a: Gholdengo|28/100
|
|-weather|RainDance|[upkeep]
|upkeep
|turn|6
|
|t:|1757185178
|move|p1b: Sneasler|Dire Claw|p2b: Pelipper
|-damage|p2b: Pelipper|40/100
|move|p1a: Gholdengo|Shadow Ball|p2a: Archaludon
|-damage|p2a: Archaludon|0 fnt
|faint|p2a: Archaludon
|-damage|p1a: Gholdengo|18/100|[from] item: Life Orb
|move|p2b: Pelipper|Tailwind|p2b: Pelipper
|-sidestart|p2: angandi01|move: Tailwind
|
|-weather|RainDance|[upkeep]
|upkeep
|
|t:|1757185194
|switch|p2a: Greninja|Greninja, L50, M|55/100
|turn|7
|
|t:|1757185220
|move|p1a: Gholdengo|Protect|p1a: Gholdengo
|-singleturn|p1a: Gholdengo|Protect
|move|p2a: Greninja|Water Shuriken|p1b: Sneasler
|-damage|p1b: Sneasler|0 fnt
|faint|p1b: Sneasler
|-hitcount|p1: Sneasler|1
|move|p2b: Pelipper|Weather Ball|p1a: Gholdengo
|-activate|p1a: Gholdengo|move: Protect
|
|-weather|RainDance|[upkeep]
|upkeep
|
|t:|1757185232
|switch|p1b: Amoonguss|Amoonguss, L50, F, shiny|100/100
|turn|8
|
|t:|1757185249
|-terastallize|p1b: Amoonguss|Water
|move|p2b: Pelipper|Protect|p2b: Pelipper
|-singleturn|p2b: Pelipper|Protect
|move|p1b: Amoonguss|Rage Powder|p1b: Amoonguss
|-singleturn|p1b: Amoonguss|move: Rage Powder
|move|p2a: Greninja|Taunt|p1b: Amoonguss
|-start|p1b: Amoonguss|move: Taunt
|move|p1a: Gholdengo|Make It Rain|p2b: Pelipper|[spread] p2a
|-activate|p2b: Pelipper|move: Protect
|-resisted|p2a: Greninja
|-damage|p2a: Greninja|0 fnt
|-unboost|p1a: Gholdengo|spa|1
|faint|p2a: Greninja
|-damage|p1a: Gholdengo|9/100|[from] item: Life Orb
|
|-weather|RainDance|[upkeep]
|upkeep
|
|t:|1757185266
|switch|p2a: Amoonguss|Amoonguss, L50, F|100/100
|turn|9
|
|t:|1757185290
|move|p1a: Gholdengo|Protect|p1a: Gholdengo
|-singleturn|p1a: Gholdengo|Protect
|move|p2b: Pelipper|Weather Ball|p1a: Gholdengo
|-activate|p1a: Gholdengo|move: Protect
|move|p2a: Amoonguss|Spore|p1b: Amoonguss
|-status|p1b: Amoonguss|slp|[from] move: Spore
|cant|p1b: Amoonguss|slp
|
|-weather|none
|-sideend|p2: angandi01|move: Tailwind
|upkeep
|turn|10
|
|t:|1757185320
|move|p1a: Gholdengo|Make It Rain|p2a: Amoonguss|[spread] p2a,p2b
|-resisted|p2b: Pelipper
|-damage|p2a: Amoonguss|33/100
|-damage|p2b: Pelipper|0 fnt
|-unboost|p1a: Gholdengo|spa|1
|-enditem|p2a: Amoonguss|Sitrus Berry|[eat]
|-heal|p2a: Amoonguss|58/100|[from] item: Sitrus Berry
|faint|p2b: Pelipper
|-damage|p1a: Gholdengo|0 fnt|[from] item: Life Orb
|faint|p1a: Gholdengo
|cant|p1b: Amoonguss|slp
|move|p2a: Amoonguss|Pollen Puff|p2: Pelipper|[notarget]
|-fail|p2a: Amoonguss
|
|upkeep
|
|t:|1757185331
|switch|p1a: Porygon2|Porygon2, L50|100/100
|-ability|p1a: Porygon2|Download|boost
|-boost|p1a: Porygon2|atk|1
|turn|11
|
|t:|1757185343
|move|p1a: Porygon2|Ice Beam|p2a: Amoonguss
|-supereffective|p2a: Amoonguss
|-damage|p2a: Amoonguss|14/100
|-status|p2a: Amoonguss|frz
|-curestatus|p2a: Amoonguss|frz|[msg]
|move|p2a: Amoonguss|Spore|p1a: Porygon2
|-status|p1a: Porygon2|slp|[from] move: Spore
|cant|p1b: Amoonguss|slp
|
|-end|p1b: Amoonguss|move: Taunt
|upkeep
|turn|12
|
|t:|1757185357
|cant|p1a: Porygon2|slp
|move|p2a: Amoonguss|Pollen Puff|p1a: Porygon2
|-damage|p1a: Porygon2|89/100 slp
|-curestatus|p1b: Amoonguss|slp|[msg]
|move|p1b: Amoonguss|Pollen Puff|p2a: Amoonguss
|-damage|p2a: Amoonguss|0 fnt
|faint|p2a: Amoonguss
|
|win|Panexeri
||angandi01 is ready for game 2.
|inactive|Panexeri has 30 seconds to confirm battle start!
||Panexeri is ready for game 2.
|uhtml|next|Next: Game 2 of 3
|l|☆angandi01
|player|p2|
