|j|☆a15003606
|j|☆Br1_lore
|html|a15003606Br1_lore    
|uhtml|bestof|Game 1 of a best-of-3
|t:|1785355544
|gametype|doubles
|player|p1|a15003606|ethan|1128
|player|p2|Br1_lore|101|1115
|gen|9
|tier|[Gen 9 Champions] VGC 2026 Reg M-B (Bo3)
|rated|
|rule|Species Clause: Limit one of each Pokémon
|rule|Item Clause: Limit 1 of each item
|clearpoke
|poke|p1|Tyranitar, L50, F|
|poke|p1|Excadrill, L50, M|
|poke|p1|Gholdengo, L50|
|poke|p1|Staraptor, L50, F|
|poke|p1|Sinistcha, L50|
|poke|p1|Milotic, L50, F|
|poke|p2|Metagross, L50|
|poke|p2|Hydreigon, L50, F|
|poke|p2|Sneasler, L50, F|
|poke|p2|Aerodactyl, L50, M|
|poke|p2|Sylveon, L50, M|
|poke|p2|Decidueye-Hisui, L50, M|
|teampreview|4
|showteam|p1|Tyranitar||Tyranitarite|SandStream|RockSlide,KnockOff,DragonDance,Protect|Adamant||F|||50|]Excadrill||FocusSash|SandRush|Earthquake,IronHead,RockSlide,Protect|Jolly||M|||50|]Gholdengo||LifeOrb|GoodasGold|MakeItRain,ShadowBall,NastyPlot,Protect|Serious|||||50|]Staraptor||Staraptite|Intimidate|CloseCombat,BraveBird,BlazeKick,Protect|Jolly||F|||50|]Sinistcha||SitrusBerry|Hospitality|MatchaGotcha,RagePowder,TrickRoom,StrengthSap|Bold|||||50|]Milotic||Leftovers|Competitive|MuddyWater,Coil,Hypnosis,Recover|Bold||F|||50|
|showteam|p2|Metagross||Metagrossite|ClearBody|IronHead,PsychicFangs,StompingTantrum,Protect|Jolly|||||50|]Hydreigon||LifeOrb|Levitate|Protect,DragonPulse,HeatWave,DarkPulse|Modest||F|||50|]Sneasler||WhiteHerb|Unburden|CloseCombat,DireClaw,FakeOut,Protect|Adamant||F|||50|]Aerodactyl||FocusSash|Unnerve|DualWingbeat,Protect,Tailwind,RockSlide|Jolly||M|||50|]Sylveon||FairyFeather|Pixilate|HyperVoice,QuickAttack,HyperBeam,Detect|Modest||M|||50|]Decidueye-Hisui||ScopeLens|Scrappy|Haze,Protect,TripleArrows,LeafBlade|Adamant||M|||50|
|inactive|Battle timer is ON: inactive players will automatically lose when time's up. (requested by a15003606)
|inactive|a15003606 has 60 seconds left.
|inactive|Br1_lore has 60 seconds left.
|inactive|a15003606 has 30 seconds left.
|
|t:|1785355612
|teamsize|p1|4
|teamsize|p2|4
|start
|switch|p1a: Gholdengo|Gholdengo, L50|100/100
|switch|p1b: Staraptor|Staraptor, L50, F|100/100
|switch|p2a: Metagross|Metagross, L50|100/100
|switch|p2b: Decidueye|Decidueye-Hisui, L50, M|100/100
|-ability|p1b: Staraptor|Intimidate|boost
|-fail|p2a: Metagross|unboost|[from] ability: Clear Body|[of] p2a: Metagross
|-fail|p2b: Decidueye|unboost|Attack|[from] ability: Scrappy|[of] p2b: Decidueye
|turn|1
|inactive|a15003606 has 30 seconds left.
|inactive|Br1_lore has 30 seconds left.
|inactive|Br1_lore has 20 seconds left.
|inactive|Br1_lore has 15 seconds left.
|inactive|Br1_lore has 10 seconds left.
|inactive|Br1_lore has 5 seconds left.
|
|t:|1785355663
|move|p1b: Staraptor|Protect|p1b: Staraptor
|-singleturn|p1b: Staraptor|Protect
|move|p2a: Metagross|Protect|p2a: Metagross
|-singleturn|p2a: Metagross|Protect
|move|p1a: Gholdengo|Shadow Ball|p2a: Metagross
|-activate|p2a: Metagross|move: Protect
|move|p2b: Decidueye|Triple Arrows|p1a: Gholdengo
|-supereffective|p1a: Gholdengo|1
|-crit|p1a: Gholdengo
|-damage|p1a: Gholdengo|0 fnt
|faint|p1a: Gholdengo
|
|upkeep
|
|t:|1785355674
|switch|p1a: Excadrill|Excadrill, L50, M|100/100
|turn|2
|inactive|Br1_lore has 30 seconds left.
|inactive|Br1_lore has 20 seconds left.
|inactive|Br1_lore has 15 seconds left.
|
|t:|1785355714
|detailschange|p1b: Staraptor|Staraptor-Mega, L50, F
|-mega|p1b: Staraptor|Staraptor|Staraptite
|detailschange|p2a: Metagross|Metagross-Mega, L50
|-mega|p2a: Metagross|Metagross|Metagrossite
|move|p2b: Decidueye|Protect|p2b: Decidueye
|-singleturn|p2b: Decidueye|Protect
|move|p1b: Staraptor|Brave Bird|p2b: Decidueye
|-activate|p2b: Decidueye|move: Protect
|move|p2a: Metagross|Psychic Fangs|p1b: Staraptor
|-supereffective|p1b: Staraptor|1
|-damage|p1b: Staraptor|0 fnt
|faint|p1b: Staraptor
|move|p1a: Excadrill|Earthquake|p2b: Decidueye|[spread] p2a
|-activate|p2b: Decidueye|move: Protect
|-supereffective|p2a: Metagross|1
|-damage|p2a: Metagross|41/100
|
|upkeep
|
|t:|1785355722
|switch|p1b: Sinistcha|Sinistcha, L50|100/100
|turn|3
|inactive|Br1_lore has 30 seconds left.
|
|t:|1785355748
|move|p2a: Metagross|Psychic Fangs|p1b: Sinistcha
|-damage|p1b: Sinistcha|54/100
|move|p1a: Excadrill|Iron Head|p2b: Decidueye
|-damage|p2b: Decidueye|56/100
|move|p1b: Sinistcha|Matcha Gotcha|p2b: Decidueye|[spread] p2a,p2b
|-resisted|p2a: Metagross|1
|-resisted|p2b: Decidueye|1
|-crit|p2b: Decidueye
|-damage|p2a: Metagross|27/100
|-heal|p1b: Sinistcha|60/100|[from] drain|[of] p2a: Metagross
|-damage|p2b: Decidueye|37/100
|-heal|p1b: Sinistcha|71/100|[from] drain|[of] p2b: Decidueye
|-status|p2b: Decidueye|brn
|move|p2b: Decidueye|Triple Arrows|p1a: Excadrill
|-supereffective|p1a: Excadrill|1
|-crit|p1a: Excadrill
|-enditem|p1a: Excadrill|Focus Sash
|-damage|p1a: Excadrill|1/100
|-unboost|p1a: Excadrill|def|1
|
|-damage|p2b: Decidueye|31/100 brn|[from] brn
|upkeep
|turn|4
|inactive|a15003606 has 30 seconds left.
|inactive|Br1_lore has 30 seconds left.
|inactive|a15003606 has 20 seconds left.
|inactive|Br1_lore has 20 seconds left.
|
|t:|1785355788
|move|p1b: Sinistcha|Rage Powder|p1b: Sinistcha
|-singleturn|p1b: Sinistcha|move: Rage Powder
|move|p2a: Metagross|Iron Head|p1b: Sinistcha
|-damage|p1b: Sinistcha|23/100
|-enditem|p1b: Sinistcha|Sitrus Berry|[eat]
|-heal|p1b: Sinistcha|48/100|[from] item: Sitrus Berry
|move|p1a: Excadrill|Earthquake|p2b: Decidueye|[spread] p1b,p2a,p2b
|-resisted|p1b: Sinistcha|1
|-supereffective|p2a: Metagross|1
|-resisted|p2b: Decidueye|1
|-damage|p1b: Sinistcha|32/100
|-damage|p2a: Metagross|0 fnt
|-damage|p2b: Decidueye|11/100 brn
|faint|p2a: Metagross
|move|p2b: Decidueye|Triple Arrows|p1a: Excadrill
|-supereffective|p1a: Excadrill|1
|-damage|p1a: Excadrill|0 fnt
|faint|p1a: Excadrill
|
|-damage|p2b: Decidueye|5/100 brn|[from] brn
|upkeep
|
|t:|1785355806
|switch|p2a: Hydreigon|Hydreigon, L50, F|100/100
|turn|5
|
|t:|1785355814
|move|p2a: Hydreigon|Dark Pulse|p1b: Sinistcha
|-supereffective|p1b: Sinistcha|1
|-damage|p1b: Sinistcha|0 fnt
|faint|p1b: Sinistcha
|-damage|p2a: Hydreigon|90/100|[from] item: Life Orb
|
|win|Br1_lore
||Br1_lore is ready for game 2.
||a15003606 is ready for game 2.
|uhtml|next|Next: Game 2 of 3
|l|☆a15003606
|player|p1|
