|j|☆vglabmty
|j|☆AzotaVenecos
|html|vglabmtyAzotaVenecos    
|uhtml|bestof|Game 1 of a best-of-3
|t:|1784925120
|gametype|doubles
|player|p1|vglabmty|266|
|player|p2|AzotaVenecos|2|
|gen|9
|tier|[Gen 9 Champions] VGC 2026 Reg M-B (Bo3)
|rule|Species Clause: Limit one of each Pokémon
|rule|Item Clause: Limit 1 of each item
|clearpoke
|poke|p1|Excadrill, L50, M|
|poke|p1|Farigiraf, L50, M|
|poke|p1|Tyranitar, L50, F|
|poke|p1|Froslass, L50, F|
|poke|p1|Sneasler, L50, M|
|poke|p1|Kingambit, L50, F|
|poke|p2|Charizard, L50, F|
|poke|p2|Grimmsnarl, L50, M|
|poke|p2|Pelipper, L50, F|
|poke|p2|Archaludon, L50, F|
|poke|p2|Basculegion, L50, M|
|poke|p2|Venusaur, L50, M|
|teampreview|4
|showteam|p1|Excadrill||FocusSash|SandRush|HighHorsepower,Protect,IronHead,PoisonJab|Adamant||M|||50|]Farigiraf||SitrusBerry|ArmorTail|HelpingHand,Thunderbolt,TwinBeam,TrickRoom|Relaxed||M|||50|]Tyranitar||Tyranitarite|SandStream|DragonDance,KnockOff,RockSlide,Protect|Adamant||F|||50|]Froslass||Froslassite|CursedBody|AuroraVeil,Protect,Blizzard,ShadowBall|Timid||F|||50|]Sneasler||WhiteHerb|Unburden|FakeOut,DireClaw,CloseCombat,NightSlash|Adamant||M|||50|]Kingambit||BlackGlasses|Defiant|Protect,SwordsDance,SuckerPunch,KowtowCleave|Adamant||F|||50|
|showteam|p2|Charizard||CharizarditeY|Blaze|Protect,HeatWave,WeatherBall,SolarBeam|Modest||F|||50|]Grimmsnarl||LightClay|Prankster|SpiritBreak,Reflect,LightScreen,PartingShot|Sassy||M|||50|]Pelipper||SitrusBerry|Drizzle|Hurricane,WeatherBall,Tailwind,WideGuard|Modest||F|||50|]Archaludon||Leftovers|Stamina|Protect,ElectroShot,DragonPulse,FlashCannon|Calm||F|||50|]Basculegion||ChoiceScarf|Adaptability|FlipTurn,WaveCrash,AquaJet,LastRespects|Jolly||M|||50|]Venusaur||FocusSash|Chlorophyll|Protect,SleepPowder,SludgeBomb,EarthPower|Modest||M|||50|
|
|t:|1784925188
|teamsize|p1|4
|teamsize|p2|4
|start
|switch|p1a: Farigiraf|Farigiraf, L50, M|100/100
|switch|p1b: Sneasler|Sneasler, L50, M|100/100
|switch|p2a: Charizard|Charizard, L50, F|100/100
|switch|p2b: Grimmsnarl|Grimmsnarl, L50, M|100/100
|turn|1
|
|t:|1784925241
|detailschange|p2a: Charizard|Charizard-Mega-Y, L50, F
|-mega|p2a: Charizard|Charizard|Charizardite Y
|-weather|SunnyDay|[from] ability: Drought|[of] p2a: Charizard
|move|p1a: Farigiraf|Helping Hand|p1b: Sneasler
|-singleturn|p1b: Sneasler|Helping Hand|[of] p1a: Farigiraf
|move|p2b: Grimmsnarl|Reflect|p2b: Grimmsnarl
|-sidestart|p2: AzotaVenecos|Reflect
|move|p1b: Sneasler|Dire Claw|p2b: Grimmsnarl
|-supereffective|p2b: Grimmsnarl|1
|-damage|p2b: Grimmsnarl|0 fnt
|faint|p2b: Grimmsnarl
|move|p2a: Charizard|Heat Wave|p1b: Sneasler|[spread] p1b
|-miss|p2a: Charizard|p1a: Farigiraf
|-damage|p1b: Sneasler|21/100
|
|-weather|SunnyDay|[upkeep]
|upkeep
|
|t:|1784925259
|switch|p2b: Archaludon|Archaludon, L50, F|100/100
|turn|2
|
|t:|1784925270
|switch|p1b: Tyranitar|Tyranitar, L50, F|100/100
|-weather|Sandstorm|[from] ability: Sand Stream|[of] p1b: Tyranitar
|move|p2a: Charizard|Heat Wave|p1b: Tyranitar|[spread] p1a,p1b
|-resisted|p1b: Tyranitar|1
|-damage|p1a: Farigiraf|57/100
|-damage|p1b: Tyranitar|86/100
|-status|p1a: Farigiraf|brn
|move|p2b: Archaludon|Dragon Pulse|p1a: Farigiraf
|-damage|p1a: Farigiraf|24/100 brn
|-enditem|p1a: Farigiraf|Sitrus Berry|[eat]
|-heal|p1a: Farigiraf|49/100 brn|[from] item: Sitrus Berry
|move|p1a: Farigiraf|Thunderbolt|p2a: Charizard
|-supereffective|p2a: Charizard|1
|-crit|p2a: Charizard
|-damage|p2a: Charizard|37/100
|
|-weather|Sandstorm|[upkeep]
|-damage|p2a: Charizard|31/100|[from] Sandstorm
|-damage|p1a: Farigiraf|43/100 brn|[from] Sandstorm
|-damage|p1a: Farigiraf|37/100 brn|[from] brn
|upkeep
|turn|3
|
|t:|1784925295
|switch|p2a: Pelipper|Pelipper, L50, F|100/100
|-weather|RainDance|[from] ability: Drizzle|[of] p2a: Pelipper
|move|p1b: Tyranitar|Dragon Dance|p1b: Tyranitar
|-boost|p1b: Tyranitar|atk|1
|-boost|p1b: Tyranitar|spe|1
|move|p2b: Archaludon|Electro Shot||[still]
|-prepare|p2b: Archaludon|Electro Shot
|-boost|p2b: Archaludon|spa|1
|-anim|p2b: Archaludon|Electro Shot|p1a: Farigiraf
|-damage|p1a: Farigiraf|0 fnt
|faint|p1a: Farigiraf
|
|-weather|RainDance|[upkeep]
|upkeep
|
|t:|1784925307
|switch|p1a: Sneasler|Sneasler, L50, M|21/100
|turn|4
|
|t:|1784925345
|detailschange|p1b: Tyranitar|Tyranitar-Mega, L50, F
|-mega|p1b: Tyranitar|Tyranitar|Tyranitarite
|-weather|Sandstorm|[from] ability: Sand Stream|[of] p1b: Tyranitar
|move|p2a: Pelipper|Wide Guard|p2a: Pelipper
|-singleturn|p2a: Pelipper|Wide Guard
|move|p1b: Tyranitar|Knock Off|p2a: Pelipper
|-damage|p2a: Pelipper|28/100
|-enditem|p2a: Pelipper|Sitrus Berry|[from] move: Knock Off|[of] p1b: Tyranitar
|move|p1a: Sneasler|Close Combat|p2b: Archaludon
|-supereffective|p2b: Archaludon|1
|-damage|p2b: Archaludon|36/100
|-unboost|p1a: Sneasler|def|1
|-unboost|p1a: Sneasler|spd|1
|-ability|p2b: Archaludon|Stamina|boost
|-boost|p2b: Archaludon|def|1
|-enditem|p1a: Sneasler|White Herb
|-clearnegativeboost|p1a: Sneasler|[silent]
|move|p2b: Archaludon|Dragon Pulse|p1a: Sneasler
|-damage|p1a: Sneasler|0 fnt
|faint|p1a: Sneasler
|
|-weather|Sandstorm|[upkeep]
|-damage|p2a: Pelipper|22/100|[from] Sandstorm
|-heal|p2b: Archaludon|43/100|[from] item: Leftovers
|upkeep
|
|t:|1784925362
|switch|p1a: Kingambit|Kingambit, L50, F|100/100
|turn|5
|
|t:|1784925378
|move|p1b: Tyranitar|Knock Off|p2b: Archaludon
|-damage|p2b: Archaludon|12/100
|-ability|p2b: Archaludon|Stamina|boost
|-boost|p2b: Archaludon|def|1
|-enditem|p2b: Archaludon|Leftovers|[from] move: Knock Off|[of] p1b: Tyranitar
|move|p2b: Archaludon|Flash Cannon|p1b: Tyranitar
|-supereffective|p1b: Tyranitar|1
|-damage|p1b: Tyranitar|28/100
|move|p2a: Pelipper|Tailwind|p2a: Pelipper
|-sidestart|p2: AzotaVenecos|move: Tailwind
|move|p1a: Kingambit|Kowtow Cleave|p2b: Archaludon
|-damage|p2b: Archaludon|0 fnt
|faint|p2b: Archaludon
|
|-weather|Sandstorm|[upkeep]
|-damage|p2a: Pelipper|16/100|[from] Sandstorm
|upkeep
|
|t:|1784925391
|switch|p2b: Charizard|Charizard-Mega-Y, L50, F|31/100
|-weather|SunnyDay|[from] ability: Drought|[of] p2b: Charizard
|turn|6
|
|t:|1784925414
|move|p2b: Charizard|Protect|p2b: Charizard
|-singleturn|p2b: Charizard|Protect
|move|p1a: Kingambit|Sucker Punch||[still]
|-fail|p1a: Kingambit
|move|p2a: Pelipper|Weather Ball|p1a: Kingambit
|-supereffective|p1a: Kingambit|1
|-damage|p1a: Kingambit|30/100
|move|p1b: Tyranitar|Knock Off|p2a: Pelipper
|-damage|p2a: Pelipper|0 fnt
|faint|p2a: Pelipper
|
|-weather|SunnyDay|[upkeep]
|upkeep
|turn|7
|
|t:|1784925429
|move|p1a: Kingambit|Sucker Punch|p2b: Charizard
|-damage|p2b: Charizard|0 fnt
|faint|p2b: Charizard
|
|win|vglabmty
||AzotaVenecos is ready for game 2.
||vglabmty is ready for game 2.
|uhtml|next|Next: Game 2 of 3
|l|☆AzotaVenecos
|player|p2|
