|j|☆Mr. Girth
|j|☆doingVGCthings
|html|Mr. GirthdoingVGCthings    
|uhtml|bestof|Game 3 of a best-of-3
|t:|1756065081
|gametype|doubles
|player|p1|Mr. Girth|102|1184
|player|p2|doingVGCthings|swimmer-gen4dp|1209
|gen|9
|tier|[Gen 9] VGC 2025 Reg H (Bo3)
|rated|
|rule|Species Clause: Limit one of each Pokémon
|rule|Item Clause: Limit 1 of each item
|clearpoke
|poke|p1|Tyranitar, L50, F|
|poke|p1|Excadrill, L50, M|
|poke|p1|Kilowattrel, L50, F|
|poke|p1|Kommo-o, L50, M|
|poke|p1|Amoonguss, L50, F|
|poke|p1|Incineroar, L50, F|
|poke|p2|Volcarona, L50, M|
|poke|p2|Electabuzz, L50, M|
|poke|p2|Tyranitar, L50, M|
|poke|p2|Amoonguss, L50, F|
|poke|p2|Annihilape, L50, M|
|poke|p2|Mamoswine, L50, F|
|teampreview|4
|showteam|p1|Tyranitar||AssaultVest|SandStream|TeraBlast,LowKick,KnockOff,RockSlide|||F|||50|,,,,,Flying]Excadrill||FocusSash|SandRush|Earthquake,HighHorsepower,IronHead,Protect|||M|||50|,,,,,Ground]Kilowattrel||ChoiceSpecs|Competitive|Thunderbolt,Discharge,VoltSwitch,AirSlash|||F|||50|,,,,,Ghost]Kommo-o||ThroatSpray|Overcoat|AuraSphere,ClangingScales,ClangorousSoul,Protect|||M|||50|,,,,,Steel]Amoonguss||RockyHelmet|Regenerator|Spore,PollenPuff,RagePowder,Protect|||F|||50|,,,,,Water]Incineroar||SafetyGoggles|Intimidate|FlareBlitz,FakeOut,KnockOff,PartingShot|||F|||50|,,,,,Ghost
|showteam|p2|Volcarona||CovertCloak|FlameBody|Protect,HeatWave,GigaDrain,QuiverDance|||M|||50|,,,,,Grass]Electabuzz||Eviolite|VitalSpirit|Protect,Electroweb,Taunt,FollowMe|||M|||50|,,,,,Ghost]Tyranitar||AssaultVest|SandStream|RockSlide,KnockOff,LowKick,TeraBlast|||M|||50|,,,,,Flying]Amoonguss||SitrusBerry|Regenerator|Protect,PollenPuff,Spore,RagePowder|||F|||50|,,,,,Fairy]Annihilape||SafetyGoggles|Defiant|Protect,RageFist,CloseCombat,Coaching|||M|||50|,,,,,Water]Mamoswine||FocusSash|Oblivious|Protect,IcicleCrash,HighHorsepower,IceShard|||F|||50|,,,,,Stellar
|inactive|Battle timer is ON: inactive players will automatically lose when time's up. (requested by doingVGCthings)
|inactive|doingVGCthings has 60 seconds left.
|
|t:|1756065112
|teamsize|p1|4
|teamsize|p2|4
|start
|switch|p1a: Excadrill|Excadrill, L50, M|100/100
|switch|p1b: Kilowattrel|Kilowattrel, L50, F|100/100
|switch|p2a: Volcarona|Volcarona, L50, M|100/100
|switch|p2b: Amoonguss|Amoonguss, L50, F|100/100
|turn|1
|inactive|Mr. Girth has 30 seconds left.
|inactive|Mr. Girth has 20 seconds left.
|
|t:|1756065150
|-terastallize|p2a: Volcarona|Grass
|move|p2b: Amoonguss|Rage Powder|p2b: Amoonguss
|-singleturn|p2b: Amoonguss|move: Rage Powder
|move|p1b: Kilowattrel|Air Slash|p2b: Amoonguss
|-supereffective|p2b: Amoonguss
|-damage|p2b: Amoonguss|20/100
|-enditem|p2b: Amoonguss|Sitrus Berry|[eat]
|-heal|p2b: Amoonguss|45/100|[from] item: Sitrus Berry
|move|p1a: Excadrill|High Horsepower|p2b: Amoonguss
|-damage|p2b: Amoonguss|1/100
|move|p2a: Volcarona|Quiver Dance|p2a: Volcarona
|-boost|p2a: Volcarona|spa|1
|-boost|p2a: Volcarona|spd|1
|-boost|p2a: Volcarona|spe|1
|
|upkeep
|turn|2
|inactive|doingVGCthings has 30 seconds left.
|
|t:|1756065182
|switch|p1b: Tyranitar|Tyranitar, L50, F|100/100
|-weather|Sandstorm|[from] ability: Sand Stream|[of] p1b: Tyranitar
|move|p1a: Excadrill|Protect|p1a: Excadrill
|-singleturn|p1a: Excadrill|Protect
|move|p2a: Volcarona|Heat Wave|p1a: Excadrill|[spread] p1b
|-activate|p1a: Excadrill|move: Protect
|-resisted|p1b: Tyranitar
|-damage|p1b: Tyranitar|89/100
|move|p2b: Amoonguss|Spore|p1b: Tyranitar
|-status|p1b: Tyranitar|slp|[from] move: Spore
|
|-weather|Sandstorm|[upkeep]
|-damage|p2a: Volcarona|95/100|[from] Sandstorm
|-damage|p2b: Amoonguss|0 fnt|[from] Sandstorm
|faint|p2b: Amoonguss
|upkeep
|
|t:|1756065198
|switch|p2b: Tyranitar|Tyranitar, L50, M|100/100
|turn|3
|
|t:|1756065211
|move|p1a: Excadrill|High Horsepower|p2b: Tyranitar
|-supereffective|p2b: Tyranitar
|-damage|p2b: Tyranitar|24/100
|move|p2a: Volcarona|Heat Wave|p1a: Excadrill|[spread] p1a,p1b
|-supereffective|p1a: Excadrill
|-resisted|p1b: Tyranitar
|-enditem|p1a: Excadrill|Focus Sash
|-damage|p1a: Excadrill|1/100
|-damage|p1b: Tyranitar|79/100 slp
|move|p2b: Tyranitar|Low Kick|p1b: Tyranitar
|-supereffective|p1b: Tyranitar
|-damage|p1b: Tyranitar|0 fnt
|faint|p1b: Tyranitar
|
|-weather|Sandstorm|[upkeep]
|-damage|p2a: Volcarona|89/100|[from] Sandstorm
|upkeep
|
|t:|1756065228
|switch|p1b: Incineroar|Incineroar, L50, F|100/100
|-ability|p1b: Incineroar|Intimidate|boost
|-unboost|p2a: Volcarona|atk|1
|-unboost|p2b: Tyranitar|atk|1
|turn|4
|
|t:|1756065240
|move|p1a: Excadrill|High Horsepower|p2b: Tyranitar
|-supereffective|p2b: Tyranitar
|-damage|p2b: Tyranitar|0 fnt
|faint|p2b: Tyranitar
|move|p2a: Volcarona|Heat Wave|p1a: Excadrill|[spread] 
|-miss|p2a: Volcarona|p1a: Excadrill
|-miss|p2a: Volcarona|p1b: Incineroar
|move|p1b: Incineroar|Flare Blitz|p2a: Volcarona
|-supereffective|p2a: Volcarona
|-damage|p2a: Volcarona|0 fnt
|faint|p2a: Volcarona
|-damage|p1b: Incineroar|76/100|[from] Recoil
|
|-weather|Sandstorm|[upkeep]
|upkeep
|
|t:|1756065251
|switch|p2a: Mamoswine|Mamoswine, L50, F|100/100
|turn|5
|
|t:|1756065259
|move|p1a: Excadrill|Iron Head|p2a: Mamoswine
|-supereffective|p2a: Mamoswine
|-damage|p2a: Mamoswine|12/100
|move|p2a: Mamoswine|High Horsepower|p1b: Incineroar
|-supereffective|p1b: Incineroar
|-damage|p1b: Incineroar|0 fnt
|faint|p1b: Incineroar
|
|-weather|Sandstorm|[upkeep]
|upkeep
|
|t:|1756065264
|switch|p1b: Kilowattrel|Kilowattrel, L50, F|100/100
|turn|6
|
|t:|1756065272
|move|p2a: Mamoswine|Ice Shard|p1a: Excadrill
|-damage|p1a: Excadrill|0 fnt
|faint|p1a: Excadrill
|move|p1b: Kilowattrel|Air Slash|p2a: Mamoswine
|-damage|p2a: Mamoswine|0 fnt
|faint|p2a: Mamoswine
|
|win|Mr. Girth
|raw|Mr. Girth's rating: 1184 → 1211(+27 for winning)
|raw|doingVGCthings's rating: 1209 → 1182(-27 for losing)
|c|☆Mr. Girth|gg
