|j|☆haxomotile04
|j|☆Oolapje123
|html|haxomotile04Oolapje123    
|uhtml|bestof|Game 2 of a best-of-3
|t:|1782314403
|gametype|doubles
|player|p1|haxomotile04|266|1048
|player|p2|Oolapje123|170|1009
|gen|9
|tier|[Gen 9 Champions] VGC 2026 Reg M-B (Bo3)
|rated|
|rule|Species Clause: Limit one of each Pokémon
|rule|Item Clause: Limit 1 of each item
|clearpoke
|poke|p1|Kommo-o, L50, M, shiny|
|poke|p1|Maushold, L50|
|poke|p1|Ninetales-Alola, L50, F, shiny|
|poke|p1|Incineroar, L50, M, shiny|
|poke|p1|Whimsicott, L50, M|
|poke|p1|Metagross, L50, shiny|
|poke|p2|Staraptor, L50, F|
|poke|p2|Gholdengo, L50|
|poke|p2|Grimmsnarl, L50, M|
|poke|p2|Samurott-Hisui, L50, M|
|poke|p2|Sneasler, L50, F|
|poke|p2|Talonflame, L50, M|
|teampreview|4
|showteam|p1|Kommo-o||DragonFang|Soundproof|ClangorousSoul,ClangingScales,Protect,IronHead|Timid||M|||50|]Maushold||Leftovers|FriendGuard|FollowMe,Protect,ThunderWave,SuperFang|Timid|||||50|]Ninetales-Alola||LightClay|SnowWarning|IcyWind,AuroraVeil,Protect,Disable|Timid||F|||50|]Incineroar||SitrusBerry|Intimidate|PartingShot,WillOWisp,FakeOut,Protect|Careful||M|||50|]Whimsicott||FocusSash|Prankster|Moonblast,Protect,Tailwind,Encore|Timid||M|||50|]Metagross||Metagrossite|ClearBody|BulletPunch,PsychicFangs,Earthquake,Explosion|Jolly|||||50|
|showteam|p2|Staraptor||Staraptite|Intimidate|CloseCombat,BraveBird,Protect,Roost|Jolly||F|||50|]Gholdengo||LifeOrb|GoodasGold|FlashCannon,MakeItRain,Protect,ShadowBall|Modest|||||50|]Grimmsnarl||LightClay|Prankster|FoulPlay,LightScreen,Reflect,PartingShot|Calm||M|||50|]Samurott-Hisui||ChoiceScarf|Sharpness|NightSlash,RazorShell,SacredSword,FlipTurn|Serious||M|||50|]Sneasler||WhiteHerb|Unburden|FakeOut,DireClaw,CloseCombat,Protect|Adamant||F|||50|]Talonflame||FocusSash|GaleWings|Tailwind,BraveBird,FlareBlitz,Protect|Jolly||M|||50|
|
|t:|1782314446
|teamsize|p1|4
|teamsize|p2|4
|start
|switch|p1a: Femmie|Ninetales-Alola, L50, F, shiny|100/100
|switch|p1b: deadmau5|Maushold, L50|100/100
|switch|p2a: Staraptor|Staraptor, L50, F|100/100
|switch|p2b: Grimmsnarl|Grimmsnarl, L50, M|100/100
|-weather|Snowscape|[from] ability: Snow Warning|[of] p1a: Femmie
|-ability|p2a: Staraptor|Intimidate|boost
|-unboost|p1a: Femmie|atk|1
|-unboost|p1b: deadmau5|atk|1
|turn|1
|c|☆haxomotile04|Oh what, my bad
|c|☆haxomotile04|Didnt mean for another game
|c|☆haxomotile04|oh well
|
|t:|1782314466
|detailschange|p2a: Staraptor|Staraptor-Mega, L50, F
|-mega|p2a: Staraptor|Staraptor|Staraptite
|move|p2a: Staraptor|Protect|p2a: Staraptor
|-singleturn|p2a: Staraptor|Protect
|move|p2b: Grimmsnarl|Light Screen|p2b: Grimmsnarl
|-sidestart|p2: Oolapje123|move: Light Screen
|move|p1b: deadmau5|Thunder Wave|p2a: Staraptor
|-activate|p2a: Staraptor|move: Protect
|move|p1a: Femmie|Aurora Veil|p1a: Femmie
|-sidestart|p1: haxomotile04|move: Aurora Veil
|
|-weather|Snowscape|[upkeep]
|upkeep
|turn|2
|
|t:|1782314489
|move|p2b: Grimmsnarl|Reflect|p2b: Grimmsnarl
|-sidestart|p2: Oolapje123|Reflect
|move|p1b: deadmau5|Thunder Wave|p2a: Staraptor
|-status|p2a: Staraptor|par
|move|p1a: Femmie|Disable|p2a: Staraptor
|-start|p2a: Staraptor|Disable|Protect
|move|p2a: Staraptor|Close Combat|p1a: Femmie
|-damage|p1a: Femmie|70/100
|-boost|p2a: Staraptor|def|1
|-boost|p2a: Staraptor|spd|1
|
|-weather|Snowscape|[upkeep]
|upkeep
|turn|3
|
|t:|1782314537
|move|p2b: Grimmsnarl|Parting Shot|p1a: Femmie
|-unboost|p1a: Femmie|atk|1
|-unboost|p1a: Femmie|spa|1
|
|t:|1782314542
|switch|p2b: Sneasler|Sneasler, L50, F|100/100|[from] Parting Shot
|move|p1b: deadmau5|Super Fang|p2a: Staraptor
|-damage|p2a: Staraptor|50/100y par
|move|p1a: Femmie|Icy Wind|p2b: Sneasler|[spread] p2a,p2b
|-supereffective|p2a: Staraptor|1
|-damage|p2a: Staraptor|40/100 par
|-damage|p2b: Sneasler|92/100
|-boost|p2a: Staraptor|spe|1
|-unboost|p2b: Sneasler|spe|1
|-enditem|p2b: Sneasler|White Herb
|-clearnegativeboost|p2b: Sneasler|[silent]
|cant|p2a: Staraptor|par
|
|-weather|Snowscape|[upkeep]
|upkeep
|turn|4
|
|t:|1782314578
|move|p1a: Femmie|Protect|p1a: Femmie
|-singleturn|p1a: Femmie|Protect
|move|p2b: Sneasler|Dire Claw|p1a: Femmie
|-activate|p1a: Femmie|move: Protect
|move|p1b: deadmau5|Thunder Wave|p2b: Sneasler
|-status|p2b: Sneasler|par
|move|p2a: Staraptor|Close Combat|p1b: deadmau5
|-supereffective|p1b: deadmau5|1
|-damage|p1b: deadmau5|0 fnt
|-boost|p2a: Staraptor|def|1
|-boost|p2a: Staraptor|spd|1
|faint|p1b: deadmau5
|
|-weather|Snowscape|[upkeep]
|upkeep
|
|t:|1782314605
|switch|p1b: Bang|Metagross, L50, shiny|100/100
|turn|5
|
|t:|1782314625
|switch|p2a: Grimmsnarl|Grimmsnarl, L50, M|100/100
|move|p1a: Femmie|Disable|p2b: Sneasler
|-start|p2b: Sneasler|Disable|Dire Claw
|cant|p2b: Sneasler|Disable|Dire Claw
|move|p1b: Bang|Psychic Fangs|p2b: Sneasler
|-sideend|p2: Oolapje123|Reflect
|-sideend|p2: Oolapje123|move: Light Screen
|-supereffective|p2b: Sneasler|2
|-damage|p2b: Sneasler|0 fnt
|faint|p2b: Sneasler
|
|-weather|none
|upkeep
|
|t:|1782314637
|switch|p2b: Samurott|Samurott-Hisui, L50, M|100/100
|turn|6
|
|t:|1782314668
|switch|p1a: Incineroar|Incineroar, L50, M, shiny|100/100
|-ability|p1a: Incineroar|Intimidate|boost
|-unboost|p2a: Grimmsnarl|atk|1
|-unboost|p2b: Samurott|atk|1
|move|p1b: Bang|Bullet Punch|p2a: Grimmsnarl
|-supereffective|p2a: Grimmsnarl|1
|-damage|p2a: Grimmsnarl|48/100
|move|p2b: Samurott|Night Slash|p1a: Incineroar
|-resisted|p1a: Incineroar|1
|-crit|p1a: Incineroar
|-damage|p1a: Incineroar|66/100
|move|p2a: Grimmsnarl|Foul Play|p1b: Bang
|-supereffective|p1b: Bang|1
|-damage|p1b: Bang|38/100
|
|upkeep
|turn|7
|
|t:|1782314697
|detailschange|p1b: Bang|Metagross-Mega, L50, shiny
|-mega|p1b: Bang|Metagross|Metagrossite
|move|p1a: Incineroar|Protect|p1a: Incineroar
|-singleturn|p1a: Incineroar|Protect
|move|p2b: Samurott|Night Slash|p1a: Incineroar
|-activate|p1a: Incineroar|move: Protect
|move|p1b: Bang|Earthquake|p2a: Grimmsnarl|[spread] p2a,p2b
|-activate|p1a: Incineroar|move: Protect
|-damage|p2a: Grimmsnarl|16/100
|-damage|p2b: Samurott|65/100
|move|p2a: Grimmsnarl|Foul Play|p1b: Bang
|-supereffective|p1b: Bang|1
|-damage|p1b: Bang|0 fnt
|faint|p1b: Bang
|
|upkeep
|
|t:|1782314710
|switch|p1b: Femmie|Ninetales-Alola, L50, F, shiny|70/100
|-weather|Snowscape|[from] ability: Snow Warning|[of] p1b: Femmie
|turn|8
|
|t:|1782314727
|move|p1b: Femmie|Protect|p1b: Femmie
|-singleturn|p1b: Femmie|Protect
|move|p2a: Grimmsnarl|Parting Shot|p1b: Femmie
|-activate|p1b: Femmie|move: Protect
|move|p2b: Samurott|Night Slash|p1b: Femmie
|-activate|p1b: Femmie|move: Protect
|move|p1a: Incineroar|Will-O-Wisp|p2b: Samurott
|-status|p2b: Samurott|brn
|
|-weather|Snowscape|[upkeep]
|-damage|p2b: Samurott|59/100 brn|[from] brn
|-sideend|p1: haxomotile04|move: Aurora Veil
|upkeep
|turn|9
|-message|Oolapje123 forfeited.
|
|win|haxomotile04
|raw|haxomotile04's rating: 1048 → 1077(+29 for winning)
|raw|Oolapje123's rating: 1009 → 1000(-9 for losing)
