|j|☆BenjiRNG
|j|☆Arhanjunior
|html|BenjiRNGArhanjunior    
|uhtml|bestof|Game 1 of a best-of-3
|t:|1782626421
|gametype|doubles
|player|p1|BenjiRNG|102|1118
|player|p2|Arhanjunior|2|1117
|gen|9
|tier|[Gen 9 Champions] VGC 2026 Reg M-B (Bo3)
|rated|
|rule|Species Clause: Limit one of each Pokémon
|rule|Item Clause: Limit 1 of each item
|clearpoke
|poke|p1|Raichu, L50, M|
|poke|p1|Gholdengo, L50|
|poke|p1|Basculegion, L50, M|
|poke|p1|Whimsicott, L50, M|
|poke|p1|Scrafty, L50, F|
|poke|p1|Arcanine-Hisui, L50, F|
|poke|p2|Swampert, L50, F|
|poke|p2|Pelipper, L50, M|
|poke|p2|Archaludon, L50, F|
|poke|p2|Sinistcha, L50|
|poke|p2|Maushold-Four, L50|
|poke|p2|Gholdengo, L50|
|teampreview|4
|showteam|p1|Raichu||RaichuniteY|LightningRod|FakeOut,ZapCannon,FocusBlast,Protect|Modest||M|||50|]Gholdengo||LifeOrb|GoodasGold|MakeItRain,ShadowBall,NastyPlot,Protect|Modest|||||50|]Basculegion||MysticWater|Adaptability|WaveCrash,LastRespects,AquaJet,Protect|Adamant||M|||50|]Whimsicott||FocusSash|Prankster|Moonblast,Encore,Tailwind,Protect|Timid||M|||50|]Scrafty||Scraftinite|Intimidate|FakeOut,CloseCombat,KnockOff,Protect|Adamant||F|||50|]Arcanine-Hisui||ChoiceScarf|Intimidate|FlareBlitz,HeadSmash,ExtremeSpeed,RockSlide|Adamant||F|||50|
|showteam|p2|Swampert||Swampertite|Damp|HighHorsepower,WaveCrash,IcePunch,Protect|Adamant||F|||50|]Pelipper||SitrusBerry|Drizzle|Hurricane,WeatherBall,Tailwind,WideGuard|Modest||M|||50|]Archaludon||Leftovers|Stamina|DragonPulse,ElectroShot,AuraSphere,FlashCannon|Modest||F|||50|]Sinistcha||KasibBerry|Hospitality|MatchaGotcha,TrickRoom,RagePowder,LifeDew|Bold|||||50|]Maushold-Four||FocusSash|FriendGuard|SuperFang,FollowMe,RainDance,Protect|Timid|||||50|]Gholdengo||LifeOrb|GoodasGold|MakeItRain,ShadowBall,NastyPlot,Protect|Modest|||||50|
|inactive|Battle timer is ON: inactive players will automatically lose when time's up. (requested by Arhanjunior)
|inactive|BenjiRNG has 60 seconds left.
|
|t:|1782626465
|teamsize|p1|4
|teamsize|p2|4
|start
|switch|p1a: Basculegion|Basculegion, L50, M|100/100
|switch|p1b: Scrafty|Scrafty, L50, F|100/100
|switch|p2a: Gholdengo|Gholdengo, L50|100/100
|switch|p2b: Maushold|Maushold-Four, L50|100/100
|-ability|p1b: Scrafty|Intimidate|boost
|-unboost|p2a: Gholdengo|atk|1
|-unboost|p2b: Maushold|atk|1
|turn|1
|
|t:|1782626485
|move|p1b: Scrafty|Fake Out|p2b: Maushold
|-damage|p2b: Maushold|85/100
|cant|p2b: Maushold|flinch
|move|p1a: Basculegion|Wave Crash|p2a: Gholdengo
|-damage|p2a: Gholdengo|28/100
|-damage|p1a: Basculegion|77/100|[from] Recoil
|move|p2a: Gholdengo|Shadow Ball|p1a: Basculegion
|-supereffective|p1a: Basculegion|1
|-damage|p1a: Basculegion|0 fnt
|faint|p1a: Basculegion
|-damage|p2a: Gholdengo|18/100|[from] item: Life Orb
|
|upkeep
|
|t:|1782626504
|switch|p1a: Gholdengo|Gholdengo, L50|100/100
|turn|2
|
|t:|1782626527
|detailschange|p1b: Scrafty|Scrafty-Mega, L50, F
|-mega|p1b: Scrafty|Scrafty|Scraftinite
|-ability|p1b: Scrafty|Intimidate|boost
|-unboost|p2a: Gholdengo|atk|1
|-unboost|p2b: Maushold|atk|1
|move|p1a: Gholdengo|Protect|p1a: Gholdengo
|-singleturn|p1a: Gholdengo|Protect
|move|p2b: Maushold|Follow Me|p2b: Maushold
|-singleturn|p2b: Maushold|move: Follow Me
|move|p2a: Gholdengo|Shadow Ball|p1a: Gholdengo
|-activate|p1a: Gholdengo|move: Protect
|move|p1b: Scrafty|Close Combat|p2b: Maushold
|-supereffective|p2b: Maushold|1
|-damage|p2b: Maushold|0 fnt
|-unboost|p1b: Scrafty|def|1
|-unboost|p1b: Scrafty|spd|1
|faint|p2b: Maushold
|
|upkeep
|
|t:|1782626535
|switch|p2b: Swampert|Swampert, L50, F|100/100
|turn|3
|
|t:|1782626551
|switch|p1a: Whimsicott|Whimsicott, L50, M|100/100
|detailschange|p2b: Swampert|Swampert-Mega, L50, F
|-mega|p2b: Swampert|Swampert|Swampertite
|move|p2a: Gholdengo|Protect|p2a: Gholdengo
|-singleturn|p2a: Gholdengo|Protect
|move|p2b: Swampert|High Horsepower|p1a: Whimsicott
|-resisted|p1a: Whimsicott|1
|-damage|p1a: Whimsicott|57/100
|move|p1b: Scrafty|Knock Off|p2a: Gholdengo
|-activate|p2a: Gholdengo|move: Protect
|
|upkeep
|turn|4
|
|t:|1782626567
|switch|p2a: Pelipper|Pelipper, L50, M|100/100
|-weather|RainDance|[from] ability: Drizzle|[of] p2a: Pelipper
|switch|p1b: Gholdengo|Gholdengo, L50|100/100
|move|p2b: Swampert|Wave Crash|p1b: Gholdengo
|-damage|p1b: Gholdengo|0 fnt
|faint|p1b: Gholdengo
|-damage|p2b: Swampert|66/100|[from] Recoil
|move|p1a: Whimsicott|Moonblast|p2a: Pelipper
|-damage|p2a: Pelipper|52/100
|
|-weather|RainDance|[upkeep]
|upkeep
|
|t:|1782626581
|switch|p1b: Scrafty|Scrafty-Mega, L50, F|100/100
|-ability|p1b: Scrafty|Intimidate|boost
|-unboost|p2a: Pelipper|atk|1
|-unboost|p2b: Swampert|atk|1
|turn|5
|
|t:|1782626599
|move|p2b: Swampert|Protect|p2b: Swampert
|-singleturn|p2b: Swampert|Protect
|move|p1b: Scrafty|Fake Out|p2a: Pelipper
|-damage|p2a: Pelipper|34/100
|-enditem|p2a: Pelipper|Sitrus Berry|[eat]
|-heal|p2a: Pelipper|59/100|[from] item: Sitrus Berry
|move|p1a: Whimsicott|Moonblast|p2a: Pelipper
|-damage|p2a: Pelipper|7/100
|cant|p2a: Pelipper|flinch
|
|-weather|RainDance|[upkeep]
|upkeep
|turn|6
|
|t:|1782626618
|move|p1a: Whimsicott|Protect|p1a: Whimsicott
|-singleturn|p1a: Whimsicott|Protect
|move|p2b: Swampert|Wave Crash|p1b: Scrafty
|-damage|p1b: Scrafty|31/100
|-damage|p2b: Swampert|46/100|[from] Recoil
|move|p1b: Scrafty|Close Combat|p2b: Swampert
|-damage|p2b: Swampert|0 fnt
|-unboost|p1b: Scrafty|def|1
|-unboost|p1b: Scrafty|spd|1
|faint|p2b: Swampert
|move|p2a: Pelipper|Hurricane|p1b: Scrafty
|-supereffective|p1b: Scrafty|1
|-damage|p1b: Scrafty|0 fnt
|faint|p1b: Scrafty
|
|-weather|RainDance|[upkeep]
|upkeep
|
|t:|1782626620
|switch|p2b: Gholdengo|Gholdengo, L50|18/100
|turn|7
|
|t:|1782626639
|move|p1a: Whimsicott|Moonblast|p2b: Gholdengo
|-resisted|p2b: Gholdengo|1
|-damage|p2b: Gholdengo|1/100
|move|p2b: Gholdengo|Make It Rain|p1a: Whimsicott
|-supereffective|p1a: Whimsicott|1
|-damage|p1a: Whimsicott|0 fnt
|-unboost|p2b: Gholdengo|spa|2
|faint|p1a: Whimsicott
|-damage|p2b: Gholdengo|0 fnt|[from] item: Life Orb
|faint|p2b: Gholdengo
|
|win|Arhanjunior
