|j|☆Legend0331
|j|☆Velcroh
|html|Legend0331Velcroh    
|uhtml|bestof|Game 3 of a best-of-3
|t:|1756943015
|gametype|doubles
|player|p1|Legend0331|shauntal|
|player|p2|Velcroh|1|
|gen|9
|tier|[Gen 9] VGC 2025 Reg H (Bo3)
|rule|Species Clause: Limit one of each Pokémon
|rule|Item Clause: Limit 1 of each item
|clearpoke
|poke|p1|Ursaluna-Bloodmoon, L50, M|
|poke|p1|Whimsicott, L50, M|
|poke|p1|Basculegion, L50, M|
|poke|p1|Politoed, L50, F|
|poke|p1|Mandibuzz, L50, F|
|poke|p1|Scizor, L50, M|
|poke|p2|Goodra-Hisui, L50, M|
|poke|p2|Clefable, L50, M|
|poke|p2|Mimikyu, L50, M|
|poke|p2|Lurantis, L50, F|
|poke|p2|Milotic, L50, F|
|poke|p2|Hatterene, L50, F|
|teampreview|4
|showteam|p1|Ursaluna-Bloodmoon||AssaultVest|MindsEye|BloodMoon,HyperVoice,EarthPower,VacuumWave|||M|||50|,,,,,Normal]Whimsicott||FocusSash|Prankster|Encore,Tailwind,Moonblast,Endeavor|||M|||50|,,,,,Grass]Basculegion||LifeOrb|SwiftSwim|LastRespects,WaveCrash,AquaJet,Protect|||M|||50|,,,,,Water]Politoed||EjectButton|Drizzle|WeatherBall,HelpingHand,Protect,PerishSong|||F|||50|,,,,,Water]Mandibuzz||Leftovers|Overcoat|FoulPlay,KnockOff,Roost,Uturn|||F|||50|,,,,,Steel]Scizor||ChoiceBand|Technician|BulletPunch,Uturn,KnockOff,DualWingbeat|||M|||50|,,,,,Bug
|showteam|p2|Goodra-Hisui||ExpertBelt|ShellArmor|Flamethrower,HydroPump,Thunder,StompingTantrum|||M|||50|,,,,,Dragon]Clefable||SitrusBerry|Unaware|Moonblast,HelpingHand,HealPulse,FollowMe|||M|||50|,,,,,Steel]Mimikyu||MentalHerb|Disguise|TrickRoom,ShadowClaw,PlayRough,SunnyDay|||M|||50|,,,,,Ghost]Lurantis||LifeOrb|Contrary|LeafStorm,Superpower,Protect,TeraBlast|||F|||50|,,,,,Ground]Milotic||Leftovers|Competitive|WeatherBall,HelpingHand,MuddyWater,Protect|||F|||50|,,,,,Dragon]Hatterene||CovertCloak|MagicBounce|TrickRoom,DazzlingGleam,Psychic,Protect|||F|||50|,,,,,Fairy
|j| Norra Nori
|
|t:|1756943064
|teamsize|p1|4
|teamsize|p2|4
|start
|switch|p1a: Clamps|Scizor, L50, M|100/100
|switch|p1b: WHIMSY|Whimsicott, L50, M|100/100
|switch|p2a: Mimikyu|Mimikyu, L50, M|100/100
|switch|p2b: Milotic|Milotic, L50, F|100/100
|turn|1
|j| Gholden Go Getters
|
|t:|1756943110
|-terastallize|p2a: Mimikyu|Ghost
|move|p2b: Milotic|Protect|p2b: Milotic
|-singleturn|p2b: Milotic|Protect
|move|p1b: WHIMSY|Moonblast|p2a: Mimikyu
|-activate|p2a: Mimikyu|ability: Disguise
|-damage|p2a: Mimikyu|100/100
|detailschange|p2a: Mimikyu|Mimikyu-Busted, L50, M, tera:Ghost
|-damage|p2a: Mimikyu|88/100|[from] pokemon: Mimikyu-Busted
|move|p1a: Clamps|Knock Off|p2a: Mimikyu
|-supereffective|p2a: Mimikyu
|-damage|p2a: Mimikyu|0 fnt
|-enditem|p2a: Mimikyu|Mental Herb|[from] move: Knock Off|[of] p1a: Clamps
|faint|p2a: Mimikyu
|
|upkeep
|
|t:|1756943127
|switch|p2a: Goodra|Goodra-Hisui, L50, M|100/100
|turn|2
|
|t:|1756943154
|switch|p1a: Froggie|Politoed, L50, F|100/100
|-weather|RainDance|[from] ability: Drizzle|[of] p1a: Froggie
|switch|p2b: Lurantis|Lurantis, L50, F|100/100
|move|p1b: WHIMSY|Tailwind|p1b: WHIMSY
|-sidestart|p1: Legend0331|move: Tailwind
|move|p2a: Goodra|Flamethrower|p1a: Froggie
|-resisted|p1a: Froggie
|-damage|p1a: Froggie|96/100
|-status|p1a: Froggie|brn
|-enditem|p1a: Froggie|Eject Button
|
|t:|1756943179
|switch|p1a: Clamps|Scizor, L50, M|100/100
|
|-weather|RainDance|[upkeep]
|upkeep
|turn|3
|
|t:|1756943212
|move|p1b: WHIMSY|Encore|p2a: Goodra
|-start|p2a: Goodra|Encore
|move|p1a: Clamps|U-turn|p2b: Lurantis
|-supereffective|p2b: Lurantis
|-damage|p2b: Lurantis|0 fnt
|faint|p2b: Lurantis
|
|t:|1756943218
|switch|p1a: Froggie|Politoed, L50, F|96/100 brn|[from] U-turn
|move|p2a: Goodra|Flamethrower|p1a: Froggie
|-resisted|p1a: Froggie
|-damage|p1a: Froggie|92/100 brn
|
|-weather|RainDance|[upkeep]
|-damage|p1a: Froggie|86/100 brn|[from] brn
|upkeep
|
|t:|1756943226
|switch|p2b: Milotic|Milotic, L50, F|100/100
|turn|4
|
|t:|1756943238
|move|p1b: WHIMSY|Moonblast|p2b: Milotic
|-damage|p2b: Milotic|83/100
|-unboost|p2b: Milotic|spa|1
|-ability|p2b: Milotic|Competitive|boost
|-boost|p2b: Milotic|spa|2
|move|p1a: Froggie|Perish Song|p1a: Froggie
|-start|p1a: Froggie|perish3|[silent]
|-start|p1b: WHIMSY|perish3|[silent]
|-start|p2a: Goodra|perish3|[silent]
|-start|p2b: Milotic|perish3|[silent]
|-fieldactivate|move: Perish Song
|move|p2b: Milotic|Muddy Water|p1a: Froggie|[spread] p1b
|-miss|p2b: Milotic|p1a: Froggie
|-resisted|p1b: WHIMSY
|-damage|p1b: WHIMSY|63/100
|move|p2a: Goodra|Flamethrower|p1b: WHIMSY
|-supereffective|p1b: WHIMSY
|-damage|p1b: WHIMSY|23/100
|
|-weather|RainDance|[upkeep]
|-heal|p2b: Milotic|89/100|[from] item: Leftovers
|-damage|p1a: Froggie|80/100 brn|[from] brn
|-start|p1b: WHIMSY|perish3
|-start|p1a: Froggie|perish3
|-start|p2b: Milotic|perish3
|-start|p2a: Goodra|perish3
|upkeep
|turn|5
|
|t:|1756943277
|move|p1a: Froggie|Protect|p1a: Froggie
|-singleturn|p1a: Froggie|Protect
|move|p1b: WHIMSY|Endeavor|p2a: Goodra
|-damage|p2a: Goodra|20/100
|move|p2b: Milotic|Muddy Water|p1a: Froggie|[spread] p1b
|-activate|p1a: Froggie|move: Protect
|-resisted|p1b: WHIMSY
|-damage|p1b: WHIMSY|0 fnt
|faint|p1b: WHIMSY
|move|p2a: Goodra|Flamethrower|p1a: Froggie
|-activate|p1a: Froggie|move: Protect
|
|-weather|RainDance|[upkeep]
|-heal|p2b: Milotic|95/100|[from] item: Leftovers
|-damage|p1a: Froggie|74/100 brn|[from] brn
|-end|p2a: Goodra|Encore
|-start|p1a: Froggie|perish2
|-start|p2b: Milotic|perish2
|-start|p2a: Goodra|perish2
|-sideend|p1: Legend0331|move: Tailwind
|upkeep
|
|t:|1756943298
|switch|p1b: Clamps|Scizor, L50, M|100/100
|turn|6
|
|t:|1756943339
|move|p1a: Froggie|Helping Hand|p1b: Clamps
|-singleturn|p1b: Clamps|Helping Hand|[of] p1a: Froggie
|move|p1b: Clamps|U-turn|p2b: Milotic
|-damage|p2b: Milotic|0 fnt
|faint|p2b: Milotic
|
|t:|1756943344
|switch|p1b: Dr. Fish MD|Basculegion, L50, M|100/100|[from] U-turn
|move|p2a: Goodra|Flamethrower|p1b: Dr. Fish MD
|-resisted|p1b: Dr. Fish MD
|-damage|p1b: Dr. Fish MD|93/100
|
|-weather|none
|-damage|p1a: Froggie|68/100 brn|[from] brn
|-start|p1a: Froggie|perish1
|-start|p2a: Goodra|perish1
|upkeep
|turn|7
|
|t:|1756943356
|move|p1b: Dr. Fish MD|Protect|p1b: Dr. Fish MD
|-singleturn|p1b: Dr. Fish MD|Protect
|move|p1a: Froggie|Protect|p1a: Froggie
|-singleturn|p1a: Froggie|Protect
|move|p2a: Goodra|Thunder|p1b: Dr. Fish MD
|-activate|p1b: Dr. Fish MD|move: Protect
|
|-damage|p1a: Froggie|61/100 brn|[from] brn
|-start|p1a: Froggie|perish0
|-start|p2a: Goodra|perish0
|faint|p1a: Froggie
|faint|p2a: Goodra
|
|win|Legend0331
