|j|☆sergiovj
|j|☆teh_umby
|html|sergiovjteh_umby    
|uhtml|bestof|Game 1 of a best-of-3
|t:|1756385708
|gametype|doubles
|player|p1|sergiovj|colress|1152
|player|p2|teh_umby|clair|1000
|gen|9
|tier|[Gen 9] VGC 2025 Reg H (Bo3)
|rated|
|rule|Species Clause: Limit one of each Pokémon
|rule|Item Clause: Limit 1 of each item
|clearpoke
|poke|p1|Archaludon, L50, M|
|poke|p1|Basculegion, L50, M|
|poke|p1|Pelipper, L50, F|
|poke|p1|Amoonguss, L50, F|
|poke|p1|Incineroar, L50, F|
|poke|p1|Maushold, L50|
|poke|p2|Baxcalibur, L50, M|
|poke|p2|Corviknight, L50, M|
|poke|p2|Electabuzz, L50, M|
|poke|p2|Primarina, L50, F|
|poke|p2|Sinistcha, L50|
|poke|p2|Incineroar, L50, F|
|teampreview|4
|showteam|p1|Archaludon||AssaultVest|Stamina|ElectroShot,DragonPulse,FlashCannon,BodyPress|||M|||50|,,,,,Grass]Basculegion||MysticWater|SwiftSwim|Protect,WaveCrash,AquaJet,LastRespects|||M|||50|,,,,,Water]Pelipper||FocusSash|Drizzle|Hurricane,WeatherBall,Tailwind,Protect|||F|||50|,,,,,Ghost]Amoonguss||SitrusBerry|Regenerator|Spore,RagePowder,PollenPuff,ClearSmog|||F|||50|,,,,,Water]Incineroar||SafetyGoggles|Intimidate|FakeOut,FlareBlitz,KnockOff,PartingShot|||F|||50|,,,,,Ghost]Maushold||WideLens|Technician|PopulationBomb,FollowMe,Taunt,Protect||||||50|,,,,,Grass
|showteam|p2|Baxcalibur||LoadedDice|ThermalExchange|IcicleSpear,Protect,ScaleShot,DragonDance|||M|||50|,,,,,Poison]Corviknight||RockyHelmet|MirrorArmor|BodyPress,BulkUp,Roost,IronHead|||M|||50|,,,,,Dragon]Electabuzz||Eviolite|VitalSpirit|Electroweb,FollowMe,Protect,Taunt|||M|||50|,,,,,Ghost]Primarina||Leftovers|LiquidVoice|CalmMind,HyperVoice,Moonblast,Protect|||F|||50|,,,,,Grass]Sinistcha||AssaultVest|Hospitality|FoulPlay,MatchaGotcha,Scald,ShadowBall||||||50|,,,,,Water]Incineroar||SitrusBerry|Intimidate|FakeOut,FlareBlitz,KnockOff,PartingShot|||F|||50|,,,,,Ghost
|inactive|Battle timer is ON: inactive players will automatically lose when time's up. (requested by sergiovj)
|inactive|teh_umby has 60 seconds left.
|inactive|teh_umby has 30 seconds left.
|
|t:|1756385781
|teamsize|p1|4
|teamsize|p2|4
|start
|switch|p1a: Archaludon|Archaludon, L50, M|100/100
|switch|p1b: Maushold|Maushold, L50|100/100
|switch|p2a: Incineroar|Incineroar, L50, F|100/100
|switch|p2b: Sinistcha|Sinistcha, L50|100/100
|-ability|p2a: Incineroar|Intimidate|boost
|-unboost|p1a: Archaludon|atk|1
|-unboost|p1b: Maushold|atk|1
|turn|1
|inactive|sergiovj has 30 seconds left.
|inactive|teh_umby has 30 seconds left.
|inactive|teh_umby has 20 seconds left.
|inactive|teh_umby has 15 seconds left.
|inactive|teh_umby has 10 seconds left.
|
|t:|1756385828
|move|p2a: Incineroar|Fake Out|p1b: Maushold
|-damage|p1b: Maushold|84/100
|cant|p1b: Maushold|flinch
|move|p1a: Archaludon|Body Press|p2a: Incineroar
|-supereffective|p2a: Incineroar
|-damage|p2a: Incineroar|59/100
|move|p2b: Sinistcha|Shadow Ball|p1a: Archaludon
|-damage|p1a: Archaludon|70/100
|-ability|p1a: Archaludon|Stamina|boost
|-boost|p1a: Archaludon|def|1
|
|upkeep
|turn|2
|inactive|teh_umby has 30 seconds left.
|
|t:|1756385859
|-terastallize|p2a: Incineroar|Ghost
|move|p1b: Maushold|Follow Me|p1b: Maushold
|-singleturn|p1b: Maushold|move: Follow Me
|move|p1a: Archaludon|Body Press|p2a: Incineroar
|-immune|p2a: Incineroar
|move|p2b: Sinistcha|Matcha Gotcha|p1a: Archaludon|[spread] p1a,p1b
|-resisted|p1a: Archaludon
|-damage|p1a: Archaludon|64/100
|-damage|p1b: Maushold|37/100
|-ability|p1a: Archaludon|Stamina|boost
|-boost|p1a: Archaludon|def|1
|move|p2a: Incineroar|Parting Shot|p1b: Maushold
|-unboost|p1b: Maushold|atk|1
|-unboost|p1b: Maushold|spa|1
|
|t:|1756385875
|switch|p2a: Electabuzz|Electabuzz, L50, M|100/100|[from] Parting Shot
|
|upkeep
|turn|3
|
|t:|1756385892
|switch|p2a: Incineroar|Incineroar, L50, F, tera:Ghost|59/100
|-ability|p2a: Incineroar|Intimidate|boost
|-unboost|p1a: Archaludon|atk|1
|-unboost|p1b: Maushold|atk|1
|move|p1b: Maushold|Taunt|p2a: Incineroar
|-start|p2a: Incineroar|move: Taunt
|move|p1a: Archaludon|Dragon Pulse|p2a: Incineroar
|-damage|p2a: Incineroar|22/100
|-enditem|p2a: Incineroar|Sitrus Berry|[eat]
|-heal|p2a: Incineroar|47/100|[from] item: Sitrus Berry
|move|p2b: Sinistcha|Matcha Gotcha|p1a: Archaludon|[spread] p1a,p1b
|-resisted|p1a: Archaludon
|-damage|p1a: Archaludon|58/100
|-damage|p1b: Maushold|0 fnt
|-ability|p1a: Archaludon|Stamina|boost
|-boost|p1a: Archaludon|def|1
|faint|p1b: Maushold
|
|upkeep
|
|t:|1756385904
|switch|p1b: Pelipper|Pelipper, L50, F|100/100
|-weather|RainDance|[from] ability: Drizzle|[of] p1b: Pelipper
|turn|4
|inactive|teh_umby has 30 seconds left.
|
|t:|1756385939
|move|p2a: Incineroar|Fake Out|p1a: Archaludon
|-resisted|p1a: Archaludon
|-damage|p1a: Archaludon|57/100
|-ability|p1a: Archaludon|Stamina|boost
|-boost|p1a: Archaludon|def|1
|move|p1b: Pelipper|Hurricane|p2b: Sinistcha
|-supereffective|p2b: Sinistcha
|-damage|p2b: Sinistcha|32/100
|cant|p1a: Archaludon|flinch
|move|p2b: Sinistcha|Shadow Ball|p1a: Archaludon
|-damage|p1a: Archaludon|26/100
|-ability|p1a: Archaludon|Stamina|boost
|-boost|p1a: Archaludon|def|1
|
|-weather|RainDance|[upkeep]
|upkeep
|turn|5
|inactive|sergiovj has 30 seconds left.
|inactive|teh_umby has 30 seconds left.
|
|t:|1756385966
|switch|p2b: Electabuzz|Electabuzz, L50, M|100/100
|move|p1b: Pelipper|Tailwind|p1b: Pelipper
|-sidestart|p1: sergiovj|move: Tailwind
|move|p1a: Archaludon|Dragon Pulse|p2b: Electabuzz
|-damage|p2b: Electabuzz|62/100
|move|p2a: Incineroar|Knock Off|p1a: Archaludon
|-damage|p1a: Archaludon|18/100
|-ability|p1a: Archaludon|Stamina|boost
|-boost|p1a: Archaludon|def|1
|-enditem|p1a: Archaludon|Assault Vest|[from] move: Knock Off|[of] p2a: Incineroar
|
|-weather|RainDance|[upkeep]
|-end|p2a: Incineroar|move: Taunt
|upkeep
|turn|6
|
|t:|1756385990
|move|p1b: Pelipper|Weather Ball|p2a: Incineroar
|-damage|p2a: Incineroar|0 fnt
|faint|p2a: Incineroar
|move|p1a: Archaludon|Body Press|p2b: Electabuzz
|-damage|p2b: Electabuzz|2/100
|move|p2b: Electabuzz|Electroweb|p1b: Pelipper|[spread] p1a,p1b
|-resisted|p1a: Archaludon
|-supereffective|p1b: Pelipper
|-damage|p1a: Archaludon|10/100
|-damage|p1b: Pelipper|12/100
|-unboost|p1a: Archaludon|spe|1
|-unboost|p1b: Pelipper|spe|1
|
|-weather|RainDance|[upkeep]
|upkeep
|
|t:|1756386008
|switch|p2a: Sinistcha|Sinistcha, L50|32/100
|-heal|p2b: Electabuzz|27/100|[from] ability: Hospitality|[of] p2a: Sinistcha
|turn|7
|inactive|teh_umby has 30 seconds left.
|
|t:|1756386033
|move|p2b: Electabuzz|Follow Me|p2b: Electabuzz
|-singleturn|p2b: Electabuzz|move: Follow Me
|move|p1b: Pelipper|Hurricane|p2b: Electabuzz
|-resisted|p2b: Electabuzz
|-damage|p2b: Electabuzz|10/100
|move|p1a: Archaludon|Dragon Pulse|p2b: Electabuzz
|-damage|p2b: Electabuzz|0 fnt
|faint|p2b: Electabuzz
|move|p2a: Sinistcha|Matcha Gotcha|p1b: Pelipper|[spread] p1a,p1b
|-resisted|p1a: Archaludon
|-damage|p1a: Archaludon|2/100
|-heal|p2a: Sinistcha|36/100|[from] drain|[of] p1a: Archaludon
|-damage|p1b: Pelipper|0 fnt
|-heal|p2a: Sinistcha|41/100|[from] drain|[of] p1b: Pelipper
|-status|p1a: Archaludon|brn
|faint|p1b: Pelipper
|
|-weather|RainDance|[upkeep]
|-damage|p1a: Archaludon|0 fnt|[from] brn
|faint|p1a: Archaludon
|upkeep
|
|t:|1756386052
|switch|p1b: Incineroar|Incineroar, L50, F|100/100
|switch|p2b: Baxcalibur|Baxcalibur, L50, M|100/100
|-ability|p1b: Incineroar|Intimidate|boost
|-unboost|p2a: Sinistcha|atk|1
|-unboost|p2b: Baxcalibur|atk|1
|turn|8
|
|t:|1756386071
|move|p1b: Incineroar|Knock Off|p2a: Sinistcha
|-supereffective|p2a: Sinistcha
|-damage|p2a: Sinistcha|0 fnt
|-enditem|p2a: Sinistcha|Assault Vest|[from] move: Knock Off|[of] p1b: Incineroar
|faint|p2a: Sinistcha
|move|p2b: Baxcalibur|Dragon Dance|p2b: Baxcalibur
|-boost|p2b: Baxcalibur|atk|1
|-boost|p2b: Baxcalibur|spe|1
|
|-weather|none
|-sideend|p1: sergiovj|move: Tailwind
|upkeep
|turn|9
|
|t:|1756386084
|move|p2b: Baxcalibur|Scale Shot|p1b: Incineroar
|-damage|p1b: Incineroar|86/100
|-damage|p1b: Incineroar|70/100
|-damage|p1b: Incineroar|56/100
|-damage|p1b: Incineroar|41/100
|-hitcount|p1b: Incineroar|4
|-unboost|p2b: Baxcalibur|def|1
|-boost|p2b: Baxcalibur|spe|1
|move|p1b: Incineroar|Knock Off|p2b: Baxcalibur
|-damage|p2b: Baxcalibur|35/100
|-enditem|p2b: Baxcalibur|Loaded Dice|[from] move: Knock Off|[of] p1b: Incineroar
|
|upkeep
|turn|10
|
|t:|1756386097
|move|p2b: Baxcalibur|Scale Shot|p1b: Incineroar
|-damage|p1b: Incineroar|27/100
|-damage|p1b: Incineroar|13/100
|-damage|p1b: Incineroar|0 fnt
|faint|p1b: Incineroar
|-hitcount|p1: Incineroar|3
|
|win|teh_umby
||sergiovj is ready for game 2.
||teh_umby is ready for game 2.
|uhtml|next|Next: Game 2 of 3
