|j|â˜†katkraydel
|j|â˜†zen077
|html|katkraydelzen077    
|uhtml|bestof|Game 2 of a best-of-3
|t:|1784742218
|gametype|doubles
|player|p1|katkraydel|lebanne|
|player|p2|zen077|266|
|gen|9
|tier|[Gen 9 Champions] VGC 2026 Reg M-B (Bo3)
|rule|Species Clause: Limit one of each PokÃ©mon
|rule|Item Clause: Limit 1 of each item
|clearpoke
|poke|p1|Raichu, L50, F|
|poke|p1|Ninetales-Alola, L50, F|
|poke|p1|Talonflame, L50, F|
|poke|p1|Garchomp, L50, M|
|poke|p1|Basculegion, L50, M|
|poke|p1|Tsareena, L50, F|
|poke|p2|Basculegion, L50, M|
|poke|p2|Sneasler, L50, M|
|poke|p2|Meganium, L50, M|
|poke|p2|Aerodactyl, L50, M|
|poke|p2|Kingambit, L50, F|
|poke|p2|Farigiraf, L50, F|
|teampreview|4
|showteam|p1|Raichu||RaichuniteY|LightningRod|FakeOut,ZapCannon,FocusBlast,Protect|Timid||F|||50|]Ninetales-Alola||NeverMeltIce|SnowWarning|Blizzard,FreezeDry,Encore,Protect|Timid||F|||50|]Talonflame||SharpBeak|GaleWings|FlareBlitz,DualWingbeat,Tailwind,Protect|Jolly||F|||50|]Garchomp||LifeOrb|RoughSkin|Earthquake,DragonClaw,RockSlide,Protect|Jolly||M|||50|]Basculegion||MysticWater|Adaptability|WaveCrash,LastRespects,AquaJet,Protect|Adamant||M|||50|]Tsareena||ExpertBelt|QueenlyMajesty|TropKick,LowKick,HelpingHand,Protect|Jolly||F|||50|
|showteam|p2|Basculegion||ChoiceScarf|Adaptability|WaveCrash,LastRespects,FlipTurn,AquaJet|Jolly||M|||50|]Sneasler||WhiteHerb|Unburden|Protect,FakeOut,CloseCombat,DireClaw|Adamant||M|||50|]Meganium||Meganiumite|LeafGuard|Protect,SolarBeam,DazzlingGleam,WeatherBall|Modest||M|||50|]Aerodactyl||FocusSash|Unnerve|Protect,RockSlide,DualWingbeat,Tailwind|Jolly||M|||50|]Kingambit||ChopleBerry|Defiant|LowKick,IronHead,KowtowCleave,SuckerPunch|Adamant||F|||50|]Farigiraf||SitrusBerry|ArmorTail|TrickRoom,AllySwitch,Psychic,HyperVoice|Quiet||F|||50|
|inactive|Battle timer is ON: inactive players will automatically lose when time's up. (requested by zen077)
|j| tyho45
|inactive|zen077 has 60 seconds left.
|c|â˜†katkraydel|My team sucks
|inactive|zen077 has 30 seconds left.
|
|t:|1784742288
|teamsize|p1|4
|teamsize|p2|4
|start
|switch|p1a: Talonflame|Talonflame, L50, F|100/100
|switch|p1b: Raichu|Raichu, L50, F|100/100
|switch|p2a: Aerodactyl|Aerodactyl, L50, M|100/100
|switch|p2b: Meganium|Meganium, L50, M|100/100
|-ability|p2a: Aerodactyl|Unnerve
|turn|1
|c| tyho45|It really doesnt
|inactive|zen077 has 30 seconds left.
|inactive|zen077 has 20 seconds left.
|
|t:|1784742327
|switch|p2b: Farigiraf|Farigiraf, L50, F|100/100
|detailschange|p1b: Raichu|Raichu-Mega-Y, L50, F
|-mega|p1b: Raichu|Raichu|Raichunite Y
|move|p1b: Raichu|Fake Out||[still]
|cant|p2b: Farigiraf|ability: Armor Tail|Fake Out|[of] p1b: Raichu
|move|p1a: Talonflame|Tailwind|p1a: Talonflame
|-sidestart|p1: katkraydel|move: Tailwind
|move|p2a: Aerodactyl|Rock Slide|p1b: Raichu|[spread] p1a,p1b
|-supereffective|p1a: Talonflame|2
|-damage|p1a: Talonflame|0 fnt
|-damage|p1b: Raichu|59/100
|faint|p1a: Talonflame
|
|upkeep
|
|t:|1784742335
|switch|p1a: Ninetales|Ninetales-Alola, L50, F|100/100
|-weather|Snowscape|[from] ability: Snow Warning|[of] p1a: Ninetales
|turn|2
|c|â˜†katkraydel|It does bro
|inactive|zen077 has 30 seconds left.
|c|â˜†katkraydel|It's probably evs
|inactive|zen077 has 20 seconds left.
|
|t:|1784742371
|move|p2a: Aerodactyl|Protect|p2a: Aerodactyl
|-singleturn|p2a: Aerodactyl|Protect
|move|p1b: Raichu|Zap Cannon|p2a: Aerodactyl
|-activate|p2a: Aerodactyl|move: Protect
|move|p1a: Ninetales|Blizzard|p2b: Farigiraf|[spread] p2b
|-activate|p2a: Aerodactyl|move: Protect
|-damage|p2b: Farigiraf|67/100
|move|p2b: Farigiraf|Trick Room|p2b: Farigiraf
|-fieldstart|move: Trick Room|[of] p2b: Farigiraf
|
|-weather|Snowscape|[upkeep]
|upkeep
|turn|3
|c| tyho45|I feel like what u need is a tank
|c|â˜†katkraydel|I lost to rampardos r1
|c| tyho45|u have a lot of frail mons and not alot of good switch out options
|inactive|zen077 has 30 seconds left.
|
|t:|1784742405
|move|p1b: Raichu|Protect|p1b: Raichu
|-singleturn|p1b: Raichu|Protect
|move|p2b: Farigiraf|Hyper Voice|p1a: Ninetales|[spread] p1a
|-activate|p1b: Raichu|move: Protect
|-damage|p1a: Ninetales|70/100
|move|p2a: Aerodactyl|Rock Slide|p1b: Raichu|[spread] p1a
|-activate|p1b: Raichu|move: Protect
|-supereffective|p1a: Ninetales|1
|-damage|p1a: Ninetales|27/100
|move|p1a: Ninetales|Blizzard|p2b: Farigiraf|[spread] p2a,p2b
|-supereffective|p2a: Aerodactyl|1
|-enditem|p2a: Aerodactyl|Focus Sash
|-damage|p2a: Aerodactyl|1/100
|-damage|p2b: Farigiraf|38/100
|-enditem|p2b: Farigiraf|Sitrus Berry|[eat]
|-heal|p2b: Farigiraf|62/100|[from] item: Sitrus Berry
|
|-weather|Snowscape|[upkeep]
|upkeep
|turn|4
|c|â˜†katkraydel|It's probably just like
|c|â˜†katkraydel|Not my kind of style
|inactive|katkraydel has 30 seconds left.
|
|t:|1784742436
|switch|p1a: Tsareena|Tsareena, L50, F|100/100
|move|p2b: Farigiraf|Hyper Voice|p1a: Tsareena|[spread] p1a,p1b
|-damage|p1a: Tsareena|74/100
|-damage|p1b: Raichu|22/100
|move|p2a: Aerodactyl|Rock Slide|p1b: Raichu|[spread] p1a,p1b
|-damage|p1a: Tsareena|46/100
|-damage|p1b: Raichu|0 fnt
|faint|p1b: Raichu
|
|-weather|Snowscape|[upkeep]
|-sideend|p1: katkraydel|move: Tailwind
|upkeep
|c| tyho45|Itâ€™s possible but I wouldnâ€™t doubt your team and loose hope in it
|
|t:|1784742447
|switch|p1b: Ninetales|Ninetales-Alola, L50, F|27/100
|turn|5
|c| tyho45|but can always use the improvement
|c| tyho45|and predictions can go a long way when it comes to this game
|inactive|zen077 has 30 seconds left.
|c|â˜†katkraydel|I should've just ran my usual squad
|
|t:|1784742476
|move|p1b: Ninetales|Protect|p1b: Ninetales
|-singleturn|p1b: Ninetales|Protect
|move|p2b: Farigiraf|Ally Switch|p2b: Farigiraf
|swap|p2b: Farigiraf|0|[from] move: Ally Switch
|move|p1a: Tsareena|Trop Kick|p2a: Farigiraf
|-damage|p2a: Farigiraf|29/100
|-unboost|p2a: Farigiraf|atk|1
|move|p2b: Aerodactyl|Rock Slide|p1b: Ninetales|[spread] p1a
|-activate|p1b: Ninetales|move: Protect
|-damage|p1a: Tsareena|18/100
|
|-weather|Snowscape|[upkeep]
|upkeep
|turn|6
|c| tyho45|Itâ€™s only showdown
|c| tyho45|fun to experiment
|inactive|zen077 has 30 seconds left.
|inactive|zen077 has 20 seconds left.
|inactive|zen077 has 15 seconds left.
|
|t:|1784742520
|move|p1a: Tsareena|Protect|p1a: Tsareena
|-singleturn|p1a: Tsareena|Protect
|move|p2a: Farigiraf|Hyper Voice|p1a: Tsareena|[spread] p1b
|-activate|p1a: Tsareena|move: Protect
|-damage|p1b: Ninetales|0 fnt
|faint|p1b: Ninetales
|move|p2b: Aerodactyl|Rock Slide|p1a: Tsareena
|-activate|p1a: Tsareena|move: Protect
|
|-weather|none
|-fieldend|move: Trick Room
|upkeep
|turn|7
|c| tyho45|thought thought trickroom wouldnt be my style with a villplume after u eruption
|
|t:|1784742533
|move|p2b: Aerodactyl|Dual Wingbeat|p1a: Tsareena
|-supereffective|p1a: Tsareena|1
|-damage|p1a: Tsareena|0 fnt
|faint|p1a: Tsareena
|-hitcount|p1: Tsareena|1
|
|win|zen077
