|j|☆Ruben1452
|j|☆Cristante terabug
|html|Ruben1452Cristante terabug    
|uhtml|bestof|Game 2 of a best-of-3
|t:|1756930190
|gametype|doubles
|player|p1|Ruben1452|hilbert-wonderlauncher|1178
|player|p2|Cristante terabug|kieran-champion|1265
|gen|9
|tier|[Gen 9] VGC 2025 Reg H (Bo3)
|rated|
|rule|Species Clause: Limit one of each Pokémon
|rule|Item Clause: Limit 1 of each item
|clearpoke
|poke|p1|Archaludon, L50, M|
|poke|p1|Gholdengo, L50|
|poke|p1|Pelipper, L50, M|
|poke|p1|Ursaluna, L50, F|
|poke|p1|Sinistcha, L50|
|poke|p1|Dragonite, L50, F|
|poke|p2|Incineroar, L50, F|
|poke|p2|Pelipper, L50, M|
|poke|p2|Archaludon, L50, M|
|poke|p2|Dragonite, L50, M|
|poke|p2|Sinistcha, L50|
|poke|p2|Ursaluna, L50, M|
|teampreview|4
|showteam|p1|Archaludon||AssaultVest|Stamina|FlashCannon,ElectroShot,BodyPress,Snarl|||M|||50|,,,,,Fighting]Gholdengo||ChoiceScarf|GoodasGold|MakeItRain,ShadowBall,ThunderWave,Trick||||||50|,,,,,Flying]Pelipper||SafetyGoggles|Drizzle|WeatherBall,Hurricane,Tailwind,Protect|||M|||50|,,,,,Steel]Ursaluna||FlameOrb|Guts|Facade,HeadlongRush,Earthquake,Protect|||F|||50|,,,,,Dragon]Sinistcha||SitrusBerry|Hospitality|MatchaGotcha,LifeDew,RagePowder,TrickRoom||||||50|,,,,,Fire]Dragonite||LoadedDice|Multiscale|ScaleShot,Tailwind,Haze,Protect|||F|||50|,,,,,Fairy
|showteam|p2|Incineroar||SafetyGoggles|Intimidate|FakeOut,PartingShot,KnockOff,Taunt|||F|||50|,,,,,Ghost]Pelipper||FocusSash|Drizzle|Hurricane,MuddyWater,Tailwind,Protect|||M|||50|,,,,,Ghost]Archaludon||AssaultVest|Stamina|ElectroShot,Snarl,FlashCannon,BodyPress|||M|||50|,,,,,Fighting]Dragonite||LoadedDice|Multiscale|ScaleShot,Tailwind,Haze,Protect|||M|||50|,,,,,Fairy]Sinistcha||SitrusBerry|Hospitality|MatchaGotcha,RagePowder,LifeDew,TrickRoom||||||50|,,,,,Dark]Ursaluna||FlameOrb|Guts|Earthquake,Facade,HeadlongRush,Protect|||M|||50|,,,,,Ghost
|inactive|Battle timer is ON: inactive players will automatically lose when time's up. (requested by Ruben1452)
|inactive|Cristante terabug has 60 seconds left.
|
|t:|1756930230
|teamsize|p1|4
|teamsize|p2|4
|start
|switch|p1a: Gholdengo|Gholdengo, L50|100/100
|switch|p1b: Pelipper|Pelipper, L50, M|100/100
|switch|p2a: De Marinis|Incineroar, L50, F|100/100
|switch|p2b: Paolo|Dragonite, L50, M|100/100
|-ability|p2a: De Marinis|Intimidate|boost
|-unboost|p1a: Gholdengo|atk|1
|-unboost|p1b: Pelipper|atk|1
|-weather|RainDance|[from] ability: Drizzle|[of] p1b: Pelipper
|turn|1
|inactive|Cristante terabug has 30 seconds left.
|inactive|Ruben1452 has 30 seconds left.
|inactive|Cristante terabug has 20 seconds left.
|inactive|Cristante terabug has 15 seconds left.
|
|t:|1756930273
|-terastallize|p1a: Gholdengo|Flying
|move|p1a: Gholdengo|Thunder Wave|p2b: Paolo
|-status|p2b: Paolo|par
|move|p2a: De Marinis|Knock Off|p1a: Gholdengo
|-damage|p1a: Gholdengo|52/100
|-enditem|p1a: Gholdengo|Choice Scarf|[from] move: Knock Off|[of] p2a: De Marinis
|move|p1b: Pelipper|Tailwind|p1b: Pelipper
|-sidestart|p1: Ruben1452|move: Tailwind
|move|p2b: Paolo|Scale Shot|p1a: Gholdengo
|-damage|p1a: Gholdengo|35/100
|-damage|p1a: Gholdengo|20/100
|-damage|p1a: Gholdengo|4/100
|-damage|p1a: Gholdengo|0 fnt
|faint|p1a: Gholdengo
|-hitcount|p1: Gholdengo|4
|-unboost|p2b: Paolo|def|1
|-boost|p2b: Paolo|spe|1
|
|-weather|RainDance|[upkeep]
|upkeep
|inactive|Ruben1452 has 30 seconds left.
|
|t:|1756930298
|switch|p1a: Archaludon|Archaludon, L50, M|100/100
|turn|2
|
|t:|1756930315
|switch|p2a: Luca|Archaludon, L50, M|100/100
|move|p1b: Pelipper|Protect|p1b: Pelipper
|-singleturn|p1b: Pelipper|Protect
|move|p1a: Archaludon|Electro Shot||[still]
|-prepare|p1a: Archaludon|Electro Shot
|-boost|p1a: Archaludon|spa|1
|-anim|p1a: Archaludon|Electro Shot|p2b: Paolo
|-damage|p2b: Paolo|69/100 par
|move|p2b: Paolo|Scale Shot|p2a: Luca|[miss]
|-miss|p2b: Paolo|p2a: Luca
|
|-weather|RainDance|[upkeep]
|upkeep
|turn|3
|inactive|Ruben1452 has 30 seconds left.
|
|t:|1756930346
|move|p1a: Archaludon|Electro Shot||[still]
|-prepare|p1a: Archaludon|Electro Shot
|-boost|p1a: Archaludon|spa|1
|-anim|p1a: Archaludon|Electro Shot|p2a: Luca
|-resisted|p2a: Luca
|-damage|p2a: Luca|75/100
|-ability|p2a: Luca|Stamina|boost
|-boost|p2a: Luca|def|1
|move|p1b: Pelipper|Hurricane|p2a: Luca
|-resisted|p2a: Luca
|-damage|p2a: Luca|61/100
|-start|p2a: Luca|confusion
|-ability|p2a: Luca|Stamina|boost
|-boost|p2a: Luca|def|1
|-activate|p2a: Luca|confusion
|move|p2a: Luca|Electro Shot||[still]
|-prepare|p2a: Luca|Electro Shot
|-boost|p2a: Luca|spa|1
|-anim|p2a: Luca|Electro Shot|p1b: Pelipper
|-supereffective|p1b: Pelipper
|-damage|p1b: Pelipper|0 fnt
|faint|p1b: Pelipper
|move|p2b: Paolo|Scale Shot|p2a: Luca|[miss]
|-miss|p2b: Paolo|p2a: Luca
|
|-weather|RainDance|[upkeep]
|upkeep
|
|t:|1756930351
|switch|p1b: Ursaluna|Ursaluna, L50, F|100/100
|turn|4
|inactive|Cristante terabug has 30 seconds left.
|
|t:|1756930383
|move|p1b: Ursaluna|Protect|p1b: Ursaluna
|-singleturn|p1b: Ursaluna|Protect
|move|p1a: Archaludon|Electro Shot||[still]
|-prepare|p1a: Archaludon|Electro Shot
|-boost|p1a: Archaludon|spa|1
|-anim|p1a: Archaludon|Electro Shot|p2b: Paolo
|-damage|p2b: Paolo|0 fnt
|faint|p2b: Paolo
|-activate|p2a: Luca|confusion
|move|p2a: Luca|Body Press|p1a: Archaludon
|-supereffective|p1a: Archaludon
|-damage|p1a: Archaludon|21/100
|-ability|p1a: Archaludon|Stamina|boost
|-boost|p1a: Archaludon|def|1
|
|-weather|RainDance|[upkeep]
|-sideend|p1: Ruben1452|move: Tailwind
|-status|p1b: Ursaluna|brn|[from] item: Flame Orb
|upkeep
|
|t:|1756930387
|switch|p2b: De Marinis|Incineroar, L50, F|100/100
|-ability|p2b: De Marinis|Intimidate|boost
|-unboost|p1a: Archaludon|atk|1
|-unboost|p1b: Ursaluna|atk|1
|turn|5
|
|t:|1756930412
|move|p2b: De Marinis|Fake Out|p1b: Ursaluna
|-damage|p1b: Ursaluna|92/100 brn
|move|p1a: Archaludon|Body Press|p2b: De Marinis
|-supereffective|p2b: De Marinis
|-damage|p2b: De Marinis|35/100
|-activate|p2a: Luca|confusion
|-damage|p2a: Luca|58/100|[from] confusion
|cant|p1b: Ursaluna|flinch
|
|-weather|none
|-damage|p1b: Ursaluna|86/100 brn|[from] brn
|upkeep
|turn|6
|
|t:|1756930436
|-terastallize|p2a: Luca|Fighting
|move|p1a: Archaludon|Body Press|p2b: De Marinis
|-supereffective|p2b: De Marinis
|-damage|p2b: De Marinis|0 fnt
|faint|p2b: De Marinis
|-end|p2a: Luca|confusion
|move|p2a: Luca|Body Press|p1a: Archaludon
|-supereffective|p1a: Archaludon
|-damage|p1a: Archaludon|0 fnt
|faint|p1a: Archaludon
|move|p1b: Ursaluna|Headlong Rush|p2a: Luca
|-damage|p2a: Luca|37/100
|-unboost|p1b: Ursaluna|def|1
|-unboost|p1b: Ursaluna|spd|1
|-ability|p2a: Luca|Stamina|boost
|-boost|p2a: Luca|def|1
|
|-damage|p1b: Ursaluna|80/100 brn|[from] brn
|upkeep
|
|t:|1756930448
|switch|p2b: Olmo|Ursaluna, L50, M|100/100
|turn|7
|
|t:|1756930451
|move|p2a: Luca|Body Press|p1b: Ursaluna
|-supereffective|p1b: Ursaluna
|-damage|p1b: Ursaluna|0 fnt
|faint|p1b: Ursaluna
|
|win|Cristante terabug
|raw|Ruben1452's rating: 1178 → 1159(-19 for losing)
|raw|Cristante terabug's rating: 1265 → 1284(+19 for winning)
