|j|☆Nnico Iosi
|j|☆Capfoo
|html|Nnico IosiCapfoo    
|uhtml|bestof|Game 1 of a best-of-3
|t:|1756982500
|gametype|doubles
|player|p1|Nnico Iosi|artist|1232
|player|p2|Capfoo|brawly|1232
|gen|9
|tier|[Gen 9] VGC 2025 Reg H (Bo3)
|rated|
|rule|Species Clause: Limit one of each Pokémon
|rule|Item Clause: Limit 1 of each item
|clearpoke
|poke|p1|Espathra, L50, M|
|poke|p1|Rillaboom, L50, F|
|poke|p1|Kingambit, L50, M|
|poke|p1|Amoonguss, L50, F|
|poke|p1|Magmar, L50, F|
|poke|p1|Ursaluna-Bloodmoon, L50, M|
|poke|p2|Whimsicott, L50, M|
|poke|p2|Annihilape, L50, M|
|poke|p2|Archaludon, L50, M|
|poke|p2|Meowscarada, L50, F|
|poke|p2|Pelipper, L50, M|
|poke|p2|Indeedee-F, L50, F|
|teampreview|4
|showteam|p1|Espathra||GrassySeed|SpeedBoost|CalmMind,StoredPower,TeraBlast,Protect|||M|||50|,,,,,Fighting]Rillaboom||MiracleSeed|GrassySurge|FakeOut,GrassyGlide,WoodHammer,HighHorsepower|||F|||50|,,,,,Fire]Kingambit||BlackGlasses|Defiant|KowtowCleave,SuckerPunch,SwordsDance,Protect|||M|||50|,,,,,Ghost]Amoonguss||CovertCloak|Regenerator|Protect,RagePowder,PollenPuff,Spore|||F|||50|,,,,,Water]Magmar||Eviolite|VitalSpirit|Overheat,WillOWisp,FollowMe,Protect|||F|||50|,,,,,Ghost]Ursaluna-Bloodmoon||AssaultVest|MindsEye|HyperVoice,BloodMoon,EarthPower,VacuumWave|||M|||50|,,,,,Fairy
|showteam|p2|Whimsicott||CovertCloak|Prankster|Tailwind,DazzlingGleam,Taunt,BeatUp|||M|||50|,,,,,Water]Annihilape||Leftovers|Defiant|DrainPunch,RageFist,BulkUp,Protect|||M|||50|,,,,,Fire]Archaludon||AssaultVest|Stamina|BodyPress,FlashCannon,DragonPulse,ElectroShot|||M|||50|,,,,,Ghost]Meowscarada||ChoiceBand|Protean|FlowerTrick,KnockOff,TripleAxel,Uturn|||F|||50|,,,,,Grass]Pelipper||ChoiceScarf|Drizzle|Hurricane,WeatherBall,MuddyWater,Uturn|||M|||50|,,,,,Grass]Indeedee-F||SafetyGoggles|PsychicSurge|FollowMe,Psychic,Imprison,TrickRoom|||F|||50|,,,,,Fairy
|inactive|Battle timer is ON: inactive players will automatically lose when time's up. (requested by Nnico Iosi)
|c|☆Nnico Iosi|Glhf
|c|☆Capfoo|u2
|inactive|Nnico Iosi has 60 seconds left.
|inactive|Capfoo has 60 seconds left.
|
|t:|1756982560
|teamsize|p1|4
|teamsize|p2|4
|start
|switch|p1a: Espathra|Espathra, L50, M|100/100
|switch|p1b: Magmar|Magmar, L50, F|100/100
|switch|p2a: Archaludon|Archaludon, L50, M|100/100
|switch|p2b: Pelipper|Pelipper, L50, M|100/100
|-weather|RainDance|[from] ability: Drizzle|[of] p2b: Pelipper
|turn|1
|inactive|Nnico Iosi has 30 seconds left.
|
|t:|1756982588
|move|p1a: Espathra|Protect|p1a: Espathra
|-singleturn|p1a: Espathra|Protect
|move|p1b: Magmar|Protect|p1b: Magmar
|-singleturn|p1b: Magmar|Protect
|move|p2b: Pelipper|Muddy Water|p1a: Espathra|[spread] 
|-activate|p1a: Espathra|move: Protect
|-activate|p1b: Magmar|move: Protect
|move|p2a: Archaludon|Electro Shot||[still]
|-prepare|p2a: Archaludon|Electro Shot
|-boost|p2a: Archaludon|spa|1
|-anim|p2a: Archaludon|Electro Shot|p1a: Espathra
|-activate|p1a: Espathra|move: Protect
|
|-weather|RainDance|[upkeep]
|-ability|p1a: Espathra|Speed Boost|boost
|-boost|p1a: Espathra|spe|1
|upkeep
|turn|2
|
|t:|1756982607
|move|p1b: Magmar|Follow Me|p1b: Magmar
|-singleturn|p1b: Magmar|move: Follow Me
|move|p1a: Espathra|Calm Mind|p1a: Espathra
|-boost|p1a: Espathra|spa|1
|-boost|p1a: Espathra|spd|1
|move|p2b: Pelipper|Muddy Water|p1a: Espathra|[spread] p1a,p1b
|-supereffective|p1b: Magmar
|-damage|p1a: Espathra|55/100
|-damage|p1b: Magmar|23/100
|-unboost|p1b: Magmar|accuracy|1
|move|p2a: Archaludon|Electro Shot||[still]
|-prepare|p2a: Archaludon|Electro Shot
|-boost|p2a: Archaludon|spa|1
|-anim|p2a: Archaludon|Electro Shot|p1b: Magmar
|-damage|p1b: Magmar|0 fnt
|faint|p1b: Magmar
|
|-weather|RainDance|[upkeep]
|-ability|p1a: Espathra|Speed Boost|boost
|-boost|p1a: Espathra|spe|1
|upkeep
|
|t:|1756982630
|switch|p1b: Amoonguss|Amoonguss, L50, F|100/100
|turn|3
|
|t:|1756982648
|move|p1b: Amoonguss|Rage Powder|p1b: Amoonguss
|-singleturn|p1b: Amoonguss|move: Rage Powder
|move|p1a: Espathra|Stored Power|p2b: Pelipper
|-crit|p2b: Pelipper
|-damage|p2b: Pelipper|0 fnt
|faint|p2b: Pelipper
|move|p2a: Archaludon|Dragon Pulse|p1b: Amoonguss
|-damage|p1b: Amoonguss|17/100
|
|-weather|RainDance|[upkeep]
|-ability|p1a: Espathra|Speed Boost|boost
|-boost|p1a: Espathra|spe|1
|upkeep
|
|t:|1756982667
|switch|p2b: Indeedee|Indeedee-F, L50, F|100/100
|-fieldstart|move: Psychic Terrain|[from] ability: Psychic Surge|[of] p2b: Indeedee
|turn|4
|inactive|Nnico Iosi has 30 seconds left.
|inactive|Nnico Iosi has 20 seconds left.
|inactive|Nnico Iosi has 15 seconds left.
|
|t:|1756982708
|-terastallize|p1a: Espathra|Fighting
|move|p1b: Amoonguss|Protect|p1b: Amoonguss
|-singleturn|p1b: Amoonguss|Protect
|move|p1a: Espathra|Tera Blast|p2a: Archaludon|[anim] Tera Blast Fighting
|-supereffective|p2a: Archaludon
|-damage|p2a: Archaludon|0 fnt
|faint|p2a: Archaludon
|move|p2b: Indeedee|Trick Room|p2b: Indeedee
|-fieldstart|move: Trick Room|[of] p2b: Indeedee
|
|-weather|RainDance|[upkeep]
|-ability|p1a: Espathra|Speed Boost|boost
|-boost|p1a: Espathra|spe|1
|upkeep
|
|t:|1756982715
|switch|p2a: Annihilape|Annihilape, L50, M|100/100
|turn|5
|inactive|Nnico Iosi has 30 seconds left.
|inactive|Nnico Iosi has 20 seconds left.
|inactive|Nnico Iosi has 15 seconds left.
|
|t:|1756982756
|move|p2a: Annihilape|Protect|p2a: Annihilape
|-singleturn|p2a: Annihilape|Protect
|move|p1b: Amoonguss|Pollen Puff|p1a: Espathra
|-heal|p1a: Espathra|100/100
|move|p2b: Indeedee|Psychic|p1a: Espathra
|-supereffective|p1a: Espathra
|-damage|p1a: Espathra|26/100
|move|p1a: Espathra|Stored Power|p2b: Indeedee
|-resisted|p2b: Indeedee
|-damage|p2b: Indeedee|36/100
|
|-weather|none
|-ability|p1a: Espathra|Speed Boost|boost
|-boost|p1a: Espathra|spe|1
|upkeep
|turn|6
|inactive|Nnico Iosi has 30 seconds left.
|inactive|Nnico Iosi has 20 seconds left.
|
|t:|1756982795
|move|p1a: Espathra|Protect|p1a: Espathra
|-singleturn|p1a: Espathra|Protect
|move|p1b: Amoonguss|Pollen Puff|p2b: Indeedee
|-supereffective|p2b: Indeedee
|-damage|p2b: Indeedee|2/100
|move|p2b: Indeedee|Psychic|p1a: Espathra
|-activate|p1a: Espathra|move: Protect
|move|p2a: Annihilape|Rage Fist|p1b: Amoonguss
|-damage|p1b: Amoonguss|0 fnt
|faint|p1b: Amoonguss
|
|-ability|p1a: Espathra|Speed Boost|boost
|-boost|p1a: Espathra|spe|1
|upkeep
|
|t:|1756982808
|switch|p1b: Ursaluna|Ursaluna-Bloodmoon, L50, M|100/100
|turn|7
|
|t:|1756982827
|move|p1b: Ursaluna|Hyper Voice|p2b: Indeedee|[spread] p2a,p2b
|-damage|p2a: Annihilape|62/100
|-damage|p2b: Indeedee|0 fnt
|faint|p2b: Indeedee
|move|p2a: Annihilape|Rage Fist|p1a: Espathra
|-damage|p1a: Espathra|0 fnt
|faint|p1a: Espathra
|
|-heal|p2a: Annihilape|68/100|[from] item: Leftovers
|upkeep
|turn|8
|
|t:|1756982851
|move|p1b: Ursaluna|Earth Power|p2a: Annihilape
|-damage|p2a: Annihilape|13/100
|move|p2a: Annihilape|Bulk Up|p2a: Annihilape
|-boost|p2a: Annihilape|atk|1
|-boost|p2a: Annihilape|def|1
|
|-heal|p2a: Annihilape|19/100|[from] item: Leftovers
|-fieldend|move: Trick Room
|-fieldend|move: Psychic Terrain
|upkeep
|turn|9
|
|t:|1756982869
|move|p2a: Annihilape|Protect|p2a: Annihilape
|-singleturn|p2a: Annihilape|Protect
|move|p1b: Ursaluna|Blood Moon|p2a: Annihilape
|-activate|p2a: Annihilape|move: Protect
|
|-heal|p2a: Annihilape|25/100|[from] item: Leftovers
|upkeep
|turn|10
|
|t:|1756982877
|move|p2a: Annihilape|Drain Punch|p1b: Ursaluna
|-supereffective|p1b: Ursaluna
|-damage|p1b: Ursaluna|19/100
|-heal|p2a: Annihilape|70/100|[from] drain|[of] p1b: Ursaluna
|move|p1b: Ursaluna|Hyper Voice|p2a: Annihilape
|-damage|p2a: Annihilape|20/100
|
|-heal|p2a: Annihilape|26/100|[from] item: Leftovers
|upkeep
|turn|11
|
|t:|1756982886
|move|p1b: Ursaluna|Vacuum Wave|p2a: Annihilape
|-damage|p2a: Annihilape|11/100
|move|p2a: Annihilape|Drain Punch|p1b: Ursaluna
|-supereffective|p1b: Ursaluna
|-damage|p1b: Ursaluna|0 fnt
|-heal|p2a: Annihilape|21/100|[from] drain|[of] p1b: Ursaluna
|faint|p1b: Ursaluna
|
|win|Capfoo
||Capfoo is ready for game 2.
|c|☆Nnico Iosi|Gg
||Nnico Iosi is ready for game 2.
|uhtml|next|Next: Game 2 of 3
|c|☆Capfoo|gg
