|j|☆Praximus
|j|☆joyfulwizard
|html|Praximusjoyfulwizard    
|uhtml|bestof|Game 2 of a best-of-3
|t:|1785330806
|gametype|doubles
|player|p1|Praximus|red|1239
|player|p2|joyfulwizard|cheren-gen5bw2|1364
|gen|9
|tier|[Gen 9 Champions] VGC 2026 Reg M-B (Bo3)
|rated|
|rule|Species Clause: Limit one of each Pokémon
|rule|Item Clause: Limit 1 of each item
|clearpoke
|poke|p1|Staraptor, L50, M, shiny|
|poke|p1|Milotic, L50, M|
|poke|p1|Tyranitar, L50, M|
|poke|p1|Excadrill, L50, M|
|poke|p1|Gholdengo, L50|
|poke|p1|Venusaur, L50, M|
|poke|p2|Charizard, L50, M|
|poke|p2|Glimmora, L50, M|
|poke|p2|Whimsicott, L50, F|
|poke|p2|Ninetales-Alola, L50, F|
|poke|p2|Kingambit, L50, M|
|poke|p2|Kommo-o, L50, M|
|teampreview|4
|showteam|p1|Staraptor||Staraptite|Intimidate|BraveBird,CloseCombat,Tailwind,Protect|Jolly||M|||50|]Milotic||Leftovers|Competitive|Scald,IcyWind,IceBeam,Recover|Calm||M|||50|]Tyranitar||ChoiceScarf|SandStream|RockSlide,KnockOff,BrickBreak,IcePunch|Jolly||M|||50|]Excadrill||FocusSash|SandRush|StompingTantrum,IronHead,RockSlide,Protect|Adamant||M|||50|]Gholdengo||LifeOrb|GoodasGold|MakeItRain,ShadowBall,Thunderbolt,Protect|Serious|||||50|]Venusaur||Venusaurite|Chlorophyll|SludgeBomb,GigaDrain,EarthPower,Protect|Modest||M|||50|
|showteam|p2|Charizard||CharizarditeY|Blaze|HeatWave,WeatherBall,SolarBeam,Protect|Modest||M|||50|]Glimmora||Glimmoranite|ToxicDebris|SludgeBomb,PowerGem,EarthPower,SpikyShield|Modest||M|||50|]Whimsicott||FocusSash|Prankster|Moonblast,Tailwind,Encore,Protect|Timid||F|||50|]Ninetales-Alola||NeverMeltIce|SnowWarning|Blizzard,FreezeDry,Disable,Protect|Timid||F|||50|]Kingambit||BlackGlasses|Defiant|KowtowCleave,SuckerPunch,IronHead,Protect|Adamant||M|||50|]Kommo-o||LifeOrb|Overcoat|ClangingScales,AuraSphere,VacuumWave,Protect|Modest||M|||50|
|inactive|Battle timer is ON: inactive players will automatically lose when time's up. (requested by Praximus)
|c|☆Praximus|how my venu is faster than kommoo
|c|☆joyfulwizard|i had my speed lowered i think?
|inactive|Praximus has 60 seconds left.
|inactive|joyfulwizard has 60 seconds left.
|c|☆Praximus|ye maybe
|c|☆joyfulwizard|i was as surprised as you hahahah
|c|☆joyfulwizard|yeah speed drop
|c|☆Praximus|make sense
|inactive|joyfulwizard has 30 seconds left.
|inactive|joyfulwizard has 20 seconds left.
|inactive|joyfulwizard has 15 seconds left.
|inactive|joyfulwizard has 10 seconds left.
|
|t:|1785330887
|teamsize|p1|4
|teamsize|p2|4
|start
|switch|p1a: Milotic|Milotic, L50, M|100/100
|switch|p1b: Excadrill|Excadrill, L50, M|100/100
|switch|p2a: Whimsicott|Whimsicott, L50, F|100/100
|switch|p2b: Ninetales|Ninetales-Alola, L50, F|100/100
|-weather|Snowscape|[from] ability: Snow Warning|[of] p2b: Ninetales
|turn|1
|
|t:|1785330911
|switch|p2b: Kommo-o|Kommo-o, L50, M|100/100
|switch|p1a: Tyranitar|Tyranitar, L50, M|100/100
|-weather|Sandstorm|[from] ability: Sand Stream|[of] p1a: Tyranitar
|move|p2a: Whimsicott|Tailwind|p2a: Whimsicott
|-sidestart|p2: joyfulwizard|move: Tailwind
|move|p1b: Excadrill|Rock Slide|p2a: Whimsicott|[spread] p2b
|-miss|p1b: Excadrill|p2a: Whimsicott
|-resisted|p2b: Kommo-o|1
|-damage|p2b: Kommo-o|89/100
|
|-weather|Sandstorm|[upkeep]
|-damage|p2a: Whimsicott|94/100|[from] Sandstorm
|upkeep
|turn|2
|
|t:|1785330926
|switch|p1a: Milotic|Milotic, L50, M|100/100
|move|p1b: Excadrill|Protect|p1b: Excadrill
|-singleturn|p1b: Excadrill|Protect
|move|p2a: Whimsicott|Moonblast|p1b: Excadrill
|-activate|p1b: Excadrill|move: Protect
|move|p2b: Kommo-o|Aura Sphere|p1a: Milotic
|-damage|p1a: Milotic|62/100
|-damage|p2b: Kommo-o|79/100|[from] item: Life Orb
|
|-weather|Sandstorm|[upkeep]
|-damage|p2a: Whimsicott|88/100|[from] Sandstorm
|-damage|p1a: Milotic|56/100|[from] Sandstorm
|-heal|p1a: Milotic|62/100|[from] item: Leftovers
|upkeep
|turn|3
|
|t:|1785330948
|move|p2a: Whimsicott|Encore|p1b: Excadrill
|-start|p1b: Excadrill|Encore
|move|p1b: Excadrill|Protect||[still]
|-fail|p1b: Excadrill
|move|p2b: Kommo-o|Clanging Scales|p1a: Milotic|[spread] p1a,p1b
|-resisted|p1b: Excadrill|1
|-damage|p1a: Milotic|23/100
|-damage|p1b: Excadrill|66/100
|-unboost|p2b: Kommo-o|def|1
|-damage|p2b: Kommo-o|69/100|[from] item: Life Orb
|move|p1a: Milotic|Icy Wind|p2b: Kommo-o|[spread] p2a,p2b
|-supereffective|p2a: Whimsicott|1
|-supereffective|p2b: Kommo-o|1
|-damage|p2a: Whimsicott|51/100
|-damage|p2b: Kommo-o|45/100
|-unboost|p2a: Whimsicott|spe|1
|-unboost|p2b: Kommo-o|spe|1
|
|-weather|Sandstorm|[upkeep]
|-damage|p2a: Whimsicott|45/100|[from] Sandstorm
|-damage|p1a: Milotic|17/100|[from] Sandstorm
|-heal|p1a: Milotic|23/100|[from] item: Leftovers
|upkeep
|turn|4
|inactive|Praximus has 30 seconds left.
|
|t:|1785330979
|switch|p1b: Staraptor|Staraptor, L50, M, shiny|100/100
|-ability|p1b: Staraptor|Intimidate|boost
|-unboost|p2a: Whimsicott|atk|1
|-unboost|p2b: Kommo-o|atk|1
|move|p2a: Whimsicott|Moonblast|p1a: Milotic
|-damage|p1a: Milotic|0 fnt
|faint|p1a: Milotic
|move|p2b: Kommo-o|Clanging Scales|p1b: Staraptor
|-damage|p1b: Staraptor|1/100
|-unboost|p2b: Kommo-o|def|1
|-damage|p2b: Kommo-o|35/100|[from] item: Life Orb
|
|-weather|Sandstorm|[upkeep]
|-damage|p2a: Whimsicott|39/100|[from] Sandstorm
|-damage|p1b: Staraptor|0 fnt|[from] Sandstorm
|faint|p1b: Staraptor
|-sideend|p2: joyfulwizard|move: Tailwind
|upkeep
|
|t:|1785330995
|switch|p1b: Excadrill|Excadrill, L50, M|66/100
|switch|p1a: Tyranitar|Tyranitar, L50, M|100/100
|turn|5
|
|t:|1785331019
|move|p2b: Kommo-o|Protect|p2b: Kommo-o
|-singleturn|p2b: Kommo-o|Protect
|move|p2a: Whimsicott|Tailwind|p2a: Whimsicott
|-sidestart|p2: joyfulwizard|move: Tailwind
|move|p1b: Excadrill|Iron Head|p2a: Whimsicott
|-supereffective|p2a: Whimsicott|1
|-damage|p2a: Whimsicott|0 fnt
|faint|p2a: Whimsicott
|move|p1a: Tyranitar|Rock Slide|p2b: Kommo-o
|-activate|p2b: Kommo-o|move: Protect
|
|-weather|none
|upkeep
|
|t:|1785331023
|switch|p2a: Ninetales|Ninetales-Alola, L50, F|100/100
|-weather|Snowscape|[from] ability: Snow Warning|[of] p2a: Ninetales
|turn|6
|
|t:|1785331042
|move|p2a: Ninetales|Blizzard|p1b: Excadrill|[spread] p1a,p1b
|-damage|p1a: Tyranitar|64/100
|-damage|p1b: Excadrill|11/100
|move|p2b: Kommo-o|Aura Sphere|p1a: Tyranitar
|-supereffective|p1a: Tyranitar|2
|-damage|p1a: Tyranitar|0 fnt
|faint|p1a: Tyranitar
|-damage|p2b: Kommo-o|25/100|[from] item: Life Orb
|move|p1b: Excadrill|Rock Slide|p2b: Kommo-o|[spread] p2a,p2b
|-supereffective|p2a: Ninetales|1
|-crit|p2a: Ninetales
|-resisted|p2b: Kommo-o|1
|-damage|p2a: Ninetales|38/100
|-damage|p2b: Kommo-o|2/100
|
|-weather|Snowscape|[upkeep]
|upkeep
|turn|7
|-message|Praximus forfeited.
|
|win|joyfulwizard
|l|☆Praximus
|player|p1|
||Praximus is ready for game 3.
||joyfulwizard is ready for game 3.
|uhtml|next|Next: Game 3 of 3
