|j|☆AN555GEL
|j|☆SongokuVG Fr
|html|AN555GELSongokuVG Fr    
|uhtml|bestof|Game 3 of a best-of-3
|t:|1756290466
|gametype|doubles
|player|p1|AN555GEL|169|1139
|player|p2|SongokuVG Fr|lucian|1237
|gen|9
|tier|[Gen 9] VGC 2025 Reg H (Bo3)
|rated|
|rule|Species Clause: Limit one of each Pokémon
|rule|Item Clause: Limit 1 of each item
|clearpoke
|poke|p1|Archaludon, L50, F|
|poke|p1|Basculegion, L50, M|
|poke|p1|Pelipper, L50, M|
|poke|p1|Incineroar, L50, F|
|poke|p1|Clefable, L50, F|
|poke|p1|Gholdengo, L50|
|poke|p2|Electabuzz, L50, M|
|poke|p2|Ninetales-Alola, L50, F|
|poke|p2|Rillaboom, L50, M|
|poke|p2|Volcarona, L50, F|
|poke|p2|Ursaluna-Bloodmoon, L50, M|
|poke|p2|Kingambit, L50, M|
|teampreview|4
|showteam|p1|Archaludon||AssaultVest|Stamina|ElectroShot,BodyPress,DragonPulse,Snarl|||F|||50|,,,,,Grass]Basculegion||ChoiceBand|SwiftSwim|AquaJet,WaveCrash,FlipTurn,LastRespects|||M|||50|,,,,,Water]Pelipper||FocusSash|Drizzle|WeatherBall,Hurricane,Tailwind,Protect|||M|||50|,,,,,Ghost]Incineroar||SitrusBerry|Intimidate|FakeOut,KnockOff,Taunt,PartingShot|||F|||50|,,,,,Ghost]Clefable||SafetyGoggles|Unaware|Moonblast,FollowMe,Protect,LifeDew|||F|||50|,,,,,Water]Gholdengo||LifeOrb|GoodasGold|MakeItRain,NastyPlot,ShadowBall,Protect||||||50|,,,,,Water
|showteam|p2|Electabuzz||Eviolite|VitalSpirit|FollowMe,Electroweb,Protect,Taunt|||M|||50|,,,,,Ghost]Ninetales-Alola||LightClay|SnowWarning|Blizzard,FreezeDry,Protect,AuroraVeil|||F|||50|,,,,,Ghost]Rillaboom||AssaultVest|GrassySurge|FakeOut,WoodHammer,GrassyGlide,HighHorsepower|||M|||50|,,,,,Fire]Volcarona||CovertCloak|FlameBody|QuiverDance,Protect,TeraBlast,FieryDance|||F|||50|,,,,,Fairy]Ursaluna-Bloodmoon||LifeOrb|MindsEye|EarthPower,Protect,HyperVoice,BloodMoon|||M|||50|,,,,,Normal]Kingambit||SafetyGoggles|Defiant|KowtowCleave,Protect,SwordsDance,SuckerPunch|||M|||50|,,,,,Flying
|inactive|Battle timer is ON: inactive players will automatically lose when time's up. (requested by SongokuVG Fr)
|inactive|AN555GEL has 60 seconds left.
|
|t:|1756290507
|teamsize|p1|4
|teamsize|p2|4
|start
|switch|p1a: Pelipper|Pelipper, L50, M, shiny|100/100
|switch|p1b: Basculegion|Basculegion, L50, M|100/100
|switch|p2a: Electabuzz|Electabuzz, L50, M|100/100
|switch|p2b: Volcarona|Volcarona, L50, F|100/100
|-weather|RainDance|[from] ability: Drizzle|[of] p1a: Pelipper
|turn|1
|inactive|AN555GEL has 30 seconds left.
|
|t:|1756290535
|switch|p2b: Ninetales|Ninetales-Alola, L50, F|100/100
|-weather|Snowscape|[from] ability: Snow Warning|[of] p2b: Ninetales
|switch|p1a: Archaludon|Archaludon, L50, F|100/100
|-terastallize|p1b: Basculegion|Water
|move|p2a: Electabuzz|Electroweb|p1a: Archaludon|[spread] p1a,p1b
|-resisted|p1a: Archaludon
|-supereffective|p1b: Basculegion
|-damage|p1a: Archaludon|96/100
|-damage|p1b: Basculegion|67/100
|-unboost|p1a: Archaludon|spe|1
|-unboost|p1b: Basculegion|spe|1
|-ability|p1a: Archaludon|Stamina|boost
|-boost|p1a: Archaludon|def|1
|move|p1b: Basculegion|Flip Turn|p2a: Electabuzz
|-damage|p2a: Electabuzz|39/100
|
|t:|1756290541
|switch|p1b: Pelipper|Pelipper, L50, M, shiny|100/100|[from] Flip Turn
|-weather|RainDance|[from] ability: Drizzle|[of] p1b: Pelipper
|
|-weather|RainDance|[upkeep]
|upkeep
|turn|2
|
|t:|1756290556
|switch|p1b: Clefable|Clefable, L50, F|100/100
|move|p2b: Ninetales|Freeze-Dry|p1b: Clefable
|-damage|p1b: Clefable|82/100
|move|p2a: Electabuzz|Electroweb|p1a: Archaludon|[spread] p1a,p1b
|-resisted|p1a: Archaludon
|-damage|p1a: Archaludon|91/100
|-damage|p1b: Clefable|70/100
|-unboost|p1a: Archaludon|spe|1
|-unboost|p1b: Clefable|spe|1
|-ability|p1a: Archaludon|Stamina|boost
|-boost|p1a: Archaludon|def|1
|move|p1a: Archaludon|Electro Shot||[still]
|-prepare|p1a: Archaludon|Electro Shot
|-boost|p1a: Archaludon|spa|1
|-anim|p1a: Archaludon|Electro Shot|p2b: Ninetales
|-damage|p2b: Ninetales|32/100
|
|-weather|RainDance|[upkeep]
|upkeep
|turn|3
|
|t:|1756290568
|switch|p2b: Ursaluna|Ursaluna-Bloodmoon, L50, M|100/100
|move|p2a: Electabuzz|Taunt|p1b: Clefable
|-start|p1b: Clefable|move: Taunt
|move|p1a: Archaludon|Electro Shot||[still]
|-prepare|p1a: Archaludon|Electro Shot
|-boost|p1a: Archaludon|spa|1
|-anim|p1a: Archaludon|Electro Shot|p2b: Ursaluna
|-immune|p2b: Ursaluna
|cant|p1b: Clefable|move: Taunt|Life Dew
|
|-weather|RainDance|[upkeep]
|upkeep
|turn|4
|
|t:|1756290584
|move|p2a: Electabuzz|Electroweb|p1a: Archaludon|[spread] p1a,p1b
|-resisted|p1a: Archaludon
|-damage|p1a: Archaludon|85/100
|-damage|p1b: Clefable|57/100
|-unboost|p1a: Archaludon|spe|1
|-unboost|p1b: Clefable|spe|1
|-ability|p1a: Archaludon|Stamina|boost
|-boost|p1a: Archaludon|def|1
|move|p2b: Ursaluna|Earth Power|p1a: Archaludon
|-supereffective|p1a: Archaludon
|-damage|p1a: Archaludon|0 fnt
|faint|p1a: Archaludon
|-damage|p2b: Ursaluna|91/100|[from] item: Life Orb
|move|p1b: Clefable|Moonblast|p2a: Electabuzz
|-damage|p2a: Electabuzz|16/100
|
|-weather|RainDance|[upkeep]
|upkeep
|
|t:|1756290591
|switch|p1a: Basculegion|Basculegion, L50, M, tera:Water|67/100
|turn|5
|
|t:|1756290606
|-terastallize|p2b: Ursaluna|Normal
|move|p1a: Basculegion|Aqua Jet|p2a: Electabuzz
|-damage|p2a: Electabuzz|0 fnt
|faint|p2a: Electabuzz
|move|p2b: Ursaluna|Hyper Voice|p1b: Clefable|[spread] p1a,p1b
|-damage|p1a: Basculegion|0 fnt
|-damage|p1b: Clefable|0 fnt
|faint|p1a: Basculegion
|faint|p1b: Clefable
|-damage|p2b: Ursaluna|81/100|[from] item: Life Orb
|
|-weather|none
|upkeep
|c|☆AN555GEL|gg
|
|t:|1756290616
|switch|p2a: Ninetales|Ninetales-Alola, L50, F|32/100
|switch|p1b: Pelipper|Pelipper, L50, M, shiny|100/100
|-weather|Snowscape|[from] ability: Snow Warning|[of] p2a: Ninetales
|-weather|RainDance|[from] ability: Drizzle|[of] p1b: Pelipper
|turn|6
|
|t:|1756290621
|move|p2a: Ninetales|Freeze-Dry|p1b: Pelipper
|-supereffective|p1b: Pelipper
|-enditem|p1b: Pelipper|Focus Sash
|-damage|p1b: Pelipper|1/100
|move|p1b: Pelipper|Weather Ball|p2b: Ursaluna
|-damage|p2b: Ursaluna|0 fnt
|faint|p2b: Ursaluna
|
|-weather|RainDance|[upkeep]
|upkeep
|
|t:|1756290629
|switch|p2b: Volcarona|Volcarona, L50, F|100/100
|turn|7
|
|t:|1756290633
|move|p2a: Ninetales|Freeze-Dry|p1b: Pelipper
|-supereffective|p1b: Pelipper
|-damage|p1b: Pelipper|0 fnt
|faint|p1b: Pelipper
|
|win|SongokuVG Fr
|raw|AN555GEL's rating: 1139 → 1121(-18 for losing)
|raw|SongokuVG Fr's rating: 1237 → 1255(+18 for winning)
|l|☆SongokuVG Fr
|player|p2|
