|j|☆WashYoButt
|j|☆noelle holiday vgc
|html|WashYoButtnoelle holiday vgc    
|uhtml|bestof|Game 1 of a best-of-3
|t:|1757702451
|gametype|doubles
|player|p1|WashYoButt|ariana|1159
|player|p2|noelle holiday vgc|winona|1221
|gen|9
|tier|[Gen 9] VGC 2025 Reg H (Bo3)
|rated|
|rule|Species Clause: Limit one of each Pokémon
|rule|Item Clause: Limit 1 of each item
|clearpoke
|poke|p1|Gholdengo, L50|
|poke|p1|Basculegion, L50, M|
|poke|p1|Amoonguss, L50, M|
|poke|p1|Kommo-o, L50, M|
|poke|p1|Ninetales-Alola, L50, F|
|poke|p1|Incineroar, L50, M|
|poke|p2|Dragonite, L50, M|
|poke|p2|Gholdengo, L50|
|poke|p2|Archaludon, L50, F|
|poke|p2|Ribombee, L50, M|
|poke|p2|Ursaluna-Bloodmoon, L50, M|
|poke|p2|Sneasler, L50, F|
|teampreview|4
|showteam|p1|Gholdengo||LifeOrb|GoodasGold|Protect,NastyPlot,ShadowBall,MakeItRain||||||50|,,,,,Water]Basculegion||ChoiceScarf|Adaptability|WaveCrash,LastRespects,AquaJet,FlipTurn|||M|||50|,,,,,Grass]Amoonguss||RockyHelmet|Regenerator|Spore,PollenPuff,RagePowder,ClearSmog|||M|||50|,,,,,Water]Kommo-o||Leftovers|Overcoat|IronDefense,BodyPress,Flamethrower,Protect|||M|||50|,,,,,Fire]Ninetales-Alola||FocusSash|SnowWarning|Protect,Moonblast,Blizzard,FreezeDry|||F|||50|,,,,,Ghost]Incineroar||SafetyGoggles|Intimidate|KnockOff,FlareBlitz,FakeOut,PartingShot|||M|||50|,,,,,Ghost
|showteam|p2|Dragonite||LoadedDice|Multiscale|Haze,IceSpinner,ScaleShot,Protect|||M|||50|,,,,,Steel]Gholdengo||ChoiceSpecs|GoodasGold|MakeItRain,ShadowBall,Thunderbolt,PowerGem||||||50|,,,,,Steel]Archaludon||PowerHerb|Sturdy|ElectroShot,FlashCannon,DracoMeteor,Protect|||F|||50|,,,,,Stellar]Ribombee||FocusSash|ShieldDust|Moonblast,Tailwind,FakeTears,Protect|||M|||50|,,,,,Dark]Ursaluna-Bloodmoon||AssaultVest|MindsEye|EarthPower,BloodMoon,HyperVoice,VacuumWave|||M|||50|,,,,,Water]Sneasler||WhiteHerb|Unburden|CloseCombat,DireClaw,FakeOut,Protect|||F|||50|,,,,,Ghost
|inactive|Battle timer is ON: inactive players will automatically lose when time's up. (requested by noelle holiday vgc)
|inactive|noelle holiday vgc has 60 seconds left.
|
|t:|1757702490
|teamsize|p1|4
|teamsize|p2|4
|start
|switch|p1a: Basculegion|Basculegion, L50, M|100/100
|switch|p1b: Incineroar|Incineroar, L50, M|100/100
|switch|p2a: Ribombee|Ribombee, L50, M|100/100
|switch|p2b: Gholdengo|Gholdengo, L50|100/100
|-ability|p1b: Incineroar|Intimidate|boost
|-unboost|p2a: Ribombee|atk|1
|-unboost|p2b: Gholdengo|atk|1
|turn|1
|
|t:|1757702502
|move|p1a: Basculegion|Flip Turn|p2a: Ribombee
|-damage|p2a: Ribombee|17/100
|
|t:|1757702509
|switch|p1a: Kommo-o|Kommo-o, L50, M|100/100|[from] Flip Turn
|move|p2a: Ribombee|Tailwind|p2a: Ribombee
|-sidestart|p2: noelle holiday vgc|move: Tailwind
|move|p2b: Gholdengo|Shadow Ball|p1a: Kommo-o
|-damage|p1a: Kommo-o|42/100
|move|p1b: Incineroar|Knock Off|p2b: Gholdengo
|-supereffective|p2b: Gholdengo
|-damage|p2b: Gholdengo|16/100
|-enditem|p2b: Gholdengo|Choice Specs|[from] move: Knock Off|[of] p1b: Incineroar
|
|-heal|p1a: Kommo-o|48/100|[from] item: Leftovers
|upkeep
|turn|2
|
|t:|1757702528
|move|p1a: Kommo-o|Protect|p1a: Kommo-o
|-singleturn|p1a: Kommo-o|Protect
|move|p2a: Ribombee|Fake Tears|p1a: Kommo-o
|-activate|p1a: Kommo-o|move: Protect
|move|p2b: Gholdengo|Power Gem|p1b: Incineroar
|-supereffective|p1b: Incineroar
|-damage|p1b: Incineroar|53/100
|move|p1b: Incineroar|Knock Off|p2a: Ribombee
|-resisted|p2a: Ribombee
|-damage|p2a: Ribombee|0 fnt
|-enditem|p2a: Ribombee|Focus Sash|[from] move: Knock Off|[of] p1b: Incineroar
|faint|p2a: Ribombee
|
|-heal|p1a: Kommo-o|54/100|[from] item: Leftovers
|upkeep
|
|t:|1757702534
|switch|p2a: Ursaluna|Ursaluna-Bloodmoon, L50, M|100/100
|turn|3
|inactive|noelle holiday vgc has 30 seconds left.
|
|t:|1757702564
|move|p2b: Gholdengo|Make It Rain|p1a: Kommo-o|[spread] p1a,p1b
|-resisted|p1b: Incineroar
|-damage|p1a: Kommo-o|8/100
|-damage|p1b: Incineroar|32/100
|-unboost|p2b: Gholdengo|spa|1
|move|p2a: Ursaluna|Hyper Voice|p1a: Kommo-o|[spread] p1a,p1b
|-damage|p1a: Kommo-o|0 fnt
|-damage|p1b: Incineroar|0 fnt
|faint|p1a: Kommo-o
|faint|p1b: Incineroar
|
|upkeep
|
|t:|1757702574
|switch|p1a: Gholdengo|Gholdengo, L50|100/100
|switch|p1b: Basculegion|Basculegion, L50, M|100/100
|turn|4
|
|t:|1757702593
|-terastallize|p1b: Basculegion|Grass
|-terastallize|p2a: Ursaluna|Water
|move|p1a: Gholdengo|Protect|p1a: Gholdengo
|-singleturn|p1a: Gholdengo|Protect
|move|p2b: Gholdengo|Make It Rain|p1b: Basculegion|[spread] p1b
|-activate|p1a: Gholdengo|move: Protect
|-damage|p1b: Basculegion|66/100
|-unboost|p2b: Gholdengo|spa|1
|move|p1b: Basculegion|Wave Crash|p2a: Ursaluna
|-resisted|p2a: Ursaluna
|-damage|p2a: Ursaluna|77/100
|-damage|p1b: Basculegion|58/100|[from] Recoil
|move|p2a: Ursaluna|Blood Moon|p1b: Basculegion
|-damage|p1b: Basculegion|0 fnt
|faint|p1b: Basculegion
|
|-sideend|p2: noelle holiday vgc|move: Tailwind
|upkeep
|turn|5
|
|t:|1757702603
|move|p1a: Gholdengo|Make It Rain|p2b: Gholdengo|[spread] p2a,p2b
|-resisted|p2a: Ursaluna
|-resisted|p2b: Gholdengo
|-damage|p2a: Ursaluna|49/100
|-damage|p2b: Gholdengo|0 fnt
|-unboost|p1a: Gholdengo|spa|1
|faint|p2b: Gholdengo
|-damage|p1a: Gholdengo|91/100|[from] item: Life Orb
|move|p2a: Ursaluna|Earth Power|p1a: Gholdengo
|-supereffective|p1a: Gholdengo
|-damage|p1a: Gholdengo|0 fnt
|faint|p1a: Gholdengo
|
|win|noelle holiday vgc
||noelle holiday vgc is ready for game 2.
