|j|☆TrashTest6116
|j|☆vglabmty
|html|TrashTest6116vglabmty    
|uhtml|bestof|Game 2 of a best-of-3
|t:|1784564580
|gametype|doubles
|player|p1|TrashTest6116|colress|1211
|player|p2|vglabmty|scientist|1152
|gen|9
|tier|[Gen 9 Champions] VGC 2026 Reg M-B (Bo3)
|rated|
|rule|Species Clause: Limit one of each Pokémon
|rule|Item Clause: Limit 1 of each item
|clearpoke
|poke|p1|Garchomp, L50, M|
|poke|p1|Venusaur, L50, F|
|poke|p1|Incineroar, L50, M|
|poke|p1|Charizard, L50, M|
|poke|p1|Toxapex, L50, M|
|poke|p1|Annihilape, L50, M|
|poke|p2|Tyranitar, L50, F|
|poke|p2|Rotom-Mow, L50|
|poke|p2|Farigiraf, L50, M|
|poke|p2|Sneasler, L50, M|
|poke|p2|Houndstone, L50, F|
|poke|p2|Mamoswine, L50, F|
|teampreview|4
|showteam|p1|Garchomp||ChoiceScarf|RoughSkin|Earthquake,RockSlide,DragonClaw,StompingTantrum|Adamant||M|||50|]Venusaur||LifeOrb|Chlorophyll|SludgeBomb,SolarBeam,EarthPower,Protect|Modest||F|||50|]Incineroar||SitrusBerry|Intimidate|FakeOut,FlareBlitz,ThroatChop,PartingShot|Impish||M|||50|]Charizard||CharizarditeY|Blaze|HeatWave,WeatherBall,Protect,HelpingHand|Modest||M|||50|]Toxapex||Leftovers|Regenerator|Infestation,Toxic,WideGuard,BanefulBunker|Impish||M|||50|]Annihilape||FocusSash|Defiant|CloseCombat,PhantomForce,RockTomb,Protect|Jolly||M|||50|
|showteam|p2|Tyranitar||Tyranitarite|SandStream|Protect,DragonDance,Crunch,RockSlide|Adamant||F|||50|]Rotom-Mow||Leftovers|Levitate|WillOWisp,Electroweb,LeafStorm,Protect|Calm|||||50|]Farigiraf||SitrusBerry|ArmorTail|HelpingHand,TrickRoom,TwinBeam,Thunderbolt|Relaxed||M|||50|]Sneasler||WhiteHerb|Unburden|FakeOut,DireClaw,CloseCombat,ThroatChop|Adamant||M|||50|]Houndstone||ColburBerry|SandRush|Protect,LastRespects,ShadowSneak,BodyPress|Adamant||F|||50|]Mamoswine||LifeOrb|Oblivious|HighHorsepower,IceShard,Protect,RockSlide|Jolly||F|||50|
|inactive|Battle timer is ON: inactive players will automatically lose when time's up. (requested by vglabmty)
|
|t:|1784564597
|teamsize|p1|4
|teamsize|p2|4
|start
|switch|p1a: Garchomp|Garchomp, L50, M|100/100
|switch|p1b: Annihilape|Annihilape, L50, M|100/100
|switch|p2a: Farigiraf|Farigiraf, L50, M|100/100
|switch|p2b: Sneasler|Sneasler, L50, M|100/100
|turn|1
|inactive|vglabmty has 30 seconds left.
|inactive|vglabmty has 20 seconds left.
|inactive|vglabmty has 15 seconds left.
|inactive|vglabmty has 10 seconds left.
|inactive|vglabmty has 5 seconds left.
|
|t:|1784564649
|switch|p2b: Tyranitar|Tyranitar, L50, F|100/100
|-weather|Sandstorm|[from] ability: Sand Stream|[of] p2b: Tyranitar
|move|p1b: Annihilape|Protect|p1b: Annihilape
|-singleturn|p1b: Annihilape|Protect
|move|p1a: Garchomp|Stomping Tantrum|p2b: Tyranitar
|-supereffective|p2b: Tyranitar|1
|-damage|p2b: Tyranitar|18/100
|move|p2a: Farigiraf|Trick Room|p2a: Farigiraf
|-fieldstart|move: Trick Room|[of] p2a: Farigiraf
|
|-weather|Sandstorm|[upkeep]
|-damage|p2a: Farigiraf|93/100|[from] Sandstorm
|-damage|p1b: Annihilape|94/100|[from] Sandstorm
|upkeep
|turn|2
|
|t:|1784564666
|move|p2b: Tyranitar|Protect|p2b: Tyranitar
|-singleturn|p2b: Tyranitar|Protect
|move|p2a: Farigiraf|Twin Beam|p1a: Garchomp
|-damage|p1a: Garchomp|84/100
|-damage|p1a: Garchomp|68/100
|-hitcount|p1a: Garchomp|2
|move|p1b: Annihilape|Close Combat|p2a: Farigiraf
|-damage|p2a: Farigiraf|51/100
|-unboost|p1b: Annihilape|def|1
|-unboost|p1b: Annihilape|spd|1
|move|p1a: Garchomp|Stomping Tantrum|p2b: Tyranitar
|-activate|p2b: Tyranitar|move: Protect
|
|-weather|Sandstorm|[upkeep]
|-damage|p2a: Farigiraf|45/100|[from] Sandstorm
|-damage|p1b: Annihilape|88/100|[from] Sandstorm
|-enditem|p2a: Farigiraf|Sitrus Berry|[eat]
|-heal|p2a: Farigiraf|70/100|[from] item: Sitrus Berry
|upkeep
|turn|3
|inactive|TrashTest6116 has 30 seconds left.
|
|t:|1784564692
|switch|p2b: Houndstone|Houndstone, L50, F|100/100
|switch|p1b: Toxapex|Toxapex, L50, M|100/100
|switch|p1a: Charizard|Charizard, L50, M|100/100
|move|p2a: Farigiraf|Twin Beam|p1a: Charizard
|-damage|p1a: Charizard|83/100
|-damage|p1a: Charizard|63/100
|-hitcount|p1a: Charizard|2
|
|-weather|Sandstorm|[upkeep]
|-damage|p1b: Toxapex|94/100|[from] Sandstorm
|-damage|p2a: Farigiraf|64/100|[from] Sandstorm
|-damage|p1a: Charizard|57/100|[from] Sandstorm
|-heal|p1b: Toxapex|100/100|[from] item: Leftovers
|upkeep
|turn|4
|
|t:|1784564715
|switch|p1a: Garchomp|Garchomp, L50, M|68/100
|move|p2b: Houndstone|Protect|p2b: Houndstone
|-singleturn|p2b: Houndstone|Protect
|move|p1b: Toxapex|Toxic|p2b: Houndstone
|-activate|p2b: Houndstone|move: Protect
|move|p2a: Farigiraf|Thunderbolt|p1a: Garchomp
|-immune|p1a: Garchomp
|
|-weather|Sandstorm|[upkeep]
|-damage|p1b: Toxapex|94/100|[from] Sandstorm
|-damage|p2a: Farigiraf|58/100|[from] Sandstorm
|-heal|p1b: Toxapex|100/100|[from] item: Leftovers
|upkeep
|turn|5
|c|☆vglabmty|nice toxa
|inactive|TrashTest6116 has 30 seconds left.
|
|t:|1784564744
|move|p1b: Toxapex|Infestation|p2b: Houndstone
|-resisted|p2b: Houndstone|1
|-damage|p2b: Houndstone|98/100
|-activate|p2b: Houndstone|move: Infestation|[of] p1b: Toxapex
|move|p2a: Farigiraf|Twin Beam|p1b: Toxapex
|-supereffective|p1b: Toxapex|1
|-damage|p1b: Toxapex|77/100
|-supereffective|p1b: Toxapex|1
|-damage|p1b: Toxapex|56/100
|-hitcount|p1b: Toxapex|2
|move|p1a: Garchomp|Stomping Tantrum|p2a: Farigiraf
|-damage|p2a: Farigiraf|25/100
|move|p2b: Houndstone|Last Respects|p1b: Toxapex
|-damage|p1b: Toxapex|37/100
|
|-weather|none
|-heal|p1b: Toxapex|43/100|[from] item: Leftovers
|-damage|p2b: Houndstone|86/100|[from] move: Infestation|[partiallytrapped]
|-fieldend|move: Trick Room
|upkeep
|turn|6
|
|t:|1784564767
|move|p2a: Farigiraf|Helping Hand|p2b: Houndstone
|-singleturn|p2b: Houndstone|Helping Hand|[of] p2a: Farigiraf
|move|p1a: Garchomp|Stomping Tantrum|p2a: Farigiraf
|-damage|p2a: Farigiraf|0 fnt
|faint|p2a: Farigiraf
|move|p2b: Houndstone|Last Respects|p1a: Garchomp
|-damage|p1a: Garchomp|0 fnt
|faint|p1a: Garchomp
|move|p1b: Toxapex|Toxic|p2b: Houndstone
|-status|p2b: Houndstone|tox
|
|-heal|p1b: Toxapex|49/100|[from] item: Leftovers
|-damage|p2b: Houndstone|80/100 tox|[from] psn
|-damage|p2b: Houndstone|68/100 tox|[from] move: Infestation|[partiallytrapped]
|upkeep
|
|t:|1784564791
|switch|p1a: Charizard|Charizard, L50, M|57/100
|switch|p2a: Tyranitar|Tyranitar, L50, F|18/100
|-weather|Sandstorm|[from] ability: Sand Stream|[of] p2a: Tyranitar
|turn|7
|
|t:|1784564803
|move|p1a: Charizard|Protect|p1a: Charizard
|-singleturn|p1a: Charizard|Protect
|move|p2a: Tyranitar|Protect|p2a: Tyranitar
|-singleturn|p2a: Tyranitar|Protect
|move|p1b: Toxapex|Baneful Bunker|p1b: Toxapex
|-singleturn|p1b: Toxapex|move: Protect
|move|p2b: Houndstone|Last Respects|p1b: Toxapex
|-activate|p1b: Toxapex|move: Protect
|
|-weather|Sandstorm|[upkeep]
|-damage|p1a: Charizard|52/100|[from] Sandstorm
|-damage|p1b: Toxapex|43/100|[from] Sandstorm
|-heal|p1b: Toxapex|49/100|[from] item: Leftovers
|-damage|p2b: Houndstone|56/100 tox|[from] psn
|-damage|p2b: Houndstone|44/100 tox|[from] move: Infestation|[partiallytrapped]
|upkeep
|turn|8
|
|t:|1784564815
|detailschange|p1a: Charizard|Charizard-Mega-Y, L50, M
|-mega|p1a: Charizard|Charizard|Charizardite Y
|-weather|SunnyDay|[from] ability: Drought|[of] p1a: Charizard
|detailschange|p2a: Tyranitar|Tyranitar-Mega, L50, F
|-mega|p2a: Tyranitar|Tyranitar|Tyranitarite
|-weather|Sandstorm|[from] ability: Sand Stream|[of] p2a: Tyranitar
|move|p1b: Toxapex|Wide Guard|p1b: Toxapex
|-singleturn|p1b: Toxapex|Wide Guard
|move|p2b: Houndstone|Last Respects|p1a: Charizard
|-damage|p1a: Charizard|3/100
|move|p1a: Charizard|Heat Wave|p2b: Houndstone|[spread] p2a
|-miss|p1a: Charizard|p2b: Houndstone
|-resisted|p2a: Tyranitar|1
|-damage|p2a: Tyranitar|5/100
|move|p2a: Tyranitar|Dragon Dance|p2a: Tyranitar
|-boost|p2a: Tyranitar|atk|1
|-boost|p2a: Tyranitar|spe|1
|
|-weather|Sandstorm|[upkeep]
|-damage|p1a: Charizard|0 fnt|[from] Sandstorm
|-damage|p1b: Toxapex|43/100|[from] Sandstorm
|faint|p1a: Charizard
|-heal|p1b: Toxapex|49/100|[from] item: Leftovers
|-damage|p2b: Houndstone|26/100 tox|[from] psn
|-damage|p2b: Houndstone|14/100 tox|[from] move: Infestation|[partiallytrapped]
|upkeep
|
|t:|1784564820
|switch|p1a: Annihilape|Annihilape, L50, M|88/100
|turn|9
|
|t:|1784564839
|move|p2a: Tyranitar|Protect|p2a: Tyranitar
|-singleturn|p2a: Tyranitar|Protect
|move|p1b: Toxapex|Baneful Bunker||[still]
|-fail|p1b: Toxapex
|move|p2b: Houndstone|Last Respects|p1b: Toxapex
|-damage|p1b: Toxapex|16/100
|move|p1a: Annihilape|Close Combat|p2a: Tyranitar
|-activate|p2a: Tyranitar|move: Protect
|
|-weather|Sandstorm|[upkeep]
|-damage|p1a: Annihilape|82/100|[from] Sandstorm
|-damage|p1b: Toxapex|10/100|[from] Sandstorm
|-heal|p1b: Toxapex|16/100|[from] item: Leftovers
|-damage|p2b: Houndstone|0 fnt|[from] psn
|faint|p2b: Houndstone
|upkeep
|
|t:|1784564853
|switch|p2b: Sneasler|Sneasler, L50, M|100/100
|turn|10
|
|t:|1784564861
|move|p2a: Tyranitar|Crunch|p1a: Annihilape
|-damage|p1a: Annihilape|0 fnt
|faint|p1a: Annihilape
|move|p2b: Sneasler|Throat Chop|p1b: Toxapex
|-damage|p1b: Toxapex|0 fnt
|faint|p1b: Toxapex
|
|win|vglabmty
