|j|☆lux raimundi
|j|☆Jfjshabbdbaha
|html|lux raimundiJfjshabbdbaha    
|uhtml|bestof|Game 1 of a best-of-3
|t:|1784318978
|gametype|doubles
|player|p1|lux raimundi|266|1142
|player|p2|Jfjshabbdbaha|colress|1051
|gen|9
|tier|[Gen 9 Champions] VGC 2026 Reg M-B (Bo3)
|rated|
|rule|Species Clause: Limit one of each Pokémon
|rule|Item Clause: Limit 1 of each item
|clearpoke
|poke|p1|Sneasler, L50, M|
|poke|p1|Blastoise, L50, M|
|poke|p1|Kingambit, L50, M|
|poke|p1|Incineroar, L50, M|
|poke|p1|Delphox, L50, F|
|poke|p1|Sinistcha, L50|
|poke|p2|Grimmsnarl, L50, M|
|poke|p2|Excadrill, L50, M|
|poke|p2|Sylveon, L50, F|
|poke|p2|Greninja, L50, F|
|poke|p2|Sinistcha-Masterpiece, L50|
|poke|p2|Tyranitar, L50, M|
|teampreview|4
|showteam|p1|Sneasler||FocusSash|PoisonTouch|PoisonJab,CloseCombat,FakeOut,QuickGuard|Jolly||M|||50|]Blastoise||Blastoisinite|RainDish|DarkPulse,WaterSpout,ShellSmash,Protect|Modest||M|||50|]Kingambit||BlackGlasses|Defiant|KowtowCleave,SuckerPunch,SwordsDance,Protect|Adamant||M|||50|]Incineroar||SitrusBerry|Intimidate|FlareBlitz,HelpingHand,PartingShot,FakeOut|Careful||M|||50|]Delphox||Delphoxite|Blaze|HeatWave,NastyPlot,Psyshock,Protect|Modest||F|||50|]Sinistcha||KasibBerry|Hospitality|MatchaGotcha,RagePowder,TrickRoom,Protect|Bold|||||50|
|showteam|p2|Grimmsnarl||RoseliBerry|Prankster|FakeOut,PartingShot,FakeTears,FoulPlay|Careful||M|||50|]Excadrill||FocusSash|SandRush|Earthquake,RockSlide,IronHead,Protect|Adamant||M|||50|]Sylveon||FairyFeather|Pixilate|HyperVoice,Protect,HyperBeam,QuickAttack|Quiet||F|||50|]Greninja||Greninjite|Protean|WeatherBall,IceBeam,Protect,SludgeWave|Timid||F|||50|]Sinistcha-Masterpiece||CobaBerry|Heatproof|Protect,TrickRoom,MatchaGotcha,RagePowder|Quiet|||||50|]Tyranitar||Tyranitarite|SandStream|RockSlide,KnockOff,LowKick,Protect|Adamant||M|||50|
|
|t:|1784319031
|teamsize|p1|4
|teamsize|p2|4
|start
|switch|p1a: Sneasler|Sneasler, L50, M|100/100
|switch|p1b: Blastoise|Blastoise, L50, M|100/100
|switch|p2a: Greninja|Greninja, L50, F|100/100
|switch|p2b: Grimmsnarl|Grimmsnarl, L50, M|100/100
|turn|1
|
|t:|1784319052
|detailschange|p1b: Blastoise|Blastoise-Mega, L50, M
|-mega|p1b: Blastoise|Blastoise|Blastoisinite
|move|p2a: Greninja|Protect|p2a: Greninja
|-start|p2a: Greninja|typechange|Normal|[from] ability: Protean
|-singleturn|p2a: Greninja|Protect
|move|p1a: Sneasler|Fake Out|p2b: Grimmsnarl
|-damage|p2b: Grimmsnarl|83/100
|move|p1b: Blastoise|Shell Smash|p1b: Blastoise
|-unboost|p1b: Blastoise|def|1
|-unboost|p1b: Blastoise|spd|1
|-boost|p1b: Blastoise|atk|2
|-boost|p1b: Blastoise|spa|2
|-boost|p1b: Blastoise|spe|2
|cant|p2b: Grimmsnarl|flinch
|
|upkeep
|turn|2
|
|t:|1784319069
|detailschange|p2a: Greninja|Greninja-Mega, L50, F
|-mega|p2a: Greninja|Greninja|Greninjite
|move|p1a: Sneasler|Quick Guard|p1a: Sneasler
|-singleturn|p1a: Sneasler|Quick Guard
|move|p2b: Grimmsnarl|Parting Shot|p1b: Blastoise
|-activate|p1b: Blastoise|move: Quick Guard
|move|p1b: Blastoise|Water Spout|p2a: Greninja|[spread] p2a,p2b
|-resisted|p2a: Greninja|1
|-damage|p2a: Greninja|5/100
|-damage|p2b: Grimmsnarl|0 fnt
|faint|p2b: Grimmsnarl
|move|p2a: Greninja|Sludge Wave|p1a: Sneasler|[spread] p1a,p1b
|-start|p2a: Greninja|typechange|Poison|[from] ability: Protean
|-resisted|p1a: Sneasler|1
|-damage|p1a: Sneasler|75/100
|-damage|p1b: Blastoise|43/100
|
|upkeep
|
|t:|1784319080
|switch|p2b: Excadrill|Excadrill, L50, M|100/100
|turn|3
|
|t:|1784319095
|switch|p2a: Tyranitar|Tyranitar, L50, M|100/100
|-weather|Sandstorm|[from] ability: Sand Stream|[of] p2a: Tyranitar
|switch|p1a: Sinistcha|Sinistcha, L50|100/100
|-heal|p1b: Blastoise|67/100|[from] ability: Hospitality|[of] p1a: Sinistcha
|move|p1b: Blastoise|Protect|p1b: Blastoise
|-singleturn|p1b: Blastoise|Protect
|move|p2b: Excadrill|Earthquake|p1b: Blastoise|[spread] p2a,p1a
|-activate|p1b: Blastoise|move: Protect
|-supereffective|p2a: Tyranitar|1
|-resisted|p1a: Sinistcha|1
|-damage|p2a: Tyranitar|27/100
|-damage|p1a: Sinistcha|82/100
|
|-weather|Sandstorm|[upkeep]
|-damage|p1b: Blastoise|61/100|[from] Sandstorm
|-damage|p1a: Sinistcha|75/100|[from] Sandstorm
|upkeep
|turn|4
|
|t:|1784319113
|switch|p1a: Incineroar|Incineroar, L50, M|100/100
|-ability|p1a: Incineroar|Intimidate|boost
|-unboost|p2a: Tyranitar|atk|1
|-unboost|p2b: Excadrill|atk|1
|move|p2b: Excadrill|Rock Slide|p1b: Blastoise|[spread] p1a,p1b
|-supereffective|p1a: Incineroar|1
|-damage|p1a: Incineroar|74/100
|-damage|p1b: Blastoise|41/100
|cant|p1b: Blastoise|flinch
|move|p2a: Tyranitar|Rock Slide|p1a: Incineroar|[spread] p1a
|-miss|p2a: Tyranitar|p1b: Blastoise
|-supereffective|p1a: Incineroar|1
|-damage|p1a: Incineroar|32/100
|-enditem|p1a: Incineroar|Sitrus Berry|[eat]
|-heal|p1a: Incineroar|57/100|[from] item: Sitrus Berry
|
|-weather|Sandstorm|[upkeep]
|-damage|p1b: Blastoise|36/100|[from] Sandstorm
|-damage|p1a: Incineroar|51/100|[from] Sandstorm
|upkeep
|turn|5
|
|t:|1784319127
|move|p2b: Excadrill|Protect|p2b: Excadrill
|-singleturn|p2b: Excadrill|Protect
|move|p1a: Incineroar|Fake Out|p2b: Excadrill
|-activate|p2b: Excadrill|move: Protect
|move|p1b: Blastoise|Water Spout|p2a: Tyranitar|[spread] p2a
|-activate|p2b: Excadrill|move: Protect
|-supereffective|p2a: Tyranitar|1
|-damage|p2a: Tyranitar|0 fnt
|faint|p2a: Tyranitar
|
|-weather|Sandstorm|[upkeep]
|-damage|p1b: Blastoise|30/100|[from] Sandstorm
|-damage|p1a: Incineroar|45/100|[from] Sandstorm
|upkeep
|
|t:|1784319132
|switch|p2a: Greninja|Greninja-Mega, L50, F|5/100
|turn|6
|
|t:|1784319146
|switch|p1a: Sinistcha|Sinistcha, L50|75/100
|-heal|p1b: Blastoise|54/100|[from] ability: Hospitality|[of] p1a: Sinistcha
|move|p1b: Blastoise|Protect|p1b: Blastoise
|-singleturn|p1b: Blastoise|Protect
|move|p2b: Excadrill|Rock Slide|p1a: Sinistcha|[spread] p1a
|-activate|p1b: Blastoise|move: Protect
|-damage|p1a: Sinistcha|62/100
|move|p2a: Greninja|Weather Ball|p1b: Blastoise
|-start|p2a: Greninja|typechange|Rock|[from] ability: Protean
|-activate|p1b: Blastoise|move: Protect
|
|-weather|Sandstorm|[upkeep]
|-damage|p1b: Blastoise|49/100|[from] Sandstorm
|-damage|p1a: Sinistcha|56/100|[from] Sandstorm
|upkeep
|turn|7
|
|t:|1784319163
|switch|p1a: Incineroar|Incineroar, L50, M|45/100
|-ability|p1a: Incineroar|Intimidate|boost
|-unboost|p2a: Greninja|atk|1
|-unboost|p2b: Excadrill|atk|1
|move|p2b: Excadrill|Rock Slide|p1a: Incineroar|[spread] p1a,p1b
|-supereffective|p1a: Incineroar|1
|-damage|p1a: Incineroar|23/100
|-damage|p1b: Blastoise|32/100
|cant|p1b: Blastoise|flinch
|move|p2a: Greninja|Ice Beam|p1a: Incineroar
|-resisted|p1a: Incineroar|1
|-damage|p1a: Incineroar|10/100
|
|-weather|none
|upkeep
|turn|8
|c|☆lux raimundi|...
|
|t:|1784319179
|move|p2a: Greninja|Protect|p2a: Greninja
|-singleturn|p2a: Greninja|Protect
|move|p2b: Excadrill|Protect|p2b: Excadrill
|-singleturn|p2b: Excadrill|Protect
|move|p1a: Incineroar|Fake Out|p2b: Excadrill
|-activate|p2b: Excadrill|move: Protect
|move|p1b: Blastoise|Water Spout|p2b: Excadrill|[spread] 
|-activate|p2a: Greninja|move: Protect
|-activate|p2b: Excadrill|move: Protect
|
|upkeep
|turn|9
|-message|Jfjshabbdbaha forfeited.
|
|win|lux raimundi
