|j|‽Juaner95
|j|☆lucasr_65
|html|Juaner95lucasr_65    
|uhtml|bestof|Game 3 of a best-of-3
|t:|1783633765
|gametype|doubles
|player|p1|Juaner95|ash-johto|1090
|player|p2|lucasr_65|266|1037
|gen|9
|tier|[Gen 9 Champions] VGC 2026 Reg M-B (Bo3)
|rated|
|rule|Species Clause: Limit one of each Pokémon
|rule|Item Clause: Limit 1 of each item
|clearpoke
|poke|p1|Scovillain, L50, M|
|poke|p1|Basculegion, L50, M, shiny|
|poke|p1|Sylveon, L50, F, shiny|
|poke|p1|Garchomp, L50, M|
|poke|p1|Aerodactyl, L50, M|
|poke|p1|Kingambit, L50, M|
|poke|p2|Farigiraf, L50, M|
|poke|p2|Scrafty, L50, F|
|poke|p2|Aegislash, L50, F|
|poke|p2|Ariados, L50, M|
|poke|p2|Talonflame, L50, M|
|poke|p2|Floette-Eternal, L50, F|
|teampreview|4
|showteam|p1|Scovillain||Scovillainite|Moody|Overheat,LeechSeed,RagePowder,Protect|Calm||M|||50|]Basculegion||ChoiceScarf|Adaptability|WaveCrash,LastRespects,FlipTurn,AquaJet|Jolly||M|||50|]Sylveon||FairyFeather|Pixilate|HyperVoice,HyperBeam,QuickAttack,Detect|Modest||F|||50|]Garchomp||SitrusBerry|RoughSkin|Earthquake,DragonClaw,PoisonJab,Protect|Adamant||M|||50|]Aerodactyl||Aerodactylite|Unnerve|RockSlide,DualWingbeat,Tailwind,Protect|Jolly||M|||50|]Kingambit||FocusSash|Defiant|KowtowCleave,IronHead,LowKick,SuckerPunch|Adamant||M|||50|
|showteam|p2|Farigiraf||ColburBerry|ArmorTail|Protect,HyperVoice,TrickRoom,AllySwitch|Sassy||M|||50|]Scrafty||Scraftinite|Intimidate|CloseCombat,KnockOff,SwordsDance,FakeOut|Brave||F|||50|]Aegislash||MetalCoat|StanceChange|IronHead,Poltergeist,WideGuard,KingsShield|Careful||F|||50|]Ariados||SitrusBerry|Insomnia|RagePowder,ShadowSneak,Protect,PoisonJab|Careful||M|||50|]Talonflame||FocusSash|GaleWings|Tailwind,UpperHand,BlazeKick,DualWingbeat|Jolly||M|||50|]Floette-Eternal||Floettite|FlowerVeil|CalmMind,DrainingKiss,DazzlingGleam,Protect|Modest||F|||50|
|inactive|Battle timer is ON: inactive players will automatically lose when time's up. (requested by lucasr_65)
|inactive|Juaner95 has 60 seconds left.
|inactive|Juaner95 has 30 seconds left.
|inactive|Juaner95 has 20 seconds left.
|inactive|Juaner95 has 15 seconds left.
|
|t:|1783633844
|teamsize|p1|4
|teamsize|p2|4
|start
|switch|p1a: Aerodactyl|Aerodactyl, L50, M|100/100
|switch|p1b: Kingambit|Kingambit, L50, M|100/100
|switch|p2a: Talonflame|Talonflame, L50, M|100/100
|switch|p2b: Floette|Floette-Eternal, L50, F|100/100
|-ability|p1a: Aerodactyl|Unnerve
|turn|1
|inactive|lucasr_65 has 30 seconds left.
|
|t:|1783633876
|detailschange|p1a: Aerodactyl|Aerodactyl-Mega, L50, M
|-mega|p1a: Aerodactyl|Aerodactyl|Aerodactylite
|detailschange|p2b: Floette|Floette-Mega, L50, F
|-mega|p2b: Floette|Floette|Floettite
|-ability|p2b: Floette|Fairy Aura
|move|p2a: Talonflame|Tailwind|p2a: Talonflame
|-sidestart|p2: lucasr_65|move: Tailwind
|move|p2b: Floette|Dazzling Gleam|p1b: Kingambit|[spread] p1a,p1b
|-damage|p1a: Aerodactyl|50/100g
|-damage|p1b: Kingambit|44/100
|move|p1a: Aerodactyl|Tailwind|p1a: Aerodactyl
|-sidestart|p1: Juaner95|move: Tailwind
|move|p1b: Kingambit|Iron Head|p2b: Floette
|-supereffective|p2b: Floette|1
|-crit|p2b: Floette
|-damage|p2b: Floette|0 fnt
|faint|p2b: Floette
|
|upkeep
|
|t:|1783633892
|switch|p2b: Aegislash|Aegislash, L50, F|100/100
|turn|2
|inactive|Juaner95 has 30 seconds left.
|inactive|Juaner95 has 20 seconds left.
|
|t:|1783633928
|move|p2a: Talonflame|Upper Hand||[still]
|-fail|p2a: Talonflame
|move|p1a: Aerodactyl|Dual Wingbeat|p2a: Talonflame
|-damage|p2a: Talonflame|62/100
|-damage|p2a: Talonflame|26/100
|-hitcount|p2a: Talonflame|2
|-formechange|p2b: Aegislash|Aegislash-Blade|
|move|p2b: Aegislash|Iron Head|p1a: Aerodactyl
|-supereffective|p1a: Aerodactyl|1
|-damage|p1a: Aerodactyl|0 fnt
|faint|p1a: Aerodactyl
|move|p1b: Kingambit|Kowtow Cleave|p2a: Talonflame
|-damage|p2a: Talonflame|0 fnt
|faint|p2a: Talonflame
|
|upkeep
|
|t:|1783633943
|switch|p1a: Basculegion|Basculegion, L50, M, shiny|100/100
|switch|p2a: Ariados|Ariados, L50, M|100/100
|turn|3
|
|t:|1783633954
|move|p2a: Ariados|Rage Powder|p2a: Ariados
|-singleturn|p2a: Ariados|move: Rage Powder
|move|p1a: Basculegion|Flip Turn|p2a: Ariados
|-damage|p2a: Ariados|49/100
|-enditem|p2a: Ariados|Sitrus Berry|[eat]
|-heal|p2a: Ariados|74/100|[from] item: Sitrus Berry
|
|t:|1783633957
|switch|p1a: Sylveon|Sylveon, L50, F, shiny|100/100|[from] Flip Turn
|move|p2b: Aegislash|Poltergeist|p1a: Sylveon
|-activate|p1a: Sylveon|move: Poltergeist|Fairy Feather
|-damage|p1a: Sylveon|28/100
|move|p1b: Kingambit|Kowtow Cleave|p2a: Ariados
|-damage|p2a: Ariados|4/100
|
|upkeep
|turn|4
|
|t:|1783633972
|move|p2b: Aegislash|Wide Guard|p2b: Aegislash
|-singleturn|p2b: Aegislash|Wide Guard
|move|p1b: Kingambit|Sucker Punch||[still]
|-fail|p1b: Kingambit
|move|p1a: Sylveon|Quick Attack|p2a: Ariados
|-resisted|p2a: Ariados|1
|-damage|p2a: Ariados|0 fnt
|faint|p2a: Ariados
|
|-sideend|p2: lucasr_65|move: Tailwind
|-sideend|p1: Juaner95|move: Tailwind
|upkeep
|turn|5
|
|t:|1783633992
|move|p2b: Aegislash|Iron Head|p1a: Sylveon
|-supereffective|p1a: Sylveon|1
|-damage|p1a: Sylveon|0 fnt
|faint|p1a: Sylveon
|move|p1b: Kingambit|Kowtow Cleave|p2b: Aegislash
|-supereffective|p2b: Aegislash|1
|-damage|p2b: Aegislash|0 fnt
|faint|p2b: Aegislash
|
|win|Juaner95
|raw|Juaner95's rating: 1090 → 1112(+22 for winning)
|raw|lucasr_65's rating: 1037 → 1024(-13 for losing)
|l|☆lucasr_65
|player|p2|
