|j|☆ZKShadows
|j|☆Yoshabie
|html|ZKShadowsYoshabie    
|uhtml|bestof|Game 2 of a best-of-3
|t:|1783472895
|gametype|doubles
|player|p1|ZKShadows|giovanni|
|player|p2|Yoshabie|winona|
|gen|9
|tier|[Gen 9 Champions] VGC 2026 Reg M-B (Bo3)
|rule|Species Clause: Limit one of each Pokémon
|rule|Item Clause: Limit 1 of each item
|clearpoke
|poke|p1|Scrafty, L50, M|
|poke|p1|Vileplume, L50, M|
|poke|p1|Staraptor, L50, M|
|poke|p1|Farigiraf, L50, M|
|poke|p1|Sylveon, L50, M|
|poke|p1|Torkoal, L50, M|
|poke|p2|Froslass, L50, F, shiny|
|poke|p2|Meowstic, L50, M|
|poke|p2|Milotic, L50, F, shiny|
|poke|p2|Gardevoir, L50, F, shiny|
|poke|p2|Goodra-Hisui, L50, F|
|poke|p2|Staraptor, L50, M, shiny|
|teampreview|4
|showteam|p1|Scrafty||Scraftinite|Intimidate|CloseCombat,KnockOff,IronHead,FakeOut|Brave||M|||50|]Vileplume||FocusSash|Chlorophyll|SludgeBomb,SleepPowder,AfterYou,LeafStorm|Timid||M|||50|]Staraptor||ChoiceScarf|Intimidate|BraveBird,CloseCombat,Uturn,FinalGambit|Jolly||M|||50|]Farigiraf||SitrusBerry|ArmorTail|Protect,TwinBeam,Thunderbolt,TrickRoom|Sassy||M|||50|]Sylveon||FairyFeather|Pixilate|HyperVoice,QuickAttack,HyperBeam,Detect|Quiet||M|||50|]Torkoal||Charcoal|Drought|Eruption,WeatherBall,HeatWave,Protect|Quiet||M|||50|
|showteam|p2|Froslass||Froslassite|SnowCloak|Blizzard,WeatherBall,ShadowBall,Protect|Serious||F|||50|]Meowstic||SitrusBerry|Prankster|RainDance,SunnyDay,Gravity,FakeOut|Bold||M|||50|]Milotic||Leftovers|Competitive|MuddyWater,Hypnosis,LifeDew,IceBeam|Bold||F|||50|]Gardevoir||Gardevoirite|Trace|FocusBlast,Protect,HyperVoice,Psyshock|Modest||F|||50|]Goodra-Hisui||LifeOrb|ShellArmor|SteelBeam,DracoMeteor,Protect,WeatherBall|Modest||F|||50|]Staraptor||FocusSash|Intimidate|FinalGambit,Tailwind,CloseCombat,BraveBird|Serious||M|||50|
|
|t:|1783472935
|teamsize|p1|4
|teamsize|p2|4
|start
|switch|p1a: Farigiraf|Farigiraf, L50, M|100/100
|switch|p1b: Scrafty|Scrafty, L50, M|100/100
|switch|p2a: Staraptor|Staraptor, L50, M, shiny|100/100
|switch|p2b: Snow Miku|Froslass, L50, F, shiny|100/100
|-ability|p2a: Staraptor|Intimidate|boost
|-unboost|p1a: Farigiraf|atk|1
|-unboost|p1b: Scrafty|atk|1
|-ability|p1b: Scrafty|Intimidate|boost
|-unboost|p2a: Staraptor|atk|1
|-unboost|p2b: Snow Miku|atk|1
|turn|1
|
|t:|1783472970
|detailschange|p2b: Snow Miku|Froslass-Mega, L50, F, shiny
|-mega|p2b: Snow Miku|Froslass|Froslassite
|-weather|Snowscape|[from] ability: Snow Warning|[of] p2b: Snow Miku
|detailschange|p1b: Scrafty|Scrafty-Mega, L50, M
|-mega|p1b: Scrafty|Scrafty|Scraftinite
|-ability|p1b: Scrafty|Intimidate|boost
|-unboost|p2a: Staraptor|atk|1
|-unboost|p2b: Snow Miku|atk|1
|move|p1b: Scrafty|Fake Out|p2a: Staraptor
|-damage|p2a: Staraptor|87/100
|move|p2b: Snow Miku|Blizzard|p1b: Scrafty|[spread] p1a,p1b
|-damage|p1a: Farigiraf|63/100
|-damage|p1b: Scrafty|62/100
|-status|p1a: Farigiraf|frz
|cant|p2a: Staraptor|flinch
|cant|p1a: Farigiraf|frz
|
|-weather|Snowscape|[upkeep]
|upkeep
|turn|2
|
|t:|1783473013
|switch|p1a: Torkoal|Torkoal, L50, M|100/100
|-weather|SunnyDay|[from] ability: Drought|[of] p1a: Torkoal
|move|p2b: Snow Miku|Blizzard|p1a: Torkoal|[spread] 
|-miss|p2b: Snow Miku|p1a: Torkoal
|-miss|p2b: Snow Miku|p1b: Scrafty
|move|p2a: Staraptor|Brave Bird|p1b: Scrafty
|-supereffective|p1b: Scrafty|1
|-damage|p1b: Scrafty|9/100
|-damage|p2a: Staraptor|71/100|[from] Recoil
|move|p1b: Scrafty|Iron Head|p2b: Snow Miku
|-supereffective|p2b: Snow Miku|1
|-damage|p2b: Snow Miku|36/100
|
|-weather|SunnyDay|[upkeep]
|upkeep
|turn|3
|
|t:|1783473044
|switch|p1b: Farigiraf|Farigiraf, L50, M|63/100 frz
|move|p1a: Torkoal|Protect|p1a: Torkoal
|-singleturn|p1a: Torkoal|Protect
|move|p2b: Snow Miku|Blizzard|p1a: Torkoal|[spread] 
|-activate|p1a: Torkoal|move: Protect
|-miss|p2b: Snow Miku|p1b: Farigiraf
|move|p2a: Staraptor|Final Gambit|p1a: Torkoal
|-activate|p1a: Torkoal|move: Protect
|
|-weather|SunnyDay|[upkeep]
|upkeep
|turn|4
|
|t:|1783473080
|switch|p2b: Summer Idol|Milotic, L50, F, shiny|100/100
|switch|p1a: Scrafty|Scrafty-Mega, L50, M|9/100
|-ability|p1a: Scrafty|Intimidate|boost
|-unboost|p2a: Staraptor|atk|1
|-unboost|p2b: Summer Idol|atk|1
|-ability|p2b: Summer Idol|Competitive|boost
|-boost|p2b: Summer Idol|spa|2
|move|p2a: Staraptor|Final Gambit|p1a: Scrafty
|-damage|p1a: Scrafty|0 fnt
|faint|p2a: Staraptor
|faint|p1a: Scrafty
|cant|p1b: Farigiraf|frz
|
|-weather|SunnyDay|[upkeep]
|upkeep
|
|t:|1783473093
|switch|p2a: Mesmerizer|Meowstic, L50, M|100/100
|switch|p1a: Sylveon|Sylveon, L50, M|100/100
|turn|5
|
|t:|1783473100
|move|p2a: Mesmerizer|Rain Dance|p2a: Mesmerizer
|-weather|RainDance
|move|p2b: Summer Idol|Muddy Water|p1a: Sylveon|[spread] p1a,p1b
|-damage|p1a: Sylveon|22/100
|-damage|p1b: Farigiraf|0 fnt
|faint|p1b: Farigiraf
|move|p1a: Sylveon|Hyper Voice|p2b: Summer Idol|[spread] p2a,p2b
|-crit|p2a: Mesmerizer
|-damage|p2a: Mesmerizer|23/100
|-damage|p2b: Summer Idol|59/100
|-enditem|p2a: Mesmerizer|Sitrus Berry|[eat]
|-heal|p2a: Mesmerizer|48/100|[from] item: Sitrus Berry
|
|-weather|RainDance|[upkeep]
|-heal|p2b: Summer Idol|65/100|[from] item: Leftovers
|upkeep
|
|t:|1783473112
|switch|p1b: Torkoal|Torkoal, L50, M|100/100
|-weather|SunnyDay|[from] ability: Drought|[of] p1b: Torkoal
|turn|6
|
|t:|1783473123
|move|p2a: Mesmerizer|Rain Dance|p2a: Mesmerizer
|-weather|RainDance
|move|p2b: Summer Idol|Muddy Water|p1b: Torkoal|[spread] p1a
|-miss|p2b: Summer Idol|p1b: Torkoal
|-damage|p1a: Sylveon|0 fnt
|faint|p1a: Sylveon
|move|p1b: Torkoal|Eruption|p2a: Mesmerizer|[spread] p2a,p2b
|-resisted|p2b: Summer Idol|1
|-damage|p2a: Mesmerizer|18/100
|-damage|p2b: Summer Idol|54/100
|
|-weather|RainDance|[upkeep]
|-heal|p2b: Summer Idol|60/100|[from] item: Leftovers
|upkeep
|turn|7
|
|t:|1783473141
|move|p2a: Mesmerizer|Gravity|p2a: Mesmerizer
|-fieldstart|move: Gravity
|move|p2b: Summer Idol|Muddy Water|p1b: Torkoal
|-supereffective|p1b: Torkoal|1
|-damage|p1b: Torkoal|0 fnt
|faint|p1b: Torkoal
|
|win|Yoshabie
||ZKShadows is ready for game 3.
