|j|☆FrancoilCieco777
|j|☆the_foxdark
|html|FrancoilCieco777the_foxdark    
|uhtml|bestof|Game 1 of a best-of-3
|t:|1757006381
|gametype|doubles
|player|p1|FrancoilCieco777|baker|1087
|player|p2|the_foxdark|gambler|1076
|gen|9
|tier|[Gen 9] VGC 2025 Reg H (Bo3)
|rated|
|rule|Species Clause: Limit one of each Pokémon
|rule|Item Clause: Limit 1 of each item
|clearpoke
|poke|p1|Volcarona, L50, F|
|poke|p1|Electabuzz, L50, F|
|poke|p1|Sneasler, L50, M|
|poke|p1|Kingambit, L50, M|
|poke|p1|Dragonite, L50, M|
|poke|p1|Rillaboom, L50, F|
|poke|p2|Jolteon, L50, M|
|poke|p2|Corviknight, L50, M|
|poke|p2|Garchomp, L50, F|
|poke|p2|Volcarona, L50, M|
|poke|p2|Amoonguss, L50, M|
|poke|p2|Samurott-Hisui, L50, F|
|teampreview|4
|showteam|p1|Volcarona||CovertCloak|FlameBody|HeatWave,TeraBlast,QuiverDance,Protect|||F|||50|,,,,,Fairy]Electabuzz||Eviolite|VitalSpirit|Thunderbolt,FollowMe,Taunt,Protect|||F|||50|,,,,,Ghost]Sneasler||FocusSash|Unburden|FakeOut,CloseCombat,DireClaw,Coaching|||M|||50|,,,,,Stellar]Kingambit||BlackGlasses|Defiant|KowtowCleave,SuckerPunch,SwordsDance,Protect|||M|||50|,,,,,Dark]Dragonite||LoadedDice|Multiscale|ScaleShot,ExtremeSpeed,Haze,Protect|||M|||50|,,,,,Normal]Rillaboom||AssaultVest|GrassySurge|WoodHammer,GrassyGlide,HighHorsepower,FakeOut|||F|||50|,,,,,Fire
|showteam|p2|Jolteon||FocusSash|VoltAbsorb|Electroweb,VoltSwitch,TeraBlast,Protect|||M|||50|,,,,,Ice]Corviknight||RockyHelmet|MirrorArmor|BraveBird,BodyPress,Roost,Tailwind|||M|||50|,,,,,Dragon]Garchomp||LifeOrb|RoughSkin|DragonClaw,Earthquake,StompingTantrum,Protect|||F|||50|,,,,,Steel]Volcarona||Leftovers|FlameBody|Flamethrower,GigaDrain,QuiverDance,Protect|||M|||50|,,,,,Grass]Amoonguss||MentalHerb|Regenerator|ClearSmog,PollenPuff,RagePowder,Spore|||M|||50|,,,,,Water]Samurott-Hisui||AssaultVest|Sharpness|AquaCutter,NightSlash,SacredSword,SuckerPunch|||F|||50|,,,,,Poison
|inactive|Battle timer is ON: inactive players will automatically lose when time's up. (requested by FrancoilCieco777)
|
|t:|1757006400
|teamsize|p1|4
|teamsize|p2|4
|start
|switch|p1a: Volcarona|Volcarona, L50, F|100/100
|switch|p1b: Electabuzz|Electabuzz, L50, F|100/100
|switch|p2a: Jolteon|Jolteon, L50, M, shiny|100/100
|switch|p2b: Garchomp|Garchomp, L50, F, shiny|100/100
|turn|1
|
|t:|1757006417
|-terastallize|p1a: Volcarona|Fairy
|move|p1b: Electabuzz|Follow Me|p1b: Electabuzz
|-singleturn|p1b: Electabuzz|move: Follow Me
|move|p2a: Jolteon|Electroweb|p1a: Volcarona|[spread] p1a,p1b
|-resisted|p1b: Electabuzz
|-damage|p1a: Volcarona|82/100
|-damage|p1b: Electabuzz|93/100
|-unboost|p1b: Electabuzz|spe|1
|move|p2b: Garchomp|Stomping Tantrum|p1b: Electabuzz
|-supereffective|p1b: Electabuzz
|-damage|p1b: Electabuzz|14/100
|-damage|p2b: Garchomp|91/100|[from] item: Life Orb
|move|p1a: Volcarona|Quiver Dance|p1a: Volcarona
|-boost|p1a: Volcarona|spa|1
|-boost|p1a: Volcarona|spd|1
|-boost|p1a: Volcarona|spe|1
|
|upkeep
|turn|2
|inactive|the_foxdark has 30 seconds left.
|
|t:|1757006445
|move|p2a: Jolteon|Protect|p2a: Jolteon
|-singleturn|p2a: Jolteon|Protect
|move|p1b: Electabuzz|Protect|p1b: Electabuzz
|-singleturn|p1b: Electabuzz|Protect
|move|p1a: Volcarona|Heat Wave|p2b: Garchomp|[spread] p2b
|-activate|p2a: Jolteon|move: Protect
|-resisted|p2b: Garchomp
|-damage|p2b: Garchomp|61/100
|move|p2b: Garchomp|Earthquake|p1b: Electabuzz|[spread] p1a
|-activate|p2a: Jolteon|move: Protect
|-activate|p1b: Electabuzz|move: Protect
|-damage|p1a: Volcarona|31/100
|-damage|p2b: Garchomp|51/100|[from] item: Life Orb
|
|upkeep
|turn|3
|
|t:|1757006465
|move|p1b: Electabuzz|Follow Me|p1b: Electabuzz
|-singleturn|p1b: Electabuzz|move: Follow Me
|move|p1a: Volcarona|Heat Wave|p2a: Jolteon|[spread] p2a,p2b
|-resisted|p2b: Garchomp
|-damage|p2a: Jolteon|32/100
|-damage|p2b: Garchomp|20/100
|move|p2a: Jolteon|Electroweb|p1a: Volcarona|[spread] p1a,p1b
|-resisted|p1b: Electabuzz
|-crit|p1b: Electabuzz
|-damage|p1a: Volcarona|21/100
|-damage|p1b: Electabuzz|3/100
|-unboost|p1b: Electabuzz|spe|1
|move|p2b: Garchomp|Stomping Tantrum|p1b: Electabuzz
|-supereffective|p1b: Electabuzz
|-damage|p1b: Electabuzz|0 fnt
|faint|p1b: Electabuzz
|-damage|p2b: Garchomp|10/100|[from] item: Life Orb
|
|upkeep
|
|t:|1757006477
|switch|p1b: Sneasler|Sneasler, L50, M|100/100
|turn|4
|
|t:|1757006489
|move|p2b: Garchomp|Protect|p2b: Garchomp
|-singleturn|p2b: Garchomp|Protect
|move|p1a: Volcarona|Heat Wave|p2a: Jolteon|[spread] 
|-activate|p2b: Garchomp|move: Protect
|-miss|p1a: Volcarona|p2a: Jolteon
|move|p2a: Jolteon|Electroweb|p1a: Volcarona|[spread] p1a,p1b
|-damage|p1a: Volcarona|9/100
|-damage|p1b: Sneasler|75/100
|-unboost|p1b: Sneasler|spe|1
|move|p1b: Sneasler|Coaching|p1a: Volcarona
|-boost|p1a: Volcarona|atk|1
|-boost|p1a: Volcarona|def|1
|
|upkeep
|turn|5
|
|t:|1757006514
|switch|p1b: Kingambit|Kingambit, L50, M, shiny|100/100
|move|p2b: Garchomp|Protect|p2b: Garchomp
|-singleturn|p2b: Garchomp|Protect
|move|p1a: Volcarona|Heat Wave|p2a: Jolteon|[spread] p2a
|-activate|p2b: Garchomp|move: Protect
|-damage|p2a: Jolteon|0 fnt
|faint|p2a: Jolteon
|
|upkeep
|
|t:|1757006523
|switch|p2a: Corviknight|Corviknight, L50, M, shiny|100/100
|turn|6
|
|t:|1757006537
|-terastallize|p2a: Corviknight|Dragon
|move|p1b: Kingambit|Sucker Punch|p2b: Garchomp
|-damage|p2b: Garchomp|0 fnt
|-damage|p1b: Kingambit|88/100|[from] ability: Rough Skin|[of] p2b: Garchomp
|faint|p2b: Garchomp
|move|p1a: Volcarona|Tera Blast|p2a: Corviknight|[anim] Tera Blast Fairy
|-supereffective|p2a: Corviknight
|-damage|p2a: Corviknight|0 fnt
|faint|p2a: Corviknight
|
|upkeep
|
|t:|1757006547
|switch|p2a: Amoonguss|Amoonguss, L50, M, shiny|100/100
|turn|7
|
|t:|1757006554
|move|p1a: Volcarona|Heat Wave|p2a: Amoonguss
|-supereffective|p2a: Amoonguss
|-damage|p2a: Amoonguss|0 fnt
|faint|p2a: Amoonguss
|
|win|FrancoilCieco777
