|j|☆SlobCat47
|j|☆Fervvvvv
|html|SlobCat47Fervvvvv    
|uhtml|bestof|Game 1 of a best-of-3
|t:|1783119612
|gametype|doubles
|player|p1|SlobCat47|1|
|player|p2|Fervvvvv|bugcatcher-gen4dp|
|gen|9
|tier|[Gen 9 Champions] VGC 2026 Reg M-B (Bo3)
|rule|Species Clause: Limit one of each Pokémon
|rule|Item Clause: Limit 1 of each item
|clearpoke
|poke|p1|Staraptor, L50, M|
|poke|p1|Oranguru, L50, F|
|poke|p1|Ninetales-Alola, L50, M|
|poke|p1|Garchomp, L50, M|
|poke|p1|Beedrill, L50, F|
|poke|p1|Lucario, L50, F|
|poke|p2|Sinistcha, L50|
|poke|p2|Snorlax, L50, F|
|poke|p2|Hawlucha, L50, F|
|poke|p2|Slowbro, L50, F|
|poke|p2|Incineroar, L50, M|
|poke|p2|Azumarill, L50, F|
|teampreview|4
|showteam|p1|Staraptor||SharpBeak|Reckless|BraveBird,CloseCombat,HelpingHand,Uturn|Jolly||M|||50|]Oranguru||ColburBerry|InnerFocus|LightScreen,Encore,Extrasensory,TrickRoom|Sassy||F|||50|]Ninetales-Alola||Leftovers|SnowWarning|DazzlingGleam,IceBeam,Blizzard,AuroraVeil|Timid||M|||50|]Garchomp||LifeOrb|RoughSkin|Earthquake,Crunch,DragonClaw,DragonTail|Jolly||M|||50|]Beedrill||Beedrillite|Swarm|XScissor,PoisonJab,DrillRun,Uturn|Jolly||F|||50|]Lucario||Lucarionite|InnerFocus|AuraSphere,FlashCannon,Detect,VacuumWave|Modest||F|||50|
|showteam|p2|Sinistcha||CobaBerry|Heatproof|TrickRoom,Reflect,MatchaGotcha,Protect|Relaxed|||||50|]Snorlax||Leftovers|ThickFat|Curse,HeavySlam,BodyPress,Protect|Relaxed||F|||50|]Hawlucha||Hawluchanite|MoldBreaker|StoneEdge,BraveBird,Uturn,Protect|Brave||F|||50|]Slowbro||ExpertBelt|Regenerator|Flamethrower,IceBeam,Scald,Protect|Quiet||F|||50|]Incineroar||FocusSash|Blaze|FakeOut,WillOWisp,FlareBlitz,Protect|Sassy||M|||50|]Azumarill||LifeOrb|HugePower|PlayRough,AquaJet,KnockOff,BrickBreak|Adamant||F|||50|
|j| PJG4487
|l| PJG4487
|j| PJG4487
|l| PJG4487
|j| PJG4487
|j| AppleJuice1738
|
|t:|1783120040
|teamsize|p1|4
|teamsize|p2|4
|start
|switch|p1a: Staraptor|Staraptor, L50, M|100/100
|switch|p1b: Beedrill|Beedrill, L50, F|100/100
|switch|p2a: Azumarill|Azumarill, L50, F|100/100
|switch|p2b: Sinistcha|Sinistcha, L50|100/100
|turn|1
|
|t:|1783120074
|detailschange|p1b: Beedrill|Beedrill-Mega, L50, F
|-mega|p1b: Beedrill|Beedrill|Beedrillite
|move|p1a: Staraptor|Helping Hand|p1b: Beedrill
|-singleturn|p1b: Beedrill|Helping Hand|[of] p1a: Staraptor
|move|p1b: Beedrill|Poison Jab|p2a: Azumarill
|-supereffective|p2a: Azumarill|1
|-damage|p2a: Azumarill|0 fnt
|faint|p2a: Azumarill
|move|p2b: Sinistcha|Trick Room|p2b: Sinistcha
|-fieldstart|move: Trick Room|[of] p2b: Sinistcha
|
|upkeep
|
|t:|1783120085
|switch|p2a: Slowbro|Slowbro, L50, F|100/100
|turn|2
|
|t:|1783120109
|move|p2a: Slowbro|Flamethrower|p1b: Beedrill
|-supereffective|p1b: Beedrill|1
|-damage|p1b: Beedrill|0 fnt
|faint|p1b: Beedrill
|move|p2b: Sinistcha|Reflect|p2b: Sinistcha
|-sidestart|p2: Fervvvvv|Reflect
|move|p1a: Staraptor|Brave Bird|p2b: Sinistcha
|-supereffective|p2b: Sinistcha|1
|-enditem|p2b: Sinistcha|Coba Berry|[eat]
|-enditem|p2b: Sinistcha|Coba Berry|[weaken]
|-damage|p2b: Sinistcha|60/100
|-damage|p1a: Staraptor|85/100|[from] Recoil
|
|upkeep
|
|t:|1783120120
|switch|p1b: Oranguru|Oranguru, L50, F|100/100
|turn|3
|
|t:|1783120150
|move|p2a: Slowbro|Ice Beam|p1a: Staraptor
|-supereffective|p1a: Staraptor|1
|-damage|p1a: Staraptor|0 fnt
|faint|p1a: Staraptor
|move|p2b: Sinistcha|Matcha Gotcha|p1b: Oranguru
|-damage|p1b: Oranguru|79/100
|-heal|p2b: Sinistcha|71/100|[from] drain|[of] p1b: Oranguru
|move|p1b: Oranguru|Trick Room|p1b: Oranguru
|-fieldend|move: Trick Room
|
|upkeep
|
|t:|1783120160
|switch|p1a: Lucario|Lucario, L50, F|100/100
|turn|4
|
|t:|1783120191
|switch|p2b: Hawlucha|Hawlucha, L50, F|100/100
|-ability|p2b: Hawlucha|Mold Breaker
|move|p1a: Lucario|Flash Cannon|p2b: Hawlucha
|-damage|p2b: Hawlucha|34/100
|move|p1b: Oranguru|Light Screen|p1b: Oranguru
|-sidestart|p1: SlobCat47|move: Light Screen
|move|p2a: Slowbro|Flamethrower|p1a: Lucario
|-supereffective|p1a: Lucario|1
|-damage|p1a: Lucario|37/100
|
|upkeep
|turn|5
|
|t:|1783120230
|detailschange|p2b: Hawlucha|Hawlucha-Mega, L50, F
|-mega|p2b: Hawlucha|Hawlucha|Hawluchanite
|move|p1a: Lucario|Detect|p1a: Lucario
|-singleturn|p1a: Lucario|Protect
|move|p2b: Hawlucha|U-turn|p1b: Oranguru
|-supereffective|p1b: Oranguru|1
|-damage|p1b: Oranguru|14/100
|
|t:|1783120237
|switch|p2b: Sinistcha|Sinistcha, L50|71/100|[from] U-turn
|move|p1b: Oranguru|Extrasensory|p2b: Sinistcha
|-damage|p2b: Sinistcha|39/100
|move|p2a: Slowbro|Flamethrower|p1a: Lucario
|-activate|p1a: Lucario|move: Protect
|
|upkeep
|turn|6
|
|t:|1783120292
|move|p1a: Lucario|Detect||[still]
|-fail|p1a: Lucario
|move|p2b: Sinistcha|Protect|p2b: Sinistcha
|-singleturn|p2b: Sinistcha|Protect
|move|p1b: Oranguru|Encore|p2b: Sinistcha
|-activate|p2b: Sinistcha|move: Protect
|move|p2a: Slowbro|Flamethrower|p1a: Lucario
|-supereffective|p1a: Lucario|1
|-damage|p1a: Lucario|0 fnt
|faint|p1a: Lucario
|
|-sideend|p2: Fervvvvv|Reflect
|upkeep
|turn|7
|
|t:|1783120330
|switch|p2b: Hawlucha|Hawlucha-Mega, L50, F|34/100
|move|p1b: Oranguru|Extrasensory|p2b: Hawlucha
|-supereffective|p2b: Hawlucha|1
|-damage|p2b: Hawlucha|0 fnt
|faint|p2b: Hawlucha
|move|p2a: Slowbro|Flamethrower|p1b: Oranguru
|-damage|p1b: Oranguru|3/100
|
|upkeep
|
|t:|1783120339
|switch|p2b: Sinistcha|Sinistcha, L50|39/100
|turn|8
|
|t:|1783120369
|move|p2b: Sinistcha|Matcha Gotcha|p1b: Oranguru
|-damage|p1b: Oranguru|0 fnt
|-heal|p2b: Sinistcha|41/100|[from] drain|[of] p1b: Oranguru
|faint|p1b: Oranguru
|
|win|Fervvvvv
|inactive|SlobCat47 has 30 seconds to confirm battle start!
|inactive|Fervvvvv has 30 seconds to confirm battle start!
|inactive|SlobCat47 has 20 seconds to confirm battle start!
|inactive|Fervvvvv has 20 seconds to confirm battle start!
