|j|☆viatles
|j|☆Iron Paws
|html|viatlesIron Paws    
|uhtml|bestof|Game 1 of a best-of-3
|t:|1756241542
|gametype|doubles
|player|p1|viatles|hiker|1000
|player|p2|Iron Paws|may-masters3|1078
|gen|9
|tier|[Gen 9] VGC 2025 Reg H (Bo3)
|rated|
|rule|Species Clause: Limit one of each Pokémon
|rule|Item Clause: Limit 1 of each item
|clearpoke
|poke|p1|Oricorio-Sensu, L50, F|
|poke|p1|Volcarona, L50, F|
|poke|p1|Sylveon, L50, F|
|poke|p1|Murkrow, L50, F|
|poke|p1|Dragapult, L50, F|
|poke|p1|Baxcalibur, L50, M|
|poke|p2|Ursaluna, L50, M|
|poke|p2|Amoonguss, L50, M|
|poke|p2|Porygon2, L50|
|poke|p2|Incineroar, L50, F|
|poke|p2|Gholdengo, L50|
|poke|p2|Mienshao, L50, F|
|teampreview|4
|showteam|p1|Oricorio-Sensu||FocusSash|Dancer|QuiverDance,BatonPass,RevelationDance,Protect|||F|||50|,,,,,Fighting]Volcarona||SitrusBerry|FlameBody|QuiverDance,GigaDrain,FieryDance,Protect|||F|||50|,,,,,Grass]Sylveon||ChoiceScarf|Pixilate|HyperVoice,TeraBlast,StoredPower,SleepTalk|||F|||50|,,,,,Ground]Murkrow||Eviolite|Prankster|Tailwind,FoulPlay,Haze,FeatherDance|||F|||50|,,,,,Dark]Dragapult||CovertCloak|ClearBody|DragonCheer,DragonDarts,Protect,PhantomForce|||F|||50|,,,,,Stellar]Baxcalibur||LoadedDice|ThermalExchange|IcicleSpear,ScaleShot,GlaiveRush,Protect|||M|||50|,,,,,Grass
|showteam|p2|Ursaluna||FlameOrb|Guts|Protect,Facade,HeadlongRush,Substitute|||M|||50|,,,,,Ghost]Amoonguss||CovertCloak|Regenerator|RagePowder,ClearSmog,PollenPuff,Spore|||M|||50|,,,,,Electric]Porygon2||Eviolite|Download|Recover,TeraBlast,IceBeam,TrickRoom||||||50|,,,,,Fighting]Incineroar||AssaultVest|Intimidate|Uturn,FlareBlitz,KnockOff,FakeOut|||F|||50|,,,,,Grass]Gholdengo||LifeOrb|GoodasGold|Protect,MakeItRain,ShadowBall,NastyPlot||||||50|,,,,,Water]Mienshao||FocusSash|InnerFocus|CloseCombat,KnockOff,IceSpinner,WideGuard|||F|||50|,,,,,Stellar
|c|☆viatles|gl hf
|inactive|Battle timer is ON: inactive players will automatically lose when time's up. (requested by viatles)
|
|t:|1756241571
|teamsize|p1|4
|teamsize|p2|4
|start
|switch|p1a: Oricorio|Oricorio-Sensu, L50, F|100/100
|switch|p1b: Volcarona|Volcarona, L50, F|100/100
|switch|p2a: Incineroar|Incineroar, L50, F|100/100
|switch|p2b: Porygon2|Porygon2, L50, shiny|100/100
|-ability|p2a: Incineroar|Intimidate|boost
|-unboost|p1a: Oricorio|atk|1
|-unboost|p1b: Volcarona|atk|1
|-ability|p2b: Porygon2|Download|boost
|-boost|p2b: Porygon2|atk|1
|turn|1
|
|t:|1756241592
|move|p2a: Incineroar|Fake Out|p1b: Volcarona
|-damage|p1b: Volcarona|87/100
|move|p1a: Oricorio|Quiver Dance|p1a: Oricorio
|-boost|p1a: Oricorio|spa|1
|-boost|p1a: Oricorio|spd|1
|-boost|p1a: Oricorio|spe|1
|cant|p1b: Volcarona|flinch
|move|p2b: Porygon2|Trick Room|p2b: Porygon2
|-fieldstart|move: Trick Room|[of] p2b: Porygon2
|
|upkeep
|turn|2
|
|t:|1756241609
|-terastallize|p1a: Oricorio|Fighting
|move|p2b: Porygon2|Ice Beam|p1a: Oricorio
|-damage|p1a: Oricorio|75/100
|move|p2a: Incineroar|U-turn|p1b: Volcarona
|-resisted|p1b: Volcarona
|-damage|p1b: Volcarona|76/100
|
|t:|1756241618
|switch|p2a: Ursaluna|Ursaluna, L50, M|100/100|[from] U-turn
|move|p1b: Volcarona|Fiery Dance|p2b: Porygon2
|-damage|p2b: Porygon2|75/100
|-boost|p1b: Volcarona|spa|1
|-activate|p1a: Oricorio|ability: Dancer
|move|p1a: Oricorio|Fiery Dance|p2b: Porygon2|[from] ability: Dancer
|-damage|p2b: Porygon2|53/100
|move|p1a: Oricorio|Revelation Dance|p2a: Ursaluna
|-supereffective|p2a: Ursaluna
|-damage|p2a: Ursaluna|0 fnt
|faint|p2a: Ursaluna
|
|upkeep
|
|t:|1756241632
|switch|p2a: Gholdengo|Gholdengo, L50|100/100
|turn|3
|
|t:|1756241644
|-terastallize|p2a: Gholdengo|Water
|move|p1a: Oricorio|Protect|p1a: Oricorio
|-singleturn|p1a: Oricorio|Protect
|move|p2b: Porygon2|Tera Blast|p1b: Volcarona
|-damage|p1b: Volcarona|48/100
|-enditem|p1b: Volcarona|Sitrus Berry|[eat]
|-heal|p1b: Volcarona|73/100|[from] item: Sitrus Berry
|move|p2a: Gholdengo|Nasty Plot|p2a: Gholdengo
|-boost|p2a: Gholdengo|spa|2
|move|p1b: Volcarona|Giga Drain|p2b: Porygon2
|-damage|p2b: Porygon2|30/100
|-heal|p1b: Volcarona|84/100|[from] drain|[of] p2b: Porygon2
|
|upkeep
|turn|4
|
|t:|1756241669
|move|p2b: Porygon2|Tera Blast|p1b: Volcarona
|-damage|p1b: Volcarona|54/100
|move|p2a: Gholdengo|Shadow Ball|p1a: Oricorio
|-damage|p1a: Oricorio|0 fnt
|faint|p1a: Oricorio
|-damage|p2a: Gholdengo|91/100|[from] item: Life Orb
|move|p1b: Volcarona|Giga Drain|p2a: Gholdengo
|-supereffective|p2a: Gholdengo
|-damage|p2a: Gholdengo|9/100
|-heal|p1b: Volcarona|93/100|[from] drain|[of] p2a: Gholdengo
|
|upkeep
|
|t:|1756241682
|switch|p1a: Dragapult|Dragapult, L50, F|100/100
|turn|5
|
|t:|1756241697
|switch|p2b: Incineroar|Incineroar, L50, F|100/100
|-ability|p2b: Incineroar|Intimidate|boost
|-fail|p1a: Dragapult|unboost|[from] ability: Clear Body|[of] p1a: Dragapult
|-unboost|p1b: Volcarona|atk|1
|move|p1a: Dragapult|Protect|p1a: Dragapult
|-singleturn|p1a: Dragapult|Protect
|move|p2a: Gholdengo|Shadow Ball|p1b: Volcarona
|-damage|p1b: Volcarona|0 fnt
|faint|p1b: Volcarona
|-damage|p2a: Gholdengo|0 fnt|[from] item: Life Orb
|faint|p2a: Gholdengo
|
|-fieldend|move: Trick Room
|upkeep
|
|t:|1756241710
|switch|p1b: Sylveon|Sylveon, L50, F|100/100
|switch|p2a: Porygon2|Porygon2, L50, shiny|30/100
|-ability|p2a: Porygon2|Download|boost
|-boost|p2a: Porygon2|atk|1
|turn|6
|
|t:|1756241728
|move|p2b: Incineroar|Fake Out|p1b: Sylveon
|-damage|p1b: Sylveon|84/100
|move|p1a: Dragapult|Dragon Cheer|p1b: Sylveon
|-start|p1b: Sylveon|move: Dragon Cheer
|cant|p1b: Sylveon|flinch
|move|p2a: Porygon2|Ice Beam|p1a: Dragapult
|-supereffective|p1a: Dragapult
|-damage|p1a: Dragapult|29/100
|
|upkeep
|turn|7
|
|t:|1756241740
|move|p1a: Dragapult|Dragon Darts|p2a: Porygon2
|-damage|p2a: Porygon2|14/100
|-anim|p1a: Dragapult|Dragon Darts|p2b: Incineroar
|-damage|p2b: Incineroar|74/100
|move|p1b: Sylveon|Hyper Voice|p2a: Porygon2|[spread] p2a,p2b
|-damage|p2a: Porygon2|0 fnt
|-damage|p2b: Incineroar|46/100
|faint|p2a: Porygon2
|move|p2b: Incineroar|Knock Off|p1b: Sylveon
|-resisted|p1b: Sylveon
|-damage|p1b: Sylveon|53/100
|-enditem|p1b: Sylveon|Choice Scarf|[from] move: Knock Off|[of] p2b: Incineroar
|
|upkeep
|turn|8
|
|t:|1756241756
|move|p1a: Dragapult|Dragon Darts|p2b: Incineroar
|-damage|p2b: Incineroar|20/100
|-anim|p1a: Dragapult|Dragon Darts|p2b: Incineroar
|-damage|p2b: Incineroar|0 fnt
|faint|p2b: Incineroar
|
|win|viatles
||Iron Paws is ready for game 2.
||viatles is ready for game 2.
|uhtml|next|Next: Game 2 of 3
|l|☆Iron Paws
|player|p2|
