|j|☆zachlobbed
|j|☆J4yz1lla
|html|zachlobbedJ4yz1lla    
|uhtml|bestof|Game 3 of a best-of-3
|t:|1784516912
|gametype|doubles
|player|p1|zachlobbed|brock|1294
|player|p2|J4yz1lla|riley|1223
|gen|9
|tier|[Gen 9 Champions] VGC 2026 Reg M-B (Bo3)
|rated|
|rule|Species Clause: Limit one of each Pokémon
|rule|Item Clause: Limit 1 of each item
|clearpoke
|poke|p1|Charizard, L50, F|
|poke|p1|Floette-Eternal, L50, F|
|poke|p1|Whimsicott, L50, M|
|poke|p1|Garchomp, L50, M|
|poke|p1|Basculegion, L50, M|
|poke|p1|Kingambit, L50, M|
|poke|p2|Tyranitar, L50, F|
|poke|p2|Farigiraf, L50, M|
|poke|p2|Rotom-Wash, L50|
|poke|p2|Aegislash, L50, M|
|poke|p2|Aerodactyl, L50, M|
|poke|p2|Scovillain, L50, M|
|teampreview|4
|showteam|p1|Charizard||CharizarditeY|Blaze|Protect,HeatWave,SolarBeam,WeatherBall|Modest||F|||50|]Floette-Eternal||Floettite|FlowerVeil|Protect,LightofRuin,Moonblast,DazzlingGleam|Timid||F|||50|]Whimsicott||FocusSash|Prankster|Protect,Tailwind,Moonblast,Encore|Timid||M|||50|]Garchomp||LifeOrb|RoughSkin|Protect,DragonClaw,Earthquake,RockSlide|Jolly||M|||50|]Basculegion||MysticWater|Adaptability|Protect,AquaJet,WaveCrash,LastRespects|Adamant||M|||50|]Kingambit||BlackGlasses|Defiant|Protect,LowKick,SuckerPunch,KowtowCleave|Adamant||M|||50|
|showteam|p2|Tyranitar||Tyranitarite|SandStream|Crunch,Earthquake,Protect,RockSlide|Adamant||F|||50|]Farigiraf||SitrusBerry|ArmorTail|TrickRoom,Roar,Psychic,HyperVoice|Quiet||M|||50|]Rotom-Wash||Magnet|Levitate|LightScreen,Thunderbolt,WillOWisp,HydroPump|Calm|||||50|]Aegislash||SpellTag|StanceChange|KingsShield,ShadowSneak,IronHead,SacredSword|Adamant||M|||50|]Aerodactyl||FocusSash|Unnerve|StealthRock,Tailwind,DualWingbeat,WideGuard|Jolly||M|||50|]Scovillain||Scovillainite|Moody|RagePowder,LeechSeed,Protect,Overheat|Calm||M|||50|
|inactive|Battle timer is ON: inactive players will automatically lose when time's up. (requested by zachlobbed)
|inactive|J4yz1lla has 60 seconds left.
|inactive|zachlobbed has 60 seconds left.
|
|t:|1784516971
|teamsize|p1|4
|teamsize|p2|4
|start
|switch|p1a: Whimsicott|Whimsicott, L50, M|100/100
|switch|p1b: Garchomp|Garchomp, L50, M|100/100
|switch|p2a: Aerodactyl|Aerodactyl, L50, M|100/100
|switch|p2b: Scovillain|Scovillain, L50, M|100/100
|-ability|p2a: Aerodactyl|Unnerve
|turn|1
|inactive|J4yz1lla has 30 seconds left.
|
|t:|1784517001
|move|p1a: Whimsicott|Tailwind|p1a: Whimsicott
|-sidestart|p1: zachlobbed|move: Tailwind
|move|p1b: Garchomp|Rock Slide|p2a: Aerodactyl|[spread] p2a,p2b
|-supereffective|p2a: Aerodactyl|1
|-supereffective|p2b: Scovillain|1
|-damage|p2a: Aerodactyl|12/100
|-damage|p2b: Scovillain|39/100
|-damage|p1b: Garchomp|90/100|[from] item: Life Orb
|cant|p2a: Aerodactyl|flinch
|move|p2b: Scovillain|Leech Seed|p1b: Garchomp
|-start|p1b: Garchomp|move: Leech Seed
|
|-damage|p1b: Garchomp|77/100|[from] Leech Seed|[of] p2b: Scovillain
|-heal|p2b: Scovillain|52/100|[silent]
|-ability|p2b: Scovillain|Moody|boost
|-boost|p2b: Scovillain|spd|2
|-unboost|p2b: Scovillain|atk|1
|upkeep
|turn|2
|inactive|J4yz1lla has 30 seconds left.
|inactive|J4yz1lla has 20 seconds left.
|
|t:|1784517038
|switch|p1b: Charizard|Charizard, L50, F|100/100
|switch|p2a: Farigiraf|Farigiraf, L50, M|100/100
|detailschange|p2b: Scovillain|Scovillain-Mega, L50, M
|-mega|p2b: Scovillain|Scovillain|Scovillainite
|move|p1a: Whimsicott|Moonblast|p2a: Farigiraf
|-damage|p2a: Farigiraf|66/100
|move|p2b: Scovillain|Overheat|p1a: Whimsicott
|-supereffective|p1a: Whimsicott|1
|-enditem|p1a: Whimsicott|Focus Sash
|-damage|p1a: Whimsicott|1/100
|-unboost|p2b: Scovillain|spa|2
|
|upkeep
|turn|3
|inactive|J4yz1lla has 30 seconds left.
|
|t:|1784517072
|detailschange|p1b: Charizard|Charizard-Mega-Y, L50, F
|-mega|p1b: Charizard|Charizard|Charizardite Y
|-weather|SunnyDay|[from] ability: Drought|[of] p1b: Charizard
|move|p1a: Whimsicott|Moonblast|p2a: Farigiraf
|-damage|p2a: Farigiraf|29/100
|-enditem|p2a: Farigiraf|Sitrus Berry|[eat]
|-heal|p2a: Farigiraf|54/100|[from] item: Sitrus Berry
|move|p1b: Charizard|Heat Wave|p2a: Farigiraf|[spread] p2a,p2b
|-crit|p2b: Scovillain
|-damage|p2a: Farigiraf|0 fnt
|-damage|p2b: Scovillain|0 fnt
|-immune|p1b: Charizard
|faint|p2a: Farigiraf
|faint|p2b: Scovillain
|
|-weather|SunnyDay|[upkeep]
|upkeep
|
|t:|1784517082
|switch|p2b: Rotom|Rotom-Wash, L50|100/100
|switch|p2a: Aerodactyl|Aerodactyl, L50, M|12/100
|-ability|p2a: Aerodactyl|Unnerve
|turn|4
|
|t:|1784517097
|move|p1a: Whimsicott|Moonblast|p2a: Aerodactyl
|-damage|p2a: Aerodactyl|0 fnt
|faint|p2a: Aerodactyl
|move|p1b: Charizard|Solar Beam||[still]
|-prepare|p1b: Charizard|Solar Beam
|-anim|p1b: Charizard|Solar Beam|p2b: Rotom
|-supereffective|p2b: Rotom|1
|-damage|p2b: Rotom|5/100
|move|p2b: Rotom|Thunderbolt|p1a: Whimsicott
|-resisted|p1a: Whimsicott|1
|-damage|p1a: Whimsicott|0 fnt
|faint|p1a: Whimsicott
|
|-weather|SunnyDay|[upkeep]
|-sideend|p1: zachlobbed|move: Tailwind
|upkeep
|
|t:|1784517100
|switch|p1a: Basculegion|Basculegion, L50, M|100/100
|turn|5
|
|t:|1784517105
|move|p1b: Charizard|Solar Beam||[still]
|-prepare|p1b: Charizard|Solar Beam
|-anim|p1b: Charizard|Solar Beam|p2b: Rotom
|-supereffective|p2b: Rotom|1
|-damage|p2b: Rotom|0 fnt
|faint|p2b: Rotom
|
|win|zachlobbed
|raw|zachlobbed's rating: 1294 → 1314(+20 for winning)
|raw|J4yz1lla's rating: 1223 → 1203(-20 for losing)
