|j|☆Aceofmonsters
|j|☆El Dexter
|html|AceofmonstersEl Dexter    
|uhtml|bestof|Game 1 of a best-of-3
|t:|1756188452
|gametype|doubles
|player|p1|Aceofmonsters|2|1050
|player|p2|El Dexter|hilbert-wonderlauncher|1111
|gen|9
|tier|[Gen 9] VGC 2025 Reg H (Bo3)
|rated|
|rule|Species Clause: Limit one of each Pokémon
|rule|Item Clause: Limit 1 of each item
|clearpoke
|poke|p1|Tyranitar, L50, F|
|poke|p1|Corviknight, L50, F|
|poke|p1|Excadrill, L50, M|
|poke|p1|Milotic, L50, F|
|poke|p1|Sinistcha, L50|
|poke|p1|Magmar, L50, M|
|poke|p2|Electabuzz, L50, M|
|poke|p2|Pelipper, L50, M|
|poke|p2|Rillaboom, L50, M|
|poke|p2|Basculegion, L50, M|
|poke|p2|Kingambit, L50, M|
|poke|p2|Archaludon, L50, M|
|teampreview|4
|showteam|p1|Tyranitar||AssaultVest|SandStream|RockSlide,KnockOff,LowKick,TeraBlast|||F|||50|,,,,,Flying]Corviknight||MarangaBerry|MirrorArmor|BraveBird,PowerTrip,BulkUp,Roost|||F|||50|,,,,,Water]Excadrill||FocusSash|SandRush|Earthquake,IronHead,SwordsDance,Protect|||M|||50|,,,,,Ground]Milotic||SafetyGoggles|Competitive|Scald,IceBeam,Haze,Protect|||F|||50|,,,,,Fairy]Sinistcha||RockyHelmet|Hospitality|MatchaGotcha,RagePowder,TrickRoom,Protect||||||50|,,,,,Bug]Magmar||Eviolite|VitalSpirit|HeatWave,FollowMe,HelpingHand,Protect|||M|||50|,,,,,Flying
|showteam|p2|Electabuzz||Eviolite|VitalSpirit|Electroweb,Taunt,FollowMe,Protect|||M|||50|,,,,,Ghost]Pelipper||FocusSash|Drizzle|WeatherBall,Hurricane,Tailwind,Protect|||M|||50|,,,,,Ghost]Rillaboom||LoadedDice|GrassySurge|BulletSeed,GrassyGlide,FakeOut,HighHorsepower|||M|||50|,,,,,Fire]Basculegion||ChoiceBand|SwiftSwim|WaveCrash,AquaJet,FlipTurn,LastRespects|||M|||50|,,,,,Grass]Kingambit||BlackGlasses|Defiant|KowtowCleave,SuckerPunch,SwordsDance,Protect|||M|||50|,,,,,Dark]Archaludon||AssaultVest|Stamina|FlashCannon,DragonPulse,ElectroShot,BodyPress|||M|||50|,,,,,Fairy
|inactive|Battle timer is ON: inactive players will automatically lose when time's up. (requested by Aceofmonsters)
|inactive|Aceofmonsters has 60 seconds left.
|inactive|El Dexter has 60 seconds left.
|
|t:|1756188498
|teamsize|p1|4
|teamsize|p2|4
|start
|switch|p1a: Sinistcha|Sinistcha, L50|100/100
|switch|p1b: Tyranitar|Tyranitar, L50, F|100/100
|switch|p2a: Mojo Jojo|Rillaboom, L50, M, shiny|100/100
|switch|p2b: Francisco|Archaludon, L50, M|100/100
|-fieldstart|move: Grassy Terrain|[from] ability: Grassy Surge|[of] p2a: Mojo Jojo
|-weather|Sandstorm|[from] ability: Sand Stream|[of] p1b: Tyranitar
|turn|1
|inactive|El Dexter has 30 seconds left.
|inactive|El Dexter has 20 seconds left.
|
|t:|1756188534
|switch|p1b: Magmar|Magmar, L50, M|100/100
|-terastallize|p2b: Francisco|Fairy
|move|p2a: Mojo Jojo|Bullet Seed|p2b: Francisco
|-damage|p2b: Francisco|88/100
|-ability|p2b: Francisco|Stamina|boost
|-boost|p2b: Francisco|def|1
|-damage|p2b: Francisco|80/100
|-ability|p2b: Francisco|Stamina|boost
|-boost|p2b: Francisco|def|1
|-damage|p2b: Francisco|75/100
|-ability|p2b: Francisco|Stamina|boost
|-boost|p2b: Francisco|def|1
|-damage|p2b: Francisco|68/100
|-ability|p2b: Francisco|Stamina|boost
|-boost|p2b: Francisco|def|1
|-damage|p2b: Francisco|64/100
|-ability|p2b: Francisco|Stamina|boost
|-boost|p2b: Francisco|def|1
|-hitcount|p2b: Francisco|5
|move|p2b: Francisco|Flash Cannon|p1b: Magmar
|-resisted|p1b: Magmar
|-damage|p1b: Magmar|87/100
|-unboost|p1b: Magmar|spd|1
|move|p1a: Sinistcha|Trick Room|p1a: Sinistcha
|-fieldstart|move: Trick Room|[of] p1a: Sinistcha
|
|-weather|Sandstorm|[upkeep]
|-damage|p1a: Sinistcha|94/100|[from] Sandstorm
|-damage|p1b: Magmar|81/100|[from] Sandstorm
|-damage|p2b: Francisco|57/100|[from] Sandstorm
|-damage|p2a: Mojo Jojo|95/100|[from] Sandstorm
|-heal|p1a: Sinistcha|100/100|[from] Grassy Terrain
|-heal|p1b: Magmar|87/100|[from] Grassy Terrain
|-heal|p2b: Francisco|64/100|[from] Grassy Terrain
|-heal|p2a: Mojo Jojo|100/100|[from] Grassy Terrain
|upkeep
|turn|2
|inactive|Aceofmonsters has 30 seconds left.
|inactive|El Dexter has 30 seconds left.
|inactive|Aceofmonsters has 20 seconds left.
|inactive|El Dexter has 20 seconds left.
|inactive|El Dexter has 15 seconds left.
|
|t:|1756188575
|switch|p2a: Richa|Pelipper, L50, M|100/100
|-weather|RainDance|[from] ability: Drizzle|[of] p2a: Richa
|move|p1a: Sinistcha|Matcha Gotcha|p2b: Francisco|[spread] p2a,p2b
|-damage|p2a: Richa|45/100
|-damage|p2b: Francisco|40/100
|-ability|p2b: Francisco|Stamina|boost
|-boost|p2b: Francisco|def|1
|move|p1b: Magmar|Heat Wave|p2a: Richa|[spread] p2a,p2b
|-resisted|p2a: Richa
|-damage|p2a: Richa|34/100
|-damage|p2b: Francisco|32/100
|-status|p2a: Richa|brn
|move|p2b: Francisco|Electro Shot||[still]
|-prepare|p2b: Francisco|Electro Shot
|-boost|p2b: Francisco|spa|1
|-anim|p2b: Francisco|Electro Shot|p1b: Magmar
|-damage|p1b: Magmar|17/100
|
|-weather|RainDance|[upkeep]
|-heal|p1b: Magmar|23/100|[from] Grassy Terrain
|-heal|p2b: Francisco|38/100|[from] Grassy Terrain
|-damage|p2a: Richa|28/100 brn|[from] brn
|upkeep
|turn|3
|inactive|Aceofmonsters has 30 seconds left.
|inactive|El Dexter has 30 seconds left.
|
|t:|1756188602
|move|p2a: Richa|Protect|p2a: Richa
|-singleturn|p2a: Richa|Protect
|move|p1a: Sinistcha|Matcha Gotcha|p2b: Francisco|[spread] p2b
|-activate|p2a: Richa|move: Protect
|-damage|p2b: Francisco|14/100
|move|p1b: Magmar|Heat Wave|p2a: Richa|[spread] p2b
|-activate|p2a: Richa|move: Protect
|-damage|p2b: Francisco|5/100
|move|p2b: Francisco|Electro Shot||[still]
|-prepare|p2b: Francisco|Electro Shot
|-boost|p2b: Francisco|spa|1
|-anim|p2b: Francisco|Electro Shot|p1b: Magmar
|-damage|p1b: Magmar|0 fnt
|faint|p1b: Magmar
|
|-weather|RainDance|[upkeep]
|-heal|p2b: Francisco|11/100|[from] Grassy Terrain
|-damage|p2a: Richa|23/100 brn|[from] brn
|upkeep
|
|t:|1756188617
|switch|p1b: Corviknight|Corviknight, L50, F|100/100
|turn|4
|
|t:|1756188636
|switch|p2a: Mojo Jojo|Rillaboom, L50, M, shiny|100/100
|switch|p2b: Basculegion|Basculegion, L50, M|100/100
|move|p1a: Sinistcha|Matcha Gotcha|p2a: Mojo Jojo|[spread] p2b
|-miss|p1a: Sinistcha|p2a: Mojo Jojo
|-supereffective|p2b: Basculegion
|-damage|p2b: Basculegion|26/100
|move|p1b: Corviknight|Bulk Up|p1b: Corviknight
|-boost|p1b: Corviknight|atk|1
|-boost|p1b: Corviknight|def|1
|
|-weather|RainDance|[upkeep]
|-heal|p2b: Basculegion|32/100|[from] Grassy Terrain
|upkeep
|turn|5
|inactive|Aceofmonsters has 30 seconds left.
|inactive|El Dexter has 30 seconds left.
|inactive|El Dexter has 20 seconds left.
|inactive|El Dexter has 15 seconds left.
|
|t:|1756188676
|switch|p2b: Francisco|Archaludon, L50, M, tera:Fairy|11/100
|-terastallize|p1b: Corviknight|Water
|move|p2a: Mojo Jojo|Fake Out|p1b: Corviknight
|-damage|p1b: Corviknight|93/100
|move|p1a: Sinistcha|Matcha Gotcha|p2b: Francisco|[spread] p2a,p2b
|-resisted|p2a: Mojo Jojo
|-damage|p2a: Mojo Jojo|83/100
|-damage|p2b: Francisco|0 fnt
|faint|p2b: Francisco
|cant|p1b: Corviknight|flinch
|
|-weather|RainDance|[upkeep]
|-heal|p1b: Corviknight|99/100|[from] Grassy Terrain
|-heal|p2a: Mojo Jojo|89/100|[from] Grassy Terrain
|-fieldend|move: Trick Room
|-fieldend|move: Grassy Terrain
|upkeep
|
|t:|1756188698
|switch|p2b: Basculegion|Basculegion, L50, M|32/100
|turn|6
|
|t:|1756188712
|move|p1a: Sinistcha|Rage Powder|p1a: Sinistcha
|-singleturn|p1a: Sinistcha|move: Rage Powder
|move|p2b: Basculegion|Last Respects|p1a: Sinistcha
|-supereffective|p1a: Sinistcha
|-damage|p1a: Sinistcha|0 fnt
|faint|p1a: Sinistcha
|move|p2a: Mojo Jojo|Bullet Seed|p1b: Corviknight
|-supereffective|p1b: Corviknight
|-damage|p1b: Corviknight|84/100
|-supereffective|p1b: Corviknight
|-damage|p1b: Corviknight|68/100
|-supereffective|p1b: Corviknight
|-damage|p1b: Corviknight|52/100
|-supereffective|p1b: Corviknight
|-damage|p1b: Corviknight|38/100
|-supereffective|p1b: Corviknight
|-damage|p1b: Corviknight|20/100
|-hitcount|p1b: Corviknight|5
|move|p1b: Corviknight|Brave Bird|p2a: Mojo Jojo
|-supereffective|p2a: Mojo Jojo
|-damage|p2a: Mojo Jojo|0 fnt
|faint|p2a: Mojo Jojo
|-damage|p1b: Corviknight|0 fnt|[from] Recoil
|faint|p1b: Corviknight
|
|-weather|none
|upkeep
|
|t:|1756188732
|switch|p2a: Richa|Pelipper, L50, M|23/100 brn
|switch|p1b: Tyranitar|Tyranitar, L50, F|100/100
|-weather|RainDance|[from] ability: Drizzle|[of] p2a: Richa
|-weather|Sandstorm|[from] ability: Sand Stream|[of] p1b: Tyranitar
|turn|7
|
|t:|1756188746
|move|p2b: Basculegion|Last Respects|p1b: Tyranitar
|-resisted|p1b: Tyranitar
|-damage|p1b: Tyranitar|52/100
|move|p2a: Richa|Hurricane|p1b: Tyranitar
|-resisted|p1b: Tyranitar
|-damage|p1b: Tyranitar|42/100
|move|p1b: Tyranitar|Knock Off|p2b: Basculegion
|-supereffective|p2b: Basculegion
|-damage|p2b: Basculegion|0 fnt
|-enditem|p2b: Basculegion|Choice Band|[from] move: Knock Off|[of] p1b: Tyranitar
|faint|p2b: Basculegion
|
|-weather|Sandstorm|[upkeep]
|-damage|p2a: Richa|17/100 brn|[from] Sandstorm
|-damage|p2a: Richa|11/100 brn|[from] brn
|upkeep
|turn|8
|
|t:|1756188763
|move|p2a: Richa|Hurricane|p1b: Tyranitar|[miss]
|-miss|p2a: Richa|p1b: Tyranitar
|move|p1b: Tyranitar|Knock Off|p2a: Richa
|-damage|p2a: Richa|0 fnt
|-enditem|p2a: Richa|Focus Sash|[from] move: Knock Off|[of] p1b: Tyranitar
|faint|p2a: Richa
|
|win|Aceofmonsters
