|j|☆Hariyamamomma
|j|☆Ameliaaa12
|html|HariyamamommaAmeliaaa12    
|uhtml|bestof|Game 1 of a best-of-3
|t:|1757101048
|gametype|doubles
|player|p1|Hariyamamomma|waiter-gen4|1097
|player|p2|Ameliaaa12|2|1142
|gen|9
|tier|[Gen 9] VGC 2025 Reg H (Bo3)
|rated|
|rule|Species Clause: Limit one of each Pokémon
|rule|Item Clause: Limit 1 of each item
|clearpoke
|poke|p1|Garchomp, L50, M|
|poke|p1|Tyranitar, L50, M|
|poke|p1|Gholdengo, L50|
|poke|p1|Rotom-Mow, L50|
|poke|p1|Grimmsnarl, L50, M|
|poke|p1|Gyarados, L50, M|
|poke|p2|Frosmoth, L50, F|
|poke|p2|Volcarona, L50, F|
|poke|p2|Ninetales-Alola, L50, M|
|poke|p2|Garchomp, L50, M|
|poke|p2|Incineroar, L50, M|
|poke|p2|Rillaboom, L50, F|
|teampreview|4
|showteam|p1|Garchomp||LifeOrb|RoughSkin|StompingTantrum,Earthquake,DragonClaw,Protect|||M|||50|,,,,,Fire]Tyranitar||AssaultVest|SandStream|KnockOff,RockSlide,TeraBlast,Earthquake|||M|||50|,,,,,Flying]Gholdengo||Leftovers|GoodasGold|MakeItRain,ShadowBall,NastyPlot,Protect||||||50|,,,,,Steel]Rotom-Mow||SitrusBerry|Levitate|LeafStorm,Discharge,WillOWisp,Protect||||||50|,,,,,Electric]Grimmsnarl||LightClay|Prankster|Reflect,LightScreen,SpiritBreak,PartingShot|||M|||50|,,,,,Ghost]Gyarados||RockyHelmet|Intimidate|Waterfall,Taunt,ThunderWave,HelpingHand|||M|||50|,,,,,Ground
|showteam|p2|Frosmoth||Leftovers|IceScales|Blizzard,TeraBlast,QuiverDance,Protect|||F|||50|,,,,,Water]Volcarona||RockyHelmet|FlameBody|HeatWave,Protect,RagePowder,StruggleBug|||F|||50|,,,,,Steel]Ninetales-Alola||LightClay|SnowWarning|Blizzard,Moonblast,AuroraVeil,Encore|||M|||50|,,,,,Ghost]Garchomp||ClearAmulet|RoughSkin|StompingTantrum,Protect,RockSlide,BreakingSwipe|||M|||50|,,,,,Fire]Incineroar||SafetyGoggles|Intimidate|Taunt,KnockOff,FakeOut,PartingShot|||M|||50|,,,,,Ghost]Rillaboom||AssaultVest|GrassySurge|FakeOut,WoodHammer,GrassyGlide,Uturn|||F|||50|,,,,,Fire
|
|t:|1757101087
|teamsize|p1|4
|teamsize|p2|4
|start
|switch|p1a: Garchomp|Garchomp, L50, M|100/100
|switch|p1b: Grimmsnarl|Grimmsnarl, L50, M|100/100
|switch|p2a: Ninetales|Ninetales-Alola, L50, M|100/100
|switch|p2b: Garchomp|Garchomp, L50, M|100/100
|-weather|Snowscape|[from] ability: Snow Warning|[of] p2a: Ninetales
|turn|1
|
|t:|1757101119
|switch|p1a: Tyranitar|Tyranitar, L50, M|100/100
|-weather|Sandstorm|[from] ability: Sand Stream|[of] p1a: Tyranitar
|move|p1b: Grimmsnarl|Reflect|p1b: Grimmsnarl
|-sidestart|p1: Hariyamamomma|Reflect
|move|p2a: Ninetales|Aurora Veil||[still]
|-fail|p2a: Ninetales
|move|p2b: Garchomp|Rock Slide|p1a: Tyranitar|[spread] p1b
|-miss|p2b: Garchomp|p1a: Tyranitar
|-damage|p1b: Grimmsnarl|88/100
|
|-weather|Sandstorm|[upkeep]
|-damage|p2a: Ninetales|95/100|[from] Sandstorm
|-damage|p1b: Grimmsnarl|82/100|[from] Sandstorm
|upkeep
|turn|2
|
|t:|1757101151
|switch|p2a: Incineroar|Incineroar, L50, M, shiny|100/100
|-ability|p2a: Incineroar|Intimidate|boost
|-unboost|p1a: Tyranitar|atk|1
|-unboost|p1b: Grimmsnarl|atk|1
|switch|p1a: Gyarados|Gyarados, L50, M|100/100
|-ability|p1a: Gyarados|Intimidate|boost
|-unboost|p2a: Incineroar|atk|1
|-fail|p2b: Garchomp|unboost|[from] item: Clear Amulet|[of] p2b: Garchomp
|move|p1b: Grimmsnarl|Light Screen|p1b: Grimmsnarl
|-sidestart|p1: Hariyamamomma|move: Light Screen
|move|p2b: Garchomp|Breaking Swipe|p1b: Grimmsnarl|[spread] p1a
|-immune|p1b: Grimmsnarl
|-damage|p1a: Gyarados|84/100
|-unboost|p1a: Gyarados|atk|1
|-damage|p2b: Garchomp|84/100|[from] item: Rocky Helmet|[of] p1a: Gyarados
|
|-weather|Sandstorm|[upkeep]
|-damage|p1a: Gyarados|78/100|[from] Sandstorm
|-damage|p1b: Grimmsnarl|76/100|[from] Sandstorm
|upkeep
|turn|3
|
|t:|1757101178
|move|p2a: Incineroar|Fake Out|p1a: Gyarados
|-crit|p1a: Gyarados
|-damage|p1a: Gyarados|62/100
|-damage|p2a: Incineroar|84/100|[from] item: Rocky Helmet|[of] p1a: Gyarados
|move|p2b: Garchomp|Rock Slide|p1b: Grimmsnarl|[spread] p1a,p1b
|-supereffective|p1a: Gyarados
|-damage|p1a: Gyarados|35/100
|-damage|p1b: Grimmsnarl|61/100
|cant|p1a: Gyarados|flinch
|move|p1b: Grimmsnarl|Spirit Break|p2a: Incineroar
|-damage|p2a: Incineroar|66/100
|-unboost|p2a: Incineroar|spa|1
|
|-weather|Sandstorm|[upkeep]
|-damage|p1a: Gyarados|29/100|[from] Sandstorm
|-damage|p1b: Grimmsnarl|55/100|[from] Sandstorm
|upkeep
|turn|4
|
|t:|1757101194
|move|p2b: Garchomp|Rock Slide|p1b: Grimmsnarl|[spread] p1a,p1b
|-supereffective|p1a: Gyarados
|-damage|p1a: Gyarados|1/100
|-damage|p1b: Grimmsnarl|43/100
|move|p2a: Incineroar|Parting Shot|p1a: Gyarados
|-unboost|p1a: Gyarados|atk|1
|-unboost|p1a: Gyarados|spa|1
|
|t:|1757101204
|switch|p2a: Rillaboom|Rillaboom, L50, F|100/100|[from] Parting Shot
|-fieldstart|move: Grassy Terrain|[from] ability: Grassy Surge|[of] p2a: Rillaboom
|move|p1a: Gyarados|Waterfall|p2b: Garchomp
|-damage|p2b: Garchomp|68/100
|-damage|p1a: Gyarados|0 fnt|[from] ability: Rough Skin|[of] p2b: Garchomp
|faint|p1a: Gyarados
|move|p1b: Grimmsnarl|Spirit Break|p2b: Garchomp
|-supereffective|p2b: Garchomp
|-damage|p2b: Garchomp|25/100
|-damage|p1b: Grimmsnarl|30/100|[from] ability: Rough Skin|[of] p2b: Garchomp
|
|-weather|Sandstorm|[upkeep]
|-damage|p2a: Rillaboom|95/100|[from] Sandstorm
|-damage|p1b: Grimmsnarl|24/100|[from] Sandstorm
|-heal|p2b: Garchomp|31/100|[from] Grassy Terrain
|-heal|p2a: Rillaboom|100/100|[from] Grassy Terrain
|-heal|p1b: Grimmsnarl|30/100|[from] Grassy Terrain
|upkeep
|
|t:|1757101214
|switch|p1a: Garchomp|Garchomp, L50, M|100/100
|turn|5
|
|t:|1757101231
|switch|p2b: Incineroar|Incineroar, L50, M, shiny|66/100
|-ability|p2b: Incineroar|Intimidate|boost
|-unboost|p1a: Garchomp|atk|1
|-unboost|p1b: Grimmsnarl|atk|1
|move|p1a: Garchomp|Protect|p1a: Garchomp
|-singleturn|p1a: Garchomp|Protect
|move|p2a: Rillaboom|Fake Out|p1b: Grimmsnarl
|-damage|p1b: Grimmsnarl|21/100
|cant|p1b: Grimmsnarl|flinch
|
|-weather|none
|-heal|p2b: Incineroar|72/100|[from] Grassy Terrain
|-heal|p1b: Grimmsnarl|27/100|[from] Grassy Terrain
|upkeep
|turn|6
|
|t:|1757101246
|switch|p1a: Tyranitar|Tyranitar, L50, M|100/100
|-weather|Sandstorm|[from] ability: Sand Stream|[of] p1a: Tyranitar
|move|p2a: Rillaboom|Grassy Glide|p1b: Grimmsnarl
|-damage|p1b: Grimmsnarl|0 fnt
|faint|p1b: Grimmsnarl
|move|p2b: Incineroar|Parting Shot|p1a: Tyranitar
|-unboost|p1a: Tyranitar|atk|1
|-unboost|p1a: Tyranitar|spa|1
|
|t:|1757101264
|switch|p2b: Garchomp|Garchomp, L50, M|31/100|[from] Parting Shot
|
|-weather|Sandstorm|[upkeep]
|-damage|p2a: Rillaboom|95/100|[from] Sandstorm
|-heal|p2b: Garchomp|37/100|[from] Grassy Terrain
|-heal|p2a: Rillaboom|100/100|[from] Grassy Terrain
|upkeep
|inactive|Battle timer is ON: inactive players will automatically lose when time's up. (requested by Ameliaaa12)
|
|t:|1757101283
|switch|p1b: Garchomp|Garchomp, L50, M|100/100
|turn|7
|
|t:|1757101294
|-terastallize|p1a: Tyranitar|Flying
|move|p2b: Garchomp|Protect|p2b: Garchomp
|-singleturn|p2b: Garchomp|Protect
|move|p1b: Garchomp|Dragon Claw|p2b: Garchomp
|-activate|p2b: Garchomp|move: Protect
|move|p2a: Rillaboom|U-turn|p1a: Tyranitar
|-resisted|p1a: Tyranitar
|-damage|p1a: Tyranitar|94/100
|
|t:|1757101298
|switch|p2a: Incineroar|Incineroar, L50, M, shiny|72/100|[from] U-turn
|-ability|p2a: Incineroar|Intimidate|boost
|-unboost|p1a: Tyranitar|atk|1
|-unboost|p1b: Garchomp|atk|1
|move|p1a: Tyranitar|Tera Blast|p2a: Incineroar|[anim] Tera Blast Flying
|-damage|p2a: Incineroar|50/100
|
|-weather|Sandstorm|[upkeep]
|-damage|p1a: Tyranitar|88/100|[from] Sandstorm
|-heal|p2b: Garchomp|43/100|[from] Grassy Terrain
|-heal|p2a: Incineroar|56/100|[from] Grassy Terrain
|upkeep
|turn|8
|
|t:|1757101313
|move|p2a: Incineroar|Fake Out|p1b: Garchomp
|-damage|p1b: Garchomp|93/100
|-damage|p2a: Incineroar|44/100|[from] ability: Rough Skin|[of] p1b: Garchomp
|cant|p1b: Garchomp|flinch
|move|p2b: Garchomp|Breaking Swipe|p1a: Tyranitar|[spread] p1a,p1b
|-supereffective|p1b: Garchomp
|-damage|p1a: Tyranitar|74/100
|-damage|p1b: Garchomp|58/100
|-unboost|p1a: Tyranitar|atk|1
|-unboost|p1b: Garchomp|atk|1
|-damage|p2b: Garchomp|31/100|[from] ability: Rough Skin|[of] p1b: Garchomp
|move|p1a: Tyranitar|Rock Slide|p2b: Garchomp|[spread] p2a
|-miss|p1a: Tyranitar|p2b: Garchomp
|-supereffective|p2a: Incineroar
|-damage|p2a: Incineroar|17/100
|
|-weather|Sandstorm|[upkeep]
|-damage|p1a: Tyranitar|67/100|[from] Sandstorm
|-heal|p2b: Garchomp|37/100|[from] Grassy Terrain
|-heal|p1b: Garchomp|64/100|[from] Grassy Terrain
|-heal|p2a: Incineroar|23/100|[from] Grassy Terrain
|-sideend|p1: Hariyamamomma|Reflect
|-fieldend|move: Grassy Terrain
|upkeep
|turn|9
|
|t:|1757101325
|switch|p2a: Rillaboom|Rillaboom, L50, F|100/100
|-fieldstart|move: Grassy Terrain|[from] ability: Grassy Surge|[of] p2a: Rillaboom
|move|p2b: Garchomp|Protect|p2b: Garchomp
|-singleturn|p2b: Garchomp|Protect
|move|p1b: Garchomp|Dragon Claw|p2b: Garchomp
|-activate|p2b: Garchomp|move: Protect
|move|p1a: Tyranitar|Rock Slide|p2a: Rillaboom|[spread] p2a
|-activate|p2b: Garchomp|move: Protect
|-damage|p2a: Rillaboom|89/100
|
|-weather|Sandstorm|[upkeep]
|-damage|p2a: Rillaboom|83/100|[from] Sandstorm
|-damage|p1a: Tyranitar|61/100|[from] Sandstorm
|-heal|p2b: Garchomp|43/100|[from] Grassy Terrain
|-heal|p1b: Garchomp|70/100|[from] Grassy Terrain
|-heal|p2a: Rillaboom|89/100|[from] Grassy Terrain
|-sideend|p1: Hariyamamomma|move: Light Screen
|upkeep
|turn|10
|
|t:|1757101338
|move|p2a: Rillaboom|Fake Out|p1b: Garchomp
|-damage|p1b: Garchomp|55/100
|-damage|p2a: Rillaboom|77/100|[from] ability: Rough Skin|[of] p1b: Garchomp
|cant|p1b: Garchomp|flinch
|move|p2b: Garchomp|Breaking Swipe|p1b: Garchomp|[spread] p1a,p1b
|-supereffective|p1b: Garchomp
|-damage|p1a: Tyranitar|40/100
|-damage|p1b: Garchomp|10/100
|-unboost|p1a: Tyranitar|atk|1
|-unboost|p1b: Garchomp|atk|1
|-damage|p2b: Garchomp|31/100|[from] ability: Rough Skin|[of] p1b: Garchomp
|move|p1a: Tyranitar|Tera Blast|p2a: Rillaboom|[anim] Tera Blast Flying
|-supereffective|p2a: Rillaboom
|-damage|p2a: Rillaboom|53/100
|
|-weather|none
|-heal|p2b: Garchomp|37/100|[from] Grassy Terrain
|-heal|p1b: Garchomp|16/100|[from] Grassy Terrain
|-heal|p2a: Rillaboom|59/100|[from] Grassy Terrain
|upkeep
|turn|11
|
|t:|1757101355
|move|p2a: Rillaboom|Grassy Glide|p1b: Garchomp
|-damage|p1b: Garchomp|0 fnt
|-damage|p2a: Rillaboom|47/100|[from] ability: Rough Skin|[of] p1b: Garchomp
|faint|p1b: Garchomp
|move|p2b: Garchomp|Breaking Swipe|p1a: Tyranitar
|-damage|p1a: Tyranitar|15/100
|-unboost|p1a: Tyranitar|atk|1
|move|p1a: Tyranitar|Tera Blast|p2a: Rillaboom|[anim] Tera Blast Flying
|-supereffective|p2a: Rillaboom
|-damage|p2a: Rillaboom|23/100
|
|-heal|p2b: Garchomp|43/100|[from] Grassy Terrain
|-heal|p2a: Rillaboom|29/100|[from] Grassy Terrain
|upkeep
|turn|12
|
|t:|1757101364
|move|p2a: Rillaboom|Grassy Glide|p1a: Tyranitar
|-resisted|p1a: Tyranitar
|-damage|p1a: Tyranitar|0 fnt
|faint|p1a: Tyranitar
|
|win|Ameliaaa12
||Hariyamamomma is ready for game 2.
