|j|☆Doomnik
|j|☆memaybeo1324
|html|Doomnikmemaybeo1324    
|uhtml|bestof|Game 1 of a best-of-3
|t:|1782539135
|gametype|doubles
|player|p1|Doomnik|volkner|1149
|player|p2|memaybeo1324|2|1002
|gen|9
|tier|[Gen 9 Champions] VGC 2026 Reg M-B (Bo3)
|rated|
|rule|Species Clause: Limit one of each Pokémon
|rule|Item Clause: Limit 1 of each item
|clearpoke
|poke|p1|Hydreigon, L50, M|
|poke|p1|Metagross, L50|
|poke|p1|Garchomp, L50, M|
|poke|p1|Grimmsnarl, L50, M|
|poke|p1|Toxapex, L50, M|
|poke|p1|Charizard, L50, F, shiny|
|poke|p2|Talonflame, L50, F|
|poke|p2|Lucario, L50, M|
|poke|p2|Maushold, L50|
|poke|p2|Sinistcha-Masterpiece, L50|
|poke|p2|Malamar, L50, M|
|poke|p2|Garchomp, L50, F|
|teampreview|4
|showteam|p1|Hydreigon||ChoiceScarf|Levitate|HeatWave,DarkPulse,Snarl,DracoMeteor|Modest||M|||50|]Metagross||Metagrossite|ClearBody|IronHead,BodyPress,BulletPunch,Protect|Adamant|||||50|]Garchomp||SitrusBerry|RoughSkin|Earthquake,DragonClaw,RockSlide,Protect|Adamant||M|||50|]Grimmsnarl||RoseliBerry|Prankster|PartingShot,Reflect,FakeOut,FoulPlay|Bold||M|||50|]Toxapex||Leftovers|Regenerator|Infestation,BanefulBunker,Toxic,WideGuard|Bold||M|||50|]Charizard||CharizarditeY|Blaze|WeatherBall,Protect,SolarBeam,HeatWave|Modest||F|||50|
|showteam|p2|Talonflame||FocusSash|GaleWings|Tailwind,FlareBlitz,Roost,BraveBird|Jolly||F|||50|]Lucario||Lucarionite|Justified|CloseCombat,MeteorMash,Endure,Protect|Adamant||M|||50|]Maushold||ChopleBerry|FriendGuard|BeatUp,Uturn,FollowMe,SuperFang|Jolly|||||50|]Sinistcha-Masterpiece||SitrusBerry|Hospitality|TrickRoom,MatchaGotcha,LifeDew,RagePowder|Bold|||||50|]Malamar||RoseliBerry|Contrary|TopsyTurvy,Superpower,KnockOff,BatonPass|Impish||M|||50|]Garchomp||LifeOrb|RoughSkin|Earthquake,RockSlide,DragonClaw,PoisonJab|Adamant||F|||50|
|inactive|Battle timer is ON: inactive players will automatically lose when time's up. (requested by Doomnik)
|inactive|memaybeo1324 also wants the timer to be on.
|inactive|Doomnik has 60 seconds left.
|inactive|Doomnik has 30 seconds left.
|
|t:|1782539205
|teamsize|p1|4
|teamsize|p2|4
|start
|switch|p1a: Grimmsnarl|Grimmsnarl, L50, M|100/100
|switch|p1b: Charizard|Charizard, L50, F, shiny|100/100
|switch|p2a: Maushold|Maushold, L50|100/100
|switch|p2b: Lucario|Lucario, L50, M|100/100
|turn|1
|l|☆memaybeo1324
|inactive|memaybeo1324 disconnected and has a minute to reconnect!
|player|p2|
|j|☆memaybeo1324
|inactive|memaybeo1324 reconnected and has 35 seconds left.
|player|p2|memaybeo1324|2|
|inactive|memaybeo1324 has 30 seconds left.
|
|t:|1782539236
|detailschange|p1b: Charizard|Charizard-Mega-Y, L50, F, shiny
|-mega|p1b: Charizard|Charizard|Charizardite Y
|-weather|SunnyDay|[from] ability: Drought|[of] p1b: Charizard
|move|p2b: Lucario|Endure|p2b: Lucario
|-singleturn|p2b: Lucario|move: Endure
|move|p1a: Grimmsnarl|Fake Out|p2a: Maushold
|-damage|p2a: Maushold|87/100
|cant|p2a: Maushold|flinch
|move|p1b: Charizard|Weather Ball|p2a: Maushold
|-damage|p2a: Maushold|0 fnt
|faint|p2a: Maushold
|
|-weather|SunnyDay|[upkeep]
|upkeep
|
|t:|1782539250
|switch|p2a: Talonflame|Talonflame, L50, F|100/100
|turn|2
|
|t:|1782539264
|detailschange|p2b: Lucario|Lucario-Mega, L50, M
|-mega|p2b: Lucario|Lucario|Lucarionite
|move|p2a: Talonflame|Tailwind|p2a: Talonflame
|-sidestart|p2: memaybeo1324|move: Tailwind
|move|p1a: Grimmsnarl|Reflect|p1a: Grimmsnarl
|-sidestart|p1: Doomnik|Reflect
|move|p2b: Lucario|Meteor Mash|p1a: Grimmsnarl
|-supereffective|p1a: Grimmsnarl|1
|-damage|p1a: Grimmsnarl|9/100
|move|p1b: Charizard|Heat Wave|p2a: Talonflame|[spread] p2a,p2b
|-resisted|p2a: Talonflame|1
|-supereffective|p2b: Lucario|1
|-damage|p2a: Talonflame|53/100
|-damage|p2b: Lucario|0 fnt
|faint|p2b: Lucario
|
|-weather|SunnyDay|[upkeep]
|upkeep
|
|t:|1782539275
|switch|p2b: Garchomp|Garchomp, L50, F|100/100
|turn|3
|
|t:|1782539295
|move|p1a: Grimmsnarl|Parting Shot|p2b: Garchomp
|-unboost|p2b: Garchomp|atk|1
|-unboost|p2b: Garchomp|spa|1
|
|t:|1782539299
|switch|p1a: Toxapex|Toxapex, L50, M|100/100|[from] Parting Shot
|move|p2a: Talonflame|Brave Bird|p1a: Toxapex
|-damage|p1a: Toxapex|80/100
|-damage|p2a: Talonflame|47/100|[from] Recoil
|move|p2b: Garchomp|Rock Slide|p1b: Charizard|[spread] p1a,p1b
|-supereffective|p1b: Charizard|2
|-damage|p1a: Toxapex|72/100
|-damage|p1b: Charizard|47/100
|-damage|p2b: Garchomp|90/100|[from] item: Life Orb
|cant|p1b: Charizard|flinch
|
|-weather|SunnyDay|[upkeep]
|-heal|p1a: Toxapex|78/100|[from] item: Leftovers
|upkeep
|turn|4
|
|t:|1782539318
|move|p1b: Charizard|Protect|p1b: Charizard
|-singleturn|p1b: Charizard|Protect
|move|p2a: Talonflame|Roost|p2a: Talonflame
|-heal|p2a: Talonflame|97/100
|-singleturn|p2a: Talonflame|move: Roost
|move|p2b: Garchomp|Rock Slide|p1b: Charizard|[spread] p1a
|-activate|p1b: Charizard|move: Protect
|-damage|p1a: Toxapex|70/100
|-damage|p2b: Garchomp|80/100|[from] item: Life Orb
|cant|p1a: Toxapex|flinch
|
|-weather|SunnyDay|[upkeep]
|-heal|p1a: Toxapex|76/100|[from] item: Leftovers
|upkeep
|turn|5
|inactive|memaybeo1324 has 30 seconds left.
|inactive|Doomnik has 30 seconds left.
|
|t:|1782539353
|move|p2a: Talonflame|Roost|p2a: Talonflame
|-heal|p2a: Talonflame|100/100
|-singleturn|p2a: Talonflame|move: Roost
|move|p2b: Garchomp|Rock Slide|p1a: Toxapex|[spread] p1a,p1b
|-supereffective|p1b: Charizard|2
|-damage|p1a: Toxapex|68/100
|-damage|p1b: Charizard|0 fnt
|faint|p1b: Charizard
|-damage|p2b: Garchomp|70/100|[from] item: Life Orb
|cant|p1a: Toxapex|flinch
|
|-weather|none
|-heal|p1a: Toxapex|73/100|[from] item: Leftovers
|-sideend|p2: memaybeo1324|move: Tailwind
|upkeep
|
|t:|1782539361
|switch|p1b: Hydreigon|Hydreigon, L50, M|100/100
|turn|6
|
|t:|1782539378
|move|p2a: Talonflame|Tailwind|p2a: Talonflame
|-sidestart|p2: memaybeo1324|move: Tailwind
|move|p2b: Garchomp|Dragon Claw|p1b: Hydreigon
|-supereffective|p1b: Hydreigon|1
|-damage|p1b: Hydreigon|36/100
|-damage|p2b: Garchomp|61/100|[from] item: Life Orb
|move|p1b: Hydreigon|Draco Meteor|p2b: Garchomp
|-supereffective|p2b: Garchomp|1
|-damage|p2b: Garchomp|0 fnt
|-unboost|p1b: Hydreigon|spa|2
|faint|p2b: Garchomp
|move|p1a: Toxapex|Toxic|p2a: Talonflame
|-status|p2a: Talonflame|tox
|
|-heal|p1a: Toxapex|79/100|[from] item: Leftovers
|-damage|p2a: Talonflame|94/100 tox|[from] psn
|-sideend|p1: Doomnik|Reflect
|upkeep
|turn|7
|
|t:|1782539396
|move|p2a: Talonflame|Brave Bird|p1b: Hydreigon
|-damage|p1b: Hydreigon|0 fnt
|faint|p1b: Hydreigon
|-damage|p2a: Talonflame|80/100 tox|[from] Recoil
|move|p1a: Toxapex|Infestation|p2a: Talonflame
|-resisted|p2a: Talonflame|2
|-damage|p2a: Talonflame|79/100 tox
|-activate|p2a: Talonflame|move: Infestation|[of] p1a: Toxapex
|
|-heal|p1a: Toxapex|85/100|[from] item: Leftovers
|-damage|p2a: Talonflame|67/100 tox|[from] psn
|-damage|p2a: Talonflame|55/100 tox|[from] move: Infestation|[partiallytrapped]
|upkeep
|
|t:|1782539404
|switch|p1b: Grimmsnarl|Grimmsnarl, L50, M|9/100
|turn|8
|-message|memaybeo1324 forfeited.
|
|win|Doomnik
|l|☆memaybeo1324
|player|p2|
