|j|☆natsukivgc
|j|☆iiihggf
|html|natsukivgciiihggf    
|uhtml|bestof|Game 1 of a best-of-3
|t:|1785302597
|gametype|doubles
|player|p1|natsukivgc|1|1077
|player|p2|iiihggf|170|1069
|gen|9
|tier|[Gen 9 Champions] VGC 2026 Reg M-B (Bo3)
|rated|
|rule|Species Clause: Limit one of each Pokémon
|rule|Item Clause: Limit 1 of each item
|clearpoke
|poke|p1|Garchomp, L50, F|
|poke|p1|Venusaur, L50, M|
|poke|p1|Incineroar, L50, F|
|poke|p1|Charizard, L50, M|
|poke|p1|Toxapex, L50, F|
|poke|p1|Annihilape, L50, F|
|poke|p2|Charizard, L50, F|
|poke|p2|Basculegion, L50, M|
|poke|p2|Floette-Eternal, L50, F|
|poke|p2|Garchomp, L50, F|
|poke|p2|Aerodactyl, L50, F|
|poke|p2|Incineroar, L50, M|
|teampreview|4
|showteam|p1|Garchomp||ChoiceScarf|RoughSkin|Earthquake,DragonClaw,StompingTantrum,RockSlide|Adamant||F|||50|]Venusaur||LifeOrb|Chlorophyll|SolarBeam,SludgeBomb,EarthPower,Protect|Modest||M|||50|]Incineroar||SitrusBerry|Intimidate|FlareBlitz,ThroatChop,FakeOut,PartingShot|Impish||F|||50|]Charizard||CharizarditeY|Blaze|HeatWave,WeatherBall,HelpingHand,Protect|Modest||M|||50|]Toxapex||Leftovers|Regenerator|Infestation,Toxic,WideGuard,BanefulBunker|Bold||F|||50|]Annihilape||FocusSash|Defiant|CloseCombat,PhantomForce,StealthRock,Protect|Jolly||F|||50|
|showteam|p2|Charizard||CharizarditeY|Blaze|HeatWave,Protect,WeatherBall,SolarBeam|Modest||F|||50|]Basculegion||ChoiceScarf|Adaptability|LastRespects,AquaJet,WaveCrash,FlipTurn|Jolly||M|||50|]Floette-Eternal||Floettite|FlowerVeil|Protect,CalmMind,DazzlingGleam,Moonblast|Timid||F|||50|]Garchomp||LifeOrb|RoughSkin|DragonClaw,Protect,RockSlide,StompingTantrum|Naive||F|||50|]Aerodactyl||FocusSash|Unnerve|IceFang,Tailwind,IronHead,RockSlide|Jolly||F|||50|]Incineroar||SitrusBerry|Intimidate|FakeOut,FlareBlitz,ThroatChop,PartingShot|Adamant||M|||50|
|
|t:|1785302651
|teamsize|p1|4
|teamsize|p2|4
|start
|switch|p1a: Garchomp|Garchomp, L50, F|100/100
|switch|p1b: Incineroar|Incineroar, L50, F|100/100
|switch|p2a: Garchomp|Garchomp, L50, F|100/100
|switch|p2b: Incineroar|Incineroar, L50, M|100/100
|-ability|p2b: Incineroar|Intimidate|boost
|-unboost|p1a: Garchomp|atk|1
|-unboost|p1b: Incineroar|atk|1
|-ability|p1b: Incineroar|Intimidate|boost
|-unboost|p2a: Garchomp|atk|1
|-unboost|p2b: Incineroar|atk|1
|turn|1
|
|t:|1785302678
|move|p2b: Incineroar|Fake Out|p1b: Incineroar
|-damage|p1b: Incineroar|93/100
|cant|p1b: Incineroar|flinch
|move|p1a: Garchomp|Dragon Claw|p2a: Garchomp
|-supereffective|p2a: Garchomp|1
|-damage|p2a: Garchomp|43/100
|-damage|p1a: Garchomp|87/100|[from] ability: Rough Skin|[of] p2a: Garchomp
|move|p2a: Garchomp|Stomping Tantrum|p1b: Incineroar
|-supereffective|p1b: Incineroar|1
|-damage|p1b: Incineroar|39/100
|-enditem|p1b: Incineroar|Sitrus Berry|[eat]
|-heal|p1b: Incineroar|64/100|[from] item: Sitrus Berry
|-damage|p2a: Garchomp|34/100|[from] item: Life Orb
|
|upkeep
|turn|2
|
|t:|1785302705
|move|p2a: Garchomp|Protect|p2a: Garchomp
|-singleturn|p2a: Garchomp|Protect
|move|p1a: Garchomp|Dragon Claw|p2a: Garchomp
|-activate|p2a: Garchomp|move: Protect
|move|p2b: Incineroar|Parting Shot|p1a: Garchomp
|-unboost|p1a: Garchomp|atk|1
|-unboost|p1a: Garchomp|spa|1
|
|t:|1785302716
|switch|p2b: Basculegion|Basculegion, L50, M|100/100|[from] Parting Shot
|move|p1b: Incineroar|Parting Shot|p2b: Basculegion
|-unboost|p2b: Basculegion|atk|1
|-unboost|p2b: Basculegion|spa|1
|
|t:|1785302730
|switch|p1b: Charizard|Charizard, L50, M|100/100|[from] Parting Shot
|
|upkeep
|turn|3
|
|t:|1785302765
|switch|p2a: Incineroar|Incineroar, L50, M|100/100
|-ability|p2a: Incineroar|Intimidate|boost
|-unboost|p1a: Garchomp|atk|1
|-unboost|p1b: Charizard|atk|1
|detailschange|p1b: Charizard|Charizard-Mega-Y, L50, M
|-mega|p1b: Charizard|Charizard|Charizardite Y
|-weather|SunnyDay|[from] ability: Drought|[of] p1b: Charizard
|move|p1a: Garchomp|Dragon Claw|p2a: Incineroar
|-damage|p2a: Incineroar|84/100
|move|p2b: Basculegion|Flip Turn|p1a: Garchomp
|-damage|p1a: Garchomp|76/100
|-damage|p2b: Basculegion|87/100|[from] ability: Rough Skin|[of] p1a: Garchomp
|
|t:|1785302785
|switch|p2b: Charizard|Charizard, L50, F|100/100|[from] Flip Turn
|move|p1b: Charizard|Weather Ball|p2a: Incineroar
|-resisted|p2a: Incineroar|1
|-damage|p2a: Incineroar|44/100
|-enditem|p2a: Incineroar|Sitrus Berry|[eat]
|-heal|p2a: Incineroar|69/100|[from] item: Sitrus Berry
|
|-weather|SunnyDay|[upkeep]
|upkeep
|turn|4
|
|t:|1785302802
|switch|p1a: Incineroar|Incineroar, L50, F|64/100
|-ability|p1a: Incineroar|Intimidate|boost
|-unboost|p2a: Incineroar|atk|1
|-unboost|p2b: Charizard|atk|1
|detailschange|p2b: Charizard|Charizard-Mega-Y, L50, F
|-mega|p2b: Charizard|Charizard|Charizardite Y
|move|p1b: Charizard|Protect|p1b: Charizard
|-singleturn|p1b: Charizard|Protect
|move|p2a: Incineroar|Fake Out|p1b: Charizard
|-activate|p1b: Charizard|move: Protect
|move|p2b: Charizard|Weather Ball|p1a: Incineroar
|-resisted|p1a: Incineroar|1
|-damage|p1a: Incineroar|22/100
|
|-weather|SunnyDay|[upkeep]
|upkeep
|turn|5
|
|t:|1785302833
|switch|p2a: Basculegion|Basculegion, L50, M|87/100
|move|p2b: Charizard|Protect|p2b: Charizard
|-singleturn|p2b: Charizard|Protect
|move|p1a: Incineroar|Fake Out|p2b: Charizard
|-activate|p2b: Charizard|move: Protect
|move|p1b: Charizard|Weather Ball|p2b: Charizard
|-activate|p2b: Charizard|move: Protect
|
|-weather|SunnyDay|[upkeep]
|upkeep
|turn|6
|
|t:|1785302863
|move|p2a: Basculegion|Flip Turn|p1a: Incineroar
|-supereffective|p1a: Incineroar|1
|-damage|p1a: Incineroar|0 fnt
|faint|p1a: Incineroar
|
|t:|1785302869
|switch|p2a: Incineroar|Incineroar, L50, M|69/100|[from] Flip Turn
|-ability|p2a: Incineroar|Intimidate|boost
|-unboost|p1b: Charizard|atk|1
|move|p2b: Charizard|Weather Ball|p1b: Charizard
|-resisted|p1b: Charizard|1
|-damage|p1b: Charizard|61/100
|move|p1b: Charizard|Weather Ball|p2a: Incineroar
|-resisted|p2a: Incineroar|1
|-damage|p2a: Incineroar|27/100
|
|-weather|SunnyDay|[upkeep]
|upkeep
|
|t:|1785302880
|switch|p1a: Garchomp|Garchomp, L50, F|76/100
|turn|7
|
|t:|1785302900
|move|p2a: Incineroar|Fake Out|p1a: Garchomp
|-damage|p1a: Garchomp|65/100
|-damage|p2a: Incineroar|15/100|[from] ability: Rough Skin|[of] p1a: Garchomp
|cant|p1a: Garchomp|flinch
|move|p2b: Charizard|Weather Ball|p1a: Garchomp
|-resisted|p1a: Garchomp|1
|-damage|p1a: Garchomp|20/100y
|move|p1b: Charizard|Weather Ball|p2a: Incineroar
|-resisted|p2a: Incineroar|1
|-damage|p2a: Incineroar|0 fnt
|faint|p2a: Incineroar
|
|-weather|none
|upkeep
|
|t:|1785302920
|switch|p2a: Basculegion|Basculegion, L50, M|87/100
|turn|8
|
|t:|1785302937
|switch|p1a: Venusaur|Venusaur, L50, M|100/100
|move|p1b: Charizard|Protect|p1b: Charizard
|-singleturn|p1b: Charizard|Protect
|move|p2a: Basculegion|Flip Turn|p1a: Venusaur
|-resisted|p1a: Venusaur|1
|-damage|p1a: Venusaur|76/100
|
|t:|1785302947
|switch|p2a: Garchomp|Garchomp, L50, F|34/100|[from] Flip Turn
|move|p2b: Charizard|Heat Wave|p1b: Charizard|[spread] p1a
|-activate|p1b: Charizard|move: Protect
|-supereffective|p1a: Venusaur|1
|-damage|p1a: Venusaur|0 fnt
|faint|p1a: Venusaur
|
|upkeep
|
|t:|1785302957
|switch|p1a: Garchomp|Garchomp, L50, F|20/100y
|turn|9
|
|t:|1785302977
|switch|p2b: Basculegion|Basculegion, L50, M|87/100
|move|p2a: Garchomp|Protect|p2a: Garchomp
|-singleturn|p2a: Garchomp|Protect
|move|p1a: Garchomp|Rock Slide|p2a: Garchomp|[spread] p2b
|-activate|p2a: Garchomp|move: Protect
|-damage|p2b: Basculegion|62/100
|move|p1b: Charizard|Heat Wave|p2a: Garchomp|[spread] p2b
|-activate|p2a: Garchomp|move: Protect
|-resisted|p2b: Basculegion|1
|-damage|p2b: Basculegion|40/100
|
|upkeep
|turn|10
|
|t:|1785303000
|move|p2b: Basculegion|Aqua Jet|p1a: Garchomp
|-damage|p1a: Garchomp|0 fnt
|-damage|p2b: Basculegion|27/100|[from] ability: Rough Skin|[of] p1a: Garchomp
|faint|p1a: Garchomp
|move|p2a: Garchomp|Rock Slide|p1b: Charizard
|-supereffective|p1b: Charizard|2
|-damage|p1b: Charizard|0 fnt
|faint|p1b: Charizard
|-damage|p2a: Garchomp|24/100|[from] item: Life Orb
|
|win|iiihggf
