|j|☆AdvaiLuffy
|j|☆kememe
|html|AdvaiLuffykememe    
|uhtml|bestof|Game 3 of a best-of-3
|t:|1785065121
|gametype|doubles
|player|p1|AdvaiLuffy|red|1146
|player|p2|kememe|crasherwake|1072
|gen|9
|tier|[Gen 9 Champions] VGC 2026 Reg M-B (Bo3)
|rated|
|rule|Species Clause: Limit one of each Pokémon
|rule|Item Clause: Limit 1 of each item
|clearpoke
|poke|p1|Gengar, L50, M|
|poke|p1|Garchomp, L50, F|
|poke|p1|Farigiraf, L50, F|
|poke|p1|Ninetales-Alola, L50, M|
|poke|p1|Maushold-Four, L50|
|poke|p1|Tauros-Paldea-Combat, L50, M|
|poke|p2|Delphox, L50, F|
|poke|p2|Sinistcha, L50|
|poke|p2|Vanilluxe, L50, F|
|poke|p2|Grimmsnarl, L50, M|
|poke|p2|Farigiraf, L50, F|
|poke|p2|Garchomp, L50, M|
|teampreview|4
|showteam|p1|Gengar||Gengarite|CursedBody|Protect,SludgeBomb,ShadowBall,WillOWisp|Timid||M|||50|]Garchomp||LifeOrb|RoughSkin|Protect,RockSlide,DragonClaw,StompingTantrum|Jolly||F|||50|]Farigiraf||SitrusBerry|ArmorTail|Protect,Roar,GrassKnot,Thunderbolt|Relaxed||F|||50|]Ninetales-Alola||LightClay|SnowWarning|Protect,AuroraVeil,Moonblast,FreezeDry|Timid||M|||50|]Maushold-Four||WideLens|Technician|Protect,PopulationBomb,FollowMe,SuperFang|Adamant|||||50|]Tauros-Paldea-Combat||ExpertBelt|Intimidate|Protect,CloseCombat,ThroatChop,WildCharge|Adamant||M|||50|
|showteam|p2|Delphox||Delphoxite|Magician|HeatWave,Psychic,NastyPlot,Protect|Modest||F|||50|]Sinistcha||MiracleSeed|Hospitality|MatchaGotcha,TrickRoom,RagePowder,Protect|Modest|||||50|]Vanilluxe||FocusSash|SnowWarning|AuroraVeil,Blizzard,Protect,FreezeDry|Modest||F|||50|]Grimmsnarl||LightClay|Prankster|PlayRough,Reflect,LightScreen,PartingShot|Adamant||M|||50|]Farigiraf||Leftovers|ArmorTail|Psychic,Protect,TrickRoom,ThunderWave|Modest||F|||50|]Garchomp||LifeOrb|SandVeil|RockSlide,Protect,Earthquake,DragonClaw|Adamant||M|||50|
|inactive|Battle timer is ON: inactive players will automatically lose when time's up. (requested by AdvaiLuffy)
|
|t:|1785065141
|teamsize|p1|4
|teamsize|p2|4
|start
|switch|p1a: Lucifer|Gengar, L50, M|100/100
|switch|p1b: Family|Maushold-Four, L50|100/100
|switch|p2a: Delphox|Delphox, L50, F|100/100
|switch|p2b: Vanilluxe|Vanilluxe, L50, F|100/100
|-weather|Snowscape|[from] ability: Snow Warning|[of] p2b: Vanilluxe
|turn|1
|
|t:|1785065155
|detailschange|p1a: Lucifer|Gengar-Mega, L50, M
|-mega|p1a: Lucifer|Gengar|Gengarite
|detailschange|p2a: Delphox|Delphox-Mega, L50, F
|-mega|p2a: Delphox|Delphox|Delphoxite
|move|p2a: Delphox|Protect|p2a: Delphox
|-singleturn|p2a: Delphox|Protect
|move|p1a: Lucifer|Shadow Ball|p2a: Delphox
|-activate|p2a: Delphox|move: Protect
|move|p1b: Family|Population Bomb|p2b: Vanilluxe
|-damage|p2b: Vanilluxe|89/100
|-damage|p2b: Vanilluxe|78/100
|-damage|p2b: Vanilluxe|65/100
|-damage|p2b: Vanilluxe|54/100
|-damage|p2b: Vanilluxe|43/100
|-damage|p2b: Vanilluxe|31/100
|-damage|p2b: Vanilluxe|19/100
|-damage|p2b: Vanilluxe|6/100
|-damage|p2b: Vanilluxe|0 fnt
|faint|p2b: Vanilluxe
|-hitcount|p2: Vanilluxe|9
|
|-weather|Snowscape|[upkeep]
|upkeep
|
|t:|1785065178
|switch|p2b: Garchomp|Garchomp, L50, M|100/100
|turn|2
|
|t:|1785065193
|move|p1a: Lucifer|Protect|p1a: Lucifer
|-singleturn|p1a: Lucifer|Protect
|move|p2a: Delphox|Heat Wave|p1a: Lucifer|[spread] p1b
|-activate|p1a: Lucifer|move: Protect
|-damage|p1b: Family|35/100
|move|p2b: Garchomp|Earthquake|p1a: Lucifer|[spread] p1b
|-activate|p1a: Lucifer|move: Protect
|-immune|p2a: Delphox|[from] ability: Levitate
|-damage|p1b: Family|0 fnt
|faint|p1b: Family
|-damage|p2b: Garchomp|90/100|[from] item: Life Orb
|
|-weather|Snowscape|[upkeep]
|upkeep
|
|t:|1785065206
|switch|p1b: Shark|Garchomp, L50, F|100/100
|turn|3
|
|t:|1785065216
|move|p1a: Lucifer|Shadow Ball|p2a: Delphox
|-supereffective|p2a: Delphox|1
|-damage|p2a: Delphox|10/100
|move|p2a: Delphox|Psychic|p1a: Lucifer
|-supereffective|p1a: Lucifer|1
|-damage|p1a: Lucifer|0 fnt
|faint|p1a: Lucifer
|move|p1b: Shark|Dragon Claw|p2b: Garchomp
|-supereffective|p2b: Garchomp|1
|-damage|p2b: Garchomp|0 fnt
|faint|p2b: Garchomp
|-damage|p1b: Shark|90/100|[from] item: Life Orb
|
|-weather|Snowscape|[upkeep]
|upkeep
|
|t:|1785065228
|switch|p1a: Galactus|Farigiraf, L50, F|100/100
|switch|p2b: Farigiraf|Farigiraf, L50, F|100/100
|turn|4
|
|t:|1785065244
|move|p2a: Delphox|Psychic|p1b: Shark
|-damage|p1b: Shark|22/100
|move|p1b: Shark|Rock Slide|p2b: Farigiraf|[spread] p2a,p2b
|-supereffective|p2a: Delphox|1
|-damage|p2a: Delphox|0 fnt
|-damage|p2b: Farigiraf|73/100
|faint|p2a: Delphox
|-damage|p1b: Shark|12/100|[from] item: Life Orb
|move|p2b: Farigiraf|Psychic|p1b: Shark
|-damage|p1b: Shark|0 fnt
|faint|p1b: Shark
|move|p1a: Galactus|Thunderbolt|p2b: Farigiraf
|-damage|p2b: Farigiraf|49/100
|
|-weather|Snowscape|[upkeep]
|-heal|p2b: Farigiraf|55/100|[from] item: Leftovers
|upkeep
|turn|5
|
|t:|1785065260
|move|p2b: Farigiraf|Protect|p2b: Farigiraf
|-singleturn|p2b: Farigiraf|Protect
|move|p1a: Galactus|Grass Knot|p2b: Farigiraf
|-activate|p2b: Farigiraf|move: Protect
|
|-weather|none
|-heal|p2b: Farigiraf|62/100|[from] item: Leftovers
|upkeep
|turn|6
|
|t:|1785065272
|move|p2b: Farigiraf|Thunder Wave|p1a: Galactus
|-status|p1a: Galactus|par
|cant|p1a: Galactus|par
|
|-heal|p2b: Farigiraf|68/100|[from] item: Leftovers
|upkeep
|turn|7
|
|t:|1785065281
|move|p2b: Farigiraf|Protect|p2b: Farigiraf
|-singleturn|p2b: Farigiraf|Protect
|move|p1a: Galactus|Grass Knot|p2b: Farigiraf
|-activate|p2b: Farigiraf|move: Protect
|
|-heal|p2b: Farigiraf|74/100|[from] item: Leftovers
|upkeep
|turn|8
|
|t:|1785065290
|move|p2b: Farigiraf|Psychic|p1a: Galactus
|-resisted|p1a: Galactus|1
|-damage|p1a: Galactus|78/100 par
|move|p1a: Galactus|Grass Knot|p2b: Farigiraf
|-damage|p2b: Farigiraf|49/100
|
|-heal|p2b: Farigiraf|55/100|[from] item: Leftovers
|upkeep
|turn|9
|
|t:|1785065299
|move|p2b: Farigiraf|Protect|p2b: Farigiraf
|-singleturn|p2b: Farigiraf|Protect
|move|p1a: Galactus|Thunderbolt|p2b: Farigiraf
|-activate|p2b: Farigiraf|move: Protect
|
|-heal|p2b: Farigiraf|62/100|[from] item: Leftovers
|upkeep
|turn|10
|
|t:|1785065322
|move|p2b: Farigiraf|Psychic|p1a: Galactus
|-resisted|p1a: Galactus|1
|-damage|p1a: Galactus|56/100 par
|move|p1a: Galactus|Grass Knot|p2b: Farigiraf
|-damage|p2b: Farigiraf|34/100
|
|-heal|p2b: Farigiraf|40/100|[from] item: Leftovers
|upkeep
|turn|11
|inactive|AdvaiLuffy has 30 seconds left.
|
|t:|1785065350
|move|p2b: Farigiraf|Protect|p2b: Farigiraf
|-singleturn|p2b: Farigiraf|Protect
|move|p1a: Galactus|Protect||[still]
|-fail|p1a: Galactus
|
|-heal|p2b: Farigiraf|46/100|[from] item: Leftovers
|upkeep
|turn|12
|
|t:|1785065358
|move|p2b: Farigiraf|Psychic|p1a: Galactus
|-resisted|p1a: Galactus|1
|-damage|p1a: Galactus|34/100 par
|-enditem|p1a: Galactus|Sitrus Berry|[eat]
|-heal|p1a: Galactus|59/100 par|[from] item: Sitrus Berry
|move|p1a: Galactus|Grass Knot|p2b: Farigiraf
|-damage|p2b: Farigiraf|22/100
|
|-heal|p2b: Farigiraf|28/100|[from] item: Leftovers
|upkeep
|turn|13
|inactive|AdvaiLuffy has 30 seconds left.
|
|t:|1785065385
|move|p2b: Farigiraf|Protect|p2b: Farigiraf
|-singleturn|p2b: Farigiraf|Protect
|move|p1a: Galactus|Thunderbolt|p2b: Farigiraf
|-activate|p2b: Farigiraf|move: Protect
|
|-heal|p2b: Farigiraf|34/100|[from] item: Leftovers
|upkeep
|turn|14
|
|t:|1785065395
|move|p2b: Farigiraf|Psychic|p1a: Galactus
|-resisted|p1a: Galactus|1
|-damage|p1a: Galactus|36/100 par
|move|p1a: Galactus|Grass Knot|p2b: Farigiraf
|-damage|p2b: Farigiraf|6/100
|
|-heal|p2b: Farigiraf|12/100|[from] item: Leftovers
|upkeep
|turn|15
|
|t:|1785065404
|move|p2b: Farigiraf|Protect|p2b: Farigiraf
|-singleturn|p2b: Farigiraf|Protect
|move|p1a: Galactus|Thunderbolt|p2b: Farigiraf
|-activate|p2b: Farigiraf|move: Protect
|
|-heal|p2b: Farigiraf|18/100|[from] item: Leftovers
|upkeep
|turn|16
|
|t:|1785065414
|move|p2b: Farigiraf|Psychic|p1a: Galactus
|-resisted|p1a: Galactus|1
|-damage|p1a: Galactus|15/100 par
|move|p1a: Galactus|Grass Knot|p2b: Farigiraf
|-damage|p2b: Farigiraf|0 fnt
|faint|p2b: Farigiraf
|
|win|AdvaiLuffy
|raw|AdvaiLuffy's rating: 1146 → 1166(+20 for winning)
|raw|kememe's rating: 1072 → 1056(-16 for losing)
