|j|☆TheMismatcher
|j|☆Chaoticfarmer
|html|TheMismatcherChaoticfarmer    
|uhtml|bestof|Game 2 of a best-of-3
|t:|1757817876
|gametype|doubles
|player|p1|TheMismatcher|266|1345
|player|p2|Chaoticfarmer|norman|1342
|gen|9
|tier|[Gen 9] VGC 2025 Reg H (Bo3)
|rated|
|rule|Species Clause: Limit one of each Pokémon
|rule|Item Clause: Limit 1 of each item
|clearpoke
|poke|p1|Pelipper, L50, M|
|poke|p1|Basculegion, L50, M|
|poke|p1|Amoonguss, L50, F|
|poke|p1|Archaludon, L50, F|
|poke|p1|Greninja-*, L50, F|
|poke|p1|Annihilape, L50, F|
|poke|p2|Rillaboom, L50, F|
|poke|p2|Pelipper, L50, F|
|poke|p2|Sneasler, L50, M|
|poke|p2|Cetitan, L50, M|
|poke|p2|Malamar, L50, F|
|poke|p2|Ursaluna-Bloodmoon, L50, M|
|teampreview|4
|showteam|p1|Pelipper||FocusSash|Drizzle|WeatherBall,Hurricane,Tailwind,WideGuard|||M|||50|,,,,,Stellar]Basculegion||ChoiceBand|SwiftSwim|WaveCrash,FlipTurn,LastRespects,AquaJet|||M|||50|,,,,,Grass]Amoonguss||SitrusBerry|Regenerator|Spore,RagePowder,PollenPuff,ClearSmog|||F|||50|,,,,,Dark]Archaludon||AssaultVest|Stamina|DragonPulse,FlashCannon,ElectroShot,BodyPress|||F|||50|,,,,,Bug]Greninja||LoadedDice|Torrent|WaterShuriken,DarkPulse,Taunt,RainDance|||F|||50|,,,,,Ghost]Annihilape||ChoiceScarf|Defiant|CloseCombat,RageFist,Uturn,FinalGambit|||F|||50|,,,,,Grass
|showteam|p2|Rillaboom||AssaultVest|GrassySurge|FakeOut,GrassyGlide,WoodHammer,Uturn|||F|||50|,,,,,Fire]Pelipper||FocusSash|Drizzle|Tailwind,Hurricane,WideGuard,WeatherBall|||F|||50|,,,,,Ghost]Sneasler||GrassySeed|Unburden|CloseCombat,DireClaw,ThroatChop,Protect|||M|||50|,,,,,Dark]Cetitan||LifeOrb|SheerForce|IcicleCrash,Liquidation,IceShard,Protect|||M|||50|,,,,,Water]Malamar||CovertCloak|Contrary|TopsyTurvy,KnockOff,Superpower,TrickRoom|||F|||50|,,,,,Steel]Ursaluna-Bloodmoon||SafetyGoggles|MindsEye|BloodMoon,HyperVoice,EarthPower,Protect|||M|||50|,,,,,Ghost
|inactive|Battle timer is ON: inactive players will automatically lose when time's up. (requested by Chaoticfarmer)
|inactive|Chaoticfarmer has 60 seconds left.
|
|t:|1757817920
|teamsize|p1|4
|teamsize|p2|4
|start
|switch|p1a: Greninja|Greninja, L50, F|100/100
|switch|p1b: Archaludon|Archaludon, L50, F|100/100
|switch|p2a: Rillaboom|Rillaboom, L50, F|100/100
|switch|p2b: Malamar|Malamar, L50, F|100/100
|-fieldstart|move: Grassy Terrain|[from] ability: Grassy Surge|[of] p2a: Rillaboom
|turn|1
|inactive|TheMismatcher has 30 seconds left.
|
|t:|1757817946
|move|p2a: Rillaboom|Fake Out|p1b: Archaludon
|-resisted|p1b: Archaludon
|-crit|p1b: Archaludon
|-damage|p1b: Archaludon|93/100
|-ability|p1b: Archaludon|Stamina|boost
|-boost|p1b: Archaludon|def|1
|move|p1a: Greninja|Water Shuriken|p1b: Archaludon
|-resisted|p1b: Archaludon
|-damage|p1b: Archaludon|90/100
|-ability|p1b: Archaludon|Stamina|boost
|-boost|p1b: Archaludon|def|1
|-resisted|p1b: Archaludon
|-damage|p1b: Archaludon|88/100
|-ability|p1b: Archaludon|Stamina|boost
|-boost|p1b: Archaludon|def|1
|-resisted|p1b: Archaludon
|-damage|p1b: Archaludon|86/100
|-ability|p1b: Archaludon|Stamina|boost
|-boost|p1b: Archaludon|def|1
|-resisted|p1b: Archaludon
|-damage|p1b: Archaludon|84/100
|-ability|p1b: Archaludon|Stamina|boost
|-boost|p1b: Archaludon|def|1
|-hitcount|p1b: Archaludon|4
|cant|p1b: Archaludon|flinch
|move|p2b: Malamar|Trick Room|p2b: Malamar
|-fieldstart|move: Trick Room|[of] p2b: Malamar
|
|-heal|p1b: Archaludon|90/100|[from] Grassy Terrain
|upkeep
|turn|2
|inactive|TheMismatcher has 30 seconds left.
|
|t:|1757817976
|switch|p1a: Amoonguss|Amoonguss, L50, F, shiny|100/100
|move|p2b: Malamar|Topsy-Turvy|p1b: Archaludon
|-invertboost|p1b: Archaludon|[from] move: Topsy-Turvy
|move|p2a: Rillaboom|Wood Hammer|p1a: Amoonguss
|-resisted|p1a: Amoonguss
|-damage|p1a: Amoonguss|84/100
|-damage|p2a: Rillaboom|94/100|[from] Recoil
|move|p1b: Archaludon|Dragon Pulse|p2b: Malamar
|-damage|p2b: Malamar|58/100
|
|-heal|p1a: Amoonguss|90/100|[from] Grassy Terrain
|-heal|p2b: Malamar|64/100|[from] Grassy Terrain
|-heal|p2a: Rillaboom|99/100|[from] Grassy Terrain
|-heal|p1b: Archaludon|95/100|[from] Grassy Terrain
|upkeep
|turn|3
|
|t:|1757817995
|switch|p2b: Ursaluna|Ursaluna-Bloodmoon, L50, M|100/100
|switch|p1b: Pelipper|Pelipper, L50, M|100/100
|-weather|RainDance|[from] ability: Drizzle|[of] p1b: Pelipper
|move|p1a: Amoonguss|Spore|p2b: Ursaluna
|-activate|p2b: Ursaluna|item: Safety Goggles|Spore
|move|p2a: Rillaboom|Wood Hammer|p1b: Pelipper
|-enditem|p1b: Pelipper|Focus Sash
|-damage|p1b: Pelipper|1/100
|-damage|p2a: Rillaboom|76/100|[from] Recoil
|
|-weather|RainDance|[upkeep]
|-heal|p1a: Amoonguss|96/100|[from] Grassy Terrain
|-heal|p2a: Rillaboom|82/100|[from] Grassy Terrain
|upkeep
|turn|4
|inactive|Chaoticfarmer has 30 seconds left.
|
|t:|1757818022
|switch|p1a: Greninja|Greninja, L50, F|100/100
|switch|p1b: Archaludon|Archaludon, L50, F|95/100
|move|p2a: Rillaboom|Grassy Glide|p1b: Archaludon
|-resisted|p1b: Archaludon
|-damage|p1b: Archaludon|88/100
|-ability|p1b: Archaludon|Stamina|boost
|-boost|p1b: Archaludon|def|1
|move|p2b: Ursaluna|Blood Moon|p1a: Greninja
|-damage|p1a: Greninja|0 fnt
|faint|p1a: Greninja
|
|-weather|RainDance|[upkeep]
|-heal|p2a: Rillaboom|88/100|[from] Grassy Terrain
|-heal|p1b: Archaludon|94/100|[from] Grassy Terrain
|upkeep
|
|t:|1757818039
|switch|p1a: Amoonguss|Amoonguss, L50, F, shiny|100/100
|turn|5
|
|t:|1757818063
|move|p1a: Amoonguss|Rage Powder|p1a: Amoonguss
|-singleturn|p1a: Amoonguss|move: Rage Powder
|move|p2b: Ursaluna|Hyper Voice|p1b: Archaludon|[spread] p1a,p1b
|-resisted|p1b: Archaludon
|-crit|p1b: Archaludon
|-damage|p1a: Amoonguss|68/100
|-damage|p1b: Archaludon|74/100
|-ability|p1b: Archaludon|Stamina|boost
|-boost|p1b: Archaludon|def|1
|move|p2a: Rillaboom|U-turn|p1a: Amoonguss
|-damage|p1a: Amoonguss|46/100
|-enditem|p1a: Amoonguss|Sitrus Berry|[eat]
|-heal|p1a: Amoonguss|71/100|[from] item: Sitrus Berry
|
|t:|1757818075
|switch|p2a: Malamar|Malamar, L50, F|64/100|[from] U-turn
|move|p1b: Archaludon|Body Press|p2b: Ursaluna
|-supereffective|p2b: Ursaluna
|-damage|p2b: Ursaluna|34/100
|
|-weather|RainDance|[upkeep]
|-heal|p1a: Amoonguss|77/100|[from] Grassy Terrain
|-heal|p2b: Ursaluna|40/100|[from] Grassy Terrain
|-heal|p2a: Malamar|70/100|[from] Grassy Terrain
|-heal|p1b: Archaludon|80/100|[from] Grassy Terrain
|-fieldend|move: Trick Room
|-fieldend|move: Grassy Terrain
|upkeep
|turn|6
|inactive|TheMismatcher has 30 seconds left.
|
|t:|1757818106
|-terastallize|p2b: Ursaluna|Ghost
|move|p1b: Archaludon|Electro Shot||[still]
|-prepare|p1b: Archaludon|Electro Shot
|-boost|p1b: Archaludon|spa|1
|-anim|p1b: Archaludon|Electro Shot|p2a: Malamar
|-crit|p2a: Malamar
|-damage|p2a: Malamar|0 fnt
|faint|p2a: Malamar
|move|p2b: Ursaluna|Earth Power|p1b: Archaludon
|-supereffective|p1b: Archaludon
|-damage|p1b: Archaludon|4/100
|-ability|p1b: Archaludon|Stamina|boost
|-boost|p1b: Archaludon|def|1
|move|p1a: Amoonguss|Pollen Puff|p1b: Archaludon
|-heal|p1b: Archaludon|53/100
|
|-weather|RainDance|[upkeep]
|upkeep
|
|t:|1757818128
|switch|p2a: Rillaboom|Rillaboom, L50, F|88/100
|-fieldstart|move: Grassy Terrain|[from] ability: Grassy Surge|[of] p2a: Rillaboom
|turn|7
|inactive|Chaoticfarmer has 30 seconds left.
|inactive|Chaoticfarmer has 20 seconds left.
|
|t:|1757818166
|-terastallize|p1b: Archaludon|Bug
|move|p2a: Rillaboom|Fake Out|p1b: Archaludon
|-damage|p1b: Archaludon|49/100
|-ability|p1b: Archaludon|Stamina|boost
|-boost|p1b: Archaludon|def|1
|cant|p1b: Archaludon|flinch
|move|p2b: Ursaluna|Blood Moon|p1b: Archaludon
|-damage|p1b: Archaludon|0 fnt
|faint|p1b: Archaludon
|move|p1a: Amoonguss|Pollen Puff|p1: Archaludon|[notarget]
|-fail|p1a: Amoonguss
|
|-weather|none
|-heal|p2a: Rillaboom|94/100|[from] Grassy Terrain
|-heal|p2b: Ursaluna|46/100|[from] Grassy Terrain
|-heal|p1a: Amoonguss|82/100|[from] Grassy Terrain
|upkeep
|
|t:|1757818177
|switch|p1b: Pelipper|Pelipper, L50, M|1/100
|-weather|RainDance|[from] ability: Drizzle|[of] p1b: Pelipper
|turn|8
|
|t:|1757818189
|move|p2a: Rillaboom|Grassy Glide|p1b: Pelipper
|-damage|p1b: Pelipper|0 fnt
|faint|p1b: Pelipper
|move|p2b: Ursaluna|Earth Power|p1a: Amoonguss
|-damage|p1a: Amoonguss|40/100
|move|p1a: Amoonguss|Pollen Puff|p2b: Ursaluna
|-resisted|p2b: Ursaluna
|-damage|p2b: Ursaluna|36/100
|
|-weather|RainDance|[upkeep]
|-heal|p2a: Rillaboom|99/100|[from] Grassy Terrain
|-heal|p2b: Ursaluna|42/100|[from] Grassy Terrain
|-heal|p1a: Amoonguss|46/100|[from] Grassy Terrain
|upkeep
|turn|9
|
|t:|1757818201
|move|p2a: Rillaboom|U-turn|p1a: Amoonguss
|-damage|p1a: Amoonguss|26/100
|
|t:|1757818204
|switch|p2a: Cetitan|Cetitan, L50, M|100/100|[from] U-turn
|move|p2b: Ursaluna|Blood Moon|p1a: Amoonguss
|-damage|p1a: Amoonguss|0 fnt
|faint|p1a: Amoonguss
|
|win|Chaoticfarmer
||TheMismatcher is ready for game 3.
||Chaoticfarmer is ready for game 3.
|uhtml|next|Next: Game 3 of 3
