|j|☆IceColdZekrom
|j|☆WashYoButt
|html|IceColdZekromWashYoButt    
|uhtml|bestof|Game 1 of a best-of-3
|t:|1757707944
|gametype|doubles
|player|p1|IceColdZekrom|eusine|1056
|player|p2|WashYoButt|ariana|1134
|gen|9
|tier|[Gen 9] VGC 2025 Reg H (Bo3)
|rated|
|rule|Species Clause: Limit one of each Pokémon
|rule|Item Clause: Limit 1 of each item
|clearpoke
|poke|p1|Kingdra, L50, M|
|poke|p1|Sneasler, L50, M|
|poke|p1|Incineroar, L50, M|
|poke|p1|Rillaboom, L50, F|
|poke|p1|Clefairy, L50, F|
|poke|p1|Ursaluna-Bloodmoon, L50, M|
|poke|p2|Gholdengo, L50|
|poke|p2|Basculegion, L50, M|
|poke|p2|Amoonguss, L50, F|
|poke|p2|Kommo-o, L50, M|
|poke|p2|Ninetales-Alola, L50, F|
|poke|p2|Incineroar, L50, F|
|teampreview|4
|showteam|p1|Kingdra||ScopeLens|Sniper|FocusEnergy,DracoMeteor,Scald,Protect|||M|||50|,,,,,Fairy]Sneasler||FocusSash|Unburden|ThroatChop,DireClaw,CloseCombat,Protect|||M|||50|,,,,,Dark]Incineroar||SafetyGoggles|Intimidate|FakeOut,PartingShot,KnockOff,FlareBlitz|||M|||50|,,,,,Ghost]Rillaboom||AssaultVest|GrassySurge|FakeOut,GrassyGlide,Uturn,WoodHammer|||F|||50|,,,,,Fire]Clefairy||Eviolite|FriendGuard|FollowMe,HelpingHand,DazzlingGleam,IcyWind|||F|||50|,,,,,Steel]Ursaluna-Bloodmoon||LifeOrb|MindsEye|HyperVoice,BloodMoon,EarthPower,Protect|||M|||50|,,,,,Normal
|showteam|p2|Gholdengo||LifeOrb|GoodasGold|Protect,NastyPlot,ShadowBall,MakeItRain||||||50|,,,,,Water]Basculegion||ChoiceScarf|Adaptability|WaveCrash,LastRespects,AquaJet,FlipTurn|||M|||50|,,,,,Grass]Amoonguss||RockyHelmet|Regenerator|Spore,PollenPuff,RagePowder,ClearSmog|||F|||50|,,,,,Water]Kommo-o||SitrusBerry|Overcoat|Protect,ClangorousSoul,DragonPulse,AuraSphere|||M|||50|,,,,,Fire]Ninetales-Alola||FocusSash|SnowWarning|Protect,Moonblast,Blizzard,FreezeDry|||F|||50|,,,,,Ghost]Incineroar||SafetyGoggles|Intimidate|KnockOff,FlareBlitz,FakeOut,PartingShot|||F|||50|,,,,,Ghost
|inactive|Battle timer is ON: inactive players will automatically lose when time's up. (requested by WashYoButt)
|
|t:|1757707977
|teamsize|p1|4
|teamsize|p2|4
|start
|switch|p1a: Incineroar|Incineroar, L50, M|100/100
|switch|p1b: Kingdra|Kingdra, L50, M|100/100
|switch|p2a: Incineroar|Incineroar, L50, F|100/100
|switch|p2b: Ninetales|Ninetales-Alola, L50, F|100/100
|-weather|Snowscape|[from] ability: Snow Warning|[of] p2b: Ninetales
|-ability|p1a: Incineroar|Intimidate|boost
|-unboost|p2a: Incineroar|atk|1
|-unboost|p2b: Ninetales|atk|1
|-ability|p2a: Incineroar|Intimidate|boost
|-unboost|p1a: Incineroar|atk|1
|-unboost|p1b: Kingdra|atk|1
|turn|1
|
|t:|1757707995
|move|p2b: Ninetales|Protect|p2b: Ninetales
|-singleturn|p2b: Ninetales|Protect
|move|p1b: Kingdra|Protect|p1b: Kingdra
|-singleturn|p1b: Kingdra|Protect
|move|p2a: Incineroar|Knock Off|p1b: Kingdra
|-activate|p1b: Kingdra|move: Protect
|move|p1a: Incineroar|Knock Off|p2b: Ninetales
|-activate|p2b: Ninetales|move: Protect
|
|-weather|Snowscape|[upkeep]
|upkeep
|turn|2
|inactive|IceColdZekrom has 30 seconds left.
|
|t:|1757708020
|switch|p1b: Clefairy|Clefairy, L50, F|100/100
|move|p2b: Ninetales|Blizzard|p1a: Incineroar|[spread] p1a,p1b
|-resisted|p1a: Incineroar
|-damage|p1a: Incineroar|89/100
|-damage|p1b: Clefairy|74/100
|-status|p1a: Incineroar|frz
|cant|p1a: Incineroar|frz
|move|p2a: Incineroar|Parting Shot|p1b: Clefairy
|-unboost|p1b: Clefairy|atk|1
|-unboost|p1b: Clefairy|spa|1
|
|t:|1757708024
|switch|p2a: Gholdengo|Gholdengo, L50|100/100|[from] Parting Shot
|
|-weather|Snowscape|[upkeep]
|upkeep
|turn|3
|
|t:|1757708040
|switch|p2b: Incineroar|Incineroar, L50, F|100/100
|-ability|p2b: Incineroar|Intimidate|boost
|-unboost|p1a: Incineroar|atk|1
|-unboost|p1b: Clefairy|atk|1
|switch|p1b: Kingdra|Kingdra, L50, M|100/100
|move|p2a: Gholdengo|Nasty Plot|p2a: Gholdengo
|-boost|p2a: Gholdengo|spa|2
|-curestatus|p1a: Incineroar|frz|[from] move: Flare Blitz
|move|p1a: Incineroar|Flare Blitz|p2b: Incineroar
|-resisted|p2b: Incineroar
|-damage|p2b: Incineroar|90/100
|-damage|p1a: Incineroar|86/100|[from] Recoil
|
|-weather|Snowscape|[upkeep]
|upkeep
|turn|4
|
|t:|1757708058
|move|p2b: Incineroar|Fake Out|p1b: Kingdra
|-damage|p1b: Kingdra|88/100
|cant|p1b: Kingdra|flinch
|move|p2a: Gholdengo|Nasty Plot|p2a: Gholdengo
|-boost|p2a: Gholdengo|spa|2
|move|p1a: Incineroar|Knock Off|p2a: Gholdengo
|-supereffective|p2a: Gholdengo
|-damage|p2a: Gholdengo|55/100
|-enditem|p2a: Gholdengo|Life Orb|[from] move: Knock Off|[of] p1a: Incineroar
|
|-weather|Snowscape|[upkeep]
|upkeep
|turn|5
|
|t:|1757708072
|move|p1b: Kingdra|Protect|p1b: Kingdra
|-singleturn|p1b: Kingdra|Protect
|move|p2a: Gholdengo|Make It Rain|p1a: Incineroar|[spread] p1a
|-activate|p1b: Kingdra|move: Protect
|-resisted|p1a: Incineroar
|-damage|p1a: Incineroar|15/100
|-unboost|p2a: Gholdengo|spa|1
|move|p1a: Incineroar|Parting Shot|p2b: Incineroar
|-unboost|p2b: Incineroar|atk|1
|-unboost|p2b: Incineroar|spa|1
|
|t:|1757708086
|switch|p1a: Ursaluna|Ursaluna-Bloodmoon, L50, M|100/100|[from] Parting Shot
|move|p2b: Incineroar|Knock Off|p1b: Kingdra
|-activate|p1b: Kingdra|move: Protect
|
|-weather|none
|upkeep
|turn|6
|
|t:|1757708110
|move|p2a: Gholdengo|Protect|p2a: Gholdengo
|-singleturn|p2a: Gholdengo|Protect
|move|p1b: Kingdra|Scald|p2a: Gholdengo
|-activate|p2a: Gholdengo|move: Protect
|move|p1a: Ursaluna|Earth Power|p2b: Incineroar
|-supereffective|p2b: Incineroar
|-damage|p2b: Incineroar|0 fnt
|faint|p2b: Incineroar
|-damage|p1a: Ursaluna|91/100|[from] item: Life Orb
|
|upkeep
|
|t:|1757708120
|switch|p2b: Ninetales|Ninetales-Alola, L50, F|100/100
|-weather|Snowscape|[from] ability: Snow Warning|[of] p2b: Ninetales
|turn|7
|
|t:|1757708134
|switch|p1a: Incineroar|Incineroar, L50, M|15/100
|-ability|p1a: Incineroar|Intimidate|boost
|-unboost|p2a: Gholdengo|atk|1
|-unboost|p2b: Ninetales|atk|1
|move|p2b: Ninetales|Blizzard|p1a: Incineroar|[spread] p1a,p1b
|-resisted|p1a: Incineroar
|-damage|p1a: Incineroar|0 fnt
|-damage|p1b: Kingdra|54/100
|faint|p1a: Incineroar
|move|p1b: Kingdra|Scald|p2a: Gholdengo
|-damage|p2a: Gholdengo|19/100
|-status|p2a: Gholdengo|brn
|move|p2a: Gholdengo|Make It Rain|p1b: Kingdra
|-resisted|p1b: Kingdra
|-damage|p1b: Kingdra|0 fnt
|-unboost|p2a: Gholdengo|spa|1
|faint|p1b: Kingdra
|
|-weather|Snowscape|[upkeep]
|-damage|p2a: Gholdengo|14/100 brn|[from] brn
|upkeep
|
|t:|1757708150
|switch|p1b: Clefairy|Clefairy, L50, F|74/100
|switch|p1a: Ursaluna|Ursaluna-Bloodmoon, L50, M|91/100
|turn|8
|
|t:|1757708164
|-terastallize|p1a: Ursaluna|Normal
|move|p1b: Clefairy|Helping Hand|p1a: Ursaluna
|-singleturn|p1a: Ursaluna|Helping Hand|[of] p1b: Clefairy
|move|p2b: Ninetales|Blizzard|p1b: Clefairy|[spread] p1a,p1b
|-damage|p1a: Ursaluna|60/100
|-damage|p1b: Clefairy|50/100
|-status|p1a: Ursaluna|frz
|move|p2a: Gholdengo|Make It Rain|p1a: Ursaluna|[spread] p1a,p1b
|-supereffective|p1b: Clefairy
|-damage|p1a: Ursaluna|0 fnt
|-damage|p1b: Clefairy|0 fnt
|-unboost|p2a: Gholdengo|spa|1
|faint|p1a: Ursaluna
|faint|p1b: Clefairy
|
|win|WashYoButt
|l|☆IceColdZekrom
|player|p1|
|inactive|IceColdZekrom has 30 seconds to confirm battle start!
|inactive|WashYoButt has 30 seconds to confirm battle start!
