|j|☆Liebynight01
|j|☆Ryan Regirocks
|html|Liebynight01Ryan Regirocks    
|uhtml|bestof|Game 1 of a best-of-3
|t:|1785293875
|gametype|doubles
|player|p1|Liebynight01|pokemonranger|
|player|p2|Ryan Regirocks|102|
|gen|9
|tier|[Gen 9 Champions] VGC 2026 Reg M-B (Bo3)
|rule|Species Clause: Limit one of each Pokémon
|rule|Item Clause: Limit 1 of each item
|clearpoke
|poke|p1|Tinkaton, L50, F|
|poke|p1|Farigiraf, L50, M|
|poke|p1|Golurk, L50|
|poke|p1|Milotic, L50, F|
|poke|p1|Scovillain, L50, F|
|poke|p1|Hatterene, L50, F|
|poke|p2|Dragonite, L50, F|
|poke|p2|Pelipper, L50, M|
|poke|p2|Archaludon, L50, M|
|poke|p2|Scizor, L50, M|
|poke|p2|Overqwil, L50, F|
|poke|p2|Rhyperior, L50, F|
|teampreview|4
|showteam|p1|Tinkaton||OccaBerry|MoldBreaker|GigatonHammer,FakeOut,KnockOff,ThunderWave|Impish||F|||50|]Farigiraf||SitrusBerry|ArmorTail|Psychic,TrickRoom,Thunderbolt,LightScreen|Sassy||M|||50|]Golurk||Golurkite|IronFist|CloseCombat,HeadlongRush,Poltergeist,Protect|Adamant|||||50|]Milotic||Leftovers|MarvelScale|Coil,Recover,Scald,Hypnosis|Calm||F|||50|]Scovillain||Scovillainite|Chlorophyll|LeechSeed,GigaDrain,RagePowder,Flamethrower|Calm||F|||50|]Hatterene||LifeOrb|MagicBounce|Protect,TrickRoom,DazzlingGleam,MysticalFire|Quiet||F|||50|
|showteam|p2|Dragonite||Dragoninite|Multiscale|Protect,IceBeam,Thunder,Hurricane|Modest||F|||50|]Pelipper||SitrusBerry|Drizzle|Protect,Tailwind,Hurricane,WeatherBall|Calm||M|||50|]Archaludon||Leftovers|Stamina|ElectroShot,FlashCannon,DragonPulse,Protect|Quiet||M|||50|]Scizor||LifeOrb|Technician|SwordsDance,KnockOff,IronHead,DualWingbeat|Brave||M|||50|]Overqwil||ShucaBerry|Intimidate|Protect,ThroatChop,PoisonJab,Taunt|Careful||F|||50|]Rhyperior||IronBall|SolidRock|RockSlide,Earthquake,Crunch,Protect|Brave||F|||50|
|
|t:|1785293901
|teamsize|p1|4
|teamsize|p2|4
|start
|switch|p1a: Farigiraf|Farigiraf, L50, M|100/100
|switch|p1b: Scovillain|Scovillain, L50, F|100/100
|switch|p2a: Dragonite|Dragonite, L50, F|100/100
|switch|p2b: Pelipper|Pelipper, L50, M|100/100
|-weather|RainDance|[from] ability: Drizzle|[of] p2b: Pelipper
|turn|1
|
|t:|1785293928
|detailschange|p2a: Dragonite|Dragonite-Mega, L50, F
|-mega|p2a: Dragonite|Dragonite|Dragoninite
|detailschange|p1b: Scovillain|Scovillain-Mega, L50, F
|-mega|p1b: Scovillain|Scovillain|Scovillainite
|move|p1b: Scovillain|Rage Powder|p1b: Scovillain
|-singleturn|p1b: Scovillain|move: Rage Powder
|move|p2a: Dragonite|Hurricane|p1b: Scovillain
|-supereffective|p1b: Scovillain|1
|-crit|p1b: Scovillain
|-damage|p1b: Scovillain|0 fnt
|-status|p2a: Dragonite|brn|[from] ability: Spicy Spray|[of] p1b: Scovillain
|faint|p1b: Scovillain
|move|p2b: Pelipper|Tailwind|p2b: Pelipper
|-sidestart|p2: Ryan Regirocks|move: Tailwind
|move|p1a: Farigiraf|Trick Room|p1a: Farigiraf
|-fieldstart|move: Trick Room|[of] p1a: Farigiraf
|
|-weather|RainDance|[upkeep]
|-damage|p2a: Dragonite|93/100 brn|[from] brn
|upkeep
|
|t:|1785293941
|switch|p1b: Hatterene|Hatterene, L50, F|100/100
|turn|2
|
|t:|1785293958
|move|p2a: Dragonite|Protect|p2a: Dragonite
|-singleturn|p2a: Dragonite|Protect
|move|p1b: Hatterene|Dazzling Gleam|p2b: Pelipper|[spread] p2b
|-activate|p2a: Dragonite|move: Protect
|-damage|p2b: Pelipper|60/100
|-damage|p1b: Hatterene|90/100|[from] item: Life Orb
|move|p1a: Farigiraf|Thunderbolt|p2b: Pelipper
|-supereffective|p2b: Pelipper|2
|-damage|p2b: Pelipper|0 fnt
|faint|p2b: Pelipper
|
|-weather|RainDance|[upkeep]
|-damage|p2a: Dragonite|87/100 brn|[from] brn
|upkeep
|
|t:|1785293971
|switch|p2b: Archaludon|Archaludon, L50, M|100/100
|turn|3
|
|t:|1785294000
|move|p1b: Hatterene|Dazzling Gleam|p2b: Archaludon|[spread] p2a,p2b
|-supereffective|p2a: Dragonite|1
|-damage|p2a: Dragonite|27/100 brn
|-damage|p2b: Archaludon|52/100
|-ability|p2b: Archaludon|Stamina|boost
|-boost|p2b: Archaludon|def|1
|-damage|p1b: Hatterene|80/100|[from] item: Life Orb
|move|p1a: Farigiraf|Light Screen|p1a: Farigiraf
|-sidestart|p1: Liebynight01|move: Light Screen
|move|p2b: Archaludon|Flash Cannon|p1b: Hatterene
|-supereffective|p1b: Hatterene|1
|-damage|p1b: Hatterene|26/100
|-unboost|p1b: Hatterene|spd|1
|move|p2a: Dragonite|Hurricane|p1a: Farigiraf
|-damage|p1a: Farigiraf|62/100
|
|-weather|RainDance|[upkeep]
|-heal|p2b: Archaludon|58/100|[from] item: Leftovers
|-damage|p2a: Dragonite|21/100 brn|[from] brn
|upkeep
|turn|4
|
|t:|1785294024
|switch|p1a: Milotic|Milotic, L50, F|100/100
|move|p2a: Dragonite|Protect|p2a: Dragonite
|-singleturn|p2a: Dragonite|Protect
|move|p1b: Hatterene|Dazzling Gleam|p2b: Archaludon|[spread] p2b
|-activate|p2a: Dragonite|move: Protect
|-damage|p2b: Archaludon|4/100
|-ability|p2b: Archaludon|Stamina|boost
|-boost|p2b: Archaludon|def|1
|-damage|p1b: Hatterene|17/100|[from] item: Life Orb
|move|p2b: Archaludon|Flash Cannon|p1b: Hatterene
|-supereffective|p1b: Hatterene|1
|-damage|p1b: Hatterene|0 fnt
|faint|p1b: Hatterene
|
|-weather|RainDance|[upkeep]
|-heal|p2b: Archaludon|10/100|[from] item: Leftovers
|-damage|p2a: Dragonite|15/100 brn|[from] brn
|-sideend|p2: Ryan Regirocks|move: Tailwind
|upkeep
|
|t:|1785294040
|switch|p1b: Farigiraf|Farigiraf, L50, M|62/100
|turn|5
|
|t:|1785294063
|move|p2b: Archaludon|Protect|p2b: Archaludon
|-singleturn|p2b: Archaludon|Protect
|move|p1b: Farigiraf|Thunderbolt|p2a: Dragonite
|-damage|p2a: Dragonite|0 fnt
|faint|p2a: Dragonite
|move|p1a: Milotic|Scald|p2b: Archaludon
|-activate|p2b: Archaludon|move: Protect
|
|-weather|none
|-heal|p2b: Archaludon|16/100|[from] item: Leftovers
|-fieldend|move: Trick Room
|upkeep
|
|t:|1785294073
|switch|p2a: Scizor|Scizor, L50, M|100/100
|turn|6
|
|t:|1785294115
|move|p1a: Milotic|Scald|p2b: Archaludon
|-resisted|p2b: Archaludon|1
|-damage|p2b: Archaludon|0 fnt
|faint|p2b: Archaludon
|move|p2a: Scizor|Knock Off|p1b: Farigiraf
|-supereffective|p1b: Farigiraf|1
|-damage|p1b: Farigiraf|0 fnt
|-enditem|p1b: Farigiraf|Sitrus Berry|[from] move: Knock Off|[of] p2a: Scizor
|faint|p1b: Farigiraf
|-damage|p2a: Scizor|90/100|[from] item: Life Orb
|
|upkeep
|turn|7
|
|t:|1785294135
|move|p1a: Milotic|Hypnosis|p2a: Scizor
|-status|p2a: Scizor|slp|[from] move: Hypnosis
|cant|p2a: Scizor|slp
|
|-sideend|p1: Liebynight01|move: Light Screen
|upkeep
|turn|8
|
|t:|1785294142
|move|p1a: Milotic|Scald|p2a: Scizor
|-damage|p2a: Scizor|55/100 slp
|cant|p2a: Scizor|slp
|
|upkeep
|turn|9
|
|t:|1785294149
|move|p1a: Milotic|Scald|p2a: Scizor
|-damage|p2a: Scizor|18/100 slp
|-curestatus|p2a: Scizor|slp|[msg]
|move|p2a: Scizor|Dual Wingbeat|p1a: Milotic
|-damage|p1a: Milotic|77/100
|-crit|p1a: Milotic
|-damage|p1a: Milotic|43/100
|-hitcount|p1a: Milotic|2
|-damage|p2a: Scizor|9/100|[from] item: Life Orb
|
|-heal|p1a: Milotic|49/100|[from] item: Leftovers
|upkeep
|turn|10
|
|t:|1785294164
|move|p1a: Milotic|Scald|p2a: Scizor
|-damage|p2a: Scizor|0 fnt
|faint|p2a: Scizor
|
|win|Liebynight01
||Ryan Regirocks is ready for game 2.
|inactive|Liebynight01 has 30 seconds to confirm battle start!
|l|☆Liebynight01
|player|p1|
|inactive|Liebynight01 has 20 seconds to confirm battle start!
|inactive|Liebynight01 has 10 seconds to confirm battle start!
|uhtml|next|Next: Game 2 of 3
