|j|☆TeyOnTheRox
|j|☆jackmcgrow
|html|TeyOnTheRoxjackmcgrow    
|uhtml|bestof|Game 1 of a best-of-3
|t:|1757733509
|gametype|doubles
|player|p1|TeyOnTheRox|benga|1112
|player|p2|jackmcgrow|gambler|1000
|gen|9
|tier|[Gen 9] VGC 2025 Reg H (Bo3)
|rated|
|rule|Species Clause: Limit one of each Pokémon
|rule|Item Clause: Limit 1 of each item
|clearpoke
|poke|p1|Tyranitar, L50, F|
|poke|p1|Excadrill, L50, F|
|poke|p1|Sneasler, L50, M|
|poke|p1|Indeedee, L50, M|
|poke|p1|Corviknight, L50, F|
|poke|p1|Annihilape, L50, M|
|poke|p2|Tyranitar, L50, F|
|poke|p2|Whimsicott, L50, F|
|poke|p2|Incineroar, L50, F|
|poke|p2|Kingambit, L50, F|
|poke|p2|Rillaboom, L50, M|
|poke|p2|Ursaluna-Bloodmoon, L50, M|
|teampreview|4
|showteam|p1|Tyranitar||AssaultVest|SandStream|RockSlide,KnockOff,TeraBlast,LowKick|||F|||50|,,,,,Flying]Excadrill||FocusSash|SandRush|IronHead,HighHorsepower,Earthquake,Protect|||F|||50|,,,,,Stellar]Sneasler||PsychicSeed|Unburden|DireClaw,CloseCombat,ThroatChop,Protect|||M|||50|,,,,,Dark]Indeedee||ChoiceScarf|PsychicSurge|ExpandingForce,TeraBlast,Protect,Trick|||M|||50|,,,,,Psychic]Corviknight||Leftovers|MirrorArmor|BraveBird,BulkUp,Roost,Tailwind|||F|||50|,,,,,Dragon]Annihilape||SafetyGoggles|Defiant|CloseCombat,FinalGambit,RageFist,Taunt|||M|||50|,,,,,Water
|showteam|p2|Tyranitar||LifeOrb|SandStream|RockSlide,KnockOff,Protect,DragonDance|||F|||50|,,,,,Ghost]Whimsicott||FocusSash|Prankster|Moonblast,Taunt,Tailwind,Encore|||F|||50|,,,,,Dark]Incineroar||SafetyGoggles|Intimidate|FakeOut,FlareBlitz,PartingShot,Protect|||F|||50|,,,,,Ghost]Kingambit||BlackGlasses|Defiant|KowtowCleave,SuckerPunch,Protect,SwordsDance|||F|||50|,,,,,Fairy]Rillaboom||ClearAmulet|GrassySurge|GrassyGlide,WoodHammer,FakeOut,HighHorsepower|||M|||50|,,,,,Grass]Ursaluna-Bloodmoon||CovertCloak|MindsEye|EarthPower,BloodMoon,Protect,VacuumWave|||M|||50|,,,,,Ghost
|
|t:|1757733587
|teamsize|p1|4
|teamsize|p2|4
|start
|switch|p1a: Cars II|Corviknight, L50, F|100/100
|switch|p1b: Cachiiga|Annihilape, L50, M|100/100
|switch|p2a: Incineroar|Incineroar, L50, F|100/100
|switch|p2b: Kingambit|Kingambit, L50, F|100/100
|-ability|p2a: Incineroar|Intimidate|boost
|-ability|p1a: Cars II|Mirror Armor
|-unboost|p2a: Incineroar|atk|1
|-unboost|p1b: Cachiiga|atk|1
|-ability|p1b: Cachiiga|Defiant|boost
|-boost|p1b: Cachiiga|atk|2
|turn|1
|
|t:|1757733631
|switch|p1a: Lightnin'|Sneasler, L50, M|100/100
|move|p2a: Incineroar|Protect|p2a: Incineroar
|-singleturn|p2a: Incineroar|Protect
|move|p2b: Kingambit|Sucker Punch|p1b: Cachiiga
|-damage|p1b: Cachiiga|50/100
|move|p1b: Cachiiga|Close Combat|p2a: Incineroar
|-activate|p2a: Incineroar|move: Protect
|
|upkeep
|turn|2
|
|t:|1757733683
|switch|p1a: Cars I|Indeedee, L50, M, shiny|100/100
|-fieldstart|move: Psychic Terrain|[from] ability: Psychic Surge|[of] p1a: Cars I
|-terastallize|p2a: Incineroar|Ghost
|move|p2b: Kingambit|Protect|p2b: Kingambit
|-singleturn|p2b: Kingambit|Protect
|move|p1b: Cachiiga|Close Combat|p2b: Kingambit
|-activate|p2b: Kingambit|move: Protect
|move|p2a: Incineroar|Flare Blitz|p1a: Cars I
|-damage|p1a: Cars I|14/100
|-damage|p2a: Incineroar|81/100|[from] Recoil
|
|upkeep
|turn|3
|
|t:|1757733739
|switch|p1a: Cars II|Corviknight, L50, F|100/100
|move|p1b: Cachiiga|Taunt|p2b: Kingambit
|-start|p2b: Kingambit|move: Taunt
|move|p2b: Kingambit|Kowtow Cleave|p1a: Cars II
|-damage|p1a: Cars II|57/100
|move|p2a: Incineroar|Flare Blitz|p1a: Cars II
|-supereffective|p1a: Cars II
|-damage|p1a: Cars II|0 fnt
|faint|p1a: Cars II
|-damage|p2a: Incineroar|62/100|[from] Recoil
|
|upkeep
|
|t:|1757733758
|switch|p1a: Lightnin'|Sneasler, L50, M|100/100
|-enditem|p1a: Lightnin'|Psychic Seed
|-boost|p1a: Lightnin'|spd|1|[from] item: Psychic Seed
|turn|4
|
|t:|1757733797
|switch|p2b: Whimsicott|Whimsicott, L50, F|100/100
|move|p2a: Incineroar|Protect|p2a: Incineroar
|-singleturn|p2a: Incineroar|Protect
|move|p1a: Lightnin'|Close Combat|p2b: Whimsicott
|-resisted|p2b: Whimsicott
|-damage|p2b: Whimsicott|49/100
|-unboost|p1a: Lightnin'|def|1
|-unboost|p1a: Lightnin'|spd|1
|move|p1b: Cachiiga|Rage Fist|p2a: Incineroar
|-activate|p2a: Incineroar|move: Protect
|
|upkeep
|turn|5
|
|t:|1757733843
|switch|p2a: Kingambit|Kingambit, L50, F|100/100
|move|p1a: Lightnin'|Throat Chop|p2a: Kingambit
|-resisted|p2a: Kingambit
|-damage|p2a: Kingambit|89/100
|-start|p2a: Kingambit|Throat Chop|[silent]
|move|p2b: Whimsicott|Moonblast|p1b: Cachiiga
|-supereffective|p1b: Cachiiga
|-damage|p1b: Cachiiga|0 fnt
|faint|p1b: Cachiiga
|
|upkeep
|
|t:|1757733852
|switch|p1b: Cars I|Indeedee, L50, M, shiny|14/100
|turn|6
|
|t:|1757733884
|switch|p2b: Incineroar|Incineroar, L50, F, tera:Ghost|62/100
|-ability|p2b: Incineroar|Intimidate|boost
|-unboost|p1a: Lightnin'|atk|1
|-unboost|p1b: Cars I|atk|1
|move|p2a: Kingambit|Protect|p2a: Kingambit
|-singleturn|p2a: Kingambit|Protect
|move|p1a: Lightnin'|Close Combat|p2a: Kingambit
|-activate|p2a: Kingambit|move: Protect
|move|p1b: Cars I|Expanding Force|p2a: Kingambit|[spread] p2b
|-activate|p2a: Kingambit|move: Protect
|-damage|p2b: Incineroar|14/100
|
|-end|p2a: Kingambit|Throat Chop|[silent]
|-fieldend|move: Psychic Terrain
|upkeep
|turn|7
|-message|TeyOnTheRox forfeited.
|
|win|jackmcgrow
