|j|☆kyoshi44
|j|☆Kampfstube
|html|kyoshi44Kampfstube    
|uhtml|bestof|Game 2 of a best-of-3
|t:|1756625871
|gametype|doubles
|player|p1|kyoshi44|dawn-gen4pt|1090
|player|p2|Kampfstube|n|1099
|gen|9
|tier|[Gen 9] VGC 2025 Reg H (Bo3)
|rated|
|rule|Species Clause: Limit one of each Pokémon
|rule|Item Clause: Limit 1 of each item
|clearpoke
|poke|p1|Armarouge, L50, M|
|poke|p1|Primarina, L50, F|
|poke|p1|Sneasler, L50, M|
|poke|p1|Dragonite, L50, F|
|poke|p1|Indeedee-F, L50, F|
|poke|p1|Gastrodon-East, L50, M|
|poke|p2|Grimmsnarl, L50, M|
|poke|p2|Volcarona, L50, F|
|poke|p2|Annihilape, L50, M|
|poke|p2|Ursaluna-Bloodmoon, L50, M|
|poke|p2|Dragonite, L50, F|
|poke|p2|Maushold, L50|
|teampreview|4
|showteam|p1|Armarouge||WeaknessPolicy|WeakArmor|HeatWave,StoredPower,Protect,ExpandingForce|||M|||50|,,,,,Fire]Primarina||AssaultVest|LiquidVoice|HyperVoice,DazzlingGleam,AquaJet,EnergyBall|||F|||50|,,,,,Grass]Sneasler||WhiteHerb|Unburden|CloseCombat,DireClaw,FakeOut,Protect|||M|||50|,,,,,Stellar]Dragonite||LoadedDice|Multiscale|ScaleShot,Protect,Haze,ExtremeSpeed|||F|||50|,,,,,Fairy]Indeedee-F||RockyHelmet|PsychicSurge|FollowMe,TrickRoom,Imprison,Psychic|||F|||50|,,,,,Fairy]Gastrodon-East||Leftovers|StormDrain|IceBeam,EarthPower,Protect,Recover|||M|||50|,,,,,Fairy
|showteam|p2|Grimmsnarl||CovertCloak|Prankster|SpiritBreak,LightScreen,Reflect,ThunderWave|||M|||50|,,,,,Steel]Volcarona||Leftovers|FlameBody|GigaDrain,QuiverDance,HeatWave,Protect|||F|||50|,,,,,Grass]Annihilape||SafetyGoggles|Defiant|BulkUp,DrainPunch,Protect,RageFist|||M|||50|,,,,,Fire]Ursaluna-Bloodmoon||AssaultVest|MindsEye|EarthPower,BloodMoon,HyperVoice,VacuumWave|||M|||50|,,,,,Water]Dragonite||LoadedDice|Multiscale|ScaleShot,ExtremeSpeed,Protect,Haze|||F|||50|,,,,,Fairy]Maushold||WideLens|FriendGuard|PopulationBomb,BeatUp,Protect,FollowMe||||||50|,,,,,Ghost
|inactive|Battle timer is ON: inactive players will automatically lose when time's up. (requested by Kampfstube)
|
|t:|1756625890
|teamsize|p1|4
|teamsize|p2|4
|start
|switch|p1a: Primarina|Primarina, L50, F|100/100
|switch|p1b: Gastrodon|Gastrodon-East, L50, M|100/100
|switch|p2a: Grimmsnarl|Grimmsnarl, L50, M|100/100
|switch|p2b: Volcarona|Volcarona, L50, F, shiny|100/100
|turn|1
|
|t:|1756625907
|-terastallize|p2b: Volcarona|Grass
|move|p1b: Gastrodon|Protect|p1b: Gastrodon
|-singleturn|p1b: Gastrodon|Protect
|move|p2a: Grimmsnarl|Light Screen|p2a: Grimmsnarl
|-sidestart|p2: Kampfstube|move: Light Screen
|move|p2b: Volcarona|Quiver Dance|p2b: Volcarona
|-boost|p2b: Volcarona|spa|1
|-boost|p2b: Volcarona|spd|1
|-boost|p2b: Volcarona|spe|1
|move|p1a: Primarina|Dazzling Gleam|p2b: Volcarona|[spread] p2a,p2b
|-supereffective|p2a: Grimmsnarl
|-damage|p2a: Grimmsnarl|62/100
|-damage|p2b: Volcarona|89/100
|
|-heal|p2b: Volcarona|95/100|[from] item: Leftovers
|upkeep
|turn|2
|inactive|Kampfstube has 30 seconds left.
|inactive|kyoshi44 has 30 seconds left.
|inactive|kyoshi44 has 20 seconds left.
|
|t:|1756625949
|switch|p1a: Sneasler|Sneasler, L50, M|100/100
|move|p2b: Volcarona|Giga Drain|p1a: Sneasler
|-resisted|p1a: Sneasler
|-damage|p1a: Sneasler|65/100
|-heal|p2b: Volcarona|100/100|[from] drain|[of] p1a: Sneasler
|move|p2a: Grimmsnarl|Spirit Break|p1b: Gastrodon
|-damage|p1b: Gastrodon|72/100
|-unboost|p1b: Gastrodon|spa|1
|move|p1b: Gastrodon|Ice Beam|p2b: Volcarona
|-supereffective|p2b: Volcarona
|-damage|p2b: Volcarona|91/100
|
|-heal|p2b: Volcarona|97/100|[from] item: Leftovers
|-heal|p1b: Gastrodon|78/100|[from] item: Leftovers
|upkeep
|turn|3
|
|t:|1756625968
|move|p2b: Volcarona|Protect|p2b: Volcarona
|-singleturn|p2b: Volcarona|Protect
|move|p1b: Gastrodon|Protect|p1b: Gastrodon
|-singleturn|p1b: Gastrodon|Protect
|move|p2a: Grimmsnarl|Reflect|p2a: Grimmsnarl
|-sidestart|p2: Kampfstube|Reflect
|move|p1a: Sneasler|Dire Claw|p2b: Volcarona
|-activate|p2b: Volcarona|move: Protect
|
|-heal|p2b: Volcarona|100/100|[from] item: Leftovers
|-heal|p1b: Gastrodon|84/100|[from] item: Leftovers
|upkeep
|turn|4
|
|t:|1756625981
|move|p1a: Sneasler|Dire Claw|p2b: Volcarona
|-supereffective|p2b: Volcarona
|-damage|p2b: Volcarona|48/100
|move|p2b: Volcarona|Heat Wave|p1a: Sneasler|[spread] p1a,p1b
|-resisted|p1b: Gastrodon
|-damage|p1a: Sneasler|0 fnt
|-damage|p1b: Gastrodon|63/100
|faint|p1a: Sneasler
|move|p2a: Grimmsnarl|Spirit Break|p1b: Gastrodon
|-damage|p1b: Gastrodon|35/100
|-unboost|p1b: Gastrodon|spa|1
|move|p1b: Gastrodon|Ice Beam|p2b: Volcarona
|-supereffective|p2b: Volcarona
|-damage|p2b: Volcarona|40/100
|
|-heal|p2b: Volcarona|46/100|[from] item: Leftovers
|-heal|p1b: Gastrodon|42/100|[from] item: Leftovers
|upkeep
|
|t:|1756625986
|switch|p1a: Dragonite|Dragonite, L50, F|100/100
|turn|5
|
|t:|1756626001
|-terastallize|p1a: Dragonite|Fairy
|move|p2b: Volcarona|Protect|p2b: Volcarona
|-singleturn|p2b: Volcarona|Protect
|move|p2a: Grimmsnarl|Thunder Wave|p1a: Dragonite
|-status|p1a: Dragonite|par
|cant|p1a: Dragonite|par
|move|p1b: Gastrodon|Ice Beam|p2b: Volcarona
|-activate|p2b: Volcarona|move: Protect
|
|-heal|p2b: Volcarona|53/100|[from] item: Leftovers
|-heal|p1b: Gastrodon|48/100|[from] item: Leftovers
|-sideend|p2: Kampfstube|move: Light Screen
|upkeep
|turn|6
|
|t:|1756626019
|move|p2a: Grimmsnarl|Light Screen|p2a: Grimmsnarl
|-sidestart|p2: Kampfstube|move: Light Screen
|move|p2b: Volcarona|Giga Drain|p1b: Gastrodon
|-supereffective|p1b: Gastrodon
|-damage|p1b: Gastrodon|0 fnt
|-heal|p2b: Volcarona|79/100|[from] drain|[of] p1b: Gastrodon
|faint|p1b: Gastrodon
|move|p1a: Dragonite|Haze|p1a: Dragonite
|-clearallboost
|
|-heal|p2b: Volcarona|85/100|[from] item: Leftovers
|upkeep
|
|t:|1756626023
|switch|p1b: Primarina|Primarina, L50, F|100/100
|turn|7
|
|t:|1756626033
|move|p2a: Grimmsnarl|Thunder Wave|p1b: Primarina|[miss]
|-miss|p2a: Grimmsnarl|p1b: Primarina
|move|p2b: Volcarona|Quiver Dance|p2b: Volcarona
|-boost|p2b: Volcarona|spa|1
|-boost|p2b: Volcarona|spd|1
|-boost|p2b: Volcarona|spe|1
|move|p1b: Primarina|Dazzling Gleam|p2b: Volcarona|[spread] p2a,p2b
|-supereffective|p2a: Grimmsnarl
|-damage|p2a: Grimmsnarl|22/100
|-damage|p2b: Volcarona|72/100
|cant|p1a: Dragonite|par
|
|-heal|p2b: Volcarona|78/100|[from] item: Leftovers
|-sideend|p2: Kampfstube|Reflect
|upkeep
|turn|8
|
|t:|1756626050
|move|p2a: Grimmsnarl|Reflect|p2a: Grimmsnarl
|-sidestart|p2: Kampfstube|Reflect
|move|p2b: Volcarona|Heat Wave|p1a: Dragonite|[spread] p1a,p1b
|-resisted|p1b: Primarina
|-damage|p1a: Dragonite|74/100 par
|-damage|p1b: Primarina|87/100
|move|p1b: Primarina|Dazzling Gleam|p2a: Grimmsnarl|[spread] p2a,p2b
|-supereffective|p2a: Grimmsnarl
|-damage|p2a: Grimmsnarl|0 fnt
|-damage|p2b: Volcarona|66/100
|faint|p2a: Grimmsnarl
|cant|p1a: Dragonite|par
|
|-heal|p2b: Volcarona|72/100|[from] item: Leftovers
|upkeep
|
|t:|1756626061
|switch|p2a: Maushold|Maushold, L50|100/100
|turn|9
|
|t:|1756626070
|move|p2b: Volcarona|Giga Drain|p1b: Primarina
|-supereffective|p1b: Primarina
|-damage|p1b: Primarina|24/100
|-heal|p2b: Volcarona|100/100|[from] drain|[of] p1b: Primarina
|move|p2a: Maushold|Population Bomb|p1a: Dragonite
|-damage|p1a: Dragonite|66/100 par
|-damage|p1a: Dragonite|59/100 par
|-damage|p1a: Dragonite|50/100 par
|-damage|p1a: Dragonite|42/100 par
|-damage|p1a: Dragonite|35/100 par
|-damage|p1a: Dragonite|28/100 par
|-damage|p1a: Dragonite|21/100 par
|-damage|p1a: Dragonite|13/100 par
|-damage|p1a: Dragonite|6/100 par
|-damage|p1a: Dragonite|0 fnt
|faint|p1a: Dragonite
|-hitcount|p1: Dragonite|10
|move|p1b: Primarina|Dazzling Gleam|p2a: Maushold|[spread] p2a,p2b
|-damage|p2a: Maushold|66/100
|-damage|p2b: Volcarona|90/100
|
|-heal|p2b: Volcarona|96/100|[from] item: Leftovers
|upkeep
|turn|10
|-message|kyoshi44 forfeited.
|
|win|Kampfstube
