|j|☆lox1sm
|j|☆Art22
|html|lox1smArt22    
|uhtml|bestof|Game 1 of a best-of-3
|t:|1782669534
|gametype|doubles
|player|p1|lox1sm|veteran|1276
|player|p2|Art22|1|1214
|gen|9
|tier|[Gen 9 Champions] VGC 2026 Reg M-B (Bo3)
|rated|
|rule|Species Clause: Limit one of each Pokémon
|rule|Item Clause: Limit 1 of each item
|clearpoke
|poke|p1|Charizard, L50, F|
|poke|p1|Metagross, L50|
|poke|p1|Aerodactyl, L50, M|
|poke|p1|Garchomp, L50, M|
|poke|p1|Kingambit, L50, F|
|poke|p1|Farigiraf, L50, M|
|poke|p2|Staraptor, L50, M|
|poke|p2|Whimsicott, L50, M|
|poke|p2|Garchomp, L50, F|
|poke|p2|Delphox, L50, F|
|poke|p2|Kingambit, L50, M|
|poke|p2|Milotic, L50, M|
|teampreview|4
|showteam|p1|Charizard||CharizarditeY|Blaze|HeatWave,WeatherBall,SolarBeam,Protect|Modest||F|||50|]Metagross||Metagrossite|ClearBody|IronHead,PsychicFangs,StompingTantrum,Protect|Jolly|||||50|]Aerodactyl||SitrusBerry|Unnerve|RockSlide,IceFang,Tailwind,Protect|Jolly||M|||50|]Garchomp||LifeOrb|RoughSkin|DragonClaw,Earthquake,RockSlide,Protect|Jolly||M|||50|]Kingambit||FocusSash|Defiant|KowtowCleave,SuckerPunch,IronHead,LowKick|Adamant||F|||50|]Farigiraf||ExpertBelt|ArmorTail|Psychic,DazzlingGleam,Thunderbolt,TrickRoom|Modest||M|||50|
|showteam|p2|Staraptor||Staraptite|Reckless|CloseCombat,BraveBird,Roost,Protect|Adamant||M|||50|]Whimsicott||FocusSash|Prankster|Moonblast,Tickle,Tailwind,Encore|Timid||M|||50|]Garchomp||LifeOrb|RoughSkin|DragonClaw,Earthquake,RockSlide,Protect|Jolly||F|||50|]Delphox||Delphoxite|Blaze|HeatWave,Psychic,Protect,GrassKnot|Timid||F|||50|]Kingambit||BlackGlasses|Defiant|IronHead,KowtowCleave,SuckerPunch,Protect|Adamant||M|||50|]Milotic||Leftovers|Competitive|IceBeam,MuddyWater,Protect,LifeDew|Modest||M|||50|
|inactive|Battle timer is ON: inactive players will automatically lose when time's up. (requested by Art22)
|inactive|lox1sm has 60 seconds left.
|inactive|lox1sm has 30 seconds left.
|inactive|lox1sm has 20 seconds left.
|inactive|lox1sm has 15 seconds left.
|inactive|lox1sm has 10 seconds left.
|inactive|lox1sm has 5 seconds left.
|
|t:|1782669648
|teamsize|p1|4
|teamsize|p2|4
|start
|switch|p1a: Charizard|Charizard, L50, F|100/100
|switch|p1b: Metagross|Metagross, L50|100/100
|switch|p2a: Garchomp|Garchomp, L50, F|100/100
|switch|p2b: Whimsicott|Whimsicott, L50, M|100/100
|turn|1
|inactive|lox1sm has 30 seconds left.
|inactive|Art22 has 30 seconds left.
|inactive|lox1sm has 20 seconds left.
|
|t:|1782669687
|detailschange|p1b: Metagross|Metagross-Mega, L50
|-mega|p1b: Metagross|Metagross|Metagrossite
|move|p1a: Charizard|Protect|p1a: Charizard
|-singleturn|p1a: Charizard|Protect
|move|p2b: Whimsicott|Tailwind|p2b: Whimsicott
|-sidestart|p2: Art22|move: Tailwind
|move|p2a: Garchomp|Rock Slide|p1a: Charizard|[spread] 
|-activate|p1a: Charizard|move: Protect
|-miss|p2a: Garchomp|p1b: Metagross
|move|p1b: Metagross|Psychic Fangs|p2a: Garchomp
|-damage|p2a: Garchomp|35/100
|-damage|p1b: Metagross|87/100|[from] ability: Rough Skin|[of] p2a: Garchomp
|
|upkeep
|turn|2
|inactive|lox1sm has 30 seconds left.
|
|t:|1782669717
|switch|p1a: Aerodactyl|Aerodactyl, L50, M|100/100
|-ability|p1a: Aerodactyl|Unnerve
|move|p2b: Whimsicott|Encore||[still]
|-fail|p2b: Whimsicott
|move|p2a: Garchomp|Earthquake|p1b: Metagross|[spread] p2b,p1b
|-immune|p1a: Aerodactyl
|-resisted|p2b: Whimsicott|1
|-supereffective|p1b: Metagross|1
|-damage|p2b: Whimsicott|70/100
|-damage|p1b: Metagross|4/100
|-damage|p2a: Garchomp|25/100|[from] item: Life Orb
|move|p1b: Metagross|Psychic Fangs|p2a: Garchomp
|-damage|p2a: Garchomp|0 fnt
|-damage|p1b: Metagross|0 fnt|[from] ability: Rough Skin|[of] p2a: Garchomp
|faint|p2a: Garchomp
|faint|p1b: Metagross
|
|upkeep
|inactive|lox1sm has 30 seconds left.
|
|t:|1782669750
|switch|p1b: Charizard|Charizard, L50, F|100/100
|switch|p2a: Milotic|Milotic, L50, M|100/100
|turn|3
|inactive|lox1sm has 30 seconds left.
|inactive|Art22 has 30 seconds left.
|inactive|lox1sm has 20 seconds left.
|inactive|Art22 has 20 seconds left.
|
|t:|1782669790
|move|p2b: Whimsicott|Tickle|p1a: Aerodactyl
|-unboost|p1a: Aerodactyl|atk|1
|-unboost|p1a: Aerodactyl|def|1
|move|p2a: Milotic|Muddy Water|p1a: Aerodactyl|[spread] p1a,p1b
|-supereffective|p1a: Aerodactyl|1
|-supereffective|p1b: Charizard|1
|-damage|p1a: Aerodactyl|27/100
|-damage|p1b: Charizard|34/100
|-unboost|p1b: Charizard|accuracy|1
|-enditem|p1a: Aerodactyl|Sitrus Berry|[eat]
|-heal|p1a: Aerodactyl|52/100|[from] item: Sitrus Berry
|move|p1a: Aerodactyl|Tailwind|p1a: Aerodactyl
|-sidestart|p1: lox1sm|move: Tailwind
|move|p1b: Charizard|Heat Wave|p2a: Milotic|[spread] p2a
|-miss|p1b: Charizard|p2b: Whimsicott
|-resisted|p2a: Milotic|1
|-damage|p2a: Milotic|89/100
|
|-heal|p2a: Milotic|95/100|[from] item: Leftovers
|upkeep
|turn|4
|inactive|lox1sm has 30 seconds left.
|
|t:|1782669816
|switch|p2b: Staraptor|Staraptor, L50, M|100/100
|move|p1a: Aerodactyl|Rock Slide|p2a: Milotic|[spread] p2a,p2b
|-supereffective|p2b: Staraptor|1
|-crit|p2b: Staraptor
|-damage|p2a: Milotic|81/100
|-damage|p2b: Staraptor|20/100r
|move|p1b: Charizard|Heat Wave|p2b: Staraptor|[spread] p2a
|-miss|p1b: Charizard|p2b: Staraptor
|-resisted|p2a: Milotic|1
|-damage|p2a: Milotic|71/100
|move|p2a: Milotic|Muddy Water|p1a: Aerodactyl|[spread] p1a,p1b
|-supereffective|p1a: Aerodactyl|1
|-supereffective|p1b: Charizard|1
|-damage|p1a: Aerodactyl|0 fnt
|-damage|p1b: Charizard|0 fnt
|faint|p1a: Aerodactyl
|faint|p1b: Charizard
|
|-heal|p2a: Milotic|77/100|[from] item: Leftovers
|-sideend|p2: Art22|move: Tailwind
|upkeep
|
|t:|1782669834
|switch|p1b: Garchomp|Garchomp, L50, M|100/100
|turn|5
|-message|lox1sm forfeited.
|
|win|Art22
||lox1sm is ready for game 2.
||Art22 is ready for game 2.
|uhtml|next|Next: Game 2 of 3
