|j|☆Mythicallegand
|j|☆geardox
|html|Mythicallegandgeardox    
|uhtml|bestof|Game 1 of a best-of-3
|t:|1756339336
|gametype|doubles
|player|p1|Mythicallegand|iris|1260
|player|p2|geardox|cyclist|1177
|gen|9
|tier|[Gen 9] VGC 2025 Reg H (Bo3)
|rated|
|rule|Species Clause: Limit one of each Pokémon
|rule|Item Clause: Limit 1 of each item
|clearpoke
|poke|p1|Metagross, L50|
|poke|p1|Annihilape, L50, F|
|poke|p1|Indeedee-F, L50, F|
|poke|p1|Hydreigon, L50, M|
|poke|p1|Sneasler, L50, M|
|poke|p1|Ursaluna, L50, F|
|poke|p2|Sneasler, L50, M|
|poke|p2|Garchomp, L50, M|
|poke|p2|Corviknight, L50, F|
|poke|p2|Archaludon, L50, M|
|poke|p2|Amoonguss, L50, F|
|poke|p2|Incineroar, L50, F|
|teampreview|4
|showteam|p1|Metagross||AssaultVest|ClearBody|BulletPunch,TeraBlast,MeteorMash,PsychicFangs||||||50|,,,,,Ground]Annihilape||ChoiceScarf|Defiant|FinalGambit,Coaching,CloseCombat,Uturn|||F|||50|,,,,,Fire]Indeedee-F||SafetyGoggles|PsychicSurge|FollowMe,TrickRoom,Psychic,ZenHeadbutt|||F|||50|,,,,,Fairy]Hydreigon||ChoiceSpecs|Levitate|DarkPulse,Snarl,DracoMeteor,EarthPower|||M|||50|,,,,,Ghost]Sneasler||PsychicSeed|Unburden|CloseCombat,DireClaw,Protect,ThroatChop|||M|||50|,,,,,Dark]Ursaluna||FlameOrb|Guts|Earthquake,Facade,Protect,HeadlongRush|||F|||50|,,,,,Ghost
|showteam|p2|Sneasler||FocusSash|Unburden|DireClaw,CloseCombat,Taunt,Coaching|||M|||50|,,,,,Ghost]Garchomp||LifeOrb|RoughSkin|Protect,Earthquake,DragonClaw,StompingTantrum|||M|||50|,,,,,Ground]Corviknight||SitrusBerry|MirrorArmor|BraveBird,Tailwind,Roost,RainDance|||F|||50|,,,,,Fire]Archaludon||PowerHerb|Stamina|Protect,DracoMeteor,FlashCannon,ElectroShot|||M|||50|,,,,,Dragon]Amoonguss||RockyHelmet|Regenerator|Protect,RagePowder,Spore,PollenPuff|||F|||50|,,,,,Water]Incineroar||AssaultVest|Intimidate|KnockOff,FlareBlitz,FakeOut,Uturn|||F|||50|,,,,,Ghost
|inactive|Battle timer is ON: inactive players will automatically lose when time's up. (requested by geardox)
|inactive|Mythicallegand has 60 seconds left.
|inactive|geardox has 60 seconds left.
|inactive|geardox has 30 seconds left.
|inactive|geardox has 20 seconds left.
|
|t:|1756339419
|teamsize|p1|4
|teamsize|p2|4
|start
|switch|p1a: Annihilape|Annihilape, L50, F|100/100
|switch|p1b: Metagross|Metagross, L50|100/100
|switch|p2a: Riku|Sneasler, L50, M|100/100
|switch|p2b: Chica|Corviknight, L50, F|100/100
|turn|1
|inactive|Mythicallegand has 30 seconds left.
|inactive|geardox has 30 seconds left.
|inactive|Mythicallegand has 20 seconds left.
|inactive|geardox has 20 seconds left.
|inactive|Mythicallegand has 15 seconds left.
|inactive|geardox has 15 seconds left.
|inactive|geardox has 10 seconds left.
|
|t:|1756339466
|switch|p2a: Moonster|Amoonguss, L50, F, shiny|100/100
|move|p1a: Annihilape|Coaching|p1b: Metagross
|-boost|p1b: Metagross|atk|1
|-boost|p1b: Metagross|def|1
|move|p2b: Chica|Tailwind|p2b: Chica
|-sidestart|p2: geardox|move: Tailwind
|move|p1b: Metagross|Meteor Mash|p2a: Moonster|[miss]
|-miss|p1b: Metagross|p2a: Moonster
|
|upkeep
|turn|2
|inactive|Mythicallegand has 30 seconds left.
|
|t:|1756339491
|switch|p1a: Indeedee|Indeedee-F, L50, F|100/100
|-fieldstart|move: Psychic Terrain|[from] ability: Psychic Surge|[of] p1a: Indeedee
|move|p2b: Chica|Brave Bird|p1a: Indeedee
|-damage|p1a: Indeedee|65/100
|-damage|p2b: Chica|90/100|[from] Recoil
|move|p2a: Moonster|Spore|p1b: Metagross
|-status|p1b: Metagross|slp|[from] move: Spore
|cant|p1b: Metagross|slp
|
|upkeep
|turn|3
|inactive|Mythicallegand has 30 seconds left.
|inactive|geardox has 30 seconds left.
|inactive|Mythicallegand has 20 seconds left.
|inactive|geardox has 20 seconds left.
|inactive|Mythicallegand has 15 seconds left.
|inactive|geardox has 15 seconds left.
|inactive|Mythicallegand has 10 seconds left.
|inactive|geardox has 10 seconds left.
|
|t:|1756339538
|switch|p2b: Stinky Pete|Garchomp, L50, M|100/100
|move|p1a: Indeedee|Psychic|p2a: Moonster
|-supereffective|p2a: Moonster
|-damage|p2a: Moonster|29/100
|move|p2a: Moonster|Pollen Puff|p1a: Indeedee
|-supereffective|p1a: Indeedee
|-damage|p1a: Indeedee|29/100
|-curestatus|p1b: Metagross|slp|[msg]
|move|p1b: Metagross|Meteor Mash|p2b: Stinky Pete
|-damage|p2b: Stinky Pete|17/100
|-damage|p1b: Metagross|88/100|[from] ability: Rough Skin|[of] p2b: Stinky Pete
|
|upkeep
|turn|4
|inactive|Mythicallegand has 30 seconds left.
|inactive|geardox has 30 seconds left.
|inactive|Mythicallegand has 20 seconds left.
|inactive|geardox has 20 seconds left.
|
|t:|1756339574
|switch|p2a: Chica|Corviknight, L50, F|90/100
|switch|p1b: Hydreigon|Hydreigon, L50, M|100/100
|-terastallize|p2b: Stinky Pete|Ground
|move|p2b: Stinky Pete|Earthquake|p1a: Indeedee|[spread] p1a
|-immune|p2a: Chica
|-immune|p1b: Hydreigon|[from] ability: Levitate
|-damage|p1a: Indeedee|0 fnt
|faint|p1a: Indeedee
|-damage|p2b: Stinky Pete|7/100|[from] item: Life Orb
|
|-sideend|p2: geardox|move: Tailwind
|upkeep
|
|t:|1756339586
|switch|p1a: Annihilape|Annihilape, L50, F|100/100
|turn|5
|
|t:|1756339607
|move|p2b: Stinky Pete|Protect|p2b: Stinky Pete
|-singleturn|p2b: Stinky Pete|Protect
|move|p1a: Annihilape|U-turn|p2b: Stinky Pete
|-activate|p2b: Stinky Pete|move: Protect
|move|p1b: Hydreigon|Dark Pulse|p2a: Chica
|-damage|p2a: Chica|45/100
|-enditem|p2a: Chica|Sitrus Berry|[eat]
|-heal|p2a: Chica|70/100|[from] item: Sitrus Berry
|cant|p2a: Chica|flinch
|
|upkeep
|turn|6
|
|t:|1756339627
|switch|p2b: Moonster|Amoonguss, L50, F, shiny|62/100
|move|p1a: Annihilape|U-turn|p2b: Moonster
|-damage|p2b: Moonster|47/100
|-damage|p1a: Annihilape|84/100|[from] item: Rocky Helmet|[of] p2b: Moonster
|
|t:|1756339634
|switch|p1a: Metagross|Metagross, L50|88/100|[from] U-turn
|move|p1b: Hydreigon|Dark Pulse|p2a: Chica
|-damage|p2a: Chica|21/100
|cant|p2a: Chica|flinch
|
|-fieldend|move: Psychic Terrain
|upkeep
|turn|7
|
|t:|1756339655
|move|p2b: Moonster|Rage Powder|p2b: Moonster
|-singleturn|p2b: Moonster|move: Rage Powder
|move|p1b: Hydreigon|Dark Pulse|p2b: Moonster
|-damage|p2b: Moonster|0 fnt
|faint|p2b: Moonster
|move|p2a: Chica|Tailwind|p2a: Chica
|-sidestart|p2: geardox|move: Tailwind
|move|p1a: Metagross|Psychic Fangs|p2a: Chica
|-resisted|p2a: Chica
|-damage|p2a: Chica|0 fnt
|faint|p2a: Chica
|
|upkeep
|
|t:|1756339667
|switch|p2a: Riku|Sneasler, L50, M|100/100
|switch|p2b: Stinky Pete|Garchomp, L50, M, tera:Ground|7/100
|turn|8
|inactive|geardox has 30 seconds left.
|
|t:|1756339701
|-terastallize|p1b: Hydreigon|Ghost
|move|p1a: Metagross|Bullet Punch|p2b: Stinky Pete
|-damage|p2b: Stinky Pete|0 fnt
|-damage|p1a: Metagross|76/100|[from] ability: Rough Skin|[of] p2b: Stinky Pete
|faint|p2b: Stinky Pete
|move|p2a: Riku|Close Combat|p1b: Hydreigon
|-immune|p1b: Hydreigon
|move|p1b: Hydreigon|Dark Pulse|p2a: Riku
|-resisted|p2a: Riku
|-damage|p2a: Riku|58/100
|
|upkeep
|turn|9
|
|t:|1756339717
|move|p1a: Metagross|Bullet Punch|p2a: Riku
|-damage|p2a: Riku|20/100
|move|p2a: Riku|Dire Claw|p1b: Hydreigon
|-resisted|p1b: Hydreigon
|-damage|p1b: Hydreigon|75/100
|move|p1b: Hydreigon|Dark Pulse|p2a: Riku
|-resisted|p2a: Riku
|-damage|p2a: Riku|0 fnt
|faint|p2a: Riku
|
|win|Mythicallegand
||geardox is ready for game 2.
