|j|☆Randompanda2
|j|☆Renki134
|html|Randompanda2Renki134    
|uhtml|bestof|Game 2 of a best-of-3
|t:|1783216312
|gametype|doubles
|player|p1|Randompanda2|giovanni|
|player|p2|Renki134|1|
|gen|9
|tier|[Gen 9 Champions] VGC 2026 Reg M-B (Bo3)
|rule|Species Clause: Limit one of each Pokémon
|rule|Item Clause: Limit 1 of each item
|clearpoke
|poke|p1|Gardevoir, L50, F|
|poke|p1|Scizor, L50, M|
|poke|p1|Ditto, L50|
|poke|p1|Gyarados, L50, F|
|poke|p1|Umbreon, L50, M|
|poke|p1|Chandelure, L50, M|
|poke|p2|Sneasler, L50, F|
|poke|p2|Sableye, L50, M, shiny|
|poke|p2|Scovillain, L50, F|
|poke|p2|Sharpedo, L50, F|
|poke|p2|Kleavor, L50, M|
|poke|p2|Raichu, L50, M|
|teampreview|4
|showteam|p1|Gardevoir||Gardevoirite|Synchronize|DrainingKiss,HyperVoice,Psychic,Protect|Timid||F|||50|]Scizor||LifeOrb|Technician|SwordsDance,BulletPunch,BugBite,DualWingbeat|Adamant||M|||50|]Ditto||ChoiceScarf|Imposter|Transform|Bold|||||50|]Gyarados||FocusSash|Intimidate|DragonDance,Earthquake,Waterfall,Outrage|Adamant||F|||50|]Umbreon||Leftovers|Synchronize|FoulPlay,Moonlight,Toxic,Reflect|Calm||M|||50|]Chandelure||ExpertBelt|FlashFire|Flamethrower,Curse,Hex,Trailblaze|Hasty||M|||50|
|showteam|p2|Sneasler||FocusSash|Unburden|DireClaw,CloseCombat,FakeOut,ThroatChop|Adamant||F|||50|]Sableye||SitrusBerry|Prankster|FoulPlay,Encore,FakeOut,Recover|Impish||M|||50|]Scovillain||Scovillainite|Moody|Flamethrower,LeechSeed,Protect,RagePowder|Modest||F|||50|]Sharpedo||LifeOrb|SpeedBoost|Crunch,DestinyBond,Protect,Liquidation|Adamant||F|||50|]Kleavor|||Sharpness|Acrobatics,XScissor,StoneAxe,Tailwind|Adamant||M|||50|]Raichu||RaichuniteY|LightningRod|ZapCannon,FocusBlast,VoltSwitch,DazzlingGleam|Modest||M|||50|
|
|t:|1783216329
|teamsize|p1|4
|teamsize|p2|4
|start
|switch|p1a: Gyarados|Gyarados, L50, F|100/100
|switch|p1b: Scizor|Scizor, L50, M|100/100
|switch|p2a: Scovillain|Scovillain, L50, F|100/100
|switch|p2b: Sableye|Sableye, L50, M, shiny|100/100
|-ability|p1a: Gyarados|Intimidate|boost
|-unboost|p2a: Scovillain|atk|1
|-unboost|p2b: Sableye|atk|1
|turn|1
|
|t:|1783216348
|move|p2b: Sableye|Fake Out|p1a: Gyarados
|-damage|p1a: Gyarados|92/100
|cant|p1a: Gyarados|flinch
|move|p2a: Scovillain|Flamethrower|p1b: Scizor
|-supereffective|p1b: Scizor|2
|-damage|p1b: Scizor|0 fnt
|faint|p1b: Scizor
|
|-ability|p2a: Scovillain|Moody|boost
|-boost|p2a: Scovillain|spe|2
|-unboost|p2a: Scovillain|spa|1
|upkeep
|
|t:|1783216362
|switch|p1b: Ditto|Ditto, L50|100/100
|-transform|p1b: Ditto|p2a: Scovillain|[from] ability: Imposter
|turn|2
|
|t:|1783216382
|move|p1b: Ditto|Rage Powder|p1b: Ditto
|-singleturn|p1b: Ditto|move: Rage Powder
|move|p2a: Scovillain|Rage Powder|p2a: Scovillain
|-singleturn|p2a: Scovillain|move: Rage Powder
|move|p1a: Gyarados|Earthquake|p2b: Sableye|[spread] p1b,p2a,p2b
|-damage|p1b: Ditto|67/100
|-damage|p2a: Scovillain|61/100
|-damage|p2b: Sableye|68/100
|move|p2b: Sableye|Foul Play|p1b: Ditto
|-damage|p1b: Ditto|43/100
|
|-ability|p1b: Ditto|Moody|boost
|-boost|p1b: Ditto|spa|2
|-unboost|p1b: Ditto|spe|1
|-ability|p2a: Scovillain|Moody|boost
|-boost|p2a: Scovillain|spe|2
|-unboost|p2a: Scovillain|atk|1
|upkeep
|turn|3
|
|t:|1783216404
|move|p1b: Ditto|Rage Powder|p1b: Ditto
|-singleturn|p1b: Ditto|move: Rage Powder
|move|p2a: Scovillain|Flamethrower|p1b: Ditto
|-damage|p1b: Ditto|11/100
|move|p1a: Gyarados|Waterfall|p2a: Scovillain
|-damage|p2a: Scovillain|0 fnt
|faint|p2a: Scovillain
|move|p2b: Sableye|Foul Play|p1b: Ditto
|-damage|p1b: Ditto|0 fnt
|faint|p1b: Ditto
|
|upkeep
|
|t:|1783216417
|switch|p2a: Sneasler|Sneasler, L50, F|100/100
|switch|p1b: Gardevoir|Gardevoir, L50, F|100/100
|turn|4
|
|t:|1783216434
|detailschange|p1b: Gardevoir|Gardevoir-Mega, L50, F
|-mega|p1b: Gardevoir|Gardevoir|Gardevoirite
|move|p2a: Sneasler|Fake Out|p1a: Gyarados
|-damage|p1a: Gyarados|72/100
|move|p1b: Gardevoir|Psychic|p2a: Sneasler
|-supereffective|p2a: Sneasler|2
|-enditem|p2a: Sneasler|Focus Sash
|-damage|p2a: Sneasler|1/100
|cant|p1a: Gyarados|flinch
|move|p2b: Sableye|Foul Play|p1a: Gyarados
|-damage|p1a: Gyarados|0 fnt
|faint|p1a: Gyarados
|
|upkeep
|turn|5
|
|t:|1783216452
|move|p2b: Sableye|Recover|p2b: Sableye
|-heal|p2b: Sableye|100/100
|move|p2a: Sneasler|Dire Claw|p1b: Gardevoir
|-supereffective|p1b: Gardevoir|1
|-damage|p1b: Gardevoir|0 fnt
|faint|p1b: Gardevoir
|
|win|Renki134
