|j|☆Latario
|j|☆castoriceball
|html|Latariocastoriceball    
|uhtml|bestof|Game 2 of a best-of-3
|t:|1785635936
|gametype|doubles
|player|p1|Latario|101|1268
|player|p2|castoriceball|miku-flying|1296
|gen|9
|tier|[Gen 9 Champions] VGC 2026 Reg M-B (Bo3)
|rated|
|rule|Species Clause: Limit one of each Pokémon
|rule|Item Clause: Limit 1 of each item
|clearpoke
|poke|p1|Charizard, L50, F|
|poke|p1|Milotic, L50, F|
|poke|p1|Sneasler, L50, F|
|poke|p1|Incineroar, L50, F|
|poke|p1|Sinistcha, L50|
|poke|p1|Floette-Eternal, L50, F|
|poke|p2|Espathra, L50, M|
|poke|p2|Sableye, L50, M|
|poke|p2|Sinistcha, L50|
|poke|p2|Floette-Eternal, L50, F|
|poke|p2|Archaludon, L50, M|
|poke|p2|Swampert, L50, F|
|teampreview|4
|showteam|p1|Charizard||CharizarditeX|Blaze|FlareBlitz,DragonClaw,DragonDance,Protect|Adamant||F|||50|]Milotic||Leftovers|Competitive|MuddyWater,Coil,Hypnosis,Recover|Bold||F|||50|]Sneasler||FocusSash|PoisonTouch|FakeOut,CloseCombat,PoisonJab,Coaching|Jolly||F|||50|]Incineroar||SitrusBerry|Intimidate|FakeOut,PartingShot,DarkestLariat,FlareBlitz|Careful||F|||50|]Sinistcha||OccaBerry|Hospitality|MatchaGotcha,RagePowder,LifeDew,Protect|Bold|||||50|]Floette-Eternal||Floettite|FlowerVeil|DrainingKiss,DazzlingGleam,CalmMind,Protect|Modest||F|||50|
|showteam|p2|Espathra||SitrusBerry|SpeedBoost|CalmMind,BatonPass,LuminaCrash,Protect|Bold||M|||50|]Sableye||RoseliBerry|Prankster|FakeOut,LightScreen,Reflect,RainDance|Careful||M|||50|]Sinistcha||LifeOrb|Hospitality|RagePowder,MatchaGotcha,ShadowBall,Protect|Modest|||||50|]Floette-Eternal||Floettite|FlowerVeil|DazzlingGleam,DrainingKiss,LightofRuin,Protect|Modest||F|||50|]Archaludon||Leftovers|Stamina|FlashCannon,DragonPulse,ElectroShot,Protect|Modest||M|||50|]Swampert||Swampertite|Torrent|WaveCrash,Earthquake,IcePunch,Protect|Adamant||F|||50|
|
|t:|1785636002
|teamsize|p1|4
|teamsize|p2|4
|start
|switch|p1a: Floette|Floette-Eternal, L50, F|100/100
|switch|p1b: Incineroar|Incineroar, L50, F|100/100
|switch|p2a: headinthesand|Espathra, L50, M|100/100
|switch|p2b: gremlin|Sableye, L50, M|100/100
|-ability|p1b: Incineroar|Intimidate|boost
|-unboost|p2a: headinthesand|atk|1
|-unboost|p2b: gremlin|atk|1
|turn|1
|
|t:|1785636010
|detailschange|p1a: Floette|Floette-Mega, L50, F
|-mega|p1a: Floette|Floette|Floettite
|-ability|p1a: Floette|Fairy Aura
|move|p2b: gremlin|Fake Out|p1b: Incineroar
|-damage|p1b: Incineroar|95/100
|move|p1a: Floette|Dazzling Gleam|p2b: gremlin|[spread] p2a,p2b
|-supereffective|p2b: gremlin|1
|-enditem|p2b: gremlin|Roseli Berry|[eat]
|-enditem|p2b: gremlin|Roseli Berry|[weaken]
|-damage|p2a: headinthesand|49/100
|-damage|p2b: gremlin|42/100
|-enditem|p2a: headinthesand|Sitrus Berry|[eat]
|-heal|p2a: headinthesand|73/100|[from] item: Sitrus Berry
|move|p2a: headinthesand|Calm Mind|p2a: headinthesand
|-boost|p2a: headinthesand|spa|1
|-boost|p2a: headinthesand|spd|1
|cant|p1b: Incineroar|flinch
|
|-ability|p2a: headinthesand|Speed Boost|boost
|-boost|p2a: headinthesand|spe|1
|upkeep
|turn|2
|
|t:|1785636023
|move|p2a: headinthesand|Protect|p2a: headinthesand
|-singleturn|p2a: headinthesand|Protect
|move|p2b: gremlin|Light Screen|p2b: gremlin
|-sidestart|p2: castoriceball|move: Light Screen
|move|p1a: Floette|Dazzling Gleam|p2b: gremlin|[spread] p2b
|-activate|p2a: headinthesand|move: Protect
|-supereffective|p2b: gremlin|1
|-damage|p2b: gremlin|0 fnt
|faint|p2b: gremlin
|move|p1b: Incineroar|Darkest Lariat|p2a: headinthesand
|-activate|p2a: headinthesand|move: Protect
|
|-ability|p2a: headinthesand|Speed Boost|boost
|-boost|p2a: headinthesand|spe|1
|upkeep
|
|t:|1785636026
|switch|p2b: CHACHACHA|Sinistcha, L50|100/100
|-heal|p2a: headinthesand|98/100|[from] ability: Hospitality|[of] p2b: CHACHACHA
|turn|3
|
|t:|1785636043
|move|p2b: CHACHACHA|Rage Powder|p2b: CHACHACHA
|-singleturn|p2b: CHACHACHA|move: Rage Powder
|move|p2a: headinthesand|Calm Mind|p2a: headinthesand
|-boost|p2a: headinthesand|spa|1
|-boost|p2a: headinthesand|spd|1
|move|p1a: Floette|Dazzling Gleam|p2b: CHACHACHA|[spread] p2a,p2b
|-damage|p2a: headinthesand|80/100
|-damage|p2b: CHACHACHA|65/100
|move|p1b: Incineroar|Flare Blitz|p2b: CHACHACHA
|-supereffective|p2b: CHACHACHA|1
|-damage|p2b: CHACHACHA|0 fnt
|faint|p2b: CHACHACHA
|-damage|p1b: Incineroar|75/100|[from] Recoil
|
|-ability|p2a: headinthesand|Speed Boost|boost
|-boost|p2a: headinthesand|spe|1
|upkeep
|
|t:|1785636059
|switch|p2b: $70 flutter|Floette-Eternal, L50, F|100/100
|turn|4
|
|t:|1785636066
|detailschange|p2b: $70 flutter|Floette-Mega, L50, F
|-mega|p2b: $70 flutter|Floette|Floettite
|-ability|p2b: $70 flutter|Fairy Aura
|move|p2a: headinthesand|Baton Pass||[still]
|-fail|p2a: headinthesand
|move|p1a: Floette|Dazzling Gleam|p2a: headinthesand|[spread] p2a,p2b
|-damage|p2a: headinthesand|64/100
|-damage|p2b: $70 flutter|79/100
|move|p2b: $70 flutter|Dazzling Gleam|p1a: Floette|[spread] p1a,p1b
|-damage|p1a: Floette|57/100
|-damage|p1b: Incineroar|36/100
|-enditem|p1b: Incineroar|Sitrus Berry|[eat]
|-heal|p1b: Incineroar|61/100|[from] item: Sitrus Berry
|move|p1b: Incineroar|Darkest Lariat|p2a: headinthesand
|-supereffective|p2a: headinthesand|1
|-damage|p2a: headinthesand|0 fnt
|faint|p2a: headinthesand
|
|upkeep
|turn|5
|-message|castoriceball forfeited.
|
|win|Latario
|raw|Latario's rating: 1268 → 1295(+27 for winning)
|raw|castoriceball's rating: 1296 → 1269(-27 for losing)
