|j|☆lettitripppp
|j|☆Zyrum
|html|lettitrippppZyrum    
|uhtml|bestof|Game 1 of a best-of-3
|t:|1784160184
|gametype|doubles
|player|p1|lettitripppp|lucas|1217
|player|p2|Zyrum|102|1190
|gen|9
|tier|[Gen 9 Champions] VGC 2026 Reg M-B (Bo3)
|rated|
|rule|Species Clause: Limit one of each Pokémon
|rule|Item Clause: Limit 1 of each item
|clearpoke
|poke|p1|Charizard, L50, F, shiny|
|poke|p1|Basculegion, L50, M, shiny|
|poke|p1|Pelipper, L50, M|
|poke|p1|Venusaur, L50, M|
|poke|p1|Archaludon, L50, F|
|poke|p1|Grimmsnarl, L50, M, shiny|
|poke|p2|Barbaracle, L50, M|
|poke|p2|Maushold, L50|
|poke|p2|Rotom-Wash, L50|
|poke|p2|Sceptile, L50, F|
|poke|p2|Corviknight, L50, F|
|poke|p2|Garchomp, L50, F|
|teampreview|4
|showteam|p1|Charizard||CharizarditeY|Blaze|WeatherBall,SolarBeam,HeatWave,Protect|Modest||F|||50|]Basculegion||ChoiceScarf|Adaptability|LastRespects,WaveCrash,FlipTurn,AquaJet|Jolly||M|||50|]Pelipper||SitrusBerry|Drizzle|WeatherBall,WideGuard,Hurricane,Tailwind|Modest||M|||50|]Venusaur||FocusSash|Chlorophyll|SleepPowder,SludgeBomb,EarthPower,Protect|Modest||M|||50|]Archaludon||Leftovers|Stamina|FlashCannon,DragonPulse,ElectroShot,Protect|Calm||F|||50|]Grimmsnarl||LightClay|Prankster|PartingShot,LightScreen,SpiritBreak,Reflect|Relaxed||M|||50|
|showteam|p2|Barbaracle||Barbaracite|ToughClaws|ShellSmash,RockSlide,CloseCombat,Protect|Adamant||M|||50|]Maushold||WideLens|FriendGuard|FollowMe,PopulationBomb,Protect,Encore|Jolly|||||50|]Rotom-Wash||ChoiceScarf|Levitate|VoltSwitch,Discharge,HydroPump,Trick|Timid|||||50|]Sceptile||Sceptilite|Overgrow|DragonPulse,EarthPower,GigaDrain,Protect|Timid||F|||50|]Corviknight||SitrusBerry|MirrorArmor|Tailwind,BodyPress,BraveBird,Protect|Impish||F|||50|]Garchomp||LifeOrb|RoughSkin|Earthquake,RockSlide,DragonClaw,Protect|Jolly||F|||50|
|inactive|Battle timer is ON: inactive players will automatically lose when time's up. (requested by lettitripppp)
|
|t:|1784160204
|teamsize|p1|4
|teamsize|p2|4
|start
|switch|p1a: GHOSTWAVE|Basculegion, L50, M, shiny|100/100
|switch|p1b: GO JOHAN|Grimmsnarl, L50, M, shiny|100/100
|switch|p2a: Sceptile|Sceptile, L50, F|100/100
|switch|p2b: Rotom|Rotom-Wash, L50|100/100
|turn|1
|
|t:|1784160214
|switch|p1a: BEYOND BRIDGE|Archaludon, L50, F|100/100
|detailschange|p2a: Sceptile|Sceptile-Mega, L50, F
|-mega|p2a: Sceptile|Sceptile|Sceptilite
|move|p1b: GO JOHAN|Light Screen|p1b: GO JOHAN
|-sidestart|p1: lettitripppp|move: Light Screen
|move|p2b: Rotom|Discharge|p1b: GO JOHAN|[spread] p1a,p1b
|-ability|p2a: Sceptile|Lightning Rod|boost
|-boost|p2a: Sceptile|spa|1
|-resisted|p1a: BEYOND BRIDGE|1
|-damage|p1a: BEYOND BRIDGE|92/100
|-damage|p1b: GO JOHAN|83/100
|-ability|p1a: BEYOND BRIDGE|Stamina|boost
|-boost|p1a: BEYOND BRIDGE|def|1
|move|p2a: Sceptile|Giga Drain|p1a: BEYOND BRIDGE
|-resisted|p1a: BEYOND BRIDGE|2
|-damage|p1a: BEYOND BRIDGE|82/100
|-ability|p1a: BEYOND BRIDGE|Stamina|boost
|-boost|p1a: BEYOND BRIDGE|def|1
|
|-heal|p1a: BEYOND BRIDGE|88/100|[from] item: Leftovers
|upkeep
|turn|2
|inactive|lettitripppp has 30 seconds left.
|
|t:|1784160241
|move|p1b: GO JOHAN|Parting Shot|p2b: Rotom
|-unboost|p2b: Rotom|atk|1
|-unboost|p2b: Rotom|spa|1
|
|t:|1784160245
|switch|p1b: WET-BEAK|Pelipper, L50, M|100/100|[from] Parting Shot
|-weather|RainDance|[from] ability: Drizzle|[of] p1b: WET-BEAK
|move|p2b: Rotom|Discharge|p1a: BEYOND BRIDGE|[spread] p1a,p1b
|-ability|p2a: Sceptile|Lightning Rod|boost
|-boost|p2a: Sceptile|spa|1
|-resisted|p1a: BEYOND BRIDGE|1
|-supereffective|p1b: WET-BEAK|2
|-damage|p1a: BEYOND BRIDGE|84/100
|-damage|p1b: WET-BEAK|37/100
|-status|p1a: BEYOND BRIDGE|par
|-ability|p1a: BEYOND BRIDGE|Stamina|boost
|-boost|p1a: BEYOND BRIDGE|def|1
|-enditem|p1b: WET-BEAK|Sitrus Berry|[eat]
|-heal|p1b: WET-BEAK|62/100|[from] item: Sitrus Berry
|move|p2a: Sceptile|Earth Power|p1a: BEYOND BRIDGE
|-supereffective|p1a: BEYOND BRIDGE|1
|-damage|p1a: BEYOND BRIDGE|5/100 par
|-ability|p1a: BEYOND BRIDGE|Stamina|boost
|-boost|p1a: BEYOND BRIDGE|def|1
|move|p1a: BEYOND BRIDGE|Electro Shot||[still]
|-activate|p2a: Sceptile|ability: Lightning Rod
|-prepare|p1a: BEYOND BRIDGE|Electro Shot
|-boost|p1a: BEYOND BRIDGE|spa|1
|-anim|p1a: BEYOND BRIDGE|Electro Shot|p2a: Sceptile
|-ability|p2a: Sceptile|Lightning Rod|boost
|-boost|p2a: Sceptile|spa|1
|
|-weather|RainDance|[upkeep]
|-heal|p1a: BEYOND BRIDGE|11/100 par|[from] item: Leftovers
|upkeep
|turn|3
|inactive|Zyrum has 30 seconds left.
|inactive|Zyrum has 20 seconds left.
|inactive|Zyrum has 15 seconds left.
|
|t:|1784160286
|switch|p2b: Garchomp|Garchomp, L50, F|100/100
|move|p2a: Sceptile|Protect|p2a: Sceptile
|-singleturn|p2a: Sceptile|Protect
|move|p1a: BEYOND BRIDGE|Protect|p1a: BEYOND BRIDGE
|-singleturn|p1a: BEYOND BRIDGE|Protect
|move|p1b: WET-BEAK|Tailwind|p1b: WET-BEAK
|-sidestart|p1: lettitripppp|move: Tailwind
|
|-weather|RainDance|[upkeep]
|-heal|p1a: BEYOND BRIDGE|17/100 par|[from] item: Leftovers
|upkeep
|turn|4
|
|t:|1784160304
|move|p1b: WET-BEAK|Wide Guard|p1b: WET-BEAK
|-singleturn|p1b: WET-BEAK|Wide Guard
|move|p2a: Sceptile|Giga Drain|p1b: WET-BEAK
|-damage|p1b: WET-BEAK|0 fnt
|faint|p1b: WET-BEAK
|move|p2b: Garchomp|Dragon Claw|p1a: BEYOND BRIDGE
|-damage|p1a: BEYOND BRIDGE|5/100 par
|-ability|p1a: BEYOND BRIDGE|Stamina|boost
|-boost|p1a: BEYOND BRIDGE|def|1
|-damage|p2b: Garchomp|90/100|[from] item: Life Orb
|move|p1a: BEYOND BRIDGE|Dragon Pulse|p2a: Sceptile
|-supereffective|p2a: Sceptile|1
|-damage|p2a: Sceptile|0 fnt
|faint|p2a: Sceptile
|
|-weather|RainDance|[upkeep]
|-heal|p1a: BEYOND BRIDGE|11/100 par|[from] item: Leftovers
|upkeep
|
|t:|1784160319
|switch|p2a: Rotom|Rotom-Wash, L50|100/100
|switch|p1b: GHOSTWAVE|Basculegion, L50, M, shiny|100/100
|turn|5
|
|t:|1784160329
|move|p1b: GHOSTWAVE|Wave Crash|p2b: Garchomp
|-damage|p2b: Garchomp|0 fnt
|-damage|p1b: GHOSTWAVE|87/100|[from] ability: Rough Skin|[of] p2b: Garchomp
|faint|p2b: Garchomp
|-damage|p1b: GHOSTWAVE|59/100|[from] Recoil
|move|p2a: Rotom|Volt Switch|p1b: GHOSTWAVE
|-supereffective|p1b: GHOSTWAVE|1
|-damage|p1b: GHOSTWAVE|12/100
|
|t:|1784160333
|switch|p2a: Corviknight|Corviknight, L50, F|100/100|[from] Volt Switch
|move|p1a: BEYOND BRIDGE|Electro Shot||[still]
|-prepare|p1a: BEYOND BRIDGE|Electro Shot
|-boost|p1a: BEYOND BRIDGE|spa|1
|-anim|p1a: BEYOND BRIDGE|Electro Shot|p2a: Corviknight
|-supereffective|p2a: Corviknight|1
|-damage|p2a: Corviknight|0 fnt
|faint|p2a: Corviknight
|
|-weather|RainDance|[upkeep]
|-heal|p1a: BEYOND BRIDGE|17/100 par|[from] item: Leftovers
|upkeep
|
|t:|1784160337
|switch|p2b: Rotom|Rotom-Wash, L50|100/100
|turn|6
|
|t:|1784160351
|switch|p1b: GO JOHAN|Grimmsnarl, L50, M, shiny|83/100
|move|p1a: BEYOND BRIDGE|Protect|p1a: BEYOND BRIDGE
|-singleturn|p1a: BEYOND BRIDGE|Protect
|move|p2b: Rotom|Discharge|p1a: BEYOND BRIDGE|[spread] p1b
|-activate|p1a: BEYOND BRIDGE|move: Protect
|-damage|p1b: GO JOHAN|64/100
|
|-weather|none
|-heal|p1a: BEYOND BRIDGE|23/100 par|[from] item: Leftovers
|-sideend|p1: lettitripppp|move: Tailwind
|upkeep
|turn|7
|
|t:|1784160364
|move|p1b: GO JOHAN|Parting Shot|p2b: Rotom
|-unboost|p2b: Rotom|atk|1
|-unboost|p2b: Rotom|spa|1
|
|t:|1784160367
|switch|p1b: GHOSTWAVE|Basculegion, L50, M, shiny|12/100|[from] Parting Shot
|move|p2b: Rotom|Discharge|p1a: BEYOND BRIDGE|[spread] p1a,p1b
|-resisted|p1a: BEYOND BRIDGE|1
|-supereffective|p1b: GHOSTWAVE|1
|-crit|p1b: GHOSTWAVE
|-damage|p1a: BEYOND BRIDGE|18/100 par
|-damage|p1b: GHOSTWAVE|0 fnt
|-ability|p1a: BEYOND BRIDGE|Stamina|boost
|-boost|p1a: BEYOND BRIDGE|def|1
|faint|p1b: GHOSTWAVE
|move|p1a: BEYOND BRIDGE|Dragon Pulse|p2b: Rotom
|-damage|p2b: Rotom|4/100
|
|-heal|p1a: BEYOND BRIDGE|24/100 par|[from] item: Leftovers
|upkeep
|
|t:|1784160378
|switch|p1b: GO JOHAN|Grimmsnarl, L50, M, shiny|64/100
|turn|8
|
|t:|1784160383
|move|p2b: Rotom|Discharge|p1b: GO JOHAN|[spread] p1a,p1b
|-resisted|p1a: BEYOND BRIDGE|1
|-damage|p1a: BEYOND BRIDGE|19/100 par
|-damage|p1b: GO JOHAN|53/100
|move|p1b: GO JOHAN|Spirit Break|p2b: Rotom
|-damage|p2b: Rotom|0 fnt
|faint|p2b: Rotom
|
|win|lettitripppp
||Zyrum is ready for game 2.
