|j|☆V1nz' VGC
|j|☆kigokigo
|html|V1nz' VGCkigokigo    
|uhtml|bestof|Game 1 of a best-of-3
|t:|1783180146
|gametype|doubles
|player|p1|V1nz' VGC|steven|1040
|player|p2|kigokigo|102|1131
|gen|9
|tier|[Gen 9 Champions] VGC 2026 Reg M-B (Bo3)
|rated|
|rule|Species Clause: Limit one of each Pokémon
|rule|Item Clause: Limit 1 of each item
|clearpoke
|poke|p1|Starmie, L50, shiny|
|poke|p1|Annihilape, L50, F, shiny|
|poke|p1|Sneasler, L50, F, shiny|
|poke|p1|Whimsicott, L50, F, shiny|
|poke|p1|Raichu, L50, M, shiny|
|poke|p1|Maushold-Four, L50, shiny|
|poke|p2|Whimsicott, L50, M|
|poke|p2|Clefable, L50, F|
|poke|p2|Grimmsnarl, L50, M|
|poke|p2|Incineroar, L50, M|
|poke|p2|Tsareena, L50, F|
|poke|p2|Staraptor, L50, F|
|teampreview|4
|showteam|p1|Starmie||Starminite|NaturalCure|Protect,SkillSwap,Recover,Liquidation|Jolly|||||50|]Annihilape||Leftovers|Defiant|Protect,IcePunch,RageFist,DrainPunch|Adamant||F|||50|]Sneasler||WhiteHerb|Unburden|FakeOut,CloseCombat,DireClaw,Protect|Jolly||F|||50|]Whimsicott||FocusSash|Prankster|Tailwind,Protect,Moonblast,Encore|Timid||F|||50|]Raichu||RaichuniteY|LightningRod|Protect,FakeOut,ZapCannon,FocusBlast|Hasty||M|||50|]Maushold-Four||ChopleBerry|FriendGuard|Protect,SuperFang,Encore,FollowMe|Timid|||||50|
|showteam|p2|Whimsicott||FocusSash|Prankster|Charm,Encore,Tailwind,Protect|Bold||M|||50|]Clefable||BabiriBerry|Unaware|FollowMe,Charm,KnockOff,Protect|Careful||F|||50|]Grimmsnarl||LightClay|Prankster|LightScreen,Reflect,PartingShot,FakeOut|Calm||M|||50|]Incineroar||ChopleBerry|Intimidate|FakeOut,PartingShot,FlareBlitz,DarkestLariat|Impish||M|||50|]Tsareena||SitrusBerry|QueenlyMajesty|Taunt,Charm,Uturn,Protect|Careful||F|||50|]Staraptor||Staraptite|Intimidate|CloseCombat,BraveBird,Roost,Protect|Careful||F|||50|
|inactive|Battle timer is ON: inactive players will automatically lose when time's up. (requested by V1nz' VGC)
|
|t:|1783180175
|teamsize|p1|4
|teamsize|p2|4
|start
|switch|p1a: Starmie|Starmie, L50, shiny|100/100
|switch|p1b: Annihilape|Annihilape, L50, F, shiny|100/100
|switch|p2a: Clefable|Clefable, L50, F|100/100
|switch|p2b: Staraptor|Staraptor, L50, F|100/100
|-ability|p2b: Staraptor|Intimidate|boost
|-unboost|p1a: Starmie|atk|1
|-unboost|p1b: Annihilape|atk|1
|-ability|p1b: Annihilape|Defiant|boost
|-boost|p1b: Annihilape|atk|2
|turn|1
|inactive|V1nz' VGC has 30 seconds left.
|inactive|kigokigo has 30 seconds left.
|
|t:|1783180205
|detailschange|p1a: Starmie|Starmie-Mega, L50, shiny
|-mega|p1a: Starmie|Starmie|Starminite
|detailschange|p2b: Staraptor|Staraptor-Mega, L50, F
|-mega|p2b: Staraptor|Staraptor|Staraptite
|move|p2a: Clefable|Follow Me|p2a: Clefable
|-singleturn|p2a: Clefable|move: Follow Me
|move|p1a: Starmie|Skill Swap|p2a: Clefable
|-activate|p1a: Starmie|Skill Swap|Unaware|Huge Power|[of] p2a: Clefable
|move|p2b: Staraptor|Close Combat|p1a: Starmie
|-resisted|p1a: Starmie|1
|-damage|p1a: Starmie|71/100
|-boost|p2b: Staraptor|def|1
|-boost|p2b: Staraptor|spd|1
|move|p1b: Annihilape|Rage Fist|p2a: Clefable
|-damage|p2a: Clefable|56/100
|
|upkeep
|turn|2
|inactive|kigokigo has 30 seconds left.
|
|t:|1783180238
|switch|p1a: Maushold|Maushold-Four, L50, shiny|100/100
|move|p2b: Staraptor|Brave Bird|p1b: Annihilape
|-supereffective|p1b: Annihilape|1
|-damage|p1b: Annihilape|18/100
|-damage|p2b: Staraptor|69/100|[from] Recoil
|move|p1b: Annihilape|Rage Fist|p2b: Staraptor
|-damage|p2b: Staraptor|25/100
|move|p2a: Clefable|Charm|p2b: Staraptor
|-boost|p2b: Staraptor|atk|2
|
|-heal|p1b: Annihilape|24/100|[from] item: Leftovers
|upkeep
|turn|3
|
|t:|1783180258
|move|p1a: Maushold|Follow Me|p1a: Maushold
|-singleturn|p1a: Maushold|move: Follow Me
|move|p2a: Clefable|Follow Me|p2a: Clefable
|-singleturn|p2a: Clefable|move: Follow Me
|move|p2b: Staraptor|Roost|p2b: Staraptor
|-heal|p2b: Staraptor|75/100
|-singleturn|p2b: Staraptor|move: Roost
|move|p1b: Annihilape|Rage Fist|p2a: Clefable
|-damage|p2a: Clefable|0 fnt
|faint|p2a: Clefable
|
|-heal|p1b: Annihilape|30/100|[from] item: Leftovers
|upkeep
|
|t:|1783180275
|switch|p2a: Grimmsnarl|Grimmsnarl, L50, M|100/100
|turn|4
|
|t:|1783180291
|move|p2a: Grimmsnarl|Fake Out|p1a: Maushold
|-damage|p1a: Maushold|87/100
|cant|p1a: Maushold|flinch
|move|p2b: Staraptor|Brave Bird|p1b: Annihilape
|-supereffective|p1b: Annihilape|1
|-damage|p1b: Annihilape|0 fnt
|faint|p1b: Annihilape
|-damage|p2b: Staraptor|63/100|[from] Recoil
|
|upkeep
|
|t:|1783180299
|switch|p1b: Sneasler|Sneasler, L50, F, shiny|100/100
|turn|5
|
|t:|1783180314
|switch|p2a: Whimsicott|Whimsicott, L50, M|100/100
|move|p2b: Staraptor|Protect|p2b: Staraptor
|-singleturn|p2b: Staraptor|Protect
|move|p1a: Maushold|Follow Me|p1a: Maushold
|-singleturn|p1a: Maushold|move: Follow Me
|move|p1b: Sneasler|Close Combat|p2a: Whimsicott
|-resisted|p2a: Whimsicott|1
|-damage|p2a: Whimsicott|65/100
|-unboost|p1b: Sneasler|def|1
|-unboost|p1b: Sneasler|spd|1
|-enditem|p1b: Sneasler|White Herb
|-clearnegativeboost|p1b: Sneasler|[silent]
|
|upkeep
|turn|6
|inactive|kigokigo has 30 seconds left.
|
|t:|1783180344
|move|p1a: Maushold|Follow Me|p1a: Maushold
|-singleturn|p1a: Maushold|move: Follow Me
|move|p2a: Whimsicott|Tailwind|p2a: Whimsicott
|-sidestart|p2: kigokigo|move: Tailwind
|move|p1b: Sneasler|Dire Claw|p2a: Whimsicott
|-supereffective|p2a: Whimsicott|2
|-damage|p2a: Whimsicott|0 fnt
|faint|p2a: Whimsicott
|move|p2b: Staraptor|Close Combat|p1a: Maushold
|-supereffective|p1a: Maushold|1
|-enditem|p1a: Maushold|Chople Berry|[eat]
|-enditem|p1a: Maushold|Chople Berry|[weaken]
|-damage|p1a: Maushold|0 fnt
|-boost|p2b: Staraptor|def|1
|-boost|p2b: Staraptor|spd|1
|faint|p1a: Maushold
|
|upkeep
|
|t:|1783180355
|switch|p1a: Starmie|Starmie-Mega, L50, shiny|71/100
|switch|p2a: Grimmsnarl|Grimmsnarl, L50, M|100/100
|turn|7
|
|t:|1783180378
|move|p1b: Sneasler|Protect|p1b: Sneasler
|-singleturn|p1b: Sneasler|Protect
|move|p1a: Starmie|Protect|p1a: Starmie
|-singleturn|p1a: Starmie|Protect
|move|p2a: Grimmsnarl|Fake Out|p1b: Sneasler
|-activate|p1b: Sneasler|move: Protect
|move|p2b: Staraptor|Brave Bird|p1a: Starmie
|-activate|p1a: Starmie|move: Protect
|
|upkeep
|turn|8
|
|t:|1783180396
|move|p2b: Staraptor|Protect|p2b: Staraptor
|-singleturn|p2b: Staraptor|Protect
|move|p2a: Grimmsnarl|Reflect|p2a: Grimmsnarl
|-sidestart|p2: kigokigo|Reflect
|move|p1b: Sneasler|Dire Claw|p2a: Grimmsnarl
|-supereffective|p2a: Grimmsnarl|1
|-crit|p2a: Grimmsnarl
|-damage|p2a: Grimmsnarl|0 fnt
|faint|p2a: Grimmsnarl
|move|p1a: Starmie|Liquidation|p2b: Staraptor
|-activate|p2b: Staraptor|move: Protect
|
|upkeep
|turn|9
|
|t:|1783180420
|move|p1b: Sneasler|Dire Claw|p2b: Staraptor
|-damage|p2b: Staraptor|52/100
|move|p2b: Staraptor|Brave Bird|p1b: Sneasler
|-supereffective|p1b: Sneasler|1
|-damage|p1b: Sneasler|0 fnt
|faint|p1b: Sneasler
|-damage|p2b: Staraptor|25/100|[from] Recoil
|move|p1a: Starmie|Liquidation|p2b: Staraptor
|-damage|p2b: Staraptor|9/100
|
|-sideend|p2: kigokigo|move: Tailwind
|upkeep
|turn|10
|
|t:|1783180434
|move|p1a: Starmie|Liquidation|p2b: Staraptor
|-damage|p2b: Staraptor|0 fnt
|faint|p2b: Staraptor
|
|win|V1nz' VGC
