|j|☆Hugebowlofzaman
|j|☆Ly_likes_Ceruledge
|html|HugebowlofzamanLy_likes_Ceruledge    
|uhtml|bestof|Game 1 of a best-of-3
|t:|1783108162
|gametype|doubles
|player|p1|Hugebowlofzaman|102|
|player|p2|Ly_likes_Ceruledge|n|
|gen|9
|tier|[Gen 9 Champions] VGC 2026 Reg M-B (Bo3)
|rule|Species Clause: Limit one of each Pokémon
|rule|Item Clause: Limit 1 of each item
|clearpoke
|poke|p1|Banette, L50, M|
|poke|p1|Dragapult, L50, F|
|poke|p1|Samurott-Hisui, L50, M|
|poke|p1|Vivillon, L50, F|
|poke|p1|Goodra-Hisui, L50, F|
|poke|p1|Kangaskhan, L50, F|
|poke|p2|Tauros-Paldea-Combat, L50, M|
|poke|p2|Aerodactyl, L50, F|
|poke|p2|Garchomp, L50, M|
|poke|p2|Kingambit, L50, F|
|poke|p2|Tsareena, L50, F|
|poke|p2|Zoroark-Hisui, L50, M|
|teampreview|4
|showteam|p1|Banette||Banettite|Insomnia|WillOWisp,Poltergeist,Disable,Protect|Adamant||M|||50|]Dragapult||SitrusBerry|ClearBody|WillOWisp,DracoMeteor,Flamethrower,Disable|Timid||F|||50|]Samurott-Hisui||FocusSash|Sharpness|SacredSword,AquaCutter,CeaselessEdge,Protect|Jolly||M|||50|]Vivillon||ChoiceScarf|CompoundEyes|SleepPowder,RagePowder,Tailwind,Uturn|Jolly||F|||50|]Goodra-Hisui||Leftovers|ShellArmor|BodyPress,Flamethrower,Shelter,DragonPulse|Modest||F|||50|]Kangaskhan||Kangaskhanite|Scrappy|FakeOut,IcePunch,DrainPunch,Protect|Adamant||F|||50|
|showteam|p2|Tauros-Paldea-Combat||MuscleBand|Intimidate|CloseCombat,HighHorsepower,RockSlide,Protect|Adamant||M|||50|]Aerodactyl||Aerodactylite|Unnerve|DualWingbeat,RockSlide,Tailwind,Protect|Jolly||F|||50|]Garchomp||LifeOrb|RoughSkin|DragonClaw,RockSlide,Earthquake,Protect|Jolly||M|||50|]Kingambit||ChopleBerry|SupremeOverlord|SuckerPunch,KowtowCleave,IronHead,Protect|Adamant||F|||50|]Tsareena||SitrusBerry|QueenlyMajesty|KnockOff,TropKick,PlayRough,Protect|Adamant||F|||50|]Zoroark-Hisui||ChoiceScarf|Illusion|Flamethrower,ShadowBall,HyperVoice,IcyWind|Timid||M|||50|
|j| LewBoiiiiiii
|l| LewBoiiiiiii
|c|☆Hugebowlofzaman|music jumpscare
|j| DinisDenis
|c|☆Ly_likes_Ceruledge|glhf
|c|☆Hugebowlofzaman|glhf!
|j| LewBoiiiiiii
|c| LewBoiiiiiii|hi
|j| djvee
|c| djvee|Penis
|j| NiightFuryy
|c| NiightFuryy|penis
|
|t:|1783108316
|teamsize|p1|4
|teamsize|p2|4
|start
|switch|p1a: Goodra|Goodra-Hisui, L50, F|100/100
|switch|p1b: Vivillon|Vivillon, L50, F|100/100
|switch|p2a: Tauros|Tauros-Paldea-Combat, L50, M|100/100
|switch|p2b: Aerodactyl|Aerodactyl, L50, F|100/100
|-ability|p2b: Aerodactyl|Unnerve
|-ability|p2a: Tauros|Intimidate|boost
|-unboost|p1a: Goodra|atk|1
|-unboost|p1b: Vivillon|atk|1
|turn|1
|
|t:|1783108333
|detailschange|p2b: Aerodactyl|Aerodactyl-Mega, L50, F
|-mega|p2b: Aerodactyl|Aerodactyl|Aerodactylite
|move|p1b: Vivillon|Sleep Powder|p2b: Aerodactyl
|-status|p2b: Aerodactyl|slp|[from] move: Sleep Powder
|cant|p2b: Aerodactyl|slp
|move|p2a: Tauros|High Horsepower|p1a: Goodra
|-supereffective|p1a: Goodra|1
|-damage|p1a: Goodra|36/100
|move|p1a: Goodra|Shelter|p1a: Goodra
|-boost|p1a: Goodra|def|2
|
|-heal|p1a: Goodra|42/100|[from] item: Leftovers
|upkeep
|turn|2
|
|t:|1783108352
|switch|p2a: Tsareena|Tsareena, L50, F|100/100
|move|p1b: Vivillon|Sleep Powder|p2a: Tsareena
|-immune|p2a: Tsareena
|-curestatus|p2b: Aerodactyl|slp|[msg]
|move|p2b: Aerodactyl|Rock Slide|p1b: Vivillon|[spread] p1a
|-miss|p2b: Aerodactyl|p1b: Vivillon
|-resisted|p1a: Goodra|1
|-damage|p1a: Goodra|36/100
|move|p1a: Goodra|Body Press|p2b: Aerodactyl
|-damage|p2b: Aerodactyl|45/100
|
|-heal|p1a: Goodra|42/100|[from] item: Leftovers
|upkeep
|turn|3
|
|t:|1783108393
|move|p2b: Aerodactyl|Protect|p2b: Aerodactyl
|-singleturn|p2b: Aerodactyl|Protect
|move|p1b: Vivillon|Sleep Powder|p2b: Aerodactyl
|-activate|p2b: Aerodactyl|move: Protect
|move|p2a: Tsareena|Knock Off|p1b: Vivillon
|-damage|p1b: Vivillon|50/100g
|-enditem|p1b: Vivillon|Choice Scarf|[from] move: Knock Off|[of] p2a: Tsareena
|move|p1a: Goodra|Shelter|p1a: Goodra
|-boost|p1a: Goodra|def|2
|
|-heal|p1a: Goodra|48/100|[from] item: Leftovers
|upkeep
|turn|4
|c| DinisDenis|oh btw u cant forfeit
|c| DinisDenis|pls dont
|
|t:|1783108418
|move|p2b: Aerodactyl|Rock Slide|p1b: Vivillon|[spread] p1a,p1b
|-resisted|p1a: Goodra|1
|-supereffective|p1b: Vivillon|2
|-crit|p1b: Vivillon
|-damage|p1a: Goodra|44/100
|-damage|p1b: Vivillon|0 fnt
|faint|p1b: Vivillon
|move|p2a: Tsareena|Knock Off|p1a: Goodra
|-damage|p1a: Goodra|35/100
|-enditem|p1a: Goodra|Leftovers|[from] move: Knock Off|[of] p2a: Tsareena
|cant|p1a: Goodra|flinch
|
|upkeep
|c| DinisDenis|that makes shit harder on our end
|
|t:|1783108429
|switch|p1b: Dragapult|Dragapult, L50, F|100/100
|turn|5
|
|t:|1783108449
|move|p2b: Aerodactyl|Tailwind|p2b: Aerodactyl
|-sidestart|p2: Ly_likes_Ceruledge|move: Tailwind
|move|p1b: Dragapult|Will-O-Wisp|p2b: Aerodactyl
|-status|p2b: Aerodactyl|brn
|move|p2a: Tsareena|Play Rough|p1b: Dragapult
|-supereffective|p1b: Dragapult|1
|-damage|p1b: Dragapult|35/100
|-enditem|p1b: Dragapult|Sitrus Berry|[eat]
|-heal|p1b: Dragapult|60/100|[from] item: Sitrus Berry
|move|p1a: Goodra|Body Press|p2a: Tsareena
|-damage|p2a: Tsareena|34/100
|-enditem|p2a: Tsareena|Sitrus Berry|[eat]
|-heal|p2a: Tsareena|58/100|[from] item: Sitrus Berry
|
|-damage|p2b: Aerodactyl|39/100 brn|[from] brn
|upkeep
|turn|6
|
|t:|1783108475
|move|p2b: Aerodactyl|Rock Slide|p1b: Dragapult|[spread] p1a,p1b
|-resisted|p1a: Goodra|1
|-damage|p1a: Goodra|34/100
|-damage|p1b: Dragapult|41/100
|move|p1b: Dragapult|Will-O-Wisp|p2a: Tsareena
|-status|p2a: Tsareena|brn
|move|p2a: Tsareena|Play Rough|p1b: Dragapult
|-supereffective|p1b: Dragapult|1
|-damage|p1b: Dragapult|9/100
|move|p1a: Goodra|Body Press|p2b: Aerodactyl
|-damage|p2b: Aerodactyl|0 fnt
|faint|p2b: Aerodactyl
|
|-damage|p2a: Tsareena|52/100 brn|[from] brn
|upkeep
|
|t:|1783108487
|switch|p2b: Tauros|Tauros-Paldea-Combat, L50, M|100/100
|-ability|p2b: Tauros|Intimidate|boost
|-unboost|p1a: Goodra|atk|1
|-fail|p1b: Dragapult|unboost|[from] ability: Clear Body|[of] p1b: Dragapult
|turn|7
|
|t:|1783108520
|move|p2b: Tauros|Protect|p2b: Tauros
|-singleturn|p2b: Tauros|Protect
|move|p1b: Dragapult|Will-O-Wisp|p2b: Tauros
|-activate|p2b: Tauros|move: Protect
|move|p2a: Tsareena|Knock Off|p1b: Dragapult
|-supereffective|p1b: Dragapult|1
|-damage|p1b: Dragapult|0 fnt
|faint|p1b: Dragapult
|move|p1a: Goodra|Body Press|p2a: Tsareena
|-damage|p2a: Tsareena|0 fnt
|faint|p2a: Tsareena
|
|upkeep
|
|t:|1783108531
|switch|p1b: Kangaskhan|Kangaskhan, L50, F|100/100
|switch|p2a: Kingambit|Kingambit, L50, F|100/100
|-activate|p2a: Kingambit|ability: Supreme Overlord
|-start|p2a: Kingambit|fallen2|[silent]
|turn|8
|
|t:|1783108546
|detailschange|p1b: Kangaskhan|Kangaskhan-Mega, L50, F
|-mega|p1b: Kangaskhan|Kangaskhan|Kangaskhanite
|move|p1b: Kangaskhan|Fake Out|p2b: Tauros
|-damage|p2b: Tauros|75/100
|-crit|p2b: Tauros
|-damage|p2b: Tauros|67/100
|-hitcount|p2b: Tauros|2
|cant|p2b: Tauros|flinch
|move|p2a: Kingambit|Kowtow Cleave|p1b: Kangaskhan
|-damage|p1b: Kangaskhan|57/100
|move|p1a: Goodra|Body Press|p2a: Kingambit
|-supereffective|p2a: Kingambit|2
|-crit|p2a: Kingambit
|-enditem|p2a: Kingambit|Chople Berry|[eat]
|-enditem|p2a: Kingambit|Chople Berry|[weaken]
|-damage|p2a: Kingambit|0 fnt
|faint|p2a: Kingambit
|-end|p2a: Kingambit|fallen2|[silent]
|
|-sideend|p2: Ly_likes_Ceruledge|move: Tailwind
|upkeep
|turn|9
|
|t:|1783108570
|move|p2b: Tauros|Close Combat|p1b: Kangaskhan
|-supereffective|p1b: Kangaskhan|1
|-damage|p1b: Kangaskhan|0 fnt
|-unboost|p2b: Tauros|def|1
|-unboost|p2b: Tauros|spd|1
|faint|p1b: Kangaskhan
|move|p1a: Goodra|Body Press|p2b: Tauros
|-damage|p2b: Tauros|0 fnt
|faint|p2b: Tauros
|
|win|Hugebowlofzaman
|c|☆Ly_likes_Ceruledge|gg
|inactive|Hugebowlofzaman has 30 seconds to confirm battle start!
|inactive|Ly_likes_Ceruledge has 30 seconds to confirm battle start!
|c| NiightFuryy|gg
|c|☆Hugebowlofzaman|gr!
||Hugebowlofzaman is ready for game 2.
|inactive|Ly_likes_Ceruledge has 20 seconds to confirm battle start!
||Ly_likes_Ceruledge is ready for game 2.
|uhtml|next|Next: Game 2 of 3
|j| purpen
|l| DinisDenis
|l| djvee
|l| purpen
|l| NiightFuryy
|l|☆Hugebowlofzaman
|player|p1|
