|j|☆GizmoBaneling
|j|☆quatrokilla
|html|GizmoBanelingquatrokilla    
|uhtml|bestof|Game 3 of a best-of-3
|t:|1783441730
|gametype|doubles
|player|p1|GizmoBaneling|102|1130
|player|p2|quatrokilla|170|1129
|gen|9
|tier|[Gen 9 Champions] VGC 2026 Reg M-B (Bo3)
|rated|
|rule|Species Clause: Limit one of each Pokémon
|rule|Item Clause: Limit 1 of each item
|clearpoke
|poke|p1|Sneasler, L50, M, shiny|
|poke|p1|Blastoise, L50, M|
|poke|p1|Kingambit, L50, M|
|poke|p1|Incineroar, L50, M, shiny|
|poke|p1|Delphox, L50, F, shiny|
|poke|p1|Sinistcha, L50|
|poke|p2|Glimmora, L50, F|
|poke|p2|Toxapex, L50, F|
|poke|p2|Venusaur, L50, F|
|poke|p2|Rotom-Wash, L50|
|poke|p2|Sinistcha, L50|
|poke|p2|Incineroar, L50, F|
|teampreview|4
|showteam|p1|Sneasler||FocusSash|PoisonTouch|PoisonJab,CloseCombat,FakeOut,Protect|Jolly||M|||50|]Blastoise||Blastoisinite|RainDish|DarkPulse,WaterSpout,ShellSmash,Protect|Modest||M|||50|]Kingambit||BlackGlasses|Defiant|KowtowCleave,SuckerPunch,SwordsDance,Protect|Adamant||M|||50|]Incineroar||SitrusBerry|Intimidate|FlareBlitz,HelpingHand,PartingShot,FakeOut|Careful||M|||50|]Delphox||Delphoxite|Blaze|HeatWave,NastyPlot,Psyshock,Protect|Modest||F|||50|]Sinistcha||KasibBerry|Hospitality|MatchaGotcha,RagePowder,TrickRoom,Protect|Bold|||||50|
|showteam|p2|Glimmora||FocusSash|ToxicDebris|SpikyShield,MortalSpin,Venoshock,EarthPower|Timid||F|||50|]Toxapex||SitrusBerry|Regenerator|Toxic,Infestation,WideGuard,BanefulBunker|Bold||F|||50|]Venusaur||Venusaurite|Chlorophyll|Protect,SludgeBomb,LeechSeed,GigaDrain|Bold||F|||50|]Rotom-Wash||ChoiceScarf|Levitate|Electroweb,Trick,VoltSwitch,HydroPump|Timid|||||50|]Sinistcha||Leftovers|Hospitality|Hex,TrickRoom,MatchaGotcha,RagePowder|Sassy|||||50|]Incineroar||ChopleBerry|Intimidate|FakeOut,PartingShot,DarkestLariat,WillOWisp|Careful||F|||50|
|
|t:|1783441759
|teamsize|p1|4
|teamsize|p2|4
|start
|switch|p1a: Delphox|Delphox, L50, F, shiny|100/100
|switch|p1b: Sneasler|Sneasler, L50, M, shiny|100/100
|switch|p2a: Rotom|Rotom-Wash, L50|100/100
|switch|p2b: Incineroar|Incineroar, L50, F|100/100
|-ability|p2b: Incineroar|Intimidate|boost
|-unboost|p1a: Delphox|atk|1
|-unboost|p1b: Sneasler|atk|1
|turn|1
|
|t:|1783441782
|switch|p1a: Kingambit|Kingambit, L50, M|100/100
|move|p2a: Rotom|Hydro Pump|p1a: Kingambit|[miss]
|-miss|p2a: Rotom|p1a: Kingambit
|move|p1b: Sneasler|Close Combat|p2b: Incineroar
|-supereffective|p2b: Incineroar|1
|-enditem|p2b: Incineroar|Chople Berry|[eat]
|-enditem|p2b: Incineroar|Chople Berry|[weaken]
|-damage|p2b: Incineroar|59/100
|-unboost|p1b: Sneasler|def|1
|-unboost|p1b: Sneasler|spd|1
|move|p2b: Incineroar|Darkest Lariat|p1a: Kingambit
|-resisted|p1a: Kingambit|1
|-damage|p1a: Kingambit|86/100
|
|upkeep
|turn|2
|
|t:|1783441812
|switch|p2a: Toxapex|Toxapex, L50, F|100/100
|switch|p2b: Glimmora|Glimmora, L50, F|100/100
|move|p1b: Sneasler|Close Combat|p2b: Glimmora
|-damage|p2b: Glimmora|52/100
|-unboost|p1b: Sneasler|def|1
|-unboost|p1b: Sneasler|spd|1
|-activate|p2b: Glimmora|ability: Toxic Debris
|-sidestart|p1: GizmoBaneling|move: Toxic Spikes
|move|p1a: Kingambit|Swords Dance|p1a: Kingambit
|-boost|p1a: Kingambit|atk|2
|
|upkeep
|turn|3
|
|t:|1783441837
|switch|p1b: Incineroar|Incineroar, L50, M, shiny|100/100
|-status|p1b: Incineroar|psn
|-ability|p1b: Incineroar|Intimidate|boost
|-unboost|p2a: Toxapex|atk|1
|-unboost|p2b: Glimmora|atk|1
|move|p2b: Glimmora|Spiky Shield|p2b: Glimmora
|-singleturn|p2b: Glimmora|move: Protect
|move|p1a: Kingambit|Sucker Punch||[still]
|-fail|p1a: Kingambit
|move|p2a: Toxapex|Infestation|p1a: Kingambit
|-damage|p1a: Kingambit|84/100
|-activate|p1a: Kingambit|move: Infestation|[of] p2a: Toxapex
|
|-damage|p1b: Incineroar|87/100 psn|[from] psn
|-damage|p1a: Kingambit|72/100|[from] move: Infestation|[partiallytrapped]
|upkeep
|turn|4
|
|t:|1783441880
|move|p1b: Incineroar|Fake Out|p2a: Toxapex
|-damage|p2a: Toxapex|93/100
|move|p1a: Kingambit|Sucker Punch|p2b: Glimmora
|-damage|p2b: Glimmora|0 fnt
|-activate|p2b: Glimmora|ability: Toxic Debris
|-sidestart|p1: GizmoBaneling|move: Toxic Spikes
|faint|p2b: Glimmora
|cant|p2a: Toxapex|flinch
|
|-damage|p1b: Incineroar|75/100 psn|[from] psn
|-damage|p1a: Kingambit|60/100|[from] move: Infestation|[partiallytrapped]
|upkeep
|
|t:|1783441889
|switch|p2b: Incineroar|Incineroar, L50, F|59/100
|-ability|p2b: Incineroar|Intimidate|boost
|-unboost|p1a: Kingambit|atk|1
|-ability|p1a: Kingambit|Defiant|boost
|-boost|p1a: Kingambit|atk|2
|-unboost|p1b: Incineroar|atk|1
|turn|5
|
|t:|1783441921
|switch|p1b: Sneasler|Sneasler, L50, M, shiny|100/100
|-sideend|p1: GizmoBaneling|move: Toxic Spikes|[of] p1b: Sneasler
|move|p1a: Kingambit|Protect|p1a: Kingambit
|-singleturn|p1a: Kingambit|Protect
|move|p2b: Incineroar|Will-O-Wisp|p1a: Kingambit
|-activate|p1a: Kingambit|move: Protect
|move|p2a: Toxapex|Infestation|p1b: Sneasler
|-resisted|p1b: Sneasler|2
|-damage|p1b: Sneasler|99/100
|-activate|p1b: Sneasler|move: Infestation|[of] p2a: Toxapex
|
|-damage|p1b: Sneasler|87/100|[from] move: Infestation|[partiallytrapped]
|-damage|p1a: Kingambit|48/100|[from] move: Infestation|[partiallytrapped]
|upkeep
|turn|6
|
|t:|1783441942
|move|p2a: Toxapex|Baneful Bunker|p2a: Toxapex
|-singleturn|p2a: Toxapex|move: Protect
|move|p1b: Sneasler|Close Combat|p2b: Incineroar
|-supereffective|p2b: Incineroar|1
|-damage|p2b: Incineroar|0 fnt
|-unboost|p1b: Sneasler|def|1
|-unboost|p1b: Sneasler|spd|1
|faint|p2b: Incineroar
|move|p1a: Kingambit|Kowtow Cleave|p2a: Toxapex
|-activate|p2a: Toxapex|move: Protect
|
|-damage|p1b: Sneasler|75/100|[from] move: Infestation|[partiallytrapped]
|-damage|p1a: Kingambit|36/100|[from] move: Infestation|[partiallytrapped]
|upkeep
|
|t:|1783441946
|switch|p2b: Rotom|Rotom-Wash, L50|100/100
|turn|7
|c|☆quatrokilla|hydromiss
|c|☆GizmoBaneling|it's why I hate rotom-wash
|c|☆GizmoBaneling|no reliable water move
|c|☆GizmoBaneling|no good* reliable water move
|
|t:|1783442006
|move|p1a: Kingambit|Sucker Punch|p2b: Rotom
|-damage|p2b: Rotom|0 fnt
|faint|p2b: Rotom
|move|p1b: Sneasler|Close Combat|p2a: Toxapex
|-resisted|p2a: Toxapex|1
|-damage|p2a: Toxapex|76/100
|-unboost|p1b: Sneasler|def|1
|-unboost|p1b: Sneasler|spd|1
|move|p2a: Toxapex|Infestation|p1b: Sneasler
|-resisted|p1b: Sneasler|2
|-damage|p1b: Sneasler|73/100
|
|-damage|p1b: Sneasler|61/100|[from] move: Infestation|[partiallytrapped]
|-end|p1a: Kingambit|Infestation|[partiallytrapped]
|upkeep
|turn|8
|c|☆quatrokilla|gg
|c|☆GizmoBaneling|gg
|
|t:|1783442026
|move|p1b: Sneasler|Close Combat|p2a: Toxapex
|-resisted|p2a: Toxapex|1
|-damage|p2a: Toxapex|59/100
|-unboost|p1b: Sneasler|def|1
|-unboost|p1b: Sneasler|spd|1
|move|p1a: Kingambit|Swords Dance|p1a: Kingambit
|-boost|p1a: Kingambit|atk|2
|move|p2a: Toxapex|Infestation|p1a: Kingambit
|-damage|p1a: Kingambit|33/100
|-activate|p1a: Kingambit|move: Infestation|[of] p2a: Toxapex
|
|-damage|p1b: Sneasler|49/100|[from] move: Infestation|[partiallytrapped]
|-damage|p1a: Kingambit|21/100|[from] move: Infestation|[partiallytrapped]
|upkeep
|turn|9
|
|t:|1783442042
|move|p2a: Toxapex|Baneful Bunker|p2a: Toxapex
|-singleturn|p2a: Toxapex|move: Protect
|move|p1b: Sneasler|Close Combat|p2a: Toxapex
|-activate|p2a: Toxapex|move: Protect
|move|p1a: Kingambit|Kowtow Cleave|p2a: Toxapex
|-activate|p2a: Toxapex|move: Protect
|
|-end|p1b: Sneasler|Infestation|[partiallytrapped]
|-damage|p1a: Kingambit|9/100|[from] move: Infestation|[partiallytrapped]
|upkeep
|turn|10
|
|t:|1783442055
|move|p2a: Toxapex|Baneful Bunker||[still]
|-fail|p2a: Toxapex
|move|p1b: Sneasler|Close Combat|p2a: Toxapex
|-resisted|p2a: Toxapex|1
|-damage|p2a: Toxapex|40/100
|-unboost|p1b: Sneasler|def|1
|-unboost|p1b: Sneasler|spd|1
|-enditem|p2a: Toxapex|Sitrus Berry|[eat]
|-heal|p2a: Toxapex|65/100|[from] item: Sitrus Berry
|move|p1a: Kingambit|Kowtow Cleave|p2a: Toxapex
|-damage|p2a: Toxapex|0 fnt
|faint|p2a: Toxapex
|
|win|GizmoBaneling
|raw|GizmoBaneling's rating: 1130 → 1155(+25 for winning)
|raw|quatrokilla's rating: 1129 → 1104(-25 for losing)
|l|☆quatrokilla
|player|p2|
|l|☆GizmoBaneling
|player|p1|
|j|☆GizmoBaneling
|player|p1|GizmoBaneling|102|
