|j|☆Shishio_Ax
|j|☆pikatrod
|html|Shishio_Axpikatrod    
|uhtml|bestof|Game 2 of a best-of-3
|t:|1756743739
|gametype|doubles
|player|p1|Shishio_Ax|gambler|1292
|player|p2|pikatrod|170|1408
|gen|9
|tier|[Gen 9] VGC 2025 Reg H (Bo3)
|rated|
|rule|Species Clause: Limit one of each Pokémon
|rule|Item Clause: Limit 1 of each item
|clearpoke
|poke|p1|Volcarona, L50, M|
|poke|p1|Ninetales-Alola, L50, F|
|poke|p1|Sneasler, L50, F|
|poke|p1|Dragonite, L50, M|
|poke|p1|Electabuzz, L50, F|
|poke|p1|Rillaboom, L50, M|
|poke|p2|Kingambit, L50, M|
|poke|p2|Primarina, L50, F|
|poke|p2|Sneasler, L50, M|
|poke|p2|Magmar, L50, F|
|poke|p2|Rillaboom, L50, F|
|poke|p2|Dragapult, L50, F|
|teampreview|4
|showteam|p1|Volcarona||CovertCloak|FlameBody|HeatWave,TeraBlast,QuiverDance,Protect|||M|||50|,,,,,Fairy]Ninetales-Alola||LifeOrb|SnowWarning|Blizzard,Moonblast,Encore,Protect|||F|||50|,,,,,Poison]Sneasler||FocusSash|Unburden|DireClaw,CloseCombat,ThroatChop,Protect|||F|||50|,,,,,Dark]Dragonite||LoadedDice|Multiscale|ScaleShot,StompingTantrum,Haze,Protect|||M|||50|,,,,,Ground]Electabuzz||Eviolite|VitalSpirit|Thunderbolt,FollowMe,Taunt,Protect|||F|||50|,,,,,Ghost]Rillaboom||AssaultVest|GrassySurge|WoodHammer,GrassyGlide,FakeOut,Uturn|||M|||50|,,,,,Fire
|showteam|p2|Kingambit||BlackGlasses|Defiant|KowtowCleave,SuckerPunch,SwordsDance,Protect|||M|||50|,,,,,Dark]Primarina||SitrusBerry|LiquidVoice|HyperVoice,Moonblast,Haze,Protect|||F|||50|,,,,,Water]Sneasler||FocusSash|Unburden|CloseCombat,DireClaw,FakeOut,Protect|||M|||50|,,,,,Stellar]Magmar||Eviolite|VitalSpirit|Overheat,WillOWisp,FollowMe,Protect|||F|||50|,,,,,Ghost]Rillaboom||AssaultVest|GrassySurge|WoodHammer,GrassyGlide,HighHorsepower,FakeOut|||F|||50|,,,,,Fire]Dragapult||ChoiceBand|ClearBody|DragonDarts,PhantomForce,Outrage,Uturn|||F|||50|,,,,,Dragon
|
|t:|1756743779
|teamsize|p1|4
|teamsize|p2|4
|start
|switch|p1a: Dante|Volcarona, L50, M|100/100
|switch|p1b: Sylva|Rillaboom, L50, M|100/100
|switch|p2a: Primarina|Primarina, L50, F|100/100
|switch|p2b: Sneasler|Sneasler, L50, M|100/100
|-fieldstart|move: Grassy Terrain|[from] ability: Grassy Surge|[of] p1b: Sylva
|turn|1
|inactive|Battle timer is ON: inactive players will automatically lose when time's up. (requested by Shishio_Ax)
|
|t:|1756743818
|-terastallize|p1a: Dante|Fairy
|move|p2b: Sneasler|Fake Out|p1b: Sylva
|-damage|p1b: Sylva|87/100
|cant|p1b: Sylva|flinch
|move|p1a: Dante|Quiver Dance|p1a: Dante
|-boost|p1a: Dante|spa|1
|-boost|p1a: Dante|spd|1
|-boost|p1a: Dante|spe|1
|move|p2a: Primarina|Hyper Voice|p1a: Dante|[spread] p1a,p1b
|-resisted|p1b: Sylva
|-damage|p1a: Dante|78/100
|-damage|p1b: Sylva|76/100
|
|-heal|p1a: Dante|85/100|[from] Grassy Terrain
|-heal|p1b: Sylva|82/100|[from] Grassy Terrain
|upkeep
|turn|2
|inactive|pikatrod has 30 seconds left.
|inactive|pikatrod has 20 seconds left.
|inactive|pikatrod has 15 seconds left.
|inactive|pikatrod has 10 seconds left.
|
|t:|1756743864
|move|p1a: Dante|Protect|p1a: Dante
|-singleturn|p1a: Dante|Protect
|move|p2a: Primarina|Protect|p2a: Primarina
|-singleturn|p2a: Primarina|Protect
|move|p2b: Sneasler|Dire Claw|p1a: Dante
|-activate|p1a: Dante|move: Protect
|move|p1b: Sylva|Wood Hammer|p2a: Primarina
|-activate|p2a: Primarina|move: Protect
|
|-heal|p1a: Dante|91/100|[from] Grassy Terrain
|-heal|p1b: Sylva|88/100|[from] Grassy Terrain
|upkeep
|turn|3
|inactive|pikatrod has 30 seconds left.
|
|t:|1756743889
|move|p1b: Sylva|Grassy Glide|p2b: Sneasler
|-resisted|p2b: Sneasler
|-damage|p2b: Sneasler|66/100
|move|p1a: Dante|Heat Wave|p2b: Sneasler|[spread] p2a,p2b
|-resisted|p2a: Primarina
|-damage|p2a: Primarina|78/100
|-damage|p2b: Sneasler|0 fnt
|faint|p2b: Sneasler
|move|p2a: Primarina|Haze|p2a: Primarina
|-clearallboost
|
|-heal|p1a: Dante|97/100|[from] Grassy Terrain
|-heal|p1b: Sylva|94/100|[from] Grassy Terrain
|-heal|p2a: Primarina|84/100|[from] Grassy Terrain
|upkeep
|
|t:|1756743894
|switch|p2b: Rillaboom|Rillaboom, L50, F|100/100
|turn|4
|
|t:|1756743906
|switch|p2a: Kingambit|Kingambit, L50, M|100/100
|move|p1a: Dante|Quiver Dance|p1a: Dante
|-boost|p1a: Dante|spa|1
|-boost|p1a: Dante|spd|1
|-boost|p1a: Dante|spe|1
|move|p2b: Rillaboom|Wood Hammer|p1a: Dante
|-damage|p1a: Dante|0 fnt
|faint|p1a: Dante
|-damage|p2b: Rillaboom|75/100|[from] Recoil
|move|p1b: Sylva|U-turn|p2b: Rillaboom
|-supereffective|p2b: Rillaboom
|-damage|p2b: Rillaboom|28/100
|
|t:|1756743918
|switch|p1b: D'oro|Sneasler, L50, F|100/100|[from] U-turn
|
|-heal|p2b: Rillaboom|34/100|[from] Grassy Terrain
|upkeep
|
|t:|1756743920
|switch|p1a: Sylva|Rillaboom, L50, M|94/100
|turn|5
|inactive|pikatrod has 30 seconds left.
|inactive|pikatrod has 20 seconds left.
|inactive|pikatrod has 15 seconds left.
|
|t:|1756743962
|move|p1a: Sylva|Fake Out|p2a: Kingambit
|-resisted|p2a: Kingambit
|-damage|p2a: Kingambit|95/100
|move|p2b: Rillaboom|Grassy Glide|p1b: D'oro
|-resisted|p1b: D'oro
|-damage|p1b: D'oro|65/100
|move|p1b: D'oro|Dire Claw|p2b: Rillaboom
|-supereffective|p2b: Rillaboom
|-damage|p2b: Rillaboom|0 fnt
|faint|p2b: Rillaboom
|cant|p2a: Kingambit|flinch
|
|-heal|p1b: D'oro|71/100|[from] Grassy Terrain
|-heal|p1a: Sylva|99/100|[from] Grassy Terrain
|-heal|p2a: Kingambit|100/100|[from] Grassy Terrain
|-fieldend|move: Grassy Terrain
|upkeep
|
|t:|1756743967
|switch|p2b: Primarina|Primarina, L50, F|84/100
|turn|6
|inactive|pikatrod has 30 seconds left.
|inactive|pikatrod has 20 seconds left.
|
|t:|1756744005
|move|p2a: Kingambit|Protect|p2a: Kingambit
|-singleturn|p2a: Kingambit|Protect
|move|p1b: D'oro|Close Combat|p2a: Kingambit
|-activate|p2a: Kingambit|move: Protect
|move|p1a: Sylva|Wood Hammer|p2b: Primarina
|-supereffective|p2b: Primarina
|-damage|p2b: Primarina|0 fnt
|faint|p2b: Primarina
|-damage|p1a: Sylva|72/100|[from] Recoil
|
|upkeep
|turn|7
|
|t:|1756744013
|-terastallize|p2a: Kingambit|Dark
|move|p2a: Kingambit|Sucker Punch|p1a: Sylva
|-damage|p1a: Sylva|13/100
|move|p1b: D'oro|Close Combat|p2a: Kingambit
|-supereffective|p2a: Kingambit
|-damage|p2a: Kingambit|0 fnt
|-unboost|p1b: D'oro|def|1
|-unboost|p1b: D'oro|spd|1
|faint|p2a: Kingambit
|
|win|Shishio_Ax
||Shishio_Ax is ready for game 3.
||pikatrod is ready for game 3.
|uhtml|next|Next: Game 3 of 3
|l|☆Shishio_Ax
|player|p1|
