|j|☆LaraTheGamer
|j|☆torie123
|html|LaraTheGamertorie123    
|uhtml|bestof|Game 1 of a best-of-3
|t:|1783863130
|gametype|doubles
|player|p1|LaraTheGamer|marnie-masters3|
|player|p2|torie123|swimmer|
|gen|9
|tier|[Gen 9 Champions] VGC 2026 Reg M-B (Bo3)
|rule|Species Clause: Limit one of each Pokémon
|rule|Item Clause: Limit 1 of each item
|clearpoke
|poke|p1|Falinks, L50|
|poke|p1|Staraptor, L50, M|
|poke|p1|Kingambit, L50, F|
|poke|p1|Farigiraf, L50, F|
|poke|p1|Blastoise, L50, M|
|poke|p1|Sableye, L50, F|
|poke|p2|Grimmsnarl, L50, M|
|poke|p2|Metagross, L50|
|poke|p2|Archaludon, L50, M|
|poke|p2|Pelipper, L50, M|
|poke|p2|Maushold, L50|
|poke|p2|Swampert, L50, F|
|teampreview|4
|showteam|p1|Falinks||FocusSash|Defiant|CloseCombat,RockSlide,Protect,NoRetreat|Adamant|||||50|]Staraptor||ChoiceScarf|Intimidate|FinalGambit,CloseCombat,Tailwind,DualWingbeat|Jolly||M|||50|]Kingambit||BlackGlasses|Defiant|KowtowCleave,SuckerPunch,IronHead,LowKick|Adamant||F|||50|]Farigiraf||SitrusBerry|ArmorTail|Psychic,RainDance,TrickRoom,HelpingHand|Bold||F|||50|]Blastoise||Blastoisinite|Torrent|Protect,FakeOut,AuraSphere,WaterSpout|Quiet||M|||50|]Sableye||LightClay|Prankster|Reflect,LightScreen,RainDance,WillOWisp|Calm||F|||50|
|showteam|p2|Grimmsnarl||LightClay|Prankster|FoulPlay,Reflect,LightScreen,PartingShot|Careful||M|||50|]Metagross||Metagrossite|ClearBody|IronHead,PsychicFangs,BodyPress,Protect|Jolly|||||50|]Archaludon||Leftovers|Stamina|ElectroShot,DragonPulse,FlashCannon,Protect|Modest||M|||50|]Pelipper||SitrusBerry|Drizzle|Hurricane,WeatherBall,Tailwind,Protect|Modest||M|||50|]Maushold||WideLens|FriendGuard|PopulationBomb,FollowMe,Encore,Protect|Jolly|||||50|]Swampert||Swampertite|Torrent|WaveCrash,Earthquake,IcePunch,Protect|Adamant||F|||50|
|inactive|Battle timer is ON: inactive players will automatically lose when time's up. (requested by torie123)
|c|☆torie123|glhf!
|j| pietplezier7
|c|☆LaraTheGamer|glhf!
|inactive|LaraTheGamer has 60 seconds left.
|inactive|torie123 has 60 seconds left.
|j| Ome Henk
|l| pietplezier7
|inactive|torie123 has 30 seconds left.
|inactive|torie123 has 20 seconds left.
|j| 000aj
|j| peer+mol
|inactive|torie123 has 15 seconds left.
|j| pietplezier7
|inactive|torie123 has 10 seconds left.
|l| peer+mol
|inactive|torie123 has 5 seconds left.
|
|t:|1783863216
|teamsize|p1|4
|teamsize|p2|4
|start
|switch|p1a: Staraptor|Staraptor, L50, M|100/100
|switch|p1b: Farigiraf|Farigiraf, L50, F|100/100
|switch|p2a: Pelipper|Pelipper, L50, M|100/100
|switch|p2b: Swampert|Swampert, L50, F|100/100
|-ability|p1a: Staraptor|Intimidate|boost
|-unboost|p2a: Pelipper|atk|1
|-unboost|p2b: Swampert|atk|1
|-weather|RainDance|[from] ability: Drizzle|[of] p2a: Pelipper
|turn|1
|inactive|LaraTheGamer has 30 seconds left.
|inactive|torie123 has 30 seconds left.
|j| CarrotsAreVeryPog
|l| pietplezier7
|inactive|LaraTheGamer has 20 seconds left.
|inactive|LaraTheGamer has 15 seconds left.
|inactive|LaraTheGamer has 10 seconds left.
|
|t:|1783863262
|move|p2b: Swampert|Protect|p2b: Swampert
|-singleturn|p2b: Swampert|Protect
|move|p1a: Staraptor|Final Gambit|p2b: Swampert
|-activate|p2b: Swampert|move: Protect
|move|p2a: Pelipper|Weather Ball|p1b: Farigiraf
|-damage|p1b: Farigiraf|40/100
|-enditem|p1b: Farigiraf|Sitrus Berry|[eat]
|-heal|p1b: Farigiraf|65/100|[from] item: Sitrus Berry
|move|p1b: Farigiraf|Trick Room|p1b: Farigiraf
|-fieldstart|move: Trick Room|[of] p1b: Farigiraf
|
|-weather|RainDance|[upkeep]
|upkeep
|turn|2
|j| pietplezier7
|inactive|LaraTheGamer has 30 seconds left.
|inactive|torie123 has 30 seconds left.
|inactive|LaraTheGamer has 20 seconds left.
|inactive|torie123 has 20 seconds left.
|inactive|LaraTheGamer has 15 seconds left.
|inactive|torie123 has 15 seconds left.
|inactive|LaraTheGamer has 10 seconds left.
|inactive|torie123 has 10 seconds left.
|
|t:|1783863312
|switch|p2b: Maushold|Maushold, L50|100/100
|move|p1b: Farigiraf|Psychic|p2a: Pelipper
|-damage|p2a: Pelipper|67/100
|move|p2a: Pelipper|Weather Ball|p1a: Staraptor
|-damage|p1a: Staraptor|13/100
|move|p1a: Staraptor|Final Gambit|p2b: Maushold
|-damage|p2b: Maushold|82/100
|faint|p1a: Staraptor
|
|-weather|RainDance|[upkeep]
|upkeep
|
|t:|1783863333
|switch|p1a: Blastoise|Blastoise, L50, M|100/100
|turn|3
|inactive|torie123 has 30 seconds left.
|
|t:|1783863363
|detailschange|p1a: Blastoise|Blastoise-Mega, L50, M
|-mega|p1a: Blastoise|Blastoise|Blastoisinite
|move|p1b: Farigiraf|Helping Hand|p1a: Blastoise
|-singleturn|p1a: Blastoise|Helping Hand|[of] p1b: Farigiraf
|move|p2b: Maushold|Protect|p2b: Maushold
|-singleturn|p2b: Maushold|Protect
|move|p1a: Blastoise|Water Spout|p2a: Pelipper|[spread] p2a
|-activate|p2b: Maushold|move: Protect
|-resisted|p2a: Pelipper|1
|-damage|p2a: Pelipper|4/100
|-enditem|p2a: Pelipper|Sitrus Berry|[eat]
|-heal|p2a: Pelipper|28/100|[from] item: Sitrus Berry
|move|p2a: Pelipper|Hurricane|p1a: Blastoise
|-damage|p1a: Blastoise|64/100
|
|-weather|RainDance|[upkeep]
|upkeep
|turn|4
|inactive|LaraTheGamer has 30 seconds left.
|inactive|torie123 has 30 seconds left.
|inactive|LaraTheGamer has 20 seconds left.
|
|t:|1783863399
|move|p2a: Pelipper|Protect|p2a: Pelipper
|-singleturn|p2a: Pelipper|Protect
|move|p1b: Farigiraf|Psychic|p2a: Pelipper
|-activate|p2a: Pelipper|move: Protect
|move|p1a: Blastoise|Aura Sphere|p2b: Maushold
|-supereffective|p2b: Maushold|1
|-damage|p2b: Maushold|0 fnt
|faint|p2b: Maushold
|
|-weather|RainDance|[upkeep]
|upkeep
|
|t:|1783863416
|switch|p2b: Swampert|Swampert, L50, F|100/100
|turn|5
|
|t:|1783863438
|switch|p2a: Archaludon|Archaludon, L50, M|100/100
|move|p1b: Farigiraf|Helping Hand|p1a: Blastoise
|-singleturn|p1a: Blastoise|Helping Hand|[of] p1b: Farigiraf
|move|p2b: Swampert|Protect|p2b: Swampert
|-singleturn|p2b: Swampert|Protect
|move|p1a: Blastoise|Water Spout|p2b: Swampert|[spread] p2a
|-activate|p2b: Swampert|move: Protect
|-resisted|p2a: Archaludon|1
|-damage|p2a: Archaludon|51/100
|-ability|p2a: Archaludon|Stamina|boost
|-boost|p2a: Archaludon|def|1
|
|-weather|none
|-heal|p2a: Archaludon|57/100|[from] item: Leftovers
|-fieldend|move: Trick Room
|upkeep
|turn|6
|inactive|LaraTheGamer has 30 seconds left.
|inactive|torie123 has 30 seconds left.
|inactive|LaraTheGamer has 20 seconds left.
|inactive|torie123 has 20 seconds left.
|inactive|LaraTheGamer has 15 seconds left.
|inactive|torie123 has 15 seconds left.
|inactive|torie123 has 10 seconds left.
|inactive|LaraTheGamer has 10 seconds left.
|inactive|torie123 has 5 seconds left.
|
|t:|1783863492
|detailschange|p2b: Swampert|Swampert-Mega, L50, F
|-mega|p2b: Swampert|Swampert|Swampertite
|move|p2a: Archaludon|Dragon Pulse|p1a: Blastoise
|-damage|p1a: Blastoise|31/100
|move|p2b: Swampert|Wave Crash|p1b: Farigiraf
|-damage|p1b: Farigiraf|11/100
|-damage|p2b: Swampert|79/100|[from] Recoil
|move|p1a: Blastoise|Aura Sphere|p2a: Archaludon
|-supereffective|p2a: Archaludon|1
|-damage|p2a: Archaludon|0 fnt
|faint|p2a: Archaludon
|move|p1b: Farigiraf|Trick Room|p1b: Farigiraf
|-fieldstart|move: Trick Room|[of] p1b: Farigiraf
|
|upkeep
|
|t:|1783863504
|switch|p2a: Pelipper|Pelipper, L50, M|28/100
|-weather|RainDance|[from] ability: Drizzle|[of] p2a: Pelipper
|turn|7
|inactive|torie123 has 30 seconds left.
|inactive|torie123 has 20 seconds left.
|
|t:|1783863541
|move|p2a: Pelipper|Protect|p2a: Pelipper
|-singleturn|p2a: Pelipper|Protect
|move|p1b: Farigiraf|Psychic|p2a: Pelipper
|-activate|p2a: Pelipper|move: Protect
|move|p1a: Blastoise|Aura Sphere|p2b: Swampert
|-damage|p2b: Swampert|35/100
|move|p2b: Swampert|Earthquake|p1a: Blastoise|[spread] p1a,p1b
|-activate|p2a: Pelipper|move: Protect
|-damage|p1a: Blastoise|0 fnt
|-damage|p1b: Farigiraf|0 fnt
|faint|p1a: Blastoise
|faint|p1b: Farigiraf
|
|-weather|RainDance|[upkeep]
|upkeep
|
|t:|1783863555
|switch|p1a: Kingambit|Kingambit, L50, F|100/100
|turn|8
|
|t:|1783863577
|move|p1a: Kingambit|Kowtow Cleave|p2a: Pelipper
|-damage|p2a: Pelipper|0 fnt
|faint|p2a: Pelipper
|move|p2b: Swampert|Wave Crash|p1a: Kingambit
|-damage|p1a: Kingambit|14/100
|-damage|p2b: Swampert|4/100|[from] Recoil
|
|-weather|RainDance|[upkeep]
|upkeep
|turn|9
|-message|torie123 forfeited.
|
|win|LaraTheGamer
|l|☆torie123
|player|p2|
||torie123 is ready for game 2.
|l| 000aj
||LaraTheGamer is ready for game 2.
|uhtml|next|Next: Game 2 of 3
|l| Ome Henk
|l| CarrotsAreVeryPog
|l| pietplezier7
|j| CarrotsAreVeryPog
|l| CarrotsAreVeryPog
|j| CarrotsAreVeryPog
|l| CarrotsAreVeryPog
|l|☆LaraTheGamer
|player|p1|
|j|☆torie123
|player|p2|torie123|swimmer|
|l|☆torie123
|player|p2|
|j| Ome Henk
