|j|☆Keith Jones
|j|☆new mental
|html|Keith Jonesnew mental    
|uhtml|bestof|Game 1 of a best-of-3
|t:|1783595935
|gametype|doubles
|player|p1|Keith Jones|benga|1350
|player|p2|new mental|volkner|1368
|gen|9
|tier|[Gen 9 Champions] VGC 2026 Reg M-B (Bo3)
|rated|
|rule|Species Clause: Limit one of each Pokémon
|rule|Item Clause: Limit 1 of each item
|clearpoke
|poke|p1|Maushold-Four, L50|
|poke|p1|Eelektross, L50, M|
|poke|p1|Ninetales-Alola, L50, F|
|poke|p1|Aerodactyl, L50, F|
|poke|p1|Kingambit, L50, F|
|poke|p1|Floette-Eternal, L50, F|
|poke|p2|Charizard, L50, M|
|poke|p2|Kingambit, L50, F|
|poke|p2|Sylveon, L50, M|
|poke|p2|Garchomp, L50, F|
|poke|p2|Aerodactyl, L50, M|
|poke|p2|Farigiraf, L50, M|
|teampreview|4
|showteam|p1|Maushold-Four||ChopleBerry|FriendGuard|SuperFang,FollowMe,Encore,Protect|Timid|||||50|]Eelektross||Eelektrossite|Levitate|SupercellSlam,CloseCombat,PsychicFangs,Protect|Adamant||M|||50|]Ninetales-Alola||LightClay|SnowWarning|Blizzard,FreezeDry,AuroraVeil,Protect|Timid||F|||50|]Aerodactyl||FocusSash|Unnerve|RockSlide,DualWingbeat,Tailwind,Protect|Jolly||F|||50|]Kingambit||BlackGlasses|Defiant|KowtowCleave,SuckerPunch,SwordsDance,Protect|Adamant||F|||50|]Floette-Eternal||Floettite|FlowerVeil|Moonblast,DazzlingGleam,CalmMind,Protect|Timid||F|||50|
|showteam|p2|Charizard||CharizarditeY|SolarPower|Protect,HeatWave,SolarBeam,WeatherBall|Modest||M|||50|]Kingambit||FocusSash|Defiant|IronHead,SuckerPunch,KowtowCleave,LowKick|Adamant||F|||50|]Sylveon||FairyFeather|Pixilate|Detect,HyperVoice,HyperBeam,QuickAttack|Modest||M|||50|]Garchomp||LifeOrb|RoughSkin|Protect,DragonClaw,Earthquake,RockSlide|Jolly||F|||50|]Aerodactyl||Aerodactylite|Unnerve|IceFang,RockSlide,Tailwind,DualWingbeat|Jolly||M|||50|]Farigiraf||SitrusBerry|ArmorTail|TrickRoom,Psychic,Thunderbolt,Roar|Bold||M|||50|
|
|t:|1783595994
|teamsize|p1|4
|teamsize|p2|4
|start
|switch|p1a: Aerodactyl|Aerodactyl, L50, F|100/100
|switch|p1b: Kingambit|Kingambit, L50, F|100/100
|switch|p2a: Kingambit|Kingambit, L50, F|100/100
|switch|p2b: Farigiraf|Farigiraf, L50, M|100/100
|-ability|p1a: Aerodactyl|Unnerve
|turn|1
|
|t:|1783596010
|move|p1a: Aerodactyl|Tailwind|p1a: Aerodactyl
|-sidestart|p1: Keith Jones|move: Tailwind
|move|p1b: Kingambit|Kowtow Cleave|p2b: Farigiraf
|-supereffective|p2b: Farigiraf|1
|-damage|p2b: Farigiraf|6/100
|move|p2a: Kingambit|Iron Head|p1a: Aerodactyl
|-supereffective|p1a: Aerodactyl|1
|-enditem|p1a: Aerodactyl|Focus Sash
|-damage|p1a: Aerodactyl|1/100
|move|p2b: Farigiraf|Psychic|p1a: Aerodactyl
|-damage|p1a: Aerodactyl|0 fnt
|-enditem|p2b: Farigiraf|Sitrus Berry|[eat]
|-heal|p2b: Farigiraf|31/100|[from] item: Sitrus Berry
|faint|p1a: Aerodactyl
|
|upkeep
|
|t:|1783596020
|switch|p1a: Eelektross|Eelektross, L50, M|100/100
|turn|2
|
|t:|1783596048
|switch|p1b: Ninetales|Ninetales-Alola, L50, F|100/100
|-weather|Snowscape|[from] ability: Snow Warning|[of] p1b: Ninetales
|detailschange|p1a: Eelektross|Eelektross-Mega, L50, M
|-mega|p1a: Eelektross|Eelektross|Eelektrossite
|move|p1a: Eelektross|Supercell Slam|p2b: Farigiraf
|-damage|p2b: Farigiraf|0 fnt
|faint|p2b: Farigiraf
|-ability|p1a: Eelektross|Eelevate|boost
|-boost|p1a: Eelektross|atk|1
|move|p2a: Kingambit|Low Kick|p1b: Ninetales
|-damage|p1b: Ninetales|85/100
|
|-weather|Snowscape|[upkeep]
|upkeep
|
|t:|1783596059
|switch|p2b: Charizard|Charizard, L50, M|100/100
|turn|3
|
|t:|1783596069
|detailschange|p2b: Charizard|Charizard-Mega-Y, L50, M
|-mega|p2b: Charizard|Charizard|Charizardite Y
|-weather|SunnyDay|[from] ability: Drought|[of] p2b: Charizard
|move|p2b: Charizard|Protect|p2b: Charizard
|-singleturn|p2b: Charizard|Protect
|move|p2a: Kingambit|Sucker Punch|p1a: Eelektross
|-damage|p1a: Eelektross|56/100
|move|p1b: Ninetales|Freeze-Dry|p2a: Kingambit
|-resisted|p2a: Kingambit|1
|-damage|p2a: Kingambit|87/100
|move|p1a: Eelektross|Close Combat|p2a: Kingambit
|-supereffective|p2a: Kingambit|2
|-damage|p2a: Kingambit|0 fnt
|-unboost|p1a: Eelektross|def|1
|-unboost|p1a: Eelektross|spd|1
|faint|p2a: Kingambit
|-ability|p1a: Eelektross|Eelevate|boost
|-boost|p1a: Eelektross|atk|1
|
|-weather|SunnyDay|[upkeep]
|upkeep
|
|t:|1783596080
|switch|p2a: Sylveon|Sylveon, L50, M|100/100
|turn|4
|
|t:|1783596093
|move|p1b: Ninetales|Protect|p1b: Ninetales
|-singleturn|p1b: Ninetales|Protect
|move|p2a: Sylveon|Quick Attack|p1a: Eelektross
|-damage|p1a: Eelektross|34/100
|move|p1a: Eelektross|Supercell Slam|p2b: Charizard
|-supereffective|p2b: Charizard|1
|-damage|p2b: Charizard|0 fnt
|faint|p2b: Charizard
|-ability|p1a: Eelektross|Eelevate|boost
|-boost|p1a: Eelektross|atk|1
|
|-weather|SunnyDay|[upkeep]
|-sideend|p1: Keith Jones|move: Tailwind
|upkeep
|turn|5
|-message|new mental forfeited.
|
|win|Keith Jones
||Keith Jones is ready for game 2.
|inactive|new mental has 30 seconds to confirm battle start!
||new mental is ready for game 2.
|uhtml|next|Next: Game 2 of 3
|l|☆new mental
|player|p2|
