|j|☆iruama
|j|☆PaquitoelBollito
|html|iruamaPaquitoelBollito    
|uhtml|bestof|Game 3 of a best-of-3
|t:|1786200675
|gametype|doubles
|player|p1|iruama|yellow|1157
|player|p2|PaquitoelBollito|266|1208
|gen|9
|tier|[Gen 9 Champions] VGC 2026 Reg M-B (Bo3)
|rated|
|rule|Species Clause: Limit one of each Pokémon
|rule|Item Clause: Limit 1 of each item
|clearpoke
|poke|p1|Chandelure, L50, F|
|poke|p1|Whimsicott, L50, M, shiny|
|poke|p1|Kangaskhan, L50, F|
|poke|p1|Torkoal, L50, F|
|poke|p1|Sneasler, L50, F|
|poke|p1|Basculegion, L50, M|
|poke|p2|Froslass, L50, F|
|poke|p2|Scovillain, L50, M|
|poke|p2|Kingambit, L50, F|
|poke|p2|Sneasler, L50, M|
|poke|p2|Basculegion, L50, M|
|poke|p2|Lycanroc-Dusk, L50, M|
|teampreview|4
|showteam|p1|Chandelure||Chandelurite|FlashFire|ShadowBall,HeatWave,TrickRoom,Protect|Timid||F|||50|]Whimsicott||FocusSash|Prankster|Tailwind,Moonblast,Protect,Encore|Timid||M|||50|]Kangaskhan||SilkScarf|Scrappy|FakeOut,LastResort|Jolly||F|||50|]Torkoal||Charcoal|Drought|HelpingHand,Eruption,WeatherBall,Protect|Quiet||F|||50|]Sneasler||WhiteHerb|Unburden|FakeOut,CloseCombat,DireClaw,Protect|Jolly||F|||50|]Basculegion||ChoiceScarf|Adaptability|WaveCrash,LastRespects,AquaJet,FlipTurn|Jolly||M|||50|
|showteam|p2|Froslass||Froslassite|CursedBody|Protect,Blizzard,AuroraVeil,ShadowBall|Modest||F|||50|]Scovillain||Scovillainite|Moody|Protect,Overheat,GigaDrain,RagePowder|Modest||M|||50|]Kingambit||BlackGlasses|Defiant|Protect,KowtowCleave,SwordsDance,SuckerPunch|Adamant||F|||50|]Sneasler||WhiteHerb|Unburden|FakeOut,GunkShot,CloseCombat,Protect|Adamant||M|||50|]Basculegion||SitrusBerry|Adaptability|Protect,LastRespects,WaveCrash,AquaJet|Adamant||M|||50|]Lycanroc-Dusk||FocusSash|ToughClaws|Protect,Accelerock,RockSlide,CloseCombat|Adamant||M|||50|
|inactive|Battle timer is ON: inactive players will automatically lose when time's up. (requested by PaquitoelBollito)
|
|t:|1786200694
|teamsize|p1|4
|teamsize|p2|4
|start
|switch|p1a: The Koal|Torkoal, L50, F|100/100
|switch|p1b: The Lure|Chandelure, L50, F|100/100
|switch|p2a: Lycanroc|Lycanroc-Dusk, L50, M|100/100
|switch|p2b: Froslass|Froslass, L50, F|100/100
|-weather|SunnyDay|[from] ability: Drought|[of] p1a: The Koal
|turn|1
|
|t:|1786200712
|detailschange|p2b: Froslass|Froslass-Mega, L50, F
|-mega|p2b: Froslass|Froslass|Froslassite
|-weather|Snowscape|[from] ability: Snow Warning|[of] p2b: Froslass
|detailschange|p1b: The Lure|Chandelure-Mega, L50, F
|-mega|p1b: The Lure|Chandelure|Chandelurite
|move|p1a: The Koal|Helping Hand|p1b: The Lure
|-singleturn|p1b: The Lure|Helping Hand|[of] p1a: The Koal
|move|p2b: Froslass|Aurora Veil|p2b: Froslass
|-sidestart|p2: PaquitoelBollito|move: Aurora Veil
|move|p2a: Lycanroc|Rock Slide|p1b: The Lure|[spread] p1a,p1b
|-supereffective|p1a: The Koal|1
|-supereffective|p1b: The Lure|1
|-damage|p1a: The Koal|51/100
|-damage|p1b: The Lure|29/100
|cant|p1b: The Lure|flinch
|
|-weather|Snowscape|[upkeep]
|upkeep
|turn|2
|
|t:|1786200734
|switch|p1a: The Sler|Sneasler, L50, F|100/100
|move|p1b: The Lure|Protect|p1b: The Lure
|-singleturn|p1b: The Lure|Protect
|move|p2b: Froslass|Blizzard|p1a: The Sler|[spread] p1a
|-activate|p1b: The Lure|move: Protect
|-damage|p1a: The Sler|42/100
|-status|p1a: The Sler|frz
|move|p2a: Lycanroc|Rock Slide|p1a: The Sler|[spread] p1a
|-activate|p1b: The Lure|move: Protect
|-resisted|p1a: The Sler|1
|-damage|p1a: The Sler|19/100 frz
|
|-weather|Snowscape|[upkeep]
|upkeep
|turn|3
|inactive|iruama has 30 seconds left.
|
|t:|1786200760
|cant|p1a: The Sler|frz
|move|p2a: Lycanroc|Accelerock|p1b: The Lure
|-supereffective|p1b: The Lure|1
|-damage|p1b: The Lure|0 fnt
|faint|p1b: The Lure
|move|p2b: Froslass|Blizzard|p1a: The Sler
|-damage|p1a: The Sler|0 fnt
|faint|p1a: The Sler
|
|-weather|Snowscape|[upkeep]
|upkeep
|
|t:|1786200765
|switch|p1a: The Koal|Torkoal, L50, F|51/100
|switch|p1b: The Cott|Whimsicott, L50, M, shiny|100/100
|-weather|SunnyDay|[from] ability: Drought|[of] p1a: The Koal
|turn|4
|
|t:|1786200782
|switch|p2b: Basculegion|Basculegion, L50, M|100/100
|move|p1b: The Cott|Moonblast|p2a: Lycanroc
|-damage|p2a: Lycanroc|71/100
|move|p2a: Lycanroc|Rock Slide|p1b: The Cott|[spread] p1a,p1b
|-supereffective|p1a: The Koal|1
|-damage|p1a: The Koal|1/100
|-damage|p1b: The Cott|64/100
|move|p1a: The Koal|Weather Ball|p2b: Basculegion
|-resisted|p2b: Basculegion|1
|-damage|p2b: Basculegion|71/100
|
|-weather|SunnyDay|[upkeep]
|upkeep
|turn|5
|
|t:|1786200806
|move|p1a: The Koal|Protect|p1a: The Koal
|-singleturn|p1a: The Koal|Protect
|move|p2a: Lycanroc|Accelerock|p1b: The Cott
|-damage|p1b: The Cott|31/100
|move|p2b: Basculegion|Aqua Jet|p1a: The Koal
|-activate|p1a: The Koal|move: Protect
|move|p1b: The Cott|Moonblast|p2b: Basculegion
|-damage|p2b: Basculegion|52/100
|
|-weather|SunnyDay|[upkeep]
|-sideend|p2: PaquitoelBollito|move: Aurora Veil
|upkeep
|turn|6
|
|t:|1786200825
|move|p2b: Basculegion|Aqua Jet|p1a: The Koal
|-supereffective|p1a: The Koal|1
|-damage|p1a: The Koal|0 fnt
|faint|p1a: The Koal
|move|p1b: The Cott|Moonblast|p2b: Basculegion
|-damage|p2b: Basculegion|19/100
|-enditem|p2b: Basculegion|Sitrus Berry|[eat]
|-heal|p2b: Basculegion|44/100|[from] item: Sitrus Berry
|move|p2a: Lycanroc|Rock Slide|p1b: The Cott|[miss]
|-miss|p2a: Lycanroc|p1b: The Cott
|
|-weather|SunnyDay|[upkeep]
|upkeep
|turn|7
|
|t:|1786200841
|move|p2a: Lycanroc|Accelerock|p1b: The Cott
|-damage|p1b: The Cott|0 fnt
|faint|p1b: The Cott
|
|win|PaquitoelBollito
|raw|iruama's rating: 1157 → 1136(-21 for losing)
|raw|PaquitoelBollito's rating: 1208 → 1229(+21 for winning)
