|j|☆IngeVGC
|j|☆Capravolante97
|html|IngeVGCCapravolante97    
|uhtml|bestof|Game 2 of a best-of-3
|t:|1756330279
|gametype|doubles
|player|p1|IngeVGC|fisherman-gen4|1405
|player|p2|Capravolante97|fantina|1464
|gen|9
|tier|[Gen 9] VGC 2025 Reg H (Bo3)
|rated|
|rule|Species Clause: Limit one of each Pokémon
|rule|Item Clause: Limit 1 of each item
|clearpoke
|poke|p1|Kingambit, L50, F|
|poke|p1|Rillaboom, L50, M|
|poke|p1|Electabuzz, L50, M|
|poke|p1|Volcarona, L50, F|
|poke|p1|Sneasler, L50, F|
|poke|p1|Dragonite, L50, F|
|poke|p2|Whimsicott, L50, M|
|poke|p2|Meowscarada, L50, M|
|poke|p2|Indeedee, L50, M|
|poke|p2|Sneasler, L50, M|
|poke|p2|Ursaluna-Bloodmoon, L50, M|
|poke|p2|Archaludon, L50, M|
|teampreview|4
|showteam|p1|Kingambit||BlackGlasses|Defiant|Protect,KowtowCleave,SuckerPunch,SwordsDance|||F|||50|,,,,,Dark]Rillaboom||AssaultVest|GrassySurge|WoodHammer,GrassyGlide,HighHorsepower,FakeOut|||M|||50|,,,,,Fire]Electabuzz||Eviolite|VitalSpirit|Protect,Thunderbolt,HelpingHand,FollowMe|||M|||50|,,,,,Ghost]Volcarona||CovertCloak|FlameBody|Protect,HeatWave,TeraBlast,QuiverDance|||F|||50|,,,,,Fairy]Sneasler||FocusSash|Unburden|CloseCombat,DireClaw,Coaching,FakeOut|||F|||50|,,,,,Stellar]Dragonite||LoadedDice|Multiscale|ScaleShot,Haze,ExtremeSpeed,Protect|||F|||50|,,,,,Fairy
|showteam|p2|Whimsicott||CovertCloak|Prankster|Moonblast,Taunt,Tailwind,FakeTears|||M|||50|,,,,,Water]Meowscarada||ChoiceBand|Protean|FlowerTrick,TripleAxel,Uturn,KnockOff|||M|||50|,,,,,Ghost]Indeedee||FocusSash|PsychicSurge|ExpandingForce,TeraBlast,Imprison,TrickRoom|||M|||50|,,,,,Psychic]Sneasler||PsychicSeed|Unburden|CloseCombat,DireClaw,ThroatChop,Protect|||M|||50|,,,,,Dark]Ursaluna-Bloodmoon||LifeOrb|MindsEye|HyperVoice,BloodMoon,EarthPower,Protect|||M|||50|,,,,,Normal]Archaludon||PowerHerb|Stalwart|ElectroShot,DragonPulse,Thunderbolt,Protect|||M|||50|,,,,,Electric
|inactive|Battle timer is ON: inactive players will automatically lose when time's up. (requested by Capravolante97)
|inactive|Capravolante97 has 60 seconds left.
|
|t:|1756330327
|teamsize|p1|4
|teamsize|p2|4
|start
|switch|p1a: Vanessa|Sneasler, L50, F|100/100
|switch|p1b: Cassie|Dragonite, L50, F|100/100
|switch|p2a: Indeedee|Indeedee, L50, M|100/100
|switch|p2b: Archaludon|Archaludon, L50, M|100/100
|-fieldstart|move: Psychic Terrain|[from] ability: Psychic Surge|[of] p2a: Indeedee
|turn|1
|inactive|IngeVGC has 30 seconds left.
|inactive|Capravolante97 has 30 seconds left.
|
|t:|1756330360
|-terastallize|p2b: Archaludon|Electric
|move|p1b: Cassie|Protect|p1b: Cassie
|-singleturn|p1b: Cassie|Protect
|move|p1a: Vanessa|Close Combat|p2b: Archaludon
|-damage|p2b: Archaludon|46/100
|-unboost|p1a: Vanessa|def|1
|-unboost|p1a: Vanessa|spd|1
|move|p2a: Indeedee|Expanding Force|p1a: Vanessa|[spread] p1a
|-activate|p1b: Cassie|move: Protect
|-supereffective|p1a: Vanessa
|-enditem|p1a: Vanessa|Focus Sash
|-damage|p1a: Vanessa|1/100
|move|p2b: Archaludon|Electro Shot||[still]
|-prepare|p2b: Archaludon|Electro Shot
|-boost|p2b: Archaludon|spa|1
|-enditem|p2b: Archaludon|Power Herb
|-anim|p2b: Archaludon|Electro Shot|p1a: Vanessa
|-damage|p1a: Vanessa|0 fnt
|faint|p1a: Vanessa
|
|upkeep
|
|t:|1756330369
|switch|p1a: Kerchak|Rillaboom, L50, M|100/100
|-fieldstart|move: Grassy Terrain|[from] ability: Grassy Surge|[of] p1a: Kerchak
|turn|2
|
|t:|1756330381
|switch|p2a: Meowscarada|Meowscarada, L50, M|100/100
|move|p1a: Kerchak|Fake Out|p2b: Archaludon
|-crit|p2b: Archaludon
|-damage|p2b: Archaludon|27/100
|cant|p2b: Archaludon|flinch
|move|p1b: Cassie|Scale Shot|p2a: Meowscarada
|-damage|p2a: Meowscarada|79/100
|-damage|p2a: Meowscarada|55/100
|-damage|p2a: Meowscarada|33/100
|-damage|p2a: Meowscarada|12/100
|-damage|p2a: Meowscarada|0 fnt
|faint|p2a: Meowscarada
|-hitcount|p2: Meowscarada|5
|-unboost|p1b: Cassie|def|1
|-boost|p1b: Cassie|spe|1
|
|-heal|p2b: Archaludon|33/100|[from] Grassy Terrain
|upkeep
|
|t:|1756330399
|switch|p2a: Sneasler|Sneasler, L50, M|100/100
|turn|3
|
|t:|1756330405
|switch|p1a: Nobunaga|Kingambit, L50, F, shiny|100/100
|move|p2b: Archaludon|Protect|p2b: Archaludon
|-singleturn|p2b: Archaludon|Protect
|move|p1b: Cassie|Scale Shot|p2a: Sneasler
|-damage|p2a: Sneasler|79/100
|-damage|p2a: Sneasler|55/100
|-damage|p2a: Sneasler|31/100
|-damage|p2a: Sneasler|8/100
|-hitcount|p2a: Sneasler|4
|-unboost|p1b: Cassie|def|1
|-boost|p1b: Cassie|spe|1
|move|p2a: Sneasler|Dire Claw|p1b: Cassie
|-damage|p1b: Cassie|52/100
|
|-heal|p2a: Sneasler|14/100|[from] Grassy Terrain
|-heal|p2b: Archaludon|39/100|[from] Grassy Terrain
|upkeep
|turn|4
|inactive|Capravolante97 has 30 seconds left.
|inactive|IngeVGC has 30 seconds left.
|inactive|Capravolante97 has 20 seconds left.
|
|t:|1756330443
|move|p1b: Cassie|Protect|p1b: Cassie
|-singleturn|p1b: Cassie|Protect
|move|p2a: Sneasler|Protect|p2a: Sneasler
|-singleturn|p2a: Sneasler|Protect
|move|p1a: Nobunaga|Protect|p1a: Nobunaga
|-singleturn|p1a: Nobunaga|Protect
|move|p2b: Archaludon|Thunderbolt|p1a: Nobunaga
|-activate|p1a: Nobunaga|move: Protect
|
|-heal|p2a: Sneasler|20/100|[from] Grassy Terrain
|-heal|p2b: Archaludon|45/100|[from] Grassy Terrain
|upkeep
|turn|5
|
|t:|1756330461
|switch|p2a: Indeedee|Indeedee, L50, M|100/100
|-fieldstart|move: Psychic Terrain|[from] ability: Psychic Surge|[of] p2a: Indeedee
|switch|p1a: Kerchak|Rillaboom, L50, M|100/100
|-fieldstart|move: Grassy Terrain|[from] ability: Grassy Surge|[of] p1a: Kerchak
|move|p1b: Cassie|Extreme Speed|p2a: Indeedee
|-damage|p2a: Indeedee|32/100
|move|p2b: Archaludon|Dragon Pulse|p1b: Cassie
|-supereffective|p1b: Cassie
|-damage|p1b: Cassie|0 fnt
|faint|p1b: Cassie
|
|-heal|p2a: Indeedee|38/100|[from] Grassy Terrain
|-heal|p2b: Archaludon|51/100|[from] Grassy Terrain
|upkeep
|
|t:|1756330465
|switch|p1b: Nobunaga|Kingambit, L50, F, shiny|100/100
|turn|6
|inactive|Capravolante97 has 30 seconds left.
|inactive|Capravolante97 has 20 seconds left.
|inactive|IngeVGC has 30 seconds left.
|inactive|Capravolante97 has 15 seconds left.
|inactive|Capravolante97 has 10 seconds left.
|
|t:|1756330512
|switch|p2a: Sneasler|Sneasler, L50, M|20/100
|-terastallize|p1b: Nobunaga|Dark
|move|p2b: Archaludon|Thunderbolt|p1b: Nobunaga
|-damage|p1b: Nobunaga|29/100
|move|p1a: Kerchak|High Horsepower|p2b: Archaludon
|-supereffective|p2b: Archaludon
|-damage|p2b: Archaludon|0 fnt
|faint|p2b: Archaludon
|move|p1b: Nobunaga|Kowtow Cleave|p2a: Sneasler
|-resisted|p2a: Sneasler
|-damage|p2a: Sneasler|0 fnt
|faint|p2a: Sneasler
|
|-heal|p1b: Nobunaga|35/100|[from] Grassy Terrain
|upkeep
|
|t:|1756330521
|switch|p2b: Indeedee|Indeedee, L50, M|38/100
|-fieldstart|move: Psychic Terrain|[from] ability: Psychic Surge|[of] p2b: Indeedee
|turn|7
|
|t:|1756330528
|move|p2b: Indeedee|Tera Blast|p1b: Nobunaga
|-crit|p1b: Nobunaga
|-damage|p1b: Nobunaga|0 fnt
|faint|p1b: Nobunaga
|move|p1a: Kerchak|Wood Hammer|p2b: Indeedee
|-crit|p2b: Indeedee
|-damage|p2b: Indeedee|0 fnt
|faint|p2b: Indeedee
|-damage|p1a: Kerchak|92/100|[from] Recoil
|
|win|IngeVGC
|raw|IngeVGC's rating: 1405 → 1428(+23 for winning)
|raw|Capravolante97's rating: 1464 → 1441(-23 for losing)
|l|☆Capravolante97
|player|p2|
