|j|☆huusjsj
|j|☆Slackermaru
|html|huusjsjSlackermaru    
|uhtml|bestof|Game 3 of a best-of-3
|t:|1754937110
|gametype|doubles
|player|p1|huusjsj|clay|1449
|player|p2|Slackermaru|workerice|1467
|gen|9
|tier|[Gen 9] VGC 2025 Reg H (Bo3)
|rated|
|rule|Species Clause: Limit one of each Pokémon
|rule|Item Clause: Limit 1 of each item
|clearpoke
|poke|p1|Annihilape, L50, F|
|poke|p1|Sinistcha, L50|
|poke|p1|Maushold-Four, L50|
|poke|p1|Klefki, L50, M|
|poke|p1|Ursaluna-Bloodmoon, L50, M|
|poke|p1|Ninetales-Alola, L50, F|
|poke|p2|Incineroar, L50, M|
|poke|p2|Amoonguss, L50, M|
|poke|p2|Ursaluna-Bloodmoon, L50, M|
|poke|p2|Sneasler, L50, M|
|poke|p2|Gholdengo, L50|
|poke|p2|Dragonite, L50, M|
|teampreview|4
|showteam|p1|Annihilape||Leftovers|Defiant|Protect,BulkUp,DrainPunch,RageFist|||F|||50|,,,,,Fire]Sinistcha||SitrusBerry|Hospitality|MatchaGotcha,TrickRoom,LifeDew,RagePowder||||||50|,,,,,Water]Maushold-Four||SafetyGoggles|FriendGuard|FollowMe,Taunt,BeatUp,Protect||||||50|,,,,,Ghost]Klefki||LightClay|Prankster|Reflect,LightScreen,MistyTerrain,DazzlingGleam|||M|||50|,,,,,Ghost]Ursaluna-Bloodmoon||AssaultVest|MindsEye|BloodMoon,HyperVoice,EarthPower,VacuumWave|||M|||50|,,,,,Water]Ninetales-Alola||ChoiceSpecs|SnowWarning|Moonblast,FreezeDry,IcyWind,Blizzard|||F|||50|,,,,,Ice
|showteam|p2|Incineroar||SafetyGoggles|Intimidate|FlareBlitz,KnockOff,PartingShot,FakeOut|||M|||50|,,,,,Ghost]Amoonguss||SitrusBerry|Regenerator|Spore,RagePowder,SludgeBomb,Protect|||M|||50|,,,,,Water]Ursaluna-Bloodmoon||AssaultVest|MindsEye|HyperVoice,BloodMoon,EarthPower,VacuumWave|||M|||50|,,,,,Ghost]Sneasler||FocusSash|Unburden|CloseCombat,DireClaw,ThroatChop,Protect|||M|||50|,,,,,Stellar]Gholdengo||LifeOrb|GoodasGold|MakeItRain,ShadowBall,NastyPlot,Protect||||||50|,,,,,Steel]Dragonite||LoadedDice|Multiscale|ScaleShot,Tailwind,Haze,Protect|||M|||50|,,,,,Fairy
|inactive|Battle timer is ON: inactive players will automatically lose when time's up. (requested by huusjsj)
|inactive|huusjsj has 60 seconds left.
|inactive|Slackermaru has 60 seconds left.
|
|t:|1754937162
|teamsize|p1|4
|teamsize|p2|4
|start
|switch|p1a: Klefki|Klefki, L50, M|100/100
|switch|p1b: Ursaluna|Ursaluna-Bloodmoon, L50, M|100/100
|switch|p2a: Gholdengo|Gholdengo, L50|100/100
|switch|p2b: Amoonguss|Amoonguss, L50, M, shiny|100/100
|turn|1
|
|t:|1754937178
|move|p2b: Amoonguss|Rage Powder|p2b: Amoonguss
|-singleturn|p2b: Amoonguss|move: Rage Powder
|move|p1a: Klefki|Misty Terrain|p1a: Klefki
|-fieldstart|move: Misty Terrain
|move|p2a: Gholdengo|Nasty Plot|p2a: Gholdengo
|-boost|p2a: Gholdengo|spa|2
|move|p1b: Ursaluna|Earth Power|p2b: Amoonguss
|-damage|p2b: Amoonguss|58/100
|
|upkeep
|turn|2
|inactive|Slackermaru has 30 seconds left.
|
|t:|1754937206
|move|p2a: Gholdengo|Protect|p2a: Gholdengo
|-singleturn|p2a: Gholdengo|Protect
|move|p1a: Klefki|Light Screen|p1a: Klefki
|-sidestart|p1: huusjsj|move: Light Screen
|move|p1b: Ursaluna|Earth Power|p2a: Gholdengo
|-activate|p2a: Gholdengo|move: Protect
|move|p2b: Amoonguss|Sludge Bomb|p1b: Ursaluna
|-resisted|p1b: Ursaluna
|-damage|p1b: Ursaluna|95/100
|
|upkeep
|turn|3
|inactive|huusjsj has 30 seconds left.
|
|t:|1754937241
|-terastallize|p1b: Ursaluna|Water
|move|p2b: Amoonguss|Rage Powder|p2b: Amoonguss
|-singleturn|p2b: Amoonguss|move: Rage Powder
|move|p1a: Klefki|Reflect|p1a: Klefki
|-sidestart|p1: huusjsj|Reflect
|move|p2a: Gholdengo|Make It Rain|p1b: Ursaluna|[spread] p1a,p1b
|-resisted|p1b: Ursaluna
|-damage|p1a: Klefki|25/100
|-damage|p1b: Ursaluna|68/100
|-unboost|p2a: Gholdengo|spa|1
|-damage|p2a: Gholdengo|91/100|[from] item: Life Orb
|move|p1b: Ursaluna|Blood Moon|p2b: Amoonguss
|-damage|p2b: Amoonguss|0 fnt
|faint|p2b: Amoonguss
|
|upkeep
|
|t:|1754937259
|switch|p2b: Sneasler|Sneasler, L50, M|100/100
|turn|4
|inactive|Slackermaru has 30 seconds left.
|
|t:|1754937292
|move|p2b: Sneasler|Close Combat|p1b: Ursaluna
|-damage|p1b: Ursaluna|39/100
|-unboost|p2b: Sneasler|def|1
|-unboost|p2b: Sneasler|spd|1
|move|p2a: Gholdengo|Shadow Ball|p1b: Ursaluna
|-damage|p1b: Ursaluna|2/100
|-damage|p2a: Gholdengo|81/100|[from] item: Life Orb
|move|p1a: Klefki|Dazzling Gleam|p2a: Gholdengo|[spread] p2a,p2b
|-resisted|p2a: Gholdengo
|-damage|p2a: Gholdengo|70/100
|-damage|p2b: Sneasler|64/100
|move|p1b: Ursaluna|Earth Power|p2a: Gholdengo
|-supereffective|p2a: Gholdengo
|-damage|p2a: Gholdengo|0 fnt
|faint|p2a: Gholdengo
|
|upkeep
|
|t:|1754937306
|switch|p2a: Ursaluna|Ursaluna-Bloodmoon, L50, M|100/100
|turn|5
|
|t:|1754937329
|move|p2a: Ursaluna|Vacuum Wave|p1b: Ursaluna
|-damage|p1b: Ursaluna|0 fnt
|faint|p1b: Ursaluna
|move|p2b: Sneasler|Close Combat|p1a: Klefki
|-damage|p1a: Klefki|0 fnt
|-unboost|p2b: Sneasler|def|1
|-unboost|p2b: Sneasler|spd|1
|faint|p1a: Klefki
|
|-fieldend|Misty Terrain
|upkeep
|
|t:|1754937335
|switch|p1a: Annihilape|Annihilape, L50, F, shiny|100/100
|switch|p1b: Sinistcha|Sinistcha, L50|100/100
|turn|6
|inactive|Slackermaru has 30 seconds left.
|
|t:|1754937364
|move|p1b: Sinistcha|Rage Powder|p1b: Sinistcha
|-singleturn|p1b: Sinistcha|move: Rage Powder
|move|p2b: Sneasler|Throat Chop|p1b: Sinistcha
|-supereffective|p1b: Sinistcha
|-damage|p1b: Sinistcha|68/100
|-start|p1b: Sinistcha|Throat Chop|[silent]
|move|p1a: Annihilape|Rage Fist|p2b: Sneasler
|-damage|p2b: Sneasler|0 fnt
|faint|p2b: Sneasler
|move|p2a: Ursaluna|Blood Moon|p1b: Sinistcha
|-damage|p1b: Sinistcha|21/100
|-enditem|p1b: Sinistcha|Sitrus Berry|[eat]
|-heal|p1b: Sinistcha|45/100|[from] item: Sitrus Berry
|
|upkeep
|turn|7
|inactive|huusjsj has 30 seconds left.
|inactive|Slackermaru has 30 seconds left.
|
|t:|1754937391
|move|p1a: Annihilape|Bulk Up|p1a: Annihilape
|-boost|p1a: Annihilape|atk|1
|-boost|p1a: Annihilape|def|1
|move|p1b: Sinistcha|Matcha Gotcha|p2a: Ursaluna
|-supereffective|p2a: Ursaluna
|-damage|p2a: Ursaluna|56/100
|-heal|p1b: Sinistcha|71/100|[from] drain|[of] p2a: Ursaluna
|move|p2a: Ursaluna|Hyper Voice|p1a: Annihilape|[spread] p1a,p1b
|-damage|p1a: Annihilape|80/100
|-damage|p1b: Sinistcha|45/100
|
|-heal|p1a: Annihilape|86/100|[from] item: Leftovers
|-end|p1b: Sinistcha|Throat Chop|[silent]
|upkeep
|turn|8
|-message|Slackermaru forfeited.
|
|win|huusjsj
|raw|huusjsj's rating: 1449 → 1470(+21 for winning)
|raw|Slackermaru's rating: 1467 → 1446(-21 for losing)
|l|☆huusjsj
|player|p1|
