|j|☆moicito
|j|☆dycheball
|html|moicitodycheball    
|uhtml|bestof|Game 1 of a best-of-3
|t:|1756256317
|gametype|doubles
|player|p1|moicito|266|1200
|player|p2|dycheball|cyrus|1328
|gen|9
|tier|[Gen 9] VGC 2025 Reg H (Bo3)
|rated|
|rule|Species Clause: Limit one of each Pokémon
|rule|Item Clause: Limit 1 of each item
|clearpoke
|poke|p1|Kingambit, L50, F|
|poke|p1|Rillaboom, L50, F|
|poke|p1|Electabuzz, L50, M|
|poke|p1|Volcarona, L50, M|
|poke|p1|Sneasler, L50, F|
|poke|p1|Dragonite, L50, M|
|poke|p2|Archaludon, L50, M|
|poke|p2|Pelipper, L50, F|
|poke|p2|Gholdengo, L50|
|poke|p2|Basculegion, L50, M|
|poke|p2|Amoonguss, L50, M|
|poke|p2|Incineroar, L50, M|
|teampreview|4
|showteam|p1|Kingambit||BlackGlasses|Defiant|Protect,KowtowCleave,SuckerPunch,SwordsDance|||F|||50|,,,,,Dark]Rillaboom||AssaultVest|GrassySurge|WoodHammer,GrassyGlide,HighHorsepower,FakeOut|||F|||50|,,,,,Fire]Electabuzz||Eviolite|VitalSpirit|Protect,Thunderbolt,HelpingHand,FollowMe|||M|||50|,,,,,Ghost]Volcarona||CovertCloak|FlameBody|Protect,HeatWave,TeraBlast,QuiverDance|||M|||50|,,,,,Fairy]Sneasler||FocusSash|Unburden|CloseCombat,DireClaw,Coaching,FakeOut|||F|||50|,,,,,Stellar]Dragonite||LoadedDice|Multiscale|ScaleShot,Haze,ExtremeSpeed,Protect|||M|||50|,,,,,Fairy
|showteam|p2|Archaludon||AssaultVest|Stamina|DracoMeteor,FlashCannon,ElectroShot,BodyPress|||M|||50|,,,,,Bug]Pelipper||FocusSash|Drizzle|Protect,WeatherBall,Hurricane,Tailwind|||F|||50|,,,,,Ground]Gholdengo||LifeOrb|GoodasGold|Protect,MakeItRain,ShadowBall,NastyPlot||||||50|,,,,,Water]Basculegion||ChoiceBand|SwiftSwim|FlipTurn,WaveCrash,AquaJet,LastRespects|||M|||50|,,,,,Grass]Amoonguss||SitrusBerry|Regenerator|Spore,RagePowder,PollenPuff,Protect|||M|||50|,,,,,Water]Incineroar||SafetyGoggles|Intimidate|FlareBlitz,KnockOff,PartingShot,FakeOut|||M|||50|,,,,,Ghost
|inactive|Battle timer is ON: inactive players will automatically lose when time's up. (requested by dycheball)
|
|t:|1756256347
|teamsize|p1|4
|teamsize|p2|4
|start
|switch|p1a: Elii|Electabuzz, L50, M, shiny|100/100
|switch|p1b: Kingii|Kingambit, L50, F, shiny|100/100
|switch|p2a: Pelipper|Pelipper, L50, F, shiny|100/100
|switch|p2b: Basculegion|Basculegion, L50, M, shiny|100/100
|-weather|RainDance|[from] ability: Drizzle|[of] p2a: Pelipper
|turn|1
|inactive|moicito has 30 seconds left.
|
|t:|1756256378
|switch|p2b: Archaludon|Archaludon, L50, M, shiny|100/100
|-terastallize|p2a: Pelipper|Ground
|-terastallize|p1b: Kingii|Dark
|move|p1a: Elii|Helping Hand|p1b: Kingii
|-singleturn|p1b: Kingii|Helping Hand|[of] p1a: Elii
|move|p1b: Kingii|Sucker Punch||[still]
|-fail|p1b: Kingii
|move|p2a: Pelipper|Weather Ball|p1b: Kingii
|-damage|p1b: Kingii|35/100
|
|-weather|RainDance|[upkeep]
|upkeep
|turn|2
|
|t:|1756256398
|move|p1a: Elii|Follow Me|p1a: Elii
|-singleturn|p1a: Elii|move: Follow Me
|move|p2b: Archaludon|Electro Shot||[still]
|-prepare|p2b: Archaludon|Electro Shot
|-boost|p2b: Archaludon|spa|1
|-anim|p2b: Archaludon|Electro Shot|p1a: Elii
|-resisted|p1a: Elii
|-damage|p1a: Elii|78/100
|move|p2a: Pelipper|Tailwind|p2a: Pelipper
|-sidestart|p2: dycheball|move: Tailwind
|move|p1b: Kingii|Swords Dance|p1b: Kingii
|-boost|p1b: Kingii|atk|2
|
|-weather|RainDance|[upkeep]
|upkeep
|turn|3
|
|t:|1756256423
|move|p1a: Elii|Follow Me|p1a: Elii
|-singleturn|p1a: Elii|move: Follow Me
|move|p2b: Archaludon|Electro Shot||[still]
|-prepare|p2b: Archaludon|Electro Shot
|-boost|p2b: Archaludon|spa|1
|-anim|p2b: Archaludon|Electro Shot|p1a: Elii
|-resisted|p1a: Elii
|-damage|p1a: Elii|47/100
|move|p2a: Pelipper|Weather Ball|p1a: Elii
|-damage|p1a: Elii|0 fnt
|faint|p1a: Elii
|move|p1b: Kingii|Swords Dance|p1b: Kingii
|-boost|p1b: Kingii|atk|2
|
|-weather|RainDance|[upkeep]
|upkeep
|
|t:|1756256436
|switch|p1a: Dragii|Dragonite, L50, M|100/100
|turn|4
|inactive|moicito has 30 seconds left.
|
|t:|1756256461
|move|p1a: Dragii|Protect|p1a: Dragii
|-singleturn|p1a: Dragii|Protect
|move|p1b: Kingii|Sucker Punch|p2b: Archaludon
|-damage|p2b: Archaludon|0 fnt
|faint|p2b: Archaludon
|move|p2a: Pelipper|Weather Ball|p1b: Kingii
|-damage|p1b: Kingii|0 fnt
|faint|p1b: Kingii
|
|-weather|RainDance|[upkeep]
|upkeep
|
|t:|1756256477
|switch|p2b: Amoonguss|Amoonguss, L50, M, shiny|100/100
|switch|p1b: Volkii|Volcarona, L50, M, shiny|100/100
|turn|5
|
|t:|1756256491
|move|p1b: Volkii|Protect|p1b: Volkii
|-singleturn|p1b: Volkii|Protect
|move|p2a: Pelipper|Weather Ball|p1b: Volkii
|-activate|p1b: Volkii|move: Protect
|move|p1a: Dragii|Scale Shot|p2a: Pelipper
|-damage|p2a: Pelipper|81/100
|-damage|p2a: Pelipper|60/100
|-damage|p2a: Pelipper|39/100
|-damage|p2a: Pelipper|19/100
|-damage|p2a: Pelipper|0 fnt
|faint|p2a: Pelipper
|-hitcount|p2: Pelipper|5
|-unboost|p1a: Dragii|def|1
|-boost|p1a: Dragii|spe|1
|move|p2b: Amoonguss|Spore|p1a: Dragii
|-status|p1a: Dragii|slp|[from] move: Spore
|
|-weather|none
|-sideend|p2: dycheball|move: Tailwind
|upkeep
|
|t:|1756256498
|switch|p2a: Basculegion|Basculegion, L50, M, shiny|100/100
|turn|6
|
|t:|1756256520
|move|p1b: Volkii|Protect||[still]
|-fail|p1b: Volkii
|cant|p1a: Dragii|slp
|move|p2a: Basculegion|Last Respects|p1a: Dragii
|-damage|p1a: Dragii|0 fnt
|faint|p1a: Dragii
|move|p2b: Amoonguss|Spore|p1b: Volkii
|-status|p1b: Volkii|slp|[from] move: Spore
|
|upkeep
|turn|7
|
|t:|1756256531
|cant|p1b: Volkii|slp
|move|p2a: Basculegion|Last Respects|p1b: Volkii
|-damage|p1b: Volkii|0 fnt
|faint|p1b: Volkii
|
|win|dycheball
||moicito is ready for game 2.
||dycheball is ready for game 2.
|uhtml|next|Next: Game 2 of 3
|l|☆dycheball
|player|p2|
