|j|☆TheMismatcher
|j|☆marcosdeltasena31
|html|TheMismatchermarcosdeltasena31    
|uhtml|bestof|Game 2 of a best-of-3
|t:|1756791622
|gametype|doubles
|player|p1|TheMismatcher|102|1406
|player|p2|marcosdeltasena31|hilbert|1296
|gen|9
|tier|[Gen 9] VGC 2025 Reg H (Bo3)
|rated|
|rule|Species Clause: Limit one of each Pokémon
|rule|Item Clause: Limit 1 of each item
|clearpoke
|poke|p1|Pelipper, L50, M|
|poke|p1|Basculegion, L50, M|
|poke|p1|Amoonguss, L50, F|
|poke|p1|Archaludon, L50, M|
|poke|p1|Greninja-*, L50, M|
|poke|p1|Annihilape, L50, M|
|poke|p2|Dragonite, L50, F|
|poke|p2|Porygon2, L50|
|poke|p2|Ursaluna, L50, F|
|poke|p2|Incineroar, L50, F|
|poke|p2|Amoonguss, L50, F|
|poke|p2|Gholdengo, L50|
|teampreview|4
|showteam|p1|Pelipper||FocusSash|Drizzle|WeatherBall,Hurricane,Tailwind,WideGuard|||M|||50|,,,,,Stellar]Basculegion||ChoiceBand|SwiftSwim|WaveCrash,FlipTurn,LastRespects,AquaJet|||M|||50|,,,,,Grass]Amoonguss||SitrusBerry|Regenerator|Spore,RagePowder,PollenPuff,ClearSmog|||F|||50|,,,,,Dark]Archaludon||AssaultVest|Stamina|DragonPulse,FlashCannon,ElectroShot,BodyPress|||M|||50|,,,,,Grass]Greninja||LoadedDice|Torrent|WaterShuriken,Protect,Taunt,RainDance|||M|||50|,,,,,Ghost]Annihilape||ChoiceScarf|Defiant|CloseCombat,RageFist,Uturn,FinalGambit|||M|||50|,,,,,Grass
|showteam|p2|Dragonite||LoadedDice|Multiscale|ScaleShot,Tailwind,Haze,Protect|||F|||50|,,,,,Fairy]Porygon2||Eviolite|Download|TeraBlast,IceBeam,TrickRoom,Recover||||||50|,,,,,Fighting]Ursaluna||FlameOrb|Guts|HeadlongRush,Facade,Earthquake,Protect|||F|||50|,,,,,Ghost]Incineroar||SafetyGoggles|Intimidate|FlareBlitz,FakeOut,PartingShot,KnockOff|||F|||50|,,,,,Ghost]Amoonguss||SitrusBerry|Regenerator|PollenPuff,Spore,RagePowder,Protect|||F|||50|,,,,,Water]Gholdengo||LifeOrb|GoodasGold|MakeItRain,ShadowBall,NastyPlot,Protect||||||50|,,,,,Water
|
|t:|1756791658
|teamsize|p1|4
|teamsize|p2|4
|start
|switch|p1a: Greninja|Greninja, L50, M|100/100
|switch|p1b: Annihilape|Annihilape, L50, M|100/100
|switch|p2a: Porygon2|Porygon2, L50|100/100
|switch|p2b: Amoonguss|Amoonguss, L50, F|100/100
|-ability|p2a: Porygon2|Download|boost
|-boost|p2a: Porygon2|atk|1
|turn|1
|
|t:|1756791676
|move|p2b: Amoonguss|Protect|p2b: Amoonguss
|-singleturn|p2b: Amoonguss|Protect
|move|p1b: Annihilape|Rage Fist|p2a: Porygon2
|-immune|p2a: Porygon2
|move|p1a: Greninja|Taunt|p2b: Amoonguss
|-activate|p2b: Amoonguss|move: Protect
|move|p2a: Porygon2|Ice Beam|p1b: Annihilape
|-damage|p1b: Annihilape|76/100
|
|upkeep
|turn|2
|
|t:|1756791699
|-terastallize|p1b: Annihilape|Grass
|move|p1b: Annihilape|Rage Fist|p2a: Porygon2
|-immune|p2a: Porygon2
|move|p1a: Greninja|Taunt|p2b: Amoonguss
|-start|p2b: Amoonguss|move: Taunt
|move|p2a: Porygon2|Ice Beam|p1b: Annihilape
|-supereffective|p1b: Annihilape
|-damage|p1b: Annihilape|29/100
|move|p2b: Amoonguss|Pollen Puff|p2a: Porygon2
|
|upkeep
|turn|3
|
|t:|1756791720
|switch|p1b: Archaludon|Archaludon, L50, M|100/100
|move|p1a: Greninja|Taunt|p2a: Porygon2
|-start|p2a: Porygon2|move: Taunt
|move|p2a: Porygon2|Ice Beam|p1b: Archaludon
|-damage|p1b: Archaludon|80/100
|-ability|p1b: Archaludon|Stamina|boost
|-boost|p1b: Archaludon|def|1
|move|p2b: Amoonguss|Pollen Puff|p2a: Porygon2
|
|upkeep
|turn|4
|
|t:|1756791728
|-terastallize|p2a: Porygon2|Fighting
|move|p1a: Greninja|Water Shuriken|p1b: Archaludon
|-resisted|p1b: Archaludon
|-damage|p1b: Archaludon|78/100
|-ability|p1b: Archaludon|Stamina|boost
|-boost|p1b: Archaludon|def|1
|-resisted|p1b: Archaludon
|-damage|p1b: Archaludon|76/100
|-ability|p1b: Archaludon|Stamina|boost
|-boost|p1b: Archaludon|def|1
|-resisted|p1b: Archaludon
|-damage|p1b: Archaludon|74/100
|-ability|p1b: Archaludon|Stamina|boost
|-boost|p1b: Archaludon|def|1
|-resisted|p1b: Archaludon
|-damage|p1b: Archaludon|72/100
|-ability|p1b: Archaludon|Stamina|boost
|-boost|p1b: Archaludon|def|1
|-resisted|p1b: Archaludon
|-damage|p1b: Archaludon|70/100
|-ability|p1b: Archaludon|Stamina|boost
|-boost|p1b: Archaludon|def|1
|-hitcount|p1b: Archaludon|5
|move|p1b: Archaludon|Body Press|p2a: Porygon2
|-damage|p2a: Porygon2|44/100
|move|p2a: Porygon2|Tera Blast|p1b: Archaludon|[anim] Tera Blast Fighting
|-supereffective|p1b: Archaludon
|-damage|p1b: Archaludon|19/100
|move|p2b: Amoonguss|Pollen Puff|p2a: Porygon2
|-heal|p2a: Porygon2|94/100
|
|-end|p2b: Amoonguss|move: Taunt
|upkeep
|turn|5
|
|t:|1756791743
|move|p2b: Amoonguss|Protect|p2b: Amoonguss
|-singleturn|p2b: Amoonguss|Protect
|move|p1a: Greninja|Taunt|p2b: Amoonguss
|-activate|p2b: Amoonguss|move: Protect
|move|p1b: Archaludon|Body Press|p2a: Porygon2
|-damage|p2a: Porygon2|37/100
|move|p2a: Porygon2|Tera Blast|p1b: Archaludon|[anim] Tera Blast Fighting
|-supereffective|p1b: Archaludon
|-damage|p1b: Archaludon|0 fnt
|faint|p1b: Archaludon
|
|-end|p2a: Porygon2|move: Taunt
|upkeep
|
|t:|1756791749
|switch|p1b: Annihilape|Annihilape, L50, M, tera:Grass|29/100
|turn|6
|
|t:|1756791767
|switch|p2a: Dragonite|Dragonite, L50, F|100/100
|move|p1b: Annihilape|Rage Fist|p2a: Dragonite
|-crit|p2a: Dragonite
|-damage|p2a: Dragonite|51/100
|move|p1a: Greninja|Taunt|p2b: Amoonguss
|-start|p2b: Amoonguss|move: Taunt
|move|p2b: Amoonguss|Pollen Puff|p1b: Annihilape
|-supereffective|p1b: Annihilape
|-damage|p1b: Annihilape|0 fnt
|faint|p1b: Annihilape
|
|upkeep
|l|☆TheMismatcher
|player|p1|
|j|☆TheMismatcher
|player|p1|TheMismatcher|102|
|
|t:|1756791820
|switch|p1b: Basculegion|Basculegion, L50, M|100/100
|turn|7
|
|t:|1756791830
|move|p1a: Greninja|Rain Dance|p1a: Greninja
|-weather|RainDance
|move|p1b: Basculegion|Last Respects|p2a: Dragonite
|-damage|p2a: Dragonite|0 fnt
|faint|p2a: Dragonite
|move|p2b: Amoonguss|Pollen Puff|p2: Dragonite|[notarget]
|-fail|p2b: Amoonguss
|
|-weather|RainDance|[upkeep]
|upkeep
|
|t:|1756791837
|switch|p2a: Ursaluna|Ursaluna, L50, F|100/100
|turn|8
|
|t:|1756791844
|move|p2a: Ursaluna|Protect|p2a: Ursaluna
|-singleturn|p2a: Ursaluna|Protect
|move|p1a: Greninja|Water Shuriken|p2a: Ursaluna
|-activate|p2a: Ursaluna|move: Protect
|move|p1b: Basculegion|Last Respects|p2b: Amoonguss
|-damage|p2b: Amoonguss|0 fnt
|faint|p2b: Amoonguss
|
|-weather|RainDance|[upkeep]
|-status|p2a: Ursaluna|brn|[from] item: Flame Orb
|upkeep
|
|t:|1756791851
|switch|p2b: Porygon2|Porygon2, L50, tera:Fighting|37/100
|-ability|p2b: Porygon2|Download|boost
|-boost|p2b: Porygon2|atk|1
|turn|9
|
|t:|1756791860
|move|p2a: Ursaluna|Protect||[still]
|-fail|p2a: Ursaluna
|move|p1a: Greninja|Water Shuriken|p2a: Ursaluna
|-supereffective|p2a: Ursaluna
|-damage|p2a: Ursaluna|84/100 brn
|-supereffective|p2a: Ursaluna
|-damage|p2a: Ursaluna|67/100 brn
|-supereffective|p2a: Ursaluna
|-damage|p2a: Ursaluna|49/100 brn
|-supereffective|p2a: Ursaluna
|-damage|p2a: Ursaluna|29/100 brn
|-hitcount|p2a: Ursaluna|4
|move|p1b: Basculegion|Last Respects|p2b: Porygon2
|-damage|p2b: Porygon2|0 fnt
|faint|p2b: Porygon2
|
|-weather|RainDance|[upkeep]
|-damage|p2a: Ursaluna|23/100 brn|[from] brn
|upkeep
|turn|10
|-message|marcosdeltasena31 forfeited.
|raw|TheMismatcher's rating: 1406 → 1420(+14 for winning)
|raw|marcosdeltasena31's rating: 1296 → 1279(-17 for losing)
|
|win|TheMismatcher
|l|☆marcosdeltasena31
|player|p2|
|l|☆TheMismatcher
|player|p1|
|j|☆TheMismatcher
|player|p1|TheMismatcher|102|
