|j|☆Fayzginger
|j|☆PerishingSongVGC
|html|FayzgingerPerishingSongVGC    
|uhtml|bestof|Game 2 of a best-of-3
|t:|1757657704
|gametype|doubles
|player|p1|Fayzginger|101|1166
|player|p2|PerishingSongVGC|266|1047
|gen|9
|tier|[Gen 9] VGC 2025 Reg H (Bo3)
|rated|
|rule|Species Clause: Limit one of each Pokémon
|rule|Item Clause: Limit 1 of each item
|clearpoke
|poke|p1|Tyranitar, L50, F|
|poke|p1|Garchomp, L50, M|
|poke|p1|Indeedee, L50, M|
|poke|p1|Sneasler, L50, M|
|poke|p1|Talonflame, L50, M|
|poke|p1|Electabuzz, L50, M|
|poke|p2|Gothitelle, L50, M|
|poke|p2|Politoed, L50, F|
|poke|p2|Incineroar, L50, M|
|poke|p2|Flamigo, L50, F|
|poke|p2|Amoonguss, L50, M|
|poke|p2|Archaludon, L50, F|
|teampreview|4
|showteam|p1|Tyranitar||AssaultVest|SandStream|TeraBlast,KnockOff,RockSlide,LowKick|||F|||50|,,,,,Flying]Garchomp||LifeOrb|RoughSkin|Protect,DragonClaw,StompingTantrum,Earthquake|||M|||50|,,,,,Ground]Indeedee||ChoiceScarf|PsychicSurge|ExpandingForce,TeraBlast,Trick,Protect|||M|||50|,,,,,Psychic]Sneasler||PsychicSeed|Unburden|Protect,CloseCombat,DireClaw,ThroatChop|||M|||50|,,,,,Dark]Talonflame||CovertCloak|GaleWings|FlareBlitz,BraveBird,Tailwind,WillOWisp|||M|||50|,,,,,Grass]Electabuzz||Eviolite|VitalSpirit|FollowMe,Thunderbolt,Protect,Taunt|||M|||50|,,,,,Fairy
|showteam|p2|Gothitelle||SitrusBerry|ShadowTag|Psychic,Hypnosis,FakeOut,Protect|||M|||50|,,,,,Dragon]Politoed||MentalHerb|Drizzle|MuddyWater,Haze,PerishSong,Protect|||F|||50|,,,,,Grass]Incineroar||CovertCloak|Intimidate|FakeOut,PartingShot,KnockOff,FlareBlitz|||M|||50|,,,,,Ghost]Flamigo||FocusSash|Scrappy|CloseCombat,BraveBird,WideGuard,Protect|||F|||50|,,,,,Steel]Amoonguss||RockyHelmet|Regenerator|PollenPuff,Spore,RagePowder,Protect|||M|||50|,,,,,Dark]Archaludon||PowerHerb|Sturdy|ElectroShot,DracoMeteor,FlashCannon,Protect|||F|||50|,,,,,Steel
|
|t:|1757657720
|teamsize|p1|4
|teamsize|p2|4
|start
|switch|p1a: Fart Smella|Sneasler, L50, M, shiny|100/100
|switch|p1b: Electabuzz|Electabuzz, L50, M, shiny|100/100
|switch|p2a: Gothitelle|Gothitelle, L50, M|100/100
|switch|p2b: Politoed|Politoed, L50, F|100/100
|-weather|RainDance|[from] ability: Drizzle|[of] p2b: Politoed
|turn|1
|
|t:|1757657732
|move|p2a: Gothitelle|Fake Out|p1a: Fart Smella
|-damage|p1a: Fart Smella|92/100
|cant|p1a: Fart Smella|flinch
|move|p1b: Electabuzz|Thunderbolt|p2b: Politoed
|-supereffective|p2b: Politoed
|-damage|p2b: Politoed|41/100
|-status|p2b: Politoed|par
|move|p2b: Politoed|Perish Song|p2b: Politoed
|-start|p1a: Fart Smella|perish3|[silent]
|-start|p1b: Electabuzz|perish3|[silent]
|-start|p2a: Gothitelle|perish3|[silent]
|-start|p2b: Politoed|perish3|[silent]
|-fieldactivate|move: Perish Song
|
|-weather|RainDance|[upkeep]
|-start|p1a: Fart Smella|perish3
|-start|p1b: Electabuzz|perish3
|-start|p2a: Gothitelle|perish3
|-start|p2b: Politoed|perish3
|upkeep
|turn|2
|
|t:|1757657748
|switch|p2b: Incineroar|Incineroar, L50, M|100/100
|-ability|p2b: Incineroar|Intimidate|boost
|-unboost|p1a: Fart Smella|atk|1
|-unboost|p1b: Electabuzz|atk|1
|move|p1a: Fart Smella|Dire Claw|p2a: Gothitelle
|-damage|p2a: Gothitelle|74/100
|move|p1b: Electabuzz|Thunderbolt|p2a: Gothitelle
|-damage|p2a: Gothitelle|49/100
|-enditem|p2a: Gothitelle|Sitrus Berry|[eat]
|-heal|p2a: Gothitelle|74/100|[from] item: Sitrus Berry
|move|p2a: Gothitelle|Psychic|p1a: Fart Smella
|-supereffective|p1a: Fart Smella
|-damage|p1a: Fart Smella|0 fnt
|faint|p1a: Fart Smella
|
|-weather|RainDance|[upkeep]
|-start|p1b: Electabuzz|perish2
|-start|p2a: Gothitelle|perish2
|upkeep
|
|t:|1757657757
|switch|p1a: Smart Fella|Indeedee, L50, M, shiny|100/100
|-fieldstart|move: Psychic Terrain|[from] ability: Psychic Surge|[of] p1a: Smart Fella
|turn|3
|
|t:|1757657792
|move|p2a: Gothitelle|Protect|p2a: Gothitelle
|-singleturn|p2a: Gothitelle|Protect
|move|p1b: Electabuzz|Follow Me|p1b: Electabuzz
|-singleturn|p1b: Electabuzz|move: Follow Me
|move|p1a: Smart Fella|Tera Blast|p2a: Gothitelle
|-activate|p2a: Gothitelle|move: Protect
|move|p2b: Incineroar|Parting Shot|p1b: Electabuzz
|-unboost|p1b: Electabuzz|atk|1
|-unboost|p1b: Electabuzz|spa|1
|
|t:|1757657802
|switch|p2b: Politoed|Politoed, L50, F|41/100 par|[from] Parting Shot
|
|-weather|RainDance|[upkeep]
|-start|p1b: Electabuzz|perish1
|-start|p2a: Gothitelle|perish1
|upkeep
|turn|4
|
|t:|1757657815
|switch|p2a: Incineroar|Incineroar, L50, M|100/100
|-ability|p2a: Incineroar|Intimidate|boost
|-unboost|p1a: Smart Fella|atk|1
|-unboost|p1b: Electabuzz|atk|1
|-terastallize|p1a: Smart Fella|Psychic
|move|p2b: Politoed|Protect|p2b: Politoed
|-singleturn|p2b: Politoed|Protect
|move|p1a: Smart Fella|Tera Blast|p2b: Politoed|[anim] Tera Blast Psychic
|-activate|p2b: Politoed|move: Protect
|move|p1b: Electabuzz|Thunderbolt|p2a: Incineroar
|-damage|p2a: Incineroar|85/100
|
|-weather|RainDance|[upkeep]
|-start|p1b: Electabuzz|perish0
|faint|p1b: Electabuzz
|upkeep
|
|t:|1757657819
|switch|p1b: Tyranitar|Tyranitar, L50, F, shiny|100/100
|-weather|Sandstorm|[from] ability: Sand Stream|[of] p1b: Tyranitar
|turn|5
|
|t:|1757657839
|switch|p2a: Amoonguss|Amoonguss, L50, M|100/100
|move|p1a: Smart Fella|Tera Blast|p2b: Politoed|[anim] Tera Blast Psychic
|-damage|p2b: Politoed|0 fnt
|faint|p2b: Politoed
|move|p1b: Tyranitar|Rock Slide|p2a: Amoonguss
|-damage|p2a: Amoonguss|66/100
|
|-weather|Sandstorm|[upkeep]
|-damage|p1a: Smart Fella|95/100|[from] Sandstorm
|-damage|p2a: Amoonguss|60/100|[from] Sandstorm
|upkeep
|
|t:|1757657850
|switch|p2b: Incineroar|Incineroar, L50, M|85/100
|-ability|p2b: Incineroar|Intimidate|boost
|-unboost|p1a: Smart Fella|atk|1
|-unboost|p1b: Tyranitar|atk|1
|turn|6
|
|t:|1757657861
|-terastallize|p2a: Amoonguss|Dark
|move|p2b: Incineroar|Fake Out|p1b: Tyranitar
|-activate|p1b: Tyranitar|move: Psychic Terrain
|move|p1a: Smart Fella|Tera Blast|p2a: Amoonguss|[anim] Tera Blast Psychic
|-immune|p2a: Amoonguss
|move|p1b: Tyranitar|Rock Slide|p2b: Incineroar|[spread] p2a,p2b
|-supereffective|p2b: Incineroar
|-crit|p2b: Incineroar
|-damage|p2a: Amoonguss|43/100
|-damage|p2b: Incineroar|0 fnt
|faint|p2b: Incineroar
|cant|p2a: Amoonguss|flinch
|
|-weather|Sandstorm|[upkeep]
|-damage|p1a: Smart Fella|89/100|[from] Sandstorm
|-damage|p2a: Amoonguss|37/100|[from] Sandstorm
|upkeep
|
|t:|1757657870
|switch|p2b: Gothitelle|Gothitelle, L50, M|74/100
|turn|7
|
|t:|1757657879
|move|p1a: Smart Fella|Tera Blast|p2b: Gothitelle|[anim] Tera Blast Psychic
|-resisted|p2b: Gothitelle
|-damage|p2b: Gothitelle|45/100
|move|p1b: Tyranitar|Rock Slide|p2b: Gothitelle|[spread] p2a,p2b
|-crit|p2b: Gothitelle
|-damage|p2a: Amoonguss|19/100
|-damage|p2b: Gothitelle|2/100
|move|p2b: Gothitelle|Psychic|p1b: Tyranitar
|-immune|p1b: Tyranitar
|cant|p2a: Amoonguss|flinch
|
|-weather|Sandstorm|[upkeep]
|-damage|p1a: Smart Fella|83/100|[from] Sandstorm
|-damage|p2b: Gothitelle|0 fnt|[from] Sandstorm
|-damage|p2a: Amoonguss|13/100|[from] Sandstorm
|faint|p2b: Gothitelle
|-fieldend|move: Psychic Terrain
|upkeep
|turn|8
|
|t:|1757657889
|move|p1a: Smart Fella|Tera Blast|p2a: Amoonguss|[anim] Tera Blast Psychic
|-immune|p2a: Amoonguss
|move|p1b: Tyranitar|Knock Off|p2a: Amoonguss
|-resisted|p2a: Amoonguss
|-damage|p2a: Amoonguss|0 fnt
|-damage|p1b: Tyranitar|84/100|[from] item: Rocky Helmet|[of] p2a: Amoonguss
|-enditem|p2a: Amoonguss|Rocky Helmet|[from] move: Knock Off|[of] p1b: Tyranitar
|faint|p2a: Amoonguss
|
|win|Fayzginger
|raw|Fayzginger's rating: 1166 → 1183(+17 for winning)
|raw|PerishingSongVGC's rating: 1047 → 1036(-11 for losing)
|l|☆PerishingSongVGC
|player|p2|
