|j|☆Silverfang538
|j|☆fewfdas
|html|Silverfang538fewfdas    
|uhtml|bestof|Game 2 of a best-of-3
|t:|1783116806
|gametype|doubles
|player|p1|Silverfang538|265|1070
|player|p2|fewfdas|265|1080
|gen|9
|tier|[Gen 9 Champions] VGC 2026 Reg M-B (Bo3)
|rated|
|rule|Species Clause: Limit one of each Pokémon
|rule|Item Clause: Limit 1 of each item
|clearpoke
|poke|p1|Charizard, L50, F|
|poke|p1|Venusaur, L50, F|
|poke|p1|Sneasler, L50, F|
|poke|p1|Kingambit, L50, F|
|poke|p1|Sylveon, L50, M|
|poke|p1|Sinistcha, L50|
|poke|p2|Sneasler, L50, M, shiny|
|poke|p2|Clefable, L50, F|
|poke|p2|Delphox, L50, F|
|poke|p2|Pelipper, L50, F|
|poke|p2|Sableye, L50, F, shiny|
|poke|p2|Azumarill, L50, F, shiny|
|teampreview|4
|showteam|p1|Charizard||CharizarditeY|SolarPower|HeatWave,SolarBeam,WeatherBall,Protect|Modest||F|||50|]Venusaur||MiracleSeed|Chlorophyll|GigaDrain,SludgeBomb,EarthPower,Protect|Calm||F|||50|]Sneasler||WhiteHerb|Unburden|DireClaw,CloseCombat,FakeOut,Protect|Jolly||F|||50|]Kingambit||ChopleBerry|Defiant|KowtowCleave,SuckerPunch,IronHead,Protect|Adamant||F|||50|]Sylveon||FairyFeather|Pixilate|HyperVoice,HyperBeam,QuickAttack,Detect|Modest||M|||50|]Sinistcha||Leftovers|Hospitality|MatchaGotcha,RagePowder,LifeDew,TrickRoom|Bold|||||50|
|showteam|p2|Sneasler||WhiteHerb|PoisonTouch|FakeOut,DireClaw,CloseCombat,RockSlide|Jolly||M|||50|]Clefable||Clefablite|Unaware|LifeDew,DazzlingGleam,FollowMe,Thunderbolt|Calm||F|||50|]Delphox||Delphoxite|Blaze|HeatWave,NastyPlot,Psychic,Protect|Timid||F|||50|]Pelipper||FocusSash|Drizzle|WideGuard,Tailwind,WeatherBall,Hurricane|Modest||F|||50|]Sableye||RoseliBerry|Prankster|Quash,Encore,Disable,FoulPlay|Calm||F|||50|]Azumarill||SitrusBerry|HugePower|AquaJet,Protect,PlayRough,BellyDrum|Adamant||F|||50|
|
|t:|1783116836
|teamsize|p1|4
|teamsize|p2|4
|start
|switch|p1a: Sinistcha|Sinistcha, L50|100/100
|switch|p1b: Sylveon|Sylveon, L50, M|100/100
|switch|p2a: Delphox|Delphox, L50, F|100/100
|switch|p2b: Sneasler|Sneasler, L50, M, shiny|100/100
|turn|1
|
|t:|1783116846
|detailschange|p2a: Delphox|Delphox-Mega, L50, F
|-mega|p2a: Delphox|Delphox|Delphoxite
|move|p2b: Sneasler|Fake Out|p1b: Sylveon
|-damage|p1b: Sylveon|84/100
|-status|p1b: Sylveon|psn|[from] ability: Poison Touch|[of] p2b: Sneasler
|move|p1a: Sinistcha|Rage Powder|p1a: Sinistcha
|-singleturn|p1a: Sinistcha|move: Rage Powder
|move|p2a: Delphox|Heat Wave|p1b: Sylveon|[spread] p1a,p1b
|-supereffective|p1a: Sinistcha|1
|-damage|p1a: Sinistcha|14/100
|-damage|p1b: Sylveon|52/100 psn
|cant|p1b: Sylveon|flinch
|
|-heal|p1a: Sinistcha|20/100y|[from] item: Leftovers
|-damage|p1b: Sylveon|40/100 psn|[from] psn
|upkeep
|turn|2
|
|t:|1783116865
|move|p1b: Sylveon|Detect|p1b: Sylveon
|-singleturn|p1b: Sylveon|Protect
|move|p2a: Delphox|Heat Wave|p1b: Sylveon|[spread] 
|-activate|p1b: Sylveon|move: Protect
|-miss|p2a: Delphox|p1a: Sinistcha
|move|p2b: Sneasler|Dire Claw|p1b: Sylveon
|-activate|p1b: Sylveon|move: Protect
|move|p1a: Sinistcha|Trick Room|p1a: Sinistcha
|-fieldstart|move: Trick Room|[of] p1a: Sinistcha
|
|-heal|p1a: Sinistcha|26/100|[from] item: Leftovers
|-damage|p1b: Sylveon|27/100 psn|[from] psn
|upkeep
|turn|3
|
|t:|1783116887
|switch|p2b: Sableye|Sableye, L50, F, shiny|100/100
|move|p2a: Delphox|Protect|p2a: Delphox
|-singleturn|p2a: Delphox|Protect
|move|p1b: Sylveon|Hyper Voice|p2b: Sableye|[spread] p2b
|-activate|p2a: Delphox|move: Protect
|-supereffective|p2b: Sableye|1
|-enditem|p2b: Sableye|Roseli Berry|[eat]
|-enditem|p2b: Sableye|Roseli Berry|[weaken]
|-damage|p2b: Sableye|45/100
|move|p1a: Sinistcha|Life Dew|p1a: Sinistcha|[spread] p1a,p1b
|-heal|p1a: Sinistcha|52/100
|-heal|p1b: Sylveon|53/100 psn
|
|-heal|p1a: Sinistcha|58/100|[from] item: Leftovers
|-damage|p1b: Sylveon|40/100 psn|[from] psn
|upkeep
|turn|4
|
|t:|1783116923
|move|p1a: Sinistcha|Rage Powder|p1a: Sinistcha
|-singleturn|p1a: Sinistcha|move: Rage Powder
|move|p2b: Sableye|Disable|p1a: Sinistcha
|-start|p1a: Sinistcha|Disable|Rage Powder
|move|p1b: Sylveon|Hyper Voice|p2a: Delphox|[spread] p2a,p2b
|-resisted|p2a: Delphox|1
|-supereffective|p2b: Sableye|1
|-damage|p2a: Delphox|77/100
|-damage|p2b: Sableye|0 fnt
|faint|p2b: Sableye
|move|p2a: Delphox|Heat Wave|p1a: Sinistcha|[spread] p1a,p1b
|-supereffective|p1a: Sinistcha|1
|-damage|p1a: Sinistcha|0 fnt
|-damage|p1b: Sylveon|10/100 psn
|faint|p1a: Sinistcha
|
|-damage|p1b: Sylveon|0 fnt|[from] psn
|faint|p1b: Sylveon
|upkeep
|
|t:|1783116944
|switch|p2b: Sneasler|Sneasler, L50, M, shiny|100/100
|switch|p1b: Venusaur|Venusaur, L50, F|100/100
|switch|p1a: Charizard|Charizard, L50, F|100/100
|turn|5
|
|t:|1783116974
|detailschange|p1a: Charizard|Charizard-Mega-Y, L50, F
|-mega|p1a: Charizard|Charizard|Charizardite Y
|-weather|SunnyDay|[from] ability: Drought|[of] p1a: Charizard
|move|p1b: Venusaur|Protect|p1b: Venusaur
|-singleturn|p1b: Venusaur|Protect
|move|p2b: Sneasler|Fake Out|p1b: Venusaur
|-activate|p1b: Venusaur|move: Protect
|move|p1a: Charizard|Heat Wave|p2a: Delphox|[spread] p2a,p2b
|-resisted|p2a: Delphox|1
|-damage|p2a: Delphox|45/100
|-damage|p2b: Sneasler|0 fnt
|faint|p2b: Sneasler
|move|p2a: Delphox|Nasty Plot|p2a: Delphox
|-boost|p2a: Delphox|spa|2
|
|-weather|SunnyDay|[upkeep]
|upkeep
|
|t:|1783116985
|switch|p2b: Azumarill|Azumarill, L50, F, shiny|100/100
|turn|6
|
|t:|1783116997
|move|p2a: Delphox|Protect|p2a: Delphox
|-singleturn|p2a: Delphox|Protect
|move|p2b: Azumarill|Belly Drum|p2b: Azumarill
|-damage|p2b: Azumarill|50/100y
|-setboost|p2b: Azumarill|atk|6|[from] move: Belly Drum
|-enditem|p2b: Azumarill|Sitrus Berry|[eat]
|-heal|p2b: Azumarill|74/100|[from] item: Sitrus Berry
|move|p1a: Charizard|Solar Beam||[still]
|-prepare|p1a: Charizard|Solar Beam
|-anim|p1a: Charizard|Solar Beam|p2b: Azumarill
|-supereffective|p2b: Azumarill|1
|-damage|p2b: Azumarill|0 fnt
|faint|p2b: Azumarill
|move|p1b: Venusaur|Earth Power|p2a: Delphox
|-activate|p2a: Delphox|move: Protect
|
|-weather|SunnyDay|[upkeep]
|-fieldend|move: Trick Room
|upkeep
|turn|7
|
|t:|1783117018
|move|p2a: Delphox|Heat Wave|p1a: Charizard|[spread] p1a,p1b
|-resisted|p1a: Charizard|1
|-supereffective|p1b: Venusaur|1
|-damage|p1a: Charizard|30/100
|-damage|p1b: Venusaur|0 fnt
|faint|p1b: Venusaur
|move|p1a: Charizard|Heat Wave|p2a: Delphox
|-resisted|p2a: Delphox|1
|-damage|p2a: Delphox|0 fnt
|faint|p2a: Delphox
|
|win|Silverfang538
|raw|Silverfang538's rating: 1070 → 1100(+30 for winning)
|raw|fewfdas's rating: 1080 → 1057(-23 for losing)
|l|☆fewfdas
|player|p2|
