|j|☆azelflux
|j|☆volkron zz
|html|azelfluxvolkron zz    
|uhtml|bestof|Game 1 of a best-of-3
|t:|1782705554
|gametype|doubles
|player|p1|azelflux|cynthia|1078
|player|p2|volkron zz|heroine2-conquest|1017
|gen|9
|tier|[Gen 9 Champions] VGC 2026 Reg M-B (Bo3)
|rated|
|rule|Species Clause: Limit one of each Pokémon
|rule|Item Clause: Limit 1 of each item
|clearpoke
|poke|p1|Incineroar, L50, M|
|poke|p1|Sinistcha-Masterpiece, L50|
|poke|p1|Floette-Eternal, L50, F|
|poke|p1|Garchomp, L50, F|
|poke|p1|Charizard, L50, F|
|poke|p1|Venusaur, L50, F|
|poke|p2|Incineroar, L50, F|
|poke|p2|Garchomp, L50, F|
|poke|p2|Clefable, L50, M|
|poke|p2|Hydreigon, L50, M|
|poke|p2|Liepard, L50, M|
|poke|p2|Gengar, L50, F|
|teampreview|4
|showteam|p1|Incineroar||SitrusBerry|Intimidate|FlareBlitz,FakeOut,PartingShot,ThroatChop|Careful||M|||50|]Sinistcha-Masterpiece||KasibBerry|Hospitality|MatchaGotcha,RagePowder,TrickRoom,Protect|Relaxed|||||50|]Floette-Eternal||Floettite|FlowerVeil|Moonblast,DazzlingGleam,CalmMind,Protect|Modest||F|||50|]Garchomp||ChoiceScarf|RoughSkin|RockSlide,Earthquake,DragonClaw,StompingTantrum|Adamant||F|||50|]Charizard||CharizarditeY|Blaze|HeatWave,SolarBeam,WeatherBall,Protect|Modest||F|||50|]Venusaur||FocusSash|Chlorophyll|SludgeBomb,EarthPower,SleepPowder,Protect|Timid||F|||50|
|showteam|p2|Incineroar||ChopleBerry|Intimidate|FakeOut,PartingShot,FlareBlitz,DarkestLariat|Careful||F|||50|]Garchomp||LifeOrb|RoughSkin|Earthquake,RockSlide,DragonClaw,Protect|Jolly||F|||50|]Clefable||Leftovers|Unaware|FollowMe,BatonPass,Moonblast,Protect|Sassy||M|||50|]Hydreigon||ChoiceScarf|Levitate|DarkPulse,DracoMeteor,HeatWave,Uturn|Timid||M|||50|]Liepard||FocusSash|Prankster|Yawn,Encore,FakeOut,Taunt|Jolly||M|||50|]Gengar||Gengarite|CursedBody|ShadowBall,SludgeBomb,Protect,IcyWind|Timid||F|||50|
|inactive|Battle timer is ON: inactive players will automatically lose when time's up. (requested by volkron zz)
|j| tyho45
|
|t:|1782705582
|teamsize|p1|4
|teamsize|p2|4
|start
|switch|p1a: Sinistcha|Sinistcha-Masterpiece, L50|100/100
|switch|p1b: Incineroar|Incineroar, L50, M|100/100
|switch|p2a: Incineroar|Incineroar, L50, F|100/100
|switch|p2b: Hydreigon|Hydreigon, L50, M|100/100
|-ability|p1b: Incineroar|Intimidate|boost
|-unboost|p2a: Incineroar|atk|1
|-unboost|p2b: Hydreigon|atk|1
|-ability|p2a: Incineroar|Intimidate|boost
|-unboost|p1a: Sinistcha|atk|1
|-unboost|p1b: Incineroar|atk|1
|turn|1
|inactive|azelflux has 30 seconds left.
|inactive|azelflux has 20 seconds left.
|inactive|volkron zz has 30 seconds left.
|inactive|azelflux has 15 seconds left.
|
|t:|1782705628
|move|p2b: Hydreigon|Dark Pulse|p1a: Sinistcha
|-supereffective|p1a: Sinistcha|1
|-damage|p1a: Sinistcha|22/100
|move|p1b: Incineroar|Parting Shot|p2b: Hydreigon
|-unboost|p2b: Hydreigon|atk|1
|-unboost|p2b: Hydreigon|spa|1
|
|t:|1782705635
|switch|p1b: Floette|Floette-Eternal, L50, F|100/100|[from] Parting Shot
|move|p2a: Incineroar|Parting Shot|p1b: Floette
|-unboost|p1b: Floette|atk|1
|-unboost|p1b: Floette|spa|1
|
|t:|1782705644
|switch|p2a: Gengar|Gengar, L50, F|100/100|[from] Parting Shot
|move|p1a: Sinistcha|Trick Room|p1a: Sinistcha
|-fieldstart|move: Trick Room|[of] p1a: Sinistcha
|
|upkeep
|turn|2
|inactive|azelflux has 30 seconds left.
|inactive|azelflux has 20 seconds left.
|
|t:|1782705682
|switch|p2b: Incineroar|Incineroar, L50, F|100/100
|-ability|p2b: Incineroar|Intimidate|boost
|-block|p1a: Sinistcha|ability: Flower Veil|[of] p1b: Floette
|-unboost|p1b: Floette|atk|1
|detailschange|p1b: Floette|Floette-Mega, L50, F
|-mega|p1b: Floette|Floette|Floettite
|-ability|p1b: Floette|Fairy Aura
|detailschange|p2a: Gengar|Gengar-Mega, L50, F
|-mega|p2a: Gengar|Gengar|Gengarite
|move|p1a: Sinistcha|Rage Powder|p1a: Sinistcha
|-singleturn|p1a: Sinistcha|move: Rage Powder
|move|p1b: Floette|Calm Mind|p1b: Floette
|-boost|p1b: Floette|spa|1
|-boost|p1b: Floette|spd|1
|move|p2a: Gengar|Sludge Bomb|p1a: Sinistcha
|-damage|p1a: Sinistcha|0 fnt
|faint|p1a: Sinistcha
|
|upkeep
|
|t:|1782705699
|switch|p1a: Garchomp|Garchomp, L50, F|100/100
|turn|3
|
|t:|1782705723
|move|p2b: Incineroar|Fake Out|p1a: Garchomp
|-damage|p1a: Garchomp|88/100
|-damage|p2b: Incineroar|87/100|[from] ability: Rough Skin|[of] p1a: Garchomp
|move|p1b: Floette|Moonblast|p2a: Gengar
|-resisted|p2a: Gengar|1
|-damage|p2a: Gengar|53/100
|move|p2a: Gengar|Sludge Bomb|p1b: Floette
|-supereffective|p1b: Floette|1
|-damage|p1b: Floette|46/100
|cant|p1a: Garchomp|flinch
|
|upkeep
|turn|4
|inactive|azelflux has 30 seconds left.
|
|t:|1782705749
|switch|p2b: Hydreigon|Hydreigon, L50, M|100/100
|switch|p2a: Liepard|Liepard, L50, M|100/100
|move|p1b: Floette|Dazzling Gleam|p2b: Hydreigon|[spread] p2a,p2b
|-supereffective|p2a: Liepard|1
|-supereffective|p2b: Hydreigon|2
|-enditem|p2a: Liepard|Focus Sash
|-damage|p2a: Liepard|1/100
|-damage|p2b: Hydreigon|0 fnt
|faint|p2b: Hydreigon
|move|p1a: Garchomp|Earthquake|p2a: Liepard|[spread] p1b,p2a
|-damage|p1b: Floette|0 fnt
|-damage|p2a: Liepard|0 fnt
|faint|p1b: Floette
|faint|p2a: Liepard
|
|upkeep
|
|t:|1782705764
|switch|p1b: Incineroar|Incineroar, L50, M|100/100
|switch|p2b: Gengar|Gengar-Mega, L50, F|53/100
|switch|p2a: Incineroar|Incineroar, L50, F|87/100
|-ability|p2a: Incineroar|Intimidate|boost
|-unboost|p1a: Garchomp|atk|1
|-unboost|p1b: Incineroar|atk|1
|-ability|p1b: Incineroar|Intimidate|boost
|-unboost|p2a: Incineroar|atk|1
|-unboost|p2b: Gengar|atk|1
|turn|5
|
|t:|1782705775
|move|p2a: Incineroar|Fake Out|p1a: Garchomp
|-damage|p1a: Garchomp|81/100
|-damage|p2a: Incineroar|75/100|[from] ability: Rough Skin|[of] p1a: Garchomp
|move|p1b: Incineroar|Throat Chop|p2b: Gengar
|-supereffective|p2b: Gengar|1
|-damage|p2b: Gengar|0 fnt
|faint|p2b: Gengar
|cant|p1a: Garchomp|flinch
|
|-fieldend|move: Trick Room
|upkeep
|turn|6
|-message|volkron zz forfeited.
|raw|azelflux's rating: 1078 → 1101(+23 for winning)
|raw|volkron zz's rating: 1017 → 1007(-10 for losing)
|
|win|azelflux
|l|☆volkron zz
|player|p2|
