|j|☆lolgz
|j|☆Weredude08
|html|lolgzWeredude08    
|uhtml|bestof|Game 2 of a best-of-3
|t:|1783464194
|gametype|doubles
|player|p1|lolgz|dawn|1127
|player|p2|Weredude08|steven|1125
|gen|9
|tier|[Gen 9 Champions] VGC 2026 Reg M-B (Bo3)
|rated|
|rule|Species Clause: Limit one of each Pokémon
|rule|Item Clause: Limit 1 of each item
|clearpoke
|poke|p1|Scrafty, L50, F|
|poke|p1|Vivillon, L50, F|
|poke|p1|Incineroar, L50, F|
|poke|p1|Sinistcha, L50|
|poke|p1|Kingambit, L50, M|
|poke|p1|Delphox, L50, M|
|poke|p2|Blaziken, L50, M|
|poke|p2|Kingambit, L50, F|
|poke|p2|Sylveon, L50, F|
|poke|p2|Garchomp, L50, M|
|poke|p2|Whimsicott, L50, F|
|poke|p2|Farigiraf, L50, M|
|teampreview|4
|showteam|p1|Scrafty||Scraftinite|Intimidate|DrainPunch,KnockOff,Protect,DragonDance|Jolly||F|||50|]Vivillon||ChoiceScarf|CompoundEyes|SleepPowder,Hurricane,RagePowder,Tailwind|Timid||F|||50|]Incineroar||PasshoBerry|Intimidate|PartingShot,FakeOut,ThroatChop,FlareBlitz|Careful||F|||50|]Sinistcha||KasibBerry|Hospitality|MatchaGotcha,RagePowder,TrickRoom,Protect|Serious|||||50|]Kingambit||BlackGlasses|Defiant|SuckerPunch,KowtowCleave,Protect,SwordsDance|Adamant||M|||50|]Delphox||Delphoxite|Blaze|HeatWave,Psychic,Protect,NastyPlot|Timid||M|||50|
|showteam|p2|Blaziken||Blazikenite|SpeedBoost|Detect,CloseCombat,FlareBlitz,RockSlide|Adamant||M|||50|]Kingambit||BlackGlasses|Defiant|Protect,IronHead,KowtowCleave,SuckerPunch|Adamant||F|||50|]Sylveon||FairyFeather|Pixilate|Detect,HyperVoice,HyperBeam,QuickAttack|Modest||F|||50|]Garchomp||LifeOrb|RoughSkin|Protect,StompingTantrum,DragonClaw,RockSlide|Adamant||M|||50|]Whimsicott||FocusSash|Prankster|Protect,Tailwind,Moonblast,Encore|Timid||F|||50|]Farigiraf||SitrusBerry|ArmorTail|TrickRoom,HelpingHand,TwinBeam,GrassKnot|Relaxed||M|||50|
|inactive|Battle timer is ON: inactive players will automatically lose when time's up. (requested by Weredude08)
|inactive|lolgz also wants the timer to be on.
|
|t:|1783464223
|teamsize|p1|4
|teamsize|p2|4
|start
|switch|p1a: Vivillon|Vivillon, L50, F|100/100
|switch|p1b: Delphox|Delphox, L50, M|100/100
|switch|p2a: Blaziken|Blaziken, L50, M|100/100
|switch|p2b: Garchomp|Garchomp, L50, M|100/100
|turn|1
|inactive|lolgz has 30 seconds left.
|inactive|lolgz has 20 seconds left.
|
|t:|1783464260
|detailschange|p1b: Delphox|Delphox-Mega, L50, M
|-mega|p1b: Delphox|Delphox|Delphoxite
|move|p2b: Garchomp|Protect|p2b: Garchomp
|-singleturn|p2b: Garchomp|Protect
|move|p2a: Blaziken|Detect|p2a: Blaziken
|-singleturn|p2a: Blaziken|Protect
|move|p1a: Vivillon|Sleep Powder|p2b: Garchomp
|-activate|p2b: Garchomp|move: Protect
|move|p1b: Delphox|Psychic|p2a: Blaziken
|-activate|p2a: Blaziken|move: Protect
|
|-ability|p2a: Blaziken|Speed Boost|boost
|-boost|p2a: Blaziken|spe|1
|upkeep
|turn|2
|
|t:|1783464269
|switch|p1a: Incineroar|Incineroar, L50, F|100/100
|-ability|p1a: Incineroar|Intimidate|boost
|-unboost|p2a: Blaziken|atk|1
|-unboost|p2b: Garchomp|atk|1
|detailschange|p2a: Blaziken|Blaziken-Mega, L50, M
|-mega|p2a: Blaziken|Blaziken|Blazikenite
|move|p2a: Blaziken|Rock Slide|p1b: Delphox|[spread] p1a,p1b
|-supereffective|p1a: Incineroar|1
|-supereffective|p1b: Delphox|1
|-damage|p1a: Incineroar|71/100
|-damage|p1b: Delphox|55/100
|cant|p1b: Delphox|flinch
|move|p2b: Garchomp|Rock Slide|p1a: Incineroar|[spread] p1a,p1b
|-supereffective|p1a: Incineroar|1
|-supereffective|p1b: Delphox|1
|-damage|p1a: Incineroar|42/100
|-damage|p1b: Delphox|8/100
|-damage|p2b: Garchomp|90/100|[from] item: Life Orb
|
|-ability|p2a: Blaziken|Speed Boost|boost
|-boost|p2a: Blaziken|spe|1
|upkeep
|turn|3
|
|t:|1783464283
|switch|p2b: Farigiraf|Farigiraf, L50, M|100/100
|move|p1a: Incineroar|Fake Out||[still]
|cant|p2b: Farigiraf|ability: Armor Tail|Fake Out|[of] p1a: Incineroar
|move|p2a: Blaziken|Rock Slide|p1a: Incineroar|[spread] p1b
|-miss|p2a: Blaziken|p1a: Incineroar
|-supereffective|p1b: Delphox|1
|-damage|p1b: Delphox|0 fnt
|faint|p1b: Delphox
|
|-ability|p2a: Blaziken|Speed Boost|boost
|-boost|p2a: Blaziken|spe|1
|upkeep
|
|t:|1783464292
|switch|p1b: Vivillon|Vivillon, L50, F|100/100
|turn|4
|
|t:|1783464296
|move|p2b: Farigiraf|Helping Hand|p2a: Blaziken
|-singleturn|p2a: Blaziken|Helping Hand|[of] p2b: Farigiraf
|move|p2a: Blaziken|Rock Slide|p1b: Vivillon|[spread] p1a
|-miss|p2a: Blaziken|p1b: Vivillon
|-supereffective|p1a: Incineroar|1
|-damage|p1a: Incineroar|0 fnt
|faint|p1a: Incineroar
|move|p1b: Vivillon|Sleep Powder|p2a: Blaziken
|-status|p2a: Blaziken|slp|[from] move: Sleep Powder
|
|-ability|p2a: Blaziken|Speed Boost|boost
|-boost|p2a: Blaziken|spe|1
|upkeep
|
|t:|1783464302
|switch|p1a: Kingambit|Kingambit, L50, M|100/100
|turn|5
|
|t:|1783464326
|cant|p2a: Blaziken|slp
|move|p1b: Vivillon|Sleep Powder|p2b: Farigiraf
|-status|p2b: Farigiraf|slp|[from] move: Sleep Powder
|cant|p2b: Farigiraf|slp
|move|p1a: Kingambit|Kowtow Cleave|p2a: Blaziken
|-resisted|p2a: Blaziken|1
|-damage|p2a: Blaziken|59/100 slp
|
|-ability|p2a: Blaziken|Speed Boost|boost
|-boost|p2a: Blaziken|spe|1
|upkeep
|turn|6
|
|t:|1783464336
|cant|p2a: Blaziken|slp
|move|p1b: Vivillon|Sleep Powder|p2a: Blaziken
|-fail|p2a: Blaziken|slp
|cant|p2b: Farigiraf|slp
|move|p1a: Kingambit|Swords Dance|p1a: Kingambit
|-boost|p1a: Kingambit|atk|2
|
|-ability|p2a: Blaziken|Speed Boost|boost
|-boost|p2a: Blaziken|spe|1
|upkeep
|turn|7
|
|t:|1783464342
|move|p1a: Kingambit|Sucker Punch||[still]
|cant|p2b: Farigiraf|ability: Armor Tail|Sucker Punch|[of] p1a: Kingambit
|-curestatus|p2a: Blaziken|slp|[msg]
|move|p2a: Blaziken|Close Combat|p1a: Kingambit
|-supereffective|p1a: Kingambit|2
|-damage|p1a: Kingambit|0 fnt
|-unboost|p2a: Blaziken|def|1
|-unboost|p2a: Blaziken|spd|1
|faint|p1a: Kingambit
|move|p1b: Vivillon|Sleep Powder|p2a: Blaziken
|-status|p2a: Blaziken|slp|[from] move: Sleep Powder
|-curestatus|p2b: Farigiraf|slp|[msg]
|move|p2b: Farigiraf|Twin Beam|p1b: Vivillon
|-damage|p1b: Vivillon|72/100
|-damage|p1b: Vivillon|45/100
|-hitcount|p1b: Vivillon|2
|
|upkeep
|turn|8
|-message|lolgz forfeited.
|raw|lolgz's rating: 1127 → 1102(-25 for losing)
|raw|Weredude08's rating: 1125 → 1150(+25 for winning)
|
|win|Weredude08
