|j|☆AGreatRobot
|j|☆Fairy Juice Jay
|html|AGreatRobotFairy Juice Jay    
|uhtml|bestof|Game 1 of a best-of-3
|t:|1783198191
|gametype|doubles
|player|p1|AGreatRobot|medium|
|player|p2|Fairy Juice Jay|burgh-masters|
|gen|9
|tier|[Gen 9 Champions] VGC 2026 Reg M-B (Bo3)
|rule|Species Clause: Limit one of each Pokémon
|rule|Item Clause: Limit 1 of each item
|clearpoke
|poke|p1|Annihilape, L50, F|
|poke|p1|Aerodactyl, L50, M|
|poke|p1|Blaziken, L50, M|
|poke|p1|Roserade, L50, M|
|poke|p1|Rotom-Wash, L50|
|poke|p1|Scizor, L50, M|
|poke|p2|Tyranitar, L50, F|
|poke|p2|Venusaur, L50, M|
|poke|p2|Excadrill, L50, F|
|poke|p2|Rotom-Heat, L50|
|poke|p2|Aegislash, L50, M|
|poke|p2|Primarina, L50, F|
|teampreview|4
|showteam|p1|Annihilape||SitrusBerry|Defiant|RageFist,DrainPunch,BulkUp,Protect|Careful||F|||50|]Aerodactyl||FocusSash|Pressure|RockSlide,WideGuard,Tailwind,Taunt|Jolly||M|||50|]Blaziken||Blazikenite|SpeedBoost|FlareBlitz,CloseCombat,SwordsDance,Detect|Adamant||M|||50|]Roserade||WideLens|PoisonPoint|PinMissile,SleepPowder,LifeDew,LeafStorm|Timid||M|||50|]Rotom-Wash||ChoiceScarf|Levitate|HydroPump,Electroweb,VoltSwitch,Thunderbolt|Modest|||||50|]Scizor||LifeOrb|Technician|Assurance,BulletPunch,Uturn,Protect|Adamant||M|||50|
|showteam|p2|Tyranitar||Tyranitarite|SandStream|RockSlide,KnockOff,Superpower,Protect|Adamant||F|||50|]Venusaur||Venusaurite|Chlorophyll|GigaDrain,SludgeBomb,LeechSeed,Protect|Bold||M|||50|]Excadrill||FocusSash|SandRush|HighHorsepower,IronHead,RockSlide,Protect|Adamant||F|||50|]Rotom-Heat||SitrusBerry|Levitate|Thunderbolt,Overheat,WillOWisp,Protect|Modest|||||50|]Aegislash||WhiteHerb|StanceChange|IronHead,Poltergeist,ShadowSneak,KingsShield|Adamant||M|||50|]Primarina||Leftovers|LiquidVoice|HyperVoice,Moonblast,AquaJet,Protect|Modest||F|||50|
|inactive|Battle timer is ON: inactive players will automatically lose when time's up. (requested by Fairy Juice Jay)
|c|☆Fairy Juice Jay|GLHF
|c|☆AGreatRobot|Hf
|inactive|AGreatRobot has 60 seconds left.
|inactive|Fairy Juice Jay has 60 seconds left.
|
|t:|1783198251
|teamsize|p1|4
|teamsize|p2|4
|start
|switch|p1a: Scizor|Scizor, L50, M|100/100
|switch|p1b: Blaziken|Blaziken, L50, M|100/100
|switch|p2a: Petal|Venusaur, L50, M|100/100
|switch|p2b: Aegislash|Aegislash, L50, M|100/100
|turn|1
|
|t:|1783198269
|switch|p2a: Zippy|Rotom-Heat, L50|100/100
|move|p1b: Blaziken|Detect|p1b: Blaziken
|-singleturn|p1b: Blaziken|Protect
|move|p1a: Scizor|U-turn|p2a: Zippy
|-resisted|p2a: Zippy|1
|-damage|p2a: Zippy|75/100
|-damage|p1a: Scizor|90/100|[from] item: Life Orb
|
|t:|1783198279
|switch|p1a: Rotom|Rotom-Wash, L50|100/100|[from] U-turn
|-formechange|p2b: Aegislash|Aegislash-Blade|
|move|p2b: Aegislash|Poltergeist|p1b: Blaziken
|-activate|p1b: Blaziken|move: Protect
|
|-ability|p1b: Blaziken|Speed Boost|boost
|-boost|p1b: Blaziken|spe|1
|upkeep
|turn|2
|
|t:|1783198302
|switch|p2a: Petal|Venusaur, L50, M|100/100
|detailschange|p1b: Blaziken|Blaziken-Mega, L50, M
|-mega|p1b: Blaziken|Blaziken|Blazikenite
|-formechange|p2b: Aegislash|Aegislash|
|move|p2b: Aegislash|King's Shield|p2b: Aegislash
|-singleturn|p2b: Aegislash|Protect
|move|p1b: Blaziken|Close Combat|p2a: Petal
|-resisted|p2a: Petal|1
|-damage|p2a: Petal|63/100
|-unboost|p1b: Blaziken|def|1
|-unboost|p1b: Blaziken|spd|1
|move|p1a: Rotom|Hydro Pump|p2a: Petal|[miss]
|-miss|p1a: Rotom|p2a: Petal
|
|-ability|p1b: Blaziken|Speed Boost|boost
|-boost|p1b: Blaziken|spe|1
|upkeep
|turn|3
|
|t:|1783198326
|switch|p1a: Scizor|Scizor, L50, M|90/100
|detailschange|p2a: Petal|Venusaur-Mega, L50, M
|-mega|p2a: Petal|Venusaur|Venusaurite
|move|p1b: Blaziken|Detect|p1b: Blaziken
|-singleturn|p1b: Blaziken|Protect
|-formechange|p2b: Aegislash|Aegislash-Blade|
|move|p2b: Aegislash|Shadow Sneak|p1b: Blaziken
|-activate|p1b: Blaziken|move: Protect
|move|p2a: Petal|Giga Drain|p1a: Scizor
|-resisted|p1a: Scizor|2
|-damage|p1a: Scizor|81/100
|-heal|p2a: Petal|67/100|[from] drain|[of] p1a: Scizor
|
|-ability|p1b: Blaziken|Speed Boost|boost
|-boost|p1b: Blaziken|spe|1
|upkeep
|turn|4
|
|t:|1783198344
|move|p2b: Aegislash|Shadow Sneak|p1b: Blaziken
|-damage|p1b: Blaziken|46/100
|move|p1b: Blaziken|Flare Blitz|p2b: Aegislash
|-supereffective|p2b: Aegislash|1
|-crit|p2b: Aegislash
|-damage|p2b: Aegislash|0 fnt
|faint|p2b: Aegislash
|-damage|p1b: Blaziken|11/100|[from] Recoil
|move|p1a: Scizor|U-turn|p2a: Petal
|-damage|p2a: Petal|34/100
|-damage|p1a: Scizor|71/100|[from] item: Life Orb
|
|t:|1783198354
|switch|p1a: Annihilape|Annihilape, L50, F|100/100|[from] U-turn
|move|p2a: Petal|Sludge Bomb|p1b: Blaziken
|-damage|p1b: Blaziken|0 fnt
|faint|p1b: Blaziken
|
|upkeep
|
|t:|1783198356
|switch|p1b: Scizor|Scizor, L50, M|71/100
|switch|p2b: Primarina|Primarina, L50, F|100/100
|turn|5
|inactive|Fairy Juice Jay has 30 seconds left.
|
|t:|1783198388
|switch|p2a: Zippy|Rotom-Heat, L50|75/100
|move|p1a: Annihilape|Protect|p1a: Annihilape
|-singleturn|p1a: Annihilape|Protect
|move|p1b: Scizor|Bullet Punch|p2b: Primarina
|-damage|p2b: Primarina|48/100
|-damage|p1b: Scizor|61/100|[from] item: Life Orb
|move|p2b: Primarina|Hyper Voice|p1a: Annihilape|[spread] p1b
|-activate|p1a: Annihilape|move: Protect
|-damage|p1b: Scizor|18/100
|
|-heal|p2b: Primarina|54/100|[from] item: Leftovers
|upkeep
|turn|6
|inactive|Fairy Juice Jay has 30 seconds left.
|
|t:|1783198414
|switch|p1a: Rotom|Rotom-Wash, L50|100/100
|move|p1b: Scizor|Protect|p1b: Scizor
|-singleturn|p1b: Scizor|Protect
|move|p2b: Primarina|Protect|p2b: Primarina
|-singleturn|p2b: Primarina|Protect
|move|p2a: Zippy|Thunderbolt|p1b: Scizor
|-activate|p1b: Scizor|move: Protect
|
|-heal|p2b: Primarina|59/100|[from] item: Leftovers
|upkeep
|turn|7
|inactive|Fairy Juice Jay has 30 seconds left.
|inactive|Fairy Juice Jay has 20 seconds left.
|inactive|Fairy Juice Jay has 15 seconds left.
|
|t:|1783198454
|move|p1a: Rotom|Thunderbolt|p2b: Primarina
|-supereffective|p2b: Primarina|1
|-damage|p2b: Primarina|0 fnt
|faint|p2b: Primarina
|move|p2a: Zippy|Thunderbolt|p1b: Scizor
|-damage|p1b: Scizor|0 fnt
|faint|p1b: Scizor
|
|upkeep
|
|t:|1783198460
|switch|p1b: Annihilape|Annihilape, L50, F|100/100
|switch|p2b: Petal|Venusaur-Mega, L50, M|34/100
|turn|8
|
|t:|1783198467
|move|p1a: Rotom|Thunderbolt|p2b: Petal
|-resisted|p2b: Petal|1
|-damage|p2b: Petal|21/100
|move|p1b: Annihilape|Bulk Up|p1b: Annihilape
|-boost|p1b: Annihilape|atk|1
|-boost|p1b: Annihilape|def|1
|move|p2a: Zippy|Will-O-Wisp|p1b: Annihilape|[miss]
|-miss|p2a: Zippy|p1b: Annihilape
|move|p2b: Petal|Leech Seed|p1b: Annihilape
|-start|p1b: Annihilape|move: Leech Seed
|
|-damage|p1b: Annihilape|87/100|[from] Leech Seed|[of] p2b: Petal
|-heal|p2b: Petal|35/100|[silent]
|upkeep
|turn|9
|
|t:|1783198485
|move|p1a: Rotom|Thunderbolt|p2b: Petal
|-resisted|p2b: Petal|1
|-damage|p2b: Petal|22/100
|move|p1b: Annihilape|Rage Fist|p2b: Petal
|-damage|p2b: Petal|3/100
|move|p2a: Zippy|Will-O-Wisp|p1b: Annihilape
|-status|p1b: Annihilape|brn
|move|p2b: Petal|Giga Drain|p1a: Rotom
|-supereffective|p1a: Rotom|1
|-damage|p1a: Rotom|35/100
|-heal|p2b: Petal|30/100|[from] drain|[of] p1a: Rotom
|
|-damage|p1b: Annihilape|75/100 brn|[from] Leech Seed|[of] p2b: Petal
|-heal|p2b: Petal|44/100|[silent]
|-damage|p1b: Annihilape|69/100 brn|[from] brn
|upkeep
|turn|10
|
|t:|1783198505
|move|p1a: Rotom|Thunderbolt|p2b: Petal
|-resisted|p2b: Petal|1
|-damage|p2b: Petal|32/100
|move|p1b: Annihilape|Bulk Up|p1b: Annihilape
|-boost|p1b: Annihilape|atk|1
|-boost|p1b: Annihilape|def|1
|move|p2a: Zippy|Overheat|p1b: Annihilape
|-damage|p1b: Annihilape|21/100 brn
|-unboost|p2a: Zippy|spa|2
|-enditem|p1b: Annihilape|Sitrus Berry|[eat]
|-heal|p1b: Annihilape|46/100 brn|[from] item: Sitrus Berry
|move|p2b: Petal|Giga Drain|p1a: Rotom
|-supereffective|p1a: Rotom|1
|-damage|p1a: Rotom|0 fnt
|-heal|p2b: Petal|47/100|[from] drain|[of] p1a: Rotom
|faint|p1a: Rotom
|
|-damage|p1b: Annihilape|34/100 brn|[from] Leech Seed|[of] p2b: Petal
|-heal|p2b: Petal|62/100|[silent]
|-damage|p1b: Annihilape|28/100 brn|[from] brn
|upkeep
|turn|11
|
|t:|1783198523
|move|p1b: Annihilape|Drain Punch|p2a: Zippy
|-damage|p2a: Zippy|48/100
|-heal|p1b: Annihilape|38/100 brn|[from] drain|[of] p2a: Zippy
|-enditem|p2a: Zippy|Sitrus Berry|[eat]
|-heal|p2a: Zippy|73/100|[from] item: Sitrus Berry
|move|p2a: Zippy|Overheat|p1b: Annihilape
|-damage|p1b: Annihilape|15/100 brn
|-unboost|p2a: Zippy|spa|2
|move|p2b: Petal|Giga Drain|p1b: Annihilape
|-damage|p1b: Annihilape|0 fnt
|-heal|p2b: Petal|71/100|[from] drain|[of] p1b: Annihilape
|faint|p1b: Annihilape
|
|win|Fairy Juice Jay
