|j|☆bigoftheB
|j|☆yousa49
|html|bigoftheByousa49    
|uhtml|bestof|Game 1 of a best-of-3
|t:|1784129442
|gametype|doubles
|player|p1|bigoftheB|102|1047
|player|p2|yousa49|shauntal|1040
|gen|9
|tier|[Gen 9 Champions] VGC 2026 Reg M-B (Bo3)
|rated|
|rule|Species Clause: Limit one of each Pokémon
|rule|Item Clause: Limit 1 of each item
|clearpoke
|poke|p1|Raichu, L50, F|
|poke|p1|Gholdengo, L50|
|poke|p1|Whimsicott, L50, M|
|poke|p1|Garchomp, L50, F|
|poke|p1|Basculegion, L50, M, shiny|
|poke|p1|Floette-Eternal, L50, F|
|poke|p2|Dedenne, L50, M|
|poke|p2|Floette-Eternal, L50, F|
|poke|p2|Ampharos, L50, F|
|poke|p2|Charizard, L50, M|
|poke|p2|Greninja, L50, F|
|poke|p2|Vivillon, L50, F|
|teampreview|4
|showteam|p1|Raichu||RaichuniteY|LightningRod|ZapCannon,FocusBlast,Protect,FakeOut|Timid||F|||50|]Gholdengo||LifeOrb|GoodasGold|MakeItRain,NastyPlot,ShadowBall,Protect|Modest|||||50|]Whimsicott||FocusSash|Prankster|Tailwind,Moonblast,Encore,Protect|Bold||M|||50|]Garchomp||SitrusBerry|SandVeil|RockSlide,StompingTantrum,DragonClaw,Protect|Jolly||F|||50|]Basculegion||MysticWater|Adaptability|Protect,WaveCrash,LastRespects,AquaJet|Adamant||M|||50|]Floette-Eternal||Floettite|FlowerVeil|Protect,Moonblast,LightofRuin,DazzlingGleam|Timid||F|||50|
|showteam|p2|Dedenne||FocusSash|Plus|Entrainment,VoltSwitch,Nuzzle,Protect|Timid||M|||50|]Floette-Eternal||FairyFeather|FlowerVeil|DrainingKiss,StoredPower,CalmMind,Protect|Bold||F|||50|]Ampharos||SitrusBerry|Plus|MagneticFlux,Thunderbolt,Electroweb,Protect|Modest||F|||50|]Charizard||LifeOrb|Blaze|HeatWave,Flamethrower,AirSlash,Protect|Timid||M|||50|]Greninja||Greninjite|Protean|RolePlay,IcyWind,HydroPump,Protect|Timid||F|||50|]Vivillon||ChoiceScarf|FriendGuard|SleepPowder,PollenPuff,RagePowder,Tailwind|Timid||F|||50|
|
|t:|1784129476
|teamsize|p1|4
|teamsize|p2|4
|start
|switch|p1a: Raichu|Raichu, L50, F|100/100
|switch|p1b: Gholdengo|Gholdengo, L50|100/100
|switch|p2a: Vivillon|Vivillon, L50, F|100/100
|switch|p2b: Greninja|Greninja, L50, F|100/100
|turn|1
|
|t:|1784129494
|detailschange|p2b: Greninja|Greninja-Mega, L50, F
|-mega|p2b: Greninja|Greninja|Greninjite
|detailschange|p1a: Raichu|Raichu-Mega-Y, L50, F
|-mega|p1a: Raichu|Raichu|Raichunite Y
|move|p2a: Vivillon|Sleep Powder|p1a: Raichu
|-status|p1a: Raichu|slp|[from] move: Sleep Powder
|move|p2b: Greninja|Hydro Pump|p1a: Raichu
|-start|p2b: Greninja|typechange|Water|[from] ability: Protean
|-damage|p1a: Raichu|12/100 slp
|cant|p1a: Raichu|slp
|move|p1b: Gholdengo|Nasty Plot|p1b: Gholdengo
|-boost|p1b: Gholdengo|spa|2
|
|upkeep
|turn|2
|inactive|Battle timer is ON: inactive players will automatically lose when time's up. (requested by bigoftheB)
|
|t:|1784129516
|switch|p2a: Ampharos|Ampharos, L50, F|100/100
|switch|p1a: Basculegion|Basculegion, L50, M, shiny|100/100
|move|p2b: Greninja|Hydro Pump|p1b: Gholdengo|[miss]
|-miss|p2b: Greninja|p1b: Gholdengo
|move|p1b: Gholdengo|Make It Rain|p2a: Ampharos|[spread] p2a,p2b
|-resisted|p2a: Ampharos|1
|-resisted|p2b: Greninja|1
|-damage|p2a: Ampharos|47/100
|-damage|p2b: Greninja|26/100
|-unboost|p1b: Gholdengo|spa|2
|-enditem|p2a: Ampharos|Sitrus Berry|[eat]
|-heal|p2a: Ampharos|72/100|[from] item: Sitrus Berry
|-damage|p1b: Gholdengo|90/100|[from] item: Life Orb
|
|upkeep
|turn|3
|inactive|bigoftheB has 30 seconds left.
|inactive|bigoftheB has 20 seconds left.
|
|t:|1784129554
|move|p2b: Greninja|Protect|p2b: Greninja
|-singleturn|p2b: Greninja|Protect
|move|p1b: Gholdengo|Shadow Ball|p2b: Greninja
|-activate|p2b: Greninja|move: Protect
|move|p1a: Basculegion|Wave Crash|p2a: Ampharos
|-damage|p2a: Ampharos|0 fnt
|faint|p2a: Ampharos
|-damage|p1a: Basculegion|77/100|[from] Recoil
|
|upkeep
|
|t:|1784129566
|switch|p2a: Vivillon|Vivillon, L50, F|100/100
|turn|4
|
|t:|1784129580
|move|p1a: Basculegion|Protect|p1a: Basculegion
|-singleturn|p1a: Basculegion|Protect
|move|p2a: Vivillon|Pollen Puff|p2b: Greninja
|-heal|p2b: Greninja|76/100
|move|p2b: Greninja|Hydro Pump|p1b: Gholdengo
|-damage|p1b: Gholdengo|34/100
|move|p1b: Gholdengo|Nasty Plot|p1b: Gholdengo
|-boost|p1b: Gholdengo|spa|2
|
|upkeep
|turn|5
|
|t:|1784129599
|move|p2a: Vivillon|Pollen Puff|p2b: Greninja
|-heal|p2b: Greninja|100/100
|move|p2b: Greninja|Hydro Pump|p1b: Gholdengo
|-damage|p1b: Gholdengo|0 fnt
|faint|p1b: Gholdengo
|move|p1a: Basculegion|Wave Crash|p2a: Vivillon
|-damage|p2a: Vivillon|0 fnt
|faint|p2a: Vivillon
|-damage|p1a: Basculegion|48/100|[from] Recoil
|
|upkeep
|
|t:|1784129614
|switch|p2a: Floette|Floette-Eternal, L50, F|100/100
|switch|p1b: Raichu|Raichu-Mega-Y, L50, F|12/100 slp
|turn|6
|
|t:|1784129634
|move|p1a: Basculegion|Protect|p1a: Basculegion
|-singleturn|p1a: Basculegion|Protect
|move|p2b: Greninja|Icy Wind|p1a: Basculegion|[spread] p1b
|-activate|p1a: Basculegion|move: Protect
|-damage|p1b: Raichu|0 fnt
|faint|p1b: Raichu
|move|p2a: Floette|Draining Kiss|p1a: Basculegion
|-activate|p1a: Basculegion|move: Protect
|
|upkeep
|
|t:|1784129640
|switch|p1b: Garchomp|Garchomp, L50, F|100/100
|turn|7
|
|t:|1784129653
|move|p2b: Greninja|Icy Wind|p1b: Garchomp|[spread] p1a,p1b
|-resisted|p1a: Basculegion|1
|-supereffective|p1b: Garchomp|2
|-crit|p1b: Garchomp
|-damage|p1a: Basculegion|40/100
|-damage|p1b: Garchomp|4/100
|-unboost|p1a: Basculegion|spe|1
|-unboost|p1b: Garchomp|spe|1
|-enditem|p1b: Garchomp|Sitrus Berry|[eat]
|-heal|p1b: Garchomp|29/100|[from] item: Sitrus Berry
|move|p1b: Garchomp|Rock Slide|p2a: Floette|[spread] p2a,p2b
|-damage|p2a: Floette|80/100
|-damage|p2b: Greninja|71/100
|move|p2a: Floette|Draining Kiss|p1b: Garchomp
|-supereffective|p1b: Garchomp|1
|-damage|p1b: Garchomp|0 fnt
|-heal|p2a: Floette|100/100|[from] drain|[of] p1b: Garchomp
|faint|p1b: Garchomp
|move|p1a: Basculegion|Last Respects|p2b: Greninja
|-damage|p2b: Greninja|0 fnt
|faint|p2b: Greninja
|
|upkeep
|turn|8
|
|t:|1784129675
|move|p2a: Floette|Draining Kiss|p1a: Basculegion
|-damage|p1a: Basculegion|13/100
|move|p1a: Basculegion|Last Respects|p2a: Floette
|-damage|p2a: Floette|0 fnt
|faint|p2a: Floette
|
|win|bigoftheB
||yousa49 is ready for game 2.
|inactive|bigoftheB has 30 seconds to confirm battle start!
|l|☆bigoftheB
|player|p1|
|inactive|bigoftheB has 20 seconds to confirm battle start!
