|j|☆TehCruzeFan123
|j|☆curlywoofdude
|html|TehCruzeFan123curlywoofdude    
|uhtml|bestof|Game 2 of a best-of-3
|t:|1784951758
|gametype|doubles
|player|p1|TehCruzeFan123|guzma|1116
|player|p2|curlywoofdude|169|1000
|gen|9
|tier|[Gen 9 Champions] VGC 2026 Reg M-B (Bo3)
|rated|
|rule|Species Clause: Limit one of each Pokémon
|rule|Item Clause: Limit 1 of each item
|clearpoke
|poke|p1|Aerodactyl, L50, F|
|poke|p1|Hippowdon, L50, F|
|poke|p1|Gholdengo, L50|
|poke|p1|Sneasler, L50, M|
|poke|p1|Basculegion, L50, M|
|poke|p1|Floette-Eternal, L50, F|
|poke|p2|Incineroar, L50, M|
|poke|p2|Whimsicott, L50, F, shiny|
|poke|p2|Hawlucha, L50, M|
|poke|p2|Dragonite, L50, M|
|poke|p2|Ceruledge, L50, F|
|poke|p2|Archaludon, L50, M|
|teampreview|4
|showteam|p1|Aerodactyl||Aerodactylite|RockHead|DualWingbeat,RockSlide,IceFang,Tailwind|Jolly||F|||50|]Hippowdon||Leftovers|SandStream|Protect,Yawn,HighHorsepower,StoneEdge|Adamant||F|||50|]Gholdengo||FocusSash|GoodasGold|Protect,MakeItRain,ShadowBall,NastyPlot|Modest|||||50|]Sneasler||WhiteHerb|Unburden|Protect,FakeOut,CloseCombat,DireClaw|Jolly||M|||50|]Basculegion||KasibBerry|Adaptability|Protect,WaveCrash,LastRespects,AquaJet|Adamant||M|||50|]Floette-Eternal||Floettite|FlowerVeil|Protect,Moonblast,DazzlingGleam,LightofRuin|Timid||F|||50|
|showteam|p2|Incineroar||Leftovers|Intimidate|PartingShot,FlareBlitz,FakeOut,DarkestLariat|Adamant||M|||50|]Whimsicott||FocusSash|Prankster|Moonblast,Tailwind,GigaDrain,Uturn|Timid||F|||50|]Hawlucha||SitrusBerry|Unburden|Acrobatics,DrainPunch,Encore,SwordsDance|Adamant||M|||50|]Dragonite||QuickClaw|Multiscale|RainDance,DragonClaw,AerialAce,DragonDance|Adamant||M|||50|]Ceruledge||Charcoal|FlashFire|ShadowClaw,CloseCombat,BitterBlade,FlareBlitz|Jolly||F|||50|]Archaludon||DragonFang|Stamina|DragonPulse,ElectroShot,IronDefense,FlashCannon|Modest||M|||50|
|inactive|Battle timer is ON: inactive players will automatically lose when time's up. (requested by TehCruzeFan123)
|
|t:|1784951769
|teamsize|p1|4
|teamsize|p2|4
|start
|switch|p1a: Sneasler|Sneasler, L50, M|100/100
|switch|p1b: Floette|Floette-Eternal, L50, F|100/100
|switch|p2a: Archaludon|Archaludon, L50, M|100/100
|switch|p2b: Dragonite|Dragonite, L50, M|100/100
|turn|1
|inactive|curlywoofdude has 30 seconds left.
|
|t:|1784951795
|detailschange|p1b: Floette|Floette-Mega, L50, F
|-mega|p1b: Floette|Floette|Floettite
|-ability|p1b: Floette|Fairy Aura
|move|p1a: Sneasler|Close Combat|p2a: Archaludon
|-supereffective|p2a: Archaludon|1
|-damage|p2a: Archaludon|22/100
|-unboost|p1a: Sneasler|def|1
|-unboost|p1a: Sneasler|spd|1
|-ability|p2a: Archaludon|Stamina|boost
|-boost|p2a: Archaludon|def|1
|-enditem|p1a: Sneasler|White Herb
|-clearnegativeboost|p1a: Sneasler|[silent]
|move|p1b: Floette|Dazzling Gleam|p2a: Archaludon|[spread] p2a,p2b
|-supereffective|p2b: Dragonite|1
|-damage|p2a: Archaludon|0 fnt
|-damage|p2b: Dragonite|47/100
|faint|p2a: Archaludon
|move|p2b: Dragonite|Aerial Ace|p1a: Sneasler
|-supereffective|p1a: Sneasler|1
|-damage|p1a: Sneasler|16/100
|
|upkeep
|
|t:|1784951812
|switch|p2a: Ceruledge|Ceruledge, L50, F|100/100
|turn|2
|
|t:|1784951829
|move|p1a: Sneasler|Dire Claw|p2a: Ceruledge
|-resisted|p2a: Ceruledge|1
|-damage|p2a: Ceruledge|76/100
|move|p1b: Floette|Dazzling Gleam|p2a: Ceruledge|[spread] p2a,p2b
|-resisted|p2a: Ceruledge|1
|-supereffective|p2b: Dragonite|1
|-damage|p2a: Ceruledge|48/100
|-damage|p2b: Dragonite|0 fnt
|faint|p2b: Dragonite
|move|p2a: Ceruledge|Bitter Blade|p1b: Floette
|-damage|p1b: Floette|32/100
|-heal|p2a: Ceruledge|81/100|[from] drain|[of] p1b: Floette
|
|upkeep
|
|t:|1784951840
|switch|p2b: carless|Incineroar, L50, M|100/100
|-ability|p2b: carless|Intimidate|boost
|-unboost|p1a: Sneasler|atk|1
|-unboost|p1b: Floette|atk|1
|turn|3
|inactive|curlywoofdude has 30 seconds left.
|inactive|curlywoofdude has 20 seconds left.
|
|t:|1784951880
|move|p1a: Sneasler|Protect|p1a: Sneasler
|-singleturn|p1a: Sneasler|Protect
|move|p1b: Floette|Protect|p1b: Floette
|-singleturn|p1b: Floette|Protect
|move|p2b: carless|Fake Out|p1a: Sneasler
|-activate|p1a: Sneasler|move: Protect
|move|p2a: Ceruledge|Bitter Blade|p1b: Floette
|-activate|p1b: Floette|move: Protect
|
|upkeep
|turn|4
|
|t:|1784951902
|move|p1a: Sneasler|Close Combat|p2b: carless
|-supereffective|p2b: carless|1
|-damage|p2b: carless|34/100
|-unboost|p1a: Sneasler|def|1
|-unboost|p1a: Sneasler|spd|1
|move|p1b: Floette|Moonblast|p2b: carless
|-damage|p2b: carless|0 fnt
|faint|p2b: carless
|move|p2a: Ceruledge|Bitter Blade|p1b: Floette
|-damage|p1b: Floette|0 fnt
|-heal|p2a: Ceruledge|98/100|[from] drain|[of] p1b: Floette
|faint|p1b: Floette
|
|upkeep
|
|t:|1784951909
|switch|p1b: Basculegion|Basculegion, L50, M|100/100
|turn|5
|
|t:|1784951922
|move|p1a: Sneasler|Close Combat|p1b: Basculegion
|-immune|p1b: Basculegion
|move|p2a: Ceruledge|Shadow Claw|p1b: Basculegion
|-supereffective|p1b: Basculegion|1
|-enditem|p1b: Basculegion|Kasib Berry|[eat]
|-enditem|p1b: Basculegion|Kasib Berry|[weaken]
|-damage|p1b: Basculegion|64/100
|move|p1b: Basculegion|Last Respects|p2a: Ceruledge
|-supereffective|p2a: Ceruledge|1
|-damage|p2a: Ceruledge|0 fnt
|faint|p2a: Ceruledge
|
|win|TehCruzeFan123
|raw|TehCruzeFan123's rating: 1116 → 1133(+17 for winning)
|raw|curlywoofdude's rating: 1000 → 1000(+0 for losing)
