|j|☆Not_Paint
|j|☆lettitripppp
|html|Not_Paintlettitripppp    
|uhtml|bestof|Game 3 of a best-of-3
|t:|1785269789
|gametype|doubles
|player|p1|Not_Paint|yellow|1179
|player|p2|lettitripppp|lucas|1207
|gen|9
|tier|[Gen 9 Champions] VGC 2026 Reg M-B (Bo3)
|rated|
|rule|Species Clause: Limit one of each Pokémon
|rule|Item Clause: Limit 1 of each item
|clearpoke
|poke|p1|Raichu, L50, M|
|poke|p1|Vivillon, L50, M|
|poke|p1|Typhlosion-Hisui, L50, M|
|poke|p1|Torkoal, L50, M|
|poke|p1|Blaziken, L50, F|
|poke|p1|Venusaur, L50, M|
|poke|p2|Staraptor, L50, M|
|poke|p2|Tyranitar, L50, F|
|poke|p2|Excadrill, L50, F|
|poke|p2|Gholdengo, L50|
|poke|p2|Milotic, L50, M|
|poke|p2|Sinistcha, L50|
|teampreview|4
|showteam|p1|Raichu||RaichuniteY|LightningRod|ZapCannon,FocusBlast,FakeOut,Protect|Timid||M|||50|]Vivillon||FocusSash|CompoundEyes|Hurricane,RagePowder,Tailwind,Protect|Timid||M|||50|]Typhlosion-Hisui||ChoiceScarf|Blaze|Eruption,HeatWave,InfernalParade,Extrasensory|Timid||M|||50|]Torkoal||Charcoal|Drought|Eruption,WeatherBall,EarthPower,Protect|Modest||M|||50|]Blaziken||Blazikenite|SpeedBoost|CloseCombat,FlareBlitz,RockSlide,Protect|Adamant||F|||50|]Venusaur||LifeOrb|Chlorophyll|EnergyBall,SludgeBomb,SleepPowder,Protect|Modest||M|||50|
|showteam|p2|Staraptor||Staraptite|Intimidate|CloseCombat,BraveBird,Tailwind,Protect|Jolly||M|||50|]Tyranitar||Tyranitarite|SandStream|RockSlide,KnockOff,LowKick,Protect|Jolly||F|||50|]Excadrill||FocusSash|SandRush|HighHorsepower,RockSlide,IronHead,Protect|Adamant||F|||50|]Gholdengo||LifeOrb|GoodasGold|MakeItRain,ShadowBall,NastyPlot,Protect|Timid|||||50|]Milotic||Leftovers|Competitive|IcyWind,Scald,Haze,Protect|Calm||M|||50|]Sinistcha||ColburBerry|Hospitality|MatchaGotcha,RagePowder,TrickRoom,Protect|Bold|||||50|
|inactive|Battle timer is ON: inactive players will automatically lose when time's up. (requested by lettitripppp)
|
|t:|1785269813
|teamsize|p1|4
|teamsize|p2|4
|start
|switch|p1a: Raichu|Raichu, L50, M|100/100
|switch|p1b: Typhlosion|Typhlosion-Hisui, L50, M|100/100
|switch|p2a: TRANITAR|Tyranitar, L50, F|100/100
|switch|p2b: RUSH-DRILL|Excadrill, L50, F|100/100
|-weather|Sandstorm|[from] ability: Sand Stream|[of] p2a: TRANITAR
|turn|1
|
|t:|1785269833
|switch|p1b: Torkoal|Torkoal, L50, M|100/100
|-weather|SunnyDay|[from] ability: Drought|[of] p1b: Torkoal
|detailschange|p1a: Raichu|Raichu-Mega-Y, L50, M
|-mega|p1a: Raichu|Raichu|Raichunite Y
|move|p2b: RUSH-DRILL|Protect|p2b: RUSH-DRILL
|-singleturn|p2b: RUSH-DRILL|Protect
|move|p2a: TRANITAR|Protect|p2a: TRANITAR
|-singleturn|p2a: TRANITAR|Protect
|move|p1a: Raichu|Focus Blast|p2a: TRANITAR
|-activate|p2a: TRANITAR|move: Protect
|
|-weather|SunnyDay|[upkeep]
|upkeep
|turn|2
|
|t:|1785269850
|detailschange|p2a: TRANITAR|Tyranitar-Mega, L50, F
|-mega|p2a: TRANITAR|Tyranitar|Tyranitarite
|-weather|Sandstorm|[from] ability: Sand Stream|[of] p2a: TRANITAR
|move|p2b: RUSH-DRILL|High Horsepower|p1a: Raichu
|-supereffective|p1a: Raichu|1
|-damage|p1a: Raichu|0 fnt
|faint|p1a: Raichu
|move|p2a: TRANITAR|Rock Slide|p1b: Torkoal|[miss]
|-miss|p2a: TRANITAR|p1b: Torkoal
|move|p1b: Torkoal|Eruption|p2b: RUSH-DRILL|[spread] p2a,p2b
|-resisted|p2a: TRANITAR|1
|-supereffective|p2b: RUSH-DRILL|1
|-damage|p2a: TRANITAR|85/100
|-enditem|p2b: RUSH-DRILL|Focus Sash
|-damage|p2b: RUSH-DRILL|1/100
|
|-weather|Sandstorm|[upkeep]
|-damage|p1b: Torkoal|93/100|[from] Sandstorm
|upkeep
|
|t:|1785269855
|switch|p1a: Blaziken|Blaziken, L50, F|100/100
|turn|3
|
|t:|1785269864
|move|p1a: Blaziken|Protect|p1a: Blaziken
|-singleturn|p1a: Blaziken|Protect
|move|p2b: RUSH-DRILL|High Horsepower|p1a: Blaziken
|-activate|p1a: Blaziken|move: Protect
|move|p2a: TRANITAR|Rock Slide|p1a: Blaziken|[spread] p1b
|-activate|p1a: Blaziken|move: Protect
|-supereffective|p1b: Torkoal|1
|-damage|p1b: Torkoal|39/100
|move|p1b: Torkoal|Earth Power|p2b: RUSH-DRILL
|-supereffective|p2b: RUSH-DRILL|1
|-damage|p2b: RUSH-DRILL|0 fnt
|faint|p2b: RUSH-DRILL
|
|-weather|Sandstorm|[upkeep]
|-damage|p1a: Blaziken|94/100|[from] Sandstorm
|-damage|p1b: Torkoal|33/100|[from] Sandstorm
|-ability|p1a: Blaziken|Speed Boost|boost
|-boost|p1a: Blaziken|spe|1
|upkeep
|
|t:|1785269869
|switch|p2b: NUMBER 1|Staraptor, L50, M|100/100
|-ability|p2b: NUMBER 1|Intimidate|boost
|-unboost|p1a: Blaziken|atk|1
|-unboost|p1b: Torkoal|atk|1
|turn|4
|
|t:|1785269873
|move|p2a: TRANITAR|Protect|p2a: TRANITAR
|-singleturn|p2a: TRANITAR|Protect
|move|p1a: Blaziken|Close Combat|p2a: TRANITAR
|-activate|p2a: TRANITAR|move: Protect
|move|p2b: NUMBER 1|Tailwind|p2b: NUMBER 1
|-sidestart|p2: lettitripppp|move: Tailwind
|move|p1b: Torkoal|Weather Ball|p2b: NUMBER 1
|-supereffective|p2b: NUMBER 1|1
|-damage|p2b: NUMBER 1|21/100
|
|-weather|Sandstorm|[upkeep]
|-damage|p2b: NUMBER 1|15/100|[from] Sandstorm
|-damage|p1a: Blaziken|88/100|[from] Sandstorm
|-damage|p1b: Torkoal|27/100|[from] Sandstorm
|-ability|p1a: Blaziken|Speed Boost|boost
|-boost|p1a: Blaziken|spe|1
|upkeep
|turn|5
|
|t:|1785269887
|move|p1a: Blaziken|Protect|p1a: Blaziken
|-singleturn|p1a: Blaziken|Protect
|move|p2b: NUMBER 1|Brave Bird|p1a: Blaziken
|-activate|p1a: Blaziken|move: Protect
|move|p2a: TRANITAR|Rock Slide|p1b: Torkoal|[spread] p1b
|-activate|p1a: Blaziken|move: Protect
|-supereffective|p1b: Torkoal|1
|-crit|p1b: Torkoal
|-damage|p1b: Torkoal|0 fnt
|faint|p1b: Torkoal
|
|-weather|Sandstorm|[upkeep]
|-damage|p2b: NUMBER 1|9/100|[from] Sandstorm
|-damage|p1a: Blaziken|82/100|[from] Sandstorm
|-ability|p1a: Blaziken|Speed Boost|boost
|-boost|p1a: Blaziken|spe|1
|upkeep
|
|t:|1785269889
|switch|p1b: Typhlosion|Typhlosion-Hisui, L50, M|100/100
|turn|6
|
|t:|1785269898
|move|p2b: NUMBER 1|Brave Bird|p1a: Blaziken
|-supereffective|p1a: Blaziken|1
|-damage|p1a: Blaziken|0 fnt
|faint|p1a: Blaziken
|-damage|p2b: NUMBER 1|0 fnt|[from] Recoil
|faint|p2b: NUMBER 1
|move|p2a: TRANITAR|Knock Off|p1b: Typhlosion
|-supereffective|p1b: Typhlosion|1
|-damage|p1b: Typhlosion|0 fnt
|-enditem|p1b: Typhlosion|Choice Scarf|[from] move: Knock Off|[of] p2a: TRANITAR
|faint|p1b: Typhlosion
|
|win|lettitripppp
|raw|Not_Paint's rating: 1179 → 1156(-23 for losing)
|raw|lettitripppp's rating: 1207 → 1230(+23 for winning)
