|j|☆saboyita
|j|☆noexperiencesorry
|html|saboyitanoexperiencesorry    
|uhtml|bestof|Game 2 of a best-of-3
|t:|1756422670
|gametype|doubles
|player|p1|saboyita|grimsley|1079
|player|p2|noexperiencesorry|170|1187
|gen|9
|tier|[Gen 9] VGC 2025 Reg H (Bo3)
|rated|
|rule|Species Clause: Limit one of each Pokémon
|rule|Item Clause: Limit 1 of each item
|clearpoke
|poke|p1|Amoonguss, L50, F|
|poke|p1|Hydreigon, L50, F|
|poke|p1|Whimsicott, L50, M|
|poke|p1|Maushold-Four, L50|
|poke|p1|Annihilape, L50, F|
|poke|p1|Ursaluna-Bloodmoon, L50, M|
|poke|p2|Dragonite, L50, F|
|poke|p2|Ursaluna-Bloodmoon, L50, M|
|poke|p2|Annihilape, L50, M|
|poke|p2|Volcarona, L50, F|
|poke|p2|Rillaboom, L50, F|
|poke|p2|Incineroar, L50, M|
|teampreview|4
|showteam|p1|Amoonguss||MentalHerb|Regenerator|ClearSmog,Spore,RagePowder,Protect|||F|||50|,,,,,Water]Hydreigon||ChoiceSpecs|Levitate|Snarl,HeatWave,DarkPulse,DracoMeteor|||F|||50|,,,,,Ghost]Whimsicott||CovertCloak|Prankster|BeatUp,Encore,HelpingHand,Tailwind|||M|||50|,,,,,Dark]Maushold-Four||WideLens|Technician|PopulationBomb,Taunt,FollowMe,Protect||||||50|,,,,,Ghost]Annihilape||Leftovers|Defiant|RageFist,CloseCombat,FinalGambit,Protect|||F|||50|,,,,,Fire]Ursaluna-Bloodmoon||LifeOrb|MindsEye|HyperVoice,EarthPower,BloodMoon,Protect|||M|||50|,,,,,Water
|showteam|p2|Dragonite||LoadedDice|Multiscale|Protect,ScaleShot,Tailwind,Haze|||F|||50|,,,,,Fairy]Ursaluna-Bloodmoon||FocusSash|MindsEye|Protect,BloodMoon,EarthPower,HyperVoice|||M|||50|,,,,,Normal]Annihilape||LumBerry|Defiant|Coaching,RageFist,CloseCombat,Taunt|||M|||50|,,,,,Fire]Volcarona||CovertCloak|FlameBody|Protect,QuiverDance,HeatWave,TeraBlast|||F|||50|,,,,,Fairy]Rillaboom||AssaultVest|GrassySurge|FakeOut,WoodHammer,GrassyGlide,HighHorsepower|||F|||50|,,,,,Fire]Incineroar||SafetyGoggles|Intimidate|FakeOut,PartingShot,FlareBlitz,KnockOff|||M|||50|,,,,,Ghost
|inactive|Battle timer is ON: inactive players will automatically lose when time's up. (requested by saboyita)
|
|t:|1756422698
|teamsize|p1|4
|teamsize|p2|4
|start
|switch|p1a: Whimsicott|Whimsicott, L50, M|100/100
|switch|p1b: Annihilape|Annihilape, L50, F|100/100
|switch|p2a: Rillaboom|Rillaboom, L50, F, shiny|100/100
|switch|p2b: Dragonite|Dragonite, L50, F, shiny|100/100
|-fieldstart|move: Grassy Terrain|[from] ability: Grassy Surge|[of] p2a: Rillaboom
|turn|1
|
|t:|1756422714
|move|p1a: Whimsicott|Beat Up|p1b: Annihilape
|-damage|p1b: Annihilape|98/100
|-damage|p1b: Annihilape|95/100
|-damage|p1b: Annihilape|93/100
|-damage|p1b: Annihilape|91/100
|-hitcount|p1b: Annihilape|4
|move|p1b: Annihilape|Rage Fist|p2a: Rillaboom
|-damage|p2a: Rillaboom|0 fnt
|faint|p2a: Rillaboom
|move|p2b: Dragonite|Scale Shot|p1b: Annihilape
|-damage|p1b: Annihilape|73/100
|-damage|p1b: Annihilape|58/100
|-damage|p1b: Annihilape|42/100
|-damage|p1b: Annihilape|26/100
|-hitcount|p1b: Annihilape|4
|-unboost|p2b: Dragonite|def|1
|-boost|p2b: Dragonite|spe|1
|
|-heal|p1b: Annihilape|32/100|[from] Grassy Terrain
|-heal|p1b: Annihilape|38/100|[from] item: Leftovers
|upkeep
|
|t:|1756422737
|switch|p2a: Volcarona|Volcarona, L50, F, shiny|100/100
|turn|2
|
|t:|1756422759
|-terastallize|p1b: Annihilape|Fire
|move|p1a: Whimsicott|Tailwind|p1a: Whimsicott
|-sidestart|p1: saboyita|move: Tailwind
|move|p1b: Annihilape|Rage Fist|p2b: Dragonite
|-damage|p2b: Dragonite|0 fnt
|faint|p2b: Dragonite
|move|p2a: Volcarona|Heat Wave|p1a: Whimsicott|[spread] p1a,p1b
|-supereffective|p1a: Whimsicott
|-resisted|p1b: Annihilape
|-damage|p1a: Whimsicott|7/100
|-damage|p1b: Annihilape|23/100
|
|-heal|p1a: Whimsicott|13/100|[from] Grassy Terrain
|-heal|p1b: Annihilape|29/100|[from] Grassy Terrain
|-heal|p1b: Annihilape|35/100|[from] item: Leftovers
|upkeep
|
|t:|1756422773
|switch|p2b: Ursaluna|Ursaluna-Bloodmoon, L50, M|100/100
|turn|3
|
|t:|1756422785
|-terastallize|p2b: Ursaluna|Normal
|move|p1b: Annihilape|Protect|p1b: Annihilape
|-singleturn|p1b: Annihilape|Protect
|move|p2a: Volcarona|Protect|p2a: Volcarona
|-singleturn|p2a: Volcarona|Protect
|move|p1a: Whimsicott|Beat Up|p2b: Ursaluna
|-crit|p2b: Ursaluna
|-damage|p2b: Ursaluna|98/100
|-damage|p2b: Ursaluna|96/100
|-damage|p2b: Ursaluna|94/100
|-damage|p2b: Ursaluna|93/100
|-hitcount|p2b: Ursaluna|4
|move|p2b: Ursaluna|Hyper Voice|p1a: Whimsicott|[spread] p1a
|-activate|p1b: Annihilape|move: Protect
|-damage|p1a: Whimsicott|0 fnt
|faint|p1a: Whimsicott
|
|-heal|p1b: Annihilape|41/100|[from] Grassy Terrain
|-heal|p1b: Annihilape|47/100|[from] item: Leftovers
|-heal|p2b: Ursaluna|98/100|[from] Grassy Terrain
|upkeep
|c|☆noexperiencesorry|g
|c|☆noexperiencesorry|g
|c|☆noexperiencesorry|2 strong
|
|t:|1756422805
|switch|p1a: Maushold|Maushold-Four, L50|100/100
|turn|4
|
|t:|1756422811
|move|p1a: Maushold|Population Bomb|p2b: Ursaluna
|-damage|p2b: Ursaluna|90/100
|-damage|p2b: Ursaluna|80/100
|-damage|p2b: Ursaluna|72/100
|-damage|p2b: Ursaluna|63/100
|-damage|p2b: Ursaluna|55/100
|-damage|p2b: Ursaluna|47/100
|-damage|p2b: Ursaluna|37/100
|-damage|p2b: Ursaluna|27/100
|-damage|p2b: Ursaluna|17/100
|-damage|p2b: Ursaluna|7/100
|-hitcount|p2b: Ursaluna|10
|move|p1b: Annihilape|Rage Fist|p2a: Volcarona
|-crit|p2a: Volcarona
|-damage|p2a: Volcarona|0 fnt
|faint|p2a: Volcarona
|move|p2b: Ursaluna|Hyper Voice|p1a: Maushold|[spread] p1a,p1b
|-damage|p1a: Maushold|32/100
|-damage|p1b: Annihilape|2/100
|
|-heal|p1a: Maushold|38/100|[from] Grassy Terrain
|-heal|p1b: Annihilape|8/100|[from] Grassy Terrain
|-heal|p1b: Annihilape|14/100|[from] item: Leftovers
|-heal|p2b: Ursaluna|13/100|[from] Grassy Terrain
|upkeep
|turn|5
|c|☆saboyita|GGs! it's a tough match up
|inactive|saboyita has 30 seconds left.
|inactive|noexperiencesorry has 30 seconds left.
|
|t:|1756422839
|move|p1a: Maushold|Population Bomb|p2b: Ursaluna
|-damage|p2b: Ursaluna|5/100
|-damage|p2b: Ursaluna|0 fnt
|faint|p2b: Ursaluna
|-hitcount|p2: Ursaluna|2
|
|win|saboyita
|raw|saboyita's rating: 1079 → 1116(+37 for winning)
|raw|noexperiencesorry's rating: 1187 → 1154(-33 for losing)
|l|☆noexperiencesorry
|player|p2|
