|j|☆puli95
|j|☆playrornds
|html|puli95playrornds    
|uhtml|bestof|Game 3 of a best-of-3
|t:|1756599323
|gametype|doubles
|player|p1|puli95|170|1001
|player|p2|playrornds|giovanni-gen1rb|1106
|gen|9
|tier|[Gen 9] VGC 2025 Reg H (Bo3)
|rated|
|rule|Species Clause: Limit one of each Pokémon
|rule|Item Clause: Limit 1 of each item
|clearpoke
|poke|p1|Garchomp, L50, F|
|poke|p1|Corviknight, L50, M|
|poke|p1|Whimsicott, L50, F|
|poke|p1|Incineroar, L50, M|
|poke|p1|Torkoal, L50, F|
|poke|p1|Slowbro-Galar, L50, M|
|poke|p2|Gholdengo, L50|
|poke|p2|Kilowattrel, L50, F|
|poke|p2|Ursaluna, L50, F|
|poke|p2|Porygon2, L50|
|poke|p2|Incineroar, L50, M|
|poke|p2|Amoonguss, L50, M|
|teampreview|4
|showteam|p1|Garchomp||RockyHelmet|RoughSkin|DragonClaw,StompingTantrum,Earthquake,Protect|||F|||50|,,,,,Ground]Corviknight||WeaknessPolicy|MirrorArmor|BodyPress,PowerTrip,IronDefense,Roost|||M|||50|,,,,,Water]Whimsicott||CovertCloak|Prankster|Moonblast,Tailwind,Encore,LightScreen|||F|||50|,,,,,Dark]Incineroar||SafetyGoggles|Intimidate|KnockOff,WillOWisp,FakeOut,PartingShot|||M|||50|,,,,,Bug]Torkoal||Charcoal|Drought|Eruption,HeatWave,EarthPower,Protect|||F|||50|,,,,,Fire]Slowbro-Galar||QuickClaw|QuickDraw|ShellSideArm,ExpandingForce,TrickRoom,HealPulse|||M|||50|,,,,,Dark
|showteam|p2|Gholdengo||LifeOrb|GoodasGold|MakeItRain,ShadowBall,NastyPlot,Protect||||||50|,,,,,Water]Kilowattrel||FocusSash|Competitive|Thunderbolt,AirSlash,Tailwind,Protect|||F|||50|,,,,,Ghost]Ursaluna||FlameOrb|Guts|Facade,HeadlongRush,Earthquake,Protect|||F|||50|,,,,,Fairy]Porygon2||Eviolite|Download|TeraBlast,IceBeam,Recover,TrickRoom||||||50|,,,,,Fighting]Incineroar||AssaultVest|Intimidate|FakeOut,FlareBlitz,KnockOff,Uturn|||M|||50|,,,,,Grass]Amoonguss||SitrusBerry|Regenerator|SludgeBomb,Spore,RagePowder,Protect|||M|||50|,,,,,Water
|inactive|Battle timer is ON: inactive players will automatically lose when time's up. (requested by playrornds)
|inactive|puli95 has 60 seconds left.
|
|t:|1756599445
|teamsize|p1|4
|teamsize|p2|4
|start
|switch|p1a: Whimsicott|Whimsicott, L50, F|100/100
|switch|p1b: Slowbro|Slowbro-Galar, L50, M|100/100
|switch|p2a: Porygon2|Porygon2, L50|100/100
|switch|p2b: Incineroar|Incineroar, L50, M|100/100
|-ability|p2b: Incineroar|Intimidate|boost
|-unboost|p1a: Whimsicott|atk|1
|-unboost|p1b: Slowbro|atk|1
|-ability|p2a: Porygon2|Download|boost
|-boost|p2a: Porygon2|spa|1
|turn|1
|inactive|playrornds has 30 seconds left.
|inactive|playrornds has 20 seconds left.
|inactive|playrornds has 15 seconds left.
|
|t:|1756599488
|switch|p2b: Kilowattrel|Kilowattrel, L50, F|100/100
|switch|p2a: Ursaluna|Ursaluna, L50, F|100/100
|move|p1a: Whimsicott|Light Screen|p1a: Whimsicott
|-sidestart|p1: puli95|move: Light Screen
|move|p1b: Slowbro|Shell Side Arm|p2b: Kilowattrel|[anim] Shell Side Arm Special
|-damage|p2b: Kilowattrel|36/100
|-hint|Special Shell Side Arm
|
|-status|p2a: Ursaluna|brn|[from] item: Flame Orb
|upkeep
|turn|2
|-activate|p1b: Slowbro|ability: Quick Draw
|
|t:|1756599509
|move|p1a: Whimsicott|Tailwind|p1a: Whimsicott
|-sidestart|p1: puli95|move: Tailwind
|move|p1b: Slowbro|Shell Side Arm|p2b: Kilowattrel|[anim] Shell Side Arm Special
|-damage|p2b: Kilowattrel|0 fnt
|-hint|Special Shell Side Arm
|faint|p2b: Kilowattrel
|move|p2a: Ursaluna|Earthquake|p1b: Slowbro|[spread] p1a,p1b
|-resisted|p1a: Whimsicott
|-supereffective|p1b: Slowbro
|-damage|p1a: Whimsicott|63/100
|-damage|p1b: Slowbro|0 fnt
|faint|p1b: Slowbro
|
|-damage|p2a: Ursaluna|95/100 brn|[from] brn
|upkeep
|
|t:|1756599526
|switch|p2b: Porygon2|Porygon2, L50|100/100
|switch|p1b: Corviknight|Corviknight, L50, M|100/100
|-ability|p2b: Porygon2|Download|boost
|-boost|p2b: Porygon2|spa|1
|turn|3
|
|t:|1756599543
|switch|p1a: Incineroar|Incineroar, L50, M|100/100
|-ability|p1a: Incineroar|Intimidate|boost
|-unboost|p2a: Ursaluna|atk|1
|-unboost|p2b: Porygon2|atk|1
|move|p1b: Corviknight|Iron Defense|p1b: Corviknight
|-boost|p1b: Corviknight|def|2
|move|p2a: Ursaluna|Facade|p1a: Incineroar
|-crit|p1a: Incineroar
|-damage|p1a: Incineroar|0 fnt
|faint|p1a: Incineroar
|move|p2b: Porygon2|Trick Room|p2b: Porygon2
|-fieldstart|move: Trick Room|[of] p2b: Porygon2
|
|-damage|p2a: Ursaluna|89/100 brn|[from] brn
|upkeep
|
|t:|1756599555
|switch|p1a: Whimsicott|Whimsicott, L50, F|63/100
|turn|4
|
|t:|1756599571
|switch|p2b: Incineroar|Incineroar, L50, M|100/100
|-ability|p2b: Incineroar|Intimidate|boost
|-unboost|p1a: Whimsicott|atk|1
|-ability|p1b: Corviknight|Mirror Armor
|-unboost|p2b: Incineroar|atk|1
|move|p1a: Whimsicott|Encore|p2b: Incineroar
|-hint|Since gen 7, Dark is immune to Prankster moves.
|-immune|p2b: Incineroar
|move|p2a: Ursaluna|Facade|p1a: Whimsicott
|-damage|p1a: Whimsicott|0 fnt
|faint|p1a: Whimsicott
|move|p1b: Corviknight|Body Press|p2a: Ursaluna
|-supereffective|p2a: Ursaluna
|-damage|p2a: Ursaluna|8/100 brn
|
|-damage|p2a: Ursaluna|2/100 brn|[from] brn
|upkeep
|turn|5
|
|t:|1756599596
|move|p2a: Ursaluna|Facade|p1b: Corviknight
|-resisted|p1b: Corviknight
|-damage|p1b: Corviknight|86/100
|move|p2b: Incineroar|Knock Off|p1b: Corviknight
|-damage|p1b: Corviknight|75/100
|-enditem|p1b: Corviknight|Weakness Policy|[from] move: Knock Off|[of] p2b: Incineroar
|move|p1b: Corviknight|Roost|p1b: Corviknight
|-heal|p1b: Corviknight|100/100
|-singleturn|p1b: Corviknight|move: Roost
|
|-damage|p2a: Ursaluna|0 fnt|[from] brn
|faint|p2a: Ursaluna
|-sideend|p1: puli95|move: Light Screen
|-sideend|p1: puli95|move: Tailwind
|upkeep
|
|t:|1756599598
|switch|p2a: Porygon2|Porygon2, L50|100/100
|-ability|p2a: Porygon2|Download|boost
|-boost|p2a: Porygon2|spa|1
|turn|6
|inactive|playrornds has 30 seconds left.
|
|t:|1756599631
|-terastallize|p2a: Porygon2|Fighting
|-terastallize|p1b: Corviknight|Water
|move|p2a: Porygon2|Tera Blast|p1b: Corviknight|[anim] Tera Blast Fighting
|-damage|p1b: Corviknight|58/100
|move|p1b: Corviknight|Body Press|p2a: Porygon2
|-damage|p2a: Porygon2|72/100
|move|p2b: Incineroar|Flare Blitz|p1b: Corviknight
|-resisted|p1b: Corviknight
|-damage|p1b: Corviknight|52/100
|-damage|p2b: Incineroar|98/100|[from] Recoil
|
|upkeep
|turn|7
|
|t:|1756599643
|move|p2a: Porygon2|Tera Blast|p1b: Corviknight|[anim] Tera Blast Fighting
|-damage|p1b: Corviknight|4/100
|move|p1b: Corviknight|Roost|p1b: Corviknight
|-heal|p1b: Corviknight|54/100
|move|p2b: Incineroar|Flare Blitz|p1b: Corviknight
|-resisted|p1b: Corviknight
|-damage|p1b: Corviknight|47/100
|-damage|p2b: Incineroar|96/100|[from] Recoil
|
|-fieldend|move: Trick Room
|upkeep
|turn|8
|
|t:|1756599660
|move|p2b: Incineroar|Flare Blitz|p1b: Corviknight
|-resisted|p1b: Corviknight
|-damage|p1b: Corviknight|41/100
|-damage|p2b: Incineroar|94/100|[from] Recoil
|move|p1b: Corviknight|Roost|p1b: Corviknight
|-heal|p1b: Corviknight|91/100
|move|p2a: Porygon2|Tera Blast|p1b: Corviknight|[anim] Tera Blast Fighting
|-damage|p1b: Corviknight|48/100
|
|upkeep
|turn|9
|
|t:|1756599670
|move|p2b: Incineroar|Flare Blitz|p1b: Corviknight
|-resisted|p1b: Corviknight
|-damage|p1b: Corviknight|42/100
|-damage|p2b: Incineroar|92/100|[from] Recoil
|move|p1b: Corviknight|Roost|p1b: Corviknight
|-heal|p1b: Corviknight|92/100
|move|p2a: Porygon2|Tera Blast|p1b: Corviknight|[anim] Tera Blast Fighting
|-damage|p1b: Corviknight|48/100
|
|upkeep
|turn|10
|
|t:|1756599684
|move|p2b: Incineroar|Knock Off|p1b: Corviknight
|-damage|p1b: Corviknight|42/100
|move|p1b: Corviknight|Roost|p1b: Corviknight
|-heal|p1b: Corviknight|92/100
|move|p2a: Porygon2|Tera Blast|p1b: Corviknight|[anim] Tera Blast Fighting
|-damage|p1b: Corviknight|49/100
|
|upkeep
|turn|11
|
|t:|1756599699
|move|p2b: Incineroar|Knock Off|p1b: Corviknight
|-damage|p1b: Corviknight|42/100
|move|p1b: Corviknight|Iron Defense|p1b: Corviknight
|-boost|p1b: Corviknight|def|2
|move|p2a: Porygon2|Tera Blast|p1b: Corviknight|[anim] Tera Blast Fighting
|-damage|p1b: Corviknight|0 fnt
|faint|p1b: Corviknight
|
|win|playrornds
|raw|puli95's rating: 1001 → 1000(-1 for losing)
|raw|playrornds's rating: 1106 → 1124(+18 for winning)
