|j|☆Omaruco
|j|☆wh1ssperr77
|html|Omarucowh1ssperr77    
|uhtml|bestof|Game 1 of a best-of-3
|t:|1785936779
|gametype|doubles
|player|p1|Omaruco|arven-s|1119
|player|p2|wh1ssperr77|pokekid|1116
|gen|9
|tier|[Gen 9 Champions] VGC 2026 Reg M-B (Bo3)
|rated|
|rule|Species Clause: Limit one of each Pokémon
|rule|Item Clause: Limit 1 of each item
|clearpoke
|poke|p1|Charizard, L50, M|
|poke|p1|Garchomp, L50, F|
|poke|p1|Incineroar, L50, M|
|poke|p1|Venusaur, L50, F|
|poke|p1|Raichu, L50, M|
|poke|p1|Sylveon, L50, F|
|poke|p2|Metagross, L50, shiny|
|poke|p2|Hydreigon, L50, F|
|poke|p2|Kommo-o, L50, M|
|poke|p2|Whimsicott, L50, M|
|poke|p2|Ninetales-Alola, L50, M|
|poke|p2|Ceruledge, L50, F|
|teampreview|4
|showteam|p1|Charizard||CharizarditeY|Blaze|WeatherBall,HeatWave,HelpingHand,Protect|Modest||M|||50|]Garchomp||ChoiceScarf|RoughSkin|RockSlide,DragonClaw,Earthquake,StompingTantrum|Adamant||F|||50|]Incineroar||SitrusBerry|Intimidate|FlareBlitz,FakeOut,DarkestLariat,PartingShot|Impish||M|||50|]Venusaur||LifeOrb|Chlorophyll|SludgeBomb,LeafStorm,EarthPower,Protect|Modest||F|||50|]Raichu||RaichuniteY|LightningRod|Protect,ZapCannon,FakeOut,FocusBlast|Timid||M|||50|]Sylveon||FairyFeather|Pixilate|HyperVoice,QuickAttack,HyperBeam,Detect|Modest||F|||50|
|showteam|p2|Metagross||Metagrossite|ClearBody|MeteorMash,BulletPunch,PsychicFangs,Protect|Adamant|||||50|]Hydreigon||ChoiceScarf|Levitate|DracoMeteor,DragonPulse,Snarl,EarthPower|Modest||F|||50|]Kommo-o||SitrusBerry|Soundproof|AuraSphere,ClangingScales,ClangorousSoul,Protect|Modest||M|||50|]Whimsicott||FocusSash|Prankster|Tailwind,Encore,Moonblast,Protect|Timid||M|||50|]Ninetales-Alola||NeverMeltIce|SnowWarning|Blizzard,FreezeDry,AuroraVeil,Protect|Timid||M|||50|]Ceruledge||ColburBerry|FlashFire|BitterBlade,Poltergeist,ShadowSneak,Protect|Adamant||F|||50|
|inactive|Battle timer is ON: inactive players will automatically lose when time's up. (requested by Omaruco)
|inactive|Omaruco has 60 seconds left.
|inactive|wh1ssperr77 has 60 seconds left.
|
|t:|1785936835
|teamsize|p1|4
|teamsize|p2|4
|start
|switch|p1a: Venusaur|Venusaur, L50, F|100/100
|switch|p1b: Charizard|Charizard, L50, M|100/100
|switch|p2a: Whimsicott|Whimsicott, L50, M|100/100
|switch|p2b: Hydreigon|Hydreigon, L50, F|100/100
|turn|1
|
|t:|1785936853
|detailschange|p1b: Charizard|Charizard-Mega-Y, L50, M
|-mega|p1b: Charizard|Charizard|Charizardite Y
|-weather|SunnyDay|[from] ability: Drought|[of] p1b: Charizard
|move|p2a: Whimsicott|Tailwind|p2a: Whimsicott
|-sidestart|p2: wh1ssperr77|move: Tailwind
|move|p2b: Hydreigon|Draco Meteor|p1b: Charizard
|-damage|p1b: Charizard|36/100
|-unboost|p2b: Hydreigon|spa|2
|move|p1a: Venusaur|Sludge Bomb|p2b: Hydreigon
|-damage|p2b: Hydreigon|32/100
|-status|p2b: Hydreigon|psn
|-damage|p1a: Venusaur|90/100|[from] item: Life Orb
|move|p1b: Charizard|Heat Wave|p2a: Whimsicott|[spread] p2a,p2b
|-supereffective|p2a: Whimsicott|1
|-resisted|p2b: Hydreigon|1
|-enditem|p2a: Whimsicott|Focus Sash
|-damage|p2a: Whimsicott|1/100
|-damage|p2b: Hydreigon|0 fnt
|faint|p2b: Hydreigon
|
|-weather|SunnyDay|[upkeep]
|upkeep
|
|t:|1785936868
|switch|p2b: Ninetales|Ninetales-Alola, L50, M|100/100
|-weather|Snowscape|[from] ability: Snow Warning|[of] p2b: Ninetales
|turn|2
|
|t:|1785936874
|switch|p1b: Incineroar|Incineroar, L50, M|100/100
|-ability|p1b: Incineroar|Intimidate|boost
|-unboost|p2a: Whimsicott|atk|1
|-unboost|p2b: Ninetales|atk|1
|move|p1a: Venusaur|Protect|p1a: Venusaur
|-singleturn|p1a: Venusaur|Protect
|move|p2a: Whimsicott|Moonblast|p1a: Venusaur
|-activate|p1a: Venusaur|move: Protect
|move|p2b: Ninetales|Blizzard|p1a: Venusaur|[spread] p1b
|-activate|p1a: Venusaur|move: Protect
|-resisted|p1b: Incineroar|1
|-damage|p1b: Incineroar|83/100
|
|-weather|Snowscape|[upkeep]
|upkeep
|turn|3
|
|t:|1785936888
|switch|p2b: Ceruledge|Ceruledge, L50, F|100/100
|move|p1b: Incineroar|Fake Out|p2b: Ceruledge
|-immune|p2b: Ceruledge
|move|p2a: Whimsicott|Encore|p1a: Venusaur
|-start|p1a: Venusaur|Encore
|move|p1a: Venusaur|Protect||[still]
|-fail|p1a: Venusaur
|
|-weather|Snowscape|[upkeep]
|upkeep
|turn|4
|
|t:|1785936906
|move|p1a: Venusaur|Protect|p1a: Venusaur
|-singleturn|p1a: Venusaur|Protect
|move|p2a: Whimsicott|Moonblast|p1b: Incineroar
|-damage|p1b: Incineroar|50/100y
|-enditem|p1b: Incineroar|Sitrus Berry|[eat]
|-heal|p1b: Incineroar|74/100|[from] item: Sitrus Berry
|move|p2b: Ceruledge|Poltergeist|p1a: Venusaur
|-activate|p1a: Venusaur|move: Protect
|move|p1b: Incineroar|Parting Shot|p2b: Ceruledge
|-unboost|p2b: Ceruledge|atk|1
|-unboost|p2b: Ceruledge|spa|1
|
|t:|1785936921
|switch|p1b: Garchomp|Garchomp, L50, F|100/100|[from] Parting Shot
|
|-weather|Snowscape|[upkeep]
|-sideend|p2: wh1ssperr77|move: Tailwind
|upkeep
|turn|5
|
|t:|1785936931
|switch|p1a: Charizard|Charizard-Mega-Y, L50, M|36/100
|-weather|SunnyDay|[from] ability: Drought|[of] p1a: Charizard
|move|p1b: Garchomp|Earthquake|p2b: Ceruledge|[spread] p2a,p2b
|-immune|p1a: Charizard
|-resisted|p2a: Whimsicott|1
|-supereffective|p2b: Ceruledge|1
|-damage|p2a: Whimsicott|0 fnt
|-damage|p2b: Ceruledge|0 fnt
|faint|p2a: Whimsicott
|faint|p2b: Ceruledge
|
|-weather|SunnyDay|[upkeep]
|upkeep
|
|t:|1785936941
|switch|p2a: Ninetales|Ninetales-Alola, L50, M|100/100
|-weather|Snowscape|[from] ability: Snow Warning|[of] p2a: Ninetales
|turn|6
|-message|wh1ssperr77 forfeited.
|
|win|Omaruco
