|j|☆martinezgg
|j|☆jpvfriu
|html|martinezggjpvfriu    
|uhtml|bestof|Game 1 of a best-of-3
|t:|1783776199
|gametype|doubles
|player|p1|martinezgg|bruno|1025
|player|p2|jpvfriu|n|1000
|gen|9
|tier|[Gen 9 Champions] VGC 2026 Reg M-B (Bo3)
|rated|
|rule|Species Clause: Limit one of each Pokémon
|rule|Item Clause: Limit 1 of each item
|clearpoke
|poke|p1|Excadrill, L50, F, shiny|
|poke|p1|Tyranitar, L50, M, shiny|
|poke|p1|Corviknight, L50, F, shiny|
|poke|p1|Hydreigon, L50, F, shiny|
|poke|p1|Scovillain, L50, M, shiny|
|poke|p1|Houndstone, L50, M, shiny|
|poke|p2|Hawlucha, L50, F, shiny|
|poke|p2|Sableye, L50, M, shiny|
|poke|p2|Tinkaton, L50, F, shiny|
|poke|p2|Scovillain, L50, F, shiny|
|poke|p2|Slowbro-Galar, L50, F|
|poke|p2|Lycanroc-Dusk, L50, M, shiny|
|teampreview|4
|showteam|p1|Excadrill||FocusSash|SandRush|Earthquake,IronHead,RockSlide,Protect|Adamant||F|||50|]Tyranitar||Tyranitarite|SandStream|RockSlide,KnockOff,LowKick,Protect|Adamant||M|||50|]Corviknight||Leftovers|MirrorArmor|BraveBird,BulkUp,Roost,Tailwind|Careful||F|||50|]Hydreigon||ChoiceScarf|Levitate|DracoMeteor,DarkPulse,HeatWave,Snarl|Modest||F|||50|]Scovillain||Scovillainite|Moody|Overheat,GigaDrain,RagePowder,Protect|Calm||M|||50|]Houndstone||LifeOrb|SandRush|LastRespects,Disable,ShadowSneak,Protect|Adamant||M|||50|
|showteam|p2|Hawlucha||LumBerry|Unburden|Acrobatics,CloseCombat,Protect,Roost|Adamant||F|||50|]Sableye||Leftovers|Prankster|Disable,Encore,FakeOut,Swagger|Impish||M|||50|]Tinkaton||SitrusBerry|OwnTempo|GigatonHammer,PlayRough,Protect,FakeOut|Adamant||F|||50|]Scovillain||Scovillainite|Moody|ZenHeadbutt,Flamethrower,RagePowder,Protect|Modest||F|||50|]Slowbro-Galar||QuickClaw|QuickDraw|ShellSideArm,IceBeam,TrickRoom,Protect|Bold||F|||50|]Lycanroc-Dusk||LifeOrb|ToughClaws|Accelerock,RockSlide,Crunch,Protect|Adamant||M|||50|
|inactive|Battle timer is ON: inactive players will automatically lose when time's up. (requested by martinezgg)
|inactive|martinezgg has 60 seconds left.
|
|t:|1783776267
|teamsize|p1|4
|teamsize|p2|4
|start
|switch|p1a: Scovillain|Scovillain, L50, M, shiny|100/100
|switch|p1b: Corviknight|Corviknight, L50, F, shiny|100/100
|switch|p2a: Sableye|Sableye, L50, M, shiny|100/100
|switch|p2b: É lutador|Hawlucha, L50, F, shiny|100/100
|turn|1
|
|t:|1783776284
|move|p1a: Scovillain|Protect|p1a: Scovillain
|-singleturn|p1a: Scovillain|Protect
|move|p2a: Sableye|Swagger|p2b: É lutador
|-boost|p2b: É lutador|atk|2
|-start|p2b: É lutador|confusion
|-enditem|p2b: É lutador|Lum Berry|[eat]
|-end|p2b: É lutador|confusion
|move|p2b: É lutador|Acrobatics|p1a: Scovillain
|-activate|p1a: Scovillain|move: Protect
|move|p1b: Corviknight|Tailwind|p1b: Corviknight
|-sidestart|p1: martinezgg|move: Tailwind
|
|-ability|p1a: Scovillain|Moody|boost
|-boost|p1a: Scovillain|spe|2
|-unboost|p1a: Scovillain|spa|1
|upkeep
|turn|2
|inactive|martinezgg has 30 seconds left.
|
|t:|1783776315
|detailschange|p1a: Scovillain|Scovillain-Mega, L50, M, shiny
|-mega|p1a: Scovillain|Scovillain|Scovillainite
|move|p1a: Scovillain|Rage Powder|p1a: Scovillain
|-singleturn|p1a: Scovillain|move: Rage Powder
|move|p2a: Sableye|Encore|p1a: Scovillain
|-start|p1a: Scovillain|Encore
|move|p2b: É lutador|Acrobatics|p1a: Scovillain
|-supereffective|p1a: Scovillain|1
|-damage|p1a: Scovillain|0 fnt
|-status|p2b: É lutador|brn|[from] ability: Spicy Spray|[of] p1a: Scovillain
|faint|p1a: Scovillain
|move|p1b: Corviknight|Brave Bird|p2b: É lutador
|-supereffective|p2b: É lutador|1
|-damage|p2b: É lutador|2/100 brn
|-damage|p1b: Corviknight|72/100|[from] Recoil
|
|-heal|p1b: Corviknight|78/100|[from] item: Leftovers
|-damage|p2b: É lutador|0 fnt|[from] brn
|faint|p2b: É lutador
|upkeep
|
|t:|1783776335
|switch|p2b: Scovillain|Scovillain, L50, F, shiny|100/100
|switch|p1a: Tyranitar|Tyranitar, L50, M, shiny|100/100
|-weather|Sandstorm|[from] ability: Sand Stream|[of] p1a: Tyranitar
|turn|3
|
|t:|1783776358
|switch|p2a: Tinkaton|Tinkaton, L50, F, shiny|100/100
|move|p2b: Scovillain|Protect|p2b: Scovillain
|-singleturn|p2b: Scovillain|Protect
|move|p1b: Corviknight|Brave Bird|p2b: Scovillain
|-activate|p2b: Scovillain|move: Protect
|move|p1a: Tyranitar|Rock Slide|p2a: Tinkaton|[spread] p2a
|-activate|p2b: Scovillain|move: Protect
|-resisted|p2a: Tinkaton|1
|-damage|p2a: Tinkaton|77/100
|
|-weather|Sandstorm|[upkeep]
|-damage|p2b: Scovillain|94/100|[from] Sandstorm
|-heal|p1b: Corviknight|84/100|[from] item: Leftovers
|-ability|p2b: Scovillain|Moody|boost
|-boost|p2b: Scovillain|def|2
|-unboost|p2b: Scovillain|spd|1
|upkeep
|turn|4
|inactive|martinezgg has 30 seconds left.
|inactive|jpvfriu has 30 seconds left.
|
|t:|1783776384
|detailschange|p2b: Scovillain|Scovillain-Mega, L50, F, shiny
|-mega|p2b: Scovillain|Scovillain|Scovillainite
|move|p2a: Tinkaton|Fake Out|p1b: Corviknight
|-resisted|p1b: Corviknight|1
|-damage|p1b: Corviknight|79/100
|cant|p1b: Corviknight|flinch
|move|p1a: Tyranitar|Low Kick|p2a: Tinkaton
|-damage|p2a: Tinkaton|25/100
|-enditem|p2a: Tinkaton|Sitrus Berry|[eat]
|-heal|p2a: Tinkaton|50/100y|[from] item: Sitrus Berry
|move|p2b: Scovillain|Flamethrower|p1b: Corviknight
|-supereffective|p1b: Corviknight|1
|-damage|p1b: Corviknight|6/100
|
|-weather|Sandstorm|[upkeep]
|-damage|p2b: Scovillain|88/100|[from] Sandstorm
|-heal|p1b: Corviknight|12/100|[from] item: Leftovers
|-sideend|p1: martinezgg|move: Tailwind
|upkeep
|turn|5
|inactive|jpvfriu has 30 seconds left.
|
|t:|1783776412
|move|p1a: Tyranitar|Protect|p1a: Tyranitar
|-singleturn|p1a: Tyranitar|Protect
|move|p2b: Scovillain|Rage Powder|p2b: Scovillain
|-singleturn|p2b: Scovillain|move: Rage Powder
|move|p2a: Tinkaton|Gigaton Hammer|p1a: Tyranitar
|-activate|p1a: Tyranitar|move: Protect
|move|p1b: Corviknight|Brave Bird|p2b: Scovillain
|-supereffective|p2b: Scovillain|1
|-crit|p2b: Scovillain
|-damage|p2b: Scovillain|0 fnt
|-status|p1b: Corviknight|brn|[from] ability: Spicy Spray|[of] p2b: Scovillain
|faint|p2b: Scovillain
|-damage|p1b: Corviknight|0 fnt|[from] Recoil
|faint|p1b: Corviknight
|
|-weather|Sandstorm|[upkeep]
|upkeep
|
|t:|1783776429
|switch|p1b: Excadrill|Excadrill, L50, F, shiny|100/100
|switch|p2b: Sableye|Sableye, L50, M, shiny|100/100
|turn|6
|
|t:|1783776444
|move|p2b: Sableye|Fake Out|p1b: Excadrill
|-resisted|p1b: Excadrill|1
|-damage|p1b: Excadrill|94/100
|cant|p1b: Excadrill|flinch
|move|p2a: Tinkaton|Play Rough|p1a: Tyranitar
|-supereffective|p1a: Tyranitar|1
|-damage|p1a: Tyranitar|41/100
|move|p1a: Tyranitar|Rock Slide|p2a: Tinkaton|[spread] p2a,p2b
|-resisted|p2a: Tinkaton|1
|-damage|p2a: Tinkaton|27/100
|-damage|p2b: Sableye|72/100
|
|-weather|Sandstorm|[upkeep]
|-damage|p2b: Sableye|66/100|[from] Sandstorm
|-heal|p2b: Sableye|72/100|[from] item: Leftovers
|upkeep
|turn|7
|inactive|jpvfriu has 30 seconds left.
|
|t:|1783776475
|move|p1a: Tyranitar|Protect|p1a: Tyranitar
|-singleturn|p1a: Tyranitar|Protect
|move|p2b: Sableye|Encore||[still]
|-fail|p2b: Sableye
|move|p1b: Excadrill|Earthquake|p2a: Tinkaton|[spread] p2a,p2b
|-activate|p1a: Tyranitar|move: Protect
|-supereffective|p2a: Tinkaton|1
|-damage|p2a: Tinkaton|0 fnt
|-damage|p2b: Sableye|33/100
|faint|p2a: Tinkaton
|
|-weather|none
|-heal|p2b: Sableye|39/100|[from] item: Leftovers
|upkeep
|turn|8
|-message|jpvfriu forfeited.
|
|win|martinezgg
|l|☆jpvfriu
|player|p2|
||martinezgg is ready for game 2.
