|j|☆CrystalGem02
|j|☆mzasquare
|html|CrystalGem02mzasquare    
|uhtml|bestof|Game 2 of a best-of-3
|t:|1756231670
|gametype|doubles
|player|p1|CrystalGem02|valerie|1161
|player|p2|mzasquare|worker-gen4|1162
|gen|9
|tier|[Gen 9] VGC 2025 Reg H (Bo3)
|rated|
|rule|Species Clause: Limit one of each Pokémon
|rule|Item Clause: Limit 1 of each item
|clearpoke
|poke|p1|Rillaboom, L50, M|
|poke|p1|Electabuzz, L50, M|
|poke|p1|Archaludon, L50, M|
|poke|p1|Kingambit, L50, F|
|poke|p1|Pelipper, L50, F|
|poke|p1|Basculegion, L50, M|
|poke|p2|Sneasler, L50, M|
|poke|p2|Indeedee, L50, M|
|poke|p2|Volcarona, L50, F|
|poke|p2|Ursaluna-Bloodmoon, L50, M|
|poke|p2|Annihilape, L50, M|
|poke|p2|Tyranitar, L50, M|
|teampreview|4
|showteam|p1|Rillaboom||LoadedDice|GrassySurge|BulletSeed,GrassyGlide,HighHorsepower,FakeOut|||M|||50|,,,,,Fire]Electabuzz||Eviolite|VitalSpirit|Electroweb,Taunt,FollowMe,Protect|||M|||50|,,,,,Ghost]Archaludon||AssaultVest|Stamina|ElectroShot,DracoMeteor,FlashCannon,BodyPress|||M|||50|,,,,,Fairy]Kingambit||BlackGlasses|Defiant|KowtowCleave,SuckerPunch,SwordsDance,Protect|||F|||50|,,,,,Dark]Pelipper||FocusSash|Drizzle|WeatherBall,Hurricane,Tailwind,Protect|||F|||50|,,,,,Ghost]Basculegion||ChoiceBand|SwiftSwim|WaveCrash,FlipTurn,AquaJet,LastRespects|||M|||50|,,,,,Grass
|showteam|p2|Sneasler||PsychicSeed|Unburden|CloseCombat,DireClaw,ThroatChop,Protect|||M|||50|,,,,,Dark]Indeedee||ChoiceScarf|PsychicSurge|ExpandingForce,TeraBlast,Trick,Protect|||M|||50|,,,,,Psychic]Volcarona||SitrusBerry|FlameBody|Overheat,StruggleBug,RagePowder,Tailwind|||F|||50|,,,,,Grass]Ursaluna-Bloodmoon||LifeOrb|MindsEye|BloodMoon,HyperVoice,EarthPower,Protect|||M|||50|,,,,,Normal]Annihilape||SafetyGoggles|Defiant|CloseCombat,RageFist,Taunt,FinalGambit|||M|||50|,,,,,Fairy]Tyranitar||AssaultVest|SandStream|RockSlide,KnockOff,TeraBlast,LowKick|||M|||50|,,,,,Flying
|
|t:|1756231723
|teamsize|p1|4
|teamsize|p2|4
|start
|switch|p1a: Kingambit|Kingambit, L50, F|100/100
|switch|p1b: Rillaboom|Rillaboom, L50, M|100/100
|switch|p2a: Annihilape|Annihilape, L50, M|100/100
|switch|p2b: Volcarona|Volcarona, L50, F|100/100
|-fieldstart|move: Grassy Terrain|[from] ability: Grassy Surge|[of] p1b: Rillaboom
|turn|1
|inactive|Battle timer is ON: inactive players will automatically lose when time's up. (requested by CrystalGem02)
|
|t:|1756231776
|switch|p1a: Pelipper|Pelipper, L50, F|100/100
|-weather|RainDance|[from] ability: Drizzle|[of] p1a: Pelipper
|move|p2b: Volcarona|Tailwind|p2b: Volcarona
|-sidestart|p2: mzasquare|move: Tailwind
|move|p2a: Annihilape|Final Gambit|p1b: Rillaboom
|-damage|p1b: Rillaboom|0 fnt
|faint|p2a: Annihilape
|faint|p1b: Rillaboom
|
|-weather|RainDance|[upkeep]
|upkeep
|
|t:|1756231785
|switch|p2a: Tyranitar|Tyranitar, L50, M|100/100
|switch|p1b: Basculegion|Basculegion, L50, M|100/100
|-weather|Sandstorm|[from] ability: Sand Stream|[of] p2a: Tyranitar
|turn|2
|inactive|mzasquare has 30 seconds left.
|inactive|mzasquare has 20 seconds left.
|inactive|mzasquare has 15 seconds left.
|inactive|mzasquare has 10 seconds left.
|
|t:|1756231833
|switch|p1a: Kingambit|Kingambit, L50, F|100/100
|-terastallize|p2a: Tyranitar|Flying
|move|p2b: Volcarona|Overheat|p1b: Basculegion
|-resisted|p1b: Basculegion
|-damage|p1b: Basculegion|64/100
|-unboost|p2b: Volcarona|spa|2
|move|p2a: Tyranitar|Rock Slide|p1b: Basculegion|[spread] p1a,p1b
|-resisted|p1a: Kingambit
|-damage|p1a: Kingambit|89/100
|-damage|p1b: Basculegion|25/100
|move|p1b: Basculegion|Flip Turn|p2a: Tyranitar
|-crit|p2a: Tyranitar
|-damage|p2a: Tyranitar|49/100
|
|t:|1756231846
|switch|p1b: Pelipper|Pelipper, L50, F|100/100|[from] Flip Turn
|-weather|RainDance|[from] ability: Drizzle|[of] p1b: Pelipper
|
|-weather|RainDance|[upkeep]
|-heal|p1a: Kingambit|95/100|[from] Grassy Terrain
|upkeep
|turn|3
|
|t:|1756231867
|switch|p2b: Ursaluna|Ursaluna-Bloodmoon, L50, M|100/100
|-terastallize|p1a: Kingambit|Dark
|move|p2a: Tyranitar|Rock Slide|p1a: Kingambit|[spread] p1a,p1b
|-supereffective|p1b: Pelipper
|-damage|p1a: Kingambit|70/100
|-damage|p1b: Pelipper|12/100
|move|p1b: Pelipper|Tailwind|p1b: Pelipper
|-sidestart|p1: CrystalGem02|move: Tailwind
|move|p1a: Kingambit|Kowtow Cleave|p2a: Tyranitar
|-damage|p2a: Tyranitar|0 fnt
|faint|p2a: Tyranitar
|
|-weather|RainDance|[upkeep]
|-heal|p1a: Kingambit|75/100|[from] Grassy Terrain
|upkeep
|
|t:|1756231880
|switch|p2a: Volcarona|Volcarona, L50, F|100/100
|turn|4
|
|t:|1756231904
|move|p1b: Pelipper|Protect|p1b: Pelipper
|-singleturn|p1b: Pelipper|Protect
|move|p1a: Kingambit|Protect|p1a: Kingambit
|-singleturn|p1a: Kingambit|Protect
|move|p2a: Volcarona|Struggle Bug|p1a: Kingambit|[spread] 
|-activate|p1a: Kingambit|move: Protect
|-activate|p1b: Pelipper|move: Protect
|move|p2b: Ursaluna|Blood Moon|p1a: Kingambit
|-activate|p1a: Kingambit|move: Protect
|
|-weather|RainDance|[upkeep]
|-heal|p1a: Kingambit|81/100|[from] Grassy Terrain
|-sideend|p2: mzasquare|move: Tailwind
|upkeep
|turn|5
|
|t:|1756231916
|move|p1b: Pelipper|Weather Ball|p2a: Volcarona
|-supereffective|p2a: Volcarona
|-damage|p2a: Volcarona|0 fnt
|faint|p2a: Volcarona
|move|p1a: Kingambit|Kowtow Cleave|p2b: Ursaluna
|-crit|p2b: Ursaluna
|-damage|p2b: Ursaluna|0 fnt
|faint|p2b: Ursaluna
|
|win|CrystalGem02
|raw|CrystalGem02's rating: 1161 → 1186(+25 for winning)
|raw|mzasquare's rating: 1162 → 1137(-25 for losing)
