|j|☆ggttmmhh
|j|☆cereales raton
|html|ggttmmhhcereales raton    
|uhtml|bestof|Game 2 of a best-of-3
|t:|1757797381
|gametype|doubles
|player|p1|ggttmmhh|169|1390
|player|p2|cereales raton|1|1475
|gen|9
|tier|[Gen 9] VGC 2025 Reg H (Bo3)
|rated|
|rule|Species Clause: Limit one of each Pokémon
|rule|Item Clause: Limit 1 of each item
|clearpoke
|poke|p1|Ursaluna-Bloodmoon, L50, M|
|poke|p1|Annihilape, L50, M|
|poke|p1|Dragonite, L50, F|
|poke|p1|Skeledirge, L50, F|
|poke|p1|Sableye, L50, F|
|poke|p1|Porygon2, L50|
|poke|p2|Maushold-Four, L50|
|poke|p2|Gholdengo, L50|
|poke|p2|Dragonite, L50, F|
|poke|p2|Annihilape, L50, M|
|poke|p2|Rillaboom, L50, F|
|poke|p2|Ursaluna-Bloodmoon, L50, M|
|teampreview|4
|showteam|p1|Ursaluna-Bloodmoon||AssaultVest|MindsEye|BloodMoon,HyperVoice,EarthPower,VacuumWave|||M|||50|,,,,,Normal]Annihilape||SafetyGoggles|Defiant|RageFist,DrainPunch,BulkUp,Protect|||M|||50|,,,,,Water]Dragonite||LoadedDice|Multiscale|ScaleShot,ExtremeSpeed,Haze,Protect|||F|||50|,,,,,Steel]Skeledirge||SitrusBerry|Unaware|TorchSong,HeatWave,ShadowBall,Protect|||F|||50|,,,,,Fire]Sableye||LightClay|Prankster|Reflect,LightScreen,Encore,Disable|||F|||50|,,,,,Grass]Porygon2||Eviolite|Download|TeraBlast,IceBeam,Recover,TrickRoom||||||50|,,,,,Flying
|showteam|p2|Maushold-Four||FocusSash|FriendGuard|SuperFang,BeatUp,FollowMe,Protect||||||50|,,,,,Ghost]Gholdengo||LifeOrb|GoodasGold|MakeItRain,ShadowBall,NastyPlot,Protect||||||50|,,,,,Water]Dragonite||LoadedDice|Multiscale|ScaleShot,Tailwind,Haze,Protect|||F|||50|,,,,,Fairy]Annihilape||SitrusBerry|Defiant|DrainPunch,RageFist,BulkUp,Protect|||M|||50|,,,,,Fire]Rillaboom||MiracleSeed|GrassySurge|WoodHammer,GrassyGlide,HighHorsepower,FakeOut|||F|||50|,,,,,Fire]Ursaluna-Bloodmoon||AssaultVest|MindsEye|BloodMoon,EarthPower,HyperVoice,VacuumWave|||M|||50|,,,,,Water
|
|t:|1757797397
|teamsize|p1|4
|teamsize|p2|4
|start
|switch|p1a: Sableye|Sableye, L50, F|100/100
|switch|p1b: Skeledirge|Skeledirge, L50, F|100/100
|switch|p2a: Annihilape|Annihilape, L50, M|100/100
|switch|p2b: Maushold|Maushold-Four, L50|100/100
|turn|1
|
|t:|1757797421
|switch|p1b: Ursaluna|Ursaluna-Bloodmoon, L50, M|100/100
|move|p1a: Sableye|Reflect|p1a: Sableye
|-sidestart|p1: ggttmmhh|Reflect
|move|p2b: Maushold|Beat Up|p2a: Annihilape
|-damage|p2a: Annihilape|98/100
|-crit|p2a: Annihilape
|-damage|p2a: Annihilape|95/100
|-damage|p2a: Annihilape|93/100
|-damage|p2a: Annihilape|90/100
|-hitcount|p2a: Annihilape|4
|move|p2a: Annihilape|Rage Fist|p1b: Ursaluna
|-immune|p1b: Ursaluna
|
|upkeep
|turn|2
|
|t:|1757797461
|switch|p2a: Ursaluna|Ursaluna-Bloodmoon, L50, M|100/100
|-terastallize|p1b: Ursaluna|Normal
|move|p1a: Sableye|Disable||[still]
|-fail|p1a: Sableye
|move|p2b: Maushold|Super Fang|p1b: Ursaluna|[miss]
|-miss|p2b: Maushold|p1b: Ursaluna
|move|p1b: Ursaluna|Blood Moon|p2b: Maushold
|-enditem|p2b: Maushold|Focus Sash
|-damage|p2b: Maushold|1/100
|
|upkeep
|turn|3
|
|t:|1757797484
|move|p2b: Maushold|Protect|p2b: Maushold
|-singleturn|p2b: Maushold|Protect
|move|p1b: Ursaluna|Vacuum Wave|p2b: Maushold
|-activate|p2b: Maushold|move: Protect
|move|p1a: Sableye|Light Screen|p1a: Sableye
|-sidestart|p1: ggttmmhh|move: Light Screen
|move|p2a: Ursaluna|Blood Moon|p1a: Sableye
|-damage|p1a: Sableye|41/100
|
|upkeep
|turn|4
|
|t:|1757797512
|move|p1b: Ursaluna|Vacuum Wave|p2b: Maushold
|-supereffective|p2b: Maushold
|-damage|p2b: Maushold|0 fnt
|faint|p2b: Maushold
|move|p1a: Sableye|Encore|p2a: Ursaluna
|-start|p2a: Ursaluna|Encore
|move|p2a: Ursaluna|Blood Moon|p1b: Ursaluna
|-damage|p1b: Ursaluna|66/100
|-hint|Some effects can force a Pokemon to use Blood Moon again in a row.
|
|upkeep
|
|t:|1757797522
|switch|p2b: Dragonite|Dragonite, L50, F|100/100
|turn|5
|inactive|Battle timer is ON: inactive players will automatically lose when time's up. (requested by cereales raton)
|
|t:|1757797595
|switch|p2a: Annihilape|Annihilape, L50, M|90/100
|switch|p1a: Skeledirge|Skeledirge, L50, F|100/100
|move|p2b: Dragonite|Scale Shot|p1a: Skeledirge
|-damage|p1a: Skeledirge|92/100
|-damage|p1a: Skeledirge|84/100
|-damage|p1a: Skeledirge|76/100
|-damage|p1a: Skeledirge|68/100
|-damage|p1a: Skeledirge|59/100
|-hitcount|p1a: Skeledirge|5
|-unboost|p2b: Dragonite|def|1
|-boost|p2b: Dragonite|spe|1
|move|p1b: Ursaluna|Hyper Voice|p2b: Dragonite|[spread] p2a,p2b
|-damage|p2a: Annihilape|45/100
|-damage|p2b: Dragonite|73/100
|-enditem|p2a: Annihilape|Sitrus Berry|[eat]
|-heal|p2a: Annihilape|70/100|[from] item: Sitrus Berry
|
|upkeep
|turn|6
|inactive|ggttmmhh has 30 seconds left.
|inactive|ggttmmhh has 20 seconds left.
|
|t:|1757797632
|move|p2b: Dragonite|Scale Shot|p1b: Ursaluna
|-damage|p1b: Ursaluna|58/100
|-damage|p1b: Ursaluna|51/100
|-damage|p1b: Ursaluna|42/100
|-damage|p1b: Ursaluna|35/100
|-damage|p1b: Ursaluna|27/100
|-hitcount|p1b: Ursaluna|5
|-unboost|p2b: Dragonite|def|1
|-boost|p2b: Dragonite|spe|1
|move|p2a: Annihilape|Drain Punch|p1b: Ursaluna
|-supereffective|p1b: Ursaluna
|-damage|p1b: Ursaluna|0 fnt
|-heal|p2a: Annihilape|82/100|[from] drain|[of] p1b: Ursaluna
|faint|p1b: Ursaluna
|move|p1a: Skeledirge|Shadow Ball|p2b: Dragonite
|-damage|p2b: Dragonite|34/100
|-unboost|p2b: Dragonite|spd|1
|
|upkeep
|
|t:|1757797643
|switch|p1b: Sableye|Sableye, L50, F|41/100
|turn|7
|inactive|ggttmmhh has 30 seconds left.
|inactive|ggttmmhh has 20 seconds left.
|
|t:|1757797679
|switch|p2a: Ursaluna|Ursaluna-Bloodmoon, L50, M|100/100
|move|p1b: Sableye|Encore||[still]
|-fail|p1b: Sableye
|move|p2b: Dragonite|Tailwind|p2b: Dragonite
|-sidestart|p2: cereales raton|move: Tailwind
|move|p1a: Skeledirge|Torch Song|p2a: Ursaluna
|-damage|p2a: Ursaluna|78/100
|-boost|p1a: Skeledirge|spa|1
|
|upkeep
|turn|8
|inactive|ggttmmhh has 30 seconds left.
|inactive|ggttmmhh has 20 seconds left.
|
|t:|1757797719
|switch|p2b: Annihilape|Annihilape, L50, M|82/100
|move|p1b: Sableye|Encore||[still]
|-fail|p1b: Sableye
|move|p2a: Ursaluna|Blood Moon|p1b: Sableye
|-damage|p1b: Sableye|0 fnt
|faint|p1b: Sableye
|move|p1a: Skeledirge|Torch Song|p2a: Ursaluna
|-damage|p2a: Ursaluna|46/100
|-boost|p1a: Skeledirge|spa|1
|
|-sideend|p1: ggttmmhh|Reflect
|upkeep
|
|t:|1757797722
|switch|p1b: Dragonite|Dragonite, L50, F|100/100
|turn|9
|inactive|ggttmmhh has 30 seconds left.
|
|t:|1757797753
|move|p1a: Skeledirge|Protect|p1a: Skeledirge
|-singleturn|p1a: Skeledirge|Protect
|move|p2b: Annihilape|Rage Fist|p1a: Skeledirge
|-activate|p1a: Skeledirge|move: Protect
|move|p2a: Ursaluna|Hyper Voice|p1b: Dragonite|[spread] p1b
|-activate|p1a: Skeledirge|move: Protect
|-damage|p1b: Dragonite|88/100
|move|p1b: Dragonite|Scale Shot|p2b: Annihilape
|-damage|p2b: Annihilape|65/100
|-damage|p2b: Annihilape|49/100
|-damage|p2b: Annihilape|34/100
|-damage|p2b: Annihilape|20/100
|-hitcount|p2b: Annihilape|4
|-unboost|p1b: Dragonite|def|1
|-boost|p1b: Dragonite|spe|1
|
|upkeep
|turn|10
|inactive|ggttmmhh has 30 seconds left.
|inactive|ggttmmhh has 20 seconds left.
|inactive|ggttmmhh has 15 seconds left.
|inactive|ggttmmhh has 10 seconds left.
|
|t:|1757797801
|move|p1a: Skeledirge|Protect|p1a: Skeledirge
|-singleturn|p1a: Skeledirge|Protect
|move|p2b: Annihilape|Rage Fist|p1b: Dragonite
|-damage|p1b: Dragonite|0 fnt
|faint|p1b: Dragonite
|move|p2a: Ursaluna|Earth Power|p1a: Skeledirge
|-activate|p1a: Skeledirge|move: Protect
|
|-sideend|p1: ggttmmhh|move: Light Screen
|-sideend|p2: cereales raton|move: Tailwind
|upkeep
|turn|11
|
|t:|1757797811
|move|p2b: Annihilape|Rage Fist|p1a: Skeledirge
|-supereffective|p1a: Skeledirge
|-damage|p1a: Skeledirge|0 fnt
|faint|p1a: Skeledirge
|
|win|cereales raton
|raw|ggttmmhh's rating: 1390 → 1375(-15 for losing)
|raw|cereales raton's rating: 1475 → 1490(+15 for winning)
|l|☆ggttmmhh
|player|p1|
