|j|☆The.JuanMa
|j|☆bubu45
|html|The.JuanMabubu45    
|uhtml|bestof|Game 3 of a best-of-3
|t:|1786053568
|gametype|doubles
|player|p1|The.JuanMa|265|1109
|player|p2|bubu45|roughneck-gen4|1051
|gen|9
|tier|[Gen 9 Champions] VGC 2026 Reg M-B (Bo3)
|rated|
|rule|Species Clause: Limit one of each Pokémon
|rule|Item Clause: Limit 1 of each item
|clearpoke
|poke|p1|Whimsicott, L50, M, shiny|
|poke|p1|Floette-Eternal, L50, F|
|poke|p1|Charizard, L50, M, shiny|
|poke|p1|Basculegion, L50, M|
|poke|p1|Glimmora, L50, M, shiny|
|poke|p1|Garchomp, L50, F|
|poke|p2|Spiritomb, L50, F|
|poke|p2|Blastoise, L50, F|
|poke|p2|Torkoal, L50, F|
|poke|p2|Hatterene, L50, F|
|poke|p2|Sableye, L50, M|
|poke|p2|Abomasnow, L50, F|
|teampreview|4
|showteam|p1|Whimsicott||FairyFeather|Prankster|Protect,Encore,Tailwind,Moonblast|Timid||M|||50|]Floette-Eternal||Floettite|FlowerVeil|Moonblast,DazzlingGleam,LightofRuin,Protect|Modest||F|||50|]Charizard||CharizarditeY|Blaze|Protect,HeatWave,SolarBeam,WeatherBall|Modest||M|||50|]Basculegion||ColburBerry|Adaptability|Protect,WaveCrash,LastRespects,AquaJet|Adamant||M|||50|]Glimmora||FocusSash|ToxicDebris|SpikyShield,PowerGem,SludgeBomb,EarthPower|Modest||M|||50|]Garchomp||SitrusBerry|RoughSkin|StompingTantrum,DragonClaw,Earthquake,Protect|Adamant||F|||50|
|showteam|p2|Spiritomb||RoseliBerry|Infiltrator|TrickRoom,WillOWisp,Protect,Hex|Modest||F|||50|]Blastoise||Blastoisinite|Torrent|MuddyWater,Protect,ShellSmash,DarkPulse|Modest||F|||50|]Torkoal||Charcoal|Drought|HeatWave,Eruption,Protect,EarthPower|Modest||F|||50|]Hatterene||Leftovers|MagicBounce|Psychic,TrickRoom,DazzlingGleam,Protect|Calm||F|||50|]Sableye||SitrusBerry|Prankster|Snarl,FakeOut,RainDance,Quash|Serious||M|||50|]Abomasnow||Abomasite|SnowWarning|Blizzard,AuroraVeil,GigaDrain,Protect|Quiet||F|||50|
|inactive|Battle timer is ON: inactive players will automatically lose when time's up. (requested by bubu45)
|inactive|bubu45 has 60 seconds left.
|
|t:|1786053622
|teamsize|p1|4
|teamsize|p2|4
|start
|switch|p1a: Algodoncio|Whimsicott, L50, M, shiny|100/100
|switch|p1b: Vampirim|Charizard, L50, M, shiny|100/100
|switch|p2a: Hatterene|Hatterene, L50, F|100/100
|switch|p2b: Abomasnow|Abomasnow, L50, F|100/100
|-weather|Snowscape|[from] ability: Snow Warning|[of] p2b: Abomasnow
|turn|1
|inactive|The.JuanMa has 30 seconds left.
|inactive|bubu45 has 30 seconds left.
|inactive|The.JuanMa has 20 seconds left.
|inactive|The.JuanMa has 15 seconds left.
|inactive|The.JuanMa has 10 seconds left.
|
|t:|1786053671
|detailschange|p1b: Vampirim|Charizard-Mega-Y, L50, M, shiny
|-mega|p1b: Vampirim|Charizard|Charizardite Y
|-weather|SunnyDay|[from] ability: Drought|[of] p1b: Vampirim
|move|p2b: Abomasnow|Protect|p2b: Abomasnow
|-singleturn|p2b: Abomasnow|Protect
|move|p1a: Algodoncio|Tailwind|p1a: Algodoncio
|-sidestart|p1: The.JuanMa|move: Tailwind
|move|p1b: Vampirim|Heat Wave|p2a: Hatterene|[spread] p2a
|-activate|p2b: Abomasnow|move: Protect
|-damage|p2a: Hatterene|35/100
|move|p2a: Hatterene|Trick Room|p2a: Hatterene
|-fieldstart|move: Trick Room|[of] p2a: Hatterene
|
|-weather|SunnyDay|[upkeep]
|-heal|p2a: Hatterene|41/100|[from] item: Leftovers
|upkeep
|turn|2
|inactive|The.JuanMa has 30 seconds left.
|inactive|bubu45 has 30 seconds left.
|
|t:|1786053704
|move|p1a: Algodoncio|Protect|p1a: Algodoncio
|-singleturn|p1a: Algodoncio|Protect
|move|p2a: Hatterene|Psychic|p1b: Vampirim
|-damage|p1b: Vampirim|55/100
|move|p2b: Abomasnow|Blizzard|p1a: Algodoncio|[spread] 
|-activate|p1a: Algodoncio|move: Protect
|-miss|p2b: Abomasnow|p1b: Vampirim
|move|p1b: Vampirim|Heat Wave|p2a: Hatterene|[spread] p2a,p2b
|-supereffective|p2b: Abomasnow|2
|-damage|p2a: Hatterene|0 fnt
|-damage|p2b: Abomasnow|0 fnt
|faint|p2a: Hatterene
|faint|p2b: Abomasnow
|
|-weather|SunnyDay|[upkeep]
|upkeep
|
|t:|1786053718
|switch|p2a: Sableye|Sableye, L50, M|100/100
|switch|p2b: Blastoise|Blastoise, L50, F|100/100
|turn|3
|inactive|The.JuanMa has 30 seconds left.
|
|t:|1786053747
|switch|p1a: Tiburoncin|Garchomp, L50, F|100/100
|detailschange|p2b: Blastoise|Blastoise-Mega, L50, F
|-mega|p2b: Blastoise|Blastoise|Blastoisinite
|move|p1b: Vampirim|Protect|p1b: Vampirim
|-singleturn|p1b: Vampirim|Protect
|move|p2a: Sableye|Rain Dance|p2a: Sableye
|-weather|RainDance
|move|p2b: Blastoise|Muddy Water|p1a: Tiburoncin|[spread] 
|-activate|p1b: Vampirim|move: Protect
|-miss|p2b: Blastoise|p1a: Tiburoncin
|
|-weather|RainDance|[upkeep]
|upkeep
|turn|4
|
|t:|1786053770
|switch|p1b: Algodoncio|Whimsicott, L50, M, shiny|100/100
|move|p2a: Sableye|Snarl|p1a: Tiburoncin|[spread] p1a,p1b
|-resisted|p1b: Algodoncio|1
|-damage|p1a: Tiburoncin|90/100
|-damage|p1b: Algodoncio|92/100
|-unboost|p1a: Tiburoncin|spa|1
|-unboost|p1b: Algodoncio|spa|1
|move|p2b: Blastoise|Muddy Water|p1b: Algodoncio|[spread] p1a,p1b
|-resisted|p1b: Algodoncio|1
|-damage|p1a: Tiburoncin|37/100
|-damage|p1b: Algodoncio|46/100
|-enditem|p1a: Tiburoncin|Sitrus Berry|[eat]
|-heal|p1a: Tiburoncin|62/100|[from] item: Sitrus Berry
|move|p1a: Tiburoncin|Earthquake|p2b: Blastoise|[spread] p1b,p2a,p2b
|-resisted|p1b: Algodoncio|1
|-damage|p1b: Algodoncio|19/100
|-damage|p2a: Sableye|48/100
|-damage|p2b: Blastoise|66/100
|-enditem|p2a: Sableye|Sitrus Berry|[eat]
|-heal|p2a: Sableye|73/100|[from] item: Sitrus Berry
|
|-weather|RainDance|[upkeep]
|-sideend|p1: The.JuanMa|move: Tailwind
|upkeep
|turn|5
|inactive|The.JuanMa has 30 seconds left.
|
|t:|1786053801
|move|p1b: Algodoncio|Protect|p1b: Algodoncio
|-singleturn|p1b: Algodoncio|Protect
|move|p1a: Tiburoncin|Protect|p1a: Tiburoncin
|-singleturn|p1a: Tiburoncin|Protect
|move|p2a: Sableye|Snarl|p1b: Algodoncio|[spread] 
|-activate|p1a: Tiburoncin|move: Protect
|-activate|p1b: Algodoncio|move: Protect
|move|p2b: Blastoise|Shell Smash|p2b: Blastoise
|-unboost|p2b: Blastoise|def|1
|-unboost|p2b: Blastoise|spd|1
|-boost|p2b: Blastoise|atk|2
|-boost|p2b: Blastoise|spa|2
|-boost|p2b: Blastoise|spe|2
|
|-weather|RainDance|[upkeep]
|-fieldend|move: Trick Room
|upkeep
|turn|6
|inactive|The.JuanMa has 30 seconds left.
|
|t:|1786053827
|move|p1b: Algodoncio|Tailwind|p1b: Algodoncio
|-sidestart|p1: The.JuanMa|move: Tailwind
|move|p2a: Sableye|Quash||[still]
|-fail|p2a: Sableye
|move|p1a: Tiburoncin|Earthquake|p2b: Blastoise|[spread] p1b,p2a,p2b
|-resisted|p1b: Algodoncio|1
|-damage|p1b: Algodoncio|0 fnt
|-damage|p2a: Sableye|25/100
|-damage|p2b: Blastoise|15/100
|faint|p1b: Algodoncio
|move|p2b: Blastoise|Muddy Water|p1a: Tiburoncin
|-damage|p1a: Tiburoncin|0 fnt
|faint|p1a: Tiburoncin
|
|-weather|RainDance|[upkeep]
|upkeep
|
|t:|1786053840
|switch|p1b: Alcachofa|Glimmora, L50, M, shiny|100/100
|switch|p1a: Vampirim|Charizard-Mega-Y, L50, M, shiny|55/100
|-weather|SunnyDay|[from] ability: Drought|[of] p1a: Vampirim
|turn|7
|
|t:|1786053851
|move|p2b: Blastoise|Protect|p2b: Blastoise
|-singleturn|p2b: Blastoise|Protect
|move|p2a: Sableye|Rain Dance|p2a: Sableye
|-weather|RainDance
|move|p1b: Alcachofa|Sludge Bomb|p2b: Blastoise
|-activate|p2b: Blastoise|move: Protect
|move|p1a: Vampirim|Heat Wave|p2a: Sableye|[spread] p2a
|-activate|p2b: Blastoise|move: Protect
|-damage|p2a: Sableye|0 fnt
|faint|p2a: Sableye
|
|-weather|RainDance|[upkeep]
|upkeep
|turn|8
|
|t:|1786053869
|move|p1b: Alcachofa|Sludge Bomb|p2b: Blastoise
|-damage|p2b: Blastoise|0 fnt
|faint|p2b: Blastoise
|
|win|The.JuanMa
|raw|The.JuanMa's rating: 1109 → 1130(+21 for winning)
|raw|bubu45's rating: 1051 → 1036(-15 for losing)
|l|☆bubu45
|player|p2|
