|j|☆yeet58
|j|☆GubGubFan
|html|yeet58GubGubFan    
|uhtml|bestof|Game 2 of a best-of-3
|t:|1757191488
|gametype|doubles
|player|p1|yeet58|iris-gen5bw2|1219
|player|p2|GubGubFan|gladion-stance|1175
|gen|9
|tier|[Gen 9] VGC 2025 Reg H (Bo3)
|rated|
|rule|Species Clause: Limit one of each Pokémon
|rule|Item Clause: Limit 1 of each item
|clearpoke
|poke|p1|Kommo-o, L50, M|
|poke|p1|Sneasler, L50, M|
|poke|p1|Rillaboom, L50, F|
|poke|p1|Kingambit, L50, M|
|poke|p1|Ursaluna-Bloodmoon, L50, M|
|poke|p1|Sableye, L50, F|
|poke|p2|Tyranitar, L50, F|
|poke|p2|Excadrill, L50, M|
|poke|p2|Basculegion, L50, M|
|poke|p2|Volcarona, L50, F|
|poke|p2|Dragonite, L50, F|
|poke|p2|Magmar, L50, F|
|teampreview|4
|showteam|p1|Kommo-o||SitrusBerry|Overcoat|Coaching,BreakingSwipe,Protect,BodyPress|||M|||50|,,,,,Steel]Sneasler||GrassySeed|Unburden|CloseCombat,DireClaw,Protect,ThroatChop|||M|||50|,,,,,Stellar]Rillaboom||AssaultVest|GrassySurge|Uturn,WoodHammer,FakeOut,GrassyGlide|||F|||50|,,,,,Fire]Kingambit||BlackGlasses|Defiant|SuckerPunch,KowtowCleave,SwordsDance,Protect|||M|||50|,,,,,Dark]Ursaluna-Bloodmoon||LifeOrb|MindsEye|BloodMoon,HyperVoice,EarthPower,Protect|||M|||50|,,,,,Normal]Sableye||SafetyGoggles|Prankster|Taunt,Quash,FoulPlay,WillOWisp|||F|||50|,,,,,Dragon
|showteam|p2|Tyranitar||AssaultVest|SandStream|RockSlide,KnockOff,LowKick,TeraBlast|||F|||50|,,,,,Flying]Excadrill||FocusSash|SandRush|Earthquake,HighHorsepower,IronHead,Protect|||M|||50|,,,,,Ground]Basculegion||ChoiceScarf|Adaptability|WaveCrash,FlipTurn,AquaJet,LastRespects|||M|||50|,,,,,Grass]Volcarona||Leftovers|FlameBody|HeatWave,QuiverDance,TeraBlast,Protect|||F|||50|,,,,,Fairy]Dragonite||LoadedDice|Multiscale|Protect,Tailwind,ScaleShot,Haze|||F|||50|,,,,,Fairy]Magmar||Eviolite|VitalSpirit|FollowMe,Taunt,HeatWave,WillOWisp|||F|||50|,,,,,Grass
|inactive|Battle timer is ON: inactive players will automatically lose when time's up. (requested by yeet58)
|inactive|GubGubFan has 60 seconds left.
|
|t:|1757191538
|teamsize|p1|4
|teamsize|p2|4
|start
|switch|p1a: Sableye|Sableye, L50, F|100/100
|switch|p1b: Ursaluna|Ursaluna-Bloodmoon, L50, M|100/100
|switch|p2a: Magmar|Magmar, L50, F|100/100
|switch|p2b: Volcarona|Volcarona, L50, F|100/100
|turn|1
|
|t:|1757191542
|-terastallize|p1b: Ursaluna|Normal
|move|p2a: Magmar|Follow Me|p2a: Magmar
|-singleturn|p2a: Magmar|move: Follow Me
|move|p1a: Sableye|Taunt|p2a: Magmar
|-start|p2a: Magmar|move: Taunt
|move|p2b: Volcarona|Quiver Dance|p2b: Volcarona
|-boost|p2b: Volcarona|spa|1
|-boost|p2b: Volcarona|spd|1
|-boost|p2b: Volcarona|spe|1
|move|p1b: Ursaluna|Hyper Voice|p2b: Volcarona|[spread] p2a,p2b
|-damage|p2a: Magmar|46/100
|-damage|p2b: Volcarona|56/100
|-damage|p1b: Ursaluna|90/100|[from] item: Life Orb
|
|-heal|p2b: Volcarona|62/100|[from] item: Leftovers
|upkeep
|turn|2
|inactive|GubGubFan has 30 seconds left.
|
|t:|1757191572
|move|p1a: Sableye|Taunt|p2b: Volcarona
|-start|p2b: Volcarona|move: Taunt
|move|p2b: Volcarona|Heat Wave|p1b: Ursaluna|[spread] p1a,p1b
|-damage|p1a: Sableye|35/100
|-damage|p1b: Ursaluna|25/100
|-status|p1a: Sableye|brn
|move|p2a: Magmar|Heat Wave|p1a: Sableye|[spread] p1a,p1b
|-damage|p1a: Sableye|8/100 brn
|-damage|p1b: Ursaluna|0 fnt
|faint|p1b: Ursaluna
|
|-heal|p2b: Volcarona|68/100|[from] item: Leftovers
|-damage|p1a: Sableye|2/100 brn|[from] brn
|upkeep
|
|t:|1757191586
|switch|p1b: Sneasler|Sneasler, L50, M|100/100
|turn|3
|
|t:|1757191607
|switch|p2a: Tyranitar|Tyranitar, L50, F|100/100
|-weather|Sandstorm|[from] ability: Sand Stream|[of] p2a: Tyranitar
|move|p2b: Volcarona|Heat Wave|p1a: Sableye|[spread] p1a,p1b
|-damage|p1a: Sableye|0 fnt
|-damage|p1b: Sneasler|21/100
|faint|p1a: Sableye
|move|p1b: Sneasler|Dire Claw|p2b: Volcarona
|-damage|p2b: Volcarona|18/100
|-status|p2b: Volcarona|slp
|
|-weather|Sandstorm|[upkeep]
|-damage|p2b: Volcarona|11/100 slp|[from] Sandstorm
|-damage|p1b: Sneasler|15/100|[from] Sandstorm
|-heal|p2b: Volcarona|18/100 slp|[from] item: Leftovers
|upkeep
|
|t:|1757191609
|switch|p1a: Rillaboom|Rillaboom, L50, F|100/100
|-fieldstart|move: Grassy Terrain|[from] ability: Grassy Surge|[of] p1a: Rillaboom
|-enditem|p1b: Sneasler|Grassy Seed
|-boost|p1b: Sneasler|def|1|[from] item: Grassy Seed
|turn|4
|
|t:|1757191632
|switch|p2a: Magmar|Magmar, L50, F|46/100
|move|p1a: Rillaboom|Fake Out|p2a: Magmar
|-damage|p2a: Magmar|34/100
|move|p1b: Sneasler|Close Combat|p2a: Magmar
|-damage|p2a: Magmar|0 fnt
|-unboost|p1b: Sneasler|def|1
|-unboost|p1b: Sneasler|spd|1
|faint|p2a: Magmar
|cant|p2b: Volcarona|slp
|
|-weather|Sandstorm|[upkeep]
|-damage|p1b: Sneasler|10/100|[from] Sandstorm
|-damage|p2b: Volcarona|11/100 slp|[from] Sandstorm
|-damage|p1a: Rillaboom|94/100|[from] Sandstorm
|-heal|p1b: Sneasler|15/100|[from] Grassy Terrain
|-heal|p2b: Volcarona|18/100 slp|[from] Grassy Terrain
|-heal|p2b: Volcarona|24/100 slp|[from] item: Leftovers
|-heal|p1a: Rillaboom|100/100|[from] Grassy Terrain
|-end|p2b: Volcarona|move: Taunt
|upkeep
|
|t:|1757191656
|switch|p2a: Tyranitar|Tyranitar, L50, F|100/100
|turn|5
|
|t:|1757191666
|-terastallize|p2a: Tyranitar|Flying
|move|p1b: Sneasler|Dire Claw|p2b: Volcarona
|-damage|p2b: Volcarona|0 fnt
|faint|p2b: Volcarona
|move|p1a: Rillaboom|Wood Hammer|p2a: Tyranitar
|-resisted|p2a: Tyranitar
|-damage|p2a: Tyranitar|64/100
|-damage|p1a: Rillaboom|88/100|[from] Recoil
|move|p2a: Tyranitar|Tera Blast|p1a: Rillaboom|[anim] Tera Blast Flying
|-supereffective|p1a: Rillaboom
|-damage|p1a: Rillaboom|0 fnt
|faint|p1a: Rillaboom
|
|-weather|Sandstorm|[upkeep]
|-damage|p1b: Sneasler|10/100|[from] Sandstorm
|-damage|p2a: Tyranitar|58/100|[from] Sandstorm
|-heal|p1b: Sneasler|15/100|[from] Grassy Terrain
|upkeep
|
|t:|1757191676
|switch|p2b: Excadrill|Excadrill, L50, M|100/100
|turn|6
|
|t:|1757191681
|move|p1b: Sneasler|Protect|p1b: Sneasler
|-singleturn|p1b: Sneasler|Protect
|move|p2b: Excadrill|Iron Head|p1b: Sneasler
|-activate|p1b: Sneasler|move: Protect
|move|p2a: Tyranitar|Tera Blast|p1b: Sneasler|[anim] Tera Blast Flying
|-activate|p1b: Sneasler|move: Protect
|
|-weather|Sandstorm|[upkeep]
|-damage|p1b: Sneasler|10/100|[from] Sandstorm
|-damage|p2a: Tyranitar|53/100|[from] Sandstorm
|-heal|p1b: Sneasler|15/100|[from] Grassy Terrain
|upkeep
|turn|7
|
|t:|1757191685
|move|p1b: Sneasler|Dire Claw|p2a: Tyranitar
|-damage|p2a: Tyranitar|12/100
|move|p2b: Excadrill|Iron Head|p1b: Sneasler
|-damage|p1b: Sneasler|0 fnt
|faint|p1b: Sneasler
|
|win|GubGubFan
|raw|yeet58's rating: 1219 → 1191(-28 for losing)
|raw|GubGubFan's rating: 1175 → 1203(+28 for winning)
|l|☆yeet58
|player|p1|
