|j|☆IpadMini1
|j|☆Mumblin'Penguin
|html|IpadMini1Mumblin'Penguin    
|uhtml|bestof|Game 2 of a best-of-3
|t:|1757798326
|gametype|doubles
|player|p1|IpadMini1|170|1190
|player|p2|Mumblin'Penguin|gambler|1272
|gen|9
|tier|[Gen 9] VGC 2025 Reg H (Bo3)
|rated|
|rule|Species Clause: Limit one of each Pokémon
|rule|Item Clause: Limit 1 of each item
|clearpoke
|poke|p1|Kingambit, L50, F|
|poke|p1|Incineroar, L50, M|
|poke|p1|Rillaboom, L50, F|
|poke|p1|Electabuzz, L50, M|
|poke|p1|Ursaluna-Bloodmoon, L50, M|
|poke|p1|Dragonite, L50, M|
|poke|p2|Ursaluna-Bloodmoon, L50, M|
|poke|p2|Gholdengo, L50|
|poke|p2|Dragonite, L50, M|
|poke|p2|Sneasler, L50, M|
|poke|p2|Incineroar, L50, M|
|poke|p2|Amoonguss, L50, F|
|teampreview|4
|showteam|p1|Kingambit||BlackGlasses|Defiant|Protect,KowtowCleave,SuckerPunch,SwordsDance|||F|||50|,,,,,Dark]Incineroar||SafetyGoggles|Intimidate|FlareBlitz,KnockOff,PartingShot,FakeOut|||M|||50|,,,,,Ghost]Rillaboom||AssaultVest|GrassySurge|WoodHammer,GrassyGlide,HighHorsepower,FakeOut|||F|||50|,,,,,Fire]Electabuzz||Eviolite|VitalSpirit|Protect,Thunderbolt,FollowMe,Taunt|||M|||50|,,,,,Ghost]Ursaluna-Bloodmoon||Leftovers|MindsEye|Protect,BloodMoon,EarthPower,CalmMind|||M|||50|,,,,,Electric]Dragonite||LoadedDice|Multiscale|Protect,ScaleShot,Haze,IronHead|||M|||50|,,,,,Steel
|showteam|p2|Ursaluna-Bloodmoon||AssaultVest|MindsEye|BloodMoon,EarthPower,VacuumWave,HyperVoice|||M|||50|,,,,,Water]Gholdengo||LifeOrb|GoodasGold|Protect,MakeItRain,ShadowBall,NastyPlot||||||50|,,,,,Water]Dragonite||LoadedDice|Multiscale|ScaleShot,Tailwind,Haze,Protect|||M|||50|,,,,,Fairy]Sneasler||FocusSash|Unburden|Protect,DireClaw,CloseCombat,ThroatChop|||M|||50|,,,,,Stellar]Incineroar||SafetyGoggles|Intimidate|KnockOff,PartingShot,FlareBlitz,FakeOut|||M|||50|,,,,,Ghost]Amoonguss||SitrusBerry|Regenerator|RagePowder,Spore,PollenPuff,Protect|||F|||50|,,,,,Psychic
|inactive|Battle timer is ON: inactive players will automatically lose when time's up. (requested by IpadMini1)
|
|t:|1757798342
|teamsize|p1|4
|teamsize|p2|4
|start
|switch|p1a: Kingambit|Kingambit, L50, F|100/100
|switch|p1b: Incineroar|Incineroar, L50, M|100/100
|switch|p2a: Dragonite|Dragonite, L50, M|100/100
|switch|p2b: Ursaluna|Ursaluna-Bloodmoon, L50, M|100/100
|-ability|p1b: Incineroar|Intimidate|boost
|-unboost|p2a: Dragonite|atk|1
|-unboost|p2b: Ursaluna|atk|1
|turn|1
|
|t:|1757798360
|move|p1b: Incineroar|Fake Out|p2b: Ursaluna
|-damage|p2b: Ursaluna|91/100
|move|p2a: Dragonite|Scale Shot|p1b: Incineroar
|-damage|p1b: Incineroar|91/100
|-damage|p1b: Incineroar|80/100
|-damage|p1b: Incineroar|69/100
|-damage|p1b: Incineroar|59/100
|-hitcount|p1b: Incineroar|4
|-unboost|p2a: Dragonite|def|1
|-boost|p2a: Dragonite|spe|1
|cant|p2b: Ursaluna|flinch
|move|p1a: Kingambit|Kowtow Cleave|p2b: Ursaluna
|-damage|p2b: Ursaluna|46/100
|
|upkeep
|turn|2
|
|t:|1757798382
|-terastallize|p1a: Kingambit|Dark
|move|p2a: Dragonite|Tailwind|p2a: Dragonite
|-sidestart|p2: Mumblin'Penguin|move: Tailwind
|move|p2b: Ursaluna|Blood Moon|p1b: Incineroar
|-damage|p1b: Incineroar|0 fnt
|faint|p1b: Incineroar
|move|p1a: Kingambit|Kowtow Cleave|p2b: Ursaluna
|-damage|p2b: Ursaluna|0 fnt
|faint|p2b: Ursaluna
|
|upkeep
|
|t:|1757798397
|switch|p1b: Rillaboom|Rillaboom, L50, F|100/100
|switch|p2b: Amoonguss|Amoonguss, L50, F|100/100
|-fieldstart|move: Grassy Terrain|[from] ability: Grassy Surge|[of] p1b: Rillaboom
|turn|3
|
|t:|1757798408
|move|p2a: Dragonite|Protect|p2a: Dragonite
|-singleturn|p2a: Dragonite|Protect
|move|p2b: Amoonguss|Protect|p2b: Amoonguss
|-singleturn|p2b: Amoonguss|Protect
|move|p1b: Rillaboom|Fake Out|p2b: Amoonguss
|-activate|p2b: Amoonguss|move: Protect
|move|p1a: Kingambit|Kowtow Cleave|p2a: Dragonite
|-activate|p2a: Dragonite|move: Protect
|
|upkeep
|turn|4
|
|t:|1757798422
|move|p2a: Dragonite|Scale Shot|p1b: Rillaboom
|-damage|p1b: Rillaboom|90/100
|-damage|p1b: Rillaboom|80/100
|-damage|p1b: Rillaboom|69/100
|-damage|p1b: Rillaboom|60/100
|-hitcount|p1b: Rillaboom|4
|-unboost|p2a: Dragonite|def|1
|-boost|p2a: Dragonite|spe|1
|move|p1b: Rillaboom|High Horsepower|p2b: Amoonguss
|-damage|p2b: Amoonguss|74/100
|move|p2b: Amoonguss|Spore|p1a: Kingambit
|-status|p1a: Kingambit|slp|[from] move: Spore
|cant|p1a: Kingambit|slp
|
|-heal|p1b: Rillaboom|66/100|[from] Grassy Terrain
|-heal|p2b: Amoonguss|80/100|[from] Grassy Terrain
|upkeep
|turn|5
|
|t:|1757798444
|move|p1b: Rillaboom|Grassy Glide|p2a: Dragonite
|-resisted|p2a: Dragonite
|-damage|p2a: Dragonite|90/100
|move|p2a: Dragonite|Haze|p2a: Dragonite
|-clearallboost
|move|p2b: Amoonguss|Pollen Puff|p1a: Kingambit
|-supereffective|p1a: Kingambit
|-damage|p1a: Kingambit|62/100 slp
|cant|p1a: Kingambit|slp
|
|-heal|p1b: Rillaboom|72/100|[from] Grassy Terrain
|-heal|p2b: Amoonguss|86/100|[from] Grassy Terrain
|-heal|p1a: Kingambit|68/100 slp|[from] Grassy Terrain
|-sideend|p2: Mumblin'Penguin|move: Tailwind
|upkeep
|turn|6
|
|t:|1757798464
|move|p2a: Dragonite|Scale Shot|p1a: Kingambit
|-damage|p1a: Kingambit|57/100 slp
|-damage|p1a: Kingambit|47/100 slp
|-damage|p1a: Kingambit|36/100 slp
|-damage|p1a: Kingambit|25/100 slp
|-hitcount|p1a: Kingambit|4
|-unboost|p2a: Dragonite|def|1
|-boost|p2a: Dragonite|spe|1
|move|p1b: Rillaboom|High Horsepower|p2b: Amoonguss
|-damage|p2b: Amoonguss|62/100
|-curestatus|p1a: Kingambit|slp|[msg]
|move|p1a: Kingambit|Kowtow Cleave|p2b: Amoonguss
|-damage|p2b: Amoonguss|0 fnt
|faint|p2b: Amoonguss
|
|-heal|p1b: Rillaboom|78/100|[from] Grassy Terrain
|-heal|p1a: Kingambit|31/100|[from] Grassy Terrain
|upkeep
|
|t:|1757798482
|switch|p2b: Sneasler|Sneasler, L50, M|100/100
|turn|7
|
|t:|1757798490
|switch|p1b: Ursaluna|Ursaluna-Bloodmoon, L50, M|100/100
|move|p1a: Kingambit|Protect|p1a: Kingambit
|-singleturn|p1a: Kingambit|Protect
|move|p2a: Dragonite|Scale Shot|p1a: Kingambit
|-activate|p1a: Kingambit|move: Protect
|move|p2b: Sneasler|Dire Claw|p1b: Ursaluna
|-resisted|p1b: Ursaluna
|-damage|p1b: Ursaluna|86/100
|-status|p1b: Ursaluna|slp
|
|-heal|p1b: Ursaluna|93/100 slp|[from] Grassy Terrain
|-heal|p1b: Ursaluna|99/100 slp|[from] item: Leftovers
|-heal|p1a: Kingambit|37/100|[from] Grassy Terrain
|-fieldend|move: Grassy Terrain
|upkeep
|turn|8
|inactive|IpadMini1 has 30 seconds left.
|
|t:|1757798516
|move|p1a: Kingambit|Sucker Punch|p2a: Dragonite
|-damage|p2a: Dragonite|0 fnt
|faint|p2a: Dragonite
|move|p2b: Sneasler|Close Combat|p1a: Kingambit
|-supereffective|p1a: Kingambit
|-damage|p1a: Kingambit|0 fnt
|-unboost|p2b: Sneasler|def|1
|-unboost|p2b: Sneasler|spd|1
|faint|p1a: Kingambit
|cant|p1b: Ursaluna|slp
|
|-heal|p1b: Ursaluna|100/100 slp|[from] item: Leftovers
|upkeep
|
|t:|1757798519
|switch|p1a: Rillaboom|Rillaboom, L50, F|78/100
|-fieldstart|move: Grassy Terrain|[from] ability: Grassy Surge|[of] p1a: Rillaboom
|turn|9
|
|t:|1757798531
|move|p2b: Sneasler|Protect|p2b: Sneasler
|-singleturn|p2b: Sneasler|Protect
|move|p1a: Rillaboom|Fake Out|p2b: Sneasler
|-activate|p2b: Sneasler|move: Protect
|-curestatus|p1b: Ursaluna|slp|[msg]
|move|p1b: Ursaluna|Calm Mind|p1b: Ursaluna
|-boost|p1b: Ursaluna|spa|1
|-boost|p1b: Ursaluna|spd|1
|
|-heal|p1a: Rillaboom|84/100|[from] Grassy Terrain
|upkeep
|turn|10
|
|t:|1757798550
|-terastallize|p2b: Sneasler|Stellar
|move|p2b: Sneasler|Close Combat|p1b: Ursaluna
|-supereffective|p1b: Ursaluna
|-damage|p1b: Ursaluna|0 fnt
|-unboost|p2b: Sneasler|def|1
|-unboost|p2b: Sneasler|spd|1
|faint|p1b: Ursaluna
|move|p1a: Rillaboom|High Horsepower|p2b: Sneasler
|-supereffective|p2b: Sneasler
|-enditem|p2b: Sneasler|Focus Sash
|-damage|p2b: Sneasler|1/100
|
|-heal|p2b: Sneasler|7/100|[from] Grassy Terrain
|-heal|p1a: Rillaboom|90/100|[from] Grassy Terrain
|upkeep
|turn|11
|
|t:|1757798568
|move|p2b: Sneasler|Protect|p2b: Sneasler
|-singleturn|p2b: Sneasler|Protect
|move|p1a: Rillaboom|Grassy Glide|p2b: Sneasler
|-activate|p2b: Sneasler|move: Protect
|
|-heal|p2b: Sneasler|13/100|[from] Grassy Terrain
|-heal|p1a: Rillaboom|96/100|[from] Grassy Terrain
|upkeep
|turn|12
|
|t:|1757798575
|move|p2b: Sneasler|Protect||[still]
|-fail|p2b: Sneasler
|move|p1a: Rillaboom|Grassy Glide|p2b: Sneasler
|-resisted|p2b: Sneasler
|-damage|p2b: Sneasler|0 fnt
|faint|p2b: Sneasler
|
|win|IpadMini1
|raw|IpadMini1's rating: 1190 → 1221(+31 for winning)
|raw|Mumblin'Penguin's rating: 1272 → 1241(-31 for losing)
|l|☆Mumblin'Penguin
|player|p2|
