|j|â˜†Welosethose!
|j|â˜†Gyra78
|html|Welosethose!Gyra78    
|uhtml|bestof|Game 2 of a best-of-3
|t:|1756945861
|gametype|doubles
|player|p1|Welosethose!|hilbert|1206
|player|p2|Gyra78|volkner|1157
|gen|9
|tier|[Gen 9] VGC 2025 Reg H (Bo3)
|rated|
|rule|Species Clause: Limit one of each PokÃ©mon
|rule|Item Clause: Limit 1 of each item
|clearpoke
|poke|p1|Politoed, L50, F|
|poke|p1|Gothitelle, L50, F|
|poke|p1|Kingdra, L50, F|
|poke|p1|Archaludon, L50, F|
|poke|p1|Amoonguss, L50, F|
|poke|p1|Incineroar, L50, F|
|poke|p2|Basculegion, L50, M|
|poke|p2|Pelipper, L50, M|
|poke|p2|Archaludon, L50, M|
|poke|p2|Incineroar, L50, M|
|poke|p2|Gholdengo, L50|
|poke|p2|Amoonguss, L50, M|
|teampreview|4
|showteam|p1|Politoed||Leftovers|Drizzle|WeatherBall,Encore,PerishSong,Protect|||F|||50|,,,,,Grass]Gothitelle||SitrusBerry|ShadowTag|FakeOut,Psychic,TrickRoom,Protect|||F|||50|,,,,,Dark]Kingdra||LifeOrb|SwiftSwim|WeatherBall,MuddyWater,DracoMeteor,Protect|||F|||50|,,,,,Stellar]Archaludon||PowerHerb|Sturdy|ElectroShot,FlashCannon,DragonPulse,Protect|||F|||50|,,,,,Electric]Amoonguss||EjectButton|Regenerator|PollenPuff,Spore,RagePowder,Protect|||F|||50|,,,,,Fairy]Incineroar||SafetyGoggles|Intimidate|FakeOut,KnockOff,PartingShot,Protect|||F|||50|,,,,,Ghost
|showteam|p2|Basculegion||LifeOrb|SwiftSwim|WaveCrash,LastRespects,Protect,FlipTurn|||M|||50|,,,,,Grass]Pelipper||FocusSash|Drizzle|Protect,Hurricane,WeatherBall,Tailwind|||M|||50|,,,,,Ghost]Archaludon||AssaultVest|Stamina|ElectroShot,DracoMeteor,Snarl,BodyPress|||M|||50|,,,,,Grass]Incineroar||SafetyGoggles|Intimidate|FakeOut,PartingShot,Taunt,KnockOff|||M|||50|,,,,,Bug]Gholdengo||SitrusBerry|GoodasGold|MakeItRain,ShadowBall,NastyPlot,Protect||||||50|,,,,,Dragon]Amoonguss||RockyHelmet|Regenerator|Spore,RagePowder,PollenPuff,Protect|||M|||50|,,,,,Water
|inactive|Battle timer is ON: inactive players will automatically lose when time's up. (requested by Gyra78)
|
|t:|1756945871
|teamsize|p1|4
|teamsize|p2|4
|start
|switch|p1a: Kingdra|Kingdra, L50, F|100/100
|switch|p1b: Archaludon|Archaludon, L50, F|100/100
|switch|p2a: PennyBoard|Gholdengo, L50, shiny|100/100
|switch|p2b: Tarik Skubal|Incineroar, L50, M, shiny|100/100
|-ability|p2b: Tarik Skubal|Intimidate|boost
|-unboost|p1a: Kingdra|atk|1
|-unboost|p1b: Archaludon|atk|1
|turn|1
|
|t:|1756945884
|move|p2b: Tarik Skubal|Fake Out|p1a: Kingdra
|-damage|p1a: Kingdra|86/100
|move|p1b: Archaludon|Electro Shot||[still]
|-prepare|p1b: Archaludon|Electro Shot
|-boost|p1b: Archaludon|spa|1
|-enditem|p1b: Archaludon|Power Herb
|-anim|p1b: Archaludon|Electro Shot|p2a: PennyBoard
|-damage|p2a: PennyBoard|36/100
|-enditem|p2a: PennyBoard|Sitrus Berry|[eat]
|-heal|p2a: PennyBoard|60/100|[from] item: Sitrus Berry
|cant|p1a: Kingdra|flinch
|move|p2a: PennyBoard|Nasty Plot|p2a: PennyBoard
|-boost|p2a: PennyBoard|spa|2
|
|upkeep
|turn|2
|inactive|Welosethose! has 30 seconds left.
|inactive|Welosethose! has 20 seconds left.
|inactive|Welosethose! has 15 seconds left.
|
|t:|1756945927
|switch|p1a: Politoed|Politoed, L50, F|100/100
|-weather|RainDance|[from] ability: Drizzle|[of] p1a: Politoed
|move|p2a: PennyBoard|Protect|p2a: PennyBoard
|-singleturn|p2a: PennyBoard|Protect
|move|p1b: Archaludon|Electro Shot||[still]
|-prepare|p1b: Archaludon|Electro Shot
|-boost|p1b: Archaludon|spa|1
|-anim|p1b: Archaludon|Electro Shot|p2a: PennyBoard
|-activate|p2a: PennyBoard|move: Protect
|move|p2b: Tarik Skubal|Parting Shot|p1b: Archaludon
|-unboost|p1b: Archaludon|atk|1
|-unboost|p1b: Archaludon|spa|1
|
|t:|1756945940
|switch|p2b: ACâš¡ï¸ŽDC|Archaludon, L50, M, shiny|100/100|[from] Parting Shot
|
|-weather|RainDance|[upkeep]
|upkeep
|turn|3
|inactive|Welosethose! has 30 seconds left.
|inactive|Welosethose! has 20 seconds left.
|inactive|Welosethose! has 15 seconds left.
|inactive|Gyra78 has 30 seconds left.
|inactive|Welosethose! has 10 seconds left.
|
|t:|1756945985
|switch|p2a: Tarik Skubal|Incineroar, L50, M, shiny|100/100
|-ability|p2a: Tarik Skubal|Intimidate|boost
|-unboost|p1a: Politoed|atk|1
|-unboost|p1b: Archaludon|atk|1
|-terastallize|p1b: Archaludon|Electric
|move|p1b: Archaludon|Electro Shot||[still]
|-prepare|p1b: Archaludon|Electro Shot
|-boost|p1b: Archaludon|spa|1
|-anim|p1b: Archaludon|Electro Shot|p2a: Tarik Skubal
|-damage|p2a: Tarik Skubal|8/100
|move|p2b: ACâš¡ï¸ŽDC|Snarl|p1a: Politoed|[spread] p1a,p1b
|-damage|p1a: Politoed|89/100
|-damage|p1b: Archaludon|79/100
|-unboost|p1a: Politoed|spa|1
|-unboost|p1b: Archaludon|spa|1
|move|p1a: Politoed|Perish Song|p1a: Politoed
|-start|p1a: Politoed|perish3|[silent]
|-start|p1b: Archaludon|perish3|[silent]
|-start|p2a: Tarik Skubal|perish3|[silent]
|-start|p2b: ACâš¡ï¸ŽDC|perish3|[silent]
|-fieldactivate|move: Perish Song
|
|-weather|RainDance|[upkeep]
|-heal|p1a: Politoed|95/100|[from] item: Leftovers
|-start|p1b: Archaludon|perish3
|-start|p2b: ACâš¡ï¸ŽDC|perish3
|-start|p1a: Politoed|perish3
|-start|p2a: Tarik Skubal|perish3
|upkeep
|turn|4
|inactive|Welosethose! has 30 seconds left.
|
|t:|1756946012
|switch|p1a: Incineroar|Incineroar, L50, F|100/100
|-ability|p1a: Incineroar|Intimidate|boost
|-unboost|p2a: Tarik Skubal|atk|1
|-unboost|p2b: ACâš¡ï¸ŽDC|atk|1
|move|p1b: Archaludon|Protect|p1b: Archaludon
|-singleturn|p1b: Archaludon|Protect
|move|p2a: Tarik Skubal|Fake Out|p1b: Archaludon
|-activate|p1b: Archaludon|move: Protect
|move|p2b: ACâš¡ï¸ŽDC|Electro Shot||[still]
|-prepare|p2b: ACâš¡ï¸ŽDC|Electro Shot
|-boost|p2b: ACâš¡ï¸ŽDC|spa|1
|-anim|p2b: ACâš¡ï¸ŽDC|Electro Shot|p1a: Incineroar
|-damage|p1a: Incineroar|51/100
|
|-weather|RainDance|[upkeep]
|-start|p1b: Archaludon|perish2
|-start|p2b: ACâš¡ï¸ŽDC|perish2
|-start|p2a: Tarik Skubal|perish2
|upkeep
|turn|5
|inactive|Welosethose! has 30 seconds left.
|
|t:|1756946042
|move|p1a: Incineroar|Fake Out|p2a: Tarik Skubal
|-damage|p2a: Tarik Skubal|0 fnt
|faint|p2a: Tarik Skubal
|move|p1b: Archaludon|Dragon Pulse|p2b: ACâš¡ï¸ŽDC
|-damage|p2b: ACâš¡ï¸ŽDC|49/100
|-ability|p2b: ACâš¡ï¸ŽDC|Stamina|boost
|-boost|p2b: ACâš¡ï¸ŽDC|def|1
|move|p2b: ACâš¡ï¸ŽDC|Electro Shot||[still]
|-prepare|p2b: ACâš¡ï¸ŽDC|Electro Shot
|-boost|p2b: ACâš¡ï¸ŽDC|spa|1
|-anim|p2b: ACâš¡ï¸ŽDC|Electro Shot|p1a: Incineroar
|-damage|p1a: Incineroar|0 fnt
|faint|p1a: Incineroar
|
|-weather|RainDance|[upkeep]
|-start|p1b: Archaludon|perish1
|-start|p2b: ACâš¡ï¸ŽDC|perish1
|upkeep
|
|t:|1756946055
|switch|p2a: Davy Jones|Basculegion, L50, M, shiny|100/100
|switch|p1a: Kingdra|Kingdra, L50, F|86/100
|turn|6
|
|t:|1756946073
|move|p2a: Davy Jones|Protect|p2a: Davy Jones
|-singleturn|p2a: Davy Jones|Protect
|move|p1a: Kingdra|Draco Meteor|p2a: Davy Jones
|-activate|p2a: Davy Jones|move: Protect
|move|p1b: Archaludon|Dragon Pulse|p2b: ACâš¡ï¸ŽDC
|-damage|p2b: ACâš¡ï¸ŽDC|3/100
|-ability|p2b: ACâš¡ï¸ŽDC|Stamina|boost
|-boost|p2b: ACâš¡ï¸ŽDC|def|1
|move|p2b: ACâš¡ï¸ŽDC|Electro Shot||[still]
|-prepare|p2b: ACâš¡ï¸ŽDC|Electro Shot
|-boost|p2b: ACâš¡ï¸ŽDC|spa|1
|-anim|p2b: ACâš¡ï¸ŽDC|Electro Shot|p1a: Kingdra
|-damage|p1a: Kingdra|0 fnt
|faint|p1a: Kingdra
|
|-weather|none
|-start|p1b: Archaludon|perish0
|-start|p2b: ACâš¡ï¸ŽDC|perish0
|faint|p1b: Archaludon
|faint|p2b: ACâš¡ï¸ŽDC
|upkeep
|
|t:|1756946085
|switch|p1b: Politoed|Politoed, L50, F|95/100
|switch|p2b: PennyBoard|Gholdengo, L50, shiny|60/100
|-weather|RainDance|[from] ability: Drizzle|[of] p1b: Politoed
|turn|7
|inactive|Welosethose! has 30 seconds left.
|
|t:|1756946112
|move|p2a: Davy Jones|Last Respects|p1b: Politoed
|-damage|p1b: Politoed|0 fnt
|faint|p1b: Politoed
|-damage|p2a: Davy Jones|91/100|[from] item: Life Orb
|
|win|Gyra78
|raw|Welosethose!'s rating: 1206 → 1177(-29 for losing)
|raw|Gyra78's rating: 1157 → 1186(+29 for winning)
|c|â˜†Gyra78|gg
|c|â˜†Gyra78|that game 1 read was crazy tho
|l|â˜†Gyra78
|player|p2|
