|j|ŌśåHyphyJavi
|j|Ōśåstitchasaurus_
|html|HyphyJavistitchasaurus_    
|uhtml|bestof|Game 2 of a best-of-3
|t:|1756579702
|gametype|doubles
|player|p1|HyphyJavi|dancer|
|player|p2|stitchasaurus_|1|
|gen|9
|tier|[Gen 9] VGC 2025 Reg H (Bo3)
|rule|Species Clause: Limit one of each Pok├®mon
|rule|Item Clause: Limit 1 of each item
|clearpoke
|poke|p1|Sneasler, L50, F|
|poke|p1|Indeedee, L50, M|
|poke|p1|Talonflame, L50, F|
|poke|p1|Ursaluna, L50, F|
|poke|p1|Amoonguss, L50, M|
|poke|p1|Ninetales, L50, F|
|poke|p2|Clefable, L50, M|
|poke|p2|Incineroar, L50, M|
|poke|p2|Ursaluna-Bloodmoon, L50, M|
|poke|p2|Rillaboom, L50, M|
|poke|p2|Gholdengo, L50|
|poke|p2|Dragonite, L50, F|
|teampreview|4
|showteam|p1|Sneasler||PsychicSeed|Unburden|DireClaw,CloseCombat,ThroatChop,RockSlide|||F|||50|,,,,,Stellar]Indeedee||FocusSash|PsychicSurge|Imprison,ExpandingForce,TrickRoom,ShadowBall|||M|||50|,,,,,Stellar]Talonflame||CovertCloak|GaleWings|DualWingbeat,FlareBlitz,Tailwind,Taunt|||F|||50|,,,,,Stellar]Ursaluna||FlameOrb|Guts|Earthquake,HeadlongRush,Facade,Protect|||F|||50|,,,,,Fairy]Amoonguss||IronBall|Regenerator|RagePowder,Spore,PollenPuff,Protect|||M|||50|,,,,,Water]Ninetales||Charcoal|Drought|HeatWave,HelpingHand,WillOWisp,Protect|||F|||50|,,,,,Flying
|showteam|p2|Clefable||CovertCloak|Unaware|Moonblast,MistyTerrain,FollowMe,Protect|||M|||50|,,,,,Water]Incineroar||AssaultVest|Intimidate|FlareBlitz,KnockOff,Uturn,FakeOut|||M|||50|,,,,,Grass]Ursaluna-Bloodmoon||LifeOrb|MindsEye|HyperVoice,EarthPower,BloodMoon,Protect|||M|||50|,,,,,Normal]Rillaboom||MiracleSeed|GrassySurge|WoodHammer,HighHorsepower,FakeOut,GrassyGlide|||M|||50|,,,,,Water]Gholdengo||GrassySeed|GoodasGold|NastyPlot,MakeItRain,ShadowBall,Protect||||||50|,,,,,Water]Dragonite||LoadedDice|InnerFocus|ScaleShot,Tailwind,Haze,StompingTantrum|||F|||50|,,,,,Fairy
|c|Ōśåstitchasaurus_|ill get replays after
|c|ŌśåHyphyJavi|Incin vs two fire types was brutal though
|c|ŌśåHyphyJavi|Fasho! Appreciate you
|c|ŌśåHyphyJavi|GLHF
|inactive|Battle timer is ON: inactive players will automatically lose when time's up. (requested by HyphyJavi)
|c|Ōśåstitchasaurus_|same to you
|inactive|stitchasaurus_ has 60 seconds left.
|
|t:|1756579772
|teamsize|p1|4
|teamsize|p2|4
|start
|switch|p1a: Indeedee|Indeedee, L50, M|100/100
|switch|p1b: Amoonguss|Amoonguss, L50, M|100/100
|switch|p2a: Incineroar|Incineroar, L50, M|100/100
|switch|p2b: Dragonite|Dragonite, L50, F|100/100
|-fieldstart|move: Psychic Terrain|[from] ability: Psychic Surge|[of] p1a: Indeedee
|-ability|p2a: Incineroar|Intimidate|boost
|-unboost|p1a: Indeedee|atk|1
|-unboost|p1b: Amoonguss|atk|1
|turn|1
|inactive|HyphyJavi has 30 seconds left.
|inactive|stitchasaurus_ has 30 seconds left.
|
|t:|1756579804
|-terastallize|p1b: Amoonguss|Water
|move|p1b: Amoonguss|Rage Powder|p1b: Amoonguss
|-singleturn|p1b: Amoonguss|move: Rage Powder
|move|p2b: Dragonite|Stomping Tantrum|p1b: Amoonguss
|-damage|p1b: Amoonguss|78/100
|move|p2a: Incineroar|U-turn|p1b: Amoonguss
|-damage|p1b: Amoonguss|61/100
|
|t:|1756579812
|switch|p2a: Rillaboom|Rillaboom, L50, M|100/100|[from] U-turn
|-fieldstart|move: Grassy Terrain|[from] ability: Grassy Surge|[of] p2a: Rillaboom
|move|p1a: Indeedee|Trick Room|p1a: Indeedee
|-fieldstart|move: Trick Room|[of] p1a: Indeedee
|
|-heal|p1b: Amoonguss|67/100|[from] Grassy Terrain
|upkeep
|turn|2
|
|t:|1756579825
|switch|p1a: Ursaluna|Ursaluna, L50, F|100/100
|move|p1b: Amoonguss|Protect|p1b: Amoonguss
|-singleturn|p1b: Amoonguss|Protect
|move|p2a: Rillaboom|Grassy Glide|p1b: Amoonguss
|-activate|p1b: Amoonguss|move: Protect
|move|p2b: Dragonite|Stomping Tantrum|p1b: Amoonguss
|-activate|p1b: Amoonguss|move: Protect
|
|-heal|p1b: Amoonguss|73/100|[from] Grassy Terrain
|-status|p1a: Ursaluna|brn|[from] item: Flame Orb
|upkeep
|turn|3
|inactive|HyphyJavi has 30 seconds left.
|
|t:|1756579854
|switch|p1b: Indeedee|Indeedee, L50, M|100/100
|-fieldstart|move: Psychic Terrain|[from] ability: Psychic Surge|[of] p1b: Indeedee
|switch|p2b: Incineroar|Incineroar, L50, M|100/100
|-ability|p2b: Incineroar|Intimidate|boost
|-unboost|p1a: Ursaluna|atk|1
|-unboost|p1b: Indeedee|atk|1
|move|p1a: Ursaluna|Facade|p2a: Rillaboom
|-damage|p2a: Rillaboom|25/100
|move|p2a: Rillaboom|Wood Hammer|p1a: Ursaluna
|-supereffective|p1a: Ursaluna
|-damage|p1a: Ursaluna|0 fnt
|faint|p1a: Ursaluna
|-damage|p2a: Rillaboom|0 fnt|[from] Recoil
|faint|p2a: Rillaboom
|
|upkeep
|
|t:|1756579872
|switch|p1a: Amoonguss|Amoonguss, L50, M, tera:Water|100/100
|switch|p2a: Dragonite|Dragonite, L50, F|100/100
|turn|4
|inactive|stitchasaurus_ has 30 seconds left.
|inactive|stitchasaurus_ has 20 seconds left.
|inactive|stitchasaurus_ has 15 seconds left.
|
|t:|1756579913
|switch|p2a: Gholdengo|Gholdengo, L50|100/100
|move|p1a: Amoonguss|Spore|p2a: Gholdengo
|-immune|p2a: Gholdengo|[from] ability: Good as Gold
|move|p2b: Incineroar|Knock Off|p1b: Indeedee
|-supereffective|p1b: Indeedee
|-enditem|p1b: Indeedee|Focus Sash
|-damage|p1b: Indeedee|1/100
|move|p1b: Indeedee|Expanding Force|p2a: Gholdengo|[spread] p2a
|-immune|p2b: Incineroar
|-resisted|p2a: Gholdengo
|-damage|p2a: Gholdengo|69/100
|
|upkeep
|turn|5
|
|t:|1756579930
|switch|p1b: Sneasler|Sneasler, L50, F|100/100
|-enditem|p1b: Sneasler|Psychic Seed
|-boost|p1b: Sneasler|spd|1|[from] item: Psychic Seed
|move|p2a: Gholdengo|Protect|p2a: Gholdengo
|-singleturn|p2a: Gholdengo|Protect
|move|p1a: Amoonguss|Spore|p2b: Incineroar
|-status|p2b: Incineroar|slp|[from] move: Spore
|cant|p2b: Incineroar|slp
|
|-fieldend|move: Trick Room
|upkeep
|turn|6
|inactive|stitchasaurus_ has 30 seconds left.
|inactive|stitchasaurus_ has 20 seconds left.
|
|t:|1756579967
|switch|p2b: Dragonite|Dragonite, L50, F|100/100
|-terastallize|p2a: Gholdengo|Water
|move|p1b: Sneasler|Throat Chop|p2a: Gholdengo
|-damage|p2a: Gholdengo|37/100
|-start|p2a: Gholdengo|Throat Chop|[silent]
|move|p2a: Gholdengo|Nasty Plot|p2a: Gholdengo
|-boost|p2a: Gholdengo|spa|2
|move|p1a: Amoonguss|Pollen Puff|p1b: Sneasler
|
|upkeep
|turn|7
|inactive|HyphyJavi has 30 seconds left.
|
|t:|1756579998
|switch|p2b: Incineroar|Incineroar, L50, M|100/100 slp
|-ability|p2b: Incineroar|Intimidate|boost
|-unboost|p1a: Amoonguss|atk|1
|-unboost|p1b: Sneasler|atk|1
|move|p1a: Amoonguss|Rage Powder|p1a: Amoonguss
|-singleturn|p1a: Amoonguss|move: Rage Powder
|move|p1b: Sneasler|Dire Claw|p2a: Gholdengo
|-damage|p2a: Gholdengo|6/100
|-status|p2a: Gholdengo|par
|move|p2a: Gholdengo|Make It Rain|p1b: Sneasler|[spread] p1a,p1b
|-resisted|p1a: Amoonguss
|-damage|p1a: Amoonguss|63/100
|-damage|p1b: Sneasler|29/100
|-unboost|p2a: Gholdengo|spa|1
|
|-end|p2a: Gholdengo|Throat Chop|[silent]
|-fieldend|move: Psychic Terrain
|upkeep
|turn|8
|
|t:|1756580023
|cant|p2a: Gholdengo|par
|move|p1b: Sneasler|Rock Slide|p2b: Incineroar|[spread] p2a,p2b
|-supereffective|p2b: Incineroar
|-damage|p2a: Gholdengo|0 fnt
|-damage|p2b: Incineroar|75/100 slp
|faint|p2a: Gholdengo
|-curestatus|p2b: Incineroar|slp|[msg]
|move|p2b: Incineroar|Knock Off|p1a: Amoonguss
|-damage|p1a: Amoonguss|27/100
|-enditem|p1a: Amoonguss|Iron Ball|[from] move: Knock Off|[of] p2b: Incineroar
|move|p1a: Amoonguss|Pollen Puff|p1b: Sneasler
|-heal|p1b: Sneasler|79/100
|
|upkeep
|
|t:|1756580036
|switch|p2a: Dragonite|Dragonite, L50, F|100/100
|turn|9
|
|t:|1756580046
|switch|p1a: Indeedee|Indeedee, L50, M|1/100
|-fieldstart|move: Psychic Terrain|[from] ability: Psychic Surge|[of] p1a: Indeedee
|move|p1b: Sneasler|Close Combat|p2b: Incineroar
|-supereffective|p2b: Incineroar
|-damage|p2b: Incineroar|0 fnt
|-unboost|p1b: Sneasler|def|1
|-unboost|p1b: Sneasler|spd|1
|faint|p2b: Incineroar
|move|p2a: Dragonite|Scale Shot|p1b: Sneasler
|-damage|p1b: Sneasler|40/100
|-damage|p1b: Sneasler|3/100
|-damage|p1b: Sneasler|0 fnt
|faint|p1b: Sneasler
|-hitcount|p1: Sneasler|3
|-unboost|p2a: Dragonite|def|1
|-boost|p2a: Dragonite|spe|1
|
|upkeep
|
|t:|1756580063
|switch|p1b: Amoonguss|Amoonguss, L50, M, tera:Water|61/100
|turn|10
|
|t:|1756580070
|move|p1b: Amoonguss|Rage Powder|p1b: Amoonguss
|-singleturn|p1b: Amoonguss|move: Rage Powder
|move|p2a: Dragonite|Scale Shot|p1b: Amoonguss|[miss]
|-miss|p2a: Dragonite|p1b: Amoonguss
|move|p1a: Indeedee|Trick Room|p1a: Indeedee
|-fieldstart|move: Trick Room|[of] p1a: Indeedee
|
|upkeep
|turn|11
|
|t:|1756580081
|move|p1b: Amoonguss|Spore|p2a: Dragonite
|-status|p2a: Dragonite|slp|[from] move: Spore
|move|p1a: Indeedee|Expanding Force|p2a: Dragonite
|-damage|p2a: Dragonite|21/100 slp
|cant|p2a: Dragonite|slp
|
|upkeep
|turn|12
|c|ŌśåHyphyJavi|oof that miss was brutal
|
|t:|1756580093
|move|p1b: Amoonguss|Rage Powder|p1b: Amoonguss
|-singleturn|p1b: Amoonguss|move: Rage Powder
|move|p1a: Indeedee|Expanding Force|p2a: Dragonite
|-damage|p2a: Dragonite|0 fnt
|faint|p2a: Dragonite
|
|win|HyphyJavi
|c|Ōśåstitchasaurus_|yea
|c|Ōśåstitchasaurus_|para on Dengo was awful too
|inactive|HyphyJavi has 30 seconds to confirm battle start!
|inactive|stitchasaurus_ has 30 seconds to confirm battle start!
||stitchasaurus_ is ready for game 3.
|c|ŌśåHyphyJavi|I wonder if it was a 100% KO
|c|ŌśåHyphyJavi|GG
||HyphyJavi is ready for game 3.
|uhtml|next|Next: Game 3 of 3
