|j|☆aldishh
|j|☆Zacharykeith
|html|aldishhZacharykeith    
|uhtml|bestof|Game 3 of a best-of-3
|t:|1757033412
|gametype|doubles
|player|p1|aldishh|169|1122
|player|p2|Zacharykeith|fisherman-gen4|1103
|gen|9
|tier|[Gen 9] VGC 2025 Reg H (Bo3)
|rated|
|rule|Species Clause: Limit one of each Pokémon
|rule|Item Clause: Limit 1 of each item
|clearpoke
|poke|p1|Tyranitar, L50, M|
|poke|p1|Incineroar, L50, M|
|poke|p1|Rillaboom, L50, M|
|poke|p1|Gholdengo, L50|
|poke|p1|Sneasler, L50, M|
|poke|p1|Garchomp, L50, M|
|poke|p2|Ursaluna, L50, F|
|poke|p2|Porygon2, L50|
|poke|p2|Incineroar, L50, M|
|poke|p2|Amoonguss, L50, M|
|poke|p2|Gholdengo, L50|
|poke|p2|Tyranitar, L50, F|
|teampreview|4
|showteam|p1|Tyranitar||AssaultVest|SandStream|KnockOff,LowKick,RockSlide,IcePunch|||M|||50|,,,,,Bug]Incineroar||SafetyGoggles|Intimidate|FakeOut,PartingShot,KnockOff,FlareBlitz|||M|||50|,,,,,Ghost]Rillaboom||MiracleSeed|GrassySurge|GrassyGlide,WoodHammer,FakeOut,Protect|||M|||50|,,,,,Grass]Gholdengo||MetalCoat|GoodasGold|NastyPlot,Protect,MakeItRain,ShadowBall||||||50|,,,,,Water]Sneasler||GrassySeed|Unburden|Coaching,CloseCombat,DireClaw,FakeOut|||M|||50|,,,,,Flying]Garchomp||LifeOrb|SandVeil|Earthquake,StompingTantrum,DragonClaw,Protect|||M|||50|,,,,,Ground
|showteam|p2|Ursaluna||FlameOrb|Guts|Facade,HeadlongRush,Earthquake,Protect|||F|||50|,,,,,Ghost]Porygon2||Eviolite|Download|TeraBlast,IceBeam,TrickRoom,Recover||||||50|,,,,,Fighting]Incineroar||SafetyGoggles|Intimidate|FakeOut,PartingShot,KnockOff,FlareBlitz|||M|||50|,,,,,Ghost]Amoonguss||SitrusBerry|Regenerator|Spore,RagePowder,ClearSmog,Protect|||M|||50|,,,,,Water]Gholdengo||LifeOrb|GoodasGold|MakeItRain,ShadowBall,NastyPlot,Protect||||||50|,,,,,Water]Tyranitar||AssaultVest|SandStream|RockSlide,KnockOff,TeraBlast,LowKick|||F|||50|,,,,,Flying
|inactive|Battle timer is ON: inactive players will automatically lose when time's up. (requested by Zacharykeith)
|
|t:|1757033437
|teamsize|p1|4
|teamsize|p2|4
|start
|switch|p1a: Sneasler|Sneasler, L50, M|100/100
|switch|p1b: Garchomp|Garchomp, L50, M, shiny|100/100
|switch|p2a: Porygon2|Porygon2, L50|100/100
|switch|p2b: Incineroar|Incineroar, L50, M|100/100
|-ability|p2b: Incineroar|Intimidate|boost
|-unboost|p1a: Sneasler|atk|1
|-unboost|p1b: Garchomp|atk|1
|-ability|p2a: Porygon2|Download|boost
|-boost|p2a: Porygon2|atk|1
|turn|1
|inactive|aldishh has 30 seconds left.
|
|t:|1757033464
|-terastallize|p1a: Sneasler|Flying
|move|p1a: Sneasler|Coaching|p1b: Garchomp
|-boost|p1b: Garchomp|atk|1
|-boost|p1b: Garchomp|def|1
|move|p1b: Garchomp|Earthquake|p2a: Porygon2|[spread] p2a,p2b
|-immune|p1a: Sneasler
|-supereffective|p2b: Incineroar
|-damage|p2a: Porygon2|71/100
|-damage|p2b: Incineroar|0 fnt
|faint|p2b: Incineroar
|-damage|p1b: Garchomp|91/100|[from] item: Life Orb
|move|p2a: Porygon2|Trick Room|p2a: Porygon2
|-fieldstart|move: Trick Room|[of] p2a: Porygon2
|
|upkeep
|
|t:|1757033479
|switch|p2b: Tyranitar|Tyranitar, L50, F|100/100
|-weather|Sandstorm|[from] ability: Sand Stream|[of] p2b: Tyranitar
|turn|2
|
|t:|1757033488
|switch|p1b: Rillaboom|Rillaboom, L50, M|100/100
|-fieldstart|move: Grassy Terrain|[from] ability: Grassy Surge|[of] p1b: Rillaboom
|-enditem|p1a: Sneasler|Grassy Seed
|-boost|p1a: Sneasler|def|1|[from] item: Grassy Seed
|switch|p1a: Incineroar|Incineroar, L50, M, shiny|100/100
|-ability|p1a: Incineroar|Intimidate|boost
|-unboost|p2a: Porygon2|atk|1
|-unboost|p2b: Tyranitar|atk|1
|-terastallize|p2b: Tyranitar|Flying
|move|p2a: Porygon2|Ice Beam|p1b: Rillaboom
|-supereffective|p1b: Rillaboom
|-damage|p1b: Rillaboom|31/100
|move|p2b: Tyranitar|Rock Slide|p1a: Incineroar|[spread] p1a,p1b
|-supereffective|p1a: Incineroar
|-damage|p1a: Incineroar|62/100
|-damage|p1b: Rillaboom|12/100
|
|-weather|Sandstorm|[upkeep]
|-damage|p2a: Porygon2|65/100|[from] Sandstorm
|-damage|p2b: Tyranitar|95/100|[from] Sandstorm
|-damage|p1b: Rillaboom|6/100|[from] Sandstorm
|-heal|p1a: Incineroar|68/100|[from] Grassy Terrain
|-heal|p2a: Porygon2|71/100|[from] Grassy Terrain
|-heal|p1b: Rillaboom|12/100|[from] Grassy Terrain
|upkeep
|turn|3
|
|t:|1757033513
|move|p1a: Incineroar|Fake Out|p2a: Porygon2
|-damage|p2a: Porygon2|64/100
|move|p1b: Rillaboom|Fake Out|p2b: Tyranitar
|-damage|p2b: Tyranitar|82/100
|cant|p2a: Porygon2|flinch
|cant|p2b: Tyranitar|flinch
|
|-weather|Sandstorm|[upkeep]
|-damage|p2a: Porygon2|58/100|[from] Sandstorm
|-damage|p2b: Tyranitar|76/100|[from] Sandstorm
|-damage|p1b: Rillaboom|6/100|[from] Sandstorm
|-heal|p1a: Incineroar|74/100|[from] Grassy Terrain
|-heal|p2a: Porygon2|64/100|[from] Grassy Terrain
|-heal|p1b: Rillaboom|12/100|[from] Grassy Terrain
|upkeep
|turn|4
|
|t:|1757033534
|switch|p1a: Garchomp|Garchomp, L50, M, shiny|91/100
|move|p1b: Rillaboom|Protect|p1b: Rillaboom
|-singleturn|p1b: Rillaboom|Protect
|move|p2a: Porygon2|Tera Blast|p1a: Garchomp
|-damage|p1a: Garchomp|51/100
|move|p2b: Tyranitar|Rock Slide|p1b: Rillaboom|[spread] p1a
|-activate|p1b: Rillaboom|move: Protect
|-resisted|p1a: Garchomp
|-damage|p1a: Garchomp|41/100
|
|-weather|Sandstorm|[upkeep]
|-damage|p2a: Porygon2|58/100|[from] Sandstorm
|-damage|p2b: Tyranitar|70/100|[from] Sandstorm
|-damage|p1b: Rillaboom|6/100|[from] Sandstorm
|-heal|p2a: Porygon2|64/100|[from] Grassy Terrain
|-heal|p1b: Rillaboom|12/100|[from] Grassy Terrain
|-heal|p1a: Garchomp|47/100|[from] Grassy Terrain
|upkeep
|turn|5
|
|t:|1757033552
|switch|p2a: Ursaluna|Ursaluna, L50, F|100/100
|switch|p1b: Incineroar|Incineroar, L50, M, shiny|74/100
|-ability|p1b: Incineroar|Intimidate|boost
|-unboost|p2a: Ursaluna|atk|1
|-unboost|p2b: Tyranitar|atk|1
|move|p1a: Garchomp|Protect|p1a: Garchomp
|-singleturn|p1a: Garchomp|Protect
|move|p2b: Tyranitar|Rock Slide|p1a: Garchomp|[spread] p1b
|-activate|p1a: Garchomp|move: Protect
|-supereffective|p1b: Incineroar
|-damage|p1b: Incineroar|43/100
|
|-weather|Sandstorm|[upkeep]
|-damage|p2b: Tyranitar|64/100|[from] Sandstorm
|-heal|p1b: Incineroar|49/100|[from] Grassy Terrain
|-heal|p1a: Garchomp|53/100|[from] Grassy Terrain
|-fieldend|move: Trick Room
|-status|p2a: Ursaluna|brn|[from] item: Flame Orb
|upkeep
|turn|6
|inactive|aldishh has 30 seconds left.
|
|t:|1757033586
|move|p2a: Ursaluna|Protect|p2a: Ursaluna
|-singleturn|p2a: Ursaluna|Protect
|move|p1b: Incineroar|Fake Out|p2a: Ursaluna
|-activate|p2a: Ursaluna|move: Protect
|move|p1a: Garchomp|Dragon Claw|p2a: Ursaluna
|-activate|p2a: Ursaluna|move: Protect
|move|p2b: Tyranitar|Knock Off|p1a: Garchomp
|-damage|p1a: Garchomp|23/100
|-enditem|p1a: Garchomp|Life Orb|[from] move: Knock Off|[of] p2b: Tyranitar
|
|-weather|none
|-heal|p1a: Garchomp|29/100|[from] Grassy Terrain
|-heal|p1b: Incineroar|55/100|[from] Grassy Terrain
|-damage|p2a: Ursaluna|95/100 brn|[from] brn
|-fieldend|move: Grassy Terrain
|upkeep
|turn|7
|
|t:|1757033610
|switch|p2a: Porygon2|Porygon2, L50|64/100
|-ability|p2a: Porygon2|Download|boost
|-boost|p2a: Porygon2|atk|1
|move|p1a: Garchomp|Dragon Claw|p2a: Porygon2
|-damage|p2a: Porygon2|39/100
|move|p2b: Tyranitar|Rock Slide|p1a: Garchomp|[spread] p1a,p1b
|-resisted|p1a: Garchomp
|-supereffective|p1b: Incineroar
|-damage|p1a: Garchomp|21/100
|-damage|p1b: Incineroar|28/100
|move|p1b: Incineroar|Flare Blitz|p2a: Porygon2
|-damage|p2a: Porygon2|9/100
|-status|p2a: Porygon2|brn
|-damage|p1b: Incineroar|19/100|[from] Recoil
|
|-damage|p2a: Porygon2|3/100 brn|[from] brn
|upkeep
|turn|8
|
|t:|1757033629
|switch|p1b: Rillaboom|Rillaboom, L50, M|12/100
|-fieldstart|move: Grassy Terrain|[from] ability: Grassy Surge|[of] p1b: Rillaboom
|move|p1a: Garchomp|Dragon Claw|p2a: Porygon2
|-damage|p2a: Porygon2|0 fnt
|faint|p2a: Porygon2
|move|p2b: Tyranitar|Rock Slide|p1b: Rillaboom|[spread] p1a,p1b
|-resisted|p1a: Garchomp
|-damage|p1a: Garchomp|13/100
|-damage|p1b: Rillaboom|0 fnt
|faint|p1b: Rillaboom
|
|-heal|p1a: Garchomp|19/100|[from] Grassy Terrain
|upkeep
|
|t:|1757033644
|switch|p1b: Incineroar|Incineroar, L50, M, shiny|19/100
|switch|p2a: Ursaluna|Ursaluna, L50, F|95/100 brn
|-ability|p1b: Incineroar|Intimidate|boost
|-unboost|p2a: Ursaluna|atk|1
|-unboost|p2b: Tyranitar|atk|1
|turn|9
|
|t:|1757033656
|move|p1b: Incineroar|Fake Out|p2b: Tyranitar
|-damage|p2b: Tyranitar|55/100
|move|p1a: Garchomp|Dragon Claw|p2a: Ursaluna
|-damage|p2a: Ursaluna|62/100 brn
|cant|p2b: Tyranitar|flinch
|move|p2a: Ursaluna|Earthquake|p1a: Garchomp|[spread] p1a,p1b
|-immune|p2b: Tyranitar
|-supereffective|p1b: Incineroar
|-damage|p1a: Garchomp|0 fnt
|-damage|p1b: Incineroar|0 fnt
|faint|p1a: Garchomp
|faint|p1b: Incineroar
|
|-heal|p2a: Ursaluna|68/100 brn|[from] Grassy Terrain
|-damage|p2a: Ursaluna|62/100 brn|[from] brn
|upkeep
|
|t:|1757033671
|switch|p1b: Sneasler|Sneasler, L50, M, tera:Flying|100/100
|turn|10
|
|t:|1757033689
|move|p1b: Sneasler|Close Combat|p2a: Ursaluna
|-supereffective|p2a: Ursaluna
|-damage|p2a: Ursaluna|0 fnt
|-unboost|p1b: Sneasler|def|1
|-unboost|p1b: Sneasler|spd|1
|faint|p2a: Ursaluna
|move|p2b: Tyranitar|Rock Slide|p1b: Sneasler
|-supereffective|p1b: Sneasler
|-damage|p1b: Sneasler|11/100
|
|upkeep
|turn|11
|
|t:|1757033709
|move|p1b: Sneasler|Dire Claw|p2b: Tyranitar
|-damage|p2b: Tyranitar|20/100
|move|p2b: Tyranitar|Tera Blast|p1b: Sneasler|[anim] Tera Blast Flying
|-damage|p1b: Sneasler|0 fnt
|faint|p1b: Sneasler
|
|win|Zacharykeith
|raw|aldishh's rating: 1122 → 1096(-26 for losing)
|raw|Zacharykeith's rating: 1103 → 1129(+26 for winning)
