|j|☆Sodamario
|j|☆PRLT1 Jurrasicz
|html|SodamarioPRLT1 Jurrasicz    
|uhtml|bestof|Game 1 of a best-of-3
|t:|1783435068
|gametype|doubles
|player|p1|Sodamario|cynthia-gen4|1420
|player|p2|PRLT1 Jurrasicz|pokemaniac|1443
|gen|9
|tier|[Gen 9 Champions] VGC 2026 Reg M-B (Bo3)
|rated|
|rule|Species Clause: Limit one of each Pokémon
|rule|Item Clause: Limit 1 of each item
|clearpoke
|poke|p1|Ceruledge, L50, F|
|poke|p1|Milotic, L50, M|
|poke|p1|Incineroar, L50, F|
|poke|p1|Raichu, L50, F|
|poke|p1|Ninetales-Alola, L50, F|
|poke|p1|Sinistcha, L50|
|poke|p2|Charizard, L50, M|
|poke|p2|Whimsicott, L50, F|
|poke|p2|Floette-Eternal, L50, F|
|poke|p2|Basculegion, L50, M|
|poke|p2|Garchomp, L50, M|
|poke|p2|Kingambit, L50, M, shiny|
|teampreview|4
|showteam|p1|Ceruledge||ColburBerry|FlashFire|BitterBlade,ShadowSneak,BulkUp,Protect|Adamant||F|||50|]Milotic||Leftovers|Competitive|MuddyWater,Coil,Hypnosis,Protect|Bold||M|||50|]Incineroar||SitrusBerry|Intimidate|FlareBlitz,PartingShot,FakeOut,DarkestLariat|Impish||F|||50|]Raichu||RaichuniteY|LightningRod|ZapCannon,FocusBlast,FakeOut,Protect|Timid||F|||50|]Ninetales-Alola||NeverMeltIce|SnowWarning|Blizzard,FreezeDry,AuroraVeil,Protect|Timid||F|||50|]Sinistcha||KasibBerry|Hospitality|MatchaGotcha,RagePowder,TrickRoom,Protect|Bold|||||50|
|showteam|p2|Charizard||CharizarditeY|Blaze|HeatWave,SolarBeam,WeatherBall,Protect|Modest||M|||50|]Whimsicott||FocusSash|Prankster|Moonblast,Encore,Tailwind,Protect|Timid||F|||50|]Floette-Eternal||Floettite|FlowerVeil|Moonblast,DazzlingGleam,LightofRuin,Protect|Modest||F|||50|]Basculegion||MysticWater|Adaptability|WaveCrash,AquaJet,LastRespects,Protect|Adamant||M|||50|]Garchomp||LifeOrb|RoughSkin|DragonClaw,Earthquake,RockSlide,Protect|Jolly||M|||50|]Kingambit||OccaBerry|Defiant|KowtowCleave,SuckerPunch,IronHead,Protect|Adamant||M|||50|
|inactive|Battle timer is ON: inactive players will automatically lose when time's up. (requested by PRLT1 Jurrasicz)
|inactive|Sodamario has 60 seconds left.
|inactive|PRLT1 Jurrasicz has 60 seconds left.
|inactive|PRLT1 Jurrasicz has 30 seconds left.
|inactive|PRLT1 Jurrasicz has 20 seconds left.
|inactive|PRLT1 Jurrasicz has 15 seconds left.
|inactive|PRLT1 Jurrasicz has 10 seconds left.
|
|t:|1783435158
|teamsize|p1|4
|teamsize|p2|4
|start
|switch|p1a: Ninetales|Ninetales-Alola, L50, F|100/100
|switch|p1b: Raichu|Raichu, L50, F|100/100
|switch|p2a: Whimsicott|Whimsicott, L50, F|100/100
|switch|p2b: Basculegion|Basculegion, L50, M|100/100
|-weather|Snowscape|[from] ability: Snow Warning|[of] p1a: Ninetales
|turn|1
|inactive|Sodamario has 30 seconds left.
|inactive|PRLT1 Jurrasicz has 30 seconds left.
|inactive|Sodamario has 20 seconds left.
|inactive|Sodamario has 15 seconds left.
|inactive|Sodamario has 10 seconds left.
|inactive|Sodamario has 5 seconds left.
|
|t:|1783435213
|move|p2a: Whimsicott|Protect|p2a: Whimsicott
|-singleturn|p2a: Whimsicott|Protect
|move|p2b: Basculegion|Protect|p2b: Basculegion
|-singleturn|p2b: Basculegion|Protect
|move|p1a: Ninetales|Blizzard|p2a: Whimsicott|[spread] 
|-activate|p2a: Whimsicott|move: Protect
|-activate|p2b: Basculegion|move: Protect
|move|p1b: Raichu|Zap Cannon|p2a: Whimsicott
|-activate|p2a: Whimsicott|move: Protect
|
|-weather|Snowscape|[upkeep]
|upkeep
|turn|2
|inactive|PRLT1 Jurrasicz has 30 seconds left.
|inactive|PRLT1 Jurrasicz has 20 seconds left.
|
|t:|1783435252
|switch|p1b: Sinistcha|Sinistcha, L50|100/100
|move|p2a: Whimsicott|Tailwind|p2a: Whimsicott
|-sidestart|p2: PRLT1 Jurrasicz|move: Tailwind
|move|p2b: Basculegion|Wave Crash|p1b: Sinistcha
|-resisted|p1b: Sinistcha|1
|-damage|p1b: Sinistcha|61/100
|-damage|p2b: Basculegion|88/100|[from] Recoil
|move|p1a: Ninetales|Freeze-Dry|p2b: Basculegion
|-supereffective|p2b: Basculegion|1
|-damage|p2b: Basculegion|28/100
|
|-weather|Snowscape|[upkeep]
|upkeep
|turn|3
|inactive|Sodamario has 30 seconds left.
|inactive|PRLT1 Jurrasicz has 30 seconds left.
|inactive|Sodamario has 20 seconds left.
|inactive|Sodamario has 15 seconds left.
|inactive|PRLT1 Jurrasicz has 20 seconds left.
|inactive|PRLT1 Jurrasicz has 15 seconds left.
|
|t:|1783435306
|move|p1b: Sinistcha|Protect|p1b: Sinistcha
|-singleturn|p1b: Sinistcha|Protect
|move|p2a: Whimsicott|Moonblast|p1b: Sinistcha
|-activate|p1b: Sinistcha|move: Protect
|move|p2b: Basculegion|Wave Crash|p1a: Ninetales
|-damage|p1a: Ninetales|18/100
|-damage|p2b: Basculegion|8/100|[from] Recoil
|move|p1a: Ninetales|Blizzard|p2b: Basculegion|[spread] p2a,p2b
|-supereffective|p2a: Whimsicott|1
|-resisted|p2b: Basculegion|1
|-enditem|p2a: Whimsicott|Focus Sash
|-damage|p2a: Whimsicott|1/100
|-damage|p2b: Basculegion|0 fnt
|faint|p2b: Basculegion
|
|-weather|Snowscape|[upkeep]
|upkeep
|
|t:|1783435321
|switch|p2b: Floette|Floette-Eternal, L50, F|100/100
|turn|4
|inactive|Sodamario has 30 seconds left.
|inactive|Sodamario has 20 seconds left.
|inactive|Sodamario has 15 seconds left.
|inactive|Sodamario has 10 seconds left.
|
|t:|1783435367
|switch|p1a: Ceruledge|Ceruledge, L50, F|100/100
|detailschange|p2b: Floette|Floette-Mega, L50, F
|-mega|p2b: Floette|Floette|Floettite
|-ability|p2b: Floette|Fairy Aura
|move|p1b: Sinistcha|Rage Powder|p1b: Sinistcha
|-singleturn|p1b: Sinistcha|move: Rage Powder
|move|p2a: Whimsicott|Moonblast|p1b: Sinistcha
|-damage|p1b: Sinistcha|15/100
|move|p2b: Floette|Dazzling Gleam|p1b: Sinistcha|[spread] p1a,p1b
|-resisted|p1a: Ceruledge|1
|-damage|p1a: Ceruledge|75/100
|-damage|p1b: Sinistcha|0 fnt
|faint|p1b: Sinistcha
|
|-weather|Snowscape|[upkeep]
|upkeep
|
|t:|1783435380
|switch|p1b: Raichu|Raichu, L50, F|100/100
|turn|5
|
|t:|1783435394
|detailschange|p1b: Raichu|Raichu-Mega-Y, L50, F
|-mega|p1b: Raichu|Raichu|Raichunite Y
|move|p2a: Whimsicott|Protect|p2a: Whimsicott
|-singleturn|p2a: Whimsicott|Protect
|move|p2b: Floette|Protect|p2b: Floette
|-singleturn|p2b: Floette|Protect
|move|p1b: Raichu|Fake Out|p2b: Floette
|-activate|p2b: Floette|move: Protect
|move|p1a: Ceruledge|Shadow Sneak|p2a: Whimsicott
|-activate|p2a: Whimsicott|move: Protect
|
|-weather|none
|-sideend|p2: PRLT1 Jurrasicz|move: Tailwind
|upkeep
|turn|6
|inactive|PRLT1 Jurrasicz has 30 seconds left.
|inactive|PRLT1 Jurrasicz has 20 seconds left.
|
|t:|1783435431
|move|p1b: Raichu|Protect|p1b: Raichu
|-singleturn|p1b: Raichu|Protect
|move|p2a: Whimsicott|Tailwind|p2a: Whimsicott
|-sidestart|p2: PRLT1 Jurrasicz|move: Tailwind
|move|p2b: Floette|Moonblast|p1b: Raichu
|-activate|p1b: Raichu|move: Protect
|move|p1a: Ceruledge|Bitter Blade|p2b: Floette
|-damage|p2b: Floette|41/100
|-heal|p1a: Ceruledge|100/100|[from] drain|[of] p2b: Floette
|
|upkeep
|turn|7
|
|t:|1783435455
|switch|p1b: Ninetales|Ninetales-Alola, L50, F|18/100
|-weather|Snowscape|[from] ability: Snow Warning|[of] p1b: Ninetales
|move|p1a: Ceruledge|Shadow Sneak|p2a: Whimsicott
|-damage|p2a: Whimsicott|0 fnt
|faint|p2a: Whimsicott
|move|p2b: Floette|Dazzling Gleam|p1b: Ninetales|[spread] p1a,p1b
|-resisted|p1a: Ceruledge|1
|-damage|p1a: Ceruledge|75/100
|-damage|p1b: Ninetales|0 fnt
|faint|p1b: Ninetales
|
|-weather|Snowscape|[upkeep]
|upkeep
|
|t:|1783435465
|switch|p2a: Kingambit|Kingambit, L50, M, shiny|100/100
|switch|p1b: Raichu|Raichu-Mega-Y, L50, F|100/100
|turn|8
|inactive|Sodamario has 30 seconds left.
|inactive|PRLT1 Jurrasicz has 30 seconds left.
|inactive|Sodamario has 20 seconds left.
|inactive|Sodamario has 15 seconds left.
|inactive|Sodamario has 10 seconds left.
|inactive|Sodamario has 5 seconds left.
|
|t:|1783435520
|move|p2a: Kingambit|Protect|p2a: Kingambit
|-singleturn|p2a: Kingambit|Protect
|move|p2b: Floette|Moonblast|p1b: Raichu
|-damage|p1b: Raichu|0 fnt
|faint|p1b: Raichu
|move|p1a: Ceruledge|Bitter Blade|p2b: Floette
|-damage|p2b: Floette|0 fnt
|-heal|p1a: Ceruledge|93/100|[from] drain|[of] p2b: Floette
|faint|p2b: Floette
|
|-weather|Snowscape|[upkeep]
|upkeep
|turn|9
|
|t:|1783435532
|move|p1a: Ceruledge|Protect|p1a: Ceruledge
|-singleturn|p1a: Ceruledge|Protect
|move|p2a: Kingambit|Kowtow Cleave|p1a: Ceruledge
|-activate|p1a: Ceruledge|move: Protect
|
|-weather|Snowscape|[upkeep]
|-sideend|p2: PRLT1 Jurrasicz|move: Tailwind
|upkeep
|turn|10
|
|t:|1783435536
|move|p1a: Ceruledge|Bulk Up|p1a: Ceruledge
|-boost|p1a: Ceruledge|atk|1
|-boost|p1a: Ceruledge|def|1
|move|p2a: Kingambit|Kowtow Cleave|p1a: Ceruledge
|-supereffective|p1a: Ceruledge|1
|-enditem|p1a: Ceruledge|Colbur Berry|[eat]
|-enditem|p1a: Ceruledge|Colbur Berry|[weaken]
|-damage|p1a: Ceruledge|53/100
|
|-weather|Snowscape|[upkeep]
|upkeep
|turn|11
|
|t:|1783435546
|move|p1a: Ceruledge|Shadow Sneak|p2a: Kingambit
|-resisted|p2a: Kingambit|1
|-damage|p2a: Kingambit|87/100
|move|p2a: Kingambit|Kowtow Cleave|p1a: Ceruledge
|-supereffective|p1a: Ceruledge|1
|-damage|p1a: Ceruledge|0 fnt
|faint|p1a: Ceruledge
|
|win|PRLT1 Jurrasicz
||Sodamario is ready for game 2.
|inactive|PRLT1 Jurrasicz has 30 seconds to confirm battle start!
||PRLT1 Jurrasicz is ready for game 2.
|uhtml|next|Next: Game 2 of 3
