|j|☆Vex100000
|j|☆Pokeman2010ash
|html|Vex100000Pokeman2010ash    
|uhtml|bestof|Game 3 of a best-of-3
|t:|1786036015
|gametype|doubles
|player|p1|Vex100000|cynthia-masters4|1065
|player|p2|Pokeman2010ash|lucas|1166
|gen|9
|tier|[Gen 9 Champions] VGC 2026 Reg M-B (Bo3)
|rated|
|rule|Species Clause: Limit one of each Pokémon
|rule|Item Clause: Limit 1 of each item
|clearpoke
|poke|p1|Charizard, L50, M|
|poke|p1|Typhlosion, L50, M|
|poke|p1|Vaporeon, L50, M|
|poke|p1|Araquanid, L50, M|
|poke|p1|Meganium, L50, M|
|poke|p1|Blaziken, L50, M|
|poke|p2|Houndoom, L50, F|
|poke|p2|Whimsicott, L50, F|
|poke|p2|Garchomp, L50, F|
|poke|p2|Torkoal, L50, F|
|poke|p2|Maushold-Four, L50|
|poke|p2|Milotic, L50, M|
|teampreview|4
|showteam|p1|Charizard||CharizarditeY|Blaze|HeatWave,AncientPower,SolarBeam,Protect|Timid||M|||50|]Typhlosion||ChoiceScarf|FlashFire|Eruption,ScorchingSands,SolarBeam,Extrasensory|Timid||M|||50|]Vaporeon||Leftovers|WaterAbsorb|Wish,Yawn,Protect,IceBeam|Calm||M|||50|]Araquanid||ShucaBerry|WaterAbsorb|StickyWeb,LeechLife,Protect,Liquidation|Careful||M|||50|]Meganium||Meganiumite|Overgrow|SolarBeam,LeechSeed,Protect,DazzlingGleam|Calm||M|||50|]Blaziken||FocusSash|SpeedBoost|SwordsDance,BlazeKick,CloseCombat,KnockOff|Adamant||M|||50|
|showteam|p2|Houndoom||Houndoominite|FlashFire|SolarBeam,HeatWave,DarkPulse,Protect|Timid||F|||50|]Whimsicott||FocusSash|Prankster|Tailwind,Encore,Moonblast,FakeTears|Serious||F|||50|]Garchomp||LifeOrb|RoughSkin|DragonClaw,Earthquake,RockSlide,Protect|Jolly||F|||50|]Torkoal||Charcoal|Drought|Eruption,HelpingHand,EarthPower,Protect|Modest||F|||50|]Maushold-Four||MentalHerb|FriendGuard|AfterYou,FollowMe,Taunt,SuperFang|Timid|||||50|]Milotic||Leftovers|Competitive|IcyWind,LifeDew,WeatherBall,Recover|Bold||M|||50|
|inactive|Battle timer is ON: inactive players will automatically lose when time's up. (requested by Vex100000)
|
|t:|1786036046
|teamsize|p1|4
|teamsize|p2|4
|start
|switch|p1a: Meganium|Meganium, L50, M|100/100
|switch|p1b: Vaporeon|Vaporeon, L50, M|100/100
|switch|p2a: Whimsicott|Whimsicott, L50, F|100/100
|switch|p2b: Garchomp|Garchomp, L50, F|100/100
|turn|1
|inactive|Pokeman2010ash has 30 seconds left.
|
|t:|1786036079
|switch|p2b: Houndoom|Houndoom, L50, F|100/100
|move|p2a: Whimsicott|Tailwind|p2a: Whimsicott
|-sidestart|p2: Pokeman2010ash|move: Tailwind
|move|p1a: Meganium|Dazzling Gleam|p2a: Whimsicott|[spread] p2a,p2b
|-damage|p2a: Whimsicott|79/100
|-damage|p2b: Houndoom|82/100
|move|p1b: Vaporeon|Ice Beam|p2a: Whimsicott
|-supereffective|p2a: Whimsicott|1
|-damage|p2a: Whimsicott|8/100
|
|upkeep
|turn|2
|
|t:|1786036102
|switch|p2a: Milotic|Milotic, L50, M|100/100
|switch|p1a: Typhlosion|Typhlosion, L50, M|100/100
|detailschange|p2b: Houndoom|Houndoom-Mega, L50, F
|-mega|p2b: Houndoom|Houndoom|Houndoominite
|move|p2b: Houndoom|Heat Wave|p1a: Typhlosion|[spread] p1b
|-start|p1a: Typhlosion|ability: Flash Fire
|-resisted|p1b: Vaporeon|1
|-damage|p1b: Vaporeon|89/100
|move|p1b: Vaporeon|Ice Beam|p2a: Milotic
|-resisted|p2a: Milotic|1
|-damage|p2a: Milotic|93/100
|
|-heal|p2a: Milotic|99/100|[from] item: Leftovers
|-heal|p1b: Vaporeon|95/100|[from] item: Leftovers
|upkeep
|turn|3
|
|t:|1786036123
|-end|p1a: Typhlosion|ability: Flash Fire|[silent]
|switch|p1a: Meganium|Meganium, L50, M|100/100
|move|p2b: Houndoom|Protect|p2b: Houndoom
|-singleturn|p2b: Houndoom|Protect
|move|p2a: Milotic|Icy Wind|p1b: Vaporeon|[spread] p1a,p1b
|-supereffective|p1a: Meganium|1
|-resisted|p1b: Vaporeon|1
|-damage|p1a: Meganium|87/100
|-damage|p1b: Vaporeon|92/100
|-unboost|p1a: Meganium|spe|1
|-unboost|p1b: Vaporeon|spe|1
|move|p1b: Vaporeon|Yawn|p2b: Houndoom
|-activate|p2b: Houndoom|move: Protect
|
|-heal|p2a: Milotic|100/100|[from] item: Leftovers
|-heal|p1b: Vaporeon|98/100|[from] item: Leftovers
|upkeep
|turn|4
|
|t:|1786036138
|move|p2b: Houndoom|Heat Wave|p1a: Meganium|[spread] p1a,p1b
|-supereffective|p1a: Meganium|1
|-resisted|p1b: Vaporeon|1
|-damage|p1a: Meganium|35/100
|-damage|p1b: Vaporeon|88/100
|move|p2a: Milotic|Icy Wind|p1a: Meganium|[spread] p1a,p1b
|-supereffective|p1a: Meganium|1
|-resisted|p1b: Vaporeon|1
|-damage|p1a: Meganium|24/100
|-damage|p1b: Vaporeon|85/100
|-unboost|p1a: Meganium|spe|1
|-unboost|p1b: Vaporeon|spe|1
|move|p1a: Meganium|Leech Seed|p2a: Milotic
|-start|p2a: Milotic|move: Leech Seed
|move|p1b: Vaporeon|Yawn|p2b: Houndoom
|-start|p2b: Houndoom|move: Yawn|[of] p1b: Vaporeon
|
|-heal|p1b: Vaporeon|91/100|[from] item: Leftovers
|-damage|p2a: Milotic|87/100|[from] Leech Seed|[of] p1a: Meganium
|-heal|p1a: Meganium|37/100|[silent]
|-sideend|p2: Pokeman2010ash|move: Tailwind
|upkeep
|turn|5
|inactive|Vex100000 has 30 seconds left.
|inactive|Pokeman2010ash has 30 seconds left.
|
|t:|1786036171
|move|p1a: Meganium|Protect|p1a: Meganium
|-singleturn|p1a: Meganium|Protect
|move|p2b: Houndoom|Dark Pulse|p1b: Vaporeon
|-damage|p1b: Vaporeon|66/100
|move|p2a: Milotic|Icy Wind|p1b: Vaporeon|[spread] p1b
|-activate|p1a: Meganium|move: Protect
|-resisted|p1b: Vaporeon|1
|-damage|p1b: Vaporeon|64/100
|-unboost|p1b: Vaporeon|spe|1
|cant|p1b: Vaporeon|flinch
|
|-heal|p2a: Milotic|93/100|[from] item: Leftovers
|-heal|p1b: Vaporeon|70/100|[from] item: Leftovers
|-damage|p2a: Milotic|81/100|[from] Leech Seed|[of] p1a: Meganium
|-heal|p1a: Meganium|50/100g|[silent]
|-end|p2b: Houndoom|move: Yawn|[silent]
|-status|p2b: Houndoom|slp
|upkeep
|turn|6
|
|t:|1786036195
|cant|p2b: Houndoom|slp
|move|p2a: Milotic|Life Dew|p2a: Milotic|[spread] p2a,p2b
|-heal|p2a: Milotic|100/100
|-heal|p2b: Houndoom|100/100 slp
|move|p1a: Meganium|Leech Seed|p2b: Houndoom
|-start|p2b: Houndoom|move: Leech Seed
|move|p1b: Vaporeon|Wish|p1b: Vaporeon
|
|-heal|p1b: Vaporeon|75/100|[from] item: Leftovers
|-damage|p2b: Houndoom|88/100 slp|[from] Leech Seed|[of] p1a: Meganium
|-heal|p1a: Meganium|60/100|[silent]
|-damage|p2a: Milotic|87/100|[from] Leech Seed|[of] p1a: Meganium
|-heal|p1a: Meganium|73/100|[silent]
|upkeep
|turn|7
|
|t:|1786036217
|switch|p2b: Whimsicott|Whimsicott, L50, F|8/100
|switch|p2a: Garchomp|Garchomp, L50, F|100/100
|switch|p1b: Charizard|Charizard, L50, M|100/100
|move|p1a: Meganium|Dazzling Gleam|p2b: Whimsicott|[spread] p2a,p2b
|-supereffective|p2a: Garchomp|1
|-damage|p2a: Garchomp|72/100
|-damage|p2b: Whimsicott|0 fnt
|faint|p2b: Whimsicott
|
|upkeep
|
|t:|1786036229
|switch|p2b: Houndoom|Houndoom-Mega, L50, F|88/100 slp
|turn|8
|
|t:|1786036240
|detailschange|p1b: Charizard|Charizard-Mega-Y, L50, M
|-mega|p1b: Charizard|Charizard|Charizardite Y
|-weather|SunnyDay|[from] ability: Drought|[of] p1b: Charizard
|move|p1b: Charizard|Protect|p1b: Charizard
|-singleturn|p1b: Charizard|Protect
|cant|p2b: Houndoom|slp
|move|p2a: Garchomp|Rock Slide|p1a: Meganium|[spread] p1a
|-activate|p1b: Charizard|move: Protect
|-damage|p1a: Meganium|48/100
|-damage|p2a: Garchomp|62/100|[from] item: Life Orb
|move|p1a: Meganium|Leech Seed|p2b: Houndoom
|-start|p2b: Houndoom|move: Leech Seed
|
|-weather|SunnyDay|[upkeep]
|-damage|p2b: Houndoom|76/100 slp|[from] ability: Solar Power|[of] p2b: Houndoom
|-damage|p2b: Houndoom|64/100 slp|[from] Leech Seed|[of] p1a: Meganium
|-heal|p1a: Meganium|58/100|[silent]
|upkeep
|turn|9
|
|t:|1786036263
|switch|p2b: Milotic|Milotic, L50, M|87/100
|switch|p1a: Vaporeon|Vaporeon, L50, M|75/100
|move|p2a: Garchomp|Protect|p2a: Garchomp
|-singleturn|p2a: Garchomp|Protect
|move|p1b: Charizard|Solar Beam||[still]
|-prepare|p1b: Charizard|Solar Beam
|-anim|p1b: Charizard|Solar Beam|p2a: Garchomp
|-activate|p2a: Garchomp|move: Protect
|
|-weather|SunnyDay|[upkeep]
|-heal|p2b: Milotic|93/100|[from] item: Leftovers
|-heal|p1a: Vaporeon|81/100|[from] item: Leftovers
|upkeep
|turn|10
|
|t:|1786036288
|switch|p2a: Houndoom|Houndoom-Mega, L50, F|64/100 slp
|move|p1b: Charizard|Solar Beam||[still]
|-prepare|p1b: Charizard|Solar Beam
|-anim|p1b: Charizard|Solar Beam|p2b: Milotic
|-supereffective|p2b: Milotic|1
|-damage|p2b: Milotic|29/100
|move|p2b: Milotic|Life Dew|p2b: Milotic|[spread] p2a,p2b
|-heal|p2a: Houndoom|89/100 slp
|-heal|p2b: Milotic|54/100
|move|p1a: Vaporeon|Ice Beam|p2a: Houndoom
|-resisted|p2a: Houndoom|1
|-damage|p2a: Houndoom|73/100 slp
|
|-weather|SunnyDay|[upkeep]
|-damage|p2a: Houndoom|61/100 slp|[from] ability: Solar Power|[of] p2a: Houndoom
|-heal|p2b: Milotic|60/100|[from] item: Leftovers
|-heal|p1a: Vaporeon|87/100|[from] item: Leftovers
|upkeep
|turn|11
|
|t:|1786036312
|-curestatus|p2a: Houndoom|slp|[msg]
|move|p2a: Houndoom|Solar Beam||[still]
|-prepare|p2a: Houndoom|Solar Beam
|-anim|p2a: Houndoom|Solar Beam|p1a: Vaporeon
|-supereffective|p1a: Vaporeon|1
|-damage|p1a: Vaporeon|16/100
|move|p1b: Charizard|Ancient Power|p2a: Houndoom
|-supereffective|p2a: Houndoom|1
|-damage|p2a: Houndoom|0 fnt
|faint|p2a: Houndoom
|move|p2b: Milotic|Life Dew|p2b: Milotic
|-heal|p2b: Milotic|85/100
|move|p1a: Vaporeon|Ice Beam|p2b: Milotic
|-resisted|p2b: Milotic|1
|-damage|p2b: Milotic|78/100
|
|-weather|SunnyDay|[upkeep]
|-heal|p2b: Milotic|84/100|[from] item: Leftovers
|-heal|p1a: Vaporeon|21/100|[from] item: Leftovers
|upkeep
|
|t:|1786036326
|switch|p2a: Garchomp|Garchomp, L50, F|62/100
|turn|12
|
|t:|1786036333
|move|p1b: Charizard|Protect|p1b: Charizard
|-singleturn|p1b: Charizard|Protect
|move|p2a: Garchomp|Protect|p2a: Garchomp
|-singleturn|p2a: Garchomp|Protect
|move|p2b: Milotic|Icy Wind|p1b: Charizard|[spread] p1a
|-activate|p1b: Charizard|move: Protect
|-resisted|p1a: Vaporeon|1
|-damage|p1a: Vaporeon|18/100
|-unboost|p1a: Vaporeon|spe|1
|move|p1a: Vaporeon|Wish|p1a: Vaporeon
|
|-weather|none
|-heal|p2b: Milotic|90/100|[from] item: Leftovers
|-heal|p1a: Vaporeon|24/100|[from] item: Leftovers
|upkeep
|turn|13
|-message|Pokeman2010ash forfeited.
|raw|Vex100000's rating: 1065 → 1104(+39 for winning)
|raw|Pokeman2010ash's rating: 1166 → 1134(-32 for losing)
|
|win|Vex100000
|c|☆Vex100000|Ggs
