|j|☆kemaho
|j|☆turbogoddi
|html|kemahoturbogoddi    
|uhtml|bestof|Game 1 of a best-of-3
|t:|1756763120
|gametype|doubles
|player|p1|kemaho|clerk|1105
|player|p2|turbogoddi|170|1184
|gen|9
|tier|[Gen 9] VGC 2025 Reg H (Bo3)
|rated|
|rule|Species Clause: Limit one of each Pokémon
|rule|Item Clause: Limit 1 of each item
|clearpoke
|poke|p1|Dragonite, L50, F|
|poke|p1|Archaludon, L50, F|
|poke|p1|Sinistcha, L50|
|poke|p1|Ursaluna, L50, M|
|poke|p1|Pelipper, L50, F|
|poke|p1|Incineroar, L50, M|
|poke|p2|Dondozo, L50, M|
|poke|p2|Tatsugiri-Droopy, L50, M|
|poke|p2|Ursaluna-Bloodmoon, L50, M|
|poke|p2|Rillaboom, L50, F|
|poke|p2|Electabuzz, L50, M|
|poke|p2|Garchomp, L50, M|
|teampreview|4
|showteam|p1|Dragonite||LoadedDice|Multiscale|ScaleShot,Protect,Tailwind,Haze|||F|||50|,,,,,Fairy]Archaludon||AssaultVest|Stamina|FlashCannon,BodyPress,ElectroShot,Snarl|||F|||50|,,,,,Fighting]Sinistcha||SitrusBerry|Hospitality|MatchaGotcha,RagePowder,TrickRoom,LifeDew||||||50|,,,,,Dark]Ursaluna||FlameOrb|Guts|Earthquake,Facade,HeadlongRush,Protect|||M|||50|,,,,,Ghost]Pelipper||FocusSash|Drizzle|MuddyWater,Hurricane,WideGuard,Tailwind|||F|||50|,,,,,Ghost]Incineroar||SafetyGoggles|Intimidate|FlareBlitz,KnockOff,FakeOut,PartingShot|||M|||50|,,,,,Ghost
|showteam|p2|Dondozo||Leftovers|Unaware|HeavySlam,OrderUp,BodyPress,Substitute|||M|||50|,,,,,Steel]Tatsugiri-Droopy||FocusSash|Commander|DragonPulse,IcyWind,Taunt,Protect|||M|||50|,,,,,Dragon]Ursaluna-Bloodmoon||LifeOrb|MindsEye|EarthPower,HyperVoice,BloodMoon,Protect|||M|||50|,,,,,Normal]Rillaboom||MiracleSeed|GrassySurge|GrassyGlide,WoodHammer,FakeOut,Uturn|||F|||50|,,,,,Grass]Electabuzz||Eviolite|VitalSpirit|Electroweb,FollowMe,Taunt,Protect|||M|||50|,,,,,Ghost]Garchomp||ChoiceBand|RoughSkin|StompingTantrum,IronHead,Outrage,DragonClaw|||M|||50|,,,,,Steel
|inactive|Battle timer is ON: inactive players will automatically lose when time's up. (requested by turbogoddi)
|inactive|kemaho has 60 seconds left.
|inactive|turbogoddi has 60 seconds left.
|
|t:|1756763175
|teamsize|p1|4
|teamsize|p2|4
|start
|switch|p1a: Incineroar|Incineroar, L50, M|100/100
|switch|p1b: Dragonite|Dragonite, L50, F|100/100
|switch|p2a: Electabuzz|Electabuzz, L50, M, shiny|100/100
|switch|p2b: Garchomp|Garchomp, L50, M, shiny|100/100
|-ability|p1a: Incineroar|Intimidate|boost
|-unboost|p2a: Electabuzz|atk|1
|-unboost|p2b: Garchomp|atk|1
|turn|1
|
|t:|1756763195
|-terastallize|p2a: Electabuzz|Ghost
|move|p1a: Incineroar|Fake Out|p2a: Electabuzz
|-immune|p2a: Electabuzz
|move|p2a: Electabuzz|Follow Me|p2a: Electabuzz
|-singleturn|p2a: Electabuzz|move: Follow Me
|move|p2b: Garchomp|Iron Head|p1b: Dragonite
|-damage|p1b: Dragonite|84/100
|cant|p1b: Dragonite|flinch
|
|upkeep
|turn|2
|
|t:|1756763212
|move|p2b: Garchomp|Iron Head|p1b: Dragonite
|-damage|p1b: Dragonite|51/100
|cant|p1b: Dragonite|flinch
|move|p2a: Electabuzz|Taunt|p1b: Dragonite
|-start|p1b: Dragonite|move: Taunt
|move|p1a: Incineroar|Knock Off|p2a: Electabuzz
|-supereffective|p2a: Electabuzz
|-damage|p2a: Electabuzz|38/100
|-enditem|p2a: Electabuzz|Eviolite|[from] move: Knock Off|[of] p1a: Incineroar
|
|upkeep
|turn|3
|
|t:|1756763233
|switch|p1a: Sinistcha|Sinistcha, L50|100/100
|-heal|p1b: Dragonite|76/100|[from] ability: Hospitality|[of] p1a: Sinistcha
|move|p2a: Electabuzz|Protect|p2a: Electabuzz
|-singleturn|p2a: Electabuzz|Protect
|move|p2b: Garchomp|Iron Head|p1b: Dragonite
|-damage|p1b: Dragonite|42/100
|cant|p1b: Dragonite|flinch
|
|upkeep
|turn|4
|
|t:|1756763251
|switch|p2b: Ursaluna|Ursaluna-Bloodmoon, L50, M|100/100
|switch|p2a: Rillaboom|Rillaboom, L50, F|100/100
|-fieldstart|move: Grassy Terrain|[from] ability: Grassy Surge|[of] p2a: Rillaboom
|move|p1b: Dragonite|Scale Shot|p2b: Ursaluna
|-damage|p2b: Ursaluna|88/100
|-damage|p2b: Ursaluna|74/100
|-damage|p2b: Ursaluna|61/100
|-damage|p2b: Ursaluna|48/100
|-damage|p2b: Ursaluna|36/100
|-hitcount|p2b: Ursaluna|5
|-unboost|p1b: Dragonite|def|1
|-boost|p1b: Dragonite|spe|1
|move|p1a: Sinistcha|Life Dew||[still]|[spread] p1a,p1b
|-fail|p1a: Sinistcha|heal
|-heal|p1b: Dragonite|67/100
|
|-heal|p2b: Ursaluna|42/100|[from] Grassy Terrain
|upkeep
|turn|5
|inactive|kemaho has 30 seconds left.
|
|t:|1756763281
|move|p2a: Rillaboom|Fake Out|p1b: Dragonite
|-damage|p1b: Dragonite|43/100
|cant|p1b: Dragonite|flinch
|move|p2b: Ursaluna|Hyper Voice|p1b: Dragonite|[spread] p1a,p1b
|-damage|p1a: Sinistcha|58/100
|-damage|p1b: Dragonite|0 fnt
|faint|p1b: Dragonite
|-damage|p2b: Ursaluna|33/100|[from] item: Life Orb
|move|p1a: Sinistcha|Matcha Gotcha|p2b: Ursaluna|[spread] p2a,p2b
|-resisted|p2a: Rillaboom
|-supereffective|p2b: Ursaluna
|-damage|p2a: Rillaboom|82/100
|-heal|p1a: Sinistcha|70/100|[from] drain|[of] p2a: Rillaboom
|-damage|p2b: Ursaluna|0 fnt
|-heal|p1a: Sinistcha|87/100|[from] drain|[of] p2b: Ursaluna
|faint|p2b: Ursaluna
|
|-heal|p2a: Rillaboom|87/100|[from] Grassy Terrain
|-heal|p1a: Sinistcha|93/100|[from] Grassy Terrain
|upkeep
|
|t:|1756763300
|switch|p1b: Archaludon|Archaludon, L50, F|100/100
|switch|p2b: Electabuzz|Electabuzz, L50, M, shiny, tera:Ghost|38/100
|turn|6
|
|t:|1756763320
|move|p2b: Electabuzz|Taunt|p1a: Sinistcha
|-start|p1a: Sinistcha|move: Taunt
|move|p1b: Archaludon|Body Press|p2a: Rillaboom
|-damage|p2a: Rillaboom|62/100
|move|p2a: Rillaboom|Wood Hammer|p1a: Sinistcha
|-resisted|p1a: Sinistcha
|-damage|p1a: Sinistcha|46/100
|-enditem|p1a: Sinistcha|Sitrus Berry|[eat]
|-heal|p1a: Sinistcha|71/100|[from] item: Sitrus Berry
|-damage|p2a: Rillaboom|48/100|[from] Recoil
|move|p1a: Sinistcha|Matcha Gotcha|p2b: Electabuzz|[spread] p2a
|-miss|p1a: Sinistcha|p2b: Electabuzz
|-resisted|p2a: Rillaboom
|-damage|p2a: Rillaboom|29/100
|-heal|p1a: Sinistcha|82/100|[from] drain|[of] p2a: Rillaboom
|
|-heal|p2b: Electabuzz|44/100|[from] Grassy Terrain
|-heal|p2a: Rillaboom|35/100|[from] Grassy Terrain
|-heal|p1a: Sinistcha|88/100|[from] Grassy Terrain
|upkeep
|turn|7
|inactive|kemaho has 30 seconds left.
|
|t:|1756763347
|switch|p1a: Incineroar|Incineroar, L50, M|100/100
|-ability|p1a: Incineroar|Intimidate|boost
|-unboost|p2a: Rillaboom|atk|1
|-unboost|p2b: Electabuzz|atk|1
|move|p2b: Electabuzz|Follow Me|p2b: Electabuzz
|-singleturn|p2b: Electabuzz|move: Follow Me
|move|p1b: Archaludon|Flash Cannon|p2b: Electabuzz
|-damage|p2b: Electabuzz|1/100
|move|p2a: Rillaboom|U-turn|p1a: Incineroar
|-damage|p1a: Incineroar|83/100
|
|t:|1756763351
|switch|p2a: Garchomp|Garchomp, L50, M, shiny|100/100|[from] U-turn
|
|-heal|p2b: Electabuzz|7/100|[from] Grassy Terrain
|-heal|p1a: Incineroar|89/100|[from] Grassy Terrain
|upkeep
|turn|8
|inactive|kemaho has 30 seconds left.
|
|t:|1756763378
|move|p1a: Incineroar|Fake Out|p2a: Garchomp
|-damage|p2a: Garchomp|89/100
|-damage|p1a: Incineroar|77/100|[from] ability: Rough Skin|[of] p2a: Garchomp
|move|p2b: Electabuzz|Follow Me|p2b: Electabuzz
|-singleturn|p2b: Electabuzz|move: Follow Me
|cant|p2a: Garchomp|flinch
|move|p1b: Archaludon|Flash Cannon|p2b: Electabuzz
|-damage|p2b: Electabuzz|0 fnt
|faint|p2b: Electabuzz
|
|-heal|p2a: Garchomp|95/100|[from] Grassy Terrain
|-heal|p1a: Incineroar|83/100|[from] Grassy Terrain
|-fieldend|move: Grassy Terrain
|upkeep
|
|t:|1756763380
|switch|p2b: Rillaboom|Rillaboom, L50, F|35/100
|-fieldstart|move: Grassy Terrain|[from] ability: Grassy Surge|[of] p2b: Rillaboom
|turn|9
|
|t:|1756763396
|switch|p1a: Sinistcha|Sinistcha, L50|88/100
|-terastallize|p1b: Archaludon|Fighting
|move|p2b: Rillaboom|Fake Out|p1a: Sinistcha
|-immune|p1a: Sinistcha
|move|p2a: Garchomp|Outrage|p1b: Archaludon
|-damage|p1b: Archaludon|41/100
|-ability|p1b: Archaludon|Stamina|boost
|-boost|p1b: Archaludon|def|1
|move|p1b: Archaludon|Body Press|p2a: Garchomp
|-damage|p2a: Garchomp|36/100
|-damage|p1b: Archaludon|28/100|[from] ability: Rough Skin|[of] p2a: Garchomp
|
|-heal|p2a: Garchomp|42/100|[from] Grassy Terrain
|-heal|p1b: Archaludon|34/100|[from] Grassy Terrain
|-heal|p2b: Rillaboom|41/100|[from] Grassy Terrain
|-heal|p1a: Sinistcha|94/100|[from] Grassy Terrain
|upkeep
|turn|10
|
|t:|1756763418
|move|p1a: Sinistcha|Rage Powder|p1a: Sinistcha
|-singleturn|p1a: Sinistcha|move: Rage Powder
|move|p2b: Rillaboom|Grassy Glide|p1b: Archaludon
|-damage|p1b: Archaludon|12/100
|-ability|p1b: Archaludon|Stamina|boost
|-boost|p1b: Archaludon|def|1
|move|p2a: Garchomp|Outrage|p1a: Sinistcha|[from] lockedmove
|-damage|p1a: Sinistcha|11/100
|-start|p2a: Garchomp|confusion|[fatigue]
|move|p1b: Archaludon|Body Press|p2b: Rillaboom
|-crit|p2b: Rillaboom
|-damage|p2b: Rillaboom|0 fnt
|faint|p2b: Rillaboom
|
|-heal|p2a: Garchomp|48/100|[from] Grassy Terrain
|-heal|p1b: Archaludon|19/100|[from] Grassy Terrain
|-heal|p1a: Sinistcha|17/100|[from] Grassy Terrain
|upkeep
|turn|11
|-message|turbogoddi forfeited.
|
|win|kemaho
||turbogoddi is ready for game 2.
||kemaho is ready for game 2.
|uhtml|next|Next: Game 2 of 3
|l|☆turbogoddi
|player|p2|
