|j|☆FollowBrandn
|j|☆GreyJohn
|html|FollowBrandnGreyJohn    
|uhtml|bestof|Game 2 of a best-of-3
|t:|1784166893
|gametype|doubles
|player|p1|FollowBrandn|unknown|
|player|p2|GreyJohn|blackbelt-gen4dp|
|gen|9
|tier|[Gen 9 Champions] VGC 2026 Reg M-B (Bo3)
|rule|Species Clause: Limit one of each Pokémon
|rule|Item Clause: Limit 1 of each item
|clearpoke
|poke|p1|Metagross, L50|
|poke|p1|Incineroar, L50, F|
|poke|p1|Palafin, L50, M|
|poke|p1|Rotom-Wash, L50, shiny|
|poke|p1|Ariados, L50, M|
|poke|p1|Scrafty, L50, M|
|poke|p2|Vivillon, L50, F|
|poke|p2|Starmie, L50|
|poke|p2|Kangaskhan, L50, F|
|poke|p2|Ceruledge, L50, M|
|poke|p2|Rhyperior, L50, F|
|poke|p2|Decidueye-Hisui, L50, M|
|teampreview|4
|showteam|p1|Metagross||Metagrossite|ClearBody|IronHead,ThunderPunch,StompingTantrum,Protect|Jolly|||||50|]Incineroar||PasshoBerry|Intimidate|FakeOut,FlareBlitz,PartingShot,DarkestLariat|Adamant||F|||50|]Palafin||Leftovers|ZerotoHero|JetPunch,BulkUp,DrainPunch,Taunt|Impish||M|||50|]Rotom-Wash||ChoiceScarf|Levitate|VoltSwitch,Thunderbolt,HydroPump,Trick|Modest|||||50|]Ariados||SitrusBerry|Insomnia|KnockOff,RagePowder,StringShot,Protect|Impish||M|||50|]Scrafty||Scraftinite|Intimidate|FakeOut,KnockOff,DrainPunch,Protect|Careful||M|||50|
|showteam|p2|Vivillon||FocusSash|CompoundEyes|BugBuzz,SleepPowder,Tailwind,RagePowder|Bold||F|||50|]Starmie||Starminite|NaturalCure|Liquidation,ZenHeadbutt,BulkUp,Protect|Jolly|||||50|]Kangaskhan||ExpertBelt|InnerFocus|FakeOut,SuckerPunch,ThunderPunch,Protect|Adamant||F|||50|]Ceruledge||LifeOrb|FlashFire|BitterBlade,ShadowSneak,AllySwitch,Protect|Adamant||M|||50|]Rhyperior||SoftSand|SolidRock|HighHorsepower,StoneEdge,RockSlide,Protect|Adamant||F|||50|]Decidueye-Hisui||ChoiceScarf|Scrappy|TripleArrows,LeafBlade,KnockOff,Uturn|Jolly||M|||50|
|
|t:|1784166975
|teamsize|p1|4
|teamsize|p2|4
|start
|switch|p1a: Incineroar|Incineroar, L50, F|100/100
|switch|p1b: Rotom|Rotom-Wash, L50, shiny|100/100
|switch|p2a: Vivillon|Vivillon, L50, F|100/100
|switch|p2b: Starmie|Starmie, L50|100/100
|-ability|p1a: Incineroar|Intimidate|boost
|-unboost|p2a: Vivillon|atk|1
|-unboost|p2b: Starmie|atk|1
|turn|1
|
|t:|1784167020
|move|p2b: Starmie|Protect|p2b: Starmie
|-singleturn|p2b: Starmie|Protect
|move|p1a: Incineroar|Fake Out|p2a: Vivillon
|-damage|p2a: Vivillon|88/100
|move|p1b: Rotom|Thunderbolt|p2b: Starmie
|-activate|p2b: Starmie|move: Protect
|cant|p2a: Vivillon|flinch
|
|upkeep
|turn|2
|
|t:|1784167038
|detailschange|p2b: Starmie|Starmie-Mega, L50
|-mega|p2b: Starmie|Starmie|Starminite
|move|p1b: Rotom|Thunderbolt|p2a: Vivillon
|-supereffective|p2a: Vivillon|1
|-damage|p2a: Vivillon|0 fnt
|faint|p2a: Vivillon
|move|p2b: Starmie|Liquidation|p1a: Incineroar
|-supereffective|p1a: Incineroar|1
|-enditem|p1a: Incineroar|Passho Berry|[eat]
|-enditem|p1a: Incineroar|Passho Berry|[weaken]
|-damage|p1a: Incineroar|59/100
|move|p1a: Incineroar|Darkest Lariat|p2b: Starmie
|-supereffective|p2b: Starmie|1
|-damage|p2b: Starmie|3/100
|
|upkeep
|
|t:|1784167054
|switch|p2a: Decidueye|Decidueye-Hisui, L50, M|100/100
|turn|3
|
|t:|1784167075
|switch|p2b: Kangaskhan|Kangaskhan, L50, F|100/100
|move|p1b: Rotom|Thunderbolt|p2b: Kangaskhan
|-damage|p2b: Kangaskhan|56/100
|move|p2a: Decidueye|Leaf Blade|p1b: Rotom
|-supereffective|p1b: Rotom|1
|-damage|p1b: Rotom|0 fnt
|faint|p1b: Rotom
|move|p1a: Incineroar|Flare Blitz|p2a: Decidueye
|-supereffective|p2a: Decidueye|1
|-damage|p2a: Decidueye|0 fnt
|faint|p2a: Decidueye
|-damage|p1a: Incineroar|32/100|[from] Recoil
|
|upkeep
|
|t:|1784167097
|switch|p1b: Palafin|Palafin, L50, M|100/100
|switch|p2a: Starmie|Starmie-Mega, L50|3/100
|turn|4
|
|t:|1784167130
|detailschange|p1b: Palafin|Palafin-Hero, L50, M
|switch|p1b: Scrafty|Scrafty, L50, M|100/100
|-ability|p1b: Scrafty|Intimidate|boost
|-unboost|p2a: Starmie|atk|1
|-fail|p2b: Kangaskhan|unboost|Attack|[from] ability: Inner Focus|[of] p2b: Kangaskhan
|move|p2b: Kangaskhan|Fake Out|p1b: Scrafty
|-damage|p1b: Scrafty|82/100
|move|p2a: Starmie|Liquidation|p1a: Incineroar
|-supereffective|p1a: Incineroar|1
|-damage|p1a: Incineroar|0 fnt
|faint|p1a: Incineroar
|
|upkeep
|
|t:|1784167140
|switch|p1a: Palafin|Palafin-Hero, L50, M|100/100
|-activate|p1a: Palafin|ability: Zero to Hero
|turn|5
|
|t:|1784167157
|detailschange|p1b: Scrafty|Scrafty-Mega, L50, M
|-mega|p1b: Scrafty|Scrafty|Scraftinite
|-ability|p1b: Scrafty|Intimidate|boost
|-unboost|p2a: Starmie|atk|1
|-fail|p2b: Kangaskhan|unboost|Attack|[from] ability: Inner Focus|[of] p2b: Kangaskhan
|move|p1a: Palafin|Jet Punch|p2a: Starmie
|-resisted|p2a: Starmie|1
|-damage|p2a: Starmie|0 fnt
|faint|p2a: Starmie
|move|p2b: Kangaskhan|Thunder Punch|p1a: Palafin
|-supereffective|p1a: Palafin|1
|-damage|p1a: Palafin|62/100
|move|p1b: Scrafty|Drain Punch|p2b: Kangaskhan
|-supereffective|p2b: Kangaskhan|1
|-damage|p2b: Kangaskhan|2/100
|-heal|p1b: Scrafty|100/100|[from] drain|[of] p2b: Kangaskhan
|
|-heal|p1a: Palafin|68/100|[from] item: Leftovers
|upkeep
|turn|6
|
|t:|1784167174
|move|p1a: Palafin|Jet Punch|p2b: Kangaskhan
|-damage|p2b: Kangaskhan|0 fnt
|faint|p2b: Kangaskhan
|
|win|FollowBrandn
