|j|☆Steelix is best
|j|☆arcaninebr 2.0
|html|Steelix is bestarcaninebr 2.0    
|uhtml|bestof|Game 2 of a best-of-3
|t:|1756502987
|gametype|doubles
|player|p1|Steelix is best|265|1017
|player|p2|arcaninebr 2.0|1|1000
|gen|9
|tier|[Gen 9] VGC 2025 Reg H (Bo3)
|rated|
|rule|Species Clause: Limit one of each Pokémon
|rule|Item Clause: Limit 1 of each item
|clearpoke
|poke|p1|Ursaluna, L50, F|
|poke|p1|Incineroar, L50, F|
|poke|p1|Annihilape, L50, M|
|poke|p1|Farigiraf, L50, F|
|poke|p1|Smeargle, L50, F|
|poke|p1|Archaludon, L50, M|
|poke|p2|Arcanine, L50, M|
|poke|p2|Electabuzz, L50, F|
|poke|p2|Rillaboom, L50, M|
|poke|p2|Sneasler, L50, M|
|poke|p2|Annihilape, L50, M|
|poke|p2|Dragonite, L50, M|
|teampreview|4
|showteam|p1|Ursaluna||FlameOrb|Guts|Facade,Protect,HeadlongRush,CloseCombat|||F|||50|,,,,,Ghost]Incineroar||SafetyGoggles|Intimidate|KnockOff,PartingShot,FakeOut,FlareBlitz|||F|||50|,,,,,Ghost]Annihilape||ChoiceScarf|Defiant|FinalGambit,RageFist,CloseCombat,TeraBlast|||M|||50|,,,,,Dark]Farigiraf||ThroatSpray|ArmorTail|TrickRoom,HyperVoice,HelpingHand,Protect|||F|||50|,,,,,Normal]Smeargle||FocusSash|Moody|SpikyShield,FakeOut,Ruination,Spore|||F|||50|,,,,,Normal]Archaludon||SitrusBerry|Stamina|BodyPress,Protect,IronDefense,DracoMeteor|||M|||50|,,,,,Ghost
|showteam|p2|Arcanine||RockyHelmet|Intimidate|HeatWave,Snarl,Protect,WillOWisp|||M|||50|,,,,,Grass]Electabuzz||Eviolite|VitalSpirit|Protect,Taunt,Electroweb,FollowMe|||F|||50|,,,,,Electric]Rillaboom||AssaultVest|GrassySurge|WoodHammer,HighHorsepower,FakeOut,GrassyGlide|||M|||50|,,,,,Grass]Sneasler||GrassySeed|Unburden|CloseCombat,DireClaw,ThroatChop,FakeOut|||M|||50|,,,,,Dark]Annihilape||SafetyGoggles|Defiant|RageFist,CloseCombat,Taunt,Protect|||M|||50|,,,,,Fighting]Dragonite||LoadedDice|Multiscale|ScaleShot,ExtremeSpeed,StompingTantrum,Protect|||M|||50|,,,,,Normal
|inactive|Battle timer is ON: inactive players will automatically lose when time's up. (requested by Steelix is best)
|
|t:|1756503011
|teamsize|p1|4
|teamsize|p2|4
|start
|switch|p1a: Smeargle|Smeargle, L50, F|100/100
|switch|p1b: Archaludon|Archaludon, L50, M|100/100
|switch|p2a: Rillaboom|Rillaboom, L50, M|100/100
|switch|p2b: Sneasler|Sneasler, L50, M|100/100
|-fieldstart|move: Grassy Terrain|[from] ability: Grassy Surge|[of] p2a: Rillaboom
|-enditem|p2b: Sneasler|Grassy Seed
|-boost|p2b: Sneasler|def|1|[from] item: Grassy Seed
|turn|1
|
|t:|1756503028
|-terastallize|p2a: Rillaboom|Grass
|move|p1a: Smeargle|Fake Out|p2b: Sneasler
|-damage|p2b: Sneasler|95/100
|move|p2a: Rillaboom|Grassy Glide|p1a: Smeargle
|-damage|p1a: Smeargle|21/100
|cant|p2b: Sneasler|flinch
|move|p1b: Archaludon|Body Press|p2b: Sneasler
|-resisted|p2b: Sneasler
|-damage|p2b: Sneasler|77/100
|
|-heal|p2b: Sneasler|83/100|[from] Grassy Terrain
|-heal|p1a: Smeargle|28/100|[from] Grassy Terrain
|-ability|p1a: Smeargle|Moody|boost
|-boost|p1a: Smeargle|atk|2
|-unboost|p1a: Smeargle|def|1
|upkeep
|turn|2
|inactive|Steelix is best has 30 seconds left.
|
|t:|1756503058
|-terastallize|p1b: Archaludon|Ghost
|move|p1a: Smeargle|Spiky Shield|p1a: Smeargle
|-singleturn|p1a: Smeargle|move: Protect
|move|p2a: Rillaboom|Grassy Glide|p1a: Smeargle
|-activate|p1a: Smeargle|move: Protect
|-damage|p2a: Rillaboom|88/100|[from] Spiky Shield|[of] p1a: Smeargle
|move|p2b: Sneasler|Close Combat|p1b: Archaludon
|-immune|p1b: Archaludon
|move|p1b: Archaludon|Draco Meteor|p2b: Sneasler|[miss]
|-miss|p1b: Archaludon|p2b: Sneasler
|
|-heal|p2b: Sneasler|89/100|[from] Grassy Terrain
|-heal|p2a: Rillaboom|94/100|[from] Grassy Terrain
|-heal|p1a: Smeargle|34/100|[from] Grassy Terrain
|-ability|p1a: Smeargle|Moody|boost
|-boost|p1a: Smeargle|spd|2
|-unboost|p1a: Smeargle|spa|1
|upkeep
|turn|3
|
|t:|1756503079
|move|p1b: Archaludon|Protect|p1b: Archaludon
|-singleturn|p1b: Archaludon|Protect
|move|p2b: Sneasler|Dire Claw|p1a: Smeargle
|-damage|p1a: Smeargle|0 fnt
|faint|p1a: Smeargle
|move|p2a: Rillaboom|Wood Hammer|p1b: Archaludon
|-activate|p1b: Archaludon|move: Protect
|
|-heal|p2b: Sneasler|95/100|[from] Grassy Terrain
|-heal|p2a: Rillaboom|100/100|[from] Grassy Terrain
|upkeep
|
|t:|1756503083
|switch|p1a: Incineroar|Incineroar, L50, F|100/100
|-ability|p1a: Incineroar|Intimidate|boost
|-unboost|p2a: Rillaboom|atk|1
|-unboost|p2b: Sneasler|atk|1
|turn|4
|
|t:|1756503108
|switch|p2a: Arcanine|Arcanine, L50, M|100/100
|-ability|p2a: Arcanine|Intimidate|boost
|-unboost|p1a: Incineroar|atk|1
|-unboost|p1b: Archaludon|atk|1
|move|p1a: Incineroar|Fake Out|p2b: Sneasler
|-crit|p2b: Sneasler
|-damage|p2b: Sneasler|65/100
|cant|p2b: Sneasler|flinch
|move|p1b: Archaludon|Draco Meteor|p2b: Sneasler
|-damage|p2b: Sneasler|0 fnt
|-unboost|p1b: Archaludon|spa|2
|faint|p2b: Sneasler
|
|upkeep
|
|t:|1756503122
|switch|p2b: Annihilape|Annihilape, L50, M|100/100
|turn|5
|inactive|Steelix is best has 30 seconds left.
|inactive|Steelix is best has 20 seconds left.
|
|t:|1756503157
|move|p1b: Archaludon|Protect|p1b: Archaludon
|-singleturn|p1b: Archaludon|Protect
|move|p2b: Annihilape|Rage Fist|p1b: Archaludon
|-activate|p1b: Archaludon|move: Protect
|move|p2a: Arcanine|Snarl|p1b: Archaludon|[spread] p1a
|-activate|p1b: Archaludon|move: Protect
|-resisted|p1a: Incineroar
|-damage|p1a: Incineroar|96/100
|-unboost|p1a: Incineroar|spa|1
|move|p1a: Incineroar|Knock Off|p2b: Annihilape
|-damage|p2b: Annihilape|73/100
|-enditem|p2b: Annihilape|Safety Goggles|[from] move: Knock Off|[of] p1a: Incineroar
|
|-heal|p2b: Annihilape|79/100|[from] Grassy Terrain
|-heal|p1a: Incineroar|100/100|[from] Grassy Terrain
|-fieldend|move: Grassy Terrain
|upkeep
|turn|6
|inactive|arcaninebr 2.0 has 30 seconds left.
|inactive|arcaninebr 2.0 has 20 seconds left.
|
|t:|1756503194
|switch|p1b: Farigiraf|Farigiraf, L50, F|100/100
|move|p2b: Annihilape|Rage Fist|p1b: Farigiraf
|-immune|p1b: Farigiraf
|move|p2a: Arcanine|Snarl|p1b: Farigiraf|[spread] p1a,p1b
|-resisted|p1a: Incineroar
|-supereffective|p1b: Farigiraf
|-damage|p1a: Incineroar|96/100
|-damage|p1b: Farigiraf|79/100
|-unboost|p1a: Incineroar|spa|1
|-unboost|p1b: Farigiraf|spa|1
|move|p1a: Incineroar|Flare Blitz|p2b: Annihilape
|-damage|p2b: Annihilape|41/100
|-damage|p1a: Incineroar|81/100|[from] Recoil
|
|upkeep
|turn|7
|inactive|Steelix is best has 30 seconds left.
|
|t:|1756503220
|move|p1b: Farigiraf|Helping Hand|p1a: Incineroar
|-singleturn|p1a: Incineroar|Helping Hand|[of] p1b: Farigiraf
|move|p2b: Annihilape|Close Combat|p1a: Incineroar
|-supereffective|p1a: Incineroar
|-damage|p1a: Incineroar|0 fnt
|-unboost|p2b: Annihilape|def|1
|-unboost|p2b: Annihilape|spd|1
|faint|p1a: Incineroar
|move|p2a: Arcanine|Snarl|p1b: Farigiraf
|-supereffective|p1b: Farigiraf
|-damage|p1b: Farigiraf|49/100
|-unboost|p1b: Farigiraf|spa|1
|
|upkeep
|
|t:|1756503225
|switch|p1a: Archaludon|Archaludon, L50, M, tera:Ghost|100/100
|turn|8
|
|t:|1756503237
|move|p1a: Archaludon|Protect|p1a: Archaludon
|-singleturn|p1a: Archaludon|Protect
|move|p2b: Annihilape|Rage Fist|p1a: Archaludon
|-activate|p1a: Archaludon|move: Protect
|move|p2a: Arcanine|Snarl|p1a: Archaludon|[spread] p1b
|-activate|p1a: Archaludon|move: Protect
|-supereffective|p1b: Farigiraf
|-damage|p1b: Farigiraf|29/100
|-unboost|p1b: Farigiraf|spa|1
|move|p1b: Farigiraf|Trick Room|p1b: Farigiraf
|-fieldstart|move: Trick Room|[of] p1b: Farigiraf
|
|upkeep
|turn|9
|
|t:|1756503258
|move|p2b: Annihilape|Protect|p2b: Annihilape
|-singleturn|p2b: Annihilape|Protect
|move|p1b: Farigiraf|Hyper Voice|p2b: Annihilape|[spread] p2a
|-activate|p2b: Annihilape|move: Protect
|-damage|p2a: Arcanine|90/100
|-enditem|p1b: Farigiraf|Throat Spray
|-boost|p1b: Farigiraf|spa|1|[from] item: Throat Spray
|move|p1a: Archaludon|Draco Meteor|p2b: Annihilape
|-activate|p2b: Annihilape|move: Protect
|move|p2a: Arcanine|Snarl|p1a: Archaludon|[spread] p1a,p1b
|-supereffective|p1a: Archaludon
|-supereffective|p1b: Farigiraf
|-damage|p1a: Archaludon|73/100
|-damage|p1b: Farigiraf|6/100
|-unboost|p1a: Archaludon|spa|1
|-unboost|p1b: Farigiraf|spa|1
|-ability|p1a: Archaludon|Stamina|boost
|-boost|p1a: Archaludon|def|1
|
|upkeep
|turn|10
|
|t:|1756503286
|switch|p2b: Rillaboom|Rillaboom, L50, M, tera:Grass|100/100
|-fieldstart|move: Grassy Terrain|[from] ability: Grassy Surge|[of] p2b: Rillaboom
|move|p1b: Farigiraf|Protect|p1b: Farigiraf
|-singleturn|p1b: Farigiraf|Protect
|move|p1a: Archaludon|Draco Meteor|p2b: Rillaboom
|-damage|p2b: Rillaboom|69/100
|-unboost|p1a: Archaludon|spa|2
|move|p2a: Arcanine|Snarl|p1b: Farigiraf|[spread] p1a
|-activate|p1b: Farigiraf|move: Protect
|-supereffective|p1a: Archaludon
|-damage|p1a: Archaludon|49/100
|-unboost|p1a: Archaludon|spa|1
|-ability|p1a: Archaludon|Stamina|boost
|-boost|p1a: Archaludon|def|1
|-enditem|p1a: Archaludon|Sitrus Berry|[eat]
|-heal|p1a: Archaludon|73/100|[from] item: Sitrus Berry
|
|-heal|p1b: Farigiraf|12/100|[from] Grassy Terrain
|-heal|p1a: Archaludon|79/100|[from] Grassy Terrain
|-heal|p2a: Arcanine|96/100|[from] Grassy Terrain
|-heal|p2b: Rillaboom|75/100|[from] Grassy Terrain
|upkeep
|turn|11
|inactive|arcaninebr 2.0 has 30 seconds left.
|
|t:|1756503321
|move|p1b: Farigiraf|Hyper Voice|p2a: Arcanine|[spread] p2a,p2b
|-damage|p2a: Arcanine|86/100
|-damage|p2b: Rillaboom|66/100
|move|p1a: Archaludon|Body Press|p2a: Arcanine
|-damage|p2a: Arcanine|24/100
|-damage|p1a: Archaludon|63/100|[from] item: Rocky Helmet|[of] p2a: Arcanine
|move|p2a: Arcanine|Snarl|p1a: Archaludon|[spread] p1a
|-miss|p2a: Arcanine|p1b: Farigiraf
|-supereffective|p1a: Archaludon
|-damage|p1a: Archaludon|39/100
|-unboost|p1a: Archaludon|spa|1
|-ability|p1a: Archaludon|Stamina|boost
|-boost|p1a: Archaludon|def|1
|move|p2b: Rillaboom|Wood Hammer|p1a: Archaludon
|-damage|p1a: Archaludon|13/100
|-ability|p1a: Archaludon|Stamina|boost
|-boost|p1a: Archaludon|def|1
|-damage|p2b: Rillaboom|58/100|[from] Recoil
|
|-heal|p1b: Farigiraf|18/100|[from] Grassy Terrain
|-heal|p1a: Archaludon|19/100|[from] Grassy Terrain
|-heal|p2a: Arcanine|30/100|[from] Grassy Terrain
|-heal|p2b: Rillaboom|64/100|[from] Grassy Terrain
|upkeep
|turn|12
|inactive|arcaninebr 2.0 has 30 seconds left.
|
|t:|1756503347
|move|p1a: Archaludon|Protect|p1a: Archaludon
|-singleturn|p1a: Archaludon|Protect
|move|p2b: Rillaboom|Grassy Glide||[still]
|cant|p1b: Farigiraf|ability: Armor Tail|Grassy Glide|[of] p2b: Rillaboom
|move|p1b: Farigiraf|Hyper Voice|p2a: Arcanine|[spread] p2a,p2b
|-damage|p2a: Arcanine|20/100
|-damage|p2b: Rillaboom|54/100
|move|p2a: Arcanine|Snarl|p1a: Archaludon|[spread] p1b
|-activate|p1a: Archaludon|move: Protect
|-supereffective|p1b: Farigiraf
|-damage|p1b: Farigiraf|0 fnt
|faint|p1b: Farigiraf
|
|-heal|p1a: Archaludon|25/100|[from] Grassy Terrain
|-heal|p2a: Arcanine|26/100|[from] Grassy Terrain
|-heal|p2b: Rillaboom|60/100|[from] Grassy Terrain
|-fieldend|move: Trick Room
|upkeep
|turn|13
|
|t:|1756503363
|move|p2b: Rillaboom|Wood Hammer|p1a: Archaludon
|-damage|p1a: Archaludon|0 fnt
|faint|p1a: Archaludon
|-damage|p2b: Rillaboom|53/100|[from] Recoil
|
|win|arcaninebr 2.0
||Steelix is best is ready for game 3.
||arcaninebr 2.0 is ready for game 3.
|uhtml|next|Next: Game 3 of 3
|l|☆Steelix is best
|player|p1|
