|j|☆B0mb3r6969
|j|☆RegiSIXSEVEN
|html|B0mb3r6969RegiSIXSEVEN    
|uhtml|bestof|Game 2 of a best-of-3
|t:|1784797702
|gametype|doubles
|player|p1|B0mb3r6969|cynthia-gen4|1121
|player|p2|RegiSIXSEVEN|steven|1166
|gen|9
|tier|[Gen 9 Champions] VGC 2026 Reg M-B (Bo3)
|rated|
|rule|Species Clause: Limit one of each Pokémon
|rule|Item Clause: Limit 1 of each item
|clearpoke
|poke|p1|Araquanid, L50, M|
|poke|p1|Heliolisk, L50, F|
|poke|p1|Delphox, L50, F|
|poke|p1|Swampert, L50, F|
|poke|p1|Altaria, L50, M|
|poke|p1|Meowstic, L50, M|
|poke|p2|Gengar, L50, F, shiny|
|poke|p2|Swampert, L50, M, shiny|
|poke|p2|Incineroar, L50, F, shiny|
|poke|p2|Politoed, L50, F, shiny|
|poke|p2|Archaludon, L50, M, shiny|
|poke|p2|Vivillon-Elegant, L50, F, shiny|
|teampreview|4
|showteam|p1|Araquanid||Leftovers|WaterBubble|SkitterSmack,LeechLife,Liquidation,Protect|Adamant||M|||50|]Heliolisk||ChoiceScarf|DrySkin|GrassKnot,Thunderbolt,VoltSwitch,Electrify|Timid||F|||50|]Delphox||Delphoxite|Blaze|Protect,ExpandingForce,NastyPlot,HeatWave|Timid||F|||50|]Swampert||Swampertite|Damp|HighHorsepower,IcePunch,Liquidation,PoisonJab|Adamant||F|||50|]Altaria||RoseliBerry|CloudNine|CottonGuard,DualWingbeat,Tailwind,Flamethrower|Timid||M|||50|]Meowstic||ScopeLens|Prankster|Reflect,Charm,ExpandingForce,PsychicTerrain|Bold||M|||50|
|showteam|p2|Gengar||Gengarite|CursedBody|ShadowBall,SludgeBomb,PerishSong,Protect|Timid||F|||50|]Swampert||Swampertite|Damp|WaveCrash,Earthquake,IcePunch,Protect|Adamant||M|||50|]Incineroar||PasshoBerry|Intimidate|FakeOut,ThroatChop,PartingShot,Protect|Sassy||F|||50|]Politoed||SitrusBerry|Drizzle|WeatherBall,Encore,PerishSong,Protect|Calm||F|||50|]Archaludon||Leftovers|Stamina|DragonPulse,FlashCannon,ElectroShot,Protect|Bold||M|||50|]Vivillon-Elegant||FocusSash|CompoundEyes|Hurricane,SleepPowder,RagePowder,Protect|Timid||F|||50|
|inactive|Battle timer is ON: inactive players will automatically lose when time's up. (requested by B0mb3r6969)
|inactive|RegiSIXSEVEN also wants the timer to be on.
|inactive|B0mb3r6969 has 60 seconds left.
|
|t:|1784797733
|teamsize|p1|4
|teamsize|p2|4
|start
|switch|p1a: Heliolisk|Heliolisk, L50, F|100/100
|switch|p1b: Swampert|Swampert, L50, F|100/100
|switch|p2a: Gengar|Gengar, L50, F, shiny|100/100
|switch|p2b: Vivillon|Vivillon-Elegant, L50, F, shiny|100/100
|turn|1
|inactive|B0mb3r6969 has 30 seconds left.
|
|t:|1784797767
|detailschange|p2a: Gengar|Gengar-Mega, L50, F, shiny
|-mega|p2a: Gengar|Gengar|Gengarite
|move|p1a: Heliolisk|Volt Switch|p2b: Vivillon
|-supereffective|p2b: Vivillon|1
|-enditem|p2b: Vivillon|Focus Sash
|-damage|p2b: Vivillon|1/100
|
|t:|1784797774
|switch|p1a: Altaria|Altaria, L50, M|100/100|[from] Volt Switch
|-ability|p1a: Altaria|Cloud Nine
|move|p2a: Gengar|Perish Song|p2a: Gengar
|-start|p1a: Altaria|perish3|[silent]
|-start|p1b: Swampert|perish3|[silent]
|-start|p2a: Gengar|perish3|[silent]
|-start|p2b: Vivillon|perish3|[silent]
|-fieldactivate|move: Perish Song
|move|p2b: Vivillon|Sleep Powder|p1b: Swampert
|-status|p1b: Swampert|slp|[from] move: Sleep Powder
|cant|p1b: Swampert|slp
|
|-start|p2a: Gengar|perish3
|-start|p2b: Vivillon|perish3
|-start|p1a: Altaria|perish3
|-start|p1b: Swampert|perish3
|upkeep
|turn|2
|inactive|B0mb3r6969 has 30 seconds left.
|inactive|RegiSIXSEVEN has 30 seconds left.
|
|t:|1784797807
|move|p2a: Gengar|Shadow Ball|p1b: Swampert
|-crit|p1b: Swampert
|-damage|p1b: Swampert|25/100 slp
|move|p2b: Vivillon|Sleep Powder|p1a: Altaria
|-status|p1a: Altaria|slp|[from] move: Sleep Powder
|cant|p1a: Altaria|slp
|-curestatus|p1b: Swampert|slp|[msg]
|move|p1b: Swampert|High Horsepower|p2a: Gengar
|-supereffective|p2a: Gengar|1
|-crit|p2a: Gengar
|-damage|p2a: Gengar|0 fnt
|faint|p2a: Gengar
|
|-start|p2b: Vivillon|perish2
|-start|p1a: Altaria|perish2
|-start|p1b: Swampert|perish2
|upkeep
|
|t:|1784797815
|switch|p2a: Archaludon|Archaludon, L50, M, shiny|100/100
|turn|3
|
|t:|1784797836
|move|p2b: Vivillon|Hurricane|p1b: Swampert
|-damage|p1b: Swampert|0 fnt
|faint|p1b: Swampert
|cant|p1a: Altaria|slp
|move|p2a: Archaludon|Dragon Pulse|p1a: Altaria
|-supereffective|p1a: Altaria|1
|-damage|p1a: Altaria|28/100 slp
|
|-start|p2b: Vivillon|perish1
|-start|p1a: Altaria|perish1
|upkeep
|
|t:|1784797849
|switch|p1b: Delphox|Delphox, L50, F|100/100
|turn|4
|
|t:|1784797867
|switch|p2b: Politoed|Politoed, L50, F, shiny|100/100
|-weather|RainDance|[from] ability: Drizzle|[of] p2b: Politoed
|detailschange|p1b: Delphox|Delphox-Mega, L50, F
|-mega|p1b: Delphox|Delphox|Delphoxite
|move|p2a: Archaludon|Protect|p2a: Archaludon
|-singleturn|p2a: Archaludon|Protect
|move|p1b: Delphox|Heat Wave|p2a: Archaludon|[spread] p2b
|-activate|p2a: Archaludon|move: Protect
|-resisted|p2b: Politoed|1
|-damage|p2b: Politoed|82/100
|-status|p2b: Politoed|brn
|-curestatus|p1a: Altaria|slp|[msg]
|move|p1a: Altaria|Dual Wingbeat|p2b: Politoed
|-damage|p2b: Politoed|74/100 brn
|-damage|p2b: Politoed|65/100 brn
|-hitcount|p2b: Politoed|2
|
|-weather|RainDance|[upkeep]
|-damage|p2b: Politoed|59/100 brn|[from] brn
|-start|p1a: Altaria|perish0
|faint|p1a: Altaria
|upkeep
|
|t:|1784797889
|switch|p1a: Heliolisk|Heliolisk, L50, F|100/100
|turn|5
|
|t:|1784797908
|move|p1a: Heliolisk|Thunderbolt|p2a: Archaludon
|-resisted|p2a: Archaludon|1
|-damage|p2a: Archaludon|81/100
|-ability|p2a: Archaludon|Stamina|boost
|-boost|p2a: Archaludon|def|1
|move|p1b: Delphox|Expanding Force|p2b: Politoed
|-crit|p2b: Politoed
|-damage|p2b: Politoed|5/100 brn
|-enditem|p2b: Politoed|Sitrus Berry|[eat]
|-heal|p2b: Politoed|29/100 brn|[from] item: Sitrus Berry
|move|p2a: Archaludon|Electro Shot||[still]
|-prepare|p2a: Archaludon|Electro Shot
|-boost|p2a: Archaludon|spa|1
|-anim|p2a: Archaludon|Electro Shot|p1b: Delphox
|-damage|p1b: Delphox|44/100
|move|p2b: Politoed|Perish Song|p2b: Politoed
|-start|p1a: Heliolisk|perish3|[silent]
|-start|p1b: Delphox|perish3|[silent]
|-start|p2a: Archaludon|perish3|[silent]
|-start|p2b: Politoed|perish3|[silent]
|-fieldactivate|move: Perish Song
|
|-weather|RainDance|[upkeep]
|-heal|p2a: Archaludon|87/100|[from] item: Leftovers
|-damage|p2b: Politoed|23/100 brn|[from] brn
|-start|p1a: Heliolisk|perish3
|-start|p1b: Delphox|perish3
|-start|p2a: Archaludon|perish3
|-start|p2b: Politoed|perish3
|upkeep
|turn|6
|-message|B0mb3r6969 forfeited.
|raw|B0mb3r6969's rating: 1121 → 1099(-22 for losing)
|raw|RegiSIXSEVEN's rating: 1166 → 1188(+22 for winning)
|
|win|RegiSIXSEVEN
|l|☆B0mb3r6969
|player|p1|
