|j|☆rudrigon
|j|☆Astano
|html|rudrigonAstano    
|uhtml|bestof|Game 2 of a best-of-3
|t:|1783064740
|gametype|doubles
|player|p1|rudrigon|169|1114
|player|p2|Astano|265|1089
|gen|9
|tier|[Gen 9 Champions] VGC 2026 Reg M-B (Bo3)
|rated|
|rule|Species Clause: Limit one of each Pokémon
|rule|Item Clause: Limit 1 of each item
|clearpoke
|poke|p1|Liepard, L50, F|
|poke|p1|Ceruledge, L50, M|
|poke|p1|Sneasler, L50, F|
|poke|p1|Milotic, L50, M|
|poke|p1|Archaludon, L50, F|
|poke|p1|Ninetales-Alola, L50, F|
|poke|p2|Swampert, L50, M|
|poke|p2|Sableye, L50, M|
|poke|p2|Archaludon, L50, M|
|poke|p2|Pelipper, L50, F|
|poke|p2|Sylveon, L50, M|
|poke|p2|Venusaur, L50, M|
|teampreview|4
|showteam|p1|Liepard||FocusSash|Prankster|FakeOut,Encore,Swagger,RainDance|Jolly||F|||50|]Ceruledge||ColburBerry|FlashFire|BulkUp,ShadowSneak,BitterBlade,Protect|Adamant||M|||50|]Sneasler||LumBerry|Unburden|FakeOut,CloseCombat,DireClaw,Protect|Jolly||F|||50|]Milotic||Leftovers|Competitive|Coil,Hypnosis,MuddyWater,Recover|Calm||M|||50|]Archaludon||ChopleBerry|Stamina|ElectroShot,DragonPulse,FlashCannon,Protect|Calm||F|||50|]Ninetales-Alola||NeverMeltIce|SnowWarning|FreezeDry,Blizzard,Encore,Protect|Timid||F|||50|
|showteam|p2|Swampert||Swampertite|Torrent|Protect,WaveCrash,Earthquake,HighHorsepower|Adamant||M|||50|]Sableye||LightClay|Prankster|Encore,Reflect,LightScreen,RainDance|Bold||M|||50|]Archaludon||Leftovers|Stamina|Protect,DragonPulse,FlashCannon,ElectroShot|Modest||M|||50|]Pelipper||SitrusBerry|Drizzle|Protect,WeatherBall,Hurricane,Tailwind|Bold||F|||50|]Sylveon||FairyFeather|Pixilate|Detect,HyperVoice,Moonblast,QuickAttack|Modest||M|||50|]Venusaur||Venusaurite|Overgrow|Protect,GigaDrain,SludgeBomb,EarthPower|Modest||M|||50|
|inactive|Battle timer is ON: inactive players will automatically lose when time's up. (requested by Astano)
|inactive|rudrigon has 60 seconds left.
|
|t:|1783064789
|teamsize|p1|4
|teamsize|p2|4
|start
|switch|p1a: Sneasler|Sneasler, L50, F|100/100
|switch|p1b: Milotic|Milotic, L50, M|100/100
|switch|p2a: Swampert|Swampert, L50, M|100/100
|switch|p2b: Pelipper|Pelipper, L50, F|100/100
|-weather|RainDance|[from] ability: Drizzle|[of] p2b: Pelipper
|turn|1
|
|t:|1783064801
|switch|p1b: Ninetales|Ninetales-Alola, L50, F|100/100
|-weather|Snowscape|[from] ability: Snow Warning|[of] p1b: Ninetales
|switch|p2b: Sableye|Sableye, L50, M|100/100
|detailschange|p2a: Swampert|Swampert-Mega, L50, M
|-mega|p2a: Swampert|Swampert|Swampertite
|move|p1a: Sneasler|Protect|p1a: Sneasler
|-singleturn|p1a: Sneasler|Protect
|move|p2a: Swampert|Protect||[still]
|-fail|p2a: Swampert
|
|-weather|Snowscape|[upkeep]
|upkeep
|turn|2
|
|t:|1783064826
|switch|p1a: Milotic|Milotic, L50, M|100/100
|switch|p2b: Pelipper|Pelipper, L50, F|100/100
|-weather|RainDance|[from] ability: Drizzle|[of] p2b: Pelipper
|move|p2a: Swampert|Wave Crash|p1b: Ninetales
|-damage|p1b: Ninetales|0 fnt
|faint|p1b: Ninetales
|-damage|p2a: Swampert|73/100|[from] Recoil
|
|-weather|RainDance|[upkeep]
|upkeep
|
|t:|1783064847
|switch|p1b: Archaludon|Archaludon, L50, F|100/100
|turn|3
|
|t:|1783064861
|move|p1b: Archaludon|Protect|p1b: Archaludon
|-singleturn|p1b: Archaludon|Protect
|move|p2a: Swampert|Earthquake|p1a: Milotic|[spread] p1a
|-activate|p1b: Archaludon|move: Protect
|-immune|p2b: Pelipper
|-damage|p1a: Milotic|56/100
|move|p1a: Milotic|Coil|p1a: Milotic
|-boost|p1a: Milotic|atk|1
|-boost|p1a: Milotic|def|1
|-boost|p1a: Milotic|accuracy|1
|move|p2b: Pelipper|Hurricane|p1a: Milotic
|-damage|p1a: Milotic|30/100
|
|-weather|RainDance|[upkeep]
|-heal|p1a: Milotic|36/100|[from] item: Leftovers
|upkeep
|turn|4
|
|t:|1783064881
|move|p2a: Swampert|Earthquake|p1a: Milotic|[spread] p1a,p1b
|-immune|p2b: Pelipper
|-supereffective|p1b: Archaludon|1
|-damage|p1a: Milotic|7/100
|-damage|p1b: Archaludon|35/100
|-ability|p1b: Archaludon|Stamina|boost
|-boost|p1b: Archaludon|def|1
|move|p1b: Archaludon|Electro Shot||[still]
|-prepare|p1b: Archaludon|Electro Shot
|-boost|p1b: Archaludon|spa|1
|-anim|p1b: Archaludon|Electro Shot|p2b: Pelipper
|-supereffective|p2b: Pelipper|2
|-damage|p2b: Pelipper|0 fnt
|faint|p2b: Pelipper
|move|p1a: Milotic|Recover|p1a: Milotic
|-heal|p1a: Milotic|57/100
|
|-weather|RainDance|[upkeep]
|-heal|p1a: Milotic|63/100|[from] item: Leftovers
|upkeep
|
|t:|1783064889
|switch|p2b: Sableye|Sableye, L50, M|100/100
|turn|5
|
|t:|1783064897
|move|p1b: Archaludon|Protect|p1b: Archaludon
|-singleturn|p1b: Archaludon|Protect
|move|p2b: Sableye|Encore|p1a: Milotic
|-start|p1a: Milotic|Encore
|move|p2a: Swampert|High Horsepower|p1b: Archaludon
|-activate|p1b: Archaludon|move: Protect
|move|p1a: Milotic|Recover|p1a: Milotic
|-heal|p1a: Milotic|100/100
|
|-weather|RainDance|[upkeep]
|upkeep
|turn|6
|
|t:|1783064914
|switch|p2b: Archaludon|Archaludon, L50, M|100/100
|move|p2a: Swampert|High Horsepower|p1b: Archaludon
|-supereffective|p1b: Archaludon|1
|-damage|p1b: Archaludon|0 fnt
|faint|p1b: Archaludon
|move|p1a: Milotic|Recover||[still]
|-fail|p1a: Milotic|heal
|
|-weather|none
|upkeep
|
|t:|1783064917
|switch|p1b: Sneasler|Sneasler, L50, F|100/100
|turn|7
|
|t:|1783064923
|switch|p2a: Sableye|Sableye, L50, M|100/100
|move|p1b: Sneasler|Fake Out|p2a: Sableye
|-immune|p2a: Sableye
|move|p2b: Archaludon|Dragon Pulse|p1b: Sneasler
|-damage|p1b: Sneasler|42/100
|move|p1a: Milotic|Recover||[still]
|-fail|p1a: Milotic|heal
|
|-end|p1a: Milotic|Encore
|upkeep
|turn|8
|
|t:|1783064934
|switch|p2b: Swampert|Swampert-Mega, L50, M|73/100
|move|p2a: Sableye|Encore|p1a: Milotic
|-start|p1a: Milotic|Encore
|move|p1b: Sneasler|Close Combat|p2b: Swampert
|-damage|p2b: Swampert|18/100
|-unboost|p1b: Sneasler|def|1
|-unboost|p1b: Sneasler|spd|1
|move|p1a: Milotic|Recover||[still]
|-fail|p1a: Milotic|heal
|
|upkeep
|turn|9
|
|t:|1783064942
|move|p2a: Sableye|Rain Dance|p2a: Sableye
|-weather|RainDance
|move|p2b: Swampert|Earthquake|p1b: Sneasler|[spread] p2a,p1a,p1b
|-supereffective|p1b: Sneasler|1
|-damage|p2a: Sableye|42/100
|-damage|p1a: Milotic|71/100
|-damage|p1b: Sneasler|0 fnt
|faint|p1b: Sneasler
|move|p1a: Milotic|Recover|p1a: Milotic
|-heal|p1a: Milotic|100/100
|
|-weather|RainDance|[upkeep]
|upkeep
|turn|10
|-message|rudrigon forfeited.
|
|win|Astano
|raw|rudrigon's rating: 1114 → 1087(-27 for losing)
|raw|Astano's rating: 1089 → 1118(+29 for winning)
