|j|☆MoldyDolphin
|j|☆ming0mang0
|html|MoldyDolphinming0mang0    
|uhtml|bestof|Game 3 of a best-of-3
|t:|1756853225
|gametype|doubles
|player|p1|MoldyDolphin|marlon|1127
|player|p2|ming0mang0|harlequin|1086
|gen|9
|tier|[Gen 9] VGC 2025 Reg H (Bo3)
|rated|
|rule|Species Clause: Limit one of each Pokémon
|rule|Item Clause: Limit 1 of each item
|clearpoke
|poke|p1|Dragonite, L50, M|
|poke|p1|Clefable, L50, M|
|poke|p1|Dondozo, L50, M|
|poke|p1|Annihilape, L50, F|
|poke|p1|Kingambit, L50, F|
|poke|p1|Tatsugiri, L50, M|
|poke|p2|Excadrill, L50, M|
|poke|p2|Tyranitar, L50, M|
|poke|p2|Sneasler, L50, F|
|poke|p2|Indeedee, L50, M|
|poke|p2|Corviknight, L50, M|
|poke|p2|Annihilape, L50, F|
|teampreview|4
|showteam|p1|Dragonite||AssaultVest|InnerFocus|StompingTantrum,ExtremeSpeed,IceSpinner,TeraBlast|||M|||50|,,,,,Flying]Clefable||SafetyGoggles|Unaware|Moonblast,Protect,HelpingHand,FollowMe|||M|||50|,,,,,Steel]Dondozo||Leftovers|Unaware|Earthquake,WaveCrash,Protect,OrderUp|||M|||50|,,,,,Grass]Annihilape||ChoiceScarf|Defiant|FinalGambit,CloseCombat,Coaching,Uturn|||F|||50|,,,,,Grass]Kingambit||BlackGlasses|Defiant|Protect,SuckerPunch,IronHead,KowtowCleave|||F|||50|,,,,,Dark]Tatsugiri||FocusSash|Commander|DracoMeteor,Protect,Taunt,MuddyWater|||M|||50|,,,,,Steel
|showteam|p2|Excadrill||FocusSash|SandRush|IronHead,HighHorsepower,Earthquake,Protect|||M|||50|,,,,,Stellar]Tyranitar||AssaultVest|SandStream|RockSlide,KnockOff,TeraBlast,LowKick|||M|||50|,,,,,Flying]Sneasler||PsychicSeed|Unburden|DireClaw,CloseCombat,ThroatChop,Protect|||F|||50|,,,,,Dark]Indeedee||ChoiceScarf|PsychicSurge|ExpandingForce,TeraBlast,Protect,Trick|||M|||50|,,,,,Psychic]Corviknight||Leftovers|MirrorArmor|BraveBird,BulkUp,Roost,Tailwind|||M|||50|,,,,,Dragon]Annihilape||SafetyGoggles|Defiant|CloseCombat,FinalGambit,RageFist,Taunt|||F|||50|,,,,,Water
|inactive|Battle timer is ON: inactive players will automatically lose when time's up. (requested by MoldyDolphin)
|inactive|ming0mang0 has 60 seconds left.
|
|t:|1756853284
|teamsize|p1|4
|teamsize|p2|4
|start
|switch|p1a: Kingambit|Kingambit, L50, F|100/100
|switch|p1b: Clefable|Clefable, L50, M|100/100
|switch|p2a: Corviknight|Corviknight, L50, M, shiny|100/100
|switch|p2b: Indeedee|Indeedee, L50, M|100/100
|-fieldstart|move: Psychic Terrain|[from] ability: Psychic Surge|[of] p2b: Indeedee
|turn|1
|inactive|ming0mang0 has 30 seconds left.
|inactive|ming0mang0 has 20 seconds left.
|inactive|ming0mang0 has 15 seconds left.
|inactive|ming0mang0 has 10 seconds left.
|inactive|ming0mang0 has 5 seconds left.
|
|t:|1756853337
|move|p2b: Indeedee|Protect|p2b: Indeedee
|-singleturn|p2b: Indeedee|Protect
|move|p1b: Clefable|Follow Me|p1b: Clefable
|-singleturn|p1b: Clefable|move: Follow Me
|move|p2a: Corviknight|Tailwind|p2a: Corviknight
|-sidestart|p2: ming0mang0|move: Tailwind
|move|p1a: Kingambit|Kowtow Cleave|p2b: Indeedee
|-activate|p2b: Indeedee|move: Protect
|
|upkeep
|turn|2
|inactive|ming0mang0 has 30 seconds left.
|
|t:|1756853367
|switch|p2b: Sneasler|Sneasler, L50, F|100/100
|-enditem|p2b: Sneasler|Psychic Seed
|-boost|p2b: Sneasler|spd|1|[from] item: Psychic Seed
|move|p1b: Clefable|Follow Me|p1b: Clefable
|-singleturn|p1b: Clefable|move: Follow Me
|move|p2a: Corviknight|Bulk Up|p2a: Corviknight
|-boost|p2a: Corviknight|atk|1
|-boost|p2a: Corviknight|def|1
|move|p1a: Kingambit|Kowtow Cleave|p2b: Sneasler
|-resisted|p2b: Sneasler
|-damage|p2b: Sneasler|46/100
|
|upkeep
|turn|3
|inactive|ming0mang0 has 30 seconds left.
|
|t:|1756853395
|-terastallize|p1b: Clefable|Steel
|move|p2b: Sneasler|Protect|p2b: Sneasler
|-singleturn|p2b: Sneasler|Protect
|move|p1b: Clefable|Follow Me|p1b: Clefable
|-singleturn|p1b: Clefable|move: Follow Me
|move|p2a: Corviknight|Bulk Up|p2a: Corviknight
|-boost|p2a: Corviknight|atk|1
|-boost|p2a: Corviknight|def|1
|move|p1a: Kingambit|Iron Head|p2b: Sneasler
|-activate|p2b: Sneasler|move: Protect
|
|upkeep
|turn|4
|
|t:|1756853413
|move|p1b: Clefable|Follow Me|p1b: Clefable
|-singleturn|p1b: Clefable|move: Follow Me
|move|p2b: Sneasler|Close Combat|p1b: Clefable
|-supereffective|p1b: Clefable
|-damage|p1b: Clefable|0 fnt
|-unboost|p2b: Sneasler|def|1
|-unboost|p2b: Sneasler|spd|1
|faint|p1b: Clefable
|move|p2a: Corviknight|Bulk Up|p2a: Corviknight
|-boost|p2a: Corviknight|atk|1
|-boost|p2a: Corviknight|def|1
|move|p1a: Kingambit|Iron Head|p2b: Sneasler
|-damage|p2b: Sneasler|0 fnt
|faint|p2b: Sneasler
|
|-sideend|p2: ming0mang0|move: Tailwind
|upkeep
|inactive|ming0mang0 has 30 seconds left.
|inactive|ming0mang0 has 20 seconds left.
|inactive|ming0mang0 has 15 seconds left.
|
|t:|1756853458
|switch|p2b: Annihilape|Annihilape, L50, F|100/100
|switch|p1b: Dragonite|Dragonite, L50, M|100/100
|turn|5
|inactive|MoldyDolphin has 30 seconds left.
|inactive|ming0mang0 has 30 seconds left.
|inactive|MoldyDolphin has 20 seconds left.
|inactive|ming0mang0 has 20 seconds left.
|inactive|MoldyDolphin has 15 seconds left.
|inactive|ming0mang0 has 15 seconds left.
|inactive|MoldyDolphin has 10 seconds left.
|
|t:|1756853504
|-terastallize|p2b: Annihilape|Water
|move|p2b: Annihilape|Rage Fist|p1b: Dragonite
|-damage|p1b: Dragonite|82/100
|move|p1b: Dragonite|Ice Spinner|p2b: Annihilape
|-resisted|p2b: Annihilape
|-damage|p2b: Annihilape|86/100
|-fieldend|move: Psychic Terrain
|move|p2a: Corviknight|Bulk Up|p2a: Corviknight
|-boost|p2a: Corviknight|atk|1
|-boost|p2a: Corviknight|def|1
|move|p1a: Kingambit|Kowtow Cleave|p2b: Annihilape
|-damage|p2b: Annihilape|26/100
|
|upkeep
|turn|6
|
|t:|1756853526
|move|p1b: Dragonite|Extreme Speed|p2b: Annihilape
|-damage|p2b: Annihilape|0 fnt
|faint|p2b: Annihilape
|move|p1a: Kingambit|Sucker Punch||[still]
|-fail|p1a: Kingambit
|move|p2a: Corviknight|Tailwind|p2a: Corviknight
|-sidestart|p2: ming0mang0|move: Tailwind
|
|upkeep
|
|t:|1756853534
|switch|p2b: Indeedee|Indeedee, L50, M|100/100
|-fieldstart|move: Psychic Terrain|[from] ability: Psychic Surge|[of] p2b: Indeedee
|turn|7
|inactive|ming0mang0 has 30 seconds left.
|inactive|ming0mang0 has 20 seconds left.
|inactive|ming0mang0 has 15 seconds left.
|
|t:|1756853577
|move|p2b: Indeedee|Expanding Force|p1b: Dragonite|[spread] p1b
|-immune|p1a: Kingambit
|-damage|p1b: Dragonite|48/100
|move|p2a: Corviknight|Bulk Up|p2a: Corviknight
|-boost|p2a: Corviknight|atk|1
|-boost|p2a: Corviknight|def|1
|move|p1b: Dragonite|Ice Spinner|p2a: Corviknight
|-damage|p2a: Corviknight|92/100
|-fieldend|move: Psychic Terrain
|move|p1a: Kingambit|Kowtow Cleave|p2b: Indeedee
|-supereffective|p2b: Indeedee
|-damage|p2b: Indeedee|0 fnt
|faint|p2b: Indeedee
|
|-heal|p2a: Corviknight|98/100|[from] item: Leftovers
|upkeep
|turn|8
|
|t:|1756853601
|move|p2a: Corviknight|Bulk Up|p2a: Corviknight
|-boost|p2a: Corviknight|atk|1
|-boost|p2a: Corviknight|def|1
|move|p1b: Dragonite|Ice Spinner|p2a: Corviknight
|-damage|p2a: Corviknight|91/100
|move|p1a: Kingambit|Kowtow Cleave|p2a: Corviknight
|-damage|p2a: Corviknight|78/100
|
|-heal|p2a: Corviknight|84/100|[from] item: Leftovers
|upkeep
|turn|9
|
|t:|1756853613
|switch|p1b: Annihilape|Annihilape, L50, F|100/100
|move|p2a: Corviknight|Roost|p2a: Corviknight
|-heal|p2a: Corviknight|100/100
|-singleturn|p2a: Corviknight|move: Roost
|move|p1a: Kingambit|Kowtow Cleave|p2a: Corviknight
|-damage|p2a: Corviknight|87/100
|
|-heal|p2a: Corviknight|94/100|[from] item: Leftovers
|-sideend|p2: ming0mang0|move: Tailwind
|upkeep
|turn|10
|c|☆MoldyDolphin|gg
|inactive|ming0mang0 has 30 seconds left.
|inactive|ming0mang0 has 20 seconds left.
|inactive|ming0mang0 has 15 seconds left.
|inactive|ming0mang0 has 10 seconds left.
|
|t:|1756853660
|move|p1b: Annihilape|Final Gambit|p2a: Corviknight
|-damage|p2a: Corviknight|0 fnt
|faint|p1b: Annihilape
|faint|p2a: Corviknight
|
|win|MoldyDolphin
|raw|MoldyDolphin's rating: 1127 → 1149(+22 for winning)
|raw|ming0mang0's rating: 1086 → 1066(-20 for losing)
|l|☆MoldyDolphin
|player|p1|
