|j|☆sbhaga34
|j|‽tryson69
|html|sbhaga34tryson69    
|uhtml|bestof|Game 2 of a best-of-3
|t:|1784579184
|gametype|doubles
|player|p1|sbhaga34|hugh|1333
|player|p2|tryson69|crasherwake|1408
|gen|9
|tier|[Gen 9 Champions] VGC 2026 Reg M-B (Bo3)
|rated|
|rule|Species Clause: Limit one of each Pokémon
|rule|Item Clause: Limit 1 of each item
|clearpoke
|poke|p1|Excadrill, L50, M|
|poke|p1|Tyranitar, L50, F|
|poke|p1|Corviknight, L50, F|
|poke|p1|Rotom-Wash, L50|
|poke|p1|Chandelure, L50, M|
|poke|p1|Scovillain, L50, F|
|poke|p2|Raichu, L50, F|
|poke|p2|Gholdengo, L50|
|poke|p2|Garchomp, L50, M|
|poke|p2|Incineroar, L50, F|
|poke|p2|Milotic, L50, F|
|poke|p2|Whimsicott, L50, F|
|teampreview|4
|showteam|p1|Excadrill||FocusSash|SandRush|Earthquake,IronHead,SwordsDance,Protect|Adamant||M|||50|]Tyranitar||Tyranitarite|SandStream|RockSlide,KnockOff,LowKick,Protect|Adamant||F|||50|]Corviknight||SharpBeak|MirrorArmor|BraveBird,Tailwind,BulkUp,Roost|Careful||F|||50|]Rotom-Wash||ChoiceScarf|Levitate|VoltSwitch,Thunderbolt,Electroweb,HydroPump|Timid|||||50|]Chandelure||ShucaBerry|FlashFire|HeatWave,ShadowBall,TrickRoom,Protect|Modest||M|||50|]Scovillain||Scovillainite|Chlorophyll|RagePowder,Overheat,GigaDrain,Protect|Calm||F|||50|
|showteam|p2|Raichu||RaichuniteY|LightningRod|ZapCannon,FocusBlast,Protect,FakeOut|Timid||F|||50|]Gholdengo||SpellTag|GoodasGold|NastyPlot,ShadowBall,Protect,MakeItRain|Modest|||||50|]Garchomp||LifeOrb|RoughSkin|Earthquake,RockSlide,Protect,DragonClaw|Adamant||M|||50|]Incineroar||SitrusBerry|Intimidate|FakeOut,FlareBlitz,DarkestLariat,PartingShot|Impish||F|||50|]Milotic||Leftovers|Competitive|Coil,HydroPump,Hypnosis,Recover|Calm||F|||50|]Whimsicott||FocusSash|Prankster|Tailwind,Moonblast,Encore,Protect|Timid||F|||50|
|
|t:|1784579207
|teamsize|p1|4
|teamsize|p2|4
|start
|switch|p1a: Scovillain|Scovillain, L50, F|100/100
|switch|p1b: Corviknight|Corviknight, L50, F|100/100
|switch|p2a: Gholdengo|Gholdengo, L50|100/100
|switch|p2b: Incineroar|Incineroar, L50, F|100/100
|-ability|p2b: Incineroar|Intimidate|boost
|-unboost|p1a: Scovillain|atk|1
|-ability|p1b: Corviknight|Mirror Armor
|-unboost|p2b: Incineroar|atk|1
|turn|1
|
|t:|1784579225
|detailschange|p1a: Scovillain|Scovillain-Mega, L50, F
|-mega|p1a: Scovillain|Scovillain|Scovillainite
|move|p2b: Incineroar|Fake Out|p1b: Corviknight
|-resisted|p1b: Corviknight|1
|-damage|p1b: Corviknight|97/100
|move|p2a: Gholdengo|Nasty Plot|p2a: Gholdengo
|-boost|p2a: Gholdengo|spa|2
|cant|p1b: Corviknight|flinch
|move|p1a: Scovillain|Overheat|p2a: Gholdengo
|-supereffective|p2a: Gholdengo|1
|-damage|p2a: Gholdengo|0 fnt
|-unboost|p1a: Scovillain|spa|2
|faint|p2a: Gholdengo
|
|upkeep
|
|t:|1784579229
|switch|p2a: Raichu|Raichu, L50, F|100/100
|turn|2
|
|t:|1784579239
|detailschange|p2a: Raichu|Raichu-Mega-Y, L50, F
|-mega|p2a: Raichu|Raichu|Raichunite Y
|move|p1a: Scovillain|Rage Powder|p1a: Scovillain
|-singleturn|p1a: Scovillain|move: Rage Powder
|move|p2a: Raichu|Focus Blast|p1a: Scovillain
|-damage|p1a: Scovillain|56/100
|-status|p2a: Raichu|brn|[from] ability: Spicy Spray|[of] p1a: Scovillain
|move|p1b: Corviknight|Tailwind|p1b: Corviknight
|-sidestart|p1: sbhaga34|move: Tailwind
|move|p2b: Incineroar|Flare Blitz|p1a: Scovillain
|-damage|p1a: Scovillain|27/100
|-immune|p2b: Incineroar
|-damage|p2b: Incineroar|91/100|[from] Recoil
|
|-damage|p2a: Raichu|94/100 brn|[from] brn
|upkeep
|turn|3
|
|t:|1784579253
|switch|p2a: Milotic|Milotic, L50, F|100/100
|move|p1a: Scovillain|Rage Powder|p1a: Scovillain
|-singleturn|p1a: Scovillain|move: Rage Powder
|move|p1b: Corviknight|Bulk Up|p1b: Corviknight
|-boost|p1b: Corviknight|atk|1
|-boost|p1b: Corviknight|def|1
|move|p2b: Incineroar|Flare Blitz|p1a: Scovillain
|-damage|p1a: Scovillain|0 fnt
|-immune|p2b: Incineroar
|faint|p1a: Scovillain
|-damage|p2b: Incineroar|83/100|[from] Recoil
|
|upkeep
|
|t:|1784579274
|switch|p1a: Excadrill|Excadrill, L50, M|100/100
|turn|4
|
|t:|1784579283
|move|p1a: Excadrill|Earthquake|p2b: Incineroar|[spread] p2a,p2b
|-immune|p1b: Corviknight
|-supereffective|p2b: Incineroar|1
|-damage|p2a: Milotic|54/100
|-damage|p2b: Incineroar|11/100
|-enditem|p2b: Incineroar|Sitrus Berry|[eat]
|-heal|p2b: Incineroar|36/100|[from] item: Sitrus Berry
|move|p1b: Corviknight|Brave Bird|p2a: Milotic
|-damage|p2a: Milotic|0 fnt
|faint|p2a: Milotic
|-damage|p1b: Corviknight|78/100|[from] Recoil
|move|p2b: Incineroar|Parting Shot|p1a: Excadrill
|-unboost|p1a: Excadrill|atk|1
|-unboost|p1a: Excadrill|spa|1
|
|t:|1784579291
|switch|p2b: Raichu|Raichu-Mega-Y, L50, F|94/100 brn|[from] Parting Shot
|
|-damage|p2b: Raichu|88/100 brn|[from] brn
|upkeep
|
|t:|1784579293
|switch|p2a: Incineroar|Incineroar, L50, F|36/100
|-ability|p2a: Incineroar|Intimidate|boost
|-unboost|p1a: Excadrill|atk|1
|-ability|p1b: Corviknight|Mirror Armor
|-unboost|p2a: Incineroar|atk|1
|turn|5
|
|t:|1784579301
|switch|p1a: Tyranitar|Tyranitar, L50, F|100/100
|-weather|Sandstorm|[from] ability: Sand Stream|[of] p1a: Tyranitar
|move|p2a: Incineroar|Fake Out|p1a: Tyranitar
|-resisted|p1a: Tyranitar|1
|-damage|p1a: Tyranitar|97/100
|move|p1b: Corviknight|Brave Bird|p2a: Incineroar
|-damage|p2a: Incineroar|0 fnt
|faint|p2a: Incineroar
|-damage|p1b: Corviknight|66/100|[from] Recoil
|move|p2b: Raichu|Zap Cannon|p1b: Corviknight
|-supereffective|p1b: Corviknight|1
|-damage|p1b: Corviknight|0 fnt
|faint|p1b: Corviknight
|
|-weather|Sandstorm|[upkeep]
|-damage|p2b: Raichu|82/100 brn|[from] Sandstorm
|-damage|p2b: Raichu|76/100 brn|[from] brn
|-sideend|p1: sbhaga34|move: Tailwind
|upkeep
|
|t:|1784579309
|switch|p1b: Excadrill|Excadrill, L50, M|100/100
|turn|6
|-message|tryson69 forfeited.
|
|win|sbhaga34
||tryson69 is ready for game 3.
||sbhaga34 is ready for game 3.
|uhtml|next|Next: Game 3 of 3
