|j|☆lillyrosethedemon
|j|☆viatles
|html|lillyrosethedemonviatles    
|uhtml|bestof|Game 3 of a best-of-3
|t:|1783559803
|gametype|doubles
|player|p1|lillyrosethedemon|madame|1167
|player|p2|viatles|hiker|1184
|gen|9
|tier|[Gen 9 Champions] VGC 2026 Reg M-B (Bo3)
|rated|
|rule|Species Clause: Limit one of each Pokémon
|rule|Item Clause: Limit 1 of each item
|clearpoke
|poke|p1|Garchomp, L50, M|
|poke|p1|Milotic, L50, M|
|poke|p1|Staraptor, L50, M|
|poke|p1|Gholdengo, L50|
|poke|p1|Sinistcha, L50|
|poke|p1|Rotom-Heat, L50|
|poke|p2|Beedrill, L50, F, shiny|
|poke|p2|Milotic, L50, M, shiny|
|poke|p2|Talonflame, L50, F, shiny|
|poke|p2|Farigiraf, L50, F|
|poke|p2|Decidueye-Hisui, L50, M|
|poke|p2|Sableye, L50, F|
|teampreview|4
|showteam|p1|Garchomp||LifeOrb|RoughSkin|RockSlide,StompingTantrum,DragonClaw,Protect|Jolly||M|||50|]Milotic||Leftovers|Competitive|MuddyWater,Hypnosis,Coil,Protect|Calm||M|||50|]Staraptor||Staraptite|Intimidate|BraveBird,CloseCombat,Protect,Tailwind|Jolly||M|||50|]Gholdengo||SitrusBerry|GoodasGold|NastyPlot,ShadowBall,MakeItRain,Protect|Modest|||||50|]Sinistcha||CobaBerry|Hospitality|MatchaGotcha,TrickRoom,RagePowder,Protect|Relaxed|||||50|]Rotom-Heat||ChoiceScarf|Levitate|Electroweb,VoltSwitch,Overheat,Thunderbolt|Timid|||||50|
|showteam|p2|Beedrill||Beedrillite|Swarm|Uturn,DrillRun,PoisonJab,Protect|Jolly||F|||50|]Milotic||Leftovers|Competitive|IcyWind,Scald,Protect,LifeDew|Bold||M|||50|]Talonflame||SharpBeak|GaleWings|DualWingbeat,Tailwind,Protect,WillOWisp|Jolly||F|||50|]Farigiraf||SitrusBerry|ArmorTail|TrickRoom,Thunderbolt,TwinBeam,HelpingHand|Bold||F|||50|]Decidueye-Hisui||ScopeLens|Scrappy|Protect,TripleArrows,LeafBlade,SuckerPunch|Adamant||M|||50|]Sableye||RoseliBerry|Prankster|FakeOut,FoulPlay,RainDance,Quash|Sassy||F|||50|
|inactive|Battle timer is ON: inactive players will automatically lose when time's up. (requested by viatles)
|
|t:|1783559820
|teamsize|p1|4
|teamsize|p2|4
|start
|switch|p1a: Staraptor|Staraptor, L50, M|100/100
|switch|p1b: Gholdengo|Gholdengo, L50|100/100
|switch|p2a: Sableye|Sableye, L50, F|100/100
|switch|p2b: Malsumas|Beedrill, L50, F, shiny|100/100
|-ability|p1a: Staraptor|Intimidate|boost
|-unboost|p2a: Sableye|atk|1
|-unboost|p2b: Malsumas|atk|1
|turn|1
|inactive|lillyrosethedemon has 30 seconds left.
|
|t:|1783559850
|detailschange|p1a: Staraptor|Staraptor-Mega, L50, M
|-mega|p1a: Staraptor|Staraptor|Staraptite
|detailschange|p2b: Malsumas|Beedrill-Mega, L50, F, shiny
|-mega|p2b: Malsumas|Beedrill|Beedrillite
|move|p2a: Sableye|Fake Out|p1a: Staraptor
|-damage|p1a: Staraptor|94/100
|move|p2b: Malsumas|Drill Run|p1b: Gholdengo
|-supereffective|p1b: Gholdengo|1
|-damage|p1b: Gholdengo|62/100
|cant|p1a: Staraptor|flinch
|move|p1b: Gholdengo|Nasty Plot|p1b: Gholdengo
|-boost|p1b: Gholdengo|spa|2
|
|upkeep
|turn|2
|inactive|viatles has 30 seconds left.
|inactive|lillyrosethedemon has 30 seconds left.
|inactive|viatles has 20 seconds left.
|inactive|viatles has 15 seconds left.
|
|t:|1783559891
|switch|p2a: Decidueye|Decidueye-Hisui, L50, M|100/100
|move|p2b: Malsumas|U-turn|p1a: Staraptor
|-resisted|p1a: Staraptor|2
|-damage|p1a: Staraptor|85/100
|
|t:|1783559896
|switch|p2b: Sableye|Sableye, L50, F|100/100|[from] U-turn
|move|p1a: Staraptor|Brave Bird|p2b: Sableye
|-damage|p2b: Sableye|19/100
|-damage|p1a: Staraptor|60/100|[from] Recoil
|move|p1b: Gholdengo|Shadow Ball|p2a: Decidueye
|-damage|p2a: Decidueye|24/100
|
|upkeep
|turn|3
|inactive|lillyrosethedemon has 30 seconds left.
|
|t:|1783559924
|move|p2b: Sableye|Fake Out|p1a: Staraptor
|-damage|p1a: Staraptor|53/100
|move|p2a: Decidueye|Sucker Punch|p1b: Gholdengo
|-supereffective|p1b: Gholdengo|1
|-damage|p1b: Gholdengo|17/100
|-enditem|p1b: Gholdengo|Sitrus Berry|[eat]
|-heal|p1b: Gholdengo|42/100|[from] item: Sitrus Berry
|cant|p1a: Staraptor|flinch
|move|p1b: Gholdengo|Shadow Ball|p2a: Decidueye
|-damage|p2a: Decidueye|0 fnt
|faint|p2a: Decidueye
|
|upkeep
|
|t:|1783559936
|switch|p2a: Malsumas|Beedrill-Mega, L50, F, shiny|100/100
|turn|4
|
|t:|1783559943
|move|p2b: Sableye|Quash|p1a: Staraptor
|-activate|p1a: Staraptor|move: Quash
|move|p2a: Malsumas|Poison Jab|p1a: Staraptor
|-damage|p1a: Staraptor|0 fnt
|faint|p1a: Staraptor
|move|p1b: Gholdengo|Make It Rain|p2b: Sableye|[spread] p2a,p2b
|-damage|p2a: Malsumas|0 fnt
|-damage|p2b: Sableye|0 fnt
|-unboost|p1b: Gholdengo|spa|2
|faint|p2a: Malsumas
|faint|p2b: Sableye
|
|upkeep
|
|t:|1783559954
|switch|p1a: Sinistcha|Sinistcha, L50|100/100
|switch|p2b: Pentious|Milotic, L50, M, shiny|100/100
|-heal|p1b: Gholdengo|67/100|[from] ability: Hospitality|[of] p1a: Sinistcha
|turn|5
|
|t:|1783559961
|move|p1b: Gholdengo|Nasty Plot|p1b: Gholdengo
|-boost|p1b: Gholdengo|spa|2
|move|p2b: Pentious|Icy Wind|p1a: Sinistcha|[spread] p1a,p1b
|-supereffective|p1a: Sinistcha|1
|-resisted|p1b: Gholdengo|1
|-damage|p1a: Sinistcha|79/100
|-damage|p1b: Gholdengo|62/100
|-unboost|p1a: Sinistcha|spe|1
|-unboost|p1b: Gholdengo|spe|1
|move|p1a: Sinistcha|Matcha Gotcha|p2b: Pentious
|-supereffective|p2b: Pentious|1
|-damage|p2b: Pentious|48/100
|-heal|p1a: Sinistcha|100/100|[from] drain|[of] p2b: Pentious
|-status|p2b: Pentious|brn
|
|-heal|p2b: Pentious|55/100 brn|[from] item: Leftovers
|-damage|p2b: Pentious|48/100 brn|[from] brn
|upkeep
|turn|6
|c|☆lillyrosethedemon|ggwo
|
|t:|1783559982
|move|p2b: Pentious|Icy Wind|p1a: Sinistcha|[spread] 
|-miss|p2b: Pentious|p1a: Sinistcha
|-miss|p2b: Pentious|p1b: Gholdengo
|move|p1b: Gholdengo|Shadow Ball|p2b: Pentious
|-damage|p2b: Pentious|0 fnt
|faint|p2b: Pentious
|
|win|lillyrosethedemon
|raw|lillyrosethedemon's rating: 1167 → 1193(+26 for winning)
|raw|viatles's rating: 1184 → 1158(-26 for losing)
|c|☆viatles|wp ggs
|l|☆lillyrosethedemon
|player|p1|
