|j|☆prod_axel
|j|☆Eneix1234
|html|prod_axelEneix1234    
|uhtml|bestof|Game 2 of a best-of-3
|t:|1782243856
|gametype|doubles
|player|p1|prod_axel|unknown|1095
|player|p2|Eneix1234|169|1068
|gen|9
|tier|[Gen 9 Champions] VGC 2026 Reg M-B (Bo3)
|rated|
|rule|Species Clause: Limit one of each Pokémon
|rule|Item Clause: Limit 1 of each item
|clearpoke
|poke|p1|Delphox, L50, M|
|poke|p1|Floette-Eternal, L50, F|
|poke|p1|Kingambit, L50, M|
|poke|p1|Sneasler, L50, M|
|poke|p1|Incineroar, L50, F|
|poke|p1|Sinistcha, L50|
|poke|p2|Froslass, L50, F|
|poke|p2|Tinkaton, L50, F|
|poke|p2|Arcanine, L50, F|
|poke|p2|Rotom-Wash, L50|
|poke|p2|Meowscarada, L50, M|
|poke|p2|Ditto, L50|
|teampreview|4
|showteam|p1|Delphox||Delphoxite|Blaze|HeatWave,Psyshock,NastyPlot,Protect|Timid||M|||50|]Floette-Eternal||Floettite|FlowerVeil|Moonblast,DazzlingGleam,CalmMind,Protect|Modest||F|||50|]Kingambit||BlackGlasses|Defiant|SuckerPunch,KowtowCleave,SwordsDance,Protect|Adamant||M|||50|]Sneasler||FocusSash|PoisonTouch|FakeOut,CloseCombat,DireClaw,QuickGuard|Jolly||M|||50|]Incineroar||SitrusBerry|Intimidate|PartingShot,FlareBlitz,ThroatChop,FakeOut|Impish||F|||50|]Sinistcha||KasibBerry|Hospitality|RagePowder,MatchaGotcha,TrickRoom,Protect|Bold|||||50|
|showteam|p2|Froslass||Froslassite|CursedBody|Blizzard,ShadowBall,AuroraVeil,Protect|Timid||F|||50|]Tinkaton||SitrusBerry|OwnTempo|FakeOut,SkillSwap,GigatonHammer,KnockOff|Jolly||F|||50|]Arcanine||Charcoal|Intimidate|HeatWave,Flamethrower,Protect,WillOWisp|Timid||F|||50|]Rotom-Wash||ChoiceScarf|Levitate|VoltSwitch,Thunderbolt,HydroPump,Trick|Modest|||||50|]Meowscarada||FocusSash|Protean|FlowerTrick,Protect,PlayRough,ThroatChop|Jolly||M|||50|]Ditto||Leftovers|Imposter|Transform|Serious|||||50|
|inactive|Battle timer is ON: inactive players will automatically lose when time's up. (requested by prod_axel)
|inactive|prod_axel has 60 seconds left.
|
|t:|1782243916
|teamsize|p1|4
|teamsize|p2|4
|start
|switch|p1a: Delphox|Delphox, L50, M|100/100
|switch|p1b: Sneasler|Sneasler, L50, M|100/100
|switch|p2a: Froslass|Froslass, L50, F|100/100
|switch|p2b: Tinkaton|Tinkaton, L50, F|100/100
|turn|1
|inactive|prod_axel has 30 seconds left.
|inactive|Eneix1234 has 30 seconds left.
|
|t:|1782243949
|detailschange|p2a: Froslass|Froslass-Mega, L50, F
|-mega|p2a: Froslass|Froslass|Froslassite
|-weather|Snowscape|[from] ability: Snow Warning|[of] p2a: Froslass
|detailschange|p1a: Delphox|Delphox-Mega, L50, M
|-mega|p1a: Delphox|Delphox|Delphoxite
|move|p1b: Sneasler|Quick Guard|p1b: Sneasler
|-singleturn|p1b: Sneasler|Quick Guard
|move|p2b: Tinkaton|Fake Out|p1a: Delphox
|-activate|p1a: Delphox|move: Quick Guard
|move|p2a: Froslass|Aurora Veil|p2a: Froslass
|-sidestart|p2: Eneix1234|move: Aurora Veil
|move|p1a: Delphox|Heat Wave|p2a: Froslass|[spread] p2a,p2b
|-supereffective|p2a: Froslass|1
|-supereffective|p2b: Tinkaton|1
|-damage|p2a: Froslass|31/100
|-damage|p2b: Tinkaton|49/100
|-enditem|p2b: Tinkaton|Sitrus Berry|[eat]
|-heal|p2b: Tinkaton|74/100|[from] item: Sitrus Berry
|
|-weather|Snowscape|[upkeep]
|upkeep
|turn|2
|
|t:|1782243970
|move|p2a: Froslass|Blizzard|p1b: Sneasler|[spread] p1a,p1b
|-resisted|p1a: Delphox|1
|-damage|p1a: Delphox|82/100
|-damage|p1b: Sneasler|42/100
|move|p1b: Sneasler|Dire Claw|p2a: Froslass
|-resisted|p2a: Froslass|1
|-damage|p2a: Froslass|17/100
|move|p1a: Delphox|Heat Wave|p2a: Froslass|[spread] p2a,p2b
|-supereffective|p2a: Froslass|1
|-supereffective|p2b: Tinkaton|1
|-damage|p2a: Froslass|0 fnt
|-damage|p2b: Tinkaton|16/100
|faint|p2a: Froslass
|move|p2b: Tinkaton|Knock Off|p1a: Delphox
|-supereffective|p1a: Delphox|1
|-damage|p1a: Delphox|52/100
|
|-weather|Snowscape|[upkeep]
|upkeep
|
|t:|1782243986
|switch|p2a: Rotom|Rotom-Wash, L50|100/100
|turn|3
|inactive|prod_axel has 30 seconds left.
|inactive|prod_axel has 20 seconds left.
|
|t:|1782244023
|switch|p1b: Incineroar|Incineroar, L50, F|100/100
|-ability|p1b: Incineroar|Intimidate|boost
|-unboost|p2a: Rotom|atk|1
|-fail|p2b: Tinkaton|unboost|Attack|[from] ability: Own Tempo|[of] p2b: Tinkaton
|move|p1a: Delphox|Protect|p1a: Delphox
|-singleturn|p1a: Delphox|Protect
|move|p2a: Rotom|Volt Switch|p1b: Incineroar
|-damage|p1b: Incineroar|68/100
|
|t:|1782244033
|switch|p2a: Arcanine|Arcanine, L50, F|100/100|[from] Volt Switch
|-ability|p2a: Arcanine|Intimidate|boost
|-unboost|p1a: Delphox|atk|1
|-unboost|p1b: Incineroar|atk|1
|move|p2b: Tinkaton|Knock Off|p1a: Delphox
|-activate|p1a: Delphox|move: Protect
|
|-weather|Snowscape|[upkeep]
|upkeep
|turn|4
|inactive|prod_axel has 30 seconds left.
|
|t:|1782244059
|move|p1b: Incineroar|Fake Out|p2b: Tinkaton
|-resisted|p2b: Tinkaton|1
|-damage|p2b: Tinkaton|14/100
|move|p1a: Delphox|Nasty Plot|p1a: Delphox
|-boost|p1a: Delphox|spa|2
|move|p2a: Arcanine|Heat Wave|p1a: Delphox|[spread] p1a,p1b
|-resisted|p1a: Delphox|1
|-resisted|p1b: Incineroar|1
|-damage|p1a: Delphox|38/100
|-damage|p1b: Incineroar|53/100
|cant|p2b: Tinkaton|flinch
|
|-weather|Snowscape|[upkeep]
|upkeep
|turn|5
|
|t:|1782244081
|move|p1a: Delphox|Heat Wave|p2a: Arcanine|[spread] p2a,p2b
|-resisted|p2a: Arcanine|1
|-supereffective|p2b: Tinkaton|1
|-damage|p2a: Arcanine|67/100
|-damage|p2b: Tinkaton|0 fnt
|faint|p2b: Tinkaton
|move|p2a: Arcanine|Heat Wave|p1a: Delphox|[spread] p1a,p1b
|-resisted|p1a: Delphox|1
|-resisted|p1b: Incineroar|1
|-damage|p1a: Delphox|23/100
|-damage|p1b: Incineroar|39/100
|-enditem|p1b: Incineroar|Sitrus Berry|[eat]
|-heal|p1b: Incineroar|64/100|[from] item: Sitrus Berry
|move|p1b: Incineroar|Parting Shot|p2a: Arcanine
|-unboost|p2a: Arcanine|atk|1
|-unboost|p2a: Arcanine|spa|1
|
|t:|1782244088
|switch|p1b: Sinistcha|Sinistcha, L50|100/100|[from] Parting Shot
|-heal|p1a: Delphox|48/100|[from] ability: Hospitality|[of] p1b: Sinistcha
|
|-weather|none
|-sideend|p2: Eneix1234|move: Aurora Veil
|upkeep
|
|t:|1782244097
|switch|p2b: Rotom|Rotom-Wash, L50|100/100
|turn|6
|
|t:|1782244115
|move|p1b: Sinistcha|Rage Powder|p1b: Sinistcha
|-singleturn|p1b: Sinistcha|move: Rage Powder
|move|p2b: Rotom|Hydro Pump|p1b: Sinistcha
|-resisted|p1b: Sinistcha|1
|-damage|p1b: Sinistcha|74/100
|move|p1a: Delphox|Psyshock|p2b: Rotom
|-damage|p2b: Rotom|0 fnt
|faint|p2b: Rotom
|move|p2a: Arcanine|Heat Wave|p1b: Sinistcha|[spread] p1a,p1b
|-resisted|p1a: Delphox|1
|-supereffective|p1b: Sinistcha|1
|-damage|p1a: Delphox|38/100
|-damage|p1b: Sinistcha|29/100
|
|upkeep
|turn|7
|
|t:|1782244127
|move|p1b: Sinistcha|Rage Powder|p1b: Sinistcha
|-singleturn|p1b: Sinistcha|move: Rage Powder
|move|p1a: Delphox|Psyshock|p2a: Arcanine
|-damage|p2a: Arcanine|0 fnt
|faint|p2a: Arcanine
|
|win|prod_axel
|raw|prod_axel's rating: 1095 → 1119(+24 for winning)
|raw|Eneix1234's rating: 1068 → 1049(-19 for losing)
