|j|☆marcusquinn
|j|☆Jasondddd
|html|marcusquinnJasondddd    
|uhtml|bestof|Game 3 of a best-of-3
|t:|1755061439
|gametype|doubles
|player|p1|marcusquinn|hilbert-wonderlauncher|1229
|player|p2|Jasondddd|102|1263
|gen|9
|tier|[Gen 9] VGC 2025 Reg H (Bo3)
|rated|
|rule|Species Clause: Limit one of each Pokémon
|rule|Item Clause: Limit 1 of each item
|clearpoke
|poke|p1|Whimsicott, L50, F|
|poke|p1|Archaludon, L50, M|
|poke|p1|Porygon2, L50|
|poke|p1|Incineroar, L50, F|
|poke|p1|Ursaluna, L50, F|
|poke|p1|Sneasler, L50, F|
|poke|p2|Volcarona, L50, F|
|poke|p2|Electabuzz, L50, M|
|poke|p2|Kingambit, L50, M|
|poke|p2|Sneasler, L50, F|
|poke|p2|Rillaboom, L50, M|
|poke|p2|Basculegion, L50, M|
|teampreview|4
|showteam|p1|Whimsicott||CovertCloak|Prankster|Protect,Moonblast,Encore,Tailwind|||F|||50|,,,,,Water]Archaludon||PowerHerb|Sturdy|Protect,ElectroShot,DracoMeteor,FlashCannon|||M|||50|,,,,,Electric]Porygon2||Eviolite|Download|TeraBlast,IceBeam,Recover,TrickRoom||||||50|,,,,,Fighting]Incineroar||SitrusBerry|Intimidate|FlareBlitz,KnockOff,FakeOut,PartingShot|||F|||50|,,,,,Ghost]Ursaluna||FlameOrb|Guts|HeadlongRush,Facade,Earthquake,Protect|||F|||50|,,,,,Ghost]Sneasler||FocusSash|Unburden|Protect,CloseCombat,DireClaw,ThroatChop|||F|||50|,,,,,Stellar
|showteam|p2|Volcarona||CovertCloak|FlameBody|Protect,QuiverDance,HeatWave,TeraBlast|||F|||50|,,,,,Fairy]Electabuzz||Eviolite|VitalSpirit|Protect,Thunderbolt,Taunt,FollowMe|||M|||50|,,,,,Dragon]Kingambit||SafetyGoggles|Defiant|Protect,SwordsDance,SuckerPunch,KowtowCleave|||M|||50|,,,,,Dark]Sneasler||FocusSash|Unburden|FakeOut,DireClaw,Protect,CloseCombat|||F|||50|,,,,,Ghost]Rillaboom||AssaultVest|GrassySurge|FakeOut,GrassyGlide,WoodHammer,Uturn|||M|||50|,,,,,Fire]Basculegion||ChoiceScarf|Adaptability|FlipTurn,AquaJet,LastRespects,WaveCrash|||M|||50|,,,,,Fairy
|inactive|Battle timer is ON: inactive players will automatically lose when time's up. (requested by marcusquinn)
|inactive|marcusquinn has 60 seconds left.
|
|t:|1755061470
|teamsize|p1|4
|teamsize|p2|4
|start
|switch|p1a: Ursaluna|Ursaluna, L50, F|100/100
|switch|p1b: Whimsicott|Whimsicott, L50, F|100/100
|switch|p2a: Sneasler|Sneasler, L50, F|100/100
|switch|p2b: Volcarona|Volcarona, L50, F|100/100
|turn|1
|inactive|Jasondddd has 30 seconds left.
|inactive|marcusquinn has 30 seconds left.
|inactive|Jasondddd has 20 seconds left.
|inactive|Jasondddd has 15 seconds left.
|
|t:|1755061513
|-terastallize|p1a: Ursaluna|Ghost
|move|p1b: Whimsicott|Protect|p1b: Whimsicott
|-singleturn|p1b: Whimsicott|Protect
|move|p2a: Sneasler|Dire Claw|p1a: Ursaluna
|-resisted|p1a: Ursaluna
|-damage|p1a: Ursaluna|83/100
|move|p2b: Volcarona|Heat Wave|p1a: Ursaluna|[spread] p1a
|-activate|p1b: Whimsicott|move: Protect
|-damage|p1a: Ursaluna|45/100
|move|p1a: Ursaluna|Earthquake|p2a: Sneasler|[spread] p2a,p2b
|-activate|p1b: Whimsicott|move: Protect
|-supereffective|p2a: Sneasler
|-enditem|p2a: Sneasler|Focus Sash
|-damage|p2a: Sneasler|1/100
|-damage|p2b: Volcarona|46/100
|
|-status|p1a: Ursaluna|brn|[from] item: Flame Orb
|upkeep
|turn|2
|inactive|Jasondddd has 30 seconds left.
|inactive|Jasondddd has 20 seconds left.
|inactive|Jasondddd has 15 seconds left.
|
|t:|1755061557
|switch|p1a: Incineroar|Incineroar, L50, F, shiny|100/100
|-ability|p1a: Incineroar|Intimidate|boost
|-unboost|p2a: Sneasler|atk|1
|-unboost|p2b: Volcarona|atk|1
|move|p1b: Whimsicott|Tailwind|p1b: Whimsicott
|-sidestart|p1: marcusquinn|move: Tailwind
|move|p2a: Sneasler|Dire Claw|p1b: Whimsicott
|-supereffective|p1b: Whimsicott
|-damage|p1b: Whimsicott|0 fnt
|faint|p1b: Whimsicott
|move|p2b: Volcarona|Heat Wave|p1a: Incineroar
|-resisted|p1a: Incineroar
|-damage|p1a: Incineroar|74/100
|
|upkeep
|
|t:|1755061570
|switch|p1b: Sneasler|Sneasler, L50, F|100/100
|turn|3
|
|t:|1755061585
|switch|p1a: Ursaluna|Ursaluna, L50, F, tera:Ghost|45/100 brn
|move|p2a: Sneasler|Protect|p2a: Sneasler
|-singleturn|p2a: Sneasler|Protect
|move|p2b: Volcarona|Protect|p2b: Volcarona
|-singleturn|p2b: Volcarona|Protect
|move|p1b: Sneasler|Dire Claw|p2b: Volcarona
|-activate|p2b: Volcarona|move: Protect
|
|-damage|p1a: Ursaluna|40/100 brn|[from] brn
|upkeep
|turn|4
|inactive|marcusquinn has 30 seconds left.
|inactive|Jasondddd has 30 seconds left.
|
|t:|1755061613
|switch|p2b: Basculegion|Basculegion, L50, M|100/100
|move|p2a: Sneasler|Dire Claw|p1b: Sneasler
|-resisted|p1b: Sneasler
|-damage|p1b: Sneasler|77/100
|move|p1b: Sneasler|Dire Claw|p2b: Basculegion
|-resisted|p2b: Basculegion
|-damage|p2b: Basculegion|71/100
|move|p1a: Ursaluna|Facade|p2a: Sneasler
|-damage|p2a: Sneasler|0 fnt
|faint|p2a: Sneasler
|
|-damage|p1a: Ursaluna|34/100 brn|[from] brn
|upkeep
|
|t:|1755061634
|switch|p2a: Electabuzz|Electabuzz, L50, M|100/100
|turn|5
|inactive|marcusquinn has 30 seconds left.
|
|t:|1755061664
|switch|p1a: Incineroar|Incineroar, L50, F, shiny|74/100
|-ability|p1a: Incineroar|Intimidate|boost
|-unboost|p2a: Electabuzz|atk|1
|-unboost|p2b: Basculegion|atk|1
|move|p2a: Electabuzz|Follow Me|p2a: Electabuzz
|-singleturn|p2a: Electabuzz|move: Follow Me
|move|p1b: Sneasler|Dire Claw|p2a: Electabuzz
|-damage|p2a: Electabuzz|57/100
|move|p2b: Basculegion|Flip Turn|p1a: Incineroar
|-supereffective|p1a: Incineroar
|-damage|p1a: Incineroar|21/100
|-enditem|p1a: Incineroar|Sitrus Berry|[eat]
|-heal|p1a: Incineroar|46/100|[from] item: Sitrus Berry
|
|t:|1755061678
|switch|p2b: Volcarona|Volcarona, L50, F|46/100|[from] Flip Turn
|
|-sideend|p1: marcusquinn|move: Tailwind
|upkeep
|turn|6
|
|t:|1755061692
|move|p2a: Electabuzz|Protect|p2a: Electabuzz
|-singleturn|p2a: Electabuzz|Protect
|move|p2b: Volcarona|Protect|p2b: Volcarona
|-singleturn|p2b: Volcarona|Protect
|move|p1b: Sneasler|Close Combat|p2a: Electabuzz
|-activate|p2a: Electabuzz|move: Protect
|move|p1a: Incineroar|Flare Blitz|p2b: Volcarona
|-activate|p2b: Volcarona|move: Protect
|
|upkeep
|turn|7
|inactive|marcusquinn has 30 seconds left.
|inactive|Jasondddd has 30 seconds left.
|inactive|Jasondddd has 20 seconds left.
|inactive|Jasondddd has 15 seconds left.
|
|t:|1755061737
|switch|p2a: Basculegion|Basculegion, L50, M|71/100
|move|p1b: Sneasler|Dire Claw|p2a: Basculegion
|-resisted|p2a: Basculegion
|-damage|p2a: Basculegion|41/100
|move|p2b: Volcarona|Heat Wave|p1b: Sneasler|[spread] p1a,p1b
|-resisted|p1a: Incineroar
|-damage|p1a: Incineroar|26/100
|-damage|p1b: Sneasler|23/100
|move|p1a: Incineroar|Knock Off|p2b: Volcarona
|-damage|p2b: Volcarona|0 fnt
|-enditem|p2b: Volcarona|Covert Cloak|[from] move: Knock Off|[of] p1a: Incineroar
|faint|p2b: Volcarona
|
|upkeep
|
|t:|1755061752
|switch|p2b: Electabuzz|Electabuzz, L50, M|57/100
|turn|8
|inactive|marcusquinn has 30 seconds left.
|inactive|marcusquinn has 20 seconds left.
|inactive|marcusquinn has 15 seconds left.
|
|t:|1755061792
|move|p2a: Basculegion|Last Respects|p1b: Sneasler
|-damage|p1b: Sneasler|0 fnt
|faint|p1b: Sneasler
|move|p2b: Electabuzz|Thunderbolt|p1a: Incineroar
|-damage|p1a: Incineroar|0 fnt
|faint|p1a: Incineroar
|
|upkeep
|
|t:|1755061800
|switch|p1b: Ursaluna|Ursaluna, L50, F, tera:Ghost|34/100 brn
|turn|9
|
|t:|1755061806
|move|p1b: Ursaluna|Protect|p1b: Ursaluna
|-singleturn|p1b: Ursaluna|Protect
|move|p2a: Basculegion|Last Respects|p1b: Ursaluna
|-activate|p1b: Ursaluna|move: Protect
|move|p2b: Electabuzz|Thunderbolt|p1b: Ursaluna
|-activate|p1b: Ursaluna|move: Protect
|
|-damage|p1b: Ursaluna|28/100 brn|[from] brn
|upkeep
|turn|10
|
|t:|1755061819
|move|p2a: Basculegion|Last Respects|p1b: Ursaluna
|-supereffective|p1b: Ursaluna
|-damage|p1b: Ursaluna|0 fnt
|faint|p1b: Ursaluna
|
|win|Jasondddd
|raw|marcusquinn's rating: 1229 → 1206(-23 for losing)
|raw|Jasondddd's rating: 1263 → 1286(+23 for winning)
|l|☆Jasondddd
|player|p2|
