|j|☆Noyomi
|j|☆Darking81
|html|NoyomiDarking81    
|uhtml|bestof|Game 3 of a best-of-3
|t:|1783558364
|gametype|doubles
|player|p1|Noyomi|pokemonrangerf|
|player|p2|Darking81|hugh|
|gen|9
|tier|[Gen 9 Champions] VGC 2026 Reg M-B (Bo3)
|rule|Species Clause: Limit one of each Pokémon
|rule|Item Clause: Limit 1 of each item
|clearpoke
|poke|p1|Charizard, L50, M|
|poke|p1|Garchomp, L50, M|
|poke|p1|Sneasler, L50, F|
|poke|p1|Venusaur, L50, F|
|poke|p1|Milotic, L50, F|
|poke|p1|Ampharos, L50, M|
|poke|p2|Blastoise, L50, M|
|poke|p2|Incineroar, L50, F|
|poke|p2|Farigiraf, L50, M|
|poke|p2|Hatterene, L50, F|
|poke|p2|Torkoal, L50, F|
|poke|p2|Clefable, L50, M|
|teampreview|4
|showteam|p1|Charizard||CharizarditeY|Blaze|HeatWave,SolarBeam,Protect,ScorchingSands|Timid||M|||50|]Garchomp||SitrusBerry|RoughSkin|Earthquake,DragonClaw,Protect,RockSlide|Adamant||M|||50|]Sneasler||WhiteHerb|Unburden|CloseCombat,DireClaw,FakeOut,Protect|Adamant||F|||50|]Venusaur||FocusSash|Chlorophyll|SleepPowder,SludgeBomb,Protect,GigaDrain|Timid||F|||50|]Milotic||Leftovers|Competitive|Scald,IcyWind,Protect,Recover|Calm||F|||50|]Ampharos||Ampharosite|Static|DragonPulse,ParabolicCharge,Protect,HelpingHand|Modest||M|||50|
|showteam|p2|Blastoise||Blastoisinite|Torrent|AquaJet,IceBeam,Endure,Protect|Modest||M|||50|]Incineroar||SitrusBerry|Intimidate|FakeOut,PartingShot,FlareBlitz,ThroatChop|Careful||F|||50|]Farigiraf||MentalHerb|SapSipper|TrickRoom,HyperVoice,Psychic,Protect|Relaxed||M|||50|]Hatterene||FocusSash|MagicBounce|TrickRoom,DazzlingGleam,Psychic,Protect|Quiet||F|||50|]Torkoal||Charcoal|Drought|Eruption,HeatWave,EarthPower,Protect|Quiet||F|||50|]Clefable||ChoiceScarf|MagicGuard|FollowMe,Moonblast,HelpingHand,Protect|Bold||M|||50|
|
|t:|1783558385
|teamsize|p1|4
|teamsize|p2|4
|start
|switch|p1a: Sssssss|Milotic, L50, F|100/100
|switch|p1b: Chi|Ampharos, L50, M|100/100
|switch|p2a: Incineroar|Incineroar, L50, F|100/100
|switch|p2b: Farigiraf|Farigiraf, L50, M|100/100
|-ability|p2a: Incineroar|Intimidate|boost
|-unboost|p1a: Sssssss|atk|1
|-ability|p1a: Sssssss|Competitive|boost
|-boost|p1a: Sssssss|spa|2
|-unboost|p1b: Chi|atk|1
|turn|1
|
|t:|1783558430
|move|p2a: Incineroar|Fake Out|p1a: Sssssss
|-damage|p1a: Sssssss|89/100
|cant|p1a: Sssssss|flinch
|move|p1b: Chi|Dragon Pulse|p2b: Farigiraf
|-damage|p2b: Farigiraf|72/100
|move|p2b: Farigiraf|Trick Room|p2b: Farigiraf
|-fieldstart|move: Trick Room|[of] p2b: Farigiraf
|
|-heal|p1a: Sssssss|95/100|[from] item: Leftovers
|upkeep
|turn|2
|
|t:|1783558450
|switch|p2b: Clefable|Clefable, L50, M|100/100
|move|p1b: Chi|Helping Hand|p1a: Sssssss
|-singleturn|p1a: Sssssss|Helping Hand|[of] p1b: Chi
|move|p2a: Incineroar|Flare Blitz|p1b: Chi
|-crit|p1b: Chi
|-damage|p1b: Chi|24/100
|-damage|p2a: Incineroar|75/100|[from] Recoil
|move|p1a: Sssssss|Scald|p2b: Clefable
|-damage|p2b: Clefable|17/100
|-status|p2b: Clefable|brn
|
|-heal|p1a: Sssssss|100/100|[from] item: Leftovers
|upkeep
|turn|3
|
|t:|1783558475
|move|p1b: Chi|Protect|p1b: Chi
|-singleturn|p1b: Chi|Protect
|move|p2b: Clefable|Follow Me|p2b: Clefable
|-singleturn|p2b: Clefable|move: Follow Me
|move|p2a: Incineroar|Parting Shot|p1b: Chi
|-activate|p1b: Chi|move: Protect
|move|p1a: Sssssss|Scald|p2b: Clefable
|-damage|p2b: Clefable|0 fnt
|faint|p2b: Clefable
|
|upkeep
|
|t:|1783558487
|switch|p2b: Blastoise|Blastoise, L50, M|100/100
|turn|4
|
|t:|1783558510
|switch|p1b: Calcifer|Charizard, L50, M|100/100
|detailschange|p2b: Blastoise|Blastoise-Mega, L50, M
|-mega|p2b: Blastoise|Blastoise|Blastoisinite
|move|p2a: Incineroar|Throat Chop|p1b: Calcifer
|-damage|p1b: Calcifer|58/100
|-start|p1b: Calcifer|Throat Chop|[silent]
|move|p2b: Blastoise|Ice Beam|p1b: Calcifer
|-damage|p1b: Calcifer|21/100
|move|p1a: Sssssss|Scald|p2b: Blastoise
|-resisted|p2b: Blastoise|1
|-damage|p2b: Blastoise|77/100
|
|upkeep
|turn|5
|
|t:|1783558534
|move|p1b: Calcifer|Protect|p1b: Calcifer
|-singleturn|p1b: Calcifer|Protect
|move|p2a: Incineroar|Parting Shot|p1a: Sssssss
|-unboost|p1a: Sssssss|atk|1
|-ability|p1a: Sssssss|Competitive|boost
|-boost|p1a: Sssssss|spa|2
|-unboost|p1a: Sssssss|spa|1
|-ability|p1a: Sssssss|Competitive|boost
|-boost|p1a: Sssssss|spa|2
|
|t:|1783558549
|switch|p2a: Farigiraf|Farigiraf, L50, M|72/100|[from] Parting Shot
|move|p2b: Blastoise|Ice Beam|p1b: Calcifer
|-activate|p1b: Calcifer|move: Protect
|move|p1a: Sssssss|Scald|p2a: Farigiraf
|-damage|p2a: Farigiraf|0 fnt
|faint|p2a: Farigiraf
|
|-end|p1b: Calcifer|Throat Chop|[silent]
|-fieldend|move: Trick Room
|upkeep
|
|t:|1783558553
|switch|p2a: Incineroar|Incineroar, L50, F|75/100
|-ability|p2a: Incineroar|Intimidate|boost
|-unboost|p1a: Sssssss|atk|1
|-ability|p1a: Sssssss|Competitive|boost
|-boost|p1a: Sssssss|spa|1
|-unboost|p1b: Calcifer|atk|1
|turn|6
|
|t:|1783558579
|detailschange|p1b: Calcifer|Charizard-Mega-Y, L50, M
|-mega|p1b: Calcifer|Charizard|Charizardite Y
|-weather|SunnyDay|[from] ability: Drought|[of] p1b: Calcifer
|move|p2b: Blastoise|Endure|p2b: Blastoise
|-singleturn|p2b: Blastoise|move: Endure
|move|p2a: Incineroar|Fake Out|p1a: Sssssss
|-damage|p1a: Sssssss|88/100
|move|p1b: Calcifer|Solar Beam||[still]
|-prepare|p1b: Calcifer|Solar Beam
|-anim|p1b: Calcifer|Solar Beam|p2b: Blastoise
|-supereffective|p2b: Blastoise|1
|-activate|p2b: Blastoise|move: Endure
|-damage|p2b: Blastoise|1/100
|cant|p1a: Sssssss|flinch
|
|-weather|SunnyDay|[upkeep]
|-heal|p1a: Sssssss|94/100|[from] item: Leftovers
|upkeep
|turn|7
|
|t:|1783558602
|move|p1b: Calcifer|Solar Beam||[still]
|-prepare|p1b: Calcifer|Solar Beam
|-anim|p1b: Calcifer|Solar Beam|p2b: Blastoise
|-supereffective|p2b: Blastoise|1
|-damage|p2b: Blastoise|0 fnt
|faint|p2b: Blastoise
|move|p1a: Sssssss|Scald|p2a: Incineroar
|-supereffective|p2a: Incineroar|1
|-damage|p2a: Incineroar|0 fnt
|faint|p2a: Incineroar
|
|win|Noyomi
|l|☆Darking81
|player|p2|
