|j|☆TurtleGamin2
|j|☆rknsx17
|html|TurtleGamin2rknsx17    
|uhtml|bestof|Game 2 of a best-of-3
|t:|1783469488
|gametype|doubles
|player|p1|TurtleGamin2|wallace|1000
|player|p2|rknsx17|steven|1143
|gen|9
|tier|[Gen 9 Champions] VGC 2026 Reg M-B (Bo3)
|rated|
|rule|Species Clause: Limit one of each Pokémon
|rule|Item Clause: Limit 1 of each item
|clearpoke
|poke|p1|Scizor, L50, M|
|poke|p1|Floette-Eternal, L50, F|
|poke|p1|Maushold-Four, L50|
|poke|p1|Altaria, L50, F|
|poke|p1|Annihilape, L50, M|
|poke|p1|Araquanid, L50, M|
|poke|p2|Blaziken, L50, F|
|poke|p2|Kingambit, L50, M|
|poke|p2|Torkoal, L50, M|
|poke|p2|Aerodactyl, L50, M|
|poke|p2|Primarina, L50, F|
|poke|p2|Scizor, L50, M|
|teampreview|4
|showteam|p1|Scizor||Scizorite|Technician|BugBite,BulletPunch,SwordsDance,Protect|Adamant||M|||50|]Floette-Eternal||Floettite|FlowerVeil|Moonblast,DazzlingGleam,CalmMind,Protect|Modest||F|||50|]Maushold-Four||WideLens|FriendGuard|PopulationBomb,BeatUp,Protect,FollowMe|Serious|||||50|]Altaria||SitrusBerry|CloudNine|DragonPulse,Tailwind,Haze,Protect|Calm||F|||50|]Annihilape||LifeOrb|Defiant|RageFist,CloseCombat,DrainPunch,Protect|Jolly||M|||50|]Araquanid||Leftovers|WaterBubble|Liquidation,LeechLife,StickyWeb,Protect|Careful||M|||50|
|showteam|p2|Blaziken||Blazikenite|SpeedBoost|FlareBlitz,CloseCombat,RockSlide,Protect|Adamant||F|||50|]Kingambit||LifeOrb|Defiant|KowtowCleave,IronHead,LowKick,SuckerPunch|Adamant||M|||50|]Torkoal||Leftovers|Drought|BurningJealousy,Yawn,WeatherBall,Protect|Relaxed||M|||50|]Aerodactyl||FocusSash|Unnerve|DualWingbeat,WideGuard,Tailwind,RockSlide|Jolly||M|||50|]Primarina||ExpertBelt|LiquidVoice|CalmMind,HyperVoice,Moonblast,Protect|Modest||F|||50|]Scizor||Scizorite|Technician|BulletPunch,BugBite,SwordsDance,Protect|Adamant||M|||50|
|
|t:|1783469513
|teamsize|p1|4
|teamsize|p2|4
|start
|switch|p1a: Floette|Floette-Eternal, L50, F|100/100
|switch|p1b: Araquanid|Araquanid, L50, M|100/100
|switch|p2a: Aerodactyl|Aerodactyl, L50, M|100/100
|switch|p2b: Primarina|Primarina, L50, F|100/100
|-ability|p2a: Aerodactyl|Unnerve
|turn|1
|inactive|Battle timer is ON: inactive players will automatically lose when time's up. (requested by TurtleGamin2)
|
|t:|1783469533
|detailschange|p1a: Floette|Floette-Mega, L50, F
|-mega|p1a: Floette|Floette|Floettite
|-ability|p1a: Floette|Fairy Aura
|move|p2a: Aerodactyl|Dual Wingbeat|p1b: Araquanid
|-supereffective|p1b: Araquanid|1
|-damage|p1b: Araquanid|58/100
|-supereffective|p1b: Araquanid|1
|-damage|p1b: Araquanid|20/100r
|-hitcount|p1b: Araquanid|2
|move|p1a: Floette|Dazzling Gleam|p2a: Aerodactyl|[spread] p2a,p2b
|-damage|p2a: Aerodactyl|26/100
|-damage|p2b: Primarina|59/100
|move|p2b: Primarina|Moonblast|p1a: Floette
|-damage|p1a: Floette|51/100
|move|p1b: Araquanid|Liquidation|p2a: Aerodactyl
|-supereffective|p2a: Aerodactyl|1
|-damage|p2a: Aerodactyl|0 fnt
|faint|p2a: Aerodactyl
|
|-heal|p1b: Araquanid|25/100|[from] item: Leftovers
|upkeep
|
|t:|1783469555
|switch|p2a: Blaziken|Blaziken, L50, F|100/100
|turn|2
|j| MiXwX_
|
|t:|1783469580
|detailschange|p2a: Blaziken|Blaziken-Mega, L50, F
|-mega|p2a: Blaziken|Blaziken|Blazikenite
|move|p2a: Blaziken|Protect|p2a: Blaziken
|-singleturn|p2a: Blaziken|Protect
|move|p1a: Floette|Moonblast|p2b: Primarina
|-damage|p2b: Primarina|0 fnt
|faint|p2b: Primarina
|move|p1b: Araquanid|Sticky Web|p2a: Blaziken
|-sidestart|p2: rknsx17|move: Sticky Web
|
|-heal|p1b: Araquanid|31/100|[from] item: Leftovers
|-ability|p2a: Blaziken|Speed Boost|boost
|-boost|p2a: Blaziken|spe|1
|upkeep
|
|t:|1783469587
|switch|p2b: Kingambit|Kingambit, L50, M|100/100
|-activate|p2b: Kingambit|move: Sticky Web
|-unboost|p2b: Kingambit|spe|1
|-ability|p2b: Kingambit|Defiant|boost
|-boost|p2b: Kingambit|atk|2
|turn|3
|
|t:|1783469606
|move|p2b: Kingambit|Sucker Punch|p1b: Araquanid
|-damage|p1b: Araquanid|0 fnt
|faint|p1b: Araquanid
|-damage|p2b: Kingambit|90/100|[from] item: Life Orb
|move|p2a: Blaziken|Flare Blitz|p1a: Floette
|-damage|p1a: Floette|0 fnt
|faint|p1a: Floette
|-damage|p2a: Blaziken|80/100|[from] Recoil
|
|-ability|p2a: Blaziken|Speed Boost|boost
|-boost|p2a: Blaziken|spe|1
|upkeep
|
|t:|1783469617
|switch|p1a: Maushold|Maushold-Four, L50|100/100
|switch|p1b: Annihilape|Annihilape, L50, M|100/100
|turn|4
|inactive|rknsx17 has 30 seconds left.
|
|t:|1783469646
|move|p2b: Kingambit|Sucker Punch|p1b: Annihilape
|-damage|p1b: Annihilape|16/100
|-damage|p2b: Kingambit|80/100|[from] item: Life Orb
|move|p2a: Blaziken|Close Combat|p1a: Maushold
|-supereffective|p1a: Maushold|1
|-damage|p1a: Maushold|0 fnt
|-unboost|p2a: Blaziken|def|1
|-unboost|p2a: Blaziken|spd|1
|faint|p1a: Maushold
|move|p1b: Annihilape|Rage Fist|p2a: Blaziken
|-damage|p2a: Blaziken|0 fnt
|faint|p2a: Blaziken
|-damage|p1b: Annihilape|6/100|[from] item: Life Orb
|
|upkeep
|turn|5
|
|t:|1783469664
|move|p1b: Annihilape|Protect|p1b: Annihilape
|-singleturn|p1b: Annihilape|Protect
|move|p2b: Kingambit|Sucker Punch||[still]
|-fail|p2b: Kingambit
|
|upkeep
|turn|6
|
|t:|1783469668
|move|p1b: Annihilape|Protect||[still]
|-fail|p1b: Annihilape
|move|p2b: Kingambit|Sucker Punch||[still]
|-fail|p2b: Kingambit
|
|upkeep
|turn|7
|
|t:|1783469676
|move|p1b: Annihilape|Protect|p1b: Annihilape
|-singleturn|p1b: Annihilape|Protect
|move|p2b: Kingambit|Sucker Punch||[still]
|-fail|p2b: Kingambit
|
|upkeep
|turn|8
|
|t:|1783469683
|move|p2b: Kingambit|Sucker Punch|p1b: Annihilape
|-damage|p1b: Annihilape|0 fnt
|faint|p1b: Annihilape
|-damage|p2b: Kingambit|71/100|[from] item: Life Orb
|
|win|rknsx17
|l|☆TurtleGamin2
|player|p1|
||TurtleGamin2 is ready for game 3.
||rknsx17 is ready for game 3.
|uhtml|next|Next: Game 3 of 3
|l|☆rknsx17
|player|p2|
|j|☆rknsx17
|player|p2|rknsx17|steven|
