|j|☆mightycleaveingtou
|j|☆jonen
|html|mightycleaveingtoujonen    
|uhtml|bestof|Game 1 of a best-of-3
|t:|1756904455
|gametype|doubles
|player|p1|mightycleaveingtou|morty|
|player|p2|jonen|ruinmaniac-gen3|
|gen|9
|tier|[Gen 9] VGC 2025 Reg H (Bo3)
|rule|Species Clause: Limit one of each Pokémon
|rule|Item Clause: Limit 1 of each item
|clearpoke
|poke|p1|Gliscor, L50, M|
|poke|p1|Sneasler, L50, F|
|poke|p1|Primarina, L50, F|
|poke|p1|Archaludon, L50, M|
|poke|p1|Pelipper, L50, M|
|poke|p1|Rillaboom, L50, M|
|poke|p2|Garchomp, L50, M|
|poke|p2|Weezing-Galar, L50, M|
|poke|p2|Archaludon, L50, F|
|poke|p2|Gholdengo, L50|
|poke|p2|Talonflame, L50, F|
|poke|p2|Annihilape, L50, M|
|teampreview|4
|showteam|p1|Gliscor||ToxicOrb|PoisonHeal|DualWingbeat,HighHorsepower,Crabhammer,Protect|||M|||50|,,,,,Water]Sneasler||FocusSash|PoisonTouch|Protect,ThroatChop,CloseCombat,DireClaw|||F|||50|,,,,,Stellar]Primarina||Leftovers|LiquidVoice|HyperVoice,DazzlingGleam,CalmMind,Protect|||F|||50|,,,,,Steel]Archaludon||AssaultVest|Stamina|DragonPulse,ElectroShot,FlashCannon,BodyPress|||M|||50|,,,,,Electric]Pelipper||CovertCloak|Drizzle|Tailwind,Hurricane,WeatherBall,Protect|||M|||50|,,,,,Ghost]Rillaboom||MiracleSeed|GrassySurge|FakeOut,WoodHammer,Protect,GrassyGlide|||M|||50|,,,,,Grass
|showteam|p2|Garchomp||LifeOrb|RoughSkin|DragonClaw,Earthquake,StompingTantrum,Protect|||M|||50|,,,,,Ground]Weezing-Galar||FocusSash|NeutralizingGas|Protect,SludgeBomb,Taunt,StrangeSteam|||M|||50|,,,,,Flying]Archaludon||PowerHerb|Sturdy|ElectroShot,Thunderbolt,DracoMeteor,Protect|||F|||50|,,,,,Electric]Gholdengo||ChoiceSpecs|GoodasGold|ShadowBall,DazzlingGleam,PowerGem,MakeItRain||||||50|,,,,,Fairy]Talonflame||CovertCloak|GaleWings|Tailwind,DualWingbeat,UpperHand,FlareBlitz|||F|||50|,,,,,Fairy]Annihilape||AssaultVest|Defiant|CloseCombat,RageFist,FinalGambit,IcePunch|||M|||50|,,,,,Grass
|inactive|Battle timer is ON: inactive players will automatically lose when time's up. (requested by mightycleaveingtou)
|inactive|mightycleaveingtou has 60 seconds left.
|
|t:|1756904492
|teamsize|p1|4
|teamsize|p2|4
|start
|switch|p1a: GovernmentDrone|Pelipper, L50, M, shiny|100/100
|switch|p1b: TheBrooklynBridge|Archaludon, L50, M|100/100
|switch|p2a: Talonflame|Talonflame, L50, F|100/100
|switch|p2b: Annihilape|Annihilape, L50, M|100/100
|-weather|RainDance|[from] ability: Drizzle|[of] p1a: GovernmentDrone
|turn|1
|inactive|mightycleaveingtou has 30 seconds left.
|
|t:|1756904520
|move|p2a: Talonflame|Tailwind|p2a: Talonflame
|-sidestart|p2: jonen|move: Tailwind
|move|p2b: Annihilape|Final Gambit|p1b: TheBrooklynBridge
|-damage|p1b: TheBrooklynBridge|0 fnt
|faint|p2b: Annihilape
|faint|p1b: TheBrooklynBridge
|move|p1a: GovernmentDrone|Hurricane|p2a: Talonflame
|-crit|p2a: Talonflame
|-damage|p2a: Talonflame|10/100
|
|-weather|RainDance|[upkeep]
|upkeep
|
|t:|1756904531
|switch|p2b: Archaludon|Archaludon, L50, F|100/100
|switch|p1b: "ICanFixHer"|Sneasler, L50, F|100/100
|turn|2
|inactive|jonen has 30 seconds left.
|
|t:|1756904559
|switch|p1a: SatanLovesU<3|Gliscor, L50, M|100/100
|-terastallize|p2b: Archaludon|Electric
|move|p1b: "ICanFixHer"|Protect|p1b: "ICanFixHer"
|-singleturn|p1b: "ICanFixHer"|Protect
|move|p2a: Talonflame|Dual Wingbeat|p1b: "ICanFixHer"
|-activate|p1b: "ICanFixHer"|move: Protect
|move|p2b: Archaludon|Electro Shot||[still]
|-prepare|p2b: Archaludon|Electro Shot
|-boost|p2b: Archaludon|spa|1
|-anim|p2b: Archaludon|Electro Shot|p1a: SatanLovesU<3
|-immune|p1a: SatanLovesU<3
|
|-weather|RainDance|[upkeep]
|-status|p1a: SatanLovesU<3|tox|[from] item: Toxic Orb
|upkeep
|turn|3
|inactive|mightycleaveingtou has 30 seconds left.
|
|t:|1756904585
|switch|p1b: GovernmentDrone|Pelipper, L50, M, shiny|100/100
|move|p2a: Talonflame|Dual Wingbeat|p1b: GovernmentDrone|[miss]
|-miss|p2a: Talonflame|p1b: GovernmentDrone
|move|p2b: Archaludon|Draco Meteor|p1b: GovernmentDrone|[miss]
|-miss|p2b: Archaludon|p1b: GovernmentDrone
|move|p1a: SatanLovesU<3|High Horsepower|p2b: Archaludon
|-supereffective|p2b: Archaludon
|-damage|p2b: Archaludon|31/100
|
|-weather|RainDance|[upkeep]
|upkeep
|turn|4
|c|☆jonen|damn
|c|☆mightycleaveingtou|bruh
|inactive|mightycleaveingtou has 30 seconds left.
|
|t:|1756904614
|move|p1a: SatanLovesU<3|Protect|p1a: SatanLovesU<3
|-singleturn|p1a: SatanLovesU<3|Protect
|move|p1b: GovernmentDrone|Protect|p1b: GovernmentDrone
|-singleturn|p1b: GovernmentDrone|Protect
|move|p2a: Talonflame|Dual Wingbeat|p1b: GovernmentDrone
|-activate|p1b: GovernmentDrone|move: Protect
|move|p2b: Archaludon|Draco Meteor|p1a: SatanLovesU<3
|-activate|p1a: SatanLovesU<3|move: Protect
|
|-weather|RainDance|[upkeep]
|-sideend|p2: jonen|move: Tailwind
|upkeep
|turn|5
|
|t:|1756904637
|move|p2a: Talonflame|Tailwind|p2a: Talonflame
|-sidestart|p2: jonen|move: Tailwind
|move|p2b: Archaludon|Electro Shot||[still]
|-prepare|p2b: Archaludon|Electro Shot
|-boost|p2b: Archaludon|spa|1
|-anim|p2b: Archaludon|Electro Shot|p1b: GovernmentDrone
|-supereffective|p1b: GovernmentDrone
|-damage|p1b: GovernmentDrone|0 fnt
|faint|p1b: GovernmentDrone
|move|p1a: SatanLovesU<3|High Horsepower|p2b: Archaludon
|-supereffective|p2b: Archaludon
|-damage|p2b: Archaludon|0 fnt
|faint|p2b: Archaludon
|
|-weather|none
|upkeep
|
|t:|1756904649
|switch|p2b: Garchomp|Garchomp, L50, M|100/100
|switch|p1b: "ICanFixHer"|Sneasler, L50, F|100/100
|turn|6
|
|t:|1756904663
|move|p1b: "ICanFixHer"|Protect|p1b: "ICanFixHer"
|-singleturn|p1b: "ICanFixHer"|Protect
|move|p2a: Talonflame|Dual Wingbeat|p1a: SatanLovesU<3
|-damage|p1a: SatanLovesU<3|85/100 tox
|-damage|p1a: SatanLovesU<3|69/100 tox
|-hitcount|p1a: SatanLovesU<3|2
|move|p2b: Garchomp|Dragon Claw|p1a: SatanLovesU<3
|-damage|p1a: SatanLovesU<3|25/100 tox
|-damage|p2b: Garchomp|91/100|[from] item: Life Orb
|move|p1a: SatanLovesU<3|Crabhammer|p2a: Talonflame
|-supereffective|p2a: Talonflame
|-damage|p2a: Talonflame|0 fnt
|faint|p2a: Talonflame
|
|-heal|p1a: SatanLovesU<3|37/100 tox|[from] ability: Poison Heal
|upkeep
|turn|7
|
|t:|1756904685
|-terastallize|p1b: "ICanFixHer"|Stellar
|move|p1a: SatanLovesU<3|Protect|p1a: SatanLovesU<3
|-singleturn|p1a: SatanLovesU<3|Protect
|move|p2b: Garchomp|Stomping Tantrum|p1b: "ICanFixHer"
|-supereffective|p1b: "ICanFixHer"
|-enditem|p1b: "ICanFixHer"|Focus Sash
|-damage|p1b: "ICanFixHer"|1/100
|-damage|p2b: Garchomp|81/100|[from] item: Life Orb
|move|p1b: "ICanFixHer"|Close Combat|p2b: Garchomp
|-damage|p2b: Garchomp|0 fnt
|-unboost|p1b: "ICanFixHer"|def|1
|-unboost|p1b: "ICanFixHer"|spd|1
|-damage|p1b: "ICanFixHer"|0 fnt|[from] ability: Rough Skin|[of] p2b: Garchomp
|faint|p2b: Garchomp
|faint|p1b: "ICanFixHer"
|
|win|mightycleaveingtou
