|j|☆WhiteBookVGC
|j|☆noexperiencesorry
|html|WhiteBookVGCnoexperiencesorry    
|uhtml|bestof|Game 1 of a best-of-3
|t:|1756756446
|gametype|doubles
|player|p1|WhiteBookVGC|lyra|1077
|player|p2|noexperiencesorry|170|1111
|gen|9
|tier|[Gen 9] VGC 2025 Reg H (Bo3)
|rated|
|rule|Species Clause: Limit one of each Pokémon
|rule|Item Clause: Limit 1 of each item
|clearpoke
|poke|p1|Archaludon, L50, F|
|poke|p1|Incineroar, L50, M|
|poke|p1|Pelipper, L50, F|
|poke|p1|Amoonguss, L50, M|
|poke|p1|Basculegion, L50, M|
|poke|p1|Gholdengo, L50|
|poke|p2|Whimsicott, L50, F|
|poke|p2|Dragonite, L50, M|
|poke|p2|Rillaboom, L50, M|
|poke|p2|Ursaluna-Bloodmoon, L50, M|
|poke|p2|Electabuzz, L50, F|
|poke|p2|Volcarona, L50, M|
|teampreview|4
|showteam|p1|Archaludon||AssaultVest|Stamina|DragonPulse,FlashCannon,ElectroShot,BodyPress|||F|||50|,,,,,Fairy]Incineroar||SafetyGoggles|Intimidate|KnockOff,FlareBlitz,PartingShot,FakeOut|||M|||50|,,,,,Ghost]Pelipper||FocusSash|Drizzle|MuddyWater,Hurricane,Tailwind,Protect|||F|||50|,,,,,Grass]Amoonguss||SitrusBerry|Regenerator|Spore,RagePowder,PollenPuff,Protect|||M|||50|,,,,,Water]Basculegion||ChoiceScarf|Adaptability|AquaJet,WaveCrash,LastRespects,FlipTurn|||M|||50|,,,,,Water]Gholdengo||LifeOrb|GoodasGold|MakeItRain,ShadowBall,NastyPlot,Protect||||||50|,,,,,Dragon
|showteam|p2|Whimsicott||CovertCloak|Prankster|Moonblast,Encore,Tailwind,SunnyDay|||F|||50|,,,,,Ghost]Dragonite||LoadedDice|Multiscale|ScaleShot,ExtremeSpeed,Haze,Protect|||M|||50|,,,,,Fairy]Rillaboom||AssaultVest|GrassySurge|FakeOut,GrassyGlide,WoodHammer,Uturn|||M|||50|,,,,,Fire]Ursaluna-Bloodmoon||LifeOrb|MindsEye|Protect,HyperVoice,EarthPower,BloodMoon|||M|||50|,,,,,Normal]Electabuzz||Eviolite|VitalSpirit|Electroweb,Taunt,Protect,FollowMe|||F|||50|,,,,,Ghost]Volcarona||Leftovers|FlameBody|HeatWave,TeraBlast,QuiverDance,Protect|||M|||50|,,,,,Fairy
|inactive|Battle timer is ON: inactive players will automatically lose when time's up. (requested by noexperiencesorry)
|
|t:|1756756499
|teamsize|p1|4
|teamsize|p2|4
|start
|switch|p1a: Gholdengo|Gholdengo, L50, shiny|100/100
|switch|p1b: Incineroar|Incineroar, L50, M, shiny|100/100
|switch|p2a: Electabuzz|Electabuzz, L50, F|100/100
|switch|p2b: Volcarona|Volcarona, L50, M|100/100
|-ability|p1b: Incineroar|Intimidate|boost
|-unboost|p2a: Electabuzz|atk|1
|-unboost|p2b: Volcarona|atk|1
|turn|1
|inactive|WhiteBookVGC has 30 seconds left.
|inactive|noexperiencesorry has 30 seconds left.
|inactive|WhiteBookVGC has 20 seconds left.
|
|t:|1756756536
|move|p1b: Incineroar|Fake Out|p2b: Volcarona
|-damage|p2b: Volcarona|90/100
|move|p2a: Electabuzz|Electroweb|p1b: Incineroar|[spread] p1a,p1b
|-damage|p1a: Gholdengo|86/100
|-damage|p1b: Incineroar|91/100
|-unboost|p1a: Gholdengo|spe|1
|-unboost|p1b: Incineroar|spe|1
|cant|p2b: Volcarona|flinch
|move|p1a: Gholdengo|Nasty Plot|p1a: Gholdengo
|-boost|p1a: Gholdengo|spa|2
|
|-heal|p2b: Volcarona|95/100|[from] item: Leftovers
|upkeep
|turn|2
|inactive|WhiteBookVGC has 30 seconds left.
|
|t:|1756756563
|move|p2a: Electabuzz|Follow Me|p2a: Electabuzz
|-singleturn|p2a: Electabuzz|move: Follow Me
|move|p2b: Volcarona|Quiver Dance|p2b: Volcarona
|-boost|p2b: Volcarona|spa|1
|-boost|p2b: Volcarona|spd|1
|-boost|p2b: Volcarona|spe|1
|move|p1a: Gholdengo|Shadow Ball|p2a: Electabuzz
|-damage|p2a: Electabuzz|14/100
|-damage|p1a: Gholdengo|76/100|[from] item: Life Orb
|move|p1b: Incineroar|Knock Off|p2a: Electabuzz
|-damage|p2a: Electabuzz|0 fnt
|-enditem|p2a: Electabuzz|Eviolite|[from] move: Knock Off|[of] p1b: Incineroar
|faint|p2a: Electabuzz
|
|-heal|p2b: Volcarona|100/100|[from] item: Leftovers
|upkeep
|
|t:|1756756579
|switch|p2a: Ursaluna|Ursaluna-Bloodmoon, L50, M|100/100
|turn|3
|inactive|WhiteBookVGC has 30 seconds left.
|inactive|WhiteBookVGC has 20 seconds left.
|
|t:|1756756617
|switch|p1b: Pelipper|Pelipper, L50, F, shiny|100/100
|-weather|RainDance|[from] ability: Drizzle|[of] p1b: Pelipper
|-terastallize|p2a: Ursaluna|Normal
|-terastallize|p1a: Gholdengo|Dragon
|move|p2b: Volcarona|Heat Wave|p1a: Gholdengo|[spread] p1a
|-miss|p2b: Volcarona|p1b: Pelipper
|-resisted|p1a: Gholdengo
|-damage|p1a: Gholdengo|63/100
|move|p2a: Ursaluna|Hyper Voice|p1a: Gholdengo|[spread] p1a,p1b
|-damage|p1a: Gholdengo|0 fnt
|-enditem|p1b: Pelipper|Focus Sash
|-damage|p1b: Pelipper|1/100
|faint|p1a: Gholdengo
|-damage|p2a: Ursaluna|91/100|[from] item: Life Orb
|
|-weather|RainDance|[upkeep]
|upkeep
|
|t:|1756756637
|switch|p1a: Incineroar|Incineroar, L50, M, shiny|91/100
|-ability|p1a: Incineroar|Intimidate|boost
|-unboost|p2a: Ursaluna|atk|1
|-unboost|p2b: Volcarona|atk|1
|turn|4
|
|t:|1756756651
|switch|p2a: Whimsicott|Whimsicott, L50, F|100/100
|move|p2b: Volcarona|Protect|p2b: Volcarona
|-singleturn|p2b: Volcarona|Protect
|move|p1a: Incineroar|Fake Out|p2b: Volcarona
|-activate|p2b: Volcarona|move: Protect
|move|p1b: Pelipper|Tailwind|p1b: Pelipper
|-sidestart|p1: WhiteBookVGC|move: Tailwind
|
|-weather|RainDance|[upkeep]
|upkeep
|turn|5
|inactive|WhiteBookVGC has 30 seconds left.
|
|t:|1756756680
|switch|p1b: Archaludon|Archaludon, L50, F, shiny|100/100
|move|p2a: Whimsicott|Encore||[still]
|-fail|p2a: Whimsicott
|move|p2b: Volcarona|Quiver Dance|p2b: Volcarona
|-boost|p2b: Volcarona|spa|1
|-boost|p2b: Volcarona|spd|1
|-boost|p2b: Volcarona|spe|1
|move|p1a: Incineroar|Flare Blitz|p2b: Volcarona
|-damage|p2b: Volcarona|73/100
|-damage|p1a: Incineroar|83/100|[from] Recoil
|
|-weather|RainDance|[upkeep]
|-heal|p2b: Volcarona|79/100|[from] item: Leftovers
|upkeep
|turn|6
|inactive|WhiteBookVGC has 30 seconds left.
|
|t:|1756756710
|move|p2a: Whimsicott|Tailwind|p2a: Whimsicott
|-sidestart|p2: noexperiencesorry|move: Tailwind
|move|p2b: Volcarona|Quiver Dance|p2b: Volcarona
|-boost|p2b: Volcarona|spa|1
|-boost|p2b: Volcarona|spd|1
|-boost|p2b: Volcarona|spe|1
|move|p1b: Archaludon|Body Press|p2b: Volcarona
|-resisted|p2b: Volcarona
|-damage|p2b: Volcarona|66/100
|move|p1a: Incineroar|Knock Off|p2b: Volcarona
|-damage|p2b: Volcarona|22/100
|-enditem|p2b: Volcarona|Leftovers|[from] move: Knock Off|[of] p1a: Incineroar
|
|-weather|RainDance|[upkeep]
|upkeep
|turn|7
|inactive|noexperiencesorry has 30 seconds left.
|
|t:|1756756739
|move|p2b: Volcarona|Tera Blast|p1a: Incineroar
|-damage|p1a: Incineroar|33/100
|move|p2a: Whimsicott|Moonblast|p1a: Incineroar
|-damage|p1a: Incineroar|5/100
|move|p1b: Archaludon|Flash Cannon|p2a: Whimsicott
|-supereffective|p2a: Whimsicott
|-damage|p2a: Whimsicott|0 fnt
|faint|p2a: Whimsicott
|move|p1a: Incineroar|Flare Blitz|p2b: Volcarona
|-damage|p2b: Volcarona|0 fnt
|faint|p2b: Volcarona
|-damage|p1a: Incineroar|0 fnt|[from] Recoil
|faint|p1a: Incineroar
|
|-weather|none
|-sideend|p1: WhiteBookVGC|move: Tailwind
|upkeep
|
|t:|1756756756
|switch|p2b: Ursaluna|Ursaluna-Bloodmoon, L50, M, tera:Normal|91/100
|switch|p1a: Pelipper|Pelipper, L50, F, shiny|1/100
|-weather|RainDance|[from] ability: Drizzle|[of] p1a: Pelipper
|turn|8
|
|t:|1756756773
|move|p2b: Ursaluna|Blood Moon|p1a: Pelipper
|-damage|p1a: Pelipper|0 fnt
|faint|p1a: Pelipper
|-damage|p2b: Ursaluna|81/100|[from] item: Life Orb
|move|p1b: Archaludon|Body Press|p2b: Ursaluna
|-supereffective|p2b: Ursaluna
|-damage|p2b: Ursaluna|41/100
|
|-weather|RainDance|[upkeep]
|upkeep
|turn|9
|
|t:|1756756784
|move|p2b: Ursaluna|Earth Power|p1b: Archaludon
|-supereffective|p1b: Archaludon
|-damage|p1b: Archaludon|18/100
|-ability|p1b: Archaludon|Stamina|boost
|-boost|p1b: Archaludon|def|1
|-damage|p2b: Ursaluna|31/100|[from] item: Life Orb
|move|p1b: Archaludon|Body Press|p2b: Ursaluna
|-supereffective|p2b: Ursaluna
|-damage|p2b: Ursaluna|0 fnt
|faint|p2b: Ursaluna
|
|win|WhiteBookVGC
||noexperiencesorry is ready for game 2.
|inactive|WhiteBookVGC has 30 seconds to confirm battle start!
||WhiteBookVGC is ready for game 2.
|uhtml|next|Next: Game 2 of 3
