|j|☆Arhanjunior
|j|☆jkash123
|html|Arhanjuniorjkash123    
|uhtml|bestof|Game 2 of a best-of-3
|t:|1782619667
|gametype|doubles
|player|p1|Arhanjunior|2|1038
|player|p2|jkash123|266|1000
|gen|9
|tier|[Gen 9 Champions] VGC 2026 Reg M-B (Bo3)
|rated|
|rule|Species Clause: Limit one of each Pokémon
|rule|Item Clause: Limit 1 of each item
|clearpoke
|poke|p1|Swampert, L50, F|
|poke|p1|Pelipper, L50, F|
|poke|p1|Archaludon, L50, M|
|poke|p1|Sinistcha, L50|
|poke|p1|Maushold-Four, L50|
|poke|p1|Gholdengo, L50|
|poke|p2|Pyroar, L50, F|
|poke|p2|Maushold-Four, L50|
|poke|p2|Torkoal, L50, M|
|poke|p2|Ceruledge, L50, M|
|poke|p2|Venusaur, L50, F|
|poke|p2|Grimmsnarl, L50, M|
|teampreview|4
|showteam|p1|Swampert||Swampertite|Damp|HighHorsepower,WaveCrash,IcePunch,Protect|Adamant||F|||50|]Pelipper||SitrusBerry|Drizzle|Hurricane,WeatherBall,Tailwind,WideGuard|Modest||F|||50|]Archaludon||Leftovers|Stamina|DragonPulse,ElectroShot,AuraSphere,FlashCannon|Modest||M|||50|]Sinistcha||KasibBerry|Hospitality|MatchaGotcha,TrickRoom,RagePowder,LifeDew|Bold|||||50|]Maushold-Four||FocusSash|FriendGuard|SuperFang,FollowMe,RainDance,Protect|Timid|||||50|]Gholdengo||LifeOrb|GoodasGold|MakeItRain,ShadowBall,NastyPlot,Protect|Modest|||||50|
|showteam|p2|Pyroar||Pyroarite|Moxie|Flamethrower,HeatWave,Protect,ScorchingSands|Timid||F|||50|]Maushold-Four||MentalHerb|FriendGuard|Protect,FollowMe,PopulationBomb,Taunt|Jolly|||||50|]Torkoal||Charcoal|Drought|Protect,Eruption,HelpingHand,WeatherBall|Quiet||M|||50|]Ceruledge||ChoiceScarf|FlashFire|NightSlash,BitterBlade,CloseCombat,PoisonJab|Jolly||M|||50|]Venusaur||FocusSash|Chlorophyll|Protect,SleepPowder,SludgeBomb,GigaDrain|Modest||F|||50|]Grimmsnarl||LightClay|Prankster|FakeOut,Reflect,LightScreen,SpiritBreak|Adamant||M|||50|
|
|t:|1782619684
|teamsize|p1|4
|teamsize|p2|4
|start
|switch|p1a: Swampert|Swampert, L50, F|100/100
|switch|p1b: Maushold|Maushold-Four, L50|100/100
|switch|p2a: Grimmsnarl|Grimmsnarl, L50, M|100/100
|switch|p2b: Venusaur|Venusaur, L50, F|100/100
|turn|1
|inactive|Battle timer is ON: inactive players will automatically lose when time's up. (requested by jkash123)
|
|t:|1782619709
|switch|p1a: Pelipper|Pelipper, L50, F|100/100
|-weather|RainDance|[from] ability: Drizzle|[of] p1a: Pelipper
|move|p2a: Grimmsnarl|Fake Out|p1b: Maushold
|-damage|p1b: Maushold|81/100
|cant|p1b: Maushold|flinch
|move|p2b: Venusaur|Giga Drain|p1a: Pelipper
|-damage|p1a: Pelipper|62/100
|
|-weather|RainDance|[upkeep]
|upkeep
|turn|2
|
|t:|1782619727
|move|p2a: Grimmsnarl|Light Screen|p2a: Grimmsnarl
|-sidestart|p2: jkash123|move: Light Screen
|move|p1b: Maushold|Super Fang|p2b: Venusaur
|-damage|p2b: Venusaur|50/100g
|move|p2b: Venusaur|Sleep Powder|p1b: Maushold
|-status|p1b: Maushold|slp|[from] move: Sleep Powder
|move|p1a: Pelipper|Hurricane|p2b: Venusaur
|-supereffective|p2b: Venusaur|1
|-damage|p2b: Venusaur|0 fnt
|faint|p2b: Venusaur
|
|-weather|RainDance|[upkeep]
|upkeep
|
|t:|1782619741
|switch|p2b: Maushold|Maushold-Four, L50|100/100
|turn|3
|
|t:|1782619758
|cant|p1b: Maushold|slp
|move|p2b: Maushold|Population Bomb|p1a: Pelipper
|-damage|p1a: Pelipper|57/100
|-damage|p1a: Pelipper|53/100
|-damage|p1a: Pelipper|49/100
|-enditem|p1a: Pelipper|Sitrus Berry|[eat]
|-heal|p1a: Pelipper|74/100|[from] item: Sitrus Berry
|-hitcount|p1a: Pelipper|3
|move|p1a: Pelipper|Weather Ball|p2b: Maushold
|-damage|p2b: Maushold|45/100
|move|p2a: Grimmsnarl|Spirit Break|p1a: Pelipper
|-damage|p1a: Pelipper|41/100
|-unboost|p1a: Pelipper|spa|1
|
|-weather|RainDance|[upkeep]
|upkeep
|turn|4
|inactive|jkash123 has 30 seconds left.
|
|t:|1782619784
|switch|p1a: Sinistcha|Sinistcha, L50|100/100
|-heal|p1b: Maushold|100/100 slp|[from] ability: Hospitality|[of] p1a: Sinistcha
|cant|p1b: Maushold|slp
|move|p2b: Maushold|Population Bomb|p1b: Maushold
|-damage|p1b: Maushold|91/100 slp
|-damage|p1b: Maushold|84/100 slp
|-damage|p1b: Maushold|76/100 slp
|-hitcount|p1b: Maushold|3
|move|p2a: Grimmsnarl|Spirit Break|p1a: Sinistcha
|-damage|p1a: Sinistcha|76/100
|-unboost|p1a: Sinistcha|spa|1
|
|-weather|RainDance|[upkeep]
|upkeep
|turn|5
|inactive|jkash123 has 30 seconds left.
|
|t:|1782619810
|move|p2b: Maushold|Taunt|p1b: Maushold
|-start|p1b: Maushold|move: Taunt
|-curestatus|p1b: Maushold|slp|[msg]
|move|p1b: Maushold|Super Fang|p2a: Grimmsnarl
|-damage|p2a: Grimmsnarl|50/100y
|move|p1a: Sinistcha|Matcha Gotcha|p2b: Maushold|[spread] p2a,p2b
|-damage|p2a: Grimmsnarl|41/100
|-heal|p1a: Sinistcha|82/100|[from] drain|[of] p2a: Grimmsnarl
|-damage|p2b: Maushold|33/100
|-heal|p1a: Sinistcha|88/100|[from] drain|[of] p2b: Maushold
|-status|p2a: Grimmsnarl|brn
|-status|p2b: Maushold|brn
|move|p2a: Grimmsnarl|Spirit Break|p1a: Sinistcha
|-damage|p1a: Sinistcha|76/100
|-unboost|p1a: Sinistcha|spa|1
|
|-weather|none
|-damage|p2b: Maushold|27/100 brn|[from] brn
|-damage|p2a: Grimmsnarl|35/100 brn|[from] brn
|upkeep
|turn|6
|inactive|jkash123 has 30 seconds left.
|inactive|jkash123 has 20 seconds left.
|inactive|jkash123 has 15 seconds left.
|inactive|jkash123 has 10 seconds left.
|inactive|jkash123 has 5 seconds left.
|
|t:|1782619866
|move|p2b: Maushold|Protect|p2b: Maushold
|-singleturn|p2b: Maushold|Protect
|move|p2a: Grimmsnarl|Reflect|p2a: Grimmsnarl
|-sidestart|p2: jkash123|Reflect
|move|p1b: Maushold|Super Fang|p2a: Grimmsnarl
|-damage|p2a: Grimmsnarl|17/100 brn
|move|p1a: Sinistcha|Matcha Gotcha|p2b: Maushold|[spread] p2a
|-activate|p2b: Maushold|move: Protect
|-damage|p2a: Grimmsnarl|10/100 brn
|-heal|p1a: Sinistcha|80/100|[from] drain|[of] p2a: Grimmsnarl
|
|-damage|p2b: Maushold|20/100y brn|[from] brn
|-damage|p2a: Grimmsnarl|4/100 brn|[from] brn
|upkeep
|turn|7
|l|☆jkash123
|inactive|jkash123 disconnected and has a minute to reconnect!
|player|p2|
|inactive|jkash123 has 30 seconds left.
|inactive|jkash123 has 20 seconds left.
|inactive|jkash123 has 15 seconds left.
|inactive|jkash123 has 10 seconds left.
|inactive|jkash123 has 5 seconds left.
|-message|jkash123 lost due to inactivity.
|
|win|Arhanjunior
|raw|Arhanjunior's rating: 1038 → 1069(+31 for winning)
|raw|jkash123's rating: 1000 → 1000(+0 for losing)
