|j|☆grrimm32
|j|☆Monfernep
|html|grrimm32Monfernep    
|uhtml|bestof|Game 1 of a best-of-3
|t:|1785837433
|gametype|doubles
|player|p1|grrimm32|iono-masters|
|player|p2|Monfernep|skyla|
|gen|9
|tier|[Gen 9 Champions] VGC 2026 Reg M-B (Bo3)
|rule|Species Clause: Limit one of each Pokémon
|rule|Item Clause: Limit 1 of each item
|clearpoke
|poke|p1|Runerigus, L50, F|
|poke|p1|Slowbro, L50, F|
|poke|p1|Emboar, L50, M, shiny|
|poke|p1|Abomasnow, L50, M, shiny|
|poke|p1|Simipour, L50, F|
|poke|p1|Zoroark, L50, M|
|poke|p2|Simisear, L50, M|
|poke|p2|Tinkaton, L50, F|
|poke|p2|Garbodor, L50, M|
|poke|p2|Simisage, L50, F|
|poke|p2|Heliolisk, L50, F|
|poke|p2|Emboar, L50, F, shiny|
|teampreview|4
|showteam|p1|Runerigus||MentalHerb|WanderingSpirit|TrickRoom,Taunt,WillOWisp,Poltergeist|Sassy||F|||50|]Slowbro||Leftovers|Regenerator|TrickRoom,Scald,CalmMind,SlackOff|Relaxed||F|||50|]Emboar||LifeOrb|Reckless|FlareBlitz,CloseCombat,WildCharge,Protect|Brave||M|||50|]Abomasnow||Abomasite|SnowWarning|Blizzard,EarthPower,GigaDrain,Protect|Quiet||M|||50|]Simipour||WacanBerry|Torrent|FakeOut,Scald,FlipTurn,Taunt|Timid||F|||50|]Zoroark||FocusSash|Illusion|DarkPulse,Protect,Flamethrower,NastyPlot|Timid||M|||50|
|showteam|p2|Simisear||FocusSash|Gluttony|ScorchingSands,NastyPlot,HeatWave,GrassKnot|Timid||M|||50|]Tinkaton||Leftovers|MoldBreaker|FakeOut,GigatonHammer,KnockOff,RockSlide|Jolly||F|||50|]Garbodor||HeatRock|WeakArmor|StompingTantrum,PoisonJab,SunnyDay,Haze|Serious||M|||50|]Simisage||LifeOrb|Overgrow|LowKick,SolarBlade,Protect,RockSlide|Jolly||F|||50|]Heliolisk||ExpertBelt|SolarPower|SolarBeam,WeatherBall,Uturn,Thunderbolt|Timid||F|||50|]Emboar||Emboarite|Blaze|FirePunch,SolarBlade,CloseCombat,FlameCharge|Adamant||F|||50|
|
|t:|1785837501
|teamsize|p1|4
|teamsize|p2|4
|start
|switch|p1a: Runerigus|Runerigus, L50, F|100/100
|switch|p1b: Emboar|Emboar, L50, M, shiny|100/100
|switch|p2a: Tinkaton|Tinkaton, L50, F|100/100
|switch|p2b: Threat|Garbodor, L50, M|100/100
|-ability|p2a: Tinkaton|Mold Breaker
|turn|1
|
|t:|1785837516
|move|p1b: Emboar|Protect|p1b: Emboar
|-singleturn|p1b: Emboar|Protect
|move|p2a: Tinkaton|Fake Out|p1b: Emboar
|-activate|p1b: Emboar|move: Protect
|move|p2b: Threat|Stomping Tantrum|p1b: Emboar
|-activate|p1b: Emboar|move: Protect
|move|p1a: Runerigus|Trick Room|p1a: Runerigus
|-fieldstart|move: Trick Room|[of] p1a: Runerigus
|
|upkeep
|turn|2
|
|t:|1785837532
|move|p1a: Runerigus|Will-O-Wisp|p2b: Threat|[miss]
|-miss|p1a: Runerigus|p2b: Threat
|move|p1b: Emboar|Flare Blitz|p2a: Tinkaton
|-supereffective|p2a: Tinkaton|1
|-damage|p2a: Tinkaton|0 fnt
|faint|p2a: Tinkaton
|-damage|p1b: Emboar|75/100|[from] Recoil
|-damage|p1b: Emboar|65/100|[from] item: Life Orb
|move|p2b: Threat|Stomping Tantrum|p1b: Emboar
|-supereffective|p1b: Emboar|1
|-damage|p1b: Emboar|18/100
|
|upkeep
|
|t:|1785837539
|switch|p2a: Simisage|Simisage, L50, F|100/100
|turn|3
|
|t:|1785837560
|move|p1a: Runerigus|Poltergeist|p2a: Simisage
|-activate|p2a: Simisage|move: Poltergeist|Life Orb
|-damage|p2a: Simisage|34/100
|move|p1b: Emboar|Flare Blitz|p2b: Threat
|-damage|p2b: Threat|0 fnt
|faint|p2b: Threat
|-damage|p1b: Emboar|0 fnt|[from] Recoil
|faint|p1b: Emboar
|move|p2a: Simisage|Solar Blade||[still]
|-prepare|p2a: Simisage|Solar Blade
|
|upkeep
|
|t:|1785837571
|switch|p1b: Abomasnow|Abomasnow, L50, M, shiny|100/100
|switch|p2b: Gerson Boom|Emboar, L50, F, shiny|100/100
|-weather|Snowscape|[from] ability: Snow Warning|[of] p1b: Abomasnow
|turn|4
|
|t:|1785837587
|detailschange|p1b: Abomasnow|Abomasnow-Mega, L50, M, shiny
|-mega|p1b: Abomasnow|Abomasnow|Abomasite
|detailschange|p2b: Gerson Boom|Emboar-Mega, L50, F, shiny
|-mega|p2b: Gerson Boom|Emboar|Emboarite
|-ability|p2b: Gerson Boom|Mold Breaker
|move|p1a: Runerigus|Poltergeist|p2b: Gerson Boom
|-activate|p2b: Gerson Boom|move: Poltergeist|Emboarite
|-damage|p2b: Gerson Boom|59/100
|move|p1b: Abomasnow|Earth Power|p2b: Gerson Boom
|-supereffective|p2b: Gerson Boom|1
|-damage|p2b: Gerson Boom|0 fnt
|faint|p2b: Gerson Boom
|move|p2a: Simisage|Solar Blade|p1a: Runerigus|[from] lockedmove
|-supereffective|p1a: Runerigus|1
|-damage|p1a: Runerigus|46/100
|-activate|p2a: Simisage|Skill Swap|Wandering Spirit|Overgrow|[of] p1a: Runerigus
|-damage|p2a: Simisage|24/100|[from] item: Life Orb
|
|-weather|Snowscape|[upkeep]
|upkeep
|turn|5
|
|t:|1785837605
|move|p2a: Simisage|Protect|p2a: Simisage
|-singleturn|p2a: Simisage|Protect
|move|p1a: Runerigus|Poltergeist|p2a: Simisage
|-activate|p2a: Simisage|move: Protect
|move|p1b: Abomasnow|Blizzard|p2a: Simisage
|-activate|p2a: Simisage|move: Protect
|
|-weather|Snowscape|[upkeep]
|-fieldend|move: Trick Room
|upkeep
|turn|6
|
|t:|1785837611
|move|p2a: Simisage|Low Kick|p1b: Abomasnow
|-supereffective|p1b: Abomasnow|1
|-damage|p1b: Abomasnow|58/100
|-damage|p2a: Simisage|14/100|[from] item: Life Orb
|move|p1b: Abomasnow|Blizzard|p2a: Simisage
|-supereffective|p2a: Simisage|1
|-damage|p2a: Simisage|0 fnt
|faint|p2a: Simisage
|
|win|grrimm32
||Monfernep is ready for game 2.
||grrimm32 is ready for game 2.
|uhtml|next|Next: Game 2 of 3
|l|☆grrimm32
|player|p1|
