|j|☆indiofiero
|j|☆randomguy1114s
|html|indiofierorandomguy1114s    
|uhtml|bestof|Game 2 of a best-of-3
|t:|1755567534
|gametype|doubles
|player|p1|indiofiero|101|1190
|player|p2|randomguy1114s|lillie-masters|1210
|gen|9
|tier|[Gen 9] VGC 2025 Reg H (Bo3)
|rated|
|rule|Species Clause: Limit one of each Pokémon
|rule|Item Clause: Limit 1 of each item
|clearpoke
|poke|p1|Archaludon, L50, M|
|poke|p1|Pelipper, L50, M|
|poke|p1|Sinistcha, L50|
|poke|p1|Ursaluna, L50, M|
|poke|p1|Gholdengo, L50|
|poke|p1|Dragonite, L50, F|
|poke|p2|Whimsicott, L50, M|
|poke|p2|Typhlosion-Hisui, L50, M|
|poke|p2|Weezing-Galar, L50, F|
|poke|p2|Kommo-o, L50, F|
|poke|p2|Gholdengo, L50|
|poke|p2|Rillaboom, L50, F|
|teampreview|4
|showteam|p1|Archaludon||AssaultVest|Stamina|ElectroShot,FlashCannon,Snarl,BodyPress|||M|||50|,,,,,Fighting]Pelipper||FocusSash|Drizzle|Tailwind,MuddyWater,Hurricane,Protect|||M|||50|,,,,,Ghost]Sinistcha||SitrusBerry|Hospitality|MatchaGotcha,LifeDew,RagePowder,TrickRoom||||||50|,,,,,Dark]Ursaluna||FlameOrb|Guts|HeadlongRush,Earthquake,Facade,Protect|||M|||50|,,,,,Ghost]Gholdengo||ChoiceScarf|GoodasGold|MakeItRain,ShadowBall,Trick,Protect||||||50|,,,,,Flying]Dragonite||LoadedDice|Multiscale|ScaleShot,Haze,Tailwind,Protect|||F|||50|,,,,,Fairy
|showteam|p2|Whimsicott||FocusSash|Prankster|Moonblast,SunnyDay,Encore,Tailwind|||M|||50|,,,,,Ghost]Typhlosion-Hisui||ChoiceScarf|Blaze|Eruption,HeatWave,ShadowBall,Overheat|||M|||50|,,,,,Fire]Weezing-Galar||CovertCloak|NeutralizingGas|Taunt,StrangeSteam,PoisonGas,Protect|||F|||50|,,,,,Water]Kommo-o||ThroatSpray|Bulletproof|ClangorousSoul,ClangingScales,Flamethrower,Protect|||F|||50|,,,,,Fire]Gholdengo||ChoiceSpecs|GoodasGold|MakeItRain,PowerGem,ShadowBall,Thunderbolt||||||50|,,,,,Steel]Rillaboom||AssaultVest|GrassySurge|FakeOut,GrassyGlide,WoodHammer,Uturn|||F|||50|,,,,,Fire
|
|t:|1755567580
|teamsize|p1|4
|teamsize|p2|4
|start
|switch|p1a: Gholdengo|Gholdengo, L50|100/100
|switch|p1b: Dragonite|Dragonite, L50, F|100/100
|switch|p2a: cotton ball|Whimsicott, L50, M, shiny|100/100
|switch|p2b: Gholdengo|Gholdengo, L50|100/100
|turn|1
|
|t:|1755567615
|switch|p1b: Ursaluna|Ursaluna, L50, M|100/100
|-terastallize|p1a: Gholdengo|Flying
|-terastallize|p2b: Gholdengo|Steel
|move|p2a: cotton ball|Tailwind|p2a: cotton ball
|-sidestart|p2: randomguy1114s|move: Tailwind
|move|p2b: Gholdengo|Shadow Ball|p1a: Gholdengo
|-damage|p1a: Gholdengo|14/100
|-unboost|p1a: Gholdengo|spd|1
|move|p1a: Gholdengo|Trick|p2a: cotton ball
|-activate|p1a: Gholdengo|move: Trick|[of] p2a: cotton ball
|-item|p2a: cotton ball|Choice Scarf|[from] move: Trick
|-item|p1a: Gholdengo|Focus Sash|[from] move: Trick
|
|-status|p1b: Ursaluna|brn|[from] item: Flame Orb
|upkeep
|turn|2
|
|t:|1755567645
|switch|p2b: monkeh|Rillaboom, L50, F, shiny|100/100
|-fieldstart|move: Grassy Terrain|[from] ability: Grassy Surge|[of] p2b: monkeh
|move|p2a: cotton ball|Moonblast|p1a: Gholdengo
|-crit|p1a: Gholdengo
|-damage|p1a: Gholdengo|0 fnt
|faint|p1a: Gholdengo
|move|p1b: Ursaluna|Earthquake|p2a: cotton ball|[spread] p2a,p2b
|-resisted|p2a: cotton ball
|-resisted|p2b: monkeh
|-damage|p2a: cotton ball|74/100
|-damage|p2b: monkeh|84/100
|
|-heal|p2a: cotton ball|80/100|[from] Grassy Terrain
|-heal|p2b: monkeh|90/100|[from] Grassy Terrain
|-damage|p1b: Ursaluna|95/100 brn|[from] brn
|upkeep
|
|t:|1755567658
|switch|p1a: Dragonite|Dragonite, L50, F|100/100
|turn|3
|
|t:|1755567671
|switch|p1b: Archaludon|Archaludon, L50, M|100/100
|move|p2a: cotton ball|Moonblast|p1a: Dragonite
|-supereffective|p1a: Dragonite
|-damage|p1a: Dragonite|64/100
|-unboost|p1a: Dragonite|spa|1
|move|p2b: monkeh|Wood Hammer|p1b: Archaludon
|-resisted|p1b: Archaludon
|-damage|p1b: Archaludon|87/100
|-ability|p1b: Archaludon|Stamina|boost
|-boost|p1b: Archaludon|def|1
|-damage|p2b: monkeh|85/100|[from] Recoil
|move|p1a: Dragonite|Tailwind|p1a: Dragonite
|-sidestart|p1: indiofiero|move: Tailwind
|
|-heal|p2a: cotton ball|86/100|[from] Grassy Terrain
|-heal|p2b: monkeh|91/100|[from] Grassy Terrain
|-heal|p1b: Archaludon|93/100|[from] Grassy Terrain
|upkeep
|turn|4
|
|t:|1755567703
|move|p1a: Dragonite|Protect|p1a: Dragonite
|-singleturn|p1a: Dragonite|Protect
|move|p2a: cotton ball|Moonblast|p1a: Dragonite
|-activate|p1a: Dragonite|move: Protect
|move|p2b: monkeh|U-turn|p1b: Archaludon
|-resisted|p1b: Archaludon
|-damage|p1b: Archaludon|88/100
|-ability|p1b: Archaludon|Stamina|boost
|-boost|p1b: Archaludon|def|1
|
|t:|1755567710
|switch|p2b: Gholdengo|Gholdengo, L50, tera:Steel|100/100|[from] U-turn
|move|p1b: Archaludon|Flash Cannon|p2a: cotton ball
|-supereffective|p2a: cotton ball
|-damage|p2a: cotton ball|0 fnt
|faint|p2a: cotton ball
|
|-heal|p1b: Archaludon|94/100|[from] Grassy Terrain
|-sideend|p2: randomguy1114s|move: Tailwind
|upkeep
|
|t:|1755567715
|switch|p2a: monkeh|Rillaboom, L50, F, shiny|91/100
|turn|5
|
|t:|1755567728
|switch|p1a: Ursaluna|Ursaluna, L50, M|95/100 brn
|move|p2a: monkeh|Fake Out|p1b: Archaludon
|-resisted|p1b: Archaludon
|-damage|p1b: Archaludon|91/100
|-ability|p1b: Archaludon|Stamina|boost
|-boost|p1b: Archaludon|def|1
|cant|p1b: Archaludon|flinch
|move|p2b: Gholdengo|Make It Rain|p1b: Archaludon|[spread] p1a,p1b
|-resisted|p1b: Archaludon
|-damage|p1a: Ursaluna|0 fnt
|-damage|p1b: Archaludon|57/100
|-unboost|p2b: Gholdengo|spa|1
|-ability|p1b: Archaludon|Stamina|boost
|-boost|p1b: Archaludon|def|1
|faint|p1a: Ursaluna
|
|-heal|p1b: Archaludon|63/100|[from] Grassy Terrain
|-heal|p2a: monkeh|97/100|[from] Grassy Terrain
|upkeep
|
|t:|1755567739
|switch|p1a: Dragonite|Dragonite, L50, F|64/100
|turn|6
|
|t:|1755567754
|switch|p2b: cant stop me|Typhlosion-Hisui, L50, M|100/100
|move|p1a: Dragonite|Scale Shot|p2a: monkeh
|-damage|p2a: monkeh|81/100
|-damage|p2a: monkeh|66/100
|-crit|p2a: monkeh
|-damage|p2a: monkeh|42/100
|-damage|p2a: monkeh|26/100
|-hitcount|p2a: monkeh|4
|-unboost|p1a: Dragonite|def|1
|-boost|p1a: Dragonite|spe|1
|move|p1b: Archaludon|Body Press|p2b: cant stop me
|-immune|p2b: cant stop me
|move|p2a: monkeh|U-turn|p1a: Dragonite
|-resisted|p1a: Dragonite
|-damage|p1a: Dragonite|44/100
|
|t:|1755567761
|switch|p2a: Gholdengo|Gholdengo, L50, tera:Steel|100/100|[from] U-turn
|
|-heal|p1b: Archaludon|69/100|[from] Grassy Terrain
|-sideend|p1: indiofiero|move: Tailwind
|-fieldend|move: Grassy Terrain
|upkeep
|turn|7
|
|t:|1755567786
|move|p2b: cant stop me|Eruption|p1b: Archaludon|[spread] p1a,p1b
|-resisted|p1a: Dragonite
|-damage|p1a: Dragonite|14/100
|-damage|p1b: Archaludon|31/100
|-ability|p1b: Archaludon|Stamina|boost
|-boost|p1b: Archaludon|def|1
|move|p1a: Dragonite|Scale Shot|p2b: cant stop me
|-damage|p2b: cant stop me|80/100
|-damage|p2b: cant stop me|58/100
|-damage|p2b: cant stop me|37/100
|-damage|p2b: cant stop me|15/100
|-hitcount|p2b: cant stop me|4
|-unboost|p1a: Dragonite|def|1
|-boost|p1a: Dragonite|spe|1
|move|p2a: Gholdengo|Make It Rain|p1b: Archaludon|[spread] p1a,p1b
|-resisted|p1b: Archaludon
|-damage|p1a: Dragonite|0 fnt
|-damage|p1b: Archaludon|0 fnt
|-unboost|p2a: Gholdengo|spa|1
|faint|p1a: Dragonite
|faint|p1b: Archaludon
|
|win|randomguy1114s
|raw|indiofiero's rating: 1190 → 1166(-24 for losing)
|raw|randomguy1114s's rating: 1210 → 1234(+24 for winning)
