|j|☆I HATE DONDOZO-239
|j|☆Pumpkinman
|html|I HATE DONDOZO-239Pumpkinman    
|uhtml|bestof|Game 3 of a best-of-3
|t:|1756932897
|gametype|doubles
|player|p1|I HATE DONDOZO-239|265|1118
|player|p2|Pumpkinman|cyclist-gen4|1125
|gen|9
|tier|[Gen 9] VGC 2025 Reg H (Bo3)
|rated|
|rule|Species Clause: Limit one of each Pokémon
|rule|Item Clause: Limit 1 of each item
|clearpoke
|poke|p1|Mienshao, L50, F|
|poke|p1|Garchomp, L50, F|
|poke|p1|Tyranitar, L50, M|
|poke|p1|Gholdengo, L50|
|poke|p1|Talonflame, L50, F|
|poke|p1|Gallade, L50, M|
|poke|p2|Charizard, L50, F|
|poke|p2|Torkoal, L50, M|
|poke|p2|Porygon2, L50|
|poke|p2|Incineroar, L50, F|
|poke|p2|Jumpluff, L50, M|
|poke|p2|Ursaluna, L50, M|
|teampreview|4
|showteam|p1|Mienshao||FocusSash|InnerFocus|FakeOut,CloseCombat,Coaching,WideGuard|||F|||50|,,,,,Stellar]Garchomp||ClearAmulet|SandVeil|StompingTantrum,DragonClaw,Protect,Earthquake|||F|||50|,,,,,Fire]Tyranitar||AssaultVest|SandStream|TeraBlast,RockSlide,LowKick,KnockOff|||M|||50|,,,,,Flying]Gholdengo||ChoiceSpecs|GoodasGold|Trick,MakeItRain,ShadowBall,Thunderbolt||||||50|,,,,,Steel]Talonflame||CovertCloak|GaleWings|BraveBird,Tailwind,Taunt,WillOWisp|||F|||50|,,,,,Ghost]Gallade||LifeOrb|Sharpness|TrickRoom,Imprison,PsychoCut,SacredSword|||M|||50|,,,,,Grass
|showteam|p2|Charizard||ChoiceSpecs|SolarPower|HeatWave,Overheat,WeatherBall,AirSlash|||F|||50|,,,,,Ghost]Torkoal||EjectPack|Drought|Eruption,Overheat,HelpingHand,Protect|||M|||50|,,,,,Fire]Porygon2||Eviolite|Download|TeraBlast,IceBeam,Recover,TrickRoom||||||50|,,,,,Fighting]Incineroar||SitrusBerry|Intimidate|FlareBlitz,KnockOff,FakeOut,PartingShot|||F|||50|,,,,,Ghost]Jumpluff||CovertCloak|Chlorophyll|SleepPowder,SunnyDay,RagePowder,Tailwind|||M|||50|,,,,,Water]Ursaluna||FlameOrb|Guts|HeadlongRush,Facade,Earthquake,Protect|||M|||50|,,,,,Ghost
|inactive|Battle timer is ON: inactive players will automatically lose when time's up. (requested by Pumpkinman)
|inactive|Pumpkinman has 60 seconds left.
|
|t:|1756932946
|teamsize|p1|4
|teamsize|p2|4
|start
|switch|p1a: Talonflame|Talonflame, L50, F|100/100
|switch|p1b: Gallade|Gallade, L50, M|100/100
|switch|p2a: Incineroar|Incineroar, L50, F|100/100
|switch|p2b: Porygon2|Porygon2, L50|100/100
|-ability|p2a: Incineroar|Intimidate|boost
|-unboost|p1a: Talonflame|atk|1
|-unboost|p1b: Gallade|atk|1
|-ability|p2b: Porygon2|Download|boost
|-boost|p2b: Porygon2|atk|1
|turn|1
|inactive|Pumpkinman has 30 seconds left.
|inactive|Pumpkinman has 20 seconds left.
|inactive|Pumpkinman has 15 seconds left.
|inactive|Pumpkinman has 10 seconds left.
|inactive|Pumpkinman has 5 seconds left.
|
|t:|1756932999
|switch|p2b: Ursaluna|Ursaluna, L50, M|100/100
|move|p1a: Talonflame|Taunt|p2b: Ursaluna
|-start|p2b: Ursaluna|move: Taunt
|move|p2a: Incineroar|Knock Off|p1a: Talonflame
|-damage|p1a: Talonflame|31/100
|-enditem|p1a: Talonflame|Covert Cloak|[from] move: Knock Off|[of] p2a: Incineroar
|move|p1b: Gallade|Sacred Sword|p2a: Incineroar
|-supereffective|p2a: Incineroar
|-damage|p2a: Incineroar|0 fnt
|faint|p2a: Incineroar
|-damage|p1b: Gallade|91/100|[from] item: Life Orb
|
|-status|p2b: Ursaluna|brn|[from] item: Flame Orb
|upkeep
|
|t:|1756933015
|switch|p2a: Porygon2|Porygon2, L50|100/100
|-ability|p2a: Porygon2|Download|boost
|-boost|p2a: Porygon2|atk|1
|turn|2
|inactive|Pumpkinman has 30 seconds left.
|inactive|Pumpkinman has 20 seconds left.
|
|t:|1756933054
|move|p1a: Talonflame|Taunt|p2a: Porygon2
|-start|p2a: Porygon2|move: Taunt
|move|p1b: Gallade|Sacred Sword|p2a: Porygon2
|-supereffective|p2a: Porygon2
|-damage|p2a: Porygon2|14/100
|-damage|p1b: Gallade|81/100|[from] item: Life Orb
|move|p2b: Ursaluna|Facade|p1b: Gallade
|-damage|p1b: Gallade|0 fnt
|faint|p1b: Gallade
|move|p2a: Porygon2|Ice Beam|p1a: Talonflame
|-damage|p1a: Talonflame|0 fnt
|faint|p1a: Talonflame
|
|-damage|p2b: Ursaluna|95/100 brn|[from] brn
|upkeep
|
|t:|1756933066
|switch|p1a: Mienshao|Mienshao, L50, F|100/100
|switch|p1b: Tyranitar|Tyranitar, L50, M|100/100
|-weather|Sandstorm|[from] ability: Sand Stream|[of] p1b: Tyranitar
|turn|3
|inactive|Pumpkinman has 30 seconds left.
|inactive|Pumpkinman has 20 seconds left.
|inactive|Pumpkinman has 15 seconds left.
|
|t:|1756933108
|switch|p2a: Torkoal|Torkoal, L50, M|100/100
|-weather|SunnyDay|[from] ability: Drought|[of] p2a: Torkoal
|-terastallize|p1b: Tyranitar|Flying
|move|p1a: Mienshao|Coaching|p1b: Tyranitar
|-boost|p1b: Tyranitar|atk|1
|-boost|p1b: Tyranitar|def|1
|move|p2b: Ursaluna|Facade|p1b: Tyranitar
|-damage|p1b: Tyranitar|43/100
|move|p1b: Tyranitar|Knock Off|p2b: Ursaluna
|-damage|p2b: Ursaluna|38/100 brn
|-enditem|p2b: Ursaluna|Flame Orb|[from] move: Knock Off|[of] p1b: Tyranitar
|
|-weather|SunnyDay|[upkeep]
|-damage|p2b: Ursaluna|32/100 brn|[from] brn
|-end|p2b: Ursaluna|move: Taunt
|upkeep
|turn|4
|inactive|Pumpkinman has 30 seconds left.
|
|t:|1756933142
|-terastallize|p2b: Ursaluna|Ghost
|move|p1a: Mienshao|Coaching|p1b: Tyranitar
|-boost|p1b: Tyranitar|atk|1
|-boost|p1b: Tyranitar|def|1
|move|p2b: Ursaluna|Facade|p1b: Tyranitar
|-damage|p1b: Tyranitar|0 fnt
|faint|p1b: Tyranitar
|move|p2a: Torkoal|Eruption|p1a: Mienshao
|-enditem|p1a: Mienshao|Focus Sash
|-damage|p1a: Mienshao|1/100
|
|-weather|SunnyDay|[upkeep]
|-damage|p2b: Ursaluna|27/100 brn|[from] brn
|upkeep
|turn|5
|
|t:|1756933158
|move|p1a: Mienshao|Close Combat|p2a: Torkoal
|-damage|p2a: Torkoal|54/100
|-unboost|p1a: Mienshao|def|1
|-unboost|p1a: Mienshao|spd|1
|move|p2b: Ursaluna|Facade|p1a: Mienshao
|-damage|p1a: Mienshao|0 fnt
|faint|p1a: Mienshao
|
|win|Pumpkinman
|raw|I HATE DONDOZO-239's rating: 1118 → 1094(-24 for losing)
|raw|Pumpkinman's rating: 1125 → 1149(+24 for winning)
|l|☆I HATE DONDOZO-239
|player|p1|
