|j|☆liamj vgc!
|j|☆eevee1ynn
|html|liamj vgc!eevee1ynn    
|uhtml|bestof|Game 2 of a best-of-3
|t:|1783537967
|gametype|doubles
|player|p1|liamj vgc!|leon-tower|
|player|p2|eevee1ynn|serena-masters3|
|gen|9
|tier|[Gen 9 Champions] VGC 2026 Reg M-B (Bo3)
|rule|Species Clause: Limit one of each Pokémon
|rule|Item Clause: Limit 1 of each item
|clearpoke
|poke|p1|Gengar, L50, M, shiny|
|poke|p1|Incineroar, L50, F, shiny|
|poke|p1|Sinistcha, L50|
|poke|p1|Politoed, L50, F|
|poke|p1|Staraptor, L50, F|
|poke|p1|Archaludon, L50, M, shiny|
|poke|p2|Scrafty, L50, M, shiny|
|poke|p2|Ceruledge, L50, M|
|poke|p2|Ninetales-Alola, L50, F|
|poke|p2|Sinistcha, L50|
|poke|p2|Dragonite, L50, M|
|poke|p2|Raichu, L50, M|
|teampreview|4
|showteam|p1|Gengar||Gengarite|CursedBody|ShadowBall,PerishSong,Disable,Protect|Timid||M|||50|]Incineroar||PasshoBerry|Intimidate|Protect,FakeOut,ThroatChop,PartingShot|Impish||F|||50|]Sinistcha||ColburBerry|Hospitality|GigaDrain,RagePowder,StrengthSap,Protect|Calm|||||50|]Politoed||SitrusBerry|Drizzle|WeatherBall,PerishSong,Encore,Protect|Bold||F|||50|]Staraptor||Staraptite|Intimidate|CloseCombat,BraveBird,Roost,Protect|Jolly||F|||50|]Archaludon||Magnet|Stalwart|FlashCannon,ElectroShot,DragonPulse,Protect|Modest||M|||50|
|showteam|p2|Scrafty||Scraftinite|Intimidate|Detect,DrainPunch,KnockOff,FakeOut|Adamant||M|||50|]Ceruledge||ColburBerry|FlashFire|Protect,BitterBlade,ShadowSneak,BulkUp|Adamant||M|||50|]Ninetales-Alola||NeverMeltIce|SnowWarning|Protect,FreezeDry,IcyWind,AuroraVeil|Timid||F|||50|]Sinistcha||FocusSash|Hospitality|Protect,MatchaGotcha,Hex,RagePowder|Modest|||||50|]Dragonite||LifeOrb|InnerFocus|Protect,DragonClaw,RockSlide,ExtremeSpeed|Adamant||M|||50|]Raichu||RaichuniteY|LightningRod|Protect,ZapCannon,FocusBlast,FakeOut|Timid||M|||50|
|j| TG511
|
|t:|1783538006
|teamsize|p1|4
|teamsize|p2|4
|start
|switch|p1a: Archaludon|Archaludon, L50, M, shiny|100/100
|switch|p1b: Sinistcha|Sinistcha, L50|100/100
|switch|p2a: Dragonite|Dragonite, L50, M|100/100
|switch|p2b: Raichu|Raichu, L50, M|100/100
|turn|1
|
|t:|1783538040
|switch|p2a: Scrafty|Scrafty, L50, M, shiny|100/100
|-ability|p2a: Scrafty|Intimidate|boost
|-unboost|p1a: Archaludon|atk|1
|-unboost|p1b: Sinistcha|atk|1
|move|p1a: Archaludon|Protect|p1a: Archaludon
|-singleturn|p1a: Archaludon|Protect
|move|p2b: Raichu|Fake Out|p1a: Archaludon
|-activate|p1a: Archaludon|move: Protect
|move|p1b: Sinistcha|Giga Drain|p2b: Raichu
|-damage|p2b: Raichu|53/100
|
|upkeep
|turn|2
|
|t:|1783538067
|switch|p2b: Ninetales|Ninetales-Alola, L50, F|100/100
|-weather|Snowscape|[from] ability: Snow Warning|[of] p2b: Ninetales
|move|p1a: Archaludon|Dragon Pulse|p2b: Ninetales
|-immune|p2b: Ninetales
|move|p2a: Scrafty|Knock Off|p1b: Sinistcha
|-supereffective|p1b: Sinistcha|1
|-enditem|p1b: Sinistcha|Colbur Berry|[eat]
|-enditem|p1b: Sinistcha|Colbur Berry|[weaken]
|-damage|p1b: Sinistcha|64/100
|move|p1b: Sinistcha|Giga Drain|p2b: Ninetales
|-damage|p2b: Ninetales|61/100
|-heal|p1b: Sinistcha|80/100|[from] drain|[of] p2b: Ninetales
|
|-weather|Snowscape|[upkeep]
|upkeep
|turn|3
|
|t:|1783538087
|move|p2b: Ninetales|Aurora Veil|p2b: Ninetales
|-sidestart|p2: eevee1ynn|move: Aurora Veil
|move|p1a: Archaludon|Flash Cannon|p2b: Ninetales
|-supereffective|p2b: Ninetales|2
|-damage|p2b: Ninetales|0 fnt
|faint|p2b: Ninetales
|move|p2a: Scrafty|Knock Off|p1b: Sinistcha
|-supereffective|p1b: Sinistcha|1
|-damage|p1b: Sinistcha|35/100
|move|p1b: Sinistcha|Strength Sap|p2a: Scrafty
|-unboost|p2a: Scrafty|atk|1
|-heal|p1b: Sinistcha|100/100
|
|-weather|Snowscape|[upkeep]
|upkeep
|
|t:|1783538092
|switch|p2b: Dragonite|Dragonite, L50, M|100/100
|turn|4
|
|t:|1783538099
|switch|p2a: Raichu|Raichu, L50, M|53/100
|switch|p1b: Politoed|Politoed, L50, F|100/100
|-weather|RainDance|[from] ability: Drizzle|[of] p1b: Politoed
|move|p2b: Dragonite|Dragon Claw|p1a: Archaludon
|-damage|p1a: Archaludon|52/100
|-damage|p2b: Dragonite|90/100|[from] item: Life Orb
|move|p1a: Archaludon|Electro Shot||[still]
|-prepare|p1a: Archaludon|Electro Shot
|-boost|p1a: Archaludon|spa|1
|-anim|p1a: Archaludon|Electro Shot|p2a: Raichu
|-ability|p2a: Raichu|Lightning Rod|boost
|-boost|p2a: Raichu|spa|1
|
|-weather|RainDance|[upkeep]
|upkeep
|turn|5
|
|t:|1783538113
|detailschange|p2a: Raichu|Raichu-Mega-Y, L50, M
|-mega|p2a: Raichu|Raichu|Raichunite Y
|move|p2a: Raichu|Focus Blast|p1a: Archaludon
|-supereffective|p1a: Archaludon|1
|-damage|p1a: Archaludon|0 fnt
|faint|p1a: Archaludon
|move|p2b: Dragonite|Dragon Claw|p1b: Politoed
|-damage|p1b: Politoed|46/100
|-enditem|p1b: Politoed|Sitrus Berry|[eat]
|-heal|p1b: Politoed|71/100|[from] item: Sitrus Berry
|-damage|p2b: Dragonite|81/100|[from] item: Life Orb
|move|p1b: Politoed|Weather Ball|p2a: Raichu
|-damage|p2a: Raichu|4/100
|
|-weather|RainDance|[upkeep]
|upkeep
|
|t:|1783538122
|switch|p1a: Sinistcha|Sinistcha, L50|100/100
|-heal|p1b: Politoed|96/100|[from] ability: Hospitality|[of] p1a: Sinistcha
|turn|6
|
|t:|1783538135
|switch|p2a: Scrafty|Scrafty, L50, M, shiny|100/100
|-ability|p2a: Scrafty|Intimidate|boost
|-unboost|p1a: Sinistcha|atk|1
|-unboost|p1b: Politoed|atk|1
|move|p1a: Sinistcha|Rage Powder|p1a: Sinistcha
|-singleturn|p1a: Sinistcha|move: Rage Powder
|move|p2b: Dragonite|Dragon Claw|p1a: Sinistcha
|-damage|p1a: Sinistcha|46/100
|-damage|p2b: Dragonite|71/100|[from] item: Life Orb
|move|p1b: Politoed|Weather Ball|p2a: Scrafty
|-damage|p2a: Scrafty|68/100
|
|-weather|RainDance|[upkeep]
|upkeep
|turn|7
|
|t:|1783538176
|move|p1a: Sinistcha|Rage Powder|p1a: Sinistcha
|-singleturn|p1a: Sinistcha|move: Rage Powder
|move|p2b: Dragonite|Rock Slide|p1a: Sinistcha|[spread] p1a,p1b
|-crit|p1a: Sinistcha
|-damage|p1a: Sinistcha|12/100
|-damage|p1b: Politoed|71/100
|-damage|p2b: Dragonite|62/100|[from] item: Life Orb
|move|p2a: Scrafty|Knock Off|p1a: Sinistcha
|-supereffective|p1a: Sinistcha|1
|-damage|p1a: Sinistcha|0 fnt
|faint|p1a: Sinistcha
|cant|p1b: Politoed|flinch
|
|-weather|RainDance|[upkeep]
|-sideend|p2: eevee1ynn|move: Aurora Veil
|upkeep
|
|t:|1783538185
|switch|p1a: Gengar|Gengar, L50, M, shiny|100/100
|turn|8
|
|t:|1783538194
|detailschange|p1a: Gengar|Gengar-Mega, L50, M, shiny
|-mega|p1a: Gengar|Gengar|Gengarite
|move|p1a: Gengar|Disable|p2a: Scrafty
|-start|p2a: Scrafty|Disable|Knock Off
|move|p2b: Dragonite|Dragon Claw|p1a: Gengar
|-damage|p1a: Gengar|25/100
|-damage|p2b: Dragonite|52/100|[from] item: Life Orb
|cant|p2a: Scrafty|Disable|Knock Off
|move|p1b: Politoed|Encore|p2a: Scrafty
|-start|p2a: Scrafty|Encore
|
|-weather|none
|upkeep
|turn|9
|
|t:|1783538209
|move|p2b: Dragonite|Extreme Speed|p1b: Politoed
|-damage|p1b: Politoed|36/100
|-damage|p2b: Dragonite|43/100|[from] item: Life Orb
|move|p1a: Gengar|Disable|p2b: Dragonite
|-start|p2b: Dragonite|Disable|Extreme Speed
|-activate|p2a: Scrafty|move: Struggle
|move|p2a: Scrafty|Struggle|p1a: Gengar
|-damage|p1a: Gengar|10/100
|-damage|p2a: Scrafty|43/100|[from] recoil
|move|p1b: Politoed|Encore|p2b: Dragonite
|-start|p2b: Dragonite|Encore
|
|upkeep
|turn|10
|
|t:|1783538217
|move|p1a: Gengar|Shadow Ball|p2b: Dragonite
|-damage|p2b: Dragonite|1/100
|-activate|p2b: Dragonite|move: Struggle
|move|p2b: Dragonite|Struggle|p1b: Politoed
|-damage|p1b: Politoed|15/100
|-damage|p2b: Dragonite|0 fnt|[from] recoil
|faint|p2b: Dragonite
|-activate|p2a: Scrafty|move: Struggle
|move|p2a: Scrafty|Struggle|p1a: Gengar
|-damage|p1a: Gengar|0 fnt
|faint|p1a: Gengar
|-damage|p2a: Scrafty|18/100|[from] recoil
|move|p1b: Politoed|Weather Ball|p2a: Scrafty
|-damage|p2a: Scrafty|7/100
|
|upkeep
|
|t:|1783538226
|switch|p2b: Raichu|Raichu-Mega-Y, L50, M|4/100
|turn|11
|
|t:|1783538230
|move|p2b: Raichu|Zap Cannon|p1b: Politoed
|-supereffective|p1b: Politoed|1
|-damage|p1b: Politoed|0 fnt
|faint|p1b: Politoed
|
|win|eevee1ynn
