|j|☆Spottedwoot
|j|☆Livnlarge27
|html|SpottedwootLivnlarge27    
|uhtml|bestof|Game 2 of a best-of-3
|t:|1754272898
|gametype|doubles
|player|p1|Spottedwoot|169|1262
|player|p2|Livnlarge27|marlon|1336
|gen|9
|tier|[Gen 9] VGC 2025 Reg H (Bo3)
|rated|
|rule|Species Clause: Limit one of each Pokémon
|rule|Item Clause: Limit 1 of each item
|clearpoke
|poke|p1|Kingambit, L50, F|
|poke|p1|Primarina, L50, F|
|poke|p1|Salamence, L50, F|
|poke|p1|Gholdengo, L50|
|poke|p1|Sneasler, L50, M|
|poke|p1|Garchomp, L50, F|
|poke|p2|Gholdengo, L50|
|poke|p2|Rillaboom, L50, M|
|poke|p2|Archaludon, L50, F|
|poke|p2|Volcarona, L50, F|
|poke|p2|Ribombee, L50, M|
|poke|p2|Politoed, L50, M|
|teampreview|4
|showteam|p1|Kingambit||SafetyGoggles|Defiant|KowtowCleave,Protect,SuckerPunch,SwordsDance|||F|||50|,,,,,Dark]Primarina||ThroatSpray|LiquidVoice|Haze,HyperVoice,Protect,Moonblast|||F|||50|,,,,,Poison]Salamence||LifeOrb|Intimidate|Tailwind,Protect,DracoMeteor,Hurricane|||F|||50|,,,,,Fairy]Gholdengo||ChoiceSpecs|GoodasGold|MakeItRain,Trick,ShadowBall,FocusBlast||||||50|,,,,,Steel]Sneasler||FocusSash|Unburden|FakeOut,Protect,CloseCombat,DireClaw|||M|||50|,,,,,Steel]Garchomp||ClearAmulet|RoughSkin|DragonClaw,Earthquake,Protect,StompingTantrum|||F|||50|,,,,,Ground
|showteam|p2|Gholdengo||GrassySeed|GoodasGold|MakeItRain,ShadowBall,NastyPlot,Protect||||||50|,,,,,Water]Rillaboom||LoadedDice|GrassySurge|FakeOut,GrassyGlide,BulletSeed,Uturn|||M|||50|,,,,,Fire]Archaludon||AssaultVest|Stamina|DragonPulse,FlashCannon,BodyPress,ElectroShot|||F|||50|,,,,,Bug]Volcarona||CovertCloak|FlameBody|QuiverDance,GigaDrain,HeatWave,RagePowder|||F|||50|,,,,,Grass]Ribombee||FocusSash|ShieldDust|Protect,Tailwind,Moonblast,PollenPuff|||M|||50|,,,,,Water]Politoed||Leftovers|Drizzle|Haze,MuddyWater,Protect,PerishSong|||M|||50|,,,,,Grass
|inactive|Battle timer is ON: inactive players will automatically lose when time's up. (requested by Livnlarge27)
|
|t:|1754272915
|teamsize|p1|4
|teamsize|p2|4
|start
|switch|p1a: Salamence|Salamence, L50, F|100/100
|switch|p1b: Sneasler|Sneasler, L50, M|100/100
|switch|p2a: Gholdengo|Gholdengo, L50|100/100
|switch|p2b: Rillaboom|Rillaboom, L50, M|100/100
|-ability|p1a: Salamence|Intimidate|boost
|-unboost|p2a: Gholdengo|atk|1
|-unboost|p2b: Rillaboom|atk|1
|-fieldstart|move: Grassy Terrain|[from] ability: Grassy Surge|[of] p2b: Rillaboom
|-enditem|p2a: Gholdengo|Grassy Seed
|-boost|p2a: Gholdengo|def|1|[from] item: Grassy Seed
|turn|1
|
|t:|1754272937
|switch|p1b: Kingambit|Kingambit, L50, F|100/100
|move|p2b: Rillaboom|Fake Out|p1b: Kingambit
|-resisted|p1b: Kingambit
|-damage|p1b: Kingambit|97/100
|move|p1a: Salamence|Hurricane|p2b: Rillaboom|[miss]
|-miss|p1a: Salamence|p2b: Rillaboom
|move|p2a: Gholdengo|Nasty Plot|p2a: Gholdengo
|-boost|p2a: Gholdengo|spa|2
|
|-heal|p1b: Kingambit|100/100|[from] Grassy Terrain
|upkeep
|turn|2
|
|t:|1754272960
|move|p1a: Salamence|Hurricane|p2b: Rillaboom
|-supereffective|p2b: Rillaboom
|-damage|p2b: Rillaboom|0 fnt
|faint|p2b: Rillaboom
|-damage|p1a: Salamence|90/100|[from] item: Life Orb
|move|p2a: Gholdengo|Nasty Plot|p2a: Gholdengo
|-boost|p2a: Gholdengo|spa|2
|move|p1b: Kingambit|Swords Dance|p1b: Kingambit
|-boost|p1b: Kingambit|atk|2
|
|upkeep
|
|t:|1754272967
|switch|p2b: Politoed|Politoed, L50, M|100/100
|-weather|RainDance|[from] ability: Drizzle|[of] p2b: Politoed
|turn|3
|
|t:|1754272986
|-terastallize|p2a: Gholdengo|Water
|move|p1a: Salamence|Tailwind|p1a: Salamence
|-sidestart|p1: Spottedwoot|move: Tailwind
|move|p1b: Kingambit|Kowtow Cleave|p2a: Gholdengo
|-damage|p2a: Gholdengo|41/100
|move|p2a: Gholdengo|Make It Rain|p1a: Salamence|[spread] p1a,p1b
|-resisted|p1b: Kingambit
|-damage|p1a: Salamence|0 fnt
|-damage|p1b: Kingambit|44/100
|-unboost|p2a: Gholdengo|spa|1
|faint|p1a: Salamence
|move|p2b: Politoed|Muddy Water|p1b: Kingambit
|-crit|p1b: Kingambit
|-damage|p1b: Kingambit|0 fnt
|faint|p1b: Kingambit
|
|-weather|RainDance|[upkeep]
|-heal|p2a: Gholdengo|47/100|[from] Grassy Terrain
|upkeep
|
|t:|1754272999
|switch|p1a: Sneasler|Sneasler, L50, M|100/100
|switch|p1b: Gholdengo|Gholdengo, L50|100/100
|turn|4
|
|t:|1754273015
|move|p2a: Gholdengo|Protect|p2a: Gholdengo
|-singleturn|p2a: Gholdengo|Protect
|move|p1a: Sneasler|Close Combat|p2b: Politoed
|-damage|p2b: Politoed|40/100
|-unboost|p1a: Sneasler|def|1
|-unboost|p1a: Sneasler|spd|1
|move|p1b: Gholdengo|Shadow Ball|p2a: Gholdengo
|-activate|p2a: Gholdengo|move: Protect
|move|p2b: Politoed|Muddy Water|p1a: Sneasler|[spread] p1a,p1b
|-damage|p1a: Sneasler|32/100
|-damage|p1b: Gholdengo|59/100
|-unboost|p1b: Gholdengo|accuracy|1
|
|-weather|RainDance|[upkeep]
|-heal|p1a: Sneasler|38/100|[from] Grassy Terrain
|-heal|p1b: Gholdengo|65/100|[from] Grassy Terrain
|-heal|p2a: Gholdengo|54/100|[from] Grassy Terrain
|-heal|p2b: Politoed|46/100|[from] Grassy Terrain
|-heal|p2b: Politoed|52/100|[from] item: Leftovers
|upkeep
|turn|5
|inactive|Livnlarge27 has 30 seconds left.
|
|t:|1754273045
|move|p2b: Politoed|Protect|p2b: Politoed
|-singleturn|p2b: Politoed|Protect
|move|p1a: Sneasler|Close Combat|p2b: Politoed
|-activate|p2b: Politoed|move: Protect
|move|p1b: Gholdengo|Shadow Ball|p2a: Gholdengo
|-damage|p2a: Gholdengo|3/100
|move|p2a: Gholdengo|Make It Rain|p1a: Sneasler|[spread] p1a,p1b
|-crit|p1a: Sneasler
|-resisted|p1b: Gholdengo
|-damage|p1a: Sneasler|0 fnt
|-damage|p1b: Gholdengo|0 fnt
|-unboost|p2a: Gholdengo|spa|1
|faint|p1a: Sneasler
|faint|p1b: Gholdengo
|
|win|Livnlarge27
|raw|Spottedwoot's rating: 1262 → 1242(-20 for losing)
|raw|Livnlarge27's rating: 1336 → 1352(+16 for winning)
