|j|☆profjeffzen
|j|☆MackTheMacaw
|html|profjeffzenMackTheMacaw    
|uhtml|bestof|Game 2 of a best-of-3
|t:|1783276882
|gametype|doubles
|player|p1|profjeffzen|lance|1019
|player|p2|MackTheMacaw|ethan|1054
|gen|9
|tier|[Gen 9 Champions] VGC 2026 Reg M-B (Bo3)
|rated|
|rule|Species Clause: Limit one of each Pokémon
|rule|Item Clause: Limit 1 of each item
|clearpoke
|poke|p1|Drampa, L50, M, shiny|
|poke|p1|Armarouge, L50, M, shiny|
|poke|p1|Sinistcha, L50, shiny|
|poke|p1|Garganacl, L50, M, shiny|
|poke|p1|Kingambit, L50, M, shiny|
|poke|p1|Primarina, L50, M, shiny|
|poke|p2|Annihilape, L50, M|
|poke|p2|Kingambit, L50, M|
|poke|p2|Palafin, L50, M|
|poke|p2|Umbreon, L50, F|
|poke|p2|Snorlax, L50, M|
|poke|p2|Audino, L50, F|
|teampreview|4
|showteam|p1|Drampa||Drampanite|CloudNine|HeatWave,DracoMeteor,EarthPower,Protect|Modest||M|||50|]Armarouge||MentalHerb|FlashFire|ExpandingForce,TrickRoom,HeatWave,DarkPulse|Calm||M|||50|]Sinistcha||SitrusBerry|Hospitality|TrickRoom,MatchaGotcha,RagePowder,LifeDew|Bold|||||50|]Garganacl||Leftovers|PurifyingSalt|SaltCure,BrickBreak,Protect,ZenHeadbutt|Adamant||M|||50|]Kingambit||ChopleBerry|SupremeOverlord|Protect,KowtowCleave,ZenHeadbutt,IronHead|Careful||M|||50|]Primarina||LifeOrb|LiquidVoice|HyperVoice,IceBeam,Psychic,Moonblast|Bold||M|||50|
|showteam|p2|Annihilape||ChestoBerry|Defiant|BulkUp,Rest,RageFist,DrainPunch|Careful||M|||50|]Kingambit||ChopleBerry|Defiant|SuckerPunch,KowtowCleave,Protect,IronHead|Adamant||M|||50|]Palafin||MysticWater|ZerotoHero|JetPunch,BulkUp,Taunt,DrainPunch|Careful||M|||50|]Umbreon||MentalHerb|Synchronize|Wish,Protect,HelpingHand,Yawn|Bold||F|||50|]Snorlax||Leftovers|ThickFat|Encore,Fissure,Yawn,Protect|Relaxed||M|||50|]Audino||Audinite|Healer|HyperVoice,HelpingHand,LifeDew,Protect|Calm||F|||50|
|
|t:|1783276915
|teamsize|p1|4
|teamsize|p2|4
|start
|switch|p1a: Sinistcha|Sinistcha, L50, shiny|100/100
|switch|p1b: Garganacl|Garganacl, L50, M, shiny|100/100
|switch|p2a: Audino|Audino, L50, F|100/100
|switch|p2b: Kingambit|Kingambit, L50, M|100/100
|turn|1
|
|t:|1783276935
|detailschange|p2a: Audino|Audino-Mega, L50, F
|-mega|p2a: Audino|Audino|Audinite
|move|p2a: Audino|Protect|p2a: Audino
|-singleturn|p2a: Audino|Protect
|move|p1b: Garganacl|Protect|p1b: Garganacl
|-singleturn|p1b: Garganacl|Protect
|move|p2b: Kingambit|Kowtow Cleave|p1a: Sinistcha
|-supereffective|p1a: Sinistcha|1
|-damage|p1a: Sinistcha|17/100
|-enditem|p1a: Sinistcha|Sitrus Berry|[eat]
|-heal|p1a: Sinistcha|42/100|[from] item: Sitrus Berry
|move|p1a: Sinistcha|Trick Room|p1a: Sinistcha
|-fieldstart|move: Trick Room|[of] p1a: Sinistcha
|
|upkeep
|turn|2
|
|t:|1783276960
|switch|p1a: Primarina|Primarina, L50, M, shiny|100/100
|move|p1b: Garganacl|Brick Break|p2b: Kingambit
|-supereffective|p2b: Kingambit|2
|-enditem|p2b: Kingambit|Chople Berry|[eat]
|-enditem|p2b: Kingambit|Chople Berry|[weaken]
|-damage|p2b: Kingambit|69/100
|move|p2a: Audino|Life Dew||[still]|[spread] p2a,p2b
|-fail|p2a: Audino|heal
|-heal|p2b: Kingambit|94/100
|move|p2b: Kingambit|Kowtow Cleave|p1a: Primarina
|-resisted|p1a: Primarina|1
|-damage|p1a: Primarina|73/100
|
|upkeep
|turn|3
|
|t:|1783276991
|move|p2a: Audino|Helping Hand|p2b: Kingambit
|-singleturn|p2b: Kingambit|Helping Hand|[of] p2a: Audino
|move|p1b: Garganacl|Protect|p1b: Garganacl
|-singleturn|p1b: Garganacl|Protect
|move|p2b: Kingambit|Iron Head|p1a: Primarina
|-damage|p1a: Primarina|1/100
|move|p1a: Primarina|Hyper Voice|p2a: Audino|[spread] p2a,p2b
|-damage|p2a: Audino|80/100
|-damage|p2b: Kingambit|56/100
|-damage|p1a: Primarina|0 fnt|[from] item: Life Orb
|faint|p1a: Primarina
|
|upkeep
|
|t:|1783277009
|switch|p1a: Kingambit|Kingambit, L50, M, shiny|100/100
|-activate|p1a: Kingambit|ability: Supreme Overlord
|-start|p1a: Kingambit|fallen1|[silent]
|turn|4
|
|t:|1783277027
|move|p1a: Kingambit|Protect|p1a: Kingambit
|-singleturn|p1a: Kingambit|Protect
|move|p1b: Garganacl|Brick Break|p2b: Kingambit
|-supereffective|p2b: Kingambit|2
|-damage|p2b: Kingambit|0 fnt
|faint|p2b: Kingambit
|move|p2a: Audino|Life Dew|p2a: Audino
|-heal|p2a: Audino|100/100
|
|upkeep
|
|t:|1783277039
|switch|p2b: Annihilape|Annihilape, L50, M|100/100
|turn|5
|
|t:|1783277057
|move|p1b: Garganacl|Salt Cure|p2a: Audino
|-damage|p2a: Audino|87/100
|-start|p2a: Audino|Salt Cure
|move|p1a: Kingambit|Zen Headbutt|p2b: Annihilape
|-supereffective|p2b: Annihilape|1
|-damage|p2b: Annihilape|38/100
|move|p2a: Audino|Hyper Voice|p1b: Garganacl|[spread] p1a,p1b
|-resisted|p1a: Kingambit|1
|-resisted|p1b: Garganacl|1
|-damage|p1a: Kingambit|91/100
|-damage|p1b: Garganacl|91/100
|move|p2b: Annihilape|Bulk Up|p2b: Annihilape
|-boost|p2b: Annihilape|atk|1
|-boost|p2b: Annihilape|def|1
|
|-heal|p1b: Garganacl|97/100|[from] item: Leftovers
|-damage|p2a: Audino|80/100|[from] Salt Cure
|-fieldend|move: Trick Room
|upkeep
|turn|6
|
|t:|1783277079
|move|p1a: Kingambit|Protect|p1a: Kingambit
|-singleturn|p1a: Kingambit|Protect
|move|p2b: Annihilape|Drain Punch|p1a: Kingambit
|-activate|p1a: Kingambit|move: Protect
|move|p2a: Audino|Life Dew|p2a: Audino|[spread] p2a,p2b
|-heal|p2a: Audino|100/100
|-heal|p2b: Annihilape|63/100
|move|p1b: Garganacl|Zen Headbutt|p2b: Annihilape
|-supereffective|p2b: Annihilape|1
|-damage|p2b: Annihilape|29/100
|
|-heal|p1b: Garganacl|100/100|[from] item: Leftovers
|-damage|p2a: Audino|93/100|[from] Salt Cure
|upkeep
|turn|7
|
|t:|1783277104
|move|p2a: Audino|Helping Hand|p2b: Annihilape
|-singleturn|p2b: Annihilape|Helping Hand|[of] p2a: Audino
|move|p2b: Annihilape|Drain Punch|p1b: Garganacl
|-supereffective|p1b: Garganacl|1
|-damage|p1b: Garganacl|17/100
|-heal|p2b: Annihilape|68/100|[from] drain|[of] p1b: Garganacl
|move|p1a: Kingambit|Zen Headbutt|p2b: Annihilape
|-supereffective|p2b: Annihilape|1
|-damage|p2b: Annihilape|28/100
|move|p1b: Garganacl|Zen Headbutt|p2b: Annihilape
|-supereffective|p2b: Annihilape|1
|-damage|p2b: Annihilape|0 fnt
|faint|p2b: Annihilape
|
|-heal|p1b: Garganacl|23/100|[from] item: Leftovers
|-damage|p2a: Audino|87/100|[from] Salt Cure
|upkeep
|
|t:|1783277114
|switch|p2b: My Dad|Snorlax, L50, M|100/100
|turn|8
|
|t:|1783277130
|move|p2a: Audino|Protect|p2a: Audino
|-singleturn|p2a: Audino|Protect
|move|p1a: Kingambit|Protect|p1a: Kingambit
|-singleturn|p1a: Kingambit|Protect
|move|p1b: Garganacl|Brick Break|p2b: My Dad
|-supereffective|p2b: My Dad|1
|-damage|p2b: My Dad|73/100
|move|p2b: My Dad|Fissure|p1a: Kingambit
|-activate|p1a: Kingambit|move: Protect
|
|-heal|p1b: Garganacl|29/100|[from] item: Leftovers
|-heal|p2b: My Dad|79/100|[from] item: Leftovers
|-damage|p2a: Audino|81/100|[from] Salt Cure
|upkeep
|turn|9
|
|t:|1783277156
|move|p1a: Kingambit|Kowtow Cleave|p2b: My Dad
|-damage|p2b: My Dad|48/100
|move|p2a: Audino|Life Dew|p2a: Audino|[spread] p2a,p2b
|-heal|p2a: Audino|100/100
|-heal|p2b: My Dad|73/100
|move|p1b: Garganacl|Brick Break|p2b: My Dad
|-supereffective|p2b: My Dad|1
|-damage|p2b: My Dad|47/100
|move|p2b: My Dad|Fissure|p1a: Kingambit|[miss]
|-miss|p2b: My Dad|p1a: Kingambit
|
|-heal|p1b: Garganacl|34/100|[from] item: Leftovers
|-heal|p2b: My Dad|53/100|[from] item: Leftovers
|-damage|p2a: Audino|93/100|[from] Salt Cure
|upkeep
|turn|10
|
|t:|1783277180
|move|p1a: Kingambit|Protect|p1a: Kingambit
|-singleturn|p1a: Kingambit|Protect
|move|p2b: My Dad|Protect|p2b: My Dad
|-singleturn|p2b: My Dad|Protect
|move|p2a: Audino|Hyper Voice|p1b: Garganacl|[spread] p1b
|-activate|p1a: Kingambit|move: Protect
|-resisted|p1b: Garganacl|1
|-damage|p1b: Garganacl|26/100
|move|p1b: Garganacl|Salt Cure|p2b: My Dad
|-activate|p2b: My Dad|move: Protect
|
|-heal|p1b: Garganacl|32/100|[from] item: Leftovers
|-heal|p2b: My Dad|59/100|[from] item: Leftovers
|-damage|p2a: Audino|87/100|[from] Salt Cure
|upkeep
|turn|11
|
|t:|1783277212
|move|p1a: Kingambit|Kowtow Cleave|p2b: My Dad
|-damage|p2b: My Dad|31/100
|move|p2a: Audino|Life Dew|p2a: Audino|[spread] p2a,p2b
|-heal|p2a: Audino|100/100
|-heal|p2b: My Dad|56/100
|move|p1b: Garganacl|Salt Cure|p2a: Audino
|-damage|p2a: Audino|88/100
|move|p2b: My Dad|Encore|p1a: Kingambit
|-start|p1a: Kingambit|Encore
|
|-heal|p1b: Garganacl|38/100|[from] item: Leftovers
|-heal|p2b: My Dad|62/100|[from] item: Leftovers
|-damage|p2a: Audino|81/100|[from] Salt Cure
|upkeep
|turn|12
|
|t:|1783277231
|move|p1a: Kingambit|Kowtow Cleave|p2b: My Dad
|-damage|p2b: My Dad|35/100
|move|p2a: Audino|Life Dew|p2a: Audino|[spread] p2a,p2b
|-heal|p2a: Audino|100/100
|-heal|p2b: My Dad|61/100
|move|p1b: Garganacl|Brick Break|p2b: My Dad
|-supereffective|p2b: My Dad|1
|-damage|p2b: My Dad|34/100
|move|p2b: My Dad|Fissure|p1a: Kingambit
|-damage|p1a: Kingambit|0 fnt
|faint|p1a: Kingambit
|-end|p1a: Kingambit|fallen1|[silent]
|-ohko
|
|-heal|p1b: Garganacl|44/100|[from] item: Leftovers
|-heal|p2b: My Dad|40/100|[from] item: Leftovers
|-damage|p2a: Audino|93/100|[from] Salt Cure
|upkeep
|
|t:|1783277250
|switch|p1a: Sinistcha|Sinistcha, L50, shiny|42/100
|-heal|p1b: Garganacl|69/100|[from] ability: Hospitality|[of] p1a: Sinistcha
|turn|13
|
|t:|1783277272
|move|p1a: Sinistcha|Rage Powder|p1a: Sinistcha
|-singleturn|p1a: Sinistcha|move: Rage Powder
|move|p2a: Audino|Life Dew|p2a: Audino|[spread] p2a,p2b
|-heal|p2a: Audino|100/100
|-heal|p2b: My Dad|65/100
|move|p1b: Garganacl|Brick Break|p2b: My Dad
|-supereffective|p2b: My Dad|1
|-damage|p2b: My Dad|38/100
|move|p2b: My Dad|Fissure|p1a: Sinistcha
|-damage|p1a: Sinistcha|0 fnt
|faint|p1a: Sinistcha
|-ohko
|
|-heal|p1b: Garganacl|75/100|[from] item: Leftovers
|-heal|p2b: My Dad|44/100|[from] item: Leftovers
|-damage|p2a: Audino|93/100|[from] Salt Cure
|upkeep
|turn|14
|
|t:|1783277296
|move|p1b: Garganacl|Protect|p1b: Garganacl
|-singleturn|p1b: Garganacl|Protect
|move|p2a: Audino|Life Dew|p2a: Audino|[spread] p2a,p2b
|-heal|p2a: Audino|100/100
|-heal|p2b: My Dad|69/100
|move|p2b: My Dad|Fissure|p1b: Garganacl
|-activate|p1b: Garganacl|move: Protect
|
|-heal|p1b: Garganacl|80/100|[from] item: Leftovers
|-heal|p2b: My Dad|75/100|[from] item: Leftovers
|-damage|p2a: Audino|93/100|[from] Salt Cure
|upkeep
|turn|15
|
|t:|1783277311
|move|p2a: Audino|Protect|p2a: Audino
|-singleturn|p2a: Audino|Protect
|move|p1b: Garganacl|Brick Break|p2a: Audino
|-activate|p2a: Audino|move: Protect
|move|p2b: My Dad|Fissure|p1b: Garganacl
|-damage|p1b: Garganacl|0 fnt
|faint|p1b: Garganacl
|-ohko
|
|win|MackTheMacaw
||MackTheMacaw is ready for game 3.
|inactive|profjeffzen has 30 seconds to confirm battle start!
||profjeffzen is ready for game 3.
|uhtml|next|Next: Game 3 of 3
