|j|☆jipjxdfdf
|j|‽bobsparents
|html|jipjxdfdfbobsparents    
|uhtml|bestof|Game 1 of a best-of-3
|t:|1784394079
|gametype|doubles
|player|p1|jipjxdfdf|lucas|1102
|player|p2|bobsparents|cynthia|1170
|gen|9
|tier|[Gen 9 Champions] VGC 2026 Reg M-B (Bo3)
|rated|
|rule|Species Clause: Limit one of each Pokémon
|rule|Item Clause: Limit 1 of each item
|clearpoke
|poke|p1|Mawile, L50, M|
|poke|p1|Farigiraf, L50, F|
|poke|p1|Sylveon, L50, F|
|poke|p1|Ditto, L50|
|poke|p1|Incineroar, L50, F|
|poke|p1|Sinistcha-Masterpiece, L50|
|poke|p2|Kangaskhan, L50, F|
|poke|p2|Farigiraf, L50, F|
|poke|p2|Chandelure, L50, M|
|poke|p2|Avalugg-Hisui, L50, F|
|poke|p2|Decidueye-Hisui, L50, M|
|poke|p2|Kingambit, L50, F|
|teampreview|4
|showteam|p1|Mawile||Mawilite|Intimidate|SuckerPunch,Protect,IronHead,SwordsDance|Brave||M|||50|]Farigiraf||MentalHerb|ArmorTail|TrickRoom,HyperVoice,Protect,Psychic|Quiet||F|||50|]Sylveon||FairyFeather|Pixilate|HyperVoice,HyperBeam,Protect,QuickAttack|Quiet||F|||50|]Ditto||ChoiceScarf|Imposter|Transform|Relaxed|||||50|]Incineroar||ChopleBerry|Intimidate|DarkestLariat,FlareBlitz,PartingShot,FakeOut|Brave||F|||50|]Sinistcha-Masterpiece||FocusSash|Hospitality|TrickRoom,MatchaGotcha,StrengthSap,Protect|Quiet|||||50|
|showteam|p2|Kangaskhan||Kangaskhanite|Scrappy|DoubleEdge,HammerArm,IcePunch,FakeOut|Brave||F|||50|]Farigiraf||SitrusBerry|ArmorTail|PsychicNoise,Thunderbolt,TrickRoom,Protect|Quiet||F|||50|]Chandelure||FocusSash|FlashFire|HeatWave,ShadowBall,TrickRoom,Protect|Quiet||M|||50|]Avalugg-Hisui||WideLens|Sturdy|RockSlide,MountainGale,BodyPress,WideGuard|Brave||F|||50|]Decidueye-Hisui||LifeOrb|Scrappy|CloseCombat,LeafBlade,BraveBird,Protect|Brave||M|||50|]Kingambit||BlackGlasses|Defiant|KowtowCleave,IronHead,SuckerPunch,SwordsDance|Brave||F|||50|
|inactive|Battle timer is ON: inactive players will automatically lose when time's up. (requested by jipjxdfdf)
|inactive|bobsparents has 60 seconds left.
|inactive|bobsparents has 30 seconds left.
|inactive|bobsparents has 20 seconds left.
|
|t:|1784394151
|teamsize|p1|4
|teamsize|p2|4
|start
|switch|p1a: Farigiraf|Farigiraf, L50, F|100/100
|switch|p1b: Incineroar|Incineroar, L50, F|100/100
|switch|p2a: Farigiraf|Farigiraf, L50, F|100/100
|switch|p2b: Decidueye|Decidueye-Hisui, L50, M|100/100
|-ability|p1b: Incineroar|Intimidate|boost
|-unboost|p2a: Farigiraf|atk|1
|-fail|p2b: Decidueye|unboost|Attack|[from] ability: Scrappy|[of] p2b: Decidueye
|turn|1
|inactive|jipjxdfdf has 30 seconds left.
|inactive|bobsparents has 30 seconds left.
|
|t:|1784394183
|move|p2b: Decidueye|Close Combat|p1a: Farigiraf
|-damage|p1a: Farigiraf|23/100
|-unboost|p2b: Decidueye|def|1
|-unboost|p2b: Decidueye|spd|1
|-damage|p2b: Decidueye|90/100|[from] item: Life Orb
|move|p1b: Incineroar|Flare Blitz|p2b: Decidueye
|-supereffective|p2b: Decidueye|1
|-damage|p2b: Decidueye|0 fnt
|faint|p2b: Decidueye
|-damage|p1b: Incineroar|70/100|[from] Recoil
|move|p2a: Farigiraf|Thunderbolt|p1a: Farigiraf
|-damage|p1a: Farigiraf|0 fnt
|faint|p1a: Farigiraf
|
|upkeep
|
|t:|1784394205
|switch|p2b: Avalugg|Avalugg-Hisui, L50, F|100/100
|switch|p1a: Ditto|Ditto, L50|100/100
|-transform|p1a: Ditto|p2b: Avalugg|[from] ability: Imposter
|turn|2
|
|t:|1784394228
|move|p1a: Ditto|Body Press|p2b: Avalugg
|-supereffective|p2b: Avalugg|2
|-crit|p2b: Avalugg
|-ability|p2b: Avalugg|Sturdy
|-damage|p2b: Avalugg|1/100
|move|p1b: Incineroar|Darkest Lariat|p2a: Farigiraf
|-supereffective|p2a: Farigiraf|1
|-damage|p2a: Farigiraf|19/100
|-enditem|p2a: Farigiraf|Sitrus Berry|[eat]
|-heal|p2a: Farigiraf|44/100|[from] item: Sitrus Berry
|move|p2b: Avalugg|Rock Slide|p1a: Ditto|[spread] p1a,p1b
|-supereffective|p1a: Ditto|1
|-supereffective|p1b: Incineroar|1
|-damage|p1a: Ditto|61/100
|-damage|p1b: Incineroar|11/100
|move|p2a: Farigiraf|Trick Room|p2a: Farigiraf
|-fieldstart|move: Trick Room|[of] p2a: Farigiraf
|
|upkeep
|turn|3
|
|t:|1784394251
|move|p2b: Avalugg|Rock Slide|p1b: Incineroar|[spread] p1a,p1b
|-supereffective|p1a: Ditto|1
|-supereffective|p1b: Incineroar|1
|-damage|p1a: Ditto|25/100
|-damage|p1b: Incineroar|0 fnt
|faint|p1b: Incineroar
|move|p2a: Farigiraf|Psychic Noise|p1a: Ditto
|-damage|p1a: Ditto|0 fnt
|faint|p1a: Ditto
|
|upkeep
|
|t:|1784394262
|switch|p1b: Mawile|Mawile, L50, M|100/100
|-ability|p1b: Mawile|Intimidate|boost
|-unboost|p2a: Farigiraf|atk|1
|-unboost|p2b: Avalugg|atk|1
|turn|4
|
|t:|1784394278
|detailschange|p1b: Mawile|Mawile-Mega, L50, M
|-mega|p1b: Mawile|Mawile|Mawilite
|move|p2b: Avalugg|Mountain Gale|p1b: Mawile|[miss]
|-miss|p2b: Avalugg|p1b: Mawile
|move|p1b: Mawile|Swords Dance|p1b: Mawile
|-boost|p1b: Mawile|atk|2
|move|p2a: Farigiraf|Thunderbolt|p1b: Mawile
|-damage|p1b: Mawile|71/100
|
|upkeep
|turn|5
|
|t:|1784394294
|move|p2b: Avalugg|Mountain Gale|p1b: Mawile
|-resisted|p1b: Mawile|1
|-damage|p1b: Mawile|48/100
|move|p1b: Mawile|Iron Head|p2b: Avalugg
|-supereffective|p2b: Avalugg|2
|-damage|p2b: Avalugg|0 fnt
|faint|p2b: Avalugg
|move|p2a: Farigiraf|Thunderbolt|p1b: Mawile
|-damage|p1b: Mawile|22/100
|
|upkeep
|
|t:|1784394299
|switch|p2b: Kingambit|Kingambit, L50, F|100/100
|turn|6
|
|t:|1784394313
|move|p2b: Kingambit|Swords Dance|p2b: Kingambit
|-boost|p2b: Kingambit|atk|2
|move|p1b: Mawile|Iron Head|p2b: Kingambit
|-resisted|p2b: Kingambit|1
|-damage|p2b: Kingambit|45/100
|move|p2a: Farigiraf|Thunderbolt|p1b: Mawile
|-damage|p1b: Mawile|0 fnt
|faint|p1b: Mawile
|
|win|bobsparents
