|j|☆FPG_thunder12
|j|☆ancientson
|html|FPG_thunder12ancientson    
|uhtml|bestof|Game 1 of a best-of-3
|t:|1757171062
|gametype|doubles
|player|p1|FPG_thunder12|drake-gen3|1099
|player|p2|ancientson|n|1065
|gen|9
|tier|[Gen 9] VGC 2025 Reg H (Bo3)
|rated|
|rule|Species Clause: Limit one of each Pokémon
|rule|Item Clause: Limit 1 of each item
|clearpoke
|poke|p1|Incineroar, L50, M|
|poke|p1|Gothitelle, L50, F|
|poke|p1|Politoed, L50, M|
|poke|p1|Kingdra, L50, M|
|poke|p1|Archaludon, L50, M|
|poke|p1|Amoonguss, L50, F|
|poke|p2|Dragapult, L50, F|
|poke|p2|Gholdengo, L50|
|poke|p2|Murkrow, L50, M|
|poke|p2|Sneasler, L50, M|
|poke|p2|Armarouge, L50, M|
|poke|p2|Indeedee-F, L50, F|
|teampreview|4
|showteam|p1|Incineroar||SafetyGoggles|Intimidate|FakeOut,KnockOff,PartingShot,Protect|||M|||50|,,,,,Ghost]Gothitelle||SitrusBerry|ShadowTag|FakeOut,Psychic,TrickRoom,Protect|||F|||50|,,,,,Dark]Politoed||Leftovers|Drizzle|WeatherBall,Encore,PerishSong,Protect|||M|||50|,,,,,Grass]Kingdra||LifeOrb|SwiftSwim|DracoMeteor,WeatherBall,MuddyWater,Protect|||M|||50|,,,,,Stellar]Archaludon||PowerHerb|Sturdy|ElectroShot,FlashCannon,DragonPulse,Protect|||M|||50|,,,,,Electric]Amoonguss||EjectButton|Regenerator|PollenPuff,Spore,RagePowder,Protect|||F|||50|,,,,,Fairy
|showteam|p2|Dragapult||LifeOrb|ClearBody|DragonDarts,Uturn,PhantomForce,SuckerPunch|||F|||50|,,,,,Dragon]Gholdengo||Leftovers|GoodasGold|Protect,ShadowBall,MakeItRain,NastyPlot||||||50|,,,,,Fighting]Murkrow||Eviolite|Prankster|FoulPlay,Tailwind,Haze,SunnyDay|||M|||50|,,,,,Dark]Sneasler||PsychicSeed|Unburden|DireClaw,CloseCombat,Protect,ThroatChop|||M|||50|,,,,,Dark]Armarouge||CovertCloak|FlashFire|ExpandingForce,HeatWave,Protect,TeraBlast|||M|||50|,,,,,Fighting]Indeedee-F||RockyHelmet|PsychicSurge|FollowMe,HelpingHand,TrickRoom,Psychic|||F|||50|,,,,,Dark
|inactive|Battle timer is ON: inactive players will automatically lose when time's up. (requested by ancientson)
|
|t:|1757171094
|teamsize|p1|4
|teamsize|p2|4
|start
|switch|p1a: Incineroar|Incineroar, L50, M|100/100
|switch|p1b: Kingdra|Kingdra, L50, M, shiny|100/100
|switch|p2a: Dragapult|Dragapult, L50, F|100/100
|switch|p2b: Sneasler|Sneasler, L50, M|100/100
|-ability|p1a: Incineroar|Intimidate|boost
|-fail|p2a: Dragapult|unboost|[from] ability: Clear Body|[of] p2a: Dragapult
|-unboost|p2b: Sneasler|atk|1
|turn|1
|inactive|ancientson has 30 seconds left.
|
|t:|1757171125
|move|p1a: Incineroar|Fake Out|p2b: Sneasler
|-damage|p2b: Sneasler|83/100
|move|p2a: Dragapult|Dragon Darts|p1b: Kingdra
|-supereffective|p1b: Kingdra
|-damage|p1b: Kingdra|8/100
|-anim|p2a: Dragapult|Dragon Darts|p1a: Incineroar
|-damage|p1a: Incineroar|66/100
|-damage|p2a: Dragapult|91/100|[from] item: Life Orb
|cant|p2b: Sneasler|flinch
|move|p1b: Kingdra|Draco Meteor|p2a: Dragapult
|-supereffective|p2a: Dragapult
|-damage|p2a: Dragapult|0 fnt
|-unboost|p1b: Kingdra|spa|2
|faint|p2a: Dragapult
|-damage|p1b: Kingdra|0 fnt|[from] item: Life Orb
|faint|p1b: Kingdra
|
|upkeep
|
|t:|1757171144
|switch|p2a: Armarouge|Armarouge, L50, M|100/100
|switch|p1b: Politoed|Politoed, L50, M, shiny|100/100
|-weather|RainDance|[from] ability: Drizzle|[of] p1b: Politoed
|turn|2
|
|t:|1757171157
|switch|p2b: Indeedee|Indeedee-F, L50, F|100/100
|-fieldstart|move: Psychic Terrain|[from] ability: Psychic Surge|[of] p2b: Indeedee
|-terastallize|p2a: Armarouge|Fighting
|move|p1b: Politoed|Protect|p1b: Politoed
|-singleturn|p1b: Politoed|Protect
|move|p2a: Armarouge|Tera Blast|p1a: Incineroar|[anim] Tera Blast Fighting
|-supereffective|p1a: Incineroar
|-damage|p1a: Incineroar|12/100
|move|p1a: Incineroar|Knock Off|p2a: Armarouge
|-resisted|p2a: Armarouge
|-damage|p2a: Armarouge|82/100
|-enditem|p2a: Armarouge|Covert Cloak|[from] move: Knock Off|[of] p1a: Incineroar
|
|-weather|RainDance|[upkeep]
|upkeep
|turn|3
|inactive|FPG_thunder12 has 30 seconds left.
|inactive|ancientson has 30 seconds left.
|
|t:|1757171197
|switch|p1a: Archaludon|Archaludon, L50, M|100/100
|move|p2b: Indeedee|Follow Me|p2b: Indeedee
|-singleturn|p2b: Indeedee|move: Follow Me
|move|p1b: Politoed|Weather Ball|p2b: Indeedee
|-damage|p2b: Indeedee|54/100
|move|p2a: Armarouge|Expanding Force|p1a: Archaludon|[spread] p1a,p1b
|-resisted|p1a: Archaludon
|-crit|p1b: Politoed
|-damage|p1a: Archaludon|52/100
|-damage|p1b: Politoed|25/100
|
|-weather|RainDance|[upkeep]
|-heal|p1b: Politoed|31/100|[from] item: Leftovers
|upkeep
|turn|4
|
|t:|1757171213
|move|p2b: Indeedee|Follow Me|p2b: Indeedee
|-singleturn|p2b: Indeedee|move: Follow Me
|move|p1a: Archaludon|Electro Shot||[still]
|-prepare|p1a: Archaludon|Electro Shot
|-boost|p1a: Archaludon|spa|1
|-anim|p1a: Archaludon|Electro Shot|p2b: Indeedee
|-damage|p2b: Indeedee|0 fnt
|faint|p2b: Indeedee
|move|p1b: Politoed|Weather Ball|p2a: Armarouge
|-damage|p2a: Armarouge|33/100
|move|p2a: Armarouge|Tera Blast|p1a: Archaludon|[anim] Tera Blast Fighting
|-supereffective|p1a: Archaludon
|-damage|p1a: Archaludon|0 fnt
|faint|p1a: Archaludon
|
|-weather|RainDance|[upkeep]
|-heal|p1b: Politoed|38/100|[from] item: Leftovers
|upkeep
|
|t:|1757171221
|switch|p1a: Incineroar|Incineroar, L50, M|12/100
|switch|p2b: Sneasler|Sneasler, L50, M|83/100
|-ability|p1a: Incineroar|Intimidate|boost
|-unboost|p2a: Armarouge|atk|1
|-unboost|p2b: Sneasler|atk|1
|-enditem|p2b: Sneasler|Psychic Seed
|-boost|p2b: Sneasler|spd|1|[from] item: Psychic Seed
|turn|5
|inactive|FPG_thunder12 has 30 seconds left.
|inactive|ancientson has 30 seconds left.
|
|t:|1757171253
|-terastallize|p1a: Incineroar|Ghost
|move|p2b: Sneasler|Dire Claw|p1b: Politoed
|-damage|p1b: Politoed|7/100
|move|p1b: Politoed|Weather Ball|p2b: Sneasler
|-damage|p2b: Sneasler|36/100
|move|p2a: Armarouge|Tera Blast|p1a: Incineroar|[anim] Tera Blast Fighting
|-immune|p1a: Incineroar
|move|p1a: Incineroar|Knock Off|p2a: Armarouge
|-resisted|p2a: Armarouge
|-damage|p2a: Armarouge|20/100
|
|-weather|RainDance|[upkeep]
|-heal|p1b: Politoed|13/100|[from] item: Leftovers
|upkeep
|turn|6
|
|t:|1757171269
|move|p2b: Sneasler|Throat Chop|p1a: Incineroar
|-supereffective|p1a: Incineroar
|-damage|p1a: Incineroar|0 fnt
|faint|p1a: Incineroar
|move|p1b: Politoed|Weather Ball|p2a: Armarouge
|-damage|p2a: Armarouge|0 fnt
|faint|p2a: Armarouge
|
|-weather|none
|-heal|p1b: Politoed|19/100|[from] item: Leftovers
|-fieldend|move: Psychic Terrain
|upkeep
|turn|7
|
|t:|1757171278
|move|p2b: Sneasler|Dire Claw|p1b: Politoed
|-damage|p1b: Politoed|0 fnt
|faint|p1b: Politoed
|
|win|ancientson
||FPG_thunder12 is ready for game 2.
