|j|☆Mtcoc2
|j|☆eldoka
|html|Mtcoc2eldoka    
|uhtml|bestof|Game 1 of a best-of-3
|t:|1756742893
|gametype|doubles
|player|p1|Mtcoc2|170|1146
|player|p2|eldoka|170|1197
|gen|9
|tier|[Gen 9] VGC 2025 Reg H (Bo3)
|rated|
|rule|Species Clause: Limit one of each Pokémon
|rule|Item Clause: Limit 1 of each item
|clearpoke
|poke|p1|Dragonite, L50, F|
|poke|p1|Ninetales-Alola, L50, M|
|poke|p1|Annihilape, L50, M|
|poke|p1|Ursaluna-Bloodmoon, L50, M|
|poke|p1|Magmar, L50, M|
|poke|p1|Gholdengo, L50|
|poke|p2|Gholdengo, L50|
|poke|p2|Ursaluna-Bloodmoon, L50, M|
|poke|p2|Rillaboom, L50, M|
|poke|p2|Dragonite, L50, F|
|poke|p2|Maushold, L50|
|poke|p2|Annihilape, L50, F|
|teampreview|4
|showteam|p1|Dragonite||LoadedDice|Multiscale|ScaleShot,ExtremeSpeed,Haze,Protect|||F|||50|,,,,,Steel]Ninetales-Alola||LightClay|SnowWarning|AuroraVeil,Blizzard,IcyWind,Encore|||M|||50|,,,,,Ghost]Annihilape||SafetyGoggles|Defiant|DrainPunch,RageFist,BulkUp,Protect|||M|||50|,,,,,Water]Ursaluna-Bloodmoon||AssaultVest|MindsEye|EarthPower,BloodMoon,HyperVoice,VacuumWave|||M|||50|,,,,,Water]Magmar||Eviolite|FlameBody|FollowMe,Overheat,Taunt,Protect|||M|||50|,,,,,Ghost]Gholdengo||MetalCoat|GoodasGold|MakeItRain,ShadowBall,NastyPlot,Protect||||||50|,,,,,Dragon
|showteam|p2|Gholdengo||LifeOrb|GoodasGold|MakeItRain,ShadowBall,Protect,NastyPlot||||||50|,,,,,Water]Ursaluna-Bloodmoon||AssaultVest|MindsEye|BloodMoon,HyperVoice,EarthPower,VacuumWave|||M|||50|,,,,,Water]Rillaboom||MiracleSeed|GrassySurge|HighHorsepower,WoodHammer,GrassyGlide,FakeOut|||M|||50|,,,,,Fire]Dragonite||LoadedDice|Multiscale|ScaleShot,Tailwind,Protect,Haze|||F|||50|,,,,,Fairy]Maushold||FocusSash|FriendGuard|SuperFang,FollowMe,Protect,BeatUp||||||50|,,,,,Ghost]Annihilape||SitrusBerry|Defiant|Protect,BulkUp,DrainPunch,RageFist|||F|||50|,,,,,Fire
|inactive|Battle timer is ON: inactive players will automatically lose when time's up. (requested by Mtcoc2)
|
|t:|1756742934
|teamsize|p1|4
|teamsize|p2|4
|start
|switch|p1a: Magmar|Magmar, L50, M|100/100
|switch|p1b: Gholdengo|Gholdengo, L50|100/100
|switch|p2a: Gholdengo|Gholdengo, L50|100/100
|switch|p2b: Annihilape|Annihilape, L50, F|100/100
|turn|1
|inactive|eldoka has 30 seconds left.
|
|t:|1756742963
|move|p1a: Magmar|Follow Me|p1a: Magmar
|-singleturn|p1a: Magmar|move: Follow Me
|move|p2b: Annihilape|Bulk Up|p2b: Annihilape
|-boost|p2b: Annihilape|atk|1
|-boost|p2b: Annihilape|def|1
|move|p2a: Gholdengo|Nasty Plot|p2a: Gholdengo
|-boost|p2a: Gholdengo|spa|2
|move|p1b: Gholdengo|Nasty Plot|p1b: Gholdengo
|-boost|p1b: Gholdengo|spa|2
|
|upkeep
|turn|2
|
|t:|1756742981
|move|p2b: Annihilape|Protect|p2b: Annihilape
|-singleturn|p2b: Annihilape|Protect
|move|p1b: Gholdengo|Protect|p1b: Gholdengo
|-singleturn|p1b: Gholdengo|Protect
|move|p2a: Gholdengo|Shadow Ball|p1a: Magmar
|-damage|p1a: Magmar|32/100
|-damage|p2a: Gholdengo|91/100|[from] item: Life Orb
|move|p1a: Magmar|Overheat|p2a: Gholdengo
|-supereffective|p2a: Gholdengo
|-damage|p2a: Gholdengo|0 fnt
|-unboost|p1a: Magmar|spa|2
|faint|p2a: Gholdengo
|
|upkeep
|
|t:|1756742992
|switch|p2a: Maushold|Maushold, L50|100/100
|turn|3
|
|t:|1756743002
|-terastallize|p2b: Annihilape|Fire
|move|p2a: Maushold|Protect|p2a: Maushold
|-singleturn|p2a: Maushold|Protect
|move|p1a: Magmar|Follow Me|p1a: Magmar
|-singleturn|p1a: Magmar|move: Follow Me
|move|p2b: Annihilape|Drain Punch|p1a: Magmar
|-damage|p1a: Magmar|0 fnt
|faint|p1a: Magmar
|move|p1b: Gholdengo|Make It Rain|p2b: Annihilape|[spread] p2b
|-activate|p2a: Maushold|move: Protect
|-resisted|p2b: Annihilape
|-damage|p2b: Annihilape|63/100
|-unboost|p1b: Gholdengo|spa|1
|
|upkeep
|
|t:|1756743012
|switch|p1a: Ninetales|Ninetales-Alola, L50, M|100/100
|-weather|Snowscape|[from] ability: Snow Warning|[of] p1a: Ninetales
|turn|4
|inactive|eldoka has 30 seconds left.
|
|t:|1756743040
|move|p2a: Maushold|Super Fang|p1a: Ninetales
|-damage|p1a: Ninetales|50/100
|move|p1a: Ninetales|Icy Wind|p2a: Maushold|[spread] p2a
|-miss|p1a: Ninetales|p2b: Annihilape
|-damage|p2a: Maushold|83/100
|-unboost|p2a: Maushold|spe|1
|move|p2b: Annihilape|Drain Punch|p1a: Ninetales
|-damage|p1a: Ninetales|9/100
|-heal|p2b: Annihilape|82/100|[from] drain|[of] p1a: Ninetales
|move|p1b: Gholdengo|Make It Rain|p2b: Annihilape|[spread] p2a,p2b
|-resisted|p2b: Annihilape
|-damage|p2a: Maushold|0 fnt
|-damage|p2b: Annihilape|54/100
|-unboost|p1b: Gholdengo|spa|1
|faint|p2a: Maushold
|
|-weather|Snowscape|[upkeep]
|upkeep
|
|t:|1756743054
|switch|p2a: Rillaboom|Rillaboom, L50, M|100/100
|-fieldstart|move: Grassy Terrain|[from] ability: Grassy Surge|[of] p2a: Rillaboom
|turn|5
|
|t:|1756743070
|switch|p1a: Annihilape|Annihilape, L50, M|100/100
|move|p1b: Gholdengo|Protect|p1b: Gholdengo
|-singleturn|p1b: Gholdengo|Protect
|move|p2a: Rillaboom|Fake Out|p1a: Annihilape
|-immune|p1a: Annihilape
|move|p2b: Annihilape|Rage Fist|p1b: Gholdengo
|-activate|p1b: Gholdengo|move: Protect
|
|-weather|Snowscape|[upkeep]
|-heal|p2b: Annihilape|60/100|[from] Grassy Terrain
|upkeep
|turn|6
|inactive|eldoka has 30 seconds left.
|
|t:|1756743096
|-terastallize|p1b: Gholdengo|Dragon
|move|p2b: Annihilape|Rage Fist|p1a: Annihilape
|-supereffective|p1a: Annihilape
|-damage|p1a: Annihilape|0 fnt
|faint|p1a: Annihilape
|move|p2a: Rillaboom|High Horsepower|p1b: Gholdengo
|-damage|p1b: Gholdengo|65/100
|move|p1b: Gholdengo|Make It Rain|p2b: Annihilape|[spread] p2a,p2b
|-resisted|p2b: Annihilape
|-damage|p2a: Rillaboom|28/100
|-damage|p2b: Annihilape|36/100
|-unboost|p1b: Gholdengo|spa|1
|-enditem|p2b: Annihilape|Sitrus Berry|[eat]
|-heal|p2b: Annihilape|61/100|[from] item: Sitrus Berry
|
|-weather|Snowscape|[upkeep]
|-heal|p2b: Annihilape|67/100|[from] Grassy Terrain
|-heal|p2a: Rillaboom|34/100|[from] Grassy Terrain
|-heal|p1b: Gholdengo|70/100|[from] Grassy Terrain
|upkeep
|
|t:|1756743113
|switch|p1a: Ninetales|Ninetales-Alola, L50, M|9/100
|turn|7
|
|t:|1756743126
|move|p2a: Rillaboom|Grassy Glide|p1a: Ninetales
|-damage|p1a: Ninetales|0 fnt
|faint|p1a: Ninetales
|move|p2b: Annihilape|Rage Fist|p1b: Gholdengo
|-damage|p1b: Gholdengo|0 fnt
|faint|p1b: Gholdengo
|
|win|eldoka
