|j|☆babouras
|j|☆Ayabe0119
|html|babourasAyabe0119    
|uhtml|bestof|Game 1 of a best-of-3
|t:|1782637432
|gametype|doubles
|player|p1|babouras|#smogonxnpa2025draftee|
|player|p2|Ayabe0119|unknownf|
|gen|9
|tier|[Gen 9 Champions] VGC 2026 Reg M-B (Bo3)
|rule|Species Clause: Limit one of each Pokémon
|rule|Item Clause: Limit 1 of each item
|clearpoke
|poke|p1|Metagross, L50|
|poke|p1|Sneasler, L50, M|
|poke|p1|Sinistcha, L50|
|poke|p1|Farigiraf, L50, F|
|poke|p1|Incineroar, L50, M|
|poke|p1|Blastoise, L50, F|
|poke|p2|Charizard, L50, M|
|poke|p2|Garchomp, L50, M|
|poke|p2|Whimsicott, L50, M|
|poke|p2|Basculegion, L50, M|
|poke|p2|Floette-Eternal, L50, F|
|poke|p2|Kingambit, L50, F|
|teampreview|4
|showteam|p1|Metagross||Metagrossite|ClearBody|IronHead,PsychicFangs,BodyPress,Protect|Jolly|||||50|]Sneasler||FocusSash|PoisonTouch|CloseCombat,FakeOut,DireClaw,Coaching|Jolly||M|||50|]Sinistcha||ColburBerry|Hospitality|MatchaGotcha,RagePowder,TrickRoom,ShadowBall|Relaxed|||||50|]Farigiraf||SitrusBerry|ArmorTail|Psychic,TrickRoom,HelpingHand,RainDance|Bold||F|||50|]Incineroar||ShucaBerry|Intimidate|FlareBlitz,FakeOut,HelpingHand,PartingShot|Careful||M|||50|]Blastoise||Blastoisinite|RainDish|WaterSpout,Protect,DarkPulse,AuraSphere|Quiet||F|||50|
|showteam|p2|Charizard||CharizarditeY|Blaze|HeatWave,SolarBeam,WeatherBall,Protect|Modest||M|||50|]Garchomp||LifeOrb|RoughSkin|DragonClaw,Earthquake,RockSlide,Protect|Jolly||M|||50|]Whimsicott||FocusSash|Prankster|Moonblast,Tailwind,Encore,Protect|Timid||M|||50|]Basculegion||MysticWater|Adaptability|WaveCrash,AquaJet,Protect,LastRespects|Adamant||M|||50|]Floette-Eternal||Floettite|FlowerVeil|Moonblast,DazzlingGleam,LightofRuin,Protect|Modest||F|||50|]Kingambit||ChopleBerry|Defiant|KowtowCleave,IronHead,SuckerPunch,LowKick|Adamant||F|||50|
|c|☆babouras|glhf
|c|☆Ayabe0119|glhf
|j| Carneyasada
|j| KrystalKiwi
|j| Wow_Yang
|
|t:|1782637620
|teamsize|p1|4
|teamsize|p2|4
|start
|switch|p1a: Blastoise|Blastoise, L50, F|100/100
|switch|p1b: Farigiraf|Farigiraf, L50, F|100/100
|switch|p2a: Charizard|Charizard, L50, M|100/100
|switch|p2b: Kingambit|Kingambit, L50, F|100/100
|turn|1
|
|t:|1782637689
|detailschange|p2a: Charizard|Charizard-Mega-Y, L50, M
|-mega|p2a: Charizard|Charizard|Charizardite Y
|-weather|SunnyDay|[from] ability: Drought|[of] p2a: Charizard
|detailschange|p1a: Blastoise|Blastoise-Mega, L50, F
|-mega|p1a: Blastoise|Blastoise|Blastoisinite
|move|p1a: Blastoise|Protect|p1a: Blastoise
|-singleturn|p1a: Blastoise|Protect
|move|p2a: Charizard|Weather Ball|p1b: Farigiraf
|-damage|p1b: Farigiraf|18/100
|-enditem|p1b: Farigiraf|Sitrus Berry|[eat]
|-heal|p1b: Farigiraf|43/100|[from] item: Sitrus Berry
|move|p1b: Farigiraf|Rain Dance|p1b: Farigiraf
|-weather|RainDance
|move|p2b: Kingambit|Kowtow Cleave|p1b: Farigiraf
|-supereffective|p1b: Farigiraf|1
|-damage|p1b: Farigiraf|0 fnt
|faint|p1b: Farigiraf
|
|-weather|RainDance|[upkeep]
|upkeep
|
|t:|1782637702
|switch|p1b: Sinistcha|Sinistcha, L50|100/100
|turn|2
|j| Damovgc
|
|t:|1782637767
|switch|p2a: Basculegion|Basculegion, L50, M|100/100
|move|p1a: Blastoise|Water Spout|p2b: Kingambit|[spread] p2a,p2b
|-resisted|p2a: Basculegion|1
|-damage|p2a: Basculegion|51/100
|-damage|p2b: Kingambit|16/100
|move|p2b: Kingambit|Kowtow Cleave|p1a: Blastoise
|-damage|p1a: Blastoise|62/100
|move|p1b: Sinistcha|Trick Room|p1b: Sinistcha
|-fieldstart|move: Trick Room|[of] p1b: Sinistcha
|
|-weather|RainDance|[upkeep]
|upkeep
|turn|3
|j| Therazer456
|
|t:|1782637861
|switch|p2b: Charizard|Charizard-Mega-Y, L50, M|100/100
|-weather|SunnyDay|[from] ability: Drought|[of] p2b: Charizard
|move|p2a: Basculegion|Protect|p2a: Basculegion
|-singleturn|p2a: Basculegion|Protect
|move|p1b: Sinistcha|Matcha Gotcha|p2b: Charizard|[spread] 
|-activate|p2a: Basculegion|move: Protect
|-miss|p1b: Sinistcha|p2b: Charizard
|move|p1a: Blastoise|Dark Pulse|p2b: Charizard
|-crit|p2b: Charizard
|-damage|p2b: Charizard|40/100
|
|-weather|SunnyDay|[upkeep]
|upkeep
|turn|4
|j| bigfishgoessplash
|
|t:|1782637938
|switch|p2a: Garchomp|Garchomp, L50, M|100/100
|move|p2b: Charizard|Protect|p2b: Charizard
|-singleturn|p2b: Charizard|Protect
|move|p1b: Sinistcha|Matcha Gotcha|p2a: Garchomp|[spread] p2a
|-activate|p2b: Charizard|move: Protect
|-damage|p2a: Garchomp|71/100
|move|p1a: Blastoise|Dark Pulse|p2b: Charizard
|-activate|p2b: Charizard|move: Protect
|
|-weather|SunnyDay|[upkeep]
|upkeep
|turn|5
|l| Therazer456
|j| Therazer456
|
|t:|1782638066
|move|p1b: Sinistcha|Matcha Gotcha|p2a: Garchomp|[spread] p2a,p2b
|-resisted|p2b: Charizard|2
|-crit|p2b: Charizard
|-damage|p2a: Garchomp|44/100
|-damage|p2b: Charizard|32/100
|-status|p2a: Garchomp|brn
|move|p1a: Blastoise|Dark Pulse|p2b: Charizard
|-damage|p2b: Charizard|0 fnt
|faint|p2b: Charizard
|move|p2a: Garchomp|Dragon Claw|p1b: Sinistcha
|-damage|p1b: Sinistcha|78/100
|-damage|p2a: Garchomp|34/100 brn|[from] item: Life Orb
|
|-weather|SunnyDay|[upkeep]
|-damage|p2a: Garchomp|29/100 brn|[from] brn
|upkeep
|
|t:|1782638136
|switch|p2b: Kingambit|Kingambit, L50, F|16/100
|turn|6
|j| chillinhomie
|l| chillinhomie
|
|t:|1782638202
|move|p2a: Garchomp|Protect|p2a: Garchomp
|-singleturn|p2a: Garchomp|Protect
|move|p2b: Kingambit|Kowtow Cleave|p1b: Sinistcha
|-supereffective|p1b: Sinistcha|1
|-enditem|p1b: Sinistcha|Colbur Berry|[eat]
|-enditem|p1b: Sinistcha|Colbur Berry|[weaken]
|-damage|p1b: Sinistcha|41/100
|move|p1b: Sinistcha|Matcha Gotcha|p2b: Kingambit|[spread] p2b
|-activate|p2a: Garchomp|move: Protect
|-resisted|p2b: Kingambit|1
|-damage|p2b: Kingambit|6/100
|-heal|p1b: Sinistcha|46/100|[from] drain|[of] p2b: Kingambit
|-status|p2b: Kingambit|brn
|move|p1a: Blastoise|Dark Pulse|p2b: Kingambit
|-resisted|p2b: Kingambit|1
|-damage|p2b: Kingambit|0 fnt
|faint|p2b: Kingambit
|
|-weather|SunnyDay|[upkeep]
|-damage|p2a: Garchomp|23/100 brn|[from] brn
|-fieldend|move: Trick Room
|upkeep
|
|t:|1782638214
|switch|p2b: Basculegion|Basculegion, L50, M|51/100
|turn|7
|
|t:|1782638287
|switch|p1b: Incineroar|Incineroar, L50, M|100/100
|-ability|p1b: Incineroar|Intimidate|boost
|-unboost|p2a: Garchomp|atk|1
|-unboost|p2b: Basculegion|atk|1
|move|p1a: Blastoise|Protect|p1a: Blastoise
|-singleturn|p1a: Blastoise|Protect
|move|p2a: Garchomp|Rock Slide|p1b: Incineroar|[spread] p1b
|-activate|p1a: Blastoise|move: Protect
|-supereffective|p1b: Incineroar|1
|-damage|p1b: Incineroar|86/100
|-damage|p2a: Garchomp|13/100 brn|[from] item: Life Orb
|move|p2b: Basculegion|Last Respects|p1b: Incineroar
|-resisted|p1b: Incineroar|1
|-damage|p1b: Incineroar|58/100
|
|-weather|none
|-damage|p2a: Garchomp|7/100 brn|[from] brn
|upkeep
|turn|8
|
|t:|1782638350
|move|p1b: Incineroar|Fake Out|p2a: Garchomp
|-crit|p2a: Garchomp
|-damage|p2a: Garchomp|0 fnt
|-damage|p1b: Incineroar|45/100|[from] ability: Rough Skin|[of] p2a: Garchomp
|faint|p2a: Garchomp
|move|p2b: Basculegion|Last Respects|p1a: Blastoise
|-damage|p1a: Blastoise|0 fnt
|faint|p1a: Blastoise
|
|upkeep
|
|t:|1782638363
|switch|p1a: Sinistcha|Sinistcha, L50|46/100
|-heal|p1b: Incineroar|70/100|[from] ability: Hospitality|[of] p1a: Sinistcha
|turn|9
|j| Evil Kuromi
|
|t:|1782638396
|move|p2b: Basculegion|Last Respects|p1a: Sinistcha
|-supereffective|p1a: Sinistcha|1
|-damage|p1a: Sinistcha|0 fnt
|faint|p1a: Sinistcha
|move|p1b: Incineroar|Flare Blitz|p2b: Basculegion
|-resisted|p2b: Basculegion|1
|-damage|p2b: Basculegion|21/100
|-damage|p1b: Incineroar|61/100|[from] Recoil
|
|upkeep
|turn|10
|
|t:|1782638403
|move|p2b: Basculegion|Wave Crash|p1b: Incineroar
|-supereffective|p1b: Incineroar|1
|-damage|p1b: Incineroar|0 fnt
|faint|p1b: Incineroar
|-damage|p2b: Basculegion|1/100|[from] Recoil
|
|win|Ayabe0119
||babouras is ready for game 2.
|l| Evil Kuromi
|inactive|Ayabe0119 has 30 seconds to confirm battle start!
|inactive|Ayabe0119 has 20 seconds to confirm battle start!
|inactive|Ayabe0119 has 10 seconds to confirm battle start!
|uhtml|next|Next: Game 2 of 3
|j| YKMikuMA
|l| Therazer456
|j| Therazer456
|j| A Regu1ar Guy
|l| A Regu1ar Guy
|l| Carneyasada
|l| Damovgc
|l| Therazer456
|j| A Regu1ar Guy
|l| A Regu1ar Guy
