|j|☆Chizardfalife
|j|☆Khenzhu
|html|ChizardfalifeKhenzhu    
|uhtml|bestof|Game 1 of a best-of-3
|t:|1783802321
|gametype|doubles
|player|p1|Chizardfalife|marshal|
|player|p2|Khenzhu|cynthia|
|gen|9
|tier|[Gen 9 Champions] VGC 2026 Reg M-B (Bo3)
|rule|Species Clause: Limit one of each Pokémon
|rule|Item Clause: Limit 1 of each item
|clearpoke
|poke|p1|Dragonite, L50, M|
|poke|p1|Primarina, L50, M|
|poke|p1|Aerodactyl, L50, F|
|poke|p1|Snorlax, L50, M|
|poke|p1|Krookodile, L50, F|
|poke|p1|Sharpedo, L50, F|
|poke|p2|Dragonite, L50, M|
|poke|p2|Torkoal, L50, F|
|poke|p2|Hatterene, L50, F|
|poke|p2|Vileplume, L50, M|
|poke|p2|Sneasler, L50, F|
|poke|p2|Leafeon, L50, F|
|teampreview|4
|showteam|p1|Dragonite||SitrusBerry|Multiscale|IceSpinner,ThunderPunch,BrickBreak,RockSlide|Adamant||M|||50|]Primarina||Leftovers|LiquidVoice|Protect,DazzlingGleam,HyperVoice,IceBeam|Modest||M|||50|]Aerodactyl||FocusSash|Unnerve|Tailwind,RockSlide,DualWingbeat,Protect|Jolly||F|||50|]Snorlax||ChopleBerry|ThickFat|IcePunch,ZenHeadbutt,HeavySlam,Crunch|Impish||M|||50|]Krookodile||ChoiceScarf|Intimidate|BreakingSwipe,Crunch,IronTail,RockSlide|Jolly||F|||50|]Sharpedo||Sharpedonite|RoughSkin|Protect,Liquidation,PsychicFangs,PoisonJab|Jolly||F|||50|
|showteam|p2|Dragonite||Dragoninite|Multiscale|Tailwind,DragonPulse,AirSlash,Protect|Modest||M|||50|]Torkoal||Charcoal|Drought|HelpingHand,Eruption,Protect,WeatherBall|Bold||F|||50|]Hatterene||LifeOrb|MagicBounce|TrickRoom,DazzlingGleam,Psychic,Protect|Bold||F|||50|]Vileplume||MentalHerb|Chlorophyll|AfterYou,Protect,SleepPowder,SludgeBomb|Bold||M|||50|]Sneasler||FocusSash|PoisonTouch|CloseCombat,FakeOut,DireClaw,Protect|Jolly||F|||50|]Leafeon||CobaBerry|Chlorophyll|KnockOff,LeafBlade,Protect,SolarBlade|Adamant||F|||50|
|inactive|Battle timer is ON: inactive players will automatically lose when time's up. (requested by Khenzhu)
|inactive|Chizardfalife has 60 seconds left.
|inactive|Chizardfalife has 30 seconds left.
|
|t:|1783802402
|teamsize|p1|4
|teamsize|p2|4
|start
|switch|p1a: Aerodactyl|Aerodactyl, L50, F|100/100
|switch|p1b: Snorlax|Snorlax, L50, M|100/100
|switch|p2a: Hatterene|Hatterene, L50, F|100/100
|switch|p2b: Torkoal|Torkoal, L50, F|100/100
|-ability|p1a: Aerodactyl|Unnerve
|-weather|SunnyDay|[from] ability: Drought|[of] p2b: Torkoal
|turn|1
|inactive|Khenzhu has 30 seconds left.
|
|t:|1783802433
|move|p1a: Aerodactyl|Tailwind|p1a: Aerodactyl
|-sidestart|p1: Chizardfalife|move: Tailwind
|move|p1b: Snorlax|Heavy Slam|p2a: Hatterene
|-supereffective|p2a: Hatterene|1
|-damage|p2a: Hatterene|37/100
|move|p2b: Torkoal|Eruption|p1b: Snorlax|[spread] p1a,p1b
|-resisted|p1a: Aerodactyl|1
|-damage|p1a: Aerodactyl|55/100
|-damage|p1b: Snorlax|80/100
|move|p2a: Hatterene|Trick Room|p2a: Hatterene
|-fieldstart|move: Trick Room|[of] p2a: Hatterene
|
|-weather|SunnyDay|[upkeep]
|upkeep
|turn|2
|inactive|Chizardfalife has 30 seconds left.
|inactive|Khenzhu has 30 seconds left.
|
|t:|1783802467
|switch|p1a: Primarina|Primarina, L50, M|100/100
|move|p2a: Hatterene|Protect|p2a: Hatterene
|-singleturn|p2a: Hatterene|Protect
|move|p2b: Torkoal|Eruption|p1b: Snorlax|[spread] p1a,p1b
|-resisted|p1a: Primarina|1
|-damage|p1a: Primarina|75/100
|-damage|p1b: Snorlax|61/100
|move|p1b: Snorlax|Heavy Slam|p2a: Hatterene
|-activate|p2a: Hatterene|move: Protect
|
|-weather|SunnyDay|[upkeep]
|-heal|p1a: Primarina|81/100|[from] item: Leftovers
|upkeep
|turn|3
|inactive|Khenzhu has 30 seconds left.
|
|t:|1783802494
|switch|p2b: Dragonite|Dragonite, L50, M|100/100
|switch|p2a: Vileplume|Vileplume, L50, M|100/100
|move|p1b: Snorlax|Heavy Slam|p2a: Vileplume
|-damage|p2a: Vileplume|68/100
|move|p1a: Primarina|Hyper Voice|p2a: Vileplume|[spread] p2a,p2b
|-resisted|p2a: Vileplume|1
|-resisted|p2b: Dragonite|1
|-damage|p2a: Vileplume|58/100
|-damage|p2b: Dragonite|95/100
|
|-weather|SunnyDay|[upkeep]
|-heal|p1a: Primarina|87/100|[from] item: Leftovers
|upkeep
|turn|4
|inactive|Khenzhu has 30 seconds left.
|inactive|Chizardfalife has 30 seconds left.
|inactive|Chizardfalife has 20 seconds left.
|inactive|Chizardfalife has 15 seconds left.
|
|t:|1783802540
|detailschange|p2b: Dragonite|Dragonite-Mega, L50, M
|-mega|p2b: Dragonite|Dragonite|Dragoninite
|move|p1b: Snorlax|Ice Punch|p2a: Vileplume
|-supereffective|p2a: Vileplume|1
|-damage|p2a: Vileplume|23/100
|move|p2b: Dragonite|Air Slash|p1a: Primarina
|-damage|p1a: Primarina|47/100
|move|p2a: Vileplume|Sludge Bomb|p1a: Primarina
|-supereffective|p1a: Primarina|1
|-damage|p1a: Primarina|0 fnt
|faint|p1a: Primarina
|
|-weather|SunnyDay|[upkeep]
|-sideend|p1: Chizardfalife|move: Tailwind
|upkeep
|
|t:|1783802552
|switch|p1a: Dragonite|Dragonite, L50, M|100/100
|turn|5
|inactive|Chizardfalife has 30 seconds left.
|inactive|Chizardfalife has 20 seconds left.
|inactive|Chizardfalife has 15 seconds left.
|
|t:|1783802596
|move|p2a: Vileplume|Protect|p2a: Vileplume
|-singleturn|p2a: Vileplume|Protect
|move|p1b: Snorlax|Zen Headbutt|p2a: Vileplume
|-activate|p2a: Vileplume|move: Protect
|move|p2b: Dragonite|Dragon Pulse|p1a: Dragonite
|-supereffective|p1a: Dragonite|1
|-damage|p1a: Dragonite|44/100
|-enditem|p1a: Dragonite|Sitrus Berry|[eat]
|-heal|p1a: Dragonite|69/100|[from] item: Sitrus Berry
|move|p1a: Dragonite|Ice Spinner|p2b: Dragonite
|-supereffective|p2b: Dragonite|2
|-damage|p2b: Dragonite|0 fnt
|faint|p2b: Dragonite
|
|-weather|none
|-fieldend|move: Trick Room
|upkeep
|
|t:|1783802612
|switch|p2b: Hatterene|Hatterene, L50, F|37/100
|turn|6
|
|t:|1783802628
|move|p1a: Dragonite|Rock Slide|p2a: Vileplume|[spread] p2a,p2b
|-damage|p2a: Vileplume|7/100
|-damage|p2b: Hatterene|18/100
|move|p2a: Vileplume|Sleep Powder|p1a: Dragonite
|-status|p1a: Dragonite|slp|[from] move: Sleep Powder
|move|p1b: Snorlax|Heavy Slam|p2b: Hatterene
|-supereffective|p2b: Hatterene|1
|-damage|p2b: Hatterene|0 fnt
|faint|p2b: Hatterene
|
|upkeep
|
|t:|1783802638
|switch|p2b: Torkoal|Torkoal, L50, F|100/100
|-weather|SunnyDay|[from] ability: Drought|[of] p2b: Torkoal
|turn|7
|inactive|Chizardfalife has 30 seconds left.
|inactive|Chizardfalife has 20 seconds left.
|inactive|Chizardfalife has 15 seconds left.
|
|t:|1783802680
|move|p2a: Vileplume|Protect|p2a: Vileplume
|-singleturn|p2a: Vileplume|Protect
|cant|p1a: Dragonite|slp
|move|p1b: Snorlax|Zen Headbutt|p2a: Vileplume
|-activate|p2a: Vileplume|move: Protect
|move|p2b: Torkoal|Eruption|p1a: Dragonite|[spread] p1a,p1b
|-resisted|p1a: Dragonite|1
|-damage|p1a: Dragonite|33/100 slp
|-damage|p1b: Snorlax|43/100
|
|-weather|SunnyDay|[upkeep]
|upkeep
|turn|8
|
|t:|1783802692
|move|p2a: Vileplume|Protect||[still]
|-fail|p2a: Vileplume
|cant|p1a: Dragonite|slp
|move|p1b: Snorlax|Zen Headbutt|p2a: Vileplume
|-supereffective|p2a: Vileplume|1
|-damage|p2a: Vileplume|0 fnt
|faint|p2a: Vileplume
|move|p2b: Torkoal|Eruption|p1b: Snorlax|[spread] p1a,p1b
|-resisted|p1a: Dragonite|1
|-damage|p1a: Dragonite|1/100 slp
|-damage|p1b: Snorlax|24/100
|
|-weather|SunnyDay|[upkeep]
|upkeep
|turn|9
|
|t:|1783802709
|-curestatus|p1a: Dragonite|slp|[msg]
|move|p1a: Dragonite|Rock Slide|p2b: Torkoal
|-supereffective|p2b: Torkoal|1
|-damage|p2b: Torkoal|66/100
|move|p1b: Snorlax|Zen Headbutt|p2b: Torkoal
|-damage|p2b: Torkoal|50/100g
|move|p2b: Torkoal|Eruption|p1a: Dragonite|[spread] p1a,p1b
|-resisted|p1a: Dragonite|1
|-damage|p1a: Dragonite|0 fnt
|-damage|p1b: Snorlax|15/100
|faint|p1a: Dragonite
|
|-weather|SunnyDay|[upkeep]
|upkeep
|
|t:|1783802718
|switch|p1a: Aerodactyl|Aerodactyl, L50, F|55/100
|-ability|p1a: Aerodactyl|Unnerve
|turn|10
|
|t:|1783802727
|move|p1a: Aerodactyl|Rock Slide|p2b: Torkoal
|-supereffective|p2b: Torkoal|1
|-damage|p2b: Torkoal|12/100
|move|p1b: Snorlax|Zen Headbutt|p2b: Torkoal
|-damage|p2b: Torkoal|0 fnt
|faint|p2b: Torkoal
|
|win|Chizardfalife
||Chizardfalife is ready for game 2.
|inactive|Khenzhu has 30 seconds to confirm battle start!
|l|☆Khenzhu
|player|p2|
|inactive|Khenzhu has 20 seconds to confirm battle start!
|inactive|Khenzhu has 10 seconds to confirm battle start!
||Khenzhu is ready for game 2.
|uhtml|next|Next: Game 2 of 3
