|badge|p1|silver|gen9ou|30-6
|uhtml|medal-msg|Curious what those medals under the avatar are? PS now has Ladder Seasons! For more information, check out the thread on Smogon.
|j|☆JackRG1
|j|☆That_Leek
|html|JackRG1That_Leek    
|uhtml|bestof|Game 1 of a best-of-3
|t:|1757790831
|gametype|doubles
|player|p1|JackRG1|dawn-gen4pt|1232
|player|p2|That_Leek|blue-masters|1261
|gen|9
|tier|[Gen 9] VGC 2025 Reg H (Bo3)
|rated|
|rule|Species Clause: Limit one of each Pokémon
|rule|Item Clause: Limit 1 of each item
|clearpoke
|poke|p1|Tyranitar, L50, F|
|poke|p1|Excadrill, L50, M|
|poke|p1|Gastrodon-East, L50, F|
|poke|p1|Corviknight, L50, M|
|poke|p1|Glimmora, L50, M|
|poke|p1|Indeedee-F, L50, F|
|poke|p2|Incineroar, L50, F|
|poke|p2|Gholdengo, L50|
|poke|p2|Dragonite, L50, M|
|poke|p2|Amoonguss, L50, M|
|poke|p2|Ursaluna-Bloodmoon, L50, M|
|poke|p2|Gallade, L50, M|
|teampreview|4
|showteam|p1|Tyranitar||AssaultVest|SandStream|RockSlide,KnockOff,TeraBlast,LowKick|||F|||50|,,,,,Flying]Excadrill||FocusSash|SandRush|Earthquake,HighHorsepower,IronHead,Protect|||M|||50|,,,,,Stellar]Gastrodon-East||Leftovers|StormDrain|EarthPower,HydroPump,ClearSmog,Protect|||F|||50|,,,,,Grass]Corviknight||SitrusBerry|MirrorArmor|BraveBird,PowerTrip,BulkUp,Roost|||M|||50|,,,,,Dark]Glimmora||ChoiceScarf|ToxicDebris|EnergyBall,PowerGem,EarthPower,SludgeBomb|||M|||50|,,,,,Grass]Indeedee-F||SafetyGoggles|PsychicSurge|FollowMe,Psychic,TrickRoom,Protect|||F|||50|,,,,,Fairy
|showteam|p2|Incineroar||SafetyGoggles|Intimidate|FakeOut,FlareBlitz,KnockOff,PartingShot|||F|||50|,,,,,Water]Gholdengo||LifeOrb|GoodasGold|MakeItRain,ShadowBall,NastyPlot,Protect||||||50|,,,,,Dragon]Dragonite||LoadedDice|Multiscale|Tailwind,StompingTantrum,ScaleShot,Protect|||M|||50|,,,,,Fairy]Amoonguss||SitrusBerry|Regenerator|PollenPuff,Spore,RagePowder,Protect|||M|||50|,,,,,Fairy]Ursaluna-Bloodmoon||AssaultVest|MindsEye|VacuumWave,BloodMoon,HyperVoice,EarthPower|||M|||50|,,,,,Ghost]Gallade||FocusSash|Sharpness|TrickRoom,SacredSword,WideGuard,PsychoCut|||M|||50|,,,,,Fairy
|inactive|Battle timer is ON: inactive players will automatically lose when time's up. (requested by JackRG1)
|inactive|JackRG1 has 60 seconds left.
|inactive|That_Leek has 60 seconds left.
|inactive|JackRG1 has 30 seconds left.
|inactive|JackRG1 has 20 seconds left.
|inactive|JackRG1 has 15 seconds left.
|inactive|JackRG1 has 10 seconds left.
|inactive|JackRG1 has 5 seconds left.
|
|t:|1757790918
|teamsize|p1|4
|teamsize|p2|4
|start
|switch|p1a: Corviknight|Corviknight, L50, M|100/100
|switch|p1b: Gastrodon|Gastrodon-East, L50, F|100/100
|switch|p2a: Ursaluna|Ursaluna-Bloodmoon, L50, M|100/100
|switch|p2b: Amoonguss|Amoonguss, L50, M|100/100
|turn|1
|
|t:|1757790943
|switch|p2a: Incineroar|Incineroar, L50, F|100/100
|-ability|p2a: Incineroar|Intimidate|boost
|-ability|p1a: Corviknight|Mirror Armor
|-unboost|p2a: Incineroar|atk|1
|-unboost|p1b: Gastrodon|atk|1
|move|p1a: Corviknight|Bulk Up|p1a: Corviknight
|-boost|p1a: Corviknight|atk|1
|-boost|p1a: Corviknight|def|1
|move|p2b: Amoonguss|Spore|p1a: Corviknight
|-status|p1a: Corviknight|slp|[from] move: Spore
|move|p1b: Gastrodon|Earth Power|p2b: Amoonguss
|-damage|p2b: Amoonguss|65/100
|
|upkeep
|turn|2
|
|t:|1757790965
|move|p1b: Gastrodon|Protect|p1b: Gastrodon
|-singleturn|p1b: Gastrodon|Protect
|cant|p1a: Corviknight|slp
|move|p2a: Incineroar|Knock Off|p1a: Corviknight
|-damage|p1a: Corviknight|84/100 slp
|-enditem|p1a: Corviknight|Sitrus Berry|[from] move: Knock Off|[of] p2a: Incineroar
|move|p2b: Amoonguss|Spore|p1b: Gastrodon
|-activate|p1b: Gastrodon|move: Protect
|
|upkeep
|turn|3
|
|t:|1757790974
|-curestatus|p1a: Corviknight|slp|[msg]
|move|p1a: Corviknight|Bulk Up|p1a: Corviknight
|-boost|p1a: Corviknight|atk|1
|-boost|p1a: Corviknight|def|1
|move|p2a: Incineroar|Parting Shot|p1b: Gastrodon
|-unboost|p1b: Gastrodon|atk|1
|-unboost|p1b: Gastrodon|spa|1
|
|t:|1757790977
|switch|p2a: Gholdengo|Gholdengo, L50|100/100|[from] Parting Shot
|move|p2b: Amoonguss|Spore|p1b: Gastrodon
|-status|p1b: Gastrodon|slp|[from] move: Spore
|cant|p1b: Gastrodon|slp
|
|upkeep
|turn|4
|
|t:|1757790987
|move|p2a: Gholdengo|Nasty Plot|p2a: Gholdengo
|-boost|p2a: Gholdengo|spa|2
|move|p1a: Corviknight|Brave Bird|p2b: Amoonguss
|-supereffective|p2b: Amoonguss
|-damage|p2b: Amoonguss|0 fnt
|faint|p2b: Amoonguss
|-damage|p1a: Corviknight|60/100|[from] Recoil
|cant|p1b: Gastrodon|slp
|
|upkeep
|
|t:|1757791000
|switch|p2b: Incineroar|Incineroar, L50, F|100/100
|-ability|p2b: Incineroar|Intimidate|boost
|-ability|p1a: Corviknight|Mirror Armor
|-unboost|p2b: Incineroar|atk|1
|-unboost|p1b: Gastrodon|atk|1
|turn|5
|
|t:|1757791006
|switch|p1b: Excadrill|Excadrill, L50, M|100/100
|-terastallize|p1a: Corviknight|Dark
|move|p2b: Incineroar|Fake Out|p1a: Corviknight
|-damage|p1a: Corviknight|56/100
|move|p2a: Gholdengo|Shadow Ball|p1b: Excadrill
|-enditem|p1b: Excadrill|Focus Sash
|-damage|p1b: Excadrill|1/100
|-damage|p2a: Gholdengo|91/100|[from] item: Life Orb
|cant|p1a: Corviknight|flinch
|
|upkeep
|turn|6
|
|t:|1757791025
|-terastallize|p2a: Gholdengo|Dragon
|move|p1b: Excadrill|High Horsepower|p2a: Gholdengo
|-damage|p2a: Gholdengo|47/100
|move|p2a: Gholdengo|Make It Rain|p1b: Excadrill|[spread] p1a,p1b
|-resisted|p1b: Excadrill
|-damage|p1a: Corviknight|0 fnt
|-damage|p1b: Excadrill|0 fnt
|-unboost|p2a: Gholdengo|spa|1
|faint|p1a: Corviknight
|faint|p1b: Excadrill
|-damage|p2a: Gholdengo|37/100|[from] item: Life Orb
|move|p2b: Incineroar|Parting Shot|p1: Corviknight|[notarget]
|-fail|p2b: Incineroar
|
|upkeep
|-message|JackRG1 forfeited.
|
|win|That_Leek
|l|☆JackRG1
|player|p1|
||That_Leek is ready for game 2.
||JackRG1 is ready for game 2.
|uhtml|next|Next: Game 2 of 3
