|j|☆Invoker Kuzan
|j|☆cpeavy04
|html|Invoker Kuzancpeavy04    
|uhtml|bestof|Game 3 of a best-of-3
|t:|1756248820
|gametype|doubles
|player|p1|Invoker Kuzan|marnie-masters3|1118
|player|p2|cpeavy04|170|1000
|gen|9
|tier|[Gen 9] VGC 2025 Reg H (Bo3)
|rated|
|rule|Species Clause: Limit one of each Pokémon
|rule|Item Clause: Limit 1 of each item
|clearpoke
|poke|p1|Indeedee-F, L50, F|
|poke|p1|Hatterene, L50, F|
|poke|p1|Gallade, L50, M|
|poke|p1|Ursaluna, L50, M|
|poke|p1|Lilligant-Hisui, L50, F|
|poke|p1|Torkoal, L50, M|
|poke|p2|Dragonite, L50, M|
|poke|p2|Ursaluna-Bloodmoon, L50, M|
|poke|p2|Gholdengo, L50|
|poke|p2|Incineroar, L50, M|
|poke|p2|Ninetales-Alola, L50, F|
|poke|p2|Amoonguss, L50, M|
|teampreview|4
|showteam|p1|Indeedee-F||PsychicSeed|PsychicSurge|TrickRoom,FollowMe,HelpingHand,DazzlingGleam|||F|||50|,,,,,Fire]Hatterene||LifeOrb|MagicBounce|ExpandingForce,TrickRoom,DazzlingGleam,Protect|||F|||50|,,,,,Psychic]Gallade||ClearAmulet|Sharpness|PsychoCut,TrickRoom,SacredSword,WideGuard|||M|||50|,,,,,Grass]Ursaluna||FlameOrb|Guts|HeadlongRush,Facade,SwordsDance,Protect|||M|||50|,,,,,Ghost]Lilligant-Hisui||FocusSash|Chlorophyll|SolarBlade,SleepPowder,CloseCombat,AfterYou|||F|||50|,,,,,Ghost]Torkoal||ChoiceSpecs|Drought|Eruption,HeatWave,WeatherBall,EarthPower|||M|||50|,,,,,Fire
|showteam|p2|Dragonite||LoadedDice|Multiscale|ScaleShot,Tailwind,Haze,Protect|||M|||50|,,,,,Steel]Ursaluna-Bloodmoon||AssaultVest|MindsEye|HyperVoice,BloodMoon,EarthPower,VacuumWave|||M|||50|,,,,,Normal]Gholdengo||Leftovers|GoodasGold|MakeItRain,ShadowBall,NastyPlot,Protect||||||50|,,,,,Steel]Incineroar||SafetyGoggles|Intimidate|FlareBlitz,KnockOff,FakeOut,PartingShot|||M|||50|,,,,,Ghost]Ninetales-Alola||FocusSash|SnowWarning|FreezeDry,DazzlingGleam,AuroraVeil,Protect|||F|||50|,,,,,Ghost]Amoonguss||SitrusBerry|Regenerator|Spore,RagePowder,PollenPuff,ClearSmog|||M|||50|,,,,,Water
|
|t:|1756248843
|teamsize|p1|4
|teamsize|p2|4
|start
|switch|p1a: Lilligant|Lilligant-Hisui, L50, F, shiny|100/100
|switch|p1b: Torkoal|Torkoal, L50, M, shiny|100/100
|switch|p2a: Gholdengo|Gholdengo, L50|100/100
|switch|p2b: Incineroar|Incineroar, L50, M|100/100
|-ability|p2b: Incineroar|Intimidate|boost
|-unboost|p1a: Lilligant|atk|1
|-unboost|p1b: Torkoal|atk|1
|-weather|SunnyDay|[from] ability: Drought|[of] p1b: Torkoal
|turn|1
|
|t:|1756248878
|move|p2b: Incineroar|Fake Out|p1b: Torkoal
|-damage|p1b: Torkoal|93/100
|move|p1a: Lilligant|After You|p1b: Torkoal
|-activate|p1b: Torkoal|move: After You
|cant|p1b: Torkoal|flinch
|move|p2a: Gholdengo|Nasty Plot|p2a: Gholdengo
|-boost|p2a: Gholdengo|spa|2
|
|-weather|SunnyDay|[upkeep]
|upkeep
|turn|2
|inactive|Battle timer is ON: inactive players will automatically lose when time's up. (requested by Invoker Kuzan)
|
|t:|1756248911
|-terastallize|p1b: Torkoal|Fire
|move|p2a: Gholdengo|Protect|p2a: Gholdengo
|-singleturn|p2a: Gholdengo|Protect
|move|p1a: Lilligant|After You|p1b: Torkoal
|-activate|p1b: Torkoal|move: After You
|move|p1b: Torkoal|Eruption|p2b: Incineroar|[spread] p2b
|-activate|p2a: Gholdengo|move: Protect
|-resisted|p2b: Incineroar
|-damage|p2b: Incineroar|42/100
|move|p2b: Incineroar|Parting Shot|p1b: Torkoal
|-unboost|p1b: Torkoal|atk|1
|-unboost|p1b: Torkoal|spa|1
|
|t:|1756248924
|switch|p2b: Ninetales|Ninetales-Alola, L50, F|100/100|[from] Parting Shot
|-weather|Snowscape|[from] ability: Snow Warning|[of] p2b: Ninetales
|
|-weather|Snowscape|[upkeep]
|upkeep
|turn|3
|
|t:|1756248937
|move|p2b: Ninetales|Aurora Veil|p2b: Ninetales
|-sidestart|p2: cpeavy04|move: Aurora Veil
|move|p1a: Lilligant|After You|p1b: Torkoal
|-activate|p1b: Torkoal|move: After You
|move|p1b: Torkoal|Eruption|p2b: Ninetales|[spread] p2a,p2b
|-supereffective|p2a: Gholdengo
|-supereffective|p2b: Ninetales
|-damage|p2a: Gholdengo|20/100
|-enditem|p2b: Ninetales|Focus Sash
|-damage|p2b: Ninetales|1/100
|move|p2a: Gholdengo|Make It Rain|p1b: Torkoal|[spread] p1a,p1b
|-resisted|p1b: Torkoal
|-enditem|p1a: Lilligant|Focus Sash
|-damage|p1a: Lilligant|1/100
|-damage|p1b: Torkoal|26/100
|-unboost|p2a: Gholdengo|spa|1
|
|-weather|Snowscape|[upkeep]
|-heal|p2a: Gholdengo|26/100|[from] item: Leftovers
|upkeep
|turn|4
|inactive|cpeavy04 has 30 seconds left.
|
|t:|1756248963
|switch|p1a: Indeedee|Indeedee-F, L50, F, shiny|100/100
|-fieldstart|move: Psychic Terrain|[from] ability: Psychic Surge|[of] p1a: Indeedee
|-enditem|p1a: Indeedee|Psychic Seed
|-boost|p1a: Indeedee|spd|1|[from] item: Psychic Seed
|switch|p1b: Ursaluna|Ursaluna, L50, M, shiny|100/100
|move|p2b: Ninetales|Dazzling Gleam|p1b: Ursaluna|[spread] p1a,p1b
|-damage|p1a: Indeedee|85/100
|-damage|p1b: Ursaluna|80/100
|move|p2a: Gholdengo|Shadow Ball|p1b: Ursaluna
|-immune|p1b: Ursaluna
|
|-weather|Snowscape|[upkeep]
|-heal|p2a: Gholdengo|32/100|[from] item: Leftovers
|-status|p1b: Ursaluna|brn|[from] item: Flame Orb
|upkeep
|turn|5
|inactive|cpeavy04 has 30 seconds left.
|
|t:|1756248995
|-terastallize|p2a: Gholdengo|Steel
|move|p1b: Ursaluna|Protect|p1b: Ursaluna
|-singleturn|p1b: Ursaluna|Protect
|move|p2b: Ninetales|Freeze-Dry|p1b: Ursaluna
|-activate|p1b: Ursaluna|move: Protect
|move|p2a: Gholdengo|Make It Rain|p1b: Ursaluna|[spread] p1a
|-activate|p1b: Ursaluna|move: Protect
|-damage|p1a: Indeedee|17/100
|-unboost|p2a: Gholdengo|spa|1
|move|p1a: Indeedee|Trick Room|p1a: Indeedee
|-fieldstart|move: Trick Room|[of] p1a: Indeedee
|
|-weather|Snowscape|[upkeep]
|-heal|p2a: Gholdengo|38/100|[from] item: Leftovers
|-damage|p1b: Ursaluna|74/100 brn|[from] brn
|upkeep
|turn|6
|inactive|Invoker Kuzan has 30 seconds left.
|inactive|cpeavy04 has 30 seconds left.
|inactive|Invoker Kuzan has 20 seconds left.
|
|t:|1756249032
|switch|p2b: Incineroar|Incineroar, L50, M|42/100
|-ability|p2b: Incineroar|Intimidate|boost
|-unboost|p1a: Indeedee|atk|1
|-unboost|p1b: Ursaluna|atk|1
|move|p2a: Gholdengo|Protect|p2a: Gholdengo
|-singleturn|p2a: Gholdengo|Protect
|move|p1b: Ursaluna|Headlong Rush|p2b: Incineroar
|-supereffective|p2b: Incineroar
|-damage|p2b: Incineroar|0 fnt
|-unboost|p1b: Ursaluna|def|1
|-unboost|p1b: Ursaluna|spd|1
|faint|p2b: Incineroar
|move|p1a: Indeedee|Dazzling Gleam|p2a: Gholdengo
|-activate|p2a: Gholdengo|move: Protect
|
|-weather|none
|-heal|p2a: Gholdengo|44/100|[from] item: Leftovers
|-damage|p1b: Ursaluna|68/100 brn|[from] brn
|upkeep
|
|t:|1756249048
|switch|p2b: Amoonguss|Amoonguss, L50, M|100/100
|turn|7
|inactive|Invoker Kuzan has 30 seconds left.
|inactive|cpeavy04 has 30 seconds left.
|
|t:|1756249078
|move|p1a: Indeedee|Helping Hand|p1b: Ursaluna
|-singleturn|p1b: Ursaluna|Helping Hand|[of] p1a: Indeedee
|move|p2b: Amoonguss|Rage Powder|p2b: Amoonguss
|-singleturn|p2b: Amoonguss|move: Rage Powder
|move|p1b: Ursaluna|Facade|p2b: Amoonguss
|-damage|p2b: Amoonguss|44/100
|-enditem|p2b: Amoonguss|Sitrus Berry|[eat]
|-heal|p2b: Amoonguss|69/100|[from] item: Sitrus Berry
|move|p2a: Gholdengo|Nasty Plot|p2a: Gholdengo
|-boost|p2a: Gholdengo|spa|2
|
|-heal|p2a: Gholdengo|50/100|[from] item: Leftovers
|-damage|p1b: Ursaluna|63/100 brn|[from] brn
|-sideend|p2: cpeavy04|move: Aurora Veil
|upkeep
|turn|8
|inactive|cpeavy04 has 30 seconds left.
|
|t:|1756249112
|move|p1a: Indeedee|Helping Hand|p1b: Ursaluna
|-singleturn|p1b: Ursaluna|Helping Hand|[of] p1a: Indeedee
|move|p2b: Amoonguss|Rage Powder|p2b: Amoonguss
|-singleturn|p2b: Amoonguss|move: Rage Powder
|move|p1b: Ursaluna|Facade|p2b: Amoonguss
|-damage|p2b: Amoonguss|0 fnt
|faint|p2b: Amoonguss
|move|p2a: Gholdengo|Make It Rain|p1a: Indeedee|[spread] p1a,p1b
|-damage|p1a: Indeedee|0 fnt
|-damage|p1b: Ursaluna|0 fnt
|-unboost|p2a: Gholdengo|spa|1
|faint|p1a: Indeedee
|faint|p1b: Ursaluna
|
|-heal|p2a: Gholdengo|57/100|[from] item: Leftovers
|-fieldend|move: Psychic Terrain
|upkeep
|
|t:|1756249130
|switch|p2b: Ninetales|Ninetales-Alola, L50, F|1/100
|switch|p1b: Torkoal|Torkoal, L50, M, shiny, tera:Fire|26/100
|switch|p1a: Lilligant|Lilligant-Hisui, L50, F, shiny|1/100
|-weather|SunnyDay|[from] ability: Drought|[of] p1b: Torkoal
|-weather|Snowscape|[from] ability: Snow Warning|[of] p2b: Ninetales
|turn|9
|
|t:|1756249144
|move|p2a: Gholdengo|Protect|p2a: Gholdengo
|-singleturn|p2a: Gholdengo|Protect
|move|p2b: Ninetales|Protect|p2b: Ninetales
|-singleturn|p2b: Ninetales|Protect
|move|p1b: Torkoal|Heat Wave|p2b: Ninetales|[spread] 
|-activate|p2a: Gholdengo|move: Protect
|-activate|p2b: Ninetales|move: Protect
|move|p1a: Lilligant|Close Combat|p2b: Ninetales
|-activate|p2b: Ninetales|move: Protect
|
|-weather|Snowscape|[upkeep]
|-heal|p2a: Gholdengo|63/100|[from] item: Leftovers
|-fieldend|move: Trick Room
|upkeep
|turn|10
|
|t:|1756249162
|move|p2b: Ninetales|Freeze-Dry|p1a: Lilligant
|-supereffective|p1a: Lilligant
|-damage|p1a: Lilligant|0 fnt
|faint|p1a: Lilligant
|move|p2a: Gholdengo|Shadow Ball|p1b: Torkoal
|-damage|p1b: Torkoal|0 fnt
|faint|p1b: Torkoal
|
|win|cpeavy04
|raw|Invoker Kuzan's rating: 1118 → 1085(-33 for losing)
|raw|cpeavy04's rating: 1000 → 1053(+53 for winning)
