|j|☆blazikenisgoated
|j|☆Magicalarcher57
|html|blazikenisgoatedMagicalarcher57    
|uhtml|bestof|Game 1 of a best-of-3
|t:|1782489492
|gametype|doubles
|player|p1|blazikenisgoated|101|1179
|player|p2|Magicalarcher57|diantha|1142
|gen|9
|tier|[Gen 9 Champions] VGC 2026 Reg M-B (Bo3)
|rated|
|rule|Species Clause: Limit one of each Pokémon
|rule|Item Clause: Limit 1 of each item
|clearpoke
|poke|p1|Blaziken, L50, F|
|poke|p1|Kingambit, L50, M|
|poke|p1|Garchomp, L50, M|
|poke|p1|Floette-Eternal, L50, F|
|poke|p1|Whimsicott, L50, F|
|poke|p1|Sinistcha, L50|
|poke|p2|Raichu, L50, F, shiny|
|poke|p2|Garchomp, L50, F, shiny|
|poke|p2|Whimsicott, L50, F, shiny|
|poke|p2|Kingambit, L50, M, shiny|
|poke|p2|Basculegion, L50, M, shiny|
|poke|p2|Charizard, L50, F, shiny|
|teampreview|4
|showteam|p1|Blaziken||Blazikenite|SpeedBoost|FlameCharge,FlareBlitz,CloseCombat,Detect|Adamant||F|||50|]Kingambit||BlackGlasses|Defiant|KowtowCleave,SuckerPunch,IronHead,Protect|Adamant||M|||50|]Garchomp||LifeOrb|RoughSkin|StompingTantrum,DragonClaw,RockSlide,Protect|Jolly||M|||50|]Floette-Eternal||Floettite|FlowerVeil|DrainingKiss,DazzlingGleam,LightofRuin,Protect|Timid||F|||50|]Whimsicott||FocusSash|Prankster|Moonblast,Encore,Tailwind,SunnyDay|Timid||F|||50|]Sinistcha||MiracleSeed|Hospitality|MatchaGotcha,ShadowBall,RagePowder,StrengthSap|Timid|||||50|
|showteam|p2|Raichu||RaichuniteY|LightningRod|FakeOut,FocusBlast,ZapCannon,Protect|Timid||F|||50|]Garchomp||LifeOrb|RoughSkin|DragonClaw,Earthquake,StompingTantrum,Protect|Jolly||F|||50|]Whimsicott||FocusSash|Prankster|Moonblast,Tailwind,SunnyDay,Encore|Timid||F|||50|]Kingambit||BlackGlasses|Defiant|SuckerPunch,KowtowCleave,IronHead,Protect|Adamant||M|||50|]Basculegion||MysticWater|Adaptability|LastRespects,WaveCrash,Protect,AquaJet|Jolly||M|||50|]Charizard||CharizarditeY|Blaze|WeatherBall,SolarBeam,HeatWave,Protect|Modest||F|||50|
|inactive|Battle timer is ON: inactive players will automatically lose when time's up. (requested by Magicalarcher57)
|
|t:|1782489523
|teamsize|p1|4
|teamsize|p2|4
|start
|switch|p1a: Blaziken|Blaziken, L50, F|100/100
|switch|p1b: Sinistcha|Sinistcha, L50|100/100
|switch|p2a: Circe|Whimsicott, L50, F, shiny|100/100
|switch|p2b: Hermes|Raichu, L50, F, shiny|100/100
|turn|1
|
|t:|1782489546
|detailschange|p2b: Hermes|Raichu-Mega-Y, L50, F, shiny
|-mega|p2b: Hermes|Raichu|Raichunite Y
|move|p1a: Blaziken|Detect|p1a: Blaziken
|-singleturn|p1a: Blaziken|Protect
|move|p2b: Hermes|Zap Cannon|p1b: Sinistcha
|-resisted|p1b: Sinistcha|1
|-damage|p1b: Sinistcha|71/100
|-status|p1b: Sinistcha|par
|move|p2a: Circe|Moonblast|p1b: Sinistcha
|-damage|p1b: Sinistcha|41/100 par
|move|p1b: Sinistcha|Shadow Ball|p2b: Hermes
|-damage|p2b: Hermes|52/100
|
|-ability|p1a: Blaziken|Speed Boost|boost
|-boost|p1a: Blaziken|spe|1
|upkeep
|turn|2
|inactive|blazikenisgoated has 30 seconds left.
|
|t:|1782489578
|detailschange|p1a: Blaziken|Blaziken-Mega, L50, F
|-mega|p1a: Blaziken|Blaziken|Blazikenite
|move|p2a: Circe|Encore|p1a: Blaziken
|-start|p1a: Blaziken|Encore
|move|p1a: Blaziken|Detect|p1a: Blaziken
|-singleturn|p1a: Blaziken|Protect
|move|p2b: Hermes|Zap Cannon|p1b: Sinistcha
|-resisted|p1b: Sinistcha|1
|-damage|p1b: Sinistcha|8/100 par
|move|p1b: Sinistcha|Shadow Ball|p2b: Hermes
|-damage|p2b: Hermes|0 fnt
|faint|p2b: Hermes
|
|-ability|p1a: Blaziken|Speed Boost|boost
|-boost|p1a: Blaziken|spe|1
|upkeep
|
|t:|1782489581
|switch|p2b: Athena|Garchomp, L50, F, shiny|100/100
|turn|3
|inactive|blazikenisgoated has 30 seconds left.
|
|t:|1782489608
|switch|p1b: Garchomp|Garchomp, L50, M|100/100
|move|p1a: Blaziken|Detect||[still]
|-fail|p1a: Blaziken
|move|p2a: Circe|Tailwind|p2a: Circe
|-sidestart|p2: Magicalarcher57|move: Tailwind
|move|p2b: Athena|Earthquake|p1a: Blaziken|[spread] p2a,p1a,p1b
|-resisted|p2a: Circe|1
|-supereffective|p1a: Blaziken|1
|-damage|p2a: Circe|63/100
|-damage|p1a: Blaziken|0 fnt
|-damage|p1b: Garchomp|51/100
|faint|p1a: Blaziken
|-damage|p2b: Athena|90/100|[from] item: Life Orb
|
|upkeep
|
|t:|1782489620
|switch|p1a: Sinistcha|Sinistcha, L50|8/100 par
|-heal|p1b: Garchomp|76/100|[from] ability: Hospitality|[of] p1a: Sinistcha
|turn|4
|inactive|Magicalarcher57 has 30 seconds left.
|
|t:|1782489648
|move|p2a: Circe|Moonblast|p1b: Garchomp
|-supereffective|p1b: Garchomp|1
|-damage|p1b: Garchomp|0 fnt
|faint|p1b: Garchomp
|move|p2b: Athena|Earthquake|p1a: Sinistcha|[spread] p2a,p1a
|-resisted|p2a: Circe|1
|-resisted|p1a: Sinistcha|1
|-damage|p2a: Circe|31/100
|-damage|p1a: Sinistcha|0 fnt
|faint|p1a: Sinistcha
|-damage|p2b: Athena|80/100|[from] item: Life Orb
|
|upkeep
|
|t:|1782489656
|switch|p1b: Kingambit|Kingambit, L50, M|100/100
|turn|5
|inactive|Magicalarcher57 has 30 seconds left.
|inactive|Magicalarcher57 has 20 seconds left.
|inactive|Magicalarcher57 has 15 seconds left.
|inactive|Magicalarcher57 has 10 seconds left.
|inactive|Magicalarcher57 has 5 seconds left.
|
|t:|1782489711
|move|p1b: Kingambit|Sucker Punch|p2b: Athena
|-damage|p2b: Athena|28/100
|-damage|p1b: Kingambit|87/100|[from] ability: Rough Skin|[of] p2b: Athena
|move|p2a: Circe|Moonblast|p1b: Kingambit
|-damage|p1b: Kingambit|54/100
|move|p2b: Athena|Dragon Claw|p1b: Kingambit
|-resisted|p1b: Kingambit|1
|-damage|p1b: Kingambit|33/100
|-damage|p2b: Athena|18/100|[from] item: Life Orb
|
|upkeep
|turn|6
|inactive|blazikenisgoated has 30 seconds left.
|
|t:|1782489737
|move|p2a: Circe|Moonblast|p1b: Kingambit
|-damage|p1b: Kingambit|1/100
|move|p2b: Athena|Stomping Tantrum|p1b: Kingambit
|-supereffective|p1b: Kingambit|1
|-damage|p1b: Kingambit|0 fnt
|faint|p1b: Kingambit
|-damage|p2b: Athena|9/100|[from] item: Life Orb
|
|win|Magicalarcher57
