|j|☆komsu
|j|☆FarigiBoy
|html|komsuFarigiBoy    
|uhtml|bestof|Game 1 of a best-of-3
|t:|1784886795
|gametype|doubles
|player|p1|komsu|gambler|1300
|player|p2|FarigiBoy|2|1419
|gen|9
|tier|[Gen 9 Champions] VGC 2026 Reg M-B (Bo3)
|rated|
|rule|Species Clause: Limit one of each Pokémon
|rule|Item Clause: Limit 1 of each item
|clearpoke
|poke|p1|Scizor, L50, M|
|poke|p1|Kommo-o, L50, M|
|poke|p1|Annihilape, L50, M|
|poke|p1|Incineroar, L50, M|
|poke|p1|Charizard, L50, F|
|poke|p1|Aerodactyl, L50, M|
|poke|p2|Garchomp, L50, F|
|poke|p2|Venusaur, L50, M|
|poke|p2|Incineroar, L50, F|
|poke|p2|Charizard, L50, M|
|poke|p2|Toxapex, L50, F|
|poke|p2|Annihilape, L50, F|
|teampreview|4
|showteam|p1|Scizor||ExpertBelt|Technician|BulletPunch,BugBite,Assurance,Protect|Adamant||M|||50|]Kommo-o||Leftovers|Soundproof|AuraSphere,ClangingScales,ClangorousSoul,Protect|Modest||M|||50|]Annihilape||FocusSash|Defiant|CloseCombat,RageFist,Taunt,Protect|Jolly||M|||50|]Incineroar||SitrusBerry|Intimidate|ThroatChop,FlareBlitz,FakeOut,PartingShot|Careful||M|||50|]Charizard||CharizarditeY|Blaze|HeatWave,SolarBeam,WeatherBall,Protect|Modest||F|||50|]Aerodactyl||Aerodactylite|Unnerve|DualWingbeat,IceFang,RockSlide,Tailwind|Jolly||M|||50|
|showteam|p2|Garchomp||ChoiceScarf|RoughSkin|Earthquake,DragonClaw,StompingTantrum,RockSlide|Adamant||F|||50|]Venusaur||LifeOrb|Chlorophyll|SolarBeam,SludgeBomb,EarthPower,Protect|Modest||M|||50|]Incineroar||SitrusBerry|Intimidate|FlareBlitz,ThroatChop,FakeOut,PartingShot|Impish||F|||50|]Charizard||CharizarditeY|Blaze|HeatWave,WeatherBall,HelpingHand,Protect|Modest||M|||50|]Toxapex||Leftovers|Regenerator|Infestation,Toxic,WideGuard,BanefulBunker|Bold||F|||50|]Annihilape||FocusSash|Defiant|CloseCombat,PhantomForce,RockTomb,Protect|Jolly||F|||50|
|
|t:|1784886892
|teamsize|p1|4
|teamsize|p2|4
|start
|switch|p1a: Kommo-o|Kommo-o, L50, M|100/100
|switch|p1b: Annihilape|Annihilape, L50, M|100/100
|switch|p2a: Toxapex|Toxapex, L50, F|100/100
|switch|p2b: Charizard|Charizard, L50, M|100/100
|turn|1
|
|t:|1784886910
|detailschange|p2b: Charizard|Charizard-Mega-Y, L50, M
|-mega|p2b: Charizard|Charizard|Charizardite Y
|-weather|SunnyDay|[from] ability: Drought|[of] p2b: Charizard
|move|p1b: Annihilape|Taunt|p2a: Toxapex
|-start|p2a: Toxapex|move: Taunt
|move|p1a: Kommo-o|Clangorous Soul|p1a: Kommo-o
|-boost|p1a: Kommo-o|atk|1
|-boost|p1a: Kommo-o|def|1
|-boost|p1a: Kommo-o|spa|1
|-boost|p1a: Kommo-o|spd|1
|-boost|p1a: Kommo-o|spe|1
|-damage|p1a: Kommo-o|67/100
|move|p2b: Charizard|Heat Wave|p1b: Annihilape|[spread] p1a,p1b
|-resisted|p1a: Kommo-o|1
|-damage|p1a: Kommo-o|45/100
|-damage|p1b: Annihilape|35/100
|move|p2a: Toxapex|Infestation|p1a: Kommo-o
|-resisted|p1a: Kommo-o|1
|-damage|p1a: Kommo-o|44/100
|-activate|p1a: Kommo-o|move: Infestation|[of] p2a: Toxapex
|
|-weather|SunnyDay|[upkeep]
|-heal|p1a: Kommo-o|50/100y|[from] item: Leftovers
|-damage|p1a: Kommo-o|37/100|[from] move: Infestation|[partiallytrapped]
|upkeep
|turn|2
|
|t:|1784886948
|move|p2b: Charizard|Protect|p2b: Charizard
|-singleturn|p2b: Charizard|Protect
|move|p1a: Kommo-o|Clanging Scales|p2b: Charizard|[spread] p2a
|-activate|p2b: Charizard|move: Protect
|-damage|p2a: Toxapex|56/100
|-unboost|p1a: Kommo-o|def|1
|move|p1b: Annihilape|Rage Fist|p2a: Toxapex
|-damage|p2a: Toxapex|25/100
|move|p2a: Toxapex|Infestation|p1b: Annihilape
|-resisted|p1b: Annihilape|2
|-damage|p1b: Annihilape|35/100
|-activate|p1b: Annihilape|move: Infestation|[of] p2a: Toxapex
|
|-weather|SunnyDay|[upkeep]
|-heal|p1a: Kommo-o|43/100|[from] item: Leftovers
|-heal|p2a: Toxapex|31/100|[from] item: Leftovers
|-damage|p1a: Kommo-o|30/100|[from] move: Infestation|[partiallytrapped]
|-damage|p1b: Annihilape|22/100|[from] move: Infestation|[partiallytrapped]
|upkeep
|turn|3
|
|t:|1784886971
|-heal|p2a: Toxapex|64/100|[from] ability: Regenerator|[silent]
|switch|p2a: Venusaur|Venusaur, L50, M|100/100
|move|p1a: Kommo-o|Clanging Scales|p2a: Venusaur|[spread] p2a,p2b
|-damage|p2a: Venusaur|32/100
|-damage|p2b: Charizard|45/100
|-unboost|p1a: Kommo-o|def|1
|move|p1b: Annihilape|Rage Fist|p2b: Charizard
|-damage|p2b: Charizard|0 fnt
|faint|p2b: Charizard
|
|-weather|SunnyDay|[upkeep]
|-heal|p1a: Kommo-o|36/100|[from] item: Leftovers
|-end|p1a: Kommo-o|Infestation|[partiallytrapped]|[silent]
|-end|p1b: Annihilape|Infestation|[partiallytrapped]|[silent]
|upkeep
|
|t:|1784886988
|switch|p2b: Garchomp|Garchomp, L50, F|100/100
|turn|4
|
|t:|1784887025
|move|p1a: Kommo-o|Protect|p1a: Kommo-o
|-singleturn|p1a: Kommo-o|Protect
|move|p1b: Annihilape|Protect|p1b: Annihilape
|-singleturn|p1b: Annihilape|Protect
|move|p2a: Venusaur|Solar Beam||[still]
|-prepare|p2a: Venusaur|Solar Beam
|-anim|p2a: Venusaur|Solar Beam|p1b: Annihilape
|-activate|p1b: Annihilape|move: Protect
|move|p2b: Garchomp|Dragon Claw|p1a: Kommo-o
|-activate|p1a: Kommo-o|move: Protect
|
|-weather|SunnyDay|[upkeep]
|-heal|p1a: Kommo-o|42/100|[from] item: Leftovers
|upkeep
|turn|5
|
|t:|1784887045
|switch|p1b: Incineroar|Incineroar, L50, M|100/100
|-ability|p1b: Incineroar|Intimidate|boost
|-unboost|p2a: Venusaur|atk|1
|-unboost|p2b: Garchomp|atk|1
|move|p2a: Venusaur|Solar Beam||[still]
|-prepare|p2a: Venusaur|Solar Beam
|-anim|p2a: Venusaur|Solar Beam|p1b: Incineroar
|-resisted|p1b: Incineroar|1
|-damage|p1b: Incineroar|72/100
|-damage|p2a: Venusaur|22/100|[from] item: Life Orb
|move|p2b: Garchomp|Dragon Claw|p1a: Kommo-o
|-supereffective|p1a: Kommo-o|1
|-damage|p1a: Kommo-o|0 fnt
|faint|p1a: Kommo-o
|
|-weather|none
|upkeep
|
|t:|1784887070
|switch|p1a: Aerodactyl|Aerodactyl, L50, M|100/100
|-ability|p1a: Aerodactyl|Unnerve
|turn|6
|
|t:|1784887105
|switch|p2b: Toxapex|Toxapex, L50, F|64/100
|move|p1a: Aerodactyl|Rock Slide|p2b: Toxapex|[spread] p2a,p2b
|-damage|p2a: Venusaur|0 fnt
|-damage|p2b: Toxapex|47/100
|faint|p2a: Venusaur
|move|p1b: Incineroar|Parting Shot|p2b: Toxapex
|-unboost|p2b: Toxapex|atk|1
|-unboost|p2b: Toxapex|spa|1
|
|t:|1784887111
|switch|p1b: Annihilape|Annihilape, L50, M|22/100|[from] Parting Shot
|
|-heal|p2b: Toxapex|52/100|[from] item: Leftovers
|upkeep
|
|t:|1784887113
|switch|p2a: Garchomp|Garchomp, L50, F|100/100
|turn|7
|
|t:|1784887124
|detailschange|p1a: Aerodactyl|Aerodactyl-Mega, L50, M
|-mega|p1a: Aerodactyl|Aerodactyl|Aerodactylite
|move|p1b: Annihilape|Protect|p1b: Annihilape
|-singleturn|p1b: Annihilape|Protect
|move|p2a: Garchomp|Dragon Claw|p1b: Annihilape
|-activate|p1b: Annihilape|move: Protect
|move|p1a: Aerodactyl|Ice Fang|p2a: Garchomp
|-supereffective|p2a: Garchomp|2
|-damage|p2a: Garchomp|0 fnt
|-damage|p1a: Aerodactyl|87/100|[from] ability: Rough Skin|[of] p2a: Garchomp
|faint|p2a: Garchomp
|move|p2b: Toxapex|Toxic|p1a: Aerodactyl
|-status|p1a: Aerodactyl|tox
|
|-heal|p2b: Toxapex|58/100|[from] item: Leftovers
|-damage|p1a: Aerodactyl|82/100 tox|[from] psn
|upkeep
|turn|8
|
|t:|1784887139
|move|p2b: Toxapex|Baneful Bunker|p2b: Toxapex
|-singleturn|p2b: Toxapex|move: Protect
|move|p1a: Aerodactyl|Rock Slide|p2b: Toxapex
|-activate|p2b: Toxapex|move: Protect
|move|p1b: Annihilape|Taunt|p2b: Toxapex
|-activate|p2b: Toxapex|move: Protect
|
|-heal|p2b: Toxapex|64/100|[from] item: Leftovers
|-damage|p1a: Aerodactyl|70/100 tox|[from] psn
|upkeep
|turn|9
|
|t:|1784887155
|move|p1a: Aerodactyl|Rock Slide|p2b: Toxapex
|-damage|p2b: Toxapex|35/100
|move|p1b: Annihilape|Taunt|p2b: Toxapex
|-start|p2b: Toxapex|move: Taunt
|move|p2b: Toxapex|Infestation|p1b: Annihilape
|-resisted|p1b: Annihilape|2
|-damage|p1b: Annihilape|22/100
|-activate|p1b: Annihilape|move: Infestation|[of] p2b: Toxapex
|
|-heal|p2b: Toxapex|41/100|[from] item: Leftovers
|-damage|p1a: Aerodactyl|53/100 tox|[from] psn
|-damage|p1b: Annihilape|10/100|[from] move: Infestation|[partiallytrapped]
|upkeep
|turn|10
|
|t:|1784887170
|move|p1a: Aerodactyl|Dual Wingbeat|p2b: Toxapex
|-damage|p2b: Toxapex|22/100
|-damage|p2b: Toxapex|1/100
|-hitcount|p2b: Toxapex|2
|move|p1b: Annihilape|Rage Fist|p2b: Toxapex
|-damage|p2b: Toxapex|0 fnt
|faint|p2b: Toxapex
|
|win|komsu
||komsu is ready for game 2.
||FarigiBoy is ready for game 2.
|uhtml|next|Next: Game 2 of 3
|l|☆FarigiBoy
|player|p2|
