|j|☆YungDungBeetle
|j|☆BeebeRock
|html|YungDungBeetleBeebeRock    
|uhtml|bestof|Game 2 of a best-of-3
|t:|1756689835
|gametype|doubles
|player|p1|YungDungBeetle|n|1000
|player|p2|BeebeRock|170|1000
|gen|9
|tier|[Gen 9] VGC 2025 Reg H (Bo3)
|rated|
|rule|Species Clause: Limit one of each Pokémon
|rule|Item Clause: Limit 1 of each item
|clearpoke
|poke|p1|Rillaboom, L50, F|
|poke|p1|Baxcalibur, L50, F|
|poke|p1|Volcarona, L50, F|
|poke|p1|Annihilape, L50, M|
|poke|p1|Garganacl, L50, F|
|poke|p1|Murkrow, L50, F|
|poke|p2|Jumpluff, L50, F|
|poke|p2|Torkoal, L50, F|
|poke|p2|Typhlosion-Hisui, L50, F|
|poke|p2|Garchomp, L50, F|
|poke|p2|Kingambit, L50, M|
|poke|p2|Dragonite, L50, F|
|teampreview|4
|showteam|p1|Rillaboom||AssaultVest|GrassySurge|WoodHammer,GrassyGlide,HighHorsepower,FakeOut|||F|||50|,,,,,Fire]Baxcalibur||LoadedDice|ThermalExchange|ScaleShot,IcicleSpear,IceShard,Protect|||F|||50|,,,,,Ghost]Volcarona||GrassySeed|FlameBody|HeatWave,QuiverDance,Protect,GigaDrain|||F|||50|,,,,,Grass]Annihilape||FocusSash|Defiant|CloseCombat,RageFist,Coaching,Protect|||M|||50|,,,,,Water]Garganacl||MarangaBerry|PurifyingSalt|Recover,WideGuard,SaltCure,BodyPress|||F|||50|,,,,,Ghost]Murkrow||CovertCloak|Prankster|BraveBird,SunnyDay,Tailwind,Haze|||F|||50|,,,,,Flying
|showteam|p2|Jumpluff||CovertCloak|Chlorophyll|LeafStorm,SleepPowder,Tailwind,Encore|||F|||50|,,,,,Poison]Torkoal||EjectPack|Drought|Overheat,Yawn,HelpingHand,Protect|||F|||50|,,,,,Flying]Typhlosion-Hisui||ChoiceSpecs|Blaze|Eruption,ShadowBall,HeatWave,Overheat|||F|||50|,,,,,Fire]Garchomp||LifeOrb|RoughSkin|DragonClaw,Earthquake,StompingTantrum,Protect|||F|||50|,,,,,Fire]Kingambit||AssaultVest|Defiant|IronHead,SuckerPunch,Assurance,LowKick|||M|||50|,,,,,Flying]Dragonite||ChoiceBand|InnerFocus|ExtremeSpeed,IceSpinner,Outrage,ScaleShot|||F|||50|,,,,,Normal
|inactive|Battle timer is ON: inactive players will automatically lose when time's up. (requested by YungDungBeetle)
|inactive|BeebeRock has 60 seconds left.
|
|t:|1756689877
|teamsize|p1|4
|teamsize|p2|4
|start
|switch|p1a: BIG BODY BENZ|Baxcalibur, L50, F|100/100
|switch|p1b: Rillaboom|Rillaboom, L50, F|100/100
|switch|p2a: Jumpluff|Jumpluff, L50, F|100/100
|switch|p2b: Torkoal|Torkoal, L50, F|100/100
|-fieldstart|move: Grassy Terrain|[from] ability: Grassy Surge|[of] p1b: Rillaboom
|-weather|SunnyDay|[from] ability: Drought|[of] p2b: Torkoal
|turn|1
|inactive|YungDungBeetle has 30 seconds left.
|inactive|BeebeRock has 30 seconds left.
|inactive|YungDungBeetle has 20 seconds left.
|inactive|BeebeRock has 20 seconds left.
|
|t:|1756689914
|-terastallize|p2a: Jumpluff|Poison
|move|p1b: Rillaboom|Fake Out|p2b: Torkoal
|-damage|p2b: Torkoal|92/100
|move|p2a: Jumpluff|Sleep Powder|p1a: BIG BODY BENZ
|-status|p1a: BIG BODY BENZ|slp|[from] move: Sleep Powder
|cant|p1a: BIG BODY BENZ|slp
|cant|p2b: Torkoal|flinch
|
|-weather|SunnyDay|[upkeep]
|-heal|p2b: Torkoal|98/100|[from] Grassy Terrain
|upkeep
|turn|2
|inactive|BeebeRock has 30 seconds left.
|
|t:|1756689941
|switch|p1a: Garganacl|Garganacl, L50, F|100/100
|-terastallize|p1b: Rillaboom|Fire
|move|p2a: Jumpluff|Encore|p1b: Rillaboom
|-start|p1b: Rillaboom|Encore
|move|p1b: Rillaboom|Fake Out||[still]
|-hint|Fake Out only works on your first turn out.
|-fail|p1b: Rillaboom
|move|p2b: Torkoal|Overheat|p1b: Rillaboom
|-resisted|p1b: Rillaboom
|-damage|p1b: Rillaboom|78/100
|-unboost|p2b: Torkoal|spa|2
|-enditem|p2b: Torkoal|Eject Pack
|
|t:|1756689959
|switch|p2b: Typhlosion|Typhlosion-Hisui, L50, F|100/100
|
|-weather|SunnyDay|[upkeep]
|-heal|p1b: Rillaboom|84/100|[from] Grassy Terrain
|upkeep
|turn|3
|inactive|BeebeRock has 30 seconds left.
|
|t:|1756689987
|switch|p1b: BIG BODY BENZ|Baxcalibur, L50, F|100/100 slp
|move|p2a: Jumpluff|Sleep Powder|p1a: Garganacl|[miss]
|-miss|p2a: Jumpluff|p1a: Garganacl
|move|p2b: Typhlosion|Eruption|p1a: Garganacl|[spread] p1a,p1b
|-resisted|p1a: Garganacl
|-damage|p1a: Garganacl|38/100
|-damage|p1b: BIG BODY BENZ|0 fnt
|faint|p1b: BIG BODY BENZ
|-enditem|p1a: Garganacl|Maranga Berry|[eat]
|-boost|p1a: Garganacl|spd|1|[from] item: Maranga Berry
|move|p1a: Garganacl|Salt Cure|p2b: Typhlosion
|-supereffective|p2b: Typhlosion
|-damage|p2b: Typhlosion|60/100
|-start|p2b: Typhlosion|Salt Cure
|
|-weather|SunnyDay|[upkeep]
|-heal|p2b: Typhlosion|66/100|[from] Grassy Terrain
|-heal|p1a: Garganacl|43/100|[from] Grassy Terrain
|-damage|p2b: Typhlosion|54/100|[from] Salt Cure
|upkeep
|
|t:|1756689998
|switch|p1b: Six Wing Steppa|Volcarona, L50, F|100/100
|-enditem|p1b: Six Wing Steppa|Grassy Seed
|-boost|p1b: Six Wing Steppa|def|1|[from] item: Grassy Seed
|turn|4
|
|t:|1756690018
|move|p1a: Garganacl|Wide Guard|p1a: Garganacl
|-singleturn|p1a: Garganacl|Wide Guard
|move|p2a: Jumpluff|Sleep Powder|p1a: Garganacl
|-immune|p1a: Garganacl|[from] ability: Purifying Salt
|move|p2b: Typhlosion|Eruption|p1a: Garganacl|[spread] 
|-activate|p1a: Garganacl|move: Wide Guard
|-activate|p1b: Six Wing Steppa|move: Wide Guard
|move|p1b: Six Wing Steppa|Heat Wave|p2b: Typhlosion|[spread] p2a,p2b
|-resisted|p2b: Typhlosion
|-damage|p2a: Jumpluff|51/100
|-damage|p2b: Typhlosion|17/100
|
|-weather|SunnyDay|[upkeep]
|-heal|p2a: Jumpluff|57/100|[from] Grassy Terrain
|-heal|p2b: Typhlosion|23/100|[from] Grassy Terrain
|-heal|p1a: Garganacl|49/100|[from] Grassy Terrain
|-damage|p2b: Typhlosion|11/100|[from] Salt Cure
|upkeep
|turn|5
|inactive|YungDungBeetle has 30 seconds left.
|inactive|BeebeRock has 30 seconds left.
|inactive|BeebeRock has 20 seconds left.
|inactive|BeebeRock has 15 seconds left.
|inactive|BeebeRock has 10 seconds left.
|
|t:|1756690064
|move|p2a: Jumpluff|Tailwind|p2a: Jumpluff
|-sidestart|p2: BeebeRock|move: Tailwind
|move|p2b: Typhlosion|Eruption|p1a: Garganacl|[spread] p1a,p1b
|-resisted|p1a: Garganacl
|-damage|p1a: Garganacl|43/100
|-damage|p1b: Six Wing Steppa|82/100
|move|p1b: Six Wing Steppa|Heat Wave|p2b: Typhlosion|[spread] p2a,p2b
|-resisted|p2b: Typhlosion
|-damage|p2a: Jumpluff|8/100
|-damage|p2b: Typhlosion|0 fnt
|faint|p2b: Typhlosion
|move|p1a: Garganacl|Salt Cure|p2a: Jumpluff
|-damage|p2a: Jumpluff|0 fnt
|faint|p2a: Jumpluff
|
|-weather|none
|-heal|p1b: Six Wing Steppa|88/100|[from] Grassy Terrain
|-heal|p1a: Garganacl|49/100|[from] Grassy Terrain
|-fieldend|move: Grassy Terrain
|upkeep
|
|t:|1756690083
|switch|p2a: Torkoal|Torkoal, L50, F|98/100
|switch|p2b: Kingambit|Kingambit, L50, M|100/100
|-weather|SunnyDay|[from] ability: Drought|[of] p2a: Torkoal
|turn|6
|inactive|BeebeRock has 30 seconds left.
|
|t:|1756690115
|move|p1b: Six Wing Steppa|Heat Wave|p2b: Kingambit|[spread] p2a,p2b
|-resisted|p2a: Torkoal
|-supereffective|p2b: Kingambit
|-damage|p2a: Torkoal|63/100
|-damage|p2b: Kingambit|28/100
|move|p2b: Kingambit|Low Kick|p1a: Garganacl
|-supereffective|p1a: Garganacl
|-damage|p1a: Garganacl|1/100
|move|p2a: Torkoal|Yawn|p1b: Six Wing Steppa
|-start|p1b: Six Wing Steppa|move: Yawn|[of] p2a: Torkoal
|move|p1a: Garganacl|Body Press|p2b: Kingambit
|-supereffective|p2b: Kingambit
|-damage|p2b: Kingambit|0 fnt
|faint|p2b: Kingambit
|
|-weather|SunnyDay|[upkeep]
|upkeep
|turn|7
|
|t:|1756690135
|move|p2a: Torkoal|Protect|p2a: Torkoal
|-singleturn|p2a: Torkoal|Protect
|move|p1b: Six Wing Steppa|Heat Wave|p2a: Torkoal
|-activate|p2a: Torkoal|move: Protect
|move|p1a: Garganacl|Recover|p1a: Garganacl
|-heal|p1a: Garganacl|51/100
|
|-weather|SunnyDay|[upkeep]
|-end|p1b: Six Wing Steppa|move: Yawn|[silent]
|-status|p1b: Six Wing Steppa|slp
|upkeep
|turn|8
|c|☆YungDungBeetle|gg
|
|t:|1756690152
|cant|p1b: Six Wing Steppa|slp
|move|p2a: Torkoal|Overheat|p1a: Garganacl
|-resisted|p1a: Garganacl
|-damage|p1a: Garganacl|34/100
|-unboost|p2a: Torkoal|spa|2
|move|p1a: Garganacl|Salt Cure|p2a: Torkoal
|-supereffective|p2a: Torkoal
|-damage|p2a: Torkoal|45/100
|-start|p2a: Torkoal|Salt Cure
|
|-weather|SunnyDay|[upkeep]
|-damage|p2a: Torkoal|33/100|[from] Salt Cure
|-sideend|p2: BeebeRock|move: Tailwind
|upkeep
|turn|9
|inactive|BeebeRock has 30 seconds left.
|inactive|BeebeRock has 20 seconds left.
|
|t:|1756690190
|cant|p1b: Six Wing Steppa|slp
|move|p1a: Garganacl|Recover|p1a: Garganacl
|-heal|p1a: Garganacl|84/100
|move|p2a: Torkoal|Overheat|p1b: Six Wing Steppa
|-damage|p1b: Six Wing Steppa|58/100 slp
|-unboost|p2a: Torkoal|spa|2
|
|-weather|SunnyDay|[upkeep]
|-damage|p2a: Torkoal|20/100|[from] Salt Cure
|upkeep
|turn|10
|inactive|BeebeRock has 30 seconds left.
|inactive|BeebeRock has 20 seconds left.
|inactive|BeebeRock has 15 seconds left.
|inactive|BeebeRock has 10 seconds left.
|inactive|BeebeRock has 5 seconds left.
|
|t:|1756690246
|-curestatus|p1b: Six Wing Steppa|slp|[msg]
|move|p1b: Six Wing Steppa|Heat Wave|p2a: Torkoal|[miss]
|-miss|p1b: Six Wing Steppa|p2a: Torkoal
|move|p1a: Garganacl|Salt Cure|p2a: Torkoal
|-supereffective|p2a: Torkoal
|-damage|p2a: Torkoal|2/100
|move|p2a: Torkoal|Overheat|p1a: Garganacl|[miss]
|-miss|p2a: Torkoal|p1a: Garganacl
|
|-weather|none
|-damage|p2a: Torkoal|0 fnt|[from] Salt Cure
|faint|p2a: Torkoal
|
|win|YungDungBeetle
|raw|YungDungBeetle's rating: 1000 → 1040(+40 for winning)
|raw|BeebeRock's rating: 1000 → 1000(+0 for losing)
|l|☆BeebeRock
|player|p2|
