|j|☆Miss buss buss
|j|☆MikeShinobu
|html|Miss buss bussMikeShinobu    
|uhtml|bestof|Game 1 of a best-of-3
|t:|1783088905
|gametype|doubles
|player|p1|Miss buss buss|101|1047
|player|p2|MikeShinobu|ethan|1042
|gen|9
|tier|[Gen 9 Champions] VGC 2026 Reg M-B (Bo3)
|rated|
|rule|Species Clause: Limit one of each Pokémon
|rule|Item Clause: Limit 1 of each item
|clearpoke
|poke|p1|Whimsicott, L50, M|
|poke|p1|Quaquaval, L50, F|
|poke|p1|Espathra, L50, M|
|poke|p1|Espeon, L50, M|
|poke|p1|Raichu, L50, M|
|poke|p1|Blaziken, L50, M|
|poke|p2|Whimsicott, L50, M|
|poke|p2|Garchomp, L50, M|
|poke|p2|Staraptor, L50, F|
|poke|p2|Blaziken, L50, M|
|poke|p2|Ninetales-Alola, L50, M|
|poke|p2|Excadrill, L50, M|
|teampreview|4
|showteam|p1|Whimsicott||FocusSash|Prankster|Tailwind,Taunt,EnergyBall,Moonblast|Timid||M|||50|]Quaquaval||ExpertBelt|Moxie|AquaStep,BrickBreak,BraveBird,Taunt|Jolly||F|||50|]Espathra||MentalHerb|SpeedBoost|CalmMind,Substitute,Protect,StoredPower|Modest||M|||50|]Espeon||TwistedSpoon|MagicBounce|Psychic,ShadowBall,DazzlingGleam,FutureSight|Modest||M|||50|]Raichu||RaichuniteY|LightningRod|ZapCannon,FocusBlast,Protect,Encore|Hasty||M|||50|]Blaziken||Blazikenite|SpeedBoost|SwordsDance,FlareBlitz,CloseCombat,Detect|Adamant||M|||50|
|showteam|p2|Whimsicott||FocusSash|Prankster|Encore,Tailwind,Moonblast,Charm|Timid||M|||50|]Garchomp||LifeOrb|RoughSkin|DragonClaw,Earthquake,Protect,RockSlide|Jolly||M|||50|]Staraptor||Staraptite|Intimidate|CloseCombat,BraveBird,Roost,Protect|Jolly||F|||50|]Blaziken||Blazikenite|SpeedBoost|Coaching,Protect,BrickBreak,FlareBlitz|Adamant||M|||50|]Ninetales-Alola||LightClay|SnowWarning|Blizzard,Moonblast,AuroraVeil,Protect|Modest||M|||50|]Excadrill||Excadrite|MoldBreaker|Earthquake,HighHorsepower,IronHead,Protect|Jolly||M|||50|
|inactive|Battle timer is ON: inactive players will automatically lose when time's up. (requested by MikeShinobu)
|inactive|MikeShinobu has 60 seconds left.
|
|t:|1783088943
|teamsize|p1|4
|teamsize|p2|4
|start
|switch|p1a: Whimsicott|Whimsicott, L50, M|100/100
|switch|p1b: Espathra|Espathra, L50, M|100/100
|switch|p2a: Whimsicott|Whimsicott, L50, M|100/100
|switch|p2b: Garchomp|Garchomp, L50, M|100/100
|turn|1
|inactive|Miss buss buss has 30 seconds left.
|
|t:|1783088970
|move|p1b: Espathra|Protect|p1b: Espathra
|-singleturn|p1b: Espathra|Protect
|move|p1a: Whimsicott|Tailwind|p1a: Whimsicott
|-sidestart|p1: Miss buss buss|move: Tailwind
|move|p2a: Whimsicott|Moonblast|p1b: Espathra
|-activate|p1b: Espathra|move: Protect
|move|p2b: Garchomp|Rock Slide|p1a: Whimsicott|[spread] p1a
|-activate|p1b: Espathra|move: Protect
|-damage|p1a: Whimsicott|62/100
|-damage|p2b: Garchomp|90/100|[from] item: Life Orb
|
|-ability|p1b: Espathra|Speed Boost|boost
|-boost|p1b: Espathra|spe|1
|upkeep
|turn|2
|inactive|Miss buss buss has 30 seconds left.
|
|t:|1783088996
|switch|p2b: Excadrill|Excadrill, L50, M|100/100
|-ability|p2b: Excadrill|Mold Breaker
|move|p2a: Whimsicott|Encore|p1b: Espathra
|-start|p1b: Espathra|Encore
|-enditem|p1b: Espathra|Mental Herb
|-end|p1b: Espathra|Encore
|move|p1b: Espathra|Substitute|p1b: Espathra
|-start|p1b: Espathra|Substitute
|-damage|p1b: Espathra|75/100
|move|p1a: Whimsicott|Moonblast|p2b: Excadrill
|-resisted|p2b: Excadrill|1
|-damage|p2b: Excadrill|74/100
|
|-ability|p1b: Espathra|Speed Boost|boost
|-boost|p1b: Espathra|spe|1
|upkeep
|turn|3
|
|t:|1783089019
|switch|p2a: Blaziken|Blaziken, L50, M|100/100
|detailschange|p2b: Excadrill|Excadrill-Mega, L50, M
|-mega|p2b: Excadrill|Excadrill|Excadrite
|move|p1a: Whimsicott|Taunt|p2a: Blaziken
|-start|p2a: Blaziken|move: Taunt
|move|p1b: Espathra|Calm Mind|p1b: Espathra
|-boost|p1b: Espathra|spa|1
|-boost|p1b: Espathra|spd|1
|move|p2b: Excadrill|Iron Head|p1a: Whimsicott
|-supereffective|p1a: Whimsicott|1
|-damage|p1a: Whimsicott|0 fnt
|faint|p1a: Whimsicott
|
|-ability|p1b: Espathra|Speed Boost|boost
|-boost|p1b: Espathra|spe|1
|upkeep
|
|t:|1783089039
|switch|p1a: Quaquaval|Quaquaval, L50, F|100/100
|turn|4
|
|t:|1783089048
|switch|p2b: Garchomp|Garchomp, L50, M|90/100
|switch|p2a: Whimsicott|Whimsicott, L50, M|100/100
|move|p1b: Espathra|Stored Power|p2a: Whimsicott
|-enditem|p2a: Whimsicott|Focus Sash
|-damage|p2a: Whimsicott|1/100
|move|p1a: Quaquaval|Brick Break|p2b: Garchomp
|-damage|p2b: Garchomp|55/100
|-damage|p1a: Quaquaval|87/100|[from] ability: Rough Skin|[of] p2b: Garchomp
|
|-sideend|p1: Miss buss buss|move: Tailwind
|-ability|p1b: Espathra|Speed Boost|boost
|-boost|p1b: Espathra|spe|1
|upkeep
|turn|5
|
|t:|1783089067
|move|p2a: Whimsicott|Tailwind|p2a: Whimsicott
|-sidestart|p2: MikeShinobu|move: Tailwind
|move|p1b: Espathra|Stored Power|p2b: Garchomp
|-damage|p2b: Garchomp|0 fnt
|faint|p2b: Garchomp
|move|p1a: Quaquaval|Aqua Step|p2a: Whimsicott
|-resisted|p2a: Whimsicott|1
|-damage|p2a: Whimsicott|0 fnt
|-boost|p1a: Quaquaval|spe|1
|faint|p2a: Whimsicott
|-ability|p1a: Quaquaval|Moxie|boost
|-boost|p1a: Quaquaval|atk|1
|
|-ability|p1b: Espathra|Speed Boost|boost
|-boost|p1b: Espathra|spe|1
|upkeep
|
|t:|1783089075
|switch|p2a: Blaziken|Blaziken, L50, M|100/100
|switch|p2b: Excadrill|Excadrill-Mega, L50, M|74/100
|turn|6
|inactive|Miss buss buss has 30 seconds left.
|
|t:|1783089104
|move|p1b: Espathra|Stored Power|p2a: Blaziken
|-supereffective|p2a: Blaziken|1
|-damage|p2a: Blaziken|0 fnt
|faint|p2a: Blaziken
|move|p2b: Excadrill|High Horsepower|p1b: Espathra
|-end|p1b: Espathra|Substitute
|move|p1a: Quaquaval|Brick Break|p2b: Excadrill
|-supereffective|p2b: Excadrill|1
|-damage|p2b: Excadrill|0 fnt
|faint|p2b: Excadrill
|
|win|Miss buss buss
