|j|☆AEB 328
|j|☆dontaskwhaticook
|html|AEB 328dontaskwhaticook    
|uhtml|bestof|Game 2 of a best-of-3
|t:|1756220322
|gametype|doubles
|player|p1|AEB 328|will|
|player|p2|dontaskwhaticook|norman|
|gen|9
|tier|[Gen 9] VGC 2025 Reg H (Bo3)
|rule|Species Clause: Limit one of each Pokémon
|rule|Item Clause: Limit 1 of each item
|clearpoke
|poke|p1|Charizard, L50, M|
|poke|p1|Torkoal, L50, M|
|poke|p1|Porygon2, L50|
|poke|p1|Incineroar, L50, F|
|poke|p1|Jumpluff, L50, M|
|poke|p1|Ursaluna, L50, M|
|poke|p2|Frosmoth, L50, F|
|poke|p2|Ninetales-Alola, L50, F|
|poke|p2|Annihilape, L50, M|
|poke|p2|Amoonguss, L50, F|
|poke|p2|Blaziken, L50, F|
|poke|p2|Gastrodon-East, L50, M|
|teampreview|4
|showteam|p1|Charizard||ChoiceSpecs|SolarPower|HeatWave,SolarBeam,WeatherBall,AirSlash|||M|||50|,,,,,Ghost]Torkoal||EjectPack|Drought|HeatWave,Overheat,HelpingHand,Protect|||M|||50|,,,,,Grass]Porygon2||Eviolite|Download|IceBeam,TeraBlast,TrickRoom,Recover||||||50|,,,,,Fighting]Incineroar||SitrusBerry|Intimidate|FlareBlitz,KnockOff,FakeOut,PartingShot|||F|||50|,,,,,Ghost]Jumpluff||CovertCloak|Chlorophyll|SleepPowder,SunnyDay,RagePowder,Tailwind|||M|||50|,,,,,Water]Ursaluna||FlameOrb|Guts|HeadlongRush,Facade,Earthquake,Protect|||M|||50|,,,,,Fairy
|showteam|p2|Frosmoth||ChoiceSpecs|IceScales|Blizzard,IceBeam,SleepTalk,BugBuzz|||F|||50|,,,,,Ice]Ninetales-Alola||LightClay|SnowWarning|AuroraVeil,FreezeDry,IcyWind,Encore|||F|||50|,,,,,Ghost]Annihilape||SafetyGoggles|Defiant|CloseCombat,Protect,RageFist,DrainPunch|||M|||50|,,,,,Dragon]Amoonguss||CovertCloak|Regenerator|PollenPuff,RagePowder,Spore,Protect|||F|||50|,,,,,Fairy]Blaziken||LifeOrb|SpeedBoost|CloseCombat,FlareBlitz,Coaching,Protect|||F|||50|,,,,,Grass]Gastrodon-East||SitrusBerry|StormDrain|EarthPower,IcyWind,ClearSmog,HelpingHand|||M|||50|,,,,,Steel
|inactive|Battle timer is ON: inactive players will automatically lose when time's up. (requested by AEB 328)
|
|t:|1756220340
|teamsize|p1|4
|teamsize|p2|4
|start
|switch|p1a: Torkoal|Torkoal, L50, M|100/100
|switch|p1b: Charizard|Charizard, L50, M|100/100
|switch|p2a: Goopy|Gastrodon-East, L50, M|100/100
|switch|p2b: Toji|Annihilape, L50, M|100/100
|-weather|SunnyDay|[from] ability: Drought|[of] p1a: Torkoal
|turn|1
|
|t:|1756220362
|move|p2b: Toji|Protect|p2b: Toji
|-singleturn|p2b: Toji|Protect
|move|p1b: Charizard|Weather Ball|p2a: Goopy
|-resisted|p2a: Goopy
|-damage|p2a: Goopy|32/100
|-enditem|p2a: Goopy|Sitrus Berry|[eat]
|-heal|p2a: Goopy|56/100|[from] item: Sitrus Berry
|move|p2a: Goopy|Icy Wind|p1a: Torkoal|[spread] p1a,p1b
|-resisted|p1a: Torkoal
|-damage|p1a: Torkoal|94/100
|-damage|p1b: Charizard|89/100
|-unboost|p1a: Torkoal|spe|1
|-unboost|p1b: Charizard|spe|1
|-enditem|p1a: Torkoal|Eject Pack
|
|t:|1756220378
|switch|p1a: Ursaluna|Ursaluna, L50, M|100/100
|
|-weather|SunnyDay|[upkeep]
|-damage|p1b: Charizard|76/100|[from] ability: Solar Power|[of] p1b: Charizard
|-status|p1a: Ursaluna|brn|[from] item: Flame Orb
|upkeep
|turn|2
|inactive|dontaskwhaticook has 30 seconds left.
|inactive|AEB 328 has 30 seconds left.
|inactive|dontaskwhaticook has 20 seconds left.
|
|t:|1756220417
|switch|p1b: Jumpluff|Jumpluff, L50, M|100/100
|-terastallize|p2b: Toji|Dragon
|-terastallize|p1a: Ursaluna|Fairy
|move|p2a: Goopy|Helping Hand|p2b: Toji
|-singleturn|p2b: Toji|Helping Hand|[of] p2a: Goopy
|move|p2b: Toji|Close Combat|p1b: Jumpluff
|-resisted|p1b: Jumpluff
|-damage|p1b: Jumpluff|51/100
|-unboost|p2b: Toji|def|1
|-unboost|p2b: Toji|spd|1
|move|p1a: Ursaluna|Facade|p2a: Goopy
|-damage|p2a: Goopy|0 fnt
|faint|p2a: Goopy
|
|-weather|SunnyDay|[upkeep]
|-damage|p1a: Ursaluna|95/100 brn|[from] brn
|upkeep
|
|t:|1756220442
|switch|p2a: Mist|Ninetales-Alola, L50, F, shiny|100/100
|-weather|Snowscape|[from] ability: Snow Warning|[of] p2a: Mist
|turn|3
|inactive|AEB 328 has 30 seconds left.
|inactive|AEB 328 has 20 seconds left.
|inactive|AEB 328 has 15 seconds left.
|
|t:|1756220483
|switch|p2a: Snowball|Frosmoth, L50, F|100/100
|switch|p1b: Torkoal|Torkoal, L50, M|94/100
|-weather|SunnyDay|[from] ability: Drought|[of] p1b: Torkoal
|move|p2b: Toji|Protect|p2b: Toji
|-singleturn|p2b: Toji|Protect
|move|p1a: Ursaluna|Facade|p2b: Toji
|-activate|p2b: Toji|move: Protect
|
|-weather|SunnyDay|[upkeep]
|-damage|p1a: Ursaluna|89/100 brn|[from] brn
|upkeep
|turn|4
|inactive|AEB 328 has 30 seconds left.
|
|t:|1756220510
|switch|p2b: Mist|Ninetales-Alola, L50, F, shiny|100/100
|-weather|Snowscape|[from] ability: Snow Warning|[of] p2b: Mist
|move|p1a: Ursaluna|Protect|p1a: Ursaluna
|-singleturn|p1a: Ursaluna|Protect
|move|p2a: Snowball|Blizzard|p1a: Ursaluna|[spread] p1b
|-activate|p1a: Ursaluna|move: Protect
|-resisted|p1b: Torkoal
|-damage|p1b: Torkoal|51/100
|move|p1b: Torkoal|Overheat|p2a: Snowball
|-supereffective|p2a: Snowball
|-damage|p2a: Snowball|0 fnt
|-unboost|p1b: Torkoal|spa|2
|faint|p2a: Snowball
|
|-weather|Snowscape|[upkeep]
|-damage|p1a: Ursaluna|83/100 brn|[from] brn
|upkeep
|
|t:|1756220523
|switch|p2a: Toji|Annihilape, L50, M, tera:Dragon|100/100
|turn|5
|inactive|AEB 328 has 30 seconds left.
|inactive|AEB 328 has 20 seconds left.
|inactive|dontaskwhaticook has 30 seconds left.
|inactive|AEB 328 has 15 seconds left.
|inactive|dontaskwhaticook has 20 seconds left.
|inactive|AEB 328 has 10 seconds left.
|inactive|dontaskwhaticook has 15 seconds left.
|
|t:|1756220578
|move|p1b: Torkoal|Helping Hand|p1a: Ursaluna
|-singleturn|p1a: Ursaluna|Helping Hand|[of] p1b: Torkoal
|move|p2b: Mist|Encore|p1a: Ursaluna
|-start|p1a: Ursaluna|Encore
|move|p2a: Toji|Close Combat|p1b: Torkoal
|-damage|p1b: Torkoal|5/100
|-unboost|p2a: Toji|def|1
|-unboost|p2a: Toji|spd|1
|move|p1a: Ursaluna|Protect||[still]
|-fail|p1a: Ursaluna
|
|-weather|Snowscape|[upkeep]
|-damage|p1a: Ursaluna|77/100 brn|[from] brn
|upkeep
|turn|6
|inactive|dontaskwhaticook has 30 seconds left.
|
|t:|1756220612
|switch|p1a: Charizard|Charizard, L50, M|76/100
|move|p2b: Mist|Freeze-Dry|p1a: Charizard
|-damage|p1a: Charizard|49/100
|move|p2a: Toji|Close Combat|p1a: Charizard
|-resisted|p1a: Charizard
|-damage|p1a: Charizard|8/100
|-unboost|p2a: Toji|def|1
|-unboost|p2a: Toji|spd|1
|move|p1b: Torkoal|Heat Wave|p2a: Toji|[spread] p2b
|-miss|p1b: Torkoal|p2a: Toji
|-supereffective|p2b: Mist
|-damage|p2b: Mist|71/100
|-status|p2b: Mist|brn
|
|-weather|Snowscape|[upkeep]
|-damage|p2b: Mist|65/100 brn|[from] brn
|upkeep
|turn|7
|inactive|AEB 328 has 30 seconds left.
|inactive|dontaskwhaticook has 30 seconds left.
|inactive|AEB 328 has 20 seconds left.
|
|t:|1756220651
|move|p2b: Mist|Icy Wind|p1b: Torkoal|[spread] p1a,p1b
|-resisted|p1b: Torkoal
|-damage|p1a: Charizard|0 fnt
|-damage|p1b: Torkoal|0 fnt
|faint|p1a: Charizard
|faint|p1b: Torkoal
|move|p2a: Toji|Drain Punch|p1: Charizard|[notarget]
|-fail|p2a: Toji
|
|-weather|Snowscape|[upkeep]
|-damage|p2b: Mist|59/100 brn|[from] brn
|upkeep
|
|t:|1756220653
|switch|p1a: Ursaluna|Ursaluna, L50, M, tera:Fairy|77/100 brn
|switch|p1b: Jumpluff|Jumpluff, L50, M|51/100
|turn|8
|
|t:|1756220671
|move|p2a: Toji|Protect|p2a: Toji
|-singleturn|p2a: Toji|Protect
|move|p2b: Mist|Freeze-Dry|p1b: Jumpluff
|-supereffective|p1b: Jumpluff
|-damage|p1b: Jumpluff|0 fnt
|faint|p1b: Jumpluff
|move|p1a: Ursaluna|Facade|p2b: Mist
|-damage|p2b: Mist|0 fnt
|faint|p2b: Mist
|
|-weather|none
|-damage|p1a: Ursaluna|71/100 brn|[from] brn
|upkeep
|turn|9
|
|t:|1756220684
|move|p2a: Toji|Rage Fist|p1a: Ursaluna
|-damage|p1a: Ursaluna|52/100 brn
|move|p1a: Ursaluna|Facade|p2a: Toji
|-damage|p2a: Toji|0 fnt
|faint|p2a: Toji
|
|win|AEB 328
|c|☆dontaskwhaticook|gg
|c|☆AEB 328|Ggs!
