|j|☆Grillmesteren
|j|☆wodaiogien
|html|Grillmesterenwodaiogien    
|uhtml|bestof|Game 3 of a best-of-3
|t:|1782300210
|gametype|doubles
|player|p1|Grillmesteren|firebreather|1146
|player|p2|wodaiogien|169|1136
|gen|9
|tier|[Gen 9 Champions] VGC 2026 Reg M-B (Bo3)
|rated|
|rule|Species Clause: Limit one of each Pokémon
|rule|Item Clause: Limit 1 of each item
|clearpoke
|poke|p1|Froslass, L50, F|
|poke|p1|Sneasler, L50, M|
|poke|p1|Garchomp, L50, F|
|poke|p1|Gholdengo, L50|
|poke|p1|Whimsicott, L50, F|
|poke|p1|Eelektross, L50, F|
|poke|p2|Ninetales-Alola, L50, F|
|poke|p2|Raichu, L50, M|
|poke|p2|Basculegion, L50, M|
|poke|p2|Incineroar, L50, M|
|poke|p2|Kingambit, L50, F|
|poke|p2|Farigiraf, L50, M|
|teampreview|4
|showteam|p1|Froslass||Froslassite|SnowCloak|Blizzard,ShadowBall,AuroraVeil,Protect|Timid||F|||50|]Sneasler||WhiteHerb|Unburden|DireClaw,CloseCombat,FakeOut,Protect|Jolly||M|||50|]Garchomp||SitrusBerry|RoughSkin|Earthquake,DragonClaw,RockSlide,Protect|Jolly||F|||50|]Gholdengo||LifeOrb|GoodasGold|MakeItRain,ShadowBall,NastyPlot,Protect|Modest|||||50|]Whimsicott||FocusSash|Prankster|Moonblast,Tailwind,Encore,Protect|Timid||F|||50|]Eelektross||Eelektrossite|Levitate|Discharge,Thunderbolt,GrassKnot,Protect|Modest||F|||50|
|showteam|p2|Ninetales-Alola||FocusSash|SnowWarning|Blizzard,FreezeDry,Encore,Protect|Timid||F|||50|]Raichu||RaichuniteY|LightningRod|ZapCannon,FocusBlast,FakeOut,Protect|Timid||M|||50|]Basculegion||LifeOrb|Adaptability|WaveCrash,AquaJet,LastRespects,Protect|Adamant||M|||50|]Incineroar||ShucaBerry|Intimidate|FlareBlitz,PartingShot,FakeOut,DarkestLariat|Careful||M|||50|]Kingambit||ChopleBerry|Defiant|KowtowCleave,SuckerPunch,IronHead,LowKick|Adamant||F|||50|]Farigiraf||SitrusBerry|ArmorTail|TwinBeam,TrickRoom,HelpingHand,Protect|Relaxed||M|||50|
|inactive|Battle timer is ON: inactive players will automatically lose when time's up. (requested by wodaiogien)
|
|t:|1782300229
|teamsize|p1|4
|teamsize|p2|4
|start
|switch|p1a: Garchomp|Garchomp, L50, F|100/100
|switch|p1b: Eelektross|Eelektross, L50, F|100/100
|switch|p2a: Farigiraf|Farigiraf, L50, M|100/100
|switch|p2b: Kingambit|Kingambit, L50, F|100/100
|turn|1
|
|t:|1782300251
|switch|p2b: Incineroar|Incineroar, L50, M|100/100
|-ability|p2b: Incineroar|Intimidate|boost
|-unboost|p1a: Garchomp|atk|1
|-unboost|p1b: Eelektross|atk|1
|detailschange|p1b: Eelektross|Eelektross-Mega, L50, F
|-mega|p1b: Eelektross|Eelektross|Eelektrossite
|move|p1a: Garchomp|Earthquake|p2a: Farigiraf|[spread] p2a,p2b
|-immune|p1b: Eelektross|[from] ability: Levitate
|-supereffective|p2b: Incineroar|1
|-enditem|p2b: Incineroar|Shuca Berry|[eat]
|-enditem|p2b: Incineroar|Shuca Berry|[weaken]
|-damage|p2a: Farigiraf|81/100
|-damage|p2b: Incineroar|79/100
|move|p1b: Eelektross|Discharge|p2a: Farigiraf|[spread] p2a,p2b
|-immune|p1a: Garchomp
|-damage|p2a: Farigiraf|47/100
|-damage|p2b: Incineroar|51/100
|-status|p2a: Farigiraf|par
|-enditem|p2a: Farigiraf|Sitrus Berry|[eat]
|-heal|p2a: Farigiraf|71/100 par|[from] item: Sitrus Berry
|cant|p2a: Farigiraf|par
|
|upkeep
|turn|2
|inactive|wodaiogien has 30 seconds left.
|
|t:|1782300277
|move|p2b: Incineroar|Fake Out|p1a: Garchomp
|-damage|p1a: Garchomp|88/100
|-damage|p2b: Incineroar|39/100|[from] ability: Rough Skin|[of] p1a: Garchomp
|cant|p1a: Garchomp|flinch
|move|p1b: Eelektross|Discharge|p2b: Incineroar|[spread] p2a,p2b
|-immune|p1a: Garchomp
|-damage|p2a: Farigiraf|38/100 par
|-damage|p2b: Incineroar|11/100
|move|p2a: Farigiraf|Trick Room|p2a: Farigiraf
|-fieldstart|move: Trick Room|[of] p2a: Farigiraf
|
|upkeep
|turn|3
|inactive|wodaiogien has 30 seconds left.
|inactive|wodaiogien has 20 seconds left.
|
|t:|1782300314
|move|p2a: Farigiraf|Twin Beam|p1a: Garchomp
|-damage|p1a: Garchomp|71/100
|-damage|p1a: Garchomp|54/100
|-hitcount|p1a: Garchomp|2
|move|p2b: Incineroar|Darkest Lariat|p1b: Eelektross
|-damage|p1b: Eelektross|65/100
|move|p1b: Eelektross|Discharge|p2b: Incineroar|[spread] p2a,p2b
|-immune|p1a: Garchomp
|-damage|p2a: Farigiraf|0 fnt
|-damage|p2b: Incineroar|0 fnt
|faint|p2a: Farigiraf
|faint|p2b: Incineroar
|-ability|p1b: Eelektross|Eelevate|boost
|-boost|p1b: Eelektross|spa|2
|move|p1a: Garchomp|Earthquake|p1b: Eelektross
|-immune|p1b: Eelektross|[from] ability: Levitate
|
|upkeep
|
|t:|1782300324
|switch|p2a: Kingambit|Kingambit, L50, F|100/100
|switch|p2b: Basculegion|Basculegion, L50, M|100/100
|turn|4
|
|t:|1782300341
|move|p1b: Eelektross|Protect|p1b: Eelektross
|-singleturn|p1b: Eelektross|Protect
|move|p2a: Kingambit|Kowtow Cleave|p1b: Eelektross
|-activate|p1b: Eelektross|move: Protect
|move|p2b: Basculegion|Last Respects|p1a: Garchomp
|-damage|p1a: Garchomp|0 fnt
|faint|p1a: Garchomp
|-damage|p2b: Basculegion|90/100|[from] item: Life Orb
|
|upkeep
|
|t:|1782300350
|switch|p1a: Sneasler|Sneasler, L50, M|100/100
|turn|5
|inactive|wodaiogien has 30 seconds left.
|
|t:|1782300378
|move|p1a: Sneasler|Fake Out|p2a: Kingambit
|-resisted|p2a: Kingambit|1
|-damage|p2a: Kingambit|95/100
|cant|p2a: Kingambit|flinch
|move|p1b: Eelektross|Discharge|p2b: Basculegion|[spread] p1a,p2a,p2b
|-supereffective|p2b: Basculegion|1
|-damage|p1a: Sneasler|1/100
|-damage|p2a: Kingambit|22/100
|-damage|p2b: Basculegion|0 fnt
|-status|p1a: Sneasler|par
|-status|p2a: Kingambit|par
|faint|p2b: Basculegion
|-ability|p1b: Eelektross|Eelevate|boost
|-boost|p1b: Eelektross|spa|1
|
|upkeep
|turn|6
|-message|wodaiogien forfeited.
|
|win|Grillmesteren
|raw|Grillmesteren's rating: 1146 → 1170(+24 for winning)
|raw|wodaiogien's rating: 1136 → 1112(-24 for losing)
