|j|☆BOOMBOOMiO2
|j|☆rorain fearow
|html|BOOMBOOMiO2rorain fearow    
|uhtml|bestof|Game 1 of a best-of-3
|t:|1757918639
|gametype|doubles
|player|p1|BOOMBOOMiO2|265|1151
|player|p2|rorain fearow|birdkeeper|1051
|gen|9
|tier|[Gen 9] VGC 2025 Reg H (Bo3)
|rated|
|rule|Species Clause: Limit one of each Pokémon
|rule|Item Clause: Limit 1 of each item
|clearpoke
|poke|p1|Annihilape, L50, F|
|poke|p1|Incineroar, L50, M|
|poke|p1|Maushold, L50|
|poke|p1|Sinistcha-Masterpiece, L50|
|poke|p1|Pelipper, L50, M|
|poke|p1|Archaludon, L50, F|
|poke|p2|Mamoswine, L50, F|
|poke|p2|Ninetales-Alola, L50, M|
|poke|p2|Rillaboom, L50, F|
|poke|p2|Talonflame, L50, M|
|poke|p2|Dondozo, L50, F|
|poke|p2|Tatsugiri, L50, F|
|teampreview|4
|showteam|p1|Annihilape||Leftovers|Defiant|Protect,DrainPunch,RageFist,BulkUp|||F|||50|,,,,,Water]Incineroar||SitrusBerry|Intimidate|FakeOut,KnockOff,PartingShot,FlareBlitz|||M|||50|,,,,,Ghost]Maushold||SafetyGoggles|FriendGuard|Protect,FollowMe,SuperFang,BeatUp||||||50|,,,,,Ghost]Sinistcha-Masterpiece||RockyHelmet|Hospitality|Protect,LifeDew,MatchaGotcha,TrickRoom||||||50|,,,,,Water]Pelipper||FocusSash|Drizzle|Protect,WeatherBall,Hurricane,Tailwind|||M|||50|,,,,,Water]Archaludon||AssaultVest|Stamina|BodyPress,ElectroShot,DracoMeteor,FlashCannon|||F|||50|,,,,,Grass
|showteam|p2|Mamoswine||LifeOrb|Oblivious|IcicleSpear,HighHorsepower,StealthRock,Protect|||F|||50|,,,,,Water]Ninetales-Alola||LightClay|SnowWarning|AuroraVeil,Blizzard,IcyWind,Protect|||M|||50|,,,,,Ghost]Rillaboom||AssaultVest|GrassySurge|WoodHammer,GrassyGlide,HighHorsepower,FakeOut|||F|||50|,,,,,Ground]Talonflame||CovertCloak|GaleWings|FlareBlitz,DualWingbeat,Tailwind,Protect|||M|||50|,,,,,Stellar]Dondozo||SafetyGoggles|Unaware|WaveCrash,OrderUp,HeavySlam,Protect|||F|||50|,,,,,Steel]Tatsugiri||FocusSash|Commander|DracoMeteor,MuddyWater,MirrorCoat,Counter|||F|||50|,,,,,Fairy
|inactive|Battle timer is ON: inactive players will automatically lose when time's up. (requested by BOOMBOOMiO2)
|inactive|BOOMBOOMiO2 has 60 seconds left.
|inactive|BOOMBOOMiO2 has 30 seconds left.
|inactive|BOOMBOOMiO2 has 20 seconds left.
|inactive|BOOMBOOMiO2 has 15 seconds left.
|inactive|BOOMBOOMiO2 has 10 seconds left.
|inactive|BOOMBOOMiO2 has 5 seconds left.
|
|t:|1757918728
|teamsize|p1|4
|teamsize|p2|4
|start
|switch|p1a: Maushold|Maushold, L50|100/100
|switch|p1b: Incineroar|Incineroar, L50, M|100/100
|switch|p2a: Ninetales|Ninetales-Alola, L50, M|100/100
|switch|p2b: Mamoswine|Mamoswine, L50, F|100/100
|-weather|Snowscape|[from] ability: Snow Warning|[of] p2a: Ninetales
|-ability|p1b: Incineroar|Intimidate|boost
|-unboost|p2a: Ninetales|atk|1
|-fail|p2b: Mamoswine|unboost|Attack|[from] ability: Oblivious|[of] p2b: Mamoswine
|turn|1
|
|t:|1757918747
|switch|p1b: Archaludon|Archaludon, L50, F|100/100
|move|p1a: Maushold|Beat Up|p1b: Archaludon
|-damage|p1b: Archaludon|99/100
|-ability|p1b: Archaludon|Stamina|boost
|-boost|p1b: Archaludon|def|1
|-damage|p1b: Archaludon|98/100
|-ability|p1b: Archaludon|Stamina|boost
|-boost|p1b: Archaludon|def|1
|-damage|p1b: Archaludon|97/100
|-ability|p1b: Archaludon|Stamina|boost
|-boost|p1b: Archaludon|def|1
|-damage|p1b: Archaludon|96/100
|-ability|p1b: Archaludon|Stamina|boost
|-boost|p1b: Archaludon|def|1
|-hitcount|p1b: Archaludon|4
|move|p2a: Ninetales|Aurora Veil|p2a: Ninetales
|-sidestart|p2: rorain fearow|move: Aurora Veil
|move|p2b: Mamoswine|High Horsepower|p1b: Archaludon
|-supereffective|p1b: Archaludon
|-damage|p1b: Archaludon|65/100
|-ability|p1b: Archaludon|Stamina|boost
|-boost|p1b: Archaludon|def|1
|-damage|p2b: Mamoswine|91/100|[from] item: Life Orb
|
|-weather|Snowscape|[upkeep]
|upkeep
|turn|2
|inactive|BOOMBOOMiO2 has 30 seconds left.
|inactive|BOOMBOOMiO2 has 20 seconds left.
|
|t:|1757918783
|switch|p1a: Pelipper|Pelipper, L50, M|100/100
|-weather|RainDance|[from] ability: Drizzle|[of] p1a: Pelipper
|switch|p2a: Dondozo|Dondozo, L50, F|100/100
|switch|p2b: Tatsugiri|Tatsugiri, L50, F|100/100
|-activate|p2b: Tatsugiri|ability: Commander|[of] p2a: Dondozo
|-boost|p2a: Dondozo|atk|2
|-boost|p2a: Dondozo|spa|2
|-boost|p2a: Dondozo|spe|2
|-boost|p2a: Dondozo|def|2
|-boost|p2a: Dondozo|spd|2
|move|p1b: Archaludon|Electro Shot||[still]
|-prepare|p1b: Archaludon|Electro Shot
|-boost|p1b: Archaludon|spa|1
|-anim|p1b: Archaludon|Electro Shot|p2a: Dondozo
|-supereffective|p2a: Dondozo
|-damage|p2a: Dondozo|72/100
|
|-weather|RainDance|[upkeep]
|upkeep
|turn|3
|inactive|BOOMBOOMiO2 has 30 seconds left.
|inactive|rorain fearow has 30 seconds left.
|inactive|rorain fearow has 20 seconds left.
|inactive|rorain fearow has 15 seconds left.
|inactive|rorain fearow has 10 seconds left.
|
|t:|1757918832
|move|p2a: Dondozo|Order Up|p1b: Archaludon
|-damage|p1b: Archaludon|28/100
|-ability|p1b: Archaludon|Stamina|boost
|-boost|p1b: Archaludon|def|1
|-boost|p2a: Dondozo|atk|1
|move|p1a: Pelipper|Tailwind|p1a: Pelipper
|-sidestart|p1: BOOMBOOMiO2|move: Tailwind
|move|p1b: Archaludon|Electro Shot||[still]
|-prepare|p1b: Archaludon|Electro Shot
|-boost|p1b: Archaludon|spa|1
|-anim|p1b: Archaludon|Electro Shot|p2a: Dondozo
|-supereffective|p2a: Dondozo
|-damage|p2a: Dondozo|44/100
|
|-weather|RainDance|[upkeep]
|upkeep
|turn|4
|
|t:|1757918846
|-terastallize|p2a: Dondozo|Steel
|move|p1a: Pelipper|Hurricane|p2a: Dondozo
|-resisted|p2a: Dondozo
|-damage|p2a: Dondozo|36/100
|move|p1b: Archaludon|Electro Shot||[still]
|-prepare|p1b: Archaludon|Electro Shot
|-boost|p1b: Archaludon|spa|1
|-anim|p1b: Archaludon|Electro Shot|p2a: Dondozo
|-damage|p2a: Dondozo|23/100
|move|p2a: Dondozo|Order Up|p1b: Archaludon
|-damage|p1b: Archaludon|0 fnt
|faint|p1b: Archaludon
|-boost|p2a: Dondozo|atk|1
|
|-weather|RainDance|[upkeep]
|upkeep
|
|t:|1757918852
|switch|p1b: Incineroar|Incineroar, L50, M|100/100
|-ability|p1b: Incineroar|Intimidate|boost
|-unboost|p2a: Dondozo|atk|1
|-unboost|p2b: Tatsugiri|atk|1
|turn|5
|inactive|rorain fearow has 30 seconds left.
|
|t:|1757918884
|move|p2a: Dondozo|Protect|p2a: Dondozo
|-singleturn|p2a: Dondozo|Protect
|move|p1a: Pelipper|Weather Ball|p2a: Dondozo
|-activate|p2a: Dondozo|move: Protect
|move|p1b: Incineroar|Knock Off|p2a: Dondozo
|-activate|p2a: Dondozo|move: Protect
|
|-weather|RainDance|[upkeep]
|upkeep
|turn|6
|
|t:|1757918894
|move|p1a: Pelipper|Weather Ball|p2a: Dondozo
|-damage|p2a: Dondozo|2/100
|move|p2a: Dondozo|Wave Crash|p1b: Incineroar
|-supereffective|p1b: Incineroar
|-damage|p1b: Incineroar|0 fnt
|faint|p1b: Incineroar
|-damage|p2a: Dondozo|0 fnt|[from] Recoil
|faint|p2a: Dondozo
|
|-weather|none
|-sideend|p1: BOOMBOOMiO2|move: Tailwind
|upkeep
|-message|BOOMBOOMiO2 forfeited.
|
|win|rorain fearow
||BOOMBOOMiO2 is ready for game 2.
||rorain fearow is ready for game 2.
|uhtml|next|Next: Game 2 of 3
|l|☆BOOMBOOMiO2
|player|p1|
|l|☆rorain fearow
|player|p2|
