|j|☆Tractie
|j|☆anguriamelone
|html|Tractieanguriamelone    
|uhtml|bestof|Game 2 of a best-of-3
|t:|1757088140
|gametype|doubles
|player|p1|Tractie|265|1261
|player|p2|anguriamelone|clemont|1440
|gen|9
|tier|[Gen 9] VGC 2025 Reg H (Bo3)
|rated|
|rule|Species Clause: Limit one of each Pokémon
|rule|Item Clause: Limit 1 of each item
|clearpoke
|poke|p1|Gothitelle, L50, F|
|poke|p1|Dondozo, L50, F|
|poke|p1|Kingambit, L50, F|
|poke|p1|Incineroar, L50, M|
|poke|p1|Amoonguss, L50, M|
|poke|p1|Zoroark-Hisui, L50, M|
|poke|p2|Annihilape, L50, M|
|poke|p2|Rillaboom, L50, M|
|poke|p2|Gholdengo, L50|
|poke|p2|Ursaluna-Bloodmoon, L50, M|
|poke|p2|Dragonite, L50, F|
|poke|p2|Ninetales-Alola, L50, F|
|teampreview|4
|showteam|p1|Gothitelle||SitrusBerry|ShadowTag|FakeOut,Psychic,TrickRoom,Protect|||F|||50|,,,,,Water]Dondozo||Leftovers|Unaware|WaveCrash,BodyPress,Yawn,Protect|||F|||50|,,,,,Electric]Kingambit||BlackGlasses|Defiant|SuckerPunch,KowtowCleave,SwordsDance,Protect|||F|||50|,,,,,Dark]Incineroar||SafetyGoggles|Intimidate|FakeOut,FlareBlitz,KnockOff,PartingShot|||M|||50|,,,,,Ghost]Amoonguss||RockyHelmet|Regenerator|Spore,RagePowder,PollenPuff,Protect|||M|||50|,,,,,Fairy]Zoroark-Hisui||LifeOrb|Illusion|ShadowBall,TeraBlast,FocusBlast,Protect|||M|||50|,,,,,Stellar
|showteam|p2|Annihilape||SafetyGoggles|Defiant|RageFist,DrainPunch,BulkUp,Protect|||M|||50|,,,,,Fire]Rillaboom||MiracleSeed|GrassySurge|FakeOut,Protect,GrassyGlide,WoodHammer|||M|||50|,,,,,Grass]Gholdengo||LifeOrb|GoodasGold|Protect,NastyPlot,MakeItRain,ShadowBall||||||50|,,,,,Water]Ursaluna-Bloodmoon||AssaultVest|MindsEye|BloodMoon,HyperVoice,EarthPower,VacuumWave|||M|||50|,,,,,Water]Dragonite||LoadedDice|Multiscale|ScaleShot,ExtremeSpeed,Haze,Protect|||F|||50|,,,,,Normal]Ninetales-Alola||CovertCloak|SnowWarning|Blizzard,AuroraVeil,IcyWind,IcicleSpear|||F|||50|,,,,,Ghost
|inactive|Battle timer is ON: inactive players will automatically lose when time's up. (requested by Tractie)
|inactive|Tractie has 60 seconds left.
|inactive|anguriamelone has 60 seconds left.
|
|t:|1757088180
|teamsize|p1|4
|teamsize|p2|4
|start
|switch|p1a: Gothitelle|Gothitelle, L50, F|100/100
|switch|p1b: Dondozo|Dondozo, L50, F|100/100
|switch|p2a: Annihilape|Annihilape, L50, M|100/100
|switch|p2b: Ninetales|Ninetales-Alola, L50, F|100/100
|-weather|Snowscape|[from] ability: Snow Warning|[of] p2b: Ninetales
|turn|1
|
|t:|1757088201
|move|p2a: Annihilape|Protect|p2a: Annihilape
|-singleturn|p2a: Annihilape|Protect
|move|p1a: Gothitelle|Protect|p1a: Gothitelle
|-singleturn|p1a: Gothitelle|Protect
|move|p1b: Dondozo|Shadow Ball|p2a: Annihilape
|-activate|p2a: Annihilape|move: Protect
|move|p2b: Ninetales|Icy Wind|p1a: Gothitelle|[spread] p1b
|-activate|p1a: Gothitelle|move: Protect
|-damage|p1b: Dondozo|70/100
|-unboost|p1b: Dondozo|spe|1
|replace|p1b: Zoroark|Zoroark-Hisui, L50, M
|-end|p1b: Zoroark|Illusion
|
|-weather|Snowscape|[upkeep]
|upkeep
|turn|2
|inactive|Tractie has 30 seconds left.
|inactive|Tractie has 20 seconds left.
|inactive|Tractie has 15 seconds left.
|
|t:|1757088241
|-terastallize|p2a: Annihilape|Fire
|move|p2b: Ninetales|Aurora Veil|p2b: Ninetales
|-sidestart|p2: anguriamelone|move: Aurora Veil
|move|p2a: Annihilape|Bulk Up|p2a: Annihilape
|-boost|p2a: Annihilape|atk|1
|-boost|p2a: Annihilape|def|1
|move|p1b: Zoroark|Shadow Ball|p2a: Annihilape
|-damage|p2a: Annihilape|69/100
|-damage|p1b: Zoroark|60/100|[from] item: Life Orb
|move|p1a: Gothitelle|Psychic|p2a: Annihilape
|-damage|p2a: Annihilape|51/100
|-unboost|p2a: Annihilape|spd|1
|-ability|p2a: Annihilape|Defiant|boost
|-boost|p2a: Annihilape|atk|2
|
|-weather|Snowscape|[upkeep]
|upkeep
|turn|3
|
|t:|1757088263
|switch|p1b: Dondozo|Dondozo, L50, F|100/100
|move|p1a: Gothitelle|Protect|p1a: Gothitelle
|-singleturn|p1a: Gothitelle|Protect
|move|p2b: Ninetales|Blizzard|p1b: Dondozo|[spread] p1b
|-activate|p1a: Gothitelle|move: Protect
|-resisted|p1b: Dondozo
|-damage|p1b: Dondozo|90/100
|move|p2a: Annihilape|Rage Fist|p1a: Gothitelle
|-activate|p1a: Gothitelle|move: Protect
|
|-weather|Snowscape|[upkeep]
|-heal|p1b: Dondozo|96/100|[from] item: Leftovers
|upkeep
|turn|4
|
|t:|1757088283
|switch|p1a: Incineroar|Incineroar, L50, M|100/100
|-ability|p1a: Incineroar|Intimidate|boost
|-unboost|p2a: Annihilape|atk|1
|-ability|p2a: Annihilape|Defiant|boost
|-boost|p2a: Annihilape|atk|2
|-unboost|p2b: Ninetales|atk|1
|move|p2b: Ninetales|Icy Wind|p1b: Dondozo|[spread] p1b
|-miss|p2b: Ninetales|p1a: Incineroar
|-resisted|p1b: Dondozo
|-damage|p1b: Dondozo|92/100
|-unboost|p1b: Dondozo|spe|1
|move|p2a: Annihilape|Rage Fist|p1b: Dondozo
|-damage|p1b: Dondozo|51/100
|move|p1b: Dondozo|Wave Crash|p2a: Annihilape
|-supereffective|p2a: Annihilape
|-damage|p2a: Annihilape|0 fnt
|faint|p2a: Annihilape
|-damage|p1b: Dondozo|38/100|[from] Recoil
|
|-weather|Snowscape|[upkeep]
|-heal|p1b: Dondozo|44/100|[from] item: Leftovers
|upkeep
|
|t:|1757088293
|switch|p2a: Ursaluna|Ursaluna-Bloodmoon, L50, M|100/100
|turn|5
|inactive|Tractie has 30 seconds left.
|
|t:|1757088320
|move|p1a: Incineroar|Fake Out|p2a: Ursaluna
|-damage|p2a: Ursaluna|94/100
|move|p2b: Ninetales|Blizzard|p1b: Dondozo|[spread] p1a,p1b
|-resisted|p1a: Incineroar
|-resisted|p1b: Dondozo
|-damage|p1a: Incineroar|89/100
|-damage|p1b: Dondozo|35/100
|cant|p2a: Ursaluna|flinch
|move|p1b: Dondozo|Yawn|p2a: Ursaluna
|-start|p2a: Ursaluna|move: Yawn|[of] p1b: Dondozo
|
|-weather|none
|-heal|p1b: Dondozo|41/100|[from] item: Leftovers
|upkeep
|turn|6
|l|☆anguriamelone
|inactive|anguriamelone disconnected and has a minute to reconnect!
|player|p2|
|inactive|Tractie has 30 seconds left.
|
|t:|1757088353
|move|p1b: Dondozo|Protect|p1b: Dondozo
|-singleturn|p1b: Dondozo|Protect
|move|p2b: Ninetales|Blizzard|p1a: Incineroar|[spread] p1a
|-activate|p1b: Dondozo|move: Protect
|-resisted|p1a: Incineroar
|-damage|p1a: Incineroar|77/100
|move|p1a: Incineroar|Knock Off|p2a: Ursaluna
|-damage|p2a: Ursaluna|73/100
|-enditem|p2a: Ursaluna|Assault Vest|[from] move: Knock Off|[of] p1a: Incineroar
|move|p2a: Ursaluna|Blood Moon|p1a: Incineroar
|-damage|p1a: Incineroar|13/100
|
|-heal|p1b: Dondozo|47/100|[from] item: Leftovers
|-end|p2a: Ursaluna|move: Yawn|[silent]
|-status|p2a: Ursaluna|slp
|-sideend|p2: anguriamelone|move: Aurora Veil
|upkeep
|turn|7
|inactive|Tractie has 30 seconds left.
|inactive|anguriamelone has 30 seconds left.
|inactive|anguriamelone has 20 seconds left.
|inactive|anguriamelone has 15 seconds left.
|inactive|anguriamelone has 10 seconds left.
|inactive|anguriamelone has 5 seconds left.
|-message|anguriamelone lost due to inactivity.
|
|win|Tractie
|raw|Tractie's rating: 1261 → 1298(+37 for winning)
|raw|anguriamelone's rating: 1440 → 1411(-29 for losing)
