|j|☆PsiqueSpamEnjoyer
|j|☆Mashuno
|html|PsiqueSpamEnjoyerMashuno    
|uhtml|bestof|Game 2 of a best-of-3
|t:|1784818012
|gametype|doubles
|player|p1|PsiqueSpamEnjoyer|1|1111
|player|p2|Mashuno|harlequin|1156
|gen|9
|tier|[Gen 9 Champions] VGC 2026 Reg M-B (Bo3)
|rated|
|rule|Species Clause: Limit one of each Pokémon
|rule|Item Clause: Limit 1 of each item
|clearpoke
|poke|p1|Charizard, L50, M|
|poke|p1|Grimmsnarl, L50, M|
|poke|p1|Pelipper, L50, M|
|poke|p1|Archaludon, L50, M|
|poke|p1|Basculegion, L50, M|
|poke|p1|Venusaur, L50, F|
|poke|p2|Blastoise, L50, M|
|poke|p2|Incineroar, L50, F|
|poke|p2|Sinistcha, L50|
|poke|p2|Ninetales-Alola, L50, F|
|poke|p2|Garchomp, L50, M|
|poke|p2|Corviknight, L50, F|
|teampreview|4
|showteam|p1|Charizard||CharizarditeY|Blaze|HeatWave,WeatherBall,SolarBeam,Protect|Modest||M|||50|]Grimmsnarl||LightClay|Prankster|SpiritBreak,Reflect,LightScreen,PartingShot|Sassy||M|||50|]Pelipper||SitrusBerry|Drizzle|WeatherBall,Hurricane,Tailwind,WideGuard|Modest||M|||50|]Archaludon||Leftovers|Stamina|FlashCannon,DragonPulse,ElectroShot,Protect|Calm||M|||50|]Basculegion||ChoiceScarf|Adaptability|WaveCrash,AquaJet,LastRespects,FlipTurn|Jolly||M|||50|]Venusaur||FocusSash|Chlorophyll|SludgeBomb,EarthPower,SleepPowder,Protect|Modest||F|||50|
|showteam|p2|Blastoise||Blastoisinite|Torrent|Protect,ShellSmash,WaterSpout,DarkPulse|Modest||M|||50|]Incineroar||PasshoBerry|Intimidate|FakeOut,FlareBlitz,ThroatChop,PartingShot|Impish||F|||50|]Sinistcha||SitrusBerry|Hospitality|Protect,MatchaGotcha,RagePowder,TrickRoom|Bold|||||50|]Ninetales-Alola||FocusSash|SnowWarning|Protect,Blizzard,FreezeDry,Moonblast|Timid||F|||50|]Garchomp||LifeOrb|RoughSkin|Protect,DragonClaw,Earthquake,RockSlide|Jolly||M|||50|]Corviknight||Leftovers|MirrorArmor|BraveBird,Tailwind,IronHead,BodyPress|Impish||F|||50|
|inactive|Battle timer is ON: inactive players will automatically lose when time's up. (requested by PsiqueSpamEnjoyer)
|inactive|Mashuno has 60 seconds left.
|inactive|Mashuno has 30 seconds left.
|inactive|Mashuno has 20 seconds left.
|inactive|Mashuno has 15 seconds left.
|
|t:|1784818113
|teamsize|p1|4
|teamsize|p2|4
|start
|switch|p1a: Pelipper|Pelipper, L50, M|100/100
|switch|p1b: Archaludon|Archaludon, L50, M|100/100
|switch|p2a: Blastoise|Blastoise, L50, M|100/100
|switch|p2b: Sinistcha|Sinistcha, L50|100/100
|-weather|RainDance|[from] ability: Drizzle|[of] p1a: Pelipper
|turn|1
|inactive|Mashuno has 30 seconds left.
|inactive|Mashuno has 20 seconds left.
|inactive|Mashuno has 15 seconds left.
|inactive|Mashuno has 10 seconds left.
|
|t:|1784818160
|detailschange|p2a: Blastoise|Blastoise-Mega, L50, M
|-mega|p2a: Blastoise|Blastoise|Blastoisinite
|move|p2b: Sinistcha|Rage Powder|p2b: Sinistcha
|-singleturn|p2b: Sinistcha|move: Rage Powder
|move|p1b: Archaludon|Electro Shot||[still]
|-prepare|p1b: Archaludon|Electro Shot
|-boost|p1b: Archaludon|spa|1
|-anim|p1b: Archaludon|Electro Shot|p2b: Sinistcha
|-resisted|p2b: Sinistcha|1
|-damage|p2b: Sinistcha|73/100
|move|p2a: Blastoise|Shell Smash|p2a: Blastoise
|-unboost|p2a: Blastoise|def|1
|-unboost|p2a: Blastoise|spd|1
|-boost|p2a: Blastoise|atk|2
|-boost|p2a: Blastoise|spa|2
|-boost|p2a: Blastoise|spe|2
|move|p1a: Pelipper|Hurricane|p2b: Sinistcha
|-supereffective|p2b: Sinistcha|1
|-damage|p2b: Sinistcha|0 fnt
|faint|p2b: Sinistcha
|
|-weather|RainDance|[upkeep]
|upkeep
|inactive|Mashuno has 30 seconds left.
|
|t:|1784818191
|switch|p2b: Ninetales|Ninetales-Alola, L50, F|100/100
|-weather|Snowscape|[from] ability: Snow Warning|[of] p2b: Ninetales
|turn|2
|inactive|PsiqueSpamEnjoyer has 30 seconds left.
|
|t:|1784818222
|switch|p1a: Basculegion|Basculegion, L50, M|100/100
|move|p1b: Archaludon|Protect|p1b: Archaludon
|-singleturn|p1b: Archaludon|Protect
|move|p2a: Blastoise|Dark Pulse|p1b: Archaludon
|-activate|p1b: Archaludon|move: Protect
|move|p2b: Ninetales|Moonblast|p1b: Archaludon
|-activate|p1b: Archaludon|move: Protect
|
|-weather|Snowscape|[upkeep]
|upkeep
|turn|3
|inactive|PsiqueSpamEnjoyer has 30 seconds left.
|inactive|PsiqueSpamEnjoyer has 20 seconds left.
|inactive|PsiqueSpamEnjoyer has 15 seconds left.
|inactive|PsiqueSpamEnjoyer has 10 seconds left.
|inactive|PsiqueSpamEnjoyer has 5 seconds left.
|
|t:|1784818272
|switch|p2b: Incineroar|Incineroar, L50, F|100/100
|-ability|p2b: Incineroar|Intimidate|boost
|-unboost|p1a: Basculegion|atk|1
|-unboost|p1b: Archaludon|atk|1
|move|p2a: Blastoise|Protect|p2a: Blastoise
|-singleturn|p2a: Blastoise|Protect
|move|p1a: Basculegion|Flip Turn|p2b: Incineroar
|-supereffective|p2b: Incineroar|1
|-enditem|p2b: Incineroar|Passho Berry|[eat]
|-enditem|p2b: Incineroar|Passho Berry|[weaken]
|-damage|p2b: Incineroar|81/100
|
|t:|1784818293
|switch|p1a: Grimmsnarl|Grimmsnarl, L50, M|100/100|[from] Flip Turn
|move|p1b: Archaludon|Electro Shot||[still]
|-prepare|p1b: Archaludon|Electro Shot
|-boost|p1b: Archaludon|spa|1
|
|-weather|Snowscape|[upkeep]
|upkeep
|turn|4
|
|t:|1784818312
|move|p2b: Incineroar|Fake Out|p1b: Archaludon
|-resisted|p1b: Archaludon|1
|-damage|p1b: Archaludon|95/100
|-ability|p1b: Archaludon|Stamina|boost
|-boost|p1b: Archaludon|def|1
|move|p1a: Grimmsnarl|Light Screen|p1a: Grimmsnarl
|-sidestart|p1: PsiqueSpamEnjoyer|move: Light Screen
|move|p2a: Blastoise|Dark Pulse|p1b: Archaludon
|-damage|p1b: Archaludon|44/100
|-ability|p1b: Archaludon|Stamina|boost
|-boost|p1b: Archaludon|def|1
|cant|p1b: Archaludon|flinch
|
|-weather|Snowscape|[upkeep]
|-heal|p1b: Archaludon|50/100g|[from] item: Leftovers
|upkeep
|turn|5
|inactive|Mashuno has 30 seconds left.
|inactive|Mashuno has 20 seconds left.
|
|t:|1784818350
|move|p2a: Blastoise|Protect|p2a: Blastoise
|-singleturn|p2a: Blastoise|Protect
|move|p1b: Archaludon|Protect|p1b: Archaludon
|-singleturn|p1b: Archaludon|Protect
|move|p2b: Incineroar|Parting Shot|p1b: Archaludon
|-activate|p1b: Archaludon|move: Protect
|move|p1a: Grimmsnarl|Spirit Break|p2a: Blastoise
|-activate|p2a: Blastoise|move: Protect
|
|-weather|Snowscape|[upkeep]
|-heal|p1b: Archaludon|56/100|[from] item: Leftovers
|upkeep
|turn|6
|inactive|Mashuno has 30 seconds left.
|inactive|Mashuno has 20 seconds left.
|
|t:|1784818387
|move|p1a: Grimmsnarl|Parting Shot|p2a: Blastoise
|-unboost|p2a: Blastoise|atk|1
|-unboost|p2a: Blastoise|spa|1
|
|t:|1784818390
|switch|p1a: Pelipper|Pelipper, L50, M|100/100|[from] Parting Shot
|-weather|RainDance|[from] ability: Drizzle|[of] p1a: Pelipper
|move|p2a: Blastoise|Dark Pulse|p1b: Archaludon
|-damage|p1b: Archaludon|14/100
|-ability|p1b: Archaludon|Stamina|boost
|-boost|p1b: Archaludon|def|1
|cant|p1b: Archaludon|flinch
|move|p2b: Incineroar|Parting Shot|p1b: Archaludon
|-unboost|p1b: Archaludon|atk|1
|-unboost|p1b: Archaludon|spa|1
|
|t:|1784818403
|switch|p2b: Ninetales|Ninetales-Alola, L50, F|100/100|[from] Parting Shot
|-weather|Snowscape|[from] ability: Snow Warning|[of] p2b: Ninetales
|
|-weather|Snowscape|[upkeep]
|-heal|p1b: Archaludon|20/100y|[from] item: Leftovers
|upkeep
|turn|7
|-message|PsiqueSpamEnjoyer forfeited.
|
|win|Mashuno
|raw|PsiqueSpamEnjoyer's rating: 1111 → 1089(-22 for losing)
|raw|Mashuno's rating: 1156 → 1178(+22 for winning)
|l|☆PsiqueSpamEnjoyer
|player|p1|
