|j|☆Cogao vascaino
|j|☆eutherians
|html|Cogao vascainoeutherians    
|uhtml|bestof|Game 3 of a best-of-3
|t:|1756594011
|gametype|doubles
|player|p1|Cogao vascaino|dancer|1336
|player|p2|eutherians|2|1197
|gen|9
|tier|[Gen 9] VGC 2025 Reg H (Bo3)
|rated|
|rule|Species Clause: Limit one of each Pokémon
|rule|Item Clause: Limit 1 of each item
|clearpoke
|poke|p1|Gholdengo, L50|
|poke|p1|Dragonite, L50, F|
|poke|p1|Garchomp, L50, F|
|poke|p1|Rillaboom, L50, M|
|poke|p1|Ninetales-Alola, L50, F|
|poke|p1|Incineroar, L50, F|
|poke|p2|Sinistcha, L50|
|poke|p2|Incineroar, L50, F|
|poke|p2|Rillaboom, L50, M|
|poke|p2|Gholdengo, L50|
|poke|p2|Archaludon, L50, M|
|poke|p2|Pelipper, L50, M|
|teampreview|4
|showteam|p1|Gholdengo||GrassySeed|GoodasGold|MakeItRain,ShadowBall,NastyPlot,Protect||||||50|,,,,,Water]Dragonite||LoadedDice|Multiscale|ScaleShot,Tailwind,Haze,Protect|||F|||50|,,,,,Fairy]Garchomp||LifeOrb|RoughSkin|DragonClaw,RockSlide,StompingTantrum,Protect|||F|||50|,,,,,Fire]Rillaboom||AssaultVest|GrassySurge|GrassyGlide,FakeOut,HighHorsepower,WoodHammer|||M|||50|,,,,,Fire]Ninetales-Alola||CovertCloak|SnowWarning|Blizzard,AuroraVeil,IcyWind,Encore|||F|||50|,,,,,Water]Incineroar||SafetyGoggles|Intimidate|FlareBlitz,KnockOff,FakeOut,PartingShot|||F|||50|,,,,,Ghost
|showteam|p2|Sinistcha||SitrusBerry|Hospitality|MatchaGotcha,RagePowder,CalmMind,Scald||||||50|,,,,,Dark]Incineroar||SafetyGoggles|Intimidate|WillOWisp,KnockOff,PartingShot,FakeOut|||F|||50|,,,,,Bug]Rillaboom||LoadedDice|GrassySurge|BulletSeed,GrassyGlide,HighHorsepower,FakeOut|||M|||50|,,,,,Fire]Gholdengo||LifeOrb|GoodasGold|Protect,NastyPlot,MakeItRain,ShadowBall||||||50|,,,,,Water]Archaludon||AssaultVest|Stamina|ElectroShot,DragonPulse,BodyPress,FlashCannon|||M|||50|,,,,,Bug]Pelipper||FocusSash|Drizzle|Protect,MuddyWater,Hurricane,Tailwind|||M|||50|,,,,,Fairy
|inactive|Battle timer is ON: inactive players will automatically lose when time's up. (requested by eutherians)
|
|t:|1756594049
|teamsize|p1|4
|teamsize|p2|4
|start
|switch|p1a: Gholdengo|Gholdengo, L50|100/100
|switch|p1b: Incineroar|Incineroar, L50, F|100/100
|switch|p2a: Incineroar|Incineroar, L50, F|100/100
|switch|p2b: Archaludon|Archaludon, L50, M|100/100
|-ability|p2a: Incineroar|Intimidate|boost
|-unboost|p1a: Gholdengo|atk|1
|-unboost|p1b: Incineroar|atk|1
|-ability|p1b: Incineroar|Intimidate|boost
|-unboost|p2a: Incineroar|atk|1
|-unboost|p2b: Archaludon|atk|1
|turn|1
|l|☆eutherians
|inactive|eutherians disconnected and has a minute to reconnect!
|player|p2|
|j|☆eutherians
|inactive|eutherians reconnected and has 45 seconds left.
|player|p2|eutherians|2|
|inactive|eutherians has 30 seconds left.
|inactive|eutherians has 20 seconds left.
|
|t:|1756594089
|-terastallize|p1a: Gholdengo|Water
|move|p1a: Gholdengo|Nasty Plot|p1a: Gholdengo
|-boost|p1a: Gholdengo|spa|2
|move|p2b: Archaludon|Electro Shot||[still]
|-prepare|p2b: Archaludon|Electro Shot
|-boost|p2b: Archaludon|spa|1
|move|p2a: Incineroar|Knock Off|p1a: Gholdengo
|-damage|p1a: Gholdengo|72/100
|-enditem|p1a: Gholdengo|Grassy Seed|[from] move: Knock Off|[of] p2a: Incineroar
|move|p1b: Incineroar|Parting Shot|p2b: Archaludon
|-unboost|p2b: Archaludon|atk|1
|-unboost|p2b: Archaludon|spa|1
|
|t:|1756594106
|switch|p1b: Garchomp|Garchomp, L50, F|100/100|[from] Parting Shot
|
|upkeep
|turn|2
|
|t:|1756594128
|switch|p2a: Rillaboom|Rillaboom, L50, M|100/100
|-fieldstart|move: Grassy Terrain|[from] ability: Grassy Surge|[of] p2a: Rillaboom
|move|p1b: Garchomp|Dragon Claw|p2b: Archaludon
|-damage|p2b: Archaludon|55/100
|-ability|p2b: Archaludon|Stamina|boost
|-boost|p2b: Archaludon|def|1
|-damage|p1b: Garchomp|91/100|[from] item: Life Orb
|move|p1a: Gholdengo|Shadow Ball|p2b: Archaludon
|-damage|p2b: Archaludon|0 fnt
|faint|p2b: Archaludon
|
|-heal|p1b: Garchomp|97/100|[from] Grassy Terrain
|-heal|p1a: Gholdengo|77/100|[from] Grassy Terrain
|upkeep
|
|t:|1756594145
|switch|p2b: Pelipper|Pelipper, L50, M|100/100
|-weather|RainDance|[from] ability: Drizzle|[of] p2b: Pelipper
|turn|3
|
|t:|1756594166
|move|p1a: Gholdengo|Protect|p1a: Gholdengo
|-singleturn|p1a: Gholdengo|Protect
|move|p1b: Garchomp|Rock Slide|p2b: Pelipper|[spread] p2b
|-miss|p1b: Garchomp|p2a: Rillaboom
|-supereffective|p2b: Pelipper
|-damage|p2b: Pelipper|33/100
|-damage|p1b: Garchomp|87/100|[from] item: Life Orb
|cant|p2b: Pelipper|flinch
|move|p2a: Rillaboom|Bullet Seed|p1b: Garchomp
|-damage|p1b: Garchomp|69/100
|-damage|p1b: Garchomp|50/100
|-damage|p1b: Garchomp|32/100
|-damage|p1b: Garchomp|15/100
|-damage|p1b: Garchomp|0 fnt
|faint|p1b: Garchomp
|-hitcount|p1: Garchomp|5
|
|-weather|RainDance|[upkeep]
|-heal|p1a: Gholdengo|83/100|[from] Grassy Terrain
|upkeep
|
|t:|1756594179
|switch|p1b: Ninetales|Ninetales-Alola, L50, F|100/100
|-weather|Snowscape|[from] ability: Snow Warning|[of] p1b: Ninetales
|turn|4
|
|t:|1756594193
|switch|p1a: Incineroar|Incineroar, L50, F|100/100
|-ability|p1a: Incineroar|Intimidate|boost
|-unboost|p2a: Rillaboom|atk|1
|-unboost|p2b: Pelipper|atk|1
|-terastallize|p2a: Rillaboom|Fire
|move|p1b: Ninetales|Blizzard|p2b: Pelipper|[spread] p2a,p2b
|-resisted|p2a: Rillaboom
|-damage|p2a: Rillaboom|87/100
|-damage|p2b: Pelipper|0 fnt
|faint|p2b: Pelipper
|move|p2a: Rillaboom|Bullet Seed|p1a: Incineroar
|-resisted|p1a: Incineroar
|-damage|p1a: Incineroar|96/100
|-resisted|p1a: Incineroar
|-damage|p1a: Incineroar|91/100
|-resisted|p1a: Incineroar
|-damage|p1a: Incineroar|86/100
|-resisted|p1a: Incineroar
|-damage|p1a: Incineroar|81/100
|-resisted|p1a: Incineroar
|-damage|p1a: Incineroar|76/100
|-hitcount|p1a: Incineroar|5
|
|-weather|Snowscape|[upkeep]
|-heal|p2a: Rillaboom|93/100|[from] Grassy Terrain
|-heal|p1a: Incineroar|82/100|[from] Grassy Terrain
|upkeep
|
|t:|1756594204
|switch|p2b: Incineroar|Incineroar, L50, F|100/100
|-ability|p2b: Incineroar|Intimidate|boost
|-unboost|p1a: Incineroar|atk|1
|-unboost|p1b: Ninetales|atk|1
|turn|5
|
|t:|1756594216
|move|p1b: Ninetales|Aurora Veil|p1b: Ninetales
|-sidestart|p1: Cogao vascaino|move: Aurora Veil
|move|p2a: Rillaboom|High Horsepower|p1a: Incineroar
|-supereffective|p1a: Incineroar
|-damage|p1a: Incineroar|58/100
|move|p2b: Incineroar|Will-O-Wisp|p1b: Ninetales
|-status|p1b: Ninetales|brn
|move|p1a: Incineroar|Knock Off|p2a: Rillaboom
|-damage|p2a: Rillaboom|69/100
|-enditem|p2a: Rillaboom|Loaded Dice|[from] move: Knock Off|[of] p1a: Incineroar
|
|-weather|Snowscape|[upkeep]
|-heal|p2a: Rillaboom|74/100|[from] Grassy Terrain
|-heal|p1a: Incineroar|64/100|[from] Grassy Terrain
|-damage|p1b: Ninetales|94/100 brn|[from] brn
|upkeep
|turn|6
|inactive|Cogao vascaino has 30 seconds left.
|
|t:|1756594244
|move|p1b: Ninetales|Encore|p2a: Rillaboom
|-start|p2a: Rillaboom|Encore
|move|p2a: Rillaboom|High Horsepower|p1b: Ninetales
|-damage|p1b: Ninetales|81/100 brn
|move|p2b: Incineroar|Knock Off|p1b: Ninetales
|-resisted|p1b: Ninetales
|-damage|p1b: Ninetales|70/100 brn
|-enditem|p1b: Ninetales|Covert Cloak|[from] move: Knock Off|[of] p2b: Incineroar
|move|p1a: Incineroar|Parting Shot|p2b: Incineroar
|-unboost|p2b: Incineroar|atk|1
|-unboost|p2b: Incineroar|spa|1
|
|t:|1756594256
|switch|p1a: Gholdengo|Gholdengo, L50, tera:Water|83/100|[from] Parting Shot
|
|-weather|Snowscape|[upkeep]
|-heal|p1b: Ninetales|76/100 brn|[from] Grassy Terrain
|-heal|p1a: Gholdengo|89/100|[from] Grassy Terrain
|-heal|p2a: Rillaboom|80/100|[from] Grassy Terrain
|-damage|p1b: Ninetales|70/100 brn|[from] brn
|-fieldend|move: Grassy Terrain
|upkeep
|turn|7
|
|t:|1756594266
|move|p1b: Ninetales|Blizzard|p2b: Incineroar|[spread] p2a,p2b
|-resisted|p2a: Rillaboom
|-resisted|p2b: Incineroar
|-damage|p2a: Rillaboom|67/100
|-damage|p2b: Incineroar|90/100
|-status|p2b: Incineroar|frz
|move|p1a: Gholdengo|Nasty Plot|p1a: Gholdengo
|-boost|p1a: Gholdengo|spa|2
|move|p2a: Rillaboom|High Horsepower|p1b: Ninetales|[miss]
|-miss|p2a: Rillaboom|p1b: Ninetales
|cant|p2b: Incineroar|frz
|
|-weather|Snowscape|[upkeep]
|-damage|p1b: Ninetales|64/100 brn|[from] brn
|upkeep
|turn|8
|c|☆eutherians|Oh
|c|☆eutherians|Ggwp
|inactive|eutherians has 30 seconds left.
|inactive|eutherians has 20 seconds left.
|-message|eutherians forfeited.
|
|win|Cogao vascaino
|raw|Cogao vascaino's rating: 1336 → 1348(+12 for winning)
|raw|eutherians's rating: 1197 → 1182(-15 for losing)
|c|☆Cogao vascaino|Ninetails mvp
|c|☆Cogao vascaino|gg
|c|☆Cogao vascaino|wp
|c|☆eutherians|Frankfurt?
