|j|☆SeymoursLeftToeVGC
|j|☆farruktVGC
|html|SeymoursLeftToeVGCfarruktVGC    
|uhtml|bestof|Game 1 of a best-of-3
|t:|1783087595
|gametype|doubles
|player|p1|SeymoursLeftToeVGC|ninjaboy|1173
|player|p2|farruktVGC|benga|1078
|gen|9
|tier|[Gen 9 Champions] VGC 2026 Reg M-B (Bo3)
|rated|
|rule|Species Clause: Limit one of each Pokémon
|rule|Item Clause: Limit 1 of each item
|clearpoke
|poke|p1|Farigiraf, L50, F, shiny|
|poke|p1|Tyranitar, L50, M, shiny|
|poke|p1|Excadrill, L50, M, shiny|
|poke|p1|Basculegion, L50, M, shiny|
|poke|p1|Clefable, L50, F, shiny|
|poke|p1|Whimsicott, L50, M, shiny|
|poke|p2|Kingambit, L50, M|
|poke|p2|Charizard, L50, F|
|poke|p2|Aerodactyl, L50, M|
|poke|p2|Farigiraf, L50, F|
|poke|p2|Garchomp, L50, F|
|poke|p2|Sylveon, L50, F|
|teampreview|4
|showteam|p1|Farigiraf||SitrusBerry|ArmorTail|HyperVoice,TwinBeam,Protect,HelpingHand|Modest||F|||50|]Tyranitar||Tyranitarite|SandStream|RockSlide,Protect,DragonDance,KnockOff|Adamant||M|||50|]Excadrill||FocusSash|SandRush|Earthquake,IronHead,Protect,HighHorsepower|Adamant||M|||50|]Basculegion||LifeOrb|Adaptability|Protect,IceFang,WaveCrash,LastRespects|Adamant||M|||50|]Clefable||Clefablite|Unaware|GrassKnot,Protect,FollowMe,Moonblast|Modest||F|||50|]Whimsicott||MentalHerb|Prankster|Moonblast,Protect,Tailwind,Encore|Calm||M|||50|
|showteam|p2|Kingambit||FocusSash|Defiant|KowtowCleave,IronHead,SuckerPunch,LowKick|Adamant||M|||50|]Charizard||CharizarditeY|Blaze|HeatWave,SolarBeam,WeatherBall,Protect|Modest||F|||50|]Aerodactyl||Aerodactylite|Unnerve|RockSlide,DualWingbeat,IceFang,Tailwind|Jolly||M|||50|]Farigiraf||SitrusBerry|ArmorTail|Psychic,Thunderbolt,TrickRoom,Protect|Bold||F|||50|]Garchomp||LifeOrb|RoughSkin|Earthquake,DragonClaw,StompingTantrum,Protect|Jolly||F|||50|]Sylveon||FairyFeather|Pixilate|HyperVoice,HyperBeam,QuickAttack,Protect|Modest||F|||50|
|inactive|Battle timer is ON: inactive players will automatically lose when time's up. (requested by SeymoursLeftToeVGC)
|inactive|SeymoursLeftToeVGC has 60 seconds left.
|inactive|farruktVGC has 60 seconds left.
|inactive|farruktVGC has 30 seconds left.
|inactive|farruktVGC has 20 seconds left.
|inactive|farruktVGC has 15 seconds left.
|inactive|farruktVGC has 10 seconds left.
|inactive|farruktVGC has 5 seconds left.
|
|t:|1783087684
|teamsize|p1|4
|teamsize|p2|4
|start
|switch|p1a: Basculegion|Basculegion, L50, M, shiny|100/100
|switch|p1b: Whimsicott|Whimsicott, L50, M, shiny|100/100
|switch|p2a: Charizard|Charizard, L50, F|100/100
|switch|p2b: Garchomp|Garchomp, L50, F|100/100
|turn|1
|
|t:|1783087706
|move|p2a: Charizard|Protect|p2a: Charizard
|-singleturn|p2a: Charizard|Protect
|move|p1b: Whimsicott|Tailwind|p1b: Whimsicott
|-sidestart|p1: SeymoursLeftToeVGC|move: Tailwind
|move|p1a: Basculegion|Ice Fang|p2b: Garchomp
|-supereffective|p2b: Garchomp|2
|-damage|p2b: Garchomp|0 fnt
|-damage|p1a: Basculegion|87/100|[from] ability: Rough Skin|[of] p2b: Garchomp
|faint|p2b: Garchomp
|-damage|p1a: Basculegion|78/100|[from] item: Life Orb
|
|upkeep
|
|t:|1783087717
|switch|p2b: Kingambit|Kingambit, L50, M|100/100
|turn|2
|
|t:|1783087740
|switch|p2a: Farigiraf|Farigiraf, L50, F|100/100
|move|p1a: Basculegion|Protect|p1a: Basculegion
|-singleturn|p1a: Basculegion|Protect
|move|p1b: Whimsicott|Encore||[still]
|cant|p2a: Farigiraf|ability: Armor Tail|Encore|[of] p1b: Whimsicott
|move|p2b: Kingambit|Sucker Punch||[still]
|-fail|p2b: Kingambit
|
|upkeep
|turn|3
|
|t:|1783087762
|move|p1b: Whimsicott|Moonblast|p2b: Kingambit
|-damage|p2b: Kingambit|67/100
|move|p1a: Basculegion|Wave Crash|p2a: Farigiraf
|-damage|p2a: Farigiraf|20/100y
|-enditem|p2a: Farigiraf|Sitrus Berry|[eat]
|-heal|p2a: Farigiraf|45/100|[from] item: Sitrus Berry
|-damage|p1a: Basculegion|51/100|[from] Recoil
|-damage|p1a: Basculegion|41/100|[from] item: Life Orb
|move|p2b: Kingambit|Iron Head|p1b: Whimsicott
|-supereffective|p1b: Whimsicott|1
|-damage|p1b: Whimsicott|6/100
|move|p2a: Farigiraf|Trick Room|p2a: Farigiraf
|-fieldstart|move: Trick Room|[of] p2a: Farigiraf
|
|upkeep
|turn|4
|inactive|SeymoursLeftToeVGC has 30 seconds left.
|inactive|farruktVGC has 30 seconds left.
|inactive|farruktVGC has 20 seconds left.
|
|t:|1783087801
|move|p2a: Farigiraf|Psychic|p1b: Whimsicott
|-damage|p1b: Whimsicott|0 fnt
|faint|p1b: Whimsicott
|move|p2b: Kingambit|Kowtow Cleave|p1a: Basculegion
|-supereffective|p1a: Basculegion|1
|-damage|p1a: Basculegion|0 fnt
|faint|p1a: Basculegion
|
|-sideend|p1: SeymoursLeftToeVGC|move: Tailwind
|upkeep
|
|t:|1783087809
|switch|p1a: Tyranitar|Tyranitar, L50, M, shiny|100/100
|switch|p1b: Excadrill|Excadrill, L50, M, shiny|100/100
|-weather|Sandstorm|[from] ability: Sand Stream|[of] p1a: Tyranitar
|turn|5
|
|t:|1783087825
|detailschange|p1a: Tyranitar|Tyranitar-Mega, L50, M, shiny
|-mega|p1a: Tyranitar|Tyranitar|Tyranitarite
|move|p2a: Farigiraf|Psychic|p1b: Excadrill
|-resisted|p1b: Excadrill|1
|-damage|p1b: Excadrill|79/100
|-unboost|p1b: Excadrill|spd|1
|move|p2b: Kingambit|Low Kick|p1a: Tyranitar
|-supereffective|p1a: Tyranitar|2
|-damage|p1a: Tyranitar|0 fnt
|faint|p1a: Tyranitar
|move|p1b: Excadrill|High Horsepower|p2b: Kingambit
|-supereffective|p2b: Kingambit|1
|-damage|p2b: Kingambit|0 fnt
|faint|p2b: Kingambit
|
|-weather|Sandstorm|[upkeep]
|-damage|p2a: Farigiraf|39/100|[from] Sandstorm
|upkeep
|
|t:|1783087834
|switch|p2b: Charizard|Charizard, L50, F|100/100
|turn|6
|
|t:|1783087844
|detailschange|p2b: Charizard|Charizard-Mega-Y, L50, F
|-mega|p2b: Charizard|Charizard|Charizardite Y
|-weather|SunnyDay|[from] ability: Drought|[of] p2b: Charizard
|move|p2a: Farigiraf|Psychic|p1b: Excadrill
|-resisted|p1b: Excadrill|1
|-damage|p1b: Excadrill|45/100
|-unboost|p1b: Excadrill|spd|1
|move|p2b: Charizard|Weather Ball|p1b: Excadrill
|-supereffective|p1b: Excadrill|1
|-damage|p1b: Excadrill|0 fnt
|faint|p1b: Excadrill
|
|win|farruktVGC
