|j|â˜†CrusaderJCM
|j|â˜†mariodepor
|html|CrusaderJCMmariodepor    
|uhtml|bestof|Game 1 of a best-of-3
|t:|1756413355
|gametype|doubles
|player|p1|CrusaderJCM|cheren-gen5bw2|
|player|p2|mariodepor|clown|
|gen|9
|tier|[Gen 9] VGC 2025 Reg H (Bo3)
|rule|Species Clause: Limit one of each PokÃ©mon
|rule|Item Clause: Limit 1 of each item
|clearpoke
|poke|p1|Farigiraf, L50, F|
|poke|p1|Ursaluna-Bloodmoon, L50, M|
|poke|p1|Incineroar, L50, F|
|poke|p1|Electabuzz, L50, M|
|poke|p1|Salamence, L50, F|
|poke|p1|Sneasler, L50, M|
|poke|p2|Hatterene, L50, F|
|poke|p2|Indeedee-F, L50, F|
|poke|p2|Torkoal, L50, M|
|poke|p2|Ursaluna, L50, M|
|poke|p2|Gallade, L50, M|
|poke|p2|Maushold, L50|
|teampreview|4
|showteam|p1|Farigiraf||ThroatSpray|ArmorTail|Psychic,Protect,TrickRoom,HyperVoice|||F|||50|,,,,,Water]Ursaluna-Bloodmoon||LifeOrb|MindsEye|BloodMoon,HyperVoice,EarthPower,Protect|||M|||50|,,,,,Normal]Incineroar||SafetyGoggles|Intimidate|FakeOut,KnockOff,FlareBlitz,PartingShot|||F|||50|,,,,,Ghost]Electabuzz||Eviolite|VitalSpirit|FollowMe,Thunderbolt,Taunt,Protect|||M|||50|,,,,,Ghost]Salamence||CovertCloak|Intimidate|Tailwind,DracoMeteor,AirSlash,Protect|||F|||50|,,,,,Fairy]Sneasler||FocusSash|Unburden|DireClaw,CloseCombat,FakeOut,Protect|||M|||50|,,,,,Ghost
|showteam|p2|Hatterene||CovertCloak|MagicBounce|ExpandingForce,DazzlingGleam,TeraBlast,TrickRoom|||F|||50|,,,,,Fire]Indeedee-F||PsychicSeed|PsychicSurge|Psychic,FollowMe,HelpingHand,TrickRoom|||F|||50|,,,,,Water]Torkoal||ChoiceSpecs|Drought|Eruption,HeatWave,EarthPower,WeatherBall|||M|||50|,,,,,Fire]Ursaluna||FlameOrb|Guts|Facade,Earthquake,HeadlongRush,Protect|||M|||50|,,,,,Ghost]Gallade||ClearAmulet|Sharpness|SacredSword,PsychoCut,WideGuard,TrickRoom|||M|||50|,,,,,Grass]Maushold||WideLens|Technician|PopulationBomb,FollowMe,Taunt,Protect||||||50|,,,,,Poison
|c|â˜†mariodepor|glhf
|c|â˜†CrusaderJCM|glhf
|c|â˜†mariodepor|quieres poner el timer o no?
|
|t:|1756413404
|teamsize|p1|4
|teamsize|p2|4
|start
|switch|p1a: Farigiraf|Farigiraf, L50, F|100/100
|switch|p1b: Incineroar|Incineroar, L50, F|100/100
|switch|p2a: Indeedee|Indeedee-F, L50, F|100/100
|switch|p2b: Gallade|Gallade, L50, M|100/100
|-ability|p1b: Incineroar|Intimidate|boost
|-unboost|p2a: Indeedee|atk|1
|-fail|p2b: Gallade|unboost|[from] item: Clear Amulet|[of] p2b: Gallade
|-fieldstart|move: Psychic Terrain|[from] ability: Psychic Surge|[of] p2a: Indeedee
|-enditem|p2a: Indeedee|Psychic Seed
|-boost|p2a: Indeedee|spd|1|[from] item: Psychic Seed
|turn|1
|c|â˜†CrusaderJCM|Por mÃ­ no hace falta
|c|â˜†mariodepor|valep
|
|t:|1756413436
|move|p1b: Incineroar|Parting Shot|p2a: Indeedee
|-unboost|p2a: Indeedee|atk|1
|-unboost|p2a: Indeedee|spa|1
|
|t:|1756413439
|switch|p1b: Salamence|Salamence, L50, F|100/100|[from] Parting Shot
|-ability|p1b: Salamence|Intimidate|boost
|-unboost|p2a: Indeedee|atk|1
|-fail|p2b: Gallade|unboost|[from] item: Clear Amulet|[of] p2b: Gallade
|move|p1a: Farigiraf|Hyper Voice|p2b: Gallade|[spread] p2a,p2b
|-damage|p2a: Indeedee|78/100
|-damage|p2b: Gallade|72/100
|-enditem|p1a: Farigiraf|Throat Spray
|-boost|p1a: Farigiraf|spa|1|[from] item: Throat Spray
|move|p2b: Gallade|Sacred Sword|p1b: Salamence
|-resisted|p1b: Salamence
|-damage|p1b: Salamence|51/100
|move|p2a: Indeedee|Trick Room|p2a: Indeedee
|-fieldstart|move: Trick Room|[of] p2a: Indeedee
|
|upkeep
|turn|2
|
|t:|1756413487
|move|p2b: Gallade|Sacred Sword|p1a: Farigiraf
|-damage|p1a: Farigiraf|25/100
|move|p2a: Indeedee|Psychic|p1b: Salamence
|-damage|p1b: Salamence|18/100
|move|p1a: Farigiraf|Psychic|p2b: Gallade
|-damage|p2b: Gallade|0 fnt
|faint|p2b: Gallade
|move|p1b: Salamence|Draco Meteor|p2a: Indeedee
|-damage|p2a: Indeedee|33/100
|-unboost|p1b: Salamence|spa|2
|
|upkeep
|
|t:|1756413502
|switch|p2b: Torkoal|Torkoal, L50, M|100/100
|-weather|SunnyDay|[from] ability: Drought|[of] p2b: Torkoal
|turn|3
|
|t:|1756413512
|switch|p2a: Ursaluna|Ursaluna, L50, M|100/100
|move|p1a: Farigiraf|Protect|p1a: Farigiraf
|-singleturn|p1a: Farigiraf|Protect
|move|p2b: Torkoal|Eruption|p1a: Farigiraf|[spread] p1b
|-activate|p1a: Farigiraf|move: Protect
|-resisted|p1b: Salamence
|-damage|p1b: Salamence|0 fnt
|faint|p1b: Salamence
|
|-weather|SunnyDay|[upkeep]
|-status|p2a: Ursaluna|brn|[from] item: Flame Orb
|upkeep
|j| Arkhept
|l| Arkhept
|
|t:|1756413519
|switch|p1b: Incineroar|Incineroar, L50, F|100/100
|-ability|p1b: Incineroar|Intimidate|boost
|-unboost|p2a: Ursaluna|atk|1
|-unboost|p2b: Torkoal|atk|1
|turn|4
|
|t:|1756413559
|move|p1a: Farigiraf|Protect|p1a: Farigiraf
|-singleturn|p1a: Farigiraf|Protect
|move|p2b: Torkoal|Eruption|p1a: Farigiraf|[spread] p1b
|-activate|p1a: Farigiraf|move: Protect
|-resisted|p1b: Incineroar
|-damage|p1b: Incineroar|51/100
|move|p2a: Ursaluna|Headlong Rush|p1b: Incineroar
|-supereffective|p1b: Incineroar
|-damage|p1b: Incineroar|0 fnt
|-unboost|p2a: Ursaluna|def|1
|-unboost|p2a: Ursaluna|spd|1
|faint|p1b: Incineroar
|
|-weather|SunnyDay|[upkeep]
|-damage|p2a: Ursaluna|95/100 brn|[from] brn
|upkeep
|
|t:|1756413568
|switch|p1b: Ursaluna|Ursaluna-Bloodmoon, L50, M|100/100
|turn|5
|
|t:|1756413582
|switch|p2a: Indeedee|Indeedee-F, L50, F|33/100
|move|p1b: Ursaluna|Protect|p1b: Ursaluna
|-singleturn|p1b: Ursaluna|Protect
|move|p1a: Farigiraf|Protect||[still]
|-fail|p1a: Farigiraf
|move|p2b: Torkoal|Eruption|p1a: Farigiraf|[spread] p1a
|-activate|p1b: Ursaluna|move: Protect
|-damage|p1a: Farigiraf|0 fnt
|faint|p1a: Farigiraf
|
|-weather|SunnyDay|[upkeep]
|-fieldend|move: Trick Room
|-fieldend|move: Psychic Terrain
|upkeep
|turn|6
|
|t:|1756413597
|-terastallize|p1b: Ursaluna|Normal
|move|p1b: Ursaluna|Hyper Voice|p2b: Torkoal|[spread] p2a,p2b
|-crit|p2b: Torkoal
|-damage|p2a: Indeedee|0 fnt
|-damage|p2b: Torkoal|0 fnt
|faint|p2a: Indeedee
|faint|p2b: Torkoal
|-damage|p1b: Ursaluna|91/100|[from] item: Life Orb
|
|-weather|SunnyDay|[upkeep]
|upkeep
|
|t:|1756413603
|switch|p2a: Ursaluna|Ursaluna, L50, M|95/100 brn
|turn|7
|
|t:|1756413619
|move|p1b: Ursaluna|Protect|p1b: Ursaluna
|-singleturn|p1b: Ursaluna|Protect
|move|p2a: Ursaluna|Protect||[still]
|-fail|p2a: Ursaluna
|
|-weather|none
|-damage|p2a: Ursaluna|89/100 brn|[from] brn
|upkeep
|turn|8
|
|t:|1756413627
|move|p1b: Ursaluna|Blood Moon|p2a: Ursaluna
|-damage|p2a: Ursaluna|0 fnt
|faint|p2a: Ursaluna
|-damage|p1b: Ursaluna|81/100|[from] item: Life Orb
|
|win|CrusaderJCM
||mariodepor is ready for game 2.
||CrusaderJCM is ready for game 2.
|uhtml|next|Next: Game 2 of 3
