|j|☆AsukaHikaru
|j|☆s!dd_1
|html|AsukaHikarus!dd_1    
|uhtml|bestof|Game 3 of a best-of-3
|t:|1784213141
|gametype|doubles
|player|p1|AsukaHikaru|volkner|1498
|player|p2|s!dd_1|flannery-gen6|1456
|gen|9
|tier|[Gen 9 Champions] VGC 2026 Reg M-B (Bo3)
|rated|
|rule|Species Clause: Limit one of each Pokémon
|rule|Item Clause: Limit 1 of each item
|clearpoke
|poke|p1|Incineroar, L50, M|
|poke|p1|Kingambit, L50, F|
|poke|p1|Sinistcha, L50|
|poke|p1|Floette-Eternal, L50, F|
|poke|p1|Sneasler, L50, F|
|poke|p1|Delphox, L50, F|
|poke|p2|Raichu, L50, F|
|poke|p2|Mamoswine, L50, F|
|poke|p2|Sinistcha, L50|
|poke|p2|Sylveon, L50, M|
|poke|p2|Arcanine-Hisui, L50, M|
|poke|p2|Hydreigon, L50, F|
|teampreview|4
|showteam|p1|Incineroar||PasshoBerry|Intimidate|PartingShot,FakeOut,FlareBlitz,DarkestLariat|Careful||M|||50|]Kingambit||LifeOrb|Defiant|Protect,KowtowCleave,IronHead,SuckerPunch|Adamant||F|||50|]Sinistcha||OccaBerry|Hospitality|Protect,MatchaGotcha,RagePowder,TrickRoom|Bold|||||50|]Floette-Eternal||Floettite|FlowerVeil|Protect,DazzlingGleam,Moonblast,CalmMind|Modest||F|||50|]Sneasler||FocusSash|PoisonTouch|PoisonJab,FakeOut,CloseCombat,RockSlide|Jolly||F|||50|]Delphox||Delphoxite|Blaze|Protect,HeatWave,Psychic,NastyPlot|Timid||F|||50|
|showteam|p2|Raichu||RaichuniteY|LightningRod|ZapCannon,FocusBlast,FakeOut,Protect|Timid||F|||50|]Mamoswine||LifeOrb|Oblivious|IcicleCrash,IceShard,HighHorsepower,Protect|Adamant||F|||50|]Sinistcha||ColburBerry|Hospitality|MatchaGotcha,RagePowder,TrickRoom,Protect|Relaxed|||||50|]Sylveon||FairyFeather|Pixilate|HyperVoice,HyperBeam,CalmMind,Detect|Modest||M|||50|]Arcanine-Hisui||FocusSash|Intimidate|FlareBlitz,RockSlide,ExtremeSpeed,Protect|Adamant||M|||50|]Hydreigon||ChoiceScarf|Levitate|DracoMeteor,DarkPulse,EarthPower,Snarl|Modest||F|||50|
|inactive|Battle timer is ON: inactive players will automatically lose when time's up. (requested by s!dd_1)
|inactive|AsukaHikaru has 60 seconds left.
|
|t:|1784213183
|teamsize|p1|4
|teamsize|p2|4
|start
|switch|p1a: Delphox|Delphox, L50, F|100/100
|switch|p1b: Sneasler|Sneasler, L50, F|100/100
|switch|p2a: Gipsy Danger|Raichu, L50, F|100/100
|switch|p2b: Vulcan|Sylveon, L50, M|100/100
|turn|1
|inactive|s!dd_1 has 30 seconds left.
|
|t:|1784213211
|detailschange|p2a: Gipsy Danger|Raichu-Mega-Y, L50, F
|-mega|p2a: Gipsy Danger|Raichu|Raichunite Y
|detailschange|p1a: Delphox|Delphox-Mega, L50, F
|-mega|p1a: Delphox|Delphox|Delphoxite
|move|p2a: Gipsy Danger|Fake Out|p1b: Sneasler
|-damage|p1b: Sneasler|85/100
|move|p1a: Delphox|Psychic|p2a: Gipsy Danger
|-damage|p2a: Gipsy Danger|31/100
|cant|p1b: Sneasler|flinch
|move|p2b: Vulcan|Hyper Beam|p1b: Sneasler
|-damage|p1b: Sneasler|0 fnt
|-mustrecharge|p2b: Vulcan
|faint|p1b: Sneasler
|
|upkeep
|
|t:|1784213223
|switch|p1b: Sinistcha|Sinistcha, L50|100/100
|turn|2
|
|t:|1784213232
|switch|p2a: Chrome|Arcanine-Hisui, L50, M|100/100
|-ability|p2a: Chrome|Intimidate|boost
|-unboost|p1a: Delphox|atk|1
|-unboost|p1b: Sinistcha|atk|1
|move|p1b: Sinistcha|Rage Powder|p1b: Sinistcha
|-singleturn|p1b: Sinistcha|move: Rage Powder
|move|p1a: Delphox|Nasty Plot|p1a: Delphox
|-boost|p1a: Delphox|spa|2
|cant|p2b: Vulcan|recharge
|
|upkeep
|turn|3
|inactive|AsukaHikaru has 30 seconds left.
|inactive|s!dd_1 has 30 seconds left.
|inactive|AsukaHikaru has 20 seconds left.
|inactive|s!dd_1 has 20 seconds left.
|
|t:|1784213273
|move|p2a: Chrome|Protect|p2a: Chrome
|-singleturn|p2a: Chrome|Protect
|move|p1a: Delphox|Heat Wave|p2a: Chrome|[spread] 
|-activate|p2a: Chrome|move: Protect
|-miss|p1a: Delphox|p2b: Vulcan
|move|p2b: Vulcan|Hyper Beam|p1b: Sinistcha
|-damage|p1b: Sinistcha|0 fnt
|-mustrecharge|p2b: Vulcan
|faint|p1b: Sinistcha
|
|upkeep
|
|t:|1784213282
|switch|p1b: Kingambit|Kingambit, L50, F|100/100
|turn|4
|
|t:|1784213293
|move|p2a: Chrome|Extreme Speed|p1a: Delphox
|-damage|p1a: Delphox|69/100
|move|p1a: Delphox|Heat Wave|p2a: Chrome|[spread] p2a,p2b
|-resisted|p2a: Chrome|2
|-damage|p2a: Chrome|75/100
|-damage|p2b: Vulcan|50/100g
|cant|p2b: Vulcan|recharge
|move|p1b: Kingambit|Iron Head|p2b: Vulcan
|-supereffective|p2b: Vulcan|1
|-damage|p2b: Vulcan|0 fnt
|faint|p2b: Vulcan
|-damage|p1b: Kingambit|90/100|[from] item: Life Orb
|
|upkeep
|inactive|s!dd_1 has 30 seconds left.
|
|t:|1784213322
|switch|p2b: Shaolin|Sinistcha, L50|100/100
|-heal|p2a: Chrome|100/100|[from] ability: Hospitality|[of] p2b: Shaolin
|turn|5
|
|t:|1784213338
|move|p2b: Shaolin|Protect|p2b: Shaolin
|-singleturn|p2b: Shaolin|Protect
|move|p1a: Delphox|Heat Wave|p2b: Shaolin|[spread] p2a
|-activate|p2b: Shaolin|move: Protect
|-resisted|p2a: Chrome|2
|-damage|p2a: Chrome|77/100
|move|p2a: Chrome|Rock Slide|p1a: Delphox|[spread] p1a,p1b
|-supereffective|p1a: Delphox|1
|-resisted|p1b: Kingambit|1
|-damage|p1a: Delphox|0 fnt
|-damage|p1b: Kingambit|78/100
|faint|p1a: Delphox
|cant|p1b: Kingambit|flinch
|
|upkeep
|turn|6
|-message|AsukaHikaru forfeited.
|
|win|s!dd_1
|raw|AsukaHikaru's rating: 1498 → 1476(-22 for losing)
|raw|s!dd_1's rating: 1456 → 1478(+22 for winning)
