|j|☆Jadedragon61
|j|☆jonubietaregh
|html|Jadedragon61jonubietaregh    
|uhtml|bestof|Game 2 of a best-of-3
|t:|1756671622
|gametype|doubles
|player|p1|Jadedragon61|beni-ninja|1076
|player|p2|jonubietaregh|pokemaniac|1030
|gen|9
|tier|[Gen 9] VGC 2025 Reg H (Bo3)
|rated|
|rule|Species Clause: Limit one of each Pokémon
|rule|Item Clause: Limit 1 of each item
|clearpoke
|poke|p1|Basculegion, L50, M|
|poke|p1|Garchomp, L50, M|
|poke|p1|Archaludon, L50, F|
|poke|p1|Pelipper, L50, F|
|poke|p1|Amoonguss, L50, F|
|poke|p1|Incineroar, L50, F|
|poke|p2|Maushold, L50|
|poke|p2|Sinistcha, L50|
|poke|p2|Incineroar, L50, F|
|poke|p2|Pelipper, L50, M|
|poke|p2|Archaludon, L50, M|
|poke|p2|Basculegion, L50, M|
|teampreview|4
|showteam|p1|Basculegion||ChoiceBand|SwiftSwim|WaveCrash,LastRespects,AquaJet,FlipTurn|||M|||50|,,,,,Water]Garchomp||ClearAmulet|SandVeil|Earthquake,StompingTantrum,DragonClaw,Protect|||M|||50|,,,,,Fire]Archaludon||AssaultVest|Stamina|FlashCannon,DragonPulse,ElectroShot,BodyPress|||F|||50|,,,,,Grass]Pelipper||FocusSash|Drizzle|Hurricane,WeatherBall,Tailwind,Protect|||F|||50|,,,,,Ghost]Amoonguss||CovertCloak|Regenerator|RagePowder,PollenPuff,Spore,Protect|||F|||50|,,,,,Water]Incineroar||SafetyGoggles|Intimidate|FakeOut,KnockOff,Taunt,PartingShot|||F|||50|,,,,,Ghost
|showteam|p2|Maushold||SafetyGoggles|FriendGuard|BeatUp,Taunt,FollowMe,Protect||||||50|,,,,,Ghost]Sinistcha||RockyHelmet|Hospitality|MatchaGotcha,LifeDew,TrickRoom,RagePowder||||||50|,,,,,Dark]Incineroar||SitrusBerry|Intimidate|KnockOff,WillOWisp,PartingShot,FakeOut|||F|||50|,,,,,Grass]Pelipper||FocusSash|Drizzle|WeatherBall,Hurricane,WideGuard,AirCutter|||M|||50|,,,,,Stellar]Archaludon||AssaultVest|Stamina|ElectroShot,DracoMeteor,BodyPress,FlashCannon|||M|||50|,,,,,Grass]Basculegion||LifeOrb|SwiftSwim|WaveCrash,FlipTurn,LastRespects,AquaJet|||M|||50|,,,,,Water
|inactive|Battle timer is ON: inactive players will automatically lose when time's up. (requested by Jadedragon61)
|
|t:|1756671647
|teamsize|p1|4
|teamsize|p2|4
|start
|switch|p1a: Forsh|Basculegion, L50, M, shiny|100/100
|switch|p1b: Toilet|Pelipper, L50, F, shiny|100/100
|switch|p2a: joanne|Maushold, L50|100/100
|switch|p2b: Basculegion|Basculegion, L50, M|100/100
|-weather|RainDance|[from] ability: Drizzle|[of] p1b: Toilet
|turn|1
|
|t:|1756671660
|move|p2a: joanne|Follow Me|p2a: joanne
|-singleturn|p2a: joanne|move: Follow Me
|move|p1a: Forsh|Flip Turn|p2a: joanne
|-damage|p2a: joanne|9/100
|
|t:|1756671666
|switch|p1a: Bridge|Archaludon, L50, F, shiny|100/100|[from] Flip Turn
|move|p2b: Basculegion|Last Respects|p1a: Bridge
|-damage|p1a: Bridge|77/100
|-ability|p1a: Bridge|Stamina|boost
|-boost|p1a: Bridge|def|1
|-damage|p2b: Basculegion|91/100|[from] item: Life Orb
|move|p1b: Toilet|Tailwind|p1b: Toilet
|-sidestart|p1: Jadedragon61|move: Tailwind
|
|-weather|RainDance|[upkeep]
|upkeep
|turn|2
|inactive|jonubietaregh has 30 seconds left.
|inactive|jonubietaregh has 20 seconds left.
|
|t:|1756671706
|move|p2a: joanne|Protect|p2a: joanne
|-singleturn|p2a: joanne|Protect
|move|p2b: Basculegion|Flip Turn|p1b: Toilet
|-resisted|p1b: Toilet
|-damage|p1b: Toilet|60/100
|-damage|p2b: Basculegion|81/100|[from] item: Life Orb
|
|t:|1756671713
|switch|p2b: pedro|Archaludon, L50, M, shiny|100/100|[from] Flip Turn
|move|p1b: Toilet|Weather Ball|p2a: joanne
|-activate|p2a: joanne|move: Protect
|move|p1a: Bridge|Electro Shot||[still]
|-prepare|p1a: Bridge|Electro Shot
|-boost|p1a: Bridge|spa|1
|-anim|p1a: Bridge|Electro Shot|p2b: pedro
|-resisted|p2b: pedro
|-damage|p2b: pedro|79/100
|-ability|p2b: pedro|Stamina|boost
|-boost|p2b: pedro|def|1
|
|-weather|RainDance|[upkeep]
|upkeep
|turn|3
|inactive|jonubietaregh has 30 seconds left.
|inactive|jonubietaregh has 20 seconds left.
|
|t:|1756671749
|move|p1b: Toilet|Weather Ball|p2a: joanne
|-damage|p2a: joanne|0 fnt
|faint|p2a: joanne
|move|p1a: Bridge|Electro Shot||[still]
|-prepare|p1a: Bridge|Electro Shot
|-boost|p1a: Bridge|spa|1
|-anim|p1a: Bridge|Electro Shot|p2b: pedro
|-resisted|p2b: pedro
|-damage|p2b: pedro|39/100
|-ability|p2b: pedro|Stamina|boost
|-boost|p2b: pedro|def|1
|move|p2b: pedro|Electro Shot||[still]
|-prepare|p2b: pedro|Electro Shot
|-boost|p2b: pedro|spa|1
|-anim|p2b: pedro|Electro Shot|p1b: Toilet
|-supereffective|p1b: Toilet
|-damage|p1b: Toilet|0 fnt
|faint|p1b: Toilet
|
|-weather|RainDance|[upkeep]
|upkeep
|inactive|jonubietaregh has 30 seconds left.
|
|t:|1756671779
|switch|p2a: papotes|Sinistcha, L50|100/100
|switch|p1b: Forsh|Basculegion, L50, M, shiny|100/100
|-heal|p2b: pedro|64/100|[from] ability: Hospitality|[of] p2a: papotes
|turn|4
|
|t:|1756671792
|-terastallize|p2a: papotes|Dark
|move|p2a: papotes|Rage Powder|p2a: papotes
|-singleturn|p2a: papotes|move: Rage Powder
|move|p1b: Forsh|Last Respects|p2a: papotes
|-resisted|p2a: papotes
|-damage|p2a: papotes|70/100
|move|p1a: Bridge|Dragon Pulse|p2a: papotes
|-damage|p2a: papotes|0 fnt
|faint|p2a: papotes
|move|p2b: pedro|Electro Shot||[still]
|-prepare|p2b: pedro|Electro Shot
|-boost|p2b: pedro|spa|1
|-anim|p2b: pedro|Electro Shot|p1b: Forsh
|-supereffective|p1b: Forsh
|-damage|p1b: Forsh|0 fnt
|faint|p1b: Forsh
|
|-weather|RainDance|[upkeep]
|-sideend|p1: Jadedragon61|move: Tailwind
|upkeep
|inactive|jonubietaregh has 30 seconds left.
|
|t:|1756671819
|switch|p1b: Truffle|Amoonguss, L50, F, shiny|100/100
|switch|p2a: Basculegion|Basculegion, L50, M|81/100
|turn|5
|inactive|jonubietaregh has 30 seconds left.
|
|t:|1756671848
|-terastallize|p1a: Bridge|Grass
|move|p1b: Truffle|Rage Powder|p1b: Truffle
|-singleturn|p1b: Truffle|move: Rage Powder
|move|p2a: Basculegion|Last Respects|p1b: Truffle
|-damage|p1b: Truffle|24/100
|-damage|p2a: Basculegion|71/100|[from] item: Life Orb
|move|p2b: pedro|Draco Meteor|p1b: Truffle
|-damage|p1b: Truffle|0 fnt
|-unboost|p2b: pedro|spa|2
|faint|p1b: Truffle
|move|p1a: Bridge|Electro Shot||[still]
|-prepare|p1a: Bridge|Electro Shot
|-boost|p1a: Bridge|spa|1
|-anim|p1a: Bridge|Electro Shot|p2a: Basculegion
|-supereffective|p2a: Basculegion
|-damage|p2a: Basculegion|0 fnt
|faint|p2a: Basculegion
|
|-weather|none
|upkeep
|turn|6
|inactive|jonubietaregh has 30 seconds left.
|
|t:|1756671880
|move|p2b: pedro|Draco Meteor|p1a: Bridge|[miss]
|-miss|p2b: pedro|p1a: Bridge
|move|p1a: Bridge|Dragon Pulse|p2b: pedro
|-crit|p2b: pedro
|-damage|p2b: pedro|0 fnt
|faint|p2b: pedro
|
|win|Jadedragon61
