|j|☆raksbachtesting1
|j|☆Chelicerate1
|html|raksbachtesting1Chelicerate1    
|uhtml|bestof|Game 2 of a best-of-3
|t:|1785510258
|gametype|doubles
|player|p1|raksbachtesting1|doubleteam|1119
|player|p2|Chelicerate1|ethan|1282
|gen|9
|tier|[Gen 9 Champions] VGC 2026 Reg M-B (Bo3)
|rated|
|rule|Species Clause: Limit one of each Pokémon
|rule|Item Clause: Limit 1 of each item
|clearpoke
|poke|p1|Staraptor, L50, M|
|poke|p1|Glimmora, L50, F|
|poke|p1|Whimsicott, L50, F|
|poke|p1|Kingambit, L50, M|
|poke|p1|Garchomp, L50, M|
|poke|p1|Delphox, L50, M|
|poke|p2|Grimmsnarl, L50, M|
|poke|p2|Basculegion, L50, M|
|poke|p2|Charizard, L50, F|
|poke|p2|Pelipper, L50, M|
|poke|p2|Venusaur, L50, M|
|poke|p2|Archaludon, L50, M|
|teampreview|4
|showteam|p1|Staraptor||Staraptite|Intimidate|CloseCombat,BraveBird,Roost,Protect|Jolly||M|||50|]Glimmora||FocusSash|ToxicDebris|PowerGem,SludgeBomb,EarthPower,SpikyShield|Modest||F|||50|]Whimsicott||OccaBerry|Prankster|Tailwind,Moonblast,Charm,LightScreen|Timid||F|||50|]Kingambit||ChopleBerry|Defiant|KowtowCleave,IronHead,LowKick,SuckerPunch|Adamant||M|||50|]Garchomp||LifeOrb|RoughSkin|Earthquake,DragonClaw,RockSlide,Protect|Adamant||M|||50|]Delphox||Delphoxite|Blaze|HeatWave,Psychic,Encore,Protect|Timid||M|||50|
|showteam|p2|Grimmsnarl||LightClay|Prankster|SpiritBreak,PartingShot,Reflect,LightScreen|Sassy||M|||50|]Basculegion||ChoiceScarf|Adaptability|LastRespects,WaveCrash,AquaJet,FlipTurn|Jolly||M|||50|]Charizard||CharizarditeY|Blaze|Protect,HeatWave,WeatherBall,SolarBeam|Modest||F|||50|]Pelipper||SitrusBerry|Drizzle|Hurricane,WeatherBall,Tailwind,WideGuard|Modest||M|||50|]Venusaur||FocusSash|Chlorophyll|SludgeBomb,SleepPowder,EarthPower,Protect|Modest||M|||50|]Archaludon||Leftovers|Stamina|ElectroShot,DragonPulse,FlashCannon,Protect|Calm||M|||50|
|inactive|Battle timer is ON: inactive players will automatically lose when time's up. (requested by raksbachtesting1)
|inactive|Chelicerate1 also wants the timer to be on.
|
|t:|1785510283
|teamsize|p1|4
|teamsize|p2|4
|start
|switch|p1a: Whimsicott|Whimsicott, L50, F|100/100
|switch|p1b: Staraptor|Staraptor, L50, M|100/100
|switch|p2a: Charizard|Charizard, L50, F|100/100
|switch|p2b: Venusaur|Venusaur, L50, M|100/100
|-ability|p1b: Staraptor|Intimidate|boost
|-unboost|p2a: Charizard|atk|1
|-unboost|p2b: Venusaur|atk|1
|turn|1
|
|t:|1785510291
|detailschange|p1b: Staraptor|Staraptor-Mega, L50, M
|-mega|p1b: Staraptor|Staraptor|Staraptite
|detailschange|p2a: Charizard|Charizard-Mega-Y, L50, F
|-mega|p2a: Charizard|Charizard|Charizardite Y
|-weather|SunnyDay|[from] ability: Drought|[of] p2a: Charizard
|move|p1a: Whimsicott|Tailwind|p1a: Whimsicott
|-sidestart|p1: raksbachtesting1|move: Tailwind
|move|p1b: Staraptor|Brave Bird|p2b: Venusaur
|-supereffective|p2b: Venusaur|1
|-enditem|p2b: Venusaur|Focus Sash
|-damage|p2b: Venusaur|1/100
|-damage|p1b: Staraptor|73/100|[from] Recoil
|move|p2b: Venusaur|Sleep Powder|p1b: Staraptor
|-status|p1b: Staraptor|slp|[from] move: Sleep Powder
|move|p2a: Charizard|Weather Ball|p1a: Whimsicott
|-supereffective|p1a: Whimsicott|1
|-enditem|p1a: Whimsicott|Occa Berry|[eat]
|-enditem|p1a: Whimsicott|Occa Berry|[weaken]
|-damage|p1a: Whimsicott|0 fnt
|faint|p1a: Whimsicott
|
|-weather|SunnyDay|[upkeep]
|upkeep
|
|t:|1785510309
|switch|p1a: Garchomp|Garchomp, L50, M|100/100
|turn|2
|
|t:|1785510318
|switch|p2a: Archaludon|Archaludon, L50, M|100/100
|move|p2b: Venusaur|Protect|p2b: Venusaur
|-singleturn|p2b: Venusaur|Protect
|cant|p1b: Staraptor|slp
|move|p1a: Garchomp|Rock Slide|p2b: Venusaur|[spread] 
|-activate|p2b: Venusaur|move: Protect
|-miss|p1a: Garchomp|p2a: Archaludon
|
|-weather|SunnyDay|[upkeep]
|upkeep
|turn|3
|
|t:|1785510329
|switch|p2b: Pelipper|Pelipper, L50, M|100/100
|-weather|RainDance|[from] ability: Drizzle|[of] p2b: Pelipper
|cant|p1b: Staraptor|slp
|move|p1a: Garchomp|Earthquake|p2a: Archaludon|[spread] p2a
|-immune|p1b: Staraptor
|-immune|p2b: Pelipper
|-supereffective|p2a: Archaludon|1
|-damage|p2a: Archaludon|30/100
|-ability|p2a: Archaludon|Stamina|boost
|-boost|p2a: Archaludon|def|1
|-damage|p1a: Garchomp|90/100|[from] item: Life Orb
|move|p2a: Archaludon|Electro Shot||[still]
|-prepare|p2a: Archaludon|Electro Shot
|-boost|p2a: Archaludon|spa|1
|-anim|p2a: Archaludon|Electro Shot|p1b: Staraptor
|-supereffective|p1b: Staraptor|1
|-damage|p1b: Staraptor|0 fnt
|faint|p1b: Staraptor
|
|-weather|RainDance|[upkeep]
|-heal|p2a: Archaludon|36/100|[from] item: Leftovers
|upkeep
|
|t:|1785510345
|switch|p1b: Kingambit|Kingambit, L50, M|100/100
|turn|4
|
|t:|1785510353
|move|p2a: Archaludon|Protect|p2a: Archaludon
|-singleturn|p2a: Archaludon|Protect
|move|p1a: Garchomp|Rock Slide|p2a: Archaludon|[spread] p2b
|-activate|p2a: Archaludon|move: Protect
|-supereffective|p2b: Pelipper|1
|-damage|p2b: Pelipper|50/100y
|-enditem|p2b: Pelipper|Sitrus Berry|[eat]
|-heal|p2b: Pelipper|74/100|[from] item: Sitrus Berry
|-damage|p1a: Garchomp|80/100|[from] item: Life Orb
|move|p1b: Kingambit|Kowtow Cleave|p2b: Pelipper
|-damage|p2b: Pelipper|21/100
|cant|p2b: Pelipper|flinch
|
|-weather|RainDance|[upkeep]
|-heal|p2a: Archaludon|42/100|[from] item: Leftovers
|-sideend|p1: raksbachtesting1|move: Tailwind
|upkeep
|turn|5
|inactive|raksbachtesting1 has 30 seconds left.
|
|t:|1785510381
|move|p1a: Garchomp|Rock Slide|p2b: Pelipper|[spread] p2a
|-miss|p1a: Garchomp|p2b: Pelipper
|-resisted|p2a: Archaludon|1
|-damage|p2a: Archaludon|36/100
|-ability|p2a: Archaludon|Stamina|boost
|-boost|p2a: Archaludon|def|1
|-damage|p1a: Garchomp|70/100|[from] item: Life Orb
|cant|p2a: Archaludon|flinch
|move|p2b: Pelipper|Weather Ball|p1a: Garchomp
|-damage|p1a: Garchomp|10/100
|move|p1b: Kingambit|Low Kick|p2a: Archaludon
|-supereffective|p2a: Archaludon|1
|-damage|p2a: Archaludon|14/100
|-ability|p2a: Archaludon|Stamina|boost
|-boost|p2a: Archaludon|def|1
|
|-weather|RainDance|[upkeep]
|-heal|p2a: Archaludon|20/100y|[from] item: Leftovers
|upkeep
|turn|6
|
|t:|1785510404
|move|p1a: Garchomp|Protect|p1a: Garchomp
|-singleturn|p1a: Garchomp|Protect
|move|p2a: Archaludon|Protect|p2a: Archaludon
|-singleturn|p2a: Archaludon|Protect
|move|p1b: Kingambit|Sucker Punch|p2b: Pelipper
|-damage|p2b: Pelipper|0 fnt
|faint|p2b: Pelipper
|
|-weather|RainDance|[upkeep]
|-heal|p2a: Archaludon|26/100|[from] item: Leftovers
|upkeep
|
|t:|1785510408
|switch|p2b: Charizard|Charizard-Mega-Y, L50, F|100/100
|-weather|SunnyDay|[from] ability: Drought|[of] p2b: Charizard
|turn|7
|
|t:|1785510424
|move|p1a: Garchomp|Rock Slide|p2a: Archaludon|[spread] p2a,p2b
|-resisted|p2a: Archaludon|1
|-supereffective|p2b: Charizard|2
|-damage|p2a: Archaludon|23/100
|-damage|p2b: Charizard|0 fnt
|-ability|p2a: Archaludon|Stamina|boost
|-boost|p2a: Archaludon|def|1
|faint|p2b: Charizard
|-damage|p1a: Garchomp|1/100|[from] item: Life Orb
|move|p2a: Archaludon|Dragon Pulse|p1b: Kingambit
|-resisted|p1b: Kingambit|1
|-damage|p1b: Kingambit|72/100
|move|p1b: Kingambit|Kowtow Cleave|p2a: Archaludon
|-damage|p2a: Archaludon|10/100
|-ability|p2a: Archaludon|Stamina|boost
|-boost|p2a: Archaludon|def|1
|
|-weather|SunnyDay|[upkeep]
|-heal|p2a: Archaludon|17/100|[from] item: Leftovers
|upkeep
|
|t:|1785510428
|switch|p2b: Venusaur|Venusaur, L50, M|1/100
|turn|8
|inactive|raksbachtesting1 has 30 seconds left.
|
|t:|1785510465
|move|p1a: Garchomp|Protect|p1a: Garchomp
|-singleturn|p1a: Garchomp|Protect
|move|p2a: Archaludon|Protect|p2a: Archaludon
|-singleturn|p2a: Archaludon|Protect
|move|p2b: Venusaur|Sleep Powder|p1b: Kingambit
|-status|p1b: Kingambit|slp|[from] move: Sleep Powder
|cant|p1b: Kingambit|slp
|
|-weather|SunnyDay|[upkeep]
|-heal|p2a: Archaludon|23/100|[from] item: Leftovers
|upkeep
|turn|9
|
|t:|1785510478
|-curestatus|p1b: Kingambit|slp|[msg]
|move|p1b: Kingambit|Sucker Punch|p2a: Archaludon
|-damage|p2a: Archaludon|13/100
|-ability|p2a: Archaludon|Stamina|boost
|-boost|p2a: Archaludon|def|1
|move|p2b: Venusaur|Earth Power|p1a: Garchomp
|-damage|p1a: Garchomp|0 fnt
|faint|p1a: Garchomp
|move|p2a: Archaludon|Dragon Pulse|p1b: Kingambit
|-resisted|p1b: Kingambit|1
|-damage|p1b: Kingambit|46/100
|
|-weather|SunnyDay|[upkeep]
|-heal|p2a: Archaludon|20/100y|[from] item: Leftovers
|upkeep
|turn|10
|
|t:|1785510488
|move|p2b: Venusaur|Sleep Powder|p1b: Kingambit
|-status|p1b: Kingambit|slp|[from] move: Sleep Powder
|move|p2a: Archaludon|Dragon Pulse|p1b: Kingambit
|-resisted|p1b: Kingambit|1
|-damage|p1b: Kingambit|22/100 slp
|cant|p1b: Kingambit|slp
|
|-weather|SunnyDay|[upkeep]
|-heal|p2a: Archaludon|26/100|[from] item: Leftovers
|upkeep
|turn|11
|-message|raksbachtesting1 forfeited.
|
|win|Chelicerate1
||raksbachtesting1 is ready for game 3.
