|j|☆castoriceball
|j|☆master 792
|html|castoriceballmaster 792    
|uhtml|bestof|Game 3 of a best-of-3
|t:|1785647954
|gametype|doubles
|player|p1|castoriceball|miku-flying|1260
|player|p2|master 792|red|1285
|gen|9
|tier|[Gen 9 Champions] VGC 2026 Reg M-B (Bo3)
|rated|
|rule|Species Clause: Limit one of each Pokémon
|rule|Item Clause: Limit 1 of each item
|clearpoke
|poke|p1|Garchomp, L50, M|
|poke|p1|Floette-Eternal, L50, F|
|poke|p1|Grimmsnarl, L50, M|
|poke|p1|Incineroar, L50, M|
|poke|p1|Metagross, L50|
|poke|p1|Hydreigon, L50, M|
|poke|p2|Charizard, L50, M|
|poke|p2|Whimsicott, L50, M, shiny|
|poke|p2|Basculegion, L50, M, shiny|
|poke|p2|Garchomp, L50, F, shiny|
|poke|p2|Kingambit, L50, F|
|poke|p2|Floette-Eternal, L50, F|
|teampreview|4
|showteam|p1|Garchomp||SitrusBerry|RoughSkin|Earthquake,DragonClaw,RockSlide,Protect|Adamant||M|||50|]Floette-Eternal||Floettite|FlowerVeil|DrainingKiss,DazzlingGleam,CalmMind,Protect|Modest||F|||50|]Grimmsnarl||LightClay|Prankster|SpiritBreak,Reflect,LightScreen,PartingShot|Careful||M|||50|]Incineroar||Charcoal|Intimidate|FlareBlitz,ThroatChop,FakeOut,PartingShot|Adamant||M|||50|]Metagross||Metagrossite|ClearBody|Protect,PsychicFangs,IronHead,StompingTantrum|Jolly|||||50|]Hydreigon||ChoiceScarf|Levitate|DarkPulse,DracoMeteor,Snarl,EarthPower|Modest||M|||50|
|showteam|p2|Charizard||CharizarditeY|Blaze|HeatWave,WeatherBall,SolarBeam,Protect|Modest||M|||50|]Whimsicott||FocusSash|Prankster|Moonblast,Encore,Tailwind,Protect|Timid||M|||50|]Basculegion||LifeOrb|Adaptability|WaveCrash,LastRespects,AquaJet,Protect|Adamant||M|||50|]Garchomp||SitrusBerry|RoughSkin|PoisonJab,Earthquake,RockSlide,DragonClaw|Adamant||F|||50|]Kingambit||BlackGlasses|Defiant|KowtowCleave,LowKick,SuckerPunch,Protect|Adamant||F|||50|]Floette-Eternal||Floettite|FlowerVeil|Moonblast,DazzlingGleam,HelpingHand,Protect|Modest||F|||50|
|
|t:|1785647980
|teamsize|p1|4
|teamsize|p2|4
|start
|switch|p1a: Metagross|Metagross, L50|100/100
|switch|p1b: Floette|Floette-Eternal, L50, F|100/100
|switch|p2a: Whimsicott|Whimsicott, L50, M, shiny|100/100
|switch|p2b: Charizard|Charizard, L50, M|100/100
|turn|1
|
|t:|1785647992
|switch|p1a: Incineroar|Incineroar, L50, M|100/100
|-ability|p1a: Incineroar|Intimidate|boost
|-unboost|p2a: Whimsicott|atk|1
|-unboost|p2b: Charizard|atk|1
|detailschange|p2b: Charizard|Charizard-Mega-Y, L50, M
|-mega|p2b: Charizard|Charizard|Charizardite Y
|-weather|SunnyDay|[from] ability: Drought|[of] p2b: Charizard
|detailschange|p1b: Floette|Floette-Mega, L50, F
|-mega|p1b: Floette|Floette|Floettite
|-ability|p1b: Floette|Fairy Aura
|move|p2a: Whimsicott|Tailwind|p2a: Whimsicott
|-sidestart|p2: master 792|move: Tailwind
|move|p2b: Charizard|Heat Wave|p1b: Floette|[spread] p1a,p1b
|-resisted|p1a: Incineroar|1
|-damage|p1a: Incineroar|68/100
|-damage|p1b: Floette|58/100
|move|p1b: Floette|Calm Mind|p1b: Floette
|-boost|p1b: Floette|spa|1
|-boost|p1b: Floette|spd|1
|
|-weather|SunnyDay|[upkeep]
|upkeep
|turn|2
|
|t:|1785648017
|move|p2a: Whimsicott|Protect|p2a: Whimsicott
|-singleturn|p2a: Whimsicott|Protect
|move|p1a: Incineroar|Fake Out|p2b: Charizard
|-damage|p2b: Charizard|87/100
|cant|p2b: Charizard|flinch
|move|p1b: Floette|Draining Kiss|p2b: Charizard
|-resisted|p2b: Charizard|1
|-damage|p2b: Charizard|61/100
|-heal|p1b: Floette|77/100|[from] drain|[of] p2b: Charizard
|
|-weather|SunnyDay|[upkeep]
|upkeep
|turn|3
|
|t:|1785648028
|move|p2a: Whimsicott|Moonblast|p1a: Incineroar
|-damage|p1a: Incineroar|19/100
|move|p2b: Charizard|Weather Ball|p1a: Incineroar
|-resisted|p1a: Incineroar|1
|-crit|p1a: Incineroar
|-damage|p1a: Incineroar|0 fnt
|faint|p1a: Incineroar
|move|p1b: Floette|Dazzling Gleam|p2a: Whimsicott|[spread] p2a,p2b
|-resisted|p2b: Charizard|1
|-enditem|p2a: Whimsicott|Focus Sash
|-damage|p2a: Whimsicott|1/100
|-damage|p2b: Charizard|30/100
|
|-weather|SunnyDay|[upkeep]
|upkeep
|
|t:|1785648058
|switch|p1a: Hydreigon|Hydreigon, L50, M|100/100
|turn|4
|
|t:|1785648062
|switch|p1a: Metagross|Metagross, L50|100/100
|move|p2a: Whimsicott|Moonblast|p1a: Metagross
|-resisted|p1a: Metagross|1
|-damage|p1a: Metagross|71/100
|move|p2b: Charizard|Heat Wave|p1b: Floette|[spread] p1a,p1b
|-supereffective|p1a: Metagross|1
|-damage|p1a: Metagross|0 fnt
|-damage|p1b: Floette|50/100g
|faint|p1a: Metagross
|move|p1b: Floette|Dazzling Gleam|p2a: Whimsicott|[spread] p2a,p2b
|-resisted|p2b: Charizard|1
|-damage|p2a: Whimsicott|0 fnt
|-damage|p2b: Charizard|0 fnt
|faint|p2a: Whimsicott
|faint|p2b: Charizard
|
|-weather|SunnyDay|[upkeep]
|-sideend|p2: master 792|move: Tailwind
|upkeep
|
|t:|1785648077
|switch|p2a: Basculegion|Basculegion, L50, M, shiny|100/100
|switch|p2b: Garchomp|Garchomp, L50, F, shiny|100/100
|switch|p1a: Hydreigon|Hydreigon, L50, M|100/100
|turn|5
|
|t:|1785648091
|move|p1a: Hydreigon|Dark Pulse|p2a: Basculegion
|-supereffective|p2a: Basculegion|1
|-damage|p2a: Basculegion|0 fnt
|faint|p2a: Basculegion
|move|p1b: Floette|Draining Kiss|p2b: Garchomp
|-supereffective|p2b: Garchomp|1
|-damage|p2b: Garchomp|0 fnt
|-heal|p1b: Floette|100/100|[from] drain|[of] p2b: Garchomp
|-damage|p1b: Floette|87/100|[from] ability: Rough Skin|[of] p2b: Garchomp
|faint|p2b: Garchomp
|
|win|castoriceball
|raw|castoriceball's rating: 1260 → 1287(+27 for winning)
|raw|master 792's rating: 1285 → 1258(-27 for losing)
