|j|ŌśåSuperDialga1275
|j|Ōśåssooner
|html|SuperDialga1275ssooner    
|uhtml|bestof|Game 2 of a best-of-3
|t:|1785356186
|gametype|doubles
|player|p1|SuperDialga1275|giovanni|
|player|p2|ssooner|wallace|
|gen|9
|tier|[Gen 9 Champions] VGC 2026 Reg M-B (Bo3)
|rule|Species Clause: Limit one of each Pok├®mon
|rule|Item Clause: Limit 1 of each item
|clearpoke
|poke|p1|Floette-Eternal, L50, F|
|poke|p1|Whimsicott, L50, F, shiny|
|poke|p1|Basculegion, L50, M, shiny|
|poke|p1|Kingambit, L50, M, shiny|
|poke|p1|Arcanine-Hisui, L50, M, shiny|
|poke|p1|Dragonite, L50, M|
|poke|p2|Staraptor, L50, F|
|poke|p2|Delphox, L50, F|
|poke|p2|Whimsicott, L50, F|
|poke|p2|Garchomp, L50, F|
|poke|p2|Kingambit, L50, F|
|poke|p2|Glimmora, L50, M|
|teampreview|4
|showteam|p1|Floette-Eternal||Floettite|FlowerVeil|Moonblast,DazzlingGleam,LightofRuin,Protect|Modest||F|||50|]Whimsicott||FocusSash|Prankster|Moonblast,Tailwind,Encore,Protect|Timid||F|||50|]Basculegion||ChoiceScarf|Adaptability|LastRespects,WaveCrash,AquaJet,FlipTurn|Jolly||M|||50|]Kingambit||BlackGlasses|Defiant|SuckerPunch,KowtowCleave,IronHead,Protect|Adamant||M|||50|]Arcanine-Hisui||SitrusBerry|RockHead|FlareBlitz,RockSlide,HeadSmash,Protect|Jolly||M|||50|]Dragonite||DragonFang|InnerFocus|Protect,LowKick,ExtremeSpeed,DragonClaw|Adamant||M|||50|
|showteam|p2|Staraptor||Staraptite|Intimidate|DualWingbeat,CloseCombat,Protect,Roost|Jolly||F|||50|]Delphox||Delphoxite|Blaze|HeatWave,Psychic,Protect,Encore|Timid||F|||50|]Whimsicott||OccaBerry|Prankster|Encore,Moonblast,Charm,Tailwind|Calm||F|||50|]Garchomp||LifeOrb|RoughSkin|DragonClaw,Earthquake,Protect,RockSlide|Jolly||F|||50|]Kingambit||ChopleBerry|Defiant|KowtowCleave,IronHead,LowKick,SuckerPunch|Adamant||F|||50|]Glimmora||FocusSash|ToxicDebris|EarthPower,PowerGem,SpikyShield,SludgeBomb|Timid||M|||50|
|inactive|Battle timer is ON: inactive players will automatically lose when time's up. (requested by SuperDialga1275)
|inactive|ssooner also wants the timer to be on.
|c|ŌśåSuperDialga1275|i forgot i have slow floette
|c|Ōśåssooner|i should be faster gambit
|inactive|ssooner has 60 seconds left.
|c|Ōśåssooner|i think faster floette might be needed in this MU
|c|ŌśåSuperDialga1275|nah
|c|Ōśåssooner|i can send you my floette after if you wanna try it
|c|ŌśåSuperDialga1275|i dont want your floette
|c|Ōśåssooner|ok
|c|ŌśåSuperDialga1275|the mu isn't even fried
|inactive|ssooner has 30 seconds left.
|inactive|ssooner has 20 seconds left.
|inactive|ssooner no longer wants the timer on, but the timer is staying on because superdialga1275 still does.
|inactive|ssooner has 15 seconds left.
|
|t:|1785356266
|teamsize|p1|4
|teamsize|p2|4
|start
|switch|p1a: Whimsicott|Whimsicott, L50, F, shiny|100/100
|switch|p1b: Basculegion|Basculegion, L50, M, shiny|100/100
|switch|p2a: Kingambit|Kingambit, L50, F|100/100
|switch|p2b: Whimsicott|Whimsicott, L50, F|100/100
|turn|1
|
|t:|1785356284
|switch|p1b: Floette|Floette-Eternal, L50, F|100/100
|move|p2b: Whimsicott|Tailwind|p2b: Whimsicott
|-sidestart|p2: ssooner|move: Tailwind
|move|p1a: Whimsicott|Moonblast|p2b: Whimsicott
|-damage|p2b: Whimsicott|62/100
|move|p2a: Kingambit|Kowtow Cleave|p1b: Floette
|-resisted|p1b: Floette|1
|-damage|p1b: Floette|67/100
|
|upkeep
|turn|2
|
|t:|1785356306
|detailschange|p1b: Floette|Floette-Mega, L50, F
|-mega|p1b: Floette|Floette|Floettite
|-ability|p1b: Floette|Fairy Aura
|move|p1b: Floette|Protect|p1b: Floette
|-singleturn|p1b: Floette|Protect
|move|p2b: Whimsicott|Encore|p1a: Whimsicott
|-start|p1a: Whimsicott|Encore
|move|p1a: Whimsicott|Moonblast|p2b: Whimsicott
|-damage|p2b: Whimsicott|11/100
|move|p2a: Kingambit|Iron Head|p1b: Floette
|-activate|p1b: Floette|move: Protect
|
|upkeep
|turn|3
|inactive|ssooner has 30 seconds left.
|
|t:|1785356338
|switch|p1b: Basculegion|Basculegion, L50, M, shiny|100/100
|move|p2b: Whimsicott|Moonblast|p1a: Whimsicott
|-crit|p1a: Whimsicott
|-damage|p1a: Whimsicott|38/100
|move|p1a: Whimsicott|Moonblast|p2b: Whimsicott
|-damage|p2b: Whimsicott|0 fnt
|faint|p2b: Whimsicott
|move|p2a: Kingambit|Iron Head|p1b: Basculegion
|-resisted|p1b: Basculegion|1
|-damage|p1b: Basculegion|72/100
|
|upkeep
|
|t:|1785356353
|switch|p2b: Staraptor|Staraptor, L50, F|100/100
|-ability|p2b: Staraptor|Intimidate|boost
|-unboost|p1a: Whimsicott|atk|1
|-unboost|p1b: Basculegion|atk|1
|turn|4
|inactive|SuperDialga1275 has 30 seconds left.
|
|t:|1785356380
|switch|p1a: Arcanine|Arcanine-Hisui, L50, M, shiny|100/100
|detailschange|p2b: Staraptor|Staraptor-Mega, L50, F
|-mega|p2b: Staraptor|Staraptor|Staraptite
|move|p2a: Kingambit|Sucker Punch|p1b: Basculegion
|-supereffective|p1b: Basculegion|1
|-damage|p1b: Basculegion|0 fnt
|faint|p1b: Basculegion
|move|p2b: Staraptor|Close Combat|p1a: Arcanine
|-supereffective|p1a: Arcanine|1
|-crit|p1a: Arcanine
|-damage|p1a: Arcanine|0 fnt
|-boost|p2b: Staraptor|def|1
|-boost|p2b: Staraptor|spd|1
|faint|p1a: Arcanine
|
|-sideend|p2: ssooner|move: Tailwind
|upkeep
|
|t:|1785356389
|switch|p1a: Whimsicott|Whimsicott, L50, F, shiny|38/100
|switch|p1b: Floette|Floette-Mega, L50, F|67/100
|-ability|p1b: Floette|Fairy Aura
|turn|5
|
|t:|1785356405
|move|p2b: Staraptor|Protect|p2b: Staraptor
|-singleturn|p2b: Staraptor|Protect
|move|p1a: Whimsicott|Encore|p2b: Staraptor
|-activate|p2b: Staraptor|move: Protect
|move|p1b: Floette|Light of Ruin|p2a: Kingambit
|-damage|p2a: Kingambit|0 fnt
|faint|p2a: Kingambit
|-damage|p1b: Floette|9/100|[from] Recoil
|
|upkeep
|
|t:|1785356413
|switch|p2a: Glimmora|Glimmora, L50, M|100/100
|turn|6
|inactive|SuperDialga1275 has 30 seconds left.
|
|t:|1785356446
|move|p1a: Whimsicott|Tailwind|p1a: Whimsicott
|-sidestart|p1: SuperDialga1275|move: Tailwind
|move|p1b: Floette|Dazzling Gleam|p2a: Glimmora|[spread] p2a,p2b
|-resisted|p2a: Glimmora|1
|-supereffective|p2b: Staraptor|1
|-damage|p2a: Glimmora|69/100
|-damage|p2b: Staraptor|31/100
|move|p2b: Staraptor|Dual Wingbeat|p1b: Floette
|-damage|p1b: Floette|0 fnt
|faint|p1b: Floette
|-hitcount|p1: Floette|1
|move|p2a: Glimmora|Sludge Bomb|p1a: Whimsicott
|-supereffective|p1a: Whimsicott|2
|-damage|p1a: Whimsicott|0 fnt
|faint|p1a: Whimsicott
|
|win|ssooner
