|j|☆Oldcow
|j|☆SengarBlade
|html|OldcowSengarBlade    
|uhtml|bestof|Game 1 of a best-of-3
|t:|1757859816
|gametype|doubles
|player|p1|Oldcow|cyrus|
|player|p2|SengarBlade|shadowtriad|
|gen|9
|tier|[Gen 9] VGC 2025 Reg H (Bo3)
|rule|Species Clause: Limit one of each Pokémon
|rule|Item Clause: Limit 1 of each item
|clearpoke
|poke|p1|Garchomp, L50, F|
|poke|p1|Tyranitar, L50, M|
|poke|p1|Magmar, L50, M|
|poke|p1|Rillaboom, L50, M|
|poke|p1|Primarina, L50, F|
|poke|p1|Hydreigon, L50, F|
|poke|p2|Murkrow, L50, M|
|poke|p2|Tyranitar, L50, M|
|poke|p2|Lycanroc, L50, M|
|poke|p2|Decidueye-Hisui, L50, M|
|poke|p2|Clefable, L50, F|
|poke|p2|Hydreigon, L50, F|
|teampreview|4
|showteam|p1|Garchomp||LifeOrb|SandVeil|DragonClaw,StompingTantrum,RockSlide,Protect|||F|||50|,,,,,Steel]Tyranitar||AssaultVest|SandStream|KnockOff,RockSlide,LowKick,IcePunch|||M|||50|,,,,,Flying]Magmar||Eviolite|VitalSpirit|Overheat,FollowMe,Protect,Taunt|||M|||50|,,,,,Water]Rillaboom||MeadowPlate|GrassySurge|GrassyGlide,HighHorsepower,FakeOut,Uturn|||M|||50|,,,,,Grass]Primarina||SitrusBerry|LiquidVoice|HyperVoice,Moonblast,Protect,Haze|||F|||50|,,,,,Ghost]Hydreigon||CovertCloak|Levitate|DarkPulse,DracoMeteor,Tailwind,Protect|||F|||50|,,,,,Poison
|showteam|p2|Murkrow||Eviolite|Prankster|FoulPlay,Tailwind,Haze,Protect|||M|||50|,,,,,Steel]Tyranitar||ClearAmulet|SandStream|RockSlide,KnockOff,TeraBlast,Protect|||M|||50|,,,,,Flying]Lycanroc||FocusSash|SandRush|RockSlide,Accelerock,Endeavor,Endure|||M|||50|,,,,,Ghost]Decidueye-Hisui||LifeOrb|Scrappy|CloseCombat,LeafBlade,UpperHand,Protect|||M|||50|,,,,,Ghost]Clefable||SafetyGoggles|Unaware|Moonblast,FollowMe,HelpingHand,Protect|||F|||50|,,,,,Water]Hydreigon||AguavBerry|Levitate|DracoMeteor,DarkPulse,Snarl,Protect|||F|||50|,,,,,Poison
|j| jowemama
|j| KyleTampy
|
|t:|1757859907
|teamsize|p1|4
|teamsize|p2|4
|start
|switch|p1a: Garchomp|Garchomp, L50, F|100/100
|switch|p1b: Magmar|Magmar, L50, M|100/100
|switch|p2a: Hydreigon|Hydreigon, L50, F|100/100
|switch|p2b: Lycanroc|Lycanroc, L50, M|100/100
|turn|1
|inactive|Battle timer is ON: inactive players will automatically lose when time's up. (requested by Oldcow)
|inactive|Oldcow has 60 seconds left.
|inactive|SengarBlade has 60 seconds left.
|
|t:|1757859951
|move|p2a: Hydreigon|Protect|p2a: Hydreigon
|-singleturn|p2a: Hydreigon|Protect
|move|p1b: Magmar|Follow Me|p1b: Magmar
|-singleturn|p1b: Magmar|move: Follow Me
|move|p2b: Lycanroc|Rock Slide|p1a: Garchomp|[spread] p1b
|-miss|p2b: Lycanroc|p1a: Garchomp
|-supereffective|p1b: Magmar
|-damage|p1b: Magmar|52/100
|move|p1a: Garchomp|Rock Slide|p2a: Hydreigon|[spread] p2b
|-activate|p2a: Hydreigon|move: Protect
|-damage|p2b: Lycanroc|57/100
|-damage|p1a: Garchomp|91/100|[from] item: Life Orb
|
|upkeep
|turn|2
|inactive|Oldcow has 30 seconds left.
|inactive|SengarBlade has 30 seconds left.
|inactive|Oldcow has 20 seconds left.
|inactive|SengarBlade has 20 seconds left.
|
|t:|1757859990
|switch|p1b: Rillaboom|Rillaboom, L50, M|100/100
|-fieldstart|move: Grassy Terrain|[from] ability: Grassy Surge|[of] p1b: Rillaboom
|-terastallize|p1a: Garchomp|Steel
|move|p2b: Lycanroc|Endure|p2b: Lycanroc
|-singleturn|p2b: Lycanroc|move: Endure
|move|p2a: Hydreigon|Draco Meteor|p1a: Garchomp
|-resisted|p1a: Garchomp
|-damage|p1a: Garchomp|56/100
|-unboost|p2a: Hydreigon|spa|2
|move|p1a: Garchomp|Dragon Claw|p2a: Hydreigon
|-supereffective|p2a: Hydreigon
|-damage|p2a: Hydreigon|0 fnt
|faint|p2a: Hydreigon
|-damage|p1a: Garchomp|46/100|[from] item: Life Orb
|
|-heal|p2b: Lycanroc|63/100|[from] Grassy Terrain
|-heal|p1a: Garchomp|52/100|[from] Grassy Terrain
|upkeep
|
|t:|1757860012
|switch|p2a: Tyranitar|Tyranitar, L50, M|100/100
|-weather|Sandstorm|[from] ability: Sand Stream|[of] p2a: Tyranitar
|turn|3
|inactive|Oldcow has 30 seconds left.
|inactive|SengarBlade has 30 seconds left.
|
|t:|1757860045
|-terastallize|p2a: Tyranitar|Flying
|move|p2b: Lycanroc|Endure||[still]
|-fail|p2b: Lycanroc
|move|p1b: Rillaboom|Fake Out|p2b: Lycanroc
|-resisted|p2b: Lycanroc
|-damage|p2b: Lycanroc|51/100
|move|p1a: Garchomp|Rock Slide|p2b: Lycanroc|[spread] p2a,p2b
|-supereffective|p2a: Tyranitar
|-damage|p2a: Tyranitar|55/100
|-damage|p2b: Lycanroc|4/100
|-damage|p1a: Garchomp|43/100|[from] item: Life Orb
|cant|p2a: Tyranitar|flinch
|
|-weather|Sandstorm|[upkeep]
|-damage|p1b: Rillaboom|95/100|[from] Sandstorm
|-damage|p2a: Tyranitar|49/100|[from] Sandstorm
|-heal|p2b: Lycanroc|10/100|[from] Grassy Terrain
|-heal|p1a: Garchomp|49/100|[from] Grassy Terrain
|-heal|p1b: Rillaboom|100/100|[from] Grassy Terrain
|upkeep
|turn|4
|inactive|SengarBlade has 30 seconds left.
|
|t:|1757860078
|switch|p1a: Magmar|Magmar, L50, M|52/100
|move|p1b: Rillaboom|Grassy Glide|p2b: Lycanroc
|-supereffective|p2b: Lycanroc
|-damage|p2b: Lycanroc|0 fnt
|faint|p2b: Lycanroc
|move|p2a: Tyranitar|Tera Blast|p1b: Rillaboom|[anim] Tera Blast Flying
|-supereffective|p1b: Rillaboom
|-crit|p1b: Rillaboom
|-damage|p1b: Rillaboom|0 fnt
|faint|p1b: Rillaboom
|
|-weather|Sandstorm|[upkeep]
|-damage|p1a: Magmar|46/100|[from] Sandstorm
|-damage|p2a: Tyranitar|42/100|[from] Sandstorm
|-heal|p1a: Magmar|52/100|[from] Grassy Terrain
|upkeep
|
|t:|1757860096
|switch|p2b: Clefable|Clefable, L50, F|100/100
|switch|p1b: Primarina|Primarina, L50, F|100/100
|turn|5
|inactive|Oldcow has 30 seconds left.
|inactive|SengarBlade has 30 seconds left.
|
|t:|1757860129
|move|p1a: Magmar|Taunt|p2b: Clefable
|-start|p2b: Clefable|move: Taunt
|move|p2a: Tyranitar|Rock Slide|p1b: Primarina|[spread] p1a,p1b
|-supereffective|p1a: Magmar
|-damage|p1a: Magmar|0 fnt
|-damage|p1b: Primarina|67/100
|faint|p1a: Magmar
|move|p1b: Primarina|Moonblast|p2a: Tyranitar
|-damage|p2a: Tyranitar|0 fnt
|faint|p2a: Tyranitar
|move|p2b: Clefable|Moonblast|p1b: Primarina
|-crit|p1b: Primarina
|-damage|p1b: Primarina|25/100
|-enditem|p1b: Primarina|Sitrus Berry|[eat]
|-heal|p1b: Primarina|49/100|[from] item: Sitrus Berry
|
|-weather|Sandstorm|[upkeep]
|-damage|p1b: Primarina|44/100|[from] Sandstorm
|-heal|p1b: Primarina|49/100|[from] Grassy Terrain
|upkeep
|
|t:|1757860146
|switch|p1a: Garchomp|Garchomp, L50, F, tera:Steel|49/100
|turn|6
|
|t:|1757860164
|move|p1a: Garchomp|Stomping Tantrum|p2b: Clefable
|-damage|p2b: Clefable|36/100
|-damage|p1a: Garchomp|39/100|[from] item: Life Orb
|move|p1b: Primarina|Moonblast|p2b: Clefable
|-damage|p2b: Clefable|0 fnt
|faint|p2b: Clefable
|
|win|Oldcow
||SengarBlade is ready for game 2.
|inactive|Oldcow has 30 seconds to confirm battle start!
||Oldcow is ready for game 2.
|uhtml|next|Next: Game 2 of 3
|l| jowemama
