|j|☆moh_5m5
|j|☆BeatrizPinzon64
|html|moh_5m5BeatrizPinzon64    
|uhtml|bestof|Game 2 of a best-of-3
|t:|1782429579
|gametype|doubles
|player|p1|moh_5m5|265|1036
|player|p2|BeatrizPinzon64|clerkf|1072
|gen|9
|tier|[Gen 9 Champions] VGC 2026 Reg M-B (Bo3)
|rated|
|rule|Species Clause: Limit one of each Pokémon
|rule|Item Clause: Limit 1 of each item
|clearpoke
|poke|p1|Staraptor, L50, F, shiny|
|poke|p1|Espathra, L50, M|
|poke|p1|Sinistcha-Masterpiece, L50, shiny|
|poke|p1|Meowscarada, L50, M|
|poke|p1|Sneasler, L50, F|
|poke|p1|Palafin, L50, M, shiny|
|poke|p2|Metagross, L50|
|poke|p2|Floette-Eternal, L50, F|
|poke|p2|Whimsicott, L50, F|
|poke|p2|Garchomp, L50, F|
|poke|p2|Kingambit, L50, M|
|poke|p2|Sneasler, L50, F|
|teampreview|4
|showteam|p1|Staraptor||Staraptite|Intimidate|Protect,CloseCombat,DualWingbeat,BlazeKick|Jolly||F|||50|]Espathra||Leftovers|SpeedBoost|Protect,Psychic,BatonPass,FeatherDance|Serious||M|||50|]Sinistcha-Masterpiece||QuickClaw|Hospitality|Protect,MatchaGotcha,RagePowder,TrickRoom|Modest|||||50|]Meowscarada||ChoiceScarf|Protean|FlowerTrick,PlayRough,Uturn,KnockOff|Jolly||M|||50|]Sneasler||WhiteHerb|Unburden|Protect,FakeOut,CloseCombat,DireClaw|Adamant||F|||50|]Palafin||MysticWater|ZerotoHero|Protect,FlipTurn,IcyWind,WaveCrash|Adamant||M|||50|
|showteam|p2|Metagross||Metagrossite|ClearBody|IcePunch,IronHead,PsychicFangs,Protect|Jolly|||||50|]Floette-Eternal||Floettite|FlowerVeil|LightofRuin,Moonblast,DazzlingGleam,Protect|Timid||F|||50|]Whimsicott||FocusSash|Prankster|Moonblast,Tailwind,EnergyBall,Encore|Timid||F|||50|]Garchomp||LifeOrb|RoughSkin|DragonClaw,RockTomb,StompingTantrum,Protect|Jolly||F|||50|]Kingambit||ChopleBerry|Defiant|SuckerPunch,KowtowCleave,IronHead,Protect|Adamant||M|||50|]Sneasler||WhiteHerb|Unburden|CloseCombat,DireClaw,FakeOut,Protect|Jolly||F|||50|
|
|t:|1782429617
|teamsize|p1|4
|teamsize|p2|4
|start
|switch|p1a: Sneasler|Sneasler, L50, F|100/100
|switch|p1b: Palafin|Palafin, L50, M, shiny|100/100
|switch|p2a: Metagross|Metagross, L50|100/100
|switch|p2b: Kingambit|Kingambit, L50, M|100/100
|turn|1
|inactive|Battle timer is ON: inactive players will automatically lose when time's up. (requested by moh_5m5)
|
|t:|1782429650
|detailschange|p2a: Metagross|Metagross-Mega, L50
|-mega|p2a: Metagross|Metagross|Metagrossite
|move|p1a: Sneasler|Fake Out|p2a: Metagross
|-resisted|p2a: Metagross|1
|-damage|p2a: Metagross|94/100
|cant|p2a: Metagross|flinch
|move|p1b: Palafin|Icy Wind|p2b: Kingambit|[spread] p2a,p2b
|-resisted|p2a: Metagross|1
|-resisted|p2b: Kingambit|1
|-damage|p2a: Metagross|92/100
|-damage|p2b: Kingambit|97/100
|-unboost|p2a: Metagross|spe|1
|-unboost|p2b: Kingambit|spe|1
|-ability|p2b: Kingambit|Defiant|boost
|-boost|p2b: Kingambit|atk|2
|move|p2b: Kingambit|Kowtow Cleave|p1b: Palafin
|-damage|p1b: Palafin|0 fnt
|faint|p1b: Palafin
|
|upkeep
|
|t:|1782429673
|switch|p1b: Espathra|Espathra, L50, M|100/100
|turn|2
|
|t:|1782429687
|switch|p2b: Whimsicott|Whimsicott, L50, F|100/100
|move|p1a: Sneasler|Close Combat|p2b: Whimsicott
|-resisted|p2b: Whimsicott|1
|-damage|p2b: Whimsicott|50/100g
|-unboost|p1a: Sneasler|def|1
|-unboost|p1a: Sneasler|spd|1
|-enditem|p1a: Sneasler|White Herb
|-clearnegativeboost|p1a: Sneasler|[silent]
|move|p1b: Espathra|Feather Dance|p2a: Metagross
|-unboost|p2a: Metagross|atk|2
|move|p2a: Metagross|Psychic Fangs|p1a: Sneasler
|-supereffective|p1a: Sneasler|2
|-damage|p1a: Sneasler|0 fnt
|faint|p1a: Sneasler
|
|-ability|p1b: Espathra|Speed Boost|boost
|-boost|p1b: Espathra|spe|1
|upkeep
|
|t:|1782429703
|switch|p1a: Staraptor|Staraptor, L50, F, shiny|100/100
|-ability|p1a: Staraptor|Intimidate|boost
|-unboost|p2a: Metagross|atk|1
|-unboost|p2b: Whimsicott|atk|1
|turn|3
|
|t:|1782429716
|switch|p2a: Sneasler|Sneasler, L50, F|100/100
|detailschange|p1a: Staraptor|Staraptor-Mega, L50, F, shiny
|-mega|p1a: Staraptor|Staraptor|Staraptite
|move|p2b: Whimsicott|Tailwind|p2b: Whimsicott
|-sidestart|p2: BeatrizPinzon64|move: Tailwind
|move|p1b: Espathra|Feather Dance|p1a: Staraptor
|-boost|p1a: Staraptor|atk|2
|move|p1a: Staraptor|Blaze Kick|p2a: Sneasler
|-damage|p2a: Sneasler|9/100
|
|-ability|p1b: Espathra|Speed Boost|boost
|-boost|p1b: Espathra|spe|1
|upkeep
|turn|4
|inactive|moh_5m5 has 30 seconds left.
|
|t:|1782429743
|move|p2a: Sneasler|Fake Out|p1a: Staraptor
|-damage|p1a: Staraptor|87/100
|move|p2b: Whimsicott|Encore|p1b: Espathra
|-start|p1b: Espathra|Encore
|move|p1b: Espathra|Feather Dance|p2b: Whimsicott
|-unboost|p2b: Whimsicott|atk|2
|cant|p1a: Staraptor|flinch
|
|-ability|p1b: Espathra|Speed Boost|boost
|-boost|p1b: Espathra|spe|1
|upkeep
|turn|5
|inactive|BeatrizPinzon64 has 30 seconds left.
|
|t:|1782429769
|move|p2b: Whimsicott|Encore|p1a: Staraptor
|-start|p1a: Staraptor|Encore
|move|p2a: Sneasler|Dire Claw|p1a: Staraptor
|-damage|p1a: Staraptor|50/100g
|move|p1b: Espathra|Feather Dance|p1a: Staraptor
|-boost|p1a: Staraptor|atk|2
|move|p1a: Staraptor|Blaze Kick|p2b: Whimsicott
|-supereffective|p2b: Whimsicott|1
|-damage|p2b: Whimsicott|0 fnt
|faint|p2b: Whimsicott
|
|-ability|p1b: Espathra|Speed Boost|boost
|-boost|p1b: Espathra|spe|1
|upkeep
|
|t:|1782429781
|switch|p2b: Metagross|Metagross-Mega, L50|92/100
|turn|6
|
|t:|1782429789
|move|p2a: Sneasler|Dire Claw|p1b: Espathra
|-damage|p1b: Espathra|47/100
|move|p1b: Espathra|Feather Dance|p1a: Staraptor
|-boost|p1a: Staraptor|atk|2
|move|p2b: Metagross|Psychic Fangs|p1a: Staraptor
|-supereffective|p1a: Staraptor|1
|-damage|p1a: Staraptor|0 fnt
|faint|p1a: Staraptor
|
|-heal|p1b: Espathra|53/100|[from] item: Leftovers
|-end|p1b: Espathra|Encore
|-sideend|p2: BeatrizPinzon64|move: Tailwind
|-ability|p1b: Espathra|Speed Boost|boost
|-boost|p1b: Espathra|spe|1
|upkeep
|turn|7
|-message|moh_5m5 forfeited.
|
|win|BeatrizPinzon64
|raw|moh_5m5's rating: 1036 → 1022(-14 for losing)
|raw|BeatrizPinzon64's rating: 1072 → 1098(+26 for winning)
|l|☆moh_5m5
|player|p1|
