|j|☆Shrub_01
|j|☆asmodeo666
|html|Shrub_01asmodeo666    
|uhtml|bestof|Game 1 of a best-of-3
|t:|1757762966
|gametype|doubles
|player|p1|Shrub_01|norman|1129
|player|p2|asmodeo666|1|1181
|gen|9
|tier|[Gen 9] VGC 2025 Reg H (Bo3)
|rated|
|rule|Species Clause: Limit one of each Pokémon
|rule|Item Clause: Limit 1 of each item
|clearpoke
|poke|p1|Amoonguss, L50, M|
|poke|p1|Incineroar, L50, F|
|poke|p1|Porygon2, L50|
|poke|p1|Ursaluna, L50, M|
|poke|p1|Gholdengo, L50|
|poke|p1|Dragonite, L50, F|
|poke|p2|Bronzong, L50|
|poke|p2|Ursaluna, L50, F|
|poke|p2|Sinistcha, L50|
|poke|p2|Incineroar, L50, F|
|poke|p2|Grimmsnarl, L50, M|
|poke|p2|Pelipper, L50, M|
|teampreview|4
|showteam|p1|Amoonguss||SitrusBerry|Regenerator|PollenPuff,Spore,RagePowder,Protect|||M|||50|,,,,,Water]Incineroar||SafetyGoggles|Intimidate|FakeOut,KnockOff,FlareBlitz,PartingShot|||F|||50|,,,,,Ghost]Porygon2||Eviolite|Download|TeraBlast,IceBeam,Recover,TrickRoom||||||50|,,,,,Fighting]Ursaluna||FlameOrb|Guts|Facade,Earthquake,HeadlongRush,Protect|||M|||50|,,,,,Ghost]Gholdengo||LifeOrb|GoodasGold|MakeItRain,ShadowBall,NastyPlot,Protect||||||50|,,,,,Water]Dragonite||LoadedDice|Multiscale|ScaleShot,Haze,Tailwind,Protect|||F|||50|,,,,,Steel
|showteam|p2|Bronzong||SitrusBerry|Levitate|TrickRoom,HeavySlam,BodyPress,Protect||||||50|,,,,,Water]Ursaluna||FlameOrb|Guts|Facade,HeadlongRush,Earthquake,Protect|||F|||50|,,,,,Ghost]Sinistcha||MentalHerb|Hospitality|MatchaGotcha,RagePowder,TrickRoom,Protect||||||50|,,,,,Dark]Incineroar||AssaultVest|Intimidate|FakeOut,FlareBlitz,KnockOff,Uturn|||F|||50|,,,,,Flying]Grimmsnarl||LightClay|Prankster|FakeOut,SpiritBreak,Reflect,LightScreen|||M|||50|,,,,,Steel]Pelipper||SafetyGoggles|Drizzle|WeatherBall,Hurricane,WideGuard,Protect|||M|||50|,,,,,Dragon
|inactive|Battle timer is ON: inactive players will automatically lose when time's up. (requested by Shrub_01)
|inactive|Shrub_01 has 60 seconds left.
|inactive|asmodeo666 has 60 seconds left.
|inactive|Shrub_01 has 30 seconds left.
|inactive|asmodeo666 has 30 seconds left.
|inactive|Shrub_01 has 20 seconds left.
|inactive|Shrub_01 has 15 seconds left.
|inactive|Shrub_01 has 10 seconds left.
|
|t:|1757763047
|teamsize|p1|4
|teamsize|p2|4
|start
|switch|p1a: Porygon42|Porygon2, L50|100/100
|switch|p1b: Ursaluma|Ursaluna, L50, M|100/100
|switch|p2a: Sinistcha|Sinistcha, L50|100/100
|switch|p2b: Incineroar|Incineroar, L50, F|100/100
|-ability|p1a: Porygon42|Download|boost
|-boost|p1a: Porygon42|spa|1
|-ability|p2b: Incineroar|Intimidate|boost
|-unboost|p1a: Porygon42|atk|1
|-unboost|p1b: Ursaluma|atk|1
|turn|1
|inactive|Shrub_01 has 30 seconds left.
|
|t:|1757763076
|move|p2a: Sinistcha|Protect|p2a: Sinistcha
|-singleturn|p2a: Sinistcha|Protect
|move|p1a: Porygon42|Ice Beam|p2a: Sinistcha
|-activate|p2a: Sinistcha|move: Protect
|move|p1b: Ursaluma|Headlong Rush|p2b: Incineroar
|-supereffective|p2b: Incineroar
|-damage|p2b: Incineroar|31/100
|-unboost|p1b: Ursaluma|def|1
|-unboost|p1b: Ursaluma|spd|1
|move|p2b: Incineroar|Knock Off|p1a: Porygon42
|-damage|p1a: Porygon42|77/100
|-enditem|p1a: Porygon42|Eviolite|[from] move: Knock Off|[of] p2b: Incineroar
|
|-status|p1b: Ursaluma|brn|[from] item: Flame Orb
|upkeep
|turn|2
|
|t:|1757763100
|move|p1a: Porygon42|Ice Beam|p2a: Sinistcha
|-supereffective|p2a: Sinistcha
|-damage|p2a: Sinistcha|42/100
|-status|p2a: Sinistcha|frz
|move|p1b: Ursaluma|Facade|p2b: Incineroar
|-damage|p2b: Incineroar|0 fnt
|faint|p2b: Incineroar
|-curestatus|p2a: Sinistcha|frz|[from] move: Matcha Gotcha
|move|p2a: Sinistcha|Matcha Gotcha|p1a: Porygon42|[spread] p1a,p1b
|-supereffective|p1b: Ursaluma
|-damage|p1a: Porygon42|59/100
|-heal|p2a: Sinistcha|52/100|[from] drain|[of] p1a: Porygon42
|-damage|p1b: Ursaluma|35/100 brn
|-heal|p2a: Sinistcha|95/100|[from] drain|[of] p1b: Ursaluma
|-status|p1a: Porygon42|brn
|
|-damage|p1a: Porygon42|53/100 brn|[from] brn
|-damage|p1b: Ursaluma|29/100 brn|[from] brn
|upkeep
|
|t:|1757763115
|switch|p2b: Pelipper|Pelipper, L50, M|100/100
|-weather|RainDance|[from] ability: Drizzle|[of] p2b: Pelipper
|turn|3
|
|t:|1757763137
|move|p1b: Ursaluma|Protect|p1b: Ursaluma
|-singleturn|p1b: Ursaluma|Protect
|move|p1a: Porygon42|Ice Beam|p2a: Sinistcha
|-supereffective|p2a: Sinistcha
|-damage|p2a: Sinistcha|33/100
|-status|p2a: Sinistcha|frz
|move|p2b: Pelipper|Weather Ball|p1a: Porygon42
|-damage|p1a: Porygon42|6/100 brn
|cant|p2a: Sinistcha|frz
|
|-weather|RainDance|[upkeep]
|-damage|p1a: Porygon42|0 fnt|[from] brn
|faint|p1a: Porygon42
|-damage|p1b: Ursaluma|23/100 brn|[from] brn
|upkeep
|c|☆asmodeo666|wow
|
|t:|1757763151
|switch|p1a: Amonguss|Amoonguss, L50, M, shiny|100/100
|turn|4
|inactive|Shrub_01 has 30 seconds left.
|
|t:|1757763180
|switch|p1b: Ghodengo|Gholdengo, L50|100/100
|move|p1a: Amonguss|Protect|p1a: Amonguss
|-singleturn|p1a: Amonguss|Protect
|-curestatus|p2a: Sinistcha|frz|[from] move: Matcha Gotcha
|move|p2a: Sinistcha|Matcha Gotcha|p1a: Amonguss|[spread] p1b
|-activate|p1a: Amonguss|move: Protect
|-resisted|p1b: Ghodengo
|-damage|p1b: Ghodengo|88/100
|-heal|p2a: Sinistcha|39/100|[from] drain|[of] p1b: Ghodengo
|move|p2b: Pelipper|Hurricane|p1a: Amonguss
|-activate|p1a: Amonguss|move: Protect
|
|-weather|RainDance|[upkeep]
|upkeep
|turn|5
|inactive|Shrub_01 has 30 seconds left.
|
|t:|1757763207
|-terastallize|p2a: Sinistcha|Dark
|move|p2b: Pelipper|Wide Guard|p2b: Pelipper
|-singleturn|p2b: Pelipper|Wide Guard
|move|p1b: Ghodengo|Shadow Ball|p2a: Sinistcha
|-resisted|p2a: Sinistcha
|-damage|p2a: Sinistcha|16/100
|-damage|p1b: Ghodengo|78/100|[from] item: Life Orb
|move|p1a: Amonguss|Spore|p2b: Pelipper
|-activate|p2b: Pelipper|item: Safety Goggles|Spore
|move|p2a: Sinistcha|Trick Room|p2a: Sinistcha
|-fieldstart|move: Trick Room|[of] p2a: Sinistcha
|
|-weather|RainDance|[upkeep]
|upkeep
|turn|6
|
|t:|1757763227
|switch|p1b: Ursaluma|Ursaluna, L50, M|23/100 brn
|move|p1a: Amonguss|Pollen Puff|p1b: Ursaluma
|-heal|p1b: Ursaluma|73/100 brn
|move|p2b: Pelipper|Hurricane|p1a: Amonguss
|-supereffective|p1a: Amonguss
|-damage|p1a: Amonguss|30/100
|-enditem|p1a: Amonguss|Sitrus Berry|[eat]
|-heal|p1a: Amonguss|55/100|[from] item: Sitrus Berry
|move|p2a: Sinistcha|Matcha Gotcha|p1a: Amonguss|[spread] p1a,p1b
|-resisted|p1a: Amonguss
|-supereffective|p1b: Ursaluma
|-damage|p1a: Amonguss|51/100
|-heal|p2a: Sinistcha|19/100|[from] drain|[of] p1a: Amonguss
|-damage|p1b: Ursaluma|27/100 brn
|-heal|p2a: Sinistcha|49/100|[from] drain|[of] p1b: Ursaluma
|
|-weather|RainDance|[upkeep]
|-damage|p1b: Ursaluma|21/100 brn|[from] brn
|upkeep
|turn|7
|inactive|Shrub_01 has 30 seconds left.
|
|t:|1757763255
|move|p2a: Sinistcha|Rage Powder|p2a: Sinistcha
|-singleturn|p2a: Sinistcha|move: Rage Powder
|move|p1a: Amonguss|Pollen Puff|p1b: Ursaluma
|-heal|p1b: Ursaluma|71/100 brn
|move|p2b: Pelipper|Hurricane|p1a: Amonguss
|-supereffective|p1a: Amonguss
|-damage|p1a: Amonguss|0 fnt
|faint|p1a: Amonguss
|move|p1b: Ursaluma|Facade|p2a: Sinistcha
|-damage|p2a: Sinistcha|0 fnt
|faint|p2a: Sinistcha
|
|-weather|none
|-damage|p1b: Ursaluma|65/100 brn|[from] brn
|upkeep
|
|t:|1757763269
|switch|p1a: Ghodengo|Gholdengo, L50|78/100
|switch|p2a: Ursaluna|Ursaluna, L50, F|100/100
|turn|8
|inactive|Shrub_01 has 30 seconds left.
|
|t:|1757763296
|-terastallize|p1b: Ursaluma|Ghost
|move|p1a: Ghodengo|Protect|p1a: Ghodengo
|-singleturn|p1a: Ghodengo|Protect
|move|p2a: Ursaluna|Headlong Rush|p1a: Ghodengo
|-activate|p1a: Ghodengo|move: Protect
|move|p2b: Pelipper|Hurricane|p1b: Ursaluma
|-damage|p1b: Ursaluma|18/100 brn
|move|p1b: Ursaluma|Headlong Rush|p2a: Ursaluna
|-damage|p2a: Ursaluna|18/100
|-unboost|p1b: Ursaluma|def|1
|-unboost|p1b: Ursaluma|spd|1
|
|-damage|p1b: Ursaluma|12/100 brn|[from] brn
|-status|p2a: Ursaluna|brn|[from] item: Flame Orb
|upkeep
|turn|9
|inactive|Shrub_01 has 30 seconds left.
|
|t:|1757763330
|move|p2a: Ursaluna|Earthquake|p1b: Ursaluma|[spread] p1a,p1b
|-immune|p2b: Pelipper
|-supereffective|p1a: Ghodengo
|-damage|p1a: Ghodengo|0 fnt
|-damage|p1b: Ursaluma|0 fnt
|faint|p1a: Ghodengo
|faint|p1b: Ursaluma
|
|win|asmodeo666
||asmodeo666 is ready for game 2.
||Shrub_01 is ready for game 2.
|uhtml|next|Next: Game 2 of 3
|l|☆asmodeo666
|player|p2|
