|j|☆heatvw
|j|☆azuredreamer vg
|html|heatvwazuredreamer vg    
|uhtml|bestof|Game 2 of a best-of-3
|t:|1756947992
|gametype|doubles
|player|p1|heatvw|gambler|1189
|player|p2|azuredreamer vg|101|1314
|gen|9
|tier|[Gen 9] VGC 2025 Reg H (Bo3)
|rated|
|rule|Species Clause: Limit one of each Pokémon
|rule|Item Clause: Limit 1 of each item
|clearpoke
|poke|p1|Flamigo, L50, F|
|poke|p1|Ninetales-Alola, L50, F|
|poke|p1|Garchomp, L50, M|
|poke|p1|Incineroar, L50, F|
|poke|p1|Amoonguss, L50, M|
|poke|p1|Kingambit, L50, F|
|poke|p2|Annihilape, L50, F|
|poke|p2|Whimsicott, L50, M|
|poke|p2|Gholdengo, L50|
|poke|p2|Sneasler, L50, M|
|poke|p2|Ursaluna-Bloodmoon, L50, M|
|poke|p2|Dragonite, L50, F|
|teampreview|4
|showteam|p1|Flamigo||ChoiceBand|Scrappy|Uturn,CloseCombat,BraveBird,Facade|||F|||50|,,,,,Stellar]Ninetales-Alola||FocusSash|SnowWarning|Protect,Encore,IcyWind,Blizzard|||F|||50|,,,,,Ghost]Garchomp||LifeOrb|RoughSkin|DragonClaw,StompingTantrum,Earthquake,Protect|||M|||50|,,,,,Ground]Incineroar||SafetyGoggles|Intimidate|FakeOut,FlareBlitz,KnockOff,PartingShot|||F|||50|,,,,,Ghost]Amoonguss||SitrusBerry|Regenerator|Spore,RagePowder,PollenPuff,Protect|||M|||50|,,,,,Water]Kingambit||AssaultVest|Defiant|KowtowCleave,IronHead,LowKick,SuckerPunch|||F|||50|,,,,,Fire
|showteam|p2|Annihilape||ChoiceScarf|Defiant|FinalGambit,RageFist,Uturn,CloseCombat|||F|||50|,,,,,Grass]Whimsicott||CovertCloak|Prankster|BeatUp,Moonblast,Tailwind,FakeTears|||M|||50|,,,,,Fire]Gholdengo||ChoiceSpecs|GoodasGold|MakeItRain,ShadowBall,Trick,PowerGem||||||50|,,,,,Steel]Sneasler||FocusSash|PoisonTouch|DireClaw,Protect,CloseCombat,Coaching|||M|||50|,,,,,Ghost]Ursaluna-Bloodmoon||LifeOrb|MindsEye|Protect,HyperVoice,BloodMoon,EarthPower|||M|||50|,,,,,Normal]Dragonite||LoadedDice|Multiscale|ScaleShot,LowKick,Haze,Protect|||F|||50|,,,,,Steel
|inactive|Battle timer is ON: inactive players will automatically lose when time's up. (requested by heatvw)
|inactive|azuredreamer vg also wants the timer to be on.
|inactive|azuredreamer vg has 60 seconds left.
|
|t:|1756948028
|teamsize|p1|4
|teamsize|p2|4
|start
|switch|p1a: Ninetales|Ninetales-Alola, L50, F|100/100
|switch|p1b: Garchomp|Garchomp, L50, M, shiny|100/100
|switch|p2a: fg ape|Annihilape, L50, F|100/100
|switch|p2b: Whimsicott|Whimsicott, L50, M|100/100
|-weather|Snowscape|[from] ability: Snow Warning|[of] p1a: Ninetales
|turn|1
|inactive|heatvw has 30 seconds left.
|inactive|azuredreamer vg has 30 seconds left.
|inactive|azuredreamer vg has 20 seconds left.
|inactive|azuredreamer vg has 15 seconds left.
|inactive|azuredreamer vg has 10 seconds left.
|inactive|azuredreamer vg has 5 seconds left.
|
|t:|1756948081
|move|p2b: Whimsicott|Moonblast|p1a: Ninetales
|-damage|p1a: Ninetales|64/100
|move|p2a: fg ape|Rage Fist|p1a: Ninetales
|-damage|p1a: Ninetales|37/100
|move|p1a: Ninetales|Blizzard|p2a: fg ape|[spread] p2a,p2b
|-supereffective|p2b: Whimsicott
|-damage|p2a: fg ape|71/100
|-damage|p2b: Whimsicott|10/100
|move|p1b: Garchomp|Dragon Claw|p2a: fg ape
|-damage|p2a: fg ape|19/100
|-damage|p1b: Garchomp|91/100|[from] item: Life Orb
|
|-weather|Snowscape|[upkeep]
|upkeep
|turn|2
|inactive|azuredreamer vg has 30 seconds left.
|inactive|azuredreamer vg has 20 seconds left.
|inactive|azuredreamer vg has 15 seconds left.
|inactive|azuredreamer vg has 10 seconds left.
|inactive|azuredreamer vg has 5 seconds left.
|
|t:|1756948131
|-terastallize|p1b: Garchomp|Ground
|move|p1a: Ninetales|Protect|p1a: Ninetales
|-singleturn|p1a: Ninetales|Protect
|move|p2b: Whimsicott|Moonblast|p1b: Garchomp
|-damage|p1b: Garchomp|62/100
|-unboost|p1b: Garchomp|spa|1
|move|p2a: fg ape|Rage Fist|p1a: Ninetales
|-activate|p1a: Ninetales|move: Protect
|move|p1b: Garchomp|Earthquake|p2b: Whimsicott|[spread] p2a,p2b
|-activate|p1a: Ninetales|move: Protect
|-resisted|p2b: Whimsicott
|-damage|p2a: fg ape|0 fnt
|-damage|p2b: Whimsicott|0 fnt
|faint|p2a: fg ape
|faint|p2b: Whimsicott
|-damage|p1b: Garchomp|52/100|[from] item: Life Orb
|
|-weather|Snowscape|[upkeep]
|upkeep
|
|t:|1756948155
|switch|p2b: fg dnite|Dragonite, L50, F, shiny|100/100
|switch|p2a: fg sneas|Sneasler, L50, M, shiny|100/100
|turn|3
|inactive|azuredreamer vg has 30 seconds left.
|inactive|azuredreamer vg has 20 seconds left.
|inactive|azuredreamer vg has 15 seconds left.
|inactive|azuredreamer vg has 10 seconds left.
|
|t:|1756948203
|move|p2a: fg sneas|Dire Claw|p1a: Ninetales
|-supereffective|p1a: Ninetales
|-damage|p1a: Ninetales|0 fnt
|faint|p1a: Ninetales
|move|p1b: Garchomp|Earthquake|p2b: fg dnite|[spread] p2a
|-immune|p2b: fg dnite
|-supereffective|p2a: fg sneas
|-enditem|p2a: fg sneas|Focus Sash
|-damage|p2a: fg sneas|1/100
|-damage|p1b: Garchomp|43/100|[from] item: Life Orb
|move|p2b: fg dnite|Scale Shot|p1b: Garchomp
|-damage|p1b: Garchomp|28/100
|-damage|p1b: Garchomp|14/100
|-damage|p1b: Garchomp|0 fnt
|faint|p1b: Garchomp
|-hitcount|p1: Garchomp|3
|-unboost|p2b: fg dnite|def|1
|-boost|p2b: fg dnite|spe|1
|
|-weather|Snowscape|[upkeep]
|upkeep
|
|t:|1756948209
|switch|p1a: Incineroar|Incineroar, L50, F, shiny|100/100
|switch|p1b: Flamigo|Flamigo, L50, F, shiny|100/100
|-ability|p1a: Incineroar|Intimidate|boost
|-unboost|p2a: fg sneas|atk|1
|-unboost|p2b: fg dnite|atk|1
|turn|4
|inactive|azuredreamer vg has 30 seconds left.
|inactive|heatvw has 30 seconds left.
|inactive|azuredreamer vg has 20 seconds left.
|inactive|azuredreamer vg has 15 seconds left.
|inactive|azuredreamer vg has 10 seconds left.
|
|t:|1756948256
|move|p2b: fg dnite|Protect|p2b: fg dnite
|-singleturn|p2b: fg dnite|Protect
|move|p2a: fg sneas|Protect|p2a: fg sneas
|-singleturn|p2a: fg sneas|Protect
|move|p1a: Incineroar|Fake Out|p2b: fg dnite
|-activate|p2b: fg dnite|move: Protect
|move|p1b: Flamigo|Close Combat|p2a: fg sneas
|-activate|p2a: fg sneas|move: Protect
|
|-weather|Snowscape|[upkeep]
|upkeep
|turn|5
|inactive|azuredreamer vg has 30 seconds left.
|inactive|azuredreamer vg has 20 seconds left.
|inactive|azuredreamer vg has 15 seconds left.
|
|t:|1756948298
|move|p2b: fg dnite|Low Kick|p1a: Incineroar
|-supereffective|p1a: Incineroar
|-damage|p1a: Incineroar|57/100
|move|p2a: fg sneas|Close Combat|p1a: Incineroar
|-supereffective|p1a: Incineroar
|-damage|p1a: Incineroar|0 fnt
|-unboost|p2a: fg sneas|def|1
|-unboost|p2a: fg sneas|spd|1
|faint|p1a: Incineroar
|move|p1b: Flamigo|Close Combat|p2a: fg sneas
|-resisted|p2a: fg sneas
|-damage|p2a: fg sneas|0 fnt
|-unboost|p1b: Flamigo|def|1
|-unboost|p1b: Flamigo|spd|1
|faint|p2a: fg sneas
|
|-weather|none
|upkeep
|turn|6
|
|t:|1756948314
|move|p2b: fg dnite|Scale Shot|p1b: Flamigo
|-damage|p1b: Flamigo|78/100
|-damage|p1b: Flamigo|56/100
|-damage|p1b: Flamigo|35/100
|-damage|p1b: Flamigo|14/100
|-damage|p1b: Flamigo|0 fnt
|faint|p1b: Flamigo
|-hitcount|p1: Flamigo|5
|
|win|azuredreamer vg
|raw|heatvw's rating: 1189 → 1173(-16 for losing)
|raw|azuredreamer vg's rating: 1314 → 1327(+13 for winning)
|l|☆heatvw
|player|p1|
