|j|☆patrulheirogeek
|j|☆CalliopeOKBH
|html|patrulheirogeekCalliopeOKBH    
|uhtml|bestof|Game 1 of a best-of-3
|t:|1757022059
|gametype|doubles
|player|p1|patrulheirogeek|101|1016
|player|p2|CalliopeOKBH|zinnia|1011
|gen|9
|tier|[Gen 9] VGC 2025 Reg H (Bo3)
|rated|
|rule|Species Clause: Limit one of each Pokémon
|rule|Item Clause: Limit 1 of each item
|clearpoke
|poke|p1|Torkoal, L50, F|
|poke|p1|Milotic, L50, F|
|poke|p1|Rillaboom, L50, F|
|poke|p1|Dragonite, L50, M|
|poke|p1|Ursaluna, L50, F|
|poke|p1|Dusclops, L50, M|
|poke|p2|Tyranitar, L50, M|
|poke|p2|Excadrill, L50, M|
|poke|p2|Gholdengo, L50|
|poke|p2|Garchomp, L50, F|
|poke|p2|Incineroar, L50, M|
|poke|p2|Corviknight, L50, F|
|teampreview|4
|showteam|p1|Torkoal||SitrusBerry|Drought|Eruption,SolarBeam,EarthPower,Yawn|||F|||50|,,,,,Fire]Milotic||Leftovers|MarvelScale|Recover,WeatherBall,DrainingKiss,HydroPump|||F|||50|,,,,,Fairy]Rillaboom||AssaultVest|GrassySurge|WoodHammer,Uturn,FakeOut,KnockOff|||F|||50|,,,,,Fire]Dragonite||ChoiceBand|InnerFocus|ExtremeSpeed,Outrage,IronHead,DragonTail|||M|||50|,,,,,Normal]Ursaluna||FlameOrb|Guts|Protect,Facade,DrainPunch,RockSlide|||F|||50|,,,,,Ghost]Dusclops||Eviolite|Pressure|TrickRoom,Taunt,WillOWisp,BodySlam|||M|||50|,,,,,Dark
|showteam|p2|Tyranitar||AssaultVest|SandStream|RockSlide,KnockOff,TeraBlast,IceBeam|||M|||50|,,,,,Flying]Excadrill||ClearAmulet|SandRush|Earthquake,HighHorsepower,IronHead,Protect|||M|||50|,,,,,Ground]Gholdengo||ChoiceScarf|GoodasGold|Trick,MakeItRain,ShadowBall,Protect||||||50|,,,,,Steel]Garchomp||BrightPowder|SandVeil|Protect,StompingTantrum,DragonClaw,RockSlide|||F|||50|,,,,,Ghost]Incineroar||SafetyGoggles|Intimidate|FakeOut,FlareBlitz,Taunt,PartingShot|||M|||50|,,,,,Bug]Corviknight||CovertCloak|MirrorArmor|BodyPress,IronHead,Tailwind,BulkUp|||F|||50|,,,,,Fighting
|
|t:|1757022108
|teamsize|p1|4
|teamsize|p2|4
|start
|switch|p1a: Dusclops|Dusclops, L50, M|100/100
|switch|p1b: Ursaluna|Ursaluna, L50, F|100/100
|switch|p2a: Gholdengo|Gholdengo, L50|100/100
|switch|p2b: Incineroar|Incineroar, L50, M|100/100
|-ability|p2b: Incineroar|Intimidate|boost
|-unboost|p1a: Dusclops|atk|1
|-unboost|p1b: Ursaluna|atk|1
|-ability|p1a: Dusclops|Pressure
|turn|1
|l|☆patrulheirogeek
|player|p1|
|j|☆patrulheirogeek
|player|p1|patrulheirogeek|101|
|inactive|Battle timer is ON: inactive players will automatically lose when time's up. (requested by CalliopeOKBH)
|
|t:|1757022173
|move|p1b: Ursaluna|Protect|p1b: Ursaluna
|-singleturn|p1b: Ursaluna|Protect
|move|p2a: Gholdengo|Trick|p1b: Ursaluna
|-activate|p1b: Ursaluna|move: Protect
|move|p2b: Incineroar|Taunt|p1a: Dusclops
|-start|p1a: Dusclops|move: Taunt
|cant|p1a: Dusclops|move: Taunt|Trick Room
|
|-status|p1b: Ursaluna|brn|[from] item: Flame Orb
|upkeep
|turn|2
|
|t:|1757022191
|switch|p2a: Garchomp|Garchomp, L50, F|100/100
|move|p2b: Incineroar|Parting Shot|p1b: Ursaluna
|-unboost|p1b: Ursaluna|atk|1
|-unboost|p1b: Ursaluna|spa|1
|
|t:|1757022197
|switch|p2b: Tyranitar|Tyranitar, L50, M|100/100|[from] Parting Shot
|-weather|Sandstorm|[from] ability: Sand Stream|[of] p2b: Tyranitar
|move|p1b: Ursaluna|Rock Slide|p2a: Garchomp|[spread] p2a,p2b
|-resisted|p2a: Garchomp
|-damage|p2a: Garchomp|94/100
|-damage|p2b: Tyranitar|89/100
|move|p1a: Dusclops|Body Slam|p2b: Tyranitar
|-resisted|p2b: Tyranitar
|-damage|p2b: Tyranitar|84/100
|-status|p2b: Tyranitar|par
|
|-weather|Sandstorm|[upkeep]
|-damage|p1a: Dusclops|95/100|[from] Sandstorm
|-damage|p1b: Ursaluna|95/100 brn|[from] brn
|upkeep
|turn|3
|inactive|patrulheirogeek has 30 seconds left.
|
|t:|1757022222
|switch|p1a: Torkoal|Torkoal, L50, F|100/100
|-weather|SunnyDay|[from] ability: Drought|[of] p1a: Torkoal
|move|p1b: Ursaluna|Protect|p1b: Ursaluna
|-singleturn|p1b: Ursaluna|Protect
|move|p2a: Garchomp|Dragon Claw|p1b: Ursaluna
|-activate|p1b: Ursaluna|move: Protect
|move|p2b: Tyranitar|Knock Off|p1a: Torkoal
|-damage|p1a: Torkoal|64/100
|-enditem|p1a: Torkoal|Sitrus Berry|[from] move: Knock Off|[of] p2b: Tyranitar
|
|-weather|SunnyDay|[upkeep]
|-damage|p1b: Ursaluna|89/100 brn|[from] brn
|upkeep
|turn|4
|
|t:|1757022247
|switch|p2b: Incineroar|Incineroar, L50, M|100/100
|-ability|p2b: Incineroar|Intimidate|boost
|-unboost|p1a: Torkoal|atk|1
|-unboost|p1b: Ursaluna|atk|1
|move|p2a: Garchomp|Rock Slide|p1a: Torkoal|[spread] p1a
|-miss|p2a: Garchomp|p1b: Ursaluna
|-supereffective|p1a: Torkoal
|-damage|p1a: Torkoal|27/100
|move|p1b: Ursaluna|Drain Punch|p2b: Incineroar
|-supereffective|p2b: Incineroar
|-damage|p2b: Incineroar|73/100
|-heal|p1b: Ursaluna|99/100 brn|[from] drain|[of] p2b: Incineroar
|move|p1a: Torkoal|Yawn|p2a: Garchomp
|-start|p2a: Garchomp|move: Yawn|[of] p1a: Torkoal
|
|-weather|SunnyDay|[upkeep]
|-damage|p1b: Ursaluna|94/100 brn|[from] brn
|upkeep
|turn|5
|
|t:|1757022269
|switch|p2a: Gholdengo|Gholdengo, L50|100/100
|switch|p1b: Dusclops|Dusclops, L50, M|95/100
|-ability|p1b: Dusclops|Pressure
|switch|p1a: Milotic|Milotic, L50, F|100/100
|move|p2b: Incineroar|Parting Shot|p1a: Milotic
|-unboost|p1a: Milotic|atk|1
|-unboost|p1a: Milotic|spa|1
|
|t:|1757022281
|switch|p2b: Tyranitar|Tyranitar, L50, M|84/100 par|[from] Parting Shot
|-weather|Sandstorm|[from] ability: Sand Stream|[of] p2b: Tyranitar
|
|-weather|Sandstorm|[upkeep]
|-damage|p1a: Milotic|95/100|[from] Sandstorm
|-damage|p1b: Dusclops|89/100|[from] Sandstorm
|-heal|p1a: Milotic|100/100|[from] item: Leftovers
|upkeep
|turn|6
|
|t:|1757022303
|switch|p2b: Incineroar|Incineroar, L50, M|73/100
|-ability|p2b: Incineroar|Intimidate|boost
|-unboost|p1a: Milotic|atk|1
|-unboost|p1b: Dusclops|atk|1
|move|p2a: Gholdengo|Shadow Ball|p1b: Dusclops
|-supereffective|p1b: Dusclops
|-damage|p1b: Dusclops|40/100
|move|p1a: Milotic|Hydro Pump|p2b: Incineroar
|-supereffective|p2b: Incineroar
|-damage|p2b: Incineroar|28/100
|move|p1b: Dusclops|Trick Room|p1b: Dusclops
|-fieldstart|move: Trick Room|[of] p1b: Dusclops
|
|-weather|Sandstorm|[upkeep]
|-damage|p1b: Dusclops|34/100|[from] Sandstorm
|-damage|p1a: Milotic|95/100|[from] Sandstorm
|-heal|p1a: Milotic|100/100|[from] item: Leftovers
|upkeep
|turn|7
|inactive|patrulheirogeek has 30 seconds left.
|inactive|patrulheirogeek has 20 seconds left.
|inactive|patrulheirogeek has 15 seconds left.
|
|t:|1757022345
|switch|p1a: Ursaluna|Ursaluna, L50, F|94/100 brn
|move|p2b: Incineroar|Fake Out|p1a: Ursaluna
|-damage|p1a: Ursaluna|86/100 brn
|move|p1b: Dusclops|Body Slam|p2b: Incineroar
|-damage|p2b: Incineroar|18/100
|move|p2a: Gholdengo|Shadow Ball|p1b: Dusclops
|-supereffective|p1b: Dusclops
|-damage|p1b: Dusclops|0 fnt
|faint|p1b: Dusclops
|
|-weather|Sandstorm|[upkeep]
|-damage|p1a: Ursaluna|80/100 brn|[from] brn
|upkeep
|
|t:|1757022361
|switch|p1b: Milotic|Milotic, L50, F|100/100
|turn|8
|inactive|CalliopeOKBH has 30 seconds left.
|inactive|CalliopeOKBH has 20 seconds left.
|inactive|CalliopeOKBH has 15 seconds left.
|inactive|CalliopeOKBH has 10 seconds left.
|
|t:|1757022406
|switch|p2b: Garchomp|Garchomp, L50, F|94/100
|move|p1a: Ursaluna|Drain Punch|p2b: Garchomp|[miss]
|-miss|p1a: Ursaluna|p2b: Garchomp
|move|p1b: Milotic|Weather Ball|p2a: Gholdengo
|-resisted|p2a: Gholdengo
|-damage|p2a: Gholdengo|86/100
|move|p2a: Gholdengo|Shadow Ball|p1b: Milotic
|-damage|p1b: Milotic|72/100
|
|-weather|Sandstorm|[upkeep]
|-damage|p1b: Milotic|66/100|[from] Sandstorm
|-heal|p1b: Milotic|72/100|[from] item: Leftovers
|-damage|p1a: Ursaluna|74/100 brn|[from] brn
|upkeep
|turn|9
|
|t:|1757022430
|move|p1a: Ursaluna|Rock Slide|p2a: Gholdengo|[spread] p2a,p2b
|-resisted|p2a: Gholdengo
|-resisted|p2b: Garchomp
|-damage|p2a: Gholdengo|68/100
|-damage|p2b: Garchomp|79/100
|move|p1b: Milotic|Draining Kiss|p2b: Garchomp
|-supereffective|p2b: Garchomp
|-damage|p2b: Garchomp|52/100
|-heal|p1b: Milotic|91/100|[from] drain|[of] p2b: Garchomp
|move|p2b: Garchomp|Dragon Claw|p1a: Ursaluna
|-damage|p1a: Ursaluna|39/100 brn
|move|p2a: Gholdengo|Shadow Ball|p1b: Milotic
|-crit|p1b: Milotic
|-damage|p1b: Milotic|49/100
|-unboost|p1b: Milotic|spd|1
|
|-weather|none
|-heal|p1b: Milotic|54/100|[from] item: Leftovers
|-damage|p1a: Ursaluna|33/100 brn|[from] brn
|upkeep
|turn|10
|
|t:|1757022450
|switch|p2a: Incineroar|Incineroar, L50, M|18/100
|-ability|p2a: Incineroar|Intimidate|boost
|-unboost|p1a: Ursaluna|atk|1
|-unboost|p1b: Milotic|atk|1
|move|p2b: Garchomp|Protect|p2b: Garchomp
|-singleturn|p2b: Garchomp|Protect
|move|p1a: Ursaluna|Drain Punch|p2b: Garchomp
|-activate|p2b: Garchomp|move: Protect
|move|p1b: Milotic|Draining Kiss|p2b: Garchomp
|-activate|p2b: Garchomp|move: Protect
|
|-heal|p1b: Milotic|60/100|[from] item: Leftovers
|-damage|p1a: Ursaluna|27/100 brn|[from] brn
|-fieldend|move: Trick Room
|upkeep
|turn|11
|
|t:|1757022462
|move|p1a: Ursaluna|Protect|p1a: Ursaluna
|-singleturn|p1a: Ursaluna|Protect
|move|p2a: Incineroar|Fake Out|p1b: Milotic
|-damage|p1b: Milotic|51/100
|move|p2b: Garchomp|Dragon Claw|p1a: Ursaluna
|-activate|p1a: Ursaluna|move: Protect
|cant|p1b: Milotic|flinch
|
|-heal|p1b: Milotic|57/100|[from] item: Leftovers
|-damage|p1a: Ursaluna|21/100 brn|[from] brn
|upkeep
|turn|12
|
|t:|1757022486
|move|p2b: Garchomp|Rock Slide|p1b: Milotic|[spread] p1a,p1b
|-resisted|p1a: Ursaluna
|-damage|p1a: Ursaluna|13/100 brn
|-damage|p1b: Milotic|37/100
|move|p1b: Milotic|Draining Kiss|p2a: Incineroar
|-damage|p2a: Incineroar|8/100
|-heal|p1b: Milotic|45/100|[from] drain|[of] p2a: Incineroar
|move|p2a: Incineroar|Parting Shot|p1a: Ursaluna
|-unboost|p1a: Ursaluna|atk|1
|-unboost|p1a: Ursaluna|spa|1
|
|t:|1757022496
|switch|p2a: Tyranitar|Tyranitar, L50, M|84/100 par|[from] Parting Shot
|-weather|Sandstorm|[from] ability: Sand Stream|[of] p2a: Tyranitar
|cant|p1a: Ursaluna|flinch
|
|-weather|Sandstorm|[upkeep]
|-damage|p1b: Milotic|39/100|[from] Sandstorm
|-heal|p1b: Milotic|45/100|[from] item: Leftovers
|-damage|p1a: Ursaluna|7/100 brn|[from] brn
|upkeep
|turn|13
|
|t:|1757022507
|switch|p1a: Torkoal|Torkoal, L50, F|27/100
|-weather|SunnyDay|[from] ability: Drought|[of] p1a: Torkoal
|move|p2b: Garchomp|Rock Slide|p1b: Milotic|[spread] p1a,p1b
|-supereffective|p1a: Torkoal
|-damage|p1a: Torkoal|0 fnt
|-damage|p1b: Milotic|26/100
|faint|p1a: Torkoal
|move|p1b: Milotic|Draining Kiss|p2a: Tyranitar
|-supereffective|p2a: Tyranitar
|-damage|p2a: Tyranitar|71/100 par
|-heal|p1b: Milotic|36/100|[from] drain|[of] p2a: Tyranitar
|move|p2a: Tyranitar|Rock Slide|p1b: Milotic
|-damage|p1b: Milotic|3/100
|
|-weather|SunnyDay|[upkeep]
|-heal|p1b: Milotic|9/100|[from] item: Leftovers
|upkeep
|
|t:|1757022523
|switch|p1a: Ursaluna|Ursaluna, L50, F|7/100 brn
|turn|14
|
|t:|1757022530
|move|p2b: Garchomp|Rock Slide|p1b: Milotic|[spread] p1a,p1b
|-resisted|p1a: Ursaluna
|-damage|p1a: Ursaluna|0 fnt
|-damage|p1b: Milotic|0 fnt
|faint|p1a: Ursaluna
|faint|p1b: Milotic
|
|win|CalliopeOKBH
||CalliopeOKBH is ready for game 2.
|inactive|patrulheirogeek has 30 seconds to confirm battle start!
|inactive|patrulheirogeek has 20 seconds to confirm battle start!
||patrulheirogeek is ready for game 2.
|uhtml|next|Next: Game 2 of 3
|l|☆patrulheirogeek
|player|p1|
