|j|☆leoprosinpro
|j|☆thisisaladderteam
|html|leoprosinprothisisaladderteam    
|uhtml|bestof|Game 2 of a best-of-3
|t:|1782456339
|gametype|doubles
|player|p1|leoprosinpro|red|1159
|player|p2|thisisaladderteam|guzma|1213
|gen|9
|tier|[Gen 9 Champions] VGC 2026 Reg M-B (Bo3)
|rated|
|rule|Species Clause: Limit one of each Pokémon
|rule|Item Clause: Limit 1 of each item
|clearpoke
|poke|p1|Charizard, L50, M|
|poke|p1|Staraptor, L50, F|
|poke|p1|Whimsicott, L50, M|
|poke|p1|Incineroar, L50, M|
|poke|p1|Garchomp, L50, M|
|poke|p1|Gholdengo, L50|
|poke|p2|Sceptile, L50, M, shiny|
|poke|p2|Rotom-Heat, L50, shiny|
|poke|p2|Toxapex, L50, M, shiny|
|poke|p2|Incineroar, L50, F, shiny|
|poke|p2|Garchomp, L50, M|
|poke|p2|Gholdengo, L50|
|teampreview|4
|showteam|p1|Charizard||CharizarditeY|SolarPower|Overheat,HeatWave,SolarBeam,Protect|Modest||M|||50|]Staraptor||Staraptite|Intimidate|Roost,Protect,CloseCombat,BraveBird|Jolly||F|||50|]Whimsicott||FairyFeather|Prankster|Moonblast,Encore,Protect,Tailwind|Bold||M|||50|]Incineroar||SitrusBerry|Intimidate|FakeOut,PartingShot,Taunt,FlareBlitz|Careful||M|||50|]Garchomp||ChoiceScarf|RoughSkin|Earthquake,DragonClaw,StompingTantrum,RockSlide|Adamant||M|||50|]Gholdengo||Leftovers|GoodasGold|Protect,MakeItRain,ShadowBall,NastyPlot|Modest|||||50|
|showteam|p2|Sceptile||Sceptilite|Overgrow|Detect,EnergyBall,DragonPulse,EarthPower|Timid||M|||50|]Rotom-Heat||ChoiceScarf|Levitate|Discharge,Electroweb,Overheat,WillOWisp|Timid|||||50|]Toxapex||Leftovers|Regenerator|BanefulBunker,Infestation,Toxic,WideGuard|Bold||M|||50|]Incineroar||SitrusBerry|Intimidate|FakeOut,PartingShot,ThroatChop,FlareBlitz|Careful||F|||50|]Garchomp||LifeOrb|RoughSkin|Protect,RockSlide,Earthquake,DragonClaw|Jolly||M|||50|]Gholdengo||KasibBerry|GoodasGold|Protect,NastyPlot,ShadowBall,MakeItRain|Modest|||||50|
|inactive|Battle timer is ON: inactive players will automatically lose when time's up. (requested by thisisaladderteam)
|
|t:|1782456354
|teamsize|p1|4
|teamsize|p2|4
|start
|switch|p1a: Incineroar|Incineroar, L50, M|100/100
|switch|p1b: Gholdengo|Gholdengo, L50|100/100
|switch|p2a: Incineroar|Incineroar, L50, F, shiny|100/100
|switch|p2b: Toxapex|Toxapex, L50, M, shiny|100/100
|-ability|p2a: Incineroar|Intimidate|boost
|-unboost|p1a: Incineroar|atk|1
|-unboost|p1b: Gholdengo|atk|1
|-ability|p1a: Incineroar|Intimidate|boost
|-unboost|p2a: Incineroar|atk|1
|-unboost|p2b: Toxapex|atk|1
|turn|1
|
|t:|1782456366
|switch|p2a: Garchomp|Garchomp, L50, M|100/100
|move|p1a: Incineroar|Fake Out|p2b: Toxapex
|-damage|p2b: Toxapex|94/100
|move|p1b: Gholdengo|Nasty Plot|p1b: Gholdengo
|-boost|p1b: Gholdengo|spa|2
|cant|p2b: Toxapex|flinch
|
|-heal|p2b: Toxapex|100/100|[from] item: Leftovers
|upkeep
|turn|2
|
|t:|1782456378
|move|p2a: Garchomp|Protect|p2a: Garchomp
|-singleturn|p2a: Garchomp|Protect
|move|p1b: Gholdengo|Protect|p1b: Gholdengo
|-singleturn|p1b: Gholdengo|Protect
|move|p1a: Incineroar|Parting Shot|p2a: Garchomp
|-activate|p2a: Garchomp|move: Protect
|move|p2b: Toxapex|Infestation|p1a: Incineroar
|-damage|p1a: Incineroar|97/100
|-activate|p1a: Incineroar|move: Infestation|[of] p2b: Toxapex
|
|-damage|p1a: Incineroar|85/100|[from] move: Infestation|[partiallytrapped]
|upkeep
|turn|3
|
|t:|1782456388
|move|p2b: Toxapex|Baneful Bunker|p2b: Toxapex
|-singleturn|p2b: Toxapex|move: Protect
|move|p2a: Garchomp|Earthquake|p1a: Incineroar|[spread] p1a,p1b
|-activate|p2b: Toxapex|move: Protect
|-supereffective|p1a: Incineroar|1
|-supereffective|p1b: Gholdengo|1
|-damage|p1a: Incineroar|0 fnt
|-damage|p1b: Gholdengo|0 fnt
|faint|p1a: Incineroar
|faint|p1b: Gholdengo
|-damage|p2a: Garchomp|90/100|[from] item: Life Orb
|
|upkeep
|
|t:|1782456395
|switch|p1b: Charizard|Charizard, L50, M|100/100
|switch|p1a: Garchomp|Garchomp, L50, M|100/100
|turn|4
|
|t:|1782456405
|switch|p2a: Incineroar|Incineroar, L50, F, shiny|100/100
|-ability|p2a: Incineroar|Intimidate|boost
|-unboost|p1a: Garchomp|atk|1
|-unboost|p1b: Charizard|atk|1
|detailschange|p1b: Charizard|Charizard-Mega-Y, L50, M
|-mega|p1b: Charizard|Charizard|Charizardite Y
|-weather|SunnyDay|[from] ability: Drought|[of] p1b: Charizard
|move|p1a: Garchomp|Stomping Tantrum|p2b: Toxapex
|-supereffective|p2b: Toxapex|1
|-damage|p2b: Toxapex|61/100
|move|p1b: Charizard|Solar Beam||[still]
|-prepare|p1b: Charizard|Solar Beam
|-anim|p1b: Charizard|Solar Beam|p2b: Toxapex
|-damage|p2b: Toxapex|20/100y
|move|p2b: Toxapex|Toxic|p1a: Garchomp
|-status|p1a: Garchomp|tox
|
|-weather|SunnyDay|[upkeep]
|-heal|p2b: Toxapex|26/100|[from] item: Leftovers
|-damage|p1a: Garchomp|94/100 tox|[from] psn
|upkeep
|turn|5
|
|t:|1782456423
|-heal|p2b: Toxapex|59/100|[from] ability: Regenerator|[silent]
|switch|p2b: Rotom|Rotom-Heat, L50, shiny|100/100
|move|p2a: Incineroar|Fake Out|p1b: Charizard
|-damage|p1b: Charizard|85/100
|move|p1a: Garchomp|Stomping Tantrum|p2a: Incineroar
|-supereffective|p2a: Incineroar|1
|-damage|p2a: Incineroar|45/100
|-enditem|p2a: Incineroar|Sitrus Berry|[eat]
|-heal|p2a: Incineroar|70/100|[from] item: Sitrus Berry
|cant|p1b: Charizard|flinch
|
|-weather|SunnyDay|[upkeep]
|-damage|p1a: Garchomp|82/100 tox|[from] psn
|upkeep
|turn|6
|
|t:|1782456442
|move|p1a: Garchomp|Stomping Tantrum|p2a: Incineroar
|-supereffective|p2a: Incineroar|1
|-damage|p2a: Incineroar|18/100
|move|p2b: Rotom|Overheat|p1a: Garchomp|[miss]
|-miss|p2b: Rotom|p1a: Garchomp
|move|p1b: Charizard|Heat Wave|p2b: Rotom|[spread] p2a,p2b
|-resisted|p2a: Incineroar|1
|-resisted|p2b: Rotom|1
|-damage|p2a: Incineroar|0 fnt
|-damage|p2b: Rotom|57/100
|faint|p2a: Incineroar
|
|-weather|SunnyDay|[upkeep]
|-damage|p1a: Garchomp|64/100 tox|[from] psn
|upkeep
|
|t:|1782456457
|switch|p2a: Toxapex|Toxapex, L50, M, shiny|59/100
|turn|7
|
|t:|1782456469
|-heal|p2a: Toxapex|92/100|[from] ability: Regenerator|[silent]
|switch|p2a: Garchomp|Garchomp, L50, M|90/100
|move|p1a: Garchomp|Stomping Tantrum|p2a: Garchomp
|-damage|p2a: Garchomp|62/100
|-damage|p1a: Garchomp|51/100 tox|[from] ability: Rough Skin|[of] p2a: Garchomp
|move|p2b: Rotom|Overheat|p1a: Garchomp
|-resisted|p1a: Garchomp|1
|-damage|p1a: Garchomp|8/100 tox
|-unboost|p2b: Rotom|spa|2
|move|p1b: Charizard|Heat Wave|p2b: Rotom|[spread] p2a,p2b
|-resisted|p2a: Garchomp|1
|-resisted|p2b: Rotom|1
|-damage|p2a: Garchomp|22/100
|-damage|p2b: Rotom|14/100
|
|-weather|SunnyDay|[upkeep]
|-damage|p1a: Garchomp|0 fnt|[from] psn
|faint|p1a: Garchomp
|upkeep
|turn|8
|
|t:|1782456485
|move|p2b: Rotom|Overheat|p1b: Charizard
|-resisted|p1b: Charizard|1
|-damage|p1b: Charizard|64/100
|-unboost|p2b: Rotom|spa|2
|move|p2a: Garchomp|Rock Slide|p1b: Charizard
|-supereffective|p1b: Charizard|2
|-damage|p1b: Charizard|0 fnt
|faint|p1b: Charizard
|-damage|p2a: Garchomp|12/100|[from] item: Life Orb
|
|win|thisisaladderteam
|raw|leoprosinpro's rating: 1159 → 1138(-21 for losing)
|raw|thisisaladderteam's rating: 1213 → 1234(+21 for winning)
