|j|☆sille rovert
|j|☆Grogguu
|html|sille rovertGrogguu    
|uhtml|bestof|Game 2 of a best-of-3
|t:|1756431359
|gametype|doubles
|player|p1|sille rovert|trevor|1067
|player|p2|Grogguu|zinzolin|1109
|gen|9
|tier|[Gen 9] VGC 2025 Reg H (Bo3)
|rated|
|rule|Species Clause: Limit one of each Pokémon
|rule|Item Clause: Limit 1 of each item
|clearpoke
|poke|p1|Electabuzz, L50, F|
|poke|p1|Pelipper, L50, M|
|poke|p1|Gholdengo, L50|
|poke|p1|Ursaluna-Bloodmoon, L50, M|
|poke|p1|Annihilape, L50, M|
|poke|p1|Dragonite, L50, F|
|poke|p2|Dragonite, L50, M|
|poke|p2|Sneasler, L50, M|
|poke|p2|Primarina, L50, M|
|poke|p2|Rillaboom, L50, F|
|poke|p2|Magmar, L50, F|
|poke|p2|Gholdengo, L50|
|teampreview|4
|showteam|p1|Electabuzz||Eviolite|VitalSpirit|Electroweb,Taunt,Protect,FollowMe|||F|||50|,,,,,Ghost]Pelipper||LifeOrb|Drizzle|Hurricane,MuddyWater,Protect,WideGuard|||M|||50|,,,,,Ground]Gholdengo||ChoiceSpecs|GoodasGold|MakeItRain,ShadowBall,PowerGem,Trick||||||50|,,,,,Steel]Ursaluna-Bloodmoon||AssaultVest|MindsEye|BloodMoon,HyperVoice,EarthPower,VacuumWave|||M|||50|,,,,,Normal]Annihilape||FocusSash|Defiant|FinalGambit,RageFist,CloseCombat,Protect|||M|||50|,,,,,Steel]Dragonite||LoadedDice|Multiscale|Protect,ScaleShot,Tailwind,Haze|||F|||50|,,,,,Fairy
|showteam|p2|Dragonite||LoadedDice|Multiscale|ScaleShot,Tailwind,Haze,Protect|||M|||50|,,,,,Fairy]Sneasler||FocusSash|Unburden|CloseCombat,DireClaw,FakeOut,Protect|||M|||50|,,,,,Ghost]Primarina||SitrusBerry|LiquidVoice|HyperVoice,Moonblast,CalmMind,Protect|||M|||50|,,,,,Poison]Rillaboom||AssaultVest|GrassySurge|WoodHammer,KnockOff,GrassyGlide,FakeOut|||F|||50|,,,,,Psychic]Magmar||Eviolite|VitalSpirit|Overheat,FollowMe,Taunt,Protect|||F|||50|,,,,,Flying]Gholdengo||Leftovers|GoodasGold|MakeItRain,ShadowBall,Protect,NastyPlot||||||50|,,,,,Water
|inactive|Battle timer is ON: inactive players will automatically lose when time's up. (requested by Grogguu)
|inactive|sille rovert has 60 seconds left.
|
|t:|1756431400
|teamsize|p1|4
|teamsize|p2|4
|start
|switch|p1a: Electabuzz|Electabuzz, L50, F|100/100
|switch|p1b: Gholdengo|Gholdengo, L50|100/100
|switch|p2a: Dragonite|Dragonite, L50, M|100/100
|switch|p2b: Sneasler|Sneasler, L50, M|100/100
|turn|1
|inactive|Grogguu has 30 seconds left.
|
|t:|1756431427
|switch|p2b: Rillaboom|Rillaboom, L50, F|100/100
|-fieldstart|move: Grassy Terrain|[from] ability: Grassy Surge|[of] p2b: Rillaboom
|-terastallize|p1b: Gholdengo|Steel
|move|p1a: Electabuzz|Electroweb|p2b: Rillaboom|[spread] p2a,p2b
|-resisted|p2b: Rillaboom
|-damage|p2a: Dragonite|94/100
|-damage|p2b: Rillaboom|96/100
|-unboost|p2a: Dragonite|spe|1
|-unboost|p2b: Rillaboom|spe|1
|move|p1b: Gholdengo|Make It Rain|p2b: Rillaboom|[spread] p2a,p2b
|-damage|p2a: Dragonite|0 fnt
|-damage|p2b: Rillaboom|30/100
|-unboost|p1b: Gholdengo|spa|1
|faint|p2a: Dragonite
|
|-heal|p2b: Rillaboom|36/100|[from] Grassy Terrain
|upkeep
|
|t:|1756431448
|switch|p2a: Sneasler|Sneasler, L50, M|100/100
|turn|2
|
|t:|1756431464
|switch|p1b: Dragonite|Dragonite, L50, F|100/100
|move|p1a: Electabuzz|Protect|p1a: Electabuzz
|-singleturn|p1a: Electabuzz|Protect
|move|p2a: Sneasler|Fake Out|p1b: Dragonite
|-damage|p1b: Dragonite|94/100
|move|p2b: Rillaboom|Wood Hammer|p1a: Electabuzz
|-activate|p1a: Electabuzz|move: Protect
|
|-heal|p2b: Rillaboom|42/100|[from] Grassy Terrain
|upkeep
|turn|3
|
|t:|1756431489
|move|p1a: Electabuzz|Follow Me|p1a: Electabuzz
|-singleturn|p1a: Electabuzz|move: Follow Me
|move|p2a: Sneasler|Close Combat|p1a: Electabuzz
|-damage|p1a: Electabuzz|37/100
|-unboost|p2a: Sneasler|def|1
|-unboost|p2a: Sneasler|spd|1
|move|p1b: Dragonite|Scale Shot|p2a: Sneasler
|-damage|p2a: Sneasler|65/100
|-damage|p2a: Sneasler|28/100
|-damage|p2a: Sneasler|0 fnt
|faint|p2a: Sneasler
|-hitcount|p2: Sneasler|3
|-unboost|p1b: Dragonite|def|1
|-boost|p1b: Dragonite|spe|1
|move|p2b: Rillaboom|Knock Off|p1a: Electabuzz
|-damage|p1a: Electabuzz|2/100
|-enditem|p1a: Electabuzz|Eviolite|[from] move: Knock Off|[of] p2b: Rillaboom
|
|-heal|p1a: Electabuzz|7/100|[from] Grassy Terrain
|-heal|p2b: Rillaboom|48/100|[from] Grassy Terrain
|upkeep
|
|t:|1756431507
|switch|p2a: Gholdengo|Gholdengo, L50|100/100
|turn|4
|
|t:|1756431519
|move|p1a: Electabuzz|Protect|p1a: Electabuzz
|-singleturn|p1a: Electabuzz|Protect
|move|p2b: Rillaboom|Grassy Glide|p1a: Electabuzz
|-activate|p1a: Electabuzz|move: Protect
|move|p1b: Dragonite|Scale Shot|p2b: Rillaboom
|-damage|p2b: Rillaboom|34/100
|-damage|p2b: Rillaboom|21/100
|-damage|p2b: Rillaboom|6/100
|-damage|p2b: Rillaboom|0 fnt
|faint|p2b: Rillaboom
|-hitcount|p2: Rillaboom|4
|-unboost|p1b: Dragonite|def|1
|-boost|p1b: Dragonite|spe|1
|move|p2a: Gholdengo|Make It Rain|p1a: Electabuzz|[spread] p1b
|-activate|p1a: Electabuzz|move: Protect
|-damage|p1b: Dragonite|53/100
|-unboost|p2a: Gholdengo|spa|1
|
|-heal|p1a: Electabuzz|13/100|[from] Grassy Terrain
|upkeep
|turn|5
|
|t:|1756431528
|-terastallize|p2a: Gholdengo|Water
|move|p1b: Dragonite|Scale Shot|p2a: Gholdengo
|-damage|p2a: Gholdengo|87/100
|-damage|p2a: Gholdengo|73/100
|-damage|p2a: Gholdengo|59/100
|-damage|p2a: Gholdengo|44/100
|-hitcount|p2a: Gholdengo|4
|-unboost|p1b: Dragonite|def|1
|-boost|p1b: Dragonite|spe|1
|move|p1a: Electabuzz|Electroweb|p2a: Gholdengo
|-supereffective|p2a: Gholdengo
|-damage|p2a: Gholdengo|7/100
|-unboost|p2a: Gholdengo|spe|1
|move|p2a: Gholdengo|Nasty Plot|p2a: Gholdengo
|-boost|p2a: Gholdengo|spa|2
|
|-heal|p1a: Electabuzz|19/100|[from] Grassy Terrain
|-heal|p2a: Gholdengo|13/100|[from] Grassy Terrain
|-heal|p2a: Gholdengo|19/100|[from] item: Leftovers
|-fieldend|move: Grassy Terrain
|upkeep
|turn|6
|
|t:|1756431537
|move|p1b: Dragonite|Scale Shot|p2a: Gholdengo
|-damage|p2a: Gholdengo|6/100
|-damage|p2a: Gholdengo|0 fnt
|faint|p2a: Gholdengo
|-hitcount|p2: Gholdengo|2
|
|win|sille rovert
||Grogguu is ready for game 3.
||sille rovert is ready for game 3.
|uhtml|next|Next: Game 3 of 3
