|j|☆Arkhept
|j|☆uglybeast
|html|Arkheptuglybeast    
|uhtml|bestof|Game 1 of a best-of-3
|t:|1756976013
|gametype|doubles
|player|p1|Arkhept|misty|1270
|player|p2|uglybeast|lucas|1301
|gen|9
|tier|[Gen 9] VGC 2025 Reg H (Bo3)
|rated|
|rule|Species Clause: Limit one of each Pokémon
|rule|Item Clause: Limit 1 of each item
|clearpoke
|poke|p1|Ninetales-Alola, L50, M|
|poke|p1|Sneasler, L50, F|
|poke|p1|Metagross, L50|
|poke|p1|Rillaboom, L50, M|
|poke|p1|Kingambit, L50, M|
|poke|p1|Electabuzz, L50, M|
|poke|p2|Murkrow, L50, M|
|poke|p2|Ursaluna-Bloodmoon, L50, M|
|poke|p2|Sneasler, L50, M|
|poke|p2|Dragapult, L50, F|
|poke|p2|Armarouge, L50, F|
|poke|p2|Indeedee-F, L50, F|
|teampreview|4
|showteam|p1|Ninetales-Alola||NeverMeltIce|SnowWarning|Blizzard,FreezeDry,AuroraVeil,Protect|||M|||50|,,,,,Ice]Sneasler||FocusSash|PoisonTouch|Coaching,CloseCombat,DireClaw,Protect|||F|||50|,,,,,Flying]Metagross||AssaultVest|ClearBody|HeavySlam,PsychicFangs,StompingTantrum,BulletPunch||||||50|,,,,,Water]Rillaboom||MiracleSeed|GrassySurge|FakeOut,HighHorsepower,GrassyGlide,WoodHammer|||M|||50|,,,,,Grass]Kingambit||BlackGlasses|Defiant|KowtowCleave,SwordsDance,SuckerPunch,Protect|||M|||50|,,,,,Dark]Electabuzz||Eviolite|VitalSpirit|Electroweb,FollowMe,Taunt,Protect|||M|||50|,,,,,Ghost
|showteam|p2|Murkrow||Eviolite|Prankster|Haze,SunnyDay,Tailwind,BraveBird|||M|||50|,,,,,Ghost]Ursaluna-Bloodmoon||LifeOrb|MindsEye|BloodMoon,HyperVoice,Protect,EarthPower|||M|||50|,,,,,Normal]Sneasler||PsychicSeed|Unburden|ThroatChop,DireClaw,CloseCombat,Protect|||M|||50|,,,,,Dark]Dragapult||ChoiceBand|ClearBody|DragonDarts,Outrage,Uturn,PhantomForce|||F|||50|,,,,,Dragon]Armarouge||PowerHerb|FlashFire|HeatWave,MeteorBeam,ExpandingForce,Protect|||F|||50|,,,,,Grass]Indeedee-F||RockyHelmet|PsychicSurge|DazzlingGleam,FollowMe,HelpingHand,TrickRoom|||F|||50|,,,,,Grass
|
|t:|1756976121
|teamsize|p1|4
|teamsize|p2|4
|start
|switch|p1a: Ninetales|Ninetales-Alola, L50, M|100/100
|switch|p1b: Electabuzz|Electabuzz, L50, M|100/100
|switch|p2a: Giandam|Armarouge, L50, F|100/100
|switch|p2b: Anagnoman|Sneasler, L50, M|100/100
|-weather|Snowscape|[from] ability: Snow Warning|[of] p1a: Ninetales
|turn|1
|
|t:|1756976164
|move|p2b: Anagnoman|Dire Claw|p1b: Electabuzz
|-damage|p1b: Electabuzz|64/100
|move|p1a: Ninetales|Aurora Veil|p1a: Ninetales
|-sidestart|p1: Arkhept|move: Aurora Veil
|move|p2a: Giandam|Meteor Beam||[still]
|-prepare|p2a: Giandam|Meteor Beam
|-boost|p2a: Giandam|spa|1
|-enditem|p2a: Giandam|Power Herb
|-anim|p2a: Giandam|Meteor Beam|p1b: Electabuzz
|-damage|p1b: Electabuzz|34/100
|move|p1b: Electabuzz|Electroweb|p2a: Giandam|[spread] p2a,p2b
|-damage|p2a: Giandam|81/100
|-damage|p2b: Anagnoman|83/100
|-unboost|p2a: Giandam|spe|1
|-unboost|p2b: Anagnoman|spe|1
|
|-weather|Snowscape|[upkeep]
|upkeep
|turn|2
|
|t:|1756976195
|move|p2b: Anagnoman|Protect|p2b: Anagnoman
|-singleturn|p2b: Anagnoman|Protect
|move|p1a: Ninetales|Blizzard|p2b: Anagnoman|[spread] p2a
|-activate|p2b: Anagnoman|move: Protect
|-resisted|p2a: Giandam
|-damage|p2a: Giandam|60/100
|move|p1b: Electabuzz|Electroweb|p2a: Giandam|[spread] p2a
|-activate|p2b: Anagnoman|move: Protect
|-damage|p2a: Giandam|43/100
|-unboost|p2a: Giandam|spe|1
|move|p2a: Giandam|Heat Wave|p1b: Electabuzz|[spread] p1a,p1b
|-supereffective|p1a: Ninetales
|-damage|p1a: Ninetales|25/100
|-damage|p1b: Electabuzz|7/100
|-status|p1a: Ninetales|brn
|
|-weather|Snowscape|[upkeep]
|-damage|p1a: Ninetales|19/100 brn|[from] brn
|upkeep
|turn|3
|
|t:|1756976254
|switch|p2b: Blade|Indeedee-F, L50, F|100/100
|-fieldstart|move: Psychic Terrain|[from] ability: Psychic Surge|[of] p2b: Blade
|move|p1a: Ninetales|Blizzard|p2b: Blade|[spread] p2a,p2b
|-resisted|p2a: Giandam
|-damage|p2a: Giandam|22/100
|-damage|p2b: Blade|70/100
|move|p1b: Electabuzz|Electroweb|p2b: Blade|[spread] p2a,p2b
|-damage|p2a: Giandam|3/100
|-damage|p2b: Blade|58/100
|-unboost|p2a: Giandam|spe|1
|-unboost|p2b: Blade|spe|1
|move|p2a: Giandam|Heat Wave|p1b: Electabuzz|[spread] p1b
|-miss|p2a: Giandam|p1a: Ninetales
|-damage|p1b: Electabuzz|0 fnt
|faint|p1b: Electabuzz
|
|-weather|Snowscape|[upkeep]
|-damage|p1a: Ninetales|13/100 brn|[from] brn
|upkeep
|
|t:|1756976265
|switch|p1b: Metagross|Metagross, L50|100/100
|turn|4
|inactive|Battle timer is ON: inactive players will automatically lose when time's up. (requested by Arkhept)
|
|t:|1756976317
|switch|p2a: Anagnoman|Sneasler, L50, M|83/100
|-enditem|p2a: Anagnoman|Psychic Seed
|-boost|p2a: Anagnoman|spd|1|[from] item: Psychic Seed
|move|p2b: Blade|Follow Me|p2b: Blade
|-singleturn|p2b: Blade|move: Follow Me
|move|p1a: Ninetales|Blizzard|p2b: Blade|[spread] p2a,p2b
|-damage|p2a: Anagnoman|54/100
|-damage|p2b: Blade|28/100
|-status|p2a: Anagnoman|frz
|move|p1b: Metagross|Heavy Slam|p2b: Blade
|-damage|p2b: Blade|0 fnt
|-damage|p1b: Metagross|84/100|[from] item: Rocky Helmet|[of] p2b: Blade
|faint|p2b: Blade
|
|-weather|Snowscape|[upkeep]
|-damage|p1a: Ninetales|7/100 brn|[from] brn
|upkeep
|
|t:|1756976336
|switch|p2b: Giandam|Armarouge, L50, F|3/100
|turn|5
|
|t:|1756976348
|move|p2b: Giandam|Protect|p2b: Giandam
|-singleturn|p2b: Giandam|Protect
|cant|p2a: Anagnoman|frz
|move|p1a: Ninetales|Blizzard|p2a: Anagnoman|[spread] p2a
|-activate|p2b: Giandam|move: Protect
|-damage|p2a: Anagnoman|25/100 frz
|move|p1b: Metagross|Heavy Slam|p2a: Anagnoman
|-damage|p2a: Anagnoman|0 fnt
|faint|p2a: Anagnoman
|
|-weather|none
|-damage|p1a: Ninetales|0 fnt|[from] brn
|faint|p1a: Ninetales
|-sideend|p1: Arkhept|move: Aurora Veil
|upkeep
|
|t:|1756976357
|switch|p2a: Paschalis|Ursaluna-Bloodmoon, L50, M|100/100
|switch|p1a: Sneasler|Sneasler, L50, F|100/100
|turn|6
|inactive|Arkhept has 30 seconds left.
|inactive|uglybeast has 30 seconds left.
|
|t:|1756976388
|-terastallize|p2a: Paschalis|Normal
|-terastallize|p1b: Metagross|Water
|move|p2b: Giandam|Protect|p2b: Giandam
|-singleturn|p2b: Giandam|Protect
|move|p1a: Sneasler|Dire Claw|p2b: Giandam
|-activate|p2b: Giandam|move: Protect
|move|p2a: Paschalis|Hyper Voice|p1a: Sneasler|[spread] p1a,p1b
|-crit|p1a: Sneasler
|-enditem|p1a: Sneasler|Focus Sash
|-damage|p1a: Sneasler|1/100
|-damage|p1b: Metagross|40/100
|-damage|p2a: Paschalis|91/100|[from] item: Life Orb
|move|p1b: Metagross|Psychic Fangs|p2a: Paschalis
|-damage|p2a: Paschalis|40/100
|
|upkeep
|turn|7
|inactive|uglybeast has 30 seconds left.
|inactive|Arkhept has 30 seconds left.
|inactive|uglybeast has 20 seconds left.
|
|t:|1756976425
|move|p1a: Sneasler|Protect|p1a: Sneasler
|-singleturn|p1a: Sneasler|Protect
|move|p2b: Giandam|Expanding Force|p1a: Sneasler|[spread] p1b
|-activate|p1a: Sneasler|move: Protect
|-damage|p1b: Metagross|4/100
|move|p2a: Paschalis|Hyper Voice|p1b: Metagross|[spread] p1b
|-activate|p1a: Sneasler|move: Protect
|-damage|p1b: Metagross|0 fnt
|faint|p1b: Metagross
|-damage|p2a: Paschalis|30/100|[from] item: Life Orb
|
|-fieldend|move: Psychic Terrain
|upkeep
|turn|8
|
|t:|1756976435
|move|p1a: Sneasler|Close Combat|p2a: Paschalis
|-supereffective|p2a: Paschalis
|-damage|p2a: Paschalis|0 fnt
|-unboost|p1a: Sneasler|def|1
|-unboost|p1a: Sneasler|spd|1
|faint|p2a: Paschalis
|move|p2b: Giandam|Expanding Force|p1a: Sneasler
|-supereffective|p1a: Sneasler
|-damage|p1a: Sneasler|0 fnt
|faint|p1a: Sneasler
|
|win|uglybeast
||Arkhept is ready for game 2.
||uglybeast is ready for game 2.
|uhtml|next|Next: Game 2 of 3
