|j|☆looketus420
|j|☆Acesan24
|html|looketus420Acesan24    
|uhtml|bestof|Game 1 of a best-of-3
|t:|1757903266
|gametype|doubles
|player|p1|looketus420|2|1022
|player|p2|Acesan24|102|1011
|gen|9
|tier|[Gen 9] VGC 2025 Reg H (Bo3)
|rated|
|rule|Species Clause: Limit one of each Pokémon
|rule|Item Clause: Limit 1 of each item
|clearpoke
|poke|p1|Excadrill, L50, F|
|poke|p1|Hatterene, L50, F|
|poke|p1|Dugtrio-Alola, L50, F|
|poke|p1|Tyranitar, L50, M|
|poke|p1|Gastrodon, L50, F|
|poke|p1|Golurk, L50|
|poke|p2|Ursaluna-Bloodmoon, L50, M|
|poke|p2|Kleavor, L50, F|
|poke|p2|Basculegion, L50, M|
|poke|p2|Pelipper, L50, F|
|poke|p2|Indeedee, L50, M|
|poke|p2|Porygon2, L50|
|teampreview|4
|showteam|p1|Excadrill||ChoiceBand|SandRush|RockSlide,Earthquake,ThroatChop,IronHead|||F|||50|,,,,,Rock]Hatterene||SitrusBerry|MagicBounce|TrickRoom,Protect,ExpandingForce,DazzlingGleam|||F|||50|,,,,,Ghost]Dugtrio-Alola||LifeOrb|SandForce|Earthquake,IronHead,SuckerPunch,TeraBlast|||F|||50|,,,,,Bug]Tyranitar||SmoothRock|SandStream|StoneEdge,KnockOff,Protect,BodyPress|||M|||50|,,,,,Flying]Gastrodon||AssaultVest|StormDrain|EarthPower,Surf,ClearSmog,SludgeWave|||F|||50|,,,,,Flying]Golurk||ClearAmulet|IronFist|ShadowPunch,FocusPunch,StompingTantrum,DrainPunch||||||50|,,,,,Ground
|showteam|p2|Ursaluna-Bloodmoon||SilkScarf|MindsEye|BloodMoon,HyperVoice,EarthPower,Protect|||M|||50|,,,,,Ground]Kleavor||WideLens|Sharpness|XScissor,StoneAxe,DualWingbeat,Protect|||F|||50|,,,,,Flying]Basculegion||ChoiceBand|SwiftSwim|AquaJet,FlipTurn,LastRespects,WaveCrash|||M|||50|,,,,,Water]Pelipper||FocusSash|Drizzle|Hurricane,Tailwind,WeatherBall,Protect|||F|||50|,,,,,Ground]Indeedee||ChoiceScarf|PsychicSurge|Trick,ExpandingForce,DrainingKiss,EnergyBall|||M|||50|,,,,,Fairy]Porygon2||Eviolite|Trace|TrickRoom,IceBeam,Recover,TeraBlast||||||50|,,,,,Ghost
|
|t:|1757903320
|teamsize|p1|4
|teamsize|p2|4
|start
|switch|p1a: Tyranitar|Tyranitar, L50, M|100/100
|switch|p1b: Excadrill|Excadrill, L50, F|100/100
|switch|p2a: Basculegion|Basculegion, L50, M|100/100
|switch|p2b: Kleavor|Kleavor, L50, F|100/100
|-weather|Sandstorm|[from] ability: Sand Stream|[of] p1a: Tyranitar
|turn|1
|
|t:|1757903354
|switch|p2a: Pelipper|Pelipper, L50, F|100/100
|-weather|RainDance|[from] ability: Drizzle|[of] p2a: Pelipper
|switch|p1a: Gastrodon|Gastrodon, L50, F|100/100
|move|p1b: Excadrill|Iron Head|p2b: Kleavor
|-supereffective|p2b: Kleavor
|-damage|p2b: Kleavor|0 fnt
|faint|p2b: Kleavor
|
|-weather|RainDance|[upkeep]
|upkeep
|
|t:|1757903369
|switch|p2b: Indeedee|Indeedee, L50, M|100/100
|-fieldstart|move: Psychic Terrain|[from] ability: Psychic Surge|[of] p2b: Indeedee
|turn|2
|
|t:|1757903383
|switch|p1b: Tyranitar|Tyranitar, L50, M|100/100
|-weather|Sandstorm|[from] ability: Sand Stream|[of] p1b: Tyranitar
|move|p2b: Indeedee|Expanding Force|p1a: Gastrodon|[spread] p1a
|-immune|p1b: Tyranitar
|-damage|p1a: Gastrodon|71/100
|move|p2a: Pelipper|Tailwind|p2a: Pelipper
|-sidestart|p2: Acesan24|move: Tailwind
|move|p1a: Gastrodon|Earth Power|p2b: Indeedee
|-damage|p2b: Indeedee|51/100
|
|-weather|Sandstorm|[upkeep]
|-damage|p2b: Indeedee|45/100|[from] Sandstorm
|-damage|p2a: Pelipper|95/100|[from] Sandstorm
|upkeep
|turn|3
|
|t:|1757903415
|switch|p2a: Basculegion|Basculegion, L50, M|100/100
|move|p2b: Indeedee|Expanding Force|p1b: Tyranitar|[spread] p1a
|-immune|p1b: Tyranitar
|-damage|p1a: Gastrodon|37/100
|move|p1b: Tyranitar|Stone Edge|p2a: Basculegion|[miss]
|-miss|p1b: Tyranitar|p2a: Basculegion
|move|p1a: Gastrodon|Earth Power|p2b: Indeedee
|-damage|p2b: Indeedee|0 fnt
|faint|p2b: Indeedee
|
|-weather|Sandstorm|[upkeep]
|-damage|p2a: Basculegion|94/100|[from] Sandstorm
|upkeep
|
|t:|1757903423
|switch|p2b: Pelipper|Pelipper, L50, F|95/100
|-weather|RainDance|[from] ability: Drizzle|[of] p2b: Pelipper
|turn|4
|
|t:|1757903450
|switch|p1b: Golurk|Golurk, L50|100/100
|move|p2a: Basculegion|Last Respects|p1b: Golurk
|-supereffective|p1b: Golurk
|-damage|p1b: Golurk|0 fnt
|faint|p1b: Golurk
|move|p2b: Pelipper|Hurricane|p1a: Gastrodon
|-damage|p1a: Gastrodon|14/100
|-start|p1a: Gastrodon|confusion
|-activate|p1a: Gastrodon|confusion
|-damage|p1a: Gastrodon|7/100|[from] confusion
|
|-weather|RainDance|[upkeep]
|upkeep
|
|t:|1757903462
|switch|p1b: Tyranitar|Tyranitar, L50, M|100/100
|-weather|Sandstorm|[from] ability: Sand Stream|[of] p1b: Tyranitar
|turn|5
|
|t:|1757903473
|move|p2a: Basculegion|Last Respects|p1b: Tyranitar
|-resisted|p1b: Tyranitar
|-damage|p1b: Tyranitar|70/100
|move|p2b: Pelipper|Weather Ball|p1a: Gastrodon
|-resisted|p1a: Gastrodon
|-damage|p1a: Gastrodon|0 fnt
|faint|p1a: Gastrodon
|move|p1b: Tyranitar|Knock Off|p2a: Basculegion
|-supereffective|p2a: Basculegion
|-damage|p2a: Basculegion|0 fnt
|-enditem|p2a: Basculegion|Choice Band|[from] move: Knock Off|[of] p1b: Tyranitar
|faint|p2a: Basculegion
|
|-weather|Sandstorm|[upkeep]
|-damage|p2b: Pelipper|89/100|[from] Sandstorm
|-sideend|p2: Acesan24|move: Tailwind
|upkeep
|
|t:|1757903487
|switch|p1a: Excadrill|Excadrill, L50, F|100/100
|turn|6
|
|t:|1757903492
|move|p1a: Excadrill|Rock Slide|p2b: Pelipper
|-supereffective|p2b: Pelipper
|-damage|p2b: Pelipper|1/100
|move|p2b: Pelipper|Tailwind|p2b: Pelipper
|-sidestart|p2: Acesan24|move: Tailwind
|move|p1b: Tyranitar|Stone Edge|p2b: Pelipper
|-supereffective|p2b: Pelipper
|-damage|p2b: Pelipper|0 fnt
|faint|p2b: Pelipper
|
|win|looketus420
|l|☆looketus420
|player|p1|
||looketus420 is ready for game 2.
|l|☆Acesan24
|player|p2|
|inactive|Acesan24 has 30 seconds to confirm battle start!
|j|☆Acesan24
|player|p2|Acesan24|102|
||Acesan24 is ready for game 2.
|uhtml|next|Next: Game 2 of 3
