|j|☆usainragingbolt
|j|☆cbninjask4uber
|html|usainragingboltcbninjask4uber    
|uhtml|bestof|Game 1 of a best-of-3
|t:|1757775343
|gametype|doubles
|player|p1|usainragingbolt|unknown|1177
|player|p2|cbninjask4uber|falkner|1275
|gen|9
|tier|[Gen 9] VGC 2025 Reg H (Bo3)
|rated|
|rule|Species Clause: Limit one of each Pokémon
|rule|Item Clause: Limit 1 of each item
|clearpoke
|poke|p1|Gothitelle, L50, F|
|poke|p1|Politoed, L50, M|
|poke|p1|Incineroar, L50, F|
|poke|p1|Amoonguss, L50, F|
|poke|p1|Archaludon, L50, F|
|poke|p1|Kingdra, L50, M|
|poke|p2|Kingambit, L50, M|
|poke|p2|Dragonite, L50, M|
|poke|p2|Rillaboom, L50, M|
|poke|p2|Sneasler, L50, F|
|poke|p2|Electabuzz, L50, M|
|poke|p2|Volcarona, L50, M|
|teampreview|4
|showteam|p1|Gothitelle||SitrusBerry|ShadowTag|Protect,FakeOut,TrickRoom,Psychic|||F|||50|,,,,,Dark]Politoed||Leftovers|Drizzle|Protect,PerishSong,WeatherBall,Encore|||M|||50|,,,,,Grass]Incineroar||SafetyGoggles|Intimidate|Protect,PartingShot,FakeOut,KnockOff|||F|||50|,,,,,Ghost]Amoonguss||EjectButton|Regenerator|Protect,Spore,RagePowder,PollenPuff|||F|||50|,,,,,Fairy]Archaludon||PowerHerb|Sturdy|Protect,ElectroShot,DragonPulse,FlashCannon|||F|||50|,,,,,Electric]Kingdra||LifeOrb|SwiftSwim|Protect,WeatherBall,DracoMeteor,MuddyWater|||M|||50|,,,,,Stellar
|showteam|p2|Kingambit||BlackGlasses|Defiant|KowtowCleave,SuckerPunch,SwordsDance,Protect|||M|||50|,,,,,Dark]Dragonite||LoadedDice|Multiscale|ExtremeSpeed,ScaleShot,Haze,Protect|||M|||50|,,,,,Fairy]Rillaboom||AssaultVest|GrassySurge|GrassyGlide,WoodHammer,HighHorsepower,FakeOut|||M|||50|,,,,,Fire]Sneasler||FocusSash|PoisonTouch|DireClaw,CloseCombat,FakeOut,Protect|||F|||50|,,,,,Ghost]Electabuzz||Eviolite|VitalSpirit|FollowMe,Thunderbolt,Taunt,Protect|||M|||50|,,,,,Ghost]Volcarona||CovertCloak|FlameBody|HeatWave,QuiverDance,TeraBlast,Protect|||M|||50|,,,,,Fairy
|inactive|Battle timer is ON: inactive players will automatically lose when time's up. (requested by cbninjask4uber)
|inactive|usainragingbolt has 60 seconds left.
|
|t:|1757775386
|teamsize|p1|4
|teamsize|p2|4
|start
|switch|p1a: Politoed|Politoed, L50, M|100/100
|switch|p1b: Gothitelle|Gothitelle, L50, F|100/100
|switch|p2a: Electabuzz|Electabuzz, L50, M|100/100
|switch|p2b: Volcarona|Volcarona, L50, M|100/100
|-weather|RainDance|[from] ability: Drizzle|[of] p1a: Politoed
|turn|1
|
|t:|1757775410
|-terastallize|p2a: Electabuzz|Ghost
|move|p1b: Gothitelle|Fake Out|p2a: Electabuzz
|-immune|p2a: Electabuzz
|move|p2a: Electabuzz|Taunt|p1a: Politoed
|-start|p1a: Politoed|move: Taunt
|move|p2b: Volcarona|Quiver Dance|p2b: Volcarona
|-boost|p2b: Volcarona|spa|1
|-boost|p2b: Volcarona|spd|1
|-boost|p2b: Volcarona|spe|1
|cant|p1a: Politoed|move: Taunt|Perish Song
|
|-weather|RainDance|[upkeep]
|upkeep
|turn|2
|inactive|cbninjask4uber has 30 seconds left.
|
|t:|1757775438
|switch|p1b: Kingdra|Kingdra, L50, M|100/100
|move|p2b: Volcarona|Quiver Dance|p2b: Volcarona
|-boost|p2b: Volcarona|spa|1
|-boost|p2b: Volcarona|spd|1
|-boost|p2b: Volcarona|spe|1
|move|p2a: Electabuzz|Thunderbolt|p1a: Politoed
|-supereffective|p1a: Politoed
|-damage|p1a: Politoed|54/100
|move|p1a: Politoed|Weather Ball|p2b: Volcarona
|-supereffective|p2b: Volcarona
|-damage|p2b: Volcarona|59/100
|
|-weather|RainDance|[upkeep]
|-heal|p1a: Politoed|60/100|[from] item: Leftovers
|upkeep
|turn|3
|
|t:|1757775458
|switch|p2a: Rillaboom|Rillaboom, L50, M|100/100
|-fieldstart|move: Grassy Terrain|[from] ability: Grassy Surge|[of] p2a: Rillaboom
|switch|p1a: Amoonguss|Amoonguss, L50, F|100/100
|-terastallize|p1b: Kingdra|Stellar
|move|p2b: Volcarona|Protect|p2b: Volcarona
|-singleturn|p2b: Volcarona|Protect
|move|p1b: Kingdra|Muddy Water|p2a: Rillaboom|[spread] p2a
|-activate|p2b: Volcarona|move: Protect
|-resisted|p2a: Rillaboom
|-damage|p2a: Rillaboom|72/100
|-damage|p1b: Kingdra|91/100|[from] item: Life Orb
|
|-weather|RainDance|[upkeep]
|-heal|p1b: Kingdra|97/100|[from] Grassy Terrain
|-heal|p2b: Volcarona|65/100|[from] Grassy Terrain
|-heal|p2a: Rillaboom|78/100|[from] Grassy Terrain
|upkeep
|turn|4
|inactive|cbninjask4uber has 30 seconds left.
|inactive|cbninjask4uber has 20 seconds left.
|
|t:|1757775496
|move|p2a: Rillaboom|Fake Out|p1b: Kingdra
|-damage|p1b: Kingdra|78/100
|cant|p1b: Kingdra|flinch
|move|p2b: Volcarona|Heat Wave|p1b: Kingdra|[spread] p1a,p1b
|-supereffective|p1a: Amoonguss
|-resisted|p1b: Kingdra
|-damage|p1a: Amoonguss|43/100
|-damage|p1b: Kingdra|67/100
|-enditem|p1a: Amoonguss|Eject Button
|
|t:|1757775506
|switch|p1a: Gothitelle|Gothitelle, L50, F|100/100
|
|-weather|RainDance|[upkeep]
|-heal|p1b: Kingdra|73/100|[from] Grassy Terrain
|-heal|p2b: Volcarona|71/100|[from] Grassy Terrain
|-heal|p2a: Rillaboom|84/100|[from] Grassy Terrain
|upkeep
|turn|5
|
|t:|1757775531
|move|p2b: Volcarona|Protect|p2b: Volcarona
|-singleturn|p2b: Volcarona|Protect
|move|p1a: Gothitelle|Fake Out|p2a: Rillaboom
|-damage|p2a: Rillaboom|79/100
|move|p1b: Kingdra|Muddy Water|p2b: Volcarona|[spread] p2a
|-activate|p2b: Volcarona|move: Protect
|-resisted|p2a: Rillaboom
|-damage|p2a: Rillaboom|54/100
|-damage|p1b: Kingdra|63/100|[from] item: Life Orb
|cant|p2a: Rillaboom|flinch
|
|-weather|none
|-heal|p1b: Kingdra|69/100|[from] Grassy Terrain
|-heal|p2b: Volcarona|78/100|[from] Grassy Terrain
|-heal|p2a: Rillaboom|60/100|[from] Grassy Terrain
|upkeep
|turn|6
|inactive|cbninjask4uber has 30 seconds left.
|inactive|cbninjask4uber has 20 seconds left.
|
|t:|1757775571
|switch|p1a: Politoed|Politoed, L50, M|60/100
|-weather|RainDance|[from] ability: Drizzle|[of] p1a: Politoed
|move|p1b: Kingdra|Weather Ball|p2b: Volcarona
|-supereffective|p2b: Volcarona
|-damage|p2b: Volcarona|0 fnt
|faint|p2b: Volcarona
|-damage|p1b: Kingdra|59/100|[from] item: Life Orb
|move|p2a: Rillaboom|Wood Hammer|p1b: Kingdra
|-crit|p1b: Kingdra
|-damage|p1b: Kingdra|0 fnt
|faint|p1b: Kingdra
|-damage|p2a: Rillaboom|46/100|[from] Recoil
|
|-weather|RainDance|[upkeep]
|-heal|p2a: Rillaboom|52/100|[from] Grassy Terrain
|-heal|p1a: Politoed|66/100|[from] Grassy Terrain
|-heal|p1a: Politoed|72/100|[from] item: Leftovers
|upkeep
|inactive|cbninjask4uber has 30 seconds left.
|
|t:|1757775596
|switch|p1b: Gothitelle|Gothitelle, L50, F|100/100
|switch|p2b: Electabuzz|Electabuzz, L50, M, tera:Ghost|100/100
|turn|7
|
|t:|1757775617
|move|p1a: Politoed|Protect|p1a: Politoed
|-singleturn|p1a: Politoed|Protect
|move|p2b: Electabuzz|Taunt|p1a: Politoed
|-activate|p1a: Politoed|move: Protect
|move|p2a: Rillaboom|Wood Hammer|p1b: Gothitelle
|-damage|p1b: Gothitelle|17/100
|-enditem|p1b: Gothitelle|Sitrus Berry|[eat]
|-heal|p1b: Gothitelle|42/100|[from] item: Sitrus Berry
|-damage|p2a: Rillaboom|28/100|[from] Recoil
|move|p1b: Gothitelle|Trick Room|p1b: Gothitelle
|-fieldstart|move: Trick Room|[of] p1b: Gothitelle
|
|-weather|RainDance|[upkeep]
|-heal|p1b: Gothitelle|48/100|[from] Grassy Terrain
|-heal|p1a: Politoed|78/100|[from] Grassy Terrain
|-heal|p1a: Politoed|84/100|[from] item: Leftovers
|-heal|p2a: Rillaboom|34/100|[from] Grassy Terrain
|-fieldend|move: Grassy Terrain
|upkeep
|turn|8
|inactive|usainragingbolt has 30 seconds left.
|inactive|cbninjask4uber has 30 seconds left.
|inactive|usainragingbolt has 20 seconds left.
|inactive|usainragingbolt has 15 seconds left.
|
|t:|1757775659
|switch|p1b: Amoonguss|Amoonguss, L50, F|76/100
|move|p1a: Politoed|Perish Song|p1a: Politoed
|-start|p1a: Politoed|perish3|[silent]
|-start|p1b: Amoonguss|perish3|[silent]
|-start|p2a: Rillaboom|perish3|[silent]
|-start|p2b: Electabuzz|perish3|[silent]
|-fieldactivate|move: Perish Song
|move|p2a: Rillaboom|Wood Hammer|p1a: Politoed
|-supereffective|p1a: Politoed
|-damage|p1a: Politoed|0 fnt
|faint|p1a: Politoed
|-damage|p2a: Rillaboom|8/100|[from] Recoil
|move|p2b: Electabuzz|Thunderbolt|p1b: Amoonguss
|-resisted|p1b: Amoonguss
|-damage|p1b: Amoonguss|63/100
|
|-weather|RainDance|[upkeep]
|-start|p1b: Amoonguss|perish3
|-start|p2a: Rillaboom|perish3
|-start|p2b: Electabuzz|perish3
|upkeep
|
|t:|1757775673
|switch|p1a: Gothitelle|Gothitelle, L50, F|48/100
|turn|9
|inactive|cbninjask4uber has 30 seconds left.
|inactive|cbninjask4uber has 20 seconds left.
|inactive|cbninjask4uber has 15 seconds left.
|
|t:|1757775717
|move|p1a: Gothitelle|Fake Out|p2a: Rillaboom
|-damage|p2a: Rillaboom|1/100
|move|p1b: Amoonguss|Pollen Puff|p2a: Rillaboom
|-supereffective|p2a: Rillaboom
|-damage|p2a: Rillaboom|0 fnt
|faint|p2a: Rillaboom
|move|p2b: Electabuzz|Taunt|p1b: Amoonguss
|-start|p1b: Amoonguss|move: Taunt
|
|-weather|RainDance|[upkeep]
|-start|p1b: Amoonguss|perish2
|-start|p2b: Electabuzz|perish2
|upkeep
|
|t:|1757775725
|switch|p2a: Sneasler|Sneasler, L50, F|100/100
|turn|10
|
|t:|1757775744
|move|p2a: Sneasler|Fake Out|p1a: Gothitelle
|-damage|p1a: Gothitelle|34/100
|-status|p1a: Gothitelle|psn|[from] ability: Poison Touch|[of] p2a: Sneasler
|move|p1b: Amoonguss|Pollen Puff|p1a: Gothitelle
|-heal|p1a: Gothitelle|84/100 psn
|cant|p1a: Gothitelle|flinch
|move|p2b: Electabuzz|Thunderbolt|p1a: Gothitelle
|-damage|p1a: Gothitelle|61/100 psn
|
|-weather|none
|-damage|p1a: Gothitelle|49/100 psn|[from] psn
|-start|p1b: Amoonguss|perish1
|-start|p2b: Electabuzz|perish1
|upkeep
|turn|11
|
|t:|1757775763
|move|p2a: Sneasler|Protect|p2a: Sneasler
|-singleturn|p2a: Sneasler|Protect
|move|p1b: Amoonguss|Pollen Puff|p1a: Gothitelle
|-heal|p1a: Gothitelle|98/100 psn
|move|p1a: Gothitelle|Psychic|p2a: Sneasler
|-activate|p2a: Sneasler|move: Protect
|move|p2b: Electabuzz|Thunderbolt|p1a: Gothitelle
|-damage|p1a: Gothitelle|75/100 psn
|
|-damage|p1a: Gothitelle|62/100 psn|[from] psn
|-start|p1b: Amoonguss|perish0
|-start|p2b: Electabuzz|perish0
|-fieldend|move: Trick Room
|faint|p1b: Amoonguss
|faint|p2b: Electabuzz
|upkeep
|turn|12
|
|t:|1757775775
|move|p2a: Sneasler|Dire Claw|p1a: Gothitelle
|-damage|p1a: Gothitelle|21/100 psn
|move|p1a: Gothitelle|Psychic|p2a: Sneasler
|-supereffective|p2a: Sneasler
|-enditem|p2a: Sneasler|Focus Sash
|-damage|p2a: Sneasler|1/100
|
|-damage|p1a: Gothitelle|9/100 psn|[from] psn
|upkeep
|turn|13
|-message|usainragingbolt forfeited.
|
|win|cbninjask4uber
|l|☆usainragingbolt
|player|p1|
||usainragingbolt is ready for game 2.
||cbninjask4uber is ready for game 2.
|uhtml|next|Next: Game 2 of 3
