|j|☆masamuea
|j|☆0n0_SERPER_0n0
|html|masamuea0n0_SERPER_0n0    
|uhtml|bestof|Game 1 of a best-of-3
|t:|1782313374
|gametype|doubles
|player|p1|masamuea|hilda-wonderlauncher|
|player|p2|0n0_SERPER_0n0|erika|
|gen|9
|tier|[Gen 9 Champions] VGC 2026 Reg M-B (Bo3)
|rule|Species Clause: Limit one of each Pokémon
|rule|Item Clause: Limit 1 of each item
|clearpoke
|poke|p1|Pelipper, L50, F, shiny|
|poke|p1|Sylveon, L50, F|
|poke|p1|Sneasler, L50, F|
|poke|p1|Garchomp, L50, M|
|poke|p1|Corviknight, L50, M|
|poke|p1|Sinistcha, L50|
|poke|p2|Charizard, L50, M|
|poke|p2|Whimsicott, L50, M, shiny|
|poke|p2|Metagross, L50|
|poke|p2|Garchomp, L50, M, shiny|
|poke|p2|Kingambit, L50, M|
|poke|p2|Sylveon, L50, F, shiny|
|teampreview|4
|showteam|p1|Pelipper||FocusSash|Drizzle|Tailwind,WeatherBall,Hurricane,HelpingHand|Modest||F|||50|]Sylveon||FairyFeather|Pixilate|HyperVoice,QuickAttack,Protect,HyperBeam|Modest||F|||50|]Sneasler||WhiteHerb|Unburden|DireClaw,UpperHand,CloseCombat,FakeOut|Jolly||F|||50|]Garchomp||SoftSand|RoughSkin|DragonClaw,Earthquake,RockSlide,SwordsDance|Jolly||M|||50|]Corviknight||Leftovers|MirrorArmor|IronHead,Roost,BraveBird,BulkUp|Adamant||M|||50|]Sinistcha||KasibBerry|Hospitality|MatchaGotcha,Protect,RagePowder,LifeDew|Bold|||||50|
|showteam|p2|Charizard||CharizarditeY|Blaze|WeatherBall,HeatWave,SolarBeam,Protect|Modest||M|||50|]Whimsicott||MentalHerb|Prankster|Moonblast,Tailwind,Encore,Protect|Timid||M|||50|]Metagross||Metagrossite|ClearBody|IronHead,PsychicFangs,BrickBreak,Protect|Jolly|||||50|]Garchomp||LifeOrb|RoughSkin|DragonClaw,StompingTantrum,RockTomb,Protect|Jolly||M|||50|]Kingambit||FocusSash|Defiant|SuckerPunch,KowtowCleave,IronHead,LowKick|Adamant||M|||50|]Sylveon||FairyFeather|Pixilate|QuickAttack,HyperBeam,HyperVoice,Detect|Modest||F|||50|
|
|t:|1782313519
|teamsize|p1|4
|teamsize|p2|4
|start
|switch|p1a: Sneasler|Sneasler, L50, F|100/100
|switch|p1b: Garchomp|Garchomp, L50, M|100/100
|switch|p2a: Koldo|Charizard, L50, M|100/100
|switch|p2b: Luda4|Whimsicott, L50, M, shiny|100/100
|turn|1
|
|t:|1782313629
|move|p2b: Luda4|Protect|p2b: Luda4
|-singleturn|p2b: Luda4|Protect
|move|p2a: Koldo|Protect|p2a: Koldo
|-singleturn|p2a: Koldo|Protect
|move|p1a: Sneasler|Dire Claw|p2b: Luda4
|-activate|p2b: Luda4|move: Protect
|move|p1b: Garchomp|Rock Slide|p2a: Koldo|[spread] 
|-activate|p2a: Koldo|move: Protect
|-activate|p2b: Luda4|move: Protect
|
|upkeep
|turn|2
|
|t:|1782313659
|detailschange|p2a: Koldo|Charizard-Mega-Y, L50, M
|-mega|p2a: Koldo|Charizard|Charizardite Y
|-weather|SunnyDay|[from] ability: Drought|[of] p2a: Koldo
|move|p2b: Luda4|Tailwind|p2b: Luda4
|-sidestart|p2: 0n0_SERPER_0n0|move: Tailwind
|move|p2a: Koldo|Solar Beam||[still]
|-prepare|p2a: Koldo|Solar Beam
|-anim|p2a: Koldo|Solar Beam|p1b: Garchomp
|-damage|p1b: Garchomp|48/100
|move|p1a: Sneasler|Dire Claw|p2b: Luda4
|-supereffective|p2b: Luda4|2
|-damage|p2b: Luda4|0 fnt
|faint|p2b: Luda4
|move|p1b: Garchomp|Rock Slide|p2a: Koldo
|-supereffective|p2a: Koldo|2
|-damage|p2a: Koldo|0 fnt
|faint|p2a: Koldo
|
|-weather|SunnyDay|[upkeep]
|upkeep
|
|t:|1782313671
|switch|p2b: Dawei Si|Sylveon, L50, F, shiny|100/100
|switch|p2a: Chompy|Garchomp, L50, M, shiny|100/100
|turn|3
|
|t:|1782313719
|move|p2a: Chompy|Stomping Tantrum|p1a: Sneasler
|-supereffective|p1a: Sneasler|1
|-damage|p1a: Sneasler|0 fnt
|faint|p1a: Sneasler
|-damage|p2a: Chompy|90/100|[from] item: Life Orb
|move|p2b: Dawei Si|Hyper Voice|p1b: Garchomp
|-supereffective|p1b: Garchomp|1
|-damage|p1b: Garchomp|0 fnt
|faint|p1b: Garchomp
|
|-weather|SunnyDay|[upkeep]
|upkeep
|
|t:|1782313736
|switch|p1a: Corviknight|Corviknight, L50, M|100/100
|switch|p1b: Pelipper|Pelipper, L50, F, shiny|100/100
|-weather|RainDance|[from] ability: Drizzle|[of] p1b: Pelipper
|turn|4
|
|t:|1782313812
|move|p2a: Chompy|Rock Tomb|p1b: Pelipper
|-supereffective|p1b: Pelipper|1
|-damage|p1b: Pelipper|26/100
|-unboost|p1b: Pelipper|spe|1
|-damage|p2a: Chompy|80/100|[from] item: Life Orb
|move|p2b: Dawei Si|Hyper Voice|p1a: Corviknight|[spread] p1a,p1b
|-resisted|p1a: Corviknight|1
|-damage|p1a: Corviknight|77/100
|-damage|p1b: Pelipper|0 fnt
|faint|p1b: Pelipper
|move|p1a: Corviknight|Iron Head|p2b: Dawei Si
|-supereffective|p2b: Dawei Si|1
|-damage|p2b: Dawei Si|26/100
|
|-weather|RainDance|[upkeep]
|-heal|p1a: Corviknight|83/100|[from] item: Leftovers
|upkeep
|turn|5
|
|t:|1782313855
|move|p2a: Chompy|Rock Tomb|p1a: Corviknight
|-damage|p1a: Corviknight|57/100
|-ability|p1a: Corviknight|Mirror Armor
|-unboost|p2a: Chompy|spe|1
|-damage|p2a: Chompy|71/100|[from] item: Life Orb
|move|p2b: Dawei Si|Hyper Beam|p1a: Corviknight
|-resisted|p1a: Corviknight|1
|-damage|p1a: Corviknight|7/100
|-mustrecharge|p2b: Dawei Si
|move|p1a: Corviknight|Iron Head|p2b: Dawei Si
|-supereffective|p2b: Dawei Si|1
|-damage|p2b: Dawei Si|0 fnt
|faint|p2b: Dawei Si
|
|-weather|RainDance|[upkeep]
|-heal|p1a: Corviknight|13/100|[from] item: Leftovers
|-sideend|p2: 0n0_SERPER_0n0|move: Tailwind
|upkeep
|turn|6
|
|t:|1782313873
|move|p2a: Chompy|Rock Tomb|p1a: Corviknight
|-damage|p1a: Corviknight|0 fnt
|faint|p1a: Corviknight
|-damage|p2a: Chompy|61/100|[from] item: Life Orb
|
|win|0n0_SERPER_0n0
||0n0_SERPER_0n0 is ready for game 2.
||masamuea is ready for game 2.
|uhtml|next|Next: Game 2 of 3
|l|☆masamuea
|player|p1|
