|j|☆drewqfan
|j|☆Chaoticfarmer
|html|drewqfanChaoticfarmer    
|uhtml|bestof|Game 3 of a best-of-3
|t:|1754964050
|gametype|doubles
|player|p1|drewqfan|preschooler|1249
|player|p2|Chaoticfarmer|norman|1267
|gen|9
|tier|[Gen 9] VGC 2025 Reg H (Bo3)
|rated|
|rule|Species Clause: Limit one of each Pokémon
|rule|Item Clause: Limit 1 of each item
|clearpoke
|poke|p1|Ursaluna, L50, M|
|poke|p1|Gholdengo, L50|
|poke|p1|Porygon2, L50|
|poke|p1|Amoonguss, L50, M|
|poke|p1|Incineroar, L50, F|
|poke|p1|Hydreigon, L50, M|
|poke|p2|Dondozo, L50, M|
|poke|p2|Tatsugiri, L50, F|
|poke|p2|Indeedee, L50, M|
|poke|p2|Tyranitar, L50, F|
|poke|p2|Sneasler, L50, F|
|poke|p2|Alcremie, L50, F|
|teampreview|4
|showteam|p1|Ursaluna||FlameOrb|Guts|Facade,Earthquake,HeadlongRush,Protect|||M|||50|,,,,,Ghost]Gholdengo||LifeOrb|GoodasGold|MakeItRain,ShadowBall,NastyPlot,Protect||||||50|,,,,,Steel]Porygon2||Eviolite|Download|TeraBlast,IceBeam,TrickRoom,Recover||||||50|,,,,,Fighting]Amoonguss||CovertCloak|Regenerator|Spore,RagePowder,PollenPuff,Protect|||M|||50|,,,,,Water]Incineroar||AssaultVest|Intimidate|FakeOut,FlareBlitz,KnockOff,Uturn|||F|||50|,,,,,Ghost]Hydreigon||SafetyGoggles|Levitate|DragonPulse,Snarl,Tailwind,Protect|||M|||50|,,,,,Ghost
|showteam|p2|Dondozo||Leftovers|Oblivious|WaveCrash,OrderUp,Earthquake,Protect|||M|||50|,,,,,Grass]Tatsugiri||FocusSash|Commander|MuddyWater,DracoMeteor,TeraBlast,Protect|||F|||50|,,,,,Fairy]Indeedee||ChoiceScarf|PsychicSurge|ExpandingForce,TeraBlast,Trick,HyperVoice|||M|||50|,,,,,Fairy]Tyranitar||AssaultVest|SandStream|RockSlide,KnockOff,LowKick,TeraBlast|||F|||50|,,,,,Flying]Sneasler||PsychicSeed|Unburden|DireClaw,CloseCombat,ThroatChop,Protect|||F|||50|,,,,,Dark]Alcremie||SitrusBerry|SweetVeil|AlluringVoice,Decorate,Substitute,Protect|||F|||50|,,,,,Steel
|inactive|Battle timer is ON: inactive players will automatically lose when time's up. (requested by Chaoticfarmer)
|j| mitsuri fresh leg
|inactive|Chaoticfarmer has 60 seconds left.
|l| mitsuri fresh leg
|
|t:|1754964105
|teamsize|p1|4
|teamsize|p2|4
|start
|switch|p1a: Porygon2|Porygon2, L50|100/100
|switch|p1b: Incineroar|Incineroar, L50, F|100/100
|switch|p2a: Indeedee|Indeedee, L50, M|100/100
|switch|p2b: Dondozo|Dondozo, L50, M|100/100
|-fieldstart|move: Psychic Terrain|[from] ability: Psychic Surge|[of] p2a: Indeedee
|-ability|p1b: Incineroar|Intimidate|boost
|-unboost|p2a: Indeedee|atk|1
|-fail|p2b: Dondozo|unboost|Attack|[from] ability: Oblivious|[of] p2b: Dondozo
|-ability|p1a: Porygon2|Download|boost
|-boost|p1a: Porygon2|atk|1
|turn|1
|inactive|drewqfan has 30 seconds left.
|
|t:|1754964133
|move|p2a: Indeedee|Trick|p1a: Porygon2
|-activate|p2a: Indeedee|move: Trick|[of] p1a: Porygon2
|-item|p1a: Porygon2|Choice Scarf|[from] move: Trick
|-item|p2a: Indeedee|Eviolite|[from] move: Trick
|move|p1b: Incineroar|U-turn|p2a: Indeedee
|-supereffective|p2a: Indeedee
|-damage|p2a: Indeedee|11/100
|
|t:|1754964138
|switch|p1b: Amoonguss|Amoonguss, L50, M|100/100|[from] U-turn
|move|p2b: Dondozo|Wave Crash|p1b: Amoonguss
|-resisted|p1b: Amoonguss
|-damage|p1b: Amoonguss|82/100
|-damage|p2b: Dondozo|94/100|[from] Recoil
|move|p1a: Porygon2|Trick Room|p1a: Porygon2
|-fieldstart|move: Trick Room|[of] p1a: Porygon2
|
|-heal|p2b: Dondozo|100/100|[from] item: Leftovers
|upkeep
|turn|2
|
|t:|1754964162
|switch|p1a: Incineroar|Incineroar, L50, F|100/100
|-ability|p1a: Incineroar|Intimidate|boost
|-unboost|p2a: Indeedee|atk|1
|-fail|p2b: Dondozo|unboost|Attack|[from] ability: Oblivious|[of] p2b: Dondozo
|switch|p2a: Tatsugiri|Tatsugiri, L50, F|100/100
|-activate|p2a: Tatsugiri|ability: Commander|[of] p2b: Dondozo
|-boost|p2b: Dondozo|atk|2
|-boost|p2b: Dondozo|spa|2
|-boost|p2b: Dondozo|spe|2
|-boost|p2b: Dondozo|def|2
|-boost|p2b: Dondozo|spd|2
|-terastallize|p2b: Dondozo|Grass
|move|p1b: Amoonguss|Pollen Puff|p2a: Tatsugiri|[miss]
|-miss|p1b: Amoonguss|p2a: Tatsugiri
|move|p2b: Dondozo|Order Up|p1b: Amoonguss
|-damage|p1b: Amoonguss|49/100
|-boost|p2b: Dondozo|atk|1
|
|upkeep
|turn|3
|inactive|drewqfan has 30 seconds left.
|inactive|Chaoticfarmer has 30 seconds left.
|inactive|Chaoticfarmer has 20 seconds left.
|inactive|Chaoticfarmer has 15 seconds left.
|
|t:|1754964202
|switch|p1b: Ursaluna|Ursaluna, L50, M|100/100
|-terastallize|p1a: Incineroar|Ghost
|move|p1a: Incineroar|Knock Off|p2b: Dondozo
|-damage|p2b: Dondozo|84/100
|-enditem|p2b: Dondozo|Leftovers|[from] move: Knock Off|[of] p1a: Incineroar
|move|p2b: Dondozo|Earthquake|p1b: Ursaluna|[spread] p1a,p1b
|-miss|p2b: Dondozo|p2a: Tatsugiri
|-damage|p1a: Incineroar|46/100
|-damage|p1b: Ursaluna|58/100
|
|-status|p1b: Ursaluna|brn|[from] item: Flame Orb
|upkeep
|turn|4
|inactive|Chaoticfarmer has 30 seconds left.
|inactive|Chaoticfarmer has 20 seconds left.
|inactive|Chaoticfarmer has 15 seconds left.
|
|t:|1754964245
|move|p1b: Ursaluna|Facade|p2b: Dondozo
|-damage|p2b: Dondozo|37/100
|move|p1a: Incineroar|Flare Blitz|p2b: Dondozo
|-supereffective|p2b: Dondozo
|-damage|p2b: Dondozo|0 fnt
|faint|p2b: Dondozo
|-damage|p1a: Incineroar|32/100|[from] Recoil
|
|-damage|p1b: Ursaluna|52/100 brn|[from] brn
|upkeep
|
|t:|1754964255
|switch|p2b: Indeedee|Indeedee, L50, M|11/100
|turn|5
|
|t:|1754964272
|move|p2a: Tatsugiri|Protect|p2a: Tatsugiri
|-singleturn|p2a: Tatsugiri|Protect
|move|p1b: Ursaluna|Facade|p2a: Tatsugiri
|-activate|p2a: Tatsugiri|move: Protect
|move|p1a: Incineroar|U-turn|p2b: Indeedee
|-supereffective|p2b: Indeedee
|-damage|p2b: Indeedee|0 fnt
|faint|p2b: Indeedee
|
|t:|1754964289
|switch|p1a: Amoonguss|Amoonguss, L50, M|82/100|[from] U-turn
|
|-damage|p1b: Ursaluna|46/100 brn|[from] brn
|-fieldend|move: Trick Room
|-fieldend|move: Psychic Terrain
|upkeep
|
|t:|1754964293
|switch|p2b: Tyranitar|Tyranitar, L50, F|100/100
|-weather|Sandstorm|[from] ability: Sand Stream|[of] p2b: Tyranitar
|turn|6
|
|t:|1754964307
|switch|p1b: Incineroar|Incineroar, L50, F, tera:Ghost|32/100
|-ability|p1b: Incineroar|Intimidate|boost
|-unboost|p2a: Tatsugiri|atk|1
|-unboost|p2b: Tyranitar|atk|1
|move|p2a: Tatsugiri|Muddy Water|p1b: Incineroar|[spread] p1a,p1b
|-resisted|p1a: Amoonguss
|-damage|p1a: Amoonguss|67/100
|-damage|p1b: Incineroar|12/100
|move|p2b: Tyranitar|Rock Slide|p1b: Incineroar|[spread] p1a,p1b
|-damage|p1a: Amoonguss|52/100
|-damage|p1b: Incineroar|0 fnt
|faint|p1b: Incineroar
|move|p1a: Amoonguss|Spore|p2a: Tatsugiri
|-status|p2a: Tatsugiri|slp|[from] move: Spore
|
|-weather|Sandstorm|[upkeep]
|-damage|p2a: Tatsugiri|94/100 slp|[from] Sandstorm
|-damage|p1a: Amoonguss|46/100|[from] Sandstorm
|upkeep
|
|t:|1754964322
|switch|p1b: Ursaluna|Ursaluna, L50, M|46/100 brn
|turn|7
|
|t:|1754964334
|switch|p1a: Porygon2|Porygon2, L50|100/100
|-ability|p1a: Porygon2|Download|boost
|-boost|p1a: Porygon2|atk|1
|cant|p2a: Tatsugiri|slp
|move|p2b: Tyranitar|Knock Off|p1a: Porygon2
|-damage|p1a: Porygon2|69/100
|-enditem|p1a: Porygon2|Choice Scarf|[from] move: Knock Off|[of] p2b: Tyranitar
|move|p1b: Ursaluna|Headlong Rush|p2b: Tyranitar
|-supereffective|p2b: Tyranitar
|-damage|p2b: Tyranitar|0 fnt
|-unboost|p1b: Ursaluna|def|1
|-unboost|p1b: Ursaluna|spd|1
|faint|p2b: Tyranitar
|
|-weather|Sandstorm|[upkeep]
|-damage|p2a: Tatsugiri|88/100 slp|[from] Sandstorm
|-damage|p1a: Porygon2|63/100|[from] Sandstorm
|-damage|p1b: Ursaluna|40/100 brn|[from] brn
|upkeep
|turn|8
|-message|Chaoticfarmer forfeited.
|
|win|drewqfan
|raw|drewqfan's rating: 1249 → 1275(+26 for winning)
|raw|Chaoticfarmer's rating: 1267 → 1241(-26 for losing)
|l|☆Chaoticfarmer
|player|p2|
