|j|☆MinasDevilCrobats
|j|☆anivgc
|html|MinasDevilCrobatsanivgc    
|uhtml|bestof|Game 3 of a best-of-3
|t:|1756844774
|gametype|doubles
|player|p1|MinasDevilCrobats|darach-caitlin|1197
|player|p2|anivgc|dawn|1193
|gen|9
|tier|[Gen 9] VGC 2025 Reg H (Bo3)
|rated|
|rule|Species Clause: Limit one of each Pokémon
|rule|Item Clause: Limit 1 of each item
|clearpoke
|poke|p1|Indeedee, L50, M|
|poke|p1|Sneasler, L50, M|
|poke|p1|Dondozo, L50, M|
|poke|p1|Tatsugiri, L50, F|
|poke|p1|Talonflame, L50, M|
|poke|p1|Glimmora, L50, F|
|poke|p2|Garchomp, L50, M|
|poke|p2|Tyranitar, L50, F|
|poke|p2|Gholdengo, L50|
|poke|p2|Incineroar, L50, M|
|poke|p2|Corviknight, L50, F|
|poke|p2|Clefable, L50, M|
|teampreview|4
|showteam|p1|Indeedee||ChoiceScarf|PsychicSurge|ExpandingForce,DazzlingGleam,Trick,Protect|||M|||50|,,,,,Psychic]Sneasler||PsychicSeed|Unburden|CloseCombat,DireClaw,ThroatChop,Protect|||M|||50|,,,,,Dark]Dondozo||Leftovers|Unaware|WaveCrash,OrderUp,Earthquake,Protect|||M|||50|,,,,,Grass]Tatsugiri||LifeOrb|Commander|MuddyWater,DracoMeteor,DragonPulse,Protect|||F|||50|,,,,,Steel]Talonflame||CovertCloak|GaleWings|FlareBlitz,WillOWisp,Tailwind,Taunt|||M|||50|,,,,,Water]Glimmora||PowerHerb|ToxicDebris|MeteorBeam,SludgeBomb,EarthPower,SpikyShield|||F|||50|,,,,,Grass
|showteam|p2|Garchomp||LifeOrb|RoughSkin|Earthquake,DragonClaw,StompingTantrum,Protect|||M|||50|,,,,,Steel]Tyranitar||AssaultVest|SandStream|RockSlide,KnockOff,TeraBlast,LowKick|||F|||50|,,,,,Flying]Gholdengo||MetalCoat|GoodasGold|MakeItRain,ShadowBall,NastyPlot,Protect||||||50|,,,,,Water]Incineroar||SitrusBerry|Intimidate|FlareBlitz,WillOWisp,PartingShot,FakeOut|||M|||50|,,,,,Grass]Corviknight||CovertCloak|MirrorArmor|BraveBird,Taunt,Roost,BodyPress|||F|||50|,,,,,Dragon]Clefable||SafetyGoggles|Unaware|Moonblast,FollowMe,ThunderWave,Protect|||M|||50|,,,,,Fairy
|inactive|Battle timer is ON: inactive players will automatically lose when time's up. (requested by MinasDevilCrobats)
|inactive|anivgc has 60 seconds left.
|
|t:|1756844856
|teamsize|p1|4
|teamsize|p2|4
|start
|switch|p1a: Talonflame|Talonflame, L50, M|100/100
|switch|p1b: Glimmora|Glimmora, L50, F|100/100
|switch|p2a: Tyranitar|Tyranitar, L50, F|100/100
|switch|p2b: Garchomp|Garchomp, L50, M|100/100
|-weather|Sandstorm|[from] ability: Sand Stream|[of] p2a: Tyranitar
|turn|1
|inactive|MinasDevilCrobats has 30 seconds left.
|
|t:|1756844886
|-terastallize|p1a: Talonflame|Water
|move|p1b: Glimmora|Spiky Shield|p1b: Glimmora
|-singleturn|p1b: Glimmora|move: Protect
|move|p1a: Talonflame|Will-O-Wisp|p2a: Tyranitar|[miss]
|-miss|p1a: Talonflame|p2a: Tyranitar
|move|p2b: Garchomp|Dragon Claw|p1b: Glimmora
|-activate|p1b: Glimmora|move: Protect
|-damage|p2b: Garchomp|88/100|[from] Spiky Shield|[of] p1b: Glimmora
|move|p2a: Tyranitar|Rock Slide|p1a: Talonflame|[spread] 
|-activate|p1b: Glimmora|move: Protect
|-miss|p2a: Tyranitar|p1a: Talonflame
|
|-weather|Sandstorm|[upkeep]
|-damage|p1a: Talonflame|95/100|[from] Sandstorm
|upkeep
|turn|2
|
|t:|1756844910
|switch|p2a: Clefable|Clefable, L50, M|100/100
|move|p2b: Garchomp|Protect|p2b: Garchomp
|-singleturn|p2b: Garchomp|Protect
|move|p1a: Talonflame|Tailwind|p1a: Talonflame
|-sidestart|p1: MinasDevilCrobats|move: Tailwind
|move|p1b: Glimmora|Meteor Beam||[still]
|-prepare|p1b: Glimmora|Meteor Beam
|-boost|p1b: Glimmora|spa|1
|-enditem|p1b: Glimmora|Power Herb
|-anim|p1b: Glimmora|Meteor Beam|p2a: Clefable
|-damage|p2a: Clefable|35/100
|
|-weather|Sandstorm|[upkeep]
|-damage|p1a: Talonflame|89/100|[from] Sandstorm
|upkeep
|turn|3
|
|t:|1756844927
|move|p1b: Glimmora|Spiky Shield|p1b: Glimmora
|-singleturn|p1b: Glimmora|move: Protect
|move|p2a: Clefable|Follow Me|p2a: Clefable
|-singleturn|p2a: Clefable|move: Follow Me
|move|p1a: Talonflame|Taunt|p2a: Clefable
|-start|p2a: Clefable|move: Taunt
|move|p2b: Garchomp|Earthquake|p1b: Glimmora|[spread] p2a,p1a
|-activate|p1b: Glimmora|move: Protect
|-damage|p2a: Clefable|0 fnt
|-damage|p1a: Talonflame|6/100
|faint|p2a: Clefable
|-damage|p2b: Garchomp|79/100|[from] item: Life Orb
|
|-weather|Sandstorm|[upkeep]
|-damage|p1a: Talonflame|0 fnt|[from] Sandstorm
|faint|p1a: Talonflame
|upkeep
|
|t:|1756844943
|switch|p1a: Indeedee|Indeedee, L50, M|100/100
|switch|p2a: Tyranitar|Tyranitar, L50, F|100/100
|-fieldstart|move: Psychic Terrain|[from] ability: Psychic Surge|[of] p1a: Indeedee
|turn|4
|inactive|MinasDevilCrobats has 30 seconds left.
|inactive|MinasDevilCrobats has 20 seconds left.
|inactive|anivgc has 30 seconds left.
|
|t:|1756844990
|move|p1a: Indeedee|Dazzling Gleam|p2a: Tyranitar|[spread] p2a,p2b
|-supereffective|p2a: Tyranitar
|-supereffective|p2b: Garchomp
|-damage|p2a: Tyranitar|85/100
|-damage|p2b: Garchomp|38/100
|move|p1b: Glimmora|Earth Power|p2b: Garchomp
|-damage|p2b: Garchomp|0 fnt
|faint|p2b: Garchomp
|move|p2a: Tyranitar|Knock Off|p1a: Indeedee
|-supereffective|p1a: Indeedee
|-damage|p1a: Indeedee|0 fnt
|-enditem|p1a: Indeedee|Choice Scarf|[from] move: Knock Off|[of] p2a: Tyranitar
|faint|p1a: Indeedee
|
|-weather|Sandstorm|[upkeep]
|upkeep
|
|t:|1756844998
|switch|p2b: Gholdengo|Gholdengo, L50|100/100
|switch|p1a: Sneasler|Sneasler, L50, M|100/100
|-enditem|p1a: Sneasler|Psychic Seed
|-boost|p1a: Sneasler|spd|1|[from] item: Psychic Seed
|turn|5
|
|t:|1756845022
|-terastallize|p2a: Tyranitar|Flying
|move|p1a: Sneasler|Throat Chop|p2b: Gholdengo
|-supereffective|p2b: Gholdengo
|-damage|p2b: Gholdengo|44/100
|-start|p2b: Gholdengo|Throat Chop|[silent]
|move|p1b: Glimmora|Earth Power|p2b: Gholdengo
|-supereffective|p2b: Gholdengo
|-damage|p2b: Gholdengo|0 fnt
|faint|p2b: Gholdengo
|move|p2a: Tyranitar|Tera Blast|p1a: Sneasler|[anim] Tera Blast Flying
|-supereffective|p1a: Sneasler
|-damage|p1a: Sneasler|0 fnt
|faint|p1a: Sneasler
|
|-weather|none
|-sideend|p1: MinasDevilCrobats|move: Tailwind
|upkeep
|turn|6
|
|t:|1756845037
|move|p1b: Glimmora|Meteor Beam||[still]
|-prepare|p1b: Glimmora|Meteor Beam
|-boost|p1b: Glimmora|spa|1
|move|p2a: Tyranitar|Rock Slide|p1b: Glimmora
|-damage|p1b: Glimmora|56/100
|-activate|p1b: Glimmora|ability: Toxic Debris
|-sidestart|p2: anivgc|move: Toxic Spikes
|
|upkeep
|turn|7
|
|t:|1756845042
|move|p1b: Glimmora|Meteor Beam|p2a: Tyranitar|[from] lockedmove
|-supereffective|p2a: Tyranitar
|-damage|p2a: Tyranitar|0 fnt
|faint|p2a: Tyranitar
|
|win|MinasDevilCrobats
|raw|MinasDevilCrobats's rating: 1197 → 1222(+25 for winning)
|raw|anivgc's rating: 1193 → 1168(-25 for losing)
|c|☆MinasDevilCrobats|gg
|l|☆anivgc
|player|p2|
