|j|☆DareDevilSweeper
|j|☆epic17x
|html|DareDevilSweeperepic17x    
|uhtml|bestof|Game 1 of a best-of-3
|t:|1756493365
|gametype|doubles
|player|p1|DareDevilSweeper|1|1356
|player|p2|epic17x|steven|1394
|gen|9
|tier|[Gen 9] VGC 2025 Reg H (Bo3)
|rated|
|rule|Species Clause: Limit one of each Pokémon
|rule|Item Clause: Limit 1 of each item
|clearpoke
|poke|p1|Archaludon, L50, M|
|poke|p1|Dragonite, L50, M|
|poke|p1|Pelipper, L50, F|
|poke|p1|Ursaluna, L50, M|
|poke|p1|Sinistcha, L50|
|poke|p1|Gholdengo, L50|
|poke|p2|Ninetales-Alola, L50, M|
|poke|p2|Rillaboom, L50, F|
|poke|p2|Magmar, L50, M|
|poke|p2|Sneasler, L50, M|
|poke|p2|Kingambit, L50, M|
|poke|p2|Basculegion, L50, M|
|teampreview|4
|showteam|p1|Archaludon||AssaultVest|Stamina|FlashCannon,BodyPress,ElectroShot,Snarl|||M|||50|,,,,,Fighting]Dragonite||LoadedDice|Multiscale|ScaleShot,Tailwind,Haze,Protect|||M|||50|,,,,,Fairy]Pelipper||FocusSash|Drizzle|MuddyWater,Hurricane,Tailwind,Protect|||F|||50|,,,,,Ghost]Ursaluna||FlameOrb|Guts|Facade,HeadlongRush,Earthquake,Protect|||M|||50|,,,,,Ghost]Sinistcha||SitrusBerry|Hospitality|MatchaGotcha,LifeDew,RagePowder,TrickRoom||||||50|,,,,,Dark]Gholdengo||ChoiceScarf|GoodasGold|MakeItRain,ShadowBall,Trick,Protect||||||50|,,,,,Flying
|showteam|p2|Ninetales-Alola||NeverMeltIce|SnowWarning|Blizzard,FreezeDry,Encore,Protect|||M|||50|,,,,,Ghost]Rillaboom||AssaultVest|GrassySurge|WoodHammer,FakeOut,Uturn,GrassyGlide|||F|||50|,,,,,Ghost]Magmar||Eviolite|VitalSpirit|Protect,HeatWave,WillOWisp,FollowMe|||M|||50|,,,,,Ghost]Sneasler||FocusSash|PoisonTouch|FakeOut,DireClaw,CloseCombat,Protect|||M|||50|,,,,,Ghost]Kingambit||BlackGlasses|Defiant|KowtowCleave,SwordsDance,SuckerPunch,Protect|||M|||50|,,,,,Fire]Basculegion||ChoiceScarf|Adaptability|WaveCrash,FlipTurn,TeraBlast,LastRespects|||M|||50|,,,,,Fighting
|inactive|Battle timer is ON: inactive players will automatically lose when time's up. (requested by epic17x)
|inactive|DareDevilSweeper has 60 seconds left.
|
|t:|1756493425
|teamsize|p1|4
|teamsize|p2|4
|start
|switch|p1a: Gholdengo|Gholdengo, L50|100/100
|switch|p1b: Pelipper|Pelipper, L50, F|100/100
|switch|p2a: Sneasler|Sneasler, L50, M|100/100
|switch|p2b: Basculegion|Basculegion, L50, M|100/100
|-weather|RainDance|[from] ability: Drizzle|[of] p1b: Pelipper
|turn|1
|
|t:|1756493436
|move|p2a: Sneasler|Fake Out|p1b: Pelipper
|-damage|p1b: Pelipper|81/100
|-status|p1b: Pelipper|psn|[from] ability: Poison Touch|[of] p2a: Sneasler
|move|p1a: Gholdengo|Shadow Ball|p2b: Basculegion
|-supereffective|p2b: Basculegion
|-damage|p2b: Basculegion|0 fnt
|faint|p2b: Basculegion
|cant|p1b: Pelipper|flinch
|
|-weather|RainDance|[upkeep]
|-damage|p1b: Pelipper|68/100 psn|[from] psn
|upkeep
|
|t:|1756493447
|switch|p2b: Ninetales|Ninetales-Alola, L50, M|100/100
|-weather|Snowscape|[from] ability: Snow Warning|[of] p2b: Ninetales
|turn|2
|
|t:|1756493458
|switch|p2a: Kingambit|Kingambit, L50, M|100/100
|move|p1b: Pelipper|Protect|p1b: Pelipper
|-singleturn|p1b: Pelipper|Protect
|move|p1a: Gholdengo|Shadow Ball|p2a: Kingambit
|-resisted|p2a: Kingambit
|-damage|p2a: Kingambit|76/100
|move|p2b: Ninetales|Blizzard|p1a: Gholdengo|[spread] p1a
|-activate|p1b: Pelipper|move: Protect
|-resisted|p1a: Gholdengo
|-damage|p1a: Gholdengo|78/100
|-status|p1a: Gholdengo|frz
|
|-weather|Snowscape|[upkeep]
|-damage|p1b: Pelipper|56/100 psn|[from] psn
|upkeep
|turn|3
|
|t:|1756493471
|-terastallize|p1b: Pelipper|Ghost
|cant|p1a: Gholdengo|frz
|move|p2b: Ninetales|Blizzard|p1a: Gholdengo|[spread] p1a,p1b
|-resisted|p1a: Gholdengo
|-damage|p1a: Gholdengo|58/100 frz
|-damage|p1b: Pelipper|0 fnt
|faint|p1b: Pelipper
|move|p2a: Kingambit|Swords Dance|p2a: Kingambit
|-boost|p2a: Kingambit|atk|2
|
|-weather|Snowscape|[upkeep]
|upkeep
|
|t:|1756493480
|switch|p1b: Dragonite|Dragonite, L50, M|100/100
|turn|4
|
|t:|1756493488
|move|p2a: Kingambit|Sucker Punch||[still]
|-fail|p2a: Kingambit
|-curestatus|p1a: Gholdengo|frz|[msg]
|move|p1a: Gholdengo|Shadow Ball|p2b: Ninetales
|-damage|p2b: Ninetales|43/100
|move|p2b: Ninetales|Blizzard|p1b: Dragonite|[spread] p1a,p1b
|-resisted|p1a: Gholdengo
|-supereffective|p1b: Dragonite
|-damage|p1a: Gholdengo|34/100
|-damage|p1b: Dragonite|24/100
|move|p1b: Dragonite|Haze|p1b: Dragonite
|-clearallboost
|
|-weather|Snowscape|[upkeep]
|upkeep
|turn|5
|inactive|DareDevilSweeper has 30 seconds left.
|
|t:|1756493516
|switch|p1a: Ursaluna|Ursaluna, L50, M|100/100
|move|p1b: Dragonite|Protect|p1b: Dragonite
|-singleturn|p1b: Dragonite|Protect
|move|p2a: Kingambit|Sucker Punch||[still]
|-fail|p2a: Kingambit
|move|p2b: Ninetales|Blizzard|p1a: Ursaluna|[spread] p1a
|-activate|p1b: Dragonite|move: Protect
|-supereffective|p1a: Ursaluna
|-damage|p1a: Ursaluna|15/100
|
|-weather|Snowscape|[upkeep]
|-status|p1a: Ursaluna|brn|[from] item: Flame Orb
|upkeep
|turn|6
|
|t:|1756493530
|move|p1b: Dragonite|Protect||[still]
|-fail|p1b: Dragonite
|move|p1a: Ursaluna|Protect|p1a: Ursaluna
|-singleturn|p1a: Ursaluna|Protect
|move|p2a: Kingambit|Sucker Punch||[still]
|-fail|p2a: Kingambit
|move|p2b: Ninetales|Blizzard|p1b: Dragonite|[spread] p1b
|-activate|p1a: Ursaluna|move: Protect
|-supereffective|p1b: Dragonite
|-damage|p1b: Dragonite|0 fnt
|faint|p1b: Dragonite
|
|-weather|none
|-damage|p1a: Ursaluna|9/100 brn|[from] brn
|upkeep
|
|t:|1756493533
|switch|p1b: Gholdengo|Gholdengo, L50|34/100
|turn|7
|
|t:|1756493546
|move|p2a: Kingambit|Sucker Punch||[still]
|-fail|p2a: Kingambit
|move|p1b: Gholdengo|Trick|p1a: Ursaluna
|-activate|p1b: Gholdengo|move: Trick|[of] p1a: Ursaluna
|-item|p1a: Ursaluna|Choice Scarf|[from] move: Trick
|-item|p1b: Gholdengo|Flame Orb|[from] move: Trick
|move|p2b: Ninetales|Freeze-Dry|p1a: Ursaluna
|-supereffective|p1a: Ursaluna
|-damage|p1a: Ursaluna|0 fnt
|faint|p1a: Ursaluna
|
|-status|p1b: Gholdengo|brn|[from] item: Flame Orb
|upkeep
|turn|8
|-message|DareDevilSweeper forfeited.
|
|win|epic17x
||DareDevilSweeper is ready for game 2.
||epic17x is ready for game 2.
|uhtml|next|Next: Game 2 of 3
|l|☆DareDevilSweeper
|player|p1|
