|j|☆MetaknightXIII
|j|☆delphigni
|html|MetaknightXIIIdelphigni    
|uhtml|bestof|Game 1 of a best-of-3
|t:|1756241034
|gametype|doubles
|player|p1|MetaknightXIII|veteran|1115
|player|p2|delphigni|dawn|1102
|gen|9
|tier|[Gen 9] VGC 2025 Reg H (Bo3)
|rated|
|rule|Species Clause: Limit one of each Pokémon
|rule|Item Clause: Limit 1 of each item
|clearpoke
|poke|p1|Kingdra, L50, M|
|poke|p1|Politoed, L50, M|
|poke|p1|Gothitelle, L50, M|
|poke|p1|Incineroar, L50, F|
|poke|p1|Amoonguss, L50, F|
|poke|p1|Archaludon, L50, F|
|poke|p2|Kommo-o, L50, M|
|poke|p2|Primarina, L50, F|
|poke|p2|Rillaboom, L50, F|
|poke|p2|Electabuzz, L50, M|
|poke|p2|Tyranitar, L50, F|
|poke|p2|Excadrill, L50, M|
|teampreview|4
|showteam|p1|Kingdra||LifeOrb|SwiftSwim|WeatherBall,MuddyWater,DracoMeteor,Protect|||M|||50|,,,,,Stellar]Politoed||Leftovers|Drizzle|WeatherBall,PerishSong,Encore,Protect|||M|||50|,,,,,Grass]Gothitelle||SitrusBerry|ShadowTag|FakeOut,Psychic,TrickRoom,Protect|||M|||50|,,,,,Dark]Incineroar||SafetyGoggles|Intimidate|FakeOut,KnockOff,PartingShot,Protect|||F|||50|,,,,,Ghost]Amoonguss||EjectButton|Regenerator|Spore,RagePowder,PollenPuff,Protect|||F|||50|,,,,,Fairy]Archaludon||PowerHerb|Sturdy|ElectroShot,FlashCannon,DragonPulse,Protect|||F|||50|,,,,,Electric
|showteam|p2|Kommo-o||ThroatSpray|Overcoat|ClangingScales,Flamethrower,ClangorousSoul,Protect|||M|||50|,,,,,Fire]Primarina||LifeOrb|LiquidVoice|HyperVoice,Moonblast,Haze,Protect|||F|||50|,,,,,Poison]Rillaboom||MeadowPlate|GrassySurge|WoodHammer,GrassyGlide,FakeOut,Protect|||F|||50|,,,,,Water]Electabuzz||Eviolite|VitalSpirit|FollowMe,Electroweb,HelpingHand,Protect|||M|||50|,,,,,Fairy]Tyranitar||AssaultVest|SandStream|TeraBlast,RockSlide,KnockOff,LowKick|||F|||50|,,,,,Flying]Excadrill||ClearAmulet|SandRush|RockSlide,IronHead,HighHorsepower,Protect|||M|||50|,,,,,Stellar
|inactive|Battle timer is ON: inactive players will automatically lose when time's up. (requested by delphigni)
|inactive|MetaknightXIII has 60 seconds left.
|inactive|delphigni has 60 seconds left.
|inactive|delphigni has 30 seconds left.
|
|t:|1756241101
|teamsize|p1|4
|teamsize|p2|4
|start
|switch|p1a: Politoed|Politoed, L50, M|100/100
|switch|p1b: Gothitelle|Gothitelle, L50, M|100/100
|switch|p2a: Primlance|Primarina, L50, F, shiny|100/100
|switch|p2b: Yharim|Kommo-o, L50, M, shiny|100/100
|-weather|RainDance|[from] ability: Drizzle|[of] p1a: Politoed
|turn|1
|
|t:|1756241124
|move|p1b: Gothitelle|Fake Out|p2b: Yharim
|-damage|p2b: Yharim|95/100
|cant|p2b: Yharim|flinch
|move|p1a: Politoed|Perish Song|p1a: Politoed
|-start|p1a: Politoed|perish3|[silent]
|-start|p1b: Gothitelle|perish3|[silent]
|-start|p2a: Primlance|perish3|[silent]
|-start|p2b: Yharim|perish3|[silent]
|-fieldactivate|move: Perish Song
|move|p2a: Primlance|Hyper Voice|p1a: Politoed|[spread] p1a,p1b
|-resisted|p1a: Politoed
|-damage|p1a: Politoed|75/100
|-damage|p1b: Gothitelle|49/100
|-enditem|p1b: Gothitelle|Sitrus Berry|[eat]
|-heal|p1b: Gothitelle|74/100|[from] item: Sitrus Berry
|-damage|p2a: Primlance|91/100|[from] item: Life Orb
|
|-weather|RainDance|[upkeep]
|-heal|p1a: Politoed|81/100|[from] item: Leftovers
|-start|p2b: Yharim|perish3
|-start|p1a: Politoed|perish3
|-start|p2a: Primlance|perish3
|-start|p1b: Gothitelle|perish3
|upkeep
|turn|2
|
|t:|1756241149
|move|p1a: Politoed|Protect|p1a: Politoed
|-singleturn|p1a: Politoed|Protect
|move|p2b: Yharim|Clangorous Soul|p2b: Yharim
|-boost|p2b: Yharim|atk|1
|-boost|p2b: Yharim|def|1
|-boost|p2b: Yharim|spa|1
|-boost|p2b: Yharim|spd|1
|-boost|p2b: Yharim|spe|1
|-damage|p2b: Yharim|62/100
|-enditem|p2b: Yharim|Throat Spray
|-boost|p2b: Yharim|spa|1|[from] item: Throat Spray
|move|p2a: Primlance|Moonblast|p1b: Gothitelle
|-damage|p1b: Gothitelle|25/100
|-damage|p2a: Primlance|82/100|[from] item: Life Orb
|move|p1b: Gothitelle|Trick Room|p1b: Gothitelle
|-fieldstart|move: Trick Room|[of] p1b: Gothitelle
|
|-weather|RainDance|[upkeep]
|-heal|p1a: Politoed|87/100|[from] item: Leftovers
|-start|p1b: Gothitelle|perish2
|-start|p1a: Politoed|perish2
|-start|p2a: Primlance|perish2
|-start|p2b: Yharim|perish2
|upkeep
|turn|3
|
|t:|1756241170
|-terastallize|p2b: Yharim|Fire
|move|p1b: Gothitelle|Protect|p1b: Gothitelle
|-singleturn|p1b: Gothitelle|Protect
|move|p1a: Politoed|Encore|p2b: Yharim
|-start|p2b: Yharim|Encore
|move|p2a: Primlance|Hyper Voice|p1a: Politoed|[spread] p1a
|-activate|p1b: Gothitelle|move: Protect
|-resisted|p1a: Politoed
|-damage|p1a: Politoed|59/100
|-damage|p2a: Primlance|72/100|[from] item: Life Orb
|move|p2b: Yharim|Clangorous Soul|p2b: Yharim
|-boost|p2b: Yharim|atk|1
|-boost|p2b: Yharim|def|1
|-boost|p2b: Yharim|spa|1
|-boost|p2b: Yharim|spd|1
|-boost|p2b: Yharim|spe|1
|-damage|p2b: Yharim|29/100
|
|-weather|RainDance|[upkeep]
|-heal|p1a: Politoed|65/100|[from] item: Leftovers
|-start|p1b: Gothitelle|perish1
|-start|p1a: Politoed|perish1
|-start|p2a: Primlance|perish1
|-start|p2b: Yharim|perish1
|upkeep
|turn|4
|inactive|MetaknightXIII has 30 seconds left.
|
|t:|1756241205
|switch|p1a: Amoonguss|Amoonguss, L50, F|100/100
|move|p1b: Gothitelle|Psychic|p2a: Primlance
|-damage|p2a: Primlance|43/100
|move|p2a: Primlance|Hyper Voice|p1a: Amoonguss|[spread] p1a,p1b
|-resisted|p1a: Amoonguss
|-damage|p1a: Amoonguss|74/100
|-damage|p1b: Gothitelle|0 fnt
|faint|p1b: Gothitelle
|-enditem|p1a: Amoonguss|Eject Button
|-damage|p2a: Primlance|34/100|[from] item: Life Orb
|
|t:|1756241219
|switch|p1a: Incineroar|Incineroar, L50, F|100/100
|-ability|p1a: Incineroar|Intimidate|boost
|-unboost|p2a: Primlance|atk|1
|-unboost|p2b: Yharim|atk|1
|move|p2b: Yharim|Clangorous Soul||[still]
|-fail|p2b: Yharim
|
|-weather|RainDance|[upkeep]
|-start|p2a: Primlance|perish0
|-start|p2b: Yharim|perish0
|faint|p2a: Primlance
|faint|p2b: Yharim
|upkeep
|
|t:|1756241228
|switch|p1b: Politoed|Politoed, L50, M|65/100
|switch|p2a: Great S. Shark|Tyranitar, L50, F, shiny|100/100
|switch|p2b: Perferator|Excadrill, L50, M, shiny|100/100
|-weather|Sandstorm|[from] ability: Sand Stream|[of] p2a: Great S. Shark
|-weather|RainDance|[from] ability: Drizzle|[of] p1b: Politoed
|turn|5
|
|t:|1756241242
|move|p1a: Incineroar|Fake Out|p2b: Perferator
|-resisted|p2b: Perferator
|-damage|p2b: Perferator|93/100
|move|p2a: Great S. Shark|Rock Slide|p1b: Politoed|[spread] p1b
|-miss|p2a: Great S. Shark|p1a: Incineroar
|-crit|p1b: Politoed
|-damage|p1b: Politoed|12/100
|cant|p1b: Politoed|flinch
|cant|p2b: Perferator|flinch
|
|-weather|RainDance|[upkeep]
|-heal|p1b: Politoed|18/100|[from] item: Leftovers
|upkeep
|turn|6
|inactive|MetaknightXIII has 30 seconds left.
|inactive|MetaknightXIII has 20 seconds left.
|inactive|MetaknightXIII has 15 seconds left.
|
|t:|1756241286
|move|p1a: Incineroar|Parting Shot|p2a: Great S. Shark
|-unboost|p2a: Great S. Shark|atk|1
|-unboost|p2a: Great S. Shark|spa|1
|
|t:|1756241289
|switch|p1a: Amoonguss|Amoonguss, L50, F|100/100|[from] Parting Shot
|move|p2a: Great S. Shark|Rock Slide|p1b: Politoed|[spread] p1a,p1b
|-damage|p1a: Amoonguss|81/100
|-damage|p1b: Politoed|0 fnt
|faint|p1b: Politoed
|move|p2b: Perferator|High Horsepower|p1a: Amoonguss
|-damage|p1a: Amoonguss|38/100
|
|-weather|RainDance|[upkeep]
|-fieldend|move: Trick Room
|upkeep
|
|t:|1756241295
|switch|p1b: Incineroar|Incineroar, L50, F|100/100
|-ability|p1b: Incineroar|Intimidate|boost
|-unboost|p2a: Great S. Shark|atk|1
|-fail|p2b: Perferator|unboost|[from] item: Clear Amulet|[of] p2b: Perferator
|turn|7
|-message|MetaknightXIII forfeited.
|
|win|delphigni
|l|☆MetaknightXIII
|player|p1|
||delphigni is ready for game 2.
||MetaknightXIII is ready for game 2.
|uhtml|next|Next: Game 2 of 3
|l|☆delphigni
|player|p2|
|j|☆delphigni
|player|p2|delphigni|dawn|
