|j|‽Juaner95
|j|☆WakePack
|html|Juaner95WakePack    
|uhtml|bestof|Game 2 of a best-of-3
|t:|1784745306
|gametype|doubles
|player|p1|Juaner95|ash-hoenn|1142
|player|p2|WakePack|170|1179
|gen|9
|tier|[Gen 9 Champions] VGC 2026 Reg M-B (Bo3)
|rated|
|rule|Species Clause: Limit one of each Pokémon
|rule|Item Clause: Limit 1 of each item
|clearpoke
|poke|p1|Scrafty, L50, M|
|poke|p1|Vileplume, L50, M, shiny|
|poke|p1|Oranguru, L50, M|
|poke|p1|Torkoal, L50, M, shiny|
|poke|p1|Gholdengo, L50, shiny|
|poke|p1|Lucario, L50, M|
|poke|p2|Volcarona, L50, M|
|poke|p2|Raichu, L50, M|
|poke|p2|Garchomp, L50, F|
|poke|p2|Hydreigon, L50, M|
|poke|p2|Blastoise, L50, F|
|poke|p2|Farigiraf, L50, M|
|teampreview|4
|showteam|p1|Scrafty||Scraftinite|Intimidate|FakeOut,KnockOff,DrainPunch,RockSlide|Brave||M|||50|]Vileplume||FocusSash|Chlorophyll|AfterYou,SludgeBomb,LeafStorm,Protect|Modest||M|||50|]Oranguru||MentalHerb|InnerFocus|Instruct,Encore,TrickRoom,Protect|Bold||M|||50|]Torkoal||Charcoal|Drought|Eruption,EarthPower,HeatWave,Protect|Quiet||M|||50|]Gholdengo||LifeOrb|GoodasGold|ShadowBall,MakeItRain,NastyPlot,Protect|Timid|||||50|]Lucario||ChoiceScarf|InnerFocus|FinalGambit,HelpingHand,SunnyDay,HealPulse|Timid||M|||50|
|showteam|p2|Volcarona||FocusSash|FlameBody|FieryDance,QuiverDance,HeatWave,Protect|Modest||M|||50|]Raichu||RaichuniteY|LightningRod|ZapCannon,VoltSwitch,FocusBlast,FakeOut|Hasty||M|||50|]Garchomp||HardStone|RoughSkin|Earthquake,RockSlide,DragonTail,Protect|Jolly||F|||50|]Hydreigon||LifeOrb|Levitate|DracoMeteor,DarkPulse,EarthPower,HeatWave|Timid||M|||50|]Blastoise||Blastoisinite|Torrent|FakeOut,WaterSpout,WaterPulse,DragonPulse|Quiet||F|||50|]Farigiraf||Leftovers|ArmorTail|Psychic,TrickRoom,HyperVoice,Protect|Sassy||M|||50|
|inactive|Battle timer is ON: inactive players will automatically lose when time's up. (requested by WakePack)
|inactive|Juaner95 has 60 seconds left.
|inactive|Juaner95 has 30 seconds left.
|inactive|Juaner95 has 20 seconds left.
|inactive|Juaner95 has 15 seconds left.
|
|t:|1784745393
|teamsize|p1|4
|teamsize|p2|4
|start
|switch|p1a: Lucario|Lucario, L50, M|100/100
|switch|p1b: Torkoal|Torkoal, L50, M, shiny|100/100
|switch|p2a: Hydreigon|Hydreigon, L50, M|100/100
|switch|p2b: Garchomp|Garchomp, L50, F|100/100
|-weather|SunnyDay|[from] ability: Drought|[of] p1b: Torkoal
|turn|1
|inactive|WakePack has 30 seconds left.
|inactive|WakePack has 20 seconds left.
|
|t:|1784745430
|switch|p2b: Volcarona|Volcarona, L50, M|100/100
|move|p1b: Torkoal|Protect|p1b: Torkoal
|-singleturn|p1b: Torkoal|Protect
|move|p1a: Lucario|Final Gambit|p2a: Hydreigon
|-damage|p2a: Hydreigon|0 fnt
|faint|p1a: Lucario
|faint|p2a: Hydreigon
|
|-weather|SunnyDay|[upkeep]
|upkeep
|
|t:|1784745446
|switch|p2a: Garchomp|Garchomp, L50, F|100/100
|switch|p1a: Vileplume|Vileplume, L50, M, shiny|100/100
|turn|2
|
|t:|1784745456
|move|p1a: Vileplume|After You|p1b: Torkoal
|-activate|p1b: Torkoal|move: After You
|move|p1b: Torkoal|Eruption|p2b: Volcarona|[spread] p2a,p2b
|-resisted|p2a: Garchomp|1
|-crit|p2a: Garchomp
|-damage|p2a: Garchomp|33/100
|-damage|p2b: Volcarona|6/100
|move|p2a: Garchomp|Earthquake|p1a: Vileplume|[spread] p2b,p1a,p1b
|-supereffective|p1b: Torkoal|1
|-damage|p2b: Volcarona|0 fnt
|-damage|p1a: Vileplume|48/100
|-damage|p1b: Torkoal|44/100
|faint|p2b: Volcarona
|
|-weather|SunnyDay|[upkeep]
|upkeep
|
|t:|1784745464
|switch|p2b: Blastoise|Blastoise, L50, F|100/100
|turn|3
|
|t:|1784745472
|detailschange|p2b: Blastoise|Blastoise-Mega, L50, F
|-mega|p2b: Blastoise|Blastoise|Blastoisinite
|move|p2b: Blastoise|Fake Out|p1a: Vileplume
|-damage|p1a: Vileplume|36/100
|cant|p1a: Vileplume|flinch
|move|p2a: Garchomp|Rock Slide|p1a: Vileplume|[spread] p1a,p1b
|-supereffective|p1b: Torkoal|1
|-crit|p1b: Torkoal
|-damage|p1a: Vileplume|1/100
|-damage|p1b: Torkoal|0 fnt
|faint|p1b: Torkoal
|
|-weather|SunnyDay|[upkeep]
|upkeep
|
|t:|1784745480
|switch|p1b: Scrafty|Scrafty, L50, M|100/100
|-ability|p1b: Scrafty|Intimidate|boost
|-unboost|p2a: Garchomp|atk|1
|-unboost|p2b: Blastoise|atk|1
|turn|4
|
|t:|1784745491
|detailschange|p1b: Scrafty|Scrafty-Mega, L50, M
|-mega|p1b: Scrafty|Scrafty|Scraftinite
|-ability|p1b: Scrafty|Intimidate|boost
|-unboost|p2a: Garchomp|atk|1
|-unboost|p2b: Blastoise|atk|1
|move|p2a: Garchomp|Protect|p2a: Garchomp
|-singleturn|p2a: Garchomp|Protect
|move|p1b: Scrafty|Fake Out|p2b: Blastoise
|-damage|p2b: Blastoise|88/100
|move|p1a: Vileplume|Leaf Storm|p2b: Blastoise
|-supereffective|p2b: Blastoise|1
|-crit|p2b: Blastoise
|-damage|p2b: Blastoise|0 fnt
|-unboost|p1a: Vileplume|spa|2
|faint|p2b: Blastoise
|
|-weather|SunnyDay|[upkeep]
|upkeep
|turn|5
|
|t:|1784745515
|move|p1a: Vileplume|Leaf Storm|p2a: Garchomp
|-damage|p2a: Garchomp|0 fnt
|-unboost|p1a: Vileplume|spa|2
|faint|p2a: Garchomp
|
|win|Juaner95
|l|☆WakePack
|player|p2|
||WakePack is ready for game 3.
