|j|☆FreezyPop439
|j|☆ZZSACHI
|html|FreezyPop439ZZSACHI    
|uhtml|bestof|Game 1 of a best-of-3
|t:|1784645715
|gametype|doubles
|player|p1|FreezyPop439|collector|1388
|player|p2|ZZSACHI|1|1260
|gen|9
|tier|[Gen 9 Champions] VGC 2026 Reg M-B (Bo3)
|rated|
|rule|Species Clause: Limit one of each Pokémon
|rule|Item Clause: Limit 1 of each item
|clearpoke
|poke|p1|Raichu, L50, M|
|poke|p1|Gyarados, L50, M|
|poke|p1|Mamoswine, L50, M|
|poke|p1|Ceruledge, L50, M|
|poke|p1|Clefable, L50, M|
|poke|p1|Kingambit, L50, F|
|poke|p2|Aerodactyl, L50, M|
|poke|p2|Garchomp, L50, F|
|poke|p2|Kingambit, L50, F|
|poke|p2|Charizard, L50, F|
|poke|p2|Sylveon, L50, M|
|poke|p2|Farigiraf, L50, M|
|teampreview|4
|showteam|p1|Raichu||RaichuniteY|LightningRod|ZapCannon,FocusBlast,FakeOut,Protect|Timid||M|||50|]Gyarados||Gyaradosite|Intimidate|Waterfall,PowerWhip,DragonDance,Protect|Adamant||M|||50|]Mamoswine||LifeOrb|Oblivious|HighHorsepower,IceShard,IcicleCrash,Protect|Jolly||M|||50|]Ceruledge||ColburBerry|FlashFire|BitterBlade,ShadowSneak,BulkUp,Protect|Adamant||M|||50|]Clefable||SitrusBerry|Unaware|Moonblast,FollowMe,HelpingHand,Protect|Bold||M|||50|]Kingambit||FocusSash|Defiant|IronHead,KowtowCleave,SuckerPunch,LowKick|Adamant||F|||50|
|showteam|p2|Aerodactyl||Aerodactylite|Unnerve|IceFang,RockSlide,Tailwind,DualWingbeat|Jolly||M|||50|]Garchomp||LifeOrb|RoughSkin|DragonClaw,StompingTantrum,Earthquake,Protect|Jolly||F|||50|]Kingambit||FocusSash|Defiant|SuckerPunch,KowtowCleave,IronHead,LowKick|Adamant||F|||50|]Charizard||CharizarditeY|Blaze|Protect,WeatherBall,HeatWave,SolarBeam|Modest||F|||50|]Sylveon||FairyFeather|Pixilate|Detect,HyperVoice,HyperBeam,QuickAttack|Modest||M|||50|]Farigiraf||SitrusBerry|ArmorTail|TrickRoom,Thunderbolt,Roar,TwinBeam|Bold||M|||50|
|
|t:|1784645783
|teamsize|p1|4
|teamsize|p2|4
|start
|switch|p1a: Raichu|Raichu, L50, M|100/100
|switch|p1b: Kingambit|Kingambit, L50, F|100/100
|switch|p2a: Charizard|Charizard, L50, F|100/100
|switch|p2b: Garchomp|Garchomp, L50, F|100/100
|turn|1
|
|t:|1784645817
|switch|p1b: Gyarados|Gyarados, L50, M|100/100
|-ability|p1b: Gyarados|Intimidate|boost
|-unboost|p2a: Charizard|atk|1
|-unboost|p2b: Garchomp|atk|1
|detailschange|p2a: Charizard|Charizard-Mega-Y, L50, F
|-mega|p2a: Charizard|Charizard|Charizardite Y
|-weather|SunnyDay|[from] ability: Drought|[of] p2a: Charizard
|move|p1a: Raichu|Protect|p1a: Raichu
|-singleturn|p1a: Raichu|Protect
|move|p2b: Garchomp|Earthquake|p1a: Raichu|[spread] 
|-activate|p1a: Raichu|move: Protect
|-immune|p2a: Charizard
|-immune|p1b: Gyarados
|move|p2a: Charizard|Heat Wave|p1a: Raichu|[spread] 
|-activate|p1a: Raichu|move: Protect
|-miss|p2a: Charizard|p1b: Gyarados
|
|-weather|SunnyDay|[upkeep]
|upkeep
|turn|2
|
|t:|1784645847
|switch|p2a: Sylveon|Sylveon, L50, M|100/100
|detailschange|p1a: Raichu|Raichu-Mega-Y, L50, M
|-mega|p1a: Raichu|Raichu|Raichunite Y
|move|p1a: Raichu|Zap Cannon|p2a: Sylveon
|-damage|p2a: Sylveon|52/100
|-status|p2a: Sylveon|par
|move|p2b: Garchomp|Stomping Tantrum|p1a: Raichu
|-supereffective|p1a: Raichu|1
|-damage|p1a: Raichu|0 fnt
|faint|p1a: Raichu
|-damage|p2b: Garchomp|90/100|[from] item: Life Orb
|move|p1b: Gyarados|Dragon Dance|p1b: Gyarados
|-boost|p1b: Gyarados|atk|1
|-boost|p1b: Gyarados|spe|1
|
|-weather|SunnyDay|[upkeep]
|upkeep
|inactive|Battle timer is ON: inactive players will automatically lose when time's up. (requested by ZZSACHI)
|
|t:|1784645892
|switch|p1a: Mamoswine|Mamoswine, L50, M|100/100
|turn|3
|inactive|FreezyPop439 has 30 seconds left.
|inactive|ZZSACHI has 30 seconds left.
|
|t:|1784645924
|move|p2b: Garchomp|Protect|p2b: Garchomp
|-singleturn|p2b: Garchomp|Protect
|move|p1b: Gyarados|Power Whip|p2b: Garchomp
|-activate|p2b: Garchomp|move: Protect
|move|p1a: Mamoswine|High Horsepower|p2a: Sylveon
|-damage|p2a: Sylveon|0 fnt
|faint|p2a: Sylveon
|-damage|p1a: Mamoswine|90/100|[from] item: Life Orb
|
|-weather|SunnyDay|[upkeep]
|upkeep
|
|t:|1784645938
|switch|p2a: Kingambit|Kingambit, L50, F|100/100
|turn|4
|
|t:|1784645958
|move|p1a: Mamoswine|Protect|p1a: Mamoswine
|-singleturn|p1a: Mamoswine|Protect
|move|p1b: Gyarados|Waterfall|p2a: Kingambit
|-damage|p2a: Kingambit|72/100
|move|p2b: Garchomp|Dragon Claw|p1b: Gyarados
|-crit|p1b: Gyarados
|-damage|p1b: Gyarados|3/100
|-damage|p2b: Garchomp|80/100|[from] item: Life Orb
|move|p2a: Kingambit|Iron Head|p1a: Mamoswine
|-activate|p1a: Mamoswine|move: Protect
|
|-weather|SunnyDay|[upkeep]
|upkeep
|turn|5
|inactive|ZZSACHI has 30 seconds left.
|
|t:|1784645989
|move|p1b: Gyarados|Protect|p1b: Gyarados
|-singleturn|p1b: Gyarados|Protect
|move|p2b: Garchomp|Dragon Claw|p1b: Gyarados
|-activate|p1b: Gyarados|move: Protect
|move|p1a: Mamoswine|High Horsepower|p2a: Kingambit
|-supereffective|p2a: Kingambit|1
|-damage|p2a: Kingambit|0 fnt
|faint|p2a: Kingambit
|-damage|p1a: Mamoswine|80/100|[from] item: Life Orb
|
|-weather|none
|upkeep
|
|t:|1784645996
|switch|p2a: Charizard|Charizard-Mega-Y, L50, F|100/100
|-weather|SunnyDay|[from] ability: Drought|[of] p2a: Charizard
|turn|6
|
|t:|1784646014
|move|p2b: Garchomp|Protect|p2b: Garchomp
|-singleturn|p2b: Garchomp|Protect
|move|p1a: Mamoswine|Protect|p1a: Mamoswine
|-singleturn|p1a: Mamoswine|Protect
|move|p1b: Gyarados|Waterfall|p2a: Charizard
|-supereffective|p2a: Charizard|1
|-damage|p2a: Charizard|34/100
|move|p2a: Charizard|Heat Wave|p1a: Mamoswine|[spread] 
|-activate|p1a: Mamoswine|move: Protect
|-miss|p2a: Charizard|p1b: Gyarados
|
|-weather|SunnyDay|[upkeep]
|upkeep
|turn|7
|inactive|ZZSACHI has 30 seconds left.
|
|t:|1784646042
|move|p1a: Mamoswine|Ice Shard|p2b: Garchomp
|-supereffective|p2b: Garchomp|2
|-damage|p2b: Garchomp|0 fnt
|faint|p2b: Garchomp
|-damage|p1a: Mamoswine|71/100|[from] item: Life Orb
|move|p1b: Gyarados|Waterfall|p2a: Charizard
|-supereffective|p2a: Charizard|1
|-damage|p2a: Charizard|0 fnt
|faint|p2a: Charizard
|
|win|FreezyPop439
||ZZSACHI is ready for game 2.
|inactive|FreezyPop439 has 30 seconds to confirm battle start!
