|j|☆liellastan
|j|☆executive pole
|html|liellastanexecutive pole    
|uhtml|bestof|Game 2 of a best-of-3
|t:|1757038913
|gametype|doubles
|player|p1|liellastan|266|
|player|p2|executive pole|brendan-masters|
|gen|9
|tier|[Gen 9] VGC 2025 Reg H (Bo3)
|rule|Species Clause: Limit one of each Pokémon
|rule|Item Clause: Limit 1 of each item
|clearpoke
|poke|p1|Tyranitar, L50, M|
|poke|p1|Garchomp, L50, M|
|poke|p1|Corviknight, L50, F|
|poke|p1|Sinistcha, L50|
|poke|p1|Magmar, L50, M|
|poke|p1|Primarina, L50, M|
|poke|p2|Whimsicott, L50, F|
|poke|p2|Garchomp, L50, M|
|poke|p2|Gholdengo, L50|
|poke|p2|Incineroar, L50, M|
|poke|p2|Sneasler, L50, M|
|poke|p2|Dragonite, L50, M|
|teampreview|4
|showteam|p1|Tyranitar||AssaultVest|SandStream|RockSlide,KnockOff,TeraBlast,LowKick|||M|||50|,,,,,Flying]Garchomp||LifeOrb|RoughSkin|DragonClaw,StompingTantrum,Earthquake,Protect|||M|||50|,,,,,Steel]Corviknight||SitrusBerry|MirrorArmor|BraveBird,BodyPress,BulkUp,Roost|||F|||50|,,,,,Dragon]Sinistcha||RockyHelmet|Hospitality|MatchaGotcha,LifeDew,RagePowder,TrickRoom||||||50|,,,,,Water]Magmar||Eviolite|VitalSpirit|Overheat,Taunt,FollowMe,Protect|||M|||50|,,,,,Ghost]Primarina||ThroatSpray|LiquidVoice|HyperVoice,Moonblast,Haze,Protect|||M|||50|,,,,,Steel
|showteam|p2|Whimsicott||FocusSash|Prankster|Moonblast,Tailwind,Encore,Protect|||F|||50|,,,,,Ghost]Garchomp||LifeOrb|RoughSkin|Earthquake,DragonClaw,StompingTantrum,Protect|||M|||50|,,,,,Ground]Gholdengo||ChoiceSpecs|GoodasGold|MakeItRain,ShadowBall,Trick,Protect||||||50|,,,,,Steel]Incineroar||AssaultVest|Intimidate|FlareBlitz,KnockOff,Uturn,FakeOut|||M|||50|,,,,,Grass]Sneasler||WhiteHerb|Unburden|FakeOut,DireClaw,CloseCombat,Protect|||M|||50|,,,,,Stellar]Dragonite||ChoiceBand|InnerFocus|ExtremeSpeed,Outrage,IceSpinner,StompingTantrum|||M|||50|,,,,,Normal
|j| totsbite4
|j| LikeAHydreigon
|
|t:|1757038970
|teamsize|p1|4
|teamsize|p2|4
|start
|switch|p1a: Tyranitar|Tyranitar, L50, M|100/100
|switch|p1b: Magmar|Magmar, L50, M|100/100
|switch|p2a: Dragonite|Dragonite, L50, M|100/100
|switch|p2b: Gholdengo|Gholdengo, L50|100/100
|-weather|Sandstorm|[from] ability: Sand Stream|[of] p1a: Tyranitar
|turn|1
|
|t:|1757039002
|switch|p1a: Corviknight|Corviknight, L50, F|100/100
|-terastallize|p2b: Gholdengo|Steel
|move|p2b: Gholdengo|Make It Rain|p1a: Corviknight|[spread] p1a,p1b
|-resisted|p1a: Corviknight
|-resisted|p1b: Magmar
|-damage|p1a: Corviknight|51/100
|-damage|p1b: Magmar|63/100
|-unboost|p2b: Gholdengo|spa|1
|move|p2a: Dragonite|Stomping Tantrum|p1b: Magmar
|-supereffective|p1b: Magmar
|-damage|p1b: Magmar|0 fnt
|faint|p1b: Magmar
|
|-weather|Sandstorm|[upkeep]
|-damage|p2a: Dragonite|94/100|[from] Sandstorm
|upkeep
|
|t:|1757039019
|switch|p1b: Sinistcha|Sinistcha, L50|100/100
|-heal|p1a: Corviknight|75/100|[from] ability: Hospitality|[of] p1b: Sinistcha
|turn|2
|l| LikeAHydreigon
|
|t:|1757039056
|switch|p2a: Whimsicott|Whimsicott, L50, F|100/100
|move|p2b: Gholdengo|Make It Rain|p1a: Corviknight|[spread] p1a,p1b
|-resisted|p1a: Corviknight
|-damage|p1a: Corviknight|40/100
|-damage|p1b: Sinistcha|32/100
|-unboost|p2b: Gholdengo|spa|1
|-enditem|p1a: Corviknight|Sitrus Berry|[eat]
|-heal|p1a: Corviknight|65/100|[from] item: Sitrus Berry
|move|p1a: Corviknight|Bulk Up|p1a: Corviknight
|-boost|p1a: Corviknight|atk|1
|-boost|p1a: Corviknight|def|1
|move|p1b: Sinistcha|Trick Room|p1b: Sinistcha
|-fieldstart|move: Trick Room|[of] p1b: Sinistcha
|
|-weather|Sandstorm|[upkeep]
|-damage|p1b: Sinistcha|25/100|[from] Sandstorm
|-damage|p2a: Whimsicott|95/100|[from] Sandstorm
|upkeep
|turn|3
|
|t:|1757039083
|switch|p1b: Tyranitar|Tyranitar, L50, M|100/100
|move|p2a: Whimsicott|Encore|p1a: Corviknight
|-start|p1a: Corviknight|Encore
|move|p1a: Corviknight|Bulk Up|p1a: Corviknight
|-boost|p1a: Corviknight|atk|1
|-boost|p1a: Corviknight|def|1
|move|p2b: Gholdengo|Make It Rain|p1a: Corviknight|[spread] p1a,p1b
|-resisted|p1a: Corviknight
|-supereffective|p1b: Tyranitar
|-damage|p1a: Corviknight|37/100
|-damage|p1b: Tyranitar|70/100
|-unboost|p2b: Gholdengo|spa|1
|
|-weather|Sandstorm|[upkeep]
|-damage|p2a: Whimsicott|89/100|[from] Sandstorm
|upkeep
|turn|4
|j| LikeAHydreigon
|
|t:|1757039122
|switch|p2b: Dragonite|Dragonite, L50, M|94/100
|move|p2a: Whimsicott|Protect|p2a: Whimsicott
|-singleturn|p2a: Whimsicott|Protect
|move|p1b: Tyranitar|Rock Slide|p2a: Whimsicott|[spread] p2b
|-activate|p2a: Whimsicott|move: Protect
|-supereffective|p2b: Dragonite
|-damage|p2b: Dragonite|43/100
|move|p1a: Corviknight|Bulk Up|p1a: Corviknight
|-boost|p1a: Corviknight|atk|1
|-boost|p1a: Corviknight|def|1
|
|-weather|Sandstorm|[upkeep]
|-damage|p2b: Dragonite|37/100|[from] Sandstorm
|-damage|p2a: Whimsicott|83/100|[from] Sandstorm
|upkeep
|turn|5
|
|t:|1757039149
|move|p2b: Dragonite|Extreme Speed|p1b: Tyranitar
|-resisted|p1b: Tyranitar
|-damage|p1b: Tyranitar|49/100
|move|p2a: Whimsicott|Encore|p1b: Tyranitar
|-hint|Since gen 7, Dark is immune to Prankster moves.
|-immune|p1b: Tyranitar
|move|p1b: Tyranitar|Rock Slide|p2a: Whimsicott|[spread] p2a,p2b
|-supereffective|p2b: Dragonite
|-damage|p2a: Whimsicott|45/100
|-damage|p2b: Dragonite|0 fnt
|faint|p2b: Dragonite
|move|p1a: Corviknight|Bulk Up|p1a: Corviknight
|-boost|p1a: Corviknight|atk|1
|-boost|p1a: Corviknight|def|1
|
|-weather|none
|-end|p1a: Corviknight|Encore
|upkeep
|
|t:|1757039161
|switch|p2b: Sneasler|Sneasler, L50, M|100/100
|turn|6
|
|t:|1757039202
|switch|p1b: Sinistcha|Sinistcha, L50|25/100
|-heal|p1a: Corviknight|62/100|[from] ability: Hospitality|[of] p1b: Sinistcha
|move|p2b: Sneasler|Fake Out|p1b: Sinistcha
|-immune|p1b: Sinistcha
|move|p2a: Whimsicott|Encore|p1a: Corviknight
|-start|p1a: Corviknight|Encore
|move|p1a: Corviknight|Bulk Up|p1a: Corviknight
|-boost|p1a: Corviknight|atk|1
|-boost|p1a: Corviknight|def|1
|
|-fieldend|move: Trick Room
|upkeep
|turn|7
|j| ljwarrior
|
|t:|1757039269
|switch|p2b: Gholdengo|Gholdengo, L50, tera:Steel|100/100
|switch|p1b: Tyranitar|Tyranitar, L50, M|49/100
|-weather|Sandstorm|[from] ability: Sand Stream|[of] p1b: Tyranitar
|move|p2a: Whimsicott|Moonblast|p1b: Tyranitar
|-supereffective|p1b: Tyranitar
|-damage|p1b: Tyranitar|28/100
|-unboost|p1b: Tyranitar|spa|1
|move|p1a: Corviknight|Bulk Up|p1a: Corviknight
|-boost|p1a: Corviknight|atk|1
|-boost|p1a: Corviknight|def|1
|
|-weather|Sandstorm|[upkeep]
|-damage|p2a: Whimsicott|39/100|[from] Sandstorm
|upkeep
|turn|8
|
|t:|1757039295
|switch|p1a: Sinistcha|Sinistcha, L50|25/100
|-heal|p1b: Tyranitar|53/100|[from] ability: Hospitality|[of] p1a: Sinistcha
|-terastallize|p1b: Tyranitar|Flying
|move|p2a: Whimsicott|Moonblast|p1a: Sinistcha
|-damage|p1a: Sinistcha|0 fnt
|faint|p1a: Sinistcha
|move|p2b: Gholdengo|Make It Rain|p1b: Tyranitar
|-damage|p1b: Tyranitar|0 fnt
|-unboost|p2b: Gholdengo|spa|1
|faint|p1b: Tyranitar
|
|-weather|Sandstorm|[upkeep]
|-damage|p2a: Whimsicott|34/100|[from] Sandstorm
|upkeep
|
|t:|1757039306
|switch|p1b: Corviknight|Corviknight, L50, F|62/100
|turn|9
|
|t:|1757039328
|move|p2a: Whimsicott|Moonblast|p1b: Corviknight
|-resisted|p1b: Corviknight
|-damage|p1b: Corviknight|46/100
|-ability|p1b: Corviknight|Mirror Armor
|-unboost|p2a: Whimsicott|spa|1
|move|p2b: Gholdengo|Make It Rain|p1b: Corviknight
|-resisted|p1b: Corviknight
|-damage|p1b: Corviknight|0 fnt
|-unboost|p2b: Gholdengo|spa|1
|faint|p1b: Corviknight
|
|win|executive pole
|c|☆liellastan|gg
|c|☆executive pole|Gg
|l| LikeAHydreigon
|j| LikeAHydreigon
|l| LikeAHydreigon
|l| totsbite4
