|j|☆skeeze24
|j|☆fatessx
|html|skeeze24fatessx    
|uhtml|bestof|Game 3 of a best-of-3
|t:|1757930797
|gametype|doubles
|player|p1|skeeze24|1|1040
|player|p2|fatessx|1|1033
|gen|9
|tier|[Gen 9] VGC 2025 Reg H (Bo3)
|rated|
|rule|Species Clause: Limit one of each Pokémon
|rule|Item Clause: Limit 1 of each item
|clearpoke
|poke|p1|Incineroar, L50, M|
|poke|p1|Pelipper, L50, F|
|poke|p1|Basculegion, L50, M|
|poke|p1|Amoonguss, L50, F|
|poke|p1|Maushold-Four, L50|
|poke|p1|Archaludon, L50, M|
|poke|p2|Dusclops, L50, M|
|poke|p2|Incineroar, L50, M|
|poke|p2|Annihilape, L50, M|
|poke|p2|Dragonite, L50, M|
|poke|p2|Rillaboom, L50, M|
|poke|p2|Ursaluna-Bloodmoon, L50, M|
|teampreview|4
|showteam|p1|Incineroar||SafetyGoggles|Intimidate|FakeOut,FlareBlitz,KnockOff,PartingShot|||M|||50|,,,,,Ghost]Pelipper||FocusSash|Drizzle|Hurricane,WeatherBall,Tailwind,Protect|||F|||50|,,,,,Ghost]Basculegion||MysticWater|SwiftSwim|Protect,WaveCrash,AquaJet,LastRespects|||M|||50|,,,,,Water]Amoonguss||SitrusBerry|Regenerator|Spore,RagePowder,PollenPuff,ClearSmog|||F|||50|,,,,,Water]Maushold-Four||WideLens|Technician|PopulationBomb,FollowMe,Taunt,Protect||||||50|,,,,,Grass]Archaludon||AssaultVest|Stamina|ElectroShot,DragonPulse,FlashCannon,BodyPress|||M|||50|,,,,,Grass
|showteam|p2|Dusclops||RockyHelmet|Pressure|TrickRoom,WillOWisp,Protect,ShadowBall|||M|||50|,,,,,Ghost]Incineroar||LifeOrb|Intimidate|DarkestLariat,FakeOut,FlareBlitz,PartingShot|||M|||50|,,,,,Fire]Annihilape||SafetyGoggles|Defiant|BulkUp,CloseCombat,DrainPunch,RageFist|||M|||50|,,,,,Fighting]Dragonite||LoadedDice|Multiscale|Protect,ExtremeSpeed,ScaleShot,Tailwind|||M|||50|,,,,,Normal]Rillaboom||GrassySeed|Overgrow|FakeOut,GrassyGlide,Protect,WoodHammer|||M|||50|,,,,,Rock]Ursaluna-Bloodmoon||Leftovers|MindsEye|BloodMoon,EarthPower,Protect,Yawn|||M|||50|,,,,,Electric
|
|t:|1757930848
|teamsize|p1|4
|teamsize|p2|4
|start
|switch|p1a: Pelipper|Pelipper, L50, F|100/100
|switch|p1b: Maushold|Maushold-Four, L50|100/100
|switch|p2a: Dragonite|Dragonite, L50, M|100/100
|switch|p2b: Annihilape|Annihilape, L50, M, shiny|100/100
|-weather|RainDance|[from] ability: Drizzle|[of] p1a: Pelipper
|turn|1
|
|t:|1757930890
|move|p1b: Maushold|Taunt|p2a: Dragonite
|-start|p2a: Dragonite|move: Taunt
|move|p1a: Pelipper|Tailwind|p1a: Pelipper
|-sidestart|p1: skeeze24|move: Tailwind
|move|p2b: Annihilape|Bulk Up|p2b: Annihilape
|-boost|p2b: Annihilape|atk|1
|-boost|p2b: Annihilape|def|1
|cant|p2a: Dragonite|move: Taunt|Tailwind
|
|-weather|RainDance|[upkeep]
|upkeep
|turn|2
|
|t:|1757930913
|move|p1b: Maushold|Protect|p1b: Maushold
|-singleturn|p1b: Maushold|Protect
|move|p2a: Dragonite|Extreme Speed|p1a: Pelipper
|-damage|p1a: Pelipper|58/100
|move|p1a: Pelipper|Weather Ball|p2b: Annihilape
|-damage|p2b: Annihilape|39/100
|move|p2b: Annihilape|Drain Punch|p1b: Maushold
|-activate|p1b: Maushold|move: Protect
|
|-weather|RainDance|[upkeep]
|upkeep
|turn|3
|
|t:|1757930941
|move|p1b: Maushold|Follow Me|p1b: Maushold
|-singleturn|p1b: Maushold|move: Follow Me
|move|p2a: Dragonite|Extreme Speed|p1b: Maushold
|-damage|p1b: Maushold|52/100
|move|p1a: Pelipper|Weather Ball|p2b: Annihilape
|-damage|p2b: Annihilape|0 fnt
|faint|p2b: Annihilape
|
|-weather|RainDance|[upkeep]
|-end|p2a: Dragonite|move: Taunt
|upkeep
|
|t:|1757930955
|switch|p2b: Incineroar|Incineroar, L50, M|100/100
|-ability|p2b: Incineroar|Intimidate|boost
|-unboost|p1a: Pelipper|atk|1
|-unboost|p1b: Maushold|atk|1
|turn|4
|
|t:|1757930966
|switch|p1b: Incineroar|Incineroar, L50, M|100/100
|-ability|p1b: Incineroar|Intimidate|boost
|-unboost|p2a: Dragonite|atk|1
|-unboost|p2b: Incineroar|atk|1
|move|p1a: Pelipper|Protect|p1a: Pelipper
|-singleturn|p1a: Pelipper|Protect
|move|p2b: Incineroar|Fake Out|p1a: Pelipper
|-activate|p1a: Pelipper|move: Protect
|move|p2a: Dragonite|Extreme Speed|p1b: Incineroar
|-damage|p1b: Incineroar|80/100
|
|-weather|RainDance|[upkeep]
|-sideend|p1: skeeze24|move: Tailwind
|upkeep
|turn|5
|
|t:|1757931012
|move|p1b: Incineroar|Fake Out|p2a: Dragonite
|-damage|p2a: Dragonite|94/100
|cant|p2a: Dragonite|flinch
|move|p1a: Pelipper|Tailwind|p1a: Pelipper
|-sidestart|p1: skeeze24|move: Tailwind
|move|p2b: Incineroar|Darkest Lariat|p1a: Pelipper
|-damage|p1a: Pelipper|6/100
|-damage|p2b: Incineroar|91/100|[from] item: Life Orb
|
|-weather|none
|upkeep
|turn|6
|
|t:|1757931050
|switch|p1a: Amoonguss|Amoonguss, L50, F|100/100
|switch|p2b: Ursaluna|Ursaluna-Bloodmoon, L50, M|100/100
|move|p2a: Dragonite|Extreme Speed|p1a: Amoonguss
|-damage|p1a: Amoonguss|78/100
|move|p1b: Incineroar|Parting Shot|p2a: Dragonite
|-unboost|p2a: Dragonite|atk|1
|-unboost|p2a: Dragonite|spa|1
|
|t:|1757931060
|switch|p1b: Pelipper|Pelipper, L50, F|6/100|[from] Parting Shot
|-weather|RainDance|[from] ability: Drizzle|[of] p1b: Pelipper
|
|-weather|RainDance|[upkeep]
|upkeep
|turn|7
|
|t:|1757931076
|switch|p2b: Incineroar|Incineroar, L50, M|91/100
|-ability|p2b: Incineroar|Intimidate|boost
|-unboost|p1a: Amoonguss|atk|1
|-unboost|p1b: Pelipper|atk|1
|move|p2a: Dragonite|Extreme Speed|p1b: Pelipper
|-damage|p1b: Pelipper|0 fnt
|faint|p1b: Pelipper
|move|p1a: Amoonguss|Spore|p2b: Incineroar
|-status|p2b: Incineroar|slp|[from] move: Spore
|
|-weather|RainDance|[upkeep]
|upkeep
|
|t:|1757931086
|switch|p1b: Incineroar|Incineroar, L50, M|80/100
|-ability|p1b: Incineroar|Intimidate|boost
|-unboost|p2a: Dragonite|atk|1
|-unboost|p2b: Incineroar|atk|1
|turn|8
|l|☆fatessx
|player|p2|
|j|☆fatessx
|player|p2|fatessx|1|
|
|t:|1757931124
|switch|p2a: Ursaluna|Ursaluna-Bloodmoon, L50, M|100/100
|move|p1b: Incineroar|Fake Out|p2a: Ursaluna
|-damage|p2a: Ursaluna|93/100
|cant|p2b: Incineroar|slp
|move|p1a: Amoonguss|Spore|p2a: Ursaluna
|-status|p2a: Ursaluna|slp|[from] move: Spore
|
|-weather|RainDance|[upkeep]
|-heal|p2a: Ursaluna|99/100 slp|[from] item: Leftovers
|-sideend|p1: skeeze24|move: Tailwind
|upkeep
|turn|9
|j| SakiVGC
|l| SakiVGC
|
|t:|1757931144
|move|p1b: Incineroar|Knock Off|p2a: Ursaluna
|-damage|p2a: Ursaluna|75/100 slp
|-enditem|p2a: Ursaluna|Leftovers|[from] move: Knock Off|[of] p1b: Incineroar
|cant|p2b: Incineroar|slp
|cant|p2a: Ursaluna|slp
|move|p1a: Amoonguss|Pollen Puff|p2b: Incineroar
|-damage|p2b: Incineroar|72/100 slp
|
|-weather|RainDance|[upkeep]
|upkeep
|turn|10
|
|t:|1757931167
|switch|p1a: Maushold|Maushold-Four, L50|52/100
|move|p1b: Incineroar|Knock Off|p2b: Incineroar
|-resisted|p2b: Incineroar
|-damage|p2b: Incineroar|48/100 slp
|-enditem|p2b: Incineroar|Life Orb|[from] move: Knock Off|[of] p1b: Incineroar
|-curestatus|p2b: Incineroar|slp|[msg]
|move|p2b: Incineroar|Parting Shot|p1b: Incineroar
|-unboost|p1b: Incineroar|atk|1
|-unboost|p1b: Incineroar|spa|1
|
|t:|1757931178
|switch|p2b: Dragonite|Dragonite, L50, M|94/100|[from] Parting Shot
|cant|p2a: Ursaluna|slp
|
|-weather|none
|upkeep
|turn|11
|
|t:|1757931194
|move|p1a: Maushold|Taunt|p2b: Dragonite
|-start|p2b: Dragonite|move: Taunt
|cant|p2b: Dragonite|move: Taunt|Tailwind
|move|p1b: Incineroar|Parting Shot|p2b: Dragonite
|-unboost|p2b: Dragonite|atk|1
|-unboost|p2b: Dragonite|spa|1
|
|t:|1757931200
|switch|p1b: Amoonguss|Amoonguss, L50, F|100/100|[from] Parting Shot
|cant|p2a: Ursaluna|slp
|
|upkeep
|turn|12
|
|t:|1757931221
|switch|p2a: Incineroar|Incineroar, L50, M|48/100
|-ability|p2a: Incineroar|Intimidate|boost
|-unboost|p1a: Maushold|atk|1
|-unboost|p1b: Amoonguss|atk|1
|move|p1a: Maushold|Population Bomb|p2b: Dragonite
|-damage|p2b: Dragonite|86/100
|-damage|p2b: Dragonite|79/100
|-damage|p2b: Dragonite|71/100
|-damage|p2b: Dragonite|65/100
|-damage|p2b: Dragonite|57/100
|-damage|p2b: Dragonite|49/100
|-damage|p2b: Dragonite|42/100
|-damage|p2b: Dragonite|34/100
|-damage|p2b: Dragonite|28/100
|-damage|p2b: Dragonite|21/100
|-hitcount|p2b: Dragonite|10
|move|p2b: Dragonite|Scale Shot|p1b: Amoonguss
|-damage|p1b: Amoonguss|89/100
|-damage|p1b: Amoonguss|80/100
|-damage|p1b: Amoonguss|70/100
|-damage|p1b: Amoonguss|59/100
|-hitcount|p1b: Amoonguss|4
|-unboost|p2b: Dragonite|def|1
|-boost|p2b: Dragonite|spe|1
|move|p1b: Amoonguss|Spore|p2b: Dragonite
|-status|p2b: Dragonite|slp|[from] move: Spore
|
|upkeep
|turn|13
|
|t:|1757931272
|switch|p2b: Ursaluna|Ursaluna-Bloodmoon, L50, M|75/100 slp
|move|p2a: Incineroar|Fake Out|p1a: Maushold
|-damage|p1a: Maushold|31/100
|cant|p1a: Maushold|flinch
|move|p1b: Amoonguss|Spore|p2a: Incineroar
|-status|p2a: Incineroar|slp|[from] move: Spore
|
|upkeep
|turn|14
|
|t:|1757931293
|move|p1a: Maushold|Population Bomb|p2b: Ursaluna
|-damage|p2b: Ursaluna|71/100 slp
|-damage|p2b: Ursaluna|67/100 slp
|-damage|p2b: Ursaluna|63/100 slp
|-damage|p2b: Ursaluna|59/100 slp
|-damage|p2b: Ursaluna|55/100 slp
|-damage|p2b: Ursaluna|51/100 slp
|-damage|p2b: Ursaluna|47/100 slp
|-damage|p2b: Ursaluna|43/100 slp
|-damage|p2b: Ursaluna|39/100 slp
|-damage|p2b: Ursaluna|35/100 slp
|-hitcount|p2b: Ursaluna|10
|cant|p2a: Incineroar|slp
|-curestatus|p2b: Ursaluna|slp|[msg]
|move|p2b: Ursaluna|Earth Power|p1a: Maushold
|-damage|p1a: Maushold|0 fnt
|faint|p1a: Maushold
|move|p1b: Amoonguss|Pollen Puff|p1: Maushold|[notarget]
|-fail|p1b: Amoonguss
|
|upkeep
|
|t:|1757931313
|switch|p1a: Incineroar|Incineroar, L50, M|80/100
|-ability|p1a: Incineroar|Intimidate|boost
|-unboost|p2a: Incineroar|atk|1
|-unboost|p2b: Ursaluna|atk|1
|turn|15
|
|t:|1757931328
|-terastallize|p1a: Incineroar|Ghost
|move|p1a: Incineroar|Fake Out|p2b: Ursaluna
|-damage|p2b: Ursaluna|29/100
|-curestatus|p2a: Incineroar|slp|[msg]
|move|p2a: Incineroar|Flare Blitz|p1b: Amoonguss
|-supereffective|p1b: Amoonguss
|-damage|p1b: Amoonguss|0 fnt
|faint|p1b: Amoonguss
|-damage|p2a: Incineroar|26/100|[from] Recoil
|cant|p2b: Ursaluna|flinch
|
|upkeep
|turn|16
|
|t:|1757931360
|-terastallize|p2a: Incineroar|Fire
|move|p1a: Incineroar|Flare Blitz|p2a: Incineroar
|-resisted|p2a: Incineroar
|-damage|p2a: Incineroar|0 fnt
|faint|p2a: Incineroar
|-damage|p1a: Incineroar|71/100|[from] Recoil
|move|p2b: Ursaluna|Earth Power|p1a: Incineroar
|-damage|p1a: Incineroar|35/100
|
|upkeep
|
|t:|1757931370
|switch|p2a: Dragonite|Dragonite, L50, M|21/100 slp
|turn|17
|
|t:|1757931375
|cant|p2a: Dragonite|slp
|move|p1a: Incineroar|Flare Blitz|p2b: Ursaluna
|-damage|p2b: Ursaluna|0 fnt
|faint|p2b: Ursaluna
|-damage|p1a: Incineroar|25/100|[from] Recoil
|
|upkeep
|turn|18
|
|t:|1757931384
|cant|p2a: Dragonite|slp
|move|p1a: Incineroar|Flare Blitz|p2a: Dragonite
|-resisted|p2a: Dragonite
|-damage|p2a: Dragonite|0 fnt
|faint|p2a: Dragonite
|-damage|p1a: Incineroar|18/100|[from] Recoil
|
|win|skeeze24
|raw|skeeze24's rating: 1040 → 1073(+33 for winning)
|raw|fatessx's rating: 1033 → 1018(-15 for losing)
|c|☆skeeze24|holy shit gg
|l|☆fatessx
|player|p2|
