|j|☆zoan lover
|j|☆LeftHandBeetle
|html|zoan loverLeftHandBeetle    
|uhtml|bestof|Game 1 of a best-of-3
|t:|1756944668
|gametype|doubles
|player|p1|zoan lover|blackbelt-gen4dp|1087
|player|p2|LeftHandBeetle|marlon|1000
|gen|9
|tier|[Gen 9] VGC 2025 Reg H (Bo3)
|rated|
|rule|Species Clause: Limit one of each Pokémon
|rule|Item Clause: Limit 1 of each item
|clearpoke
|poke|p1|Sneasler, L50, F|
|poke|p1|Indeedee, L50, M|
|poke|p1|Volcarona, L50, F|
|poke|p1|Ursaluna-Bloodmoon, L50, M|
|poke|p1|Annihilape, L50, M|
|poke|p1|Tyranitar, L50, M|
|poke|p2|Tyranitar, L50, M|
|poke|p2|Excadrill, L50, M|
|poke|p2|Annihilape, L50, F|
|poke|p2|Gholdengo, L50|
|poke|p2|Hydreigon, L50, F|
|poke|p2|Sinistcha, L50|
|teampreview|4
|showteam|p1|Sneasler||PsychicSeed|Unburden|CloseCombat,DireClaw,ThroatChop,Protect|||F|||50|,,,,,Dark]Indeedee||ChoiceScarf|PsychicSurge|ExpandingForce,TeraBlast,Trick,Protect|||M|||50|,,,,,Psychic]Volcarona||SitrusBerry|FlameBody|Overheat,StruggleBug,RagePowder,Tailwind|||F|||50|,,,,,Grass]Ursaluna-Bloodmoon||LifeOrb|MindsEye|BloodMoon,HyperVoice,EarthPower,Protect|||M|||50|,,,,,Normal]Annihilape||SafetyGoggles|Defiant|CloseCombat,RageFist,Taunt,FinalGambit|||M|||50|,,,,,Fairy]Tyranitar||AssaultVest|SandStream|RockSlide,KnockOff,TeraBlast,LowKick|||M|||50|,,,,,Flying
|showteam|p2|Tyranitar||AssaultVest|SandStream|RockSlide,KnockOff,TeraBlast,LowKick|||M|||50|,,,,,Flying]Excadrill||FocusSash|SandRush|Earthquake,HighHorsepower,IronHead,Protect|||M|||50|,,,,,Ground]Annihilape||ChoiceScarf|Defiant|RageFist,CloseCombat,FinalGambit,Coaching|||F|||50|,,,,,Grass]Gholdengo||LifeOrb|GoodasGold|Protect,NastyPlot,ShadowBall,MakeItRain||||||50|,,,,,Steel]Hydreigon||ChoiceSpecs|Levitate|HeatWave,Snarl,DarkPulse,DracoMeteor|||F|||50|,,,,,Fire]Sinistcha||Leftovers|Hospitality|ShadowBall,MatchaGotcha,TrickRoom,Protect||||||50|,,,,,Grass
|inactive|Battle timer is ON: inactive players will automatically lose when time's up. (requested by LeftHandBeetle)
|
|t:|1756944693
|teamsize|p1|4
|teamsize|p2|4
|start
|switch|p1a: Ursaluna|Ursaluna-Bloodmoon, L50, M|100/100
|switch|p1b: Annihilape|Annihilape, L50, M|100/100
|switch|p2a: Oil Rig|Excadrill, L50, M|100/100
|switch|p2b: DK|Annihilape, L50, F|100/100
|turn|1
|inactive|zoan lover has 30 seconds left.
|
|t:|1756944720
|move|p2a: Oil Rig|Protect|p2a: Oil Rig
|-singleturn|p2a: Oil Rig|Protect
|move|p2b: DK|Coaching|p2a: Oil Rig
|-boost|p2a: Oil Rig|atk|1
|-boost|p2a: Oil Rig|def|1
|move|p1b: Annihilape|Close Combat|p2a: Oil Rig
|-activate|p2a: Oil Rig|move: Protect
|move|p1a: Ursaluna|Blood Moon|p2b: DK
|-damage|p2b: DK|0 fnt
|faint|p2b: DK
|-damage|p1a: Ursaluna|91/100|[from] item: Life Orb
|
|upkeep
|
|t:|1756944734
|switch|p2b: Dust Devil|Tyranitar, L50, M|100/100
|-weather|Sandstorm|[from] ability: Sand Stream|[of] p2b: Dust Devil
|turn|2
|inactive|LeftHandBeetle has 30 seconds left.
|
|t:|1756944765
|switch|p2b: Yama no Orichi|Hydreigon, L50, F|100/100
|-terastallize|p2a: Oil Rig|Ground
|move|p2a: Oil Rig|High Horsepower|p1b: Annihilape
|-damage|p1b: Annihilape|2/100
|move|p1b: Annihilape|Final Gambit|p2a: Oil Rig
|-damage|p2a: Oil Rig|99/100
|faint|p1b: Annihilape
|move|p1a: Ursaluna|Earth Power|p2a: Oil Rig
|-damage|p2a: Oil Rig|0 fnt
|faint|p2a: Oil Rig
|-damage|p1a: Ursaluna|81/100|[from] item: Life Orb
|
|-weather|Sandstorm|[upkeep]
|-damage|p2b: Yama no Orichi|95/100|[from] Sandstorm
|upkeep
|inactive|zoan lover has 30 seconds left.
|
|t:|1756944793
|switch|p1b: Volcarona|Volcarona, L50, F|100/100
|switch|p2a: Dust Devil|Tyranitar, L50, M|100/100
|turn|3
|
|t:|1756944802
|-terastallize|p1b: Volcarona|Grass
|move|p1b: Volcarona|Struggle Bug|p2a: Dust Devil|[spread] p2a,p2b
|-supereffective|p2a: Dust Devil
|-supereffective|p2b: Yama no Orichi
|-damage|p2a: Dust Devil|88/100
|-damage|p2b: Yama no Orichi|54/100
|-unboost|p2a: Dust Devil|spa|1
|-unboost|p2b: Yama no Orichi|spa|1
|move|p2b: Yama no Orichi|Snarl|p1a: Ursaluna|[spread] p1a,p1b
|-damage|p1a: Ursaluna|50/100
|-damage|p1b: Volcarona|80/100
|-unboost|p1a: Ursaluna|spa|1
|-unboost|p1b: Volcarona|spa|1
|move|p1a: Ursaluna|Earth Power|p2a: Dust Devil
|-supereffective|p2a: Dust Devil
|-damage|p2a: Dust Devil|52/100
|-unboost|p2a: Dust Devil|spd|1
|-damage|p1a: Ursaluna|40/100|[from] item: Life Orb
|move|p2a: Dust Devil|Rock Slide|p1b: Volcarona|[spread] p1a,p1b
|-resisted|p1a: Ursaluna
|-damage|p1a: Ursaluna|27/100
|-damage|p1b: Volcarona|38/100
|-enditem|p1b: Volcarona|Sitrus Berry|[eat]
|-heal|p1b: Volcarona|63/100|[from] item: Sitrus Berry
|
|-weather|Sandstorm|[upkeep]
|-damage|p1b: Volcarona|57/100|[from] Sandstorm
|-damage|p2b: Yama no Orichi|48/100|[from] Sandstorm
|upkeep
|turn|4
|j| Arkhept
|l| Arkhept
|inactive|zoan lover has 30 seconds left.
|
|t:|1756944829
|move|p1b: Volcarona|Struggle Bug|p2a: Dust Devil|[spread] p2a,p2b
|-supereffective|p2a: Dust Devil
|-supereffective|p2b: Yama no Orichi
|-damage|p2a: Dust Devil|38/100
|-damage|p2b: Yama no Orichi|23/100
|-unboost|p2a: Dust Devil|spa|1
|-unboost|p2b: Yama no Orichi|spa|1
|move|p2b: Yama no Orichi|Snarl|p1b: Volcarona|[spread] p1a,p1b
|-damage|p1a: Ursaluna|5/100
|-damage|p1b: Volcarona|39/100
|-unboost|p1a: Ursaluna|spa|1
|-unboost|p1b: Volcarona|spa|1
|move|p1a: Ursaluna|Earth Power|p2a: Dust Devil
|-supereffective|p2a: Dust Devil
|-damage|p2a: Dust Devil|0 fnt
|faint|p2a: Dust Devil
|-damage|p1a: Ursaluna|0 fnt|[from] item: Life Orb
|faint|p1a: Ursaluna
|
|-weather|Sandstorm|[upkeep]
|-damage|p1b: Volcarona|33/100|[from] Sandstorm
|-damage|p2b: Yama no Orichi|17/100|[from] Sandstorm
|upkeep
|
|t:|1756944841
|switch|p1a: Tyranitar|Tyranitar, L50, M|100/100
|turn|5
|
|t:|1756944844
|move|p1b: Volcarona|Struggle Bug|p2b: Yama no Orichi
|-supereffective|p2b: Yama no Orichi
|-damage|p2b: Yama no Orichi|0 fnt
|faint|p2b: Yama no Orichi
|
|win|zoan lover
