|j|☆Antonace
|j|☆tuckered out1
|html|Antonacetuckered out1    
|uhtml|bestof|Game 2 of a best-of-3
|t:|1757004389
|gametype|doubles
|player|p1|Antonace|170|1101
|player|p2|tuckered out1|gentleman-gen4|1069
|gen|9
|tier|[Gen 9] VGC 2025 Reg H (Bo3)
|rated|
|rule|Species Clause: Limit one of each Pokémon
|rule|Item Clause: Limit 1 of each item
|clearpoke
|poke|p1|Indeedee, L50, M|
|poke|p1|Sneasler, L50, F|
|poke|p1|Excadrill, L50, M|
|poke|p1|Magmar, L50, F|
|poke|p1|Corviknight, L50, F|
|poke|p1|Tyranitar, L50, M|
|poke|p2|Torkoal, L50, M|
|poke|p2|Jumpluff, L50, F|
|poke|p2|Typhlosion-Hisui, L50, M|
|poke|p2|Sneasler, L50, F|
|poke|p2|Indeedee-F, L50, F|
|poke|p2|Gengar, L50, M|
|teampreview|4
|showteam|p1|Indeedee||ChoiceScarf|PsychicSurge|ExpandingForce,TeraBlast,Trick,Protect|||M|||50|,,,,,Psychic]Sneasler||WhiteHerb|Unburden|FakeOut,CloseCombat,DireClaw,Coaching|||F|||50|,,,,,Flying]Excadrill||FocusSash|SandRush|Earthquake,IronHead,RockSlide,Protect|||M|||50|,,,,,Ground]Magmar||Eviolite|VitalSpirit|HeatWave,FollowMe,HelpingHand,Protect|||F|||50|,,,,,Flying]Corviknight||PsychicSeed|MirrorArmor|BraveBird,PowerTrip,BulkUp,Roost|||F|||50|,,,,,Water]Tyranitar||AssaultVest|SandStream|RockSlide,KnockOff,LowKick,TeraBlast|||M|||50|,,,,,Flying
|showteam|p2|Torkoal||EjectPack|Drought|Overheat,Eruption,Protect,EarthPower|||M|||50|,,,,,Fire]Jumpluff||FocusSash|Chlorophyll|SleepPowder,Tailwind,Charm,Uturn|||F|||50|,,,,,Dark]Typhlosion-Hisui||ChoiceSpecs|Blaze|Eruption,ShadowBall,HeatWave,SolarBeam|||M|||50|,,,,,Fire]Sneasler||PsychicSeed|Unburden|FakeOut,CloseCombat,Acrobatics,DireClaw|||F|||50|,,,,,Stellar]Indeedee-F||Leftovers|PsychicSurge|TrickRoom,FollowMe,HelpingHand,Psychic|||F|||50|,,,,,Psychic]Gengar||SafetyGoggles|CursedBody|Haze,Protect,ShadowBall,SludgeBomb|||M|||50|,,,,,Ghost
|inactive|Battle timer is ON: inactive players will automatically lose when time's up. (requested by tuckered out1)
|inactive|tuckered out1 has 60 seconds left.
|
|t:|1757004422
|teamsize|p1|4
|teamsize|p2|4
|start
|switch|p1a: Excadrill|Excadrill, L50, M|100/100
|switch|p1b: Indeedee|Indeedee, L50, M|100/100
|switch|p2a: Torkoal|Torkoal, L50, M|100/100
|switch|p2b: Jumpluff|Jumpluff, L50, F|100/100
|-fieldstart|move: Psychic Terrain|[from] ability: Psychic Surge|[of] p1b: Indeedee
|-weather|SunnyDay|[from] ability: Drought|[of] p2a: Torkoal
|turn|1
|
|t:|1757004447
|switch|p1b: Magmar|Magmar, L50, F|100/100
|move|p1a: Excadrill|Protect|p1a: Excadrill
|-singleturn|p1a: Excadrill|Protect
|move|p2b: Jumpluff|Tailwind|p2b: Jumpluff
|-sidestart|p2: tuckered out1|move: Tailwind
|move|p2a: Torkoal|Overheat|p1a: Excadrill
|-activate|p1a: Excadrill|move: Protect
|
|-weather|SunnyDay|[upkeep]
|upkeep
|turn|2
|
|t:|1757004464
|switch|p1a: Tyranitar|Tyranitar, L50, M|100/100
|-weather|Sandstorm|[from] ability: Sand Stream|[of] p1a: Tyranitar
|move|p2b: Jumpluff|U-turn|p1b: Magmar
|-resisted|p1b: Magmar
|-damage|p1b: Magmar|96/100
|
|t:|1757004470
|switch|p2b: Typhlosion|Typhlosion-Hisui, L50, M|100/100|[from] U-turn
|move|p1b: Magmar|Heat Wave|p2a: Torkoal|[spread] p2b
|-miss|p1b: Magmar|p2a: Torkoal
|-resisted|p2b: Typhlosion
|-damage|p2b: Typhlosion|83/100
|move|p2a: Torkoal|Overheat|p1a: Tyranitar
|-resisted|p1a: Tyranitar
|-damage|p1a: Tyranitar|90/100
|-unboost|p2a: Torkoal|spa|2
|-enditem|p2a: Torkoal|Eject Pack
|
|t:|1757004474
|switch|p2a: Jumpluff|Jumpluff, L50, F|100/100
|
|-weather|Sandstorm|[upkeep]
|-damage|p2a: Jumpluff|94/100|[from] Sandstorm
|-damage|p2b: Typhlosion|77/100|[from] Sandstorm
|-damage|p1b: Magmar|90/100|[from] Sandstorm
|upkeep
|turn|3
|
|t:|1757004492
|-terastallize|p2b: Typhlosion|Fire
|move|p1b: Magmar|Follow Me|p1b: Magmar
|-singleturn|p1b: Magmar|move: Follow Me
|move|p2a: Jumpluff|U-turn|p1b: Magmar
|-resisted|p1b: Magmar
|-damage|p1b: Magmar|85/100
|
|t:|1757004498
|switch|p2a: Torkoal|Torkoal, L50, M|100/100|[from] U-turn
|-weather|SunnyDay|[from] ability: Drought|[of] p2a: Torkoal
|move|p2b: Typhlosion|Eruption|p1a: Tyranitar|[spread] p1a,p1b
|-resisted|p1a: Tyranitar
|-resisted|p1b: Magmar
|-damage|p1a: Tyranitar|54/100
|-damage|p1b: Magmar|35/100
|move|p1a: Tyranitar|Rock Slide|p2a: Torkoal|[spread] p2a,p2b
|-supereffective|p2a: Torkoal
|-supereffective|p2b: Typhlosion
|-damage|p2a: Torkoal|55/100
|-damage|p2b: Typhlosion|0 fnt
|faint|p2b: Typhlosion
|
|-weather|SunnyDay|[upkeep]
|upkeep
|
|t:|1757004506
|switch|p2b: Sneasler|Sneasler, L50, F|100/100
|-enditem|p2b: Sneasler|Psychic Seed
|-boost|p2b: Sneasler|spd|1|[from] item: Psychic Seed
|turn|4
|
|t:|1757004528
|switch|p1a: Indeedee|Indeedee, L50, M|100/100
|move|p1b: Magmar|Protect|p1b: Magmar
|-singleturn|p1b: Magmar|Protect
|move|p2b: Sneasler|Dire Claw|p1a: Indeedee
|-damage|p1a: Indeedee|13/100
|move|p2a: Torkoal|Earth Power|p1a: Indeedee
|-damage|p1a: Indeedee|0 fnt
|faint|p1a: Indeedee
|
|-weather|SunnyDay|[upkeep]
|-sideend|p2: tuckered out1|move: Tailwind
|upkeep
|
|t:|1757004548
|switch|p1a: Excadrill|Excadrill, L50, M|100/100
|turn|5
|
|t:|1757004568
|switch|p2a: Jumpluff|Jumpluff, L50, F|94/100
|-terastallize|p1a: Excadrill|Ground
|move|p1b: Magmar|Protect||[still]
|-fail|p1b: Magmar
|move|p2b: Sneasler|Close Combat|p1a: Excadrill
|-damage|p1a: Excadrill|11/100
|-unboost|p2b: Sneasler|def|1
|-unboost|p2b: Sneasler|spd|1
|move|p1a: Excadrill|Earthquake|p2a: Jumpluff|[spread] p1b,p2b
|-immune|p2a: Jumpluff
|-supereffective|p1b: Magmar
|-supereffective|p2b: Sneasler
|-damage|p1b: Magmar|0 fnt
|-damage|p2b: Sneasler|0 fnt
|faint|p1b: Magmar
|faint|p2b: Sneasler
|
|-weather|SunnyDay|[upkeep]
|-fieldend|move: Psychic Terrain
|upkeep
|
|t:|1757004581
|switch|p2b: Torkoal|Torkoal, L50, M|55/100
|switch|p1b: Tyranitar|Tyranitar, L50, M|54/100
|-weather|Sandstorm|[from] ability: Sand Stream|[of] p1b: Tyranitar
|-weather|SunnyDay|[from] ability: Drought|[of] p2b: Torkoal
|turn|6
|
|t:|1757004592
|move|p2a: Jumpluff|Sleep Powder|p1a: Excadrill
|-status|p1a: Excadrill|slp|[from] move: Sleep Powder
|cant|p1a: Excadrill|slp
|move|p1b: Tyranitar|Rock Slide|p2a: Jumpluff|[spread] p2a,p2b
|-supereffective|p2a: Jumpluff
|-supereffective|p2b: Torkoal
|-damage|p2a: Jumpluff|11/100
|-damage|p2b: Torkoal|7/100
|move|p2b: Torkoal|Earth Power|p1b: Tyranitar
|-supereffective|p1b: Tyranitar
|-damage|p1b: Tyranitar|25/100
|
|-weather|SunnyDay|[upkeep]
|upkeep
|turn|7
|
|t:|1757004611
|-curestatus|p1a: Excadrill|slp|[msg]
|move|p1a: Excadrill|Protect|p1a: Excadrill
|-singleturn|p1a: Excadrill|Protect
|move|p2a: Jumpluff|Sleep Powder|p1b: Tyranitar
|-status|p1b: Tyranitar|slp|[from] move: Sleep Powder
|cant|p1b: Tyranitar|slp
|move|p2b: Torkoal|Earth Power|p1a: Excadrill
|-activate|p1a: Excadrill|move: Protect
|
|-weather|SunnyDay|[upkeep]
|upkeep
|turn|8
|
|t:|1757004629
|move|p2a: Jumpluff|Sleep Powder|p1a: Excadrill
|-status|p1a: Excadrill|slp|[from] move: Sleep Powder
|cant|p1a: Excadrill|slp
|cant|p1b: Tyranitar|slp
|move|p2b: Torkoal|Earth Power|p1b: Tyranitar
|-supereffective|p1b: Tyranitar
|-damage|p1b: Tyranitar|0 fnt
|faint|p1b: Tyranitar
|
|-weather|SunnyDay|[upkeep]
|upkeep
|turn|9
|
|t:|1757004638
|move|p2a: Jumpluff|U-turn|p1a: Excadrill
|-damage|p1a: Excadrill|0 fnt
|faint|p1a: Excadrill
|
|win|tuckered out1
||Antonace is ready for game 3.
|inactive|tuckered out1 has 30 seconds to confirm battle start!
