|j|☆KodeBeast0526
|j|☆LyricSum
|html|KodeBeast0526LyricSum    
|uhtml|bestof|Game 1 of a best-of-3
|t:|1784320231
|gametype|doubles
|player|p1|KodeBeast0526|hiker|1245
|player|p2|LyricSum|veteran|1243
|gen|9
|tier|[Gen 9 Champions] VGC 2026 Reg M-B (Bo3)
|rated|
|rule|Species Clause: Limit one of each Pokémon
|rule|Item Clause: Limit 1 of each item
|clearpoke
|poke|p1|Aerodactyl, L50, M|
|poke|p1|Kingambit, L50, M|
|poke|p1|Sylveon, L50, M|
|poke|p1|Garchomp, L50, M|
|poke|p1|Charizard, L50, M|
|poke|p1|Incineroar, L50, M|
|poke|p2|Talonflame, L50, F|
|poke|p2|Glimmora, L50, M|
|poke|p2|Venusaur, L50, M|
|poke|p2|Garchomp, L50, M|
|poke|p2|Raichu, L50, F|
|poke|p2|Basculegion, L50, M|
|teampreview|4
|showteam|p1|Aerodactyl||Aerodactylite|Unnerve|RockSlide,IceFang,Tailwind,WideGuard|Jolly||M|||50|]Kingambit||FocusSash|Defiant|KowtowCleave,SuckerPunch,IronHead,Protect|Adamant||M|||50|]Sylveon||FairyFeather|Pixilate|Detect,HyperVoice,HyperBeam,QuickAttack|Modest||M|||50|]Garchomp||LifeOrb|RoughSkin|Earthquake,DragonClaw,StompingTantrum,Protect|Jolly||M|||50|]Charizard||CharizarditeY|Blaze|Protect,HeatWave,SolarBeam,WeatherBall|Modest||M|||50|]Incineroar||SitrusBerry|Intimidate|DarkestLariat,FlareBlitz,FakeOut,PartingShot|Impish||M|||50|
|showteam|p2|Talonflame||SharpBeak|GaleWings|Tailwind,DualWingbeat,FlareBlitz,QuickGuard|Jolly||F|||50|]Glimmora||FocusSash|ToxicDebris|SludgeBomb,PowerGem,EarthPower,SpikyShield|Timid||M|||50|]Venusaur||Venusaurite|Chlorophyll|GigaDrain,SludgeBomb,LeechSeed,Protect|Modest||M|||50|]Garchomp||LifeOrb|RoughSkin|DragonClaw,StompingTantrum,RockSlide,Protect|Jolly||M|||50|]Raichu||RaichuniteY|LightningRod|FakeOut,ZapCannon,FocusBlast,Protect|Timid||F|||50|]Basculegion||ChoiceScarf|Adaptability|FlipTurn,WaveCrash,LastRespects,AquaJet|Jolly||M|||50|
|inactive|Battle timer is ON: inactive players will automatically lose when time's up. (requested by LyricSum)
|inactive|KodeBeast0526 has 60 seconds left.
|inactive|LyricSum has 60 seconds left.
|
|t:|1784320286
|teamsize|p1|4
|teamsize|p2|4
|start
|switch|p1a: Incineroar|Incineroar, L50, M|100/100
|switch|p1b: Aerodactyl|Aerodactyl, L50, M|100/100
|switch|p2a: Talonflame|Talonflame, L50, F|100/100
|switch|p2b: Garchomp|Garchomp, L50, M|100/100
|-ability|p1b: Aerodactyl|Unnerve
|-ability|p1a: Incineroar|Intimidate|boost
|-unboost|p2a: Talonflame|atk|1
|-unboost|p2b: Garchomp|atk|1
|turn|1
|
|t:|1784320308
|switch|p2b: Glimmora|Glimmora, L50, M|100/100
|detailschange|p1b: Aerodactyl|Aerodactyl-Mega, L50, M
|-mega|p1b: Aerodactyl|Aerodactyl|Aerodactylite
|move|p2a: Talonflame|Tailwind|p2a: Talonflame
|-sidestart|p2: LyricSum|move: Tailwind
|move|p1b: Aerodactyl|Tailwind|p1b: Aerodactyl
|-sidestart|p1: KodeBeast0526|move: Tailwind
|move|p1a: Incineroar|Darkest Lariat|p2a: Talonflame
|-damage|p2a: Talonflame|52/100
|
|upkeep
|turn|2
|
|t:|1784320327
|move|p1b: Aerodactyl|Rock Slide|p2b: Glimmora|[spread] p2a,p2b
|-supereffective|p2a: Talonflame|2
|-damage|p2a: Talonflame|0 fnt
|-damage|p2b: Glimmora|66/100
|-activate|p2b: Glimmora|ability: Toxic Debris
|-sidestart|p1: KodeBeast0526|move: Toxic Spikes
|faint|p2a: Talonflame
|move|p2b: Glimmora|Power Gem|p1b: Aerodactyl
|-supereffective|p1b: Aerodactyl|1
|-damage|p1b: Aerodactyl|8/100
|move|p1a: Incineroar|Parting Shot|p2b: Glimmora
|-unboost|p2b: Glimmora|atk|1
|-unboost|p2b: Glimmora|spa|1
|
|t:|1784320339
|switch|p1a: Kingambit|Kingambit, L50, M|100/100|[from] Parting Shot
|
|upkeep
|
|t:|1784320342
|switch|p2a: Raichu|Raichu, L50, F|100/100
|turn|3
|
|t:|1784320361
|switch|p1b: Incineroar|Incineroar, L50, M|100/100
|-status|p1b: Incineroar|psn
|-ability|p1b: Incineroar|Intimidate|boost
|-unboost|p2a: Raichu|atk|1
|-unboost|p2b: Glimmora|atk|1
|detailschange|p2a: Raichu|Raichu-Mega-Y, L50, F
|-mega|p2a: Raichu|Raichu|Raichunite Y
|move|p2a: Raichu|Fake Out|p1b: Incineroar
|-damage|p1b: Incineroar|95/100 psn
|move|p2b: Glimmora|Earth Power|p1a: Kingambit
|-supereffective|p1a: Kingambit|1
|-damage|p1a: Kingambit|58/100
|move|p1a: Kingambit|Iron Head|p2b: Glimmora
|-supereffective|p2b: Glimmora|1
|-damage|p2b: Glimmora|0 fnt
|-activate|p2b: Glimmora|ability: Toxic Debris
|-sidestart|p1: KodeBeast0526|move: Toxic Spikes
|faint|p2b: Glimmora
|
|-damage|p1b: Incineroar|83/100 psn|[from] psn
|upkeep
|
|t:|1784320363
|switch|p2b: Garchomp|Garchomp, L50, M|100/100
|turn|4
|inactive|KodeBeast0526 has 30 seconds left.
|inactive|KodeBeast0526 has 20 seconds left.
|inactive|KodeBeast0526 has 15 seconds left.
|
|t:|1784320407
|switch|p1a: Aerodactyl|Aerodactyl-Mega, L50, M|8/100
|move|p1b: Incineroar|Fake Out|p2b: Garchomp
|-damage|p2b: Garchomp|89/100
|-damage|p1b: Incineroar|70/100 psn|[from] ability: Rough Skin|[of] p2b: Garchomp
|move|p2a: Raichu|Focus Blast|p1a: Aerodactyl
|-damage|p1a: Aerodactyl|0 fnt
|faint|p1a: Aerodactyl
|cant|p2b: Garchomp|flinch
|
|-damage|p1b: Incineroar|58/100 psn|[from] psn
|-sideend|p1: KodeBeast0526|move: Tailwind
|-sideend|p2: LyricSum|move: Tailwind
|upkeep
|
|t:|1784320420
|switch|p1a: Garchomp|Garchomp, L50, M|100/100
|-status|p1a: Garchomp|tox
|turn|5
|
|t:|1784320427
|move|p1a: Garchomp|Protect|p1a: Garchomp
|-singleturn|p1a: Garchomp|Protect
|move|p2a: Raichu|Focus Blast|p1b: Incineroar
|-supereffective|p1b: Incineroar|1
|-damage|p1b: Incineroar|0 fnt
|faint|p1b: Incineroar
|move|p2b: Garchomp|Dragon Claw|p1a: Garchomp
|-activate|p1a: Garchomp|move: Protect
|
|-damage|p1a: Garchomp|93/100 tox|[from] psn
|upkeep
|
|t:|1784320433
|switch|p1b: Kingambit|Kingambit, L50, M|58/100
|turn|6
|
|t:|1784320438
|move|p1b: Kingambit|Sucker Punch|p2a: Raichu
|-damage|p2a: Raichu|28/100
|move|p2a: Raichu|Focus Blast|p1b: Kingambit
|-supereffective|p1b: Kingambit|2
|-damage|p1b: Kingambit|0 fnt
|faint|p1b: Kingambit
|move|p1a: Garchomp|Dragon Claw|p2b: Garchomp
|-supereffective|p2b: Garchomp|1
|-damage|p2b: Garchomp|0 fnt
|-damage|p1a: Garchomp|81/100 tox|[from] ability: Rough Skin|[of] p2b: Garchomp
|faint|p2b: Garchomp
|-damage|p1a: Garchomp|72/100 tox|[from] item: Life Orb
|
|-damage|p1a: Garchomp|60/100 tox|[from] psn
|upkeep
|turn|7
|
|t:|1784320447
|move|p2a: Raichu|Protect|p2a: Raichu
|-singleturn|p2a: Raichu|Protect
|move|p1a: Garchomp|Earthquake|p2a: Raichu
|-activate|p2a: Raichu|move: Protect
|
|-damage|p1a: Garchomp|42/100 tox|[from] psn
|upkeep
|turn|8
|
|t:|1784320453
|move|p2a: Raichu|Focus Blast|p1a: Garchomp
|-damage|p1a: Garchomp|0 fnt
|faint|p1a: Garchomp
|
|win|LyricSum
