|j|ŌśåGentlefish
|j|Ōśåchappell murkroan
|html|Gentlefishchappell murkroan    
|uhtml|bestof|Game 3 of a best-of-3
|t:|1756238698
|gametype|doubles
|player|p1|Gentlefish|dragontamer-gen9|1256
|player|p2|chappell murkroan|caitlin|1280
|gen|9
|tier|[Gen 9] VGC 2025 Reg H (Bo3)
|rated|
|rule|Species Clause: Limit one of each Pok├®mon
|rule|Item Clause: Limit 1 of each item
|clearpoke
|poke|p1|Garchomp, L50, F|
|poke|p1|Weezing-Galar, L50, M|
|poke|p1|Archaludon, L50, M|
|poke|p1|Gholdengo, L50|
|poke|p1|Talonflame, L50, M|
|poke|p1|Annihilape, L50, F|
|poke|p2|Ursaluna-Bloodmoon, L50, M|
|poke|p2|Whimsicott, L50, M|
|poke|p2|Dragonite, L50, F|
|poke|p2|Gholdengo, L50|
|poke|p2|Annihilape, L50, M|
|poke|p2|Incineroar, L50, M|
|teampreview|4
|showteam|p1|Garchomp||LifeOrb|RoughSkin|DragonClaw,Earthquake,StompingTantrum,Protect|||F|||50|,,,,,Ground]Weezing-Galar||FocusSash|NeutralizingGas|Protect,SludgeBomb,Taunt,StrangeSteam|||M|||50|,,,,,Flying]Archaludon||PowerHerb|Sturdy|ElectroShot,Thunderbolt,DracoMeteor,Protect|||M|||50|,,,,,Electric]Gholdengo||ChoiceSpecs|GoodasGold|ShadowBall,DazzlingGleam,PowerGem,MakeItRain||||||50|,,,,,Fairy]Talonflame||CovertCloak|GaleWings|Tailwind,DualWingbeat,WillOWisp,FlareBlitz|||M|||50|,,,,,Stellar]Annihilape||AssaultVest|Defiant|CloseCombat,RageFist,FinalGambit,IcePunch|||F|||50|,,,,,Grass
|showteam|p2|Ursaluna-Bloodmoon||LifeOrb|MindsEye|BloodMoon,HyperVoice,EarthPower,Protect|||M|||50|,,,,,Normal]Whimsicott||FocusSash|Prankster|Moonblast,Tailwind,Encore,Protect|||M|||50|,,,,,Ghost]Dragonite||LoadedDice|Multiscale|ScaleShot,ExtremeSpeed,LowKick,Protect|||F|||50|,,,,,Fairy]Gholdengo||ChoiceSpecs|GoodasGold|MakeItRain,ShadowBall,Trick,Thunderbolt||||||50|,,,,,Steel]Annihilape||SafetyGoggles|Defiant|FinalGambit,CloseCombat,RageFist,Taunt|||M|||50|,,,,,Fairy]Incineroar||AssaultVest|Intimidate|Uturn,FlareBlitz,KnockOff,FakeOut|||M|||50|,,,,,Grass
|inactive|Battle timer is ON: inactive players will automatically lose when time's up. (requested by chappell murkroan)
|inactive|Gentlefish has 60 seconds left.
|inactive|Gentlefish has 30 seconds left.
|
|t:|1756238761
|teamsize|p1|4
|teamsize|p2|4
|start
|switch|p1a: Gholdengo|Gholdengo, L50|100/100
|switch|p1b: Talonflame|Talonflame, L50, M|100/100
|switch|p2a: Gholdengo|Gholdengo, L50|100/100
|switch|p2b: Whimsicott|Whimsicott, L50, M|100/100
|turn|1
|inactive|Gentlefish has 30 seconds left.
|inactive|chappell murkroan has 30 seconds left.
|inactive|Gentlefish has 20 seconds left.
|inactive|chappell murkroan has 20 seconds left.
|inactive|Gentlefish has 15 seconds left.
|inactive|Gentlefish has 10 seconds left.
|
|t:|1756238808
|-terastallize|p2a: Gholdengo|Steel
|move|p1b: Talonflame|Tailwind|p1b: Talonflame
|-sidestart|p1: Gentlefish|move: Tailwind
|move|p2b: Whimsicott|Tailwind|p2b: Whimsicott
|-sidestart|p2: chappell murkroan|move: Tailwind
|move|p1a: Gholdengo|Shadow Ball|p2a: Gholdengo
|-damage|p2a: Gholdengo|29/100
|-unboost|p2a: Gholdengo|spd|1
|move|p2a: Gholdengo|Shadow Ball|p1b: Talonflame
|-damage|p1b: Talonflame|0 fnt
|faint|p1b: Talonflame
|
|upkeep
|
|t:|1756238819
|switch|p1b: Garchomp|Garchomp, L50, F|100/100
|turn|2
|
|t:|1756238842
|switch|p1b: Annihilape|Annihilape, L50, F|100/100
|switch|p2a: Dragonite|Dragonite, L50, F|100/100
|move|p2b: Whimsicott|Moonblast|p1b: Annihilape
|-supereffective|p1b: Annihilape
|-damage|p1b: Annihilape|51/100
|move|p1a: Gholdengo|Shadow Ball|p2b: Whimsicott
|-enditem|p2b: Whimsicott|Focus Sash
|-damage|p2b: Whimsicott|1/100
|
|upkeep
|turn|3
|
|t:|1756238867
|-terastallize|p1b: Annihilape|Grass
|move|p2b: Whimsicott|Protect|p2b: Whimsicott
|-singleturn|p2b: Whimsicott|Protect
|move|p1b: Annihilape|Ice Punch|p2a: Dragonite
|-supereffective|p2a: Dragonite
|-damage|p2a: Dragonite|46/100
|move|p1a: Gholdengo|Shadow Ball|p2b: Whimsicott
|-activate|p2b: Whimsicott|move: Protect
|move|p2a: Dragonite|Scale Shot|p1b: Annihilape
|-damage|p1b: Annihilape|36/100
|-damage|p1b: Annihilape|20/100
|-damage|p1b: Annihilape|5/100
|-damage|p1b: Annihilape|0 fnt
|faint|p1b: Annihilape
|-hitcount|p1: Annihilape|4
|-unboost|p2a: Dragonite|def|1
|-boost|p2a: Dragonite|spe|1
|
|upkeep
|
|t:|1756238871
|switch|p1b: Garchomp|Garchomp, L50, F|100/100
|turn|4
|
|t:|1756238892
|switch|p2b: Gholdengo|Gholdengo, L50, tera:Steel|29/100
|move|p1b: Garchomp|Protect|p1b: Garchomp
|-singleturn|p1b: Garchomp|Protect
|move|p2a: Dragonite|Scale Shot|p1b: Garchomp
|-activate|p1b: Garchomp|move: Protect
|move|p1a: Gholdengo|Shadow Ball|p2b: Gholdengo
|-damage|p2b: Gholdengo|0 fnt
|faint|p2b: Gholdengo
|
|-sideend|p1: Gentlefish|move: Tailwind
|-sideend|p2: chappell murkroan|move: Tailwind
|upkeep
|
|t:|1756238898
|switch|p2b: Whimsicott|Whimsicott, L50, M|1/100
|turn|5
|inactive|Gentlefish has 30 seconds left.
|inactive|chappell murkroan has 30 seconds left.
|
|t:|1756238927
|move|p2a: Dragonite|Protect|p2a: Dragonite
|-singleturn|p2a: Dragonite|Protect
|move|p1b: Garchomp|Protect||[still]
|-fail|p1b: Garchomp
|move|p2b: Whimsicott|Encore|p1b: Garchomp
|-start|p1b: Garchomp|Encore
|move|p1a: Gholdengo|Shadow Ball|p2a: Dragonite
|-activate|p2a: Dragonite|move: Protect
|
|upkeep
|turn|6
|
|t:|1756238943
|switch|p2b: Annihilape|Annihilape, L50, M|100/100
|move|p1b: Garchomp|Protect|p1b: Garchomp
|-singleturn|p1b: Garchomp|Protect
|move|p2a: Dragonite|Scale Shot|p2b: Annihilape|[miss]
|-miss|p2a: Dragonite|p2b: Annihilape
|move|p1a: Gholdengo|Shadow Ball|p2a: Dragonite
|-damage|p2a: Dragonite|0 fnt
|faint|p2a: Dragonite
|
|upkeep
|c|Ōśåchappell murkroan|SOBBING
|
|t:|1756238952
|switch|p2a: Whimsicott|Whimsicott, L50, M|1/100
|turn|7
|c|ŌśåGentlefish|rip
|c|ŌśåGentlefish|protect *was* guaranteed that turn tbf
|inactive|Gentlefish has 30 seconds left.
|
|t:|1756238978
|move|p1b: Garchomp|Protect||[still]
|-fail|p1b: Garchomp
|move|p2a: Whimsicott|Moonblast|p2b: Annihilape
|-supereffective|p2b: Annihilape
|-damage|p2b: Annihilape|32/100
|-unboost|p2b: Annihilape|spa|1
|move|p2b: Annihilape|Rage Fist|p1a: Gholdengo
|-supereffective|p1a: Gholdengo
|-damage|p1a: Gholdengo|16/100
|move|p1a: Gholdengo|Shadow Ball|p2b: Annihilape
|-supereffective|p2b: Annihilape
|-damage|p2b: Annihilape|0 fnt
|faint|p2b: Annihilape
|
|upkeep
|turn|8
|c|Ōśåchappell murkroan|yea
|c|Ōśåchappell murkroan|I missed on myself
|c|ŌśåGentlefish|OH
|inactive|chappell murkroan has 30 seconds left.
|c|Ōśåchappell murkroan|yea
|c|ŌśåGentlefish|I skipped the turn and then didn't read the chat log
|c|ŌśåGentlefish|closely enough
|inactive|chappell murkroan has 20 seconds left.
|c|Ōśåchappell murkroan|so I could rage fist you next 2 turns
|inactive|chappell murkroan has 15 seconds left.
|c|Ōśåchappell murkroan|but yea rip
|
|t:|1756239022
|move|p1b: Garchomp|Protect|p1b: Garchomp
|-singleturn|p1b: Garchomp|Protect
|move|p2a: Whimsicott|Moonblast|p1a: Gholdengo
|-resisted|p1a: Gholdengo
|-damage|p1a: Gholdengo|0 fnt
|faint|p1a: Gholdengo
|
|-end|p1b: Garchomp|Encore
|upkeep
|turn|9
|c|Ōśåchappell murkroan|wait
|c|Ōśåchappell murkroan|LOL
|c|ŌśåGentlefish|pain
|c|Ōśåchappell murkroan|NVM
|
|t:|1756239035
|move|p2a: Whimsicott|Encore|p1b: Garchomp
|-start|p1b: Garchomp|Encore
|move|p1b: Garchomp|Protect||[still]
|-fail|p1b: Garchomp
|
|upkeep
|turn|10
|
|t:|1756239037
|move|p1b: Garchomp|Protect|p1b: Garchomp
|-singleturn|p1b: Garchomp|Protect
|move|p2a: Whimsicott|Moonblast|p1b: Garchomp
|-activate|p1b: Garchomp|move: Protect
|
|upkeep
|turn|11
|
|t:|1756239040
|move|p1b: Garchomp|Protect|p1b: Garchomp
|-singleturn|p1b: Garchomp|Protect
|move|p2a: Whimsicott|Moonblast|p1b: Garchomp
|-activate|p1b: Garchomp|move: Protect
|
|-end|p1b: Garchomp|Encore
|upkeep
|turn|12
|
|t:|1756239047
|move|p1b: Garchomp|Protect||[still]
|-fail|p1b: Garchomp
|move|p2a: Whimsicott|Encore|p1b: Garchomp
|-start|p1b: Garchomp|Encore
|
|upkeep
|turn|13
|
|t:|1756239050
|move|p1b: Garchomp|Protect|p1b: Garchomp
|-singleturn|p1b: Garchomp|Protect
|move|p2a: Whimsicott|Moonblast|p1b: Garchomp
|-activate|p1b: Garchomp|move: Protect
|
|upkeep
|turn|14
|
|t:|1756239052
|move|p1b: Garchomp|Protect||[still]
|-fail|p1b: Garchomp
|move|p2a: Whimsicott|Moonblast|p1b: Garchomp
|-supereffective|p1b: Garchomp
|-damage|p1b: Garchomp|15/100
|-unboost|p1b: Garchomp|spa|1
|
|upkeep
|turn|15
|
|t:|1756239056
|move|p1b: Garchomp|Protect|p1b: Garchomp
|-singleturn|p1b: Garchomp|Protect
|move|p2a: Whimsicott|Moonblast|p1b: Garchomp
|-activate|p1b: Garchomp|move: Protect
|
|-end|p1b: Garchomp|Encore
|upkeep
|turn|16
|
|t:|1756239065
|move|p2a: Whimsicott|Encore|p1b: Garchomp
|-start|p1b: Garchomp|Encore
|move|p1b: Garchomp|Protect||[still]
|-fail|p1b: Garchomp
|
|upkeep
|turn|17
|
|t:|1756239068
|move|p1b: Garchomp|Protect|p1b: Garchomp
|-singleturn|p1b: Garchomp|Protect
|move|p2a: Whimsicott|Moonblast|p1b: Garchomp
|-activate|p1b: Garchomp|move: Protect
|
|upkeep
|turn|18
|
|t:|1756239070
|move|p1b: Garchomp|Protect||[still]
|-fail|p1b: Garchomp
|move|p2a: Whimsicott|Moonblast|p1b: Garchomp
|-supereffective|p1b: Garchomp
|-damage|p1b: Garchomp|0 fnt
|faint|p1b: Garchomp
|
|win|chappell murkroan
|raw|Gentlefish's rating: 1256 → 1233(-23 for losing)
|raw|chappell murkroan's rating: 1280 → 1303(+23 for winning)
|c|Ōśåchappell murkroan|gg
|c|ŌśåGentlefish|gg
|l|Ōśåchappell murkroan
|player|p2|
