|j|☆Sven
|j|☆kunal
|html|Svenkunal    
|uhtml|bestof|Game 1 of a best-of-3
|t:|1785694136
|gametype|doubles
|player|p1|Sven|#smogonxnpa2024winner|
|player|p2|kunal|#wcop2026uswest|
|gen|9
|tier|[Gen 9 Champions] VGC 2026 Reg M-B (Bo3)
|rule|Species Clause: Limit one of each Pokémon
|rule|Item Clause: Limit 1 of each item
|clearpoke
|poke|p1|Froslass, L50, F|
|poke|p1|Basculegion, L50, M|
|poke|p1|Kingambit, L50, M|
|poke|p1|Sneasler, L50, F|
|poke|p1|Lycanroc-Dusk, L50, F|
|poke|p1|Scovillain, L50, M, shiny|
|poke|p2|Whimsicott, L50, M|
|poke|p2|Floette-Eternal, L50, F|
|poke|p2|Charizard, L50, F|
|poke|p2|Garchomp, L50, F|
|poke|p2|Incineroar, L50, M|
|poke|p2|Basculegion, L50, M|
|teampreview|4
|showteam|p1|Froslass||Froslassite|CursedBody|Blizzard,ShadowBall,AuroraVeil,Protect|Timid||F|||50|]Basculegion||SitrusBerry|Adaptability|WaveCrash,LastRespects,AquaJet,Protect|Adamant||M|||50|]Kingambit||LifeOrb|Defiant|KowtowCleave,SuckerPunch,SwordsDance,Protect|Adamant||M|||50|]Sneasler||WhiteHerb|Unburden|CloseCombat,GunkShot,FakeOut,Protect|Adamant||F|||50|]Lycanroc-Dusk||FocusSash|ToughClaws|RockSlide,CloseCombat,Accelerock,Protect|Adamant||F|||50|]Scovillain||Scovillainite|Moody|Overheat,GigaDrain,RagePowder,Protect|Bold||M|||50|
|showteam|p2|Whimsicott||FocusSash|Prankster|Moonblast,Tailwind,Encore,Protect|Timid||M|||50|]Floette-Eternal||Floettite|FlowerVeil|Moonblast,DazzlingGleam,CalmMind,Protect|Timid||F|||50|]Charizard||CharizarditeY|Blaze|WeatherBall,HeatWave,SolarBeam,Protect|Modest||F|||50|]Garchomp||LifeOrb|RoughSkin|Earthquake,DragonClaw,RockSlide,Protect|Jolly||F|||50|]Incineroar||SitrusBerry|Intimidate|FakeOut,ThroatChop,HelpingHand,PartingShot|Impish||M|||50|]Basculegion||MysticWater|Adaptability|WaveCrash,AquaJet,LastRespects,Protect|Adamant||M|||50|
|inactive|Battle timer is ON: inactive players will automatically lose when time's up. (requested by Sven)
|c|☆kunal|glhf
|inactiveoff|Battle timer is now OFF.
|c|☆Sven|gl hf
|j| Kiogrus24
|j| Alolan HTH
|j| Code
|j| LogIce
|l| Code
|j| srvoltmike
|c| srvoltmike|VAMOS COSMOGS!!!
|c| srvoltmike|VAMOS KUNAL
|
|t:|1785694239
|teamsize|p1|4
|teamsize|p2|4
|start
|switch|p1a: Scovillain|Scovillain, L50, M, shiny|100/100
|switch|p1b: Basculegion|Basculegion, L50, M|100/100
|switch|p2a: Charizard|Charizard, L50, F|100/100
|switch|p2b: Garchomp|Garchomp, L50, F|100/100
|turn|1
|j| Code
|l| Code
|
|t:|1785694260
|detailschange|p2a: Charizard|Charizard-Mega-Y, L50, F
|-mega|p2a: Charizard|Charizard|Charizardite Y
|-weather|SunnyDay|[from] ability: Drought|[of] p2a: Charizard
|move|p1a: Scovillain|Protect|p1a: Scovillain
|-singleturn|p1a: Scovillain|Protect
|move|p2b: Garchomp|Earthquake|p1a: Scovillain|[spread] p1b
|-activate|p1a: Scovillain|move: Protect
|-immune|p2a: Charizard
|-damage|p1b: Basculegion|48/100
|-enditem|p1b: Basculegion|Sitrus Berry|[eat]
|-heal|p1b: Basculegion|73/100|[from] item: Sitrus Berry
|-damage|p2b: Garchomp|90/100|[from] item: Life Orb
|move|p2a: Charizard|Weather Ball|p1a: Scovillain
|-activate|p1a: Scovillain|move: Protect
|move|p1b: Basculegion|Wave Crash|p2a: Charizard
|-supereffective|p2a: Charizard|1
|-damage|p2a: Charizard|30/100
|-damage|p1b: Basculegion|53/100|[from] Recoil
|
|-weather|SunnyDay|[upkeep]
|-ability|p1a: Scovillain|Moody|boost
|-boost|p1a: Scovillain|atk|2
|-unboost|p1a: Scovillain|spe|1
|upkeep
|turn|2
|
|t:|1785694300
|detailschange|p1a: Scovillain|Scovillain-Mega, L50, M, shiny
|-mega|p1a: Scovillain|Scovillain|Scovillainite
|move|p1b: Basculegion|Protect|p1b: Basculegion
|-singleturn|p1b: Basculegion|Protect
|move|p2b: Garchomp|Earthquake|p1b: Basculegion|[spread] p1a
|-activate|p1b: Basculegion|move: Protect
|-immune|p2a: Charizard
|-damage|p1a: Scovillain|54/100
|-status|p2b: Garchomp|brn|[from] ability: Spicy Spray|[of] p1a: Scovillain
|-damage|p2b: Garchomp|80/100 brn|[from] item: Life Orb
|move|p2a: Charizard|Heat Wave|p1a: Scovillain|[spread] p1a
|-activate|p1b: Basculegion|move: Protect
|-damage|p1a: Scovillain|0 fnt
|-immune|p2a: Charizard
|faint|p1a: Scovillain
|
|-weather|SunnyDay|[upkeep]
|-damage|p2b: Garchomp|74/100 brn|[from] brn
|upkeep
|
|t:|1785694311
|switch|p1a: Lycanroc|Lycanroc-Dusk, L50, F|100/100
|turn|3
|l| srvoltmike
|j| srvoltmike
|j| Despacito87
|l| Despacito87
|
|t:|1785694346
|switch|p2a: Incineroar|Incineroar, L50, M|100/100
|-ability|p2a: Incineroar|Intimidate|boost
|-unboost|p1a: Lycanroc|atk|1
|-unboost|p1b: Basculegion|atk|1
|move|p2b: Garchomp|Rock Slide|p1a: Lycanroc|[spread] p1a,p1b
|-damage|p1a: Lycanroc|77/100
|-damage|p1b: Basculegion|42/100
|-damage|p2b: Garchomp|64/100 brn|[from] item: Life Orb
|move|p1a: Lycanroc|Rock Slide|p2a: Incineroar|[spread] p2a,p2b
|-supereffective|p2a: Incineroar|1
|-resisted|p2b: Garchomp|1
|-damage|p2a: Incineroar|69/100
|-damage|p2b: Garchomp|55/100 brn
|cant|p1b: Basculegion|flinch
|
|-weather|SunnyDay|[upkeep]
|-damage|p2b: Garchomp|49/100 brn|[from] brn
|upkeep
|turn|4
|j| Despacito87
|
|t:|1785694372
|switch|p2b: Whimsicott|Whimsicott, L50, M|100/100
|switch|p1a: Sneasler|Sneasler, L50, F|100/100
|move|p1b: Basculegion|Last Respects|p2b: Whimsicott
|-damage|p2b: Whimsicott|38/100
|move|p2a: Incineroar|Parting Shot|p1b: Basculegion
|-unboost|p1b: Basculegion|atk|1
|-unboost|p1b: Basculegion|spa|1
|
|t:|1785694384
|switch|p2a: Charizard|Charizard-Mega-Y, L50, F|30/100|[from] Parting Shot
|
|-weather|SunnyDay|[upkeep]
|upkeep
|turn|5
|j|+Arcticblast
|
|t:|1785694410
|switch|p1a: Lycanroc|Lycanroc-Dusk, L50, F|77/100
|move|p2b: Whimsicott|Protect|p2b: Whimsicott
|-singleturn|p2b: Whimsicott|Protect
|move|p2a: Charizard|Solar Beam||[still]
|-prepare|p2a: Charizard|Solar Beam
|-anim|p2a: Charizard|Solar Beam|p1b: Basculegion
|-supereffective|p1b: Basculegion|1
|-damage|p1b: Basculegion|0 fnt
|faint|p1b: Basculegion
|
|-weather|none
|upkeep
|
|t:|1785694414
|switch|p1b: Sneasler|Sneasler, L50, F|100/100
|turn|6
|
|t:|1785694471
|switch|p2b: Garchomp|Garchomp, L50, F|49/100 brn
|move|p1a: Lycanroc|Close Combat|p2a: Charizard
|-resisted|p2a: Charizard|1
|-damage|p2a: Charizard|4/100
|-unboost|p1a: Lycanroc|def|1
|-unboost|p1a: Lycanroc|spd|1
|move|p1b: Sneasler|Close Combat|p2b: Garchomp
|-damage|p2b: Garchomp|0 fnt
|-unboost|p1b: Sneasler|def|1
|-unboost|p1b: Sneasler|spd|1
|-damage|p1b: Sneasler|87/100|[from] ability: Rough Skin|[of] p2b: Garchomp
|faint|p2b: Garchomp
|-enditem|p1b: Sneasler|White Herb
|-clearnegativeboost|p1b: Sneasler|[silent]
|move|p2a: Charizard|Heat Wave|p1a: Lycanroc|[spread] p1a,p1b
|-resisted|p1a: Lycanroc|1
|-damage|p1a: Lycanroc|28/100
|-damage|p1b: Sneasler|40/100
|-status|p1a: Lycanroc|brn
|
|-damage|p1a: Lycanroc|22/100 brn|[from] brn
|upkeep
|
|t:|1785694483
|switch|p2b: Incineroar|Incineroar, L50, M|69/100
|-ability|p2b: Incineroar|Intimidate|boost
|-unboost|p1a: Lycanroc|atk|1
|-unboost|p1b: Sneasler|atk|1
|turn|7
|l| Despacito87
|j| Code
|
|t:|1785694510
|move|p2b: Incineroar|Fake Out|p1b: Sneasler
|-crit|p1b: Sneasler
|-damage|p1b: Sneasler|21/100
|cant|p1b: Sneasler|flinch
|move|p1a: Lycanroc|Rock Slide|p2b: Incineroar|[spread] p2a,p2b
|-supereffective|p2a: Charizard|2
|-supereffective|p2b: Incineroar|1
|-damage|p2a: Charizard|0 fnt
|-damage|p2b: Incineroar|54/100
|faint|p2a: Charizard
|
|-damage|p1a: Lycanroc|16/100 brn|[from] brn
|upkeep
|
|t:|1785694517
|switch|p2a: Whimsicott|Whimsicott, L50, M|38/100
|turn|8
|
|t:|1785694532
|move|p1b: Sneasler|Close Combat|p2b: Incineroar
|-supereffective|p2b: Incineroar|1
|-damage|p2b: Incineroar|0 fnt
|-unboost|p1b: Sneasler|def|1
|-unboost|p1b: Sneasler|spd|1
|faint|p2b: Incineroar
|move|p2a: Whimsicott|Moonblast|p1b: Sneasler
|-damage|p1b: Sneasler|0 fnt
|faint|p1b: Sneasler
|move|p1a: Lycanroc|Rock Slide|p2a: Whimsicott
|-damage|p2a: Whimsicott|18/100
|
|-damage|p1a: Lycanroc|10/100 brn|[from] brn
|upkeep
|turn|9
|j| MyPokemonRBad12
|
|t:|1785694539
|move|p1a: Lycanroc|Accelerock|p2a: Whimsicott
|-damage|p2a: Whimsicott|5/100
|move|p2a: Whimsicott|Moonblast|p1a: Lycanroc
|-damage|p1a: Lycanroc|0 fnt
|faint|p1a: Lycanroc
|
|win|kunal
||Sven is ready for game 2.
|l| Code
||kunal is ready for game 2.
|uhtml|next|Next: Game 2 of 3
|j| Code
|j| Despacito87
|l| Code
|j| Code
|l| Code
|j| Code
|l| srvoltmike
|j| srvoltmike
|l| Code
|j| Code
|l| Despacito87
|j| Lmk
|l| srvoltmike
|l| Code
|j| Code
|l| Code
|j| waffle2O26
|l| LogIce
|j| srvoltmike
|j| LogIce
|j| Code
|l| LogIce
|l| Code
|l| srvoltmike
|j| Code
|l| Lmk
|l| Code
|l|☆kunal
|player|p2|
|j| srvoltmike
|l| Kiogrus24
|l|+Arcticblast
|l| srvoltmike
|l| Alolan HTH
|j| Lmk
|l| MyPokemonRBad12
