|j|☆goodfish6211
|j|☆Bazilvts
|html|goodfish6211Bazilvts    
|uhtml|bestof|Game 2 of a best-of-3
|t:|1784877037
|gametype|doubles
|player|p1|goodfish6211|170|1105
|player|p2|Bazilvts|170|1061
|gen|9
|tier|[Gen 9 Champions] VGC 2026 Reg M-B (Bo3)
|rated|
|rule|Species Clause: Limit one of each Pokémon
|rule|Item Clause: Limit 1 of each item
|clearpoke
|poke|p1|Incineroar, L50, M|
|poke|p1|Sneasler, L50, F, shiny|
|poke|p1|Whimsicott, L50, M|
|poke|p1|Sinistcha-Masterpiece, L50|
|poke|p1|Sylveon, L50, F, shiny|
|poke|p1|Tyranitar, L50, F|
|poke|p2|Torkoal, L50, F|
|poke|p2|Venusaur, L50, M|
|poke|p2|Farigiraf, L50, F|
|poke|p2|Scrafty, L50, M|
|poke|p2|Mamoswine, L50, F|
|poke|p2|Pyroar, L50, F|
|teampreview|4
|showteam|p1|Incineroar||PasshoBerry|Intimidate|FakeOut,FlareBlitz,DarkestLariat,PartingShot|Adamant||M|||50|]Sneasler||WhiteHerb|Unburden|CloseCombat,FakeOut,DireClaw,Protect|Adamant||F|||50|]Whimsicott||FocusSash|Prankster|Tailwind,Moonblast,Encore,Protect|Timid||M|||50|]Sinistcha-Masterpiece||SitrusBerry|Hospitality|MatchaGotcha,TrickRoom,RagePowder,Protect|Bold|||||50|]Sylveon||LifeOrb|Pixilate|HyperVoice,QuickAttack,DrainingKiss,Protect|Modest||F|||50|]Tyranitar||Tyranitarite|SandStream|KnockOff,RockSlide,DragonDance,Protect|Adamant||F|||50|
|showteam|p2|Torkoal||Charcoal|Drought|Eruption,WeatherBall,HelpingHand,Protect|Quiet||F|||50|]Venusaur||LifeOrb|Chlorophyll|EnergyBall,SludgeBomb,EarthPower,Protect|Modest||M|||50|]Farigiraf||SitrusBerry|ArmorTail|Psychic,Thunderbolt,TrickRoom,Protect|Quiet||F|||50|]Scrafty||Scraftinite|Intimidate|KnockOff,DrainPunch,FakeOut,IcePunch|Adamant||M|||50|]Mamoswine||FocusSash|Oblivious|HighHorsepower,RockSlide,IceShard,Protect|Jolly||F|||50|]Pyroar||Pyroarite|Unnerve|HeatWave,Overheat,DarkPulse,Protect|Timid||F|||50|
|inactive|Battle timer is ON: inactive players will automatically lose when time's up. (requested by goodfish6211)
|
|t:|1784877062
|teamsize|p1|4
|teamsize|p2|4
|start
|switch|p1a: Sneasler|Sneasler, L50, F, shiny|100/100
|switch|p1b: Incineroar|Incineroar, L50, M|100/100
|switch|p2a: Farigiraf|Farigiraf, L50, F|100/100
|switch|p2b: Scrafty|Scrafty, L50, M|100/100
|-ability|p1b: Incineroar|Intimidate|boost
|-unboost|p2a: Farigiraf|atk|1
|-unboost|p2b: Scrafty|atk|1
|-ability|p2b: Scrafty|Intimidate|boost
|-unboost|p1a: Sneasler|atk|1
|-unboost|p1b: Incineroar|atk|1
|-enditem|p1a: Sneasler|White Herb
|-clearnegativeboost|p1a: Sneasler|[silent]
|turn|1
|inactive|goodfish6211 has 30 seconds left.
|
|t:|1784877088
|move|p2b: Scrafty|Fake Out|p1a: Sneasler
|-damage|p1a: Sneasler|85/100
|cant|p1a: Sneasler|flinch
|move|p1b: Incineroar|Darkest Lariat|p2a: Farigiraf
|-supereffective|p2a: Farigiraf|1
|-damage|p2a: Farigiraf|52/100
|move|p2a: Farigiraf|Trick Room|p2a: Farigiraf
|-fieldstart|move: Trick Room|[of] p2a: Farigiraf
|
|upkeep
|turn|2
|
|t:|1784877100
|switch|p1a: Tyranitar|Tyranitar, L50, F|100/100
|-weather|Sandstorm|[from] ability: Sand Stream|[of] p1a: Tyranitar
|detailschange|p2b: Scrafty|Scrafty-Mega, L50, M
|-mega|p2b: Scrafty|Scrafty|Scraftinite
|-ability|p2b: Scrafty|Intimidate|boost
|-unboost|p1a: Tyranitar|atk|1
|-unboost|p1b: Incineroar|atk|1
|move|p2a: Farigiraf|Psychic|p1a: Tyranitar
|-immune|p1a: Tyranitar
|move|p1b: Incineroar|Darkest Lariat|p2a: Farigiraf
|-supereffective|p2a: Farigiraf|1
|-damage|p2a: Farigiraf|19/100
|-enditem|p2a: Farigiraf|Sitrus Berry|[eat]
|-heal|p2a: Farigiraf|44/100|[from] item: Sitrus Berry
|move|p2b: Scrafty|Drain Punch|p1b: Incineroar
|-supereffective|p1b: Incineroar|1
|-damage|p1b: Incineroar|51/100
|
|-weather|Sandstorm|[upkeep]
|-damage|p2a: Farigiraf|38/100|[from] Sandstorm
|-damage|p1b: Incineroar|45/100|[from] Sandstorm
|-damage|p2b: Scrafty|94/100|[from] Sandstorm
|upkeep
|turn|3
|inactive|Bazilvts has 30 seconds left.
|
|t:|1784877131
|switch|p2a: Venusaur|Venusaur, L50, M|100/100
|move|p1a: Tyranitar|Protect|p1a: Tyranitar
|-singleturn|p1a: Tyranitar|Protect
|move|p1b: Incineroar|Parting Shot|p2b: Scrafty
|-unboost|p2b: Scrafty|atk|1
|-unboost|p2b: Scrafty|spa|1
|
|t:|1784877138
|switch|p1b: Sylveon|Sylveon, L50, F, shiny|100/100|[from] Parting Shot
|move|p2b: Scrafty|Drain Punch|p1a: Tyranitar
|-activate|p1a: Tyranitar|move: Protect
|
|-weather|Sandstorm|[upkeep]
|-damage|p2b: Scrafty|88/100|[from] Sandstorm
|-damage|p1b: Sylveon|93/100|[from] Sandstorm
|-damage|p2a: Venusaur|94/100|[from] Sandstorm
|upkeep
|turn|4
|
|t:|1784877152
|switch|p2b: Farigiraf|Farigiraf, L50, F|38/100
|switch|p1a: Incineroar|Incineroar, L50, M|45/100
|-ability|p1a: Incineroar|Intimidate|boost
|-unboost|p2a: Venusaur|atk|1
|-unboost|p2b: Farigiraf|atk|1
|move|p1b: Sylveon|Hyper Voice|p2a: Venusaur|[spread] p2a,p2b
|-resisted|p2a: Venusaur|1
|-damage|p2a: Venusaur|61/100
|-damage|p2b: Farigiraf|0 fnt
|faint|p2b: Farigiraf
|-damage|p1b: Sylveon|84/100|[from] item: Life Orb
|move|p2a: Venusaur|Sludge Bomb|p1b: Sylveon
|-supereffective|p1b: Sylveon|1
|-damage|p1b: Sylveon|0 fnt
|faint|p1b: Sylveon
|-damage|p2a: Venusaur|52/100|[from] item: Life Orb
|
|-weather|Sandstorm|[upkeep]
|-damage|p1a: Incineroar|39/100|[from] Sandstorm
|-damage|p2a: Venusaur|46/100|[from] Sandstorm
|upkeep
|
|t:|1784877170
|switch|p2b: Torkoal|Torkoal, L50, F|100/100
|switch|p1b: Tyranitar|Tyranitar, L50, F|100/100
|-weather|SunnyDay|[from] ability: Drought|[of] p2b: Torkoal
|-weather|Sandstorm|[from] ability: Sand Stream|[of] p1b: Tyranitar
|turn|5
|
|t:|1784877190
|detailschange|p1b: Tyranitar|Tyranitar-Mega, L50, F
|-mega|p1b: Tyranitar|Tyranitar|Tyranitarite
|move|p1a: Incineroar|Fake Out|p2b: Torkoal
|-damage|p2b: Torkoal|90/100
|cant|p2b: Torkoal|flinch
|move|p1b: Tyranitar|Dragon Dance|p1b: Tyranitar
|-boost|p1b: Tyranitar|atk|1
|-boost|p1b: Tyranitar|spe|1
|move|p2a: Venusaur|Earth Power|p1b: Tyranitar
|-supereffective|p1b: Tyranitar|1
|-damage|p1b: Tyranitar|54/100
|-damage|p2a: Venusaur|36/100|[from] item: Life Orb
|
|-weather|Sandstorm|[upkeep]
|-damage|p2b: Torkoal|84/100|[from] Sandstorm
|-damage|p1a: Incineroar|33/100|[from] Sandstorm
|-damage|p2a: Venusaur|31/100|[from] Sandstorm
|-fieldend|move: Trick Room
|upkeep
|turn|6
|
|t:|1784877209
|switch|p2a: Scrafty|Scrafty-Mega, L50, M|88/100
|-ability|p2a: Scrafty|Intimidate|boost
|-unboost|p1a: Incineroar|atk|1
|-unboost|p1b: Tyranitar|atk|1
|switch|p1a: Sneasler|Sneasler, L50, F, shiny|85/100
|move|p1b: Tyranitar|Rock Slide|p2a: Scrafty|[spread] p2a,p2b
|-resisted|p2a: Scrafty|1
|-crit|p2a: Scrafty
|-supereffective|p2b: Torkoal|1
|-damage|p2a: Scrafty|63/100
|-damage|p2b: Torkoal|26/100
|cant|p2b: Torkoal|flinch
|
|-weather|Sandstorm|[upkeep]
|-damage|p1a: Sneasler|79/100|[from] Sandstorm
|-damage|p2a: Scrafty|58/100|[from] Sandstorm
|-damage|p2b: Torkoal|20/100y|[from] Sandstorm
|upkeep
|turn|7
|inactive|Bazilvts has 30 seconds left.
|
|t:|1784877237
|move|p1a: Sneasler|Fake Out|p2a: Scrafty
|-damage|p2a: Scrafty|44/100
|cant|p2a: Scrafty|flinch
|move|p1b: Tyranitar|Dragon Dance|p1b: Tyranitar
|-boost|p1b: Tyranitar|atk|1
|-boost|p1b: Tyranitar|spe|1
|move|p2b: Torkoal|Weather Ball|p1a: Sneasler
|-resisted|p1a: Sneasler|1
|-damage|p1a: Sneasler|58/100
|
|-weather|Sandstorm|[upkeep]
|-damage|p1a: Sneasler|52/100|[from] Sandstorm
|-damage|p2a: Scrafty|38/100|[from] Sandstorm
|-damage|p2b: Torkoal|14/100|[from] Sandstorm
|upkeep
|turn|8
|-message|Bazilvts forfeited.
|
|win|goodfish6211
|l|☆Bazilvts
|player|p2|
||Bazilvts is ready for game 3.
|inactive|goodfish6211 has 30 seconds to confirm battle start!
