|j|☆GRNSBRN
|j|☆oddizz
|html|GRNSBRNoddizz    
|uhtml|bestof|Game 1 of a best-of-3
|t:|1757660876
|gametype|doubles
|player|p1|GRNSBRN|benga|1013
|player|p2|oddizz|101|1068
|gen|9
|tier|[Gen 9] VGC 2025 Reg H (Bo3)
|rated|
|rule|Species Clause: Limit one of each Pokémon
|rule|Item Clause: Limit 1 of each item
|clearpoke
|poke|p1|Reuniclus, L50, F|
|poke|p1|Tyranitar, L50, F|
|poke|p1|Indeedee-F, L50, F|
|poke|p1|Sneasler, L50, F|
|poke|p1|Houndstone, L50, M|
|poke|p1|Basculegion, L50, M|
|poke|p2|Archaludon, L50, F|
|poke|p2|Basculegion, L50, M|
|poke|p2|Gholdengo, L50|
|poke|p2|Pelipper, L50, M|
|poke|p2|Rillaboom, L50, M|
|poke|p2|Magmar, L50, M|
|teampreview|4
|showteam|p1|Reuniclus||SitrusBerry|Overcoat|ExpandingForce,TrickRoom,TeraBlast,Recover|||F|||50|,,,,,Water]Tyranitar||AssaultVest|SandStream|KnockOff,RockSlide,TeraBlast,LowKick|||F|||50|,,,,,Flying]Indeedee-F||RockyHelmet|PsychicSurge|TrickRoom,FollowMe,HealPulse,DazzlingGleam|||F|||50|,,,,,Fairy]Sneasler||PsychicSeed|Unburden|RockSlide,Protect,CloseCombat,DireClaw|||F|||50|,,,,,Rock]Houndstone||Leftovers|SandRush|Protect,Yawn,Snarl,LastRespects|||M|||50|,,,,,Fairy]Basculegion||ChoiceScarf|Adaptability|FlipTurn,PhantomForce,WaveCrash,LastRespects|||M|||50|,,,,,Water
|showteam|p2|Archaludon||AssaultVest|Stamina|DragonPulse,BodyPress,ElectroShot,FlashCannon|||F|||50|,,,,,Water]Basculegion||MysticWater|SwiftSwim|WaveCrash,LastRespects,Protect,AquaJet|||M|||50|,,,,,Water]Gholdengo||LifeOrb|GoodasGold|MakeItRain,ShadowBall,NastyPlot,Protect||||||50|,,,,,Steel]Pelipper||FocusSash|Drizzle|Hurricane,WeatherBall,Tailwind,Protect|||M|||50|,,,,,Steel]Rillaboom||MiracleSeed|GrassySurge|FakeOut,GrassyGlide,WoodHammer,Uturn|||M|||50|,,,,,Fire]Magmar||Eviolite|VitalSpirit|Flamethrower,Protect,WillOWisp,FollowMe|||M|||50|,,,,,Water
|
|t:|1757660940
|teamsize|p1|4
|teamsize|p2|4
|start
|switch|p1a: Houndstone|Houndstone, L50, M|100/100
|switch|p1b: Indeedee|Indeedee-F, L50, F, shiny|100/100
|switch|p2a: Magmar|Magmar, L50, M, shiny|100/100
|switch|p2b: Archaludon|Archaludon, L50, F, shiny|100/100
|-fieldstart|move: Psychic Terrain|[from] ability: Psychic Surge|[of] p1b: Indeedee
|turn|1
|
|t:|1757660957
|switch|p1b: Tyranitar|Tyranitar, L50, F|100/100
|-weather|Sandstorm|[from] ability: Sand Stream|[of] p1b: Tyranitar
|move|p1a: Houndstone|Snarl|p2b: Archaludon|[spread] p2a,p2b
|-damage|p2a: Magmar|96/100
|-damage|p2b: Archaludon|94/100
|-unboost|p2a: Magmar|spa|1
|-unboost|p2b: Archaludon|spa|1
|-ability|p2b: Archaludon|Stamina|boost
|-boost|p2b: Archaludon|def|1
|move|p2b: Archaludon|Dragon Pulse|p1b: Tyranitar
|-damage|p1b: Tyranitar|88/100
|move|p2a: Magmar|Flamethrower|p1b: Tyranitar
|-resisted|p1b: Tyranitar
|-damage|p1b: Tyranitar|85/100
|
|-weather|Sandstorm|[upkeep]
|-damage|p2a: Magmar|91/100|[from] Sandstorm
|upkeep
|turn|2
|
|t:|1757660994
|-terastallize|p2b: Archaludon|Water
|move|p1a: Houndstone|Snarl|p2a: Magmar|[spread] p2a,p2b
|-damage|p2a: Magmar|86/100
|-damage|p2b: Archaludon|89/100
|-unboost|p2a: Magmar|spa|1
|-unboost|p2b: Archaludon|spa|1
|-ability|p2b: Archaludon|Stamina|boost
|-boost|p2b: Archaludon|def|1
|move|p2b: Archaludon|Body Press|p1b: Tyranitar
|-supereffective|p1b: Tyranitar
|-damage|p1b: Tyranitar|0 fnt
|faint|p1b: Tyranitar
|move|p2a: Magmar|Flamethrower|p1a: Houndstone
|-damage|p1a: Houndstone|81/100
|
|-weather|Sandstorm|[upkeep]
|-damage|p2b: Archaludon|83/100|[from] Sandstorm
|-damage|p2a: Magmar|81/100|[from] Sandstorm
|-heal|p1a: Houndstone|88/100|[from] item: Leftovers
|upkeep
|
|t:|1757661011
|switch|p1b: Sneasler|Sneasler, L50, F|100/100
|-enditem|p1b: Sneasler|Psychic Seed
|-boost|p1b: Sneasler|spd|1|[from] item: Psychic Seed
|turn|3
|
|t:|1757661032
|switch|p2b: Basculegion|Basculegion, L50, M|100/100
|move|p1b: Sneasler|Dire Claw|p2b: Basculegion
|-resisted|p2b: Basculegion
|-damage|p2b: Basculegion|73/100
|-status|p2b: Basculegion|slp
|move|p1a: Houndstone|Yawn|p2a: Magmar
|-immune|p2a: Magmar|[from] ability: Vital Spirit
|move|p2a: Magmar|Will-O-Wisp|p1b: Sneasler
|-status|p1b: Sneasler|brn
|
|-weather|Sandstorm|[upkeep]
|-damage|p1b: Sneasler|95/100 brn|[from] Sandstorm
|-damage|p2b: Basculegion|67/100 slp|[from] Sandstorm
|-damage|p2a: Magmar|75/100|[from] Sandstorm
|-heal|p1a: Houndstone|94/100|[from] item: Leftovers
|-damage|p1b: Sneasler|89/100 brn|[from] brn
|upkeep
|turn|4
|
|t:|1757661067
|switch|p2a: Pelipper|Pelipper, L50, M, shiny|100/100
|-weather|RainDance|[from] ability: Drizzle|[of] p2a: Pelipper
|cant|p2b: Basculegion|slp
|move|p1b: Sneasler|Dire Claw|p2a: Pelipper
|-damage|p2a: Pelipper|70/100
|-status|p2a: Pelipper|psn
|move|p1a: Houndstone|Last Respects|p2b: Basculegion
|-supereffective|p2b: Basculegion
|-damage|p2b: Basculegion|0 fnt
|faint|p2b: Basculegion
|
|-weather|RainDance|[upkeep]
|-heal|p1a: Houndstone|99/100|[from] item: Leftovers
|-damage|p2a: Pelipper|58/100 psn|[from] psn
|-damage|p1b: Sneasler|83/100 brn|[from] brn
|upkeep
|
|t:|1757661085
|switch|p2b: Magmar|Magmar, L50, M, shiny|75/100
|turn|5
|
|t:|1757661096
|move|p2b: Magmar|Follow Me|p2b: Magmar
|-singleturn|p2b: Magmar|move: Follow Me
|move|p1b: Sneasler|Dire Claw|p2b: Magmar
|-damage|p2b: Magmar|58/100
|move|p1a: Houndstone|Last Respects|p2b: Magmar
|-damage|p2b: Magmar|34/100
|move|p2a: Pelipper|Hurricane|p1b: Sneasler
|-supereffective|p1b: Sneasler
|-damage|p1b: Sneasler|0 fnt
|faint|p1b: Sneasler
|
|-weather|RainDance|[upkeep]
|-heal|p1a: Houndstone|100/100|[from] item: Leftovers
|-damage|p2a: Pelipper|45/100 psn|[from] psn
|-fieldend|move: Psychic Terrain
|upkeep
|
|t:|1757661109
|switch|p1b: Indeedee|Indeedee-F, L50, F, shiny|100/100
|-fieldstart|move: Psychic Terrain|[from] ability: Psychic Surge|[of] p1b: Indeedee
|turn|6
|
|t:|1757661130
|move|p1a: Houndstone|Last Respects|p2b: Magmar
|-damage|p2b: Magmar|0 fnt
|faint|p2b: Magmar
|move|p2a: Pelipper|Hurricane|p1a: Houndstone
|-damage|p1a: Houndstone|41/100
|move|p1b: Indeedee|Dazzling Gleam|p2a: Pelipper
|-damage|p2a: Pelipper|14/100 psn
|
|-weather|RainDance|[upkeep]
|-heal|p1a: Houndstone|47/100|[from] item: Leftovers
|-damage|p2a: Pelipper|1/100 psn|[from] psn
|upkeep
|
|t:|1757661143
|switch|p2b: Archaludon|Archaludon, L50, F, shiny, tera:Water|83/100
|turn|7
|
|t:|1757661158
|move|p1a: Houndstone|Protect|p1a: Houndstone
|-singleturn|p1a: Houndstone|Protect
|move|p2b: Archaludon|Electro Shot||[still]
|-prepare|p2b: Archaludon|Electro Shot
|-boost|p2b: Archaludon|spa|1
|-anim|p2b: Archaludon|Electro Shot|p1a: Houndstone
|-activate|p1a: Houndstone|move: Protect
|move|p2a: Pelipper|Hurricane|p1b: Indeedee
|-damage|p1b: Indeedee|49/100
|move|p1b: Indeedee|Dazzling Gleam|p2a: Pelipper|[spread] p2a,p2b
|-damage|p2a: Pelipper|0 fnt
|-damage|p2b: Archaludon|70/100
|-ability|p2b: Archaludon|Stamina|boost
|-boost|p2b: Archaludon|def|1
|faint|p2a: Pelipper
|
|-weather|RainDance|[upkeep]
|-heal|p1a: Houndstone|54/100|[from] item: Leftovers
|upkeep
|turn|8
|
|t:|1757661182
|move|p1b: Indeedee|Follow Me|p1b: Indeedee
|-singleturn|p1b: Indeedee|move: Follow Me
|move|p2b: Archaludon|Electro Shot||[still]
|-prepare|p2b: Archaludon|Electro Shot
|-boost|p2b: Archaludon|spa|1
|-anim|p2b: Archaludon|Electro Shot|p1b: Indeedee
|-damage|p1b: Indeedee|0 fnt
|faint|p1b: Indeedee
|move|p1a: Houndstone|Yawn|p2b: Archaludon
|-start|p2b: Archaludon|move: Yawn|[of] p1a: Houndstone
|
|-weather|none
|-heal|p1a: Houndstone|60/100|[from] item: Leftovers
|upkeep
|turn|9
|
|t:|1757661205
|move|p1a: Houndstone|Protect|p1a: Houndstone
|-singleturn|p1a: Houndstone|Protect
|move|p2b: Archaludon|Dragon Pulse|p1a: Houndstone
|-activate|p1a: Houndstone|move: Protect
|
|-heal|p1a: Houndstone|66/100|[from] item: Leftovers
|-end|p2b: Archaludon|move: Yawn|[silent]
|-status|p2b: Archaludon|slp
|upkeep
|turn|10
|
|t:|1757661215
|cant|p2b: Archaludon|slp
|move|p1a: Houndstone|Last Respects|p2b: Archaludon
|-damage|p2b: Archaludon|31/100 slp
|-ability|p2b: Archaludon|Stamina|boost
|-boost|p2b: Archaludon|def|1
|
|-heal|p1a: Houndstone|72/100|[from] item: Leftovers
|-fieldend|move: Psychic Terrain
|upkeep
|turn|11
|
|t:|1757661236
|cant|p2b: Archaludon|slp
|move|p1a: Houndstone|Last Respects|p2b: Archaludon
|-damage|p2b: Archaludon|0 fnt
|faint|p2b: Archaludon
|
|win|GRNSBRN
|inactive|GRNSBRN has 30 seconds to confirm battle start!
|inactive|oddizz has 30 seconds to confirm battle start!
||oddizz is ready for game 2.
|inactive|GRNSBRN has 20 seconds to confirm battle start!
|inactive|GRNSBRN has 10 seconds to confirm battle start!
|uhtml|next|Next: Game 2 of 3
