|j|☆ahy0
|j|☆thedelybird
|html|ahy0thedelybird    
|uhtml|bestof|Game 2 of a best-of-3
|t:|1755201725
|gametype|doubles
|player|p1|ahy0|266|1189
|player|p2|thedelybird|blue-masters|1181
|gen|9
|tier|[Gen 9] VGC 2025 Reg H (Bo3)
|rated|
|rule|Species Clause: Limit one of each Pokémon
|rule|Item Clause: Limit 1 of each item
|clearpoke
|poke|p1|Sneasler, L50, M|
|poke|p1|Volcarona, L50, F|
|poke|p1|Dragonite, L50, F|
|poke|p1|Rillaboom, L50, F|
|poke|p1|Maushold-Four, L50|
|poke|p1|Basculegion, L50, M|
|poke|p2|Incineroar, L50, F|
|poke|p2|Pelipper, L50, M|
|poke|p2|Basculegion, L50, M|
|poke|p2|Amoonguss, L50, M|
|poke|p2|Maushold-Four, L50|
|poke|p2|Archaludon, L50, F|
|teampreview|4
|showteam|p1|Sneasler||GrassySeed|Unburden|DireClaw,CloseCombat,ThroatChop,Protect|||M|||50|,,,,,Dark]Volcarona||Leftovers|FlameBody|HeatWave,QuiverDance,Protect,TeraBlast|||F|||50|,,,,,Fairy]Dragonite||LoadedDice|Multiscale|ScaleShot,ExtremeSpeed,Haze,Protect|||F|||50|,,,,,Steel]Rillaboom||AssaultVest|GrassySurge|WoodHammer,GrassyGlide,Uturn,FakeOut|||F|||50|,,,,,Fire]Maushold-Four||RockyHelmet|FriendGuard|FollowMe,Taunt,Protect,SuperFang||||||50|,,,,,Ghost]Basculegion||ChoiceScarf|Adaptability|WaveCrash,FlipTurn,AquaJet,LastRespects|||M|||50|,,,,,Grass
|showteam|p2|Incineroar||SafetyGoggles|Intimidate|FakeOut,FlareBlitz,KnockOff,PartingShot|||F|||50|,,,,,Ghost]Pelipper||FocusSash|Drizzle|Hurricane,WeatherBall,Tailwind,Protect|||M|||50|,,,,,Ghost]Basculegion||MysticWater|SwiftSwim|Protect,WaveCrash,AquaJet,LastRespects|||M|||50|,,,,,Water]Amoonguss||SitrusBerry|Regenerator|Spore,RagePowder,PollenPuff,ClearSmog|||M|||50|,,,,,Fairy]Maushold-Four||WideLens|Technician|PopulationBomb,FollowMe,Taunt,Protect||||||50|,,,,,Grass]Archaludon||AssaultVest|Stamina|ElectroShot,DragonPulse,FlashCannon,BodyPress|||F|||50|,,,,,Grass
|inactive|Battle timer is ON: inactive players will automatically lose when time's up. (requested by ahy0)
|
|t:|1755201740
|teamsize|p1|4
|teamsize|p2|4
|start
|switch|p1a: Rillaboom|Rillaboom, L50, F|100/100
|switch|p1b: Basculegion|Basculegion, L50, M|100/100
|switch|p2a: Incineroar|Incineroar, L50, F|100/100
|switch|p2b: Maushold|Maushold-Four, L50|100/100
|-fieldstart|move: Grassy Terrain|[from] ability: Grassy Surge|[of] p1a: Rillaboom
|-ability|p2a: Incineroar|Intimidate|boost
|-unboost|p1a: Rillaboom|atk|1
|-unboost|p1b: Basculegion|atk|1
|turn|1
|
|t:|1755201758
|switch|p2a: Archaludon|Archaludon, L50, F|100/100
|move|p1a: Rillaboom|Fake Out|p2a: Archaludon
|-resisted|p2a: Archaludon
|-damage|p2a: Archaludon|98/100
|-ability|p2a: Archaludon|Stamina|boost
|-boost|p2a: Archaludon|def|1
|move|p1b: Basculegion|Wave Crash|p2a: Archaludon
|-resisted|p2a: Archaludon
|-damage|p2a: Archaludon|85/100
|-ability|p2a: Archaludon|Stamina|boost
|-boost|p2a: Archaludon|def|1
|-damage|p1b: Basculegion|96/100|[from] Recoil
|move|p2b: Maushold|Population Bomb|p1a: Rillaboom
|-damage|p1a: Rillaboom|89/100
|-damage|p1a: Rillaboom|78/100
|-damage|p1a: Rillaboom|68/100
|-damage|p1a: Rillaboom|57/100
|-damage|p1a: Rillaboom|47/100
|-damage|p1a: Rillaboom|35/100
|-damage|p1a: Rillaboom|24/100
|-damage|p1a: Rillaboom|14/100
|-damage|p1a: Rillaboom|2/100
|-damage|p1a: Rillaboom|0 fnt
|faint|p1a: Rillaboom
|-hitcount|p1: Rillaboom|10
|
|-heal|p1b: Basculegion|100/100|[from] Grassy Terrain
|-heal|p2a: Archaludon|91/100|[from] Grassy Terrain
|upkeep
|
|t:|1755201768
|switch|p1a: Volcarona|Volcarona, L50, F, shiny|100/100
|turn|2
|inactive|thedelybird has 30 seconds left.
|
|t:|1755201795
|switch|p2b: Pelipper|Pelipper, L50, M|100/100
|-weather|RainDance|[from] ability: Drizzle|[of] p2b: Pelipper
|move|p1b: Basculegion|Wave Crash|p2b: Pelipper
|-resisted|p2b: Pelipper
|-damage|p2b: Pelipper|45/100
|-damage|p1b: Basculegion|88/100|[from] Recoil
|move|p1a: Volcarona|Quiver Dance|p1a: Volcarona
|-boost|p1a: Volcarona|spa|1
|-boost|p1a: Volcarona|spd|1
|-boost|p1a: Volcarona|spe|1
|move|p2a: Archaludon|Electro Shot||[still]
|-prepare|p2a: Archaludon|Electro Shot
|-boost|p2a: Archaludon|spa|1
|-anim|p2a: Archaludon|Electro Shot|p1b: Basculegion
|-supereffective|p1b: Basculegion
|-damage|p1b: Basculegion|0 fnt
|faint|p1b: Basculegion
|
|-weather|RainDance|[upkeep]
|-heal|p2a: Archaludon|97/100|[from] Grassy Terrain
|upkeep
|
|t:|1755201806
|switch|p1b: Sneasler|Sneasler, L50, M|100/100
|-enditem|p1b: Sneasler|Grassy Seed
|-boost|p1b: Sneasler|def|1|[from] item: Grassy Seed
|turn|3
|inactive|ahy0 has 30 seconds left.
|
|t:|1755201836
|-terastallize|p1a: Volcarona|Fairy
|move|p1b: Sneasler|Protect|p1b: Sneasler
|-singleturn|p1b: Sneasler|Protect
|move|p1a: Volcarona|Tera Blast|p2b: Pelipper|[anim] Tera Blast Fairy
|-damage|p2b: Pelipper|0 fnt
|faint|p2b: Pelipper
|move|p2a: Archaludon|Electro Shot||[still]
|-prepare|p2a: Archaludon|Electro Shot
|-boost|p2a: Archaludon|spa|1
|-anim|p2a: Archaludon|Electro Shot|p1b: Sneasler
|-activate|p1b: Sneasler|move: Protect
|
|-weather|RainDance|[upkeep]
|-heal|p2a: Archaludon|100/100|[from] Grassy Terrain
|upkeep
|
|t:|1755201842
|switch|p2b: Incineroar|Incineroar, L50, F|100/100
|-ability|p2b: Incineroar|Intimidate|boost
|-unboost|p1a: Volcarona|atk|1
|-unboost|p1b: Sneasler|atk|1
|turn|4
|
|t:|1755201862
|-terastallize|p2b: Incineroar|Ghost
|move|p1b: Sneasler|Protect||[still]
|-fail|p1b: Sneasler
|move|p1a: Volcarona|Protect|p1a: Volcarona
|-singleturn|p1a: Volcarona|Protect
|move|p2a: Archaludon|Electro Shot||[still]
|-prepare|p2a: Archaludon|Electro Shot
|-boost|p2a: Archaludon|spa|1
|-anim|p2a: Archaludon|Electro Shot|p1b: Sneasler
|-damage|p1b: Sneasler|0 fnt
|faint|p1b: Sneasler
|move|p2b: Incineroar|Knock Off|p1a: Volcarona
|-activate|p1a: Volcarona|move: Protect
|
|-weather|RainDance|[upkeep]
|upkeep
|turn|5
|
|t:|1755201874
|move|p1a: Volcarona|Tera Blast|p2a: Archaludon|[anim] Tera Blast Fairy
|-damage|p2a: Archaludon|58/100
|-ability|p2a: Archaludon|Stamina|boost
|-boost|p2a: Archaludon|def|1
|move|p2a: Archaludon|Electro Shot||[still]
|-prepare|p2a: Archaludon|Electro Shot
|-boost|p2a: Archaludon|spa|1
|-anim|p2a: Archaludon|Electro Shot|p1a: Volcarona
|-damage|p1a: Volcarona|31/100
|move|p2b: Incineroar|Knock Off|p1a: Volcarona
|-resisted|p1a: Volcarona
|-damage|p1a: Volcarona|3/100
|-status|p2b: Incineroar|brn|[from] ability: Flame Body|[of] p1a: Volcarona
|-enditem|p1a: Volcarona|Leftovers|[from] move: Knock Off|[of] p2b: Incineroar
|
|-weather|RainDance|[upkeep]
|-heal|p1a: Volcarona|9/100|[from] Grassy Terrain
|-heal|p2a: Archaludon|64/100|[from] Grassy Terrain
|-damage|p2b: Incineroar|94/100 brn|[from] brn
|-fieldend|move: Grassy Terrain
|upkeep
|turn|6
|
|t:|1755201889
|switch|p2b: Maushold|Maushold-Four, L50|100/100
|move|p1a: Volcarona|Tera Blast|p2a: Archaludon|[anim] Tera Blast Fairy
|-damage|p2a: Archaludon|18/100
|-ability|p2a: Archaludon|Stamina|boost
|-boost|p2a: Archaludon|def|1
|move|p2a: Archaludon|Electro Shot||[still]
|-prepare|p2a: Archaludon|Electro Shot
|-boost|p2a: Archaludon|spa|1
|-anim|p2a: Archaludon|Electro Shot|p1a: Volcarona
|-damage|p1a: Volcarona|0 fnt
|faint|p1a: Volcarona
|
|win|thedelybird
|raw|ahy0's rating: 1189 → 1163(-26 for losing)
|raw|thedelybird's rating: 1181 → 1207(+26 for winning)
|l|☆ahy0
|player|p1|
