|j|☆redpandavgclol
|j|☆CookieSpark
|html|redpandavgclolCookieSpark    
|uhtml|bestof|Game 2 of a best-of-3
|t:|1757830512
|gametype|doubles
|player|p1|redpandavgclol|pokemonranger-gen4|1071
|player|p2|CookieSpark|swimmer|1055
|gen|9
|tier|[Gen 9] VGC 2025 Reg H (Bo3)
|rated|
|rule|Species Clause: Limit one of each Pokémon
|rule|Item Clause: Limit 1 of each item
|clearpoke
|poke|p1|Grimmsnarl, L50, M|
|poke|p1|Archaludon, L50, M|
|poke|p1|Ursaluna-Bloodmoon, L50, M|
|poke|p1|Whimsicott, L50, M|
|poke|p1|Rillaboom, L50, M|
|poke|p1|Incineroar, L50, M|
|poke|p2|Ursaluna-Bloodmoon, L50, M|
|poke|p2|Gholdengo, L50|
|poke|p2|Grimmsnarl, L50, M|
|poke|p2|Pawmot, L50, M|
|poke|p2|Magmortar, L50, M|
|poke|p2|Ninetales-Alola, L50, M|
|teampreview|4
|showteam|p1|Grimmsnarl||LightClay|Prankster|PartingShot,ThunderWave,LightScreen,Reflect|||M|||50|,,,,,Ghost]Archaludon||AssaultVest|Stamina|ElectroShot,FlashCannon,BodyPress,Snarl|||M|||50|,,,,,Fairy]Ursaluna-Bloodmoon||Leftovers|MindsEye|BloodMoon,EarthPower,CalmMind,Protect|||M|||50|,,,,,Normal]Whimsicott||CovertCloak|Prankster|Tailwind,Encore,GrassyTerrain,Taunt|||M|||50|,,,,,Steel]Rillaboom||LifeOrb|GrassySurge|GrassyGlide,Uturn,FakeOut,WoodHammer|||M|||50|,,,,,Grass]Incineroar||IapapaBerry|Intimidate|FakeOut,KnockOff,Taunt,PartingShot|||M|||50|,,,,,Grass
|showteam|p2|Ursaluna-Bloodmoon||AssaultVest|MindsEye|HyperVoice,BloodMoon,EarthPower,Moonblast|||M|||50|,,,,,Normal]Gholdengo||ExpertBelt|GoodasGold|MakeItRain,NastyPlot,ShadowBall,Protect||||||50|,,,,,Water]Grimmsnarl||CovertCloak|Prankster|BrickBreak,FoulPlay,Reflect,LightScreen|||M|||50|,,,,,Ghost]Pawmot||FocusSash|IronFist|CloseCombat,FakeOut,DoubleShock,ThunderWave|||M|||50|,,,,,Fighting]Magmortar||Leftovers|FlameBody|ClearSmog,FollowMe,Overheat,Protect|||M|||50|,,,,,Grass]Ninetales-Alola||ChoiceSpecs|SnowWarning|IcyWind,Blizzard,FreezeDry,Moonblast|||M|||50|,,,,,Water
|
|t:|1757830552
|teamsize|p1|4
|teamsize|p2|4
|start
|switch|p1a: frog|Grimmsnarl, L50, M, shiny|100/100
|switch|p1b: Tappan Zee|Archaludon, L50, M, shiny|100/100
|switch|p2a: Ninetales|Ninetales-Alola, L50, M|100/100
|switch|p2b: Ursaluna|Ursaluna-Bloodmoon, L50, M|100/100
|-weather|Snowscape|[from] ability: Snow Warning|[of] p2a: Ninetales
|turn|1
|
|t:|1757830588
|switch|p2a: Gholdengo|Gholdengo, L50|100/100
|-terastallize|p1b: Tappan Zee|Fairy
|-terastallize|p2b: Ursaluna|Normal
|move|p1a: frog|Light Screen|p1a: frog
|-sidestart|p1: redpandavgclol|move: Light Screen
|move|p1b: Tappan Zee|Snarl|p2b: Ursaluna|[spread] p2a,p2b
|-supereffective|p2a: Gholdengo
|-damage|p2a: Gholdengo|67/100
|-damage|p2b: Ursaluna|90/100
|-unboost|p2a: Gholdengo|spa|1
|-unboost|p2b: Ursaluna|spa|1
|move|p2b: Ursaluna|Blood Moon|p1a: frog
|-damage|p1a: frog|55/100
|
|-weather|Snowscape|[upkeep]
|upkeep
|turn|2
|
|t:|1757830620
|switch|p2b: Pawmot|Pawmot, L50, M|100/100
|move|p1a: frog|Parting Shot|p2b: Pawmot
|-unboost|p2b: Pawmot|atk|1
|-unboost|p2b: Pawmot|spa|1
|
|t:|1757830631
|switch|p1a: anguish|Incineroar, L50, M|100/100|[from] Parting Shot
|-ability|p1a: anguish|Intimidate|boost
|-unboost|p2a: Gholdengo|atk|1
|-unboost|p2b: Pawmot|atk|1
|move|p2a: Gholdengo|Make It Rain|p1b: Tappan Zee|[spread] p1a,p1b
|-resisted|p1a: anguish
|-supereffective|p1b: Tappan Zee
|-damage|p1a: anguish|92/100
|-damage|p1b: Tappan Zee|65/100
|-unboost|p2a: Gholdengo|spa|1
|-ability|p1b: Tappan Zee|Stamina|boost
|-boost|p1b: Tappan Zee|def|1
|move|p1b: Tappan Zee|Snarl|p2b: Pawmot|[spread] p2a,p2b
|-supereffective|p2a: Gholdengo
|-resisted|p2b: Pawmot
|-damage|p2a: Gholdengo|35/100
|-damage|p2b: Pawmot|88/100
|-unboost|p2a: Gholdengo|spa|1
|-unboost|p2b: Pawmot|spa|1
|
|-weather|Snowscape|[upkeep]
|upkeep
|turn|3
|
|t:|1757830675
|switch|p2b: Ninetales|Ninetales-Alola, L50, M|100/100
|switch|p2a: Ursaluna|Ursaluna-Bloodmoon, L50, M, tera:Normal|90/100
|move|p1b: Tappan Zee|Snarl|p2b: Ninetales|[spread] p2a,p2b
|-resisted|p2b: Ninetales
|-damage|p2a: Ursaluna|80/100
|-damage|p2b: Ninetales|92/100
|-unboost|p2a: Ursaluna|spa|1
|-unboost|p2b: Ninetales|spa|1
|move|p1a: anguish|Knock Off|p2a: Ursaluna
|-damage|p2a: Ursaluna|54/100
|-enditem|p2a: Ursaluna|Assault Vest|[from] move: Knock Off|[of] p1a: anguish
|
|-weather|Snowscape|[upkeep]
|upkeep
|turn|4
|
|t:|1757830705
|move|p2b: Ninetales|Blizzard|p1b: Tappan Zee|[spread] p1a,p1b
|-resisted|p1a: anguish
|-damage|p1a: anguish|83/100
|-damage|p1b: Tappan Zee|50/100
|-ability|p1b: Tappan Zee|Stamina|boost
|-boost|p1b: Tappan Zee|def|1
|move|p1b: Tappan Zee|Body Press|p2a: Ursaluna
|-supereffective|p2a: Ursaluna
|-damage|p2a: Ursaluna|0 fnt
|faint|p2a: Ursaluna
|move|p1a: anguish|Parting Shot|p2b: Ninetales
|-unboost|p2b: Ninetales|atk|1
|-unboost|p2b: Ninetales|spa|1
|
|t:|1757830723
|switch|p1a: HoodRich|Rillaboom, L50, M|100/100|[from] Parting Shot
|-fieldstart|move: Grassy Terrain|[from] ability: Grassy Surge|[of] p1a: HoodRich
|
|-weather|Snowscape|[upkeep]
|-heal|p2b: Ninetales|98/100|[from] Grassy Terrain
|-heal|p1b: Tappan Zee|56/100|[from] Grassy Terrain
|upkeep
|
|t:|1757830732
|switch|p2a: Gholdengo|Gholdengo, L50|35/100
|turn|5
|
|t:|1757830756
|move|p1a: HoodRich|Grassy Glide|p2a: Gholdengo
|-resisted|p2a: Gholdengo
|-damage|p2a: Gholdengo|4/100
|-damage|p1a: HoodRich|91/100|[from] item: Life Orb
|move|p2b: Ninetales|Blizzard|p1a: HoodRich|[spread] p1a,p1b
|-supereffective|p1a: HoodRich
|-damage|p1a: HoodRich|56/100
|-damage|p1b: Tappan Zee|45/100
|-ability|p1b: Tappan Zee|Stamina|boost
|-boost|p1b: Tappan Zee|def|1
|move|p2a: Gholdengo|Make It Rain|p1b: Tappan Zee|[spread] p1a,p1b
|-supereffective|p1b: Tappan Zee
|-damage|p1a: HoodRich|20/100
|-damage|p1b: Tappan Zee|0 fnt
|-unboost|p2a: Gholdengo|spa|1
|faint|p1b: Tappan Zee
|
|-weather|none
|-heal|p2b: Ninetales|100/100|[from] Grassy Terrain
|-heal|p2a: Gholdengo|10/100|[from] Grassy Terrain
|-heal|p1a: HoodRich|26/100|[from] Grassy Terrain
|upkeep
|
|t:|1757830776
|switch|p1b: anguish|Incineroar, L50, M|83/100
|-ability|p1b: anguish|Intimidate|boost
|-unboost|p2a: Gholdengo|atk|1
|-unboost|p2b: Ninetales|atk|1
|turn|6
|
|t:|1757830796
|switch|p2b: Pawmot|Pawmot, L50, M|88/100
|move|p2a: Gholdengo|Protect|p2a: Gholdengo
|-singleturn|p2a: Gholdengo|Protect
|move|p1b: anguish|Fake Out|p2b: Pawmot
|-damage|p2b: Pawmot|69/100
|move|p1a: HoodRich|Grassy Glide|p2a: Gholdengo
|-activate|p2a: Gholdengo|move: Protect
|
|-heal|p2b: Pawmot|76/100|[from] Grassy Terrain
|-heal|p2a: Gholdengo|16/100|[from] Grassy Terrain
|-heal|p1a: HoodRich|31/100|[from] Grassy Terrain
|-heal|p1b: anguish|89/100|[from] Grassy Terrain
|upkeep
|turn|7
|
|t:|1757830825
|move|p1a: HoodRich|Grassy Glide|p2b: Pawmot
|-damage|p2b: Pawmot|0 fnt
|faint|p2b: Pawmot
|-damage|p1a: HoodRich|22/100|[from] item: Life Orb
|move|p2a: Gholdengo|Shadow Ball|p1a: HoodRich
|-damage|p1a: HoodRich|0 fnt
|faint|p1a: HoodRich
|move|p1b: anguish|Knock Off|p2a: Gholdengo
|-supereffective|p2a: Gholdengo
|-damage|p2a: Gholdengo|0 fnt
|-enditem|p2a: Gholdengo|Expert Belt|[from] move: Knock Off|[of] p1b: anguish
|faint|p2a: Gholdengo
|
|-heal|p1b: anguish|95/100|[from] Grassy Terrain
|upkeep
|
|t:|1757830840
|switch|p2a: Ninetales|Ninetales-Alola, L50, M|100/100
|switch|p1a: frog|Grimmsnarl, L50, M, shiny|55/100
|-weather|Snowscape|[from] ability: Snow Warning|[of] p2a: Ninetales
|turn|8
|
|t:|1757830860
|move|p1a: frog|Parting Shot|p2a: Ninetales
|-unboost|p2a: Ninetales|atk|1
|-unboost|p2a: Ninetales|spa|1
|move|p2a: Ninetales|Blizzard|p1a: frog|[spread] p1a,p1b
|-resisted|p1b: anguish
|-damage|p1a: frog|33/100
|-damage|p1b: anguish|86/100
|move|p1b: anguish|Parting Shot|p2a: Ninetales
|-unboost|p2a: Ninetales|atk|1
|-unboost|p2a: Ninetales|spa|1
|
|-weather|Snowscape|[upkeep]
|-heal|p1a: frog|39/100|[from] Grassy Terrain
|-heal|p1b: anguish|92/100|[from] Grassy Terrain
|-sideend|p1: redpandavgclol|move: Light Screen
|-fieldend|move: Grassy Terrain
|upkeep
|turn|9
|
|t:|1757830875
|move|p1a: frog|Light Screen|p1a: frog
|-sidestart|p1: redpandavgclol|move: Light Screen
|move|p2a: Ninetales|Blizzard|p1b: anguish|[spread] p1a,p1b
|-resisted|p1b: anguish
|-damage|p1a: frog|22/100
|-damage|p1b: anguish|86/100
|move|p1b: anguish|Parting Shot|p2a: Ninetales
|-unboost|p2a: Ninetales|atk|1
|-unboost|p2a: Ninetales|spa|1
|
|-weather|Snowscape|[upkeep]
|upkeep
|turn|10
|
|t:|1757830888
|move|p1a: frog|Thunder Wave|p2a: Ninetales
|-status|p2a: Ninetales|par
|cant|p2a: Ninetales|par
|move|p1b: anguish|Knock Off|p2a: Ninetales
|-resisted|p2a: Ninetales
|-damage|p2a: Ninetales|82/100 par
|-enditem|p2a: Ninetales|Choice Specs|[from] move: Knock Off|[of] p1b: anguish
|
|-weather|Snowscape|[upkeep]
|upkeep
|turn|11
|
|t:|1757830901
|move|p1a: frog|Parting Shot|p2a: Ninetales
|-unboost|p2a: Ninetales|atk|1
|-unboost|p2a: Ninetales|spa|1
|cant|p2a: Ninetales|par
|move|p1b: anguish|Knock Off|p2a: Ninetales
|-resisted|p2a: Ninetales
|-damage|p2a: Ninetales|70/100 par
|
|-weather|Snowscape|[upkeep]
|upkeep
|turn|12
|
|t:|1757830912
|move|p1a: frog|Parting Shot|p2a: Ninetales
|-unboost|p2a: Ninetales|atk|1
|-unboost|p2a: Ninetales|spa|1
|move|p2a: Ninetales|Blizzard|p1a: frog|[spread] p1a,p1b
|-resisted|p1b: anguish
|-damage|p1a: frog|16/100
|-damage|p1b: anguish|83/100
|move|p1b: anguish|Knock Off|p2a: Ninetales
|-resisted|p2a: Ninetales
|-damage|p2a: Ninetales|57/100 par
|
|-weather|none
|upkeep
|turn|13
|
|t:|1757830924
|move|p1a: frog|Parting Shot|p2a: Ninetales
|-unboost|p2a: Ninetales|atk|1
|-unboost|p2a: Ninetales|spa|1
|move|p2a: Ninetales|Moonblast|p1a: frog
|-supereffective|p1a: frog
|-damage|p1a: frog|2/100
|move|p1b: anguish|Knock Off|p2a: Ninetales
|-resisted|p2a: Ninetales
|-damage|p2a: Ninetales|38/100 par
|
|upkeep
|turn|14
|
|t:|1757830942
|move|p1a: frog|Parting Shot|p2a: Ninetales
|-unboost|p2a: Ninetales|atk|0
|-unboost|p2a: Ninetales|spa|0
|move|p2a: Ninetales|Moonblast|p1a: frog
|-supereffective|p1a: frog
|-damage|p1a: frog|0 fnt
|faint|p1a: frog
|move|p1b: anguish|Knock Off|p2a: Ninetales
|-resisted|p2a: Ninetales
|-damage|p2a: Ninetales|19/100 par
|
|upkeep
|turn|15
|
|t:|1757830953
|cant|p2a: Ninetales|par
|move|p1b: anguish|Knock Off|p2a: Ninetales
|-resisted|p2a: Ninetales
|-damage|p2a: Ninetales|0 fnt
|faint|p2a: Ninetales
|
|win|redpandavgclol
||CookieSpark is ready for game 3.
||redpandavgclol is ready for game 3.
|uhtml|next|Next: Game 3 of 3
|l|☆redpandavgclol
|player|p1|
|l|☆CookieSpark
|player|p2|
|j|☆CookieSpark
|player|p2|CookieSpark|swimmer|
