|j|☆Olciax34
|j|☆nutbuster151
|html|Olciax34nutbuster151    
|uhtml|bestof|Game 1 of a best-of-3
|t:|1784452036
|gametype|doubles
|player|p1|Olciax34|clair|1329
|player|p2|nutbuster151|acetrainer|1292
|gen|9
|tier|[Gen 9 Champions] VGC 2026 Reg M-B (Bo3)
|rated|
|rule|Species Clause: Limit one of each Pokémon
|rule|Item Clause: Limit 1 of each item
|clearpoke
|poke|p1|Garchomp, L50, M|
|poke|p1|Whimsicott, L50, M|
|poke|p1|Aegislash, L50, M|
|poke|p1|Incineroar, L50, M|
|poke|p1|Charizard, L50, F|
|poke|p1|Floette-Eternal, L50, F|
|poke|p2|Aerodactyl, L50, M, shiny|
|poke|p2|Kingambit, L50, F, shiny|
|poke|p2|Sylveon, L50, F, shiny|
|poke|p2|Garchomp, L50, F, shiny|
|poke|p2|Charizard, L50, F, shiny|
|poke|p2|Incineroar, L50, M, shiny|
|teampreview|4
|showteam|p1|Garchomp||LifeOrb|RoughSkin|RockSlide,Earthquake,DragonClaw,Protect|Jolly||M|||50|]Whimsicott||FocusSash|Prankster|Moonblast,Tailwind,Encore,Protect|Timid||M|||50|]Aegislash||SpellTag|StanceChange|Poltergeist,IronHead,WideGuard,KingsShield|Adamant||M|||50|]Incineroar||SitrusBerry|Intimidate|FakeOut,ThroatChop,FlareBlitz,PartingShot|Careful||M|||50|]Charizard||CharizarditeY|SolarPower|HeatWave,WeatherBall,SolarBeam,Protect|Modest||F|||50|]Floette-Eternal||Floettite|FlowerVeil|Moonblast,DrainingKiss,CalmMind,Protect|Modest||F|||50|
|showteam|p2|Aerodactyl||Aerodactylite|Unnerve|RockSlide,IceFang,Tailwind,WideGuard|Jolly||M|||50|]Kingambit||FocusSash|Defiant|KowtowCleave,SuckerPunch,IronHead,Protect|Adamant||F|||50|]Sylveon||FairyFeather|Pixilate|Detect,HyperVoice,HyperBeam,QuickAttack|Modest||F|||50|]Garchomp||LifeOrb|RoughSkin|Earthquake,DragonClaw,StompingTantrum,Protect|Jolly||F|||50|]Charizard||CharizarditeY|Blaze|Protect,HeatWave,SolarBeam,WeatherBall|Modest||F|||50|]Incineroar||SitrusBerry|Intimidate|DarkestLariat,FlareBlitz,FakeOut,PartingShot|Impish||M|||50|
|inactive|Battle timer is ON: inactive players will automatically lose when time's up. (requested by Olciax34)
|inactive|Olciax34 has 60 seconds left.
|inactive|nutbuster151 has 60 seconds left.
|inactive|nutbuster151 has 30 seconds left.
|inactive|nutbuster151 has 20 seconds left.
|inactive|nutbuster151 has 15 seconds left.
|inactive|nutbuster151 has 10 seconds left.
|
|t:|1784452123
|teamsize|p1|4
|teamsize|p2|4
|start
|switch|p1a: Aegislash|Aegislash, L50, M|100/100
|switch|p1b: Charizard|Charizard, L50, F|100/100
|switch|p2a: Aerodactyl|Aerodactyl, L50, M, shiny|100/100
|switch|p2b: Sylveon|Sylveon, L50, F, shiny|100/100
|-ability|p2a: Aerodactyl|Unnerve
|turn|1
|inactive|nutbuster151 has 30 seconds left.
|
|t:|1784452157
|switch|p2b: Charizard|Charizard, L50, F, shiny|100/100
|move|p1b: Charizard|Protect|p1b: Charizard
|-singleturn|p1b: Charizard|Protect
|move|p2a: Aerodactyl|Tailwind|p2a: Aerodactyl
|-sidestart|p2: nutbuster151|move: Tailwind
|-formechange|p1a: Aegislash|Aegislash-Blade|
|move|p1a: Aegislash|Iron Head|p2a: Aerodactyl
|-supereffective|p2a: Aerodactyl|1
|-damage|p2a: Aerodactyl|0 fnt
|faint|p2a: Aerodactyl
|
|upkeep
|
|t:|1784452172
|switch|p2a: Garchomp|Garchomp, L50, F, shiny|100/100
|turn|2
|inactive|Olciax34 has 30 seconds left.
|
|t:|1784452203
|detailschange|p2b: Charizard|Charizard-Mega-Y, L50, F, shiny
|-mega|p2b: Charizard|Charizard|Charizardite Y
|-weather|SunnyDay|[from] ability: Drought|[of] p2b: Charizard
|detailschange|p1b: Charizard|Charizard-Mega-Y, L50, F
|-mega|p1b: Charizard|Charizard|Charizardite Y
|-formechange|p1a: Aegislash|Aegislash|
|move|p1a: Aegislash|King's Shield|p1a: Aegislash
|-singleturn|p1a: Aegislash|Protect
|move|p2a: Garchomp|Dragon Claw|p1b: Charizard
|-damage|p1b: Charizard|31/100
|-damage|p2a: Garchomp|90/100|[from] item: Life Orb
|move|p2b: Charizard|Weather Ball|p1a: Aegislash
|-activate|p1a: Aegislash|move: Protect
|move|p1b: Charizard|Solar Beam||[still]
|-prepare|p1b: Charizard|Solar Beam
|-anim|p1b: Charizard|Solar Beam|p2a: Garchomp
|-damage|p2a: Garchomp|34/100
|
|-weather|SunnyDay|[upkeep]
|upkeep
|turn|3
|inactive|nutbuster151 has 30 seconds left.
|
|t:|1784452232
|switch|p1a: Garchomp|Garchomp, L50, M|100/100
|move|p2a: Garchomp|Dragon Claw|p1b: Charizard
|-damage|p1b: Charizard|0 fnt
|faint|p1b: Charizard
|-damage|p2a: Garchomp|25/100|[from] item: Life Orb
|move|p2b: Charizard|Weather Ball|p1a: Garchomp
|-resisted|p1a: Garchomp|1
|-damage|p1a: Garchomp|50/100g
|
|-weather|SunnyDay|[upkeep]
|upkeep
|
|t:|1784452242
|switch|p1b: Whimsicott|Whimsicott, L50, M|100/100
|turn|4
|inactive|nutbuster151 has 30 seconds left.
|inactive|nutbuster151 has 20 seconds left.
|inactive|nutbuster151 has 15 seconds left.
|inactive|nutbuster151 has 10 seconds left.
|
|t:|1784452290
|switch|p2a: Sylveon|Sylveon, L50, F, shiny|100/100
|move|p1b: Whimsicott|Tailwind|p1b: Whimsicott
|-sidestart|p1: Olciax34|move: Tailwind
|move|p1a: Garchomp|Rock Slide|p2b: Charizard|[spread] p2b
|-miss|p1a: Garchomp|p2a: Sylveon
|-supereffective|p2b: Charizard|2
|-damage|p2b: Charizard|0 fnt
|faint|p2b: Charizard
|-damage|p1a: Garchomp|41/100|[from] item: Life Orb
|
|-weather|SunnyDay|[upkeep]
|-sideend|p2: nutbuster151|move: Tailwind
|upkeep
|
|t:|1784452304
|switch|p2b: Garchomp|Garchomp, L50, F, shiny|25/100
|turn|5
|
|t:|1784452315
|switch|p1a: Aegislash|Aegislash, L50, M|100/100
|move|p1b: Whimsicott|Moonblast|p2b: Garchomp
|-supereffective|p2b: Garchomp|1
|-damage|p2b: Garchomp|0 fnt
|faint|p2b: Garchomp
|move|p2a: Sylveon|Hyper Voice|p1b: Whimsicott|[spread] p1a,p1b
|-resisted|p1a: Aegislash|1
|-damage|p1a: Aegislash|80/100
|-damage|p1b: Whimsicott|21/100
|
|-weather|SunnyDay|[upkeep]
|upkeep
|turn|6
|
|t:|1784452330
|move|p1a: Aegislash|Wide Guard|p1a: Aegislash
|-singleturn|p1a: Aegislash|Wide Guard
|move|p1b: Whimsicott|Encore|p2a: Sylveon
|-start|p2a: Sylveon|Encore
|move|p2a: Sylveon|Hyper Voice|p1b: Whimsicott|[spread] 
|-activate|p1a: Aegislash|move: Wide Guard
|-activate|p1b: Whimsicott|move: Wide Guard
|
|-weather|none
|upkeep
|turn|7
|-message|nutbuster151 forfeited.
|
|win|Olciax34
|l|☆nutbuster151
|player|p2|
||Olciax34 is ready for game 2.
||nutbuster151 is ready for game 2.
|uhtml|next|Next: Game 2 of 3
