|j|☆CrystalGem02
|j|☆DDyarados29
|html|CrystalGem02DDyarados29    
|uhtml|bestof|Game 1 of a best-of-3
|t:|1757021790
|gametype|doubles
|player|p1|CrystalGem02|valerie|1381
|player|p2|DDyarados29|wallace-gen6|1460
|gen|9
|tier|[Gen 9] VGC 2025 Reg H (Bo3)
|rated|
|rule|Species Clause: Limit one of each Pokémon
|rule|Item Clause: Limit 1 of each item
|clearpoke
|poke|p1|Typhlosion-Hisui, L50, M|
|poke|p1|Whimsicott, L50, F|
|poke|p1|Ursaluna-Bloodmoon, L50, M|
|poke|p1|Annihilape, L50, M|
|poke|p1|Clefairy, L50, M|
|poke|p1|Farigiraf, L50, M|
|poke|p2|Ninetales-Alola, L50, M|
|poke|p2|Rillaboom, L50, F|
|poke|p2|Magmar, L50, M|
|poke|p2|Sneasler, L50, M|
|poke|p2|Kingambit, L50, F|
|poke|p2|Basculegion, L50, M|
|teampreview|4
|showteam|p1|Typhlosion-Hisui||ChoiceSpecs|Blaze|Eruption,Overheat,HeatWave,ShadowBall|||M|||50|,,,,,Fire]Whimsicott||CovertCloak|Prankster|Moonblast,BeatUp,Tailwind,SunnyDay|||F|||50|,,,,,Dark]Ursaluna-Bloodmoon||LifeOrb|MindsEye|BloodMoon,HyperVoice,EarthPower,Protect|||M|||50|,,,,,Normal]Annihilape||AssaultVest|Defiant|RageFist,CloseCombat,DrainPunch,FinalGambit|||M|||50|,,,,,Fire]Clefairy||Eviolite|FriendGuard|AfterYou,HelpingHand,FollowMe,Protect|||M|||50|,,,,,Steel]Farigiraf||ThroatSpray|ArmorTail|Psychic,HyperVoice,TrickRoom,Protect|||M|||50|,,,,,Dragon
|showteam|p2|Ninetales-Alola||LifeOrb|SnowWarning|Blizzard,FreezeDry,Encore,Protect|||M|||50|,,,,,Ghost]Rillaboom||AssaultVest|GrassySurge|WoodHammer,FakeOut,Uturn,GrassyGlide|||F|||50|,,,,,Ghost]Magmar||Eviolite|VitalSpirit|Protect,HeatWave,Taunt,FollowMe|||M|||50|,,,,,Ghost]Sneasler||FocusSash|PoisonTouch|FakeOut,DireClaw,CloseCombat,Protect|||M|||50|,,,,,Ghost]Kingambit||BlackGlasses|Defiant|KowtowCleave,SwordsDance,SuckerPunch,Protect|||F|||50|,,,,,Fire]Basculegion||ChoiceScarf|Adaptability|WaveCrash,LastRespects,FlipTurn,TeraBlast|||M|||50|,,,,,Fighting
|inactive|Battle timer is ON: inactive players will automatically lose when time's up. (requested by DDyarados29)
|inactive|CrystalGem02 has 60 seconds left.
|inactive|DDyarados29 has 60 seconds left.
|inactive|DDyarados29 has 30 seconds left.
|
|t:|1757021851
|teamsize|p1|4
|teamsize|p2|4
|start
|switch|p1a: Whimsicott|Whimsicott, L50, F|100/100
|switch|p1b: Annihilape|Annihilape, L50, M|100/100
|switch|p2a: Sneasler|Sneasler, L50, M|100/100
|switch|p2b: Basculegion|Basculegion, L50, M|100/100
|turn|1
|
|t:|1757021869
|move|p1a: Whimsicott|Tailwind|p1a: Whimsicott
|-sidestart|p1: CrystalGem02|move: Tailwind
|move|p1b: Annihilape|Drain Punch|p2a: Sneasler
|-resisted|p2a: Sneasler
|-damage|p2a: Sneasler|68/100
|move|p2b: Basculegion|Wave Crash|p1b: Annihilape
|-damage|p1b: Annihilape|19/100
|-damage|p2b: Basculegion|73/100|[from] Recoil
|move|p2a: Sneasler|Dire Claw|p1a: Whimsicott
|-supereffective|p1a: Whimsicott
|-damage|p1a: Whimsicott|0 fnt
|faint|p1a: Whimsicott
|
|upkeep
|
|t:|1757021879
|switch|p1a: Typhlosion|Typhlosion-Hisui, L50, M|100/100
|turn|2
|
|t:|1757021896
|-terastallize|p1a: Typhlosion|Fire
|move|p2a: Sneasler|Protect|p2a: Sneasler
|-singleturn|p2a: Sneasler|Protect
|move|p1a: Typhlosion|Eruption|p2b: Basculegion|[spread] p2b
|-activate|p2a: Sneasler|move: Protect
|-resisted|p2b: Basculegion
|-damage|p2b: Basculegion|2/100
|move|p1b: Annihilape|Rage Fist|p2b: Basculegion
|-supereffective|p2b: Basculegion
|-damage|p2b: Basculegion|0 fnt
|faint|p2b: Basculegion
|
|upkeep
|
|t:|1757021914
|switch|p2b: Kingambit|Kingambit, L50, F|100/100
|turn|3
|inactive|DDyarados29 has 30 seconds left.
|
|t:|1757021940
|switch|p1b: Farigiraf|Farigiraf, L50, M|100/100
|switch|p2a: Magmar|Magmar, L50, M|100/100
|-terastallize|p2b: Kingambit|Fire
|move|p2b: Kingambit|Sucker Punch||[still]
|cant|p1b: Farigiraf|ability: Armor Tail|Sucker Punch|[of] p2b: Kingambit
|move|p1a: Typhlosion|Eruption|p2a: Magmar|[spread] p2a,p2b
|-resisted|p2a: Magmar
|-resisted|p2b: Kingambit
|-damage|p2a: Magmar|53/100
|-damage|p2b: Kingambit|34/100
|
|upkeep
|turn|4
|inactive|CrystalGem02 has 30 seconds left.
|
|t:|1757021971
|move|p2a: Magmar|Protect|p2a: Magmar
|-singleturn|p2a: Magmar|Protect
|move|p2b: Kingambit|Protect|p2b: Kingambit
|-singleturn|p2b: Kingambit|Protect
|move|p1a: Typhlosion|Eruption|p2a: Magmar|[spread] 
|-activate|p2a: Magmar|move: Protect
|-activate|p2b: Kingambit|move: Protect
|move|p1b: Farigiraf|Hyper Voice|p2b: Kingambit|[spread] 
|-activate|p2a: Magmar|move: Protect
|-activate|p2b: Kingambit|move: Protect
|
|-sideend|p1: CrystalGem02|move: Tailwind
|upkeep
|turn|5
|
|t:|1757021989
|move|p2b: Kingambit|Protect|p2b: Kingambit
|-singleturn|p2b: Kingambit|Protect
|move|p1a: Typhlosion|Eruption|p2b: Kingambit|[spread] p2a
|-activate|p2b: Kingambit|move: Protect
|-resisted|p2a: Magmar
|-damage|p2a: Magmar|6/100
|move|p2a: Magmar|Taunt|p1b: Farigiraf
|-start|p1b: Farigiraf|move: Taunt
|move|p1b: Farigiraf|Hyper Voice|p2b: Kingambit|[spread] p2a
|-activate|p2b: Kingambit|move: Protect
|-damage|p2a: Magmar|0 fnt
|faint|p2a: Magmar
|-enditem|p1b: Farigiraf|Throat Spray
|-boost|p1b: Farigiraf|spa|1|[from] item: Throat Spray
|
|upkeep
|
|t:|1757021992
|switch|p2a: Sneasler|Sneasler, L50, M|68/100
|turn|6
|
|t:|1757022008
|move|p2a: Sneasler|Close Combat|p1a: Typhlosion
|-damage|p1a: Typhlosion|6/100
|-unboost|p2a: Sneasler|def|1
|-unboost|p2a: Sneasler|spd|1
|move|p1a: Typhlosion|Eruption|p2a: Sneasler|[spread] p2a,p2b
|-resisted|p2b: Kingambit
|-damage|p2a: Sneasler|48/100
|-damage|p2b: Kingambit|28/100
|move|p2b: Kingambit|Kowtow Cleave|p1b: Farigiraf
|-supereffective|p1b: Farigiraf
|-damage|p1b: Farigiraf|0 fnt
|faint|p1b: Farigiraf
|
|upkeep
|
|t:|1757022020
|switch|p1b: Annihilape|Annihilape, L50, M|19/100
|turn|7
|c|☆CrystalGem02|nice double protect
|c|☆CrystalGem02|gg
|-message|CrystalGem02 forfeited.
|
|win|DDyarados29
|l|☆CrystalGem02
|player|p1|
