|j|☆Testing987654
|j|☆eviovulpix
|html|Testing987654eviovulpix    
|uhtml|bestof|Game 1 of a best-of-3
|t:|1782320587
|gametype|doubles
|player|p1|Testing987654|170|
|player|p2|eviovulpix|101|
|gen|9
|tier|[Gen 9 Champions] VGC 2026 Reg M-B (Bo3)
|rule|Species Clause: Limit one of each Pokémon
|rule|Item Clause: Limit 1 of each item
|clearpoke
|poke|p1|Staraptor, L50, M|
|poke|p1|Grimmsnarl, L50, M|
|poke|p1|Incineroar, L50, M|
|poke|p1|Sinistcha, L50|
|poke|p1|Toxapex, L50, M|
|poke|p1|Raichu, L50, F|
|poke|p2|Mawile, L50, F, shiny|
|poke|p2|Pelipper, L50, F, shiny|
|poke|p2|Archaludon, L50, M, shiny|
|poke|p2|Sinistcha, L50, shiny|
|poke|p2|Swampert, L50, M, shiny|
|poke|p2|Farigiraf, L50, M, shiny|
|teampreview|4
|showteam|p1|Staraptor||Staraptite|Intimidate|CloseCombat,DualWingbeat,Protect,Roost|Jolly||M|||50|]Grimmsnarl||LightClay|Prankster|Reflect,LightScreen,PartingShot,SpiritBreak|Careful||M|||50|]Incineroar||SitrusBerry|Intimidate|FakeOut,PartingShot,FlareBlitz,Protect|Careful||M|||50|]Sinistcha||KasibBerry|Hospitality|RagePowder,MatchaGotcha,Protect,ShadowBall|Bold|||||50|]Toxapex||Leftovers|Regenerator|Toxic,BanefulBunker,Infestation,Recover|Calm||M|||50|]Raichu||FocusSash|LightningRod|FakeOut,Protect,GrassKnot,Thunderbolt|Mild||F|||50|
|showteam|p2|Mawile||Mawilite|HyperCutter|IronHead,PlayRough,RockSlide,Protect|Adamant||F|||50|]Pelipper||FocusSash|Drizzle|WeatherBall,Hurricane,Tailwind,Protect|Modest||F|||50|]Archaludon||Leftovers|Stamina|ElectroShot,FlashCannon,DragonPulse,Protect|Modest||M|||50|]Sinistcha||KasibBerry|Hospitality|ShadowBall,RagePowder,MatchaGotcha,TrickRoom|Bold|||||50|]Swampert||Swampertite|Torrent|IcePunch,HighHorsepower,WaveCrash,Protect|Adamant||M|||50|]Farigiraf||SitrusBerry|ArmorTail|TrickRoom,Thunderbolt,TwinBeam,HelpingHand|Modest||M|||50|
|c|☆eviovulpix|gl
|inactive|Battle timer is ON: inactive players will automatically lose when time's up. (requested by eviovulpix)
|
|t:|1782320654
|teamsize|p1|4
|teamsize|p2|4
|start
|switch|p1a: Grimmsnarl|Grimmsnarl, L50, M|100/100
|switch|p1b: Raichu|Raichu, L50, F|100/100
|switch|p2a: Mawile|Mawile, L50, F, shiny|100/100
|switch|p2b: Pelipper|Pelipper, L50, F, shiny|100/100
|-weather|RainDance|[from] ability: Drizzle|[of] p2b: Pelipper
|turn|1
|
|t:|1782320668
|switch|p2b: Farigiraf|Farigiraf, L50, M, shiny|100/100
|detailschange|p2a: Mawile|Mawile-Mega, L50, F, shiny
|-mega|p2a: Mawile|Mawile|Mawilite
|move|p1b: Raichu|Fake Out||[still]
|cant|p2b: Farigiraf|ability: Armor Tail|Fake Out|[of] p1b: Raichu
|move|p1a: Grimmsnarl|Reflect|p1a: Grimmsnarl
|-sidestart|p1: Testing987654|Reflect
|move|p2a: Mawile|Play Rough|p1a: Grimmsnarl
|-supereffective|p1a: Grimmsnarl|1
|-damage|p1a: Grimmsnarl|0 fnt
|faint|p1a: Grimmsnarl
|
|-weather|RainDance|[upkeep]
|upkeep
|
|t:|1782320677
|switch|p1a: Staraptor|Staraptor, L50, M|100/100
|-ability|p1a: Staraptor|Intimidate|boost
|-unboost|p2a: Mawile|atk|1
|-unboost|p2b: Farigiraf|atk|1
|turn|2
|
|t:|1782320689
|detailschange|p1a: Staraptor|Staraptor-Mega, L50, M
|-mega|p1a: Staraptor|Staraptor|Staraptite
|move|p1a: Staraptor|Close Combat|p2b: Farigiraf
|-damage|p2b: Farigiraf|49/100
|-boost|p1a: Staraptor|def|1
|-boost|p1a: Staraptor|spd|1
|-enditem|p2b: Farigiraf|Sitrus Berry|[eat]
|-heal|p2b: Farigiraf|74/100|[from] item: Sitrus Berry
|move|p1b: Raichu|Thunderbolt|p2b: Farigiraf
|-damage|p2b: Farigiraf|33/100
|move|p2a: Mawile|Play Rough|p1a: Staraptor
|-supereffective|p1a: Staraptor|1
|-damage|p1a: Staraptor|59/100
|move|p2b: Farigiraf|Trick Room|p2b: Farigiraf
|-fieldstart|move: Trick Room|[of] p2b: Farigiraf
|
|-weather|RainDance|[upkeep]
|upkeep
|turn|3
|
|t:|1782320713
|switch|p2a: Pelipper|Pelipper, L50, F, shiny|100/100
|move|p1a: Staraptor|Protect|p1a: Staraptor
|-singleturn|p1a: Staraptor|Protect
|move|p2b: Farigiraf|Twin Beam|p1a: Staraptor
|-activate|p1a: Staraptor|move: Protect
|move|p1b: Raichu|Thunderbolt|p2b: Farigiraf
|-damage|p2b: Farigiraf|0 fnt
|faint|p2b: Farigiraf
|
|-weather|RainDance|[upkeep]
|upkeep
|
|t:|1782320717
|switch|p2b: Mawile|Mawile-Mega, L50, F, shiny|100/100
|turn|4
|
|t:|1782320734
|switch|p1a: Incineroar|Incineroar, L50, M|100/100
|-ability|p1a: Incineroar|Intimidate|boost
|-unboost|p2a: Pelipper|atk|1
|-unboost|p2b: Mawile|atk|1
|move|p2b: Mawile|Play Rough|p1a: Incineroar|[miss]
|-miss|p2b: Mawile|p1a: Incineroar
|move|p2a: Pelipper|Hurricane|p1a: Incineroar
|-damage|p1a: Incineroar|64/100
|move|p1b: Raichu|Thunderbolt|p2a: Pelipper
|-supereffective|p2a: Pelipper|2
|-enditem|p2a: Pelipper|Focus Sash
|-damage|p2a: Pelipper|1/100
|
|-weather|RainDance|[upkeep]
|upkeep
|turn|5
|
|t:|1782320751
|switch|p2b: Sinistcha|Sinistcha, L50, shiny|100/100
|-heal|p2a: Pelipper|25/100|[from] ability: Hospitality|[of] p2b: Sinistcha
|move|p2a: Pelipper|Protect|p2a: Pelipper
|-singleturn|p2a: Pelipper|Protect
|move|p1a: Incineroar|Fake Out|p2a: Pelipper
|-activate|p2a: Pelipper|move: Protect
|move|p1b: Raichu|Thunderbolt|p2b: Sinistcha
|-resisted|p2b: Sinistcha|1
|-damage|p2b: Sinistcha|78/100
|
|-weather|none
|upkeep
|turn|6
|inactive|eviovulpix has 30 seconds left.
|
|t:|1782320784
|switch|p2a: Mawile|Mawile-Mega, L50, F, shiny|100/100
|move|p1a: Incineroar|Flare Blitz|p2b: Sinistcha
|-supereffective|p2b: Sinistcha|1
|-damage|p2b: Sinistcha|4/100
|-damage|p1a: Incineroar|42/100|[from] Recoil
|-enditem|p1a: Incineroar|Sitrus Berry|[eat]
|-heal|p1a: Incineroar|67/100|[from] item: Sitrus Berry
|move|p2b: Sinistcha|Shadow Ball|p1b: Raichu
|-damage|p1b: Raichu|52/100
|move|p1b: Raichu|Thunderbolt|p2a: Mawile
|-damage|p2a: Mawile|51/100
|
|-fieldend|move: Trick Room
|upkeep
|turn|7
|inactive|eviovulpix has 30 seconds left.
|inactive|eviovulpix has 20 seconds left.
|
|t:|1782320820
|move|p2b: Sinistcha|Rage Powder|p2b: Sinistcha
|-singleturn|p2b: Sinistcha|move: Rage Powder
|move|p1b: Raichu|Thunderbolt|p2b: Sinistcha
|-resisted|p2b: Sinistcha|1
|-damage|p2b: Sinistcha|0 fnt
|faint|p2b: Sinistcha
|move|p2a: Mawile|Play Rough|p1a: Incineroar
|-damage|p1a: Incineroar|19/100
|move|p1a: Incineroar|Flare Blitz|p2a: Mawile
|-supereffective|p2a: Mawile|1
|-damage|p2a: Mawile|0 fnt
|faint|p2a: Mawile
|-damage|p1a: Incineroar|5/100|[from] Recoil
|
|upkeep
|
|t:|1782320828
|switch|p2b: Pelipper|Pelipper, L50, F, shiny|25/100
|-weather|RainDance|[from] ability: Drizzle|[of] p2b: Pelipper
|turn|8
|
|t:|1782320834
|move|p1a: Incineroar|Protect|p1a: Incineroar
|-singleturn|p1a: Incineroar|Protect
|move|p1b: Raichu|Thunderbolt|p2b: Pelipper
|-supereffective|p2b: Pelipper|2
|-damage|p2b: Pelipper|0 fnt
|faint|p2b: Pelipper
|
|win|Testing987654
||eviovulpix is ready for game 2.
||Testing987654 is ready for game 2.
|uhtml|next|Next: Game 2 of 3
|l|☆eviovulpix
|player|p2|
|l|☆Testing987654
|player|p1|
|j|☆eviovulpix
|player|p2|eviovulpix|101|
