|j|☆Dungx showdown
|j|☆naibot2814
|html|Dungx showdownnaibot2814    
|uhtml|bestof|Game 3 of a best-of-3
|t:|1782525598
|gametype|doubles
|player|p1|Dungx showdown|miku-ghost|1297
|player|p2|naibot2814|ghetsis|1290
|gen|9
|tier|[Gen 9 Champions] VGC 2026 Reg M-B (Bo3)
|rated|
|rule|Species Clause: Limit one of each Pokémon
|rule|Item Clause: Limit 1 of each item
|clearpoke
|poke|p1|Metagross, L50|
|poke|p1|Pelipper, L50, M|
|poke|p1|Archaludon, L50, M|
|poke|p1|Basculegion, L50, M|
|poke|p1|Grimmsnarl, L50, M|
|poke|p1|Sneasler, L50, F|
|poke|p2|Metagross, L50, shiny|
|poke|p2|Sneasler, L50, M|
|poke|p2|Hydreigon, L50, M|
|poke|p2|Incineroar, L50, M|
|poke|p2|Aerodactyl, L50, M|
|poke|p2|Floette-Eternal, L50, F|
|teampreview|4
|showteam|p1|Metagross||Metagrossite|ClearBody|StompingTantrum,Protect,MeteorMash,PsychicFangs|Adamant|||||50|]Pelipper||FocusSash|Drizzle|Tailwind,Protect,WeatherBall,Hurricane|Modest||M|||50|]Archaludon||Leftovers|Stamina|ElectroShot,Protect,FlashCannon,DragonPulse|Modest||M|||50|]Basculegion||LifeOrb|SwiftSwim|AquaJet,WaveCrash,Protect,LastRespects|Adamant||M|||50|]Grimmsnarl||LightClay|Prankster|LightScreen,Reflect,PartingShot,SpiritBreak|Impish||M|||50|]Sneasler||WhiteHerb|Unburden|DireClaw,Coaching,FakeOut,CloseCombat|Adamant||F|||50|
|showteam|p2|Metagross||Metagrossite|ClearBody|PsychicFangs,BodyPress,IronHead,Protect|Jolly|||||50|]Sneasler||WhiteHerb|Unburden|FakeOut,Coaching,CloseCombat,DireClaw|Jolly||M|||50|]Hydreigon||ChoiceScarf|Levitate|DracoMeteor,Snarl,DarkPulse,Flamethrower|Modest||M|||50|]Incineroar||PasshoBerry|Intimidate|FakeOut,DarkestLariat,FlareBlitz,PartingShot|Careful||M|||50|]Aerodactyl||FocusSash|Unnerve|DualWingbeat,RockSlide,WideGuard,Tailwind|Jolly||M|||50|]Floette-Eternal||Floettite|FlowerVeil|DrainingKiss,DazzlingGleam,CalmMind,Protect|Modest||F|||50|
|inactive|Battle timer is ON: inactive players will automatically lose when time's up. (requested by Dungx showdown)
|
|t:|1782525621
|teamsize|p1|4
|teamsize|p2|4
|start
|switch|p1a: Roblox|Archaludon, L50, M|100/100
|switch|p1b: Mồm to|Pelipper, L50, M|100/100
|switch|p2a: Nagatoro|Sneasler, L50, M|100/100
|switch|p2b: Metron|Metagross, L50, shiny|100/100
|-weather|RainDance|[from] ability: Drizzle|[of] p1b: Mồm to
|turn|1
|
|t:|1782525641
|detailschange|p2b: Metron|Metagross-Mega, L50, shiny
|-mega|p2b: Metron|Metagross|Metagrossite
|move|p2a: Nagatoro|Close Combat|p1a: Roblox
|-supereffective|p1a: Roblox|1
|-damage|p1a: Roblox|13/100
|-unboost|p2a: Nagatoro|def|1
|-unboost|p2a: Nagatoro|spd|1
|-ability|p1a: Roblox|Stamina|boost
|-boost|p1a: Roblox|def|1
|-enditem|p2a: Nagatoro|White Herb
|-clearnegativeboost|p2a: Nagatoro|[silent]
|move|p2b: Metron|Psychic Fangs|p1b: Mồm to
|-damage|p1b: Mồm to|18/100
|move|p1b: Mồm to|Hurricane|p2a: Nagatoro
|-supereffective|p2a: Nagatoro|1
|-damage|p2a: Nagatoro|0 fnt
|faint|p2a: Nagatoro
|move|p1a: Roblox|Electro Shot||[still]
|-prepare|p1a: Roblox|Electro Shot
|-boost|p1a: Roblox|spa|1
|-anim|p1a: Roblox|Electro Shot|p2b: Metron
|-damage|p2b: Metron|33/100
|
|-weather|RainDance|[upkeep]
|-heal|p1a: Roblox|19/100|[from] item: Leftovers
|upkeep
|
|t:|1782525654
|switch|p2a: HAIL HYDRA|Hydreigon, L50, M|100/100
|turn|2
|
|t:|1782525668
|move|p2a: HAIL HYDRA|Dark Pulse|p1b: Mồm to
|-damage|p1b: Mồm to|0 fnt
|faint|p1b: Mồm to
|move|p2b: Metron|Body Press|p1a: Roblox
|-supereffective|p1a: Roblox|1
|-damage|p1a: Roblox|0 fnt
|faint|p1a: Roblox
|
|-weather|RainDance|[upkeep]
|upkeep
|
|t:|1782525675
|switch|p1b: Super neon|Metagross, L50|100/100
|switch|p1a: Recoil|Basculegion, L50, M|100/100
|turn|3
|
|t:|1782525689
|switch|p2b: Gumball|Incineroar, L50, M|100/100
|-ability|p2b: Gumball|Intimidate|boost
|-unboost|p1a: Recoil|atk|1
|-fail|p1b: Super neon|unboost|[from] ability: Clear Body|[of] p1b: Super neon
|detailschange|p1b: Super neon|Metagross-Mega, L50
|-mega|p1b: Super neon|Metagross|Metagrossite
|move|p1a: Recoil|Last Respects|p2b: Gumball
|-resisted|p2b: Gumball|1
|-damage|p2b: Gumball|69/100
|-damage|p1a: Recoil|90/100|[from] item: Life Orb
|move|p2a: HAIL HYDRA|Dark Pulse|p1a: Recoil
|-supereffective|p1a: Recoil|1
|-damage|p1a: Recoil|0 fnt
|faint|p1a: Recoil
|move|p1b: Super neon|Meteor Mash|p2a: HAIL HYDRA
|-damage|p2a: HAIL HYDRA|17/100
|
|-weather|RainDance|[upkeep]
|upkeep
|turn|4
|
|t:|1782525710
|move|p1b: Super neon|Protect|p1b: Super neon
|-singleturn|p1b: Super neon|Protect
|move|p2a: HAIL HYDRA|Dark Pulse|p1b: Super neon
|-activate|p1b: Super neon|move: Protect
|move|p2b: Gumball|Parting Shot|p1b: Super neon
|-activate|p1b: Super neon|move: Protect
|
|-weather|RainDance|[upkeep]
|upkeep
|turn|5
|
|t:|1782525721
|move|p2a: HAIL HYDRA|Dark Pulse|p1b: Super neon
|-supereffective|p1b: Super neon|1
|-damage|p1b: Super neon|18/100
|move|p1b: Super neon|Meteor Mash|p2a: HAIL HYDRA
|-damage|p2a: HAIL HYDRA|0 fnt
|faint|p2a: HAIL HYDRA
|move|p2b: Gumball|Darkest Lariat|p1b: Super neon
|-supereffective|p1b: Super neon|1
|-damage|p1b: Super neon|0 fnt
|faint|p1b: Super neon
|
|win|naibot2814
|raw|Dungx showdown's rating: 1297 → 1271(-26 for losing)
|raw|naibot2814's rating: 1290 → 1316(+26 for winning)
|l|☆Dungx showdown
|player|p1|
