|j|☆Fosa25
|j|☆NandoProbando
|html|Fosa25NandoProbando    
|uhtml|bestof|Game 1 of a best-of-3
|t:|1756870963
|gametype|doubles
|player|p1|Fosa25|102|
|player|p2|NandoProbando|pokefan|
|gen|9
|tier|[Gen 9] VGC 2025 Reg H (Bo3)
|rule|Species Clause: Limit one of each Pokémon
|rule|Item Clause: Limit 1 of each item
|clearpoke
|poke|p1|Hatterene, L50, F|
|poke|p1|Armarouge, L50, M|
|poke|p1|Gallade, L50, M|
|poke|p1|Indeedee-F, L50, F|
|poke|p1|Torkoal, L50, M|
|poke|p1|Ursaluna, L50, M|
|poke|p2|Indeedee, L50, M|
|poke|p2|Sneasler, L50, F|
|poke|p2|Excadrill, L50, F|
|poke|p2|Magmar, L50, M|
|poke|p2|Corviknight, L50, F|
|poke|p2|Tyranitar, L50, M|
|teampreview|4
|showteam|p1|Hatterene||LifeOrb|MagicBounce|ExpandingForce,DazzlingGleam,TrickRoom,Psychic|||F|||50|,,,,,Psychic]Armarouge||PowerHerb|FlashFire|MeteorBeam,TrickRoom,ExpandingForce,ArmorCannon|||M|||50|,,,,,Grass]Gallade||ClearAmulet|Sharpness|SacredSword,PsychoCut,WideGuard,TrickRoom|||M|||50|,,,,,Grass]Indeedee-F||SafetyGoggles|PsychicSurge|FollowMe,HelpingHand,TrickRoom,AlluringVoice|||F|||50|,,,,,Ghost]Torkoal||Charcoal|Drought|Eruption,WeatherBall,Protect,Yawn|||M|||50|,,,,,Fire]Ursaluna||FlameOrb|Guts|Facade,HeadlongRush,Roar,Protect|||M|||50|,,,,,Fairy
|showteam|p2|Indeedee||ChoiceScarf|PsychicSurge|ExpandingForce,TeraBlast,Trick,Protect|||M|||50|,,,,,Psychic]Sneasler||WhiteHerb|Unburden|FakeOut,CloseCombat,DireClaw,Coaching|||F|||50|,,,,,Flying]Excadrill||FocusSash|SandRush|Earthquake,IronHead,SwordsDance,Protect|||F|||50|,,,,,Fairy]Magmar||Eviolite|VitalSpirit|HeatWave,FollowMe,WillOWisp,Protect|||M|||50|,,,,,Flying]Corviknight||PsychicSeed|MirrorArmor|BraveBird,PowerTrip,BulkUp,Roost|||F|||50|,,,,,Water]Tyranitar||AssaultVest|SandStream|RockSlide,KnockOff,LowKick,TeraBlast|||M|||50|,,,,,Flying
|inactive|Battle timer is ON: inactive players will automatically lose when time's up. (requested by Fosa25)
|inactive|Fosa25 has 60 seconds left.
|inactive|NandoProbando has 60 seconds left.
|
|t:|1756870999
|teamsize|p1|4
|teamsize|p2|4
|start
|switch|p1a: Indeedee|Indeedee-F, L50, F|100/100
|switch|p1b: Gallade|Gallade, L50, M|100/100
|switch|p2a: Indeedee|Indeedee, L50, M|100/100
|switch|p2b: Tyranitar|Tyranitar, L50, M|100/100
|-fieldstart|move: Psychic Terrain|[from] ability: Psychic Surge|[of] p2a: Indeedee
|-weather|Sandstorm|[from] ability: Sand Stream|[of] p2b: Tyranitar
|turn|1
|inactive|NandoProbando has 30 seconds left.
|
|t:|1756871029
|move|p1a: Indeedee|Follow Me|p1a: Indeedee
|-singleturn|p1a: Indeedee|move: Follow Me
|move|p2a: Indeedee|Trick|p1a: Indeedee
|-activate|p2a: Indeedee|move: Trick|[of] p1a: Indeedee
|-item|p1a: Indeedee|Choice Scarf|[from] move: Trick
|-item|p2a: Indeedee|Safety Goggles|[from] move: Trick
|move|p2b: Tyranitar|Knock Off|p1a: Indeedee
|-supereffective|p1a: Indeedee
|-damage|p1a: Indeedee|0 fnt
|-enditem|p1a: Indeedee|Choice Scarf|[from] move: Knock Off|[of] p2b: Tyranitar
|faint|p1a: Indeedee
|move|p1b: Gallade|Trick Room|p1b: Gallade
|-fieldstart|move: Trick Room|[of] p1b: Gallade
|
|-weather|Sandstorm|[upkeep]
|-damage|p1b: Gallade|95/100|[from] Sandstorm
|upkeep
|
|t:|1756871048
|switch|p1a: Ursaluna|Ursaluna, L50, M|100/100
|turn|2
|inactive|NandoProbando has 30 seconds left.
|
|t:|1756871080
|-terastallize|p1a: Ursaluna|Fairy
|-terastallize|p2b: Tyranitar|Flying
|move|p1b: Gallade|Wide Guard|p1b: Gallade
|-singleturn|p1b: Gallade|Wide Guard
|move|p1a: Ursaluna|Facade|p2b: Tyranitar
|-damage|p2b: Tyranitar|66/100
|move|p2b: Tyranitar|Low Kick|p1a: Ursaluna
|-resisted|p1a: Ursaluna
|-damage|p1a: Ursaluna|84/100
|move|p2a: Indeedee|Expanding Force|p1b: Gallade|[spread] 
|-activate|p1a: Ursaluna|move: Wide Guard
|-activate|p1b: Gallade|move: Wide Guard
|
|-weather|Sandstorm|[upkeep]
|-damage|p1a: Ursaluna|79/100|[from] Sandstorm
|-damage|p2b: Tyranitar|60/100|[from] Sandstorm
|-damage|p1b: Gallade|89/100|[from] Sandstorm
|-status|p1a: Ursaluna|brn|[from] item: Flame Orb
|upkeep
|turn|3
|
|t:|1756871103
|move|p2a: Indeedee|Protect|p2a: Indeedee
|-singleturn|p2a: Indeedee|Protect
|move|p1a: Ursaluna|Facade|p2a: Indeedee
|-activate|p2a: Indeedee|move: Protect
|move|p2b: Tyranitar|Tera Blast|p1b: Gallade|[anim] Tera Blast Flying
|-supereffective|p1b: Gallade
|-damage|p1b: Gallade|0 fnt
|faint|p1b: Gallade
|
|-weather|Sandstorm|[upkeep]
|-damage|p1a: Ursaluna|73/100 brn|[from] Sandstorm
|-damage|p2b: Tyranitar|55/100|[from] Sandstorm
|-damage|p1a: Ursaluna|67/100 brn|[from] brn
|upkeep
|
|t:|1756871105
|switch|p1b: Hatterene|Hatterene, L50, F|100/100
|turn|4
|
|t:|1756871129
|move|p1b: Hatterene|Expanding Force|p2a: Indeedee|[spread] p2a,p2b
|-resisted|p2a: Indeedee
|-damage|p2a: Indeedee|43/100
|-damage|p2b: Tyranitar|2/100
|-damage|p1b: Hatterene|91/100|[from] item: Life Orb
|move|p1a: Ursaluna|Facade|p2a: Indeedee
|-damage|p2a: Indeedee|0 fnt
|faint|p2a: Indeedee
|move|p2b: Tyranitar|Rock Slide|p1b: Hatterene|[spread] p1a,p1b
|-damage|p1a: Ursaluna|44/100 brn
|-damage|p1b: Hatterene|57/100
|
|-weather|Sandstorm|[upkeep]
|-damage|p1b: Hatterene|51/100|[from] Sandstorm
|-damage|p1a: Ursaluna|38/100 brn|[from] Sandstorm
|-damage|p2b: Tyranitar|0 fnt|[from] Sandstorm
|faint|p2b: Tyranitar
|-damage|p1a: Ursaluna|32/100 brn|[from] brn
|upkeep
|
|t:|1756871146
|switch|p2b: Excadrill|Excadrill, L50, F|100/100
|switch|p2a: Magmar|Magmar, L50, M|100/100
|turn|5
|
|t:|1756871159
|move|p2a: Magmar|Protect|p2a: Magmar
|-singleturn|p2a: Magmar|Protect
|move|p2b: Excadrill|Protect|p2b: Excadrill
|-singleturn|p2b: Excadrill|Protect
|move|p1b: Hatterene|Expanding Force|p2b: Excadrill|[spread] 
|-activate|p2a: Magmar|move: Protect
|-activate|p2b: Excadrill|move: Protect
|move|p1a: Ursaluna|Facade|p2a: Magmar
|-activate|p2a: Magmar|move: Protect
|
|-weather|none
|-damage|p1a: Ursaluna|27/100 brn|[from] brn
|-fieldend|move: Trick Room
|-fieldend|move: Psychic Terrain
|upkeep
|turn|6
|inactive|NandoProbando has 30 seconds left.
|
|t:|1756871186
|move|p2b: Excadrill|Iron Head|p1b: Hatterene
|-supereffective|p1b: Hatterene
|-damage|p1b: Hatterene|0 fnt
|faint|p1b: Hatterene
|move|p2a: Magmar|Heat Wave|p1a: Ursaluna
|-damage|p1a: Ursaluna|0 fnt
|faint|p1a: Ursaluna
|
|win|NandoProbando
||Fosa25 is ready for game 2.
|inactive|NandoProbando has 30 seconds to confirm battle start!
||NandoProbando is ready for game 2.
|uhtml|next|Next: Game 2 of 3
|l|☆Fosa25
|player|p1|
