|j|☆MRalby_VGC
|j|☆Tchoubib
|html|MRalby_VGCTchoubib    
|uhtml|bestof|Game 2 of a best-of-3
|t:|1782687650
|gametype|doubles
|player|p1|MRalby_VGC|leon|1347
|player|p2|Tchoubib|1|1328
|gen|9
|tier|[Gen 9 Champions] VGC 2026 Reg M-B (Bo3)
|rated|
|rule|Species Clause: Limit one of each Pokémon
|rule|Item Clause: Limit 1 of each item
|clearpoke
|poke|p1|Aerodactyl, L50, F|
|poke|p1|Garchomp, L50, F, shiny|
|poke|p1|Charizard, L50, F, shiny|
|poke|p1|Kingambit, L50, M, shiny|
|poke|p1|Sylveon, L50, F, shiny|
|poke|p1|Farigiraf, L50, F|
|poke|p2|Incineroar, L50, F|
|poke|p2|Floette-Eternal, L50, F|
|poke|p2|Sinistcha, L50|
|poke|p2|Sneasler, L50, M|
|poke|p2|Delphox, L50, F|
|poke|p2|Kingambit, L50, F|
|teampreview|4
|showteam|p1|Aerodactyl||Aerodactylite|Unnerve|RockSlide,Tailwind,DualWingbeat,IceFang|Jolly||F|||50|]Garchomp||LifeOrb|RoughSkin|Earthquake,DragonClaw,StompingTantrum,Protect|Jolly||F|||50|]Charizard||CharizarditeY|Blaze|HeatWave,Protect,SolarBeam,WeatherBall|Modest||F|||50|]Kingambit||FocusSash|Defiant|KowtowCleave,IronHead,LowKick,SuckerPunch|Adamant||M|||50|]Sylveon||FairyFeather|Pixilate|HyperVoice,Detect,QuickAttack,HyperBeam|Modest||F|||50|]Farigiraf||SitrusBerry|ArmorTail|TwinBeam,Thunderbolt,TrickRoom,Roar|Bold||F|||50|
|showteam|p2|Incineroar||SitrusBerry|Intimidate|FakeOut,PartingShot,ThroatChop,FlareBlitz|Careful||F|||50|]Floette-Eternal||Floettite|FlowerVeil|DazzlingGleam,Moonblast,CalmMind,Protect|Modest||F|||50|]Sinistcha||OccaBerry|Hospitality|MatchaGotcha,RagePowder,TrickRoom,Protect|Bold|||||50|]Sneasler||FocusSash|PoisonTouch|QuickGuard,FakeOut,PoisonJab,CloseCombat|Jolly||M|||50|]Delphox||Delphoxite|Blaze|Protect,NastyPlot,HeatWave,Psyshock|Timid||F|||50|]Kingambit||BlackGlasses|Defiant|Protect,SwordsDance,KowtowCleave,SuckerPunch|Adamant||F|||50|
|inactive|Battle timer is ON: inactive players will automatically lose when time's up. (requested by MRalby_VGC)
|
|t:|1782687700
|teamsize|p1|4
|teamsize|p2|4
|start
|switch|p1a: Aerodactyl|Aerodactyl, L50, F|100/100
|switch|p1b: Kingambit|Kingambit, L50, M, shiny|100/100
|switch|p2a: Sinistcha|Sinistcha, L50|100/100
|switch|p2b: Delphox|Delphox, L50, F|100/100
|-ability|p1a: Aerodactyl|Unnerve
|turn|1
|
|t:|1782687722
|detailschange|p1a: Aerodactyl|Aerodactyl-Mega, L50, F
|-mega|p1a: Aerodactyl|Aerodactyl|Aerodactylite
|detailschange|p2b: Delphox|Delphox-Mega, L50, F
|-mega|p2b: Delphox|Delphox|Delphoxite
|move|p2a: Sinistcha|Rage Powder|p2a: Sinistcha
|-singleturn|p2a: Sinistcha|move: Rage Powder
|move|p1a: Aerodactyl|Rock Slide|p2b: Delphox|[spread] p2a,p2b
|-supereffective|p2b: Delphox|1
|-damage|p2a: Sinistcha|77/100
|-damage|p2b: Delphox|29/100
|cant|p2b: Delphox|flinch
|move|p1b: Kingambit|Kowtow Cleave|p2a: Sinistcha
|-supereffective|p2a: Sinistcha|1
|-damage|p2a: Sinistcha|2/100
|
|upkeep
|turn|2
|
|t:|1782687746
|switch|p2a: Incineroar|Incineroar, L50, F|100/100
|-ability|p2a: Incineroar|Intimidate|boost
|-unboost|p1a: Aerodactyl|atk|1
|-unboost|p1b: Kingambit|atk|1
|-ability|p1b: Kingambit|Defiant|boost
|-boost|p1b: Kingambit|atk|2
|move|p2b: Delphox|Protect|p2b: Delphox
|-singleturn|p2b: Delphox|Protect
|move|p1a: Aerodactyl|Rock Slide|p2b: Delphox|[spread] p2a
|-activate|p2b: Delphox|move: Protect
|-supereffective|p2a: Incineroar|1
|-damage|p2a: Incineroar|69/100
|move|p1b: Kingambit|Kowtow Cleave|p2b: Delphox
|-activate|p2b: Delphox|move: Protect
|
|upkeep
|turn|3
|
|t:|1782687764
|switch|p2b: Kingambit|Kingambit, L50, F|100/100
|move|p1b: Kingambit|Sucker Punch||[still]
|-fail|p1b: Kingambit
|move|p1a: Aerodactyl|Rock Slide|p2b: Kingambit|[spread] p2b
|-miss|p1a: Aerodactyl|p2a: Incineroar
|-resisted|p2b: Kingambit|1
|-damage|p2b: Kingambit|93/100
|move|p2a: Incineroar|Flare Blitz|p1b: Kingambit
|-supereffective|p1b: Kingambit|1
|-damage|p1b: Kingambit|15/100
|-damage|p2a: Incineroar|44/100|[from] Recoil
|-enditem|p2a: Incineroar|Sitrus Berry|[eat]
|-heal|p2a: Incineroar|69/100|[from] item: Sitrus Berry
|
|upkeep
|turn|4
|
|t:|1782687779
|switch|p1a: Farigiraf|Farigiraf, L50, F|100/100
|move|p2b: Kingambit|Sucker Punch||[still]
|cant|p1a: Farigiraf|ability: Armor Tail|Sucker Punch|[of] p2b: Kingambit
|move|p2a: Incineroar|Flare Blitz|p1b: Kingambit
|-supereffective|p1b: Kingambit|1
|-damage|p1b: Kingambit|0 fnt
|faint|p1b: Kingambit
|-damage|p2a: Incineroar|64/100|[from] Recoil
|
|upkeep
|
|t:|1782687793
|switch|p1b: Garchomp|Garchomp, L50, F, shiny|100/100
|turn|5
|
|t:|1782687801
|switch|p2a: Sinistcha|Sinistcha, L50|2/100
|-heal|p2b: Kingambit|100/100|[from] ability: Hospitality|[of] p2a: Sinistcha
|switch|p1a: Aerodactyl|Aerodactyl-Mega, L50, F|100/100
|move|p2b: Kingambit|Protect|p2b: Kingambit
|-singleturn|p2b: Kingambit|Protect
|move|p1b: Garchomp|Earthquake|p2b: Kingambit|[spread] p2a
|-activate|p2b: Kingambit|move: Protect
|-immune|p1a: Aerodactyl
|-resisted|p2a: Sinistcha|1
|-damage|p2a: Sinistcha|0 fnt
|faint|p2a: Sinistcha
|-damage|p1b: Garchomp|90/100|[from] item: Life Orb
|
|upkeep
|
|t:|1782687805
|switch|p2a: Incineroar|Incineroar, L50, F|64/100
|-ability|p2a: Incineroar|Intimidate|boost
|-unboost|p1a: Aerodactyl|atk|1
|-unboost|p1b: Garchomp|atk|1
|turn|6
|
|t:|1782687816
|move|p2a: Incineroar|Fake Out|p1a: Aerodactyl
|-resisted|p1a: Aerodactyl|1
|-damage|p1a: Aerodactyl|94/100
|cant|p1a: Aerodactyl|flinch
|move|p1b: Garchomp|Earthquake|p2b: Kingambit|[spread] p2a,p2b
|-immune|p1a: Aerodactyl
|-supereffective|p2a: Incineroar|1
|-supereffective|p2b: Kingambit|1
|-damage|p2a: Incineroar|2/100
|-damage|p2b: Kingambit|57/100
|-damage|p1b: Garchomp|80/100|[from] item: Life Orb
|move|p2b: Kingambit|Kowtow Cleave|p1b: Garchomp
|-damage|p1b: Garchomp|24/100
|-damage|p2b: Kingambit|45/100|[from] ability: Rough Skin|[of] p1b: Garchomp
|
|upkeep
|turn|7
|
|t:|1782687837
|move|p1b: Garchomp|Protect|p1b: Garchomp
|-singleturn|p1b: Garchomp|Protect
|move|p2b: Kingambit|Protect|p2b: Kingambit
|-singleturn|p2b: Kingambit|Protect
|move|p1a: Aerodactyl|Rock Slide|p2b: Kingambit|[spread] p2a
|-activate|p2b: Kingambit|move: Protect
|-supereffective|p2a: Incineroar|1
|-damage|p2a: Incineroar|0 fnt
|faint|p2a: Incineroar
|
|upkeep
|
|t:|1782687839
|switch|p2a: Delphox|Delphox-Mega, L50, F|29/100
|turn|8
|
|t:|1782687861
|switch|p1b: Farigiraf|Farigiraf, L50, F|100/100
|move|p2a: Delphox|Protect|p2a: Delphox
|-singleturn|p2a: Delphox|Protect
|move|p1a: Aerodactyl|Rock Slide|p2b: Kingambit|[spread] p2b
|-activate|p2a: Delphox|move: Protect
|-resisted|p2b: Kingambit|1
|-damage|p2b: Kingambit|39/100
|move|p2b: Kingambit|Kowtow Cleave|p1b: Farigiraf
|-supereffective|p1b: Farigiraf|1
|-damage|p1b: Farigiraf|10/100
|-enditem|p1b: Farigiraf|Sitrus Berry|[eat]
|-heal|p1b: Farigiraf|35/100|[from] item: Sitrus Berry
|
|upkeep
|turn|9
|
|t:|1782687878
|move|p2a: Delphox|Protect||[still]
|-fail|p2a: Delphox
|move|p1a: Aerodactyl|Rock Slide|p2a: Delphox|[spread] p2a
|-miss|p1a: Aerodactyl|p2b: Kingambit
|-supereffective|p2a: Delphox|1
|-damage|p2a: Delphox|0 fnt
|faint|p2a: Delphox
|move|p1b: Farigiraf|Thunderbolt|p2b: Kingambit
|-damage|p2b: Kingambit|16/100
|move|p2b: Kingambit|Kowtow Cleave|p1b: Farigiraf
|-supereffective|p1b: Farigiraf|1
|-damage|p1b: Farigiraf|0 fnt
|faint|p1b: Farigiraf
|
|upkeep
|
|t:|1782687882
|switch|p1b: Garchomp|Garchomp, L50, F, shiny|24/100
|turn|10
|
|t:|1782687890
|move|p2b: Kingambit|Sucker Punch|p1b: Garchomp
|-damage|p1b: Garchomp|0 fnt
|-damage|p2b: Kingambit|4/100|[from] ability: Rough Skin|[of] p1b: Garchomp
|faint|p1b: Garchomp
|move|p1a: Aerodactyl|Dual Wingbeat|p2b: Kingambit
|-resisted|p2b: Kingambit|1
|-damage|p2b: Kingambit|0 fnt
|faint|p2b: Kingambit
|-hitcount|p2: Kingambit|1
|
|win|MRalby_VGC
||Tchoubib is ready for game 3.
||MRalby_VGC is ready for game 3.
|uhtml|next|Next: Game 3 of 3
|l|☆MRalby_VGC
|player|p1|
