|j|☆trompanueva
|j|☆d1mo22
|html|trompanuevad1mo22    
|uhtml|bestof|Game 1 of a best-of-3
|t:|1784196029
|gametype|doubles
|player|p1|trompanueva|tate|1315
|player|p2|d1mo22|skier|1258
|gen|9
|tier|[Gen 9 Champions] VGC 2026 Reg M-B (Bo3)
|rated|
|rule|Species Clause: Limit one of each Pokémon
|rule|Item Clause: Limit 1 of each item
|clearpoke
|poke|p1|Gengar, L50, F, shiny|
|poke|p1|Swampert, L50, F, shiny|
|poke|p1|Incineroar, L50, F|
|poke|p1|Politoed, L50, M|
|poke|p1|Archaludon, L50, F|
|poke|p1|Vivillon, L50, M|
|poke|p2|Raichu, L50, F|
|poke|p2|Gyarados, L50, F, shiny|
|poke|p2|Mamoswine, L50, F|
|poke|p2|Ceruledge, L50, M|
|poke|p2|Sinistcha, L50|
|poke|p2|Kingambit, L50, F, shiny|
|teampreview|4
|showteam|p1|Gengar||Gengarite|CursedBody|SludgeBomb,ShadowBall,PerishSong,Protect|Timid||F|||50|]Swampert||Swampertite|Damp|WaveCrash,Earthquake,IcePunch,Protect|Adamant||F|||50|]Incineroar||PasshoBerry|Intimidate|ThroatChop,PartingShot,FakeOut,Protect|Sassy||F|||50|]Politoed||SitrusBerry|Drizzle|WeatherBall,PerishSong,Encore,Protect|Calm||M|||50|]Archaludon||Leftovers|Stamina|DragonPulse,FlashCannon,ElectroShot,Protect|Bold||F|||50|]Vivillon||FocusSash|CompoundEyes|Hurricane,SleepPowder,RagePowder,Protect|Timid||M|||50|
|showteam|p2|Raichu||RaichuniteY|LightningRod|FakeOut,Encore,ZapCannon,FocusBlast|Timid||F|||50|]Gyarados||Gyaradosite|Intimidate|LashOut,Waterfall,DragonDance,Protect|Adamant||F|||50|]Mamoswine||LifeOrb|Oblivious|Protect,IcicleCrash,IceShard,HighHorsepower|Jolly||F|||50|]Ceruledge||ColburBerry|FlashFire|BitterBlade,ShadowSneak,BulkUp,Protect|Adamant||M|||50|]Sinistcha||SitrusBerry|Hospitality|Protect,RagePowder,MatchaGotcha,LifeDew|Bold|||||50|]Kingambit||FocusSash|Defiant|Protect,SuckerPunch,KowtowCleave,IronHead|Adamant||F|||50|
|inactive|Battle timer is ON: inactive players will automatically lose when time's up. (requested by trompanueva)
|
|t:|1784196094
|teamsize|p1|4
|teamsize|p2|4
|start
|switch|p1a: MARIPOSAS|Vivillon, L50, M|100/100
|switch|p1b: SUPERESTRELLA|Swampert, L50, F, shiny|100/100
|switch|p2a: Raichu|Raichu, L50, F|100/100
|switch|p2b: Sinistcha|Sinistcha, L50|100/100
|turn|1
|inactive|trompanueva has 30 seconds left.
|inactive|d1mo22 has 30 seconds left.
|inactive|d1mo22 has 20 seconds left.
|
|t:|1784196132
|switch|p1b: GRAN VIA|Archaludon, L50, F|100/100
|move|p1a: MARIPOSAS|Protect|p1a: MARIPOSAS
|-singleturn|p1a: MARIPOSAS|Protect
|move|p2a: Raichu|Fake Out|p1b: GRAN VIA
|-resisted|p1b: GRAN VIA|1
|-damage|p1b: GRAN VIA|97/100
|-ability|p1b: GRAN VIA|Stamina|boost
|-boost|p1b: GRAN VIA|def|1
|move|p2b: Sinistcha|Rage Powder|p2b: Sinistcha
|-singleturn|p2b: Sinistcha|move: Rage Powder
|
|-heal|p1b: GRAN VIA|100/100|[from] item: Leftovers
|upkeep
|turn|2
|inactive|trompanueva has 30 seconds left.
|inactive|d1mo22 has 30 seconds left.
|inactive|d1mo22 has 20 seconds left.
|
|t:|1784196169
|detailschange|p2a: Raichu|Raichu-Mega-Y, L50, F
|-mega|p2a: Raichu|Raichu|Raichunite Y
|move|p1a: MARIPOSAS|Rage Powder|p1a: MARIPOSAS
|-singleturn|p1a: MARIPOSAS|move: Rage Powder
|move|p2b: Sinistcha|Rage Powder|p2b: Sinistcha
|-singleturn|p2b: Sinistcha|move: Rage Powder
|move|p2a: Raichu|Zap Cannon|p1a: MARIPOSAS
|-supereffective|p1a: MARIPOSAS|1
|-enditem|p1a: MARIPOSAS|Focus Sash
|-damage|p1a: MARIPOSAS|1/100
|-status|p1a: MARIPOSAS|par
|move|p1b: GRAN VIA|Dragon Pulse|p2b: Sinistcha
|-damage|p2b: Sinistcha|68/100
|
|upkeep
|turn|3
|inactive|trompanueva has 30 seconds left.
|inactive|d1mo22 has 30 seconds left.
|inactive|trompanueva has 20 seconds left.
|inactive|d1mo22 has 20 seconds left.
|inactive|d1mo22 has 15 seconds left.
|
|t:|1784196210
|move|p1a: MARIPOSAS|Rage Powder|p1a: MARIPOSAS
|-singleturn|p1a: MARIPOSAS|move: Rage Powder
|move|p2a: Raichu|Focus Blast|p1a: MARIPOSAS
|-resisted|p1a: MARIPOSAS|2
|-damage|p1a: MARIPOSAS|0 fnt
|faint|p1a: MARIPOSAS
|move|p1b: GRAN VIA|Dragon Pulse|p2a: Raichu
|-damage|p2a: Raichu|49/100
|move|p2b: Sinistcha|Matcha Gotcha|p1b: GRAN VIA
|-resisted|p1b: GRAN VIA|2
|-damage|p1b: GRAN VIA|92/100
|-heal|p2b: Sinistcha|73/100|[from] drain|[of] p1b: GRAN VIA
|-ability|p1b: GRAN VIA|Stamina|boost
|-boost|p1b: GRAN VIA|def|1
|
|-heal|p1b: GRAN VIA|98/100|[from] item: Leftovers
|upkeep
|inactive|trompanueva has 30 seconds left.
|inactive|trompanueva has 20 seconds left.
|inactive|trompanueva has 15 seconds left.
|inactive|trompanueva has 10 seconds left.
|inactive|trompanueva has 5 seconds left.
|
|t:|1784196261
|switch|p1a: SUPERESTRELLA|Swampert, L50, F, shiny|100/100
|turn|4
|
|t:|1784196273
|switch|p2a: Gyarados|Gyarados, L50, F, shiny|100/100
|-ability|p2a: Gyarados|Intimidate|boost
|-unboost|p1a: SUPERESTRELLA|atk|1
|-unboost|p1b: GRAN VIA|atk|1
|switch|p1b: TRANKIS|Politoed, L50, M|100/100
|-weather|RainDance|[from] ability: Drizzle|[of] p1b: TRANKIS
|detailschange|p1a: SUPERESTRELLA|Swampert-Mega, L50, F, shiny
|-mega|p1a: SUPERESTRELLA|Swampert|Swampertite
|move|p1a: SUPERESTRELLA|Earthquake|p2b: Sinistcha|[spread] p1b,p2b
|-immune|p2a: Gyarados
|-resisted|p2b: Sinistcha|1
|-damage|p1b: TRANKIS|71/100
|-damage|p2b: Sinistcha|60/100
|move|p2b: Sinistcha|Matcha Gotcha|p1b: TRANKIS|[spread] p1a,p1b
|-supereffective|p1a: SUPERESTRELLA|2
|-supereffective|p1b: TRANKIS|1
|-damage|p1a: SUPERESTRELLA|8/100
|-heal|p2b: Sinistcha|100/100|[from] drain|[of] p1a: SUPERESTRELLA
|-damage|p1b: TRANKIS|34/100
|-status|p1a: SUPERESTRELLA|brn
|-enditem|p1b: TRANKIS|Sitrus Berry|[eat]
|-heal|p1b: TRANKIS|59/100|[from] item: Sitrus Berry
|
|-weather|RainDance|[upkeep]
|-damage|p1a: SUPERESTRELLA|2/100 brn|[from] brn
|upkeep
|turn|5
|inactive|d1mo22 has 30 seconds left.
|
|t:|1784196308
|switch|p1a: GRAN VIA|Archaludon, L50, F|98/100
|move|p1b: TRANKIS|Protect|p1b: TRANKIS
|-singleturn|p1b: TRANKIS|Protect
|move|p2a: Gyarados|Dragon Dance|p2a: Gyarados
|-boost|p2a: Gyarados|atk|1
|-boost|p2a: Gyarados|spe|1
|move|p2b: Sinistcha|Matcha Gotcha|p1a: GRAN VIA|[spread] p1a
|-activate|p1b: TRANKIS|move: Protect
|-resisted|p1a: GRAN VIA|2
|-damage|p1a: GRAN VIA|93/100
|-status|p1a: GRAN VIA|brn
|-ability|p1a: GRAN VIA|Stamina|boost
|-boost|p1a: GRAN VIA|def|1
|
|-weather|RainDance|[upkeep]
|-heal|p1a: GRAN VIA|99/100 brn|[from] item: Leftovers
|-damage|p1a: GRAN VIA|93/100 brn|[from] brn
|upkeep
|turn|6
|inactive|d1mo22 has 30 seconds left.
|
|t:|1784196335
|move|p2b: Sinistcha|Rage Powder|p2b: Sinistcha
|-singleturn|p2b: Sinistcha|move: Rage Powder
|move|p2a: Gyarados|Waterfall|p1b: TRANKIS
|-resisted|p1b: TRANKIS|1
|-damage|p1b: TRANKIS|15/100
|move|p1a: GRAN VIA|Electro Shot||[still]
|-prepare|p1a: GRAN VIA|Electro Shot
|-boost|p1a: GRAN VIA|spa|1
|-anim|p1a: GRAN VIA|Electro Shot|p2b: Sinistcha
|-resisted|p2b: Sinistcha|1
|-damage|p2b: Sinistcha|76/100
|move|p1b: TRANKIS|Encore|p2b: Sinistcha
|-start|p2b: Sinistcha|Encore
|
|-weather|RainDance|[upkeep]
|-heal|p1a: GRAN VIA|99/100 brn|[from] item: Leftovers
|-damage|p1a: GRAN VIA|93/100 brn|[from] brn
|upkeep
|turn|7
|
|t:|1784196355
|move|p1b: TRANKIS|Protect|p1b: TRANKIS
|-singleturn|p1b: TRANKIS|Protect
|move|p2b: Sinistcha|Rage Powder|p2b: Sinistcha
|-singleturn|p2b: Sinistcha|move: Rage Powder
|move|p2a: Gyarados|Dragon Dance|p2a: Gyarados
|-boost|p2a: Gyarados|atk|1
|-boost|p2a: Gyarados|spe|1
|move|p1a: GRAN VIA|Electro Shot||[still]
|-prepare|p1a: GRAN VIA|Electro Shot
|-boost|p1a: GRAN VIA|spa|1
|-anim|p1a: GRAN VIA|Electro Shot|p2b: Sinistcha
|-resisted|p2b: Sinistcha|1
|-damage|p2b: Sinistcha|45/100
|-enditem|p2b: Sinistcha|Sitrus Berry|[eat]
|-heal|p2b: Sinistcha|70/100|[from] item: Sitrus Berry
|
|-weather|RainDance|[upkeep]
|-heal|p1a: GRAN VIA|99/100 brn|[from] item: Leftovers
|-damage|p1a: GRAN VIA|93/100 brn|[from] brn
|upkeep
|turn|8
|
|t:|1784196375
|switch|p1b: SUPERESTRELLA|Swampert-Mega, L50, F, shiny|2/100 brn
|move|p2b: Sinistcha|Rage Powder|p2b: Sinistcha
|-singleturn|p2b: Sinistcha|move: Rage Powder
|move|p2a: Gyarados|Waterfall|p1b: SUPERESTRELLA
|-damage|p1b: SUPERESTRELLA|0 fnt
|faint|p1b: SUPERESTRELLA
|move|p1a: GRAN VIA|Dragon Pulse|p2b: Sinistcha
|-damage|p2b: Sinistcha|3/100
|
|-weather|none
|-heal|p1a: GRAN VIA|99/100 brn|[from] item: Leftovers
|-damage|p1a: GRAN VIA|93/100 brn|[from] brn
|upkeep
|
|t:|1784196384
|switch|p1b: TRANKIS|Politoed, L50, M|15/100
|-weather|RainDance|[from] ability: Drizzle|[of] p1b: TRANKIS
|turn|9
|
|t:|1784196402
|move|p1b: TRANKIS|Protect|p1b: TRANKIS
|-singleturn|p1b: TRANKIS|Protect
|move|p2b: Sinistcha|Rage Powder|p2b: Sinistcha
|-singleturn|p2b: Sinistcha|move: Rage Powder
|move|p2a: Gyarados|Waterfall|p1a: GRAN VIA
|-resisted|p1a: GRAN VIA|1
|-damage|p1a: GRAN VIA|68/100 brn
|-ability|p1a: GRAN VIA|Stamina|boost
|-boost|p1a: GRAN VIA|def|1
|move|p1a: GRAN VIA|Electro Shot||[still]
|-prepare|p1a: GRAN VIA|Electro Shot
|-boost|p1a: GRAN VIA|spa|1
|-anim|p1a: GRAN VIA|Electro Shot|p2b: Sinistcha
|-resisted|p2b: Sinistcha|1
|-damage|p2b: Sinistcha|0 fnt
|faint|p2b: Sinistcha
|
|-weather|RainDance|[upkeep]
|-heal|p1a: GRAN VIA|74/100 brn|[from] item: Leftovers
|-damage|p1a: GRAN VIA|68/100 brn|[from] brn
|upkeep
|-message|trompanueva forfeited.
|
|win|d1mo22
