|j|☆SelvesterTheYAK
|j|☆MBL25
|html|SelvesterTheYAKMBL25    
|uhtml|bestof|Game 3 of a best-of-3
|t:|1756873714
|gametype|doubles
|player|p1|SelvesterTheYAK|170|1156
|player|p2|MBL25|170|1151
|gen|9
|tier|[Gen 9] VGC 2025 Reg H (Bo3)
|rated|
|rule|Species Clause: Limit one of each Pokémon
|rule|Item Clause: Limit 1 of each item
|clearpoke
|poke|p1|Tyranitar, L50, F|
|poke|p1|Arcanine-Hisui, L50, M|
|poke|p1|Kommo-o, L50, M|
|poke|p1|Gholdengo, L50|
|poke|p1|Rillaboom, L50, F|
|poke|p1|Electabuzz, L50, M|
|poke|p2|Sneasler, L50, F|
|poke|p2|Amoonguss, L50, M|
|poke|p2|Gholdengo, L50|
|poke|p2|Incineroar, L50, M|
|poke|p2|Dragonite, L50, F|
|poke|p2|Ursaluna-Bloodmoon, L50, M|
|teampreview|4
|showteam|p1|Tyranitar||AssaultVest|SandStream|RockSlide,KnockOff,TeraBlast,LowKick|||F|||50|,,,,,Flying]Arcanine-Hisui||SitrusBerry|Intimidate|RockSlide,FlareBlitz,WillOWisp,Howl|||M|||50|,,,,,Water]Kommo-o||Leftovers|Overcoat|IronDefense,BodyPress,Protect,DragonClaw|||M|||50|,,,,,Steel]Gholdengo||LifeOrb|GoodasGold|MakeItRain,ShadowBall,NastyPlot,Protect||||||50|,,,,,Steel]Rillaboom||MiracleSeed|GrassySurge|FakeOut,GrassyGlide,WoodHammer,Protect|||F|||50|,,,,,Grass]Electabuzz||Eviolite|VitalSpirit|Taunt,Protect,Electroweb,FollowMe|||M|||50|,,,,,Ghost
|showteam|p2|Sneasler||FocusSash|Unburden|DireClaw,CloseCombat,Protect,ThroatChop|||F|||50|,,,,,Stellar]Amoonguss||SitrusBerry|Regenerator|RagePowder,Spore,PollenPuff,Protect|||M|||50|,,,,,Water]Gholdengo||LifeOrb|GoodasGold|MakeItRain,ShadowBall,Protect,NastyPlot||||||50|,,,,,Water]Incineroar||SafetyGoggles|Intimidate|FlareBlitz,PartingShot,FakeOut,KnockOff|||M|||50|,,,,,Ghost]Dragonite||LoadedDice|Multiscale|ScaleShot,Tailwind,Protect,Haze|||F|||50|,,,,,Fairy]Ursaluna-Bloodmoon||AssaultVest|MindsEye|BloodMoon,VacuumWave,HyperVoice,EarthPower|||M|||50|,,,,,Water
|
|t:|1756873767
|teamsize|p1|4
|teamsize|p2|4
|start
|switch|p1a: Electabuzz|Electabuzz, L50, M|100/100
|switch|p1b: Gholdengo|Gholdengo, L50|100/100
|switch|p2a: Incineroar|Incineroar, L50, M|100/100
|switch|p2b: Dragonite|Dragonite, L50, F|100/100
|-ability|p2a: Incineroar|Intimidate|boost
|-unboost|p1a: Electabuzz|atk|1
|-unboost|p1b: Gholdengo|atk|1
|turn|1
|
|t:|1756873809
|-terastallize|p1b: Gholdengo|Steel
|move|p2a: Incineroar|Fake Out|p1a: Electabuzz
|-damage|p1a: Electabuzz|87/100
|cant|p1a: Electabuzz|flinch
|move|p1b: Gholdengo|Make It Rain|p2a: Incineroar|[spread] p2a,p2b
|-resisted|p2a: Incineroar
|-damage|p2a: Incineroar|60/100
|-damage|p2b: Dragonite|60/100
|-unboost|p1b: Gholdengo|spa|1
|-damage|p1b: Gholdengo|91/100|[from] item: Life Orb
|move|p2b: Dragonite|Tailwind|p2b: Dragonite
|-sidestart|p2: MBL25|move: Tailwind
|
|upkeep
|turn|2
|
|t:|1756873840
|move|p2b: Dragonite|Protect|p2b: Dragonite
|-singleturn|p2b: Dragonite|Protect
|move|p1b: Gholdengo|Protect|p1b: Gholdengo
|-singleturn|p1b: Gholdengo|Protect
|move|p2a: Incineroar|Knock Off|p1a: Electabuzz
|-damage|p1a: Electabuzz|40/100
|-enditem|p1a: Electabuzz|Eviolite|[from] move: Knock Off|[of] p2a: Incineroar
|move|p1a: Electabuzz|Electroweb|p2b: Dragonite|[spread] p2a
|-activate|p2b: Dragonite|move: Protect
|-damage|p2a: Incineroar|48/100
|-unboost|p2a: Incineroar|spe|1
|
|upkeep
|turn|3
|
|t:|1756873868
|switch|p1b: Kommo-o|Kommo-o, L50, M|100/100
|move|p2b: Dragonite|Scale Shot|p1a: Electabuzz
|-damage|p1a: Electabuzz|17/100
|-damage|p1a: Electabuzz|0 fnt
|faint|p1a: Electabuzz
|-hitcount|p1: Electabuzz|2
|-unboost|p2b: Dragonite|def|1
|-boost|p2b: Dragonite|spe|1
|move|p2a: Incineroar|Flare Blitz|p1b: Kommo-o
|-resisted|p1b: Kommo-o
|-damage|p1b: Kommo-o|83/100
|-status|p1b: Kommo-o|brn
|-damage|p2a: Incineroar|43/100|[from] Recoil
|
|-heal|p1b: Kommo-o|90/100 brn|[from] item: Leftovers
|-damage|p1b: Kommo-o|83/100 brn|[from] brn
|upkeep
|
|t:|1756873886
|switch|p1a: Rillaboom|Rillaboom, L50, F|100/100
|-fieldstart|move: Grassy Terrain|[from] ability: Grassy Surge|[of] p1a: Rillaboom
|turn|4
|
|t:|1756873897
|move|p2b: Dragonite|Protect|p2b: Dragonite
|-singleturn|p2b: Dragonite|Protect
|move|p1a: Rillaboom|Fake Out|p2b: Dragonite
|-activate|p2b: Dragonite|move: Protect
|move|p2a: Incineroar|Parting Shot|p1a: Rillaboom
|-unboost|p1a: Rillaboom|atk|1
|-unboost|p1a: Rillaboom|spa|1
|
|t:|1756873909
|switch|p2a: Gholdengo|Gholdengo, L50|100/100|[from] Parting Shot
|move|p1b: Kommo-o|Iron Defense|p1b: Kommo-o
|-boost|p1b: Kommo-o|def|2
|
|-heal|p1b: Kommo-o|90/100 brn|[from] Grassy Terrain
|-heal|p1b: Kommo-o|96/100 brn|[from] item: Leftovers
|-damage|p1b: Kommo-o|90/100 brn|[from] brn
|-sideend|p2: MBL25|move: Tailwind
|upkeep
|turn|5
|
|t:|1756873937
|move|p1a: Rillaboom|Protect|p1a: Rillaboom
|-singleturn|p1a: Rillaboom|Protect
|move|p2b: Dragonite|Scale Shot|p1a: Rillaboom
|-activate|p1a: Rillaboom|move: Protect
|move|p2a: Gholdengo|Shadow Ball|p1a: Rillaboom
|-activate|p1a: Rillaboom|move: Protect
|move|p1b: Kommo-o|Body Press|p2b: Dragonite
|-resisted|p2b: Dragonite
|-damage|p2b: Dragonite|25/100
|
|-heal|p1b: Kommo-o|96/100 brn|[from] Grassy Terrain
|-heal|p1b: Kommo-o|100/100 brn|[from] item: Leftovers
|-damage|p1b: Kommo-o|94/100 brn|[from] brn
|upkeep
|turn|6
|
|t:|1756873982
|switch|p2b: Incineroar|Incineroar, L50, M|43/100
|-ability|p2b: Incineroar|Intimidate|boost
|-unboost|p1a: Rillaboom|atk|1
|-unboost|p1b: Kommo-o|atk|1
|move|p1b: Kommo-o|Protect|p1b: Kommo-o
|-singleturn|p1b: Kommo-o|Protect
|move|p1a: Rillaboom|Grassy Glide|p2b: Incineroar
|-resisted|p2b: Incineroar
|-damage|p2b: Incineroar|31/100
|move|p2a: Gholdengo|Shadow Ball|p1a: Rillaboom
|-damage|p1a: Rillaboom|43/100
|-unboost|p1a: Rillaboom|spd|1
|-damage|p2a: Gholdengo|91/100|[from] item: Life Orb
|
|-heal|p2a: Gholdengo|97/100|[from] Grassy Terrain
|-heal|p1b: Kommo-o|100/100 brn|[from] Grassy Terrain
|-heal|p1a: Rillaboom|49/100|[from] Grassy Terrain
|-heal|p2b: Incineroar|37/100|[from] Grassy Terrain
|-damage|p1b: Kommo-o|94/100 brn|[from] brn
|upkeep
|turn|7
|
|t:|1756874010
|switch|p1a: Gholdengo|Gholdengo, L50, tera:Steel|91/100
|move|p2a: Gholdengo|Nasty Plot|p2a: Gholdengo
|-boost|p2a: Gholdengo|spa|2
|move|p1b: Kommo-o|Body Press|p2b: Incineroar
|-supereffective|p2b: Incineroar
|-damage|p2b: Incineroar|0 fnt
|faint|p2b: Incineroar
|
|-heal|p2a: Gholdengo|100/100|[from] Grassy Terrain
|-heal|p1a: Gholdengo|97/100|[from] Grassy Terrain
|-heal|p1b: Kommo-o|100/100 brn|[from] Grassy Terrain
|-damage|p1b: Kommo-o|94/100 brn|[from] brn
|upkeep
|
|t:|1756874020
|switch|p2b: Sneasler|Sneasler, L50, F|100/100
|turn|8
|
|t:|1756874034
|move|p1a: Gholdengo|Protect|p1a: Gholdengo
|-singleturn|p1a: Gholdengo|Protect
|move|p2b: Sneasler|Close Combat|p1a: Gholdengo
|-activate|p1a: Gholdengo|move: Protect
|move|p2a: Gholdengo|Shadow Ball|p1b: Kommo-o
|-damage|p1b: Kommo-o|7/100 brn
|-damage|p2a: Gholdengo|91/100|[from] item: Life Orb
|move|p1b: Kommo-o|Body Press|p2b: Sneasler
|-resisted|p2b: Sneasler
|-damage|p2b: Sneasler|66/100
|
|-heal|p2b: Sneasler|71/100|[from] Grassy Terrain
|-heal|p2a: Gholdengo|97/100|[from] Grassy Terrain
|-heal|p1a: Gholdengo|100/100|[from] Grassy Terrain
|-heal|p1b: Kommo-o|14/100 brn|[from] Grassy Terrain
|-heal|p1b: Kommo-o|20/100 brn|[from] item: Leftovers
|-damage|p1b: Kommo-o|14/100 brn|[from] brn
|-fieldend|move: Grassy Terrain
|upkeep
|turn|9
|
|t:|1756874071
|-terastallize|p2b: Sneasler|Stellar
|move|p1a: Gholdengo|Protect||[still]
|-fail|p1a: Gholdengo
|move|p2b: Sneasler|Close Combat|p1a: Gholdengo
|-supereffective|p1a: Gholdengo
|-damage|p1a: Gholdengo|0 fnt
|-unboost|p2b: Sneasler|def|1
|-unboost|p2b: Sneasler|spd|1
|faint|p1a: Gholdengo
|move|p2a: Gholdengo|Shadow Ball|p1b: Kommo-o
|-damage|p1b: Kommo-o|0 fnt
|faint|p1b: Kommo-o
|-damage|p2a: Gholdengo|88/100|[from] item: Life Orb
|
|upkeep
|
|t:|1756874088
|switch|p1b: Rillaboom|Rillaboom, L50, F|49/100
|-fieldstart|move: Grassy Terrain|[from] ability: Grassy Surge|[of] p1b: Rillaboom
|turn|10
|
|t:|1756874098
|move|p1b: Rillaboom|Grassy Glide|p2a: Gholdengo
|-resisted|p2a: Gholdengo
|-damage|p2a: Gholdengo|61/100
|move|p2b: Sneasler|Dire Claw|p1b: Rillaboom
|-supereffective|p1b: Rillaboom
|-damage|p1b: Rillaboom|0 fnt
|faint|p1b: Rillaboom
|
|win|MBL25
|raw|SelvesterTheYAK's rating: 1156 → 1131(-25 for losing)
|raw|MBL25's rating: 1151 → 1176(+25 for winning)
|l|☆MBL25
|player|p2|
