|j|☆PikaTROD
|j|☆Djjwjwwjj
|html|PikaTRODDjjwjwwjj    
|uhtml|bestof|Game 1 of a best-of-3
|t:|1756700647
|gametype|doubles
|player|p1|PikaTROD|265|1404
|player|p2|Djjwjwwjj|265|1361
|gen|9
|tier|[Gen 9] VGC 2025 Reg H (Bo3)
|rated|
|rule|Species Clause: Limit one of each Pokémon
|rule|Item Clause: Limit 1 of each item
|clearpoke
|poke|p1|Kingambit, L50, F|
|poke|p1|Primarina, L50, M|
|poke|p1|Sneasler, L50, F|
|poke|p1|Magmar, L50, M|
|poke|p1|Rillaboom, L50, M|
|poke|p1|Dragapult, L50, M|
|poke|p2|Palafin, L50, M|
|poke|p2|Archaludon, L50, M|
|poke|p2|Pelipper, L50, M|
|poke|p2|Incineroar, L50, M|
|poke|p2|Dragonite, L50, M|
|poke|p2|Amoonguss, L50, M|
|teampreview|4
|showteam|p1|Kingambit||BlackGlasses|Defiant|KowtowCleave,SuckerPunch,SwordsDance,Protect|||F|||50|,,,,,Dark]Primarina||SitrusBerry|LiquidVoice|HyperVoice,Moonblast,Haze,Protect|||M|||50|,,,,,Water]Sneasler||FocusSash|Unburden|CloseCombat,DireClaw,FakeOut,Protect|||F|||50|,,,,,Stellar]Magmar||Eviolite|VitalSpirit|Overheat,WillOWisp,FollowMe,Protect|||M|||50|,,,,,Ghost]Rillaboom||AssaultVest|GrassySurge|WoodHammer,GrassyGlide,HighHorsepower,FakeOut|||M|||50|,,,,,Fire]Dragapult||ChoiceBand|ClearBody|DragonDarts,PhantomForce,Outrage,Uturn|||M|||50|,,,,,Dragon
|showteam|p2|Palafin||SafetyGoggles|ZerotoHero|Protect,FlipTurn,JetPunch,WaveCrash|||M|||50|,,,,,Water]Archaludon||AssaultVest|Stamina|Snarl,BodyPress,ElectroShot,DragonPulse|||M|||50|,,,,,Fighting]Pelipper||CovertCloak|Drizzle|Protect,Uturn,Hurricane,WeatherBall|||M|||50|,,,,,Steel]Incineroar||ChopleBerry|Intimidate|FakeOut,PartingShot,KnockOff,Taunt|||M|||50|,,,,,Grass]Dragonite||LoadedDice|Multiscale|Protect,Tailwind,ScaleShot,Haze|||M|||50|,,,,,Fairy]Amoonguss||SitrusBerry|Regenerator|Protect,Spore,RagePowder,PollenPuff|||M|||50|,,,,,Dark
|inactive|Battle timer is ON: inactive players will automatically lose when time's up. (requested by Djjwjwwjj)
|inactive|PikaTROD has 60 seconds left.
|inactive|Djjwjwwjj has 60 seconds left.
|inactive|PikaTROD has 30 seconds left.
|inactive|Djjwjwwjj has 30 seconds left.
|inactive|PikaTROD has 20 seconds left.
|inactive|PikaTROD has 15 seconds left.
|inactive|Djjwjwwjj has 20 seconds left.
|inactive|PikaTROD has 10 seconds left.
|inactive|Djjwjwwjj has 15 seconds left.
|
|t:|1756700732
|teamsize|p1|4
|teamsize|p2|4
|start
|switch|p1a: Kingambit|Kingambit, L50, F|100/100
|switch|p1b: Dragapult|Dragapult, L50, M|100/100
|switch|p2a: Archaludon|Archaludon, L50, M|100/100
|switch|p2b: Pelipper|Pelipper, L50, M|100/100
|-weather|RainDance|[from] ability: Drizzle|[of] p2b: Pelipper
|turn|1
|inactive|PikaTROD has 30 seconds left.
|inactive|Djjwjwwjj has 30 seconds left.
|inactive|Djjwjwwjj has 20 seconds left.
|
|t:|1756700770
|switch|p1a: Sneasler|Sneasler, L50, F|100/100
|-terastallize|p1b: Dragapult|Dragon
|move|p1b: Dragapult|Outrage|p2a: Archaludon
|-crit|p2a: Archaludon
|-damage|p2a: Archaludon|0 fnt
|faint|p2a: Archaludon
|move|p2b: Pelipper|Hurricane|p1b: Dragapult
|-damage|p1b: Dragapult|38/100
|
|-weather|RainDance|[upkeep]
|upkeep
|
|t:|1756700785
|switch|p2a: Dragonite|Dragonite, L50, M|100/100
|turn|2
|inactive|PikaTROD has 30 seconds left.
|
|t:|1756700815
|move|p2a: Dragonite|Protect|p2a: Dragonite
|-singleturn|p2a: Dragonite|Protect
|move|p2b: Pelipper|Protect|p2b: Pelipper
|-singleturn|p2b: Pelipper|Protect
|move|p1a: Sneasler|Fake Out|p2a: Dragonite
|-activate|p2a: Dragonite|move: Protect
|move|p1b: Dragapult|Outrage|p2a: Dragonite|[from] lockedmove
|-activate|p2a: Dragonite|move: Protect
|
|-weather|RainDance|[upkeep]
|upkeep
|turn|3
|
|t:|1756700838
|switch|p1b: Kingambit|Kingambit, L50, F|100/100
|-terastallize|p2a: Dragonite|Fairy
|move|p1a: Sneasler|Protect|p1a: Sneasler
|-singleturn|p1a: Sneasler|Protect
|move|p2a: Dragonite|Scale Shot|p1b: Kingambit|[miss]
|-miss|p2a: Dragonite|p1b: Kingambit
|move|p2b: Pelipper|Weather Ball|p1b: Kingambit
|-damage|p1b: Kingambit|38/100
|
|-weather|RainDance|[upkeep]
|upkeep
|turn|4
|
|t:|1756700861
|move|p1b: Kingambit|Sucker Punch|p2b: Pelipper
|-damage|p2b: Pelipper|41/100
|move|p1a: Sneasler|Dire Claw|p2b: Pelipper
|-damage|p2b: Pelipper|0 fnt
|faint|p2b: Pelipper
|move|p2a: Dragonite|Scale Shot|p1a: Sneasler
|-damage|p1a: Sneasler|77/100
|-damage|p1a: Sneasler|53/100
|-damage|p1a: Sneasler|29/100
|-damage|p1a: Sneasler|4/100
|-damage|p1a: Sneasler|0 fnt
|faint|p1a: Sneasler
|-hitcount|p1: Sneasler|5
|-unboost|p2a: Dragonite|def|1
|-boost|p2a: Dragonite|spe|1
|
|-weather|RainDance|[upkeep]
|upkeep
|
|t:|1756700874
|switch|p1a: Rillaboom|Rillaboom, L50, M|100/100
|switch|p2b: Amoonguss|Amoonguss, L50, M|100/100
|-fieldstart|move: Grassy Terrain|[from] ability: Grassy Surge|[of] p1a: Rillaboom
|turn|5
|inactive|PikaTROD has 30 seconds left.
|
|t:|1756700900
|move|p1b: Kingambit|Protect|p1b: Kingambit
|-singleturn|p1b: Kingambit|Protect
|move|p2a: Dragonite|Scale Shot|p1a: Rillaboom
|-damage|p1a: Rillaboom|87/100
|-damage|p1a: Rillaboom|73/100
|-damage|p1a: Rillaboom|60/100
|-damage|p1a: Rillaboom|46/100
|-damage|p1a: Rillaboom|33/100
|-hitcount|p1a: Rillaboom|5
|-unboost|p2a: Dragonite|def|1
|-boost|p2a: Dragonite|spe|1
|move|p1a: Rillaboom|Wood Hammer|p2a: Dragonite
|-damage|p2a: Dragonite|10/100
|-damage|p1a: Rillaboom|8/100|[from] Recoil
|move|p2b: Amoonguss|Spore|p1b: Kingambit
|-activate|p1b: Kingambit|move: Protect
|
|-weather|none
|-heal|p2a: Dragonite|16/100|[from] Grassy Terrain
|-heal|p1a: Rillaboom|14/100|[from] Grassy Terrain
|-heal|p1b: Kingambit|44/100|[from] Grassy Terrain
|upkeep
|turn|6
|inactive|PikaTROD has 30 seconds left.
|inactive|Djjwjwwjj has 30 seconds left.
|inactive|PikaTROD has 20 seconds left.
|inactive|PikaTROD has 15 seconds left.
|inactive|PikaTROD has 10 seconds left.
|inactive|PikaTROD has 5 seconds left.
|
|t:|1756700951
|move|p2a: Dragonite|Protect|p2a: Dragonite
|-singleturn|p2a: Dragonite|Protect
|move|p1a: Rillaboom|Grassy Glide|p2a: Dragonite
|-activate|p2a: Dragonite|move: Protect
|move|p1b: Kingambit|Kowtow Cleave|p2b: Amoonguss
|-damage|p2b: Amoonguss|47/100
|-enditem|p2b: Amoonguss|Sitrus Berry|[eat]
|-heal|p2b: Amoonguss|72/100|[from] item: Sitrus Berry
|move|p2b: Amoonguss|Spore|p1b: Kingambit
|-status|p1b: Kingambit|slp|[from] move: Spore
|
|-heal|p2a: Dragonite|22/100|[from] Grassy Terrain
|-heal|p1a: Rillaboom|20/100|[from] Grassy Terrain
|-heal|p1b: Kingambit|50/100 slp|[from] Grassy Terrain
|-heal|p2b: Amoonguss|78/100|[from] Grassy Terrain
|upkeep
|turn|7
|
|t:|1756700968
|move|p2a: Dragonite|Protect||[still]
|-fail|p2a: Dragonite
|move|p1a: Rillaboom|Grassy Glide|p2a: Dragonite
|-damage|p2a: Dragonite|0 fnt
|faint|p2a: Dragonite
|cant|p1b: Kingambit|slp
|move|p2b: Amoonguss|Pollen Puff|p1a: Rillaboom
|-supereffective|p1a: Rillaboom
|-damage|p1a: Rillaboom|0 fnt
|faint|p1a: Rillaboom
|
|-heal|p1b: Kingambit|56/100 slp|[from] Grassy Terrain
|-heal|p2b: Amoonguss|84/100|[from] Grassy Terrain
|upkeep
|
|t:|1756700975
|switch|p1a: Dragapult|Dragapult, L50, M, tera:Dragon|38/100
|turn|8
|-message|Djjwjwwjj forfeited.
|
|win|PikaTROD
|l|☆Djjwjwwjj
|player|p2|
||PikaTROD is ready for game 2.
||Djjwjwwjj is ready for game 2.
|uhtml|next|Next: Game 2 of 3
