|j|☆Thenestball
|j|☆chefbenboyrd
|html|Thenestballchefbenboyrd    
|uhtml|bestof|Game 1 of a best-of-3
|t:|1756926375
|gametype|doubles
|player|p1|Thenestball|hiker-gen4|1109
|player|p2|chefbenboyrd|brawly|1129
|gen|9
|tier|[Gen 9] VGC 2025 Reg H (Bo3)
|rated|
|rule|Species Clause: Limit one of each Pokémon
|rule|Item Clause: Limit 1 of each item
|clearpoke
|poke|p1|Ursaluna-Bloodmoon, L50, M|
|poke|p1|Sneasler, L50, M|
|poke|p1|Dragonite, L50, M|
|poke|p1|Incineroar, L50, M|
|poke|p1|Gholdengo, L50|
|poke|p1|Rillaboom, L50, F|
|poke|p2|Whimsicott, L50, F|
|poke|p2|Hydreigon, L50, M|
|poke|p2|Grimmsnarl, L50, M|
|poke|p2|Incineroar, L50, M|
|poke|p2|Gholdengo, L50|
|poke|p2|Annihilape, L50, F|
|teampreview|4
|showteam|p1|Ursaluna-Bloodmoon||Leftovers|MindsEye|BloodMoon,EarthPower,CalmMind,Protect|||M|||50|,,,,,Electric]Sneasler||FocusSash|Unburden|CloseCombat,DireClaw,FakeOut,Coaching|||M|||50|,,,,,Ghost]Dragonite||LoadedDice|Multiscale|ScaleShot,Haze,Tailwind,Protect|||M|||50|,,,,,Steel]Incineroar||SafetyGoggles|Intimidate|FlareBlitz,KnockOff,PartingShot,FakeOut|||M|||50|,,,,,Ghost]Gholdengo||LifeOrb|GoodasGold|MakeItRain,ShadowBall,NastyPlot,Protect||||||50|,,,,,Water]Rillaboom||AssaultVest|GrassySurge|GrassyGlide,WoodHammer,HighHorsepower,FakeOut|||F|||50|,,,,,Fire
|showteam|p2|Whimsicott||FocusSash|Prankster|SunnyDay,Encore,Tailwind,Moonblast|||F|||50|,,,,,Ghost]Hydreigon||ChoiceSpecs|Levitate|HeatWave,DracoMeteor,Snarl,DarkPulse|||M|||50|,,,,,Fire]Grimmsnarl||LightClay|Prankster|SpiritBreak,Reflect,LightScreen,ThunderWave|||M|||50|,,,,,Steel]Incineroar||SafetyGoggles|Intimidate|KnockOff,FakeOut,PartingShot,FlareBlitz|||M|||50|,,,,,Ghost]Gholdengo||LifeOrb|GoodasGold|Protect,MakeItRain,ShadowBall,NastyPlot||||||50|,,,,,Water]Annihilape||SitrusBerry|Defiant|Protect,Taunt,RageFist,DrainPunch|||F|||50|,,,,,Fairy
|inactive|Battle timer is ON: inactive players will automatically lose when time's up. (requested by Thenestball)
|inactive|chefbenboyrd has 60 seconds left.
|
|t:|1756926413
|teamsize|p1|4
|teamsize|p2|4
|start
|switch|p1a: Sneasler|Sneasler, L50, M, shiny|100/100
|switch|p1b: Rillaboom|Rillaboom, L50, F|100/100
|switch|p2a: Incineroar|Incineroar, L50, M|100/100
|switch|p2b: Hydreigon|Hydreigon, L50, M|100/100
|-fieldstart|move: Grassy Terrain|[from] ability: Grassy Surge|[of] p1b: Rillaboom
|-ability|p2a: Incineroar|Intimidate|boost
|-unboost|p1a: Sneasler|atk|1
|-unboost|p1b: Rillaboom|atk|1
|turn|1
|
|t:|1756926434
|switch|p2b: Annihilape|Annihilape, L50, F|100/100
|-terastallize|p2a: Incineroar|Ghost
|move|p1b: Rillaboom|Fake Out|p2a: Incineroar
|-immune|p2a: Incineroar
|move|p1a: Sneasler|Dire Claw|p2b: Annihilape
|-resisted|p2b: Annihilape
|-damage|p2b: Annihilape|85/100
|-status|p2b: Annihilape|slp
|move|p2a: Incineroar|Flare Blitz|p1b: Rillaboom
|-supereffective|p1b: Rillaboom
|-damage|p1b: Rillaboom|0 fnt
|faint|p1b: Rillaboom
|-damage|p2a: Incineroar|69/100|[from] Recoil
|
|-heal|p2b: Annihilape|91/100 slp|[from] Grassy Terrain
|-heal|p2a: Incineroar|75/100|[from] Grassy Terrain
|upkeep
|
|t:|1756926451
|switch|p1b: Incineroar|Incineroar, L50, M, shiny|100/100
|-ability|p1b: Incineroar|Intimidate|boost
|-unboost|p2a: Incineroar|atk|1
|-unboost|p2b: Annihilape|atk|1
|-ability|p2b: Annihilape|Defiant|boost
|-boost|p2b: Annihilape|atk|2
|turn|2
|
|t:|1756926462
|switch|p2a: Whimsicott|Whimsicott, L50, F|100/100
|move|p1a: Sneasler|Dire Claw|p2a: Whimsicott
|-supereffective|p2a: Whimsicott
|-enditem|p2a: Whimsicott|Focus Sash
|-damage|p2a: Whimsicott|1/100
|-status|p2a: Whimsicott|par
|cant|p2b: Annihilape|slp
|move|p1b: Incineroar|Knock Off|p1a: Sneasler
|-resisted|p1a: Sneasler
|-crit|p1a: Sneasler
|-damage|p1a: Sneasler|43/100
|-enditem|p1a: Sneasler|Focus Sash|[from] move: Knock Off|[of] p1b: Incineroar
|
|-heal|p1a: Sneasler|49/100|[from] Grassy Terrain
|-heal|p2b: Annihilape|97/100 slp|[from] Grassy Terrain
|-heal|p2a: Whimsicott|7/100 par|[from] Grassy Terrain
|upkeep
|turn|3
|
|t:|1756926487
|switch|p2a: Incineroar|Incineroar, L50, M, tera:Ghost|75/100
|-ability|p2a: Incineroar|Intimidate|boost
|-unboost|p1a: Sneasler|atk|1
|-unboost|p1b: Incineroar|atk|1
|move|p1a: Sneasler|Dire Claw|p2a: Incineroar
|-resisted|p2a: Incineroar
|-damage|p2a: Incineroar|63/100
|cant|p2b: Annihilape|slp
|move|p1b: Incineroar|Knock Off|p2b: Annihilape
|-damage|p2b: Annihilape|67/100 slp
|-enditem|p2b: Annihilape|Sitrus Berry|[from] move: Knock Off|[of] p1b: Incineroar
|
|-heal|p1a: Sneasler|54/100|[from] Grassy Terrain
|-heal|p2b: Annihilape|73/100 slp|[from] Grassy Terrain
|-heal|p2a: Incineroar|69/100|[from] Grassy Terrain
|upkeep
|turn|4
|
|t:|1756926512
|move|p2a: Incineroar|Fake Out|p1a: Sneasler
|-damage|p1a: Sneasler|34/100
|cant|p1a: Sneasler|flinch
|-curestatus|p2b: Annihilape|slp|[msg]
|move|p2b: Annihilape|Drain Punch|p1b: Incineroar
|-supereffective|p1b: Incineroar
|-damage|p1b: Incineroar|17/100
|-heal|p2b: Annihilape|100/100|[from] drain|[of] p1b: Incineroar
|move|p1b: Incineroar|Knock Off|p2b: Annihilape
|-damage|p2b: Annihilape|78/100
|
|-heal|p1a: Sneasler|40/100|[from] Grassy Terrain
|-heal|p2b: Annihilape|84/100|[from] Grassy Terrain
|-heal|p2a: Incineroar|75/100|[from] Grassy Terrain
|-heal|p1b: Incineroar|23/100|[from] Grassy Terrain
|upkeep
|turn|5
|
|t:|1756926531
|move|p1a: Sneasler|Dire Claw|p2b: Annihilape
|-resisted|p2b: Annihilape
|-damage|p2b: Annihilape|73/100
|-status|p2b: Annihilape|psn
|move|p2b: Annihilape|Drain Punch|p1b: Incineroar
|-supereffective|p1b: Incineroar
|-damage|p1b: Incineroar|0 fnt
|-heal|p2b: Annihilape|83/100 psn|[from] drain|[of] p1b: Incineroar
|faint|p1b: Incineroar
|move|p2a: Incineroar|Flare Blitz|p1a: Sneasler
|-damage|p1a: Sneasler|0 fnt
|faint|p1a: Sneasler
|-damage|p2a: Incineroar|65/100|[from] Recoil
|
|-heal|p2b: Annihilape|89/100 psn|[from] Grassy Terrain
|-heal|p2a: Incineroar|71/100|[from] Grassy Terrain
|-damage|p2b: Annihilape|77/100 psn|[from] psn
|-fieldend|move: Grassy Terrain
|upkeep
|-message|Thenestball forfeited.
|raw|Thenestball's rating: 1109 → 1085(-24 for losing)
|raw|chefbenboyrd's rating: 1129 → 1153(+24 for winning)
|
|win|chefbenboyrd
|l|☆Thenestball
|player|p1|
