|j|☆fili53
|j|☆Unwelcome School
|html|fili53Unwelcome School    
|uhtml|bestof|Game 3 of a best-of-3
|t:|1757797111
|gametype|doubles
|player|p1|fili53|cress|1177
|player|p2|Unwelcome School|emmet|1075
|gen|9
|tier|[Gen 9] VGC 2025 Reg H (Bo3)
|rated|
|rule|Species Clause: Limit one of each Pokémon
|rule|Item Clause: Limit 1 of each item
|clearpoke
|poke|p1|Sneasler, L50, M|
|poke|p1|Dondozo, L50, M|
|poke|p1|Kingambit, L50, M|
|poke|p1|Rillaboom, L50, M|
|poke|p1|Dragonite, L50, M|
|poke|p1|Annihilape, L50, F|
|poke|p2|Dragonite, L50, M|
|poke|p2|Gholdengo, L50|
|poke|p2|Garchomp, L50, M|
|poke|p2|Archaludon, L50, M|
|poke|p2|Talonflame, L50, M|
|poke|p2|Annihilape, L50, F|
|teampreview|4
|showteam|p1|Sneasler||FocusSash|PoisonTouch|CloseCombat,DireClaw,Coaching,Protect|||M|||50|,,,,,Ghost]Dondozo||Leftovers|Unaware|WaveCrash,Fissure,Yawn,Protect|||M|||50|,,,,,Poison]Kingambit||BlackGlasses|Defiant|KowtowCleave,SuckerPunch,SwordsDance,Protect|||M|||50|,,,,,Dark]Rillaboom||AssaultVest|GrassySurge|WoodHammer,GrassyGlide,HighHorsepower,FakeOut|||M|||50|,,,,,Fire]Dragonite||LoadedDice|Multiscale|ScaleShot,StompingTantrum,Tailwind,Protect|||M|||50|,,,,,Steel]Annihilape||SafetyGoggles|Defiant|CloseCombat,RageFist,FinalGambit,Taunt|||F|||50|,,,,,Water
|showteam|p2|Dragonite||LoadedDice|InnerFocus|ExtremeSpeed,ScaleShot,AerialAce,Protect|||M|||50|,,,,,Normal]Gholdengo||ChoiceSpecs|GoodasGold|MakeItRain,ShadowBall,FocusBlast,Trick||||||50|,,,,,Flying]Garchomp||LifeOrb|RoughSkin|StompingTantrum,DragonClaw,Earthquake,Protect|||M|||50|,,,,,Dragon]Archaludon||AssaultVest|Stamina|ElectroShot,DracoMeteor,FlashCannon,AuraSphere|||M|||50|,,,,,Bug]Talonflame||CovertCloak|GaleWings|BraveBird,FlareBlitz,Tailwind,Protect|||M|||50|,,,,,Flying]Annihilape||ChoiceScarf|Defiant|FinalGambit,RageFist,Encore,CloseCombat|||F|||50|,,,,,Fighting
|inactive|Battle timer is ON: inactive players will automatically lose when time's up. (requested by Unwelcome School)
|inactive|fili53 has 60 seconds left.
|inactive|Unwelcome School has 60 seconds left.
|
|t:|1757797157
|teamsize|p1|4
|teamsize|p2|4
|start
|switch|p1a: Kingambit|Kingambit, L50, M|100/100
|switch|p1b: Sneasler|Sneasler, L50, M|100/100
|switch|p2a: Talonflame|Talonflame, L50, M|100/100
|switch|p2b: Gholdengo|Gholdengo, L50|100/100
|turn|1
|
|t:|1757797181
|-terastallize|p2b: Gholdengo|Flying
|move|p2a: Talonflame|Tailwind|p2a: Talonflame
|-sidestart|p2: Unwelcome School|move: Tailwind
|move|p2b: Gholdengo|Focus Blast|p1a: Kingambit
|-supereffective|p1a: Kingambit
|-damage|p1a: Kingambit|0 fnt
|faint|p1a: Kingambit
|move|p1b: Sneasler|Coaching|p1: Kingambit|[notarget]
|-fail|p1b: Sneasler
|
|upkeep
|
|t:|1757797192
|switch|p1a: Dondozo|Dondozo, L50, M|100/100
|turn|2
|
|t:|1757797202
|switch|p2b: Garchomp|Garchomp, L50, M|100/100
|move|p1b: Sneasler|Protect|p1b: Sneasler
|-singleturn|p1b: Sneasler|Protect
|move|p2a: Talonflame|Brave Bird|p1b: Sneasler
|-activate|p1b: Sneasler|move: Protect
|move|p1a: Dondozo|Wave Crash|p2a: Talonflame
|-supereffective|p2a: Talonflame
|-damage|p2a: Talonflame|0 fnt
|faint|p2a: Talonflame
|-damage|p1a: Dondozo|75/100|[from] Recoil
|
|-heal|p1a: Dondozo|81/100|[from] item: Leftovers
|upkeep
|
|t:|1757797214
|switch|p2a: Gholdengo|Gholdengo, L50, tera:Flying|100/100
|turn|3
|
|t:|1757797221
|switch|p1b: Rillaboom|Rillaboom, L50, M|100/100
|-fieldstart|move: Grassy Terrain|[from] ability: Grassy Surge|[of] p1b: Rillaboom
|move|p2b: Garchomp|Earthquake|p1b: Rillaboom|[spread] p1a,p1b
|-immune|p2a: Gholdengo
|-resisted|p1b: Rillaboom
|-damage|p1a: Dondozo|65/100
|-damage|p1b: Rillaboom|88/100
|-damage|p2b: Garchomp|91/100|[from] item: Life Orb
|move|p2a: Gholdengo|Shadow Ball|p1b: Rillaboom
|-damage|p1b: Rillaboom|42/100
|move|p1a: Dondozo|Yawn|p2b: Garchomp
|-start|p2b: Garchomp|move: Yawn|[of] p1a: Dondozo
|
|-heal|p2b: Garchomp|97/100|[from] Grassy Terrain
|-heal|p1b: Rillaboom|48/100|[from] Grassy Terrain
|-heal|p1a: Dondozo|71/100|[from] Grassy Terrain
|-heal|p1a: Dondozo|77/100|[from] item: Leftovers
|upkeep
|turn|4
|inactive|fili53 has 30 seconds left.
|inactive|Unwelcome School has 30 seconds left.
|
|t:|1757797248
|move|p1b: Rillaboom|Fake Out|p2a: Gholdengo
|-damage|p2a: Gholdengo|84/100
|move|p2b: Garchomp|Dragon Claw|p1b: Rillaboom
|-damage|p1b: Rillaboom|0 fnt
|faint|p1b: Rillaboom
|-damage|p2b: Garchomp|87/100|[from] item: Life Orb
|cant|p2a: Gholdengo|flinch
|move|p1a: Dondozo|Yawn||[still]
|-fail|p1a: Dondozo
|
|-heal|p2b: Garchomp|93/100|[from] Grassy Terrain
|-heal|p1a: Dondozo|83/100|[from] Grassy Terrain
|-heal|p1a: Dondozo|90/100|[from] item: Leftovers
|-end|p2b: Garchomp|move: Yawn|[silent]
|-status|p2b: Garchomp|slp
|-sideend|p2: Unwelcome School|move: Tailwind
|upkeep
|
|t:|1757797251
|switch|p1b: Sneasler|Sneasler, L50, M|100/100
|turn|5
|
|t:|1757797271
|move|p1b: Sneasler|Dire Claw|p2a: Gholdengo
|-damage|p2a: Gholdengo|38/100
|cant|p2b: Garchomp|slp
|move|p2a: Gholdengo|Shadow Ball|p1a: Dondozo
|-damage|p1a: Dondozo|39/100
|move|p1a: Dondozo|Wave Crash|p2a: Gholdengo
|-damage|p2a: Gholdengo|0 fnt
|faint|p2a: Gholdengo
|-damage|p1a: Dondozo|30/100|[from] Recoil
|
|-heal|p2b: Garchomp|99/100 slp|[from] Grassy Terrain
|-heal|p1a: Dondozo|37/100|[from] Grassy Terrain
|-heal|p1a: Dondozo|43/100|[from] item: Leftovers
|upkeep
|
|t:|1757797281
|switch|p2a: Annihilape|Annihilape, L50, F|100/100
|turn|6
|
|t:|1757797306
|-terastallize|p1b: Sneasler|Ghost
|move|p1a: Dondozo|Protect|p1a: Dondozo
|-singleturn|p1a: Dondozo|Protect
|move|p2a: Annihilape|Final Gambit|p1b: Sneasler
|-immune|p1b: Sneasler
|move|p1b: Sneasler|Coaching|p1a: Dondozo
|-boost|p1a: Dondozo|atk|1
|-boost|p1a: Dondozo|def|1
|cant|p2b: Garchomp|slp
|
|-heal|p2b: Garchomp|100/100 slp|[from] Grassy Terrain
|-heal|p1a: Dondozo|49/100|[from] Grassy Terrain
|-heal|p1a: Dondozo|55/100|[from] item: Leftovers
|upkeep
|turn|7
|
|t:|1757797326
|move|p2a: Annihilape|Final Gambit|p1a: Dondozo
|-damage|p1a: Dondozo|0 fnt
|faint|p2a: Annihilape
|faint|p1a: Dondozo
|move|p1b: Sneasler|Dire Claw|p2b: Garchomp
|-resisted|p2b: Garchomp
|-damage|p2b: Garchomp|79/100 slp
|-damage|p1b: Sneasler|88/100|[from] ability: Rough Skin|[of] p2b: Garchomp
|-curestatus|p2b: Garchomp|slp|[msg]
|move|p2b: Garchomp|Earthquake|p1b: Sneasler
|-damage|p1b: Sneasler|35/100
|-damage|p2b: Garchomp|69/100|[from] item: Life Orb
|
|-heal|p1b: Sneasler|41/100|[from] Grassy Terrain
|-heal|p2b: Garchomp|75/100|[from] Grassy Terrain
|-fieldend|move: Grassy Terrain
|upkeep
|turn|8
|
|t:|1757797341
|move|p1b: Sneasler|Close Combat|p2b: Garchomp
|-damage|p2b: Garchomp|15/100
|-unboost|p1b: Sneasler|def|1
|-unboost|p1b: Sneasler|spd|1
|-damage|p1b: Sneasler|29/100|[from] ability: Rough Skin|[of] p2b: Garchomp
|-status|p2b: Garchomp|psn|[from] ability: Poison Touch|[of] p1b: Sneasler
|move|p2b: Garchomp|Dragon Claw|p1b: Sneasler
|-damage|p1b: Sneasler|0 fnt
|faint|p1b: Sneasler
|-damage|p2b: Garchomp|5/100 psn|[from] item: Life Orb
|
|win|Unwelcome School
|raw|fili53's rating: 1177 → 1145(-32 for losing)
|raw|Unwelcome School's rating: 1075 → 1112(+37 for winning)
|c|☆Unwelcome School|gg
|l|☆fili53
|player|p1|
