|j|☆minhisdum
|j|☆PRLT1 Jurrasicz
|html|minhisdumPRLT1 Jurrasicz    
|uhtml|bestof|Game 1 of a best-of-3
|t:|1782304329
|gametype|doubles
|player|p1|minhisdum|266|1115
|player|p2|PRLT1 Jurrasicz|pokemaniac|1073
|gen|9
|tier|[Gen 9 Champions] VGC 2026 Reg M-B (Bo3)
|rated|
|rule|Species Clause: Limit one of each Pokémon
|rule|Item Clause: Limit 1 of each item
|clearpoke
|poke|p1|Sinistcha-Masterpiece, L50|
|poke|p1|Garchomp, L50, F|
|poke|p1|Kingambit, L50, M|
|poke|p1|Sneasler, L50, F|
|poke|p1|Delphox, L50, F|
|poke|p1|Eelektross, L50, M|
|poke|p2|Charizard, L50, F|
|poke|p2|Floette-Eternal, L50, F|
|poke|p2|Incineroar, L50, M, shiny|
|poke|p2|Garchomp, L50, M, shiny|
|poke|p2|Kingambit, L50, F|
|poke|p2|Sinistcha, L50|
|teampreview|4
|showteam|p1|Sinistcha-Masterpiece||Leftovers|Hospitality|TrickRoom,LifeDew,MatchaGotcha,ShadowBall|Relaxed|||||50|]Garchomp||LifeOrb|RoughSkin|Earthquake,StompingTantrum,DragonClaw,PoisonJab|Adamant||F|||50|]Kingambit||BlackGlasses|Defiant|IronHead,KowtowCleave,SuckerPunch,Protect|Adamant||M|||50|]Sneasler||FocusSash|Unburden|CloseCombat,DireClaw,Protect,FakeOut|Adamant||F|||50|]Delphox||Delphoxite|Blaze|HeatWave,Psyshock,CalmMind,Protect|Timid||F|||50|]Eelektross||Eelektrossite|Levitate|Discharge,GigaDrain,Flamethrower,Protect|Timid||M|||50|
|showteam|p2|Charizard||CharizarditeY|Blaze|HeatWave,WeatherBall,Protect,SolarBeam|Modest||F|||50|]Floette-Eternal||Floettite|FlowerVeil|Moonblast,DazzlingGleam,CalmMind,Protect|Modest||F|||50|]Incineroar||SitrusBerry|Intimidate|PartingShot,ThroatChop,FlareBlitz,FakeOut|Careful||M|||50|]Garchomp||LifeOrb|RoughSkin|StompingTantrum,DragonClaw,Protect,RockSlide|Jolly||M|||50|]Kingambit||BlackGlasses|Defiant|SuckerPunch,KowtowCleave,IronHead,Protect|Adamant||F|||50|]Sinistcha||KasibBerry|Hospitality|MatchaGotcha,LifeDew,Protect,RagePowder|Bold|||||50|
|inactive|Battle timer is ON: inactive players will automatically lose when time's up. (requested by PRLT1 Jurrasicz)
|inactive|PRLT1 Jurrasicz has 60 seconds left.
|
|t:|1782304388
|teamsize|p1|4
|teamsize|p2|4
|start
|switch|p1a: Sinistcha|Sinistcha-Masterpiece, L50|100/100
|switch|p1b: Sneasler|Sneasler, L50, F|100/100
|switch|p2a: Garchomp|Garchomp, L50, M, shiny|100/100
|switch|p2b: Kingambit|Kingambit, L50, F|100/100
|turn|1
|inactive|minhisdum has 30 seconds left.
|inactive|minhisdum has 20 seconds left.
|inactive|minhisdum has 15 seconds left.
|inactive|minhisdum has 10 seconds left.
|
|t:|1782304437
|switch|p2b: Sinistcha|Sinistcha, L50|100/100
|move|p2a: Garchomp|Protect|p2a: Garchomp
|-singleturn|p2a: Garchomp|Protect
|move|p1b: Sneasler|Close Combat|p2b: Sinistcha
|-immune|p2b: Sinistcha
|move|p1a: Sinistcha|Trick Room|p1a: Sinistcha
|-fieldstart|move: Trick Room|[of] p1a: Sinistcha
|
|upkeep
|turn|2
|inactive|PRLT1 Jurrasicz has 30 seconds left.
|
|t:|1782304466
|switch|p1b: Garchomp|Garchomp, L50, F|100/100
|move|p2b: Sinistcha|Rage Powder|p2b: Sinistcha
|-singleturn|p2b: Sinistcha|move: Rage Powder
|move|p1a: Sinistcha|Matcha Gotcha|p2b: Sinistcha|[spread] p2a,p2b
|-resisted|p2b: Sinistcha|1
|-damage|p2a: Garchomp|70/100
|-damage|p2b: Sinistcha|87/100
|move|p2a: Garchomp|Stomping Tantrum|p1b: Garchomp
|-damage|p1b: Garchomp|52/100
|-damage|p2a: Garchomp|58/100|[from] ability: Rough Skin|[of] p1b: Garchomp
|-damage|p2a: Garchomp|48/100|[from] item: Life Orb
|
|upkeep
|turn|3
|inactive|PRLT1 Jurrasicz has 30 seconds left.
|
|t:|1782304498
|move|p2a: Garchomp|Protect|p2a: Garchomp
|-singleturn|p2a: Garchomp|Protect
|move|p1a: Sinistcha|Life Dew||[still]|[spread] p1a,p1b
|-fail|p1a: Sinistcha|heal
|-heal|p1b: Garchomp|77/100
|move|p2b: Sinistcha|Matcha Gotcha|p1a: Sinistcha|[spread] p1a
|-miss|p2b: Sinistcha|p1b: Garchomp
|-resisted|p1a: Sinistcha|1
|-damage|p1a: Sinistcha|84/100
|-heal|p2b: Sinistcha|94/100|[from] drain|[of] p1a: Sinistcha
|-status|p1a: Sinistcha|brn
|move|p1b: Garchomp|Earthquake|p2b: Sinistcha|[spread] p1a,p2b
|-activate|p2a: Garchomp|move: Protect
|-resisted|p1a: Sinistcha|1
|-resisted|p2b: Sinistcha|1
|-damage|p1a: Sinistcha|65/100 brn
|-damage|p2b: Sinistcha|73/100
|-damage|p1b: Garchomp|68/100|[from] item: Life Orb
|
|-heal|p1a: Sinistcha|71/100 brn|[from] item: Leftovers
|-damage|p1a: Sinistcha|65/100 brn|[from] brn
|upkeep
|turn|4
|inactive|PRLT1 Jurrasicz has 30 seconds left.
|
|t:|1782304530
|switch|p2a: Charizard|Charizard, L50, F|100/100
|move|p1a: Sinistcha|Life Dew|p1a: Sinistcha|[spread] p1a,p1b
|-heal|p1a: Sinistcha|91/100 brn
|-heal|p1b: Garchomp|92/100
|move|p2b: Sinistcha|Matcha Gotcha|p1a: Sinistcha|[spread] p1a
|-miss|p2b: Sinistcha|p1b: Garchomp
|-resisted|p1a: Sinistcha|1
|-damage|p1a: Sinistcha|76/100 brn
|-heal|p2b: Sinistcha|80/100|[from] drain|[of] p1a: Sinistcha
|move|p1b: Garchomp|Earthquake|p2b: Sinistcha|[spread] p1a,p2b
|-immune|p2a: Charizard
|-resisted|p1a: Sinistcha|1
|-resisted|p2b: Sinistcha|1
|-damage|p1a: Sinistcha|57/100 brn
|-damage|p2b: Sinistcha|57/100
|-damage|p1b: Garchomp|83/100|[from] item: Life Orb
|
|-heal|p1a: Sinistcha|63/100 brn|[from] item: Leftovers
|-damage|p1a: Sinistcha|57/100 brn|[from] brn
|upkeep
|turn|5
|
|t:|1782304554
|detailschange|p2a: Charizard|Charizard-Mega-Y, L50, F
|-mega|p2a: Charizard|Charizard|Charizardite Y
|-weather|SunnyDay|[from] ability: Drought|[of] p2a: Charizard
|move|p1a: Sinistcha|Shadow Ball|p2b: Sinistcha
|-supereffective|p2b: Sinistcha|1
|-enditem|p2b: Sinistcha|Kasib Berry|[eat]
|-enditem|p2b: Sinistcha|Kasib Berry|[weaken]
|-damage|p2b: Sinistcha|24/100
|move|p2b: Sinistcha|Matcha Gotcha|p1b: Garchomp|[spread] p1b
|-miss|p2b: Sinistcha|p1a: Sinistcha
|-damage|p1b: Garchomp|55/100
|-heal|p2b: Sinistcha|38/100|[from] drain|[of] p1b: Garchomp
|move|p2a: Charizard|Heat Wave|p1a: Sinistcha|[spread] p1a
|-miss|p2a: Charizard|p1b: Garchomp
|-supereffective|p1a: Sinistcha|1
|-damage|p1a: Sinistcha|0 fnt
|faint|p1a: Sinistcha
|move|p1b: Garchomp|Dragon Claw|p2a: Charizard
|-damage|p2a: Charizard|39/100
|-damage|p1b: Garchomp|45/100|[from] item: Life Orb
|
|-weather|SunnyDay|[upkeep]
|-fieldend|move: Trick Room
|upkeep
|
|t:|1782304575
|switch|p1a: Delphox|Delphox, L50, F|100/100
|turn|6
|inactive|PRLT1 Jurrasicz has 30 seconds left.
|inactive|PRLT1 Jurrasicz has 20 seconds left.
|
|t:|1782304612
|detailschange|p1a: Delphox|Delphox-Mega, L50, F
|-mega|p1a: Delphox|Delphox|Delphoxite
|move|p2b: Sinistcha|Rage Powder|p2b: Sinistcha
|-singleturn|p2b: Sinistcha|move: Rage Powder
|move|p1a: Delphox|Psyshock|p2b: Sinistcha
|-damage|p2b: Sinistcha|4/100
|move|p1b: Garchomp|Earthquake|p2b: Sinistcha|[spread] p2b
|-immune|p1a: Delphox|[from] ability: Levitate
|-immune|p2a: Charizard
|-resisted|p2b: Sinistcha|1
|-damage|p2b: Sinistcha|0 fnt
|faint|p2b: Sinistcha
|-damage|p1b: Garchomp|36/100|[from] item: Life Orb
|move|p2a: Charizard|Heat Wave|p1a: Delphox|[spread] p1a,p1b
|-resisted|p1a: Delphox|1
|-crit|p1a: Delphox
|-resisted|p1b: Garchomp|1
|-crit|p1b: Garchomp
|-damage|p1a: Delphox|53/100
|-damage|p1b: Garchomp|0 fnt
|faint|p1b: Garchomp
|
|-weather|SunnyDay|[upkeep]
|upkeep
|
|t:|1782304634
|switch|p1b: Sneasler|Sneasler, L50, F|100/100
|switch|p2b: Kingambit|Kingambit, L50, F|100/100
|turn|7
|
|t:|1782304642
|move|p1a: Delphox|Protect|p1a: Delphox
|-singleturn|p1a: Delphox|Protect
|move|p2a: Charizard|Protect|p2a: Charizard
|-singleturn|p2a: Charizard|Protect
|move|p2b: Kingambit|Protect|p2b: Kingambit
|-singleturn|p2b: Kingambit|Protect
|move|p1b: Sneasler|Close Combat|p2b: Kingambit
|-activate|p2b: Kingambit|move: Protect
|
|-weather|SunnyDay|[upkeep]
|upkeep
|turn|8
|
|t:|1782304659
|move|p2b: Kingambit|Sucker Punch||[still]
|-fail|p2b: Kingambit
|move|p1a: Delphox|Calm Mind|p1a: Delphox
|-boost|p1a: Delphox|spa|1
|-boost|p1a: Delphox|spd|1
|move|p1b: Sneasler|Close Combat|p2b: Kingambit
|-supereffective|p2b: Kingambit|2
|-damage|p2b: Kingambit|0 fnt
|-unboost|p1b: Sneasler|def|1
|-unboost|p1b: Sneasler|spd|1
|faint|p2b: Kingambit
|move|p2a: Charizard|Heat Wave|p1a: Delphox|[spread] p1a,p1b
|-resisted|p1a: Delphox|1
|-damage|p1a: Delphox|32/100
|-enditem|p1b: Sneasler|Focus Sash
|-damage|p1b: Sneasler|1/100
|-status|p1b: Sneasler|brn
|
|-weather|SunnyDay|[upkeep]
|-damage|p1b: Sneasler|0 fnt|[from] brn
|faint|p1b: Sneasler
|upkeep
|
|t:|1782304675
|switch|p2b: Garchomp|Garchomp, L50, M, shiny|48/100
|turn|9
|
|t:|1782304691
|move|p1a: Delphox|Heat Wave|p2a: Charizard|[spread] p2a,p2b
|-resisted|p2a: Charizard|1
|-resisted|p2b: Garchomp|1
|-damage|p2a: Charizard|0 fnt
|-damage|p2b: Garchomp|0 fnt
|faint|p2a: Charizard
|faint|p2b: Garchomp
|
|win|minhisdum
||minhisdum is ready for game 2.
||PRLT1 Jurrasicz is ready for game 2.
|uhtml|next|Next: Game 2 of 3
|l|☆minhisdum
|player|p1|
|l|☆PRLT1 Jurrasicz
|player|p2|
|j|☆PRLT1 Jurrasicz
|player|p2|PRLT1 Jurrasicz|pokemaniac|
|l|☆PRLT1 Jurrasicz
|player|p2|
|j|☆PRLT1 Jurrasicz
|player|p2|PRLT1 Jurrasicz|pokemaniac|
|l|☆PRLT1 Jurrasicz
|player|p2|
|j|☆PRLT1 Jurrasicz
|player|p2|PRLT1 Jurrasicz|pokemaniac|
