|j|☆waveniki
|j|☆D_Bastial
|html|wavenikiD_Bastial    
|uhtml|bestof|Game 1 of a best-of-3
|t:|1757117315
|gametype|doubles
|player|p1|waveniki|clerk|1257
|player|p2|D_Bastial|clay|1175
|gen|9
|tier|[Gen 9] VGC 2025 Reg H (Bo3)
|rated|
|rule|Species Clause: Limit one of each Pokémon
|rule|Item Clause: Limit 1 of each item
|clearpoke
|poke|p1|Incineroar, L50, M|
|poke|p1|Amoonguss, L50, M|
|poke|p1|Ursaluna-Bloodmoon, L50, M|
|poke|p1|Dragonite, L50, M|
|poke|p1|Sneasler, L50, M|
|poke|p1|Gholdengo, L50|
|poke|p2|Kommo-o, L50, F|
|poke|p2|Sinistcha-Masterpiece, L50|
|poke|p2|Electabuzz, L50, F|
|poke|p2|Incineroar, L50, M|
|poke|p2|Whimsicott, L50, M|
|poke|p2|Annihilape, L50, F|
|teampreview|4
|showteam|p1|Incineroar||SafetyGoggles|Intimidate|FlareBlitz,KnockOff,FakeOut,PartingShot|||M|||50|,,,,,Ghost]Amoonguss||SitrusBerry|Regenerator|PollenPuff,Spore,RagePowder,Protect|||M|||50|,,,,,Psychic]Ursaluna-Bloodmoon||AssaultVest|MindsEye|HyperVoice,BloodMoon,EarthPower,VacuumWave|||M|||50|,,,,,Water]Dragonite||LoadedDice|Multiscale|ScaleShot,Tailwind,Haze,Protect|||M|||50|,,,,,Fairy]Sneasler||FocusSash|Unburden|CloseCombat,DireClaw,ThroatChop,Protect|||M|||50|,,,,,Stellar]Gholdengo||LifeOrb|GoodasGold|MakeItRain,ShadowBall,NastyPlot,Protect||||||50|,,,,,Water
|showteam|p2|Kommo-o||ThroatSpray|Soundproof|ClangorousSoul,Protect,Flamethrower,ClangingScales|||F|||50|,,,,,Fire]Sinistcha-Masterpiece||EjectButton|Hospitality|MatchaGotcha,TrickRoom,LifeDew,RagePowder||||||50|,,,,,Water]Electabuzz||Eviolite|VitalSpirit|Electroweb,FollowMe,HelpingHand,Taunt|||F|||50|,,,,,Fairy]Incineroar||AssaultVest|Intimidate|Uturn,FakeOut,FlareBlitz,KnockOff|||M|||50|,,,,,Ghost]Whimsicott||CovertCloak|Prankster|Tailwind,Encore,Moonblast,BeatUp|||M|||50|,,,,,Dark]Annihilape||ChoiceScarf|Defiant|FinalGambit,RageFist,Uturn,CloseCombat|||F|||50|,,,,,Steel
|inactive|Battle timer is ON: inactive players will automatically lose when time's up. (requested by waveniki)
|inactive|waveniki has 60 seconds left.
|inactive|D_Bastial has 60 seconds left.
|
|t:|1757117355
|teamsize|p1|4
|teamsize|p2|4
|start
|switch|p1a: Gholdengo|Gholdengo, L50|100/100
|switch|p1b: Amoonguss|Amoonguss, L50, M|100/100
|switch|p2a: Whimsicott|Whimsicott, L50, M|100/100
|switch|p2b: Annihilape|Annihilape, L50, F|100/100
|turn|1
|
|t:|1757117372
|-terastallize|p2b: Annihilape|Steel
|move|p2a: Whimsicott|Beat Up|p2b: Annihilape
|-damage|p2b: Annihilape|99/100
|-damage|p2b: Annihilape|96/100
|-damage|p2b: Annihilape|94/100
|-damage|p2b: Annihilape|92/100
|-hitcount|p2b: Annihilape|4
|move|p2b: Annihilape|Rage Fist|p1b: Amoonguss
|-damage|p1b: Amoonguss|0 fnt
|faint|p1b: Amoonguss
|move|p1a: Gholdengo|Shadow Ball|p2b: Annihilape
|-damage|p2b: Annihilape|40/100
|-unboost|p2b: Annihilape|spd|1
|-ability|p2b: Annihilape|Defiant|boost
|-boost|p2b: Annihilape|atk|2
|-damage|p1a: Gholdengo|91/100|[from] item: Life Orb
|
|upkeep
|
|t:|1757117379
|switch|p1b: Ursaluna|Ursaluna-Bloodmoon, L50, M|100/100
|turn|2
|inactive|D_Bastial has 30 seconds left.
|
|t:|1757117412
|switch|p2b: Sinistcha|Sinistcha-Masterpiece, L50|100/100
|move|p1a: Gholdengo|Protect|p1a: Gholdengo
|-singleturn|p1a: Gholdengo|Protect
|move|p2a: Whimsicott|Moonblast|p1b: Ursaluna
|-damage|p1b: Ursaluna|81/100
|move|p1b: Ursaluna|Earth Power|p2b: Sinistcha
|-resisted|p2b: Sinistcha
|-damage|p2b: Sinistcha|82/100
|-enditem|p2b: Sinistcha|Eject Button
|inactive|D_Bastial has 30 seconds left.
|
|t:|1757117446
|switch|p2b: Annihilape|Annihilape, L50, F, tera:Steel|40/100
|
|upkeep
|turn|3
|
|t:|1757117458
|move|p2a: Whimsicott|Moonblast|p1b: Ursaluna
|-damage|p1b: Ursaluna|65/100
|move|p2b: Annihilape|Close Combat|p1b: Ursaluna
|-supereffective|p1b: Ursaluna
|-damage|p1b: Ursaluna|0 fnt
|-unboost|p2b: Annihilape|def|1
|-unboost|p2b: Annihilape|spd|1
|faint|p1b: Ursaluna
|move|p1a: Gholdengo|Shadow Ball|p2b: Annihilape
|-damage|p2b: Annihilape|0 fnt
|faint|p2b: Annihilape
|-damage|p1a: Gholdengo|81/100|[from] item: Life Orb
|
|upkeep
|
|t:|1757117466
|switch|p2b: Kommo-o|Kommo-o, L50, F|100/100
|switch|p1b: Dragonite|Dragonite, L50, M|100/100
|turn|4
|inactive|D_Bastial has 30 seconds left.
|inactive|D_Bastial has 20 seconds left.
|
|t:|1757117502
|-terastallize|p1b: Dragonite|Fairy
|move|p2b: Kommo-o|Protect|p2b: Kommo-o
|-singleturn|p2b: Kommo-o|Protect
|move|p2a: Whimsicott|Moonblast|p1b: Dragonite
|-damage|p1b: Dragonite|86/100
|move|p1a: Gholdengo|Make It Rain|p2b: Kommo-o|[spread] p2a
|-activate|p2b: Kommo-o|move: Protect
|-supereffective|p2a: Whimsicott
|-damage|p2a: Whimsicott|0 fnt
|-unboost|p1a: Gholdengo|spa|1
|faint|p2a: Whimsicott
|-damage|p1a: Gholdengo|72/100|[from] item: Life Orb
|move|p1b: Dragonite|Tailwind|p1b: Dragonite
|-sidestart|p1: waveniki|move: Tailwind
|
|upkeep
|
|t:|1757117512
|switch|p2a: Sinistcha|Sinistcha-Masterpiece, L50|82/100
|turn|5
|inactive|D_Bastial has 30 seconds left.
|inactive|waveniki has 30 seconds left.
|inactive|D_Bastial has 20 seconds left.
|inactive|D_Bastial has 15 seconds left.
|
|t:|1757117561
|move|p1a: Gholdengo|Make It Rain|p2b: Kommo-o|[spread] p2a,p2b
|-damage|p2a: Sinistcha|50/100
|-damage|p2b: Kommo-o|57/100
|-unboost|p1a: Gholdengo|spa|1
|-damage|p1a: Gholdengo|62/100|[from] item: Life Orb
|move|p1b: Dragonite|Scale Shot|p2a: Sinistcha
|-damage|p2a: Sinistcha|36/100
|-damage|p2a: Sinistcha|21/100
|-damage|p2a: Sinistcha|7/100
|-damage|p2a: Sinistcha|0 fnt
|faint|p2a: Sinistcha
|-hitcount|p2: Sinistcha|4
|-unboost|p1b: Dragonite|def|1
|-boost|p1b: Dragonite|spe|1
|move|p2b: Kommo-o|Flamethrower|p1a: Gholdengo
|-supereffective|p1a: Gholdengo
|-damage|p1a: Gholdengo|0 fnt
|faint|p1a: Gholdengo
|
|upkeep
|turn|6
|
|t:|1757117579
|move|p2b: Kommo-o|Protect|p2b: Kommo-o
|-singleturn|p2b: Kommo-o|Protect
|move|p1b: Dragonite|Scale Shot|p2b: Kommo-o
|-activate|p2b: Kommo-o|move: Protect
|
|upkeep
|turn|7
|
|t:|1757117584
|move|p2b: Kommo-o|Protect||[still]
|-fail|p2b: Kommo-o
|move|p1b: Dragonite|Scale Shot|p2b: Kommo-o
|-supereffective|p2b: Kommo-o
|-damage|p2b: Kommo-o|27/100
|-supereffective|p2b: Kommo-o
|-damage|p2b: Kommo-o|0 fnt
|faint|p2b: Kommo-o
|-hitcount|p2: Kommo-o|2
|
|win|waveniki
||waveniki is ready for game 2.
|l|☆D_Bastial
|player|p2|
||D_Bastial is ready for game 2.
|uhtml|next|Next: Game 2 of 3
