|j|☆ZKShadows
|j|☆Yoshabie
|html|ZKShadowsYoshabie    
|uhtml|bestof|Game 1 of a best-of-3
|t:|1783472578
|gametype|doubles
|player|p1|ZKShadows|giovanni|
|player|p2|Yoshabie|winona|
|gen|9
|tier|[Gen 9 Champions] VGC 2026 Reg M-B (Bo3)
|rule|Species Clause: Limit one of each Pokémon
|rule|Item Clause: Limit 1 of each item
|clearpoke
|poke|p1|Scrafty, L50, M|
|poke|p1|Vileplume, L50, M|
|poke|p1|Staraptor, L50, M|
|poke|p1|Farigiraf, L50, F|
|poke|p1|Sylveon, L50, F|
|poke|p1|Torkoal, L50, M|
|poke|p2|Froslass, L50, F, shiny|
|poke|p2|Meowstic, L50, M|
|poke|p2|Milotic, L50, F, shiny|
|poke|p2|Gardevoir, L50, F, shiny|
|poke|p2|Goodra-Hisui, L50, F|
|poke|p2|Staraptor, L50, M, shiny|
|teampreview|4
|showteam|p1|Scrafty||Scraftinite|Intimidate|CloseCombat,KnockOff,IronHead,FakeOut|Brave||M|||50|]Vileplume||FocusSash|Chlorophyll|SludgeBomb,SleepPowder,AfterYou,LeafStorm|Timid||M|||50|]Staraptor||ChoiceScarf|Intimidate|BraveBird,CloseCombat,Uturn,FinalGambit|Jolly||M|||50|]Farigiraf||SitrusBerry|ArmorTail|Protect,TwinBeam,Thunderbolt,TrickRoom|Sassy||F|||50|]Sylveon||FairyFeather|Pixilate|HyperVoice,QuickAttack,HyperBeam,Detect|Quiet||F|||50|]Torkoal||Charcoal|Drought|Eruption,WeatherBall,HeatWave,Protect|Quiet||M|||50|
|showteam|p2|Froslass||Froslassite|SnowCloak|Blizzard,WeatherBall,ShadowBall,Protect|Serious||F|||50|]Meowstic||SitrusBerry|Prankster|RainDance,SunnyDay,Gravity,FakeOut|Bold||M|||50|]Milotic||Leftovers|Competitive|MuddyWater,Hypnosis,LifeDew,IceBeam|Bold||F|||50|]Gardevoir||Gardevoirite|Trace|FocusBlast,Protect,HyperVoice,Psyshock|Modest||F|||50|]Goodra-Hisui||LifeOrb|ShellArmor|SteelBeam,DracoMeteor,Protect,WeatherBall|Modest||F|||50|]Staraptor||FocusSash|Intimidate|FinalGambit,Tailwind,CloseCombat,BraveBird|Serious||M|||50|
|
|t:|1783472677
|teamsize|p1|4
|teamsize|p2|4
|start
|switch|p1a: Farigiraf|Farigiraf, L50, F|100/100
|switch|p1b: Scrafty|Scrafty, L50, M|100/100
|switch|p2a: Staraptor|Staraptor, L50, M, shiny|100/100
|switch|p2b: Gardevoir|Gardevoir, L50, F, shiny|100/100
|-ability|p2b: Gardevoir|Armor Tail|Trace|[from] ability: Trace|[of] p1a: Farigiraf
|-ability|p2a: Staraptor|Intimidate|boost
|-unboost|p1a: Farigiraf|atk|1
|-unboost|p1b: Scrafty|atk|1
|-ability|p1b: Scrafty|Intimidate|boost
|-unboost|p2a: Staraptor|atk|1
|-unboost|p2b: Gardevoir|atk|1
|turn|1
|j| MiXwX_
|j| EmperorGambit
|
|t:|1783472726
|switch|p1b: Sylveon|Sylveon, L50, F|100/100
|move|p2b: Gardevoir|Protect|p2b: Gardevoir
|-singleturn|p2b: Gardevoir|Protect
|move|p2a: Staraptor|Close Combat|p1b: Sylveon
|-resisted|p1b: Sylveon|1
|-damage|p1b: Sylveon|85/100
|-unboost|p2a: Staraptor|def|1
|-unboost|p2a: Staraptor|spd|1
|move|p1a: Farigiraf|Trick Room|p1a: Farigiraf
|-fieldstart|move: Trick Room|[of] p1a: Farigiraf
|
|upkeep
|turn|2
|
|t:|1783472748
|detailschange|p2b: Gardevoir|Gardevoir-Mega, L50, F, shiny
|-mega|p2b: Gardevoir|Gardevoir|Gardevoirite
|move|p1a: Farigiraf|Thunderbolt|p2a: Staraptor
|-supereffective|p2a: Staraptor|1
|-damage|p2a: Staraptor|10/100
|move|p1b: Sylveon|Hyper Voice|p2b: Gardevoir|[spread] p2a,p2b
|-damage|p2a: Staraptor|0 fnt
|-damage|p2b: Gardevoir|55/100
|faint|p2a: Staraptor
|move|p2b: Gardevoir|Hyper Voice|p1b: Sylveon|[spread] p1a,p1b
|-damage|p1a: Farigiraf|55/100
|-damage|p1b: Sylveon|38/100
|
|upkeep
|
|t:|1783472762
|switch|p2a: Snow Miku|Froslass, L50, F, shiny|100/100
|turn|3
|l| MiXwX_
|
|t:|1783472774
|move|p2a: Snow Miku|Protect|p2a: Snow Miku
|-singleturn|p2a: Snow Miku|Protect
|move|p1a: Farigiraf|Thunderbolt|p2b: Gardevoir
|-damage|p2b: Gardevoir|32/100
|move|p1b: Sylveon|Hyper Voice|p2a: Snow Miku|[spread] p2b
|-activate|p2a: Snow Miku|move: Protect
|-damage|p2b: Gardevoir|0 fnt
|faint|p2b: Gardevoir
|
|upkeep
|
|t:|1783472783
|switch|p2b: Mesmerizer|Meowstic, L50, M|100/100
|turn|4
|
|t:|1783472791
|move|p1a: Farigiraf|Protect|p1a: Farigiraf
|-singleturn|p1a: Farigiraf|Protect
|move|p1b: Sylveon|Detect|p1b: Sylveon
|-singleturn|p1b: Sylveon|Protect
|move|p2b: Mesmerizer|Gravity|p2b: Mesmerizer
|-fieldstart|move: Gravity
|move|p2a: Snow Miku|Blizzard|p1b: Sylveon|[spread] 
|-activate|p1a: Farigiraf|move: Protect
|-activate|p1b: Sylveon|move: Protect
|
|upkeep
|turn|5
|
|t:|1783472816
|move|p2a: Snow Miku|Protect|p2a: Snow Miku
|-singleturn|p2a: Snow Miku|Protect
|move|p2b: Mesmerizer|Rain Dance|p2b: Mesmerizer
|-weather|RainDance
|move|p1a: Farigiraf|Thunderbolt|p2a: Snow Miku
|-activate|p2a: Snow Miku|move: Protect
|move|p1b: Sylveon|Hyper Voice|p2b: Mesmerizer|[spread] p2b
|-activate|p2a: Snow Miku|move: Protect
|-damage|p2b: Mesmerizer|47/100
|-enditem|p2b: Mesmerizer|Sitrus Berry|[eat]
|-heal|p2b: Mesmerizer|72/100|[from] item: Sitrus Berry
|
|-weather|RainDance|[upkeep]
|-fieldend|move: Trick Room
|upkeep
|turn|6
|
|t:|1783472850
|move|p1b: Sylveon|Detect|p1b: Sylveon
|-singleturn|p1b: Sylveon|Protect
|move|p2b: Mesmerizer|Sunny Day|p2b: Mesmerizer
|-weather|SunnyDay
|move|p2a: Snow Miku|Blizzard|p1a: Farigiraf|[spread] p1a
|-activate|p1b: Sylveon|move: Protect
|-damage|p1a: Farigiraf|29/100
|-enditem|p1a: Farigiraf|Sitrus Berry|[eat]
|-heal|p1a: Farigiraf|54/100|[from] item: Sitrus Berry
|move|p1a: Farigiraf|Trick Room|p1a: Farigiraf
|-fieldstart|move: Trick Room|[of] p1a: Farigiraf
|
|-weather|SunnyDay|[upkeep]
|upkeep
|turn|7
|
|t:|1783472863
|move|p2b: Mesmerizer|Rain Dance|p2b: Mesmerizer
|-weather|RainDance
|move|p1a: Farigiraf|Thunderbolt|p2b: Mesmerizer
|-damage|p2b: Mesmerizer|47/100
|move|p1b: Sylveon|Hyper Voice|p2b: Mesmerizer|[spread] p2a,p2b
|-damage|p2a: Snow Miku|27/100
|-damage|p2b: Mesmerizer|0 fnt
|faint|p2b: Mesmerizer
|move|p2a: Snow Miku|Blizzard|p1b: Sylveon|[spread] p1a,p1b
|-damage|p1a: Farigiraf|30/100
|-damage|p1b: Sylveon|12/100
|-status|p1b: Sylveon|frz
|
|-weather|RainDance|[upkeep]
|upkeep
|turn|8
|
|t:|1783472880
|switch|p1b: Torkoal|Torkoal, L50, M|100/100
|-weather|SunnyDay|[from] ability: Drought|[of] p1b: Torkoal
|move|p1a: Farigiraf|Twin Beam|p2a: Snow Miku
|-damage|p2a: Snow Miku|3/100
|-damage|p2a: Snow Miku|0 fnt
|faint|p2a: Snow Miku
|-hitcount|p2: Snow Miku|2
|
|win|ZKShadows
||ZKShadows is ready for game 2.
