|j|☆SudoBits
|j|☆natsukivgc
|html|SudoBitsnatsukivgc    
|uhtml|bestof|Game 1 of a best-of-3
|t:|1785308394
|gametype|doubles
|player|p1|SudoBits|2|1028
|player|p2|natsukivgc|1|1144
|gen|9
|tier|[Gen 9 Champions] VGC 2026 Reg M-B (Bo3)
|rated|
|rule|Species Clause: Limit one of each Pokémon
|rule|Item Clause: Limit 1 of each item
|clearpoke
|poke|p1|Annihilape, L50, F|
|poke|p1|Archaludon, L50, F|
|poke|p1|Maushold, L50|
|poke|p1|Pelipper, L50, F|
|poke|p1|Incineroar, L50, M|
|poke|p1|Blaziken, L50, F|
|poke|p2|Garchomp, L50, F|
|poke|p2|Venusaur, L50, M|
|poke|p2|Incineroar, L50, M|
|poke|p2|Charizard, L50, M|
|poke|p2|Toxapex, L50, M|
|poke|p2|Annihilape, L50, F|
|teampreview|4
|showteam|p1|Annihilape||LifeOrb|Defiant|RageFist,DrainPunch,BulkUp,Protect|Adamant||F|||50|]Archaludon||Leftovers|Stamina|ElectroShot,DragonPulse,FlashCannon,Protect|Timid||F|||50|]Maushold||WideLens|FriendGuard|PopulationBomb,BeatUp,FollowMe,Protect|Jolly|||||50|]Pelipper||FocusSash|Drizzle|Hurricane,WeatherBall,Tailwind,Protect|Bold||F|||50|]Incineroar||SitrusBerry|Intimidate|FlareBlitz,DarkestLariat,PartingShot,FakeOut|Adamant||M|||50|]Blaziken||Blazikenite|Blaze|Agility,AuraSphere,BlazeKick,BraveBird|Lonely||F|||50|
|showteam|p2|Garchomp||ChoiceScarf|RoughSkin|Earthquake,DragonClaw,StompingTantrum,RockSlide|Adamant||F|||50|]Venusaur||LifeOrb|Chlorophyll|SolarBeam,SludgeBomb,EarthPower,Protect|Modest||M|||50|]Incineroar||SitrusBerry|Intimidate|FlareBlitz,ThroatChop,FakeOut,PartingShot|Impish||M|||50|]Charizard||CharizarditeY|Blaze|HeatWave,WeatherBall,HelpingHand,Protect|Modest||M|||50|]Toxapex||Leftovers|Regenerator|Infestation,Toxic,WideGuard,BanefulBunker|Bold||M|||50|]Annihilape||FocusSash|Defiant|CloseCombat,PhantomForce,StealthRock,Protect|Jolly||F|||50|
|inactive|Battle timer is ON: inactive players will automatically lose when time's up. (requested by SudoBits)
|inactive|natsukivgc has 60 seconds left.
|
|t:|1785308446
|teamsize|p1|4
|teamsize|p2|4
|start
|switch|p1a: Archaludon|Archaludon, L50, F|100/100
|switch|p1b: Maushold|Maushold, L50|100/100
|switch|p2a: Charizard|Charizard, L50, M|100/100
|switch|p2b: Annihilape|Annihilape, L50, F|100/100
|turn|1
|
|t:|1785308468
|detailschange|p2a: Charizard|Charizard-Mega-Y, L50, M
|-mega|p2a: Charizard|Charizard|Charizardite Y
|-weather|SunnyDay|[from] ability: Drought|[of] p2a: Charizard
|move|p1b: Maushold|Protect|p1b: Maushold
|-singleturn|p1b: Maushold|Protect
|move|p1a: Archaludon|Protect|p1a: Archaludon
|-singleturn|p1a: Archaludon|Protect
|move|p2b: Annihilape|Close Combat|p1a: Archaludon
|-activate|p1a: Archaludon|move: Protect
|move|p2a: Charizard|Heat Wave|p1a: Archaludon|[spread] 
|-activate|p1a: Archaludon|move: Protect
|-activate|p1b: Maushold|move: Protect
|
|-weather|SunnyDay|[upkeep]
|upkeep
|turn|2
|inactive|natsukivgc has 30 seconds left.
|
|t:|1785308493
|switch|p1a: Annihilape|Annihilape, L50, F|100/100
|move|p1b: Maushold|Beat Up|p1a: Annihilape
|-damage|p1a: Annihilape|96/100
|-damage|p1a: Annihilape|94/100
|-damage|p1a: Annihilape|92/100
|-damage|p1a: Annihilape|89/100
|-hitcount|p1a: Annihilape|4
|move|p2b: Annihilape|Close Combat|p1a: Annihilape
|-immune|p1a: Annihilape
|move|p2a: Charizard|Heat Wave|p1a: Annihilape|[spread] p1b
|-miss|p2a: Charizard|p1a: Annihilape
|-damage|p1b: Maushold|12/100
|
|-weather|SunnyDay|[upkeep]
|upkeep
|turn|3
|inactive|natsukivgc has 30 seconds left.
|inactive|SudoBits has 30 seconds left.
|inactive|SudoBits has 20 seconds left.
|inactive|SudoBits has 15 seconds left.
|inactive|natsukivgc has 20 seconds left.
|inactive|natsukivgc has 15 seconds left.
|
|t:|1785308546
|move|p1b: Maushold|Follow Me|p1b: Maushold
|-singleturn|p1b: Maushold|move: Follow Me
|move|p2b: Annihilape|Phantom Force||[still]
|-prepare|p2b: Annihilape|Phantom Force
|move|p2a: Charizard|Heat Wave|p1a: Annihilape|[spread] p1a,p1b
|-damage|p1a: Annihilape|51/100
|-damage|p1b: Maushold|0 fnt
|faint|p1b: Maushold
|move|p1a: Annihilape|Rage Fist|p2a: Charizard
|-damage|p2a: Charizard|0 fnt
|faint|p2a: Charizard
|-damage|p1a: Annihilape|41/100|[from] item: Life Orb
|
|-weather|SunnyDay|[upkeep]
|upkeep
|
|t:|1785308560
|switch|p1b: Pelipper|Pelipper, L50, F|100/100
|switch|p2a: Venusaur|Venusaur, L50, M|100/100
|-weather|RainDance|[from] ability: Drizzle|[of] p1b: Pelipper
|turn|4
|
|t:|1785308576
|switch|p1a: Archaludon|Archaludon, L50, F|100/100
|move|p2a: Venusaur|Protect|p2a: Venusaur
|-singleturn|p2a: Venusaur|Protect
|move|p2b: Annihilape|Phantom Force|p1a: Archaludon|[from] lockedmove
|-damage|p1a: Archaludon|59/100
|-ability|p1a: Archaludon|Stamina|boost
|-boost|p1a: Archaludon|def|1
|move|p1b: Pelipper|Tailwind|p1b: Pelipper
|-sidestart|p1: SudoBits|move: Tailwind
|
|-weather|RainDance|[upkeep]
|-heal|p1a: Archaludon|65/100|[from] item: Leftovers
|upkeep
|turn|5
|inactive|natsukivgc has 30 seconds left.
|
|t:|1785308604
|move|p1a: Archaludon|Electro Shot||[still]
|-prepare|p1a: Archaludon|Electro Shot
|-boost|p1a: Archaludon|spa|1
|-anim|p1a: Archaludon|Electro Shot|p2b: Annihilape
|-damage|p2b: Annihilape|27/100
|move|p1b: Pelipper|Hurricane|p2b: Annihilape
|-supereffective|p2b: Annihilape|1
|-damage|p2b: Annihilape|0 fnt
|faint|p2b: Annihilape
|move|p2a: Venusaur|Sludge Bomb|p1b: Pelipper
|-damage|p1b: Pelipper|14/100
|-damage|p2a: Venusaur|90/100|[from] item: Life Orb
|
|-weather|RainDance|[upkeep]
|-heal|p1a: Archaludon|71/100|[from] item: Leftovers
|upkeep
|
|t:|1785308618
|switch|p2b: Incineroar|Incineroar, L50, M|100/100
|-ability|p2b: Incineroar|Intimidate|boost
|-unboost|p1a: Archaludon|atk|1
|-unboost|p1b: Pelipper|atk|1
|turn|6
|
|t:|1785308632
|move|p1a: Archaludon|Protect|p1a: Archaludon
|-singleturn|p1a: Archaludon|Protect
|move|p1b: Pelipper|Protect|p1b: Pelipper
|-singleturn|p1b: Pelipper|Protect
|move|p2a: Venusaur|Earth Power|p1a: Archaludon
|-activate|p1a: Archaludon|move: Protect
|move|p2b: Incineroar|Throat Chop|p1b: Pelipper
|-activate|p1b: Pelipper|move: Protect
|
|-weather|RainDance|[upkeep]
|-heal|p1a: Archaludon|77/100|[from] item: Leftovers
|upkeep
|turn|7
|inactive|natsukivgc has 30 seconds left.
|
|t:|1785308657
|move|p1a: Archaludon|Electro Shot||[still]
|-prepare|p1a: Archaludon|Electro Shot
|-boost|p1a: Archaludon|spa|1
|-anim|p1a: Archaludon|Electro Shot|p2b: Incineroar
|-damage|p2b: Incineroar|26/100
|-enditem|p2b: Incineroar|Sitrus Berry|[eat]
|-heal|p2b: Incineroar|50/100g|[from] item: Sitrus Berry
|move|p1b: Pelipper|Weather Ball|p2b: Incineroar
|-supereffective|p2b: Incineroar|1
|-damage|p2b: Incineroar|0 fnt
|faint|p2b: Incineroar
|move|p2a: Venusaur|Earth Power|p1a: Archaludon
|-supereffective|p1a: Archaludon|1
|-crit|p1a: Archaludon
|-damage|p1a: Archaludon|0 fnt
|faint|p1a: Archaludon
|-damage|p2a: Venusaur|81/100|[from] item: Life Orb
|
|-weather|RainDance|[upkeep]
|-sideend|p1: SudoBits|move: Tailwind
|upkeep
|
|t:|1785308674
|switch|p1a: Annihilape|Annihilape, L50, F|41/100
|turn|8
|
|t:|1785308693
|move|p2a: Venusaur|Sludge Bomb|p1b: Pelipper
|-damage|p1b: Pelipper|0 fnt
|faint|p1b: Pelipper
|-damage|p2a: Venusaur|71/100|[from] item: Life Orb
|move|p1a: Annihilape|Rage Fist|p2a: Venusaur
|-damage|p2a: Venusaur|33/100
|-damage|p1a: Annihilape|32/100|[from] item: Life Orb
|
|-weather|none
|upkeep
|turn|9
|
|t:|1785308706
|move|p1a: Annihilape|Protect|p1a: Annihilape
|-singleturn|p1a: Annihilape|Protect
|move|p2a: Venusaur|Earth Power|p1a: Annihilape
|-activate|p1a: Annihilape|move: Protect
|
|upkeep
|turn|10
|
|t:|1785308723
|move|p2a: Venusaur|Earth Power|p1a: Annihilape
|-damage|p1a: Annihilape|0 fnt
|faint|p1a: Annihilape
|-damage|p2a: Venusaur|24/100|[from] item: Life Orb
|
|win|natsukivgc
