|j|☆RosieAndJim
|j|☆meance
|html|RosieAndJimmeance    
|uhtml|bestof|Game 1 of a best-of-3
|t:|1756667535
|gametype|doubles
|player|p1|RosieAndJim|169|1084
|player|p2|meance|169|1019
|gen|9
|tier|[Gen 9] VGC 2025 Reg H (Bo3)
|rated|
|rule|Species Clause: Limit one of each Pokémon
|rule|Item Clause: Limit 1 of each item
|clearpoke
|poke|p1|Archaludon, L50, F|
|poke|p1|Garchomp, L50, F|
|poke|p1|Incineroar, L50, F|
|poke|p1|Pelipper, L50, M|
|poke|p1|Talonflame, L50, M|
|poke|p1|Armarouge, L50, M|
|poke|p2|Ursaluna, L50, F|
|poke|p2|Hawlucha, L50, F|
|poke|p2|Rillaboom, L50, M|
|poke|p2|Dragonite, L50, F|
|poke|p2|Annihilape, L50, M|
|poke|p2|Incineroar, L50, F|
|teampreview|4
|showteam|p1|Archaludon||AssaultVest|Stamina|ElectroShot,DragonPulse,BodyPress,Snarl|||F|||50|,,,,,Grass]Garchomp||LifeOrb|RoughSkin|Earthquake,DragonClaw,StompingTantrum,Protect|||F|||50|,,,,,Ground]Incineroar||SafetyGoggles|Intimidate|FlareBlitz,KnockOff,PartingShot,FakeOut|||F|||50|,,,,,Ghost]Pelipper||FocusSash|Drizzle|WeatherBall,Hurricane,Tailwind,Protect|||M|||50|,,,,,Stellar]Talonflame||CovertCloak|GaleWings|BraveBird,Tailwind,Taunt,RainDance|||M|||50|,,,,,Flying]Armarouge||PsychicSeed|FlashFire|ExpandingForce,ArmorCannon,WideGuard,Protect|||M|||50|,,,,,Grass
|showteam|p2|Ursaluna||FlameOrb|Guts|Facade,HeadlongRush,Earthquake,Protect|||F|||50|,,,,,Fairy]Hawlucha||GrassySeed|Unburden|Acrobatics,Coaching,Protect,CloseCombat|||F|||50|,,,,,Ghost]Rillaboom||AssaultVest|GrassySurge|WoodHammer,GrassyGlide,FakeOut,Uturn|||M|||50|,,,,,Fire]Dragonite||LoadedDice|Multiscale|ExtremeSpeed,ScaleShot,Protect,Tailwind|||F|||50|,,,,,Normal]Annihilape||Leftovers|Defiant|DrainPunch,BulkUp,RageFist,Protect|||M|||50|,,,,,Water]Incineroar||SafetyGoggles|Intimidate|KnockOff,FlareBlitz,FakeOut,PartingShot|||F|||50|,,,,,Ghost
|inactive|Battle timer is ON: inactive players will automatically lose when time's up. (requested by meance)
|inactive|meance has 30 seconds left.
|inactive|meance has 20 seconds left.
|inactive|meance has 15 seconds left.
|
|t:|1756667627
|teamsize|p1|4
|teamsize|p2|4
|start
|switch|p1a: Talonflame|Talonflame, L50, M|100/100
|switch|p1b: Garchomp|Garchomp, L50, F|100/100
|switch|p2a: Rillaboom|Rillaboom, L50, M|100/100
|switch|p2b: Annihilape|Annihilape, L50, M|100/100
|-fieldstart|move: Grassy Terrain|[from] ability: Grassy Surge|[of] p2a: Rillaboom
|turn|1
|inactive|meance has 30 seconds left.
|
|t:|1756667653
|-terastallize|p2b: Annihilape|Water
|move|p1a: Talonflame|Taunt|p2b: Annihilape
|-start|p2b: Annihilape|move: Taunt
|move|p1b: Garchomp|Dragon Claw|p2a: Rillaboom
|-damage|p2a: Rillaboom|49/100
|-damage|p1b: Garchomp|91/100|[from] item: Life Orb
|cant|p2b: Annihilape|move: Taunt|Bulk Up
|move|p2a: Rillaboom|Wood Hammer|p1b: Garchomp
|-damage|p1b: Garchomp|6/100
|-damage|p2a: Rillaboom|37/100|[from] ability: Rough Skin|[of] p1b: Garchomp
|-damage|p2a: Rillaboom|12/100|[from] Recoil
|
|-heal|p1b: Garchomp|12/100|[from] Grassy Terrain
|-heal|p2a: Rillaboom|18/100|[from] Grassy Terrain
|upkeep
|turn|2
|inactive|RosieAndJim has 30 seconds left.
|inactive|meance has 30 seconds left.
|inactive|RosieAndJim has 20 seconds left.
|inactive|RosieAndJim has 15 seconds left.
|
|t:|1756667693
|switch|p2a: Ursaluna|Ursaluna, L50, F|100/100
|move|p1a: Talonflame|Brave Bird|p2a: Ursaluna
|-damage|p2a: Ursaluna|68/100
|-damage|p1a: Talonflame|86/100|[from] Recoil
|move|p1b: Garchomp|Dragon Claw|p2b: Annihilape
|-damage|p2b: Annihilape|47/100
|-damage|p1b: Garchomp|2/100|[from] item: Life Orb
|move|p2b: Annihilape|Drain Punch|p1b: Garchomp
|-damage|p1b: Garchomp|0 fnt
|-heal|p2b: Annihilape|48/100|[from] drain|[of] p1b: Garchomp
|-damage|p2b: Annihilape|36/100|[from] ability: Rough Skin|[of] p1b: Garchomp
|faint|p1b: Garchomp
|
|-heal|p2b: Annihilape|42/100|[from] Grassy Terrain
|-heal|p2b: Annihilape|48/100|[from] item: Leftovers
|-heal|p2a: Ursaluna|74/100|[from] Grassy Terrain
|-status|p2a: Ursaluna|brn|[from] item: Flame Orb
|upkeep
|
|t:|1756667715
|switch|p1b: Pelipper|Pelipper, L50, M|100/100
|-weather|RainDance|[from] ability: Drizzle|[of] p1b: Pelipper
|turn|3
|
|t:|1756667728
|switch|p2a: Rillaboom|Rillaboom, L50, M|18/100
|move|p1a: Talonflame|Tailwind|p1a: Talonflame
|-sidestart|p1: RosieAndJim|move: Tailwind
|move|p1b: Pelipper|Weather Ball|p2a: Rillaboom
|-resisted|p2a: Rillaboom
|-damage|p2a: Rillaboom|0 fnt
|faint|p2a: Rillaboom
|move|p2b: Annihilape|Rage Fist|p1b: Pelipper
|-damage|p1b: Pelipper|50/100
|
|-weather|RainDance|[upkeep]
|-heal|p2b: Annihilape|54/100|[from] Grassy Terrain
|-heal|p2b: Annihilape|60/100|[from] item: Leftovers
|-end|p2b: Annihilape|move: Taunt
|upkeep
|
|t:|1756667742
|switch|p2a: Hawlucha|Hawlucha, L50, F|100/100
|-enditem|p2a: Hawlucha|Grassy Seed
|-boost|p2a: Hawlucha|def|1|[from] item: Grassy Seed
|turn|4
|
|t:|1756667764
|-terastallize|p1b: Pelipper|Stellar
|move|p1a: Talonflame|Brave Bird|p2a: Hawlucha
|-supereffective|p2a: Hawlucha
|-damage|p2a: Hawlucha|26/100
|-damage|p1a: Talonflame|60/100|[from] Recoil
|move|p2a: Hawlucha|Acrobatics|p1b: Pelipper
|-damage|p1b: Pelipper|0 fnt
|faint|p1b: Pelipper
|move|p2b: Annihilape|Rage Fist|p1a: Talonflame
|-damage|p1a: Talonflame|2/100
|
|-weather|RainDance|[upkeep]
|-heal|p2b: Annihilape|66/100|[from] Grassy Terrain
|-heal|p2b: Annihilape|72/100|[from] item: Leftovers
|upkeep
|
|t:|1756667779
|switch|p1b: Incineroar|Incineroar, L50, F|100/100
|-ability|p1b: Incineroar|Intimidate|boost
|-unboost|p2a: Hawlucha|atk|1
|-unboost|p2b: Annihilape|atk|1
|-ability|p2b: Annihilape|Defiant|boost
|-boost|p2b: Annihilape|atk|2
|turn|5
|
|t:|1756667803
|move|p2a: Hawlucha|Protect|p2a: Hawlucha
|-singleturn|p2a: Hawlucha|Protect
|move|p2b: Annihilape|Protect|p2b: Annihilape
|-singleturn|p2b: Annihilape|Protect
|move|p1a: Talonflame|Brave Bird|p2a: Hawlucha
|-activate|p2a: Hawlucha|move: Protect
|move|p1b: Incineroar|Knock Off|p2b: Annihilape
|-activate|p2b: Annihilape|move: Protect
|
|-weather|RainDance|[upkeep]
|-heal|p2b: Annihilape|78/100|[from] Grassy Terrain
|-heal|p2b: Annihilape|84/100|[from] item: Leftovers
|-fieldend|move: Grassy Terrain
|upkeep
|turn|6
|
|t:|1756667821
|move|p1a: Talonflame|Brave Bird|p2b: Annihilape
|-damage|p2b: Annihilape|35/100
|-damage|p1a: Talonflame|0 fnt|[from] Recoil
|faint|p1a: Talonflame
|move|p2a: Hawlucha|Coaching|p2b: Annihilape
|-boost|p2b: Annihilape|atk|1
|-boost|p2b: Annihilape|def|1
|move|p1b: Incineroar|Knock Off|p2b: Annihilape
|-damage|p2b: Annihilape|5/100
|-enditem|p2b: Annihilape|Leftovers|[from] move: Knock Off|[of] p1b: Incineroar
|move|p2b: Annihilape|Bulk Up|p2b: Annihilape
|-boost|p2b: Annihilape|atk|1
|-boost|p2b: Annihilape|def|1
|
|-weather|RainDance|[upkeep]
|-sideend|p1: RosieAndJim|move: Tailwind
|upkeep
|turn|7
|
|t:|1756667840
|move|p2a: Hawlucha|Close Combat|p1b: Incineroar
|-supereffective|p1b: Incineroar
|-damage|p1b: Incineroar|36/100
|-unboost|p2a: Hawlucha|def|1
|-unboost|p2a: Hawlucha|spd|1
|move|p2b: Annihilape|Drain Punch|p1b: Incineroar
|-supereffective|p1b: Incineroar
|-damage|p1b: Incineroar|0 fnt
|-heal|p2b: Annihilape|23/100|[from] drain|[of] p1b: Incineroar
|faint|p1b: Incineroar
|
|win|meance
