|j|☆Miro Kart DS
|j|☆K4ren
|html|Miro Kart DSK4ren    
|uhtml|bestof|Game 1 of a best-of-3
|t:|1757632225
|gametype|doubles
|player|p1|Miro Kart DS|swimmerf-gen4dp|1337
|player|p2|K4ren|karen|1228
|gen|9
|tier|[Gen 9] VGC 2025 Reg H (Bo3)
|rated|
|rule|Species Clause: Limit one of each Pokémon
|rule|Item Clause: Limit 1 of each item
|clearpoke
|poke|p1|Grimmsnarl, L50, M|
|poke|p1|Incineroar, L50, M|
|poke|p1|Amoonguss, L50, F|
|poke|p1|Ursaluna-Bloodmoon, L50, M|
|poke|p1|Kingambit, L50, M|
|poke|p1|Gholdengo, L50|
|poke|p2|Sandslash-Alola, L50, M|
|poke|p2|Ninetales-Alola, L50, M|
|poke|p2|Annihilape, L50, F|
|poke|p2|Pelipper, L50, F|
|poke|p2|Sinistcha, L50|
|poke|p2|Overqwil, L50, M|
|teampreview|4
|showteam|p1|Grimmsnarl||LightClay|Prankster|SpiritBreak,Reflect,LightScreen,ThunderWave|||M|||50|,,,,,Steel]Incineroar||SafetyGoggles|Intimidate|FakeOut,FlareBlitz,KnockOff,PartingShot|||M|||50|,,,,,Fairy]Amoonguss||RockyHelmet|Regenerator|PollenPuff,RagePowder,Spore,Protect|||F|||50|,,,,,Dark]Ursaluna-Bloodmoon||LifeOrb|MindsEye|HyperVoice,BloodMoon,EarthPower,Protect|||M|||50|,,,,,Normal]Kingambit||BlackGlasses|Defiant|KowtowCleave,SuckerPunch,SwordsDance,Protect|||M|||50|,,,,,Dark]Gholdengo||Leftovers|GoodasGold|MakeItRain,ShadowBall,NastyPlot,Protect||||||50|,,,,,Dragon
|showteam|p2|Sandslash-Alola||LoadedDice|SlushRush|IcicleSpear,IceShard,DrillRun,Protect|||M|||50|,,,,,Fire]Ninetales-Alola||FocusSash|SnowWarning|Blizzard,FreezeDry,Encore,Protect|||M|||50|,,,,,Ghost]Annihilape||ChoiceScarf|Defiant|FinalGambit,CloseCombat,RageFist,Coaching|||F|||50|,,,,,Grass]Pelipper||LifeOrb|Drizzle|WeatherBall,Hurricane,Tailwind,WideGuard|||F|||50|,,,,,Steel]Sinistcha||SitrusBerry|Hospitality|MatchaGotcha,TrickRoom,LifeDew,RagePowder||||||50|,,,,,Water]Overqwil||BlackGlasses|SwiftSwim|Crunch,Liquidation,Taunt,Protect|||M|||50|,,,,,Water
|inactive|Battle timer is ON: inactive players will automatically lose when time's up. (requested by Miro Kart DS)
|inactive|Miro Kart DS has 60 seconds left.
|inactive|K4ren has 60 seconds left.
|inactive|K4ren has 30 seconds left.
|
|t:|1757632295
|teamsize|p1|4
|teamsize|p2|4
|start
|switch|p1a: Grimmsnarl|Grimmsnarl, L50, M|100/100
|switch|p1b: Gholdengo|Gholdengo, L50|100/100
|switch|p2a: Overqwil|Overqwil, L50, M|100/100
|switch|p2b: Annihilape|Annihilape, L50, F|100/100
|turn|1
|
|t:|1757632320
|move|p1b: Gholdengo|Protect|p1b: Gholdengo
|-singleturn|p1b: Gholdengo|Protect
|move|p1a: Grimmsnarl|Reflect|p1a: Grimmsnarl
|-sidestart|p1: Miro Kart DS|Reflect
|move|p2b: Annihilape|Coaching|p2a: Overqwil
|-boost|p2a: Overqwil|atk|1
|-boost|p2a: Overqwil|def|1
|move|p2a: Overqwil|Crunch|p1b: Gholdengo
|-activate|p1b: Gholdengo|move: Protect
|
|upkeep
|turn|2
|inactive|K4ren has 30 seconds left.
|inactive|K4ren has 20 seconds left.
|
|t:|1757632358
|switch|p2b: Sinistcha|Sinistcha, L50|100/100
|switch|p1b: Incineroar|Incineroar, L50, M|100/100
|-ability|p1b: Incineroar|Intimidate|boost
|-unboost|p2a: Overqwil|atk|1
|-unboost|p2b: Sinistcha|atk|1
|move|p1a: Grimmsnarl|Thunder Wave|p2b: Sinistcha
|-status|p2b: Sinistcha|par
|move|p2a: Overqwil|Crunch|p1b: Incineroar
|-resisted|p1b: Incineroar
|-damage|p1b: Incineroar|84/100
|
|upkeep
|turn|3
|inactive|K4ren has 30 seconds left.
|inactive|K4ren has 20 seconds left.
|inactive|K4ren has 15 seconds left.
|
|t:|1757632402
|switch|p1a: Amoonguss|Amoonguss, L50, F|100/100
|move|p2a: Overqwil|Taunt|p1a: Amoonguss
|-start|p1a: Amoonguss|move: Taunt
|move|p1b: Incineroar|Knock Off|p2a: Overqwil
|-resisted|p2a: Overqwil
|-damage|p2a: Overqwil|83/100
|-enditem|p2a: Overqwil|Black Glasses|[from] move: Knock Off|[of] p1b: Incineroar
|cant|p2b: Sinistcha|par
|
|upkeep
|turn|4
|
|t:|1757632425
|switch|p1b: Gholdengo|Gholdengo, L50|100/100
|switch|p2b: Pelipper|Pelipper, L50, F|100/100
|-weather|RainDance|[from] ability: Drizzle|[of] p2b: Pelipper
|move|p2a: Overqwil|Liquidation|p1b: Gholdengo
|-damage|p1b: Gholdengo|70/100
|move|p1a: Amoonguss|Pollen Puff|p1b: Gholdengo
|-heal|p1b: Gholdengo|100/100
|
|-weather|RainDance|[upkeep]
|upkeep
|turn|5
|inactive|K4ren has 30 seconds left.
|
|t:|1757632459
|switch|p1a: Grimmsnarl|Grimmsnarl, L50, M|100/100
|move|p1b: Gholdengo|Protect|p1b: Gholdengo
|-singleturn|p1b: Gholdengo|Protect
|move|p2a: Overqwil|Liquidation|p1a: Grimmsnarl
|-damage|p1a: Grimmsnarl|67/100
|move|p2b: Pelipper|Hurricane|p1a: Grimmsnarl
|-damage|p1a: Grimmsnarl|19/100
|-damage|p2b: Pelipper|91/100|[from] item: Life Orb
|
|-weather|RainDance|[upkeep]
|upkeep
|turn|6
|inactive|K4ren has 30 seconds left.
|
|t:|1757632490
|switch|p2b: Sinistcha|Sinistcha, L50|100/100 par
|-heal|p2a: Overqwil|100/100|[from] ability: Hospitality|[of] p2b: Sinistcha
|-terastallize|p1b: Gholdengo|Dragon
|move|p1a: Grimmsnarl|Light Screen|p1a: Grimmsnarl
|-sidestart|p1: Miro Kart DS|move: Light Screen
|move|p2a: Overqwil|Crunch|p1b: Gholdengo
|-damage|p1b: Gholdengo|72/100
|move|p1b: Gholdengo|Nasty Plot|p1b: Gholdengo
|-boost|p1b: Gholdengo|spa|2
|
|-weather|RainDance|[upkeep]
|-heal|p1b: Gholdengo|78/100|[from] item: Leftovers
|upkeep
|turn|7
|inactive|K4ren has 30 seconds left.
|inactive|K4ren has 20 seconds left.
|
|t:|1757632525
|switch|p1a: Incineroar|Incineroar, L50, M|84/100
|-ability|p1a: Incineroar|Intimidate|boost
|-unboost|p2a: Overqwil|atk|1
|-unboost|p2b: Sinistcha|atk|1
|-terastallize|p2a: Overqwil|Water
|move|p2a: Overqwil|Liquidation|p1a: Incineroar
|-supereffective|p1a: Incineroar
|-damage|p1a: Incineroar|34/100
|move|p1b: Gholdengo|Make It Rain|p2b: Sinistcha|[spread] p2a,p2b
|-resisted|p2a: Overqwil
|-damage|p2a: Overqwil|30/100
|-damage|p2b: Sinistcha|6/100 par
|-unboost|p1b: Gholdengo|spa|1
|-enditem|p2b: Sinistcha|Sitrus Berry|[eat]
|-heal|p2b: Sinistcha|30/100 par|[from] item: Sitrus Berry
|move|p2b: Sinistcha|Life Dew|p2b: Sinistcha|[spread] p2a,p2b
|-heal|p2a: Overqwil|55/100
|-heal|p2b: Sinistcha|56/100 par
|
|-weather|RainDance|[upkeep]
|-heal|p1b: Gholdengo|84/100|[from] item: Leftovers
|upkeep
|turn|8
|inactive|K4ren has 30 seconds left.
|inactive|K4ren has 20 seconds left.
|inactive|K4ren has 15 seconds left.
|inactive|K4ren has 10 seconds left.
|
|t:|1757632574
|move|p2a: Overqwil|Protect|p2a: Overqwil
|-singleturn|p2a: Overqwil|Protect
|move|p1a: Incineroar|Fake Out|p2a: Overqwil
|-activate|p2a: Overqwil|move: Protect
|move|p1b: Gholdengo|Nasty Plot|p1b: Gholdengo
|-boost|p1b: Gholdengo|spa|2
|move|p2b: Sinistcha|Matcha Gotcha|p1b: Gholdengo|[spread] p1a,p1b
|-resisted|p1a: Incineroar
|-resisted|p1b: Gholdengo
|-damage|p1a: Incineroar|26/100
|-heal|p2b: Sinistcha|60/100 par|[from] drain|[of] p1a: Incineroar
|-damage|p1b: Gholdengo|75/100
|-heal|p2b: Sinistcha|65/100 par|[from] drain|[of] p1b: Gholdengo
|
|-weather|none
|-heal|p1b: Gholdengo|82/100|[from] item: Leftovers
|-sideend|p1: Miro Kart DS|Reflect
|upkeep
|turn|9
|inactive|K4ren has 30 seconds left.
|inactive|K4ren has 20 seconds left.
|inactive|K4ren has 15 seconds left.
|inactive|K4ren has 10 seconds left.
|inactive|K4ren has 5 seconds left.
|
|t:|1757632625
|switch|p1a: Amoonguss|Amoonguss, L50, F|100/100
|switch|p2b: Pelipper|Pelipper, L50, F|91/100
|-weather|RainDance|[from] ability: Drizzle|[of] p2b: Pelipper
|move|p2a: Overqwil|Liquidation|p1a: Amoonguss
|-resisted|p1a: Amoonguss
|-damage|p1a: Amoonguss|79/100
|-damage|p2a: Overqwil|38/100|[from] item: Rocky Helmet|[of] p1a: Amoonguss
|move|p1b: Gholdengo|Make It Rain|p2b: Pelipper|[spread] p2a,p2b
|-resisted|p2a: Overqwil
|-resisted|p2b: Pelipper
|-damage|p2a: Overqwil|0 fnt
|-damage|p2b: Pelipper|4/100
|-unboost|p1b: Gholdengo|spa|1
|faint|p2a: Overqwil
|
|-weather|RainDance|[upkeep]
|-heal|p1b: Gholdengo|88/100|[from] item: Leftovers
|upkeep
|
|t:|1757632645
|switch|p2a: Annihilape|Annihilape, L50, F|100/100
|turn|10
|
|t:|1757632665
|switch|p2a: Sinistcha|Sinistcha, L50|65/100 par
|-heal|p2b: Pelipper|29/100|[from] ability: Hospitality|[of] p2a: Sinistcha
|move|p1a: Amoonguss|Rage Powder|p1a: Amoonguss
|-singleturn|p1a: Amoonguss|move: Rage Powder
|move|p1b: Gholdengo|Shadow Ball|p2b: Pelipper
|-damage|p2b: Pelipper|0 fnt
|faint|p2b: Pelipper
|
|-weather|RainDance|[upkeep]
|-heal|p1b: Gholdengo|94/100|[from] item: Leftovers
|upkeep
|-message|K4ren forfeited.
|
|win|Miro Kart DS
|l|☆K4ren
|player|p2|
||K4ren is ready for game 2.
||Miro Kart DS is ready for game 2.
|uhtml|next|Next: Game 2 of 3
