|j|☆washingtongargacha
|j|☆GucciSoup
|html|washingtongargachaGucciSoup    
|uhtml|bestof|Game 2 of a best-of-3
|t:|1757198886
|gametype|doubles
|player|p1|washingtongargacha|169|1108
|player|p2|GucciSoup|wallace|1103
|gen|9
|tier|[Gen 9] VGC 2025 Reg H (Bo3)
|rated|
|rule|Species Clause: Limit one of each Pokémon
|rule|Item Clause: Limit 1 of each item
|clearpoke
|poke|p1|Farigiraf, L50, M|
|poke|p1|Incineroar, L50, M|
|poke|p1|Rillaboom, L50, F|
|poke|p1|Gholdengo, L50|
|poke|p1|Kingambit, L50, F|
|poke|p1|Palafin, L50, F|
|poke|p2|Indeedee, L50, M|
|poke|p2|Sneasel-Hisui, L50, M|
|poke|p2|Drifblim, L50, M|
|poke|p2|Ursaluna, L50, M|
|poke|p2|Annihilape, L50, F|
|teampreview|4
|showteam|p1|Farigiraf||ThroatSpray|ArmorTail|HyperVoice,Psychic,TrickRoom,Protect|||M|||50|,,,,,Fairy]Incineroar||SafetyGoggles|Intimidate|FlareBlitz,FakeOut,KnockOff,PartingShot|||M|||50|,,,,,Ghost]Rillaboom||AssaultVest|GrassySurge|FakeOut,GrassyGlide,Uturn,WoodHammer|||F|||50|,,,,,Fire]Gholdengo||SitrusBerry|GoodasGold|MakeItRain,NastyPlot,ShadowBall,Protect||||||50|,,,,,Water]Kingambit||BlackGlasses|Defiant|SwordsDance,Protect,SuckerPunch,KowtowCleave|||F|||50|,,,,,Dark]Palafin||MysticWater|ZerotoHero|Protect,WaveCrash,FlipTurn,AquaJet|||F|||50|,,,,,Water
|showteam|p2|Indeedee||SafetyGoggles|PsychicSurge|ExpandingForce,TeraBlast,TrickRoom,Protect|||M|||50|,,,,,Psychic]Sneasel-Hisui||FocusSash|InnerFocus|CloseCombat,FakeOut,Coaching,Taunt|||M|||50|,,,,,Flying]Drifblim||PsychicSeed|Unburden|ShadowBall,HelpingHand,Haze,Tailwind|||M|||50|,,,,,Grass]Ursaluna||FlameOrb|Guts|Facade,HeadlongRush,Earthquake,Protect|||M|||50|,,,,,Ghost]Annihilape||AssaultVest|Defiant|DrainPunch,RageFist,FinalGambit,PoisonJab|||F|||50|,,,,,Fire
|
|t:|1757198940
|teamsize|p1|4
|teamsize|p2|4
|start
|switch|p1a: Gholdengo|Gholdengo, L50|100/100
|switch|p1b: Farigiraf|Farigiraf, L50, M|100/100
|switch|p2a: Sneasel|Sneasel-Hisui, L50, M|100/100
|switch|p2b: Ursaluna|Ursaluna, L50, M|100/100
|turn|1
|
|t:|1757198963
|switch|p1b: Incineroar|Incineroar, L50, M|100/100
|-ability|p1b: Incineroar|Intimidate|boost
|-fail|p2a: Sneasel|unboost|Attack|[from] ability: Inner Focus|[of] p2a: Sneasel
|-unboost|p2b: Ursaluna|atk|1
|-terastallize|p2a: Sneasel|Flying
|move|p2a: Sneasel|Coaching|p2b: Ursaluna
|-boost|p2b: Ursaluna|atk|1
|-boost|p2b: Ursaluna|def|1
|move|p1a: Gholdengo|Nasty Plot|p1a: Gholdengo
|-boost|p1a: Gholdengo|spa|2
|move|p2b: Ursaluna|Earthquake|p1b: Incineroar|[spread] p1a,p1b
|-immune|p2a: Sneasel
|-supereffective|p1a: Gholdengo
|-supereffective|p1b: Incineroar
|-damage|p1a: Gholdengo|6/100
|-damage|p1b: Incineroar|19/100
|-enditem|p1a: Gholdengo|Sitrus Berry|[eat]
|-heal|p1a: Gholdengo|31/100|[from] item: Sitrus Berry
|
|-status|p2b: Ursaluna|brn|[from] item: Flame Orb
|upkeep
|turn|2
|
|t:|1757198990
|move|p1b: Incineroar|Fake Out|p2a: Sneasel
|-damage|p2a: Sneasel|72/100
|move|p2a: Sneasel|Close Combat|p1b: Incineroar
|-supereffective|p1b: Incineroar
|-damage|p1b: Incineroar|0 fnt
|-unboost|p2a: Sneasel|def|1
|-unboost|p2a: Sneasel|spd|1
|faint|p1b: Incineroar
|move|p1a: Gholdengo|Make It Rain|p2a: Sneasel|[spread] p2a,p2b
|-damage|p2a: Sneasel|0 fnt
|-damage|p2b: Ursaluna|43/100 brn
|-unboost|p1a: Gholdengo|spa|1
|faint|p2a: Sneasel
|move|p2b: Ursaluna|Earthquake|p1a: Gholdengo
|-supereffective|p1a: Gholdengo
|-damage|p1a: Gholdengo|0 fnt
|faint|p1a: Gholdengo
|
|-damage|p2b: Ursaluna|37/100 brn|[from] brn
|upkeep
|
|t:|1757199009
|switch|p2a: Annihilape|Annihilape, L50, F|100/100
|switch|p1a: Rillaboom|Rillaboom, L50, F|100/100
|switch|p1b: Farigiraf|Farigiraf, L50, M|100/100
|-fieldstart|move: Grassy Terrain|[from] ability: Grassy Surge|[of] p1a: Rillaboom
|turn|3
|
|t:|1757199033
|switch|p2b: Indeedee|Indeedee, L50, M|100/100
|-fieldstart|move: Psychic Terrain|[from] ability: Psychic Surge|[of] p2b: Indeedee
|move|p1a: Rillaboom|Wood Hammer|p2a: Annihilape
|-damage|p2a: Annihilape|54/100
|-damage|p1a: Rillaboom|82/100|[from] Recoil
|move|p2a: Annihilape|Final Gambit|p1a: Rillaboom
|-damage|p1a: Rillaboom|15/100
|faint|p2a: Annihilape
|move|p1b: Farigiraf|Psychic|p2b: Indeedee
|-resisted|p2b: Indeedee
|-damage|p2b: Indeedee|70/100
|
|upkeep
|
|t:|1757199039
|switch|p2a: Ursaluna|Ursaluna, L50, M|37/100 brn
|turn|4
|
|t:|1757199062
|move|p2a: Ursaluna|Protect|p2a: Ursaluna
|-singleturn|p2a: Ursaluna|Protect
|move|p2b: Indeedee|Expanding Force|p1a: Rillaboom|[spread] p1a,p1b
|-resisted|p1b: Farigiraf
|-damage|p1a: Rillaboom|0 fnt
|-damage|p1b: Farigiraf|83/100
|faint|p1a: Rillaboom
|move|p1b: Farigiraf|Psychic|p2a: Ursaluna
|-activate|p2a: Ursaluna|move: Protect
|
|-damage|p2a: Ursaluna|31/100 brn|[from] brn
|upkeep
|turn|5
|
|t:|1757199083
|move|p2b: Indeedee|Expanding Force|p1b: Farigiraf
|-resisted|p1b: Farigiraf
|-crit|p1b: Farigiraf
|-damage|p1b: Farigiraf|47/100
|move|p1b: Farigiraf|Psychic|p2a: Ursaluna
|-damage|p2a: Ursaluna|0 fnt
|faint|p2a: Ursaluna
|
|upkeep
|turn|6
|
|t:|1757199092
|move|p2b: Indeedee|Expanding Force|p1b: Farigiraf
|-resisted|p1b: Farigiraf
|-damage|p1b: Farigiraf|23/100
|move|p1b: Farigiraf|Hyper Voice|p2b: Indeedee
|-damage|p2b: Indeedee|20/100
|-enditem|p1b: Farigiraf|Throat Spray
|-boost|p1b: Farigiraf|spa|1|[from] item: Throat Spray
|
|upkeep
|turn|7
|
|t:|1757199125
|move|p2b: Indeedee|Expanding Force|p1b: Farigiraf
|-resisted|p1b: Farigiraf
|-damage|p1b: Farigiraf|0 fnt
|faint|p1b: Farigiraf
|
|win|GucciSoup
|raw|washingtongargacha's rating: 1108 → 1083(-25 for losing)
|raw|GucciSoup's rating: 1103 → 1128(+25 for winning)
