|j|☆salvulcano24
|j|☆Goku Ciencia
|html|salvulcano24Goku Ciencia    
|uhtml|bestof|Game 2 of a best-of-3
|t:|1784663514
|gametype|doubles
|player|p1|salvulcano24|pokemonbreederf|1146
|player|p2|Goku Ciencia|1|1160
|gen|9
|tier|[Gen 9 Champions] VGC 2026 Reg M-B (Bo3)
|rated|
|rule|Species Clause: Limit one of each Pokémon
|rule|Item Clause: Limit 1 of each item
|clearpoke
|poke|p1|Farigiraf, L50, M|
|poke|p1|Gardevoir, L50, M|
|poke|p1|Venusaur, L50, F|
|poke|p1|Aerodactyl, L50, F|
|poke|p1|Garchomp, L50, F|
|poke|p1|Rampardos, L50, M, shiny|
|poke|p2|Metagross, L50|
|poke|p2|Sneasler, L50, F|
|poke|p2|Floette-Eternal, L50, F|
|poke|p2|Aerodactyl, L50, M|
|poke|p2|Incineroar, L50, F|
|poke|p2|Hydreigon, L50, F|
|teampreview|4
|showteam|p1|Farigiraf||SitrusBerry|ArmorTail|Psychic,TrickRoom,Thunderbolt,HelpingHand|Bold||M|||50|]Gardevoir||Gardevoirite|Synchronize|Protect,AuraSphere,HyperVoice,TrickRoom|Modest||M|||50|]Venusaur||Venusaurite|Overgrow|Protect,GigaDrain,SludgeBomb,EarthPower|Modest||F|||50|]Aerodactyl||FocusSash|Unnerve|RockSlide,DualWingbeat,Tailwind,WideGuard|Jolly||F|||50|]Garchomp||RoseliBerry|RoughSkin|StompingTantrum,DragonClaw,SwordsDance,Protect|Jolly||F|||50|]Rampardos||LifeOrb|SheerForce|RockSlide,FirePunch,ThunderPunch,Protect|Adamant||M|||50|
|showteam|p2|Metagross||Metagrossite|ClearBody|IronHead,PsychicFangs,IcePunch,Protect|Jolly|||||50|]Sneasler||WhiteHerb|Unburden|FakeOut,CloseCombat,Uturn,DireClaw|Jolly||F|||50|]Floette-Eternal||Floettite|FlowerVeil|DrainingKiss,Protect,LightofRuin,DazzlingGleam|Modest||F|||50|]Aerodactyl||FocusSash|Unnerve|RockSlide,Protect,DualWingbeat,Tailwind|Jolly||M|||50|]Incineroar||Leftovers|Intimidate|FakeOut,DarkestLariat,FlareBlitz,PartingShot|Careful||F|||50|]Hydreigon||ChoiceScarf|Levitate|DracoMeteor,DarkPulse,HeatWave,EarthPower|Modest||F|||50|
|
|t:|1784663540
|teamsize|p1|4
|teamsize|p2|4
|start
|switch|p1a: Gardevoir|Gardevoir, L50, M|100/100
|switch|p1b: Farigiraf|Farigiraf, L50, M|100/100
|switch|p2a: Floette|Floette-Eternal, L50, F|100/100
|switch|p2b: Hydreigon|Hydreigon, L50, F|100/100
|turn|1
|
|t:|1784663567
|detailschange|p2a: Floette|Floette-Mega, L50, F
|-mega|p2a: Floette|Floette|Floettite
|-ability|p2a: Floette|Fairy Aura
|detailschange|p1a: Gardevoir|Gardevoir-Mega, L50, M
|-mega|p1a: Gardevoir|Gardevoir|Gardevoirite
|move|p2b: Hydreigon|Dark Pulse|p1b: Farigiraf
|-supereffective|p1b: Farigiraf|1
|-damage|p1b: Farigiraf|15/100
|-enditem|p1b: Farigiraf|Sitrus Berry|[eat]
|-heal|p1b: Farigiraf|40/100|[from] item: Sitrus Berry
|move|p2a: Floette|Dazzling Gleam|p1b: Farigiraf|[spread] p1a,p1b
|-damage|p1a: Gardevoir|65/100
|-damage|p1b: Farigiraf|0 fnt
|faint|p1b: Farigiraf
|move|p1a: Gardevoir|Hyper Voice|p2a: Floette|[spread] p2a,p2b
|-supereffective|p2b: Hydreigon|2
|-damage|p2a: Floette|42/100
|-damage|p2b: Hydreigon|0 fnt
|faint|p2b: Hydreigon
|
|upkeep
|
|t:|1784663587
|switch|p2b: Sneasler|Sneasler, L50, F|100/100
|switch|p1b: Venusaur|Venusaur, L50, F|100/100
|turn|2
|
|t:|1784663604
|move|p2b: Sneasler|Fake Out|p1b: Venusaur
|-damage|p1b: Venusaur|86/100
|move|p2a: Floette|Draining Kiss|p1a: Gardevoir
|-damage|p1a: Gardevoir|32/100
|-heal|p2a: Floette|70/100|[from] drain|[of] p1a: Gardevoir
|cant|p1b: Venusaur|flinch
|move|p1a: Gardevoir|Trick Room|p1a: Gardevoir
|-fieldstart|move: Trick Room|[of] p1a: Gardevoir
|
|upkeep
|turn|3
|
|t:|1784663620
|move|p1b: Venusaur|Earth Power|p2b: Sneasler
|-supereffective|p2b: Sneasler|1
|-damage|p2b: Sneasler|28/100
|move|p1a: Gardevoir|Hyper Voice|p2a: Floette|[spread] p2a,p2b
|-damage|p2a: Floette|17/100
|-damage|p2b: Sneasler|0 fnt
|faint|p2b: Sneasler
|move|p2a: Floette|Dazzling Gleam|p1b: Venusaur|[spread] p1a,p1b
|-resisted|p1b: Venusaur|1
|-damage|p1a: Gardevoir|0 fnt
|-damage|p1b: Venusaur|65/100
|faint|p1a: Gardevoir
|
|upkeep
|
|t:|1784663630
|switch|p1a: Rampardos|Rampardos, L50, M, shiny|100/100
|switch|p2b: Aerodactyl|Aerodactyl, L50, M|100/100
|-ability|p2b: Aerodactyl|Unnerve
|turn|4
|
|t:|1784663648
|move|p2a: Floette|Protect|p2a: Floette
|-singleturn|p2a: Floette|Protect
|move|p1a: Rampardos|Rock Slide|p2a: Floette|[spread] p2b
|-activate|p2a: Floette|move: Protect
|-supereffective|p2b: Aerodactyl|1
|-enditem|p2b: Aerodactyl|Focus Sash
|-damage|p2b: Aerodactyl|1/100
|move|p1b: Venusaur|Giga Drain|p2a: Floette
|-activate|p2a: Floette|move: Protect
|move|p2b: Aerodactyl|Dual Wingbeat|p1b: Venusaur
|-supereffective|p1b: Venusaur|1
|-damage|p1b: Venusaur|29/100
|-supereffective|p1b: Venusaur|1
|-crit|p1b: Venusaur
|-damage|p1b: Venusaur|0 fnt
|faint|p1b: Venusaur
|-hitcount|p1: Venusaur|2
|
|upkeep
|turn|5
|
|t:|1784663666
|move|p1a: Rampardos|Rock Slide|p2a: Floette|[spread] p2a
|-miss|p1a: Rampardos|p2b: Aerodactyl
|-damage|p2a: Floette|0 fnt
|faint|p2a: Floette
|move|p2b: Aerodactyl|Rock Slide|p1a: Rampardos
|-damage|p1a: Rampardos|56/100
|
|upkeep
|turn|6
|
|t:|1784663675
|move|p2b: Aerodactyl|Protect|p2b: Aerodactyl
|-singleturn|p2b: Aerodactyl|Protect
|move|p1a: Rampardos|Rock Slide|p2b: Aerodactyl
|-activate|p2b: Aerodactyl|move: Protect
|
|-fieldend|move: Trick Room
|upkeep
|turn|7
|
|t:|1784663682
|move|p2b: Aerodactyl|Rock Slide|p1a: Rampardos
|-damage|p1a: Rampardos|9/100
|cant|p1a: Rampardos|flinch
|
|upkeep
|turn|8
|c|☆Goku Ciencia|gg
|c|☆salvulcano24|hahaha
|
|t:|1784663693
|move|p1a: Rampardos|Protect|p1a: Rampardos
|-singleturn|p1a: Rampardos|Protect
|move|p2b: Aerodactyl|Rock Slide|p1a: Rampardos
|-activate|p1a: Rampardos|move: Protect
|
|upkeep
|turn|9
|
|t:|1784663699
|move|p1a: Rampardos|Protect||[still]
|-fail|p1a: Rampardos
|move|p2b: Aerodactyl|Rock Slide|p1a: Rampardos|[miss]
|-miss|p2b: Aerodactyl|p1a: Rampardos
|
|upkeep
|turn|10
|c|☆Goku Ciencia|troll xdd
|c|☆Goku Ciencia|ganabas si atacabas
|
|t:|1784663711
|move|p2b: Aerodactyl|Rock Slide|p1a: Rampardos
|-damage|p1a: Rampardos|0 fnt
|faint|p1a: Rampardos
|
|win|Goku Ciencia
|raw|salvulcano24's rating: 1146 → 1122(-24 for losing)
|raw|Goku Ciencia's rating: 1160 → 1184(+24 for winning)
|l|☆Goku Ciencia
|player|p2|
