|j|☆Garrman3
|j|☆bagninovgc
|html|Garrman3bagninovgc    
|uhtml|bestof|Game 2 of a best-of-3
|t:|1754856286
|gametype|doubles
|player|p1|Garrman3|unknown|1188
|player|p2|bagninovgc|ghetsis|1165
|gen|9
|tier|[Gen 9] VGC 2025 Reg H (Bo3)
|rated|
|rule|Species Clause: Limit one of each Pokémon
|rule|Item Clause: Limit 1 of each item
|clearpoke
|poke|p1|Archaludon, L50, M|
|poke|p1|Pelipper, L50, F|
|poke|p1|Basculegion, L50, M|
|poke|p1|Amoonguss, L50, F|
|poke|p1|Gholdengo, L50|
|poke|p1|Incineroar, L50, F|
|poke|p2|Kingambit, L50, M|
|poke|p2|Sneasler, L50, M|
|poke|p2|Rillaboom, L50, M|
|poke|p2|Dragonite, L50, F|
|poke|p2|Electabuzz, L50, M|
|poke|p2|Dondozo, L50, F|
|teampreview|4
|showteam|p1|Archaludon||AssaultVest|Stamina|BodyPress,DragonPulse,FlashCannon,ElectroShot|||M|||50|,,,,,Bug]Pelipper||FocusSash|Drizzle|WeatherBall,Hurricane,Tailwind,Protect|||F|||50|,,,,,Ground]Basculegion||ChoiceBand|SwiftSwim|WaveCrash,LastRespects,AquaJet,FlipTurn|||M|||50|,,,,,Water]Amoonguss||SitrusBerry|Regenerator|PollenPuff,Spore,RagePowder,Protect|||F|||50|,,,,,Fairy]Gholdengo||LifeOrb|GoodasGold|MakeItRain,ShadowBall,NastyPlot,Protect||||||50|,,,,,Water]Incineroar||SafetyGoggles|Intimidate|KnockOff,Taunt,PartingShot,FakeOut|||F|||50|,,,,,Ghost
|showteam|p2|Kingambit||BlackGlasses|Defiant|KowtowCleave,SuckerPunch,SwordsDance,Protect|||M|||50|,,,,,Dark]Sneasler||FocusSash|PoisonTouch|FakeOut,CloseCombat,DireClaw,Coaching|||M|||50|,,,,,Ghost]Rillaboom||AssaultVest|GrassySurge|FakeOut,WoodHammer,GrassyGlide,Uturn|||M|||50|,,,,,Fire]Dragonite||LoadedDice|Multiscale|ScaleShot,LowKick,Haze,Protect|||F|||50|,,,,,Steel]Electabuzz||Eviolite|VitalSpirit|Thunderbolt,FollowMe,Taunt,Protect|||M|||50|,,,,,Dragon]Dondozo||Leftovers|Unaware|WaveCrash,Yawn,Fissure,Protect|||F|||50|,,,,,Poison
|inactive|Battle timer is ON: inactive players will automatically lose when time's up. (requested by Garrman3)
|inactive|Garrman3 has 60 seconds left.
|
|t:|1754856322
|teamsize|p1|4
|teamsize|p2|4
|start
|switch|p1a: Incineroar|Incineroar, L50, F|100/100
|switch|p1b: Gholdengo|Gholdengo, L50|100/100
|switch|p2a: 1000 volt|Electabuzz, L50, M|100/100
|switch|p2b: Shōgun|Kingambit, L50, M, shiny|100/100
|-ability|p1a: Incineroar|Intimidate|boost
|-unboost|p2a: 1000 volt|atk|1
|-unboost|p2b: Shōgun|atk|1
|-ability|p2b: Shōgun|Defiant|boost
|-boost|p2b: Shōgun|atk|2
|turn|1
|inactive|bagninovgc has 30 seconds left.
|
|t:|1754856349
|move|p1a: Incineroar|Fake Out|p2b: Shōgun
|-resisted|p2b: Shōgun
|-damage|p2b: Shōgun|96/100
|move|p1b: Gholdengo|Nasty Plot|p1b: Gholdengo
|-boost|p1b: Gholdengo|spa|2
|move|p2a: 1000 volt|Thunderbolt|p1b: Gholdengo
|-damage|p1b: Gholdengo|63/100
|cant|p2b: Shōgun|flinch
|
|upkeep
|turn|2
|
|t:|1754856371
|move|p1b: Gholdengo|Protect|p1b: Gholdengo
|-singleturn|p1b: Gholdengo|Protect
|move|p2a: 1000 volt|Taunt|p1a: Incineroar
|-start|p1a: Incineroar|move: Taunt
|cant|p1a: Incineroar|move: Taunt|Taunt
|move|p2b: Shōgun|Kowtow Cleave|p1b: Gholdengo
|-activate|p1b: Gholdengo|move: Protect
|
|upkeep
|turn|3
|inactive|bagninovgc has 30 seconds left.
|inactive|Garrman3 has 30 seconds left.
|inactive|bagninovgc has 20 seconds left.
|
|t:|1754856406
|switch|p1b: Archaludon|Archaludon, L50, M|100/100
|move|p2a: 1000 volt|Taunt||[still]
|-fail|p2a: 1000 volt
|move|p1a: Incineroar|Knock Off|p2b: Shōgun
|-resisted|p2b: Shōgun
|-damage|p2b: Shōgun|80/100
|-enditem|p2b: Shōgun|Black Glasses|[from] move: Knock Off|[of] p1a: Incineroar
|move|p2b: Shōgun|Kowtow Cleave|p1b: Archaludon
|-damage|p1b: Archaludon|44/100
|-ability|p1b: Archaludon|Stamina|boost
|-boost|p1b: Archaludon|def|1
|
|upkeep
|turn|4
|inactive|Garrman3 has 30 seconds left.
|inactive|Garrman3 has 20 seconds left.
|inactive|Garrman3 has 15 seconds left.
|inactive|Garrman3 has 10 seconds left.
|
|t:|1754856454
|move|p2a: 1000 volt|Follow Me|p2a: 1000 volt
|-singleturn|p2a: 1000 volt|move: Follow Me
|move|p1b: Archaludon|Body Press|p2a: 1000 volt
|-damage|p2a: 1000 volt|74/100
|move|p1a: Incineroar|Knock Off|p2a: 1000 volt
|-damage|p2a: 1000 volt|42/100
|-enditem|p2a: 1000 volt|Eviolite|[from] move: Knock Off|[of] p1a: Incineroar
|move|p2b: Shōgun|Swords Dance|p2b: Shōgun
|-boost|p2b: Shōgun|atk|2
|
|-end|p1a: Incineroar|move: Taunt
|upkeep
|turn|5
|inactive|Garrman3 has 30 seconds left.
|inactive|Garrman3 has 20 seconds left.
|inactive|Garrman3 has 15 seconds left.
|
|t:|1754856498
|switch|p1a: Amoonguss|Amoonguss, L50, F|100/100
|move|p2b: Shōgun|Sucker Punch|p1b: Archaludon
|-damage|p1b: Archaludon|0 fnt
|faint|p1b: Archaludon
|move|p2a: 1000 volt|Taunt|p1a: Amoonguss
|-start|p1a: Amoonguss|move: Taunt
|
|upkeep
|
|t:|1754856505
|switch|p1b: Gholdengo|Gholdengo, L50|63/100
|turn|6
|
|t:|1754856531
|move|p1b: Gholdengo|Protect|p1b: Gholdengo
|-singleturn|p1b: Gholdengo|Protect
|move|p2a: 1000 volt|Taunt||[still]
|-fail|p2a: 1000 volt
|move|p2b: Shōgun|Kowtow Cleave|p1b: Gholdengo
|-activate|p1b: Gholdengo|move: Protect
|move|p1a: Amoonguss|Pollen Puff|p2b: Shōgun
|-damage|p2b: Shōgun|62/100
|
|upkeep
|turn|7
|
|t:|1754856546
|-terastallize|p1b: Gholdengo|Water
|move|p2a: 1000 volt|Follow Me|p2a: 1000 volt
|-singleturn|p2a: 1000 volt|move: Follow Me
|move|p1b: Gholdengo|Make It Rain|p2a: 1000 volt|[spread] p2a,p2b
|-resisted|p2a: 1000 volt
|-resisted|p2b: Shōgun
|-damage|p2a: 1000 volt|5/100
|-damage|p2b: Shōgun|30/100
|-unboost|p1b: Gholdengo|spa|1
|-damage|p1b: Gholdengo|53/100|[from] item: Life Orb
|move|p2b: Shōgun|Kowtow Cleave|p1b: Gholdengo
|-damage|p1b: Gholdengo|0 fnt
|faint|p1b: Gholdengo
|move|p1a: Amoonguss|Pollen Puff|p2a: 1000 volt
|-damage|p2a: 1000 volt|0 fnt
|faint|p2a: 1000 volt
|
|-end|p1a: Amoonguss|move: Taunt
|upkeep
|
|t:|1754856566
|switch|p1b: Incineroar|Incineroar, L50, F|100/100
|switch|p2a: Dododododo|Dondozo, L50, F|100/100
|-ability|p1b: Incineroar|Intimidate|boost
|-unboost|p2a: Dododododo|atk|1
|-unboost|p2b: Shōgun|atk|1
|-ability|p2b: Shōgun|Defiant|boost
|-boost|p2b: Shōgun|atk|2
|turn|8
|
|t:|1754856582
|move|p2b: Shōgun|Protect|p2b: Shōgun
|-singleturn|p2b: Shōgun|Protect
|move|p1b: Incineroar|Fake Out|p2a: Dododododo
|-damage|p2a: Dododododo|93/100
|cant|p2a: Dododododo|flinch
|move|p1a: Amoonguss|Spore|p2b: Shōgun
|-activate|p2b: Shōgun|move: Protect
|
|-heal|p2a: Dododododo|99/100|[from] item: Leftovers
|upkeep
|turn|9
|
|t:|1754856598
|-terastallize|p2b: Shōgun|Dark
|move|p1b: Incineroar|Knock Off|p2a: Dododododo
|-damage|p2a: Dododododo|72/100
|-enditem|p2a: Dododododo|Leftovers|[from] move: Knock Off|[of] p1b: Incineroar
|move|p2b: Shōgun|Kowtow Cleave|p1b: Incineroar
|-resisted|p1b: Incineroar
|-damage|p1b: Incineroar|21/100
|move|p2a: Dododododo|Yawn|p1b: Incineroar
|-start|p1b: Incineroar|move: Yawn|[of] p2a: Dododododo
|move|p1a: Amoonguss|Spore|p2b: Shōgun
|-status|p2b: Shōgun|slp|[from] move: Spore
|
|upkeep
|turn|10
|
|t:|1754856625
|move|p1b: Incineroar|Knock Off|p2b: Shōgun
|-resisted|p2b: Shōgun
|-damage|p2b: Shōgun|19/100 slp
|cant|p2b: Shōgun|slp
|move|p2a: Dododododo|Yawn|p1a: Amoonguss
|-start|p1a: Amoonguss|move: Yawn|[of] p2a: Dododododo
|move|p1a: Amoonguss|Pollen Puff|p1b: Incineroar
|-heal|p1b: Incineroar|71/100
|
|-end|p1b: Incineroar|move: Yawn|[silent]
|-status|p1b: Incineroar|slp
|upkeep
|turn|11
|
|t:|1754856648
|move|p2a: Dododododo|Protect|p2a: Dododododo
|-singleturn|p2a: Dododododo|Protect
|cant|p1b: Incineroar|slp
|cant|p2b: Shōgun|slp
|move|p1a: Amoonguss|Pollen Puff|p2b: Shōgun
|-supereffective|p2b: Shōgun
|-damage|p2b: Shōgun|0 fnt
|faint|p2b: Shōgun
|
|-end|p1a: Amoonguss|move: Yawn|[silent]
|-status|p1a: Amoonguss|slp
|upkeep
|
|t:|1754856655
|switch|p2b: Skydragon|Dragonite, L50, F|100/100
|turn|12
|
|t:|1754856674
|move|p2b: Skydragon|Haze|p2b: Skydragon
|-clearallboost
|cant|p1b: Incineroar|slp
|move|p2a: Dododododo|Wave Crash|p1b: Incineroar
|-supereffective|p1b: Incineroar
|-damage|p1b: Incineroar|0 fnt
|faint|p1b: Incineroar
|-damage|p2a: Dododododo|54/100|[from] Recoil
|cant|p1a: Amoonguss|slp
|
|upkeep
|turn|13
|
|t:|1754856684
|move|p2b: Skydragon|Scale Shot|p1a: Amoonguss
|-crit|p1a: Amoonguss
|-damage|p1a: Amoonguss|84/100 slp
|-damage|p1a: Amoonguss|72/100 slp
|-damage|p1a: Amoonguss|60/100 slp
|-damage|p1a: Amoonguss|48/100 slp
|-enditem|p1a: Amoonguss|Sitrus Berry|[eat]
|-heal|p1a: Amoonguss|73/100 slp|[from] item: Sitrus Berry
|-damage|p1a: Amoonguss|60/100 slp
|-hitcount|p1a: Amoonguss|5
|-unboost|p2b: Skydragon|def|1
|-boost|p2b: Skydragon|spe|1
|move|p2a: Dododododo|Fissure|p1a: Amoonguss|[miss]
|-miss|p2a: Dododododo|p1a: Amoonguss
|cant|p1a: Amoonguss|slp
|
|upkeep
|turn|14
|c|☆Garrman3|gg
|
|t:|1754856692
|move|p2b: Skydragon|Scale Shot|p1a: Amoonguss
|-damage|p1a: Amoonguss|49/100 slp
|-damage|p1a: Amoonguss|36/100 slp
|-damage|p1a: Amoonguss|24/100 slp
|-damage|p1a: Amoonguss|11/100 slp
|-hitcount|p1a: Amoonguss|4
|-unboost|p2b: Skydragon|def|1
|-boost|p2b: Skydragon|spe|1
|move|p2a: Dododododo|Fissure|p1a: Amoonguss
|-damage|p1a: Amoonguss|0 fnt
|faint|p1a: Amoonguss
|-ohko
|
|win|bagninovgc
|raw|Garrman3's rating: 1188 → 1161(-27 for losing)
|raw|bagninovgc's rating: 1165 → 1192(+27 for winning)
