|j|☆davidxrt
|j|☆LynxVGC
|html|davidxrtLynxVGC    
|uhtml|bestof|Game 1 of a best-of-3
|t:|1784025028
|gametype|doubles
|player|p1|davidxrt|hilbert-wonderlauncher|1220
|player|p2|LynxVGC|larry|1185
|gen|9
|tier|[Gen 9 Champions] VGC 2026 Reg M-B (Bo3)
|rated|
|rule|Species Clause: Limit one of each Pokémon
|rule|Item Clause: Limit 1 of each item
|clearpoke
|poke|p1|Klefki, L50, F|
|poke|p1|Kingambit, L50, M|
|poke|p1|Pelipper, L50, M|
|poke|p1|Archaludon, L50, M|
|poke|p1|Basculegion, L50, M|
|poke|p1|Floette-Eternal, L50, F|
|poke|p2|Grimmsnarl, L50, M|
|poke|p2|Venusaur, L50, M|
|poke|p2|Archaludon, L50, M|
|poke|p2|Pelipper, L50, M|
|poke|p2|Charizard, L50, M|
|poke|p2|Basculegion, L50, M|
|teampreview|4
|showteam|p1|Klefki||LightClay|Prankster|Reflect,LightScreen,RainDance,TrickRoom|Bold||F|||50|]Kingambit||BlackGlasses|Defiant|Protect,SuckerPunch,KowtowCleave,IronHead|Adamant||M|||50|]Pelipper||SitrusBerry|Drizzle|Protect,Tailwind,WeatherBall,Hurricane|Modest||M|||50|]Archaludon||QuickClaw|Stamina|Protect,ElectroShot,DracoMeteor,FlashCannon|Modest||M|||50|]Basculegion||LifeOrb|SwiftSwim|Protect,AquaJet,WaveCrash,LastRespects|Adamant||M|||50|]Floette-Eternal||Floettite|FlowerVeil|Protect,DazzlingGleam,Moonblast,LightofRuin|Modest||F|||50|
|showteam|p2|Grimmsnarl||LightClay|Prankster|Reflect,LightScreen,SpiritBreak,PartingShot|Impish||M|||50|]Venusaur||Venusaurite|Chlorophyll|SludgeBomb,LeechSeed,EarthPower,GigaDrain|Bold||M|||50|]Archaludon||Leftovers|Stamina|ElectroShot,FlashCannon,DragonPulse,Protect|Bold||M|||50|]Pelipper||SitrusBerry|Drizzle|Hurricane,Tailwind,WideGuard,WeatherBall|Calm||M|||50|]Charizard||CharizarditeY|Blaze|HeatWave,WeatherBall,SolarBeam,Protect|Modest||M|||50|]Basculegion||LifeOrb|Adaptability|WaveCrash,LastRespects,AquaJet,Protect|Adamant||M|||50|
|inactive|Battle timer is ON: inactive players will automatically lose when time's up. (requested by davidxrt)
|inactive|davidxrt has 60 seconds left.
|inactive|LynxVGC has 60 seconds left.
|inactive|davidxrt has 30 seconds left.
|inactive|LynxVGC has 30 seconds left.
|inactive|LynxVGC has 20 seconds left.
|inactive|davidxrt has 20 seconds left.
|
|t:|1784025105
|teamsize|p1|4
|teamsize|p2|4
|start
|switch|p1a: Klefki|Klefki, L50, F|100/100
|switch|p1b: Archaludon|Archaludon, L50, M|100/100
|switch|p2a: Charizard|Charizard, L50, M|100/100
|switch|p2b: Venusaur|Venusaur, L50, M|100/100
|turn|1
|inactive|LynxVGC has 30 seconds left.
|inactive|LynxVGC has 20 seconds left.
|
|t:|1784025143
|move|p2a: Charizard|Protect|p2a: Charizard
|-singleturn|p2a: Charizard|Protect
|move|p1a: Klefki|Rain Dance|p1a: Klefki
|-weather|RainDance
|move|p2b: Venusaur|Leech Seed|p1b: Archaludon
|-start|p1b: Archaludon|move: Leech Seed
|move|p1b: Archaludon|Electro Shot||[still]
|-prepare|p1b: Archaludon|Electro Shot
|-boost|p1b: Archaludon|spa|1
|-anim|p1b: Archaludon|Electro Shot|p2b: Venusaur
|-resisted|p2b: Venusaur|1
|-damage|p2b: Venusaur|71/100
|
|-weather|RainDance|[upkeep]
|-damage|p1b: Archaludon|87/100|[from] Leech Seed|[of] p2b: Venusaur
|-heal|p2b: Venusaur|84/100|[silent]
|upkeep
|turn|2
|-activate|p1b: Archaludon|item: Quick Claw
|
|t:|1784025165
|switch|p2a: Archaludon|Archaludon, L50, M|100/100
|move|p1a: Klefki|Rain Dance||[still]
|-fail|p1a: Klefki
|move|p1b: Archaludon|Electro Shot||[still]
|-prepare|p1b: Archaludon|Electro Shot
|-boost|p1b: Archaludon|spa|1
|-anim|p1b: Archaludon|Electro Shot|p2a: Archaludon
|-resisted|p2a: Archaludon|1
|-damage|p2a: Archaludon|61/100
|-ability|p2a: Archaludon|Stamina|boost
|-boost|p2a: Archaludon|def|1
|move|p2b: Venusaur|Earth Power|p1b: Archaludon
|-supereffective|p1b: Archaludon|1
|-damage|p1b: Archaludon|42/100
|-ability|p1b: Archaludon|Stamina|boost
|-boost|p1b: Archaludon|def|1
|
|-weather|RainDance|[upkeep]
|-heal|p2a: Archaludon|67/100|[from] item: Leftovers
|-damage|p1b: Archaludon|30/100|[from] Leech Seed|[of] p2b: Venusaur
|-heal|p2b: Venusaur|97/100|[silent]
|upkeep
|turn|3
|inactive|davidxrt has 30 seconds left.
|inactive|LynxVGC has 30 seconds left.
|inactive|LynxVGC has 20 seconds left.
|inactive|davidxrt has 20 seconds left.
|inactive|LynxVGC has 15 seconds left.
|inactive|LynxVGC has 10 seconds left.
|inactive|LynxVGC has 5 seconds left.
|
|t:|1784025217
|switch|p2b: Grimmsnarl|Grimmsnarl, L50, M|100/100
|move|p1a: Klefki|Light Screen|p1a: Klefki
|-sidestart|p1: davidxrt|move: Light Screen
|move|p2a: Archaludon|Dragon Pulse|p1b: Archaludon
|-damage|p1b: Archaludon|7/100
|-ability|p1b: Archaludon|Stamina|boost
|-boost|p1b: Archaludon|def|1
|move|p1b: Archaludon|Draco Meteor|p2a: Archaludon
|-damage|p2a: Archaludon|0 fnt
|-unboost|p1b: Archaludon|spa|2
|faint|p2a: Archaludon
|
|-weather|RainDance|[upkeep]
|-damage|p1b: Archaludon|0 fnt|[from] Leech Seed|[of] p2b: Grimmsnarl
|faint|p1b: Archaludon
|upkeep
|
|t:|1784025234
|switch|p2a: Charizard|Charizard, L50, M|100/100
|switch|p1b: Basculegion|Basculegion, L50, M|100/100
|turn|4
|inactive|LynxVGC has 30 seconds left.
|
|t:|1784025260
|detailschange|p2a: Charizard|Charizard-Mega-Y, L50, M
|-mega|p2a: Charizard|Charizard|Charizardite Y
|-weather|SunnyDay|[from] ability: Drought|[of] p2a: Charizard
|move|p2a: Charizard|Protect|p2a: Charizard
|-singleturn|p2a: Charizard|Protect
|move|p1a: Klefki|Rain Dance|p1a: Klefki
|-weather|RainDance
|move|p2b: Grimmsnarl|Reflect|p2b: Grimmsnarl
|-sidestart|p2: LynxVGC|Reflect
|move|p1b: Basculegion|Wave Crash|p2b: Grimmsnarl
|-damage|p2b: Grimmsnarl|28/100
|-damage|p1b: Basculegion|78/100|[from] Recoil
|-damage|p1b: Basculegion|68/100|[from] item: Life Orb
|
|-weather|RainDance|[upkeep]
|upkeep
|turn|5
|
|t:|1784025282
|switch|p2a: Venusaur|Venusaur, L50, M|97/100
|move|p1a: Klefki|Reflect|p1a: Klefki
|-sidestart|p1: davidxrt|Reflect
|move|p2b: Grimmsnarl|Parting Shot|p1b: Basculegion
|-unboost|p1b: Basculegion|atk|1
|-unboost|p1b: Basculegion|spa|1
|
|t:|1784025288
|switch|p2b: Charizard|Charizard-Mega-Y, L50, M|100/100|[from] Parting Shot
|-weather|SunnyDay|[from] ability: Drought|[of] p2b: Charizard
|move|p1b: Basculegion|Last Respects|p2a: Venusaur
|-damage|p2a: Venusaur|70/100
|-damage|p1b: Basculegion|58/100|[from] item: Life Orb
|
|-weather|SunnyDay|[upkeep]
|upkeep
|turn|6
|
|t:|1784025307
|switch|p2b: Grimmsnarl|Grimmsnarl, L50, M|28/100
|switch|p1b: Pelipper|Pelipper, L50, M|100/100
|-weather|RainDance|[from] ability: Drizzle|[of] p1b: Pelipper
|move|p2a: Venusaur|Leech Seed|p1a: Klefki|[miss]
|-miss|p2a: Venusaur|p1a: Klefki
|move|p1a: Klefki|Trick Room|p1a: Klefki
|-fieldstart|move: Trick Room|[of] p1a: Klefki
|
|-weather|RainDance|[upkeep]
|upkeep
|turn|7
|inactive|LynxVGC has 30 seconds left.
|inactive|LynxVGC has 20 seconds left.
|inactive|davidxrt has 30 seconds left.
|
|t:|1784025350
|move|p2b: Grimmsnarl|Light Screen|p2b: Grimmsnarl
|-sidestart|p2: LynxVGC|move: Light Screen
|move|p1a: Klefki|Rain Dance||[still]
|-fail|p1a: Klefki
|move|p1b: Pelipper|Hurricane|p2a: Venusaur
|-supereffective|p2a: Venusaur|1
|-damage|p2a: Venusaur|6/100
|move|p2a: Venusaur|Giga Drain|p1b: Pelipper
|-damage|p1b: Pelipper|71/100
|-heal|p2a: Venusaur|18/100|[from] drain|[of] p1b: Pelipper
|
|-weather|RainDance|[upkeep]
|upkeep
|turn|8
|
|t:|1784025374
|move|p1a: Klefki|Rain Dance||[still]
|-fail|p1a: Klefki
|move|p2b: Grimmsnarl|Spirit Break|p1b: Pelipper
|-damage|p1b: Pelipper|49/100
|-unboost|p1b: Pelipper|spa|1
|-enditem|p1b: Pelipper|Sitrus Berry|[eat]
|-heal|p1b: Pelipper|74/100|[from] item: Sitrus Berry
|move|p1b: Pelipper|Hurricane|p2a: Venusaur
|-supereffective|p2a: Venusaur|1
|-damage|p2a: Venusaur|0 fnt
|faint|p2a: Venusaur
|
|-weather|RainDance|[upkeep]
|upkeep
|
|t:|1784025383
|switch|p2a: Charizard|Charizard-Mega-Y, L50, M|100/100
|-weather|SunnyDay|[from] ability: Drought|[of] p2a: Charizard
|turn|9
|inactive|LynxVGC has 30 seconds left.
|
|t:|1784025410
|move|p2b: Grimmsnarl|Parting Shot|p1b: Pelipper
|-unboost|p1b: Pelipper|atk|1
|-unboost|p1b: Pelipper|spa|1
|move|p1a: Klefki|Rain Dance|p1a: Klefki
|-weather|RainDance
|move|p1b: Pelipper|Weather Ball|p2b: Grimmsnarl
|-damage|p2b: Grimmsnarl|3/100
|move|p2a: Charizard|Heat Wave|p1b: Pelipper|[spread] p1a,p1b
|-supereffective|p1a: Klefki|1
|-resisted|p1b: Pelipper|1
|-damage|p1a: Klefki|70/100
|-damage|p1b: Pelipper|63/100
|
|-weather|RainDance|[upkeep]
|upkeep
|turn|10
|inactive|LynxVGC has 30 seconds left.
|inactive|LynxVGC has 20 seconds left.
|
|t:|1784025446
|move|p2b: Grimmsnarl|Parting Shot|p1b: Pelipper
|-unboost|p1b: Pelipper|atk|1
|-unboost|p1b: Pelipper|spa|1
|move|p1b: Pelipper|Weather Ball|p2b: Grimmsnarl
|-damage|p2b: Grimmsnarl|0 fnt
|faint|p2b: Grimmsnarl
|move|p2a: Charizard|Solar Beam||[still]
|-prepare|p2a: Charizard|Solar Beam
|move|p1a: Klefki|Trick Room|p1a: Klefki
|-fieldend|move: Trick Room
|
|-weather|RainDance|[upkeep]
|-sideend|p1: davidxrt|move: Light Screen
|upkeep
|turn|11
|
|t:|1784025467
|move|p1b: Pelipper|Protect|p1b: Pelipper
|-singleturn|p1b: Pelipper|Protect
|move|p1a: Klefki|Light Screen|p1a: Klefki
|-sidestart|p1: davidxrt|move: Light Screen
|move|p2a: Charizard|Solar Beam|p1b: Pelipper|[from] lockedmove
|-activate|p1b: Pelipper|move: Protect
|
|-weather|RainDance|[upkeep]
|-sideend|p2: LynxVGC|Reflect
|upkeep
|turn|12
|
|t:|1784025478
|switch|p1a: Basculegion|Basculegion, L50, M|58/100
|move|p2a: Charizard|Heat Wave|p1a: Basculegion|[spread] p1a,p1b
|-resisted|p1a: Basculegion|1
|-resisted|p1b: Pelipper|1
|-damage|p1a: Basculegion|51/100
|-damage|p1b: Pelipper|51/100
|-status|p1a: Basculegion|brn
|move|p1b: Pelipper|Weather Ball|p2a: Charizard
|-supereffective|p2a: Charizard|1
|-damage|p2a: Charizard|68/100
|
|-weather|RainDance|[upkeep]
|-damage|p1a: Basculegion|45/100 brn|[from] brn
|-sideend|p1: davidxrt|Reflect
|upkeep
|turn|13
|
|t:|1784025496
|switch|p1b: Klefki|Klefki, L50, F|70/100
|move|p2a: Charizard|Protect|p2a: Charizard
|-singleturn|p2a: Charizard|Protect
|move|p1a: Basculegion|Wave Crash|p2a: Charizard
|-activate|p2a: Charizard|move: Protect
|
|-weather|none
|-damage|p1a: Basculegion|39/100 brn|[from] brn
|upkeep
|turn|14
|
|t:|1784025508
|switch|p1b: Pelipper|Pelipper, L50, M|51/100
|-weather|RainDance|[from] ability: Drizzle|[of] p1b: Pelipper
|move|p1a: Basculegion|Wave Crash|p2a: Charizard
|-supereffective|p2a: Charizard|1
|-damage|p2a: Charizard|0 fnt
|faint|p2a: Charizard
|-damage|p1a: Basculegion|21/100 brn|[from] Recoil
|-damage|p1a: Basculegion|12/100 brn|[from] item: Life Orb
|
|win|davidxrt
||LynxVGC is ready for game 2.
|inactive|davidxrt has 30 seconds to confirm battle start!
||davidxrt is ready for game 2.
|uhtml|next|Next: Game 2 of 3
|l|☆davidxrt
|player|p1|
