|j|☆EnzoPS
|j|☆Yoters
|html|EnzoPSYoters    
|uhtml|bestof|Game 1 of a best-of-3
|t:|1756150559
|gametype|doubles
|player|p1|EnzoPS|cynthia-gen4|1046
|player|p2|Yoters|veteranf|1000
|gen|9
|tier|[Gen 9] VGC 2025 Reg H (Bo3)
|rated|
|rule|Species Clause: Limit one of each Pokémon
|rule|Item Clause: Limit 1 of each item
|clearpoke
|poke|p1|Pelipper, L50, M|
|poke|p1|Amoonguss, L50, M|
|poke|p1|Archaludon, L50, F|
|poke|p1|Basculegion, L50, M|
|poke|p1|Gholdengo, L50|
|poke|p1|Incineroar, L50, M|
|poke|p2|Torkoal, L50, M|
|poke|p2|Lilligant-Hisui, L50, F|
|poke|p2|Golem-Alola, L50, M|
|poke|p2|Corviknight, L50, M|
|poke|p2|Gliscor, L50, F|
|poke|p2|Dragapult, L50, M|
|teampreview|4
|showteam|p1|Pelipper||FocusSash|Drizzle|Protect,WeatherBall,Hurricane,Tailwind|||M|||50|,,,,,Ground]Amoonguss||SitrusBerry|Regenerator|Protect,Spore,RagePowder,PollenPuff|||M|||50|,,,,,Water]Archaludon||AssaultVest|Stamina|DragonPulse,ElectroShot,FlashCannon,BodyPress|||F|||50|,,,,,Grass]Basculegion||ChoiceBand|SwiftSwim|FlipTurn,WaveCrash,AquaJet,LastRespects|||M|||50|,,,,,Grass]Gholdengo||LifeOrb|GoodasGold|Protect,MakeItRain,ShadowBall,NastyPlot||||||50|,,,,,Water]Incineroar||SafetyGoggles|Intimidate|FlareBlitz,KnockOff,PartingShot,FakeOut|||M|||50|,,,,,Ghost
|showteam|p2|Torkoal||EjectPack|Drought|Overheat,ClearSmog,EarthPower,Protect|||M|||50|,,,,,Grass]Lilligant-Hisui||LifeOrb|Chlorophyll|SolarBlade,IceSpinner,AfterYou,Protect|||F|||50|,,,,,Fire]Golem-Alola||ClearAmulet|Galvanize|Explosion,DoubleEdge,Protect,RockSlide|||M|||50|,,,,,Electric]Corviknight||RockyHelmet|MirrorArmor|LightScreen,Tailwind,BodyPress,Uturn|||M|||50|,,,,,Dragon]Gliscor||ToxicOrb|PoisonHeal|KnockOff,HighHorsepower,Protect,SunnyDay|||F|||50|,,,,,Steel]Dragapult||AssaultVest|ClearBody|DragonDarts,PsychicFangs,SuckerPunch,Uturn|||M|||50|,,,,,Fairy
|inactive|Battle timer is ON: inactive players will automatically lose when time's up. (requested by Yoters)
|inactive|EnzoPS has 60 seconds left.
|
|t:|1756150632
|teamsize|p1|4
|teamsize|p2|4
|start
|switch|p1a: Basculegion|Basculegion, L50, M|100/100
|switch|p1b: Amoonguss|Amoonguss, L50, M|100/100
|switch|p2a: Corviknight|Corviknight, L50, M|100/100
|switch|p2b: Dragapult|Dragapult, L50, M|100/100
|turn|1
|inactive|EnzoPS has 30 seconds left.
|inactive|Yoters has 30 seconds left.
|inactive|EnzoPS has 20 seconds left.
|inactive|EnzoPS has 15 seconds left.
|inactive|EnzoPS has 10 seconds left.
|
|t:|1756150682
|-terastallize|p2b: Dragapult|Fairy
|-terastallize|p1a: Basculegion|Grass
|move|p2b: Dragapult|Dragon Darts|p1a: Basculegion
|-damage|p1a: Basculegion|65/100
|-anim|p2b: Dragapult|Dragon Darts|p1b: Amoonguss
|-damage|p1b: Amoonguss|77/100
|move|p1a: Basculegion|Flip Turn|p2b: Dragapult
|-damage|p2b: Dragapult|47/100
|
|t:|1756150694
|switch|p1a: Incineroar|Incineroar, L50, M|100/100|[from] Flip Turn
|-ability|p1a: Incineroar|Intimidate|boost
|-ability|p2a: Corviknight|Mirror Armor
|-unboost|p1a: Incineroar|atk|1
|-fail|p2b: Dragapult|unboost|[from] ability: Clear Body|[of] p2b: Dragapult
|move|p2a: Corviknight|U-turn|p1b: Amoonguss
|-damage|p1b: Amoonguss|65/100
|
|t:|1756150705
|switch|p2a: Golem|Golem-Alola, L50, M|100/100|[from] U-turn
|move|p1b: Amoonguss|Spore|p2a: Golem
|-status|p2a: Golem|slp|[from] move: Spore
|
|upkeep
|turn|2
|
|t:|1756150728
|move|p2b: Dragapult|Psychic Fangs|p1b: Amoonguss
|-supereffective|p1b: Amoonguss
|-damage|p1b: Amoonguss|15/100
|-enditem|p1b: Amoonguss|Sitrus Berry|[eat]
|-heal|p1b: Amoonguss|40/100|[from] item: Sitrus Berry
|move|p1a: Incineroar|Knock Off|p2b: Dragapult
|-resisted|p2b: Dragapult
|-damage|p2b: Dragapult|30/100
|-enditem|p2b: Dragapult|Assault Vest|[from] move: Knock Off|[of] p1a: Incineroar
|move|p1b: Amoonguss|Spore|p2b: Dragapult
|-status|p2b: Dragapult|slp|[from] move: Spore
|cant|p2a: Golem|slp
|
|upkeep
|turn|3
|
|t:|1756150746
|switch|p1b: Pelipper|Pelipper, L50, M|100/100
|-weather|RainDance|[from] ability: Drizzle|[of] p1b: Pelipper
|cant|p2b: Dragapult|slp
|move|p1a: Incineroar|Knock Off|p2a: Golem
|-damage|p2a: Golem|74/100 slp
|-enditem|p2a: Golem|Clear Amulet|[from] move: Knock Off|[of] p1a: Incineroar
|cant|p2a: Golem|slp
|
|-weather|RainDance|[upkeep]
|upkeep
|turn|4
|
|t:|1756150767
|switch|p2a: Torkoal|Torkoal, L50, M|100/100
|-weather|SunnyDay|[from] ability: Drought|[of] p2a: Torkoal
|-curestatus|p2b: Dragapult|slp|[msg]
|move|p2b: Dragapult|Dragon Darts|p1a: Incineroar
|-damage|p1a: Incineroar|76/100
|-anim|p2b: Dragapult|Dragon Darts|p1b: Pelipper
|-damage|p1b: Pelipper|63/100
|move|p1b: Pelipper|Tailwind|p1b: Pelipper
|-sidestart|p1: EnzoPS|move: Tailwind
|move|p1a: Incineroar|Flare Blitz|p2b: Dragapult
|-damage|p2b: Dragapult|0 fnt
|faint|p2b: Dragapult
|-damage|p1a: Incineroar|68/100|[from] Recoil
|
|-weather|SunnyDay|[upkeep]
|upkeep
|
|t:|1756150785
|switch|p2b: Golem|Golem-Alola, L50, M|74/100 slp
|turn|5
|inactive|EnzoPS has 30 seconds left.
|inactive|EnzoPS has 20 seconds left.
|inactive|EnzoPS has 15 seconds left.
|
|t:|1756150826
|switch|p1b: Amoonguss|Amoonguss, L50, M|74/100
|move|p2a: Torkoal|Protect|p2a: Torkoal
|-singleturn|p2a: Torkoal|Protect
|move|p1a: Incineroar|Parting Shot|p2a: Torkoal
|-activate|p2a: Torkoal|move: Protect
|-curestatus|p2b: Golem|slp|[msg]
|move|p2b: Golem|Double-Edge|p1b: Amoonguss
|-resisted|p1b: Amoonguss
|-crit|p1b: Amoonguss
|-damage|p1b: Amoonguss|30/100
|-damage|p2b: Golem|55/100|[from] Recoil
|
|-weather|SunnyDay|[upkeep]
|upkeep
|turn|6
|inactive|Yoters has 30 seconds left.
|
|t:|1756150854
|switch|p1a: Pelipper|Pelipper, L50, M|63/100
|-weather|RainDance|[from] ability: Drizzle|[of] p1a: Pelipper
|move|p1b: Amoonguss|Rage Powder|p1b: Amoonguss
|-singleturn|p1b: Amoonguss|move: Rage Powder
|move|p2b: Golem|Double-Edge|p1b: Amoonguss
|-resisted|p1b: Amoonguss
|-damage|p1b: Amoonguss|0 fnt
|faint|p1b: Amoonguss
|-damage|p2b: Golem|43/100|[from] Recoil
|move|p2a: Torkoal|Overheat|p1a: Pelipper
|-resisted|p1a: Pelipper
|-damage|p1a: Pelipper|39/100
|-unboost|p2a: Torkoal|spa|2
|-enditem|p2a: Torkoal|Eject Pack
|
|t:|1756150867
|switch|p2a: Corviknight|Corviknight, L50, M|100/100
|
|-weather|RainDance|[upkeep]
|upkeep
|
|t:|1756150873
|switch|p1b: Basculegion|Basculegion, L50, M, tera:Grass|65/100
|turn|7
|
|t:|1756150882
|switch|p1a: Incineroar|Incineroar, L50, M|68/100
|-ability|p1a: Incineroar|Intimidate|boost
|-ability|p2a: Corviknight|Mirror Armor
|-unboost|p1a: Incineroar|atk|1
|-unboost|p2b: Golem|atk|1
|switch|p2b: Torkoal|Torkoal, L50, M|100/100
|-weather|SunnyDay|[from] ability: Drought|[of] p2b: Torkoal
|move|p1b: Basculegion|Flip Turn|p2a: Corviknight
|-damage|p2a: Corviknight|87/100
|-damage|p1b: Basculegion|49/100|[from] item: Rocky Helmet|[of] p2a: Corviknight
|
|t:|1756150893
|switch|p1b: Pelipper|Pelipper, L50, M|39/100|[from] Flip Turn
|-weather|RainDance|[from] ability: Drizzle|[of] p1b: Pelipper
|move|p2a: Corviknight|U-turn|p1b: Pelipper
|-resisted|p1b: Pelipper
|-damage|p1b: Pelipper|29/100
|
|t:|1756150900
|switch|p2a: Golem|Golem-Alola, L50, M|43/100|[from] U-turn
|
|-weather|RainDance|[upkeep]
|-sideend|p1: EnzoPS|move: Tailwind
|upkeep
|turn|8
|inactive|EnzoPS has 30 seconds left.
|inactive|Yoters has 30 seconds left.
|
|t:|1756150934
|switch|p1b: Basculegion|Basculegion, L50, M, tera:Grass|49/100
|switch|p2b: Corviknight|Corviknight, L50, M|87/100
|move|p1a: Incineroar|Fake Out|p2a: Golem
|-resisted|p2a: Golem
|-damage|p2a: Golem|40/100
|cant|p2a: Golem|flinch
|
|-weather|RainDance|[upkeep]
|upkeep
|turn|9
|inactive|EnzoPS has 30 seconds left.
|inactive|Yoters has 30 seconds left.
|
|t:|1756150968
|move|p2a: Golem|Protect|p2a: Golem
|-singleturn|p2a: Golem|Protect
|move|p1b: Basculegion|Last Respects|p2b: Corviknight
|-damage|p2b: Corviknight|38/100
|move|p1a: Incineroar|Flare Blitz|p2b: Corviknight
|-supereffective|p2b: Corviknight
|-damage|p2b: Corviknight|13/100
|-damage|p1a: Incineroar|51/100|[from] item: Rocky Helmet|[of] p2b: Corviknight
|-damage|p1a: Incineroar|43/100|[from] Recoil
|move|p2b: Corviknight|Body Press|p1a: Incineroar
|-supereffective|p1a: Incineroar
|-damage|p1a: Incineroar|0 fnt
|faint|p1a: Incineroar
|
|-weather|RainDance|[upkeep]
|upkeep
|
|t:|1756150980
|switch|p1a: Pelipper|Pelipper, L50, M|29/100
|turn|10
|
|t:|1756150997
|switch|p2b: Torkoal|Torkoal, L50, M|100/100
|-weather|SunnyDay|[from] ability: Drought|[of] p2b: Torkoal
|move|p1b: Basculegion|Last Respects|p2a: Golem
|-damage|p2a: Golem|0 fnt
|faint|p2a: Golem
|move|p1a: Pelipper|Weather Ball|p2b: Torkoal
|-resisted|p2b: Torkoal
|-damage|p2b: Torkoal|70/100
|
|-weather|SunnyDay|[upkeep]
|upkeep
|
|t:|1756151007
|switch|p2a: Corviknight|Corviknight, L50, M|13/100
|turn|11
|
|t:|1756151024
|move|p1b: Basculegion|Last Respects|p2b: Torkoal
|-damage|p2b: Torkoal|0 fnt
|faint|p2b: Torkoal
|move|p1a: Pelipper|Weather Ball|p2a: Corviknight
|-supereffective|p2a: Corviknight
|-damage|p2a: Corviknight|0 fnt
|faint|p2a: Corviknight
|
|win|EnzoPS
||EnzoPS is ready for game 2.
||Yoters is ready for game 2.
|uhtml|next|Next: Game 2 of 3
|l|☆Yoters
|player|p2|
