|j|☆wodaiogien
|j|☆pietplezier7
|html|wodaiogienpietplezier7    
|uhtml|bestof|Game 1 of a best-of-3
|t:|1782646708
|gametype|doubles
|player|p1|wodaiogien|2|1115
|player|p2|pietplezier7|zinnia|1123
|gen|9
|tier|[Gen 9 Champions] VGC 2026 Reg M-B (Bo3)
|rated|
|rule|Species Clause: Limit one of each Pokémon
|rule|Item Clause: Limit 1 of each item
|clearpoke
|poke|p1|Swampert, L50, F|
|poke|p1|Archaludon, L50, F|
|poke|p1|Tsareena, L50, F|
|poke|p1|Pelipper, L50, M|
|poke|p1|Sinistcha, L50|
|poke|p1|Grimmsnarl, L50, M|
|poke|p2|Pelipper, L50, F|
|poke|p2|Archaludon, L50, F|
|poke|p2|Basculegion, L50, M|
|poke|p2|Grimmsnarl, L50, M|
|poke|p2|Venusaur, L50, F|
|poke|p2|Swampert, L50, F|
|teampreview|4
|showteam|p1|Swampert||Swampertite|Damp|Protect,WaveCrash,Earthquake,IcePunch|Adamant||F|||50|]Archaludon||Leftovers|Stamina|Protect,ElectroShot,DragonPulse,FlashCannon|Modest||F|||50|]Tsareena||ChoiceScarf|QueenlyMajesty|TropKick,TripleAxel,LowKick,Uturn|Adamant||F|||50|]Pelipper||SitrusBerry|Drizzle|Hurricane,WeatherBall,Tailwind,WideGuard|Modest||M|||50|]Sinistcha||CobaBerry|Hospitality|MatchaGotcha,RagePowder,TrickRoom,Protect|Relaxed|||||50|]Grimmsnarl||LightClay|Prankster|FoulPlay,PartingShot,Reflect,LightScreen|Bold||M|||50|
|showteam|p2|Pelipper||LifeOrb|Drizzle|WeatherBall,Hurricane,Tailwind,WideGuard|Timid||F|||50|]Archaludon||Leftovers|Stamina|DragonPulse,FlashCannon,ElectroShot,Protect|Modest||F|||50|]Basculegion||ChoiceScarf|Adaptability|WaveCrash,LastRespects,FlipTurn,AquaJet|Jolly||M|||50|]Grimmsnarl||LightClay|Prankster|SpiritBreak,PartingShot,Reflect,LightScreen|Careful||M|||50|]Venusaur||Venusaurite|Chlorophyll|GigaDrain,SludgeBomb,EarthPower,Protect|Modest||F|||50|]Swampert||Swampertite|Damp|WaveCrash,HighHorsepower,IcePunch,Protect|Adamant||F|||50|
|inactive|Battle timer is ON: inactive players will automatically lose when time's up. (requested by pietplezier7)
|inactive|wodaiogien has 60 seconds left.
|inactive|pietplezier7 has 60 seconds left.
|inactive|wodaiogien has 30 seconds left.
|inactive|wodaiogien has 20 seconds left.
|inactive|wodaiogien has 15 seconds left.
|inactive|wodaiogien has 10 seconds left.
|
|t:|1782646790
|teamsize|p1|4
|teamsize|p2|4
|start
|switch|p1a: Pelipper|Pelipper, L50, M|100/100
|switch|p1b: Archaludon|Archaludon, L50, F|100/100
|switch|p2a: Grimmsnarl|Grimmsnarl, L50, M|100/100
|switch|p2b: Venusaur|Venusaur, L50, F|100/100
|-weather|RainDance|[from] ability: Drizzle|[of] p1a: Pelipper
|turn|1
|inactive|pietplezier7 has 30 seconds left.
|
|t:|1782646817
|detailschange|p2b: Venusaur|Venusaur-Mega, L50, F
|-mega|p2b: Venusaur|Venusaur|Venusaurite
|move|p2a: Grimmsnarl|Light Screen|p2a: Grimmsnarl
|-sidestart|p2: pietplezier7|move: Light Screen
|move|p2b: Venusaur|Sludge Bomb|p1a: Pelipper
|-damage|p1a: Pelipper|47/100
|-status|p1a: Pelipper|psn
|-enditem|p1a: Pelipper|Sitrus Berry|[eat]
|-heal|p1a: Pelipper|71/100 psn|[from] item: Sitrus Berry
|move|p1b: Archaludon|Electro Shot||[still]
|-prepare|p1b: Archaludon|Electro Shot
|-boost|p1b: Archaludon|spa|1
|-anim|p1b: Archaludon|Electro Shot|p2a: Grimmsnarl
|-damage|p2a: Grimmsnarl|63/100
|move|p1a: Pelipper|Hurricane|p2b: Venusaur
|-supereffective|p2b: Venusaur|1
|-damage|p2b: Venusaur|50/100g
|
|-weather|RainDance|[upkeep]
|-damage|p1a: Pelipper|59/100 psn|[from] psn
|upkeep
|turn|2
|inactive|pietplezier7 has 30 seconds left.
|inactive|wodaiogien has 30 seconds left.
|inactive|pietplezier7 has 20 seconds left.
|
|t:|1782646855
|move|p2b: Venusaur|Protect|p2b: Venusaur
|-singleturn|p2b: Venusaur|Protect
|move|p2a: Grimmsnarl|Parting Shot|p1b: Archaludon
|-unboost|p1b: Archaludon|atk|1
|-unboost|p1b: Archaludon|spa|1
|
|t:|1782646860
|switch|p2a: Archaludon|Archaludon, L50, F|100/100|[from] Parting Shot
|move|p1b: Archaludon|Flash Cannon|p2b: Venusaur
|-activate|p2b: Venusaur|move: Protect
|move|p1a: Pelipper|Tailwind|p1a: Pelipper
|-sidestart|p1: wodaiogien|move: Tailwind
|
|-weather|RainDance|[upkeep]
|-damage|p1a: Pelipper|47/100 psn|[from] psn
|upkeep
|turn|3
|
|t:|1782646875
|switch|p1b: Sinistcha|Sinistcha, L50|100/100
|-heal|p1a: Pelipper|72/100 psn|[from] ability: Hospitality|[of] p1b: Sinistcha
|switch|p2b: Grimmsnarl|Grimmsnarl, L50, M|63/100
|move|p1a: Pelipper|Hurricane|p2b: Grimmsnarl
|-damage|p2b: Grimmsnarl|38/100
|move|p2a: Archaludon|Electro Shot||[still]
|-prepare|p2a: Archaludon|Electro Shot
|-boost|p2a: Archaludon|spa|1
|-anim|p2a: Archaludon|Electro Shot|p1a: Pelipper
|-supereffective|p1a: Pelipper|2
|-damage|p1a: Pelipper|0 fnt
|faint|p1a: Pelipper
|
|-weather|RainDance|[upkeep]
|upkeep
|
|t:|1782646883
|switch|p1a: Swampert|Swampert, L50, F|100/100
|turn|4
|inactive|pietplezier7 has 30 seconds left.
|
|t:|1782646908
|detailschange|p1a: Swampert|Swampert-Mega, L50, F
|-mega|p1a: Swampert|Swampert|Swampertite
|move|p1b: Sinistcha|Protect|p1b: Sinistcha
|-singleturn|p1b: Sinistcha|Protect
|move|p2b: Grimmsnarl|Reflect|p2b: Grimmsnarl
|-sidestart|p2: pietplezier7|Reflect
|move|p1a: Swampert|Earthquake|p2a: Archaludon|[spread] p2a,p2b
|-activate|p1b: Sinistcha|move: Protect
|-supereffective|p2a: Archaludon|1
|-damage|p2a: Archaludon|54/100
|-damage|p2b: Grimmsnarl|4/100
|-ability|p2a: Archaludon|Stamina|boost
|-boost|p2a: Archaludon|def|1
|move|p2a: Archaludon|Dragon Pulse|p1a: Swampert
|-damage|p1a: Swampert|50/100g
|
|-weather|RainDance|[upkeep]
|-heal|p2a: Archaludon|60/100|[from] item: Leftovers
|upkeep
|turn|5
|
|t:|1782646931
|move|p1b: Sinistcha|Rage Powder|p1b: Sinistcha
|-singleturn|p1b: Sinistcha|move: Rage Powder
|move|p2b: Grimmsnarl|Parting Shot|p1b: Sinistcha
|-unboost|p1b: Sinistcha|atk|1
|-unboost|p1b: Sinistcha|spa|1
|
|t:|1782646943
|switch|p2b: Basculegion|Basculegion, L50, M|100/100|[from] Parting Shot
|move|p1a: Swampert|Earthquake|p2a: Archaludon|[spread] p1b,p2a,p2b
|-resisted|p1b: Sinistcha|1
|-supereffective|p2a: Archaludon|1
|-crit|p2b: Basculegion
|-damage|p1b: Sinistcha|80/100
|-damage|p2a: Archaludon|31/100
|-damage|p2b: Basculegion|16/100
|-ability|p2a: Archaludon|Stamina|boost
|-boost|p2a: Archaludon|def|1
|move|p2a: Archaludon|Dragon Pulse|p1b: Sinistcha
|-damage|p1b: Sinistcha|23/100
|
|-weather|none
|-heal|p2a: Archaludon|37/100|[from] item: Leftovers
|-sideend|p1: wodaiogien|move: Tailwind
|upkeep
|turn|6
|inactive|pietplezier7 has 30 seconds left.
|
|t:|1782646971
|move|p1b: Sinistcha|Rage Powder|p1b: Sinistcha
|-singleturn|p1b: Sinistcha|move: Rage Powder
|move|p2b: Basculegion|Flip Turn|p1b: Sinistcha
|-resisted|p1b: Sinistcha|1
|-damage|p1b: Sinistcha|8/100
|
|t:|1782646979
|switch|p2b: Grimmsnarl|Grimmsnarl, L50, M|4/100|[from] Flip Turn
|move|p1a: Swampert|Earthquake|p2b: Grimmsnarl|[spread] p1b,p2a,p2b
|-resisted|p1b: Sinistcha|1
|-supereffective|p2a: Archaludon|1
|-damage|p1b: Sinistcha|0 fnt
|-damage|p2a: Archaludon|14/100
|-damage|p2b: Grimmsnarl|0 fnt
|-ability|p2a: Archaludon|Stamina|boost
|-boost|p2a: Archaludon|def|1
|faint|p1b: Sinistcha
|faint|p2b: Grimmsnarl
|move|p2a: Archaludon|Dragon Pulse|p1a: Swampert
|-damage|p1a: Swampert|0 fnt
|faint|p1a: Swampert
|
|-heal|p2a: Archaludon|20/100y|[from] item: Leftovers
|upkeep
|
|t:|1782646986
|switch|p1b: Archaludon|Archaludon, L50, F|100/100
|switch|p2b: Venusaur|Venusaur-Mega, L50, F|50/100g
|turn|7
|-message|wodaiogien forfeited.
|
|win|pietplezier7
||wodaiogien is ready for game 2.
||pietplezier7 is ready for game 2.
|uhtml|next|Next: Game 2 of 3
|l|☆pietplezier7
|player|p2|
