|j|☆Linkpoke
|j|☆Squarecity
|html|LinkpokeSquarecity    
|uhtml|bestof|Game 1 of a best-of-3
|t:|1757697049
|gametype|doubles
|player|p1|Linkpoke|102|1153
|player|p2|Squarecity|169|1063
|gen|9
|tier|[Gen 9] VGC 2025 Reg H (Bo3)
|rated|
|rule|Species Clause: Limit one of each Pokémon
|rule|Item Clause: Limit 1 of each item
|clearpoke
|poke|p1|Archaludon, L50, M|
|poke|p1|Annihilape, L50, F|
|poke|p1|Baxcalibur, L50, F|
|poke|p1|Incineroar, L50, F|
|poke|p1|Ursaluna-Bloodmoon, L50, M|
|poke|p1|Gholdengo, L50|
|poke|p2|Gholdengo, L50|
|poke|p2|Ursaluna-Bloodmoon, L50, M|
|poke|p2|Gallade, L50, M|
|poke|p2|Charjabug, L50, F|
|poke|p2|Whimsicott, L50, M|
|poke|p2|Incineroar, L50, F|
|teampreview|4
|showteam|p1|Archaludon||PowerHerb|Sturdy|FlashCannon,ElectroShot,DracoMeteor,Protect|||M|||50|,,,,,Electric]Annihilape||FocusSash|Defiant|CloseCombat,RageFist,Taunt,Coaching|||F|||50|,,,,,Fairy]Baxcalibur||LoadedDice|ThermalExchange|IcicleSpear,ScaleShot,HighHorsepower,Protect|||F|||50|,,,,,Water]Incineroar||SafetyGoggles|Intimidate|FlareBlitz,FakeOut,PartingShot,KnockOff|||F|||50|,,,,,Ghost]Ursaluna-Bloodmoon||AssaultVest|MindsEye|BloodMoon,HyperVoice,EarthPower,VacuumWave|||M|||50|,,,,,Ghost]Gholdengo||LifeOrb|GoodasGold|MakeItRain,ShadowBall,NastyPlot,Protect||||||50|,,,,,Water
|showteam|p2|Gholdengo||MetalCoat|GoodasGold|MakeItRain,ShadowBall,Protect,NastyPlot||||||50|,,,,,Steel]Ursaluna-Bloodmoon||ThroatSpray|MindsEye|BloodMoon,HyperVoice,EarthPower,Protect|||M|||50|,,,,,Ghost]Gallade||RazorClaw|Sharpness|SacredSword,PsychoCut,WideGuard,NightSlash|||M|||50|,,,,,Fighting]Charjabug||Eviolite|Battery|Spark,Lunge,StringShot,Protect|||F|||50|,,,,,Bug]Whimsicott||CovertCloak|Prankster|Moonblast,Encore,Tailwind,LightScreen|||M|||50|,,,,,Ghost]Incineroar||SafetyGoggles|Intimidate|KnockOff,FlareBlitz,FakeOut,PartingShot|||F|||50|,,,,,Grass
|inactive|Battle timer is ON: inactive players will automatically lose when time's up. (requested by Linkpoke)
|
|t:|1757697074
|teamsize|p1|4
|teamsize|p2|4
|start
|switch|p1a: Baxcalibur|Baxcalibur, L50, F|100/100
|switch|p1b: Annihilape|Annihilape, L50, F|100/100
|switch|p2a: Whimsicott|Whimsicott, L50, M|100/100
|switch|p2b: Gallade|Gallade, L50, M|100/100
|turn|1
|inactive|Linkpoke has 30 seconds left.
|inactive|Squarecity has 30 seconds left.
|inactive|Squarecity has 20 seconds left.
|
|t:|1757697111
|-terastallize|p1a: Baxcalibur|Water
|move|p2a: Whimsicott|Tailwind|p2a: Whimsicott
|-sidestart|p2: Squarecity|move: Tailwind
|move|p2b: Gallade|Psycho Cut|p1b: Annihilape
|-supereffective|p1b: Annihilape
|-damage|p1b: Annihilape|2/100
|move|p1b: Annihilape|Coaching|p1a: Baxcalibur
|-boost|p1a: Baxcalibur|atk|1
|-boost|p1a: Baxcalibur|def|1
|move|p1a: Baxcalibur|Scale Shot|p2b: Gallade
|-damage|p2b: Gallade|76/100
|-damage|p2b: Gallade|54/100
|-damage|p2b: Gallade|31/100
|-damage|p2b: Gallade|9/100
|-hitcount|p2b: Gallade|4
|-unboost|p1a: Baxcalibur|def|1
|-boost|p1a: Baxcalibur|spe|1
|
|upkeep
|turn|2
|inactive|Linkpoke has 30 seconds left.
|inactive|Squarecity has 30 seconds left.
|inactive|Linkpoke has 20 seconds left.
|inactive|Squarecity has 20 seconds left.
|inactive|Linkpoke has 15 seconds left.
|
|t:|1757697152
|switch|p1b: Incineroar|Incineroar, L50, F|100/100
|-ability|p1b: Incineroar|Intimidate|boost
|-unboost|p2a: Whimsicott|atk|1
|-unboost|p2b: Gallade|atk|1
|move|p2a: Whimsicott|Moonblast|p1b: Incineroar
|-damage|p1b: Incineroar|68/100
|-unboost|p1b: Incineroar|spa|1
|move|p1a: Baxcalibur|Icicle Spear|p2a: Whimsicott
|-supereffective|p2a: Whimsicott
|-damage|p2a: Whimsicott|39/100
|-supereffective|p2a: Whimsicott
|-damage|p2a: Whimsicott|0 fnt
|faint|p2a: Whimsicott
|-hitcount|p2: Whimsicott|2
|move|p2b: Gallade|Psycho Cut|p1a: Baxcalibur
|-crit|p1a: Baxcalibur
|-damage|p1a: Baxcalibur|38/100
|
|upkeep
|
|t:|1757697173
|switch|p2a: Incineroar|Incineroar, L50, F|100/100
|-ability|p2a: Incineroar|Intimidate|boost
|-unboost|p1a: Baxcalibur|atk|1
|-unboost|p1b: Incineroar|atk|1
|turn|3
|inactive|Squarecity has 30 seconds left.
|
|t:|1757697199
|move|p1b: Incineroar|Fake Out|p2b: Gallade
|-damage|p2b: Gallade|0 fnt
|faint|p2b: Gallade
|move|p1a: Baxcalibur|High Horsepower|p2a: Incineroar
|-supereffective|p2a: Incineroar
|-damage|p2a: Incineroar|33/100
|move|p2a: Incineroar|Knock Off|p1a: Baxcalibur
|-damage|p1a: Baxcalibur|0 fnt
|-enditem|p1a: Baxcalibur|Loaded Dice|[from] move: Knock Off|[of] p2a: Incineroar
|faint|p1a: Baxcalibur
|
|upkeep
|
|t:|1757697212
|switch|p1a: Archaludon|Archaludon, L50, M|100/100
|switch|p2b: Ursaluna|Ursaluna-Bloodmoon, L50, M|100/100
|turn|4
|inactive|Squarecity has 30 seconds left.
|inactive|Linkpoke has 30 seconds left.
|inactive|Squarecity has 20 seconds left.
|
|t:|1757697249
|move|p1a: Archaludon|Protect|p1a: Archaludon
|-singleturn|p1a: Archaludon|Protect
|move|p2b: Ursaluna|Hyper Voice|p1a: Archaludon|[spread] p1b
|-activate|p1a: Archaludon|move: Protect
|-damage|p1b: Incineroar|34/100
|-enditem|p2b: Ursaluna|Throat Spray
|-boost|p2b: Ursaluna|spa|1|[from] item: Throat Spray
|move|p2a: Incineroar|Knock Off|p1b: Incineroar
|-resisted|p1b: Incineroar
|-damage|p1b: Incineroar|15/100
|-enditem|p1b: Incineroar|Safety Goggles|[from] move: Knock Off|[of] p2a: Incineroar
|move|p1b: Incineroar|Parting Shot|p2b: Ursaluna
|-unboost|p2b: Ursaluna|atk|1
|-unboost|p2b: Ursaluna|spa|1
|
|t:|1757697264
|switch|p1b: Annihilape|Annihilape, L50, F|2/100|[from] Parting Shot
|
|-sideend|p2: Squarecity|move: Tailwind
|upkeep
|turn|5
|
|t:|1757697286
|move|p1b: Annihilape|Close Combat|p2a: Incineroar
|-supereffective|p2a: Incineroar
|-damage|p2a: Incineroar|0 fnt
|-unboost|p1b: Annihilape|def|1
|-unboost|p1b: Annihilape|spd|1
|faint|p2a: Incineroar
|move|p1a: Archaludon|Draco Meteor|p2b: Ursaluna
|-damage|p2b: Ursaluna|19/100
|-unboost|p1a: Archaludon|spa|2
|move|p2b: Ursaluna|Hyper Voice|p1a: Archaludon|[spread] p1a,p1b
|-resisted|p1a: Archaludon
|-damage|p1a: Archaludon|72/100
|-damage|p1b: Annihilape|0 fnt
|faint|p1b: Annihilape
|
|upkeep
|
|t:|1757697297
|switch|p1b: Incineroar|Incineroar, L50, F|15/100
|-ability|p1b: Incineroar|Intimidate|boost
|-unboost|p2b: Ursaluna|atk|1
|turn|6
|
|t:|1757697308
|move|p2b: Ursaluna|Protect|p2b: Ursaluna
|-singleturn|p2b: Ursaluna|Protect
|move|p1b: Incineroar|Fake Out|p2b: Ursaluna
|-activate|p2b: Ursaluna|move: Protect
|move|p1a: Archaludon|Flash Cannon|p2b: Ursaluna
|-activate|p2b: Ursaluna|move: Protect
|
|upkeep
|turn|7
|
|t:|1757697324
|move|p1a: Archaludon|Flash Cannon|p2b: Ursaluna
|-crit|p2b: Ursaluna
|-damage|p2b: Ursaluna|0 fnt
|faint|p2b: Ursaluna
|
|win|Linkpoke
|l|☆Linkpoke
|player|p1|
|inactive|Linkpoke has 30 seconds to confirm battle start!
|inactive|Squarecity has 30 seconds to confirm battle start!
|j|☆Linkpoke
|player|p1|Linkpoke|102|
||Squarecity is ready for game 2.
||Linkpoke is ready for game 2.
|uhtml|next|Next: Game 2 of 3
