|j|☆exessvgc
|j|☆maugzm1
|html|exessvgcmaugzm1    
|uhtml|bestof|Game 2 of a best-of-3
|t:|1783271945
|gametype|doubles
|player|p1|exessvgc|lucas|1306
|player|p2|maugzm1|cynthia-gen4|1210
|gen|9
|tier|[Gen 9 Champions] VGC 2026 Reg M-B (Bo3)
|rated|
|rule|Species Clause: Limit one of each Pokémon
|rule|Item Clause: Limit 1 of each item
|clearpoke
|poke|p1|Charizard, L50, F|
|poke|p1|Sneasler, L50, M|
|poke|p1|Farigiraf, L50, F|
|poke|p1|Aerodactyl, L50, F|
|poke|p1|Sylveon, L50, F|
|poke|p1|Venusaur, L50, F|
|poke|p2|Blastoise, L50, M|
|poke|p2|Delphox, L50, F|
|poke|p2|Incineroar, L50, F|
|poke|p2|Sneasler, L50, M|
|poke|p2|Sinistcha, L50|
|poke|p2|Maushold-Four, L50|
|teampreview|4
|showteam|p1|Charizard||CharizarditeX|Blaze|DragonDance,DragonClaw,FlareBlitz,Protect|Jolly||F|||50|]Sneasler||WhiteHerb|Unburden|FakeOut,Protect,CloseCombat,DireClaw|Jolly||M|||50|]Farigiraf||SitrusBerry|ArmorTail|TrickRoom,PsychicNoise,HelpingHand,Thunderbolt|Bold||F|||50|]Aerodactyl||FocusSash|Unnerve|RockSlide,Tailwind,SunnyDay,Taunt|Jolly||F|||50|]Sylveon||FairyFeather|Pixilate|HyperVoice,HyperBeam,Protect,ShadowBall|Modest||F|||50|]Venusaur||WideLens|Chlorophyll|GigaDrain,EarthPower,SleepPowder,Protect|Modest||F|||50|
|showteam|p2|Blastoise||Blastoisinite|RainDish|WaterSpout,DarkPulse,ShellSmash,Protect|Modest||M|||50|]Delphox||Delphoxite|Blaze|HeatWave,Psyshock,NastyPlot,Protect|Timid||F|||50|]Incineroar||SitrusBerry|Intimidate|FakeOut,FlareBlitz,ThroatChop,PartingShot|Impish||F|||50|]Sneasler||FocusSash|PoisonTouch|FakeOut,CloseCombat,DireClaw,QuickGuard|Jolly||M|||50|]Sinistcha||KasibBerry|Hospitality|MatchaGotcha,LifeDew,RagePowder,Protect|Bold|||||50|]Maushold-Four||ChopleBerry|FriendGuard|SuperFang,Feint,FollowMe,Protect|Impish|||||50|
|
|t:|1783271967
|teamsize|p1|4
|teamsize|p2|4
|start
|switch|p1a: Marianela|Sylveon, L50, F|100/100
|switch|p1b: IL COACH|Sneasler, L50, M|100/100
|switch|p2a: Blastoise|Blastoise, L50, M|100/100
|switch|p2b: Sneasler|Sneasler, L50, M|100/100
|turn|1
|
|t:|1783271976
|detailschange|p2a: Blastoise|Blastoise-Mega, L50, M
|-mega|p2a: Blastoise|Blastoise|Blastoisinite
|move|p2b: Sneasler|Quick Guard|p2b: Sneasler
|-singleturn|p2b: Sneasler|Quick Guard
|move|p1b: IL COACH|Fake Out|p2b: Sneasler
|-activate|p2b: Sneasler|move: Quick Guard
|move|p2a: Blastoise|Shell Smash|p2a: Blastoise
|-unboost|p2a: Blastoise|def|1
|-unboost|p2a: Blastoise|spd|1
|-boost|p2a: Blastoise|atk|2
|-boost|p2a: Blastoise|spa|2
|-boost|p2a: Blastoise|spe|2
|move|p1a: Marianela|Hyper Voice|p2b: Sneasler|[spread] p2a,p2b
|-crit|p2b: Sneasler
|-damage|p2a: Blastoise|24/100
|-enditem|p2b: Sneasler|Focus Sash
|-damage|p2b: Sneasler|1/100
|
|upkeep
|turn|2
|
|t:|1783272016
|switch|p2b: Sinistcha|Sinistcha, L50|100/100
|-heal|p2a: Blastoise|49/100|[from] ability: Hospitality|[of] p2b: Sinistcha
|switch|p1b: DINOSAUVO|Aerodactyl, L50, F|100/100
|-ability|p1b: DINOSAUVO|Unnerve
|move|p2a: Blastoise|Protect|p2a: Blastoise
|-singleturn|p2a: Blastoise|Protect
|move|p1a: Marianela|Protect||[still]
|-fail|p1a: Marianela
|
|upkeep
|turn|3
|
|t:|1783272055
|move|p2a: Blastoise|Water Spout|p1b: DINOSAUVO|[spread] p1a,p1b
|-supereffective|p1b: DINOSAUVO|1
|-damage|p1a: Marianela|44/100
|-enditem|p1b: DINOSAUVO|Focus Sash
|-damage|p1b: DINOSAUVO|1/100
|move|p1b: DINOSAUVO|Tailwind|p1b: DINOSAUVO
|-sidestart|p1: exessvgc|move: Tailwind
|move|p1a: Marianela|Hyper Voice|p2b: Sinistcha|[spread] p2a,p2b
|-damage|p2a: Blastoise|0 fnt
|-damage|p2b: Sinistcha|51/100
|faint|p2a: Blastoise
|move|p2b: Sinistcha|Life Dew|p2b: Sinistcha
|-heal|p2b: Sinistcha|76/100
|
|upkeep
|
|t:|1783272065
|switch|p2a: Sneasler|Sneasler, L50, M|1/100
|turn|4
|
|t:|1783272090
|switch|p1b: IL COACH|Sneasler, L50, M|100/100
|move|p1a: Marianela|Protect|p1a: Marianela
|-singleturn|p1a: Marianela|Protect
|move|p2a: Sneasler|Dire Claw|p1a: Marianela
|-activate|p1a: Marianela|move: Protect
|move|p2b: Sinistcha|Matcha Gotcha|p1b: IL COACH|[spread] p1b
|-activate|p1a: Marianela|move: Protect
|-resisted|p1b: IL COACH|1
|-damage|p1b: IL COACH|84/100
|-heal|p2b: Sinistcha|83/100|[from] drain|[of] p1b: IL COACH
|
|upkeep
|turn|5
|
|t:|1783272103
|move|p1b: IL COACH|Dire Claw|p2b: Sinistcha
|-damage|p2b: Sinistcha|45/100
|-status|p2b: Sinistcha|psn
|move|p1a: Marianela|Hyper Voice|p2b: Sinistcha|[spread] p2a,p2b
|-damage|p2a: Sneasler|0 fnt
|-damage|p2b: Sinistcha|0 fnt
|faint|p2a: Sneasler
|faint|p2b: Sinistcha
|
|upkeep
|
|t:|1783272107
|switch|p2a: Maushold|Maushold-Four, L50|100/100
|turn|6
|-message|maugzm1 forfeited.
|
|win|exessvgc
|l|☆maugzm1
|player|p2|
||maugzm1 is ready for game 3.
||exessvgc is ready for game 3.
|uhtml|next|Next: Game 3 of 3
|l|☆exessvgc
|player|p1|
|j|☆exessvgc
|player|p1|exessvgc|lucas|
