|j|☆Navizz0
|j|☆new mental
|html|Navizz0new mental    
|uhtml|bestof|Game 2 of a best-of-3
|t:|1783591358
|gametype|doubles
|player|p1|Navizz0|ethan|1318
|player|p2|new mental|volkner|1299
|gen|9
|tier|[Gen 9 Champions] VGC 2026 Reg M-B (Bo3)
|rated|
|rule|Species Clause: Limit one of each Pokémon
|rule|Item Clause: Limit 1 of each item
|clearpoke
|poke|p1|Mawile, L50, F|
|poke|p1|Sinistcha, L50|
|poke|p1|Blaziken, L50, M|
|poke|p1|Palafin, L50, F|
|poke|p1|Hydreigon, L50, M|
|poke|p1|Glimmora, L50, M|
|poke|p2|Charizard, L50, M|
|poke|p2|Kingambit, L50, M|
|poke|p2|Sylveon, L50, F|
|poke|p2|Garchomp, L50, M|
|poke|p2|Aerodactyl, L50, M|
|poke|p2|Farigiraf, L50, M|
|teampreview|4
|showteam|p1|Mawile||Mawilite|HyperCutter|PlayRough,SuckerPunch,IronHead,Protect|Adamant||F|||50|]Sinistcha||SitrusBerry|Hospitality|MatchaGotcha,Protect,TrickRoom,RagePowder|Bold|||||50|]Blaziken||Blazikenite|SpeedBoost|AuraSphere,HeatWave,ScorchingSands,Protect|Modest||M|||50|]Palafin||LifeOrb|ZerotoHero|JetPunch,WaveCrash,CloseCombat,Protect|Jolly||F|||50|]Hydreigon||ChoiceScarf|Levitate|DracoMeteor,DarkPulse,Snarl,EarthPower|Timid||M|||50|]Glimmora||FocusSash|ToxicDebris|PowerGem,SludgeBomb,SpikyShield,EarthPower|Modest||M|||50|
|showteam|p2|Charizard||CharizarditeY|SolarPower|Protect,HeatWave,SolarBeam,WeatherBall|Modest||M|||50|]Kingambit||FocusSash|Defiant|IronHead,SuckerPunch,KowtowCleave,LowKick|Adamant||M|||50|]Sylveon||FairyFeather|Pixilate|Detect,HyperVoice,HyperBeam,QuickAttack|Modest||F|||50|]Garchomp||LifeOrb|RoughSkin|Protect,DragonClaw,Earthquake,RockSlide|Jolly||M|||50|]Aerodactyl||Aerodactylite|Unnerve|IceFang,RockSlide,Tailwind,DualWingbeat|Jolly||M|||50|]Farigiraf||SitrusBerry|ArmorTail|TrickRoom,Psychic,Thunderbolt,Roar|Bold||M|||50|
|inactive|Battle timer is ON: inactive players will automatically lose when time's up. (requested by Navizz0)
|inactive|new mental has 60 seconds left.
|
|t:|1783591392
|teamsize|p1|4
|teamsize|p2|4
|start
|switch|p1a: Hydreigon|Hydreigon, L50, M|100/100
|switch|p1b: Glimmora|Glimmora, L50, M|100/100
|switch|p2a: Sylveon|Sylveon, L50, F|100/100
|switch|p2b: Charizard|Charizard, L50, M|100/100
|turn|1
|
|t:|1783591406
|detailschange|p2b: Charizard|Charizard-Mega-Y, L50, M
|-mega|p2b: Charizard|Charizard|Charizardite Y
|-weather|SunnyDay|[from] ability: Drought|[of] p2b: Charizard
|move|p2a: Sylveon|Quick Attack|p1b: Glimmora
|-resisted|p1b: Glimmora|1
|-crit|p1b: Glimmora
|-damage|p1b: Glimmora|88/100
|-activate|p1b: Glimmora|ability: Toxic Debris
|-sidestart|p2: new mental|move: Toxic Spikes
|move|p1a: Hydreigon|Snarl|p2a: Sylveon|[spread] p2a,p2b
|-resisted|p2a: Sylveon|1
|-damage|p2a: Sylveon|91/100
|-damage|p2b: Charizard|81/100
|-unboost|p2a: Sylveon|spa|1
|-unboost|p2b: Charizard|spa|1
|move|p1b: Glimmora|Sludge Bomb|p2a: Sylveon
|-supereffective|p2a: Sylveon|1
|-damage|p2a: Sylveon|6/100
|move|p2b: Charizard|Solar Beam||[still]
|-prepare|p2b: Charizard|Solar Beam
|-anim|p2b: Charizard|Solar Beam|p1b: Glimmora
|-crit|p1b: Glimmora
|-damage|p1b: Glimmora|0 fnt
|faint|p1b: Glimmora
|
|-weather|SunnyDay|[upkeep]
|upkeep
|
|t:|1783591417
|switch|p1b: Mawile|Mawile, L50, F|100/100
|turn|2
|
|t:|1783591424
|switch|p2a: Farigiraf|Farigiraf, L50, M|100/100
|-status|p2a: Farigiraf|psn
|detailschange|p1b: Mawile|Mawile-Mega, L50, F
|-mega|p1b: Mawile|Mawile|Mawilite
|move|p1b: Mawile|Sucker Punch||[still]
|cant|p2a: Farigiraf|ability: Armor Tail|Sucker Punch|[of] p1b: Mawile
|move|p1a: Hydreigon|Snarl|p2b: Charizard|[spread] p2a,p2b
|-supereffective|p2a: Farigiraf|1
|-damage|p2a: Farigiraf|59/100 psn
|-damage|p2b: Charizard|63/100
|-unboost|p2a: Farigiraf|spa|1
|-unboost|p2b: Charizard|spa|1
|move|p2b: Charizard|Weather Ball|p1b: Mawile
|-supereffective|p1b: Mawile|1
|-damage|p1b: Mawile|0 fnt
|faint|p1b: Mawile
|
|-weather|SunnyDay|[upkeep]
|-damage|p2a: Farigiraf|46/100 psn|[from] psn
|upkeep
|-enditem|p2a: Farigiraf|Sitrus Berry|[eat]
|-heal|p2a: Farigiraf|71/100 psn|[from] item: Sitrus Berry
|
|t:|1783591426
|switch|p1b: Sinistcha|Sinistcha, L50|100/100
|turn|3
|
|t:|1783591442
|switch|p2b: Garchomp|Garchomp, L50, M|100/100
|-status|p2b: Garchomp|psn
|move|p1a: Hydreigon|Snarl|p2a: Farigiraf|[spread] p2a,p2b
|-supereffective|p2a: Farigiraf|1
|-crit|p2a: Farigiraf
|-damage|p2a: Farigiraf|13/100 psn
|-damage|p2b: Garchomp|77/100 psn
|-unboost|p2a: Farigiraf|spa|1
|-unboost|p2b: Garchomp|spa|1
|move|p1b: Sinistcha|Matcha Gotcha|p2a: Farigiraf|[spread] p2a,p2b
|-damage|p2a: Farigiraf|0 fnt
|-damage|p2b: Garchomp|47/100 psn
|faint|p2a: Farigiraf
|
|-weather|SunnyDay|[upkeep]
|-damage|p2b: Garchomp|35/100 psn|[from] psn
|upkeep
|
|t:|1783591452
|switch|p2a: Charizard|Charizard-Mega-Y, L50, M|63/100
|turn|4
|
|t:|1783591460
|move|p1b: Sinistcha|Rage Powder|p1b: Sinistcha
|-singleturn|p1b: Sinistcha|move: Rage Powder
|move|p1a: Hydreigon|Snarl|p2a: Charizard|[spread] p2a,p2b
|-damage|p2a: Charizard|45/100
|-damage|p2b: Garchomp|13/100 psn
|-unboost|p2a: Charizard|spa|1
|-unboost|p2b: Garchomp|spa|1
|move|p2b: Garchomp|Dragon Claw|p1b: Sinistcha
|-damage|p1b: Sinistcha|61/100
|-damage|p2b: Garchomp|3/100 psn|[from] item: Life Orb
|move|p2a: Charizard|Weather Ball|p1b: Sinistcha
|-supereffective|p1b: Sinistcha|1
|-damage|p1b: Sinistcha|0 fnt
|faint|p1b: Sinistcha
|
|-weather|SunnyDay|[upkeep]
|-damage|p2b: Garchomp|0 fnt|[from] psn
|faint|p2b: Garchomp
|upkeep
|
|t:|1783591465
|switch|p2b: Sylveon|Sylveon, L50, F|6/100
|-status|p2b: Sylveon|psn
|turn|5
|
|t:|1783591474
|move|p2b: Sylveon|Quick Attack|p1a: Hydreigon
|-supereffective|p1a: Hydreigon|2
|-damage|p1a: Hydreigon|43/100
|move|p1a: Hydreigon|Snarl|p2b: Sylveon|[spread] p2a,p2b
|-resisted|p2b: Sylveon|1
|-damage|p2a: Charizard|26/100
|-damage|p2b: Sylveon|0 fnt
|-unboost|p2a: Charizard|spa|1
|faint|p2b: Sylveon
|move|p2a: Charizard|Weather Ball|p1a: Hydreigon
|-resisted|p1a: Hydreigon|1
|-damage|p1a: Hydreigon|17/100
|
|-weather|none
|upkeep
|turn|6
|
|t:|1783591481
|move|p1a: Hydreigon|Snarl|p2a: Charizard
|-damage|p2a: Charizard|3/100
|-unboost|p2a: Charizard|spa|1
|move|p2a: Charizard|Heat Wave|p1a: Hydreigon
|-resisted|p1a: Hydreigon|1
|-damage|p1a: Hydreigon|5/100
|-status|p1a: Hydreigon|brn
|
|-damage|p1a: Hydreigon|0 fnt|[from] brn
|faint|p1a: Hydreigon
|
|win|new mental
||Navizz0 is ready for game 3.
||new mental is ready for game 3.
|uhtml|next|Next: Game 3 of 3
|l|☆Navizz0
|player|p1|
