|j|☆Lziest
|j|☆Dametrix
|html|LziestDametrix    
|uhtml|bestof|Game 1 of a best-of-3
|t:|1756155002
|gametype|doubles
|player|p1|Lziest|n|1158
|player|p2|Dametrix|caitlin|1273
|gen|9
|tier|[Gen 9] VGC 2025 Reg H (Bo3)
|rated|
|rule|Species Clause: Limit one of each Pokémon
|rule|Item Clause: Limit 1 of each item
|clearpoke
|poke|p1|Tatsugiri, L50, M|
|poke|p1|Glimmora, L50, F|
|poke|p1|Hydreigon, L50, F|
|poke|p1|Gholdengo, L50|
|poke|p1|Dondozo, L50, M|
|poke|p1|Talonflame, L50, M|
|poke|p2|Gardevoir, L50, F|
|poke|p2|Indeedee, L50, M|
|poke|p2|Sneasler, L50, F|
|poke|p2|Tyranitar, L50, M|
|poke|p2|Excadrill, L50, F|
|poke|p2|Salamence, L50, M|
|teampreview|4
|showteam|p1|Tatsugiri||FocusSash|Commander|DracoMeteor,MuddyWater,Protect,Taunt|||M|||50|,,,,,Stellar]Glimmora||PowerHerb|ToxicDebris|SludgeBomb,SpikyShield,EarthPower,MeteorBeam|||F|||50|,,,,,Grass]Hydreigon||SafetyGoggles|Levitate|Tailwind,Taunt,Snarl,DracoMeteor|||F|||50|,,,,,Ghost]Gholdengo||ChoiceSpecs|GoodasGold|DazzlingGleam,Thunderbolt,ShadowBall,MakeItRain||||||50|,,,,,Steel]Dondozo||Leftovers|Unaware|Protect,OrderUp,Earthquake,WaveCrash|||M|||50|,,,,,Grass]Talonflame||CovertCloak|GaleWings|Tailwind,FlareBlitz,WillOWisp,DualWingbeat|||M|||50|,,,,,Fairy
|showteam|p2|Gardevoir||ChoiceScarf|Telepathy|ExpandingForce,DazzlingGleam,Moonblast,Trick|||F|||50|,,,,,Psychic]Indeedee||FocusSash|PsychicSurge|ExpandingForce,TeraBlast,TrickRoom,Imprison|||M|||50|,,,,,Fighting]Sneasler||PsychicSeed|Unburden|CloseCombat,DireClaw,ThroatChop,Protect|||F|||50|,,,,,Stellar]Tyranitar||AssaultVest|SandStream|RockSlide,KnockOff,LowKick,TeraBlast|||M|||50|,,,,,Flying]Excadrill||ClearAmulet|SandRush|Earthquake,IronHead,HighHorsepower,Protect|||F|||50|,,,,,Ghost]Salamence||SafetyGoggles|Intimidate|DracoMeteor,AirSlash,HeatWave,Protect|||M|||50|,,,,,Fairy
|j| cartrideintocardib
|inactive|Battle timer is ON: inactive players will automatically lose when time's up. (requested by Dametrix)
|
|t:|1756155041
|teamsize|p1|4
|teamsize|p2|4
|start
|switch|p1a: Hydreigon|Hydreigon, L50, F|100/100
|switch|p1b: Dondozo|Dondozo, L50, M|100/100
|switch|p2a: Sneasler|Sneasler, L50, F|100/100
|switch|p2b: Indeedee|Indeedee, L50, M|100/100
|-fieldstart|move: Psychic Terrain|[from] ability: Psychic Surge|[of] p2b: Indeedee
|-enditem|p2a: Sneasler|Psychic Seed
|-boost|p2a: Sneasler|spd|1|[from] item: Psychic Seed
|turn|1
|inactive|Dametrix has 30 seconds left.
|inactive|Dametrix has 20 seconds left.
|inactive|Dametrix has 15 seconds left.
|inactive|Dametrix has 10 seconds left.
|
|t:|1756155088
|switch|p1a: Tatsugiri|Tatsugiri, L50, M|100/100
|-activate|p1a: Tatsugiri|ability: Commander|[of] p1b: Dondozo
|-boost|p1b: Dondozo|atk|2
|-boost|p1b: Dondozo|spa|2
|-boost|p1b: Dondozo|spe|2
|-boost|p1b: Dondozo|def|2
|-boost|p1b: Dondozo|spd|2
|move|p2a: Sneasler|Protect|p2a: Sneasler
|-singleturn|p2a: Sneasler|Protect
|move|p1b: Dondozo|Order Up|p2a: Sneasler
|-activate|p2a: Sneasler|move: Protect
|move|p2b: Indeedee|Expanding Force|p1a: Tatsugiri|[spread] p1b
|-miss|p2b: Indeedee|p1a: Tatsugiri
|-damage|p1b: Dondozo|75/100
|
|-heal|p1b: Dondozo|81/100|[from] item: Leftovers
|upkeep
|turn|2
|
|t:|1756155101
|switch|p2b: Salamence|Salamence, L50, M|100/100
|-ability|p2b: Salamence|Intimidate|boost
|-unboost|p1a: Tatsugiri|atk|1
|-unboost|p1b: Dondozo|atk|1
|move|p2a: Sneasler|Dire Claw|p1b: Dondozo
|-damage|p1b: Dondozo|66/100
|-status|p1b: Dondozo|par
|move|p1b: Dondozo|Order Up|p2a: Sneasler
|-damage|p2a: Sneasler|33/100
|-boost|p1b: Dondozo|atk|1
|
|-heal|p1b: Dondozo|72/100 par|[from] item: Leftovers
|upkeep
|turn|3
|
|t:|1756155116
|move|p2a: Sneasler|Close Combat|p1b: Dondozo
|-damage|p1b: Dondozo|48/100 par
|-unboost|p2a: Sneasler|def|1
|-unboost|p2a: Sneasler|spd|1
|move|p2b: Salamence|Draco Meteor|p1b: Dondozo
|-damage|p1b: Dondozo|12/100 par
|-unboost|p2b: Salamence|spa|2
|move|p1b: Dondozo|Order Up|p2a: Sneasler
|-damage|p2a: Sneasler|0 fnt
|faint|p2a: Sneasler
|-boost|p1b: Dondozo|atk|1
|
|-heal|p1b: Dondozo|18/100 par|[from] item: Leftovers
|upkeep
|
|t:|1756155122
|switch|p2a: Gardevoir|Gardevoir, L50, F|100/100
|turn|4
|
|t:|1756155146
|switch|p2b: Indeedee|Indeedee, L50, M|100/100
|move|p1b: Dondozo|Protect|p1b: Dondozo
|-singleturn|p1b: Dondozo|Protect
|move|p2a: Gardevoir|Dazzling Gleam|p1b: Dondozo|[spread] 
|-miss|p2a: Gardevoir|p1a: Tatsugiri
|-activate|p1b: Dondozo|move: Protect
|
|-heal|p1b: Dondozo|24/100 par|[from] item: Leftovers
|upkeep
|turn|5
|
|t:|1756155154
|move|p2a: Gardevoir|Dazzling Gleam|p1b: Dondozo|[spread] p1b
|-miss|p2a: Gardevoir|p1a: Tatsugiri
|-damage|p1b: Dondozo|8/100 par
|move|p2b: Indeedee|Expanding Force|p1b: Dondozo|[spread] p1b
|-miss|p2b: Indeedee|p1a: Tatsugiri
|-damage|p1b: Dondozo|0 fnt
|faint|p1b: Dondozo
|
|-fieldend|move: Psychic Terrain
|upkeep
|
|t:|1756155164
|switch|p1b: Gholdengo|Gholdengo, L50|100/100
|turn|6
|
|t:|1756155182
|-terastallize|p1b: Gholdengo|Steel
|move|p2a: Gardevoir|Dazzling Gleam|p1a: Tatsugiri|[spread] p1a,p1b
|-supereffective|p1a: Tatsugiri
|-resisted|p1b: Gholdengo
|-damage|p1a: Tatsugiri|25/100
|-damage|p1b: Gholdengo|83/100
|move|p2b: Indeedee|Expanding Force|p1b: Gholdengo
|-resisted|p1b: Gholdengo
|-damage|p1b: Gholdengo|61/100
|move|p1b: Gholdengo|Make It Rain|p2a: Gardevoir|[spread] p2a,p2b
|-supereffective|p2a: Gardevoir
|-damage|p2a: Gardevoir|0 fnt
|-enditem|p2b: Indeedee|Focus Sash
|-damage|p2b: Indeedee|1/100
|-unboost|p1b: Gholdengo|spa|1
|faint|p2a: Gardevoir
|move|p1a: Tatsugiri|Taunt|p2b: Indeedee
|-start|p2b: Indeedee|move: Taunt
|
|upkeep
|
|t:|1756155188
|switch|p2a: Salamence|Salamence, L50, M|100/100
|-ability|p2a: Salamence|Intimidate|boost
|-unboost|p1a: Tatsugiri|atk|1
|-unboost|p1b: Gholdengo|atk|1
|turn|7
|
|t:|1756155198
|switch|p1b: Hydreigon|Hydreigon, L50, F|100/100
|move|p2b: Indeedee|Expanding Force|p1a: Tatsugiri
|-damage|p1a: Tatsugiri|0 fnt
|faint|p1a: Tatsugiri
|move|p2a: Salamence|Heat Wave|p1b: Hydreigon
|-resisted|p1b: Hydreigon
|-damage|p1b: Hydreigon|82/100
|
|upkeep
|
|t:|1756155200
|switch|p1a: Gholdengo|Gholdengo, L50, tera:Steel|61/100
|turn|8
|
|t:|1756155210
|move|p1b: Hydreigon|Draco Meteor|p2a: Salamence
|-supereffective|p2a: Salamence
|-damage|p2a: Salamence|0 fnt
|-unboost|p1b: Hydreigon|spa|2
|faint|p2a: Salamence
|move|p2b: Indeedee|Tera Blast|p1b: Hydreigon
|-damage|p1b: Hydreigon|43/100
|move|p1a: Gholdengo|Dazzling Gleam|p2b: Indeedee
|-damage|p2b: Indeedee|0 fnt
|faint|p2b: Indeedee
|
|win|Lziest
||Dametrix is ready for game 2.
||Lziest is ready for game 2.
|uhtml|next|Next: Game 2 of 3
|l|☆Dametrix
|player|p2|
