|j|☆Colonelpaco
|j|☆tiramisaurus
|html|Colonelpacotiramisaurus    
|uhtml|bestof|Game 1 of a best-of-3
|t:|1757729131
|gametype|doubles
|player|p1|Colonelpaco|101|1075
|player|p2|tiramisaurus|101|1223
|gen|9
|tier|[Gen 9] VGC 2025 Reg H (Bo3)
|rated|
|rule|Species Clause: Limit one of each Pokémon
|rule|Item Clause: Limit 1 of each item
|clearpoke
|poke|p1|Sneasler, L50, M|
|poke|p1|Dragapult, L50, F|
|poke|p1|Primarina, L50, F|
|poke|p1|Rillaboom, L50, F|
|poke|p1|Kingambit, L50, M|
|poke|p1|Magmar, L50, F|
|poke|p2|Kilowattrel, L50, F|
|poke|p2|Ninetales-Alola, L50, M|
|poke|p2|Garchomp, L50, F|
|poke|p2|Incineroar, L50, F|
|poke|p2|Sinistcha, L50|
|poke|p2|Gholdengo, L50|
|teampreview|4
|showteam|p1|Sneasler||FocusSash|Unburden|CloseCombat,DireClaw,FakeOut,Protect|||M|||50|,,,,,Stellar]Dragapult||ChoiceBand|ClearBody|DragonDarts,TeraBlast,PhantomForce,Uturn|||F|||50|,,,,,Ghost]Primarina||SitrusBerry|LiquidVoice|HyperVoice,Moonblast,Haze,Protect|||F|||50|,,,,,Water]Rillaboom||AssaultVest|GrassySurge|WoodHammer,GrassyGlide,HighHorsepower,FakeOut|||F|||50|,,,,,Fire]Kingambit||BlackGlasses|Defiant|KowtowCleave,SuckerPunch,SwordsDance,Protect|||M|||50|,,,,,Ghost]Magmar||Eviolite|VitalSpirit|Overheat,WillOWisp,FollowMe,Protect|||F|||50|,,,,,Ghost
|showteam|p2|Kilowattrel||FocusSash|Competitive|Discharge,Protect,Tailwind,AirSlash|||F|||50|,,,,,Ghost]Ninetales-Alola||CovertCloak|SnowWarning|FreezeDry,Blizzard,Moonblast,Protect|||M|||50|,,,,,Water]Garchomp||LifeOrb|RoughSkin|DragonClaw,Earthquake,StompingTantrum,Protect|||F|||50|,,,,,Steel]Incineroar||MirrorHerb|Intimidate|FakeOut,KnockOff,PartingShot,FlareBlitz|||F|||50|,,,,,Ghost]Sinistcha||SitrusBerry|Hospitality|MatchaGotcha,StrengthSap,RagePowder,TrickRoom||||||50|,,,,,Dark]Gholdengo||MetalCoat|GoodasGold|NastyPlot,MakeItRain,ShadowBall,Protect||||||50|,,,,,Water
|inactive|Battle timer is ON: inactive players will automatically lose when time's up. (requested by Colonelpaco)
|j| cazabichosroger
|inactive|tiramisaurus has 60 seconds left.
|inactive|Colonelpaco has 60 seconds left.
|
|t:|1757729191
|teamsize|p1|4
|teamsize|p2|4
|start
|switch|p1a: Kingambit|Kingambit, L50, M|100/100
|switch|p1b: Dragapult|Dragapult, L50, F|100/100
|switch|p2a: Kilowattrel|Kilowattrel, L50, F|100/100
|switch|p2b: Garchomp|Garchomp, L50, F|100/100
|turn|1
|inactive|Colonelpaco has 30 seconds left.
|inactive|tiramisaurus has 30 seconds left.
|inactive|tiramisaurus has 20 seconds left.
|inactive|tiramisaurus has 15 seconds left.
|
|t:|1757729232
|switch|p2b: Ninetales|Ninetales-Alola, L50, M|100/100
|-weather|Snowscape|[from] ability: Snow Warning|[of] p2b: Ninetales
|-terastallize|p1a: Kingambit|Ghost
|move|p1b: Dragapult|U-turn|p2b: Ninetales
|-resisted|p2b: Ninetales
|-damage|p2b: Ninetales|84/100
|
|t:|1757729242
|switch|p1b: Sneasler|Sneasler, L50, M|100/100|[from] U-turn
|move|p2a: Kilowattrel|Tailwind|p2a: Kilowattrel
|-sidestart|p2: tiramisaurus|move: Tailwind
|move|p1a: Kingambit|Kowtow Cleave|p2b: Ninetales
|-resisted|p2b: Ninetales
|-damage|p2b: Ninetales|54/100
|
|-weather|Snowscape|[upkeep]
|upkeep
|turn|2
|inactive|Colonelpaco has 30 seconds left.
|inactive|tiramisaurus has 30 seconds left.
|inactive|tiramisaurus has 20 seconds left.
|inactive|tiramisaurus has 15 seconds left.
|inactive|tiramisaurus has 10 seconds left.
|
|t:|1757729292
|switch|p2a: Incineroar|Incineroar, L50, F|100/100
|-ability|p2a: Incineroar|Intimidate|boost
|-unboost|p1a: Kingambit|atk|1
|-ability|p1a: Kingambit|Defiant|boost
|-boost|p1a: Kingambit|atk|2
|-unboost|p1b: Sneasler|atk|1
|-enditem|p2a: Incineroar|Mirror Herb
|-boost|p2a: Incineroar|atk|2|[from] item: Mirror Herb
|move|p1a: Kingambit|Protect|p1a: Kingambit
|-singleturn|p1a: Kingambit|Protect
|move|p2b: Ninetales|Blizzard|p1a: Kingambit|[spread] p1b
|-activate|p1a: Kingambit|move: Protect
|-damage|p1b: Sneasler|58/100
|move|p1b: Sneasler|Dire Claw|p2b: Ninetales
|-supereffective|p2b: Ninetales
|-damage|p2b: Ninetales|0 fnt
|faint|p2b: Ninetales
|
|-weather|Snowscape|[upkeep]
|upkeep
|
|t:|1757729314
|switch|p2b: Kilowattrel|Kilowattrel, L50, F|100/100
|turn|3
|inactive|Colonelpaco has 30 seconds left.
|
|t:|1757729341
|switch|p1a: Rillaboom|Rillaboom, L50, F|100/100
|-fieldstart|move: Grassy Terrain|[from] ability: Grassy Surge|[of] p1a: Rillaboom
|move|p2b: Kilowattrel|Air Slash|p1b: Sneasler
|-supereffective|p1b: Sneasler
|-damage|p1b: Sneasler|0 fnt
|faint|p1b: Sneasler
|move|p2a: Incineroar|Knock Off|p1a: Rillaboom
|-damage|p1a: Rillaboom|26/100
|-enditem|p1a: Rillaboom|Assault Vest|[from] move: Knock Off|[of] p2a: Incineroar
|
|-weather|Snowscape|[upkeep]
|-heal|p1a: Rillaboom|32/100|[from] Grassy Terrain
|upkeep
|
|t:|1757729354
|switch|p1b: Dragapult|Dragapult, L50, F|100/100
|turn|4
|
|t:|1757729378
|move|p1a: Rillaboom|Fake Out|p2a: Incineroar
|-damage|p2a: Incineroar|87/100
|move|p2b: Kilowattrel|Air Slash|p1a: Rillaboom|[miss]
|-miss|p2b: Kilowattrel|p1a: Rillaboom
|cant|p2a: Incineroar|flinch
|move|p1b: Dragapult|Dragon Darts|p2a: Incineroar
|-damage|p2a: Incineroar|54/100
|-anim|p1b: Dragapult|Dragon Darts|p2b: Kilowattrel
|-damage|p2b: Kilowattrel|34/100
|
|-weather|Snowscape|[upkeep]
|-heal|p2a: Incineroar|60/100|[from] Grassy Terrain
|-heal|p1a: Rillaboom|38/100|[from] Grassy Terrain
|-sideend|p2: tiramisaurus|move: Tailwind
|upkeep
|turn|5
|inactive|Colonelpaco has 30 seconds left.
|inactive|tiramisaurus has 30 seconds left.
|inactive|tiramisaurus has 20 seconds left.
|inactive|tiramisaurus has 15 seconds left.
|
|t:|1757729419
|move|p1a: Rillaboom|Grassy Glide|p2a: Incineroar
|-resisted|p2a: Incineroar
|-damage|p2a: Incineroar|42/100
|move|p1b: Dragapult|Dragon Darts|p2a: Incineroar
|-damage|p2a: Incineroar|8/100
|-anim|p1b: Dragapult|Dragon Darts|p2b: Kilowattrel
|-damage|p2b: Kilowattrel|0 fnt
|faint|p2b: Kilowattrel
|move|p2a: Incineroar|Knock Off|p1b: Dragapult
|-supereffective|p1b: Dragapult
|-damage|p1b: Dragapult|0 fnt
|-enditem|p1b: Dragapult|Choice Band|[from] move: Knock Off|[of] p2a: Incineroar
|faint|p1b: Dragapult
|
|-weather|none
|-heal|p1a: Rillaboom|44/100|[from] Grassy Terrain
|-heal|p2a: Incineroar|14/100|[from] Grassy Terrain
|upkeep
|
|t:|1757729436
|switch|p1b: Kingambit|Kingambit, L50, M, tera:Ghost|100/100
|switch|p2b: Garchomp|Garchomp, L50, F|100/100
|turn|6
|inactive|tiramisaurus has 30 seconds left.
|
|t:|1757729463
|move|p1b: Kingambit|Sucker Punch|p2a: Incineroar
|-resisted|p2a: Incineroar
|-damage|p2a: Incineroar|0 fnt
|faint|p2a: Incineroar
|move|p2b: Garchomp|Dragon Claw|p1b: Kingambit
|-damage|p1b: Kingambit|60/100
|-damage|p2b: Garchomp|91/100|[from] item: Life Orb
|move|p1a: Rillaboom|Wood Hammer|p2b: Garchomp
|-damage|p2b: Garchomp|10/100
|-damage|p1a: Rillaboom|32/100|[from] ability: Rough Skin|[of] p2b: Garchomp
|-damage|p1a: Rillaboom|7/100|[from] Recoil
|
|-heal|p2b: Garchomp|16/100|[from] Grassy Terrain
|-heal|p1a: Rillaboom|13/100|[from] Grassy Terrain
|-heal|p1b: Kingambit|66/100|[from] Grassy Terrain
|upkeep
|turn|7
|
|t:|1757729488
|move|p2b: Garchomp|Protect|p2b: Garchomp
|-singleturn|p2b: Garchomp|Protect
|move|p1a: Rillaboom|Grassy Glide|p2b: Garchomp
|-activate|p2b: Garchomp|move: Protect
|move|p1b: Kingambit|Sucker Punch||[still]
|-fail|p1b: Kingambit
|
|-heal|p2b: Garchomp|22/100|[from] Grassy Terrain
|-heal|p1a: Rillaboom|19/100|[from] Grassy Terrain
|-heal|p1b: Kingambit|73/100|[from] Grassy Terrain
|-fieldend|move: Grassy Terrain
|upkeep
|turn|8
|
|t:|1757729505
|-terastallize|p2b: Garchomp|Steel
|move|p1b: Kingambit|Sucker Punch|p2b: Garchomp
|-damage|p2b: Garchomp|0 fnt
|-damage|p1b: Kingambit|60/100|[from] ability: Rough Skin|[of] p2b: Garchomp
|faint|p2b: Garchomp
|
|win|Colonelpaco
||Colonelpaco is ready for game 2.
||tiramisaurus is ready for game 2.
|uhtml|next|Next: Game 2 of 3
|l| cazabichosroger
