|j|☆beeetch
|j|☆chuwayo
|html|beeetchchuwayo    
|uhtml|bestof|Game 2 of a best-of-3
|t:|1786060936
|gametype|doubles
|player|p1|beeetch|169|1220
|player|p2|chuwayo|102|1272
|gen|9
|tier|[Gen 9 Champions] VGC 2026 Reg M-B (Bo3)
|rated|
|rule|Species Clause: Limit one of each Pokémon
|rule|Item Clause: Limit 1 of each item
|clearpoke
|poke|p1|Hydreigon, L50, M|
|poke|p1|Raichu, L50, M|
|poke|p1|Kingambit, L50, F|
|poke|p1|Delphox, L50, F|
|poke|p1|Mamoswine, L50, M|
|poke|p1|Whimsicott, L50, M|
|poke|p2|Scovillain, L50, F|
|poke|p2|Gholdengo, L50|
|poke|p2|Sylveon, L50, M|
|poke|p2|Hydreigon, L50, F|
|poke|p2|Staraptor, L50, F|
|poke|p2|Meowscarada, L50, M|
|teampreview|4
|showteam|p1|Hydreigon||ChoiceScarf|Levitate|Snarl,DarkPulse,DracoMeteor,EarthPower|Timid||M|||50|]Raichu||RaichuniteY|LightningRod|ZapCannon,FocusBlast,FakeOut,Protect|Timid||M|||50|]Kingambit||BlackGlasses|Defiant|Protect,IronHead,KowtowCleave,SuckerPunch|Brave||F|||50|]Delphox||Delphoxite|Blaze|HeatWave,Psyshock,NastyPlot,Protect|Timid||F|||50|]Mamoswine||LifeOrb|Oblivious|RockSlide,IcicleCrash,HighHorsepower,Protect|Jolly||M|||50|]Whimsicott||FocusSash|Prankster|Tailwind,Protect,Encore,Moonblast|Bold||M|||50|
|showteam|p2|Scovillain||Scovillainite|Moody|Overheat,GigaDrain,RagePowder,Protect|Calm||F|||50|]Gholdengo||LifeOrb|GoodasGold|MakeItRain,ShadowBall,NastyPlot,Protect|Modest|||||50|]Sylveon||FairyFeather|Pixilate|HyperVoice,HyperBeam,QuickAttack,Protect|Modest||M|||50|]Hydreigon||ChoiceScarf|Levitate|DracoMeteor,DarkPulse,Snarl,Uturn|Modest||F|||50|]Staraptor||Staraptite|Intimidate|BraveBird,CloseCombat,Tailwind,Protect|Jolly||F|||50|]Meowscarada||FocusSash|Overgrow|FlowerTrick,KnockOff,SuckerPunch,Protect|Jolly||M|||50|
|
|t:|1786060986
|teamsize|p1|4
|teamsize|p2|4
|start
|switch|p1a: Raichu|Raichu, L50, M|100/100
|switch|p1b: Mamoswine|Mamoswine, L50, M|100/100
|switch|p2a: Hydreigon|Hydreigon, L50, F|100/100
|switch|p2b: Gholdengo|Gholdengo, L50|100/100
|turn|1
|
|t:|1786061016
|switch|p2a: Scovillain|Scovillain, L50, F|100/100
|detailschange|p1a: Raichu|Raichu-Mega-Y, L50, M
|-mega|p1a: Raichu|Raichu|Raichunite Y
|move|p2b: Gholdengo|Protect|p2b: Gholdengo
|-singleturn|p2b: Gholdengo|Protect
|move|p1a: Raichu|Fake Out|p2a: Scovillain
|-damage|p2a: Scovillain|88/100
|move|p1b: Mamoswine|High Horsepower|p2b: Gholdengo
|-activate|p2b: Gholdengo|move: Protect
|
|-ability|p2a: Scovillain|Moody|boost
|-boost|p2a: Scovillain|spe|2
|-unboost|p2a: Scovillain|atk|1
|upkeep
|turn|2
|
|t:|1786061037
|switch|p1b: Hydreigon|Hydreigon, L50, M|100/100
|detailschange|p2a: Scovillain|Scovillain-Mega, L50, F
|-mega|p2a: Scovillain|Scovillain|Scovillainite
|move|p2a: Scovillain|Overheat|p1b: Hydreigon
|-resisted|p1b: Hydreigon|1
|-damage|p1b: Hydreigon|66/100
|-unboost|p2a: Scovillain|spa|2
|move|p1a: Raichu|Zap Cannon|p2b: Gholdengo
|-damage|p2b: Gholdengo|43/100
|-status|p2b: Gholdengo|par
|move|p2b: Gholdengo|Nasty Plot|p2b: Gholdengo
|-boost|p2b: Gholdengo|spa|2
|
|upkeep
|turn|3
|
|t:|1786061058
|move|p2a: Scovillain|Rage Powder|p2a: Scovillain
|-singleturn|p2a: Scovillain|move: Rage Powder
|move|p1b: Hydreigon|Snarl|p2a: Scovillain|[spread] p2a,p2b
|-supereffective|p2b: Gholdengo|1
|-damage|p2a: Scovillain|69/100
|-damage|p2b: Gholdengo|7/100 par
|-unboost|p2a: Scovillain|spa|1
|-unboost|p2b: Gholdengo|spa|1
|-status|p1b: Hydreigon|brn|[from] ability: Spicy Spray|[of] p2a: Scovillain
|move|p1a: Raichu|Focus Blast|p2a: Scovillain
|-damage|p2a: Scovillain|27/100
|-status|p1a: Raichu|brn|[from] ability: Spicy Spray|[of] p2a: Scovillain
|move|p2b: Gholdengo|Make It Rain|p1a: Raichu|[spread] p1a,p1b
|-resisted|p1a: Raichu|1
|-damage|p1a: Raichu|44/100 brn
|-damage|p1b: Hydreigon|0 fnt
|-unboost|p2b: Gholdengo|spa|2
|faint|p1b: Hydreigon
|-damage|p2b: Gholdengo|0 fnt|[from] item: Life Orb
|faint|p2b: Gholdengo
|
|-damage|p1a: Raichu|38/100 brn|[from] brn
|upkeep
|
|t:|1786061083
|switch|p1b: Mamoswine|Mamoswine, L50, M|100/100
|switch|p2b: Meowscarada|Meowscarada, L50, M|100/100
|turn|4
|
|t:|1786061098
|switch|p1b: Whimsicott|Whimsicott, L50, M|100/100
|move|p2a: Scovillain|Overheat|p1a: Raichu
|-damage|p1a: Raichu|6/100 brn
|-unboost|p2a: Scovillain|spa|2
|move|p2b: Meowscarada|Flower Trick|p1b: Whimsicott
|-resisted|p1b: Whimsicott|1
|-crit|p1b: Whimsicott
|-damage|p1b: Whimsicott|78/100
|move|p1a: Raichu|Focus Blast|p2b: Meowscarada
|-supereffective|p2b: Meowscarada|1
|-enditem|p2b: Meowscarada|Focus Sash
|-damage|p2b: Meowscarada|1/100
|
|-damage|p1a: Raichu|1/100 brn|[from] brn
|upkeep
|turn|5
|
|t:|1786061128
|move|p2b: Meowscarada|Protect|p2b: Meowscarada
|-singleturn|p2b: Meowscarada|Protect
|move|p1b: Whimsicott|Tailwind|p1b: Whimsicott
|-sidestart|p1: beeetch|move: Tailwind
|move|p1a: Raichu|Zap Cannon|p2a: Scovillain
|-resisted|p2a: Scovillain|1
|-damage|p2a: Scovillain|0 fnt
|faint|p2a: Scovillain
|
|-damage|p1a: Raichu|0 fnt|[from] brn
|faint|p1a: Raichu
|upkeep
|
|t:|1786061139
|switch|p1a: Mamoswine|Mamoswine, L50, M|100/100
|switch|p2a: Hydreigon|Hydreigon, L50, F|100/100
|turn|6
|-message|chuwayo forfeited.
|
|win|beeetch
|raw|beeetch's rating: 1220 → 1249(+29 for winning)
|raw|chuwayo's rating: 1272 → 1243(-29 for losing)
|l|☆chuwayo
|player|p2|
|l|☆beeetch
|player|p1|
|j|☆chuwayo
|player|p2|chuwayo|102|
