|j|☆wikit
|j|☆Chochito Pelao
|html|wikitChochito Pelao    
|uhtml|bestof|Game 3 of a best-of-3
|t:|1785420308
|gametype|doubles
|player|p1|wikit|170|1348
|player|p2|Chochito Pelao|striker|1356
|gen|9
|tier|[Gen 9 Champions] VGC 2026 Reg M-B (Bo3)
|rated|
|rule|Species Clause: Limit one of each Pokémon
|rule|Item Clause: Limit 1 of each item
|clearpoke
|poke|p1|Floette-Eternal, L50, F|
|poke|p1|Charizard, L50, M|
|poke|p1|Kingambit, L50, F|
|poke|p1|Whimsicott, L50, M|
|poke|p1|Basculegion, L50, M|
|poke|p1|Garchomp, L50, M|
|poke|p2|Incineroar, L50, F|
|poke|p2|Floette-Eternal, L50, F|
|poke|p2|Sinistcha-Masterpiece, L50, shiny|
|poke|p2|Kommo-o, L50, F|
|poke|p2|Kingambit, L50, F|
|poke|p2|Aerodactyl, L50, M|
|teampreview|4
|showteam|p1|Floette-Eternal||Floettite|FlowerVeil|Moonblast,DazzlingGleam,LightofRuin,Protect|Timid||F|||50|]Charizard||CharizarditeY|Blaze|WeatherBall,SolarBeam,HeatWave,Protect|Modest||M|||50|]Kingambit||BlackGlasses|Defiant|KowtowCleave,IronHead,SuckerPunch,Protect|Adamant||F|||50|]Whimsicott||FocusSash|Prankster|Moonblast,Tailwind,Encore,Protect|Timid||M|||50|]Basculegion||MysticWater|Adaptability|WaveCrash,LastRespects,AquaJet,Protect|Adamant||M|||50|]Garchomp||LifeOrb|RoughSkin|DragonClaw,Earthquake,RockSlide,Protect|Jolly||M|||50|
|showteam|p2|Incineroar||SitrusBerry|Intimidate|FakeOut,PartingShot,ThroatChop,FlareBlitz|Careful||F|||50|]Floette-Eternal||Floettite|FlowerVeil|Moonblast,DazzlingGleam,CalmMind,Protect|Modest||F|||50|]Sinistcha-Masterpiece||ColburBerry|Hospitality|MatchaGotcha,LifeDew,RagePowder,TrickRoom|Bold|||||50|]Kommo-o||Leftovers|Overcoat|ClangingScales,AuraSphere,ClangorousSoul,Protect|Modest||F|||50|]Kingambit||FocusSash|Defiant|KowtowCleave,SuckerPunch,IronHead,Protect|Adamant||F|||50|]Aerodactyl||Aerodactylite|Unnerve|Protect,RockSlide,Tailwind,DualWingbeat|Jolly||M|||50|
|inactive|Battle timer is ON: inactive players will automatically lose when time's up. (requested by wikit)
|inactive|Chochito Pelao has 60 seconds left.
|
|t:|1785420339
|teamsize|p1|4
|teamsize|p2|4
|start
|switch|p1a: Basculegion|Basculegion, L50, M|100/100
|switch|p1b: Whimsicott|Whimsicott, L50, M|100/100
|switch|p2a: Incineroar|Incineroar, L50, F|100/100
|switch|p2b: Kingambit|Kingambit, L50, F|100/100
|-ability|p2a: Incineroar|Intimidate|boost
|-unboost|p1a: Basculegion|atk|1
|-unboost|p1b: Whimsicott|atk|1
|turn|1
|inactive|wikit has 30 seconds left.
|
|t:|1785420367
|switch|p1a: Floette|Floette-Eternal, L50, F|100/100
|move|p1b: Whimsicott|Protect|p1b: Whimsicott
|-singleturn|p1b: Whimsicott|Protect
|move|p2a: Incineroar|Fake Out|p1b: Whimsicott
|-activate|p1b: Whimsicott|move: Protect
|move|p2b: Kingambit|Kowtow Cleave|p1a: Floette
|-resisted|p1a: Floette|1
|-damage|p1a: Floette|62/100
|
|upkeep
|turn|2
|
|t:|1785420385
|detailschange|p1a: Floette|Floette-Mega, L50, F
|-mega|p1a: Floette|Floette|Floettite
|-ability|p1a: Floette|Fairy Aura
|move|p2b: Kingambit|Protect|p2b: Kingambit
|-singleturn|p2b: Kingambit|Protect
|move|p1b: Whimsicott|Moonblast|p2b: Kingambit
|-activate|p2b: Kingambit|move: Protect
|move|p1a: Floette|Dazzling Gleam|p2a: Incineroar|[spread] p2a
|-activate|p2b: Kingambit|move: Protect
|-damage|p2a: Incineroar|58/100
|move|p2a: Incineroar|Parting Shot|p1a: Floette
|-unboost|p1a: Floette|atk|1
|-unboost|p1a: Floette|spa|1
|
|t:|1785420401
|switch|p2a: Aerodactyl|Aerodactyl, L50, M|100/100|[from] Parting Shot
|-ability|p2a: Aerodactyl|Unnerve
|
|upkeep
|turn|3
|inactive|wikit has 30 seconds left.
|
|t:|1785420431
|move|p1b: Whimsicott|Tailwind|p1b: Whimsicott
|-sidestart|p1: wikit|move: Tailwind
|move|p1a: Floette|Light of Ruin|p2b: Kingambit
|-damage|p2b: Kingambit|13/100
|-damage|p1a: Floette|10/100|[from] Recoil
|move|p2a: Aerodactyl|Tailwind|p2a: Aerodactyl
|-sidestart|p2: Chochito Pelao|move: Tailwind
|move|p2b: Kingambit|Iron Head|p1a: Floette
|-supereffective|p1a: Floette|1
|-damage|p1a: Floette|0 fnt
|faint|p1a: Floette
|
|upkeep
|inactive|wikit has 30 seconds left.
|
|t:|1785420465
|switch|p1a: Basculegion|Basculegion, L50, M|100/100
|turn|4
|
|t:|1785420477
|switch|p2a: Incineroar|Incineroar, L50, F|58/100
|-ability|p2a: Incineroar|Intimidate|boost
|-unboost|p1a: Basculegion|atk|1
|-unboost|p1b: Whimsicott|atk|1
|switch|p1b: Garchomp|Garchomp, L50, M|100/100
|move|p2b: Kingambit|Protect|p2b: Kingambit
|-singleturn|p2b: Kingambit|Protect
|move|p1a: Basculegion|Aqua Jet|p2b: Kingambit
|-activate|p2b: Kingambit|move: Protect
|
|upkeep
|turn|5
|
|t:|1785420492
|move|p2a: Incineroar|Fake Out|p1b: Garchomp
|-damage|p1b: Garchomp|89/100
|-damage|p2a: Incineroar|46/100|[from] ability: Rough Skin|[of] p1b: Garchomp
|-enditem|p2a: Incineroar|Sitrus Berry|[eat]
|-heal|p2a: Incineroar|70/100|[from] item: Sitrus Berry
|move|p1a: Basculegion|Aqua Jet|p2b: Kingambit
|-damage|p2b: Kingambit|0 fnt
|faint|p2b: Kingambit
|cant|p1b: Garchomp|flinch
|
|upkeep
|
|t:|1785420499
|switch|p2b: Floette|Floette-Eternal, L50, F|100/100
|turn|6
|inactive|wikit has 30 seconds left.
|
|t:|1785420524
|detailschange|p2b: Floette|Floette-Mega, L50, F
|-mega|p2b: Floette|Floette|Floettite
|-ability|p2b: Floette|Fairy Aura
|move|p1a: Basculegion|Aqua Jet|p2b: Floette
|-damage|p2b: Floette|79/100
|move|p1b: Garchomp|Earthquake|p2a: Incineroar|[spread] p1a,p2a,p2b
|-supereffective|p2a: Incineroar|1
|-damage|p1a: Basculegion|30/100
|-damage|p2a: Incineroar|0 fnt
|-damage|p2b: Floette|30/100
|faint|p2a: Incineroar
|-damage|p1b: Garchomp|80/100|[from] item: Life Orb
|move|p2b: Floette|Dazzling Gleam|p1b: Garchomp|[spread] p1a,p1b
|-supereffective|p1b: Garchomp|1
|-damage|p1a: Basculegion|0 fnt
|-damage|p1b: Garchomp|0 fnt
|faint|p1a: Basculegion
|faint|p1b: Garchomp
|
|-sideend|p2: Chochito Pelao|move: Tailwind
|-sideend|p1: wikit|move: Tailwind
|upkeep
|
|t:|1785420539
|switch|p1b: Whimsicott|Whimsicott, L50, M|100/100
|switch|p2a: Aerodactyl|Aerodactyl, L50, M|100/100
|-ability|p2a: Aerodactyl|Unnerve
|turn|7
|
|t:|1785420543
|move|p2a: Aerodactyl|Dual Wingbeat|p1b: Whimsicott
|-supereffective|p1b: Whimsicott|1
|-damage|p1b: Whimsicott|54/100
|-supereffective|p1b: Whimsicott|1
|-crit|p1b: Whimsicott
|-damage|p1b: Whimsicott|0 fnt
|faint|p1b: Whimsicott
|-hitcount|p1: Whimsicott|2
|
|win|Chochito Pelao
