|j|☆tt/el.glenko
|j|☆tmmc01
|html|tt/el.glenkotmmc01    
|uhtml|bestof|Game 1 of a best-of-3
|t:|1785614182
|gametype|doubles
|player|p1|tt/el.glenko|101|
|player|p2|tmmc01|artist|
|gen|9
|tier|[Gen 9 Champions] VGC 2026 Reg M-B (Bo3)
|rule|Species Clause: Limit one of each Pokémon
|rule|Item Clause: Limit 1 of each item
|clearpoke
|poke|p1|Kingambit, L50, F|
|poke|p1|Pelipper, L50, M|
|poke|p1|Archaludon, L50, F|
|poke|p1|Sylveon, L50, F|
|poke|p1|Crabominable, L50, F|
|poke|p1|Oranguru, L50, F|
|poke|p2|Aerodactyl, L50, M|
|poke|p2|Sylveon, L50, M|
|poke|p2|Incineroar, L50, F|
|poke|p2|Farigiraf, L50, M|
|poke|p2|Charizard, L50, F, shiny|
|poke|p2|Garchomp, L50, F|
|teampreview|4
|showteam|p1|Kingambit||ChopleBerry|Defiant|KowtowCleave,Protect,LowKick,SuckerPunch|Brave||F|||50|]Pelipper||FocusSash|Drizzle|WeatherBall,Hurricane,WideGuard,Tailwind|Modest||M|||50|]Archaludon||Leftovers|Stamina|Protect,ElectroShot,DragonPulse,FlashCannon|Modest||F|||50|]Sylveon||FairyFeather|Pixilate|Detect,HyperVoice,QuickAttack,DrainingKiss|Quiet||F|||50|]Crabominable||Crabominite|IronFist|DrainPunch,IceHammer,MachPunch,Protect|Brave||F|||50|]Oranguru||MentalHerb|InnerFocus|Psychic,TrickRoom,Instruct,Protect|Sassy||F|||50|
|showteam|p2|Aerodactyl||FocusSash|Unnerve|RockSlide,Tailwind,WideGuard,Sandstorm|Jolly||M|||50|]Sylveon||LifeOrb|Pixilate|HyperVoice,HyperBeam,QuickAttack,Detect|Modest||M|||50|]Incineroar||PasshoBerry|Intimidate|FlareBlitz,DarkestLariat,FakeOut,PartingShot|Adamant||F|||50|]Farigiraf||TwistedSpoon|ArmorTail|Thunderbolt,TwinBeam,TrickRoom,HelpingHand|Quiet||M|||50|]Charizard||CharizarditeY|Blaze|Protect,HeatWave,SolarBeam,WeatherBall|Modest||F|||50|]Garchomp||Garchompite|RoughSkin|Protect,Earthquake,StompingTantrum,DragonClaw|Adamant||F|||50|
|
|t:|1785614285
|teamsize|p1|4
|teamsize|p2|4
|start
|switch|p1a: Oranguru|Oranguru, L50, F|100/100
|switch|p1b: Sylveon|Sylveon, L50, F|100/100
|switch|p2a: Garchomp|Garchomp, L50, F|100/100
|switch|p2b: Aerodactyl|Aerodactyl, L50, M|100/100
|-ability|p2b: Aerodactyl|Unnerve
|turn|1
|
|t:|1785614334
|detailschange|p2a: Garchomp|Garchomp-Mega, L50, F
|-mega|p2a: Garchomp|Garchomp|Garchompite
|move|p1a: Oranguru|Protect|p1a: Oranguru
|-singleturn|p1a: Oranguru|Protect
|move|p2b: Aerodactyl|Sandstorm|p2b: Aerodactyl
|-weather|Sandstorm
|move|p2a: Garchomp|Earthquake|p1b: Sylveon|[spread] p1b
|-activate|p1a: Oranguru|move: Protect
|-immune|p2b: Aerodactyl
|-damage|p1b: Sylveon|26/100
|move|p1b: Sylveon|Draining Kiss|p2a: Garchomp
|-supereffective|p2a: Garchomp|1
|-damage|p2a: Garchomp|53/100
|-heal|p1b: Sylveon|65/100|[from] drain|[of] p2a: Garchomp
|
|-weather|Sandstorm|[upkeep]
|-damage|p1b: Sylveon|59/100|[from] Sandstorm
|-damage|p1a: Oranguru|93/100|[from] Sandstorm
|upkeep
|turn|2
|
|t:|1785614362
|move|p1b: Sylveon|Detect|p1b: Sylveon
|-singleturn|p1b: Sylveon|Protect
|move|p2b: Aerodactyl|Rock Slide|p1b: Sylveon|[spread] 
|-activate|p1b: Sylveon|move: Protect
|-miss|p2b: Aerodactyl|p1a: Oranguru
|move|p2a: Garchomp|Earthquake|p1a: Oranguru|[spread] p1a
|-activate|p1b: Sylveon|move: Protect
|-immune|p2b: Aerodactyl
|-damage|p1a: Oranguru|24/100
|move|p1a: Oranguru|Trick Room|p1a: Oranguru
|-fieldstart|move: Trick Room|[of] p1a: Oranguru
|
|-weather|Sandstorm|[upkeep]
|-damage|p1a: Oranguru|18/100|[from] Sandstorm
|-damage|p1b: Sylveon|54/100|[from] Sandstorm
|upkeep
|turn|3
|
|t:|1785614395
|switch|p1b: Crabominable|Crabominable, L50, F|100/100
|switch|p2a: Incineroar|Incineroar, L50, F|100/100
|-ability|p2a: Incineroar|Intimidate|boost
|-fail|p1a: Oranguru|unboost|Attack|[from] ability: Inner Focus|[of] p1a: Oranguru
|-unboost|p1b: Crabominable|atk|1
|move|p1a: Oranguru|Psychic|p2b: Aerodactyl
|-damage|p2b: Aerodactyl|70/100
|move|p2b: Aerodactyl|Rock Slide|p1b: Crabominable|[spread] p1a,p1b
|-damage|p1a: Oranguru|0 fnt
|-damage|p1b: Crabominable|70/100
|faint|p1a: Oranguru
|
|-weather|Sandstorm|[upkeep]
|-damage|p1b: Crabominable|64/100|[from] Sandstorm
|-damage|p2a: Incineroar|94/100|[from] Sandstorm
|upkeep
|
|t:|1785614447
|switch|p1a: Sylveon|Sylveon, L50, F|54/100
|turn|4
|
|t:|1785614484
|detailschange|p1b: Crabominable|Crabominable-Mega, L50, F
|-mega|p1b: Crabominable|Crabominable|Crabominite
|move|p2b: Aerodactyl|Wide Guard|p2b: Aerodactyl
|-singleturn|p2b: Aerodactyl|Wide Guard
|move|p1b: Crabominable|Drain Punch|p2a: Incineroar
|-supereffective|p2a: Incineroar|1
|-damage|p2a: Incineroar|18/100
|-heal|p1b: Crabominable|100/100|[from] drain|[of] p2a: Incineroar
|move|p1a: Sylveon|Hyper Voice|p2b: Aerodactyl|[spread] 
|-activate|p2a: Incineroar|move: Wide Guard
|-activate|p2b: Aerodactyl|move: Wide Guard
|move|p2a: Incineroar|Parting Shot|p1a: Sylveon
|-unboost|p1a: Sylveon|atk|1
|-unboost|p1a: Sylveon|spa|1
|
|t:|1785614500
|switch|p2a: Sylveon|Sylveon, L50, M|100/100|[from] Parting Shot
|
|-weather|Sandstorm|[upkeep]
|-damage|p1b: Crabominable|94/100|[from] Sandstorm
|-damage|p1a: Sylveon|48/100|[from] Sandstorm
|-damage|p2a: Sylveon|93/100|[from] Sandstorm
|upkeep
|turn|5
|
|t:|1785614520
|switch|p2b: Incineroar|Incineroar, L50, F|18/100
|-ability|p2b: Incineroar|Intimidate|boost
|-unboost|p1a: Sylveon|atk|1
|-unboost|p1b: Crabominable|atk|1
|move|p1b: Crabominable|Ice Hammer|p2a: Sylveon
|-damage|p2a: Sylveon|40/100
|-unboost|p1b: Crabominable|spe|1
|move|p1a: Sylveon|Hyper Voice|p2a: Sylveon|[spread] p2a,p2b
|-damage|p2a: Sylveon|15/100
|-damage|p2b: Incineroar|0 fnt
|faint|p2b: Incineroar
|move|p2a: Sylveon|Hyper Voice|p1b: Crabominable|[spread] p1a,p1b
|-supereffective|p1b: Crabominable|1
|-damage|p1a: Sylveon|6/100
|-damage|p1b: Crabominable|1/100
|-damage|p2a: Sylveon|5/100|[from] item: Life Orb
|
|-weather|none
|upkeep
|
|t:|1785614538
|switch|p2b: Garchomp|Garchomp-Mega, L50, F|53/100
|turn|6
|
|t:|1785614576
|switch|p1b: Pelipper|Pelipper, L50, M|100/100
|-weather|RainDance|[from] ability: Drizzle|[of] p1b: Pelipper
|move|p2a: Sylveon|Detect|p2a: Sylveon
|-singleturn|p2a: Sylveon|Protect
|move|p2b: Garchomp|Protect|p2b: Garchomp
|-singleturn|p2b: Garchomp|Protect
|move|p1a: Sylveon|Hyper Voice|p2b: Garchomp|[spread] 
|-activate|p2a: Sylveon|move: Protect
|-activate|p2b: Garchomp|move: Protect
|
|-weather|RainDance|[upkeep]
|-fieldend|move: Trick Room
|upkeep
|turn|7
|
|t:|1785614631
|move|p2a: Sylveon|Quick Attack|p1a: Sylveon
|-damage|p1a: Sylveon|0 fnt
|faint|p1a: Sylveon
|-damage|p2a: Sylveon|0 fnt|[from] item: Life Orb
|faint|p2a: Sylveon
|move|p2b: Garchomp|Dragon Claw|p1b: Pelipper
|-damage|p1b: Pelipper|45/100
|move|p1b: Pelipper|Weather Ball|p2b: Garchomp
|-damage|p2b: Garchomp|0 fnt
|faint|p2b: Garchomp
|
|-weather|RainDance|[upkeep]
|upkeep
|
|t:|1785614644
|switch|p2b: Aerodactyl|Aerodactyl, L50, M|70/100
|switch|p1a: Crabominable|Crabominable-Mega, L50, F|1/100
|-ability|p2b: Aerodactyl|Unnerve
|turn|8
|
|t:|1785614684
|move|p1b: Pelipper|Wide Guard|p1b: Pelipper
|-singleturn|p1b: Pelipper|Wide Guard
|move|p2b: Aerodactyl|Rock Slide|p1b: Pelipper|[spread] 
|-activate|p1a: Crabominable|move: Wide Guard
|-activate|p1b: Pelipper|move: Wide Guard
|move|p1a: Crabominable|Ice Hammer|p2b: Aerodactyl|[miss]
|-miss|p1a: Crabominable|p2b: Aerodactyl
|
|-weather|RainDance|[upkeep]
|upkeep
|turn|9
|c|☆tmmc01|Rip
|c|☆tt/el.glenko|XD
|c|☆tt/el.glenko|gané el 50/50
|c|☆tt/el.glenko|pero perdí el turno
|
|t:|1785614729
|move|p2b: Aerodactyl|Rock Slide|p1b: Pelipper|[spread] p1a,p1b
|-supereffective|p1b: Pelipper|1
|-damage|p1a: Crabominable|0 fnt
|-damage|p1b: Pelipper|0 fnt
|faint|p1a: Crabominable
|faint|p1b: Pelipper
|
|win|tmmc01
||tt/el.glenko is ready for game 2.
|inactive|tmmc01 has 30 seconds to confirm battle start!
||tmmc01 is ready for game 2.
|uhtml|next|Next: Game 2 of 3
|l|☆tt/el.glenko
|player|p1|
|l|☆tmmc01
|player|p2|
|j|☆tmmc01
|player|p2|tmmc01|artist|
