|j|☆Zifilalgf
|j|☆Maziii
|html|ZifilalgfMaziii    
|uhtml|bestof|Game 1 of a best-of-3
|t:|1756160347
|gametype|doubles
|player|p1|Zifilalgf|266|1208
|player|p2|Maziii|gentleman-gen4|1162
|gen|9
|tier|[Gen 9] VGC 2025 Reg H (Bo3)
|rated|
|rule|Species Clause: Limit one of each Pokémon
|rule|Item Clause: Limit 1 of each item
|clearpoke
|poke|p1|Rillaboom, L50, F|
|poke|p1|Kingambit, L50, F|
|poke|p1|Sneasler, L50, M|
|poke|p1|Dragonite, L50, M|
|poke|p1|Magmar, L50, M|
|poke|p1|Dondozo, L50, M|
|poke|p2|Tyranitar, L50, F|
|poke|p2|Electabuzz, L50, M|
|poke|p2|Annihilape, L50, F|
|poke|p2|Ursaluna-Bloodmoon, L50, M|
|poke|p2|Primarina, L50, M|
|poke|p2|Gholdengo, L50|
|teampreview|4
|showteam|p1|Rillaboom||AssaultVest|GrassySurge|WoodHammer,GrassyGlide,HighHorsepower,FakeOut|||F|||50|,,,,,Water]Kingambit||BlackGlasses|Defiant|KowtowCleave,SuckerPunch,SwordsDance,Protect|||F|||50|,,,,,Ghost]Sneasler||FocusSash|Unburden|DireClaw,CloseCombat,Coaching,Protect|||M|||50|,,,,,Stellar]Dragonite||LoadedDice|Multiscale|ScaleShot,StompingTantrum,Haze,Protect|||M|||50|,,,,,Fairy]Magmar||Eviolite|FlameBody|Overheat,WillOWisp,FollowMe,Protect|||M|||50|,,,,,Ghost]Dondozo||Leftovers|Unaware|Liquidation,Fissure,Yawn,Protect|||M|||50|,,,,,Bug
|showteam|p2|Tyranitar||ClearAmulet|SandStream|Protect,DragonDance,RockSlide,KnockOff|||F|||50|,,,,,Grass]Electabuzz||Eviolite|VitalSpirit|FollowMe,HelpingHand,Protect,Electroweb|||M|||50|,,,,,Ghost]Annihilape||FocusSash|Defiant|Protect,Coaching,CloseCombat,RageFist|||F|||50|,,,,,Stellar]Ursaluna-Bloodmoon||AssaultVest|MindsEye|BloodMoon,HyperVoice,EarthPower,VacuumWave|||M|||50|,,,,,Normal]Primarina||MysticWater|LiquidVoice|Haze,Protect,HyperVoice,Moonblast|||M|||50|,,,,,Water]Gholdengo||ChoiceSpecs|GoodasGold|Trick,ShadowBall,MakeItRain,Protect||||||50|,,,,,Grass
|inactive|Battle timer is ON: inactive players will automatically lose when time's up. (requested by Maziii)
|inactive|Maziii has 60 seconds left.
|inactive|Maziii has 30 seconds left.
|l|☆Maziii
|inactive|Maziii disconnected and has a minute to reconnect!
|player|p2|
|inactive|Maziii has 20 seconds left.
|inactive|Maziii has 15 seconds left.
|inactive|Maziii has 10 seconds left.
|j|☆Maziii
|inactive|Maziii reconnected and has 10 seconds left.
|player|p2|Maziii|gentleman-gen4|
|inactive|Maziii has 5 seconds left.
|
|t:|1756160518
|teamsize|p1|4
|teamsize|p2|4
|start
|switch|p1a: Sneasler|Sneasler, L50, M|100/100
|switch|p1b: Dragonite|Dragonite, L50, M|100/100
|switch|p2a: Tyranitar|Tyranitar, L50, F|100/100
|switch|p2b: Electabuzz|Electabuzz, L50, M|100/100
|-weather|Sandstorm|[from] ability: Sand Stream|[of] p2a: Tyranitar
|turn|1
|inactive|Zifilalgf has 30 seconds left.
|
|t:|1756160545
|-terastallize|p2a: Tyranitar|Grass
|move|p1a: Sneasler|Coaching|p1b: Dragonite
|-boost|p1b: Dragonite|atk|1
|-boost|p1b: Dragonite|def|1
|move|p1b: Dragonite|Scale Shot|p2b: Electabuzz
|-damage|p2b: Electabuzz|84/100
|-damage|p2b: Electabuzz|66/100
|-damage|p2b: Electabuzz|48/100
|-damage|p2b: Electabuzz|29/100
|-hitcount|p2b: Electabuzz|4
|-unboost|p1b: Dragonite|def|1
|-boost|p1b: Dragonite|spe|1
|move|p2b: Electabuzz|Electroweb|p1b: Dragonite|[spread] p1b
|-miss|p2b: Electabuzz|p1a: Sneasler
|-damage|p1b: Dragonite|93/100
|-unboost|p1b: Dragonite|spe|1
|move|p2a: Tyranitar|Dragon Dance|p2a: Tyranitar
|-boost|p2a: Tyranitar|atk|1
|-boost|p2a: Tyranitar|spe|1
|
|-weather|Sandstorm|[upkeep]
|-damage|p1a: Sneasler|95/100|[from] Sandstorm
|-damage|p2a: Tyranitar|95/100|[from] Sandstorm
|-damage|p1b: Dragonite|87/100|[from] Sandstorm
|-damage|p2b: Electabuzz|23/100|[from] Sandstorm
|upkeep
|turn|2
|inactive|Zifilalgf has 30 seconds left.
|
|t:|1756160570
|move|p2b: Electabuzz|Follow Me|p2b: Electabuzz
|-singleturn|p2b: Electabuzz|move: Follow Me
|move|p1a: Sneasler|Dire Claw|p2b: Electabuzz
|-damage|p2b: Electabuzz|0 fnt
|faint|p2b: Electabuzz
|move|p2a: Tyranitar|Rock Slide|p1b: Dragonite|[spread] p1a,p1b
|-resisted|p1a: Sneasler
|-supereffective|p1b: Dragonite
|-damage|p1a: Sneasler|59/100
|-damage|p1b: Dragonite|0 fnt
|faint|p1b: Dragonite
|
|-weather|Sandstorm|[upkeep]
|-damage|p1a: Sneasler|53/100|[from] Sandstorm
|-damage|p2a: Tyranitar|89/100|[from] Sandstorm
|upkeep
|
|t:|1756160584
|switch|p1b: Dondozo|Dondozo, L50, M|100/100
|switch|p2b: Annihilape|Annihilape, L50, F|100/100
|turn|3
|
|t:|1756160596
|move|p2a: Tyranitar|Protect|p2a: Tyranitar
|-singleturn|p2a: Tyranitar|Protect
|move|p1a: Sneasler|Dire Claw|p2a: Tyranitar
|-activate|p2a: Tyranitar|move: Protect
|move|p2b: Annihilape|Coaching|p2a: Tyranitar
|-boost|p2a: Tyranitar|atk|1
|-boost|p2a: Tyranitar|def|1
|move|p1b: Dondozo|Yawn|p2b: Annihilape
|-start|p2b: Annihilape|move: Yawn|[of] p1b: Dondozo
|
|-weather|Sandstorm|[upkeep]
|-damage|p1a: Sneasler|48/100|[from] Sandstorm
|-damage|p2a: Tyranitar|83/100|[from] Sandstorm
|-damage|p2b: Annihilape|95/100|[from] Sandstorm
|-damage|p1b: Dondozo|94/100|[from] Sandstorm
|-heal|p1b: Dondozo|100/100|[from] item: Leftovers
|upkeep
|turn|4
|inactive|Maziii has 30 seconds left.
|
|t:|1756160625
|move|p1a: Sneasler|Protect|p1a: Sneasler
|-singleturn|p1a: Sneasler|Protect
|move|p2a: Tyranitar|Knock Off|p1a: Sneasler
|-activate|p1a: Sneasler|move: Protect
|move|p2b: Annihilape|Coaching|p2a: Tyranitar
|-boost|p2a: Tyranitar|atk|1
|-boost|p2a: Tyranitar|def|1
|move|p1b: Dondozo|Fissure|p2a: Tyranitar
|-damage|p2a: Tyranitar|0 fnt
|faint|p2a: Tyranitar
|-ohko
|
|-weather|Sandstorm|[upkeep]
|-damage|p1a: Sneasler|42/100|[from] Sandstorm
|-damage|p2b: Annihilape|89/100|[from] Sandstorm
|-damage|p1b: Dondozo|94/100|[from] Sandstorm
|-heal|p1b: Dondozo|100/100|[from] item: Leftovers
|-end|p2b: Annihilape|move: Yawn|[silent]
|-status|p2b: Annihilape|slp
|upkeep
|c|☆Maziii|Come on man
|
|t:|1756160634
|switch|p2a: Ursaluna|Ursaluna-Bloodmoon, L50, M|100/100
|turn|5
|-message|Maziii forfeited.
|raw|Zifilalgf's rating: 1208 → 1230(+22 for winning)
|raw|Maziii's rating: 1162 → 1140(-22 for losing)
|
|win|Zifilalgf
|l|☆Maziii
|player|p2|
