|j|☆scizormetimbers07
|j|☆Slinky35
|html|scizormetimbers07Slinky35    
|uhtml|bestof|Game 2 of a best-of-3
|t:|1785108057
|gametype|doubles
|player|p1|scizormetimbers07|gambler|
|player|p2|Slinky35|170|
|gen|9
|tier|[Gen 9 Champions] VGC 2026 Reg M-B (Bo3)
|rule|Species Clause: Limit one of each Pokémon
|rule|Item Clause: Limit 1 of each item
|clearpoke
|poke|p1|Infernape, L50, F|
|poke|p1|Absol, L50, F|
|poke|p1|Whimsicott, L50, M, shiny|
|poke|p1|Kangaskhan, L50, F|
|poke|p1|Sinistcha-Masterpiece, L50, shiny|
|poke|p1|Blastoise, L50, M, shiny|
|poke|p2|Kingambit, L50, M|
|poke|p2|Gyarados, L50, M|
|poke|p2|Gliscor, L50, F|
|poke|p2|Delphox, L50, F|
|poke|p2|Vileplume, L50, F|
|poke|p2|Froslass, L50, F|
|teampreview|4
|showteam|p1|Infernape||ShellBell|IronFist|DrainPunch,FakeOut,ThunderPunch,FirePunch|Adamant||F|||50|]Absol||ScopeLens|SuperLuck|Detect,PsychoCut,ShadowClaw,NightSlash|Jolly||F|||50|]Whimsicott||FocusSash|Prankster|DazzlingGleam,LightScreen,Tailwind,Hurricane|Bold||M|||50|]Kangaskhan||Kangaskhanite|Scrappy|BodySlam,FakeOut,FirePunch,ThunderPunch|Adamant||F|||50|]Sinistcha-Masterpiece||Leftovers|Hospitality|MatchaGotcha,ShadowBall,Scald,LifeDew|Calm|||||50|]Blastoise||Blastoisinite|RainDish|AuraSphere,FakeOut,DragonPulse,WaterSpout|Modest||M|||50|
|showteam|p2|Kingambit||BlackGlasses|SupremeOverlord|KowtowCleave,SuckerPunch,Protect,IronHead|Adamant||M|||50|]Gyarados||SitrusBerry|Intimidate|Waterfall,ThunderWave,IceFang,Protect|Adamant||M|||50|]Gliscor||ChestoBerry|SandVeil|Earthquake,RockSlide,Uturn,Protect|Impish||F|||50|]Delphox||LifeOrb|Blaze|HeatWave,PsychicNoise,Overheat,Protect|Timid||F|||50|]Vileplume||BrightPowder|EffectSpore|SleepPowder,GigaDrain,SludgeBomb,StrengthSap|Bold||F|||50|]Froslass||Froslassite|SnowCloak|Blizzard,ShadowBall,Thunderbolt,DestinyBond|Timid||F|||50|
|j| xanian7
|
|t:|1785108095
|teamsize|p1|4
|teamsize|p2|4
|start
|switch|p1a: Whimsicott|Whimsicott, L50, M, shiny|100/100
|switch|p1b: Kangaskhan|Kangaskhan, L50, F|100/100
|switch|p2a: Delphox|Delphox, L50, F|100/100
|switch|p2b: Froslass|Froslass, L50, F|100/100
|turn|1
|
|t:|1785108142
|detailschange|p2b: Froslass|Froslass-Mega, L50, F
|-mega|p2b: Froslass|Froslass|Froslassite
|-weather|Snowscape|[from] ability: Snow Warning|[of] p2b: Froslass
|move|p1b: Kangaskhan|Fake Out|p2b: Froslass
|-damage|p2b: Froslass|81/100
|cant|p2b: Froslass|flinch
|move|p2a: Delphox|Heat Wave|p1a: Whimsicott|[spread] p1a,p1b
|-supereffective|p1a: Whimsicott|1
|-damage|p1a: Whimsicott|6/100
|-damage|p1b: Kangaskhan|55/100
|-damage|p2a: Delphox|90/100|[from] item: Life Orb
|move|p1a: Whimsicott|Dazzling Gleam|p2b: Froslass|[spread] p2a,p2b
|-resisted|p2a: Delphox|1
|-damage|p2a: Delphox|80/100
|-damage|p2b: Froslass|61/100
|
|-weather|Snowscape|[upkeep]
|upkeep
|turn|2
|
|t:|1785108176
|detailschange|p1b: Kangaskhan|Kangaskhan-Mega, L50, F
|-mega|p1b: Kangaskhan|Kangaskhan|Kangaskhanite
|move|p2a: Delphox|Protect|p2a: Delphox
|-singleturn|p2a: Delphox|Protect
|move|p1a: Whimsicott|Tailwind|p1a: Whimsicott
|-sidestart|p1: scizormetimbers07|move: Tailwind
|move|p1b: Kangaskhan|Fire Punch|p2b: Froslass
|-supereffective|p2b: Froslass|1
|-damage|p2b: Froslass|3/100
|-supereffective|p2b: Froslass|1
|-damage|p2b: Froslass|0 fnt
|faint|p2b: Froslass
|-hitcount|p2: Froslass|2
|
|-weather|Snowscape|[upkeep]
|upkeep
|
|t:|1785108197
|switch|p2b: Gliscor|Gliscor, L50, F|100/100
|turn|3
|
|t:|1785108219
|move|p1a: Whimsicott|Light Screen|p1a: Whimsicott
|-sidestart|p1: scizormetimbers07|move: Light Screen
|move|p1b: Kangaskhan|Body Slam|p2a: Delphox
|-damage|p2a: Delphox|15/100
|-damage|p2a: Delphox|0 fnt
|faint|p2a: Delphox
|-hitcount|p2: Delphox|2
|move|p2b: Gliscor|U-turn|p1a: Whimsicott
|-damage|p1a: Whimsicott|0 fnt
|faint|p1a: Whimsicott
|
|t:|1785108229
|switch|p2b: Kingambit|Kingambit, L50, M|100/100|[from] U-turn
|-activate|p2b: Kingambit|ability: Supreme Overlord
|-start|p2b: Kingambit|fallen2|[silent]
|
|-weather|Snowscape|[upkeep]
|upkeep
|
|t:|1785108239
|switch|p2a: Gliscor|Gliscor, L50, F|100/100
|switch|p1a: Sinistcha|Sinistcha-Masterpiece, L50, shiny|100/100
|-heal|p1b: Kangaskhan|80/100|[from] ability: Hospitality|[of] p1a: Sinistcha
|turn|4
|
|t:|1785108296
|move|p2b: Kingambit|Protect|p2b: Kingambit
|-singleturn|p2b: Kingambit|Protect
|move|p1b: Kangaskhan|Fire Punch|p2b: Kingambit
|-activate|p2b: Kingambit|move: Protect
|move|p1a: Sinistcha|Scald|p2a: Gliscor
|-supereffective|p2a: Gliscor|1
|-damage|p2a: Gliscor|42/100
|-status|p2a: Gliscor|brn
|move|p2a: Gliscor|Earthquake|p1a: Sinistcha|[spread] p1a,p1b
|-activate|p2b: Kingambit|move: Protect
|-resisted|p1a: Sinistcha|1
|-damage|p1a: Sinistcha|94/100
|-damage|p1b: Kangaskhan|69/100
|
|-weather|Snowscape|[upkeep]
|-heal|p1a: Sinistcha|100/100|[from] item: Leftovers
|-damage|p2a: Gliscor|36/100 brn|[from] brn
|upkeep
|turn|5
|
|t:|1785108323
|move|p2b: Kingambit|Sucker Punch|p1a: Sinistcha
|-supereffective|p1a: Sinistcha|1
|-damage|p1a: Sinistcha|0 fnt
|faint|p1a: Sinistcha
|move|p1b: Kangaskhan|Fire Punch|p2b: Kingambit
|-supereffective|p2b: Kingambit|1
|-damage|p2b: Kingambit|58/100
|-supereffective|p2b: Kingambit|1
|-damage|p2b: Kingambit|49/100
|-hitcount|p2b: Kingambit|2
|move|p2a: Gliscor|Rock Slide|p1b: Kangaskhan
|-damage|p1b: Kangaskhan|62/100
|
|-weather|none
|-damage|p2a: Gliscor|30/100 brn|[from] brn
|-sideend|p1: scizormetimbers07|move: Tailwind
|upkeep
|
|t:|1785108337
|switch|p1a: Absol|Absol, L50, F|100/100
|turn|6
|
|t:|1785108361
|move|p2b: Kingambit|Protect|p2b: Kingambit
|-singleturn|p2b: Kingambit|Protect
|move|p1a: Absol|Night Slash|p2a: Gliscor
|-crit|p2a: Gliscor
|-damage|p2a: Gliscor|0 fnt
|faint|p2a: Gliscor
|move|p1b: Kangaskhan|Fire Punch|p2b: Kingambit
|-activate|p2b: Kingambit|move: Protect
|
|upkeep
|turn|7
|
|t:|1785108399
|move|p1a: Absol|Night Slash|p2b: Kingambit
|-resisted|p2b: Kingambit|1
|-crit|p2b: Kingambit
|-damage|p2b: Kingambit|29/100
|move|p1b: Kangaskhan|Fire Punch|p2b: Kingambit
|-supereffective|p2b: Kingambit|1
|-damage|p2b: Kingambit|0 fnt
|faint|p2b: Kingambit
|-end|p2b: Kingambit|fallen2|[silent]
|
|win|scizormetimbers07
|l|☆Slinky35
|player|p2|
