|j|☆parsley<3
|j|☆marcosdeltasena31
|html|parsley<3marcosdeltasena31    
|uhtml|bestof|Game 3 of a best-of-3
|t:|1756187549
|gametype|doubles
|player|p1|parsley<3|lacey|1242
|player|p2|marcosdeltasena31|hilbert|1317
|gen|9
|tier|[Gen 9] VGC 2025 Reg H (Bo3)
|rated|
|rule|Species Clause: Limit one of each Pokémon
|rule|Item Clause: Limit 1 of each item
|clearpoke
|poke|p1|Incineroar, L50, F|
|poke|p1|Amoonguss, L50, F|
|poke|p1|Porygon2, L50|
|poke|p1|Ursaluna, L50, F|
|poke|p1|Dragonite, L50, M|
|poke|p1|Gholdengo, L50|
|poke|p2|Archaludon, L50, F|
|poke|p2|Pelipper, L50, F|
|poke|p2|Basculegion, L50, M|
|poke|p2|Incineroar, L50, F|
|poke|p2|Amoonguss, L50, F|
|poke|p2|Gholdengo, L50|
|teampreview|4
|showteam|p1|Incineroar||SafetyGoggles|Intimidate|FakeOut,KnockOff,PartingShot,FlareBlitz|||F|||50|,,,,,Ghost]Amoonguss||RockyHelmet|Regenerator|Spore,RagePowder,Protect,SludgeBomb|||F|||50|,,,,,Water]Porygon2||Eviolite|Download|TeraBlast,IceBeam,Recover,TrickRoom||||||50|,,,,,Fighting]Ursaluna||FlameOrb|Guts|Facade,Protect,HeadlongRush,Earthquake|||F|||50|,,,,,Fairy]Dragonite||LoadedDice|Multiscale|ScaleShot,Tailwind,Protect,Haze|||M|||50|,,,,,Fairy]Gholdengo||LifeOrb|GoodasGold|MakeItRain,ShadowBall,Protect,NastyPlot||||||50|,,,,,Water
|showteam|p2|Archaludon||AssaultVest|Stamina|ElectroShot,DragonPulse,FlashCannon,BodyPress|||F|||50|,,,,,Bug]Pelipper||FocusSash|Drizzle|WeatherBall,Hurricane,Tailwind,Protect|||F|||50|,,,,,Ghost]Basculegion||ChoiceBand|SwiftSwim|WaveCrash,LastRespects,AquaJet,FlipTurn|||M|||50|,,,,,Water]Incineroar||SafetyGoggles|Intimidate|FlareBlitz,FakeOut,PartingShot,KnockOff|||F|||50|,,,,,Ghost]Amoonguss||SitrusBerry|Regenerator|PollenPuff,Spore,RagePowder,Protect|||F|||50|,,,,,Psychic]Gholdengo||LifeOrb|GoodasGold|MakeItRain,ShadowBall,NastyPlot,Protect||||||50|,,,,,Water
|
|t:|1756187568
|teamsize|p1|4
|teamsize|p2|4
|start
|switch|p1a: hermes|Dragonite, L50, M|100/100
|switch|p1b: jack the beanstalk|Gholdengo, L50|100/100
|switch|p2a: Archaludon|Archaludon, L50, F|100/100
|switch|p2b: Pelipper|Pelipper, L50, F|100/100
|-weather|RainDance|[from] ability: Drizzle|[of] p2b: Pelipper
|turn|1
|
|t:|1756187595
|move|p1b: jack the beanstalk|Make It Rain|p2a: Archaludon|[spread] p2a,p2b
|-resisted|p2a: Archaludon
|-resisted|p2b: Pelipper
|-damage|p2a: Archaludon|83/100
|-damage|p2b: Pelipper|52/100
|-unboost|p1b: jack the beanstalk|spa|1
|-ability|p2a: Archaludon|Stamina|boost
|-boost|p2a: Archaludon|def|1
|-damage|p1b: jack the beanstalk|91/100|[from] item: Life Orb
|move|p1a: hermes|Scale Shot|p2b: Pelipper
|-damage|p2b: Pelipper|32/100
|-damage|p2b: Pelipper|11/100
|-damage|p2b: Pelipper|0 fnt
|faint|p2b: Pelipper
|-hitcount|p2: Pelipper|3
|-unboost|p1a: hermes|def|1
|-boost|p1a: hermes|spe|1
|move|p2a: Archaludon|Electro Shot||[still]
|-prepare|p2a: Archaludon|Electro Shot
|-boost|p2a: Archaludon|spa|1
|-anim|p2a: Archaludon|Electro Shot|p1b: jack the beanstalk
|-damage|p1b: jack the beanstalk|21/100
|
|-weather|RainDance|[upkeep]
|upkeep
|
|t:|1756187608
|switch|p2b: Gholdengo|Gholdengo, L50|100/100
|turn|2
|
|t:|1756187631
|move|p1a: hermes|Tailwind|p1a: hermes
|-sidestart|p1: parsley<3|move: Tailwind
|move|p1b: jack the beanstalk|Shadow Ball|p2a: Archaludon
|-damage|p2a: Archaludon|60/100
|-ability|p2a: Archaludon|Stamina|boost
|-boost|p2a: Archaludon|def|1
|-damage|p1b: jack the beanstalk|11/100|[from] item: Life Orb
|move|p2b: Gholdengo|Make It Rain|p1a: hermes|[spread] p1a,p1b
|-resisted|p1b: jack the beanstalk
|-damage|p1a: hermes|70/100
|-damage|p1b: jack the beanstalk|0 fnt
|-unboost|p2b: Gholdengo|spa|1
|faint|p1b: jack the beanstalk
|-damage|p2b: Gholdengo|91/100|[from] item: Life Orb
|move|p2a: Archaludon|Electro Shot||[still]
|-prepare|p2a: Archaludon|Electro Shot
|-boost|p2a: Archaludon|spa|1
|-anim|p2a: Archaludon|Electro Shot|p1a: hermes
|-damage|p1a: hermes|0 fnt
|faint|p1a: hermes
|
|-weather|RainDance|[upkeep]
|upkeep
|
|t:|1756187642
|switch|p1b: tin man|Amoonguss, L50, F|100/100
|switch|p1a: ferdinand|Ursaluna, L50, F|100/100
|turn|3
|
|t:|1756187661
|switch|p2b: Amoonguss|Amoonguss, L50, F|100/100
|-terastallize|p2a: Archaludon|Bug
|move|p1a: ferdinand|Protect|p1a: ferdinand
|-singleturn|p1a: ferdinand|Protect
|move|p2a: Archaludon|Dragon Pulse|p1a: ferdinand
|-activate|p1a: ferdinand|move: Protect
|move|p1b: tin man|Spore|p2a: Archaludon
|-status|p2a: Archaludon|slp|[from] move: Spore
|
|-weather|RainDance|[upkeep]
|-status|p1a: ferdinand|brn|[from] item: Flame Orb
|upkeep
|turn|4
|
|t:|1756187677
|move|p2b: Amoonguss|Protect|p2b: Amoonguss
|-singleturn|p2b: Amoonguss|Protect
|move|p1a: ferdinand|Earthquake|p2a: Archaludon|[spread] p1b,p2a
|-activate|p2b: Amoonguss|move: Protect
|-resisted|p2a: Archaludon
|-damage|p1b: tin man|47/100
|-damage|p2a: Archaludon|48/100 slp
|-ability|p2a: Archaludon|Stamina|boost
|-boost|p2a: Archaludon|def|1
|cant|p2a: Archaludon|slp
|move|p1b: tin man|Sludge Bomb|p2a: Archaludon
|-damage|p2a: Archaludon|31/100 slp
|-ability|p2a: Archaludon|Stamina|boost
|-boost|p2a: Archaludon|def|1
|
|-weather|RainDance|[upkeep]
|-damage|p1a: ferdinand|95/100 brn|[from] brn
|upkeep
|turn|5
|
|t:|1756187699
|move|p2b: Amoonguss|Rage Powder|p2b: Amoonguss
|-singleturn|p2b: Amoonguss|move: Rage Powder
|move|p1a: ferdinand|Facade|p2b: Amoonguss
|-damage|p2b: Amoonguss|0 fnt
|faint|p2b: Amoonguss
|cant|p2a: Archaludon|slp
|move|p1b: tin man|Spore|p2a: Archaludon
|-fail|p2a: Archaludon|slp
|
|-weather|none
|-damage|p1a: ferdinand|89/100 brn|[from] brn
|-sideend|p1: parsley<3|move: Tailwind
|upkeep
|
|t:|1756187709
|switch|p2b: Gholdengo|Gholdengo, L50|91/100
|turn|6
|
|t:|1756187721
|move|p1b: tin man|Rage Powder|p1b: tin man
|-singleturn|p1b: tin man|move: Rage Powder
|move|p2b: Gholdengo|Make It Rain|p1a: ferdinand|[spread] p1a,p1b
|-damage|p1a: ferdinand|31/100 brn
|-damage|p1b: tin man|0 fnt
|-unboost|p2b: Gholdengo|spa|1
|faint|p1b: tin man
|-damage|p2b: Gholdengo|82/100|[from] item: Life Orb
|-curestatus|p2a: Archaludon|slp|[msg]
|move|p2a: Archaludon|Body Press|p1a: ferdinand
|-supereffective|p1a: ferdinand
|-damage|p1a: ferdinand|0 fnt
|faint|p1a: ferdinand
|
|win|marcosdeltasena31
|raw|parsley<3's rating: 1242 → 1222(-20 for losing)
|raw|marcosdeltasena31's rating: 1317 → 1333(+16 for winning)
