|j|☆Inferno prodigy
|j|☆13JVH
|html|Inferno prodigy13JVH    
|uhtml|bestof|Game 1 of a best-of-3
|t:|1782689677
|gametype|doubles
|player|p1|Inferno prodigy|169|1131
|player|p2|13JVH|shadowtriad|1085
|gen|9
|tier|[Gen 9 Champions] VGC 2026 Reg M-B (Bo3)
|rated|
|rule|Species Clause: Limit one of each Pokémon
|rule|Item Clause: Limit 1 of each item
|clearpoke
|poke|p1|Staraptor, L50, M|
|poke|p1|Whimsicott, L50, F|
|poke|p1|Glimmora, L50, M, shiny|
|poke|p1|Kingambit, L50, M|
|poke|p1|Basculegion, L50, M|
|poke|p1|Garchomp, L50, M|
|poke|p2|Excadrill, L50, F|
|poke|p2|Tyranitar, L50, F|
|poke|p2|Corviknight, L50, F|
|poke|p2|Rotom-Wash, L50|
|poke|p2|Milotic, L50, M|
|poke|p2|Sinistcha, L50|
|teampreview|4
|showteam|p1|Staraptor||Staraptite|Intimidate|BraveBird,CloseCombat,Roost,Protect|Jolly||M|||50|]Whimsicott||FairyFeather|Prankster|Tickle,Tailwind,Moonblast,Protect|Timid||F|||50|]Glimmora||FocusSash|ToxicDebris|SludgeBomb,PowerGem,EarthPower,SpikyShield|Timid||M|||50|]Kingambit||ChopleBerry|Defiant|KowtowCleave,SuckerPunch,IronHead,Protect|Adamant||M|||50|]Basculegion||LifeOrb|Adaptability|WaveCrash,LastRespects,AquaJet,Protect|Adamant||M|||50|]Garchomp||SitrusBerry|RoughSkin|DragonClaw,StompingTantrum,RockTomb,Protect|Adamant||M|||50|
|showteam|p2|Excadrill||FocusSash|SandRush|IronHead,Protect,RockSlide,Earthquake|Adamant||F|||50|]Tyranitar||Tyranitarite|SandStream|RockSlide,Protect,KnockOff,LowKick|Adamant||F|||50|]Corviknight||Leftovers|MirrorArmor|BraveBird,Tailwind,Roost,BodyPress|Adamant||F|||50|]Rotom-Wash||SitrusBerry|Levitate|HydroPump,Thunderbolt,WillOWisp,VoltSwitch|Timid|||||50|]Milotic||MysticWater|Competitive|Scald,Protect,IcyWind,Recover|Bold||M|||50|]Sinistcha||KasibBerry|Hospitality|MatchaGotcha,RagePowder,TrickRoom,LifeDew|Bold|||||50|
|inactive|Battle timer is ON: inactive players will automatically lose when time's up. (requested by 13JVH)
|inactive|Inferno prodigy has 60 seconds left.
|inactive|Inferno prodigy has 30 seconds left.
|inactive|Inferno prodigy has 20 seconds left.
|inactive|Inferno prodigy has 15 seconds left.
|
|t:|1782689756
|teamsize|p1|4
|teamsize|p2|4
|start
|switch|p1a: Whimsicott|Whimsicott, L50, F|100/100
|switch|p1b: Glimmora|Glimmora, L50, M, shiny|100/100
|switch|p2a: Excadrill|Excadrill, L50, F|100/100
|switch|p2b: Tyranitar|Tyranitar, L50, F|100/100
|-weather|Sandstorm|[from] ability: Sand Stream|[of] p2b: Tyranitar
|turn|1
|inactive|Inferno prodigy has 30 seconds left.
|inactive|Inferno prodigy has 20 seconds left.
|
|t:|1782689792
|detailschange|p2b: Tyranitar|Tyranitar-Mega, L50, F
|-mega|p2b: Tyranitar|Tyranitar|Tyranitarite
|move|p2b: Tyranitar|Protect|p2b: Tyranitar
|-singleturn|p2b: Tyranitar|Protect
|move|p1a: Whimsicott|Tailwind|p1a: Whimsicott
|-sidestart|p1: Inferno prodigy|move: Tailwind
|move|p1b: Glimmora|Earth Power|p2a: Excadrill
|-supereffective|p2a: Excadrill|1
|-damage|p2a: Excadrill|20/100y
|move|p2a: Excadrill|Earthquake|p1a: Whimsicott|[spread] p1a,p1b
|-activate|p2b: Tyranitar|move: Protect
|-resisted|p1a: Whimsicott|1
|-supereffective|p1b: Glimmora|2
|-damage|p1a: Whimsicott|68/100
|-enditem|p1b: Glimmora|Focus Sash
|-damage|p1b: Glimmora|1/100
|-activate|p1b: Glimmora|ability: Toxic Debris
|-sidestart|p2: 13JVH|move: Toxic Spikes
|
|-weather|Sandstorm|[upkeep]
|-damage|p1a: Whimsicott|62/100|[from] Sandstorm
|upkeep
|turn|2
|inactive|Inferno prodigy has 30 seconds left.
|inactive|13JVH has 30 seconds left.
|inactive|Inferno prodigy has 20 seconds left.
|inactive|13JVH has 20 seconds left.
|inactive|Inferno prodigy has 15 seconds left.
|inactive|Inferno prodigy has 10 seconds left.
|inactive|Inferno prodigy has 5 seconds left.
|
|t:|1782689843
|move|p2a: Excadrill|Protect|p2a: Excadrill
|-singleturn|p2a: Excadrill|Protect
|move|p1a: Whimsicott|Moonblast|p2b: Tyranitar
|-supereffective|p2b: Tyranitar|1
|-damage|p2b: Tyranitar|56/100
|move|p1b: Glimmora|Earth Power|p2a: Excadrill
|-activate|p2a: Excadrill|move: Protect
|move|p2b: Tyranitar|Rock Slide|p1a: Whimsicott|[spread] p1a,p1b
|-damage|p1a: Whimsicott|7/100
|-damage|p1b: Glimmora|0 fnt
|-activate|p1b: Glimmora|ability: Toxic Debris
|-sidestart|p2: 13JVH|move: Toxic Spikes
|faint|p1b: Glimmora
|
|-weather|Sandstorm|[upkeep]
|-damage|p1a: Whimsicott|1/100|[from] Sandstorm
|upkeep
|
|t:|1782689859
|switch|p1b: Staraptor|Staraptor, L50, M|100/100
|-ability|p1b: Staraptor|Intimidate|boost
|-unboost|p2a: Excadrill|atk|1
|-unboost|p2b: Tyranitar|atk|1
|turn|3
|inactive|Inferno prodigy has 30 seconds left.
|
|t:|1782689892
|detailschange|p1b: Staraptor|Staraptor-Mega, L50, M
|-mega|p1b: Staraptor|Staraptor|Staraptite
|move|p2b: Tyranitar|Protect|p2b: Tyranitar
|-singleturn|p2b: Tyranitar|Protect
|move|p1a: Whimsicott|Tickle|p1b: Staraptor
|-boost|p1b: Staraptor|atk|1
|-boost|p1b: Staraptor|def|1
|move|p1b: Staraptor|Close Combat|p2a: Excadrill
|-supereffective|p2a: Excadrill|1
|-damage|p2a: Excadrill|0 fnt
|-boost|p1b: Staraptor|def|1
|-boost|p1b: Staraptor|spd|1
|faint|p2a: Excadrill
|
|-weather|Sandstorm|[upkeep]
|-damage|p1a: Whimsicott|0 fnt|[from] Sandstorm
|-damage|p1b: Staraptor|93/100|[from] Sandstorm
|faint|p1a: Whimsicott
|upkeep
|
|t:|1782689913
|switch|p1a: Basculegion|Basculegion, L50, M|100/100
|switch|p2a: Milotic|Milotic, L50, M|100/100
|-status|p2a: Milotic|tox
|turn|4
|
|t:|1782689925
|move|p1b: Staraptor|Close Combat|p2b: Tyranitar
|-supereffective|p2b: Tyranitar|2
|-damage|p2b: Tyranitar|0 fnt
|-boost|p1b: Staraptor|def|1
|-boost|p1b: Staraptor|spd|1
|faint|p2b: Tyranitar
|move|p1a: Basculegion|Last Respects|p2a: Milotic
|-damage|p2a: Milotic|7/100 tox
|-damage|p1a: Basculegion|90/100|[from] item: Life Orb
|move|p2a: Milotic|Icy Wind|p1a: Basculegion|[spread] p1a,p1b
|-resisted|p1a: Basculegion|1
|-supereffective|p1b: Staraptor|1
|-damage|p1a: Basculegion|84/100
|-damage|p1b: Staraptor|81/100
|-unboost|p1a: Basculegion|spe|1
|-boost|p1b: Staraptor|spe|1
|
|-weather|Sandstorm|[upkeep]
|-damage|p1b: Staraptor|75/100|[from] Sandstorm
|-damage|p1a: Basculegion|78/100|[from] Sandstorm
|-damage|p2a: Milotic|1/100 tox|[from] Sandstorm
|-damage|p2a: Milotic|0 fnt|[from] psn
|faint|p2a: Milotic
|-sideend|p1: Inferno prodigy|move: Tailwind
|upkeep
|
|t:|1782689930
|switch|p2b: Rotom|Rotom-Wash, L50|100/100
|turn|5
|
|t:|1782689955
|move|p1b: Staraptor|Close Combat|p2b: Rotom
|-damage|p2b: Rotom|0 fnt
|-boost|p1b: Staraptor|def|1
|-boost|p1b: Staraptor|spd|1
|faint|p2b: Rotom
|
|win|Inferno prodigy
||13JVH is ready for game 2.
||Inferno prodigy is ready for game 2.
|uhtml|next|Next: Game 2 of 3
|l|☆13JVH
|player|p2|
