|j|☆klkconklwa
|j|☆monsoonisbest
|html|klkconklwamonsoonisbest    
|uhtml|bestof|Game 2 of a best-of-3
|t:|1784303052
|gametype|doubles
|player|p1|klkconklwa|265|1236
|player|p2|monsoonisbest|101|1233
|gen|9
|tier|[Gen 9 Champions] VGC 2026 Reg M-B (Bo3)
|rated|
|rule|Species Clause: Limit one of each Pokémon
|rule|Item Clause: Limit 1 of each item
|clearpoke
|poke|p1|Charizard, L50, M, shiny|
|poke|p1|Kingambit, L50, F, shiny|
|poke|p1|Incineroar, L50, M, shiny|
|poke|p1|Sylveon, L50, F, shiny|
|poke|p1|Garchomp, L50, F, shiny|
|poke|p1|Aerodactyl, L50, F, shiny|
|poke|p2|Gengar, L50, F|
|poke|p2|Swampert, L50, M|
|poke|p2|Incineroar, L50, F|
|poke|p2|Politoed, L50, M|
|poke|p2|Archaludon, L50, F|
|poke|p2|Vivillon-Monsoon, L50, M|
|teampreview|4
|showteam|p1|Charizard||CharizarditeY|Blaze|WeatherBall,HeatWave,SolarBeam,Protect|Modest||M|||50|]Kingambit||FocusSash|Defiant|IronHead,SuckerPunch,KowtowCleave,LowKick|Adamant||F|||50|]Incineroar||SitrusBerry|Intimidate|FlareBlitz,FakeOut,DarkestLariat,PartingShot|Impish||M|||50|]Sylveon||FairyFeather|Pixilate|HyperVoice,QuickAttack,Yawn,Detect|Modest||F|||50|]Garchomp||LifeOrb|RoughSkin|Protect,DragonClaw,Earthquake,StompingTantrum|Jolly||F|||50|]Aerodactyl||Aerodactylite|Unnerve|RockSlide,DualWingbeat,Tailwind,IceFang|Jolly||F|||50|
|showteam|p2|Gengar||Gengarite|CursedBody|ShadowBall,PerishSong,SludgeBomb,Protect|Timid||F|||50|]Swampert||Swampertite|Damp|WaveCrash,Earthquake,IcePunch,Protect|Adamant||M|||50|]Incineroar||PasshoBerry|Intimidate|ThroatChop,PartingShot,FakeOut,Protect|Sassy||F|||50|]Politoed||SitrusBerry|Drizzle|WeatherBall,PerishSong,Encore,Protect|Calm||M|||50|]Archaludon||Leftovers|Stamina|DragonPulse,FlashCannon,ElectroShot,Protect|Bold||F|||50|]Vivillon-Monsoon||FocusSash|CompoundEyes|Hurricane,SleepPowder,RagePowder,Protect|Timid||M|||50|
|
|t:|1784303082
|teamsize|p1|4
|teamsize|p2|4
|start
|switch|p1a: Incineroar|Incineroar, L50, M, shiny|100/100
|switch|p1b: Sylveon|Sylveon, L50, F, shiny|100/100
|switch|p2a: Incineroar|Incineroar, L50, F|100/100
|switch|p2b: Gengar|Gengar, L50, F|100/100
|-ability|p1a: Incineroar|Intimidate|boost
|-unboost|p2a: Incineroar|atk|1
|-unboost|p2b: Gengar|atk|1
|-ability|p2a: Incineroar|Intimidate|boost
|-unboost|p1a: Incineroar|atk|1
|-unboost|p1b: Sylveon|atk|1
|turn|1
|
|t:|1784303108
|switch|p1b: Kingambit|Kingambit, L50, F, shiny|100/100
|detailschange|p2b: Gengar|Gengar-Mega, L50, F
|-mega|p2b: Gengar|Gengar|Gengarite
|move|p1a: Incineroar|Fake Out|p2a: Incineroar
|-damage|p2a: Incineroar|94/100
|move|p2b: Gengar|Perish Song|p2b: Gengar
|-start|p1a: Incineroar|perish3|[silent]
|-start|p1b: Kingambit|perish3|[silent]
|-start|p2a: Incineroar|perish3|[silent]
|-start|p2b: Gengar|perish3|[silent]
|-fieldactivate|move: Perish Song
|cant|p2a: Incineroar|flinch
|
|-start|p2b: Gengar|perish3
|-start|p1b: Kingambit|perish3
|-start|p1a: Incineroar|perish3
|-start|p2a: Incineroar|perish3
|upkeep
|turn|2
|
|t:|1784303121
|move|p2b: Gengar|Protect|p2b: Gengar
|-singleturn|p2b: Gengar|Protect
|move|p2a: Incineroar|Protect|p2a: Incineroar
|-singleturn|p2a: Incineroar|Protect
|move|p1b: Kingambit|Low Kick|p2a: Incineroar
|-activate|p2a: Incineroar|move: Protect
|move|p1a: Incineroar|Darkest Lariat|p2b: Gengar
|-activate|p2b: Gengar|move: Protect
|
|-start|p2b: Gengar|perish2
|-start|p1b: Kingambit|perish2
|-start|p1a: Incineroar|perish2
|-start|p2a: Incineroar|perish2
|upkeep
|turn|3
|
|t:|1784303146
|switch|p2b: Politoed|Politoed, L50, M|100/100
|-weather|RainDance|[from] ability: Drizzle|[of] p2b: Politoed
|move|p1b: Kingambit|Low Kick|p2a: Incineroar
|-supereffective|p2a: Incineroar|1
|-damage|p2a: Incineroar|35/100
|move|p1a: Incineroar|Parting Shot|p2b: Politoed
|-unboost|p2b: Politoed|atk|1
|-unboost|p2b: Politoed|spa|1
|
|t:|1784303164
|switch|p1a: Charizard|Charizard, L50, M, shiny|100/100|[from] Parting Shot
|move|p2a: Incineroar|Parting Shot|p1a: Charizard
|-unboost|p1a: Charizard|atk|1
|-unboost|p1a: Charizard|spa|1
|
|t:|1784303167
|switch|p2a: Gengar|Gengar-Mega, L50, F|100/100|[from] Parting Shot
|
|-weather|RainDance|[upkeep]
|-start|p1b: Kingambit|perish1
|upkeep
|turn|4
|
|t:|1784303203
|switch|p2b: Incineroar|Incineroar, L50, F|35/100
|-ability|p2b: Incineroar|Intimidate|boost
|-unboost|p1a: Charizard|atk|1
|-unboost|p1b: Kingambit|atk|1
|-ability|p1b: Kingambit|Defiant|boost
|-boost|p1b: Kingambit|atk|2
|detailschange|p1a: Charizard|Charizard-Mega-Y, L50, M, shiny
|-mega|p1a: Charizard|Charizard|Charizardite Y
|-weather|SunnyDay|[from] ability: Drought|[of] p1a: Charizard
|move|p2a: Gengar|Protect|p2a: Gengar
|-singleturn|p2a: Gengar|Protect
|move|p1a: Charizard|Solar Beam||[still]
|-prepare|p1a: Charizard|Solar Beam
|-anim|p1a: Charizard|Solar Beam|p2b: Incineroar
|-resisted|p2b: Incineroar|1
|-damage|p2b: Incineroar|23/100
|move|p1b: Kingambit|Kowtow Cleave|p2a: Gengar
|-activate|p2a: Gengar|move: Protect
|
|-weather|SunnyDay|[upkeep]
|-start|p1b: Kingambit|perish0
|faint|p1b: Kingambit
|upkeep
|
|t:|1784303227
|switch|p1b: Incineroar|Incineroar, L50, M, shiny|100/100
|-ability|p1b: Incineroar|Intimidate|boost
|-unboost|p2a: Gengar|atk|1
|-unboost|p2b: Incineroar|atk|1
|turn|5
|
|t:|1784303256
|switch|p2a: Politoed|Politoed, L50, M|100/100
|-weather|RainDance|[from] ability: Drizzle|[of] p2a: Politoed
|move|p1b: Incineroar|Fake Out|p2b: Incineroar
|-damage|p2b: Incineroar|14/100
|move|p1a: Charizard|Weather Ball|p2a: Politoed
|-resisted|p2a: Politoed|1
|-crit|p2a: Politoed
|-damage|p2a: Politoed|64/100
|cant|p2b: Incineroar|flinch
|
|-weather|RainDance|[upkeep]
|upkeep
|turn|6
|
|t:|1784303274
|switch|p1a: Sylveon|Sylveon, L50, F, shiny|100/100
|move|p2a: Politoed|Perish Song|p2a: Politoed
|-start|p1a: Sylveon|perish3|[silent]
|-start|p1b: Incineroar|perish3|[silent]
|-start|p2a: Politoed|perish3|[silent]
|-start|p2b: Incineroar|perish3|[silent]
|-fieldactivate|move: Perish Song
|move|p1b: Incineroar|Darkest Lariat|p2b: Incineroar
|-resisted|p2b: Incineroar|1
|-damage|p2b: Incineroar|1/100
|move|p2b: Incineroar|Parting Shot|p1b: Incineroar
|-unboost|p1b: Incineroar|atk|1
|-unboost|p1b: Incineroar|spa|1
|
|t:|1784303278
|switch|p2b: Gengar|Gengar-Mega, L50, F|100/100|[from] Parting Shot
|
|-weather|RainDance|[upkeep]
|-start|p2a: Politoed|perish3
|-start|p1a: Sylveon|perish3
|-start|p1b: Incineroar|perish3
|upkeep
|turn|7
|
|t:|1784303314
|move|p1a: Sylveon|Detect|p1a: Sylveon
|-singleturn|p1a: Sylveon|Protect
|move|p2b: Gengar|Sludge Bomb|p1a: Sylveon
|-activate|p1a: Sylveon|move: Protect
|move|p2a: Politoed|Weather Ball|p1b: Incineroar
|-supereffective|p1b: Incineroar|1
|-damage|p1b: Incineroar|9/100
|-enditem|p1b: Incineroar|Sitrus Berry|[eat]
|-heal|p1b: Incineroar|34/100|[from] item: Sitrus Berry
|move|p1b: Incineroar|Parting Shot|p2b: Gengar
|-unboost|p2b: Gengar|atk|1
|-unboost|p2b: Gengar|spa|1
|
|t:|1784303329
|switch|p1b: Charizard|Charizard-Mega-Y, L50, M, shiny|100/100|[from] Parting Shot
|-weather|SunnyDay|[from] ability: Drought|[of] p1b: Charizard
|
|-weather|SunnyDay|[upkeep]
|-start|p2a: Politoed|perish2
|-start|p1a: Sylveon|perish2
|upkeep
|turn|8
|
|t:|1784303344
|move|p2b: Gengar|Sludge Bomb|p1a: Sylveon
|-supereffective|p1a: Sylveon|1
|-damage|p1a: Sylveon|45/100
|-status|p1a: Sylveon|psn
|move|p1b: Charizard|Heat Wave|p2a: Politoed|[spread] p2a,p2b
|-resisted|p2a: Politoed|1
|-damage|p2a: Politoed|42/100
|-damage|p2b: Gengar|39/100
|-status|p2b: Gengar|brn
|-enditem|p2a: Politoed|Sitrus Berry|[eat]
|-heal|p2a: Politoed|67/100|[from] item: Sitrus Berry
|move|p2a: Politoed|Weather Ball|p1a: Sylveon
|-damage|p1a: Sylveon|20/100y psn
|move|p1a: Sylveon|Hyper Voice|p2b: Gengar|[spread] p2a,p2b
|-resisted|p2b: Gengar|1
|-damage|p2a: Politoed|30/100
|-damage|p2b: Gengar|12/100 brn
|
|-weather|SunnyDay|[upkeep]
|-damage|p1a: Sylveon|8/100 psn|[from] psn
|-damage|p2b: Gengar|6/100 brn|[from] brn
|-start|p2a: Politoed|perish1
|-start|p1a: Sylveon|perish1
|upkeep
|turn|9
|
|t:|1784303378
|switch|p2a: Incineroar|Incineroar, L50, F|1/100
|-ability|p2a: Incineroar|Intimidate|boost
|-unboost|p1a: Sylveon|atk|1
|-unboost|p1b: Charizard|atk|1
|move|p2b: Gengar|Protect|p2b: Gengar
|-singleturn|p2b: Gengar|Protect
|move|p1a: Sylveon|Quick Attack|p2b: Gengar
|-activate|p2b: Gengar|move: Protect
|move|p1b: Charizard|Weather Ball|p2a: Incineroar
|-resisted|p2a: Incineroar|1
|-damage|p2a: Incineroar|0 fnt
|faint|p2a: Incineroar
|
|-weather|SunnyDay|[upkeep]
|-damage|p1a: Sylveon|0 fnt|[from] psn
|faint|p1a: Sylveon
|-damage|p2b: Gengar|0 fnt|[from] brn
|faint|p2b: Gengar
|upkeep
|
|t:|1784303389
|switch|p2b: Swampert|Swampert, L50, M|100/100
|switch|p1a: Incineroar|Incineroar, L50, M, shiny|34/100
|switch|p2a: Politoed|Politoed, L50, M|30/100
|-weather|RainDance|[from] ability: Drizzle|[of] p2a: Politoed
|-ability|p1a: Incineroar|Intimidate|boost
|-unboost|p2a: Politoed|atk|1
|-unboost|p2b: Swampert|atk|1
|turn|10
|
|t:|1784303415
|move|p1a: Incineroar|Fake Out|p2a: Politoed
|-damage|p2a: Politoed|20/100y
|move|p1b: Charizard|Weather Ball|p2b: Swampert
|-damage|p2b: Swampert|37/100
|move|p2b: Swampert|Wave Crash|p1b: Charizard
|-supereffective|p1b: Charizard|1
|-damage|p1b: Charizard|0 fnt
|faint|p1b: Charizard
|-damage|p2b: Swampert|4/100|[from] Recoil
|cant|p2a: Politoed|flinch
|
|-weather|RainDance|[upkeep]
|upkeep
|turn|11
|-message|klkconklwa forfeited.
|
|win|monsoonisbest
|raw|klkconklwa's rating: 1236 → 1211(-25 for losing)
|raw|monsoonisbest's rating: 1233 → 1258(+25 for winning)
