|j|☆Moose32
|j|☆Whim5
|html|Moose32Whim5    
|uhtml|bestof|Game 2 of a best-of-3
|t:|1783991820
|gametype|doubles
|player|p1|Moose32|tateandliza-gen6|
|player|p2|Whim5|backers|
|gen|9
|tier|[Gen 9 Champions] VGC 2026 Reg M-B (Bo3)
|rule|Species Clause: Limit one of each Pokémon
|rule|Item Clause: Limit 1 of each item
|clearpoke
|poke|p1|Pelipper, L50, F|
|poke|p1|Whimsicott, L50, F, shiny|
|poke|p1|Quaquaval, L50, M|
|poke|p1|Basculegion-F, L50, F|
|poke|p1|Archaludon, L50, M, shiny|
|poke|p1|Incineroar, L50, M|
|poke|p2|Lucario, L50, F|
|poke|p2|Meowstic, L50, M, shiny|
|poke|p2|Hydreigon, L50, M, shiny|
|poke|p2|Rotom-Frost, L50|
|poke|p2|Sinistcha, L50|
|poke|p2|Delphox, L50, F|
|teampreview|4
|showteam|p1|Pelipper||FocusSash|Drizzle|WeatherBall,Hurricane,Tailwind,Protect|Modest||F|||50|]Whimsicott||MentalHerb|Prankster|Moonblast,BeatUp,Encore,Tailwind|Timid||F|||50|]Quaquaval||WacanBerry|Moxie|AquaStep,CloseCombat,BraveBird,Protect|Jolly||M|||50|]Basculegion-F||LifeOrb|SwiftSwim|AquaJet,WaveCrash,LastRespects,Protect|Jolly||F|||50|]Archaludon||ChopleBerry|Stamina|ElectroShot,DracoMeteor,AuraSphere,Protect|Modest||M|||50|]Incineroar||SitrusBerry|Intimidate|FakeOut,DarkestLariat,HelpingHand,PartingShot|Careful||M|||50|
|showteam|p2|Lucario||Lucarionite|InnerFocus|AuraSphere,FlashCannon,ThunderPunch,Protect|Mild||F|||50|]Meowstic||FocusSash|Prankster|SunnyDay,FakeOut,PsychicNoise,LightScreen|Timid||M|||50|]Hydreigon||LifeOrb|Levitate|DarkPulse,DracoMeteor,FlashCannon,Protect|Timid||M|||50|]Rotom-Frost||ChoiceScarf|Levitate|Discharge,Blizzard,Trick,VoltSwitch|Timid|||||50|]Sinistcha||SitrusBerry|Hospitality|MatchaGotcha,Imprison,RagePowder,Protect|Calm|||||50|]Delphox||Delphoxite|Blaze|HeatWave,Psychic,SolarBeam,Protect|Modest||F|||50|
|j| QuickClawExplosion
|
|t:|1783992072
|teamsize|p1|4
|teamsize|p2|4
|start
|switch|p1a: JUBILEE|Whimsicott, L50, F, shiny|100/100
|switch|p1b: APOCALYPSE|Quaquaval, L50, M|100/100
|switch|p2a: Prank 'em John|Meowstic, L50, M, shiny|100/100
|switch|p2b: Green Meanie|Hydreigon, L50, M, shiny|100/100
|turn|1
|
|t:|1783992199
|switch|p1a: COLOSSUS|Archaludon, L50, M, shiny|100/100
|move|p1b: APOCALYPSE|Protect|p1b: APOCALYPSE
|-singleturn|p1b: APOCALYPSE|Protect
|move|p2a: Prank 'em John|Fake Out|p1a: COLOSSUS
|-resisted|p1a: COLOSSUS|1
|-damage|p1a: COLOSSUS|97/100
|-ability|p1a: COLOSSUS|Stamina|boost
|-boost|p1a: COLOSSUS|def|1
|move|p2b: Green Meanie|Flash Cannon|p1a: COLOSSUS
|-resisted|p1a: COLOSSUS|1
|-damage|p1a: COLOSSUS|73/100
|-unboost|p1a: COLOSSUS|spd|1
|-ability|p1a: COLOSSUS|Stamina|boost
|-boost|p1a: COLOSSUS|def|1
|-damage|p2b: Green Meanie|90/100|[from] item: Life Orb
|
|upkeep
|turn|2
|
|t:|1783992342
|move|p1a: COLOSSUS|Protect|p1a: COLOSSUS
|-singleturn|p1a: COLOSSUS|Protect
|move|p2a: Prank 'em John|Light Screen|p2a: Prank 'em John
|-sidestart|p2: Whim5|move: Light Screen
|move|p2b: Green Meanie|Draco Meteor|p1a: COLOSSUS
|-activate|p1a: COLOSSUS|move: Protect
|move|p1b: APOCALYPSE|Aqua Step|p2a: Prank 'em John
|-damage|p2a: Prank 'em John|51/100
|-boost|p1b: APOCALYPSE|spe|1
|
|upkeep
|turn|3
|
|t:|1783992458
|switch|p1a: JUGGERNAUT|Incineroar, L50, M|100/100
|-ability|p1a: JUGGERNAUT|Intimidate|boost
|-unboost|p2a: Prank 'em John|atk|1
|-unboost|p2b: Green Meanie|atk|1
|move|p1b: APOCALYPSE|Protect|p1b: APOCALYPSE
|-singleturn|p1b: APOCALYPSE|Protect
|move|p2a: Prank 'em John|Sunny Day|p2a: Prank 'em John
|-weather|SunnyDay
|move|p2b: Green Meanie|Draco Meteor|p1a: JUGGERNAUT
|-damage|p1a: JUGGERNAUT|32/100
|-unboost|p2b: Green Meanie|spa|2
|-enditem|p1a: JUGGERNAUT|Sitrus Berry|[eat]
|-heal|p1a: JUGGERNAUT|57/100|[from] item: Sitrus Berry
|-damage|p2b: Green Meanie|81/100|[from] item: Life Orb
|
|-weather|SunnyDay|[upkeep]
|upkeep
|turn|4
|
|t:|1783992509
|move|p1a: JUGGERNAUT|Fake Out|p2a: Prank 'em John
|-damage|p2a: Prank 'em John|38/100
|move|p1b: APOCALYPSE|Close Combat|p2b: Green Meanie
|-supereffective|p2b: Green Meanie|1
|-damage|p2b: Green Meanie|0 fnt
|-unboost|p1b: APOCALYPSE|def|1
|-unboost|p1b: APOCALYPSE|spd|1
|faint|p2b: Green Meanie
|-ability|p1b: APOCALYPSE|Moxie|boost
|-boost|p1b: APOCALYPSE|atk|1
|cant|p2a: Prank 'em John|flinch
|
|-weather|SunnyDay|[upkeep]
|upkeep
|
|t:|1783992522
|switch|p2b: The Mage|Delphox, L50, F|100/100
|turn|5
|
|t:|1783992669
|switch|p2a: PLOT FOR CLOUT|Rotom-Frost, L50|100/100
|detailschange|p2b: The Mage|Delphox-Mega, L50, F
|-mega|p2b: The Mage|Delphox|Delphoxite
|move|p1a: JUGGERNAUT|Helping Hand|p1b: APOCALYPSE
|-singleturn|p1b: APOCALYPSE|Helping Hand|[of] p1a: JUGGERNAUT
|move|p2b: The Mage|Protect|p2b: The Mage
|-singleturn|p2b: The Mage|Protect
|move|p1b: APOCALYPSE|Aqua Step|p2b: The Mage
|-activate|p2b: The Mage|move: Protect
|
|-weather|SunnyDay|[upkeep]
|upkeep
|turn|6
|
|t:|1783993028
|switch|p2b: Prank 'em John|Meowstic, L50, M, shiny|38/100
|switch|p1a: COLOSSUS|Archaludon, L50, M, shiny|73/100
|move|p2a: PLOT FOR CLOUT|Discharge|p1a: COLOSSUS|[spread] p2b,p1a,p1b
|-resisted|p1a: COLOSSUS|1
|-supereffective|p1b: APOCALYPSE|1
|-enditem|p1b: APOCALYPSE|Wacan Berry|[eat]
|-enditem|p1b: APOCALYPSE|Wacan Berry|[weaken]
|-damage|p2b: Prank 'em John|16/100
|-damage|p1a: COLOSSUS|54/100
|-damage|p1b: APOCALYPSE|42/100
|-ability|p1a: COLOSSUS|Stamina|boost
|-boost|p1a: COLOSSUS|def|1
|move|p1b: APOCALYPSE|Close Combat|p2a: PLOT FOR CLOUT
|-supereffective|p2a: PLOT FOR CLOUT|1
|-damage|p2a: PLOT FOR CLOUT|0 fnt
|-unboost|p1b: APOCALYPSE|def|1
|-unboost|p1b: APOCALYPSE|spd|1
|faint|p2a: PLOT FOR CLOUT
|-ability|p1b: APOCALYPSE|Moxie|boost
|-boost|p1b: APOCALYPSE|atk|1
|
|-weather|SunnyDay|[upkeep]
|-sideend|p2: Whim5|move: Light Screen
|upkeep
|
|t:|1783993059
|switch|p2a: The Mage|Delphox-Mega, L50, F|100/100
|turn|7
|
|t:|1783993125
|move|p1b: APOCALYPSE|Protect|p1b: APOCALYPSE
|-singleturn|p1b: APOCALYPSE|Protect
|move|p1a: COLOSSUS|Protect|p1a: COLOSSUS
|-singleturn|p1a: COLOSSUS|Protect
|move|p2b: Prank 'em John|Fake Out|p1b: APOCALYPSE
|-activate|p1b: APOCALYPSE|move: Protect
|move|p2a: The Mage|Heat Wave|p1b: APOCALYPSE|[spread] 
|-activate|p1a: COLOSSUS|move: Protect
|-activate|p1b: APOCALYPSE|move: Protect
|
|-weather|none
|upkeep
|turn|8
|
|t:|1783993280
|move|p2b: Prank 'em John|Sunny Day|p2b: Prank 'em John
|-weather|SunnyDay
|move|p1b: APOCALYPSE|Aqua Step|p2a: The Mage
|-supereffective|p2a: The Mage|1
|-damage|p2a: The Mage|0 fnt
|-boost|p1b: APOCALYPSE|spe|1
|faint|p2a: The Mage
|-ability|p1b: APOCALYPSE|Moxie|boost
|-boost|p1b: APOCALYPSE|atk|1
|move|p1a: COLOSSUS|Draco Meteor|p2b: Prank 'em John
|-damage|p2b: Prank 'em John|0 fnt
|-unboost|p1a: COLOSSUS|spa|2
|faint|p2b: Prank 'em John
|
|win|Moose32
|c|☆Whim5|damn gg
|inactive|Moose32 has 30 seconds to confirm battle start!
|inactive|Whim5 has 30 seconds to confirm battle start!
||Whim5 is ready for game 3.
|c|☆Moose32|gg
||Moose32 is ready for game 3.
|uhtml|next|Next: Game 3 of 3
|j| ropplebees
|l| ropplebees
