|j|☆seafan13
|j|☆geminiduality2
|html|seafan13geminiduality2    
|uhtml|bestof|Game 2 of a best-of-3
|t:|1785108296
|gametype|doubles
|player|p1|seafan13|n|
|player|p2|geminiduality2|caitlin|
|gen|9
|tier|[Gen 9 Champions] VGC 2026 Reg M-B (Bo3)
|rule|Species Clause: Limit one of each Pokémon
|rule|Item Clause: Limit 1 of each item
|clearpoke
|poke|p1|Milotic, L50, F, shiny|
|poke|p1|Umbreon, L50, M, shiny|
|poke|p1|Venusaur, L50, M, shiny|
|poke|p1|Goodra-Hisui, L50, M, shiny|
|poke|p1|Talonflame, L50, M, shiny|
|poke|p1|Mudsdale, L50, M, shiny|
|poke|p2|Whimsicott, L50, F, shiny|
|poke|p2|Greninja, L50, F|
|poke|p2|Froslass, L50, F, shiny|
|poke|p2|Sinistcha-Masterpiece, L50|
|poke|p2|Empoleon, L50, F|
|poke|p2|Incineroar, L50, M|
|teampreview|4
|showteam|p1|Milotic||RindoBerry|Competitive|Recover,IceBeam,Scald,Protect|Bold||F|||50|]Umbreon||Leftovers|Synchronize|Protect,Moonlight,FoulPlay,Toxic|Calm||M|||50|]Venusaur||Venusaurite|Chlorophyll|GigaDrain,SludgeBomb,Protect,Synthesis|Modest||M|||50|]Goodra-Hisui||ShellBell|SapSipper|Protect,DracoMeteor,DragonPulse,FlashCannon|Modest||M|||50|]Talonflame||LifeOrb|GaleWings|Protect,Roost,FlareBlitz,BraveBird|Jolly||M|||50|]Mudsdale||MuscleBand|Stamina|Protect,HighHorsepower,BodyPress,RockSlide|Impish||M|||50|
|showteam|p2|Whimsicott||MentalHerb|Prankster|Encore,Moonblast,Tailwind,HelpingHand|Bold||F|||50|]Greninja||Greninjite|Protean|HydroPump,GunkShot,Extrasensory,IceBeam|Hasty||F|||50|]Froslass||Froslassite|CursedBody|Blizzard,ShadowBall,Protect,AuroraVeil|Timid||F|||50|]Sinistcha-Masterpiece||Leftovers|Hospitality|RagePowder,StrengthSap,MatchaGotcha,ShadowBall|Calm|||||50|]Empoleon||LifeOrb|Competitive|Blizzard,HydroPump,FlashCannon,AquaJet|Modest||F|||50|]Incineroar||SitrusBerry|Intimidate|FakeOut,FlareBlitz,PartingShot,BrickBreak|Careful||M|||50|
|j| terosath
|j| Jaybird112233
|j| Bingus Von Bongus
|
|t:|1785108356
|teamsize|p1|4
|teamsize|p2|4
|start
|switch|p1a: Goodra|Goodra-Hisui, L50, M, shiny|100/100
|switch|p1b: Talonflame|Talonflame, L50, M, shiny|100/100
|switch|p2a: Prankster|Whimsicott, L50, F, shiny|100/100
|switch|p2b: My Ninja Way|Greninja, L50, F|100/100
|turn|1
|
|t:|1785108393
|switch|p2a: Vgc Cat|Incineroar, L50, M|100/100
|-ability|p2a: Vgc Cat|Intimidate|boost
|-unboost|p1a: Goodra|atk|1
|-unboost|p1b: Talonflame|atk|1
|move|p1b: Talonflame|Brave Bird|p2a: Vgc Cat
|-damage|p2a: Vgc Cat|61/100
|-damage|p1b: Talonflame|83/100|[from] Recoil
|-damage|p1b: Talonflame|73/100|[from] item: Life Orb
|move|p2b: My Ninja Way|Hydro Pump|p1b: Talonflame
|-start|p2b: My Ninja Way|typechange|Water|[from] ability: Protean
|-supereffective|p1b: Talonflame|1
|-damage|p1b: Talonflame|0 fnt
|faint|p1b: Talonflame
|move|p1a: Goodra|Flash Cannon|p2a: Vgc Cat
|-resisted|p2a: Vgc Cat|1
|-damage|p2a: Vgc Cat|46/100
|-unboost|p2a: Vgc Cat|spd|1
|-enditem|p2a: Vgc Cat|Sitrus Berry|[eat]
|-heal|p2a: Vgc Cat|70/100|[from] item: Sitrus Berry
|
|upkeep
|
|t:|1785108423
|switch|p1b: Mudsdale|Mudsdale, L50, M, shiny|100/100
|turn|2
|
|t:|1785108461
|detailschange|p2b: My Ninja Way|Greninja-Mega, L50, F
|-mega|p2b: My Ninja Way|Greninja|Greninjite
|move|p2a: Vgc Cat|Fake Out|p1a: Goodra
|-resisted|p1a: Goodra|1
|-damage|p1a: Goodra|94/100
|move|p2b: My Ninja Way|Ice Beam|p1b: Mudsdale
|-start|p2b: My Ninja Way|typechange|Ice|[from] ability: Protean
|-supereffective|p1b: Mudsdale|1
|-damage|p1b: Mudsdale|1/100
|-ability|p1b: Mudsdale|Stamina|boost
|-boost|p1b: Mudsdale|def|1
|cant|p1a: Goodra|flinch
|move|p1b: Mudsdale|High Horsepower|p2a: Vgc Cat
|-supereffective|p2a: Vgc Cat|1
|-damage|p2a: Vgc Cat|0 fnt
|faint|p2a: Vgc Cat
|
|upkeep
|
|t:|1785108478
|switch|p2a: Prankster|Whimsicott, L50, F, shiny|100/100
|turn|3
|
|t:|1785108502
|move|p2b: My Ninja Way|Ice Beam|p1a: Goodra
|-damage|p1a: Goodra|63/100
|-status|p1a: Goodra|frz
|move|p2a: Prankster|Moonblast|p1b: Mudsdale
|-damage|p1b: Mudsdale|0 fnt
|faint|p1b: Mudsdale
|cant|p1a: Goodra|frz
|
|upkeep
|
|t:|1785108512
|switch|p1b: Venusaur|Venusaur, L50, M, shiny|100/100
|turn|4
|
|t:|1785108527
|detailschange|p1b: Venusaur|Venusaur-Mega, L50, M, shiny
|-mega|p1b: Venusaur|Venusaur|Venusaurite
|move|p2b: My Ninja Way|Ice Beam|p1b: Venusaur
|-supereffective|p1b: Venusaur|1
|-damage|p1b: Venusaur|52/100
|-status|p1b: Venusaur|frz
|move|p2a: Prankster|Moonblast|p1a: Goodra
|-damage|p1a: Goodra|43/100 frz
|-curestatus|p1b: Venusaur|frz|[msg]
|move|p1b: Venusaur|Sludge Bomb|p2a: Prankster
|-supereffective|p2a: Prankster|2
|-damage|p2a: Prankster|0 fnt
|faint|p2a: Prankster
|cant|p1a: Goodra|frz
|
|upkeep
|
|t:|1785108541
|switch|p2a: Tea Time|Sinistcha-Masterpiece, L50|100/100
|turn|5
|
|t:|1785108569
|move|p2b: My Ninja Way|Ice Beam|p1a: Goodra
|-damage|p1a: Goodra|14/100 frz
|move|p1b: Venusaur|Synthesis|p1b: Venusaur
|-heal|p1b: Venusaur|100/100
|move|p2a: Tea Time|Shadow Ball|p1a: Goodra
|-damage|p1a: Goodra|0 fnt
|faint|p1a: Goodra
|
|upkeep
|turn|6
|
|t:|1785108599
|move|p2b: My Ninja Way|Extrasensory|p1b: Venusaur
|-supereffective|p1b: Venusaur|1
|-damage|p1b: Venusaur|49/100
|move|p1b: Venusaur|Sludge Bomb|p2a: Tea Time
|-damage|p2a: Tea Time|59/100
|move|p2a: Tea Time|Shadow Ball|p1b: Venusaur
|-damage|p1b: Venusaur|17/100
|
|-heal|p2a: Tea Time|65/100|[from] item: Leftovers
|upkeep
|turn|7
|
|t:|1785108612
|move|p2b: My Ninja Way|Extrasensory|p1b: Venusaur
|-supereffective|p1b: Venusaur|1
|-damage|p1b: Venusaur|0 fnt
|faint|p1b: Venusaur
|
|win|geminiduality2
|l|☆geminiduality2
|player|p2|
|l| Jaybird112233
|l| terosath
|l| Bingus Von Bongus
