|j|☆natsukookie
|j|☆lanagram
|html|natsukookielanagram    
|uhtml|bestof|Game 3 of a best-of-3
|t:|1785603139
|gametype|doubles
|player|p1|natsukookie|102|1099
|player|p2|lanagram|102|1151
|gen|9
|tier|[Gen 9 Champions] VGC 2026 Reg M-B (Bo3)
|rated|
|rule|Species Clause: Limit one of each Pokémon
|rule|Item Clause: Limit 1 of each item
|clearpoke
|poke|p1|Hatterene, L50, F|
|poke|p1|Oranguru, L50, M|
|poke|p1|Mawile, L50, F|
|poke|p1|Kangaskhan, L50, F|
|poke|p1|Venusaur, L50, F|
|poke|p1|Torkoal, L50, M|
|poke|p2|Gengar, L50, M|
|poke|p2|Altaria, L50, F|
|poke|p2|Grimmsnarl, L50, M|
|poke|p2|Hawlucha, L50, F|
|poke|p2|Snorlax, L50, F|
|poke|p2|Clefable, L50, F|
|teampreview|4
|showteam|p1|Hatterene||LifeOrb|MagicBounce|Protect,Psychic,TrickRoom,DazzlingGleam|Quiet||F|||50|]Oranguru||MentalHerb|InnerFocus|Protect,Instruct,Psychic,TrickRoom|Bold||M|||50|]Mawile||Mawilite|HyperCutter|SuckerPunch,PlayRough,Protect,IronHead|Brave||F|||50|]Kangaskhan||SilkScarf|Scrappy|LastResort,FakeOut|Brave||F|||50|]Venusaur||FocusSash|Chlorophyll|LeafStorm,SludgeBomb,SleepPowder,Protect|Modest||F|||50|]Torkoal||Charcoal|Drought|Eruption,Protect,EarthPower,HeatWave|Quiet||M|||50|
|showteam|p2|Gengar||Gengarite|CursedBody|ShadowBall,SludgeBomb,PerishSong,Protect|Timid||M|||50|]Altaria||YacheBerry|CloudNine|FireSpin,CottonGuard,Roost,Haze|Serious||F|||50|]Grimmsnarl||RoseliBerry|Prankster|FakeOut,Superpower,PartingShot,MistyTerrain|Adamant||M|||50|]Hawlucha||Hawluchanite|Limber|CrossChop,Entrainment,DualWingbeat,Protect|Jolly||F|||50|]Snorlax||Leftovers|ThickFat|Fissure,Stockpile,BodyPress,Protect|Bold||F|||50|]Clefable||SitrusBerry|Unaware|FollowMe,DazzlingGleam,LifeDew,Gravity|Bold||F|||50|
|inactive|Battle timer is ON: inactive players will automatically lose when time's up. (requested by natsukookie)
|inactive|lanagram has 60 seconds left.
|
|t:|1785603261
|teamsize|p1|4
|teamsize|p2|4
|start
|switch|p1a: Mawile|Mawile, L50, F|100/100
|switch|p1b: Oranguru|Oranguru, L50, M|100/100
|switch|p2a: Grimmsnarl|Grimmsnarl, L50, M|100/100
|switch|p2b: Gengar|Gengar, L50, M|100/100
|turn|1
|inactive|natsukookie has 30 seconds left.
|
|t:|1785603289
|detailschange|p2b: Gengar|Gengar-Mega, L50, M
|-mega|p2b: Gengar|Gengar|Gengarite
|detailschange|p1a: Mawile|Mawile-Mega, L50, F
|-mega|p1a: Mawile|Mawile|Mawilite
|move|p2a: Grimmsnarl|Fake Out|p1a: Mawile
|-resisted|p1a: Mawile|1
|-damage|p1a: Mawile|93/100
|cant|p1a: Mawile|flinch
|move|p2b: Gengar|Perish Song|p2b: Gengar
|-start|p1a: Mawile|perish3|[silent]
|-start|p1b: Oranguru|perish3|[silent]
|-start|p2a: Grimmsnarl|perish3|[silent]
|-start|p2b: Gengar|perish3|[silent]
|-fieldactivate|move: Perish Song
|move|p1b: Oranguru|Psychic|p2b: Gengar
|-supereffective|p2b: Gengar|1
|-damage|p2b: Gengar|36/100
|
|-start|p2b: Gengar|perish3
|-start|p2a: Grimmsnarl|perish3
|-start|p1b: Oranguru|perish3
|-start|p1a: Mawile|perish3
|upkeep
|turn|2
|inactive|natsukookie has 30 seconds left.
|
|t:|1785603318
|move|p2b: Gengar|Protect|p2b: Gengar
|-singleturn|p2b: Gengar|Protect
|move|p2a: Grimmsnarl|Parting Shot|p1a: Mawile
|-unboost|p1a: Mawile|atk|1
|-unboost|p1a: Mawile|spa|1
|
|t:|1785603325
|switch|p2a: Altaria|Altaria, L50, F|100/100|[from] Parting Shot
|-ability|p2a: Altaria|Cloud Nine
|move|p1a: Mawile|Sucker Punch||[still]
|-fail|p1a: Mawile
|move|p1b: Oranguru|Psychic|p2b: Gengar
|-activate|p2b: Gengar|move: Protect
|
|-start|p2b: Gengar|perish2
|-start|p1b: Oranguru|perish2
|-start|p1a: Mawile|perish2
|upkeep
|turn|3
|inactive|natsukookie has 30 seconds left.
|
|t:|1785603359
|switch|p2b: Snorlax|Snorlax, L50, F|100/100
|move|p2a: Altaria|Fire Spin|p1a: Mawile
|-supereffective|p1a: Mawile|1
|-damage|p1a: Mawile|79/100
|-activate|p1a: Mawile|move: Fire Spin|[of] p2a: Altaria
|move|p1b: Oranguru|Instruct|p1a: Mawile
|-singleturn|p1a: Mawile|move: Instruct|[of] p1b: Oranguru
|move|p1a: Mawile|Sucker Punch||[still]
|-fail|p1a: Mawile
|move|p1a: Mawile|Play Rough|p2a: Altaria
|-supereffective|p2a: Altaria|1
|-damage|p2a: Altaria|0 fnt
|faint|p2a: Altaria
|
|-end|p1a: Mawile|Fire Spin|[partiallytrapped]|[silent]
|-start|p1b: Oranguru|perish1
|-start|p1a: Mawile|perish1
|upkeep
|
|t:|1785603378
|switch|p2a: Gengar|Gengar-Mega, L50, M|36/100
|turn|4
|
|t:|1785603390
|move|p2a: Gengar|Protect|p2a: Gengar
|-singleturn|p2a: Gengar|Protect
|move|p1a: Mawile|Sucker Punch||[still]
|-fail|p1a: Mawile
|move|p2b: Snorlax|Stockpile|p2b: Snorlax
|-start|p2b: Snorlax|stockpile1
|-boost|p2b: Snorlax|def|1
|-boost|p2b: Snorlax|spd|1
|move|p1b: Oranguru|Trick Room|p1b: Oranguru
|-fieldstart|move: Trick Room|[of] p1b: Oranguru
|
|-start|p1a: Mawile|perish0
|-start|p1b: Oranguru|perish0
|faint|p1a: Mawile
|faint|p1b: Oranguru
|upkeep
|
|t:|1785603402
|switch|p1a: Torkoal|Torkoal, L50, M|100/100
|switch|p1b: Hatterene|Hatterene, L50, F|100/100
|-weather|SunnyDay|[from] ability: Drought|[of] p1a: Torkoal
|turn|5
|inactive|lanagram has 30 seconds left.
|inactive|lanagram has 20 seconds left.
|inactive|lanagram has 15 seconds left.
|inactive|lanagram has 10 seconds left.
|
|t:|1785603450
|move|p2b: Snorlax|Protect|p2b: Snorlax
|-singleturn|p2b: Snorlax|Protect
|move|p2a: Gengar|Protect||[still]
|-fail|p2a: Gengar
|move|p1a: Torkoal|Eruption|p2a: Gengar|[spread] p2a
|-activate|p2b: Snorlax|move: Protect
|-damage|p2a: Gengar|0 fnt
|faint|p2a: Gengar
|move|p1b: Hatterene|Dazzling Gleam|p2b: Snorlax
|-activate|p2b: Snorlax|move: Protect
|
|-weather|SunnyDay|[upkeep]
|upkeep
|
|t:|1785603455
|switch|p2a: Grimmsnarl|Grimmsnarl, L50, M|100/100
|turn|6
|
|t:|1785603472
|move|p2a: Grimmsnarl|Fake Out|p1b: Hatterene
|-damage|p1b: Hatterene|85/100
|move|p1a: Torkoal|Eruption|p2a: Grimmsnarl|[spread] p2a,p2b
|-damage|p2a: Grimmsnarl|2/100
|-damage|p2b: Snorlax|82/100
|cant|p1b: Hatterene|flinch
|move|p2b: Snorlax|Stockpile|p2b: Snorlax
|-start|p2b: Snorlax|stockpile2
|-boost|p2b: Snorlax|def|1
|-boost|p2b: Snorlax|spd|1
|
|-weather|SunnyDay|[upkeep]
|-heal|p2b: Snorlax|88/100|[from] item: Leftovers
|upkeep
|turn|7
|
|t:|1785603491
|move|p2a: Grimmsnarl|Parting Shot|p1a: Torkoal
|-unboost|p1a: Torkoal|atk|1
|-unboost|p1a: Torkoal|spa|1
|move|p1a: Torkoal|Eruption|p2b: Snorlax|[spread] p2a,p2b
|-damage|p2a: Grimmsnarl|0 fnt
|-damage|p2b: Snorlax|77/100
|faint|p2a: Grimmsnarl
|move|p1b: Hatterene|Dazzling Gleam|p2b: Snorlax
|-damage|p2b: Snorlax|56/100
|-damage|p1b: Hatterene|75/100|[from] item: Life Orb
|move|p2b: Snorlax|Stockpile|p2b: Snorlax
|-start|p2b: Snorlax|stockpile3
|-boost|p2b: Snorlax|def|1
|-boost|p2b: Snorlax|spd|1
|
|-weather|SunnyDay|[upkeep]
|-heal|p2b: Snorlax|62/100|[from] item: Leftovers
|upkeep
|turn|8
|inactive|natsukookie has 30 seconds left.
|
|t:|1785603518
|move|p2b: Snorlax|Protect|p2b: Snorlax
|-singleturn|p2b: Snorlax|Protect
|move|p1a: Torkoal|Earth Power|p2b: Snorlax
|-activate|p2b: Snorlax|move: Protect
|move|p1b: Hatterene|Psychic|p2b: Snorlax
|-activate|p2b: Snorlax|move: Protect
|
|-weather|SunnyDay|[upkeep]
|-heal|p2b: Snorlax|68/100|[from] item: Leftovers
|-fieldend|move: Trick Room
|upkeep
|turn|9
|
|t:|1785603532
|move|p1a: Torkoal|Protect|p1a: Torkoal
|-singleturn|p1a: Torkoal|Protect
|move|p2b: Snorlax|Body Press|p1a: Torkoal
|-activate|p1a: Torkoal|move: Protect
|move|p1b: Hatterene|Trick Room|p1b: Hatterene
|-fieldstart|move: Trick Room|[of] p1b: Hatterene
|
|-weather|none
|-heal|p2b: Snorlax|74/100|[from] item: Leftovers
|upkeep
|turn|10
|
|t:|1785603550
|move|p2b: Snorlax|Protect|p2b: Snorlax
|-singleturn|p2b: Snorlax|Protect
|move|p1a: Torkoal|Earth Power|p2b: Snorlax
|-activate|p2b: Snorlax|move: Protect
|move|p1b: Hatterene|Psychic|p2b: Snorlax
|-activate|p2b: Snorlax|move: Protect
|
|-heal|p2b: Snorlax|80/100|[from] item: Leftovers
|upkeep
|turn|11
|
|t:|1785603567
|move|p1a: Torkoal|Earth Power|p2b: Snorlax
|-damage|p2b: Snorlax|76/100
|move|p1b: Hatterene|Dazzling Gleam|p2b: Snorlax
|-damage|p2b: Snorlax|61/100
|-damage|p1b: Hatterene|65/100|[from] item: Life Orb
|move|p2b: Snorlax|Body Press|p1a: Torkoal
|-crit|p1a: Torkoal
|-damage|p1a: Torkoal|40/100
|
|-heal|p2b: Snorlax|67/100|[from] item: Leftovers
|upkeep
|turn|12
|
|t:|1785603584
|move|p2b: Snorlax|Protect|p2b: Snorlax
|-singleturn|p2b: Snorlax|Protect
|move|p1a: Torkoal|Earth Power|p2b: Snorlax
|-activate|p2b: Snorlax|move: Protect
|move|p1b: Hatterene|Psychic|p2b: Snorlax
|-activate|p2b: Snorlax|move: Protect
|
|-heal|p2b: Snorlax|73/100|[from] item: Leftovers
|upkeep
|turn|13
|
|t:|1785603596
|move|p1a: Torkoal|Earth Power|p2b: Snorlax
|-damage|p2b: Snorlax|69/100
|move|p1b: Hatterene|Psychic|p2b: Snorlax
|-damage|p2b: Snorlax|51/100
|-damage|p1b: Hatterene|56/100|[from] item: Life Orb
|move|p2b: Snorlax|Body Press|p1a: Torkoal
|-damage|p1a: Torkoal|1/100
|
|-heal|p2b: Snorlax|57/100|[from] item: Leftovers
|-fieldend|move: Trick Room
|upkeep
|turn|14
|
|t:|1785603610
|move|p1a: Torkoal|Protect|p1a: Torkoal
|-singleturn|p1a: Torkoal|Protect
|move|p2b: Snorlax|Body Press|p1b: Hatterene
|-resisted|p1b: Hatterene|2
|-damage|p1b: Hatterene|43/100
|move|p1b: Hatterene|Trick Room|p1b: Hatterene
|-fieldstart|move: Trick Room|[of] p1b: Hatterene
|
|-heal|p2b: Snorlax|63/100|[from] item: Leftovers
|upkeep
|turn|15
|
|t:|1785603626
|move|p2b: Snorlax|Protect|p2b: Snorlax
|-singleturn|p2b: Snorlax|Protect
|move|p1a: Torkoal|Earth Power|p2b: Snorlax
|-activate|p2b: Snorlax|move: Protect
|move|p1b: Hatterene|Psychic|p2b: Snorlax
|-activate|p2b: Snorlax|move: Protect
|
|-heal|p2b: Snorlax|69/100|[from] item: Leftovers
|upkeep
|turn|16
|
|t:|1785603641
|move|p1a: Torkoal|Heat Wave|p2b: Snorlax
|-damage|p2b: Snorlax|64/100
|move|p1b: Hatterene|Psychic|p2b: Snorlax
|-damage|p2b: Snorlax|47/100
|-damage|p1b: Hatterene|34/100|[from] item: Life Orb
|move|p2b: Snorlax|Body Press|p1a: Torkoal
|-damage|p1a: Torkoal|0 fnt
|faint|p1a: Torkoal
|
|-heal|p2b: Snorlax|53/100|[from] item: Leftovers
|upkeep
|turn|17
|
|t:|1785603654
|move|p2b: Snorlax|Protect|p2b: Snorlax
|-singleturn|p2b: Snorlax|Protect
|move|p1b: Hatterene|Psychic|p2b: Snorlax
|-activate|p2b: Snorlax|move: Protect
|
|-heal|p2b: Snorlax|59/100|[from] item: Leftovers
|upkeep
|turn|18
|-message|natsukookie forfeited.
|
|win|lanagram
|raw|natsukookie's rating: 1099 → 1078(-21 for losing)
|raw|lanagram's rating: 1151 → 1172(+21 for winning)
|l|☆lanagram
|player|p2|
