|j|☆mister.ludicolo
|j|☆spellbreakvgc
|html|mister.ludicolospellbreakvgc    
|uhtml|bestof|Game 2 of a best-of-3
|t:|1757927143
|gametype|doubles
|player|p1|mister.ludicolo|waiter-gen4dp|1052
|player|p2|spellbreakvgc|lance|1025
|gen|9
|tier|[Gen 9] VGC 2025 Reg H (Bo3)
|rated|
|rule|Species Clause: Limit one of each Pokémon
|rule|Item Clause: Limit 1 of each item
|clearpoke
|poke|p1|Ludicolo, L50, F|
|poke|p1|Archaludon, L50, M|
|poke|p1|Politoed, L50, M|
|poke|p1|Incineroar, L50, F|
|poke|p1|Whimsicott, L50, F|
|poke|p1|Annihilape, L50, M|
|poke|p2|Garganacl, L50, M|
|poke|p2|Sylveon, L50, F|
|poke|p2|Gholdengo, L50|
|poke|p2|Incineroar, L50, F|
|poke|p2|Ninetales-Alola, L50, F|
|poke|p2|Scyther, L50, F|
|teampreview|4
|showteam|p1|Ludicolo||LoadedDice|SwiftSwim|FakeOut,IceSpinner,BulletSeed,WeatherBall|||F|||50|,,,,,Poison]Archaludon||AssaultVest|Stamina|ElectroShot,BodyPress,DracoMeteor,FlashCannon|||M|||50|,,,,,Grass]Politoed||ChoiceSpecs|Drizzle|IceBeam,EarthPower,WeatherBall,Surf|||M|||50|,,,,,Grass]Incineroar||SitrusBerry|Intimidate|FakeOut,Uturn,KnockOff,HelpingHand|||F|||50|,,,,,Ghost]Whimsicott||CovertCloak|Prankster|Tailwind,LightScreen,BeatUp,Moonblast|||F|||50|,,,,,Steel]Annihilape||SafetyGoggles|Defiant|Protect,FinalGambit,CloseCombat,RageFist|||M|||50|,,,,,Fairy
|showteam|p2|Garganacl||MarangaBerry|PurifyingSalt|SaltCure,StealthRock,Protect,Recover|||M|||50|,,,,,Flying]Sylveon||ThroatSpray|Pixilate|HyperVoice,Wish,Yawn,Protect|||F|||50|,,,,,Fairy]Gholdengo||ChoiceScarf|GoodasGold|MakeItRain,ShadowBall,Trick,PowerGem||||||50|,,,,,Steel]Incineroar||AssaultVest|Intimidate|FlareBlitz,KnockOff,FakeOut,Uturn|||F|||50|,,,,,Fire]Ninetales-Alola||FocusSash|SnowWarning|Blizzard,FreezeDry,Protect,AuroraVeil|||F|||50|,,,,,Ice]Scyther||Eviolite|Technician|DualWingbeat,CloseCombat,Uturn,Protect|||F|||50|,,,,,Steel
|inactive|Battle timer is ON: inactive players will automatically lose when time's up. (requested by mister.ludicolo)
|
|t:|1757927155
|teamsize|p1|4
|teamsize|p2|4
|start
|switch|p1a: Ludicolo|Ludicolo, L50, F, shiny|100/100
|switch|p1b: Politoed|Politoed, L50, M, shiny|100/100
|switch|p2a: Garganacl|Garganacl, L50, M, shiny|100/100
|switch|p2b: Sylveon|Sylveon, L50, F, shiny|100/100
|-weather|RainDance|[from] ability: Drizzle|[of] p1b: Politoed
|turn|1
|inactive|mister.ludicolo has 30 seconds left.
|inactive|mister.ludicolo has 20 seconds left.
|inactive|mister.ludicolo has 15 seconds left.
|
|t:|1757927197
|switch|p1b: Archaludon|Archaludon, L50, M, shiny|100/100
|switch|p2b: Ninetales|Ninetales-Alola, L50, F|100/100
|-weather|Snowscape|[from] ability: Snow Warning|[of] p2b: Ninetales
|-terastallize|p2a: Garganacl|Flying
|move|p1a: Ludicolo|Bullet Seed|p1b: Archaludon
|-resisted|p1b: Archaludon
|-damage|p1b: Archaludon|99/100
|-ability|p1b: Archaludon|Stamina|boost
|-boost|p1b: Archaludon|def|1
|-resisted|p1b: Archaludon
|-damage|p1b: Archaludon|99/100
|-ability|p1b: Archaludon|Stamina|boost
|-boost|p1b: Archaludon|def|1
|-resisted|p1b: Archaludon
|-damage|p1b: Archaludon|98/100
|-ability|p1b: Archaludon|Stamina|boost
|-boost|p1b: Archaludon|def|1
|-resisted|p1b: Archaludon
|-damage|p1b: Archaludon|98/100
|-ability|p1b: Archaludon|Stamina|boost
|-boost|p1b: Archaludon|def|1
|-resisted|p1b: Archaludon
|-damage|p1b: Archaludon|97/100
|-ability|p1b: Archaludon|Stamina|boost
|-boost|p1b: Archaludon|def|1
|-hitcount|p1b: Archaludon|5
|move|p2a: Garganacl|Salt Cure|p1b: Archaludon
|-resisted|p1b: Archaludon
|-damage|p1b: Archaludon|96/100
|-start|p1b: Archaludon|Salt Cure
|-ability|p1b: Archaludon|Stamina|boost
|-boost|p1b: Archaludon|def|1
|
|-weather|Snowscape|[upkeep]
|-damage|p1b: Archaludon|71/100|[from] Salt Cure
|upkeep
|turn|2
|inactive|mister.ludicolo has 30 seconds left.
|inactive|spellbreakvgc has 30 seconds left.
|
|t:|1757927229
|switch|p1a: Politoed|Politoed, L50, M, shiny|100/100
|-weather|RainDance|[from] ability: Drizzle|[of] p1a: Politoed
|move|p2b: Ninetales|Protect|p2b: Ninetales
|-singleturn|p2b: Ninetales|Protect
|move|p2a: Garganacl|Protect|p2a: Garganacl
|-singleturn|p2a: Garganacl|Protect
|move|p1b: Archaludon|Electro Shot||[still]
|-prepare|p1b: Archaludon|Electro Shot
|-boost|p1b: Archaludon|spa|1
|-anim|p1b: Archaludon|Electro Shot|p2a: Garganacl
|-activate|p2a: Garganacl|move: Protect
|
|-weather|RainDance|[upkeep]
|-damage|p1b: Archaludon|46/100|[from] Salt Cure
|upkeep
|turn|3
|
|t:|1757927251
|switch|p2b: Scyther|Scyther, L50, F, shiny|100/100
|switch|p2a: Sylveon|Sylveon, L50, F, shiny|100/100
|move|p1b: Archaludon|Flash Cannon|p2b: Scyther
|-damage|p2b: Scyther|50/100
|move|p1a: Politoed|Ice Beam|p2a: Sylveon
|-damage|p2a: Sylveon|73/100
|
|-weather|RainDance|[upkeep]
|-damage|p1b: Archaludon|21/100|[from] Salt Cure
|upkeep
|turn|4
|
|t:|1757927271
|switch|p1b: Ludicolo|Ludicolo, L50, F, shiny|100/100
|switch|p1a: Incineroar|Incineroar, L50, F|100/100
|-ability|p1a: Incineroar|Intimidate|boost
|-unboost|p2a: Sylveon|atk|1
|-unboost|p2b: Scyther|atk|1
|move|p2b: Scyther|Protect|p2b: Scyther
|-singleturn|p2b: Scyther|Protect
|move|p2a: Sylveon|Protect||[still]
|-fail|p2a: Sylveon
|
|-weather|RainDance|[upkeep]
|upkeep
|turn|5
|inactive|mister.ludicolo has 30 seconds left.
|inactive|spellbreakvgc has 30 seconds left.
|inactive|spellbreakvgc has 20 seconds left.
|inactive|spellbreakvgc has 15 seconds left.
|
|t:|1757927313
|switch|p2a: Garganacl|Garganacl, L50, M, shiny, tera:Flying|100/100
|move|p1b: Ludicolo|Weather Ball|p2a: Garganacl
|-damage|p2a: Garganacl|48/100
|-enditem|p2a: Garganacl|Maranga Berry|[eat]
|-boost|p2a: Garganacl|spd|1|[from] item: Maranga Berry
|move|p2b: Scyther|U-turn|p1b: Ludicolo
|-supereffective|p1b: Ludicolo
|-damage|p1b: Ludicolo|33/100
|
|t:|1757927324
|switch|p2b: Ninetales|Ninetales-Alola, L50, F|100/100|[from] U-turn
|-weather|Snowscape|[from] ability: Snow Warning|[of] p2b: Ninetales
|move|p1a: Incineroar|U-turn|p2b: Ninetales
|-resisted|p2b: Ninetales
|-damage|p2b: Ninetales|92/100
|
|t:|1757927331
|switch|p1a: Politoed|Politoed, L50, M, shiny|100/100|[from] U-turn
|-weather|RainDance|[from] ability: Drizzle|[of] p1a: Politoed
|
|-weather|RainDance|[upkeep]
|upkeep
|turn|6
|
|t:|1757927351
|switch|p2b: Scyther|Scyther, L50, F, shiny|50/100
|move|p2a: Garganacl|Protect|p2a: Garganacl
|-singleturn|p2a: Garganacl|Protect
|move|p1b: Ludicolo|Weather Ball|p2a: Garganacl
|-activate|p2a: Garganacl|move: Protect
|move|p1a: Politoed|Weather Ball|p2b: Scyther
|-damage|p2b: Scyther|0 fnt
|faint|p2b: Scyther
|
|-weather|RainDance|[upkeep]
|upkeep
|
|t:|1757927364
|switch|p2b: Ninetales|Ninetales-Alola, L50, F|92/100
|-weather|Snowscape|[from] ability: Snow Warning|[of] p2b: Ninetales
|turn|7
|
|t:|1757927373
|switch|p1b: Incineroar|Incineroar, L50, F|100/100
|-ability|p1b: Incineroar|Intimidate|boost
|-unboost|p2a: Garganacl|atk|1
|-unboost|p2b: Ninetales|atk|1
|move|p2b: Ninetales|Aurora Veil|p2b: Ninetales
|-sidestart|p2: spellbreakvgc|move: Aurora Veil
|move|p1a: Politoed|Weather Ball|p2a: Garganacl
|-supereffective|p2a: Garganacl
|-damage|p2a: Garganacl|16/100
|move|p2a: Garganacl|Recover|p2a: Garganacl
|-heal|p2a: Garganacl|67/100
|
|-weather|Snowscape|[upkeep]
|upkeep
|turn|8
|
|t:|1757927395
|move|p2a: Garganacl|Protect|p2a: Garganacl
|-singleturn|p2a: Garganacl|Protect
|move|p1b: Incineroar|Fake Out|p2a: Garganacl
|-activate|p2a: Garganacl|move: Protect
|move|p2b: Ninetales|Freeze-Dry|p1a: Politoed
|-supereffective|p1a: Politoed
|-damage|p1a: Politoed|54/100
|move|p1a: Politoed|Weather Ball|p2a: Garganacl
|-activate|p2a: Garganacl|move: Protect
|
|-weather|Snowscape|[upkeep]
|upkeep
|turn|9
|
|t:|1757927417
|switch|p1a: Archaludon|Archaludon, L50, M, shiny|21/100
|move|p2b: Ninetales|Freeze-Dry|p1a: Archaludon
|-damage|p1a: Archaludon|3/100
|-ability|p1a: Archaludon|Stamina|boost
|-boost|p1a: Archaludon|def|1
|move|p1b: Incineroar|U-turn|p2b: Ninetales
|-resisted|p2b: Ninetales
|-damage|p2b: Ninetales|86/100
|
|t:|1757927425
|switch|p1b: Politoed|Politoed, L50, M, shiny|54/100|[from] U-turn
|-weather|RainDance|[from] ability: Drizzle|[of] p1b: Politoed
|move|p2a: Garganacl|Recover|p2a: Garganacl
|-heal|p2a: Garganacl|100/100
|
|-weather|RainDance|[upkeep]
|upkeep
|turn|10
|
|t:|1757927440
|switch|p1b: Incineroar|Incineroar, L50, F|100/100
|-ability|p1b: Incineroar|Intimidate|boost
|-unboost|p2a: Garganacl|atk|1
|-unboost|p2b: Ninetales|atk|1
|move|p2b: Ninetales|Freeze-Dry|p1a: Archaludon
|-damage|p1a: Archaludon|0 fnt
|faint|p1a: Archaludon
|move|p2a: Garganacl|Salt Cure|p1b: Incineroar
|-supereffective|p1b: Incineroar
|-damage|p1b: Incineroar|88/100
|-start|p1b: Incineroar|Salt Cure
|
|-weather|RainDance|[upkeep]
|-damage|p1b: Incineroar|75/100|[from] Salt Cure
|upkeep
|
|t:|1757927451
|switch|p1a: Ludicolo|Ludicolo, L50, F, shiny|33/100
|turn|11
|
|t:|1757927464
|move|p1a: Ludicolo|Weather Ball|p2b: Ninetales
|-damage|p2b: Ninetales|40/100
|move|p2b: Ninetales|Freeze-Dry|p1a: Ludicolo
|-supereffective|p1a: Ludicolo
|-damage|p1a: Ludicolo|0 fnt
|faint|p1a: Ludicolo
|move|p1b: Incineroar|U-turn|p2a: Garganacl
|-resisted|p2a: Garganacl
|-damage|p2a: Garganacl|97/100
|
|t:|1757927472
|switch|p1b: Politoed|Politoed, L50, M, shiny|54/100|[from] U-turn
|move|p2a: Garganacl|Salt Cure|p1b: Politoed
|-damage|p1b: Politoed|46/100
|-start|p1b: Politoed|Salt Cure
|
|-weather|RainDance|[upkeep]
|-damage|p1b: Politoed|21/100|[from] Salt Cure
|-sideend|p2: spellbreakvgc|move: Aurora Veil
|upkeep
|-message|mister.ludicolo forfeited.
|
|win|spellbreakvgc
||spellbreakvgc is ready for game 3.
||mister.ludicolo is ready for game 3.
|uhtml|next|Next: Game 3 of 3
|l|☆mister.ludicolo
|player|p1|
|l|☆spellbreakvgc
|player|p2|
