|j|‽czacho
|j|☆ChimpDoppio
|html|czachoChimpDoppio    
|uhtml|bestof|Game 2 of a best-of-3
|t:|1756910003
|gametype|doubles
|player|p1|czacho|falkner|1070
|player|p2|ChimpDoppio|ingo|1076
|gen|9
|tier|[Gen 9] VGC 2025 Reg H (Bo3)
|rated|
|rule|Species Clause: Limit one of each Pokémon
|rule|Item Clause: Limit 1 of each item
|clearpoke
|poke|p1|Archaludon, L50, F|
|poke|p1|Incineroar, L50, M|
|poke|p1|Pelipper, L50, F|
|poke|p1|Basculegion, L50, M|
|poke|p1|Rillaboom, L50, F|
|poke|p1|Reuniclus, L50, F|
|poke|p2|Porygon2, L50|
|poke|p2|Ursaluna, L50, M|
|poke|p2|Volcarona, L50, F|
|poke|p2|Grimmsnarl, L50, M|
|poke|p2|Annihilape, L50, M|
|poke|p2|Hydreigon, L50, F|
|teampreview|4
|showteam|p1|Archaludon||AssaultVest|Stamina|ElectroShot,FlashCannon,DragonPulse,BodyPress|||F|||50|,,,,,Grass]Incineroar||SafetyGoggles|Intimidate|FakeOut,KnockOff,PartingShot,WillOWisp|||M|||50|,,,,,Ghost]Pelipper||FocusSash|Drizzle|WeatherBall,Tailwind,Protect,Hurricane|||F|||50|,,,,,Ghost]Basculegion||MysticWater|SwiftSwim|WaveCrash,FlipTurn,LastRespects,Protect|||M|||50|,,,,,Water]Rillaboom||LoadedDice|GrassySurge|FakeOut,BulletSeed,Protect,GrassyGlide|||F|||50|,,,,,Fire]Reuniclus||LifeOrb|MagicGuard|TrickRoom,Protect,Psychic,TeraBlast|||F|||50|,,,,,Fighting
|showteam|p2|Porygon2||Eviolite|Download|IceBeam,TeraBlast,Recover,TrickRoom||||||50|,,,,,Flying]Ursaluna||FlameOrb|Guts|Facade,Earthquake,HeadlongRush,Protect|||M|||50|,,,,,Ghost]Volcarona||SitrusBerry|FlameBody|GigaDrain,HeatWave,QuiverDance,RagePowder|||F|||50|,,,,,Dragon]Grimmsnarl||LightClay|Prankster|SpiritBreak,Reflect,LightScreen,PartingShot|||M|||50|,,,,,Ghost]Annihilape||SafetyGoggles|Defiant|Protect,BulkUp,DrainPunch,RageFist|||M|||50|,,,,,Water]Hydreigon||AssaultVest|Levitate|DracoMeteor,DarkPulse,EarthPower,FlashCannon|||F|||50|,,,,,Steel
|inactive|Battle timer is ON: inactive players will automatically lose when time's up. (requested by ChimpDoppio)
|inactive|ChimpDoppio has 60 seconds left.
|
|t:|1756910056
|teamsize|p1|4
|teamsize|p2|4
|start
|switch|p1a: Reuniclus|Reuniclus, L50, F|100/100
|switch|p1b: Rillaboom|Rillaboom, L50, F|100/100
|switch|p2a: Grimmsnarl|Grimmsnarl, L50, M|100/100
|switch|p2b: Volcarona|Volcarona, L50, F, shiny|100/100
|-fieldstart|move: Grassy Terrain|[from] ability: Grassy Surge|[of] p1b: Rillaboom
|turn|1
|inactive|czacho has 30 seconds left.
|inactive|czacho has 20 seconds left.
|inactive|czacho has 15 seconds left.
|
|t:|1756910100
|move|p1b: Rillaboom|Fake Out|p2b: Volcarona
|-damage|p2b: Volcarona|87/100
|move|p2a: Grimmsnarl|Light Screen|p2a: Grimmsnarl
|-sidestart|p2: ChimpDoppio|move: Light Screen
|cant|p2b: Volcarona|flinch
|move|p1a: Reuniclus|Psychic|p2b: Volcarona
|-damage|p2b: Volcarona|53/100
|
|-heal|p2b: Volcarona|59/100|[from] Grassy Terrain
|upkeep
|turn|2
|inactive|czacho has 30 seconds left.
|inactive|czacho has 20 seconds left.
|inactive|czacho has 15 seconds left.
|
|t:|1756910148
|switch|p1b: Pelipper|Pelipper, L50, F|100/100
|-weather|RainDance|[from] ability: Drizzle|[of] p1b: Pelipper
|move|p2a: Grimmsnarl|Reflect|p2a: Grimmsnarl
|-sidestart|p2: ChimpDoppio|Reflect
|move|p2b: Volcarona|Heat Wave|p1a: Reuniclus|[spread] p1a,p1b
|-resisted|p1b: Pelipper
|-damage|p1a: Reuniclus|87/100
|-damage|p1b: Pelipper|87/100
|move|p1a: Reuniclus|Trick Room|p1a: Reuniclus
|-fieldstart|move: Trick Room|[of] p1a: Reuniclus
|
|-weather|RainDance|[upkeep]
|-heal|p1a: Reuniclus|93/100|[from] Grassy Terrain
|-heal|p2b: Volcarona|66/100|[from] Grassy Terrain
|upkeep
|turn|3
|
|t:|1756910178
|-terastallize|p2b: Volcarona|Dragon
|move|p1a: Reuniclus|Protect|p1a: Reuniclus
|-singleturn|p1a: Reuniclus|Protect
|move|p2a: Grimmsnarl|Parting Shot|p1b: Pelipper
|-unboost|p1b: Pelipper|atk|1
|-unboost|p1b: Pelipper|spa|1
|
|t:|1756910184
|switch|p2a: Ursaluna|Ursaluna, L50, M|100/100|[from] Parting Shot
|move|p2b: Volcarona|Giga Drain|p1b: Pelipper
|-damage|p1b: Pelipper|37/100
|-heal|p2b: Volcarona|83/100|[from] drain|[of] p1b: Pelipper
|move|p1b: Pelipper|Weather Ball|p2b: Volcarona
|-resisted|p2b: Volcarona
|-damage|p2b: Volcarona|71/100
|
|-weather|RainDance|[upkeep]
|-heal|p1a: Reuniclus|99/100|[from] Grassy Terrain
|-heal|p2b: Volcarona|77/100|[from] Grassy Terrain
|-status|p2a: Ursaluna|brn|[from] item: Flame Orb
|upkeep
|turn|4
|
|t:|1756910205
|-terastallize|p1a: Reuniclus|Fighting
|move|p2b: Volcarona|Rage Powder|p2b: Volcarona
|-singleturn|p2b: Volcarona|move: Rage Powder
|move|p1a: Reuniclus|Tera Blast|p2b: Volcarona|[anim] Tera Blast Fighting
|-damage|p2b: Volcarona|47/100
|-enditem|p2b: Volcarona|Sitrus Berry|[eat]
|-heal|p2b: Volcarona|72/100|[from] item: Sitrus Berry
|move|p2a: Ursaluna|Facade|p1a: Reuniclus
|-damage|p1a: Reuniclus|0 fnt
|faint|p1a: Reuniclus
|move|p1b: Pelipper|Hurricane|p2b: Volcarona
|-damage|p2b: Volcarona|55/100
|-start|p2b: Volcarona|confusion
|
|-weather|RainDance|[upkeep]
|-heal|p2b: Volcarona|61/100|[from] Grassy Terrain
|-damage|p2a: Ursaluna|95/100 brn|[from] brn
|upkeep
|
|t:|1756910217
|switch|p1a: Rillaboom|Rillaboom, L50, F|100/100
|turn|5
|
|t:|1756910226
|move|p2a: Ursaluna|Protect|p2a: Ursaluna
|-singleturn|p2a: Ursaluna|Protect
|move|p1a: Rillaboom|Fake Out|p2b: Volcarona
|-damage|p2b: Volcarona|53/100
|cant|p2b: Volcarona|flinch
|move|p1b: Pelipper|Weather Ball|p2a: Ursaluna
|-activate|p2a: Ursaluna|move: Protect
|
|-weather|RainDance|[upkeep]
|-heal|p2a: Ursaluna|100/100 brn|[from] Grassy Terrain
|-heal|p2b: Volcarona|59/100|[from] Grassy Terrain
|-damage|p2a: Ursaluna|95/100 brn|[from] brn
|-fieldend|move: Grassy Terrain
|upkeep
|turn|6
|
|t:|1756910247
|move|p1a: Rillaboom|Protect|p1a: Rillaboom
|-singleturn|p1a: Rillaboom|Protect
|move|p1b: Pelipper|Protect|p1b: Pelipper
|-singleturn|p1b: Pelipper|Protect
|move|p2a: Ursaluna|Facade|p1a: Rillaboom
|-activate|p1a: Rillaboom|move: Protect
|-activate|p2b: Volcarona|confusion
|move|p2b: Volcarona|Giga Drain|p1b: Pelipper
|-activate|p1b: Pelipper|move: Protect
|
|-weather|none
|-damage|p2a: Ursaluna|89/100 brn|[from] brn
|-fieldend|move: Trick Room
|upkeep
|turn|7
|inactive|czacho has 30 seconds left.
|
|t:|1756910275
|switch|p2a: Grimmsnarl|Grimmsnarl, L50, M|100/100
|move|p1b: Pelipper|Hurricane|p2b: Volcarona
|-damage|p2b: Volcarona|41/100
|-activate|p2b: Volcarona|confusion
|move|p2b: Volcarona|Heat Wave|p1b: Pelipper|[spread] p1a,p1b
|-supereffective|p1a: Rillaboom
|-resisted|p1b: Pelipper
|-damage|p1a: Rillaboom|32/100
|-damage|p1b: Pelipper|8/100
|move|p1a: Rillaboom|Bullet Seed|p2a: Grimmsnarl
|-damage|p2a: Grimmsnarl|89/100
|-damage|p2a: Grimmsnarl|78/100
|-damage|p2a: Grimmsnarl|68/100
|-damage|p2a: Grimmsnarl|57/100
|-hitcount|p2a: Grimmsnarl|4
|
|upkeep
|turn|8
|
|t:|1756910296
|move|p1a: Rillaboom|Protect|p1a: Rillaboom
|-singleturn|p1a: Rillaboom|Protect
|move|p2a: Grimmsnarl|Parting Shot|p1a: Rillaboom
|-activate|p1a: Rillaboom|move: Protect
|move|p1b: Pelipper|Hurricane|p2a: Grimmsnarl|[miss]
|-miss|p1b: Pelipper|p2a: Grimmsnarl
|-end|p2b: Volcarona|confusion
|move|p2b: Volcarona|Heat Wave|p1b: Pelipper|[spread] p1b
|-activate|p1a: Rillaboom|move: Protect
|-resisted|p1b: Pelipper
|-damage|p1b: Pelipper|0 fnt
|faint|p1b: Pelipper
|
|-sideend|p2: ChimpDoppio|move: Light Screen
|upkeep
|
|t:|1756910309
|switch|p1b: Basculegion|Basculegion, L50, M|100/100
|turn|9
|
|t:|1756910325
|move|p2a: Grimmsnarl|Parting Shot|p1b: Basculegion
|-unboost|p1b: Basculegion|atk|1
|-unboost|p1b: Basculegion|spa|1
|
|t:|1756910328
|switch|p2a: Hydreigon|Hydreigon, L50, F|100/100|[from] Parting Shot
|move|p2b: Volcarona|Giga Drain|p1b: Basculegion
|-supereffective|p1b: Basculegion
|-damage|p1b: Basculegion|56/100
|-heal|p2b: Volcarona|68/100|[from] drain|[of] p1b: Basculegion
|move|p1a: Rillaboom|Bullet Seed|p2a: Hydreigon
|-resisted|p2a: Hydreigon
|-damage|p2a: Hydreigon|96/100
|-resisted|p2a: Hydreigon
|-damage|p2a: Hydreigon|91/100
|-resisted|p2a: Hydreigon
|-damage|p2a: Hydreigon|87/100
|-resisted|p2a: Hydreigon
|-damage|p2a: Hydreigon|82/100
|-resisted|p2a: Hydreigon
|-damage|p2a: Hydreigon|78/100
|-hitcount|p2a: Hydreigon|5
|move|p1b: Basculegion|Wave Crash|p2a: Hydreigon
|-resisted|p2a: Hydreigon
|-damage|p2a: Hydreigon|64/100
|-damage|p1b: Basculegion|52/100|[from] Recoil
|
|-sideend|p2: ChimpDoppio|Reflect
|upkeep
|turn|10
|
|t:|1756910345
|move|p2b: Volcarona|Giga Drain|p1b: Basculegion
|-supereffective|p1b: Basculegion
|-damage|p1b: Basculegion|4/100
|-heal|p2b: Volcarona|96/100|[from] drain|[of] p1b: Basculegion
|move|p2a: Hydreigon|Dark Pulse|p1a: Rillaboom
|-damage|p1a: Rillaboom|0 fnt
|faint|p1a: Rillaboom
|move|p1b: Basculegion|Wave Crash|p2b: Volcarona
|-resisted|p2b: Volcarona
|-damage|p2b: Volcarona|75/100
|-status|p1b: Basculegion|brn|[from] ability: Flame Body|[of] p2b: Volcarona
|-damage|p1b: Basculegion|0 fnt|[from] Recoil
|faint|p1b: Basculegion
|
|win|ChimpDoppio
||czacho is ready for game 3.
||ChimpDoppio is ready for game 3.
|uhtml|next|Next: Game 3 of 3
|l|‽czacho
|player|p1|
