|j|☆Ice124567890
|j|☆Lightoz IV
|html|Ice124567890Lightoz IV    
|uhtml|bestof|Game 2 of a best-of-3
|t:|1784713130
|gametype|doubles
|player|p1|Ice124567890|266|1398
|player|p2|Lightoz IV|blue-gen2|1503
|gen|9
|tier|[Gen 9 Champions] VGC 2026 Reg M-B (Bo3)
|rated|
|rule|Species Clause: Limit one of each Pokémon
|rule|Item Clause: Limit 1 of each item
|clearpoke
|poke|p1|Incineroar, L50, F|
|poke|p1|Sinistcha-Masterpiece, L50|
|poke|p1|Tyranitar, L50, M|
|poke|p1|Sneasler, L50, F|
|poke|p1|Mawile, L50, M|
|poke|p1|Hydreigon, L50, M|
|poke|p2|Raichu, L50, F|
|poke|p2|Kingambit, L50, M, shiny|
|poke|p2|Basculegion, L50, M|
|poke|p2|Aerodactyl, L50, F|
|poke|p2|Farigiraf, L50, M|
|poke|p2|Sylveon, L50, M, shiny|
|teampreview|4
|showteam|p1|Incineroar||SitrusBerry|Intimidate|FakeOut,FlareBlitz,ThroatChop,PartingShot|Impish||F|||50|]Sinistcha-Masterpiece||KasibBerry|Hospitality|MatchaGotcha,RagePowder,TrickRoom,Protect|Relaxed|||||50|]Tyranitar||Tyranitarite|SandStream|RockSlide,KnockOff,DragonDance,Protect|Adamant||M|||50|]Sneasler||FocusSash|PoisonTouch|DireClaw,CloseCombat,FakeOut,Uturn|Jolly||F|||50|]Mawile||Mawilite|HyperCutter|PlayRough,SuckerPunch,SwordsDance,Protect|Careful||M|||50|]Hydreigon||ChoiceScarf|Levitate|DarkPulse,DracoMeteor,EarthPower,Snarl|Modest||M|||50|
|showteam|p2|Raichu||RaichuniteY|LightningRod|ZapCannon,FocusBlast,FakeOut,Protect|Timid||F|||50|]Kingambit||FocusSash|Defiant|KowtowCleave,SuckerPunch,IronHead,LowKick|Adamant||M|||50|]Basculegion||MysticWater|Adaptability|LastRespects,WaveCrash,AquaJet,Protect|Adamant||M|||50|]Aerodactyl||Aerodactylite|Unnerve|RockSlide,DualWingbeat,Tailwind,IceFang|Jolly||F|||50|]Farigiraf||SitrusBerry|ArmorTail|Psychic,Thunderbolt,TrickRoom,Protect|Bold||M|||50|]Sylveon||FairyFeather|Pixilate|HyperVoice,HyperBeam,QuickAttack,Detect|Modest||M|||50|
|inactive|Battle timer is ON: inactive players will automatically lose when time's up. (requested by Ice124567890)
|
|t:|1784713159
|teamsize|p1|4
|teamsize|p2|4
|start
|switch|p1a: Mawile|Mawile, L50, M|100/100
|switch|p1b: Sneasler|Sneasler, L50, F|100/100
|switch|p2a: Basculegion|Basculegion, L50, M|100/100
|switch|p2b: Raichu|Raichu, L50, F|100/100
|turn|1
|
|t:|1784713173
|detailschange|p2b: Raichu|Raichu-Mega-Y, L50, F
|-mega|p2b: Raichu|Raichu|Raichunite Y
|detailschange|p1a: Mawile|Mawile-Mega, L50, M
|-mega|p1a: Mawile|Mawile|Mawilite
|move|p1a: Mawile|Protect|p1a: Mawile
|-singleturn|p1a: Mawile|Protect
|move|p2b: Raichu|Fake Out|p1a: Mawile
|-activate|p1a: Mawile|move: Protect
|move|p1b: Sneasler|U-turn|p2b: Raichu
|-damage|p2b: Raichu|62/100
|
|t:|1784713177
|switch|p1b: Sinistcha|Sinistcha-Masterpiece, L50|100/100|[from] U-turn
|move|p2a: Basculegion|Wave Crash|p1b: Sinistcha
|-resisted|p1b: Sinistcha|1
|-damage|p1b: Sinistcha|62/100
|-damage|p2a: Basculegion|89/100|[from] Recoil
|
|upkeep
|turn|2
|inactive|Lightoz IV has 30 seconds left.
|
|t:|1784713209
|switch|p2b: Farigiraf|Farigiraf, L50, M|100/100
|move|p1a: Mawile|Sucker Punch||[still]
|cant|p2b: Farigiraf|ability: Armor Tail|Sucker Punch|[of] p1a: Mawile
|move|p2a: Basculegion|Wave Crash|p1a: Mawile
|-damage|p1a: Mawile|9/100
|-damage|p2a: Basculegion|65/100|[from] Recoil
|move|p1b: Sinistcha|Trick Room|p1b: Sinistcha
|-fieldstart|move: Trick Room|[of] p1b: Sinistcha
|
|upkeep
|turn|3
|
|t:|1784713225
|move|p2a: Basculegion|Protect|p2a: Basculegion
|-singleturn|p2a: Basculegion|Protect
|move|p1a: Mawile|Play Rough|p2b: Farigiraf|[miss]
|-miss|p1a: Mawile|p2b: Farigiraf
|move|p2b: Farigiraf|Psychic|p1a: Mawile
|-resisted|p1a: Mawile|1
|-damage|p1a: Mawile|0 fnt
|faint|p1a: Mawile
|move|p1b: Sinistcha|Matcha Gotcha|p2b: Farigiraf|[spread] p2b
|-activate|p2a: Basculegion|move: Protect
|-damage|p2b: Farigiraf|77/100
|-heal|p1b: Sinistcha|76/100|[from] drain|[of] p2b: Farigiraf
|
|upkeep
|
|t:|1784713231
|switch|p1a: Incineroar|Incineroar, L50, F|100/100
|-ability|p1a: Incineroar|Intimidate|boost
|-unboost|p2a: Basculegion|atk|1
|-unboost|p2b: Farigiraf|atk|1
|turn|4
|
|t:|1784713239
|switch|p2a: Kingambit|Kingambit, L50, M, shiny|100/100
|move|p2b: Farigiraf|Psychic|p1b: Sinistcha
|-damage|p1b: Sinistcha|39/100
|move|p1b: Sinistcha|Matcha Gotcha|p2a: Kingambit|[spread] p2a,p2b
|-resisted|p2a: Kingambit|1
|-damage|p2a: Kingambit|84/100
|-heal|p1b: Sinistcha|47/100|[from] drain|[of] p2a: Kingambit
|-damage|p2b: Farigiraf|57/100
|-heal|p1b: Sinistcha|60/100|[from] drain|[of] p2b: Farigiraf
|-status|p2b: Farigiraf|brn
|move|p1a: Incineroar|Throat Chop|p2b: Farigiraf
|-supereffective|p2b: Farigiraf|1
|-damage|p2b: Farigiraf|5/100 brn
|-start|p2b: Farigiraf|Throat Chop|[silent]
|-enditem|p2b: Farigiraf|Sitrus Berry|[eat]
|-heal|p2b: Farigiraf|30/100 brn|[from] item: Sitrus Berry
|
|-damage|p2b: Farigiraf|24/100 brn|[from] brn
|upkeep
|turn|5
|
|t:|1784713258
|move|p1b: Sinistcha|Protect|p1b: Sinistcha
|-singleturn|p1b: Sinistcha|Protect
|move|p2b: Farigiraf|Psychic|p1b: Sinistcha
|-activate|p1b: Sinistcha|move: Protect
|move|p1a: Incineroar|Flare Blitz|p2a: Kingambit
|-supereffective|p2a: Kingambit|1
|-damage|p2a: Kingambit|2/100
|-damage|p1a: Incineroar|76/100|[from] Recoil
|move|p2a: Kingambit|Low Kick|p1a: Incineroar
|-supereffective|p1a: Incineroar|1
|-damage|p1a: Incineroar|28/100
|-enditem|p1a: Incineroar|Sitrus Berry|[eat]
|-heal|p1a: Incineroar|53/100|[from] item: Sitrus Berry
|
|-damage|p2b: Farigiraf|18/100 brn|[from] brn
|-end|p2b: Farigiraf|Throat Chop|[silent]
|upkeep
|turn|6
|
|t:|1784713274
|move|p2b: Farigiraf|Protect|p2b: Farigiraf
|-singleturn|p2b: Farigiraf|Protect
|move|p2a: Kingambit|Sucker Punch|p1b: Sinistcha
|-supereffective|p1b: Sinistcha|1
|-damage|p1b: Sinistcha|0 fnt
|faint|p1b: Sinistcha
|move|p1a: Incineroar|Throat Chop|p2b: Farigiraf
|-activate|p2b: Farigiraf|move: Protect
|
|-damage|p2b: Farigiraf|12/100 brn|[from] brn
|-fieldend|move: Trick Room
|upkeep
|
|t:|1784713276
|switch|p1b: Sneasler|Sneasler, L50, F|100/100
|turn|7
|
|t:|1784713290
|move|p1b: Sneasler|U-turn|p2a: Kingambit
|-damage|p2a: Kingambit|0 fnt
|faint|p2a: Kingambit
|move|p1a: Incineroar|Throat Chop|p2b: Farigiraf
|-supereffective|p2b: Farigiraf|1
|-damage|p2b: Farigiraf|0 fnt
|faint|p2b: Farigiraf
|
|upkeep
|
|t:|1784713293
|switch|p2a: Raichu|Raichu-Mega-Y, L50, F|62/100
|switch|p2b: Basculegion|Basculegion, L50, M|65/100
|turn|8
|j| BegInningAtEnd
|
|t:|1784713305
|move|p2a: Raichu|Zap Cannon|p1b: Sneasler
|-damage|p1b: Sneasler|11/100
|-status|p1b: Sneasler|par
|move|p2b: Basculegion|Wave Crash|p1a: Incineroar
|-supereffective|p1a: Incineroar|1
|-damage|p1a: Incineroar|0 fnt
|faint|p1a: Incineroar
|-damage|p2b: Basculegion|48/100|[from] Recoil
|move|p1b: Sneasler|Close Combat|p2a: Raichu
|-damage|p2a: Raichu|0 fnt
|-unboost|p1b: Sneasler|def|1
|-unboost|p1b: Sneasler|spd|1
|faint|p2a: Raichu
|
|upkeep
|turn|9
|l| BegInningAtEnd
|
|t:|1784713312
|move|p2b: Basculegion|Aqua Jet|p1b: Sneasler
|-damage|p1b: Sneasler|0 fnt
|faint|p1b: Sneasler
|
|win|Lightoz IV
||Lightoz IV is ready for game 3.
||Ice124567890 is ready for game 3.
|uhtml|next|Next: Game 3 of 3
|l|☆Ice124567890
|player|p1|
