|j|☆Como Se Dice Ben
|j|☆fortubruno
|html|Como Se Dice Benfortubruno    
|uhtml|bestof|Game 2 of a best-of-3
|t:|1755198365
|gametype|doubles
|player|p1|Como Se Dice Ben|benga|1260
|player|p2|fortubruno|preschoolerf|1227
|gen|9
|tier|[Gen 9] VGC 2025 Reg H (Bo3)
|rated|
|rule|Species Clause: Limit one of each Pokémon
|rule|Item Clause: Limit 1 of each item
|clearpoke
|poke|p1|Mudsdale, L50, M|
|poke|p1|Ninetales-Alola, L50, F|
|poke|p1|Annihilape, L50, M|
|poke|p1|Sneasler, L50, M|
|poke|p1|Gholdengo, L50|
|poke|p1|Indeedee-F, L50, F|
|poke|p2|Ninetales-Alola, L50, F|
|poke|p2|Ursaluna-Bloodmoon, L50, M|
|poke|p2|Gholdengo, L50|
|poke|p2|Talonflame, L50, F|
|poke|p2|Volcarona, L50, F|
|poke|p2|Sylveon, L50, M|
|teampreview|4
|showteam|p1|Mudsdale||AssaultVest|Stamina|StompingTantrum,Fissure,SandTomb,BodyPress|||M|||50|,,,,,Water]Ninetales-Alola||LightClay|SnowWarning|AuroraVeil,Encore,IcyWind,IcicleSpear|||F|||50|,,,,,Ghost]Annihilape||SafetyGoggles|Defiant|RageFist,DrainPunch,BulkUp,Protect|||M|||50|,,,,,Fire]Sneasler||PsychicSeed|Unburden|CloseCombat,DireClaw,ThroatChop,Protect|||M|||50|,,,,,Dark]Gholdengo||ChoiceScarf|GoodasGold|MakeItRain,ShadowBall,Trick,ThunderWave||||||50|,,,,,Steel]Indeedee-F||RockyHelmet|PsychicSurge|FollowMe,HelpingHand,TrickRoom,Psychic|||F|||50|,,,,,Water
|showteam|p2|Ninetales-Alola||LightClay|SnowWarning|AuroraVeil,Blizzard,Encore,Protect|||F|||50|,,,,,Ghost]Ursaluna-Bloodmoon||AssaultVest|MindsEye|HyperVoice,EarthPower,BloodMoon,VacuumWave|||M|||50|,,,,,Ghost]Gholdengo||Leftovers|GoodasGold|MakeItRain,ShadowBall,NastyPlot,Protect||||||50|,,,,,Water]Talonflame||CovertCloak|GaleWings|Tailwind,DualWingbeat,FlareBlitz,Protect|||F|||50|,,,,,Fire]Volcarona||SitrusBerry|FlameBody|HeatWave,GigaDrain,RagePowder,QuiverDance|||F|||50|,,,,,Water]Sylveon||ThroatSpray|Pixilate|HyperVoice,QuickAttack,TeraBlast,Protect|||M|||50|,,,,,Water
|inactive|Battle timer is ON: inactive players will automatically lose when time's up. (requested by fortubruno)
|
|t:|1755198388
|teamsize|p1|4
|teamsize|p2|4
|start
|switch|p1a: Mudsdale|Mudsdale, L50, M|100/100
|switch|p1b: Ninetales|Ninetales-Alola, L50, F|100/100
|switch|p2a: Ninetales|Ninetales-Alola, L50, F|100/100
|switch|p2b: Talonflame|Talonflame, L50, F|100/100
|-weather|Snowscape|[from] ability: Snow Warning|[of] p2a: Ninetales
|turn|1
|
|t:|1755198398
|-terastallize|p1a: Mudsdale|Water
|move|p2b: Talonflame|Tailwind|p2b: Talonflame
|-sidestart|p2: fortubruno|move: Tailwind
|move|p2a: Ninetales|Blizzard|p1a: Mudsdale|[spread] p1a,p1b
|-resisted|p1a: Mudsdale
|-resisted|p1b: Ninetales
|-damage|p1a: Mudsdale|91/100
|-damage|p1b: Ninetales|84/100
|-ability|p1a: Mudsdale|Stamina|boost
|-boost|p1a: Mudsdale|def|1
|move|p1b: Ninetales|Aurora Veil|p1b: Ninetales
|-sidestart|p1: Como Se Dice Ben|move: Aurora Veil
|move|p1a: Mudsdale|Fissure|p2a: Ninetales|[miss]
|-miss|p1a: Mudsdale|p2a: Ninetales
|
|-weather|Snowscape|[upkeep]
|upkeep
|turn|2
|
|t:|1755198422
|switch|p2b: Volcarona|Volcarona, L50, F|100/100
|switch|p1b: Annihilape|Annihilape, L50, M|100/100
|move|p2a: Ninetales|Aurora Veil|p2a: Ninetales
|-sidestart|p2: fortubruno|move: Aurora Veil
|move|p1a: Mudsdale|Fissure|p2a: Ninetales|[miss]
|-miss|p1a: Mudsdale|p2a: Ninetales
|
|-weather|Snowscape|[upkeep]
|upkeep
|turn|3
|
|t:|1755198439
|move|p2a: Ninetales|Protect|p2a: Ninetales
|-singleturn|p2a: Ninetales|Protect
|move|p2b: Volcarona|Quiver Dance|p2b: Volcarona
|-boost|p2b: Volcarona|spa|1
|-boost|p2b: Volcarona|spd|1
|-boost|p2b: Volcarona|spe|1
|move|p1b: Annihilape|Bulk Up|p1b: Annihilape
|-boost|p1b: Annihilape|atk|1
|-boost|p1b: Annihilape|def|1
|move|p1a: Mudsdale|Fissure|p2a: Ninetales
|-activate|p2a: Ninetales|move: Protect
|
|-weather|Snowscape|[upkeep]
|upkeep
|turn|4
|
|t:|1755198451
|move|p1b: Annihilape|Protect|p1b: Annihilape
|-singleturn|p1b: Annihilape|Protect
|move|p2b: Volcarona|Quiver Dance|p2b: Volcarona
|-boost|p2b: Volcarona|spa|1
|-boost|p2b: Volcarona|spd|1
|-boost|p2b: Volcarona|spe|1
|move|p2a: Ninetales|Encore|p1b: Annihilape
|-activate|p1b: Annihilape|move: Protect
|move|p1a: Mudsdale|Fissure|p2b: Volcarona|[miss]
|-miss|p1a: Mudsdale|p2b: Volcarona
|
|-weather|Snowscape|[upkeep]
|-sideend|p2: fortubruno|move: Tailwind
|upkeep
|turn|5
|
|t:|1755198470
|switch|p1b: Gholdengo|Gholdengo, L50|100/100
|move|p2b: Volcarona|Giga Drain|p1a: Mudsdale
|-supereffective|p1a: Mudsdale
|-damage|p1a: Mudsdale|45/100
|-ability|p1a: Mudsdale|Stamina|boost
|-boost|p1a: Mudsdale|def|1
|move|p2a: Ninetales|Encore|p1b: Gholdengo
|-immune|p1b: Gholdengo|[from] ability: Good as Gold
|move|p1a: Mudsdale|Fissure|p2b: Volcarona|[miss]
|-miss|p1a: Mudsdale|p2b: Volcarona
|
|-weather|none
|upkeep
|turn|6
|inactive|Como Se Dice Ben has 30 seconds left.
|
|t:|1755198495
|move|p2b: Volcarona|Heat Wave|p1b: Gholdengo|[spread] p1a,p1b
|-resisted|p1a: Mudsdale
|-supereffective|p1b: Gholdengo
|-damage|p1a: Mudsdale|29/100
|-damage|p1b: Gholdengo|0 fnt
|-ability|p1a: Mudsdale|Stamina|boost
|-boost|p1a: Mudsdale|def|1
|faint|p1b: Gholdengo
|move|p2a: Ninetales|Encore|p1a: Mudsdale
|-start|p1a: Mudsdale|Encore
|move|p1a: Mudsdale|Fissure|p2b: Volcarona|[miss]
|-miss|p1a: Mudsdale|p2b: Volcarona
|
|upkeep
|
|t:|1755198507
|switch|p1b: Annihilape|Annihilape, L50, M|100/100
|turn|7
|
|t:|1755198513
|move|p2b: Volcarona|Giga Drain|p1a: Mudsdale
|-supereffective|p1a: Mudsdale
|-damage|p1a: Mudsdale|0 fnt
|faint|p1a: Mudsdale
|move|p2a: Ninetales|Blizzard|p1b: Annihilape
|-damage|p1b: Annihilape|74/100
|move|p1b: Annihilape|Bulk Up|p1b: Annihilape
|-boost|p1b: Annihilape|atk|1
|-boost|p1b: Annihilape|def|1
|
|upkeep
|-message|Como Se Dice Ben forfeited.
|
|win|fortubruno
|raw|Como Se Dice Ben's rating: 1260 → 1233(-27 for losing)
|raw|fortubruno's rating: 1227 → 1254(+27 for winning)
|l|☆fortubruno
|player|p2|
