|j|☆WASHINGTONGARGACHA
|j|☆NEOLODO
|html|WASHINGTONGARGACHANEOLODO    
|uhtml|bestof|Game 1 of a best-of-3
|t:|1756548211
|gametype|doubles
|player|p1|WASHINGTONGARGACHA|170|1115
|player|p2|NEOLODO|266|1018
|gen|9
|tier|[Gen 9] VGC 2025 Reg H (Bo3)
|rated|
|rule|Species Clause: Limit one of each Pokémon
|rule|Item Clause: Limit 1 of each item
|clearpoke
|poke|p1|Gholdengo, L50|
|poke|p1|Ursaluna, L50, F|
|poke|p1|Archaludon, L50, F|
|poke|p1|Murkrow, L50, M|
|poke|p1|Farigiraf, L50, M|
|poke|p1|Palafin, L50, M|
|poke|p2|Lilligant-Hisui, L50, F|
|poke|p2|Hatterene, L50, F|
|poke|p2|Ursaluna, L50, M|
|poke|p2|Indeedee-F, L50, F|
|poke|p2|Torkoal, L50, M|
|poke|p2|Gallade, L50, M|
|teampreview|4
|showteam|p1|Gholdengo||LifeOrb|GoodasGold|ShadowBall,MakeItRain,NastyPlot,Protect||||||50|,,,,,Water]Ursaluna||FlameOrb|Guts|Facade,Earthquake,Protect,HeadlongRush|||F|||50|,,,,,Ghost]Archaludon||PowerHerb|Stamina|ElectroShot,FlashCannon,DracoMeteor,Protect|||F|||50|,,,,,Grass]Murkrow||Eviolite|Prankster|Tailwind,RainDance,FoulPlay,Haze|||M|||50|,,,,,Dark]Farigiraf||ThroatSpray|ArmorTail|HyperVoice,TrickRoom,Psychic,Protect|||M|||50|,,,,,Fairy]Palafin||ChoiceBand|ZerotoHero|FlipTurn,CloseCombat,JetPunch,WaveCrash|||M|||50|,,,,,Water
|showteam|p2|Lilligant-Hisui||FocusSash|Chlorophyll|TripleAxel,AfterYou,CloseCombat,SleepPowder|||F|||50|,,,,,Ghost]Hatterene||CovertCloak|MagicBounce|DazzlingGleam,ExpandingForce,TrickRoom,MysticalFire|||F|||50|,,,,,Fire]Ursaluna||FlameOrb|Guts|Facade,HeadlongRush,Earthquake,Protect|||M|||50|,,,,,Ghost]Indeedee-F||PsychicSeed|PsychicSurge|Psychic,TrickRoom,HelpingHand,FollowMe|||F|||50|,,,,,Dragon]Torkoal||FlamePlate|Drought|Eruption,WeatherBall,HeatWave,Protect|||M|||50|,,,,,Fire]Gallade||ClearAmulet|Sharpness|PsychoCut,SacredSword,TrickRoom,WideGuard|||M|||50|,,,,,Grass
|inactive|Battle timer is ON: inactive players will automatically lose when time's up. (requested by NEOLODO)
|
|t:|1756548253
|teamsize|p1|4
|teamsize|p2|4
|start
|switch|p1a: Murkrow|Murkrow, L50, M|100/100
|switch|p1b: Gholdengo|Gholdengo, L50|100/100
|switch|p2a: Indeedee|Indeedee-F, L50, F|100/100
|switch|p2b: Gallade|Gallade, L50, M|100/100
|-fieldstart|move: Psychic Terrain|[from] ability: Psychic Surge|[of] p2a: Indeedee
|-enditem|p2a: Indeedee|Psychic Seed
|-boost|p2a: Indeedee|spd|1|[from] item: Psychic Seed
|turn|1
|inactive|WASHINGTONGARGACHA has 30 seconds left.
|
|t:|1756548278
|move|p1b: Gholdengo|Make It Rain|p2a: Indeedee|[spread] p2a,p2b
|-damage|p2a: Indeedee|59/100
|-damage|p2b: Gallade|42/100
|-unboost|p1b: Gholdengo|spa|1
|-damage|p1b: Gholdengo|91/100|[from] item: Life Orb
|move|p1a: Murkrow|Foul Play|p2b: Gallade
|-damage|p2b: Gallade|0 fnt
|faint|p2b: Gallade
|move|p2a: Indeedee|Trick Room|p2a: Indeedee
|-fieldstart|move: Trick Room|[of] p2a: Indeedee
|
|upkeep
|inactive|NEOLODO has 30 seconds left.
|
|t:|1756548304
|switch|p2b: Torkoal|Torkoal, L50, M|100/100
|-weather|SunnyDay|[from] ability: Drought|[of] p2b: Torkoal
|turn|2
|
|t:|1756548316
|-terastallize|p2b: Torkoal|Fire
|-terastallize|p1b: Gholdengo|Water
|move|p2a: Indeedee|Helping Hand|p2b: Torkoal
|-singleturn|p2b: Torkoal|Helping Hand|[of] p2a: Indeedee
|move|p1a: Murkrow|Rain Dance|p1a: Murkrow
|-weather|RainDance
|move|p2b: Torkoal|Eruption|p1a: Murkrow|[spread] p1a,p1b
|-resisted|p1b: Gholdengo
|-damage|p1a: Murkrow|51/100
|-damage|p1b: Gholdengo|57/100
|move|p1b: Gholdengo|Nasty Plot|p1b: Gholdengo
|-boost|p1b: Gholdengo|spa|2
|
|-weather|RainDance|[upkeep]
|upkeep
|turn|3
|inactive|NEOLODO has 30 seconds left.
|
|t:|1756548345
|switch|p2b: Ursaluna|Ursaluna, L50, M|100/100
|move|p2a: Indeedee|Psychic|p1b: Gholdengo
|-damage|p1b: Gholdengo|12/100
|-unboost|p1b: Gholdengo|spd|1
|move|p1a: Murkrow|Foul Play|p2b: Ursaluna
|-damage|p2b: Ursaluna|57/100
|move|p1b: Gholdengo|Make It Rain|p2a: Indeedee|[spread] p2a,p2b
|-damage|p2a: Indeedee|0 fnt
|-damage|p2b: Ursaluna|0 fnt
|-unboost|p1b: Gholdengo|spa|1
|faint|p2a: Indeedee
|faint|p2b: Ursaluna
|-damage|p1b: Gholdengo|2/100|[from] item: Life Orb
|
|-weather|RainDance|[upkeep]
|upkeep
|
|t:|1756548357
|switch|p2b: Torkoal|Torkoal, L50, M, tera:Fire|100/100
|-weather|SunnyDay|[from] ability: Drought|[of] p2b: Torkoal
|turn|4
|
|t:|1756548364
|move|p1b: Gholdengo|Protect|p1b: Gholdengo
|-singleturn|p1b: Gholdengo|Protect
|move|p1a: Murkrow|Rain Dance|p1a: Murkrow
|-weather|RainDance
|move|p2b: Torkoal|Eruption|p1b: Gholdengo|[spread] p1a
|-activate|p1b: Gholdengo|move: Protect
|-damage|p1a: Murkrow|20/100
|
|-weather|RainDance|[upkeep]
|upkeep
|turn|5
|
|t:|1756548381
|switch|p1b: Ursaluna|Ursaluna, L50, F|100/100
|move|p2b: Torkoal|Eruption|p1b: Ursaluna|[spread] p1a,p1b
|-damage|p1a: Murkrow|0 fnt
|-damage|p1b: Ursaluna|65/100
|faint|p1a: Murkrow
|
|-weather|RainDance|[upkeep]
|-fieldend|move: Trick Room
|-fieldend|move: Psychic Terrain
|-status|p1b: Ursaluna|brn|[from] item: Flame Orb
|upkeep
|
|t:|1756548391
|switch|p1a: Gholdengo|Gholdengo, L50, tera:Water|2/100
|turn|6
|
|t:|1756548399
|move|p1a: Gholdengo|Shadow Ball|p2b: Torkoal
|-damage|p2b: Torkoal|30/100
|-unboost|p2b: Torkoal|spd|1
|-damage|p1a: Gholdengo|0 fnt|[from] item: Life Orb
|faint|p1a: Gholdengo
|move|p1b: Ursaluna|Headlong Rush|p2b: Torkoal
|-supereffective|p2b: Torkoal
|-damage|p2b: Torkoal|0 fnt
|-unboost|p1b: Ursaluna|def|1
|-unboost|p1b: Ursaluna|spd|1
|faint|p2b: Torkoal
|
|win|WASHINGTONGARGACHA
