|j|ŌśåPikaTROD
|j|ŌśåPuniHina
|html|PikaTRODPuniHina    
|uhtml|bestof|Game 2 of a best-of-3
|t:|1755147004
|gametype|doubles
|player|p1|PikaTROD|1|1220
|player|p2|PuniHina|lacey|1205
|gen|9
|tier|[Gen 9] VGC 2025 Reg H (Bo3)
|rated|
|rule|Species Clause: Limit one of each Pok├®mon
|rule|Item Clause: Limit 1 of each item
|clearpoke
|poke|p1|Indeedee, L50, M|
|poke|p1|Sneasler, L50, F|
|poke|p1|Excadrill, L50, F|
|poke|p1|Magmar, L50, M|
|poke|p1|Corviknight, L50, M|
|poke|p1|Tyranitar, L50, M|
|poke|p2|Kingambit, L50, F|
|poke|p2|Volcarona, L50, F|
|poke|p2|Sneasler, L50, F|
|poke|p2|Rillaboom, L50, M|
|poke|p2|Clefable, L50, F|
|poke|p2|Dragonite, L50, M|
|teampreview|4
|showteam|p1|Indeedee||ChoiceScarf|PsychicSurge|ExpandingForce,TeraBlast,Trick,Protect|||M|||50|,,,,,Psychic]Sneasler||WhiteHerb|Unburden|FakeOut,CloseCombat,DireClaw,Coaching|||F|||50|,,,,,Flying]Excadrill||FocusSash|SandRush|Earthquake,IronHead,SwordsDance,Protect|||F|||50|,,,,,Ground]Magmar||Eviolite|VitalSpirit|HeatWave,FollowMe,HelpingHand,Protect|||M|||50|,,,,,Flying]Corviknight||PsychicSeed|MirrorArmor|BraveBird,PowerTrip,BulkUp,Roost|||M|||50|,,,,,Water]Tyranitar||AssaultVest|SandStream|RockSlide,KnockOff,LowKick,TeraBlast|||M|||50|,,,,,Flying
|showteam|p2|Kingambit||BlackGlasses|Defiant|KowtowCleave,SuckerPunch,Protect,SwordsDance|||F|||50|,,,,,Dark]Volcarona||CovertCloak|FlameBody|StruggleBug,FieryDance,Tailwind,RagePowder|||F|||50|,,,,,Psychic]Sneasler||FocusSash|Unburden|DireClaw,CloseCombat,Taunt,Coaching|||F|||50|,,,,,Ghost]Rillaboom||AssaultVest|GrassySurge|WoodHammer,GrassyGlide,FakeOut,HighHorsepower|||M|||50|,,,,,Fire]Clefable||SafetyGoggles|Unaware|Moonblast,FollowMe,Protect,HelpingHand|||F|||50|,,,,,Poison]Dragonite||LoadedDice|Multiscale|ScaleShot,Tailwind,Protect,Haze|||M|||50|,,,,,Fairy
|inactive|Battle timer is ON: inactive players will automatically lose when time's up. (requested by PikaTROD)
|inactive|PuniHina has 60 seconds left.
|
|t:|1755147055
|teamsize|p1|4
|teamsize|p2|4
|start
|switch|p1a: Sneasler|Sneasler, L50, F|100/100
|switch|p1b: Tyranitar|Tyranitar, L50, M|100/100
|switch|p2a: Volcarona|Volcarona, L50, F|100/100
|switch|p2b: ŌØż’ĖÄLeahŌØż’ĖÄ|Sneasler, L50, F|100/100
|-weather|Sandstorm|[from] ability: Sand Stream|[of] p1b: Tyranitar
|turn|1
|inactive|PikaTROD has 30 seconds left.
|
|t:|1755147083
|switch|p2a: Kingambit|Kingambit, L50, F|100/100
|-terastallize|p1b: Tyranitar|Flying
|move|p2b: ŌØż’ĖÄLeahŌØż’ĖÄ|Dire Claw|p1b: Tyranitar
|-damage|p1b: Tyranitar|70/100
|-status|p1b: Tyranitar|slp
|move|p1a: Sneasler|Coaching|p1b: Tyranitar
|-boost|p1b: Tyranitar|atk|1
|-boost|p1b: Tyranitar|def|1
|cant|p1b: Tyranitar|slp
|
|-weather|Sandstorm|[upkeep]
|-damage|p1a: Sneasler|95/100|[from] Sandstorm
|-damage|p2b: ŌØż’ĖÄLeahŌØż’ĖÄ|95/100|[from] Sandstorm
|-damage|p1b: Tyranitar|64/100 slp|[from] Sandstorm
|upkeep
|turn|2
|inactive|PikaTROD has 30 seconds left.
|
|t:|1755147108
|move|p2a: Kingambit|Protect|p2a: Kingambit
|-singleturn|p2a: Kingambit|Protect
|move|p2b: ŌØż’ĖÄLeahŌØż’ĖÄ|Coaching|p2a: Kingambit
|-boost|p2a: Kingambit|atk|1
|-boost|p2a: Kingambit|def|1
|move|p1a: Sneasler|Close Combat|p2a: Kingambit
|-activate|p2a: Kingambit|move: Protect
|cant|p1b: Tyranitar|slp
|
|-weather|Sandstorm|[upkeep]
|-damage|p1a: Sneasler|89/100|[from] Sandstorm
|-damage|p2b: ŌØż’ĖÄLeahŌØż’ĖÄ|89/100|[from] Sandstorm
|-damage|p1b: Tyranitar|58/100 slp|[from] Sandstorm
|upkeep
|turn|3
|
|t:|1755147123
|-terastallize|p2a: Kingambit|Dark
|move|p2a: Kingambit|Sucker Punch|p1b: Tyranitar
|-damage|p1b: Tyranitar|13/100 slp
|move|p1a: Sneasler|Close Combat|p2a: Kingambit
|-supereffective|p2a: Kingambit
|-damage|p2a: Kingambit|37/100
|-unboost|p1a: Sneasler|def|1
|-unboost|p1a: Sneasler|spd|1
|-enditem|p1a: Sneasler|White Herb
|-clearnegativeboost|p1a: Sneasler|[silent]
|move|p2b: ŌØż’ĖÄLeahŌØż’ĖÄ|Coaching|p2a: Kingambit
|-boost|p2a: Kingambit|atk|1
|-boost|p2a: Kingambit|def|1
|cant|p1b: Tyranitar|slp
|
|-weather|Sandstorm|[upkeep]
|-damage|p1a: Sneasler|83/100|[from] Sandstorm
|-damage|p2b: ŌØż’ĖÄLeahŌØż’ĖÄ|83/100|[from] Sandstorm
|-damage|p1b: Tyranitar|7/100 slp|[from] Sandstorm
|-damage|p2a: Kingambit|31/100|[from] Sandstorm
|upkeep
|turn|4
|inactive|PikaTROD has 30 seconds left.
|
|t:|1755147150
|switch|p1b: Indeedee|Indeedee, L50, M|100/100
|-fieldstart|move: Psychic Terrain|[from] ability: Psychic Surge|[of] p1b: Indeedee
|move|p2a: Kingambit|Protect|p2a: Kingambit
|-singleturn|p2a: Kingambit|Protect
|move|p1a: Sneasler|Close Combat|p2a: Kingambit
|-activate|p2a: Kingambit|move: Protect
|move|p2b: ŌØż’ĖÄLeahŌØż’ĖÄ|Dire Claw|p1a: Sneasler
|-resisted|p1a: Sneasler
|-damage|p1a: Sneasler|46/100
|
|-weather|Sandstorm|[upkeep]
|-damage|p1a: Sneasler|40/100|[from] Sandstorm
|-damage|p1b: Indeedee|95/100|[from] Sandstorm
|-damage|p2b: ŌØż’ĖÄLeahŌØż’ĖÄ|77/100|[from] Sandstorm
|-damage|p2a: Kingambit|25/100|[from] Sandstorm
|upkeep
|turn|5
|
|t:|1755147166
|switch|p2b: Rillaboom|Rillaboom, L50, M|100/100
|-fieldstart|move: Grassy Terrain|[from] ability: Grassy Surge|[of] p2b: Rillaboom
|move|p2a: Kingambit|Sucker Punch|p1a: Sneasler
|-resisted|p1a: Sneasler
|-damage|p1a: Sneasler|0 fnt
|faint|p1a: Sneasler
|move|p1b: Indeedee|Expanding Force|p2b: Rillaboom
|-damage|p2b: Rillaboom|73/100
|
|-weather|none
|-heal|p1b: Indeedee|100/100|[from] Grassy Terrain
|-heal|p2b: Rillaboom|79/100|[from] Grassy Terrain
|-heal|p2a: Kingambit|31/100|[from] Grassy Terrain
|upkeep
|
|t:|1755147176
|switch|p1a: Tyranitar|Tyranitar, L50, M, tera:Flying|7/100 slp
|-weather|Sandstorm|[from] ability: Sand Stream|[of] p1a: Tyranitar
|turn|6
|
|t:|1755147185
|switch|p1b: Corviknight|Corviknight, L50, M|100/100
|move|p2b: Rillaboom|Fake Out|p1a: Tyranitar
|-damage|p1a: Tyranitar|0 fnt
|faint|p1a: Tyranitar
|move|p2a: Kingambit|Kowtow Cleave|p1b: Corviknight
|-damage|p1b: Corviknight|0 fnt
|faint|p1b: Corviknight
|
|-weather|Sandstorm|[upkeep]
|-damage|p2b: Rillaboom|73/100|[from] Sandstorm
|-damage|p2a: Kingambit|25/100|[from] Sandstorm
|-heal|p2b: Rillaboom|79/100|[from] Grassy Terrain
|-heal|p2a: Kingambit|31/100|[from] Grassy Terrain
|upkeep
|-message|PikaTROD forfeited.
|raw|PikaTROD's rating: 1220 → 1194(-26 for losing)
|raw|PuniHina's rating: 1205 → 1231(+26 for winning)
|
|win|PuniHina
|l|ŌśåPikaTROD
|player|p1|
