|j|☆M1NuM-
|j|☆Ferran Tiburon
|html|M1NuM-Ferran Tiburon    
|uhtml|bestof|Game 2 of a best-of-3
|t:|1783060122
|gametype|doubles
|player|p1|M1NuM-|wallace|1199
|player|p2|Ferran Tiburon|101|1166
|gen|9
|tier|[Gen 9 Champions] VGC 2026 Reg M-B (Bo3)
|rated|
|rule|Species Clause: Limit one of each Pokémon
|rule|Item Clause: Limit 1 of each item
|clearpoke
|poke|p1|Aerodactyl, L50, M|
|poke|p1|Venusaur, L50, F|
|poke|p1|Kingambit, L50, M|
|poke|p1|Basculegion, L50, M|
|poke|p1|Whimsicott, L50, M|
|poke|p1|Vivillon-Pokeball, L50, M|
|poke|p2|Charizard, L50, F|
|poke|p2|Kingambit, L50, F|
|poke|p2|Sylveon, L50, F|
|poke|p2|Garchomp, L50, M|
|poke|p2|Aerodactyl, L50, F|
|poke|p2|Farigiraf, L50, M|
|teampreview|4
|showteam|p1|Aerodactyl||Aerodactylite|Unnerve|RockSlide,DualWingbeat,Tailwind,Protect|Jolly||M|||50|]Venusaur||Venusaurite|Chlorophyll|EarthPower,SludgeBomb,GigaDrain,Protect|Modest||F|||50|]Kingambit||ChopleBerry|Defiant|KowtowCleave,LowKick,SuckerPunch,Protect|Adamant||M|||50|]Basculegion||LifeOrb|Adaptability|LastRespects,AquaJet,WaveCrash,Protect|Adamant||M|||50|]Whimsicott||MentalHerb|Prankster|Encore,Tailwind,Moonblast,Protect|Bold||M|||50|]Vivillon-Pokeball||FocusSash|CompoundEyes|SleepPowder,LightScreen,PollenPuff,Protect|Timid||M|||50|
|showteam|p2|Charizard||CharizarditeY|SolarPower|Protect,HeatWave,SolarBeam,WeatherBall|Modest||F|||50|]Kingambit||FocusSash|Defiant|IronHead,SuckerPunch,KowtowCleave,LowKick|Adamant||F|||50|]Sylveon||FairyFeather|Pixilate|Detect,HyperVoice,HyperBeam,QuickAttack|Modest||F|||50|]Garchomp||LifeOrb|RoughSkin|Protect,DragonClaw,Earthquake,StompingTantrum|Jolly||M|||50|]Aerodactyl||Aerodactylite|RockHead|IceFang,RockSlide,Tailwind,DualWingbeat|Jolly||F|||50|]Farigiraf||SitrusBerry|ArmorTail|TrickRoom,Psychic,Thunderbolt,Roar|Bold||M|||50|
|inactive|Battle timer is ON: inactive players will automatically lose when time's up. (requested by Ferran Tiburon)
|inactive|M1NuM- also wants the timer to be on.
|inactive|Ferran Tiburon has 60 seconds left.
|inactive|Ferran Tiburon has 30 seconds left.
|inactive|Ferran Tiburon has 20 seconds left.
|inactive|Ferran Tiburon has 15 seconds left.
|inactive|Ferran Tiburon has 10 seconds left.
|inactive|Ferran Tiburon has 5 seconds left.
|
|t:|1783060212
|teamsize|p1|4
|teamsize|p2|4
|start
|switch|p1a: Venusaur|Venusaur, L50, F|100/100
|switch|p1b: Basculegion|Basculegion, L50, M|100/100
|switch|p2a: Aerodactyl|Aerodactyl, L50, F|100/100
|switch|p2b: Kingambit|Kingambit, L50, F|100/100
|turn|1
|inactive|Ferran Tiburon has 30 seconds left.
|
|t:|1783060244
|switch|p2a: Garchomp|Garchomp, L50, M|100/100
|detailschange|p1a: Venusaur|Venusaur-Mega, L50, F
|-mega|p1a: Venusaur|Venusaur|Venusaurite
|move|p1b: Basculegion|Aqua Jet|p2b: Kingambit
|-damage|p2b: Kingambit|67/100
|-damage|p1b: Basculegion|90/100|[from] item: Life Orb
|move|p1a: Venusaur|Earth Power|p2b: Kingambit
|-supereffective|p2b: Kingambit|1
|-damage|p2b: Kingambit|0 fnt
|faint|p2b: Kingambit
|
|upkeep
|
|t:|1783060261
|switch|p2b: Aerodactyl|Aerodactyl, L50, F|100/100
|turn|2
|
|t:|1783060273
|move|p1b: Basculegion|Aqua Jet|p2b: Aerodactyl
|-supereffective|p2b: Aerodactyl|1
|-damage|p2b: Aerodactyl|0 fnt
|faint|p2b: Aerodactyl
|-damage|p1b: Basculegion|80/100|[from] item: Life Orb
|move|p2a: Garchomp|Earthquake|p1a: Venusaur|[spread] p1a,p1b
|-crit|p1a: Venusaur
|-damage|p1a: Venusaur|42/100
|-damage|p1b: Basculegion|21/100
|-damage|p2a: Garchomp|90/100|[from] item: Life Orb
|move|p1a: Venusaur|Giga Drain|p2a: Garchomp
|-damage|p2a: Garchomp|46/100
|-heal|p1a: Venusaur|64/100|[from] drain|[of] p2a: Garchomp
|
|upkeep
|
|t:|1783060281
|switch|p2b: Charizard|Charizard, L50, F|100/100
|turn|3
|
|t:|1783060291
|detailschange|p2b: Charizard|Charizard-Mega-Y, L50, F
|-mega|p2b: Charizard|Charizard|Charizardite Y
|-weather|SunnyDay|[from] ability: Drought|[of] p2b: Charizard
|move|p1b: Basculegion|Aqua Jet|p2b: Charizard
|-supereffective|p2b: Charizard|1
|-damage|p2b: Charizard|60/100
|-damage|p1b: Basculegion|11/100|[from] item: Life Orb
|move|p2a: Garchomp|Earthquake|p1b: Basculegion|[spread] p1a,p1b
|-immune|p2b: Charizard
|-damage|p1a: Venusaur|26/100
|-damage|p1b: Basculegion|0 fnt
|faint|p1b: Basculegion
|-damage|p2a: Garchomp|37/100|[from] item: Life Orb
|move|p2b: Charizard|Heat Wave|p1a: Venusaur
|-supereffective|p1a: Venusaur|1
|-damage|p1a: Venusaur|0 fnt
|faint|p1a: Venusaur
|
|-weather|SunnyDay|[upkeep]
|upkeep
|
|t:|1783060298
|switch|p1b: Whimsicott|Whimsicott, L50, M|100/100
|switch|p1a: Aerodactyl|Aerodactyl, L50, M|100/100
|-ability|p1a: Aerodactyl|Unnerve
|turn|4
|
|t:|1783060322
|move|p2b: Charizard|Protect|p2b: Charizard
|-singleturn|p2b: Charizard|Protect
|move|p1b: Whimsicott|Tailwind|p1b: Whimsicott
|-sidestart|p1: M1NuM-|move: Tailwind
|move|p1a: Aerodactyl|Dual Wingbeat|p2a: Garchomp
|-damage|p2a: Garchomp|20/100y
|-damage|p1a: Aerodactyl|87/100|[from] ability: Rough Skin|[of] p2a: Garchomp
|-damage|p2a: Garchomp|1/100
|-damage|p1a: Aerodactyl|75/100|[from] ability: Rough Skin|[of] p2a: Garchomp
|-hitcount|p2a: Garchomp|2
|move|p2a: Garchomp|Dragon Claw|p1a: Aerodactyl
|-damage|p1a: Aerodactyl|0 fnt
|faint|p1a: Aerodactyl
|-damage|p2a: Garchomp|0 fnt|[from] item: Life Orb
|faint|p2a: Garchomp
|
|-weather|SunnyDay|[upkeep]
|upkeep
|turn|5
|
|t:|1783060336
|move|p1b: Whimsicott|Encore|p2b: Charizard
|-start|p2b: Charizard|Encore
|move|p2b: Charizard|Protect||[still]
|-fail|p2b: Charizard
|
|-weather|SunnyDay|[upkeep]
|upkeep
|turn|6
|inactive|M1NuM- has 30 seconds left.
|inactive|M1NuM- has 20 seconds left.
|inactive|M1NuM- has 15 seconds left.
|inactive|M1NuM- has 10 seconds left.
|inactive|M1NuM- has 5 seconds left.
|
|t:|1783060391
|move|p2b: Charizard|Protect|p2b: Charizard
|-singleturn|p2b: Charizard|Protect
|move|p1b: Whimsicott|Moonblast|p2b: Charizard
|-activate|p2b: Charizard|move: Protect
|
|-weather|SunnyDay|[upkeep]
|upkeep
|turn|7
|inactive|M1NuM- has 30 seconds left.
|inactive|M1NuM- has 20 seconds left.
|inactive|M1NuM- has 15 seconds left.
|inactive|M1NuM- has 10 seconds left.
|inactive|M1NuM- has 5 seconds left.
|
|t:|1783060445
|move|p2b: Charizard|Protect||[still]
|-fail|p2b: Charizard
|move|p1b: Whimsicott|Moonblast|p2b: Charizard
|-resisted|p2b: Charizard|1
|-damage|p2b: Charizard|48/100
|
|-weather|none
|-end|p2b: Charizard|Encore
|-sideend|p1: M1NuM-|move: Tailwind
|upkeep
|turn|8
|inactive|M1NuM- has 30 seconds left.
|inactive|M1NuM- has 20 seconds left.
|inactive|M1NuM- has 15 seconds left.
|inactive|M1NuM- has 10 seconds left.
|inactive|M1NuM- has 5 seconds left.
|
|t:|1783060500
|move|p1b: Whimsicott|Encore|p2b: Charizard
|-start|p2b: Charizard|Encore
|move|p2b: Charizard|Protect||[still]
|-fail|p2b: Charizard
|
|upkeep
|turn|9
|inactive|M1NuM- has 30 seconds left.
|inactive|M1NuM- has 20 seconds left.
|inactive|M1NuM- has 15 seconds left.
|inactive|M1NuM- has 10 seconds left.
|inactive|M1NuM- has 5 seconds left.
|
|t:|1783060554
|move|p2b: Charizard|Protect|p2b: Charizard
|-singleturn|p2b: Charizard|Protect
|move|p1b: Whimsicott|Tailwind|p1b: Whimsicott
|-sidestart|p1: M1NuM-|move: Tailwind
|
|upkeep
|turn|10
|inactive|M1NuM- has 30 seconds left.
|inactive|M1NuM- has 20 seconds left.
|inactive|M1NuM- has 15 seconds left.
|inactive|M1NuM- has 10 seconds left.
|inactive|M1NuM- has 5 seconds left.
|
|t:|1783060609
|move|p2b: Charizard|Protect|p2b: Charizard
|-singleturn|p2b: Charizard|Protect
|move|p1b: Whimsicott|Moonblast|p2b: Charizard
|-activate|p2b: Charizard|move: Protect
|
|-end|p2b: Charizard|Encore
|upkeep
|turn|11
|inactive|M1NuM- has 30 seconds left.
|inactive|M1NuM- has 20 seconds left.
|inactive|M1NuM- has 15 seconds left.
|inactive|M1NuM- has 10 seconds left.
|inactive|M1NuM- has 5 seconds left.
|
|t:|1783060664
|move|p1b: Whimsicott|Encore|p2b: Charizard
|-start|p2b: Charizard|Encore
|move|p2b: Charizard|Protect||[still]
|-fail|p2b: Charizard
|
|-end|p2b: Charizard|Encore
|upkeep
|turn|12
|inactive|M1NuM- has 30 seconds left.
|inactive|M1NuM- has 20 seconds left.
|inactive|M1NuM- has 15 seconds left.
|inactive|M1NuM- has 10 seconds left.
|inactive|M1NuM- has 5 seconds left.
|
|t:|1783060719
|move|p1b: Whimsicott|Encore||[still]
|-fail|p1b: Whimsicott
|move|p2b: Charizard|Heat Wave|p1b: Whimsicott
|-supereffective|p1b: Whimsicott|1
|-damage|p1b: Whimsicott|0 fnt
|faint|p1b: Whimsicott
|
|win|Ferran Tiburon
|raw|M1NuM-'s rating: 1199 → 1172(-27 for losing)
|raw|Ferran Tiburon's rating: 1166 → 1193(+27 for winning)
