|j|☆cocobennyy
|j|☆acarovgc
|html|cocobennyyacarovgc    
|uhtml|bestof|Game 2 of a best-of-3
|t:|1784645894
|gametype|doubles
|player|p1|cocobennyy|medium|1209
|player|p2|acarovgc|170|1091
|gen|9
|tier|[Gen 9 Champions] VGC 2026 Reg M-B (Bo3)
|rated|
|rule|Species Clause: Limit one of each Pokémon
|rule|Item Clause: Limit 1 of each item
|clearpoke
|poke|p1|Charizard, L50, M|
|poke|p1|Mimikyu, L50, F|
|poke|p1|Politoed, L50, M|
|poke|p1|Venusaur, L50, M|
|poke|p1|Archaludon, L50, M|
|poke|p1|Sableye, L50, M|
|poke|p2|Milotic, L50, F|
|poke|p2|Incineroar, L50, M|
|poke|p2|Sinistcha, L50|
|poke|p2|Garchomp, L50, M|
|poke|p2|Gholdengo, L50, shiny|
|poke|p2|Floette-Eternal, L50, F|
|teampreview|4
|showteam|p1|Charizard||CharizarditeY|Blaze|Protect,HeatWave,WeatherBall,SolarBeam|Modest||M|||50|]Mimikyu||LifeOrb|Disguise|Protect,PlayRough,ShadowClaw,TrickRoom|Adamant||F|||50|]Politoed||SitrusBerry|Drizzle|Protect,PerishSong,IceBeam,WeatherBall|Calm||M|||50|]Venusaur||Venusaurite|Chlorophyll|Protect,SludgeBomb,GigaDrain,EarthPower|Modest||M|||50|]Archaludon||Leftovers|Stamina|Protect,ElectroShot,FlashCannon,DragonPulse|Timid||M|||50|]Sableye||LightClay|Prankster|Quash,RainDance,LightScreen,Reflect|Careful||M|||50|
|showteam|p2|Milotic||Leftovers|Competitive|Scald,IcyWind,Recover,Protect|Modest||F|||50|]Incineroar||ChopleBerry|Intimidate|FakeOut,FlareBlitz,DarkestLariat,PartingShot|Adamant||M|||50|]Sinistcha||KasibBerry|Hospitality|MatchaGotcha,LifeDew,RagePowder,TrickRoom|Bold|||||50|]Garchomp||LifeOrb|RoughSkin|DragonClaw,StompingTantrum,RockSlide,Protect|Jolly||M|||50|]Gholdengo||SitrusBerry|GoodasGold|MakeItRain,ShadowBall,NastyPlot,Protect|Timid|||||50|]Floette-Eternal||Floettite|FlowerVeil|DazzlingGleam,Moonblast,CalmMind,Protect|Timid||F|||50|
|
|t:|1784645952
|teamsize|p1|4
|teamsize|p2|4
|start
|switch|p1a: Venusaur|Venusaur, L50, M|100/100
|switch|p1b: Sableye|Sableye, L50, M|100/100
|switch|p2a: Floette|Floette-Eternal, L50, F|100/100
|switch|p2b: Garchomp|Garchomp, L50, M|100/100
|turn|1
|
|t:|1784645992
|switch|p2a: Gholdengo|Gholdengo, L50, shiny|100/100
|detailschange|p1a: Venusaur|Venusaur-Mega, L50, M
|-mega|p1a: Venusaur|Venusaur|Venusaurite
|move|p1b: Sableye|Light Screen|p1b: Sableye
|-sidestart|p1: cocobennyy|move: Light Screen
|move|p2b: Garchomp|Stomping Tantrum|p1b: Sableye
|-damage|p1b: Sableye|36/100
|-damage|p2b: Garchomp|90/100|[from] item: Life Orb
|move|p1a: Venusaur|Giga Drain|p2b: Garchomp
|-damage|p2b: Garchomp|44/100
|
|upkeep
|turn|2
|
|t:|1784646023
|move|p1b: Sableye|Reflect|p1b: Sableye
|-sidestart|p1: cocobennyy|Reflect
|move|p2b: Garchomp|Dragon Claw|p1a: Venusaur
|-damage|p1a: Venusaur|64/100
|-damage|p2b: Garchomp|34/100|[from] item: Life Orb
|move|p2a: Gholdengo|Make It Rain|p1a: Venusaur|[spread] p1a,p1b
|-damage|p1a: Venusaur|35/100
|-damage|p1b: Sableye|3/100
|-unboost|p2a: Gholdengo|spa|2
|move|p1a: Venusaur|Earth Power|p2a: Gholdengo
|-supereffective|p2a: Gholdengo|1
|-damage|p2a: Gholdengo|18/100
|-enditem|p2a: Gholdengo|Sitrus Berry|[eat]
|-heal|p2a: Gholdengo|43/100|[from] item: Sitrus Berry
|
|upkeep
|turn|3
|
|t:|1784646050
|move|p1b: Sableye|Quash|p2b: Garchomp
|-activate|p2b: Garchomp|move: Quash
|move|p2a: Gholdengo|Make It Rain|p1b: Sableye|[spread] p1a,p1b
|-damage|p1a: Venusaur|17/100
|-damage|p1b: Sableye|0 fnt
|-unboost|p2a: Gholdengo|spa|2
|faint|p1b: Sableye
|move|p1a: Venusaur|Giga Drain|p2b: Garchomp
|-damage|p2b: Garchomp|0 fnt
|-heal|p1a: Venusaur|38/100|[from] drain|[of] p2b: Garchomp
|faint|p2b: Garchomp
|
|upkeep
|
|t:|1784646067
|switch|p2b: Floette|Floette-Eternal, L50, F|100/100
|switch|p1b: Archaludon|Archaludon, L50, M|100/100
|turn|4
|
|t:|1784646089
|detailschange|p2b: Floette|Floette-Mega, L50, F
|-mega|p2b: Floette|Floette|Floettite
|-ability|p2b: Floette|Fairy Aura
|move|p2b: Floette|Moonblast|p1a: Venusaur
|-resisted|p1a: Venusaur|1
|-damage|p1a: Venusaur|14/100
|move|p2a: Gholdengo|Make It Rain|p1b: Archaludon|[spread] p1a,p1b
|-resisted|p1b: Archaludon|1
|-damage|p1a: Venusaur|4/100
|-damage|p1b: Archaludon|93/100
|-unboost|p2a: Gholdengo|spa|2
|-ability|p1b: Archaludon|Stamina|boost
|-boost|p1b: Archaludon|def|1
|move|p1b: Archaludon|Flash Cannon|p2b: Floette
|-supereffective|p2b: Floette|1
|-damage|p2b: Floette|43/100
|move|p1a: Venusaur|Sludge Bomb|p2b: Floette
|-supereffective|p2b: Floette|1
|-damage|p2b: Floette|0 fnt
|faint|p2b: Floette
|
|-heal|p1b: Archaludon|100/100|[from] item: Leftovers
|upkeep
|
|t:|1784646099
|switch|p2b: Incineroar|Incineroar, L50, M|100/100
|-ability|p2b: Incineroar|Intimidate|boost
|-unboost|p1a: Venusaur|atk|1
|-unboost|p1b: Archaludon|atk|1
|turn|5
|
|t:|1784646124
|switch|p1a: Politoed|Politoed, L50, M|100/100
|-weather|RainDance|[from] ability: Drizzle|[of] p1a: Politoed
|move|p2a: Gholdengo|Make It Rain|p1b: Archaludon|[spread] p1a,p1b
|-resisted|p1a: Politoed|1
|-resisted|p1b: Archaludon|1
|-damage|p1a: Politoed|97/100
|-damage|p1b: Archaludon|95/100
|-ability|p1b: Archaludon|Stamina|boost
|-boost|p1b: Archaludon|def|1
|move|p1b: Archaludon|Electro Shot||[still]
|-prepare|p1b: Archaludon|Electro Shot
|-boost|p1b: Archaludon|spa|1
|-anim|p1b: Archaludon|Electro Shot|p2b: Incineroar
|-damage|p2b: Incineroar|53/100
|move|p2b: Incineroar|Flare Blitz|p2a: Gholdengo
|-supereffective|p2a: Gholdengo|1
|-damage|p2a: Gholdengo|0 fnt
|faint|p2a: Gholdengo
|-damage|p2b: Incineroar|42/100|[from] Recoil
|
|-weather|RainDance|[upkeep]
|-heal|p1b: Archaludon|100/100|[from] item: Leftovers
|upkeep
|turn|6
|
|t:|1784646148
|move|p1b: Archaludon|Electro Shot||[still]
|-prepare|p1b: Archaludon|Electro Shot
|-boost|p1b: Archaludon|spa|1
|-anim|p1b: Archaludon|Electro Shot|p2b: Incineroar
|-damage|p2b: Incineroar|0 fnt
|faint|p2b: Incineroar
|
|win|cocobennyy
||acarovgc is ready for game 3.
||cocobennyy is ready for game 3.
|uhtml|next|Next: Game 3 of 3
|l|☆acarovgc
|player|p2|
|l|☆cocobennyy
|player|p1|
|j|☆cocobennyy
|player|p1|cocobennyy|medium|
