|j|☆lolgz
|j|☆trapanone77
|html|lolgztrapanone77    
|uhtml|bestof|Game 2 of a best-of-3
|t:|1784301792
|gametype|doubles
|player|p1|lolgz|dawn|1030
|player|p2|trapanone77|170|1046
|gen|9
|tier|[Gen 9 Champions] VGC 2026 Reg M-B (Bo3)
|rated|
|rule|Species Clause: Limit one of each Pokémon
|rule|Item Clause: Limit 1 of each item
|clearpoke
|poke|p1|Blastoise, L50, M|
|poke|p1|Vivillon, L50, M|
|poke|p1|Farigiraf, L50, M|
|poke|p1|Gallade, L50, M|
|poke|p1|Mawile, L50, M|
|poke|p1|Torkoal, L50, M|
|poke|p2|Basculegion, L50, M|
|poke|p2|Archaludon, L50, F|
|poke|p2|Swampert, L50, F|
|poke|p2|Blastoise, L50, F|
|poke|p2|Meganium, L50, M|
|poke|p2|Pelipper, L50, F|
|teampreview|4
|showteam|p1|Blastoise||Blastoisinite|Torrent|WaterSpout,DarkPulse,FakeOut,ShellSmash|Modest||M|||50|]Vivillon||ChoiceScarf|CompoundEyes|SleepPowder,RagePowder,Tailwind,Hurricane|Timid||M|||50|]Farigiraf||SitrusBerry|ArmorTail|TrickRoom,Psychic,HelpingHand,Protect|Relaxed||M|||50|]Gallade||IronBall|Sharpness|SacredSword,PsychoCut,LeafBlade,TrickRoom|Brave||M|||50|]Mawile||Mawilite|HyperCutter|SuckerPunch,PlayRough,RockSlide,Protect|Brave||M|||50|]Torkoal||Charcoal|Drought|WeatherBall,Eruption,EarthPower,Protect|Quiet||M|||50|
|showteam|p2|Basculegion||ChoiceScarf|Adaptability|FlipTurn,WaveCrash,AquaJet,LastRespects|Adamant||M|||50|]Archaludon||Leftovers|Stamina|Protect,ElectroShot,FlashCannon,DragonPulse|Calm||F|||50|]Swampert||Swampertite|Torrent|HighHorsepower,RockSlide,WaveCrash,FlipTurn|Adamant||F|||50|]Blastoise||Blastoisinite|RainDish|AquaJet,AuraSphere,ShellSmash,WaterSpout|Naive||F|||50|]Meganium||Meganiumite|Overgrow|Synthesis,DazzlingGleam,WeatherBall,SolarBeam|Modest||M|||50|]Pelipper||FocusSash|Drizzle|Protect,Uturn,WeatherBall,Hurricane|Bold||F|||50|
|inactive|Battle timer is ON: inactive players will automatically lose when time's up. (requested by lolgz)
|inactive|trapanone77 also wants the timer to be on.
|j| 282839393m
|
|t:|1784301813
|teamsize|p1|4
|teamsize|p2|4
|start
|switch|p1a: Vivillon|Vivillon, L50, M|100/100
|switch|p1b: Blastoise|Blastoise, L50, M|100/100
|switch|p2a: Pelipper|Pelipper, L50, F|100/100
|switch|p2b: Archaludon|Archaludon, L50, F|100/100
|-weather|RainDance|[from] ability: Drizzle|[of] p2a: Pelipper
|turn|1
|
|t:|1784301832
|detailschange|p1b: Blastoise|Blastoise-Mega, L50, M
|-mega|p1b: Blastoise|Blastoise|Blastoisinite
|move|p2b: Archaludon|Protect|p2b: Archaludon
|-singleturn|p2b: Archaludon|Protect
|move|p2a: Pelipper|Protect|p2a: Pelipper
|-singleturn|p2a: Pelipper|Protect
|move|p1b: Blastoise|Fake Out|p2a: Pelipper
|-activate|p2a: Pelipper|move: Protect
|move|p1a: Vivillon|Sleep Powder|p2b: Archaludon
|-activate|p2b: Archaludon|move: Protect
|
|-weather|RainDance|[upkeep]
|upkeep
|turn|2
|
|t:|1784301849
|move|p1a: Vivillon|Sleep Powder|p2b: Archaludon|[miss]
|-miss|p1a: Vivillon|p2b: Archaludon
|move|p2b: Archaludon|Electro Shot||[still]
|-prepare|p2b: Archaludon|Electro Shot
|-boost|p2b: Archaludon|spa|1
|-anim|p2b: Archaludon|Electro Shot|p1b: Blastoise
|-supereffective|p1b: Blastoise|1
|-damage|p1b: Blastoise|0 fnt
|faint|p1b: Blastoise
|move|p2a: Pelipper|Hurricane|p1a: Vivillon
|-supereffective|p1a: Vivillon|1
|-damage|p1a: Vivillon|0 fnt
|faint|p1a: Vivillon
|
|-weather|RainDance|[upkeep]
|upkeep
|
|t:|1784301853
|switch|p1a: Farigiraf|Farigiraf, L50, M|100/100
|switch|p1b: Gallade|Gallade, L50, M|100/100
|turn|3
|c| 282839393m|Wow
|
|t:|1784301873
|move|p2b: Archaludon|Electro Shot||[still]
|-prepare|p2b: Archaludon|Electro Shot
|-boost|p2b: Archaludon|spa|1
|-anim|p2b: Archaludon|Electro Shot|p1a: Farigiraf
|-damage|p1a: Farigiraf|21/100
|-enditem|p1a: Farigiraf|Sitrus Berry|[eat]
|-heal|p1a: Farigiraf|45/100|[from] item: Sitrus Berry
|move|p2a: Pelipper|U-turn|p1a: Farigiraf
|-supereffective|p1a: Farigiraf|1
|-damage|p1a: Farigiraf|31/100
|c| 282839393m|Ur one of the most unluckiest
|
|t:|1784301885
|switch|p2a: Basculegion|Basculegion, L50, M|100/100|[from] U-turn
|move|p1b: Gallade|Sacred Sword|p2b: Archaludon
|-supereffective|p2b: Archaludon|1
|-damage|p2b: Archaludon|0 fnt
|faint|p2b: Archaludon
|move|p1a: Farigiraf|Trick Room|p1a: Farigiraf
|-fieldstart|move: Trick Room|[of] p1a: Farigiraf
|
|-weather|RainDance|[upkeep]
|upkeep
|
|t:|1784301898
|switch|p2b: Meganium|Meganium, L50, M|100/100
|turn|4
|
|t:|1784301908
|detailschange|p2b: Meganium|Meganium-Mega, L50, M
|-mega|p2b: Meganium|Meganium|Meganiumite
|move|p1a: Farigiraf|Helping Hand|p1b: Gallade
|-singleturn|p1b: Gallade|Helping Hand|[of] p1a: Farigiraf
|move|p1b: Gallade|Psycho Cut|p2b: Meganium
|-damage|p2b: Meganium|10/100
|move|p2b: Meganium|Weather Ball|p1b: Gallade
|-damage|p1b: Gallade|47/100
|move|p2a: Basculegion|Wave Crash|p1a: Farigiraf
|-damage|p1a: Farigiraf|0 fnt
|faint|p1a: Farigiraf
|-damage|p2a: Basculegion|88/100|[from] Recoil
|
|-weather|RainDance|[upkeep]
|upkeep
|turn|5
|
|t:|1784301933
|move|p1b: Gallade|Leaf Blade|p2a: Basculegion
|-supereffective|p2a: Basculegion|1
|-damage|p2a: Basculegion|0 fnt
|faint|p2a: Basculegion
|move|p2b: Meganium|Solar Beam||[still]
|-prepare|p2b: Meganium|Solar Beam
|-activate|p2b: Meganium|ability: Mega Sol
|-anim|p2b: Meganium|Solar Beam|p1b: Gallade
|-damage|p1b: Gallade|0 fnt
|faint|p1b: Gallade
|
|win|trapanone77
|l|☆lolgz
|player|p1|
||lolgz is ready for game 3.
|inactive|trapanone77 has 30 seconds to confirm battle start!
||trapanone77 is ready for game 3.
|uhtml|next|Next: Game 3 of 3
