|j|☆Dike Guard
|j|☆Ossi1590
|html|Dike GuardOssi1590    
|uhtml|bestof|Game 2 of a best-of-3
|t:|1783597903
|gametype|doubles
|player|p1|Dike Guard|266|1367
|player|p2|Ossi1590|colress|1311
|gen|9
|tier|[Gen 9 Champions] VGC 2026 Reg M-B (Bo3)
|rated|
|rule|Species Clause: Limit one of each Pokémon
|rule|Item Clause: Limit 1 of each item
|clearpoke
|poke|p1|Incineroar, L50, M|
|poke|p1|Sinistcha, L50|
|poke|p1|Sneasler, L50, M|
|poke|p1|Kingambit, L50, F|
|poke|p1|Floette-Eternal, L50, F|
|poke|p1|Basculegion, L50, M|
|poke|p2|Raichu, L50, M|
|poke|p2|Floette-Eternal, L50, F|
|poke|p2|Sinistcha, L50|
|poke|p2|Ceruledge, L50, M|
|poke|p2|Milotic, L50, M|
|poke|p2|Incineroar, L50, F|
|teampreview|4
|showteam|p1|Incineroar||SitrusBerry|Intimidate|FakeOut,FlareBlitz,HelpingHand,PartingShot|Careful||M|||50|]Sinistcha||KasibBerry|Hospitality|MatchaGotcha,TrickRoom,RagePowder,Protect|Bold|||||50|]Sneasler||FocusSash|PoisonTouch|PoisonJab,CloseCombat,Feint,FakeOut|Jolly||M|||50|]Kingambit||LifeOrb|Defiant|KowtowCleave,SuckerPunch,SwordsDance,Protect|Adamant||F|||50|]Floette-Eternal||Floettite|FlowerVeil|Moonblast,DazzlingGleam,CalmMind,Protect|Modest||F|||50|]Basculegion||ChoiceScarf|Adaptability|WaveCrash,LastRespects,FlipTurn,AquaJet|Jolly||M|||50|
|showteam|p2|Raichu||RaichuniteY|LightningRod|ZapCannon,FocusBlast,FakeOut,Protect|Timid||M|||50|]Floette-Eternal||Floettite|FlowerVeil|Protect,DazzlingGleam,DrainingKiss,CalmMind|Bold||F|||50|]Sinistcha||KasibBerry|Hospitality|MatchaGotcha,LifeDew,RagePowder,Protect|Relaxed|||||50|]Ceruledge||ColburBerry|FlashFire|BitterBlade,ShadowSneak,BulkUp,Protect|Adamant||M|||50|]Milotic||Leftovers|Competitive|MuddyWater,Coil,Hypnosis,Protect|Calm||M|||50|]Incineroar||SitrusBerry|Intimidate|FlareBlitz,ThroatChop,FakeOut,PartingShot|Impish||F|||50|
|inactive|Battle timer is ON: inactive players will automatically lose when time's up. (requested by Ossi1590)
|
|t:|1783597939
|teamsize|p1|4
|teamsize|p2|4
|start
|switch|p1a: Floette|Floette-Eternal, L50, F|100/100
|switch|p1b: Basculegion|Basculegion, L50, M|100/100
|switch|p2a: Milotic|Milotic, L50, M|100/100
|switch|p2b: Raichu|Raichu, L50, M|100/100
|turn|1
|
|t:|1783597958
|detailschange|p2b: Raichu|Raichu-Mega-Y, L50, M
|-mega|p2b: Raichu|Raichu|Raichunite Y
|detailschange|p1a: Floette|Floette-Mega, L50, F
|-mega|p1a: Floette|Floette|Floettite
|-ability|p1a: Floette|Fairy Aura
|move|p1b: Basculegion|Wave Crash|p2b: Raichu
|-damage|p2b: Raichu|0 fnt
|faint|p2b: Raichu
|-damage|p1b: Basculegion|72/100|[from] Recoil
|move|p1a: Floette|Calm Mind|p1a: Floette
|-boost|p1a: Floette|spa|1
|-boost|p1a: Floette|spd|1
|move|p2a: Milotic|Coil|p2a: Milotic
|-boost|p2a: Milotic|atk|1
|-boost|p2a: Milotic|def|1
|-boost|p2a: Milotic|accuracy|1
|
|upkeep
|
|t:|1783597974
|switch|p2b: Sinistcha|Sinistcha, L50|100/100
|turn|2
|
|t:|1783597998
|move|p1b: Basculegion|Wave Crash|p2a: Milotic
|-resisted|p2a: Milotic|1
|-damage|p2a: Milotic|78/100
|-damage|p1b: Basculegion|64/100|[from] Recoil
|move|p1a: Floette|Moonblast|p2a: Milotic
|-damage|p2a: Milotic|5/100
|move|p2a: Milotic|Coil|p2a: Milotic
|-boost|p2a: Milotic|atk|1
|-boost|p2a: Milotic|def|1
|-boost|p2a: Milotic|accuracy|1
|move|p2b: Sinistcha|Matcha Gotcha|p1b: Basculegion|[spread] p1a,p1b
|-supereffective|p1b: Basculegion|1
|-damage|p1a: Floette|87/100
|-damage|p1b: Basculegion|5/100
|-status|p1b: Basculegion|brn
|
|-heal|p2a: Milotic|11/100|[from] item: Leftovers
|-damage|p1b: Basculegion|0 fnt|[from] brn
|faint|p1b: Basculegion
|upkeep
|
|t:|1783598021
|switch|p1b: Incineroar|Incineroar, L50, M|100/100
|-ability|p1b: Incineroar|Intimidate|boost
|-unboost|p2a: Milotic|atk|1
|-ability|p2a: Milotic|Competitive|boost
|-boost|p2a: Milotic|spa|2
|-unboost|p2b: Sinistcha|atk|1
|turn|3
|
|t:|1783598036
|switch|p2b: Ceruledge|Ceruledge, L50, M|100/100
|move|p2a: Milotic|Protect|p2a: Milotic
|-singleturn|p2a: Milotic|Protect
|move|p1a: Floette|Dazzling Gleam|p2a: Milotic|[spread] p2b
|-activate|p2a: Milotic|move: Protect
|-resisted|p2b: Ceruledge|1
|-damage|p2b: Ceruledge|68/100
|move|p1b: Incineroar|Parting Shot|p2b: Ceruledge
|-unboost|p2b: Ceruledge|atk|1
|-unboost|p2b: Ceruledge|spa|1
|
|t:|1783598047
|switch|p1b: Sinistcha|Sinistcha, L50|100/100|[from] Parting Shot
|-heal|p1a: Floette|100/100|[from] ability: Hospitality|[of] p1b: Sinistcha
|
|-heal|p2a: Milotic|17/100|[from] item: Leftovers
|upkeep
|turn|4
|
|t:|1783598058
|switch|p2b: Sinistcha|Sinistcha, L50|100/100
|-heal|p2a: Milotic|42/100|[from] ability: Hospitality|[of] p2b: Sinistcha
|move|p1a: Floette|Dazzling Gleam|p2b: Sinistcha|[spread] p2a,p2b
|-damage|p2a: Milotic|1/100
|-damage|p2b: Sinistcha|33/100
|move|p2a: Milotic|Muddy Water|p1a: Floette|[spread] p1a,p1b
|-resisted|p1b: Sinistcha|1
|-damage|p1a: Floette|76/100
|-damage|p1b: Sinistcha|78/100
|move|p1b: Sinistcha|Matcha Gotcha|p2a: Milotic|[spread] p2a,p2b
|-supereffective|p2a: Milotic|1
|-resisted|p2b: Sinistcha|1
|-damage|p2a: Milotic|0 fnt
|-heal|p1b: Sinistcha|78/100|[from] drain|[of] p2a: Milotic
|-damage|p2b: Sinistcha|21/100
|-heal|p1b: Sinistcha|84/100|[from] drain|[of] p2b: Sinistcha
|faint|p2a: Milotic
|
|upkeep
|
|t:|1783598070
|switch|p2a: Ceruledge|Ceruledge, L50, M|68/100
|turn|5
|
|t:|1783598084
|switch|p1b: Incineroar|Incineroar, L50, M|100/100
|-ability|p1b: Incineroar|Intimidate|boost
|-unboost|p2a: Ceruledge|atk|1
|-unboost|p2b: Sinistcha|atk|1
|move|p1a: Floette|Dazzling Gleam|p2a: Ceruledge|[spread] p2a,p2b
|-resisted|p2a: Ceruledge|1
|-damage|p2a: Ceruledge|38/100
|-damage|p2b: Sinistcha|0 fnt
|faint|p2b: Sinistcha
|move|p2a: Ceruledge|Bitter Blade|p1a: Floette
|-damage|p1a: Floette|40/100
|-heal|p2a: Ceruledge|55/100|[from] drain|[of] p1a: Floette
|
|upkeep
|turn|6
|
|t:|1783598100
|move|p1b: Incineroar|Helping Hand|p1a: Floette
|-singleturn|p1a: Floette|Helping Hand|[of] p1b: Incineroar
|move|p1a: Floette|Moonblast|p2a: Ceruledge
|-resisted|p2a: Ceruledge|1
|-damage|p2a: Ceruledge|0 fnt
|faint|p2a: Ceruledge
|
|win|Dike Guard
|raw|Dike Guard's rating: 1367 → 1384(+17 for winning)
|raw|Ossi1590's rating: 1311 → 1294(-17 for losing)
|c|☆Dike Guard|ggs
|c|☆Ossi1590|gg
|l|☆Ossi1590
|player|p2|
