|j|☆dollartreehero
|j|☆jamesyjaems
|html|dollartreeherojamesyjaems    
|uhtml|bestof|Game 2 of a best-of-3
|t:|1757778357
|gametype|doubles
|player|p1|dollartreehero|bugcatcher-gen4dp|1154
|player|p2|jamesyjaems|102|1091
|gen|9
|tier|[Gen 9] VGC 2025 Reg H (Bo3)
|rated|
|rule|Species Clause: Limit one of each Pokémon
|rule|Item Clause: Limit 1 of each item
|clearpoke
|poke|p1|Talonflame, L50, M|
|poke|p1|Garchomp, L50, F|
|poke|p1|Tyranitar, L50, F|
|poke|p1|Milotic, L50, F|
|poke|p1|Sinistcha, L50|
|poke|p1|Gholdengo, L50|
|poke|p2|Sneasler, L50, M|
|poke|p2|Palafin, L50, M|
|poke|p2|Amoonguss, L50, M|
|poke|p2|Indeedee, L50, M|
|poke|p2|Pelipper, L50, M|
|poke|p2|Archaludon, L50, M|
|teampreview|4
|showteam|p1|Talonflame||CovertCloak|GaleWings|DualWingbeat,Tailwind,WillOWisp,Taunt|||M|||50|,,,,,Flying]Garchomp||LifeOrb|RoughSkin|Protect,StompingTantrum,Earthquake,DragonClaw|||F|||50|,,,,,Ground]Tyranitar||AssaultVest|SandStream|RockSlide,KnockOff,LowKick,TeraBlast|||F|||50|,,,,,Flying]Milotic||SafetyGoggles|Competitive|Scald,IcyWind,Haze,Protect|||F|||50|,,,,,Poison]Sinistcha||SitrusBerry|Hospitality|MatchaGotcha,TrickRoom,RagePowder,Imprison||||||50|,,,,,Water]Gholdengo||MetalCoat|GoodasGold|MakeItRain,ShadowBall,NastyPlot,Protect||||||50|,,,,,Flying
|showteam|p2|Sneasler||PsychicSeed|Unburden|DireClaw,CloseCombat,ThroatChop,Protect|||M|||50|,,,,,Dark]Palafin||EjectPack|ZerotoHero|JetPunch,WaveCrash,CloseCombat,Acrobatics|||M|||50|,,,,,Stellar]Amoonguss||CovertCloak|Regenerator|PollenPuff,RagePowder,Spore,Protect|||M|||50|,,,,,Water]Indeedee||SafetyGoggles|PsychicSurge|ExpandingForce,HyperVoice,Imprison,Protect|||M|||50|,,,,,Psychic]Pelipper||FocusSash|Drizzle|Hurricane,WeatherBall,Tailwind,Protect|||M|||50|,,,,,Ghost]Archaludon||AssaultVest|Stamina|ElectroShot,FlashCannon,BodyPress,Snarl|||M|||50|,,,,,Fairy
|inactive|Battle timer is ON: inactive players will automatically lose when time's up. (requested by dollartreehero)
|inactive|jamesyjaems has 60 seconds left.
|inactive|jamesyjaems has 30 seconds left.
|
|t:|1757778425
|teamsize|p1|4
|teamsize|p2|4
|start
|switch|p1a: Talonflame|Talonflame, L50, M|100/100
|switch|p1b: Garchomp|Garchomp, L50, F|100/100
|switch|p2a: Pelipper|Pelipper, L50, M|100/100
|switch|p2b: Amoonguss|Amoonguss, L50, M|100/100
|-weather|RainDance|[from] ability: Drizzle|[of] p2a: Pelipper
|turn|1
|
|t:|1757778449
|switch|p1b: Tyranitar|Tyranitar, L50, F, shiny|100/100
|-weather|Sandstorm|[from] ability: Sand Stream|[of] p1b: Tyranitar
|move|p1a: Talonflame|Tailwind|p1a: Talonflame
|-sidestart|p1: dollartreehero|move: Tailwind
|move|p2a: Pelipper|Tailwind|p2a: Pelipper
|-sidestart|p2: jamesyjaems|move: Tailwind
|move|p2b: Amoonguss|Spore|p1b: Tyranitar
|-status|p1b: Tyranitar|slp|[from] move: Spore
|
|-weather|Sandstorm|[upkeep]
|-damage|p1a: Talonflame|95/100|[from] Sandstorm
|-damage|p2a: Pelipper|95/100|[from] Sandstorm
|-damage|p2b: Amoonguss|95/100|[from] Sandstorm
|upkeep
|turn|2
|inactive|jamesyjaems has 30 seconds left.
|
|t:|1757778478
|switch|p2b: Indeedee|Indeedee, L50, M|100/100
|-fieldstart|move: Psychic Terrain|[from] ability: Psychic Surge|[of] p2b: Indeedee
|move|p1a: Talonflame|Dual Wingbeat|p2b: Indeedee
|-damage|p2b: Indeedee|66/100
|-damage|p2b: Indeedee|35/100
|-hitcount|p2b: Indeedee|2
|cant|p1b: Tyranitar|slp
|move|p2a: Pelipper|Weather Ball|p1a: Talonflame
|-supereffective|p1a: Talonflame
|-damage|p1a: Talonflame|0 fnt
|faint|p1a: Talonflame
|
|-weather|Sandstorm|[upkeep]
|-damage|p2a: Pelipper|89/100|[from] Sandstorm
|upkeep
|
|t:|1757778495
|switch|p1a: Garchomp|Garchomp, L50, F|100/100
|turn|3
|
|t:|1757778517
|switch|p2a: Amoonguss|Amoonguss, L50, M|100/100
|-terastallize|p1b: Tyranitar|Flying
|move|p1a: Garchomp|Earthquake|p2a: Amoonguss|[spread] p2a,p2b
|-immune|p1b: Tyranitar
|-damage|p2a: Amoonguss|47/100
|-damage|p2b: Indeedee|0 fnt
|faint|p2b: Indeedee
|-damage|p1a: Garchomp|91/100|[from] item: Life Orb
|cant|p1b: Tyranitar|slp
|
|-weather|Sandstorm|[upkeep]
|-damage|p1b: Tyranitar|95/100 slp|[from] Sandstorm
|-damage|p2a: Amoonguss|41/100|[from] Sandstorm
|upkeep
|
|t:|1757778534
|switch|p2b: Pelipper|Pelipper, L50, M|89/100
|-weather|RainDance|[from] ability: Drizzle|[of] p2b: Pelipper
|turn|4
|
|t:|1757778554
|move|p2a: Amoonguss|Protect|p2a: Amoonguss
|-singleturn|p2a: Amoonguss|Protect
|move|p1a: Garchomp|Dragon Claw|p2a: Amoonguss
|-activate|p2a: Amoonguss|move: Protect
|-curestatus|p1b: Tyranitar|slp|[msg]
|move|p1b: Tyranitar|Rock Slide|p2b: Pelipper|[spread] p2b
|-activate|p2a: Amoonguss|move: Protect
|-supereffective|p2b: Pelipper
|-damage|p2b: Pelipper|41/100
|cant|p2b: Pelipper|flinch
|
|-weather|RainDance|[upkeep]
|-sideend|p2: jamesyjaems|move: Tailwind
|-sideend|p1: dollartreehero|move: Tailwind
|upkeep
|turn|5
|inactive|dollartreehero has 30 seconds left.
|
|t:|1757778580
|move|p1a: Garchomp|Dragon Claw|p2b: Pelipper
|-damage|p2b: Pelipper|0 fnt
|faint|p2b: Pelipper
|-damage|p1a: Garchomp|81/100|[from] item: Life Orb
|move|p1b: Tyranitar|Tera Blast|p2a: Amoonguss|[anim] Tera Blast Flying
|-supereffective|p2a: Amoonguss
|-damage|p2a: Amoonguss|0 fnt
|faint|p2a: Amoonguss
|
|-weather|RainDance|[upkeep]
|upkeep
|-message|jamesyjaems forfeited.
|
|win|dollartreehero
|raw|dollartreehero's rating: 1154 → 1175(+21 for winning)
|raw|jamesyjaems's rating: 1091 → 1072(-19 for losing)
|l|☆jamesyjaems
|player|p2|
