|j|☆pistoiese1312
|j|☆xdi8723
|html|pistoiese1312xdi8723    
|uhtml|bestof|Game 2 of a best-of-3
|t:|1784909622
|gametype|doubles
|player|p1|pistoiese1312|1|1041
|player|p2|xdi8723|265|1060
|gen|9
|tier|[Gen 9 Champions] VGC 2026 Reg M-B (Bo3)
|rated|
|rule|Species Clause: Limit one of each Pokémon
|rule|Item Clause: Limit 1 of each item
|clearpoke
|poke|p1|Gengar, L50, M|
|poke|p1|Incineroar, L50, M|
|poke|p1|Floette-Eternal, L50, F|
|poke|p1|Kingambit, L50, F|
|poke|p1|Kommo-o, L50, F|
|poke|p1|Sneasler, L50, F|
|poke|p2|Archaludon, L50, M|
|poke|p2|Pelipper, L50, F|
|poke|p2|Grimmsnarl, L50, M|
|poke|p2|Sinistcha, L50|
|poke|p2|Swampert, L50, F|
|poke|p2|Lycanroc-Dusk, L50, F|
|teampreview|4
|showteam|p1|Gengar||Gengarite|CursedBody|ShadowBall,PerishSong,Disable,Protect|Modest||M|||50|]Incineroar||PasshoBerry|Intimidate|FlareBlitz,PartingShot,FakeOut,Protect|Relaxed||M|||50|]Floette-Eternal||Floettite|FlowerVeil|LightofRuin,Moonblast,DazzlingGleam,Protect|Calm||F|||50|]Kingambit||BlackGlasses|Defiant|SuckerPunch,KowtowCleave,SwordsDance,Protect|Adamant||F|||50|]Kommo-o||Leftovers|Soundproof|AuraSphere,ClangingScales,ClangorousSoul,Protect|Modest||F|||50|]Sneasler||WhiteHerb|Unburden|DireClaw,CloseCombat,FakeOut,Protect|Adamant||F|||50|
|showteam|p2|Archaludon||Leftovers|Stamina|ElectroShot,AuraSphere,FlashCannon,Protect|Modest||M|||50|]Pelipper||SitrusBerry|Drizzle|Tailwind,WeatherBall,Hurricane,WideGuard|Modest||F|||50|]Grimmsnarl||LightClay|Prankster|PartingShot,SpiritBreak,Reflect,LightScreen|Calm||M|||50|]Sinistcha||KasibBerry|Hospitality|MatchaGotcha,LifeDew,RagePowder,TrickRoom|Calm|||||50|]Swampert||Swampertite|Torrent|WaveCrash,Earthquake,IcePunch,Protect|Adamant||F|||50|]Lycanroc-Dusk||FocusSash|ToughClaws|Protect,RockSlide,Accelerock,CloseCombat|Jolly||F|||50|
|inactive|Battle timer is ON: inactive players will automatically lose when time's up. (requested by xdi8723)
|
|t:|1784909657
|teamsize|p1|4
|teamsize|p2|4
|start
|switch|p1a: Floette|Floette-Eternal, L50, F|100/100
|switch|p1b: Sneasler|Sneasler, L50, F|100/100
|switch|p2a: Swampert|Swampert, L50, F|100/100
|switch|p2b: Pelipper|Pelipper, L50, F|100/100
|-weather|RainDance|[from] ability: Drizzle|[of] p2b: Pelipper
|turn|1
|inactive|pistoiese1312 has 30 seconds left.
|inactive|pistoiese1312 has 20 seconds left.
|inactive|pistoiese1312 has 15 seconds left.
|inactive|pistoiese1312 has 10 seconds left.
|
|t:|1784909704
|detailschange|p1a: Floette|Floette-Mega, L50, F
|-mega|p1a: Floette|Floette|Floettite
|-ability|p1a: Floette|Fairy Aura
|detailschange|p2a: Swampert|Swampert-Mega, L50, F
|-mega|p2a: Swampert|Swampert|Swampertite
|move|p1b: Sneasler|Fake Out|p2a: Swampert
|-crit|p2a: Swampert
|-damage|p2a: Swampert|81/100
|cant|p2a: Swampert|flinch
|move|p1a: Floette|Moonblast|p2b: Pelipper
|-crit|p2b: Pelipper
|-damage|p2b: Pelipper|0 fnt
|faint|p2b: Pelipper
|
|-weather|RainDance|[upkeep]
|upkeep
|
|t:|1784909717
|switch|p2b: Sinistcha|Sinistcha, L50|100/100
|-heal|p2a: Swampert|100/100|[from] ability: Hospitality|[of] p2b: Sinistcha
|turn|2
|
|t:|1784909729
|switch|p1b: Incineroar|Incineroar, L50, M|100/100
|-ability|p1b: Incineroar|Intimidate|boost
|-unboost|p2a: Swampert|atk|1
|-unboost|p2b: Sinistcha|atk|1
|move|p1a: Floette|Protect|p1a: Floette
|-singleturn|p1a: Floette|Protect
|move|p2a: Swampert|Earthquake|p1a: Floette|[spread] p2b,p1b
|-activate|p1a: Floette|move: Protect
|-resisted|p2b: Sinistcha|1
|-supereffective|p1b: Incineroar|1
|-damage|p2b: Sinistcha|84/100
|-damage|p1b: Incineroar|52/100
|move|p2b: Sinistcha|Life Dew||[still]|[spread] p2a,p2b
|-fail|p2a: Swampert|heal
|-heal|p2b: Sinistcha|100/100
|
|-weather|RainDance|[upkeep]
|upkeep
|turn|3
|inactive|xdi8723 has 30 seconds left.
|
|t:|1784909755
|switch|p2a: Archaludon|Archaludon, L50, M|100/100
|move|p2b: Sinistcha|Rage Powder|p2b: Sinistcha
|-singleturn|p2b: Sinistcha|move: Rage Powder
|move|p1a: Floette|Moonblast|p2b: Sinistcha
|-damage|p2b: Sinistcha|35/100
|move|p1b: Incineroar|Parting Shot|p2b: Sinistcha
|-unboost|p2b: Sinistcha|atk|1
|-unboost|p2b: Sinistcha|spa|1
|
|t:|1784909766
|switch|p1b: Sneasler|Sneasler, L50, F|100/100|[from] Parting Shot
|
|-weather|RainDance|[upkeep]
|upkeep
|turn|4
|
|t:|1784909789
|switch|p2b: Swampert|Swampert-Mega, L50, F|100/100
|move|p1b: Sneasler|Fake Out|p2a: Archaludon
|-resisted|p2a: Archaludon|1
|-damage|p2a: Archaludon|94/100
|-ability|p2a: Archaludon|Stamina|boost
|-boost|p2a: Archaludon|def|1
|move|p1a: Floette|Dazzling Gleam|p2a: Archaludon|[spread] p2a,p2b
|-damage|p2a: Archaludon|41/100
|-damage|p2b: Swampert|62/100
|-ability|p2a: Archaludon|Stamina|boost
|-boost|p2a: Archaludon|def|1
|cant|p2a: Archaludon|flinch
|
|-weather|RainDance|[upkeep]
|-heal|p2a: Archaludon|47/100|[from] item: Leftovers
|upkeep
|turn|5
|
|t:|1784909814
|switch|p1b: Incineroar|Incineroar, L50, M|52/100
|-ability|p1b: Incineroar|Intimidate|boost
|-unboost|p2a: Archaludon|atk|1
|-unboost|p2b: Swampert|atk|1
|move|p1a: Floette|Protect|p1a: Floette
|-singleturn|p1a: Floette|Protect
|move|p2b: Swampert|Wave Crash|p1a: Floette
|-activate|p1a: Floette|move: Protect
|move|p2a: Archaludon|Electro Shot||[still]
|-prepare|p2a: Archaludon|Electro Shot
|-boost|p2a: Archaludon|spa|1
|-anim|p2a: Archaludon|Electro Shot|p1b: Incineroar
|-damage|p1b: Incineroar|0 fnt
|faint|p1b: Incineroar
|
|-weather|none
|-heal|p2a: Archaludon|53/100|[from] item: Leftovers
|upkeep
|
|t:|1784909831
|switch|p1b: Sneasler|Sneasler, L50, F|100/100
|turn|6
|
|t:|1784909838
|switch|p2b: Sinistcha|Sinistcha, L50|35/100
|-heal|p2a: Archaludon|78/100|[from] ability: Hospitality|[of] p2b: Sinistcha
|move|p2a: Archaludon|Protect|p2a: Archaludon
|-singleturn|p2a: Archaludon|Protect
|move|p1b: Sneasler|Close Combat|p2a: Archaludon
|-activate|p2a: Archaludon|move: Protect
|move|p1a: Floette|Moonblast|p2b: Sinistcha
|-damage|p2b: Sinistcha|0 fnt
|faint|p2b: Sinistcha
|
|-heal|p2a: Archaludon|84/100|[from] item: Leftovers
|upkeep
|
|t:|1784909852
|switch|p2b: Swampert|Swampert-Mega, L50, F|62/100
|turn|7
|
|t:|1784909870
|move|p2b: Swampert|Protect|p2b: Swampert
|-singleturn|p2b: Swampert|Protect
|move|p1b: Sneasler|Close Combat|p2a: Archaludon
|-supereffective|p2a: Archaludon|1
|-damage|p2a: Archaludon|33/100
|-unboost|p1b: Sneasler|def|1
|-unboost|p1b: Sneasler|spd|1
|-ability|p2a: Archaludon|Stamina|boost
|-boost|p2a: Archaludon|def|1
|-enditem|p1b: Sneasler|White Herb
|-clearnegativeboost|p1b: Sneasler|[silent]
|move|p1a: Floette|Dazzling Gleam|p2a: Archaludon|[spread] p2a
|-activate|p2b: Swampert|move: Protect
|-damage|p2a: Archaludon|0 fnt
|faint|p2a: Archaludon
|
|upkeep
|turn|8
|
|t:|1784909886
|move|p1b: Sneasler|Close Combat|p2b: Swampert
|-damage|p2b: Swampert|7/100
|-unboost|p1b: Sneasler|def|1
|-unboost|p1b: Sneasler|spd|1
|move|p1a: Floette|Moonblast|p2b: Swampert
|-damage|p2b: Swampert|0 fnt
|faint|p2b: Swampert
|
|win|pistoiese1312
||xdi8723 is ready for game 3.
||pistoiese1312 is ready for game 3.
|uhtml|next|Next: Game 3 of 3
|l|☆pistoiese1312
|player|p1|
