|j|☆282839393m
|j|☆homerj71
|html|282839393mhomerj71    
|uhtml|bestof|Game 1 of a best-of-3
|t:|1784741935
|gametype|doubles
|player|p1|282839393m|hilbert|
|player|p2|homerj71|170|
|gen|9
|tier|[Gen 9 Champions] VGC 2026 Reg M-B (Bo3)
|rule|Species Clause: Limit one of each Pokémon
|rule|Item Clause: Limit 1 of each item
|clearpoke
|poke|p1|Zoroark-Hisui, L50, F|
|poke|p1|Incineroar, L50, F|
|poke|p1|Gholdengo, L50|
|poke|p1|Blastoise, L50, M|
|poke|p1|Whimsicott, L50, F|
|poke|p1|Staraptor, L50, M|
|poke|p2|Sneasler, L50, F|
|poke|p2|Sinistcha, L50|
|poke|p2|Incineroar, L50, M|
|poke|p2|Kingambit, L50, M|
|poke|p2|Delphox, L50, M|
|poke|p2|Blastoise, L50, F|
|teampreview|4
|showteam|p1|Zoroark-Hisui||SilkScarf|Illusion|Taunt,IcyWind,HyperBeam,Protect|Timid||F|||50|]Incineroar||PasshoBerry|Intimidate|ThroatChop,FakeOut,PartingShot,FlareBlitz|Impish||F|||50|]Gholdengo||LifeOrb|GoodasGold|NastyPlot,MakeItRain,ShadowBall,Protect|Modest|||||50|]Blastoise||Blastoisinite|Torrent|WaterSpout,ShellSmash,Protect,FocusBlast|Modest||M|||50|]Whimsicott||FocusSash|Prankster|Moonblast,Tailwind,FakeTears,Encore|Bold||F|||50|]Staraptor||Staraptite|Intimidate|Protect,CloseCombat,Roost,BraveBird|Adamant||M|||50|
|showteam|p2|Sneasler||FocusSash|PoisonTouch|FakeOut,QuickGuard,DireClaw,CloseCombat|Jolly||F|||50|]Sinistcha||OccaBerry|Hospitality|Protect,RagePowder,MatchaGotcha,TrickRoom|Relaxed|||||50|]Incineroar||SitrusBerry|Intimidate|FakeOut,FlareBlitz,ThroatChop,PartingShot|Careful||M|||50|]Kingambit||BlackGlasses|Defiant|KowtowCleave,SwordsDance,SuckerPunch,Protect|Adamant||M|||50|]Delphox||Delphoxite|Blaze|Protect,NastyPlot,HeatWave,Psyshock|Timid||M|||50|]Blastoise||Blastoisinite|RainDish|WaterSpout,DarkPulse,Protect,ShellSmash|Modest||F|||50|
|inactive|Battle timer is ON: inactive players will automatically lose when time's up. (requested by homerj71)
|c|☆homerj71|hf
|inactive|282839393m has 60 seconds left.
|
|t:|1784741980
|teamsize|p1|4
|teamsize|p2|4
|start
|switch|p1a: Staraptor|Staraptor, L50, M|100/100
|switch|p1b: Whimsicott|Whimsicott, L50, F|100/100
|switch|p2a: Incineroar|Incineroar, L50, M|100/100
|switch|p2b: Kingambit|Kingambit, L50, M|100/100
|-ability|p1a: Staraptor|Intimidate|boost
|-unboost|p2a: Incineroar|atk|1
|-unboost|p2b: Kingambit|atk|1
|-ability|p2b: Kingambit|Defiant|boost
|-boost|p2b: Kingambit|atk|2
|-ability|p2a: Incineroar|Intimidate|boost
|-unboost|p1a: Staraptor|atk|1
|-unboost|p1b: Whimsicott|atk|1
|turn|1
|
|t:|1784741995
|detailschange|p1a: Staraptor|Staraptor-Mega, L50, M
|-mega|p1a: Staraptor|Staraptor|Staraptite
|move|p2a: Incineroar|Fake Out|p1a: Staraptor
|-damage|p1a: Staraptor|93/100
|move|p1b: Whimsicott|Tailwind|p1b: Whimsicott
|-sidestart|p1: 282839393m|move: Tailwind
|cant|p1a: Staraptor|flinch
|move|p2b: Kingambit|Swords Dance|p2b: Kingambit
|-boost|p2b: Kingambit|atk|2
|
|upkeep
|turn|2
|inactive|homerj71 has 30 seconds left.
|inactive|282839393m has 30 seconds left.
|
|t:|1784742027
|switch|p1b: Gholdengo|Gholdengo, L50|100/100
|switch|p2a: Sinistcha|Sinistcha, L50|100/100
|move|p2b: Kingambit|Protect|p2b: Kingambit
|-singleturn|p2b: Kingambit|Protect
|move|p1a: Staraptor|Close Combat|p2b: Kingambit
|-activate|p2b: Kingambit|move: Protect
|
|upkeep
|turn|3
|inactive|282839393m has 30 seconds left.
|inactive|282839393m has 20 seconds left.
|inactive|282839393m has 15 seconds left.
|inactive|282839393m has 10 seconds left.
|
|t:|1784742073
|move|p2a: Sinistcha|Rage Powder|p2a: Sinistcha
|-singleturn|p2a: Sinistcha|move: Rage Powder
|move|p2b: Kingambit|Sucker Punch||[still]
|-fail|p2b: Kingambit
|move|p1b: Gholdengo|Nasty Plot|p1b: Gholdengo
|-boost|p1b: Gholdengo|spa|2
|move|p1a: Staraptor|Brave Bird|p2a: Sinistcha
|-supereffective|p2a: Sinistcha|1
|-damage|p2a: Sinistcha|27/100
|-damage|p1a: Staraptor|71/100|[from] Recoil
|
|upkeep
|turn|4
|inactive|282839393m has 30 seconds left.
|
|t:|1784742104
|move|p2a: Sinistcha|Rage Powder|p2a: Sinistcha
|-singleturn|p2a: Sinistcha|move: Rage Powder
|move|p2b: Kingambit|Sucker Punch|p1b: Gholdengo
|-supereffective|p1b: Gholdengo|1
|-damage|p1b: Gholdengo|0 fnt
|faint|p1b: Gholdengo
|move|p1a: Staraptor|Roost|p1a: Staraptor
|-heal|p1a: Staraptor|100/100
|-singleturn|p1a: Staraptor|move: Roost
|
|-sideend|p1: 282839393m|move: Tailwind
|upkeep
|
|t:|1784742109
|switch|p1b: Whimsicott|Whimsicott, L50, F|100/100
|turn|5
|
|t:|1784742114
|move|p2a: Sinistcha|Rage Powder|p2a: Sinistcha
|-singleturn|p2a: Sinistcha|move: Rage Powder
|move|p1b: Whimsicott|Tailwind|p1b: Whimsicott
|-sidestart|p1: 282839393m|move: Tailwind
|move|p1a: Staraptor|Brave Bird|p2a: Sinistcha
|-supereffective|p2a: Sinistcha|1
|-damage|p2a: Sinistcha|0 fnt
|faint|p2a: Sinistcha
|-damage|p1a: Staraptor|91/100|[from] Recoil
|move|p2b: Kingambit|Kowtow Cleave|p1a: Staraptor
|-resisted|p1a: Staraptor|1
|-damage|p1a: Staraptor|21/100
|
|upkeep
|
|t:|1784742125
|switch|p2a: Sneasler|Sneasler, L50, F|100/100
|turn|6
|
|t:|1784742135
|move|p2a: Sneasler|Fake Out|p1a: Staraptor
|-damage|p1a: Staraptor|7/100
|move|p1b: Whimsicott|Moonblast|p2b: Kingambit
|-damage|p2b: Kingambit|74/100
|cant|p1a: Staraptor|flinch
|move|p2b: Kingambit|Kowtow Cleave|p1b: Whimsicott
|-resisted|p1b: Whimsicott|1
|-damage|p1b: Whimsicott|34/100
|
|upkeep
|turn|7
|
|t:|1784742152
|move|p1b: Whimsicott|Encore|p2a: Sneasler
|-start|p2a: Sneasler|Encore
|move|p2a: Sneasler|Fake Out||[still]
|-hint|Fake Out only works on your first turn out.
|-fail|p2a: Sneasler
|move|p2b: Kingambit|Sucker Punch||[still]
|-fail|p2b: Kingambit
|move|p1a: Staraptor|Roost|p1a: Staraptor
|-heal|p1a: Staraptor|57/100
|-singleturn|p1a: Staraptor|move: Roost
|
|upkeep
|turn|8
|
|t:|1784742177
|move|p2b: Kingambit|Sucker Punch||[still]
|-fail|p2b: Kingambit
|move|p1b: Whimsicott|Moonblast|p2a: Sneasler
|-damage|p2a: Sneasler|59/100
|move|p1a: Staraptor|Roost|p1a: Staraptor
|-heal|p1a: Staraptor|100/100
|-singleturn|p1a: Staraptor|move: Roost
|-activate|p2a: Sneasler|move: Struggle
|move|p2a: Sneasler|Struggle|p1a: Staraptor
|-damage|p1a: Staraptor|84/100
|-status|p1a: Staraptor|psn|[from] ability: Poison Touch|[of] p2a: Sneasler
|-damage|p2a: Sneasler|34/100|[from] recoil
|
|-damage|p1a: Staraptor|72/100 psn|[from] psn
|-sideend|p1: 282839393m|move: Tailwind
|upkeep
|turn|9
|
|t:|1784742195
|move|p2b: Kingambit|Sucker Punch||[still]
|-fail|p2b: Kingambit
|-activate|p2a: Sneasler|move: Struggle
|move|p2a: Sneasler|Struggle|p1a: Staraptor
|-damage|p1a: Staraptor|54/100 psn
|-damage|p2a: Sneasler|9/100|[from] recoil
|move|p1b: Whimsicott|Moonblast|p2a: Sneasler
|-damage|p2a: Sneasler|0 fnt
|faint|p2a: Sneasler
|move|p1a: Staraptor|Roost|p1a: Staraptor
|-heal|p1a: Staraptor|100/100 psn
|-singleturn|p1a: Staraptor|move: Roost
|
|-damage|p1a: Staraptor|87/100 psn|[from] psn
|upkeep
|
|t:|1784742200
|switch|p2a: Incineroar|Incineroar, L50, M|100/100
|-ability|p2a: Incineroar|Intimidate|boost
|-boost|p1a: Staraptor|atk|1
|-unboost|p1b: Whimsicott|atk|1
|turn|10
|
|t:|1784742206
|move|p1a: Staraptor|Protect|p1a: Staraptor
|-singleturn|p1a: Staraptor|Protect
|move|p2a: Incineroar|Fake Out|p1a: Staraptor
|-activate|p1a: Staraptor|move: Protect
|move|p1b: Whimsicott|Moonblast|p2b: Kingambit
|-damage|p2b: Kingambit|48/100
|move|p2b: Kingambit|Kowtow Cleave|p1a: Staraptor
|-activate|p1a: Staraptor|move: Protect
|
|-damage|p1a: Staraptor|75/100 psn|[from] psn
|upkeep
|turn|11
|
|t:|1784742224
|move|p1b: Whimsicott|Tailwind|p1b: Whimsicott
|-sidestart|p1: 282839393m|move: Tailwind
|move|p2b: Kingambit|Sucker Punch|p1a: Staraptor
|-resisted|p1a: Staraptor|1
|-damage|p1a: Staraptor|15/100 psn
|move|p1a: Staraptor|Close Combat|p2a: Incineroar
|-supereffective|p2a: Incineroar|1
|-damage|p2a: Incineroar|0 fnt
|-boost|p1a: Staraptor|def|1
|-boost|p1a: Staraptor|spd|1
|faint|p2a: Incineroar
|
|-damage|p1a: Staraptor|3/100 psn|[from] psn
|upkeep
|turn|12
|
|t:|1784742236
|move|p1b: Whimsicott|Moonblast|p2b: Kingambit
|-damage|p2b: Kingambit|23/100
|-unboost|p2b: Kingambit|spa|1
|-ability|p2b: Kingambit|Defiant|boost
|-boost|p2b: Kingambit|atk|2
|move|p1a: Staraptor|Roost|p1a: Staraptor
|-heal|p1a: Staraptor|53/100 psn
|-singleturn|p1a: Staraptor|move: Roost
|move|p2b: Kingambit|Kowtow Cleave|p1a: Staraptor
|-resisted|p1a: Staraptor|1
|-damage|p1a: Staraptor|0 fnt
|faint|p1a: Staraptor
|
|upkeep
|
|t:|1784742240
|switch|p1a: Incineroar|Incineroar, L50, F|100/100
|-ability|p1a: Incineroar|Intimidate|boost
|-unboost|p2b: Kingambit|atk|1
|-ability|p2b: Kingambit|Defiant|boost
|-boost|p2b: Kingambit|atk|2
|turn|13
|
|t:|1784742250
|move|p2b: Kingambit|Protect|p2b: Kingambit
|-singleturn|p2b: Kingambit|Protect
|move|p1b: Whimsicott|Moonblast|p2b: Kingambit
|-activate|p2b: Kingambit|move: Protect
|move|p1a: Incineroar|Flare Blitz|p2b: Kingambit
|-activate|p2b: Kingambit|move: Protect
|
|upkeep
|turn|14
|
|t:|1784742257
|move|p2b: Kingambit|Sucker Punch|p1a: Incineroar
|-resisted|p1a: Incineroar|1
|-damage|p1a: Incineroar|20/100y
|move|p1b: Whimsicott|Moonblast|p2b: Kingambit
|-damage|p2b: Kingambit|0 fnt
|faint|p2b: Kingambit
|
|win|282839393m
