|j|☆catastrozzoliverdi
|j|☆paseriman
|html|catastrozzoliverdipaseriman    
|uhtml|bestof|Game 2 of a best-of-3
|t:|1757839631
|gametype|doubles
|player|p1|catastrozzoliverdi|alder|1359
|player|p2|paseriman|169|1327
|gen|9
|tier|[Gen 9] VGC 2025 Reg H (Bo3)
|rated|
|rule|Species Clause: Limit one of each Pokémon
|rule|Item Clause: Limit 1 of each item
|clearpoke
|poke|p1|Garchomp, L50, M|
|poke|p1|Jumpluff, L50, F|
|poke|p1|Torkoal, L50, M|
|poke|p1|Dragonite, L50, M|
|poke|p1|Kingambit, L50, M|
|poke|p1|Typhlosion-Hisui, L50, M|
|poke|p2|Ninetales-Alola, L50, M|
|poke|p2|Sneasler, L50, M|
|poke|p2|Dragonite, L50, F|
|poke|p2|Arcanine-Hisui, L50, M|
|poke|p2|Rillaboom, L50, M|
|poke|p2|Gholdengo, L50|
|teampreview|4
|showteam|p1|Garchomp||LifeOrb|RoughSkin|Earthquake,StompingTantrum,DragonClaw,Protect|||M|||50|,,,,,Fairy]Jumpluff||CovertCloak|Chlorophyll|SleepPowder,RagePowder,Encore,Tailwind|||F|||50|,,,,,Ghost]Torkoal||EjectPack|Drought|Overheat,BurningJealousy,HelpingHand,Protect|||M|||50|,,,,,Flying]Dragonite||LoadedDice|Multiscale|ScaleShot,ExtremeSpeed,IceSpinner,Protect|||M|||50|,,,,,Fairy]Kingambit||AssaultVest|Defiant|IronHead,SuckerPunch,Assurance,LowKick|||M|||50|,,,,,Flying]Typhlosion-Hisui||ChoiceSpecs|Blaze|Eruption,ShadowBall,HeatWave,Overheat|||M|||50|,,,,,Fire
|showteam|p2|Ninetales-Alola||FocusSash|SnowWarning|Blizzard,IcyWind,Encore,AuroraVeil|||M|||50|,,,,,Ice]Sneasler||WhiteHerb|Unburden|DireClaw,CloseCombat,FakeOut,Protect|||M|||50|,,,,,Dark]Dragonite||LoadedDice|Multiscale|ScaleShot,StompingTantrum,Tailwind,Protect|||F|||50|,,,,,Ground]Arcanine-Hisui||ClearAmulet|Intimidate|FlareBlitz,RockSlide,ExtremeSpeed,Protect|||M|||50|,,,,,Water]Rillaboom||AssaultVest|GrassySurge|WoodHammer,GrassyGlide,Uturn,FakeOut|||M|||50|,,,,,Fire]Gholdengo||GrassySeed|GoodasGold|MakeItRain,ShadowBall,NastyPlot,Protect||||||50|,,,,,Water
|inactive|Battle timer is ON: inactive players will automatically lose when time's up. (requested by paseriman)
|inactive|catastrozzoliverdi has 60 seconds left.
|
|t:|1757839700
|teamsize|p1|4
|teamsize|p2|4
|start
|switch|p1a: Jumpluff|Jumpluff, L50, F|100/100
|switch|p1b: Torkoal|Torkoal, L50, M|100/100
|switch|p2a: Dragonite|Dragonite, L50, F|100/100
|switch|p2b: Arcanine|Arcanine-Hisui, L50, M|100/100
|-ability|p2b: Arcanine|Intimidate|boost
|-unboost|p1a: Jumpluff|atk|1
|-unboost|p1b: Torkoal|atk|1
|-weather|SunnyDay|[from] ability: Drought|[of] p1b: Torkoal
|-enditem|p1b: Torkoal|Eject Pack
|
|t:|1757839703
|switch|p1b: Garchomp|Garchomp, L50, M|100/100
|turn|1
|
|t:|1757839721
|switch|p2b: Ninetales|Ninetales-Alola, L50, M|100/100
|-weather|Snowscape|[from] ability: Snow Warning|[of] p2b: Ninetales
|-terastallize|p1b: Garchomp|Fairy
|move|p1a: Jumpluff|Sleep Powder|p2b: Ninetales|[miss]
|-miss|p1a: Jumpluff|p2b: Ninetales
|move|p1b: Garchomp|Dragon Claw|p2a: Dragonite
|-supereffective|p2a: Dragonite
|-damage|p2a: Dragonite|36/100
|-damage|p1b: Garchomp|91/100|[from] item: Life Orb
|move|p2a: Dragonite|Scale Shot|p1a: Jumpluff
|-damage|p1a: Jumpluff|80/100
|-damage|p1a: Jumpluff|59/100
|-damage|p1a: Jumpluff|39/100
|-damage|p1a: Jumpluff|17/100
|-hitcount|p1a: Jumpluff|4
|-unboost|p2a: Dragonite|def|1
|-boost|p2a: Dragonite|spe|1
|
|-weather|Snowscape|[upkeep]
|upkeep
|turn|2
|inactive|paseriman has 30 seconds left.
|inactive|catastrozzoliverdi has 30 seconds left.
|inactive|paseriman has 20 seconds left.
|
|t:|1757839760
|switch|p1b: Torkoal|Torkoal, L50, M|100/100
|-weather|SunnyDay|[from] ability: Drought|[of] p1b: Torkoal
|move|p2a: Dragonite|Protect|p2a: Dragonite
|-singleturn|p2a: Dragonite|Protect
|move|p1a: Jumpluff|Tailwind|p1a: Jumpluff
|-sidestart|p1: catastrozzoliverdi|move: Tailwind
|move|p2b: Ninetales|Blizzard|p1a: Jumpluff|[spread] p1a,p1b
|-supereffective|p1a: Jumpluff
|-resisted|p1b: Torkoal
|-damage|p1a: Jumpluff|0 fnt
|-damage|p1b: Torkoal|80/100
|faint|p1a: Jumpluff
|
|-weather|SunnyDay|[upkeep]
|upkeep
|
|t:|1757839777
|switch|p1a: Typhlosion|Typhlosion-Hisui, L50, M|100/100
|turn|3
|
|t:|1757839791
|switch|p2b: Arcanine|Arcanine-Hisui, L50, M|100/100
|-ability|p2b: Arcanine|Intimidate|boost
|-unboost|p1a: Typhlosion|atk|1
|-unboost|p1b: Torkoal|atk|1
|move|p1a: Typhlosion|Eruption|p2b: Arcanine|[spread] p2a,p2b
|-resisted|p2a: Dragonite
|-resisted|p2b: Arcanine
|-damage|p2a: Dragonite|0 fnt
|-damage|p2b: Arcanine|60/100
|faint|p2a: Dragonite
|move|p1b: Torkoal|Burning Jealousy|p2b: Arcanine
|-resisted|p2b: Arcanine
|-damage|p2b: Arcanine|46/100
|
|-weather|SunnyDay|[upkeep]
|upkeep
|
|t:|1757839809
|switch|p2a: Ninetales|Ninetales-Alola, L50, M|100/100
|-weather|Snowscape|[from] ability: Snow Warning|[of] p2a: Ninetales
|turn|4
|inactive|catastrozzoliverdi has 30 seconds left.
|
|t:|1757839842
|-terastallize|p2a: Ninetales|Ice
|move|p1a: Typhlosion|Eruption|p2b: Arcanine|[spread] p2a,p2b
|-supereffective|p2a: Ninetales
|-resisted|p2b: Arcanine
|-enditem|p2a: Ninetales|Focus Sash
|-damage|p2a: Ninetales|1/100
|-damage|p2b: Arcanine|19/100
|move|p2a: Ninetales|Blizzard|p1b: Torkoal|[spread] p1a,p1b
|-resisted|p1a: Typhlosion
|-resisted|p1b: Torkoal
|-damage|p1a: Typhlosion|71/100
|-damage|p1b: Torkoal|54/100
|move|p2b: Arcanine|Rock Slide|p1b: Torkoal|[spread] p1a,p1b
|-supereffective|p1a: Typhlosion
|-supereffective|p1b: Torkoal
|-crit|p1b: Torkoal
|-damage|p1a: Typhlosion|0 fnt
|-damage|p1b: Torkoal|0 fnt
|faint|p1a: Typhlosion
|faint|p1b: Torkoal
|
|-weather|Snowscape|[upkeep]
|upkeep
|
|t:|1757839856
|switch|p1b: Garchomp|Garchomp, L50, M, tera:Fairy|91/100
|turn|5
|
|t:|1757839865
|move|p2b: Arcanine|Protect|p2b: Arcanine
|-singleturn|p2b: Arcanine|Protect
|move|p1b: Garchomp|Earthquake|p2b: Arcanine|[spread] p2a
|-activate|p2b: Arcanine|move: Protect
|-damage|p2a: Ninetales|0 fnt
|faint|p2a: Ninetales
|-damage|p1b: Garchomp|81/100|[from] item: Life Orb
|
|-weather|Snowscape|[upkeep]
|-sideend|p1: catastrozzoliverdi|move: Tailwind
|upkeep
|
|t:|1757839883
|switch|p2a: Sneasler|Sneasler, L50, M|100/100
|turn|6
|
|t:|1757839899
|move|p1b: Garchomp|Protect|p1b: Garchomp
|-singleturn|p1b: Garchomp|Protect
|move|p2b: Arcanine|Extreme Speed|p1b: Garchomp
|-activate|p1b: Garchomp|move: Protect
|move|p2a: Sneasler|Close Combat|p2b: Arcanine
|-supereffective|p2b: Arcanine
|-damage|p2b: Arcanine|0 fnt
|-unboost|p2a: Sneasler|def|1
|-unboost|p2a: Sneasler|spd|1
|faint|p2b: Arcanine
|-enditem|p2a: Sneasler|White Herb
|-clearnegativeboost|p2a: Sneasler|[silent]
|
|-weather|Snowscape|[upkeep]
|upkeep
|turn|7
|
|t:|1757839915
|move|p2a: Sneasler|Dire Claw|p1b: Garchomp
|-supereffective|p1b: Garchomp
|-damage|p1b: Garchomp|0 fnt
|-damage|p2a: Sneasler|88/100|[from] ability: Rough Skin|[of] p1b: Garchomp
|faint|p1b: Garchomp
|
|win|paseriman
||catastrozzoliverdi is ready for game 3.
|inactive|paseriman has 30 seconds to confirm battle start!
||paseriman is ready for game 3.
|uhtml|next|Next: Game 3 of 3
|l|☆paseriman
|player|p2|
