|j|☆chamoy-pt2
|j|☆lewis94
|html|chamoy-pt2lewis94    
|uhtml|bestof|Game 3 of a best-of-3
|t:|1756920602
|gametype|doubles
|player|p1|chamoy-pt2|riley|1090
|player|p2|lewis94|ethan-gen2|1130
|gen|9
|tier|[Gen 9] VGC 2025 Reg H (Bo3)
|rated|
|rule|Species Clause: Limit one of each Pokémon
|rule|Item Clause: Limit 1 of each item
|clearpoke
|poke|p1|Gholdengo, L50|
|poke|p1|Hydreigon, L50, M|
|poke|p1|Dragapult, L50, F|
|poke|p1|Electabuzz, L50, F|
|poke|p1|Whimsicott, L50, M|
|poke|p1|Ursaluna, L50, F|
|poke|p2|Talonflame, L50, M|
|poke|p2|Ursaluna-Bloodmoon, L50, M|
|poke|p2|Tyranitar, L50, M|
|poke|p2|Sneasler, L50, F|
|poke|p2|Indeedee, L50, M|
|poke|p2|Electabuzz, L50, M|
|teampreview|4
|showteam|p1|Gholdengo||LifeOrb|GoodasGold|MakeItRain,ShadowBall,NastyPlot,Protect||||||50|,,,,,Water]Hydreigon||AssaultVest|Levitate|DragonPulse,DarkPulse,HeatWave,Snarl|||M|||50|,,,,,Fire]Dragapult||ChoiceBand|ClearBody|DragonDarts,PhantomForce,SuckerPunch,Uturn|||F|||50|,,,,,Dragon]Electabuzz||Eviolite|VitalSpirit|FollowMe,HelpingHand,VoltSwitch,Protect|||F|||50|,,,,,Fairy]Whimsicott||CovertCloak|Prankster|Tailwind,Encore,Taunt,Moonblast|||M|||50|,,,,,Water]Ursaluna||FlameOrb|Guts|Facade,HeadlongRush,Earthquake,Protect|||F|||50|,,,,,Ground
|showteam|p2|Talonflame||CovertCloak|GaleWings|FlareBlitz,DualWingbeat,WillOWisp,Tailwind|||M|||50|,,,,,Fairy]Ursaluna-Bloodmoon||LifeOrb|MindsEye|BloodMoon,HyperVoice,EarthPower,Protect|||M|||50|,,,,,Normal]Tyranitar||AssaultVest|SandStream|RockSlide,KnockOff,TeraBlast,LowKick|||M|||50|,,,,,Flying]Sneasler||PsychicSeed|Unburden|DireClaw,CloseCombat,ThroatChop,Protect|||F|||50|,,,,,Dark]Indeedee||ChoiceScarf|PsychicSurge|ExpandingForce,TeraBlast,Protect,Trick|||M|||50|,,,,,Psychic]Electabuzz||Eviolite|VitalSpirit|Electroweb,FollowMe,Taunt,Protect|||M|||50|,,,,,Ghost
|inactive|Battle timer is ON: inactive players will automatically lose when time's up. (requested by lewis94)
|
|t:|1756920617
|teamsize|p1|4
|teamsize|p2|4
|start
|switch|p1a: Gholdengo|Gholdengo, L50|100/100
|switch|p1b: Electabuzz|Electabuzz, L50, F|100/100
|switch|p2a: Talonflame|Talonflame, L50, M|100/100
|switch|p2b: Ursaluna|Ursaluna-Bloodmoon, L50, M|100/100
|turn|1
|
|t:|1756920641
|move|p1b: Electabuzz|Follow Me|p1b: Electabuzz
|-singleturn|p1b: Electabuzz|move: Follow Me
|move|p2a: Talonflame|Tailwind|p2a: Talonflame
|-sidestart|p2: lewis94|move: Tailwind
|move|p2b: Ursaluna|Hyper Voice|p1b: Electabuzz|[spread] p1a,p1b
|-resisted|p1a: Gholdengo
|-damage|p1a: Gholdengo|78/100
|-damage|p1b: Electabuzz|64/100
|-damage|p2b: Ursaluna|91/100|[from] item: Life Orb
|move|p1a: Gholdengo|Nasty Plot|p1a: Gholdengo
|-boost|p1a: Gholdengo|spa|2
|
|upkeep
|turn|2
|inactive|lewis94 has 30 seconds left.
|
|t:|1756920668
|switch|p2a: Tyranitar|Tyranitar, L50, M|100/100
|-weather|Sandstorm|[from] ability: Sand Stream|[of] p2a: Tyranitar
|move|p1b: Electabuzz|Follow Me|p1b: Electabuzz
|-singleturn|p1b: Electabuzz|move: Follow Me
|move|p2b: Ursaluna|Blood Moon|p1b: Electabuzz
|-damage|p1b: Electabuzz|0 fnt
|faint|p1b: Electabuzz
|-damage|p2b: Ursaluna|81/100|[from] item: Life Orb
|move|p1a: Gholdengo|Shadow Ball|p2a: Tyranitar
|-resisted|p2a: Tyranitar
|-damage|p2a: Tyranitar|79/100
|-unboost|p2a: Tyranitar|spd|1
|-damage|p1a: Gholdengo|68/100|[from] item: Life Orb
|
|-weather|Sandstorm|[upkeep]
|upkeep
|
|t:|1756920675
|switch|p1b: Whimsicott|Whimsicott, L50, M|100/100
|turn|3
|
|t:|1756920698
|move|p1b: Whimsicott|Tailwind|p1b: Whimsicott
|-sidestart|p1: chamoy-pt2|move: Tailwind
|move|p1a: Gholdengo|Make It Rain|p2a: Tyranitar|[spread] p2a,p2b
|-supereffective|p2a: Tyranitar
|-damage|p2a: Tyranitar|0 fnt
|-damage|p2b: Ursaluna|0 fnt
|-unboost|p1a: Gholdengo|spa|1
|faint|p2a: Tyranitar
|faint|p2b: Ursaluna
|-damage|p1a: Gholdengo|58/100|[from] item: Life Orb
|
|-weather|Sandstorm|[upkeep]
|-damage|p1b: Whimsicott|95/100|[from] Sandstorm
|upkeep
|
|t:|1756920709
|switch|p2a: Talonflame|Talonflame, L50, M|100/100
|switch|p2b: Sneasler|Sneasler, L50, F|100/100
|turn|4
|
|t:|1756920732
|move|p1a: Gholdengo|Protect|p1a: Gholdengo
|-singleturn|p1a: Gholdengo|Protect
|move|p1b: Whimsicott|Taunt|p2a: Talonflame
|-start|p2a: Talonflame|move: Taunt
|move|p2a: Talonflame|Flare Blitz|p1a: Gholdengo
|-activate|p1a: Gholdengo|move: Protect
|move|p2b: Sneasler|Dire Claw|p1b: Whimsicott
|-supereffective|p1b: Whimsicott
|-crit|p1b: Whimsicott
|-damage|p1b: Whimsicott|0 fnt
|faint|p1b: Whimsicott
|
|-weather|Sandstorm|[upkeep]
|-damage|p2a: Talonflame|95/100|[from] Sandstorm
|-damage|p2b: Sneasler|95/100|[from] Sandstorm
|-sideend|p2: lewis94|move: Tailwind
|upkeep
|
|t:|1756920739
|switch|p1b: Dragapult|Dragapult, L50, F|100/100
|turn|5
|inactive|lewis94 has 30 seconds left.
|inactive|lewis94 has 20 seconds left.
|inactive|lewis94 has 15 seconds left.
|inactive|lewis94 has 10 seconds left.
|inactive|lewis94 has 5 seconds left.
|
|t:|1756920794
|-terastallize|p1b: Dragapult|Dragon
|move|p1b: Dragapult|Dragon Darts|p2a: Talonflame
|-damage|p2a: Talonflame|17/100
|-anim|p1b: Dragapult|Dragon Darts|p2b: Sneasler
|-damage|p2b: Sneasler|6/100
|move|p1a: Gholdengo|Make It Rain|p2b: Sneasler|[spread] p2a,p2b
|-resisted|p2a: Talonflame
|-damage|p2a: Talonflame|0 fnt
|-damage|p2b: Sneasler|0 fnt
|-unboost|p1a: Gholdengo|spa|1
|faint|p2a: Talonflame
|faint|p2b: Sneasler
|-damage|p1a: Gholdengo|48/100|[from] item: Life Orb
|
|win|chamoy-pt2
|raw|chamoy-pt2's rating: 1090 → 1120(+30 for winning)
|raw|lewis94's rating: 1130 → 1102(-28 for losing)
|l|☆chamoy-pt2
|player|p1|
