|j|☆DilluVGC
|j|☆Light0z
|html|DilluVGCLight0z    
|uhtml|bestof|Game 2 of a best-of-3
|t:|1784125333
|gametype|doubles
|player|p1|DilluVGC|byron|1207
|player|p2|Light0z|blue-gen2|1478
|gen|9
|tier|[Gen 9 Champions] VGC 2026 Reg M-B (Bo3)
|rated|
|rule|Species Clause: Limit one of each Pokémon
|rule|Item Clause: Limit 1 of each item
|clearpoke
|poke|p1|Delphox, L50, F|
|poke|p1|Sneasler, L50, F|
|poke|p1|Incineroar, L50, M|
|poke|p1|Sinistcha, L50|
|poke|p1|Blastoise, L50, F|
|poke|p1|Kingambit, L50, M, shiny|
|poke|p2|Raichu, L50, F|
|poke|p2|Kingambit, L50, M, shiny|
|poke|p2|Basculegion, L50, M|
|poke|p2|Aerodactyl, L50, M|
|poke|p2|Farigiraf, L50, M|
|poke|p2|Sylveon, L50, F, shiny|
|teampreview|4
|showteam|p1|Delphox||Delphoxite|Blaze|HeatWave,Psyshock,NastyPlot,Protect|Timid||F|||50|]Sneasler||FocusSash|PoisonTouch|QuickGuard,FakeOut,PoisonJab,CloseCombat|Jolly||F|||50|]Incineroar||SitrusBerry|Intimidate|FakeOut,PartingShot,HelpingHand,FlareBlitz|Impish||M|||50|]Sinistcha||OccaBerry|Hospitality|MatchaGotcha,RagePowder,TrickRoom,Protect|Bold|||||50|]Blastoise||Blastoisinite|RainDish|WaterSpout,DarkPulse,ShellSmash,Protect|Modest||F|||50|]Kingambit||BlackGlasses|Defiant|Protect,SwordsDance,KowtowCleave,SuckerPunch|Adamant||M|||50|
|showteam|p2|Raichu||RaichuniteY|LightningRod|ZapCannon,FocusBlast,FakeOut,Protect|Timid||F|||50|]Kingambit||FocusSash|Defiant|KowtowCleave,SuckerPunch,IronHead,LowKick|Adamant||M|||50|]Basculegion||MysticWater|Adaptability|LastRespects,WaveCrash,AquaJet,Protect|Adamant||M|||50|]Aerodactyl||Aerodactylite|Unnerve|RockSlide,DualWingbeat,Tailwind,IceFang|Jolly||M|||50|]Farigiraf||SitrusBerry|ArmorTail|Psychic,HelpingHand,TrickRoom,Protect|Bold||M|||50|]Sylveon||FairyFeather|Pixilate|HyperVoice,HyperBeam,QuickAttack,Protect|Modest||F|||50|
|
|t:|1784125350
|teamsize|p1|4
|teamsize|p2|4
|start
|switch|p1a: Maj. Warren|Sneasler, L50, F|100/100
|switch|p1b: Aldo Raine|Blastoise, L50, F|100/100
|switch|p2a: Raichu|Raichu, L50, F|100/100
|switch|p2b: Sylveon|Sylveon, L50, F, shiny|100/100
|turn|1
|inactive|Battle timer is ON: inactive players will automatically lose when time's up. (requested by Light0z)
|
|t:|1784125362
|detailschange|p2a: Raichu|Raichu-Mega-Y, L50, F
|-mega|p2a: Raichu|Raichu|Raichunite Y
|detailschange|p1b: Aldo Raine|Blastoise-Mega, L50, F
|-mega|p1b: Aldo Raine|Blastoise|Blastoisinite
|move|p1a: Maj. Warren|Fake Out|p2a: Raichu
|-damage|p2a: Raichu|79/100
|cant|p2a: Raichu|flinch
|move|p1b: Aldo Raine|Shell Smash|p1b: Aldo Raine
|-unboost|p1b: Aldo Raine|def|1
|-unboost|p1b: Aldo Raine|spd|1
|-boost|p1b: Aldo Raine|atk|2
|-boost|p1b: Aldo Raine|spa|2
|-boost|p1b: Aldo Raine|spe|2
|move|p2b: Sylveon|Hyper Voice|p1a: Maj. Warren|[spread] p1a,p1b
|-damage|p1a: Maj. Warren|40/100
|-damage|p1b: Aldo Raine|33/100
|
|upkeep
|turn|2
|inactive|DilluVGC has 30 seconds left.
|
|t:|1784125388
|move|p1b: Aldo Raine|Dark Pulse|p2a: Raichu
|-damage|p2a: Raichu|0 fnt
|faint|p2a: Raichu
|move|p1a: Maj. Warren|Poison Jab|p2b: Sylveon
|-supereffective|p2b: Sylveon|1
|-damage|p2b: Sylveon|0 fnt
|faint|p2b: Sylveon
|
|upkeep
|
|t:|1784125394
|switch|p2a: Basculegion|Basculegion, L50, M|100/100
|switch|p2b: Kingambit|Kingambit, L50, M, shiny|100/100
|turn|3
|
|t:|1784125415
|move|p1b: Aldo Raine|Protect|p1b: Aldo Raine
|-singleturn|p1b: Aldo Raine|Protect
|move|p2b: Kingambit|Sucker Punch||[still]
|-fail|p2b: Kingambit
|move|p1a: Maj. Warren|Close Combat|p2b: Kingambit
|-supereffective|p2b: Kingambit|2
|-enditem|p2b: Kingambit|Focus Sash
|-damage|p2b: Kingambit|1/100
|-unboost|p1a: Maj. Warren|def|1
|-unboost|p1a: Maj. Warren|spd|1
|move|p2a: Basculegion|Last Respects|p1a: Maj. Warren
|-damage|p1a: Maj. Warren|0 fnt
|faint|p1a: Maj. Warren
|
|upkeep
|
|t:|1784125428
|switch|p1a: Chris Mannix|Incineroar, L50, M|100/100
|-ability|p1a: Chris Mannix|Intimidate|boost
|-unboost|p2a: Basculegion|atk|1
|-unboost|p2b: Kingambit|atk|1
|-ability|p2b: Kingambit|Defiant|boost
|-boost|p2b: Kingambit|atk|2
|turn|4
|
|t:|1784125435
|move|p1a: Chris Mannix|Fake Out|p2b: Kingambit
|-resisted|p2b: Kingambit|1
|-damage|p2b: Kingambit|0 fnt
|faint|p2b: Kingambit
|move|p2a: Basculegion|Aqua Jet|p1b: Aldo Raine
|-resisted|p1b: Aldo Raine|1
|-damage|p1b: Aldo Raine|17/100
|move|p1b: Aldo Raine|Shell Smash|p1b: Aldo Raine
|-unboost|p1b: Aldo Raine|def|1
|-unboost|p1b: Aldo Raine|spd|1
|-boost|p1b: Aldo Raine|atk|2
|-boost|p1b: Aldo Raine|spa|2
|-boost|p1b: Aldo Raine|spe|2
|
|upkeep
|turn|5
|
|t:|1784125452
|move|p2a: Basculegion|Protect|p2a: Basculegion
|-singleturn|p2a: Basculegion|Protect
|move|p1b: Aldo Raine|Dark Pulse|p2a: Basculegion
|-activate|p2a: Basculegion|move: Protect
|move|p1a: Chris Mannix|Flare Blitz|p2a: Basculegion
|-activate|p2a: Basculegion|move: Protect
|
|upkeep
|turn|6
|
|t:|1784125464
|move|p2a: Basculegion|Aqua Jet|p1b: Aldo Raine
|-resisted|p1b: Aldo Raine|1
|-damage|p1b: Aldo Raine|0 fnt
|faint|p1b: Aldo Raine
|move|p1a: Chris Mannix|Parting Shot|p2a: Basculegion
|-unboost|p2a: Basculegion|atk|1
|-unboost|p2a: Basculegion|spa|1
|
|t:|1784125470
|switch|p1a: The Hangman|Kingambit, L50, M, shiny|100/100|[from] Parting Shot
|
|upkeep
|
|t:|1784125474
|switch|p1b: Chris Mannix|Incineroar, L50, M|100/100
|-ability|p1b: Chris Mannix|Intimidate|boost
|-unboost|p2a: Basculegion|atk|1
|turn|7
|-message|Light0z forfeited.
|
|win|DilluVGC
|l|☆Light0z
|player|p2|
||Light0z is ready for game 3.
