|j|☆jussdoit
|j|☆Zacharykeith
|html|jussdoitZacharykeith    
|uhtml|bestof|Game 3 of a best-of-3
|t:|1757763190
|gametype|doubles
|player|p1|jussdoit|steven|1072
|player|p2|Zacharykeith|fisherman-gen4|1107
|gen|9
|tier|[Gen 9] VGC 2025 Reg H (Bo3)
|rated|
|rule|Species Clause: Limit one of each Pokémon
|rule|Item Clause: Limit 1 of each item
|clearpoke
|poke|p1|Serperior, L50, F|
|poke|p1|Ursaluna, L50, F|
|poke|p1|Empoleon, L50, M|
|poke|p1|Vikavolt, L50, M|
|poke|p1|Incineroar, L50, F|
|poke|p1|Indeedee-F, L50, F|
|poke|p2|Baxcalibur, L50, F|
|poke|p2|Kingambit, L50, M|
|poke|p2|Dondozo, L50, M|
|poke|p2|Rillaboom, L50, M|
|poke|p2|Magmar, L50, F|
|poke|p2|Sneasler, L50, F|
|teampreview|4
|showteam|p1|Serperior||FocusSash|Contrary|LeafStorm,TeraBlast,Protect,GrassPledge|||F|||50|,,,,,Stellar]Ursaluna||FlameOrb|Guts|Earthquake,Facade,Protect,HeadlongRush|||F|||50|,,,,,Ghost]Empoleon||Leftovers|Competitive|Yawn,IcyWind,FlashCannon,WaterPledge|||M|||50|,,,,,Grass]Vikavolt||AssaultVest|Levitate|BugBuzz,Discharge,AirSlash,EnergyBall|||M|||50|,,,,,Stellar]Incineroar||RockyHelmet|Intimidate|FlareBlitz,PartingShot,FakeOut,Bulldoze|||F|||50|,,,,,Bug]Indeedee-F||SitrusBerry|PsychicSurge|FollowMe,TrickRoom,Psychic,HealPulse|||F|||50|,,,,,Dark
|showteam|p2|Baxcalibur||LoadedDice|ThermalExchange|IcicleSpear,IceShard,ScaleShot,Protect|||F|||50|,,,,,Ghost]Kingambit||BlackGlasses|Defiant|SuckerPunch,KowtowCleave,SwordsDance,Protect|||M|||50|,,,,,Dark]Dondozo||Leftovers|Unaware|WaveCrash,Fissure,Yawn,Protect|||M|||50|,,,,,Grass]Rillaboom||AssaultVest|GrassySurge|FakeOut,GrassyGlide,WoodHammer,Uturn|||M|||50|,,,,,Fire]Magmar||Eviolite|VitalSpirit|Overheat,WillOWisp,FollowMe,Protect|||F|||50|,,,,,Fairy]Sneasler||FocusSash|PoisonTouch|DireClaw,CloseCombat,Coaching,Protect|||F|||50|,,,,,Stellar
|inactive|Battle timer is ON: inactive players will automatically lose when time's up. (requested by jussdoit)
|
|t:|1757763216
|teamsize|p1|4
|teamsize|p2|4
|start
|switch|p1a: Serperior|Serperior, L50, F|100/100
|switch|p1b: Empoleon|Empoleon, L50, M|100/100
|switch|p2a: King Bug|Kingambit, L50, M, shiny|100/100
|switch|p2b: Fire Chicken|Magmar, L50, F, shiny|100/100
|turn|1
|
|t:|1757763230
|switch|p1b: Indeedee|Indeedee-F, L50, F|100/100
|-fieldstart|move: Psychic Terrain|[from] ability: Psychic Surge|[of] p1b: Indeedee
|-terastallize|p2a: King Bug|Dark
|move|p2a: King Bug|Sucker Punch|p1a: Serperior
|-activate|p1a: Serperior|move: Psychic Terrain
|move|p1a: Serperior|Leaf Storm|p2a: King Bug
|-damage|p2a: King Bug|45/100
|-boost|p1a: Serperior|spa|2
|move|p2b: Fire Chicken|Overheat|p1b: Indeedee
|-damage|p1b: Indeedee|64/100
|-unboost|p2b: Fire Chicken|spa|2
|
|upkeep
|turn|2
|
|t:|1757763248
|move|p2b: Fire Chicken|Follow Me|p2b: Fire Chicken
|-singleturn|p2b: Fire Chicken|move: Follow Me
|move|p1a: Serperior|Leaf Storm|p2b: Fire Chicken
|-resisted|p2b: Fire Chicken
|-damage|p2b: Fire Chicken|60/100
|-boost|p1a: Serperior|spa|2
|move|p2a: King Bug|Kowtow Cleave|p1b: Indeedee
|-supereffective|p1b: Indeedee
|-damage|p1b: Indeedee|0 fnt
|faint|p1b: Indeedee
|
|upkeep
|
|t:|1757763260
|switch|p1b: Empoleon|Empoleon, L50, M|100/100
|turn|3
|
|t:|1757763272
|switch|p2b: Forest Dude|Rillaboom, L50, M, shiny|100/100
|-fieldstart|move: Grassy Terrain|[from] ability: Grassy Surge|[of] p2b: Forest Dude
|move|p2a: King Bug|Sucker Punch|p1a: Serperior
|-damage|p1a: Serperior|14/100
|move|p1a: Serperior|Leaf Storm|p2b: Forest Dude
|-resisted|p2b: Forest Dude
|-damage|p2b: Forest Dude|31/100
|-boost|p1a: Serperior|spa|2
|move|p1b: Empoleon|Yawn|p2a: King Bug
|-start|p2a: King Bug|move: Yawn|[of] p1b: Empoleon
|
|-heal|p1a: Serperior|20/100|[from] Grassy Terrain
|-heal|p2b: Forest Dude|37/100|[from] Grassy Terrain
|-heal|p2a: King Bug|51/100|[from] Grassy Terrain
|upkeep
|turn|4
|
|t:|1757763297
|move|p1a: Serperior|Protect|p1a: Serperior
|-singleturn|p1a: Serperior|Protect
|move|p2b: Forest Dude|Wood Hammer|p1b: Empoleon
|-damage|p1b: Empoleon|18/100
|-damage|p2b: Forest Dude|13/100|[from] Recoil
|move|p1b: Empoleon|Water Pledge|p2b: Forest Dude
|-resisted|p2b: Forest Dude
|-damage|p2b: Forest Dude|0 fnt
|faint|p2b: Forest Dude
|move|p2a: King Bug|Kowtow Cleave|p1b: Empoleon
|-damage|p1b: Empoleon|0 fnt
|faint|p1b: Empoleon
|
|-heal|p1a: Serperior|26/100|[from] Grassy Terrain
|-heal|p2a: King Bug|57/100|[from] Grassy Terrain
|-end|p2a: King Bug|move: Yawn|[silent]
|-status|p2a: King Bug|slp
|upkeep
|
|t:|1757763312
|switch|p2b: Fire Chicken|Magmar, L50, F, shiny|60/100
|switch|p1b: Ursaluna|Ursaluna, L50, F|100/100
|turn|5
|inactive|Zacharykeith has 30 seconds left.
|
|t:|1757763337
|move|p2b: Fire Chicken|Protect|p2b: Fire Chicken
|-singleturn|p2b: Fire Chicken|Protect
|cant|p2a: King Bug|slp
|move|p1a: Serperior|Leaf Storm|p2b: Fire Chicken
|-activate|p2b: Fire Chicken|move: Protect
|move|p1b: Ursaluna|Facade|p2a: King Bug
|-damage|p2a: King Bug|23/100 slp
|
|-heal|p1a: Serperior|32/100|[from] Grassy Terrain
|-heal|p2b: Fire Chicken|65/100|[from] Grassy Terrain
|-heal|p2a: King Bug|29/100 slp|[from] Grassy Terrain
|-status|p1b: Ursaluna|brn|[from] item: Flame Orb
|upkeep
|turn|6
|
|t:|1757763353
|move|p1a: Serperior|Protect|p1a: Serperior
|-singleturn|p1a: Serperior|Protect
|move|p2b: Fire Chicken|Follow Me|p2b: Fire Chicken
|-singleturn|p2b: Fire Chicken|move: Follow Me
|cant|p2a: King Bug|slp
|move|p1b: Ursaluna|Earthquake|p2a: King Bug|[spread] p2a,p2b
|-activate|p1a: Serperior|move: Protect
|-supereffective|p2b: Fire Chicken
|-damage|p2a: King Bug|5/100 slp
|-damage|p2b: Fire Chicken|15/100
|
|-heal|p1a: Serperior|38/100|[from] Grassy Terrain
|-heal|p2b: Fire Chicken|21/100|[from] Grassy Terrain
|-heal|p2a: King Bug|11/100 slp|[from] Grassy Terrain
|-damage|p1b: Ursaluna|94/100 brn|[from] brn
|upkeep
|turn|7
|
|t:|1757763367
|cant|p2a: King Bug|slp
|move|p1a: Serperior|Leaf Storm|p2b: Fire Chicken
|-resisted|p2b: Fire Chicken
|-damage|p2b: Fire Chicken|0 fnt
|faint|p2b: Fire Chicken
|move|p1b: Ursaluna|Facade|p2a: King Bug
|-damage|p2a: King Bug|0 fnt
|faint|p2a: King Bug
|
|-heal|p1a: Serperior|44/100|[from] Grassy Terrain
|-heal|p1b: Ursaluna|100/100 brn|[from] Grassy Terrain
|-damage|p1b: Ursaluna|94/100 brn|[from] brn
|-fieldend|move: Grassy Terrain
|upkeep
|
|t:|1757763375
|switch|p2b: Donbozo|Dondozo, L50, M, shiny|100/100
|turn|8
|-message|Zacharykeith forfeited.
|
|win|jussdoit
|raw|jussdoit's rating: 1072 → 1104(+32 for winning)
|raw|Zacharykeith's rating: 1107 → 1079(-28 for losing)
