|j|☆Promanvgc
|j|☆lildarkrai7
|html|Promanvgclildarkrai7    
|uhtml|bestof|Game 2 of a best-of-3
|t:|1786136746
|gametype|doubles
|player|p1|Promanvgc|lucas|
|player|p2|lildarkrai7|#smogonxnpa2025draftee|
|gen|9
|tier|[Gen 9 Champions] VGC 2026 Reg M-B (Bo3)
|rule|Species Clause: Limit one of each Pokémon
|rule|Item Clause: Limit 1 of each item
|clearpoke
|poke|p1|Aerodactyl, L50, F|
|poke|p1|Kingambit, L50, M|
|poke|p1|Sylveon, L50, M|
|poke|p1|Garchomp, L50, M|
|poke|p1|Charizard, L50, M|
|poke|p1|Incineroar, L50, M|
|poke|p2|Froslass, L50, F, shiny|
|poke|p2|Basculegion, L50, M, shiny|
|poke|p2|Kingambit, L50, F, shiny|
|poke|p2|Lycanroc-Dusk, L50, M, shiny|
|poke|p2|Scovillain, L50, M, shiny|
|poke|p2|Sneasler, L50, F, shiny|
|teampreview|4
|showteam|p1|Aerodactyl||Aerodactylite|Unnerve|RockSlide,IceFang,Tailwind,WideGuard|Jolly||F|||50|]Kingambit||FocusSash|Defiant|KowtowCleave,SuckerPunch,IronHead,Protect|Adamant||M|||50|]Sylveon||FairyFeather|Pixilate|Detect,HyperVoice,HyperBeam,QuickAttack|Modest||M|||50|]Garchomp||LifeOrb|RoughSkin|Earthquake,DragonClaw,StompingTantrum,Protect|Jolly||M|||50|]Charizard||CharizarditeY|Blaze|Protect,HeatWave,SolarBeam,WeatherBall|Modest||M|||50|]Incineroar||SitrusBerry|Intimidate|DarkestLariat,FlareBlitz,FakeOut,PartingShot|Impish||M|||50|
|showteam|p2|Froslass||Froslassite|SnowCloak|Blizzard,Thunderbolt,ShadowBall,Protect|Timid||F|||50|]Basculegion||SitrusBerry|Adaptability|WaveCrash,AquaJet,LastRespects,Protect|Adamant||M|||50|]Kingambit||LifeOrb|Defiant|KowtowCleave,SuckerPunch,SwordsDance,Protect|Adamant||F|||50|]Lycanroc-Dusk||FocusSash|ToughClaws|Accelerock,CloseCombat,RockSlide,Protect|Adamant||M|||50|]Scovillain||Scovillainite|Moody|Overheat,GigaDrain,RagePowder,Protect|Bold||M|||50|]Sneasler||WhiteHerb|Unburden|FakeOut,GunkShot,CloseCombat,Protect|Adamant||F|||50|
|
|t:|1786136778
|teamsize|p1|4
|teamsize|p2|4
|start
|switch|p1a: Charizard|Charizard, L50, M|100/100
|switch|p1b: Aerodactyl|Aerodactyl, L50, F|100/100
|switch|p2a: Lycanroc|Lycanroc-Dusk, L50, M, shiny|100/100
|switch|p2b: Froslass|Froslass, L50, F, shiny|100/100
|-ability|p1b: Aerodactyl|Unnerve
|turn|1
|
|t:|1786136808
|switch|p1b: Incineroar|Incineroar, L50, M|100/100
|-ability|p1b: Incineroar|Intimidate|boost
|-unboost|p2a: Lycanroc|atk|1
|-unboost|p2b: Froslass|atk|1
|detailschange|p2b: Froslass|Froslass-Mega, L50, F, shiny
|-mega|p2b: Froslass|Froslass|Froslassite
|-weather|Snowscape|[from] ability: Snow Warning|[of] p2b: Froslass
|move|p1a: Charizard|Protect|p1a: Charizard
|-singleturn|p1a: Charizard|Protect
|move|p2a: Lycanroc|Accelerock|p1a: Charizard
|-activate|p1a: Charizard|move: Protect
|move|p2b: Froslass|Blizzard|p1b: Incineroar|[spread] p1b
|-activate|p1a: Charizard|move: Protect
|-resisted|p1b: Incineroar|1
|-damage|p1b: Incineroar|81/100
|-status|p1b: Incineroar|frz
|
|-weather|Snowscape|[upkeep]
|upkeep
|turn|2
|
|t:|1786136828
|detailschange|p1a: Charizard|Charizard-Mega-Y, L50, M
|-mega|p1a: Charizard|Charizard|Charizardite Y
|-weather|SunnyDay|[from] ability: Drought|[of] p1a: Charizard
|move|p2b: Froslass|Protect|p2b: Froslass
|-singleturn|p2b: Froslass|Protect
|move|p2a: Lycanroc|Protect|p2a: Lycanroc
|-singleturn|p2a: Lycanroc|Protect
|move|p1a: Charizard|Heat Wave|p2b: Froslass|[spread] 
|-activate|p2a: Lycanroc|move: Protect
|-activate|p2b: Froslass|move: Protect
|-curestatus|p1b: Incineroar|frz|[from] move: Flare Blitz
|move|p1b: Incineroar|Flare Blitz|p2b: Froslass
|-activate|p2b: Froslass|move: Protect
|
|-weather|SunnyDay|[upkeep]
|upkeep
|turn|3
|j| Daneci
|
|t:|1786136845
|switch|p2b: Sneasler|Sneasler, L50, F, shiny|100/100
|move|p1a: Charizard|Protect|p1a: Charizard
|-singleturn|p1a: Charizard|Protect
|move|p2a: Lycanroc|Rock Slide|p1b: Incineroar|[spread] p1b
|-activate|p1a: Charizard|move: Protect
|-supereffective|p1b: Incineroar|1
|-damage|p1b: Incineroar|54/100
|move|p1b: Incineroar|Flare Blitz|p2b: Sneasler
|-damage|p2b: Sneasler|1/100
|-damage|p1b: Incineroar|24/100|[from] Recoil
|-enditem|p1b: Incineroar|Sitrus Berry|[eat]
|-heal|p1b: Incineroar|49/100|[from] item: Sitrus Berry
|
|-weather|SunnyDay|[upkeep]
|upkeep
|turn|4
|
|t:|1786136862
|switch|p1b: Garchomp|Garchomp, L50, M|100/100
|move|p2b: Sneasler|Close Combat|p1b: Garchomp
|-damage|p1b: Garchomp|39/100
|-unboost|p2b: Sneasler|def|1
|-unboost|p2b: Sneasler|spd|1
|-damage|p2b: Sneasler|0 fnt|[from] ability: Rough Skin|[of] p1b: Garchomp
|faint|p2b: Sneasler
|move|p2a: Lycanroc|Rock Slide|p1a: Charizard|[spread] p1a,p1b
|-supereffective|p1a: Charizard|2
|-resisted|p1b: Garchomp|1
|-damage|p1a: Charizard|9/100
|-damage|p1b: Garchomp|30/100
|move|p1a: Charizard|Solar Beam||[still]
|-prepare|p1a: Charizard|Solar Beam
|-anim|p1a: Charizard|Solar Beam|p2a: Lycanroc
|-supereffective|p2a: Lycanroc|1
|-enditem|p2a: Lycanroc|Focus Sash
|-damage|p2a: Lycanroc|1/100
|
|-weather|SunnyDay|[upkeep]
|upkeep
|
|t:|1786136877
|switch|p2b: Froslass|Froslass-Mega, L50, F, shiny|100/100
|-weather|Snowscape|[from] ability: Snow Warning|[of] p2b: Froslass
|turn|5
|
|t:|1786136902
|switch|p1a: Incineroar|Incineroar, L50, M|49/100
|-ability|p1a: Incineroar|Intimidate|boost
|-unboost|p2a: Lycanroc|atk|1
|-unboost|p2b: Froslass|atk|1
|move|p2b: Froslass|Blizzard|p1b: Garchomp|[spread] p1a,p1b
|-resisted|p1a: Incineroar|1
|-supereffective|p1b: Garchomp|2
|-damage|p1a: Incineroar|29/100
|-damage|p1b: Garchomp|0 fnt
|faint|p1b: Garchomp
|move|p2a: Lycanroc|Close Combat|p1a: Incineroar
|-supereffective|p1a: Incineroar|1
|-damage|p1a: Incineroar|0 fnt
|-unboost|p2a: Lycanroc|def|1
|-unboost|p2a: Lycanroc|spd|1
|faint|p1a: Incineroar
|
|-weather|Snowscape|[upkeep]
|upkeep
|
|t:|1786136904
|switch|p1b: Aerodactyl|Aerodactyl, L50, F|100/100
|switch|p1a: Charizard|Charizard-Mega-Y, L50, M|9/100
|-ability|p1b: Aerodactyl|Unnerve
|-weather|SunnyDay|[from] ability: Drought|[of] p1a: Charizard
|turn|6
|
|t:|1786136927
|switch|p2b: Kingambit|Kingambit, L50, F, shiny|100/100
|move|p1a: Charizard|Protect|p1a: Charizard
|-singleturn|p1a: Charizard|Protect
|move|p2a: Lycanroc|Accelerock|p1a: Charizard
|-activate|p1a: Charizard|move: Protect
|move|p1b: Aerodactyl|Rock Slide|p2a: Lycanroc|[spread] p2a,p2b
|-resisted|p2b: Kingambit|1
|-damage|p2a: Lycanroc|0 fnt
|-damage|p2b: Kingambit|91/100
|faint|p2a: Lycanroc
|
|-weather|SunnyDay|[upkeep]
|upkeep
|
|t:|1786136935
|switch|p2a: Froslass|Froslass-Mega, L50, F, shiny|100/100
|-weather|Snowscape|[from] ability: Snow Warning|[of] p2a: Froslass
|turn|7
|
|t:|1786136946
|move|p1a: Charizard|Protect||[still]
|-fail|p1a: Charizard
|move|p2b: Kingambit|Sucker Punch||[still]
|-fail|p2b: Kingambit
|move|p1b: Aerodactyl|Rock Slide|p2b: Kingambit|[spread] p2a,p2b
|-supereffective|p2a: Froslass|1
|-resisted|p2b: Kingambit|1
|-damage|p2a: Froslass|61/100
|-damage|p2b: Kingambit|82/100
|move|p2a: Froslass|Thunderbolt|p1b: Aerodactyl
|-supereffective|p1b: Aerodactyl|1
|-damage|p1b: Aerodactyl|21/100
|
|-weather|Snowscape|[upkeep]
|upkeep
|turn|8
|
|t:|1786136961
|move|p2b: Kingambit|Sucker Punch|p1a: Charizard
|-damage|p1a: Charizard|0 fnt
|faint|p1a: Charizard
|-damage|p2b: Kingambit|73/100|[from] item: Life Orb
|move|p1b: Aerodactyl|Tailwind|p1b: Aerodactyl
|-sidestart|p1: Promanvgc|move: Tailwind
|move|p2a: Froslass|Thunderbolt|p1b: Aerodactyl
|-supereffective|p1b: Aerodactyl|1
|-damage|p1b: Aerodactyl|0 fnt
|faint|p1b: Aerodactyl
|
|win|lildarkrai7
||Promanvgc is ready for game 3.
||lildarkrai7 is ready for game 3.
|uhtml|next|Next: Game 3 of 3
|c|☆lildarkrai7|gg
