|j|☆fantasminha8
|j|☆KrsCrossAppleSauce
|html|fantasminha8KrsCrossAppleSauce    
|uhtml|bestof|Game 3 of a best-of-3
|t:|1756291571
|gametype|doubles
|player|p1|fantasminha8|266|1154
|player|p2|KrsCrossAppleSauce|green|1248
|gen|9
|tier|[Gen 9] VGC 2025 Reg H (Bo3)
|rated|
|rule|Species Clause: Limit one of each Pokémon
|rule|Item Clause: Limit 1 of each item
|clearpoke
|poke|p1|Ursaluna, L50, M|
|poke|p1|Jumpluff, L50, M|
|poke|p1|Charizard, L50, F|
|poke|p1|Torkoal, L50, M|
|poke|p1|Incineroar, L50, F|
|poke|p1|Porygon2, L50|
|poke|p2|Sneasler, L50, F|
|poke|p2|Gholdengo, L50|
|poke|p2|Dondozo, L50, M|
|poke|p2|Rillaboom, L50, F|
|poke|p2|Volcarona, L50, M|
|poke|p2|Electabuzz, L50, M|
|teampreview|4
|showteam|p1|Ursaluna||FlameOrb|Guts|HeadlongRush,Facade,Earthquake,Protect|||M|||50|,,,,,Ghost]Jumpluff||CovertCloak|Chlorophyll|SleepPowder,SunnyDay,Tailwind,RagePowder|||M|||50|,,,,,Fire]Charizard||ChoiceSpecs|SolarPower|SolarBeam,HeatWave,Overheat,WeatherBall|||F|||50|,,,,,Ghost]Torkoal||EjectPack|Drought|ClearSmog,Eruption,Overheat,Protect|||M|||50|,,,,,Fire]Incineroar||AssaultVest|Intimidate|FakeOut,FlareBlitz,KnockOff,Uturn|||F|||50|,,,,,Water]Porygon2||Eviolite|Download|TeraBlast,IceBeam,Recover,TrickRoom||||||50|,,,,,Fighting
|showteam|p2|Sneasler||FocusSash|PoisonTouch|FakeOut,DireClaw,CloseCombat,Protect|||F|||50|,,,,,Dark]Gholdengo||LifeOrb|GoodasGold|MakeItRain,ShadowBall,NastyPlot,Protect||||||50|,,,,,Water]Dondozo||Leftovers|Unaware|WaveCrash,Yawn,Fissure,Protect|||M|||50|,,,,,Psychic]Rillaboom||AssaultVest|GrassySurge|FakeOut,WoodHammer,GrassyGlide,Uturn|||F|||50|,,,,,Fire]Volcarona||CovertCloak|FlameBody|HeatWave,QuiverDance,TeraBlast,Protect|||M|||50|,,,,,Fairy]Electabuzz||Eviolite|VitalSpirit|Thunderbolt,FollowMe,Taunt,Protect|||M|||50|,,,,,Ghost
|
|t:|1756291583
|teamsize|p1|4
|teamsize|p2|4
|start
|switch|p1a: Jumpluff|Jumpluff, L50, M|100/100
|switch|p1b: Torkoal|Torkoal, L50, M|100/100
|switch|p2a: Gholdengo|Gholdengo, L50|100/100
|switch|p2b: Sneasler|Sneasler, L50, F|100/100
|-weather|SunnyDay|[from] ability: Drought|[of] p1b: Torkoal
|turn|1
|
|t:|1756291599
|switch|p1b: Incineroar|Incineroar, L50, F|100/100
|-ability|p1b: Incineroar|Intimidate|boost
|-unboost|p2a: Gholdengo|atk|1
|-unboost|p2b: Sneasler|atk|1
|move|p2b: Sneasler|Fake Out|p1b: Incineroar
|-damage|p1b: Incineroar|92/100
|move|p1a: Jumpluff|Sleep Powder|p2b: Sneasler
|-status|p2b: Sneasler|slp|[from] move: Sleep Powder
|move|p2a: Gholdengo|Nasty Plot|p2a: Gholdengo
|-boost|p2a: Gholdengo|spa|2
|
|-weather|SunnyDay|[upkeep]
|upkeep
|turn|2
|
|t:|1756291631
|move|p2a: Gholdengo|Protect|p2a: Gholdengo
|-singleturn|p2a: Gholdengo|Protect
|move|p1a: Jumpluff|Tailwind|p1a: Jumpluff
|-sidestart|p1: fantasminha8|move: Tailwind
|cant|p2b: Sneasler|slp
|move|p1b: Incineroar|U-turn|p2b: Sneasler
|-resisted|p2b: Sneasler
|-damage|p2b: Sneasler|92/100 slp
|
|t:|1756291639
|switch|p1b: Charizard|Charizard, L50, F, shiny|100/100|[from] U-turn
|
|-weather|SunnyDay|[upkeep]
|-damage|p1b: Charizard|88/100|[from] ability: Solar Power|[of] p1b: Charizard
|upkeep
|turn|3
|
|t:|1756291651
|-terastallize|p2a: Gholdengo|Water
|move|p1a: Jumpluff|Rage Powder|p1a: Jumpluff
|-singleturn|p1a: Jumpluff|move: Rage Powder
|move|p1b: Charizard|Solar Beam||[still]
|-prepare|p1b: Charizard|Solar Beam
|-anim|p1b: Charizard|Solar Beam|p2a: Gholdengo
|-supereffective|p2a: Gholdengo
|-damage|p2a: Gholdengo|0 fnt
|faint|p2a: Gholdengo
|-curestatus|p2b: Sneasler|slp|[msg]
|move|p2b: Sneasler|Dire Claw|p1a: Jumpluff
|-supereffective|p1a: Jumpluff
|-damage|p1a: Jumpluff|25/100
|
|-weather|SunnyDay|[upkeep]
|-damage|p1b: Charizard|76/100|[from] ability: Solar Power|[of] p1b: Charizard
|upkeep
|
|t:|1756291658
|switch|p2a: Rillaboom|Rillaboom, L50, F|100/100
|-fieldstart|move: Grassy Terrain|[from] ability: Grassy Surge|[of] p2a: Rillaboom
|turn|4
|
|t:|1756291663
|switch|p1b: Incineroar|Incineroar, L50, F|92/100
|-ability|p1b: Incineroar|Intimidate|boost
|-unboost|p2a: Rillaboom|atk|1
|-unboost|p2b: Sneasler|atk|1
|move|p2a: Rillaboom|Fake Out|p1b: Incineroar
|-damage|p1b: Incineroar|84/100
|move|p1a: Jumpluff|Sleep Powder|p2b: Sneasler|[miss]
|-miss|p1a: Jumpluff|p2b: Sneasler
|move|p2b: Sneasler|Dire Claw|p1a: Jumpluff
|-supereffective|p1a: Jumpluff
|-crit|p1a: Jumpluff
|-damage|p1a: Jumpluff|0 fnt
|faint|p1a: Jumpluff
|
|-weather|SunnyDay|[upkeep]
|-heal|p2b: Sneasler|98/100|[from] Grassy Terrain
|-heal|p1b: Incineroar|90/100|[from] Grassy Terrain
|upkeep
|
|t:|1756291667
|switch|p1a: Charizard|Charizard, L50, F, shiny|76/100
|turn|5
|
|t:|1756291673
|switch|p2b: Dondozo|Dondozo, L50, M|100/100
|move|p2a: Rillaboom|Grassy Glide|p1a: Charizard
|-resisted|p1a: Charizard
|-damage|p1a: Charizard|68/100
|move|p1a: Charizard|Heat Wave|p2b: Dondozo|[spread] p2a,p2b
|-supereffective|p2a: Rillaboom
|-resisted|p2b: Dondozo
|-damage|p2a: Rillaboom|0 fnt
|-damage|p2b: Dondozo|57/100
|faint|p2a: Rillaboom
|move|p1b: Incineroar|Knock Off|p2b: Dondozo
|-damage|p2b: Dondozo|34/100
|-enditem|p2b: Dondozo|Leftovers|[from] move: Knock Off|[of] p1b: Incineroar
|
|-weather|none
|-heal|p1b: Incineroar|96/100|[from] Grassy Terrain
|-heal|p2b: Dondozo|40/100|[from] Grassy Terrain
|-sideend|p1: fantasminha8|move: Tailwind
|upkeep
|
|t:|1756291675
|switch|p2a: Sneasler|Sneasler, L50, F|98/100
|turn|6
|
|t:|1756291689
|switch|p1b: Torkoal|Torkoal, L50, M|100/100
|-weather|SunnyDay|[from] ability: Drought|[of] p1b: Torkoal
|move|p2a: Sneasler|Fake Out|p1a: Charizard
|-damage|p1a: Charizard|47/100
|-status|p1a: Charizard|psn|[from] ability: Poison Touch|[of] p2a: Sneasler
|cant|p1a: Charizard|flinch
|move|p2b: Dondozo|Wave Crash|p1a: Charizard
|-supereffective|p1a: Charizard
|-damage|p1a: Charizard|0 fnt
|faint|p1a: Charizard
|-damage|p2b: Dondozo|30/100|[from] Recoil
|
|-weather|SunnyDay|[upkeep]
|-heal|p2a: Sneasler|100/100|[from] Grassy Terrain
|-heal|p2b: Dondozo|36/100|[from] Grassy Terrain
|upkeep
|
|t:|1756291691
|switch|p1a: Incineroar|Incineroar, L50, F|96/100
|-ability|p1a: Incineroar|Intimidate|boost
|-unboost|p2a: Sneasler|atk|1
|-unboost|p2b: Dondozo|atk|1
|turn|7
|
|t:|1756291698
|move|p2a: Sneasler|Protect|p2a: Sneasler
|-singleturn|p2a: Sneasler|Protect
|move|p2b: Dondozo|Protect|p2b: Dondozo
|-singleturn|p2b: Dondozo|Protect
|move|p1a: Incineroar|Fake Out|p2a: Sneasler
|-activate|p2a: Sneasler|move: Protect
|move|p1b: Torkoal|Overheat|p2a: Sneasler
|-activate|p2a: Sneasler|move: Protect
|
|-weather|SunnyDay|[upkeep]
|-heal|p1a: Incineroar|100/100|[from] Grassy Terrain
|-heal|p2b: Dondozo|43/100|[from] Grassy Terrain
|upkeep
|turn|8
|
|t:|1756291715
|-terastallize|p1a: Incineroar|Water
|move|p2a: Sneasler|Close Combat|p1a: Incineroar
|-damage|p1a: Incineroar|64/100
|-unboost|p2a: Sneasler|def|1
|-unboost|p2a: Sneasler|spd|1
|-status|p1a: Incineroar|psn|[from] ability: Poison Touch|[of] p2a: Sneasler
|move|p1a: Incineroar|Knock Off|p2a: Sneasler
|-resisted|p2a: Sneasler
|-damage|p2a: Sneasler|43/100
|-enditem|p2a: Sneasler|Focus Sash|[from] move: Knock Off|[of] p1a: Incineroar
|move|p2b: Dondozo|Wave Crash|p1a: Incineroar
|-resisted|p1a: Incineroar
|-damage|p1a: Incineroar|59/100 psn
|-damage|p2b: Dondozo|41/100|[from] Recoil
|move|p1b: Torkoal|Overheat|p2a: Sneasler
|-damage|p2a: Sneasler|0 fnt
|-unboost|p1b: Torkoal|spa|2
|faint|p2a: Sneasler
|
|-weather|SunnyDay|[upkeep]
|-heal|p1a: Incineroar|65/100 psn|[from] Grassy Terrain
|-heal|p2b: Dondozo|48/100|[from] Grassy Terrain
|-damage|p1a: Incineroar|52/100 psn|[from] psn
|-fieldend|move: Grassy Terrain
|upkeep
|turn|9
|
|t:|1756291724
|move|p2b: Dondozo|Protect|p2b: Dondozo
|-singleturn|p2b: Dondozo|Protect
|move|p1a: Incineroar|Knock Off|p2b: Dondozo
|-activate|p2b: Dondozo|move: Protect
|move|p1b: Torkoal|Overheat|p2b: Dondozo
|-activate|p2b: Dondozo|move: Protect
|
|-weather|SunnyDay|[upkeep]
|-damage|p1a: Incineroar|40/100 psn|[from] psn
|upkeep
|turn|10
|
|t:|1756291729
|move|p1a: Incineroar|Knock Off|p2b: Dondozo
|-damage|p2b: Dondozo|33/100
|move|p2b: Dondozo|Yawn|p1b: Torkoal
|-start|p1b: Torkoal|move: Yawn|[of] p2b: Dondozo
|move|p1b: Torkoal|Overheat|p2b: Dondozo
|-resisted|p2b: Dondozo
|-damage|p2b: Dondozo|3/100
|-unboost|p1b: Torkoal|spa|2
|
|-weather|none
|-damage|p1a: Incineroar|28/100 psn|[from] psn
|upkeep
|turn|11
|
|t:|1756291735
|move|p2b: Dondozo|Protect|p2b: Dondozo
|-singleturn|p2b: Dondozo|Protect
|move|p1a: Incineroar|Flare Blitz|p2b: Dondozo
|-activate|p2b: Dondozo|move: Protect
|move|p1b: Torkoal|Overheat|p2b: Dondozo
|-activate|p2b: Dondozo|move: Protect
|
|-damage|p1a: Incineroar|15/100 psn|[from] psn
|-end|p1b: Torkoal|move: Yawn|[silent]
|-status|p1b: Torkoal|slp
|upkeep
|turn|12
|
|t:|1756291739
|move|p2b: Dondozo|Protect||[still]
|-fail|p2b: Dondozo
|move|p1a: Incineroar|Flare Blitz|p2b: Dondozo
|-resisted|p2b: Dondozo
|-damage|p2b: Dondozo|0 fnt
|faint|p2b: Dondozo
|-damage|p1a: Incineroar|14/100 psn|[from] Recoil
|
|win|fantasminha8
|raw|fantasminha8's rating: 1154 → 1186(+32 for winning)
|raw|KrsCrossAppleSauce's rating: 1248 → 1216(-32 for losing)
