|j|☆homerj71
|j|☆EmptyMagg
|html|homerj71EmptyMagg    
|uhtml|bestof|Game 1 of a best-of-3
|t:|1783844634
|gametype|doubles
|player|p1|homerj71|102|1237
|player|p2|EmptyMagg|101|1053
|gen|9
|tier|[Gen 9 Champions] VGC 2026 Reg M-B (Bo3)
|rated|
|rule|Species Clause: Limit one of each Pokémon
|rule|Item Clause: Limit 1 of each item
|clearpoke
|poke|p1|Sneasler, L50, F|
|poke|p1|Sinistcha, L50|
|poke|p1|Incineroar, L50, M|
|poke|p1|Kingambit, L50, M|
|poke|p1|Delphox, L50, F|
|poke|p1|Floette-Eternal, L50, F|
|poke|p2|Staraptor, L50, F|
|poke|p2|Whimsicott, L50, F|
|poke|p2|Ceruledge, L50, F|
|poke|p2|Farigiraf, L50, F|
|poke|p2|Garchomp, L50, M|
|poke|p2|Metagross, L50|
|teampreview|4
|showteam|p1|Sneasler||FocusSash|PoisonTouch|QuickGuard,FakeOut,DireClaw,CloseCombat|Jolly||F|||50|]Sinistcha||OccaBerry|Hospitality|Protect,RagePowder,MatchaGotcha,TrickRoom|Relaxed|||||50|]Incineroar||SitrusBerry|Intimidate|FakeOut,FlareBlitz,ThroatChop,PartingShot|Careful||M|||50|]Kingambit||BlackGlasses|Defiant|KowtowCleave,SwordsDance,SuckerPunch,Protect|Adamant||M|||50|]Delphox||Delphoxite|Blaze|Protect,NastyPlot,HeatWave,Psyshock|Timid||F|||50|]Floette-Eternal||Floettite|FlowerVeil|Moonblast,CalmMind,Protect,DazzlingGleam|Bold||F|||50|
|showteam|p2|Staraptor||Staraptite|Intimidate|Protect,CloseCombat,BraveBird,Roost|Jolly||F|||50|]Whimsicott||FocusSash|Prankster|Encore,Tailwind,Charm,Moonblast|Timid||F|||50|]Ceruledge||ColburBerry|FlashFire|BulkUp,BitterBlade,ShadowSneak,Protect|Serious||F|||50|]Farigiraf||SitrusBerry|ArmorTail|TrickRoom,HelpingHand,Thunderbolt,Psychic|Serious||F|||50|]Garchomp||LifeOrb|SandVeil|RockSlide,StompingTantrum,DragonClaw,Protect|Jolly||M|||50|]Metagross||Metagrossite|ClearBody|PsychicFangs,IronHead,StompingTantrum,Protect|Adamant|||||50|
|inactive|Battle timer is ON: inactive players will automatically lose when time's up. (requested by homerj71)
|inactive|homerj71 has 60 seconds left.
|inactive|EmptyMagg has 60 seconds left.
|inactive|homerj71 has 30 seconds left.
|inactive|homerj71 has 20 seconds left.
|inactive|homerj71 has 15 seconds left.
|
|t:|1783844712
|teamsize|p1|4
|teamsize|p2|4
|start
|switch|p1a: Incineroar|Incineroar, L50, M|100/100
|switch|p1b: Delphox|Delphox, L50, F|100/100
|switch|p2a: Metagross|Metagross, L50|100/100
|switch|p2b: Garchomp|Garchomp, L50, M|100/100
|-ability|p1a: Incineroar|Intimidate|boost
|-fail|p2a: Metagross|unboost|[from] ability: Clear Body|[of] p2a: Metagross
|-unboost|p2b: Garchomp|atk|1
|turn|1
|inactive|EmptyMagg has 30 seconds left.
|
|t:|1783844743
|switch|p2a: Ceruledge|Ceruledge, L50, F|100/100
|detailschange|p1b: Delphox|Delphox-Mega, L50, F
|-mega|p1b: Delphox|Delphox|Delphoxite
|move|p1b: Delphox|Nasty Plot|p1b: Delphox
|-boost|p1b: Delphox|spa|2
|move|p2b: Garchomp|Rock Slide|p1a: Incineroar|[spread] p1a,p1b
|-supereffective|p1a: Incineroar|1
|-supereffective|p1b: Delphox|1
|-damage|p1a: Incineroar|70/100
|-damage|p1b: Delphox|48/100
|-damage|p2b: Garchomp|90/100|[from] item: Life Orb
|move|p1a: Incineroar|Parting Shot|p2b: Garchomp
|-unboost|p2b: Garchomp|atk|1
|-unboost|p2b: Garchomp|spa|1
|
|t:|1783844756
|switch|p1a: Kingambit|Kingambit, L50, M|100/100|[from] Parting Shot
|
|upkeep
|turn|2
|inactive|EmptyMagg has 30 seconds left.
|
|t:|1783844790
|move|p1b: Delphox|Protect|p1b: Delphox
|-singleturn|p1b: Delphox|Protect
|move|p2b: Garchomp|Protect|p2b: Garchomp
|-singleturn|p2b: Garchomp|Protect
|move|p2a: Ceruledge|Shadow Sneak|p1b: Delphox
|-activate|p1b: Delphox|move: Protect
|move|p1a: Kingambit|Kowtow Cleave|p2a: Ceruledge
|-supereffective|p2a: Ceruledge|1
|-enditem|p2a: Ceruledge|Colbur Berry|[eat]
|-enditem|p2a: Ceruledge|Colbur Berry|[weaken]
|-damage|p2a: Ceruledge|27/100
|
|upkeep
|turn|3
|
|t:|1783844814
|switch|p1b: Incineroar|Incineroar, L50, M|70/100
|-ability|p1b: Incineroar|Intimidate|boost
|-unboost|p2a: Ceruledge|atk|1
|-unboost|p2b: Garchomp|atk|1
|switch|p2b: Metagross|Metagross, L50|100/100
|move|p2a: Ceruledge|Shadow Sneak|p1b: Incineroar
|-resisted|p1b: Incineroar|1
|-damage|p1b: Incineroar|64/100
|move|p1a: Kingambit|Kowtow Cleave|p2a: Ceruledge
|-supereffective|p2a: Ceruledge|1
|-damage|p2a: Ceruledge|0 fnt
|faint|p2a: Ceruledge
|
|upkeep
|
|t:|1783844829
|switch|p2a: Garchomp|Garchomp, L50, M|90/100
|turn|4
|
|t:|1783844851
|move|p2b: Metagross|Protect|p2b: Metagross
|-singleturn|p2b: Metagross|Protect
|move|p1b: Incineroar|Fake Out|p2a: Garchomp
|-damage|p2a: Garchomp|79/100
|cant|p2a: Garchomp|flinch
|move|p1a: Kingambit|Swords Dance|p1a: Kingambit
|-boost|p1a: Kingambit|atk|2
|
|upkeep
|turn|5
|
|t:|1783844869
|detailschange|p2b: Metagross|Metagross-Mega, L50
|-mega|p2b: Metagross|Metagross|Metagrossite
|move|p1a: Kingambit|Protect|p1a: Kingambit
|-singleturn|p1a: Kingambit|Protect
|move|p2a: Garchomp|Stomping Tantrum|p1a: Kingambit
|-activate|p1a: Kingambit|move: Protect
|move|p2b: Metagross|Stomping Tantrum|p1a: Kingambit
|-activate|p1a: Kingambit|move: Protect
|move|p1b: Incineroar|Parting Shot|p2a: Garchomp
|-unboost|p2a: Garchomp|atk|1
|-unboost|p2a: Garchomp|spa|1
|
|t:|1783844881
|switch|p1b: Sinistcha|Sinistcha, L50|100/100|[from] Parting Shot
|
|upkeep
|turn|6
|
|t:|1783844896
|move|p1b: Sinistcha|Rage Powder|p1b: Sinistcha
|-singleturn|p1b: Sinistcha|move: Rage Powder
|move|p2a: Garchomp|Stomping Tantrum|p1b: Sinistcha
|-resisted|p1b: Sinistcha|1
|-damage|p1b: Sinistcha|87/100
|-damage|p2a: Garchomp|69/100|[from] item: Life Orb
|move|p2b: Metagross|Stomping Tantrum|p1b: Sinistcha
|-resisted|p1b: Sinistcha|1
|-damage|p1b: Sinistcha|71/100
|move|p1a: Kingambit|Kowtow Cleave|p2b: Metagross
|-supereffective|p2b: Metagross|1
|-damage|p2b: Metagross|0 fnt
|faint|p2b: Metagross
|
|upkeep
|-message|EmptyMagg forfeited.
|raw|homerj71's rating: 1237 → 1250(+13 for winning)
|raw|EmptyMagg's rating: 1053 → 1044(-9 for losing)
|
|win|homerj71
