|j|☆latinbigote
|j|☆Deathspeakerknight
|html|latinbigoteDeathspeakerknight    
|uhtml|bestof|Game 1 of a best-of-3
|t:|1783044823
|gametype|doubles
|player|p1|latinbigote|266|1000
|player|p2|Deathspeakerknight|102|1000
|gen|9
|tier|[Gen 9 Champions] VGC 2026 Reg M-B (Bo3)
|rated|
|rule|Species Clause: Limit one of each Pokémon
|rule|Item Clause: Limit 1 of each item
|clearpoke
|poke|p1|Staraptor, L50, M|
|poke|p1|Garchomp, L50, M|
|poke|p1|Basculegion, L50, M|
|poke|p1|Typhlosion-Hisui, L50, M|
|poke|p1|Dragonite, L50, F|
|poke|p1|Grimmsnarl, L50, M|
|poke|p2|Charizard, L50, M|
|poke|p2|Metagross, L50|
|poke|p2|Ninetales-Alola, L50, F|
|poke|p2|Milotic, L50, F|
|poke|p2|Hydreigon, L50, F|
|poke|p2|Excadrill, L50, F|
|teampreview|4
|showteam|p1|Staraptor||Staraptite|Intimidate|BraveBird,CloseCombat,Roost,Protect|Jolly||M|||50|]Garchomp||RoseliBerry|RoughSkin|DragonClaw,StompingTantrum,RockTomb,PoisonJab|Jolly||M|||50|]Basculegion||MysticWater|Adaptability|WaveCrash,LastRespects,AquaJet,Protect|Adamant||M|||50|]Typhlosion-Hisui||ChoiceScarf|Frisk|Eruption,HeatWave,BurnUp,ShadowBall|Modest||M|||50|]Dragonite||Dragoninite|Multiscale|DracoMeteor,Thunderbolt,Flamethrower,IceBeam|Modest||F|||50|]Grimmsnarl||LightClay|Prankster|FakeTears,PartingShot,Reflect,LightScreen|Calm||M|||50|
|showteam|p2|Charizard||SitrusBerry|Blaze|WeatherBall,FirePunch,Acrobatics,Protect|Jolly||M|||50|]Metagross||Metagrossite|ClearBody|Protect,Earthquake,BulletPunch,PsychicFangs|Jolly|||||50|]Ninetales-Alola||LightClay|SnowWarning|AuroraVeil,Blizzard,FreezeDry,Protect|Timid||F|||50|]Milotic||Leftovers|Competitive|Scald,IceBeam,LifeDew,IcyWind|Bold||F|||50|]Hydreigon||LifeOrb|Levitate|DarkPulse,DracoMeteor,Protect,Tailwind|Timid||F|||50|]Excadrill||Excadrite|MoldBreaker|IronHead,HighHorsepower,RockSlide,Protect|Jolly||F|||50|
|
|t:|1783044839
|teamsize|p1|4
|teamsize|p2|4
|start
|switch|p1a: Garchomp|Garchomp, L50, M|100/100
|switch|p1b: Basculegion|Basculegion, L50, M|100/100
|switch|p2a: Ninetales|Ninetales-Alola, L50, F|100/100
|switch|p2b: Metagross|Metagross, L50|100/100
|-weather|Snowscape|[from] ability: Snow Warning|[of] p2a: Ninetales
|turn|1
|
|t:|1783044877
|switch|p1b: Grimmsnarl|Grimmsnarl, L50, M|100/100
|detailschange|p2b: Metagross|Metagross-Mega, L50
|-mega|p2b: Metagross|Metagross|Metagrossite
|move|p2b: Metagross|Bullet Punch|p1a: Garchomp
|-damage|p1a: Garchomp|73/100
|-damage|p2b: Metagross|87/100|[from] ability: Rough Skin|[of] p1a: Garchomp
|move|p2a: Ninetales|Aurora Veil|p2a: Ninetales
|-sidestart|p2: Deathspeakerknight|move: Aurora Veil
|move|p1a: Garchomp|Stomping Tantrum|p2b: Metagross
|-supereffective|p2b: Metagross|1
|-damage|p2b: Metagross|46/100
|
|-weather|Snowscape|[upkeep]
|upkeep
|turn|2
|
|t:|1783044898
|move|p2b: Metagross|Bullet Punch|p1b: Grimmsnarl
|-supereffective|p1b: Grimmsnarl|1
|-damage|p1b: Grimmsnarl|34/100
|move|p1b: Grimmsnarl|Parting Shot|p2b: Metagross
|-unboost|p2b: Metagross|atk|1
|-unboost|p2b: Metagross|spa|1
|
|t:|1783044904
|switch|p1b: Basculegion|Basculegion, L50, M|100/100|[from] Parting Shot
|move|p2a: Ninetales|Blizzard|p1a: Garchomp|[spread] p1a,p1b
|-supereffective|p1a: Garchomp|2
|-resisted|p1b: Basculegion|1
|-damage|p1a: Garchomp|0 fnt
|-damage|p1b: Basculegion|82/100
|faint|p1a: Garchomp
|
|-weather|Snowscape|[upkeep]
|upkeep
|
|t:|1783044916
|switch|p1a: Staraptor|Staraptor, L50, M|100/100
|-ability|p1a: Staraptor|Intimidate|boost
|-unboost|p2a: Ninetales|atk|1
|-unboost|p2b: Metagross|atk|1
|turn|3
|
|t:|1783044938
|detailschange|p1a: Staraptor|Staraptor-Mega, L50, M
|-mega|p1a: Staraptor|Staraptor|Staraptite
|move|p2b: Metagross|Protect|p2b: Metagross
|-singleturn|p2b: Metagross|Protect
|move|p1b: Basculegion|Protect|p1b: Basculegion
|-singleturn|p1b: Basculegion|Protect
|move|p1a: Staraptor|Close Combat|p2b: Metagross
|-activate|p2b: Metagross|move: Protect
|move|p2a: Ninetales|Blizzard|p1a: Staraptor|[spread] p1a
|-activate|p1b: Basculegion|move: Protect
|-supereffective|p1a: Staraptor|1
|-damage|p1a: Staraptor|28/100
|
|-weather|Snowscape|[upkeep]
|upkeep
|turn|4
|
|t:|1783044962
|switch|p2b: Milotic|Milotic, L50, F|100/100
|move|p1a: Staraptor|Close Combat|p2b: Milotic
|-damage|p2b: Milotic|66/100
|-boost|p1a: Staraptor|def|1
|-boost|p1a: Staraptor|spd|1
|move|p2a: Ninetales|Blizzard|p1a: Staraptor|[spread] p1a,p1b
|-supereffective|p1a: Staraptor|1
|-resisted|p1b: Basculegion|1
|-damage|p1a: Staraptor|0 fnt
|-damage|p1b: Basculegion|65/100
|faint|p1a: Staraptor
|move|p1b: Basculegion|Last Respects|p2b: Milotic
|-damage|p2b: Milotic|11/100
|
|-weather|Snowscape|[upkeep]
|-heal|p2b: Milotic|17/100|[from] item: Leftovers
|upkeep
|
|t:|1783044979
|switch|p1a: Grimmsnarl|Grimmsnarl, L50, M|34/100
|turn|5
|
|t:|1783044997
|move|p1a: Grimmsnarl|Light Screen|p1a: Grimmsnarl
|-sidestart|p1: latinbigote|move: Light Screen
|move|p2a: Ninetales|Freeze-Dry|p1b: Basculegion
|-supereffective|p1b: Basculegion|1
|-damage|p1b: Basculegion|27/100
|move|p1b: Basculegion|Last Respects|p2b: Milotic
|-damage|p2b: Milotic|0 fnt
|faint|p2b: Milotic
|
|-weather|none
|upkeep
|
|t:|1783045006
|switch|p2b: Metagross|Metagross-Mega, L50|46/100
|turn|6
|
|t:|1783045057
|move|p1a: Grimmsnarl|Reflect|p1a: Grimmsnarl
|-sidestart|p1: latinbigote|Reflect
|move|p2b: Metagross|Psychic Fangs|p1b: Basculegion
|-sideend|p1: latinbigote|Reflect
|-sideend|p1: latinbigote|move: Light Screen
|-damage|p1b: Basculegion|0 fnt
|faint|p1b: Basculegion
|move|p2a: Ninetales|Freeze-Dry|p1a: Grimmsnarl
|-damage|p1a: Grimmsnarl|12/100
|
|upkeep
|turn|7
|-message|latinbigote forfeited.
|
|win|Deathspeakerknight
|l|☆latinbigote
|player|p1|
||Deathspeakerknight is ready for game 2.
||latinbigote is ready for game 2.
|uhtml|next|Next: Game 2 of 3
