|j|☆You’reJustDead!
|j|☆almagroalanzarote
|html|You’reJustDead!almagroalanzarote    
|uhtml|bestof|Game 1 of a best-of-3
|t:|1784041607
|gametype|doubles
|player|p1|You’reJustDead!|misty|1202
|player|p2|almagroalanzarote|nate|1105
|gen|9
|tier|[Gen 9 Champions] VGC 2026 Reg M-B (Bo3)
|rated|
|rule|Species Clause: Limit one of each Pokémon
|rule|Item Clause: Limit 1 of each item
|clearpoke
|poke|p1|Lopunny, L50, M|
|poke|p1|Aerodactyl, L50, M|
|poke|p1|Aegislash, L50, M, shiny|
|poke|p1|Floette-Eternal, L50, F|
|poke|p1|Hydreigon, L50, F|
|poke|p1|Incineroar, L50, F|
|poke|p2|Grimmsnarl, L50, M|
|poke|p2|Venusaur, L50, M|
|poke|p2|Pelipper, L50, M|
|poke|p2|Archaludon, L50, M|
|poke|p2|Charizard, L50, F|
|poke|p2|Basculegion, L50, M|
|teampreview|4
|showteam|p1|Lopunny||Lopunnite|CuteCharm|FakeOut,CloseCombat,TripleAxel,Encore|Jolly||M|||50|]Aerodactyl||FocusSash|Unnerve|RockSlide,DualWingbeat,Tailwind,Protect|Jolly||M|||50|]Aegislash||SpellTag|StanceChange|Poltergeist,ShadowSneak,IronHead,KingsShield|Adamant||M|||50|]Floette-Eternal||Floettite|FlowerVeil|Moonblast,DrainingKiss,CalmMind,Protect|Modest||F|||50|]Hydreigon||ChoiceScarf|Levitate|DracoMeteor,DarkPulse,Snarl,EarthPower|Modest||F|||50|]Incineroar||SitrusBerry|Intimidate|FakeOut,DarkestLariat,Protect,PartingShot|Careful||F|||50|
|showteam|p2|Grimmsnarl||LightClay|Prankster|SpiritBreak,Reflect,LightScreen,PartingShot|Careful||M|||50|]Venusaur||FocusSash|Chlorophyll|SludgeBomb,EarthPower,SleepPowder,Protect|Modest||M|||50|]Pelipper||SitrusBerry|Drizzle|WeatherBall,Hurricane,Tailwind,WideGuard|Modest||M|||50|]Archaludon||Leftovers|Stamina|ElectroShot,FlashCannon,DragonPulse,Protect|Modest||M|||50|]Charizard||CharizarditeY|Blaze|WeatherBall,HeatWave,SolarBeam,Protect|Modest||F|||50|]Basculegion||ChoiceScarf|Adaptability|WaveCrash,FlipTurn,AquaJet,LastRespects|Jolly||M|||50|
|inactive|Battle timer is ON: inactive players will automatically lose when time's up. (requested by You’reJustDead!)
|inactive|almagroalanzarote also wants the timer to be on.
|inactive|almagroalanzarote has 60 seconds left.
|inactive|almagroalanzarote has 30 seconds left.
|
|t:|1784041673
|teamsize|p1|4
|teamsize|p2|4
|start
|switch|p1a: Kingsbane|Aegislash, L50, M, shiny|100/100
|switch|p1b: Ragnarock|Aerodactyl, L50, M|100/100
|switch|p2a: Basculegion|Basculegion, L50, M|100/100
|switch|p2b: Archaludon|Archaludon, L50, M|100/100
|-ability|p1b: Ragnarock|Unnerve
|turn|1
|
|t:|1784041694
|move|p1a: Kingsbane|King's Shield|p1a: Kingsbane
|-singleturn|p1a: Kingsbane|Protect
|move|p2a: Basculegion|Flip Turn|p1a: Kingsbane
|-activate|p1a: Kingsbane|move: Protect
|-unboost|p2a: Basculegion|atk|1
|move|p1b: Ragnarock|Tailwind|p1b: Ragnarock
|-sidestart|p1: You’reJustDead!|move: Tailwind
|move|p2b: Archaludon|Electro Shot||[still]
|-prepare|p2b: Archaludon|Electro Shot
|-boost|p2b: Archaludon|spa|1
|
|upkeep
|turn|2
|inactive|almagroalanzarote has 30 seconds left.
|
|t:|1784041725
|switch|p2a: Pelipper|Pelipper, L50, M|100/100
|-weather|RainDance|[from] ability: Drizzle|[of] p2a: Pelipper
|-formechange|p1a: Kingsbane|Aegislash-Blade|
|move|p1a: Kingsbane|Shadow Sneak|p2a: Pelipper
|-damage|p2a: Pelipper|69/100
|move|p1b: Ragnarock|Rock Slide|p2b: Archaludon|[spread] p2a,p2b
|-supereffective|p2a: Pelipper|1
|-resisted|p2b: Archaludon|1
|-damage|p2a: Pelipper|17/100
|-damage|p2b: Archaludon|91/100
|-ability|p2b: Archaludon|Stamina|boost
|-boost|p2b: Archaludon|def|1
|cant|p2b: Archaludon|flinch
|
|-weather|RainDance|[upkeep]
|-heal|p2b: Archaludon|97/100|[from] item: Leftovers
|upkeep
|turn|3
|
|t:|1784041744
|move|p2a: Pelipper|Wide Guard|p2a: Pelipper
|-singleturn|p2a: Pelipper|Wide Guard
|move|p1b: Ragnarock|Rock Slide|p2a: Pelipper|[spread] 
|-activate|p2a: Pelipper|move: Wide Guard
|-activate|p2b: Archaludon|move: Wide Guard
|move|p1a: Kingsbane|Poltergeist|p2b: Archaludon
|-activate|p2b: Archaludon|move: Poltergeist|Leftovers
|-damage|p2b: Archaludon|58/100
|-ability|p2b: Archaludon|Stamina|boost
|-boost|p2b: Archaludon|def|1
|move|p2b: Archaludon|Electro Shot||[still]
|-prepare|p2b: Archaludon|Electro Shot
|-boost|p2b: Archaludon|spa|1
|-anim|p2b: Archaludon|Electro Shot|p1a: Kingsbane
|-damage|p1a: Kingsbane|0 fnt
|faint|p1a: Kingsbane
|
|-weather|RainDance|[upkeep]
|-heal|p2b: Archaludon|64/100|[from] item: Leftovers
|upkeep
|
|t:|1784041747
|switch|p1a: Valkyrie|Lopunny, L50, M|100/100
|turn|4
|inactive|almagroalanzarote has 30 seconds left.
|inactive|almagroalanzarote has 20 seconds left.
|
|t:|1784041783
|switch|p2a: Basculegion|Basculegion, L50, M|100/100
|detailschange|p1a: Valkyrie|Lopunny-Mega, L50, M
|-mega|p1a: Valkyrie|Lopunny|Lopunnite
|move|p2b: Archaludon|Protect|p2b: Archaludon
|-singleturn|p2b: Archaludon|Protect
|move|p1a: Valkyrie|Close Combat|p2b: Archaludon
|-activate|p2b: Archaludon|move: Protect
|move|p1b: Ragnarock|Rock Slide|p2a: Basculegion|[spread] p2a
|-activate|p2b: Archaludon|move: Protect
|-damage|p2a: Basculegion|70/100
|
|-weather|RainDance|[upkeep]
|-heal|p2b: Archaludon|71/100|[from] item: Leftovers
|-sideend|p1: You’reJustDead!|move: Tailwind
|upkeep
|turn|5
|inactive|almagroalanzarote has 30 seconds left.
|
|t:|1784041818
|switch|p1a: Hollow|Hydreigon, L50, F|100/100
|move|p2a: Basculegion|Wave Crash|p1a: Hollow
|-resisted|p1a: Hollow|1
|-damage|p1a: Hollow|31/100
|-damage|p2a: Basculegion|51/100|[from] Recoil
|move|p1b: Ragnarock|Tailwind|p1b: Ragnarock
|-sidestart|p1: You’reJustDead!|move: Tailwind
|move|p2b: Archaludon|Electro Shot||[still]
|-prepare|p2b: Archaludon|Electro Shot
|-boost|p2b: Archaludon|spa|1
|-anim|p2b: Archaludon|Electro Shot|p1b: Ragnarock
|-supereffective|p1b: Ragnarock|1
|-enditem|p1b: Ragnarock|Focus Sash
|-damage|p1b: Ragnarock|1/100
|
|-weather|RainDance|[upkeep]
|-heal|p2b: Archaludon|77/100|[from] item: Leftovers
|upkeep
|turn|6
|inactive|You’reJustDead! has 30 seconds left.
|inactive|almagroalanzarote has 30 seconds left.
|
|t:|1784041850
|switch|p2a: Venusaur|Venusaur, L50, M|100/100
|move|p2b: Archaludon|Protect|p2b: Archaludon
|-singleturn|p2b: Archaludon|Protect
|move|p1a: Hollow|Dark Pulse|p2a: Venusaur
|-damage|p2a: Venusaur|49/100
|move|p1b: Ragnarock|Rock Slide|p2a: Venusaur|[spread] 
|-activate|p2b: Archaludon|move: Protect
|-miss|p1b: Ragnarock|p2a: Venusaur
|
|-weather|none
|-heal|p2b: Archaludon|83/100|[from] item: Leftovers
|upkeep
|turn|7
|
|t:|1784041872
|move|p1a: Hollow|Dark Pulse|p2b: Archaludon
|-damage|p2b: Archaludon|40/100
|-ability|p2b: Archaludon|Stamina|boost
|-boost|p2b: Archaludon|def|1
|move|p1b: Ragnarock|Dual Wingbeat|p2a: Venusaur
|-supereffective|p2a: Venusaur|1
|-damage|p2a: Venusaur|6/100
|-supereffective|p2a: Venusaur|1
|-damage|p2a: Venusaur|0 fnt
|faint|p2a: Venusaur
|-hitcount|p2: Venusaur|2
|move|p2b: Archaludon|Dragon Pulse|p1a: Hollow
|-supereffective|p1a: Hollow|1
|-damage|p1a: Hollow|0 fnt
|faint|p1a: Hollow
|
|-heal|p2b: Archaludon|46/100|[from] item: Leftovers
|upkeep
|
|t:|1784041889
|switch|p1a: Valkyrie|Lopunny-Mega, L50, M|100/100
|switch|p2a: Basculegion|Basculegion, L50, M|51/100
|turn|8
|
|t:|1784041896
|switch|p2a: Pelipper|Pelipper, L50, M|17/100
|-weather|RainDance|[from] ability: Drizzle|[of] p2a: Pelipper
|move|p2b: Archaludon|Protect|p2b: Archaludon
|-singleturn|p2b: Archaludon|Protect
|move|p1a: Valkyrie|Fake Out|p2a: Pelipper
|-damage|p2a: Pelipper|0 fnt
|faint|p2a: Pelipper
|move|p1b: Ragnarock|Rock Slide|p2b: Archaludon
|-activate|p2b: Archaludon|move: Protect
|
|-weather|RainDance|[upkeep]
|-heal|p2b: Archaludon|52/100|[from] item: Leftovers
|-sideend|p1: You’reJustDead!|move: Tailwind
|upkeep
|
|t:|1784041912
|switch|p2a: Basculegion|Basculegion, L50, M|51/100
|turn|9
|
|t:|1784041920
|move|p1b: Ragnarock|Protect|p1b: Ragnarock
|-singleturn|p1b: Ragnarock|Protect
|move|p2a: Basculegion|Wave Crash|p1a: Valkyrie
|-damage|p1a: Valkyrie|0 fnt
|faint|p1a: Valkyrie
|-damage|p2a: Basculegion|27/100|[from] Recoil
|move|p2b: Archaludon|Dragon Pulse|p1b: Ragnarock
|-activate|p1b: Ragnarock|move: Protect
|
|-weather|RainDance|[upkeep]
|-heal|p2b: Archaludon|58/100|[from] item: Leftovers
|upkeep
|turn|10
|
|t:|1784041931
|move|p2a: Basculegion|Wave Crash|p1b: Ragnarock
|-supereffective|p1b: Ragnarock|1
|-damage|p1b: Ragnarock|0 fnt
|faint|p1b: Ragnarock
|-damage|p2a: Basculegion|26/100|[from] Recoil
|
|win|almagroalanzarote
