|j|☆palle synchro
|j|☆asdasdddsa
|html|palle synchroasdasdddsa    
|uhtml|bestof|Game 1 of a best-of-3
|t:|1784971320
|gametype|doubles
|player|p1|palle synchro|volkner|1422
|player|p2|asdasdddsa|2|1423
|gen|9
|tier|[Gen 9 Champions] VGC 2026 Reg M-B (Bo3)
|rated|
|rule|Species Clause: Limit one of each Pokémon
|rule|Item Clause: Limit 1 of each item
|clearpoke
|poke|p1|Pelipper, L50, M|
|poke|p1|Archaludon, L50, M|
|poke|p1|Venusaur, L50, F|
|poke|p1|Maushold, L50|
|poke|p1|Gholdengo, L50|
|poke|p1|Basculegion, L50, M|
|poke|p2|Staraptor, L50, F|
|poke|p2|Gholdengo, L50|
|poke|p2|Whimsicott, L50, M|
|poke|p2|Kingambit, L50, M|
|poke|p2|Garchomp, L50, M|
|poke|p2|Ceruledge, L50, F|
|teampreview|4
|showteam|p1|Pelipper||SitrusBerry|Drizzle|WeatherBall,Hurricane,Tailwind,Protect|Modest||M|||50|]Archaludon||Leftovers|Stamina|ElectroShot,DragonPulse,FlashCannon,Protect|Modest||M|||50|]Venusaur||Venusaurite|Chlorophyll|GigaDrain,EarthPower,SludgeBomb,Protect|Modest||F|||50|]Maushold||FocusSash|FriendGuard|SuperFang,RainDance,FollowMe,Protect|Timid|||||50|]Gholdengo||LifeOrb|GoodasGold|MakeItRain,ShadowBall,NastyPlot,Protect|Timid|||||50|]Basculegion||ChoiceScarf|Adaptability|WaveCrash,LastRespects,FlipTurn,AquaJet|Jolly||M|||50|
|showteam|p2|Staraptor||Staraptite|Intimidate|CloseCombat,BraveBird,Roost,Protect|Jolly||F|||50|]Gholdengo||SpellTag|GoodasGold|MakeItRain,ShadowBall,NastyPlot,Protect|Modest|||||50|]Whimsicott||FocusSash|Prankster|Moonblast,Tailwind,Charm,Protect|Timid||M|||50|]Kingambit||OccaBerry|Defiant|KowtowCleave,SuckerPunch,LowKick,IronHead|Adamant||M|||50|]Garchomp||LifeOrb|RoughSkin|Earthquake,RockSlide,DragonClaw,Protect|Jolly||M|||50|]Ceruledge||ColburBerry|FlashFire|BitterBlade,ShadowSneak,BulkUp,Protect|Adamant||F|||50|
|inactive|Battle timer is ON: inactive players will automatically lose when time's up. (requested by asdasdddsa)
|inactive|asdasdddsa has 60 seconds left.
|inactive|asdasdddsa has 30 seconds left.
|inactive|asdasdddsa has 20 seconds left.
|inactive|asdasdddsa has 15 seconds left.
|inactive|asdasdddsa has 10 seconds left.
|inactive|asdasdddsa has 5 seconds left.
|
|t:|1784971420
|teamsize|p1|4
|teamsize|p2|4
|start
|switch|p1a: Maushold|Maushold, L50|100/100
|switch|p1b: Gholdengo|Gholdengo, L50|100/100
|switch|p2a: Whimsicott|Whimsicott, L50, M|100/100
|switch|p2b: Gholdengo|Gholdengo, L50|100/100
|turn|1
|inactive|asdasdddsa has 30 seconds left.
|inactive|asdasdddsa has 20 seconds left.
|inactive|asdasdddsa has 15 seconds left.
|inactive|asdasdddsa has 10 seconds left.
|
|t:|1784971470
|move|p2b: Gholdengo|Protect|p2b: Gholdengo
|-singleturn|p2b: Gholdengo|Protect
|move|p1a: Maushold|Follow Me|p1a: Maushold
|-singleturn|p1a: Maushold|move: Follow Me
|move|p2a: Whimsicott|Moonblast|p1a: Maushold
|-damage|p1a: Maushold|56/100
|move|p1b: Gholdengo|Shadow Ball|p2b: Gholdengo
|-activate|p2b: Gholdengo|move: Protect
|
|upkeep
|turn|2
|inactive|asdasdddsa has 30 seconds left.
|inactive|asdasdddsa has 20 seconds left.
|
|t:|1784971506
|move|p1a: Maushold|Protect|p1a: Maushold
|-singleturn|p1a: Maushold|Protect
|move|p2a: Whimsicott|Tailwind|p2a: Whimsicott
|-sidestart|p2: asdasdddsa|move: Tailwind
|move|p2b: Gholdengo|Make It Rain|p1b: Gholdengo|[spread] p1b
|-activate|p1a: Maushold|move: Protect
|-resisted|p1b: Gholdengo|1
|-damage|p1b: Gholdengo|79/100
|-unboost|p2b: Gholdengo|spa|2
|move|p1b: Gholdengo|Shadow Ball|p2b: Gholdengo
|-supereffective|p2b: Gholdengo|1
|-damage|p2b: Gholdengo|4/100
|-unboost|p2b: Gholdengo|spd|1
|-damage|p1b: Gholdengo|70/100|[from] item: Life Orb
|
|upkeep
|turn|3
|inactive|asdasdddsa has 30 seconds left.
|
|t:|1784971536
|switch|p1a: Archaludon|Archaludon, L50, M|100/100
|move|p2a: Whimsicott|Protect|p2a: Whimsicott
|-singleturn|p2a: Whimsicott|Protect
|move|p1b: Gholdengo|Protect|p1b: Gholdengo
|-singleturn|p1b: Gholdengo|Protect
|move|p2b: Gholdengo|Make It Rain|p1b: Gholdengo|[spread] p1a
|-activate|p1b: Gholdengo|move: Protect
|-resisted|p1a: Archaludon|1
|-damage|p1a: Archaludon|86/100
|-unboost|p2b: Gholdengo|spa|2
|-ability|p1a: Archaludon|Stamina|boost
|-boost|p1a: Archaludon|def|1
|
|-heal|p1a: Archaludon|92/100|[from] item: Leftovers
|upkeep
|turn|4
|inactive|asdasdddsa has 30 seconds left.
|
|t:|1784971561
|move|p2a: Whimsicott|Moonblast|p1b: Gholdengo
|-resisted|p1b: Gholdengo|1
|-damage|p1b: Gholdengo|50/100g
|move|p2b: Gholdengo|Shadow Ball|p1b: Gholdengo
|-supereffective|p1b: Gholdengo|1
|-damage|p1b: Gholdengo|12/100
|move|p1b: Gholdengo|Make It Rain|p2a: Whimsicott|[spread] p2b
|-miss|p1b: Gholdengo|p2a: Whimsicott
|-resisted|p2b: Gholdengo|1
|-damage|p2b: Gholdengo|0 fnt
|-unboost|p1b: Gholdengo|spa|2
|faint|p2b: Gholdengo
|-damage|p1b: Gholdengo|2/100|[from] item: Life Orb
|move|p1a: Archaludon|Flash Cannon|p2a: Whimsicott
|-supereffective|p2a: Whimsicott|1
|-enditem|p2a: Whimsicott|Focus Sash
|-damage|p2a: Whimsicott|1/100
|
|-heal|p1a: Archaludon|98/100|[from] item: Leftovers
|upkeep
|
|t:|1784971567
|switch|p2b: Staraptor|Staraptor, L50, F|100/100
|-ability|p2b: Staraptor|Intimidate|boost
|-unboost|p1a: Archaludon|atk|1
|-unboost|p1b: Gholdengo|atk|1
|turn|5
|inactive|asdasdddsa has 30 seconds left.
|inactive|asdasdddsa has 20 seconds left.
|inactive|palle synchro has 30 seconds left.
|inactive|asdasdddsa has 15 seconds left.
|inactive|asdasdddsa has 10 seconds left.
|
|t:|1784971612
|switch|p1b: Pelipper|Pelipper, L50, M|100/100
|-weather|RainDance|[from] ability: Drizzle|[of] p1b: Pelipper
|detailschange|p2b: Staraptor|Staraptor-Mega, L50, F
|-mega|p2b: Staraptor|Staraptor|Staraptite
|move|p2a: Whimsicott|Protect|p2a: Whimsicott
|-singleturn|p2a: Whimsicott|Protect
|move|p2b: Staraptor|Close Combat|p1a: Archaludon
|-supereffective|p1a: Archaludon|1
|-damage|p1a: Archaludon|40/100
|-boost|p2b: Staraptor|def|1
|-boost|p2b: Staraptor|spd|1
|-ability|p1a: Archaludon|Stamina|boost
|-boost|p1a: Archaludon|def|1
|move|p1a: Archaludon|Electro Shot||[still]
|-prepare|p1a: Archaludon|Electro Shot
|-boost|p1a: Archaludon|spa|1
|-anim|p1a: Archaludon|Electro Shot|p2a: Whimsicott
|-activate|p2a: Whimsicott|move: Protect
|
|-weather|RainDance|[upkeep]
|-heal|p1a: Archaludon|46/100|[from] item: Leftovers
|-sideend|p2: asdasdddsa|move: Tailwind
|upkeep
|turn|6
|inactive|asdasdddsa has 30 seconds left.
|inactive|asdasdddsa has 20 seconds left.
|inactive|asdasdddsa has 15 seconds left.
|
|t:|1784971653
|move|p1a: Archaludon|Protect|p1a: Archaludon
|-singleturn|p1a: Archaludon|Protect
|move|p2a: Whimsicott|Charm|p2b: Staraptor
|-boost|p2b: Staraptor|atk|2
|move|p2b: Staraptor|Brave Bird|p1b: Pelipper
|-crit|p1b: Pelipper
|-damage|p1b: Pelipper|0 fnt
|faint|p1b: Pelipper
|-damage|p2b: Staraptor|71/100|[from] Recoil
|
|-weather|RainDance|[upkeep]
|-heal|p1a: Archaludon|52/100|[from] item: Leftovers
|upkeep
|-message|palle synchro forfeited.
|
|win|asdasdddsa
