|j|☆redcorvin
|j|☆mclashgaming
|html|redcorvinmclashgaming    
|uhtml|bestof|Game 2 of a best-of-3
|t:|1784383833
|gametype|doubles
|player|p1|redcorvin|nate|
|player|p2|mclashgaming|ghetsis|
|gen|9
|tier|[Gen 9 Champions] VGC 2026 Reg M-B (Bo3)
|rule|Species Clause: Limit one of each Pokémon
|rule|Item Clause: Limit 1 of each item
|clearpoke
|poke|p1|Floette-Eternal, L50, F|
|poke|p1|Charizard, L50, M|
|poke|p1|Whimsicott, L50, F, shiny|
|poke|p1|Garchomp, L50, F, shiny|
|poke|p1|Basculegion, L50, M|
|poke|p1|Kingambit, L50, M, shiny|
|poke|p2|Garchomp, L50, F|
|poke|p2|Charizard, L50, F, shiny|
|poke|p2|Venusaur, L50, M|
|poke|p2|Whimsicott, L50, F|
|poke|p2|Incineroar, L50, F|
|poke|p2|Kingambit, L50, M, shiny|
|teampreview|4
|showteam|p1|Floette-Eternal||Floettite|FlowerVeil|Moonblast,DazzlingGleam,LightofRuin,Protect|Modest||F|||50|]Charizard||CharizarditeY|Blaze|HeatWave,WeatherBall,SolarBeam,Protect|Modest||M|||50|]Whimsicott||FocusSash|Prankster|Moonblast,Tailwind,Encore,Protect|Timid||F|||50|]Garchomp||RoseliBerry|RoughSkin|DragonClaw,StompingTantrum,PoisonJab,RockSlide|Jolly||F|||50|]Basculegion||MysticWater|Adaptability|WaveCrash,LastRespects,AquaJet,Protect|Adamant||M|||50|]Kingambit||OccaBerry|Defiant|KowtowCleave,IronHead,SuckerPunch,Protect|Adamant||M|||50|
|showteam|p2|Garchomp||HabanBerry|RoughSkin|Earthquake,RockSlide,SwordsDance,Protect|Jolly||F|||50|]Charizard||CharizarditeY|SolarPower|HeatWave,Protect,SolarBeam,WeatherBall|Timid||F|||50|]Venusaur||Leftovers|Chlorophyll|EnergyBall,EarthPower,Protect,SludgeBomb|Modest||M|||50|]Whimsicott||FocusSash|Prankster|Moonblast,Tailwind,LeechSeed,Encore|Bold||F|||50|]Incineroar||SitrusBerry|Intimidate|FakeOut,Protect,PartingShot,FlareBlitz|Careful||F|||50|]Kingambit||ChopleBerry|Defiant|SuckerPunch,IronHead,KowtowCleave,Protect|Adamant||M|||50|
|
|t:|1784383873
|teamsize|p1|4
|teamsize|p2|4
|start
|switch|p1a: Whimsicott|Whimsicott, L50, F, shiny|100/100
|switch|p1b: Basculegion|Basculegion, L50, M|100/100
|switch|p2a: a cat|Incineroar, L50, F|100/100
|switch|p2b: full of whimsy|Whimsicott, L50, F|100/100
|-ability|p2a: a cat|Intimidate|boost
|-unboost|p1a: Whimsicott|atk|1
|-unboost|p1b: Basculegion|atk|1
|turn|1
|
|t:|1784383895
|move|p2a: a cat|Fake Out|p1a: Whimsicott
|-damage|p1a: Whimsicott|83/100
|cant|p1a: Whimsicott|flinch
|move|p2b: full of whimsy|Tailwind|p2b: full of whimsy
|-sidestart|p2: mclashgaming|move: Tailwind
|move|p1b: Basculegion|Wave Crash|p2a: a cat
|-supereffective|p2a: a cat|1
|-damage|p2a: a cat|0 fnt
|faint|p2a: a cat
|-damage|p1b: Basculegion|66/100|[from] Recoil
|
|upkeep
|
|t:|1784383906
|switch|p2a: a dragon|Charizard, L50, F, shiny|100/100
|turn|2
|
|t:|1784383940
|move|p2a: a dragon|Protect|p2a: a dragon
|-singleturn|p2a: a dragon|Protect
|move|p2b: full of whimsy|Leech Seed|p1b: Basculegion
|-start|p1b: Basculegion|move: Leech Seed
|move|p1a: Whimsicott|Tailwind|p1a: Whimsicott
|-sidestart|p1: redcorvin|move: Tailwind
|move|p1b: Basculegion|Wave Crash|p2a: a dragon
|-activate|p2a: a dragon|move: Protect
|
|-damage|p1b: Basculegion|54/100|[from] Leech Seed|[of] p2b: full of whimsy
|upkeep
|turn|3
|
|t:|1784383971
|detailschange|p2a: a dragon|Charizard-Mega-Y, L50, F, shiny
|-mega|p2a: a dragon|Charizard|Charizardite Y
|-weather|SunnyDay|[from] ability: Drought|[of] p2a: a dragon
|move|p1b: Basculegion|Protect|p1b: Basculegion
|-singleturn|p1b: Basculegion|Protect
|move|p2b: full of whimsy|Encore|p1b: Basculegion
|-activate|p1b: Basculegion|move: Protect
|move|p1a: Whimsicott|Moonblast|p2b: full of whimsy
|-damage|p2b: full of whimsy|54/100
|move|p2a: a dragon|Solar Beam||[still]
|-prepare|p2a: a dragon|Solar Beam
|-anim|p2a: a dragon|Solar Beam|p1b: Basculegion
|-activate|p1b: Basculegion|move: Protect
|
|-weather|SunnyDay|[upkeep]
|-damage|p1b: Basculegion|42/100|[from] Leech Seed|[of] p2b: full of whimsy
|-heal|p2b: full of whimsy|68/100|[silent]
|upkeep
|turn|4
|
|t:|1784383997
|move|p2b: full of whimsy|Encore|p1b: Basculegion
|-start|p1b: Basculegion|Encore
|move|p1b: Basculegion|Protect||[still]
|-fail|p1b: Basculegion
|move|p1a: Whimsicott|Moonblast|p2b: full of whimsy
|-damage|p2b: full of whimsy|22/100
|move|p2a: a dragon|Solar Beam||[still]
|-prepare|p2a: a dragon|Solar Beam
|-anim|p2a: a dragon|Solar Beam|p1b: Basculegion
|-supereffective|p1b: Basculegion|1
|-damage|p1b: Basculegion|0 fnt
|faint|p1b: Basculegion
|
|-weather|SunnyDay|[upkeep]
|-sideend|p2: mclashgaming|move: Tailwind
|upkeep
|
|t:|1784384009
|switch|p1b: Floette|Floette-Eternal, L50, F|100/100
|turn|5
|
|t:|1784384017
|detailschange|p1b: Floette|Floette-Mega, L50, F
|-mega|p1b: Floette|Floette|Floettite
|-ability|p1b: Floette|Fairy Aura
|move|p2b: full of whimsy|Tailwind|p2b: full of whimsy
|-sidestart|p2: mclashgaming|move: Tailwind
|move|p1a: Whimsicott|Moonblast|p2b: full of whimsy
|-damage|p2b: full of whimsy|0 fnt
|faint|p2b: full of whimsy
|move|p2a: a dragon|Heat Wave|p1b: Floette|[spread] p1b
|-miss|p2a: a dragon|p1a: Whimsicott
|-damage|p1b: Floette|48/100
|move|p1b: Floette|Light of Ruin|p2a: a dragon
|-resisted|p2a: a dragon|1
|-damage|p2a: a dragon|45/100
|-damage|p1b: Floette|21/100|[from] Recoil
|
|-weather|SunnyDay|[upkeep]
|-sideend|p1: redcorvin|move: Tailwind
|upkeep
|
|t:|1784384030
|switch|p2b: a flower|Venusaur, L50, M|100/100
|turn|6
|
|t:|1784384055
|move|p1b: Floette|Protect|p1b: Floette
|-singleturn|p1b: Floette|Protect
|move|p1a: Whimsicott|Encore||[still]
|-fail|p1a: Whimsicott
|move|p2b: a flower|Sludge Bomb|p1a: Whimsicott
|-supereffective|p1a: Whimsicott|2
|-crit|p1a: Whimsicott
|-damage|p1a: Whimsicott|0 fnt
|faint|p1a: Whimsicott
|move|p2a: a dragon|Heat Wave|p1b: Floette
|-activate|p1b: Floette|move: Protect
|
|-weather|SunnyDay|[upkeep]
|upkeep
|
|t:|1784384066
|switch|p1a: Garchomp|Garchomp, L50, F, shiny|100/100
|turn|7
|
|t:|1784384084
|move|p2a: a dragon|Protect|p2a: a dragon
|-singleturn|p2a: a dragon|Protect
|move|p2b: a flower|Energy Ball|p1a: Garchomp
|-damage|p1a: Garchomp|55/100
|move|p1a: Garchomp|Dragon Claw|p2a: a dragon
|-activate|p2a: a dragon|move: Protect
|move|p1b: Floette|Dazzling Gleam|p2b: a flower|[spread] p2b
|-activate|p2a: a dragon|move: Protect
|-resisted|p2b: a flower|1
|-damage|p2b: a flower|71/100
|
|-weather|none
|-heal|p2b: a flower|77/100|[from] item: Leftovers
|upkeep
|turn|8
|
|t:|1784384107
|move|p1b: Floette|Protect|p1b: Floette
|-singleturn|p1b: Floette|Protect
|move|p2a: a dragon|Heat Wave|p1b: Floette|[spread] p1a
|-activate|p1b: Floette|move: Protect
|-resisted|p1a: Garchomp|1
|-damage|p1a: Garchomp|33/100
|move|p2b: a flower|Energy Ball|p1a: Garchomp
|-damage|p1a: Garchomp|0 fnt
|faint|p1a: Garchomp
|
|-heal|p2b: a flower|82/100|[from] item: Leftovers
|-sideend|p2: mclashgaming|move: Tailwind
|upkeep
|turn|9
|
|t:|1784384132
|move|p2a: a dragon|Heat Wave|p1b: Floette
|-damage|p1b: Floette|0 fnt
|faint|p1b: Floette
|
|win|mclashgaming
|c|☆mclashgaming|gg
