|j|☆MudByChu
|j|☆dukeenzo
|html|MudByChudukeenzo    
|uhtml|bestof|Game 2 of a best-of-3
|t:|1757832018
|gametype|doubles
|player|p1|MudByChu|kieran|
|player|p2|dukeenzo|irida|
|gen|9
|tier|[Gen 9] VGC 2025 Reg H (Bo3)
|rule|Species Clause: Limit one of each Pokémon
|rule|Item Clause: Limit 1 of each item
|clearpoke
|poke|p1|Archaludon, L50, F|
|poke|p1|Farigiraf, L50, F|
|poke|p1|Indeedee-F, L50, F|
|poke|p1|Ursaluna, L50, F|
|poke|p1|Meowscarada, L50, F|
|poke|p1|Incineroar, L50, M|
|poke|p2|Barraskewda, L50, M|
|poke|p2|Farigiraf, L50, M|
|poke|p2|Ursaluna-Bloodmoon, L50, M|
|poke|p2|Dragapult, L50, F|
|poke|p2|Rillaboom, L50, F|
|poke|p2|Zoroark, L50, M|
|teampreview|4
|showteam|p1|Archaludon||AssaultVest|Stamina|ElectroShot,BodyPress,DracoMeteor,FlashCannon|||F|||50|,,,,,Fairy]Farigiraf||PsychicSeed|ArmorTail|TrickRoom,Psychic,Protect,FoulPlay|||F|||50|,,,,,Dark]Indeedee-F||SafetyGoggles|PsychicSurge|FollowMe,Psychic,Protect,TrickRoom|||F|||50|,,,,,Psychic]Ursaluna||FlameOrb|Guts|Facade,HeadlongRush,Protect,CloseCombat|||F|||50|,,,,,Normal]Meowscarada||ChoiceScarf|Protean|FlowerTrick,KnockOff,PlayRough,Uturn|||F|||50|,,,,,Grass]Incineroar||RockyHelmet|Intimidate|FakeOut,PartingShot,FlareBlitz,KnockOff|||M|||50|,,,,,Grass
|showteam|p2|Barraskewda||ChoiceBand|PropellerTail|CloseCombat,PsychicFangs,Waterfall,ThroatChop|||M|||50|,,,,,Fighting]Farigiraf||SitrusBerry|ArmorTail|AllySwitch,HyperVoice,Protect,TrickRoom|||M|||50|,,,,,Dark]Ursaluna-Bloodmoon||AssaultVest|MindsEye|BloodMoon,HyperVoice,EarthPower,VacuumWave|||M|||50|,,,,,Normal]Dragapult||PowerHerb|ClearBody|DragonDarts,Protect,PhantomForce,Uturn|||F|||50|,,,,,Dragon]Rillaboom||GrassySeed|GrassySurge|WoodHammer,Uturn,GrassyGlide,FakeOut|||F|||50|,,,,,Fire]Zoroark||FocusSash|Illusion|Encore,Protect,FakeTears,Snarl|||M|||50|,,,,,Dark
|
|t:|1757832133
|teamsize|p1|4
|teamsize|p2|4
|start
|switch|p1a: Indeedee|Indeedee-F, L50, F|100/100
|switch|p1b: Archaludon|Archaludon, L50, F|100/100
|switch|p2a: Farigiraf|Farigiraf, L50, M|100/100
|switch|p2b: Barraskewda|Barraskewda, L50, M|100/100
|-fieldstart|move: Psychic Terrain|[from] ability: Psychic Surge|[of] p1a: Indeedee
|turn|1
|
|t:|1757832215
|switch|p2a: Barraskewda|Barraskewda, L50, M|100/100
|move|p1a: Indeedee|Follow Me|p1a: Indeedee
|-singleturn|p1a: Indeedee|move: Follow Me
|move|p2b: Barraskewda|Fake Tears|p1a: Indeedee
|-unboost|p1a: Indeedee|spd|2
|move|p1b: Archaludon|Electro Shot||[still]
|-prepare|p1b: Archaludon|Electro Shot
|-boost|p1b: Archaludon|spa|1
|
|upkeep
|turn|2
|
|t:|1757832333
|move|p1a: Indeedee|Follow Me|p1a: Indeedee
|-singleturn|p1a: Indeedee|move: Follow Me
|move|p2a: Barraskewda|Throat Chop|p1a: Indeedee
|-supereffective|p1a: Indeedee
|-damage|p1a: Indeedee|0 fnt
|faint|p1a: Indeedee
|move|p2b: Barraskewda|Snarl|p1b: Archaludon
|-damage|p1b: Archaludon|84/100
|-unboost|p1b: Archaludon|spa|1
|-ability|p1b: Archaludon|Stamina|boost
|-boost|p1b: Archaludon|def|1
|move|p1b: Archaludon|Electro Shot|p2a: Barraskewda|[from] lockedmove
|-supereffective|p2a: Barraskewda
|-damage|p2a: Barraskewda|0 fnt
|faint|p2a: Barraskewda
|
|upkeep
|
|t:|1757832352
|switch|p2a: Ursaluna|Ursaluna-Bloodmoon, L50, M|100/100
|switch|p1a: Incineroar|Incineroar, L50, M|100/100
|-ability|p1a: Incineroar|Intimidate|boost
|-unboost|p2a: Ursaluna|atk|1
|-unboost|p2b: Barraskewda|atk|1
|turn|3
|
|t:|1757832383
|switch|p2a: Farigiraf|Farigiraf, L50, M|100/100
|move|p1a: Incineroar|Fake Out||[still]
|cant|p2a: Farigiraf|ability: Armor Tail|Fake Out|[of] p1a: Incineroar
|move|p2b: Barraskewda|Encore|p1b: Archaludon
|-start|p1b: Archaludon|Encore
|move|p1b: Archaludon|Electro Shot||[still]
|-prepare|p1b: Archaludon|Electro Shot
|-boost|p1b: Archaludon|spa|1
|
|upkeep
|turn|4
|
|t:|1757832413
|switch|p2a: Ursaluna|Ursaluna-Bloodmoon, L50, M|100/100
|move|p2b: Barraskewda|Fake Tears|p1b: Archaludon
|-unboost|p1b: Archaludon|spd|2
|move|p1b: Archaludon|Electro Shot|p2a: Ursaluna|[from] lockedmove
|-immune|p2a: Ursaluna
|move|p1a: Incineroar|Knock Off|p2a: Ursaluna
|-damage|p2a: Ursaluna|62/100
|-enditem|p2a: Ursaluna|Assault Vest|[from] move: Knock Off|[of] p1a: Incineroar
|
|upkeep
|turn|5
|
|t:|1757832446
|-terastallize|p1a: Incineroar|Grass
|move|p2b: Barraskewda|Encore|p1a: Incineroar
|-start|p1a: Incineroar|Encore
|move|p1b: Archaludon|Electro Shot||[still]
|-prepare|p1b: Archaludon|Electro Shot
|-boost|p1b: Archaludon|spa|1
|move|p1a: Incineroar|Knock Off|p2b: Barraskewda
|-resisted|p2b: Barraskewda
|-damage|p2b: Barraskewda|63/100
|replace|p2b: Zoroark|Zoroark, L50, M
|-end|p2b: Zoroark|Illusion
|-enditem|p2b: Zoroark|Focus Sash|[from] move: Knock Off|[of] p1a: Incineroar
|move|p2a: Ursaluna|Earth Power|p1b: Archaludon
|-supereffective|p1b: Archaludon
|-damage|p1b: Archaludon|0 fnt
|faint|p1b: Archaludon
|
|-fieldend|move: Psychic Terrain
|upkeep
|
|t:|1757832463
|switch|p1b: Ursaluna|Ursaluna, L50, F|100/100
|turn|6
|
|t:|1757832510
|-terastallize|p2a: Ursaluna|Normal
|move|p2b: Zoroark|Fake Tears|p1b: Ursaluna
|-unboost|p1b: Ursaluna|spd|2
|move|p1a: Incineroar|Knock Off|p2a: Ursaluna
|-damage|p2a: Ursaluna|34/100
|move|p2a: Ursaluna|Hyper Voice|p1b: Ursaluna|[spread] p1a,p1b
|-damage|p1a: Incineroar|52/100
|-damage|p1b: Ursaluna|9/100
|move|p1b: Ursaluna|Close Combat|p2a: Ursaluna
|-supereffective|p2a: Ursaluna
|-damage|p2a: Ursaluna|0 fnt
|-unboost|p1b: Ursaluna|def|1
|-unboost|p1b: Ursaluna|spd|1
|faint|p2a: Ursaluna
|
|-status|p1b: Ursaluna|brn|[from] item: Flame Orb
|upkeep
|
|t:|1757832520
|switch|p2a: Farigiraf|Farigiraf, L50, M|100/100
|turn|7
|
|t:|1757832538
|move|p2a: Farigiraf|Protect|p2a: Farigiraf
|-singleturn|p2a: Farigiraf|Protect
|move|p1b: Ursaluna|Protect|p1b: Ursaluna
|-singleturn|p1b: Ursaluna|Protect
|move|p2b: Zoroark|Snarl|p1a: Incineroar|[spread] p1a
|-activate|p1b: Ursaluna|move: Protect
|-damage|p1a: Incineroar|35/100
|-unboost|p1a: Incineroar|spa|1
|move|p1a: Incineroar|Knock Off|p2a: Farigiraf
|-activate|p2a: Farigiraf|move: Protect
|
|-damage|p1b: Ursaluna|3/100 brn|[from] brn
|-end|p1a: Incineroar|Encore
|upkeep
|turn|8
|
|t:|1757832571
|move|p2b: Zoroark|Snarl|p1a: Incineroar|[spread] p1b
|-miss|p2b: Zoroark|p1a: Incineroar
|-damage|p1b: Ursaluna|0 fnt
|faint|p1b: Ursaluna
|move|p1a: Incineroar|Flare Blitz|p2b: Zoroark
|-damage|p2b: Zoroark|0 fnt
|faint|p2b: Zoroark
|-damage|p1a: Incineroar|18/100|[from] Recoil
|move|p2a: Farigiraf|Hyper Voice|p1a: Incineroar
|-damage|p1a: Incineroar|0 fnt
|faint|p1a: Incineroar
|
|win|dukeenzo
|inactive|MudByChu has 30 seconds to confirm battle start!
|inactive|dukeenzo has 30 seconds to confirm battle start!
||dukeenzo is ready for game 3.
||MudByChu is ready for game 3.
|uhtml|next|Next: Game 3 of 3
|l|☆MudByChu
|player|p1|
