|j|☆aaronballs
|j|☆KodeBeast0526
|html|aaronballsKodeBeast0526    
|uhtml|bestof|Game 3 of a best-of-3
|t:|1784768047
|gametype|doubles
|player|p1|aaronballs|266|1039
|player|p2|KodeBeast0526|hiker|1082
|gen|9
|tier|[Gen 9 Champions] VGC 2026 Reg M-B (Bo3)
|rated|
|rule|Species Clause: Limit one of each Pokémon
|rule|Item Clause: Limit 1 of each item
|clearpoke
|poke|p1|Lopunny, L50, M|
|poke|p1|Talonflame, L50, F|
|poke|p1|Basculegion, L50, M|
|poke|p1|Gholdengo, L50|
|poke|p1|Raichu, L50, M|
|poke|p1|Whimsicott, L50, M|
|poke|p2|Aerodactyl, L50, M|
|poke|p2|Kingambit, L50, M|
|poke|p2|Sylveon, L50, M|
|poke|p2|Garchomp, L50, M|
|poke|p2|Charizard, L50, M|
|poke|p2|Farigiraf, L50, F, shiny|
|teampreview|4
|showteam|p1|Lopunny||Lopunnite|CuteCharm|FakeOut,CloseCombat,Encore,GigaImpact|Adamant||M|||50|]Talonflame||SharpBeak|GaleWings|BraveBird,Tailwind,Protect,FlareBlitz|Adamant||F|||50|]Basculegion||MysticWater|Adaptability|WaveCrash,LastRespects,AquaJet,Protect|Adamant||M|||50|]Gholdengo||LifeOrb|GoodasGold|NastyPlot,Protect,MakeItRain,ShadowBall|Modest|||||50|]Raichu||RaichuniteY|Static|ZapCannon,FocusBlast,FakeOut,Protect|Modest||M|||50|]Whimsicott||FocusSash|Prankster|Encore,Tailwind,Moonblast,Protect|Modest||M|||50|
|showteam|p2|Aerodactyl||Aerodactylite|Unnerve|RockSlide,IceFang,Tailwind,WideGuard|Jolly||M|||50|]Kingambit||FocusSash|Defiant|KowtowCleave,SuckerPunch,IronHead,LowKick|Adamant||M|||50|]Sylveon||FairyFeather|Pixilate|Detect,HyperVoice,HyperBeam,QuickAttack|Modest||M|||50|]Garchomp||LifeOrb|RoughSkin|Earthquake,DragonClaw,StompingTantrum,Protect|Jolly||M|||50|]Charizard||CharizarditeY|Blaze|Protect,HeatWave,SolarBeam,WeatherBall|Modest||M|||50|]Farigiraf||SitrusBerry|ArmorTail|Thunderbolt,PsychicNoise,TrickRoom,HelpingHand|Bold||F|||50|
|
|t:|1784768080
|teamsize|p1|4
|teamsize|p2|4
|start
|switch|p1a: Raichu|Raichu, L50, M|100/100
|switch|p1b: Whimsicott|Whimsicott, L50, M|100/100
|switch|p2a: Aerodactyl|Aerodactyl, L50, M|100/100
|switch|p2b: Garchomp|Garchomp, L50, M|100/100
|-ability|p2a: Aerodactyl|Unnerve
|turn|1
|inactive|Battle timer is ON: inactive players will automatically lose when time's up. (requested by KodeBeast0526)
|
|t:|1784768113
|switch|p2b: Farigiraf|Farigiraf, L50, F, shiny|100/100
|move|p1a: Raichu|Protect|p1a: Raichu
|-singleturn|p1a: Raichu|Protect
|move|p1b: Whimsicott|Tailwind|p1b: Whimsicott
|-sidestart|p1: aaronballs|move: Tailwind
|move|p2a: Aerodactyl|Tailwind|p2a: Aerodactyl
|-sidestart|p2: KodeBeast0526|move: Tailwind
|
|upkeep
|turn|2
|
|t:|1784768129
|detailschange|p2a: Aerodactyl|Aerodactyl-Mega, L50, M
|-mega|p2a: Aerodactyl|Aerodactyl|Aerodactylite
|detailschange|p1a: Raichu|Raichu-Mega-Y, L50, M
|-mega|p1a: Raichu|Raichu|Raichunite Y
|move|p1b: Whimsicott|Encore||[still]
|cant|p2b: Farigiraf|ability: Armor Tail|Encore|[of] p1b: Whimsicott
|move|p2a: Aerodactyl|Rock Slide|p1b: Whimsicott|[spread] p1a,p1b
|-damage|p1a: Raichu|56/100
|-damage|p1b: Whimsicott|59/100
|move|p1a: Raichu|Zap Cannon|p2b: Farigiraf
|-damage|p2b: Farigiraf|25/100
|-status|p2b: Farigiraf|par
|-enditem|p2b: Farigiraf|Sitrus Berry|[eat]
|-heal|p2b: Farigiraf|50/100g par|[from] item: Sitrus Berry
|move|p2b: Farigiraf|Psychic Noise|p1a: Raichu
|-damage|p1a: Raichu|15/100
|-start|p1a: Raichu|move: Heal Block
|
|upkeep
|turn|3
|inactive|aaronballs has 30 seconds left.
|
|t:|1784768162
|switch|p1a: Basculegion|Basculegion, L50, M|100/100
|cant|p2b: Farigiraf|par
|move|p2a: Aerodactyl|Rock Slide|p1a: Basculegion|[spread] p1a
|-miss|p2a: Aerodactyl|p1b: Whimsicott
|-damage|p1a: Basculegion|67/100
|move|p1b: Whimsicott|Moonblast|p2a: Aerodactyl
|-damage|p2a: Aerodactyl|60/100
|
|upkeep
|turn|4
|
|t:|1784768181
|move|p2b: Farigiraf|Helping Hand|p2a: Aerodactyl
|-singleturn|p2a: Aerodactyl|Helping Hand|[of] p2b: Farigiraf
|move|p1a: Basculegion|Aqua Jet||[still]
|cant|p2b: Farigiraf|ability: Armor Tail|Aqua Jet|[of] p1a: Basculegion
|move|p2a: Aerodactyl|Rock Slide|p1b: Whimsicott|[spread] p1a,p1b
|-damage|p1a: Basculegion|20/100y
|-damage|p1b: Whimsicott|4/100
|cant|p1b: Whimsicott|flinch
|
|-sideend|p2: KodeBeast0526|move: Tailwind
|-sideend|p1: aaronballs|move: Tailwind
|upkeep
|turn|5
|
|t:|1784768203
|move|p1b: Whimsicott|Tailwind|p1b: Whimsicott
|-sidestart|p1: aaronballs|move: Tailwind
|move|p1a: Basculegion|Wave Crash|p2a: Aerodactyl
|-supereffective|p2a: Aerodactyl|1
|-damage|p2a: Aerodactyl|0 fnt
|faint|p2a: Aerodactyl
|-damage|p1a: Basculegion|1/100|[from] Recoil
|move|p2b: Farigiraf|Trick Room|p2b: Farigiraf
|-fieldstart|move: Trick Room|[of] p2b: Farigiraf
|
|upkeep
|
|t:|1784768212
|switch|p2a: Charizard|Charizard, L50, M|100/100
|turn|6
|
|t:|1784768217
|move|p2b: Farigiraf|Helping Hand|p2a: Charizard
|-singleturn|p2a: Charizard|Helping Hand|[of] p2b: Farigiraf
|move|p1b: Whimsicott|Protect|p1b: Whimsicott
|-singleturn|p1b: Whimsicott|Protect
|move|p1a: Basculegion|Protect|p1a: Basculegion
|-singleturn|p1a: Basculegion|Protect
|move|p2a: Charizard|Heat Wave|p1b: Whimsicott|[spread] 
|-activate|p1a: Basculegion|move: Protect
|-activate|p1b: Whimsicott|move: Protect
|
|upkeep
|turn|7
|inactive|aaronballs has 30 seconds left.
|
|t:|1784768244
|move|p1b: Whimsicott|Protect|p1b: Whimsicott
|-singleturn|p1b: Whimsicott|Protect
|move|p1a: Basculegion|Protect|p1a: Basculegion
|-singleturn|p1a: Basculegion|Protect
|move|p2b: Farigiraf|Thunderbolt|p1a: Basculegion
|-activate|p1a: Basculegion|move: Protect
|move|p2a: Charizard|Heat Wave|p1b: Whimsicott|[spread] 
|-activate|p1a: Basculegion|move: Protect
|-activate|p1b: Whimsicott|move: Protect
|
|upkeep
|turn|8
|
|t:|1784768260
|move|p1b: Whimsicott|Protect||[still]
|-fail|p1b: Whimsicott
|move|p1a: Basculegion|Aqua Jet||[still]
|cant|p2b: Farigiraf|ability: Armor Tail|Aqua Jet|[of] p1a: Basculegion
|move|p2a: Charizard|Heat Wave|p1b: Whimsicott|[spread] p1a
|-miss|p2a: Charizard|p1b: Whimsicott
|-resisted|p1a: Basculegion|1
|-damage|p1a: Basculegion|0 fnt
|faint|p1a: Basculegion
|move|p2b: Farigiraf|Trick Room|p2b: Farigiraf
|-fieldend|move: Trick Room
|
|-sideend|p1: aaronballs|move: Tailwind
|upkeep
|
|t:|1784768278
|switch|p1a: Talonflame|Talonflame, L50, F|100/100
|turn|9
|
|t:|1784768284
|move|p1b: Whimsicott|Moonblast|p2b: Farigiraf
|-damage|p2b: Farigiraf|13/100 par
|move|p1a: Talonflame|Flare Blitz|p2b: Farigiraf
|-damage|p2b: Farigiraf|0 fnt
|faint|p2b: Farigiraf
|-damage|p1a: Talonflame|94/100|[from] Recoil
|move|p2a: Charizard|Heat Wave|p1b: Whimsicott|[spread] p1a,p1b
|-resisted|p1a: Talonflame|1
|-supereffective|p1b: Whimsicott|1
|-damage|p1a: Talonflame|72/100
|-damage|p1b: Whimsicott|0 fnt
|faint|p1b: Whimsicott
|
|upkeep
|
|t:|1784768294
|switch|p1b: Raichu|Raichu-Mega-Y, L50, M|15/100
|switch|p2b: Garchomp|Garchomp, L50, M|100/100
|turn|10
|inactive|aaronballs has 30 seconds left.
|inactive|aaronballs has 20 seconds left.
|
|t:|1784768330
|move|p2b: Garchomp|Earthquake|p1a: Talonflame|[spread] p1b
|-immune|p2a: Charizard
|-immune|p1a: Talonflame
|-supereffective|p1b: Raichu|1
|-damage|p1b: Raichu|0 fnt
|faint|p1b: Raichu
|-damage|p2b: Garchomp|90/100|[from] item: Life Orb
|move|p1a: Talonflame|Brave Bird|p2b: Garchomp
|-damage|p2b: Garchomp|27/100
|-damage|p1a: Talonflame|59/100|[from] ability: Rough Skin|[of] p2b: Garchomp
|-damage|p1a: Talonflame|36/100|[from] Recoil
|move|p2a: Charizard|Heat Wave|p1a: Talonflame
|-resisted|p1a: Talonflame|1
|-damage|p1a: Talonflame|7/100
|
|upkeep
|turn|11
|-message|aaronballs forfeited.
|raw|aaronballs's rating: 1039 → 1025(-14 for losing)
|raw|KodeBeast0526's rating: 1082 → 1106(+24 for winning)
|
|win|KodeBeast0526
