|j|☆wingblade33
|j|☆mickycesc4
|html|wingblade33mickycesc4    
|uhtml|bestof|Game 3 of a best-of-3
|t:|1784304917
|gametype|doubles
|player|p1|wingblade33|170|1297
|player|p2|mickycesc4|170|1204
|gen|9
|tier|[Gen 9 Champions] VGC 2026 Reg M-B (Bo3)
|rated|
|rule|Species Clause: Limit one of each Pokémon
|rule|Item Clause: Limit 1 of each item
|clearpoke
|poke|p1|Tyranitar, L50, F|
|poke|p1|Incineroar, L50, F|
|poke|p1|Sinistcha, L50|
|poke|p1|Gholdengo, L50|
|poke|p1|Excadrill, L50, M|
|poke|p1|Staraptor, L50, M|
|poke|p2|Venusaur, L50, F|
|poke|p2|Grimmsnarl, L50, M|
|poke|p2|Pelipper, L50, F|
|poke|p2|Archaludon, L50, F|
|poke|p2|Charizard, L50, M|
|poke|p2|Basculegion, L50, M|
|teampreview|4
|showteam|p1|Tyranitar||Tyranitarite|SandStream|KnockOff,DragonDance,RockSlide,Protect|Adamant||F|||50|]Incineroar||SitrusBerry|Intimidate|FakeOut,PartingShot,DarkestLariat,FlareBlitz|Careful||F|||50|]Sinistcha||KasibBerry|Hospitality|MatchaGotcha,Protect,RagePowder,TrickRoom|Calm|||||50|]Gholdengo||LifeOrb|GoodasGold|MakeItRain,ShadowBall,NastyPlot,Protect|Modest|||||50|]Excadrill||FocusSash|SandRush|HighHorsepower,IronHead,RockSlide,Protect|Adamant||M|||50|]Staraptor||Staraptite|Intimidate|CloseCombat,BraveBird,Roost,Protect|Jolly||M|||50|
|showteam|p2|Venusaur||FocusSash|Chlorophyll|SludgeBomb,EarthPower,SleepPowder,Protect|Timid||F|||50|]Grimmsnarl||LightClay|Prankster|SpiritBreak,Reflect,LightScreen,PartingShot|Careful||M|||50|]Pelipper||SitrusBerry|Drizzle|Hurricane,WeatherBall,Tailwind,WideGuard|Modest||F|||50|]Archaludon||Leftovers|Stamina|DragonPulse,FlashCannon,ElectroShot,Protect|Modest||F|||50|]Charizard||CharizarditeY|Blaze|HeatWave,SolarBeam,WeatherBall,Protect|Modest||M|||50|]Basculegion||ChoiceScarf|Adaptability|WaveCrash,FlipTurn,LastRespects,AquaJet|Jolly||M|||50|
|c|☆wingblade33|3?
|c|☆wingblade33|you crit my incin twice
|inactive|Battle timer is ON: inactive players will automatically lose when time's up. (requested by wingblade33)
|
|t:|1784304965
|teamsize|p1|4
|teamsize|p2|4
|start
|switch|p1a: Excadrill|Excadrill, L50, M|100/100
|switch|p1b: Tyranitar|Tyranitar, L50, F|100/100
|switch|p2a: Basculegion|Basculegion, L50, M|100/100
|switch|p2b: Charizard|Charizard, L50, M|100/100
|-weather|Sandstorm|[from] ability: Sand Stream|[of] p1b: Tyranitar
|turn|1
|inactive|wingblade33 has 30 seconds left.
|
|t:|1784304998
|detailschange|p1b: Tyranitar|Tyranitar-Mega, L50, F
|-mega|p1b: Tyranitar|Tyranitar|Tyranitarite
|move|p2b: Charizard|Protect|p2b: Charizard
|-singleturn|p2b: Charizard|Protect
|move|p1b: Tyranitar|Protect|p1b: Tyranitar
|-singleturn|p1b: Tyranitar|Protect
|move|p1a: Excadrill|Rock Slide|p2a: Basculegion|[spread] p2a
|-activate|p2b: Charizard|move: Protect
|-damage|p2a: Basculegion|73/100
|move|p2a: Basculegion|Flip Turn|p1b: Tyranitar
|-activate|p1b: Tyranitar|move: Protect
|
|-weather|Sandstorm|[upkeep]
|-damage|p2a: Basculegion|67/100|[from] Sandstorm
|-damage|p2b: Charizard|93/100|[from] Sandstorm
|upkeep
|turn|2
|
|t:|1784305016
|switch|p1b: Incineroar|Incineroar, L50, F|100/100
|-ability|p1b: Incineroar|Intimidate|boost
|-unboost|p2a: Basculegion|atk|1
|-unboost|p2b: Charizard|atk|1
|detailschange|p2b: Charizard|Charizard-Mega-Y, L50, M
|-mega|p2b: Charizard|Charizard|Charizardite Y
|-weather|SunnyDay|[from] ability: Drought|[of] p2b: Charizard
|move|p1a: Excadrill|Protect|p1a: Excadrill
|-singleturn|p1a: Excadrill|Protect
|move|p2a: Basculegion|Flip Turn|p1b: Incineroar
|-supereffective|p1b: Incineroar|1
|-crit|p1b: Incineroar
|-damage|p1b: Incineroar|52/100
|
|t:|1784305032
|switch|p2a: Venusaur|Venusaur, L50, F|100/100|[from] Flip Turn
|move|p2b: Charizard|Heat Wave|p1b: Incineroar|[spread] p1b
|-activate|p1a: Excadrill|move: Protect
|-resisted|p1b: Incineroar|1
|-damage|p1b: Incineroar|31/100
|-enditem|p1b: Incineroar|Sitrus Berry|[eat]
|-heal|p1b: Incineroar|56/100|[from] item: Sitrus Berry
|
|-weather|SunnyDay|[upkeep]
|upkeep
|turn|3
|inactive|wingblade33 has 30 seconds left.
|inactive|mickycesc4 has 30 seconds left.
|
|t:|1784305061
|switch|p2b: Pelipper|Pelipper, L50, F|100/100
|-weather|RainDance|[from] ability: Drizzle|[of] p2b: Pelipper
|switch|p1b: Tyranitar|Tyranitar-Mega, L50, F|100/100
|-weather|Sandstorm|[from] ability: Sand Stream|[of] p1b: Tyranitar
|move|p2a: Venusaur|Protect|p2a: Venusaur
|-singleturn|p2a: Venusaur|Protect
|move|p1a: Excadrill|Rock Slide|p2b: Pelipper|[spread] p2b
|-activate|p2a: Venusaur|move: Protect
|-supereffective|p2b: Pelipper|1
|-damage|p2b: Pelipper|56/100
|
|-weather|Sandstorm|[upkeep]
|-damage|p2a: Venusaur|94/100|[from] Sandstorm
|-damage|p2b: Pelipper|50/100g|[from] Sandstorm
|upkeep
|turn|4
|inactive|wingblade33 has 30 seconds left.
|inactive|wingblade33 has 20 seconds left.
|inactive|wingblade33 has 15 seconds left.
|inactive|wingblade33 has 10 seconds left.
|
|t:|1784305107
|switch|p2b: Charizard|Charizard-Mega-Y, L50, M|93/100
|-weather|SunnyDay|[from] ability: Drought|[of] p2b: Charizard
|move|p2a: Venusaur|Sleep Powder|p1b: Tyranitar
|-status|p1b: Tyranitar|slp|[from] move: Sleep Powder
|move|p1a: Excadrill|Iron Head|p2a: Venusaur
|-damage|p2a: Venusaur|30/100
|cant|p1b: Tyranitar|slp
|
|-weather|SunnyDay|[upkeep]
|upkeep
|turn|5
|inactive|mickycesc4 has 30 seconds left.
|
|t:|1784305134
|switch|p2b: Pelipper|Pelipper, L50, F|50/100g
|-weather|RainDance|[from] ability: Drizzle|[of] p2b: Pelipper
|switch|p1b: Incineroar|Incineroar, L50, F|56/100
|-ability|p1b: Incineroar|Intimidate|boost
|-unboost|p2a: Venusaur|atk|1
|-unboost|p2b: Pelipper|atk|1
|move|p1a: Excadrill|Protect|p1a: Excadrill
|-singleturn|p1a: Excadrill|Protect
|move|p2a: Venusaur|Earth Power|p1b: Incineroar
|-supereffective|p1b: Incineroar|1
|-damage|p1b: Incineroar|14/100
|
|-weather|RainDance|[upkeep]
|upkeep
|turn|6
|inactive|wingblade33 has 30 seconds left.
|
|t:|1784305166
|move|p2a: Venusaur|Protect|p2a: Venusaur
|-singleturn|p2a: Venusaur|Protect
|move|p1b: Incineroar|Fake Out|p2a: Venusaur
|-activate|p2a: Venusaur|move: Protect
|move|p1a: Excadrill|Rock Slide|p2a: Venusaur|[spread] p2b
|-activate|p2a: Venusaur|move: Protect
|-supereffective|p2b: Pelipper|1
|-damage|p2b: Pelipper|6/100
|-enditem|p2b: Pelipper|Sitrus Berry|[eat]
|-heal|p2b: Pelipper|30/100|[from] item: Sitrus Berry
|move|p2b: Pelipper|Tailwind|p2b: Pelipper
|-sidestart|p2: mickycesc4|move: Tailwind
|
|-weather|RainDance|[upkeep]
|upkeep
|turn|7
|inactive|wingblade33 has 30 seconds left.
|inactive|mickycesc4 has 30 seconds left.
|inactive|wingblade33 has 20 seconds left.
|inactive|wingblade33 has 15 seconds left.
|inactive|mickycesc4 has 20 seconds left.
|
|t:|1784305211
|move|p1a: Excadrill|Protect|p1a: Excadrill
|-singleturn|p1a: Excadrill|Protect
|move|p2a: Venusaur|Earth Power|p1b: Incineroar
|-supereffective|p1b: Incineroar|1
|-damage|p1b: Incineroar|0 fnt
|faint|p1b: Incineroar
|move|p2b: Pelipper|Weather Ball|p1a: Excadrill
|-activate|p1a: Excadrill|move: Protect
|
|-weather|RainDance|[upkeep]
|upkeep
|
|t:|1784305220
|switch|p1b: Tyranitar|Tyranitar-Mega, L50, F|100/100 slp
|-weather|Sandstorm|[from] ability: Sand Stream|[of] p1b: Tyranitar
|turn|8
|inactive|mickycesc4 has 30 seconds left.
|
|t:|1784305259
|switch|p1a: Gholdengo|Gholdengo, L50|100/100
|switch|p2b: Basculegion|Basculegion, L50, M|67/100
|move|p2a: Venusaur|Earth Power|p1a: Gholdengo
|-supereffective|p1a: Gholdengo|1
|-damage|p1a: Gholdengo|49/100
|-curestatus|p1b: Tyranitar|slp|[msg]
|move|p1b: Tyranitar|Rock Slide|p2a: Venusaur|[spread] p2a,p2b
|-damage|p2a: Venusaur|0 fnt
|-damage|p2b: Basculegion|28/100
|faint|p2a: Venusaur
|
|-weather|Sandstorm|[upkeep]
|-damage|p2b: Basculegion|22/100|[from] Sandstorm
|upkeep
|
|t:|1784305274
|switch|p2a: Pelipper|Pelipper, L50, F|30/100
|-weather|RainDance|[from] ability: Drizzle|[of] p2a: Pelipper
|turn|9
|
|t:|1784305286
|move|p1a: Gholdengo|Protect|p1a: Gholdengo
|-singleturn|p1a: Gholdengo|Protect
|move|p1b: Tyranitar|Protect|p1b: Tyranitar
|-singleturn|p1b: Tyranitar|Protect
|move|p2b: Basculegion|Last Respects|p1a: Gholdengo
|-activate|p1a: Gholdengo|move: Protect
|move|p2a: Pelipper|Weather Ball|p1b: Tyranitar
|-activate|p1b: Tyranitar|move: Protect
|
|-weather|RainDance|[upkeep]
|-sideend|p2: mickycesc4|move: Tailwind
|upkeep
|turn|10
|inactive|wingblade33 has 30 seconds left.
|inactive|wingblade33 has 20 seconds left.
|inactive|wingblade33 has 15 seconds left.
|inactive|wingblade33 has 10 seconds left.
|inactive|wingblade33 has 5 seconds left.
|
|t:|1784305337
|move|p2b: Basculegion|Last Respects|p1a: Gholdengo
|-supereffective|p1a: Gholdengo|1
|-damage|p1a: Gholdengo|0 fnt
|faint|p1a: Gholdengo
|move|p1b: Tyranitar|Knock Off|p2b: Basculegion
|-supereffective|p2b: Basculegion|1
|-damage|p2b: Basculegion|0 fnt
|-enditem|p2b: Basculegion|Choice Scarf|[from] move: Knock Off|[of] p1b: Tyranitar
|faint|p2b: Basculegion
|move|p2a: Pelipper|Tailwind|p2a: Pelipper
|-sidestart|p2: mickycesc4|move: Tailwind
|
|-weather|RainDance|[upkeep]
|upkeep
|inactive|mickycesc4 has 30 seconds left.
|inactive|mickycesc4 has 20 seconds left.
|
|t:|1784305372
|switch|p2b: Charizard|Charizard-Mega-Y, L50, M|93/100
|switch|p1a: Excadrill|Excadrill, L50, M|100/100
|-weather|SunnyDay|[from] ability: Drought|[of] p2b: Charizard
|turn|11
|inactive|wingblade33 has 30 seconds left.
|inactive|wingblade33 has 20 seconds left.
|inactive|wingblade33 has 15 seconds left.
|inactive|mickycesc4 has 30 seconds left.
|inactive|wingblade33 has 10 seconds left.
|
|t:|1784305422
|move|p2a: Pelipper|Wide Guard|p2a: Pelipper
|-singleturn|p2a: Pelipper|Wide Guard
|move|p2b: Charizard|Heat Wave|p1a: Excadrill|[spread] p1a,p1b
|-supereffective|p1a: Excadrill|1
|-crit|p1a: Excadrill
|-resisted|p1b: Tyranitar|1
|-enditem|p1a: Excadrill|Focus Sash
|-damage|p1a: Excadrill|1/100
|-damage|p1b: Tyranitar|76/100
|move|p1a: Excadrill|Rock Slide|p2a: Pelipper|[spread] 
|-activate|p2a: Pelipper|move: Wide Guard
|-activate|p2b: Charizard|move: Wide Guard
|move|p1b: Tyranitar|Knock Off|p2a: Pelipper
|-damage|p2a: Pelipper|0 fnt
|faint|p2a: Pelipper
|
|-weather|SunnyDay|[upkeep]
|upkeep
|turn|12
|
|t:|1784305440
|move|p2b: Charizard|Solar Beam||[still]
|-prepare|p2b: Charizard|Solar Beam
|-anim|p2b: Charizard|Solar Beam|p1b: Tyranitar
|-supereffective|p1b: Tyranitar|1
|-damage|p1b: Tyranitar|8/100
|move|p1a: Excadrill|Rock Slide|p2b: Charizard
|-supereffective|p2b: Charizard|2
|-damage|p2b: Charizard|0 fnt
|faint|p2b: Charizard
|
|win|wingblade33
|raw|wingblade33's rating: 1297 → 1315(+18 for winning)
|raw|mickycesc4's rating: 1204 → 1186(-18 for losing)
|c|☆mickycesc4|gg
|c|☆wingblade33|gg
