|j|☆cowboyoctopus
|j|☆Chocokoala VGC
|html|cowboyoctopusChocokoala VGC    
|uhtml|bestof|Game 3 of a best-of-3
|t:|1782492841
|gametype|doubles
|player|p1|cowboyoctopus|bellelba|1239
|player|p2|Chocokoala VGC|aaron|1256
|gen|9
|tier|[Gen 9 Champions] VGC 2026 Reg M-B (Bo3)
|rated|
|rule|Species Clause: Limit one of each Pokémon
|rule|Item Clause: Limit 1 of each item
|clearpoke
|poke|p1|Meganium, L50, F|
|poke|p1|Tyranitar, L50, F|
|poke|p1|Excadrill, L50, F|
|poke|p1|Aerodactyl, L50, F|
|poke|p1|Volcarona, L50, F|
|poke|p1|Sneasler, L50, F|
|poke|p2|Primarina, L50, F|
|poke|p2|Metagross, L50|
|poke|p2|Incineroar, L50, F|
|poke|p2|Sinistcha, L50|
|poke|p2|Aerodactyl, L50, M|
|poke|p2|Garchomp, L50, M|
|teampreview|4
|showteam|p1|Meganium||Meganiumite|Overgrow|SolarBeam,WeatherBall,Synthesis,Protect|Modest||F|||50|]Tyranitar||Tyranitarite|SandStream|RockSlide,KnockOff,LowKick,Protect|Brave||F|||50|]Excadrill||LifeOrb|SandRush|Earthquake,RockSlide,IronHead,Protect|Adamant||F|||50|]Aerodactyl||FocusSash|RockHead|RockSlide,DualWingbeat,StoneEdge,Protect|Jolly||F|||50|]Volcarona||SitrusBerry|FlameBody|RagePowder,HeatWave,WillOWisp,Protect|Bold||F|||50|]Sneasler||WhiteHerb|Unburden|FakeOut,DireClaw,CloseCombat,Protect|Jolly||F|||50|
|showteam|p2|Primarina||Leftovers|LiquidVoice|HyperVoice,Moonblast,Protect,CalmMind|Modest||F|||50|]Metagross||Metagrossite|ClearBody|MeteorMash,PsychicFangs,Protect,StompingTantrum|Adamant|||||50|]Incineroar||SitrusBerry|Intimidate|FakeOut,PartingShot,FlareBlitz,ThroatChop|Careful||F|||50|]Sinistcha||KasibBerry|Hospitality|MatchaGotcha,RagePowder,LifeDew,TrickRoom|Sassy|||||50|]Aerodactyl||Aerodactylite|RockHead|RockSlide,DualWingbeat,Protect,Tailwind|Jolly||M|||50|]Garchomp||LifeOrb|RoughSkin|Earthquake,StompingTantrum,Protect,DragonClaw|Adamant||M|||50|
|inactive|Battle timer is ON: inactive players will automatically lose when time's up. (requested by cowboyoctopus)
|inactive|Chocokoala VGC also wants the timer to be on.
|inactive|cowboyoctopus has 60 seconds left.
|
|t:|1782492872
|teamsize|p1|4
|teamsize|p2|4
|start
|switch|p1a: Aerodactyl|Aerodactyl, L50, F|100/100
|switch|p1b: Sneasler|Sneasler, L50, F|100/100
|switch|p2a: Aerodactyl|Aerodactyl, L50, M|100/100
|switch|p2b: Garchomp|Garchomp, L50, M|100/100
|turn|1
|
|t:|1782492888
|detailschange|p2a: Aerodactyl|Aerodactyl-Mega, L50, M
|-mega|p2a: Aerodactyl|Aerodactyl|Aerodactylite
|move|p2a: Aerodactyl|Protect|p2a: Aerodactyl
|-singleturn|p2a: Aerodactyl|Protect
|move|p1b: Sneasler|Fake Out|p2a: Aerodactyl
|-activate|p2a: Aerodactyl|move: Protect
|move|p1a: Aerodactyl|Stone Edge|p2a: Aerodactyl
|-activate|p2a: Aerodactyl|move: Protect
|move|p2b: Garchomp|Dragon Claw|p1a: Aerodactyl
|-damage|p1a: Aerodactyl|7/100
|-damage|p2b: Garchomp|90/100|[from] item: Life Orb
|
|upkeep
|turn|2
|
|t:|1782492903
|move|p2a: Aerodactyl|Rock Slide|p1a: Aerodactyl|[spread] p1a,p1b
|-supereffective|p1a: Aerodactyl|1
|-resisted|p1b: Sneasler|1
|-crit|p1b: Sneasler
|-damage|p1a: Aerodactyl|0 fnt
|-damage|p1b: Sneasler|63/100
|faint|p1a: Aerodactyl
|move|p1b: Sneasler|Close Combat|p2a: Aerodactyl
|-damage|p2a: Aerodactyl|17/100
|-unboost|p1b: Sneasler|def|1
|-unboost|p1b: Sneasler|spd|1
|-enditem|p1b: Sneasler|White Herb
|-clearnegativeboost|p1b: Sneasler|[silent]
|move|p2b: Garchomp|Stomping Tantrum|p1b: Sneasler
|-supereffective|p1b: Sneasler|1
|-damage|p1b: Sneasler|0 fnt
|faint|p1b: Sneasler
|-damage|p2b: Garchomp|80/100|[from] item: Life Orb
|
|upkeep
|
|t:|1782492912
|switch|p1a: Meganium|Meganium, L50, F|100/100
|switch|p1b: Volcarona|Volcarona, L50, F|100/100
|turn|3
|
|t:|1782492925
|detailschange|p1a: Meganium|Meganium-Mega, L50, F
|-mega|p1a: Meganium|Meganium|Meganiumite
|move|p2a: Aerodactyl|Protect|p2a: Aerodactyl
|-singleturn|p2a: Aerodactyl|Protect
|move|p2b: Garchomp|Protect|p2b: Garchomp
|-singleturn|p2b: Garchomp|Protect
|move|p1b: Volcarona|Protect|p1b: Volcarona
|-singleturn|p1b: Volcarona|Protect
|move|p1a: Meganium|Weather Ball|p2a: Aerodactyl
|-activate|p2a: Aerodactyl|move: Protect
|
|upkeep
|turn|4
|
|t:|1782492938
|move|p2a: Aerodactyl|Rock Slide|p1b: Volcarona|[spread] p1a,p1b
|-supereffective|p1b: Volcarona|2
|-damage|p1a: Meganium|77/100
|-damage|p1b: Volcarona|0 fnt
|faint|p1b: Volcarona
|move|p2b: Garchomp|Earthquake|p1a: Meganium|[spread] p1a
|-immune|p2a: Aerodactyl
|-resisted|p1a: Meganium|1
|-damage|p1a: Meganium|51/100
|-damage|p2b: Garchomp|70/100|[from] item: Life Orb
|cant|p1a: Meganium|flinch
|
|upkeep
|turn|5
|-message|cowboyoctopus forfeited.
|
|win|Chocokoala VGC
|raw|cowboyoctopus's rating: 1239 → 1215(-24 for losing)
|raw|Chocokoala VGC's rating: 1256 → 1280(+24 for winning)
