|j|☆XS_Alpaca
|j|☆labubumechanics
|html|XS_Alpacalabubumechanics    
|uhtml|bestof|Game 2 of a best-of-3
|t:|1785038161
|gametype|doubles
|player|p1|XS_Alpaca|170|1059
|player|p2|labubumechanics|265|1154
|gen|9
|tier|[Gen 9 Champions] VGC 2026 Reg M-B (Bo3)
|rated|
|rule|Species Clause: Limit one of each Pokémon
|rule|Item Clause: Limit 1 of each item
|clearpoke
|poke|p1|Aerodactyl, L50, M|
|poke|p1|Kingambit, L50, M|
|poke|p1|Sylveon, L50, M|
|poke|p1|Garchomp, L50, M|
|poke|p1|Charizard, L50, M|
|poke|p1|Incineroar, L50, M|
|poke|p2|Sinistcha, L50|
|poke|p2|Excadrill, L50, F, shiny|
|poke|p2|Tyranitar, L50, F, shiny|
|poke|p2|Grimmsnarl, L50, M, shiny|
|poke|p2|Scovillain, L50, M, shiny|
|poke|p2|Basculegion, L50, M|
|teampreview|4
|showteam|p1|Aerodactyl||Aerodactylite|Unnerve|RockSlide,IceFang,Tailwind,WideGuard|Jolly||M|||50|]Kingambit||FocusSash|Defiant|KowtowCleave,SuckerPunch,IronHead,Protect|Adamant||M|||50|]Sylveon||FairyFeather|Pixilate|Detect,HyperVoice,HyperBeam,QuickAttack|Modest||M|||50|]Garchomp||LifeOrb|RoughSkin|Earthquake,DragonClaw,StompingTantrum,Protect|Jolly||M|||50|]Charizard||CharizarditeY|Blaze|Protect,HeatWave,SolarBeam,WeatherBall|Modest||M|||50|]Incineroar||SitrusBerry|Intimidate|DarkestLariat,FlareBlitz,FakeOut,PartingShot|Impish||M|||50|
|showteam|p2|Sinistcha||SitrusBerry|Hospitality|MatchaGotcha,RagePowder,StrengthSap,TrickRoom|Bold|||||50|]Excadrill||LifeOrb|SandRush|HighHorsepower,RockSlide,IronHead,Protect|Adamant||F|||50|]Tyranitar||Tyranitarite|SandStream|DragonDance,RockSlide,KnockOff,Protect|Jolly||F|||50|]Grimmsnarl||LightClay|Prankster|SpiritBreak,LightScreen,Reflect,PartingShot|Impish||M|||50|]Scovillain||Scovillainite|Moody|Protect,RagePowder,Overheat,EnergyBall|Bold||M|||50|]Basculegion||ChoiceScarf|Adaptability|WaveCrash,LastRespects,AquaJet,FlipTurn|Adamant||M|||50|
|
|t:|1785038198
|teamsize|p1|4
|teamsize|p2|4
|start
|switch|p1a: Aerodactyl|Aerodactyl, L50, M|100/100
|switch|p1b: Sylveon|Sylveon, L50, M|100/100
|switch|p2a: Grimmsnarl|Grimmsnarl, L50, M, shiny|100/100
|switch|p2b: Scovillain|Scovillain, L50, M, shiny|100/100
|-ability|p1a: Aerodactyl|Unnerve
|turn|1
|
|t:|1785038215
|detailschange|p1a: Aerodactyl|Aerodactyl-Mega, L50, M
|-mega|p1a: Aerodactyl|Aerodactyl|Aerodactylite
|detailschange|p2b: Scovillain|Scovillain-Mega, L50, M, shiny
|-mega|p2b: Scovillain|Scovillain|Scovillainite
|move|p2a: Grimmsnarl|Light Screen|p2a: Grimmsnarl
|-sidestart|p2: labubumechanics|move: Light Screen
|move|p1a: Aerodactyl|Rock Slide|p2b: Scovillain|[spread] p2a,p2b
|-supereffective|p2b: Scovillain|1
|-damage|p2a: Grimmsnarl|76/100
|-damage|p2b: Scovillain|43/100
|-status|p1a: Aerodactyl|brn|[from] ability: Spicy Spray|[of] p2b: Scovillain
|move|p1b: Sylveon|Hyper Voice|p2a: Grimmsnarl|[spread] p2a,p2b
|-supereffective|p2a: Grimmsnarl|1
|-resisted|p2b: Scovillain|1
|-damage|p2a: Grimmsnarl|16/100
|-damage|p2b: Scovillain|28/100
|-status|p1b: Sylveon|brn|[from] ability: Spicy Spray|[of] p2b: Scovillain
|move|p2b: Scovillain|Energy Ball|p1a: Aerodactyl
|-damage|p1a: Aerodactyl|61/100 brn
|
|-damage|p1a: Aerodactyl|55/100 brn|[from] brn
|-damage|p1b: Sylveon|94/100 brn|[from] brn
|upkeep
|turn|2
|
|t:|1785038260
|move|p2b: Scovillain|Protect|p2b: Scovillain
|-singleturn|p2b: Scovillain|Protect
|move|p2a: Grimmsnarl|Reflect|p2a: Grimmsnarl
|-sidestart|p2: labubumechanics|Reflect
|move|p1a: Aerodactyl|Rock Slide|p2a: Grimmsnarl|[spread] p2a
|-activate|p2b: Scovillain|move: Protect
|-damage|p2a: Grimmsnarl|8/100
|move|p1b: Sylveon|Hyper Voice|p2a: Grimmsnarl|[spread] p2a
|-activate|p2b: Scovillain|move: Protect
|-supereffective|p2a: Grimmsnarl|1
|-damage|p2a: Grimmsnarl|0 fnt
|faint|p2a: Grimmsnarl
|
|-damage|p1a: Aerodactyl|49/100 brn|[from] brn
|-damage|p1b: Sylveon|88/100 brn|[from] brn
|upkeep
|
|t:|1785038274
|switch|p2a: Excadrill|Excadrill, L50, F, shiny|100/100
|turn|3
|
|t:|1785038282
|switch|p2b: Tyranitar|Tyranitar, L50, F, shiny|100/100
|-weather|Sandstorm|[from] ability: Sand Stream|[of] p2b: Tyranitar
|move|p2a: Excadrill|Iron Head|p1a: Aerodactyl
|-supereffective|p1a: Aerodactyl|1
|-damage|p1a: Aerodactyl|0 fnt
|faint|p1a: Aerodactyl
|-damage|p2a: Excadrill|90/100|[from] item: Life Orb
|move|p1b: Sylveon|Hyper Voice|p2a: Excadrill|[spread] p2a,p2b
|-resisted|p2a: Excadrill|1
|-supereffective|p2b: Tyranitar|1
|-damage|p2a: Excadrill|70/100
|-damage|p2b: Tyranitar|62/100
|
|-weather|Sandstorm|[upkeep]
|-damage|p1b: Sylveon|82/100 brn|[from] Sandstorm
|-damage|p1b: Sylveon|76/100 brn|[from] brn
|upkeep
|inactive|Battle timer is ON: inactive players will automatically lose when time's up. (requested by labubumechanics)
|c|☆labubumechanics|forfeit?
|c|☆labubumechanics|surrender??
|inactive|XS_Alpaca has 60 seconds left.
|inactive|XS_Alpaca has 30 seconds left.
|inactive|XS_Alpaca has 20 seconds left.
|inactive|XS_Alpaca has 15 seconds left.
|inactive|XS_Alpaca has 10 seconds left.
|inactive|XS_Alpaca has 5 seconds left.
|
|t:|1785038506
|switch|p1a: Incineroar|Incineroar, L50, M|100/100
|-ability|p1a: Incineroar|Intimidate|boost
|-unboost|p2a: Excadrill|atk|1
|-unboost|p2b: Tyranitar|atk|1
|turn|4
|inactive|XS_Alpaca has 30 seconds left.
|inactive|labubumechanics has 30 seconds left.
|inactive|XS_Alpaca has 20 seconds left.
|inactive|XS_Alpaca has 15 seconds left.
|inactive|XS_Alpaca has 10 seconds left.
|inactive|XS_Alpaca has 5 seconds left.
|
|t:|1785038561
|move|p1b: Sylveon|Detect|p1b: Sylveon
|-singleturn|p1b: Sylveon|Protect
|move|p2a: Excadrill|Iron Head|p1b: Sylveon
|-activate|p1b: Sylveon|move: Protect
|move|p2b: Tyranitar|Knock Off|p1b: Sylveon
|-activate|p1b: Sylveon|move: Protect
|move|p1a: Incineroar|Darkest Lariat|p2b: Tyranitar
|-resisted|p2b: Tyranitar|1
|-damage|p2b: Tyranitar|52/100
|
|-weather|Sandstorm|[upkeep]
|-damage|p1b: Sylveon|70/100 brn|[from] Sandstorm
|-damage|p1a: Incineroar|94/100|[from] Sandstorm
|-damage|p1b: Sylveon|64/100 brn|[from] brn
|upkeep
|turn|5
|inactive|XS_Alpaca has 30 seconds left.
|inactive|XS_Alpaca has 20 seconds left.
|inactive|XS_Alpaca has 15 seconds left.
|inactive|XS_Alpaca has 10 seconds left.
|inactive|XS_Alpaca has 5 seconds left.
|
|t:|1785038616
|move|p1b: Sylveon|Detect||[still]
|-fail|p1b: Sylveon
|move|p2a: Excadrill|Iron Head|p1b: Sylveon
|-supereffective|p1b: Sylveon|1
|-damage|p1b: Sylveon|0 fnt
|faint|p1b: Sylveon
|-damage|p2a: Excadrill|60/100|[from] item: Life Orb
|move|p2b: Tyranitar|Dragon Dance|p2b: Tyranitar
|-boost|p2b: Tyranitar|atk|1
|-boost|p2b: Tyranitar|spe|1
|move|p1a: Incineroar|Darkest Lariat|p2a: Excadrill
|-damage|p2a: Excadrill|28/100
|
|-weather|Sandstorm|[upkeep]
|-damage|p1a: Incineroar|88/100|[from] Sandstorm
|upkeep
|inactive|XS_Alpaca has 30 seconds left.
|inactive|XS_Alpaca has 20 seconds left.
|inactive|XS_Alpaca has 15 seconds left.
|inactive|XS_Alpaca has 10 seconds left.
|inactive|XS_Alpaca has 5 seconds left.
|
|t:|1785038671
|switch|p1b: Garchomp|Garchomp, L50, M|100/100
|turn|6
|inactive|XS_Alpaca has 30 seconds left.
|inactive|XS_Alpaca has 20 seconds left.
|inactive|labubumechanics has 30 seconds left.
|inactive|XS_Alpaca has 15 seconds left.
|inactive|XS_Alpaca has 10 seconds left.
|inactive|XS_Alpaca has 5 seconds left.
|inactive|labubumechanics has 20 seconds left.
|inactive|labubumechanics has 15 seconds left.
|
|t:|1785038732
|move|p2a: Excadrill|High Horsepower|p1b: Garchomp
|-damage|p1b: Garchomp|50/100g
|-damage|p2a: Excadrill|16/100|[from] ability: Rough Skin|[of] p1b: Garchomp
|-damage|p2a: Excadrill|6/100|[from] item: Life Orb
|move|p2b: Tyranitar|Knock Off|p1b: Garchomp
|-damage|p1b: Garchomp|3/100
|-damage|p2b: Tyranitar|40/100|[from] ability: Rough Skin|[of] p1b: Garchomp
|-enditem|p1b: Garchomp|Life Orb|[from] move: Knock Off|[of] p2b: Tyranitar
|move|p1b: Garchomp|Earthquake|p2a: Excadrill|[spread] p1a,p2a,p2b
|-supereffective|p1a: Incineroar|1
|-supereffective|p2a: Excadrill|1
|-supereffective|p2b: Tyranitar|1
|-damage|p1a: Incineroar|37/100
|-damage|p2a: Excadrill|0 fnt
|-damage|p2b: Tyranitar|0 fnt
|-enditem|p1a: Incineroar|Sitrus Berry|[eat]
|-heal|p1a: Incineroar|62/100|[from] item: Sitrus Berry
|faint|p2a: Excadrill
|faint|p2b: Tyranitar
|move|p1a: Incineroar|Darkest Lariat|p2: Excadrill|[notarget]
|-fail|p1a: Incineroar
|
|-weather|Sandstorm|[upkeep]
|-damage|p1a: Incineroar|56/100|[from] Sandstorm
|upkeep
|
|t:|1785038746
|switch|p2b: Scovillain|Scovillain-Mega, L50, M, shiny|28/100
|turn|7
|-message|labubumechanics forfeited.
|
|win|XS_Alpaca
