|j|☆trundlorb
|j|☆gordon1357924681
|html|trundlorbgordon1357924681    
|uhtml|bestof|Game 1 of a best-of-3
|t:|1785906643
|gametype|doubles
|player|p1|trundlorb|170|1125
|player|p2|gordon1357924681|parasollady|1183
|gen|9
|tier|[Gen 9 Champions] VGC 2026 Reg M-B (Bo3)
|rated|
|rule|Species Clause: Limit one of each Pokémon
|rule|Item Clause: Limit 1 of each item
|clearpoke
|poke|p1|Raichu, L50, F|
|poke|p1|Staraptor, L50, F|
|poke|p1|Arcanine-Hisui, L50, M|
|poke|p1|Farigiraf, L50, M|
|poke|p1|Sylveon, L50, F|
|poke|p1|Kingambit, L50, M|
|poke|p2|Politoed, L50, M|
|poke|p2|Gengar, L50, F|
|poke|p2|Incineroar, L50, F|
|poke|p2|Vivillon-Fancy, L50, M|
|poke|p2|Swampert, L50, M|
|poke|p2|Kommo-o, L50, M|
|teampreview|4
|showteam|p1|Raichu||RaichuniteY|LightningRod|ZapCannon,FocusBlast,FakeOut,Protect|Timid||F|||50|]Staraptor||Staraptite|Intimidate|CloseCombat,DualWingbeat,Tailwind,Protect|Jolly||F|||50|]Arcanine-Hisui||FocusSash|RockHead|FlareBlitz,HeadSmash,ExtremeSpeed,Protect|Jolly||M|||50|]Farigiraf||SitrusBerry|ArmorTail|Psychic,HelpingHand,TrickRoom,Protect|Calm||M|||50|]Sylveon||FairyFeather|Pixilate|HyperVoice,QuickAttack,HyperBeam,Detect|Modest||F|||50|]Kingambit||LifeOrb|Defiant|KowtowCleave,SuckerPunch,SwordsDance,Protect|Adamant||M|||50|
|showteam|p2|Politoed||SitrusBerry|Drizzle|Protect,PerishSong,WeatherBall,HelpingHand|Bold||M|||50|]Gengar||Gengarite|CursedBody|PerishSong,Protect,ShadowBall,SludgeBomb|Timid||F|||50|]Incineroar||PasshoBerry|Intimidate|Protect,PartingShot,DarkestLariat,FakeOut|Bold||F|||50|]Vivillon-Fancy||FocusSash|CompoundEyes|Protect,SleepPowder,RagePowder,Hurricane|Timid||M|||50|]Swampert||Swampertite|Torrent|WaveCrash,IcePunch,HighHorsepower,Protect|Adamant||M|||50|]Kommo-o||Leftovers|Soundproof|ClangingScales,Protect,AuraSphere,ClangorousSoul|Modest||M|||50|
|inactive|Battle timer is ON: inactive players will automatically lose when time's up. (requested by trundlorb)
|inactive|trundlorb has 60 seconds left.
|inactive|gordon1357924681 has 60 seconds left.
|
|t:|1785906698
|teamsize|p1|4
|teamsize|p2|4
|start
|switch|p1a: Staraptor|Staraptor, L50, F|100/100
|switch|p1b: Farigiraf|Farigiraf, L50, M|100/100
|switch|p2a: Swampert|Swampert, L50, M|100/100
|switch|p2b: Vivillon|Vivillon-Fancy, L50, M|100/100
|-ability|p1a: Staraptor|Intimidate|boost
|-unboost|p2a: Swampert|atk|1
|-unboost|p2b: Vivillon|atk|1
|turn|1
|inactive|trundlorb has 30 seconds left.
|inactive|gordon1357924681 has 30 seconds left.
|inactive|trundlorb has 20 seconds left.
|inactive|gordon1357924681 has 20 seconds left.
|inactive|trundlorb has 15 seconds left.
|inactive|gordon1357924681 has 15 seconds left.
|
|t:|1785906741
|detailschange|p1a: Staraptor|Staraptor-Mega, L50, F
|-mega|p1a: Staraptor|Staraptor|Staraptite
|detailschange|p2a: Swampert|Swampert-Mega, L50, M
|-mega|p2a: Swampert|Swampert|Swampertite
|move|p1a: Staraptor|Protect|p1a: Staraptor
|-singleturn|p1a: Staraptor|Protect
|move|p2b: Vivillon|Sleep Powder|p1b: Farigiraf
|-status|p1b: Farigiraf|slp|[from] move: Sleep Powder
|move|p2a: Swampert|Wave Crash|p1a: Staraptor
|-activate|p1a: Staraptor|move: Protect
|cant|p1b: Farigiraf|slp
|
|upkeep
|turn|2
|inactive|gordon1357924681 has 30 seconds left.
|inactive|gordon1357924681 has 20 seconds left.
|inactive|gordon1357924681 has 15 seconds left.
|inactive|gordon1357924681 has 10 seconds left.
|inactive|gordon1357924681 has 5 seconds left.
|
|t:|1785906794
|switch|p2b: Politoed|Politoed, L50, M|100/100
|-weather|RainDance|[from] ability: Drizzle|[of] p2b: Politoed
|cant|p1b: Farigiraf|slp
|move|p2a: Swampert|Wave Crash|p1a: Staraptor
|-damage|p1a: Staraptor|21/100
|-damage|p2a: Swampert|74/100|[from] Recoil
|move|p1a: Staraptor|Dual Wingbeat|p2b: Politoed
|-damage|p2b: Politoed|81/100
|-damage|p2b: Politoed|64/100
|-hitcount|p2b: Politoed|2
|
|-weather|RainDance|[upkeep]
|upkeep
|turn|3
|inactive|gordon1357924681 has 30 seconds left.
|
|t:|1785906822
|switch|p2b: Vivillon|Vivillon-Fancy, L50, M|100/100
|move|p1a: Staraptor|Protect|p1a: Staraptor
|-singleturn|p1a: Staraptor|Protect
|move|p2a: Swampert|Wave Crash|p1a: Staraptor
|-activate|p1a: Staraptor|move: Protect
|-curestatus|p1b: Farigiraf|slp|[msg]
|move|p1b: Farigiraf|Trick Room|p1b: Farigiraf
|-fieldstart|move: Trick Room|[of] p1b: Farigiraf
|
|-weather|RainDance|[upkeep]
|upkeep
|turn|4
|inactive|gordon1357924681 has 30 seconds left.
|inactive|gordon1357924681 has 20 seconds left.
|inactive|gordon1357924681 has 15 seconds left.
|inactive|gordon1357924681 has 10 seconds left.
|
|t:|1785906868
|switch|p2a: Politoed|Politoed, L50, M|64/100
|move|p1b: Farigiraf|Helping Hand|p1a: Staraptor
|-singleturn|p1a: Staraptor|Helping Hand|[of] p1b: Farigiraf
|move|p2b: Vivillon|Hurricane|p1a: Staraptor
|-supereffective|p1a: Staraptor|1
|-damage|p1a: Staraptor|0 fnt
|faint|p1a: Staraptor
|
|-weather|RainDance|[upkeep]
|upkeep
|
|t:|1785906878
|switch|p1a: Sylveon|Sylveon, L50, F|100/100
|turn|5
|inactive|gordon1357924681 has 30 seconds left.
|
|t:|1785906908
|move|p2a: Politoed|Protect|p2a: Politoed
|-singleturn|p2a: Politoed|Protect
|move|p1b: Farigiraf|Psychic|p2b: Vivillon
|-damage|p2b: Vivillon|32/100
|-unboost|p2b: Vivillon|spd|1
|move|p1a: Sylveon|Hyper Voice|p2a: Politoed|[spread] p2b
|-activate|p2a: Politoed|move: Protect
|-damage|p2b: Vivillon|0 fnt
|faint|p2b: Vivillon
|
|-weather|RainDance|[upkeep]
|upkeep
|
|t:|1785906922
|switch|p2b: Swampert|Swampert-Mega, L50, M|74/100
|turn|6
|
|t:|1785906946
|move|p1b: Farigiraf|Helping Hand|p1a: Sylveon
|-singleturn|p1a: Sylveon|Helping Hand|[of] p1b: Farigiraf
|move|p2b: Swampert|Protect|p2b: Swampert
|-singleturn|p2b: Swampert|Protect
|move|p1a: Sylveon|Hyper Voice|p2b: Swampert|[spread] p2a
|-activate|p2b: Swampert|move: Protect
|-damage|p2a: Politoed|0 fnt
|faint|p2a: Politoed
|
|-weather|none
|upkeep
|
|t:|1785906958
|switch|p2a: Kommo-o|Kommo-o, L50, M|100/100
|turn|7
|
|t:|1785906973
|move|p1b: Farigiraf|Helping Hand|p1a: Sylveon
|-singleturn|p1a: Sylveon|Helping Hand|[of] p1b: Farigiraf
|move|p2a: Kommo-o|Protect|p2a: Kommo-o
|-singleturn|p2a: Kommo-o|Protect
|move|p2b: Swampert|Protect|p2b: Swampert
|-singleturn|p2b: Swampert|Protect
|move|p1a: Sylveon|Hyper Voice|p2b: Swampert|[spread] 
|-activate|p2a: Kommo-o|move: Protect
|-activate|p2b: Swampert|move: Protect
|
|-fieldend|move: Trick Room
|upkeep
|turn|8
|inactive|trundlorb has 30 seconds left.
|inactive|gordon1357924681 has 30 seconds left.
|inactive|trundlorb has 20 seconds left.
|inactive|trundlorb has 15 seconds left.
|
|t:|1785907016
|move|p1a: Sylveon|Detect|p1a: Sylveon
|-singleturn|p1a: Sylveon|Protect
|move|p2b: Swampert|Wave Crash|p1b: Farigiraf
|-damage|p1b: Farigiraf|30/100
|-enditem|p1b: Farigiraf|Sitrus Berry|[eat]
|-heal|p1b: Farigiraf|55/100|[from] item: Sitrus Berry
|-damage|p2b: Swampert|45/100|[from] Recoil
|move|p2a: Kommo-o|Clanging Scales|p1b: Farigiraf|[spread] p1b
|-activate|p1a: Sylveon|move: Protect
|-damage|p1b: Farigiraf|21/100
|-unboost|p2a: Kommo-o|def|1
|move|p1b: Farigiraf|Trick Room|p1b: Farigiraf
|-fieldstart|move: Trick Room|[of] p1b: Farigiraf
|
|upkeep
|turn|9
|-message|gordon1357924681 forfeited.
|
|win|trundlorb
|l|☆gordon1357924681
|player|p2|
