|j|☆vealoe
|j|☆pepelniciq2
|html|vealoepepelniciq2    
|uhtml|bestof|Game 1 of a best-of-3
|t:|1782542488
|gametype|doubles
|player|p1|vealoe|emma|1058
|player|p2|pepelniciq2|miku-ghost|1144
|gen|9
|tier|[Gen 9 Champions] VGC 2026 Reg M-B (Bo3)
|rated|
|rule|Species Clause: Limit one of each Pokémon
|rule|Item Clause: Limit 1 of each item
|clearpoke
|poke|p1|Torkoal, L50, M|
|poke|p1|Drampa, L50, F|
|poke|p1|Crabominable, L50, M|
|poke|p1|Cofagrigus, L50, M|
|poke|p1|Snorlax, L50, M|
|poke|p1|Klefki, L50, M|
|poke|p2|Pyroar, L50, M, shiny|
|poke|p2|Floette-Eternal, L50, F, shiny|
|poke|p2|Ninetales, L50, M, shiny|
|poke|p2|Whimsicott, L50, M, shiny|
|poke|p2|Basculegion, L50, M, shiny|
|poke|p2|Farigiraf, L50, M, shiny|
|teampreview|4
|showteam|p1|Torkoal||Charcoal|Drought|Eruption,Yawn,Protect,RapidSpin|Bold||M|||50|]Drampa||Drampanite|Berserk|HyperVoice,DracoMeteor,Thunderbolt,IceBeam|Modest||F|||50|]Crabominable||Crabominite|IronFist|IceHammer,DrainPunch,ThunderPunch,RockSlide|Adamant||M|||50|]Cofagrigus||MentalHerb|Mummy|Haze,TrickRoom,WillOWisp,Disable|Relaxed||M|||50|]Snorlax||SitrusBerry|ThickFat|BellyDrum,BodySlam,HighHorsepower,IcePunch|Adamant||M|||50|]Klefki||LightClay|Prankster|TrickRoom,Reflect,LightScreen,FoulPlay|Relaxed||M|||50|
|showteam|p2|Pyroar||Pyroarite|Unnerve|Overheat,HeatWave,SolarBeam,Protect|Timid||M|||50|]Floette-Eternal||Floettite|FlowerVeil|LightofRuin,DazzlingGleam,Moonblast,Protect|Modest||F|||50|]Ninetales||ChoiceScarf|Drought|WeatherBall,HeatWave,SolarBeam,FakeTears|Modest||M|||50|]Whimsicott||FocusSash|Prankster|Moonblast,SunnyDay,Tailwind,Protect|Timid||M|||50|]Basculegion||LifeOrb|Adaptability|WaveCrash,AquaJet,LastRespects,Protect|Adamant||M|||50|]Farigiraf||SitrusBerry|ArmorTail|Psychic,Thunderbolt,TrickRoom,HelpingHand|Bold||M|||50|
|
|t:|1782542544
|teamsize|p1|4
|teamsize|p2|4
|start
|switch|p1a: Cofagrigus|Cofagrigus, L50, M|100/100
|switch|p1b: Snorlax|Snorlax, L50, M|100/100
|switch|p2a: Farigiraf|Farigiraf, L50, M, shiny|100/100
|switch|p2b: Floette|Floette-Eternal, L50, F, shiny|100/100
|turn|1
|
|t:|1782542576
|detailschange|p2b: Floette|Floette-Mega, L50, F, shiny
|-mega|p2b: Floette|Floette|Floettite
|-ability|p2b: Floette|Fairy Aura
|move|p2a: Farigiraf|Helping Hand|p2b: Floette
|-singleturn|p2b: Floette|Helping Hand|[of] p2a: Farigiraf
|move|p2b: Floette|Dazzling Gleam|p1a: Cofagrigus|[spread] p1a,p1b
|-damage|p1a: Cofagrigus|33/100
|-damage|p1b: Snorlax|49/100
|-enditem|p1b: Snorlax|Sitrus Berry|[eat]
|-heal|p1b: Snorlax|74/100|[from] item: Sitrus Berry
|move|p1b: Snorlax|Belly Drum|p1b: Snorlax
|-damage|p1b: Snorlax|24/100
|-setboost|p1b: Snorlax|atk|6|[from] move: Belly Drum
|move|p1a: Cofagrigus|Trick Room|p1a: Cofagrigus
|-fieldstart|move: Trick Room|[of] p1a: Cofagrigus
|
|upkeep
|turn|2
|
|t:|1782542595
|move|p2b: Floette|Protect|p2b: Floette
|-singleturn|p2b: Floette|Protect
|move|p1a: Cofagrigus|Disable|p2b: Floette
|-activate|p2b: Floette|move: Protect
|move|p1b: Snorlax|Body Slam|p2a: Farigiraf
|-damage|p2a: Farigiraf|0 fnt
|faint|p2a: Farigiraf
|
|upkeep
|
|t:|1782542604
|switch|p2a: Basculegion|Basculegion, L50, M, shiny|100/100
|turn|3
|
|t:|1782542612
|switch|p2b: Ninetales|Ninetales, L50, M, shiny|100/100
|-weather|SunnyDay|[from] ability: Drought|[of] p2b: Ninetales
|move|p2a: Basculegion|Aqua Jet|p1b: Snorlax
|-crit|p1b: Snorlax
|-damage|p1b: Snorlax|1/100
|-damage|p2a: Basculegion|90/100|[from] item: Life Orb
|move|p1a: Cofagrigus|Will-O-Wisp|p2a: Basculegion
|-status|p2a: Basculegion|brn
|move|p1b: Snorlax|Body Slam|p2b: Ninetales
|-damage|p2b: Ninetales|0 fnt
|faint|p2b: Ninetales
|
|-weather|SunnyDay|[upkeep]
|-damage|p2a: Basculegion|84/100 brn|[from] brn
|upkeep
|
|t:|1782542618
|switch|p2b: Floette|Floette-Mega, L50, F, shiny|100/100
|-ability|p2b: Floette|Fairy Aura
|turn|4
|
|t:|1782542640
|move|p2a: Basculegion|Aqua Jet|p1b: Snorlax
|-crit|p1b: Snorlax
|-damage|p1b: Snorlax|0 fnt
|faint|p1b: Snorlax
|-damage|p2a: Basculegion|74/100 brn|[from] item: Life Orb
|move|p1a: Cofagrigus|Disable|p2a: Basculegion
|-start|p2a: Basculegion|Disable|Aqua Jet
|move|p2b: Floette|Moonblast|p1a: Cofagrigus
|-damage|p1a: Cofagrigus|0 fnt
|faint|p1a: Cofagrigus
|
|-weather|SunnyDay|[upkeep]
|-damage|p2a: Basculegion|68/100 brn|[from] brn
|upkeep
|
|t:|1782542644
|switch|p1a: Drampa|Drampa, L50, F|100/100
|switch|p1b: Torkoal|Torkoal, L50, M|100/100
|turn|5
|
|t:|1782542653
|detailschange|p1a: Drampa|Drampa-Mega, L50, F
|-mega|p1a: Drampa|Drampa|Drampanite
|move|p2a: Basculegion|Protect|p2a: Basculegion
|-singleturn|p2a: Basculegion|Protect
|move|p2b: Floette|Protect|p2b: Floette
|-singleturn|p2b: Floette|Protect
|move|p1b: Torkoal|Eruption|p2a: Basculegion|[spread] 
|-activate|p2a: Basculegion|move: Protect
|-activate|p2b: Floette|move: Protect
|move|p1a: Drampa|Hyper Voice|p2b: Floette|[spread] 
|-activate|p2a: Basculegion|move: Protect
|-activate|p2b: Floette|move: Protect
|
|-weather|SunnyDay|[upkeep]
|-damage|p2a: Basculegion|62/100 brn|[from] brn
|-fieldend|move: Trick Room
|upkeep
|turn|6
|
|t:|1782542671
|move|p2b: Floette|Light of Ruin|p1a: Drampa
|-supereffective|p1a: Drampa|1
|-damage|p1a: Drampa|0 fnt
|faint|p1a: Drampa
|-damage|p2b: Floette|38/100|[from] Recoil
|move|p2a: Basculegion|Wave Crash|p1b: Torkoal
|-supereffective|p1b: Torkoal|1
|-damage|p1b: Torkoal|70/100
|-damage|p2a: Basculegion|54/100 brn|[from] Recoil
|-damage|p2a: Basculegion|44/100 brn|[from] item: Life Orb
|move|p1b: Torkoal|Eruption|p2b: Floette|[spread] p2a,p2b
|-resisted|p2a: Basculegion|1
|-damage|p2a: Basculegion|17/100 brn
|-damage|p2b: Floette|1/100
|
|-weather|SunnyDay|[upkeep]
|-damage|p2a: Basculegion|11/100 brn|[from] brn
|upkeep
|turn|7
|
|t:|1782542695
|move|p2b: Floette|Moonblast|p1b: Torkoal
|-resisted|p1b: Torkoal|1
|-damage|p1b: Torkoal|19/100
|move|p2a: Basculegion|Wave Crash|p1b: Torkoal
|-supereffective|p1b: Torkoal|1
|-damage|p1b: Torkoal|0 fnt
|faint|p1b: Torkoal
|-damage|p2a: Basculegion|6/100 brn|[from] Recoil
|-damage|p2a: Basculegion|0 fnt|[from] item: Life Orb
|faint|p2a: Basculegion
|
|win|pepelniciq2
|l|☆vealoe
|player|p1|
||vealoe is ready for game 2.
|inactive|pepelniciq2 has 30 seconds to confirm battle start!
||pepelniciq2 is ready for game 2.
|uhtml|next|Next: Game 2 of 3
