|j|☆kuwisi
|j|☆ExtraPlanet51
|html|kuwisiExtraPlanet51    
|uhtml|bestof|Game 1 of a best-of-3
|t:|1756879978
|gametype|doubles
|player|p1|kuwisi|iris-gen5bw2|1000
|player|p2|ExtraPlanet51|bugcatcher-gen4dp|1082
|gen|9
|tier|[Gen 9] VGC 2025 Reg H (Bo3)
|rated|
|rule|Species Clause: Limit one of each Pokémon
|rule|Item Clause: Limit 1 of each item
|clearpoke
|poke|p1|Maushold, L50|
|poke|p1|Annihilape, L50, F|
|poke|p1|Sinistcha, L50|
|poke|p1|Incineroar, L50, M|
|poke|p1|Pelipper, L50, F|
|poke|p1|Archaludon, L50, M|
|poke|p2|Basculegion, L50, M|
|poke|p2|Sinistcha, L50|
|poke|p2|Rillaboom, L50, M|
|poke|p2|Incineroar, L50, M|
|poke|p2|Pelipper, L50, F|
|poke|p2|Archaludon, L50, F|
|teampreview|4
|showteam|p1|Maushold||SafetyGoggles|FriendGuard|BeatUp,Taunt,FollowMe,Protect||||||50|,,,,,Ghost]Annihilape||Leftovers|Defiant|RageFist,DrainPunch,BulkUp,Protect|||F|||50|,,,,,Water]Sinistcha||RockyHelmet|Hospitality|MatchaGotcha,LifeDew,TrickRoom,RagePowder||||||50|,,,,,Dark]Incineroar||SitrusBerry|Intimidate|KnockOff,WillOWisp,PartingShot,FakeOut|||M|||50|,,,,,Grass]Pelipper||FocusSash|Drizzle|WeatherBall,Hurricane,WideGuard,Protect|||F|||50|,,,,,Stellar]Archaludon||AssaultVest|Stamina|ElectroShot,DracoMeteor,BodyPress,FlashCannon|||M|||50|,,,,,Grass
|showteam|p2|Basculegion||ChoiceBand|SwiftSwim|AquaJet,FlipTurn,WaveCrash,LastRespects|||M|||50|,,,,,Normal]Sinistcha||SitrusBerry|Hospitality|MatchaGotcha,TrickRoom,LifeDew,RagePowder||||||50|,,,,,Water]Rillaboom||LoadedDice|GrassySurge|FakeOut,GrassyGlide,BulletSeed,HighHorsepower|||M|||50|,,,,,Ground]Incineroar||SafetyGoggles|Intimidate|FakeOut,KnockOff,HelpingHand,PartingShot|||M|||50|,,,,,Grass]Pelipper||FocusSash|Drizzle|Hurricane,WeatherBall,Tailwind,Protect|||F|||50|,,,,,Ghost]Archaludon||AssaultVest|Stamina|ElectroShot,FlashCannon,DracoMeteor,BodyPress|||F|||50|,,,,,Grass
|c|☆kuwisi|gl;hf
|inactive|Battle timer is ON: inactive players will automatically lose when time's up. (requested by kuwisi)
|inactive|kuwisi has 60 seconds left.
|
|t:|1756880025
|teamsize|p1|4
|teamsize|p2|4
|start
|switch|p1a: Archaludon|Archaludon, L50, M|100/100
|switch|p1b: Incineroar|Incineroar, L50, M|100/100
|switch|p2a: Rillaboom|Rillaboom, L50, M|100/100
|switch|p2b: Basculegion|Basculegion, L50, M|100/100
|-fieldstart|move: Grassy Terrain|[from] ability: Grassy Surge|[of] p2a: Rillaboom
|-ability|p1b: Incineroar|Intimidate|boost
|-unboost|p2a: Rillaboom|atk|1
|-unboost|p2b: Basculegion|atk|1
|turn|1
|
|t:|1756880048
|switch|p1b: Sinistcha|Sinistcha, L50|100/100
|move|p2b: Basculegion|Flip Turn|p1b: Sinistcha
|-resisted|p1b: Sinistcha
|-damage|p1b: Sinistcha|90/100
|-damage|p2b: Basculegion|84/100|[from] item: Rocky Helmet|[of] p1b: Sinistcha
|
|t:|1756880056
|switch|p2b: Archaludon|Archaludon, L50, F|100/100|[from] Flip Turn
|move|p1a: Archaludon|Draco Meteor|p2b: Archaludon
|-damage|p2b: Archaludon|51/100
|-unboost|p1a: Archaludon|spa|2
|-ability|p2b: Archaludon|Stamina|boost
|-boost|p2b: Archaludon|def|1
|move|p2a: Rillaboom|Bullet Seed|p2b: Archaludon
|-resisted|p2b: Archaludon
|-damage|p2b: Archaludon|50/100
|-ability|p2b: Archaludon|Stamina|boost
|-boost|p2b: Archaludon|def|1
|-resisted|p2b: Archaludon
|-damage|p2b: Archaludon|49/100
|-ability|p2b: Archaludon|Stamina|boost
|-boost|p2b: Archaludon|def|1
|-resisted|p2b: Archaludon
|-damage|p2b: Archaludon|48/100
|-ability|p2b: Archaludon|Stamina|boost
|-boost|p2b: Archaludon|def|1
|-resisted|p2b: Archaludon
|-damage|p2b: Archaludon|48/100
|-ability|p2b: Archaludon|Stamina|boost
|-boost|p2b: Archaludon|def|1
|-resisted|p2b: Archaludon
|-damage|p2b: Archaludon|47/100
|-ability|p2b: Archaludon|Stamina|boost
|-boost|p2b: Archaludon|def|1
|-hitcount|p2b: Archaludon|5
|
|-heal|p2b: Archaludon|53/100|[from] Grassy Terrain
|-heal|p1b: Sinistcha|96/100|[from] Grassy Terrain
|upkeep
|turn|2
|inactive|kuwisi has 30 seconds left.
|inactive|ExtraPlanet51 has 30 seconds left.
|inactive|kuwisi has 20 seconds left.
|inactive|ExtraPlanet51 has 20 seconds left.
|
|t:|1756880096
|switch|p1a: Incineroar|Incineroar, L50, M|100/100
|-ability|p1a: Incineroar|Intimidate|boost
|-unboost|p2a: Rillaboom|atk|1
|-unboost|p2b: Archaludon|atk|1
|move|p2a: Rillaboom|High Horsepower|p1a: Incineroar
|-supereffective|p1a: Incineroar
|-damage|p1a: Incineroar|68/100
|move|p2b: Archaludon|Body Press|p1a: Incineroar
|-supereffective|p1a: Incineroar
|-damage|p1a: Incineroar|0 fnt
|faint|p1a: Incineroar
|move|p1b: Sinistcha|Matcha Gotcha|p2b: Archaludon|[spread] p2a,p2b
|-resisted|p2a: Rillaboom
|-resisted|p2b: Archaludon
|-damage|p2a: Rillaboom|81/100
|-heal|p1b: Sinistcha|100/100|[from] drain|[of] p2a: Rillaboom
|-damage|p2b: Archaludon|47/100
|
|-heal|p2a: Rillaboom|87/100|[from] Grassy Terrain
|-heal|p2b: Archaludon|53/100|[from] Grassy Terrain
|upkeep
|
|t:|1756880109
|switch|p1a: Archaludon|Archaludon, L50, M|100/100
|turn|3
|inactive|ExtraPlanet51 has 30 seconds left.
|
|t:|1756880143
|switch|p2a: Pelipper|Pelipper, L50, F|100/100
|-weather|RainDance|[from] ability: Drizzle|[of] p2a: Pelipper
|switch|p1b: Pelipper|Pelipper, L50, F|100/100
|move|p1a: Archaludon|Draco Meteor|p2b: Archaludon
|-damage|p2b: Archaludon|6/100
|-unboost|p1a: Archaludon|spa|2
|move|p2b: Archaludon|Electro Shot||[still]
|-prepare|p2b: Archaludon|Electro Shot
|-boost|p2b: Archaludon|spa|1
|-anim|p2b: Archaludon|Electro Shot|p1b: Pelipper
|-supereffective|p1b: Pelipper
|-enditem|p1b: Pelipper|Focus Sash
|-damage|p1b: Pelipper|1/100
|
|-weather|RainDance|[upkeep]
|-heal|p2b: Archaludon|12/100|[from] Grassy Terrain
|upkeep
|turn|4
|
|t:|1756880166
|move|p2a: Pelipper|Tailwind|p2a: Pelipper
|-sidestart|p2: ExtraPlanet51|move: Tailwind
|move|p2b: Archaludon|Body Press|p1a: Archaludon
|-supereffective|p1a: Archaludon
|-damage|p1a: Archaludon|0 fnt
|faint|p1a: Archaludon
|move|p1b: Pelipper|Weather Ball|p2b: Archaludon
|-resisted|p2b: Archaludon
|-damage|p2b: Archaludon|0 fnt
|faint|p2b: Archaludon
|
|-weather|RainDance|[upkeep]
|upkeep
|
|t:|1756880183
|switch|p1a: Sinistcha|Sinistcha, L50|100/100
|switch|p2b: Rillaboom|Rillaboom, L50, M|87/100
|-heal|p1b: Pelipper|26/100|[from] ability: Hospitality|[of] p1a: Sinistcha
|turn|5
|
|t:|1756880203
|-terastallize|p1a: Sinistcha|Dark
|move|p2a: Pelipper|Protect|p2a: Pelipper
|-singleturn|p2a: Pelipper|Protect
|move|p1b: Pelipper|Protect|p1b: Pelipper
|-singleturn|p1b: Pelipper|Protect
|move|p2b: Rillaboom|Grassy Glide|p1b: Pelipper
|-activate|p1b: Pelipper|move: Protect
|move|p1a: Sinistcha|Trick Room|p1a: Sinistcha
|-fieldstart|move: Trick Room|[of] p1a: Sinistcha
|
|-weather|RainDance|[upkeep]
|-heal|p2b: Rillaboom|93/100|[from] Grassy Terrain
|-fieldend|move: Grassy Terrain
|upkeep
|turn|6
|inactive|ExtraPlanet51 has 30 seconds left.
|inactive|ExtraPlanet51 has 20 seconds left.
|inactive|ExtraPlanet51 has 15 seconds left.
|
|t:|1756880246
|move|p1a: Sinistcha|Matcha Gotcha|p2a: Pelipper|[spread] p2a,p2b
|-resisted|p2b: Rillaboom
|-damage|p2a: Pelipper|58/100
|-damage|p2b: Rillaboom|79/100
|-status|p2b: Rillaboom|brn
|move|p1b: Pelipper|Hurricane|p2a: Pelipper
|-damage|p2a: Pelipper|0 fnt
|faint|p2a: Pelipper
|move|p2b: Rillaboom|Bullet Seed|p1b: Pelipper
|-damage|p1b: Pelipper|17/100
|-damage|p1b: Pelipper|9/100
|-damage|p1b: Pelipper|0 fnt
|faint|p1b: Pelipper
|-hitcount|p1: Pelipper|3
|
|-weather|RainDance|[upkeep]
|-damage|p2b: Rillaboom|73/100 brn|[from] brn
|upkeep
|
|t:|1756880261
|switch|p2a: Basculegion|Basculegion, L50, M|84/100
|turn|7
|inactive|ExtraPlanet51 has 30 seconds left.
|
|t:|1756880290
|-terastallize|p2a: Basculegion|Normal
|move|p1a: Sinistcha|Matcha Gotcha|p2a: Basculegion|[spread] p2a,p2b
|-resisted|p2b: Rillaboom
|-damage|p2a: Basculegion|55/100
|-damage|p2b: Rillaboom|59/100 brn
|move|p2b: Rillaboom|Bullet Seed|p1a: Sinistcha
|-damage|p1a: Sinistcha|96/100
|-damage|p1a: Sinistcha|91/100
|-damage|p1a: Sinistcha|86/100
|-damage|p1a: Sinistcha|81/100
|-damage|p1a: Sinistcha|76/100
|-hitcount|p1a: Sinistcha|5
|move|p2a: Basculegion|Wave Crash|p1a: Sinistcha
|-damage|p1a: Sinistcha|0 fnt
|-damage|p2a: Basculegion|38/100|[from] item: Rocky Helmet|[of] p1a: Sinistcha
|faint|p1a: Sinistcha
|-damage|p2a: Basculegion|16/100|[from] Recoil
|
|win|ExtraPlanet51
|l|☆kuwisi
|player|p1|
|inactive|kuwisi has 30 seconds to confirm battle start!
|inactive|ExtraPlanet51 has 30 seconds to confirm battle start!
||kuwisi is ready for game 2.
||ExtraPlanet51 is ready for game 2.
|uhtml|next|Next: Game 2 of 3
