|j|☆gabzeraroadtoglory
|j|☆marcoslegui
|html|gabzeraroadtoglorymarcoslegui    
|uhtml|bestof|Game 1 of a best-of-3
|t:|1756247783
|gametype|doubles
|player|p1|gabzeraroadtoglory|youngster-gen4dp|
|player|p2|marcoslegui|pokekid|
|gen|9
|tier|[Gen 9] VGC 2025 Reg H (Bo3)
|rule|Species Clause: Limit one of each Pokémon
|rule|Item Clause: Limit 1 of each item
|clearpoke
|poke|p1|Pelipper, L50, F|
|poke|p1|Archaludon, L50, M|
|poke|p1|Amoonguss, L50, M|
|poke|p1|Dragonite, L50, M|
|poke|p1|Incineroar, L50, F|
|poke|p1|Ursaluna, L50, F|
|poke|p2|Sneasler, L50, F|
|poke|p2|Volcarona, L50, M|
|poke|p2|Kingambit, L50, M|
|poke|p2|Baxcalibur, L50, F|
|poke|p2|Basculegion, L50, M|
|poke|p2|Rillaboom, L50, M|
|teampreview|4
|showteam|p1|Pelipper||CovertCloak|Drizzle|WeatherBall,Hurricane,Protect,Tailwind|||F|||50|,,,,,Stellar]Archaludon||AssaultVest|Stamina|ElectroShot,BodyPress,DragonPulse,FlashCannon|||M|||50|,,,,,Bug]Amoonguss||SitrusBerry|Regenerator|Spore,RagePowder,PollenPuff,SludgeBomb|||M|||50|,,,,,Water]Dragonite||LoadedDice|Multiscale|ScaleShot,ExtremeSpeed,Tailwind,Protect|||M|||50|,,,,,Fairy]Incineroar||SafetyGoggles|Intimidate|FakeOut,Uturn,KnockOff,WillOWisp|||F|||50|,,,,,Ghost]Ursaluna||FlameOrb|Guts|Earthquake,HeadlongRush,Facade,Protect|||F|||50|,,,,,Ghost
|showteam|p2|Sneasler||FocusSash|Unburden|Protect,CloseCombat,DireClaw,Coaching|||F|||50|,,,,,Stellar]Volcarona||CovertCloak|FlameBody|HeatWave,TeraBlast,QuiverDance,Protect|||M|||50|,,,,,Fairy]Kingambit||AssaultVest|Defiant|KowtowCleave,SuckerPunch,IronHead,LowKick|||M|||50|,,,,,Ghost]Baxcalibur||LoadedDice|ThermalExchange|IcicleSpear,ScaleShot,IceShard,Protect|||F|||50|,,,,,Ghost]Basculegion||ChoiceScarf|Adaptability|WaveCrash,FlipTurn,LastRespects,TeraBlast|||M|||50|,,,,,Fairy]Rillaboom||MiracleSeed|GrassySurge|WoodHammer,GrassyGlide,HighHorsepower,FakeOut|||M|||50|,,,,,Fire
|inactive|Battle timer is ON: inactive players will automatically lose when time's up. (requested by gabzeraroadtoglory)
|l|☆marcoslegui
|inactive|marcoslegui disconnected and has 300 seconds to reconnect!
|player|p2|
|j|☆marcoslegui
|inactive|marcoslegui reconnected and has 75 seconds left.
|player|p2|marcoslegui|pokekid|
|inactiveoff|Battle timer is now OFF.
|
|t:|1756247836
|teamsize|p1|4
|teamsize|p2|4
|start
|switch|p1a: Archaludon|Archaludon, L50, M|100/100
|switch|p1b: Pelipper|Pelipper, L50, F|100/100
|switch|p2a: Volcarona|Volcarona, L50, M|100/100
|switch|p2b: Rillaboom|Rillaboom, L50, M|100/100
|-fieldstart|move: Grassy Terrain|[from] ability: Grassy Surge|[of] p2b: Rillaboom
|-weather|RainDance|[from] ability: Drizzle|[of] p1b: Pelipper
|turn|1
|c|☆marcoslegui|Suerte
|
|t:|1756247852
|-terastallize|p2a: Volcarona|Fairy
|move|p2b: Rillaboom|Fake Out|p1a: Archaludon
|-resisted|p1a: Archaludon
|-damage|p1a: Archaludon|95/100
|-ability|p1a: Archaludon|Stamina|boost
|-boost|p1a: Archaludon|def|1
|move|p2a: Volcarona|Quiver Dance|p2a: Volcarona
|-boost|p2a: Volcarona|spa|1
|-boost|p2a: Volcarona|spd|1
|-boost|p2a: Volcarona|spe|1
|cant|p1a: Archaludon|flinch
|move|p1b: Pelipper|Tailwind|p1b: Pelipper
|-sidestart|p1: gabzeraroadtoglory|move: Tailwind
|
|-weather|RainDance|[upkeep]
|-heal|p1a: Archaludon|100/100|[from] Grassy Terrain
|upkeep
|turn|2
|
|t:|1756247884
|move|p2b: Rillaboom|Grassy Glide|p1b: Pelipper
|-damage|p1b: Pelipper|52/100
|move|p1a: Archaludon|Electro Shot||[still]
|-prepare|p1a: Archaludon|Electro Shot
|-boost|p1a: Archaludon|spa|1
|-anim|p1a: Archaludon|Electro Shot|p2a: Volcarona
|-damage|p2a: Volcarona|63/100
|move|p2a: Volcarona|Quiver Dance|p2a: Volcarona
|-boost|p2a: Volcarona|spa|1
|-boost|p2a: Volcarona|spd|1
|-boost|p2a: Volcarona|spe|1
|move|p1b: Pelipper|Weather Ball|p2a: Volcarona
|-damage|p2a: Volcarona|33/100
|
|-weather|RainDance|[upkeep]
|-heal|p2a: Volcarona|40/100|[from] Grassy Terrain
|upkeep
|turn|3
|
|t:|1756247918
|switch|p1b: Dragonite|Dragonite, L50, M|100/100
|switch|p2b: Baxcalibur|Baxcalibur, L50, F|100/100
|move|p2a: Volcarona|Protect|p2a: Volcarona
|-singleturn|p2a: Volcarona|Protect
|move|p1a: Archaludon|Electro Shot||[still]
|-prepare|p1a: Archaludon|Electro Shot
|-boost|p1a: Archaludon|spa|1
|-anim|p1a: Archaludon|Electro Shot|p2a: Volcarona
|-activate|p2a: Volcarona|move: Protect
|
|-weather|RainDance|[upkeep]
|-heal|p2a: Volcarona|46/100|[from] Grassy Terrain
|upkeep
|turn|4
|
|t:|1756247954
|-terastallize|p1b: Dragonite|Fairy
|move|p2a: Volcarona|Tera Blast|p1a: Archaludon|[anim] Tera Blast Fairy
|-crit|p1a: Archaludon
|-damage|p1a: Archaludon|0 fnt
|faint|p1a: Archaludon
|move|p1b: Dragonite|Scale Shot|p2b: Baxcalibur
|-supereffective|p2b: Baxcalibur
|-damage|p2b: Baxcalibur|73/100
|-supereffective|p2b: Baxcalibur
|-crit|p2b: Baxcalibur
|-damage|p2b: Baxcalibur|28/100
|-supereffective|p2b: Baxcalibur
|-damage|p2b: Baxcalibur|0 fnt
|faint|p2b: Baxcalibur
|-hitcount|p2: Baxcalibur|3
|-unboost|p1b: Dragonite|def|1
|-boost|p1b: Dragonite|spe|1
|
|-weather|RainDance|[upkeep]
|-heal|p2a: Volcarona|52/100|[from] Grassy Terrain
|-sideend|p1: gabzeraroadtoglory|move: Tailwind
|upkeep
|
|t:|1756247981
|switch|p2b: Rillaboom|Rillaboom, L50, M|100/100
|switch|p1a: Pelipper|Pelipper, L50, F|52/100
|turn|5
|
|t:|1756247997
|move|p1b: Dragonite|Protect|p1b: Dragonite
|-singleturn|p1b: Dragonite|Protect
|move|p1a: Pelipper|Protect|p1a: Pelipper
|-singleturn|p1a: Pelipper|Protect
|move|p2b: Rillaboom|Fake Out|p1b: Dragonite
|-activate|p1b: Dragonite|move: Protect
|move|p2a: Volcarona|Tera Blast|p1a: Pelipper|[anim] Tera Blast Fairy
|-activate|p1a: Pelipper|move: Protect
|
|-weather|none
|-heal|p2a: Volcarona|58/100|[from] Grassy Terrain
|-fieldend|move: Grassy Terrain
|upkeep
|turn|6
|
|t:|1756248011
|move|p1b: Dragonite|Extreme Speed|p2a: Volcarona
|-crit|p2a: Volcarona
|-damage|p2a: Volcarona|9/100
|move|p2a: Volcarona|Heat Wave|p1a: Pelipper|[spread] p1a,p1b
|-resisted|p1a: Pelipper
|-damage|p1a: Pelipper|6/100
|-damage|p1b: Dragonite|67/100
|move|p2b: Rillaboom|Grassy Glide|p1a: Pelipper
|-damage|p1a: Pelipper|0 fnt
|faint|p1a: Pelipper
|
|upkeep
|
|t:|1756248018
|switch|p1a: Ursaluna|Ursaluna, L50, F|100/100
|turn|7
|
|t:|1756248032
|move|p1b: Dragonite|Protect|p1b: Dragonite
|-singleturn|p1b: Dragonite|Protect
|move|p1a: Ursaluna|Protect|p1a: Ursaluna
|-singleturn|p1a: Ursaluna|Protect
|move|p2a: Volcarona|Tera Blast|p1b: Dragonite|[anim] Tera Blast Fairy
|-activate|p1b: Dragonite|move: Protect
|move|p2b: Rillaboom|Wood Hammer|p1b: Dragonite
|-activate|p1b: Dragonite|move: Protect
|
|-status|p1a: Ursaluna|brn|[from] item: Flame Orb
|upkeep
|turn|8
|
|t:|1756248057
|move|p2a: Volcarona|Tera Blast|p1b: Dragonite|[anim] Tera Blast Fairy
|-damage|p1b: Dragonite|0 fnt
|faint|p1b: Dragonite
|move|p2b: Rillaboom|Wood Hammer|p1a: Ursaluna
|-supereffective|p1a: Ursaluna
|-damage|p1a: Ursaluna|0 fnt
|faint|p1a: Ursaluna
|-damage|p2b: Rillaboom|66/100|[from] Recoil
|
|win|marcoslegui
||gabzeraroadtoglory is ready for game 2.
|inactive|marcoslegui has 30 seconds to confirm battle start!
||marcoslegui is ready for game 2.
|uhtml|next|Next: Game 2 of 3
|l|☆marcoslegui
|player|p2|
|j|☆marcoslegui
|player|p2|marcoslegui|pokekid|
