|j|☆kigokigo
|j|☆tobrin
|html|kigokigotobrin    
|uhtml|bestof|Game 1 of a best-of-3
|t:|1783272496
|gametype|doubles
|player|p1|kigokigo|2|1085
|player|p2|tobrin|lance|1000
|gen|9
|tier|[Gen 9 Champions] VGC 2026 Reg M-B (Bo3)
|rated|
|rule|Species Clause: Limit one of each Pokémon
|rule|Item Clause: Limit 1 of each item
|clearpoke
|poke|p1|Whimsicott, L50, F|
|poke|p1|Clefable, L50, F|
|poke|p1|Grimmsnarl, L50, M|
|poke|p1|Incineroar, L50, F|
|poke|p1|Raichu, L50, M|
|poke|p1|Staraptor, L50, M|
|poke|p2|Floette-Eternal, L50, F|
|poke|p2|Whimsicott, L50, M|
|poke|p2|Basculegion, L50, M|
|poke|p2|Kingambit, L50, F|
|poke|p2|Garchomp, L50, F|
|poke|p2|Charizard, L50, F|
|teampreview|4
|showteam|p1|Whimsicott||FocusSash|Prankster|Charm,Encore,Tailwind,Protect|Bold||F|||50|]Clefable||BabiriBerry|Unaware|FollowMe,Charm,KnockOff,Protect|Careful||F|||50|]Grimmsnarl||LightClay|Prankster|LightScreen,Reflect,PartingShot,FakeOut|Calm||M|||50|]Incineroar||ChopleBerry|Intimidate|FakeOut,PartingShot,FlareBlitz,DarkestLariat|Impish||F|||50|]Raichu||SitrusBerry|LightningRod|FakeOut,Encore,Nuzzle,VoltSwitch|Jolly||M|||50|]Staraptor||Staraptite|Intimidate|CloseCombat,BraveBird,Roost,Protect|Careful||M|||50|
|showteam|p2|Floette-Eternal||Floettite|FlowerVeil|Moonblast,DazzlingGleam,LightofRuin,Protect|Modest||F|||50|]Whimsicott||FocusSash|Prankster|Moonblast,Tailwind,Encore,Protect|Timid||M|||50|]Basculegion||LifeOrb|Adaptability|WaveCrash,AquaJet,LastRespects,Protect|Adamant||M|||50|]Kingambit||OccaBerry|Defiant|KowtowCleave,SuckerPunch,LowKick,IronHead|Adamant||F|||50|]Garchomp||ExpertBelt|RoughSkin|DragonClaw,RockSlide,Earthquake,Protect|Jolly||F|||50|]Charizard||CharizarditeY|SolarPower|HeatWave,WeatherBall,SolarBeam,Protect|Modest||F|||50|
|inactive|Battle timer is ON: inactive players will automatically lose when time's up. (requested by kigokigo)
|
|t:|1783272555
|teamsize|p1|4
|teamsize|p2|4
|start
|switch|p1a: Grimmsnarl|Grimmsnarl, L50, M|100/100
|switch|p1b: Staraptor|Staraptor, L50, M|100/100
|switch|p2a: Whimsicott|Whimsicott, L50, M|100/100
|switch|p2b: Floette|Floette-Eternal, L50, F|100/100
|-ability|p1b: Staraptor|Intimidate|boost
|-block|p2a: Whimsicott|ability: Flower Veil|[of] p2b: Floette
|-unboost|p2b: Floette|atk|1
|turn|1
|inactive|kigokigo has 30 seconds left.
|inactive|tobrin has 30 seconds left.
|inactive|kigokigo has 20 seconds left.
|
|t:|1783272592
|switch|p1b: Incineroar|Incineroar, L50, F|100/100
|-ability|p1b: Incineroar|Intimidate|boost
|-block|p2a: Whimsicott|ability: Flower Veil|[of] p2b: Floette
|-unboost|p2b: Floette|atk|1
|detailschange|p2b: Floette|Floette-Mega, L50, F
|-mega|p2b: Floette|Floette|Floettite
|-ability|p2b: Floette|Fairy Aura
|move|p2a: Whimsicott|Tailwind|p2a: Whimsicott
|-sidestart|p2: tobrin|move: Tailwind
|move|p1a: Grimmsnarl|Light Screen|p1a: Grimmsnarl
|-sidestart|p1: kigokigo|move: Light Screen
|move|p2b: Floette|Dazzling Gleam|p1a: Grimmsnarl|[spread] p1a,p1b
|-supereffective|p1a: Grimmsnarl|1
|-damage|p1a: Grimmsnarl|44/100
|-damage|p1b: Incineroar|73/100
|
|upkeep
|turn|2
|inactive|tobrin has 30 seconds left.
|inactive|kigokigo has 30 seconds left.
|inactive|tobrin has 20 seconds left.
|
|t:|1783272633
|move|p2b: Floette|Protect|p2b: Floette
|-singleturn|p2b: Floette|Protect
|move|p1a: Grimmsnarl|Parting Shot|p2b: Floette
|-activate|p2b: Floette|move: Protect
|move|p2a: Whimsicott|Moonblast|p1a: Grimmsnarl
|-supereffective|p1a: Grimmsnarl|1
|-damage|p1a: Grimmsnarl|4/100
|-unboost|p1a: Grimmsnarl|spa|1
|move|p1b: Incineroar|Flare Blitz|p2a: Whimsicott
|-supereffective|p2a: Whimsicott|1
|-enditem|p2a: Whimsicott|Focus Sash
|-damage|p2a: Whimsicott|1/100
|-damage|p1b: Incineroar|51/100|[from] Recoil
|
|upkeep
|turn|3
|inactive|tobrin has 30 seconds left.
|
|t:|1783272667
|move|p1a: Grimmsnarl|Parting Shot|p2b: Floette
|-unboost|p2b: Floette|atk|1
|-unboost|p2b: Floette|spa|1
|
|t:|1783272671
|switch|p1a: Whimsicott|Whimsicott, L50, F|100/100|[from] Parting Shot
|move|p2a: Whimsicott|Moonblast|p1a: Whimsicott
|-damage|p1a: Whimsicott|65/100
|move|p2b: Floette|Dazzling Gleam|p1a: Whimsicott|[spread] p1a,p1b
|-damage|p1a: Whimsicott|37/100
|-damage|p1b: Incineroar|31/100
|move|p1b: Incineroar|Parting Shot|p2b: Floette
|-unboost|p2b: Floette|atk|1
|-unboost|p2b: Floette|spa|1
|
|t:|1783272684
|switch|p1b: Staraptor|Staraptor, L50, M|100/100|[from] Parting Shot
|-ability|p1b: Staraptor|Intimidate|boost
|-unboost|p2a: Whimsicott|atk|1
|-unboost|p2b: Floette|atk|1
|
|upkeep
|turn|4
|
|t:|1783272708
|switch|p2b: Garchomp|Garchomp, L50, F|100/100
|move|p2a: Whimsicott|Protect|p2a: Whimsicott
|-singleturn|p2a: Whimsicott|Protect
|move|p1a: Whimsicott|Tailwind|p1a: Whimsicott
|-sidestart|p1: kigokigo|move: Tailwind
|move|p1b: Staraptor|Brave Bird|p2a: Whimsicott
|-activate|p2a: Whimsicott|move: Protect
|
|-sideend|p2: tobrin|move: Tailwind
|upkeep
|turn|5
|
|t:|1783272733
|detailschange|p1b: Staraptor|Staraptor-Mega, L50, M
|-mega|p1b: Staraptor|Staraptor|Staraptite
|move|p1a: Whimsicott|Charm|p2b: Garchomp
|-unboost|p2b: Garchomp|atk|2
|move|p2a: Whimsicott|Tailwind|p2a: Whimsicott
|-sidestart|p2: tobrin|move: Tailwind
|move|p2b: Garchomp|Rock Slide|p1a: Whimsicott|[spread] p1a
|-miss|p2b: Garchomp|p1b: Staraptor
|-damage|p1a: Whimsicott|25/100
|move|p1b: Staraptor|Close Combat|p2a: Whimsicott
|-resisted|p2a: Whimsicott|1
|-damage|p2a: Whimsicott|0 fnt
|-boost|p1b: Staraptor|def|1
|-boost|p1b: Staraptor|spd|1
|faint|p2a: Whimsicott
|
|upkeep
|
|t:|1783272752
|switch|p2a: Floette|Floette-Mega, L50, F|100/100
|-ability|p2a: Floette|Fairy Aura
|turn|6
|inactive|tobrin has 30 seconds left.
|inactive|tobrin has 20 seconds left.
|inactive|tobrin has 15 seconds left.
|
|t:|1783272795
|switch|p1a: Incineroar|Incineroar, L50, F|31/100
|-ability|p1a: Incineroar|Intimidate|boost
|-unboost|p2a: Floette|atk|1
|-unboost|p2b: Garchomp|atk|1
|move|p1b: Staraptor|Protect|p1b: Staraptor
|-singleturn|p1b: Staraptor|Protect
|move|p2b: Garchomp|Rock Slide|p1a: Incineroar|[spread] p1a
|-activate|p1b: Staraptor|move: Protect
|-supereffective|p1a: Incineroar|1
|-damage|p1a: Incineroar|16/100
|move|p2a: Floette|Light of Ruin|p1b: Staraptor
|-activate|p1b: Staraptor|move: Protect
|
|upkeep
|turn|7
|inactive|tobrin has 30 seconds left.
|
|t:|1783272823
|move|p2a: Floette|Protect|p2a: Floette
|-singleturn|p2a: Floette|Protect
|move|p1a: Incineroar|Fake Out|p2a: Floette
|-activate|p2a: Floette|move: Protect
|move|p2b: Garchomp|Rock Slide|p1b: Staraptor|[spread] p1a,p1b
|-supereffective|p1a: Incineroar|1
|-damage|p1a: Incineroar|1/100
|-damage|p1b: Staraptor|95/100
|cant|p1b: Staraptor|flinch
|
|-sideend|p1: kigokigo|move: Tailwind
|upkeep
|turn|8
|
|t:|1783272843
|move|p1b: Staraptor|Protect|p1b: Staraptor
|-singleturn|p1b: Staraptor|Protect
|move|p2b: Garchomp|Rock Slide|p1a: Incineroar|[spread] p1a
|-activate|p1b: Staraptor|move: Protect
|-supereffective|p1a: Incineroar|1
|-damage|p1a: Incineroar|0 fnt
|faint|p1a: Incineroar
|move|p2a: Floette|Light of Ruin|p1b: Staraptor
|-activate|p1b: Staraptor|move: Protect
|
|-sideend|p1: kigokigo|move: Light Screen
|-sideend|p2: tobrin|move: Tailwind
|upkeep
|
|t:|1783272850
|switch|p1a: Grimmsnarl|Grimmsnarl, L50, M|4/100
|turn|9
|
|t:|1783272871
|move|p2a: Floette|Protect|p2a: Floette
|-singleturn|p2a: Floette|Protect
|move|p1a: Grimmsnarl|Fake Out|p2a: Floette
|-activate|p2a: Floette|move: Protect
|move|p2b: Garchomp|Rock Slide|p1a: Grimmsnarl|[spread] p1b
|-miss|p2b: Garchomp|p1a: Grimmsnarl
|-damage|p1b: Staraptor|91/100
|move|p1b: Staraptor|Close Combat|p2b: Garchomp
|-damage|p2b: Garchomp|42/100
|-boost|p1b: Staraptor|def|1
|-boost|p1b: Staraptor|spd|1
|-damage|p1b: Staraptor|79/100|[from] ability: Rough Skin|[of] p2b: Garchomp
|
|upkeep
|turn|10
|inactive|tobrin has 30 seconds left.
|
|t:|1783272897
|move|p1b: Staraptor|Protect|p1b: Staraptor
|-singleturn|p1b: Staraptor|Protect
|move|p1a: Grimmsnarl|Light Screen|p1a: Grimmsnarl
|-sidestart|p1: kigokigo|move: Light Screen
|move|p2b: Garchomp|Dragon Claw|p1b: Staraptor
|-activate|p1b: Staraptor|move: Protect
|move|p2a: Floette|Light of Ruin|p1b: Staraptor
|-activate|p1b: Staraptor|move: Protect
|
|upkeep
|turn|11
|inactive|kigokigo has 30 seconds left.
|inactive|tobrin has 30 seconds left.
|
|t:|1783272925
|move|p1a: Grimmsnarl|Parting Shot|p1b: Staraptor
|-boost|p1b: Staraptor|atk|1
|-boost|p1b: Staraptor|spa|1
|
|t:|1783272928
|switch|p1a: Whimsicott|Whimsicott, L50, F|25/100|[from] Parting Shot
|move|p2b: Garchomp|Dragon Claw|p1b: Staraptor
|-damage|p1b: Staraptor|71/100
|move|p2a: Floette|Dazzling Gleam|p1a: Whimsicott|[spread] p1a,p1b
|-supereffective|p1b: Staraptor|1
|-crit|p1b: Staraptor
|-damage|p1a: Whimsicott|0 fnt
|-damage|p1b: Staraptor|0 fnt
|faint|p1a: Whimsicott
|faint|p1b: Staraptor
|
|upkeep
|-message|kigokigo forfeited.
|
|win|tobrin
|l|☆kigokigo
|player|p1|
||kigokigo is ready for game 2.
