|j|☆Aircross360
|j|☆Giraffes in Gdansk
|html|Aircross360Giraffes in Gdansk    
|uhtml|bestof|Game 2 of a best-of-3
|t:|1756382746
|gametype|doubles
|player|p1|Aircross360|170|1147
|player|p2|Giraffes in Gdansk|acetrainer-gen4dp|1314
|gen|9
|tier|[Gen 9] VGC 2025 Reg H (Bo3)
|rated|
|rule|Species Clause: Limit one of each Pokémon
|rule|Item Clause: Limit 1 of each item
|clearpoke
|poke|p1|Annihilape, L50, M|
|poke|p1|Gholdengo, L50|
|poke|p1|Dragonite, L50, M|
|poke|p1|Ninetales-Alola, L50, F|
|poke|p1|Magmar, L50, F|
|poke|p1|Ursaluna-Bloodmoon, L50, M|
|poke|p2|Dragonite, L50, M|
|poke|p2|Amoonguss, L50, M|
|poke|p2|Incineroar, L50, M|
|poke|p2|Ursaluna, L50, M|
|poke|p2|Sneasler, L50, M|
|poke|p2|Farigiraf, L50, F|
|teampreview|4
|showteam|p1|Annihilape||SafetyGoggles|Defiant|DrainPunch,RageFist,BulkUp,Protect|||M|||50|,,,,,Water]Gholdengo||MetalCoat|GoodasGold|MakeItRain,ShadowBall,NastyPlot,Protect||||||50|,,,,,Dragon]Dragonite||LoadedDice|Multiscale|ScaleShot,ExtremeSpeed,IceSpinner,Protect|||M|||50|,,,,,Steel]Ninetales-Alola||LightClay|SnowWarning|Blizzard,Encore,IcyWind,AuroraVeil|||F|||50|,,,,,Ghost]Magmar||Eviolite|FlameBody|Overheat,FollowMe,Protect,ClearSmog|||F|||50|,,,,,Ghost]Ursaluna-Bloodmoon||AssaultVest|MindsEye|BloodMoon,EarthPower,HyperVoice,VacuumWave|||M|||50|,,,,,Water
|showteam|p2|Dragonite||LoadedDice|Multiscale|ScaleShot,Tailwind,Haze,Protect|||M|||50|,,,,,Fairy]Amoonguss||SitrusBerry|Regenerator|Spore,RagePowder,PollenPuff,Protect|||M|||50|,,,,,Psychic]Incineroar||SafetyGoggles|Intimidate|FlareBlitz,KnockOff,FakeOut,PartingShot|||M|||50|,,,,,Ghost]Ursaluna||FlameOrb|Guts|Earthquake,HeadlongRush,Facade,Protect|||M|||50|,,,,,Normal]Sneasler||FocusSash|Unburden|CloseCombat,DireClaw,Coaching,Protect|||M|||50|,,,,,Stellar]Farigiraf||ThroatSpray|ArmorTail|HyperVoice,TwinBeam,TrickRoom,Protect|||F|||50|,,,,,Fire
|
|t:|1756382825
|teamsize|p1|4
|teamsize|p2|4
|start
|switch|p1a: Gholdengo|Gholdengo, L50|100/100
|switch|p1b: Annihilape|Annihilape, L50, M|100/100
|switch|p2a: Jbungo|Dragonite, L50, M, shiny|100/100
|switch|p2b: Shblingus|Sneasler, L50, M, shiny|100/100
|turn|1
|
|t:|1756382863
|move|p1b: Annihilape|Protect|p1b: Annihilape
|-singleturn|p1b: Annihilape|Protect
|move|p2b: Shblingus|Coaching|p2a: Jbungo
|-boost|p2a: Jbungo|atk|1
|-boost|p2a: Jbungo|def|1
|move|p1a: Gholdengo|Make It Rain|p2a: Jbungo|[spread] p2a,p2b
|-damage|p2a: Jbungo|73/100
|-damage|p2b: Shblingus|19/100
|-unboost|p1a: Gholdengo|spa|1
|move|p2a: Jbungo|Scale Shot|p1a: Gholdengo
|-resisted|p1a: Gholdengo
|-damage|p1a: Gholdengo|90/100
|-resisted|p1a: Gholdengo
|-damage|p1a: Gholdengo|79/100
|-resisted|p1a: Gholdengo
|-damage|p1a: Gholdengo|67/100
|-resisted|p1a: Gholdengo
|-damage|p1a: Gholdengo|56/100
|-resisted|p1a: Gholdengo
|-damage|p1a: Gholdengo|46/100
|-hitcount|p1a: Gholdengo|5
|-unboost|p2a: Jbungo|def|1
|-boost|p2a: Jbungo|spe|1
|
|upkeep
|turn|2
|
|t:|1756382911
|switch|p1a: Magmar|Magmar, L50, F|100/100
|move|p2a: Jbungo|Scale Shot|p1b: Annihilape
|-damage|p1b: Annihilape|78/100
|-damage|p1b: Annihilape|58/100
|-damage|p1b: Annihilape|36/100
|-damage|p1b: Annihilape|15/100
|-hitcount|p1b: Annihilape|4
|-unboost|p2a: Jbungo|def|1
|-boost|p2a: Jbungo|spe|1
|move|p2b: Shblingus|Coaching|p2a: Jbungo
|-boost|p2a: Jbungo|atk|1
|-boost|p2a: Jbungo|def|1
|move|p1b: Annihilape|Bulk Up|p1b: Annihilape
|-boost|p1b: Annihilape|atk|1
|-boost|p1b: Annihilape|def|1
|
|upkeep
|turn|3
|
|t:|1756382939
|move|p1b: Annihilape|Protect|p1b: Annihilape
|-singleturn|p1b: Annihilape|Protect
|move|p2a: Jbungo|Tailwind|p2a: Jbungo
|-sidestart|p2: Giraffes in Gdansk|move: Tailwind
|move|p2b: Shblingus|Coaching|p2a: Jbungo
|-boost|p2a: Jbungo|atk|1
|-boost|p2a: Jbungo|def|1
|move|p1a: Magmar|Clear Smog|p2a: Jbungo
|-damage|p2a: Jbungo|59/100
|-clearboost|p2a: Jbungo
|
|upkeep
|turn|4
|
|t:|1756382961
|move|p1a: Magmar|Follow Me|p1a: Magmar
|-singleturn|p1a: Magmar|move: Follow Me
|move|p2b: Shblingus|Coaching|p2a: Jbungo
|-boost|p2a: Jbungo|atk|1
|-boost|p2a: Jbungo|def|1
|move|p2a: Jbungo|Scale Shot|p1a: Magmar
|-damage|p1a: Magmar|83/100
|-damage|p1a: Magmar|67/100
|-damage|p1a: Magmar|48/100
|-damage|p1a: Magmar|31/100
|-hitcount|p1a: Magmar|4
|-unboost|p2a: Jbungo|def|1
|-boost|p2a: Jbungo|spe|1
|move|p1b: Annihilape|Rage Fist|p2b: Shblingus
|-damage|p2b: Shblingus|0 fnt
|faint|p2b: Shblingus
|
|upkeep
|
|t:|1756382978
|switch|p2b: No Idea|Ursaluna, L50, M, shiny|100/100
|turn|5
|
|t:|1756383004
|move|p1a: Magmar|Follow Me|p1a: Magmar
|-singleturn|p1a: Magmar|move: Follow Me
|move|p2a: Jbungo|Scale Shot|p1a: Magmar
|-damage|p1a: Magmar|13/100
|-damage|p1a: Magmar|0 fnt
|faint|p1a: Magmar
|-hitcount|p1: Magmar|2
|-unboost|p2a: Jbungo|def|1
|-boost|p2a: Jbungo|spe|1
|move|p2b: No Idea|Earthquake|p1b: Annihilape|[spread] p1b
|-immune|p2a: Jbungo
|-damage|p1b: Annihilape|0 fnt
|faint|p1b: Annihilape
|
|-status|p2b: No Idea|brn|[from] item: Flame Orb
|upkeep
|
|t:|1756383018
|switch|p1b: Gholdengo|Gholdengo, L50|46/100
|switch|p1a: Dragonite|Dragonite, L50, M|100/100
|turn|6
|
|t:|1756383030
|move|p1b: Gholdengo|Protect|p1b: Gholdengo
|-singleturn|p1b: Gholdengo|Protect
|move|p1a: Dragonite|Protect|p1a: Dragonite
|-singleturn|p1a: Dragonite|Protect
|move|p2a: Jbungo|Scale Shot|p1a: Dragonite
|-activate|p1a: Dragonite|move: Protect
|move|p2b: No Idea|Earthquake|p1a: Dragonite|[spread] 
|-activate|p1a: Dragonite|move: Protect
|-activate|p1b: Gholdengo|move: Protect
|-immune|p2a: Jbungo
|
|-damage|p2b: No Idea|95/100 brn|[from] brn
|-sideend|p2: Giraffes in Gdansk|move: Tailwind
|upkeep
|turn|7
|
|t:|1756383055
|-terastallize|p2a: Jbungo|Fairy
|-terastallize|p1a: Dragonite|Steel
|move|p2a: Jbungo|Tailwind|p2a: Jbungo
|-sidestart|p2: Giraffes in Gdansk|move: Tailwind
|move|p2b: No Idea|Earthquake|p1a: Dragonite|[spread] p2a,p1a,p1b
|-supereffective|p1a: Dragonite
|-supereffective|p1b: Gholdengo
|-damage|p2a: Jbungo|0 fnt
|-damage|p1a: Dragonite|23/100
|-damage|p1b: Gholdengo|0 fnt
|faint|p2a: Jbungo
|faint|p1b: Gholdengo
|move|p1a: Dragonite|Scale Shot|p2b: No Idea
|-damage|p2b: No Idea|83/100 brn
|-damage|p2b: No Idea|72/100 brn
|-crit|p2b: No Idea
|-damage|p2b: No Idea|56/100 brn
|-damage|p2b: No Idea|45/100 brn
|-hitcount|p2b: No Idea|4
|-unboost|p1a: Dragonite|def|1
|-boost|p1a: Dragonite|spe|1
|
|-damage|p2b: No Idea|39/100 brn|[from] brn
|upkeep
|
|t:|1756383064
|switch|p2a: The Incident|Incineroar, L50, M, shiny|100/100
|-ability|p2a: The Incident|Intimidate|boost
|-unboost|p1a: Dragonite|atk|1
|turn|8
|c|☆Giraffes in Gdansk|ggwp
|-message|Aircross360 forfeited.
|
|win|Giraffes in Gdansk
|raw|Aircross360's rating: 1147 → 1133(-14 for losing)
|raw|Giraffes in Gdansk's rating: 1314 → 1325(+11 for winning)
