|j|☆Jables412
|j|☆sableye_dahora
|html|Jables412sableye_dahora    
|uhtml|bestof|Game 1 of a best-of-3
|t:|1784843557
|gametype|doubles
|player|p1|Jables412|169|1000
|player|p2|sableye_dahora|ninjaboy|1047
|gen|9
|tier|[Gen 9 Champions] VGC 2026 Reg M-B (Bo3)
|rated|
|rule|Species Clause: Limit one of each Pokémon
|rule|Item Clause: Limit 1 of each item
|clearpoke
|poke|p1|Maushold-Four, L50|
|poke|p1|Incineroar, L50, F|
|poke|p1|Malamar, L50, F|
|poke|p1|Sinistcha-Masterpiece, L50|
|poke|p1|Whimsicott, L50, F|
|poke|p1|Mawile, L50, M|
|poke|p2|Gengar, L50, M|
|poke|p2|Sableye, L50, M|
|poke|p2|Tinkaton, L50, F|
|poke|p2|Incineroar, L50, M|
|poke|p2|Absol, L50, M|
|poke|p2|Scizor, L50, M|
|teampreview|4
|showteam|p1|Maushold-Four||WideLens|Technician|Protect,FollowMe,Feint,PopulationBomb|Jolly|||||50|]Incineroar||LifeOrb|Intimidate|FakeOut,FlareBlitz,DarkestLariat,PartingShot|Brave||F|||50|]Malamar||Malamarite|Contrary|Protect,TrickRoom,Superpower,KnockOff|Adamant||F|||50|]Sinistcha-Masterpiece||ColburBerry|Hospitality|Protect,RagePowder,LifeDew,MatchaGotcha|Calm|||||50|]Whimsicott||FocusSash|Prankster|Tailwind,Moonblast,Charm,FakeTears|Modest||F|||50|]Mawile||Mawilite|HyperCutter|Protect,RockSlide,SuckerPunch,PlayRough|Brave||M|||50|
|showteam|p2|Gengar||Gengarite|CursedBody|PerishSong,Disable,Protect,ShadowBall|Timid||M|||50|]Sableye||FocusSash|Prankster|FakeOut,Encore,Disable,Detect|Impish||M|||50|]Tinkaton||MetalCoat|MoldBreaker|FakeOut,GigatonHammer,Encore,Protect|Jolly||F|||50|]Incineroar||SitrusBerry|Intimidate|PartingShot,FakeOut,DarkestLariat,Protect|Careful||M|||50|]Absol||MentalHerb|Justified|PerishSong,BatonPass,KnockOff,Protect|Jolly||M|||50|]Scizor||Leftovers|Technician|BulletPunch,Uturn,Substitute,SwordsDance|Impish||M|||50|
|
|t:|1784843584
|teamsize|p1|4
|teamsize|p2|4
|start
|switch|p1a: Malamar|Malamar, L50, F|100/100
|switch|p1b: Maushold|Maushold-Four, L50|100/100
|switch|p2a: Gengar|Gengar, L50, M|100/100
|switch|p2b: Tinkaton|Tinkaton, L50, F|100/100
|-ability|p2b: Tinkaton|Mold Breaker
|turn|1
|
|t:|1784843601
|switch|p1b: Incineroar|Incineroar, L50, F|100/100
|-ability|p1b: Incineroar|Intimidate|boost
|-unboost|p2a: Gengar|atk|1
|-unboost|p2b: Tinkaton|atk|1
|detailschange|p2a: Gengar|Gengar-Mega, L50, M
|-mega|p2a: Gengar|Gengar|Gengarite
|move|p1a: Malamar|Protect|p1a: Malamar
|-singleturn|p1a: Malamar|Protect
|move|p2b: Tinkaton|Fake Out|p1a: Malamar
|-activate|p1a: Malamar|move: Protect
|move|p2a: Gengar|Perish Song|p2a: Gengar
|-start|p1a: Malamar|perish3|[silent]
|-start|p1b: Incineroar|perish3|[silent]
|-start|p2a: Gengar|perish3|[silent]
|-start|p2b: Tinkaton|perish3|[silent]
|-fieldactivate|move: Perish Song
|
|-start|p2a: Gengar|perish3
|-start|p2b: Tinkaton|perish3
|-start|p1a: Malamar|perish3
|-start|p1b: Incineroar|perish3
|upkeep
|turn|2
|
|t:|1784843621
|switch|p2b: Scizor|Scizor, L50, M|100/100
|move|p2a: Gengar|Protect|p2a: Gengar
|-singleturn|p2a: Gengar|Protect
|move|p1b: Incineroar|Fake Out|p2b: Scizor
|-resisted|p2b: Scizor|1
|-damage|p2b: Scizor|93/100
|-damage|p1b: Incineroar|90/100|[from] item: Life Orb
|move|p1a: Malamar|Trick Room|p1a: Malamar
|-fieldstart|move: Trick Room|[of] p1a: Malamar
|
|-heal|p2b: Scizor|99/100|[from] item: Leftovers
|-start|p1b: Incineroar|perish2
|-start|p1a: Malamar|perish2
|-start|p2a: Gengar|perish2
|upkeep
|turn|3
|
|t:|1784843644
|switch|p2a: Tinkaton|Tinkaton, L50, F|100/100
|-ability|p2a: Tinkaton|Mold Breaker
|move|p1b: Incineroar|Flare Blitz|p2a: Tinkaton
|-supereffective|p2a: Tinkaton|1
|-damage|p2a: Tinkaton|0 fnt
|faint|p2a: Tinkaton
|-damage|p1b: Incineroar|60/100|[from] Recoil
|-damage|p1b: Incineroar|51/100|[from] item: Life Orb
|move|p2b: Scizor|U-turn|p1a: Malamar
|-supereffective|p1a: Malamar|2
|-damage|p1a: Malamar|0 fnt
|faint|p1a: Malamar
|
|t:|1784843653
|switch|p2b: Gengar|Gengar-Mega, L50, M|100/100|[from] U-turn
|
|-start|p1b: Incineroar|perish1
|upkeep
|
|t:|1784843661
|switch|p1a: Mawile|Mawile, L50, M|100/100
|switch|p2a: Sableye|Sableye, L50, M|100/100
|turn|4
|
|t:|1784843682
|detailschange|p1a: Mawile|Mawile-Mega, L50, M
|-mega|p1a: Mawile|Mawile|Mawilite
|move|p2a: Sableye|Fake Out|p1b: Incineroar
|-damage|p1b: Incineroar|43/100
|move|p1a: Mawile|Rock Slide|p2b: Gengar|[spread] p2a,p2b
|-crit|p2a: Sableye
|-damage|p2a: Sableye|43/100
|-damage|p2b: Gengar|54/100
|cant|p1b: Incineroar|flinch
|move|p2b: Gengar|Perish Song|p2b: Gengar
|-start|p1a: Mawile|perish3|[silent]
|-start|p2a: Sableye|perish3|[silent]
|-start|p2b: Gengar|perish3|[silent]
|-fieldactivate|move: Perish Song
|
|-start|p1a: Mawile|perish3
|-start|p2a: Sableye|perish3
|-start|p1b: Incineroar|perish0
|-start|p2b: Gengar|perish3
|faint|p1b: Incineroar
|upkeep
|
|t:|1784843687
|switch|p1b: Maushold|Maushold-Four, L50|100/100
|turn|5
|
|t:|1784843701
|move|p1b: Maushold|Follow Me|p1b: Maushold
|-singleturn|p1b: Maushold|move: Follow Me
|move|p2a: Sableye|Disable|p1b: Maushold
|-start|p1b: Maushold|Disable|Follow Me
|move|p1a: Mawile|Rock Slide|p2a: Sableye|[spread] p2a,p2b
|-damage|p2a: Sableye|7/100
|-damage|p2b: Gengar|4/100
|move|p2b: Gengar|Perish Song|p2b: Gengar
|-start|p1b: Maushold|perish3|[silent]
|-fieldactivate|move: Perish Song
|
|-start|p1a: Mawile|perish2
|-start|p2a: Sableye|perish2
|-start|p1b: Maushold|perish3
|-start|p2b: Gengar|perish2
|upkeep
|turn|6
|
|t:|1784843719
|move|p1a: Mawile|Protect|p1a: Mawile
|-singleturn|p1a: Mawile|Protect
|move|p1b: Maushold|Protect|p1b: Maushold
|-singleturn|p1b: Maushold|Protect
|move|p2b: Gengar|Protect|p2b: Gengar
|-singleturn|p2b: Gengar|Protect
|move|p2a: Sableye|Encore|p1b: Maushold
|-activate|p1b: Maushold|move: Protect
|
|-start|p1a: Mawile|perish1
|-start|p2a: Sableye|perish1
|-start|p1b: Maushold|perish2
|-start|p2b: Gengar|perish1
|-fieldend|move: Trick Room
|upkeep
|turn|7
|-message|Jables412 forfeited.
|
|win|sableye_dahora
||Jables412 is ready for game 2.
|inactive|sableye_dahora has 30 seconds to confirm battle start!
|inactive|sableye_dahora has 20 seconds to confirm battle start!
|inactive|sableye_dahora has 10 seconds to confirm battle start!
|l|☆sableye_dahora
|player|p2|
|uhtml|next|Next: Game 2 of 3
