|j|☆bonomia
|j|☆Daniw9
|html|bonomiaDaniw9    
|uhtml|bestof|Game 1 of a best-of-3
|t:|1756486380
|gametype|doubles
|player|p1|bonomia|tourist|1222
|player|p2|Daniw9|2|1222
|gen|9
|tier|[Gen 9] VGC 2025 Reg H (Bo3)
|rated|
|rule|Species Clause: Limit one of each Pokémon
|rule|Item Clause: Limit 1 of each item
|clearpoke
|poke|p1|Gholdengo, L50|
|poke|p1|Electabuzz, L50, F|
|poke|p1|Ursaluna-Bloodmoon, L50, M|
|poke|p1|Sneasler, L50, M|
|poke|p1|Dragonite, L50, F|
|poke|p1|Dondozo, L50, M|
|poke|p2|Garchomp, L50, F|
|poke|p2|Tyranitar, L50, F|
|poke|p2|Delphox, L50, F|
|poke|p2|Indeedee-F, L50, F|
|poke|p2|Gallade, L50, M|
|poke|p2|Whimsicott, L50, F|
|teampreview|4
|showteam|p1|Gholdengo||LifeOrb|GoodasGold|Protect,MakeItRain,ShadowBall,NastyPlot||||||50|,,,,,Water]Electabuzz||Eviolite|VitalSpirit|Protect,FollowMe,Electroweb,LightScreen|||F|||50|,,,,,Fairy]Ursaluna-Bloodmoon||AssaultVest|MindsEye|HyperVoice,EarthPower,BloodMoon,VacuumWave|||M|||50|,,,,,Normal]Sneasler||WhiteHerb|Unburden|CloseCombat,DireClaw,ThroatChop,Coaching|||M|||50|,,,,,Stellar]Dragonite||LoadedDice|Multiscale|Protect,ScaleShot,ExtremeSpeed,Haze|||F|||50|,,,,,Fairy]Dondozo||Leftovers|Unaware|Protect,Liquidation,Yawn,Fissure|||M|||50|,,,,,Electric
|showteam|p2|Garchomp||LifeOrb|SandVeil|Earthquake,StompingTantrum,Protect,DragonClaw|||F|||50|,,,,,Steel]Tyranitar||AssaultVest|SandStream|RockSlide,TeraBlast,KnockOff,LowKick|||F|||50|,,,,,Flying]Delphox||PsychicSeed|Magician|ExpandingForce,HeatWave,TeraBlast,Protect|||F|||50|,,,,,Fairy]Indeedee-F||SafetyGoggles|PsychicSurge|DazzlingGleam,TrickRoom,FollowMe,HelpingHand|||F|||50|,,,,,Water]Gallade||ClearAmulet|Sharpness|SacredSword,PsychoCut,TrickRoom,Protect|||M|||50|,,,,,Grass]Whimsicott||CovertCloak|Prankster|Moonblast,Tailwind,Encore,Protect|||F|||50|,,,,,Ghost
|inactive|Battle timer is ON: inactive players will automatically lose when time's up. (requested by bonomia)
|inactive|bonomia has 60 seconds left.
|inactive|Daniw9 has 60 seconds left.
|inactive|bonomia has 30 seconds left.
|inactive|bonomia has 20 seconds left.
|inactive|bonomia has 15 seconds left.
|inactive|bonomia has 10 seconds left.
|inactive|bonomia has 5 seconds left.
|
|t:|1756486479
|teamsize|p1|4
|teamsize|p2|4
|start
|switch|p1a: Electabuzz|Electabuzz, L50, F|100/100
|switch|p1b: Ursaluna|Ursaluna-Bloodmoon, L50, M|100/100
|switch|p2a: Delphox|Delphox, L50, F|100/100
|switch|p2b: Indeedee|Indeedee-F, L50, F|100/100
|-fieldstart|move: Psychic Terrain|[from] ability: Psychic Surge|[of] p2b: Indeedee
|-enditem|p2a: Delphox|Psychic Seed
|-boost|p2a: Delphox|spd|1|[from] item: Psychic Seed
|turn|1
|inactive|bonomia has 30 seconds left.
|inactive|bonomia has 20 seconds left.
|inactive|bonomia has 15 seconds left.
|
|t:|1756486521
|-terastallize|p1b: Ursaluna|Normal
|move|p2b: Indeedee|Helping Hand|p2a: Delphox
|-singleturn|p2a: Delphox|Helping Hand|[of] p2b: Indeedee
|move|p2a: Delphox|Expanding Force|p1a: Electabuzz|[spread] p1a,p1b
|-damage|p1a: Electabuzz|46/100
|-damage|p1b: Ursaluna|50/100
|-item|p2a: Delphox|Eviolite|[from] ability: Magician|[of] p1a: Electabuzz
|move|p1a: Electabuzz|Light Screen|p1a: Electabuzz
|-sidestart|p1: bonomia|move: Light Screen
|move|p1b: Ursaluna|Hyper Voice|p2a: Delphox|[spread] p2a,p2b
|-damage|p2a: Delphox|64/100
|-damage|p2b: Indeedee|51/100
|
|upkeep
|turn|2
|inactive|bonomia has 30 seconds left.
|inactive|Daniw9 has 30 seconds left.
|inactive|bonomia has 20 seconds left.
|
|t:|1756486559
|move|p2b: Indeedee|Helping Hand|p2a: Delphox
|-singleturn|p2a: Delphox|Helping Hand|[of] p2b: Indeedee
|move|p1a: Electabuzz|Protect|p1a: Electabuzz
|-singleturn|p1a: Electabuzz|Protect
|move|p2a: Delphox|Expanding Force|p1a: Electabuzz|[spread] p1b
|-activate|p1a: Electabuzz|move: Protect
|-damage|p1b: Ursaluna|12/100
|move|p1b: Ursaluna|Hyper Voice|p2a: Delphox|[spread] p2a,p2b
|-damage|p2a: Delphox|24/100
|-damage|p2b: Indeedee|7/100
|
|upkeep
|turn|3
|
|t:|1756486583
|move|p2a: Delphox|Expanding Force|p1a: Electabuzz|[spread] p1a,p1b
|-damage|p1a: Electabuzz|4/100
|-damage|p1b: Ursaluna|0 fnt
|faint|p1b: Ursaluna
|move|p1a: Electabuzz|Electroweb|p2b: Indeedee|[spread] p2a,p2b
|-damage|p2a: Delphox|14/100
|-damage|p2b: Indeedee|0 fnt
|-unboost|p2a: Delphox|spe|1
|faint|p2b: Indeedee
|
|upkeep
|
|t:|1756486601
|switch|p1b: Dondozo|Dondozo, L50, M|100/100
|switch|p2b: Tyranitar|Tyranitar, L50, F|100/100
|-weather|Sandstorm|[from] ability: Sand Stream|[of] p2b: Tyranitar
|turn|4
|
|t:|1756486618
|-terastallize|p2b: Tyranitar|Flying
|move|p2a: Delphox|Protect|p2a: Delphox
|-singleturn|p2a: Delphox|Protect
|move|p1a: Electabuzz|Electroweb|p2a: Delphox|[spread] p2b
|-activate|p2a: Delphox|move: Protect
|-supereffective|p2b: Tyranitar
|-damage|p2b: Tyranitar|85/100
|-unboost|p2b: Tyranitar|spe|1
|move|p2b: Tyranitar|Rock Slide|p1a: Electabuzz|[spread] p1a,p1b
|-damage|p1a: Electabuzz|0 fnt
|-damage|p1b: Dondozo|85/100
|faint|p1a: Electabuzz
|move|p1b: Dondozo|Yawn|p2b: Tyranitar
|-start|p2b: Tyranitar|move: Yawn|[of] p1b: Dondozo
|
|-weather|Sandstorm|[upkeep]
|-damage|p2a: Delphox|8/100|[from] Sandstorm
|-damage|p2b: Tyranitar|79/100|[from] Sandstorm
|-damage|p1b: Dondozo|79/100|[from] Sandstorm
|-heal|p1b: Dondozo|85/100|[from] item: Leftovers
|upkeep
|
|t:|1756486634
|switch|p1a: Dragonite|Dragonite, L50, F|100/100
|turn|5
|
|t:|1756486653
|switch|p2b: Gallade|Gallade, L50, M|100/100
|move|p1a: Dragonite|Scale Shot|p2a: Delphox
|-damage|p2a: Delphox|0 fnt
|faint|p2a: Delphox
|-hitcount|p2: Delphox|1
|-unboost|p1a: Dragonite|def|1
|-boost|p1a: Dragonite|spe|1
|move|p1b: Dondozo|Yawn|p2b: Gallade
|-start|p2b: Gallade|move: Yawn|[of] p1b: Dondozo
|
|-weather|Sandstorm|[upkeep]
|-damage|p1a: Dragonite|94/100|[from] Sandstorm
|-damage|p2b: Gallade|95/100|[from] Sandstorm
|-damage|p1b: Dondozo|79/100|[from] Sandstorm
|-heal|p1b: Dondozo|85/100|[from] item: Leftovers
|-sideend|p1: bonomia|move: Light Screen
|-fieldend|move: Psychic Terrain
|upkeep
|
|t:|1756486660
|switch|p2a: Tyranitar|Tyranitar, L50, F, tera:Flying|79/100
|turn|6
|
|t:|1756486682
|move|p1a: Dragonite|Protect|p1a: Dragonite
|-singleturn|p1a: Dragonite|Protect
|move|p2b: Gallade|Psycho Cut|p1b: Dondozo
|-damage|p1b: Dondozo|52/100
|move|p2a: Tyranitar|Rock Slide|p1a: Dragonite|[spread] p1b
|-activate|p1a: Dragonite|move: Protect
|-damage|p1b: Dondozo|34/100
|move|p1b: Dondozo|Yawn|p2a: Tyranitar
|-start|p2a: Tyranitar|move: Yawn|[of] p1b: Dondozo
|
|-weather|Sandstorm|[upkeep]
|-damage|p1a: Dragonite|88/100|[from] Sandstorm
|-damage|p2b: Gallade|89/100|[from] Sandstorm
|-damage|p2a: Tyranitar|73/100|[from] Sandstorm
|-damage|p1b: Dondozo|28/100|[from] Sandstorm
|-heal|p1b: Dondozo|34/100|[from] item: Leftovers
|-end|p2b: Gallade|move: Yawn|[silent]
|-status|p2b: Gallade|slp
|upkeep
|turn|7
|inactive|bonomia has 30 seconds left.
|inactive|Daniw9 has 30 seconds left.
|inactive|Daniw9 has 20 seconds left.
|inactive|Daniw9 has 15 seconds left.
|
|t:|1756486723
|move|p1a: Dragonite|Haze|p1a: Dragonite
|-clearallboost
|cant|p2b: Gallade|slp
|move|p2a: Tyranitar|Rock Slide|p1a: Dragonite|[spread] p1a,p1b
|-supereffective|p1a: Dragonite
|-damage|p1a: Dragonite|22/100
|-damage|p1b: Dondozo|16/100
|move|p1b: Dondozo|Liquidation|p2b: Gallade
|-damage|p2b: Gallade|47/100 slp
|
|-weather|Sandstorm|[upkeep]
|-damage|p1a: Dragonite|16/100|[from] Sandstorm
|-damage|p2b: Gallade|41/100 slp|[from] Sandstorm
|-damage|p2a: Tyranitar|67/100|[from] Sandstorm
|-damage|p1b: Dondozo|10/100|[from] Sandstorm
|-heal|p1b: Dondozo|16/100|[from] item: Leftovers
|-end|p2a: Tyranitar|move: Yawn|[silent]
|-status|p2a: Tyranitar|slp
|upkeep
|turn|8
|
|t:|1756486745
|move|p1a: Dragonite|Extreme Speed|p2b: Gallade
|-damage|p2b: Gallade|0 fnt
|faint|p2b: Gallade
|cant|p2a: Tyranitar|slp
|move|p1b: Dondozo|Liquidation|p2a: Tyranitar
|-damage|p2a: Tyranitar|44/100 slp
|
|-weather|none
|-heal|p1b: Dondozo|22/100|[from] item: Leftovers
|upkeep
|turn|9
|inactive|bonomia has 30 seconds left.
|inactive|bonomia has 20 seconds left.
|inactive|bonomia has 15 seconds left.
|
|t:|1756486788
|move|p1a: Dragonite|Scale Shot|p2a: Tyranitar
|-damage|p2a: Tyranitar|32/100 slp
|-damage|p2a: Tyranitar|21/100 slp
|-damage|p2a: Tyranitar|10/100 slp
|-damage|p2a: Tyranitar|0 fnt
|faint|p2a: Tyranitar
|-hitcount|p2: Tyranitar|4
|
|win|bonomia
||bonomia is ready for game 2.
|inactive|Daniw9 has 30 seconds to confirm battle start!
||Daniw9 is ready for game 2.
|uhtml|next|Next: Game 2 of 3
