|j|☆buggy es el rey
|j|☆shiroblast
|html|buggy es el reyshiroblast    
|uhtml|bestof|Game 2 of a best-of-3
|t:|1785605210
|gametype|doubles
|player|p1|buggy es el rey|gambler|1124
|player|p2|shiroblast|benga|1127
|gen|9
|tier|[Gen 9 Champions] VGC 2026 Reg M-B (Bo3)
|rated|
|rule|Species Clause: Limit one of each Pokémon
|rule|Item Clause: Limit 1 of each item
|clearpoke
|poke|p1|Froslass, L50, F|
|poke|p1|Delphox, L50, F|
|poke|p1|Incineroar, L50, M|
|poke|p1|Sneasler, L50, F|
|poke|p1|Basculegion, L50, M|
|poke|p1|Whimsicott, L50, F|
|poke|p2|Staraptor, L50, M|
|poke|p2|Garchomp, L50, M|
|poke|p2|Whimsicott, L50, M|
|poke|p2|Delphox, L50, M|
|poke|p2|Glimmora, L50, M|
|poke|p2|Kingambit, L50, M|
|teampreview|4
|showteam|p1|Froslass||Froslassite|CursedBody|Protect,AuroraVeil,Blizzard,ShadowBall|Timid||F|||50|]Delphox||Delphoxite|Blaze|Protect,NastyPlot,HeatWave,Psychic|Timid||F|||50|]Incineroar||SitrusBerry|Intimidate|FakeOut,FlareBlitz,PartingShot,DarkestLariat|Adamant||M|||50|]Sneasler||WhiteHerb|Unburden|FakeOut,CloseCombat,DireClaw,Protect|Jolly||F|||50|]Basculegion||LifeOrb|Adaptability|Protect,AquaJet,WaveCrash,LastRespects|Adamant||M|||50|]Whimsicott||FocusSash|Prankster|Tailwind,Encore,HelpingHand,Moonblast|Careful||F|||50|
|showteam|p2|Staraptor||Staraptite|Intimidate|Protect,Roost,CloseCombat,BraveBird|Jolly||M|||50|]Garchomp||LifeOrb|RoughSkin|Protect,RockSlide,Earthquake,DragonClaw|Jolly||M|||50|]Whimsicott||OccaBerry|Prankster|Moonblast,Tailwind,Charm,LightScreen|Timid||M|||50|]Delphox||Delphoxite|Magician|Protect,Psychic,HeatWave,Substitute|Timid||M|||50|]Glimmora||FocusSash|ToxicDebris|SpikyShield,SludgeBomb,EarthPower,PowerGem|Timid||M|||50|]Kingambit||ChopleBerry|Defiant|SuckerPunch,LowKick,IronHead,KowtowCleave|Adamant||M|||50|
|
|t:|1785605243
|teamsize|p1|4
|teamsize|p2|4
|start
|switch|p1a: Delphox|Delphox, L50, F|100/100
|switch|p1b: Whimsicott|Whimsicott, L50, F|100/100
|switch|p2a: Garchomp|Garchomp, L50, M|100/100
|switch|p2b: Delphox|Delphox, L50, M|100/100
|turn|1
|inactive|Battle timer is ON: inactive players will automatically lose when time's up. (requested by shiroblast)
|
|t:|1785605293
|switch|p1b: Sneasler|Sneasler, L50, F|100/100
|detailschange|p1a: Delphox|Delphox-Mega, L50, F
|-mega|p1a: Delphox|Delphox|Delphoxite
|detailschange|p2b: Delphox|Delphox-Mega, L50, M
|-mega|p2b: Delphox|Delphox|Delphoxite
|move|p1a: Delphox|Protect|p1a: Delphox
|-singleturn|p1a: Delphox|Protect
|move|p2b: Delphox|Heat Wave|p1a: Delphox|[spread] p1b
|-activate|p1a: Delphox|move: Protect
|-damage|p1b: Sneasler|50/100g
|move|p2a: Garchomp|Rock Slide|p1b: Sneasler|[spread] 
|-activate|p1a: Delphox|move: Protect
|-miss|p2a: Garchomp|p1b: Sneasler
|
|upkeep
|turn|2
|inactive|shiroblast has 30 seconds left.
|
|t:|1785605322
|move|p2a: Garchomp|Protect|p2a: Garchomp
|-singleturn|p2a: Garchomp|Protect
|move|p1b: Sneasler|Fake Out|p2a: Garchomp
|-activate|p2a: Garchomp|move: Protect
|move|p1a: Delphox|Nasty Plot|p1a: Delphox
|-boost|p1a: Delphox|spa|2
|move|p2b: Delphox|Psychic|p1b: Sneasler
|-supereffective|p1b: Sneasler|2
|-damage|p1b: Sneasler|0 fnt
|faint|p1b: Sneasler
|
|upkeep
|
|t:|1785605334
|switch|p1b: Whimsicott|Whimsicott, L50, F|100/100
|turn|3
|
|t:|1785605358
|switch|p2a: Glimmora|Glimmora, L50, M|100/100
|move|p1b: Whimsicott|Helping Hand|p1a: Delphox
|-singleturn|p1a: Delphox|Helping Hand|[of] p1b: Whimsicott
|move|p1a: Delphox|Psychic|p2a: Glimmora
|-supereffective|p2a: Glimmora|1
|-enditem|p2a: Glimmora|Focus Sash
|-damage|p2a: Glimmora|1/100
|move|p2b: Delphox|Heat Wave|p1a: Delphox|[spread] p1a,p1b
|-resisted|p1a: Delphox|1
|-supereffective|p1b: Whimsicott|1
|-damage|p1a: Delphox|80/100
|-damage|p1b: Whimsicott|2/100
|
|upkeep
|turn|4
|inactive|buggy es el rey has 30 seconds left.
|inactive|shiroblast has 30 seconds left.
|inactive|buggy es el rey has 20 seconds left.
|
|t:|1785605395
|move|p1b: Whimsicott|Tailwind|p1b: Whimsicott
|-sidestart|p1: buggy es el rey|move: Tailwind
|move|p1a: Delphox|Heat Wave|p2b: Delphox|[spread] p2a,p2b
|-resisted|p2a: Glimmora|1
|-resisted|p2b: Delphox|1
|-damage|p2a: Glimmora|0 fnt
|-damage|p2b: Delphox|64/100
|faint|p2a: Glimmora
|move|p2b: Delphox|Heat Wave|p1a: Delphox|[spread] p1a,p1b
|-resisted|p1a: Delphox|1
|-supereffective|p1b: Whimsicott|1
|-damage|p1a: Delphox|60/100
|-damage|p1b: Whimsicott|0 fnt
|faint|p1b: Whimsicott
|
|upkeep
|
|t:|1785605407
|switch|p2a: Kingambit|Kingambit, L50, M|100/100
|switch|p1b: Basculegion|Basculegion, L50, M|100/100
|turn|5
|inactive|shiroblast has 30 seconds left.
|
|t:|1785605434
|move|p1a: Delphox|Protect|p1a: Delphox
|-singleturn|p1a: Delphox|Protect
|move|p2b: Delphox|Protect|p2b: Delphox
|-singleturn|p2b: Delphox|Protect
|move|p2a: Kingambit|Sucker Punch|p1b: Basculegion
|-supereffective|p1b: Basculegion|1
|-damage|p1b: Basculegion|0 fnt
|faint|p1b: Basculegion
|
|upkeep
|turn|6
|
|t:|1785605451
|move|p2a: Kingambit|Sucker Punch|p1a: Delphox
|-supereffective|p1a: Delphox|1
|-damage|p1a: Delphox|0 fnt
|faint|p1a: Delphox
|
|win|shiroblast
||shiroblast is ready for game 3.
||buggy es el rey is ready for game 3.
|uhtml|next|Next: Game 3 of 3
|j| aggroat23
|l|☆buggy es el rey
|player|p1|
