|j|☆Z4RDEL
|j|☆MrBloku
|html|Z4RDELMrBloku    
|uhtml|bestof|Game 3 of a best-of-3
|t:|1783279063
|gametype|doubles
|player|p1|Z4RDEL|miku-fire|
|player|p2|MrBloku|101|
|gen|9
|tier|[Gen 9 Champions] VGC 2026 Reg M-B (Bo3)
|rule|Species Clause: Limit one of each Pokémon
|rule|Item Clause: Limit 1 of each item
|clearpoke
|poke|p1|Froslass, L50, F|
|poke|p1|Incineroar, L50, F|
|poke|p1|Glimmora, L50, F|
|poke|p1|Sinistcha-Masterpiece, L50|
|poke|p1|Archaludon, L50, F|
|poke|p1|Raichu, L50, F|
|poke|p2|Staraptor, L50, F|
|poke|p2|Whimsicott, L50, F|
|poke|p2|Delphox, L50, M|
|poke|p2|Clefable, L50, M|
|poke|p2|Garchomp, L50, F|
|poke|p2|Sneasler, L50, F|
|teampreview|4
|showteam|p1|Froslass||Froslassite|CursedBody|Blizzard,ShadowBall,AuroraVeil,Protect|Modest||F|||50|]Incineroar||QuickClaw|Intimidate|PartingShot,FlareBlitz,DarkestLariat,FakeOut|Adamant||F|||50|]Glimmora||FocusSash|ToxicDebris|StealthRock,EarthPower,PowerGem,MortalSpin|Modest||F|||50|]Sinistcha-Masterpiece||SitrusBerry|Hospitality|MatchaGotcha,RagePowder,TrickRoom,LifeDew|Sassy|||||50|]Archaludon||Leftovers|Stamina|ElectroShot,DracoMeteor,FlashCannon,Protect|Bold||F|||50|]Raichu||RaichuniteY|Static|RainDance,ZapCannon,Encore,Protect|Timid||F|||50|
|showteam|p2|Staraptor||Staraptite|Intimidate|Protect,Roost,DualWingbeat,CloseCombat|Jolly||F|||50|]Whimsicott||FocusSash|Prankster|Tickle,Moonblast,Tailwind,Protect|Calm||F|||50|]Delphox||Delphoxite|Blaze|Protect,HeatWave,Psychic,NastyPlot|Timid||M|||50|]Clefable||SitrusBerry|Unaware|FollowMe,Moonblast,HelpingHand,SunnyDay|Calm||M|||50|]Garchomp||LifeOrb|RoughSkin|Protect,DragonClaw,Earthquake,RockSlide|Jolly||F|||50|]Sneasler||WhiteHerb|Unburden|FakeOut,Protect,DireClaw,CloseCombat|Jolly||F|||50|
|inactive|Battle timer is ON: inactive players will automatically lose when time's up. (requested by Z4RDEL)
|inactive|Z4RDEL has 60 seconds left.
|
|t:|1783279102
|teamsize|p1|4
|teamsize|p2|4
|start
|switch|p1a: Froslass|Froslass, L50, F|100/100
|switch|p1b: Glimmora|Glimmora, L50, F|100/100
|switch|p2a: Sneasler|Sneasler, L50, F|100/100
|switch|p2b: Garchomp|Garchomp, L50, F|100/100
|turn|1
|inactive|MrBloku has 30 seconds left.
|inactive|MrBloku has 20 seconds left.
|inactive|MrBloku has 15 seconds left.
|inactive|Z4RDEL has 30 seconds left.
|inactive|MrBloku has 10 seconds left.
|
|t:|1783279154
|detailschange|p1a: Froslass|Froslass-Mega, L50, F
|-mega|p1a: Froslass|Froslass|Froslassite
|-weather|Snowscape|[from] ability: Snow Warning|[of] p1a: Froslass
|move|p2a: Sneasler|Dire Claw|p1a: Froslass
|-resisted|p1a: Froslass|1
|-damage|p1a: Froslass|77/100
|-status|p1a: Froslass|psn
|move|p1a: Froslass|Blizzard|p2a: Sneasler|[spread] p2a,p2b
|-supereffective|p2b: Garchomp|2
|-damage|p2a: Sneasler|29/100
|-damage|p2b: Garchomp|0 fnt
|faint|p2b: Garchomp
|move|p1b: Glimmora|Power Gem|p2a: Sneasler
|-resisted|p2a: Sneasler|1
|-damage|p2a: Sneasler|0 fnt
|faint|p2a: Sneasler
|
|-weather|Snowscape|[upkeep]
|-damage|p1a: Froslass|65/100 psn|[from] psn
|upkeep
|
|t:|1783279170
|switch|p2a: Clefable|Clefable, L50, M|100/100
|switch|p2b: Delphox|Delphox, L50, M|100/100
|turn|2
|
|t:|1783279190
|detailschange|p2b: Delphox|Delphox-Mega, L50, M
|-mega|p2b: Delphox|Delphox|Delphoxite
|move|p2a: Clefable|Follow Me|p2a: Clefable
|-singleturn|p2a: Clefable|move: Follow Me
|move|p2b: Delphox|Heat Wave|p1b: Glimmora|[spread] p1a,p1b
|-supereffective|p1a: Froslass|1
|-resisted|p1b: Glimmora|1
|-damage|p1a: Froslass|0 fnt
|-damage|p1b: Glimmora|68/100
|faint|p1a: Froslass
|move|p1b: Glimmora|Mortal Spin|p2b: Delphox|[spread] p2a,p2b
|-supereffective|p2a: Clefable|1
|-damage|p2a: Clefable|93/100
|-damage|p2b: Delphox|94/100
|-status|p2a: Clefable|psn
|-status|p2b: Delphox|psn
|
|-weather|Snowscape|[upkeep]
|-damage|p2b: Delphox|81/100 psn|[from] psn
|-damage|p2a: Clefable|80/100 psn|[from] psn
|upkeep
|
|t:|1783279200
|switch|p1a: Sinistcha|Sinistcha-Masterpiece, L50|100/100
|-heal|p1b: Glimmora|93/100|[from] ability: Hospitality|[of] p1a: Sinistcha
|turn|3
|inactive|Z4RDEL has 30 seconds left.
|
|t:|1783279227
|move|p1a: Sinistcha|Rage Powder|p1a: Sinistcha
|-singleturn|p1a: Sinistcha|move: Rage Powder
|move|p2a: Clefable|Follow Me|p2a: Clefable
|-singleturn|p2a: Clefable|move: Follow Me
|move|p2b: Delphox|Nasty Plot|p2b: Delphox
|-boost|p2b: Delphox|spa|2
|move|p1b: Glimmora|Power Gem|p2a: Clefable
|-damage|p2a: Clefable|39/100 psn
|-enditem|p2a: Clefable|Sitrus Berry|[eat]
|-heal|p2a: Clefable|64/100 psn|[from] item: Sitrus Berry
|
|-weather|Snowscape|[upkeep]
|-damage|p2b: Delphox|69/100 psn|[from] psn
|-damage|p2a: Clefable|52/100 psn|[from] psn
|upkeep
|turn|4
|
|t:|1783279251
|move|p2a: Clefable|Follow Me|p2a: Clefable
|-singleturn|p2a: Clefable|move: Follow Me
|move|p2b: Delphox|Heat Wave|p1b: Glimmora|[spread] p1a
|-miss|p2b: Delphox|p1b: Glimmora
|-supereffective|p1a: Sinistcha|1
|-damage|p1a: Sinistcha|0 fnt
|faint|p1a: Sinistcha
|move|p1b: Glimmora|Power Gem|p2a: Clefable
|-damage|p2a: Clefable|15/100 psn
|
|-weather|Snowscape|[upkeep]
|-damage|p2b: Delphox|56/100 psn|[from] psn
|-damage|p2a: Clefable|3/100 psn|[from] psn
|upkeep
|
|t:|1783279261
|switch|p1a: Archaludon|Archaludon, L50, F|100/100
|turn|5
|
|t:|1783279271
|move|p2b: Delphox|Psychic|p1b: Glimmora
|-supereffective|p1b: Glimmora|1
|-damage|p1b: Glimmora|0 fnt
|faint|p1b: Glimmora
|move|p1a: Archaludon|Draco Meteor|p2b: Delphox
|-damage|p2b: Delphox|7/100 psn
|-unboost|p1a: Archaludon|spa|2
|move|p2a: Clefable|Sunny Day|p2a: Clefable
|-weather|SunnyDay
|
|-weather|SunnyDay|[upkeep]
|-damage|p2b: Delphox|0 fnt|[from] psn
|faint|p2b: Delphox
|-damage|p2a: Clefable|0 fnt|[from] psn
|faint|p2a: Clefable
|
|win|Z4RDEL
|c|☆Z4RDEL|gg
|c|☆MrBloku|gg
