|j|☆MrTedno
|j|☆Tractie
|html|MrTednoTractie    
|uhtml|bestof|Game 3 of a best-of-3
|t:|1757108442
|gametype|doubles
|player|p1|MrTedno|barry|1269
|player|p2|Tractie|170|1314
|gen|9
|tier|[Gen 9] VGC 2025 Reg H (Bo3)
|rated|
|rule|Species Clause: Limit one of each Pokémon
|rule|Item Clause: Limit 1 of each item
|clearpoke
|poke|p1|Ninetales-Alola, L50, M|
|poke|p1|Garchomp, L50, F|
|poke|p1|Flamigo, L50, F|
|poke|p1|Incineroar, L50, F|
|poke|p1|Gholdengo, L50|
|poke|p1|Amoonguss, L50, F|
|poke|p2|Gothitelle, L50, F|
|poke|p2|Dondozo, L50, F|
|poke|p2|Kingambit, L50, M|
|poke|p2|Incineroar, L50, M|
|poke|p2|Amoonguss, L50, F|
|poke|p2|Zoroark-Hisui, L50, F|
|teampreview|4
|showteam|p1|Ninetales-Alola||LightClay|SnowWarning|Protect,Blizzard,FreezeDry,AuroraVeil|||M|||50|,,,,,Water]Garchomp||ClearAmulet|RoughSkin|Earthquake,DragonClaw,StompingTantrum,Protect|||F|||50|,,,,,Fire]Flamigo||CovertCloak|Scrappy|BraveBird,CloseCombat,Tailwind,Detect|||F|||50|,,,,,Stellar]Incineroar||SafetyGoggles|Intimidate|FakeOut,PartingShot,FlareBlitz,KnockOff|||F|||50|,,,,,Ghost]Gholdengo||LifeOrb|GoodasGold|ShadowBall,MakeItRain,NastyPlot,Protect||||||50|,,,,,Flying]Amoonguss||SitrusBerry|Regenerator|Spore,RagePowder,PollenPuff,ClearSmog|||F|||50|,,,,,Water
|showteam|p2|Gothitelle||SitrusBerry|ShadowTag|FakeOut,Psychic,TrickRoom,Protect|||F|||50|,,,,,Water]Dondozo||Leftovers|Unaware|WaveCrash,BodyPress,Yawn,Protect|||F|||50|,,,,,Electric]Kingambit||BlackGlasses|Defiant|SuckerPunch,KowtowCleave,SwordsDance,Protect|||M|||50|,,,,,Dark]Incineroar||SafetyGoggles|Intimidate|FakeOut,FlareBlitz,KnockOff,PartingShot|||M|||50|,,,,,Ghost]Amoonguss||RockyHelmet|Regenerator|Spore,RagePowder,PollenPuff,Protect|||F|||50|,,,,,Fairy]Zoroark-Hisui||LifeOrb|Illusion|ShadowBall,TeraBlast,FocusBlast,Protect|||F|||50|,,,,,Stellar
|inactive|Battle timer is ON: inactive players will automatically lose when time's up. (requested by Tractie)
|inactive|Tractie has 60 seconds left.
|inactive|Tractie has 30 seconds left.
|
|t:|1757108506
|teamsize|p1|4
|teamsize|p2|4
|start
|switch|p1a: Melman|Amoonguss, L50, F|100/100
|switch|p1b: Alex|Garchomp, L50, F|100/100
|switch|p2a: Incineroar|Incineroar, L50, M|100/100
|switch|p2b: Gothitelle|Gothitelle, L50, F|100/100
|-ability|p2a: Incineroar|Intimidate|boost
|-unboost|p1a: Melman|atk|1
|-fail|p1b: Alex|unboost|[from] item: Clear Amulet|[of] p1b: Alex
|turn|1
|inactive|Tractie has 30 seconds left.
|inactive|Tractie has 20 seconds left.
|inactive|Tractie has 15 seconds left.
|
|t:|1757108549
|-terastallize|p2a: Incineroar|Ghost
|-terastallize|p1a: Melman|Water
|move|p2b: Gothitelle|Protect|p2b: Gothitelle
|-singleturn|p2b: Gothitelle|Protect
|move|p1b: Alex|Stomping Tantrum|p2a: Incineroar
|-damage|p2a: Incineroar|63/100
|move|p2a: Incineroar|Knock Off|p1a: Melman
|-damage|p1a: Melman|65/100
|-enditem|p1a: Melman|Sitrus Berry|[from] move: Knock Off|[of] p2a: Incineroar
|move|p1a: Melman|Spore|p2b: Gothitelle
|-activate|p2b: Gothitelle|move: Protect
|
|upkeep
|turn|2
|inactive|Tractie has 30 seconds left.
|inactive|Tractie has 20 seconds left.
|
|t:|1757108587
|move|p1b: Alex|Dragon Claw|p2a: Incineroar
|-damage|p2a: Incineroar|20/100
|move|p2b: Gothitelle|Psychic|p1a: Melman
|-damage|p1a: Melman|37/100
|move|p2a: Incineroar|Knock Off|p1b: Alex
|-damage|p1b: Alex|59/100
|-damage|p2a: Incineroar|7/100|[from] ability: Rough Skin|[of] p1b: Alex
|-enditem|p1b: Alex|Clear Amulet|[from] move: Knock Off|[of] p2a: Incineroar
|move|p1a: Melman|Spore|p2b: Gothitelle
|-status|p2b: Gothitelle|slp|[from] move: Spore
|
|upkeep
|turn|3
|inactive|MrTedno has 30 seconds left.
|inactive|Tractie has 30 seconds left.
|inactive|MrTedno has 20 seconds left.
|inactive|Tractie has 20 seconds left.
|inactive|MrTedno has 15 seconds left.
|inactive|MrTedno has 10 seconds left.
|inactive|Tractie has 15 seconds left.
|inactive|Tractie has 10 seconds left.
|
|t:|1757108643
|switch|p2a: Dondozo|Dondozo, L50, F|100/100
|cant|p2b: Gothitelle|slp
|move|p1b: Alex|Dragon Claw|p2a: Dondozo
|-damage|p2a: Dondozo|76/100
|move|p1a: Melman|Pollen Puff|p1b: Alex
|-heal|p1b: Alex|100/100
|
|-heal|p2a: Dondozo|82/100|[from] item: Leftovers
|upkeep
|turn|4
|
|t:|1757108660
|switch|p2a: Incineroar|Incineroar, L50, M, tera:Ghost|7/100
|-ability|p2a: Incineroar|Intimidate|boost
|-unboost|p1a: Melman|atk|1
|-unboost|p1b: Alex|atk|1
|move|p1b: Alex|Stomping Tantrum|p2b: Gothitelle
|-damage|p2b: Gothitelle|77/100 slp
|-curestatus|p2b: Gothitelle|slp|[msg]
|move|p2b: Gothitelle|Psychic|p1a: Melman
|-damage|p1a: Melman|10/100
|move|p1a: Melman|Spore|p2a: Incineroar
|-activate|p2a: Incineroar|item: Safety Goggles|Spore
|
|upkeep
|turn|5
|inactive|Tractie has 30 seconds left.
|inactive|Tractie has 20 seconds left.
|inactive|Tractie has 15 seconds left.
|inactive|Tractie has 10 seconds left.
|
|t:|1757108709
|move|p2a: Incineroar|Fake Out|p1a: Melman
|-damage|p1a: Melman|0 fnt
|faint|p1a: Melman
|move|p1b: Alex|Dragon Claw|p2a: Incineroar
|-damage|p2a: Incineroar|0 fnt
|faint|p2a: Incineroar
|move|p2b: Gothitelle|Psychic|p1b: Alex
|-crit|p1b: Alex
|-damage|p1b: Alex|49/100
|
|upkeep
|
|t:|1757108725
|switch|p2a: Dondozo|Dondozo, L50, F|100/100
|switch|p1a: Julien|Incineroar, L50, F|100/100
|-ability|p1a: Julien|Intimidate|boost
|-unboost|p2a: Dondozo|atk|1
|-unboost|p2b: Gothitelle|atk|1
|turn|6
|
|t:|1757108746
|move|p2a: Dondozo|Protect|p2a: Dondozo
|-singleturn|p2a: Dondozo|Protect
|move|p1b: Alex|Protect|p1b: Alex
|-singleturn|p1b: Alex|Protect
|move|p2b: Gothitelle|Protect|p2b: Gothitelle
|-singleturn|p2b: Gothitelle|Protect
|move|p1a: Julien|Knock Off|p2a: Dondozo
|-activate|p2a: Dondozo|move: Protect
|
|upkeep
|turn|7
|inactive|Tractie has 30 seconds left.
|inactive|Tractie has 20 seconds left.
|inactive|Tractie has 15 seconds left.
|
|t:|1757108790
|move|p2a: Dondozo|Focus Blast|p1a: Julien
|-supereffective|p1a: Julien
|-crit|p1a: Julien
|-damage|p1a: Julien|0 fnt
|faint|p1a: Julien
|-damage|p2a: Dondozo|91/100|[from] item: Life Orb
|move|p1b: Alex|Stomping Tantrum|p2a: Dondozo
|-damage|p2a: Dondozo|38/100
|replace|p2a: Zoroark|Zoroark-Hisui, L50, F
|-end|p2a: Zoroark|Illusion
|move|p2b: Gothitelle|Trick Room|p2b: Gothitelle
|-fieldstart|move: Trick Room|[of] p2b: Gothitelle
|
|upkeep
|
|t:|1757108803
|switch|p1a: Flamigo|Flamigo, L50, F|100/100
|turn|8
|
|t:|1757108821
|move|p2b: Gothitelle|Protect|p2b: Gothitelle
|-singleturn|p2b: Gothitelle|Protect
|move|p1a: Flamigo|Detect|p1a: Flamigo
|-singleturn|p1a: Flamigo|Protect
|move|p1b: Alex|Protect|p1b: Alex
|-singleturn|p1b: Alex|Protect
|move|p2a: Zoroark|Shadow Ball|p1b: Alex
|-activate|p1b: Alex|move: Protect
|
|upkeep
|turn|9
|
|t:|1757108844
|move|p2b: Gothitelle|Psychic|p1a: Flamigo
|-supereffective|p1a: Flamigo
|-damage|p1a: Flamigo|8/100
|move|p1a: Flamigo|Brave Bird|p2b: Gothitelle
|-damage|p2b: Gothitelle|25/100
|-enditem|p2b: Gothitelle|Sitrus Berry|[eat]
|-heal|p2b: Gothitelle|50/100|[from] item: Sitrus Berry
|-damage|p1a: Flamigo|0 fnt|[from] Recoil
|faint|p1a: Flamigo
|move|p1b: Alex|Earthquake|p2a: Zoroark|[spread] p2a,p2b
|-crit|p2a: Zoroark
|-damage|p2a: Zoroark|0 fnt
|-damage|p2b: Gothitelle|28/100
|faint|p2a: Zoroark
|
|upkeep
|
|t:|1757108857
|switch|p2a: Dondozo|Dondozo, L50, F|82/100
|turn|10
|
|t:|1757108876
|move|p1b: Alex|Protect|p1b: Alex
|-singleturn|p1b: Alex|Protect
|move|p2a: Dondozo|Yawn|p1b: Alex
|-activate|p1b: Alex|move: Protect
|move|p2b: Gothitelle|Psychic|p1b: Alex
|-activate|p1b: Alex|move: Protect
|
|-heal|p2a: Dondozo|88/100|[from] item: Leftovers
|upkeep
|turn|11
|inactive|MrTedno has 30 seconds left.
|
|t:|1757108906
|move|p1b: Alex|Protect||[still]
|-fail|p1b: Alex
|move|p2a: Dondozo|Yawn|p1b: Alex
|-start|p1b: Alex|move: Yawn|[of] p2a: Dondozo
|move|p2b: Gothitelle|Psychic|p1b: Alex
|-damage|p1b: Alex|13/100
|
|-heal|p2a: Dondozo|95/100|[from] item: Leftovers
|-fieldend|move: Trick Room
|upkeep
|turn|12
|-message|MrTedno forfeited.
|
|win|Tractie
|raw|MrTedno's rating: 1269 → 1247(-22 for losing)
|raw|Tractie's rating: 1314 → 1331(+17 for winning)
