|j|☆TypicalAndyy
|j|☆bogging
|html|TypicalAndyybogging    
|uhtml|bestof|Game 2 of a best-of-3
|t:|1755124095
|gametype|doubles
|player|p1|TypicalAndyy|102|1429
|player|p2|bogging|bugcatcher-gen4dp|1459
|gen|9
|tier|[Gen 9] VGC 2025 Reg H (Bo3)
|rated|
|rule|Species Clause: Limit one of each Pokémon
|rule|Item Clause: Limit 1 of each item
|clearpoke
|poke|p1|Yanmega, L50, F|
|poke|p1|Archaludon, L50, M|
|poke|p1|Incineroar, L50, F|
|poke|p1|Gholdengo, L50|
|poke|p1|Ursaluna, L50, M|
|poke|p1|Farigiraf, L50, F|
|poke|p2|Incineroar, L50, F|
|poke|p2|Ursaluna-Bloodmoon, L50, M|
|poke|p2|Farigiraf, L50, F|
|poke|p2|Kommo-o, L50, M|
|poke|p2|Rillaboom, L50, F|
|poke|p2|Araquanid, L50, F|
|teampreview|4
|showteam|p1|Yanmega||FocusSash|SpeedBoost|Tailwind,BugBuzz,Detect,AirSlash|||F|||50|,,,,,Ghost]Archaludon||PowerHerb|Sturdy|Thunderbolt,DragonPulse,Protect,ElectroShot|||M|||50|,,,,,Electric]Incineroar||SafetyGoggles|Intimidate|PartingShot,FlareBlitz,FakeOut,KnockOff|||F|||50|,,,,,Fairy]Gholdengo||LifeOrb|GoodasGold|NastyPlot,ShadowBall,Protect,MakeItRain||||||50|,,,,,Flying]Ursaluna||FlameOrb|Guts|Earthquake,Facade,Protect,HeadlongRush|||M|||50|,,,,,Dragon]Farigiraf||ThroatSpray|ArmorTail|TrickRoom,HyperVoice,Protect,Psychic|||F|||50|,,,,,Water
|showteam|p2|Incineroar||SafetyGoggles|Intimidate|KnockOff,PartingShot,FakeOut,FlareBlitz|||F|||50|,,,,,Ghost]Ursaluna-Bloodmoon||LifeOrb|MindsEye|EarthPower,BloodMoon,HyperVoice,Protect|||M|||50|,,,,,Normal]Farigiraf||LumBerry|ArmorTail|HelpingHand,Psychic,TrickRoom,Protect|||F|||50|,,,,,Water]Kommo-o||ThroatSpray|Overcoat|Protect,ClangorousSoul,AuraSphere,ClangingScales|||M|||50|,,,,,Steel]Rillaboom||AssaultVest|GrassySurge|WoodHammer,GrassyGlide,Uturn,FakeOut|||F|||50|,,,,,Poison]Araquanid||ClearAmulet|WaterBubble|Liquidation,LeechLife,Protect,WideGuard|||F|||50|,,,,,Water
|
|t:|1755124112
|teamsize|p1|4
|teamsize|p2|4
|start
|switch|p1a: Yanmega|Yanmega, L50, F|100/100
|switch|p1b: Archaludon|Archaludon, L50, M, shiny|100/100
|switch|p2a: Incineroar|Incineroar, L50, F|100/100
|switch|p2b: Farigiraf|Farigiraf, L50, F|100/100
|-ability|p2a: Incineroar|Intimidate|boost
|-unboost|p1a: Yanmega|atk|1
|-unboost|p1b: Archaludon|atk|1
|turn|1
|
|t:|1755124171
|switch|p1a: Ursaluna|Ursaluna, L50, M, shiny|100/100
|move|p2a: Incineroar|Fake Out|p1b: Archaludon
|-resisted|p1b: Archaludon
|-damage|p1b: Archaludon|96/100
|cant|p1b: Archaludon|flinch
|move|p2b: Farigiraf|Trick Room|p2b: Farigiraf
|-fieldstart|move: Trick Room|[of] p2b: Farigiraf
|
|-status|p1a: Ursaluna|brn|[from] item: Flame Orb
|upkeep
|turn|2
|
|t:|1755124189
|switch|p1b: Gholdengo|Gholdengo, L50, shiny|100/100
|-terastallize|p2a: Incineroar|Ghost
|move|p2b: Farigiraf|Protect|p2b: Farigiraf
|-singleturn|p2b: Farigiraf|Protect
|move|p1a: Ursaluna|Facade|p2b: Farigiraf
|-activate|p2b: Farigiraf|move: Protect
|move|p2a: Incineroar|Parting Shot|p1a: Ursaluna
|-unboost|p1a: Ursaluna|atk|1
|-unboost|p1a: Ursaluna|spa|1
|
|t:|1755124197
|switch|p2a: Ursaluna|Ursaluna-Bloodmoon, L50, M|100/100|[from] Parting Shot
|
|-damage|p1a: Ursaluna|94/100 brn|[from] brn
|upkeep
|turn|3
|
|t:|1755124216
|-terastallize|p1b: Gholdengo|Flying
|move|p2a: Ursaluna|Protect|p2a: Ursaluna
|-singleturn|p2a: Ursaluna|Protect
|move|p1a: Ursaluna|Earthquake|p2a: Ursaluna|[spread] p2b
|-activate|p2a: Ursaluna|move: Protect
|-immune|p1b: Gholdengo
|-damage|p2b: Farigiraf|59/100
|move|p2b: Farigiraf|Psychic|p1a: Ursaluna
|-damage|p1a: Ursaluna|64/100 brn
|move|p1b: Gholdengo|Make It Rain|p2b: Farigiraf|[spread] p2b
|-activate|p2a: Ursaluna|move: Protect
|-damage|p2b: Farigiraf|7/100
|-unboost|p1b: Gholdengo|spa|1
|-damage|p1b: Gholdengo|91/100|[from] item: Life Orb
|
|-damage|p1a: Ursaluna|58/100 brn|[from] brn
|upkeep
|turn|4
|
|t:|1755124257
|move|p2b: Farigiraf|Helping Hand|p2a: Ursaluna
|-singleturn|p2a: Ursaluna|Helping Hand|[of] p2b: Farigiraf
|move|p1a: Ursaluna|Earthquake|p2a: Ursaluna|[spread] p2a,p2b
|-immune|p1b: Gholdengo
|-damage|p2a: Ursaluna|67/100
|-damage|p2b: Farigiraf|0 fnt
|faint|p2b: Farigiraf
|move|p2a: Ursaluna|Hyper Voice|p1a: Ursaluna|[spread] p1a,p1b
|-damage|p1a: Ursaluna|0 fnt
|-damage|p1b: Gholdengo|14/100
|faint|p1a: Ursaluna
|-damage|p2a: Ursaluna|57/100|[from] item: Life Orb
|move|p1b: Gholdengo|Make It Rain|p2a: Ursaluna
|-damage|p2a: Ursaluna|0 fnt
|-unboost|p1b: Gholdengo|spa|1
|faint|p2a: Ursaluna
|-damage|p1b: Gholdengo|4/100|[from] item: Life Orb
|
|upkeep
|
|t:|1755124279
|switch|p1a: Archaludon|Archaludon, L50, M, shiny|96/100
|switch|p2a: Incineroar|Incineroar, L50, F, tera:Ghost|100/100
|switch|p2b: Araquanid|Araquanid, L50, F|100/100
|-ability|p2a: Incineroar|Intimidate|boost
|-unboost|p1a: Archaludon|atk|1
|-unboost|p1b: Gholdengo|atk|1
|turn|5
|
|t:|1755124289
|move|p1a: Archaludon|Protect|p1a: Archaludon
|-singleturn|p1a: Archaludon|Protect
|move|p2b: Araquanid|Liquidation|p1a: Archaludon
|-activate|p1a: Archaludon|move: Protect
|move|p2a: Incineroar|Knock Off|p1a: Archaludon
|-activate|p1a: Archaludon|move: Protect
|move|p1b: Gholdengo|Make It Rain|p2b: Araquanid|[spread] p2a,p2b
|-resisted|p2b: Araquanid
|-damage|p2a: Incineroar|72/100
|-damage|p2b: Araquanid|87/100
|-unboost|p1b: Gholdengo|spa|1
|-damage|p1b: Gholdengo|0 fnt|[from] item: Life Orb
|faint|p1b: Gholdengo
|
|-fieldend|move: Trick Room
|upkeep
|
|t:|1755124296
|switch|p1b: Yanmega|Yanmega, L50, F|100/100
|turn|6
|
|t:|1755124306
|move|p2b: Araquanid|Protect|p2b: Araquanid
|-singleturn|p2b: Araquanid|Protect
|move|p1b: Yanmega|Air Slash|p2a: Incineroar
|-damage|p2a: Incineroar|35/100
|move|p1a: Archaludon|Electro Shot||[still]
|-prepare|p1a: Archaludon|Electro Shot
|-boost|p1a: Archaludon|spa|1
|-enditem|p1a: Archaludon|Power Herb
|-anim|p1a: Archaludon|Electro Shot|p2a: Incineroar
|-damage|p2a: Incineroar|0 fnt
|faint|p2a: Incineroar
|
|-ability|p1b: Yanmega|Speed Boost|boost
|-boost|p1b: Yanmega|spe|1
|upkeep
|turn|7
|-message|bogging forfeited.
|
|win|TypicalAndyy
|raw|TypicalAndyy's rating: 1429 → 1451(+22 for winning)
|raw|bogging's rating: 1459 → 1437(-22 for losing)
|l|☆bogging
|player|p2|
