|j|☆Lamortse
|j|☆Llama_Llord
|html|LamortseLlama_Llord    
|uhtml|bestof|Game 2 of a best-of-3
|t:|1756728064
|gametype|doubles
|player|p1|Lamortse|170|1072
|player|p2|Llama_Llord|265|1041
|gen|9
|tier|[Gen 9] VGC 2025 Reg H (Bo3)
|rated|
|rule|Species Clause: Limit one of each Pokémon
|rule|Item Clause: Limit 1 of each item
|clearpoke
|poke|p1|Archaludon, L50, F|
|poke|p1|Kingdra, L50, M|
|poke|p1|Politoed, L50, M|
|poke|p1|Incineroar, L50, M|
|poke|p1|Gothitelle, L50, M|
|poke|p1|Amoonguss, L50, M|
|poke|p2|Meowscarada, L50, M|
|poke|p2|Primarina, L50, F|
|poke|p2|Indeedee, L50, M|
|poke|p2|Sneasler, L50, F|
|poke|p2|Tatsugiri, L50, F|
|poke|p2|Kingambit, L50, F|
|teampreview|4
|showteam|p1|Archaludon||PowerHerb|Sturdy|Protect,ElectroShot,FlashCannon,DragonPulse|||F|||50|,,,,,Electric]Kingdra||LifeOrb|SwiftSwim|Protect,DracoMeteor,WeatherBall,MuddyWater|||M|||50|,,,,,Stellar]Politoed||Leftovers|Drizzle|Protect,WeatherBall,PerishSong,Encore|||M|||50|,,,,,Grass]Incineroar||SafetyGoggles|Intimidate|FakeOut,KnockOff,PartingShot,Protect|||M|||50|,,,,,Ghost]Gothitelle||SitrusBerry|ShadowTag|Protect,Psychic,FakeOut,TrickRoom|||M|||50|,,,,,Dark]Amoonguss||EjectButton|Regenerator|Protect,RagePowder,Spore,PollenPuff|||M|||50|,,,,,Fairy
|showteam|p2|Meowscarada||FocusSash|Overgrow|GrassPledge,KnockOff,FlowerTrick,Protect|||M|||50|,,,,,Fairy]Primarina||LifeOrb|LiquidVoice|WaterPledge,HyperVoice,Moonblast,Protect|||F|||50|,,,,,Poison]Indeedee||SafetyGoggles|PsychicSurge|ExpandingForce,Imprison,TrickRoom,Protect|||M|||50|,,,,,Fire]Sneasler||PsychicSeed|Unburden|DireClaw,CloseCombat,ThroatChop,Protect|||F|||50|,,,,,Stellar]Tatsugiri||AssaultVest|StormDrain|DracoMeteor,IcyWind,TeraBlast,Surf|||F|||50|,,,,,Ground]Kingambit||BlackGlasses|Defiant|KowtowCleave,IronHead,SuckerPunch,Protect|||F|||50|,,,,,Fairy
|inactive|Battle timer is ON: inactive players will automatically lose when time's up. (requested by Llama_Llord)
|inactive|Lamortse also wants the timer to be on.
|
|t:|1756728085
|teamsize|p1|4
|teamsize|p2|4
|start
|switch|p1a: Politoed|Politoed, L50, M|100/100
|switch|p1b: Incineroar|Incineroar, L50, M|100/100
|switch|p2a: Puss in Boots|Meowscarada, L50, M|100/100
|switch|p2b: Fiona|Primarina, L50, F|100/100
|-weather|RainDance|[from] ability: Drizzle|[of] p1a: Politoed
|-ability|p1b: Incineroar|Intimidate|boost
|-unboost|p2a: Puss in Boots|atk|1
|-unboost|p2b: Fiona|atk|1
|turn|1
|inactive|Lamortse has 30 seconds left.
|
|t:|1756728113
|move|p2a: Puss in Boots|Flower Trick|p1a: Politoed
|-supereffective|p1a: Politoed
|-crit|p1a: Politoed
|-damage|p1a: Politoed|5/100
|move|p1a: Politoed|Perish Song|p1a: Politoed
|-start|p1a: Politoed|perish3|[silent]
|-start|p1b: Incineroar|perish3|[silent]
|-start|p2a: Puss in Boots|perish3|[silent]
|-start|p2b: Fiona|perish3|[silent]
|-fieldactivate|move: Perish Song
|move|p2b: Fiona|Hyper Voice|p1b: Incineroar|[spread] p1a,p1b
|-resisted|p1a: Politoed
|-supereffective|p1b: Incineroar
|-damage|p1a: Politoed|0 fnt
|-damage|p1b: Incineroar|0 fnt
|faint|p1a: Politoed
|faint|p1b: Incineroar
|-damage|p2b: Fiona|91/100|[from] item: Life Orb
|
|-weather|RainDance|[upkeep]
|-start|p2a: Puss in Boots|perish3
|-start|p2b: Fiona|perish3
|upkeep
|
|t:|1756728117
|switch|p1a: Gothitelle|Gothitelle, L50, M|100/100
|switch|p1b: Archaludon|Archaludon, L50, F|100/100
|turn|2
|
|t:|1756728134
|move|p1a: Gothitelle|Fake Out|p2a: Puss in Boots
|-crit|p2a: Puss in Boots
|-damage|p2a: Puss in Boots|85/100
|cant|p2a: Puss in Boots|flinch
|move|p1b: Archaludon|Electro Shot||[still]
|-prepare|p1b: Archaludon|Electro Shot
|-boost|p1b: Archaludon|spa|1
|-anim|p1b: Archaludon|Electro Shot|p2b: Fiona
|-supereffective|p2b: Fiona
|-damage|p2b: Fiona|0 fnt
|faint|p2b: Fiona
|
|-weather|RainDance|[upkeep]
|-start|p2a: Puss in Boots|perish2
|upkeep
|
|t:|1756728141
|switch|p2b: Tatsugiri|Tatsugiri, L50, F|100/100
|turn|3
|
|t:|1756728158
|-terastallize|p2b: Tatsugiri|Ground
|move|p1b: Archaludon|Protect|p1b: Archaludon
|-singleturn|p1b: Archaludon|Protect
|move|p2a: Puss in Boots|Knock Off|p1b: Archaludon
|-activate|p1b: Archaludon|move: Protect
|move|p2b: Tatsugiri|Tera Blast|p1b: Archaludon|[anim] Tera Blast Ground
|-activate|p1b: Archaludon|move: Protect
|move|p1a: Gothitelle|Psychic|p2b: Tatsugiri
|-damage|p2b: Tatsugiri|71/100
|
|-weather|RainDance|[upkeep]
|-start|p2a: Puss in Boots|perish1
|upkeep
|turn|4
|
|t:|1756728177
|move|p2a: Puss in Boots|Knock Off|p1b: Archaludon
|-damage|p1b: Archaludon|73/100
|-enditem|p1b: Archaludon|Power Herb|[from] move: Knock Off|[of] p2a: Puss in Boots
|move|p1b: Archaludon|Dragon Pulse|p2b: Tatsugiri
|-damage|p2b: Tatsugiri|20/100
|move|p2b: Tatsugiri|Tera Blast|p1b: Archaludon|[anim] Tera Blast Ground
|-supereffective|p1b: Archaludon
|-damage|p1b: Archaludon|0 fnt
|faint|p1b: Archaludon
|move|p1a: Gothitelle|Psychic|p2b: Tatsugiri
|-damage|p2b: Tatsugiri|0 fnt
|faint|p2b: Tatsugiri
|
|-weather|RainDance|[upkeep]
|-start|p2a: Puss in Boots|perish0
|upkeep
|faint|p2a: Puss in Boots
|
|t:|1756728186
|switch|p2b: Indeedee|Indeedee, L50, M|100/100
|-fieldstart|move: Psychic Terrain|[from] ability: Psychic Surge|[of] p2b: Indeedee
|turn|5
|
|t:|1756728194
|-terastallize|p1a: Gothitelle|Dark
|move|p2b: Indeedee|Expanding Force|p1a: Gothitelle
|-immune|p1a: Gothitelle
|move|p1a: Gothitelle|Psychic|p2b: Indeedee
|-resisted|p2b: Indeedee
|-damage|p2b: Indeedee|74/100
|
|-weather|none
|upkeep
|turn|6
|-message|Llama_Llord forfeited.
|
|win|Lamortse
|raw|Lamortse's rating: 1072 → 1099(+27 for winning)
|raw|Llama_Llord's rating: 1041 → 1026(-15 for losing)
