|j|☆Joe245
|j|☆Jojo_Z.ro1015
|html|Joe245Jojo_Z.ro1015    
|uhtml|bestof|Game 1 of a best-of-3
|t:|1785239912
|gametype|doubles
|player|p1|Joe245|lucas-gen4pt|1153
|player|p2|Jojo_Z.ro1015|riley|1003
|gen|9
|tier|[Gen 9 Champions] VGC 2026 Reg M-B (Bo3)
|rated|
|rule|Species Clause: Limit one of each Pokémon
|rule|Item Clause: Limit 1 of each item
|clearpoke
|poke|p1|Whimsicott, L50, F|
|poke|p1|Incineroar, L50, M|
|poke|p1|Sylveon, L50, F|
|poke|p1|Araquanid, L50, M|
|poke|p1|Krookodile, L50, M|
|poke|p1|Staraptor, L50, M|
|poke|p2|Sceptile, L50, M, shiny|
|poke|p2|Rotom-Heat, L50, shiny|
|poke|p2|Staraptor, L50, M|
|poke|p2|Talonflame, L50, M|
|poke|p2|Clefable, L50, F, shiny|
|poke|p2|Garchomp, L50, M, shiny|
|teampreview|4
|showteam|p1|Whimsicott||FocusSash|Prankster|Moonblast,Charm,CottonSpore,HelpingHand|Timid||F|||50|]Incineroar||SitrusBerry|Intimidate|FakeOut,FlareBlitz,DarkestLariat,PartingShot|Adamant||M|||50|]Sylveon||FairyFeather|Pixilate|HyperVoice,Psyshock,MysticalFire,ShadowBall|Modest||F|||50|]Araquanid||LifeOrb|WaterBubble|Liquidation,LeechLife,Crunch,BodySlam|Adamant||M|||50|]Krookodile||ChoiceScarf|Intimidate|KnockOff,RockSlide,HighHorsepower,Earthquake|Jolly||M|||50|]Staraptor||Staraptite|Intimidate|BraveBird,BlazeKick,CloseCombat,Roost|Jolly||M|||50|
|showteam|p2|Sceptile||Sceptilite|Unburden|DragonPulse,LeafStorm,Detect,EarthPower|Modest||M|||50|]Rotom-Heat||ChoiceScarf|Levitate|Discharge,VoltSwitch,DarkPulse,Overheat|Timid|||||50|]Staraptor||Staraptite|Intimidate|CloseCombat,BraveBird,Tailwind,Roost|Adamant||M|||50|]Talonflame||SharpBeak|GaleWings|Tailwind,BraveBird,FlareBlitz,Protect|Jolly||M|||50|]Clefable||Leftovers|CuteCharm|Charm,FollowMe,DrainingKiss,IcyWind|Modest||F|||50|]Garchomp||YacheBerry|RoughSkin|ScaleShot,SwordsDance,FireFang,Earthquake|Jolly||M|||50|
|inactive|Battle timer is ON: inactive players will automatically lose when time's up. (requested by Joe245)
|inactive|Jojo_Z.ro1015 also wants the timer to be on.
|
|t:|1785239931
|teamsize|p1|4
|teamsize|p2|4
|start
|switch|p1a: Whimsicott|Whimsicott, L50, F|100/100
|switch|p1b: Staraptor|Staraptor, L50, M|100/100
|switch|p2a: Rotom|Rotom-Heat, L50, shiny|100/100
|switch|p2b: Sceptile|Sceptile, L50, M, shiny|100/100
|-ability|p1b: Staraptor|Intimidate|boost
|-unboost|p2a: Rotom|atk|1
|-unboost|p2b: Sceptile|atk|1
|turn|1
|
|t:|1785239946
|detailschange|p2b: Sceptile|Sceptile-Mega, L50, M, shiny
|-mega|p2b: Sceptile|Sceptile|Sceptilite
|detailschange|p1b: Staraptor|Staraptor-Mega, L50, M
|-mega|p1b: Staraptor|Staraptor|Staraptite
|move|p2b: Sceptile|Detect|p2b: Sceptile
|-singleturn|p2b: Sceptile|Protect
|move|p1a: Whimsicott|Charm|p1b: Staraptor
|-boost|p1b: Staraptor|atk|2
|move|p2a: Rotom|Discharge|p1b: Staraptor|[spread] p1a,p1b
|-activate|p2b: Sceptile|move: Protect
|-resisted|p1a: Whimsicott|1
|-supereffective|p1b: Staraptor|1
|-damage|p1a: Whimsicott|76/100
|-damage|p1b: Staraptor|32/100
|move|p1b: Staraptor|Close Combat|p2a: Rotom
|-damage|p2a: Rotom|0 fnt
|-boost|p1b: Staraptor|def|1
|-boost|p1b: Staraptor|spd|1
|faint|p2a: Rotom
|
|upkeep
|
|t:|1785239961
|switch|p2a: Talonflame|Talonflame, L50, M|100/100
|turn|2
|
|t:|1785239975
|move|p2a: Talonflame|Tailwind|p2a: Talonflame
|-sidestart|p2: Jojo_Z.ro1015|move: Tailwind
|move|p1a: Whimsicott|Cotton Spore|p2a: Talonflame|[spread] p2a
|-immune|p2b: Sceptile
|-unboost|p2a: Talonflame|spe|2
|move|p2b: Sceptile|Dragon Pulse|p1b: Staraptor
|-damage|p1b: Staraptor|0 fnt
|faint|p1b: Staraptor
|
|upkeep
|
|t:|1785239984
|switch|p1b: Incineroar|Incineroar, L50, M|100/100
|-ability|p1b: Incineroar|Intimidate|boost
|-unboost|p2a: Talonflame|atk|1
|-unboost|p2b: Sceptile|atk|1
|turn|3
|
|t:|1785240005
|move|p1b: Incineroar|Fake Out|p2b: Sceptile
|-damage|p2b: Sceptile|78/100
|move|p2a: Talonflame|Brave Bird|p1a: Whimsicott
|-supereffective|p1a: Whimsicott|1
|-damage|p1a: Whimsicott|0 fnt
|faint|p1a: Whimsicott
|-damage|p2a: Talonflame|77/100|[from] Recoil
|cant|p2b: Sceptile|flinch
|
|upkeep
|
|t:|1785240010
|switch|p1a: Krookodile|Krookodile, L50, M|100/100
|-ability|p1a: Krookodile|Intimidate|boost
|-unboost|p2a: Talonflame|atk|1
|-unboost|p2b: Sceptile|atk|1
|turn|4
|
|t:|1785240033
|move|p2b: Sceptile|Earth Power|p1b: Incineroar
|-supereffective|p1b: Incineroar|1
|-damage|p1b: Incineroar|31/100
|-enditem|p1b: Incineroar|Sitrus Berry|[eat]
|-heal|p1b: Incineroar|56/100|[from] item: Sitrus Berry
|move|p1a: Krookodile|Rock Slide|p2b: Sceptile|[spread] p2a,p2b
|-supereffective|p2a: Talonflame|2
|-damage|p2a: Talonflame|0 fnt
|-damage|p2b: Sceptile|48/100
|faint|p2a: Talonflame
|move|p1b: Incineroar|Flare Blitz|p2b: Sceptile
|-damage|p2b: Sceptile|0 fnt
|faint|p2b: Sceptile
|-damage|p1b: Incineroar|44/100|[from] Recoil
|
|upkeep
|
|t:|1785240045
|switch|p2b: Garchomp|Garchomp, L50, M, shiny|100/100
|turn|5
|
|t:|1785240052
|move|p2b: Garchomp|Swords Dance|p2b: Garchomp
|-boost|p2b: Garchomp|atk|2
|move|p1a: Krookodile|Rock Slide|p2b: Garchomp
|-resisted|p2b: Garchomp|1
|-crit|p2b: Garchomp
|-damage|p2b: Garchomp|82/100
|move|p1b: Incineroar|Darkest Lariat|p2b: Garchomp
|-damage|p2b: Garchomp|40/100
|-damage|p1b: Incineroar|32/100|[from] ability: Rough Skin|[of] p2b: Garchomp
|
|-sideend|p2: Jojo_Z.ro1015|move: Tailwind
|upkeep
|turn|6
|
|t:|1785240063
|move|p1a: Krookodile|Rock Slide|p2b: Garchomp
|-resisted|p2b: Garchomp|1
|-damage|p2b: Garchomp|27/100
|move|p2b: Garchomp|Scale Shot|p1b: Incineroar
|-damage|p1b: Incineroar|5/100
|-damage|p1b: Incineroar|0 fnt
|faint|p1b: Incineroar
|-hitcount|p1: Incineroar|2
|-unboost|p2b: Garchomp|def|1
|-boost|p2b: Garchomp|spe|1
|
|upkeep
|turn|7
|
|t:|1785240074
|move|p2b: Garchomp|Scale Shot|p1a: Krookodile
|-damage|p1a: Krookodile|65/100
|-damage|p1a: Krookodile|31/100
|-damage|p1a: Krookodile|0 fnt
|faint|p1a: Krookodile
|-hitcount|p1: Krookodile|3
|
|win|Jojo_Z.ro1015
|l|☆Joe245
|player|p1|
||Joe245 is ready for game 2.
||Jojo_Z.ro1015 is ready for game 2.
|uhtml|next|Next: Game 2 of 3
