|j|☆Leuco9
|j|☆freudianbreath
|html|Leuco9freudianbreath    
|uhtml|bestof|Game 1 of a best-of-3
|t:|1784331663
|gametype|doubles
|player|p1|Leuco9|acetrainer|1117
|player|p2|freudianbreath|265|1120
|gen|9
|tier|[Gen 9 Champions] VGC 2026 Reg M-B (Bo3)
|rated|
|rule|Species Clause: Limit one of each Pokémon
|rule|Item Clause: Limit 1 of each item
|clearpoke
|poke|p1|Swampert, L50, M|
|poke|p1|Pelipper, L50, F|
|poke|p1|Basculegion, L50, M|
|poke|p1|Archaludon, L50, F|
|poke|p1|Farigiraf, L50, F|
|poke|p1|Kingambit, L50, M|
|poke|p2|Aerodactyl, L50, F|
|poke|p2|Kingambit, L50, M|
|poke|p2|Sylveon, L50, F|
|poke|p2|Garchomp, L50, F|
|poke|p2|Charizard, L50, M|
|poke|p2|Incineroar, L50, M|
|teampreview|4
|showteam|p1|Swampert||Swampertite|Damp|WaveCrash,Earthquake,IcePunch,Protect|Adamant||M|||50|]Pelipper||FocusSash|Drizzle|Hurricane,MuddyWater,Tailwind,Protect|Modest||F|||50|]Basculegion||ChoiceScarf|Adaptability|WaveCrash,LastRespects,AquaJet,FlipTurn|Jolly||M|||50|]Archaludon||Leftovers|Stamina|ElectroShot,FlashCannon,DragonPulse,Protect|Calm||F|||50|]Farigiraf||SitrusBerry|ArmorTail|TwinBeam,GrassKnot,HelpingHand,TrickRoom|Bold||F|||50|]Kingambit||ChopleBerry|Defiant|KowtowCleave,IronHead,SuckerPunch,BrickBreak|Adamant||M|||50|
|showteam|p2|Aerodactyl||Aerodactylite|Unnerve|RockSlide,IceFang,Tailwind,WideGuard|Jolly||F|||50|]Kingambit||FocusSash|Defiant|KowtowCleave,SuckerPunch,IronHead,Protect|Adamant||M|||50|]Sylveon||FairyFeather|Pixilate|Detect,HyperVoice,HyperBeam,QuickAttack|Modest||F|||50|]Garchomp||LifeOrb|RoughSkin|Earthquake,DragonClaw,StompingTantrum,Protect|Jolly||F|||50|]Charizard||CharizarditeY|Blaze|Protect,HeatWave,SolarBeam,WeatherBall|Modest||M|||50|]Incineroar||SitrusBerry|Intimidate|DarkestLariat,FlareBlitz,FakeOut,PartingShot|Impish||M|||50|
|inactive|Battle timer is ON: inactive players will automatically lose when time's up. (requested by Leuco9)
|inactive|freudianbreath has 60 seconds left.
|inactive|freudianbreath has 30 seconds left.
|inactive|freudianbreath has 20 seconds left.
|inactive|freudianbreath has 15 seconds left.
|inactive|freudianbreath has 10 seconds left.
|
|t:|1784331828
|teamsize|p1|4
|teamsize|p2|4
|start
|switch|p1a: Swampert|Swampert, L50, M|100/100
|switch|p1b: Archaludon|Archaludon, L50, F|100/100
|switch|p2a: Charizard|Charizard, L50, M|100/100
|switch|p2b: Kingambit|Kingambit, L50, M|100/100
|turn|1
|inactive|freudianbreath has 30 seconds left.
|inactive|freudianbreath has 20 seconds left.
|inactive|freudianbreath has 15 seconds left.
|inactive|freudianbreath has 10 seconds left.
|inactive|freudianbreath has 5 seconds left.
|
|t:|1784331881
|switch|p2b: Sylveon|Sylveon, L50, F|100/100
|detailschange|p1a: Swampert|Swampert-Mega, L50, M
|-mega|p1a: Swampert|Swampert|Swampertite
|move|p2a: Charizard|Protect|p2a: Charizard
|-singleturn|p2a: Charizard|Protect
|move|p1a: Swampert|Protect|p1a: Swampert
|-singleturn|p1a: Swampert|Protect
|move|p1b: Archaludon|Protect||[still]
|-fail|p1b: Archaludon
|
|upkeep
|turn|2
|inactive|freudianbreath has 30 seconds left.
|inactive|freudianbreath has 20 seconds left.
|
|t:|1784331920
|switch|p1a: Kingambit|Kingambit, L50, M|100/100
|detailschange|p2a: Charizard|Charizard-Mega-Y, L50, M
|-mega|p2a: Charizard|Charizard|Charizardite Y
|-weather|SunnyDay|[from] ability: Drought|[of] p2a: Charizard
|move|p2a: Charizard|Solar Beam||[still]
|-prepare|p2a: Charizard|Solar Beam
|-anim|p2a: Charizard|Solar Beam|p1a: Kingambit
|-resisted|p1a: Kingambit|1
|-crit|p1a: Kingambit
|-damage|p1a: Kingambit|68/100
|move|p1b: Archaludon|Flash Cannon|p2b: Sylveon
|-supereffective|p2b: Sylveon|1
|-damage|p2b: Sylveon|47/100
|move|p2b: Sylveon|Hyper Voice|p1b: Archaludon|[spread] p1a,p1b
|-damage|p1a: Kingambit|25/100
|-damage|p1b: Archaludon|60/100
|-ability|p1b: Archaludon|Stamina|boost
|-boost|p1b: Archaludon|def|1
|
|-weather|SunnyDay|[upkeep]
|-heal|p1b: Archaludon|67/100|[from] item: Leftovers
|upkeep
|turn|3
|inactive|Leuco9 has 30 seconds left.
|inactive|freudianbreath has 30 seconds left.
|inactive|freudianbreath has 20 seconds left.
|inactive|freudianbreath has 15 seconds left.
|inactive|freudianbreath has 10 seconds left.
|inactive|freudianbreath has 5 seconds left.
|
|t:|1784331975
|switch|p1a: Pelipper|Pelipper, L50, F|100/100
|-weather|RainDance|[from] ability: Drizzle|[of] p1a: Pelipper
|move|p2a: Charizard|Protect|p2a: Charizard
|-singleturn|p2a: Charizard|Protect
|move|p2b: Sylveon|Detect|p2b: Sylveon
|-singleturn|p2b: Sylveon|Protect
|move|p1b: Archaludon|Electro Shot||[still]
|-prepare|p1b: Archaludon|Electro Shot
|-boost|p1b: Archaludon|spa|1
|-anim|p1b: Archaludon|Electro Shot|p2b: Sylveon
|-activate|p2b: Sylveon|move: Protect
|
|-weather|RainDance|[upkeep]
|-heal|p1b: Archaludon|73/100|[from] item: Leftovers
|upkeep
|turn|4
|inactive|Leuco9 has 30 seconds left.
|inactive|freudianbreath has 30 seconds left.
|
|t:|1784332009
|switch|p2a: Garchomp|Garchomp, L50, F|100/100
|switch|p1a: Swampert|Swampert-Mega, L50, M|100/100
|move|p1b: Archaludon|Electro Shot||[still]
|-prepare|p1b: Archaludon|Electro Shot
|-boost|p1b: Archaludon|spa|1
|-anim|p1b: Archaludon|Electro Shot|p2b: Sylveon
|-damage|p2b: Sylveon|0 fnt
|faint|p2b: Sylveon
|
|-weather|RainDance|[upkeep]
|-heal|p1b: Archaludon|79/100|[from] item: Leftovers
|upkeep
|
|t:|1784332030
|switch|p2b: Charizard|Charizard-Mega-Y, L50, M|100/100
|-weather|SunnyDay|[from] ability: Drought|[of] p2b: Charizard
|turn|5
|inactive|freudianbreath has 30 seconds left.
|
|t:|1784332055
|switch|p1a: Pelipper|Pelipper, L50, F|100/100
|-weather|RainDance|[from] ability: Drizzle|[of] p1a: Pelipper
|move|p2a: Garchomp|Earthquake|p1a: Pelipper|[spread] p1b
|-immune|p2b: Charizard
|-immune|p1a: Pelipper
|-supereffective|p1b: Archaludon|1
|-damage|p1b: Archaludon|27/100
|-ability|p1b: Archaludon|Stamina|boost
|-boost|p1b: Archaludon|def|1
|-damage|p2a: Garchomp|90/100|[from] item: Life Orb
|move|p2b: Charizard|Heat Wave|p1a: Pelipper|[spread] p1a,p1b
|-resisted|p1a: Pelipper|1
|-damage|p1a: Pelipper|83/100
|-damage|p1b: Archaludon|9/100
|-status|p1a: Pelipper|brn
|-ability|p1b: Archaludon|Stamina|boost
|-boost|p1b: Archaludon|def|1
|move|p1b: Archaludon|Dragon Pulse|p2a: Garchomp
|-supereffective|p2a: Garchomp|1
|-damage|p2a: Garchomp|0 fnt
|faint|p2a: Garchomp
|
|-weather|RainDance|[upkeep]
|-heal|p1b: Archaludon|16/100|[from] item: Leftovers
|-damage|p1a: Pelipper|77/100 brn|[from] brn
|upkeep
|
|t:|1784332074
|switch|p2a: Kingambit|Kingambit, L50, M|100/100
|turn|6
|inactive|freudianbreath has 30 seconds left.
|inactive|freudianbreath has 20 seconds left.
|inactive|freudianbreath has 15 seconds left.
|inactive|freudianbreath has 10 seconds left.
|inactive|freudianbreath has 5 seconds left.
|
|t:|1784332129
|move|p2b: Charizard|Heat Wave|p1b: Archaludon|[spread] p1a,p1b
|-resisted|p1a: Pelipper|1
|-damage|p1a: Pelipper|61/100 brn
|-damage|p1b: Archaludon|0 fnt
|faint|p1b: Archaludon
|move|p1a: Pelipper|Muddy Water|p2a: Kingambit|[spread] p2a,p2b
|-supereffective|p2b: Charizard|1
|-damage|p2a: Kingambit|53/100
|-damage|p2b: Charizard|15/100
|-unboost|p2b: Charizard|accuracy|1
|move|p2a: Kingambit|Kowtow Cleave|p1a: Pelipper
|-damage|p1a: Pelipper|0 fnt
|faint|p1a: Pelipper
|
|-weather|RainDance|[upkeep]
|upkeep
|
|t:|1784332133
|switch|p1a: Kingambit|Kingambit, L50, M|25/100
|switch|p1b: Swampert|Swampert-Mega, L50, M|100/100
|turn|7
|inactive|freudianbreath has 30 seconds left.
|inactive|freudianbreath has 20 seconds left.
|inactive|freudianbreath has 15 seconds left.
|inactive|freudianbreath has 10 seconds left.
|inactive|freudianbreath has 5 seconds left.
|
|t:|1784332188
|move|p2b: Charizard|Protect|p2b: Charizard
|-singleturn|p2b: Charizard|Protect
|move|p1b: Swampert|Wave Crash|p2a: Kingambit
|-damage|p2a: Kingambit|0 fnt
|faint|p2a: Kingambit
|-damage|p1b: Swampert|81/100|[from] Recoil
|move|p1a: Kingambit|Brick Break|p2b: Charizard
|-activate|p2b: Charizard|move: Protect
|
|-weather|RainDance|[upkeep]
|upkeep
|turn|8
|
|t:|1784332206
|move|p2b: Charizard|Protect|p2b: Charizard
|-singleturn|p2b: Charizard|Protect
|move|p1a: Kingambit|Sucker Punch||[still]
|-fail|p1a: Kingambit
|move|p1b: Swampert|Wave Crash|p2b: Charizard
|-activate|p2b: Charizard|move: Protect
|
|-weather|RainDance|[upkeep]
|upkeep
|turn|9
|
|t:|1784332214
|move|p2b: Charizard|Protect||[still]
|-fail|p2b: Charizard
|move|p1a: Kingambit|Sucker Punch||[still]
|-fail|p1a: Kingambit
|move|p1b: Swampert|Wave Crash|p2b: Charizard
|-supereffective|p2b: Charizard|1
|-damage|p2b: Charizard|0 fnt
|faint|p2b: Charizard
|-damage|p1b: Swampert|76/100|[from] Recoil
|
|win|Leuco9
|l|☆Leuco9
|player|p1|
||Leuco9 is ready for game 2.
