|j|☆r4ka
|j|☆shakyturtle
|html|r4kashakyturtle    
|uhtml|bestof|Game 1 of a best-of-3
|t:|1756844411
|gametype|doubles
|player|p1|r4ka|102|1153
|player|p2|shakyturtle|blaine|1084
|gen|9
|tier|[Gen 9] VGC 2025 Reg H (Bo3)
|rated|
|rule|Species Clause: Limit one of each Pokémon
|rule|Item Clause: Limit 1 of each item
|clearpoke
|poke|p1|Rillaboom, L50, M|
|poke|p1|Dragonite, L50, M|
|poke|p1|Sneasler, L50, M|
|poke|p1|Kingambit, L50, M|
|poke|p1|Electabuzz, L50, M|
|poke|p1|Volcarona, L50, M|
|poke|p2|Farigiraf, L50, M|
|poke|p2|Whimsicott, L50, M|
|poke|p2|Annihilape, L50, M|
|poke|p2|Ursaluna-Bloodmoon, L50, M|
|poke|p2|Tinkaton, L50, F|
|poke|p2|Dragonite, L50, M|
|teampreview|4
|showteam|p1|Rillaboom||AssaultVest|GrassySurge|FakeOut,HighHorsepower,WoodHammer,GrassyGlide|||M|||50|,,,,,Fire]Dragonite||LoadedDice|Multiscale|ExtremeSpeed,ScaleShot,Protect,Haze|||M|||50|,,,,,Steel]Sneasler||FocusSash|PoisonTouch|DireClaw,CloseCombat,FakeOut,Coaching|||M|||50|,,,,,Stellar]Kingambit||BlackGlasses|Defiant|KowtowCleave,SuckerPunch,SwordsDance,Protect|||M|||50|,,,,,Dark]Electabuzz||Eviolite|VitalSpirit|Thunderbolt,Taunt,Protect,FollowMe|||M|||50|,,,,,Ghost]Volcarona||Leftovers|FlameBody|HeatWave,TeraBlast,QuiverDance,Protect|||M|||50|,,,,,Fairy
|showteam|p2|Farigiraf||ThroatSpray|ArmorTail|Protect,TrickRoom,HyperVoice,PsychicNoise|||M|||50|,,,,,Fairy]Whimsicott||CovertCloak|Prankster|Moonblast,Tailwind,Encore,HelpingHand|||M|||50|,,,,,Ghost]Annihilape||Leftovers|Defiant|Protect,BulkUp,DrainPunch,RageFist|||M|||50|,,,,,Fire]Ursaluna-Bloodmoon||AssaultVest|MindsEye|HyperVoice,EarthPower,BloodMoon,Moonblast|||M|||50|,,,,,Fairy]Tinkaton||ClearAmulet|MoldBreaker|PlayRough,GigatonHammer,FakeOut,SwordsDance|||F|||50|,,,,,Fire]Dragonite||ChoiceBand|InnerFocus|Outrage,TeraBlast,ExtremeSpeed,AquaJet|||M|||50|,,,,,Flying
|inactive|Battle timer is ON: inactive players will automatically lose when time's up. (requested by shakyturtle)
|inactive|r4ka has 60 seconds left.
|inactive|shakyturtle has 60 seconds left.
|
|t:|1756844455
|teamsize|p1|4
|teamsize|p2|4
|start
|switch|p1a: Volcarona|Volcarona, L50, M|100/100
|switch|p1b: Sneasler|Sneasler, L50, M|100/100
|switch|p2a: Dragonite|Dragonite, L50, M|100/100
|switch|p2b: Whimsicott|Whimsicott, L50, M|100/100
|turn|1
|
|t:|1756844481
|switch|p1b: Electabuzz|Electabuzz, L50, M|100/100
|move|p2a: Dragonite|Extreme Speed|p1b: Electabuzz
|-damage|p1b: Electabuzz|65/100
|move|p2b: Whimsicott|Tailwind|p2b: Whimsicott
|-sidestart|p2: shakyturtle|move: Tailwind
|move|p1a: Volcarona|Quiver Dance|p1a: Volcarona
|-boost|p1a: Volcarona|spa|1
|-boost|p1a: Volcarona|spd|1
|-boost|p1a: Volcarona|spe|1
|
|upkeep
|turn|2
|inactive|r4ka has 30 seconds left.
|
|t:|1756844512
|switch|p2a: Annihilape|Annihilape, L50, M|100/100
|-terastallize|p1b: Electabuzz|Ghost
|move|p1b: Electabuzz|Follow Me|p1b: Electabuzz
|-singleturn|p1b: Electabuzz|move: Follow Me
|move|p2b: Whimsicott|Encore|p1b: Electabuzz
|-start|p1b: Electabuzz|Encore
|move|p1a: Volcarona|Quiver Dance|p1a: Volcarona
|-boost|p1a: Volcarona|spa|1
|-boost|p1a: Volcarona|spd|1
|-boost|p1a: Volcarona|spe|1
|
|upkeep
|turn|3
|
|t:|1756844528
|move|p1b: Electabuzz|Follow Me|p1b: Electabuzz
|-singleturn|p1b: Electabuzz|move: Follow Me
|move|p2b: Whimsicott|Encore||[still]
|-fail|p2b: Whimsicott
|move|p1a: Volcarona|Quiver Dance|p1a: Volcarona
|-boost|p1a: Volcarona|spa|1
|-boost|p1a: Volcarona|spd|1
|-boost|p1a: Volcarona|spe|1
|move|p2a: Annihilape|Bulk Up|p2a: Annihilape
|-boost|p2a: Annihilape|atk|1
|-boost|p2a: Annihilape|def|1
|
|upkeep
|turn|4
|inactive|shakyturtle has 30 seconds left.
|
|t:|1756844558
|switch|p2b: Dragonite|Dragonite, L50, M|100/100
|-terastallize|p2a: Annihilape|Fire
|move|p1b: Electabuzz|Follow Me|p1b: Electabuzz
|-singleturn|p1b: Electabuzz|move: Follow Me
|move|p1a: Volcarona|Heat Wave|p2a: Annihilape|[spread] p2a,p2b
|-resisted|p2a: Annihilape
|-crit|p2a: Annihilape
|-resisted|p2b: Dragonite
|-damage|p2a: Annihilape|48/100
|-damage|p2b: Dragonite|59/100
|move|p2a: Annihilape|Rage Fist|p1b: Electabuzz
|-supereffective|p1b: Electabuzz
|-damage|p1b: Electabuzz|0 fnt
|faint|p1b: Electabuzz
|
|-heal|p2a: Annihilape|54/100|[from] item: Leftovers
|-sideend|p2: shakyturtle|move: Tailwind
|upkeep
|
|t:|1756844578
|switch|p1b: Sneasler|Sneasler, L50, M|100/100
|turn|5
|inactive|r4ka has 30 seconds left.
|
|t:|1756844604
|move|p2a: Annihilape|Protect|p2a: Annihilape
|-singleturn|p2a: Annihilape|Protect
|move|p1b: Sneasler|Fake Out|p2a: Annihilape
|-activate|p2a: Annihilape|move: Protect
|move|p2b: Dragonite|Extreme Speed|p1b: Sneasler
|-damage|p1b: Sneasler|32/100
|move|p1a: Volcarona|Heat Wave|p2b: Dragonite|[spread] 
|-activate|p2a: Annihilape|move: Protect
|-miss|p1a: Volcarona|p2b: Dragonite
|
|-heal|p2a: Annihilape|60/100|[from] item: Leftovers
|upkeep
|turn|6
|
|t:|1756844627
|switch|p1b: Kingambit|Kingambit, L50, M, shiny|100/100
|move|p2b: Dragonite|Extreme Speed|p1a: Volcarona
|-damage|p1a: Volcarona|48/100
|move|p1a: Volcarona|Tera Blast|p2a: Annihilape
|-damage|p2a: Annihilape|4/100
|move|p2a: Annihilape|Rage Fist|p1a: Volcarona
|-damage|p1a: Volcarona|0 fnt
|faint|p1a: Volcarona
|
|-heal|p2a: Annihilape|10/100|[from] item: Leftovers
|upkeep
|
|t:|1756844640
|switch|p1a: Sneasler|Sneasler, L50, M|32/100
|turn|7
|
|t:|1756844661
|move|p2a: Annihilape|Protect|p2a: Annihilape
|-singleturn|p2a: Annihilape|Protect
|move|p1a: Sneasler|Fake Out|p2a: Annihilape
|-activate|p2a: Annihilape|move: Protect
|move|p2b: Dragonite|Extreme Speed|p1a: Sneasler
|-damage|p1a: Sneasler|0 fnt
|faint|p1a: Sneasler
|move|p1b: Kingambit|Kowtow Cleave|p2b: Dragonite
|-damage|p2b: Dragonite|0 fnt
|faint|p2b: Dragonite
|
|-heal|p2a: Annihilape|17/100|[from] item: Leftovers
|upkeep
|
|t:|1756844683
|switch|p2b: Whimsicott|Whimsicott, L50, M|100/100
|turn|8
|
|t:|1756844695
|switch|p2b: Tinkaton|Tinkaton, L50, F|100/100
|-ability|p2b: Tinkaton|Mold Breaker
|move|p1b: Kingambit|Sucker Punch||[still]
|-fail|p1b: Kingambit
|move|p2a: Annihilape|Bulk Up|p2a: Annihilape
|-boost|p2a: Annihilape|atk|1
|-boost|p2a: Annihilape|def|1
|
|-heal|p2a: Annihilape|23/100|[from] item: Leftovers
|upkeep
|turn|9
|
|t:|1756844709
|move|p2b: Tinkaton|Fake Out|p1b: Kingambit
|-resisted|p1b: Kingambit
|-damage|p1b: Kingambit|97/100
|move|p2a: Annihilape|Drain Punch|p1b: Kingambit
|-supereffective|p1b: Kingambit
|-damage|p1b: Kingambit|0 fnt
|-heal|p2a: Annihilape|74/100|[from] drain|[of] p1b: Kingambit
|faint|p1b: Kingambit
|
|win|shakyturtle
|l|☆shakyturtle
|player|p2|
||r4ka is ready for game 2.
||shakyturtle is ready for game 2.
|uhtml|next|Next: Game 2 of 3
