|j|☆Dymin
|j|☆SFPower
|html|DyminSFPower    
|uhtml|bestof|Game 2 of a best-of-3
|t:|1784742722
|gametype|doubles
|player|p1|Dymin|burglar|1129
|player|p2|SFPower|unknown|1000
|gen|9
|tier|[Gen 9 Champions] VGC 2026 Reg M-B (Bo3)
|rated|
|rule|Species Clause: Limit one of each Pokémon
|rule|Item Clause: Limit 1 of each item
|clearpoke
|poke|p1|Camerupt, L50, F|
|poke|p1|Farigiraf, L50, F|
|poke|p1|Decidueye-Hisui, L50, F|
|poke|p1|Hatterene, L50, F|
|poke|p1|Torkoal, L50, M|
|poke|p1|Avalugg-Hisui, L50, M|
|poke|p2|Whimsicott, L50, M|
|poke|p2|Kingambit, L50, M|
|poke|p2|Basculegion, L50, M|
|poke|p2|Floette-Eternal, L50, F|
|poke|p2|Dragonite, L50, M|
|poke|p2|Arcanine-Hisui, L50, F|
|teampreview|4
|showteam|p1|Camerupt||Cameruptite|SolidRock|HeatWave,AncientPower,EarthPower,Protect|Quiet||F|||50|]Farigiraf||SitrusBerry|ArmorTail|Thunderbolt,TrickRoom,Psychic,Protect|Relaxed||F|||50|]Decidueye-Hisui||ScopeLens|Scrappy|TripleArrows,LeafBlade,Protect,SuckerPunch|Brave||F|||50|]Hatterene||Leftovers|MagicBounce|DazzlingGleam,Psychic,Protect,TrickRoom|Bold||F|||50|]Torkoal||HeatRock|Drought|Eruption,Protect,WeatherBall,Yawn|Serious||M|||50|]Avalugg-Hisui||WideLens|Sturdy|MountainGale,RockSlide,Protect,IronHead|Brave||M|||50|
|showteam|p2|Whimsicott||FocusSash|Prankster|Moonblast,Tailwind,Encore,Protect|Timid||M|||50|]Kingambit||BlackGlasses|Defiant|KowtowCleave,IronHead,SuckerPunch,Protect|Adamant||M|||50|]Basculegion||ChoiceScarf|Adaptability|WaveCrash,LastRespects,AquaJet,FlipTurn|Jolly||M|||50|]Floette-Eternal||Floettite|FlowerVeil|DazzlingGleam,Moonblast,LightofRuin,Protect|Timid||F|||50|]Dragonite||LifeOrb|InnerFocus|DragonClaw,LowKick,ExtremeSpeed,Protect|Adamant||M|||50|]Arcanine-Hisui||SitrusBerry|RockHead|RockSlide,FlareBlitz,HeadSmash,Protect|Jolly||F|||50|
|inactive|Battle timer is ON: inactive players will automatically lose when time's up. (requested by SFPower)
|
|t:|1784742737
|teamsize|p1|4
|teamsize|p2|4
|start
|switch|p1a: Camerupt|Camerupt, L50, F|100/100
|switch|p1b: Farigiraf|Farigiraf, L50, F|100/100
|switch|p2a: Floette|Floette-Eternal, L50, F|100/100
|switch|p2b: Arcanine|Arcanine-Hisui, L50, F|100/100
|turn|1
|inactive|SFPower has 30 seconds left.
|
|t:|1784742767
|detailschange|p2a: Floette|Floette-Mega, L50, F
|-mega|p2a: Floette|Floette|Floettite
|-ability|p2a: Floette|Fairy Aura
|detailschange|p1a: Camerupt|Camerupt-Mega, L50, F
|-mega|p1a: Camerupt|Camerupt|Cameruptite
|move|p1b: Farigiraf|Protect|p1b: Farigiraf
|-singleturn|p1b: Farigiraf|Protect
|move|p2a: Floette|Moonblast|p1b: Farigiraf
|-activate|p1b: Farigiraf|move: Protect
|move|p2b: Arcanine|Flare Blitz|p1b: Farigiraf
|-activate|p1b: Farigiraf|move: Protect
|move|p1a: Camerupt|Earth Power|p2a: Floette
|-damage|p2a: Floette|42/100
|
|upkeep
|turn|2
|
|t:|1784742784
|switch|p1b: Avalugg|Avalugg-Hisui, L50, M|100/100
|move|p2a: Floette|Moonblast|p1b: Avalugg
|-ability|p1b: Avalugg|Sturdy
|-damage|p1b: Avalugg|1/100
|move|p2b: Arcanine|Flare Blitz|p1b: Avalugg
|-damage|p1b: Avalugg|0 fnt
|faint|p1b: Avalugg
|move|p1a: Camerupt|Earth Power|p2a: Floette
|-damage|p2a: Floette|0 fnt
|faint|p2a: Floette
|
|upkeep
|
|t:|1784742800
|switch|p2a: Basculegion|Basculegion, L50, M|100/100
|switch|p1b: Farigiraf|Farigiraf, L50, F|100/100
|turn|3
|
|t:|1784742813
|move|p1a: Camerupt|Protect|p1a: Camerupt
|-singleturn|p1a: Camerupt|Protect
|move|p2a: Basculegion|Wave Crash|p1b: Farigiraf
|-damage|p1b: Farigiraf|40/100
|-enditem|p1b: Farigiraf|Sitrus Berry|[eat]
|-heal|p1b: Farigiraf|65/100|[from] item: Sitrus Berry
|-damage|p2a: Basculegion|80/100|[from] Recoil
|move|p2b: Arcanine|Rock Slide|p1b: Farigiraf|[spread] p1b
|-activate|p1a: Camerupt|move: Protect
|-damage|p1b: Farigiraf|43/100
|move|p1b: Farigiraf|Trick Room|p1b: Farigiraf
|-fieldstart|move: Trick Room|[of] p1b: Farigiraf
|
|upkeep
|turn|4
|
|t:|1784742835
|move|p2b: Arcanine|Protect|p2b: Arcanine
|-singleturn|p2b: Arcanine|Protect
|move|p1a: Camerupt|Earth Power|p2b: Arcanine
|-activate|p2b: Arcanine|move: Protect
|move|p1b: Farigiraf|Thunderbolt|p2a: Basculegion
|-supereffective|p2a: Basculegion|1
|-damage|p2a: Basculegion|15/100
|move|p2a: Basculegion|Wave Crash|p1b: Farigiraf
|-damage|p1b: Farigiraf|0 fnt
|faint|p1b: Farigiraf
|-damage|p2a: Basculegion|1/100|[from] Recoil
|
|upkeep
|
|t:|1784742841
|switch|p1b: Decidueye|Decidueye-Hisui, L50, F|100/100
|turn|5
|
|t:|1784742862
|switch|p2a: Kingambit|Kingambit, L50, M|100/100
|move|p1a: Camerupt|Earth Power|p2b: Arcanine
|-supereffective|p2b: Arcanine|2
|-damage|p2b: Arcanine|0 fnt
|faint|p2b: Arcanine
|move|p1b: Decidueye|Triple Arrows|p2a: Kingambit
|-supereffective|p2a: Kingambit|2
|-damage|p2a: Kingambit|0 fnt
|faint|p2a: Kingambit
|
|upkeep
|
|t:|1784742871
|switch|p2a: Basculegion|Basculegion, L50, M|1/100
|turn|6
|
|t:|1784742877
|move|p2a: Basculegion|Aqua Jet|p1a: Camerupt
|-supereffective|p1a: Camerupt|2
|-damage|p1a: Camerupt|1/100
|move|p1a: Camerupt|Earth Power|p2a: Basculegion
|-damage|p2a: Basculegion|0 fnt
|faint|p2a: Basculegion
|
|win|Dymin
