|j|☆ushitsune
|j|☆cartuchoazul
|html|ushitsunecartuchoazul    
|uhtml|bestof|Game 2 of a best-of-3
|t:|1757675421
|gametype|doubles
|player|p1|ushitsune|steven|1195
|player|p2|cartuchoazul|102|1172
|gen|9
|tier|[Gen 9] VGC 2025 Reg H (Bo3)
|rated|
|rule|Species Clause: Limit one of each Pokémon
|rule|Item Clause: Limit 1 of each item
|clearpoke
|poke|p1|Salamence, L50, F|
|poke|p1|Milotic, L50, M|
|poke|p1|Ninetales-Alola, L50, F|
|poke|p1|Volcarona, L50, F|
|poke|p1|Breloom, L50, M|
|poke|p1|Kingambit, L50, M|
|poke|p2|Dragonite, L50, F|
|poke|p2|Ursaluna-Bloodmoon, L50, M|
|poke|p2|Gholdengo, L50|
|poke|p2|Maushold-Four, L50|
|poke|p2|Annihilape, L50, F|
|poke|p2|Rillaboom, L50, M|
|teampreview|4
|showteam|p1|Salamence||AssaultVest|Intimidate|DragonPulse,HydroPump,HeatWave,AirSlash|||F|||50|,,,,,Steel]Milotic||Leftovers|Competitive|Scald,IcyWind,Protect,Haze|||M|||50|,,,,,Dragon]Ninetales-Alola||LightClay|SnowWarning|AuroraVeil,FreezeDry,Protect,DazzlingGleam|||F|||50|,,,,,Ghost]Volcarona||CovertCloak|FlameBody|QuiverDance,StruggleBug,FieryDance,Tailwind|||F|||50|,,,,,Grass]Breloom||FocusSash|Technician|BulletSeed,MachPunch,Protect,Spore|||M|||50|,,,,,Stellar]Kingambit||BlackGlasses|Defiant|Protect,KowtowCleave,SuckerPunch,SwordsDance|||M|||50|,,,,,Dark
|showteam|p2|Dragonite||LoadedDice|Multiscale|ScaleShot,Tailwind,Haze,Protect|||F|||50|,,,,,Fairy]Ursaluna-Bloodmoon||AssaultVest|MindsEye|HyperVoice,EarthPower,BloodMoon,VacuumWave|||M|||50|,,,,,Water]Gholdengo||LifeOrb|GoodasGold|MakeItRain,ShadowBall,NastyPlot,Protect||||||50|,,,,,Dragon]Maushold-Four||FocusSash|FriendGuard|BeatUp,FollowMe,Taunt,Protect||||||50|,,,,,Ghost]Annihilape||SitrusBerry|Defiant|RageFist,DrainPunch,BulkUp,Protect|||F|||50|,,,,,Fire]Rillaboom||MiracleSeed|GrassySurge|WoodHammer,GrassyGlide,HighHorsepower,FakeOut|||M|||50|,,,,,Fire
|
|t:|1757675465
|teamsize|p1|4
|teamsize|p2|4
|start
|switch|p1a: Volcarona|Volcarona, L50, F|100/100
|switch|p1b: Breloom|Breloom, L50, M|100/100
|switch|p2a: Dragonite|Dragonite, L50, F|100/100
|switch|p2b: Ursaluna|Ursaluna-Bloodmoon, L50, M|100/100
|turn|1
|
|t:|1757675498
|switch|p2b: Rillaboom|Rillaboom, L50, M|100/100
|-fieldstart|move: Grassy Terrain|[from] ability: Grassy Surge|[of] p2b: Rillaboom
|move|p2a: Dragonite|Protect|p2a: Dragonite
|-singleturn|p2a: Dragonite|Protect
|move|p1a: Volcarona|Quiver Dance|p1a: Volcarona
|-boost|p1a: Volcarona|spa|1
|-boost|p1a: Volcarona|spd|1
|-boost|p1a: Volcarona|spe|1
|move|p1b: Breloom|Spore|p2b: Rillaboom
|-immune|p2b: Rillaboom
|
|upkeep
|turn|2
|
|t:|1757675519
|-terastallize|p2b: Rillaboom|Fire
|move|p1b: Breloom|Protect|p1b: Breloom
|-singleturn|p1b: Breloom|Protect
|move|p2b: Rillaboom|Fake Out|p1b: Breloom
|-activate|p1b: Breloom|move: Protect
|move|p1a: Volcarona|Struggle Bug|p2b: Rillaboom|[spread] p2a,p2b
|-resisted|p2a: Dragonite
|-resisted|p2b: Rillaboom
|-damage|p2a: Dragonite|92/100
|-damage|p2b: Rillaboom|85/100
|-unboost|p2a: Dragonite|spa|1
|-unboost|p2b: Rillaboom|spa|1
|move|p2a: Dragonite|Tailwind|p2a: Dragonite
|-sidestart|p2: cartuchoazul|move: Tailwind
|
|-heal|p2b: Rillaboom|91/100|[from] Grassy Terrain
|upkeep
|turn|3
|
|t:|1757675565
|switch|p1a: Kingambit|Kingambit, L50, M|100/100
|move|p2a: Dragonite|Scale Shot|p1b: Breloom
|-damage|p1b: Breloom|76/100
|-damage|p1b: Breloom|49/100
|-crit|p1b: Breloom
|-damage|p1b: Breloom|13/100
|-damage|p1b: Breloom|0 fnt
|faint|p1b: Breloom
|-hitcount|p1: Breloom|4
|-unboost|p2a: Dragonite|def|1
|-boost|p2a: Dragonite|spe|1
|move|p2b: Rillaboom|High Horsepower|p1a: Kingambit
|-supereffective|p1a: Kingambit
|-damage|p1a: Kingambit|49/100
|
|-heal|p2b: Rillaboom|97/100|[from] Grassy Terrain
|-heal|p1a: Kingambit|55/100|[from] Grassy Terrain
|upkeep
|
|t:|1757675581
|switch|p1b: Salamence|Salamence, L50, F|100/100
|-ability|p1b: Salamence|Intimidate|boost
|-unboost|p2a: Dragonite|atk|1
|-unboost|p2b: Rillaboom|atk|1
|turn|4
|
|t:|1757675600
|-terastallize|p1b: Salamence|Steel
|move|p1a: Kingambit|Sucker Punch|p2b: Rillaboom
|-damage|p2b: Rillaboom|51/100
|move|p2a: Dragonite|Haze|p2a: Dragonite
|-clearallboost
|move|p2b: Rillaboom|Wood Hammer|p1a: Kingambit
|-resisted|p1a: Kingambit
|-damage|p1a: Kingambit|23/100
|-damage|p2b: Rillaboom|39/100|[from] Recoil
|move|p1b: Salamence|Dragon Pulse|p2a: Dragonite
|-supereffective|p2a: Dragonite
|-damage|p2a: Dragonite|1/100
|
|-heal|p2b: Rillaboom|46/100|[from] Grassy Terrain
|-heal|p1a: Kingambit|29/100|[from] Grassy Terrain
|upkeep
|turn|5
|
|t:|1757675621
|move|p2a: Dragonite|Protect|p2a: Dragonite
|-singleturn|p2a: Dragonite|Protect
|move|p1a: Kingambit|Sucker Punch||[still]
|-fail|p1a: Kingambit
|move|p2b: Rillaboom|Wood Hammer|p1a: Kingambit
|-resisted|p1a: Kingambit
|-damage|p1a: Kingambit|0 fnt
|faint|p1a: Kingambit
|-damage|p2b: Rillaboom|36/100|[from] Recoil
|move|p1b: Salamence|Hydro Pump|p2b: Rillaboom
|-supereffective|p2b: Rillaboom
|-crit|p2b: Rillaboom
|-damage|p2b: Rillaboom|0 fnt
|faint|p2b: Rillaboom
|
|-sideend|p2: cartuchoazul|move: Tailwind
|-fieldend|move: Grassy Terrain
|upkeep
|
|t:|1757675646
|switch|p2b: Annihilape|Annihilape, L50, F|100/100
|switch|p1a: Volcarona|Volcarona, L50, F|100/100
|turn|6
|
|t:|1757675667
|move|p2b: Annihilape|Protect|p2b: Annihilape
|-singleturn|p2b: Annihilape|Protect
|move|p1b: Salamence|Air Slash|p2b: Annihilape
|-activate|p2b: Annihilape|move: Protect
|move|p1a: Volcarona|Fiery Dance|p2a: Dragonite
|-resisted|p2a: Dragonite
|-damage|p2a: Dragonite|0 fnt
|faint|p2a: Dragonite
|
|upkeep
|
|t:|1757675675
|switch|p2a: Ursaluna|Ursaluna-Bloodmoon, L50, M|100/100
|turn|7
|
|t:|1757675694
|move|p1b: Salamence|Air Slash|p2b: Annihilape
|-supereffective|p2b: Annihilape
|-crit|p2b: Annihilape
|-damage|p2b: Annihilape|10/100
|-enditem|p2b: Annihilape|Sitrus Berry|[eat]
|-heal|p2b: Annihilape|35/100|[from] item: Sitrus Berry
|cant|p2b: Annihilape|flinch
|move|p1a: Volcarona|Fiery Dance|p2b: Annihilape
|-damage|p2b: Annihilape|0 fnt
|faint|p2b: Annihilape
|move|p2a: Ursaluna|Earth Power|p1b: Salamence
|-supereffective|p1b: Salamence
|-damage|p1b: Salamence|22/100
|
|upkeep
|turn|8
|c|☆cartuchoazul|shhh 30% gg
|
|t:|1757675727
|move|p1b: Salamence|Hydro Pump|p2a: Ursaluna
|-supereffective|p2a: Ursaluna
|-damage|p2a: Ursaluna|57/100
|move|p1a: Volcarona|Quiver Dance|p1a: Volcarona
|-boost|p1a: Volcarona|spa|1
|-boost|p1a: Volcarona|spd|1
|-boost|p1a: Volcarona|spe|1
|move|p2a: Ursaluna|Blood Moon|p1a: Volcarona
|-damage|p1a: Volcarona|48/100
|
|upkeep
|turn|9
|
|t:|1757675741
|move|p1a: Volcarona|Fiery Dance|p2a: Ursaluna
|-damage|p2a: Ursaluna|10/100
|move|p1b: Salamence|Dragon Pulse|p2a: Ursaluna
|-damage|p2a: Ursaluna|0 fnt
|faint|p2a: Ursaluna
|
|win|ushitsune
||cartuchoazul is ready for game 3.
||ushitsune is ready for game 3.
|uhtml|next|Next: Game 3 of 3
