|j|☆iljob
|j|☆ferpshowdown
|html|iljobferpshowdown    
|uhtml|bestof|Game 3 of a best-of-3
|t:|1783103622
|gametype|doubles
|player|p1|iljob|2|1154
|player|p2|ferpshowdown|lucas|1182
|gen|9
|tier|[Gen 9 Champions] VGC 2026 Reg M-B (Bo3)
|rated|
|rule|Species Clause: Limit one of each Pokémon
|rule|Item Clause: Limit 1 of each item
|clearpoke
|poke|p1|Floette-Eternal, L50, F|
|poke|p1|Aegislash, L50, F|
|poke|p1|Incineroar, L50, F|
|poke|p1|Tsareena, L50, F|
|poke|p1|Malamar, L50, F|
|poke|p1|Rotom-Wash, L50|
|poke|p2|Charizard, L50, F|
|poke|p2|Garchomp, L50, M|
|poke|p2|Aerodactyl, L50, F|
|poke|p2|Farigiraf, L50, F|
|poke|p2|Kingambit, L50, F|
|poke|p2|Sylveon, L50, M|
|teampreview|4
|showteam|p1|Floette-Eternal||Floettite|Symbiosis|DazzlingGleam,Moonblast,CalmMind,Protect|Serious||F|||50|]Aegislash||LifeOrb|StanceChange|SacredSword,Poltergeist,IronHead,KingsShield|Adamant||F|||50|]Incineroar||PasshoBerry|Intimidate|FakeOut,FlareBlitz,DarkestLariat,PartingShot|Serious||F|||50|]Tsareena||ChoiceScarf|QueenlyMajesty|TropKick,HighJumpKick,TripleAxel,Uturn|Adamant||F|||50|]Malamar||Leftovers|Contrary|Superpower,PsychoCut,TrickRoom,Protect|Adamant||F|||50|]Rotom-Wash||SitrusBerry|Levitate|Electroweb,Thunderbolt,HydroPump,VoltSwitch|Timid|||||50|
|showteam|p2|Charizard||CharizarditeY|Blaze|HeatWave,WeatherBall,SolarBeam,Protect|Modest||F|||50|]Garchomp||LifeOrb|RoughSkin|DragonClaw,Earthquake,RockSlide,Protect|Jolly||M|||50|]Aerodactyl||Aerodactylite|Unnerve|RockSlide,DualWingbeat,IceFang,Tailwind|Jolly||F|||50|]Farigiraf||SitrusBerry|ArmorTail|Psychic,Thunderbolt,SunnyDay,TrickRoom|Bold||F|||50|]Kingambit||FocusSash|Defiant|KowtowCleave,IronHead,SuckerPunch,LowKick|Adamant||F|||50|]Sylveon||FairyFeather|Pixilate|HyperVoice,HyperBeam,QuickAttack,Protect|Modest||M|||50|
|inactive|Battle timer is ON: inactive players will automatically lose when time's up. (requested by iljob)
|
|t:|1783103635
|teamsize|p1|4
|teamsize|p2|4
|start
|switch|p1a: Floette|Floette-Eternal, L50, F|100/100
|switch|p1b: Malamar|Malamar, L50, F|100/100
|switch|p2a: Kingambit|Kingambit, L50, F|100/100
|switch|p2b: Sylveon|Sylveon, L50, M|100/100
|turn|1
|
|t:|1783103653
|detailschange|p1a: Floette|Floette-Mega, L50, F
|-mega|p1a: Floette|Floette|Floettite
|-ability|p1a: Floette|Fairy Aura
|move|p1a: Floette|Calm Mind|p1a: Floette
|-boost|p1a: Floette|spa|1
|-boost|p1a: Floette|spd|1
|move|p2a: Kingambit|Iron Head|p1a: Floette
|-supereffective|p1a: Floette|1
|-damage|p1a: Floette|3/100
|move|p1b: Malamar|Superpower|p2a: Kingambit
|-supereffective|p2a: Kingambit|2
|-enditem|p2a: Kingambit|Focus Sash
|-damage|p2a: Kingambit|1/100
|-boost|p1b: Malamar|atk|1
|-boost|p1b: Malamar|def|1
|move|p2b: Sylveon|Hyper Beam|p1b: Malamar
|-supereffective|p1b: Malamar|1
|-damage|p1b: Malamar|0 fnt
|-mustrecharge|p2b: Sylveon
|faint|p1b: Malamar
|
|upkeep
|
|t:|1783103675
|switch|p1b: Incineroar|Incineroar, L50, F|100/100
|-ability|p1b: Incineroar|Intimidate|boost
|-unboost|p2a: Kingambit|atk|1
|-ability|p2a: Kingambit|Defiant|boost
|-boost|p2a: Kingambit|atk|2
|-unboost|p2b: Sylveon|atk|1
|turn|2
|
|t:|1783103687
|move|p1b: Incineroar|Fake Out|p2a: Kingambit
|-resisted|p2a: Kingambit|1
|-damage|p2a: Kingambit|0 fnt
|faint|p2a: Kingambit
|move|p1a: Floette|Moonblast|p2b: Sylveon
|-damage|p2b: Sylveon|17/100
|cant|p2b: Sylveon|recharge
|
|upkeep
|
|t:|1783103703
|switch|p2a: Garchomp|Garchomp, L50, M|100/100
|turn|3
|
|t:|1783103714
|switch|p1b: Aegislash|Aegislash, L50, F|100/100
|move|p1a: Floette|Protect|p1a: Floette
|-singleturn|p1a: Floette|Protect
|move|p2b: Sylveon|Quick Attack|p1a: Floette
|-activate|p1a: Floette|move: Protect
|move|p2a: Garchomp|Earthquake|p1a: Floette|[spread] p2b,p1b
|-activate|p1a: Floette|move: Protect
|-supereffective|p1b: Aegislash|1
|-damage|p2b: Sylveon|0 fnt
|-damage|p1b: Aegislash|14/100
|faint|p2b: Sylveon
|-damage|p2a: Garchomp|90/100|[from] item: Life Orb
|
|upkeep
|
|t:|1783103727
|switch|p2b: Charizard|Charizard, L50, F|100/100
|turn|4
|inactive|iljob has 30 seconds left.
|
|t:|1783103754
|switch|p1a: Incineroar|Incineroar, L50, F|100/100
|-ability|p1a: Incineroar|Intimidate|boost
|-unboost|p2a: Garchomp|atk|1
|-unboost|p2b: Charizard|atk|1
|detailschange|p2b: Charizard|Charizard-Mega-Y, L50, F
|-mega|p2b: Charizard|Charizard|Charizardite Y
|-weather|SunnyDay|[from] ability: Drought|[of] p2b: Charizard
|move|p2a: Garchomp|Protect|p2a: Garchomp
|-singleturn|p2a: Garchomp|Protect
|move|p2b: Charizard|Heat Wave|p1a: Incineroar|[spread] p1a,p1b
|-resisted|p1a: Incineroar|1
|-crit|p1a: Incineroar
|-supereffective|p1b: Aegislash|1
|-damage|p1a: Incineroar|61/100
|-damage|p1b: Aegislash|0 fnt
|faint|p1b: Aegislash
|
|-weather|SunnyDay|[upkeep]
|upkeep
|
|t:|1783103764
|switch|p1b: Floette|Floette-Mega, L50, F|3/100
|-ability|p1b: Floette|Fairy Aura
|turn|5
|
|t:|1783103785
|move|p1a: Incineroar|Fake Out|p2a: Garchomp
|-damage|p2a: Garchomp|78/100
|-damage|p1a: Incineroar|49/100|[from] ability: Rough Skin|[of] p2a: Garchomp
|cant|p2a: Garchomp|flinch
|move|p1b: Floette|Moonblast|p2a: Garchomp
|-supereffective|p2a: Garchomp|1
|-damage|p2a: Garchomp|0 fnt
|faint|p2a: Garchomp
|move|p2b: Charizard|Heat Wave|p1a: Incineroar|[spread] p1a,p1b
|-resisted|p1a: Incineroar|1
|-damage|p1a: Incineroar|22/100
|-damage|p1b: Floette|0 fnt
|faint|p1b: Floette
|
|-weather|SunnyDay|[upkeep]
|upkeep
|turn|6
|
|t:|1783103800
|move|p2b: Charizard|Weather Ball|p1a: Incineroar
|-resisted|p1a: Incineroar|1
|-damage|p1a: Incineroar|0 fnt
|faint|p1a: Incineroar
|
|win|ferpshowdown
|raw|iljob's rating: 1154 → 1131(-23 for losing)
|raw|ferpshowdown's rating: 1182 → 1205(+23 for winning)
|l|☆iljob
|player|p1|
