|j|☆WeVibein
|j|☆randomguy1114s
|html|WeVibeinrandomguy1114s    
|uhtml|bestof|Game 2 of a best-of-3
|t:|1757138325
|gametype|doubles
|player|p1|WeVibein|170|1108
|player|p2|randomguy1114s|lillie-masters|1225
|gen|9
|tier|[Gen 9] VGC 2025 Reg H (Bo3)
|rated|
|rule|Species Clause: Limit one of each Pokémon
|rule|Item Clause: Limit 1 of each item
|clearpoke
|poke|p1|Ursaluna, L50, F|
|poke|p1|Incineroar, L50, F|
|poke|p1|Porygon2, L50|
|poke|p1|Amoonguss, L50, F|
|poke|p1|Primarina, L50, F|
|poke|p1|Dragonite, L50, M|
|poke|p2|Dragonite, L50, F|
|poke|p2|Archaludon, L50, F|
|poke|p2|Sinistcha, L50|
|poke|p2|Ursaluna, L50, F|
|poke|p2|Pelipper, L50, F|
|poke|p2|Gholdengo, L50|
|teampreview|4
|showteam|p1|Ursaluna||FlameOrb|Guts|Facade,HeadlongRush,CloseCombat,Protect|||F|||50|,,,,,Normal]Incineroar||SafetyGoggles|Intimidate|FlareBlitz,KnockOff,PartingShot,FakeOut|||F|||50|,,,,,Ghost]Porygon2||Eviolite|Download|TrickRoom,TeraBlast,Thunderbolt,Protect||||||50|,,,,,Flying]Amoonguss||RockyHelmet|Regenerator|Spore,RagePowder,SludgeBomb,Protect|||F|||50|,,,,,Ghost]Primarina||LifeOrb|LiquidVoice|HyperVoice,Moonblast,Psychic,Protect|||F|||50|,,,,,Poison]Dragonite||LoadedDice|Multiscale|ScaleShot,Tailwind,AerialAce,Protect|||M|||50|,,,,,Fairy
|showteam|p2|Dragonite||LoadedDice|Multiscale|ScaleShot,Haze,Tailwind,Protect|||F|||50|,,,,,Fairy]Archaludon||AssaultVest|Stamina|FlashCannon,BodyPress,ElectroShot,Snarl|||F|||50|,,,,,Fighting]Sinistcha||SitrusBerry|Hospitality|MatchaGotcha,RagePowder,TrickRoom,LifeDew||||||50|,,,,,Dark]Ursaluna||FlameOrb|Guts|HeadlongRush,Facade,Earthquake,Protect|||F|||50|,,,,,Ghost]Pelipper||FocusSash|Drizzle|MuddyWater,Hurricane,Tailwind,Protect|||F|||50|,,,,,Steel]Gholdengo||ChoiceScarf|GoodasGold|MakeItRain,ShadowBall,Protect,Trick||||||50|,,,,,Flying
|
|t:|1757138367
|teamsize|p1|4
|teamsize|p2|4
|start
|switch|p1a: Porygon2|Porygon2, L50|100/100
|switch|p1b: Incineroar|Incineroar, L50, F|100/100
|switch|p2a: Pelipper|Pelipper, L50, F|100/100
|switch|p2b: Archaludon|Archaludon, L50, F|100/100
|-weather|RainDance|[from] ability: Drizzle|[of] p2a: Pelipper
|-ability|p1b: Incineroar|Intimidate|boost
|-unboost|p2a: Pelipper|atk|1
|-unboost|p2b: Archaludon|atk|1
|-ability|p1a: Porygon2|Download|boost
|-boost|p1a: Porygon2|spa|1
|turn|1
|
|t:|1757138402
|switch|p2a: Ursaluna|Ursaluna, L50, F, shiny|100/100
|move|p1b: Incineroar|Fake Out|p2a: Ursaluna
|-damage|p2a: Ursaluna|90/100
|move|p2b: Archaludon|Electro Shot||[still]
|-prepare|p2b: Archaludon|Electro Shot
|-boost|p2b: Archaludon|spa|1
|-anim|p2b: Archaludon|Electro Shot|p1b: Incineroar
|-damage|p1b: Incineroar|42/100
|move|p1a: Porygon2|Trick Room|p1a: Porygon2
|-fieldstart|move: Trick Room|[of] p1a: Porygon2
|
|-weather|RainDance|[upkeep]
|-status|p2a: Ursaluna|brn|[from] item: Flame Orb
|upkeep
|turn|2
|
|t:|1757138444
|switch|p2b: Pelipper|Pelipper, L50, F|100/100
|-terastallize|p2a: Ursaluna|Ghost
|move|p1a: Porygon2|Thunderbolt|p2b: Pelipper
|-supereffective|p2b: Pelipper
|-crit|p2b: Pelipper
|-enditem|p2b: Pelipper|Focus Sash
|-damage|p2b: Pelipper|1/100
|-status|p2b: Pelipper|par
|move|p2a: Ursaluna|Earthquake|p1b: Incineroar|[spread] p1a,p1b
|-immune|p2b: Pelipper
|-supereffective|p1b: Incineroar
|-damage|p1a: Porygon2|55/100
|-damage|p1b: Incineroar|0 fnt
|faint|p1b: Incineroar
|
|-weather|RainDance|[upkeep]
|-damage|p2a: Ursaluna|84/100 brn|[from] brn
|upkeep
|
|t:|1757138466
|switch|p1b: Primarina|Primarina, L50, F|100/100
|turn|3
|
|t:|1757138478
|-terastallize|p1a: Porygon2|Flying
|cant|p2b: Pelipper|par
|move|p1a: Porygon2|Tera Blast|p2a: Ursaluna|[anim] Tera Blast Flying
|-damage|p2a: Ursaluna|36/100 brn
|move|p2a: Ursaluna|Facade|p1b: Primarina
|-damage|p1b: Primarina|0 fnt
|faint|p1b: Primarina
|
|-weather|RainDance|[upkeep]
|-damage|p2a: Ursaluna|30/100 brn|[from] brn
|upkeep
|
|t:|1757138491
|switch|p1b: Ursaluna|Ursaluna, L50, F, shiny|100/100
|turn|4
|
|t:|1757138499
|switch|p2a: Archaludon|Archaludon, L50, F|100/100
|move|p2b: Pelipper|Protect|p2b: Pelipper
|-singleturn|p2b: Pelipper|Protect
|move|p1a: Porygon2|Tera Blast|p2a: Archaludon|[anim] Tera Blast Flying
|-resisted|p2a: Archaludon
|-damage|p2a: Archaludon|79/100
|-ability|p2a: Archaludon|Stamina|boost
|-boost|p2a: Archaludon|def|1
|move|p1b: Ursaluna|Facade|p2b: Pelipper
|-activate|p2b: Pelipper|move: Protect
|
|-weather|RainDance|[upkeep]
|-status|p1b: Ursaluna|brn|[from] item: Flame Orb
|upkeep
|turn|5
|
|t:|1757138518
|move|p2b: Pelipper|Muddy Water|p1b: Ursaluna|[spread] p1a,p1b
|-supereffective|p1b: Ursaluna
|-damage|p1a: Porygon2|29/100
|-damage|p1b: Ursaluna|29/100 brn
|move|p1a: Porygon2|Tera Blast|p2b: Pelipper|[anim] Tera Blast Flying
|-damage|p2b: Pelipper|0 fnt
|faint|p2b: Pelipper
|move|p1b: Ursaluna|Headlong Rush|p2a: Archaludon
|-supereffective|p2a: Archaludon
|-damage|p2a: Archaludon|0 fnt
|-unboost|p1b: Ursaluna|def|1
|-unboost|p1b: Ursaluna|spd|1
|faint|p2a: Archaludon
|
|-weather|none
|-damage|p1b: Ursaluna|23/100 brn|[from] brn
|-fieldend|move: Trick Room
|upkeep
|
|t:|1757138528
|switch|p2b: Ursaluna|Ursaluna, L50, F, shiny, tera:Ghost|30/100 brn
|switch|p2a: Gholdengo|Gholdengo, L50|100/100
|turn|6
|
|t:|1757138547
|move|p2a: Gholdengo|Make It Rain|p1a: Porygon2|[spread] p1a,p1b
|-damage|p1a: Porygon2|0 fnt
|-damage|p1b: Ursaluna|0 fnt
|-unboost|p2a: Gholdengo|spa|1
|faint|p1a: Porygon2
|faint|p1b: Ursaluna
|
|win|randomguy1114s
|raw|WeVibein's rating: 1108 → 1091(-17 for losing)
|raw|randomguy1114s's rating: 1225 → 1242(+17 for winning)
