|j|☆raksbach
|j|☆hamilton60
|html|raksbachhamilton60    
|uhtml|bestof|Game 1 of a best-of-3
|t:|1782982251
|gametype|doubles
|player|p1|raksbach|102|1116
|player|p2|hamilton60|2|1092
|gen|9
|tier|[Gen 9 Champions] VGC 2026 Reg M-B (Bo3)
|rated|
|rule|Species Clause: Limit one of each Pokémon
|rule|Item Clause: Limit 1 of each item
|clearpoke
|poke|p1|Swampert, L50, M|
|poke|p1|Pelipper, L50, M|
|poke|p1|Archaludon, L50, F|
|poke|p1|Grimmsnarl, L50, M|
|poke|p1|Venusaur, L50, M|
|poke|p1|Basculegion, L50, M|
|poke|p2|Whimsicott, L50, F|
|poke|p2|Sneasler, L50, F|
|poke|p2|Floette-Eternal, L50, F|
|poke|p2|Armarouge, L50, M|
|poke|p2|Palafin, L50, F|
|poke|p2|Tyranitar, L50, F|
|teampreview|4
|showteam|p1|Swampert||Swampertite|Damp|WaveCrash,Earthquake,IcePunch,Protect|Adamant||M|||50|]Pelipper||SitrusBerry|Drizzle|Hurricane,WeatherBall,Tailwind,Protect|Bold||M|||50|]Archaludon||Leftovers|Stamina|DragonPulse,FlashCannon,ElectroShot,Protect|Modest||F|||50|]Grimmsnarl||LightClay|Prankster|FoulPlay,Reflect,LightScreen,PartingShot|Careful||M|||50|]Venusaur||Venusaurite|Chlorophyll|SludgeBomb,GigaDrain,EarthPower,Protect|Modest||M|||50|]Basculegion||ChoiceScarf|Adaptability|WaveCrash,LastRespects,FlipTurn,AquaJet|Jolly||M|||50|
|showteam|p2|Whimsicott||FocusSash|Prankster|Moonblast,Tailwind,Taunt,FakeTears|Modest||F|||50|]Sneasler||WhiteHerb|Unburden|CloseCombat,DireClaw,Protect,FakeOut|Adamant||F|||50|]Floette-Eternal||Floettite|FlowerVeil|DazzlingGleam,Protect,CalmMind,DrainingKiss|Timid||F|||50|]Armarouge||LifeOrb|FlashFire|Flamethrower,AuraSphere,Protect,Psychic|Timid||M|||50|]Palafin||MysticWater|ZerotoHero|IcePunch,Protect,FlipTurn,JetPunch|Serious||F|||50|]Tyranitar||Tyranitarite|SandStream|RockSlide,DragonDance,Protect,KnockOff|Adamant||F|||50|
|inactive|Battle timer is ON: inactive players will automatically lose when time's up. (requested by raksbach)
|inactive|hamilton60 also wants the timer to be on.
|inactive|raksbach has 60 seconds left.
|inactive|hamilton60 has 60 seconds left.
|
|t:|1782982297
|teamsize|p1|4
|teamsize|p2|4
|start
|switch|p1a: Venusaur|Venusaur, L50, M|100/100
|switch|p1b: Grimmsnarl|Grimmsnarl, L50, M|100/100
|switch|p2a: Whimsicott|Whimsicott, L50, F|100/100
|switch|p2b: Palafin|Palafin, L50, F|100/100
|turn|1
|inactive|hamilton60 has 30 seconds left.
|
|t:|1782982322
|detailschange|p1a: Venusaur|Venusaur-Mega, L50, M
|-mega|p1a: Venusaur|Venusaur|Venusaurite
|move|p2a: Whimsicott|Tailwind|p2a: Whimsicott
|-sidestart|p2: hamilton60|move: Tailwind
|move|p1b: Grimmsnarl|Reflect|p1b: Grimmsnarl
|-sidestart|p1: raksbach|Reflect
|move|p2b: Palafin|Flip Turn|p1b: Grimmsnarl
|-damage|p1b: Grimmsnarl|82/100
|
|t:|1782982330
|detailschange|p2b: Palafin|Palafin-Hero, L50, F
|switch|p2b: Sneasler|Sneasler, L50, F|100/100|[from] Flip Turn
|move|p1a: Venusaur|Sludge Bomb|p2a: Whimsicott
|-supereffective|p2a: Whimsicott|2
|-enditem|p2a: Whimsicott|Focus Sash
|-damage|p2a: Whimsicott|1/100
|-status|p2a: Whimsicott|psn
|
|-damage|p2a: Whimsicott|0 fnt|[from] psn
|faint|p2a: Whimsicott
|upkeep
|
|t:|1782982339
|switch|p2a: Palafin|Palafin-Hero, L50, F|100/100
|-activate|p2a: Palafin|ability: Zero to Hero
|turn|2
|
|t:|1782982359
|move|p1a: Venusaur|Protect|p1a: Venusaur
|-singleturn|p1a: Venusaur|Protect
|move|p1b: Grimmsnarl|Parting Shot|p2b: Sneasler
|-unboost|p2b: Sneasler|atk|1
|-unboost|p2b: Sneasler|spa|1
|
|t:|1782982365
|switch|p1b: Pelipper|Pelipper, L50, M|100/100|[from] Parting Shot
|-enditem|p2b: Sneasler|White Herb
|-clearnegativeboost|p2b: Sneasler|[silent]
|-weather|RainDance|[from] ability: Drizzle|[of] p1b: Pelipper
|move|p2b: Sneasler|Dire Claw|p1a: Venusaur
|-activate|p1a: Venusaur|move: Protect
|move|p2a: Palafin|Ice Punch|p1a: Venusaur
|-activate|p1a: Venusaur|move: Protect
|
|-weather|RainDance|[upkeep]
|upkeep
|turn|3
|
|t:|1782982382
|switch|p1a: Basculegion|Basculegion, L50, M|100/100
|move|p2b: Sneasler|Dire Claw|p1a: Basculegion
|-resisted|p1a: Basculegion|1
|-damage|p1a: Basculegion|83/100
|-status|p1a: Basculegion|par
|move|p2a: Palafin|Ice Punch|p1a: Basculegion
|-resisted|p1a: Basculegion|1
|-damage|p1a: Basculegion|72/100 par
|move|p1b: Pelipper|Tailwind|p1b: Pelipper
|-sidestart|p1: raksbach|move: Tailwind
|
|-weather|RainDance|[upkeep]
|upkeep
|turn|4
|inactive|raksbach has 30 seconds left.
|
|t:|1782982414
|switch|p1b: Venusaur|Venusaur-Mega, L50, M|100/100
|move|p2b: Sneasler|Dire Claw|p1b: Venusaur
|-damage|p1b: Venusaur|72/100
|move|p2a: Palafin|Ice Punch|p1b: Venusaur
|-supereffective|p1b: Venusaur|1
|-damage|p1b: Venusaur|55/100
|-status|p1b: Venusaur|frz
|move|p1a: Basculegion|Flip Turn|p2b: Sneasler
|-damage|p2b: Sneasler|15/100
|
|t:|1782982425
|switch|p1a: Pelipper|Pelipper, L50, M|100/100|[from] Flip Turn
|
|-weather|RainDance|[upkeep]
|-sideend|p2: hamilton60|move: Tailwind
|upkeep
|turn|5
|
|t:|1782982437
|move|p2b: Sneasler|Dire Claw|p1a: Pelipper
|-damage|p1a: Pelipper|72/100
|-status|p1a: Pelipper|par
|cant|p1b: Venusaur|frz
|move|p2a: Palafin|Ice Punch|p1a: Pelipper
|-damage|p1a: Pelipper|55/100 par
|move|p1a: Pelipper|Hurricane|p2b: Sneasler
|-supereffective|p2b: Sneasler|1
|-damage|p2b: Sneasler|0 fnt
|faint|p2b: Sneasler
|
|-weather|RainDance|[upkeep]
|upkeep
|
|t:|1782982448
|switch|p2b: Tyranitar|Tyranitar, L50, F|100/100
|-weather|Sandstorm|[from] ability: Sand Stream|[of] p2b: Tyranitar
|turn|6
|
|t:|1782982470
|switch|p1a: Grimmsnarl|Grimmsnarl, L50, M|82/100
|cant|p1b: Venusaur|frz
|move|p2a: Palafin|Ice Punch|p1b: Venusaur
|-supereffective|p1b: Venusaur|1
|-damage|p1b: Venusaur|36/100 frz
|move|p2b: Tyranitar|Dragon Dance|p2b: Tyranitar
|-boost|p2b: Tyranitar|atk|1
|-boost|p2b: Tyranitar|spe|1
|
|-weather|Sandstorm|[upkeep]
|-damage|p1b: Venusaur|30/100 frz|[from] Sandstorm
|-damage|p1a: Grimmsnarl|76/100|[from] Sandstorm
|-damage|p2a: Palafin|94/100|[from] Sandstorm
|-sideend|p1: raksbach|move: Tailwind
|upkeep
|turn|7
|
|t:|1782982494
|move|p2a: Palafin|Jet Punch|p1b: Venusaur
|-resisted|p1b: Venusaur|1
|-damage|p1b: Venusaur|17/100 frz
|move|p1a: Grimmsnarl|Parting Shot|p2a: Palafin
|-unboost|p2a: Palafin|atk|1
|-unboost|p2a: Palafin|spa|1
|
|t:|1782982499
|switch|p1a: Pelipper|Pelipper, L50, M|55/100 par|[from] Parting Shot
|-weather|RainDance|[from] ability: Drizzle|[of] p1a: Pelipper
|move|p2b: Tyranitar|Rock Slide|p1b: Venusaur|[spread] p1b
|-miss|p2b: Tyranitar|p1a: Pelipper
|-damage|p1b: Venusaur|0 fnt
|faint|p1b: Venusaur
|
|-weather|RainDance|[upkeep]
|upkeep
|
|t:|1782982509
|switch|p1b: Basculegion|Basculegion, L50, M|72/100 par
|turn|8
|
|t:|1782982526
|detailschange|p2b: Tyranitar|Tyranitar-Mega, L50, F
|-mega|p2b: Tyranitar|Tyranitar|Tyranitarite
|-weather|Sandstorm|[from] ability: Sand Stream|[of] p2b: Tyranitar
|move|p2b: Tyranitar|Knock Off|p1b: Basculegion
|-supereffective|p1b: Basculegion|1
|-damage|p1b: Basculegion|0 fnt
|-enditem|p1b: Basculegion|Choice Scarf|[from] move: Knock Off|[of] p2b: Tyranitar
|faint|p1b: Basculegion
|move|p2a: Palafin|Ice Punch|p1a: Pelipper
|-damage|p1a: Pelipper|42/100 par
|-enditem|p1a: Pelipper|Sitrus Berry|[eat]
|-heal|p1a: Pelipper|67/100 par|[from] item: Sitrus Berry
|move|p1a: Pelipper|Hurricane|p2a: Palafin
|-damage|p2a: Palafin|60/100
|-start|p2a: Palafin|confusion
|
|-weather|Sandstorm|[upkeep]
|-damage|p2a: Palafin|55/100|[from] Sandstorm
|-damage|p1a: Pelipper|61/100 par|[from] Sandstorm
|-sideend|p1: raksbach|Reflect
|upkeep
|inactive|raksbach has 30 seconds left.
|
|t:|1782982559
|switch|p1b: Grimmsnarl|Grimmsnarl, L50, M|76/100
|turn|9
|
|t:|1782982579
|-activate|p2a: Palafin|confusion
|-damage|p2a: Palafin|44/100|[from] confusion
|move|p1b: Grimmsnarl|Reflect|p1b: Grimmsnarl
|-sidestart|p1: raksbach|Reflect
|move|p2b: Tyranitar|Rock Slide|p1b: Grimmsnarl|[spread] p1a
|-miss|p2b: Tyranitar|p1b: Grimmsnarl
|-supereffective|p1a: Pelipper|1
|-damage|p1a: Pelipper|0 fnt
|faint|p1a: Pelipper
|
|-weather|Sandstorm|[upkeep]
|-damage|p2a: Palafin|38/100|[from] Sandstorm
|-damage|p1b: Grimmsnarl|70/100|[from] Sandstorm
|upkeep
|turn|10
|-message|raksbach forfeited.
|
|win|hamilton60
