|j|☆Vulpisfoglia
|j|☆bruGno
|html|VulpisfogliabruGno    
|uhtml|bestof|Game 1 of a best-of-3
|t:|1786183410
|gametype|doubles
|player|p1|Vulpisfoglia|gwynn|1233
|player|p2|bruGno|ash-kalos|1364
|gen|9
|tier|[Gen 9 Champions] VGC 2026 Reg M-B (Bo3)
|rated|
|rule|Species Clause: Limit one of each Pokémon
|rule|Item Clause: Limit 1 of each item
|clearpoke
|poke|p1|Tyranitar, L50, M|
|poke|p1|Staraptor, L50, F|
|poke|p1|Sinistcha-Masterpiece, L50|
|poke|p1|Annihilape, L50, M|
|poke|p1|Garchomp, L50, M|
|poke|p1|Volcarona, L50, M|
|poke|p2|Staraptor, L50, F|
|poke|p2|Arcanine-Hisui, L50, F|
|poke|p2|Kingambit, L50, M|
|poke|p2|Sylveon, L50, M|
|poke|p2|Raichu, L50, F|
|poke|p2|Farigiraf, L50, M|
|teampreview|4
|showteam|p1|Tyranitar||FocusSash|SandStream|RockSlide,KnockOff,LowKick,Protect|Jolly||M|||50|]Staraptor||Staraptite|Intimidate|CloseCombat,BraveBird,Tailwind,Protect|Jolly||F|||50|]Sinistcha-Masterpiece||ColburBerry|Hospitality|MatchaGotcha,RagePowder,TrickRoom,Protect|Bold|||||50|]Annihilape||ChoiceScarf|Defiant|CloseCombat,RockSlide,PhantomForce,IcePunch|Adamant||M|||50|]Garchomp||Garchompite|RoughSkin|EarthPower,DracoMeteor,PowerGem,Protect|Modest||M|||50|]Volcarona||SitrusBerry|FlameBody|Flamethrower,StruggleBug,RagePowder,Protect|Bold||M|||50|
|showteam|p2|Staraptor||Staraptite|Intimidate|DualWingbeat,CloseCombat,Tailwind,Protect|Jolly||F|||50|]Arcanine-Hisui||FocusSash|RockHead|FlareBlitz,HeadSmash,ExtremeSpeed,Protect|Jolly||F|||50|]Kingambit||LifeOrb|Defiant|KowtowCleave,SuckerPunch,SwordsDance,Protect|Adamant||M|||50|]Sylveon||FairyFeather|Pixilate|HyperVoice,HyperBeam,QuickAttack,Detect|Modest||M|||50|]Raichu||RaichuniteY|LightningRod|ZapCannon,FocusBlast,FakeOut,Protect|Timid||F|||50|]Farigiraf||SitrusBerry|ArmorTail|Psychic,HelpingHand,TrickRoom,Protect|Calm||M|||50|
|
|t:|1786183460
|teamsize|p1|4
|teamsize|p2|4
|start
|switch|p1a: Annihilape|Annihilape, L50, M|100/100
|switch|p1b: Volcarona|Volcarona, L50, M|100/100
|switch|p2a: Sylveon|Sylveon, L50, M|100/100
|switch|p2b: Raichu|Raichu, L50, F|100/100
|turn|1
|inactive|Battle timer is ON: inactive players will automatically lose when time's up. (requested by bruGno)
|
|t:|1786183487
|detailschange|p2b: Raichu|Raichu-Mega-Y, L50, F
|-mega|p2b: Raichu|Raichu|Raichunite Y
|move|p1a: Annihilape|Phantom Force||[still]
|-prepare|p1a: Annihilape|Phantom Force
|move|p2b: Raichu|Zap Cannon|p1b: Volcarona
|-damage|p1b: Volcarona|46/100
|-status|p1b: Volcarona|par
|-enditem|p1b: Volcarona|Sitrus Berry|[eat]
|-heal|p1b: Volcarona|71/100 par|[from] item: Sitrus Berry
|move|p2a: Sylveon|Hyper Voice|p1b: Volcarona|[spread] p1b
|-miss|p2a: Sylveon|p1a: Annihilape
|-resisted|p1b: Volcarona|1
|-damage|p1b: Volcarona|51/100 par
|move|p1b: Volcarona|Struggle Bug|p2a: Sylveon|[spread] p2a,p2b
|-resisted|p2a: Sylveon|1
|-damage|p2a: Sylveon|93/100
|-damage|p2b: Raichu|80/100
|-unboost|p2a: Sylveon|spa|1
|-unboost|p2b: Raichu|spa|1
|
|upkeep
|turn|2
|inactive|bruGno has 30 seconds left.
|
|t:|1786183520
|move|p1a: Annihilape|Phantom Force|p2b: Raichu|[from] lockedmove
|-damage|p2b: Raichu|2/100
|move|p2b: Raichu|Zap Cannon|p1b: Volcarona
|-damage|p1b: Volcarona|17/100 par
|move|p2a: Sylveon|Hyper Voice|p1a: Annihilape|[spread] p1a,p1b
|-supereffective|p1a: Annihilape|1
|-resisted|p1b: Volcarona|1
|-damage|p1a: Annihilape|28/100
|-damage|p1b: Volcarona|3/100 par
|move|p1b: Volcarona|Flamethrower|p2b: Raichu
|-damage|p2b: Raichu|0 fnt
|faint|p2b: Raichu
|
|upkeep
|
|t:|1786183534
|switch|p2b: Farigiraf|Farigiraf, L50, M|100/100
|turn|3
|
|t:|1786183551
|switch|p2b: Arcanine|Arcanine-Hisui, L50, F|100/100
|move|p1b: Volcarona|Protect|p1b: Volcarona
|-singleturn|p1b: Volcarona|Protect
|move|p1a: Annihilape|Phantom Force||[still]
|-prepare|p1a: Annihilape|Phantom Force
|move|p2a: Sylveon|Hyper Voice|p1a: Annihilape|[spread] 
|-miss|p2a: Sylveon|p1a: Annihilape
|-activate|p1b: Volcarona|move: Protect
|
|upkeep
|turn|4
|
|t:|1786183574
|switch|p2a: Farigiraf|Farigiraf, L50, M|100/100
|move|p1b: Volcarona|Rage Powder|p1b: Volcarona
|-singleturn|p1b: Volcarona|move: Rage Powder
|move|p1a: Annihilape|Phantom Force|p2a: Farigiraf|[from] lockedmove
|-immune|p2a: Farigiraf
|move|p2b: Arcanine|Flare Blitz|p1b: Volcarona
|-crit|p1b: Volcarona
|-damage|p1b: Volcarona|0 fnt
|faint|p1b: Volcarona
|
|upkeep
|
|t:|1786183582
|switch|p1b: Garchomp|Garchomp, L50, M|100/100
|turn|5
|inactive|bruGno has 30 seconds left.
|
|t:|1786183615
|switch|p2b: Sylveon|Sylveon, L50, M|93/100
|detailschange|p1b: Garchomp|Garchomp-Mega, L50, M
|-mega|p1b: Garchomp|Garchomp|Garchompite
|move|p1a: Annihilape|Phantom Force||[still]
|-prepare|p1a: Annihilape|Phantom Force
|move|p1b: Garchomp|Earth Power|p2a: Farigiraf
|-crit|p2a: Farigiraf
|-damage|p2a: Farigiraf|44/100
|-enditem|p2a: Farigiraf|Sitrus Berry|[eat]
|-heal|p2a: Farigiraf|69/100|[from] item: Sitrus Berry
|move|p2a: Farigiraf|Trick Room|p2a: Farigiraf
|-fieldstart|move: Trick Room|[of] p2a: Farigiraf
|
|upkeep
|turn|6
|
|t:|1786183633
|move|p2a: Farigiraf|Psychic|p1b: Garchomp
|-damage|p1b: Garchomp|66/100
|-unboost|p1b: Garchomp|spd|1
|move|p2b: Sylveon|Hyper Voice|p1a: Annihilape|[spread] p1b
|-miss|p2b: Sylveon|p1a: Annihilape
|-supereffective|p1b: Garchomp|1
|-damage|p1b: Garchomp|0 fnt
|faint|p1b: Garchomp
|move|p1a: Annihilape|Phantom Force|p2b: Sylveon|[from] lockedmove
|-damage|p2b: Sylveon|28/100
|
|upkeep
|
|t:|1786183644
|switch|p1b: Tyranitar|Tyranitar, L50, M|100/100
|-weather|Sandstorm|[from] ability: Sand Stream|[of] p1b: Tyranitar
|turn|7
|
|t:|1786183657
|move|p2a: Farigiraf|Helping Hand|p2b: Sylveon
|-singleturn|p2b: Sylveon|Helping Hand|[of] p2a: Farigiraf
|move|p2b: Sylveon|Hyper Voice|p1a: Annihilape|[spread] p1a,p1b
|-supereffective|p1a: Annihilape|1
|-supereffective|p1b: Tyranitar|1
|-damage|p1a: Annihilape|0 fnt
|-damage|p1b: Tyranitar|5/100
|faint|p1a: Annihilape
|move|p1b: Tyranitar|Rock Slide|p2a: Farigiraf|[spread] p2a,p2b
|-damage|p2a: Farigiraf|40/100
|-damage|p2b: Sylveon|0 fnt
|faint|p2b: Sylveon
|
|-weather|Sandstorm|[upkeep]
|-damage|p2a: Farigiraf|33/100|[from] Sandstorm
|upkeep
|
|t:|1786183666
|switch|p2b: Arcanine|Arcanine-Hisui, L50, F|100/100
|turn|8
|
|t:|1786183679
|move|p2a: Farigiraf|Helping Hand|p2b: Arcanine
|-singleturn|p2b: Arcanine|Helping Hand|[of] p2a: Farigiraf
|move|p2b: Arcanine|Extreme Speed|p1b: Tyranitar
|-resisted|p1b: Tyranitar|1
|-damage|p1b: Tyranitar|0 fnt
|faint|p1b: Tyranitar
|
|win|bruGno
||Vulpisfoglia is ready for game 2.
