|j|☆SlowHomie
|j|☆dipsy derek
|html|SlowHomiedipsy derek    
|uhtml|bestof|Game 1 of a best-of-3
|t:|1757099508
|gametype|doubles
|player|p1|SlowHomie|skier|
|player|p2|dipsy derek|101|
|gen|9
|tier|[Gen 9] VGC 2025 Reg H (Bo3)
|rule|Species Clause: Limit one of each Pokémon
|rule|Item Clause: Limit 1 of each item
|clearpoke
|poke|p1|Murkrow, L50, M|
|poke|p1|Abomasnow, L50, M|
|poke|p1|Indeedee, L50, M|
|poke|p1|Sneasler, L50, M|
|poke|p1|Gholdengo, L50|
|poke|p1|Basculegion, L50, M|
|poke|p2|Archaludon, L50, F|
|poke|p2|Sneasler, L50, F|
|poke|p2|Pelipper, L50, F|
|poke|p2|Amoonguss, L50, F|
|poke|p2|Kingdra, L50, M|
|poke|p2|Volcarona, L50, F|
|teampreview|4
|showteam|p1|Murkrow||Eviolite|Prankster|FoulPlay,Tailwind,Haze,Protect|||M|||50|,,,,,Ghost]Abomasnow||AssaultVest|SnowWarning|Blizzard,LeafStorm,EarthPower,WeatherBall|||M|||50|,,,,,Fire]Indeedee||FocusSash|PsychicSurge|ExpandingForce,TeraBlast,Imprison,TrickRoom|||M|||50|,,,,,Fighting]Sneasler||PsychicSeed|Unburden|DireClaw,CloseCombat,ThroatChop,Protect|||M|||50|,,,,,Dark]Gholdengo||LifeOrb|GoodasGold|MakeItRain,ShadowBall,NastyPlot,Protect||||||50|,,,,,Steel]Basculegion||ChoiceScarf|Adaptability|WaveCrash,LastRespects,AquaJet,FlipTurn|||M|||50|,,,,,Grass
|showteam|p2|Archaludon||PowerHerb|Sturdy|ElectroShot,DracoMeteor,FlashCannon,Protect|||F|||50|,,,,,Grass]Sneasler||FocusSash|Unburden|FakeOut,DireClaw,CloseCombat,Protect|||F|||50|,,,,,Stellar]Pelipper||SafetyGoggles|Drizzle|Hurricane,WeatherBall,WideGuard,Tailwind|||F|||50|,,,,,Ghost]Amoonguss||SitrusBerry|Regenerator|Spore,RagePowder,PollenPuff,Protect|||F|||50|,,,,,Fairy]Kingdra||LifeOrb|SwiftSwim|MuddyWater,DracoMeteor,WeatherBall,Protect|||M|||50|,,,,,Water]Volcarona||CovertCloak|FlameBody|Overheat,StruggleBug,RagePowder,WillOWisp|||F|||50|,,,,,Dragon
|c|☆dipsy derek|glhf
|c|☆SlowHomie|Glhf!
|
|t:|1757099603
|teamsize|p1|4
|teamsize|p2|4
|start
|switch|p1a: MDD|Indeedee, L50, M, shiny|100/100
|switch|p1b: Longclaw|Sneasler, L50, M, shiny|100/100
|switch|p2a: Volcarona|Volcarona, L50, F|100/100
|switch|p2b: Amoonguss|Amoonguss, L50, F|100/100
|-fieldstart|move: Psychic Terrain|[from] ability: Psychic Surge|[of] p1a: MDD
|-enditem|p1b: Longclaw|Psychic Seed
|-boost|p1b: Longclaw|spd|1|[from] item: Psychic Seed
|turn|1
|
|t:|1757099619
|-terastallize|p2b: Amoonguss|Fairy
|move|p1b: Longclaw|Protect|p1b: Longclaw
|-singleturn|p1b: Longclaw|Protect
|move|p2a: Volcarona|Struggle Bug|p1b: Longclaw|[spread] p1a
|-activate|p1b: Longclaw|move: Protect
|-supereffective|p1a: MDD
|-crit|p1a: MDD
|-damage|p1a: MDD|25/100
|-unboost|p1a: MDD|spa|1
|move|p1a: MDD|Expanding Force|p2a: Volcarona|[spread] p2a,p2b
|-damage|p2a: Volcarona|66/100
|-damage|p2b: Amoonguss|72/100
|move|p2b: Amoonguss|Spore|p1b: Longclaw
|-activate|p1b: Longclaw|move: Protect
|
|upkeep
|turn|2
|
|t:|1757099652
|switch|p1a: Brynden Rivers|Murkrow, L50, M|100/100
|move|p1b: Longclaw|Dire Claw|p2a: Volcarona
|-damage|p2a: Volcarona|11/100
|-status|p1b: Longclaw|brn|[from] ability: Flame Body|[of] p2a: Volcarona
|move|p2a: Volcarona|Overheat|p1b: Longclaw
|-damage|p1b: Longclaw|49/100 brn
|-unboost|p2a: Volcarona|spa|2
|move|p2b: Amoonguss|Spore|p1a: Brynden Rivers
|-status|p1a: Brynden Rivers|slp|[from] move: Spore
|
|-damage|p1b: Longclaw|43/100 brn|[from] brn
|upkeep
|turn|3
|
|t:|1757099691
|switch|p2b: Pelipper|Pelipper, L50, F|100/100
|-weather|RainDance|[from] ability: Drizzle|[of] p2b: Pelipper
|move|p2a: Volcarona|Rage Powder|p2a: Volcarona
|-singleturn|p2a: Volcarona|move: Rage Powder
|move|p1b: Longclaw|Dire Claw|p2a: Volcarona
|-crit|p2a: Volcarona
|-damage|p2a: Volcarona|0 fnt
|faint|p2a: Volcarona
|cant|p1a: Brynden Rivers|slp
|
|-weather|RainDance|[upkeep]
|-damage|p1b: Longclaw|37/100 brn|[from] brn
|upkeep
|
|t:|1757099695
|switch|p2a: Kingdra|Kingdra, L50, M|100/100
|turn|4
|
|t:|1757099706
|cant|p1a: Brynden Rivers|slp
|move|p1b: Longclaw|Dire Claw|p2b: Pelipper
|-damage|p2b: Pelipper|75/100
|-status|p2b: Pelipper|slp
|move|p2a: Kingdra|Muddy Water|p1b: Longclaw|[spread] p1b
|-miss|p2a: Kingdra|p1a: Brynden Rivers
|-damage|p1b: Longclaw|0 fnt
|faint|p1b: Longclaw
|-damage|p2a: Kingdra|91/100|[from] item: Life Orb
|cant|p2b: Pelipper|slp
|
|-weather|RainDance|[upkeep]
|upkeep
|
|t:|1757099714
|switch|p1b: MDD|Indeedee, L50, M, shiny|25/100
|turn|5
|
|t:|1757099718
|cant|p1a: Brynden Rivers|slp
|move|p2a: Kingdra|Muddy Water|p1a: Brynden Rivers|[spread] p1a,p1b
|-damage|p1a: Brynden Rivers|32/100 slp
|-damage|p1b: MDD|0 fnt
|-unboost|p1a: Brynden Rivers|accuracy|1
|faint|p1b: MDD
|-damage|p2a: Kingdra|82/100|[from] item: Life Orb
|-curestatus|p2b: Pelipper|slp|[msg]
|move|p2b: Pelipper|Tailwind|p2b: Pelipper
|-sidestart|p2: dipsy derek|move: Tailwind
|
|-weather|RainDance|[upkeep]
|-fieldend|move: Psychic Terrain
|upkeep
|
|t:|1757099721
|switch|p1b: Houndfish|Basculegion, L50, M, shiny|100/100
|turn|6
|
|t:|1757099764
|-curestatus|p1a: Brynden Rivers|slp|[msg]
|move|p1a: Brynden Rivers|Tailwind|p1a: Brynden Rivers
|-sidestart|p1: SlowHomie|move: Tailwind
|move|p2a: Kingdra|Draco Meteor|p1b: Houndfish
|-damage|p1b: Houndfish|6/100
|-unboost|p2a: Kingdra|spa|2
|-damage|p2a: Kingdra|72/100|[from] item: Life Orb
|move|p1b: Houndfish|Last Respects|p2a: Kingdra
|-damage|p2a: Kingdra|0 fnt
|faint|p2a: Kingdra
|move|p2b: Pelipper|Hurricane|p1b: Houndfish
|-damage|p1b: Houndfish|0 fnt
|faint|p1b: Houndfish
|
|-weather|RainDance|[upkeep]
|upkeep
|
|t:|1757099776
|switch|p2a: Amoonguss|Amoonguss, L50, F, tera:Fairy|100/100
|turn|7
|
|t:|1757099781
|move|p1a: Brynden Rivers|Foul Play|p2b: Pelipper
|-damage|p2b: Pelipper|59/100
|move|p2b: Pelipper|Weather Ball|p1a: Brynden Rivers
|-damage|p1a: Brynden Rivers|0 fnt
|faint|p1a: Brynden Rivers
|
|win|dipsy derek
||dipsy derek is ready for game 2.
||SlowHomie is ready for game 2.
|uhtml|next|Next: Game 2 of 3
|l|☆SlowHomie
|player|p1|
|l|☆dipsy derek
|player|p2|
|j|☆SlowHomie
|player|p1|SlowHomie|skier|
