|j|☆WolfeyVGC Glazer
|j|☆eratakate
|html|WolfeyVGC Glazereratakate    
|uhtml|bestof|Game 2 of a best-of-3
|t:|1756309443
|gametype|doubles
|player|p1|WolfeyVGC Glazer|pokemonranger-gen4|1172
|player|p2|eratakate|169|1297
|gen|9
|tier|[Gen 9] VGC 2025 Reg H (Bo3)
|rated|
|rule|Species Clause: Limit one of each Pokémon
|rule|Item Clause: Limit 1 of each item
|clearpoke
|poke|p1|Amoonguss, L50, F|
|poke|p1|Incineroar, L50, F|
|poke|p1|Porygon2, L50|
|poke|p1|Ursaluna, L50, M|
|poke|p1|Gholdengo, L50|
|poke|p1|Sneasler, L50, M|
|poke|p2|Incineroar, L50, M|
|poke|p2|Amoonguss, L50, F|
|poke|p2|Ursaluna-Bloodmoon, L50, M|
|poke|p2|Sneasler, L50, M|
|poke|p2|Gholdengo, L50|
|poke|p2|Dragonite, L50, M|
|teampreview|4
|showteam|p1|Amoonguss||SitrusBerry|Regenerator|ClearSmog,PollenPuff,Spore,RagePowder|||F|||50|,,,,,Water]Incineroar||SafetyGoggles|Intimidate|FakeOut,KnockOff,FlareBlitz,PartingShot|||F|||50|,,,,,Ghost]Porygon2||Eviolite|Download|TeraBlast,IceBeam,Recover,TrickRoom||||||50|,,,,,Fighting]Ursaluna||FlameOrb|Guts|Facade,HeadlongRush,Earthquake,Protect|||M|||50|,,,,,Fairy]Gholdengo||LifeOrb|GoodasGold|MakeItRain,ShadowBall,NastyPlot,Protect||||||50|,,,,,Flying]Sneasler||FocusSash|Unburden|CloseCombat,DireClaw,Coaching,Protect|||M|||50|,,,,,Stellar
|showteam|p2|Incineroar||SafetyGoggles|Intimidate|FlareBlitz,KnockOff,PartingShot,FakeOut|||M|||50|,,,,,Ghost]Amoonguss||SitrusBerry|Regenerator|Spore,RagePowder,PollenPuff,Protect|||F|||50|,,,,,Psychic]Ursaluna-Bloodmoon||AssaultVest|MindsEye|HyperVoice,BloodMoon,EarthPower,VacuumWave|||M|||50|,,,,,Water]Sneasler||FocusSash|Unburden|CloseCombat,DireClaw,ThroatChop,Protect|||M|||50|,,,,,Stellar]Gholdengo||LifeOrb|GoodasGold|MakeItRain,ShadowBall,NastyPlot,Protect||||||50|,,,,,Water]Dragonite||LoadedDice|Multiscale|ScaleShot,Tailwind,Haze,Protect|||M|||50|,,,,,Fairy
|inactive|Battle timer is ON: inactive players will automatically lose when time's up. (requested by WolfeyVGC Glazer)
|
|t:|1756309493
|teamsize|p1|4
|teamsize|p2|4
|start
|switch|p1a: Bear Arms|Incineroar, L50, F|100/100
|switch|p1b: Bearier|Porygon2, L50|100/100
|switch|p2a: Incineroar|Incineroar, L50, M|100/100
|switch|p2b: Gholdengo|Gholdengo, L50|100/100
|-ability|p1a: Bear Arms|Intimidate|boost
|-unboost|p2a: Incineroar|atk|1
|-unboost|p2b: Gholdengo|atk|1
|-ability|p2a: Incineroar|Intimidate|boost
|-unboost|p1a: Bear Arms|atk|1
|-unboost|p1b: Bearier|atk|1
|-ability|p1b: Bearier|Download|boost
|-boost|p1b: Bearier|atk|1
|turn|1
|inactive|eratakate has 30 seconds left.
|inactive|WolfeyVGC Glazer has 30 seconds left.
|
|t:|1756309525
|move|p2a: Incineroar|Fake Out|p1b: Bearier
|-damage|p1b: Bearier|96/100
|move|p2b: Gholdengo|Nasty Plot|p2b: Gholdengo
|-boost|p2b: Gholdengo|spa|2
|move|p1a: Bear Arms|Parting Shot|p2a: Incineroar
|-unboost|p2a: Incineroar|atk|1
|-unboost|p2a: Incineroar|spa|1
|
|t:|1756309533
|switch|p1a: Bear?|Ursaluna, L50, M|100/100|[from] Parting Shot
|cant|p1b: Bearier|flinch
|
|-status|p1a: Bear?|brn|[from] item: Flame Orb
|upkeep
|turn|2
|inactive|eratakate has 30 seconds left.
|
|t:|1756309565
|switch|p1a: Bear Arms|Incineroar, L50, F|100/100
|-ability|p1a: Bear Arms|Intimidate|boost
|-unboost|p2a: Incineroar|atk|1
|-unboost|p2b: Gholdengo|atk|1
|-terastallize|p2b: Gholdengo|Water
|move|p2b: Gholdengo|Make It Rain|p1a: Bear Arms|[spread] p1a,p1b
|-resisted|p1a: Bear Arms
|-damage|p1a: Bear Arms|42/100
|-damage|p1b: Bearier|12/100
|-unboost|p2b: Gholdengo|spa|1
|-damage|p2b: Gholdengo|91/100|[from] item: Life Orb
|move|p2a: Incineroar|Flare Blitz|p1b: Bearier
|-damage|p1b: Bearier|1/100
|-damage|p2a: Incineroar|97/100|[from] Recoil
|move|p1b: Bearier|Trick Room|p1b: Bearier
|-fieldstart|move: Trick Room|[of] p1b: Bearier
|
|upkeep
|turn|3
|
|t:|1756309585
|switch|p1b: Bear?|Ursaluna, L50, M|100/100 brn
|move|p1a: Bear Arms|Fake Out|p2b: Gholdengo
|-damage|p2b: Gholdengo|80/100
|move|p2a: Incineroar|Parting Shot|p1b: Bear?
|-unboost|p1b: Bear?|atk|1
|-unboost|p1b: Bear?|spa|1
|
|t:|1756309591
|switch|p2a: Amoonguss|Amoonguss, L50, F|100/100|[from] Parting Shot
|cant|p2b: Gholdengo|flinch
|
|-damage|p1b: Bear?|94/100 brn|[from] brn
|upkeep
|turn|4
|inactive|eratakate has 30 seconds left.
|
|t:|1756309626
|switch|p2a: Incineroar|Incineroar, L50, M|97/100
|-ability|p2a: Incineroar|Intimidate|boost
|-unboost|p1a: Bear Arms|atk|1
|-unboost|p1b: Bear?|atk|1
|move|p2b: Gholdengo|Protect|p2b: Gholdengo
|-singleturn|p2b: Gholdengo|Protect
|move|p1b: Bear?|Facade|p2b: Gholdengo
|-activate|p2b: Gholdengo|move: Protect
|move|p1a: Bear Arms|Knock Off|p2b: Gholdengo
|-activate|p2b: Gholdengo|move: Protect
|
|-damage|p1b: Bear?|88/100 brn|[from] brn
|upkeep
|turn|5
|
|t:|1756309639
|switch|p1a: Bearings|Amoonguss, L50, F|100/100
|move|p1b: Bear?|Protect|p1b: Bear?
|-singleturn|p1b: Bear?|Protect
|move|p2a: Incineroar|Fake Out|p1b: Bear?
|-activate|p1b: Bear?|move: Protect
|move|p2b: Gholdengo|Nasty Plot|p2b: Gholdengo
|-boost|p2b: Gholdengo|spa|2
|
|-damage|p1b: Bear?|82/100 brn|[from] brn
|upkeep
|turn|6
|
|t:|1756309654
|move|p2b: Gholdengo|Protect|p2b: Gholdengo
|-singleturn|p2b: Gholdengo|Protect
|move|p1a: Bearings|Clear Smog|p1b: Bear?
|-resisted|p1b: Bear?
|-damage|p1b: Bear?|77/100 brn
|-clearboost|p1b: Bear?
|move|p1b: Bear?|Earthquake|p2b: Gholdengo|[spread] p1a,p2a
|-activate|p2b: Gholdengo|move: Protect
|-supereffective|p2a: Incineroar
|-damage|p1a: Bearings|50/100
|-damage|p2a: Incineroar|0 fnt
|-enditem|p1a: Bearings|Sitrus Berry|[eat]
|-heal|p1a: Bearings|75/100|[from] item: Sitrus Berry
|faint|p2a: Incineroar
|
|-damage|p1b: Bear?|70/100 brn|[from] brn
|-fieldend|move: Trick Room
|upkeep
|
|t:|1756309663
|switch|p2a: Amoonguss|Amoonguss, L50, F|100/100
|turn|7
|
|t:|1756309679
|switch|p1b: Bear Arms|Incineroar, L50, F|42/100
|-ability|p1b: Bear Arms|Intimidate|boost
|-unboost|p2a: Amoonguss|atk|1
|-unboost|p2b: Gholdengo|atk|1
|move|p2b: Gholdengo|Make It Rain|p1b: Bear Arms|[spread] p1a,p1b
|-resisted|p1b: Bear Arms
|-crit|p1b: Bear Arms
|-damage|p1a: Bearings|0 fnt
|-damage|p1b: Bear Arms|0 fnt
|-unboost|p2b: Gholdengo|spa|1
|faint|p1a: Bearings
|faint|p1b: Bear Arms
|-damage|p2b: Gholdengo|71/100|[from] item: Life Orb
|move|p2a: Amoonguss|Pollen Puff|p2b: Gholdengo
|-heal|p2b: Gholdengo|100/100
|
|upkeep
|
|t:|1756309700
|switch|p1b: Bear?|Ursaluna, L50, M|70/100 brn
|switch|p1a: Bearier|Porygon2, L50|1/100
|-ability|p1a: Bearier|Download|boost
|-boost|p1a: Bearier|atk|1
|turn|8
|inactive|eratakate has 30 seconds left.
|
|t:|1756309726
|move|p2a: Amoonguss|Rage Powder|p2a: Amoonguss
|-singleturn|p2a: Amoonguss|move: Rage Powder
|move|p2b: Gholdengo|Make It Rain|p1a: Bearier|[spread] p1a,p1b
|-damage|p1a: Bearier|0 fnt
|-damage|p1b: Bear?|0 fnt
|-unboost|p2b: Gholdengo|spa|1
|faint|p1a: Bearier
|faint|p1b: Bear?
|-damage|p2b: Gholdengo|91/100|[from] item: Life Orb
|
|win|eratakate
||eratakate is ready for game 3.
||WolfeyVGC Glazer is ready for game 3.
|uhtml|next|Next: Game 3 of 3
