|j|☆FlashStatic
|j|☆Glacia20
|html|FlashStaticGlacia20    
|uhtml|bestof|Game 1 of a best-of-3
|t:|1785271760
|gametype|doubles
|player|p1|FlashStatic|palmer|
|player|p2|Glacia20|hilda-wonderlauncher|
|gen|9
|tier|[Gen 9 Champions] VGC 2026 Reg M-B (Bo3)
|rule|Species Clause: Limit one of each Pokémon
|rule|Item Clause: Limit 1 of each item
|clearpoke
|poke|p1|Greninja, L50, F, shiny|
|poke|p1|Starmie, L50|
|poke|p1|Metagross, L50, shiny|
|poke|p1|Talonflame, L50, M|
|poke|p1|Toxicroak, L50, M|
|poke|p1|Volcarona, L50, F, shiny|
|poke|p2|Floette-Eternal, L50, F|
|poke|p2|Aerodactyl, L50, M|
|poke|p2|Goodra-Hisui, L50, F|
|poke|p2|Kommo-o, L50, F, shiny|
|poke|p2|Heliolisk, L50, F|
|poke|p2|Gliscor, L50, M|
|teampreview|4
|showteam|p1|Greninja||Greninjite|Protean|GunkShot,Waterfall,BrickBreak,IcePunch|Jolly||F|||50|]Starmie||ChoiceScarf|NaturalCure|IceBeam,Psychic,DazzlingGleam,Scald|Modest|||||50|]Metagross||Metagrossite|ClearBody|BodyPress,MeteorMash,IcePunch,PsychicFangs|Jolly|||||50|]Talonflame||FocusSash|GaleWings|Tailwind,DualWingbeat,UpperHand,FlareBlitz|Jolly||M|||50|]Toxicroak||LumBerry|PoisonTouch|IcePunch,SuckerPunch,DrainPunch,PoisonJab|Jolly||M|||50|]Volcarona||LifeOrb|FlameBody|BugBuzz,FieryDance,Psychic,QuiverDance|Modest||F|||50|
|showteam|p2|Floette-Eternal||Floettite|FlowerVeil|DazzlingGleam,Moonblast,Protect,CalmMind|Timid||F|||50|]Aerodactyl||Aerodactylite|Pressure|Tailwind,StealthRock,RockSlide,DualWingbeat|Jolly||M|||50|]Goodra-Hisui||WiseGlasses|Gooey|Protect,DragonPulse,Thunderbolt,Flamethrower|Modest||F|||50|]Kommo-o||SitrusBerry|Overcoat|ClangorousSoul,DragonClaw,DrainPunch,RockSlide|Jolly||F|||50|]Heliolisk||ShucaBerry|SolarPower|VoltSwitch,Glare,DragonPulse,Protect|Timid||F|||50|]Gliscor||ChoiceScarf|HyperCutter|Earthquake,RockSlide,Uturn,Crunch|Jolly||M|||50|
|inactive|Battle timer is ON: inactive players will automatically lose when time's up. (requested by FlashStatic)
|
|t:|1785271799
|teamsize|p1|4
|teamsize|p2|4
|start
|switch|p1a: Talonflame|Talonflame, L50, M|100/100
|switch|p1b: Starmie|Starmie, L50|100/100
|switch|p2a: Aerodactyl|Aerodactyl, L50, M|100/100
|switch|p2b: Gliscor|Gliscor, L50, M|100/100
|-ability|p2a: Aerodactyl|Pressure
|turn|1
|inactive|FlashStatic has 30 seconds left.
|inactive|Glacia20 has 30 seconds left.
|
|t:|1785271826
|detailschange|p2a: Aerodactyl|Aerodactyl-Mega, L50, M
|-mega|p2a: Aerodactyl|Aerodactyl|Aerodactylite
|move|p1a: Talonflame|Tailwind|p1a: Talonflame
|-sidestart|p1: FlashStatic|move: Tailwind
|move|p1b: Starmie|Ice Beam|p2b: Gliscor
|-supereffective|p2b: Gliscor|2
|-damage|p2b: Gliscor|0 fnt
|faint|p2b: Gliscor
|move|p2a: Aerodactyl|Rock Slide|p1b: Starmie|[spread] p1a,p1b
|-supereffective|p1a: Talonflame|2
|-enditem|p1a: Talonflame|Focus Sash
|-damage|p1a: Talonflame|1/100
|-damage|p1b: Starmie|65/100
|
|upkeep
|
|t:|1785271840
|switch|p2b: Kommo-o|Kommo-o, L50, F, shiny|100/100
|turn|2
|inactive|Glacia20 has 30 seconds left.
|
|t:|1785271867
|switch|p2a: Goodra|Goodra-Hisui, L50, F|100/100
|move|p1b: Starmie|Ice Beam|p2b: Kommo-o
|-supereffective|p2b: Kommo-o|1
|-damage|p2b: Kommo-o|33/100
|-enditem|p2b: Kommo-o|Sitrus Berry|[eat]
|-heal|p2b: Kommo-o|58/100|[from] item: Sitrus Berry
|move|p1a: Talonflame|Dual Wingbeat|p2b: Kommo-o
|-supereffective|p2b: Kommo-o|1
|-crit|p2b: Kommo-o
|-damage|p2b: Kommo-o|10/100
|-supereffective|p2b: Kommo-o|1
|-damage|p2b: Kommo-o|0 fnt
|faint|p2b: Kommo-o
|-hitcount|p2: Kommo-o|2
|
|upkeep
|
|t:|1785271877
|switch|p2b: Aerodactyl|Aerodactyl-Mega, L50, M|100/100
|turn|3
|
|t:|1785271887
|move|p1b: Starmie|Ice Beam|p2b: Aerodactyl
|-supereffective|p2b: Aerodactyl|1
|-damage|p2b: Aerodactyl|33/100
|move|p1a: Talonflame|Dual Wingbeat|p2b: Aerodactyl
|-resisted|p2b: Aerodactyl|1
|-damage|p2b: Aerodactyl|26/100
|-resisted|p2b: Aerodactyl|1
|-damage|p2b: Aerodactyl|18/100
|-hitcount|p2b: Aerodactyl|2
|move|p2b: Aerodactyl|Rock Slide|p1a: Talonflame|[spread] p1a,p1b
|-supereffective|p1a: Talonflame|2
|-damage|p1a: Talonflame|0 fnt
|-damage|p1b: Starmie|31/100
|faint|p1a: Talonflame
|move|p2a: Goodra|Thunderbolt|p1b: Starmie
|-supereffective|p1b: Starmie|1
|-damage|p1b: Starmie|0 fnt
|faint|p1b: Starmie
|
|upkeep
|
|t:|1785271905
|switch|p1a: Toxicroak|Toxicroak, L50, M|100/100
|switch|p1b: Metagross|Metagross, L50, shiny|100/100
|turn|4
|inactive|Glacia20 has 30 seconds left.
|
|t:|1785271935
|detailschange|p1b: Metagross|Metagross-Mega, L50, shiny
|-mega|p1b: Metagross|Metagross|Metagrossite
|move|p1b: Metagross|Ice Punch|p2b: Aerodactyl
|-supereffective|p2b: Aerodactyl|1
|-damage|p2b: Aerodactyl|0 fnt
|faint|p2b: Aerodactyl
|move|p1a: Toxicroak|Drain Punch|p2a: Goodra
|-supereffective|p2a: Goodra|1
|-damage|p2a: Goodra|34/100
|-ability|p2a: Goodra|Gooey
|-unboost|p1a: Toxicroak|spe|1
|move|p2a: Goodra|Flamethrower|p1b: Metagross
|-supereffective|p1b: Metagross|1
|-damage|p1b: Metagross|26/100
|
|-sideend|p1: FlashStatic|move: Tailwind
|upkeep
|turn|5
|
|t:|1785271952
|move|p1b: Metagross|Body Press|p2a: Goodra
|-supereffective|p2a: Goodra|1
|-damage|p2a: Goodra|0 fnt
|-ability|p2a: Goodra|Gooey
|-unboost|p1b: Metagross|spe|1
|faint|p2a: Goodra
|
|win|FlashStatic
||FlashStatic is ready for game 2.
|inactive|Glacia20 has 30 seconds to confirm battle start!
|c|☆FlashStatic|gg
|inactive|Glacia20 has 20 seconds to confirm battle start!
||Glacia20 is ready for game 2.
|uhtml|next|Next: Game 2 of 3
|l|☆Glacia20
|player|p2|
