|j|☆SakiVGC
|j|☆GholdenGonzaa
|html|SakiVGCGholdenGonzaa    
|uhtml|bestof|Game 2 of a best-of-3
|t:|1784657751
|gametype|doubles
|player|p1|SakiVGC|bellelba|
|player|p2|GholdenGonzaa|265|
|gen|9
|tier|[Gen 9 Champions] VGC 2026 Reg M-B (Bo3)
|rule|Species Clause: Limit one of each Pokémon
|rule|Item Clause: Limit 1 of each item
|clearpoke
|poke|p1|Incineroar, L50, M|
|poke|p1|Milotic, L50, M|
|poke|p1|Sinistcha-Masterpiece, L50|
|poke|p1|Sylveon, L50, M|
|poke|p1|Kingambit, L50, F|
|poke|p1|Blaziken, L50, M|
|poke|p2|Venusaur, L50, M|
|poke|p2|Charizard, L50, M|
|poke|p2|Grimmsnarl, L50, M|
|poke|p2|Archaludon, L50, F|
|poke|p2|Basculegion, L50, M|
|poke|p2|Pelipper, L50, F|
|teampreview|4
|showteam|p1|Incineroar||SitrusBerry|Intimidate|FlareBlitz,DarkestLariat,FakeOut,PartingShot|Careful||M|||50|]Milotic||Leftovers|Competitive|MuddyWater,Hypnosis,Coil,Protect|Bold||M|||50|]Sinistcha-Masterpiece||ColburBerry|Hospitality|MatchaGotcha,RagePowder,TrickRoom,LifeDew|Bold|||||50|]Sylveon||FairyFeather|Pixilate|HyperVoice,HyperBeam,QuickAttack,Protect|Modest||M|||50|]Kingambit||BlackGlasses|Defiant|SuckerPunch,KowtowCleave,SwordsDance,Protect|Adamant||F|||50|]Blaziken||Blazikenite|SpeedBoost|FlareBlitz,CloseCombat,RockSlide,Detect|Adamant||M|||50|
|showteam|p2|Venusaur||FocusSash|Chlorophyll|SludgeBomb,EarthPower,SleepPowder,Protect|Modest||M|||50|]Charizard||CharizarditeY|Blaze|Protect,HeatWave,SolarBeam,WeatherBall|Modest||M|||50|]Grimmsnarl||LightClay|Prankster|SpiritBreak,LightScreen,Reflect,PartingShot|Sassy||M|||50|]Archaludon||Leftovers|Stamina|ElectroShot,DragonPulse,FlashCannon,Protect|Calm||F|||50|]Basculegion||ChoiceScarf|Adaptability|WaveCrash,LastRespects,AquaJet,FlipTurn|Jolly||M|||50|]Pelipper||SitrusBerry|Drizzle|Hurricane,WeatherBall,Tailwind,WideGuard|Modest||F|||50|
|inactive|Battle timer is ON: inactive players will automatically lose when time's up. (requested by SakiVGC)
|
|t:|1784657766
|teamsize|p1|4
|teamsize|p2|4
|start
|switch|p1a: Blaziken|Blaziken, L50, M|100/100
|switch|p1b: Milotic|Milotic, L50, M|100/100
|switch|p2a: Basculegion|Basculegion, L50, M|100/100
|switch|p2b: Grimmsnarl|Grimmsnarl, L50, M|100/100
|turn|1
|
|t:|1784657780
|move|p1a: Blaziken|Detect|p1a: Blaziken
|-singleturn|p1a: Blaziken|Protect
|move|p2a: Basculegion|Aqua Jet|p1a: Blaziken
|-activate|p1a: Blaziken|move: Protect
|move|p2b: Grimmsnarl|Reflect|p2b: Grimmsnarl
|-sidestart|p2: GholdenGonzaa|Reflect
|move|p1b: Milotic|Coil|p1b: Milotic
|-boost|p1b: Milotic|atk|1
|-boost|p1b: Milotic|def|1
|-boost|p1b: Milotic|accuracy|1
|
|-ability|p1a: Blaziken|Speed Boost|boost
|-boost|p1a: Blaziken|spe|1
|upkeep
|turn|2
|
|t:|1784657793
|switch|p1a: Incineroar|Incineroar, L50, M|100/100
|-ability|p1a: Incineroar|Intimidate|boost
|-unboost|p2a: Basculegion|atk|1
|-unboost|p2b: Grimmsnarl|atk|1
|move|p2a: Basculegion|Aqua Jet|p1a: Incineroar
|-supereffective|p1a: Incineroar|1
|-damage|p1a: Incineroar|74/100
|move|p2b: Grimmsnarl|Parting Shot|p1a: Incineroar
|-hint|Since gen 7, Dark is immune to Prankster moves.
|-immune|p1a: Incineroar
|move|p1b: Milotic|Coil|p1b: Milotic
|-boost|p1b: Milotic|atk|1
|-boost|p1b: Milotic|def|1
|-boost|p1b: Milotic|accuracy|1
|
|upkeep
|turn|3
|inactive|GholdenGonzaa has 30 seconds left.
|
|t:|1784657819
|switch|p2a: Pelipper|Pelipper, L50, F|100/100
|-weather|RainDance|[from] ability: Drizzle|[of] p2a: Pelipper
|switch|p2b: Archaludon|Archaludon, L50, F|100/100
|move|p1b: Milotic|Hypnosis|p2a: Pelipper
|-status|p2a: Pelipper|slp|[from] move: Hypnosis
|move|p1a: Incineroar|Parting Shot|p2a: Pelipper
|-unboost|p2a: Pelipper|atk|1
|-unboost|p2a: Pelipper|spa|1
|
|t:|1784657826
|switch|p1a: Blaziken|Blaziken, L50, M|100/100|[from] Parting Shot
|
|-weather|RainDance|[upkeep]
|upkeep
|turn|4
|
|t:|1784657843
|detailschange|p1a: Blaziken|Blaziken-Mega, L50, M
|-mega|p1a: Blaziken|Blaziken|Blazikenite
|move|p2b: Archaludon|Protect|p2b: Archaludon
|-singleturn|p2b: Archaludon|Protect
|move|p1b: Milotic|Protect|p1b: Milotic
|-singleturn|p1b: Milotic|Protect
|move|p1a: Blaziken|Close Combat|p2b: Archaludon
|-activate|p2b: Archaludon|move: Protect
|cant|p2a: Pelipper|slp
|
|-weather|RainDance|[upkeep]
|-ability|p1a: Blaziken|Speed Boost|boost
|-boost|p1a: Blaziken|spe|1
|upkeep
|turn|5
|inactive|SakiVGC has 30 seconds left.
|
|t:|1784657877
|switch|p2b: Basculegion|Basculegion, L50, M|100/100
|move|p1a: Blaziken|Close Combat|p2b: Basculegion
|-immune|p2b: Basculegion
|move|p1b: Milotic|Hypnosis|p2b: Basculegion
|-status|p2b: Basculegion|slp|[from] move: Hypnosis
|cant|p2a: Pelipper|slp
|
|-weather|RainDance|[upkeep]
|-ability|p1a: Blaziken|Speed Boost|boost
|-boost|p1a: Blaziken|spe|1
|upkeep
|turn|6
|
|t:|1784657898
|move|p1a: Blaziken|Detect|p1a: Blaziken
|-singleturn|p1a: Blaziken|Protect
|cant|p2b: Basculegion|slp
|move|p1b: Milotic|Hypnosis|p2a: Pelipper
|-fail|p2a: Pelipper|slp
|-curestatus|p2a: Pelipper|slp|[msg]
|move|p2a: Pelipper|Tailwind|p2a: Pelipper
|-sidestart|p2: GholdenGonzaa|move: Tailwind
|
|-weather|RainDance|[upkeep]
|-ability|p1a: Blaziken|Speed Boost|boost
|-boost|p1a: Blaziken|spe|1
|upkeep
|turn|7
|inactive|GholdenGonzaa has 30 seconds left.
|inactive|SakiVGC has 30 seconds left.
|
|t:|1784657935
|cant|p2b: Basculegion|slp
|move|p1a: Blaziken|Rock Slide|p2a: Pelipper|[spread] p2a,p2b
|-supereffective|p2a: Pelipper|1
|-damage|p2a: Pelipper|63/100
|-damage|p2b: Basculegion|82/100 slp
|move|p2a: Pelipper|Hurricane|p1a: Blaziken
|-supereffective|p1a: Blaziken|1
|-damage|p1a: Blaziken|12/100
|move|p1b: Milotic|Hypnosis|p2b: Basculegion
|-fail|p2b: Basculegion|slp
|
|-weather|none
|-ability|p1a: Blaziken|Speed Boost|boost
|-boost|p1a: Blaziken|spe|1
|upkeep
|turn|8
|inactive|GholdenGonzaa has 30 seconds left.
|
|t:|1784657963
|switch|p2a: Grimmsnarl|Grimmsnarl, L50, M|100/100
|move|p1a: Blaziken|Detect|p1a: Blaziken
|-singleturn|p1a: Blaziken|Protect
|-curestatus|p2b: Basculegion|slp|[msg]
|move|p2b: Basculegion|Flip Turn|p1a: Blaziken
|-activate|p1a: Blaziken|move: Protect
|move|p1b: Milotic|Hypnosis|p2b: Basculegion
|-status|p2b: Basculegion|slp|[from] move: Hypnosis
|
|-sideend|p2: GholdenGonzaa|Reflect
|-ability|p1a: Blaziken|Speed Boost|boost
|-boost|p1a: Blaziken|spe|1
|upkeep
|turn|9
|
|t:|1784657981
|move|p2a: Grimmsnarl|Reflect|p2a: Grimmsnarl
|-sidestart|p2: GholdenGonzaa|Reflect
|move|p1a: Blaziken|Close Combat|p2a: Grimmsnarl
|-damage|p2a: Grimmsnarl|49/100
|-unboost|p1a: Blaziken|def|1
|-unboost|p1a: Blaziken|spd|1
|cant|p2b: Basculegion|slp
|move|p1b: Milotic|Hypnosis|p2a: Grimmsnarl
|-status|p2a: Grimmsnarl|slp|[from] move: Hypnosis
|
|-sideend|p2: GholdenGonzaa|move: Tailwind
|-ability|p1a: Blaziken|Speed Boost|boost
|-boost|p1a: Blaziken|spe|1
|upkeep
|turn|10
|
|t:|1784658004
|switch|p1a: Incineroar|Incineroar, L50, M|74/100
|-ability|p1a: Incineroar|Intimidate|boost
|-unboost|p2a: Grimmsnarl|atk|1
|-unboost|p2b: Basculegion|atk|1
|cant|p2a: Grimmsnarl|slp
|cant|p2b: Basculegion|slp
|move|p1b: Milotic|Muddy Water|p2b: Basculegion|[spread] p2a,p2b
|-crit|p2a: Grimmsnarl
|-resisted|p2b: Basculegion|1
|-damage|p2a: Grimmsnarl|17/100 slp
|-damage|p2b: Basculegion|68/100 slp
|-unboost|p2b: Basculegion|accuracy|1
|
|upkeep
|turn|11
|
|t:|1784658022
|switch|p2a: Archaludon|Archaludon, L50, F|100/100
|-curestatus|p2b: Basculegion|slp|[msg]
|move|p2b: Basculegion|Flip Turn|p1a: Incineroar
|-supereffective|p1a: Incineroar|1
|-damage|p1a: Incineroar|32/100
|-enditem|p1a: Incineroar|Sitrus Berry|[eat]
|-heal|p1a: Incineroar|57/100|[from] item: Sitrus Berry
|
|t:|1784658034
|switch|p2b: Pelipper|Pelipper, L50, F|63/100|[from] Flip Turn
|-weather|RainDance|[from] ability: Drizzle|[of] p2b: Pelipper
|move|p1b: Milotic|Hypnosis|p2b: Pelipper
|-status|p2b: Pelipper|slp|[from] move: Hypnosis
|move|p1a: Incineroar|Parting Shot|p2b: Pelipper
|-unboost|p2b: Pelipper|atk|1
|-unboost|p2b: Pelipper|spa|1
|
|t:|1784658037
|switch|p1a: Sinistcha|Sinistcha-Masterpiece, L50|100/100|[from] Parting Shot
|
|-weather|RainDance|[upkeep]
|upkeep
|turn|12
|inactive|GholdenGonzaa has 30 seconds left.
|
|t:|1784658065
|move|p1a: Sinistcha|Rage Powder|p1a: Sinistcha
|-singleturn|p1a: Sinistcha|move: Rage Powder
|move|p2a: Archaludon|Electro Shot||[still]
|-prepare|p2a: Archaludon|Electro Shot
|-boost|p2a: Archaludon|spa|1
|-anim|p2a: Archaludon|Electro Shot|p1a: Sinistcha
|-resisted|p1a: Sinistcha|1
|-damage|p1a: Sinistcha|72/100
|move|p1b: Milotic|Hypnosis|p2a: Archaludon
|-status|p2a: Archaludon|slp|[from] move: Hypnosis
|cant|p2b: Pelipper|slp
|
|-weather|RainDance|[upkeep]
|upkeep
|turn|13
|
|t:|1784658090
|switch|p1a: Incineroar|Incineroar, L50, M|57/100
|-ability|p1a: Incineroar|Intimidate|boost
|-unboost|p2a: Archaludon|atk|1
|-unboost|p2b: Pelipper|atk|1
|move|p1b: Milotic|Protect|p1b: Milotic
|-singleturn|p1b: Milotic|Protect
|cant|p2a: Archaludon|slp
|cant|p2b: Pelipper|slp
|
|-weather|RainDance|[upkeep]
|upkeep
|turn|14
|
|t:|1784658110
|move|p1a: Incineroar|Fake Out|p2a: Archaludon
|-resisted|p2a: Archaludon|1
|-damage|p2a: Archaludon|97/100 slp
|-ability|p2a: Archaludon|Stamina|boost
|-boost|p2a: Archaludon|def|1
|cant|p2a: Archaludon|slp
|move|p1b: Milotic|Hypnosis|p2b: Pelipper
|-fail|p2b: Pelipper|slp
|-curestatus|p2b: Pelipper|slp|[msg]
|move|p2b: Pelipper|Tailwind|p2b: Pelipper
|-sidestart|p2: GholdenGonzaa|move: Tailwind
|
|-weather|RainDance|[upkeep]
|-heal|p2a: Archaludon|100/100 slp|[from] item: Leftovers
|upkeep
|turn|15
|
|t:|1784658134
|switch|p2b: Grimmsnarl|Grimmsnarl, L50, M|17/100 slp
|move|p1b: Milotic|Protect|p1b: Milotic
|-singleturn|p1b: Milotic|Protect
|-curestatus|p2a: Archaludon|slp|[msg]
|move|p2a: Archaludon|Electro Shot||[still]
|-prepare|p2a: Archaludon|Electro Shot
|-boost|p2a: Archaludon|spa|1
|-anim|p2a: Archaludon|Electro Shot|p1b: Milotic
|-activate|p1b: Milotic|move: Protect
|move|p1a: Incineroar|Parting Shot|p2a: Archaludon
|-unboost|p2a: Archaludon|atk|1
|-unboost|p2a: Archaludon|spa|1
|
|t:|1784658141
|switch|p1a: Blaziken|Blaziken-Mega, L50, M|12/100|[from] Parting Shot
|
|-weather|none
|upkeep
|turn|16
|
|t:|1784658162
|switch|p2b: Basculegion|Basculegion, L50, M|68/100
|move|p1a: Blaziken|Detect|p1a: Blaziken
|-singleturn|p1a: Blaziken|Protect
|move|p2a: Archaludon|Dragon Pulse|p1a: Blaziken
|-activate|p1a: Blaziken|move: Protect
|move|p1b: Milotic|Hypnosis|p2a: Archaludon
|-status|p2a: Archaludon|slp|[from] move: Hypnosis
|
|-sideend|p2: GholdenGonzaa|Reflect
|-ability|p1a: Blaziken|Speed Boost|boost
|-boost|p1a: Blaziken|spe|1
|upkeep
|turn|17
|inactive|SakiVGC has 30 seconds left.
|inactive|SakiVGC has 20 seconds left.
|
|t:|1784658198
|switch|p1a: Incineroar|Incineroar, L50, M|57/100
|-ability|p1a: Incineroar|Intimidate|boost
|-unboost|p2a: Archaludon|atk|1
|-unboost|p2b: Basculegion|atk|1
|move|p2b: Basculegion|Aqua Jet|p1a: Incineroar
|-supereffective|p1a: Incineroar|1
|-damage|p1a: Incineroar|29/100
|cant|p2a: Archaludon|slp
|move|p1b: Milotic|Hypnosis|p2b: Basculegion
|-status|p2b: Basculegion|slp|[from] move: Hypnosis
|
|-sideend|p2: GholdenGonzaa|move: Tailwind
|upkeep
|turn|18
|
|t:|1784658216
|switch|p2b: Pelipper|Pelipper, L50, F|63/100
|-weather|RainDance|[from] ability: Drizzle|[of] p2b: Pelipper
|cant|p2a: Archaludon|slp
|move|p1b: Milotic|Hypnosis|p2a: Archaludon
|-fail|p2a: Archaludon|slp
|move|p1a: Incineroar|Darkest Lariat|p2b: Pelipper
|-damage|p2b: Pelipper|25/100
|-enditem|p2b: Pelipper|Sitrus Berry|[eat]
|-heal|p2b: Pelipper|50/100g|[from] item: Sitrus Berry
|
|-weather|RainDance|[upkeep]
|upkeep
|turn|19
|inactive|GholdenGonzaa has 30 seconds left.
|inactive|SakiVGC has 30 seconds left.
|
|t:|1784658246
|move|p1b: Milotic|Protect|p1b: Milotic
|-singleturn|p1b: Milotic|Protect
|-curestatus|p2a: Archaludon|slp|[msg]
|move|p2a: Archaludon|Electro Shot||[still]
|-prepare|p2a: Archaludon|Electro Shot
|-boost|p2a: Archaludon|spa|1
|-anim|p2a: Archaludon|Electro Shot|p1a: Incineroar
|-damage|p1a: Incineroar|0 fnt
|faint|p1a: Incineroar
|move|p2b: Pelipper|Tailwind|p2b: Pelipper
|-sidestart|p2: GholdenGonzaa|move: Tailwind
|
|-weather|RainDance|[upkeep]
|upkeep
|
|t:|1784658250
|switch|p1a: Sinistcha|Sinistcha-Masterpiece, L50|72/100
|turn|20
|
|t:|1784658271
|move|p2a: Archaludon|Electro Shot||[still]
|-prepare|p2a: Archaludon|Electro Shot
|-boost|p2a: Archaludon|spa|1
|-anim|p2a: Archaludon|Electro Shot|p1b: Milotic
|-supereffective|p1b: Milotic|1
|-damage|p1b: Milotic|0 fnt
|faint|p1b: Milotic
|move|p2b: Pelipper|Hurricane|p1a: Sinistcha
|-supereffective|p1a: Sinistcha|1
|-damage|p1a: Sinistcha|0 fnt
|faint|p1a: Sinistcha
|
|-weather|RainDance|[upkeep]
|upkeep
|
|t:|1784658274
|switch|p1b: Blaziken|Blaziken-Mega, L50, M|12/100
|turn|21
|-message|SakiVGC forfeited.
|
|win|GholdenGonzaa
