|j|☆ranakos
|j|☆mariocansado
|html|ranakosmariocansado    
|uhtml|bestof|Game 2 of a best-of-3
|t:|1756831557
|gametype|doubles
|player|p1|ranakos|scientist-gen4|
|player|p2|mariocansado|arven-s|
|gen|9
|tier|[Gen 9] VGC 2025 Reg H (Bo3)
|rule|Species Clause: Limit one of each Pokémon
|rule|Item Clause: Limit 1 of each item
|clearpoke
|poke|p1|Kleavor, L50, F|
|poke|p1|Gyarados, L50, F|
|poke|p1|Volcarona, L50, M|
|poke|p1|Rillaboom, L50, F|
|poke|p1|Gholdengo, L50|
|poke|p1|Kommo-o, L50, F|
|poke|p2|Rillaboom, L50, M|
|poke|p2|Dragapult, L50, M|
|poke|p2|Electabuzz, L50, M|
|poke|p2|Volcarona, L50, F|
|poke|p2|Whimsicott, L50, F|
|poke|p2|Arcanine-Hisui, L50, F|
|teampreview|4
|showteam|p1|Kleavor||ClearAmulet|Sharpness|Tailwind,StoneAxe,XScissor,Protect|||F|||50|,,,,,Water]Gyarados||SafetyGoggles|Intimidate|Waterfall,Taunt,ThunderWave,Protect|||F|||50|,,,,,Grass]Volcarona||Leftovers|FlameBody|HeatWave,QuiverDance,Protect,GigaDrain|||M|||50|,,,,,Grass]Rillaboom||AssaultVest|GrassySurge|FakeOut,GrassyGlide,WoodHammer,Uturn|||F|||50|,,,,,Fire]Gholdengo||ChoiceSpecs|GoodasGold|Thunderbolt,ShadowBall,MakeItRain,Trick||||||50|,,,,,Steel]Kommo-o||GrassySeed|Overcoat|IronDefense,BodyPress,DragonClaw,Protect|||F|||50|,,,,,Steel
|showteam|p2|Rillaboom||AssaultVest|GrassySurge|FakeOut,WoodHammer,Uturn,GrassyGlide|||M|||50|,,,,,Fire]Dragapult||ChoiceBand|ClearBody|DragonDarts,Outrage,PhantomForce,Uturn|||M|||50|,,,,,Dragon]Electabuzz||Eviolite|VitalSpirit|Thunderbolt,Taunt,FollowMe,Protect|||M|||50|,,,,,Ghost]Volcarona||Leftovers|FlameBody|HeatWave,QuiverDance,Protect,GigaDrain|||F|||50|,,,,,Grass]Whimsicott||CovertCloak|Prankster|SunnyDay,Moonblast,Encore,Tailwind|||F|||50|,,,,,Dark]Arcanine-Hisui||SafetyGoggles|Intimidate|RockSlide,FlareBlitz,ExtremeSpeed,Protect|||F|||50|,,,,,Fairy
|inactive|Battle timer is ON: inactive players will automatically lose when time's up. (requested by ranakos)
|
|t:|1756831581
|teamsize|p1|4
|teamsize|p2|4
|start
|switch|p1a: Rillaboom|Rillaboom, L50, F, shiny|100/100
|switch|p1b: Kommo-o|Kommo-o, L50, F|100/100
|switch|p2a: Dragapult|Dragapult, L50, M|100/100
|switch|p2b: Electabuzz|Electabuzz, L50, M|100/100
|-fieldstart|move: Grassy Terrain|[from] ability: Grassy Surge|[of] p1a: Rillaboom
|-enditem|p1b: Kommo-o|Grassy Seed
|-boost|p1b: Kommo-o|def|1|[from] item: Grassy Seed
|turn|1
|
|t:|1756831602
|-terastallize|p1b: Kommo-o|Steel
|move|p1a: Rillaboom|Fake Out|p2b: Electabuzz
|-damage|p2b: Electabuzz|87/100
|cant|p2b: Electabuzz|flinch
|move|p2a: Dragapult|Dragon Darts|p1b: Kommo-o
|-resisted|p1b: Kommo-o
|-damage|p1b: Kommo-o|92/100
|-anim|p2a: Dragapult|Dragon Darts|p1a: Rillaboom
|-damage|p1a: Rillaboom|61/100
|move|p1b: Kommo-o|Iron Defense|p1b: Kommo-o
|-boost|p1b: Kommo-o|def|2
|
|-heal|p2b: Electabuzz|93/100|[from] Grassy Terrain
|-heal|p1b: Kommo-o|98/100|[from] Grassy Terrain
|-heal|p1a: Rillaboom|67/100|[from] Grassy Terrain
|upkeep
|turn|2
|inactive|ranakos has 30 seconds left.
|inactive|mariocansado has 30 seconds left.
|
|t:|1756831632
|-terastallize|p2a: Dragapult|Dragon
|move|p2a: Dragapult|Dragon Darts|p1a: Rillaboom
|-crit|p1a: Rillaboom
|-damage|p1a: Rillaboom|0 fnt
|-anim|p2a: Dragapult|Dragon Darts|p1b: Kommo-o
|-resisted|p1b: Kommo-o
|-damage|p1b: Kommo-o|90/100
|faint|p1a: Rillaboom
|move|p2b: Electabuzz|Taunt|p1b: Kommo-o
|-start|p1b: Kommo-o|move: Taunt
|move|p1b: Kommo-o|Dragon Claw|p2b: Electabuzz
|-damage|p2b: Electabuzz|62/100
|
|-heal|p2b: Electabuzz|68/100|[from] Grassy Terrain
|-heal|p1b: Kommo-o|96/100|[from] Grassy Terrain
|upkeep
|
|t:|1756831654
|switch|p1a: Gholdengo|Gholdengo, L50|100/100
|turn|3
|j| Trestkon
|
|t:|1756831667
|switch|p2a: Arcanine|Arcanine-Hisui, L50, F|100/100
|-ability|p2a: Arcanine|Intimidate|boost
|-unboost|p1a: Gholdengo|atk|1
|-unboost|p1b: Kommo-o|atk|1
|move|p2b: Electabuzz|Follow Me|p2b: Electabuzz
|-singleturn|p2b: Electabuzz|move: Follow Me
|move|p1a: Gholdengo|Shadow Ball|p2b: Electabuzz
|-damage|p2b: Electabuzz|13/100
|move|p1b: Kommo-o|Body Press|p2b: Electabuzz
|-damage|p2b: Electabuzz|0 fnt
|faint|p2b: Electabuzz
|
|-heal|p1b: Kommo-o|100/100|[from] Grassy Terrain
|upkeep
|
|t:|1756831678
|switch|p2b: Volcarona|Volcarona, L50, F|100/100
|turn|4
|
|t:|1756831694
|switch|p1a: Gyarados|Gyarados, L50, F|100/100
|-ability|p1a: Gyarados|Intimidate|boost
|-unboost|p2a: Arcanine|atk|1
|-unboost|p2b: Volcarona|atk|1
|move|p2a: Arcanine|Flare Blitz|p1a: Gyarados
|-resisted|p1a: Gyarados
|-damage|p1a: Gyarados|80/100
|-status|p1a: Gyarados|brn
|-damage|p2a: Arcanine|93/100|[from] Recoil
|move|p2b: Volcarona|Quiver Dance|p2b: Volcarona
|-boost|p2b: Volcarona|spa|1
|-boost|p2b: Volcarona|spd|1
|-boost|p2b: Volcarona|spe|1
|move|p1b: Kommo-o|Body Press|p2b: Volcarona
|-resisted|p2b: Volcarona
|-damage|p2b: Volcarona|34/100
|
|-heal|p2b: Volcarona|40/100|[from] Grassy Terrain
|-heal|p2b: Volcarona|46/100|[from] item: Leftovers
|-heal|p2a: Arcanine|99/100|[from] Grassy Terrain
|-damage|p1a: Gyarados|74/100 brn|[from] brn
|-end|p1b: Kommo-o|move: Taunt
|upkeep
|turn|5
|
|t:|1756831718
|move|p2b: Volcarona|Heat Wave|p1b: Kommo-o|[spread] p1a,p1b
|-resisted|p1a: Gyarados
|-supereffective|p1b: Kommo-o
|-damage|p1a: Gyarados|51/100 brn
|-damage|p1b: Kommo-o|2/100
|move|p2a: Arcanine|Flare Blitz|p1b: Kommo-o
|-supereffective|p1b: Kommo-o
|-damage|p1b: Kommo-o|0 fnt
|faint|p1b: Kommo-o
|-damage|p2a: Arcanine|99/100|[from] Recoil
|move|p1a: Gyarados|Thunder Wave|p2a: Arcanine
|-status|p2a: Arcanine|par
|
|-heal|p2b: Volcarona|52/100|[from] Grassy Terrain
|-heal|p2b: Volcarona|58/100|[from] item: Leftovers
|-heal|p2a: Arcanine|100/100 par|[from] Grassy Terrain
|-damage|p1a: Gyarados|45/100 brn|[from] brn
|-fieldend|move: Grassy Terrain
|upkeep
|
|t:|1756831726
|switch|p1b: Gholdengo|Gholdengo, L50|100/100
|turn|6
|
|t:|1756831737
|move|p2a: Arcanine|Extreme Speed|p1a: Gyarados
|-damage|p1a: Gyarados|26/100 brn
|move|p2b: Volcarona|Giga Drain|p1a: Gyarados
|-damage|p1a: Gyarados|0 fnt
|-heal|p2b: Volcarona|72/100|[from] drain|[of] p1a: Gyarados
|faint|p1a: Gyarados
|move|p1b: Gholdengo|Make It Rain|p2a: Arcanine|[spread] p2a,p2b
|-resisted|p2b: Volcarona
|-damage|p2a: Arcanine|15/100 par
|-damage|p2b: Volcarona|50/100
|-unboost|p1b: Gholdengo|spa|1
|
|-heal|p2b: Volcarona|56/100|[from] item: Leftovers
|upkeep
|turn|7
|
|t:|1756831758
|move|p2b: Volcarona|Heat Wave|p1b: Gholdengo
|-supereffective|p1b: Gholdengo
|-damage|p1b: Gholdengo|0 fnt
|faint|p1b: Gholdengo
|
|win|mariocansado
|l|☆ranakos
|player|p1|
