|j|☆tsareenagoodar
|j|☆zeimei
|html|tsareenagoodarzeimei    
|uhtml|bestof|Game 3 of a best-of-3
|t:|1786172710
|gametype|doubles
|player|p1|tsareenagoodar|cynthia-masters4|
|player|p2|zeimei|101|
|gen|9
|tier|[Gen 9 Champions] VGC 2026 Reg M-B (Bo3)
|rule|Species Clause: Limit one of each Pokémon
|rule|Item Clause: Limit 1 of each item
|clearpoke
|poke|p1|Camerupt, L50, F, shiny|
|poke|p1|Gengar, L50, F, shiny|
|poke|p1|Meganium, L50, F, shiny|
|poke|p1|Gyarados, L50, M, shiny|
|poke|p1|Mudsdale, L50, F, shiny|
|poke|p1|Eelektross, L50, M, shiny|
|poke|p2|Gardevoir, L50, M|
|poke|p2|Eelektross, L50, F|
|poke|p2|Meowscarada, L50, M|
|poke|p2|Tyrantrum, L50, M|
|poke|p2|Alcremie, L50, F|
|poke|p2|Kommo-o, L50, M|
|teampreview|4
|showteam|p1|Camerupt||Cameruptite|SolidRock|AncientPower,ScorchingSands,HeatWave,Protect|Quiet||F|||50|]Gengar||FocusSash|CursedBody|ShadowBall,SludgeBomb,Protect,TrickRoom|Timid||F|||50|]Meganium||Meganiumite|Overgrow|PollenPuff,DazzlingGleam,SolarBeam,Synthesis|Modest||F|||50|]Gyarados||Leftovers|Intimidate|Waterfall,ThunderWave,Taunt,Protect|Adamant||M|||50|]Mudsdale||LumBerry|OwnTempo|Earthquake,Curse,RockSlide,Protect|Brave||F|||50|]Eelektross||LifeOrb|Levitate|GrassKnot,Thunderbolt,VoltSwitch,Protect|Modest||M|||50|
|showteam|p2|Gardevoir||Gardevoirite|Trace|HyperVoice,Thunderbolt,ShadowBall,VacuumWave|Modest||M|||50|]Eelektross||Eelektrossite|Levitate|DragonPulse,GrassKnot,Thunderbolt,Protect|Modest||F|||50|]Meowscarada||FocusSash|Protean|FlowerTrick,PlayRough,NightSlash,Protect|Adamant||M|||50|]Tyrantrum||ChoiceScarf|RockHead|DragonClaw,CloseCombat,HeadSmash,HighHorsepower|Jolly||M|||50|]Alcremie||Leftovers|AromaVeil|Protect,DazzlingGleam,HelpingHand,Decorate|Bold||F|||50|]Kommo-o||LifeOrb|Overcoat|ClangorousSoul,CloseCombat,Protect,ScaleShot|Adamant||M|||50|
|inactive|Battle timer is ON: inactive players will automatically lose when time's up. (requested by tsareenagoodar)
|inactive|tsareenagoodar has 60 seconds left.
|inactive|zeimei has 60 seconds left.
|inactive|tsareenagoodar has 30 seconds left.
|
|t:|1786172779
|teamsize|p1|4
|teamsize|p2|4
|start
|switch|p1a: Mudsdale|Mudsdale, L50, F, shiny|100/100
|switch|p1b: Gengar|Gengar, L50, F, shiny|100/100
|switch|p2a: Meowscarada|Meowscarada, L50, M|100/100
|switch|p2b: Eelektross|Eelektross, L50, F|100/100
|turn|1
|inactive|zeimei has 30 seconds left.
|
|t:|1786172806
|switch|p1a: Meganium|Meganium, L50, F, shiny|100/100
|detailschange|p2b: Eelektross|Eelektross-Mega, L50, F
|-mega|p2b: Eelektross|Eelektross|Eelektrossite
|move|p2a: Meowscarada|Night Slash|p1b: Gengar
|-start|p2a: Meowscarada|typechange|Dark|[from] ability: Protean
|-supereffective|p1b: Gengar|1
|-enditem|p1b: Gengar|Focus Sash
|-damage|p1b: Gengar|1/100
|-start|p2a: Meowscarada|Disable|Night Slash|[from] ability: Cursed Body|[of] p1b: Gengar
|move|p2b: Eelektross|Dragon Pulse|p1b: Gengar
|-damage|p1b: Gengar|0 fnt
|faint|p1b: Gengar
|-ability|p2b: Eelektross|Eelevate|boost
|-boost|p2b: Eelektross|spa|1
|
|upkeep
|inactive|tsareenagoodar has 30 seconds left.
|
|t:|1786172834
|switch|p1b: Camerupt|Camerupt, L50, F, shiny|100/100
|turn|2
|inactive|tsareenagoodar has 30 seconds left.
|inactive|tsareenagoodar has 20 seconds left.
|
|t:|1786172871
|detailschange|p1a: Meganium|Meganium-Mega, L50, F, shiny
|-mega|p1a: Meganium|Meganium|Meganiumite
|move|p2b: Eelektross|Protect|p2b: Eelektross
|-singleturn|p2b: Eelektross|Protect
|move|p2a: Meowscarada|Flower Trick|p1b: Camerupt
|-crit|p1b: Camerupt
|-damage|p1b: Camerupt|51/100
|move|p1a: Meganium|Dazzling Gleam|p2a: Meowscarada|[spread] p2a
|-activate|p2b: Eelektross|move: Protect
|-supereffective|p2a: Meowscarada|1
|-enditem|p2a: Meowscarada|Focus Sash
|-damage|p2a: Meowscarada|1/100
|move|p1b: Camerupt|Heat Wave|p2b: Eelektross|[spread] 
|-activate|p2b: Eelektross|move: Protect
|-miss|p1b: Camerupt|p2a: Meowscarada
|
|upkeep
|turn|3
|inactive|zeimei has 30 seconds left.
|
|t:|1786172896
|move|p1b: Camerupt|Protect|p1b: Camerupt
|-singleturn|p1b: Camerupt|Protect
|move|p2a: Meowscarada|Play Rough|p1a: Meganium|[miss]
|-miss|p2a: Meowscarada|p1a: Meganium
|move|p2b: Eelektross|Grass Knot|p1b: Camerupt
|-activate|p1b: Camerupt|move: Protect
|move|p1a: Meganium|Solar Beam||[still]
|-prepare|p1a: Meganium|Solar Beam
|-activate|p1a: Meganium|ability: Mega Sol
|-anim|p1a: Meganium|Solar Beam|p2b: Eelektross
|-damage|p2b: Eelektross|31/100
|
|upkeep
|turn|4
|inactive|tsareenagoodar has 30 seconds left.
|inactive|tsareenagoodar has 20 seconds left.
|inactive|tsareenagoodar has 15 seconds left.
|
|t:|1786172939
|move|p2a: Meowscarada|Play Rough|p1a: Meganium
|-crit|p1a: Meganium
|-damage|p1a: Meganium|61/100
|-unboost|p1a: Meganium|atk|1
|move|p2b: Eelektross|Grass Knot|p1b: Camerupt
|-damage|p1b: Camerupt|0 fnt
|faint|p1b: Camerupt
|-ability|p2b: Eelektross|Eelevate|boost
|-boost|p2b: Eelektross|spa|1
|move|p1a: Meganium|Pollen Puff|p1: Camerupt|[notarget]
|-fail|p1a: Meganium
|
|-end|p2a: Meowscarada|Disable
|upkeep
|
|t:|1786172946
|switch|p1b: Mudsdale|Mudsdale, L50, F, shiny|100/100
|turn|5
|
|t:|1786172963
|move|p2b: Eelektross|Protect|p2b: Eelektross
|-singleturn|p2b: Eelektross|Protect
|move|p1b: Mudsdale|Protect|p1b: Mudsdale
|-singleturn|p1b: Mudsdale|Protect
|move|p2a: Meowscarada|Flower Trick|p1b: Mudsdale
|-activate|p1b: Mudsdale|move: Protect
|move|p1a: Meganium|Dazzling Gleam|p2a: Meowscarada|[spread] p2a
|-activate|p2b: Eelektross|move: Protect
|-supereffective|p2a: Meowscarada|1
|-damage|p2a: Meowscarada|0 fnt
|faint|p2a: Meowscarada
|
|upkeep
|
|t:|1786172976
|switch|p2a: Gardevoir|Gardevoir, L50, M|100/100
|-ability|p2a: Gardevoir|Mega Sol|Trace|[from] ability: Trace|[of] p1a: Meganium
|turn|6
|
|t:|1786173000
|move|p2a: Gardevoir|Shadow Ball|p1a: Meganium
|-damage|p1a: Meganium|39/100
|-unboost|p1a: Meganium|spd|1
|move|p2b: Eelektross|Thunderbolt|p1a: Meganium
|-resisted|p1a: Meganium|1
|-damage|p1a: Meganium|0 fnt
|faint|p1a: Meganium
|-ability|p2b: Eelektross|Eelevate|boost
|-boost|p2b: Eelektross|spa|1
|move|p1b: Mudsdale|Curse|p1b: Mudsdale
|-unboost|p1b: Mudsdale|spe|1
|-boost|p1b: Mudsdale|atk|1
|-boost|p1b: Mudsdale|def|1
|
|upkeep
|turn|7
|
|t:|1786173015
|move|p2a: Gardevoir|Shadow Ball|p1b: Mudsdale
|-damage|p1b: Mudsdale|75/100
|move|p2b: Eelektross|Grass Knot|p1b: Mudsdale
|-supereffective|p1b: Mudsdale|1
|-damage|p1b: Mudsdale|0 fnt
|faint|p1b: Mudsdale
|
|win|zeimei
|l|☆tsareenagoodar
|player|p1|
