|j|☆kememe
|j|☆naibot2814
|html|kememenaibot2814    
|uhtml|bestof|Game 2 of a best-of-3
|t:|1783210831
|gametype|doubles
|player|p1|kememe|crasherwake|1067
|player|p2|naibot2814|ghetsis|1342
|gen|9
|tier|[Gen 9 Champions] VGC 2026 Reg M-B (Bo3)
|rated|
|rule|Species Clause: Limit one of each Pokémon
|rule|Item Clause: Limit 1 of each item
|clearpoke
|poke|p1|Politoed, L50, M|
|poke|p1|Whimsicott, L50, M|
|poke|p1|Archaludon, L50, F|
|poke|p1|Scolipede, L50, F|
|poke|p1|Venusaur, L50, F|
|poke|p1|Diggersby, L50, F|
|poke|p2|Incineroar, L50, M|
|poke|p2|Sinistcha, L50, shiny|
|poke|p2|Maushold-Four, L50|
|poke|p2|Delphox, L50, F|
|poke|p2|Sneasler, L50, M|
|poke|p2|Blastoise, L50, M|
|teampreview|4
|showteam|p1|Politoed||Leftovers|Drizzle|Haze,Protect,ChillingWater,WeatherBall|Modest||M|||50|]Whimsicott||FocusSash|Prankster|EnergyBall,Protect,Tailwind,Taunt|Modest||M|||50|]Archaludon||ShucaBerry|Stamina|DragonPulse,ElectroShot,Protect,FlashCannon|Modest||F|||50|]Scolipede||WhiteHerb|SpeedBoost|LeechLife,PoisonJab,SwordsDance,Protect|Adamant||F|||50|]Venusaur||Venusaurite|Chlorophyll|SludgeBomb,Protect,EnergyBall,LeechSeed|Modest||F|||50|]Diggersby||ChoiceScarf|HugePower|HighHorsepower,Earthquake,LowKick,Uturn|Adamant||F|||50|
|showteam|p2|Incineroar||SitrusBerry|Intimidate|FakeOut,DarkestLariat,FlareBlitz,PartingShot|Impish||M|||50|]Sinistcha||KasibBerry|Hospitality|MatchaGotcha,RagePowder,TrickRoom,Protect|Bold|||||50|]Maushold-Four||ChopleBerry|FriendGuard|SuperFang,Feint,FollowMe,Protect|Impish|||||50|]Delphox||Delphoxite|Blaze|HeatWave,Psyshock,NastyPlot,Protect|Timid||F|||50|]Sneasler||FocusSash|PoisonTouch|FakeOut,PoisonJab,CloseCombat,QuickGuard|Jolly||M|||50|]Blastoise||Blastoisinite|Torrent|WaterSpout,DarkPulse,ShellSmash,Protect|Modest||M|||50|
|
|t:|1783210849
|teamsize|p1|4
|teamsize|p2|4
|start
|switch|p1a: Venusaur|Venusaur, L50, F|100/100
|switch|p1b: Diggersby|Diggersby, L50, F|100/100
|switch|p2a: Blastoise|Blastoise, L50, M|100/100
|switch|p2b: Maushold|Maushold-Four, L50|100/100
|turn|1
|
|t:|1783210865
|detailschange|p1a: Venusaur|Venusaur-Mega, L50, F
|-mega|p1a: Venusaur|Venusaur|Venusaurite
|detailschange|p2a: Blastoise|Blastoise-Mega, L50, M
|-mega|p2a: Blastoise|Blastoise|Blastoisinite
|move|p1a: Venusaur|Protect|p1a: Venusaur
|-singleturn|p1a: Venusaur|Protect
|move|p2b: Maushold|Follow Me|p2b: Maushold
|-singleturn|p2b: Maushold|move: Follow Me
|move|p1b: Diggersby|Earthquake|p2b: Maushold|[spread] p2a,p2b
|-activate|p1a: Venusaur|move: Protect
|-damage|p2a: Blastoise|64/100
|-damage|p2b: Maushold|48/100
|move|p2a: Blastoise|Shell Smash|p2a: Blastoise
|-unboost|p2a: Blastoise|def|1
|-unboost|p2a: Blastoise|spd|1
|-boost|p2a: Blastoise|atk|2
|-boost|p2a: Blastoise|spa|2
|-boost|p2a: Blastoise|spe|2
|
|upkeep
|turn|2
|
|t:|1783210889
|switch|p1b: Archaludon|Archaludon, L50, F|100/100
|move|p2a: Blastoise|Protect|p2a: Blastoise
|-singleturn|p2a: Blastoise|Protect
|move|p1a: Venusaur|Energy Ball|p2a: Blastoise
|-activate|p2a: Blastoise|move: Protect
|move|p2b: Maushold|Super Fang|p1a: Venusaur
|-damage|p1a: Venusaur|50/100g
|
|upkeep
|turn|3
|
|t:|1783210901
|move|p2b: Maushold|Follow Me|p2b: Maushold
|-singleturn|p2b: Maushold|move: Follow Me
|move|p2a: Blastoise|Dark Pulse|p1a: Venusaur
|-damage|p1a: Venusaur|0 fnt
|faint|p1a: Venusaur
|move|p1b: Archaludon|Dragon Pulse|p2b: Maushold
|-damage|p2b: Maushold|1/100
|
|upkeep
|
|t:|1783210909
|switch|p1a: Diggersby|Diggersby, L50, F|100/100
|turn|4
|
|t:|1783210927
|switch|p2b: Sinistcha|Sinistcha, L50, shiny|100/100
|-heal|p2a: Blastoise|89/100|[from] ability: Hospitality|[of] p2b: Sinistcha
|move|p2a: Blastoise|Protect|p2a: Blastoise
|-singleturn|p2a: Blastoise|Protect
|move|p1b: Archaludon|Protect|p1b: Archaludon
|-singleturn|p1b: Archaludon|Protect
|move|p1a: Diggersby|Earthquake|p2b: Sinistcha|[spread] p2b
|-activate|p1b: Archaludon|move: Protect
|-activate|p2a: Blastoise|move: Protect
|-resisted|p2b: Sinistcha|1
|-damage|p2b: Sinistcha|79/100
|
|upkeep
|turn|5
|
|t:|1783210943
|move|p2b: Sinistcha|Rage Powder|p2b: Sinistcha
|-singleturn|p2b: Sinistcha|move: Rage Powder
|move|p2a: Blastoise|Water Spout|p1b: Archaludon|[spread] p1a,p1b
|-supereffective|p1a: Diggersby|1
|-crit|p1a: Diggersby
|-resisted|p1b: Archaludon|1
|-damage|p1a: Diggersby|0 fnt
|-damage|p1b: Archaludon|33/100
|-ability|p1b: Archaludon|Stamina|boost
|-boost|p1b: Archaludon|def|1
|faint|p1a: Diggersby
|move|p1b: Archaludon|Dragon Pulse|p2b: Sinistcha
|-damage|p2b: Sinistcha|30/100
|
|upkeep
|-message|kememe forfeited.
|
|win|naibot2814
|raw|kememe's rating: 1067 → 1060(-7 for losing)
|raw|naibot2814's rating: 1342 → 1349(+7 for winning)
