|j|☆eviovulpix
|j|☆Jay is decent
|html|eviovulpixJay is decent    
|uhtml|bestof|Game 3 of a best-of-3
|t:|1782331142
|gametype|doubles
|player|p1|eviovulpix|101|
|player|p2|Jay is decent|101|
|gen|9
|tier|[Gen 9 Champions] VGC 2026 Reg M-B (Bo3)
|rule|Species Clause: Limit one of each Pokémon
|rule|Item Clause: Limit 1 of each item
|clearpoke
|poke|p1|Mawile, L50, F, shiny|
|poke|p1|Pelipper, L50, M, shiny|
|poke|p1|Archaludon, L50, M, shiny|
|poke|p1|Sinistcha, L50, shiny|
|poke|p1|Swampert, L50, F, shiny|
|poke|p1|Farigiraf, L50, M, shiny|
|poke|p2|Blaziken, L50, M, shiny|
|poke|p2|Kingambit, L50, F|
|poke|p2|Basculegion, L50, M|
|poke|p2|Grimmsnarl, L50, M|
|poke|p2|Sinistcha, L50|
|poke|p2|Floette-Eternal, L50, F|
|teampreview|4
|showteam|p1|Mawile||Mawilite|HyperCutter|IronHead,PlayRough,RockSlide,Protect|Adamant||F|||50|]Pelipper||FocusSash|Drizzle|WeatherBall,Hurricane,Tailwind,Protect|Modest||M|||50|]Archaludon||Leftovers|Stamina|ElectroShot,FlashCannon,DragonPulse,Protect|Modest||M|||50|]Sinistcha||KasibBerry|Hospitality|ShadowBall,RagePowder,MatchaGotcha,TrickRoom|Bold|||||50|]Swampert||Swampertite|Torrent|IcePunch,HighHorsepower,WaveCrash,Protect|Adamant||F|||50|]Farigiraf||SitrusBerry|ArmorTail|TrickRoom,Thunderbolt,TwinBeam,HelpingHand|Modest||M|||50|
|showteam|p2|Blaziken||Blazikenite|SpeedBoost|FlareBlitz,CloseCombat,RockSlide,Detect|Adamant||M|||50|]Kingambit||BlackGlasses|Defiant|KowtowCleave,SuckerPunch,SwordsDance,Protect|Adamant||F|||50|]Basculegion||FocusSash|Adaptability|Liquidation,LastRespects,AquaJet,Protect|Adamant||M|||50|]Grimmsnarl||RoseliBerry|Prankster|FakeOut,SpiritBreak,PartingShot,ScaryFace|Careful||M|||50|]Sinistcha||KasibBerry|Hospitality|MatchaGotcha,RagePowder,TrickRoom,Protect|Bold|||||50|]Floette-Eternal||Floettite|FlowerVeil|Moonblast,DazzlingGleam,CalmMind,Protect|Modest||F|||50|
|
|t:|1782331194
|teamsize|p1|4
|teamsize|p2|4
|start
|switch|p1a: Mawile|Mawile, L50, F, shiny|100/100
|switch|p1b: Pelipper|Pelipper, L50, M, shiny|100/100
|switch|p2a: Basculegion|Basculegion, L50, M|100/100
|switch|p2b: Floette|Floette-Eternal, L50, F|100/100
|-weather|RainDance|[from] ability: Drizzle|[of] p1b: Pelipper
|turn|1
|
|t:|1782331207
|switch|p1a: Archaludon|Archaludon, L50, M, shiny|100/100
|detailschange|p2b: Floette|Floette-Mega, L50, F
|-mega|p2b: Floette|Floette|Floettite
|-ability|p2b: Floette|Fairy Aura
|move|p2a: Basculegion|Liquidation|p1b: Pelipper
|-resisted|p1b: Pelipper|1
|-damage|p1b: Pelipper|51/100
|move|p2b: Floette|Dazzling Gleam|p1b: Pelipper|[spread] p1a,p1b
|-damage|p1a: Archaludon|57/100
|-damage|p1b: Pelipper|0 fnt
|-ability|p1a: Archaludon|Stamina|boost
|-boost|p1a: Archaludon|def|1
|faint|p1b: Pelipper
|
|-weather|RainDance|[upkeep]
|-heal|p1a: Archaludon|64/100|[from] item: Leftovers
|upkeep
|
|t:|1782331223
|switch|p1b: Farigiraf|Farigiraf, L50, M, shiny|100/100
|turn|2
|
|t:|1782331251
|move|p2a: Basculegion|Liquidation|p1b: Farigiraf
|-damage|p1b: Farigiraf|18/100
|-enditem|p1b: Farigiraf|Sitrus Berry|[eat]
|-heal|p1b: Farigiraf|42/100|[from] item: Sitrus Berry
|move|p2b: Floette|Moonblast|p1b: Farigiraf
|-damage|p1b: Farigiraf|0 fnt
|faint|p1b: Farigiraf
|move|p1a: Archaludon|Electro Shot||[still]
|-prepare|p1a: Archaludon|Electro Shot
|-boost|p1a: Archaludon|spa|1
|-anim|p1a: Archaludon|Electro Shot|p2b: Floette
|-damage|p2b: Floette|54/100
|
|-weather|RainDance|[upkeep]
|-heal|p1a: Archaludon|70/100|[from] item: Leftovers
|upkeep
|c|☆eviovulpix|gg
|
|t:|1782331265
|switch|p1b: Mawile|Mawile, L50, F, shiny|100/100
|turn|3
|
|t:|1782331286
|detailschange|p1b: Mawile|Mawile-Mega, L50, F, shiny
|-mega|p1b: Mawile|Mawile|Mawilite
|move|p2a: Basculegion|Protect|p2a: Basculegion
|-singleturn|p2a: Basculegion|Protect
|move|p2b: Floette|Protect|p2b: Floette
|-singleturn|p2b: Floette|Protect
|move|p1a: Archaludon|Protect|p1a: Archaludon
|-singleturn|p1a: Archaludon|Protect
|move|p1b: Mawile|Iron Head|p2b: Floette
|-activate|p2b: Floette|move: Protect
|
|-weather|RainDance|[upkeep]
|-heal|p1a: Archaludon|76/100|[from] item: Leftovers
|upkeep
|turn|4
|
|t:|1782331301
|move|p2a: Basculegion|Liquidation|p1b: Mawile
|-damage|p1b: Mawile|19/100
|move|p2b: Floette|Dazzling Gleam|p1b: Mawile|[spread] p1a,p1b
|-resisted|p1b: Mawile|1
|-damage|p1a: Archaludon|34/100
|-damage|p1b: Mawile|0 fnt
|-ability|p1a: Archaludon|Stamina|boost
|-boost|p1a: Archaludon|def|1
|faint|p1b: Mawile
|move|p1a: Archaludon|Electro Shot||[still]
|-prepare|p1a: Archaludon|Electro Shot
|-boost|p1a: Archaludon|spa|1
|-anim|p1a: Archaludon|Electro Shot|p2a: Basculegion
|-supereffective|p2a: Basculegion|1
|-enditem|p2a: Basculegion|Focus Sash
|-damage|p2a: Basculegion|1/100
|
|-weather|RainDance|[upkeep]
|-heal|p1a: Archaludon|40/100|[from] item: Leftovers
|upkeep
|turn|5
|c|☆eviovulpix|gg
|c|☆Jay is decent|ggs
|
|t:|1782331341
|switch|p2a: Sinistcha|Sinistcha, L50|100/100
|-heal|p2b: Floette|79/100|[from] ability: Hospitality|[of] p2a: Sinistcha
|move|p2b: Floette|Moonblast|p1a: Archaludon
|-damage|p1a: Archaludon|0 fnt
|faint|p1a: Archaludon
|
|win|Jay is decent
