|j|☆EnzoPS
|j|☆mjs_12
|html|EnzoPSmjs_12    
|uhtml|bestof|Game 1 of a best-of-3
|t:|1757778553
|gametype|doubles
|player|p1|EnzoPS|cynthia-gen4|1138
|player|p2|mjs_12|266|1108
|gen|9
|tier|[Gen 9] VGC 2025 Reg H (Bo3)
|rated|
|rule|Species Clause: Limit one of each Pokémon
|rule|Item Clause: Limit 1 of each item
|clearpoke
|poke|p1|Pelipper, L50, F|
|poke|p1|Amoonguss, L50, F|
|poke|p1|Archaludon, L50, F|
|poke|p1|Basculegion, L50, M|
|poke|p1|Gholdengo, L50|
|poke|p1|Incineroar, L50, M|
|poke|p2|Whimsicott, L50, F|
|poke|p2|Ursaluna, L50, M|
|poke|p2|Indeedee, L50, M|
|poke|p2|Maushold, L50|
|poke|p2|Incineroar, L50, M|
|poke|p2|Dragapult, L50, F|
|teampreview|4
|showteam|p1|Pelipper||FocusSash|Drizzle|Protect,WeatherBall,Hurricane,Tailwind|||F|||50|,,,,,Ground]Amoonguss||SitrusBerry|Regenerator|Protect,Spore,RagePowder,PollenPuff|||F|||50|,,,,,Water]Archaludon||AssaultVest|Stamina|DragonPulse,ElectroShot,FlashCannon,BodyPress|||F|||50|,,,,,Grass]Basculegion||ChoiceBand|SwiftSwim|FlipTurn,WaveCrash,AquaJet,LastRespects|||M|||50|,,,,,Grass]Gholdengo||LifeOrb|GoodasGold|Protect,MakeItRain,ShadowBall,NastyPlot||||||50|,,,,,Water]Incineroar||SafetyGoggles|Intimidate|FlareBlitz,KnockOff,PartingShot,FakeOut|||M|||50|,,,,,Ghost
|showteam|p2|Whimsicott||FocusSash|Prankster|Tailwind,Moonblast,Encore,Protect|||F|||50|,,,,,Ghost]Ursaluna||FlameOrb|Guts|HeadlongRush,Facade,Protect,Earthquake|||M|||50|,,,,,Ghost]Indeedee||ChoiceSpecs|PsychicSurge|ExpandingForce,DazzlingGleam,TeraBlast,EnergyBall|||M|||50|,,,,,Fighting]Maushold||PsychicSeed|FriendGuard|FollowMe,PopulationBomb,Taunt,HelpingHand||||||50|,,,,,Normal]Incineroar||AssaultVest|Intimidate|FakeOut,FlareBlitz,KnockOff,Uturn|||M|||50|,,,,,Grass]Dragapult||LifeOrb|ClearBody|DragonDarts,TeraBlast,Protect,PhantomForce|||F|||50|,,,,,Ghost
|inactive|Battle timer is ON: inactive players will automatically lose when time's up. (requested by mjs_12)
|
|t:|1757778603
|teamsize|p1|4
|teamsize|p2|4
|start
|switch|p1a: Gholdengo|Gholdengo, L50|100/100
|switch|p1b: Amoonguss|Amoonguss, L50, F|100/100
|switch|p2a: Indeedee|Indeedee, L50, M|100/100
|switch|p2b: Maushold|Maushold, L50|100/100
|-fieldstart|move: Psychic Terrain|[from] ability: Psychic Surge|[of] p2a: Indeedee
|-enditem|p2b: Maushold|Psychic Seed
|-boost|p2b: Maushold|spd|1|[from] item: Psychic Seed
|turn|1
|
|t:|1757778624
|-terastallize|p1b: Amoonguss|Water
|move|p2b: Maushold|Helping Hand|p2a: Indeedee
|-singleturn|p2a: Indeedee|Helping Hand|[of] p2b: Maushold
|move|p1a: Gholdengo|Nasty Plot|p1a: Gholdengo
|-boost|p1a: Gholdengo|spa|2
|move|p2a: Indeedee|Expanding Force|p1b: Amoonguss|[spread] p1a,p1b
|-resisted|p1a: Gholdengo
|-damage|p1a: Gholdengo|21/100
|-damage|p1b: Amoonguss|0 fnt
|faint|p1b: Amoonguss
|
|upkeep
|
|t:|1757778635
|switch|p1b: Incineroar|Incineroar, L50, M|100/100
|-ability|p1b: Incineroar|Intimidate|boost
|-unboost|p2a: Indeedee|atk|1
|-unboost|p2b: Maushold|atk|1
|turn|2
|inactive|mjs_12 has 30 seconds left.
|
|t:|1757778662
|switch|p2a: Incineroar|Incineroar, L50, M|100/100
|-ability|p2a: Incineroar|Intimidate|boost
|-unboost|p1a: Gholdengo|atk|1
|-unboost|p1b: Incineroar|atk|1
|move|p1b: Incineroar|Fake Out|p2a: Incineroar
|-activate|p2a: Incineroar|move: Psychic Terrain
|move|p2b: Maushold|Follow Me|p2b: Maushold
|-singleturn|p2b: Maushold|move: Follow Me
|move|p1a: Gholdengo|Make It Rain|p2a: Incineroar|[spread] p2a,p2b
|-resisted|p2a: Incineroar
|-damage|p2a: Incineroar|74/100
|-damage|p2b: Maushold|0 fnt
|-unboost|p1a: Gholdengo|spa|1
|faint|p2b: Maushold
|-damage|p1a: Gholdengo|12/100|[from] item: Life Orb
|
|upkeep
|
|t:|1757778672
|switch|p2b: Ursaluna|Ursaluna, L50, M|100/100
|turn|3
|inactive|EnzoPS has 30 seconds left.
|
|t:|1757778697
|switch|p1a: Archaludon|Archaludon, L50, F|100/100
|move|p2b: Ursaluna|Protect|p2b: Ursaluna
|-singleturn|p2b: Ursaluna|Protect
|move|p1b: Incineroar|Parting Shot|p2a: Incineroar
|-unboost|p2a: Incineroar|atk|1
|-unboost|p2a: Incineroar|spa|1
|
|t:|1757778704
|switch|p1b: Gholdengo|Gholdengo, L50|12/100|[from] Parting Shot
|move|p2a: Incineroar|Knock Off|p1a: Archaludon
|-damage|p1a: Archaludon|76/100
|-ability|p1a: Archaludon|Stamina|boost
|-boost|p1a: Archaludon|def|1
|-enditem|p1a: Archaludon|Assault Vest|[from] move: Knock Off|[of] p2a: Incineroar
|
|-status|p2b: Ursaluna|brn|[from] item: Flame Orb
|upkeep
|turn|4
|inactive|EnzoPS has 30 seconds left.
|inactive|EnzoPS has 20 seconds left.
|
|t:|1757778741
|-terastallize|p2b: Ursaluna|Ghost
|move|p1b: Gholdengo|Make It Rain|p2a: Incineroar|[spread] p2a,p2b
|-resisted|p2a: Incineroar
|-crit|p2b: Ursaluna
|-damage|p2a: Incineroar|56/100
|-damage|p2b: Ursaluna|12/100 brn
|-unboost|p1b: Gholdengo|spa|1
|-damage|p1b: Gholdengo|2/100|[from] item: Life Orb
|move|p1a: Archaludon|Dragon Pulse|p2b: Ursaluna
|-damage|p2b: Ursaluna|0 fnt
|faint|p2b: Ursaluna
|move|p2a: Incineroar|Knock Off|p1b: Gholdengo
|-supereffective|p1b: Gholdengo
|-damage|p1b: Gholdengo|0 fnt
|-enditem|p1b: Gholdengo|Life Orb|[from] move: Knock Off|[of] p2a: Incineroar
|faint|p1b: Gholdengo
|
|upkeep
|
|t:|1757778753
|switch|p1b: Incineroar|Incineroar, L50, M|100/100
|switch|p2b: Indeedee|Indeedee, L50, M|100/100
|-ability|p1b: Incineroar|Intimidate|boost
|-unboost|p2a: Incineroar|atk|1
|-unboost|p2b: Indeedee|atk|1
|turn|5
|
|t:|1757778773
|move|p2b: Indeedee|Dazzling Gleam|p1b: Incineroar|[spread] p1a,p1b
|-damage|p1a: Archaludon|43/100
|-damage|p1b: Incineroar|73/100
|-ability|p1a: Archaludon|Stamina|boost
|-boost|p1a: Archaludon|def|1
|move|p1a: Archaludon|Dragon Pulse|p2b: Indeedee
|-damage|p2b: Indeedee|42/100
|move|p1b: Incineroar|Knock Off|p2b: Indeedee
|-supereffective|p2b: Indeedee
|-damage|p2b: Indeedee|0 fnt
|-enditem|p2b: Indeedee|Choice Specs|[from] move: Knock Off|[of] p1b: Incineroar
|faint|p2b: Indeedee
|move|p2a: Incineroar|Knock Off|p1b: Incineroar
|-resisted|p1b: Incineroar
|-crit|p1b: Incineroar
|-damage|p1b: Incineroar|46/100
|-enditem|p1b: Incineroar|Safety Goggles|[from] move: Knock Off|[of] p2a: Incineroar
|
|-fieldend|move: Psychic Terrain
|upkeep
|turn|6
|
|t:|1757778782
|move|p1a: Archaludon|Dragon Pulse|p2a: Incineroar
|-damage|p2a: Incineroar|31/100
|move|p1b: Incineroar|Knock Off|p2a: Incineroar
|-resisted|p2a: Incineroar
|-damage|p2a: Incineroar|12/100
|-enditem|p2a: Incineroar|Assault Vest|[from] move: Knock Off|[of] p1b: Incineroar
|move|p2a: Incineroar|Flare Blitz|p1a: Archaludon
|-damage|p1a: Archaludon|32/100
|-ability|p1a: Archaludon|Stamina|boost
|-boost|p1a: Archaludon|def|1
|-damage|p2a: Incineroar|8/100|[from] Recoil
|
|upkeep
|turn|7
|-message|mjs_12 forfeited.
|
|win|EnzoPS
|l|☆mjs_12
|player|p2|
||mjs_12 is ready for game 2.
||EnzoPS is ready for game 2.
|uhtml|next|Next: Game 2 of 3
