|j|☆parmesanlugubre206
|j|☆Marvcolor
|html|parmesanlugubre206Marvcolor    
|uhtml|bestof|Game 1 of a best-of-3
|t:|1784218661
|gametype|doubles
|player|p1|parmesanlugubre206|ethan|1203
|player|p2|Marvcolor|giovanni|1319
|gen|9
|tier|[Gen 9 Champions] VGC 2026 Reg M-B (Bo3)
|rated|
|rule|Species Clause: Limit one of each Pokémon
|rule|Item Clause: Limit 1 of each item
|clearpoke
|poke|p1|Pelipper, L50, F|
|poke|p1|Archaludon, L50, F|
|poke|p1|Alakazam, L50, M|
|poke|p1|Basculegion, L50, M|
|poke|p1|Swampert, L50, F|
|poke|p1|Meowscarada, L50, F|
|poke|p2|Gengar, L50, M, shiny|
|poke|p2|Politoed, L50, F, shiny|
|poke|p2|Archaludon, L50, F, shiny|
|poke|p2|Swampert, L50, F, shiny|
|poke|p2|Incineroar, L50, F, shiny|
|poke|p2|Vivillon, L50, M, shiny|
|teampreview|4
|showteam|p1|Pelipper||LifeOrb|Drizzle|WeatherBall,Hurricane,Tailwind,WideGuard|Modest||F|||50|]Archaludon||Leftovers|Stamina|ElectroShot,Snarl,DragonPulse,Protect|Modest||F|||50|]Alakazam||Alakazite|InnerFocus|Psychic,RainDance,SpeedSwap,LightScreen|Timid||M|||50|]Basculegion||MysticWater|Adaptability|WaveCrash,LastRespects,AquaJet,Protect|Adamant||M|||50|]Swampert||Swampertite|Torrent|WaveCrash,Earthquake,IcePunch,Protect|Adamant||F|||50|]Meowscarada||ChoiceScarf|Protean|FlowerTrick,KnockOff,TripleAxel,Uturn|Jolly||F|||50|
|showteam|p2|Gengar||Gengarite|CursedBody|ShadowBall,SludgeBomb,PerishSong,Protect|Modest||M|||50|]Politoed||SitrusBerry|Drizzle|WeatherBall,PerishSong,Encore,Protect|Calm||F|||50|]Archaludon||Leftovers|Stamina|ElectroShot,DragonPulse,FlashCannon,Protect|Bold||F|||50|]Swampert||Swampertite|Damp|WaveCrash,Earthquake,IcePunch,Protect|Adamant||F|||50|]Incineroar||PasshoBerry|Intimidate|ThroatChop,PartingShot,Protect,FakeOut|Sassy||F|||50|]Vivillon||FocusSash|CompoundEyes|Hurricane,SleepPowder,RagePowder,Protect|Timid||M|||50|
|inactive|Battle timer is ON: inactive players will automatically lose when time's up. (requested by Marvcolor)
|inactive|parmesanlugubre206 also wants the timer to be on.
|inactive|parmesanlugubre206 has 60 seconds left.
|
|t:|1784218698
|teamsize|p1|4
|teamsize|p2|4
|start
|switch|p1a: Alakazam|Alakazam, L50, M|100/100
|switch|p1b: Pelipper|Pelipper, L50, F|100/100
|switch|p2a: Mankira|Incineroar, L50, F, shiny|100/100
|switch|p2b: Time Walk|Vivillon, L50, M, shiny|100/100
|-weather|RainDance|[from] ability: Drizzle|[of] p1b: Pelipper
|-ability|p2a: Mankira|Intimidate|boost
|-fail|p1a: Alakazam|unboost|Attack|[from] ability: Inner Focus|[of] p1a: Alakazam
|-unboost|p1b: Pelipper|atk|1
|turn|1
|
|t:|1784218712
|move|p2a: Mankira|Fake Out|p1a: Alakazam
|-damage|p1a: Alakazam|74/100
|move|p1a: Alakazam|Speed Swap|p1b: Pelipper
|-activate|p1a: Alakazam|move: Speed Swap|[of] p1b: Pelipper
|move|p1b: Pelipper|Weather Ball|p2a: Mankira
|-supereffective|p2a: Mankira|1
|-enditem|p2a: Mankira|Passho Berry|[eat]
|-enditem|p2a: Mankira|Passho Berry|[weaken]
|-damage|p2a: Mankira|20/100y
|-damage|p1b: Pelipper|90/100|[from] item: Life Orb
|move|p2b: Time Walk|Sleep Powder|p1b: Pelipper
|-status|p1b: Pelipper|slp|[from] move: Sleep Powder
|
|-weather|RainDance|[upkeep]
|upkeep
|turn|2
|inactive|Marvcolor has 30 seconds left.
|
|t:|1784218739
|detailschange|p1a: Alakazam|Alakazam-Mega, L50, M
|-mega|p1a: Alakazam|Alakazam|Alakazite
|-ability|p1a: Alakazam|Compound Eyes|Trace|[from] ability: Trace|[of] p2b: Time Walk
|move|p2b: Time Walk|Protect|p2b: Time Walk
|-singleturn|p2b: Time Walk|Protect
|move|p1a: Alakazam|Psychic|p2b: Time Walk
|-activate|p2b: Time Walk|move: Protect
|cant|p1b: Pelipper|slp
|move|p2a: Mankira|Throat Chop|p1a: Alakazam
|-supereffective|p1a: Alakazam|1
|-damage|p1a: Alakazam|0 fnt
|faint|p1a: Alakazam
|
|-weather|RainDance|[upkeep]
|upkeep
|
|t:|1784218750
|switch|p1a: Meowscarada|Meowscarada, L50, F|100/100
|turn|3
|
|t:|1784218767
|switch|p2b: Connect|Politoed, L50, F, shiny|100/100
|move|p1a: Meowscarada|U-turn|p2b: Connect
|-start|p1a: Meowscarada|typechange|Bug|[from] ability: Protean
|-damage|p2b: Connect|67/100
|
|t:|1784218771
|switch|p1a: Archaludon|Archaludon, L50, F|100/100|[from] U-turn
|cant|p1b: Pelipper|slp
|move|p2a: Mankira|Parting Shot|p1a: Archaludon
|-unboost|p1a: Archaludon|atk|1
|-unboost|p1a: Archaludon|spa|1
|
|t:|1784218778
|switch|p2a: Time Walk|Vivillon, L50, M, shiny|100/100|[from] Parting Shot
|
|-weather|RainDance|[upkeep]
|upkeep
|turn|4
|
|t:|1784218799
|switch|p1a: Meowscarada|Meowscarada, L50, F|100/100
|switch|p2b: Mankira|Incineroar, L50, F, shiny|20/100y
|-ability|p2b: Mankira|Intimidate|boost
|-unboost|p1a: Meowscarada|atk|1
|-unboost|p1b: Pelipper|atk|1
|-curestatus|p1b: Pelipper|slp|[msg]
|move|p1b: Pelipper|Hurricane|p2a: Time Walk
|-supereffective|p2a: Time Walk|1
|-enditem|p2a: Time Walk|Focus Sash
|-damage|p2a: Time Walk|1/100
|-damage|p1b: Pelipper|81/100|[from] item: Life Orb
|move|p2a: Time Walk|Sleep Powder|p1a: Meowscarada
|-immune|p1a: Meowscarada
|
|-weather|RainDance|[upkeep]
|upkeep
|turn|5
|
|t:|1784218812
|move|p2b: Mankira|Fake Out|p1a: Meowscarada
|-damage|p1a: Meowscarada|84/100
|cant|p1a: Meowscarada|flinch
|move|p1b: Pelipper|Hurricane|p2a: Time Walk
|-supereffective|p2a: Time Walk|1
|-damage|p2a: Time Walk|0 fnt
|faint|p2a: Time Walk
|-damage|p1b: Pelipper|71/100|[from] item: Life Orb
|
|-weather|none
|upkeep
|c|☆Marvcolor|how were u faster?
|c|☆parmesanlugubre206|speed swamp
|c|☆parmesanlugubre206|swap
|inactive|Marvcolor has 30 seconds left.
|c|☆Marvcolor|oh damn i forgot
|
|t:|1784218842
|switch|p2a: Mishra|Gengar, L50, M, shiny|100/100
|turn|6
|inactive|parmesanlugubre206 has 30 seconds left.
|inactive|parmesanlugubre206 has 20 seconds left.
|
|t:|1784218881
|detailschange|p2a: Mishra|Gengar-Mega, L50, M, shiny
|-mega|p2a: Mishra|Gengar|Gengarite
|move|p2a: Mishra|Protect|p2a: Mishra
|-singleturn|p2a: Mishra|Protect
|move|p1a: Meowscarada|U-turn|p2b: Mankira
|-start|p1a: Meowscarada|typechange|Bug|[from] ability: Protean
|-damage|p2b: Mankira|3/100
|
|t:|1784218885
|switch|p1a: Archaludon|Archaludon, L50, F|100/100|[from] U-turn
|move|p1b: Pelipper|Weather Ball|p2b: Mankira
|-damage|p2b: Mankira|0 fnt
|faint|p2b: Mankira
|-damage|p1b: Pelipper|62/100|[from] item: Life Orb
|
|upkeep
|
|t:|1784218892
|switch|p2b: Connect|Politoed, L50, F, shiny|67/100
|-weather|RainDance|[from] ability: Drizzle|[of] p2b: Connect
|turn|7
|
|t:|1784218901
|move|p2b: Connect|Protect|p2b: Connect
|-singleturn|p2b: Connect|Protect
|move|p1b: Pelipper|Tailwind|p1b: Pelipper
|-sidestart|p1: parmesanlugubre206|move: Tailwind
|move|p1a: Archaludon|Electro Shot||[still]
|-prepare|p1a: Archaludon|Electro Shot
|-boost|p1a: Archaludon|spa|1
|-anim|p1a: Archaludon|Electro Shot|p2b: Connect
|-activate|p2b: Connect|move: Protect
|move|p2a: Mishra|Sludge Bomb|p1b: Pelipper
|-damage|p1b: Pelipper|0 fnt
|faint|p1b: Pelipper
|
|-weather|RainDance|[upkeep]
|upkeep
|
|t:|1784218906
|switch|p1b: Meowscarada|Meowscarada, L50, F|84/100
|turn|8
|
|t:|1784218920
|move|p1b: Meowscarada|Knock Off|p2a: Mishra
|-start|p1b: Meowscarada|typechange|Dark|[from] ability: Protean
|-supereffective|p2a: Mishra|1
|-damage|p2a: Mishra|34/100
|move|p1a: Archaludon|Electro Shot||[still]
|-prepare|p1a: Archaludon|Electro Shot
|-boost|p1a: Archaludon|spa|1
|-anim|p1a: Archaludon|Electro Shot|p2b: Connect
|-supereffective|p2b: Connect|1
|-damage|p2b: Connect|0 fnt
|faint|p2b: Connect
|move|p2a: Mishra|Sludge Bomb|p1b: Meowscarada
|-damage|p1b: Meowscarada|4/100
|-status|p1b: Meowscarada|psn
|
|-weather|RainDance|[upkeep]
|-damage|p1b: Meowscarada|0 fnt|[from] psn
|faint|p1b: Meowscarada
|upkeep
|turn|9
|-message|Marvcolor forfeited.
|
|win|parmesanlugubre206
|l|☆Marvcolor
|player|p2|
||Marvcolor is ready for game 2.
||parmesanlugubre206 is ready for game 2.
|uhtml|next|Next: Game 2 of 3
|l|☆parmesanlugubre206
|player|p1|
|j|☆Marvcolor
|player|p2|Marvcolor|giovanni|
