|j|â˜†cereales raton
|j|â˜†FastForwardMyGame
|html|cereales ratonFastForwardMyGame    
|uhtml|bestof|Game 2 of a best-of-3
|t:|1756898402
|gametype|doubles
|player|p1|cereales raton|265|1116
|player|p2|FastForwardMyGame|cyclist|1126
|gen|9
|tier|[Gen 9] VGC 2025 Reg H (Bo3)
|rated|
|rule|Species Clause: Limit one of each PokÃ©mon
|rule|Item Clause: Limit 1 of each item
|clearpoke
|poke|p1|Dragonite, L50, F|
|poke|p1|Gholdengo, L50|
|poke|p1|Annihilape, L50, M|
|poke|p1|Ursaluna-Bloodmoon, L50, M|
|poke|p1|Maushold-Four, L50|
|poke|p1|Rillaboom, L50, F|
|poke|p2|Hatterene, L50, F|
|poke|p2|Sunflora, L50, M|
|poke|p2|Indeedee-F, L50, F|
|poke|p2|Torkoal, L50, F|
|poke|p2|Gallade, L50, M|
|poke|p2|Ursaluna, L50, M|
|teampreview|4
|showteam|p1|Dragonite||LoadedDice|Multiscale|ScaleShot,Tailwind,Haze,Protect|||F|||50|,,,,,Fairy]Gholdengo||LifeOrb|GoodasGold|MakeItRain,ShadowBall,NastyPlot,Protect||||||50|,,,,,Water]Annihilape||SitrusBerry|Defiant|DrainPunch,RageFist,BulkUp,Protect|||M|||50|,,,,,Fire]Ursaluna-Bloodmoon||AssaultVest|MindsEye|BloodMoon,EarthPower,HyperVoice,VacuumWave|||M|||50|,,,,,Water]Maushold-Four||FocusSash|FriendGuard|SuperFang,BeatUp,FollowMe,Protect||||||50|,,,,,Ghost]Rillaboom||MiracleSeed|GrassySurge|WoodHammer,GrassyGlide,HighHorsepower,FakeOut|||F|||50|,,,,,Fire
|showteam|p2|Hatterene||CovertCloak|MagicBounce|TrickRoom,ExpandingForce,DazzlingGleam,MagicPowder|||F|||50|,,,,,Water]Sunflora||LifeOrb|SolarPower|EarthPower,WeatherBall,EnergyBall,Protect|||M|||50|,,,,,Fire]Indeedee-F||EjectButton|PsychicSurge|FollowMe,HelpingHand,TrickRoom,TeraBlast|||F|||50|,,,,,Dark]Torkoal||EjectPack|Drought|Eruption,HelpingHand,SunnyDay,Overheat|||F|||50|,,,,,Grass]Gallade||PsychicSeed|Sharpness|TrickRoom,SacredSword,PsychoCut,WideGuard|||M|||50|,,,,,Fire]Ursaluna||FlameOrb|Guts|Facade,HeadlongRush,Protect,Crunch|||M|||50|,,,,,Ghost
|inactive|Battle timer is ON: inactive players will automatically lose when time's up. (requested by FastForwardMyGame)
|
|t:|1756898430
|teamsize|p1|4
|teamsize|p2|4
|start
|switch|p1a: Gholdengo|Gholdengo, L50|100/100
|switch|p1b: Maushold|Maushold-Four, L50|100/100
|switch|p2a: Queen Virgo|Hatterene, L50, F, shiny|100/100
|switch|p2b: Amiable|Indeedee-F, L50, F|100/100
|-fieldstart|move: Psychic Terrain|[from] ability: Psychic Surge|[of] p2b: Amiable
|turn|1
|
|t:|1756898450
|switch|p1b: Rillaboom|Rillaboom, L50, F|100/100
|-fieldstart|move: Grassy Terrain|[from] ability: Grassy Surge|[of] p1b: Rillaboom
|-terastallize|p2a: Queen Virgo|Water
|move|p2b: Amiable|Follow Me|p2b: Amiable
|-singleturn|p2b: Amiable|move: Follow Me
|move|p1a: Gholdengo|Nasty Plot|p1a: Gholdengo
|-boost|p1a: Gholdengo|spa|2
|move|p2a: Queen Virgo|Trick Room|p2a: Queen Virgo
|-fieldstart|move: Trick Room|[of] p2a: Queen Virgo
|
|upkeep
|turn|2
|inactive|cereales raton has 30 seconds left.
|inactive|FastForwardMyGame has 30 seconds left.
|inactive|FastForwardMyGame has 20 seconds left.
|inactive|FastForwardMyGame has 15 seconds left.
|inactive|FastForwardMyGame has 10 seconds left.
|inactive|FastForwardMyGame has 5 seconds left.
|inactive|cereales raton has 20 seconds left.
|
|t:|1756898508
|move|p2b: Amiable|Helping Hand|p2a: Queen Virgo
|-singleturn|p2a: Queen Virgo|Helping Hand|[of] p2b: Amiable
|move|p2a: Queen Virgo|Expanding Force|p1b: Rillaboom
|-damage|p1b: Rillaboom|43/100
|move|p1b: Rillaboom|Wood Hammer|p2b: Amiable
|-damage|p2b: Amiable|10/100
|-damage|p1b: Rillaboom|17/100|[from] Recoil
|-enditem|p2b: Amiable|Eject Button
|
|t:|1756898518
|switch|p2b: Apathy|Sunflora, L50, M|100/100
|move|p1a: Gholdengo|Shadow Ball|p2a: Queen Virgo
|-damage|p2a: Queen Virgo|19/100
|-damage|p1a: Gholdengo|91/100|[from] item: Life Orb
|
|-heal|p2a: Queen Virgo|25/100|[from] Grassy Terrain
|-heal|p1b: Rillaboom|23/100|[from] Grassy Terrain
|-heal|p1a: Gholdengo|97/100|[from] Grassy Terrain
|upkeep
|turn|3
|
|t:|1756898540
|switch|p2a: Anger|Torkoal, L50, F|100/100
|-weather|SunnyDay|[from] ability: Drought|[of] p2a: Anger
|switch|p1b: Maushold|Maushold-Four, L50|100/100
|-terastallize|p1a: Gholdengo|Water
|move|p2b: Apathy|Weather Ball|p1a: Gholdengo
|-resisted|p1a: Gholdengo
|-damage|p1a: Gholdengo|62/100
|-damage|p2b: Apathy|91/100|[from] item: Life Orb
|move|p1a: Gholdengo|Make It Rain|p2a: Anger|[spread] p2a,p2b
|-resisted|p2a: Anger
|-damage|p2a: Anger|17/100
|-damage|p2b: Apathy|0 fnt
|-unboost|p1a: Gholdengo|spa|1
|faint|p2b: Apathy
|-damage|p1a: Gholdengo|52/100|[from] item: Life Orb
|
|-weather|SunnyDay|[upkeep]
|-heal|p2a: Anger|24/100|[from] Grassy Terrain
|-heal|p1a: Gholdengo|58/100|[from] Grassy Terrain
|upkeep
|
|t:|1756898556
|switch|p2b: Queen Virgo|Hatterene, L50, F, shiny, tera:Water|25/100
|turn|4
|
|t:|1756898567
|switch|p2a: Amiable|Indeedee-F, L50, F|10/100
|-fieldstart|move: Psychic Terrain|[from] ability: Psychic Surge|[of] p2a: Amiable
|switch|p1b: Rillaboom|Rillaboom, L50, F|23/100
|-fieldstart|move: Grassy Terrain|[from] ability: Grassy Surge|[of] p1b: Rillaboom
|move|p2b: Queen Virgo|Expanding Force|p1a: Gholdengo
|-damage|p1a: Gholdengo|17/100
|move|p1a: Gholdengo|Make It Rain|p2b: Queen Virgo|[spread] p2a,p2b
|-resisted|p2b: Queen Virgo
|-crit|p2b: Queen Virgo
|-damage|p2a: Amiable|0 fnt
|-damage|p2b: Queen Virgo|0 fnt
|-unboost|p1a: Gholdengo|spa|1
|faint|p2a: Amiable
|faint|p2b: Queen Virgo
|-damage|p1a: Gholdengo|7/100|[from] item: Life Orb
|
|-weather|SunnyDay|[upkeep]
|-heal|p1b: Rillaboom|29/100|[from] Grassy Terrain
|-heal|p1a: Gholdengo|13/100|[from] Grassy Terrain
|upkeep
|c|â˜†FastForwardMyGame|gg
|
|t:|1756898581
|switch|p2b: Anger|Torkoal, L50, F|24/100
|turn|5
|c|â˜†cereales raton|gg
|
|t:|1756898594
|move|p1b: Rillaboom|Fake Out|p2b: Anger
|-damage|p2b: Anger|12/100
|cant|p2b: Anger|flinch
|move|p1a: Gholdengo|Shadow Ball|p2b: Anger
|-damage|p2b: Anger|0 fnt
|faint|p2b: Anger
|-damage|p1a: Gholdengo|4/100|[from] item: Life Orb
|
|win|cereales raton
|raw|cereales raton's rating: 1116 → 1142(+26 for winning)
|raw|FastForwardMyGame's rating: 1126 → 1100(-26 for losing)
|l|â˜†FastForwardMyGame
|player|p2|
