|j|☆bimbo mafioso
|j|☆uhhhhh_plz
|html|bimbo mafiosouhhhhh_plz    
|uhtml|bestof|Game 1 of a best-of-3
|t:|1756761200
|gametype|doubles
|player|p1|bimbo mafioso|swimmerf|1158
|player|p2|uhhhhh_plz|169|1177
|gen|9
|tier|[Gen 9] VGC 2025 Reg H (Bo3)
|rated|
|rule|Species Clause: Limit one of each Pokémon
|rule|Item Clause: Limit 1 of each item
|clearpoke
|poke|p1|Gholdengo, L50|
|poke|p1|Amoonguss, L50, F|
|poke|p1|Basculegion, L50, M|
|poke|p1|Pelipper, L50, M|
|poke|p1|Incineroar, L50, F|
|poke|p1|Archaludon, L50, M|
|poke|p2|Rillaboom, L50, M|
|poke|p2|Ursaluna-Bloodmoon, L50, M|
|poke|p2|Comfey, L50, F|
|poke|p2|Volcarona, L50, F|
|poke|p2|Electabuzz, L50, M|
|poke|p2|Dragonite, L50, F|
|teampreview|4
|showteam|p1|Gholdengo||LifeOrb|GoodasGold|MakeItRain,ShadowBall,NastyPlot,Protect||||||50|,,,,,Water]Amoonguss||SitrusBerry|Regenerator|Spore,RagePowder,PollenPuff,Protect|||F|||50|,,,,,Water]Basculegion||ChoiceBand|SwiftSwim|WaveCrash,AquaJet,LastRespects,FlipTurn|||M|||50|,,,,,Water]Pelipper||FocusSash|Drizzle|WeatherBall,Hurricane,Tailwind,Protect|||M|||50|,,,,,Ground]Incineroar||SafetyGoggles|Intimidate|FakeOut,KnockOff,Taunt,PartingShot|||F|||50|,,,,,Ghost]Archaludon||AssaultVest|Stamina|ElectroShot,FlashCannon,DracoMeteor,BodyPress|||M|||50|,,,,,Bug
|showteam|p2|Rillaboom||AssaultVest|GrassySurge|FakeOut,Uturn,GrassyGlide,HighHorsepower|||M|||50|,,,,,Fire]Ursaluna-Bloodmoon||Leftovers|MindsEye|Protect,CalmMind,EarthPower,HyperVoice|||M|||50|,,,,,Poison]Comfey||FocusSash|Triage|Protect,HelpingHand,FloralHealing,DrainingKiss|||F|||50|,,,,,Ghost]Volcarona||GrassySeed|FlameBody|Protect,QuiverDance,FieryDance,GigaDrain|||F|||50|,,,,,Grass]Electabuzz||Eviolite|VitalSpirit|Protect,FollowMe,Taunt,Thunderbolt|||M|||50|,,,,,Ghost]Dragonite||LoadedDice|InnerFocus|Protect,Haze,AquaJet,ScaleShot|||F|||50|,,,,,Fairy
|inactive|Battle timer is ON: inactive players will automatically lose when time's up. (requested by uhhhhh_plz)
|inactive|bimbo mafioso also wants the timer to be on.
|inactive|bimbo mafioso has 60 seconds left.
|inactive|bimbo mafioso has 30 seconds left.
|inactive|bimbo mafioso has 20 seconds left.
|inactive|bimbo mafioso has 15 seconds left.
|inactive|bimbo mafioso has 10 seconds left.
|
|t:|1756761283
|teamsize|p1|4
|teamsize|p2|4
|start
|switch|p1a: Pelipper|Pelipper, L50, M|100/100
|switch|p1b: Basculegion|Basculegion, L50, M|100/100
|switch|p2a: Dragonite|Dragonite, L50, F|100/100
|switch|p2b: Electabuzz|Electabuzz, L50, M|100/100
|-weather|RainDance|[from] ability: Drizzle|[of] p1a: Pelipper
|turn|1
|
|t:|1756761301
|switch|p1a: Archaludon|Archaludon, L50, M|100/100
|move|p1b: Basculegion|Flip Turn|p2b: Electabuzz
|-crit|p2b: Electabuzz
|-damage|p2b: Electabuzz|28/100
|
|t:|1756761306
|switch|p1b: Incineroar|Incineroar, L50, F|100/100|[from] Flip Turn
|-ability|p1b: Incineroar|Intimidate|boost
|-fail|p2a: Dragonite|unboost|Attack|[from] ability: Inner Focus|[of] p2a: Dragonite
|-unboost|p2b: Electabuzz|atk|1
|move|p2a: Dragonite|Scale Shot|p1a: Archaludon
|-damage|p1a: Archaludon|90/100
|-ability|p1a: Archaludon|Stamina|boost
|-boost|p1a: Archaludon|def|1
|-damage|p1a: Archaludon|82/100
|-ability|p1a: Archaludon|Stamina|boost
|-boost|p1a: Archaludon|def|1
|-damage|p1a: Archaludon|76/100
|-ability|p1a: Archaludon|Stamina|boost
|-boost|p1a: Archaludon|def|1
|-damage|p1a: Archaludon|71/100
|-ability|p1a: Archaludon|Stamina|boost
|-boost|p1a: Archaludon|def|1
|-damage|p1a: Archaludon|68/100
|-ability|p1a: Archaludon|Stamina|boost
|-boost|p1a: Archaludon|def|1
|-hitcount|p1a: Archaludon|5
|-unboost|p2a: Dragonite|def|1
|-boost|p2a: Dragonite|spe|1
|move|p2b: Electabuzz|Thunderbolt|p1a: Archaludon
|-resisted|p1a: Archaludon
|-damage|p1a: Archaludon|57/100
|-ability|p1a: Archaludon|Stamina|boost
|-boost|p1a: Archaludon|def|1
|
|-weather|RainDance|[upkeep]
|upkeep
|turn|2
|inactive|bimbo mafioso has 30 seconds left.
|
|t:|1756761336
|switch|p2b: Ursaluna|Ursaluna-Bloodmoon, L50, M|100/100
|move|p2a: Dragonite|Haze|p2a: Dragonite
|-clearallboost
|move|p1a: Archaludon|Body Press|p2b: Ursaluna
|-supereffective|p2b: Ursaluna
|-damage|p2b: Ursaluna|66/100
|move|p1b: Incineroar|Knock Off|p2a: Dragonite
|-damage|p2a: Dragonite|48/100
|-enditem|p2a: Dragonite|Loaded Dice|[from] move: Knock Off|[of] p1b: Incineroar
|
|-weather|RainDance|[upkeep]
|-heal|p2b: Ursaluna|72/100|[from] item: Leftovers
|upkeep
|turn|3
|
|t:|1756761361
|switch|p2a: Volcarona|Volcarona, L50, F|100/100
|switch|p1a: Basculegion|Basculegion, L50, M|100/100
|-terastallize|p2b: Ursaluna|Poison
|move|p1b: Incineroar|Parting Shot|p2a: Volcarona
|-unboost|p2a: Volcarona|atk|1
|-unboost|p2a: Volcarona|spa|1
|
|t:|1756761370
|switch|p1b: Archaludon|Archaludon, L50, M|57/100|[from] Parting Shot
|move|p2b: Ursaluna|Calm Mind|p2b: Ursaluna
|-boost|p2b: Ursaluna|spa|1
|-boost|p2b: Ursaluna|spd|1
|
|-weather|RainDance|[upkeep]
|-heal|p2b: Ursaluna|78/100|[from] item: Leftovers
|upkeep
|turn|4
|inactive|bimbo mafioso has 30 seconds left.
|inactive|uhhhhh_plz has 30 seconds left.
|
|t:|1756761400
|switch|p1a: Incineroar|Incineroar, L50, F|100/100
|-ability|p1a: Incineroar|Intimidate|boost
|-unboost|p2a: Volcarona|atk|1
|-unboost|p2b: Ursaluna|atk|1
|move|p2a: Volcarona|Giga Drain|p1a: Incineroar
|-resisted|p1a: Incineroar
|-damage|p1a: Incineroar|95/100
|move|p1b: Archaludon|Electro Shot||[still]
|-prepare|p1b: Archaludon|Electro Shot
|-boost|p1b: Archaludon|spa|1
|-anim|p1b: Archaludon|Electro Shot|p2a: Volcarona
|-damage|p2a: Volcarona|45/100
|move|p2b: Ursaluna|Earth Power|p1b: Archaludon
|-supereffective|p1b: Archaludon
|-damage|p1b: Archaludon|0 fnt
|faint|p1b: Archaludon
|
|-weather|RainDance|[upkeep]
|-heal|p2b: Ursaluna|85/100|[from] item: Leftovers
|upkeep
|
|t:|1756761417
|switch|p1b: Basculegion|Basculegion, L50, M|100/100
|turn|5
|
|t:|1756761441
|move|p1a: Incineroar|Fake Out|p2b: Ursaluna
|-damage|p2b: Ursaluna|76/100
|move|p1b: Basculegion|Flip Turn|p2a: Volcarona
|-supereffective|p2a: Volcarona
|-damage|p2a: Volcarona|0 fnt
|faint|p2a: Volcarona
|
|t:|1756761461
|switch|p1b: Pelipper|Pelipper, L50, M|100/100|[from] Flip Turn
|cant|p2b: Ursaluna|flinch
|
|-weather|none
|-heal|p2b: Ursaluna|82/100|[from] item: Leftovers
|upkeep
|inactive|uhhhhh_plz has 30 seconds left.
|
|t:|1756761489
|switch|p2a: Dragonite|Dragonite, L50, F|48/100
|turn|6
|
|t:|1756761505
|switch|p1b: Basculegion|Basculegion, L50, M|100/100
|move|p2a: Dragonite|Scale Shot|p1b: Basculegion
|-damage|p1b: Basculegion|82/100
|-damage|p1b: Basculegion|65/100
|-damage|p1b: Basculegion|45/100
|-hitcount|p1b: Basculegion|3
|-unboost|p2a: Dragonite|def|1
|-boost|p2a: Dragonite|spe|1
|move|p1a: Incineroar|Parting Shot|p2b: Ursaluna
|-unboost|p2b: Ursaluna|atk|1
|-unboost|p2b: Ursaluna|spa|1
|
|t:|1756761517
|switch|p1a: Pelipper|Pelipper, L50, M|100/100|[from] Parting Shot
|-weather|RainDance|[from] ability: Drizzle|[of] p1a: Pelipper
|move|p2b: Ursaluna|Hyper Voice|p1b: Basculegion|[spread] p1a,p1b
|-damage|p1a: Pelipper|31/100
|-damage|p1b: Basculegion|3/100
|
|-weather|RainDance|[upkeep]
|-heal|p2b: Ursaluna|88/100|[from] item: Leftovers
|upkeep
|turn|7
|
|t:|1756761540
|move|p2a: Dragonite|Aqua Jet|p1b: Basculegion
|-resisted|p1b: Basculegion
|-damage|p1b: Basculegion|0 fnt
|faint|p1b: Basculegion
|move|p1a: Pelipper|Weather Ball|p2b: Ursaluna
|-damage|p2b: Ursaluna|42/100
|move|p2b: Ursaluna|Hyper Voice|p1a: Pelipper
|-damage|p1a: Pelipper|0 fnt
|faint|p1a: Pelipper
|
|-weather|RainDance|[upkeep]
|-heal|p2b: Ursaluna|48/100|[from] item: Leftovers
|upkeep
|-message|bimbo mafioso forfeited.
|
|win|uhhhhh_plz
||uhhhhh_plz is ready for game 2.
