|j|☆Meowraure
|j|☆urfate
|html|Meowraureurfate    
|uhtml|bestof|Game 1 of a best-of-3
|t:|1786144948
|gametype|doubles
|player|p1|Meowraure|266|1121
|player|p2|urfate|266|1000
|gen|9
|tier|[Gen 9 Champions] VGC 2026 Reg M-B (Bo3)
|rated|
|rule|Species Clause: Limit one of each Pokémon
|rule|Item Clause: Limit 1 of each item
|clearpoke
|poke|p1|Floette-Eternal, L50, F|
|poke|p1|Sceptile, L50, F|
|poke|p1|Talonflame, L50, M|
|poke|p1|Rotom-Wash, L50|
|poke|p1|Kangaskhan, L50, F|
|poke|p1|Aegislash, L50, M|
|poke|p2|Raichu, L50, F|
|poke|p2|Staraptor, L50, F|
|poke|p2|Arcanine-Hisui, L50, M|
|poke|p2|Tsareena, L50, F, shiny|
|poke|p2|Mr. Rime, L50, M|
|poke|p2|Ninetales-Alola, L50, F|
|teampreview|4
|showteam|p1|Floette-Eternal||ChoiceScarf|FlowerVeil|EnergyBall,PollenPuff,Moonblast,Psychic|Timid||F|||50|]Sceptile||Sceptilite|Unburden|EarthPower,DragonPulse,LeafStorm,Protect|Timid||F|||50|]Talonflame||SharpBeak|GaleWings|DualWingbeat,Tailwind,FlareBlitz,Protect|Jolly||M|||50|]Rotom-Wash||Leftovers|Levitate|Discharge,WillOWisp,HydroPump,Protect|Timid|||||50|]Kangaskhan||SilkScarf|Scrappy|FakeOut,LastResort|Adamant||F|||50|]Aegislash||SitrusBerry|StanceChange|WideGuard,GyroBall,Poltergeist,KingsShield|Brave||M|||50|
|showteam|p2|Raichu||RaichuniteY|LightningRod|ZapCannon,FocusBlast,FakeOut,Protect|Timid||F|||50|]Staraptor||Staraptite|Intimidate|CloseCombat,DualWingbeat,Tailwind,Protect|Jolly||F|||50|]Arcanine-Hisui||ExpertBelt|Intimidate|FlareBlitz,HeadSmash,ExtremeSpeed,Protect|Jolly||M|||50|]Tsareena||FocusSash|QueenlyMajesty|PowerWhip,TeeterDance,Acrobatics,TripleAxel|Jolly||F|||50|]Mr. Rime||NeverMeltIce|TangledFeet|Blizzard,Protect,FreezeDry,NastyPlot|Modest||M|||50|]Ninetales-Alola||LightClay|SnowWarning|AuroraVeil,Snowscape,Moonblast,Blizzard|Timid||F|||50|
|
|t:|1786144987
|teamsize|p1|4
|teamsize|p2|4
|start
|switch|p1a: Floette|Floette-Eternal, L50, F|100/100
|switch|p1b: Talonflame|Talonflame, L50, M|100/100
|switch|p2a: Tsareena|Tsareena, L50, F, shiny|100/100
|switch|p2b: Mr. Rime|Mr. Rime, L50, M|100/100
|turn|1
|inactive|Battle timer is ON: inactive players will automatically lose when time's up. (requested by Meowraure)
|
|t:|1786145012
|move|p1b: Talonflame|Tailwind|p1b: Talonflame
|-sidestart|p1: Meowraure|move: Tailwind
|move|p1a: Floette|Pollen Puff|p2b: Mr. Rime
|-supereffective|p2b: Mr. Rime|1
|-damage|p2b: Mr. Rime|35/100
|move|p2a: Tsareena|Teeter Dance|p1b: Talonflame|[spread] p2b,p1a,p1b
|-start|p2b: Mr. Rime|confusion
|-start|p1a: Floette|confusion
|-start|p1b: Talonflame|confusion
|-activate|p2b: Mr. Rime|confusion
|-damage|p2b: Mr. Rime|23/100|[from] confusion
|
|upkeep
|turn|2
|
|t:|1786145036
|switch|p1b: Aegislash|Aegislash, L50, M|100/100
|switch|p2a: Ninetales|Ninetales-Alola, L50, F|100/100
|-weather|Snowscape|[from] ability: Snow Warning|[of] p2a: Ninetales
|-activate|p1a: Floette|confusion
|move|p1a: Floette|Pollen Puff|p2b: Mr. Rime|[miss]
|-miss|p1a: Floette|p2b: Mr. Rime
|-activate|p2b: Mr. Rime|confusion
|move|p2b: Mr. Rime|Blizzard|p1b: Aegislash|[spread] p1a,p1b
|-resisted|p1b: Aegislash|1
|-damage|p1a: Floette|51/100
|-damage|p1b: Aegislash|78/100
|
|-weather|Snowscape|[upkeep]
|upkeep
|turn|3
|inactive|Meowraure has 30 seconds left.
|inactive|urfate has 30 seconds left.
|inactive|Meowraure has 20 seconds left.
|
|t:|1786145076
|-end|p1a: Floette|confusion
|move|p1a: Floette|Pollen Puff|p2b: Mr. Rime|[miss]
|-miss|p1a: Floette|p2b: Mr. Rime
|move|p2a: Ninetales|Blizzard|p1b: Aegislash|[spread] p1a,p1b
|-resisted|p1b: Aegislash|1
|-damage|p1a: Floette|19/100
|-damage|p1b: Aegislash|66/100
|-formechange|p1b: Aegislash|Aegislash-Blade|
|move|p1b: Aegislash|Gyro Ball|p2a: Ninetales
|-supereffective|p2a: Ninetales|2
|-damage|p2a: Ninetales|24/100
|-activate|p2b: Mr. Rime|confusion
|move|p2b: Mr. Rime|Blizzard|p1b: Aegislash|[spread] p1a,p1b
|-resisted|p1b: Aegislash|1
|-damage|p1a: Floette|0 fnt
|-damage|p1b: Aegislash|19/100
|-enditem|p1b: Aegislash|Sitrus Berry|[eat]
|-heal|p1b: Aegislash|43/100|[from] item: Sitrus Berry
|faint|p1a: Floette
|
|-weather|Snowscape|[upkeep]
|upkeep
|
|t:|1786145098
|switch|p1a: Kangaskhan|Kangaskhan, L50, F|100/100
|turn|4
|
|t:|1786145111
|move|p1a: Kangaskhan|Fake Out|p2b: Mr. Rime|[miss]
|-miss|p1a: Kangaskhan|p2b: Mr. Rime
|move|p1b: Aegislash|Wide Guard|p1b: Aegislash
|-singleturn|p1b: Aegislash|Wide Guard
|move|p2a: Ninetales|Blizzard|p1a: Kangaskhan|[spread] 
|-activate|p1a: Kangaskhan|move: Wide Guard
|-activate|p1b: Aegislash|move: Wide Guard
|-end|p2b: Mr. Rime|confusion
|move|p2b: Mr. Rime|Nasty Plot|p2b: Mr. Rime
|-boost|p2b: Mr. Rime|spa|2
|
|-weather|Snowscape|[upkeep]
|-sideend|p1: Meowraure|move: Tailwind
|upkeep
|turn|5
|
|t:|1786145128
|move|p2b: Mr. Rime|Protect|p2b: Mr. Rime
|-singleturn|p2b: Mr. Rime|Protect
|move|p2a: Ninetales|Aurora Veil|p2a: Ninetales
|-sidestart|p2: urfate|move: Aurora Veil
|move|p1a: Kangaskhan|Last Resort|p2b: Mr. Rime
|-activate|p2b: Mr. Rime|move: Protect
|move|p1b: Aegislash|Gyro Ball|p2a: Ninetales
|-supereffective|p2a: Ninetales|2
|-damage|p2a: Ninetales|0 fnt
|faint|p2a: Ninetales
|
|-weather|Snowscape|[upkeep]
|upkeep
|
|t:|1786145138
|switch|p2a: Tsareena|Tsareena, L50, F, shiny|100/100
|turn|6
|
|t:|1786145155
|move|p2a: Tsareena|Teeter Dance|p1b: Aegislash|[spread] p2b,p1a,p1b
|-start|p2b: Mr. Rime|confusion
|-start|p1a: Kangaskhan|confusion
|-start|p1b: Aegislash|confusion
|-activate|p2b: Mr. Rime|confusion
|move|p2b: Mr. Rime|Blizzard|p1b: Aegislash|[spread] p1a,p1b
|-resisted|p1b: Aegislash|1
|-damage|p1a: Kangaskhan|0 fnt
|-damage|p1b: Aegislash|0 fnt
|faint|p1a: Kangaskhan
|faint|p1b: Aegislash
|
|-weather|none
|upkeep
|c|☆urfate|lool
|
|t:|1786145168
|switch|p1b: Talonflame|Talonflame, L50, M|100/100
|turn|7
|
|t:|1786145179
|-activate|p2b: Mr. Rime|confusion
|-damage|p2b: Mr. Rime|11/100|[from] confusion
|move|p1b: Talonflame|Flare Blitz|p2a: Tsareena
|-supereffective|p2a: Tsareena|1
|-damage|p2a: Tsareena|26/100
|-status|p2a: Tsareena|brn
|-damage|p1b: Talonflame|76/100|[from] Recoil
|move|p2a: Tsareena|Teeter Dance|p1b: Talonflame|[spread] p2b,p1b
|-start|p1b: Talonflame|confusion
|
|-damage|p2a: Tsareena|20/100y brn|[from] brn
|upkeep
|turn|8
|
|t:|1786145201
|-activate|p1b: Talonflame|confusion
|move|p1b: Talonflame|Protect|p1b: Talonflame
|-singleturn|p1b: Talonflame|Protect
|move|p2a: Tsareena|Acrobatics|p1b: Talonflame
|-activate|p1b: Talonflame|move: Protect
|-activate|p2b: Mr. Rime|confusion
|-damage|p2b: Mr. Rime|1/100|[from] confusion
|
|-damage|p2a: Tsareena|14/100 brn|[from] brn
|upkeep
|turn|9
|
|t:|1786145215
|-activate|p1b: Talonflame|confusion
|move|p1b: Talonflame|Flare Blitz|p2b: Mr. Rime|[miss]
|-miss|p1b: Talonflame|p2b: Mr. Rime
|move|p2a: Tsareena|Acrobatics|p1b: Talonflame
|-damage|p1b: Talonflame|63/100
|-end|p2b: Mr. Rime|confusion
|move|p2b: Mr. Rime|Freeze-Dry|p1b: Talonflame
|-damage|p1b: Talonflame|0 fnt
|faint|p1b: Talonflame
|
|win|urfate
