|j|☆JeanChasuble
|j|☆DOCTORCHUNK
|html|JeanChasubleDOCTORCHUNK    
|uhtml|bestof|Game 2 of a best-of-3
|t:|1757707435
|gametype|doubles
|player|p1|JeanChasuble|cheren-gen5bw2|1232
|player|p2|DOCTORCHUNK|2|1142
|gen|9
|tier|[Gen 9] VGC 2025 Reg H (Bo3)
|rated|
|rule|Species Clause: Limit one of each Pokémon
|rule|Item Clause: Limit 1 of each item
|clearpoke
|poke|p1|Porygon2, L50|
|poke|p1|Ursaluna, L50, F|
|poke|p1|Incineroar, L50, F|
|poke|p1|Sneasler, L50, F|
|poke|p1|Hydreigon, L50, M|
|poke|p1|Amoonguss, L50, M|
|poke|p2|Archaludon, L50, F|
|poke|p2|Incineroar, L50, F|
|poke|p2|Pelipper, L50, M|
|poke|p2|Basculegion, L50, M|
|poke|p2|Rillaboom, L50, F|
|poke|p2|Slowbro-Galar, L50, M|
|teampreview|4
|showteam|p1|Porygon2||Eviolite|Download|TeraBlast,IceBeam,TrickRoom,Recover||||||50|,,,,,Flying]Ursaluna||FlameOrb|Guts|Facade,Substitute,HeadlongRush,Protect|||F|||50|,,,,,Ghost]Incineroar||RockyHelmet|Intimidate|FlareBlitz,FakeOut,KnockOff,PartingShot|||F|||50|,,,,,Grass]Sneasler||FocusSash|Unburden|CloseCombat,DireClaw,FakeOut,Protect|||F|||50|,,,,,Stellar]Hydreigon||SafetyGoggles|Levitate|DracoMeteor,Snarl,Protect,Tailwind|||M|||50|,,,,,Ghost]Amoonguss||SitrusBerry|Regenerator|SludgeBomb,Spore,RagePowder,Protect|||M|||50|,,,,,Water
|showteam|p2|Archaludon||AssaultVest|Stamina|ElectroShot,FlashCannon,Snarl,BodyPress|||F|||50|,,,,,Bug]Incineroar||SafetyGoggles|Intimidate|FakeOut,KnockOff,PartingShot,FlareBlitz|||F|||50|,,,,,Ghost]Pelipper||FocusSash|Drizzle|Hurricane,WeatherBall,Tailwind,WideGuard|||M|||50|,,,,,Ghost]Basculegion||ChoiceBand|SwiftSwim|WaveCrash,LastRespects,FlipTurn,AquaJet|||M|||50|,,,,,Water]Rillaboom||LoadedDice|GrassySurge|FakeOut,BulletSeed,GrassyGlide,Uturn|||F|||50|,,,,,Fire]Slowbro-Galar||GrassySeed|QuickDraw|ShellSideArm,ExpandingForce,CalmMind,Haze|||M|||50|,,,,,Dark
|
|t:|1757707462
|teamsize|p1|4
|teamsize|p2|4
|start
|switch|p1a: Incineroar|Incineroar, L50, F|100/100
|switch|p1b: Porygon2|Porygon2, L50|100/100
|switch|p2a: Rillaboom|Rillaboom, L50, F|100/100
|switch|p2b: Slowbro|Slowbro-Galar, L50, M|100/100
|-fieldstart|move: Grassy Terrain|[from] ability: Grassy Surge|[of] p2a: Rillaboom
|-enditem|p2b: Slowbro|Grassy Seed
|-boost|p2b: Slowbro|def|1|[from] item: Grassy Seed
|-ability|p1a: Incineroar|Intimidate|boost
|-unboost|p2a: Rillaboom|atk|1
|-unboost|p2b: Slowbro|atk|1
|-ability|p1b: Porygon2|Download|boost
|-boost|p1b: Porygon2|spa|1
|turn|1
|
|t:|1757707504
|move|p2a: Rillaboom|Fake Out|p1b: Porygon2
|-damage|p1b: Porygon2|94/100
|move|p1a: Incineroar|Knock Off|p2b: Slowbro
|-supereffective|p2b: Slowbro
|-damage|p2b: Slowbro|72/100
|move|p2b: Slowbro|Calm Mind|p2b: Slowbro
|-boost|p2b: Slowbro|spa|1
|-boost|p2b: Slowbro|spd|1
|cant|p1b: Porygon2|flinch
|
|-heal|p1b: Porygon2|100/100|[from] Grassy Terrain
|-heal|p2b: Slowbro|78/100|[from] Grassy Terrain
|upkeep
|turn|2
|
|t:|1757707540
|move|p2a: Rillaboom|U-turn|p1b: Porygon2
|-damage|p1b: Porygon2|90/100
|inactive|Battle timer is ON: inactive players will automatically lose when time's up. (requested by JeanChasuble)
|
|t:|1757707545
|switch|p2a: Incineroar|Incineroar, L50, F|100/100|[from] U-turn
|-ability|p2a: Incineroar|Intimidate|boost
|-unboost|p1a: Incineroar|atk|1
|-unboost|p1b: Porygon2|atk|1
|move|p1a: Incineroar|Parting Shot|p2b: Slowbro
|-unboost|p2b: Slowbro|atk|1
|-unboost|p2b: Slowbro|spa|1
|
|t:|1757707553
|switch|p1a: Ursaluna|Ursaluna, L50, F|100/100|[from] Parting Shot
|move|p2b: Slowbro|Calm Mind|p2b: Slowbro
|-boost|p2b: Slowbro|spa|1
|-boost|p2b: Slowbro|spd|1
|move|p1b: Porygon2|Trick Room|p1b: Porygon2
|-fieldstart|move: Trick Room|[of] p1b: Porygon2
|
|-heal|p2b: Slowbro|84/100|[from] Grassy Terrain
|-heal|p1b: Porygon2|96/100|[from] Grassy Terrain
|-status|p1a: Ursaluna|brn|[from] item: Flame Orb
|upkeep
|turn|3
|inactive|JeanChasuble has 30 seconds left.
|inactive|DOCTORCHUNK has 30 seconds left.
|
|t:|1757707582
|switch|p2a: Rillaboom|Rillaboom, L50, F|100/100
|-terastallize|p1a: Ursaluna|Ghost
|move|p2b: Slowbro|Expanding Force|p1a: Ursaluna
|-damage|p1a: Ursaluna|56/100 brn
|move|p1b: Porygon2|Tera Blast|p2b: Slowbro
|-damage|p2b: Slowbro|58/100
|move|p1a: Ursaluna|Headlong Rush|p2b: Slowbro
|-supereffective|p2b: Slowbro
|-damage|p2b: Slowbro|0 fnt
|-unboost|p1a: Ursaluna|def|1
|-unboost|p1a: Ursaluna|spd|1
|faint|p2b: Slowbro
|
|-heal|p1b: Porygon2|100/100|[from] Grassy Terrain
|-heal|p1a: Ursaluna|62/100 brn|[from] Grassy Terrain
|-damage|p1a: Ursaluna|56/100 brn|[from] brn
|upkeep
|inactive|DOCTORCHUNK has 30 seconds left.
|inactive|DOCTORCHUNK has 20 seconds left.
|inactive|DOCTORCHUNK has 15 seconds left.
|inactive|DOCTORCHUNK has 10 seconds left.
|inactive|DOCTORCHUNK has 5 seconds left.
|
|t:|1757707637
|switch|p2b: Incineroar|Incineroar, L50, F|100/100
|-ability|p2b: Incineroar|Intimidate|boost
|-unboost|p1a: Ursaluna|atk|1
|-unboost|p1b: Porygon2|atk|1
|turn|4
|
|t:|1757707659
|switch|p1a: Incineroar|Incineroar, L50, F|100/100
|-ability|p1a: Incineroar|Intimidate|boost
|-unboost|p2a: Rillaboom|atk|1
|-unboost|p2b: Incineroar|atk|1
|switch|p2b: Pelipper|Pelipper, L50, M|100/100
|-weather|RainDance|[from] ability: Drizzle|[of] p2b: Pelipper
|-terastallize|p2a: Rillaboom|Fire
|move|p2a: Rillaboom|Grassy Glide|p1a: Incineroar
|-resisted|p1a: Incineroar
|-damage|p1a: Incineroar|92/100
|-damage|p2a: Rillaboom|84/100|[from] item: Rocky Helmet|[of] p1a: Incineroar
|move|p1b: Porygon2|Ice Beam|p2a: Rillaboom
|-resisted|p2a: Rillaboom
|-damage|p2a: Rillaboom|58/100
|-status|p2a: Rillaboom|frz
|
|-weather|RainDance|[upkeep]
|-heal|p1a: Incineroar|98/100|[from] Grassy Terrain
|-heal|p2a: Rillaboom|64/100 frz|[from] Grassy Terrain
|upkeep
|turn|5
|inactive|JeanChasuble has 30 seconds left.
|
|t:|1757707686
|switch|p2b: Incineroar|Incineroar, L50, F|100/100
|-ability|p2b: Incineroar|Intimidate|boost
|-unboost|p1a: Incineroar|atk|1
|-unboost|p1b: Porygon2|atk|1
|move|p1a: Incineroar|Fake Out|p2b: Incineroar
|-damage|p2b: Incineroar|94/100
|move|p1b: Porygon2|Tera Blast|p2a: Rillaboom
|-damage|p2a: Rillaboom|0 fnt
|faint|p2a: Rillaboom
|
|-weather|RainDance|[upkeep]
|-heal|p1a: Incineroar|100/100|[from] Grassy Terrain
|-heal|p2b: Incineroar|99/100|[from] Grassy Terrain
|-fieldend|move: Grassy Terrain
|upkeep
|-message|DOCTORCHUNK forfeited.
|
|win|JeanChasuble
|raw|JeanChasuble's rating: 1232 → 1251(+19 for winning)
|raw|DOCTORCHUNK's rating: 1142 → 1123(-19 for losing)
|l|☆DOCTORCHUNK
|player|p2|
|l|☆JeanChasuble
|player|p1|
