|j|☆gene takavic
|j|☆irluke
|html|gene takavicirluke    
|uhtml|bestof|Game 1 of a best-of-3
|t:|1756590367
|gametype|doubles
|player|p1|gene takavic|pryce|1167
|player|p2|irluke|n|1190
|gen|9
|tier|[Gen 9] VGC 2025 Reg H (Bo3)
|rated|
|rule|Species Clause: Limit one of each Pokémon
|rule|Item Clause: Limit 1 of each item
|clearpoke
|poke|p1|Charizard, L50, F|
|poke|p1|Torkoal, L50, F|
|poke|p1|Porygon2, L50|
|poke|p1|Incineroar, L50, M|
|poke|p1|Jumpluff, L50, M|
|poke|p1|Ursaluna, L50, M|
|poke|p2|Amoonguss, L50, F|
|poke|p2|Incineroar, L50, M|
|poke|p2|Hydreigon, L50, F|
|poke|p2|Gholdengo, L50|
|poke|p2|Ursaluna, L50, F|
|poke|p2|Porygon2, L50|
|teampreview|4
|showteam|p1|Charizard||ChoiceSpecs|SolarPower|HeatWave,Overheat,WeatherBall,AirSlash|||F|||50|,,,,,Ghost]Torkoal||EjectPack|Drought|Eruption,Overheat,HelpingHand,Protect|||F|||50|,,,,,Fire]Porygon2||Eviolite|Download|TeraBlast,IceBeam,Recover,TrickRoom||||||50|,,,,,Fighting]Incineroar||SitrusBerry|Intimidate|FlareBlitz,KnockOff,FakeOut,PartingShot|||M|||50|,,,,,Ghost]Jumpluff||CovertCloak|Chlorophyll|SleepPowder,SunnyDay,RagePowder,Tailwind|||M|||50|,,,,,Water]Ursaluna||FlameOrb|Guts|HeadlongRush,Facade,Earthquake,Protect|||M|||50|,,,,,Ghost
|showteam|p2|Amoonguss||RockyHelmet|Regenerator|PollenPuff,Spore,RagePowder,Protect|||F|||50|,,,,,Fairy]Incineroar||AssaultVest|Intimidate|FakeOut,KnockOff,FlareBlitz,Uturn|||M|||50|,,,,,Ghost]Hydreigon||SafetyGoggles|Levitate|DracoMeteor,Snarl,Tailwind,Protect|||F|||50|,,,,,Ghost]Gholdengo||MetalCoat|GoodasGold|MakeItRain,ShadowBall,NastyPlot,Protect||||||50|,,,,,Water]Ursaluna||FlameOrb|Guts|Facade,HeadlongRush,Earthquake,Protect|||F|||50|,,,,,Ghost]Porygon2||Eviolite|Download|TeraBlast,IceBeam,Recover,TrickRoom||||||50|,,,,,Fighting
|inactive|Battle timer is ON: inactive players will automatically lose when time's up. (requested by gene takavic)
|inactive|gene takavic has 60 seconds left.
|inactive|irluke has 60 seconds left.
|inactive|gene takavic has 30 seconds left.
|inactive|gene takavic has 20 seconds left.
|inactive|gene takavic has 15 seconds left.
|inactive|gene takavic has 10 seconds left.
|
|t:|1756590449
|teamsize|p1|4
|teamsize|p2|4
|start
|switch|p1a: Charizard|Charizard, L50, F|100/100
|switch|p1b: Porygon2|Porygon2, L50|100/100
|switch|p2a: Hydreigon|Hydreigon, L50, F|100/100
|switch|p2b: Porygon2|Porygon2, L50|100/100
|-ability|p2b: Porygon2|Download|boost
|-boost|p2b: Porygon2|atk|1
|-ability|p1b: Porygon2|Download|boost
|-boost|p1b: Porygon2|atk|1
|turn|1
|
|t:|1756590467
|switch|p1b: Torkoal|Torkoal, L50, F|100/100
|-weather|SunnyDay|[from] ability: Drought|[of] p1b: Torkoal
|move|p1a: Charizard|Heat Wave|p2a: Hydreigon|[spread] p2a,p2b
|-resisted|p2a: Hydreigon
|-damage|p2a: Hydreigon|39/100
|-damage|p2b: Porygon2|38/100
|move|p2a: Hydreigon|Tailwind|p2a: Hydreigon
|-sidestart|p2: irluke|move: Tailwind
|move|p2b: Porygon2|Tera Blast|p1a: Charizard
|-damage|p1a: Charizard|55/100
|
|-weather|SunnyDay|[upkeep]
|-damage|p1a: Charizard|43/100|[from] ability: Solar Power|[of] p1a: Charizard
|upkeep
|turn|2
|inactive|gene takavic has 30 seconds left.
|inactive|irluke has 30 seconds left.
|
|t:|1756590498
|move|p2a: Hydreigon|Snarl|p1b: Torkoal|[spread] p1a
|-miss|p2a: Hydreigon|p1b: Torkoal
|-damage|p1a: Charizard|17/100
|-unboost|p1a: Charizard|spa|1
|move|p1a: Charizard|Heat Wave|p2a: Hydreigon|[spread] p2b
|-miss|p1a: Charizard|p2a: Hydreigon
|-damage|p2b: Porygon2|0 fnt
|faint|p2b: Porygon2
|move|p1b: Torkoal|Overheat|p2a: Hydreigon
|-resisted|p2a: Hydreigon
|-damage|p2a: Hydreigon|0 fnt
|-unboost|p1b: Torkoal|spa|2
|faint|p2a: Hydreigon
|-enditem|p1b: Torkoal|Eject Pack
|
|t:|1756590502
|switch|p1b: Porygon2|Porygon2, L50|100/100
|
|-weather|SunnyDay|[upkeep]
|-damage|p1a: Charizard|4/100|[from] ability: Solar Power|[of] p1a: Charizard
|upkeep
|
|t:|1756590506
|switch|p2a: Incineroar|Incineroar, L50, M, shiny|100/100
|switch|p2b: Ursaluna|Ursaluna, L50, F|100/100
|-ability|p2a: Incineroar|Intimidate|boost
|-unboost|p1a: Charizard|atk|1
|-unboost|p1b: Porygon2|atk|1
|turn|3
|
|t:|1756590522
|move|p2b: Ursaluna|Protect|p2b: Ursaluna
|-singleturn|p2b: Ursaluna|Protect
|move|p2a: Incineroar|Knock Off|p1a: Charizard
|-damage|p1a: Charizard|0 fnt
|-enditem|p1a: Charizard|Choice Specs|[from] move: Knock Off|[of] p2a: Incineroar
|faint|p1a: Charizard
|move|p1b: Porygon2|Trick Room|p1b: Porygon2
|-fieldstart|move: Trick Room|[of] p1b: Porygon2
|
|-weather|SunnyDay|[upkeep]
|-status|p2b: Ursaluna|brn|[from] item: Flame Orb
|upkeep
|
|t:|1756590528
|switch|p1a: Torkoal|Torkoal, L50, F|100/100
|turn|4
|inactive|irluke has 30 seconds left.
|
|t:|1756590556
|move|p1a: Torkoal|Eruption|p2a: Incineroar|[spread] p2a,p2b
|-resisted|p2a: Incineroar
|-crit|p2b: Ursaluna
|-damage|p2a: Incineroar|78/100
|-damage|p2b: Ursaluna|13/100 brn
|move|p1b: Porygon2|Ice Beam|p2b: Ursaluna
|-supereffective|p2b: Ursaluna
|-damage|p2b: Ursaluna|0 fnt
|faint|p2b: Ursaluna
|move|p2a: Incineroar|Knock Off|p1b: Porygon2
|-damage|p1b: Porygon2|74/100
|-enditem|p1b: Porygon2|Eviolite|[from] move: Knock Off|[of] p2a: Incineroar
|
|-weather|SunnyDay|[upkeep]
|-sideend|p2: irluke|move: Tailwind
|upkeep
|turn|5
|-message|irluke forfeited.
|
|win|gene takavic
||irluke is ready for game 2.
