|j|☆solgaleonard
|j|☆Treelasagna
|html|solgaleonardTreelasagna    
|uhtml|bestof|Game 1 of a best-of-3
|t:|1783729958
|gametype|doubles
|player|p1|solgaleonard|swimmerf-gen4dp|1038
|player|p2|Treelasagna|102|1045
|gen|9
|tier|[Gen 9 Champions] VGC 2026 Reg M-B (Bo3)
|rated|
|rule|Species Clause: Limit one of each Pokémon
|rule|Item Clause: Limit 1 of each item
|clearpoke
|poke|p1|Staraptor, L50, M|
|poke|p1|Whimsicott, L50, M|
|poke|p1|Garchomp, L50, M|
|poke|p1|Typhlosion-Hisui, L50, M|
|poke|p1|Grimmsnarl, L50, M|
|poke|p1|Metagross, L50, shiny|
|poke|p2|Kingambit, L50, F|
|poke|p2|Charizard, L50, M|
|poke|p2|Aerodactyl, L50, F|
|poke|p2|Garchomp, L50, M|
|poke|p2|Farigiraf, L50, F|
|poke|p2|Sylveon, L50, M|
|teampreview|4
|showteam|p1|Staraptor||Staraptite|Intimidate|CloseCombat,BraveBird,Roost,Protect|Adamant||M|||50|]Whimsicott||FocusSash|Prankster|Moonblast,Protect,Tailwind,WorrySeed|Timid||M|||50|]Garchomp||LifeOrb|RoughSkin|RockSlide,DragonClaw,StompingTantrum,Protect|Jolly||M|||50|]Typhlosion-Hisui||ChoiceScarf|Blaze|Eruption,HeatWave,ShadowBall,BlastBurn|Modest||M|||50|]Grimmsnarl||LightClay|Prankster|LightScreen,Reflect,PartingShot,FakeOut|Impish||M|||50|]Metagross||Metagrossite|ClearBody|MeteorMash,PsychicFangs,Protect,ThunderPunch|Adamant|||||50|
|showteam|p2|Kingambit||FocusSash|Defiant|KowtowCleave,IronHead,SuckerPunch,LowKick|Adamant||F|||50|]Charizard||CharizarditeY|SolarPower|HeatWave,WeatherBall,SolarBeam,Protect|Timid||M|||50|]Aerodactyl||Aerodactylite|Unnerve|RockSlide,IceFang,DualWingbeat,Tailwind|Jolly||F|||50|]Garchomp||LifeOrb|RoughSkin|StompingTantrum,RockSlide,DragonClaw,Protect|Jolly||M|||50|]Farigiraf||SitrusBerry|ArmorTail|Psychic,Thunderbolt,HelpingHand,Protect|Modest||F|||50|]Sylveon||FairyFeather|Pixilate|HyperBeam,QuickAttack,HyperVoice,Protect|Modest||M|||50|
|inactive|Battle timer is ON: inactive players will automatically lose when time's up. (requested by Treelasagna)
|inactive|solgaleonard has 60 seconds left.
|inactive|solgaleonard has 30 seconds left.
|inactive|solgaleonard has 20 seconds left.
|
|t:|1783730064
|teamsize|p1|4
|teamsize|p2|4
|start
|switch|p1a: Staraptor|Staraptor, L50, M|100/100
|switch|p1b: Whimsicott|Whimsicott, L50, M|100/100
|switch|p2a: Kingambit|Kingambit, L50, F|100/100
|switch|p2b: Aerodactyl|Aerodactyl, L50, F|100/100
|-ability|p2b: Aerodactyl|Unnerve
|-ability|p1a: Staraptor|Intimidate|boost
|-unboost|p2a: Kingambit|atk|1
|-ability|p2a: Kingambit|Defiant|boost
|-boost|p2a: Kingambit|atk|2
|-unboost|p2b: Aerodactyl|atk|1
|turn|1
|inactive|solgaleonard has 30 seconds left.
|
|t:|1783730094
|detailschange|p1a: Staraptor|Staraptor-Mega, L50, M
|-mega|p1a: Staraptor|Staraptor|Staraptite
|move|p1b: Whimsicott|Tailwind|p1b: Whimsicott
|-sidestart|p1: solgaleonard|move: Tailwind
|move|p1a: Staraptor|Close Combat|p2b: Aerodactyl
|-damage|p2b: Aerodactyl|0 fnt
|-boost|p1a: Staraptor|def|1
|-boost|p1a: Staraptor|spd|1
|faint|p2b: Aerodactyl
|move|p2a: Kingambit|Kowtow Cleave|p1a: Staraptor
|-resisted|p1a: Staraptor|1
|-damage|p1a: Staraptor|70/100
|
|upkeep
|
|t:|1783730105
|switch|p2b: Sylveon|Sylveon, L50, M|100/100
|turn|2
|
|t:|1783730127
|move|p1b: Whimsicott|Worry Seed|p2b: Sylveon
|-ability|p2b: Sylveon|Insomnia|Pixilate|[from] move: Worry Seed
|move|p1a: Staraptor|Close Combat|p2a: Kingambit
|-supereffective|p2a: Kingambit|2
|-enditem|p2a: Kingambit|Focus Sash
|-damage|p2a: Kingambit|1/100
|-boost|p1a: Staraptor|def|1
|-boost|p1a: Staraptor|spd|1
|move|p2b: Sylveon|Hyper Voice|p1b: Whimsicott|[spread] p1a,p1b
|-damage|p1a: Staraptor|59/100
|-damage|p1b: Whimsicott|67/100
|move|p2a: Kingambit|Iron Head|p1b: Whimsicott
|-supereffective|p1b: Whimsicott|1
|-damage|p1b: Whimsicott|0 fnt
|faint|p1b: Whimsicott
|
|upkeep
|
|t:|1783730148
|switch|p1b: Garchomp|Garchomp, L50, M|100/100
|turn|3
|
|t:|1783730157
|move|p2b: Sylveon|Protect|p2b: Sylveon
|-singleturn|p2b: Sylveon|Protect
|move|p2a: Kingambit|Sucker Punch|p1a: Staraptor
|-resisted|p1a: Staraptor|1
|-damage|p1a: Staraptor|41/100
|move|p1b: Garchomp|Rock Slide|p2a: Kingambit|[spread] p2a
|-activate|p2b: Sylveon|move: Protect
|-resisted|p2a: Kingambit|1
|-damage|p2a: Kingambit|0 fnt
|faint|p2a: Kingambit
|-damage|p1b: Garchomp|90/100|[from] item: Life Orb
|move|p1a: Staraptor|Brave Bird|p2b: Sylveon
|-activate|p2b: Sylveon|move: Protect
|
|upkeep
|
|t:|1783730162
|switch|p2a: Garchomp|Garchomp, L50, M|100/100
|turn|4
|inactive|solgaleonard has 30 seconds left.
|
|t:|1783730190
|move|p2a: Garchomp|Protect|p2a: Garchomp
|-singleturn|p2a: Garchomp|Protect
|move|p1b: Garchomp|Dragon Claw|p2a: Garchomp
|-activate|p2a: Garchomp|move: Protect
|move|p1a: Staraptor|Roost|p1a: Staraptor
|-heal|p1a: Staraptor|91/100
|-singleturn|p1a: Staraptor|move: Roost
|move|p2b: Sylveon|Hyper Beam|p1a: Staraptor
|-damage|p1a: Staraptor|62/100
|-mustrecharge|p2b: Sylveon
|
|-sideend|p1: solgaleonard|move: Tailwind
|upkeep
|turn|5
|inactive|solgaleonard has 30 seconds left.
|inactive|solgaleonard has 20 seconds left.
|inactive|solgaleonard has 15 seconds left.
|inactive|solgaleonard has 10 seconds left.
|inactive|solgaleonard has 5 seconds left.
|
|t:|1783730244
|move|p1b: Garchomp|Protect|p1b: Garchomp
|-singleturn|p1b: Garchomp|Protect
|move|p1a: Staraptor|Protect|p1a: Staraptor
|-singleturn|p1a: Staraptor|Protect
|move|p2a: Garchomp|Dragon Claw|p1b: Garchomp
|-activate|p1b: Garchomp|move: Protect
|cant|p2b: Sylveon|recharge
|
|upkeep
|turn|6
|
|t:|1783730268
|move|p1b: Garchomp|Dragon Claw|p2a: Garchomp
|-supereffective|p2a: Garchomp|1
|-damage|p2a: Garchomp|0 fnt
|-damage|p1b: Garchomp|77/100|[from] ability: Rough Skin|[of] p2a: Garchomp
|faint|p2a: Garchomp
|-damage|p1b: Garchomp|68/100|[from] item: Life Orb
|move|p1a: Staraptor|Close Combat|p2b: Sylveon
|-resisted|p2b: Sylveon|1
|-damage|p2b: Sylveon|60/100
|-boost|p1a: Staraptor|def|1
|-boost|p1a: Staraptor|spd|1
|move|p2b: Sylveon|Hyper Beam|p1a: Staraptor
|-damage|p1a: Staraptor|40/100
|-mustrecharge|p2b: Sylveon
|
|upkeep
|turn|7
|
|t:|1783730291
|move|p1b: Garchomp|Stomping Tantrum|p2b: Sylveon
|-damage|p2b: Sylveon|0 fnt
|faint|p2b: Sylveon
|-damage|p1b: Garchomp|58/100|[from] item: Life Orb
|
|win|solgaleonard
||Treelasagna is ready for game 2.
|inactive|solgaleonard has 30 seconds to confirm battle start!
|inactive|solgaleonard has 20 seconds to confirm battle start!
|inactive|solgaleonard has 10 seconds to confirm battle start!
||solgaleonard is ready for game 2.
|uhtml|next|Next: Game 2 of 3
|l|☆solgaleonard
|player|p1|
