|j|☆elitetweet
|j|☆standardamerican
|html|elitetweetstandardamerican    
|uhtml|bestof|Game 3 of a best-of-3
|t:|1784817097
|gametype|doubles
|player|p1|elitetweet|korrina|1064
|player|p2|standardamerican|169|1218
|gen|9
|tier|[Gen 9 Champions] VGC 2026 Reg M-B (Bo3)
|rated|
|rule|Species Clause: Limit one of each Pokémon
|rule|Item Clause: Limit 1 of each item
|clearpoke
|poke|p1|Aerodactyl, L50, M|
|poke|p1|Rotom-Wash, L50, shiny|
|poke|p1|Garchomp, L50, F|
|poke|p1|Sneasler, L50, M|
|poke|p1|Incineroar, L50, M|
|poke|p1|Floette-Eternal, L50, F|
|poke|p2|Sinistcha, L50|
|poke|p2|Incineroar, L50, F|
|poke|p2|Milotic, L50, M|
|poke|p2|Raichu, L50, M|
|poke|p2|Gardevoir, L50, M|
|poke|p2|Ceruledge, L50, F|
|teampreview|4
|showteam|p1|Aerodactyl||FocusSash|Unnerve|RockSlide,DualWingbeat,Taunt,Tailwind|Jolly||M|||50|]Rotom-Wash||ChoiceScarf|Levitate|HydroPump,Electroweb,WillOWisp,Thunderbolt|Timid|||||50|]Garchomp||LifeOrb|RoughSkin|StompingTantrum,DragonClaw,RockSlide,Protect|Jolly||F|||50|]Sneasler||WhiteHerb|Unburden|FakeOut,DireClaw,CloseCombat,Coaching|Adamant||M|||50|]Incineroar||SitrusBerry|Intimidate|FakeOut,FlareBlitz,DarkestLariat,PartingShot|Adamant||M|||50|]Floette-Eternal||Floettite|FlowerVeil|DazzlingGleam,CalmMind,DrainingKiss,Protect|Modest||F|||50|
|showteam|p2|Sinistcha||KasibBerry|Hospitality|MatchaGotcha,Imprison,RagePowder,Protect|Bold|||||50|]Incineroar||SitrusBerry|Intimidate|FlareBlitz,DarkestLariat,FakeOut,PartingShot|Careful||F|||50|]Milotic||Leftovers|Competitive|MuddyWater,Coil,Hypnosis,Protect|Calm||M|||50|]Raichu||RaichuniteY|LightningRod|ZapCannon,FocusBlast,FakeOut,Protect|Timid||M|||50|]Gardevoir||Gardevoirite|Trace|HyperVoice,Psyshock,TrickRoom,Protect|Modest||M|||50|]Ceruledge||ColburBerry|FlashFire|BitterBlade,ShadowSneak,BulkUp,Protect|Adamant||F|||50|
|inactive|Battle timer is ON: inactive players will automatically lose when time's up. (requested by elitetweet)
|inactive|standardamerican has 60 seconds left.
|
|t:|1784817130
|teamsize|p1|4
|teamsize|p2|4
|start
|switch|p1a: John Cenaroar|Incineroar, L50, M|100/100
|switch|p1b: gesundheit|Sneasler, L50, M|100/100
|switch|p2a: Gardevoir|Gardevoir, L50, M|100/100
|switch|p2b: Incineroar|Incineroar, L50, F|100/100
|-ability|p2a: Gardevoir|Unburden|Trace|[from] ability: Trace|[of] p1b: gesundheit
|-ability|p1a: John Cenaroar|Intimidate|boost
|-unboost|p2a: Gardevoir|atk|1
|-unboost|p2b: Incineroar|atk|1
|-ability|p2b: Incineroar|Intimidate|boost
|-unboost|p1a: John Cenaroar|atk|1
|-unboost|p1b: gesundheit|atk|1
|-enditem|p1b: gesundheit|White Herb
|-clearnegativeboost|p1b: gesundheit|[silent]
|turn|1
|inactive|standardamerican has 30 seconds left.
|
|t:|1784817157
|detailschange|p2a: Gardevoir|Gardevoir-Mega, L50, M
|-mega|p2a: Gardevoir|Gardevoir|Gardevoirite
|move|p1a: John Cenaroar|Fake Out|p2b: Incineroar
|-damage|p2b: Incineroar|92/100
|move|p1b: gesundheit|Dire Claw|p2a: Gardevoir
|-supereffective|p2a: Gardevoir|1
|-damage|p2a: Gardevoir|0 fnt
|faint|p2a: Gardevoir
|cant|p2b: Incineroar|flinch
|
|upkeep
|inactive|standardamerican has 30 seconds left.
|
|t:|1784817188
|switch|p2a: Ceruledge|Ceruledge, L50, F|100/100
|turn|2
|
|t:|1784817212
|move|p1b: gesundheit|Coaching|p1a: John Cenaroar
|-boost|p1a: John Cenaroar|atk|1
|-boost|p1a: John Cenaroar|def|1
|move|p2a: Ceruledge|Bulk Up|p2a: Ceruledge
|-boost|p2a: Ceruledge|atk|1
|-boost|p2a: Ceruledge|def|1
|move|p1a: John Cenaroar|Flare Blitz|p2b: Incineroar
|-resisted|p2b: Incineroar|1
|-damage|p2b: Incineroar|70/100
|-damage|p1a: John Cenaroar|92/100|[from] Recoil
|move|p2b: Incineroar|Parting Shot|p1a: John Cenaroar
|-unboost|p1a: John Cenaroar|atk|1
|-unboost|p1a: John Cenaroar|spa|1
|
|t:|1784817224
|switch|p2b: Sinistcha|Sinistcha, L50|100/100|[from] Parting Shot
|
|upkeep
|turn|3
|
|t:|1784817245
|move|p2b: Sinistcha|Rage Powder|p2b: Sinistcha
|-singleturn|p2b: Sinistcha|move: Rage Powder
|move|p1b: gesundheit|Coaching|p1a: John Cenaroar
|-boost|p1a: John Cenaroar|atk|1
|-boost|p1a: John Cenaroar|def|1
|move|p2a: Ceruledge|Bitter Blade|p1b: gesundheit
|-damage|p1b: gesundheit|0 fnt
|faint|p1b: gesundheit
|move|p1a: John Cenaroar|Darkest Lariat|p2b: Sinistcha
|-supereffective|p2b: Sinistcha|1
|-damage|p2b: Sinistcha|32/100
|
|upkeep
|
|t:|1784817257
|switch|p1b: Garchomp|Garchomp, L50, F|100/100
|turn|4
|
|t:|1784817270
|switch|p2b: Incineroar|Incineroar, L50, F|70/100
|-ability|p2b: Incineroar|Intimidate|boost
|-unboost|p1a: John Cenaroar|atk|1
|-unboost|p1b: Garchomp|atk|1
|move|p2a: Ceruledge|Protect|p2a: Ceruledge
|-singleturn|p2a: Ceruledge|Protect
|move|p1b: Garchomp|Dragon Claw|p2b: Incineroar
|-damage|p2b: Incineroar|41/100
|-enditem|p2b: Incineroar|Sitrus Berry|[eat]
|-heal|p2b: Incineroar|66/100|[from] item: Sitrus Berry
|-damage|p1b: Garchomp|90/100|[from] item: Life Orb
|move|p1a: John Cenaroar|Darkest Lariat|p2a: Ceruledge
|-activate|p2a: Ceruledge|move: Protect
|
|upkeep
|turn|5
|
|t:|1784817292
|move|p2b: Incineroar|Fake Out|p1b: Garchomp
|-damage|p1b: Garchomp|80/100
|-damage|p2b: Incineroar|53/100|[from] ability: Rough Skin|[of] p1b: Garchomp
|cant|p1b: Garchomp|flinch
|move|p2a: Ceruledge|Bulk Up|p2a: Ceruledge
|-boost|p2a: Ceruledge|atk|1
|-boost|p2a: Ceruledge|def|1
|move|p1a: John Cenaroar|Darkest Lariat|p2a: Ceruledge
|-supereffective|p2a: Ceruledge|1
|-enditem|p2a: Ceruledge|Colbur Berry|[eat]
|-enditem|p2a: Ceruledge|Colbur Berry|[weaken]
|-damage|p2a: Ceruledge|70/100
|
|upkeep
|turn|6
|
|t:|1784817311
|move|p2a: Ceruledge|Protect|p2a: Ceruledge
|-singleturn|p2a: Ceruledge|Protect
|move|p1b: Garchomp|Rock Slide|p2a: Ceruledge|[spread] p2b
|-activate|p2a: Ceruledge|move: Protect
|-supereffective|p2b: Incineroar|1
|-crit|p2b: Incineroar
|-damage|p2b: Incineroar|0 fnt
|faint|p2b: Incineroar
|-damage|p1b: Garchomp|70/100|[from] item: Life Orb
|move|p1a: John Cenaroar|Darkest Lariat|p2a: Ceruledge
|-activate|p2a: Ceruledge|move: Protect
|
|upkeep
|
|t:|1784817322
|switch|p2b: Sinistcha|Sinistcha, L50|32/100
|-heal|p2a: Ceruledge|95/100|[from] ability: Hospitality|[of] p2b: Sinistcha
|turn|7
|
|t:|1784817340
|move|p2b: Sinistcha|Rage Powder|p2b: Sinistcha
|-singleturn|p2b: Sinistcha|move: Rage Powder
|move|p1b: Garchomp|Rock Slide|p2a: Ceruledge|[spread] p2b
|-miss|p1b: Garchomp|p2a: Ceruledge
|-damage|p2b: Sinistcha|19/100
|-damage|p1b: Garchomp|60/100|[from] item: Life Orb
|move|p2a: Ceruledge|Bitter Blade|p1b: Garchomp
|-resisted|p1b: Garchomp|1
|-damage|p1b: Garchomp|11/100
|-heal|p2a: Ceruledge|100/100|[from] drain|[of] p1b: Garchomp
|-damage|p2a: Ceruledge|87/100|[from] ability: Rough Skin|[of] p1b: Garchomp
|move|p1a: John Cenaroar|Darkest Lariat|p2b: Sinistcha
|-supereffective|p2b: Sinistcha|1
|-damage|p2b: Sinistcha|0 fnt
|faint|p2b: Sinistcha
|
|upkeep
|turn|8
|
|t:|1784817363
|move|p1b: Garchomp|Protect|p1b: Garchomp
|-singleturn|p1b: Garchomp|Protect
|move|p2a: Ceruledge|Shadow Sneak|p1b: Garchomp
|-activate|p1b: Garchomp|move: Protect
|move|p1a: John Cenaroar|Darkest Lariat|p2a: Ceruledge
|-supereffective|p2a: Ceruledge|1
|-damage|p2a: Ceruledge|24/100
|
|upkeep
|turn|9
|
|t:|1784817367
|move|p1b: Garchomp|Stomping Tantrum|p2a: Ceruledge
|-supereffective|p2a: Ceruledge|1
|-damage|p2a: Ceruledge|0 fnt
|faint|p2a: Ceruledge
|-damage|p1b: Garchomp|2/100|[from] item: Life Orb
|
|win|elitetweet
|raw|elitetweet's rating: 1064 → 1107(+43 for winning)
|raw|standardamerican's rating: 1218 → 1183(-35 for losing)
|l|☆elitetweet
|player|p1|
|l|☆standardamerican
|player|p2|
|j|☆standardamerican
|player|p2|standardamerican|169|
