|j|☆SengarBlade
|j|☆middleagedpotato
|html|SengarBlademiddleagedpotato    
|uhtml|bestof|Game 2 of a best-of-3
|t:|1757848935
|gametype|doubles
|player|p1|SengarBlade|preschooler|
|player|p2|middleagedpotato|266|
|gen|9
|tier|[Gen 9] VGC 2025 Reg H (Bo3)
|rule|Species Clause: Limit one of each Pokémon
|rule|Item Clause: Limit 1 of each item
|clearpoke
|poke|p1|Murkrow, L50, F|
|poke|p1|Tyranitar, L50, M|
|poke|p1|Lycanroc, L50, M|
|poke|p1|Decidueye-Hisui, L50, F|
|poke|p1|Clefable, L50, M|
|poke|p1|Hydreigon, L50, M|
|poke|p2|Smeargle, L50, M|
|poke|p2|Amoonguss, L50, M|
|poke|p2|Gardevoir, L50, F|
|poke|p2|Ursaluna, L50, F|
|poke|p2|Azumarill, L50, F|
|poke|p2|Sneasler, L50, F|
|teampreview|4
|showteam|p1|Murkrow||Eviolite|Prankster|FoulPlay,Tailwind,Haze,Protect|||F|||50|,,,,,Steel]Tyranitar||ClearAmulet|SandStream|RockSlide,KnockOff,TeraBlast,Protect|||M|||50|,,,,,Flying]Lycanroc||FocusSash|SandRush|RockSlide,Accelerock,Endeavor,Endure|||M|||50|,,,,,Ghost]Decidueye-Hisui||LifeOrb|Scrappy|CloseCombat,LeafBlade,UpperHand,Protect|||F|||50|,,,,,Ghost]Clefable||SafetyGoggles|Unaware|Moonblast,FollowMe,HelpingHand,Protect|||M|||50|,,,,,Water]Hydreigon||AguavBerry|Levitate|DracoMeteor,DarkPulse,Snarl,Protect|||M|||50|,,,,,Poison
|showteam|p2|Smeargle||FocusSash|Moody|Imprison,Transform,Protect,Spore|||M|||50|,,,,,Ghost]Amoonguss||RockyHelmet|Regenerator|Spore,RagePowder,PollenPuff,Protect|||M|||50|,,,,,Ghost]Gardevoir||Leftovers|Synchronize|Imprison,Protect,TrickRoom,DazzlingGleam|||F|||50|,,,,,Fairy]Ursaluna||FlameOrb|Guts|Protect,Facade,Earthquake,Crunch|||F|||50|,,,,,Ghost]Azumarill||AssaultVest|HugePower|AquaTail,AquaJet,PlayRough,IceSpinner|||F|||50|,,,,,Water]Sneasler||WhiteHerb|Unburden|CloseCombat,DireClaw,Protect,Uturn|||F|||50|,,,,,Dark
|
|t:|1757848949
|teamsize|p1|4
|teamsize|p2|4
|start
|switch|p1a: Tyranitar|Tyranitar, L50, M|100/100
|switch|p1b: Lycanroc|Lycanroc, L50, M|100/100
|switch|p2a: Smeargle|Smeargle, L50, M|100/100
|switch|p2b: Amoonguss|Amoonguss, L50, M|100/100
|-weather|Sandstorm|[from] ability: Sand Stream|[of] p1a: Tyranitar
|turn|1
|
|t:|1757848969
|switch|p2a: Ursaluna|Ursaluna, L50, F|100/100
|move|p2b: Amoonguss|Protect|p2b: Amoonguss
|-singleturn|p2b: Amoonguss|Protect
|move|p1b: Lycanroc|Rock Slide|p2a: Ursaluna|[spread] 
|-activate|p2b: Amoonguss|move: Protect
|-miss|p1b: Lycanroc|p2a: Ursaluna
|move|p1a: Tyranitar|Rock Slide|p2a: Ursaluna|[spread] p2a
|-activate|p2b: Amoonguss|move: Protect
|-resisted|p2a: Ursaluna
|-damage|p2a: Ursaluna|86/100
|
|-weather|Sandstorm|[upkeep]
|-damage|p2b: Amoonguss|95/100|[from] Sandstorm
|-status|p2a: Ursaluna|brn|[from] item: Flame Orb
|upkeep
|turn|2
|
|t:|1757849031
|-terastallize|p1a: Tyranitar|Flying
|move|p1b: Lycanroc|Endeavor|p2a: Ursaluna
|-damage|p2a: Ursaluna|74/100 brn
|move|p1a: Tyranitar|Tera Blast|p2b: Amoonguss|[anim] Tera Blast Flying
|-supereffective|p2b: Amoonguss
|-damage|p2b: Amoonguss|13/100
|move|p2a: Ursaluna|Earthquake|p1b: Lycanroc|[spread] p2b,p1b
|-immune|p1a: Tyranitar
|-supereffective|p1b: Lycanroc
|-damage|p2b: Amoonguss|0 fnt
|-enditem|p1b: Lycanroc|Focus Sash
|-damage|p1b: Lycanroc|1/100
|faint|p2b: Amoonguss
|
|-weather|Sandstorm|[upkeep]
|-damage|p1a: Tyranitar|94/100|[from] Sandstorm
|-damage|p2a: Ursaluna|68/100 brn|[from] brn
|upkeep
|
|t:|1757849050
|switch|p2b: Gardevoir|Gardevoir, L50, F|100/100
|turn|3
|
|t:|1757849070
|move|p2a: Ursaluna|Protect|p2a: Ursaluna
|-singleturn|p2a: Ursaluna|Protect
|move|p1b: Lycanroc|Endeavor|p2b: Gardevoir
|-damage|p2b: Gardevoir|1/100
|move|p1a: Tyranitar|Rock Slide|p2a: Ursaluna|[spread] p2b
|-activate|p2a: Ursaluna|move: Protect
|-damage|p2b: Gardevoir|0 fnt
|faint|p2b: Gardevoir
|
|-weather|Sandstorm|[upkeep]
|-damage|p1a: Tyranitar|88/100|[from] Sandstorm
|-damage|p2a: Ursaluna|62/100 brn|[from] brn
|upkeep
|
|t:|1757849087
|switch|p2b: Smeargle|Smeargle, L50, M|100/100
|turn|4
|
|t:|1757849106
|switch|p1a: Murkrow|Murkrow, L50, F|100/100
|move|p2b: Smeargle|Protect|p2b: Smeargle
|-singleturn|p2b: Smeargle|Protect
|move|p1b: Lycanroc|Endeavor|p2a: Ursaluna
|-damage|p2a: Ursaluna|1/100 brn
|move|p2a: Ursaluna|Earthquake|p1b: Lycanroc|[spread] p1b
|-activate|p2b: Smeargle|move: Protect
|-immune|p1a: Murkrow
|-supereffective|p1b: Lycanroc
|-damage|p1b: Lycanroc|0 fnt
|faint|p1b: Lycanroc
|
|-weather|Sandstorm|[upkeep]
|-damage|p2b: Smeargle|94/100|[from] Sandstorm
|-damage|p1a: Murkrow|94/100|[from] Sandstorm
|-damage|p2a: Ursaluna|0 fnt|[from] brn
|faint|p2a: Ursaluna
|-ability|p2b: Smeargle|Moody|boost
|-boost|p2b: Smeargle|spd|2
|-unboost|p2b: Smeargle|spe|1
|upkeep
|
|t:|1757849126
|switch|p1b: Decidueye|Decidueye-Hisui, L50, F|100/100
|turn|5
|
|t:|1757849153
|-terastallize|p2b: Smeargle|Ghost
|move|p1a: Murkrow|Tailwind|p1a: Murkrow
|-sidestart|p1: SengarBlade|move: Tailwind
|move|p1b: Decidueye|Close Combat|p2b: Smeargle
|-damage|p2b: Smeargle|0 fnt
|-unboost|p1b: Decidueye|def|1
|-unboost|p1b: Decidueye|spd|1
|faint|p2b: Smeargle
|-damage|p1b: Decidueye|91/100|[from] item: Life Orb
|
|win|SengarBlade
||SengarBlade is ready for game 3.
|inactive|middleagedpotato has 30 seconds to confirm battle start!
||middleagedpotato is ready for game 3.
|uhtml|next|Next: Game 3 of 3
