|j|☆Nbgold
|j|☆KodeBeast0526
|html|NbgoldKodeBeast0526    
|uhtml|bestof|Game 1 of a best-of-3
|t:|1784904084
|gametype|doubles
|player|p1|Nbgold|1|1064
|player|p2|KodeBeast0526|hiker|1125
|gen|9
|tier|[Gen 9 Champions] VGC 2026 Reg M-B (Bo3)
|rated|
|rule|Species Clause: Limit one of each Pokémon
|rule|Item Clause: Limit 1 of each item
|clearpoke
|poke|p1|Liepard, L50, F, shiny|
|poke|p1|Pidgeot, L50, M|
|poke|p1|Mamoswine, L50, M|
|poke|p1|Charizard, L50, M, shiny|
|poke|p1|Vileplume, L50, F|
|poke|p1|Basculegion, L50, M|
|poke|p2|Tyranitar, L50, F|
|poke|p2|Excadrill, L50, M|
|poke|p2|Milotic, L50, M|
|poke|p2|Sinistcha, L50|
|poke|p2|Staraptor, L50, M|
|poke|p2|Gholdengo, L50|
|teampreview|4
|showteam|p1|Liepard||FocusSash|Prankster|FakeOut,KnockOff,SunnyDay,Copycat|Adamant||F|||50|]Pidgeot||Pidgeotite|TangledFeet|Hurricane,HeatWave,Protect,Tailwind|Modest||M|||50|]Mamoswine||OccaBerry|Oblivious|IceShard,Earthquake,HighHorsepower,Protect|Adamant||M|||50|]Charizard||CharizarditeX|SolarPower|FlareBlitz,ThunderPunch,DragonDance,Protect|Adamant||M|||50|]Vileplume||BigRoot|Chlorophyll|GigaDrain,SludgeBomb,Protect,LeechSeed|Timid||F|||50|]Basculegion||ChoiceScarf|Adaptability|WaveCrash,LastRespects,AquaJet,PsychicFangs|Jolly||M|||50|
|showteam|p2|Tyranitar||Tyranitarite|SandStream|KnockOff,RockSlide,HighHorsepower,Protect|Jolly||F|||50|]Excadrill||FocusSash|SandRush|Earthquake,IronHead,RockSlide,Protect|Adamant||M|||50|]Milotic||SitrusBerry|Competitive|Scald,IcyWind,Haze,Protect|Calm||M|||50|]Sinistcha||ColburBerry|Hospitality|MatchaGotcha,ShadowBall,Protect,RagePowder|Bold|||||50|]Staraptor||Staraptite|Intimidate|CloseCombat,BraveBird,Tailwind,Protect|Jolly||M|||50|]Gholdengo||LifeOrb|GoodasGold|MakeItRain,ShadowBall,NastyPlot,Protect|Modest|||||50|
|
|t:|1784904115
|teamsize|p1|4
|teamsize|p2|4
|start
|switch|p1a: Sean Winston|Pidgeot, L50, M|100/100
|switch|p1b: Pigloo|Mamoswine, L50, M|100/100
|switch|p2a: Excadrill|Excadrill, L50, M|100/100
|switch|p2b: Tyranitar|Tyranitar, L50, F|100/100
|-weather|Sandstorm|[from] ability: Sand Stream|[of] p2b: Tyranitar
|turn|1
|
|t:|1784904134
|detailschange|p1a: Sean Winston|Pidgeot-Mega, L50, M
|-mega|p1a: Sean Winston|Pidgeot|Pidgeotite
|detailschange|p2b: Tyranitar|Tyranitar-Mega, L50, F
|-mega|p2b: Tyranitar|Tyranitar|Tyranitarite
|move|p2a: Excadrill|Rock Slide|p1a: Sean Winston|[spread] p1a,p1b
|-supereffective|p1a: Sean Winston|1
|-damage|p1a: Sean Winston|45/100
|-damage|p1b: Pigloo|72/100
|move|p1a: Sean Winston|Tailwind|p1a: Sean Winston
|-sidestart|p1: Nbgold|move: Tailwind
|cant|p1b: Pigloo|flinch
|move|p2b: Tyranitar|Rock Slide|p1a: Sean Winston|[spread] p1a,p1b
|-supereffective|p1a: Sean Winston|1
|-damage|p1a: Sean Winston|0 fnt
|-damage|p1b: Pigloo|34/100
|faint|p1a: Sean Winston
|
|-weather|Sandstorm|[upkeep]
|upkeep
|
|t:|1784904153
|switch|p1a: Fishmael|Basculegion, L50, M|100/100
|turn|2
|
|t:|1784904172
|switch|p1a: The Stink|Vileplume, L50, F|100/100
|move|p2a: Excadrill|Rock Slide|p1a: The Stink|[spread] p1a,p1b
|-damage|p1a: The Stink|75/100
|-damage|p1b: Pigloo|10/100
|move|p1b: Pigloo|Earthquake|p2a: Excadrill|[spread] p1a,p2a,p2b
|-supereffective|p2a: Excadrill|1
|-supereffective|p2b: Tyranitar|1
|-damage|p1a: The Stink|23/100
|-enditem|p2a: Excadrill|Focus Sash
|-damage|p2a: Excadrill|1/100
|-damage|p2b: Tyranitar|40/100
|move|p2b: Tyranitar|Knock Off|p1a: The Stink
|-damage|p1a: The Stink|0 fnt
|-enditem|p1a: The Stink|Big Root|[from] move: Knock Off|[of] p2b: Tyranitar
|faint|p1a: The Stink
|
|-weather|Sandstorm|[upkeep]
|upkeep
|
|t:|1784904191
|switch|p1a: Fishmael|Basculegion, L50, M|100/100
|turn|3
|
|t:|1784904204
|move|p1b: Pigloo|Ice Shard|p2a: Excadrill
|-damage|p2a: Excadrill|0 fnt
|faint|p2a: Excadrill
|move|p1a: Fishmael|Wave Crash|p2b: Tyranitar
|-supereffective|p2b: Tyranitar|1
|-damage|p2b: Tyranitar|0 fnt
|faint|p2b: Tyranitar
|-damage|p1a: Fishmael|86/100|[from] Recoil
|
|-weather|Sandstorm|[upkeep]
|-damage|p1a: Fishmael|80/100|[from] Sandstorm
|upkeep
|
|t:|1784904207
|switch|p2a: Milotic|Milotic, L50, M|100/100
|switch|p2b: Gholdengo|Gholdengo, L50|100/100
|turn|4
|
|t:|1784904227
|move|p2b: Gholdengo|Protect|p2b: Gholdengo
|-singleturn|p2b: Gholdengo|Protect
|move|p1a: Fishmael|Wave Crash|p2b: Gholdengo
|-activate|p2b: Gholdengo|move: Protect
|move|p1b: Pigloo|High Horsepower|p2b: Gholdengo
|-activate|p2b: Gholdengo|move: Protect
|move|p2a: Milotic|Icy Wind|p1a: Fishmael|[spread] p1b
|-miss|p2a: Milotic|p1a: Fishmael
|-damage|p1b: Pigloo|0 fnt
|faint|p1b: Pigloo
|
|-weather|Sandstorm|[upkeep]
|-damage|p1a: Fishmael|74/100|[from] Sandstorm
|-damage|p2a: Milotic|94/100|[from] Sandstorm
|-sideend|p1: Nbgold|move: Tailwind
|upkeep
|turn|5
|-message|Nbgold forfeited.
|
|win|KodeBeast0526
|l|☆Nbgold
|player|p1|
|raw|Nbgold's rating: 1064 → 1048(-16 for losing)
|raw|KodeBeast0526's rating: 1125 → 1146(+21 for winning)
