|j|☆Mashuno
|j|☆vincentgatr
|html|Mashunovincentgatr    
|uhtml|bestof|Game 2 of a best-of-3
|t:|1785443976
|gametype|doubles
|player|p1|Mashuno|harlequin|1261
|player|p2|vincentgatr|1|1223
|gen|9
|tier|[Gen 9 Champions] VGC 2026 Reg M-B (Bo3)
|rated|
|rule|Species Clause: Limit one of each Pokémon
|rule|Item Clause: Limit 1 of each item
|clearpoke
|poke|p1|Whimsicott, L50, F|
|poke|p1|Dragonite, L50, M|
|poke|p1|Gholdengo, L50|
|poke|p1|Sneasler, L50, F|
|poke|p1|Incineroar, L50, M|
|poke|p1|Rotom-Wash, L50|
|poke|p2|Froslass, L50, F|
|poke|p2|Empoleon, L50, M|
|poke|p2|Incineroar, L50, F|
|poke|p2|Rotom-Frost, L50|
|poke|p2|Sneasler, L50, M|
|poke|p2|Garchomp, L50, F|
|teampreview|4
|showteam|p1|Whimsicott||FocusSash|Prankster|Protect,Moonblast,Tailwind,Encore|Timid||F|||50|]Dragonite||Dragoninite|Multiscale|Protect,DragonPulse,Flamethrower,Thunderbolt|Modest||M|||50|]Gholdengo||LifeOrb|GoodasGold|Protect,MakeItRain,ShadowBall,NastyPlot|Timid|||||50|]Sneasler||WhiteHerb|Unburden|FakeOut,DireClaw,CloseCombat,RockSlide|Jolly||F|||50|]Incineroar||PasshoBerry|Intimidate|FakeOut,FlareBlitz,ThroatChop,PartingShot|Bold||M|||50|]Rotom-Wash||SitrusBerry|Levitate|Protect,HydroPump,VoltSwitch,WillOWisp|Bold|||||50|
|showteam|p2|Froslass||Froslassite|CursedBody|Blizzard,ShadowBall,AuroraVeil,Protect|Timid||F|||50|]Empoleon||Leftovers|Competitive|WaterPulse,FlashCannon,IcyWind,Protect|Modest||M|||50|]Incineroar||ChopleBerry|Intimidate|FlareBlitz,DarkestLariat,FakeOut,PartingShot|Adamant||F|||50|]Rotom-Frost||ChoiceScarf|Levitate|Blizzard,Thunderbolt,Discharge,Electroweb|Timid|||||50|]Sneasler||WhiteHerb|Unburden|DireClaw,CloseCombat,FakeOut,Protect|Jolly||M|||50|]Garchomp||LumBerry|RoughSkin|DragonClaw,Earthquake,RockSlide,Protect|Jolly||F|||50|
|j| burningringoffire
|
|t:|1785444007
|teamsize|p1|4
|teamsize|p2|4
|start
|switch|p1a: Dragonite|Dragonite, L50, M|100/100
|switch|p1b: Whimsicott|Whimsicott, L50, F|100/100
|switch|p2a: Incineroar|Incineroar, L50, F|100/100
|switch|p2b: Sneasler|Sneasler, L50, M|100/100
|-ability|p2a: Incineroar|Intimidate|boost
|-unboost|p1a: Dragonite|atk|1
|-unboost|p1b: Whimsicott|atk|1
|turn|1
|inactive|Battle timer is ON: inactive players will automatically lose when time's up. (requested by vincentgatr)
|
|t:|1785444025
|move|p1b: Whimsicott|Protect|p1b: Whimsicott
|-singleturn|p1b: Whimsicott|Protect
|move|p1a: Dragonite|Protect|p1a: Dragonite
|-singleturn|p1a: Dragonite|Protect
|move|p2a: Incineroar|Fake Out|p1b: Whimsicott
|-activate|p1b: Whimsicott|move: Protect
|move|p2b: Sneasler|Dire Claw|p1b: Whimsicott
|-activate|p1b: Whimsicott|move: Protect
|
|upkeep
|turn|2
|inactive|Mashuno has 30 seconds left.
|inactive|Mashuno has 20 seconds left.
|
|t:|1785444064
|detailschange|p1a: Dragonite|Dragonite-Mega, L50, M
|-mega|p1a: Dragonite|Dragonite|Dragoninite
|move|p1b: Whimsicott|Encore|p2a: Incineroar
|-hint|Since gen 7, Dark is immune to Prankster moves.
|-immune|p2a: Incineroar
|move|p2b: Sneasler|Dire Claw|p1b: Whimsicott
|-supereffective|p1b: Whimsicott|2
|-enditem|p1b: Whimsicott|Focus Sash
|-damage|p1b: Whimsicott|1/100
|move|p1a: Dragonite|Dragon Pulse|p2b: Sneasler
|-damage|p2b: Sneasler|26/100
|move|p2a: Incineroar|Parting Shot|p1a: Dragonite
|-unboost|p1a: Dragonite|atk|1
|-unboost|p1a: Dragonite|spa|1
|c|☆Mashuno|IM STUPID
|c|☆Mashuno|IM SO DUMB
|c|☆Mashuno|IM STUPID
|
|t:|1785444079
|switch|p2a: Froslass|Froslass, L50, F|100/100|[from] Parting Shot
|
|upkeep
|turn|3
|c|☆vincentgatr|lol it happens
|inactive|vincentgatr has 30 seconds left.
|
|t:|1785444104
|detailschange|p2a: Froslass|Froslass-Mega, L50, F
|-mega|p2a: Froslass|Froslass|Froslassite
|-weather|Snowscape|[from] ability: Snow Warning|[of] p2a: Froslass
|move|p2b: Sneasler|Protect|p2b: Sneasler
|-singleturn|p2b: Sneasler|Protect
|move|p1b: Whimsicott|Tailwind|p1b: Whimsicott
|-sidestart|p1: Mashuno|move: Tailwind
|move|p1a: Dragonite|Flamethrower|p2a: Froslass
|-supereffective|p2a: Froslass|1
|-damage|p2a: Froslass|33/100
|move|p2a: Froslass|Aurora Veil|p2a: Froslass
|-sidestart|p2: vincentgatr|move: Aurora Veil
|
|-weather|Snowscape|[upkeep]
|upkeep
|turn|4
|inactive|Mashuno has 30 seconds left.
|inactive|vincentgatr has 30 seconds left.
|inactive|vincentgatr has 20 seconds left.
|
|t:|1785444140
|switch|p2a: Incineroar|Incineroar, L50, F|100/100
|-ability|p2a: Incineroar|Intimidate|boost
|-unboost|p1a: Dragonite|atk|1
|-unboost|p1b: Whimsicott|atk|1
|move|p1b: Whimsicott|Moonblast|p2b: Sneasler
|-damage|p2b: Sneasler|0 fnt
|faint|p2b: Sneasler
|move|p1a: Dragonite|Flamethrower|p2a: Incineroar
|-resisted|p2a: Incineroar|1
|-damage|p2a: Incineroar|92/100
|
|-weather|Snowscape|[upkeep]
|upkeep
|
|t:|1785444153
|switch|p2b: Garchomp|Garchomp, L50, F|100/100
|turn|5
|
|t:|1785444168
|switch|p1b: Incineroar|Incineroar, L50, M|100/100
|-ability|p1b: Incineroar|Intimidate|boost
|-unboost|p2a: Incineroar|atk|1
|-unboost|p2b: Garchomp|atk|1
|move|p2a: Incineroar|Fake Out|p1a: Dragonite
|-damage|p1a: Dragonite|96/100
|cant|p1a: Dragonite|flinch
|move|p2b: Garchomp|Rock Slide|p1b: Incineroar|[spread] p1a,p1b
|-supereffective|p1a: Dragonite|1
|-supereffective|p1b: Incineroar|1
|-damage|p1a: Dragonite|74/100
|-damage|p1b: Incineroar|82/100
|
|-weather|Snowscape|[upkeep]
|upkeep
|turn|6
|
|t:|1785444191
|move|p1a: Dragonite|Protect|p1a: Dragonite
|-singleturn|p1a: Dragonite|Protect
|move|p2b: Garchomp|Rock Slide|p1b: Incineroar|[spread] p1b
|-activate|p1a: Dragonite|move: Protect
|-supereffective|p1b: Incineroar|1
|-damage|p1b: Incineroar|63/100
|move|p1b: Incineroar|Parting Shot|p2b: Garchomp
|-unboost|p2b: Garchomp|atk|1
|-unboost|p2b: Garchomp|spa|1
|
|t:|1785444206
|switch|p1b: Whimsicott|Whimsicott, L50, F|1/100|[from] Parting Shot
|move|p2a: Incineroar|Parting Shot|p1a: Dragonite
|-activate|p1a: Dragonite|move: Protect
|
|-weather|Snowscape|[upkeep]
|-sideend|p1: Mashuno|move: Tailwind
|upkeep
|turn|7
|
|t:|1785444227
|move|p1b: Whimsicott|Tailwind|p1b: Whimsicott
|-sidestart|p1: Mashuno|move: Tailwind
|move|p1a: Dragonite|Dragon Pulse|p2a: Incineroar
|-damage|p2a: Incineroar|72/100
|move|p2b: Garchomp|Dragon Claw|p1a: Dragonite
|-supereffective|p1a: Dragonite|1
|-crit|p1a: Dragonite
|-damage|p1a: Dragonite|0 fnt
|faint|p1a: Dragonite
|move|p2a: Incineroar|Darkest Lariat|p1b: Whimsicott
|-resisted|p1b: Whimsicott|1
|-damage|p1b: Whimsicott|0 fnt
|faint|p1b: Whimsicott
|
|-weather|none
|-sideend|p2: vincentgatr|move: Aurora Veil
|upkeep
|
|t:|1785444241
|switch|p1b: Incineroar|Incineroar, L50, M|63/100
|switch|p1a: Gholdengo|Gholdengo, L50|100/100
|-ability|p1b: Incineroar|Intimidate|boost
|-unboost|p2a: Incineroar|atk|1
|-unboost|p2b: Garchomp|atk|1
|turn|8
|
|t:|1785444262
|switch|p2b: Froslass|Froslass-Mega, L50, F|33/100
|-weather|Snowscape|[from] ability: Snow Warning|[of] p2b: Froslass
|move|p1b: Incineroar|Fake Out|p2a: Incineroar
|-damage|p2a: Incineroar|64/100
|move|p1a: Gholdengo|Nasty Plot|p1a: Gholdengo
|-boost|p1a: Gholdengo|spa|2
|cant|p2a: Incineroar|flinch
|
|-weather|Snowscape|[upkeep]
|upkeep
|turn|9
|inactive|Mashuno has 30 seconds left.
|inactive|vincentgatr has 30 seconds left.
|
|t:|1785444289
|move|p2b: Froslass|Protect|p2b: Froslass
|-singleturn|p2b: Froslass|Protect
|move|p1a: Gholdengo|Shadow Ball|p2b: Froslass
|-activate|p2b: Froslass|move: Protect
|move|p1b: Incineroar|Throat Chop|p2a: Incineroar
|-resisted|p2a: Incineroar|1
|-damage|p2a: Incineroar|54/100
|-start|p2a: Incineroar|Throat Chop|[silent]
|move|p2a: Incineroar|Flare Blitz|p1a: Gholdengo
|-supereffective|p1a: Gholdengo|1
|-damage|p1a: Gholdengo|43/100
|-damage|p2a: Incineroar|38/100|[from] Recoil
|
|-weather|Snowscape|[upkeep]
|upkeep
|turn|10
|inactive|Mashuno has 30 seconds left.
|inactive|vincentgatr has 30 seconds left.
|
|t:|1785444319
|move|p2b: Froslass|Protect|p2b: Froslass
|-singleturn|p2b: Froslass|Protect
|move|p1a: Gholdengo|Make It Rain|p2b: Froslass|[spread] p2a
|-activate|p2b: Froslass|move: Protect
|-resisted|p2a: Incineroar|1
|-damage|p2a: Incineroar|0 fnt
|-unboost|p1a: Gholdengo|spa|2
|faint|p2a: Incineroar
|-damage|p1a: Gholdengo|33/100|[from] item: Life Orb
|move|p1b: Incineroar|Throat Chop|p2b: Froslass
|-activate|p2b: Froslass|move: Protect
|
|-weather|Snowscape|[upkeep]
|-sideend|p1: Mashuno|move: Tailwind
|upkeep
|c|☆Mashuno|UH OH
|
|t:|1785444334
|switch|p2a: Garchomp|Garchomp, L50, F|100/100
|turn|11
|c|☆Mashuno|ggs, i super lose
|c|☆vincentgatr|you never know
|inactive|Mashuno has 30 seconds left.
|
|t:|1785444362
|move|p1a: Gholdengo|Protect|p1a: Gholdengo
|-singleturn|p1a: Gholdengo|Protect
|move|p2b: Froslass|Shadow Ball|p1a: Gholdengo
|-activate|p1a: Gholdengo|move: Protect
|move|p2a: Garchomp|Rock Slide|p1b: Incineroar|[spread] p1b
|-activate|p1a: Gholdengo|move: Protect
|-supereffective|p1b: Incineroar|1
|-damage|p1b: Incineroar|34/100
|move|p1b: Incineroar|Parting Shot|p2a: Garchomp
|-unboost|p2a: Garchomp|atk|1
|-unboost|p2a: Garchomp|spa|1
|
|-weather|Snowscape|[upkeep]
|upkeep
|turn|12
|inactive|Mashuno has 30 seconds left.
|inactive|Mashuno has 20 seconds left.
|
|t:|1785444402
|move|p2b: Froslass|Shadow Ball|p1a: Gholdengo
|-supereffective|p1a: Gholdengo|1
|-damage|p1a: Gholdengo|0 fnt
|faint|p1a: Gholdengo
|move|p2a: Garchomp|Rock Slide|p1b: Incineroar
|-supereffective|p1b: Incineroar|1
|-damage|p1b: Incineroar|9/100
|cant|p1b: Incineroar|flinch
|
|-weather|none
|upkeep
|turn|13
|l| burningringoffire
|c|☆Mashuno|okay now its ggs
|-message|Mashuno forfeited.
|
|win|vincentgatr
|raw|Mashuno's rating: 1261 → 1233(-28 for losing)
|raw|vincentgatr's rating: 1223 → 1251(+28 for winning)
|c|☆vincentgatr|yh gg
|c|☆Mashuno|man youre so good
