|j|☆borgan117
|j|☆zmdkdksks
|html|borgan117zmdkdksks    
|uhtml|bestof|Game 1 of a best-of-3
|t:|1757856218
|gametype|doubles
|player|p1|borgan117|plasmagrunt-gen5bw|1016
|player|p2|zmdkdksks|iris-gen5bw2|1056
|gen|9
|tier|[Gen 9] VGC 2025 Reg H (Bo3)
|rated|
|rule|Species Clause: Limit one of each Pokémon
|rule|Item Clause: Limit 1 of each item
|clearpoke
|poke|p1|Torkoal, L50, M|
|poke|p1|Ursaluna, L50, F|
|poke|p1|Amoonguss, L50, M|
|poke|p1|Bruxish, L50, F|
|poke|p1|Incineroar, L50, M|
|poke|p1|Archaludon, L50, F|
|poke|p2|Kommo-o, L50, F|
|poke|p2|Sneasler, L50, F|
|poke|p2|Rillaboom, L50, M|
|poke|p2|Garganacl, L50, F|
|poke|p2|Ursaluna-Bloodmoon, L50, M|
|poke|p2|Sableye, L50, M|
|teampreview|4
|showteam|p1|Torkoal||WeaknessPolicy|Drought|Eruption,EarthPower,HeatWave,Protect|||M|||50|,,,,,Fire]Ursaluna||FlameOrb|Guts|Facade,HeadlongRush,Earthquake,Protect|||F|||50|,,,,,Grass]Amoonguss||SitrusBerry|EffectSpore|Spore,SludgeBomb,RagePowder,ClearSmog|||M|||50|,,,,,Dark]Bruxish||FocusSash|Dazzling|PsychicFangs,AquaJet,TrickRoom,Protect|||F|||50|,,,,,Grass]Incineroar||SafetyGoggles|Intimidate|FlareBlitz,HelpingHand,FakeOut,PartingShot|||M|||50|,,,,,Ghost]Archaludon||AssaultVest|Stamina|FlashCannon,DracoMeteor,ElectroShot,Snarl|||F|||50|,,,,,Fairy
|showteam|p2|Kommo-o||SitrusBerry|Overcoat|Coaching,BreakingSwipe,Protect,BodyPress|||F|||50|,,,,,Steel]Sneasler||GrassySeed|Unburden|CloseCombat,DireClaw,Protect,ThroatChop|||F|||50|,,,,,Stellar]Rillaboom||AssaultVest|GrassySurge|Uturn,WoodHammer,FakeOut,GrassyGlide|||M|||50|,,,,,Fire]Garganacl||CovertCloak|PurifyingSalt|SaltCure,WideGuard,RockSlide,Recover|||F|||50|,,,,,Fire]Ursaluna-Bloodmoon||LifeOrb|MindsEye|BloodMoon,HyperVoice,EarthPower,Protect|||M|||50|,,,,,Normal]Sableye||SafetyGoggles|Prankster|Taunt,Quash,FoulPlay,WillOWisp|||M|||50|,,,,,Dragon
|inactive|Battle timer is ON: inactive players will automatically lose when time's up. (requested by zmdkdksks)
|inactive|zmdkdksks has 60 seconds left.
|
|t:|1757856252
|teamsize|p1|4
|teamsize|p2|4
|start
|switch|p1a: Pisty|Bruxish, L50, F|100/100
|switch|p1b: Hatred & Contempt|Incineroar, L50, M|100/100
|switch|p2a: Ursaluna|Ursaluna-Bloodmoon, L50, M|100/100
|switch|p2b: Sableye|Sableye, L50, M|100/100
|-ability|p1b: Hatred & Contempt|Intimidate|boost
|-unboost|p2a: Ursaluna|atk|1
|-unboost|p2b: Sableye|atk|1
|turn|1
|
|t:|1757856269
|switch|p2a: Kommo-o|Kommo-o, L50, F|100/100
|move|p2b: Sableye|Foul Play|p1a: Pisty
|-supereffective|p1a: Pisty
|-enditem|p1a: Pisty|Focus Sash
|-damage|p1a: Pisty|1/100
|move|p1b: Hatred & Contempt|Parting Shot|p2a: Kommo-o
|-unboost|p2a: Kommo-o|atk|1
|-unboost|p2a: Kommo-o|spa|1
|
|t:|1757856278
|switch|p1b: Elpy|Torkoal, L50, M|100/100|[from] Parting Shot
|-weather|SunnyDay|[from] ability: Drought|[of] p1b: Elpy
|move|p1a: Pisty|Trick Room|p1a: Pisty
|-fieldstart|move: Trick Room|[of] p1a: Pisty
|
|-weather|SunnyDay|[upkeep]
|upkeep
|turn|2
|
|t:|1757856295
|-terastallize|p1b: Elpy|Fire
|move|p1a: Pisty|Aqua Jet|p1b: Elpy
|-supereffective|p1b: Elpy
|-damage|p1b: Elpy|87/100
|-enditem|p1b: Elpy|Weakness Policy
|-boost|p1b: Elpy|atk|2|[from] item: Weakness Policy
|-boost|p1b: Elpy|spa|2|[from] item: Weakness Policy
|move|p1b: Elpy|Eruption|p2b: Sableye|[spread] p2a,p2b
|-resisted|p2a: Kommo-o
|-damage|p2a: Kommo-o|25/100
|-damage|p2b: Sableye|0 fnt
|-enditem|p2a: Kommo-o|Sitrus Berry|[eat]
|-heal|p2a: Kommo-o|49/100|[from] item: Sitrus Berry
|faint|p2b: Sableye
|move|p2a: Kommo-o|Breaking Swipe|p1b: Elpy|[spread] p1a,p1b
|-damage|p1a: Pisty|0 fnt
|-damage|p1b: Elpy|78/100
|-unboost|p1b: Elpy|atk|1
|faint|p1a: Pisty
|
|-weather|SunnyDay|[upkeep]
|upkeep
|
|t:|1757856316
|switch|p2b: Rillaboom|Rillaboom, L50, M|100/100
|switch|p1a: Hatred & Contempt|Incineroar, L50, M|100/100
|-ability|p1a: Hatred & Contempt|Intimidate|boost
|-unboost|p2a: Kommo-o|atk|1
|-unboost|p2b: Rillaboom|atk|1
|-fieldstart|move: Grassy Terrain|[from] ability: Grassy Surge|[of] p2b: Rillaboom
|turn|3
|inactive|borgan117 has 30 seconds left.
|inactive|borgan117 has 20 seconds left.
|inactive|zmdkdksks has 30 seconds left.
|
|t:|1757856353
|-terastallize|p2b: Rillaboom|Fire
|move|p1b: Elpy|Protect|p1b: Elpy
|-singleturn|p1b: Elpy|Protect
|move|p2a: Kommo-o|Protect|p2a: Kommo-o
|-singleturn|p2a: Kommo-o|Protect
|move|p1a: Hatred & Contempt|Fake Out|p2b: Rillaboom
|-damage|p2b: Rillaboom|89/100
|cant|p2b: Rillaboom|flinch
|
|-weather|SunnyDay|[upkeep]
|-heal|p1b: Elpy|85/100|[from] Grassy Terrain
|-heal|p2b: Rillaboom|95/100|[from] Grassy Terrain
|-heal|p2a: Kommo-o|55/100|[from] Grassy Terrain
|upkeep
|turn|4
|
|t:|1757856370
|move|p1a: Hatred & Contempt|Helping Hand|p1b: Elpy
|-singleturn|p1b: Elpy|Helping Hand|[of] p1a: Hatred & Contempt
|move|p1b: Elpy|Eruption|p2b: Rillaboom|[spread] p2a,p2b
|-resisted|p2a: Kommo-o
|-resisted|p2b: Rillaboom
|-damage|p2a: Kommo-o|0 fnt
|-damage|p2b: Rillaboom|3/100
|faint|p2a: Kommo-o
|move|p2b: Rillaboom|U-turn|p1b: Elpy
|-resisted|p1b: Elpy
|-damage|p1b: Elpy|78/100
|
|t:|1757856375
|switch|p2b: Ursaluna|Ursaluna-Bloodmoon, L50, M|100/100|[from] U-turn
|
|-weather|SunnyDay|[upkeep]
|-heal|p1b: Elpy|85/100|[from] Grassy Terrain
|upkeep
|
|t:|1757856376
|switch|p2a: Rillaboom|Rillaboom, L50, M, tera:Fire|3/100
|turn|5
|
|t:|1757856399
|move|p1b: Elpy|Protect|p1b: Elpy
|-singleturn|p1b: Elpy|Protect
|move|p2a: Rillaboom|Fake Out|p1b: Elpy
|-activate|p1b: Elpy|move: Protect
|move|p1a: Hatred & Contempt|Parting Shot|p2b: Ursaluna
|-unboost|p2b: Ursaluna|atk|1
|-unboost|p2b: Ursaluna|spa|1
|
|t:|1757856406
|switch|p1a: Archaludon|Archaludon, L50, F|100/100|[from] Parting Shot
|move|p2b: Ursaluna|Earth Power|p1a: Archaludon
|-supereffective|p1a: Archaludon
|-damage|p1a: Archaludon|38/100
|-ability|p1a: Archaludon|Stamina|boost
|-boost|p1a: Archaludon|def|1
|-damage|p2b: Ursaluna|90/100|[from] item: Life Orb
|
|-weather|none
|-heal|p1b: Elpy|91/100|[from] Grassy Terrain
|-heal|p2b: Ursaluna|96/100|[from] Grassy Terrain
|-heal|p1a: Archaludon|43/100|[from] Grassy Terrain
|-heal|p2a: Rillaboom|9/100|[from] Grassy Terrain
|-fieldend|move: Trick Room
|upkeep
|turn|6
|inactive|borgan117 has 30 seconds left.
|
|t:|1757856433
|move|p1a: Archaludon|Snarl|p2b: Ursaluna|[spread] p2a,p2b
|-damage|p2a: Rillaboom|0 fnt
|-damage|p2b: Ursaluna|81/100
|-unboost|p2b: Ursaluna|spa|1
|faint|p2a: Rillaboom
|move|p2b: Ursaluna|Earth Power|p1b: Elpy
|-supereffective|p1b: Elpy
|-damage|p1b: Elpy|1/100
|-damage|p2b: Ursaluna|71/100|[from] item: Life Orb
|move|p1b: Elpy|Heat Wave|p2b: Ursaluna
|-damage|p2b: Ursaluna|0 fnt
|faint|p2b: Ursaluna
|
|win|borgan117
||zmdkdksks is ready for game 2.
|l|☆zmdkdksks
|player|p2|
|inactive|borgan117 has 30 seconds to confirm battle start!
||borgan117 is ready for game 2.
|uhtml|next|Next: Game 2 of 3
