|j|☆liv&large27
|j|☆nuovosangue
|html|liv&large27nuovosangue    
|uhtml|bestof|Game 1 of a best-of-3
|t:|1757768374
|gametype|doubles
|player|p1|liv&large27|n|1315
|player|p2|nuovosangue|grimsley|1201
|gen|9
|tier|[Gen 9] VGC 2025 Reg H (Bo3)
|rated|
|rule|Species Clause: Limit one of each Pokémon
|rule|Item Clause: Limit 1 of each item
|clearpoke
|poke|p1|Blastoise, L50, M|
|poke|p1|Whimsicott, L50, M|
|poke|p1|Ursaluna, L50, M|
|poke|p1|Dragapult, L50, M|
|poke|p1|Annihilape, L50, F|
|poke|p1|Infernape, L50, F|
|poke|p2|Ursaluna, L50, F|
|poke|p2|Porygon2, L50|
|poke|p2|Incineroar, L50, M|
|poke|p2|Dragonite, L50, M|
|poke|p2|Annihilape, L50, F|
|teampreview|4
|showteam|p1|Blastoise||ChoiceSpecs|Torrent|WaterSpout,MuddyWater,IceBeam,WaterPledge|||M|||50|,,,,,Water]Whimsicott||FocusSash|Prankster|TrickRoom,Moonblast,Encore,Tailwind|||M|||50|,,,,,Ghost]Ursaluna||FlameOrb|Guts|Facade,Earthquake,Protect,HeadlongRush|||M|||50|,,,,,Ghost]Dragapult||ChoiceBand|ClearBody|DragonDarts,Outrage,Uturn,PhantomForce|||M|||50|,,,,,Dragon]Annihilape||SafetyGoggles|Defiant|FinalGambit,RageFist,CloseCombat,Taunt|||F|||50|,,,,,Water]Infernape||LifeOrb|IronFist|FakeOut,FirePunch,CloseCombat,MachPunch|||F|||50|,,,,,Fire
|showteam|p2|Ursaluna||FlameOrb|Guts|Earthquake,Facade,HeadlongRush,Protect|||F|||50|,,,,,Water]Porygon2||Eviolite|Download|TeraBlast,IceBeam,TrickRoom,Recover||||||50|,,,,,Flying]Incineroar||AssaultVest|Intimidate|PartingShot,FakeOut,FlareBlitz,KnockOff|||M|||50|,,,,,Ghost]Dragonite||LoadedDice|Multiscale|ScaleShot,Haze,ExtremeSpeed,Protect|||M|||50|,,,,,Fairy]Annihilape||SafetyGoggles|Defiant|RageFist,CloseCombat,FinalGambit,Coaching|||F|||50|,,,,,Fire
|inactive|Battle timer is ON: inactive players will automatically lose when time's up. (requested by liv&large27)
|inactive|liv&large27 has 60 seconds left.
|inactive|liv&large27 has 30 seconds left.
|inactive|liv&large27 has 20 seconds left.
|
|t:|1757768453
|teamsize|p1|4
|teamsize|p2|4
|start
|switch|p1a: Annihilape|Annihilape, L50, F|100/100
|switch|p1b: Blastoise|Blastoise, L50, M|100/100
|switch|p2a: Porygon2|Porygon2, L50|100/100
|switch|p2b: Annihilape|Annihilape, L50, F|100/100
|-ability|p2a: Porygon2|Download|boost
|-boost|p2a: Porygon2|atk|1
|turn|1
|j| Upsilon Sul G
|
|t:|1757768475
|switch|p2a: Dragonite|Dragonite, L50, M|100/100
|move|p1a: Annihilape|Final Gambit|p2a: Dragonite
|-damage|p2a: Dragonite|0 fnt
|faint|p1a: Annihilape
|faint|p2a: Dragonite
|move|p2b: Annihilape|Rage Fist|p1b: Blastoise
|-damage|p1b: Blastoise|80/100
|move|p1b: Blastoise|Water Spout|p2b: Annihilape
|-damage|p2b: Annihilape|37/100
|
|upkeep
|
|t:|1757768485
|switch|p1a: Infernape|Infernape, L50, F|100/100
|switch|p2a: Porygon2|Porygon2, L50|100/100
|-ability|p2a: Porygon2|Download|boost
|-boost|p2a: Porygon2|atk|1
|turn|2
|
|t:|1757768492
|switch|p1b: Ursaluna|Ursaluna, L50, M|100/100
|-terastallize|p2a: Porygon2|Flying
|move|p1a: Infernape|Fire Punch|p2b: Annihilape
|-damage|p2b: Annihilape|0 fnt
|faint|p2b: Annihilape
|-damage|p1a: Infernape|91/100|[from] item: Life Orb
|move|p2a: Porygon2|Trick Room|p2a: Porygon2
|-fieldstart|move: Trick Room|[of] p2a: Porygon2
|
|-status|p1b: Ursaluna|brn|[from] item: Flame Orb
|upkeep
|
|t:|1757768499
|switch|p2b: Ursaluna|Ursaluna, L50, F|100/100
|turn|3
|
|t:|1757768510
|move|p2b: Ursaluna|Protect|p2b: Ursaluna
|-singleturn|p2b: Ursaluna|Protect
|move|p1a: Infernape|Mach Punch|p2a: Porygon2
|-resisted|p2a: Porygon2
|-damage|p2a: Porygon2|92/100
|-damage|p1a: Infernape|81/100|[from] item: Life Orb
|move|p1b: Ursaluna|Facade|p2a: Porygon2
|-damage|p2a: Porygon2|13/100
|move|p2a: Porygon2|Tera Blast|p1b: Ursaluna|[anim] Tera Blast Flying
|-damage|p1b: Ursaluna|73/100 brn
|
|-damage|p1b: Ursaluna|67/100 brn|[from] brn
|-status|p2b: Ursaluna|brn|[from] item: Flame Orb
|upkeep
|turn|4
|
|t:|1757768533
|move|p1a: Infernape|Mach Punch|p2b: Ursaluna
|-supereffective|p2b: Ursaluna
|-damage|p2b: Ursaluna|58/100 brn
|-damage|p1a: Infernape|71/100|[from] item: Life Orb
|move|p2b: Ursaluna|Earthquake|p1a: Infernape|[spread] p1a,p1b
|-immune|p2a: Porygon2
|-supereffective|p1a: Infernape
|-damage|p1a: Infernape|0 fnt
|-damage|p1b: Ursaluna|17/100 brn
|faint|p1a: Infernape
|move|p1b: Ursaluna|Facade|p2b: Ursaluna
|-damage|p2b: Ursaluna|0 fnt
|faint|p2b: Ursaluna
|move|p2a: Porygon2|Ice Beam|p1b: Ursaluna
|-supereffective|p1b: Ursaluna
|-damage|p1b: Ursaluna|0 fnt
|faint|p1b: Ursaluna
|
|upkeep
|
|t:|1757768537
|switch|p1b: Blastoise|Blastoise, L50, M|80/100
|turn|5
|
|t:|1757768545
|move|p2a: Porygon2|Recover|p2a: Porygon2
|-heal|p2a: Porygon2|63/100
|move|p1b: Blastoise|Ice Beam|p2a: Porygon2
|-supereffective|p2a: Porygon2
|-damage|p2a: Porygon2|28/100
|
|upkeep
|turn|6
|
|t:|1757768552
|move|p2a: Porygon2|Recover|p2a: Porygon2
|-heal|p2a: Porygon2|79/100
|move|p1b: Blastoise|Ice Beam|p2a: Porygon2
|-supereffective|p2a: Porygon2
|-damage|p2a: Porygon2|40/100
|
|-fieldend|move: Trick Room
|upkeep
|turn|7
|
|t:|1757768557
|move|p1b: Blastoise|Ice Beam|p2a: Porygon2
|-supereffective|p2a: Porygon2
|-damage|p2a: Porygon2|2/100
|move|p2a: Porygon2|Recover|p2a: Porygon2
|-heal|p2a: Porygon2|52/100
|
|upkeep
|turn|8
|
|t:|1757768561
|move|p1b: Blastoise|Ice Beam|p2a: Porygon2
|-supereffective|p2a: Porygon2
|-damage|p2a: Porygon2|17/100
|move|p2a: Porygon2|Recover|p2a: Porygon2
|-heal|p2a: Porygon2|67/100
|
|upkeep
|turn|9
|
|t:|1757768566
|move|p1b: Blastoise|Ice Beam|p2a: Porygon2
|-supereffective|p2a: Porygon2
|-damage|p2a: Porygon2|27/100
|move|p2a: Porygon2|Trick Room|p2a: Porygon2
|-fieldstart|move: Trick Room|[of] p2a: Porygon2
|
|upkeep
|turn|10
|
|t:|1757768568
|move|p2a: Porygon2|Recover|p2a: Porygon2
|-heal|p2a: Porygon2|77/100
|move|p1b: Blastoise|Ice Beam|p2a: Porygon2
|-supereffective|p2a: Porygon2
|-damage|p2a: Porygon2|44/100
|
|upkeep
|turn|11
|
|t:|1757768573
|move|p2a: Porygon2|Recover|p2a: Porygon2
|-heal|p2a: Porygon2|94/100
|move|p1b: Blastoise|Ice Beam|p2a: Porygon2
|-supereffective|p2a: Porygon2
|-damage|p2a: Porygon2|58/100
|-status|p2a: Porygon2|frz
|
|upkeep
|turn|12
|
|t:|1757768576
|cant|p2a: Porygon2|frz
|move|p1b: Blastoise|Ice Beam|p2a: Porygon2
|-supereffective|p2a: Porygon2
|-damage|p2a: Porygon2|19/100 frz
|
|upkeep
|turn|13
|
|t:|1757768578
|cant|p2a: Porygon2|frz
|move|p1b: Blastoise|Ice Beam|p2a: Porygon2
|-supereffective|p2a: Porygon2
|-damage|p2a: Porygon2|0 fnt
|faint|p2a: Porygon2
|
|win|liv&large27
||nuovosangue is ready for game 2.
||liv&large27 is ready for game 2.
|uhtml|next|Next: Game 2 of 3
|l|☆liv&large27
|player|p1|
|l|☆nuovosangue
|player|p2|
