|j|☆whatdoesalt+f4do
|j|☆neon83
|html|whatdoesalt+f4doneon83    
|uhtml|bestof|Game 1 of a best-of-3
|t:|1785176927
|gametype|doubles
|player|p1|whatdoesalt+f4do|170|1211
|player|p2|neon83|acetrainerf-gen4dp|1143
|gen|9
|tier|[Gen 9 Champions] VGC 2026 Reg M-B (Bo3)
|rated|
|rule|Species Clause: Limit one of each Pokémon
|rule|Item Clause: Limit 1 of each item
|clearpoke
|poke|p1|Staraptor, L50, M|
|poke|p1|Arcanine-Hisui, L50, F|
|poke|p1|Kingambit, L50, M|
|poke|p1|Raichu, L50, F|
|poke|p1|Farigiraf, L50, F|
|poke|p1|Sylveon, L50, M|
|poke|p2|Staraptor, L50, F|
|poke|p2|Arcanine-Hisui, L50, F|
|poke|p2|Kingambit, L50, M|
|poke|p2|Raichu, L50, F|
|poke|p2|Farigiraf, L50, M|
|poke|p2|Sylveon, L50, F|
|teampreview|4
|showteam|p1|Staraptor||Staraptite|Intimidate|DualWingbeat,CloseCombat,Tailwind,Protect|Jolly||M|||50|]Arcanine-Hisui||FocusSash|RockHead|FlareBlitz,HeadSmash,ExtremeSpeed,Protect|Jolly||F|||50|]Kingambit||LifeOrb|Defiant|KowtowCleave,SuckerPunch,SwordsDance,Protect|Adamant||M|||50|]Raichu||RaichuniteY|Static|ZapCannon,FocusBlast,FakeOut,Protect|Timid||F|||50|]Farigiraf||SitrusBerry|ArmorTail|Psychic,HelpingHand,TrickRoom,Protect|Calm||F|||50|]Sylveon||FairyFeather|Pixilate|HyperVoice,HyperBeam,QuickAttack,Detect|Quiet||M|||50|
|showteam|p2|Staraptor||Staraptite|Intimidate|DualWingbeat,CloseCombat,Tailwind,Protect|Jolly||F|||50|]Arcanine-Hisui||FocusSash|RockHead|FlareBlitz,HeadSmash,ExtremeSpeed,Protect|Jolly||F|||50|]Kingambit||LifeOrb|Defiant|KowtowCleave,SuckerPunch,SwordsDance,Protect|Adamant||M|||50|]Raichu||RaichuniteY|LightningRod|ZapCannon,FocusBlast,FakeOut,Protect|Timid||F|||50|]Farigiraf||SitrusBerry|ArmorTail|Psychic,HelpingHand,TrickRoom,Protect|Calm||M|||50|]Sylveon||FairyFeather|Pixilate|HyperVoice,HyperBeam,QuickAttack,Detect|Modest||F|||50|
|inactive|Battle timer is ON: inactive players will automatically lose when time's up. (requested by neon83)
|inactive|whatdoesalt+f4do also wants the timer to be on.
|c|☆neon83|lol
|inactive|whatdoesalt+f4do has 60 seconds left.
|inactive|neon83 has 60 seconds left.
|j| tedidn
|
|t:|1785176979
|teamsize|p1|4
|teamsize|p2|4
|start
|switch|p1a: Raichu|Raichu, L50, F|100/100
|switch|p1b: Sylveon|Sylveon, L50, M|100/100
|switch|p2a: Raichu|Raichu, L50, F|100/100
|switch|p2b: Kingambit|Kingambit, L50, M|100/100
|turn|1
|inactive|whatdoesalt+f4do has 30 seconds left.
|inactive|neon83 has 30 seconds left.
|inactive|whatdoesalt+f4do has 20 seconds left.
|inactive|neon83 has 20 seconds left.
|
|t:|1785177018
|switch|p2a: Farigiraf|Farigiraf, L50, M|100/100
|move|p1a: Raichu|Fake Out||[still]
|cant|p2a: Farigiraf|ability: Armor Tail|Fake Out|[of] p1a: Raichu
|move|p1b: Sylveon|Hyper Voice|p2b: Kingambit|[spread] p2a,p2b
|-damage|p2a: Farigiraf|47/100
|-damage|p2b: Kingambit|42/100
|-enditem|p2a: Farigiraf|Sitrus Berry|[eat]
|-heal|p2a: Farigiraf|72/100|[from] item: Sitrus Berry
|move|p2b: Kingambit|Swords Dance|p2b: Kingambit
|-boost|p2b: Kingambit|atk|2
|
|upkeep
|turn|2
|
|t:|1785177040
|detailschange|p1a: Raichu|Raichu-Mega-Y, L50, F
|-mega|p1a: Raichu|Raichu|Raichunite Y
|move|p2b: Kingambit|Sucker Punch|p1a: Raichu
|-damage|p1a: Raichu|0 fnt
|faint|p1a: Raichu
|-damage|p2b: Kingambit|33/100|[from] item: Life Orb
|move|p1b: Sylveon|Hyper Voice|p2a: Farigiraf|[spread] p2a,p2b
|-damage|p2a: Farigiraf|16/100
|-damage|p2b: Kingambit|0 fnt
|faint|p2b: Kingambit
|move|p2a: Farigiraf|Trick Room|p2a: Farigiraf
|-fieldstart|move: Trick Room|[of] p2a: Farigiraf
|
|upkeep
|
|t:|1785177051
|switch|p2b: Sylveon|Sylveon, L50, F|100/100
|switch|p1a: Kingambit|Kingambit, L50, M|100/100
|turn|3
|
|t:|1785177075
|move|p2a: Farigiraf|Helping Hand|p2b: Sylveon
|-singleturn|p2b: Sylveon|Helping Hand|[of] p2a: Farigiraf
|move|p1b: Sylveon|Detect|p1b: Sylveon
|-singleturn|p1b: Sylveon|Protect
|move|p1a: Kingambit|Kowtow Cleave|p2a: Farigiraf
|-supereffective|p2a: Farigiraf|1
|-damage|p2a: Farigiraf|0 fnt
|faint|p2a: Farigiraf
|-damage|p1a: Kingambit|90/100|[from] item: Life Orb
|move|p2b: Sylveon|Hyper Voice|p1a: Kingambit|[spread] p1a
|-activate|p1b: Sylveon|move: Protect
|-damage|p1a: Kingambit|34/100
|
|upkeep
|
|t:|1785177087
|switch|p2a: Raichu|Raichu, L50, F|100/100
|turn|4
|inactive|whatdoesalt+f4do has 30 seconds left.
|
|t:|1785177121
|detailschange|p2a: Raichu|Raichu-Mega-Y, L50, F
|-mega|p2a: Raichu|Raichu|Raichunite Y
|move|p2a: Raichu|Fake Out|p1b: Sylveon
|-damage|p1b: Sylveon|88/100
|move|p1a: Kingambit|Sucker Punch||[still]
|-fail|p1a: Kingambit
|cant|p1b: Sylveon|flinch
|move|p2b: Sylveon|Hyper Voice|p1b: Sylveon|[spread] p1a,p1b
|-damage|p1a: Kingambit|0 fnt
|-damage|p1b: Sylveon|61/100
|faint|p1a: Kingambit
|
|upkeep
|
|t:|1785177130
|switch|p1a: Arcanine|Arcanine-Hisui, L50, F|100/100
|turn|5
|inactive|neon83 has 30 seconds left.
|inactive|whatdoesalt+f4do has 30 seconds left.
|inactive|neon83 has 20 seconds left.
|inactive|neon83 has 15 seconds left.
|inactive|neon83 has 10 seconds left.
|
|t:|1785177175
|move|p1b: Sylveon|Hyper Voice|p2a: Raichu|[spread] p2a,p2b
|-damage|p2a: Raichu|26/100
|-damage|p2b: Sylveon|57/100
|move|p2b: Sylveon|Hyper Beam|p1b: Sylveon
|-damage|p1b: Sylveon|1/100
|-mustrecharge|p2b: Sylveon
|move|p1a: Arcanine|Head Smash|p2b: Sylveon
|-damage|p2b: Sylveon|0 fnt
|faint|p2b: Sylveon
|move|p2a: Raichu|Zap Cannon|p1a: Arcanine
|-damage|p1a: Arcanine|15/100
|-status|p1a: Arcanine|par
|
|upkeep
|turn|6
|
|t:|1785177196
|move|p2a: Raichu|Protect|p2a: Raichu
|-singleturn|p2a: Raichu|Protect
|move|p1b: Sylveon|Hyper Voice|p2a: Raichu
|-activate|p2a: Raichu|move: Protect
|cant|p1a: Arcanine|par
|
|-fieldend|move: Trick Room
|upkeep
|turn|7
|
|t:|1785177203
|move|p1b: Sylveon|Quick Attack|p2a: Raichu
|-damage|p2a: Raichu|0 fnt
|faint|p2a: Raichu
|
|win|whatdoesalt+f4do
