|j|☆MagickeySY
|j|☆shieeeee
|html|MagickeySYshieeeee    
|uhtml|bestof|Game 2 of a best-of-3
|t:|1757001547
|gametype|doubles
|player|p1|MagickeySY|steven|1133
|player|p2|shieeeee|169|1229
|gen|9
|tier|[Gen 9] VGC 2025 Reg H (Bo3)
|rated|
|rule|Species Clause: Limit one of each Pokémon
|rule|Item Clause: Limit 1 of each item
|clearpoke
|poke|p1|Dragonite, L50, M|
|poke|p1|Sneasler, L50, M|
|poke|p1|Annihilape, L50, M|
|poke|p1|Maushold-Four, L50|
|poke|p1|Sinistcha-Masterpiece, L50|
|poke|p1|Archaludon, L50, M|
|poke|p2|Whimsicott, L50, F|
|poke|p2|Garchomp, L50, M|
|poke|p2|Gholdengo, L50|
|poke|p2|Incineroar, L50, M|
|poke|p2|Sneasler, L50, F|
|poke|p2|Dragonite, L50, M|
|teampreview|4
|showteam|p1|Dragonite||ChoiceBand|InnerFocus|ExtremeSpeed,TeraBlast,ScaleShot,StompingTantrum|||M|||50|,,,,,Flying]Sneasler||FocusSash|Unburden|FakeOut,CloseCombat,Coaching,DireClaw|||M|||50|,,,,,Ghost]Annihilape||Leftovers|Defiant|DrainPunch,RageFist,BulkUp,Protect|||M|||50|,,,,,Water]Maushold-Four||SafetyGoggles|FriendGuard|BeatUp,Taunt,FollowMe,Protect||||||50|,,,,,Ghost]Sinistcha-Masterpiece||SitrusBerry|Hospitality|MatchaGotcha,LifeDew,RagePowder,TrickRoom||||||50|,,,,,Water]Archaludon||AssaultVest|Stamina|BodyPress,DragonPulse,ElectroShot,FlashCannon|||M|||50|,,,,,Fairy
|showteam|p2|Whimsicott||FocusSash|Prankster|Moonblast,Tailwind,Encore,Protect|||F|||50|,,,,,Ghost]Garchomp||LifeOrb|RoughSkin|Earthquake,DragonClaw,StompingTantrum,Protect|||M|||50|,,,,,Ground]Gholdengo||ChoiceSpecs|GoodasGold|MakeItRain,ShadowBall,Trick,Protect||||||50|,,,,,Steel]Incineroar||AssaultVest|Intimidate|FlareBlitz,FakeOut,KnockOff,Uturn|||M|||50|,,,,,Grass]Sneasler||WhiteHerb|Unburden|FakeOut,DireClaw,CloseCombat,Protect|||F|||50|,,,,,Stellar]Dragonite||ChoiceBand|InnerFocus|ExtremeSpeed,Outrage,IceSpinner,StompingTantrum|||M|||50|,,,,,Normal
|inactive|Battle timer is ON: inactive players will automatically lose when time's up. (requested by shieeeee)
|inactive|MagickeySY has 60 seconds left.
|
|t:|1757001585
|teamsize|p1|4
|teamsize|p2|4
|start
|switch|p1a: Dragonite|Dragonite, L50, M|100/100
|switch|p1b: Sneasler|Sneasler, L50, M|100/100
|switch|p2a: Garchomp|Garchomp, L50, M, shiny|100/100
|switch|p2b: Dragonite|Dragonite, L50, M, shiny|100/100
|turn|1
|inactive|MagickeySY has 30 seconds left.
|inactive|shieeeee has 30 seconds left.
|inactive|MagickeySY has 20 seconds left.
|inactive|shieeeee has 20 seconds left.
|inactive|shieeeee has 15 seconds left.
|
|t:|1757001628
|-terastallize|p2b: Dragonite|Normal
|move|p2b: Dragonite|Extreme Speed|p1b: Sneasler
|-enditem|p1b: Sneasler|Focus Sash
|-damage|p1b: Sneasler|1/100
|move|p1b: Sneasler|Coaching|p1a: Dragonite
|-boost|p1a: Dragonite|atk|1
|-boost|p1a: Dragonite|def|1
|move|p2a: Garchomp|Dragon Claw|p1a: Dragonite
|-supereffective|p1a: Dragonite
|-crit|p1a: Dragonite
|-damage|p1a: Dragonite|0 fnt
|faint|p1a: Dragonite
|-damage|p2a: Garchomp|91/100|[from] item: Life Orb
|
|upkeep
|
|t:|1757001645
|switch|p1a: Annihilape|Annihilape, L50, M|100/100
|turn|2
|inactive|shieeeee has 30 seconds left.
|
|t:|1757001673
|switch|p1b: Sinistcha|Sinistcha-Masterpiece, L50|100/100
|switch|p2b: Sneasler|Sneasler, L50, F|100/100
|move|p2a: Garchomp|Dragon Claw|p1b: Sinistcha
|-damage|p1b: Sinistcha|58/100
|-damage|p2a: Garchomp|81/100|[from] item: Life Orb
|move|p1a: Annihilape|Bulk Up|p1a: Annihilape
|-boost|p1a: Annihilape|atk|1
|-boost|p1a: Annihilape|def|1
|
|upkeep
|turn|3
|inactive|MagickeySY has 30 seconds left.
|inactive|MagickeySY has 20 seconds left.
|inactive|MagickeySY has 15 seconds left.
|
|t:|1757001715
|switch|p1b: Sneasler|Sneasler, L50, M|1/100
|move|p2b: Sneasler|Dire Claw|p1b: Sneasler
|-resisted|p1b: Sneasler
|-damage|p1b: Sneasler|0 fnt
|faint|p1b: Sneasler
|move|p2a: Garchomp|Dragon Claw|p1a: Annihilape
|-damage|p1a: Annihilape|65/100
|-damage|p2a: Garchomp|71/100|[from] item: Life Orb
|move|p1a: Annihilape|Drain Punch|p2b: Sneasler
|-resisted|p2b: Sneasler
|-damage|p2b: Sneasler|62/100
|-heal|p1a: Annihilape|79/100|[from] drain|[of] p2b: Sneasler
|
|-heal|p1a: Annihilape|86/100|[from] item: Leftovers
|upkeep
|
|t:|1757001730
|switch|p1b: Sinistcha|Sinistcha-Masterpiece, L50|58/100
|-heal|p1a: Annihilape|100/100|[from] ability: Hospitality|[of] p1b: Sinistcha
|turn|4
|inactive|MagickeySY has 30 seconds left.
|
|t:|1757001762
|-terastallize|p1b: Sinistcha|Water
|move|p2b: Sneasler|Dire Claw|p1b: Sinistcha
|-damage|p1b: Sinistcha|20/100
|-status|p1b: Sinistcha|psn
|-enditem|p1b: Sinistcha|Sitrus Berry|[eat]
|-heal|p1b: Sinistcha|44/100 psn|[from] item: Sitrus Berry
|move|p2a: Garchomp|Dragon Claw|p1b: Sinistcha
|-damage|p1b: Sinistcha|4/100 psn
|-damage|p2a: Garchomp|61/100|[from] item: Life Orb
|move|p1a: Annihilape|Drain Punch|p2b: Sneasler
|-resisted|p2b: Sneasler
|-damage|p2b: Sneasler|22/100
|move|p1b: Sinistcha|Trick Room|p1b: Sinistcha
|-fieldstart|move: Trick Room|[of] p1b: Sinistcha
|
|-damage|p1b: Sinistcha|0 fnt|[from] psn
|faint|p1b: Sinistcha
|upkeep
|turn|5
|inactive|MagickeySY has 30 seconds left.
|
|t:|1757001791
|move|p2b: Sneasler|Protect|p2b: Sneasler
|-singleturn|p2b: Sneasler|Protect
|move|p1a: Annihilape|Rage Fist|p2a: Garchomp
|-damage|p2a: Garchomp|2/100
|-damage|p1a: Annihilape|88/100|[from] ability: Rough Skin|[of] p2a: Garchomp
|move|p2a: Garchomp|Earthquake|p1a: Annihilape|[spread] p1a
|-activate|p2b: Sneasler|move: Protect
|-damage|p1a: Annihilape|52/100
|-damage|p2a: Garchomp|0 fnt|[from] item: Life Orb
|faint|p2a: Garchomp
|
|-heal|p1a: Annihilape|58/100|[from] item: Leftovers
|upkeep
|
|t:|1757001802
|switch|p2a: Dragonite|Dragonite, L50, M, shiny, tera:Normal|100/100
|turn|6
|
|t:|1757001823
|move|p2a: Dragonite|Outrage|p1a: Annihilape
|-damage|p1a: Annihilape|0 fnt
|faint|p1a: Annihilape
|
|win|shieeeee
|raw|MagickeySY's rating: 1133 → 1115(-18 for losing)
|raw|shieeeee's rating: 1229 → 1247(+18 for winning)
|l|☆MagickeySY
|player|p1|
