|j|☆Kleiton.nono
|j|☆tooon
|html|Kleiton.nonotooon    
|uhtml|bestof|Game 2 of a best-of-3
|t:|1756682817
|gametype|doubles
|player|p1|Kleiton.nono|170|
|player|p2|tooon|gambler|
|gen|9
|tier|[Gen 9] VGC 2025 Reg H (Bo3)
|rule|Species Clause: Limit one of each Pokémon
|rule|Item Clause: Limit 1 of each item
|clearpoke
|poke|p1|Kingambit, L50, M|
|poke|p1|Primarina, L50, F|
|poke|p1|Sneasler, L50, F|
|poke|p1|Magmar, L50, F|
|poke|p1|Rillaboom, L50, M|
|poke|p1|Dragapult, L50, M|
|poke|p2|Gholdengo, L50|
|poke|p2|Sneasler, L50, M|
|poke|p2|Rillaboom, L50, F|
|poke|p2|Ninetales-Alola, L50, F|
|poke|p2|Arcanine-Hisui, L50, M|
|poke|p2|Dragonite, L50, M|
|teampreview|4
|showteam|p1|Kingambit||BlackGlasses|Defiant|KowtowCleave,SuckerPunch,SwordsDance,Protect|||M|||50|,,,,,Dark]Primarina||SitrusBerry|LiquidVoice|HyperVoice,Moonblast,Haze,Protect|||F|||50|,,,,,Poison]Sneasler||FocusSash|PoisonTouch|CloseCombat,DireClaw,FakeOut,Protect|||F|||50|,,,,,Ghost]Magmar||Eviolite|VitalSpirit|Overheat,WillOWisp,FollowMe,Protect|||F|||50|,,,,,Ghost]Rillaboom||AssaultVest|GrassySurge|WoodHammer,GrassyGlide,HighHorsepower,FakeOut|||M|||50|,,,,,Fire]Dragapult||ChoiceBand|ClearBody|DragonDarts,PhantomForce,Outrage,Uturn|||M|||50|,,,,,Dragon
|showteam|p2|Gholdengo||GrassySeed|GoodasGold|NastyPlot,MakeItRain,ShadowBall,Protect||||||50|,,,,,Water]Sneasler||WhiteHerb|Unburden|CloseCombat,DireClaw,Coaching,Protect|||M|||50|,,,,,Ghost]Rillaboom||AssaultVest|GrassySurge|FakeOut,GrassyGlide,DrumBeating,HighHorsepower|||F|||50|,,,,,Fire]Ninetales-Alola||FocusSash|SnowWarning|Blizzard,IcyWind,Encore,AuroraVeil|||F|||50|,,,,,Ghost]Arcanine-Hisui||ClearAmulet|Intimidate|RockSlide,FlareBlitz,ExtremeSpeed,Protect|||M|||50|,,,,,Water]Dragonite||LoadedDice|Multiscale|ScaleShot,StompingTantrum,Tailwind,Protect|||M|||50|,,,,,Ground
|
|t:|1756682851
|teamsize|p1|4
|teamsize|p2|4
|start
|switch|p1a: Sneasler|Sneasler, L50, F|100/100
|switch|p1b: Magmar|Magmar, L50, F|100/100
|switch|p2a: Dragonite|Dragonite, L50, M|100/100
|switch|p2b: Ninetales|Ninetales-Alola, L50, F|100/100
|-weather|Snowscape|[from] ability: Snow Warning|[of] p2b: Ninetales
|turn|1
|
|t:|1756682880
|-terastallize|p2b: Ninetales|Ghost
|move|p2a: Dragonite|Protect|p2a: Dragonite
|-singleturn|p2a: Dragonite|Protect
|move|p1a: Sneasler|Fake Out|p2a: Dragonite
|-activate|p2a: Dragonite|move: Protect
|move|p2b: Ninetales|Aurora Veil|p2b: Ninetales
|-sidestart|p2: tooon|move: Aurora Veil
|move|p1b: Magmar|Will-O-Wisp|p2a: Dragonite
|-activate|p2a: Dragonite|move: Protect
|
|-weather|Snowscape|[upkeep]
|upkeep
|turn|2
|
|t:|1756682906
|switch|p2a: Arcanine|Arcanine-Hisui, L50, M|100/100
|-ability|p2a: Arcanine|Intimidate|boost
|-unboost|p1a: Sneasler|atk|1
|-unboost|p1b: Magmar|atk|1
|move|p1a: Sneasler|Protect|p1a: Sneasler
|-singleturn|p1a: Sneasler|Protect
|move|p2b: Ninetales|Icy Wind|p1a: Sneasler|[spread] p1b
|-activate|p1a: Sneasler|move: Protect
|-resisted|p1b: Magmar
|-damage|p1b: Magmar|95/100
|-unboost|p1b: Magmar|spe|1
|move|p1b: Magmar|Will-O-Wisp|p2a: Arcanine
|-immune|p2a: Arcanine
|
|-weather|Snowscape|[upkeep]
|upkeep
|turn|3
|
|t:|1756682938
|-terastallize|p1a: Sneasler|Ghost
|move|p2a: Arcanine|Protect|p2a: Arcanine
|-singleturn|p2a: Arcanine|Protect
|move|p1a: Sneasler|Dire Claw|p2b: Ninetales
|-resisted|p2b: Ninetales
|-damage|p2b: Ninetales|87/100
|move|p2b: Ninetales|Blizzard|p1a: Sneasler|[spread] p1a,p1b
|-resisted|p1b: Magmar
|-damage|p1a: Sneasler|59/100
|-damage|p1b: Magmar|81/100
|move|p1b: Magmar|Will-O-Wisp|p2b: Ninetales
|-status|p2b: Ninetales|brn
|
|-weather|Snowscape|[upkeep]
|-damage|p2b: Ninetales|81/100 brn|[from] brn
|upkeep
|turn|4
|
|t:|1756682964
|switch|p2a: Dragonite|Dragonite, L50, M|100/100
|move|p1a: Sneasler|Close Combat|p2a: Dragonite
|-resisted|p2a: Dragonite
|-damage|p2a: Dragonite|93/100
|-unboost|p1a: Sneasler|def|1
|-unboost|p1a: Sneasler|spd|1
|-status|p2a: Dragonite|psn|[from] ability: Poison Touch|[of] p1a: Sneasler
|move|p2b: Ninetales|Icy Wind|p1b: Magmar|[spread] p1a,p1b
|-resisted|p1b: Magmar
|-damage|p1a: Sneasler|30/100
|-damage|p1b: Magmar|75/100
|-unboost|p1a: Sneasler|spe|1
|-unboost|p1b: Magmar|spe|1
|move|p1b: Magmar|Overheat|p2b: Ninetales
|-damage|p2b: Ninetales|39/100 brn
|-unboost|p1b: Magmar|spa|2
|
|-weather|Snowscape|[upkeep]
|-damage|p2a: Dragonite|81/100 psn|[from] psn
|-damage|p2b: Ninetales|33/100 brn|[from] brn
|upkeep
|turn|5
|
|t:|1756682991
|move|p1a: Sneasler|Protect|p1a: Sneasler
|-singleturn|p1a: Sneasler|Protect
|move|p2b: Ninetales|Blizzard|p1b: Magmar|[spread] p1b
|-activate|p1a: Sneasler|move: Protect
|-resisted|p1b: Magmar
|-damage|p1b: Magmar|63/100
|move|p2a: Dragonite|Stomping Tantrum|p1b: Magmar
|-supereffective|p1b: Magmar
|-crit|p1b: Magmar
|-damage|p1b: Magmar|0 fnt
|faint|p1b: Magmar
|
|-weather|none
|-damage|p2a: Dragonite|69/100 psn|[from] psn
|-damage|p2b: Ninetales|27/100 brn|[from] brn
|-sideend|p2: tooon|move: Aurora Veil
|upkeep
|
|t:|1756683011
|switch|p1b: Dragapult|Dragapult, L50, M|100/100
|turn|6
|
|t:|1756683026
|move|p1b: Dragapult|Dragon Darts|p2a: Dragonite
|-supereffective|p2a: Dragonite
|-damage|p2a: Dragonite|0 fnt
|-anim|p1b: Dragapult|Dragon Darts|p2b: Ninetales
|-damage|p2b: Ninetales|0 fnt
|faint|p2a: Dragonite
|faint|p2b: Ninetales
|move|p1a: Sneasler|Dire Claw|p2: Dragonite|[notarget]
|-fail|p1a: Sneasler
|
|upkeep
|
|t:|1756683031
|switch|p2b: Arcanine|Arcanine-Hisui, L50, M|100/100
|switch|p2a: Sneasler|Sneasler, L50, M|100/100
|-ability|p2b: Arcanine|Intimidate|boost
|-unboost|p1a: Sneasler|atk|1
|-fail|p1b: Dragapult|unboost|[from] ability: Clear Body|[of] p1b: Dragapult
|turn|7
|
|t:|1756683061
|move|p1a: Sneasler|Protect|p1a: Sneasler
|-singleturn|p1a: Sneasler|Protect
|move|p1b: Dragapult|Dragon Darts|p2a: Sneasler
|-damage|p2a: Sneasler|47/100
|-anim|p1b: Dragapult|Dragon Darts|p2b: Arcanine
|-damage|p2b: Arcanine|50/100
|move|p2a: Sneasler|Dire Claw|p1a: Sneasler
|-activate|p1a: Sneasler|move: Protect
|move|p2b: Arcanine|Rock Slide|p1b: Dragapult|[spread] p1b
|-activate|p1a: Sneasler|move: Protect
|-damage|p1b: Dragapult|65/100
|
|upkeep
|turn|8
|
|t:|1756683088
|move|p1b: Dragapult|Dragon Darts|p2a: Sneasler
|-damage|p2a: Sneasler|0 fnt
|-anim|p1b: Dragapult|Dragon Darts|p2b: Arcanine
|-damage|p2b: Arcanine|2/100
|faint|p2a: Sneasler
|move|p2b: Arcanine|Rock Slide|p1b: Dragapult|[spread] p1a,p1b
|-damage|p1a: Sneasler|0 fnt
|-damage|p1b: Dragapult|28/100
|faint|p1a: Sneasler
|
|upkeep
|
|t:|1756683099
|switch|p1a: Kingambit|Kingambit, L50, M|100/100
|turn|9
|
|t:|1756683106
|move|p1a: Kingambit|Sucker Punch|p2b: Arcanine
|-damage|p2b: Arcanine|0 fnt
|faint|p2b: Arcanine
|
|win|Kleiton.nono
||tooon is ready for game 3.
|l|☆Kleiton.nono
|player|p1|
|inactive|Kleiton.nono has 30 seconds to confirm battle start!
||Kleiton.nono is ready for game 3.
|uhtml|next|Next: Game 3 of 3
|l|☆tooon
|player|p2|
|j|☆tooon
|player|p2|tooon|gambler|
