|j|☆TheKirbsMaster
|j|☆imnotthatgoodvgc
|html|TheKirbsMasterimnotthatgoodvgc    
|uhtml|bestof|Game 1 of a best-of-3
|t:|1784816285
|gametype|doubles
|player|p1|TheKirbsMaster|zinnia|1072
|player|p2|imnotthatgoodvgc|pokekid|1025
|gen|9
|tier|[Gen 9 Champions] VGC 2026 Reg M-B (Bo3)
|rated|
|rule|Species Clause: Limit one of each Pokémon
|rule|Item Clause: Limit 1 of each item
|clearpoke
|poke|p1|Meganium, L50, M|
|poke|p1|Pelipper, L50, F|
|poke|p1|Sneasler, L50, M|
|poke|p1|Basculegion, L50, M|
|poke|p1|Snorlax, L50, F|
|poke|p1|Meowscarada, L50, F|
|poke|p2|Incineroar, L50, M|
|poke|p2|Charizard, L50, M|
|poke|p2|Garchomp, L50, M|
|poke|p2|Azumarill, L50, M|
|poke|p2|Sinistcha, L50|
|poke|p2|Goodra-Hisui, L50, F|
|teampreview|4
|showteam|p1|Meganium||Meganiumite|LeafGuard|SolarBeam,DazzlingGleam,WeatherBall,Protect|Modest||M|||50|]Pelipper||Leftovers|Drizzle|Hurricane,Tailwind,Roost,Protect|Bold||F|||50|]Sneasler||WhiteHerb|Unburden|DireClaw,CloseCombat,FakeOut,Protect|Jolly||M|||50|]Basculegion||ChoiceScarf|SwiftSwim|WaveCrash,LastRespects,IceFang,FlipTurn|Adamant||M|||50|]Snorlax||SitrusBerry|ThickFat|BodySlam,Crunch,BellyDrum,Protect|Adamant||F|||50|]Meowscarada||ExpertBelt|Protean|KnockOff,FlowerTrick,Taunt,Protect|Adamant||F|||50|
|showteam|p2|Incineroar||Leftovers|Intimidate|PartingShot,FakeOut,FlareBlitz,ThroatChop|Careful||M|||50|]Charizard||CharizarditeY|Blaze|Protect,HeatWave,SolarBeam,WeatherBall|Modest||M|||50|]Garchomp||ScopeLens|RoughSkin|Protect,DragonClaw,RockSlide,Earthquake|Adamant||M|||50|]Azumarill||SitrusBerry|HugePower|Protect,AquaJet,BellyDrum,PlayRough|Adamant||M|||50|]Sinistcha||FocusSash|Hospitality|Protect,TrickRoom,MatchaGotcha,RagePowder|Calm|||||50|]Goodra-Hisui||ShellBell|SapSipper|Feint,Protect,DragonCheer,HeavySlam|Relaxed||F|||50|
|inactive|Battle timer is ON: inactive players will automatically lose when time's up. (requested by imnotthatgoodvgc)
|inactive|imnotthatgoodvgc has 60 seconds left.
|
|t:|1784816329
|teamsize|p1|4
|teamsize|p2|4
|start
|switch|p1a: Pelipper|Pelipper, L50, F|100/100
|switch|p1b: Sneasler|Sneasler, L50, M|100/100
|switch|p2a: Sinistcha|Sinistcha, L50|100/100
|switch|p2b: Charizard|Charizard, L50, M|100/100
|-weather|RainDance|[from] ability: Drizzle|[of] p1a: Pelipper
|turn|1
|inactive|TheKirbsMaster has 30 seconds left.
|inactive|imnotthatgoodvgc has 30 seconds left.
|inactive|imnotthatgoodvgc has 20 seconds left.
|
|t:|1784816365
|move|p2b: Charizard|Protect|p2b: Charizard
|-singleturn|p2b: Charizard|Protect
|move|p2a: Sinistcha|Protect|p2a: Sinistcha
|-singleturn|p2a: Sinistcha|Protect
|move|p1b: Sneasler|Fake Out|p2b: Charizard
|-activate|p2b: Charizard|move: Protect
|move|p1a: Pelipper|Tailwind|p1a: Pelipper
|-sidestart|p1: TheKirbsMaster|move: Tailwind
|
|-weather|RainDance|[upkeep]
|upkeep
|turn|2
|
|t:|1784816389
|detailschange|p2b: Charizard|Charizard-Mega-Y, L50, M
|-mega|p2b: Charizard|Charizard|Charizardite Y
|-weather|SunnyDay|[from] ability: Drought|[of] p2b: Charizard
|move|p1b: Sneasler|Protect|p1b: Sneasler
|-singleturn|p1b: Sneasler|Protect
|move|p2a: Sinistcha|Rage Powder|p2a: Sinistcha
|-singleturn|p2a: Sinistcha|move: Rage Powder
|move|p1a: Pelipper|Hurricane|p2a: Sinistcha
|-supereffective|p2a: Sinistcha|1
|-damage|p2a: Sinistcha|31/100
|-start|p2a: Sinistcha|confusion
|move|p2b: Charizard|Heat Wave|p1a: Pelipper|[spread] p1a
|-activate|p1b: Sneasler|move: Protect
|-resisted|p1a: Pelipper|1
|-damage|p1a: Pelipper|48/100
|
|-weather|SunnyDay|[upkeep]
|-heal|p1a: Pelipper|54/100|[from] item: Leftovers
|upkeep
|turn|3
|inactive|TheKirbsMaster has 30 seconds left.
|inactive|imnotthatgoodvgc has 30 seconds left.
|inactive|TheKirbsMaster has 20 seconds left.
|inactive|imnotthatgoodvgc has 20 seconds left.
|
|t:|1784816425
|switch|p1a: Basculegion|Basculegion, L50, M|100/100
|-activate|p2a: Sinistcha|confusion
|move|p2a: Sinistcha|Rage Powder|p2a: Sinistcha
|-singleturn|p2a: Sinistcha|move: Rage Powder
|move|p1b: Sneasler|Dire Claw|p2a: Sinistcha
|-damage|p2a: Sinistcha|0 fnt
|faint|p2a: Sinistcha
|move|p2b: Charizard|Heat Wave|p1a: Basculegion|[spread] p1a,p1b
|-resisted|p1a: Basculegion|1
|-damage|p1a: Basculegion|60/100
|-damage|p1b: Sneasler|1/100
|
|-weather|SunnyDay|[upkeep]
|upkeep
|
|t:|1784816443
|switch|p2a: Azumarill|Azumarill, L50, M|100/100
|turn|4
|
|t:|1784816460
|switch|p1b: Pelipper|Pelipper, L50, F|54/100
|-weather|RainDance|[from] ability: Drizzle|[of] p1b: Pelipper
|switch|p2b: Goodra|Goodra-Hisui, L50, F|100/100
|move|p2a: Azumarill|Aqua Jet|p1b: Pelipper
|-resisted|p1b: Pelipper|1
|-crit|p1b: Pelipper
|-damage|p1b: Pelipper|28/100
|move|p1a: Basculegion|Flip Turn|p2b: Goodra
|-resisted|p2b: Goodra|1
|-damage|p2b: Goodra|85/100
|
|t:|1784816476
|switch|p1a: Sneasler|Sneasler, L50, M|1/100|[from] Flip Turn
|
|-weather|RainDance|[upkeep]
|-heal|p1b: Pelipper|34/100|[from] item: Leftovers
|-sideend|p1: TheKirbsMaster|move: Tailwind
|upkeep
|turn|5
|inactive|imnotthatgoodvgc has 30 seconds left.
|
|t:|1784816503
|move|p1a: Sneasler|Fake Out|p2a: Azumarill
|-damage|p2a: Azumarill|84/100
|move|p2b: Goodra|Feint|p1a: Sneasler
|-damage|p1a: Sneasler|0 fnt
|faint|p1a: Sneasler
|-heal|p2b: Goodra|85/100|[from] item: Shell Bell|[of] p1: Sneasler
|move|p1b: Pelipper|Roost|p1b: Pelipper
|-heal|p1b: Pelipper|84/100
|-singleturn|p1b: Pelipper|move: Roost
|cant|p2a: Azumarill|flinch
|
|-weather|RainDance|[upkeep]
|-heal|p1b: Pelipper|90/100|[from] item: Leftovers
|upkeep
|inactive|TheKirbsMaster has 30 seconds left.
|
|t:|1784816533
|switch|p1a: Basculegion|Basculegion, L50, M|60/100
|turn|6
|inactive|imnotthatgoodvgc has 30 seconds left.
|
|t:|1784816567
|move|p1a: Basculegion|Last Respects|p2a: Azumarill
|-damage|p2a: Azumarill|26/100
|-enditem|p2a: Azumarill|Sitrus Berry|[eat]
|-heal|p2a: Azumarill|51/100|[from] item: Sitrus Berry
|move|p1b: Pelipper|Tailwind|p1b: Pelipper
|-sidestart|p1: TheKirbsMaster|move: Tailwind
|move|p2b: Goodra|Dragon Cheer|p2a: Azumarill
|-start|p2a: Azumarill|move: Dragon Cheer
|move|p2a: Azumarill|Play Rough|p1a: Basculegion
|-damage|p1a: Basculegion|0 fnt
|faint|p1a: Basculegion
|
|-weather|RainDance|[upkeep]
|-heal|p1b: Pelipper|96/100|[from] item: Leftovers
|upkeep
|
|t:|1784816581
|switch|p1a: Meganium|Meganium, L50, M|100/100
|turn|7
|
|t:|1784816595
|detailschange|p1a: Meganium|Meganium-Mega, L50, M
|-mega|p1a: Meganium|Meganium|Meganiumite
|move|p2a: Azumarill|Protect|p2a: Azumarill
|-singleturn|p2a: Azumarill|Protect
|move|p1a: Meganium|Dazzling Gleam|p2b: Goodra|[spread] p2b
|-activate|p2a: Azumarill|move: Protect
|-damage|p2b: Goodra|63/100
|move|p1b: Pelipper|Hurricane|p2a: Azumarill
|-activate|p2a: Azumarill|move: Protect
|move|p2b: Goodra|Heavy Slam|p1a: Meganium
|-supereffective|p1a: Meganium|1
|-damage|p1a: Meganium|74/100
|-heal|p2b: Goodra|66/100|[from] item: Shell Bell|[of] p1a: Meganium
|
|-weather|RainDance|[upkeep]
|-heal|p1b: Pelipper|100/100|[from] item: Leftovers
|upkeep
|turn|8
|inactive|TheKirbsMaster has 30 seconds left.
|
|t:|1784816623
|move|p2b: Goodra|Feint|p1b: Pelipper
|-damage|p1b: Pelipper|92/100
|-heal|p2b: Goodra|66/100|[from] item: Shell Bell|[of] p1b: Pelipper
|move|p2a: Azumarill|Aqua Jet|p1b: Pelipper
|-resisted|p1b: Pelipper|1
|-damage|p1b: Pelipper|75/100
|move|p1a: Meganium|Solar Beam||[still]
|-prepare|p1a: Meganium|Solar Beam
|-activate|p1a: Meganium|ability: Mega Sol
|-anim|p1a: Meganium|Solar Beam|p2a: Azumarill
|-supereffective|p2a: Azumarill|1
|-damage|p2a: Azumarill|0 fnt
|faint|p2a: Azumarill
|move|p1b: Pelipper|Hurricane|p2b: Goodra
|-resisted|p2b: Goodra|1
|-damage|p2b: Goodra|54/100
|
|-weather|none
|-heal|p1b: Pelipper|81/100|[from] item: Leftovers
|upkeep
|
|t:|1784816642
|switch|p2a: Charizard|Charizard-Mega-Y, L50, M|100/100
|-weather|SunnyDay|[from] ability: Drought|[of] p2a: Charizard
|turn|9
|
|t:|1784816652
|move|p1a: Meganium|Protect|p1a: Meganium
|-singleturn|p1a: Meganium|Protect
|move|p2a: Charizard|Protect|p2a: Charizard
|-singleturn|p2a: Charizard|Protect
|move|p1b: Pelipper|Hurricane|p2a: Charizard
|-activate|p2a: Charizard|move: Protect
|move|p2b: Goodra|Heavy Slam|p1a: Meganium
|-activate|p1a: Meganium|move: Protect
|
|-weather|SunnyDay|[upkeep]
|-heal|p1b: Pelipper|87/100|[from] item: Leftovers
|-sideend|p1: TheKirbsMaster|move: Tailwind
|upkeep
|turn|10
|
|t:|1784816676
|move|p2a: Charizard|Heat Wave|p1b: Pelipper|[spread] p1a,p1b
|-supereffective|p1a: Meganium|1
|-resisted|p1b: Pelipper|1
|-damage|p1a: Meganium|0 fnt
|-damage|p1b: Pelipper|37/100
|faint|p1a: Meganium
|move|p1b: Pelipper|Tailwind|p1b: Pelipper
|-sidestart|p1: TheKirbsMaster|move: Tailwind
|move|p2b: Goodra|Heavy Slam|p1b: Pelipper
|-resisted|p1b: Pelipper|1
|-damage|p1b: Pelipper|17/100
|-heal|p2b: Goodra|55/100|[from] item: Shell Bell|[of] p1b: Pelipper
|
|-weather|SunnyDay|[upkeep]
|-heal|p1b: Pelipper|22/100|[from] item: Leftovers
|upkeep
|turn|11
|
|t:|1784816698
|move|p2b: Goodra|Feint|p1b: Pelipper
|-damage|p1b: Pelipper|15/100
|-heal|p2b: Goodra|56/100|[from] item: Shell Bell|[of] p1b: Pelipper
|move|p1b: Pelipper|Hurricane|p2a: Charizard|[miss]
|-miss|p1b: Pelipper|p2a: Charizard
|move|p2a: Charizard|Solar Beam||[still]
|-prepare|p2a: Charizard|Solar Beam
|-anim|p2a: Charizard|Solar Beam|p1b: Pelipper
|-damage|p1b: Pelipper|0 fnt
|faint|p1b: Pelipper
|
|win|imnotthatgoodvgc
||TheKirbsMaster is ready for game 2.
|inactive|imnotthatgoodvgc has 30 seconds to confirm battle start!
|inactive|imnotthatgoodvgc has 20 seconds to confirm battle start!
|l|☆TheKirbsMaster
|player|p1|
||imnotthatgoodvgc is ready for game 2.
|uhtml|next|Next: Game 2 of 3
