|j|ŌśåMIMHvgc
|j|ŌśåChelo.vgc
|html|MIMHvgcChelo.vgc    
|uhtml|bestof|Game 2 of a best-of-3
|t:|1756829795
|gametype|doubles
|player|p1|MIMHvgc|miku-fairy|
|player|p2|Chelo.vgc|benga|
|gen|9
|tier|[Gen 9] VGC 2025 Reg H (Bo3)
|rule|Species Clause: Limit one of each Pok├®mon
|rule|Item Clause: Limit 1 of each item
|clearpoke
|poke|p1|Annihilape, L50, M|
|poke|p1|Sinistcha, L50|
|poke|p1|Maushold-Four, L50|
|poke|p1|Klefki, L50, F|
|poke|p1|Ursaluna-Bloodmoon, L50, M|
|poke|p1|Ninetales-Alola, L50, F|
|poke|p2|Gholdengo, L50|
|poke|p2|Indeedee-F, L50, F|
|poke|p2|Armarouge, L50, F|
|poke|p2|Ursaluna, L50, F|
|poke|p2|Torkoal, L50, M|
|poke|p2|Lilligant-Hisui, L50, F|
|teampreview|4
|showteam|p1|Annihilape||Leftovers|Defiant|RageFist,DrainPunch,BulkUp,Protect|||M|||50|,,,,,Fire]Sinistcha||SitrusBerry|Hospitality|MatchaGotcha,RagePowder,StrengthSap,LifeDew||||||50|,,,,,Dark]Maushold-Four||SafetyGoggles|FriendGuard|FollowMe,BeatUp,Taunt,HelpingHand||||||50|,,,,,Ghost]Klefki||LightClay|Prankster|DazzlingGleam,Reflect,LightScreen,MistyTerrain|||F|||50|,,,,,Ghost]Ursaluna-Bloodmoon||AssaultVest|MindsEye|EarthPower,BloodMoon,HyperVoice,VacuumWave|||M|||50|,,,,,Normal]Ninetales-Alola||FocusSash|SnowWarning|Blizzard,FreezeDry,Encore,Protect|||F|||50|,,,,,Ghost
|showteam|p2|Gholdengo||LifeOrb|GoodasGold|MakeItRain,Protect,Thunderbolt,ShadowBall||||||50|,,,,,Steel]Indeedee-F||SafetyGoggles|PsychicSurge|Psychic,HelpingHand,TrickRoom,FollowMe|||F|||50|,,,,,Fairy]Armarouge||WeaknessPolicy|FlashFire|TrickRoom,ArmorCannon,ExpandingForce,Protect|||F|||50|,,,,,Grass]Ursaluna||FlameOrb|Guts|Protect,HeadlongRush,Earthquake,Facade|||F|||50|,,,,,Ghost]Torkoal||Charcoal|Drought|HeatWave,Protect,EarthPower,Eruption|||M|||50|,,,,,Fire]Lilligant-Hisui||FocusSash|Chlorophyll|Encore,LeafBlade,CloseCombat,AfterYou|||F|||50|,,,,,Ghost
|
|t:|1756829822
|teamsize|p1|4
|teamsize|p2|4
|start
|switch|p1a: Brandon|Annihilape, L50, M|100/100
|switch|p1b: Pop Punk|Maushold-Four, L50|100/100
|switch|p2a: frenemy|Indeedee-F, L50, F|100/100
|switch|p2b: moggerman|Armarouge, L50, F|100/100
|-fieldstart|move: Psychic Terrain|[from] ability: Psychic Surge|[of] p2a: frenemy
|turn|1
|
|t:|1756829842
|-terastallize|p1a: Brandon|Fire
|move|p2a: frenemy|Follow Me|p2a: frenemy
|-singleturn|p2a: frenemy|move: Follow Me
|move|p1b: Pop Punk|Taunt|p2a: frenemy
|-start|p2a: frenemy|move: Taunt
|move|p1a: Brandon|Bulk Up|p1a: Brandon
|-boost|p1a: Brandon|atk|1
|-boost|p1a: Brandon|def|1
|move|p2b: moggerman|Expanding Force|p1b: Pop Punk|[spread] p1a,p1b
|-damage|p1a: Brandon|49/100
|-damage|p1b: Pop Punk|21/100
|
|-heal|p1a: Brandon|55/100|[from] item: Leftovers
|upkeep
|turn|2
|
|t:|1756829861
|move|p1b: Pop Punk|Beat Up|p1a: Brandon
|-damage|p1a: Brandon|53/100
|-damage|p1a: Brandon|51/100
|-damage|p1a: Brandon|50/100
|-crit|p1a: Brandon
|-damage|p1a: Brandon|47/100
|-hitcount|p1a: Brandon|4
|move|p1a: Brandon|Rage Fist|p2b: moggerman
|-supereffective|p2b: moggerman
|-damage|p2b: moggerman|0 fnt
|faint|p2b: moggerman
|move|p2a: frenemy|Psychic|p1a: Brandon
|-damage|p1a: Brandon|16/100
|
|-heal|p1a: Brandon|22/100|[from] item: Leftovers
|upkeep
|
|t:|1756829881
|switch|p2b: go to sleep|Lilligant-Hisui, L50, F|100/100
|turn|3
|
|t:|1756829895
|move|p1b: Pop Punk|Follow Me|p1b: Pop Punk
|-singleturn|p1b: Pop Punk|move: Follow Me
|move|p2b: go to sleep|Encore|p1b: Pop Punk
|-start|p1b: Pop Punk|Encore
|move|p1a: Brandon|Drain Punch|p2a: frenemy
|-damage|p2a: frenemy|45/100
|-heal|p1a: Brandon|47/100|[from] drain|[of] p2a: frenemy
|move|p2a: frenemy|Psychic|p1b: Pop Punk
|-damage|p1b: Pop Punk|0 fnt
|faint|p1b: Pop Punk
|
|-heal|p1a: Brandon|53/100|[from] item: Leftovers
|upkeep
|
|t:|1756829907
|switch|p1b: driving in my car|Klefki, L50, F|100/100
|turn|4
|
|t:|1756829928
|switch|p2a: turcool|Torkoal, L50, M|100/100
|-weather|SunnyDay|[from] ability: Drought|[of] p2a: turcool
|move|p1b: driving in my car|Reflect|p1b: driving in my car
|-sidestart|p1: MIMHvgc|Reflect
|move|p2b: go to sleep|Close Combat|p1a: Brandon
|-crit|p1a: Brandon
|-damage|p1a: Brandon|0 fnt
|-unboost|p2b: go to sleep|def|1
|-unboost|p2b: go to sleep|spd|1
|faint|p1a: Brandon
|
|-weather|SunnyDay|[upkeep]
|upkeep
|
|t:|1756829936
|switch|p1a: Biden Blast|Ursaluna-Bloodmoon, L50, M|100/100
|turn|5
|c|ŌśåMIMHvgc|oof
|c|ŌśåChelo.vgc|f your screens
|c|ŌśåMIMHvgc|now IŌĆÖm getting crit
|
|t:|1756829958
|-terastallize|p2a: turcool|Fire
|move|p2b: go to sleep|Close Combat|p1a: Biden Blast
|-supereffective|p1a: Biden Blast
|-crit|p1a: Biden Blast
|-damage|p1a: Biden Blast|0 fnt
|-unboost|p2b: go to sleep|def|1
|-unboost|p2b: go to sleep|spd|1
|faint|p1a: Biden Blast
|move|p1b: driving in my car|Dazzling Gleam|p2b: go to sleep|[spread] p2a,p2b
|-resisted|p2a: turcool
|-supereffective|p2b: go to sleep
|-damage|p2a: turcool|89/100
|-enditem|p2b: go to sleep|Focus Sash
|-damage|p2b: go to sleep|1/100
|move|p2a: turcool|Eruption|p1b: driving in my car
|-supereffective|p1b: driving in my car
|-damage|p1b: driving in my car|0 fnt
|faint|p1b: driving in my car
|
|win|Chelo.vgc
|c|ŌśåMIMHvgc|OH MY GOD LMAO
|c|ŌśåChelo.vgc|ive gotten crit 4 games in a row lol
|c|ŌśåMIMHvgc|The average screens experience
|c|ŌśåChelo.vgc|was about time
|l|ŌśåMIMHvgc
|player|p1|
