|j|☆bartei
|j|☆lofiandchil
|html|barteilofiandchil    
|uhtml|bestof|Game 3 of a best-of-3
|t:|1756765340
|gametype|doubles
|player|p1|bartei|102|1236
|player|p2|lofiandchil|iris|1149
|gen|9
|tier|[Gen 9] VGC 2025 Reg H (Bo3)
|rated|
|rule|Species Clause: Limit one of each Pokémon
|rule|Item Clause: Limit 1 of each item
|clearpoke
|poke|p1|Dragonite, L50, M|
|poke|p1|Volcarona, L50, F|
|poke|p1|Sneasler, L50, M|
|poke|p1|Rillaboom, L50, M|
|poke|p1|Electabuzz, L50, M|
|poke|p1|Kingambit, L50, M|
|poke|p2|Electabuzz, L50, M|
|poke|p2|Kingambit, L50, M|
|poke|p2|Volcarona, L50, M|
|poke|p2|Dragonite, L50, M|
|poke|p2|Sneasler, L50, F|
|poke|p2|Rillaboom, L50, M|
|teampreview|4
|showteam|p1|Dragonite||LoadedDice|Multiscale|ScaleShot,ExtremeSpeed,Haze,Protect|||M|||50|,,,,,Fairy]Volcarona||CovertCloak|FlameBody|HeatWave,TeraBlast,QuiverDance,Protect|||F|||50|,,,,,Fairy]Sneasler||FocusSash|Unburden|CloseCombat,DireClaw,Coaching,FakeOut|||M|||50|,,,,,Stellar]Rillaboom||AssaultVest|GrassySurge|WoodHammer,GrassyGlide,HighHorsepower,FakeOut|||M|||50|,,,,,Fire]Electabuzz||Eviolite|VitalSpirit|Thunderbolt,FollowMe,Taunt,Protect|||M|||50|,,,,,Ghost]Kingambit||BlackGlasses|Defiant|KowtowCleave,SuckerPunch,SwordsDance,Protect|||M|||50|,,,,,Dark
|showteam|p2|Electabuzz||Eviolite|VitalSpirit|FollowMe,Thunderbolt,Taunt,Protect|||M|||50|,,,,,Ghost]Kingambit||BlackGlasses|Defiant|KowtowCleave,SuckerPunch,SwordsDance,Protect|||M|||50|,,,,,Dark]Volcarona||Leftovers|FlameBody|HeatWave,TeraBlast,QuiverDance,Protect|||M|||50|,,,,,Fairy]Dragonite||LoadedDice|Multiscale|ScaleShot,ExtremeSpeed,Haze,Protect|||M|||50|,,,,,Fairy]Sneasler||FocusSash|Unburden|DireClaw,CloseCombat,Coaching,FakeOut|||F|||50|,,,,,Stellar]Rillaboom||AssaultVest|GrassySurge|FakeOut,WoodHammer,GrassyGlide,HighHorsepower|||M|||50|,,,,,Fire
|inactive|Battle timer is ON: inactive players will automatically lose when time's up. (requested by bartei)
|
|t:|1756765369
|teamsize|p1|4
|teamsize|p2|4
|start
|switch|p1a: Volcarona|Volcarona, L50, F|100/100
|switch|p1b: Sneasler|Sneasler, L50, M|100/100
|switch|p2a: Electabuzz|Electabuzz, L50, M|100/100
|switch|p2b: Volcarona|Volcarona, L50, M|100/100
|turn|1
|
|t:|1756765394
|move|p1b: Sneasler|Fake Out|p2b: Volcarona
|-damage|p2b: Volcarona|85/100
|-status|p1b: Sneasler|brn|[from] ability: Flame Body|[of] p2b: Volcarona
|move|p1a: Volcarona|Quiver Dance|p1a: Volcarona
|-boost|p1a: Volcarona|spa|1
|-boost|p1a: Volcarona|spd|1
|-boost|p1a: Volcarona|spe|1
|cant|p2b: Volcarona|flinch
|move|p2a: Electabuzz|Taunt|p1a: Volcarona
|-start|p1a: Volcarona|move: Taunt
|
|-heal|p2b: Volcarona|91/100|[from] item: Leftovers
|-damage|p1b: Sneasler|95/100 brn|[from] brn
|upkeep
|turn|2
|inactive|lofiandchil has 30 seconds left.
|
|t:|1756765422
|move|p1a: Volcarona|Heat Wave|p2a: Electabuzz|[spread] p2a,p2b
|-damage|p2a: Electabuzz|56/100
|-damage|p2b: Volcarona|46/100
|move|p1b: Sneasler|Dire Claw|p2b: Volcarona
|-damage|p2b: Volcarona|24/100
|-status|p2b: Volcarona|slp
|cant|p2b: Volcarona|slp
|move|p2a: Electabuzz|Thunderbolt|p1b: Sneasler
|-damage|p1b: Sneasler|52/100 brn
|
|-heal|p2b: Volcarona|30/100 slp|[from] item: Leftovers
|-damage|p1b: Sneasler|47/100 brn|[from] brn
|upkeep
|turn|3
|
|t:|1756765443
|switch|p1b: Electabuzz|Electabuzz, L50, M|100/100
|move|p2a: Electabuzz|Follow Me|p2a: Electabuzz
|-singleturn|p2a: Electabuzz|move: Follow Me
|move|p1a: Volcarona|Heat Wave|p2b: Volcarona|[spread] p2a,p2b
|-damage|p2a: Electabuzz|13/100
|-damage|p2b: Volcarona|0 fnt
|-status|p2a: Electabuzz|brn
|faint|p2b: Volcarona
|
|-damage|p2a: Electabuzz|7/100 brn|[from] brn
|upkeep
|
|t:|1756765446
|switch|p2b: Dragonite|Dragonite, L50, M|100/100
|turn|4
|
|t:|1756765465
|-terastallize|p2b: Dragonite|Fairy
|move|p2a: Electabuzz|Protect|p2a: Electabuzz
|-singleturn|p2a: Electabuzz|Protect
|move|p1b: Electabuzz|Follow Me|p1b: Electabuzz
|-singleturn|p1b: Electabuzz|move: Follow Me
|move|p1a: Volcarona|Heat Wave|p2a: Electabuzz|[spread] p2b
|-activate|p2a: Electabuzz|move: Protect
|-damage|p2b: Dragonite|70/100
|move|p2b: Dragonite|Haze|p2b: Dragonite
|-clearallboost
|
|-damage|p2a: Electabuzz|1/100 brn|[from] brn
|-end|p1a: Volcarona|move: Taunt
|upkeep
|turn|5
|
|t:|1756765481
|-terastallize|p1a: Volcarona|Fairy
|move|p1b: Electabuzz|Protect|p1b: Electabuzz
|-singleturn|p1b: Electabuzz|Protect
|move|p1a: Volcarona|Heat Wave|p2b: Dragonite|[spread] p2a
|-miss|p1a: Volcarona|p2b: Dragonite
|-damage|p2a: Electabuzz|0 fnt
|faint|p2a: Electabuzz
|move|p2b: Dragonite|Scale Shot|p1a: Volcarona
|-immune|p1a: Volcarona
|
|upkeep
|
|t:|1756765483
|switch|p2a: Rillaboom|Rillaboom, L50, M|100/100
|-fieldstart|move: Grassy Terrain|[from] ability: Grassy Surge|[of] p2a: Rillaboom
|turn|6
|
|t:|1756765496
|switch|p1b: Sneasler|Sneasler, L50, M|47/100 brn
|move|p1a: Volcarona|Protect|p1a: Volcarona
|-singleturn|p1a: Volcarona|Protect
|move|p2b: Dragonite|Extreme Speed|p1a: Volcarona
|-activate|p1a: Volcarona|move: Protect
|move|p2a: Rillaboom|Wood Hammer|p1a: Volcarona
|-activate|p1a: Volcarona|move: Protect
|
|-heal|p1b: Sneasler|52/100 brn|[from] Grassy Terrain
|-heal|p2b: Dragonite|76/100|[from] Grassy Terrain
|-damage|p1b: Sneasler|47/100 brn|[from] brn
|upkeep
|turn|7
|
|t:|1756765509
|move|p1b: Sneasler|Fake Out|p2a: Rillaboom
|-damage|p2a: Rillaboom|94/100
|move|p2b: Dragonite|Extreme Speed|p1a: Volcarona
|-damage|p1a: Volcarona|60/100
|-status|p2b: Dragonite|brn|[from] ability: Flame Body|[of] p1a: Volcarona
|move|p1a: Volcarona|Quiver Dance|p1a: Volcarona
|-boost|p1a: Volcarona|spa|1
|-boost|p1a: Volcarona|spd|1
|-boost|p1a: Volcarona|spe|1
|cant|p2a: Rillaboom|flinch
|
|-heal|p1a: Volcarona|66/100|[from] Grassy Terrain
|-heal|p1b: Sneasler|52/100 brn|[from] Grassy Terrain
|-heal|p2b: Dragonite|82/100 brn|[from] Grassy Terrain
|-heal|p2a: Rillaboom|99/100|[from] Grassy Terrain
|-damage|p1b: Sneasler|47/100 brn|[from] brn
|-damage|p2b: Dragonite|76/100 brn|[from] brn
|upkeep
|turn|8
|
|t:|1756765517
|switch|p1b: Electabuzz|Electabuzz, L50, M|100/100
|move|p1a: Volcarona|Protect|p1a: Volcarona
|-singleturn|p1a: Volcarona|Protect
|move|p2b: Dragonite|Extreme Speed|p1b: Electabuzz
|-damage|p1b: Electabuzz|89/100
|move|p2a: Rillaboom|Wood Hammer|p1a: Volcarona
|-activate|p1a: Volcarona|move: Protect
|
|-heal|p1a: Volcarona|73/100|[from] Grassy Terrain
|-heal|p1b: Electabuzz|95/100|[from] Grassy Terrain
|-heal|p2b: Dragonite|82/100 brn|[from] Grassy Terrain
|-heal|p2a: Rillaboom|100/100|[from] Grassy Terrain
|-damage|p2b: Dragonite|76/100 brn|[from] brn
|upkeep
|turn|9
|-message|lofiandchil forfeited.
|
|win|bartei
|raw|bartei's rating: 1236 → 1255(+19 for winning)
|raw|lofiandchil's rating: 1149 → 1130(-19 for losing)
