|j|☆Misaiku
|j|☆sorecruiser
|html|Misaikusorecruiser    
|uhtml|bestof|Game 1 of a best-of-3
|t:|1756925801
|gametype|doubles
|player|p1|Misaiku|giovanni|1052
|player|p2|sorecruiser|furisodegirl-black|1109
|gen|9
|tier|[Gen 9] VGC 2025 Reg H (Bo3)
|rated|
|rule|Species Clause: Limit one of each Pokémon
|rule|Item Clause: Limit 1 of each item
|clearpoke
|poke|p1|Gholdengo, L50|
|poke|p1|Volcarona, L50, M|
|poke|p1|Porygon2, L50|
|poke|p1|Primarina, L50, M|
|poke|p1|Ursaluna, L50, M|
|poke|p1|Grimmsnarl, L50, M|
|poke|p2|Gholdengo, L50|
|poke|p2|Whimsicott, L50, F|
|poke|p2|Sneasler, L50, F|
|poke|p2|Basculegion, L50, M|
|poke|p2|Hydreigon, L50, F|
|poke|p2|Magmar, L50, F|
|teampreview|4
|showteam|p1|Gholdengo||ChoiceSpecs|GoodasGold|ShadowBall,MakeItRain,PowerGem,Trick||||||50|,,,,,Dragon]Volcarona||CovertCloak|FlameBody|StruggleBug,RagePowder,WillOWisp,Overheat|||M|||50|,,,,,Dragon]Porygon2||Eviolite|Download|TrickRoom,TeraBlast,IceBeam,Recover||||||50|,,,,,Fighting]Primarina||ThroatSpray|LiquidVoice|HyperVoice,Moonblast,Haze,Protect|||M|||50|,,,,,Poison]Ursaluna||FlameOrb|Guts|Facade,Protect,HeadlongRush,Substitute|||M|||50|,,,,,Ghost]Grimmsnarl||LightClay|Prankster|SpiritBreak,LightScreen,Reflect,Taunt|||M|||50|,,,,,Steel
|showteam|p2|Gholdengo||MetalCoat|GoodasGold|MakeItRain,ShadowBall,NastyPlot,Protect||||||50|,,,,,Steel]Whimsicott||CovertCloak|Prankster|Tailwind,Encore,FakeTears,Moonblast|||F|||50|,,,,,Dark]Sneasler||FocusSash|PoisonTouch|Protect,CloseCombat,DireClaw,ThroatChop|||F|||50|,,,,,Dark]Basculegion||ChoiceScarf|Adaptability|LastRespects,WaveCrash,AquaJet,FlipTurn|||M|||50|,,,,,Ghost]Hydreigon||ChoiceSpecs|Levitate|DarkPulse,DracoMeteor,Snarl,HeatWave|||F|||50|,,,,,Fire]Magmar||Eviolite|VitalSpirit|Protect,FollowMe,HeatWave,Taunt|||F|||50|,,,,,Water
|inactive|Battle timer is ON: inactive players will automatically lose when time's up. (requested by Misaiku)
|inactive|Misaiku has 60 seconds left.
|inactive|sorecruiser has 60 seconds left.
|inactive|sorecruiser has 30 seconds left.
|inactive|sorecruiser has 20 seconds left.
|inactive|sorecruiser has 15 seconds left.
|inactive|sorecruiser has 10 seconds left.
|inactive|sorecruiser has 5 seconds left.
|
|t:|1756925886
|teamsize|p1|4
|teamsize|p2|4
|start
|switch|p1a: Grimmsnarl|Grimmsnarl, L50, M|100/100
|switch|p1b: Volcarona|Volcarona, L50, M|100/100
|switch|p2a: Sneasler|Sneasler, L50, F|100/100
|switch|p2b: Hydreigon|Hydreigon, L50, F|100/100
|turn|1
|inactive|Misaiku has 30 seconds left.
|inactive|sorecruiser has 30 seconds left.
|inactive|sorecruiser has 20 seconds left.
|
|t:|1756925926
|-terastallize|p2b: Hydreigon|Fire
|move|p2a: Sneasler|Dire Claw|p1a: Grimmsnarl
|-supereffective|p1a: Grimmsnarl
|-damage|p1a: Grimmsnarl|5/100
|-status|p1a: Grimmsnarl|slp
|move|p2b: Hydreigon|Snarl|p1a: Grimmsnarl|[spread] p1a
|-miss|p2b: Hydreigon|p1b: Volcarona
|-resisted|p1a: Grimmsnarl
|-damage|p1a: Grimmsnarl|0 fnt
|faint|p1a: Grimmsnarl
|move|p1b: Volcarona|Struggle Bug|p2a: Sneasler|[spread] p2a,p2b
|-resisted|p2a: Sneasler
|-resisted|p2b: Hydreigon
|-damage|p2a: Sneasler|95/100
|-damage|p2b: Hydreigon|90/100
|-unboost|p2a: Sneasler|spa|1
|-unboost|p2b: Hydreigon|spa|1
|
|upkeep
|
|t:|1756925941
|switch|p1a: Primarina|Primarina, L50, M|100/100
|turn|2
|
|t:|1756925951
|move|p1b: Volcarona|Rage Powder|p1b: Volcarona
|-singleturn|p1b: Volcarona|move: Rage Powder
|move|p2a: Sneasler|Dire Claw|p1b: Volcarona
|-crit|p1b: Volcarona
|-damage|p1b: Volcarona|28/100
|move|p2b: Hydreigon|Snarl|p1a: Primarina|[spread] p1a,p1b
|-resisted|p1a: Primarina
|-damage|p1a: Primarina|90/100
|-damage|p1b: Volcarona|10/100
|-unboost|p1a: Primarina|spa|1
|move|p1a: Primarina|Hyper Voice|p2a: Sneasler|[spread] p2a,p2b
|-supereffective|p2b: Hydreigon
|-damage|p2a: Sneasler|62/100
|-damage|p2b: Hydreigon|29/100
|-enditem|p1a: Primarina|Throat Spray
|-boost|p1a: Primarina|spa|1|[from] item: Throat Spray
|
|upkeep
|turn|3
|
|t:|1756925966
|move|p1b: Volcarona|Rage Powder|p1b: Volcarona
|-singleturn|p1b: Volcarona|move: Rage Powder
|move|p2a: Sneasler|Dire Claw|p1b: Volcarona
|-damage|p1b: Volcarona|0 fnt
|faint|p1b: Volcarona
|move|p2b: Hydreigon|Snarl|p1a: Primarina
|-resisted|p1a: Primarina
|-damage|p1a: Primarina|77/100
|-unboost|p1a: Primarina|spa|1
|move|p1a: Primarina|Hyper Voice|p2a: Sneasler|[spread] p2a,p2b
|-supereffective|p2b: Hydreigon
|-damage|p2a: Sneasler|29/100
|-damage|p2b: Hydreigon|0 fnt
|faint|p2b: Hydreigon
|
|upkeep
|
|t:|1756925979
|switch|p2b: Gholdengo|Gholdengo, L50|100/100
|switch|p1b: Gholdengo|Gholdengo, L50|100/100
|turn|4
|
|t:|1756925999
|-terastallize|p1a: Primarina|Poison
|move|p2a: Sneasler|Dire Claw|p1a: Primarina
|-resisted|p1a: Primarina
|-damage|p1a: Primarina|52/100
|move|p1b: Gholdengo|Shadow Ball|p2b: Gholdengo
|-supereffective|p2b: Gholdengo
|-damage|p2b: Gholdengo|0 fnt
|faint|p2b: Gholdengo
|move|p1a: Primarina|Haze|p1a: Primarina
|-clearallboost
|
|upkeep
|
|t:|1756926009
|switch|p2b: Magmar|Magmar, L50, F|100/100
|turn|5
|
|t:|1756926020
|move|p2a: Sneasler|Throat Chop|p1b: Gholdengo
|-supereffective|p1b: Gholdengo
|-damage|p1b: Gholdengo|32/100
|-start|p1b: Gholdengo|Throat Chop|[silent]
|move|p1b: Gholdengo|Shadow Ball|p2a: Sneasler
|-damage|p2a: Sneasler|0 fnt
|faint|p2a: Sneasler
|move|p2b: Magmar|Heat Wave|p1a: Primarina|[spread] p1a,p1b
|-supereffective|p1b: Gholdengo
|-damage|p1a: Primarina|32/100
|-damage|p1b: Gholdengo|0 fnt
|faint|p1b: Gholdengo
|move|p1a: Primarina|Hyper Voice|p2b: Magmar
|-supereffective|p2b: Magmar
|-damage|p2b: Magmar|22/100
|
|upkeep
|turn|6
|
|t:|1756926038
|move|p2b: Magmar|Heat Wave|p1a: Primarina
|-damage|p1a: Primarina|2/100
|move|p1a: Primarina|Hyper Voice|p2b: Magmar
|-supereffective|p2b: Magmar
|-damage|p2b: Magmar|0 fnt
|faint|p2b: Magmar
|
|win|Misaiku
|c|☆sorecruiser|gg
