|j|☆UndeadParadox
|j|☆PikaTROD
|html|UndeadParadoxPikaTROD    
|uhtml|bestof|Game 3 of a best-of-3
|t:|1756954933
|gametype|doubles
|player|p1|UndeadParadox|guitarist|1319
|player|p2|PikaTROD|102|1530
|gen|9
|tier|[Gen 9] VGC 2025 Reg H (Bo3)
|rated|
|rule|Species Clause: Limit one of each Pokémon
|rule|Item Clause: Limit 1 of each item
|clearpoke
|poke|p1|Sneasler, L50, F|
|poke|p1|Rillaboom, L50, M|
|poke|p1|Incineroar, L50, M|
|poke|p1|Gholdengo, L50|
|poke|p1|Hydreigon, L50, F|
|poke|p1|Gengar, L50, M|
|poke|p2|Kingambit, L50, M|
|poke|p2|Primarina, L50, M|
|poke|p2|Sneasler, L50, F|
|poke|p2|Magmar, L50, F|
|poke|p2|Rillaboom, L50, F|
|poke|p2|Dragapult, L50, M|
|teampreview|4
|showteam|p1|Sneasler||GrassySeed|Unburden|CloseCombat,DireClaw,Acrobatics,Protect|||F|||50|,,,,,Flying]Rillaboom||AssaultVest|GrassySurge|WoodHammer,GrassyGlide,FakeOut,HighHorsepower|||M|||50|,,,,,Fire]Incineroar||SafetyGoggles|Intimidate|FlareBlitz,KnockOff,PartingShot,FakeOut|||M|||50|,,,,,Ghost]Gholdengo||MetalCoat|GoodasGold|Protect,MakeItRain,ShadowBall,NastyPlot||||||50|,,,,,Water]Hydreigon||LifeOrb|Levitate|Flamethrower,DracoMeteor,DarkPulse,Protect|||F|||50|,,,,,Fire]Gengar||FocusSash|CursedBody|ShadowBall,Haze,Taunt,IcyWind|||M|||50|,,,,,Ghost
|showteam|p2|Kingambit||BlackGlasses|Defiant|KowtowCleave,SuckerPunch,SwordsDance,Protect|||M|||50|,,,,,Dark]Primarina||SitrusBerry|LiquidVoice|HyperVoice,Moonblast,Haze,Protect|||M|||50|,,,,,Water]Sneasler||FocusSash|Unburden|CloseCombat,DireClaw,FakeOut,Protect|||F|||50|,,,,,Stellar]Magmar||Eviolite|VitalSpirit|Overheat,WillOWisp,FollowMe,Protect|||F|||50|,,,,,Ghost]Rillaboom||AssaultVest|GrassySurge|WoodHammer,GrassyGlide,HighHorsepower,FakeOut|||F|||50|,,,,,Fire]Dragapult||ChoiceBand|ClearBody|DragonDarts,PhantomForce,Outrage,Uturn|||M|||50|,,,,,Dragon
|
|t:|1756954991
|teamsize|p1|4
|teamsize|p2|4
|start
|switch|p1a: Sneasler|Sneasler, L50, F, shiny|100/100
|switch|p1b: Rillaboom|Rillaboom, L50, M|100/100
|switch|p2a: Magmar|Magmar, L50, F|100/100
|switch|p2b: Dragapult|Dragapult, L50, M|100/100
|-fieldstart|move: Grassy Terrain|[from] ability: Grassy Surge|[of] p1b: Rillaboom
|-enditem|p1a: Sneasler|Grassy Seed
|-boost|p1a: Sneasler|def|1|[from] item: Grassy Seed
|turn|1
|j| teamthief420
|
|t:|1756955039
|-terastallize|p2a: Magmar|Ghost
|move|p1a: Sneasler|Close Combat|p2a: Magmar
|-immune|p2a: Magmar
|move|p2b: Dragapult|Dragon Darts|p1a: Sneasler
|-damage|p1a: Sneasler|56/100
|-anim|p2b: Dragapult|Dragon Darts|p1b: Rillaboom
|-crit|p1b: Rillaboom
|-damage|p1b: Rillaboom|40/100
|move|p2a: Magmar|Overheat|p1a: Sneasler
|-damage|p1a: Sneasler|0 fnt
|-unboost|p2a: Magmar|spa|2
|faint|p1a: Sneasler
|move|p1b: Rillaboom|High Horsepower|p2a: Magmar
|-damage|p2a: Magmar|75/100
|
|-heal|p2a: Magmar|81/100|[from] Grassy Terrain
|-heal|p1b: Rillaboom|46/100|[from] Grassy Terrain
|upkeep
|
|t:|1756955048
|switch|p1a: Gholdengo|Gholdengo, L50, shiny|100/100
|turn|2
|
|t:|1756955069
|switch|p2a: Kingambit|Kingambit, L50, M|100/100
|move|p2b: Dragapult|Dragon Darts|p1b: Rillaboom
|-damage|p1b: Rillaboom|6/100
|-anim|p2b: Dragapult|Dragon Darts|p1a: Gholdengo
|-resisted|p1a: Gholdengo
|-crit|p1a: Gholdengo
|-damage|p1a: Gholdengo|64/100
|move|p1a: Gholdengo|Nasty Plot|p1a: Gholdengo
|-boost|p1a: Gholdengo|spa|2
|move|p1b: Rillaboom|Wood Hammer|p2a: Kingambit
|-resisted|p2a: Kingambit
|-damage|p2a: Kingambit|73/100
|-damage|p1b: Rillaboom|0 fnt|[from] Recoil
|faint|p1b: Rillaboom
|
|-heal|p1a: Gholdengo|70/100|[from] Grassy Terrain
|-heal|p2a: Kingambit|79/100|[from] Grassy Terrain
|upkeep
|
|t:|1756955096
|switch|p1b: Incineroar|Incineroar, L50, M, shiny|100/100
|-ability|p1b: Incineroar|Intimidate|boost
|-unboost|p2a: Kingambit|atk|1
|-ability|p2a: Kingambit|Defiant|boost
|-boost|p2a: Kingambit|atk|2
|-fail|p2b: Dragapult|unboost|[from] ability: Clear Body|[of] p2b: Dragapult
|turn|3
|
|t:|1756955130
|switch|p2b: Magmar|Magmar, L50, F, tera:Ghost|81/100
|move|p2a: Kingambit|Protect|p2a: Kingambit
|-singleturn|p2a: Kingambit|Protect
|move|p1b: Incineroar|Fake Out|p2a: Kingambit
|-activate|p2a: Kingambit|move: Protect
|move|p1a: Gholdengo|Make It Rain|p2a: Kingambit|[spread] p2b
|-activate|p2a: Kingambit|move: Protect
|-damage|p2b: Magmar|0 fnt
|-unboost|p1a: Gholdengo|spa|1
|faint|p2b: Magmar
|
|-heal|p1a: Gholdengo|76/100|[from] Grassy Terrain
|-heal|p2a: Kingambit|85/100|[from] Grassy Terrain
|upkeep
|
|t:|1756955148
|switch|p2b: Sneasler|Sneasler, L50, F|100/100
|turn|4
|
|t:|1756955171
|-terastallize|p1b: Incineroar|Ghost
|move|p1a: Gholdengo|Protect|p1a: Gholdengo
|-singleturn|p1a: Gholdengo|Protect
|move|p2b: Sneasler|Fake Out|p1b: Incineroar
|-immune|p1b: Incineroar
|move|p2a: Kingambit|Sucker Punch|p1b: Incineroar
|-supereffective|p1b: Incineroar
|-damage|p1b: Incineroar|0 fnt
|faint|p1b: Incineroar
|
|-heal|p1a: Gholdengo|82/100|[from] Grassy Terrain
|-heal|p2a: Kingambit|90/100|[from] Grassy Terrain
|upkeep
|turn|5
|-message|UndeadParadox forfeited.
|
|win|PikaTROD
|raw|UndeadParadox's rating: 1319 → 1310(-9 for losing)
|raw|PikaTROD's rating: 1530 → 1539(+9 for winning)
|c|☆PikaTROD|gg
|l|☆UndeadParadox
|player|p1|
