|j|☆akasia
|j|☆TheGayOne420
|html|akasiaTheGayOne420    
|uhtml|bestof|Game 1 of a best-of-3
|t:|1785901453
|gametype|doubles
|player|p1|akasia|102|1098
|player|p2|TheGayOne420|266|1094
|gen|9
|tier|[Gen 9 Champions] VGC 2026 Reg M-B (Bo3)
|rated|
|rule|Species Clause: Limit one of each Pokémon
|rule|Item Clause: Limit 1 of each item
|clearpoke
|poke|p1|Mawile, L50, M|
|poke|p1|Farigiraf, L50, F|
|poke|p1|Whimsicott, L50, M|
|poke|p1|Garchomp, L50, F|
|poke|p1|Basculegion, L50, M|
|poke|p1|Charizard, L50, M|
|poke|p2|Eelektross, L50, F|
|poke|p2|Sinistcha, L50|
|poke|p2|Staraptor, L50, M|
|poke|p2|Talonflame, L50, F|
|poke|p2|Incineroar, L50, M|
|poke|p2|Garchomp, L50, M|
|teampreview|4
|showteam|p1|Mawile||Mawilite|Intimidate|PlayRough,IronHead,SuckerPunch,Protect|Adamant||M|||50|]Farigiraf||SitrusBerry|ArmorTail|Psychic,HelpingHand,Thunderbolt,TrickRoom|Modest||F|||50|]Whimsicott||FocusSash|Prankster|Moonblast,Tailwind,Encore,Protect|Timid||M|||50|]Garchomp||LifeOrb|RoughSkin|RockSlide,DragonClaw,Earthquake,Protect|Jolly||F|||50|]Basculegion||MysticWater|SwiftSwim|WaveCrash,LastRespects,AquaJet,Protect|Adamant||M|||50|]Charizard||CharizarditeY|SolarPower|HeatWave,SolarBeam,WeatherBall,Protect|Modest||M|||50|
|showteam|p2|Eelektross||LifeOrb|Levitate|Thunderbolt,Flamethrower,Protect,GigaDrain|Modest||F|||50|]Sinistcha||OccaBerry|Hospitality|ShadowBall,MatchaGotcha,LifeDew,RagePowder|Modest|||||50|]Staraptor||Staraptite|Intimidate|CloseCombat,Roost,Protect,BraveBird|Jolly||M|||50|]Talonflame||FocusSash|GaleWings|DualWingbeat,FeatherDance,Protect,Tailwind|Adamant||F|||50|]Incineroar||SitrusBerry|Intimidate|FakeOut,FlareBlitz,PartingShot,DarkestLariat|Adamant||M|||50|]Garchomp||WideLens|SandVeil|RockSlide,DragonRush,Protect,Earthquake|Jolly||M|||50|
|
|t:|1785901519
|teamsize|p1|4
|teamsize|p2|4
|start
|switch|p1a: Farigiraf|Farigiraf, L50, F|100/100
|switch|p1b: Charizard|Charizard, L50, M|100/100
|switch|p2a: Staraptor|Staraptor, L50, M|100/100
|switch|p2b: Talonflame|Talonflame, L50, F|100/100
|-ability|p2a: Staraptor|Intimidate|boost
|-unboost|p1a: Farigiraf|atk|1
|-unboost|p1b: Charizard|atk|1
|turn|1
|inactive|Battle timer is ON: inactive players will automatically lose when time's up. (requested by akasia)
|
|t:|1785901537
|detailschange|p2a: Staraptor|Staraptor-Mega, L50, M
|-mega|p2a: Staraptor|Staraptor|Staraptite
|detailschange|p1b: Charizard|Charizard-Mega-Y, L50, M
|-mega|p1b: Charizard|Charizard|Charizardite Y
|-weather|SunnyDay|[from] ability: Drought|[of] p1b: Charizard
|move|p2b: Talonflame|Feather Dance|p2a: Staraptor
|-boost|p2a: Staraptor|atk|2
|move|p2a: Staraptor|Close Combat|p1a: Farigiraf
|-damage|p1a: Farigiraf|0 fnt
|-boost|p2a: Staraptor|def|1
|-boost|p2a: Staraptor|spd|1
|faint|p1a: Farigiraf
|move|p1b: Charizard|Heat Wave|p2b: Talonflame|[spread] p2a
|-miss|p1b: Charizard|p2b: Talonflame
|-damage|p2a: Staraptor|51/100
|
|-weather|SunnyDay|[upkeep]
|upkeep
|
|t:|1785901556
|switch|p1a: Garchomp|Garchomp, L50, F|100/100
|turn|2
|
|t:|1785901571
|move|p2a: Staraptor|Protect|p2a: Staraptor
|-singleturn|p2a: Staraptor|Protect
|move|p2b: Talonflame|Feather Dance|p1a: Garchomp
|-unboost|p1a: Garchomp|atk|2
|move|p1a: Garchomp|Rock Slide|p2a: Staraptor|[spread] p2b
|-activate|p2a: Staraptor|move: Protect
|-supereffective|p2b: Talonflame|2
|-damage|p2b: Talonflame|18/100
|-damage|p1a: Garchomp|90/100|[from] item: Life Orb
|move|p1b: Charizard|Heat Wave|p2b: Talonflame|[spread] p2b
|-activate|p2a: Staraptor|move: Protect
|-resisted|p2b: Talonflame|1
|-damage|p2b: Talonflame|0 fnt
|faint|p2b: Talonflame
|
|-weather|SunnyDay|[upkeep]
|upkeep
|
|t:|1785901590
|switch|p2b: Garchomp|Garchomp, L50, M|100/100
|turn|3
|
|t:|1785901597
|switch|p1a: Basculegion|Basculegion, L50, M|100/100
|move|p1b: Charizard|Protect|p1b: Charizard
|-singleturn|p1b: Charizard|Protect
|move|p2a: Staraptor|Close Combat|p1a: Basculegion
|-immune|p1a: Basculegion
|move|p2b: Garchomp|Rock Slide|p1b: Charizard|[spread] p1a
|-activate|p1b: Charizard|move: Protect
|-damage|p1a: Basculegion|78/100
|
|-weather|SunnyDay|[upkeep]
|upkeep
|turn|4
|
|t:|1785901612
|move|p2a: Staraptor|Protect|p2a: Staraptor
|-singleturn|p2a: Staraptor|Protect
|move|p1a: Basculegion|Protect|p1a: Basculegion
|-singleturn|p1a: Basculegion|Protect
|move|p2b: Garchomp|Rock Slide|p1b: Charizard|[spread] p1b
|-activate|p1a: Basculegion|move: Protect
|-supereffective|p1b: Charizard|2
|-damage|p1b: Charizard|9/100
|move|p1b: Charizard|Heat Wave|p2b: Garchomp|[spread] p2b
|-activate|p2a: Staraptor|move: Protect
|-resisted|p2b: Garchomp|1
|-damage|p2b: Garchomp|67/100
|-status|p2b: Garchomp|brn
|
|-weather|SunnyDay|[upkeep]
|-damage|p2b: Garchomp|61/100 brn|[from] brn
|upkeep
|turn|5
|inactive|TheGayOne420 has 30 seconds left.
|
|t:|1785901645
|switch|p1b: Garchomp|Garchomp, L50, F|90/100
|move|p2a: Staraptor|Roost|p2a: Staraptor
|-heal|p2a: Staraptor|100/100
|-singleturn|p2a: Staraptor|move: Roost
|move|p2b: Garchomp|Rock Slide|p1a: Basculegion|[spread] p1a,p1b
|-resisted|p1b: Garchomp|1
|-damage|p1a: Basculegion|67/100
|-damage|p1b: Garchomp|85/100
|cant|p1a: Basculegion|flinch
|
|-weather|none
|-damage|p2b: Garchomp|55/100 brn|[from] brn
|upkeep
|turn|6
|inactive|TheGayOne420 has 30 seconds left.
|
|t:|1785901678
|move|p2b: Garchomp|Protect|p2b: Garchomp
|-singleturn|p2b: Garchomp|Protect
|move|p2a: Staraptor|Brave Bird|p1a: Basculegion
|-damage|p1a: Basculegion|0 fnt
|faint|p1a: Basculegion
|-damage|p2a: Staraptor|71/100|[from] Recoil
|move|p1b: Garchomp|Rock Slide|p2b: Garchomp|[spread] p2a
|-activate|p2b: Garchomp|move: Protect
|-damage|p2a: Staraptor|53/100
|-damage|p1b: Garchomp|75/100|[from] item: Life Orb
|
|-damage|p2b: Garchomp|49/100 brn|[from] brn
|upkeep
|
|t:|1785901684
|switch|p1a: Charizard|Charizard-Mega-Y, L50, M|9/100
|-weather|SunnyDay|[from] ability: Drought|[of] p1a: Charizard
|turn|7
|
|t:|1785901697
|move|p2a: Staraptor|Close Combat|p1b: Garchomp
|-crit|p1b: Garchomp
|-damage|p1b: Garchomp|0 fnt
|-boost|p2a: Staraptor|def|1
|-boost|p2a: Staraptor|spd|1
|-damage|p2a: Staraptor|41/100|[from] ability: Rough Skin|[of] p1b: Garchomp
|faint|p1b: Garchomp
|move|p2b: Garchomp|Rock Slide|p1a: Charizard
|-supereffective|p1a: Charizard|2
|-damage|p1a: Charizard|0 fnt
|faint|p1a: Charizard
|
|win|TheGayOne420
||akasia is ready for game 2.
|inactive|TheGayOne420 has 30 seconds to confirm battle start!
||TheGayOne420 is ready for game 2.
|uhtml|next|Next: Game 2 of 3
|l|☆akasia
|player|p1|
