|j|☆yslink
|j|☆nmls_paladin
|html|yslinknmls_paladin    
|uhtml|bestof|Game 3 of a best-of-3
|t:|1785014359
|gametype|doubles
|player|p1|yslink|n|
|player|p2|nmls_paladin|hilda-wonderlauncher|
|gen|9
|tier|[Gen 9 Champions] VGC 2026 Reg M-B (Bo3)
|rule|Species Clause: Limit one of each Pokémon
|rule|Item Clause: Limit 1 of each item
|clearpoke
|poke|p1|Mawile, L50, M|
|poke|p1|Farigiraf, L50, F|
|poke|p1|Incineroar, L50, F|
|poke|p1|Hatterene, L50, F|
|poke|p1|Primarina, L50, M|
|poke|p1|Golurk, L50|
|poke|p2|Annihilape, L50, M|
|poke|p2|Blaziken, L50, F, shiny|
|poke|p2|Primarina, L50, M|
|poke|p2|Aerodactyl, L50, M|
|poke|p2|Tsareena, L50, F|
|poke|p2|Empoleon, L50, M, shiny|
|teampreview|4
|showteam|p1|Mawile||Mawilite|Intimidate|IronHead,PlayRough,Protect,SuckerPunch|Adamant||M|||50|]Farigiraf||FocusSash|ArmorTail|TrickRoom,HyperVoice,Protect,Imprison|Modest||F|||50|]Incineroar||SitrusBerry|Intimidate|FakeOut,PartingShot,ThroatChop,FlareBlitz|Adamant||F|||50|]Hatterene||LifeOrb|MagicBounce|DazzlingGleam,Psychic,TrickRoom,Protect|Modest||F|||50|]Primarina||Leftovers|LiquidVoice|HyperVoice,EnergyBall,DazzlingGleam,Protect|Quiet||M|||50|]Golurk||Golurkite|IronFist|HeadlongRush,Poltergeist,Protect,RockSlide|Brave|||||50|
|showteam|p2|Annihilape||SitrusBerry|Defiant|DrainPunch,BulkUp,RageFist,RockSlide|Adamant||M|||50|]Blaziken||Blazikenite|SpeedBoost|FlareBlitz,CloseCombat,Protect,RockSlide|Adamant||F|||50|]Primarina||Leftovers|LiquidVoice|HyperVoice,IceBeam,Moonblast,EnergyBall|Modest||M|||50|]Aerodactyl||FocusSash|RockHead|Tailwind,RockSlide,DualWingbeat,Taunt|Jolly||M|||50|]Tsareena||LifeOrb|QueenlyMajesty|TropKick,LowKick,TripleAxel,Protect|Adamant||F|||50|]Empoleon||ChopleBerry|Competitive|Blizzard,VacuumWave,FlashCannon,Protect|Modest||M|||50|
|j| Strongest man son
|
|t:|1785014400
|teamsize|p1|4
|teamsize|p2|4
|start
|switch|p1a: Farigiraf|Farigiraf, L50, F|100/100
|switch|p1b: Hatterene|Hatterene, L50, F|100/100
|switch|p2a: Aerodactyl|Aerodactyl, L50, M|100/100
|switch|p2b: Empoleon|Empoleon, L50, M, shiny|100/100
|turn|1
|
|t:|1785014424
|move|p2a: Aerodactyl|Rock Slide|p1b: Hatterene|[spread] p1a,p1b
|-damage|p1a: Farigiraf|74/100
|-damage|p1b: Hatterene|65/100
|move|p2b: Empoleon|Flash Cannon|p1b: Hatterene
|-supereffective|p1b: Hatterene|1
|-damage|p1b: Hatterene|0 fnt
|faint|p1b: Hatterene
|move|p1a: Farigiraf|Imprison|p1a: Farigiraf
|-start|p1a: Farigiraf|move: Imprison
|
|upkeep
|
|t:|1785014437
|switch|p1b: Golurk|Golurk, L50|100/100
|turn|2
|
|t:|1785014466
|detailschange|p1b: Golurk|Golurk-Mega, L50
|-mega|p1b: Golurk|Golurk|Golurkite
|move|p2a: Aerodactyl|Taunt|p1a: Farigiraf
|-start|p1a: Farigiraf|move: Taunt
|move|p2b: Empoleon|Blizzard|p1b: Golurk|[spread] p1a,p1b
|-supereffective|p1b: Golurk|1
|-damage|p1a: Farigiraf|44/100
|-damage|p1b: Golurk|47/100
|move|p1b: Golurk|Headlong Rush|p2b: Empoleon
|-supereffective|p2b: Empoleon|1
|-damage|p2b: Empoleon|0 fnt
|-unboost|p1b: Golurk|def|1
|-unboost|p1b: Golurk|spd|1
|faint|p2b: Empoleon
|cant|p1a: Farigiraf|move: Taunt|Trick Room
|
|upkeep
|
|t:|1785014489
|switch|p2b: Blaziken|Blaziken, L50, F, shiny|100/100
|turn|3
|
|t:|1785014501
|switch|p1b: Primarina|Primarina, L50, M|100/100
|detailschange|p2b: Blaziken|Blaziken-Mega, L50, F, shiny
|-mega|p2b: Blaziken|Blaziken|Blazikenite
|move|p2a: Aerodactyl|Rock Slide|p1b: Primarina|[spread] p1a,p1b
|-damage|p1a: Farigiraf|18/100
|-damage|p1b: Primarina|64/100
|move|p2b: Blaziken|Flare Blitz|p1a: Farigiraf
|-damage|p1a: Farigiraf|0 fnt
|faint|p1a: Farigiraf
|-damage|p2b: Blaziken|90/100|[from] Recoil
|
|-heal|p1b: Primarina|70/100|[from] item: Leftovers
|-ability|p2b: Blaziken|Speed Boost|boost
|-boost|p2b: Blaziken|spe|1
|upkeep
|
|t:|1785014515
|switch|p1a: Golurk|Golurk-Mega, L50|47/100
|turn|4
|
|t:|1785014550
|move|p2b: Blaziken|Close Combat|p1b: Primarina
|-resisted|p1b: Primarina|1
|-damage|p1b: Primarina|16/100
|-unboost|p2b: Blaziken|def|1
|-unboost|p2b: Blaziken|spd|1
|move|p2a: Aerodactyl|Rock Slide|p1a: Golurk|[spread] p1a,p1b
|-resisted|p1a: Golurk|1
|-damage|p1a: Golurk|36/100
|-damage|p1b: Primarina|0 fnt
|faint|p1b: Primarina
|move|p1a: Golurk|Rock Slide|p2b: Blaziken|[spread] p2a,p2b
|-supereffective|p2a: Aerodactyl|1
|-damage|p2a: Aerodactyl|16/100
|-damage|p2b: Blaziken|40/100
|
|-ability|p2b: Blaziken|Speed Boost|boost
|-boost|p2b: Blaziken|spe|1
|upkeep
|turn|5
|
|t:|1785014574
|move|p2b: Blaziken|Flare Blitz|p1a: Golurk
|-damage|p1a: Golurk|0 fnt
|faint|p1a: Golurk
|-damage|p2b: Blaziken|25/100|[from] Recoil
|
|win|nmls_paladin
|c|☆yslink|yeah gg
|l|☆yslink
|player|p1|
