|j|☆GoofyGifts
|j|☆PlayzNSlayz
|html|GoofyGiftsPlayzNSlayz    
|uhtml|bestof|Game 2 of a best-of-3
|t:|1756959809
|gametype|doubles
|player|p1|GoofyGifts|blue|
|player|p2|PlayzNSlayz|parasollady|
|gen|9
|tier|[Gen 9] VGC 2025 Reg H (Bo3)
|rule|Species Clause: Limit one of each Pokémon
|rule|Item Clause: Limit 1 of each item
|clearpoke
|poke|p1|Indeedee, L50, M|
|poke|p1|Drifblim, L50, M|
|poke|p1|Volcarona, L50, F|
|poke|p1|Kommo-o, L50, M|
|poke|p1|Toxtricity, L50, M|
|poke|p1|Hydreigon, L50, M|
|poke|p2|Lilligant-Hisui, L50, F|
|poke|p2|Ursaluna, L50, F|
|poke|p2|Hatterene, L50, F|
|poke|p2|Indeedee-F, L50, F|
|poke|p2|Gallade, L50, M|
|poke|p2|Torkoal, L50, F|
|teampreview|4
|showteam|p1|Indeedee||FocusSash|PsychicSurge|ExpandingForce,TeraBlast,Imprison,TrickRoom|||M|||50|,,,,,Ground]Drifblim||PsychicSeed|Unburden|Acrobatics,WillOWisp,StrengthSap,Tailwind|||M|||50|,,,,,Grass]Volcarona||LifeOrb|FlameBody|BugBuzz,HeatWave,TeraBlast,Protect|||F|||50|,,,,,Fairy]Kommo-o||Leftovers|Soundproof|BodyPress,Flamethrower,IronDefense,Protect|||M|||50|,,,,,Fire]Toxtricity||ChoiceSpecs|PunkRock|Overdrive,Boomburst,SludgeBomb,VoltSwitch|||M|||50|,,,,,Normal]Hydreigon||AssaultVest|Levitate|DarkPulse,DracoMeteor,EarthPower,Snarl|||M|||50|,,,,,Ghost
|showteam|p2|Lilligant-Hisui||FocusSash|Chlorophyll|SolarBlade,CloseCombat,SleepPowder,AfterYou|||F|||50|,,,,,Ghost]Ursaluna||FlameOrb|Guts|Facade,HeadlongRush,Earthquake,Protect|||F|||50|,,,,,Ghost]Hatterene||LifeOrb|MagicBounce|ExpandingForce,DazzlingGleam,TeraBlast,TrickRoom|||F|||50|,,,,,Fire]Indeedee-F||PsychicSeed|PsychicSurge|FollowMe,HelpingHand,TrickRoom,Psyshock|||F|||50|,,,,,Water]Gallade||ClearAmulet|Sharpness|SacredSword,PsychoCut,WideGuard,TrickRoom|||M|||50|,,,,,Grass]Torkoal||ChoiceSpecs|Drought|Eruption,HeatWave,WeatherBall,EarthPower|||F|||50|,,,,,Fire
|
|t:|1756959822
|teamsize|p1|4
|teamsize|p2|4
|start
|switch|p1a: Chips|Kommo-o, L50, M|100/100
|switch|p1b: Medic|Drifblim, L50, M|100/100
|switch|p2a: Torkoal|Torkoal, L50, F|100/100
|switch|p2b: Lilligant|Lilligant-Hisui, L50, F|100/100
|-weather|SunnyDay|[from] ability: Drought|[of] p2a: Torkoal
|turn|1
|
|t:|1756959844
|-terastallize|p2a: Torkoal|Fire
|move|p2b: Lilligant|After You|p2a: Torkoal
|-activate|p2a: Torkoal|move: After You
|move|p2a: Torkoal|Eruption|p1b: Medic|[spread] p1a,p1b
|-resisted|p1a: Chips
|-damage|p1a: Chips|35/100
|-damage|p1b: Medic|0 fnt
|faint|p1b: Medic
|move|p1a: Chips|Iron Defense|p1a: Chips
|-boost|p1a: Chips|def|2
|
|-weather|SunnyDay|[upkeep]
|-heal|p1a: Chips|41/100|[from] item: Leftovers
|upkeep
|
|t:|1756959855
|switch|p1b: King dedede|Indeedee, L50, M|100/100
|-fieldstart|move: Psychic Terrain|[from] ability: Psychic Surge|[of] p1b: King dedede
|turn|2
|
|t:|1756959869
|-terastallize|p1b: King dedede|Ground
|move|p2b: Lilligant|Close Combat|p1b: King dedede
|-crit|p1b: King dedede
|-enditem|p1b: King dedede|Focus Sash
|-damage|p1b: King dedede|1/100
|-unboost|p2b: Lilligant|def|1
|-unboost|p2b: Lilligant|spd|1
|move|p1b: King dedede|Tera Blast|p2a: Torkoal|[anim] Tera Blast Ground
|-supereffective|p2a: Torkoal
|-damage|p2a: Torkoal|2/100
|move|p1a: Chips|Body Press|p2a: Torkoal
|-damage|p2a: Torkoal|0 fnt
|faint|p2a: Torkoal
|
|-weather|SunnyDay|[upkeep]
|-heal|p1a: Chips|47/100|[from] item: Leftovers
|upkeep
|
|t:|1756959885
|switch|p2a: Ursaluna|Ursaluna, L50, F|100/100
|turn|3
|
|t:|1756959898
|move|p2a: Ursaluna|Protect|p2a: Ursaluna
|-singleturn|p2a: Ursaluna|Protect
|move|p2b: Lilligant|Close Combat|p1a: Chips
|-damage|p1a: Chips|25/100
|-unboost|p2b: Lilligant|def|1
|-unboost|p2b: Lilligant|spd|1
|move|p1b: King dedede|Expanding Force|p2b: Lilligant|[spread] p2b
|-activate|p2a: Ursaluna|move: Protect
|-supereffective|p2b: Lilligant
|-enditem|p2b: Lilligant|Focus Sash
|-damage|p2b: Lilligant|1/100
|move|p1a: Chips|Body Press|p2b: Lilligant
|-damage|p2b: Lilligant|0 fnt
|faint|p2b: Lilligant
|
|-weather|SunnyDay|[upkeep]
|-heal|p1a: Chips|31/100|[from] item: Leftovers
|-status|p2a: Ursaluna|brn|[from] item: Flame Orb
|upkeep
|
|t:|1756959915
|switch|p2b: Indeedee|Indeedee-F, L50, F|100/100
|-enditem|p2b: Indeedee|Psychic Seed
|-boost|p2b: Indeedee|spd|1|[from] item: Psychic Seed
|turn|4
|
|t:|1756959940
|move|p2b: Indeedee|Follow Me|p2b: Indeedee
|-singleturn|p2b: Indeedee|move: Follow Me
|move|p1b: King dedede|Expanding Force|p2a: Ursaluna|[spread] p2a,p2b
|-resisted|p2b: Indeedee
|-damage|p2a: Ursaluna|52/100 brn
|-damage|p2b: Indeedee|82/100
|move|p1a: Chips|Body Press|p2b: Indeedee
|-damage|p2b: Indeedee|12/100
|move|p2a: Ursaluna|Facade|p1a: Chips
|-damage|p1a: Chips|0 fnt
|faint|p1a: Chips
|
|-weather|SunnyDay|[upkeep]
|-damage|p2a: Ursaluna|46/100 brn|[from] brn
|upkeep
|
|t:|1756959952
|switch|p1a: Grooker|Toxtricity, L50, M, shiny|100/100
|turn|5
|
|t:|1756959972
|move|p2b: Indeedee|Helping Hand|p2a: Ursaluna
|-singleturn|p2a: Ursaluna|Helping Hand|[of] p2b: Indeedee
|move|p1b: King dedede|Expanding Force|p2a: Ursaluna|[spread] p2a,p2b
|-resisted|p2b: Indeedee
|-damage|p2a: Ursaluna|0 fnt
|-damage|p2b: Indeedee|0 fnt
|faint|p2a: Ursaluna
|faint|p2b: Indeedee
|
|win|GoofyGifts
|c|☆GoofyGifts|GG
|l|☆PlayzNSlayz
|player|p2|
|l|☆GoofyGifts
|player|p1|
|j|☆GoofyGifts
|player|p1|GoofyGifts|blue|
