|j|☆JayoticNL
|j|☆annadaromavgc
|html|JayoticNLannadaromavgc    
|uhtml|bestof|Game 1 of a best-of-3
|t:|1782214975
|gametype|doubles
|player|p1|JayoticNL|jacinthe|1272
|player|p2|annadaromavgc|102|1293
|gen|9
|tier|[Gen 9 Champions] VGC 2026 Reg M-B (Bo3)
|rated|
|rule|Species Clause: Limit one of each Pokémon
|rule|Item Clause: Limit 1 of each item
|clearpoke
|poke|p1|Whimsicott, L50, F|
|poke|p1|Floette-Eternal, L50, F|
|poke|p1|Staraptor, L50, F|
|poke|p1|Gholdengo, L50|
|poke|p1|Garchomp, L50, F|
|poke|p1|Incineroar, L50, M|
|poke|p2|Swampert, L50, F|
|poke|p2|Pelipper, L50, F|
|poke|p2|Archaludon, L50, F|
|poke|p2|Sinistcha, L50|
|poke|p2|Maushold-Four, L50|
|poke|p2|Gholdengo, L50|
|teampreview|4
|showteam|p1|Whimsicott||FocusSash|Prankster|Moonblast,Tailwind,Encore,Protect|Timid||F|||50|]Floette-Eternal||Floettite|FlowerVeil|Moonblast,DazzlingGleam,LightofRuin,Protect|Modest||F|||50|]Staraptor||Staraptite|Intimidate|BraveBird,CloseCombat,Roost,Protect|Jolly||F|||50|]Gholdengo||LifeOrb|GoodasGold|MakeItRain,ShadowBall,PowerGem,Protect|Modest|||||50|]Garchomp||RoseliBerry|RoughSkin|DragonClaw,Earthquake,RockSlide,Protect|Adamant||F|||50|]Incineroar||SitrusBerry|Intimidate|FlareBlitz,DarkestLariat,FakeOut,PartingShot|Adamant||M|||50|
|showteam|p2|Swampert||Swampertite|Torrent|WaveCrash,HighHorsepower,IcePunch,Protect|Adamant||F|||50|]Pelipper||SitrusBerry|Drizzle|WeatherBall,Hurricane,Tailwind,WideGuard|Modest||F|||50|]Archaludon||Leftovers|Stamina|ElectroShot,DragonPulse,FlashCannon,Protect|Calm||F|||50|]Sinistcha||KasibBerry|Hospitality|RagePowder,MatchaGotcha,TrickRoom,Protect|Bold|||||50|]Maushold-Four||FocusSash|FriendGuard|FollowMe,SuperFang,RainDance,Protect|Timid|||||50|]Gholdengo||LifeOrb|GoodasGold|MakeItRain,ShadowBall,NastyPlot,Protect|Modest|||||50|
|inactive|Battle timer is ON: inactive players will automatically lose when time's up. (requested by annadaromavgc)
|
|t:|1782214996
|teamsize|p1|4
|teamsize|p2|4
|start
|switch|p1a: Whimsicott|Whimsicott, L50, F|100/100
|switch|p1b: Staraptor|Staraptor, L50, F|100/100
|switch|p2a: Maushold|Maushold-Four, L50|100/100
|switch|p2b: Gholdengo|Gholdengo, L50|100/100
|-ability|p1b: Staraptor|Intimidate|boost
|-unboost|p2a: Maushold|atk|1
|-unboost|p2b: Gholdengo|atk|1
|turn|1
|
|t:|1782215012
|detailschange|p1b: Staraptor|Staraptor-Mega, L50, F
|-mega|p1b: Staraptor|Staraptor|Staraptite
|move|p2a: Maushold|Protect|p2a: Maushold
|-singleturn|p2a: Maushold|Protect
|move|p1b: Staraptor|Protect|p1b: Staraptor
|-singleturn|p1b: Staraptor|Protect
|move|p1a: Whimsicott|Tailwind|p1a: Whimsicott
|-sidestart|p1: JayoticNL|move: Tailwind
|move|p2b: Gholdengo|Nasty Plot|p2b: Gholdengo
|-boost|p2b: Gholdengo|spa|2
|
|upkeep
|turn|2
|
|t:|1782215026
|move|p2a: Maushold|Follow Me|p2a: Maushold
|-singleturn|p2a: Maushold|move: Follow Me
|move|p1a: Whimsicott|Moonblast|p2a: Maushold
|-damage|p2a: Maushold|54/100
|move|p1b: Staraptor|Close Combat|p2a: Maushold
|-supereffective|p2a: Maushold|1
|-damage|p2a: Maushold|0 fnt
|-boost|p1b: Staraptor|def|1
|-boost|p1b: Staraptor|spd|1
|faint|p2a: Maushold
|move|p2b: Gholdengo|Make It Rain|p1b: Staraptor|[spread] p1a,p1b
|-supereffective|p1a: Whimsicott|1
|-enditem|p1a: Whimsicott|Focus Sash
|-damage|p1a: Whimsicott|1/100
|-damage|p1b: Staraptor|9/100
|-unboost|p2b: Gholdengo|spa|2
|-damage|p2b: Gholdengo|90/100|[from] item: Life Orb
|
|upkeep
|
|t:|1782215044
|switch|p2a: Swampert|Swampert, L50, F|100/100
|turn|3
|
|t:|1782215051
|switch|p1a: Incineroar|Incineroar, L50, M|100/100
|-ability|p1a: Incineroar|Intimidate|boost
|-unboost|p2a: Swampert|atk|1
|-unboost|p2b: Gholdengo|atk|1
|detailschange|p2a: Swampert|Swampert-Mega, L50, F
|-mega|p2a: Swampert|Swampert|Swampertite
|move|p2a: Swampert|Protect|p2a: Swampert
|-singleturn|p2a: Swampert|Protect
|move|p1b: Staraptor|Roost|p1b: Staraptor
|-heal|p1b: Staraptor|59/100
|-singleturn|p1b: Staraptor|move: Roost
|move|p2b: Gholdengo|Shadow Ball|p1b: Staraptor
|-damage|p1b: Staraptor|19/100
|-damage|p2b: Gholdengo|81/100|[from] item: Life Orb
|
|upkeep
|turn|4
|
|t:|1782215077
|switch|p2a: Pelipper|Pelipper, L50, F|100/100
|-weather|RainDance|[from] ability: Drizzle|[of] p2a: Pelipper
|move|p1b: Staraptor|Roost|p1b: Staraptor
|-heal|p1b: Staraptor|69/100
|-singleturn|p1b: Staraptor|move: Roost
|move|p1a: Incineroar|Flare Blitz|p2b: Gholdengo
|-supereffective|p2b: Gholdengo|1
|-damage|p2b: Gholdengo|24/100
|-damage|p1a: Incineroar|83/100|[from] Recoil
|move|p2b: Gholdengo|Shadow Ball|p1b: Staraptor
|-damage|p1b: Staraptor|28/100
|-damage|p2b: Gholdengo|14/100|[from] item: Life Orb
|
|-weather|RainDance|[upkeep]
|-sideend|p1: JayoticNL|move: Tailwind
|upkeep
|turn|5
|
|t:|1782215099
|switch|p2b: Swampert|Swampert-Mega, L50, F|100/100
|move|p1b: Staraptor|Roost|p1b: Staraptor
|-heal|p1b: Staraptor|79/100
|-singleturn|p1b: Staraptor|move: Roost
|move|p2a: Pelipper|Weather Ball|p1a: Incineroar
|-supereffective|p1a: Incineroar|1
|-damage|p1a: Incineroar|0 fnt
|faint|p1a: Incineroar
|
|-weather|RainDance|[upkeep]
|upkeep
|
|t:|1782215104
|switch|p1a: Whimsicott|Whimsicott, L50, F|1/100
|turn|6
|
|t:|1782215114
|move|p1a: Whimsicott|Tailwind|p1a: Whimsicott
|-sidestart|p1: JayoticNL|move: Tailwind
|move|p1b: Staraptor|Close Combat|p2b: Swampert
|-damage|p2b: Swampert|41/100
|-boost|p1b: Staraptor|def|1
|-boost|p1b: Staraptor|spd|1
|move|p2b: Swampert|Ice Punch|p1a: Whimsicott
|-supereffective|p1a: Whimsicott|1
|-damage|p1a: Whimsicott|0 fnt
|faint|p1a: Whimsicott
|move|p2a: Pelipper|Tailwind|p2a: Pelipper
|-sidestart|p2: annadaromavgc|move: Tailwind
|
|-weather|RainDance|[upkeep]
|upkeep
|
|t:|1782215118
|switch|p1a: Garchomp|Garchomp, L50, F|100/100
|turn|7
|
|t:|1782215126
|move|p1a: Garchomp|Protect|p1a: Garchomp
|-singleturn|p1a: Garchomp|Protect
|move|p2b: Swampert|Ice Punch|p1a: Garchomp
|-activate|p1a: Garchomp|move: Protect
|move|p1b: Staraptor|Close Combat|p2b: Swampert
|-damage|p2b: Swampert|0 fnt
|-boost|p1b: Staraptor|def|1
|-boost|p1b: Staraptor|spd|1
|faint|p2b: Swampert
|move|p2a: Pelipper|Hurricane|p1b: Staraptor
|-supereffective|p1b: Staraptor|1
|-damage|p1b: Staraptor|41/100
|
|-weather|RainDance|[upkeep]
|upkeep
|
|t:|1782215129
|switch|p2b: Gholdengo|Gholdengo, L50|14/100
|turn|8
|
|t:|1782215144
|move|p1b: Staraptor|Roost|p1b: Staraptor
|-heal|p1b: Staraptor|91/100
|-singleturn|p1b: Staraptor|move: Roost
|move|p1a: Garchomp|Dragon Claw|p2b: Gholdengo
|-resisted|p2b: Gholdengo|1
|-damage|p2b: Gholdengo|0 fnt
|faint|p2b: Gholdengo
|move|p2a: Pelipper|Weather Ball|p1a: Garchomp
|-damage|p1a: Garchomp|43/100
|
|-weather|none
|upkeep
|turn|9
|-message|annadaromavgc forfeited.
|
|win|JayoticNL
||annadaromavgc is ready for game 2.
||JayoticNL is ready for game 2.
|uhtml|next|Next: Game 2 of 3
|l|☆annadaromavgc
|player|p2|
