|j|☆eklyst
|j|☆KodeBeast0526
|html|eklystKodeBeast0526    
|uhtml|bestof|Game 3 of a best-of-3
|t:|1785163914
|gametype|doubles
|player|p1|eklyst|pokemaniac|1181
|player|p2|KodeBeast0526|hiker|1196
|gen|9
|tier|[Gen 9 Champions] VGC 2026 Reg M-B (Bo3)
|rated|
|rule|Species Clause: Limit one of each Pokémon
|rule|Item Clause: Limit 1 of each item
|clearpoke
|poke|p1|Metagross, L50|
|poke|p1|Floette-Eternal, L50, F|
|poke|p1|Garchomp, L50, M|
|poke|p1|Aerodactyl, L50, F|
|poke|p1|Sinistcha, L50|
|poke|p1|Incineroar, L50, F|
|poke|p2|Aerodactyl, L50, M|
|poke|p2|Kingambit, L50, M|
|poke|p2|Sylveon, L50, M|
|poke|p2|Garchomp, L50, M|
|poke|p2|Charizard, L50, M|
|poke|p2|Farigiraf, L50, M, shiny|
|teampreview|4
|showteam|p1|Metagross||Metagrossite|ClearBody|PsychicFangs,IronHead,BulletPunch,Protect|Adamant|||||50|]Floette-Eternal||Floettite|FlowerVeil|DazzlingGleam,Moonblast,CalmMind,Protect|Modest||F|||50|]Garchomp||LifeOrb|RoughSkin|RockSlide,StompingTantrum,DragonClaw,Protect|Jolly||M|||50|]Aerodactyl||FocusSash|Unnerve|RockSlide,DualWingbeat,Tailwind,Protect|Jolly||F|||50|]Sinistcha||KasibBerry|Hospitality|MatchaGotcha,TrickRoom,RagePowder,Protect|Relaxed|||||50|]Incineroar||SitrusBerry|Intimidate|FakeOut,FlareBlitz,ThroatChop,PartingShot|Adamant||F|||50|
|showteam|p2|Aerodactyl||Aerodactylite|Unnerve|RockSlide,IceFang,Tailwind,WideGuard|Jolly||M|||50|]Kingambit||FocusSash|Defiant|KowtowCleave,SuckerPunch,IronHead,LowKick|Adamant||M|||50|]Sylveon||FairyFeather|Pixilate|Detect,HyperVoice,HyperBeam,QuickAttack|Modest||M|||50|]Garchomp||LifeOrb|RoughSkin|Earthquake,DragonClaw,StompingTantrum,Protect|Jolly||M|||50|]Charizard||CharizarditeY|Blaze|Protect,HeatWave,SolarBeam,WeatherBall|Modest||M|||50|]Farigiraf||SitrusBerry|ArmorTail|Thunderbolt,PsychicNoise,TrickRoom,HelpingHand|Bold||M|||50|
|inactive|Battle timer is ON: inactive players will automatically lose when time's up. (requested by eklyst)
|
|t:|1785163933
|teamsize|p1|4
|teamsize|p2|4
|start
|switch|p1a: Garchomp|Garchomp, L50, M|100/100
|switch|p1b: Sinistcha|Sinistcha, L50|100/100
|switch|p2a: Aerodactyl|Aerodactyl, L50, M|100/100
|switch|p2b: Kingambit|Kingambit, L50, M|100/100
|-ability|p2a: Aerodactyl|Unnerve
|turn|1
|
|t:|1785163946
|move|p2a: Aerodactyl|Ice Fang|p1b: Sinistcha
|-supereffective|p1b: Sinistcha|1
|-damage|p1b: Sinistcha|70/100
|move|p1a: Garchomp|Stomping Tantrum|p2b: Kingambit
|-supereffective|p2b: Kingambit|1
|-damage|p2b: Kingambit|23/100
|-damage|p1a: Garchomp|90/100|[from] item: Life Orb
|move|p2b: Kingambit|Kowtow Cleave|p1b: Sinistcha
|-supereffective|p1b: Sinistcha|1
|-crit|p1b: Sinistcha
|-damage|p1b: Sinistcha|0 fnt
|faint|p1b: Sinistcha
|
|upkeep
|
|t:|1785163964
|switch|p1b: Floette|Floette-Eternal, L50, F|100/100
|turn|2
|
|t:|1785163974
|detailschange|p2a: Aerodactyl|Aerodactyl-Mega, L50, M
|-mega|p2a: Aerodactyl|Aerodactyl|Aerodactylite
|detailschange|p1b: Floette|Floette-Mega, L50, F
|-mega|p1b: Floette|Floette|Floettite
|-ability|p1b: Floette|Fairy Aura
|move|p2a: Aerodactyl|Tailwind|p2a: Aerodactyl
|-sidestart|p2: KodeBeast0526|move: Tailwind
|move|p2b: Kingambit|Iron Head|p1b: Floette
|-supereffective|p1b: Floette|1
|-damage|p1b: Floette|13/100
|move|p1a: Garchomp|Rock Slide|p2b: Kingambit|[spread] p2a,p2b
|-supereffective|p2a: Aerodactyl|1
|-resisted|p2b: Kingambit|1
|-damage|p2a: Aerodactyl|48/100
|-damage|p2b: Kingambit|12/100
|-damage|p1a: Garchomp|80/100|[from] item: Life Orb
|cant|p1b: Floette|flinch
|
|upkeep
|turn|3
|
|t:|1785163995
|switch|p1b: Incineroar|Incineroar, L50, F|100/100
|-ability|p1b: Incineroar|Intimidate|boost
|-unboost|p2a: Aerodactyl|atk|1
|-unboost|p2b: Kingambit|atk|1
|-ability|p2b: Kingambit|Defiant|boost
|-boost|p2b: Kingambit|atk|2
|move|p2a: Aerodactyl|Ice Fang|p1a: Garchomp
|-supereffective|p1a: Garchomp|2
|-damage|p1a: Garchomp|11/100
|-damage|p2a: Aerodactyl|36/100|[from] ability: Rough Skin|[of] p1a: Garchomp
|move|p2b: Kingambit|Iron Head|p1b: Incineroar
|-resisted|p1b: Incineroar|1
|-damage|p1b: Incineroar|68/100
|move|p1a: Garchomp|Rock Slide|p2b: Kingambit|[spread] p2a
|-miss|p1a: Garchomp|p2b: Kingambit
|-supereffective|p2a: Aerodactyl|1
|-damage|p2a: Aerodactyl|0 fnt
|faint|p2a: Aerodactyl
|-damage|p1a: Garchomp|1/100|[from] item: Life Orb
|
|upkeep
|
|t:|1785164002
|switch|p2a: Garchomp|Garchomp, L50, M|100/100
|turn|4
|
|t:|1785164021
|switch|p2b: Charizard|Charizard, L50, M|100/100
|move|p1b: Incineroar|Fake Out|p2b: Charizard
|-damage|p2b: Charizard|84/100
|move|p2a: Garchomp|Earthquake|p1a: Garchomp|[spread] p1a,p1b
|-immune|p2b: Charizard
|-supereffective|p1b: Incineroar|1
|-damage|p1a: Garchomp|0 fnt
|-damage|p1b: Incineroar|0 fnt
|faint|p1a: Garchomp
|faint|p1b: Incineroar
|-damage|p2a: Garchomp|90/100|[from] item: Life Orb
|
|upkeep
|
|t:|1785164030
|switch|p1a: Floette|Floette-Mega, L50, F|13/100
|-ability|p1a: Floette|Fairy Aura
|turn|5
|
|t:|1785164038
|move|p1a: Floette|Protect|p1a: Floette
|-singleturn|p1a: Floette|Protect
|move|p2a: Garchomp|Earthquake|p1a: Floette|[spread] 
|-activate|p1a: Floette|move: Protect
|-immune|p2b: Charizard
|move|p2b: Charizard|Heat Wave|p1a: Floette
|-activate|p1a: Floette|move: Protect
|
|-sideend|p2: KodeBeast0526|move: Tailwind
|upkeep
|turn|6
|
|t:|1785164041
|move|p2a: Garchomp|Earthquake|p1a: Floette|[spread] p1a
|-immune|p2b: Charizard
|-damage|p1a: Floette|0 fnt
|faint|p1a: Floette
|-damage|p2a: Garchomp|80/100|[from] item: Life Orb
|
|win|KodeBeast0526
|raw|eklyst's rating: 1181 → 1157(-24 for losing)
|raw|KodeBeast0526's rating: 1196 → 1220(+24 for winning)
|j| tedidn
|l|☆KodeBeast0526
|player|p2|
|l| tedidn
