|j|☆CappyTJ5
|j|☆Lord_of_Ewoks
|html|CappyTJ5Lord_of_Ewoks    
|uhtml|bestof|Game 2 of a best-of-3
|t:|1757037203
|gametype|doubles
|player|p1|CappyTJ5|wallace|1121
|player|p2|Lord_of_Ewoks|169|1082
|gen|9
|tier|[Gen 9] VGC 2025 Reg H (Bo3)
|rated|
|rule|Species Clause: Limit one of each Pokémon
|rule|Item Clause: Limit 1 of each item
|clearpoke
|poke|p1|Sneasler, L50, F|
|poke|p1|Incineroar, L50, M|
|poke|p1|Dragonite, L50, F|
|poke|p1|Gholdengo, L50|
|poke|p1|Amoonguss, L50, F|
|poke|p1|Ursaluna-Bloodmoon, L50, M|
|poke|p2|Blaziken, L50, F|
|poke|p2|Primarina, L50, M|
|poke|p2|Serperior, L50, F|
|poke|p2|Incineroar, L50, F|
|poke|p2|Indeedee-F, L50, F|
|poke|p2|Dragapult, L50, F|
|teampreview|4
|showteam|p1|Sneasler||FocusSash|Unburden|Protect,DireClaw,CloseCombat,ThroatChop|||F|||50|,,,,,Stellar]Incineroar||SafetyGoggles|Intimidate|KnockOff,FlareBlitz,PartingShot,FakeOut|||M|||50|,,,,,Ghost]Dragonite||LoadedDice|Multiscale|Protect,ScaleShot,Tailwind,Haze|||F|||50|,,,,,Fairy]Gholdengo||LifeOrb|GoodasGold|Protect,MakeItRain,ShadowBall,NastyPlot||||||50|,,,,,Water]Amoonguss||SitrusBerry|Regenerator|Protect,Spore,PollenPuff,RagePowder|||F|||50|,,,,,Water]Ursaluna-Bloodmoon||AssaultVest|MindsEye|HyperVoice,BloodMoon,EarthPower,VacuumWave|||M|||50|,,,,,Water
|showteam|p2|Blaziken||ClearAmulet|SpeedBoost|FirePledge,CloseCombat,RockSlide,Protect|||F|||50|,,,,,Dark]Primarina||LifeOrb|LiquidVoice|HyperVoice,Moonblast,WaterPledge,Protect|||M|||50|,,,,,Poison]Serperior||FocusSash|Contrary|LeafStorm,TeraBlast,GrassPledge,Protect|||F|||50|,,,,,Stellar]Incineroar||SitrusBerry|Intimidate|FakeOut,PartingShot,KnockOff,WillOWisp|||F|||50|,,,,,Ghost]Indeedee-F||SafetyGoggles|PsychicSurge|FollowMe,Protect,TrickRoom,Psychic|||F|||50|,,,,,Dark]Dragapult||ChoiceBand|ClearBody|DragonDarts,PhantomForce,Uturn,PsychicFangs|||F|||50|,,,,,Dragon
|inactive|Battle timer is ON: inactive players will automatically lose when time's up. (requested by CappyTJ5)
|inactive|CappyTJ5 has 60 seconds left.
|
|t:|1757037260
|teamsize|p1|4
|teamsize|p2|4
|start
|switch|p1a: Dragonite|Dragonite, L50, F|100/100
|switch|p1b: Amoonguss|Amoonguss, L50, F|100/100
|switch|p2a: Incineroar|Incineroar, L50, F|100/100
|switch|p2b: Primarina|Primarina, L50, M|100/100
|-ability|p2a: Incineroar|Intimidate|boost
|-unboost|p1a: Dragonite|atk|1
|-unboost|p1b: Amoonguss|atk|1
|turn|1
|inactive|Lord_of_Ewoks has 30 seconds left.
|
|t:|1757037287
|move|p1a: Dragonite|Protect|p1a: Dragonite
|-singleturn|p1a: Dragonite|Protect
|move|p2b: Primarina|Protect|p2b: Primarina
|-singleturn|p2b: Primarina|Protect
|move|p1b: Amoonguss|Protect|p1b: Amoonguss
|-singleturn|p1b: Amoonguss|Protect
|move|p2a: Incineroar|Will-O-Wisp|p1a: Dragonite
|-activate|p1a: Dragonite|move: Protect
|
|upkeep
|turn|2
|inactive|CappyTJ5 has 30 seconds left.
|inactive|CappyTJ5 has 20 seconds left.
|inactive|CappyTJ5 has 15 seconds left.
|
|t:|1757037331
|switch|p1a: Gholdengo|Gholdengo, L50|100/100
|switch|p2b: Serperior|Serperior, L50, F|100/100
|move|p2a: Incineroar|Will-O-Wisp|p1a: Gholdengo
|-immune|p1a: Gholdengo|[from] ability: Good as Gold
|move|p1b: Amoonguss|Spore|p2b: Serperior
|-immune|p2b: Serperior
|
|upkeep
|turn|3
|inactive|CappyTJ5 has 30 seconds left.
|
|t:|1757037358
|move|p1b: Amoonguss|Rage Powder|p1b: Amoonguss
|-singleturn|p1b: Amoonguss|move: Rage Powder
|move|p2b: Serperior|Leaf Storm|p1a: Gholdengo
|-resisted|p1a: Gholdengo
|-damage|p1a: Gholdengo|76/100
|-boost|p2b: Serperior|spa|2
|move|p1a: Gholdengo|Nasty Plot|p1a: Gholdengo
|-boost|p1a: Gholdengo|spa|2
|move|p2a: Incineroar|Knock Off|p1b: Amoonguss
|-damage|p1b: Amoonguss|70/100
|-enditem|p1b: Amoonguss|Sitrus Berry|[from] move: Knock Off|[of] p2a: Incineroar
|
|upkeep
|turn|4
|inactive|CappyTJ5 has 30 seconds left.
|
|t:|1757037391
|move|p2b: Serperior|Protect|p2b: Serperior
|-singleturn|p2b: Serperior|Protect
|move|p1a: Gholdengo|Make It Rain|p2b: Serperior|[spread] p2a
|-activate|p2b: Serperior|move: Protect
|-resisted|p2a: Incineroar
|-damage|p2a: Incineroar|58/100
|-unboost|p1a: Gholdengo|spa|1
|-damage|p1a: Gholdengo|66/100|[from] item: Life Orb
|move|p2a: Incineroar|Knock Off|p1a: Gholdengo
|-supereffective|p1a: Gholdengo
|-damage|p1a: Gholdengo|0 fnt
|-enditem|p1a: Gholdengo|Life Orb|[from] move: Knock Off|[of] p2a: Incineroar
|faint|p1a: Gholdengo
|move|p1b: Amoonguss|Pollen Puff|p1: Gholdengo|[notarget]
|-fail|p1b: Amoonguss
|
|upkeep
|
|t:|1757037409
|switch|p1a: Sneasler|Sneasler, L50, F|100/100
|turn|5
|inactive|CappyTJ5 has 30 seconds left.
|
|t:|1757037444
|switch|p2a: Dragapult|Dragapult, L50, F|100/100
|-terastallize|p2b: Serperior|Stellar
|move|p1a: Sneasler|Close Combat|p2a: Dragapult
|-immune|p2a: Dragapult
|move|p2b: Serperior|Tera Blast|p1b: Amoonguss|[anim] Tera Blast Stellar
|-damage|p1b: Amoonguss|22/100
|-boost|p2b: Serperior|atk|1
|-boost|p2b: Serperior|spa|1
|move|p1b: Amoonguss|Pollen Puff|p1a: Sneasler
|
|upkeep
|turn|6
|inactive|CappyTJ5 has 30 seconds left.
|inactive|CappyTJ5 has 20 seconds left.
|inactive|Lord_of_Ewoks has 30 seconds left.
|
|t:|1757037484
|switch|p1b: Dragonite|Dragonite, L50, F|100/100
|move|p2a: Dragapult|Dragon Darts|p1a: Sneasler
|-damage|p1a: Sneasler|37/100
|-anim|p2a: Dragapult|Dragon Darts|p1b: Dragonite
|-supereffective|p1b: Dragonite
|-damage|p1b: Dragonite|62/100
|move|p1a: Sneasler|Dire Claw|p2b: Serperior
|-supereffective|p2b: Serperior
|-enditem|p2b: Serperior|Focus Sash
|-damage|p2b: Serperior|1/100
|move|p2b: Serperior|Tera Blast|p1a: Sneasler|[anim] Tera Blast Stellar
|-damage|p1a: Sneasler|0 fnt
|-boost|p2b: Serperior|atk|1
|-boost|p2b: Serperior|spa|1
|faint|p1a: Sneasler
|
|upkeep
|
|t:|1757037496
|switch|p1a: Amoonguss|Amoonguss, L50, F|55/100
|turn|7
|
|t:|1757037516
|-terastallize|p1b: Dragonite|Fairy
|move|p2a: Dragapult|Dragon Darts|p1a: Amoonguss
|-damage|p1a: Amoonguss|24/100
|-anim|p2a: Dragapult|Dragon Darts|p1a: Amoonguss
|-damage|p1a: Amoonguss|0 fnt
|faint|p1a: Amoonguss
|move|p2b: Serperior|Tera Blast|p1b: Dragonite|[anim] Tera Blast Stellar
|-supereffective|p1b: Dragonite
|-damage|p1b: Dragonite|0 fnt
|-boost|p2b: Serperior|atk|1
|-boost|p2b: Serperior|spa|1
|faint|p1b: Dragonite
|
|win|Lord_of_Ewoks
||CappyTJ5 is ready for game 3.
