|j|☆clearmomdotcom2
|j|☆erickpoux
|html|clearmomdotcom2erickpoux    
|uhtml|bestof|Game 1 of a best-of-3
|t:|1756353177
|gametype|doubles
|player|p1|clearmomdotcom2|waitress|1161
|player|p2|erickpoux|nate|1120
|gen|9
|tier|[Gen 9] VGC 2025 Reg H (Bo3)
|rated|
|rule|Species Clause: Limit one of each Pokémon
|rule|Item Clause: Limit 1 of each item
|clearpoke
|poke|p1|Indeedee, L50, M|
|poke|p1|Sneasler, L50, M|
|poke|p1|Torkoal, L50, F|
|poke|p1|Exeggutor, L50, F|
|poke|p1|Weezing-Galar, L50, M|
|poke|p1|Arcanine-Hisui, L50, F|
|poke|p2|Volcarona, L50, F|
|poke|p2|Rillaboom, L50, M|
|poke|p2|Electabuzz, L50, M|
|poke|p2|Dragonite, L50, M|
|poke|p2|Ursaluna-Bloodmoon, L50, M|
|poke|p2|Whimsicott, L50, M|
|teampreview|4
|showteam|p1|Indeedee||FocusSash|PsychicSurge|ExpandingForce,TeraBlast,Protect,TrickRoom|||M|||50|,,,,,Fighting]Sneasler||PsychicSeed|Unburden|ThroatChop,CloseCombat,DireClaw,Protect|||M|||50|,,,,,Dark]Torkoal||EjectPack|Drought|Eruption,Overheat,Protect,HelpingHand|||F|||50|,,,,,Fire]Exeggutor||LifeOrb|Chlorophyll|ExpandingForce,SleepPowder,Protect,EnergyBall|||F|||50|,,,,,Psychic]Weezing-Galar||ChoiceSpecs|NeutralizingGas|SludgeBomb,Flamethrower,DazzlingGleam,StrangeSteam|||M|||50|,,,,,Fire]Arcanine-Hisui||ChoiceBand|Intimidate|RockSlide,RockBlast,FlareBlitz,ExtremeSpeed|||F|||50|,,,,,Water
|showteam|p2|Volcarona||CovertCloak|FlameBody|TeraBlast,HeatWave,QuiverDance,Protect|||F|||50|,,,,,Water]Rillaboom||AssaultVest|GrassySurge|WoodHammer,GrassyGlide,Uturn,FakeOut|||M|||50|,,,,,Grass]Electabuzz||Eviolite|VitalSpirit|FollowMe,Protect,Electroweb,Taunt|||M|||50|,,,,,Ghost]Dragonite||LoadedDice|Multiscale|ScaleShot,Tailwind,Haze,Protect|||M|||50|,,,,,Fairy]Ursaluna-Bloodmoon||LifeOrb|MindsEye|BloodMoon,EarthPower,HyperVoice,Protect|||M|||50|,,,,,Normal]Whimsicott||FocusSash|Prankster|Tailwind,Taunt,Moonblast,FakeTears|||M|||50|,,,,,Ghost
|inactive|Battle timer is ON: inactive players will automatically lose when time's up. (requested by clearmomdotcom2)
|inactive|clearmomdotcom2 has 60 seconds left.
|inactive|erickpoux has 60 seconds left.
|
|t:|1756353241
|teamsize|p1|4
|teamsize|p2|4
|start
|switch|p1a: Arcanine|Arcanine-Hisui, L50, F|100/100
|switch|p1b: Torkoal|Torkoal, L50, F|100/100
|switch|p2a: Dragonite|Dragonite, L50, M, shiny|100/100
|switch|p2b: Volcarona|Volcarona, L50, F|100/100
|-ability|p1a: Arcanine|Intimidate|boost
|-unboost|p2a: Dragonite|atk|1
|-unboost|p2b: Volcarona|atk|1
|-weather|SunnyDay|[from] ability: Drought|[of] p1b: Torkoal
|turn|1
|inactive|clearmomdotcom2 has 30 seconds left.
|inactive|erickpoux has 30 seconds left.
|
|t:|1756353269
|-terastallize|p2b: Volcarona|Water
|move|p1b: Torkoal|Helping Hand|p1a: Arcanine
|-singleturn|p1a: Arcanine|Helping Hand|[of] p1b: Torkoal
|move|p1a: Arcanine|Rock Slide|p2b: Volcarona|[spread] p2a,p2b
|-supereffective|p2a: Dragonite
|-damage|p2a: Dragonite|33/100
|-damage|p2b: Volcarona|32/100
|cant|p2a: Dragonite|flinch
|move|p2b: Volcarona|Quiver Dance|p2b: Volcarona
|-boost|p2b: Volcarona|spa|1
|-boost|p2b: Volcarona|spd|1
|-boost|p2b: Volcarona|spe|1
|
|-weather|SunnyDay|[upkeep]
|upkeep
|turn|2
|
|t:|1756353290
|-terastallize|p1a: Arcanine|Water
|move|p2b: Volcarona|Protect|p2b: Volcarona
|-singleturn|p2b: Volcarona|Protect
|move|p1a: Arcanine|Rock Slide|p2b: Volcarona|[spread] p2a
|-activate|p2b: Volcarona|move: Protect
|-supereffective|p2a: Dragonite
|-crit|p2a: Dragonite
|-damage|p2a: Dragonite|0 fnt
|faint|p2a: Dragonite
|move|p1b: Torkoal|Overheat|p2b: Volcarona
|-activate|p2b: Volcarona|move: Protect
|
|-weather|SunnyDay|[upkeep]
|upkeep
|
|t:|1756353306
|switch|p2a: Electabuzz|Electabuzz, L50, M|100/100
|turn|3
|
|t:|1756353320
|move|p1b: Torkoal|Helping Hand|p1a: Arcanine
|-singleturn|p1a: Arcanine|Helping Hand|[of] p1b: Torkoal
|move|p2b: Volcarona|Heat Wave|p1a: Arcanine|[spread] p1a,p1b
|-resisted|p1a: Arcanine
|-resisted|p1b: Torkoal
|-damage|p1a: Arcanine|43/100
|-damage|p1b: Torkoal|34/100
|move|p1a: Arcanine|Rock Slide|p2a: Electabuzz|[spread] p2b
|-miss|p1a: Arcanine|p2a: Electabuzz
|-damage|p2b: Volcarona|0 fnt
|faint|p2b: Volcarona
|move|p2a: Electabuzz|Electroweb|p1a: Arcanine|[spread] p1a,p1b
|-supereffective|p1a: Arcanine
|-damage|p1a: Arcanine|11/100
|-damage|p1b: Torkoal|15/100
|-unboost|p1a: Arcanine|spe|1
|-unboost|p1b: Torkoal|spe|1
|-enditem|p1b: Torkoal|Eject Pack
|
|t:|1756353332
|switch|p1b: Exeggutor|Exeggutor, L50, F|100/100
|
|-weather|SunnyDay|[upkeep]
|upkeep
|
|t:|1756353336
|switch|p2b: Ursaluna|Ursaluna-Bloodmoon, L50, M|100/100
|turn|4
|
|t:|1756353345
|switch|p1a: Indeedee|Indeedee, L50, M|100/100
|-fieldstart|move: Psychic Terrain|[from] ability: Psychic Surge|[of] p1a: Indeedee
|move|p2a: Electabuzz|Follow Me|p2a: Electabuzz
|-singleturn|p2a: Electabuzz|move: Follow Me
|move|p1b: Exeggutor|Expanding Force|p2a: Electabuzz|[spread] p2a,p2b
|-damage|p2a: Electabuzz|43/100
|-damage|p2b: Ursaluna|0 fnt
|faint|p2b: Ursaluna
|-damage|p1b: Exeggutor|90/100|[from] item: Life Orb
|
|-weather|SunnyDay|[upkeep]
|upkeep
|turn|5
|inactive|clearmomdotcom2 has 30 seconds left.
|inactive|clearmomdotcom2 has 20 seconds left.
|inactive|clearmomdotcom2 has 15 seconds left.
|inactive|clearmomdotcom2 has 10 seconds left.
|inactive|clearmomdotcom2 has 5 seconds left.
|
|t:|1756353397
|move|p1b: Exeggutor|Expanding Force|p2a: Electabuzz
|-damage|p2a: Electabuzz|0 fnt
|faint|p2a: Electabuzz
|-damage|p1b: Exeggutor|80/100|[from] item: Life Orb
|
|win|clearmomdotcom2
||clearmomdotcom2 is ready for game 2.
||erickpoux is ready for game 2.
|uhtml|next|Next: Game 2 of 3
|l|☆clearmomdotcom2
|player|p1|
