|j|☆Harry Hard TR
|j|☆pom123123123
|html|Harry Hard TRpom123123123    
|uhtml|bestof|Game 2 of a best-of-3
|t:|1785475085
|gametype|doubles
|player|p1|Harry Hard TR|lass-gen8|1146
|player|p2|pom123123123|wattson|1127
|gen|9
|tier|[Gen 9 Champions] VGC 2026 Reg M-B (Bo3)
|rated|
|rule|Species Clause: Limit one of each Pokémon
|rule|Item Clause: Limit 1 of each item
|clearpoke
|poke|p1|Gardevoir, L50, M|
|poke|p1|Meowstic, L50, M|
|poke|p1|Archaludon, L50, F|
|poke|p1|Pelipper, L50, F|
|poke|p1|Zoroark-Hisui, L50, M|
|poke|p1|Swampert, L50, F|
|poke|p2|Gengar, L50, M|
|poke|p2|Archaludon, L50, F|
|poke|p2|Politoed, L50, F|
|poke|p2|Swampert, L50, M|
|poke|p2|Vivillon, L50, M|
|poke|p2|Incineroar, L50, F|
|teampreview|4
|showteam|p1|Gardevoir||Gardevoirite|Synchronize|Protect,HyperVoice,ExpandingForce,AuraSphere|Modest||M|||50|]Meowstic||LightClay|Prankster|PsychicNoise,PsychicTerrain,LightScreen,Reflect|Bold||M|||50|]Archaludon||Leftovers|Stamina|Protect,DragonPulse,FlashCannon,ElectroShot|Calm||F|||50|]Pelipper||SitrusBerry|Drizzle|WideGuard,WeatherBall,Hurricane,Tailwind|Bold||F|||50|]Zoroark-Hisui||FocusSash|Illusion|Protect,BitterMalice,IcyWind,Taunt|Timid||M|||50|]Swampert||Swampertite|Torrent|Protect,WaveCrash,Earthquake,IcePunch|Adamant||F|||50|
|showteam|p2|Gengar||Gengarite|CursedBody|ShadowBall,SludgeBomb,PerishSong,Protect|Modest||M|||50|]Archaludon||Leftovers|Stamina|ElectroShot,DragonPulse,FlashCannon,Protect|Bold||F|||50|]Politoed||SitrusBerry|Drizzle|WeatherBall,Hypnosis,PerishSong,Protect|Calm||F|||50|]Swampert||Swampertite|Torrent|WaveCrash,Earthquake,IcePunch,Protect|Adamant||M|||50|]Vivillon||FocusSash|CompoundEyes|Hurricane,SleepPowder,RagePowder,Protect|Timid||M|||50|]Incineroar||PasshoBerry|Intimidate|ThroatChop,FakeOut,PartingShot,Protect|Impish||F|||50|
|inactive|Battle timer is ON: inactive players will automatically lose when time's up. (requested by pom123123123)
|inactive|Harry Hard TR has 60 seconds left.
|inactive|pom123123123 has 60 seconds left.
|
|t:|1785475131
|teamsize|p1|4
|teamsize|p2|4
|start
|switch|p1a: Meowstic|Meowstic, L50, M|100/100
|switch|p1b: Gardevoir|Gardevoir, L50, M|100/100
|switch|p2a: Archaludon|Archaludon, L50, F|100/100
|switch|p2b: Swampert|Swampert, L50, M|100/100
|turn|1
|inactive|pom123123123 has 30 seconds left.
|
|t:|1785475160
|detailschange|p2b: Swampert|Swampert-Mega, L50, M
|-mega|p2b: Swampert|Swampert|Swampertite
|move|p1b: Gardevoir|Protect|p1b: Gardevoir
|-singleturn|p1b: Gardevoir|Protect
|move|p1a: Meowstic|Light Screen|p1a: Meowstic
|-sidestart|p1: Harry Hard TR|move: Light Screen
|move|p2b: Swampert|Earthquake|p1b: Gardevoir|[spread] p2a,p1a
|-activate|p1b: Gardevoir|move: Protect
|-supereffective|p2a: Archaludon|1
|-damage|p2a: Archaludon|36/100
|-damage|p1a: Meowstic|56/100
|-ability|p2a: Archaludon|Stamina|boost
|-boost|p2a: Archaludon|def|1
|move|p2a: Archaludon|Flash Cannon|p1b: Gardevoir
|-activate|p1b: Gardevoir|move: Protect
|
|-heal|p2a: Archaludon|42/100|[from] item: Leftovers
|upkeep
|turn|2
|
|t:|1785475180
|switch|p2a: Politoed|Politoed, L50, F|100/100
|-weather|RainDance|[from] ability: Drizzle|[of] p2a: Politoed
|detailschange|p1b: Gardevoir|Gardevoir-Mega, L50, M
|-mega|p1b: Gardevoir|Gardevoir|Gardevoirite
|move|p1a: Meowstic|Psychic Terrain|p1a: Meowstic
|-fieldstart|move: Psychic Terrain
|move|p2b: Swampert|Wave Crash|p1b: Gardevoir
|-damage|p1b: Gardevoir|0 fnt
|faint|p1b: Gardevoir
|-damage|p2b: Swampert|69/100|[from] Recoil
|
|-weather|RainDance|[upkeep]
|upkeep
|
|t:|1785475191
|switch|p1b: Pelipper|Pelipper, L50, F|100/100
|turn|3
|
|t:|1785475209
|move|p2b: Swampert|Wave Crash|p1a: Meowstic
|-damage|p1a: Meowstic|0 fnt
|faint|p1a: Meowstic
|-damage|p2b: Swampert|50/100g|[from] Recoil
|move|p2a: Politoed|Perish Song|p2a: Politoed
|-start|p1b: Pelipper|perish3|[silent]
|-start|p2a: Politoed|perish3|[silent]
|-start|p2b: Swampert|perish3|[silent]
|-fieldactivate|move: Perish Song
|move|p1b: Pelipper|Tailwind|p1b: Pelipper
|-sidestart|p1: Harry Hard TR|move: Tailwind
|
|-weather|RainDance|[upkeep]
|-start|p2b: Swampert|perish3
|-start|p1b: Pelipper|perish3
|-start|p2a: Politoed|perish3
|upkeep
|
|t:|1785475212
|switch|p1a: Archaludon|Archaludon, L50, F|100/100
|turn|4
|
|t:|1785475224
|move|p2b: Swampert|Earthquake|p1a: Archaludon|[spread] p2a,p1a
|-immune|p1b: Pelipper
|-supereffective|p1a: Archaludon|1
|-damage|p2a: Politoed|58/100
|-damage|p1a: Archaludon|33/100
|-ability|p1a: Archaludon|Stamina|boost
|-boost|p1a: Archaludon|def|1
|move|p1a: Archaludon|Electro Shot||[still]
|-prepare|p1a: Archaludon|Electro Shot
|-boost|p1a: Archaludon|spa|1
|-anim|p1a: Archaludon|Electro Shot|p2a: Politoed
|-supereffective|p2a: Politoed|1
|-damage|p2a: Politoed|0 fnt
|faint|p2a: Politoed
|move|p1b: Pelipper|Weather Ball|p2b: Swampert
|-damage|p2b: Swampert|4/100
|
|-weather|RainDance|[upkeep]
|-heal|p1a: Archaludon|39/100|[from] item: Leftovers
|-start|p2b: Swampert|perish2
|-start|p1b: Pelipper|perish2
|upkeep
|
|t:|1785475248
|switch|p2a: Archaludon|Archaludon, L50, F|42/100
|turn|5
|
|t:|1785475261
|move|p2b: Swampert|Protect|p2b: Swampert
|-singleturn|p2b: Swampert|Protect
|move|p2a: Archaludon|Protect|p2a: Archaludon
|-singleturn|p2a: Archaludon|Protect
|move|p1b: Pelipper|Wide Guard|p1b: Pelipper
|-singleturn|p1b: Pelipper|Wide Guard
|move|p1a: Archaludon|Dragon Pulse|p2a: Archaludon
|-activate|p2a: Archaludon|move: Protect
|
|-weather|RainDance|[upkeep]
|-heal|p1a: Archaludon|45/100|[from] item: Leftovers
|-heal|p2a: Archaludon|48/100|[from] item: Leftovers
|-start|p2b: Swampert|perish1
|-start|p1b: Pelipper|perish1
|upkeep
|turn|6
|j| Raxxantess
|l| Raxxantess
|
|t:|1785475285
|switch|p2a: Vivillon|Vivillon, L50, M|100/100
|move|p2b: Swampert|Wave Crash|p1a: Archaludon
|-resisted|p1a: Archaludon|1
|-damage|p1a: Archaludon|15/100
|-ability|p1a: Archaludon|Stamina|boost
|-boost|p1a: Archaludon|def|1
|-damage|p2b: Swampert|0 fnt|[from] Recoil
|faint|p2b: Swampert
|move|p1a: Archaludon|Dragon Pulse|p2a: Vivillon
|-enditem|p2a: Vivillon|Focus Sash
|-damage|p2a: Vivillon|1/100
|move|p1b: Pelipper|Weather Ball|p2a: Vivillon
|-damage|p2a: Vivillon|0 fnt
|faint|p2a: Vivillon
|
|-weather|none
|-heal|p1a: Archaludon|21/100|[from] item: Leftovers
|-start|p1b: Pelipper|perish0
|faint|p1b: Pelipper
|-sideend|p1: Harry Hard TR|move: Tailwind
|-fieldend|move: Psychic Terrain
|upkeep
|
|t:|1785475292
|switch|p2b: Archaludon|Archaludon, L50, F|48/100
|turn|7
|
|t:|1785475299
|move|p1a: Archaludon|Dragon Pulse|p2b: Archaludon
|-damage|p2b: Archaludon|0 fnt
|faint|p2b: Archaludon
|
|win|Harry Hard TR
