|j|☆ivantorrente08
|j|☆CrazyComet37
|html|ivantorrente08CrazyComet37    
|uhtml|bestof|Game 1 of a best-of-3
|t:|1783535789
|gametype|doubles
|player|p1|ivantorrente08|2|
|player|p2|CrazyComet37|flint|
|gen|9
|tier|[Gen 9 Champions] VGC 2026 Reg M-B (Bo3)
|rule|Species Clause: Limit one of each Pokémon
|rule|Item Clause: Limit 1 of each item
|clearpoke
|poke|p1|Swampert, L50, F, shiny|
|poke|p1|Pelipper, L50, M, shiny|
|poke|p1|Sneasler, L50, F, shiny|
|poke|p1|Incineroar, L50, F, shiny|
|poke|p1|Metagross, L50, shiny|
|poke|p1|Archaludon, L50, M, shiny|
|poke|p2|Whimsicott, L50, M|
|poke|p2|Garchomp, L50, M|
|poke|p2|Charizard, L50, M|
|poke|p2|Floette-Eternal, L50, F|
|poke|p2|Kingambit, L50, F|
|poke|p2|Basculegion, L50, M|
|teampreview|4
|showteam|p1|Swampert||Swampertite|Damp|Earthquake,Protect,IcePunch,WaveCrash|Adamant||F|||50|]Pelipper||SitrusBerry|Drizzle|Tailwind,WeatherBall,Protect,Hurricane|Modest||M|||50|]Sneasler||FocusSash|PoisonTouch|CloseCombat,FakeOut,RockSlide,Coaching|Jolly||F|||50|]Incineroar||PasshoBerry|Intimidate|FakeOut,DarkestLariat,FlareBlitz,PartingShot|Careful||F|||50|]Metagross||Metagrossite|ClearBody|BodyPress,BulletPunch,PsychicFangs,Protect|Jolly|||||50|]Archaludon||Leftovers|Stamina|ElectroShot,FlashCannon,DragonPulse,Protect|Modest||M|||50|
|showteam|p2|Whimsicott||FocusSash|Prankster|Protect,Tailwind,Moonblast,Encore|Timid||M|||50|]Garchomp||LifeOrb|RoughSkin|Protect,Earthquake,DragonClaw,RockSlide|Jolly||M|||50|]Charizard||CharizarditeY|Blaze|Protect,HeatWave,WeatherBall,SolarBeam|Modest||M|||50|]Floette-Eternal||Floettite|FlowerVeil|Protect,LightofRuin,DazzlingGleam,Moonblast|Modest||F|||50|]Kingambit||ChopleBerry|Defiant|IronHead,SuckerPunch,KowtowCleave,LowKick|Adamant||F|||50|]Basculegion||MysticWater|Adaptability|Protect,AquaJet,LastRespects,WaveCrash|Adamant||M|||50|
|c|☆CrazyComet37|Glhf!
|inactive|Battle timer is ON: inactive players will automatically lose when time's up. (requested by ivantorrente08)
|c|☆ivantorrente08|glhf
|inactive|ivantorrente08 has 60 seconds left.
|inactive|CrazyComet37 has 60 seconds left.
|
|t:|1783535851
|teamsize|p1|4
|teamsize|p2|4
|start
|switch|p1a: Pelipper|Pelipper, L50, M, shiny|100/100
|switch|p1b: Sneasler|Sneasler, L50, F, shiny|100/100
|switch|p2a: Whimsicott|Whimsicott, L50, M|100/100
|switch|p2b: Kingambit|Kingambit, L50, F|100/100
|-weather|RainDance|[from] ability: Drizzle|[of] p1a: Pelipper
|turn|1
|inactive|CrazyComet37 has 30 seconds left.
|
|t:|1783535878
|move|p2a: Whimsicott|Protect|p2a: Whimsicott
|-singleturn|p2a: Whimsicott|Protect
|move|p1b: Sneasler|Fake Out|p2a: Whimsicott
|-activate|p2a: Whimsicott|move: Protect
|move|p1a: Pelipper|Tailwind|p1a: Pelipper
|-sidestart|p1: ivantorrente08|move: Tailwind
|move|p2b: Kingambit|Kowtow Cleave|p1a: Pelipper
|-damage|p1a: Pelipper|42/100
|-enditem|p1a: Pelipper|Sitrus Berry|[eat]
|-heal|p1a: Pelipper|66/100|[from] item: Sitrus Berry
|
|-weather|RainDance|[upkeep]
|upkeep
|turn|2
|inactive|CrazyComet37 has 30 seconds left.
|
|t:|1783535907
|move|p2a: Whimsicott|Encore|p1a: Pelipper
|-start|p1a: Pelipper|Encore
|move|p1b: Sneasler|Rock Slide|p2b: Kingambit|[spread] p2a,p2b
|-resisted|p2b: Kingambit|1
|-damage|p2a: Whimsicott|68/100
|-damage|p2b: Kingambit|93/100
|move|p1a: Pelipper|Tailwind||[still]
|-fail|p1a: Pelipper
|cant|p2b: Kingambit|flinch
|
|-weather|RainDance|[upkeep]
|upkeep
|turn|3
|
|t:|1783535931
|switch|p1a: Swampert|Swampert, L50, F, shiny|100/100
|move|p2a: Whimsicott|Tailwind|p2a: Whimsicott
|-sidestart|p2: CrazyComet37|move: Tailwind
|move|p1b: Sneasler|Rock Slide|p2a: Whimsicott|[spread] p2a,p2b
|-resisted|p2b: Kingambit|1
|-damage|p2a: Whimsicott|38/100
|-damage|p2b: Kingambit|85/100
|move|p2b: Kingambit|Kowtow Cleave|p1a: Swampert
|-damage|p1a: Swampert|44/100
|
|-weather|RainDance|[upkeep]
|upkeep
|turn|4
|inactive|ivantorrente08 has 30 seconds left.
|inactive|ivantorrente08 has 20 seconds left.
|inactive|ivantorrente08 has 15 seconds left.
|inactive|ivantorrente08 has 10 seconds left.
|
|t:|1783535978
|switch|p1b: Archaludon|Archaludon, L50, M, shiny|100/100
|move|p2b: Kingambit|Sucker Punch|p1a: Swampert
|-damage|p1a: Swampert|0 fnt
|faint|p1a: Swampert
|move|p2a: Whimsicott|Moonblast|p1b: Archaludon
|-damage|p1b: Archaludon|62/100
|-ability|p1b: Archaludon|Stamina|boost
|-boost|p1b: Archaludon|def|1
|
|-weather|RainDance|[upkeep]
|-heal|p1b: Archaludon|69/100|[from] item: Leftovers
|-sideend|p1: ivantorrente08|move: Tailwind
|upkeep
|
|t:|1783535985
|switch|p1a: Sneasler|Sneasler, L50, F, shiny|100/100
|turn|5
|
|t:|1783535996
|move|p2a: Whimsicott|Moonblast|p1a: Sneasler
|-damage|p1a: Sneasler|56/100
|move|p1a: Sneasler|Close Combat|p2b: Kingambit
|-supereffective|p2b: Kingambit|2
|-enditem|p2b: Kingambit|Chople Berry|[eat]
|-enditem|p2b: Kingambit|Chople Berry|[weaken]
|-damage|p2b: Kingambit|0 fnt
|-unboost|p1a: Sneasler|def|1
|-unboost|p1a: Sneasler|spd|1
|faint|p2b: Kingambit
|move|p1b: Archaludon|Electro Shot||[still]
|-prepare|p1b: Archaludon|Electro Shot
|-boost|p1b: Archaludon|spa|1
|-anim|p1b: Archaludon|Electro Shot|p2a: Whimsicott
|-resisted|p2a: Whimsicott|1
|-damage|p2a: Whimsicott|0 fnt
|faint|p2a: Whimsicott
|
|-weather|none
|-heal|p1b: Archaludon|75/100|[from] item: Leftovers
|upkeep
|
|t:|1783536013
|switch|p2a: Basculegion|Basculegion, L50, M|100/100
|switch|p2b: Charizard|Charizard, L50, M|100/100
|turn|6
|
|t:|1783536031
|move|p2b: Charizard|Protect|p2b: Charizard
|-singleturn|p2b: Charizard|Protect
|move|p1b: Archaludon|Protect|p1b: Archaludon
|-singleturn|p1b: Archaludon|Protect
|move|p2a: Basculegion|Last Respects|p1a: Sneasler
|-damage|p1a: Sneasler|0 fnt
|faint|p1a: Sneasler
|
|-heal|p1b: Archaludon|81/100|[from] item: Leftovers
|-sideend|p2: CrazyComet37|move: Tailwind
|upkeep
|
|t:|1783536038
|switch|p1a: Pelipper|Pelipper, L50, M, shiny|66/100
|-weather|RainDance|[from] ability: Drizzle|[of] p1a: Pelipper
|turn|7
|
|t:|1783536061
|detailschange|p2b: Charizard|Charizard-Mega-Y, L50, M
|-mega|p2b: Charizard|Charizard|Charizardite Y
|-weather|SunnyDay|[from] ability: Drought|[of] p2b: Charizard
|move|p2b: Charizard|Weather Ball|p1b: Archaludon
|-damage|p1b: Archaludon|0 fnt
|faint|p1b: Archaludon
|move|p2a: Basculegion|Last Respects|p1a: Pelipper
|-damage|p1a: Pelipper|0 fnt
|faint|p1a: Pelipper
|
|win|CrazyComet37
||ivantorrente08 is ready for game 2.
||CrazyComet37 is ready for game 2.
|uhtml|next|Next: Game 2 of 3
|l|☆ivantorrente08
|player|p1|
