|j|☆Ninjacoox
|j|☆bman3111
|html|Ninjacooxbman3111    
|uhtml|bestof|Game 2 of a best-of-3
|t:|1785365587
|gametype|doubles
|player|p1|Ninjacoox|rood|1173
|player|p2|bman3111|elesa-masters|1118
|gen|9
|tier|[Gen 9 Champions] VGC 2026 Reg M-B (Bo3)
|rated|
|rule|Species Clause: Limit one of each Pokémon
|rule|Item Clause: Limit 1 of each item
|clearpoke
|poke|p1|Staraptor, L50, M|
|poke|p1|Sinistcha, L50|
|poke|p1|Maushold, L50|
|poke|p1|Kingambit, L50, M|
|poke|p1|Sneasler, L50, F|
|poke|p1|Delphox, L50, M|
|poke|p2|Tyranitar, L50, F|
|poke|p2|Excadrill, L50, M|
|poke|p2|Milotic, L50, M|
|poke|p2|Sinistcha, L50|
|poke|p2|Staraptor, L50, M|
|poke|p2|Gholdengo, L50|
|teampreview|4
|showteam|p1|Staraptor||Staraptite|Intimidate|CloseCombat,BraveBird,Roost,Protect|Adamant||M|||50|]Sinistcha||SitrusBerry|Hospitality|RagePowder,MatchaGotcha,Protect,LifeDew|Calm|||||50|]Maushold||LumBerry|FriendGuard|Encore,Charm,FollowMe,Protect|Timid|||||50|]Kingambit||BlackGlasses|Defiant|KowtowCleave,SuckerPunch,SwordsDance,Protect|Adamant||M|||50|]Sneasler||WhiteHerb|Unburden|CloseCombat,DireClaw,FakeOut,Feint|Jolly||F|||50|]Delphox||Delphoxite|Blaze|HeatWave,Psyshock,NastyPlot,Protect|Timid||M|||50|
|showteam|p2|Tyranitar||Tyranitarite|SandStream|RockSlide,KnockOff,HighHorsepower,Protect|Jolly||F|||50|]Excadrill||FocusSash|SandRush|Earthquake,IronHead,RockSlide,Protect|Adamant||M|||50|]Milotic||SitrusBerry|Competitive|Scald,IcyWind,Haze,Protect|Calm||M|||50|]Sinistcha||ColburBerry|Hospitality|MatchaGotcha,ShadowBall,RagePowder,Protect|Bold|||||50|]Staraptor||Staraptite|Intimidate|CloseCombat,BraveBird,Tailwind,Protect|Jolly||M|||50|]Gholdengo||LifeOrb|GoodasGold|MakeItRain,ShadowBall,NastyPlot,Protect|Modest|||||50|
|inactive|Battle timer is ON: inactive players will automatically lose when time's up. (requested by bman3111)
|inactive|Ninjacoox also wants the timer to be on.
|inactive|bman3111 has 60 seconds left.
|
|t:|1785365618
|teamsize|p1|4
|teamsize|p2|4
|start
|switch|p1a: Delphox|Delphox, L50, M|100/100
|switch|p1b: Sneasler|Sneasler, L50, F|100/100
|switch|p2a: Staraptor|Staraptor, L50, M|100/100
|switch|p2b: Milotic|Milotic, L50, M|100/100
|-ability|p2a: Staraptor|Intimidate|boost
|-unboost|p1a: Delphox|atk|1
|-unboost|p1b: Sneasler|atk|1
|-enditem|p1b: Sneasler|White Herb
|-clearnegativeboost|p1b: Sneasler|[silent]
|turn|1
|inactive|Ninjacoox has 30 seconds left.
|inactive|Ninjacoox has 20 seconds left.
|
|t:|1785365654
|detailschange|p2a: Staraptor|Staraptor-Mega, L50, M
|-mega|p2a: Staraptor|Staraptor|Staraptite
|detailschange|p1a: Delphox|Delphox-Mega, L50, M
|-mega|p1a: Delphox|Delphox|Delphoxite
|move|p1b: Sneasler|Fake Out|p2a: Staraptor
|-damage|p2a: Staraptor|87/100
|move|p1a: Delphox|Nasty Plot|p1a: Delphox
|-boost|p1a: Delphox|spa|2
|cant|p2a: Staraptor|flinch
|move|p2b: Milotic|Haze|p2b: Milotic
|-clearallboost
|
|upkeep
|turn|2
|
|t:|1785365670
|move|p1b: Sneasler|Dire Claw|p2b: Milotic
|-damage|p2b: Milotic|62/100
|move|p1a: Delphox|Psyshock|p2a: Staraptor
|-supereffective|p2a: Staraptor|1
|-damage|p2a: Staraptor|0 fnt
|faint|p2a: Staraptor
|move|p2b: Milotic|Scald|p1a: Delphox
|-supereffective|p1a: Delphox|1
|-damage|p1a: Delphox|50/100g
|
|upkeep
|
|t:|1785365683
|switch|p2a: Tyranitar|Tyranitar, L50, F|100/100
|-weather|Sandstorm|[from] ability: Sand Stream|[of] p2a: Tyranitar
|turn|3
|
|t:|1785365708
|move|p2a: Tyranitar|Protect|p2a: Tyranitar
|-singleturn|p2a: Tyranitar|Protect
|move|p1b: Sneasler|Close Combat|p2a: Tyranitar
|-activate|p2a: Tyranitar|move: Protect
|move|p1a: Delphox|Heat Wave|p2b: Milotic|[spread] p2b
|-activate|p2a: Tyranitar|move: Protect
|-resisted|p2b: Milotic|1
|-damage|p2b: Milotic|49/100
|-enditem|p2b: Milotic|Sitrus Berry|[eat]
|-heal|p2b: Milotic|74/100|[from] item: Sitrus Berry
|move|p2b: Milotic|Scald|p1a: Delphox
|-supereffective|p1a: Delphox|1
|-damage|p1a: Delphox|0 fnt
|faint|p1a: Delphox
|
|-weather|Sandstorm|[upkeep]
|-damage|p1b: Sneasler|94/100|[from] Sandstorm
|-damage|p2b: Milotic|68/100|[from] Sandstorm
|upkeep
|
|t:|1785365716
|switch|p1a: Maushold|Maushold, L50|100/100
|turn|4
|
|t:|1785365724
|switch|p2a: Excadrill|Excadrill, L50, M|100/100
|move|p1b: Sneasler|Close Combat|p2a: Excadrill
|-supereffective|p2a: Excadrill|1
|-enditem|p2a: Excadrill|Focus Sash
|-damage|p2a: Excadrill|1/100
|-unboost|p1b: Sneasler|def|1
|-unboost|p1b: Sneasler|spd|1
|move|p1a: Maushold|Charm|p2b: Milotic
|-unboost|p2b: Milotic|atk|2
|-ability|p2b: Milotic|Competitive|boost
|-boost|p2b: Milotic|spa|2
|move|p2b: Milotic|Icy Wind|p1b: Sneasler|[spread] p1a,p1b
|-crit|p1a: Maushold
|-damage|p1a: Maushold|60/100
|-damage|p1b: Sneasler|67/100
|-unboost|p1a: Maushold|spe|1
|-unboost|p1b: Sneasler|spe|1
|
|-weather|Sandstorm|[upkeep]
|-damage|p1b: Sneasler|62/100|[from] Sandstorm
|-damage|p1a: Maushold|54/100|[from] Sandstorm
|-damage|p2b: Milotic|62/100|[from] Sandstorm
|upkeep
|turn|5
|
|t:|1785365746
|move|p2b: Milotic|Protect|p2b: Milotic
|-singleturn|p2b: Milotic|Protect
|move|p1b: Sneasler|Feint|p2a: Excadrill
|-resisted|p2a: Excadrill|1
|-damage|p2a: Excadrill|0 fnt
|faint|p2a: Excadrill
|move|p1a: Maushold|Encore|p2b: Milotic
|-activate|p2b: Milotic|move: Protect
|
|-weather|Sandstorm|[upkeep]
|-damage|p1b: Sneasler|56/100|[from] Sandstorm
|-damage|p2b: Milotic|56/100|[from] Sandstorm
|-damage|p1a: Maushold|48/100|[from] Sandstorm
|upkeep
|
|t:|1785365749
|switch|p2a: Tyranitar|Tyranitar, L50, F|100/100
|turn|6
|inactive|Ninjacoox has 30 seconds left.
|
|t:|1785365783
|move|p2a: Tyranitar|Protect|p2a: Tyranitar
|-singleturn|p2a: Tyranitar|Protect
|move|p1b: Sneasler|Close Combat|p2a: Tyranitar
|-activate|p2a: Tyranitar|move: Protect
|move|p2b: Milotic|Icy Wind|p1b: Sneasler|[spread] p1a,p1b
|-damage|p1a: Maushold|25/100
|-damage|p1b: Sneasler|29/100
|-unboost|p1a: Maushold|spe|1
|-unboost|p1b: Sneasler|spe|1
|move|p1a: Maushold|Encore|p2b: Milotic
|-start|p2b: Milotic|Encore
|
|-weather|Sandstorm|[upkeep]
|-damage|p1b: Sneasler|24/100|[from] Sandstorm
|-damage|p2b: Milotic|51/100|[from] Sandstorm
|-damage|p1a: Maushold|18/100|[from] Sandstorm
|upkeep
|turn|7
|
|t:|1785365806
|switch|p1a: Kingambit|Kingambit, L50, M|100/100
|move|p2a: Tyranitar|Protect|p2a: Tyranitar
|-singleturn|p2a: Tyranitar|Protect
|move|p1b: Sneasler|Close Combat|p2a: Tyranitar
|-activate|p2a: Tyranitar|move: Protect
|move|p2b: Milotic|Icy Wind|p1a: Kingambit|[spread] p1a,p1b
|-resisted|p1a: Kingambit|1
|-damage|p1a: Kingambit|90/100
|-damage|p1b: Sneasler|0 fnt
|-unboost|p1a: Kingambit|spe|1
|-ability|p1a: Kingambit|Defiant|boost
|-boost|p1a: Kingambit|atk|2
|faint|p1b: Sneasler
|
|-weather|none
|upkeep
|
|t:|1785365819
|switch|p1b: Maushold|Maushold, L50|18/100
|turn|8
|
|t:|1785365829
|move|p1b: Maushold|Encore|p2a: Tyranitar
|-start|p2a: Tyranitar|Encore
|move|p2a: Tyranitar|Protect||[still]
|-fail|p2a: Tyranitar
|move|p2b: Milotic|Icy Wind|p1a: Kingambit|[spread] p1b
|-miss|p2b: Milotic|p1a: Kingambit
|-damage|p1b: Maushold|0 fnt
|faint|p1b: Maushold
|move|p1a: Kingambit|Kowtow Cleave|p2b: Milotic
|-damage|p2b: Milotic|0 fnt
|faint|p2b: Milotic
|
|upkeep
|turn|9
|
|t:|1785365846
|move|p2a: Tyranitar|Protect|p2a: Tyranitar
|-singleturn|p2a: Tyranitar|Protect
|move|p1a: Kingambit|Swords Dance|p1a: Kingambit
|-boost|p1a: Kingambit|atk|2
|
|upkeep
|turn|10
|
|t:|1785365852
|move|p2a: Tyranitar|Protect|p2a: Tyranitar
|-singleturn|p2a: Tyranitar|Protect
|move|p1a: Kingambit|Kowtow Cleave|p2a: Tyranitar
|-activate|p2a: Tyranitar|move: Protect
|
|-end|p2a: Tyranitar|Encore
|upkeep
|turn|11
|
|t:|1785365876
|move|p1a: Kingambit|Sucker Punch|p2a: Tyranitar
|-resisted|p2a: Tyranitar|1
|-damage|p2a: Tyranitar|41/100
|move|p2a: Tyranitar|High Horsepower|p1a: Kingambit
|-supereffective|p1a: Kingambit|1
|-damage|p1a: Kingambit|44/100
|
|upkeep
|turn|12
|
|t:|1785365886
|move|p2a: Tyranitar|Protect|p2a: Tyranitar
|-singleturn|p2a: Tyranitar|Protect
|move|p1a: Kingambit|Sucker Punch||[still]
|-fail|p1a: Kingambit
|
|upkeep
|turn|13
|
|t:|1785365896
|move|p1a: Kingambit|Sucker Punch|p2a: Tyranitar
|-resisted|p2a: Tyranitar|1
|-damage|p2a: Tyranitar|0 fnt
|faint|p2a: Tyranitar
|
|win|Ninjacoox
|raw|Ninjacoox's rating: 1173 → 1194(+21 for winning)
|raw|bman3111's rating: 1118 → 1097(-21 for losing)
|l|☆bman3111
|player|p2|
