|j|☆67ToTheTop
|j|☆lokito777
|html|67ToTheToplokito777    
|uhtml|bestof|Game 3 of a best-of-3
|t:|1783583965
|gametype|doubles
|player|p1|67ToTheTop|serena|1251
|player|p2|lokito777|101|1181
|gen|9
|tier|[Gen 9 Champions] VGC 2026 Reg M-B (Bo3)
|rated|
|rule|Species Clause: Limit one of each Pokémon
|rule|Item Clause: Limit 1 of each item
|clearpoke
|poke|p1|Sneasler, L50, F|
|poke|p1|Blastoise, L50, F|
|poke|p1|Kingambit, L50, F|
|poke|p1|Incineroar, L50, F|
|poke|p1|Delphox, L50, F|
|poke|p1|Sinistcha, L50|
|poke|p2|Floette-Eternal, L50, F|
|poke|p2|Incineroar, L50, F|
|poke|p2|Sinistcha, L50|
|poke|p2|Delphox, L50, M|
|poke|p2|Milotic, L50, F|
|poke|p2|Sneasler, L50, F|
|teampreview|4
|showteam|p1|Sneasler||FocusSash|PoisonTouch|PoisonJab,CloseCombat,FakeOut,QuickGuard|Jolly||F|||50|]Blastoise||Blastoisinite|RainDish|DarkPulse,WaterSpout,ShellSmash,Protect|Modest||F|||50|]Kingambit||BlackGlasses|Defiant|KowtowCleave,SuckerPunch,SwordsDance,Protect|Adamant||F|||50|]Incineroar||SitrusBerry|Intimidate|FlareBlitz,HelpingHand,PartingShot,FakeOut|Careful||F|||50|]Delphox||Delphoxite|Blaze|HeatWave,NastyPlot,Psyshock,Protect|Modest||F|||50|]Sinistcha||KasibBerry|Hospitality|MatchaGotcha,RagePowder,TrickRoom,Protect|Bold|||||50|
|showteam|p2|Floette-Eternal||Floettite|FlowerVeil|CalmMind,DrainingKiss,DazzlingGleam,Protect|Bold||F|||50|]Incineroar||PasshoBerry|Intimidate|PartingShot,FakeOut,HelpingHand,ThroatChop|Careful||F|||50|]Sinistcha||SitrusBerry|Hospitality|RagePowder,TrickRoom,MatchaGotcha,Protect|Bold|||||50|]Delphox||Delphoxite|Blaze|NastyPlot,HeatWave,Psychic,Protect|Timid||M|||50|]Milotic||Leftovers|Competitive|MuddyWater,Hypnosis,Coil,Protect|Calm||F|||50|]Sneasler||FocusSash|PoisonTouch|PoisonJab,FakeOut,CloseCombat,QuickGuard|Jolly||F|||50|
|
|t:|1783584042
|teamsize|p1|4
|teamsize|p2|4
|start
|switch|p1a: Delphox|Delphox, L50, F|100/100
|switch|p1b: Sneasler|Sneasler, L50, F|100/100
|switch|p2a: Sinistcha|Sinistcha, L50|100/100
|switch|p2b: Milotic|Milotic, L50, F|100/100
|turn|1
|
|t:|1783584073
|detailschange|p1a: Delphox|Delphox-Mega, L50, F
|-mega|p1a: Delphox|Delphox|Delphoxite
|move|p2b: Milotic|Protect|p2b: Milotic
|-singleturn|p2b: Milotic|Protect
|move|p1b: Sneasler|Fake Out|p2b: Milotic
|-activate|p2b: Milotic|move: Protect
|move|p1a: Delphox|Heat Wave|p2a: Sinistcha|[spread] p2a
|-activate|p2b: Milotic|move: Protect
|-supereffective|p2a: Sinistcha|1
|-damage|p2a: Sinistcha|2/100
|-enditem|p2a: Sinistcha|Sitrus Berry|[eat]
|-heal|p2a: Sinistcha|26/100|[from] item: Sitrus Berry
|move|p2a: Sinistcha|Trick Room|p2a: Sinistcha
|-fieldstart|move: Trick Room|[of] p2a: Sinistcha
|
|upkeep
|turn|2
|
|t:|1783584093
|move|p1a: Delphox|Protect|p1a: Delphox
|-singleturn|p1a: Delphox|Protect
|move|p2a: Sinistcha|Rage Powder|p2a: Sinistcha
|-singleturn|p2a: Sinistcha|move: Rage Powder
|move|p2b: Milotic|Coil|p2b: Milotic
|-boost|p2b: Milotic|atk|1
|-boost|p2b: Milotic|def|1
|-boost|p2b: Milotic|accuracy|1
|move|p1b: Sneasler|Poison Jab|p2a: Sinistcha
|-damage|p2a: Sinistcha|0 fnt
|faint|p2a: Sinistcha
|
|upkeep
|
|t:|1783584100
|switch|p2a: Sneasler|Sneasler, L50, F|100/100
|turn|3
|
|t:|1783584109
|move|p2a: Sneasler|Fake Out|p1a: Delphox
|-damage|p1a: Delphox|83/100
|move|p1b: Sneasler|Quick Guard|p1b: Sneasler
|-singleturn|p1b: Sneasler|Quick Guard
|move|p2b: Milotic|Coil|p2b: Milotic
|-boost|p2b: Milotic|atk|1
|-boost|p2b: Milotic|def|1
|-boost|p2b: Milotic|accuracy|1
|cant|p1a: Delphox|flinch
|
|upkeep
|turn|4
|
|t:|1783584142
|move|p2b: Milotic|Hypnosis|p1b: Sneasler
|-status|p1b: Sneasler|slp|[from] move: Hypnosis
|move|p1a: Delphox|Psyshock|p2a: Sneasler
|-supereffective|p2a: Sneasler|2
|-enditem|p2a: Sneasler|Focus Sash
|-damage|p2a: Sneasler|1/100
|move|p2a: Sneasler|Poison Jab|p1a: Delphox
|-damage|p1a: Delphox|33/100
|cant|p1b: Sneasler|slp
|
|upkeep
|turn|5
|
|t:|1783584158
|move|p1a: Delphox|Protect|p1a: Delphox
|-singleturn|p1a: Delphox|Protect
|move|p2b: Milotic|Muddy Water|p1a: Delphox|[spread] p1b
|-activate|p1a: Delphox|move: Protect
|-damage|p1b: Sneasler|69/100 slp
|-unboost|p1b: Sneasler|accuracy|1
|move|p2a: Sneasler|Poison Jab|p1b: Sneasler
|-resisted|p1b: Sneasler|1
|-damage|p1b: Sneasler|36/100 slp
|cant|p1b: Sneasler|slp
|
|-fieldend|move: Trick Room
|upkeep
|turn|6
|
|t:|1783584179
|switch|p1a: Sinistcha|Sinistcha, L50|100/100
|-heal|p1b: Sneasler|61/100 slp|[from] ability: Hospitality|[of] p1a: Sinistcha
|move|p2a: Sneasler|Poison Jab|p1a: Sinistcha
|-damage|p1a: Sinistcha|62/100
|-status|p1a: Sinistcha|psn|[from] ability: Poison Touch|[of] p2a: Sneasler
|-curestatus|p1b: Sneasler|slp|[msg]
|move|p1b: Sneasler|Poison Jab|p2b: Milotic|[miss]
|-miss|p1b: Sneasler|p2b: Milotic
|move|p2b: Milotic|Muddy Water|p1a: Sinistcha|[spread] p1a,p1b
|-resisted|p1a: Sinistcha|1
|-damage|p1a: Sinistcha|52/100 psn
|-damage|p1b: Sneasler|26/100
|
|-damage|p1a: Sinistcha|39/100 psn|[from] psn
|upkeep
|turn|7
|
|t:|1783584208
|move|p1b: Sneasler|Poison Jab|p2a: Sneasler
|-resisted|p2a: Sneasler|1
|-damage|p2a: Sneasler|0 fnt
|faint|p2a: Sneasler
|move|p2b: Milotic|Muddy Water|p1a: Sinistcha|[spread] p1a,p1b
|-resisted|p1a: Sinistcha|1
|-crit|p1b: Sneasler
|-damage|p1a: Sinistcha|28/100 psn
|-damage|p1b: Sneasler|0 fnt
|faint|p1b: Sneasler
|move|p1a: Sinistcha|Matcha Gotcha|p2b: Milotic
|-supereffective|p2b: Milotic|1
|-damage|p2b: Milotic|63/100
|-heal|p1a: Sinistcha|49/100 psn|[from] drain|[of] p2b: Milotic
|-status|p2b: Milotic|brn
|
|-heal|p2b: Milotic|69/100 brn|[from] item: Leftovers
|-damage|p1a: Sinistcha|37/100 psn|[from] psn
|-damage|p2b: Milotic|63/100 brn|[from] brn
|upkeep
|
|t:|1783584226
|switch|p1b: Delphox|Delphox-Mega, L50, F|33/100
|switch|p2a: Floette|Floette-Eternal, L50, F|100/100
|turn|8
|
|t:|1783584248
|detailschange|p2a: Floette|Floette-Mega, L50, F
|-mega|p2a: Floette|Floette|Floettite
|-ability|p2a: Floette|Fairy Aura
|move|p1b: Delphox|Psyshock|p2a: Floette
|-damage|p2a: Floette|64/100
|move|p2a: Floette|Dazzling Gleam|p1b: Delphox|[spread] p1a,p1b
|-resisted|p1b: Delphox|1
|-damage|p1a: Sinistcha|2/100 psn
|-damage|p1b: Delphox|17/100
|move|p2b: Milotic|Muddy Water|p1a: Sinistcha|[spread] p1a,p1b
|-resisted|p1a: Sinistcha|1
|-supereffective|p1b: Delphox|1
|-damage|p1a: Sinistcha|0 fnt
|-damage|p1b: Delphox|0 fnt
|faint|p1a: Sinistcha
|faint|p1b: Delphox
|
|-heal|p2b: Milotic|69/100 brn|[from] item: Leftovers
|-damage|p2b: Milotic|63/100 brn|[from] brn
|upkeep
|-message|67ToTheTop forfeited.
|raw|67ToTheTop's rating: 1251 → 1221(-30 for losing)
|raw|lokito777's rating: 1181 → 1211(+30 for winning)
|
|win|lokito777
|l|☆67ToTheTop
|player|p1|
