|j|☆silknotsong
|j|☆The median voter
|html|silknotsongThe median voter    
|uhtml|bestof|Game 3 of a best-of-3
|t:|1756304003
|gametype|doubles
|player|p1|silknotsong|infielder|1162
|player|p2|The median voter|scientist-gen4dp|1233
|gen|9
|tier|[Gen 9] VGC 2025 Reg H (Bo3)
|rated|
|rule|Species Clause: Limit one of each Pokémon
|rule|Item Clause: Limit 1 of each item
|clearpoke
|poke|p1|Charizard, L50, M|
|poke|p1|Torkoal, L50, F|
|poke|p1|Porygon2, L50|
|poke|p1|Incineroar, L50, F|
|poke|p1|Jumpluff, L50, F|
|poke|p1|Ursaluna, L50, M|
|poke|p2|Kommo-o, L50, F|
|poke|p2|Volcarona, L50, M|
|poke|p2|Rillaboom, L50, M|
|poke|p2|Kingambit, L50, M|
|poke|p2|Ninetales-Alola, L50, F|
|poke|p2|Arcanine-Hisui, L50, M|
|teampreview|4
|showteam|p1|Charizard||ChoiceSpecs|SolarPower|HeatWave,Overheat,WeatherBall,AirSlash|||M|||50|,,,,,Ghost]Torkoal||EjectPack|Drought|Eruption,Overheat,HelpingHand,Protect|||F|||50|,,,,,Fire]Porygon2||Eviolite|Download|TeraBlast,IceBeam,Recover,TrickRoom||||||50|,,,,,Fighting]Incineroar||SitrusBerry|Intimidate|FlareBlitz,KnockOff,FakeOut,PartingShot|||F|||50|,,,,,Ghost]Jumpluff||CovertCloak|Chlorophyll|SleepPowder,SunnyDay,RagePowder,Tailwind|||F|||50|,,,,,Water]Ursaluna||FlameOrb|Guts|HeadlongRush,Facade,Earthquake,Protect|||M|||50|,,,,,Ghost
|showteam|p2|Kommo-o||GrassySeed|Overcoat|BodyPress,Taunt,Protect,Flamethrower|||F|||50|,,,,,Fire]Volcarona||SitrusBerry|FlameBody|HeatWave,GigaDrain,QuiverDance,Protect|||M|||50|,,,,,Grass]Rillaboom||AssaultVest|GrassySurge|FakeOut,GrassyGlide,WoodHammer,HighHorsepower|||M|||50|,,,,,Fire]Kingambit||BlackGlasses|Defiant|KowtowCleave,SuckerPunch,SwordsDance,Protect|||M|||50|,,,,,Dark]Ninetales-Alola||LifeOrb|SnowWarning|Blizzard,Protect,IcyWind,FreezeDry|||F|||50|,,,,,Ghost]Arcanine-Hisui||MirrorHerb|Intimidate|RockSlide,FlareBlitz,ExtremeSpeed,Protect|||M|||50|,,,,,Fairy
|
|t:|1756304027
|teamsize|p1|4
|teamsize|p2|4
|start
|switch|p1a: Jumpluff|Jumpluff, L50, F|100/100
|switch|p1b: Torkoal|Torkoal, L50, F|100/100
|switch|p2a: Kommo-o|Kommo-o, L50, F|100/100
|switch|p2b: Rillaboom|Rillaboom, L50, M|100/100
|-fieldstart|move: Grassy Terrain|[from] ability: Grassy Surge|[of] p2b: Rillaboom
|-enditem|p2a: Kommo-o|Grassy Seed
|-boost|p2a: Kommo-o|def|1|[from] item: Grassy Seed
|-weather|SunnyDay|[from] ability: Drought|[of] p1b: Torkoal
|turn|1
|
|t:|1756304037
|switch|p1a: Porygon2|Porygon2, L50|100/100
|-ability|p1a: Porygon2|Download|boost
|-boost|p1a: Porygon2|spa|1
|move|p2b: Rillaboom|Fake Out|p1b: Torkoal
|-damage|p1b: Torkoal|89/100
|move|p2a: Kommo-o|Taunt|p1a: Porygon2
|-start|p1a: Porygon2|move: Taunt
|cant|p1b: Torkoal|flinch
|
|-weather|SunnyDay|[upkeep]
|-heal|p1b: Torkoal|95/100|[from] Grassy Terrain
|upkeep
|turn|2
|
|t:|1756304065
|switch|p1b: Jumpluff|Jumpluff, L50, F|100/100
|-terastallize|p2b: Rillaboom|Fire
|-terastallize|p1a: Porygon2|Fighting
|move|p2a: Kommo-o|Body Press|p1a: Porygon2
|-damage|p1a: Porygon2|58/100
|move|p2b: Rillaboom|Wood Hammer|p1a: Porygon2
|-damage|p1a: Porygon2|0 fnt
|faint|p1a: Porygon2
|-damage|p2b: Rillaboom|83/100|[from] Recoil
|
|-weather|SunnyDay|[upkeep]
|-heal|p2b: Rillaboom|88/100|[from] Grassy Terrain
|upkeep
|inactive|Battle timer is ON: inactive players will automatically lose when time's up. (requested by The median voter)
|
|t:|1756304079
|switch|p1a: Ursaluna|Ursaluna, L50, M|100/100
|turn|3
|inactive|The median voter has 30 seconds left.
|inactive|The median voter has 20 seconds left.
|inactive|The median voter has 15 seconds left.
|
|t:|1756304123
|move|p1a: Ursaluna|Protect|p1a: Ursaluna
|-singleturn|p1a: Ursaluna|Protect
|move|p1b: Jumpluff|Tailwind|p1b: Jumpluff
|-sidestart|p1: silknotsong|move: Tailwind
|move|p2a: Kommo-o|Taunt|p1b: Jumpluff
|-start|p1b: Jumpluff|move: Taunt
|move|p2b: Rillaboom|Wood Hammer|p1a: Ursaluna
|-activate|p1a: Ursaluna|move: Protect
|
|-weather|SunnyDay|[upkeep]
|-heal|p2b: Rillaboom|94/100|[from] Grassy Terrain
|-status|p1a: Ursaluna|brn|[from] item: Flame Orb
|upkeep
|turn|4
|
|t:|1756304146
|switch|p1a: Torkoal|Torkoal, L50, F|95/100
|-activate|p1b: Jumpluff|move: Struggle
|move|p1b: Jumpluff|Struggle|p2b: Rillaboom
|-damage|p2b: Rillaboom|89/100
|-damage|p1b: Jumpluff|76/100|[from] recoil
|move|p2a: Kommo-o|Flamethrower|p1b: Jumpluff
|-supereffective|p1b: Jumpluff
|-damage|p1b: Jumpluff|16/100
|move|p2b: Rillaboom|High Horsepower|p1b: Jumpluff
|-immune|p1b: Jumpluff
|
|-weather|SunnyDay|[upkeep]
|-heal|p2b: Rillaboom|95/100|[from] Grassy Terrain
|-heal|p1a: Torkoal|100/100|[from] Grassy Terrain
|upkeep
|turn|5
|
|t:|1756304161
|move|p1a: Torkoal|Protect|p1a: Torkoal
|-singleturn|p1a: Torkoal|Protect
|-activate|p1b: Jumpluff|move: Struggle
|move|p1b: Jumpluff|Struggle|p2b: Rillaboom
|-damage|p2b: Rillaboom|90/100
|-damage|p1b: Jumpluff|0 fnt|[from] recoil
|faint|p1b: Jumpluff
|move|p2a: Kommo-o|Body Press|p1a: Torkoal
|-activate|p1a: Torkoal|move: Protect
|move|p2b: Rillaboom|High Horsepower|p1a: Torkoal
|-activate|p1a: Torkoal|move: Protect
|
|-weather|none
|-heal|p2b: Rillaboom|96/100|[from] Grassy Terrain
|-fieldend|move: Grassy Terrain
|upkeep
|
|t:|1756304164
|switch|p1b: Ursaluna|Ursaluna, L50, M|100/100 brn
|turn|6
|
|t:|1756304169
|move|p1a: Torkoal|Helping Hand|p1b: Ursaluna
|-singleturn|p1b: Ursaluna|Helping Hand|[of] p1a: Torkoal
|move|p1b: Ursaluna|Facade|p2a: Kommo-o
|-damage|p2a: Kommo-o|4/100
|move|p2a: Kommo-o|Body Press|p1a: Torkoal
|-damage|p1a: Torkoal|56/100
|move|p2b: Rillaboom|High Horsepower|p1a: Torkoal
|-supereffective|p1a: Torkoal
|-damage|p1a: Torkoal|7/100
|
|-damage|p1b: Ursaluna|95/100 brn|[from] brn
|-sideend|p1: silknotsong|move: Tailwind
|upkeep
|turn|7
|
|t:|1756304179
|switch|p2b: Arcanine|Arcanine-Hisui, L50, M|100/100
|-ability|p2b: Arcanine|Intimidate|boost
|-unboost|p1a: Torkoal|atk|1
|-unboost|p1b: Ursaluna|atk|1
|move|p2a: Kommo-o|Body Press|p1a: Torkoal
|-damage|p1a: Torkoal|0 fnt
|faint|p1a: Torkoal
|move|p1b: Ursaluna|Earthquake|p2b: Arcanine|[spread] p2a,p2b
|-supereffective|p2b: Arcanine
|-damage|p2a: Kommo-o|0 fnt
|-damage|p2b: Arcanine|0 fnt
|faint|p2a: Kommo-o
|faint|p2b: Arcanine
|
|-damage|p1b: Ursaluna|89/100 brn|[from] brn
|upkeep
|
|t:|1756304183
|switch|p2b: Ninetales|Ninetales-Alola, L50, F|100/100
|switch|p2a: Rillaboom|Rillaboom, L50, M, tera:Fire|96/100
|-weather|Snowscape|[from] ability: Snow Warning|[of] p2b: Ninetales
|-fieldstart|move: Grassy Terrain|[from] ability: Grassy Surge|[of] p2a: Rillaboom
|turn|8
|
|t:|1756304187
|move|p1b: Ursaluna|Protect|p1b: Ursaluna
|-singleturn|p1b: Ursaluna|Protect
|move|p2a: Rillaboom|Fake Out|p1b: Ursaluna
|-activate|p1b: Ursaluna|move: Protect
|move|p2b: Ninetales|Blizzard|p1b: Ursaluna
|-activate|p1b: Ursaluna|move: Protect
|
|-weather|Snowscape|[upkeep]
|-heal|p2a: Rillaboom|100/100|[from] Grassy Terrain
|-heal|p1b: Ursaluna|95/100 brn|[from] Grassy Terrain
|-damage|p1b: Ursaluna|89/100 brn|[from] brn
|upkeep
|turn|9
|
|t:|1756304194
|move|p2b: Ninetales|Blizzard|p1b: Ursaluna
|-supereffective|p1b: Ursaluna
|-damage|p1b: Ursaluna|0 fnt
|faint|p1b: Ursaluna
|-damage|p2b: Ninetales|91/100|[from] item: Life Orb
|
|win|The median voter
|raw|silknotsong's rating: 1162 → 1142(-20 for losing)
|raw|The median voter's rating: 1233 → 1253(+20 for winning)
