|j|☆carolchanning
|j|☆lucasmalt
|html|carolchanninglucasmalt    
|uhtml|bestof|Game 1 of a best-of-3
|t:|1785339366
|gametype|doubles
|player|p1|carolchanning|102|1325
|player|p2|lucasmalt|170|1397
|gen|9
|tier|[Gen 9 Champions] VGC 2026 Reg M-B (Bo3)
|rated|
|rule|Species Clause: Limit one of each Pokémon
|rule|Item Clause: Limit 1 of each item
|clearpoke
|poke|p1|Sinistcha, L50|
|poke|p1|Floette-Eternal, L50, F|
|poke|p1|Maushold, L50|
|poke|p1|Delphox, L50, M|
|poke|p1|Incineroar, L50, M|
|poke|p1|Kingambit, L50, F|
|poke|p2|Tyranitar, L50, F, shiny|
|poke|p2|Excadrill, L50, F, shiny|
|poke|p2|Gholdengo, L50|
|poke|p2|Sinistcha, L50, shiny|
|poke|p2|Milotic, L50, F, shiny|
|poke|p2|Staraptor, L50, F, shiny|
|teampreview|4
|showteam|p1|Sinistcha||OccaBerry|Hospitality|MatchaGotcha,RagePowder,TrickRoom,Protect|Bold|||||50|]Floette-Eternal||Floettite|FlowerVeil|Moonblast,DazzlingGleam,CalmMind,Protect|Timid||F|||50|]Maushold||ChopleBerry|FriendGuard|Feint,HelpingHand,FollowMe,Protect|Impish|||||50|]Delphox||Delphoxite|Blaze|HeatWave,Psyshock,NastyPlot,Protect|Timid||M|||50|]Incineroar||SitrusBerry|Intimidate|FakeOut,FlareBlitz,ThroatChop,PartingShot|Impish||M|||50|]Kingambit||LifeOrb|Defiant|KowtowCleave,SuckerPunch,IronHead,LowKick|Adamant||F|||50|
|showteam|p2|Tyranitar||Tyranitarite|SandStream|RockSlide,KnockOff,LowKick,Protect|Adamant||F|||50|]Excadrill||FocusSash|SandRush|IronHead,HighHorsepower,RockSlide,Protect|Adamant||F|||50|]Gholdengo||LifeOrb|GoodasGold|ShadowBall,MakeItRain,NastyPlot,Protect|Modest|||||50|]Sinistcha||ColburBerry|Hospitality|MatchaGotcha,RagePowder,TrickRoom,Protect|Bold|||||50|]Milotic||SitrusBerry|Competitive|Scald,IceBeam,Recover,Protect|Modest||F|||50|]Staraptor||Staraptite|Intimidate|BraveBird,CloseCombat,Tailwind,Protect|Jolly||F|||50|
|inactive|Battle timer is ON: inactive players will automatically lose when time's up. (requested by carolchanning)
|inactive|lucasmalt has 60 seconds left.
|
|t:|1785339409
|teamsize|p1|4
|teamsize|p2|4
|start
|switch|p1a: Kingambit|Kingambit, L50, F|100/100
|switch|p1b: Floette|Floette-Eternal, L50, F|100/100
|switch|p2a: Milotic|Milotic, L50, F, shiny|100/100
|switch|p2b: Tyranitar|Tyranitar, L50, F, shiny|100/100
|-weather|Sandstorm|[from] ability: Sand Stream|[of] p2b: Tyranitar
|turn|1
|
|t:|1785339422
|switch|p1a: Sinistcha|Sinistcha, L50|100/100
|detailschange|p1b: Floette|Floette-Mega, L50, F
|-mega|p1b: Floette|Floette|Floettite
|-ability|p1b: Floette|Fairy Aura
|detailschange|p2b: Tyranitar|Tyranitar-Mega, L50, F, shiny
|-mega|p2b: Tyranitar|Tyranitar|Tyranitarite
|move|p1b: Floette|Calm Mind|p1b: Floette
|-boost|p1b: Floette|spa|1
|-boost|p1b: Floette|spd|1
|move|p2b: Tyranitar|Low Kick|p1a: Sinistcha
|-immune|p1a: Sinistcha
|move|p2a: Milotic|Scald|p1a: Sinistcha
|-resisted|p1a: Sinistcha|1
|-damage|p1a: Sinistcha|84/100
|-status|p1a: Sinistcha|brn
|
|-weather|Sandstorm|[upkeep]
|-damage|p1b: Floette|94/100|[from] Sandstorm
|-damage|p2a: Milotic|94/100|[from] Sandstorm
|-damage|p1a: Sinistcha|78/100 brn|[from] Sandstorm
|-damage|p1a: Sinistcha|72/100 brn|[from] brn
|upkeep
|turn|2
|
|t:|1785339441
|switch|p2b: Excadrill|Excadrill, L50, F, shiny|100/100
|move|p1b: Floette|Dazzling Gleam|p2a: Milotic|[spread] p2a,p2b
|-resisted|p2b: Excadrill|1
|-damage|p2a: Milotic|43/100
|-damage|p2b: Excadrill|52/100
|-enditem|p2a: Milotic|Sitrus Berry|[eat]
|-heal|p2a: Milotic|68/100|[from] item: Sitrus Berry
|move|p2a: Milotic|Ice Beam|p1a: Sinistcha
|-supereffective|p1a: Sinistcha|1
|-damage|p1a: Sinistcha|27/100 brn
|move|p1a: Sinistcha|Matcha Gotcha|p2b: Excadrill|[spread] p2a,p2b
|-supereffective|p2a: Milotic|1
|-damage|p2a: Milotic|29/100
|-heal|p1a: Sinistcha|49/100 brn|[from] drain|[of] p2a: Milotic
|-damage|p2b: Excadrill|19/100
|-heal|p1a: Sinistcha|67/100 brn|[from] drain|[of] p2b: Excadrill
|
|-weather|Sandstorm|[upkeep]
|-damage|p1b: Floette|88/100|[from] Sandstorm
|-damage|p2a: Milotic|23/100|[from] Sandstorm
|-damage|p1a: Sinistcha|61/100 brn|[from] Sandstorm
|-damage|p1a: Sinistcha|55/100 brn|[from] brn
|upkeep
|turn|3
|
|t:|1785339462
|switch|p2a: Sinistcha|Sinistcha, L50, shiny|100/100
|-heal|p2b: Excadrill|43/100|[from] ability: Hospitality|[of] p2a: Sinistcha
|move|p1a: Sinistcha|Rage Powder|p1a: Sinistcha
|-singleturn|p1a: Sinistcha|move: Rage Powder
|move|p2b: Excadrill|Rock Slide|p1a: Sinistcha|[spread] p1a,p1b
|-damage|p1a: Sinistcha|37/100 brn
|-damage|p1b: Floette|55/100
|move|p1b: Floette|Dazzling Gleam|p2a: Sinistcha|[spread] p2a,p2b
|-resisted|p2b: Excadrill|1
|-crit|p2b: Excadrill
|-damage|p2a: Sinistcha|37/100
|-damage|p2b: Excadrill|0 fnt
|faint|p2b: Excadrill
|
|-weather|Sandstorm|[upkeep]
|-damage|p1b: Floette|49/100|[from] Sandstorm
|-damage|p2a: Sinistcha|31/100|[from] Sandstorm
|-damage|p1a: Sinistcha|31/100 brn|[from] Sandstorm
|-damage|p1a: Sinistcha|25/100 brn|[from] brn
|upkeep
|
|t:|1785339477
|switch|p2b: Milotic|Milotic, L50, F, shiny|23/100
|turn|4
|
|t:|1785339484
|switch|p1a: Kingambit|Kingambit, L50, F|100/100
|move|p1b: Floette|Dazzling Gleam|p2a: Sinistcha|[spread] p2a,p2b
|-damage|p2a: Sinistcha|0 fnt
|-damage|p2b: Milotic|0 fnt
|faint|p2a: Sinistcha
|faint|p2b: Milotic
|
|-weather|Sandstorm|[upkeep]
|-damage|p1b: Floette|43/100|[from] Sandstorm
|upkeep
|
|t:|1785339487
|switch|p2b: Tyranitar|Tyranitar-Mega, L50, F, shiny|100/100
|turn|5
|
|t:|1785339494
|switch|p1a: Sinistcha|Sinistcha, L50|25/100 brn
|-heal|p1b: Floette|68/100|[from] ability: Hospitality|[of] p1a: Sinistcha
|move|p1b: Floette|Moonblast|p2b: Tyranitar
|-supereffective|p2b: Tyranitar|1
|-damage|p2b: Tyranitar|0 fnt
|faint|p2b: Tyranitar
|
|win|carolchanning
