|j|☆dambro222
|j|☆pavel347
|html|dambro222pavel347    
|uhtml|bestof|Game 2 of a best-of-3
|t:|1756299300
|gametype|doubles
|player|p1|dambro222|ethan|1127
|player|p2|pavel347|steven|1015
|gen|9
|tier|[Gen 9] VGC 2025 Reg H (Bo3)
|rated|
|rule|Species Clause: Limit one of each Pokémon
|rule|Item Clause: Limit 1 of each item
|clearpoke
|poke|p1|Dragonite, L50, M|
|poke|p1|Volcarona, L50, F|
|poke|p1|Sneasler, L50, M|
|poke|p1|Rillaboom, L50, M|
|poke|p1|Electabuzz, L50, M|
|poke|p1|Kingambit, L50, M|
|poke|p2|Metagross, L50|
|poke|p2|Smeargle, L50, F|
|poke|p2|Hydreigon, L50, M|
|poke|p2|Talonflame, L50, M|
|poke|p2|Garchomp, L50, F|
|poke|p2|Milotic, L50, F|
|teampreview|4
|showteam|p1|Dragonite||LoadedDice|Multiscale|ScaleShot,ExtremeSpeed,Haze,Protect|||M|||50|,,,,,Fairy]Volcarona||CovertCloak|FlameBody|HeatWave,TeraBlast,QuiverDance,Protect|||F|||50|,,,,,Fairy]Sneasler||FocusSash|Unburden|CloseCombat,DireClaw,Coaching,Protect|||M|||50|,,,,,Stellar]Rillaboom||AssaultVest|GrassySurge|WoodHammer,GrassyGlide,HighHorsepower,FakeOut|||M|||50|,,,,,Water]Electabuzz||Eviolite|VitalSpirit|Electroweb,FollowMe,Taunt,Protect|||M|||50|,,,,,Ghost]Kingambit||BlackGlasses|Defiant|KowtowCleave,SuckerPunch,SwordsDance,Protect|||M|||50|,,,,,Dark
|showteam|p2|Metagross||AssaultVest|ClearBody|PsychicFangs,BulletPunch,HeavySlam,StompingTantrum||||||50|,,,,,Flying]Smeargle||FocusSash|Moody|FakeOut,Decorate,SpikyShield,FollowMe|||F|||50|,,,,,Ghost]Hydreigon||ScopeLens|Levitate|DracoMeteor,Snarl,FocusEnergy,Protect|||M|||50|,,,,,Poison]Talonflame||CovertCloak|GaleWings|Tailwind,DualWingbeat,Taunt,WillOWisp|||M|||50|,,,,,Flying]Garchomp||ChoiceBand|RoughSkin|Outrage,StompingTantrum,Earthquake,RockSlide|||F|||50|,,,,,Steel]Milotic||SafetyGoggles|Competitive|IcyWind,Scald,Recover,Haze|||F|||50|,,,,,Fairy
|inactive|Battle timer is ON: inactive players will automatically lose when time's up. (requested by dambro222)
|inactive|pavel347 also wants the timer to be on.
|
|t:|1756299326
|teamsize|p1|4
|teamsize|p2|4
|start
|switch|p1a: Electabuzz|Electabuzz, L50, M|100/100
|switch|p1b: Volcarona|Volcarona, L50, F|100/100
|switch|p2a: Talonflame|Talonflame, L50, M, shiny|100/100
|switch|p2b: Smeargle|Smeargle, L50, F, shiny|100/100
|turn|1
|
|t:|1756299343
|-terastallize|p1b: Volcarona|Fairy
|move|p1a: Electabuzz|Protect|p1a: Electabuzz
|-singleturn|p1a: Electabuzz|Protect
|move|p2b: Smeargle|Fake Out|p1a: Electabuzz
|-activate|p1a: Electabuzz|move: Protect
|move|p2a: Talonflame|Tailwind|p2a: Talonflame
|-sidestart|p2: pavel347|move: Tailwind
|move|p1b: Volcarona|Quiver Dance|p1b: Volcarona
|-boost|p1b: Volcarona|spa|1
|-boost|p1b: Volcarona|spd|1
|-boost|p1b: Volcarona|spe|1
|
|-ability|p2b: Smeargle|Moody|boost
|-boost|p2b: Smeargle|spa|2
|-unboost|p2b: Smeargle|atk|1
|upkeep
|turn|2
|inactive|pavel347 has 30 seconds left.
|
|t:|1756299371
|move|p2b: Smeargle|Spiky Shield|p2b: Smeargle
|-singleturn|p2b: Smeargle|move: Protect
|move|p1a: Electabuzz|Follow Me|p1a: Electabuzz
|-singleturn|p1a: Electabuzz|move: Follow Me
|move|p2a: Talonflame|Taunt|p1a: Electabuzz
|-start|p1a: Electabuzz|move: Taunt
|move|p1b: Volcarona|Quiver Dance|p1b: Volcarona
|-boost|p1b: Volcarona|spa|1
|-boost|p1b: Volcarona|spd|1
|-boost|p1b: Volcarona|spe|1
|
|-ability|p2b: Smeargle|Moody|boost
|-boost|p2b: Smeargle|spa|2
|-unboost|p2b: Smeargle|atk|1
|upkeep
|turn|3
|inactive|pavel347 has 30 seconds left.
|inactive|dambro222 has 30 seconds left.
|inactive|pavel347 has 20 seconds left.
|
|t:|1756299408
|move|p2b: Smeargle|Follow Me|p2b: Smeargle
|-singleturn|p2b: Smeargle|move: Follow Me
|move|p2a: Talonflame|Will-O-Wisp|p1b: Volcarona|[miss]
|-miss|p2a: Talonflame|p1b: Volcarona
|move|p1b: Volcarona|Heat Wave|p2a: Talonflame|[spread] p2a,p2b
|-resisted|p2a: Talonflame
|-damage|p2a: Talonflame|47/100
|-enditem|p2b: Smeargle|Focus Sash
|-damage|p2b: Smeargle|1/100
|move|p1a: Electabuzz|Electroweb|p2a: Talonflame|[spread] p2a,p2b
|-supereffective|p2a: Talonflame
|-crit|p2b: Smeargle
|-damage|p2a: Talonflame|0 fnt
|-damage|p2b: Smeargle|0 fnt
|faint|p2a: Talonflame
|faint|p2b: Smeargle
|
|upkeep
|
|t:|1756299420
|switch|p2a: Metagross|Metagross, L50, shiny|100/100
|switch|p2b: Camilla|Garchomp, L50, F|100/100
|turn|4
|
|t:|1756299433
|switch|p1a: Rillaboom|Rillaboom, L50, M|100/100
|-fieldstart|move: Grassy Terrain|[from] ability: Grassy Surge|[of] p1a: Rillaboom
|-terastallize|p2a: Metagross|Flying
|move|p1b: Volcarona|Protect|p1b: Volcarona
|-singleturn|p1b: Volcarona|Protect
|move|p2b: Camilla|Earthquake|p1b: Volcarona|[spread] p1a
|-activate|p1b: Volcarona|move: Protect
|-immune|p2a: Metagross
|-resisted|p1a: Rillaboom
|-damage|p1a: Rillaboom|87/100
|move|p2a: Metagross|Heavy Slam|p1b: Volcarona
|-activate|p1b: Volcarona|move: Protect
|
|-heal|p1a: Rillaboom|93/100|[from] Grassy Terrain
|-sideend|p2: pavel347|move: Tailwind
|upkeep
|turn|5
|inactive|dambro222 has 30 seconds left.
|inactive|dambro222 has 20 seconds left.
|
|t:|1756299469
|move|p1a: Rillaboom|Fake Out|p2a: Metagross
|-damage|p2a: Metagross|89/100
|move|p1b: Volcarona|Tera Blast|p2b: Camilla|[anim] Tera Blast Fairy
|-supereffective|p2b: Camilla
|-damage|p2b: Camilla|0 fnt
|faint|p2b: Camilla
|cant|p2a: Metagross|flinch
|
|-heal|p1a: Rillaboom|99/100|[from] Grassy Terrain
|upkeep
|turn|6
|
|t:|1756299482
|switch|p1a: Electabuzz|Electabuzz, L50, M|100/100
|move|p1b: Volcarona|Protect|p1b: Volcarona
|-singleturn|p1b: Volcarona|Protect
|move|p2a: Metagross|Heavy Slam|p1b: Volcarona
|-activate|p1b: Volcarona|move: Protect
|
|upkeep
|turn|7
|-message|pavel347 forfeited.
|
|win|dambro222
|raw|dambro222's rating: 1127 → 1144(+17 for winning)
|raw|pavel347's rating: 1015 → 1007(-8 for losing)
|l|☆pavel347
|player|p2|
