|j|☆Fdxdriver209
|j|☆PopoVGC
|html|Fdxdriver209PopoVGC    
|uhtml|bestof|Game 2 of a best-of-3
|t:|1786154987
|gametype|doubles
|player|p1|Fdxdriver209|bugcatcher-gen4dp|1260
|player|p2|PopoVGC|silver|1331
|gen|9
|tier|[Gen 9 Champions] VGC 2026 Reg M-B (Bo3)
|rated|
|rule|Species Clause: Limit one of each Pokémon
|rule|Item Clause: Limit 1 of each item
|clearpoke
|poke|p1|Swampert, L50, M, shiny|
|poke|p1|Floette-Eternal, L50, F|
|poke|p1|Pelipper, L50, M, shiny|
|poke|p1|Basculegion, L50, M|
|poke|p1|Archaludon, L50, M|
|poke|p1|Whimsicott, L50, F|
|poke|p2|Gholdengo, L50|
|poke|p2|Tyranitar, L50, M|
|poke|p2|Excadrill, L50, M|
|poke|p2|Pidgeot, L50, F|
|poke|p2|Tsareena, L50, F|
|poke|p2|Rotom-Wash, L50|
|teampreview|4
|showteam|p1|Swampert||Swampertite|Torrent|WaveCrash,HighHorsepower,Earthquake,Protect|Adamant||M|||50|]Floette-Eternal||Floettite|FlowerVeil|DrainingKiss,DazzlingGleam,LightofRuin,Protect|Modest||F|||50|]Pelipper||FocusSash|Drizzle|Hurricane,WeatherBall,RainDance,Tailwind|Modest||M|||50|]Basculegion||MysticWater|Adaptability|WaveCrash,LastRespects,AquaJet,Protect|Adamant||M|||50|]Archaludon||Leftovers|Stamina|ElectroShot,DragonPulse,AuraSphere,Protect|Modest||M|||50|]Whimsicott||FairyFeather|Prankster|Moonblast,Encore,LightScreen,Tailwind|Bold||F|||50|
|showteam|p2|Gholdengo||LifeOrb|GoodasGold|MakeItRain,ShadowBall,NastyPlot,Protect|Timid|||||50|]Tyranitar||Tyranitarite|SandStream|RockSlide,KnockOff,Protect,LowKick|Jolly||M|||50|]Excadrill||FocusSash|SandRush|IronHead,Earthquake,RockSlide,Protect|Adamant||M|||50|]Pidgeot||Pidgeotite|BigPecks|Hurricane,HeatWave,Protect,Tailwind|Timid||F|||50|]Tsareena||ChoiceScarf|QueenlyMajesty|PowerWhip,TripleAxel,Uturn,LowKick|Jolly||F|||50|]Rotom-Wash||SitrusBerry|Levitate|Thunderbolt,HydroPump,Protect,WillOWisp|Bold|||||50|
|inactive|Battle timer is ON: inactive players will automatically lose when time's up. (requested by Fdxdriver209)
|
|t:|1786155018
|teamsize|p1|4
|teamsize|p2|4
|start
|switch|p1a: Swampert|Swampert, L50, M, shiny|100/100
|switch|p1b: Whimsicott|Whimsicott, L50, F|100/100
|switch|p2a: Pidgeot|Pidgeot, L50, F|100/100
|switch|p2b: Excadrill|Excadrill, L50, M|100/100
|turn|1
|
|t:|1786155031
|move|p2a: Pidgeot|Protect|p2a: Pidgeot
|-singleturn|p2a: Pidgeot|Protect
|move|p1b: Whimsicott|Moonblast|p2b: Excadrill
|-resisted|p2b: Excadrill|1
|-damage|p2b: Excadrill|77/100
|move|p2b: Excadrill|Earthquake|p1a: Swampert|[spread] p1a,p1b
|-activate|p2a: Pidgeot|move: Protect
|-resisted|p1b: Whimsicott|1
|-damage|p1a: Swampert|53/100
|-damage|p1b: Whimsicott|75/100
|move|p1a: Swampert|Wave Crash|p2b: Excadrill
|-supereffective|p2b: Excadrill|1
|-damage|p2b: Excadrill|0 fnt
|faint|p2b: Excadrill
|-damage|p1a: Swampert|25/100|[from] Recoil
|
|upkeep
|
|t:|1786155041
|switch|p2b: Tsareena|Tsareena, L50, F|100/100
|turn|2
|
|t:|1786155062
|move|p2a: Pidgeot|Protect|p2a: Pidgeot
|-singleturn|p2a: Pidgeot|Protect
|move|p1b: Whimsicott|Tailwind|p1b: Whimsicott
|-sidestart|p1: Fdxdriver209|move: Tailwind
|move|p1a: Swampert|Wave Crash|p2a: Pidgeot
|-activate|p2a: Pidgeot|move: Protect
|move|p2b: Tsareena|Power Whip|p1a: Swampert
|-supereffective|p1a: Swampert|2
|-damage|p1a: Swampert|0 fnt
|faint|p1a: Swampert
|
|upkeep
|
|t:|1786155069
|switch|p1a: Floette|Floette-Eternal, L50, F|100/100
|turn|3
|
|t:|1786155074
|detailschange|p1a: Floette|Floette-Mega, L50, F
|-mega|p1a: Floette|Floette|Floettite
|-ability|p1a: Floette|Fairy Aura
|detailschange|p2a: Pidgeot|Pidgeot-Mega, L50, F
|-mega|p2a: Pidgeot|Pidgeot|Pidgeotite
|move|p1b: Whimsicott|Moonblast|p2b: Tsareena
|-damage|p2b: Tsareena|49/100
|move|p1a: Floette|Dazzling Gleam|p2a: Pidgeot|[spread] p2a,p2b
|-damage|p2a: Pidgeot|32/100
|-damage|p2b: Tsareena|0 fnt
|faint|p2b: Tsareena
|move|p2a: Pidgeot|Tailwind|p2a: Pidgeot
|-sidestart|p2: PopoVGC|move: Tailwind
|
|upkeep
|
|t:|1786155085
|switch|p2b: Gholdengo|Gholdengo, L50|100/100
|turn|4
|
|t:|1786155099
|move|p1a: Floette|Protect|p1a: Floette
|-singleturn|p1a: Floette|Protect
|move|p2a: Pidgeot|Hurricane|p1b: Whimsicott
|-supereffective|p1b: Whimsicott|1
|-damage|p1b: Whimsicott|0 fnt
|faint|p1b: Whimsicott
|move|p2b: Gholdengo|Nasty Plot|p2b: Gholdengo
|-boost|p2b: Gholdengo|spa|2
|
|upkeep
|
|t:|1786155107
|switch|p1b: Pelipper|Pelipper, L50, M, shiny|100/100
|-weather|RainDance|[from] ability: Drizzle|[of] p1b: Pelipper
|turn|5
|
|t:|1786155116
|move|p2a: Pidgeot|Hurricane|p1b: Pelipper
|-enditem|p1b: Pelipper|Focus Sash
|-damage|p1b: Pelipper|1/100
|move|p1a: Floette|Dazzling Gleam|p2a: Pidgeot|[spread] p2a,p2b
|-resisted|p2b: Gholdengo|1
|-damage|p2a: Pidgeot|0 fnt
|-damage|p2b: Gholdengo|72/100
|faint|p2a: Pidgeot
|move|p2b: Gholdengo|Make It Rain|p1a: Floette|[spread] p1a,p1b
|-supereffective|p1a: Floette|1
|-resisted|p1b: Pelipper|1
|-damage|p1a: Floette|0 fnt
|-damage|p1b: Pelipper|0 fnt
|-unboost|p2b: Gholdengo|spa|2
|faint|p1a: Floette
|faint|p1b: Pelipper
|-damage|p2b: Gholdengo|63/100|[from] item: Life Orb
|
|win|PopoVGC
|raw|Fdxdriver209's rating: 1260 → 1240(-20 for losing)
|raw|PopoVGC's rating: 1331 → 1347(+16 for winning)
