|j|☆Avocanoodle
|j|☆TheMismatcher
|html|AvocanoodleTheMismatcher    
|uhtml|bestof|Game 2 of a best-of-3
|t:|1756190468
|gametype|doubles
|player|p1|Avocanoodle|102|1316
|player|p2|TheMismatcher|170|1363
|gen|9
|tier|[Gen 9] VGC 2025 Reg H (Bo3)
|rated|
|rule|Species Clause: Limit one of each Pokémon
|rule|Item Clause: Limit 1 of each item
|clearpoke
|poke|p1|Dragonite, L50, M|
|poke|p1|Ursaluna-Bloodmoon, L50, M|
|poke|p1|Archaludon, L50, F|
|poke|p1|Annihilape, L50, F|
|poke|p1|Garganacl, L50, F|
|poke|p1|Clefable, L50, M|
|poke|p2|Pelipper, L50, M|
|poke|p2|Basculegion, L50, M|
|poke|p2|Amoonguss, L50, F|
|poke|p2|Archaludon, L50, M|
|poke|p2|Greninja-*, L50, F|
|poke|p2|Annihilape, L50, M|
|teampreview|4
|showteam|p1|Dragonite||LoadedDice|Multiscale|ScaleShot,Protect,Tailwind,TeraBlast|||M|||50|,,,,,Flying]Ursaluna-Bloodmoon||AssaultVest|MindsEye|BloodMoon,VacuumWave,HyperVoice,EarthPower|||M|||50|,,,,,Water]Archaludon||PowerHerb|Sturdy|DracoMeteor,Protect,ElectroShot,Thunderbolt|||F|||50|,,,,,Electric]Annihilape||SitrusBerry|Defiant|FinalGambit,RageFist,CloseCombat,Coaching|||F|||50|,,,,,Water]Garganacl||Leftovers|PurifyingSalt|WideGuard,Protect,SaltCure,HeavySlam|||F|||50|,,,,,Bug]Clefable||SafetyGoggles|Unaware|Protect,FollowMe,Moonblast,LifeDew|||M|||50|,,,,,Water
|showteam|p2|Pelipper||FocusSash|Drizzle|WeatherBall,Hurricane,Tailwind,WideGuard|||M|||50|,,,,,Stellar]Basculegion||ChoiceBand|SwiftSwim|WaveCrash,FlipTurn,LastRespects,AquaJet|||M|||50|,,,,,Grass]Amoonguss||SitrusBerry|Regenerator|Spore,RagePowder,PollenPuff,ClearSmog|||F|||50|,,,,,Dark]Archaludon||AssaultVest|Stamina|DragonPulse,FlashCannon,ElectroShot,BodyPress|||M|||50|,,,,,Grass]Greninja||LoadedDice|Torrent|WaterShuriken,Protect,Taunt,RainDance|||F|||50|,,,,,Ghost]Annihilape||ChoiceScarf|Defiant|CloseCombat,RageFist,Uturn,FinalGambit|||M|||50|,,,,,Grass
|inactive|Battle timer is ON: inactive players will automatically lose when time's up. (requested by Avocanoodle)
|j| Rivalenceki
|inactive|TheMismatcher has 60 seconds left.
|inactive|TheMismatcher has 30 seconds left.
|inactive|TheMismatcher has 20 seconds left.
|inactive|TheMismatcher has 15 seconds left.
|inactive|TheMismatcher has 10 seconds left.
|inactive|TheMismatcher has 5 seconds left.
|
|t:|1756190554
|teamsize|p1|4
|teamsize|p2|4
|start
|switch|p1a: Clefable|Clefable, L50, M|100/100
|switch|p1b: Dragonite|Dragonite, L50, M|100/100
|switch|p2a: Greninja|Greninja, L50, F|100/100
|switch|p2b: Annihilape|Annihilape, L50, M|100/100
|turn|1
|
|t:|1756190572
|move|p1a: Clefable|Follow Me|p1a: Clefable
|-singleturn|p1a: Clefable|move: Follow Me
|move|p2b: Annihilape|Rage Fist|p1a: Clefable
|-damage|p1a: Clefable|85/100
|move|p2a: Greninja|Taunt|p1a: Clefable
|-start|p1a: Clefable|move: Taunt
|move|p1b: Dragonite|Tailwind|p1b: Dragonite
|-sidestart|p1: Avocanoodle|move: Tailwind
|
|upkeep
|turn|2
|l| Rivalenceki
|
|t:|1756190590
|switch|p2b: Archaludon|Archaludon, L50, M|100/100
|-terastallize|p1b: Dragonite|Flying
|move|p2a: Greninja|Water Shuriken|p2b: Archaludon
|-resisted|p2b: Archaludon
|-damage|p2b: Archaludon|98/100
|-ability|p2b: Archaludon|Stamina|boost
|-boost|p2b: Archaludon|def|1
|-resisted|p2b: Archaludon
|-damage|p2b: Archaludon|96/100
|-ability|p2b: Archaludon|Stamina|boost
|-boost|p2b: Archaludon|def|1
|-resisted|p2b: Archaludon
|-damage|p2b: Archaludon|94/100
|-ability|p2b: Archaludon|Stamina|boost
|-boost|p2b: Archaludon|def|1
|-resisted|p2b: Archaludon
|-damage|p2b: Archaludon|92/100
|-ability|p2b: Archaludon|Stamina|boost
|-boost|p2b: Archaludon|def|1
|-resisted|p2b: Archaludon
|-crit|p2b: Archaludon
|-damage|p2b: Archaludon|89/100
|-ability|p2b: Archaludon|Stamina|boost
|-boost|p2b: Archaludon|def|1
|-hitcount|p2b: Archaludon|5
|move|p1b: Dragonite|Tera Blast|p2b: Archaludon|[anim] Tera Blast Flying
|-resisted|p2b: Archaludon
|-damage|p2b: Archaludon|83/100
|-ability|p2b: Archaludon|Stamina|boost
|-boost|p2b: Archaludon|def|1
|move|p1a: Clefable|Moonblast|p2a: Greninja
|-supereffective|p2a: Greninja
|-damage|p2a: Greninja|13/100
|
|upkeep
|turn|3
|inactive|Avocanoodle has 30 seconds left.
|
|t:|1756190616
|switch|p2a: Pelipper|Pelipper, L50, M|100/100
|-weather|RainDance|[from] ability: Drizzle|[of] p2a: Pelipper
|move|p1b: Dragonite|Scale Shot|p2b: Archaludon|[miss]
|-miss|p1b: Dragonite|p2b: Archaludon
|move|p1a: Clefable|Moonblast|p2a: Pelipper
|-damage|p2a: Pelipper|49/100
|-unboost|p2a: Pelipper|spa|1
|move|p2b: Archaludon|Electro Shot||[still]
|-prepare|p2b: Archaludon|Electro Shot
|-boost|p2b: Archaludon|spa|1
|-anim|p2b: Archaludon|Electro Shot|p1b: Dragonite
|-supereffective|p1b: Dragonite
|-damage|p1b: Dragonite|36/100
|
|-weather|RainDance|[upkeep]
|upkeep
|turn|4
|
|t:|1756190631
|move|p1b: Dragonite|Protect|p1b: Dragonite
|-singleturn|p1b: Dragonite|Protect
|move|p1a: Clefable|Moonblast|p2b: Archaludon
|-damage|p2b: Archaludon|61/100
|-unboost|p2b: Archaludon|spa|1
|move|p2b: Archaludon|Electro Shot||[still]
|-prepare|p2b: Archaludon|Electro Shot
|-boost|p2b: Archaludon|spa|1
|-anim|p2b: Archaludon|Electro Shot|p1b: Dragonite
|-activate|p1b: Dragonite|move: Protect
|move|p2a: Pelipper|Tailwind|p2a: Pelipper
|-sidestart|p2: TheMismatcher|move: Tailwind
|
|-weather|RainDance|[upkeep]
|-end|p1a: Clefable|move: Taunt
|-sideend|p1: Avocanoodle|move: Tailwind
|upkeep
|turn|5
|inactive|TheMismatcher has 30 seconds left.
|
|t:|1756190660
|switch|p2a: Greninja|Greninja, L50, F|13/100
|move|p1a: Clefable|Follow Me|p1a: Clefable
|-singleturn|p1a: Clefable|move: Follow Me
|move|p2b: Archaludon|Flash Cannon|p1a: Clefable
|-supereffective|p1a: Clefable
|-damage|p1a: Clefable|16/100
|move|p1b: Dragonite|Scale Shot|p2a: Greninja
|-damage|p2a: Greninja|0 fnt
|faint|p2a: Greninja
|-hitcount|p2: Greninja|1
|-unboost|p1b: Dragonite|def|1
|-boost|p1b: Dragonite|spe|1
|
|-weather|RainDance|[upkeep]
|upkeep
|
|t:|1756190673
|switch|p2a: Pelipper|Pelipper, L50, M|49/100
|turn|6
|
|t:|1756190682
|move|p1b: Dragonite|Protect|p1b: Dragonite
|-singleturn|p1b: Dragonite|Protect
|move|p1a: Clefable|Protect|p1a: Clefable
|-singleturn|p1a: Clefable|Protect
|move|p2b: Archaludon|Electro Shot||[still]
|-prepare|p2b: Archaludon|Electro Shot
|-boost|p2b: Archaludon|spa|1
|-anim|p2b: Archaludon|Electro Shot|p1a: Clefable
|-activate|p1a: Clefable|move: Protect
|move|p2a: Pelipper|Weather Ball|p1b: Dragonite
|-activate|p1b: Dragonite|move: Protect
|
|-weather|RainDance|[upkeep]
|upkeep
|turn|7
|
|t:|1756190706
|switch|p1b: Archaludon|Archaludon, L50, F|100/100
|move|p1a: Clefable|Follow Me|p1a: Clefable
|-singleturn|p1a: Clefable|move: Follow Me
|move|p2b: Archaludon|Electro Shot||[still]
|-prepare|p2b: Archaludon|Electro Shot
|-boost|p2b: Archaludon|spa|1
|-anim|p2b: Archaludon|Electro Shot|p1a: Clefable
|-damage|p1a: Clefable|0 fnt
|faint|p1a: Clefable
|move|p2a: Pelipper|Weather Ball|p1b: Archaludon
|-resisted|p1b: Archaludon
|-crit|p1b: Archaludon
|-damage|p1b: Archaludon|15/100
|
|-weather|none
|-sideend|p2: TheMismatcher|move: Tailwind
|upkeep
|
|t:|1756190713
|switch|p1a: Annihilape|Annihilape, L50, F|100/100
|turn|8
|inactive|Avocanoodle has 30 seconds left.
|
|t:|1756190740
|move|p1a: Annihilape|Final Gambit|p2b: Archaludon
|-damage|p2b: Archaludon|0 fnt
|faint|p1a: Annihilape
|faint|p2b: Archaludon
|move|p1b: Archaludon|Thunderbolt|p2a: Pelipper
|-supereffective|p2a: Pelipper
|-damage|p2a: Pelipper|0 fnt
|faint|p2a: Pelipper
|
|upkeep
|
|t:|1756190750
|switch|p1a: Dragonite|Dragonite, L50, M, tera:Flying|36/100
|switch|p2b: Annihilape|Annihilape, L50, M|100/100
|turn|9
|
|t:|1756190775
|move|p2b: Annihilape|Rage Fist|p1b: Archaludon
|-damage|p1b: Archaludon|0 fnt
|faint|p1b: Archaludon
|move|p1a: Dragonite|Tailwind|p1a: Dragonite
|-sidestart|p1: Avocanoodle|move: Tailwind
|
|upkeep
|turn|10
|
|t:|1756190785
|move|p1a: Dragonite|Tera Blast|p2b: Annihilape|[anim] Tera Blast Flying
|-supereffective|p2b: Annihilape
|-damage|p2b: Annihilape|0 fnt
|faint|p2b: Annihilape
|
|win|Avocanoodle
||Avocanoodle is ready for game 3.
||TheMismatcher is ready for game 3.
|uhtml|next|Next: Game 3 of 3
|l|☆Avocanoodle
|player|p1|
