|j|☆almagroalanzarote
|j|☆Le P VGC
|html|almagroalanzaroteLe P VGC    
|uhtml|bestof|Game 1 of a best-of-3
|t:|1784734851
|gametype|doubles
|player|p1|almagroalanzarote|nate|1341
|player|p2|Le P VGC|101|1308
|gen|9
|tier|[Gen 9 Champions] VGC 2026 Reg M-B (Bo3)
|rated|
|rule|Species Clause: Limit one of each Pokémon
|rule|Item Clause: Limit 1 of each item
|clearpoke
|poke|p1|Blastoise, L50, M|
|poke|p1|Delphox, L50, F|
|poke|p1|Sneasler, L50, F|
|poke|p1|Incineroar, L50, M|
|poke|p1|Kingambit, L50, M|
|poke|p1|Sinistcha, L50|
|poke|p2|Staraptor, L50, F|
|poke|p2|Glimmora, L50, M|
|poke|p2|Whimsicott, L50, M|
|poke|p2|Basculegion, L50, M|
|poke|p2|Garchomp, L50, M|
|poke|p2|Charizard, L50, F|
|teampreview|4
|showteam|p1|Blastoise||Blastoisinite|RainDish|WaterSpout,DarkPulse,ShellSmash,Protect|Modest||M|||50|]Delphox||Delphoxite|Blaze|HeatWave,Psyshock,NastyPlot,Protect|Timid||F|||50|]Sneasler||FocusSash|PoisonTouch|FakeOut,CloseCombat,DireClaw,QuickGuard|Jolly||F|||50|]Incineroar||SitrusBerry|Intimidate|FakeOut,FlareBlitz,PartingShot,HelpingHand|Impish||M|||50|]Kingambit||BlackGlasses|Defiant|KowtowCleave,SuckerPunch,SwordsDance,Protect|Adamant||M|||50|]Sinistcha||OccaBerry|Hospitality|MatchaGotcha,RagePowder,TrickRoom,Protect|Bold|||||50|
|showteam|p2|Staraptor||Staraptite|Intimidate|DualWingbeat,Protect,Roost,CloseCombat|Adamant||F|||50|]Glimmora||FocusSash|ToxicDebris|SludgeBomb,SpikyShield,EarthPower,PowerGem|Timid||M|||50|]Whimsicott||FairyFeather|Prankster|Tailwind,Moonblast,Charm,Protect|Bold||M|||50|]Basculegion||ChoiceScarf|Adaptability|FlipTurn,WaveCrash,LastRespects,AquaJet|Jolly||M|||50|]Garchomp||LifeOrb|RoughSkin|DragonClaw,Protect,Earthquake,RockSlide|Jolly||M|||50|]Charizard||CharizarditeY|Blaze|HeatWave,WeatherBall,Protect,SolarBeam|Modest||F|||50|
|inactive|Battle timer is ON: inactive players will automatically lose when time's up. (requested by almagroalanzarote)
|
|t:|1784734877
|teamsize|p1|4
|teamsize|p2|4
|start
|switch|p1a: Incineroar|Incineroar, L50, M|100/100
|switch|p1b: Blastoise|Blastoise, L50, M|100/100
|switch|p2a: Whimsicott|Whimsicott, L50, M|100/100
|switch|p2b: Garchomp|Garchomp, L50, M|100/100
|-ability|p1a: Incineroar|Intimidate|boost
|-unboost|p2a: Whimsicott|atk|1
|-unboost|p2b: Garchomp|atk|1
|turn|1
|
|t:|1784734896
|detailschange|p1b: Blastoise|Blastoise-Mega, L50, M
|-mega|p1b: Blastoise|Blastoise|Blastoisinite
|move|p1a: Incineroar|Fake Out|p2b: Garchomp
|-damage|p2b: Garchomp|90/100
|-damage|p1a: Incineroar|87/100|[from] ability: Rough Skin|[of] p2b: Garchomp
|cant|p2b: Garchomp|flinch
|move|p2a: Whimsicott|Moonblast|p1b: Blastoise
|-damage|p1b: Blastoise|61/100
|move|p1b: Blastoise|Shell Smash|p1b: Blastoise
|-unboost|p1b: Blastoise|def|1
|-unboost|p1b: Blastoise|spd|1
|-boost|p1b: Blastoise|atk|2
|-boost|p1b: Blastoise|spa|2
|-boost|p1b: Blastoise|spe|2
|
|upkeep
|turn|2
|
|t:|1784734917
|move|p1b: Blastoise|Protect|p1b: Blastoise
|-singleturn|p1b: Blastoise|Protect
|move|p2a: Whimsicott|Tailwind|p2a: Whimsicott
|-sidestart|p2: Le P VGC|move: Tailwind
|move|p2b: Garchomp|Earthquake|p1b: Blastoise|[spread] p2a,p1a
|-activate|p1b: Blastoise|move: Protect
|-resisted|p2a: Whimsicott|1
|-supereffective|p1a: Incineroar|1
|-damage|p2a: Whimsicott|85/100
|-damage|p1a: Incineroar|40/100
|-enditem|p1a: Incineroar|Sitrus Berry|[eat]
|-heal|p1a: Incineroar|64/100|[from] item: Sitrus Berry
|-damage|p2b: Garchomp|80/100|[from] item: Life Orb
|move|p1a: Incineroar|Parting Shot|p2b: Garchomp
|-unboost|p2b: Garchomp|atk|1
|-unboost|p2b: Garchomp|spa|1
|
|t:|1784734932
|switch|p1a: Sinistcha|Sinistcha, L50|100/100|[from] Parting Shot
|-heal|p1b: Blastoise|86/100|[from] ability: Hospitality|[of] p1a: Sinistcha
|
|upkeep
|turn|3
|
|t:|1784734946
|switch|p1a: Incineroar|Incineroar, L50, M|64/100
|-ability|p1a: Incineroar|Intimidate|boost
|-unboost|p2a: Whimsicott|atk|1
|-unboost|p2b: Garchomp|atk|1
|move|p2b: Garchomp|Earthquake|p1b: Blastoise|[spread] p2a,p1a,p1b
|-resisted|p2a: Whimsicott|1
|-supereffective|p1a: Incineroar|1
|-damage|p2a: Whimsicott|77/100
|-damage|p1a: Incineroar|32/100
|-damage|p1b: Blastoise|58/100
|-damage|p2b: Garchomp|70/100|[from] item: Life Orb
|move|p2a: Whimsicott|Moonblast|p1b: Blastoise
|-damage|p1b: Blastoise|5/100
|move|p1b: Blastoise|Dark Pulse|p2b: Garchomp
|-damage|p2b: Garchomp|0 fnt
|faint|p2b: Garchomp
|
|upkeep
|
|t:|1784734961
|switch|p2b: Glimmora|Glimmora, L50, M|100/100
|turn|4
|
|t:|1784734982
|switch|p1a: Sinistcha|Sinistcha, L50|100/100
|-heal|p1b: Blastoise|30/100|[from] ability: Hospitality|[of] p1a: Sinistcha
|move|p1b: Blastoise|Protect|p1b: Blastoise
|-singleturn|p1b: Blastoise|Protect
|move|p2b: Glimmora|Power Gem|p1a: Sinistcha
|-damage|p1a: Sinistcha|60/100
|move|p2a: Whimsicott|Moonblast|p1b: Blastoise
|-activate|p1b: Blastoise|move: Protect
|
|upkeep
|turn|5
|
|t:|1784734997
|switch|p1a: Incineroar|Incineroar, L50, M|32/100
|-ability|p1a: Incineroar|Intimidate|boost
|-unboost|p2a: Whimsicott|atk|1
|-unboost|p2b: Glimmora|atk|1
|move|p1b: Blastoise|Protect|p1b: Blastoise
|-singleturn|p1b: Blastoise|Protect
|move|p2b: Glimmora|Sludge Bomb|p1a: Incineroar
|-damage|p1a: Incineroar|0 fnt
|faint|p1a: Incineroar
|move|p2a: Whimsicott|Moonblast|p1b: Blastoise
|-activate|p1b: Blastoise|move: Protect
|
|-sideend|p2: Le P VGC|move: Tailwind
|upkeep
|
|t:|1784735016
|switch|p1a: Sneasler|Sneasler, L50, F|100/100
|turn|6
|
|t:|1784735026
|switch|p1a: Sinistcha|Sinistcha, L50|60/100
|-heal|p1b: Blastoise|55/100|[from] ability: Hospitality|[of] p1a: Sinistcha
|move|p2a: Whimsicott|Protect|p2a: Whimsicott
|-singleturn|p2a: Whimsicott|Protect
|move|p1b: Blastoise|Water Spout|p2a: Whimsicott|[spread] p2b
|-activate|p2a: Whimsicott|move: Protect
|-supereffective|p2b: Glimmora|1
|-enditem|p2b: Glimmora|Focus Sash
|-damage|p2b: Glimmora|1/100
|move|p2b: Glimmora|Sludge Bomb|p1b: Blastoise
|-damage|p1b: Blastoise|0 fnt
|faint|p1b: Blastoise
|
|upkeep
|
|t:|1784735040
|switch|p1b: Sneasler|Sneasler, L50, F|100/100
|turn|7
|
|t:|1784735055
|move|p1b: Sneasler|Fake Out|p2a: Whimsicott
|-damage|p2a: Whimsicott|62/100
|cant|p2a: Whimsicott|flinch
|move|p2b: Glimmora|Earth Power|p1b: Sneasler
|-supereffective|p1b: Sneasler|1
|-damage|p1b: Sneasler|15/100
|move|p1a: Sinistcha|Matcha Gotcha|p2b: Glimmora|[spread] p2a,p2b
|-resisted|p2a: Whimsicott|1
|-damage|p2a: Whimsicott|47/100
|-heal|p1a: Sinistcha|67/100|[from] drain|[of] p2a: Whimsicott
|-damage|p2b: Glimmora|0 fnt
|-heal|p1a: Sinistcha|67/100|[from] drain|[of] p2b: Glimmora
|-status|p2a: Whimsicott|brn
|faint|p2b: Glimmora
|
|-damage|p2a: Whimsicott|41/100 brn|[from] brn
|upkeep
|
|t:|1784735064
|switch|p2b: Charizard|Charizard, L50, F|100/100
|turn|8
|
|t:|1784735078
|detailschange|p2b: Charizard|Charizard-Mega-Y, L50, F
|-mega|p2b: Charizard|Charizard|Charizardite Y
|-weather|SunnyDay|[from] ability: Drought|[of] p2b: Charizard
|move|p2a: Whimsicott|Tailwind|p2a: Whimsicott
|-sidestart|p2: Le P VGC|move: Tailwind
|move|p2b: Charizard|Heat Wave|p1b: Sneasler|[spread] p1a,p1b
|-supereffective|p1a: Sinistcha|1
|-enditem|p1a: Sinistcha|Occa Berry|[eat]
|-enditem|p1a: Sinistcha|Occa Berry|[weaken]
|-damage|p1a: Sinistcha|9/100
|-damage|p1b: Sneasler|0 fnt
|faint|p1b: Sneasler
|move|p1a: Sinistcha|Trick Room|p1a: Sinistcha
|-fieldstart|move: Trick Room|[of] p1a: Sinistcha
|
|-weather|SunnyDay|[upkeep]
|-damage|p2a: Whimsicott|35/100 brn|[from] brn
|upkeep
|turn|9
|-message|almagroalanzarote forfeited.
|
|win|Le P VGC
