|j|☆Voltage fis
|j|☆iceman5687
|html|Voltage fisiceman5687    
|uhtml|bestof|Game 2 of a best-of-3
|t:|1785221139
|gametype|doubles
|player|p1|Voltage fis|102|1000
|player|p2|iceman5687|169|1151
|gen|9
|tier|[Gen 9 Champions] VGC 2026 Reg M-B (Bo3)
|rated|
|rule|Species Clause: Limit one of each Pokémon
|rule|Item Clause: Limit 1 of each item
|clearpoke
|poke|p1|Houndoom, L50, F|
|poke|p1|Whimsicott, L50, M|
|poke|p1|Goodra-Hisui, L50, F|
|poke|p1|Araquanid, L50, M|
|poke|p1|Noivern, L50, F|
|poke|p1|Krookodile, L50, M|
|poke|p2|Charizard, L50, M|
|poke|p2|Grimmsnarl, L50, M|
|poke|p2|Pelipper, L50, M|
|poke|p2|Archaludon, L50, F|
|poke|p2|Basculegion, L50, M|
|poke|p2|Venusaur, L50, M|
|teampreview|4
|showteam|p1|Houndoom||Houndoominite|FlashFire|DarkPulse,Flamethrower,NastyPlot,HyperVoice|Timid||F|||50|]Whimsicott||FocusSash|Prankster|Tailwind,Moonblast,Encore,EnergyBall|Timid||M|||50|]Goodra-Hisui||SitrusBerry|Gooey|Curse,KnockOff,DragonClaw,GyroBall|Brave||F|||50|]Araquanid||Leftovers|WaterBubble|Liquidation,LeechLife,PoisonJab,StickyWeb|Adamant||M|||50|]Noivern||YacheBerry|Telepathy|SunnyDay,Boomburst,DracoMeteor,AirSlash|Timid||F|||50|]Krookodile||LifeOrb|Intimidate|CloseCombat,Earthquake,DragonClaw,ThroatChop|Jolly||M|||50|
|showteam|p2|Charizard||CharizarditeY|Blaze|Protect,HeatWave,WeatherBall,SolarBeam|Modest||M|||50|]Grimmsnarl||LightClay|Prankster|SpiritBreak,Reflect,LightScreen,PartingShot|Sassy||M|||50|]Pelipper||SitrusBerry|Drizzle|Hurricane,WeatherBall,Tailwind,WideGuard|Modest||M|||50|]Archaludon||Leftovers|Stamina|Protect,ElectroShot,DragonPulse,FlashCannon|Calm||F|||50|]Basculegion||ChoiceScarf|Adaptability|FlipTurn,WaveCrash,AquaJet,LastRespects|Jolly||M|||50|]Venusaur||FocusSash|Chlorophyll|Protect,SleepPowder,SludgeBomb,EarthPower|Modest||M|||50|
|
|t:|1785221183
|teamsize|p1|4
|teamsize|p2|4
|start
|switch|p1a: Araquanid|Araquanid, L50, M|100/100
|switch|p1b: Goodra|Goodra-Hisui, L50, F|100/100
|switch|p2a: Charizard|Charizard, L50, M|100/100
|switch|p2b: Venusaur|Venusaur, L50, M|100/100
|turn|1
|
|t:|1785221221
|detailschange|p2a: Charizard|Charizard-Mega-Y, L50, M
|-mega|p2a: Charizard|Charizard|Charizardite Y
|-weather|SunnyDay|[from] ability: Drought|[of] p2a: Charizard
|move|p2b: Venusaur|Sleep Powder|p1a: Araquanid
|-status|p1a: Araquanid|slp|[from] move: Sleep Powder
|move|p2a: Charizard|Heat Wave|p1a: Araquanid|[spread] p1a,p1b
|-damage|p1a: Araquanid|75/100 slp
|-damage|p1b: Goodra|61/100
|move|p1b: Goodra|Gyro Ball|p2b: Venusaur
|-damage|p2b: Venusaur|46/100
|cant|p1a: Araquanid|slp
|
|-weather|SunnyDay|[upkeep]
|-heal|p1a: Araquanid|81/100 slp|[from] item: Leftovers
|upkeep
|turn|2
|
|t:|1785221251
|move|p2b: Venusaur|Sludge Bomb|p1a: Araquanid
|-crit|p1a: Araquanid
|-damage|p1a: Araquanid|30/100 slp
|move|p2a: Charizard|Weather Ball|p1b: Goodra
|-damage|p1b: Goodra|3/100
|-enditem|p1b: Goodra|Sitrus Berry|[eat]
|-heal|p1b: Goodra|27/100|[from] item: Sitrus Berry
|move|p1b: Goodra|Gyro Ball|p2a: Charizard
|-resisted|p2a: Charizard|1
|-damage|p2a: Charizard|85/100
|-curestatus|p1a: Araquanid|slp|[msg]
|move|p1a: Araquanid|Leech Life|p2b: Venusaur
|-damage|p2b: Venusaur|7/100
|-heal|p1a: Araquanid|48/100|[from] drain|[of] p2b: Venusaur
|
|-weather|SunnyDay|[upkeep]
|-heal|p1a: Araquanid|54/100|[from] item: Leftovers
|upkeep
|turn|3
|
|t:|1785221316
|move|p2b: Venusaur|Sludge Bomb|p1a: Araquanid
|-damage|p1a: Araquanid|21/100
|move|p2a: Charizard|Heat Wave|p1a: Araquanid|[spread] p1a,p1b
|-damage|p1a: Araquanid|0 fnt
|-damage|p1b: Goodra|0 fnt
|faint|p1a: Araquanid
|faint|p1b: Goodra
|
|-weather|SunnyDay|[upkeep]
|upkeep
|
|t:|1785221324
|switch|p1b: Whimsicott|Whimsicott, L50, M|100/100
|switch|p1a: Krookodile|Krookodile, L50, M|100/100
|-ability|p1a: Krookodile|Intimidate|boost
|-unboost|p2a: Charizard|atk|1
|-unboost|p2b: Venusaur|atk|1
|turn|4
|
|t:|1785221344
|move|p1b: Whimsicott|Tailwind|p1b: Whimsicott
|-sidestart|p1: Voltage fis|move: Tailwind
|move|p1a: Krookodile|Dragon Claw|p2b: Venusaur
|-damage|p2b: Venusaur|0 fnt
|faint|p2b: Venusaur
|-damage|p1a: Krookodile|90/100|[from] item: Life Orb
|move|p2a: Charizard|Solar Beam||[still]
|-prepare|p2a: Charizard|Solar Beam
|-anim|p2a: Charizard|Solar Beam|p1a: Krookodile
|-supereffective|p1a: Krookodile|1
|-damage|p1a: Krookodile|0 fnt
|faint|p1a: Krookodile
|
|-weather|SunnyDay|[upkeep]
|upkeep
|
|t:|1785221355
|switch|p2b: Pelipper|Pelipper, L50, M|100/100
|-weather|RainDance|[from] ability: Drizzle|[of] p2b: Pelipper
|turn|5
|
|t:|1785221365
|switch|p2a: Basculegion|Basculegion, L50, M|100/100
|move|p1b: Whimsicott|Encore||[still]
|-fail|p1b: Whimsicott
|move|p2b: Pelipper|Hurricane|p1b: Whimsicott
|-supereffective|p1b: Whimsicott|1
|-enditem|p1b: Whimsicott|Focus Sash
|-damage|p1b: Whimsicott|1/100
|
|-weather|RainDance|[upkeep]
|upkeep
|turn|6
|
|t:|1785221383
|move|p2a: Basculegion|Aqua Jet|p1b: Whimsicott
|-resisted|p1b: Whimsicott|1
|-damage|p1b: Whimsicott|0 fnt
|faint|p1b: Whimsicott
|
|win|iceman5687
|raw|Voltage fis's rating: 1000 → 1000(+0 for losing)
|raw|iceman5687's rating: 1151 → 1166(+15 for winning)
