|j|☆MrManlyMeep
|j|☆lettitripppp
|html|MrManlyMeeplettitripppp    
|uhtml|bestof|Game 3 of a best-of-3
|t:|1785197820
|gametype|doubles
|player|p1|MrManlyMeep|1|1195
|player|p2|lettitripppp|lucas|1238
|gen|9
|tier|[Gen 9 Champions] VGC 2026 Reg M-B (Bo3)
|rated|
|rule|Species Clause: Limit one of each Pokémon
|rule|Item Clause: Limit 1 of each item
|clearpoke
|poke|p1|Clefable, L50, F|
|poke|p1|Tyranitar, L50, F|
|poke|p1|Gholdengo, L50|
|poke|p1|Lucario, L50, M|
|poke|p1|Hydreigon, L50, F|
|poke|p1|Azumarill, L50, M|
|poke|p2|Charizard, L50, M|
|poke|p2|Floette-Eternal, L50, F|
|poke|p2|Basculegion, L50, M|
|poke|p2|Whimsicott, L50, M, shiny|
|poke|p2|Garchomp, L50, F|
|poke|p2|Kingambit, L50, F, shiny|
|teampreview|4
|showteam|p1|Clefable||Clefablite|Unaware|FollowMe,CalmMind,Moonblast,Protect|Bold||F|||50|]Tyranitar||LumBerry|SandStream|StealthRock,KnockOff,RockSlide,Protect|Careful||F|||50|]Gholdengo||LifeOrb|GoodasGold|NastyPlot,MakeItRain,ShadowBall,Protect|Modest|||||50|]Lucario||Lucarionite|InnerFocus|AuraSphere,VacuumWave,FlashCannon,Protect|Timid||M|||50|]Hydreigon||ChoiceScarf|Levitate|DracoMeteor,DarkPulse,EarthPower,HeatWave|Timid||F|||50|]Azumarill||MysticWater|HugePower|AquaJet,Liquidation,IceSpinner,Protect|Adamant||M|||50|
|showteam|p2|Charizard||CharizarditeY|Blaze|AncientPower,WeatherBall,HeatWave,Protect|Modest||M|||50|]Floette-Eternal||Floettite|Symbiosis|DazzlingGleam,LightofRuin,Moonblast,Protect|Timid||F|||50|]Basculegion||LifeOrb|Adaptability|LastRespects,WaveCrash,AquaJet,Protect|Adamant||M|||50|]Whimsicott||FocusSash|Prankster|Moonblast,Tailwind,Encore,Protect|Timid||M|||50|]Garchomp||RoseliBerry|RoughSkin|DragonClaw,Earthquake,PoisonJab,RockSlide|Jolly||F|||50|]Kingambit||OccaBerry|Defiant|KowtowCleave,SuckerPunch,IronHead,Protect|Adamant||F|||50|
|inactive|Battle timer is ON: inactive players will automatically lose when time's up. (requested by lettitripppp)
|
|t:|1785197834
|teamsize|p1|4
|teamsize|p2|4
|start
|switch|p1a: Hydreigon|Hydreigon, L50, F|100/100
|switch|p1b: Gholdengo|Gholdengo, L50|100/100
|switch|p2a: RUINOUS LIGHT|Floette-Eternal, L50, F|100/100
|switch|p2b: LETS GO AGAIN|Whimsicott, L50, M, shiny|100/100
|turn|1
|
|t:|1785197846
|detailschange|p2a: RUINOUS LIGHT|Floette-Mega, L50, F
|-mega|p2a: RUINOUS LIGHT|Floette|Floettite
|-ability|p2a: RUINOUS LIGHT|Fairy Aura
|move|p2a: RUINOUS LIGHT|Protect|p2a: RUINOUS LIGHT
|-singleturn|p2a: RUINOUS LIGHT|Protect
|move|p2b: LETS GO AGAIN|Tailwind|p2b: LETS GO AGAIN
|-sidestart|p2: lettitripppp|move: Tailwind
|move|p1a: Hydreigon|Heat Wave|p2a: RUINOUS LIGHT|[spread] p2b
|-activate|p2a: RUINOUS LIGHT|move: Protect
|-supereffective|p2b: LETS GO AGAIN|1
|-damage|p2b: LETS GO AGAIN|24/100
|move|p1b: Gholdengo|Make It Rain|p2b: LETS GO AGAIN|[spread] p2b
|-activate|p2a: RUINOUS LIGHT|move: Protect
|-supereffective|p2b: LETS GO AGAIN|1
|-damage|p2b: LETS GO AGAIN|0 fnt
|-unboost|p1b: Gholdengo|spa|2
|faint|p2b: LETS GO AGAIN
|-damage|p1b: Gholdengo|90/100|[from] item: Life Orb
|
|upkeep
|
|t:|1785197858
|switch|p2b: GHOSTWAVE|Basculegion, L50, M|100/100
|turn|2
|
|t:|1785197871
|switch|p1a: Azumarill|Azumarill, L50, M|100/100
|move|p1b: Gholdengo|Protect|p1b: Gholdengo
|-singleturn|p1b: Gholdengo|Protect
|move|p2a: RUINOUS LIGHT|Moonblast|p1a: Azumarill
|-damage|p1a: Azumarill|20/100y
|move|p2b: GHOSTWAVE|Wave Crash|p1b: Gholdengo
|-activate|p1b: Gholdengo|move: Protect
|
|upkeep
|turn|3
|
|t:|1785197881
|move|p1a: Azumarill|Protect|p1a: Azumarill
|-singleturn|p1a: Azumarill|Protect
|move|p2a: RUINOUS LIGHT|Dazzling Gleam|p1a: Azumarill|[spread] p1b
|-activate|p1a: Azumarill|move: Protect
|-resisted|p1b: Gholdengo|1
|-damage|p1b: Gholdengo|68/100
|move|p2b: GHOSTWAVE|Wave Crash|p1b: Gholdengo
|-damage|p1b: Gholdengo|0 fnt
|faint|p1b: Gholdengo
|-damage|p2b: GHOSTWAVE|78/100|[from] Recoil
|-damage|p2b: GHOSTWAVE|69/100|[from] item: Life Orb
|
|upkeep
|
|t:|1785197891
|switch|p1b: Tyranitar|Tyranitar, L50, F|100/100
|-weather|Sandstorm|[from] ability: Sand Stream|[of] p1b: Tyranitar
|turn|4
|
|t:|1785197905
|move|p1b: Tyranitar|Protect|p1b: Tyranitar
|-singleturn|p1b: Tyranitar|Protect
|move|p1a: Azumarill|Aqua Jet|p2a: RUINOUS LIGHT
|-damage|p2a: RUINOUS LIGHT|62/100
|move|p2a: RUINOUS LIGHT|Dazzling Gleam|p1a: Azumarill|[spread] p1a
|-activate|p1b: Tyranitar|move: Protect
|-damage|p1a: Azumarill|0 fnt
|faint|p1a: Azumarill
|move|p2b: GHOSTWAVE|Wave Crash|p1b: Tyranitar
|-activate|p1b: Tyranitar|move: Protect
|
|-weather|Sandstorm|[upkeep]
|-damage|p2a: RUINOUS LIGHT|56/100|[from] Sandstorm
|-damage|p2b: GHOSTWAVE|63/100|[from] Sandstorm
|-sideend|p2: lettitripppp|move: Tailwind
|upkeep
|
|t:|1785197911
|switch|p1a: Hydreigon|Hydreigon, L50, F|100/100
|turn|5
|
|t:|1785197922
|move|p2b: GHOSTWAVE|Aqua Jet|p1b: Tyranitar
|-supereffective|p1b: Tyranitar|1
|-damage|p1b: Tyranitar|44/100
|-damage|p2b: GHOSTWAVE|53/100|[from] item: Life Orb
|move|p1a: Hydreigon|Dark Pulse|p2b: GHOSTWAVE
|-supereffective|p2b: GHOSTWAVE|1
|-damage|p2b: GHOSTWAVE|0 fnt
|faint|p2b: GHOSTWAVE
|move|p2a: RUINOUS LIGHT|Dazzling Gleam|p1b: Tyranitar|[spread] p1a,p1b
|-supereffective|p1a: Hydreigon|2
|-supereffective|p1b: Tyranitar|1
|-damage|p1a: Hydreigon|0 fnt
|-damage|p1b: Tyranitar|6/100
|faint|p1a: Hydreigon
|move|p1b: Tyranitar|Rock Slide|p2a: RUINOUS LIGHT
|-damage|p2a: RUINOUS LIGHT|9/100
|
|-weather|Sandstorm|[upkeep]
|-damage|p2a: RUINOUS LIGHT|3/100|[from] Sandstorm
|upkeep
|
|t:|1785197935
|switch|p2b: CRUSH SHARK|Garchomp, L50, F|100/100
|turn|6
|-message|MrManlyMeep forfeited.
|raw|MrManlyMeep's rating: 1195 → 1173(-22 for losing)
|raw|lettitripppp's rating: 1238 → 1260(+22 for winning)
|
|win|lettitripppp
|l|☆MrManlyMeep
|player|p1|
