|j|☆Suloo9X
|j|☆p0lisindet0n
|html|Suloo9Xp0lisindet0n    
|uhtml|bestof|Game 3 of a best-of-3
|t:|1757851189
|gametype|doubles
|player|p1|Suloo9X|169|1167
|player|p2|p0lisindet0n|lucas|1163
|gen|9
|tier|[Gen 9] VGC 2025 Reg H (Bo3)
|rated|
|rule|Species Clause: Limit one of each Pokémon
|rule|Item Clause: Limit 1 of each item
|clearpoke
|poke|p1|Garchomp, L50, M|
|poke|p1|Porygon2, L50|
|poke|p1|Pawmot, L50, M|
|poke|p1|Dragonite, L50, M|
|poke|p1|Ursaluna-Bloodmoon, L50, M|
|poke|p1|Incineroar, L50, M|
|poke|p2|Volcarona, L50, F|
|poke|p2|Rillaboom, L50, M|
|poke|p2|Electabuzz, L50, F|
|poke|p2|Whimsicott, L50, M|
|poke|p2|Typhlosion-Hisui, L50, F|
|poke|p2|Ursaluna-Bloodmoon, L50, M|
|teampreview|4
|showteam|p1|Garchomp||LifeOrb|RoughSkin|Earthquake,Protect,DragonClaw,RockSlide|||M|||50|,,,,,Fairy]Porygon2||Eviolite|Download|Psychic,Discharge,IcyWind,Recover||||||50|,,,,,Flying]Pawmot||FocusSash|VoltAbsorb|Coaching,FakeOut,Nuzzle,RevivalBlessing|||M|||50|,,,,,Grass]Dragonite||Leftovers|Multiscale|Tailwind,ExtremeSpeed,Haze,LowKick|||M|||50|,,,,,Normal]Ursaluna-Bloodmoon||AssaultVest|MindsEye|BloodMoon,EarthPower,HyperVoice,VacuumWave|||M|||50|,,,,,Grass]Incineroar||SitrusBerry|Intimidate|FakeOut,KnockOff,FlareBlitz,Snarl|||M|||50|,,,,,Flying
|showteam|p2|Volcarona||GrassySeed|FlameBody|FieryDance,TeraBlast,QuiverDance,Protect|||F|||50|,,,,,Fairy]Rillaboom||AssaultVest|GrassySurge|WoodHammer,GrassyGlide,FakeOut,Uturn|||M|||50|,,,,,Fire]Electabuzz||Eviolite|VitalSpirit|FollowMe,Electroweb,Taunt,ThunderWave|||F|||50|,,,,,Ghost]Whimsicott||CovertCloak|Prankster|Tailwind,SunnyDay,Moonblast,FakeTears|||M|||50|,,,,,Poison]Typhlosion-Hisui||ChoiceSpecs|Blaze|Eruption,Overheat,ShadowBall,SolarBeam|||F|||50|,,,,,Fire]Ursaluna-Bloodmoon||LifeOrb|MindsEye|BloodMoon,EarthPower,HyperVoice,Protect|||M|||50|,,,,,Normal
|inactive|Battle timer is ON: inactive players will automatically lose when time's up. (requested by p0lisindet0n)
|
|t:|1757851237
|teamsize|p1|4
|teamsize|p2|4
|start
|switch|p1a: Porygon2|Porygon2, L50|100/100
|switch|p1b: Dragonite|Dragonite, L50, M|100/100
|switch|p2a: Whimsicott|Whimsicott, L50, M|100/100
|switch|p2b: Typhlosion|Typhlosion-Hisui, L50, F|100/100
|-ability|p1a: Porygon2|Download|boost
|-boost|p1a: Porygon2|spa|1
|turn|1
|inactive|Suloo9X has 30 seconds left.
|inactive|Suloo9X has 20 seconds left.
|inactive|Suloo9X has 15 seconds left.
|inactive|Suloo9X has 10 seconds left.
|
|t:|1757851285
|switch|p1b: Incineroar|Incineroar, L50, M|100/100
|-ability|p1b: Incineroar|Intimidate|boost
|-unboost|p2a: Whimsicott|atk|1
|-unboost|p2b: Typhlosion|atk|1
|move|p2a: Whimsicott|Fake Tears|p1a: Porygon2
|-unboost|p1a: Porygon2|spd|2
|move|p2b: Typhlosion|Eruption|p1b: Incineroar|[spread] p1a,p1b
|-resisted|p1b: Incineroar
|-damage|p1a: Porygon2|0 fnt
|-damage|p1b: Incineroar|54/100
|faint|p1a: Porygon2
|
|upkeep
|inactive|Suloo9X has 30 seconds left.
|
|t:|1757851316
|switch|p1a: Dragonite|Dragonite, L50, M|100/100
|turn|2
|
|t:|1757851333
|move|p2a: Whimsicott|Sunny Day|p2a: Whimsicott
|-weather|SunnyDay
|move|p2b: Typhlosion|Eruption|p1a: Dragonite|[spread] p1a,p1b
|-resisted|p1a: Dragonite
|-resisted|p1b: Incineroar
|-damage|p1a: Dragonite|70/100
|-damage|p1b: Incineroar|0 fnt
|faint|p1b: Incineroar
|move|p1a: Dragonite|Tailwind|p1a: Dragonite
|-sidestart|p1: Suloo9X|move: Tailwind
|
|-weather|SunnyDay|[upkeep]
|-heal|p1a: Dragonite|76/100|[from] item: Leftovers
|upkeep
|
|t:|1757851343
|switch|p1b: Garchomp|Garchomp, L50, M|100/100
|turn|3
|
|t:|1757851364
|move|p1a: Dragonite|Extreme Speed|p2a: Whimsicott
|-damage|p2a: Whimsicott|73/100
|move|p1b: Garchomp|Earthquake|p2a: Whimsicott|[spread] p2a,p2b
|-immune|p1a: Dragonite
|-resisted|p2a: Whimsicott
|-supereffective|p2b: Typhlosion
|-damage|p2a: Whimsicott|50/100
|-damage|p2b: Typhlosion|0 fnt
|faint|p2b: Typhlosion
|-damage|p1b: Garchomp|91/100|[from] item: Life Orb
|move|p2a: Whimsicott|Moonblast|p1b: Garchomp
|-supereffective|p1b: Garchomp
|-damage|p1b: Garchomp|32/100
|
|-weather|SunnyDay|[upkeep]
|-heal|p1a: Dragonite|82/100|[from] item: Leftovers
|upkeep
|inactive|p0lisindet0n has 30 seconds left.
|
|t:|1757851392
|switch|p2b: Rillaboom|Rillaboom, L50, M|100/100
|-fieldstart|move: Grassy Terrain|[from] ability: Grassy Surge|[of] p2b: Rillaboom
|turn|4
|
|t:|1757851406
|move|p1b: Garchomp|Protect|p1b: Garchomp
|-singleturn|p1b: Garchomp|Protect
|move|p2b: Rillaboom|Fake Out|p1a: Dragonite
|-damage|p1a: Dragonite|68/100
|cant|p1a: Dragonite|flinch
|move|p2a: Whimsicott|Tailwind|p2a: Whimsicott
|-sidestart|p2: p0lisindet0n|move: Tailwind
|
|-weather|SunnyDay|[upkeep]
|-heal|p1b: Garchomp|38/100|[from] Grassy Terrain
|-heal|p2a: Whimsicott|56/100|[from] Grassy Terrain
|-heal|p1a: Dragonite|74/100|[from] item: Leftovers
|upkeep
|turn|5
|
|t:|1757851425
|move|p1a: Dragonite|Extreme Speed|p2a: Whimsicott
|-damage|p2a: Whimsicott|29/100
|move|p1b: Garchomp|Rock Slide|p2a: Whimsicott|[spread] p2a,p2b
|-crit|p2b: Rillaboom
|-damage|p2a: Whimsicott|3/100
|-damage|p2b: Rillaboom|58/100
|-damage|p1b: Garchomp|28/100|[from] item: Life Orb
|move|p2a: Whimsicott|Moonblast|p1a: Dragonite
|-supereffective|p1a: Dragonite
|-damage|p1a: Dragonite|26/100
|-unboost|p1a: Dragonite|spa|1
|move|p2b: Rillaboom|Wood Hammer|p1b: Garchomp
|-damage|p1b: Garchomp|0 fnt
|-damage|p2b: Rillaboom|46/100|[from] ability: Rough Skin|[of] p1b: Garchomp
|faint|p1b: Garchomp
|-damage|p2b: Rillaboom|37/100|[from] Recoil
|
|-weather|SunnyDay|[upkeep]
|-heal|p2a: Whimsicott|9/100|[from] Grassy Terrain
|-heal|p1a: Dragonite|32/100|[from] item: Leftovers
|-heal|p2b: Rillaboom|43/100|[from] Grassy Terrain
|-sideend|p1: Suloo9X|move: Tailwind
|upkeep
|turn|6
|
|t:|1757851449
|-terastallize|p1a: Dragonite|Normal
|move|p1a: Dragonite|Extreme Speed|p2b: Rillaboom
|-damage|p2b: Rillaboom|0 fnt
|faint|p2b: Rillaboom
|move|p2a: Whimsicott|Moonblast|p1a: Dragonite
|-damage|p1a: Dragonite|6/100
|
|-weather|none
|-heal|p2a: Whimsicott|15/100|[from] Grassy Terrain
|-heal|p1a: Dragonite|12/100|[from] Grassy Terrain
|-heal|p1a: Dragonite|18/100|[from] item: Leftovers
|upkeep
|
|t:|1757851460
|switch|p2b: Volcarona|Volcarona, L50, F|100/100
|-enditem|p2b: Volcarona|Grassy Seed
|-boost|p2b: Volcarona|def|1|[from] item: Grassy Seed
|turn|7
|
|t:|1757851484
|move|p1a: Dragonite|Extreme Speed|p2a: Whimsicott
|-damage|p2a: Whimsicott|0 fnt
|faint|p2a: Whimsicott
|move|p2b: Volcarona|Fiery Dance|p1a: Dragonite
|-damage|p1a: Dragonite|0 fnt
|-boost|p2b: Volcarona|spa|1
|faint|p1a: Dragonite
|
|win|p0lisindet0n
|raw|Suloo9X's rating: 1167 → 1142(-25 for losing)
|raw|p0lisindet0n's rating: 1163 → 1188(+25 for winning)
|l|☆Suloo9X
|player|p1|
|l|☆p0lisindet0n
|player|p2|
