|j|☆Slim reaper 69
|j|☆KodeBeast0526
|html|Slim reaper 69KodeBeast0526    
|uhtml|bestof|Game 3 of a best-of-3
|t:|1783391307
|gametype|doubles
|player|p1|Slim reaper 69|hiker-gen4|1025
|player|p2|KodeBeast0526|sailor|1124
|gen|9
|tier|[Gen 9 Champions] VGC 2026 Reg M-B (Bo3)
|rated|
|rule|Species Clause: Limit one of each Pokémon
|rule|Item Clause: Limit 1 of each item
|clearpoke
|poke|p1|Whimsicott, L50, M|
|poke|p1|Espathra, L50, M|
|poke|p1|Glimmora, L50, M|
|poke|p1|Pyroar, L50, F|
|poke|p1|Rotom-Wash, L50|
|poke|p1|Kingambit, L50, F|
|poke|p2|Gengar, L50, F, shiny|
|poke|p2|Swampert, L50, M, shiny|
|poke|p2|Incineroar, L50, F, shiny|
|poke|p2|Politoed, L50, F, shiny|
|poke|p2|Archaludon, L50, F|
|poke|p2|Vivillon-Ocean, L50, M|
|teampreview|4
|showteam|p1|Whimsicott||FocusSash|Prankster|Tailwind,Protect,Moonblast,Encore|Timid||M|||50|]Espathra||Leftovers|SpeedBoost|LuminaCrash,CalmMind,BatonPass,Protect|Timid||M|||50|]Glimmora||Glimmoranite|ToxicDebris|SludgeBomb,SpikyShield,EarthPower,PowerGem|Modest||M|||50|]Pyroar||Pyroarite|Unnerve|HeatWave,Overheat,HyperVoice,Protect|Modest||F|||50|]Rotom-Wash||SitrusBerry|Levitate|HydroPump,WillOWisp,Protect,Discharge|Bold|||||50|]Kingambit||BlackGlasses|Defiant|SuckerPunch,KowtowCleave,IronHead,Protect|Adamant||F|||50|
|showteam|p2|Gengar||Gengarite|CursedBody|ShadowBall,PerishSong,SludgeBomb,Protect|Timid||F|||50|]Swampert||Swampertite|Torrent|WaveCrash,Earthquake,IcePunch,Protect|Adamant||M|||50|]Incineroar||PasshoBerry|Intimidate|ThroatChop,PartingShot,FakeOut,Protect|Sassy||F|||50|]Politoed||SitrusBerry|Drizzle|WeatherBall,PerishSong,Encore,Protect|Calm||F|||50|]Archaludon||Leftovers|Stamina|DragonPulse,FlashCannon,ElectroShot,Protect|Bold||F|||50|]Vivillon-Ocean||FocusSash|CompoundEyes|Hurricane,SleepPowder,RagePowder,Protect|Timid||M|||50|
|
|t:|1783391324
|teamsize|p1|4
|teamsize|p2|4
|start
|switch|p1a: Whimsicott|Whimsicott, L50, M|100/100
|switch|p1b: Pyroar|Pyroar, L50, F|100/100
|switch|p2a: Vivillon|Vivillon-Ocean, L50, M|100/100
|switch|p2b: Gengar|Gengar, L50, F, shiny|100/100
|-ability|p1b: Pyroar|Unnerve
|turn|1
|
|t:|1783391333
|detailschange|p2b: Gengar|Gengar-Mega, L50, F, shiny
|-mega|p2b: Gengar|Gengar|Gengarite
|detailschange|p1b: Pyroar|Pyroar-Mega, L50, F
|-mega|p1b: Pyroar|Pyroar|Pyroarite
|move|p1a: Whimsicott|Tailwind|p1a: Whimsicott
|-sidestart|p1: Slim reaper 69|move: Tailwind
|move|p1b: Pyroar|Heat Wave|p2a: Vivillon|[spread] p2a,p2b
|-supereffective|p2a: Vivillon|1
|-enditem|p2a: Vivillon|Focus Sash
|-damage|p2a: Vivillon|1/100
|-damage|p2b: Gengar|35/100
|-status|p2a: Vivillon|brn
|move|p2b: Gengar|Perish Song|p2b: Gengar
|-start|p1a: Whimsicott|perish3|[silent]
|-start|p1b: Pyroar|perish3|[silent]
|-start|p2a: Vivillon|perish3|[silent]
|-start|p2b: Gengar|perish3|[silent]
|-fieldactivate|move: Perish Song
|move|p2a: Vivillon|Sleep Powder|p1b: Pyroar
|-status|p1b: Pyroar|slp|[from] move: Sleep Powder
|
|-damage|p2a: Vivillon|0 fnt|[from] brn
|faint|p2a: Vivillon
|-start|p1a: Whimsicott|perish3
|-start|p1b: Pyroar|perish3
|-start|p2b: Gengar|perish3
|upkeep
|
|t:|1783391352
|switch|p2a: Archaludon|Archaludon, L50, F|100/100
|turn|2
|
|t:|1783391361
|move|p1a: Whimsicott|Moonblast|p2a: Archaludon
|-damage|p2a: Archaludon|63/100
|-ability|p2a: Archaludon|Stamina|boost
|-boost|p2a: Archaludon|def|1
|cant|p1b: Pyroar|slp
|move|p2b: Gengar|Sludge Bomb|p1a: Whimsicott
|-supereffective|p1a: Whimsicott|2
|-enditem|p1a: Whimsicott|Focus Sash
|-damage|p1a: Whimsicott|1/100
|move|p2a: Archaludon|Flash Cannon|p1a: Whimsicott
|-supereffective|p1a: Whimsicott|1
|-damage|p1a: Whimsicott|0 fnt
|faint|p1a: Whimsicott
|
|-heal|p2a: Archaludon|69/100|[from] item: Leftovers
|-start|p1b: Pyroar|perish2
|-start|p2b: Gengar|perish2
|upkeep
|
|t:|1783391379
|switch|p1a: Kingambit|Kingambit, L50, F|100/100
|turn|3
|
|t:|1783391392
|switch|p2b: Politoed|Politoed, L50, F, shiny|100/100
|-weather|RainDance|[from] ability: Drizzle|[of] p2b: Politoed
|cant|p1b: Pyroar|slp
|move|p1a: Kingambit|Kowtow Cleave|p2b: Politoed
|-damage|p2b: Politoed|45/100
|-enditem|p2b: Politoed|Sitrus Berry|[eat]
|-heal|p2b: Politoed|70/100|[from] item: Sitrus Berry
|move|p2a: Archaludon|Electro Shot||[still]
|-prepare|p2a: Archaludon|Electro Shot
|-boost|p2a: Archaludon|spa|1
|-anim|p2a: Archaludon|Electro Shot|p1a: Kingambit
|-damage|p1a: Kingambit|44/100
|
|-weather|RainDance|[upkeep]
|-heal|p2a: Archaludon|75/100|[from] item: Leftovers
|-start|p1b: Pyroar|perish1
|upkeep
|turn|4
|
|t:|1783391412
|switch|p1b: Rotom|Rotom-Wash, L50|100/100
|move|p1a: Kingambit|Protect|p1a: Kingambit
|-singleturn|p1a: Kingambit|Protect
|move|p2a: Archaludon|Flash Cannon|p1a: Kingambit
|-activate|p1a: Kingambit|move: Protect
|move|p2b: Politoed|Weather Ball|p1a: Kingambit
|-activate|p1a: Kingambit|move: Protect
|
|-weather|RainDance|[upkeep]
|-heal|p2a: Archaludon|81/100|[from] item: Leftovers
|-sideend|p1: Slim reaper 69|move: Tailwind
|upkeep
|turn|5
|
|t:|1783391426
|move|p2b: Politoed|Protect|p2b: Politoed
|-singleturn|p2b: Politoed|Protect
|move|p1a: Kingambit|Sucker Punch||[still]
|-fail|p1a: Kingambit
|move|p2a: Archaludon|Electro Shot||[still]
|-prepare|p2a: Archaludon|Electro Shot
|-boost|p2a: Archaludon|spa|1
|-anim|p2a: Archaludon|Electro Shot|p1b: Rotom
|-damage|p1b: Rotom|24/100
|-enditem|p1b: Rotom|Sitrus Berry|[eat]
|-heal|p1b: Rotom|49/100|[from] item: Sitrus Berry
|move|p1b: Rotom|Discharge|p2a: Archaludon|[spread] p1a,p2a
|-activate|p2b: Politoed|move: Protect
|-resisted|p2a: Archaludon|1
|-damage|p1a: Kingambit|21/100
|-damage|p2a: Archaludon|69/100
|-status|p1a: Kingambit|par
|-status|p2a: Archaludon|par
|-ability|p2a: Archaludon|Stamina|boost
|-boost|p2a: Archaludon|def|1
|
|-weather|RainDance|[upkeep]
|-heal|p2a: Archaludon|75/100 par|[from] item: Leftovers
|upkeep
|turn|6
|
|t:|1783391452
|switch|p2b: Gengar|Gengar-Mega, L50, F, shiny|35/100
|move|p1b: Rotom|Hydro Pump|p2a: Archaludon|[miss]
|-miss|p1b: Rotom|p2a: Archaludon
|move|p2a: Archaludon|Electro Shot||[still]
|-prepare|p2a: Archaludon|Electro Shot
|-boost|p2a: Archaludon|spa|1
|-anim|p2a: Archaludon|Electro Shot|p1b: Rotom
|-damage|p1b: Rotom|0 fnt
|faint|p1b: Rotom
|move|p1a: Kingambit|Kowtow Cleave|p2b: Gengar
|-supereffective|p2b: Gengar|1
|-damage|p2b: Gengar|0 fnt
|faint|p2b: Gengar
|
|-weather|RainDance|[upkeep]
|-heal|p2a: Archaludon|81/100 par|[from] item: Leftovers
|upkeep
|
|t:|1783391464
|switch|p2b: Politoed|Politoed, L50, F, shiny|70/100
|switch|p1b: Pyroar|Pyroar-Mega, L50, F|100/100 slp
|turn|7
|
|t:|1783391471
|-curestatus|p1b: Pyroar|slp|[msg]
|move|p1b: Pyroar|Protect|p1b: Pyroar
|-singleturn|p1b: Pyroar|Protect
|move|p1a: Kingambit|Sucker Punch|p2b: Politoed
|-damage|p2b: Politoed|27/100
|move|p2b: Politoed|Weather Ball|p1b: Pyroar
|-activate|p1b: Pyroar|move: Protect
|move|p2a: Archaludon|Electro Shot||[still]
|-prepare|p2a: Archaludon|Electro Shot
|-boost|p2a: Archaludon|spa|1
|-anim|p2a: Archaludon|Electro Shot|p1a: Kingambit
|-damage|p1a: Kingambit|0 fnt
|faint|p1a: Kingambit
|
|-weather|none
|-heal|p2a: Archaludon|87/100 par|[from] item: Leftovers
|upkeep
|turn|8
|inactive|Battle timer is ON: inactive players will automatically lose when time's up. (requested by KodeBeast0526)
|
|t:|1783391496
|move|p1b: Pyroar|Hyper Voice|p2b: Politoed|[spread] p2a,p2b
|-resisted|p2a: Archaludon|1
|-damage|p2a: Archaludon|67/100 par
|-damage|p2b: Politoed|0 fnt
|-ability|p2a: Archaludon|Stamina|boost
|-boost|p2a: Archaludon|def|1
|faint|p2b: Politoed
|move|p2a: Archaludon|Dragon Pulse|p1b: Pyroar
|-damage|p1b: Pyroar|0 fnt
|faint|p1b: Pyroar
|
|win|KodeBeast0526
|raw|Slim reaper 69's rating: 1025 → 1015(-10 for losing)
|raw|KodeBeast0526's rating: 1124 → 1142(+18 for winning)
