|j|☆raksbachtesting1
|j|☆Cut gudggdd
|html|raksbachtesting1Cut gudggdd    
|uhtml|bestof|Game 1 of a best-of-3
|t:|1785146576
|gametype|doubles
|player|p1|raksbachtesting1|doubleteam|1000
|player|p2|Cut gudggdd|169|1013
|gen|9
|tier|[Gen 9 Champions] VGC 2026 Reg M-B (Bo3)
|rated|
|rule|Species Clause: Limit one of each Pokémon
|rule|Item Clause: Limit 1 of each item
|clearpoke
|poke|p1|Charizard, L50, M|
|poke|p1|Garchomp, L50, M|
|poke|p1|Incineroar, L50, M|
|poke|p1|Venusaur, L50, F|
|poke|p1|Toxapex, L50, M|
|poke|p1|Sylveon, L50, F|
|poke|p2|Gengar, L50, M|
|poke|p2|Incineroar, L50, M|
|poke|p2|Armarouge, L50, M|
|poke|p2|Torkoal, L50, M|
|poke|p2|Vivillon, L50, M|
|poke|p2|Venusaur, L50, M|
|teampreview|4
|showteam|p1|Charizard||CharizarditeY|SolarPower|WeatherBall,HeatWave,AncientPower,Protect|Modest||M|||50|]Garchomp||ChoiceScarf|RoughSkin|RockSlide,DragonClaw,Earthquake,StompingTantrum|Adamant||M|||50|]Incineroar||SitrusBerry|Intimidate|FlareBlitz,FakeOut,DarkestLariat,PartingShot|Impish||M|||50|]Venusaur||LifeOrb|Chlorophyll|SludgeBomb,LeafStorm,EarthPower,Protect|Modest||F|||50|]Toxapex||Leftovers|Regenerator|Infestation,Toxic,WideGuard,BanefulBunker|Bold||M|||50|]Sylveon||FairyFeather|Pixilate|HyperVoice,QuickAttack,Yawn,Detect|Modest||F|||50|
|showteam|p2|Gengar||Gengarite|CursedBody|ShadowBall,DazzlingGleam,TrickRoom,PerishSong|Quiet||M|||50|]Incineroar||LifeOrb|Intimidate|CloseCombat,DarkestLariat,FakeOut,FlareBlitz|Adamant||M|||50|]Armarouge||Charcoal|FlashFire|ArmorCannon,TrickRoom,CalmMind,DarkPulse|Quiet||M|||50|]Torkoal||HeatRock|Drought|AncientPower,Eruption,SludgeBomb,Protect|Modest||M|||50|]Vivillon||MentalHerb|CompoundEyes|SleepPowder,StunSpore,SolarBeam,RagePowder|Timid||M|||50|]Venusaur||WideLens|Overgrow|SleepPowder,Synthesis,SolarBeam,SludgeWave|Modest||M|||50|
|inactive|Battle timer is ON: inactive players will automatically lose when time's up. (requested by raksbachtesting1)
|inactive|raksbachtesting1 has 60 seconds left.
|inactive|Cut gudggdd has 60 seconds left.
|
|t:|1785146621
|teamsize|p1|4
|teamsize|p2|4
|start
|switch|p1a: Incineroar|Incineroar, L50, M|100/100
|switch|p1b: Charizard|Charizard, L50, M|100/100
|switch|p2a: Gengar|Gengar, L50, M|100/100
|switch|p2b: Vivillon|Vivillon, L50, M|100/100
|-ability|p1a: Incineroar|Intimidate|boost
|-unboost|p2a: Gengar|atk|1
|-unboost|p2b: Vivillon|atk|1
|turn|1
|inactive|raksbachtesting1 has 30 seconds left.
|inactive|Cut gudggdd has 30 seconds left.
|
|t:|1785146652
|detailschange|p1b: Charizard|Charizard-Mega-Y, L50, M
|-mega|p1b: Charizard|Charizard|Charizardite Y
|-weather|SunnyDay|[from] ability: Drought|[of] p1b: Charizard
|detailschange|p2a: Gengar|Gengar-Mega, L50, M
|-mega|p2a: Gengar|Gengar|Gengarite
|move|p1a: Incineroar|Fake Out|p2b: Vivillon
|-crit|p2b: Vivillon
|-damage|p2b: Vivillon|75/100
|cant|p2b: Vivillon|flinch
|move|p1b: Charizard|Heat Wave|p2b: Vivillon|[spread] p2a
|-miss|p1b: Charizard|p2b: Vivillon
|-damage|p2a: Gengar|31/100
|move|p2a: Gengar|Trick Room|p2a: Gengar
|-fieldstart|move: Trick Room|[of] p2a: Gengar
|
|-weather|SunnyDay|[upkeep]
|upkeep
|turn|2
|
|t:|1785146677
|move|p2b: Vivillon|Rage Powder|p2b: Vivillon
|-singleturn|p2b: Vivillon|move: Rage Powder
|move|p1a: Incineroar|Flare Blitz|p2b: Vivillon
|-supereffective|p2b: Vivillon|1
|-damage|p2b: Vivillon|0 fnt
|faint|p2b: Vivillon
|-damage|p1a: Incineroar|76/100|[from] Recoil
|move|p1b: Charizard|Ancient Power|p2a: Gengar
|-damage|p2a: Gengar|6/100
|move|p2a: Gengar|Perish Song|p2a: Gengar
|-start|p1a: Incineroar|perish3|[silent]
|-start|p1b: Charizard|perish3|[silent]
|-start|p2a: Gengar|perish3|[silent]
|-fieldactivate|move: Perish Song
|
|-weather|SunnyDay|[upkeep]
|-start|p1a: Incineroar|perish3
|-start|p1b: Charizard|perish3
|-start|p2a: Gengar|perish3
|upkeep
|
|t:|1785146699
|switch|p2b: Venusaur|Venusaur, L50, M|100/100
|turn|3
|
|t:|1785146715
|move|p1a: Incineroar|Flare Blitz|p2b: Venusaur
|-supereffective|p2b: Venusaur|1
|-damage|p2b: Venusaur|0 fnt
|faint|p2b: Venusaur
|-damage|p1a: Incineroar|48/100|[from] Recoil
|-enditem|p1a: Incineroar|Sitrus Berry|[eat]
|-heal|p1a: Incineroar|73/100|[from] item: Sitrus Berry
|move|p1b: Charizard|Heat Wave|p2a: Gengar
|-damage|p2a: Gengar|0 fnt
|faint|p2a: Gengar
|
|-weather|SunnyDay|[upkeep]
|-start|p1a: Incineroar|perish2
|-start|p1b: Charizard|perish2
|upkeep
|
|t:|1785146734
|switch|p2b: Torkoal|Torkoal, L50, M|100/100
|turn|4
|
|t:|1785146742
|move|p2b: Torkoal|Eruption|p1b: Charizard|[spread] p1a,p1b
|-resisted|p1a: Incineroar|1
|-resisted|p1b: Charizard|1
|-damage|p1a: Incineroar|42/100
|-damage|p1b: Charizard|67/100
|move|p1a: Incineroar|Parting Shot|p2b: Torkoal
|-unboost|p2b: Torkoal|atk|1
|-unboost|p2b: Torkoal|spa|1
|
|t:|1785146750
|switch|p1a: Garchomp|Garchomp, L50, M|100/100|[from] Parting Shot
|move|p1b: Charizard|Ancient Power|p2b: Torkoal
|-supereffective|p2b: Torkoal|1
|-damage|p2b: Torkoal|38/100
|
|-weather|SunnyDay|[upkeep]
|-start|p1b: Charizard|perish1
|upkeep
|turn|5
|
|t:|1785146761
|switch|p1b: Incineroar|Incineroar, L50, M|42/100
|-ability|p1b: Incineroar|Intimidate|boost
|-unboost|p2b: Torkoal|atk|1
|move|p2b: Torkoal|Eruption|p1b: Incineroar|[spread] p1a,p1b
|-resisted|p1a: Garchomp|1
|-resisted|p1b: Incineroar|1
|-damage|p1a: Garchomp|90/100
|-damage|p1b: Incineroar|34/100
|move|p1a: Garchomp|Stomping Tantrum|p2b: Torkoal
|-supereffective|p2b: Torkoal|1
|-damage|p2b: Torkoal|0 fnt
|faint|p2b: Torkoal
|
|win|raksbachtesting1
