|j|☆MMcookiegamer
|j|☆kenepa21
|html|MMcookiegamerkenepa21    
|uhtml|bestof|Game 1 of a best-of-3
|t:|1756314193
|gametype|doubles
|player|p1|MMcookiegamer|roy|
|player|p2|kenepa21|101|
|gen|9
|tier|[Gen 9] VGC 2025 Reg H (Bo3)
|rule|Species Clause: Limit one of each Pokémon
|rule|Item Clause: Limit 1 of each item
|clearpoke
|poke|p1|Incineroar, L50, M|
|poke|p1|Ursaluna-Bloodmoon, L50, M|
|poke|p1|Ninetales-Alola, L50, F|
|poke|p1|Sneasler, L50, F|
|poke|p1|Rillaboom, L50, M|
|poke|p1|Dragonite, L50, F|
|poke|p2|Garchomp, L50, M|
|poke|p2|Talonflame, L50, F|
|poke|p2|Gholdengo, L50|
|poke|p2|Electabuzz, L50, M|
|poke|p2|Politoed, L50, F|
|poke|p2|Azumarill, L50, F|
|teampreview|4
|showteam|p1|Incineroar||SafetyGoggles|Intimidate|FakeOut,KnockOff,PartingShot,Taunt|||M|||50|,,,,,Ghost]Ursaluna-Bloodmoon||LifeOrb|MindsEye|EarthPower,BloodMoon,Protect,HyperVoice|||M|||50|,,,,,Ghost]Ninetales-Alola||CovertCloak|SnowWarning|Blizzard,AuroraVeil,FreezeDry,Protect|||F|||50|,,,,,Water]Sneasler||GrassySeed|Unburden|CloseCombat,DireClaw,Protect,ThroatChop|||F|||50|,,,,,Dark]Rillaboom||AssaultVest|GrassySurge|FakeOut,GrassyGlide,WoodHammer,Uturn|||M|||50|,,,,,Fire]Dragonite||LoadedDice|Multiscale|ScaleShot,Protect,Tailwind,ExtremeSpeed|||F|||50|,,,,,Normal
|showteam|p2|Garchomp||LifeOrb|RoughSkin|StompingTantrum,Earthquake,DragonClaw,Protect|||M|||50|,,,,,Ground]Talonflame||FocusSash|GaleWings|DualWingbeat,Tailwind,WillOWisp,Protect|||F|||50|,,,,,Ghost]Gholdengo||SpookyPlate|GoodasGold|MakeItRain,ShadowBall,NastyPlot,Protect||||||50|,,,,,Water]Electabuzz||Eviolite|VitalSpirit|Electroweb,FollowMe,Taunt,Protect|||M|||50|,,,,,Dragon]Politoed||SitrusBerry|Drizzle|WeatherBall,IceBeam,Haze,Protect|||F|||50|,,,,,Grass]Azumarill||AssaultVest|HugePower|Liquidation,PlayRough,AquaJet,IceSpinner|||F|||50|,,,,,Fairy
|c|☆kenepa21|glhf
|
|t:|1756314257
|teamsize|p1|4
|teamsize|p2|4
|start
|switch|p1a: Dragonite|Dragonite, L50, F|100/100
|switch|p1b: Ninetales|Ninetales-Alola, L50, F|100/100
|switch|p2a: Gholdengo|Gholdengo, L50|100/100
|switch|p2b: Talonflame|Talonflame, L50, F|100/100
|-weather|Snowscape|[from] ability: Snow Warning|[of] p1b: Ninetales
|turn|1
|
|t:|1756314294
|switch|p2b: Politoed|Politoed, L50, F|100/100
|-weather|RainDance|[from] ability: Drizzle|[of] p2b: Politoed
|-terastallize|p1b: Ninetales|Water
|move|p1b: Ninetales|Aurora Veil||[still]
|-fail|p1b: Ninetales
|move|p2a: Gholdengo|Nasty Plot|p2a: Gholdengo
|-boost|p2a: Gholdengo|spa|2
|move|p1a: Dragonite|Tailwind|p1a: Dragonite
|-sidestart|p1: MMcookiegamer|move: Tailwind
|
|-weather|RainDance|[upkeep]
|upkeep
|turn|2
|
|t:|1756314335
|switch|p1a: Rillaboom|Rillaboom, L50, M|100/100
|-fieldstart|move: Grassy Terrain|[from] ability: Grassy Surge|[of] p1a: Rillaboom
|move|p1b: Ninetales|Freeze-Dry|p2b: Politoed
|-supereffective|p2b: Politoed
|-damage|p2b: Politoed|48/100
|-enditem|p2b: Politoed|Sitrus Berry|[eat]
|-heal|p2b: Politoed|73/100|[from] item: Sitrus Berry
|move|p2a: Gholdengo|Make It Rain|p1a: Rillaboom|[spread] p1a,p1b
|-resisted|p1b: Ninetales
|-damage|p1a: Rillaboom|36/100
|-damage|p1b: Ninetales|52/100
|-unboost|p2a: Gholdengo|spa|1
|move|p2b: Politoed|Weather Ball|p1a: Rillaboom
|-resisted|p1a: Rillaboom
|-damage|p1a: Rillaboom|15/100
|
|-weather|RainDance|[upkeep]
|-heal|p1b: Ninetales|58/100|[from] Grassy Terrain
|-heal|p1a: Rillaboom|21/100|[from] Grassy Terrain
|-heal|p2b: Politoed|80/100|[from] Grassy Terrain
|upkeep
|turn|3
|
|t:|1756314363
|move|p2b: Politoed|Protect|p2b: Politoed
|-singleturn|p2b: Politoed|Protect
|move|p1a: Rillaboom|Grassy Glide|p2b: Politoed
|-activate|p2b: Politoed|move: Protect
|move|p1b: Ninetales|Freeze-Dry|p2b: Politoed
|-activate|p2b: Politoed|move: Protect
|move|p2a: Gholdengo|Make It Rain|p1b: Ninetales|[spread] p1a,p1b
|-resisted|p1b: Ninetales
|-damage|p1a: Rillaboom|0 fnt
|-damage|p1b: Ninetales|17/100
|-unboost|p2a: Gholdengo|spa|1
|faint|p1a: Rillaboom
|
|-weather|RainDance|[upkeep]
|-heal|p1b: Ninetales|23/100|[from] Grassy Terrain
|-heal|p2b: Politoed|86/100|[from] Grassy Terrain
|upkeep
|
|t:|1756314366
|switch|p1a: Ursaluna|Ursaluna-Bloodmoon, L50, M|100/100
|turn|4
|
|t:|1756314379
|move|p2a: Gholdengo|Protect|p2a: Gholdengo
|-singleturn|p2a: Gholdengo|Protect
|move|p1b: Ninetales|Freeze-Dry|p2b: Politoed
|-supereffective|p2b: Politoed
|-damage|p2b: Politoed|40/100
|-status|p2b: Politoed|frz
|move|p1a: Ursaluna|Earth Power|p2a: Gholdengo
|-activate|p2a: Gholdengo|move: Protect
|cant|p2b: Politoed|frz
|
|-weather|RainDance|[upkeep]
|-heal|p1b: Ninetales|29/100|[from] Grassy Terrain
|-heal|p2b: Politoed|46/100 frz|[from] Grassy Terrain
|-sideend|p1: MMcookiegamer|move: Tailwind
|upkeep
|turn|5
|
|t:|1756314397
|move|p1b: Ninetales|Freeze-Dry|p2b: Politoed
|-supereffective|p2b: Politoed
|-damage|p2b: Politoed|0 fnt
|faint|p2b: Politoed
|move|p2a: Gholdengo|Shadow Ball|p1b: Ninetales
|-damage|p1b: Ninetales|0 fnt
|faint|p1b: Ninetales
|move|p1a: Ursaluna|Earth Power|p2a: Gholdengo
|-supereffective|p2a: Gholdengo
|-damage|p2a: Gholdengo|0 fnt
|faint|p2a: Gholdengo
|-damage|p1a: Ursaluna|91/100|[from] item: Life Orb
|
|-weather|none
|-heal|p1a: Ursaluna|97/100|[from] Grassy Terrain
|upkeep
|
|t:|1756314406
|switch|p1b: Dragonite|Dragonite, L50, F|100/100
|switch|p2a: Talonflame|Talonflame, L50, F|100/100
|switch|p2b: Azumarill|Azumarill, L50, F, shiny|100/100
|turn|6
|
|t:|1756314430
|move|p1b: Dragonite|Extreme Speed|p2b: Azumarill
|-damage|p2b: Azumarill|67/100
|move|p2a: Talonflame|Tailwind|p2a: Talonflame
|-sidestart|p2: kenepa21|move: Tailwind
|move|p2b: Azumarill|Liquidation|p1a: Ursaluna
|-supereffective|p1a: Ursaluna
|-damage|p1a: Ursaluna|19/100
|move|p1a: Ursaluna|Blood Moon|p2b: Azumarill
|-damage|p2b: Azumarill|0 fnt
|faint|p2b: Azumarill
|-damage|p1a: Ursaluna|9/100|[from] item: Life Orb
|
|-heal|p1a: Ursaluna|15/100|[from] Grassy Terrain
|-fieldend|move: Grassy Terrain
|upkeep
|turn|7
|
|t:|1756314444
|move|p2a: Talonflame|Will-O-Wisp|p1b: Dragonite
|-status|p1b: Dragonite|brn
|move|p1b: Dragonite|Scale Shot|p2a: Talonflame
|-damage|p2a: Talonflame|91/100
|-damage|p2a: Talonflame|80/100
|-damage|p2a: Talonflame|69/100
|-damage|p2a: Talonflame|57/100
|-hitcount|p2a: Talonflame|4
|-unboost|p1b: Dragonite|def|1
|-boost|p1b: Dragonite|spe|1
|move|p1a: Ursaluna|Hyper Voice|p2a: Talonflame
|-damage|p2a: Talonflame|0 fnt
|faint|p2a: Talonflame
|-damage|p1a: Ursaluna|5/100|[from] item: Life Orb
|
|win|MMcookiegamer
||kenepa21 is ready for game 2.
|inactive|MMcookiegamer has 30 seconds to confirm battle start!
|inactive|MMcookiegamer has 20 seconds to confirm battle start!
||MMcookiegamer is ready for game 2.
|uhtml|next|Next: Game 2 of 3
