|j|☆RelentlessRogue
|j|☆kojay
|html|RelentlessRoguekojay    
|uhtml|bestof|Game 1 of a best-of-3
|t:|1756522053
|gametype|doubles
|player|p1|RelentlessRogue|ethan|
|player|p2|kojay|kamado-armor|
|gen|9
|tier|[Gen 9] VGC 2025 Reg H (Bo3)
|rule|Species Clause: Limit one of each Pokémon
|rule|Item Clause: Limit 1 of each item
|clearpoke
|poke|p1|Archaludon, L50, F|
|poke|p1|Pelipper, L50, F|
|poke|p1|Basculegion, L50, M|
|poke|p1|Rillaboom, L50, M|
|poke|p1|Electabuzz, L50, M|
|poke|p1|Kingambit, L50, F|
|poke|p2|Garchomp, L50, M|
|poke|p2|Sneasler, L50, M|
|poke|p2|Incineroar, L50, M|
|poke|p2|Dragonite, L50, F|
|poke|p2|Gholdengo, L50|
|poke|p2|Tyranitar, L50, M|
|teampreview|4
|showteam|p1|Archaludon||AssaultVest|Stamina|FlashCannon,DracoMeteor,ElectroShot,BodyPress|||F|||50|,,,,,Fairy]Pelipper||FocusSash|Drizzle|MuddyWater,Hurricane,Tailwind,Protect|||F|||50|,,,,,Ghost]Basculegion||ChoiceBand|SwiftSwim|WaveCrash,LastRespects,FlipTurn,AquaJet|||M|||50|,,,,,Water]Rillaboom||LoadedDice|GrassySurge|BulletSeed,GrassyGlide,FakeOut,HighHorsepower|||M|||50|,,,,,Fire]Electabuzz||Eviolite|VitalSpirit|Electroweb,Taunt,FollowMe,Protect|||M|||50|,,,,,Ghost]Kingambit||BlackGlasses|Defiant|KowtowCleave,SuckerPunch,SwordsDance,Protect|||F|||50|,,,,,Dark
|showteam|p2|Garchomp||LifeOrb|RoughSkin|Earthquake,DragonClaw,StompingTantrum,Protect|||M|||50|,,,,,Ground]Sneasler||WhiteHerb|Unburden|Coaching,Protect,DireClaw,CloseCombat|||M|||50|,,,,,Ghost]Incineroar||SafetyGoggles|Intimidate|FakeOut,FlareBlitz,KnockOff,PartingShot|||M|||50|,,,,,Ghost]Dragonite||LoadedDice|InnerFocus|TeraBlast,ScaleShot,Tailwind,Protect|||F|||50|,,,,,Flying]Gholdengo||ChoiceScarf|GoodasGold|MakeItRain,ShadowBall,Trick,Thunderbolt||||||50|,,,,,Steel]Tyranitar||AssaultVest|SandStream|RockSlide,TeraBlast,Assurance,LowKick|||M|||50|,,,,,Grass
|inactive|Battle timer is ON: inactive players will automatically lose when time's up. (requested by RelentlessRogue)
|c|☆kojay|o/
|inactive|RelentlessRogue has 60 seconds left.
|inactive|kojay has 60 seconds left.
|
|t:|1756522105
|teamsize|p1|4
|teamsize|p2|4
|start
|switch|p1a: Rillaboom|Rillaboom, L50, M|100/100
|switch|p1b: Basculegion|Basculegion, L50, M|100/100
|switch|p2a: Gholdengo|Gholdengo, L50|100/100
|switch|p2b: Dragonite|Dragonite, L50, F, shiny|100/100
|-fieldstart|move: Grassy Terrain|[from] ability: Grassy Surge|[of] p1a: Rillaboom
|turn|1
|inactive|RelentlessRogue has 30 seconds left.
|inactive|kojay has 30 seconds left.
|inactive|kojay has 20 seconds left.
|
|t:|1756522140
|switch|p2b: Tyranitar|Tyranitar, L50, M, shiny|100/100
|-weather|Sandstorm|[from] ability: Sand Stream|[of] p2b: Tyranitar
|switch|p1a: Pelipper|Pelipper, L50, F|100/100
|-weather|RainDance|[from] ability: Drizzle|[of] p1a: Pelipper
|move|p1b: Basculegion|Wave Crash|p2a: Gholdengo
|-damage|p2a: Gholdengo|0 fnt
|faint|p2a: Gholdengo
|-damage|p1b: Basculegion|73/100|[from] Recoil
|
|-weather|RainDance|[upkeep]
|-heal|p1b: Basculegion|79/100|[from] Grassy Terrain
|upkeep
|
|t:|1756522161
|switch|p2a: Dragonite|Dragonite, L50, F, shiny|100/100
|turn|2
|
|t:|1756522186
|switch|p1b: Rillaboom|Rillaboom, L50, M|100/100
|switch|p1a: Archaludon|Archaludon, L50, F|100/100
|-terastallize|p2b: Tyranitar|Grass
|move|p2a: Dragonite|Scale Shot|p1b: Rillaboom
|-damage|p1b: Rillaboom|87/100
|-damage|p1b: Rillaboom|73/100
|-damage|p1b: Rillaboom|58/100
|-damage|p1b: Rillaboom|45/100
|-damage|p1b: Rillaboom|31/100
|-hitcount|p1b: Rillaboom|5
|-unboost|p2a: Dragonite|def|1
|-boost|p2a: Dragonite|spe|1
|move|p2b: Tyranitar|Rock Slide|p1b: Rillaboom|[spread] p1a,p1b
|-resisted|p1a: Archaludon
|-damage|p1a: Archaludon|91/100
|-damage|p1b: Rillaboom|3/100
|-ability|p1a: Archaludon|Stamina|boost
|-boost|p1a: Archaludon|def|1
|
|-weather|RainDance|[upkeep]
|-heal|p1b: Rillaboom|9/100|[from] Grassy Terrain
|-heal|p1a: Archaludon|97/100|[from] Grassy Terrain
|upkeep
|turn|3
|inactive|RelentlessRogue has 30 seconds left.
|inactive|kojay has 30 seconds left.
|inactive|RelentlessRogue has 20 seconds left.
|inactive|RelentlessRogue has 15 seconds left.
|inactive|kojay has 20 seconds left.
|inactive|RelentlessRogue has 10 seconds left.
|inactive|RelentlessRogue has 5 seconds left.
|
|t:|1756522238
|move|p1b: Rillaboom|Grassy Glide|p2a: Dragonite
|-resisted|p2a: Dragonite
|-damage|p2a: Dragonite|85/100
|move|p2a: Dragonite|Scale Shot|p1b: Rillaboom
|-damage|p1b: Rillaboom|0 fnt
|faint|p1b: Rillaboom
|-hitcount|p1: Rillaboom|1
|-unboost|p2a: Dragonite|def|1
|-boost|p2a: Dragonite|spe|1
|move|p1a: Archaludon|Draco Meteor|p2a: Dragonite
|-supereffective|p2a: Dragonite
|-damage|p2a: Dragonite|0 fnt
|-unboost|p1a: Archaludon|spa|2
|faint|p2a: Dragonite
|move|p2b: Tyranitar|Low Kick|p1a: Archaludon
|-supereffective|p1a: Archaludon
|-damage|p1a: Archaludon|73/100
|-ability|p1a: Archaludon|Stamina|boost
|-boost|p1a: Archaludon|def|1
|
|-weather|RainDance|[upkeep]
|-heal|p1a: Archaludon|79/100|[from] Grassy Terrain
|upkeep
|j| azubbang
|c| azubbang|ope
|
|t:|1756522262
|switch|p2a: Sneasler|Sneasler, L50, M|100/100
|switch|p1b: Pelipper|Pelipper, L50, F|100/100
|turn|4
|inactive|RelentlessRogue has 30 seconds left.
|inactive|RelentlessRogue has 20 seconds left.
|
|t:|1756522298
|-terastallize|p1a: Archaludon|Fairy
|move|p2a: Sneasler|Dire Claw|p1a: Archaludon
|-supereffective|p1a: Archaludon
|-damage|p1a: Archaludon|47/100
|-status|p1a: Archaludon|slp
|-ability|p1a: Archaludon|Stamina|boost
|-boost|p1a: Archaludon|def|1
|move|p1b: Pelipper|Hurricane|p2a: Sneasler
|-supereffective|p2a: Sneasler
|-damage|p2a: Sneasler|0 fnt
|faint|p2a: Sneasler
|cant|p1a: Archaludon|slp
|move|p2b: Tyranitar|Rock Slide|p1a: Archaludon|[spread] p1a
|-miss|p2b: Tyranitar|p1b: Pelipper
|-damage|p1a: Archaludon|39/100 slp
|-ability|p1a: Archaludon|Stamina|boost
|-boost|p1a: Archaludon|def|1
|
|-weather|RainDance|[upkeep]
|-heal|p1a: Archaludon|45/100 slp|[from] Grassy Terrain
|upkeep
|turn|5
|
|t:|1756522316
|move|p1b: Pelipper|Hurricane|p2b: Tyranitar
|-supereffective|p2b: Tyranitar
|-damage|p2b: Tyranitar|40/100
|-curestatus|p1a: Archaludon|slp|[msg]
|move|p1a: Archaludon|Body Press|p2b: Tyranitar
|-damage|p2b: Tyranitar|0 fnt
|faint|p2b: Tyranitar
|
|win|RelentlessRogue
||kojay is ready for game 2.
||RelentlessRogue is ready for game 2.
|uhtml|next|Next: Game 2 of 3
