|j|☆sturmkitten69
|j|☆arman136821
|html|sturmkitten69arman136821    
|uhtml|bestof|Game 1 of a best-of-3
|t:|1782273880
|gametype|doubles
|player|p1|sturmkitten69|fisherman-gen4|1118
|player|p2|arman136821|steven|1101
|gen|9
|tier|[Gen 9 Champions] VGC 2026 Reg M-B (Bo3)
|rated|
|rule|Species Clause: Limit one of each Pokémon
|rule|Item Clause: Limit 1 of each item
|clearpoke
|poke|p1|Charizard, L50, F|
|poke|p1|Weavile, L50, M|
|poke|p1|Whimsicott, L50, M|
|poke|p1|Rotom-Wash, L50|
|poke|p1|Venusaur, L50, F|
|poke|p1|Kingambit, L50, F|
|poke|p2|Swampert, L50, M|
|poke|p2|Pelipper, L50, M|
|poke|p2|Sableye, L50, F|
|poke|p2|Archaludon, L50, M|
|poke|p2|Sinistcha, L50|
|poke|p2|Froslass, L50, F|
|teampreview|4
|showteam|p1|Charizard||CharizarditeY|Blaze|HeatWave,SolarBeam,WeatherBall,Protect|Modest||F|||50|]Weavile||FocusSash|Pressure|FakeOut,IcicleCrash,Protect,KnockOff|Adamant||M|||50|]Whimsicott||FairyFeather|Prankster|Moonblast,Tailwind,Encore,Protect|Timid||M|||50|]Rotom-Wash||ChoiceScarf|Levitate|Thunderbolt,HydroPump,WillOWisp,VoltSwitch|Timid|||||50|]Venusaur||LifeOrb|Chlorophyll|SludgeBomb,Protect,SleepPowder,GigaDrain|Modest||F|||50|]Kingambit||BlackGlasses|Defiant|KowtowCleave,SuckerPunch,Protect,IronHead|Adamant||F|||50|
|showteam|p2|Swampert||Swampertite|Torrent|Liquidation,Earthquake,IcePunch,RockSlide|Adamant||M|||50|]Pelipper||SitrusBerry|Drizzle|Tailwind,Hurricane,WeatherBall,WideGuard|Modest||M|||50|]Sableye||LightClay|Prankster|RainDance,Reflect,LightScreen,FoulPlay|Careful||F|||50|]Archaludon||Leftovers|Stamina|ElectroShot,AuraSphere,DracoMeteor,FlashCannon|Modest||M|||50|]Sinistcha||KasibBerry|Hospitality|MatchaGotcha,Scald,ShadowBall,Protect|Modest|||||50|]Froslass||Froslassite|SnowCloak|Blizzard,Psychic,ShadowBall,AuroraVeil|Modest||F|||50|
|inactive|Battle timer is ON: inactive players will automatically lose when time's up. (requested by arman136821)
|inactive|sturmkitten69 has 60 seconds left.
|
|t:|1782273922
|teamsize|p1|4
|teamsize|p2|4
|start
|switch|p1a: Charizard|Charizard, L50, F|100/100
|switch|p1b: Whimsicott|Whimsicott, L50, M|100/100
|switch|p2a: Swampert|Swampert, L50, M|100/100
|switch|p2b: Sableye|Sableye, L50, F|100/100
|turn|1
|
|t:|1782273947
|detailschange|p2a: Swampert|Swampert-Mega, L50, M
|-mega|p2a: Swampert|Swampert|Swampertite
|move|p1a: Charizard|Protect|p1a: Charizard
|-singleturn|p1a: Charizard|Protect
|move|p1b: Whimsicott|Tailwind|p1b: Whimsicott
|-sidestart|p1: sturmkitten69|move: Tailwind
|move|p2b: Sableye|Reflect|p2b: Sableye
|-sidestart|p2: arman136821|Reflect
|move|p2a: Swampert|Rock Slide|p1b: Whimsicott|[spread] p1b
|-activate|p1a: Charizard|move: Protect
|-damage|p1b: Whimsicott|65/100
|
|upkeep
|turn|2
|
|t:|1782273969
|switch|p1a: Venusaur|Venusaur, L50, F|100/100
|move|p2b: Sableye|Light Screen|p2b: Sableye
|-sidestart|p2: arman136821|move: Light Screen
|move|p1b: Whimsicott|Moonblast|p2b: Sableye
|-supereffective|p2b: Sableye|1
|-damage|p2b: Sableye|24/100
|move|p2a: Swampert|Rock Slide|p1a: Venusaur|[spread] p1a,p1b
|-damage|p1a: Venusaur|75/100
|-damage|p1b: Whimsicott|32/100
|
|upkeep
|turn|3
|
|t:|1782273986
|switch|p2b: Archaludon|Archaludon, L50, M|100/100
|move|p1b: Whimsicott|Moonblast|p2b: Archaludon
|-damage|p2b: Archaludon|63/100
|-unboost|p2b: Archaludon|spa|1
|-ability|p2b: Archaludon|Stamina|boost
|-boost|p2b: Archaludon|def|1
|move|p1a: Venusaur|Giga Drain|p2a: Swampert
|-supereffective|p2a: Swampert|2
|-damage|p2a: Swampert|0 fnt
|-heal|p1a: Venusaur|100/100|[from] drain|[of] p2a: Swampert
|faint|p2a: Swampert
|-damage|p1a: Venusaur|90/100|[from] item: Life Orb
|
|-heal|p2b: Archaludon|69/100|[from] item: Leftovers
|upkeep
|
|t:|1782274008
|switch|p2a: Sinistcha|Sinistcha, L50|100/100
|-heal|p2b: Archaludon|94/100|[from] ability: Hospitality|[of] p2a: Sinistcha
|turn|4
|
|t:|1782274022
|switch|p1b: Kingambit|Kingambit, L50, F|100/100
|move|p1a: Venusaur|Sludge Bomb|p2a: Sinistcha
|-damage|p2a: Sinistcha|57/100
|-damage|p1a: Venusaur|80/100|[from] item: Life Orb
|move|p2b: Archaludon|Flash Cannon|p1b: Kingambit
|-resisted|p1b: Kingambit|1
|-damage|p1b: Kingambit|86/100
|move|p2a: Sinistcha|Shadow Ball|p1a: Venusaur
|-damage|p1a: Venusaur|38/100
|
|-heal|p2b: Archaludon|100/100|[from] item: Leftovers
|-sideend|p1: sturmkitten69|move: Tailwind
|upkeep
|turn|5
|
|t:|1782274044
|switch|p2a: Sableye|Sableye, L50, F|24/100
|move|p1a: Venusaur|Sleep Powder|p2b: Archaludon
|-status|p2b: Archaludon|slp|[from] move: Sleep Powder
|cant|p2b: Archaludon|slp
|move|p1b: Kingambit|Kowtow Cleave|p2a: Sableye
|-damage|p2a: Sableye|0 fnt
|faint|p2a: Sableye
|
|upkeep
|
|t:|1782274057
|switch|p2a: Sinistcha|Sinistcha, L50|57/100
|turn|6
|
|t:|1782274070
|switch|p1a: Charizard|Charizard, L50, F|100/100
|cant|p2b: Archaludon|slp
|move|p2a: Sinistcha|Matcha Gotcha|p1b: Kingambit|[spread] p1a,p1b
|-resisted|p1a: Charizard|2
|-resisted|p1b: Kingambit|1
|-damage|p1a: Charizard|90/100
|-heal|p2a: Sinistcha|62/100|[from] drain|[of] p1a: Charizard
|-damage|p1b: Kingambit|72/100
|-heal|p2a: Sinistcha|70/100|[from] drain|[of] p1b: Kingambit
|move|p1b: Kingambit|Kowtow Cleave|p2a: Sinistcha
|-supereffective|p2a: Sinistcha|1
|-damage|p2a: Sinistcha|0 fnt
|faint|p2a: Sinistcha
|
|upkeep
|turn|7
|inactive|sturmkitten69 has 30 seconds left.
|
|t:|1782274096
|switch|p1b: Venusaur|Venusaur, L50, F|38/100
|detailschange|p1a: Charizard|Charizard-Mega-Y, L50, F
|-mega|p1a: Charizard|Charizard|Charizardite Y
|-weather|SunnyDay|[from] ability: Drought|[of] p1a: Charizard
|move|p1a: Charizard|Weather Ball|p2b: Archaludon
|-damage|p2b: Archaludon|28/100 slp
|-ability|p2b: Archaludon|Stamina|boost
|-boost|p2b: Archaludon|def|1
|-curestatus|p2b: Archaludon|slp|[msg]
|move|p2b: Archaludon|Electro Shot||[still]
|-prepare|p2b: Archaludon|Electro Shot
|-boost|p2b: Archaludon|spa|1
|
|-weather|SunnyDay|[upkeep]
|-heal|p2b: Archaludon|34/100|[from] item: Leftovers
|upkeep
|turn|8
|
|t:|1782274114
|move|p1b: Venusaur|Sleep Powder|p2b: Archaludon
|-status|p2b: Archaludon|slp|[from] move: Sleep Powder
|move|p1a: Charizard|Weather Ball|p2b: Archaludon
|-damage|p2b: Archaludon|0 fnt
|faint|p2b: Archaludon
|
|win|sturmkitten69
||arman136821 is ready for game 2.
