|j|☆Balester
|j|☆Zacharykeith
|html|BalesterZacharykeith    
|uhtml|bestof|Game 1 of a best-of-3
|t:|1756324333
|gametype|doubles
|player|p1|Balester|102|1071
|player|p2|Zacharykeith|fisherman-gen4|1055
|gen|9
|tier|[Gen 9] VGC 2025 Reg H (Bo3)
|rated|
|rule|Species Clause: Limit one of each Pokémon
|rule|Item Clause: Limit 1 of each item
|clearpoke
|poke|p1|Frosmoth, L50, M|
|poke|p1|Ninetales-Alola, L50, F|
|poke|p1|Garchomp, L50, F|
|poke|p1|Incineroar, L50, F|
|poke|p1|Rillaboom, L50, M|
|poke|p1|Mandibuzz, L50, F|
|poke|p2|Rillaboom, L50, M|
|poke|p2|Chandelure, L50, F|
|poke|p2|Electabuzz, L50, M|
|poke|p2|Kingambit, L50, M|
|poke|p2|Primarina, L50, M|
|poke|p2|Dragapult, L50, F|
|teampreview|4
|showteam|p1|Frosmoth||Leftovers|IceScales|QuiverDance,Blizzard,TeraBlast,WideGuard|||M|||50|,,,,,Water]Ninetales-Alola||LifeOrb|SnowWarning|FreezeDry,IcyWind,Moonblast,AuroraVeil|||F|||50|,,,,,Ghost]Garchomp||ClearAmulet|RoughSkin|StompingTantrum,BreakingSwipe,RockSlide,Protect|||F|||50|,,,,,Fire]Incineroar||SitrusBerry|Intimidate|FakeOut,FlareBlitz,KnockOff,PartingShot|||F|||50|,,,,,Ghost]Rillaboom||AssaultVest|GrassySurge|FakeOut,WoodHammer,GrassyGlide,HighHorsepower|||M|||50|,,,,,Fire]Mandibuzz||RockyHelmet|Overcoat|Tailwind,Snarl,FoulPlay,Taunt|||F|||50|,,,,,Dark
|showteam|p2|Rillaboom||AssaultVest|GrassySurge|FakeOut,GrassyGlide,WoodHammer,HighHorsepower|||M|||50|,,,,,Fire]Chandelure||FocusSash|FlashFire|HeatWave,ShadowBall,TrickRoom,Protect|||F|||50|,,,,,Grass]Electabuzz||Eviolite|VitalSpirit|VoltSwitch,Electroweb,FollowMe,Taunt|||M|||50|,,,,,Ghost]Kingambit||BlackGlasses|Defiant|SuckerPunch,KowtowCleave,SwordsDance,Protect|||M|||50|,,,,,Dark]Primarina||ThroatSpray|LiquidVoice|HyperVoice,Moonblast,Haze,Protect|||M|||50|,,,,,Steel]Dragapult||ChoiceBand|ClearBody|DragonDarts,PhantomForce,Uturn,Outrage|||F|||50|,,,,,Dragon
|inactive|Battle timer is ON: inactive players will automatically lose when time's up. (requested by Zacharykeith)
|
|t:|1756324378
|teamsize|p1|4
|teamsize|p2|4
|start
|switch|p1a: Incineroar|Incineroar, L50, F|100/100
|switch|p1b: Garchomp|Garchomp, L50, F|100/100
|switch|p2a: Chandelure|Chandelure, L50, F|100/100
|switch|p2b: Rillaboom|Rillaboom, L50, M|100/100
|-fieldstart|move: Grassy Terrain|[from] ability: Grassy Surge|[of] p2b: Rillaboom
|-ability|p1a: Incineroar|Intimidate|boost
|-unboost|p2a: Chandelure|atk|1
|-unboost|p2b: Rillaboom|atk|1
|turn|1
|
|t:|1756324398
|-terastallize|p2a: Chandelure|Grass
|move|p1b: Garchomp|Protect|p1b: Garchomp
|-singleturn|p1b: Garchomp|Protect
|move|p2b: Rillaboom|Fake Out|p1a: Incineroar
|-damage|p1a: Incineroar|92/100
|move|p2a: Chandelure|Heat Wave|p1a: Incineroar|[spread] 
|-activate|p1b: Garchomp|move: Protect
|-miss|p2a: Chandelure|p1a: Incineroar
|cant|p1a: Incineroar|flinch
|
|-heal|p1a: Incineroar|98/100|[from] Grassy Terrain
|upkeep
|turn|2
|
|t:|1756324423
|-terastallize|p1b: Garchomp|Fire
|move|p1b: Garchomp|Stomping Tantrum|p2a: Chandelure
|-resisted|p2a: Chandelure
|-damage|p2a: Chandelure|81/100
|move|p2a: Chandelure|Heat Wave|p1a: Incineroar|[spread] p1b
|-miss|p2a: Chandelure|p1a: Incineroar
|-resisted|p1b: Garchomp
|-damage|p1b: Garchomp|81/100
|move|p2b: Rillaboom|High Horsepower|p1a: Incineroar
|-supereffective|p1a: Incineroar
|-damage|p1a: Incineroar|52/100
|move|p1a: Incineroar|Flare Blitz|p2b: Rillaboom
|-supereffective|p2b: Rillaboom
|-damage|p2b: Rillaboom|16/100
|-status|p2b: Rillaboom|brn
|-damage|p1a: Incineroar|24/100|[from] Recoil
|-enditem|p1a: Incineroar|Sitrus Berry|[eat]
|-heal|p1a: Incineroar|49/100|[from] item: Sitrus Berry
|
|-heal|p1b: Garchomp|87/100|[from] Grassy Terrain
|-heal|p2a: Chandelure|87/100|[from] Grassy Terrain
|-heal|p2b: Rillaboom|22/100 brn|[from] Grassy Terrain
|-heal|p1a: Incineroar|54/100|[from] Grassy Terrain
|-damage|p2b: Rillaboom|16/100 brn|[from] brn
|upkeep
|turn|3
|
|t:|1756324443
|move|p1b: Garchomp|Rock Slide|p2a: Chandelure|[spread] p2a,p2b
|-damage|p2a: Chandelure|67/100
|-damage|p2b: Rillaboom|0 fnt
|faint|p2b: Rillaboom
|move|p2a: Chandelure|Heat Wave|p1b: Garchomp|[spread] p1a,p1b
|-resisted|p1a: Incineroar
|-resisted|p1b: Garchomp
|-damage|p1a: Incineroar|43/100
|-damage|p1b: Garchomp|66/100
|move|p1a: Incineroar|Flare Blitz|p2a: Chandelure
|-start|p2a: Chandelure|ability: Flash Fire
|
|-heal|p1b: Garchomp|72/100|[from] Grassy Terrain
|-heal|p2a: Chandelure|73/100|[from] Grassy Terrain
|-heal|p1a: Incineroar|49/100|[from] Grassy Terrain
|upkeep
|
|t:|1756324454
|switch|p2b: Primarina|Primarina, L50, M|100/100
|turn|4
|
|t:|1756324463
|move|p1b: Garchomp|Rock Slide|p2b: Primarina|[spread] p2a,p2b
|-damage|p2a: Chandelure|51/100
|-damage|p2b: Primarina|83/100
|move|p2b: Primarina|Hyper Voice|p1b: Garchomp|[spread] p1a,p1b
|-supereffective|p1a: Incineroar
|-supereffective|p1b: Garchomp
|-crit|p1b: Garchomp
|-damage|p1a: Incineroar|7/100
|-damage|p1b: Garchomp|0 fnt
|faint|p1b: Garchomp
|-enditem|p2b: Primarina|Throat Spray
|-boost|p2b: Primarina|spa|1|[from] item: Throat Spray
|move|p1a: Incineroar|Parting Shot|p2b: Primarina
|-unboost|p2b: Primarina|atk|1
|-unboost|p2b: Primarina|spa|1
|
|t:|1756324472
|switch|p1a: Ninetales|Ninetales-Alola, L50, F|100/100|[from] Parting Shot
|-weather|Snowscape|[from] ability: Snow Warning|[of] p1a: Ninetales
|cant|p2a: Chandelure|flinch
|
|-weather|Snowscape|[upkeep]
|-heal|p2a: Chandelure|57/100|[from] Grassy Terrain
|-heal|p2b: Primarina|89/100|[from] Grassy Terrain
|upkeep
|
|t:|1756324474
|switch|p1b: Rillaboom|Rillaboom, L50, M|100/100
|turn|5
|
|t:|1756324495
|move|p1b: Rillaboom|Fake Out|p2a: Chandelure
|-damage|p2a: Chandelure|40/100
|move|p1a: Ninetales|Freeze-Dry|p2b: Primarina
|-supereffective|p2b: Primarina
|-damage|p2b: Primarina|32/100
|-damage|p1a: Ninetales|91/100|[from] item: Life Orb
|cant|p2a: Chandelure|flinch
|move|p2b: Primarina|Hyper Voice|p1a: Ninetales|[spread] p1a,p1b
|-resisted|p1b: Rillaboom
|-damage|p1a: Ninetales|55/100
|-damage|p1b: Rillaboom|87/100
|
|-weather|Snowscape|[upkeep]
|-heal|p1a: Ninetales|61/100|[from] Grassy Terrain
|-heal|p2a: Chandelure|47/100|[from] Grassy Terrain
|-heal|p1b: Rillaboom|93/100|[from] Grassy Terrain
|-heal|p2b: Primarina|38/100|[from] Grassy Terrain
|-fieldend|move: Grassy Terrain
|upkeep
|turn|6
|inactive|Zacharykeith has 30 seconds left.
|inactive|Balester has 30 seconds left.
|
|t:|1756324532
|move|p2a: Chandelure|Protect|p2a: Chandelure
|-singleturn|p2a: Chandelure|Protect
|move|p1a: Ninetales|Freeze-Dry|p2a: Chandelure
|-activate|p2a: Chandelure|move: Protect
|move|p1b: Rillaboom|Grassy Glide|p2b: Primarina
|-supereffective|p2b: Primarina
|-damage|p2b: Primarina|0 fnt
|faint|p2b: Primarina
|
|-weather|Snowscape|[upkeep]
|upkeep
|
|t:|1756324539
|switch|p2b: Dragapult|Dragapult, L50, F|100/100
|turn|7
|
|t:|1756324551
|switch|p1b: Incineroar|Incineroar, L50, F|7/100
|-ability|p1b: Incineroar|Intimidate|boost
|-unboost|p2a: Chandelure|atk|1
|-fail|p2b: Dragapult|unboost|[from] ability: Clear Body|[of] p2b: Dragapult
|move|p2b: Dragapult|Phantom Force||[still]
|-prepare|p2b: Dragapult|Phantom Force
|move|p1a: Ninetales|Icy Wind|p2a: Chandelure|[spread] p2a
|-miss|p1a: Ninetales|p2b: Dragapult
|-supereffective|p2a: Chandelure
|-damage|p2a: Chandelure|4/100
|-unboost|p2a: Chandelure|spe|1
|-damage|p1a: Ninetales|52/100|[from] item: Life Orb
|move|p2a: Chandelure|Heat Wave|p1a: Ninetales|[spread] p1a,p1b
|-supereffective|p1a: Ninetales
|-resisted|p1b: Incineroar
|-damage|p1a: Ninetales|0 fnt
|-damage|p1b: Incineroar|0 fnt
|faint|p1a: Ninetales
|faint|p1b: Incineroar
|
|-weather|Snowscape|[upkeep]
|upkeep
|
|t:|1756324564
|switch|p1b: Rillaboom|Rillaboom, L50, M|93/100
|-fieldstart|move: Grassy Terrain|[from] ability: Grassy Surge|[of] p1b: Rillaboom
|turn|8
|
|t:|1756324572
|move|p1b: Rillaboom|Fake Out|p2a: Chandelure
|-damage|p2a: Chandelure|0 fnt
|faint|p2a: Chandelure
|move|p2b: Dragapult|Phantom Force|p1b: Rillaboom|[from] lockedmove
|-damage|p1b: Rillaboom|34/100
|
|-weather|none
|-heal|p1b: Rillaboom|40/100|[from] Grassy Terrain
|upkeep
|turn|9
|
|t:|1756324584
|move|p1b: Rillaboom|Grassy Glide|p2b: Dragapult
|-resisted|p2b: Dragapult
|-damage|p2b: Dragapult|71/100
|move|p2b: Dragapult|Phantom Force||[still]
|-prepare|p2b: Dragapult|Phantom Force
|
|-heal|p1b: Rillaboom|45/100|[from] Grassy Terrain
|upkeep
|turn|10
|
|t:|1756324592
|move|p2b: Dragapult|Phantom Force|p1b: Rillaboom|[from] lockedmove
|-damage|p1b: Rillaboom|0 fnt
|faint|p1b: Rillaboom
|
|win|Zacharykeith
