|j|☆hungry hillo
|j|☆MrGreen3432
|html|hungry hilloMrGreen3432    
|uhtml|bestof|Game 2 of a best-of-3
|t:|1757798036
|gametype|doubles
|player|p1|hungry hillo|n|1115
|player|p2|MrGreen3432|101|1231
|gen|9
|tier|[Gen 9] VGC 2025 Reg H (Bo3)
|rated|
|rule|Species Clause: Limit one of each Pokémon
|rule|Item Clause: Limit 1 of each item
|clearpoke
|poke|p1|Rillaboom, L50, F|
|poke|p1|Dondozo, L50, F|
|poke|p1|Incineroar, L50, F|
|poke|p1|Glimmora, L50, M|
|poke|p1|Maushold-Four, L50|
|poke|p1|Annihilape, L50, F|
|poke|p2|Garchomp, L50, M|
|poke|p2|Misdreavus, L50, M|
|poke|p2|Gothitelle, L50, M|
|poke|p2|Amoonguss, L50, M|
|poke|p2|Incineroar, L50, M|
|poke|p2|Meowscarada, L50, F|
|teampreview|4
|showteam|p1|Rillaboom||AssaultVest|GrassySurge|FakeOut,WoodHammer,GrassyGlide,Uturn|||F|||50|,,,,,Water]Dondozo||Leftovers|Unaware|Protect,WaveCrash,Yawn,Fissure|||F|||50|,,,,,Grass]Incineroar||SitrusBerry|Intimidate|FakeOut,KnockOff,FlareBlitz,PartingShot|||F|||50|,,,,,Ghost]Glimmora||FocusSash|Corrosion|PowerGem,MortalSpin,SpikyShield,EnergyBall|||M|||50|,,,,,Grass]Maushold-Four||CovertCloak|FriendGuard|BeatUp,SuperFang,FollowMe,Taunt||||||50|,,,,,Fairy]Annihilape||SafetyGoggles|Defiant|RageFist,DrainPunch,BulkUp,Protect|||F|||50|,,,,,Fire
|showteam|p2|Garchomp||LifeOrb|RoughSkin|Protect,Earthquake,StompingTantrum,DragonClaw|||M|||50|,,,,,Stellar]Misdreavus||Eviolite|Levitate|Protect,PerishSong,WillOWisp,ShadowBall|||M|||50|,,,,,Steel]Gothitelle||SitrusBerry|ShadowTag|Protect,FakeOut,TrickRoom,Psychic|||M|||50|,,,,,Dark]Amoonguss||EjectButton|Regenerator|Protect,RagePowder,Spore,PollenPuff|||M|||50|,,,,,Fairy]Incineroar||SafetyGoggles|Intimidate|Protect,FakeOut,PartingShot,KnockOff|||M|||50|,,,,,Ghost]Meowscarada||FocusSash|Protean|Protect,TripleAxel,FlowerTrick,PlayRough|||F|||50|,,,,,Ghost
|inactive|Battle timer is ON: inactive players will automatically lose when time's up. (requested by MrGreen3432)
|inactive|MrGreen3432 has 60 seconds left.
|inactive|MrGreen3432 has 30 seconds left.
|inactive|MrGreen3432 has 20 seconds left.
|
|t:|1757798119
|teamsize|p1|4
|teamsize|p2|4
|start
|switch|p1a: Maushold|Maushold-Four, L50|100/100
|switch|p1b: Annihilape|Annihilape, L50, F|100/100
|switch|p2a: Meowscarada|Meowscarada, L50, F|100/100
|switch|p2b: Gothitelle|Gothitelle, L50, M|100/100
|turn|1
|inactive|MrGreen3432 has 30 seconds left.
|j| T-Soro
|inactive|MrGreen3432 has 20 seconds left.
|l| T-Soro
|
|t:|1757798159
|-terastallize|p1b: Annihilape|Fire
|move|p2b: Gothitelle|Fake Out|p1a: Maushold
|-damage|p1a: Maushold|94/100
|move|p2a: Meowscarada|Flower Trick|p1a: Maushold
|-start|p2a: Meowscarada|typechange|Grass|[from] ability: Protean
|-crit|p1a: Maushold
|-damage|p1a: Maushold|32/100
|move|p1b: Annihilape|Rage Fist|p2b: Gothitelle
|-supereffective|p2b: Gothitelle
|-damage|p2b: Gothitelle|63/100
|move|p1a: Maushold|Beat Up|p1b: Annihilape
|-damage|p1b: Annihilape|99/100
|-damage|p1b: Annihilape|97/100
|-damage|p1b: Annihilape|94/100
|-damage|p1b: Annihilape|92/100
|-hitcount|p1b: Annihilape|4
|
|upkeep
|turn|2
|
|t:|1757798180
|switch|p2b: Amoonguss|Amoonguss, L50, M|100/100
|move|p1a: Maushold|Follow Me|p1a: Maushold
|-singleturn|p1a: Maushold|move: Follow Me
|move|p2a: Meowscarada|Flower Trick|p1a: Maushold
|-crit|p1a: Maushold
|-damage|p1a: Maushold|0 fnt
|faint|p1a: Maushold
|move|p1b: Annihilape|Bulk Up|p1b: Annihilape
|-boost|p1b: Annihilape|atk|1
|-boost|p1b: Annihilape|def|1
|
|upkeep
|
|t:|1757798183
|switch|p1a: Rillaboom|Rillaboom, L50, F|100/100
|-fieldstart|move: Grassy Terrain|[from] ability: Grassy Surge|[of] p1a: Rillaboom
|turn|3
|
|t:|1757798201
|switch|p2a: Misdreavus|Misdreavus, L50, M|100/100
|move|p1a: Rillaboom|Fake Out|p2b: Amoonguss
|-damage|p2b: Amoonguss|90/100
|-enditem|p2b: Amoonguss|Eject Button
|
|t:|1757798206
|switch|p2b: Gothitelle|Gothitelle, L50, M|63/100
|move|p1b: Annihilape|Rage Fist|p2a: Misdreavus
|-supereffective|p2a: Misdreavus
|-damage|p2a: Misdreavus|0 fnt
|faint|p2a: Misdreavus
|
|-heal|p1b: Annihilape|99/100|[from] Grassy Terrain
|-heal|p2b: Gothitelle|69/100|[from] Grassy Terrain
|upkeep
|
|t:|1757798214
|switch|p2a: Meowscarada|Meowscarada, L50, F|100/100
|turn|4
|
|t:|1757798233
|move|p1b: Annihilape|Protect|p1b: Annihilape
|-singleturn|p1b: Annihilape|Protect
|move|p2b: Gothitelle|Fake Out|p1b: Annihilape
|-activate|p1b: Annihilape|move: Protect
|move|p2a: Meowscarada|Triple Axel|p1a: Rillaboom
|-start|p2a: Meowscarada|typechange|Ice|[from] ability: Protean
|-supereffective|p1a: Rillaboom
|-damage|p1a: Rillaboom|80/100
|-supereffective|p1a: Rillaboom
|-crit|p1a: Rillaboom
|-damage|p1a: Rillaboom|22/100
|-supereffective|p1a: Rillaboom
|-damage|p1a: Rillaboom|0 fnt
|faint|p1a: Rillaboom
|-hitcount|p1: Rillaboom|3
|
|-heal|p1b: Annihilape|100/100|[from] Grassy Terrain
|-heal|p2b: Gothitelle|76/100|[from] Grassy Terrain
|upkeep
|
|t:|1757798242
|switch|p1a: Incineroar|Incineroar, L50, F|100/100
|-ability|p1a: Incineroar|Intimidate|boost
|-unboost|p2a: Meowscarada|atk|1
|-unboost|p2b: Gothitelle|atk|1
|turn|5
|
|t:|1757798263
|switch|p2a: Amoonguss|Amoonguss, L50, M|100/100
|-terastallize|p2b: Gothitelle|Dark
|move|p1a: Incineroar|Fake Out|p2a: Amoonguss
|-damage|p2a: Amoonguss|92/100
|move|p1b: Annihilape|Bulk Up|p1b: Annihilape
|-boost|p1b: Annihilape|atk|1
|-boost|p1b: Annihilape|def|1
|move|p2b: Gothitelle|Psychic|p1b: Annihilape
|-damage|p1b: Annihilape|71/100
|
|-heal|p1b: Annihilape|77/100|[from] Grassy Terrain
|-heal|p2b: Gothitelle|82/100|[from] Grassy Terrain
|-heal|p2a: Amoonguss|98/100|[from] Grassy Terrain
|upkeep
|turn|6
|
|t:|1757798280
|move|p1b: Annihilape|Drain Punch|p2b: Gothitelle
|-supereffective|p2b: Gothitelle
|-damage|p2b: Gothitelle|0 fnt
|-heal|p1b: Annihilape|100/100|[from] drain|[of] p2b: Gothitelle
|faint|p2b: Gothitelle
|move|p1a: Incineroar|Flare Blitz|p2a: Amoonguss
|-supereffective|p2a: Amoonguss
|-damage|p2a: Amoonguss|21/100
|-damage|p1a: Incineroar|73/100|[from] Recoil
|move|p2a: Amoonguss|Spore|p1b: Annihilape
|-activate|p1b: Annihilape|item: Safety Goggles|Spore
|
|-heal|p1a: Incineroar|79/100|[from] Grassy Terrain
|-heal|p2a: Amoonguss|27/100|[from] Grassy Terrain
|upkeep
|
|t:|1757798284
|switch|p2b: Meowscarada|Meowscarada, L50, F|100/100
|turn|7
|
|t:|1757798302
|move|p2a: Amoonguss|Rage Powder|p2a: Amoonguss
|-singleturn|p2a: Amoonguss|move: Rage Powder
|move|p2b: Meowscarada|Play Rough|p1b: Annihilape
|-start|p2b: Meowscarada|typechange|Fairy|[from] ability: Protean
|-resisted|p1b: Annihilape
|-damage|p1b: Annihilape|89/100
|move|p1b: Annihilape|Drain Punch|p2b: Meowscarada
|-resisted|p2b: Meowscarada
|-damage|p2b: Meowscarada|53/100
|-heal|p1b: Annihilape|100/100|[from] drain|[of] p2b: Meowscarada
|move|p1a: Incineroar|Flare Blitz|p2a: Amoonguss
|-supereffective|p2a: Amoonguss
|-damage|p2a: Amoonguss|0 fnt
|faint|p2a: Amoonguss
|-damage|p1a: Incineroar|70/100|[from] Recoil
|
|-heal|p2b: Meowscarada|59/100|[from] Grassy Terrain
|-heal|p1a: Incineroar|76/100|[from] Grassy Terrain
|-fieldend|move: Grassy Terrain
|upkeep
|turn|8
|-message|MrGreen3432 forfeited.
|
|win|hungry hillo
|l|☆MrGreen3432
|player|p2|
||MrGreen3432 is ready for game 3.
||hungry hillo is ready for game 3.
|uhtml|next|Next: Game 3 of 3
