|j|☆Blitzball Ace
|j|☆Recadeco
|html|Blitzball AceRecadeco    
|uhtml|bestof|Game 2 of a best-of-3
|t:|1755626705
|gametype|doubles
|player|p1|Blitzball Ace|winona|1139
|player|p2|Recadeco|lucas|1287
|gen|9
|tier|[Gen 9] VGC 2025 Reg H (Bo3)
|rated|
|rule|Species Clause: Limit one of each Pokémon
|rule|Item Clause: Limit 1 of each item
|clearpoke
|poke|p1|Porygon2, L50|
|poke|p1|Incineroar, L50, F|
|poke|p1|Ursaluna, L50, F|
|poke|p1|Amoonguss, L50, M|
|poke|p1|Dragonite, L50, F|
|poke|p1|Torkoal, L50, F|
|poke|p2|Kingambit, L50, M|
|poke|p2|Maushold-Four, L50|
|poke|p2|Talonflame, L50, M|
|poke|p2|Primarina, L50, F|
|poke|p2|Rillaboom, L50, F|
|poke|p2|Gholdengo, L50|
|teampreview|4
|showteam|p1|Porygon2||Eviolite|Download|TeraBlast,IceBeam,Recover,TrickRoom||||||50|,,,,,Fighting]Incineroar||SafetyGoggles|Intimidate|FakeOut,KnockOff,FlareBlitz,PartingShot|||F|||50|,,,,,Ghost]Ursaluna||FlameOrb|Guts|HeadlongRush,Facade,Earthquake,Protect|||F|||50|,,,,,Ghost]Amoonguss||SitrusBerry|Regenerator|PollenPuff,Spore,RagePowder,Protect|||M|||50|,,,,,Water]Dragonite||LoadedDice|Multiscale|ScaleShot,Haze,Tailwind,Protect|||F|||50|,,,,,Steel]Torkoal||ChoiceSpecs|Drought|Eruption,WeatherBall,EarthPower,HeatWave|||F|||50|,,,,,Fire
|showteam|p2|Kingambit||BlackGlasses|Defiant|KowtowCleave,SuckerPunch,SwordsDance,Protect|||M|||50|,,,,,Dark]Maushold-Four||SafetyGoggles|FriendGuard|SuperFang,HelpingHand,FollowMe,Taunt||||||50|,,,,,Ghost]Talonflame||CovertCloak|GaleWings|BraveBird,FlareBlitz,WillOWisp,Tailwind|||M|||50|,,,,,Stellar]Primarina||LifeOrb|LiquidVoice|HyperVoice,Moonblast,Haze,Protect|||F|||50|,,,,,Poison]Rillaboom||AssaultVest|GrassySurge|WoodHammer,HighHorsepower,Uturn,FakeOut|||F|||50|,,,,,Fire]Gholdengo||ChoiceSpecs|GoodasGold|MakeItRain,ShadowBall,Thunderbolt,PowerGem||||||50|,,,,,Steel
|inactive|Battle timer is ON: inactive players will automatically lose when time's up. (requested by Recadeco)
|
|t:|1755626733
|teamsize|p1|4
|teamsize|p2|4
|start
|switch|p1a: Alex|Incineroar, L50, F, shiny|100/100
|switch|p1b: Mags|Dragonite, L50, F, shiny|100/100
|switch|p2a: Eugine|Gholdengo, L50|100/100
|switch|p2b: Tom y Jerry|Maushold-Four, L50|100/100
|-ability|p1a: Alex|Intimidate|boost
|-unboost|p2a: Eugine|atk|1
|-unboost|p2b: Tom y Jerry|atk|1
|turn|1
|inactive|Recadeco has 30 seconds left.
|inactive|Recadeco has 20 seconds left.
|inactive|Recadeco has 15 seconds left.
|inactive|Recadeco has 10 seconds left.
|
|t:|1755626783
|switch|p2a: Ariel|Primarina, L50, F|100/100
|move|p1b: Mags|Protect|p1b: Mags
|-singleturn|p1b: Mags|Protect
|move|p2b: Tom y Jerry|Super Fang|p1b: Mags
|-activate|p1b: Mags|move: Protect
|move|p1a: Alex|Knock Off|p2b: Tom y Jerry
|-damage|p2b: Tom y Jerry|51/100
|-enditem|p2b: Tom y Jerry|Safety Goggles|[from] move: Knock Off|[of] p1a: Alex
|
|upkeep
|turn|2
|inactive|Blitzball Ace has 30 seconds left.
|inactive|Recadeco has 30 seconds left.
|
|t:|1755626816
|switch|p2b: Eugine|Gholdengo, L50|100/100
|switch|p1b: Sol|Amoonguss, L50, M, shiny|100/100
|-terastallize|p1a: Alex|Ghost
|move|p1a: Alex|Flare Blitz|p2b: Eugine
|-supereffective|p2b: Eugine
|-damage|p2b: Eugine|0 fnt
|faint|p2b: Eugine
|-damage|p1a: Alex|73/100|[from] Recoil
|move|p2a: Ariel|Hyper Voice|p1a: Alex|[spread] p1a,p1b
|-resisted|p1b: Sol
|-crit|p1b: Sol
|-damage|p1a: Alex|35/100
|-damage|p1b: Sol|72/100
|-damage|p2a: Ariel|90/100|[from] item: Life Orb
|
|upkeep
|
|t:|1755626833
|switch|p2b: Flying Gorilla|Rillaboom, L50, F|100/100
|-fieldstart|move: Grassy Terrain|[from] ability: Grassy Surge|[of] p2b: Flying Gorilla
|turn|3
|inactive|Blitzball Ace has 30 seconds left.
|
|t:|1755626862
|-terastallize|p2b: Flying Gorilla|Fire
|move|p2b: Flying Gorilla|Fake Out|p1b: Sol
|-damage|p1b: Sol|61/100
|move|p1a: Alex|Parting Shot|p2a: Ariel
|-unboost|p2a: Ariel|atk|1
|-unboost|p2a: Ariel|spa|1
|
|t:|1755626878
|switch|p1a: Steg|Ursaluna, L50, F, shiny|100/100|[from] Parting Shot
|move|p2a: Ariel|Hyper Voice|p1a: Steg|[spread] p1a,p1b
|-supereffective|p1a: Steg
|-resisted|p1b: Sol
|-crit|p1b: Sol
|-damage|p1a: Steg|44/100
|-damage|p1b: Sol|34/100
|-enditem|p1b: Sol|Sitrus Berry|[eat]
|-heal|p1b: Sol|59/100|[from] item: Sitrus Berry
|-damage|p2a: Ariel|80/100|[from] item: Life Orb
|cant|p1b: Sol|flinch
|
|-heal|p2a: Ariel|87/100|[from] Grassy Terrain
|-heal|p1a: Steg|49/100|[from] Grassy Terrain
|-heal|p1b: Sol|65/100|[from] Grassy Terrain
|-status|p1a: Steg|brn|[from] item: Flame Orb
|upkeep
|turn|4
|inactive|Recadeco has 30 seconds left.
|
|t:|1755626913
|switch|p2b: Tom y Jerry|Maushold-Four, L50|51/100
|switch|p1a: Alex|Incineroar, L50, F, shiny, tera:Ghost|35/100
|-ability|p1a: Alex|Intimidate|boost
|-unboost|p2a: Ariel|atk|1
|-unboost|p2b: Tom y Jerry|atk|1
|move|p2a: Ariel|Protect|p2a: Ariel
|-singleturn|p2a: Ariel|Protect
|move|p1b: Sol|Spore|p2b: Tom y Jerry
|-status|p2b: Tom y Jerry|slp|[from] move: Spore
|
|-heal|p2b: Tom y Jerry|57/100 slp|[from] Grassy Terrain
|-heal|p1a: Alex|41/100|[from] Grassy Terrain
|-heal|p2a: Ariel|93/100|[from] Grassy Terrain
|-heal|p1b: Sol|71/100|[from] Grassy Terrain
|upkeep
|turn|5
|inactive|Recadeco has 30 seconds left.
|
|t:|1755626938
|move|p1a: Alex|Fake Out|p2a: Ariel
|-damage|p2a: Ariel|84/100
|cant|p2b: Tom y Jerry|slp
|cant|p2a: Ariel|flinch
|move|p1b: Sol|Spore|p2a: Ariel
|-status|p2a: Ariel|slp|[from] move: Spore
|
|-heal|p2b: Tom y Jerry|63/100 slp|[from] Grassy Terrain
|-heal|p1a: Alex|47/100|[from] Grassy Terrain
|-heal|p2a: Ariel|90/100 slp|[from] Grassy Terrain
|-heal|p1b: Sol|77/100|[from] Grassy Terrain
|upkeep
|turn|6
|
|t:|1755626968
|switch|p1a: Mags|Dragonite, L50, F, shiny|100/100
|switch|p1b: Steg|Ursaluna, L50, F, shiny|49/100 brn
|cant|p2b: Tom y Jerry|slp
|cant|p2a: Ariel|slp
|
|-heal|p2b: Tom y Jerry|69/100 slp|[from] Grassy Terrain
|-heal|p2a: Ariel|96/100 slp|[from] Grassy Terrain
|-heal|p1b: Steg|55/100 brn|[from] Grassy Terrain
|-damage|p1b: Steg|49/100 brn|[from] brn
|upkeep
|turn|7
|
|t:|1755626984
|-curestatus|p2b: Tom y Jerry|slp|[msg]
|move|p2b: Tom y Jerry|Follow Me|p2b: Tom y Jerry
|-singleturn|p2b: Tom y Jerry|move: Follow Me
|move|p1a: Mags|Scale Shot|p2b: Tom y Jerry|[miss]
|-miss|p1a: Mags|p2b: Tom y Jerry
|cant|p2a: Ariel|slp
|move|p1b: Steg|Facade|p2b: Tom y Jerry
|-damage|p2b: Tom y Jerry|0 fnt
|faint|p2b: Tom y Jerry
|
|-heal|p2a: Ariel|100/100 slp|[from] Grassy Terrain
|-heal|p1b: Steg|55/100 brn|[from] Grassy Terrain
|-damage|p1b: Steg|49/100 brn|[from] brn
|-fieldend|move: Grassy Terrain
|upkeep
|
|t:|1755627002
|switch|p2b: Flying Gorilla|Rillaboom, L50, F, tera:Fire|100/100
|-fieldstart|move: Grassy Terrain|[from] ability: Grassy Surge|[of] p2b: Flying Gorilla
|turn|8
|inactive|Recadeco has 30 seconds left.
|
|t:|1755627034
|switch|p1b: Sol|Amoonguss, L50, M, shiny|100/100
|move|p1a: Mags|Protect|p1a: Mags
|-singleturn|p1a: Mags|Protect
|move|p2b: Flying Gorilla|Fake Out|p1a: Mags
|-activate|p1a: Mags|move: Protect
|cant|p2a: Ariel|slp
|
|upkeep
|turn|9
|inactive|Recadeco has 30 seconds left.
|-message|Recadeco forfeited.
|
|win|Blitzball Ace
|raw|Blitzball Ace's rating: 1139 → 1174(+35 for winning)
|raw|Recadeco's rating: 1287 → 1252(-35 for losing)
