|j|☆pwefo
|j|☆Jakobtc
|html|pwefoJakobtc    
|uhtml|bestof|Game 2 of a best-of-3
|t:|1757922027
|gametype|doubles
|player|p1|pwefo|bugcatcher-gen4dp|1135
|player|p2|Jakobtc|riley|1102
|gen|9
|tier|[Gen 9] VGC 2025 Reg H (Bo3)
|rated|
|rule|Species Clause: Limit one of each Pokémon
|rule|Item Clause: Limit 1 of each item
|clearpoke
|poke|p1|Hatterene, L50, F|
|poke|p1|Indeedee-F, L50, F|
|poke|p1|Chandelure, L50, F|
|poke|p1|Torkoal, L50, F|
|poke|p1|Jumpluff, L50, F|
|poke|p1|Ursaluna, L50, F|
|poke|p2|Arcanine-Hisui, L50, M|
|poke|p2|Dragonite, L50, M|
|poke|p2|Sneasler, L50, F|
|poke|p2|Gholdengo, L50|
|poke|p2|Rillaboom, L50, F|
|poke|p2|Clefable, L50, F|
|teampreview|4
|showteam|p1|Hatterene||FocusSash|MagicBounce|TrickRoom,ExpandingForce,DazzlingGleam,MysticalFire|||F|||50|,,,,,Fire]Indeedee-F||PsychicSeed|PsychicSurge|FollowMe,HelpingHand,TrickRoom,Psychic|||F|||50|,,,,,Steel]Chandelure||LifeOrb|FlashFire|HeatWave,TrickRoom,ShadowBall,TeraBlast|||F|||50|,,,,,Fighting]Torkoal||AssaultVest|Drought|Eruption,HeatWave,LavaPlume,EarthPower|||F|||50|,,,,,Fire]Jumpluff||CovertCloak|Chlorophyll|SleepPowder,LeafStorm,Encore,Tailwind|||F|||50|,,,,,Ghost]Ursaluna||FlameOrb|Guts|Protect,Facade,HeadlongRush,Earthquake|||F|||50|,,,,,Ghost
|showteam|p2|Arcanine-Hisui||ClearAmulet|Intimidate|RockSlide,FlareBlitz,ExtremeSpeed,Protect|||M|||50|,,,,,Water]Dragonite||LoadedDice|Multiscale|ScaleShot,StompingTantrum,Tailwind,Protect|||M|||50|,,,,,Ground]Sneasler||FocusSash|Unburden|CloseCombat,DireClaw,Coaching,Protect|||F|||50|,,,,,Stellar]Gholdengo||GrassySeed|GoodasGold|MakeItRain,ShadowBall,NastyPlot,Protect||||||50|,,,,,Water]Rillaboom||AssaultVest|GrassySurge|FakeOut,GrassyGlide,DrumBeating,HighHorsepower|||F|||50|,,,,,Fire]Clefable||SafetyGoggles|Unaware|FollowMe,Moonblast,ThunderWave,Protect|||F|||50|,,,,,Water
|inactive|Battle timer is ON: inactive players will automatically lose when time's up. (requested by Jakobtc)
|
|t:|1757922047
|teamsize|p1|4
|teamsize|p2|4
|start
|switch|p1a: Indeedee|Indeedee-F, L50, F, shiny|100/100
|switch|p1b: Hatterene|Hatterene, L50, F, shiny|100/100
|switch|p2a: Gholdengo|Gholdengo, L50|100/100
|switch|p2b: Rillaboom|Rillaboom, L50, F|100/100
|-fieldstart|move: Grassy Terrain|[from] ability: Grassy Surge|[of] p2b: Rillaboom
|-enditem|p2a: Gholdengo|Grassy Seed
|-boost|p2a: Gholdengo|def|1|[from] item: Grassy Seed
|-fieldstart|move: Psychic Terrain|[from] ability: Psychic Surge|[of] p1a: Indeedee
|-enditem|p1a: Indeedee|Psychic Seed
|-boost|p1a: Indeedee|spd|1|[from] item: Psychic Seed
|turn|1
|
|t:|1757922063
|switch|p2b: Arcanine|Arcanine-Hisui, L50, M|100/100
|-ability|p2b: Arcanine|Intimidate|boost
|-unboost|p1a: Indeedee|atk|1
|-unboost|p1b: Hatterene|atk|1
|-terastallize|p1b: Hatterene|Fire
|move|p2a: Gholdengo|Nasty Plot|p2a: Gholdengo
|-boost|p2a: Gholdengo|spa|2
|move|p1b: Hatterene|Mystical Fire|p2a: Gholdengo
|-supereffective|p2a: Gholdengo
|-damage|p2a: Gholdengo|5/100
|-unboost|p2a: Gholdengo|spa|1
|move|p1a: Indeedee|Trick Room|p1a: Indeedee
|-fieldstart|move: Trick Room|[of] p1a: Indeedee
|
|upkeep
|turn|2
|
|t:|1757922080
|switch|p1b: Ursaluna|Ursaluna, L50, F, shiny|100/100
|switch|p2b: Rillaboom|Rillaboom, L50, F|100/100
|-fieldstart|move: Grassy Terrain|[from] ability: Grassy Surge|[of] p2b: Rillaboom
|move|p2a: Gholdengo|Protect|p2a: Gholdengo
|-singleturn|p2a: Gholdengo|Protect
|move|p1a: Indeedee|Psychic|p2a: Gholdengo
|-activate|p2a: Gholdengo|move: Protect
|
|-heal|p2a: Gholdengo|11/100|[from] Grassy Terrain
|-status|p1b: Ursaluna|brn|[from] item: Flame Orb
|upkeep
|turn|3
|
|t:|1757922096
|move|p2b: Rillaboom|Fake Out|p1a: Indeedee
|-damage|p1a: Indeedee|88/100
|move|p1b: Ursaluna|Facade|p2b: Rillaboom
|-damage|p2b: Rillaboom|0 fnt
|faint|p2b: Rillaboom
|cant|p1a: Indeedee|flinch
|move|p2a: Gholdengo|Make It Rain|p1a: Indeedee|[spread] p1a,p1b
|-crit|p1b: Ursaluna
|-damage|p1a: Indeedee|45/100
|-damage|p1b: Ursaluna|14/100 brn
|-unboost|p2a: Gholdengo|spa|1
|
|-heal|p1b: Ursaluna|20/100 brn|[from] Grassy Terrain
|-heal|p1a: Indeedee|51/100|[from] Grassy Terrain
|-heal|p2a: Gholdengo|17/100|[from] Grassy Terrain
|-damage|p1b: Ursaluna|14/100 brn|[from] brn
|upkeep
|
|t:|1757922112
|switch|p2b: Arcanine|Arcanine-Hisui, L50, M|100/100
|-ability|p2b: Arcanine|Intimidate|boost
|-unboost|p1a: Indeedee|atk|1
|-unboost|p1b: Ursaluna|atk|1
|turn|4
|
|t:|1757922136
|move|p1a: Indeedee|Follow Me|p1a: Indeedee
|-singleturn|p1a: Indeedee|move: Follow Me
|move|p2b: Arcanine|Extreme Speed|p1a: Indeedee
|-damage|p1a: Indeedee|28/100
|move|p1b: Ursaluna|Headlong Rush|p2b: Arcanine
|-supereffective|p2b: Arcanine
|-damage|p2b: Arcanine|0 fnt
|-unboost|p1b: Ursaluna|def|1
|-unboost|p1b: Ursaluna|spd|1
|faint|p2b: Arcanine
|move|p2a: Gholdengo|Make It Rain|p1b: Ursaluna|[spread] p1a,p1b
|-damage|p1a: Indeedee|3/100
|-damage|p1b: Ursaluna|0 fnt
|-unboost|p2a: Gholdengo|spa|1
|faint|p1b: Ursaluna
|
|-heal|p1a: Indeedee|10/100|[from] Grassy Terrain
|-heal|p2a: Gholdengo|23/100|[from] Grassy Terrain
|upkeep
|
|t:|1757922153
|switch|p1b: Torkoal|Torkoal, L50, F, shiny|100/100
|switch|p2b: Sneasler|Sneasler, L50, F|100/100
|-weather|SunnyDay|[from] ability: Drought|[of] p1b: Torkoal
|turn|5
|
|t:|1757922162
|move|p2a: Gholdengo|Protect|p2a: Gholdengo
|-singleturn|p2a: Gholdengo|Protect
|move|p2b: Sneasler|Protect|p2b: Sneasler
|-singleturn|p2b: Sneasler|Protect
|move|p1b: Torkoal|Eruption|p2b: Sneasler|[spread] 
|-activate|p2a: Gholdengo|move: Protect
|-activate|p2b: Sneasler|move: Protect
|move|p1a: Indeedee|Psychic|p2b: Sneasler
|-activate|p2b: Sneasler|move: Protect
|
|-weather|SunnyDay|[upkeep]
|-heal|p1a: Indeedee|16/100|[from] Grassy Terrain
|-heal|p2a: Gholdengo|29/100|[from] Grassy Terrain
|-fieldend|move: Trick Room
|upkeep
|turn|6
|
|t:|1757922179
|-terastallize|p2a: Gholdengo|Water
|move|p2b: Sneasler|Dire Claw|p1a: Indeedee
|-damage|p1a: Indeedee|0 fnt
|faint|p1a: Indeedee
|move|p2a: Gholdengo|Shadow Ball|p1b: Torkoal
|-damage|p1b: Torkoal|78/100
|move|p1b: Torkoal|Heat Wave|p2a: Gholdengo|[spread] p2a,p2b
|-resisted|p2a: Gholdengo
|-damage|p2a: Gholdengo|8/100
|-damage|p2b: Sneasler|36/100
|-status|p2b: Sneasler|brn
|
|-weather|SunnyDay|[upkeep]
|-heal|p2b: Sneasler|42/100 brn|[from] Grassy Terrain
|-heal|p2a: Gholdengo|14/100|[from] Grassy Terrain
|-heal|p1b: Torkoal|85/100|[from] Grassy Terrain
|-damage|p2b: Sneasler|36/100 brn|[from] brn
|-fieldend|move: Grassy Terrain
|upkeep
|
|t:|1757922183
|switch|p1a: Hatterene|Hatterene, L50, F, shiny, tera:Fire|100/100
|turn|7
|
|t:|1757922205
|move|p2b: Sneasler|Dire Claw|p1a: Hatterene
|-damage|p1a: Hatterene|76/100
|move|p2a: Gholdengo|Shadow Ball|p1a: Hatterene
|-damage|p1a: Hatterene|49/100
|move|p1b: Torkoal|Heat Wave|p2b: Sneasler|[spread] p2a,p2b
|-resisted|p2a: Gholdengo
|-damage|p2a: Gholdengo|0 fnt
|-damage|p2b: Sneasler|0 fnt
|faint|p2a: Gholdengo
|faint|p2b: Sneasler
|
|win|pwefo
||pwefo is ready for game 3.
|inactive|Jakobtc has 30 seconds to confirm battle start!
