|j|☆plata_0007
|j|☆GoyoTraineador
|html|plata_0007GoyoTraineador    
|uhtml|bestof|Game 2 of a best-of-3
|t:|1786164898
|gametype|doubles
|player|p1|plata_0007|veteranf|
|player|p2|GoyoTraineador|guitarist|
|gen|9
|tier|[Gen 9 Champions] VGC 2026 Reg M-B (Bo3)
|rule|Species Clause: Limit one of each Pokémon
|rule|Item Clause: Limit 1 of each item
|clearpoke
|poke|p1|Gengar, L50, M, shiny|
|poke|p1|Politoed, L50, M|
|poke|p1|Incineroar, L50, F|
|poke|p1|Kingambit, L50, M|
|poke|p1|Sylveon, L50, F|
|poke|p1|Dragonite, L50, F|
|poke|p2|Metagross, L50, shiny|
|poke|p2|Vivillon-Marine, L50, F, shiny|
|poke|p2|Sylveon, L50, F|
|poke|p2|Garchomp, L50, M, shiny|
|poke|p2|Incineroar, L50, M, shiny|
|poke|p2|Kingambit, L50, M, shiny|
|teampreview|4
|showteam|p1|Gengar||Gengarite|CursedBody|IcyWind,Protect,PerishSong,WillOWisp|Timid||M|||50|]Politoed||LifeOrb|Drizzle|PerishSong,WeatherBall,Protect,EarthPower|Timid||M|||50|]Incineroar||SitrusBerry|Intimidate|Protect,WillOWisp,DarkestLariat,FakeOut|Careful||F|||50|]Kingambit||FocusSash|Defiant|LowKick,KowtowCleave,SuckerPunch,Protect|Adamant||M|||50|]Sylveon||FairyFeather|Pixilate|QuickAttack,HyperBeam,HyperVoice,Detect|Calm||F|||50|]Dragonite||Dragoninite|Multiscale|ExtremeSpeed,DragonClaw,Protect,Blizzard|Brave||F|||50|
|showteam|p2|Metagross||Metagrossite|ClearBody|MeteorMash,ThunderPunch,PsychicFangs,Protect|Jolly|||||50|]Vivillon-Marine||FocusSash|FriendGuard|Hurricane,GigaDrain,SleepPowder,Tailwind|Timid||F|||50|]Sylveon||LifeOrb|Pixilate|HyperVoice,QuickAttack,Detect,ShadowBall|Calm||F|||50|]Garchomp||Garchompite|RoughSkin|RockSlide,DragonClaw,Protect,StompingTantrum|Jolly||M|||50|]Incineroar||SitrusBerry|Intimidate|FakeOut,PartingShot,FlareBlitz,Protect|Careful||M|||50|]Kingambit||MentalHerb|Defiant|LowKick,SuckerPunch,Protect,IronHead|Brave||M|||50|
|inactive|Battle timer is ON: inactive players will automatically lose when time's up. (requested by plata_0007)
|j| MarkPanCP
|inactive|GoyoTraineador has 60 seconds left.
|
|t:|1786164931
|teamsize|p1|4
|teamsize|p2|4
|start
|switch|p1a: Kingambit|Kingambit, L50, M|100/100
|switch|p1b: Politoed|Politoed, L50, M|100/100
|switch|p2a: MetChadGross|Metagross, L50, shiny|100/100
|switch|p2b: Papiloma|Vivillon-Marine, L50, F, shiny|100/100
|-weather|RainDance|[from] ability: Drizzle|[of] p1b: Politoed
|turn|1
|inactive|GoyoTraineador has 30 seconds left.
|
|t:|1786164960
|switch|p1b: Incineroar|Incineroar, L50, F|100/100
|-ability|p1b: Incineroar|Intimidate|boost
|-fail|p2a: MetChadGross|unboost|[from] ability: Clear Body|[of] p2a: MetChadGross
|-unboost|p2b: Papiloma|atk|1
|detailschange|p2a: MetChadGross|Metagross-Mega, L50, shiny
|-mega|p2a: MetChadGross|Metagross|Metagrossite
|move|p2a: MetChadGross|Thunder Punch|p1b: Incineroar
|-damage|p1b: Incineroar|61/100
|move|p2b: Papiloma|Sleep Powder|p1b: Incineroar|[miss]
|-miss|p2b: Papiloma|p1b: Incineroar
|move|p1a: Kingambit|Kowtow Cleave|p2b: Papiloma
|-damage|p2b: Papiloma|7/100
|
|-weather|RainDance|[upkeep]
|upkeep
|turn|2
|inactive|GoyoTraineador has 30 seconds left.
|inactive|plata_0007 has 30 seconds left.
|inactive|GoyoTraineador has 20 seconds left.
|inactive|GoyoTraineador has 15 seconds left.
|inactive|plata_0007 has 20 seconds left.
|
|t:|1786165007
|switch|p2a: HoraDeGarchar|Garchomp, L50, M, shiny|100/100
|switch|p2b: MiVieja|Sylveon, L50, F|100/100
|move|p1b: Incineroar|Fake Out|p2b: MiVieja
|-damage|p2b: MiVieja|83/100
|move|p1a: Kingambit|Kowtow Cleave|p2a: HoraDeGarchar
|-damage|p2a: HoraDeGarchar|52/100
|-damage|p1a: Kingambit|87/100|[from] ability: Rough Skin|[of] p2a: HoraDeGarchar
|
|-weather|RainDance|[upkeep]
|upkeep
|turn|3
|inactive|GoyoTraineador has 30 seconds left.
|
|t:|1786165037
|switch|p1b: Politoed|Politoed, L50, M|100/100
|move|p2b: MiVieja|Detect|p2b: MiVieja
|-singleturn|p2b: MiVieja|Protect
|move|p1a: Kingambit|Protect|p1a: Kingambit
|-singleturn|p1a: Kingambit|Protect
|move|p2a: HoraDeGarchar|Stomping Tantrum|p1a: Kingambit
|-activate|p1a: Kingambit|move: Protect
|
|-weather|RainDance|[upkeep]
|upkeep
|turn|4
|
|t:|1786165057
|switch|p1a: Incineroar|Incineroar, L50, F|61/100
|-ability|p1a: Incineroar|Intimidate|boost
|-unboost|p2a: HoraDeGarchar|atk|1
|-unboost|p2b: MiVieja|atk|1
|move|p2a: HoraDeGarchar|Stomping Tantrum|p1a: Incineroar
|-supereffective|p1a: Incineroar|1
|-damage|p1a: Incineroar|11/100
|-enditem|p1a: Incineroar|Sitrus Berry|[eat]
|-heal|p1a: Incineroar|36/100|[from] item: Sitrus Berry
|move|p1b: Politoed|Weather Ball|p2a: HoraDeGarchar
|-damage|p2a: HoraDeGarchar|0 fnt
|faint|p2a: HoraDeGarchar
|-damage|p1b: Politoed|90/100|[from] item: Life Orb
|move|p2b: MiVieja|Hyper Voice|p1b: Politoed|[spread] p1a,p1b
|-damage|p1a: Incineroar|5/100
|-damage|p1b: Politoed|47/100
|-damage|p2b: MiVieja|73/100|[from] item: Life Orb
|
|-weather|RainDance|[upkeep]
|upkeep
|
|t:|1786165077
|switch|p2a: MetChadGross|Metagross-Mega, L50, shiny|100/100
|turn|5
|
|t:|1786165096
|move|p1a: Incineroar|Fake Out|p2a: MetChadGross
|-resisted|p2a: MetChadGross|1
|-damage|p2a: MetChadGross|96/100
|move|p2b: MiVieja|Quick Attack|p1a: Incineroar
|-damage|p1a: Incineroar|0 fnt
|faint|p1a: Incineroar
|-damage|p2b: MiVieja|63/100|[from] item: Life Orb
|cant|p2a: MetChadGross|flinch
|move|p1b: Politoed|Weather Ball|p2b: MiVieja
|-damage|p2b: MiVieja|17/100
|-damage|p1b: Politoed|37/100|[from] item: Life Orb
|
|-weather|none
|upkeep
|
|t:|1786165110
|switch|p1a: Kingambit|Kingambit, L50, M|87/100
|turn|6
|
|t:|1786165131
|move|p1b: Politoed|Protect|p1b: Politoed
|-singleturn|p1b: Politoed|Protect
|move|p2b: MiVieja|Detect|p2b: MiVieja
|-singleturn|p2b: MiVieja|Protect
|move|p2a: MetChadGross|Thunder Punch|p1b: Politoed
|-activate|p1b: Politoed|move: Protect
|move|p1a: Kingambit|Kowtow Cleave|p2a: MetChadGross
|-supereffective|p2a: MetChadGross|1
|-damage|p2a: MetChadGross|12/100
|
|upkeep
|turn|7
|
|t:|1786165152
|switch|p1b: Sylveon|Sylveon, L50, F|100/100
|move|p2a: MetChadGross|Protect|p2a: MetChadGross
|-singleturn|p2a: MetChadGross|Protect
|move|p1a: Kingambit|Sucker Punch|p2b: MiVieja
|-resisted|p2b: MiVieja|1
|-damage|p2b: MiVieja|0 fnt
|faint|p2b: MiVieja
|
|upkeep
|
|t:|1786165161
|switch|p2b: Papiloma|Vivillon-Marine, L50, F, shiny|7/100
|turn|8
|
|t:|1786165172
|move|p1a: Kingambit|Protect|p1a: Kingambit
|-singleturn|p1a: Kingambit|Protect
|move|p2a: MetChadGross|Meteor Mash|p1b: Sylveon
|-supereffective|p1b: Sylveon|1
|-damage|p1b: Sylveon|0 fnt
|faint|p1b: Sylveon
|move|p2b: Papiloma|Tailwind|p2b: Papiloma
|-sidestart|p2: GoyoTraineador|move: Tailwind
|
|upkeep
|
|t:|1786165178
|switch|p1b: Politoed|Politoed, L50, M|37/100
|-weather|RainDance|[from] ability: Drizzle|[of] p1b: Politoed
|turn|9
|
|t:|1786165195
|move|p1b: Politoed|Protect|p1b: Politoed
|-singleturn|p1b: Politoed|Protect
|move|p1a: Kingambit|Sucker Punch|p2a: MetChadGross
|-supereffective|p2a: MetChadGross|1
|-damage|p2a: MetChadGross|0 fnt
|faint|p2a: MetChadGross
|move|p2b: Papiloma|Hurricane|p1a: Kingambit
|-resisted|p1a: Kingambit|1
|-damage|p1a: Kingambit|66/100
|-start|p1a: Kingambit|confusion
|
|-weather|RainDance|[upkeep]
|upkeep
|turn|10
|
|t:|1786165208
|-activate|p1a: Kingambit|confusion
|move|p1a: Kingambit|Sucker Punch|p2b: Papiloma
|-damage|p2b: Papiloma|0 fnt
|faint|p2b: Papiloma
|
|win|plata_0007
|l|☆plata_0007
|player|p1|
