|j|☆FluppyFan101
|j|☆too many lychees
|html|FluppyFan101too many lychees    
|uhtml|bestof|Game 3 of a best-of-3
|t:|1782299892
|gametype|doubles
|player|p1|FluppyFan101|ingo|1081
|player|p2|too many lychees|pokemonbreeder-gen4|1048
|gen|9
|tier|[Gen 9 Champions] VGC 2026 Reg M-B (Bo3)
|rated|
|rule|Species Clause: Limit one of each Pokémon
|rule|Item Clause: Limit 1 of each item
|clearpoke
|poke|p1|Pyroar, L50, F, shiny|
|poke|p1|Incineroar, L50, F|
|poke|p1|Sinistcha-Masterpiece, L50|
|poke|p1|Basculegion, L50, M|
|poke|p1|Corviknight, L50, M|
|poke|p1|Glimmora, L50, F|
|poke|p2|Floette-Eternal, L50, F|
|poke|p2|Charizard, L50, M|
|poke|p2|Kingambit, L50, M|
|poke|p2|Whimsicott, L50, M|
|poke|p2|Basculegion, L50, M|
|poke|p2|Garchomp, L50, M|
|teampreview|4
|showteam|p1|Pyroar||Pyroarite|Unnerve|HeatWave,HyperVoice,Overheat,Protect|Modest||F|||50|]Incineroar||SitrusBerry|Intimidate|FlareBlitz,ThroatChop,FakeOut,PartingShot|Careful||F|||50|]Sinistcha-Masterpiece||ColburBerry|Hospitality|MatchaGotcha,LifeDew,RagePowder,Protect|Bold|||||50|]Basculegion||ChoiceScarf|Adaptability|WaveCrash,LastRespects,FlipTurn,AquaJet|Adamant||M|||50|]Corviknight||Leftovers|MirrorArmor|BraveBird,BodyPress,BulkUp,Roost|Impish||M|||50|]Glimmora||Glimmoranite|ToxicDebris|PowerGem,SludgeBomb,EarthPower,SpikyShield|Timid||F|||50|
|showteam|p2|Floette-Eternal||Floettite|FlowerVeil|LightofRuin,Moonblast,DazzlingGleam,Protect|Modest||F|||50|]Charizard||CharizarditeY|Blaze|SolarBeam,HeatWave,WeatherBall,Protect|Modest||M|||50|]Kingambit||BlackGlasses|Defiant|IronHead,Protect,KowtowCleave,SuckerPunch|Adamant||M|||50|]Whimsicott||FocusSash|Prankster|Moonblast,Tailwind,Encore,Protect|Timid||M|||50|]Basculegion||MysticWater|Adaptability|WaveCrash,Protect,LastRespects,AquaJet|Adamant||M|||50|]Garchomp||LifeOrb|RoughSkin|Earthquake,RockSlide,Protect,DragonClaw|Jolly||M|||50|
|
|t:|1782299947
|teamsize|p1|4
|teamsize|p2|4
|start
|switch|p1a: Incineroar|Incineroar, L50, F|100/100
|switch|p1b: Basculegion|Basculegion, L50, M|100/100
|switch|p2a: Charizard|Charizard, L50, M|100/100
|switch|p2b: Garchomp|Garchomp, L50, M|100/100
|-ability|p1a: Incineroar|Intimidate|boost
|-unboost|p2a: Charizard|atk|1
|-unboost|p2b: Garchomp|atk|1
|turn|1
|
|t:|1782299972
|detailschange|p2a: Charizard|Charizard-Mega-Y, L50, M
|-mega|p2a: Charizard|Charizard|Charizardite Y
|-weather|SunnyDay|[from] ability: Drought|[of] p2a: Charizard
|move|p1b: Basculegion|Wave Crash|p2a: Charizard
|-supereffective|p2a: Charizard|1
|-damage|p2a: Charizard|28/100
|-damage|p1b: Basculegion|77/100|[from] Recoil
|move|p2b: Garchomp|Earthquake|p1a: Incineroar|[spread] p1a,p1b
|-immune|p2a: Charizard
|-supereffective|p1a: Incineroar|1
|-damage|p1a: Incineroar|37/100
|-damage|p1b: Basculegion|33/100
|-enditem|p1a: Incineroar|Sitrus Berry|[eat]
|-heal|p1a: Incineroar|61/100|[from] item: Sitrus Berry
|-damage|p2b: Garchomp|90/100|[from] item: Life Orb
|move|p2a: Charizard|Solar Beam||[still]
|-prepare|p2a: Charizard|Solar Beam
|-anim|p2a: Charizard|Solar Beam|p1b: Basculegion
|-supereffective|p1b: Basculegion|1
|-damage|p1b: Basculegion|0 fnt
|faint|p1b: Basculegion
|move|p1a: Incineroar|Parting Shot|p2b: Garchomp
|-unboost|p2b: Garchomp|atk|1
|-unboost|p2b: Garchomp|spa|1
|
|t:|1782299992
|switch|p1a: Pyroar|Pyroar, L50, F, shiny|100/100|[from] Parting Shot
|-ability|p1a: Pyroar|Unnerve
|
|-weather|SunnyDay|[upkeep]
|upkeep
|
|t:|1782299998
|switch|p1b: Incineroar|Incineroar, L50, F|61/100
|-ability|p1b: Incineroar|Intimidate|boost
|-unboost|p2a: Charizard|atk|1
|-unboost|p2b: Garchomp|atk|1
|turn|2
|
|t:|1782300019
|switch|p2b: Basculegion|Basculegion, L50, M|100/100
|detailschange|p1a: Pyroar|Pyroar-Mega, L50, F, shiny
|-mega|p1a: Pyroar|Pyroar|Pyroarite
|move|p1b: Incineroar|Fake Out|p2b: Basculegion
|-immune|p2b: Basculegion
|move|p1a: Pyroar|Heat Wave|p2b: Basculegion|[spread] p2a,p2b
|-resisted|p2a: Charizard|1
|-resisted|p2b: Basculegion|1
|-damage|p2a: Charizard|0 fnt
|-damage|p2b: Basculegion|49/100
|faint|p2a: Charizard
|
|-weather|SunnyDay|[upkeep]
|upkeep
|
|t:|1782300031
|switch|p2a: Garchomp|Garchomp, L50, M|90/100
|turn|3
|
|t:|1782300050
|switch|p1b: Corviknight|Corviknight, L50, M|100/100
|move|p1a: Pyroar|Heat Wave|p2a: Garchomp|[spread] p2a,p2b
|-resisted|p2a: Garchomp|1
|-resisted|p2b: Basculegion|1
|-damage|p2a: Garchomp|40/100
|-damage|p2b: Basculegion|0 fnt
|faint|p2b: Basculegion
|move|p2a: Garchomp|Rock Slide|p1a: Pyroar|[spread] p1a,p1b
|-supereffective|p1a: Pyroar|1
|-damage|p1a: Pyroar|39/100
|-damage|p1b: Corviknight|81/100
|-damage|p2a: Garchomp|30/100|[from] item: Life Orb
|
|-weather|SunnyDay|[upkeep]
|-heal|p1b: Corviknight|87/100|[from] item: Leftovers
|upkeep
|
|t:|1782300062
|switch|p2b: Whimsicott|Whimsicott, L50, M|100/100
|turn|4
|
|t:|1782300067
|move|p2b: Whimsicott|Tailwind|p2b: Whimsicott
|-sidestart|p2: too many lychees|move: Tailwind
|move|p2a: Garchomp|Rock Slide|p1b: Corviknight|[spread] p1a,p1b
|-supereffective|p1a: Pyroar|1
|-damage|p1a: Pyroar|0 fnt
|-damage|p1b: Corviknight|71/100
|faint|p1a: Pyroar
|-damage|p2a: Garchomp|20/100y|[from] item: Life Orb
|move|p1b: Corviknight|Bulk Up|p1b: Corviknight
|-boost|p1b: Corviknight|atk|1
|-boost|p1b: Corviknight|def|1
|
|-weather|SunnyDay|[upkeep]
|-heal|p1b: Corviknight|77/100|[from] item: Leftovers
|upkeep
|
|t:|1782300079
|switch|p1a: Incineroar|Incineroar, L50, F|61/100
|-ability|p1a: Incineroar|Intimidate|boost
|-unboost|p2a: Garchomp|atk|1
|-unboost|p2b: Whimsicott|atk|1
|turn|5
|
|t:|1782300112
|move|p2b: Whimsicott|Protect|p2b: Whimsicott
|-singleturn|p2b: Whimsicott|Protect
|move|p2a: Garchomp|Protect|p2a: Garchomp
|-singleturn|p2a: Garchomp|Protect
|move|p1a: Incineroar|Fake Out|p2b: Whimsicott
|-activate|p2b: Whimsicott|move: Protect
|move|p1b: Corviknight|Brave Bird|p2a: Garchomp
|-activate|p2a: Garchomp|move: Protect
|
|-weather|none
|-heal|p1b: Corviknight|83/100|[from] item: Leftovers
|upkeep
|turn|6
|
|t:|1782300145
|move|p2b: Whimsicott|Moonblast|p1a: Incineroar
|-damage|p1a: Incineroar|34/100
|move|p2a: Garchomp|Rock Slide|p1a: Incineroar|[spread] p1a,p1b
|-supereffective|p1a: Incineroar|1
|-damage|p1a: Incineroar|4/100
|-damage|p1b: Corviknight|76/100
|-damage|p2a: Garchomp|10/100|[from] item: Life Orb
|move|p1a: Incineroar|Flare Blitz|p2b: Whimsicott
|-supereffective|p2b: Whimsicott|1
|-enditem|p2b: Whimsicott|Focus Sash
|-damage|p2b: Whimsicott|1/100
|-damage|p1a: Incineroar|0 fnt|[from] Recoil
|faint|p1a: Incineroar
|move|p1b: Corviknight|Brave Bird|p2a: Garchomp
|-damage|p2a: Garchomp|0 fnt
|-damage|p1b: Corviknight|64/100|[from] ability: Rough Skin|[of] p2a: Garchomp
|faint|p2a: Garchomp
|-damage|p1b: Corviknight|60/100|[from] Recoil
|
|-heal|p1b: Corviknight|66/100|[from] item: Leftovers
|upkeep
|turn|7
|
|t:|1782300168
|move|p2b: Whimsicott|Protect|p2b: Whimsicott
|-singleturn|p2b: Whimsicott|Protect
|move|p1b: Corviknight|Brave Bird|p2b: Whimsicott
|-activate|p2b: Whimsicott|move: Protect
|
|-heal|p1b: Corviknight|72/100|[from] item: Leftovers
|-sideend|p2: too many lychees|move: Tailwind
|upkeep
|turn|8
|
|t:|1782300179
|move|p2b: Whimsicott|Protect||[still]
|-fail|p2b: Whimsicott
|move|p1b: Corviknight|Brave Bird|p2b: Whimsicott
|-supereffective|p2b: Whimsicott|1
|-damage|p2b: Whimsicott|0 fnt
|faint|p2b: Whimsicott
|-damage|p1b: Corviknight|72/100|[from] Recoil
|
|win|FluppyFan101
|raw|FluppyFan101's rating: 1081 → 1106(+25 for winning)
|raw|too many lychees's rating: 1048 → 1032(-16 for losing)
|c|☆FluppyFan101|gg
|l|☆too many lychees
|player|p2|
