|j|☆greatox17!
|j|☆trypy
|html|greatox17!trypy    
|uhtml|bestof|Game 1 of a best-of-3
|t:|1783474266
|gametype|doubles
|player|p1|greatox17!|2|
|player|p2|trypy|1|
|gen|9
|tier|[Gen 9 Champions] VGC 2026 Reg M-B (Bo3)
|rule|Species Clause: Limit one of each Pokémon
|rule|Item Clause: Limit 1 of each item
|clearpoke
|poke|p1|Kangaskhan, L50, F|
|poke|p1|Sableye, L50, F|
|poke|p1|Swampert, L50, M|
|poke|p1|Lucario, L50, M|
|poke|p1|Tsareena, L50, F|
|poke|p1|Politoed, L50, F|
|poke|p2|Incineroar, L50, M, shiny|
|poke|p2|Hatterene, L50, F, shiny|
|poke|p2|Snorlax, L50, M, shiny|
|poke|p2|Slowbro, L50, M, shiny|
|poke|p2|Camerupt, L50, M, shiny|
|poke|p2|Floette-Eternal, L50, F, shiny|
|teampreview|4
|showteam|p1|Kangaskhan||SilkScarf|InnerFocus|FakeOut,LastResort|Adamant||F|||50|]Sableye||FocusSash|Prankster|RainDance,Encore,Reflect,LightScreen|Bold||F|||50|]Swampert||Swampertite|Torrent|WaveCrash,HighHorsepower,IcePunch,Protect|Adamant||M|||50|]Lucario||ChoiceScarf|InnerFocus|MeteorMash,CloseCombat,IcePunch,RockSlide|Adamant||M|||50|]Tsareena||LifeOrb|QueenlyMajesty|TripleAxel,LowKick,TropKick,Protect|Adamant||F|||50|]Politoed||SitrusBerry|Drizzle|WeatherBall,IcyWind,MuddyWater,Protect|Modest||F|||50|
|showteam|p2|Incineroar||LumBerry|Intimidate|PartingShot,FlareBlitz,Protect,FakeOut|Adamant||M|||50|]Hatterene||FocusSash|MagicBounce|TrickRoom,DazzlingGleam,Psychic,Protect|Quiet||F|||50|]Snorlax||ChopleBerry|ThickFat|BodySlam,SeedBomb,HeavySlam,Protect|Brave||M|||50|]Slowbro||Leftovers|Regenerator|Protect,HelpingHand,TrickRoom,GrassKnot|Sassy||M|||50|]Camerupt||Charcoal|SolidRock|EarthPower,Protect,Eruption,Yawn|Quiet||M|||50|]Floette-Eternal||Floettite|FlowerVeil|DrainingKiss,LightofRuin,Protect,DazzlingGleam|Quiet||F|||50|
|j| thefozguy
|j| sinduhquil
|c|☆greatox17!|also no clicking my team sheet
|c|☆greatox17!|XD
|
|t:|1783474415
|teamsize|p1|4
|teamsize|p2|4
|start
|switch|p1a: Swampert|Swampert, L50, M|100/100
|switch|p1b: Sableye|Sableye, L50, F|100/100
|switch|p2a: Flower Girl|Floette-Eternal, L50, F, shiny|100/100
|switch|p2b: Slowbro|Slowbro, L50, M, shiny|100/100
|turn|1
|
|t:|1783474426
|detailschange|p2a: Flower Girl|Floette-Mega, L50, F, shiny
|-mega|p2a: Flower Girl|Floette|Floettite
|-ability|p2a: Flower Girl|Fairy Aura
|detailschange|p1a: Swampert|Swampert-Mega, L50, M
|-mega|p1a: Swampert|Swampert|Swampertite
|move|p1b: Sableye|Rain Dance|p1b: Sableye
|-weather|RainDance
|move|p1a: Swampert|Wave Crash|p2a: Flower Girl
|-damage|p2a: Flower Girl|0 fnt
|faint|p2a: Flower Girl
|-damage|p1a: Swampert|71/100|[from] Recoil
|move|p2b: Slowbro|Trick Room|p2b: Slowbro
|-fieldstart|move: Trick Room|[of] p2b: Slowbro
|
|-weather|RainDance|[upkeep]
|upkeep
|
|t:|1783474440
|switch|p2a: Hatterene|Hatterene, L50, F, shiny|100/100
|turn|2
|
|t:|1783474445
|move|p1a: Swampert|Protect|p1a: Swampert
|-singleturn|p1a: Swampert|Protect
|move|p1b: Sableye|Encore|p2b: Slowbro
|-start|p2b: Slowbro|Encore
|move|p2a: Hatterene|Dazzling Gleam|p1b: Sableye|[spread] p1b
|-activate|p1a: Swampert|move: Protect
|-supereffective|p1b: Sableye|1
|-damage|p1b: Sableye|10/100
|move|p2b: Slowbro|Trick Room|p2b: Slowbro
|-fieldend|move: Trick Room
|
|-weather|RainDance|[upkeep]
|upkeep
|turn|3
|
|t:|1783474464
|switch|p2b: TurboCat|Incineroar, L50, M, shiny|100/100
|-ability|p2b: TurboCat|Intimidate|boost
|-unboost|p1a: Swampert|atk|1
|-unboost|p1b: Sableye|atk|1
|move|p2a: Hatterene|Protect|p2a: Hatterene
|-singleturn|p2a: Hatterene|Protect
|move|p1b: Sableye|Light Screen|p1b: Sableye
|-sidestart|p1: greatox17!|move: Light Screen
|move|p1a: Swampert|Wave Crash|p2a: Hatterene
|-activate|p2a: Hatterene|move: Protect
|
|-weather|RainDance|[upkeep]
|upkeep
|turn|4
|
|t:|1783474485
|switch|p1b: Kangaskhan|Kangaskhan, L50, F|100/100
|move|p1a: Swampert|Protect|p1a: Swampert
|-singleturn|p1a: Swampert|Protect
|move|p2b: TurboCat|Fake Out|p1a: Swampert
|-activate|p1a: Swampert|move: Protect
|move|p2a: Hatterene|Trick Room|p2a: Hatterene
|-fieldstart|move: Trick Room|[of] p2a: Hatterene
|
|-weather|RainDance|[upkeep]
|upkeep
|turn|5
|
|t:|1783474500
|switch|p2b: Slowbro|Slowbro, L50, M, shiny|100/100
|move|p1b: Kangaskhan|Fake Out|p2a: Hatterene
|-damage|p2a: Hatterene|73/100
|cant|p2a: Hatterene|flinch
|move|p1a: Swampert|Wave Crash|p2b: Slowbro
|-resisted|p2b: Slowbro|1
|-damage|p2b: Slowbro|70/100
|-damage|p1a: Swampert|61/100|[from] Recoil
|
|-weather|none
|-heal|p2b: Slowbro|76/100|[from] item: Leftovers
|upkeep
|turn|6
|
|t:|1783474514
|move|p2b: Slowbro|Helping Hand|p2a: Hatterene
|-singleturn|p2a: Hatterene|Helping Hand|[of] p2b: Slowbro
|move|p1a: Swampert|Protect|p1a: Swampert
|-singleturn|p1a: Swampert|Protect
|move|p2a: Hatterene|Dazzling Gleam|p1a: Swampert|[spread] p1b
|-activate|p1a: Swampert|move: Protect
|-damage|p1b: Kangaskhan|62/100
|move|p1b: Kangaskhan|Last Resort|p2a: Hatterene
|-damage|p2a: Hatterene|0 fnt
|faint|p2a: Hatterene
|
|-heal|p2b: Slowbro|82/100|[from] item: Leftovers
|upkeep
|
|t:|1783474527
|switch|p2a: TurboCat|Incineroar, L50, M, shiny|100/100
|-ability|p2a: TurboCat|Intimidate|boost
|-unboost|p1a: Swampert|atk|1
|-fail|p1b: Kangaskhan|unboost|Attack|[from] ability: Inner Focus|[of] p1b: Kangaskhan
|turn|7
|
|t:|1783474547
|switch|p1a: Lucario|Lucario, L50, M|100/100
|move|p2a: TurboCat|Fake Out|p1a: Lucario
|-resisted|p1a: Lucario|1
|-damage|p1a: Lucario|91/100
|move|p2b: Slowbro|Grass Knot|p1a: Lucario
|-resisted|p1a: Lucario|1
|-damage|p1a: Lucario|81/100
|move|p1b: Kangaskhan|Last Resort|p2b: Slowbro
|-damage|p2b: Slowbro|17/100
|
|-heal|p2b: Slowbro|23/100|[from] item: Leftovers
|-sideend|p1: greatox17!|move: Light Screen
|upkeep
|turn|8
|
|t:|1783474576
|move|p2b: Slowbro|Protect|p2b: Slowbro
|-singleturn|p2b: Slowbro|Protect
|move|p2a: TurboCat|Flare Blitz|p1b: Kangaskhan
|-damage|p1b: Kangaskhan|0 fnt
|faint|p1b: Kangaskhan
|-damage|p2a: TurboCat|78/100|[from] Recoil
|move|p1a: Lucario|Close Combat|p2a: TurboCat
|-supereffective|p2a: TurboCat|1
|-damage|p2a: TurboCat|0 fnt
|-unboost|p1a: Lucario|def|1
|-unboost|p1a: Lucario|spd|1
|faint|p2a: TurboCat
|
|-heal|p2b: Slowbro|29/100|[from] item: Leftovers
|-fieldend|move: Trick Room
|upkeep
|
|t:|1783474600
|switch|p1b: Swampert|Swampert-Mega, L50, M|61/100
|turn|9
|
|t:|1783474606
|switch|p1a: Sableye|Sableye, L50, F|10/100
|move|p1b: Swampert|High Horsepower|p2b: Slowbro
|-damage|p2b: Slowbro|0 fnt
|faint|p2b: Slowbro
|
|win|greatox17!
||greatox17! is ready for game 2.
