|j|☆WHERE IS MY WALLET
|j|☆dambro222
|html|WHERE IS MY WALLETdambro222    
|uhtml|bestof|Game 1 of a best-of-3
|t:|1756800328
|gametype|doubles
|player|p1|WHERE IS MY WALLET|miku-fire|1196
|player|p2|dambro222|ethan|1186
|gen|9
|tier|[Gen 9] VGC 2025 Reg H (Bo3)
|rated|
|rule|Species Clause: Limit one of each Pokémon
|rule|Item Clause: Limit 1 of each item
|clearpoke
|poke|p1|Pelipper, L50, F|
|poke|p1|Kingdra, L50, F|
|poke|p1|Electabuzz, L50, M|
|poke|p1|Kingambit, L50, F|
|poke|p1|Rillaboom, L50, M|
|poke|p1|Archaludon, L50, M|
|poke|p2|Dragonite, L50, M|
|poke|p2|Volcarona, L50, F|
|poke|p2|Sneasler, L50, M|
|poke|p2|Rillaboom, L50, M|
|poke|p2|Electabuzz, L50, M|
|poke|p2|Kingambit, L50, M|
|teampreview|4
|showteam|p1|Pelipper||FocusSash|Drizzle|WeatherBall,Hurricane,Tailwind,Protect|||F|||50|,,,,,Ghost]Kingdra||LifeOrb|SwiftSwim|WeatherBall,MuddyWater,DracoMeteor,Protect|||F|||50|,,,,,Stellar]Electabuzz||Eviolite|VitalSpirit|Electroweb,FollowMe,Taunt,Protect|||M|||50|,,,,,Ghost]Kingambit||BlackGlasses|Defiant|KowtowCleave,SuckerPunch,SwordsDance,Protect|||F|||50|,,,,,Dark]Rillaboom||LoadedDice|GrassySurge|FakeOut,BulletSeed,GrassyGlide,HighHorsepower|||M|||50|,,,,,Fire]Archaludon||AssaultVest|Stamina|ElectroShot,DragonPulse,FlashCannon,BodyPress|||M|||50|,,,,,Fairy
|showteam|p2|Dragonite||LoadedDice|Multiscale|ScaleShot,ExtremeSpeed,Haze,Protect|||M|||50|,,,,,Fairy]Volcarona||CovertCloak|FlameBody|HeatWave,TeraBlast,QuiverDance,Protect|||F|||50|,,,,,Fairy]Sneasler||FocusSash|Unburden|CloseCombat,DireClaw,RockSlide,Protect|||M|||50|,,,,,Stellar]Rillaboom||AssaultVest|GrassySurge|WoodHammer,GrassyGlide,HighHorsepower,FakeOut|||M|||50|,,,,,Water]Electabuzz||Eviolite|VitalSpirit|Electroweb,FollowMe,Taunt,Protect|||M|||50|,,,,,Ghost]Kingambit||BlackGlasses|Defiant|KowtowCleave,SuckerPunch,SwordsDance,Protect|||M|||50|,,,,,Dark
|inactive|Battle timer is ON: inactive players will automatically lose when time's up. (requested by dambro222)
|inactive|WHERE IS MY WALLET also wants the timer to be on.
|inactive|dambro222 has 60 seconds left.
|
|t:|1756800363
|teamsize|p1|4
|teamsize|p2|4
|start
|switch|p1a: Duramente|Kingdra, L50, F|100/100
|switch|p1b: Electric bill|Electabuzz, L50, M, shiny|100/100
|switch|p2a: Kingambit|Kingambit, L50, M, shiny|100/100
|switch|p2b: Electabuzz|Electabuzz, L50, M|100/100
|turn|1
|
|t:|1756800381
|move|p2b: Electabuzz|Follow Me|p2b: Electabuzz
|-singleturn|p2b: Electabuzz|move: Follow Me
|move|p1b: Electric bill|Taunt|p2b: Electabuzz
|-start|p2b: Electabuzz|move: Taunt
|move|p1a: Duramente|Muddy Water|p2b: Electabuzz|[spread] p2a,p2b
|-damage|p2a: Kingambit|62/100
|-damage|p2b: Electabuzz|71/100
|-unboost|p2a: Kingambit|accuracy|1
|-ability|p2a: Kingambit|Defiant|boost
|-boost|p2a: Kingambit|atk|2
|-damage|p1a: Duramente|91/100|[from] item: Life Orb
|move|p2a: Kingambit|Swords Dance|p2a: Kingambit
|-boost|p2a: Kingambit|atk|2
|
|upkeep
|turn|2
|inactive|WHERE IS MY WALLET has 30 seconds left.
|inactive|dambro222 has 30 seconds left.
|inactive|dambro222 has 20 seconds left.
|inactive|WHERE IS MY WALLET has 20 seconds left.
|inactive|dambro222 has 15 seconds left.
|inactive|dambro222 has 10 seconds left.
|
|t:|1756800428
|move|p2a: Kingambit|Protect|p2a: Kingambit
|-singleturn|p2a: Kingambit|Protect
|move|p1b: Electric bill|Follow Me|p1b: Electric bill
|-singleturn|p1b: Electric bill|move: Follow Me
|move|p1a: Duramente|Muddy Water|p2a: Kingambit|[spread] p2b
|-activate|p2a: Kingambit|move: Protect
|-damage|p2b: Electabuzz|40/100
|-damage|p1a: Duramente|81/100|[from] item: Life Orb
|move|p2b: Electabuzz|Electroweb|p1b: Electric bill|[spread] p1b
|-miss|p2b: Electabuzz|p1a: Duramente
|-resisted|p1b: Electric bill
|-damage|p1b: Electric bill|95/100
|-unboost|p1b: Electric bill|spe|1
|
|upkeep
|turn|3
|
|t:|1756800447
|move|p1a: Duramente|Protect|p1a: Duramente
|-singleturn|p1a: Duramente|Protect
|move|p2b: Electabuzz|Electroweb|p1a: Duramente|[spread] p1b
|-activate|p1a: Duramente|move: Protect
|-resisted|p1b: Electric bill
|-damage|p1b: Electric bill|90/100
|-unboost|p1b: Electric bill|spe|1
|move|p1b: Electric bill|Electroweb|p2b: Electabuzz|[spread] p2a,p2b
|-resisted|p2b: Electabuzz
|-damage|p2a: Kingambit|49/100
|-damage|p2b: Electabuzz|35/100
|-unboost|p2a: Kingambit|spe|1
|-ability|p2a: Kingambit|Defiant|boost
|-boost|p2a: Kingambit|atk|2
|-unboost|p2b: Electabuzz|spe|1
|move|p2a: Kingambit|Kowtow Cleave|p1a: Duramente
|-activate|p1a: Duramente|move: Protect
|
|upkeep
|turn|4
|
|t:|1756800466
|-terastallize|p1a: Duramente|Stellar
|move|p2a: Kingambit|Protect|p2a: Kingambit
|-singleturn|p2a: Kingambit|Protect
|move|p1b: Electric bill|Follow Me|p1b: Electric bill
|-singleturn|p1b: Electric bill|move: Follow Me
|move|p1a: Duramente|Muddy Water|p2b: Electabuzz|[spread] p2b
|-activate|p2a: Kingambit|move: Protect
|-damage|p2b: Electabuzz|0 fnt
|faint|p2b: Electabuzz
|-damage|p1a: Duramente|71/100|[from] item: Life Orb
|
|upkeep
|
|t:|1756800479
|switch|p2b: Sneasler|Sneasler, L50, M|100/100
|turn|5
|inactive|dambro222 has 30 seconds left.
|inactive|WHERE IS MY WALLET has 30 seconds left.
|inactive|WHERE IS MY WALLET has 20 seconds left.
|
|t:|1756800521
|move|p1b: Electric bill|Follow Me|p1b: Electric bill
|-singleturn|p1b: Electric bill|move: Follow Me
|move|p2b: Sneasler|Dire Claw|p1b: Electric bill
|-damage|p1b: Electric bill|46/100
|move|p1a: Duramente|Muddy Water|p2a: Kingambit|[spread] p2a,p2b
|-damage|p2a: Kingambit|8/100
|-damage|p2b: Sneasler|44/100
|-unboost|p2b: Sneasler|accuracy|1
|-damage|p1a: Duramente|61/100|[from] item: Life Orb
|move|p2a: Kingambit|Kowtow Cleave|p1b: Electric bill
|-damage|p1b: Electric bill|0 fnt
|faint|p1b: Electric bill
|
|upkeep
|
|t:|1756800539
|switch|p1b: Duct tape|Pelipper, L50, F|100/100
|-weather|RainDance|[from] ability: Drizzle|[of] p1b: Duct tape
|turn|6
|
|t:|1756800553
|switch|p1a: JUSTICE|Archaludon, L50, M|100/100
|move|p2a: Kingambit|Protect|p2a: Kingambit
|-singleturn|p2a: Kingambit|Protect
|move|p2b: Sneasler|Rock Slide|p1a: JUSTICE|[spread] p1a
|-miss|p2b: Sneasler|p1b: Duct tape
|-resisted|p1a: JUSTICE
|-damage|p1a: JUSTICE|94/100
|-ability|p1a: JUSTICE|Stamina|boost
|-boost|p1a: JUSTICE|def|1
|move|p1b: Duct tape|Weather Ball|p2a: Kingambit
|-activate|p2a: Kingambit|move: Protect
|
|-weather|RainDance|[upkeep]
|upkeep
|turn|7
|
|t:|1756800574
|switch|p1a: Duramente|Kingdra, L50, F, tera:Stellar|61/100
|-terastallize|p2a: Kingambit|Dark
|move|p2a: Kingambit|Sucker Punch||[still]
|-fail|p2a: Kingambit
|move|p2b: Sneasler|Dire Claw|p1b: Duct tape
|-damage|p1b: Duct tape|40/100
|move|p1b: Duct tape|Weather Ball|p2a: Kingambit
|-damage|p2a: Kingambit|0 fnt
|faint|p2a: Kingambit
|
|-weather|RainDance|[upkeep]
|upkeep
|
|t:|1756800585
|switch|p2a: Dragonite|Dragonite, L50, M|100/100
|turn|8
|
|t:|1756800612
|switch|p1b: JUSTICE|Archaludon, L50, M|94/100
|move|p1a: Duramente|Draco Meteor|p2a: Dragonite
|-supereffective|p2a: Dragonite
|-damage|p2a: Dragonite|0 fnt
|-unboost|p1a: Duramente|spa|2
|faint|p2a: Dragonite
|-damage|p1a: Duramente|51/100|[from] item: Life Orb
|move|p2b: Sneasler|Rock Slide|p1a: Duramente|[spread] p1b
|-miss|p2b: Sneasler|p1a: Duramente
|-resisted|p1b: JUSTICE
|-damage|p1b: JUSTICE|88/100
|-ability|p1b: JUSTICE|Stamina|boost
|-boost|p1b: JUSTICE|def|1
|
|-weather|RainDance|[upkeep]
|upkeep
|turn|9
|-message|dambro222 forfeited.
|
|win|WHERE IS MY WALLET
|l|☆dambro222
|player|p2|
||dambro222 is ready for game 2.
||WHERE IS MY WALLET is ready for game 2.
|uhtml|next|Next: Game 2 of 3
|j|☆dambro222
|player|p2|dambro222|ethan|
