|j|â˜†RouletteRegional
|j|â˜†Luxerna
|html|RouletteRegionalLuxerna    
|uhtml|bestof|Game 3 of a best-of-3
|t:|1786206936
|gametype|doubles
|player|p1|RouletteRegional|lance|1441
|player|p2|Luxerna|waitress-gen4|1427
|gen|9
|tier|[Gen 9 Champions] VGC 2026 Reg M-B (Bo3)
|rated|
|rule|Species Clause: Limit one of each PokÃ©mon
|rule|Item Clause: Limit 1 of each item
|clearpoke
|poke|p1|Charizard, L50, F|
|poke|p1|Floette-Eternal, L50, F|
|poke|p1|Dragonite, L50, M|
|poke|p1|Sneasler, L50, M|
|poke|p1|Kingambit, L50, M|
|poke|p1|Whimsicott, L50, M|
|poke|p2|Tyranitar, L50, F|
|poke|p2|Staraptor, L50, F|
|poke|p2|Excadrill, L50, F|
|poke|p2|Gholdengo, L50|
|poke|p2|Milotic, L50, F|
|poke|p2|Sinistcha, L50|
|teampreview|4
|showteam|p1|Charizard||CharizarditeY|Blaze|HeatWave,SolarBeam,WeatherBall,Protect|Modest||F|||50|]Floette-Eternal||Floettite|FlowerVeil|Moonblast,DazzlingGleam,LightofRuin,Protect|Modest||F|||50|]Dragonite||LifeOrb|InnerFocus|DragonClaw,ExtremeSpeed,LowKick,Protect|Adamant||M|||50|]Sneasler||WhiteHerb|Unburden|CloseCombat,DireClaw,FakeOut,Coaching|Jolly||M|||50|]Kingambit||BlackGlasses|Defiant|KowtowCleave,SuckerPunch,SwordsDance,Protect|Adamant||M|||50|]Whimsicott||FocusSash|Prankster|Moonblast,Tailwind,Encore,Protect|Timid||M|||50|
|showteam|p2|Tyranitar||Tyranitarite|SandStream|RockSlide,KnockOff,HighHorsepower,Protect|Jolly||F|||50|]Staraptor||Staraptite|Intimidate|BraveBird,CloseCombat,Tailwind,Protect|Jolly||F|||50|]Excadrill||FocusSash|SandRush|HighHorsepower,IronHead,RockSlide,Protect|Adamant||F|||50|]Gholdengo||LifeOrb|GoodasGold|MakeItRain,ShadowBall,NastyPlot,Protect|Modest|||||50|]Milotic||SitrusBerry|Competitive|Protect,IceBeam,Scald,IcyWind|Modest||F|||50|]Sinistcha||ColburBerry|Hospitality|MatchaGotcha,RagePowder,ShadowBall,Protect|Bold|||||50|
|
|t:|1786206997
|teamsize|p1|4
|teamsize|p2|4
|start
|switch|p1a: Charizard|Charizard, L50, F|100/100
|switch|p1b: Dragonite|Dragonite, L50, M|100/100
|switch|p2a: MiguelSVC|Staraptor, L50, F|100/100
|switch|p2b: Triple T|Gholdengo, L50|100/100
|-ability|p2a: MiguelSVC|Intimidate|boost
|-unboost|p1a: Charizard|atk|1
|-fail|p1b: Dragonite|unboost|Attack|[from] ability: Inner Focus|[of] p1b: Dragonite
|turn|1
|inactive|Battle timer is ON: inactive players will automatically lose when time's up. (requested by RouletteRegional)
|inactive|Luxerna has 60 seconds left.
|
|t:|1786207053
|move|p2b: Triple T|Protect|p2b: Triple T
|-singleturn|p2b: Triple T|Protect
|move|p2a: MiguelSVC|Tailwind|p2a: MiguelSVC
|-sidestart|p2: Luxerna|move: Tailwind
|move|p1a: Charizard|Heat Wave|p2a: MiguelSVC|[spread] p2a
|-activate|p2b: Triple T|move: Protect
|-damage|p2a: MiguelSVC|56/100
|move|p1b: Dragonite|Dragon Claw|p2a: MiguelSVC
|-damage|p2a: MiguelSVC|0 fnt
|faint|p2a: MiguelSVC
|-damage|p1b: Dragonite|90/100|[from] item: Life Orb
|
|upkeep
|
|t:|1786207054
|switch|p2a: FloppaVs|Tyranitar, L50, F|100/100
|-weather|Sandstorm|[from] ability: Sand Stream|[of] p2a: FloppaVs
|turn|2
|
|t:|1786207072
|switch|p1a: Kingambit|Kingambit, L50, M|100/100
|detailschange|p2a: FloppaVs|Tyranitar-Mega, L50, F
|-mega|p2a: FloppaVs|Tyranitar|Tyranitarite
|move|p1b: Dragonite|Protect|p1b: Dragonite
|-singleturn|p1b: Dragonite|Protect
|move|p2a: FloppaVs|Rock Slide|p1b: Dragonite|[spread] p1a
|-activate|p1b: Dragonite|move: Protect
|-resisted|p1a: Kingambit|1
|-damage|p1a: Kingambit|87/100
|move|p2b: Triple T|Nasty Plot|p2b: Triple T
|-boost|p2b: Triple T|spa|2
|
|-weather|Sandstorm|[upkeep]
|-damage|p1b: Dragonite|84/100|[from] Sandstorm
|upkeep
|turn|3
|inactive|RouletteRegional has 30 seconds left.
|
|t:|1786207102
|switch|p1b: Whimsicott|Whimsicott, L50, M|100/100
|move|p1a: Kingambit|Sucker Punch|p2b: Triple T
|-supereffective|p2b: Triple T|1
|-damage|p2b: Triple T|11/100
|move|p2a: FloppaVs|Rock Slide|p1a: Kingambit|[spread] p1a,p1b
|-resisted|p1a: Kingambit|1
|-damage|p1a: Kingambit|73/100
|-damage|p1b: Whimsicott|47/100
|move|p2b: Triple T|Shadow Ball|p1a: Kingambit
|-resisted|p1a: Kingambit|1
|-damage|p1a: Kingambit|25/100
|-unboost|p1a: Kingambit|spd|1
|-ability|p1a: Kingambit|Defiant|boost
|-boost|p1a: Kingambit|atk|2
|-damage|p2b: Triple T|1/100|[from] item: Life Orb
|
|-weather|Sandstorm|[upkeep]
|-damage|p1b: Whimsicott|41/100|[from] Sandstorm
|upkeep
|turn|4
|inactive|RouletteRegional has 30 seconds left.
|
|t:|1786207131
|switch|p2a: Bugaboo|Milotic, L50, F|100/100
|move|p2b: Triple T|Protect|p2b: Triple T
|-singleturn|p2b: Triple T|Protect
|move|p1a: Kingambit|Protect|p1a: Kingambit
|-singleturn|p1a: Kingambit|Protect
|move|p1b: Whimsicott|Tailwind|p1b: Whimsicott
|-sidestart|p1: RouletteRegional|move: Tailwind
|
|-weather|Sandstorm|[upkeep]
|-damage|p1b: Whimsicott|35/100|[from] Sandstorm
|-damage|p2a: Bugaboo|94/100|[from] Sandstorm
|-sideend|p2: Luxerna|move: Tailwind
|upkeep
|turn|5
|c|â˜†Luxerna|bro is so luck
|c|â˜†RouletteRegional|where did the luck happen?
|c|â˜†Luxerna|defiant
|c|â˜†Luxerna|shadow ball sp def drop
|inactive|RouletteRegional has 30 seconds left.
|c|â˜†Luxerna|again
|c|â˜†RouletteRegional|lmao alright
|c|â˜†Luxerna|bro
|
|t:|1786207162
|move|p1a: Kingambit|Sucker Punch|p2a: Bugaboo
|-damage|p2a: Bugaboo|0 fnt
|faint|p2a: Bugaboo
|move|p1b: Whimsicott|Moonblast|p2b: Triple T
|-resisted|p2b: Triple T|1
|-damage|p2b: Triple T|0 fnt
|faint|p2b: Triple T
|
|-weather|Sandstorm|[upkeep]
|-damage|p1b: Whimsicott|29/100|[from] Sandstorm
|upkeep
|c|â˜†Luxerna|learn to play
|c|â˜†Luxerna|really
|-message|Luxerna forfeited.
|raw|RouletteRegional's rating: 1441 → 1460(+19 for winning)
|raw|Luxerna's rating: 1427 → 1408(-19 for losing)
|
|win|RouletteRegional
