|j|☆neuesspielzeug
|j|☆ctjn17
|html|neuesspielzeugctjn17    
|uhtml|bestof|Game 1 of a best-of-3
|t:|1784520966
|gametype|doubles
|player|p1|neuesspielzeug|2|1223
|player|p2|ctjn17|101|1263
|gen|9
|tier|[Gen 9 Champions] VGC 2026 Reg M-B (Bo3)
|rated|
|rule|Species Clause: Limit one of each Pokémon
|rule|Item Clause: Limit 1 of each item
|clearpoke
|poke|p1|Scrafty, L50, F|
|poke|p1|Toxapex, L50, M|
|poke|p1|Metagross, L50|
|poke|p1|Chandelure, L50, M|
|poke|p1|Hydreigon, L50, F|
|poke|p1|Sneasler, L50, M|
|poke|p2|Milotic, L50, F|
|poke|p2|Scovillain, L50, F|
|poke|p2|Tyranitar, L50, M|
|poke|p2|Gholdengo, L50|
|poke|p2|Sneasler, L50, M|
|poke|p2|Hydreigon, L50, F|
|teampreview|4
|showteam|p1|Scrafty||Scraftinite|Intimidate|FakeOut,DrainPunch,KnockOff,PoisonJab|Careful||F|||50|]Toxapex||Leftovers|Regenerator|Infestation,Toxic,BanefulBunker,WideGuard|Bold||M|||50|]Metagross||Metagrossite|ClearBody|PsychicFangs,StompingTantrum,IcePunch,Protect|Jolly|||||50|]Chandelure||FocusSash|FlashFire|EnergyBall,HeatWave,ShadowBall,Protect|Timid||M|||50|]Hydreigon||ChoiceScarf|Levitate|DracoMeteor,Snarl,DarkPulse,EarthPower|Modest||F|||50|]Sneasler||LifeOrb|PoisonTouch|FakeOut,CloseCombat,DireClaw,Protect|Jolly||M|||50|
|showteam|p2|Milotic||SitrusBerry|Competitive|Scald,IcyWind,Haze,Protect|Modest||F|||50|]Scovillain||Scovillainite|Moody|RagePowder,Protect,Overheat,LeechSeed|Bold||F|||50|]Tyranitar||Tyranitarite|SandStream|RockSlide,KnockOff,HighHorsepower,Protect|Jolly||M|||50|]Gholdengo||LifeOrb|GoodasGold|MakeItRain,ShadowBall,NastyPlot,Protect|Modest|||||50|]Sneasler||WhiteHerb|Unburden|FakeOut,CloseCombat,DireClaw,Protect|Adamant||M|||50|]Hydreigon||ChoiceScarf|Levitate|DarkPulse,DracoMeteor,Snarl,EarthPower|Modest||F|||50|
|inactive|Battle timer is ON: inactive players will automatically lose when time's up. (requested by ctjn17)
|inactive|ctjn17 has 60 seconds left.
|
|t:|1784521030
|teamsize|p1|4
|teamsize|p2|4
|start
|switch|p1a: Chandelure|Chandelure, L50, M|100/100
|switch|p1b: Sneasler|Sneasler, L50, M|100/100
|switch|p2a: Milotic|Milotic, L50, F|100/100
|switch|p2b: Scovillain|Scovillain, L50, F|100/100
|turn|1
|inactive|ctjn17 has 30 seconds left.
|
|t:|1784521061
|detailschange|p2b: Scovillain|Scovillain-Mega, L50, F
|-mega|p2b: Scovillain|Scovillain|Scovillainite
|move|p1b: Sneasler|Fake Out|p2a: Milotic
|-damage|p2a: Milotic|84/100
|-damage|p1b: Sneasler|90/100|[from] item: Life Orb
|move|p2b: Scovillain|Rage Powder|p2b: Scovillain
|-singleturn|p2b: Scovillain|move: Rage Powder
|move|p1a: Chandelure|Heat Wave|p2b: Scovillain|[spread] p2a,p2b
|-resisted|p2a: Milotic|1
|-damage|p2a: Milotic|69/100
|-damage|p2b: Scovillain|62/100
|-immune|p1a: Chandelure
|cant|p2a: Milotic|flinch
|
|upkeep
|turn|2
|
|t:|1784521085
|move|p2b: Scovillain|Rage Powder|p2b: Scovillain
|-singleturn|p2b: Scovillain|move: Rage Powder
|move|p1b: Sneasler|Dire Claw|p2b: Scovillain
|-supereffective|p2b: Scovillain|1
|-damage|p2b: Scovillain|0 fnt
|-status|p1b: Sneasler|brn|[from] ability: Spicy Spray|[of] p2b: Scovillain
|faint|p2b: Scovillain
|-damage|p1b: Sneasler|80/100 brn|[from] item: Life Orb
|move|p1a: Chandelure|Energy Ball|p2a: Milotic
|-supereffective|p2a: Milotic|1
|-damage|p2a: Milotic|22/100
|-enditem|p2a: Milotic|Sitrus Berry|[eat]
|-heal|p2a: Milotic|47/100|[from] item: Sitrus Berry
|move|p2a: Milotic|Scald|p1a: Chandelure
|-supereffective|p1a: Chandelure|1
|-crit|p1a: Chandelure
|-enditem|p1a: Chandelure|Focus Sash
|-damage|p1a: Chandelure|1/100
|
|-damage|p1b: Sneasler|75/100 brn|[from] brn
|upkeep
|inactive|ctjn17 has 30 seconds left.
|
|t:|1784521113
|switch|p2b: Sneasler|Sneasler, L50, M|100/100
|turn|3
|inactive|neuesspielzeug has 30 seconds left.
|inactive|neuesspielzeug has 20 seconds left.
|
|t:|1784521151
|switch|p1a: Hydreigon|Hydreigon, L50, F|100/100
|move|p1b: Sneasler|Protect|p1b: Sneasler
|-singleturn|p1b: Sneasler|Protect
|move|p2b: Sneasler|Dire Claw|p1a: Hydreigon
|-damage|p1a: Hydreigon|46/100
|-status|p1a: Hydreigon|par
|move|p2a: Milotic|Icy Wind|p1a: Hydreigon|[spread] p1a
|-activate|p1b: Sneasler|move: Protect
|-supereffective|p1a: Hydreigon|1
|-damage|p1a: Hydreigon|19/100 par
|-unboost|p1a: Hydreigon|spe|1
|
|-damage|p1b: Sneasler|69/100 brn|[from] brn
|upkeep
|turn|4
|inactive|ctjn17 has 30 seconds left.
|inactive|ctjn17 has 20 seconds left.
|inactive|ctjn17 has 15 seconds left.
|inactive|ctjn17 has 10 seconds left.
|
|t:|1784521197
|move|p1b: Sneasler|Dire Claw|p2a: Milotic
|-crit|p2a: Milotic
|-damage|p2a: Milotic|8/100
|-status|p2a: Milotic|psn
|-damage|p1b: Sneasler|59/100 brn|[from] item: Life Orb
|move|p2b: Sneasler|Close Combat|p1a: Hydreigon
|-supereffective|p1a: Hydreigon|1
|-damage|p1a: Hydreigon|0 fnt
|-unboost|p2b: Sneasler|def|1
|-unboost|p2b: Sneasler|spd|1
|faint|p1a: Hydreigon
|-enditem|p2b: Sneasler|White Herb
|-clearnegativeboost|p2b: Sneasler|[silent]
|move|p2a: Milotic|Scald|p1b: Sneasler
|-damage|p1b: Sneasler|13/100 brn
|
|-damage|p2a: Milotic|0 fnt|[from] psn
|faint|p2a: Milotic
|-damage|p1b: Sneasler|7/100 brn|[from] brn
|upkeep
|
|t:|1784521209
|switch|p1a: Scrafty|Scrafty, L50, F|100/100
|switch|p2a: Gholdengo|Gholdengo, L50|100/100
|-ability|p1a: Scrafty|Intimidate|boost
|-unboost|p2a: Gholdengo|atk|1
|-unboost|p2b: Sneasler|atk|1
|turn|5
|
|t:|1784521225
|detailschange|p1a: Scrafty|Scrafty-Mega, L50, F
|-mega|p1a: Scrafty|Scrafty|Scraftinite
|-ability|p1a: Scrafty|Intimidate|boost
|-unboost|p2a: Gholdengo|atk|1
|-unboost|p2b: Sneasler|atk|1
|move|p1a: Scrafty|Fake Out|p2b: Sneasler
|-damage|p2b: Sneasler|77/100
|cant|p2b: Sneasler|flinch
|move|p1b: Sneasler|Dire Claw|p2b: Sneasler
|-resisted|p2b: Sneasler|1
|-damage|p2b: Sneasler|54/100
|-damage|p1b: Sneasler|0 fnt|[from] item: Life Orb
|faint|p1b: Sneasler
|move|p2a: Gholdengo|Nasty Plot|p2a: Gholdengo
|-boost|p2a: Gholdengo|spa|2
|
|upkeep
|
|t:|1784521237
|switch|p1b: Chandelure|Chandelure, L50, M|1/100
|turn|6
|inactive|neuesspielzeug has 30 seconds left.
|
|t:|1784521263
|move|p1b: Chandelure|Protect|p1b: Chandelure
|-singleturn|p1b: Chandelure|Protect
|move|p2b: Sneasler|Dire Claw|p1b: Chandelure
|-activate|p1b: Chandelure|move: Protect
|move|p2a: Gholdengo|Make It Rain|p1a: Scrafty|[spread] p1a
|-activate|p1b: Chandelure|move: Protect
|-damage|p1a: Scrafty|22/100
|-unboost|p2a: Gholdengo|spa|2
|-damage|p2a: Gholdengo|90/100|[from] item: Life Orb
|move|p1a: Scrafty|Knock Off|p2a: Gholdengo
|-supereffective|p2a: Gholdengo|1
|-damage|p2a: Gholdengo|16/100
|-enditem|p2a: Gholdengo|Life Orb|[from] move: Knock Off|[of] p1a: Scrafty
|
|upkeep
|turn|7
|inactive|neuesspielzeug has 30 seconds left.
|inactive|neuesspielzeug has 20 seconds left.
|
|t:|1784521300
|move|p1b: Chandelure|Protect||[still]
|-fail|p1b: Chandelure
|move|p2b: Sneasler|Dire Claw|p1b: Chandelure
|-resisted|p1b: Chandelure|1
|-damage|p1b: Chandelure|0 fnt
|faint|p1b: Chandelure
|move|p2a: Gholdengo|Make It Rain|p1a: Scrafty
|-damage|p1a: Scrafty|0 fnt
|-unboost|p2a: Gholdengo|spa|2
|faint|p1a: Scrafty
|
|win|ctjn17
