|j|☆StarfleetEnsignAni
|j|☆bigdamagego
|html|StarfleetEnsignAnibigdamagego    
|uhtml|bestof|Game 2 of a best-of-3
|t:|1783428426
|gametype|doubles
|player|p1|StarfleetEnsignAni|170|
|player|p2|bigdamagego|steven|
|gen|9
|tier|[Gen 9 Champions] VGC 2026 Reg M-B (Bo3)
|rule|Species Clause: Limit one of each Pokémon
|rule|Item Clause: Limit 1 of each item
|clearpoke
|poke|p1|Sinistcha, L50|
|poke|p1|Azumarill, L50, F|
|poke|p1|Raichu, L50, F|
|poke|p1|Farigiraf, L50, M|
|poke|p1|Drampa, L50, F|
|poke|p1|Charizard, L50, M|
|poke|p2|Floette-Eternal, L50, F|
|poke|p2|Delphox, L50, F|
|poke|p2|Kingambit, L50, F|
|poke|p2|Sneasler, L50, F|
|poke|p2|Sinistcha, L50|
|poke|p2|Incineroar, L50, F|
|teampreview|4
|showteam|p1|Sinistcha||ColburBerry|Hospitality|MatchaGotcha,LifeDew,TrickRoom,RagePowder|Bold|||||50|]Azumarill||SitrusBerry|HugePower|PlayRough,AquaJet,Protect,BellyDrum|Brave||F|||50|]Raichu||RaichuniteX|Static|VoltTackle,VoltSwitch,FakeOut,Protect|Jolly||F|||50|]Farigiraf||Leftovers|ArmorTail|TwinBeam,HelpingHand,TrickRoom,Protect|Bold||M|||50|]Drampa||LifeOrb|CloudNine|DragonPulse,HyperVoice,CalmMind,Protect|Quiet||F|||50|]Charizard||CharizarditeY|Blaze|HeatWave,WeatherBall,SolarBeam,Protect|Timid||M|||50|
|showteam|p2|Floette-Eternal||Floettite|FlowerVeil|Protect,CalmMind,DazzlingGleam,DrainingKiss|Modest||F|||50|]Delphox||Delphoxite|Blaze|HeatWave,Psychic,NastyPlot,Protect|Timid||F|||50|]Kingambit||BlackGlasses|Defiant|SuckerPunch,KowtowCleave,SwordsDance,Protect|Adamant||F|||50|]Sneasler||FocusSash|PoisonTouch|FakeOut,PoisonJab,CloseCombat,QuickGuard|Jolly||F|||50|]Sinistcha||CobaBerry|Hospitality|MatchaGotcha,RagePowder,Protect,TrickRoom|Calm|||||50|]Incineroar||SitrusBerry|Intimidate|FakeOut,FlareBlitz,ThroatChop,PartingShot|Bold||F|||50|
|j| floettefan670
|c| floettefan670|u got games on yo phone?
|c|☆StarfleetEnsignAni|I do
|
|t:|1783428466
|teamsize|p1|4
|teamsize|p2|4
|start
|switch|p1a: Farigiraf|Farigiraf, L50, M|100/100
|switch|p1b: Azumarill|Azumarill, L50, F|100/100
|switch|p2a: Sneasler|Sneasler, L50, F|100/100
|switch|p2b: Floette|Floette-Eternal, L50, F|100/100
|turn|1
|
|t:|1783428485
|detailschange|p2b: Floette|Floette-Mega, L50, F
|-mega|p2b: Floette|Floette|Floettite
|-ability|p2b: Floette|Fairy Aura
|move|p2a: Sneasler|Close Combat|p1a: Farigiraf
|-damage|p1a: Farigiraf|55/100
|-unboost|p2a: Sneasler|def|1
|-unboost|p2a: Sneasler|spd|1
|move|p2b: Floette|Dazzling Gleam|p1a: Farigiraf|[spread] p1a,p1b
|-damage|p1a: Farigiraf|8/100
|-damage|p1b: Azumarill|49/100
|-enditem|p1b: Azumarill|Sitrus Berry|[eat]
|-heal|p1b: Azumarill|73/100|[from] item: Sitrus Berry
|move|p1b: Azumarill|Belly Drum|p1b: Azumarill
|-damage|p1b: Azumarill|23/100
|-setboost|p1b: Azumarill|atk|6|[from] move: Belly Drum
|move|p1a: Farigiraf|Trick Room|p1a: Farigiraf
|-fieldstart|move: Trick Room|[of] p1a: Farigiraf
|
|-heal|p1a: Farigiraf|14/100|[from] item: Leftovers
|upkeep
|turn|2
|
|t:|1783428517
|move|p2b: Floette|Protect|p2b: Floette
|-singleturn|p2b: Floette|Protect
|move|p1b: Azumarill|Play Rough|p2b: Floette
|-activate|p2b: Floette|move: Protect
|move|p1a: Farigiraf|Twin Beam|p2a: Sneasler
|-supereffective|p2a: Sneasler|2
|-enditem|p2a: Sneasler|Focus Sash
|-damage|p2a: Sneasler|1/100
|-supereffective|p2a: Sneasler|2
|-damage|p2a: Sneasler|0 fnt
|faint|p2a: Sneasler
|-hitcount|p2: Sneasler|2
|
|-heal|p1a: Farigiraf|21/100|[from] item: Leftovers
|upkeep
|
|t:|1783428526
|switch|p2a: Sinistcha|Sinistcha, L50|100/100
|turn|3
|
|t:|1783428538
|move|p1a: Farigiraf|Protect|p1a: Farigiraf
|-singleturn|p1a: Farigiraf|Protect
|move|p2a: Sinistcha|Rage Powder|p2a: Sinistcha
|-singleturn|p2a: Sinistcha|move: Rage Powder
|move|p1b: Azumarill|Play Rough|p2a: Sinistcha
|-damage|p2a: Sinistcha|0 fnt
|faint|p2a: Sinistcha
|move|p2b: Floette|Dazzling Gleam|p1a: Farigiraf|[spread] p1b
|-activate|p1a: Farigiraf|move: Protect
|-damage|p1b: Azumarill|0 fnt
|faint|p1b: Azumarill
|
|-heal|p1a: Farigiraf|27/100|[from] item: Leftovers
|upkeep
|
|t:|1783428550
|switch|p1b: Drampa|Drampa, L50, F|100/100
|switch|p2a: Kingambit|Kingambit, L50, F|100/100
|-ability|p1b: Drampa|Cloud Nine
|turn|4
|
|t:|1783428584
|move|p1a: Farigiraf|Helping Hand|p1b: Drampa
|-singleturn|p1b: Drampa|Helping Hand|[of] p1a: Farigiraf
|move|p1b: Drampa|Hyper Voice|p2b: Floette|[spread] p2a,p2b
|-resisted|p2a: Kingambit|1
|-damage|p2a: Kingambit|64/100
|-damage|p2b: Floette|36/100
|-damage|p1b: Drampa|90/100|[from] item: Life Orb
|move|p2a: Kingambit|Kowtow Cleave|p1a: Farigiraf
|-supereffective|p1a: Farigiraf|1
|-damage|p1a: Farigiraf|0 fnt
|faint|p1a: Farigiraf
|move|p2b: Floette|Dazzling Gleam|p1b: Drampa
|-supereffective|p1b: Drampa|1
|-damage|p1b: Drampa|0 fnt
|faint|p1b: Drampa
|
|upkeep
|
|t:|1783428600
|switch|p1b: Raichu|Raichu, L50, F|100/100
|turn|5
|
|t:|1783428611
|move|p2a: Kingambit|Protect|p2a: Kingambit
|-singleturn|p2a: Kingambit|Protect
|move|p2b: Floette|Protect|p2b: Floette
|-singleturn|p2b: Floette|Protect
|move|p1b: Raichu|Protect||[still]
|-fail|p1b: Raichu
|
|-fieldend|move: Trick Room
|upkeep
|turn|6
|
|t:|1783428623
|detailschange|p1b: Raichu|Raichu-Mega-X, L50, F
|-mega|p1b: Raichu|Raichu|Raichunite X
|-fieldstart|move: Electric Terrain|[from] ability: Electric Surge|[of] p1b: Raichu
|move|p2a: Kingambit|Sucker Punch|p1b: Raichu
|-damage|p1b: Raichu|34/100
|move|p1b: Raichu|Volt Tackle|p2b: Floette
|-damage|p2b: Floette|0 fnt
|faint|p2b: Floette
|-damage|p1b: Raichu|19/100|[from] Recoil
|
|upkeep
|turn|7
|
|t:|1783428660
|move|p1b: Raichu|Protect|p1b: Raichu
|-singleturn|p1b: Raichu|Protect
|move|p2a: Kingambit|Sucker Punch||[still]
|-fail|p2a: Kingambit
|
|upkeep
|turn|8
|
|t:|1783428665
|move|p1b: Raichu|Protect||[still]
|-fail|p1b: Raichu
|move|p2a: Kingambit|Protect||[still]
|-fail|p2a: Kingambit
|
|upkeep
|turn|9
|
|t:|1783428683
|move|p1b: Raichu|Protect|p1b: Raichu
|-singleturn|p1b: Raichu|Protect
|move|p2a: Kingambit|Protect||[still]
|-fail|p2a: Kingambit
|
|upkeep
|turn|10
|
|t:|1783428690
|move|p2a: Kingambit|Protect|p2a: Kingambit
|-singleturn|p2a: Kingambit|Protect
|move|p1b: Raichu|Volt Tackle|p2a: Kingambit
|-activate|p2a: Kingambit|move: Protect
|
|-fieldend|move: Electric Terrain
|upkeep
|turn|11
|
|t:|1783428701
|move|p1b: Raichu|Protect|p1b: Raichu
|-singleturn|p1b: Raichu|Protect
|move|p2a: Kingambit|Sucker Punch||[still]
|-fail|p2a: Kingambit
|
|upkeep
|turn|12
|
|t:|1783428709
|move|p2a: Kingambit|Sucker Punch|p1b: Raichu
|-damage|p1b: Raichu|0 fnt
|faint|p1b: Raichu
|
|win|bigdamagego
