|j|☆Paco Amores
|j|☆BelRemiGal
|html|Paco AmoresBelRemiGal    
|uhtml|bestof|Game 2 of a best-of-3
|t:|1782974679
|gametype|doubles
|player|p1|Paco Amores|102|1087
|player|p2|BelRemiGal|flannery|1089
|gen|9
|tier|[Gen 9 Champions] VGC 2026 Reg M-B (Bo3)
|rated|
|rule|Species Clause: Limit one of each Pokémon
|rule|Item Clause: Limit 1 of each item
|clearpoke
|poke|p1|Sylveon, L50, M|
|poke|p1|Incineroar, L50, M|
|poke|p1|Aerodactyl, L50, F|
|poke|p1|Charizard, L50, M|
|poke|p1|Metagross, L50|
|poke|p1|Garchomp, L50, M|
|poke|p2|Lopunny, L50, F|
|poke|p2|Gholdengo, L50|
|poke|p2|Farigiraf, L50, M|
|poke|p2|Zoroark-Hisui, L50, F|
|poke|p2|Incineroar, L50, M|
|poke|p2|Aerodactyl, L50, F|
|teampreview|4
|showteam|p1|Sylveon||FairyFeather|Pixilate|HyperBeam,HyperVoice,Detect,QuickAttack|Modest||M|||50|]Incineroar||SitrusBerry|Intimidate|FakeOut,PartingShot,FlareBlitz,ThroatChop|Careful||M|||50|]Aerodactyl||FocusSash|Unnerve|Tailwind,RockSlide,DualWingbeat,Protect|Jolly||F|||50|]Charizard||CharizarditeY|SolarPower|Protect,WeatherBall,SolarBeam,HeatWave|Modest||M|||50|]Metagross||Metagrossite|ClearBody|BulletPunch,PsychicFangs,BodyPress,Protect|Adamant|||||50|]Garchomp||LifeOrb|RoughSkin|Protect,RockSlide,Earthquake,DragonClaw|Jolly||M|||50|
|showteam|p2|Lopunny||Lopunnite|CuteCharm|CloseCombat,FakeOut,Uturn,Protect|Adamant||F|||50|]Gholdengo||LifeOrb|GoodasGold|MakeItRain,ShadowBall,NastyPlot,Protect|Modest|||||50|]Farigiraf||TwistedSpoon|ArmorTail|Psychic,Protect,TrickRoom,Imprison|Modest||M|||50|]Zoroark-Hisui||ChoiceScarf|Illusion|ShadowBall,IcyWind,Snarl,HyperBeam|Modest||F|||50|]Incineroar||SitrusBerry|Intimidate|PartingShot,FakeOut,FlareBlitz,DarkestLariat|Adamant||M|||50|]Aerodactyl||FocusSash|Unnerve|RockSlide,DualWingbeat,WideGuard,Tailwind|Jolly||F|||50|
|inactive|Battle timer is ON: inactive players will automatically lose when time's up. (requested by BelRemiGal)
|
|t:|1782974749
|teamsize|p1|4
|teamsize|p2|4
|start
|switch|p1a: Metagross|Metagross, L50|100/100
|switch|p1b: Aerodactyl|Aerodactyl, L50, F|100/100
|switch|p2a: Incineroar|Incineroar, L50, M|100/100
|switch|p2b: Aerodactyl|Aerodactyl, L50, F|100/100
|-ability|p1b: Aerodactyl|Unnerve
|-ability|p2b: Aerodactyl|Unnerve
|-ability|p2a: Incineroar|Intimidate|boost
|-fail|p1a: Metagross|unboost|[from] ability: Clear Body|[of] p1a: Metagross
|-unboost|p1b: Aerodactyl|atk|1
|turn|1
|inactive|Paco Amores has 30 seconds left.
|
|t:|1782974778
|detailschange|p1a: Metagross|Metagross-Mega, L50
|-mega|p1a: Metagross|Metagross|Metagrossite
|move|p2a: Incineroar|Fake Out|p1a: Metagross
|-resisted|p1a: Metagross|1
|-damage|p1a: Metagross|95/100
|cant|p1a: Metagross|flinch
|move|p2b: Aerodactyl|Tailwind|p2b: Aerodactyl
|-sidestart|p2: BelRemiGal|move: Tailwind
|move|p1b: Aerodactyl|Tailwind|p1b: Aerodactyl
|-sidestart|p1: Paco Amores|move: Tailwind
|
|upkeep
|turn|2
|
|t:|1782974798
|move|p1a: Metagross|Bullet Punch|p2b: Aerodactyl
|-supereffective|p2b: Aerodactyl|1
|-enditem|p2b: Aerodactyl|Focus Sash
|-damage|p2b: Aerodactyl|1/100
|move|p2b: Aerodactyl|Rock Slide|p1a: Metagross|[spread] p1a
|-miss|p2b: Aerodactyl|p1b: Aerodactyl
|-resisted|p1a: Metagross|1
|-damage|p1a: Metagross|85/100
|move|p1b: Aerodactyl|Rock Slide|p2a: Incineroar|[spread] p2a,p2b
|-supereffective|p2a: Incineroar|1
|-supereffective|p2b: Aerodactyl|1
|-damage|p2a: Incineroar|64/100
|-damage|p2b: Aerodactyl|0 fnt
|faint|p2b: Aerodactyl
|move|p2a: Incineroar|Flare Blitz|p1a: Metagross
|-supereffective|p1a: Metagross|1
|-damage|p1a: Metagross|11/100
|-damage|p2a: Incineroar|43/100|[from] Recoil
|
|upkeep
|
|t:|1782974818
|switch|p2b: Lopunny|Lopunny, L50, F|100/100
|turn|3
|inactive|Paco Amores has 30 seconds left.
|inactive|BelRemiGal has 30 seconds left.
|inactive|Paco Amores has 20 seconds left.
|inactive|BelRemiGal has 20 seconds left.
|
|t:|1782974854
|detailschange|p2b: Lopunny|Lopunny-Mega, L50, F
|-mega|p2b: Lopunny|Lopunny|Lopunnite
|move|p1a: Metagross|Protect|p1a: Metagross
|-singleturn|p1a: Metagross|Protect
|move|p1b: Aerodactyl|Rock Slide|p2a: Incineroar|[spread] p2a
|-miss|p1b: Aerodactyl|p2b: Lopunny
|-supereffective|p2a: Incineroar|1
|-damage|p2a: Incineroar|12/100
|move|p2b: Lopunny|U-turn|p1a: Metagross
|-activate|p1a: Metagross|move: Protect
|cant|p2a: Incineroar|flinch
|
|upkeep
|turn|4
|
|t:|1782974875
|move|p1a: Metagross|Bullet Punch|p2a: Incineroar
|-resisted|p2a: Incineroar|1
|-damage|p2a: Incineroar|0 fnt
|faint|p2a: Incineroar
|move|p1b: Aerodactyl|Dual Wingbeat|p2b: Lopunny
|-supereffective|p2b: Lopunny|1
|-damage|p2b: Lopunny|64/100
|-supereffective|p2b: Lopunny|1
|-damage|p2b: Lopunny|30/100
|-hitcount|p2b: Lopunny|2
|move|p2b: Lopunny|U-turn|p1a: Metagross
|-damage|p1a: Metagross|0 fnt
|faint|p1a: Metagross
|
|t:|1782974886
|switch|p2b: Lopunny|Lopunny-Mega, L50, F|100/100|[from] U-turn
|
|-sideend|p2: BelRemiGal|move: Tailwind
|-sideend|p1: Paco Amores|move: Tailwind
|upkeep
|
|t:|1782974895
|switch|p1a: Sylveon|Sylveon, L50, M|100/100
|switch|p2a: Lopunny|Lopunny-Mega, L50, F|30/100
|turn|5
|inactive|Paco Amores has 30 seconds left.
|
|t:|1782974923
|move|p2a: Lopunny|Fake Out|p1b: Aerodactyl
|-resisted|p1b: Aerodactyl|1
|-damage|p1b: Aerodactyl|79/100
|move|p2b: Lopunny|Hyper Beam|p1a: Sylveon
|-damage|p1a: Sylveon|34/100
|-mustrecharge|p2b: Lopunny
|cant|p1b: Aerodactyl|flinch
|move|p1a: Sylveon|Hyper Voice|p2b: Lopunny|[spread] p2a,p2b
|-supereffective|p2a: Lopunny|1
|-damage|p2a: Lopunny|0 fnt
|-damage|p2b: Lopunny|0 fnt
|replace|p2b: Zoroark|Zoroark-Hisui, L50, F
|-end|p2b: Zoroark|Illusion
|faint|p2a: Lopunny
|faint|p2b: Zoroark
|
|win|Paco Amores
||BelRemiGal is ready for game 3.
|inactive|Paco Amores has 30 seconds to confirm battle start!
