|j|☆lettitripppp
|j|☆poopybutt714
|html|lettitripppppoopybutt714    
|uhtml|bestof|Game 1 of a best-of-3
|t:|1785954400
|gametype|doubles
|player|p1|lettitripppp|lucas|1197
|player|p2|poopybutt714|102|1254
|gen|9
|tier|[Gen 9 Champions] VGC 2026 Reg M-B (Bo3)
|rated|
|rule|Species Clause: Limit one of each Pokémon
|rule|Item Clause: Limit 1 of each item
|clearpoke
|poke|p1|Charizard, L50, M, shiny|
|poke|p1|Swampert, L50, F|
|poke|p1|Pelipper, L50, F|
|poke|p1|Venusaur, L50, F|
|poke|p1|Archaludon, L50, M|
|poke|p1|Grimmsnarl, L50, M, shiny|
|poke|p2|Rotom-Wash, L50|
|poke|p2|Tyranitar, L50, F|
|poke|p2|Gholdengo, L50|
|poke|p2|Excadrill, L50, M|
|poke|p2|Annihilape, L50, M|
|poke|p2|Venusaur, L50, M|
|teampreview|4
|showteam|p1|Charizard||CharizarditeY|Blaze|WeatherBall,HeatWave,Hurricane,Protect|Modest||M|||50|]Swampert||Swampertite|Damp|WaveCrash,Earthquake,IcePunch,Protect|Adamant||F|||50|]Pelipper||SitrusBerry|Drizzle|WeatherBall,WideGuard,Hurricane,Tailwind|Modest||F|||50|]Venusaur||FocusSash|Chlorophyll|SleepPowder,SludgeBomb,LeafStorm,Protect|Modest||F|||50|]Archaludon||Leftovers|Stamina|FlashCannon,DragonPulse,ElectroShot,Protect|Calm||M|||50|]Grimmsnarl||LightClay|Prankster|PartingShot,LightScreen,SpiritBreak,Reflect|Sassy||M|||50|
|showteam|p2|Rotom-Wash||ExpertBelt|Levitate|Protect,HydroPump,WillOWisp,Discharge|Calm|||||50|]Tyranitar||Tyranitarite|SandStream|Protect,KnockOff,IcePunch,RockSlide|Adamant||F|||50|]Gholdengo||LifeOrb|GoodasGold|Protect,MakeItRain,ShadowBall,NastyPlot|Timid|||||50|]Excadrill||FocusSash|SandRush|HighHorsepower,Protect,IronHead,Earthquake|Adamant||M|||50|]Annihilape||SitrusBerry|Defiant|Protect,BulkUp,RageFist,DrainPunch|Adamant||M|||50|]Venusaur||Venusaurite|Overgrow|Substitute,SludgeWave,Protect,LeechSeed|Sassy||M|||50|
|inactive|Battle timer is ON: inactive players will automatically lose when time's up. (requested by lettitripppp)
|c|☆lettitripppp|glhf
|inactive|lettitripppp has 60 seconds left.
|inactive|poopybutt714 has 60 seconds left.
|inactive|lettitripppp has 30 seconds left.
|inactive|lettitripppp has 20 seconds left.
|
|t:|1785954472
|teamsize|p1|4
|teamsize|p2|4
|start
|switch|p1a: AGNI|Charizard, L50, M, shiny|100/100
|switch|p1b: GO JOHAN|Grimmsnarl, L50, M, shiny|100/100
|switch|p2a: Tyranitar|Tyranitar, L50, F|100/100
|switch|p2b: Venusaur|Venusaur, L50, M|100/100
|-weather|Sandstorm|[from] ability: Sand Stream|[of] p2a: Tyranitar
|turn|1
|
|t:|1785954490
|switch|p1a: SOFT-SLEEP|Venusaur, L50, F|100/100
|detailschange|p2b: Venusaur|Venusaur-Mega, L50, M
|-mega|p2b: Venusaur|Venusaur|Venusaurite
|move|p1b: GO JOHAN|Reflect|p1b: GO JOHAN
|-sidestart|p1: lettitripppp|Reflect
|move|p2b: Venusaur|Leech Seed|p1a: SOFT-SLEEP
|-immune|p1a: SOFT-SLEEP
|move|p2a: Tyranitar|Knock Off|p1b: GO JOHAN
|-resisted|p1b: GO JOHAN|2
|-damage|p1b: GO JOHAN|90/100
|-enditem|p1b: GO JOHAN|Light Clay|[from] move: Knock Off|[of] p2a: Tyranitar
|
|-weather|Sandstorm|[upkeep]
|-damage|p1a: SOFT-SLEEP|94/100|[from] Sandstorm
|-damage|p2b: Venusaur|94/100|[from] Sandstorm
|-damage|p1b: GO JOHAN|84/100|[from] Sandstorm
|upkeep
|turn|2
|inactive|lettitripppp has 30 seconds left.
|inactive|poopybutt714 has 30 seconds left.
|
|t:|1785954522
|move|p2a: Tyranitar|Protect|p2a: Tyranitar
|-singleturn|p2a: Tyranitar|Protect
|move|p1b: GO JOHAN|Light Screen|p1b: GO JOHAN
|-sidestart|p1: lettitripppp|move: Light Screen
|move|p1a: SOFT-SLEEP|Sleep Powder|p2a: Tyranitar
|-activate|p2a: Tyranitar|move: Protect
|move|p2b: Venusaur|Sludge Wave|p1b: GO JOHAN|[spread] p1a,p1b
|-activate|p2a: Tyranitar|move: Protect
|-supereffective|p1b: GO JOHAN|1
|-damage|p1a: SOFT-SLEEP|73/100
|-damage|p1b: GO JOHAN|49/100
|
|-weather|Sandstorm|[upkeep]
|-damage|p1a: SOFT-SLEEP|67/100|[from] Sandstorm
|-damage|p2b: Venusaur|88/100|[from] Sandstorm
|-damage|p1b: GO JOHAN|43/100|[from] Sandstorm
|upkeep
|turn|3
|
|t:|1785954536
|move|p1b: GO JOHAN|Parting Shot|p2b: Venusaur
|-unboost|p2b: Venusaur|atk|1
|-unboost|p2b: Venusaur|spa|1
|
|t:|1785954540
|switch|p1b: AGNI|Charizard, L50, M, shiny|100/100|[from] Parting Shot
|move|p1a: SOFT-SLEEP|Sleep Powder|p2a: Tyranitar
|-status|p2a: Tyranitar|slp|[from] move: Sleep Powder
|move|p2b: Venusaur|Substitute|p2b: Venusaur
|-start|p2b: Venusaur|Substitute
|-damage|p2b: Venusaur|63/100
|cant|p2a: Tyranitar|slp
|
|-weather|Sandstorm|[upkeep]
|-damage|p1b: AGNI|93/100|[from] Sandstorm
|-damage|p1a: SOFT-SLEEP|62/100|[from] Sandstorm
|-damage|p2b: Venusaur|57/100|[from] Sandstorm
|upkeep
|turn|4
|
|t:|1785954553
|switch|p2a: Rotom|Rotom-Wash, L50|100/100
|detailschange|p1b: AGNI|Charizard-Mega-Y, L50, M, shiny
|-mega|p1b: AGNI|Charizard|Charizardite Y
|-weather|SunnyDay|[from] ability: Drought|[of] p1b: AGNI
|move|p1a: SOFT-SLEEP|Leaf Storm|p2a: Rotom
|-supereffective|p2a: Rotom|1
|-damage|p2a: Rotom|0 fnt
|-unboost|p1a: SOFT-SLEEP|spa|2
|faint|p2a: Rotom
|move|p1b: AGNI|Weather Ball|p2b: Venusaur
|-supereffective|p2b: Venusaur|1
|-end|p2b: Venusaur|Substitute
|move|p2b: Venusaur|Leech Seed|p1b: AGNI
|-start|p1b: AGNI|move: Leech Seed
|
|-weather|SunnyDay|[upkeep]
|-damage|p1b: AGNI|81/100|[from] Leech Seed|[of] p2b: Venusaur
|-heal|p2b: Venusaur|71/100|[silent]
|upkeep
|
|t:|1785954558
|switch|p2a: Tyranitar|Tyranitar, L50, F|100/100 slp
|-weather|Sandstorm|[from] ability: Sand Stream|[of] p2a: Tyranitar
|turn|5
|
|t:|1785954572
|switch|p1a: WET-BEAK|Pelipper, L50, F|100/100
|-weather|RainDance|[from] ability: Drizzle|[of] p1a: WET-BEAK
|move|p1b: AGNI|Heat Wave|p2a: Tyranitar|[spread] p2a,p2b
|-resisted|p2a: Tyranitar|1
|-supereffective|p2b: Venusaur|1
|-crit|p2b: Venusaur
|-damage|p2a: Tyranitar|92/100 slp
|-damage|p2b: Venusaur|51/100
|move|p2b: Venusaur|Substitute|p2b: Venusaur
|-start|p2b: Venusaur|Substitute
|-damage|p2b: Venusaur|26/100
|cant|p2a: Tyranitar|slp
|
|-weather|RainDance|[upkeep]
|-damage|p1b: AGNI|69/100|[from] Leech Seed|[of] p2b: Venusaur
|-heal|p2b: Venusaur|40/100|[silent]
|upkeep
|turn|6
|
|t:|1785954587
|move|p1b: AGNI|Weather Ball|p2a: Tyranitar
|-supereffective|p2a: Tyranitar|1
|-damage|p2a: Tyranitar|0 fnt
|faint|p2a: Tyranitar
|move|p1a: WET-BEAK|Hurricane|p2b: Venusaur
|-supereffective|p2b: Venusaur|1
|-end|p2b: Venusaur|Substitute
|move|p2b: Venusaur|Leech Seed|p1a: WET-BEAK
|-start|p1a: WET-BEAK|move: Leech Seed
|
|-weather|RainDance|[upkeep]
|-damage|p1b: AGNI|57/100|[from] Leech Seed|[of] p2b: Venusaur
|-heal|p2b: Venusaur|54/100|[silent]
|-damage|p1a: WET-BEAK|88/100|[from] Leech Seed|[of] p2b: Venusaur
|-heal|p2b: Venusaur|67/100|[silent]
|-sideend|p1: lettitripppp|move: Light Screen
|upkeep
|
|t:|1785954597
|switch|p2a: Excadrill|Excadrill, L50, M|100/100
|turn|7
|
|t:|1785954615
|move|p2a: Excadrill|Protect|p2a: Excadrill
|-singleturn|p2a: Excadrill|Protect
|move|p1a: WET-BEAK|Wide Guard|p1a: WET-BEAK
|-singleturn|p1a: WET-BEAK|Wide Guard
|move|p1b: AGNI|Hurricane|p2b: Venusaur
|-supereffective|p2b: Venusaur|1
|-damage|p2b: Venusaur|0 fnt
|faint|p2b: Venusaur
|
|-weather|RainDance|[upkeep]
|upkeep
|turn|8
|-message|poopybutt714 forfeited.
|
|win|lettitripppp
|l|☆poopybutt714
|player|p2|
||poopybutt714 is ready for game 2.
|c|☆lettitripppp|gg
