|j|☆EggEngines2
|j|☆5NitesAtTrickRoom
|html|EggEngines25NitesAtTrickRoom    
|uhtml|bestof|Game 3 of a best-of-3
|t:|1757727510
|gametype|doubles
|player|p1|EggEngines2|collector|
|player|p2|5NitesAtTrickRoom|hilbert|
|gen|9
|tier|[Gen 9] VGC 2025 Reg H (Bo3)
|rule|Species Clause: Limit one of each Pokémon
|rule|Item Clause: Limit 1 of each item
|clearpoke
|poke|p1|Sneasler, L50, F|
|poke|p1|Indeedee, L50, M|
|poke|p1|Ursaluna-Bloodmoon, L50, M|
|poke|p1|Electabuzz, L50, F|
|poke|p1|Incineroar, L50, F|
|poke|p1|Talonflame, L50, F|
|poke|p2|Pelipper, L50, M|
|poke|p2|Archaludon, L50, F|
|poke|p2|Sinistcha-Masterpiece, L50|
|poke|p2|Maushold, L50|
|poke|p2|Basculegion, L50, M|
|poke|p2|Kingambit, L50, M|
|teampreview|4
|showteam|p1|Sneasler||PsychicSeed|Unburden|CloseCombat,DireClaw,ThroatChop,Protect|||F|||50|,,,,,Dark]Indeedee||FocusSash|PsychicSurge|ExpandingForce,TrickRoom,HelpingHand,Protect|||M|||50|,,,,,Psychic]Ursaluna-Bloodmoon||LifeOrb|MindsEye|BloodMoon,HyperVoice,EarthPower,Protect|||M|||50|,,,,,Normal]Electabuzz||Eviolite|VitalSpirit|Electroweb,FollowMe,Taunt,Protect|||F|||50|,,,,,Dragon]Incineroar||SafetyGoggles|Intimidate|FlareBlitz,KnockOff,PartingShot,FakeOut|||F|||50|,,,,,Ghost]Talonflame||CovertCloak|GaleWings|FlareBlitz,DualWingbeat,WillOWisp,Tailwind|||F|||50|,,,,,Fairy
|showteam|p2|Pelipper||FocusSash|Drizzle|WeatherBall,Hurricane,Tailwind,Protect|||M|||50|,,,,,Grass]Archaludon||AssaultVest|Stamina|FlashCannon,BodyPress,ElectroShot,Snarl|||F|||50|,,,,,Fighting]Sinistcha-Masterpiece||SitrusBerry|Hospitality|RagePowder,MatchaGotcha,TrickRoom,LifeDew||||||50|,,,,,Water]Maushold||WideLens|Technician|Protect,Taunt,PopulationBomb,FollowMe||||||50|,,,,,Ghost]Basculegion||ChoiceScarf|Adaptability|WaveCrash,LastRespects,AquaJet,FlipTurn|||M|||50|,,,,,Water]Kingambit||SafetyGoggles|Defiant|KowtowCleave,SuckerPunch,SwordsDance,Protect|||M|||50|,,,,,Dark
|
|t:|1757727527
|teamsize|p1|4
|teamsize|p2|4
|start
|switch|p1a: Electabuzz|Electabuzz, L50, F|100/100
|switch|p1b: Ursaluna|Ursaluna-Bloodmoon, L50, M|100/100
|switch|p2a: Basculegion|Basculegion, L50, M|100/100
|switch|p2b: Maushold|Maushold, L50|100/100
|turn|1
|
|t:|1757727544
|move|p1b: Ursaluna|Protect|p1b: Ursaluna
|-singleturn|p1b: Ursaluna|Protect
|move|p2a: Basculegion|Flip Turn|p1b: Ursaluna
|-activate|p1b: Ursaluna|move: Protect
|move|p2b: Maushold|Taunt|p1a: Electabuzz
|-start|p1a: Electabuzz|move: Taunt
|move|p1a: Electabuzz|Electroweb|p2a: Basculegion|[spread] p2a,p2b
|-supereffective|p2a: Basculegion
|-damage|p2a: Basculegion|67/100
|-damage|p2b: Maushold|78/100
|-unboost|p2a: Basculegion|spe|1
|-unboost|p2b: Maushold|spe|1
|
|upkeep
|turn|2
|
|t:|1757727579
|switch|p2a: Sinistcha|Sinistcha-Masterpiece, L50|100/100
|-heal|p2b: Maushold|100/100|[from] ability: Hospitality|[of] p2a: Sinistcha
|switch|p2b: Archaludon|Archaludon, L50, F|100/100
|-terastallize|p1b: Ursaluna|Normal
|move|p1a: Electabuzz|Electroweb|p2b: Archaludon|[spread] p2a,p2b
|-resisted|p2a: Sinistcha
|-resisted|p2b: Archaludon
|-damage|p2a: Sinistcha|94/100
|-damage|p2b: Archaludon|95/100
|-unboost|p2a: Sinistcha|spe|1
|-unboost|p2b: Archaludon|spe|1
|-ability|p2b: Archaludon|Stamina|boost
|-boost|p2b: Archaludon|def|1
|move|p1b: Ursaluna|Earth Power|p2a: Sinistcha
|-resisted|p2a: Sinistcha
|-damage|p2a: Sinistcha|65/100
|-damage|p1b: Ursaluna|91/100|[from] item: Life Orb
|
|upkeep
|turn|3
|
|t:|1757727606
|switch|p1a: Indeedee|Indeedee, L50, M|100/100
|-fieldstart|move: Psychic Terrain|[from] ability: Psychic Surge|[of] p1a: Indeedee
|switch|p1b: Sneasler|Sneasler, L50, F|100/100
|-enditem|p1b: Sneasler|Psychic Seed
|-boost|p1b: Sneasler|spd|1|[from] item: Psychic Seed
|move|p2a: Sinistcha|Rage Powder|p2a: Sinistcha
|-singleturn|p2a: Sinistcha|move: Rage Powder
|move|p2b: Archaludon|Body Press|p1b: Sneasler
|-resisted|p1b: Sneasler
|-damage|p1b: Sneasler|68/100
|
|upkeep
|turn|4
|
|t:|1757727629
|move|p2a: Sinistcha|Rage Powder|p2a: Sinistcha
|-singleturn|p2a: Sinistcha|move: Rage Powder
|move|p1b: Sneasler|Throat Chop|p2a: Sinistcha
|-supereffective|p2a: Sinistcha
|-damage|p2a: Sinistcha|9/100
|-start|p2a: Sinistcha|Throat Chop|[silent]
|-enditem|p2a: Sinistcha|Sitrus Berry|[eat]
|-heal|p2a: Sinistcha|34/100|[from] item: Sitrus Berry
|move|p1a: Indeedee|Expanding Force|p2b: Archaludon|[spread] p2a,p2b
|-resisted|p2b: Archaludon
|-damage|p2a: Sinistcha|0 fnt
|-damage|p2b: Archaludon|78/100
|-ability|p2b: Archaludon|Stamina|boost
|-boost|p2b: Archaludon|def|1
|faint|p2a: Sinistcha
|move|p2b: Archaludon|Body Press|p1b: Sneasler
|-resisted|p1b: Sneasler
|-damage|p1b: Sneasler|20/100
|
|upkeep
|
|t:|1757727640
|switch|p2a: Maushold|Maushold, L50|100/100
|turn|5
|
|t:|1757727666
|switch|p1b: Electabuzz|Electabuzz, L50, F|100/100
|move|p2a: Maushold|Protect|p2a: Maushold
|-singleturn|p2a: Maushold|Protect
|move|p1a: Indeedee|Protect|p1a: Indeedee
|-singleturn|p1a: Indeedee|Protect
|move|p2b: Archaludon|Body Press|p1b: Electabuzz
|-damage|p1b: Electabuzz|45/100
|
|upkeep
|turn|6
|
|t:|1757727682
|move|p1b: Electabuzz|Follow Me|p1b: Electabuzz
|-singleturn|p1b: Electabuzz|move: Follow Me
|move|p2a: Maushold|Taunt|p1b: Electabuzz
|-start|p1b: Electabuzz|move: Taunt
|move|p2b: Archaludon|Snarl|p1b: Electabuzz|[spread] p1a,p1b
|-supereffective|p1a: Indeedee
|-damage|p1a: Indeedee|67/100
|-damage|p1b: Electabuzz|34/100
|-unboost|p1a: Indeedee|spa|1
|-unboost|p1b: Electabuzz|spa|1
|move|p1a: Indeedee|Trick Room|p1a: Indeedee
|-fieldstart|move: Trick Room|[of] p1a: Indeedee
|
|upkeep
|turn|7
|
|t:|1757727695
|switch|p1b: Ursaluna|Ursaluna-Bloodmoon, L50, M, tera:Normal|91/100
|move|p2b: Archaludon|Snarl|p1a: Indeedee|[spread] p1a,p1b
|-supereffective|p1a: Indeedee
|-damage|p1a: Indeedee|33/100
|-damage|p1b: Ursaluna|77/100
|-unboost|p1a: Indeedee|spa|1
|-unboost|p1b: Ursaluna|spa|1
|move|p1a: Indeedee|Expanding Force|p2a: Maushold|[spread] p2a,p2b
|-resisted|p2b: Archaludon
|-damage|p2a: Maushold|62/100
|-damage|p2b: Archaludon|69/100
|-ability|p2b: Archaludon|Stamina|boost
|-boost|p2b: Archaludon|def|1
|move|p2a: Maushold|Population Bomb|p1a: Indeedee
|-damage|p1a: Indeedee|9/100
|-damage|p1a: Indeedee|0 fnt
|faint|p1a: Indeedee
|-hitcount|p1: Indeedee|2
|
|-fieldend|move: Psychic Terrain
|upkeep
|
|t:|1757727701
|switch|p1a: Electabuzz|Electabuzz, L50, F|34/100
|turn|8
|
|t:|1757727709
|move|p2a: Maushold|Follow Me|p2a: Maushold
|-singleturn|p2a: Maushold|move: Follow Me
|move|p2b: Archaludon|Snarl|p1b: Ursaluna|[spread] p1a,p1b
|-damage|p1a: Electabuzz|24/100
|-damage|p1b: Ursaluna|61/100
|-unboost|p1a: Electabuzz|spa|1
|-unboost|p1b: Ursaluna|spa|1
|move|p1b: Ursaluna|Earth Power|p2a: Maushold
|-damage|p2a: Maushold|11/100
|-damage|p1b: Ursaluna|51/100|[from] item: Life Orb
|move|p1a: Electabuzz|Taunt|p2a: Maushold
|-start|p2a: Maushold|move: Taunt
|
|upkeep
|turn|9
|
|t:|1757727739
|-terastallize|p2b: Archaludon|Fighting
|move|p1a: Electabuzz|Follow Me|p1a: Electabuzz
|-singleturn|p1a: Electabuzz|move: Follow Me
|move|p2b: Archaludon|Body Press|p1a: Electabuzz
|-damage|p1a: Electabuzz|0 fnt
|faint|p1a: Electabuzz
|move|p1b: Ursaluna|Hyper Voice|p2a: Maushold|[spread] p2a,p2b
|-damage|p2a: Maushold|0 fnt
|-damage|p2b: Archaludon|46/100
|-ability|p2b: Archaludon|Stamina|boost
|-boost|p2b: Archaludon|def|1
|faint|p2a: Maushold
|-damage|p1b: Ursaluna|42/100|[from] item: Life Orb
|
|upkeep
|
|t:|1757727744
|switch|p1a: Sneasler|Sneasler, L50, F|20/100
|switch|p2a: Basculegion|Basculegion, L50, M|67/100
|turn|10
|
|t:|1757727768
|move|p1a: Sneasler|Protect|p1a: Sneasler
|-singleturn|p1a: Sneasler|Protect
|move|p2a: Basculegion|Aqua Jet|p1a: Sneasler
|-activate|p1a: Sneasler|move: Protect
|move|p2b: Archaludon|Body Press|p1b: Ursaluna
|-supereffective|p1b: Ursaluna
|-damage|p1b: Ursaluna|0 fnt
|faint|p1b: Ursaluna
|
|-fieldend|move: Trick Room
|upkeep
|turn|11
|
|t:|1757727778
|move|p2a: Basculegion|Aqua Jet|p1a: Sneasler
|-damage|p1a: Sneasler|0 fnt
|faint|p1a: Sneasler
|
|win|5NitesAtTrickRoom
|c|☆EggEngines2|yeah bring arch here 100
|c|☆5NitesAtTrickRoom|ye i was ab to say
|c|☆5NitesAtTrickRoom|ape/dozo elim any value from arch in those other mus imo
|c|☆5NitesAtTrickRoom|if not all most
|c|☆EggEngines2|yeah. i think to win the sneasler player needs to keep indee in the back and get you to tera arch early
|c|☆EggEngines2|but that's hard because sneas needs indee out early to outspeed stuff
|c|☆5NitesAtTrickRoom|right its very weird board state wise
|c|☆EggEngines2|i think my problem when playing the team was bringing peli too often. i think it's fine on the bench into some of these HO teams
|c|☆EggEngines2|cause scarf basc doesn't need rain to be the best mon in the format
|c|☆5NitesAtTrickRoom|agreed peli doesnt need to come to every game
|c|☆5NitesAtTrickRoom|exactly!
|c|☆5NitesAtTrickRoom|and u have maus too
|c|☆5NitesAtTrickRoom|peli is finally its own rain abuser
|c|☆5NitesAtTrickRoom|electro shot is nice for arch but peli is there to give the team a safer baord state with the weather and to power itself up
