|j|☆Noel catavinos
|j|☆pokemonalpha.es
|html|Noel catavinospokemonalpha.es    
|uhtml|bestof|Game 3 of a best-of-3
|t:|1783102629
|gametype|doubles
|player|p1|Noel catavinos|will|
|player|p2|pokemonalpha.es|lebanne|
|gen|9
|tier|[Gen 9 Champions] VGC 2026 Reg M-B (Bo3)
|rule|Species Clause: Limit one of each Pokémon
|rule|Item Clause: Limit 1 of each item
|clearpoke
|poke|p1|Metagross, L50|
|poke|p1|Blaziken, L50, F|
|poke|p1|Gyarados, L50, F|
|poke|p1|Sinistcha, L50|
|poke|p1|Incineroar, L50, M|
|poke|p1|Ninetales-Alola, L50, M|
|poke|p2|Sneasler, L50, M|
|poke|p2|Scovillain, L50, F|
|poke|p2|Kingambit, L50, M|
|poke|p2|Toxapex, L50, F|
|poke|p2|Snorlax, L50, M|
|poke|p2|Basculegion, L50, M|
|teampreview|4
|showteam|p1|Metagross||Metagrossite|ClearBody|Protect,IronHead,BodyPress,PsychicFangs|Jolly|||||50|]Blaziken||FocusSash|SpeedBoost|Detect,CloseCombat,Coaching,Overheat|Naive||F|||50|]Gyarados||SitrusBerry|Moxie|Protect,DragonDance,Waterfall,PowerWhip|Adamant||F|||50|]Sinistcha||KasibBerry|Hospitality|LifeDew,MatchaGotcha,RagePowder,TrickRoom|Calm|||||50|]Incineroar||ShucaBerry|Intimidate|FakeOut,FlareBlitz,PartingShot,ThroatChop|Impish||M|||50|]Ninetales-Alola||NeverMeltIce|SnowWarning|Protect,Encore,FreezeDry,Blizzard|Timid||M|||50|
|showteam|p2|Sneasler||WhiteHerb|Unburden|CloseCombat,GunkShot,FakeOut,Protect|Jolly||M|||50|]Scovillain||Scovillainite|Moody|Overheat,RagePowder,LeechSeed,Protect|Calm||F|||50|]Kingambit||ChopleBerry|Defiant|KowtowCleave,SuckerPunch,LowKick,Protect|Adamant||M|||50|]Toxapex||Leftovers|Regenerator|Infestation,WideGuard,Recover,Protect|Bold||F|||50|]Snorlax||SitrusBerry|ThickFat|DoubleEdge,Yawn,Fissure,Protect|Relaxed||M|||50|]Basculegion||ChoiceScarf|Adaptability|WaveCrash,LastRespects,FlipTurn,AquaJet|Jolly||M|||50|
|inactive|Battle timer is ON: inactive players will automatically lose when time's up. (requested by Noel catavinos)
|j| maxibeasm
|j| Prepucio Perez
|j| raicune28
|j| shishio_ax
|j| Jmf_vgc_92
|inactive|Noel catavinos has 60 seconds left.
|
|t:|1783102663
|teamsize|p1|4
|teamsize|p2|4
|start
|switch|p1a: Canobbio|Blaziken, L50, F|100/100
|switch|p1b: ChatGPT|Metagross, L50|100/100
|switch|p2a: Scovillain|Scovillain, L50, F|100/100
|switch|p2b: Basculegion|Basculegion, L50, M|100/100
|turn|1
|l| raicune28
|
|t:|1783102681
|move|p1a: Canobbio|Detect|p1a: Canobbio
|-singleturn|p1a: Canobbio|Protect
|move|p1b: ChatGPT|Protect|p1b: ChatGPT
|-singleturn|p1b: ChatGPT|Protect
|move|p2b: Basculegion|Flip Turn|p1a: Canobbio
|-activate|p1a: Canobbio|move: Protect
|move|p2a: Scovillain|Leech Seed|p1a: Canobbio
|-activate|p1a: Canobbio|move: Protect
|
|-ability|p1a: Canobbio|Speed Boost|boost
|-boost|p1a: Canobbio|spe|1
|-ability|p2a: Scovillain|Moody|boost
|-boost|p2a: Scovillain|atk|2
|-unboost|p2a: Scovillain|spa|1
|upkeep
|turn|2
|j| raicune28
|inactive|Noel catavinos has 30 seconds left.
|
|t:|1783102714
|switch|p1b: Joaquin|Gyarados, L50, F|100/100
|move|p2a: Scovillain|Protect|p2a: Scovillain
|-singleturn|p2a: Scovillain|Protect
|move|p1a: Canobbio|Coaching|p1b: Joaquin
|-boost|p1b: Joaquin|atk|1
|-boost|p1b: Joaquin|def|1
|move|p2b: Basculegion|Flip Turn|p1a: Canobbio
|-supereffective|p1a: Canobbio|1
|-enditem|p1a: Canobbio|Focus Sash
|-damage|p1a: Canobbio|1/100
|
|t:|1783102723
|switch|p2b: Toxapex|Toxapex, L50, F|100/100|[from] Flip Turn
|
|-ability|p1a: Canobbio|Speed Boost|boost
|-boost|p1a: Canobbio|spe|1
|-ability|p2a: Scovillain|Moody|boost
|-boost|p2a: Scovillain|def|2
|-unboost|p2a: Scovillain|spa|1
|upkeep
|turn|3
|
|t:|1783102740
|detailschange|p2a: Scovillain|Scovillain-Mega, L50, F
|-mega|p2a: Scovillain|Scovillain|Scovillainite
|move|p1a: Canobbio|Overheat|p2a: Scovillain
|-damage|p2a: Scovillain|52/100
|-unboost|p1a: Canobbio|spa|2
|-immune|p1a: Canobbio
|move|p1b: Joaquin|Waterfall|p2a: Scovillain
|-damage|p2a: Scovillain|20/100y
|-status|p1b: Joaquin|brn|[from] ability: Spicy Spray|[of] p2a: Scovillain
|move|p2a: Scovillain|Leech Seed|p1b: Joaquin
|-start|p1b: Joaquin|move: Leech Seed
|move|p2b: Toxapex|Infestation|p1b: Joaquin
|-resisted|p1b: Joaquin|1
|-damage|p1b: Joaquin|98/100 brn
|-activate|p1b: Joaquin|move: Infestation|[of] p2b: Toxapex
|
|-damage|p1b: Joaquin|86/100 brn|[from] Leech Seed|[of] p2a: Scovillain
|-heal|p2a: Scovillain|34/100|[silent]
|-damage|p1b: Joaquin|80/100 brn|[from] brn
|-damage|p1b: Joaquin|67/100 brn|[from] move: Infestation|[partiallytrapped]
|-ability|p1a: Canobbio|Speed Boost|boost
|-boost|p1a: Canobbio|spe|1
|upkeep
|turn|4
|
|t:|1783102757
|move|p2a: Scovillain|Protect|p2a: Scovillain
|-singleturn|p2a: Scovillain|Protect
|move|p1a: Canobbio|Coaching|p1b: Joaquin
|-boost|p1b: Joaquin|atk|1
|-boost|p1b: Joaquin|def|1
|move|p1b: Joaquin|Dragon Dance|p1b: Joaquin
|-boost|p1b: Joaquin|atk|1
|-boost|p1b: Joaquin|spe|1
|move|p2b: Toxapex|Infestation|p1a: Canobbio
|-resisted|p1a: Canobbio|2
|-damage|p1a: Canobbio|0 fnt
|faint|p1a: Canobbio
|
|-damage|p1b: Joaquin|55/100 brn|[from] Leech Seed|[of] p2a: Scovillain
|-heal|p2a: Scovillain|49/100|[silent]
|-damage|p1b: Joaquin|49/100 brn|[from] brn
|-damage|p1b: Joaquin|36/100 brn|[from] move: Infestation|[partiallytrapped]
|upkeep
|-enditem|p1b: Joaquin|Sitrus Berry|[eat]
|-heal|p1b: Joaquin|61/100 brn|[from] item: Sitrus Berry
|
|t:|1783102760
|switch|p1a: Traslación|Sinistcha, L50|100/100
|-heal|p1b: Joaquin|86/100 brn|[from] ability: Hospitality|[of] p1a: Traslación
|turn|5
|inactive|pokemonalpha.es has 30 seconds left.
|
|t:|1783102791
|move|p1b: Joaquin|Waterfall|p2a: Scovillain
|-damage|p2a: Scovillain|26/100
|move|p2a: Scovillain|Overheat|p1a: Traslación
|-supereffective|p1a: Traslación|1
|-damage|p1a: Traslación|44/100
|-unboost|p2a: Scovillain|spa|2
|move|p1a: Traslación|Matcha Gotcha|p2a: Scovillain|[spread] p2a,p2b
|-resisted|p2a: Scovillain|2
|-damage|p2a: Scovillain|20/100y
|-heal|p1a: Traslación|47/100|[from] drain|[of] p2a: Scovillain
|-damage|p2b: Toxapex|82/100
|-heal|p1a: Traslación|55/100|[from] drain|[of] p2b: Toxapex
|-status|p1a: Traslación|brn|[from] ability: Spicy Spray|[of] p2a: Scovillain
|move|p2b: Toxapex|Infestation|p1a: Traslación
|-damage|p1a: Traslación|52/100 brn
|-activate|p1a: Traslación|move: Infestation|[of] p2b: Toxapex
|
|-heal|p2b: Toxapex|87/100|[from] item: Leftovers
|-damage|p1b: Joaquin|74/100 brn|[from] Leech Seed|[of] p2a: Scovillain
|-heal|p2a: Scovillain|35/100|[silent]
|-damage|p1b: Joaquin|68/100 brn|[from] brn
|-damage|p1a: Traslación|46/100 brn|[from] brn
|-damage|p1b: Joaquin|55/100 brn|[from] move: Infestation|[partiallytrapped]
|-damage|p1a: Traslación|33/100 brn|[from] move: Infestation|[partiallytrapped]
|upkeep
|turn|6
|c|☆Noel catavinos|lo del moody a defensa me lo tendrá que explicar alguien muy detenidamente
|c|☆pokemonalpha.es|es porque soy puro de corazón
|inactive|pokemonalpha.es has 30 seconds left.
|
|t:|1783102818
|move|p2a: Scovillain|Protect|p2a: Scovillain
|-singleturn|p2a: Scovillain|Protect
|move|p1b: Joaquin|Waterfall|p2a: Scovillain
|-activate|p2a: Scovillain|move: Protect
|move|p1a: Traslación|Life Dew|p1a: Traslación|[spread] p1a,p1b
|-heal|p1a: Traslación|58/100 brn
|-heal|p1b: Joaquin|80/100 brn
|move|p2b: Toxapex|Recover|p2b: Toxapex
|-heal|p2b: Toxapex|100/100
|
|-damage|p1b: Joaquin|68/100 brn|[from] Leech Seed|[of] p2a: Scovillain
|-heal|p2a: Scovillain|50/100y|[silent]
|-damage|p1b: Joaquin|62/100 brn|[from] brn
|-damage|p1a: Traslación|52/100 brn|[from] brn
|-damage|p1b: Joaquin|49/100 brn|[from] move: Infestation|[partiallytrapped]
|-damage|p1a: Traslación|39/100 brn|[from] move: Infestation|[partiallytrapped]
|upkeep
|turn|7
|
|t:|1783102830
|move|p1b: Joaquin|Waterfall|p2a: Scovillain
|-damage|p2a: Scovillain|25/100
|move|p2a: Scovillain|Overheat|p1a: Traslación
|-supereffective|p1a: Traslación|1
|-damage|p1a: Traslación|1/100 brn
|-unboost|p2a: Scovillain|spa|2
|move|p1a: Traslación|Life Dew|p1a: Traslación|[spread] p1a,p1b
|-heal|p1a: Traslación|26/100 brn
|-heal|p1b: Joaquin|74/100 brn
|move|p2b: Toxapex|Infestation|p1a: Traslación
|-damage|p1a: Traslación|23/100 brn
|
|-damage|p1b: Joaquin|62/100 brn|[from] Leech Seed|[of] p2a: Scovillain
|-heal|p2a: Scovillain|40/100|[silent]
|-damage|p1b: Joaquin|56/100 brn|[from] brn
|-damage|p1a: Traslación|17/100 brn|[from] brn
|-damage|p1b: Joaquin|43/100 brn|[from] move: Infestation|[partiallytrapped]
|-damage|p1a: Traslación|4/100 brn|[from] move: Infestation|[partiallytrapped]
|upkeep
|turn|8
|
|t:|1783102854
|move|p1b: Joaquin|Dragon Dance|p1b: Joaquin
|-boost|p1b: Joaquin|atk|1
|-boost|p1b: Joaquin|spe|1
|move|p2a: Scovillain|Overheat|p1a: Traslación|[miss]
|-miss|p2a: Scovillain|p1a: Traslación
|move|p1a: Traslación|Life Dew|p1a: Traslación|[spread] p1a,p1b
|-heal|p1a: Traslación|29/100 brn
|-heal|p1b: Joaquin|68/100 brn
|move|p2b: Toxapex|Recover||[still]
|-fail|p2b: Toxapex|heal
|
|-damage|p1b: Joaquin|56/100 brn|[from] Leech Seed|[of] p2a: Scovillain
|-heal|p2a: Scovillain|54/100|[silent]
|-damage|p1b: Joaquin|50/100y brn|[from] brn
|-damage|p1a: Traslación|23/100 brn|[from] brn
|-end|p1b: Joaquin|Infestation|[partiallytrapped]
|-damage|p1a: Traslación|10/100 brn|[from] move: Infestation|[partiallytrapped]
|upkeep
|turn|9
|c|☆Noel catavinos|@Joaquin tu lo del critico o el flinch pa otro dia
|
|t:|1783102867
|move|p1b: Joaquin|Dragon Dance|p1b: Joaquin
|-boost|p1b: Joaquin|atk|1
|-boost|p1b: Joaquin|spe|1
|move|p2a: Scovillain|Overheat|p1a: Traslación
|-supereffective|p1a: Traslación|1
|-damage|p1a: Traslación|0 fnt
|faint|p1a: Traslación
|move|p2b: Toxapex|Infestation|p1b: Joaquin
|-resisted|p1b: Joaquin|1
|-damage|p1b: Joaquin|48/100 brn
|-activate|p1b: Joaquin|move: Infestation|[of] p2b: Toxapex
|
|-damage|p1b: Joaquin|36/100 brn|[from] Leech Seed|[of] p2a: Scovillain
|-heal|p2a: Scovillain|69/100|[silent]
|-damage|p1b: Joaquin|30/100 brn|[from] brn
|-damage|p1b: Joaquin|17/100 brn|[from] move: Infestation|[partiallytrapped]
|upkeep
|
|t:|1783102872
|switch|p1a: ChatGPT|Metagross, L50|100/100
|turn|10
|
|t:|1783102882
|detailschange|p1a: ChatGPT|Metagross-Mega, L50
|-mega|p1a: ChatGPT|Metagross|Metagrossite
|move|p2a: Scovillain|Protect|p2a: Scovillain
|-singleturn|p2a: Scovillain|Protect
|move|p2b: Toxapex|Protect|p2b: Toxapex
|-singleturn|p2b: Toxapex|Protect
|move|p1b: Joaquin|Waterfall|p2a: Scovillain
|-activate|p2a: Scovillain|move: Protect
|move|p1a: ChatGPT|Psychic Fangs|p2b: Toxapex
|-activate|p2b: Toxapex|move: Protect
|
|-damage|p1b: Joaquin|5/100 brn|[from] Leech Seed|[of] p2a: Scovillain
|-heal|p2a: Scovillain|83/100|[silent]
|-damage|p1b: Joaquin|0 fnt|[from] brn
|faint|p1b: Joaquin
|upkeep
|turn|11
|c|☆Noel catavinos|bueno
|c|☆Noel catavinos|GG
|
|t:|1783102896
|move|p2a: Scovillain|Rage Powder|p2a: Scovillain
|-singleturn|p2a: Scovillain|move: Rage Powder
|move|p1a: ChatGPT|Psychic Fangs|p2a: Scovillain
|-damage|p2a: Scovillain|50/100g
|-status|p1a: ChatGPT|brn|[from] ability: Spicy Spray|[of] p2a: Scovillain
|move|p2b: Toxapex|Infestation|p1a: ChatGPT
|-damage|p1a: ChatGPT|96/100 brn
|-activate|p1a: ChatGPT|move: Infestation|[of] p2b: Toxapex
|
|-damage|p1a: ChatGPT|90/100 brn|[from] brn
|-damage|p1a: ChatGPT|78/100 brn|[from] move: Infestation|[partiallytrapped]
|upkeep
|turn|12
|
|t:|1783102903
|switch|p2b: Kingambit|Kingambit, L50, M|100/100
|move|p1a: ChatGPT|Psychic Fangs|p2a: Scovillain
|-damage|p2a: Scovillain|34/100
|move|p2a: Scovillain|Leech Seed|p1a: ChatGPT
|-start|p1a: ChatGPT|move: Leech Seed
|
|-damage|p1a: ChatGPT|66/100 brn|[from] Leech Seed|[of] p2a: Scovillain
|-heal|p2a: Scovillain|46/100|[silent]
|-damage|p1a: ChatGPT|60/100 brn|[from] brn
|-end|p1a: ChatGPT|Infestation|[partiallytrapped]|[silent]
|upkeep
|turn|13
|
|t:|1783102912
|move|p2b: Kingambit|Sucker Punch|p1a: ChatGPT
|-supereffective|p1a: ChatGPT|1
|-damage|p1a: ChatGPT|0 fnt
|faint|p1a: ChatGPT
|
|win|pokemonalpha.es
|c|☆pokemonalpha.es|ggs
|l|☆Noel catavinos
|player|p1|
|l| Jmf_vgc_92
|c| shishio_ax|SlopGPT lentamente muriendo como irl, good ending
|l| raicune28
|l| shishio_ax
|l| Prepucio Perez
