|j|☆UraniumVGC
|j|☆new mental
|html|UraniumVGCnew mental    
|uhtml|bestof|Game 2 of a best-of-3
|t:|1784640747
|gametype|doubles
|player|p1|UraniumVGC|aaron|1201
|player|p2|new mental|volkner|1223
|gen|9
|tier|[Gen 9 Champions] VGC 2026 Reg M-B (Bo3)
|rated|
|rule|Species Clause: Limit one of each Pokémon
|rule|Item Clause: Limit 1 of each item
|clearpoke
|poke|p1|Garchomp, L50, M|
|poke|p1|Delphox, L50, F|
|poke|p1|Sinistcha, L50|
|poke|p1|Whimsicott, L50, F|
|poke|p1|Toxapex, L50, F|
|poke|p1|Grimmsnarl, L50, M|
|poke|p2|Aerodactyl, L50, M|
|poke|p2|Garchomp, L50, M|
|poke|p2|Kingambit, L50, M|
|poke|p2|Charizard, L50, F|
|poke|p2|Sylveon, L50, F|
|poke|p2|Farigiraf, L50, M|
|teampreview|4
|showteam|p1|Garchomp||LifeOrb|RoughSkin|Earthquake,RockSlide,DragonClaw,Protect|Adamant||M|||50|]Delphox||Delphoxite|Blaze|Protect,HeatWave,Psyshock,NastyPlot|Bold||F|||50|]Sinistcha||SitrusBerry|Hospitality|TrickRoom,MatchaGotcha,RagePowder,Protect|Bold|||||50|]Whimsicott||FocusSash|Prankster|Tailwind,SunnyDay,Moonblast,Protect|Modest||F|||50|]Toxapex||Leftovers|Regenerator|Toxic,Infestation,BanefulBunker,PainSplit|Bold||F|||50|]Grimmsnarl||LightClay|Prankster|PartingShot,LightScreen,Reflect,FakeOut|Careful||M|||50|
|showteam|p2|Aerodactyl||Aerodactylite|Unnerve|IceFang,RockSlide,Tailwind,DualWingbeat|Jolly||M|||50|]Garchomp||LifeOrb|RoughSkin|DragonClaw,RockSlide,Earthquake,Protect|Jolly||M|||50|]Kingambit||FocusSash|Defiant|SuckerPunch,KowtowCleave,IronHead,LowKick|Adamant||M|||50|]Charizard||CharizarditeY|SolarPower|Protect,WeatherBall,HeatWave,SolarBeam|Modest||F|||50|]Sylveon||FairyFeather|Pixilate|Protect,HyperVoice,HyperBeam,QuickAttack|Modest||F|||50|]Farigiraf||SitrusBerry|ArmorTail|TrickRoom,Thunderbolt,Roar,Psychic|Bold||M|||50|
|inactive|Battle timer is ON: inactive players will automatically lose when time's up. (requested by UraniumVGC)
|inactive|new mental has 60 seconds left.
|inactive|new mental has 30 seconds left.
|inactive|new mental has 20 seconds left.
|inactive|new mental has 15 seconds left.
|
|t:|1784640828
|teamsize|p1|4
|teamsize|p2|4
|start
|switch|p1a: Delphox|Delphox, L50, F|100/100
|switch|p1b: Whimsicott|Whimsicott, L50, F|100/100
|switch|p2a: Kingambit|Kingambit, L50, M|100/100
|switch|p2b: Farigiraf|Farigiraf, L50, M|100/100
|turn|1
|
|t:|1784640846
|switch|p1a: Toxapex|Toxapex, L50, F|100/100
|move|p2a: Kingambit|Sucker Punch||[still]
|-fail|p2a: Kingambit
|move|p1b: Whimsicott|Moonblast|p2b: Farigiraf
|-damage|p2b: Farigiraf|61/100
|move|p2b: Farigiraf|Trick Room|p2b: Farigiraf
|-fieldstart|move: Trick Room|[of] p2b: Farigiraf
|
|upkeep
|turn|2
|
|t:|1784640858
|switch|p2a: Sylveon|Sylveon, L50, F|100/100
|switch|p1b: Garchomp|Garchomp, L50, M|100/100
|move|p1a: Toxapex|Infestation|p2b: Farigiraf
|-supereffective|p2b: Farigiraf|1
|-damage|p2b: Farigiraf|55/100
|-activate|p2b: Farigiraf|move: Infestation|[of] p1a: Toxapex
|move|p2b: Farigiraf|Psychic|p1a: Toxapex
|-supereffective|p1a: Toxapex|1
|-damage|p1a: Toxapex|46/100
|
|-heal|p1a: Toxapex|52/100|[from] item: Leftovers
|-damage|p2b: Farigiraf|43/100|[from] move: Infestation|[partiallytrapped]
|upkeep
|-enditem|p2b: Farigiraf|Sitrus Berry|[eat]
|-heal|p2b: Farigiraf|68/100|[from] item: Sitrus Berry
|turn|3
|inactive|new mental has 30 seconds left.
|
|t:|1784640885
|move|p1a: Toxapex|Baneful Bunker|p1a: Toxapex
|-singleturn|p1a: Toxapex|move: Protect
|move|p1b: Garchomp|Protect|p1b: Garchomp
|-singleturn|p1b: Garchomp|Protect
|move|p2b: Farigiraf|Psychic|p1a: Toxapex
|-activate|p1a: Toxapex|move: Protect
|move|p2a: Sylveon|Hyper Voice|p1a: Toxapex|[spread] 
|-activate|p1a: Toxapex|move: Protect
|-activate|p1b: Garchomp|move: Protect
|
|-heal|p1a: Toxapex|57/100|[from] item: Leftovers
|-damage|p2b: Farigiraf|55/100|[from] move: Infestation|[partiallytrapped]
|upkeep
|turn|4
|
|t:|1784640907
|-heal|p1a: Toxapex|91/100|[from] ability: Regenerator|[silent]
|switch|p1a: Delphox|Delphox, L50, F|100/100
|switch|p1b: Whimsicott|Whimsicott, L50, F|100/100
|move|p2b: Farigiraf|Psychic|p1a: Delphox
|-resisted|p1a: Delphox|1
|-damage|p1a: Delphox|83/100
|-unboost|p1a: Delphox|spd|1
|move|p2a: Sylveon|Hyper Voice|p1b: Whimsicott|[spread] p1a,p1b
|-resisted|p1a: Delphox|1
|-damage|p1a: Delphox|48/100
|-damage|p1b: Whimsicott|36/100
|
|-end|p2b: Farigiraf|Infestation|[partiallytrapped]|[silent]
|upkeep
|turn|5
|inactive|new mental has 30 seconds left.
|
|t:|1784640933
|switch|p2b: Kingambit|Kingambit, L50, M|100/100
|detailschange|p1a: Delphox|Delphox-Mega, L50, F
|-mega|p1a: Delphox|Delphox|Delphoxite
|move|p1b: Whimsicott|Sunny Day|p1b: Whimsicott
|-weather|SunnyDay
|move|p2a: Sylveon|Hyper Voice|p1a: Delphox|[spread] p1a,p1b
|-resisted|p1a: Delphox|1
|-damage|p1a: Delphox|20/100r
|-damage|p1b: Whimsicott|0 fnt
|faint|p1b: Whimsicott
|move|p1a: Delphox|Heat Wave|p2a: Sylveon|[spread] p2a,p2b
|-supereffective|p2b: Kingambit|1
|-damage|p2a: Sylveon|57/100
|-enditem|p2b: Kingambit|Focus Sash
|-damage|p2b: Kingambit|1/100
|
|-weather|SunnyDay|[upkeep]
|-fieldend|move: Trick Room
|upkeep
|
|t:|1784640942
|switch|p1b: Garchomp|Garchomp, L50, M|100/100
|turn|6
|
|t:|1784640949
|move|p1a: Delphox|Protect|p1a: Delphox
|-singleturn|p1a: Delphox|Protect
|move|p2b: Kingambit|Sucker Punch||[still]
|-fail|p2b: Kingambit
|move|p1b: Garchomp|Earthquake|p2b: Kingambit|[spread] p2a,p2b
|-activate|p1a: Delphox|move: Protect
|-supereffective|p2b: Kingambit|1
|-damage|p2a: Sylveon|0 fnt
|-damage|p2b: Kingambit|0 fnt
|faint|p2a: Sylveon
|faint|p2b: Kingambit
|-damage|p1b: Garchomp|90/100|[from] item: Life Orb
|
|-weather|SunnyDay|[upkeep]
|upkeep
|
|t:|1784640963
|switch|p2b: Farigiraf|Farigiraf, L50, M|55/100
|switch|p2a: Charizard|Charizard, L50, F|100/100
|turn|7
|
|t:|1784640972
|detailschange|p2a: Charizard|Charizard-Mega-Y, L50, F
|-mega|p2a: Charizard|Charizard|Charizardite Y
|move|p1a: Delphox|Heat Wave|p2b: Farigiraf|[spread] p2a,p2b
|-resisted|p2a: Charizard|1
|-damage|p2a: Charizard|76/100
|-damage|p2b: Farigiraf|6/100
|move|p1b: Garchomp|Rock Slide|p2a: Charizard|[spread] p2a,p2b
|-supereffective|p2a: Charizard|2
|-damage|p2a: Charizard|0 fnt
|-damage|p2b: Farigiraf|0 fnt
|faint|p2a: Charizard
|faint|p2b: Farigiraf
|-damage|p1b: Garchomp|80/100|[from] item: Life Orb
|
|win|UraniumVGC
|raw|UraniumVGC's rating: 1201 → 1228(+27 for winning)
|raw|new mental's rating: 1223 → 1196(-27 for losing)
