|j|☆up14
|j|☆InSane_Lcs
|html|up14InSane_Lcs    
|uhtml|bestof|Game 2 of a best-of-3
|t:|1783086473
|gametype|doubles
|player|p1|up14|cynthia-masters|
|player|p2|InSane_Lcs|youngster-gen4dp|
|gen|9
|tier|[Gen 9 Champions] VGC 2026 Reg M-B (Bo3)
|rule|Species Clause: Limit one of each Pokémon
|rule|Item Clause: Limit 1 of each item
|clearpoke
|poke|p1|Staraptor, L50, M|
|poke|p1|Basculegion, L50, M|
|poke|p1|Sneasler, L50, F|
|poke|p1|Sinistcha, L50|
|poke|p1|Ceruledge, L50, F|
|poke|p1|Ariados, L50, F|
|poke|p2|Blastoise, L50, M, shiny|
|poke|p2|Incineroar, L50, M, shiny|
|poke|p2|Sinistcha, L50, shiny|
|poke|p2|Delphox, L50, M, shiny|
|poke|p2|Sneasler, L50, M, shiny|
|poke|p2|Maushold-Four, L50, shiny|
|teampreview|4
|showteam|p1|Staraptor||Staraptite|Intimidate|BulkUp,CloseCombat,BraveBird,Roost|Serious||M|||50|]Basculegion||ChoiceScarf|Adaptability|LastRespects,FlipTurn,PsychicFangs,WaveCrash|Jolly||M|||50|]Sneasler||WhiteHerb|Unburden|CloseCombat,FakeOut,DireClaw,ThroatChop|Adamant||F|||50|]Sinistcha||Leftovers|Hospitality|RagePowder,MatchaGotcha,StrengthSap,TrickRoom|Relaxed|||||50|]Ceruledge||FocusSash|WeakArmor|SwordsDance,Poltergeist,BitterBlade,DestinyBond|Jolly||F|||50|]Ariados||ChartiBerry|Sniper|StickyWeb,ToxicSpikes,SuckerPunch,RagePowder|Careful||F|||50|
|showteam|p2|Blastoise||Blastoisinite|Torrent|WaterSpout,DarkPulse,ShellSmash,Protect|Modest||M|||50|]Incineroar||SitrusBerry|Intimidate|FakeOut,FlareBlitz,ThroatChop,PartingShot|Impish||M|||50|]Sinistcha||KasibBerry|Hospitality|MatchaGotcha,LifeDew,RagePowder,TrickRoom|Bold|||||50|]Delphox||Delphoxite|Blaze|HeatWave,Psyshock,NastyPlot,Protect|Timid||M|||50|]Sneasler||FocusSash|PoisonTouch|FakeOut,CloseCombat,DireClaw,QuickGuard|Jolly||M|||50|]Maushold-Four||ChopleBerry|FriendGuard|SuperFang,Feint,FollowMe,Protect|Impish|||||50|
|j| I got to lock in
|j| McKrimo
|
|t:|1783086519
|teamsize|p1|4
|teamsize|p2|4
|start
|switch|p1a: Sneasler|Sneasler, L50, F|100/100
|switch|p1b: Staraptor|Staraptor, L50, M|100/100
|switch|p2a: Leonardo|Blastoise, L50, M, shiny|100/100
|switch|p2b: FuzeTea|Sinistcha, L50, shiny|100/100
|-ability|p1b: Staraptor|Intimidate|boost
|-unboost|p2a: Leonardo|atk|1
|-unboost|p2b: FuzeTea|atk|1
|turn|1
|
|t:|1783086565
|detailschange|p1b: Staraptor|Staraptor-Mega, L50, M
|-mega|p1b: Staraptor|Staraptor|Staraptite
|detailschange|p2a: Leonardo|Blastoise-Mega, L50, M, shiny
|-mega|p2a: Leonardo|Blastoise|Blastoisinite
|move|p2a: Leonardo|Protect|p2a: Leonardo
|-singleturn|p2a: Leonardo|Protect
|move|p1a: Sneasler|Fake Out|p2a: Leonardo
|-activate|p2a: Leonardo|move: Protect
|move|p1b: Staraptor|Brave Bird|p2b: FuzeTea
|-supereffective|p2b: FuzeTea|1
|-damage|p2b: FuzeTea|0 fnt
|faint|p2b: FuzeTea
|-damage|p1b: Staraptor|63/100|[from] Recoil
|
|upkeep
|
|t:|1783086578
|switch|p2b: 4x1|Maushold-Four, L50, shiny|100/100
|turn|2
|j| Oakvale
|
|t:|1783086613
|move|p2b: 4x1|Follow Me|p2b: 4x1
|-singleturn|p2b: 4x1|move: Follow Me
|move|p1a: Sneasler|Close Combat|p2b: 4x1
|-supereffective|p2b: 4x1|1
|-crit|p2b: 4x1
|-enditem|p2b: 4x1|Chople Berry|[eat]
|-enditem|p2b: 4x1|Chople Berry|[weaken]
|-damage|p2b: 4x1|3/100
|-unboost|p1a: Sneasler|def|1
|-unboost|p1a: Sneasler|spd|1
|-enditem|p1a: Sneasler|White Herb
|-clearnegativeboost|p1a: Sneasler|[silent]
|move|p1b: Staraptor|Close Combat|p2b: 4x1
|-supereffective|p2b: 4x1|1
|-damage|p2b: 4x1|0 fnt
|-boost|p1b: Staraptor|def|1
|-boost|p1b: Staraptor|spd|1
|faint|p2b: 4x1
|move|p2a: Leonardo|Shell Smash|p2a: Leonardo
|-unboost|p2a: Leonardo|def|1
|-unboost|p2a: Leonardo|spd|1
|-boost|p2a: Leonardo|atk|2
|-boost|p2a: Leonardo|spa|2
|-boost|p2a: Leonardo|spe|2
|
|upkeep
|
|t:|1783086631
|switch|p2b: El MIAOU|Incineroar, L50, M, shiny|100/100
|-ability|p2b: El MIAOU|Intimidate|boost
|-unboost|p1a: Sneasler|atk|1
|-boost|p1b: Staraptor|atk|1
|turn|3
|
|t:|1783086643
|move|p2b: El MIAOU|Fake Out|p1a: Sneasler
|-damage|p1a: Sneasler|83/100
|cant|p1a: Sneasler|flinch
|move|p2a: Leonardo|Water Spout|p1b: Staraptor|[spread] p1a,p1b
|-damage|p1a: Sneasler|0 fnt
|-damage|p1b: Staraptor|0 fnt
|faint|p1a: Sneasler
|faint|p1b: Staraptor
|
|upkeep
|
|t:|1783086654
|switch|p1a: Sinistcha|Sinistcha, L50|100/100
|switch|p1b: Basculegion|Basculegion, L50, M|100/100
|turn|4
|
|t:|1783086666
|move|p1a: Sinistcha|Rage Powder|p1a: Sinistcha
|-singleturn|p1a: Sinistcha|move: Rage Powder
|move|p2a: Leonardo|Dark Pulse|p1a: Sinistcha
|-supereffective|p1a: Sinistcha|1
|-damage|p1a: Sinistcha|0 fnt
|faint|p1a: Sinistcha
|move|p1b: Basculegion|Last Respects|p2a: Leonardo
|-damage|p2a: Leonardo|0 fnt
|faint|p2a: Leonardo
|move|p2b: El MIAOU|Throat Chop|p1b: Basculegion
|-supereffective|p1b: Basculegion|1
|-damage|p1b: Basculegion|22/100
|-start|p1b: Basculegion|Throat Chop|[silent]
|
|upkeep
|turn|5
|
|t:|1783086681
|move|p1b: Basculegion|Last Respects|p2b: El MIAOU
|-resisted|p2b: El MIAOU|1
|-damage|p2b: El MIAOU|51/100
|move|p2b: El MIAOU|Throat Chop|p1b: Basculegion
|-supereffective|p1b: Basculegion|1
|-damage|p1b: Basculegion|0 fnt
|faint|p1b: Basculegion
|
|win|InSane_Lcs
|c| I got to lock in|GG
|c|☆up14|gg
|l| McKrimo
|c|☆InSane_Lcs|gg
|j| shogui85
|l| Oakvale
|l| shogui85
|l|☆up14
|player|p1|
|j| shogui85
|l| shogui85
|j| Oakvale
|j| Cotowol
|l| Cotowol
|l| Oakvale
|l| I got to lock in
|j| Oakvale
|l| Oakvale
