|j|☆javivaarela
|j|☆Ramley123
|html|javivaarelaRamley123    
|uhtml|bestof|Game 1 of a best-of-3
|t:|1782345691
|gametype|doubles
|player|p1|javivaarela|101|1000
|player|p2|Ramley123|266|1076
|gen|9
|tier|[Gen 9 Champions] VGC 2026 Reg M-B (Bo3)
|rated|
|rule|Species Clause: Limit one of each Pokémon
|rule|Item Clause: Limit 1 of each item
|clearpoke
|poke|p1|Tyranitar, L50, M|
|poke|p1|Excadrill, L50, F|
|poke|p1|Meowscarada, L50, M|
|poke|p1|Raichu, L50, M|
|poke|p1|Houndstone, L50, F|
|poke|p1|Talonflame, L50, M|
|poke|p2|Raichu, L50, F|
|poke|p2|Ninetales-Alola, L50, F|
|poke|p2|Incineroar, L50, M|
|poke|p2|Gholdengo, L50|
|poke|p2|Whimsicott, L50, F|
|poke|p2|Samurott-Hisui, L50, F|
|teampreview|4
|showteam|p1|Tyranitar||Tyranitarite|SandStream|RockSlide,Assurance,LowKick,Protect|Adamant||M|||50|]Excadrill||FocusSash|SandRush|HighHorsepower,IronHead,RockSlide,Protect|Adamant||F|||50|]Meowscarada||ChoiceScarf|Protean|FlowerTrick,TripleAxel,KnockOff,Uturn|Adamant||M|||50|]Raichu||RaichuniteY|Static|ZapCannon,FocusBlast,GrassKnot,Protect|Timid||M|||50|]Houndstone||SpellTag|SandRush|LastRespects,PsychicFangs,WillOWisp,Protect|Adamant||F|||50|]Talonflame||SharpBeak|GaleWings|DualWingbeat,Tailwind,FlareBlitz,Protect|Adamant||M|||50|
|showteam|p2|Raichu||RaichuniteY|Static|FakeOut,Protect,ZapCannon,FocusBlast|Timid||F|||50|]Ninetales-Alola||LightClay|SnowWarning|AuroraVeil,Blizzard,FreezeDry,Protect|Timid||F|||50|]Incineroar||SitrusBerry|Intimidate|FakeOut,PartingShot,FlareBlitz,ThroatChop|Careful||M|||50|]Gholdengo||LifeOrb|GoodasGold|NastyPlot,MakeItRain,Hex,Protect|Timid|||||50|]Whimsicott||FocusSash|Prankster|Tailwind,FakeTears,Encore,Moonblast|Timid||F|||50|]Samurott-Hisui||ExpertBelt|Sharpness|AquaCutter,SacredSword,SuckerPunch,NightSlash|Jolly||F|||50|
|inactive|Battle timer is ON: inactive players will automatically lose when time's up. (requested by Ramley123)
|inactive|javivaarela has 60 seconds left.
|inactive|Ramley123 has 60 seconds left.
|inactive|Ramley123 has 30 seconds left.
|c|☆javivaarela|apura tío que me sobo
|inactive|Ramley123 has 20 seconds left.
|
|t:|1782345772
|teamsize|p1|4
|teamsize|p2|4
|start
|switch|p1a: Raichu|Raichu, L50, M|100/100
|switch|p1b: Talonflame|Talonflame, L50, M|100/100
|switch|p2a: Raichu|Raichu, L50, F|100/100
|switch|p2b: Incineroar|Incineroar, L50, M|100/100
|-ability|p2b: Incineroar|Intimidate|boost
|-unboost|p1a: Raichu|atk|1
|-unboost|p1b: Talonflame|atk|1
|turn|1
|inactive|javivaarela has 30 seconds left.
|inactive|Ramley123 has 30 seconds left.
|
|t:|1782345804
|detailschange|p2a: Raichu|Raichu-Mega-Y, L50, F
|-mega|p2a: Raichu|Raichu|Raichunite Y
|move|p1a: Raichu|Protect|p1a: Raichu
|-singleturn|p1a: Raichu|Protect
|move|p1b: Talonflame|Protect|p1b: Talonflame
|-singleturn|p1b: Talonflame|Protect
|move|p2b: Incineroar|Fake Out|p1b: Talonflame
|-activate|p1b: Talonflame|move: Protect
|move|p2a: Raichu|Focus Blast|p1a: Raichu
|-activate|p1a: Raichu|move: Protect
|
|upkeep
|turn|2
|inactive|Ramley123 has 30 seconds left.
|
|t:|1782345832
|detailschange|p1a: Raichu|Raichu-Mega-Y, L50, M
|-mega|p1a: Raichu|Raichu|Raichunite Y
|move|p1b: Talonflame|Tailwind|p1b: Talonflame
|-sidestart|p1: javivaarela|move: Tailwind
|move|p1a: Raichu|Focus Blast|p2b: Incineroar
|-supereffective|p2b: Incineroar|1
|-damage|p2b: Incineroar|26/100
|-enditem|p2b: Incineroar|Sitrus Berry|[eat]
|-heal|p2b: Incineroar|51/100|[from] item: Sitrus Berry
|move|p2a: Raichu|Focus Blast|p1a: Raichu
|-damage|p1a: Raichu|22/100
|move|p2b: Incineroar|Flare Blitz|p1a: Raichu
|-damage|p1a: Raichu|0 fnt
|faint|p1a: Raichu
|-damage|p2b: Incineroar|46/100|[from] Recoil
|
|upkeep
|
|t:|1782345846
|switch|p1a: Excadrill|Excadrill, L50, F|100/100
|turn|3
|
|t:|1782345870
|move|p2a: Raichu|Protect|p2a: Raichu
|-singleturn|p2a: Raichu|Protect
|move|p1b: Talonflame|Flare Blitz|p2a: Raichu
|-activate|p2a: Raichu|move: Protect
|move|p1a: Excadrill|Rock Slide|p2b: Incineroar|[spread] p2b
|-activate|p2a: Raichu|move: Protect
|-supereffective|p2b: Incineroar|1
|-damage|p2b: Incineroar|7/100
|move|p2b: Incineroar|Parting Shot|p1a: Excadrill
|-unboost|p1a: Excadrill|atk|1
|-unboost|p1a: Excadrill|spa|1
|
|t:|1782345885
|switch|p2b: Samurott|Samurott-Hisui, L50, F|100/100|[from] Parting Shot
|
|upkeep
|turn|4
|
|t:|1782345910
|switch|p1b: Tyranitar|Tyranitar, L50, M|100/100
|-weather|Sandstorm|[from] ability: Sand Stream|[of] p1b: Tyranitar
|switch|p2a: Incineroar|Incineroar, L50, M|7/100
|-ability|p2a: Incineroar|Intimidate|boost
|-unboost|p1a: Excadrill|atk|1
|-unboost|p1b: Tyranitar|atk|1
|move|p1a: Excadrill|Rock Slide|p2a: Incineroar|[spread] p2a,p2b
|-supereffective|p2a: Incineroar|1
|-damage|p2a: Incineroar|0 fnt
|-damage|p2b: Samurott|86/100
|faint|p2a: Incineroar
|cant|p2b: Samurott|flinch
|
|-weather|Sandstorm|[upkeep]
|-damage|p2b: Samurott|80/100|[from] Sandstorm
|upkeep
|
|t:|1782345924
|switch|p2a: Ninetales|Ninetales-Alola, L50, F|100/100
|-weather|Snowscape|[from] ability: Snow Warning|[of] p2a: Ninetales
|turn|5
|
|t:|1782345939
|switch|p1b: Talonflame|Talonflame, L50, M|100/100
|move|p2a: Ninetales|Protect|p2a: Ninetales
|-singleturn|p2a: Ninetales|Protect
|move|p1a: Excadrill|Rock Slide|p2b: Samurott|[spread] p2b
|-activate|p2a: Ninetales|move: Protect
|-damage|p2b: Samurott|67/100
|move|p2b: Samurott|Aqua Cutter|p1a: Excadrill
|-supereffective|p1a: Excadrill|1
|-enditem|p1a: Excadrill|Focus Sash
|-damage|p1a: Excadrill|1/100
|
|-weather|Snowscape|[upkeep]
|-sideend|p1: javivaarela|move: Tailwind
|upkeep
|turn|6
|inactive|javivaarela has 30 seconds left.
|
|t:|1782345973
|switch|p1a: Tyranitar|Tyranitar, L50, M|100/100
|-weather|Sandstorm|[from] ability: Sand Stream|[of] p1a: Tyranitar
|move|p1b: Talonflame|Dual Wingbeat|p2b: Samurott
|-damage|p2b: Samurott|41/100
|-damage|p2b: Samurott|14/100
|-hitcount|p2b: Samurott|2
|move|p2a: Ninetales|Aurora Veil||[still]
|-fail|p2a: Ninetales
|move|p2b: Samurott|Aqua Cutter|p1b: Talonflame
|-supereffective|p1b: Talonflame|1
|-damage|p1b: Talonflame|0 fnt
|faint|p1b: Talonflame
|
|-weather|Sandstorm|[upkeep]
|-damage|p2a: Ninetales|93/100|[from] Sandstorm
|-damage|p2b: Samurott|8/100|[from] Sandstorm
|upkeep
|
|t:|1782345984
|switch|p1b: Excadrill|Excadrill, L50, F|1/100
|turn|7
|
|t:|1782346000
|switch|p2a: Raichu|Raichu-Mega-Y, L50, F|100/100
|move|p2b: Samurott|Sucker Punch|p1b: Excadrill
|-damage|p1b: Excadrill|0 fnt
|faint|p1b: Excadrill
|move|p1a: Tyranitar|Rock Slide|p2b: Samurott|[spread] p2a,p2b
|-damage|p2a: Raichu|39/100
|-damage|p2b: Samurott|0 fnt
|faint|p2b: Samurott
|
|-weather|Sandstorm|[upkeep]
|-damage|p2a: Raichu|33/100|[from] Sandstorm
|upkeep
|
|t:|1782346007
|switch|p2b: Ninetales|Ninetales-Alola, L50, F|93/100
|-weather|Snowscape|[from] ability: Snow Warning|[of] p2b: Ninetales
|turn|8
|
|t:|1782346014
|move|p2a: Raichu|Focus Blast|p1a: Tyranitar
|-supereffective|p1a: Tyranitar|2
|-damage|p1a: Tyranitar|0 fnt
|faint|p1a: Tyranitar
|
|win|Ramley123
