|j|☆the crimson craig
|j|☆DeewompostYT
|html|the crimson craigDeewompostYT    
|uhtml|bestof|Game 1 of a best-of-3
|t:|1783138146
|gametype|doubles
|player|p1|the crimson craig|marshal|1341
|player|p2|DeewompostYT|guitarist|1247
|gen|9
|tier|[Gen 9 Champions] VGC 2026 Reg M-B (Bo3)
|rated|
|rule|Species Clause: Limit one of each Pokémon
|rule|Item Clause: Limit 1 of each item
|clearpoke
|poke|p1|Charizard, L50, F|
|poke|p1|Glimmora, L50, F|
|poke|p1|Basculegion, L50, M|
|poke|p1|Whimsicott, L50, F|
|poke|p1|Aegislash, L50, M|
|poke|p1|Hydreigon, L50, M|
|poke|p2|Scovillain, L50, M|
|poke|p2|Grimmsnarl, L50, M|
|poke|p2|Basculegion, L50, M|
|poke|p2|Kingambit, L50, M|
|poke|p2|Garchomp, L50, F|
|poke|p2|Floette-Eternal, L50, F|
|teampreview|4
|showteam|p1|Charizard||CharizarditeY|Blaze|HeatWave,WeatherBall,SolarBeam,Protect|Modest||F|||50|]Glimmora||Glimmoranite|ToxicDebris|PowerGem,SludgeBomb,EarthPower,SpikyShield|Modest||F|||50|]Basculegion||ChoiceScarf|Adaptability|WaveCrash,FlipTurn,LastRespects,AquaJet|Jolly||M|||50|]Whimsicott||LifeOrb|Prankster|Moonblast,EnergyBall,Tailwind,Protect|Timid||F|||50|]Aegislash||ColburBerry|StanceChange|IronHead,ShadowSneak,SacredSword,KingsShield|Adamant||M|||50|]Hydreigon||HabanBerry|Levitate|DracoMeteor,DarkPulse,EarthPower,Protect|Modest||M|||50|
|showteam|p2|Scovillain||Scovillainite|Moody|RagePowder,Flamethrower,GigaDrain,Protect|Calm||M|||50|]Grimmsnarl||LightClay|Prankster|LightScreen,Reflect,SpiritBreak,PartingShot|Careful||M|||50|]Basculegion||MysticWater|Adaptability|WaveCrash,LastRespects,AquaJet,Protect|Adamant||M|||50|]Kingambit||BlackGlasses|Defiant|KowtowCleave,SuckerPunch,IronHead,Protect|Adamant||M|||50|]Garchomp||LifeOrb|RoughSkin|Earthquake,DragonClaw,RockSlide,Protect|Jolly||F|||50|]Floette-Eternal||Floettite|FlowerVeil|DazzlingGleam,CalmMind,Moonblast,Protect|Modest||F|||50|
|inactive|Battle timer is ON: inactive players will automatically lose when time's up. (requested by the crimson craig)
|inactive|the crimson craig has 60 seconds left.
|inactive|DeewompostYT has 60 seconds left.
|inactive|DeewompostYT has 30 seconds left.
|inactive|DeewompostYT has 20 seconds left.
|inactive|DeewompostYT has 15 seconds left.
|
|t:|1783138227
|teamsize|p1|4
|teamsize|p2|4
|start
|switch|p1a: Charizard|Charizard, L50, F|100/100
|switch|p1b: Whimsicott|Whimsicott, L50, F|100/100
|switch|p2a: Grimmsnarl|Grimmsnarl, L50, M|100/100
|switch|p2b: Garchomp|Garchomp, L50, F|100/100
|turn|1
|
|t:|1783138247
|switch|p1a: Aegislash|Aegislash, L50, M|100/100
|move|p2b: Garchomp|Protect|p2b: Garchomp
|-singleturn|p2b: Garchomp|Protect
|move|p2a: Grimmsnarl|Light Screen|p2a: Grimmsnarl
|-sidestart|p2: DeewompostYT|move: Light Screen
|move|p1b: Whimsicott|Moonblast|p2b: Garchomp
|-activate|p2b: Garchomp|move: Protect
|
|upkeep
|turn|2
|inactive|DeewompostYT has 30 seconds left.
|inactive|DeewompostYT has 20 seconds left.
|
|t:|1783138285
|switch|p2b: Kingambit|Kingambit, L50, M|100/100
|-formechange|p1a: Aegislash|Aegislash-Blade|
|move|p1a: Aegislash|Shadow Sneak|p2b: Kingambit
|-resisted|p2b: Kingambit|1
|-damage|p2b: Kingambit|90/100
|move|p2a: Grimmsnarl|Parting Shot|p1b: Whimsicott
|-unboost|p1b: Whimsicott|atk|1
|-unboost|p1b: Whimsicott|spa|1
|
|t:|1783138294
|switch|p2a: Scovillain|Scovillain, L50, M|100/100|[from] Parting Shot
|move|p1b: Whimsicott|Moonblast|p2b: Kingambit
|-damage|p2b: Kingambit|68/100
|-damage|p1b: Whimsicott|90/100|[from] item: Life Orb
|
|-ability|p2a: Scovillain|Moody|boost
|-boost|p2a: Scovillain|atk|2
|-unboost|p2a: Scovillain|def|1
|upkeep
|turn|3
|inactive|DeewompostYT has 30 seconds left.
|inactive|the crimson craig has 30 seconds left.
|
|t:|1783138330
|switch|p1b: Charizard|Charizard, L50, F|100/100
|switch|p1a: Glimmora|Glimmora, L50, F|100/100
|detailschange|p2a: Scovillain|Scovillain-Mega, L50, M
|-mega|p2a: Scovillain|Scovillain|Scovillainite
|move|p2a: Scovillain|Flamethrower|p1a: Glimmora
|-resisted|p1a: Glimmora|1
|-damage|p1a: Glimmora|72/100
|move|p2b: Kingambit|Iron Head|p1b: Charizard
|-resisted|p1b: Charizard|1
|-damage|p1b: Charizard|77/100
|
|upkeep
|turn|4
|
|t:|1783138348
|switch|p2a: Grimmsnarl|Grimmsnarl, L50, M|100/100
|detailschange|p1b: Charizard|Charizard-Mega-Y, L50, F
|-mega|p1b: Charizard|Charizard|Charizardite Y
|-weather|SunnyDay|[from] ability: Drought|[of] p1b: Charizard
|move|p2b: Kingambit|Protect|p2b: Kingambit
|-singleturn|p2b: Kingambit|Protect
|move|p1a: Glimmora|Sludge Bomb|p2a: Grimmsnarl
|-supereffective|p2a: Grimmsnarl|1
|-damage|p2a: Grimmsnarl|48/100
|move|p1b: Charizard|Heat Wave|p2a: Grimmsnarl|[spread] 
|-activate|p2b: Kingambit|move: Protect
|-miss|p1b: Charizard|p2a: Grimmsnarl
|
|-weather|SunnyDay|[upkeep]
|upkeep
|turn|5
|
|t:|1783138361
|switch|p1a: Whimsicott|Whimsicott, L50, F|90/100
|move|p2b: Kingambit|Sucker Punch|p1b: Charizard
|-damage|p1b: Charizard|26/100
|move|p2a: Grimmsnarl|Parting Shot|p1b: Charizard
|-unboost|p1b: Charizard|atk|1
|-unboost|p1b: Charizard|spa|1
|
|t:|1783138367
|switch|p2a: Scovillain|Scovillain-Mega, L50, M|100/100|[from] Parting Shot
|move|p1b: Charizard|Heat Wave|p2a: Scovillain|[spread] p2b
|-miss|p1b: Charizard|p2a: Scovillain
|-supereffective|p2b: Kingambit|1
|-damage|p2b: Kingambit|12/100
|
|-weather|SunnyDay|[upkeep]
|upkeep
|turn|6
|inactive|DeewompostYT has 30 seconds left.
|
|t:|1783138398
|move|p1a: Whimsicott|Protect|p1a: Whimsicott
|-singleturn|p1a: Whimsicott|Protect
|move|p2b: Kingambit|Protect|p2b: Kingambit
|-singleturn|p2b: Kingambit|Protect
|move|p1b: Charizard|Heat Wave|p2b: Kingambit|[spread] p2a
|-activate|p2b: Kingambit|move: Protect
|-damage|p2a: Scovillain|77/100
|-immune|p1b: Charizard
|move|p2a: Scovillain|Flamethrower|p1a: Whimsicott
|-activate|p1a: Whimsicott|move: Protect
|
|-weather|SunnyDay|[upkeep]
|upkeep
|turn|7
|
|t:|1783138421
|switch|p1a: Glimmora|Glimmora, L50, F|72/100
|move|p2b: Kingambit|Sucker Punch|p1b: Charizard
|-damage|p1b: Charizard|0 fnt
|faint|p1b: Charizard
|move|p2a: Scovillain|Flamethrower|p1a: Glimmora
|-resisted|p1a: Glimmora|1
|-damage|p1a: Glimmora|35/100
|
|-weather|SunnyDay|[upkeep]
|upkeep
|
|t:|1783138434
|switch|p1b: Whimsicott|Whimsicott, L50, F|90/100
|turn|8
|
|t:|1783138443
|move|p2b: Kingambit|Sucker Punch|p1a: Glimmora
|-damage|p1a: Glimmora|0 fnt
|-activate|p1a: Glimmora|ability: Toxic Debris
|-sidestart|p2: DeewompostYT|move: Toxic Spikes
|faint|p1a: Glimmora
|move|p1b: Whimsicott|Moonblast|p2b: Kingambit
|-damage|p2b: Kingambit|0 fnt
|faint|p2b: Kingambit
|-damage|p1b: Whimsicott|81/100|[from] item: Life Orb
|move|p2a: Scovillain|Flamethrower|p1b: Whimsicott
|-supereffective|p1b: Whimsicott|1
|-damage|p1b: Whimsicott|0 fnt
|faint|p1b: Whimsicott
|
|-weather|none
|-sideend|p2: DeewompostYT|move: Light Screen
|upkeep
|
|t:|1783138456
|switch|p1b: Aegislash|Aegislash, L50, M|100/100
|switch|p2b: Grimmsnarl|Grimmsnarl, L50, M|48/100
|-status|p2b: Grimmsnarl|psn
|turn|9
|
|t:|1783138460
|move|p2b: Grimmsnarl|Reflect|p2b: Grimmsnarl
|-sidestart|p2: DeewompostYT|Reflect
|move|p2a: Scovillain|Flamethrower|p1b: Aegislash
|-supereffective|p1b: Aegislash|1
|-damage|p1b: Aegislash|30/100
|-formechange|p1b: Aegislash|Aegislash-Blade|
|move|p1b: Aegislash|Iron Head|p2b: Grimmsnarl
|-supereffective|p2b: Grimmsnarl|1
|-damage|p2b: Grimmsnarl|0 fnt
|faint|p2b: Grimmsnarl
|
|upkeep
|
|t:|1783138468
|switch|p2b: Garchomp|Garchomp, L50, F|100/100
|-status|p2b: Garchomp|psn
|turn|10
|
|t:|1783138483
|move|p2a: Scovillain|Rage Powder|p2a: Scovillain
|-singleturn|p2a: Scovillain|move: Rage Powder
|move|p2b: Garchomp|Earthquake|p1b: Aegislash|[spread] p2a,p1b
|-supereffective|p1b: Aegislash|1
|-damage|p2a: Scovillain|38/100
|-damage|p1b: Aegislash|0 fnt
|faint|p1b: Aegislash
|-damage|p2b: Garchomp|90/100 psn|[from] item: Life Orb
|
|win|DeewompostYT
