|j|☆KlNGSALMON
|j|☆Gentlefish
|html|KlNGSALMONGentlefish    
|uhtml|bestof|Game 1 of a best-of-3
|t:|1756398643
|gametype|doubles
|player|p1|KlNGSALMON|265|1281
|player|p2|Gentlefish|burglar-gen1rb|1188
|gen|9
|tier|[Gen 9] VGC 2025 Reg H (Bo3)
|rated|
|rule|Species Clause: Limit one of each Pokémon
|rule|Item Clause: Limit 1 of each item
|clearpoke
|poke|p1|Sneasler, L50, F|
|poke|p1|Tyranitar, L50, F|
|poke|p1|Indeedee, L50, M|
|poke|p1|Excadrill, L50, F|
|poke|p1|Corviknight, L50, F|
|poke|p1|Sinistcha, L50|
|poke|p2|Garchomp, L50, M|
|poke|p2|Weezing-Galar, L50, M|
|poke|p2|Archaludon, L50, F|
|poke|p2|Gholdengo, L50|
|poke|p2|Talonflame, L50, F|
|poke|p2|Annihilape, L50, F|
|teampreview|4
|showteam|p1|Sneasler||WhiteHerb|Unburden|CloseCombat,DireClaw,Coaching,FakeOut|||F|||50|,,,,,Flying]Tyranitar||AssaultVest|SandStream|RockSlide,KnockOff,LowKick,TeraBlast|||F|||50|,,,,,Flying]Indeedee||ChoiceScarf|PsychicSurge|ExpandingForce,TeraBlast,Protect,Trick|||M|||50|,,,,,Psychic]Excadrill||FocusSash|SandRush|Protect,Earthquake,IronHead,SwordsDance|||F|||50|,,,,,Ground]Corviknight||PsychicSeed|MirrorArmor|Protect,BraveBird,BulkUp,Roost|||F|||50|,,,,,Fire]Sinistcha||SitrusBerry|Heatproof|MatchaGotcha,RagePowder,TrickRoom,StrengthSap||||||50|,,,,,Dark
|showteam|p2|Garchomp||LifeOrb|RoughSkin|DragonClaw,Earthquake,StompingTantrum,Protect|||M|||50|,,,,,Ground]Weezing-Galar||FocusSash|NeutralizingGas|Protect,SludgeBomb,Taunt,StrangeSteam|||M|||50|,,,,,Flying]Archaludon||PowerHerb|Sturdy|ElectroShot,Thunderbolt,DracoMeteor,Protect|||F|||50|,,,,,Electric]Gholdengo||ChoiceSpecs|GoodasGold|ShadowBall,DazzlingGleam,PowerGem,MakeItRain||||||50|,,,,,Fairy]Talonflame||CovertCloak|GaleWings|Tailwind,DualWingbeat,Taunt,FlareBlitz|||F|||50|,,,,,Stellar]Annihilape||AssaultVest|Defiant|CloseCombat,RageFist,FinalGambit,IcePunch|||F|||50|,,,,,Grass
|
|t:|1756398744
|teamsize|p1|4
|teamsize|p2|4
|start
|switch|p1a: Tyranitar|Tyranitar, L50, F, shiny|100/100
|switch|p1b: Sinistcha|Sinistcha, L50|100/100
|switch|p2a: Weezing|Weezing-Galar, L50, M|100/100
|switch|p2b: Garchomp|Garchomp, L50, M|100/100
|-ability|p2a: Weezing|Neutralizing Gas
|turn|1
|
|t:|1756398797
|-terastallize|p1a: Tyranitar|Flying
|move|p1b: Sinistcha|Rage Powder|p1b: Sinistcha
|-singleturn|p1b: Sinistcha|move: Rage Powder
|move|p2b: Garchomp|Dragon Claw|p1b: Sinistcha
|-damage|p1b: Sinistcha|63/100
|-damage|p2b: Garchomp|91/100|[from] item: Life Orb
|move|p2a: Weezing|Taunt|p1b: Sinistcha
|-start|p1b: Sinistcha|move: Taunt
|move|p1a: Tyranitar|Knock Off|p2b: Garchomp
|-damage|p2b: Garchomp|39/100
|-enditem|p2b: Garchomp|Life Orb|[from] move: Knock Off|[of] p1a: Tyranitar
|
|upkeep
|turn|2
|
|t:|1756398831
|move|p2b: Garchomp|Dragon Claw|p1a: Tyranitar
|-damage|p1a: Tyranitar|66/100
|move|p2a: Weezing|Sludge Bomb|p1a: Tyranitar
|-damage|p1a: Tyranitar|44/100
|move|p1b: Sinistcha|Matcha Gotcha|p2a: Weezing|[spread] p2b
|-miss|p1b: Sinistcha|p2a: Weezing
|-damage|p2b: Garchomp|10/100
|-heal|p1b: Sinistcha|78/100|[from] drain|[of] p2b: Garchomp
|move|p1a: Tyranitar|Rock Slide|p2b: Garchomp|[spread] p2b
|-miss|p1a: Tyranitar|p2a: Weezing
|-resisted|p2b: Garchomp
|-damage|p2b: Garchomp|0 fnt
|faint|p2b: Garchomp
|
|upkeep
|
|t:|1756398857
|switch|p2b: Gholdengo|Gholdengo, L50|100/100
|turn|3
|
|t:|1756398886
|switch|p1a: Corviknight|Corviknight, L50, F, shiny|100/100
|move|p2b: Gholdengo|Make It Rain|p1a: Corviknight|[spread] p1a,p1b
|-resisted|p1a: Corviknight
|-damage|p1a: Corviknight|66/100
|-damage|p1b: Sinistcha|0 fnt
|-unboost|p2b: Gholdengo|spa|1
|faint|p1b: Sinistcha
|move|p2a: Weezing|Sludge Bomb|p1a: Corviknight
|-immune|p1a: Corviknight
|
|upkeep
|
|t:|1756398899
|switch|p1b: Excadrill|Excadrill, L50, F, shiny|100/100
|turn|4
|
|t:|1756398919
|switch|p2b: Talonflame|Talonflame, L50, F|100/100
|move|p1b: Excadrill|Earthquake|p2b: Talonflame|[spread] p2a
|-immune|p1a: Corviknight
|-immune|p2b: Talonflame
|-supereffective|p2a: Weezing
|-damage|p2a: Weezing|7/100
|move|p2a: Weezing|Taunt|p1a: Corviknight
|-start|p1a: Corviknight|move: Taunt
|move|p1a: Corviknight|Brave Bird|p2a: Weezing
|-crit|p2a: Weezing
|-damage|p2a: Weezing|0 fnt
|faint|p2a: Weezing
|-end|p2a: Weezing|ability: Neutralizing Gas
|-damage|p1a: Corviknight|65/100|[from] Recoil
|
|upkeep
|
|t:|1756398931
|switch|p2a: Gholdengo|Gholdengo, L50|100/100
|turn|5
|
|t:|1756398976
|-terastallize|p2a: Gholdengo|Fairy
|move|p1b: Excadrill|Protect|p1b: Excadrill
|-singleturn|p1b: Excadrill|Protect
|move|p2b: Talonflame|Tailwind|p2b: Talonflame
|-sidestart|p2: Gentlefish|move: Tailwind
|move|p2a: Gholdengo|Shadow Ball|p1b: Excadrill
|-activate|p1b: Excadrill|move: Protect
|move|p1a: Corviknight|Brave Bird|p2a: Gholdengo
|-damage|p2a: Gholdengo|59/100
|-damage|p1a: Corviknight|53/100|[from] Recoil
|
|upkeep
|turn|6
|
|t:|1756398995
|switch|p1a: Tyranitar|Tyranitar, L50, F, shiny, tera:Flying|44/100
|-weather|Sandstorm|[from] ability: Sand Stream|[of] p1a: Tyranitar
|move|p2b: Talonflame|Flare Blitz|p1b: Excadrill
|-supereffective|p1b: Excadrill
|-enditem|p1b: Excadrill|Focus Sash
|-damage|p1b: Excadrill|1/100
|-damage|p2b: Talonflame|61/100|[from] Recoil
|move|p1b: Excadrill|Iron Head|p2a: Gholdengo
|-supereffective|p2a: Gholdengo
|-damage|p2a: Gholdengo|0 fnt
|faint|p2a: Gholdengo
|
|-weather|Sandstorm|[upkeep]
|-damage|p2b: Talonflame|55/100|[from] Sandstorm
|-damage|p1a: Tyranitar|38/100|[from] Sandstorm
|upkeep
|turn|7
|
|t:|1756399016
|move|p2b: Talonflame|Flare Blitz|p1a: Tyranitar
|-damage|p1a: Tyranitar|0 fnt
|faint|p1a: Tyranitar
|-damage|p2b: Talonflame|39/100|[from] Recoil
|move|p1b: Excadrill|Iron Head|p2b: Talonflame
|-resisted|p2b: Talonflame
|-damage|p2b: Talonflame|7/100
|
|-weather|Sandstorm|[upkeep]
|-damage|p2b: Talonflame|1/100|[from] Sandstorm
|upkeep
|
|t:|1756399027
|switch|p1a: Corviknight|Corviknight, L50, F, shiny|53/100
|turn|8
|-message|Gentlefish forfeited.
|
|win|KlNGSALMON
||Gentlefish is ready for game 2.
||KlNGSALMON is ready for game 2.
|uhtml|next|Next: Game 2 of 3
|l|☆KlNGSALMON
|player|p1|
