|j|☆CavaliereIsSoPeak
|j|☆dialghite
|html|CavaliereIsSoPeakdialghite    
|uhtml|bestof|Game 3 of a best-of-3
|t:|1756925710
|gametype|doubles
|player|p1|CavaliereIsSoPeak|gambler|
|player|p2|dialghite|volkner|
|gen|9
|tier|[Gen 9] VGC 2025 Reg H (Bo3)
|rule|Species Clause: Limit one of each Pokémon
|rule|Item Clause: Limit 1 of each item
|clearpoke
|poke|p1|Volcarona, L50, M|
|poke|p1|Basculegion, L50, M|
|poke|p1|Sneasler, L50, F|
|poke|p1|Dragonite, L50, M|
|poke|p1|Ursaluna-Bloodmoon, L50, M|
|poke|p1|Whimsicott, L50, F|
|poke|p2|Whimsicott, L50, M|
|poke|p2|Corviknight, L50, F|
|poke|p2|Indeedee, L50, M|
|poke|p2|Sneasler, L50, M|
|poke|p2|Ursaluna-Bloodmoon, L50, M|
|poke|p2|Archaludon, L50, F|
|teampreview|4
|showteam|p1|Volcarona||SitrusBerry|FlameBody|HeatWave,TeraBlast,QuiverDance,Protect|||M|||50|,,,,,Fairy]Basculegion||ChoiceBand|Adaptability|WaveCrash,FlipTurn,AquaJet,LastRespects|||M|||50|,,,,,Water]Sneasler||FocusSash|Unburden|DireClaw,CloseCombat,ThroatChop,Protect|||F|||50|,,,,,Dark]Dragonite||LoadedDice|Multiscale|ScaleShot,ExtremeSpeed,Haze,Protect|||M|||50|,,,,,Steel]Ursaluna-Bloodmoon||LifeOrb|MindsEye|BloodMoon,HyperVoice,EarthPower,Protect|||M|||50|,,,,,Normal]Whimsicott||CovertCloak|Prankster|Moonblast,Tailwind,Encore,Taunt|||F|||50|,,,,,Poison
|showteam|p2|Whimsicott||CovertCloak|Prankster|Moonblast,Taunt,Tailwind,FakeTears|||M|||50|,,,,,Water]Corviknight||Leftovers|MirrorArmor|BraveBird,BulkUp,Tailwind,Roost|||F|||50|,,,,,Dragon]Indeedee||FocusSash|PsychicSurge|ExpandingForce,TeraBlast,Imprison,TrickRoom|||M|||50|,,,,,Psychic]Sneasler||PsychicSeed|Unburden|CloseCombat,DireClaw,ThroatChop,Protect|||M|||50|,,,,,Dark]Ursaluna-Bloodmoon||LifeOrb|MindsEye|HyperVoice,BloodMoon,EarthPower,Protect|||M|||50|,,,,,Normal]Archaludon||PowerHerb|Stalwart|ElectroShot,DragonPulse,Thunderbolt,Protect|||F|||50|,,,,,Electric
|inactive|Battle timer is ON: inactive players will automatically lose when time's up. (requested by dialghite)
|inactive|CavaliereIsSoPeak has 60 seconds left.
|inactive|dialghite has 60 seconds left.
|
|t:|1756925757
|teamsize|p1|4
|teamsize|p2|4
|start
|switch|p1a: Ventus|Dragonite, L50, M|100/100
|switch|p1b: Mary|Whimsicott, L50, F|100/100
|switch|p2a: Whimsicott|Whimsicott, L50, M|100/100
|switch|p2b: Archaludon|Archaludon, L50, F|100/100
|turn|1
|
|t:|1756925774
|-terastallize|p2b: Archaludon|Electric
|move|p1b: Mary|Taunt|p2a: Whimsicott
|-start|p2a: Whimsicott|move: Taunt
|move|p2a: Whimsicott|Moonblast|p1a: Ventus
|-supereffective|p1a: Ventus
|-damage|p1a: Ventus|75/100
|move|p2b: Archaludon|Electro Shot||[still]
|-prepare|p2b: Archaludon|Electro Shot
|-boost|p2b: Archaludon|spa|1
|-enditem|p2b: Archaludon|Power Herb
|-anim|p2b: Archaludon|Electro Shot|p1a: Ventus
|-damage|p1a: Ventus|0 fnt
|faint|p1a: Ventus
|
|upkeep
|
|t:|1756925785
|switch|p1a: Dante|Volcarona, L50, M|100/100
|turn|2
|
|t:|1756925791
|switch|p2a: Indeedee|Indeedee, L50, M|100/100
|-fieldstart|move: Psychic Terrain|[from] ability: Psychic Surge|[of] p2a: Indeedee
|move|p1b: Mary|Encore|p2b: Archaludon
|-activate|p2b: Archaludon|move: Psychic Terrain
|move|p1a: Dante|Quiver Dance|p1a: Dante
|-boost|p1a: Dante|spa|1
|-boost|p1a: Dante|spd|1
|-boost|p1a: Dante|spe|1
|move|p2b: Archaludon|Thunderbolt|p1a: Dante
|-damage|p1a: Dante|50/100
|-enditem|p1a: Dante|Sitrus Berry|[eat]
|-heal|p1a: Dante|75/100|[from] item: Sitrus Berry
|
|upkeep
|turn|3
|inactive|CavaliereIsSoPeak has 30 seconds left.
|
|t:|1756925824
|move|p1a: Dante|Heat Wave|p2a: Indeedee|[spread] p2a,p2b
|-damage|p2a: Indeedee|29/100
|-damage|p2b: Archaludon|25/100
|move|p1b: Mary|Moonblast|p2b: Archaludon
|-damage|p2b: Archaludon|0 fnt
|faint|p2b: Archaludon
|move|p2a: Indeedee|Expanding Force|p1b: Mary|[spread] p1a,p1b
|-damage|p1a: Dante|34/100
|-damage|p1b: Mary|25/100
|
|upkeep
|
|t:|1756925838
|switch|p2b: Sneasler|Sneasler, L50, M|100/100
|-enditem|p2b: Sneasler|Psychic Seed
|-boost|p2b: Sneasler|spd|1|[from] item: Psychic Seed
|turn|4
|
|t:|1756925844
|move|p1b: Mary|Tailwind|p1b: Mary
|-sidestart|p1: CavaliereIsSoPeak|move: Tailwind
|move|p1a: Dante|Heat Wave|p2a: Indeedee|[spread] p2a
|-miss|p1a: Dante|p2b: Sneasler
|-damage|p2a: Indeedee|0 fnt
|faint|p2a: Indeedee
|move|p2b: Sneasler|Dire Claw|p1a: Dante
|-damage|p1a: Dante|0 fnt
|faint|p1a: Dante
|
|upkeep
|
|t:|1756925849
|switch|p1a: D'oro|Sneasler, L50, F|100/100
|switch|p2a: Whimsicott|Whimsicott, L50, M|100/100
|turn|5
|
|t:|1756925869
|-terastallize|p1b: Mary|Poison
|move|p2a: Whimsicott|Tailwind|p2a: Whimsicott
|-sidestart|p2: dialghite|move: Tailwind
|move|p2b: Sneasler|Dire Claw|p1b: Mary
|-resisted|p1b: Mary
|-damage|p1b: Mary|0 fnt
|faint|p1b: Mary
|move|p1a: D'oro|Dire Claw|p2a: Whimsicott
|-supereffective|p2a: Whimsicott
|-damage|p2a: Whimsicott|0 fnt
|faint|p2a: Whimsicott
|
|upkeep
|turn|6
|
|t:|1756925882
|move|p2b: Sneasler|Dire Claw|p1a: D'oro
|-resisted|p1a: D'oro
|-damage|p1a: D'oro|66/100
|move|p1a: D'oro|Dire Claw|p2b: Sneasler
|-resisted|p2b: Sneasler
|-damage|p2b: Sneasler|68/100
|-status|p2b: Sneasler|slp
|
|-fieldend|move: Psychic Terrain
|upkeep
|turn|7
|
|t:|1756925892
|cant|p2b: Sneasler|slp
|move|p1a: D'oro|Dire Claw|p2b: Sneasler
|-resisted|p2b: Sneasler
|-damage|p2b: Sneasler|32/100 slp
|
|-sideend|p1: CavaliereIsSoPeak|move: Tailwind
|upkeep
|turn|8
|
|t:|1756925895
|cant|p2b: Sneasler|slp
|move|p1a: D'oro|Close Combat|p2b: Sneasler
|-resisted|p2b: Sneasler
|-damage|p2b: Sneasler|0 fnt
|-unboost|p1a: D'oro|def|1
|-unboost|p1a: D'oro|spd|1
|faint|p2b: Sneasler
|
|win|CavaliereIsSoPeak
