|j|☆d1mo22
|j|☆trevyah
|html|d1mo22trevyah    
|uhtml|bestof|Game 1 of a best-of-3
|t:|1785094724
|gametype|doubles
|player|p1|d1mo22|skier|1396
|player|p2|trevyah|trevor|1361
|gen|9
|tier|[Gen 9 Champions] VGC 2026 Reg M-B (Bo3)
|rated|
|rule|Species Clause: Limit one of each Pokémon
|rule|Item Clause: Limit 1 of each item
|clearpoke
|poke|p1|Raichu, L50, M|
|poke|p1|Gyarados, L50, M, shiny|
|poke|p1|Mamoswine, L50, M|
|poke|p1|Ceruledge, L50, M|
|poke|p1|Sinistcha, L50|
|poke|p1|Kingambit, L50, M, shiny|
|poke|p2|Blaziken, L50, F, shiny|
|poke|p2|Kingambit, L50, M, shiny|
|poke|p2|Dragonite, L50, M, shiny|
|poke|p2|Ninetales-Alola, L50, F, shiny|
|poke|p2|Gengar, L50, M, shiny|
|poke|p2|Incineroar, L50, F, shiny|
|teampreview|4
|showteam|p1|Raichu||RaichuniteY|LightningRod|FakeOut,Encore,ZapCannon,FocusBlast|Timid||M|||50|]Gyarados||Gyaradosite|Intimidate|LashOut,Waterfall,DragonDance,Protect|Adamant||M|||50|]Mamoswine||LifeOrb|Oblivious|Protect,IcicleCrash,IceShard,HighHorsepower|Jolly||M|||50|]Ceruledge||ColburBerry|FlashFire|BitterBlade,ShadowSneak,BulkUp,Protect|Adamant||M|||50|]Sinistcha||SitrusBerry|Hospitality|Protect,RagePowder,MatchaGotcha,LifeDew|Bold|||||50|]Kingambit||FocusSash|Defiant|Protect,SuckerPunch,KowtowCleave,IronHead|Adamant||M|||50|
|showteam|p2|Blaziken||Blazikenite|SpeedBoost|CloseCombat,RockSlide,FlareBlitz,Detect|Adamant||F|||50|]Kingambit||LifeOrb|Defiant|KowtowCleave,IronHead,SuckerPunch,Protect|Adamant||M|||50|]Dragonite||LumBerry|InnerFocus|DragonClaw,LowKick,ExtremeSpeed,Protect|Adamant||M|||50|]Ninetales-Alola||FocusSash|SnowWarning|Blizzard,FreezeDry,Encore,Protect|Timid||F|||50|]Gengar||Gengarite|CursedBody|ShadowBall,SludgeBomb,PerishSong,Protect|Modest||M|||50|]Incineroar||SitrusBerry|Intimidate|FlareBlitz,PartingShot,FakeOut,Protect|Relaxed||F|||50|
|inactive|Battle timer is ON: inactive players will automatically lose when time's up. (requested by d1mo22)
|inactive|d1mo22 has 60 seconds left.
|inactive|d1mo22 has 30 seconds left.
|inactive|d1mo22 has 20 seconds left.
|inactive|d1mo22 has 15 seconds left.
|
|t:|1785094803
|teamsize|p1|4
|teamsize|p2|4
|start
|switch|p1a: Raichu|Raichu, L50, M|100/100
|switch|p1b: Mamoswine|Mamoswine, L50, M|100/100
|switch|p2a: Drop Dead|Kingambit, L50, M, shiny|100/100
|switch|p2b: my way|Blaziken, L50, F, shiny|100/100
|turn|1
|inactive|d1mo22 has 30 seconds left.
|
|t:|1785094832
|detailschange|p2b: my way|Blaziken-Mega, L50, F, shiny
|-mega|p2b: my way|Blaziken|Blazikenite
|move|p2b: my way|Detect|p2b: my way
|-singleturn|p2b: my way|Protect
|move|p2a: Drop Dead|Protect|p2a: Drop Dead
|-singleturn|p2a: Drop Dead|Protect
|move|p1a: Raichu|Fake Out|p2b: my way
|-activate|p2b: my way|move: Protect
|move|p1b: Mamoswine|High Horsepower|p2a: Drop Dead
|-activate|p2a: Drop Dead|move: Protect
|
|-ability|p2b: my way|Speed Boost|boost
|-boost|p2b: my way|spe|1
|upkeep
|turn|2
|inactive|d1mo22 has 30 seconds left.
|inactive|d1mo22 has 20 seconds left.
|
|t:|1785094869
|switch|p1b: Gyarados|Gyarados, L50, M, shiny|100/100
|-ability|p1b: Gyarados|Intimidate|boost
|-unboost|p2a: Drop Dead|atk|1
|-ability|p2a: Drop Dead|Defiant|boost
|-boost|p2a: Drop Dead|atk|2
|-unboost|p2b: my way|atk|1
|detailschange|p1a: Raichu|Raichu-Mega-Y, L50, M
|-mega|p1a: Raichu|Raichu|Raichunite Y
|move|p2b: my way|Close Combat|p1a: Raichu
|-damage|p1a: Raichu|23/100
|-unboost|p2b: my way|def|1
|-unboost|p2b: my way|spd|1
|move|p1a: Raichu|Encore|p2a: Drop Dead
|-start|p2a: Drop Dead|Encore
|move|p2a: Drop Dead|Protect||[still]
|-fail|p2a: Drop Dead
|
|-ability|p2b: my way|Speed Boost|boost
|-boost|p2b: my way|spe|1
|upkeep
|turn|3
|
|t:|1785094893
|switch|p1a: Ceruledge|Ceruledge, L50, M|100/100
|move|p2a: Drop Dead|Protect|p2a: Drop Dead
|-singleturn|p2a: Drop Dead|Protect
|move|p2b: my way|Rock Slide|p1a: Ceruledge|[spread] p1a,p1b
|-supereffective|p1a: Ceruledge|1
|-supereffective|p1b: Gyarados|1
|-damage|p1a: Ceruledge|58/100
|-damage|p1b: Gyarados|64/100
|move|p1b: Gyarados|Dragon Dance|p1b: Gyarados
|-boost|p1b: Gyarados|atk|1
|-boost|p1b: Gyarados|spe|1
|
|-ability|p2b: my way|Speed Boost|boost
|-boost|p2b: my way|spe|1
|upkeep
|turn|4
|
|t:|1785094908
|move|p2a: Drop Dead|Protect|p2a: Drop Dead
|-singleturn|p2a: Drop Dead|Protect
|move|p2b: my way|Rock Slide|p1b: Gyarados|[spread] p1a,p1b
|-supereffective|p1a: Ceruledge|1
|-supereffective|p1b: Gyarados|1
|-damage|p1a: Ceruledge|19/100
|-damage|p1b: Gyarados|28/100
|cant|p1b: Gyarados|flinch
|move|p1a: Ceruledge|Bitter Blade|p2a: Drop Dead
|-activate|p2a: Drop Dead|move: Protect
|
|-end|p2a: Drop Dead|Encore
|-ability|p2b: my way|Speed Boost|boost
|-boost|p2b: my way|spe|1
|upkeep
|turn|5
|
|t:|1785094925
|move|p1b: Gyarados|Protect|p1b: Gyarados
|-singleturn|p1b: Gyarados|Protect
|move|p2a: Drop Dead|Sucker Punch||[still]
|-fail|p2a: Drop Dead
|move|p2b: my way|Rock Slide|p1a: Ceruledge|[spread] 
|-activate|p1b: Gyarados|move: Protect
|-miss|p2b: my way|p1a: Ceruledge
|move|p1a: Ceruledge|Bitter Blade|p2a: Drop Dead
|-supereffective|p2a: Drop Dead|1
|-damage|p2a: Drop Dead|27/100
|-heal|p1a: Ceruledge|60/100|[from] drain|[of] p2a: Drop Dead
|
|-ability|p2b: my way|Speed Boost|boost
|-boost|p2b: my way|spe|1
|upkeep
|turn|6
|
|t:|1785094946
|move|p1a: Ceruledge|Protect|p1a: Ceruledge
|-singleturn|p1a: Ceruledge|Protect
|move|p2a: Drop Dead|Sucker Punch||[still]
|-fail|p2a: Drop Dead
|move|p2b: my way|Rock Slide|p1b: Gyarados|[spread] p1b
|-activate|p1a: Ceruledge|move: Protect
|-supereffective|p1b: Gyarados|1
|-damage|p1b: Gyarados|0 fnt
|faint|p1b: Gyarados
|
|-ability|p2b: my way|Speed Boost|boost
|-boost|p2b: my way|spe|1
|upkeep
|
|t:|1785094957
|switch|p1b: Raichu|Raichu-Mega-Y, L50, M|23/100
|turn|7
|
|t:|1785094974
|switch|p2b: Begged|Incineroar, L50, F, shiny|100/100
|-ability|p2b: Begged|Intimidate|boost
|-unboost|p1a: Ceruledge|atk|1
|-unboost|p1b: Raichu|atk|1
|move|p2a: Drop Dead|Protect|p2a: Drop Dead
|-singleturn|p2a: Drop Dead|Protect
|move|p1b: Raichu|Fake Out|p2b: Begged
|-damage|p2b: Begged|96/100
|move|p1a: Ceruledge|Bulk Up|p1a: Ceruledge
|-boost|p1a: Ceruledge|atk|1
|-boost|p1a: Ceruledge|def|1
|
|upkeep
|turn|8
|
|t:|1785094995
|switch|p1b: Mamoswine|Mamoswine, L50, M|100/100
|move|p2a: Drop Dead|Sucker Punch||[still]
|-fail|p2a: Drop Dead
|move|p1a: Ceruledge|Bulk Up|p1a: Ceruledge
|-boost|p1a: Ceruledge|atk|1
|-boost|p1a: Ceruledge|def|1
|move|p2b: Begged|Flare Blitz|p1b: Mamoswine
|-supereffective|p1b: Mamoswine|1
|-damage|p1b: Mamoswine|1/100
|-status|p1b: Mamoswine|brn
|-damage|p2b: Begged|65/100|[from] Recoil
|
|-damage|p1b: Mamoswine|0 fnt|[from] brn
|faint|p1b: Mamoswine
|upkeep
|
|t:|1785095009
|switch|p1b: Raichu|Raichu-Mega-Y, L50, M|23/100
|turn|9
|
|t:|1785095024
|move|p1b: Raichu|Fake Out|p2a: Drop Dead
|-resisted|p2a: Drop Dead|1
|-damage|p2a: Drop Dead|24/100
|cant|p2a: Drop Dead|flinch
|move|p1a: Ceruledge|Bulk Up|p1a: Ceruledge
|-boost|p1a: Ceruledge|atk|1
|-boost|p1a: Ceruledge|def|1
|move|p2b: Begged|Flare Blitz|p1b: Raichu
|-damage|p1b: Raichu|0 fnt
|faint|p1b: Raichu
|-damage|p2b: Begged|59/100|[from] Recoil
|
|upkeep
|turn|10
|inactive|d1mo22 has 30 seconds left.
|inactive|d1mo22 has 20 seconds left.
|
|t:|1785095060
|move|p2a: Drop Dead|Sucker Punch|p1a: Ceruledge
|-supereffective|p1a: Ceruledge|1
|-enditem|p1a: Ceruledge|Colbur Berry|[eat]
|-enditem|p1a: Ceruledge|Colbur Berry|[weaken]
|-damage|p1a: Ceruledge|21/100
|-damage|p2a: Drop Dead|14/100|[from] item: Life Orb
|move|p1a: Ceruledge|Bitter Blade|p2a: Drop Dead
|-supereffective|p2a: Drop Dead|1
|-damage|p2a: Drop Dead|0 fnt
|-heal|p1a: Ceruledge|30/100|[from] drain|[of] p2a: Drop Dead
|faint|p2a: Drop Dead
|move|p2b: Begged|Parting Shot|p1a: Ceruledge
|-unboost|p1a: Ceruledge|atk|1
|-unboost|p1a: Ceruledge|spa|1
|
|t:|1785095068
|switch|p2b: less|Dragonite, L50, M, shiny|100/100|[from] Parting Shot
|
|upkeep
|
|t:|1785095069
|switch|p2a: Begged|Incineroar, L50, F, shiny|59/100
|-ability|p2a: Begged|Intimidate|boost
|-unboost|p1a: Ceruledge|atk|1
|turn|11
|
|t:|1785095080
|move|p1a: Ceruledge|Bitter Blade|p2b: less
|-resisted|p2b: less|1
|-damage|p2b: less|78/100
|-heal|p1a: Ceruledge|42/100|[from] drain|[of] p2b: less
|move|p2b: less|Dragon Claw|p1a: Ceruledge
|-crit|p1a: Ceruledge
|-damage|p1a: Ceruledge|0 fnt
|faint|p1a: Ceruledge
|
|win|trevyah
