|j|☆City Smells
|j|☆Pelosis
|html|City SmellsPelosis    
|uhtml|bestof|Game 2 of a best-of-3
|t:|1784996081
|gametype|doubles
|player|p1|City Smells|cynthia-gen4|1075
|player|p2|Pelosis|2|1167
|gen|9
|tier|[Gen 9 Champions] VGC 2026 Reg M-B (Bo3)
|rated|
|rule|Species Clause: Limit one of each Pokémon
|rule|Item Clause: Limit 1 of each item
|clearpoke
|poke|p1|Annihilape, L50, M|
|poke|p1|Charizard, L50, M|
|poke|p1|Hydreigon, L50, F|
|poke|p1|Toxapex, L50, M|
|poke|p1|Metagross, L50|
|poke|p1|Incineroar, L50, M|
|poke|p2|Mawile, L50, M|
|poke|p2|Farigiraf, L50, F|
|poke|p2|Incineroar, L50, M|
|poke|p2|Torkoal, L50, M|
|poke|p2|Venusaur, L50, F|
|poke|p2|Scrafty, L50, M|
|teampreview|4
|showteam|p1|Annihilape||FocusSash|Defiant|PhantomForce,CloseCombat,RockTomb,Protect|Jolly||M|||50|]Charizard||CharizarditeY|Blaze|HeatWave,WeatherBall,SolarBeam,Protect|Modest||M|||50|]Hydreigon||ChoiceScarf|Levitate|EarthPower,DarkPulse,DracoMeteor,Snarl|Modest||F|||50|]Toxapex||Leftovers|Regenerator|Toxic,Infestation,WideGuard,BanefulBunker|Bold||M|||50|]Metagross||Metagrossite|ClearBody|BulletPunch,PsychicFangs,IcePunch,Protect|Jolly|||||50|]Incineroar||SitrusBerry|Intimidate|FlareBlitz,ThroatChop,PartingShot,FakeOut|Impish||M|||50|
|showteam|p2|Mawile||Mawilite|HyperCutter|Protect,PlayRough,RockSlide,SuckerPunch|Brave||M|||50|]Farigiraf||SitrusBerry|ArmorTail|TrickRoom,TwinBeam,Thunderbolt,HelpingHand|Quiet||F|||50|]Incineroar||WhiteHerb|Intimidate|FakeOut,CloseCombat,FlareBlitz,DarkestLariat|Brave||M|||50|]Torkoal||Charcoal|Drought|HelpingHand,Eruption,HeatWave,WeatherBall|Quiet||M|||50|]Venusaur||FocusSash|Chlorophyll|SleepPowder,EarthPower,EnergyBall,SludgeBomb|Modest||F|||50|]Scrafty||Scraftinite|Intimidate|FakeOut,CloseCombat,KnockOff,IcePunch|Brave||M|||50|
|inactive|Battle timer is ON: inactive players will automatically lose when time's up. (requested by City Smells)
|inactive|Pelosis has 60 seconds left.
|
|t:|1784996133
|teamsize|p1|4
|teamsize|p2|4
|start
|switch|p1a: Annihilape|Annihilape, L50, M|100/100
|switch|p1b: Incineroar|Incineroar, L50, M|100/100
|switch|p2a: Farigiraf|Farigiraf, L50, F|100/100
|switch|p2b: Venusaur|Venusaur, L50, F|100/100
|-ability|p1b: Incineroar|Intimidate|boost
|-unboost|p2a: Farigiraf|atk|1
|-unboost|p2b: Venusaur|atk|1
|turn|1
|
|t:|1784996158
|move|p1a: Annihilape|Close Combat|p2a: Farigiraf
|-crit|p2a: Farigiraf
|-damage|p2a: Farigiraf|23/100
|-unboost|p1a: Annihilape|def|1
|-unboost|p1a: Annihilape|spd|1
|-enditem|p2a: Farigiraf|Sitrus Berry|[eat]
|-heal|p2a: Farigiraf|48/100|[from] item: Sitrus Berry
|move|p2b: Venusaur|Sleep Powder|p1b: Incineroar|[miss]
|-miss|p2b: Venusaur|p1b: Incineroar
|move|p1b: Incineroar|Flare Blitz|p2b: Venusaur
|-supereffective|p2b: Venusaur|1
|-enditem|p2b: Venusaur|Focus Sash
|-damage|p2b: Venusaur|1/100
|-damage|p1b: Incineroar|74/100|[from] Recoil
|move|p2a: Farigiraf|Twin Beam|p1a: Annihilape
|-supereffective|p1a: Annihilape|1
|-damage|p1a: Annihilape|39/100
|-supereffective|p1a: Annihilape|1
|-damage|p1a: Annihilape|0 fnt
|faint|p1a: Annihilape
|-hitcount|p1: Annihilape|2
|
|upkeep
|
|t:|1784996172
|switch|p1a: Charizard|Charizard, L50, M|100/100
|turn|2
|
|t:|1784996191
|move|p1a: Charizard|Heat Wave|p2a: Farigiraf|[spread] p2a,p2b
|-supereffective|p2b: Venusaur|1
|-damage|p2a: Farigiraf|21/100
|-damage|p2b: Venusaur|0 fnt
|faint|p2b: Venusaur
|move|p1b: Incineroar|Flare Blitz|p2a: Farigiraf
|-crit|p2a: Farigiraf
|-damage|p2a: Farigiraf|0 fnt
|faint|p2a: Farigiraf
|-damage|p1b: Incineroar|66/100|[from] Recoil
|
|upkeep
|
|t:|1784996200
|switch|p2b: Scrafty|Scrafty, L50, M|100/100
|switch|p2a: Incineroar|Incineroar, L50, M|100/100
|-ability|p2a: Incineroar|Intimidate|boost
|-unboost|p1a: Charizard|atk|1
|-unboost|p1b: Incineroar|atk|1
|-ability|p2b: Scrafty|Intimidate|boost
|-unboost|p1a: Charizard|atk|1
|-unboost|p1b: Incineroar|atk|1
|turn|3
|
|t:|1784996218
|switch|p1b: Toxapex|Toxapex, L50, M|100/100
|detailschange|p2b: Scrafty|Scrafty-Mega, L50, M
|-mega|p2b: Scrafty|Scrafty|Scraftinite
|-ability|p2b: Scrafty|Intimidate|boost
|-unboost|p1a: Charizard|atk|1
|-unboost|p1b: Toxapex|atk|1
|move|p1a: Charizard|Protect|p1a: Charizard
|-singleturn|p1a: Charizard|Protect
|move|p2a: Incineroar|Fake Out|p1a: Charizard
|-activate|p1a: Charizard|move: Protect
|move|p2b: Scrafty|Close Combat|p1b: Toxapex
|-resisted|p1b: Toxapex|1
|-damage|p1b: Toxapex|78/100
|-unboost|p2b: Scrafty|def|1
|-unboost|p2b: Scrafty|spd|1
|
|-heal|p1b: Toxapex|84/100|[from] item: Leftovers
|upkeep
|turn|4
|
|t:|1784996237
|detailschange|p1a: Charizard|Charizard-Mega-Y, L50, M
|-mega|p1a: Charizard|Charizard|Charizardite Y
|-weather|SunnyDay|[from] ability: Drought|[of] p1a: Charizard
|move|p1a: Charizard|Heat Wave|p2b: Scrafty|[spread] p2a,p2b
|-resisted|p2a: Incineroar|1
|-crit|p2a: Incineroar
|-damage|p2a: Incineroar|56/100
|-damage|p2b: Scrafty|26/100
|move|p2b: Scrafty|Knock Off|p1a: Charizard
|-damage|p1a: Charizard|63/100
|move|p2a: Incineroar|Flare Blitz|p1a: Charizard
|-resisted|p1a: Charizard|1
|-damage|p1a: Charizard|12/100
|-damage|p2a: Incineroar|42/100|[from] Recoil
|move|p1b: Toxapex|Toxic|p2a: Incineroar
|-status|p2a: Incineroar|tox
|
|-weather|SunnyDay|[upkeep]
|-heal|p1b: Toxapex|90/100|[from] item: Leftovers
|-damage|p2a: Incineroar|36/100 tox|[from] psn
|upkeep
|turn|5
|
|t:|1784996256
|move|p1a: Charizard|Heat Wave|p2b: Scrafty|[spread] p2a,p2b
|-resisted|p2a: Incineroar|1
|-damage|p2a: Incineroar|6/100 tox
|-damage|p2b: Scrafty|0 fnt
|faint|p2b: Scrafty
|move|p2a: Incineroar|Flare Blitz|p1a: Charizard
|-resisted|p1a: Charizard|1
|-damage|p1a: Charizard|0 fnt
|faint|p1a: Charizard
|-damage|p2a: Incineroar|3/100 tox|[from] Recoil
|move|p1b: Toxapex|Toxic|p2a: Incineroar
|-fail|p2a: Incineroar|tox
|
|-weather|SunnyDay|[upkeep]
|-heal|p1b: Toxapex|96/100|[from] item: Leftovers
|-damage|p2a: Incineroar|0 fnt|[from] psn
|faint|p2a: Incineroar
|
|win|City Smells
|raw|City Smells's rating: 1075 → 1111(+36 for winning)
|raw|Pelosis's rating: 1167 → 1136(-31 for losing)
