|j|☆archyx
|j|☆in ashes
|html|archyxin ashes    
|uhtml|bestof|Game 1 of a best-of-3
|t:|1756237173
|gametype|doubles
|player|p1|archyx|ethan|1159
|player|p2|in ashes|265|1112
|gen|9
|tier|[Gen 9] VGC 2025 Reg H (Bo3)
|rated|
|rule|Species Clause: Limit one of each Pokémon
|rule|Item Clause: Limit 1 of each item
|clearpoke
|poke|p1|Garchomp, L50, M|
|poke|p1|Gholdengo, L50|
|poke|p1|Sneasler, L50, M|
|poke|p1|Dragonite, L50, F|
|poke|p1|Incineroar, L50, M|
|poke|p1|Whimsicott, L50, M|
|poke|p2|Incineroar, L50, M|
|poke|p2|Dragonite, L50, F|
|poke|p2|Porygon2, L50|
|poke|p2|Ursaluna-Bloodmoon, L50, M|
|poke|p2|Ninetales-Alola, L50, F|
|poke|p2|Annihilape, L50, M|
|teampreview|4
|showteam|p1|Garchomp||LifeOrb|RoughSkin|Protect,Earthquake,StompingTantrum,DragonClaw|||M|||50|,,,,,Ground]Gholdengo||ChoiceSpecs|GoodasGold|Thunderbolt,MakeItRain,ShadowBall,Trick||||||50|,,,,,Steel]Sneasler||WhiteHerb|Unburden|FakeOut,Protect,CloseCombat,DireClaw|||M|||50|,,,,,Stellar]Dragonite||ChoiceBand|InnerFocus|Outrage,ExtremeSpeed,IceSpinner,StompingTantrum|||F|||50|,,,,,Normal]Incineroar||AssaultVest|Intimidate|FakeOut,KnockOff,FlareBlitz,Uturn|||M|||50|,,,,,Grass]Whimsicott||FocusSash|Prankster|Protect,Tailwind,Moonblast,Encore|||M|||50|,,,,,Ghost
|showteam|p2|Incineroar||ChopleBerry|Intimidate|FlareBlitz,KnockOff,FakeOut,PartingShot|||M|||50|,,,,,Grass]Dragonite||LoadedDice|Multiscale|ScaleShot,Tailwind,Haze,Protect|||F|||50|,,,,,Steel]Porygon2||Eviolite|Download|TeraBlast,IceBeam,Recover,TrickRoom||||||50|,,,,,Fighting]Ursaluna-Bloodmoon||AssaultVest|MindsEye|HyperVoice,BloodMoon,VacuumWave,EarthPower|||M|||50|,,,,,Water]Ninetales-Alola||LightClay|SnowWarning|IcicleSpear,Encore,IcyWind,AuroraVeil|||F|||50|,,,,,Ghost]Annihilape||SafetyGoggles|Defiant|DrainPunch,RageFist,BulkUp,Protect|||M|||50|,,,,,Fire
|inactive|Battle timer is ON: inactive players will automatically lose when time's up. (requested by archyx)
|
|t:|1756237282
|teamsize|p1|4
|teamsize|p2|4
|start
|switch|p1a: Incineroar|Incineroar, L50, M|100/100
|switch|p1b: Gholdengo|Gholdengo, L50|100/100
|switch|p2a: Incineroar|Incineroar, L50, M|100/100
|switch|p2b: Dragonite|Dragonite, L50, F|100/100
|-ability|p2a: Incineroar|Intimidate|boost
|-unboost|p1a: Incineroar|atk|1
|-unboost|p1b: Gholdengo|atk|1
|-ability|p1a: Incineroar|Intimidate|boost
|-unboost|p2a: Incineroar|atk|1
|-unboost|p2b: Dragonite|atk|1
|turn|1
|inactive|archyx has 30 seconds left.
|inactive|in ashes has 30 seconds left.
|inactive|archyx has 20 seconds left.
|inactive|in ashes has 20 seconds left.
|inactive|archyx has 15 seconds left.
|inactive|in ashes has 15 seconds left.
|
|t:|1756237324
|move|p2a: Incineroar|Fake Out|p1a: Incineroar
|-crit|p1a: Incineroar
|-damage|p1a: Incineroar|85/100
|cant|p1a: Incineroar|flinch
|move|p1b: Gholdengo|Trick|p2b: Dragonite
|-activate|p1b: Gholdengo|move: Trick|[of] p2b: Dragonite
|-item|p2b: Dragonite|Choice Specs|[from] move: Trick
|-item|p1b: Gholdengo|Loaded Dice|[from] move: Trick
|move|p2b: Dragonite|Scale Shot|p1b: Gholdengo
|-resisted|p1b: Gholdengo
|-damage|p1b: Gholdengo|95/100
|-resisted|p1b: Gholdengo
|-damage|p1b: Gholdengo|90/100
|-resisted|p1b: Gholdengo
|-damage|p1b: Gholdengo|85/100
|-resisted|p1b: Gholdengo
|-damage|p1b: Gholdengo|80/100
|-resisted|p1b: Gholdengo
|-damage|p1b: Gholdengo|74/100
|-hitcount|p1b: Gholdengo|5
|-unboost|p2b: Dragonite|def|1
|-boost|p2b: Dragonite|spe|1
|
|upkeep
|turn|2
|inactive|archyx has 30 seconds left.
|inactive|archyx has 20 seconds left.
|inactive|archyx has 15 seconds left.
|inactive|in ashes has 30 seconds left.
|inactive|archyx has 10 seconds left.
|
|t:|1756237372
|switch|p2b: Ursaluna|Ursaluna-Bloodmoon, L50, M|100/100
|move|p1b: Gholdengo|Make It Rain|p2b: Ursaluna|[spread] p2a,p2b
|-resisted|p2a: Incineroar
|-damage|p2a: Incineroar|81/100
|-damage|p2b: Ursaluna|62/100
|-unboost|p1b: Gholdengo|spa|1
|move|p2a: Incineroar|Knock Off|p1b: Gholdengo
|-supereffective|p1b: Gholdengo
|-damage|p1b: Gholdengo|13/100
|-enditem|p1b: Gholdengo|Loaded Dice|[from] move: Knock Off|[of] p2a: Incineroar
|move|p1a: Incineroar|U-turn|p2a: Incineroar
|-damage|p2a: Incineroar|66/100
|
|t:|1756237386
|switch|p1a: Sneasler|Sneasler, L50, M|100/100|[from] U-turn
|
|upkeep
|turn|3
|
|t:|1756237415
|switch|p1b: Incineroar|Incineroar, L50, M|85/100
|-ability|p1b: Incineroar|Intimidate|boost
|-unboost|p2a: Incineroar|atk|1
|-unboost|p2b: Ursaluna|atk|1
|move|p1a: Sneasler|Protect|p1a: Sneasler
|-singleturn|p1a: Sneasler|Protect
|move|p2b: Ursaluna|Vacuum Wave|p1b: Incineroar
|-supereffective|p1b: Incineroar
|-damage|p1b: Incineroar|67/100
|move|p2a: Incineroar|Parting Shot|p1a: Sneasler
|-activate|p1a: Sneasler|move: Protect
|
|upkeep
|turn|4
|inactive|archyx has 30 seconds left.
|inactive|in ashes has 30 seconds left.
|inactive|archyx has 20 seconds left.
|inactive|archyx has 15 seconds left.
|
|t:|1756237458
|switch|p2a: Annihilape|Annihilape, L50, M|100/100
|move|p1b: Incineroar|Fake Out|p2a: Annihilape
|-immune|p2a: Annihilape
|move|p1a: Sneasler|Close Combat|p2b: Ursaluna
|-supereffective|p2b: Ursaluna
|-damage|p2b: Ursaluna|0 fnt
|-unboost|p1a: Sneasler|def|1
|-unboost|p1a: Sneasler|spd|1
|faint|p2b: Ursaluna
|-enditem|p1a: Sneasler|White Herb
|-clearnegativeboost|p1a: Sneasler|[silent]
|
|upkeep
|
|t:|1756237471
|switch|p2b: Dragonite|Dragonite, L50, F|100/100
|turn|5
|inactive|archyx has 30 seconds left.
|
|t:|1756237502
|move|p1a: Sneasler|Dire Claw|p2a: Annihilape
|-resisted|p2a: Annihilape
|-damage|p2a: Annihilape|76/100
|move|p2a: Annihilape|Bulk Up|p2a: Annihilape
|-boost|p2a: Annihilape|atk|1
|-boost|p2a: Annihilape|def|1
|move|p2b: Dragonite|Scale Shot|p1b: Incineroar
|-damage|p1b: Incineroar|53/100
|-damage|p1b: Incineroar|39/100
|-damage|p1b: Incineroar|25/100
|-hitcount|p1b: Incineroar|3
|-unboost|p2b: Dragonite|def|1
|-boost|p2b: Dragonite|spe|1
|move|p1b: Incineroar|Flare Blitz|p2a: Annihilape
|-damage|p2a: Annihilape|37/100
|-damage|p1b: Incineroar|12/100|[from] Recoil
|
|upkeep
|turn|6
|inactive|archyx has 30 seconds left.
|inactive|in ashes has 30 seconds left.
|inactive|archyx has 20 seconds left.
|
|t:|1756237537
|-terastallize|p1a: Sneasler|Stellar
|move|p1a: Sneasler|Dire Claw|p2b: Dragonite
|-damage|p2b: Dragonite|51/100
|move|p2b: Dragonite|Scale Shot|p1a: Sneasler
|-damage|p1a: Sneasler|76/100
|-damage|p1a: Sneasler|52/100
|-damage|p1a: Sneasler|30/100
|-hitcount|p1a: Sneasler|3
|-unboost|p2b: Dragonite|def|1
|-boost|p2b: Dragonite|spe|1
|move|p2a: Annihilape|Drain Punch|p1b: Incineroar
|-supereffective|p1b: Incineroar
|-damage|p1b: Incineroar|0 fnt
|-heal|p2a: Annihilape|43/100|[from] drain|[of] p1b: Incineroar
|faint|p1b: Incineroar
|
|upkeep
|
|t:|1756237560
|switch|p1b: Gholdengo|Gholdengo, L50|13/100
|turn|7
|inactive|archyx has 30 seconds left.
|inactive|in ashes has 30 seconds left.
|inactive|archyx has 20 seconds left.
|inactive|archyx has 15 seconds left.
|
|t:|1756237605
|-terastallize|p2b: Dragonite|Steel
|move|p2a: Annihilape|Protect|p2a: Annihilape
|-singleturn|p2a: Annihilape|Protect
|move|p1a: Sneasler|Close Combat|p2b: Dragonite
|-supereffective|p2b: Dragonite
|-damage|p2b: Dragonite|0 fnt
|-unboost|p1a: Sneasler|def|1
|-unboost|p1a: Sneasler|spd|1
|faint|p2b: Dragonite
|move|p1b: Gholdengo|Thunderbolt|p2a: Annihilape
|-activate|p2a: Annihilape|move: Protect
|
|upkeep
|
|t:|1756237616
|switch|p2b: Incineroar|Incineroar, L50, M|66/100
|-ability|p2b: Incineroar|Intimidate|boost
|-unboost|p1a: Sneasler|atk|1
|-unboost|p1b: Gholdengo|atk|1
|turn|8
|
|t:|1756237632
|move|p1a: Sneasler|Protect|p1a: Sneasler
|-singleturn|p1a: Sneasler|Protect
|move|p2b: Incineroar|Fake Out|p1a: Sneasler
|-activate|p1a: Sneasler|move: Protect
|move|p2a: Annihilape|Rage Fist|p1b: Gholdengo
|-supereffective|p1b: Gholdengo
|-damage|p1b: Gholdengo|0 fnt
|faint|p1b: Gholdengo
|
|upkeep
|
|t:|1756237641
|switch|p1b: Garchomp|Garchomp, L50, M|100/100
|turn|9
|inactive|archyx has 30 seconds left.
|
|t:|1756237675
|move|p1a: Sneasler|Dire Claw|p2a: Annihilape
|-resisted|p2a: Annihilape
|-crit|p2a: Annihilape
|-damage|p2a: Annihilape|11/100
|-status|p2a: Annihilape|par
|move|p1b: Garchomp|Stomping Tantrum|p2b: Incineroar
|-supereffective|p2b: Incineroar
|-damage|p2b: Incineroar|0 fnt
|faint|p2b: Incineroar
|-damage|p1b: Garchomp|91/100|[from] item: Life Orb
|move|p2a: Annihilape|Drain Punch|p1b: Garchomp
|-damage|p1b: Garchomp|44/100
|-heal|p2a: Annihilape|32/100 par|[from] drain|[of] p1b: Garchomp
|-damage|p2a: Annihilape|20/100 par|[from] ability: Rough Skin|[of] p1b: Garchomp
|
|upkeep
|turn|10
|
|t:|1756237693
|move|p1a: Sneasler|Dire Claw|p2a: Annihilape
|-resisted|p2a: Annihilape
|-damage|p2a: Annihilape|9/100 par
|move|p1b: Garchomp|Stomping Tantrum|p2a: Annihilape
|-damage|p2a: Annihilape|0 fnt
|faint|p2a: Annihilape
|-damage|p1b: Garchomp|35/100|[from] item: Life Orb
|
|win|archyx
||in ashes is ready for game 2.
|inactive|archyx has 30 seconds to confirm battle start!
||archyx is ready for game 2.
|uhtml|next|Next: Game 2 of 3
|l|☆in ashes
|player|p2|
