|j|☆stefoakes
|j|☆oxoc
|html|stefoakesoxoc    
|uhtml|bestof|Game 1 of a best-of-3
|t:|1757749668
|gametype|doubles
|player|p1|stefoakes|102|1087
|player|p2|oxoc|1|1000
|gen|9
|tier|[Gen 9] VGC 2025 Reg H (Bo3)
|rated|
|rule|Species Clause: Limit one of each Pokémon
|rule|Item Clause: Limit 1 of each item
|clearpoke
|poke|p1|Annihilape, L50, F|
|poke|p1|Oranguru, L50, F|
|poke|p1|Ursaluna-Bloodmoon, L50, M|
|poke|p1|Maushold, L50|
|poke|p1|Torkoal, L50, F|
|poke|p1|Amoonguss, L50, M|
|poke|p2|Archaludon, L50, M|
|poke|p2|Pelipper, L50, M|
|poke|p2|Basculegion, L50, M|
|poke|p2|Amoonguss, L50, F|
|poke|p2|Incineroar, L50, F|
|poke|p2|Gholdengo, L50|
|teampreview|4
|showteam|p1|Annihilape||ChoiceScarf|Defiant|FinalGambit,CloseCombat,ShadowClaw,Coaching|||F|||50|,,,,,Ghost]Oranguru||MentalHerb|InnerFocus|Instruct,TrickRoom,Encore,Protect|||F|||50|,,,,,Water]Ursaluna-Bloodmoon||ThroatSpray|MindsEye|HyperVoice,EarthPower,BloodMoon,Protect|||M|||50|,,,,,Normal]Maushold||WideLens|Technician|Protect,PopulationBomb,FollowMe,Taunt||||||50|,,,,,Ghost]Torkoal||Charcoal|Drought|Eruption,SolarBeam,Protect,WeatherBall|||F|||50|,,,,,Fire]Amoonguss||RockyHelmet|Regenerator|Spore,RagePowder,PollenPuff,ClearSmog|||M|||50|,,,,,Water
|showteam|p2|Archaludon||AssaultVest|Stamina|DragonPulse,ElectroShot,FlashCannon,BodyPress|||M|||50|,,,,,Bug]Pelipper||FocusSash|Drizzle|WeatherBall,Hurricane,Tailwind,Protect|||M|||50|,,,,,Ground]Basculegion||ChoiceBand|SwiftSwim|WaveCrash,LastRespects,AquaJet,FlipTurn|||M|||50|,,,,,Grass]Amoonguss||CovertCloak|Regenerator|PollenPuff,RagePowder,Spore,Protect|||F|||50|,,,,,Water]Incineroar||SafetyGoggles|Intimidate|KnockOff,FakeOut,PartingShot,Taunt|||F|||50|,,,,,Ghost]Gholdengo||LifeOrb|GoodasGold|MakeItRain,ShadowBall,NastyPlot,Protect||||||50|,,,,,Water
|inactive|Battle timer is ON: inactive players will automatically lose when time's up. (requested by oxoc)
|
|t:|1757749697
|teamsize|p1|4
|teamsize|p2|4
|start
|switch|p1a: Annihilape|Annihilape, L50, F|100/100
|switch|p1b: Maushold|Maushold, L50|100/100
|switch|p2a: Incineroar|Incineroar, L50, F|100/100
|switch|p2b: Archaludon|Archaludon, L50, M|100/100
|-ability|p2a: Incineroar|Intimidate|boost
|-unboost|p1a: Annihilape|atk|1
|-ability|p1a: Annihilape|Defiant|boost
|-boost|p1a: Annihilape|atk|2
|-unboost|p1b: Maushold|atk|1
|turn|1
|inactive|stefoakes has 30 seconds left.
|inactive|oxoc has 30 seconds left.
|
|t:|1757749732
|switch|p2a: Pelipper|Pelipper, L50, M|100/100
|-weather|RainDance|[from] ability: Drizzle|[of] p2a: Pelipper
|-terastallize|p2b: Archaludon|Bug
|move|p1a: Annihilape|Close Combat|p2b: Archaludon
|-resisted|p2b: Archaludon
|-damage|p2b: Archaludon|77/100
|-unboost|p1a: Annihilape|def|1
|-unboost|p1a: Annihilape|spd|1
|-ability|p2b: Archaludon|Stamina|boost
|-boost|p2b: Archaludon|def|1
|move|p1b: Maushold|Population Bomb|p2a: Pelipper
|-damage|p2a: Pelipper|89/100
|-damage|p2a: Pelipper|80/100
|-damage|p2a: Pelipper|69/100
|-damage|p2a: Pelipper|58/100
|-damage|p2a: Pelipper|47/100
|-damage|p2a: Pelipper|36/100
|-crit|p2a: Pelipper
|-damage|p2a: Pelipper|14/100
|-damage|p2a: Pelipper|3/100
|-damage|p2a: Pelipper|0 fnt
|faint|p2a: Pelipper
|-hitcount|p2: Pelipper|9
|move|p2b: Archaludon|Electro Shot||[still]
|-prepare|p2b: Archaludon|Electro Shot
|-boost|p2b: Archaludon|spa|1
|-anim|p2b: Archaludon|Electro Shot|p1a: Annihilape
|-damage|p1a: Annihilape|12/100
|
|-weather|RainDance|[upkeep]
|upkeep
|inactive|oxoc has 30 seconds left.
|
|t:|1757749763
|switch|p2a: Basculegion|Basculegion, L50, M|100/100
|turn|2
|inactive|oxoc has 30 seconds left.
|
|t:|1757749789
|move|p1a: Annihilape|Close Combat|p2b: Archaludon
|-resisted|p2b: Archaludon
|-damage|p2b: Archaludon|60/100
|-unboost|p1a: Annihilape|def|1
|-unboost|p1a: Annihilape|spd|1
|-ability|p2b: Archaludon|Stamina|boost
|-boost|p2b: Archaludon|def|1
|move|p2a: Basculegion|Flip Turn|p1a: Annihilape
|-damage|p1a: Annihilape|0 fnt
|faint|p1a: Annihilape
|
|t:|1757749793
|switch|p2a: Incineroar|Incineroar, L50, F|100/100|[from] Flip Turn
|-ability|p2a: Incineroar|Intimidate|boost
|-unboost|p1b: Maushold|atk|1
|move|p1b: Maushold|Population Bomb|p2b: Archaludon
|-damage|p2b: Archaludon|58/100
|-ability|p2b: Archaludon|Stamina|boost
|-boost|p2b: Archaludon|def|1
|-damage|p2b: Archaludon|57/100
|-ability|p2b: Archaludon|Stamina|boost
|-boost|p2b: Archaludon|def|1
|-damage|p2b: Archaludon|55/100
|-ability|p2b: Archaludon|Stamina|boost
|-boost|p2b: Archaludon|def|1
|-damage|p2b: Archaludon|54/100
|-ability|p2b: Archaludon|Stamina|boost
|-boost|p2b: Archaludon|def|1
|-damage|p2b: Archaludon|52/100
|-damage|p2b: Archaludon|50/100
|-damage|p2b: Archaludon|49/100
|-damage|p2b: Archaludon|47/100
|-damage|p2b: Archaludon|46/100
|-damage|p2b: Archaludon|44/100
|-hitcount|p2b: Archaludon|10
|move|p2b: Archaludon|Electro Shot||[still]
|-prepare|p2b: Archaludon|Electro Shot
|-boost|p2b: Archaludon|spa|1
|-anim|p2b: Archaludon|Electro Shot|p1b: Maushold
|-damage|p1b: Maushold|0 fnt
|faint|p1b: Maushold
|
|-weather|RainDance|[upkeep]
|upkeep
|
|t:|1757749801
|switch|p1b: Torkoal|Torkoal, L50, F|100/100
|switch|p1a: Oranguru|Oranguru, L50, F|100/100
|-weather|SunnyDay|[from] ability: Drought|[of] p1b: Torkoal
|turn|3
|inactive|oxoc has 30 seconds left.
|inactive|oxoc has 20 seconds left.
|inactive|stefoakes has 30 seconds left.
|inactive|oxoc has 15 seconds left.
|inactive|oxoc has 10 seconds left.
|inactive|stefoakes has 20 seconds left.
|inactive|oxoc has 5 seconds left.
|
|t:|1757749855
|-terastallize|p1b: Torkoal|Fire
|move|p1a: Oranguru|Protect|p1a: Oranguru
|-singleturn|p1a: Oranguru|Protect
|move|p2a: Incineroar|Fake Out|p1b: Torkoal
|-damage|p1b: Torkoal|93/100
|move|p2b: Archaludon|Dragon Pulse|p1a: Oranguru
|-activate|p1a: Oranguru|move: Protect
|cant|p1b: Torkoal|flinch
|
|-weather|SunnyDay|[upkeep]
|upkeep
|turn|4
|inactive|oxoc has 30 seconds left.
|inactive|stefoakes has 30 seconds left.
|inactive|oxoc has 20 seconds left.
|
|t:|1757749891
|move|p2b: Archaludon|Dragon Pulse|p1b: Torkoal
|-damage|p1b: Torkoal|0 fnt
|faint|p1b: Torkoal
|move|p2a: Incineroar|Knock Off|p1a: Oranguru
|-supereffective|p1a: Oranguru
|-damage|p1a: Oranguru|37/100
|-enditem|p1a: Oranguru|Mental Herb|[from] move: Knock Off|[of] p2a: Incineroar
|move|p1a: Oranguru|Trick Room|p1a: Oranguru
|-fieldstart|move: Trick Room|[of] p1a: Oranguru
|
|-weather|SunnyDay|[upkeep]
|upkeep
|turn|5
|-message|stefoakes forfeited.
|raw|stefoakes's rating: 1087 → 1058(-29 for losing)
|raw|oxoc's rating: 1000 → 1050(+50 for winning)
|
|win|oxoc
|l|☆stefoakes
|player|p1|
