|j|☆sbhaga34
|j|☆bigbucksz
|html|sbhaga34bigbucksz    
|uhtml|bestof|Game 2 of a best-of-3
|t:|1757659927
|gametype|doubles
|player|p1|sbhaga34|hugh|1345
|player|p2|bigbucksz|102|1365
|gen|9
|tier|[Gen 9] VGC 2025 Reg H (Bo3)
|rated|
|rule|Species Clause: Limit one of each Pokémon
|rule|Item Clause: Limit 1 of each item
|clearpoke
|poke|p1|Indeedee-F, L50, F|
|poke|p1|Talonflame, L50, F|
|poke|p1|Tyranitar, L50, F|
|poke|p1|Excadrill, L50, F|
|poke|p1|Gardevoir, L50, M|
|poke|p1|Ursaluna-Bloodmoon, L50, M|
|poke|p2|Rillaboom, L50, M|
|poke|p2|Dragonite, L50, M|
|poke|p2|Annihilape, L50, M|
|poke|p2|Gholdengo, L50|
|poke|p2|Maushold-Four, L50|
|poke|p2|Ursaluna-Bloodmoon, L50, M|
|teampreview|4
|showteam|p1|Indeedee-F||SafetyGoggles|PsychicSurge|FollowMe,TrickRoom,HelpingHand,Psychic|||F|||50|,,,,,Fairy]Talonflame||CovertCloak|GaleWings|Tailwind,Taunt,FlareBlitz,BraveBird|||F|||50|,,,,,Grass]Tyranitar||WeaknessPolicy|SandStream|RockSlide,KnockOff,LowKick,Protect|||F|||50|,,,,,Flying]Excadrill||FocusSash|SandRush|Earthquake,IronHead,SwordsDance,Protect|||F|||50|,,,,,Ground]Gardevoir||ChoiceScarf|Telepathy|ExpandingForce,Gravity,Moonblast,IcyWind|||M|||50|,,,,,Psychic]Ursaluna-Bloodmoon||SilkScarf|MindsEye|BloodMoon,HyperVoice,EarthPower,Protect|||M|||50|,,,,,Normal
|showteam|p2|Rillaboom||MiracleSeed|GrassySurge|WoodHammer,HighHorsepower,GrassyGlide,FakeOut|||M|||50|,,,,,Fire]Dragonite||LoadedDice|Multiscale|ScaleShot,Tailwind,Haze,Protect|||M|||50|,,,,,Fairy]Annihilape||SafetyGoggles|Defiant|RageFist,DrainPunch,BulkUp,Protect|||M|||50|,,,,,Fire]Gholdengo||LifeOrb|GoodasGold|MakeItRain,ShadowBall,NastyPlot,Protect||||||50|,,,,,Water]Maushold-Four||FocusSash|FriendGuard|SuperFang,BeatUp,FollowMe,Protect||||||50|,,,,,Ghost]Ursaluna-Bloodmoon||AssaultVest|MindsEye|BloodMoon,EarthPower,HyperVoice,VacuumWave|||M|||50|,,,,,Water
|inactive|Battle timer is ON: inactive players will automatically lose when time's up. (requested by bigbucksz)
|inactive|bigbucksz has 60 seconds left.
|
|t:|1757659969
|teamsize|p1|4
|teamsize|p2|4
|start
|switch|p1a: Talonflame|Talonflame, L50, F|100/100
|switch|p1b: Tyranitar|Tyranitar, L50, F|100/100
|switch|p2a: Dragonite|Dragonite, L50, M|100/100
|switch|p2b: Annihilape|Annihilape, L50, M, shiny|100/100
|-weather|Sandstorm|[from] ability: Sand Stream|[of] p1b: Tyranitar
|turn|1
|
|t:|1757659992
|-terastallize|p1b: Tyranitar|Flying
|move|p1a: Talonflame|Tailwind|p1a: Talonflame
|-sidestart|p1: sbhaga34|move: Tailwind
|move|p1b: Tyranitar|Knock Off|p2a: Dragonite
|-damage|p2a: Dragonite|71/100
|-enditem|p2a: Dragonite|Loaded Dice|[from] move: Knock Off|[of] p1b: Tyranitar
|move|p2b: Annihilape|Bulk Up|p2b: Annihilape
|-boost|p2b: Annihilape|atk|1
|-boost|p2b: Annihilape|def|1
|move|p2a: Dragonite|Scale Shot|p1a: Talonflame
|-damage|p1a: Talonflame|82/100
|-damage|p1a: Talonflame|62/100
|-hitcount|p1a: Talonflame|2
|-unboost|p2a: Dragonite|def|1
|-boost|p2a: Dragonite|spe|1
|
|-weather|Sandstorm|[upkeep]
|-damage|p1a: Talonflame|56/100|[from] Sandstorm
|-damage|p1b: Tyranitar|94/100|[from] Sandstorm
|-damage|p2a: Dragonite|65/100|[from] Sandstorm
|upkeep
|turn|2
|inactive|bigbucksz has 30 seconds left.
|inactive|bigbucksz has 20 seconds left.
|inactive|bigbucksz has 15 seconds left.
|
|t:|1757660033
|move|p1a: Talonflame|Taunt|p2a: Dragonite
|-start|p2a: Dragonite|move: Taunt
|move|p1b: Tyranitar|Knock Off|p2b: Annihilape
|-damage|p2b: Annihilape|66/100
|-enditem|p2b: Annihilape|Safety Goggles|[from] move: Knock Off|[of] p1b: Tyranitar
|cant|p2a: Dragonite|move: Taunt|Tailwind
|move|p2b: Annihilape|Rage Fist|p1b: Tyranitar
|-damage|p1b: Tyranitar|40/100
|
|-weather|Sandstorm|[upkeep]
|-damage|p1a: Talonflame|50/100|[from] Sandstorm
|-damage|p1b: Tyranitar|34/100|[from] Sandstorm
|-damage|p2a: Dragonite|59/100|[from] Sandstorm
|-damage|p2b: Annihilape|59/100|[from] Sandstorm
|upkeep
|turn|3
|
|t:|1757660049
|move|p1a: Talonflame|Brave Bird|p2b: Annihilape
|-supereffective|p2b: Annihilape
|-damage|p2b: Annihilape|4/100
|-damage|p1a: Talonflame|28/100|[from] Recoil
|move|p1b: Tyranitar|Rock Slide|p2a: Dragonite|[spread] p2a,p2b
|-supereffective|p2a: Dragonite
|-resisted|p2b: Annihilape
|-damage|p2a: Dragonite|0 fnt
|-damage|p2b: Annihilape|0 fnt
|faint|p2a: Dragonite
|faint|p2b: Annihilape
|
|-weather|Sandstorm|[upkeep]
|-damage|p1a: Talonflame|22/100|[from] Sandstorm
|-damage|p1b: Tyranitar|28/100|[from] Sandstorm
|upkeep
|
|t:|1757660056
|switch|p2b: Gholdengo|Gholdengo, L50|100/100
|switch|p2a: Rillaboom|Rillaboom, L50, M|100/100
|-fieldstart|move: Grassy Terrain|[from] ability: Grassy Surge|[of] p2a: Rillaboom
|turn|4
|inactive|sbhaga34 has 30 seconds left.
|inactive|sbhaga34 has 20 seconds left.
|
|t:|1757660094
|switch|p1a: Indeedee|Indeedee-F, L50, F|100/100
|-fieldstart|move: Psychic Terrain|[from] ability: Psychic Surge|[of] p1a: Indeedee
|move|p2a: Rillaboom|Fake Out|p1b: Tyranitar
|-hint|Psychic Terrain doesn't affect Pokémon immune to Ground.
|-damage|p1b: Tyranitar|16/100
|cant|p1b: Tyranitar|flinch
|move|p2b: Gholdengo|Shadow Ball|p1a: Indeedee
|-immune|p1a: Indeedee
|
|-weather|Sandstorm|[upkeep]
|-damage|p1b: Tyranitar|10/100|[from] Sandstorm
|-damage|p2a: Rillaboom|94/100|[from] Sandstorm
|-sideend|p1: sbhaga34|move: Tailwind
|upkeep
|turn|5
|
|t:|1757660114
|move|p2b: Gholdengo|Make It Rain|p1a: Indeedee|[spread] p1a,p1b
|-damage|p1a: Indeedee|53/100
|-damage|p1b: Tyranitar|0 fnt
|-unboost|p2b: Gholdengo|spa|1
|faint|p1b: Tyranitar
|-damage|p2b: Gholdengo|91/100|[from] item: Life Orb
|move|p2a: Rillaboom|Wood Hammer|p1a: Indeedee
|-damage|p1a: Indeedee|0 fnt
|faint|p1a: Indeedee
|-damage|p2a: Rillaboom|79/100|[from] Recoil
|
|-weather|none
|upkeep
|
|t:|1757660126
|switch|p1a: Talonflame|Talonflame, L50, F|22/100
|switch|p1b: Gardevoir|Gardevoir, L50, M, shiny|100/100
|turn|6
|
|t:|1757660136
|move|p2b: Gholdengo|Protect|p2b: Gholdengo
|-singleturn|p2b: Gholdengo|Protect
|move|p1a: Talonflame|Flare Blitz|p2b: Gholdengo
|-activate|p2b: Gholdengo|move: Protect
|move|p1b: Gardevoir|Expanding Force|p2b: Gholdengo|[spread] p2a
|-activate|p2b: Gholdengo|move: Protect
|-damage|p2a: Rillaboom|17/100
|move|p2a: Rillaboom|Wood Hammer|p1a: Talonflame
|-resisted|p1a: Talonflame
|-damage|p1a: Talonflame|0 fnt
|faint|p1a: Talonflame
|-damage|p2a: Rillaboom|10/100|[from] Recoil
|
|upkeep
|turn|7
|
|t:|1757660153
|move|p1b: Gardevoir|Expanding Force|p2a: Rillaboom|[spread] p2a,p2b
|-resisted|p2b: Gholdengo
|-damage|p2a: Rillaboom|0 fnt
|-damage|p2b: Gholdengo|59/100
|faint|p2a: Rillaboom
|move|p2b: Gholdengo|Nasty Plot|p2b: Gholdengo
|-boost|p2b: Gholdengo|spa|2
|
|upkeep
|turn|8
|
|t:|1757660161
|move|p2b: Gholdengo|Protect|p2b: Gholdengo
|-singleturn|p2b: Gholdengo|Protect
|move|p1b: Gardevoir|Expanding Force|p2b: Gholdengo
|-activate|p2b: Gholdengo|move: Protect
|
|-fieldend|move: Psychic Terrain
|upkeep
|turn|9
|
|t:|1757660168
|move|p1b: Gardevoir|Expanding Force|p2b: Gholdengo
|-resisted|p2b: Gholdengo
|-damage|p2b: Gholdengo|37/100
|move|p2b: Gholdengo|Make It Rain|p1b: Gardevoir
|-supereffective|p1b: Gardevoir
|-damage|p1b: Gardevoir|0 fnt
|-unboost|p2b: Gholdengo|spa|1
|faint|p1b: Gardevoir
|-damage|p2b: Gholdengo|27/100|[from] item: Life Orb
|
|win|bigbucksz
||bigbucksz is ready for game 3.
||sbhaga34 is ready for game 3.
|uhtml|next|Next: Game 3 of 3
|l|☆sbhaga34
|player|p1|
|l|☆bigbucksz
|player|p2|
