|j|☆Smasho
|j|☆lolgz
|html|Smashololgz    
|uhtml|bestof|Game 3 of a best-of-3
|t:|1782733046
|gametype|doubles
|player|p1|Smasho|1|1186
|player|p2|lolgz|dawn|1149
|gen|9
|tier|[Gen 9 Champions] VGC 2026 Reg M-B (Bo3)
|rated|
|rule|Species Clause: Limit one of each Pokémon
|rule|Item Clause: Limit 1 of each item
|clearpoke
|poke|p1|Raichu, L50, F, shiny|
|poke|p1|Mawile, L50, F|
|poke|p1|Sinistcha, L50|
|poke|p1|Ceruledge, L50, F|
|poke|p1|Milotic, L50, F, shiny|
|poke|p1|Incineroar, L50, M, shiny|
|poke|p2|Scrafty, L50, M|
|poke|p2|Scizor, L50, M|
|poke|p2|Milotic, L50, F|
|poke|p2|Sinistcha, L50|
|poke|p2|Sneasler, L50, F|
|poke|p2|Incineroar, L50, M|
|teampreview|4
|showteam|p1|Raichu||RaichuniteY|LightningRod|ZapCannon,FocusBlast,FakeOut,Protect|Timid||F|||50|]Mawile||Mawilite|HyperCutter|PlayRough,SuckerPunch,SwordsDance,Protect|Adamant||F|||50|]Sinistcha||KasibBerry|Hospitality|MatchaGotcha,LifeDew,RagePowder,Protect|Relaxed|||||50|]Ceruledge||ColburBerry|FlashFire|BitterBlade,ShadowSneak,BulkUp,Protect|Adamant||F|||50|]Milotic||Leftovers|Competitive|MuddyWater,Coil,Hypnosis,Protect|Calm||F|||50|]Incineroar||SitrusBerry|Intimidate|FlareBlitz,ThroatChop,FakeOut,PartingShot|Impish||M|||50|
|showteam|p2|Scrafty||Scraftinite|Intimidate|DrainPunch,KnockOff,Protect,DragonDance|Jolly||M|||50|]Scizor||Scizorite|Swarm|BulletPunch,BugBite,SwordsDance,Protect|Adamant||M|||50|]Milotic||Leftovers|Competitive|Scald,IcyWind,Recover,Protect|Calm||F|||50|]Sinistcha||CobaBerry|Hospitality|MatchaGotcha,RagePowder,LifeDew,TrickRoom|Bold|||||50|]Sneasler||WhiteHerb|Unburden|CloseCombat,DireClaw,FakeOut,Coaching|Adamant||F|||50|]Incineroar||SitrusBerry|Intimidate|FlareBlitz,ThroatChop,FakeOut,PartingShot|Adamant||M|||50|
|inactive|Battle timer is ON: inactive players will automatically lose when time's up. (requested by Smasho)
|
|t:|1782733058
|teamsize|p1|4
|teamsize|p2|4
|start
|switch|p1a: Raichu|Raichu, L50, F, shiny|100/100
|switch|p1b: Milotic|Milotic, L50, F, shiny|100/100
|switch|p2a: Scizor|Scizor, L50, M|100/100
|switch|p2b: Sneasler|Sneasler, L50, F|100/100
|turn|1
|
|t:|1782733066
|detailschange|p1a: Raichu|Raichu-Mega-Y, L50, F, shiny
|-mega|p1a: Raichu|Raichu|Raichunite Y
|detailschange|p2a: Scizor|Scizor-Mega, L50, M
|-mega|p2a: Scizor|Scizor|Scizorite
|move|p1a: Raichu|Fake Out|p2b: Sneasler
|-damage|p2b: Sneasler|84/100
|cant|p2b: Sneasler|flinch
|move|p1b: Milotic|Coil|p1b: Milotic
|-boost|p1b: Milotic|atk|1
|-boost|p1b: Milotic|def|1
|-boost|p1b: Milotic|accuracy|1
|move|p2a: Scizor|Swords Dance|p2a: Scizor
|-boost|p2a: Scizor|atk|2
|
|upkeep
|turn|2
|
|t:|1782733078
|switch|p1a: Incineroar|Incineroar, L50, M, shiny|100/100
|-ability|p1a: Incineroar|Intimidate|boost
|-unboost|p2a: Scizor|atk|1
|-unboost|p2b: Sneasler|atk|1
|-enditem|p2b: Sneasler|White Herb
|-clearnegativeboost|p2b: Sneasler|[silent]
|move|p2b: Sneasler|Close Combat|p1a: Incineroar
|-supereffective|p1a: Incineroar|1
|-damage|p1a: Incineroar|0 fnt
|-unboost|p2b: Sneasler|def|1
|-unboost|p2b: Sneasler|spd|1
|faint|p1a: Incineroar
|move|p1b: Milotic|Coil|p1b: Milotic
|-boost|p1b: Milotic|atk|1
|-boost|p1b: Milotic|def|1
|-boost|p1b: Milotic|accuracy|1
|move|p2a: Scizor|Bug Bite|p1b: Milotic
|-damage|p1b: Milotic|64/100
|
|-heal|p1b: Milotic|70/100|[from] item: Leftovers
|upkeep
|
|t:|1782733086
|switch|p1a: Raichu|Raichu-Mega-Y, L50, F, shiny|100/100
|turn|3
|
|t:|1782733093
|switch|p2b: Sinistcha|Sinistcha, L50|100/100
|move|p1a: Raichu|Fake Out|p2a: Scizor
|-resisted|p2a: Scizor|1
|-damage|p2a: Scizor|96/100
|move|p1b: Milotic|Muddy Water|p2a: Scizor|[spread] p2a,p2b
|-resisted|p2b: Sinistcha|1
|-damage|p2a: Scizor|72/100
|-damage|p2b: Sinistcha|89/100
|cant|p2a: Scizor|flinch
|
|-heal|p1b: Milotic|76/100|[from] item: Leftovers
|upkeep
|turn|4
|
|t:|1782733105
|move|p2a: Scizor|Bullet Punch|p1a: Raichu
|-resisted|p1a: Raichu|1
|-damage|p1a: Raichu|56/100
|move|p1a: Raichu|Zap Cannon|p2b: Sinistcha
|-resisted|p2b: Sinistcha|1
|-damage|p2b: Sinistcha|58/100
|-status|p2b: Sinistcha|par
|move|p1b: Milotic|Hypnosis|p2a: Scizor
|-status|p2a: Scizor|slp|[from] move: Hypnosis
|cant|p2b: Sinistcha|par
|
|-heal|p1b: Milotic|82/100|[from] item: Leftovers
|upkeep
|turn|5
|
|t:|1782733110
|move|p1a: Raichu|Focus Blast|p2a: Scizor
|-damage|p2a: Scizor|33/100 slp
|move|p1b: Milotic|Muddy Water|p2a: Scizor|[spread] p2a,p2b
|-resisted|p2b: Sinistcha|1
|-damage|p2a: Scizor|11/100 slp
|-damage|p2b: Sinistcha|48/100 par
|cant|p2a: Scizor|slp
|move|p2b: Sinistcha|Matcha Gotcha|p1a: Raichu|[spread] p1a,p1b
|-supereffective|p1b: Milotic|1
|-damage|p1a: Raichu|27/100
|-heal|p2b: Sinistcha|62/100 par|[from] drain|[of] p1a: Raichu
|-damage|p1b: Milotic|51/100
|-heal|p2b: Sinistcha|79/100 par|[from] drain|[of] p1b: Milotic
|
|-heal|p1b: Milotic|57/100|[from] item: Leftovers
|upkeep
|turn|6
|
|t:|1782733120
|move|p1a: Raichu|Protect|p1a: Raichu
|-singleturn|p1a: Raichu|Protect
|cant|p2a: Scizor|slp
|move|p1b: Milotic|Muddy Water|p2a: Scizor|[spread] p2a,p2b
|-resisted|p2b: Sinistcha|1
|-damage|p2a: Scizor|0 fnt
|-damage|p2b: Sinistcha|69/100 par
|faint|p2a: Scizor
|move|p2b: Sinistcha|Matcha Gotcha|p1a: Raichu|[spread] p1b
|-activate|p1a: Raichu|move: Protect
|-supereffective|p1b: Milotic|1
|-damage|p1b: Milotic|26/100
|-heal|p2b: Sinistcha|87/100 par|[from] drain|[of] p1b: Milotic
|
|-heal|p1b: Milotic|32/100|[from] item: Leftovers
|upkeep
|
|t:|1782733123
|switch|p2a: Sneasler|Sneasler, L50, F|84/100
|turn|7
|
|t:|1782733128
|switch|p1a: Sinistcha|Sinistcha, L50|100/100
|-heal|p1b: Milotic|57/100|[from] ability: Hospitality|[of] p1a: Sinistcha
|move|p1b: Milotic|Protect|p1b: Milotic
|-singleturn|p1b: Milotic|Protect
|move|p2a: Sneasler|Fake Out|p1a: Sinistcha
|-immune|p1a: Sinistcha
|move|p2b: Sinistcha|Matcha Gotcha|p1a: Sinistcha|[spread] p1a
|-activate|p1b: Milotic|move: Protect
|-resisted|p1a: Sinistcha|1
|-damage|p1a: Sinistcha|88/100
|-heal|p2b: Sinistcha|92/100 par|[from] drain|[of] p1a: Sinistcha
|
|-heal|p1b: Milotic|63/100|[from] item: Leftovers
|upkeep
|turn|8
|
|t:|1782733144
|move|p1a: Sinistcha|Rage Powder|p1a: Sinistcha
|-singleturn|p1a: Sinistcha|move: Rage Powder
|move|p2a: Sneasler|Dire Claw|p1a: Sinistcha
|-damage|p1a: Sinistcha|51/100
|move|p1b: Milotic|Hypnosis|p2a: Sneasler
|-status|p2a: Sneasler|slp|[from] move: Hypnosis
|cant|p2b: Sinistcha|par
|
|-heal|p1b: Milotic|69/100|[from] item: Leftovers
|upkeep
|turn|9
|
|t:|1782733160
|cant|p2a: Sneasler|slp
|move|p1b: Milotic|Muddy Water|p2b: Sinistcha|[spread] p2a,p2b
|-resisted|p2b: Sinistcha|1
|-damage|p2a: Sneasler|53/100 slp
|-damage|p2b: Sinistcha|82/100 par
|-unboost|p2a: Sneasler|accuracy|1
|move|p1a: Sinistcha|Life Dew|p1a: Sinistcha|[spread] p1a,p1b
|-heal|p1a: Sinistcha|76/100
|-heal|p1b: Milotic|94/100
|move|p2b: Sinistcha|Matcha Gotcha|p1b: Milotic|[spread] p1b
|-miss|p2b: Sinistcha|p1a: Sinistcha
|-supereffective|p1b: Milotic|1
|-damage|p1b: Milotic|60/100
|-heal|p2b: Sinistcha|100/100 par|[from] drain|[of] p1b: Milotic
|
|-heal|p1b: Milotic|66/100|[from] item: Leftovers
|upkeep
|turn|10
|
|t:|1782733173
|-curestatus|p2a: Sneasler|slp|[msg]
|move|p2a: Sneasler|Dire Claw|p1a: Sinistcha
|-damage|p1a: Sinistcha|35/100
|move|p1b: Milotic|Muddy Water|p2a: Sneasler|[spread] p2a,p2b
|-resisted|p2b: Sinistcha|1
|-damage|p2a: Sneasler|22/100
|-damage|p2b: Sinistcha|88/100 par
|move|p1a: Sinistcha|Matcha Gotcha|p2b: Sinistcha|[spread] p2a,p2b
|-resisted|p2a: Sneasler|1
|-resisted|p2b: Sinistcha|1
|-damage|p2a: Sneasler|6/100
|-heal|p1a: Sinistcha|43/100|[from] drain|[of] p2a: Sneasler
|-damage|p2b: Sinistcha|76/100 par
|-heal|p1a: Sinistcha|49/100|[from] drain|[of] p2b: Sinistcha
|move|p2b: Sinistcha|Matcha Gotcha|p1a: Sinistcha|[spread] p1b
|-miss|p2b: Sinistcha|p1a: Sinistcha
|-supereffective|p1b: Milotic|1
|-damage|p1b: Milotic|33/100
|-heal|p2b: Sinistcha|96/100 par|[from] drain|[of] p1b: Milotic
|
|-heal|p1b: Milotic|39/100|[from] item: Leftovers
|upkeep
|turn|11
|
|t:|1782733192
|move|p1b: Milotic|Protect|p1b: Milotic
|-singleturn|p1b: Milotic|Protect
|move|p2a: Sneasler|Dire Claw|p1b: Milotic
|-activate|p1b: Milotic|move: Protect
|move|p1a: Sinistcha|Matcha Gotcha|p2b: Sinistcha|[spread] p2a,p2b
|-resisted|p2a: Sneasler|1
|-resisted|p2b: Sinistcha|1
|-damage|p2a: Sneasler|0 fnt
|-heal|p1a: Sinistcha|52/100|[from] drain|[of] p2a: Sneasler
|-damage|p2b: Sinistcha|84/100 par
|-heal|p1a: Sinistcha|58/100|[from] drain|[of] p2b: Sinistcha
|faint|p2a: Sneasler
|cant|p2b: Sinistcha|par
|
|-heal|p1b: Milotic|45/100|[from] item: Leftovers
|upkeep
|
|t:|1782733194
|switch|p2a: Milotic|Milotic, L50, F|100/100
|turn|12
|
|t:|1782733209
|move|p2a: Milotic|Icy Wind|p1a: Sinistcha|[spread] p1a,p1b
|-supereffective|p1a: Sinistcha|1
|-resisted|p1b: Milotic|1
|-damage|p1a: Sinistcha|41/100
|-damage|p1b: Milotic|42/100
|-unboost|p1a: Sinistcha|spe|1
|-unboost|p1b: Milotic|spe|1
|-ability|p1b: Milotic|Competitive|boost
|-boost|p1b: Milotic|spa|2
|move|p1b: Milotic|Hypnosis|p2a: Milotic
|-status|p2a: Milotic|slp|[from] move: Hypnosis
|move|p1a: Sinistcha|Life Dew|p1a: Sinistcha|[spread] p1a,p1b
|-heal|p1a: Sinistcha|66/100
|-heal|p1b: Milotic|67/100
|move|p2b: Sinistcha|Matcha Gotcha|p1b: Milotic|[spread] p1a,p1b
|-resisted|p1a: Sinistcha|1
|-supereffective|p1b: Milotic|1
|-damage|p1a: Sinistcha|55/100
|-heal|p2b: Sinistcha|90/100 par|[from] drain|[of] p1a: Sinistcha
|-damage|p1b: Milotic|37/100
|-heal|p2b: Sinistcha|100/100 par|[from] drain|[of] p1b: Milotic
|-status|p1a: Sinistcha|brn
|
|-heal|p1b: Milotic|43/100|[from] item: Leftovers
|-damage|p1a: Sinistcha|48/100 brn|[from] brn
|upkeep
|turn|13
|inactive|lolgz has 30 seconds left.
|
|t:|1782733236
|cant|p2a: Milotic|slp
|move|p1b: Milotic|Muddy Water|p2b: Sinistcha|[spread] p2a,p2b
|-resisted|p2a: Milotic|1
|-resisted|p2b: Sinistcha|1
|-damage|p2a: Milotic|85/100 slp
|-damage|p2b: Sinistcha|78/100 par
|-unboost|p2b: Sinistcha|accuracy|1
|move|p1a: Sinistcha|Life Dew|p1a: Sinistcha|[spread] p1a,p1b
|-heal|p1a: Sinistcha|74/100 brn
|-heal|p1b: Milotic|68/100
|move|p2b: Sinistcha|Matcha Gotcha|p1a: Sinistcha|[spread] p1a,p1b
|-resisted|p1a: Sinistcha|1
|-supereffective|p1b: Milotic|1
|-damage|p1a: Sinistcha|62/100 brn
|-heal|p2b: Sinistcha|84/100 par|[from] drain|[of] p1a: Sinistcha
|-damage|p1b: Milotic|34/100
|-heal|p2b: Sinistcha|100/100 par|[from] drain|[of] p1b: Milotic
|-status|p1b: Milotic|brn
|
|-heal|p2a: Milotic|91/100 slp|[from] item: Leftovers
|-heal|p1b: Milotic|40/100 brn|[from] item: Leftovers
|-damage|p1b: Milotic|34/100 brn|[from] brn
|-damage|p1a: Sinistcha|56/100 brn|[from] brn
|upkeep
|turn|14
|
|t:|1782733250
|cant|p2a: Milotic|slp
|move|p1b: Milotic|Muddy Water|p2b: Sinistcha|[spread] p2a,p2b
|-resisted|p2a: Milotic|1
|-resisted|p2b: Sinistcha|1
|-damage|p2a: Milotic|74/100 slp
|-damage|p2b: Sinistcha|77/100 par
|move|p1a: Sinistcha|Life Dew|p1a: Sinistcha|[spread] p1a,p1b
|-heal|p1a: Sinistcha|81/100 brn
|-heal|p1b: Milotic|59/100 brn
|cant|p2b: Sinistcha|par
|
|-heal|p2a: Milotic|80/100 slp|[from] item: Leftovers
|-heal|p1b: Milotic|65/100 brn|[from] item: Leftovers
|-damage|p1b: Milotic|59/100 brn|[from] brn
|-damage|p1a: Sinistcha|75/100 brn|[from] brn
|upkeep
|turn|15
|
|t:|1782733261
|-curestatus|p2a: Milotic|slp|[msg]
|move|p2a: Milotic|Scald|p1b: Milotic
|-resisted|p1b: Milotic|1
|-damage|p1b: Milotic|51/100 brn
|move|p1b: Milotic|Muddy Water|p2a: Milotic|[spread] p2a,p2b
|-resisted|p2a: Milotic|1
|-resisted|p2b: Sinistcha|1
|-damage|p2a: Milotic|64/100
|-damage|p2b: Sinistcha|54/100 par
|-unboost|p2a: Milotic|accuracy|1
|-ability|p2a: Milotic|Competitive|boost
|-boost|p2a: Milotic|spa|2
|move|p1a: Sinistcha|Life Dew|p1a: Sinistcha|[spread] p1a,p1b
|-heal|p1a: Sinistcha|100/100 brn
|-heal|p1b: Milotic|77/100 brn
|move|p2b: Sinistcha|Matcha Gotcha|p1a: Sinistcha|[spread] p1a,p1b
|-resisted|p1a: Sinistcha|1
|-supereffective|p1b: Milotic|1
|-damage|p1a: Sinistcha|88/100 brn
|-heal|p2b: Sinistcha|60/100 par|[from] drain|[of] p1a: Sinistcha
|-damage|p1b: Milotic|47/100 brn
|-heal|p2b: Sinistcha|77/100 par|[from] drain|[of] p1b: Milotic
|
|-heal|p2a: Milotic|70/100|[from] item: Leftovers
|-heal|p1b: Milotic|53/100 brn|[from] item: Leftovers
|-damage|p1b: Milotic|47/100 brn|[from] brn
|-damage|p1a: Sinistcha|82/100 brn|[from] brn
|upkeep
|turn|16
|l|☆lolgz
|inactive|lolgz disconnected and has a minute to reconnect!
|player|p2|
|inactive|lolgz has 30 seconds left.
|inactive|lolgz has 20 seconds left.
|inactive|lolgz has 15 seconds left.
|inactive|lolgz has 10 seconds left.
|inactive|lolgz has 5 seconds left.
|-message|lolgz lost due to inactivity.
|
|win|Smasho
|raw|Smasho's rating: 1186 → 1208(+22 for winning)
|raw|lolgz's rating: 1149 → 1127(-22 for losing)
|l|☆Smasho
|player|p1|
|j|☆lolgz
|player|p2|lolgz|dawn|
