|j|☆sbhaga34
|j|☆policho98
|html|sbhaga34policho98    
|uhtml|bestof|Game 3 of a best-of-3
|t:|1784817883
|gametype|doubles
|player|p1|sbhaga34|hugh|1347
|player|p2|policho98|170|1250
|gen|9
|tier|[Gen 9 Champions] VGC 2026 Reg M-B (Bo3)
|rated|
|rule|Species Clause: Limit one of each Pokémon
|rule|Item Clause: Limit 1 of each item
|clearpoke
|poke|p1|Excadrill, L50, M|
|poke|p1|Tyranitar, L50, M|
|poke|p1|Corviknight, L50, M|
|poke|p1|Rotom-Wash, L50|
|poke|p1|Chandelure, L50, M|
|poke|p1|Scovillain, L50, F|
|poke|p2|Aerodactyl, L50, F|
|poke|p2|Kingambit, L50, M|
|poke|p2|Sylveon, L50, F|
|poke|p2|Garchomp, L50, M|
|poke|p2|Charizard, L50, F|
|poke|p2|Incineroar, L50, F|
|teampreview|4
|showteam|p1|Excadrill||FocusSash|SandRush|Earthquake,IronHead,SwordsDance,Protect|Adamant||M|||50|]Tyranitar||Tyranitarite|SandStream|RockSlide,KnockOff,LowKick,Protect|Adamant||M|||50|]Corviknight||SharpBeak|MirrorArmor|BraveBird,Tailwind,BulkUp,Roost|Careful||M|||50|]Rotom-Wash||ChoiceScarf|Levitate|VoltSwitch,Thunderbolt,Electroweb,HydroPump|Timid|||||50|]Chandelure||ShucaBerry|FlashFire|HeatWave,ShadowBall,TrickRoom,Protect|Modest||M|||50|]Scovillain||Scovillainite|Chlorophyll|RagePowder,Overheat,GigaDrain,Protect|Calm||F|||50|
|showteam|p2|Aerodactyl||Aerodactylite|Unnerve|RockSlide,IceFang,Tailwind,WideGuard|Jolly||F|||50|]Kingambit||FocusSash|Defiant|KowtowCleave,SuckerPunch,IronHead,Protect|Adamant||M|||50|]Sylveon||FairyFeather|Pixilate|Detect,HyperVoice,HyperBeam,QuickAttack|Modest||F|||50|]Garchomp||LifeOrb|RoughSkin|Earthquake,DragonClaw,StompingTantrum,Protect|Jolly||M|||50|]Charizard||CharizarditeY|Blaze|Protect,HeatWave,SolarBeam,WeatherBall|Modest||F|||50|]Incineroar||SitrusBerry|Intimidate|DarkestLariat,FlareBlitz,FakeOut,PartingShot|Impish||F|||50|
|inactive|Battle timer is ON: inactive players will automatically lose when time's up. (requested by sbhaga34)
|inactive|sbhaga34 has 60 seconds left.
|
|t:|1784817936
|teamsize|p1|4
|teamsize|p2|4
|start
|switch|p1a: Corviknight|Corviknight, L50, M|100/100
|switch|p1b: Tyranitar|Tyranitar, L50, M|100/100
|switch|p2a: Incineroar|Incineroar, L50, F|100/100
|switch|p2b: Charizard|Charizard, L50, F|100/100
|-weather|Sandstorm|[from] ability: Sand Stream|[of] p1b: Tyranitar
|-ability|p2a: Incineroar|Intimidate|boost
|-ability|p1a: Corviknight|Mirror Armor
|-unboost|p2a: Incineroar|atk|1
|-unboost|p1b: Tyranitar|atk|1
|turn|1
|
|t:|1784817960
|detailschange|p1b: Tyranitar|Tyranitar-Mega, L50, M
|-mega|p1b: Tyranitar|Tyranitar|Tyranitarite
|move|p2a: Incineroar|Fake Out|p1b: Tyranitar
|-resisted|p1b: Tyranitar|1
|-damage|p1b: Tyranitar|97/100
|move|p2b: Charizard|Weather Ball|p1a: Corviknight
|-damage|p1a: Corviknight|75/100
|cant|p1b: Tyranitar|flinch
|move|p1a: Corviknight|Tailwind|p1a: Corviknight
|-sidestart|p1: sbhaga34|move: Tailwind
|
|-weather|Sandstorm|[upkeep]
|-damage|p2b: Charizard|93/100|[from] Sandstorm
|-damage|p2a: Incineroar|94/100|[from] Sandstorm
|upkeep
|turn|2
|
|t:|1784817976
|detailschange|p2b: Charizard|Charizard-Mega-Y, L50, F
|-mega|p2b: Charizard|Charizard|Charizardite Y
|-weather|SunnyDay|[from] ability: Drought|[of] p2b: Charizard
|move|p2b: Charizard|Protect|p2b: Charizard
|-singleturn|p2b: Charizard|Protect
|move|p1b: Tyranitar|Rock Slide|p2b: Charizard|[spread] p2a
|-activate|p2b: Charizard|move: Protect
|-supereffective|p2a: Incineroar|1
|-damage|p2a: Incineroar|60/100
|move|p1a: Corviknight|Bulk Up|p1a: Corviknight
|-boost|p1a: Corviknight|atk|1
|-boost|p1a: Corviknight|def|1
|move|p2a: Incineroar|Parting Shot|p1b: Tyranitar
|-unboost|p1b: Tyranitar|atk|1
|-unboost|p1b: Tyranitar|spa|1
|
|t:|1784817991
|switch|p2a: Garchomp|Garchomp, L50, M|100/100|[from] Parting Shot
|
|-weather|SunnyDay|[upkeep]
|upkeep
|turn|3
|
|t:|1784818010
|switch|p2b: Incineroar|Incineroar, L50, F|60/100
|-ability|p2b: Incineroar|Intimidate|boost
|-ability|p1a: Corviknight|Mirror Armor
|-unboost|p2b: Incineroar|atk|1
|-unboost|p1b: Tyranitar|atk|1
|move|p1b: Tyranitar|Rock Slide|p2b: Incineroar|[spread] p2a,p2b
|-resisted|p2a: Garchomp|1
|-supereffective|p2b: Incineroar|1
|-damage|p2a: Garchomp|92/100
|-damage|p2b: Incineroar|41/100
|-enditem|p2b: Incineroar|Sitrus Berry|[eat]
|-heal|p2b: Incineroar|66/100|[from] item: Sitrus Berry
|move|p1a: Corviknight|Brave Bird|p2b: Incineroar
|-damage|p2b: Incineroar|15/100
|-damage|p1a: Corviknight|58/100|[from] Recoil
|cant|p2a: Garchomp|flinch
|
|-weather|SunnyDay|[upkeep]
|upkeep
|turn|4
|
|t:|1784818034
|switch|p1b: Rotom|Rotom-Wash, L50|100/100
|move|p2b: Incineroar|Fake Out|p1a: Corviknight
|-resisted|p1a: Corviknight|1
|-damage|p1a: Corviknight|56/100
|cant|p1a: Corviknight|flinch
|move|p2a: Garchomp|Stomping Tantrum|p1b: Rotom
|-immune|p1b: Rotom|[from] ability: Levitate
|
|-weather|SunnyDay|[upkeep]
|-sideend|p1: sbhaga34|move: Tailwind
|upkeep
|turn|5
|
|t:|1784818058
|switch|p2a: Kingambit|Kingambit, L50, M|100/100
|move|p1b: Rotom|Thunderbolt|p2b: Incineroar
|-damage|p2b: Incineroar|0 fnt
|faint|p2b: Incineroar
|move|p1a: Corviknight|Tailwind|p1a: Corviknight
|-sidestart|p1: sbhaga34|move: Tailwind
|
|-weather|SunnyDay|[upkeep]
|upkeep
|
|t:|1784818066
|switch|p2b: Garchomp|Garchomp, L50, M|92/100
|turn|6
|
|t:|1784818075
|move|p1b: Rotom|Thunderbolt|p2a: Kingambit
|-damage|p2a: Kingambit|62/100
|move|p1a: Corviknight|Brave Bird|p2b: Garchomp
|-damage|p2b: Garchomp|20/100y
|-damage|p1a: Corviknight|44/100|[from] ability: Rough Skin|[of] p2b: Garchomp
|-damage|p1a: Corviknight|22/100|[from] Recoil
|move|p2b: Garchomp|Stomping Tantrum|p1b: Rotom
|-immune|p1b: Rotom|[from] ability: Levitate
|move|p2a: Kingambit|Kowtow Cleave|p1b: Rotom
|-damage|p1b: Rotom|46/100
|
|-weather|none
|upkeep
|turn|7
|
|t:|1784818099
|move|p1b: Rotom|Thunderbolt|p2a: Kingambit
|-damage|p2a: Kingambit|25/100
|move|p1a: Corviknight|Roost|p1a: Corviknight
|-heal|p1a: Corviknight|72/100
|-singleturn|p1a: Corviknight|move: Roost
|move|p2b: Garchomp|Stomping Tantrum|p1b: Rotom
|-immune|p1b: Rotom|[from] ability: Levitate
|move|p2a: Kingambit|Kowtow Cleave|p1b: Rotom
|-damage|p1b: Rotom|0 fnt
|faint|p1b: Rotom
|
|upkeep
|
|t:|1784818122
|switch|p1b: Chandelure|Chandelure, L50, M|100/100
|turn|8
|inactive|sbhaga34 has 30 seconds left.
|inactive|policho98 has 30 seconds left.
|
|t:|1784818167
|move|p2b: Garchomp|Protect|p2b: Garchomp
|-singleturn|p2b: Garchomp|Protect
|move|p1a: Corviknight|Brave Bird|p2a: Kingambit
|-resisted|p2a: Kingambit|1
|-damage|p2a: Kingambit|0 fnt
|faint|p2a: Kingambit
|-damage|p1a: Corviknight|64/100|[from] Recoil
|move|p1b: Chandelure|Trick Room|p1b: Chandelure
|-fieldstart|move: Trick Room|[of] p1b: Chandelure
|
|-sideend|p1: sbhaga34|move: Tailwind
|upkeep
|
|t:|1784818176
|switch|p2a: Charizard|Charizard-Mega-Y, L50, F|93/100
|-weather|SunnyDay|[from] ability: Drought|[of] p2a: Charizard
|turn|9
|
|t:|1784818184
|move|p1a: Corviknight|Brave Bird|p2b: Garchomp
|-damage|p2b: Garchomp|0 fnt
|-damage|p1a: Corviknight|52/100|[from] ability: Rough Skin|[of] p2b: Garchomp
|faint|p2b: Garchomp
|-damage|p1a: Corviknight|45/100|[from] Recoil
|move|p1b: Chandelure|Heat Wave|p2a: Charizard
|-resisted|p2a: Charizard|1
|-damage|p2a: Charizard|56/100
|move|p2a: Charizard|Heat Wave|p1b: Chandelure|[spread] p1a
|-start|p1b: Chandelure|ability: Flash Fire
|-supereffective|p1a: Corviknight|1
|-damage|p1a: Corviknight|0 fnt
|faint|p1a: Corviknight
|
|-weather|SunnyDay|[upkeep]
|upkeep
|
|t:|1784818195
|switch|p1a: Tyranitar|Tyranitar-Mega, L50, M|97/100
|-weather|Sandstorm|[from] ability: Sand Stream|[of] p1a: Tyranitar
|turn|10
|l|☆policho98
|inactive|policho98 disconnected and has a minute to reconnect!
|player|p2|
|inactive|policho98 has 30 seconds left.
|inactive|policho98 has 20 seconds left.
|inactive|policho98 has 15 seconds left.
|inactive|policho98 has 10 seconds left.
|inactive|policho98 has 5 seconds left.
|-message|policho98 lost due to inactivity.
|
|win|sbhaga34
|raw|sbhaga34's rating: 1347 → 1362(+15 for winning)
|raw|policho98's rating: 1250 → 1232(-18 for losing)
