|j|☆ComicSans221
|j|☆DarkWizardMyk
|html|ComicSans221DarkWizardMyk    
|uhtml|bestof|Game 2 of a best-of-3
|t:|1783551358
|gametype|doubles
|player|p1|ComicSans221|n|
|player|p2|DarkWizardMyk|steven|
|gen|9
|tier|[Gen 9 Champions] VGC 2026 Reg M-B (Bo3)
|rule|Species Clause: Limit one of each Pokémon
|rule|Item Clause: Limit 1 of each item
|clearpoke
|poke|p1|Weavile, L50, F|
|poke|p1|Sinistcha, L50|
|poke|p1|Ampharos, L50, M|
|poke|p1|Slowbro-Galar, L50, F|
|poke|p1|Milotic, L50, M|
|poke|p1|Maushold-Four, L50|
|poke|p2|Archaludon, L50, F|
|poke|p2|Basculegion-F, L50, F|
|poke|p2|Dragonite, L50, F|
|poke|p2|Whimsicott, L50, M|
|poke|p2|Dedenne, L50, M|
|poke|p2|Pelipper, L50, F|
|teampreview|4
|showteam|p1|Weavile||NeverMeltIce|Pressure|FakeOut,IceShard,TripleAxel,KnockOff|Jolly||F|||50|]Sinistcha||Leftovers|Hospitality|MatchaGotcha,ShadowBall,Scald,Protect|Sassy|||||50|]Ampharos||Ampharosite|Static|DragonPulse,Thunder,Protect,VoltSwitch|Calm||M|||50|]Slowbro-Galar||FocusSash|OwnTempo|TrickRoom,Psychic,Protect,IceBeam|Quiet||F|||50|]Milotic||WacanBerry|Competitive|AlluringVoice,Scald,IceBeam,Protect|Sassy||M|||50|]Maushold-Four||WideLens|Technician|PopulationBomb,SuperFang,Encore,AfterYou|Jolly|||||50|
|showteam|p2|Archaludon||ChopleBerry|Stamina|FlashCannon,ElectroShot,DracoMeteor,Protect|Modest||F|||50|]Basculegion-F||MysticWater|Adaptability|RainDance,FlipTurn,AquaJet,LastRespects|Adamant||F|||50|]Dragonite||Dragoninite|Multiscale|RainDance,HeatWave,Thunder,Blizzard|Modest||F|||50|]Whimsicott||QuickClaw|Prankster|Moonblast,GigaDrain,Tailwind,Encore|Calm||M|||50|]Dedenne||SitrusBerry|CheekPouch|Nuzzle,DazzlingGleam,SuperFang,VoltSwitch|Timid||M|||50|]Pelipper||FocusSash|Drizzle|WeatherBall,RainDance,Tailwind,WideGuard|Timid||F|||50|
|j| raccan
|
|t:|1783551373
|teamsize|p1|4
|teamsize|p2|4
|start
|switch|p1a: Fatgum|Slowbro-Galar, L50, F|100/100
|switch|p1b: Nacht|Weavile, L50, F|100/100
|switch|p2a: Dragonite|Dragonite, L50, F|100/100
|switch|p2b: Whimsicott|Whimsicott, L50, M|100/100
|-ability|p1b: Nacht|Pressure
|turn|1
|j| Terrycat
|
|t:|1783551404
|detailschange|p2a: Dragonite|Dragonite-Mega, L50, F
|-mega|p2a: Dragonite|Dragonite|Dragoninite
|move|p2b: Whimsicott|Tailwind|p2b: Whimsicott
|-sidestart|p2: DarkWizardMyk|move: Tailwind
|move|p2a: Dragonite|Heat Wave|p1a: Fatgum|[spread] p1a
|-miss|p2a: Dragonite|p1b: Nacht
|-damage|p1a: Fatgum|70/100
|move|p1b: Nacht|Triple Axel|p2a: Dragonite|[miss]
|-miss|p1b: Nacht|p2a: Dragonite
|move|p1a: Fatgum|Trick Room|p1a: Fatgum
|-fieldstart|move: Trick Room|[of] p1a: Fatgum
|
|upkeep
|turn|2
|j| meknomancer
|-activate|p2b: Whimsicott|item: Quick Claw
|
|t:|1783551429
|move|p2b: Whimsicott|Encore|p1a: Fatgum
|-start|p1a: Fatgum|Encore
|move|p1b: Nacht|Ice Shard|p2a: Dragonite
|-supereffective|p2a: Dragonite|2
|-damage|p2a: Dragonite|57/100
|move|p2a: Dragonite|Heat Wave|p1b: Nacht|[spread] p1a,p1b
|-supereffective|p1b: Nacht|1
|-damage|p1a: Fatgum|40/100
|-damage|p1b: Nacht|19/100
|move|p1a: Fatgum|Trick Room|p1a: Fatgum
|-fieldend|move: Trick Room
|
|upkeep
|turn|3
|
|t:|1783551454
|move|p1b: Nacht|Ice Shard|p2a: Dragonite
|-supereffective|p2a: Dragonite|2
|-damage|p2a: Dragonite|0 fnt
|faint|p2a: Dragonite
|move|p2b: Whimsicott|Giga Drain|p1a: Fatgum
|-resisted|p1a: Fatgum|1
|-damage|p1a: Fatgum|25/100
|move|p1a: Fatgum|Trick Room|p1a: Fatgum
|-fieldstart|move: Trick Room|[of] p1a: Fatgum
|
|upkeep
|
|t:|1783551461
|switch|p2a: DA BRIDGE|Archaludon, L50, F|100/100
|turn|4
|
|t:|1783551480
|switch|p1a: Laxus|Ampharos, L50, M|100/100
|move|p1b: Nacht|Ice Shard|p2b: Whimsicott
|-supereffective|p2b: Whimsicott|1
|-damage|p2b: Whimsicott|21/100
|move|p2a: DA BRIDGE|Draco Meteor|p1b: Nacht|[miss]
|-miss|p2a: DA BRIDGE|p1b: Nacht
|move|p2b: Whimsicott|Moonblast|p1a: Laxus
|-damage|p1a: Laxus|75/100
|
|-sideend|p2: DarkWizardMyk|move: Tailwind
|upkeep
|turn|5
|
|t:|1783551509
|detailschange|p1a: Laxus|Ampharos-Mega, L50, M
|-mega|p1a: Laxus|Ampharos|Ampharosite
|-ability|p1a: Laxus|Mold Breaker
|move|p1a: Laxus|Protect|p1a: Laxus
|-singleturn|p1a: Laxus|Protect
|move|p1b: Nacht|Ice Shard|p2b: Whimsicott
|-supereffective|p2b: Whimsicott|1
|-damage|p2b: Whimsicott|0 fnt
|faint|p2b: Whimsicott
|move|p2a: DA BRIDGE|Draco Meteor|p1a: Laxus
|-activate|p1a: Laxus|move: Protect
|
|upkeep
|
|t:|1783551522
|switch|p2b: Captain Gullet|Pelipper, L50, F|100/100
|-weather|RainDance|[from] ability: Drizzle|[of] p2b: Captain Gullet
|turn|6
|
|t:|1783551543
|move|p2b: Captain Gullet|Wide Guard|p2b: Captain Gullet
|-singleturn|p2b: Captain Gullet|Wide Guard
|move|p1a: Laxus|Thunder|p2b: Captain Gullet
|-supereffective|p2b: Captain Gullet|2
|-enditem|p2b: Captain Gullet|Focus Sash
|-damage|p2b: Captain Gullet|1/100
|move|p2a: DA BRIDGE|Draco Meteor|p1a: Laxus
|-supereffective|p1a: Laxus|1
|-damage|p1a: Laxus|0 fnt
|-unboost|p2a: DA BRIDGE|spa|2
|faint|p1a: Laxus
|move|p1b: Nacht|Knock Off|p2a: DA BRIDGE
|-crit|p2a: DA BRIDGE
|-damage|p2a: DA BRIDGE|48/100
|-ability|p2a: DA BRIDGE|Stamina|boost
|-boost|p2a: DA BRIDGE|def|1
|-enditem|p2a: DA BRIDGE|Chople Berry|[from] move: Knock Off|[of] p1b: Nacht
|
|-weather|RainDance|[upkeep]
|upkeep
|
|t:|1783551563
|switch|p1a: Hancock|Milotic, L50, M|100/100
|turn|7
|
|t:|1783551573
|move|p1b: Nacht|Ice Shard|p2b: Captain Gullet
|-damage|p2b: Captain Gullet|0 fnt
|faint|p2b: Captain Gullet
|move|p1a: Hancock|Alluring Voice|p2a: DA BRIDGE
|-damage|p2a: DA BRIDGE|24/100
|-ability|p2a: DA BRIDGE|Stamina|boost
|-boost|p2a: DA BRIDGE|def|1
|move|p2a: DA BRIDGE|Electro Shot||[still]
|-prepare|p2a: DA BRIDGE|Electro Shot
|-boost|p2a: DA BRIDGE|spa|1
|-anim|p2a: DA BRIDGE|Electro Shot|p1a: Hancock
|-supereffective|p1a: Hancock|1
|-enditem|p1a: Hancock|Wacan Berry|[eat]
|-enditem|p1a: Hancock|Wacan Berry|[weaken]
|-damage|p1a: Hancock|82/100
|
|-weather|RainDance|[upkeep]
|-fieldend|move: Trick Room
|upkeep
|turn|8
|
|t:|1783551608
|move|p1b: Nacht|Triple Axel|p2a: DA BRIDGE|[miss]
|-miss|p1b: Nacht|p2a: DA BRIDGE
|move|p2a: DA BRIDGE|Electro Shot||[still]
|-prepare|p2a: DA BRIDGE|Electro Shot
|-boost|p2a: DA BRIDGE|spa|1
|-anim|p2a: DA BRIDGE|Electro Shot|p1a: Hancock
|-supereffective|p1a: Hancock|1
|-damage|p1a: Hancock|25/100
|move|p1a: Hancock|Scald|p2a: DA BRIDGE
|-resisted|p2a: DA BRIDGE|1
|-damage|p2a: DA BRIDGE|0 fnt
|faint|p2a: DA BRIDGE
|
|win|ComicSans221
|l|☆DarkWizardMyk
|player|p2|
|l| meknomancer
|l|☆ComicSans221
|player|p1|
|l| Terrycat
