|j|☆evilmayheem
|j|☆liamj vgc!
|html|evilmayheemliamj vgc!    
|uhtml|bestof|Game 2 of a best-of-3
|t:|1782244895
|gametype|doubles
|player|p1|evilmayheem|crasherwake|1094
|player|p2|liamj vgc!|leon-tower|1147
|gen|9
|tier|[Gen 9 Champions] VGC 2026 Reg M-B (Bo3)
|rated|
|rule|Species Clause: Limit one of each Pokémon
|rule|Item Clause: Limit 1 of each item
|clearpoke
|poke|p1|Pyroar, L50, F|
|poke|p1|Sableye, L50, F|
|poke|p1|Farigiraf, L50, F|
|poke|p1|Kingambit, L50, M|
|poke|p1|Sylveon, L50, F|
|poke|p1|Scrafty, L50, M|
|poke|p2|Raichu, L50, F, shiny|
|poke|p2|Staraptor, L50, F, shiny|
|poke|p2|Swampert, L50, F, shiny|
|poke|p2|Whimsicott, L50, F, shiny|
|poke|p2|Meowscarada, L50, F, shiny|
|poke|p2|Gholdengo, L50|
|teampreview|4
|showteam|p1|Pyroar||Pyroarite|Rivalry|HeatWave,Overheat,SolarBeam,Protect|Timid||F|||50|]Sableye||RoseliBerry|Prankster|SunnyDay,LightScreen,Reflect,WillOWisp|Calm||F|||50|]Farigiraf||SitrusBerry|ArmorTail|Protect,HelpingHand,Psychic,TrickRoom|Calm||F|||50|]Kingambit||ChopleBerry|Defiant|KowtowCleave,IronHead,SuckerPunch,Protect|Adamant||M|||50|]Sylveon||FairyFeather|Pixilate|Detect,HyperVoice,QuickAttack,HyperBeam|Quiet||F|||50|]Scrafty||Scraftinite|Intimidate|FakeOut,Detect,CloseCombat,KnockOff|Brave||M|||50|
|showteam|p2|Raichu||RaichuniteY|LightningRod|ZapCannon,FocusBlast,FakeOut,Protect|Timid||F|||50|]Staraptor||Staraptite|Intimidate|CloseCombat,BraveBird,Roost,Protect|Jolly||F|||50|]Swampert||LifeOrb|Torrent|WaveCrash,HighHorsepower,IcePunch,Protect|Adamant||F|||50|]Whimsicott||FocusSash|Prankster|Moonblast,Tailwind,Encore,Charm|Timid||F|||50|]Meowscarada||ChoiceScarf|Protean|TripleAxel,FlowerTrick,LowKick,KnockOff|Jolly||F|||50|]Gholdengo||SitrusBerry|GoodasGold|MakeItRain,ShadowBall,Protect,NastyPlot|Modest|||||50|
|inactive|Battle timer is ON: inactive players will automatically lose when time's up. (requested by liamj vgc!)
|
|t:|1782244912
|teamsize|p1|4
|teamsize|p2|4
|start
|switch|p1a: Sylveon|Sylveon, L50, F|100/100
|switch|p1b: Sableye|Sableye, L50, F|100/100
|switch|p2a: Staraptor|Staraptor, L50, F, shiny|100/100
|switch|p2b: Raichu|Raichu, L50, F, shiny|100/100
|-ability|p2a: Staraptor|Intimidate|boost
|-unboost|p1a: Sylveon|atk|1
|-unboost|p1b: Sableye|atk|1
|turn|1
|inactive|evilmayheem has 30 seconds left.
|
|t:|1782244939
|detailschange|p2b: Raichu|Raichu-Mega-Y, L50, F, shiny
|-mega|p2b: Raichu|Raichu|Raichunite Y
|move|p1a: Sylveon|Detect|p1a: Sylveon
|-singleturn|p1a: Sylveon|Protect
|move|p1b: Sableye|Reflect|p1b: Sableye
|-sidestart|p1: evilmayheem|Reflect
|move|p2b: Raichu|Zap Cannon|p1a: Sylveon
|-activate|p1a: Sylveon|move: Protect
|move|p2a: Staraptor|Brave Bird|p1a: Sylveon
|-activate|p1a: Sylveon|move: Protect
|
|upkeep
|turn|2
|
|t:|1782244954
|move|p1b: Sableye|Light Screen|p1b: Sableye
|-sidestart|p1: evilmayheem|move: Light Screen
|move|p2b: Raichu|Zap Cannon|p1a: Sylveon
|-damage|p1a: Sylveon|63/100
|-status|p1a: Sylveon|par
|move|p2a: Staraptor|Brave Bird|p1a: Sylveon
|-damage|p1a: Sylveon|15/100 par
|-damage|p2a: Staraptor|80/100|[from] Recoil
|move|p1a: Sylveon|Hyper Beam|p2b: Raichu
|-damage|p2b: Raichu|0 fnt
|-mustrecharge|p1a: Sylveon
|faint|p2b: Raichu
|
|upkeep
|
|t:|1782244969
|switch|p2b: Meowscarada|Meowscarada, L50, F, shiny|100/100
|turn|3
|
|t:|1782244986
|move|p1b: Sableye|Will-O-Wisp|p2b: Meowscarada
|-hint|Since gen 7, Dark is immune to Prankster moves.
|-immune|p2b: Meowscarada
|move|p2b: Meowscarada|Flower Trick|p1b: Sableye
|-start|p2b: Meowscarada|typechange|Grass|[from] ability: Protean
|-crit|p1b: Sableye
|-damage|p1b: Sableye|35/100
|move|p2a: Staraptor|Brave Bird|p1b: Sableye
|-damage|p1b: Sableye|0 fnt
|faint|p1b: Sableye
|-damage|p2a: Staraptor|68/100|[from] Recoil
|cant|p1a: Sylveon|recharge
|
|upkeep
|
|t:|1782245006
|switch|p1b: Pyroar|Pyroar, L50, F|100/100
|turn|4
|
|t:|1782245017
|switch|p2b: Swampert|Swampert, L50, F, shiny|100/100
|detailschange|p1b: Pyroar|Pyroar-Mega, L50, F
|-mega|p1b: Pyroar|Pyroar|Pyroarite
|cant|p1a: Sylveon|par
|move|p1b: Pyroar|Heat Wave|p2b: Swampert|[spread] p2a,p2b
|-resisted|p2b: Swampert|1
|-damage|p2a: Staraptor|0 fnt
|-damage|p2b: Swampert|75/100
|-status|p2b: Swampert|brn
|faint|p2a: Staraptor
|
|-damage|p2b: Swampert|70/100 brn|[from] brn
|upkeep
|
|t:|1782245025
|switch|p2a: Meowscarada|Meowscarada, L50, F, shiny|100/100
|turn|5
|
|t:|1782245040
|move|p2a: Meowscarada|Low Kick|p1b: Pyroar
|-start|p2a: Meowscarada|typechange|Fighting|[from] ability: Protean
|-supereffective|p1b: Pyroar|1
|-damage|p1b: Pyroar|46/100
|move|p1b: Pyroar|Heat Wave|p2a: Meowscarada|[spread] p2a,p2b
|-resisted|p2b: Swampert|1
|-damage|p2a: Meowscarada|7/100
|-damage|p2b: Swampert|42/100 brn
|move|p2b: Swampert|Wave Crash|p1b: Pyroar
|-supereffective|p1b: Pyroar|1
|-damage|p1b: Pyroar|0 fnt
|faint|p1b: Pyroar
|-damage|p2b: Swampert|29/100 brn|[from] Recoil
|-damage|p2b: Swampert|20/100y brn|[from] item: Life Orb
|move|p1a: Sylveon|Hyper Voice|p2b: Swampert|[spread] p2a,p2b
|-supereffective|p2a: Meowscarada|1
|-damage|p2a: Meowscarada|0 fnt
|-damage|p2b: Swampert|0 fnt
|faint|p2a: Meowscarada
|faint|p2b: Swampert
|
|win|evilmayheem
|raw|evilmayheem's rating: 1094 → 1122(+28 for winning)
|raw|liamj vgc!'s rating: 1119 → 1092(-27 for losing)
|l|☆liamj vgc!
|player|p2|
