|j|☆ronansting
|j|☆fortree21utube
|html|ronanstingfortree21utube    
|uhtml|bestof|Game 2 of a best-of-3
|t:|1756229959
|gametype|doubles
|player|p1|ronansting|baker|1370
|player|p2|fortree21utube|101|1372
|gen|9
|tier|[Gen 9] VGC 2025 Reg H (Bo3)
|rated|
|rule|Species Clause: Limit one of each Pokémon
|rule|Item Clause: Limit 1 of each item
|clearpoke
|poke|p1|Archaludon, L50, F|
|poke|p1|Pelipper, L50, M|
|poke|p1|Indeedee, L50, M|
|poke|p1|Amoonguss, L50, F|
|poke|p1|Basculegion, L50, M|
|poke|p1|Hydreigon, L50, F|
|poke|p2|Typhlosion-Hisui, L50, F|
|poke|p2|Weezing-Galar, L50, M|
|poke|p2|Toedscruel, L50, F|
|poke|p2|Corviknight, L50, M|
|poke|p2|Garchomp, L50, M|
|poke|p2|Dragonite, L50, M|
|teampreview|4
|showteam|p1|Archaludon||AssaultVest|Stamina|ElectroShot,DracoMeteor,BodyPress,FlashCannon|||F|||50|,,,,,Grass]Pelipper||FocusSash|Drizzle|WeatherBall,Hurricane,Tailwind,Protect|||M|||50|,,,,,Ghost]Indeedee||ChoiceScarf|PsychicSurge|ExpandingForce,TeraBlast,Trick,DazzlingGleam|||M|||50|,,,,,Ground]Amoonguss||SitrusBerry|Regenerator|Spore,SludgeBomb,Protect,RagePowder|||F|||50|,,,,,Water]Basculegion||ChoiceBand|SwiftSwim|FlipTurn,WaveCrash,LastRespects,AquaJet|||M|||50|,,,,,Poison]Hydreigon||CovertCloak|Levitate|Taunt,Snarl,DracoMeteor,EarthPower|||F|||50|,,,,,Fairy
|showteam|p2|Typhlosion-Hisui||ChoiceScarf|Frisk|Eruption,HeatWave,ShadowBall,SleepTalk|||F|||50|,,,,,Fire]Weezing-Galar||ChoiceSpecs|NeutralizingGas|StrangeSteam,DazzlingGleam,SludgeBomb,Flamethrower|||M|||50|,,,,,Flying]Toedscruel||CovertCloak|MyceliumMight|EarthPower,AcidSpray,Spore,RagePowder|||F|||50|,,,,,Water]Corviknight||SitrusBerry|MirrorArmor|BraveBird,Tailwind,Roost,Protect|||M|||50|,,,,,Dragon]Garchomp||LifeOrb|RoughSkin|Earthquake,StompingTantrum,DragonClaw,Protect|||M|||50|,,,,,Ground]Dragonite||LoadedDice|Multiscale|ScaleShot,ExtremeSpeed,Haze,Protect|||M|||50|,,,,,Fairy
|
|t:|1756230002
|teamsize|p1|4
|teamsize|p2|4
|start
|switch|p1a: Goodee|Indeedee, L50, M|100/100
|switch|p1b: Schmooner|Amoonguss, L50, F|100/100
|switch|p2a: Weezing|Weezing-Galar, L50, M|100/100
|switch|p2b: Typhlosion|Typhlosion-Hisui, L50, F|100/100
|-ability|p2a: Weezing|Neutralizing Gas
|turn|1
|inactive|Battle timer is ON: inactive players will automatically lose when time's up. (requested by fortree21utube)
|
|t:|1756230054
|-terastallize|p2a: Weezing|Flying
|-terastallize|p1b: Schmooner|Water
|move|p1a: Goodee|Expanding Force|p2b: Typhlosion
|-damage|p2b: Typhlosion|52/100
|move|p2b: Typhlosion|Heat Wave|p1b: Schmooner|[spread] p1a,p1b
|-resisted|p1b: Schmooner
|-damage|p1a: Goodee|49/100
|-damage|p1b: Schmooner|86/100
|move|p2a: Weezing|Dazzling Gleam|p1a: Goodee|[spread] p1a,p1b
|-damage|p1a: Goodee|0 fnt
|-damage|p1b: Schmooner|58/100
|faint|p1a: Goodee
|move|p1b: Schmooner|Spore|p2a: Weezing
|-status|p2a: Weezing|slp|[from] move: Spore
|
|upkeep
|
|t:|1756230069
|switch|p1a: Arching|Archaludon, L50, F|100/100
|turn|2
|
|t:|1756230077
|move|p2b: Typhlosion|Heat Wave|p1b: Schmooner|[spread] p1a,p1b
|-resisted|p1b: Schmooner
|-crit|p1b: Schmooner
|-damage|p1a: Arching|79/100
|-damage|p1b: Schmooner|36/100
|-enditem|p1b: Schmooner|Sitrus Berry|[eat]
|-heal|p1b: Schmooner|61/100|[from] item: Sitrus Berry
|move|p1a: Arching|Flash Cannon|p2a: Weezing
|-damage|p2a: Weezing|54/100 slp
|cant|p2a: Weezing|slp
|move|p1b: Schmooner|Spore|p2b: Typhlosion
|-status|p2b: Typhlosion|slp|[from] move: Spore
|
|upkeep
|turn|3
|
|t:|1756230100
|cant|p2b: Typhlosion|slp
|move|p1a: Arching|Flash Cannon|p2a: Weezing
|-damage|p2a: Weezing|7/100 slp
|cant|p2a: Weezing|slp
|move|p1b: Schmooner|Sludge Bomb|p2a: Weezing
|-damage|p2a: Weezing|0 fnt
|faint|p2a: Weezing
|-end|p2a: Weezing|ability: Neutralizing Gas
|-item|p1a: Arching|Assault Vest|[from] ability: Frisk|[of] p2b: Typhlosion
|
|upkeep
|
|t:|1756230116
|switch|p2a: Dragonite|Dragonite, L50, M|100/100
|turn|4
|
|t:|1756230122
|switch|p1b: Smellypper|Pelipper, L50, M|100/100
|-weather|RainDance|[from] ability: Drizzle|[of] p1b: Smellypper
|cant|p2b: Typhlosion|slp
|move|p2a: Dragonite|Scale Shot|p1b: Smellypper|[miss]
|-miss|p2a: Dragonite|p1b: Smellypper
|move|p1a: Arching|Electro Shot||[still]
|-prepare|p1a: Arching|Electro Shot
|-boost|p1a: Arching|spa|1
|-anim|p1a: Arching|Electro Shot|p2b: Typhlosion
|-damage|p2b: Typhlosion|0 fnt
|faint|p2b: Typhlosion
|
|-weather|RainDance|[upkeep]
|upkeep
|c|☆ronansting|so sorry for that dude
|
|t:|1756230136
|switch|p2b: Garchomp|Garchomp, L50, M|100/100
|turn|5
|c|☆fortree21utube|all good
|
|t:|1756230155
|switch|p1a: Schmooner|Amoonguss, L50, F, tera:Water|94/100
|move|p2b: Garchomp|Earthquake|p1a: Schmooner|[spread] p1a
|-immune|p2a: Dragonite
|-immune|p1b: Smellypper
|-damage|p1a: Schmooner|52/100
|-damage|p2b: Garchomp|91/100|[from] item: Life Orb
|move|p2a: Dragonite|Scale Shot|p1b: Smellypper
|-damage|p1b: Smellypper|80/100
|-damage|p1b: Smellypper|59/100
|-damage|p1b: Smellypper|39/100
|-damage|p1b: Smellypper|18/100
|-damage|p1b: Smellypper|0 fnt
|faint|p1b: Smellypper
|-hitcount|p1: Smellypper|5
|-unboost|p2a: Dragonite|def|1
|-boost|p2a: Dragonite|spe|1
|
|-weather|RainDance|[upkeep]
|upkeep
|c|☆fortree21utube|part of the game
|
|t:|1756230170
|switch|p1b: Arching|Archaludon, L50, F|79/100
|turn|6
|
|t:|1756230183
|move|p1a: Schmooner|Rage Powder|p1a: Schmooner
|-singleturn|p1a: Schmooner|move: Rage Powder
|move|p2a: Dragonite|Scale Shot|p1a: Schmooner
|-damage|p1a: Schmooner|39/100
|-damage|p1a: Schmooner|26/100
|-damage|p1a: Schmooner|13/100
|-damage|p1a: Schmooner|1/100
|-damage|p1a: Schmooner|0 fnt
|faint|p1a: Schmooner
|-hitcount|p1: Schmooner|5
|-unboost|p2a: Dragonite|def|1
|-boost|p2a: Dragonite|spe|1
|move|p2b: Garchomp|Earthquake|p1b: Arching|[spread] p1b
|-immune|p2a: Dragonite
|-supereffective|p1b: Arching
|-damage|p1b: Arching|8/100
|-ability|p1b: Arching|Stamina|boost
|-boost|p1b: Arching|def|1
|-damage|p2b: Garchomp|81/100|[from] item: Life Orb
|move|p1b: Arching|Draco Meteor|p2b: Garchomp
|-supereffective|p2b: Garchomp
|-damage|p2b: Garchomp|0 fnt
|-unboost|p1b: Arching|spa|2
|faint|p2b: Garchomp
|
|-weather|RainDance|[upkeep]
|upkeep
|turn|7
|
|t:|1756230206
|move|p2a: Dragonite|Scale Shot|p1b: Arching
|-damage|p1b: Arching|0 fnt
|faint|p1b: Arching
|-hitcount|p1: Arching|1
|
|win|fortree21utube
||ronansting is ready for game 3.
|l|☆fortree21utube
|player|p2|
||fortree21utube is ready for game 3.
|uhtml|next|Next: Game 3 of 3
|j|☆fortree21utube
|player|p2|fortree21utube|101|
