|j|☆Doomnik
|j|☆memaybeo1324
|html|Doomnikmemaybeo1324    
|uhtml|bestof|Game 2 of a best-of-3
|t:|1782539417
|gametype|doubles
|player|p1|Doomnik|volkner|1149
|player|p2|memaybeo1324|2|1002
|gen|9
|tier|[Gen 9 Champions] VGC 2026 Reg M-B (Bo3)
|rated|
|rule|Species Clause: Limit one of each Pokémon
|rule|Item Clause: Limit 1 of each item
|clearpoke
|poke|p1|Hydreigon, L50, F|
|poke|p1|Metagross, L50|
|poke|p1|Garchomp, L50, F|
|poke|p1|Grimmsnarl, L50, M|
|poke|p1|Toxapex, L50, F|
|poke|p1|Charizard, L50, M, shiny|
|poke|p2|Talonflame, L50, F|
|poke|p2|Lucario, L50, M|
|poke|p2|Maushold, L50|
|poke|p2|Sinistcha-Masterpiece, L50|
|poke|p2|Malamar, L50, M|
|poke|p2|Garchomp, L50, F|
|teampreview|4
|showteam|p1|Hydreigon||ChoiceScarf|Levitate|HeatWave,DarkPulse,Snarl,DracoMeteor|Modest||F|||50|]Metagross||Metagrossite|ClearBody|IronHead,BodyPress,BulletPunch,Protect|Adamant|||||50|]Garchomp||SitrusBerry|RoughSkin|Earthquake,DragonClaw,RockSlide,Protect|Adamant||F|||50|]Grimmsnarl||RoseliBerry|Prankster|PartingShot,Reflect,FakeOut,FoulPlay|Bold||M|||50|]Toxapex||Leftovers|Regenerator|Infestation,BanefulBunker,Toxic,WideGuard|Bold||F|||50|]Charizard||CharizarditeY|Blaze|WeatherBall,Protect,SolarBeam,HeatWave|Modest||M|||50|
|showteam|p2|Talonflame||FocusSash|GaleWings|Tailwind,FlareBlitz,Roost,BraveBird|Jolly||F|||50|]Lucario||Lucarionite|Justified|CloseCombat,MeteorMash,Endure,Protect|Adamant||M|||50|]Maushold||ChopleBerry|FriendGuard|BeatUp,Uturn,FollowMe,SuperFang|Jolly|||||50|]Sinistcha-Masterpiece||SitrusBerry|Hospitality|TrickRoom,MatchaGotcha,LifeDew,RagePowder|Bold|||||50|]Malamar||RoseliBerry|Contrary|TopsyTurvy,Superpower,KnockOff,BatonPass|Impish||M|||50|]Garchomp||LifeOrb|RoughSkin|Earthquake,RockSlide,DragonClaw,PoisonJab|Adamant||F|||50|
|inactive|Battle timer is ON: inactive players will automatically lose when time's up. (requested by Doomnik)
|inactive|memaybeo1324 also wants the timer to be on.
|
|t:|1782539435
|teamsize|p1|4
|teamsize|p2|4
|start
|switch|p1a: Grimmsnarl|Grimmsnarl, L50, M|100/100
|switch|p1b: Charizard|Charizard, L50, M, shiny|100/100
|switch|p2a: Garchomp|Garchomp, L50, F|100/100
|switch|p2b: Talonflame|Talonflame, L50, F|100/100
|turn|1
|
|t:|1782539452
|switch|p1b: Toxapex|Toxapex, L50, F|100/100
|move|p1a: Grimmsnarl|Fake Out|p2a: Garchomp
|-damage|p2a: Garchomp|90/100
|-damage|p1a: Grimmsnarl|87/100|[from] ability: Rough Skin|[of] p2a: Garchomp
|move|p2b: Talonflame|Tailwind|p2b: Talonflame
|-sidestart|p2: memaybeo1324|move: Tailwind
|cant|p2a: Garchomp|flinch
|
|upkeep
|turn|2
|
|t:|1782539468
|move|p2b: Talonflame|Brave Bird|p1a: Grimmsnarl
|-damage|p1a: Grimmsnarl|46/100
|-damage|p2b: Talonflame|82/100|[from] Recoil
|move|p1a: Grimmsnarl|Reflect|p1a: Grimmsnarl
|-sidestart|p1: Doomnik|Reflect
|move|p2a: Garchomp|Earthquake|p1b: Toxapex|[spread] p1a,p1b
|-immune|p2b: Talonflame
|-supereffective|p1b: Toxapex|1
|-damage|p1a: Grimmsnarl|11/100
|-damage|p1b: Toxapex|50/100g
|-damage|p2a: Garchomp|80/100|[from] item: Life Orb
|move|p1b: Toxapex|Toxic|p2a: Garchomp
|-status|p2a: Garchomp|tox
|
|-heal|p1b: Toxapex|56/100|[from] item: Leftovers
|-damage|p2a: Garchomp|74/100 tox|[from] psn
|upkeep
|turn|3
|
|t:|1782539486
|move|p1b: Toxapex|Baneful Bunker|p1b: Toxapex
|-singleturn|p1b: Toxapex|move: Protect
|move|p1a: Grimmsnarl|Parting Shot|p2a: Garchomp
|-unboost|p2a: Garchomp|atk|1
|-unboost|p2a: Garchomp|spa|1
|
|t:|1782539492
|switch|p1a: Hydreigon|Hydreigon, L50, F|100/100|[from] Parting Shot
|move|p2b: Talonflame|Brave Bird|p1b: Toxapex
|-activate|p1b: Toxapex|move: Protect
|-status|p2b: Talonflame|psn
|move|p2a: Garchomp|Earthquake|p1b: Toxapex|[spread] 
|-activate|p1b: Toxapex|move: Protect
|-immune|p2b: Talonflame
|-immune|p1a: Hydreigon|[from] ability: Levitate
|
|-heal|p1b: Toxapex|61/100|[from] item: Leftovers
|-damage|p2b: Talonflame|70/100 psn|[from] psn
|-damage|p2a: Garchomp|62/100 tox|[from] psn
|upkeep
|turn|4
|
|t:|1782539513
|switch|p2b: Malamar|Malamar, L50, M|100/100
|switch|p2a: Lucario|Lucario, L50, M|100/100
|move|p1a: Hydreigon|Dark Pulse|p2a: Lucario
|-resisted|p2a: Lucario|1
|-damage|p2a: Lucario|62/100
|-ability|p2a: Lucario|Justified|boost
|-boost|p2a: Lucario|atk|1
|move|p1b: Toxapex|Infestation|p2b: Malamar
|-supereffective|p2b: Malamar|2
|-damage|p2b: Malamar|86/100
|-activate|p2b: Malamar|move: Infestation|[of] p1b: Toxapex
|
|-heal|p1b: Toxapex|67/100|[from] item: Leftovers
|-damage|p2b: Malamar|73/100|[from] move: Infestation|[partiallytrapped]
|-sideend|p2: memaybeo1324|move: Tailwind
|upkeep
|turn|5
|inactive|memaybeo1324 has 30 seconds left.
|
|t:|1782539542
|switch|p1a: Charizard|Charizard, L50, M, shiny|100/100
|detailschange|p2a: Lucario|Lucario-Mega, L50, M
|-mega|p2a: Lucario|Lucario|Lucarionite
|move|p2a: Lucario|Close Combat|p1a: Charizard
|-resisted|p1a: Charizard|1
|-crit|p1a: Charizard
|-damage|p1a: Charizard|0 fnt
|-unboost|p2a: Lucario|def|1
|-unboost|p2a: Lucario|spd|1
|faint|p1a: Charizard
|move|p2b: Malamar|Knock Off|p1b: Toxapex
|-damage|p1b: Toxapex|54/100
|-enditem|p1b: Toxapex|Leftovers|[from] move: Knock Off|[of] p2b: Malamar
|move|p1b: Toxapex|Toxic|p2b: Malamar
|-status|p2b: Malamar|tox
|
|-damage|p2b: Malamar|68/100 tox|[from] psn
|-damage|p2b: Malamar|56/100 tox|[from] move: Infestation|[partiallytrapped]
|upkeep
|
|t:|1782539548
|switch|p1a: Hydreigon|Hydreigon, L50, F|100/100
|turn|6
|
|t:|1782539569
|move|p1b: Toxapex|Baneful Bunker|p1b: Toxapex
|-singleturn|p1b: Toxapex|move: Protect
|move|p1a: Hydreigon|Heat Wave|p2a: Lucario|[spread] p2a,p2b
|-supereffective|p2a: Lucario|1
|-crit|p2a: Lucario
|-damage|p2a: Lucario|0 fnt
|-damage|p2b: Malamar|28/100 tox
|faint|p2a: Lucario
|move|p2b: Malamar|Superpower|p1a: Hydreigon
|-supereffective|p1a: Hydreigon|1
|-damage|p1a: Hydreigon|59/100
|-boost|p2b: Malamar|atk|1
|-boost|p2b: Malamar|def|1
|
|-damage|p2b: Malamar|17/100 tox|[from] psn
|-damage|p2b: Malamar|5/100 tox|[from] move: Infestation|[partiallytrapped]
|-sideend|p1: Doomnik|Reflect
|upkeep
|
|t:|1782539578
|switch|p2a: Talonflame|Talonflame, L50, F|70/100 psn
|turn|7
|
|t:|1782539589
|move|p1a: Hydreigon|Heat Wave|p2a: Talonflame|[spread] p2a,p2b
|-resisted|p2a: Talonflame|1
|-damage|p2a: Talonflame|52/100 psn
|-damage|p2b: Malamar|0 fnt
|faint|p2b: Malamar
|move|p2a: Talonflame|Tailwind|p2a: Talonflame
|-sidestart|p2: memaybeo1324|move: Tailwind
|move|p1b: Toxapex|Infestation|p2a: Talonflame
|-resisted|p2a: Talonflame|2
|-damage|p2a: Talonflame|50/100g psn
|-activate|p2a: Talonflame|move: Infestation|[of] p1b: Toxapex
|
|-damage|p2a: Talonflame|38/100 psn|[from] psn
|-damage|p2a: Talonflame|26/100 psn|[from] move: Infestation|[partiallytrapped]
|upkeep
|
|t:|1782539594
|switch|p2b: Garchomp|Garchomp, L50, F|62/100 tox
|turn|8
|inactive|Doomnik has 30 seconds left.
|
|t:|1782539626
|move|p1b: Toxapex|Baneful Bunker|p1b: Toxapex
|-singleturn|p1b: Toxapex|move: Protect
|move|p2a: Talonflame|Roost|p2a: Talonflame
|-heal|p2a: Talonflame|76/100 psn
|-singleturn|p2a: Talonflame|move: Roost
|move|p2b: Garchomp|Earthquake|p1b: Toxapex|[spread] p2a
|-activate|p1b: Toxapex|move: Protect
|-immune|p1a: Hydreigon|[from] ability: Levitate
|-supereffective|p2a: Talonflame|1
|-damage|p2a: Talonflame|0 fnt
|faint|p2a: Talonflame
|-damage|p2b: Garchomp|52/100 tox|[from] item: Life Orb
|move|p1a: Hydreigon|Heat Wave|p2b: Garchomp
|-resisted|p2b: Garchomp|1
|-damage|p2b: Garchomp|34/100 tox
|
|-damage|p2b: Garchomp|28/100 tox|[from] psn
|upkeep
|turn|9
|-message|memaybeo1324 forfeited.
|
|win|Doomnik
|raw|Doomnik's rating: 1149 → 1164(+15 for winning)
|raw|memaybeo1324's rating: 1002 → 1000(-2 for losing)
|l|☆memaybeo1324
|player|p2|
