|j|☆miwabeast
|j|☆PagaPepsi16
|html|miwabeastPagaPepsi16    
|uhtml|bestof|Game 2 of a best-of-3
|t:|1785387728
|gametype|doubles
|player|p1|miwabeast|170|1114
|player|p2|PagaPepsi16|cynthia-gen4|1043
|gen|9
|tier|[Gen 9 Champions] VGC 2026 Reg M-B (Bo3)
|rated|
|rule|Species Clause: Limit one of each Pokémon
|rule|Item Clause: Limit 1 of each item
|clearpoke
|poke|p1|Toxapex, L50, M|
|poke|p1|Incineroar, L50, M|
|poke|p1|Gengar, L50, F|
|poke|p1|Garchomp, L50, M|
|poke|p1|Milotic, L50, M|
|poke|p1|Aggron, L50, M|
|poke|p2|Eelektross, L50, M|
|poke|p2|Garchomp, L50, M|
|poke|p2|Farigiraf, L50, F|
|poke|p2|Espathra, L50, M|
|poke|p2|Sableye, L50, M|
|poke|p2|Talonflame, L50, F|
|teampreview|4
|showteam|p1|Toxapex||Leftovers|Regenerator|BanefulBunker,Infestation,Toxic,WideGuard|Bold||M|||50|]Incineroar||BrightPowder|Intimidate|PartingShot,FakeOut,Protect,BrickBreak|Impish||M|||50|]Gengar||Gengarite|CursedBody|PerishSong,ShadowBall,SludgeWave,Protect|Modest||F|||50|]Garchomp||ExpertBelt|SandVeil|RockSlide,Earthquake,Protect,DragonClaw|Serious||M|||50|]Milotic||ShellBell|Competitive|LifeDew,Coil,IcyWind,Scald|Quiet||M|||50|]Aggron||Aggronite|Sturdy|BodyPress,RockSlide,Protect,IronHead|Impish||M|||50|
|showteam|p2|Eelektross||Eelektrossite|Levitate|Flamethrower,GigaDrain,Thunderbolt,Protect|Modest||M|||50|]Garchomp||LifeOrb|RoughSkin|Earthquake,DragonClaw,RockSlide,Protect|Jolly||M|||50|]Farigiraf||SitrusBerry|ArmorTail|Psychic,AllySwitch,TrickRoom,HelpingHand|Bold||F|||50|]Espathra||ColburBerry|SpeedBoost|LuminaCrash,Protect,CalmMind,BatonPass|Modest||M|||50|]Sableye||FocusBand|Prankster|FakeOut,Encore,Disable,WillOWisp|Impish||M|||50|]Talonflame||FocusSash|GaleWings|DualWingbeat,FlareBlitz,Tailwind,Protect|Jolly||F|||50|
|
|t:|1785387775
|teamsize|p1|4
|teamsize|p2|4
|start
|switch|p1a: Toxapex|Toxapex, L50, M|100/100
|switch|p1b: Gengar|Gengar, L50, F|100/100
|switch|p2a: Sableye|Sableye, L50, M|100/100
|switch|p2b: Espathra|Espathra, L50, M|100/100
|turn|1
|
|t:|1785387796
|detailschange|p1b: Gengar|Gengar-Mega, L50, F
|-mega|p1b: Gengar|Gengar|Gengarite
|move|p2b: Espathra|Protect|p2b: Espathra
|-singleturn|p2b: Espathra|Protect
|move|p2a: Sableye|Fake Out|p1a: Toxapex
|-damage|p1a: Toxapex|94/100
|move|p1b: Gengar|Shadow Ball|p2b: Espathra
|-activate|p2b: Espathra|move: Protect
|cant|p1a: Toxapex|flinch
|
|-heal|p1a: Toxapex|100/100|[from] item: Leftovers
|-ability|p2b: Espathra|Speed Boost|boost
|-boost|p2b: Espathra|spe|1
|upkeep
|turn|2
|
|t:|1785387815
|move|p2a: Sableye|Disable|p1b: Gengar
|-start|p1b: Gengar|Disable|Shadow Ball
|move|p2b: Espathra|Calm Mind|p2b: Espathra
|-boost|p2b: Espathra|spa|1
|-boost|p2b: Espathra|spd|1
|cant|p1b: Gengar|Disable|Shadow Ball
|move|p1a: Toxapex|Toxic|p2a: Sableye
|-status|p2a: Sableye|tox
|
|-damage|p2a: Sableye|94/100 tox|[from] psn
|-ability|p2b: Espathra|Speed Boost|boost
|-boost|p2b: Espathra|spe|1
|upkeep
|turn|3
|
|t:|1785387845
|move|p2a: Sableye|Will-O-Wisp|p1a: Toxapex
|-status|p1a: Toxapex|brn
|move|p2b: Espathra|Lumina Crash|p1b: Gengar
|-supereffective|p1b: Gengar|1
|-damage|p1b: Gengar|0 fnt
|faint|p1b: Gengar
|move|p1a: Toxapex|Toxic|p2b: Espathra
|-status|p2b: Espathra|tox
|
|-damage|p2b: Espathra|94/100 tox|[from] psn
|-damage|p2a: Sableye|82/100 tox|[from] psn
|-damage|p1a: Toxapex|94/100 brn|[from] brn
|-ability|p2b: Espathra|Speed Boost|boost
|-boost|p2b: Espathra|spe|1
|upkeep
|
|t:|1785387863
|switch|p1b: Incineroar|Incineroar, L50, M|100/100
|-ability|p1b: Incineroar|Intimidate|boost
|-unboost|p2a: Sableye|atk|1
|-unboost|p2b: Espathra|atk|1
|turn|4
|
|t:|1785387871
|move|p2b: Espathra|Protect|p2b: Espathra
|-singleturn|p2b: Espathra|Protect
|move|p1a: Toxapex|Baneful Bunker|p1a: Toxapex
|-singleturn|p1a: Toxapex|move: Protect
|move|p1b: Incineroar|Fake Out|p2b: Espathra
|-activate|p2b: Espathra|move: Protect
|move|p2a: Sableye|Encore|p1a: Toxapex
|-activate|p1a: Toxapex|move: Protect
|
|-heal|p1a: Toxapex|100/100 brn|[from] item: Leftovers
|-damage|p2b: Espathra|82/100 tox|[from] psn
|-damage|p2a: Sableye|65/100 tox|[from] psn
|-damage|p1a: Toxapex|94/100 brn|[from] brn
|-ability|p2b: Espathra|Speed Boost|boost
|-boost|p2b: Espathra|spe|1
|upkeep
|turn|5
|
|t:|1785387899
|move|p2a: Sableye|Encore|p1b: Incineroar
|-hint|Since gen 7, Dark is immune to Prankster moves.
|-immune|p1b: Incineroar
|move|p2b: Espathra|Lumina Crash|p1a: Toxapex
|-supereffective|p1a: Toxapex|1
|-damage|p1a: Toxapex|10/100 brn
|-unboost|p1a: Toxapex|spd|2
|move|p1b: Incineroar|Parting Shot|p2b: Espathra
|-unboost|p2b: Espathra|atk|1
|-unboost|p2b: Espathra|spa|1
|
|t:|1785387911
|switch|p1b: Milotic|Milotic, L50, M|100/100|[from] Parting Shot
|move|p1a: Toxapex|Infestation|p2b: Espathra
|-supereffective|p2b: Espathra|1
|-damage|p2b: Espathra|76/100 tox
|-activate|p2b: Espathra|move: Infestation|[of] p1a: Toxapex
|
|-heal|p1a: Toxapex|15/100 brn|[from] item: Leftovers
|-damage|p2b: Espathra|58/100 tox|[from] psn
|-damage|p2a: Sableye|42/100 tox|[from] psn
|-damage|p1a: Toxapex|10/100 brn|[from] brn
|-damage|p2b: Espathra|46/100 tox|[from] move: Infestation|[partiallytrapped]
|-ability|p2b: Espathra|Speed Boost|boost
|-boost|p2b: Espathra|spe|1
|upkeep
|turn|6
|
|t:|1785387943
|move|p1a: Toxapex|Baneful Bunker|p1a: Toxapex
|-singleturn|p1a: Toxapex|move: Protect
|move|p2a: Sableye|Will-O-Wisp|p1b: Milotic
|-status|p1b: Milotic|brn
|move|p2b: Espathra|Lumina Crash|p1b: Milotic
|-damage|p1b: Milotic|77/100 brn
|-unboost|p1b: Milotic|spd|2
|-ability|p1b: Milotic|Competitive|boost
|-boost|p1b: Milotic|spa|2
|move|p1b: Milotic|Icy Wind|p2a: Sableye|[spread] p2a,p2b
|-damage|p2a: Sableye|14/100 tox
|-damage|p2b: Espathra|28/100 tox
|-unboost|p2a: Sableye|spe|1
|-unboost|p2b: Espathra|spe|1
|-heal|p1b: Milotic|81/100 brn|[from] item: Shell Bell|[of] p2b: Espathra
|
|-heal|p1a: Toxapex|15/100 brn|[from] item: Leftovers
|-damage|p2b: Espathra|4/100 tox|[from] psn
|-damage|p2a: Sableye|0 fnt|[from] psn
|faint|p2a: Sableye
|-damage|p1b: Milotic|75/100 brn|[from] brn
|-damage|p1a: Toxapex|10/100 brn|[from] brn
|-damage|p2b: Espathra|0 fnt|[from] move: Infestation|[partiallytrapped]
|faint|p2b: Espathra
|upkeep
|
|t:|1785387949
|switch|p2b: Garchomp|Garchomp, L50, M|100/100
|switch|p2a: Eelektross|Eelektross, L50, M|100/100
|turn|7
|
|t:|1785387985
|-heal|p1a: Toxapex|43/100 brn|[from] ability: Regenerator|[silent]
|switch|p1a: Incineroar|Incineroar, L50, M|100/100
|-ability|p1a: Incineroar|Intimidate|boost
|-unboost|p2a: Eelektross|atk|1
|-unboost|p2b: Garchomp|atk|1
|detailschange|p2a: Eelektross|Eelektross-Mega, L50, M
|-mega|p2a: Eelektross|Eelektross|Eelektrossite
|move|p2b: Garchomp|Earthquake|p1b: Milotic|[spread] p1b
|-immune|p2a: Eelektross|[from] ability: Eelevate
|-miss|p2b: Garchomp|p1a: Incineroar
|-damage|p1b: Milotic|44/100 brn
|-damage|p2b: Garchomp|90/100|[from] item: Life Orb
|move|p2a: Eelektross|Thunderbolt|p1b: Milotic
|-supereffective|p1b: Milotic|1
|-crit|p1b: Milotic
|-damage|p1b: Milotic|0 fnt
|faint|p1b: Milotic
|-ability|p2a: Eelektross|Eelevate|boost
|-boost|p2a: Eelektross|spa|1
|
|upkeep
|
|t:|1785388005
|switch|p1b: Toxapex|Toxapex, L50, M|43/100 brn
|turn|8
|
|t:|1785388022
|move|p1a: Incineroar|Fake Out|p2b: Garchomp
|-damage|p2b: Garchomp|79/100
|-damage|p1a: Incineroar|87/100|[from] ability: Rough Skin|[of] p2b: Garchomp
|cant|p2b: Garchomp|flinch
|move|p2a: Eelektross|Thunderbolt|p1b: Toxapex
|-supereffective|p1b: Toxapex|1
|-damage|p1b: Toxapex|0 fnt
|faint|p1b: Toxapex
|-ability|p2a: Eelektross|Eelevate|boost
|-boost|p2a: Eelektross|spa|1
|
|upkeep
|turn|9
|c|☆PagaPepsi16|GG
|
|t:|1785388036
|move|p2b: Garchomp|Earthquake|p1a: Incineroar|[spread] 
|-immune|p2a: Eelektross|[from] ability: Eelevate
|-miss|p2b: Garchomp|p1a: Incineroar
|move|p2a: Eelektross|Thunderbolt|p1a: Incineroar
|-damage|p1a: Incineroar|0 fnt
|faint|p1a: Incineroar
|
|win|PagaPepsi16
|raw|miwabeast's rating: 1114 → 1084(-30 for losing)
|raw|PagaPepsi16's rating: 1043 → 1083(+40 for winning)
|l|☆miwabeast
|player|p1|
