|j|☆S.Ulisses
|j|☆toxiccroc12
|html|S.Ulissestoxiccroc12    
|uhtml|bestof|Game 2 of a best-of-3
|t:|1783881565
|gametype|doubles
|player|p1|S.Ulisses|265|1002
|player|p2|toxiccroc12|2|1099
|gen|9
|tier|[Gen 9 Champions] VGC 2026 Reg M-B (Bo3)
|rated|
|rule|Species Clause: Limit one of each Pokémon
|rule|Item Clause: Limit 1 of each item
|clearpoke
|poke|p1|Aerodactyl, L50, F|
|poke|p1|Incineroar, L50, F|
|poke|p1|Dragapult, L50, F, shiny|
|poke|p1|Froslass, L50, F|
|poke|p1|Rotom-Mow, L50|
|poke|p1|Basculegion-F, L50, F|
|poke|p2|Floette-Eternal, L50, F|
|poke|p2|Incineroar, L50, F|
|poke|p2|Sinistcha, L50|
|poke|p2|Delphox, L50, M|
|poke|p2|Sneasler, L50, M|
|poke|p2|Kingambit, L50, F|
|teampreview|4
|showteam|p1|Aerodactyl||FocusSash|Unnerve|Tailwind,Protect,RockSlide,Crunch|Jolly||F|||50|]Incineroar||MentalHerb|Intimidate|Taunt,DarkestLariat,PartingShot,TemperFlare|Relaxed||F|||50|]Dragapult||Leftovers|ClearBody|SuckerPunch,PhantomForce,DragonClaw,Protect|Hasty||F|||50|]Froslass||Froslassite|CursedBody|AuroraVeil,Blizzard,Thunder,Protect|Hasty||F|||50|]Rotom-Mow||QuickClaw|Levitate|ThunderWave,Protect,Thunderbolt,DarkPulse|Timid|||||50|]Basculegion-F||ExpertBelt|SwiftSwim|Blizzard,ShadowBall,Surf,Protect|Timid||F|||50|
|showteam|p2|Floette-Eternal||Floettite|FlowerVeil|DazzlingGleam,DrainingKiss,CalmMind,Protect|Modest||F|||50|]Incineroar||SitrusBerry|Intimidate|FlareBlitz,FakeOut,PartingShot,HelpingHand|Impish||F|||50|]Sinistcha||OccaBerry|Hospitality|MatchaGotcha,RagePowder,TrickRoom,Protect|Relaxed|||||50|]Delphox||Delphoxite|Blaze|HeatWave,Psyshock,NastyPlot,Protect|Timid||M|||50|]Sneasler||FocusSash|PoisonTouch|PoisonJab,CloseCombat,FakeOut,QuickGuard|Jolly||M|||50|]Kingambit||BlackGlasses|Defiant|KowtowCleave,SuckerPunch,SwordsDance,Protect|Adamant||F|||50|
|inactive|Battle timer is ON: inactive players will automatically lose when time's up. (requested by S.Ulisses)
|
|t:|1783881595
|teamsize|p1|4
|teamsize|p2|4
|start
|switch|p1a: Froslass|Froslass, L50, F|100/100
|switch|p1b: Basculegion|Basculegion-F, L50, F|100/100
|switch|p2a: Floette|Floette-Eternal, L50, F|100/100
|switch|p2b: Sneasler|Sneasler, L50, M|100/100
|turn|1
|inactive|toxiccroc12 has 30 seconds left.
|inactive|toxiccroc12 has 20 seconds left.
|inactive|toxiccroc12 has 15 seconds left.
|
|t:|1783881636
|switch|p2b: Incineroar|Incineroar, L50, F|100/100
|-ability|p2b: Incineroar|Intimidate|boost
|-unboost|p1a: Froslass|atk|1
|-unboost|p1b: Basculegion|atk|1
|detailschange|p1a: Froslass|Froslass-Mega, L50, F
|-mega|p1a: Froslass|Froslass|Froslassite
|-weather|Snowscape|[from] ability: Snow Warning|[of] p1a: Froslass
|detailschange|p2a: Floette|Floette-Mega, L50, F
|-mega|p2a: Floette|Floette|Floettite
|-ability|p2a: Floette|Fairy Aura
|move|p2a: Floette|Protect|p2a: Floette
|-singleturn|p2a: Floette|Protect
|move|p1a: Froslass|Blizzard|p2b: Incineroar|[spread] p2b
|-activate|p2a: Floette|move: Protect
|-resisted|p2b: Incineroar|1
|-damage|p2b: Incineroar|82/100
|-status|p2b: Incineroar|frz
|move|p1b: Basculegion|Blizzard|p2b: Incineroar|[spread] p2b
|-activate|p2a: Floette|move: Protect
|-resisted|p2b: Incineroar|1
|-damage|p2b: Incineroar|71/100 frz
|
|-weather|Snowscape|[upkeep]
|upkeep
|turn|2
|inactive|S.Ulisses has 30 seconds left.
|inactive|toxiccroc12 has 30 seconds left.
|inactive|toxiccroc12 has 20 seconds left.
|inactive|toxiccroc12 has 15 seconds left.
|
|t:|1783881679
|move|p1a: Froslass|Protect|p1a: Froslass
|-singleturn|p1a: Froslass|Protect
|move|p2a: Floette|Calm Mind|p2a: Floette
|-boost|p2a: Floette|spa|1
|-boost|p2a: Floette|spd|1
|move|p1b: Basculegion|Surf|p2a: Floette|[spread] p2a,p2b
|-activate|p1a: Froslass|move: Protect
|-supereffective|p2b: Incineroar|1
|-damage|p2a: Floette|85/100
|-damage|p2b: Incineroar|10/100 frz
|-enditem|p2b: Incineroar|Sitrus Berry|[eat]
|-heal|p2b: Incineroar|35/100 frz|[from] item: Sitrus Berry
|-curestatus|p2b: Incineroar|frz|[from] move: Flare Blitz
|move|p2b: Incineroar|Flare Blitz|p1a: Froslass
|-activate|p1a: Froslass|move: Protect
|
|-weather|Snowscape|[upkeep]
|upkeep
|turn|3
|inactive|S.Ulisses has 30 seconds left.
|inactive|toxiccroc12 has 30 seconds left.
|inactive|toxiccroc12 has 20 seconds left.
|inactive|toxiccroc12 has 15 seconds left.
|inactive|toxiccroc12 has 10 seconds left.
|
|t:|1783881728
|switch|p1a: Dragapult|Dragapult, L50, F, shiny|100/100
|move|p2b: Incineroar|Helping Hand|p2a: Floette
|-singleturn|p2a: Floette|Helping Hand|[of] p2b: Incineroar
|move|p2a: Floette|Dazzling Gleam|p1b: Basculegion|[spread] p1a,p1b
|-supereffective|p1a: Dragapult|1
|-damage|p1a: Dragapult|0 fnt
|-damage|p1b: Basculegion|0 fnt
|faint|p1a: Dragapult
|faint|p1b: Basculegion
|
|-weather|Snowscape|[upkeep]
|upkeep
|
|t:|1783881738
|switch|p1a: Incineroar|Incineroar, L50, F|100/100
|switch|p1b: Froslass|Froslass-Mega, L50, F|100/100
|-ability|p1a: Incineroar|Intimidate|boost
|-unboost|p2a: Floette|atk|1
|-unboost|p2b: Incineroar|atk|1
|turn|4
|inactive|toxiccroc12 has 30 seconds left.
|
|t:|1783881769
|move|p2b: Incineroar|Helping Hand|p2a: Floette
|-singleturn|p2a: Floette|Helping Hand|[of] p2b: Incineroar
|move|p1b: Froslass|Blizzard|p2b: Incineroar|[spread] p2a,p2b
|-resisted|p2b: Incineroar|1
|-damage|p2a: Floette|67/100
|-damage|p2b: Incineroar|17/100
|move|p2a: Floette|Dazzling Gleam|p1b: Froslass|[spread] p1a,p1b
|-damage|p1a: Incineroar|14/100
|-damage|p1b: Froslass|4/100
|move|p1a: Incineroar|Temper Flare|p2b: Incineroar
|-resisted|p2b: Incineroar|1
|-damage|p2b: Incineroar|7/100
|
|-weather|Snowscape|[upkeep]
|upkeep
|turn|5
|inactive|toxiccroc12 has 30 seconds left.
|
|t:|1783881795
|switch|p2b: Sinistcha|Sinistcha, L50|100/100
|-heal|p2a: Floette|92/100|[from] ability: Hospitality|[of] p2b: Sinistcha
|move|p1b: Froslass|Protect|p1b: Froslass
|-singleturn|p1b: Froslass|Protect
|move|p2a: Floette|Dazzling Gleam|p1b: Froslass|[spread] p1a
|-activate|p1b: Froslass|move: Protect
|-damage|p1a: Incineroar|0 fnt
|faint|p1a: Incineroar
|
|-weather|none
|upkeep
|turn|6
|
|t:|1783881807
|move|p1b: Froslass|Blizzard|p2a: Floette|[spread] p2a
|-miss|p1b: Froslass|p2b: Sinistcha
|-damage|p2a: Floette|73/100
|move|p2a: Floette|Draining Kiss|p1b: Froslass
|-damage|p1b: Froslass|0 fnt
|-heal|p2a: Floette|77/100|[from] drain|[of] p1b: Froslass
|faint|p1b: Froslass
|
|win|toxiccroc12
|raw|S.Ulisses's rating: 1002 → 1000(-2 for losing)
|raw|toxiccroc12's rating: 1099 → 1117(+18 for winning)
|l|☆S.Ulisses
|player|p1|
|c|☆toxiccroc12|gg
