|j|☆BreadPudding248
|j|☆pablittoo
|html|BreadPudding248pablittoo    
|uhtml|bestof|Game 1 of a best-of-3
|t:|1784569256
|gametype|doubles
|player|p1|BreadPudding248|170|1371
|player|p2|pablittoo|169|1375
|gen|9
|tier|[Gen 9 Champions] VGC 2026 Reg M-B (Bo3)
|rated|
|rule|Species Clause: Limit one of each Pokémon
|rule|Item Clause: Limit 1 of each item
|clearpoke
|poke|p1|Incineroar, L50, F|
|poke|p1|Kingambit, L50, M|
|poke|p1|Sinistcha, L50|
|poke|p1|Sneasler, L50, M|
|poke|p1|Blastoise, L50, M|
|poke|p1|Delphox, L50, M|
|poke|p2|Floette-Eternal, L50, F|
|poke|p2|Whimsicott, L50, M|
|poke|p2|Rotom-Heat, L50|
|poke|p2|Gholdengo, L50|
|poke|p2|Sneasler, L50, F|
|poke|p2|Basculegion, L50, M|
|teampreview|4
|showteam|p1|Incineroar||SitrusBerry|Intimidate|FakeOut,FlareBlitz,ThroatChop,PartingShot|Impish||F|||50|]Kingambit||BlackGlasses|Defiant|KowtowCleave,SuckerPunch,SwordsDance,Protect|Adamant||M|||50|]Sinistcha||OccaBerry|Hospitality|MatchaGotcha,RagePowder,TrickRoom,Protect|Relaxed|||||50|]Sneasler||FocusSash|PoisonTouch|FakeOut,CloseCombat,PoisonJab,QuickGuard|Jolly||M|||50|]Blastoise||Blastoisinite|RainDish|WaterSpout,DarkPulse,ShellSmash,Protect|Modest||M|||50|]Delphox||Delphoxite|Blaze|HeatWave,Psychic,NastyPlot,Protect|Timid||M|||50|
|showteam|p2|Floette-Eternal||Floettite|FlowerVeil|Moonblast,DazzlingGleam,LightofRuin,Protect|Modest||F|||50|]Whimsicott||FocusSash|Prankster|Encore,Moonblast,Tailwind,Protect|Timid||M|||50|]Rotom-Heat||ChoiceScarf|Levitate|Electroweb,VoltSwitch,Overheat,Thunderbolt|Timid|||||50|]Gholdengo||LifeOrb|GoodasGold|ShadowBall,PowerGem,MakeItRain,Protect|Timid|||||50|]Sneasler||WhiteHerb|Unburden|FakeOut,QuickGuard,CloseCombat,DireClaw|Jolly||F|||50|]Basculegion||MysticWater|Adaptability|WaveCrash,AquaJet,LastRespects,Protect|Adamant||M|||50|
|inactive|Battle timer is ON: inactive players will automatically lose when time's up. (requested by BreadPudding248)
|inactive|BreadPudding248 has 60 seconds left.
|inactive|pablittoo has 60 seconds left.
|inactive|pablittoo has 30 seconds left.
|
|t:|1784569322
|teamsize|p1|4
|teamsize|p2|4
|start
|switch|p1a: Kingambit|Kingambit, L50, M|100/100
|switch|p1b: Incineroar|Incineroar, L50, F|100/100
|switch|p2a: Rotom|Rotom-Heat, L50|100/100
|switch|p2b: Sneasler|Sneasler, L50, F|100/100
|-ability|p1b: Incineroar|Intimidate|boost
|-unboost|p2a: Rotom|atk|1
|-unboost|p2b: Sneasler|atk|1
|-enditem|p2b: Sneasler|White Herb
|-clearnegativeboost|p2b: Sneasler|[silent]
|turn|1
|inactive|pablittoo has 30 seconds left.
|
|t:|1784569354
|move|p1a: Kingambit|Protect|p1a: Kingambit
|-singleturn|p1a: Kingambit|Protect
|move|p2b: Sneasler|Close Combat|p1b: Incineroar
|-supereffective|p1b: Incineroar|1
|-damage|p1b: Incineroar|0 fnt
|-unboost|p2b: Sneasler|def|1
|-unboost|p2b: Sneasler|spd|1
|faint|p1b: Incineroar
|move|p2a: Rotom|Volt Switch|p1a: Kingambit
|-activate|p1a: Kingambit|move: Protect
|
|upkeep
|
|t:|1784569365
|switch|p1b: Sinistcha|Sinistcha, L50|100/100
|turn|2
|inactive|pablittoo has 30 seconds left.
|
|t:|1784569392
|move|p1b: Sinistcha|Rage Powder|p1b: Sinistcha
|-singleturn|p1b: Sinistcha|move: Rage Powder
|move|p2b: Sneasler|Dire Claw|p1b: Sinistcha
|-damage|p1b: Sinistcha|67/100
|-status|p1b: Sinistcha|psn
|move|p2a: Rotom|Volt Switch|p1b: Sinistcha
|-resisted|p1b: Sinistcha|1
|-damage|p1b: Sinistcha|50/100g psn
|inactive|pablittoo has 30 seconds left.
|inactive|pablittoo has 20 seconds left.
|inactive|pablittoo has 15 seconds left.
|
|t:|1784569433
|switch|p2a: Whimsicott|Whimsicott, L50, M|100/100|[from] Volt Switch
|move|p1a: Kingambit|Swords Dance|p1a: Kingambit
|-boost|p1a: Kingambit|atk|2
|
|-damage|p1b: Sinistcha|38/100 psn|[from] psn
|upkeep
|turn|3
|inactive|pablittoo has 30 seconds left.
|
|t:|1784569461
|switch|p1b: Sneasler|Sneasler, L50, M|100/100
|move|p2b: Sneasler|Quick Guard|p2b: Sneasler
|-singleturn|p2b: Sneasler|Quick Guard
|move|p2a: Whimsicott|Moonblast|p1b: Sneasler
|-damage|p1b: Sneasler|49/100
|move|p1a: Kingambit|Kowtow Cleave|p2b: Sneasler
|-resisted|p2b: Sneasler|1
|-damage|p2b: Sneasler|0 fnt
|faint|p2b: Sneasler
|
|upkeep
|
|t:|1784569467
|switch|p2b: Floette|Floette-Eternal, L50, F|100/100
|turn|4
|
|t:|1784569488
|detailschange|p2b: Floette|Floette-Mega, L50, F
|-mega|p2b: Floette|Floette|Floettite
|-ability|p2b: Floette|Fairy Aura
|move|p2a: Whimsicott|Protect|p2a: Whimsicott
|-singleturn|p2a: Whimsicott|Protect
|move|p2b: Floette|Protect|p2b: Floette
|-singleturn|p2b: Floette|Protect
|move|p1b: Sneasler|Fake Out|p2b: Floette
|-activate|p2b: Floette|move: Protect
|move|p1a: Kingambit|Kowtow Cleave|p2b: Floette
|-activate|p2b: Floette|move: Protect
|
|upkeep
|turn|5
|
|t:|1784569509
|move|p2a: Whimsicott|Tailwind|p2a: Whimsicott
|-sidestart|p2: pablittoo|move: Tailwind
|move|p2b: Floette|Dazzling Gleam|p1b: Sneasler|[spread] p1a,p1b
|-damage|p1a: Kingambit|57/100
|-damage|p1b: Sneasler|0 fnt
|faint|p1b: Sneasler
|move|p1a: Kingambit|Kowtow Cleave|p2b: Floette
|-resisted|p2b: Floette|1
|-damage|p2b: Floette|35/100
|
|upkeep
|
|t:|1784569517
|switch|p1b: Sinistcha|Sinistcha, L50|38/100 psn
|-heal|p1a: Kingambit|82/100|[from] ability: Hospitality|[of] p1b: Sinistcha
|turn|6
|
|t:|1784569536
|move|p2b: Floette|Protect|p2b: Floette
|-singleturn|p2b: Floette|Protect
|move|p1a: Kingambit|Sucker Punch||[still]
|-fail|p1a: Kingambit
|move|p2a: Whimsicott|Moonblast|p1b: Sinistcha
|-damage|p1b: Sinistcha|0 fnt
|faint|p1b: Sinistcha
|
|upkeep
|turn|7
|
|t:|1784569551
|move|p2b: Floette|Protect|p2b: Floette
|-singleturn|p2b: Floette|Protect
|move|p1a: Kingambit|Sucker Punch||[still]
|-fail|p1a: Kingambit
|move|p2a: Whimsicott|Moonblast|p1a: Kingambit
|-damage|p1a: Kingambit|49/100
|
|upkeep
|turn|8
|
|t:|1784569564
|move|p2b: Floette|Protect||[still]
|-fail|p2b: Floette
|move|p1a: Kingambit|Sucker Punch||[still]
|-fail|p1a: Kingambit
|move|p2a: Whimsicott|Moonblast|p1a: Kingambit
|-damage|p1a: Kingambit|11/100
|
|-sideend|p2: pablittoo|move: Tailwind
|upkeep
|turn|9
|-message|BreadPudding248 forfeited.
|
|win|pablittoo
||BreadPudding248 is ready for game 2.
|inactive|pablittoo has 30 seconds to confirm battle start!
|inactive|pablittoo has 20 seconds to confirm battle start!
||pablittoo is ready for game 2.
|uhtml|next|Next: Game 2 of 3
