|j|☆maggio3003
|j|☆Pickle315
|html|maggio3003Pickle315    
|uhtml|bestof|Game 2 of a best-of-3
|t:|1757014525
|gametype|doubles
|player|p1|maggio3003|102|1051
|player|p2|Pickle315|hilbert|1064
|gen|9
|tier|[Gen 9] VGC 2025 Reg H (Bo3)
|rated|
|rule|Species Clause: Limit one of each Pokémon
|rule|Item Clause: Limit 1 of each item
|clearpoke
|poke|p1|Politoed, L50, F|
|poke|p1|Kingdra, L50, F|
|poke|p1|Gothitelle, L50, F|
|poke|p1|Incineroar, L50, F|
|poke|p1|Amoonguss, L50, M|
|poke|p1|Archaludon, L50, F|
|poke|p2|Amoonguss, L50, M|
|poke|p2|Charizard, L50, M|
|poke|p2|Kingambit, L50, F|
|poke|p2|Rillaboom, L50, F|
|poke|p2|Dragapult, L50, M|
|poke|p2|Clodsire, L50, F|
|teampreview|4
|showteam|p1|Politoed||Leftovers|Drizzle|PerishSong,Protect,WeatherBall,Encore|||F|||50|,,,,,Grass]Kingdra||LifeOrb|SwiftSwim|MuddyWater,DracoMeteor,Protect,WeatherBall|||F|||50|,,,,,Stellar]Gothitelle||SitrusBerry|ShadowTag|TrickRoom,FakeOut,Protect,Psychic|||F|||50|,,,,,Dark]Incineroar||SafetyGoggles|Intimidate|FakeOut,PartingShot,Protect,KnockOff|||F|||50|,,,,,Ghost]Amoonguss||EjectButton|Regenerator|Protect,PollenPuff,Spore,RagePowder|||M|||50|,,,,,Fairy]Archaludon||PowerHerb|Sturdy|ElectroShot,FlashCannon,Protect,DragonPulse|||F|||50|,,,,,Electric
|showteam|p2|Amoonguss||RockyHelmet|Regenerator|PollenPuff,RagePowder,Spore,Synthesis|||M|||50|,,,,,Water]Charizard||LifeOrb|SolarPower|TeraBlast,HeatWave,Protect,SolarBeam|||M|||50|,,,,,Flying]Kingambit||AssaultVest|Defiant|KowtowCleave,IronHead,SuckerPunch,BrickBreak|||F|||50|,,,,,Ghost]Rillaboom||SitrusBerry|GrassySurge|HighHorsepower,GrassyGlide,SolarBlade,FakeOut|||F|||50|,,,,,Electric]Dragapult||ColburBerry|ClearBody|SunnyDay,Protect,DracoMeteor,Thunderbolt|||M|||50|,,,,,Steel]Clodsire||CovertCloak|WaterAbsorb|HighHorsepower,Haze,RockSlide,Protect|||F|||50|,,,,,Steel
|inactive|Battle timer is ON: inactive players will automatically lose when time's up. (requested by maggio3003)
|
|t:|1757014532
|teamsize|p1|4
|teamsize|p2|4
|start
|switch|p1a: Politoed|Politoed, L50, F|100/100
|switch|p1b: Kingdra|Kingdra, L50, F|100/100
|switch|p2a: Rillaboom|Rillaboom, L50, F|100/100
|switch|p2b: Amoonguss|Amoonguss, L50, M|100/100
|-fieldstart|move: Grassy Terrain|[from] ability: Grassy Surge|[of] p2a: Rillaboom
|-weather|RainDance|[from] ability: Drizzle|[of] p1a: Politoed
|turn|1
|
|t:|1757014553
|switch|p1b: Gothitelle|Gothitelle, L50, F|100/100
|move|p2a: Rillaboom|Fake Out|p1a: Politoed
|-damage|p1a: Politoed|87/100
|cant|p1a: Politoed|flinch
|move|p2b: Amoonguss|Spore|p1b: Gothitelle
|-status|p1b: Gothitelle|slp|[from] move: Spore
|
|-weather|RainDance|[upkeep]
|-heal|p1a: Politoed|93/100|[from] Grassy Terrain
|-heal|p1a: Politoed|99/100|[from] item: Leftovers
|upkeep
|turn|2
|inactive|maggio3003 has 30 seconds left.
|
|t:|1757014583
|move|p2a: Rillaboom|Grassy Glide|p1b: Gothitelle
|-damage|p1b: Gothitelle|66/100 slp
|move|p1a: Politoed|Perish Song|p1a: Politoed
|-start|p1a: Politoed|perish3|[silent]
|-start|p1b: Gothitelle|perish3|[silent]
|-start|p2a: Rillaboom|perish3|[silent]
|-start|p2b: Amoonguss|perish3|[silent]
|-fieldactivate|move: Perish Song
|cant|p1b: Gothitelle|slp
|move|p2b: Amoonguss|Spore|p1a: Politoed
|-status|p1a: Politoed|slp|[from] move: Spore
|
|-weather|RainDance|[upkeep]
|-heal|p1a: Politoed|100/100 slp|[from] Grassy Terrain
|-heal|p1b: Gothitelle|72/100 slp|[from] Grassy Terrain
|-start|p2a: Rillaboom|perish3
|-start|p1a: Politoed|perish3
|-start|p1b: Gothitelle|perish3
|-start|p2b: Amoonguss|perish3
|upkeep
|turn|3
|inactive|maggio3003 has 30 seconds left.
|
|t:|1757014609
|switch|p1a: Amoonguss|Amoonguss, L50, M|100/100
|-curestatus|p1b: Gothitelle|slp|[msg]
|move|p1b: Gothitelle|Protect|p1b: Gothitelle
|-singleturn|p1b: Gothitelle|Protect
|move|p2a: Rillaboom|Grassy Glide|p1b: Gothitelle
|-activate|p1b: Gothitelle|move: Protect
|move|p2b: Amoonguss|Pollen Puff|p1b: Gothitelle
|-activate|p1b: Gothitelle|move: Protect
|
|-weather|RainDance|[upkeep]
|-heal|p1b: Gothitelle|78/100|[from] Grassy Terrain
|-start|p2a: Rillaboom|perish2
|-start|p1b: Gothitelle|perish2
|-start|p2b: Amoonguss|perish2
|upkeep
|turn|4
|inactive|maggio3003 has 30 seconds left.
|inactive|Pickle315 has 30 seconds left.
|inactive|maggio3003 has 20 seconds left.
|
|t:|1757014646
|move|p1a: Amoonguss|Protect|p1a: Amoonguss
|-singleturn|p1a: Amoonguss|Protect
|move|p2a: Rillaboom|Grassy Glide|p1b: Gothitelle
|-damage|p1b: Gothitelle|50/100
|-enditem|p1b: Gothitelle|Sitrus Berry|[eat]
|-heal|p1b: Gothitelle|75/100|[from] item: Sitrus Berry
|move|p2b: Amoonguss|Pollen Puff|p1b: Gothitelle
|-supereffective|p1b: Gothitelle
|-damage|p1b: Gothitelle|42/100
|move|p1b: Gothitelle|Trick Room|p1b: Gothitelle
|-fieldstart|move: Trick Room|[of] p1b: Gothitelle
|
|-weather|RainDance|[upkeep]
|-heal|p1b: Gothitelle|48/100|[from] Grassy Terrain
|-start|p2b: Amoonguss|perish1
|-start|p1b: Gothitelle|perish1
|-start|p2a: Rillaboom|perish1
|upkeep
|turn|5
|inactive|maggio3003 has 30 seconds left.
|inactive|Pickle315 has 30 seconds left.
|inactive|maggio3003 has 20 seconds left.
|
|t:|1757014682
|switch|p1b: Kingdra|Kingdra, L50, F|100/100
|move|p2b: Amoonguss|Pollen Puff|p1a: Amoonguss
|-damage|p1a: Amoonguss|88/100
|-enditem|p1a: Amoonguss|Eject Button
|
|t:|1757014693
|switch|p1a: Politoed|Politoed, L50, F|100/100 slp
|move|p2a: Rillaboom|High Horsepower|p1a: Politoed
|-damage|p1a: Politoed|69/100 slp
|
|-weather|none
|-heal|p1a: Politoed|75/100 slp|[from] Grassy Terrain
|-heal|p1a: Politoed|81/100 slp|[from] item: Leftovers
|-start|p2b: Amoonguss|perish0
|-start|p2a: Rillaboom|perish0
|faint|p2b: Amoonguss
|faint|p2a: Rillaboom
|-fieldend|move: Grassy Terrain
|upkeep
|
|t:|1757014704
|switch|p2b: Charizard|Charizard, L50, M|100/100
|switch|p2a: Kingambit|Kingambit, L50, F|100/100
|turn|6
|inactive|maggio3003 has 30 seconds left.
|
|t:|1757014730
|switch|p1a: Gothitelle|Gothitelle, L50, F|48/100
|-terastallize|p2b: Charizard|Flying
|move|p1b: Kingdra|Protect|p1b: Kingdra
|-singleturn|p1b: Kingdra|Protect
|move|p2a: Kingambit|Kowtow Cleave|p1a: Gothitelle
|-supereffective|p1a: Gothitelle
|-damage|p1a: Gothitelle|0 fnt
|faint|p1a: Gothitelle
|move|p2b: Charizard|Tera Blast|p1b: Kingdra|[anim] Tera Blast Flying
|-activate|p1b: Kingdra|move: Protect
|
|upkeep
|
|t:|1757014744
|switch|p1a: Amoonguss|Amoonguss, L50, M|100/100
|turn|7
|
|t:|1757014757
|move|p1a: Amoonguss|Spore|p2a: Kingambit
|-status|p2a: Kingambit|slp|[from] move: Spore
|cant|p2a: Kingambit|slp
|move|p1b: Kingdra|Muddy Water|p2a: Kingambit|[spread] p2a,p2b
|-crit|p2b: Charizard
|-damage|p2a: Kingambit|72/100 slp
|-damage|p2b: Charizard|19/100
|-unboost|p2a: Kingambit|accuracy|1
|-ability|p2a: Kingambit|Defiant|boost
|-boost|p2a: Kingambit|atk|2
|-unboost|p2b: Charizard|accuracy|1
|-damage|p1b: Kingdra|90/100|[from] item: Life Orb
|move|p2b: Charizard|Tera Blast|p1b: Kingdra|[anim] Tera Blast Flying|[miss]
|-miss|p2b: Charizard|p1b: Kingdra
|
|upkeep
|turn|8
|inactive|maggio3003 has 30 seconds left.
|
|t:|1757014788
|cant|p2a: Kingambit|slp
|move|p1a: Amoonguss|Spore|p2b: Charizard
|-status|p2b: Charizard|slp|[from] move: Spore
|move|p1b: Kingdra|Muddy Water|p2a: Kingambit|[spread] p2a
|-miss|p1b: Kingdra|p2b: Charizard
|-damage|p2a: Kingambit|44/100 slp
|-damage|p1b: Kingdra|80/100|[from] item: Life Orb
|cant|p2b: Charizard|slp
|
|-fieldend|move: Trick Room
|upkeep
|turn|9
|inactive|Pickle315 has 30 seconds left.
|
|t:|1757014813
|switch|p1a: Politoed|Politoed, L50, F|81/100 slp
|-weather|RainDance|[from] ability: Drizzle|[of] p1a: Politoed
|-terastallize|p1b: Kingdra|Stellar
|-curestatus|p2a: Kingambit|slp|[msg]
|move|p2a: Kingambit|Sucker Punch|p1b: Kingdra
|-damage|p1b: Kingdra|0 fnt
|faint|p1b: Kingdra
|cant|p2b: Charizard|slp
|
|-weather|RainDance|[upkeep]
|-heal|p1a: Politoed|87/100 slp|[from] item: Leftovers
|upkeep
|
|t:|1757014830
|switch|p1b: Amoonguss|Amoonguss, L50, M|100/100
|turn|10
|
|t:|1757014842
|-curestatus|p2b: Charizard|slp|[msg]
|move|p2b: Charizard|Tera Blast|p1a: Politoed|[anim] Tera Blast Flying
|-damage|p1a: Politoed|41/100 slp
|-damage|p2b: Charizard|9/100|[from] item: Life Orb
|cant|p1a: Politoed|slp
|move|p2a: Kingambit|Kowtow Cleave|p1b: Amoonguss
|-damage|p1b: Amoonguss|0 fnt
|faint|p1b: Amoonguss
|
|-weather|RainDance|[upkeep]
|-heal|p1a: Politoed|47/100 slp|[from] item: Leftovers
|upkeep
|turn|11
|-message|maggio3003 forfeited.
|raw|maggio3003's rating: 1051 → 1034(-17 for losing)
|raw|Pickle315's rating: 1064 → 1093(+29 for winning)
|
|win|Pickle315
|l|☆maggio3003
|player|p1|
