|j|☆Khalrahego
|j|☆Jakobtc
|html|KhalrahegoJakobtc    
|uhtml|bestof|Game 1 of a best-of-3
|t:|1756626788
|gametype|doubles
|player|p1|Khalrahego|alder|1051
|player|p2|Jakobtc|riley|1131
|gen|9
|tier|[Gen 9] VGC 2025 Reg H (Bo3)
|rated|
|rule|Species Clause: Limit one of each Pokémon
|rule|Item Clause: Limit 1 of each item
|clearpoke
|poke|p1|Tyranitar, L50, F|
|poke|p1|Ursaluna-Bloodmoon, L50, M|
|poke|p1|Gothitelle, L50, F|
|poke|p1|Talonflame, L50, F|
|poke|p1|Gyarados, L50, F|
|poke|p1|Amoonguss, L50, M|
|poke|p2|Gholdengo, L50|
|poke|p2|Incineroar, L50, F|
|poke|p2|Amoonguss, L50, F|
|poke|p2|Ursaluna, L50, F|
|poke|p2|Porygon2, L50|
|poke|p2|Kilowattrel, L50, M|
|teampreview|4
|showteam|p1|Tyranitar||AssaultVest|SandStream|RockSlide,KnockOff,LashOut,BrickBreak|||F|||50|,,,,,Fighting]Ursaluna-Bloodmoon||LifeOrb|MindsEye|BloodMoon,HyperVoice,EarthPower,Protect|||M|||50|,,,,,Normal]Gothitelle||SitrusBerry|ShadowTag|FakeOut,Psychic,Taunt,TrickRoom|||F|||50|,,,,,Water]Talonflame||SafetyGoggles|GaleWings|BraveBird,Tailwind,WillOWisp,Protect|||F|||50|,,,,,Ghost]Gyarados||ClearAmulet|Intimidate|Waterfall,TeraBlast,DragonDance,Protect|||F|||50|,,,,,Flying]Amoonguss||RockyHelmet|Regenerator|PollenPuff,ClearSmog,RagePowder,Spore|||M|||50|,,,,,Ghost
|showteam|p2|Gholdengo||LifeOrb|GoodasGold|MakeItRain,ShadowBall,NastyPlot,Protect||||||50|,,,,,Dragon]Incineroar||SafetyGoggles|Intimidate|FakeOut,FlareBlitz,KnockOff,PartingShot|||F|||50|,,,,,Bug]Amoonguss||SitrusBerry|Regenerator|Spore,RagePowder,PollenPuff,Protect|||F|||50|,,,,,Psychic]Ursaluna||FlameOrb|Guts|Facade,HeadlongRush,Earthquake,Protect|||F|||50|,,,,,Ghost]Porygon2||Eviolite|Download|TeraBlast,IceBeam,Recover,TrickRoom||||||50|,,,,,Fighting]Kilowattrel||FocusSash|Competitive|AirSlash,Thunderbolt,Tailwind,Protect|||M|||50|,,,,,Ghost
|inactive|Battle timer is ON: inactive players will automatically lose when time's up. (requested by Khalrahego)
|c|☆Jakobtc|glhf
|c|☆Khalrahego|yeah, gholdengo  so funny yey
|c|☆Jakobtc|lol
|inactive|Khalrahego has 60 seconds left.
|inactive|Jakobtc has 60 seconds left.
|
|t:|1756626829
|teamsize|p1|4
|teamsize|p2|4
|start
|switch|p1a: Gothitelle|Gothitelle, L50, F, shiny|100/100
|switch|p1b: Tyranitar|Tyranitar, L50, F|100/100
|switch|p2a: Gholdengo|Gholdengo, L50|100/100
|switch|p2b: Incineroar|Incineroar, L50, F|100/100
|-weather|Sandstorm|[from] ability: Sand Stream|[of] p1b: Tyranitar
|-ability|p2b: Incineroar|Intimidate|boost
|-unboost|p1a: Gothitelle|atk|1
|-unboost|p1b: Tyranitar|atk|1
|turn|1
|
|t:|1756626845
|move|p2a: Gholdengo|Protect|p2a: Gholdengo
|-singleturn|p2a: Gholdengo|Protect
|move|p1a: Gothitelle|Fake Out|p2b: Incineroar
|-damage|p2b: Incineroar|98/100
|move|p1b: Tyranitar|Knock Off|p2a: Gholdengo
|-activate|p2a: Gholdengo|move: Protect
|cant|p2b: Incineroar|flinch
|
|-weather|Sandstorm|[upkeep]
|-damage|p1a: Gothitelle|94/100|[from] Sandstorm
|upkeep
|turn|2
|
|t:|1756626865
|-terastallize|p1a: Gothitelle|Water
|move|p2a: Gholdengo|Nasty Plot|p2a: Gholdengo
|-boost|p2a: Gholdengo|spa|2
|move|p1a: Gothitelle|Taunt|p2b: Incineroar
|-start|p2b: Incineroar|move: Taunt
|move|p1b: Tyranitar|Knock Off|p2a: Gholdengo
|-supereffective|p2a: Gholdengo
|-damage|p2a: Gholdengo|17/100
|-enditem|p2a: Gholdengo|Life Orb|[from] move: Knock Off|[of] p1b: Tyranitar
|cant|p2b: Incineroar|move: Taunt|Parting Shot
|
|-weather|Sandstorm|[upkeep]
|-damage|p1a: Gothitelle|88/100|[from] Sandstorm
|upkeep
|turn|3
|inactive|Khalrahego has 30 seconds left.
|inactive|Jakobtc has 30 seconds left.
|
|t:|1756626900
|move|p2a: Gholdengo|Protect|p2a: Gholdengo
|-singleturn|p2a: Gholdengo|Protect
|move|p1a: Gothitelle|Psychic|p2a: Gholdengo
|-activate|p2a: Gholdengo|move: Protect
|move|p1b: Tyranitar|Rock Slide|p2a: Gholdengo|[spread] p2b
|-activate|p2a: Gholdengo|move: Protect
|-supereffective|p2b: Incineroar
|-damage|p2b: Incineroar|58/100
|move|p2b: Incineroar|Knock Off|p1a: Gothitelle
|-damage|p1a: Gothitelle|45/100
|-enditem|p1a: Gothitelle|Sitrus Berry|[from] move: Knock Off|[of] p2b: Incineroar
|
|-weather|Sandstorm|[upkeep]
|-damage|p1a: Gothitelle|39/100|[from] Sandstorm
|upkeep
|turn|4
|
|t:|1756626922
|move|p2a: Gholdengo|Make It Rain|p1a: Gothitelle|[spread] p1a,p1b
|-resisted|p1a: Gothitelle
|-supereffective|p1b: Tyranitar
|-damage|p1a: Gothitelle|0 fnt
|-damage|p1b: Tyranitar|31/100
|-unboost|p2a: Gholdengo|spa|1
|faint|p1a: Gothitelle
|move|p1b: Tyranitar|Knock Off|p2a: Gholdengo
|-supereffective|p2a: Gholdengo
|-damage|p2a: Gholdengo|0 fnt
|faint|p2a: Gholdengo
|move|p2b: Incineroar|Knock Off|p1b: Tyranitar
|-resisted|p1b: Tyranitar
|-damage|p1b: Tyranitar|11/100
|-enditem|p1b: Tyranitar|Assault Vest|[from] move: Knock Off|[of] p2b: Incineroar
|
|-weather|Sandstorm|[upkeep]
|-end|p2b: Incineroar|move: Taunt
|upkeep
|
|t:|1756626946
|switch|p2a: Ursaluna|Ursaluna, L50, F|100/100
|switch|p1a: Amoonguss|Amoonguss, L50, M, shiny|100/100
|turn|5
|
|t:|1756626971
|move|p2a: Ursaluna|Protect|p2a: Ursaluna
|-singleturn|p2a: Ursaluna|Protect
|move|p1b: Tyranitar|Knock Off|p2a: Ursaluna
|-activate|p2a: Ursaluna|move: Protect
|move|p2b: Incineroar|Flare Blitz|p1a: Amoonguss
|-supereffective|p1a: Amoonguss
|-damage|p1a: Amoonguss|16/100
|-status|p1a: Amoonguss|brn
|-damage|p2b: Incineroar|42/100|[from] item: Rocky Helmet|[of] p1a: Amoonguss
|-damage|p2b: Incineroar|11/100|[from] Recoil
|move|p1a: Amoonguss|Pollen Puff|p1b: Tyranitar
|-heal|p1b: Tyranitar|61/100
|
|-weather|none
|-damage|p1a: Amoonguss|10/100 brn|[from] brn
|-status|p2a: Ursaluna|brn|[from] item: Flame Orb
|upkeep
|turn|6
|c|☆Khalrahego|we get rid of caly zzzhadow just to come back to his equal dumb little brother lmao.
|-message|Khalrahego forfeited.
|
|win|Jakobtc
|l|☆Khalrahego
|player|p1|
|raw|Khalrahego's rating: 1051 → 1037(-14 for losing)
|raw|Jakobtc's rating: 1131 → 1150(+19 for winning)
|c|☆Jakobtc|lol
