|j|☆zelkrylance
|j|☆kvoothe
|html|zelkrylancekvoothe    
|uhtml|bestof|Game 1 of a best-of-3
|t:|1783358888
|gametype|doubles
|player|p1|zelkrylance|lance|1000
|player|p2|kvoothe|lucas-gen4pt|1105
|gen|9
|tier|[Gen 9 Champions] VGC 2026 Reg M-B (Bo3)
|rated|
|rule|Species Clause: Limit one of each Pokémon
|rule|Item Clause: Limit 1 of each item
|clearpoke
|poke|p1|Pidgeot, L50, M|
|poke|p1|Sylveon, L50, M|
|poke|p1|Ninetales, L50, F|
|poke|p1|Whimsicott, L50, F|
|poke|p1|Heliolisk, L50, M|
|poke|p1|Venusaur, L50, M|
|poke|p2|Staraptor, L50, F, shiny|
|poke|p2|Grimmsnarl, L50, M|
|poke|p2|Garchomp, L50, M|
|poke|p2|Floette-Eternal, L50, F|
|poke|p2|Sinistcha, L50|
|poke|p2|Kingambit, L50, M|
|teampreview|4
|showteam|p1|Pidgeot||Pidgeotite|KeenEye|HeatWave,Hurricane,Round,Protect|Timid||M|||50|]Sylveon||FairyFeather|Pixilate|Round,HyperBeam,HyperVoice,Protect|Modest||M|||50|]Ninetales||HeatRock|Drought|HeatWave,SolarBeam,NastyPlot,Protect|Timid||F|||50|]Whimsicott||FocusSash|Prankster|Moonblast,Taunt,Tailwind,Protect|Bold||F|||50|]Heliolisk||ShucaBerry|SolarPower|VoltSwitch,GrassKnot,HyperVoice,Protect|Timid||M|||50|]Venusaur||Venusaurite|Chlorophyll|SolarBeam,EarthPower,SludgeBomb,Protect|Modest||M|||50|
|showteam|p2|Staraptor||Staraptite|Intimidate|Protect,Roost,BraveBird,CloseCombat|Adamant||F|||50|]Grimmsnarl||LightClay|Prankster|SpiritBreak,PartingShot,Reflect,LightScreen|Impish||M|||50|]Garchomp||ChoiceScarf|RoughSkin|RockSlide,StompingTantrum,Earthquake,DragonClaw|Jolly||M|||50|]Floette-Eternal||Floettite|FlowerVeil|Protect,CalmMind,DazzlingGleam,Moonblast|Timid||F|||50|]Sinistcha||ColburBerry|Hospitality|Protect,RagePowder,LifeDew,MatchaGotcha|Calm|||||50|]Kingambit||BlackGlasses|Defiant|Protect,KowtowCleave,SuckerPunch,IronHead|Adamant||M|||50|
|inactive|Battle timer is ON: inactive players will automatically lose when time's up. (requested by kvoothe)
|inactive|zelkrylance has 60 seconds left.
|inactive|kvoothe has 60 seconds left.
|
|t:|1783358936
|teamsize|p1|4
|teamsize|p2|4
|start
|switch|p1a: Whimsicott|Whimsicott, L50, F|100/100
|switch|p1b: Heliolisk|Heliolisk, L50, M|100/100
|switch|p2a: Grimmsnarl|Grimmsnarl, L50, M|100/100
|switch|p2b: Floette|Floette-Eternal, L50, F|100/100
|turn|1
|inactive|zelkrylance has 30 seconds left.
|
|t:|1783358967
|detailschange|p2b: Floette|Floette-Mega, L50, F
|-mega|p2b: Floette|Floette|Floettite
|-ability|p2b: Floette|Fairy Aura
|move|p1a: Whimsicott|Tailwind|p1a: Whimsicott
|-sidestart|p1: zelkrylance|move: Tailwind
|move|p2a: Grimmsnarl|Light Screen|p2a: Grimmsnarl
|-sidestart|p2: kvoothe|move: Light Screen
|move|p1b: Heliolisk|Volt Switch|p2b: Floette
|-damage|p2b: Floette|82/100
|
|t:|1783358977
|switch|p1b: Ninetales|Ninetales, L50, F|100/100|[from] Volt Switch
|-weather|SunnyDay|[from] ability: Drought|[of] p1b: Ninetales
|move|p2b: Floette|Calm Mind|p2b: Floette
|-boost|p2b: Floette|spa|1
|-boost|p2b: Floette|spd|1
|
|-weather|SunnyDay|[upkeep]
|upkeep
|turn|2
|
|t:|1783359010
|move|p2a: Grimmsnarl|Parting Shot|p1b: Ninetales
|-unboost|p1b: Ninetales|atk|1
|-unboost|p1b: Ninetales|spa|1
|
|t:|1783359017
|switch|p2a: Garchomp|Garchomp, L50, M|100/100|[from] Parting Shot
|move|p1b: Ninetales|Nasty Plot|p1b: Ninetales
|-boost|p1b: Ninetales|spa|2
|move|p1a: Whimsicott|Moonblast|p2a: Garchomp
|-supereffective|p2a: Garchomp|1
|-damage|p2a: Garchomp|51/100
|move|p2b: Floette|Dazzling Gleam|p1b: Ninetales|[spread] p1a,p1b
|-resisted|p1b: Ninetales|1
|-damage|p1a: Whimsicott|1/100
|-damage|p1b: Ninetales|57/100
|
|-weather|SunnyDay|[upkeep]
|upkeep
|turn|3
|inactive|zelkrylance has 30 seconds left.
|
|t:|1783359046
|move|p2b: Floette|Protect|p2b: Floette
|-singleturn|p2b: Floette|Protect
|move|p1b: Ninetales|Heat Wave|p2b: Floette|[spread] p2a
|-activate|p2b: Floette|move: Protect
|-resisted|p2a: Garchomp|1
|-damage|p2a: Garchomp|27/100
|move|p1a: Whimsicott|Moonblast|p2a: Garchomp
|-supereffective|p2a: Garchomp|1
|-damage|p2a: Garchomp|0 fnt
|faint|p2a: Garchomp
|
|-weather|SunnyDay|[upkeep]
|upkeep
|
|t:|1783359056
|switch|p2a: Grimmsnarl|Grimmsnarl, L50, M|100/100
|turn|4
|
|t:|1783359072
|move|p1b: Ninetales|Heat Wave|p2a: Grimmsnarl|[spread] p2a
|-miss|p1b: Ninetales|p2b: Floette
|-damage|p2a: Grimmsnarl|60/100
|move|p1a: Whimsicott|Moonblast|p2a: Grimmsnarl
|-supereffective|p2a: Grimmsnarl|1
|-damage|p2a: Grimmsnarl|16/100
|move|p2b: Floette|Moonblast|p1b: Ninetales
|-resisted|p1b: Ninetales|1
|-damage|p1b: Ninetales|0 fnt
|faint|p1b: Ninetales
|move|p2a: Grimmsnarl|Spirit Break|p1a: Whimsicott
|-damage|p1a: Whimsicott|0 fnt
|faint|p1a: Whimsicott
|
|-weather|SunnyDay|[upkeep]
|-sideend|p1: zelkrylance|move: Tailwind
|upkeep
|
|t:|1783359090
|switch|p1b: Pidgeot|Pidgeot, L50, M|100/100
|switch|p1a: Heliolisk|Heliolisk, L50, M|100/100
|turn|5
|
|t:|1783359112
|detailschange|p1b: Pidgeot|Pidgeot-Mega, L50, M
|-mega|p1b: Pidgeot|Pidgeot|Pidgeotite
|move|p2a: Grimmsnarl|Parting Shot|p1b: Pidgeot
|-unboost|p1b: Pidgeot|atk|1
|-unboost|p1b: Pidgeot|spa|1
|
|t:|1783359116
|switch|p2a: Sinistcha|Sinistcha, L50|100/100|[from] Parting Shot
|-heal|p2b: Floette|100/100|[from] ability: Hospitality|[of] p2a: Sinistcha
|move|p1b: Pidgeot|Heat Wave|p2b: Floette|[spread] p2a,p2b
|-supereffective|p2a: Sinistcha|1
|-damage|p2a: Sinistcha|64/100
|-damage|p2b: Floette|90/100
|move|p1a: Heliolisk|Hyper Voice|p2b: Floette|[spread] p2b
|-immune|p2a: Sinistcha
|-damage|p2b: Floette|72/100
|move|p2b: Floette|Calm Mind|p2b: Floette
|-boost|p2b: Floette|spa|1
|-boost|p2b: Floette|spd|1
|
|-weather|SunnyDay|[upkeep]
|-damage|p1a: Heliolisk|87/100|[from] ability: Solar Power|[of] p1a: Heliolisk
|upkeep
|turn|6
|
|t:|1783359141
|switch|p2a: Grimmsnarl|Grimmsnarl, L50, M|16/100
|move|p1a: Heliolisk|Protect|p1a: Heliolisk
|-singleturn|p1a: Heliolisk|Protect
|move|p2b: Floette|Protect|p2b: Floette
|-singleturn|p2b: Floette|Protect
|move|p1b: Pidgeot|Heat Wave|p2b: Floette|[spread] p2a
|-activate|p2b: Floette|move: Protect
|-damage|p2a: Grimmsnarl|1/100
|
|-weather|SunnyDay|[upkeep]
|-damage|p1a: Heliolisk|75/100|[from] ability: Solar Power|[of] p1a: Heliolisk
|upkeep
|turn|7
|
|t:|1783359165
|move|p1b: Pidgeot|Protect|p1b: Pidgeot
|-singleturn|p1b: Pidgeot|Protect
|move|p2a: Grimmsnarl|Parting Shot|p1a: Heliolisk
|-unboost|p1a: Heliolisk|atk|1
|-unboost|p1a: Heliolisk|spa|1
|
|t:|1783359170
|switch|p2a: Sinistcha|Sinistcha, L50|64/100|[from] Parting Shot
|-heal|p2b: Floette|97/100|[from] ability: Hospitality|[of] p2a: Sinistcha
|move|p1a: Heliolisk|Hyper Voice|p2b: Floette|[spread] p2b
|-immune|p2a: Sinistcha
|-damage|p2b: Floette|88/100
|move|p2b: Floette|Dazzling Gleam|p1a: Heliolisk|[spread] p1a
|-activate|p1b: Pidgeot|move: Protect
|-damage|p1a: Heliolisk|0 fnt
|faint|p1a: Heliolisk
|
|-weather|SunnyDay|[upkeep]
|upkeep
|turn|8
|
|t:|1783359184
|move|p2b: Floette|Protect|p2b: Floette
|-singleturn|p2b: Floette|Protect
|move|p2a: Sinistcha|Protect|p2a: Sinistcha
|-singleturn|p2a: Sinistcha|Protect
|move|p1b: Pidgeot|Heat Wave|p2b: Floette|[spread] 
|-activate|p2a: Sinistcha|move: Protect
|-activate|p2b: Floette|move: Protect
|
|-weather|none
|-sideend|p2: kvoothe|move: Light Screen
|upkeep
|turn|9
|
|t:|1783359194
|move|p1b: Pidgeot|Heat Wave|p2b: Floette|[spread] p2a,p2b
|-supereffective|p2a: Sinistcha|1
|-damage|p2a: Sinistcha|28/100
|-damage|p2b: Floette|81/100
|move|p2b: Floette|Moonblast|p1b: Pidgeot
|-damage|p1b: Pidgeot|0 fnt
|faint|p1b: Pidgeot
|
|win|kvoothe
