|j|☆spellbreakvgc
|j|☆LastHorzion
|html|spellbreakvgcLastHorzion    
|uhtml|bestof|Game 2 of a best-of-3
|t:|1757713796
|gametype|doubles
|player|p1|spellbreakvgc|lance|1102
|player|p2|LastHorzion|steven|1154
|gen|9
|tier|[Gen 9] VGC 2025 Reg H (Bo3)
|rated|
|rule|Species Clause: Limit one of each Pokémon
|rule|Item Clause: Limit 1 of each item
|clearpoke
|poke|p1|Dondozo, L50, M|
|poke|p1|Sneasler, L50, F|
|poke|p1|Ursaluna-Bloodmoon, L50, M|
|poke|p1|Indeedee, L50, M|
|poke|p1|Tatsugiri, L50, F|
|poke|p1|Whimsicott, L50, F|
|poke|p2|Sneasler, L50, F|
|poke|p2|Whimsicott, L50, M|
|poke|p2|Typhlosion-Hisui, L50, M|
|poke|p2|Indeedee, L50, M|
|poke|p2|Dragapult, L50, F|
|poke|p2|Ursaluna-Bloodmoon, L50, M|
|teampreview|4
|showteam|p1|Dondozo||Leftovers|Unaware|WaveCrash,OrderUp,Earthquake,Protect|||M|||50|,,,,,Grass]Sneasler||PsychicSeed|Unburden|DireClaw,CloseCombat,ThroatChop,Protect|||F|||50|,,,,,Dark]Ursaluna-Bloodmoon||LifeOrb|MindsEye|BloodMoon,HyperVoice,EarthPower,Protect|||M|||50|,,,,,Normal]Indeedee||FocusSash|PsychicSurge|ExpandingForce,TeraBlast,HelpingHand,Protect|||M|||50|,,,,,Psychic]Tatsugiri||SafetyGoggles|Commander|DracoMeteor,MuddyWater,HelpingHand,Protect|||F|||50|,,,,,Normal]Whimsicott||CovertCloak|Prankster|Moonblast,Tailwind,LightScreen,HelpingHand|||F|||50|,,,,,Poison
|showteam|p2|Sneasler||PsychicSeed|Unburden|CloseCombat,DireClaw,ThroatChop,Protect|||F|||50|,,,,,Dark]Whimsicott||CovertCloak|Prankster|Tailwind,Moonblast,Encore,SunnyDay|||M|||50|,,,,,Water]Typhlosion-Hisui||ChoiceScarf|Blaze|Eruption,ShadowBall,HeatWave,Overheat|||M|||50|,,,,,Fire]Indeedee||FocusSash|PsychicSurge|ExpandingForce,TeraBlast,Imprison,TrickRoom|||M|||50|,,,,,Ground]Dragapult||ChoiceBand|ClearBody|DragonDarts,Uturn,PhantomForce,Outrage|||F|||50|,,,,,Dragon]Ursaluna-Bloodmoon||LifeOrb|MindsEye|BloodMoon,EarthPower,HyperVoice,Protect|||M|||50|,,,,,Ghost
|inactive|Battle timer is ON: inactive players will automatically lose when time's up. (requested by LastHorzion)
|inactive|spellbreakvgc has 60 seconds left.
|
|t:|1757713832
|teamsize|p1|4
|teamsize|p2|4
|start
|switch|p1a: Sneasler|Sneasler, L50, F|100/100
|switch|p1b: Indeedee|Indeedee, L50, M|100/100
|switch|p2a: Whimsicott|Whimsicott, L50, M|100/100
|switch|p2b: Indeedee|Indeedee, L50, M, shiny|100/100
|-fieldstart|move: Psychic Terrain|[from] ability: Psychic Surge|[of] p2b: Indeedee
|-enditem|p1a: Sneasler|Psychic Seed
|-boost|p1a: Sneasler|spd|1|[from] item: Psychic Seed
|turn|1
|
|t:|1757713851
|move|p1b: Indeedee|Helping Hand|p1a: Sneasler
|-singleturn|p1a: Sneasler|Helping Hand|[of] p1b: Indeedee
|move|p2a: Whimsicott|Tailwind|p2a: Whimsicott
|-sidestart|p2: LastHorzion|move: Tailwind
|move|p1a: Sneasler|Dire Claw|p2a: Whimsicott
|-supereffective|p2a: Whimsicott
|-crit|p2a: Whimsicott
|-damage|p2a: Whimsicott|0 fnt
|faint|p2a: Whimsicott
|move|p2b: Indeedee|Expanding Force|p1b: Indeedee|[spread] p1a,p1b
|-supereffective|p1a: Sneasler
|-resisted|p1b: Indeedee
|-damage|p1a: Sneasler|0 fnt
|-damage|p1b: Indeedee|66/100
|faint|p1a: Sneasler
|
|upkeep
|
|t:|1757713864
|switch|p2a: Dragapult|Dragapult, L50, F, shiny|100/100
|switch|p1a: Dondozo|Dondozo, L50, M|100/100
|turn|2
|
|t:|1757713873
|switch|p1b: Tatsugiri|Tatsugiri, L50, F|100/100
|-activate|p1b: Tatsugiri|ability: Commander|[of] p1a: Dondozo
|-boost|p1a: Dondozo|atk|2
|-boost|p1a: Dondozo|spa|2
|-boost|p1a: Dondozo|spe|2
|-boost|p1a: Dondozo|def|2
|-boost|p1a: Dondozo|spd|2
|-terastallize|p2a: Dragapult|Dragon
|move|p2a: Dragapult|Dragon Darts|p1a: Dondozo
|-damage|p1a: Dondozo|80/100
|-anim|p2a: Dragapult|Dragon Darts|p1a: Dondozo
|-damage|p1a: Dondozo|61/100
|move|p2b: Indeedee|Expanding Force|p1b: Tatsugiri|[spread] p1a
|-miss|p2b: Indeedee|p1b: Tatsugiri
|-damage|p1a: Dondozo|36/100
|move|p1a: Dondozo|Order Up|p2a: Dragapult
|-supereffective|p2a: Dragapult
|-damage|p2a: Dragapult|0 fnt
|faint|p2a: Dragapult
|-boost|p1a: Dondozo|atk|1
|
|-heal|p1a: Dondozo|43/100|[from] item: Leftovers
|upkeep
|
|t:|1757713889
|switch|p2a: Sneasler|Sneasler, L50, F|100/100
|-enditem|p2a: Sneasler|Psychic Seed
|-boost|p2a: Sneasler|spd|1|[from] item: Psychic Seed
|turn|3
|
|t:|1757713897
|move|p1a: Dondozo|Protect|p1a: Dondozo
|-singleturn|p1a: Dondozo|Protect
|move|p2a: Sneasler|Dire Claw|p1a: Dondozo
|-activate|p1a: Dondozo|move: Protect
|move|p2b: Indeedee|Expanding Force|p1a: Dondozo|[spread] 
|-miss|p2b: Indeedee|p1b: Tatsugiri
|-activate|p1a: Dondozo|move: Protect
|
|-heal|p1a: Dondozo|49/100|[from] item: Leftovers
|upkeep
|turn|4
|
|t:|1757713907
|move|p2a: Sneasler|Dire Claw|p1a: Dondozo
|-damage|p1a: Dondozo|33/100
|-status|p1a: Dondozo|par
|move|p2b: Indeedee|Expanding Force|p1b: Tatsugiri|[spread] p1a
|-miss|p2b: Indeedee|p1b: Tatsugiri
|-damage|p1a: Dondozo|6/100 par
|move|p1a: Dondozo|Earthquake|p2a: Sneasler|[spread] p2a,p2b
|-miss|p1a: Dondozo|p1b: Tatsugiri
|-supereffective|p2a: Sneasler
|-damage|p2a: Sneasler|0 fnt
|-enditem|p2b: Indeedee|Focus Sash
|-damage|p2b: Indeedee|1/100
|faint|p2a: Sneasler
|
|-heal|p1a: Dondozo|12/100 par|[from] item: Leftovers
|-sideend|p2: LastHorzion|move: Tailwind
|upkeep
|turn|5
|-message|LastHorzion forfeited.
|
|win|spellbreakvgc
