|j|☆MangoldVGC
|j|☆GS Barnabe
|html|MangoldVGCGS Barnabe    
|uhtml|bestof|Game 2 of a best-of-3
|t:|1785696170
|gametype|doubles
|player|p1|MangoldVGC|ninjaboy|1139
|player|p2|GS Barnabe|barry|1183
|gen|9
|tier|[Gen 9 Champions] VGC 2026 Reg M-B (Bo3)
|rated|
|rule|Species Clause: Limit one of each Pokémon
|rule|Item Clause: Limit 1 of each item
|clearpoke
|poke|p1|Whimsicott, L50, M|
|poke|p1|Delphox, L50, F|
|poke|p1|Staraptor, L50, F|
|poke|p1|Garchomp, L50, F|
|poke|p1|Kingambit, L50, F|
|poke|p1|Vanilluxe, L50, M|
|poke|p2|Clefable, L50, F|
|poke|p2|Tyranitar, L50, F|
|poke|p2|Garchomp, L50, F|
|poke|p2|Gholdengo, L50|
|poke|p2|Rotom-Wash, L50|
|poke|p2|Aerodactyl, L50, F|
|teampreview|4
|showteam|p1|Whimsicott||FocusSash|Prankster|Moonblast,Tailwind,Charm,Encore|Timid||M|||50|]Delphox||Delphoxite|Blaze|Protect,HeatWave,Psychic,Substitute|Modest||F|||50|]Staraptor||Staraptite|Intimidate|Protect,BraveBird,CloseCombat,Roost|Jolly||F|||50|]Garchomp||LifeOrb|RoughSkin|Protect,Earthquake,DragonClaw,RockSlide|Jolly||F|||50|]Kingambit||ChopleBerry|Defiant|KowtowCleave,SuckerPunch,IronHead,LowKick|Adamant||F|||50|]Vanilluxe||ChoiceScarf|SnowWarning|Blizzard,FreezeDry,IcyWind,ChillingWater|Modest||M|||50|
|showteam|p2|Clefable||SitrusBerry|Unaware|Moonblast,HelpingHand,FollowMe,Protect|Bold||F|||50|]Tyranitar||ChoiceScarf|SandStream|RockSlide,KnockOff,IcePunch,Superpower|Jolly||F|||50|]Garchomp||Garchompite|SandVeil|DracoMeteor,EarthPower,PowerGem,Protect|Modest||F|||50|]Gholdengo||LifeOrb|GoodasGold|MakeItRain,ShadowBall,NastyPlot,Protect|Modest|||||50|]Rotom-Wash||Leftovers|Levitate|HydroPump,VoltSwitch,WillOWisp,Protect|Calm|||||50|]Aerodactyl||Aerodactylite|RockHead|RockSlide,DualWingbeat,Tailwind,Protect|Jolly||F|||50|
|inactive|Battle timer is ON: inactive players will automatically lose when time's up. (requested by MangoldVGC)
|inactive|MangoldVGC has 60 seconds left.
|
|t:|1785696273
|teamsize|p1|4
|teamsize|p2|4
|start
|switch|p1a: Staraptor|Staraptor, L50, F|100/100
|switch|p1b: Whimsicott|Whimsicott, L50, M|100/100
|switch|p2a: Gholdengo|Gholdengo, L50|100/100
|switch|p2b: Clefable|Clefable, L50, F|100/100
|-ability|p1a: Staraptor|Intimidate|boost
|-unboost|p2a: Gholdengo|atk|1
|-unboost|p2b: Clefable|atk|1
|turn|1
|inactive|MangoldVGC has 30 seconds left.
|
|t:|1785696305
|detailschange|p1a: Staraptor|Staraptor-Mega, L50, F
|-mega|p1a: Staraptor|Staraptor|Staraptite
|move|p1b: Whimsicott|Charm|p1a: Staraptor
|-boost|p1a: Staraptor|atk|2
|move|p1a: Staraptor|Brave Bird|p2a: Gholdengo
|-resisted|p2a: Gholdengo|1
|-damage|p2a: Gholdengo|53/100
|-damage|p1a: Staraptor|84/100|[from] Recoil
|move|p2a: Gholdengo|Nasty Plot|p2a: Gholdengo
|-boost|p2a: Gholdengo|spa|2
|move|p2b: Clefable|Moonblast|p1a: Staraptor
|-supereffective|p1a: Staraptor|1
|-damage|p1a: Staraptor|18/100
|
|upkeep
|turn|2
|inactive|MangoldVGC has 30 seconds left.
|inactive|MangoldVGC has 20 seconds left.
|inactive|MangoldVGC has 15 seconds left.
|
|t:|1785696348
|move|p1a: Staraptor|Protect|p1a: Staraptor
|-singleturn|p1a: Staraptor|Protect
|move|p2b: Clefable|Follow Me|p2b: Clefable
|-singleturn|p2b: Clefable|move: Follow Me
|move|p1b: Whimsicott|Moonblast|p2b: Clefable
|-damage|p2b: Clefable|68/100
|-unboost|p2b: Clefable|spa|1
|move|p2a: Gholdengo|Make It Rain|p1b: Whimsicott|[spread] p1b
|-activate|p1a: Staraptor|move: Protect
|-supereffective|p1b: Whimsicott|1
|-enditem|p1b: Whimsicott|Focus Sash
|-damage|p1b: Whimsicott|1/100
|-unboost|p2a: Gholdengo|spa|2
|-damage|p2a: Gholdengo|43/100|[from] item: Life Orb
|
|upkeep
|turn|3
|inactive|MangoldVGC has 30 seconds left.
|inactive|GS Barnabe has 30 seconds left.
|inactive|MangoldVGC has 20 seconds left.
|inactive|GS Barnabe has 20 seconds left.
|inactive|MangoldVGC has 15 seconds left.
|inactive|MangoldVGC has 10 seconds left.
|inactive|MangoldVGC has 5 seconds left.
|
|t:|1785696398
|move|p2b: Clefable|Follow Me|p2b: Clefable
|-singleturn|p2b: Clefable|move: Follow Me
|move|p1b: Whimsicott|Encore|p2b: Clefable
|-start|p2b: Clefable|Encore
|move|p1a: Staraptor|Brave Bird|p2b: Clefable
|-damage|p2b: Clefable|21/100
|-enditem|p2b: Clefable|Sitrus Berry|[eat]
|-heal|p2b: Clefable|46/100|[from] item: Sitrus Berry
|-damage|p1a: Staraptor|1/100|[from] Recoil
|move|p2a: Gholdengo|Make It Rain|p1b: Whimsicott|[spread] p1a,p1b
|-supereffective|p1b: Whimsicott|1
|-damage|p1a: Staraptor|0 fnt
|-damage|p1b: Whimsicott|0 fnt
|-unboost|p2a: Gholdengo|spa|2
|faint|p1a: Staraptor
|faint|p1b: Whimsicott
|-damage|p2a: Gholdengo|34/100|[from] item: Life Orb
|
|upkeep
|
|t:|1785696419
|switch|p1b: Vanilluxe|Vanilluxe, L50, M|100/100
|switch|p1a: Garchomp|Garchomp, L50, F|100/100
|-weather|Snowscape|[from] ability: Snow Warning|[of] p1b: Vanilluxe
|turn|4
|inactive|GS Barnabe has 30 seconds left.
|inactive|GS Barnabe has 20 seconds left.
|inactive|GS Barnabe has 15 seconds left.
|
|t:|1785696462
|switch|p2a: Rotom|Rotom-Wash, L50|100/100
|move|p2b: Clefable|Follow Me|p2b: Clefable
|-singleturn|p2b: Clefable|move: Follow Me
|move|p1b: Vanilluxe|Blizzard|p2b: Clefable|[spread] p2a,p2b
|-resisted|p2a: Rotom|1
|-damage|p2a: Rotom|82/100
|-damage|p2b: Clefable|10/100
|move|p1a: Garchomp|Rock Slide|p2a: Rotom|[spread] p2a,p2b
|-damage|p2a: Rotom|55/100
|-damage|p2b: Clefable|0 fnt
|faint|p2b: Clefable
|-damage|p1a: Garchomp|90/100|[from] item: Life Orb
|
|-weather|Snowscape|[upkeep]
|-heal|p2a: Rotom|60/100|[from] item: Leftovers
|upkeep
|
|t:|1785696480
|switch|p2b: Tyranitar|Tyranitar, L50, F|100/100
|-weather|Sandstorm|[from] ability: Sand Stream|[of] p2b: Tyranitar
|turn|5
|
|t:|1785696501
|move|p1b: Vanilluxe|Blizzard|p2b: Tyranitar|[spread] p2a
|-miss|p1b: Vanilluxe|p2b: Tyranitar
|-resisted|p2a: Rotom|1
|-damage|p2a: Rotom|44/100
|-status|p2a: Rotom|frz
|move|p2b: Tyranitar|Ice Punch|p1a: Garchomp
|-supereffective|p1a: Garchomp|2
|-damage|p1a: Garchomp|0 fnt
|-damage|p2b: Tyranitar|88/100|[from] ability: Rough Skin|[of] p1a: Garchomp
|faint|p1a: Garchomp
|cant|p2a: Rotom|frz
|
|-weather|Sandstorm|[upkeep]
|-damage|p1b: Vanilluxe|93/100|[from] Sandstorm
|-damage|p2a: Rotom|39/100 frz|[from] Sandstorm
|-heal|p2a: Rotom|44/100 frz|[from] item: Leftovers
|upkeep
|turn|6
|
|t:|1785696521
|move|p1b: Vanilluxe|Blizzard|p2b: Tyranitar|[spread] p2a
|-miss|p1b: Vanilluxe|p2b: Tyranitar
|-resisted|p2a: Rotom|1
|-damage|p2a: Rotom|27/100 frz
|move|p2b: Tyranitar|Ice Punch|p1b: Vanilluxe
|-resisted|p1b: Vanilluxe|1
|-damage|p1b: Vanilluxe|78/100
|cant|p2a: Rotom|frz
|
|-weather|Sandstorm|[upkeep]
|-damage|p1b: Vanilluxe|71/100|[from] Sandstorm
|-damage|p2a: Rotom|21/100 frz|[from] Sandstorm
|-heal|p2a: Rotom|27/100 frz|[from] item: Leftovers
|upkeep
|turn|7
|
|t:|1785696538
|move|p1b: Vanilluxe|Blizzard|p2a: Rotom|[spread] 
|-miss|p1b: Vanilluxe|p2a: Rotom
|-miss|p1b: Vanilluxe|p2b: Tyranitar
|move|p2b: Tyranitar|Ice Punch|p1b: Vanilluxe
|-resisted|p1b: Vanilluxe|1
|-damage|p1b: Vanilluxe|53/100
|-curestatus|p2a: Rotom|frz|[msg]
|move|p2a: Rotom|Hydro Pump|p1b: Vanilluxe
|-damage|p1b: Vanilluxe|10/100
|
|-weather|Sandstorm|[upkeep]
|-damage|p1b: Vanilluxe|4/100|[from] Sandstorm
|-damage|p2a: Rotom|21/100|[from] Sandstorm
|-heal|p2a: Rotom|27/100|[from] item: Leftovers
|upkeep
|turn|8
|inactive|MangoldVGC has 30 seconds left.
|c|☆MangoldVGC|5/6 misses is insanity
|
|t:|1785696567
|move|p1b: Vanilluxe|Blizzard|p2a: Rotom|[spread] p2a,p2b
|-resisted|p2a: Rotom|1
|-damage|p2a: Rotom|10/100
|-damage|p2b: Tyranitar|61/100
|-status|p2a: Rotom|frz
|move|p2b: Tyranitar|Ice Punch|p1b: Vanilluxe
|-resisted|p1b: Vanilluxe|1
|-damage|p1b: Vanilluxe|0 fnt
|faint|p1b: Vanilluxe
|
|win|GS Barnabe
|raw|MangoldVGC's rating: 1139 → 1117(-22 for losing)
|raw|GS Barnabe's rating: 1183 → 1205(+22 for winning)
