|j|☆Huasometa
|j|☆pikatrod
|html|Huasometapikatrod    
|uhtml|bestof|Game 1 of a best-of-3
|t:|1783701124
|gametype|doubles
|player|p1|Huasometa|elesa|1292
|player|p2|pikatrod|102|1448
|gen|9
|tier|[Gen 9 Champions] VGC 2026 Reg M-B (Bo3)
|rated|
|rule|Species Clause: Limit one of each Pokémon
|rule|Item Clause: Limit 1 of each item
|clearpoke
|poke|p1|Chandelure, L50, M|
|poke|p1|Kangaskhan, L50, F|
|poke|p1|Sylveon, L50, F|
|poke|p1|Kingambit, L50, M|
|poke|p1|Rotom-Wash, L50|
|poke|p1|Venusaur, L50, M|
|poke|p2|Gengar, L50, M|
|poke|p2|Incineroar, L50, M|
|poke|p2|Mamoswine, L50, F|
|poke|p2|Whimsicott, L50, M|
|poke|p2|Dragonite, L50, F|
|poke|p2|Kingambit, L50, M|
|teampreview|4
|showteam|p1|Chandelure||FocusSash|FlashFire|HeatWave,ShadowBall,TrickRoom,Taunt|Quiet||M|||50|]Kangaskhan||Kangaskhanite|InnerFocus|FakeOut,DoubleEdge,SuckerPunch,HammerArm|Brave||F|||50|]Sylveon||FairyFeather|Pixilate|HyperVoice,Protect,HyperBeam,QuickAttack|Quiet||F|||50|]Kingambit||BlackGlasses|Defiant|KowtowCleave,SuckerPunch,IronHead,Protect|Brave||M|||50|]Rotom-Wash||SitrusBerry|Levitate|ThunderWave,VoltSwitch,HydroPump,Protect|Calm|||||50|]Venusaur||Venusaurite|Chlorophyll|EarthPower,SleepPowder,GigaDrain,Protect|Modest||M|||50|
|showteam|p2|Gengar||Gengarite|CursedBody|ShadowBall,SludgeBomb,IcyWind,Protect|Timid||M|||50|]Incineroar||SitrusBerry|Intimidate|PartingShot,DarkestLariat,FlareBlitz,FakeOut|Brave||M|||50|]Mamoswine||LifeOrb|Oblivious|HighHorsepower,IcicleCrash,IceShard,Protect|Adamant||F|||50|]Whimsicott||FocusSash|Prankster|Tailwind,Moonblast,Protect,Encore|Timid||M|||50|]Dragonite||Dragoninite|Multiscale|DracoMeteor,HeatWave,AirSlash,Protect|Modest||F|||50|]Kingambit||OccaBerry|Defiant|Protect,KowtowCleave,SuckerPunch,IronHead|Adamant||M|||50|
|inactive|Battle timer is ON: inactive players will automatically lose when time's up. (requested by pikatrod)
|inactive|Huasometa has 60 seconds left.
|
|t:|1783701233
|teamsize|p1|4
|teamsize|p2|4
|start
|switch|p1a: Kangaskhan|Kangaskhan, L50, F|100/100
|switch|p1b: Chandelure|Chandelure, L50, M|100/100
|switch|p2a: Dragonite|Dragonite, L50, F|100/100
|switch|p2b: Mamoswine|Mamoswine, L50, F|100/100
|turn|1
|
|t:|1783701256
|detailschange|p1a: Kangaskhan|Kangaskhan-Mega, L50, F
|-mega|p1a: Kangaskhan|Kangaskhan|Kangaskhanite
|move|p2b: Mamoswine|Protect|p2b: Mamoswine
|-singleturn|p2b: Mamoswine|Protect
|move|p2a: Dragonite|Protect|p2a: Dragonite
|-singleturn|p2a: Dragonite|Protect
|move|p1a: Kangaskhan|Fake Out|p2b: Mamoswine
|-activate|p2b: Mamoswine|move: Protect
|move|p1b: Chandelure|Trick Room|p1b: Chandelure
|-fieldstart|move: Trick Room|[of] p1b: Chandelure
|
|upkeep
|turn|2
|
|t:|1783701271
|switch|p2b: Incineroar|Incineroar, L50, M|100/100
|-ability|p2b: Incineroar|Intimidate|boost
|-unboost|p1a: Kangaskhan|atk|1
|-unboost|p1b: Chandelure|atk|1
|detailschange|p2a: Dragonite|Dragonite-Mega, L50, F
|-mega|p2a: Dragonite|Dragonite|Dragoninite
|move|p1b: Chandelure|Heat Wave|p2a: Dragonite|[spread] p2b
|-miss|p1b: Chandelure|p2a: Dragonite
|-resisted|p2b: Incineroar|1
|-damage|p2b: Incineroar|82/100
|move|p1a: Kangaskhan|Hammer Arm|p2b: Incineroar|[miss]
|-miss|p1a: Kangaskhan|p2b: Incineroar
|move|p2a: Dragonite|Air Slash|p1b: Chandelure|[miss]
|-miss|p2a: Dragonite|p1b: Chandelure
|
|upkeep
|turn|3
|c|☆pikatrod|:-(
|inactive|Huasometa has 30 seconds left.
|inactive|pikatrod has 30 seconds left.
|
|t:|1783701303
|switch|p1b: Kingambit|Kingambit, L50, M|100/100
|move|p2b: Incineroar|Fake Out|p1a: Kangaskhan
|-damage|p1a: Kangaskhan|90/100
|cant|p1a: Kangaskhan|flinch
|move|p2a: Dragonite|Air Slash|p1b: Kingambit
|-resisted|p1b: Kingambit|1
|-damage|p1b: Kingambit|77/100
|
|upkeep
|turn|4
|inactive|pikatrod has 30 seconds left.
|inactive|pikatrod has 20 seconds left.
|
|t:|1783701340
|switch|p1b: Rotom|Rotom-Wash, L50|100/100
|move|p2b: Incineroar|Flare Blitz|p1b: Rotom
|-resisted|p1b: Rotom|1
|-damage|p1b: Rotom|73/100
|-damage|p2b: Incineroar|75/100|[from] Recoil
|move|p1a: Kangaskhan|Hammer Arm|p2b: Incineroar
|-supereffective|p2b: Incineroar|1
|-damage|p2b: Incineroar|34/100
|-unboost|p1a: Kangaskhan|spe|1
|-enditem|p2b: Incineroar|Sitrus Berry|[eat]
|-heal|p2b: Incineroar|58/100|[from] item: Sitrus Berry
|-supereffective|p2b: Incineroar|1
|-damage|p2b: Incineroar|48/100
|-unboost|p1a: Kangaskhan|spe|1
|-hitcount|p2b: Incineroar|2
|move|p2a: Dragonite|Air Slash|p1a: Kangaskhan
|-damage|p1a: Kangaskhan|48/100
|
|upkeep
|turn|5
|inactive|pikatrod has 30 seconds left.
|inactive|pikatrod has 20 seconds left.
|inactive|pikatrod has 15 seconds left.
|
|t:|1783701381
|move|p2a: Dragonite|Protect|p2a: Dragonite
|-singleturn|p2a: Dragonite|Protect
|move|p1a: Kangaskhan|Hammer Arm|p2b: Incineroar
|-supereffective|p2b: Incineroar|1
|-damage|p2b: Incineroar|3/100
|-unboost|p1a: Kangaskhan|spe|1
|-supereffective|p2b: Incineroar|1
|-damage|p2b: Incineroar|0 fnt
|-unboost|p1a: Kangaskhan|spe|1
|faint|p2b: Incineroar
|-hitcount|p2: Incineroar|2
|move|p1b: Rotom|Thunder Wave|p2a: Dragonite
|-activate|p2a: Dragonite|move: Protect
|
|-fieldend|move: Trick Room
|upkeep
|
|t:|1783701399
|switch|p2b: Kingambit|Kingambit, L50, M|100/100
|turn|6
|
|t:|1783701424
|switch|p1a: Kingambit|Kingambit, L50, M|77/100
|move|p2a: Dragonite|Draco Meteor|p1a: Kingambit
|-resisted|p1a: Kingambit|1
|-damage|p1a: Kingambit|37/100
|-unboost|p2a: Dragonite|spa|2
|move|p1b: Rotom|Thunder Wave|p2a: Dragonite
|-status|p2a: Dragonite|par
|move|p2b: Kingambit|Kowtow Cleave|p1b: Rotom
|-damage|p1b: Rotom|23/100
|-enditem|p1b: Rotom|Sitrus Berry|[eat]
|-heal|p1b: Rotom|48/100|[from] item: Sitrus Berry
|
|upkeep
|turn|7
|inactive|Huasometa has 30 seconds left.
|inactive|pikatrod has 30 seconds left.
|
|t:|1783701453
|move|p2b: Kingambit|Protect|p2b: Kingambit
|-singleturn|p2b: Kingambit|Protect
|move|p1b: Rotom|Volt Switch|p2a: Dragonite
|-damage|p2a: Dragonite|91/100 par
|
|t:|1783701461
|switch|p1b: Chandelure|Chandelure, L50, M|100/100|[from] Volt Switch
|move|p2a: Dragonite|Draco Meteor|p1b: Chandelure
|-damage|p1b: Chandelure|53/100
|-unboost|p2a: Dragonite|spa|2
|move|p1a: Kingambit|Iron Head|p2a: Dragonite
|-damage|p2a: Dragonite|52/100 par
|
|upkeep
|turn|8
|
|t:|1783701480
|move|p2b: Kingambit|Kowtow Cleave|p1b: Chandelure
|-supereffective|p1b: Chandelure|1
|-damage|p1b: Chandelure|0 fnt
|faint|p1b: Chandelure
|move|p2a: Dragonite|Heat Wave|p1a: Kingambit|[miss]
|-miss|p2a: Dragonite|p1a: Kingambit
|move|p1a: Kingambit|Kowtow Cleave|p2a: Dragonite
|-damage|p2a: Dragonite|2/100 par
|
|upkeep
|
|t:|1783701492
|switch|p1b: Kangaskhan|Kangaskhan-Mega, L50, F|48/100
|turn|9
|
|t:|1783701500
|move|p2b: Kingambit|Protect|p2b: Kingambit
|-singleturn|p2b: Kingambit|Protect
|move|p1a: Kingambit|Sucker Punch|p2a: Dragonite
|-damage|p2a: Dragonite|0 fnt
|faint|p2a: Dragonite
|move|p1b: Kangaskhan|Hammer Arm|p2b: Kingambit
|-activate|p2b: Kingambit|move: Protect
|
|upkeep
|
|t:|1783701504
|switch|p2a: Mamoswine|Mamoswine, L50, F|100/100
|turn|10
|
|t:|1783701513
|switch|p1b: Rotom|Rotom-Wash, L50|48/100
|move|p1a: Kingambit|Protect|p1a: Kingambit
|-singleturn|p1a: Kingambit|Protect
|move|p2a: Mamoswine|High Horsepower|p1b: Rotom
|-immune|p1b: Rotom|[from] ability: Levitate
|move|p2b: Kingambit|Kowtow Cleave|p1b: Rotom
|-damage|p1b: Rotom|0 fnt
|faint|p1b: Rotom
|
|upkeep
|
|t:|1783701522
|switch|p1b: Kangaskhan|Kangaskhan-Mega, L50, F|48/100
|turn|11
|
|t:|1783701536
|move|p2a: Mamoswine|Protect|p2a: Mamoswine
|-singleturn|p2a: Mamoswine|Protect
|move|p2b: Kingambit|Protect|p2b: Kingambit
|-singleturn|p2b: Kingambit|Protect
|move|p1b: Kangaskhan|Hammer Arm|p2b: Kingambit
|-activate|p2b: Kingambit|move: Protect
|move|p1a: Kingambit|Iron Head|p2a: Mamoswine
|-activate|p2a: Mamoswine|move: Protect
|
|upkeep
|turn|12
|
|t:|1783701552
|move|p1b: Kangaskhan|Sucker Punch|p2a: Mamoswine
|-crit|p2a: Mamoswine
|-damage|p2a: Mamoswine|55/100
|-damage|p2a: Mamoswine|48/100
|-hitcount|p2a: Mamoswine|2
|move|p1a: Kingambit|Sucker Punch|p2a: Mamoswine
|-damage|p2a: Mamoswine|0 fnt
|faint|p2a: Mamoswine
|move|p2b: Kingambit|Kowtow Cleave|p1b: Kangaskhan
|-damage|p1b: Kangaskhan|14/100
|
|upkeep
|turn|13
|
|t:|1783701565
|move|p2b: Kingambit|Protect|p2b: Kingambit
|-singleturn|p2b: Kingambit|Protect
|move|p1b: Kangaskhan|Sucker Punch||[still]
|-fail|p1b: Kangaskhan
|move|p1a: Kingambit|Kowtow Cleave|p2b: Kingambit
|-activate|p2b: Kingambit|move: Protect
|
|upkeep
|turn|14
|
|t:|1783701571
|move|p1b: Kangaskhan|Sucker Punch|p2b: Kingambit
|-resisted|p2b: Kingambit|1
|-damage|p2b: Kingambit|89/100
|-resisted|p2b: Kingambit|1
|-damage|p2b: Kingambit|87/100
|-hitcount|p2b: Kingambit|2
|move|p2b: Kingambit|Sucker Punch||[still]
|-fail|p2b: Kingambit
|move|p1a: Kingambit|Kowtow Cleave|p2b: Kingambit
|-resisted|p2b: Kingambit|1
|-damage|p2b: Kingambit|62/100
|
|upkeep
|turn|15
|
|t:|1783701585
|move|p2b: Kingambit|Sucker Punch|p1b: Kangaskhan
|-crit|p1b: Kangaskhan
|-damage|p1b: Kangaskhan|0 fnt
|faint|p1b: Kangaskhan
|move|p1a: Kingambit|Kowtow Cleave|p2b: Kingambit
|-resisted|p2b: Kingambit|1
|-damage|p2b: Kingambit|40/100
|
|upkeep
|turn|16
|
|t:|1783701595
|move|p2b: Kingambit|Kowtow Cleave|p1a: Kingambit
|-resisted|p1a: Kingambit|1
|-damage|p1a: Kingambit|19/100
|move|p1a: Kingambit|Kowtow Cleave|p2b: Kingambit
|-resisted|p2b: Kingambit|1
|-damage|p2b: Kingambit|16/100
|
|upkeep
|turn|17
|
|t:|1783701604
|move|p2b: Kingambit|Kowtow Cleave|p1a: Kingambit
|-resisted|p1a: Kingambit|1
|-damage|p1a: Kingambit|1/100
|move|p1a: Kingambit|Kowtow Cleave|p2b: Kingambit
|-resisted|p2b: Kingambit|1
|-damage|p2b: Kingambit|0 fnt
|faint|p2b: Kingambit
|
|win|Huasometa
||pikatrod is ready for game 2.
||Huasometa is ready for game 2.
|uhtml|next|Next: Game 2 of 3
|l|☆pikatrod
|player|p2|
