|j|☆Lorido
|j|☆ultraclaw1
|html|Loridoultraclaw1    
|uhtml|bestof|Game 1 of a best-of-3
|t:|1785664192
|gametype|doubles
|player|p1|Lorido|2|1292
|player|p2|ultraclaw1|brycenman|1407
|gen|9
|tier|[Gen 9 Champions] VGC 2026 Reg M-B (Bo3)
|rated|
|rule|Species Clause: Limit one of each Pokémon
|rule|Item Clause: Limit 1 of each item
|clearpoke
|poke|p1|Delphox, L50, M|
|poke|p1|Sneasler, L50, F|
|poke|p1|Incineroar, L50, M|
|poke|p1|Floette-Eternal, L50, F|
|poke|p1|Kingambit, L50, M|
|poke|p1|Sinistcha, L50|
|poke|p2|Maushold, L50|
|poke|p2|Kingambit, L50, F|
|poke|p2|Garchomp, L50, M|
|poke|p2|Basculegion, L50, M|
|poke|p2|Talonflame, L50, M|
|poke|p2|Floette-Eternal, L50, F|
|teampreview|4
|showteam|p1|Delphox||Delphoxite|Blaze|HeatWave,Psychic,NastyPlot,Protect|Timid||M|||50|]Sneasler||FocusSash|PoisonTouch|CloseCombat,PoisonJab,FakeOut,QuickGuard|Jolly||F|||50|]Incineroar||SitrusBerry|Intimidate|FlareBlitz,DarkestLariat,FakeOut,PartingShot|Careful||M|||50|]Floette-Eternal||Floettite|FlowerVeil|DazzlingGleam,DrainingKiss,CalmMind,Protect|Bold||F|||50|]Kingambit||BlackGlasses|Defiant|KowtowCleave,SuckerPunch,SwordsDance,Protect|Adamant||M|||50|]Sinistcha||OccaBerry|Hospitality|MatchaGotcha,RagePowder,TrickRoom,Protect|Bold|||||50|
|showteam|p2|Maushold||FocusSash|FriendGuard|SuperFang,Taunt,FollowMe,Protect|Timid|||||50|]Kingambit||ChopleBerry|Defiant|KowtowCleave,SuckerPunch,LowKick,IronHead|Adamant||F|||50|]Garchomp||LifeOrb|RoughSkin|RockSlide,Earthquake,DragonClaw,Protect|Jolly||M|||50|]Basculegion||MysticWater|Adaptability|WaveCrash,LastRespects,AquaJet,Protect|Adamant||M|||50|]Talonflame||SharpBeak|GaleWings|QuickGuard,DualWingbeat,Tailwind,Protect|Jolly||M|||50|]Floette-Eternal||Floettite|FlowerVeil|LightofRuin,Protect,Moonblast,DazzlingGleam|Modest||F|||50|
|inactive|Battle timer is ON: inactive players will automatically lose when time's up. (requested by Lorido)
|inactive|ultraclaw1 also wants the timer to be on.
|inactive|Lorido has 60 seconds left.
|inactive|Lorido has 30 seconds left.
|inactive|Lorido has 20 seconds left.
|inactive|Lorido has 15 seconds left.
|inactive|Lorido has 10 seconds left.
|inactive|Lorido has 5 seconds left.
|
|t:|1785664282
|teamsize|p1|4
|teamsize|p2|4
|start
|switch|p1a: Sneasler|Sneasler, L50, F|100/100
|switch|p1b: Floette|Floette-Eternal, L50, F|100/100
|switch|p2a: Floette|Floette-Eternal, L50, F|100/100
|switch|p2b: Talonflame|Talonflame, L50, M|100/100
|turn|1
|inactive|Lorido has 30 seconds left.
|
|t:|1785664313
|detailschange|p2a: Floette|Floette-Mega, L50, F
|-mega|p2a: Floette|Floette|Floettite
|-ability|p2a: Floette|Fairy Aura
|detailschange|p1b: Floette|Floette-Mega, L50, F
|-mega|p1b: Floette|Floette|Floettite
|-ability|p1b: Floette|Fairy Aura
|move|p1a: Sneasler|Fake Out|p2b: Talonflame
|-damage|p2b: Talonflame|78/100
|-status|p2b: Talonflame|psn|[from] ability: Poison Touch|[of] p1a: Sneasler
|cant|p2b: Talonflame|flinch
|move|p2a: Floette|Light of Ruin|p1b: Floette|[miss]
|-miss|p2a: Floette|p1b: Floette
|move|p1b: Floette|Calm Mind|p1b: Floette
|-boost|p1b: Floette|spa|1
|-boost|p1b: Floette|spd|1
|
|-damage|p2b: Talonflame|66/100 psn|[from] psn
|upkeep
|turn|2
|inactive|Lorido has 30 seconds left.
|inactive|Lorido has 20 seconds left.
|inactive|Lorido has 15 seconds left.
|inactive|Lorido has 10 seconds left.
|
|t:|1785664358
|switch|p1a: Kingambit|Kingambit, L50, M|100/100
|move|p2b: Talonflame|Dual Wingbeat|p1a: Kingambit
|-resisted|p1a: Kingambit|1
|-damage|p1a: Kingambit|93/100
|-resisted|p1a: Kingambit|1
|-damage|p1a: Kingambit|85/100
|-hitcount|p1a: Kingambit|2
|move|p2a: Floette|Moonblast|p1b: Floette
|-damage|p1b: Floette|61/100
|move|p1b: Floette|Draining Kiss|p2a: Floette
|-damage|p2a: Floette|55/100
|-heal|p1b: Floette|90/100|[from] drain|[of] p2a: Floette
|
|-damage|p2b: Talonflame|54/100 psn|[from] psn
|upkeep
|turn|3
|inactive|Lorido has 30 seconds left.
|
|t:|1785664391
|move|p2b: Talonflame|Tailwind|p2b: Talonflame
|-sidestart|p2: ultraclaw1|move: Tailwind
|move|p2a: Floette|Light of Ruin|p1a: Kingambit
|-damage|p1a: Kingambit|0 fnt
|faint|p1a: Kingambit
|-damage|p2a: Floette|0 fnt|[from] Recoil
|faint|p2a: Floette
|move|p1b: Floette|Dazzling Gleam|p2b: Talonflame
|-resisted|p2b: Talonflame|1
|-damage|p2b: Talonflame|0 fnt
|faint|p2b: Talonflame
|
|upkeep
|
|t:|1785664403
|switch|p2b: Garchomp|Garchomp, L50, M|100/100
|switch|p2a: Basculegion|Basculegion, L50, M|100/100
|switch|p1a: Sneasler|Sneasler, L50, F|100/100
|turn|4
|
|t:|1785664427
|move|p1a: Sneasler|Fake Out|p2b: Garchomp
|-damage|p2b: Garchomp|85/100
|-damage|p1a: Sneasler|87/100|[from] ability: Rough Skin|[of] p2b: Garchomp
|cant|p2b: Garchomp|flinch
|move|p2a: Basculegion|Last Respects|p1b: Floette
|-damage|p1b: Floette|3/100
|move|p1b: Floette|Draining Kiss|p2a: Basculegion
|-damage|p2a: Basculegion|40/100
|-heal|p1b: Floette|53/100|[from] drain|[of] p2a: Basculegion
|
|upkeep
|turn|5
|inactive|Lorido has 30 seconds left.
|inactive|Lorido has 20 seconds left.
|inactive|Lorido has 15 seconds left.
|inactive|Lorido has 10 seconds left.
|inactive|Lorido has 5 seconds left.
|
|t:|1785664480
|switch|p1b: Sinistcha|Sinistcha, L50|100/100
|-heal|p1a: Sneasler|100/100|[from] ability: Hospitality|[of] p1b: Sinistcha
|move|p2b: Garchomp|Dragon Claw|p1a: Sneasler
|-damage|p1a: Sneasler|7/100
|-damage|p2b: Garchomp|75/100|[from] item: Life Orb
|move|p2a: Basculegion|Last Respects|p1b: Sinistcha
|-supereffective|p1b: Sinistcha|1
|-damage|p1b: Sinistcha|0 fnt
|faint|p1b: Sinistcha
|move|p1a: Sneasler|Poison Jab|p2a: Basculegion
|-resisted|p2a: Basculegion|1
|-damage|p2a: Basculegion|16/100
|-status|p2a: Basculegion|psn
|
|-damage|p2a: Basculegion|4/100 psn|[from] psn
|upkeep
|c|☆ultraclaw1|NO
|
|t:|1785664496
|switch|p1b: Floette|Floette-Mega, L50, F|53/100
|-ability|p1b: Floette|Fairy Aura
|turn|6
|inactive|Lorido has 30 seconds left.
|
|t:|1785664527
|move|p1b: Floette|Protect|p1b: Floette
|-singleturn|p1b: Floette|Protect
|move|p2a: Basculegion|Aqua Jet|p1b: Floette
|-activate|p1b: Floette|move: Protect
|move|p2b: Garchomp|Earthquake|p1b: Floette|[spread] p2a,p1a
|-activate|p1b: Floette|move: Protect
|-supereffective|p1a: Sneasler|1
|-damage|p2a: Basculegion|0 fnt
|-damage|p1a: Sneasler|0 fnt
|faint|p2a: Basculegion
|faint|p1a: Sneasler
|-damage|p2b: Garchomp|65/100|[from] item: Life Orb
|
|-sideend|p2: ultraclaw1|move: Tailwind
|upkeep
|turn|7
|
|t:|1785664544
|move|p2b: Garchomp|Earthquake|p1b: Floette
|-damage|p1b: Floette|0 fnt
|faint|p1b: Floette
|-damage|p2b: Garchomp|56/100|[from] item: Life Orb
|
|win|ultraclaw1
