|j|☆Gus_0Z
|j|☆GustaEiras
|html|Gus_0ZGustaEiras    
|uhtml|bestof|Game 1 of a best-of-3
|t:|1786065682
|gametype|doubles
|player|p1|Gus_0Z|volo|
|player|p2|GustaEiras|pokemonranger-gen4|
|gen|9
|tier|[Gen 9 Champions] VGC 2026 Reg M-B (Bo3)
|rule|Species Clause: Limit one of each Pokémon
|rule|Item Clause: Limit 1 of each item
|clearpoke
|poke|p1|Goodra-Hisui, L50, M|
|poke|p1|Sableye, L50, M|
|poke|p1|Meganium, L50, M|
|poke|p1|Vivillon, L50, F|
|poke|p1|Aurorus, L50, F|
|poke|p1|Quaquaval, L50, M|
|poke|p2|Dragonite, L50, M|
|poke|p2|Toxicroak, L50, F|
|poke|p2|Vivillon, L50, M|
|poke|p2|Blastoise, L50, M|
|poke|p2|Heliolisk, L50, M|
|poke|p2|Sableye, L50, F|
|teampreview|4
|showteam|p1|Goodra-Hisui||Leftovers|ShellArmor|Curse,IronHead,DragonClaw,Protect|Sassy||M|||50|]Sableye||LightClay|Prankster|Reflect,LightScreen,FakeOut,FoulPlay|Impish||M|||50|]Meganium||Meganiumite|Overgrow|SolarBeam,WeatherBall,DazzlingGleam,Protect|Timid||M|||50|]Vivillon||FocusSash|CompoundEyes|Hurricane,RagePowder,SleepPowder,Protect|Timid||F|||50|]Aurorus||NeverMeltIce|Refrigerate|HyperVoice,HyperBeam,Protect,AncientPower|Modest||F|||50|]Quaquaval||LifeOrb|Moxie|AquaStep,CloseCombat,Detect,FlipTurn|Jolly||M|||50|
|showteam|p2|Dragonite||LumBerry|Multiscale|DragonClaw,FirePunch,ExtremeSpeed,Protect|Adamant||M|||50|]Toxicroak||FocusSash|PoisonTouch|CloseCombat,PoisonJab,FakeOut,Coaching|Jolly||F|||50|]Vivillon||ChoiceScarf|CompoundEyes|Hurricane,Tailwind,RagePowder,SleepPowder|Timid||M|||50|]Blastoise||Blastoisinite|Torrent|WaterSpout,AuraSphere,ShellSmash,Protect|Modest||M|||50|]Heliolisk||LifeOrb|SolarPower|Thunderbolt,WeatherBall,Electroweb,Protect|Timid||M|||50|]Sableye||LightClay|Prankster|Encore,Disable,LightScreen,Reflect|Bold||F|||50|
|
|t:|1786065720
|teamsize|p1|4
|teamsize|p2|4
|start
|switch|p1a: Sableye|Sableye, L50, M|100/100
|switch|p1b: Aurorus|Aurorus, L50, F|100/100
|switch|p2a: Dragonite|Dragonite, L50, M|100/100
|switch|p2b: Toxicroak|Toxicroak, L50, F|100/100
|turn|1
|inactive|Battle timer is ON: inactive players will automatically lose when time's up. (requested by Gus_0Z)
|
|t:|1786065741
|move|p2b: Toxicroak|Fake Out|p1b: Aurorus
|-resisted|p1b: Aurorus|1
|-damage|p1b: Aurorus|93/100
|move|p1a: Sableye|Fake Out|p2b: Toxicroak
|-damage|p2b: Toxicroak|87/100
|move|p2a: Dragonite|Dragon Claw|p1a: Sableye
|-damage|p1a: Sableye|56/100
|cant|p1b: Aurorus|flinch
|
|upkeep
|turn|2
|
|t:|1786065763
|move|p1b: Aurorus|Protect|p1b: Aurorus
|-singleturn|p1b: Aurorus|Protect
|move|p1a: Sableye|Reflect|p1a: Sableye
|-sidestart|p1: Gus_0Z|Reflect
|move|p2b: Toxicroak|Close Combat|p1b: Aurorus
|-activate|p1b: Aurorus|move: Protect
|move|p2a: Dragonite|Dragon Claw|p1a: Sableye
|-damage|p1a: Sableye|26/100
|
|upkeep
|turn|3
|inactive|Gus_0Z has 30 seconds left.
|inactive|Gus_0Z has 20 seconds left.
|
|t:|1786065801
|switch|p1b: Meganium|Meganium, L50, M|100/100
|switch|p1a: Goodra|Goodra-Hisui, L50, M|100/100
|move|p2b: Toxicroak|Close Combat|p1b: Meganium
|-damage|p1b: Meganium|57/100
|-unboost|p2b: Toxicroak|def|1
|-unboost|p2b: Toxicroak|spd|1
|move|p2a: Dragonite|Dragon Claw|p1a: Goodra
|-damage|p1a: Goodra|70/100
|
|-heal|p1a: Goodra|76/100|[from] item: Leftovers
|upkeep
|turn|4
|inactive|Gus_0Z has 30 seconds left.
|inactive|GustaEiras has 30 seconds left.
|inactive|Gus_0Z has 20 seconds left.
|inactive|Gus_0Z has 15 seconds left.
|
|t:|1786065842
|switch|p1a: Sableye|Sableye, L50, M|26/100
|detailschange|p1b: Meganium|Meganium-Mega, L50, M
|-mega|p1b: Meganium|Meganium|Meganiumite
|move|p2b: Toxicroak|Close Combat|p1a: Sableye
|-immune|p1a: Sableye
|move|p1b: Meganium|Dazzling Gleam|p2a: Dragonite|[spread] p2a,p2b
|-supereffective|p2a: Dragonite|1
|-damage|p2a: Dragonite|71/100
|-damage|p2b: Toxicroak|13/100
|move|p2a: Dragonite|Fire Punch|p1b: Meganium
|-supereffective|p1b: Meganium|1
|-damage|p1b: Meganium|20/100y
|
|upkeep
|turn|5
|
|t:|1786065863
|move|p2b: Toxicroak|Poison Jab|p1b: Meganium
|-supereffective|p1b: Meganium|2
|-damage|p1b: Meganium|0 fnt
|faint|p1b: Meganium
|move|p2a: Dragonite|Dragon Claw|p1a: Sableye
|-damage|p1a: Sableye|0 fnt
|faint|p1a: Sableye
|
|upkeep
|j| airslashesfolante
|inactive|Gus_0Z has 30 seconds left.
|j| Nanandes
|
|t:|1786065895
|switch|p1b: Goodra|Goodra-Hisui, L50, M|76/100
|switch|p1a: Aurorus|Aurorus, L50, F|93/100
|turn|6
|inactive|GustaEiras has 30 seconds left.
|
|t:|1786065928
|move|p1a: Aurorus|Protect|p1a: Aurorus
|-singleturn|p1a: Aurorus|Protect
|move|p2b: Toxicroak|Close Combat|p1a: Aurorus
|-activate|p1a: Aurorus|move: Protect
|move|p2a: Dragonite|Dragon Claw|p1b: Goodra
|-damage|p1b: Goodra|47/100
|move|p1b: Goodra|Dragon Claw|p2b: Toxicroak
|-damage|p2b: Toxicroak|0 fnt
|faint|p2b: Toxicroak
|
|-heal|p1b: Goodra|52/100|[from] item: Leftovers
|upkeep
|
|t:|1786065940
|switch|p2b: Vivillon|Vivillon, L50, M|100/100
|turn|7
|
|t:|1786065953
|move|p2b: Vivillon|Sleep Powder|p1a: Aurorus
|-status|p1a: Aurorus|slp|[from] move: Sleep Powder
|move|p2a: Dragonite|Dragon Claw|p1b: Goodra
|-damage|p1b: Goodra|24/100
|cant|p1a: Aurorus|slp
|move|p1b: Goodra|Curse|p1b: Goodra
|-unboost|p1b: Goodra|spe|1
|-boost|p1b: Goodra|atk|1
|-boost|p1b: Goodra|def|1
|
|-heal|p1b: Goodra|29/100|[from] item: Leftovers
|upkeep
|turn|8
|inactive|GustaEiras has 30 seconds left.
|
|t:|1786065980
|move|p1b: Goodra|Protect|p1b: Goodra
|-singleturn|p1b: Goodra|Protect
|move|p2b: Vivillon|Sleep Powder|p1b: Goodra
|-activate|p1b: Goodra|move: Protect
|move|p2a: Dragonite|Dragon Claw|p1a: Aurorus
|-damage|p1a: Aurorus|61/100 slp
|cant|p1a: Aurorus|slp
|
|-heal|p1b: Goodra|35/100|[from] item: Leftovers
|upkeep
|turn|9
|inactive|Gus_0Z has 30 seconds left.
|inactive|GustaEiras has 30 seconds left.
|inactive|Gus_0Z has 20 seconds left.
|inactive|GustaEiras has 20 seconds left.
|inactive|Gus_0Z has 15 seconds left.
|
|t:|1786066022
|switch|p2b: Heliolisk|Heliolisk, L50, M|100/100
|move|p2a: Dragonite|Protect|p2a: Dragonite
|-singleturn|p2a: Dragonite|Protect
|-curestatus|p1a: Aurorus|slp|[msg]
|move|p1a: Aurorus|Hyper Voice|p2a: Dragonite|[spread] p2b
|-activate|p2a: Dragonite|move: Protect
|-damage|p2b: Heliolisk|39/100
|move|p1b: Goodra|Dragon Claw|p2a: Dragonite
|-activate|p2a: Dragonite|move: Protect
|
|-heal|p1b: Goodra|41/100|[from] item: Leftovers
|-sideend|p1: Gus_0Z|Reflect
|upkeep
|turn|10
|inactive|GustaEiras has 30 seconds left.
|
|t:|1786066053
|move|p2b: Heliolisk|Electroweb|p1b: Goodra|[spread] p1a,p1b
|-resisted|p1b: Goodra|1
|-damage|p1a: Aurorus|42/100
|-damage|p1b: Goodra|35/100
|-unboost|p1a: Aurorus|spe|1
|-unboost|p1b: Goodra|spe|1
|-damage|p2b: Heliolisk|30/100|[from] item: Life Orb
|move|p2a: Dragonite|Dragon Claw|p1a: Aurorus
|-damage|p1a: Aurorus|0 fnt
|faint|p1a: Aurorus
|move|p1b: Goodra|Dragon Claw|p2a: Dragonite
|-supereffective|p2a: Dragonite|1
|-damage|p2a: Dragonite|0 fnt
|faint|p2a: Dragonite
|
|-heal|p1b: Goodra|41/100|[from] item: Leftovers
|upkeep
|
|t:|1786066064
|switch|p2a: Vivillon|Vivillon, L50, M|100/100
|turn|11
|
|t:|1786066072
|move|p1b: Goodra|Protect|p1b: Goodra
|-singleturn|p1b: Goodra|Protect
|move|p2a: Vivillon|Sleep Powder|p1b: Goodra
|-activate|p1b: Goodra|move: Protect
|move|p2b: Heliolisk|Thunderbolt|p1b: Goodra
|-activate|p1b: Goodra|move: Protect
|
|-heal|p1b: Goodra|47/100|[from] item: Leftovers
|upkeep
|turn|12
|c| airslashesfolante|gustavo devia ser sap sipper nessa hoodra
|
|t:|1786066087
|move|p2a: Vivillon|Sleep Powder|p1b: Goodra
|-status|p1b: Goodra|slp|[from] move: Sleep Powder
|move|p2b: Heliolisk|Thunderbolt|p1b: Goodra
|-resisted|p1b: Goodra|1
|-damage|p1b: Goodra|32/100 slp
|-damage|p2b: Heliolisk|20/100y|[from] item: Life Orb
|cant|p1b: Goodra|slp
|
|-heal|p1b: Goodra|38/100 slp|[from] item: Leftovers
|upkeep
|turn|13
|
|t:|1786066096
|move|p2a: Vivillon|Sleep Powder|p1b: Goodra
|-fail|p1b: Goodra|slp
|move|p2b: Heliolisk|Thunderbolt|p1b: Goodra
|-resisted|p1b: Goodra|1
|-damage|p1b: Goodra|24/100 slp
|-damage|p2b: Heliolisk|11/100|[from] item: Life Orb
|-curestatus|p1b: Goodra|slp|[msg]
|move|p1b: Goodra|Dragon Claw|p2b: Heliolisk
|-damage|p2b: Heliolisk|0 fnt
|faint|p2b: Heliolisk
|
|-heal|p1b: Goodra|29/100|[from] item: Leftovers
|upkeep
|turn|14
|c| Nanandes|ele ainda ganha
|l| airslashesfolante
|c|☆GustaEiras|morreeeeeeee
|
|t:|1786066111
|move|p1b: Goodra|Protect|p1b: Goodra
|-singleturn|p1b: Goodra|Protect
|move|p2a: Vivillon|Sleep Powder|p1b: Goodra
|-activate|p1b: Goodra|move: Protect
|
|-heal|p1b: Goodra|35/100|[from] item: Leftovers
|upkeep
|turn|15
|c|☆GustaEiras|slk vou torturar esse goodra
|c|☆GustaEiras|kkkkkkkkkkkkkkk
|j| airslashesfolante
|
|t:|1786066132
|move|p2a: Vivillon|Sleep Powder|p1b: Goodra
|-status|p1b: Goodra|slp|[from] move: Sleep Powder
|cant|p1b: Goodra|slp
|
|-heal|p1b: Goodra|41/100 slp|[from] item: Leftovers
|upkeep
|turn|16
|c| Nanandes|Gusta n trouxe counter pra Hoodra
|
|t:|1786066136
|move|p2a: Vivillon|Sleep Powder|p1b: Goodra
|-fail|p1b: Goodra|slp
|cant|p1b: Goodra|slp
|
|-heal|p1b: Goodra|47/100 slp|[from] item: Leftovers
|upkeep
|turn|17
|
|t:|1786066139
|move|p2a: Vivillon|Sleep Powder|p1b: Goodra
|-fail|p1b: Goodra|slp
|-curestatus|p1b: Goodra|slp|[msg]
|move|p1b: Goodra|Dragon Claw|p2a: Vivillon
|-damage|p2a: Vivillon|21/100
|
|-heal|p1b: Goodra|53/100|[from] item: Leftovers
|upkeep
|turn|18
|
|t:|1786066142
|move|p2a: Vivillon|Sleep Powder|p1b: Goodra
|-status|p1b: Goodra|slp|[from] move: Sleep Powder
|cant|p1b: Goodra|slp
|
|-heal|p1b: Goodra|59/100 slp|[from] item: Leftovers
|upkeep
|turn|19
|c| Nanandes|da ff logo kkkk
|-message|GustaEiras forfeited.
|
|win|Gus_0Z
||GustaEiras is ready for game 2.
|inactive|Gus_0Z has 30 seconds to confirm battle start!
||Gus_0Z is ready for game 2.
|uhtml|next|Next: Game 2 of 3
