|j|☆maikage
|j|☆toobadforalt
|html|maikagetoobadforalt    
|uhtml|bestof|Game 2 of a best-of-3
|t:|1757789584
|gametype|doubles
|player|p1|maikage|firebreather|1134
|player|p2|toobadforalt|2|1273
|gen|9
|tier|[Gen 9] VGC 2025 Reg H (Bo3)
|rated|
|rule|Species Clause: Limit one of each Pokémon
|rule|Item Clause: Limit 1 of each item
|clearpoke
|poke|p1|Ursaluna-Bloodmoon, L50, M|
|poke|p1|Gholdengo, L50|
|poke|p1|Dragonite, L50, M|
|poke|p1|Sneasler, L50, M|
|poke|p1|Incineroar, L50, M|
|poke|p1|Amoonguss, L50, M|
|poke|p2|Dragapult, L50, M|
|poke|p2|Magmar, L50, F|
|poke|p2|Rillaboom, L50, M|
|poke|p2|Kingambit, L50, F|
|poke|p2|Sneasler, L50, M|
|poke|p2|Milotic, L50, M|
|teampreview|4
|showteam|p1|Ursaluna-Bloodmoon||AssaultVest|MindsEye|BloodMoon,EarthPower,VacuumWave,HyperVoice|||M|||50|,,,,,Water]Gholdengo||LifeOrb|GoodasGold|Protect,MakeItRain,ShadowBall,NastyPlot||||||50|,,,,,Water]Dragonite||LoadedDice|Multiscale|ScaleShot,Tailwind,Haze,Protect|||M|||50|,,,,,Fairy]Sneasler||FocusSash|Unburden|Protect,DireClaw,CloseCombat,ThroatChop|||M|||50|,,,,,Stellar]Incineroar||SafetyGoggles|Intimidate|KnockOff,PartingShot,FlareBlitz,FakeOut|||M|||50|,,,,,Ghost]Amoonguss||SitrusBerry|Regenerator|RagePowder,Spore,PollenPuff,Protect|||M|||50|,,,,,Psychic
|showteam|p2|Dragapult||ChoiceBand|ClearBody|DragonDarts,Uturn,PhantomForce,TeraBlast|||M|||50|,,,,,Ghost]Magmar||Eviolite|VitalSpirit|FollowMe,Overheat,Taunt,WillOWisp|||F|||50|,,,,,Ghost]Rillaboom||AssaultVest|GrassySurge|FakeOut,WoodHammer,GrassyGlide,HighHorsepower|||M|||50|,,,,,Fire]Kingambit||SafetyGoggles|Defiant|SwordsDance,KowtowCleave,SuckerPunch,Protect|||F|||50|,,,,,Flying]Sneasler||FocusSash|Unburden|FakeOut,DireClaw,CloseCombat,Protect|||M|||50|,,,,,Stellar]Milotic||Leftovers|Competitive|Scald,IcyWind,Haze,Protect|||M|||50|,,,,,Grass
|inactive|Battle timer is ON: inactive players will automatically lose when time's up. (requested by maikage)
|inactive|maikage has 60 seconds left.
|inactive|toobadforalt has 60 seconds left.
|
|t:|1757789625
|teamsize|p1|4
|teamsize|p2|4
|start
|switch|p1a: Amoonguss|Amoonguss, L50, M|100/100
|switch|p1b: Dragonite|Dragonite, L50, M|100/100
|switch|p2a: Milotic|Milotic, L50, M|100/100
|switch|p2b: Dragapult|Dragapult, L50, M|100/100
|turn|1
|
|t:|1757789641
|-terastallize|p2b: Dragapult|Ghost
|move|p1a: Amoonguss|Protect|p1a: Amoonguss
|-singleturn|p1a: Amoonguss|Protect
|move|p2b: Dragapult|Tera Blast|p1b: Dragonite|[anim] Tera Blast Ghost
|-damage|p1b: Dragonite|49/100
|move|p1b: Dragonite|Tailwind|p1b: Dragonite
|-sidestart|p1: maikage|move: Tailwind
|move|p2a: Milotic|Icy Wind|p1a: Amoonguss|[spread] 
|-activate|p1a: Amoonguss|move: Protect
|-miss|p2a: Milotic|p1b: Dragonite
|
|upkeep
|turn|2
|inactive|toobadforalt has 30 seconds left.
|inactive|toobadforalt has 20 seconds left.
|inactive|toobadforalt has 15 seconds left.
|
|t:|1757789681
|move|p1b: Dragonite|Scale Shot|p2b: Dragapult
|-damage|p2b: Dragapult|80/100
|-damage|p2b: Dragapult|58/100
|-damage|p2b: Dragapult|38/100
|-damage|p2b: Dragapult|18/100
|-damage|p2b: Dragapult|0 fnt
|faint|p2b: Dragapult
|-hitcount|p2: Dragapult|5
|-unboost|p1b: Dragonite|def|1
|-boost|p1b: Dragonite|spe|1
|move|p2a: Milotic|Icy Wind|p1a: Amoonguss|[spread] p1a,p1b
|-supereffective|p1a: Amoonguss
|-crit|p1a: Amoonguss
|-supereffective|p1b: Dragonite
|-damage|p1a: Amoonguss|72/100
|-damage|p1b: Dragonite|1/100
|-unboost|p1a: Amoonguss|spe|1
|-unboost|p1b: Dragonite|spe|1
|move|p1a: Amoonguss|Spore|p2a: Milotic
|-status|p2a: Milotic|slp|[from] move: Spore
|
|upkeep
|
|t:|1757789686
|switch|p2b: Kingambit|Kingambit, L50, F|100/100
|turn|3
|inactive|maikage has 30 seconds left.
|
|t:|1757789712
|move|p1b: Dragonite|Haze|p1b: Dragonite
|-clearallboost
|cant|p2a: Milotic|slp
|move|p1a: Amoonguss|Pollen Puff|p1b: Dragonite
|-heal|p1b: Dragonite|51/100
|move|p2b: Kingambit|Swords Dance|p2b: Kingambit
|-boost|p2b: Kingambit|atk|2
|
|upkeep
|turn|4
|
|t:|1757789733
|-terastallize|p1b: Dragonite|Fairy
|move|p1b: Dragonite|Scale Shot|p2a: Milotic
|-damage|p2a: Milotic|88/100 slp
|-damage|p2a: Milotic|75/100 slp
|-damage|p2a: Milotic|62/100 slp
|-damage|p2a: Milotic|49/100 slp
|-damage|p2a: Milotic|37/100 slp
|-hitcount|p2a: Milotic|5
|-unboost|p1b: Dragonite|def|1
|-boost|p1b: Dragonite|spe|1
|cant|p2a: Milotic|slp
|move|p1a: Amoonguss|Pollen Puff|p1b: Dragonite
|-heal|p1b: Dragonite|100/100
|move|p2b: Kingambit|Kowtow Cleave|p1b: Dragonite
|-resisted|p1b: Dragonite
|-damage|p1b: Dragonite|58/100
|
|-heal|p2a: Milotic|43/100 slp|[from] item: Leftovers
|-sideend|p1: maikage|move: Tailwind
|upkeep
|turn|5
|inactive|maikage has 30 seconds left.
|
|t:|1757789760
|-curestatus|p2a: Milotic|slp|[msg]
|move|p2a: Milotic|Protect|p2a: Milotic
|-singleturn|p2a: Milotic|Protect
|move|p1b: Dragonite|Scale Shot|p2a: Milotic
|-activate|p2a: Milotic|move: Protect
|move|p2b: Kingambit|Kowtow Cleave|p1b: Dragonite
|-resisted|p1b: Dragonite
|-damage|p1b: Dragonite|0 fnt
|faint|p1b: Dragonite
|move|p1a: Amoonguss|Pollen Puff|p1: Dragonite|[notarget]
|-fail|p1a: Amoonguss
|
|-heal|p2a: Milotic|49/100|[from] item: Leftovers
|upkeep
|
|t:|1757789773
|switch|p1b: Sneasler|Sneasler, L50, M|100/100
|turn|6
|
|t:|1757789785
|move|p1b: Sneasler|Protect|p1b: Sneasler
|-singleturn|p1b: Sneasler|Protect
|move|p2b: Kingambit|Sucker Punch||[still]
|-fail|p2b: Kingambit
|move|p2a: Milotic|Icy Wind|p1b: Sneasler|[spread] p1a
|-activate|p1b: Sneasler|move: Protect
|-supereffective|p1a: Amoonguss
|-damage|p1a: Amoonguss|55/100
|-unboost|p1a: Amoonguss|spe|1
|move|p1a: Amoonguss|Spore|p2a: Milotic
|-status|p2a: Milotic|slp|[from] move: Spore
|
|-heal|p2a: Milotic|55/100 slp|[from] item: Leftovers
|upkeep
|turn|7
|inactive|maikage has 30 seconds left.
|
|t:|1757789812
|move|p2b: Kingambit|Protect|p2b: Kingambit
|-singleturn|p2b: Kingambit|Protect
|move|p1b: Sneasler|Close Combat|p2b: Kingambit
|-activate|p2b: Kingambit|move: Protect
|cant|p2a: Milotic|slp
|move|p1a: Amoonguss|Pollen Puff|p2a: Milotic
|-damage|p2a: Milotic|40/100 slp
|
|-heal|p2a: Milotic|46/100 slp|[from] item: Leftovers
|upkeep
|turn|8
|
|t:|1757789830
|switch|p2b: Rillaboom|Rillaboom, L50, M|100/100
|-fieldstart|move: Grassy Terrain|[from] ability: Grassy Surge|[of] p2b: Rillaboom
|move|p1b: Sneasler|Close Combat|p2b: Rillaboom
|-damage|p2b: Rillaboom|42/100
|-unboost|p1b: Sneasler|def|1
|-unboost|p1b: Sneasler|spd|1
|cant|p2a: Milotic|slp
|move|p1a: Amoonguss|Pollen Puff|p2a: Milotic
|-damage|p2a: Milotic|32/100 slp
|
|-heal|p2b: Rillaboom|48/100|[from] Grassy Terrain
|-heal|p2a: Milotic|38/100 slp|[from] Grassy Terrain
|-heal|p2a: Milotic|44/100 slp|[from] item: Leftovers
|-heal|p1a: Amoonguss|61/100|[from] Grassy Terrain
|upkeep
|turn|9
|inactive|maikage has 30 seconds left.
|inactive|toobadforalt has 30 seconds left.
|
|t:|1757789858
|move|p2b: Rillaboom|Fake Out|p1a: Amoonguss
|-damage|p1a: Amoonguss|50/100
|-enditem|p1a: Amoonguss|Sitrus Berry|[eat]
|-heal|p1a: Amoonguss|75/100|[from] item: Sitrus Berry
|move|p1b: Sneasler|Dire Claw|p2b: Rillaboom
|-supereffective|p2b: Rillaboom
|-damage|p2b: Rillaboom|0 fnt
|faint|p2b: Rillaboom
|-curestatus|p2a: Milotic|slp|[msg]
|move|p2a: Milotic|Icy Wind|p1b: Sneasler|[spread] p1a,p1b
|-supereffective|p1a: Amoonguss
|-damage|p1a: Amoonguss|57/100
|-damage|p1b: Sneasler|80/100
|-unboost|p1a: Amoonguss|spe|1
|-unboost|p1b: Sneasler|spe|1
|cant|p1a: Amoonguss|flinch
|
|-heal|p1b: Sneasler|86/100|[from] Grassy Terrain
|-heal|p2a: Milotic|50/100|[from] Grassy Terrain
|-heal|p2a: Milotic|57/100|[from] item: Leftovers
|-heal|p1a: Amoonguss|63/100|[from] Grassy Terrain
|upkeep
|
|t:|1757789877
|switch|p2b: Kingambit|Kingambit, L50, F|100/100
|turn|10
|
|t:|1757789886
|switch|p1a: Incineroar|Incineroar, L50, M|100/100
|-ability|p1a: Incineroar|Intimidate|boost
|-unboost|p2a: Milotic|atk|1
|-ability|p2a: Milotic|Competitive|boost
|-boost|p2a: Milotic|spa|2
|-unboost|p2b: Kingambit|atk|1
|-ability|p2b: Kingambit|Defiant|boost
|-boost|p2b: Kingambit|atk|2
|move|p1b: Sneasler|Protect|p1b: Sneasler
|-singleturn|p1b: Sneasler|Protect
|move|p2a: Milotic|Protect|p2a: Milotic
|-singleturn|p2a: Milotic|Protect
|move|p2b: Kingambit|Sucker Punch||[still]
|-fail|p2b: Kingambit
|
|-heal|p1b: Sneasler|91/100|[from] Grassy Terrain
|-heal|p2a: Milotic|63/100|[from] Grassy Terrain
|-heal|p2a: Milotic|69/100|[from] item: Leftovers
|upkeep
|turn|11
|inactive|maikage has 30 seconds left.
|
|t:|1757789916
|move|p2a: Milotic|Protect||[still]
|-fail|p2a: Milotic
|move|p2b: Kingambit|Protect|p2b: Kingambit
|-singleturn|p2b: Kingambit|Protect
|move|p1a: Incineroar|Fake Out|p2a: Milotic
|-damage|p2a: Milotic|58/100
|move|p1b: Sneasler|Dire Claw|p2a: Milotic
|-damage|p2a: Milotic|25/100
|
|-heal|p1b: Sneasler|97/100|[from] Grassy Terrain
|-heal|p2a: Milotic|31/100|[from] Grassy Terrain
|-heal|p2a: Milotic|37/100|[from] item: Leftovers
|upkeep
|turn|12
|inactive|toobadforalt has 30 seconds left.
|
|t:|1757789943
|switch|p1a: Amoonguss|Amoonguss, L50, M|96/100
|move|p1b: Sneasler|Protect|p1b: Sneasler
|-singleturn|p1b: Sneasler|Protect
|move|p2b: Kingambit|Sucker Punch||[still]
|-fail|p2b: Kingambit
|move|p2a: Milotic|Scald|p1b: Sneasler
|-activate|p1b: Sneasler|move: Protect
|
|-heal|p1b: Sneasler|100/100|[from] Grassy Terrain
|-heal|p2a: Milotic|43/100|[from] Grassy Terrain
|-heal|p2a: Milotic|49/100|[from] item: Leftovers
|-heal|p1a: Amoonguss|100/100|[from] Grassy Terrain
|-fieldend|move: Grassy Terrain
|upkeep
|turn|13
|
|t:|1757789960
|move|p2b: Kingambit|Protect|p2b: Kingambit
|-singleturn|p2b: Kingambit|Protect
|move|p1b: Sneasler|Close Combat|p2b: Kingambit
|-activate|p2b: Kingambit|move: Protect
|move|p2a: Milotic|Scald|p1b: Sneasler
|-enditem|p1b: Sneasler|Focus Sash
|-damage|p1b: Sneasler|1/100
|move|p1a: Amoonguss|Spore|p2a: Milotic
|-status|p2a: Milotic|slp|[from] move: Spore
|
|-heal|p2a: Milotic|56/100 slp|[from] item: Leftovers
|upkeep
|turn|14
|inactive|maikage has 30 seconds left.
|
|t:|1757789989
|switch|p1b: Incineroar|Incineroar, L50, M|100/100
|-ability|p1b: Incineroar|Intimidate|boost
|-unboost|p2a: Milotic|atk|1
|-ability|p2a: Milotic|Competitive|boost
|-boost|p2a: Milotic|spa|2
|-unboost|p2b: Kingambit|atk|1
|-ability|p2b: Kingambit|Defiant|boost
|-boost|p2b: Kingambit|atk|2
|move|p2b: Kingambit|Sucker Punch||[still]
|-fail|p2b: Kingambit
|cant|p2a: Milotic|slp
|move|p1a: Amoonguss|Pollen Puff|p2a: Milotic
|-damage|p2a: Milotic|42/100 slp
|
|-heal|p2a: Milotic|48/100 slp|[from] item: Leftovers
|upkeep
|turn|15
|inactive|maikage has 30 seconds left.
|inactive|toobadforalt has 30 seconds left.
|inactive|maikage has 20 seconds left.
|inactive|maikage has 15 seconds left.
|inactive|maikage has 10 seconds left.
|
|t:|1757790036
|switch|p1b: Sneasler|Sneasler, L50, M|1/100
|-curestatus|p2a: Milotic|slp|[msg]
|move|p2a: Milotic|Scald|p1b: Sneasler
|-damage|p1b: Sneasler|0 fnt
|faint|p1b: Sneasler
|move|p2b: Kingambit|Kowtow Cleave|p1a: Amoonguss
|-damage|p1a: Amoonguss|21/100
|move|p1a: Amoonguss|Pollen Puff|p2a: Milotic
|-damage|p2a: Milotic|36/100
|
|-heal|p2a: Milotic|42/100|[from] item: Leftovers
|upkeep
|
|t:|1757790049
|switch|p1b: Incineroar|Incineroar, L50, M|100/100
|-ability|p1b: Incineroar|Intimidate|boost
|-unboost|p2a: Milotic|atk|1
|-ability|p2a: Milotic|Competitive|boost
|-boost|p2a: Milotic|spa|2
|-unboost|p2b: Kingambit|atk|1
|-ability|p2b: Kingambit|Defiant|boost
|-boost|p2b: Kingambit|atk|2
|turn|16
|
|t:|1757790059
|move|p2a: Milotic|Protect|p2a: Milotic
|-singleturn|p2a: Milotic|Protect
|move|p2b: Kingambit|Protect|p2b: Kingambit
|-singleturn|p2b: Kingambit|Protect
|move|p1b: Incineroar|Fake Out|p2b: Kingambit
|-activate|p2b: Kingambit|move: Protect
|move|p1a: Amoonguss|Spore|p2a: Milotic
|-activate|p2a: Milotic|move: Protect
|
|-heal|p2a: Milotic|48/100|[from] item: Leftovers
|upkeep
|turn|17
|
|t:|1757790076
|move|p1a: Amoonguss|Rage Powder|p1a: Amoonguss
|-singleturn|p1a: Amoonguss|move: Rage Powder
|move|p2b: Kingambit|Sucker Punch|p1b: Incineroar
|-resisted|p1b: Incineroar
|-damage|p1b: Incineroar|51/100
|move|p2a: Milotic|Icy Wind|p1b: Incineroar|[spread] p1a,p1b
|-supereffective|p1a: Amoonguss
|-resisted|p1b: Incineroar
|-damage|p1a: Amoonguss|0 fnt
|-damage|p1b: Incineroar|31/100
|-unboost|p1b: Incineroar|spe|1
|faint|p1a: Amoonguss
|move|p1b: Incineroar|Flare Blitz|p2b: Kingambit
|-supereffective|p2b: Kingambit
|-damage|p2b: Kingambit|30/100
|-damage|p1b: Incineroar|8/100|[from] Recoil
|
|-heal|p2a: Milotic|54/100|[from] item: Leftovers
|upkeep
|turn|18
|-message|maikage forfeited.
|
|win|toobadforalt
|raw|maikage's rating: 1134 → 1119(-15 for losing)
|raw|toobadforalt's rating: 1273 → 1288(+15 for winning)
|l|☆maikage
|player|p1|
