|j|☆bigboyblue3451
|j|☆RaikuDraco
|html|bigboyblue3451RaikuDraco    
|uhtml|bestof|Game 1 of a best-of-3
|t:|1756774342
|gametype|doubles
|player|p1|bigboyblue3451|101|1282
|player|p2|RaikuDraco|265|1227
|gen|9
|tier|[Gen 9] VGC 2025 Reg H (Bo3)
|rated|
|rule|Species Clause: Limit one of each Pokémon
|rule|Item Clause: Limit 1 of each item
|clearpoke
|poke|p1|Archaludon, L50, M|
|poke|p1|Maushold, L50|
|poke|p1|Incineroar, L50, F|
|poke|p1|Pelipper, L50, M|
|poke|p1|Amoonguss, L50, F|
|poke|p1|Basculegion, L50, M|
|poke|p2|Whimsicott, L50, M|
|poke|p2|Dragonite, L50, M|
|poke|p2|Gholdengo, L50|
|poke|p2|Garchomp, L50, F|
|poke|p2|Sneasler, L50, M|
|poke|p2|Incineroar, L50, M|
|teampreview|4
|showteam|p1|Archaludon||AssaultVest|Stamina|ElectroShot,Snarl,DracoMeteor,BodyPress|||M|||50|,,,,,Bug]Maushold||WideLens|Technician|PopulationBomb,Taunt,FollowMe,Protect||||||50|,,,,,Ghost]Incineroar||SafetyGoggles|Intimidate|FakeOut,KnockOff,FlareBlitz,PartingShot|||F|||50|,,,,,Ghost]Pelipper||FocusSash|Drizzle|MuddyWater,Hurricane,Tailwind,Protect|||M|||50|,,,,,Stellar]Amoonguss||CovertCloak|Regenerator|Spore,PollenPuff,RagePowder,ClearSmog|||F|||50|,,,,,Psychic]Basculegion||ChoiceBand|SwiftSwim|AquaJet,FlipTurn,WaveCrash,LastRespects|||M|||50|,,,,,Fire
|showteam|p2|Whimsicott||CovertCloak|Prankster|Moonblast,Tailwind,Encore,Taunt|||M|||50|,,,,,Water]Dragonite||LoadedDice|Multiscale|ScaleShot,ExtremeSpeed,Haze,Protect|||M|||50|,,,,,Fairy]Gholdengo||ChoiceSpecs|GoodasGold|MakeItRain,ShadowBall,Thunderbolt,Trick||||||50|,,,,,Steel]Garchomp||LifeOrb|RoughSkin|DragonClaw,StompingTantrum,Earthquake,Protect|||F|||50|,,,,,Ground]Sneasler||FocusSash|Unburden|DireClaw,CloseCombat,Coaching,Protect|||M|||50|,,,,,Stellar]Incineroar||AssaultVest|Intimidate|FlareBlitz,KnockOff,Uturn,FakeOut|||M|||50|,,,,,Grass
|inactive|Battle timer is ON: inactive players will automatically lose when time's up. (requested by RaikuDraco)
|inactive|RaikuDraco has 60 seconds left.
|
|t:|1756774390
|teamsize|p1|4
|teamsize|p2|4
|start
|switch|p1a: Basculegion|Basculegion, L50, M|100/100
|switch|p1b: Pelipper|Pelipper, L50, M|100/100
|switch|p2a: Whimsicott|Whimsicott, L50, M|100/100
|switch|p2b: Sneasler|Sneasler, L50, M|100/100
|-weather|RainDance|[from] ability: Drizzle|[of] p1b: Pelipper
|turn|1
|inactive|bigboyblue3451 has 30 seconds left.
|inactive|RaikuDraco has 30 seconds left.
|inactive|RaikuDraco has 20 seconds left.
|
|t:|1756774427
|move|p2b: Sneasler|Protect|p2b: Sneasler
|-singleturn|p2b: Sneasler|Protect
|move|p2a: Whimsicott|Tailwind|p2a: Whimsicott
|-sidestart|p2: RaikuDraco|move: Tailwind
|move|p1a: Basculegion|Flip Turn|p2b: Sneasler
|-activate|p2b: Sneasler|move: Protect
|move|p1b: Pelipper|Tailwind|p1b: Pelipper
|-sidestart|p1: bigboyblue3451|move: Tailwind
|
|-weather|RainDance|[upkeep]
|upkeep
|turn|2
|inactive|bigboyblue3451 has 30 seconds left.
|inactive|RaikuDraco has 30 seconds left.
|inactive|RaikuDraco has 20 seconds left.
|inactive|RaikuDraco has 15 seconds left.
|
|t:|1756774468
|switch|p1b: Archaludon|Archaludon, L50, M|100/100
|move|p2a: Whimsicott|Encore||[still]
|-fail|p2a: Whimsicott
|move|p1a: Basculegion|Flip Turn|p2b: Sneasler
|-enditem|p2b: Sneasler|Focus Sash
|-damage|p2b: Sneasler|1/100
|inactive|bigboyblue3451 has 30 seconds left.
|
|t:|1756774494
|switch|p1a: Amoonguss|Amoonguss, L50, F|100/100|[from] Flip Turn
|move|p2b: Sneasler|Dire Claw|p1a: Amoonguss
|-damage|p1a: Amoonguss|69/100
|
|-weather|RainDance|[upkeep]
|upkeep
|turn|3
|inactive|RaikuDraco has 30 seconds left.
|inactive|bigboyblue3451 has 30 seconds left.
|inactive|RaikuDraco has 20 seconds left.
|inactive|bigboyblue3451 has 20 seconds left.
|
|t:|1756774541
|move|p1a: Amoonguss|Rage Powder|p1a: Amoonguss
|-singleturn|p1a: Amoonguss|move: Rage Powder
|move|p2a: Whimsicott|Taunt|p1a: Amoonguss
|-start|p1a: Amoonguss|move: Taunt
|move|p2b: Sneasler|Close Combat|p1a: Amoonguss
|-resisted|p1a: Amoonguss
|-damage|p1a: Amoonguss|43/100
|-unboost|p2b: Sneasler|def|1
|-unboost|p2b: Sneasler|spd|1
|move|p1b: Archaludon|Electro Shot||[still]
|-prepare|p1b: Archaludon|Electro Shot
|-boost|p1b: Archaludon|spa|1
|-anim|p1b: Archaludon|Electro Shot|p2b: Sneasler
|-damage|p2b: Sneasler|0 fnt
|faint|p2b: Sneasler
|
|-weather|RainDance|[upkeep]
|upkeep
|inactive|RaikuDraco has 30 seconds left.
|
|t:|1756774568
|switch|p2b: Gholdengo|Gholdengo, L50|100/100
|turn|4
|inactive|RaikuDraco has 30 seconds left.
|inactive|RaikuDraco has 20 seconds left.
|inactive|RaikuDraco has 15 seconds left.
|inactive|RaikuDraco has 10 seconds left.
|
|t:|1756774614
|switch|p1a: Basculegion|Basculegion, L50, M|100/100
|move|p2a: Whimsicott|Moonblast|p1b: Archaludon
|-damage|p1b: Archaludon|81/100
|-ability|p1b: Archaludon|Stamina|boost
|-boost|p1b: Archaludon|def|1
|move|p2b: Gholdengo|Make It Rain|p1b: Archaludon|[spread] p1a,p1b
|-resisted|p1a: Basculegion
|-resisted|p1b: Archaludon
|-damage|p1a: Basculegion|64/100
|-damage|p1b: Archaludon|56/100
|-unboost|p2b: Gholdengo|spa|1
|-ability|p1b: Archaludon|Stamina|boost
|-boost|p1b: Archaludon|def|1
|move|p1b: Archaludon|Electro Shot||[still]
|-prepare|p1b: Archaludon|Electro Shot
|-boost|p1b: Archaludon|spa|1
|-anim|p1b: Archaludon|Electro Shot|p2b: Gholdengo
|-damage|p2b: Gholdengo|13/100
|
|-weather|RainDance|[upkeep]
|-sideend|p2: RaikuDraco|move: Tailwind
|-sideend|p1: bigboyblue3451|move: Tailwind
|upkeep
|turn|5
|inactive|RaikuDraco has 30 seconds left.
|
|t:|1756774647
|switch|p2b: Dragonite|Dragonite, L50, M|100/100
|move|p1a: Basculegion|Aqua Jet|p2b: Dragonite
|-resisted|p2b: Dragonite
|-crit|p2b: Dragonite
|-damage|p2b: Dragonite|81/100
|move|p2a: Whimsicott|Tailwind|p2a: Whimsicott
|-sidestart|p2: RaikuDraco|move: Tailwind
|move|p1b: Archaludon|Snarl|p2a: Whimsicott|[spread] p2a,p2b
|-resisted|p2a: Whimsicott
|-damage|p2a: Whimsicott|86/100
|-damage|p2b: Dragonite|56/100
|-unboost|p2b: Dragonite|spa|1
|
|-weather|none
|upkeep
|turn|6
|inactive|RaikuDraco has 30 seconds left.
|
|t:|1756774680
|switch|p1a: Amoonguss|Amoonguss, L50, F|76/100
|move|p2a: Whimsicott|Moonblast|p1a: Amoonguss
|-resisted|p1a: Amoonguss
|-damage|p1a: Amoonguss|64/100
|move|p2b: Dragonite|Haze|p2b: Dragonite
|-clearallboost
|move|p1b: Archaludon|Draco Meteor|p2b: Dragonite
|-supereffective|p2b: Dragonite
|-damage|p2b: Dragonite|0 fnt
|-unboost|p1b: Archaludon|spa|2
|faint|p2b: Dragonite
|
|upkeep
|
|t:|1756774693
|switch|p2b: Gholdengo|Gholdengo, L50|13/100
|turn|7
|inactive|RaikuDraco has 30 seconds left.
|
|t:|1756774727
|switch|p1b: Pelipper|Pelipper, L50, M|100/100
|-weather|RainDance|[from] ability: Drizzle|[of] p1b: Pelipper
|-terastallize|p2b: Gholdengo|Steel
|move|p2a: Whimsicott|Moonblast|p1b: Pelipper
|-damage|p1b: Pelipper|51/100
|-unboost|p1b: Pelipper|spa|1
|move|p2b: Gholdengo|Make It Rain|p1a: Amoonguss|[spread] p1a,p1b
|-resisted|p1b: Pelipper
|-damage|p1a: Amoonguss|0 fnt
|-damage|p1b: Pelipper|0 fnt
|-unboost|p2b: Gholdengo|spa|1
|faint|p1a: Amoonguss
|faint|p1b: Pelipper
|
|-weather|RainDance|[upkeep]
|upkeep
|
|t:|1756774743
|switch|p1b: Basculegion|Basculegion, L50, M|64/100
|switch|p1a: Archaludon|Archaludon, L50, M|56/100
|turn|8
|
|t:|1756774760
|-terastallize|p1b: Basculegion|Fire
|move|p2a: Whimsicott|Moonblast|p1b: Basculegion
|-resisted|p1b: Basculegion
|-damage|p1b: Basculegion|50/100
|move|p2b: Gholdengo|Make It Rain|p1a: Archaludon|[spread] p1a,p1b
|-resisted|p1a: Archaludon
|-resisted|p1b: Basculegion
|-damage|p1a: Archaludon|34/100
|-damage|p1b: Basculegion|13/100
|-unboost|p2b: Gholdengo|spa|1
|-ability|p1a: Archaludon|Stamina|boost
|-boost|p1a: Archaludon|def|1
|move|p1b: Basculegion|Last Respects|p2a: Whimsicott
|-damage|p2a: Whimsicott|0 fnt
|faint|p2a: Whimsicott
|move|p1a: Archaludon|Snarl|p2b: Gholdengo
|-crit|p2b: Gholdengo
|-damage|p2b: Gholdengo|0 fnt
|faint|p2b: Gholdengo
|
|win|bigboyblue3451
|inactive|bigboyblue3451 has 30 seconds to confirm battle start!
|inactive|RaikuDraco has 30 seconds to confirm battle start!
||bigboyblue3451 is ready for game 2.
||RaikuDraco is ready for game 2.
|uhtml|next|Next: Game 2 of 3
|l|☆bigboyblue3451
|player|p1|
