|j|‚ėÜchenhow3814
|j|‚ėÜfujishimamegumi
|html|chenhow3814fujishimamegumi    
|uhtml|bestof|Game 1 of a best-of-3
|t:|1785931273
|gametype|doubles
|player|p1|chenhow3814|265|
|player|p2|fujishimamegumi|2|
|gen|9
|tier|[Gen 9 Champions] VGC 2026 Reg M-B (Bo3)
|rule|Species Clause: Limit one of each Pok√©mon
|rule|Item Clause: Limit 1 of each item
|clearpoke
|poke|p1|Blastoise, L50, F|
|poke|p1|Farigiraf, L50, F|
|poke|p1|Zoroark-Hisui, L50, M|
|poke|p1|Sylveon, L50, F|
|poke|p1|Kingambit, L50, M|
|poke|p1|Kangaskhan, L50, F|
|poke|p2|Sinistcha-Masterpiece, L50|
|poke|p2|Sneasler, L50, F|
|poke|p2|Glimmora, L50, M|
|poke|p2|Staraptor, L50, M|
|poke|p2|Grimmsnarl, L50, M|
|poke|p2|Charizard, L50, M|
|teampreview|4
|showteam|p1|Blastoise||Blastoisinite|Torrent|WaterSpout,AuraSphere,DarkPulse,FakeOut|Modest||F|||50|]Farigiraf||SitrusBerry|ArmorTail|HelpingHand,Thunderbolt,TrickRoom,Psychic|Relaxed||F|||50|]Zoroark-Hisui||FocusSash|Illusion|Round,ShadowBall,Taunt,IcyWind|Timid||M|||50|]Sylveon||FairyFeather|Pixilate|HyperVoice,Round,Protect,Moonblast|Modest||F|||50|]Kingambit||OccaBerry|Defiant|KowtowCleave,SuckerPunch,IronHead,LowKick|Adamant||M|||50|]Kangaskhan||Kangaskhanite|Scrappy|DoubleEdge,IcePunch,DrainPunch,FakeOut|Adamant||F|||50|
|showteam|p2|Sinistcha-Masterpiece||Leftovers|Hospitality|MatchaGotcha,ShadowBall,CalmMind,Protect|Modest|||||50|]Sneasler||WhiteHerb|Unburden|CloseCombat,DireClaw,Protect,FakeOut|Adamant||F|||50|]Glimmora||FocusSash|ToxicDebris|PowerGem,SludgeBomb,EarthPower,SpikyShield|Timid||M|||50|]Staraptor||Staraptite|Intimidate|CloseCombat,DualWingbeat,Roost,Protect|Jolly||M|||50|]Grimmsnarl||LightClay|Prankster|SpiritBreak,PartingShot,Reflect,LightScreen|Sassy||M|||50|]Charizard||CharizarditeY|Blaze|HeatWave,WeatherBall,SolarBeam,Protect|Modest||M|||50|
|j| r13974682
|j| cubesugar
|j| ChienX2
|l| cubesugar
|l|‚ėÜchenhow3814
|player|p1|
|j| cubesugar
|j| YuWei1101
|j| Eggy‚ÄôsDad
|l| Eggy‚ÄôsDad
|j| 7019Q_Q
|j| KKCWind
|j| Harmony of Stars
|j| tocookie0126
|l| Harmony of Stars
|l| 7019Q_Q
|j| 7019Q_Q
|j|‚ėÜchenhow3814
|player|p1|chenhow3814|265|
|c|‚ėÜfujishimamegumi|ÁČĻÁīöŚĽöŚłęśĄüŤ¶ļŤá™Ś∑Īť†≠ŚŅęÁ†īšļÜ
|l| 7019Q_Q
|j| 7019Q_Q
|
|t:|1785931425
|teamsize|p1|4
|teamsize|p2|4
|start
|switch|p1a: Sylveon|Sylveon, L50, F|100/100
|switch|p1b: Farigiraf|Farigiraf, L50, F|100/100
|switch|p2a: Grimmsnarl|Grimmsnarl, L50, M|100/100
|switch|p2b: Sinistcha|Sinistcha-Masterpiece, L50|100/100
|turn|1
|j| youchan1122
|
|t:|1785931465
|move|p2a: Grimmsnarl|Light Screen|p2a: Grimmsnarl
|-sidestart|p2: fujishimamegumi|move: Light Screen
|move|p1b: Farigiraf|Shadow Ball|p2b: Sinistcha
|-supereffective|p2b: Sinistcha|1
|-damage|p2b: Sinistcha|40/100
|move|p1a: Sylveon|Hyper Voice|p2b: Sinistcha|[spread] p2a,p2b
|-supereffective|p2a: Grimmsnarl|1
|-damage|p2a: Grimmsnarl|44/100
|-damage|p2b: Sinistcha|10/100
|move|p2b: Sinistcha|Calm Mind|p2b: Sinistcha
|-boost|p2b: Sinistcha|spa|1
|-boost|p2b: Sinistcha|spd|1
|
|-heal|p2b: Sinistcha|16/100|[from] item: Leftovers
|upkeep
|turn|2
|l| YuWei1101
|j| YuWei1101
|
|t:|1785931532
|move|p2b: Sinistcha|Protect|p2b: Sinistcha
|-singleturn|p2b: Sinistcha|Protect
|move|p2a: Grimmsnarl|Parting Shot|p1a: Sylveon
|-unboost|p1a: Sylveon|atk|1
|-unboost|p1a: Sylveon|spa|1
|
|t:|1785931538
|switch|p2a: Sneasler|Sneasler, L50, F|100/100|[from] Parting Shot
|move|p1b: Farigiraf|Icy Wind|p2b: Sinistcha|[spread] p2a
|-activate|p2b: Sinistcha|move: Protect
|-damage|p2a: Sneasler|88/100
|-unboost|p2a: Sneasler|spe|1
|-enditem|p2a: Sneasler|White Herb
|-clearnegativeboost|p2a: Sneasler|[silent]
|move|p1a: Sylveon|Hyper Voice|p2b: Sinistcha|[spread] p2a
|-activate|p2b: Sinistcha|move: Protect
|-damage|p2a: Sneasler|63/100
|
|-heal|p2b: Sinistcha|22/100|[from] item: Leftovers
|upkeep
|turn|3
|j| CrazyOz
|c| youchan1122|ťÄôŚÄčÁč†Ť©ĪšłćśėĮŚÖąŚą∂śčõŚóé
|j| weidaoguy
|
|t:|1785931585
|move|p1a: Sylveon|Protect|p1a: Sylveon
|-singleturn|p1a: Sylveon|Protect
|move|p2a: Sneasler|Dire Claw|p1a: Sylveon
|-activate|p1a: Sylveon|move: Protect
|move|p1b: Farigiraf|Shadow Ball|p2b: Sinistcha
|-supereffective|p2b: Sinistcha|1
|-damage|p2b: Sinistcha|0 fnt
|faint|p2b: Sinistcha
|
|upkeep
|
|t:|1785931589
|switch|p2b: Staraptor|Staraptor, L50, M|100/100
|-ability|p2b: Staraptor|Intimidate|boost
|-unboost|p1a: Sylveon|atk|1
|-unboost|p1b: Farigiraf|atk|1
|turn|4
|c| youchan1122|Ś•Ĺ śąĎśėĮśôļťöúŚą•ÁźÜśąĎ
|c| r13974682|w
|c|‚ėÜfujishimamegumi|:D
|
|t:|1785931617
|switch|p1a: Farigiraf|Farigiraf, L50, F|100/100
|detailschange|p2b: Staraptor|Staraptor-Mega, L50, M
|-mega|p2b: Staraptor|Staraptor|Staraptite
|move|p2a: Sneasler|Dire Claw|p1a: Farigiraf
|-damage|p1a: Farigiraf|67/100
|-status|p1a: Farigiraf|slp
|move|p1b: Farigiraf|Shadow Ball|p2a: Sneasler
|-damage|p2a: Sneasler|27/100
|move|p2b: Staraptor|Close Combat|p1a: Farigiraf
|-damage|p1a: Farigiraf|23/100 slp
|-boost|p2b: Staraptor|def|1
|-boost|p2b: Staraptor|spd|1
|-enditem|p1a: Farigiraf|Sitrus Berry|[eat]
|-heal|p1a: Farigiraf|48/100 slp|[from] item: Sitrus Berry
|
|upkeep
|turn|5
|
|t:|1785931658
|switch|p2a: Grimmsnarl|Grimmsnarl, L50, M|44/100
|switch|p1a: Sylveon|Sylveon, L50, F|100/100
|move|p1b: Farigiraf|Shadow Ball|p2a: Grimmsnarl
|-resisted|p2a: Grimmsnarl|1
|-damage|p2a: Grimmsnarl|32/100
|move|p2b: Staraptor|Close Combat|p1a: Sylveon
|-resisted|p1a: Sylveon|1
|-damage|p1a: Sylveon|62/100
|-boost|p2b: Staraptor|def|1
|-boost|p2b: Staraptor|spd|1
|
|upkeep
|turn|6
|c| 7019Q_Q|Á¨¨šłÄś¨°ÁúčŚąįŚÖ©ťöĽ770xd
|
|t:|1785931681
|move|p2a: Grimmsnarl|Reflect|p2a: Grimmsnarl
|-sidestart|p2: fujishimamegumi|Reflect
|move|p2b: Staraptor|Dual Wingbeat|p1b: Farigiraf
|-damage|p1b: Farigiraf|58/100
|replace|p1b: Zoroark|Zoroark-Hisui, L50, M
|-end|p1b: Zoroark|Illusion
|-damage|p1b: Zoroark|18/100
|-hitcount|p1b: Zoroark|2
|move|p1b: Zoroark|Round|p2b: Staraptor
|-damage|p2b: Staraptor|89/100
|move|p1a: Sylveon|Round|p2b: Staraptor|[from] move: Round
|-supereffective|p2b: Staraptor|1
|-damage|p2b: Staraptor|29/100
|
|upkeep
|turn|7
|j| hawabeef
|l| youchan1122
|
|t:|1785931735
|move|p2b: Staraptor|Protect|p2b: Staraptor
|-singleturn|p2b: Staraptor|Protect
|move|p1b: Zoroark|Shadow Ball|p2b: Staraptor
|-activate|p2b: Staraptor|move: Protect
|move|p1a: Sylveon|Hyper Voice|p2b: Staraptor|[spread] p2a
|-activate|p2b: Staraptor|move: Protect
|-supereffective|p2a: Grimmsnarl|1
|-damage|p2a: Grimmsnarl|0 fnt
|faint|p2a: Grimmsnarl
|
|upkeep
|l| CrazyOz
|
|t:|1785931743
|switch|p2a: Sneasler|Sneasler, L50, F|27/100
|turn|8
|j| youchan1122
|l| hawabeef
|
|t:|1785931791
|switch|p1a: Farigiraf|Farigiraf, L50, F|48/100 slp
|move|p2b: Staraptor|Dual Wingbeat|p1b: Zoroark
|-damage|p1b: Zoroark|0 fnt
|faint|p1b: Zoroark
|-hitcount|p1: Zoroark|1
|move|p2a: Sneasler|Dire Claw|p1a: Farigiraf
|-damage|p1a: Farigiraf|15/100 slp
|
|-sideend|p2: fujishimamegumi|move: Light Screen
|upkeep
|j| FongSC
|
|t:|1785931827
|switch|p1b: Blastoise|Blastoise, L50, F|100/100
|turn|9
|j| Cirilla Cintra
|
|t:|1785931844
|detailschange|p1b: Blastoise|Blastoise-Mega, L50, F
|-mega|p1b: Blastoise|Blastoise|Blastoisinite
|move|p2a: Sneasler|Protect|p2a: Sneasler
|-singleturn|p2a: Sneasler|Protect
|move|p2b: Staraptor|Roost|p2b: Staraptor
|-heal|p2b: Staraptor|79/100
|-singleturn|p2b: Staraptor|move: Roost
|move|p1b: Blastoise|Water Spout|p2b: Staraptor|[spread] p2b
|-activate|p2a: Sneasler|move: Protect
|-damage|p2b: Staraptor|44/100
|cant|p1a: Farigiraf|slp
|
|upkeep
|turn|10
|j| CrazyOz
|l| Cirilla Cintra
|l| CrazyOz
|
|t:|1785931928
|move|p2b: Staraptor|Close Combat|p1b: Blastoise
|-damage|p1b: Blastoise|53/100
|-boost|p2b: Staraptor|def|1
|-boost|p2b: Staraptor|spd|1
|move|p2a: Sneasler|Close Combat|p1b: Blastoise
|-damage|p1b: Blastoise|5/100
|-unboost|p2a: Sneasler|def|1
|-unboost|p2a: Sneasler|spd|1
|move|p1b: Blastoise|Water Spout|p2a: Sneasler|[spread] p2a,p2b
|-damage|p2a: Sneasler|21/100
|-damage|p2b: Staraptor|42/100
|cant|p1a: Farigiraf|slp
|
|upkeep
|turn|11
|j| Cirilla Cintra
|l| FongSC
|j| CrazyOz
|j| MarillRag1
|j| VGCVillains
|l| 7019Q_Q
|inactive|Battle timer is ON: inactive players will automatically lose when time's up. (requested by fujishimamegumi)
|
|t:|1785932014
|move|p2b: Staraptor|Close Combat|p1a: Farigiraf
|-damage|p1a: Farigiraf|0 fnt
|-boost|p2b: Staraptor|def|1
|-boost|p2b: Staraptor|spd|1
|faint|p1a: Farigiraf
|move|p2a: Sneasler|Dire Claw|p1b: Blastoise
|-damage|p1b: Blastoise|0 fnt
|faint|p1b: Blastoise
|
|upkeep
|j| 7019Q_Q
|
|t:|1785932024
|switch|p1b: Sylveon|Sylveon, L50, F|62/100
|turn|12
|l| VGCVillains
|j| Midoria100
|
|t:|1785932035
|move|p2b: Staraptor|Roost|p2b: Staraptor
|-heal|p2b: Staraptor|92/100
|-singleturn|p2b: Staraptor|move: Roost
|move|p2a: Sneasler|Dire Claw|p1b: Sylveon
|-supereffective|p1b: Sylveon|1
|-damage|p1b: Sylveon|0 fnt
|faint|p1b: Sylveon
|
|win|fujishimamegumi
|l| CrazyOz
||fujishimamegumi is ready for game 2.
|l| youchan1122
|inactive|chenhow3814 has 30 seconds to confirm battle start!
|j| CrazyOz
|inactive|chenhow3814 has 19 seconds to confirm battle start!
||chenhow3814 is ready for game 2.
|uhtml|next|Next: Game 2 of 3
|l| YuWei1101
|j| YuWei1101
|l| YuWei1101
|j| Lavey710
|l| Cirilla Cintra
|l| CrazyOz
|j| youchan1122
|l| 7019Q_Q
|j| Cirilla Cintra
|l| Cirilla Cintra
|j| Goodryan2630
|j| FongSC
|l| FongSC
|j| FongSC
|l| KKCWind
|j| winsomelosealot
|j| haewonlove
|l| winsomelosealot
|l| youchan1122
