|j|☆platanoso
|j|☆biffpipp
|html|platanosobiffpipp    
|uhtml|bestof|Game 2 of a best-of-3
|t:|1782334328
|gametype|doubles
|player|p1|platanoso|madame-gen4|1059
|player|p2|biffpipp|wallace|1000
|gen|9
|tier|[Gen 9 Champions] VGC 2026 Reg M-B (Bo3)
|rated|
|rule|Species Clause: Limit one of each Pokémon
|rule|Item Clause: Limit 1 of each item
|clearpoke
|poke|p1|Raichu, L50, F|
|poke|p1|Corviknight, L50, F|
|poke|p1|Sinistcha, L50|
|poke|p1|Ceruledge, L50, M|
|poke|p1|Milotic, L50, F|
|poke|p1|Incineroar, L50, M|
|poke|p2|Staraptor, L50, F|
|poke|p2|Garchomp, L50, F|
|poke|p2|Orthworm, L50, F|
|poke|p2|Talonflame, L50, M|
|poke|p2|Rotom-Wash, L50|
|poke|p2|Ninetales-Alola, L50, F|
|teampreview|4
|showteam|p1|Raichu||RaichuniteY|LightningRod|ZapCannon,FocusBlast,FakeOut,Protect|Timid||F|||50|]Corviknight||SharpBeak|MirrorArmor|Tailwind,Roost,IronHead,BraveBird|Careful||F|||50|]Sinistcha||KasibBerry|Hospitality|MatchaGotcha,LifeDew,RagePowder,Protect|Relaxed|||||50|]Ceruledge||ColburBerry|FlashFire|BitterBlade,ShadowSneak,BulkUp,Protect|Adamant||M|||50|]Milotic||Leftovers|Competitive|MuddyWater,Coil,Hypnosis,Protect|Calm||F|||50|]Incineroar||SitrusBerry|Intimidate|FlareBlitz,ThroatChop,FakeOut,PartingShot|Impish||M|||50|
|showteam|p2|Staraptor||Staraptite|Intimidate|BraveBird,CloseCombat,Uturn,Protect|Jolly||F|||50|]Garchomp||ChoiceScarf|SandVeil|DragonClaw,RockSlide,Earthquake,Bulldoze|Adamant||F|||50|]Orthworm||SitrusBerry|EarthEater|BodyPress,IronDefense,ShedTail,Protect|Careful||F|||50|]Talonflame||FocusSash|FlameBody|FlareBlitz,FeatherDance,Tailwind,Protect|Jolly||M|||50|]Rotom-Wash||Leftovers|Levitate|Thunderbolt,HydroPump,WillOWisp,Protect|Modest|||||50|]Ninetales-Alola||LightClay|SnowWarning|Blizzard,Moonblast,AuroraVeil,Protect|Timid||F|||50|
|inactive|Battle timer is ON: inactive players will automatically lose when time's up. (requested by platanoso)
|
|t:|1782334369
|teamsize|p1|4
|teamsize|p2|4
|start
|switch|p1a: Milotic|Milotic, L50, F|100/100
|switch|p1b: Incineroar|Incineroar, L50, M|100/100
|switch|p2a: Rotom|Rotom-Wash, L50|100/100
|switch|p2b: Garchomp|Garchomp, L50, F|100/100
|-ability|p1b: Incineroar|Intimidate|boost
|-unboost|p2a: Rotom|atk|1
|-unboost|p2b: Garchomp|atk|1
|turn|1
|
|t:|1782334382
|move|p1b: Incineroar|Fake Out|p2a: Rotom
|-damage|p2a: Rotom|88/100
|move|p2b: Garchomp|Earthquake|p1b: Incineroar|[spread] p1a,p1b
|-immune|p2a: Rotom|[from] ability: Levitate
|-supereffective|p1b: Incineroar|1
|-damage|p1a: Milotic|76/100
|-damage|p1b: Incineroar|60/100
|cant|p2a: Rotom|flinch
|move|p1a: Milotic|Coil|p1a: Milotic
|-boost|p1a: Milotic|atk|1
|-boost|p1a: Milotic|def|1
|-boost|p1a: Milotic|accuracy|1
|
|-heal|p2a: Rotom|94/100|[from] item: Leftovers
|-heal|p1a: Milotic|82/100|[from] item: Leftovers
|upkeep
|turn|2
|
|t:|1782334400
|move|p1a: Milotic|Protect|p1a: Milotic
|-singleturn|p1a: Milotic|Protect
|move|p2b: Garchomp|Earthquake|p1a: Milotic|[spread] p1b
|-activate|p1a: Milotic|move: Protect
|-immune|p2a: Rotom|[from] ability: Levitate
|-supereffective|p1b: Incineroar|1
|-damage|p1b: Incineroar|15/100
|-enditem|p1b: Incineroar|Sitrus Berry|[eat]
|-heal|p1b: Incineroar|40/100|[from] item: Sitrus Berry
|move|p2a: Rotom|Hydro Pump|p1b: Incineroar
|-supereffective|p1b: Incineroar|1
|-crit|p1b: Incineroar
|-damage|p1b: Incineroar|0 fnt
|faint|p1b: Incineroar
|
|-heal|p2a: Rotom|100/100|[from] item: Leftovers
|-heal|p1a: Milotic|88/100|[from] item: Leftovers
|upkeep
|
|t:|1782334415
|switch|p1b: Ceruledge|Ceruledge, L50, M|100/100
|turn|3
|
|t:|1782334434
|move|p1b: Ceruledge|Protect|p1b: Ceruledge
|-singleturn|p1b: Ceruledge|Protect
|move|p2b: Garchomp|Earthquake|p1a: Milotic|[spread] p1a
|-activate|p1b: Ceruledge|move: Protect
|-immune|p2a: Rotom|[from] ability: Levitate
|-damage|p1a: Milotic|72/100
|move|p2a: Rotom|Thunderbolt|p1a: Milotic
|-supereffective|p1a: Milotic|1
|-damage|p1a: Milotic|22/100
|-status|p1a: Milotic|par
|move|p1a: Milotic|Hypnosis|p2b: Garchomp
|-status|p2b: Garchomp|slp|[from] move: Hypnosis
|
|-heal|p1a: Milotic|28/100 par|[from] item: Leftovers
|upkeep
|turn|4
|
|t:|1782334454
|switch|p2b: Talonflame|Talonflame, L50, M|100/100
|switch|p1b: Raichu|Raichu, L50, F|100/100
|move|p2a: Rotom|Thunderbolt|p1b: Raichu
|-activate|p1b: Raichu|ability: Lightning Rod
|-ability|p1b: Raichu|Lightning Rod|boost
|-boost|p1b: Raichu|spa|1
|move|p1a: Milotic|Hypnosis|p2a: Rotom|[miss]
|-miss|p1a: Milotic|p2a: Rotom
|
|-heal|p1a: Milotic|34/100 par|[from] item: Leftovers
|upkeep
|turn|5
|
|t:|1782334476
|move|p2b: Talonflame|Protect|p2b: Talonflame
|-singleturn|p2b: Talonflame|Protect
|move|p1b: Raichu|Fake Out|p2b: Talonflame
|-activate|p2b: Talonflame|move: Protect
|move|p2a: Rotom|Hydro Pump|p1b: Raichu
|-crit|p1b: Raichu
|-damage|p1b: Raichu|0 fnt
|faint|p1b: Raichu
|move|p1a: Milotic|Hypnosis|p2a: Rotom
|-status|p2a: Rotom|slp|[from] move: Hypnosis
|
|-heal|p1a: Milotic|40/100 par|[from] item: Leftovers
|upkeep
|
|t:|1782334487
|switch|p1b: Ceruledge|Ceruledge, L50, M|100/100
|turn|6
|
|t:|1782334502
|switch|p2b: Garchomp|Garchomp, L50, F|100/100 slp
|cant|p2a: Rotom|slp
|move|p1b: Ceruledge|Bulk Up|p1b: Ceruledge
|-boost|p1b: Ceruledge|atk|1
|-boost|p1b: Ceruledge|def|1
|move|p1a: Milotic|Muddy Water|p2b: Garchomp|[spread] p2a,p2b
|-resisted|p2a: Rotom|1
|-damage|p2a: Rotom|88/100 slp
|-damage|p2b: Garchomp|75/100 slp
|-unboost|p2a: Rotom|accuracy|1
|
|-heal|p2a: Rotom|94/100 slp|[from] item: Leftovers
|-heal|p1a: Milotic|46/100 par|[from] item: Leftovers
|upkeep
|turn|7
|
|t:|1782334517
|cant|p2b: Garchomp|slp
|cant|p2a: Rotom|slp
|move|p1b: Ceruledge|Bulk Up|p1b: Ceruledge
|-boost|p1b: Ceruledge|atk|1
|-boost|p1b: Ceruledge|def|1
|move|p1a: Milotic|Muddy Water|p2a: Rotom|[spread] p2a,p2b
|-resisted|p2a: Rotom|1
|-damage|p2a: Rotom|82/100 slp
|-damage|p2b: Garchomp|50/100g slp
|-unboost|p2a: Rotom|accuracy|1
|
|-heal|p2a: Rotom|88/100 slp|[from] item: Leftovers
|-heal|p1a: Milotic|51/100 par|[from] item: Leftovers
|upkeep
|turn|8
|
|t:|1782334533
|move|p1b: Ceruledge|Protect|p1b: Ceruledge
|-singleturn|p1b: Ceruledge|Protect
|-curestatus|p2b: Garchomp|slp|[msg]
|move|p2b: Garchomp|Earthquake|p1b: Ceruledge|[spread] p1a
|-activate|p1b: Ceruledge|move: Protect
|-immune|p2a: Rotom|[from] ability: Levitate
|-damage|p1a: Milotic|25/100 par
|-curestatus|p2a: Rotom|slp|[msg]
|move|p2a: Rotom|Thunderbolt|p1a: Milotic
|-supereffective|p1a: Milotic|1
|-damage|p1a: Milotic|0 fnt
|faint|p1a: Milotic
|
|-heal|p2a: Rotom|94/100|[from] item: Leftovers
|upkeep
|turn|9
|
|t:|1782334552
|move|p1b: Ceruledge|Shadow Sneak|p2a: Rotom
|-damage|p2a: Rotom|47/100
|move|p2b: Garchomp|Earthquake|p1b: Ceruledge|[spread] p1b
|-immune|p2a: Rotom|[from] ability: Levitate
|-supereffective|p1b: Ceruledge|1
|-damage|p1b: Ceruledge|52/100
|move|p2a: Rotom|Hydro Pump|p1b: Ceruledge|[miss]
|-miss|p2a: Rotom|p1b: Ceruledge
|
|-heal|p2a: Rotom|53/100|[from] item: Leftovers
|upkeep
|turn|10
|
|t:|1782334559
|switch|p2a: Talonflame|Talonflame, L50, M|100/100
|move|p2b: Garchomp|Earthquake|p1b: Ceruledge|[spread] p1b
|-immune|p2a: Talonflame
|-supereffective|p1b: Ceruledge|1
|-damage|p1b: Ceruledge|2/100
|move|p1b: Ceruledge|Bitter Blade|p2b: Garchomp
|-resisted|p2b: Garchomp|1
|-damage|p2b: Garchomp|0 fnt
|-heal|p1b: Ceruledge|28/100|[from] drain|[of] p2b: Garchomp
|faint|p2b: Garchomp
|
|upkeep
|
|t:|1782334560
|switch|p2b: Staraptor|Staraptor, L50, F|100/100
|-ability|p2b: Staraptor|Intimidate|boost
|-unboost|p1b: Ceruledge|atk|1
|turn|11
|
|t:|1782334570
|detailschange|p2b: Staraptor|Staraptor-Mega, L50, F
|-mega|p2b: Staraptor|Staraptor|Staraptite
|move|p2a: Talonflame|Feather Dance|p2b: Staraptor
|-boost|p2b: Staraptor|atk|2
|move|p2b: Staraptor|Brave Bird|p1b: Ceruledge
|-damage|p1b: Ceruledge|0 fnt
|faint|p1b: Ceruledge
|-damage|p2b: Staraptor|89/100|[from] Recoil
|
|win|biffpipp
