|j|☆SHLOK101
|j|☆Chochito Pelao
|html|SHLOK101Chochito Pelao    
|uhtml|bestof|Game 2 of a best-of-3
|t:|1785180591
|gametype|doubles
|player|p1|SHLOK101|cynthia-gen4|1332
|player|p2|Chochito Pelao|striker|1223
|gen|9
|tier|[Gen 9 Champions] VGC 2026 Reg M-B (Bo3)
|rated|
|rule|Species Clause: Limit one of each Pokémon
|rule|Item Clause: Limit 1 of each item
|clearpoke
|poke|p1|Gengar, L50, M|
|poke|p1|Whimsicott, L50, M|
|poke|p1|Staraptor, L50, F|
|poke|p1|Ceruledge, L50, F|
|poke|p1|Kommo-o, L50, M|
|poke|p1|Samurott-Hisui, L50, F|
|poke|p2|Tyranitar, L50, F|
|poke|p2|Excadrill, L50, M|
|poke|p2|Milotic, L50, F|
|poke|p2|Sinistcha, L50|
|poke|p2|Staraptor, L50, M|
|poke|p2|Gholdengo, L50|
|teampreview|4
|showteam|p1|Gengar||Gengarite|CursedBody|ShadowBall,SludgeBomb,DestinyBond,Protect|Timid||M|||50|]Whimsicott||FocusSash|Prankster|Moonblast,Tailwind,Encore,Charm|Timid||M|||50|]Staraptor||Staraptite|Intimidate|CloseCombat,DualWingbeat,Roost,Protect|Jolly||F|||50|]Ceruledge||MentalHerb|FlashFire|BitterBlade,PhantomForce,BulkUp,Protect|Adamant||F|||50|]Kommo-o||Leftovers|Bulletproof|BodyPress,Coaching,IronDefense,Protect|Impish||M|||50|]Samurott-Hisui||LifeOrb|Sharpness|RazorShell,CeaselessEdge,SuckerPunch,Protect|Jolly||F|||50|
|showteam|p2|Tyranitar||Tyranitarite|SandStream|KnockOff,RockSlide,HighHorsepower,Protect|Jolly||F|||50|]Excadrill||FocusSash|SandRush|Earthquake,IronHead,RockSlide,Protect|Adamant||M|||50|]Milotic||SitrusBerry|Competitive|Scald,IcyWind,Haze,Protect|Calm||F|||50|]Sinistcha||ColburBerry|Hospitality|MatchaGotcha,ShadowBall,Protect,RagePowder|Bold|||||50|]Staraptor||Staraptite|Intimidate|CloseCombat,BraveBird,Tailwind,Protect|Jolly||M|||50|]Gholdengo||LifeOrb|GoodasGold|MakeItRain,ShadowBall,NastyPlot,Protect|Modest|||||50|
|inactive|Battle timer is ON: inactive players will automatically lose when time's up. (requested by SHLOK101)
|
|t:|1785180621
|teamsize|p1|4
|teamsize|p2|4
|start
|switch|p1a: Whimsicott|Whimsicott, L50, M|100/100
|switch|p1b: Gengar|Gengar, L50, M|100/100
|switch|p2a: Staraptor|Staraptor, L50, M|100/100
|switch|p2b: Gholdengo|Gholdengo, L50|100/100
|-ability|p2a: Staraptor|Intimidate|boost
|-unboost|p1a: Whimsicott|atk|1
|-unboost|p1b: Gengar|atk|1
|turn|1
|inactive|SHLOK101 has 30 seconds left.
|inactive|SHLOK101 has 20 seconds left.
|inactive|SHLOK101 has 15 seconds left.
|inactive|Chochito Pelao has 30 seconds left.
|
|t:|1785180675
|detailschange|p1b: Gengar|Gengar-Mega, L50, M
|-mega|p1b: Gengar|Gengar|Gengarite
|detailschange|p2a: Staraptor|Staraptor-Mega, L50, M
|-mega|p2a: Staraptor|Staraptor|Staraptite
|move|p2b: Gholdengo|Protect|p2b: Gholdengo
|-singleturn|p2b: Gholdengo|Protect
|move|p1b: Gengar|Shadow Ball|p2b: Gholdengo
|-activate|p2b: Gholdengo|move: Protect
|move|p1a: Whimsicott|Moonblast|p2a: Staraptor
|-supereffective|p2a: Staraptor|1
|-damage|p2a: Staraptor|35/100
|move|p2a: Staraptor|Close Combat|p1a: Whimsicott
|-resisted|p1a: Whimsicott|1
|-damage|p1a: Whimsicott|55/100
|-boost|p2a: Staraptor|def|1
|-boost|p2a: Staraptor|spd|1
|
|upkeep
|turn|2
|inactive|Chochito Pelao has 30 seconds left.
|
|t:|1785180702
|switch|p2b: Sinistcha|Sinistcha, L50|100/100
|-heal|p2a: Staraptor|60/100|[from] ability: Hospitality|[of] p2b: Sinistcha
|move|p1b: Gengar|Shadow Ball|p2b: Sinistcha
|-supereffective|p2b: Sinistcha|1
|-damage|p2b: Sinistcha|0 fnt
|faint|p2b: Sinistcha
|move|p1a: Whimsicott|Moonblast|p2a: Staraptor
|-supereffective|p2a: Staraptor|1
|-damage|p2a: Staraptor|8/100
|move|p2a: Staraptor|Brave Bird|p1a: Whimsicott
|-supereffective|p1a: Whimsicott|1
|-damage|p1a: Whimsicott|0 fnt
|faint|p1a: Whimsicott
|-damage|p2a: Staraptor|0 fnt|[from] Recoil
|faint|p2a: Staraptor
|
|upkeep
|
|t:|1785180726
|switch|p1a: Kommo-o|Kommo-o, L50, M|100/100
|switch|p2a: Milotic|Milotic, L50, F|100/100
|switch|p2b: Gholdengo|Gholdengo, L50|100/100
|turn|3
|
|t:|1785180749
|move|p1b: Gengar|Protect|p1b: Gengar
|-singleturn|p1b: Gengar|Protect
|move|p2b: Gholdengo|Protect|p2b: Gholdengo
|-singleturn|p2b: Gholdengo|Protect
|move|p2a: Milotic|Icy Wind|p1b: Gengar|[spread] p1a
|-activate|p1b: Gengar|move: Protect
|-supereffective|p1a: Kommo-o|1
|-damage|p1a: Kommo-o|81/100
|-unboost|p1a: Kommo-o|spe|1
|move|p1a: Kommo-o|Iron Defense|p1a: Kommo-o
|-boost|p1a: Kommo-o|def|2
|
|-heal|p1a: Kommo-o|87/100|[from] item: Leftovers
|upkeep
|turn|4
|
|t:|1785180757
|move|p2b: Gholdengo|Protect||[still]
|-fail|p2b: Gholdengo
|move|p1b: Gengar|Shadow Ball|p2b: Gholdengo
|-supereffective|p2b: Gholdengo|1
|-crit|p2b: Gholdengo
|-damage|p2b: Gholdengo|0 fnt
|faint|p2b: Gholdengo
|move|p2a: Milotic|Icy Wind|p1a: Kommo-o|[spread] p1a,p1b
|-supereffective|p1a: Kommo-o|1
|-damage|p1a: Kommo-o|69/100
|-damage|p1b: Gengar|86/100
|-unboost|p1a: Kommo-o|spe|1
|-unboost|p1b: Gengar|spe|1
|move|p1a: Kommo-o|Body Press|p2a: Milotic
|-damage|p2a: Milotic|23/100
|-enditem|p2a: Milotic|Sitrus Berry|[eat]
|-heal|p2a: Milotic|48/100|[from] item: Sitrus Berry
|
|-heal|p1a: Kommo-o|75/100|[from] item: Leftovers
|upkeep
|turn|5
|
|t:|1785180771
|move|p1b: Gengar|Sludge Bomb|p2a: Milotic
|-damage|p2a: Milotic|12/100
|move|p2a: Milotic|Icy Wind|p1a: Kommo-o|[spread] p1a,p1b
|-supereffective|p1a: Kommo-o|1
|-damage|p1a: Kommo-o|58/100
|-damage|p1b: Gengar|74/100
|-unboost|p1a: Kommo-o|spe|1
|-unboost|p1b: Gengar|spe|1
|move|p1a: Kommo-o|Body Press|p2a: Milotic
|-damage|p2a: Milotic|0 fnt
|faint|p2a: Milotic
|
|win|SHLOK101
