|j|☆ming0mang0
|j|☆ErikT007
|html|ming0mang0ErikT007    
|uhtml|bestof|Game 3 of a best-of-3
|t:|1756834272
|gametype|doubles
|player|p1|ming0mang0|harlequin|1072
|player|p2|ErikT007|lucas-gen4pt|1000
|gen|9
|tier|[Gen 9] VGC 2025 Reg H (Bo3)
|rated|
|rule|Species Clause: Limit one of each Pokémon
|rule|Item Clause: Limit 1 of each item
|clearpoke
|poke|p1|Sneasler, L50, F|
|poke|p1|Indeedee, L50, M|
|poke|p1|Ursaluna-Bloodmoon, L50, M|
|poke|p1|Electabuzz, L50, F|
|poke|p1|Incineroar, L50, F|
|poke|p1|Talonflame, L50, F|
|poke|p2|Floatzel, L50, M|
|poke|p2|Archaludon, L50, M|
|poke|p2|Rillaboom, L50, M|
|poke|p2|Sneasler, L50, F|
|poke|p2|Politoed, L50, M|
|poke|p2|Smeargle, L50, M|
|teampreview|4
|showteam|p1|Sneasler||PsychicSeed|Unburden|CloseCombat,DireClaw,ThroatChop,Protect|||F|||50|,,,,,Dark]Indeedee||FocusSash|PsychicSurge|ExpandingForce,TrickRoom,HelpingHand,Protect|||M|||50|,,,,,Psychic]Ursaluna-Bloodmoon||LifeOrb|MindsEye|BloodMoon,HyperVoice,EarthPower,Protect|||M|||50|,,,,,Normal]Electabuzz||Eviolite|VitalSpirit|Electroweb,FollowMe,Taunt,Protect|||F|||50|,,,,,Dragon]Incineroar||SafetyGoggles|Intimidate|FlareBlitz,KnockOff,PartingShot,FakeOut|||F|||50|,,,,,Ghost]Talonflame||CovertCloak|GaleWings|FlareBlitz,DualWingbeat,WillOWisp,Tailwind|||F|||50|,,,,,Fairy
|showteam|p2|Floatzel||ChoiceBand|SwiftSwim|IceSpinner,WaveCrash,Crunch,FlipTurn|||M|||50|,,,,,Ghost]Archaludon||PowerHerb|Stalwart|ElectroShot,DracoMeteor,FlashCannon,Protect|||M|||50|,,,,,Electric]Rillaboom||AssaultVest|GrassySurge|FakeOut,GrassyGlide,WoodHammer,Uturn|||M|||50|,,,,,Dragon]Sneasler||GrassySeed|Unburden|Taunt,FakeOut,DireClaw,CloseCombat|||F|||50|,,,,,Poison]Politoed||SitrusBerry|Drizzle|Haze,HelpingHand,IcyWind,ChillingWater|||M|||50|,,,,,Grass]Smeargle||ChoiceScarf|OwnTempo|Spore,Transform,Uturn,Decorate|||M|||50|,,,,,Ghost
|inactive|Battle timer is ON: inactive players will automatically lose when time's up. (requested by ErikT007)
|inactive|ming0mang0 has 60 seconds left.
|
|t:|1756834347
|teamsize|p1|4
|teamsize|p2|4
|start
|switch|p1a: Talonflame|Talonflame, L50, F|100/100
|switch|p1b: Ursaluna|Ursaluna-Bloodmoon, L50, M|100/100
|switch|p2a: Archaludon|Archaludon, L50, M|100/100
|switch|p2b: Rillaboom|Rillaboom, L50, M|100/100
|-fieldstart|move: Grassy Terrain|[from] ability: Grassy Surge|[of] p2b: Rillaboom
|turn|1
|inactive|ming0mang0 has 30 seconds left.
|inactive|ErikT007 has 30 seconds left.
|inactive|ming0mang0 has 20 seconds left.
|inactive|ming0mang0 has 15 seconds left.
|inactive|ming0mang0 has 10 seconds left.
|inactive|ming0mang0 has 5 seconds left.
|
|t:|1756834402
|move|p2b: Rillaboom|Fake Out|p1a: Talonflame
|-damage|p1a: Talonflame|80/100
|move|p1a: Talonflame|Flare Blitz|p2a: Archaludon
|-damage|p2a: Archaludon|58/100
|-damage|p1a: Talonflame|65/100|[from] Recoil
|move|p2a: Archaludon|Electro Shot||[still]
|-prepare|p2a: Archaludon|Electro Shot
|-boost|p2a: Archaludon|spa|1
|-enditem|p2a: Archaludon|Power Herb
|-anim|p2a: Archaludon|Electro Shot|p1a: Talonflame
|-supereffective|p1a: Talonflame
|-damage|p1a: Talonflame|0 fnt
|faint|p1a: Talonflame
|move|p1b: Ursaluna|Blood Moon|p2a: Archaludon
|-resisted|p2a: Archaludon
|-damage|p2a: Archaludon|0 fnt
|faint|p2a: Archaludon
|-damage|p1b: Ursaluna|91/100|[from] item: Life Orb
|
|-heal|p1b: Ursaluna|97/100|[from] Grassy Terrain
|upkeep
|
|t:|1756834426
|switch|p1a: Sneasler|Sneasler, L50, F|100/100
|switch|p2a: Sneasler|Sneasler, L50, F|100/100
|-enditem|p2a: Sneasler|Grassy Seed
|-boost|p2a: Sneasler|def|1|[from] item: Grassy Seed
|turn|2
|
|t:|1756834444
|move|p2a: Sneasler|Dire Claw|p1b: Ursaluna
|-resisted|p1b: Ursaluna
|-damage|p1b: Ursaluna|78/100
|-status|p1b: Ursaluna|par
|move|p1a: Sneasler|Dire Claw|p2b: Rillaboom
|-supereffective|p2b: Rillaboom
|-damage|p2b: Rillaboom|1/100
|-status|p2b: Rillaboom|par
|move|p2b: Rillaboom|Wood Hammer|p1b: Ursaluna
|-supereffective|p1b: Ursaluna
|-damage|p1b: Ursaluna|0 fnt
|faint|p1b: Ursaluna
|-damage|p2b: Rillaboom|0 fnt|[from] Recoil
|faint|p2b: Rillaboom
|
|upkeep
|
|t:|1756834465
|switch|p2b: Smeargle|Smeargle, L50, M|100/100
|switch|p1b: Indeedee|Indeedee, L50, M|100/100
|-fieldstart|move: Psychic Terrain|[from] ability: Psychic Surge|[of] p1b: Indeedee
|-enditem|p1a: Sneasler|Psychic Seed
|-boost|p1a: Sneasler|spd|1|[from] item: Psychic Seed
|turn|3
|inactive|ErikT007 has 30 seconds left.
|
|t:|1756834496
|-terastallize|p2a: Sneasler|Poison
|move|p1a: Sneasler|Throat Chop|p2b: Smeargle
|-damage|p2b: Smeargle|28/100
|-start|p2b: Smeargle|Throat Chop|[silent]
|move|p2a: Sneasler|Dire Claw|p1a: Sneasler
|-resisted|p1a: Sneasler
|-damage|p1a: Sneasler|51/100
|move|p2b: Smeargle|Spore|p1b: Indeedee
|-status|p1b: Indeedee|slp|[from] move: Spore
|cant|p1b: Indeedee|slp
|
|upkeep
|turn|4
|inactive|ming0mang0 has 30 seconds left.
|
|t:|1756834527
|cant|p1b: Indeedee|slp
|move|p2a: Sneasler|Dire Claw|p1a: Sneasler
|-resisted|p1a: Sneasler
|-damage|p1a: Sneasler|0 fnt
|faint|p1a: Sneasler
|move|p2b: Smeargle|Spore|p1b: Indeedee
|-fail|p1b: Indeedee|slp
|
|-end|p2b: Smeargle|Throat Chop|[silent]
|upkeep
|turn|5
|
|t:|1756834537
|move|p2a: Sneasler|Dire Claw|p1b: Indeedee
|-enditem|p1b: Indeedee|Focus Sash
|-damage|p1b: Indeedee|1/100 slp
|move|p2b: Smeargle|Spore|p1b: Indeedee
|-fail|p1b: Indeedee|slp
|cant|p1b: Indeedee|slp
|
|upkeep
|turn|6
|
|t:|1756834547
|-curestatus|p1b: Indeedee|slp|[msg]
|move|p1b: Indeedee|Protect|p1b: Indeedee
|-singleturn|p1b: Indeedee|Protect
|move|p2a: Sneasler|Dire Claw|p1b: Indeedee
|-activate|p1b: Indeedee|move: Protect
|move|p2b: Smeargle|Spore|p1b: Indeedee
|-activate|p1b: Indeedee|move: Protect
|
|upkeep
|turn|7
|
|t:|1756834563
|move|p2a: Sneasler|Dire Claw|p1b: Indeedee
|-damage|p1b: Indeedee|0 fnt
|faint|p1b: Indeedee
|
|win|ErikT007
|raw|ming0mang0's rating: 1072 → 1047(-25 for losing)
|raw|ErikT007's rating: 1000 → 1048(+48 for winning)
|l|☆ErikT007
|player|p2|
