|j|☆LynxVGC
|j|☆B1g b3luga
|html|LynxVGCB1g b3luga    
|uhtml|bestof|Game 2 of a best-of-3
|t:|1784726891
|gametype|doubles
|player|p1|LynxVGC|larry|1218
|player|p2|B1g b3luga|102|1113
|gen|9
|tier|[Gen 9 Champions] VGC 2026 Reg M-B (Bo3)
|rated|
|rule|Species Clause: Limit one of each Pokémon
|rule|Item Clause: Limit 1 of each item
|clearpoke
|poke|p1|Excadrill, L50, M|
|poke|p1|Tyranitar, L50, M|
|poke|p1|Milotic, L50, F|
|poke|p1|Staraptor, L50, F|
|poke|p1|Sinistcha, L50|
|poke|p1|Gholdengo, L50|
|poke|p2|Sceptile, L50, M, shiny|
|poke|p2|Swampert, L50, F|
|poke|p2|Pelipper, L50, M|
|poke|p2|Sylveon, L50, M|
|poke|p2|Archaludon, L50, M|
|poke|p2|Basculegion, L50, M|
|teampreview|4
|showteam|p1|Excadrill||FocusSash|SandRush|Earthquake,IronHead,RockSlide,Protect|Adamant||M|||50|]Tyranitar||Tyranitarite|SandStream|RockSlide,KnockOff,HighHorsepower,Protect|Jolly||M|||50|]Milotic||Leftovers|Competitive|Scald,IcyWind,Protect,Haze|Calm||F|||50|]Staraptor||Staraptite|Intimidate|CloseCombat,BraveBird,Tailwind,Protect|Jolly||F|||50|]Sinistcha||ColburBerry|Hospitality|MatchaGotcha,RagePowder,ShadowBall,Protect|Bold|||||50|]Gholdengo||LifeOrb|GoodasGold|MakeItRain,ShadowBall,NastyPlot,Protect|Modest|||||50|
|showteam|p2|Sceptile||Sceptilite|Unburden|Detect,LeafStorm,DragonPulse,EarthPower|Timid||M|||50|]Swampert||Swampertite|Damp|WaveCrash,Earthquake,KnockOff,Protect|Adamant||F|||50|]Pelipper||FocusSash|Drizzle|WeatherBall,Tailwind,WideGuard,Hurricane|Timid||M|||50|]Sylveon||FairyFeather|Pixilate|HyperBeam,HyperVoice,QuickAttack,Detect|Modest||M|||50|]Archaludon||Leftovers|Stamina|FlashCannon,Protect,ElectroShot,DragonPulse|Timid||M|||50|]Basculegion||LifeOrb|Adaptability|WaveCrash,LastRespects,AquaJet,Protect|Adamant||M|||50|
|inactive|Battle timer is ON: inactive players will automatically lose when time's up. (requested by B1g b3luga)
|inactive|LynxVGC has 60 seconds left.
|inactive|B1g b3luga has 60 seconds left.
|
|t:|1784726956
|teamsize|p1|4
|teamsize|p2|4
|start
|switch|p1a: Staraptor|Staraptor, L50, F|100/100
|switch|p1b: Gholdengo|Gholdengo, L50|100/100
|switch|p2a: Sylveon|Sylveon, L50, M|100/100
|switch|p2b: Pelipper|Pelipper, L50, M|100/100
|-ability|p1a: Staraptor|Intimidate|boost
|-unboost|p2a: Sylveon|atk|1
|-unboost|p2b: Pelipper|atk|1
|-weather|RainDance|[from] ability: Drizzle|[of] p2b: Pelipper
|turn|1
|inactive|LynxVGC has 30 seconds left.
|
|t:|1784726988
|move|p1a: Staraptor|Protect|p1a: Staraptor
|-singleturn|p1a: Staraptor|Protect
|move|p2b: Pelipper|Wide Guard|p2b: Pelipper
|-singleturn|p2b: Pelipper|Wide Guard
|move|p1b: Gholdengo|Nasty Plot|p1b: Gholdengo
|-boost|p1b: Gholdengo|spa|2
|move|p2a: Sylveon|Hyper Voice|p1b: Gholdengo|[spread] p1b
|-activate|p1a: Staraptor|move: Protect
|-resisted|p1b: Gholdengo|1
|-damage|p1b: Gholdengo|73/100
|
|-weather|RainDance|[upkeep]
|upkeep
|turn|2
|inactive|LynxVGC has 30 seconds left.
|
|t:|1784727013
|detailschange|p1a: Staraptor|Staraptor-Mega, L50, F
|-mega|p1a: Staraptor|Staraptor|Staraptite
|move|p2a: Sylveon|Detect|p2a: Sylveon
|-singleturn|p2a: Sylveon|Protect
|move|p1a: Staraptor|Brave Bird|p2a: Sylveon
|-activate|p2a: Sylveon|move: Protect
|move|p2b: Pelipper|Tailwind|p2b: Pelipper
|-sidestart|p2: B1g b3luga|move: Tailwind
|move|p1b: Gholdengo|Shadow Ball|p2a: Sylveon
|-activate|p2a: Sylveon|move: Protect
|
|-weather|RainDance|[upkeep]
|upkeep
|turn|3
|inactive|B1g b3luga has 30 seconds left.
|
|t:|1784727039
|move|p1a: Staraptor|Protect|p1a: Staraptor
|-singleturn|p1a: Staraptor|Protect
|move|p2b: Pelipper|Weather Ball|p1b: Gholdengo
|-damage|p1b: Gholdengo|8/100
|move|p2a: Sylveon|Hyper Voice|p1b: Gholdengo|[spread] p1b
|-activate|p1a: Staraptor|move: Protect
|-resisted|p1b: Gholdengo|1
|-damage|p1b: Gholdengo|0 fnt
|faint|p1b: Gholdengo
|
|-weather|RainDance|[upkeep]
|upkeep
|
|t:|1784727049
|switch|p1b: Tyranitar|Tyranitar, L50, M|100/100
|-weather|Sandstorm|[from] ability: Sand Stream|[of] p1b: Tyranitar
|turn|4
|inactive|LynxVGC has 30 seconds left.
|
|t:|1784727078
|switch|p2b: Swampert|Swampert, L50, F|100/100
|move|p2a: Sylveon|Hyper Voice|p1a: Staraptor|[spread] p1a,p1b
|-supereffective|p1a: Staraptor|1
|-supereffective|p1b: Tyranitar|1
|-damage|p1a: Staraptor|3/100
|-damage|p1b: Tyranitar|40/100
|move|p1a: Staraptor|Close Combat|p2a: Sylveon
|-resisted|p2a: Sylveon|1
|-crit|p2a: Sylveon
|-damage|p2a: Sylveon|44/100
|-boost|p1a: Staraptor|def|1
|-boost|p1a: Staraptor|spd|1
|move|p1b: Tyranitar|Rock Slide|p2b: Swampert|[spread] p2a
|-miss|p1b: Tyranitar|p2b: Swampert
|-damage|p2a: Sylveon|8/100
|
|-weather|Sandstorm|[upkeep]
|-damage|p2a: Sylveon|2/100|[from] Sandstorm
|-damage|p1a: Staraptor|0 fnt|[from] Sandstorm
|faint|p1a: Staraptor
|upkeep
|
|t:|1784727093
|switch|p1a: Sinistcha|Sinistcha, L50|100/100
|-heal|p1b: Tyranitar|65/100|[from] ability: Hospitality|[of] p1a: Sinistcha
|turn|5
|
|t:|1784727112
|switch|p2a: Pelipper|Pelipper, L50, M|100/100
|-weather|RainDance|[from] ability: Drizzle|[of] p2a: Pelipper
|detailschange|p2b: Swampert|Swampert-Mega, L50, F
|-mega|p2b: Swampert|Swampert|Swampertite
|move|p2b: Swampert|Knock Off|p1a: Sinistcha
|-supereffective|p1a: Sinistcha|1
|-enditem|p1a: Sinistcha|Colbur Berry|[eat]
|-enditem|p1a: Sinistcha|Colbur Berry|[weaken]
|-damage|p1a: Sinistcha|66/100
|move|p1b: Tyranitar|Rock Slide|p2b: Swampert|[spread] p2a,p2b
|-supereffective|p2a: Pelipper|1
|-resisted|p2b: Swampert|1
|-damage|p2a: Pelipper|25/100
|-damage|p2b: Swampert|88/100
|move|p1a: Sinistcha|Matcha Gotcha|p2a: Pelipper|[spread] p2a,p2b
|-supereffective|p2b: Swampert|2
|-damage|p2a: Pelipper|0 fnt
|-heal|p1a: Sinistcha|76/100|[from] drain|[of] p2a: Pelipper
|-damage|p2b: Swampert|0 fnt
|-heal|p1a: Sinistcha|100/100|[from] drain|[of] p2b: Swampert
|faint|p2a: Pelipper
|faint|p2b: Swampert
|
|-weather|RainDance|[upkeep]
|-sideend|p2: B1g b3luga|move: Tailwind
|upkeep
|
|t:|1784727129
|switch|p2a: Sylveon|Sylveon, L50, M|2/100
|switch|p2b: Basculegion|Basculegion, L50, M|100/100
|turn|6
|inactive|LynxVGC has 30 seconds left.
|
|t:|1784727156
|move|p1a: Sinistcha|Rage Powder|p1a: Sinistcha
|-singleturn|p1a: Sinistcha|move: Rage Powder
|move|p1b: Tyranitar|Rock Slide|p2b: Basculegion|[spread] p2a,p2b
|-damage|p2a: Sylveon|0 fnt
|-damage|p2b: Basculegion|75/100
|faint|p2a: Sylveon
|cant|p2b: Basculegion|flinch
|
|-weather|RainDance|[upkeep]
|upkeep
|turn|7
|
|t:|1784727164
|move|p1a: Sinistcha|Rage Powder|p1a: Sinistcha
|-singleturn|p1a: Sinistcha|move: Rage Powder
|move|p1b: Tyranitar|Knock Off|p2b: Basculegion
|-supereffective|p2b: Basculegion|1
|-damage|p2b: Basculegion|0 fnt
|-enditem|p2b: Basculegion|Life Orb|[from] move: Knock Off|[of] p1b: Tyranitar
|faint|p2b: Basculegion
|
|win|LynxVGC
|raw|LynxVGC's rating: 1218 → 1236(+18 for winning)
|raw|B1g b3luga's rating: 1113 → 1095(-18 for losing)
|l|☆B1g b3luga
|player|p2|
