|j|☆cecco22
|j|☆shiroblast
|html|cecco22shiroblast    
|uhtml|bestof|Game 1 of a best-of-3
|t:|1785944162
|gametype|doubles
|player|p1|cecco22|cynthia|1114
|player|p2|shiroblast|benga|1086
|gen|9
|tier|[Gen 9 Champions] VGC 2026 Reg M-B (Bo3)
|rated|
|rule|Species Clause: Limit one of each Pokémon
|rule|Item Clause: Limit 1 of each item
|clearpoke
|poke|p1|Sinistcha-Masterpiece, L50, shiny|
|poke|p1|Incineroar, L50, M|
|poke|p1|Ceruledge, L50, M|
|poke|p1|Mawile, L50, F, shiny|
|poke|p1|Milotic, L50, F, shiny|
|poke|p1|Raichu, L50, M|
|poke|p2|Swampert, L50, M|
|poke|p2|Archaludon, L50, F|
|poke|p2|Tyranitar, L50, M|
|poke|p2|Pelipper, L50, M|
|poke|p2|Mawile, L50, M|
|poke|p2|Sinistcha-Masterpiece, L50|
|teampreview|4
|showteam|p1|Sinistcha-Masterpiece||KasibBerry|Hospitality|MatchaGotcha,RagePowder,LifeDew,Protect|Relaxed|||||50|]Incineroar||SitrusBerry|Intimidate|FlareBlitz,DarkestLariat,PartingShot,FakeOut|Impish||M|||50|]Ceruledge||ColburBerry|FlashFire|Protect,ShadowSneak,BitterBlade,BulkUp|Adamant||M|||50|]Mawile||Mawilite|HyperCutter|PlayRough,SwordsDance,SuckerPunch,Protect|Adamant||F|||50|]Milotic||Leftovers|Competitive|Hypnosis,Coil,Protect,MuddyWater|Calm||F|||50|]Raichu||RaichuniteY|LightningRod|ZapCannon,FocusBlast,FakeOut,Protect|Timid||M|||50|
|showteam|p2|Swampert||Swampertite|Torrent|WaveCrash,IcePunch,Earthquake,Protect|Adamant||M|||50|]Archaludon||Leftovers|Stamina|DragonPulse,ElectroShot,FlashCannon,Protect|Calm||F|||50|]Tyranitar||LifeOrb|SandStream|KnockOff,RockSlide,StompingTantrum,Protect|Jolly||M|||50|]Pelipper||FocusSash|Drizzle|Hurricane,HelpingHand,Tailwind,WideGuard|Timid||M|||50|]Mawile||Mawilite|Intimidate|SuckerPunch,PlayRough,SwordsDance,Protect|Adamant||M|||50|]Sinistcha-Masterpiece||CobaBerry|Hospitality|RagePowder,MatchaGotcha,TrickRoom,Protect|Calm|||||50|
|inactive|Battle timer is ON: inactive players will automatically lose when time's up. (requested by cecco22)
|inactive|cecco22 has 60 seconds left.
|inactive|shiroblast has 60 seconds left.
|
|t:|1785944215
|teamsize|p1|4
|teamsize|p2|4
|start
|switch|p1a: Milotic|Milotic, L50, F, shiny|100/100
|switch|p1b: Incineroar|Incineroar, L50, M|100/100
|switch|p2a: Tyranitar|Tyranitar, L50, M|100/100
|switch|p2b: Sinistcha|Sinistcha-Masterpiece, L50|100/100
|-weather|Sandstorm|[from] ability: Sand Stream|[of] p2a: Tyranitar
|-ability|p1b: Incineroar|Intimidate|boost
|-unboost|p2a: Tyranitar|atk|1
|-unboost|p2b: Sinistcha|atk|1
|turn|1
|inactive|shiroblast has 30 seconds left.
|
|t:|1785944250
|move|p2a: Tyranitar|Protect|p2a: Tyranitar
|-singleturn|p2a: Tyranitar|Protect
|move|p1a: Milotic|Coil|p1a: Milotic
|-boost|p1a: Milotic|atk|1
|-boost|p1a: Milotic|def|1
|-boost|p1a: Milotic|accuracy|1
|move|p2b: Sinistcha|Matcha Gotcha|p1b: Incineroar|[spread] p1a,p1b
|-supereffective|p1a: Milotic|1
|-resisted|p1b: Incineroar|1
|-damage|p1a: Milotic|67/100
|-damage|p1b: Incineroar|89/100
|-status|p1a: Milotic|brn
|move|p1b: Incineroar|Flare Blitz|p2b: Sinistcha
|-supereffective|p2b: Sinistcha|1
|-damage|p2b: Sinistcha|8/100
|-damage|p1b: Incineroar|63/100|[from] Recoil
|
|-weather|Sandstorm|[upkeep]
|-damage|p1a: Milotic|61/100 brn|[from] Sandstorm
|-damage|p2b: Sinistcha|2/100|[from] Sandstorm
|-damage|p1b: Incineroar|57/100|[from] Sandstorm
|-heal|p1a: Milotic|67/100 brn|[from] item: Leftovers
|-damage|p1a: Milotic|61/100 brn|[from] brn
|upkeep
|turn|2
|inactive|shiroblast has 30 seconds left.
|inactive|cecco22 has 30 seconds left.
|inactive|shiroblast has 20 seconds left.
|
|t:|1785944288
|switch|p2b: Swampert|Swampert, L50, M|100/100
|switch|p1b: Sinistcha|Sinistcha-Masterpiece, L50, shiny|100/100
|-heal|p1a: Milotic|86/100 brn|[from] ability: Hospitality|[of] p1b: Sinistcha
|move|p2a: Tyranitar|Knock Off|p1a: Milotic
|-damage|p1a: Milotic|62/100 brn
|-enditem|p1a: Milotic|Leftovers|[from] move: Knock Off|[of] p2a: Tyranitar
|-damage|p2a: Tyranitar|90/100|[from] item: Life Orb
|move|p1a: Milotic|Muddy Water|p2b: Swampert|[spread] p2a,p2b
|-supereffective|p2a: Tyranitar|1
|-damage|p2a: Tyranitar|58/100
|-damage|p2b: Swampert|75/100
|
|-weather|Sandstorm|[upkeep]
|-damage|p1a: Milotic|56/100 brn|[from] Sandstorm
|-damage|p1b: Sinistcha|93/100|[from] Sandstorm
|-damage|p1a: Milotic|50/100g brn|[from] brn
|upkeep
|turn|3
|inactive|cecco22 has 30 seconds left.
|
|t:|1785944317
|detailschange|p2b: Swampert|Swampert-Mega, L50, M
|-mega|p2b: Swampert|Swampert|Swampertite
|move|p2b: Swampert|Protect|p2b: Swampert
|-singleturn|p2b: Swampert|Protect
|move|p2a: Tyranitar|Knock Off|p1b: Sinistcha
|-supereffective|p1b: Sinistcha|1
|-damage|p1b: Sinistcha|22/100
|-enditem|p1b: Sinistcha|Kasib Berry|[from] move: Knock Off|[of] p2a: Tyranitar
|-damage|p2a: Tyranitar|48/100|[from] item: Life Orb
|move|p1a: Milotic|Hypnosis|p2b: Swampert
|-activate|p2b: Swampert|move: Protect
|move|p1b: Sinistcha|Matcha Gotcha|p2a: Tyranitar|[spread] p2a
|-activate|p2b: Swampert|move: Protect
|-supereffective|p2a: Tyranitar|1
|-damage|p2a: Tyranitar|19/100
|-heal|p1b: Sinistcha|38/100|[from] drain|[of] p2a: Tyranitar
|
|-weather|Sandstorm|[upkeep]
|-damage|p1a: Milotic|45/100 brn|[from] Sandstorm
|-damage|p1b: Sinistcha|32/100|[from] Sandstorm
|-damage|p1a: Milotic|39/100 brn|[from] brn
|upkeep
|turn|4
|inactive|shiroblast has 30 seconds left.
|
|t:|1785944343
|switch|p2a: Pelipper|Pelipper, L50, M|100/100
|-weather|RainDance|[from] ability: Drizzle|[of] p2a: Pelipper
|move|p1b: Sinistcha|Protect|p1b: Sinistcha
|-singleturn|p1b: Sinistcha|Protect
|move|p2b: Swampert|Wave Crash|p1a: Milotic
|-resisted|p1a: Milotic|1
|-damage|p1a: Milotic|7/100 brn
|-damage|p2b: Swampert|63/100|[from] Recoil
|move|p1a: Milotic|Hypnosis|p2b: Swampert|[miss]
|-miss|p1a: Milotic|p2b: Swampert
|
|-weather|RainDance|[upkeep]
|-damage|p1a: Milotic|1/100 brn|[from] brn
|upkeep
|turn|5
|
|t:|1785944366
|move|p2b: Swampert|Earthquake|p1b: Sinistcha|[spread] p1a,p1b
|-immune|p2a: Pelipper
|-resisted|p1b: Sinistcha|1
|-damage|p1a: Milotic|0 fnt
|-damage|p1b: Sinistcha|13/100
|faint|p1a: Milotic
|move|p2a: Pelipper|Hurricane|p1b: Sinistcha
|-supereffective|p1b: Sinistcha|1
|-damage|p1b: Sinistcha|0 fnt
|faint|p1b: Sinistcha
|
|-weather|RainDance|[upkeep]
|upkeep
|
|t:|1785944374
|switch|p1a: Raichu|Raichu, L50, M|100/100
|switch|p1b: Incineroar|Incineroar, L50, M|57/100
|-ability|p1b: Incineroar|Intimidate|boost
|-unboost|p2a: Pelipper|atk|1
|-unboost|p2b: Swampert|atk|1
|turn|6
|inactive|shiroblast has 30 seconds left.
|
|t:|1785944404
|switch|p2a: Sinistcha|Sinistcha-Masterpiece, L50|2/100
|-heal|p2b: Swampert|88/100|[from] ability: Hospitality|[of] p2a: Sinistcha
|detailschange|p1a: Raichu|Raichu-Mega-Y, L50, M
|-mega|p1a: Raichu|Raichu|Raichunite Y
|move|p2b: Swampert|Protect|p2b: Swampert
|-singleturn|p2b: Swampert|Protect
|move|p1a: Raichu|Fake Out|p2b: Swampert
|-activate|p2b: Swampert|move: Protect
|move|p1b: Incineroar|Parting Shot|p2b: Swampert
|-activate|p2b: Swampert|move: Protect
|
|-weather|RainDance|[upkeep]
|upkeep
|turn|7
|
|t:|1785944422
|move|p1a: Raichu|Protect|p1a: Raichu
|-singleturn|p1a: Raichu|Protect
|move|p2a: Sinistcha|Rage Powder|p2a: Sinistcha
|-singleturn|p2a: Sinistcha|move: Rage Powder
|move|p2b: Swampert|Earthquake|p1b: Incineroar|[spread] p2a,p1b
|-activate|p1a: Raichu|move: Protect
|-resisted|p2a: Sinistcha|1
|-supereffective|p1b: Incineroar|1
|-damage|p2a: Sinistcha|0 fnt
|-damage|p1b: Incineroar|12/100
|-enditem|p1b: Incineroar|Sitrus Berry|[eat]
|-heal|p1b: Incineroar|37/100|[from] item: Sitrus Berry
|faint|p2a: Sinistcha
|move|p1b: Incineroar|Parting Shot|p2b: Swampert
|-unboost|p2b: Swampert|atk|1
|-unboost|p2b: Swampert|spa|1
|
|-weather|RainDance|[upkeep]
|upkeep
|
|t:|1785944439
|switch|p2a: Tyranitar|Tyranitar, L50, M|19/100
|-weather|Sandstorm|[from] ability: Sand Stream|[of] p2a: Tyranitar
|turn|8
|
|t:|1785944449
|move|p2b: Swampert|Protect|p2b: Swampert
|-singleturn|p2b: Swampert|Protect
|move|p1a: Raichu|Focus Blast|p2a: Tyranitar
|-supereffective|p2a: Tyranitar|2
|-damage|p2a: Tyranitar|0 fnt
|faint|p2a: Tyranitar
|move|p1b: Incineroar|Parting Shot|p2b: Swampert
|-activate|p2b: Swampert|move: Protect
|
|-weather|Sandstorm|[upkeep]
|-damage|p1a: Raichu|93/100|[from] Sandstorm
|-damage|p1b: Incineroar|31/100|[from] Sandstorm
|upkeep
|
|t:|1785944459
|switch|p2a: Pelipper|Pelipper, L50, M|100/100
|-weather|RainDance|[from] ability: Drizzle|[of] p2a: Pelipper
|turn|9
|
|t:|1785944470
|move|p1a: Raichu|Protect|p1a: Raichu
|-singleturn|p1a: Raichu|Protect
|move|p2b: Swampert|Earthquake|p1b: Incineroar|[spread] p1b
|-activate|p1a: Raichu|move: Protect
|-immune|p2a: Pelipper
|-supereffective|p1b: Incineroar|1
|-damage|p1b: Incineroar|0 fnt
|faint|p1b: Incineroar
|move|p2a: Pelipper|Hurricane|p1a: Raichu
|-activate|p1a: Raichu|move: Protect
|
|-weather|RainDance|[upkeep]
|upkeep
|turn|10
|
|t:|1785944484
|move|p2a: Pelipper|Helping Hand|p2b: Swampert
|-singleturn|p2b: Swampert|Helping Hand|[of] p2a: Pelipper
|move|p2b: Swampert|Earthquake|p1a: Raichu|[spread] p1a
|-immune|p2a: Pelipper
|-supereffective|p1a: Raichu|1
|-damage|p1a: Raichu|0 fnt
|faint|p1a: Raichu
|
|win|shiroblast
||cecco22 is ready for game 2.
|inactive|shiroblast has 30 seconds to confirm battle start!
||shiroblast is ready for game 2.
|uhtml|next|Next: Game 2 of 3
|l|☆cecco22
|player|p1|
