|j|☆ferchoxx
|j|☆sparshjha
|html|ferchoxxsparshjha    
|uhtml|bestof|Game 2 of a best-of-3
|t:|1785694098
|gametype|doubles
|player|p1|ferchoxx|ghetsis|1239
|player|p2|sparshjha|102|1323
|gen|9
|tier|[Gen 9 Champions] VGC 2026 Reg M-B (Bo3)
|rated|
|rule|Species Clause: Limit one of each Pokémon
|rule|Item Clause: Limit 1 of each item
|clearpoke
|poke|p1|Tyranitar, L50, M|
|poke|p1|Staraptor, L50, F|
|poke|p1|Excadrill, L50, M|
|poke|p1|Gholdengo, L50|
|poke|p1|Milotic, L50, F|
|poke|p1|Sinistcha, L50|
|poke|p2|Staraptor, L50, F|
|poke|p2|Garchomp, L50, F|
|poke|p2|Whimsicott, L50, F|
|poke|p2|Delphox, L50, M|
|poke|p2|Sneasler, L50, M|
|poke|p2|Kingambit, L50, M|
|teampreview|4
|showteam|p1|Tyranitar||Tyranitarite|SandStream|RockSlide,KnockOff,HighHorsepower,Protect|Adamant||M|||50|]Staraptor||Staraptite|Intimidate|BraveBird,CloseCombat,Tailwind,Protect|Jolly||F|||50|]Excadrill||FocusSash|SandRush|HighHorsepower,IronHead,RockSlide,Protect|Jolly||M|||50|]Gholdengo||LifeOrb|GoodasGold|MakeItRain,ShadowBall,NastyPlot,Protect|Timid|||||50|]Milotic||SitrusBerry|Competitive|Protect,IceBeam,Scald,IcyWind|Bold||F|||50|]Sinistcha||ColburBerry|Hospitality|MatchaGotcha,RagePowder,TrickRoom,Protect|Bold|||||50|
|showteam|p2|Staraptor||Staraptite|Intimidate|Protect,Roost,CloseCombat,BraveBird|Jolly||F|||50|]Garchomp||LifeOrb|RoughSkin|Protect,RockSlide,Earthquake,DragonClaw|Jolly||F|||50|]Whimsicott||OccaBerry|Prankster|Moonblast,Tailwind,Charm,LightScreen|Bold||F|||50|]Delphox||Delphoxite|Magician|Protect,Psychic,HeatWave,Encore|Timid||M|||50|]Sneasler||WhiteHerb|Unburden|FakeOut,QuickGuard,CloseCombat,DireClaw|Adamant||M|||50|]Kingambit||FocusSash|Defiant|KowtowCleave,IronHead,SuckerPunch,Protect|Adamant||M|||50|
|inactive|Battle timer is ON: inactive players will automatically lose when time's up. (requested by ferchoxx)
|inactive|ferchoxx has 60 seconds left.
|inactive|ferchoxx has 30 seconds left.
|
|t:|1785694169
|teamsize|p1|4
|teamsize|p2|4
|start
|switch|p1a: Milotic|Milotic, L50, F|100/100
|switch|p1b: Tyranitar|Tyranitar, L50, M|100/100
|switch|p2a: Delphox|Delphox, L50, M|100/100
|switch|p2b: Garchomp|Garchomp, L50, F|100/100
|-weather|Sandstorm|[from] ability: Sand Stream|[of] p1b: Tyranitar
|turn|1
|inactive|sparshjha has 30 seconds left.
|inactive|ferchoxx has 30 seconds left.
|inactive|sparshjha has 20 seconds left.
|inactive|sparshjha has 15 seconds left.
|inactive|sparshjha has 10 seconds left.
|inactive|sparshjha has 5 seconds left.
|
|t:|1785694221
|switch|p2b: Sneasler|Sneasler, L50, M|100/100
|switch|p2a: Kingambit|Kingambit, L50, M|100/100
|detailschange|p1b: Tyranitar|Tyranitar-Mega, L50, M
|-mega|p1b: Tyranitar|Tyranitar|Tyranitarite
|move|p1b: Tyranitar|Knock Off|p2a: Kingambit
|-resisted|p2a: Kingambit|1
|-damage|p2a: Kingambit|70/100
|-enditem|p2a: Kingambit|Focus Sash|[from] move: Knock Off|[of] p1b: Tyranitar
|move|p1a: Milotic|Ice Beam|p2b: Sneasler
|-damage|p2b: Sneasler|70/100
|
|-weather|Sandstorm|[upkeep]
|-damage|p2b: Sneasler|64/100|[from] Sandstorm
|-damage|p1a: Milotic|93/100|[from] Sandstorm
|upkeep
|turn|2
|inactive|ferchoxx has 30 seconds left.
|inactive|sparshjha has 30 seconds left.
|
|t:|1785694253
|switch|p1b: Gholdengo|Gholdengo, L50|100/100
|move|p2b: Sneasler|Close Combat|p1b: Gholdengo
|-immune|p1b: Gholdengo
|move|p1a: Milotic|Scald|p2b: Sneasler
|-damage|p2b: Sneasler|26/100
|-status|p2b: Sneasler|brn
|move|p2a: Kingambit|Kowtow Cleave|p1a: Milotic
|-damage|p1a: Milotic|51/100
|
|-weather|Sandstorm|[upkeep]
|-damage|p2b: Sneasler|20/100y brn|[from] Sandstorm
|-damage|p1a: Milotic|45/100|[from] Sandstorm
|-enditem|p1a: Milotic|Sitrus Berry|[eat]
|-heal|p1a: Milotic|70/100|[from] item: Sitrus Berry
|-damage|p2b: Sneasler|14/100 brn|[from] brn
|upkeep
|turn|3
|inactive|ferchoxx has 30 seconds left.
|inactive|sparshjha has 30 seconds left.
|inactive|ferchoxx has 20 seconds left.
|
|t:|1785694292
|move|p1a: Milotic|Protect|p1a: Milotic
|-singleturn|p1a: Milotic|Protect
|move|p2b: Sneasler|Dire Claw|p1a: Milotic
|-activate|p1a: Milotic|move: Protect
|move|p1b: Gholdengo|Make It Rain|p2a: Kingambit|[spread] p2a,p2b
|-resisted|p2a: Kingambit|1
|-damage|p2a: Kingambit|38/100
|-damage|p2b: Sneasler|0 fnt
|-unboost|p1b: Gholdengo|spa|2
|faint|p2b: Sneasler
|-damage|p1b: Gholdengo|90/100|[from] item: Life Orb
|move|p2a: Kingambit|Kowtow Cleave|p1a: Milotic
|-activate|p1a: Milotic|move: Protect
|
|-weather|Sandstorm|[upkeep]
|-damage|p1a: Milotic|64/100|[from] Sandstorm
|upkeep
|
|t:|1785694306
|switch|p2b: Delphox|Delphox, L50, M|100/100
|turn|4
|inactive|sparshjha has 30 seconds left.
|
|t:|1785694332
|detailschange|p2b: Delphox|Delphox-Mega, L50, M
|-mega|p2b: Delphox|Delphox|Delphoxite
|move|p2b: Delphox|Encore|p1a: Milotic
|-start|p1a: Milotic|Encore
|move|p1a: Milotic|Protect|p1a: Milotic
|-singleturn|p1a: Milotic|Protect
|move|p1b: Gholdengo|Shadow Ball|p2b: Delphox
|-supereffective|p2b: Delphox|1
|-damage|p2b: Delphox|48/100
|-damage|p1b: Gholdengo|81/100|[from] item: Life Orb
|move|p2a: Kingambit|Kowtow Cleave|p1b: Gholdengo
|-supereffective|p1b: Gholdengo|1
|-damage|p1b: Gholdengo|0 fnt
|faint|p1b: Gholdengo
|
|-weather|Sandstorm|[upkeep]
|-damage|p2b: Delphox|43/100|[from] Sandstorm
|-damage|p1a: Milotic|57/100|[from] Sandstorm
|upkeep
|
|t:|1785694347
|switch|p1b: Excadrill|Excadrill, L50, M|100/100
|turn|5
|inactive|sparshjha has 30 seconds left.
|inactive|sparshjha has 20 seconds left.
|
|t:|1785694386
|switch|p2b: Garchomp|Garchomp, L50, F|100/100
|move|p1a: Milotic|Protect||[still]
|-fail|p1a: Milotic
|move|p1b: Excadrill|Rock Slide|p2b: Garchomp|[spread] p2b
|-miss|p1b: Excadrill|p2a: Kingambit
|-resisted|p2b: Garchomp|1
|-damage|p2b: Garchomp|89/100
|move|p2a: Kingambit|Kowtow Cleave|p1b: Excadrill
|-damage|p1b: Excadrill|22/100
|
|-weather|none
|upkeep
|turn|6
|
|t:|1785694410
|switch|p1a: Tyranitar|Tyranitar-Mega, L50, M|100/100
|-weather|Sandstorm|[from] ability: Sand Stream|[of] p1a: Tyranitar
|move|p1b: Excadrill|Protect|p1b: Excadrill
|-singleturn|p1b: Excadrill|Protect
|move|p2a: Kingambit|Protect|p2a: Kingambit
|-singleturn|p2a: Kingambit|Protect
|move|p2b: Garchomp|Earthquake|p1a: Tyranitar|[spread] p1a
|-activate|p2a: Kingambit|move: Protect
|-activate|p1b: Excadrill|move: Protect
|-supereffective|p1a: Tyranitar|1
|-crit|p1a: Tyranitar
|-damage|p1a: Tyranitar|0 fnt
|faint|p1a: Tyranitar
|-damage|p2b: Garchomp|79/100|[from] item: Life Orb
|
|-weather|Sandstorm|[upkeep]
|upkeep
|
|t:|1785694425
|switch|p1a: Milotic|Milotic, L50, F|57/100
|turn|7
|
|t:|1785694434
|move|p1b: Excadrill|Protect|p1b: Excadrill
|-singleturn|p1b: Excadrill|Protect
|move|p2a: Kingambit|Sucker Punch||[still]
|-fail|p2a: Kingambit
|move|p2b: Garchomp|Dragon Claw|p1a: Milotic
|-damage|p1a: Milotic|17/100
|-damage|p2b: Garchomp|69/100|[from] item: Life Orb
|move|p1a: Milotic|Scald|p2a: Kingambit
|-damage|p2a: Kingambit|5/100
|-status|p2a: Kingambit|brn
|
|-weather|Sandstorm|[upkeep]
|-damage|p1a: Milotic|11/100|[from] Sandstorm
|-damage|p2a: Kingambit|0 fnt|[from] brn
|faint|p2a: Kingambit
|upkeep
|
|t:|1785694442
|switch|p2a: Delphox|Delphox-Mega, L50, M|43/100
|turn|8
|
|t:|1785694466
|move|p2a: Delphox|Protect|p2a: Delphox
|-singleturn|p2a: Delphox|Protect
|move|p1b: Excadrill|Rock Slide|p2b: Garchomp|[spread] p2b
|-activate|p2a: Delphox|move: Protect
|-resisted|p2b: Garchomp|1
|-damage|p2b: Garchomp|60/100
|cant|p2b: Garchomp|flinch
|move|p1a: Milotic|Ice Beam|p2b: Garchomp
|-supereffective|p2b: Garchomp|2
|-damage|p2b: Garchomp|0 fnt
|faint|p2b: Garchomp
|
|-weather|Sandstorm|[upkeep]
|-damage|p2a: Delphox|37/100|[from] Sandstorm
|-damage|p1a: Milotic|5/100|[from] Sandstorm
|upkeep
|turn|9
|c|☆ferchoxx|omg
|c|☆ferchoxx|no way
|inactive|ferchoxx has 30 seconds left.
|
|t:|1785694493
|move|p1b: Excadrill|Rock Slide|p2a: Delphox
|-supereffective|p2a: Delphox|1
|-damage|p2a: Delphox|0 fnt
|faint|p2a: Delphox
|
|win|ferchoxx
||sparshjha is ready for game 3.
