|j|☆Starbai
|j|☆vinicio499
|html|Starbaivinicio499    
|uhtml|bestof|Game 2 of a best-of-3
|t:|1757106866
|gametype|doubles
|player|p1|Starbai|acetrainer-gen4dp|1250
|player|p2|vinicio499|miku-ghost|1207
|gen|9
|tier|[Gen 9] VGC 2025 Reg H (Bo3)
|rated|
|rule|Species Clause: Limit one of each Pokémon
|rule|Item Clause: Limit 1 of each item
|clearpoke
|poke|p1|Dragonite, L50, F|
|poke|p1|Volcarona, L50, M|
|poke|p1|Sneasler, L50, F|
|poke|p1|Electabuzz, L50, M|
|poke|p1|Rillaboom, L50, M|
|poke|p1|Kingambit, L50, M|
|poke|p2|Serperior, L50, M|
|poke|p2|Milotic, L50, F|
|poke|p2|Whimsicott, L50, F|
|poke|p2|Sneasler, L50, M|
|poke|p2|Volcarona, L50, M|
|poke|p2|Incineroar, L50, M|
|teampreview|4
|showteam|p1|Dragonite||LoadedDice|Multiscale|ScaleShot,ExtremeSpeed,Haze,Protect|||F|||50|,,,,,Fairy]Volcarona||CovertCloak|FlameBody|HeatWave,TeraBlast,QuiverDance,Protect|||M|||50|,,,,,Fairy]Sneasler||FocusSash|Unburden|CloseCombat,DireClaw,FakeOut,Coaching|||F|||50|,,,,,Stellar]Electabuzz||Eviolite|VitalSpirit|Electroweb,FollowMe,Taunt,Protect|||M|||50|,,,,,Dragon]Rillaboom||MiracleSeed|GrassySurge|WoodHammer,GrassyGlide,FakeOut,HighHorsepower|||M|||50|,,,,,Fire]Kingambit||AssaultVest|Defiant|KowtowCleave,SuckerPunch,IronHead,TeraBlast|||M|||50|,,,,,Flying
|showteam|p2|Serperior||LifeOrb|Contrary|Glare,Protect,LeafStorm,Taunt|||M|||50|,,,,,Fire]Milotic||SitrusBerry|Competitive|Scald,Protect,Haze,IcyWind|||F|||50|,,,,,Grass]Whimsicott||CovertCloak|Prankster|Moonblast,Protect,Tailwind,LightScreen|||F|||50|,,,,,Ghost]Sneasler||FocusSash|Unburden|CloseCombat,DireClaw,Protect,ThroatChop|||M|||50|,,,,,Ghost]Volcarona||Leftovers|FlameBody|Protect,HeatWave,QuiverDance,TeraBlast|||M|||50|,,,,,Fairy]Incineroar||SafetyGoggles|Intimidate|FakeOut,KnockOff,PartingShot,FlareBlitz|||M|||50|,,,,,Ghost
|inactive|Battle timer is ON: inactive players will automatically lose when time's up. (requested by vinicio499)
|c|☆vinicio499|GOFD
|c|☆vinicio499|I hate this
|c|☆vinicio499|showdown sometimes randomly disconnects me
|c|☆vinicio499|and doesnt telol me'
|inactive|Starbai has 60 seconds left.
|inactive|vinicio499 has 60 seconds left.
|
|t:|1757106924
|teamsize|p1|4
|teamsize|p2|4
|start
|switch|p1a: Sneasler|Sneasler, L50, F|100/100
|switch|p1b: Dragonite|Dragonite, L50, F|100/100
|switch|p2a: Volcarona|Volcarona, L50, M|100/100
|switch|p2b: Incineroar|Incineroar, L50, M|100/100
|-ability|p2b: Incineroar|Intimidate|boost
|-unboost|p1a: Sneasler|atk|1
|-unboost|p1b: Dragonite|atk|1
|turn|1
|
|t:|1757106941
|switch|p1b: Volcarona|Volcarona, L50, M|100/100
|move|p2a: Volcarona|Protect|p2a: Volcarona
|-singleturn|p2a: Volcarona|Protect
|move|p1a: Sneasler|Fake Out|p2a: Volcarona
|-activate|p2a: Volcarona|move: Protect
|move|p2b: Incineroar|Fake Out|p1b: Volcarona
|-damage|p1b: Volcarona|87/100
|
|upkeep
|turn|2
|
|t:|1757106956
|move|p1a: Sneasler|Close Combat|p2b: Incineroar
|-supereffective|p2b: Incineroar
|-damage|p2b: Incineroar|23/100
|-unboost|p1a: Sneasler|def|1
|-unboost|p1a: Sneasler|spd|1
|move|p2a: Volcarona|Quiver Dance|p2a: Volcarona
|-boost|p2a: Volcarona|spa|1
|-boost|p2a: Volcarona|spd|1
|-boost|p2a: Volcarona|spe|1
|move|p1b: Volcarona|Quiver Dance|p1b: Volcarona
|-boost|p1b: Volcarona|spa|1
|-boost|p1b: Volcarona|spd|1
|-boost|p1b: Volcarona|spe|1
|move|p2b: Incineroar|Parting Shot|p1b: Volcarona
|-unboost|p1b: Volcarona|atk|1
|-unboost|p1b: Volcarona|spa|1
|
|t:|1757106966
|switch|p2b: Sneasler|Sneasler, L50, M|100/100|[from] Parting Shot
|
|upkeep
|turn|3
|
|t:|1757106983
|move|p2b: Sneasler|Protect|p2b: Sneasler
|-singleturn|p2b: Sneasler|Protect
|move|p2a: Volcarona|Heat Wave|p1b: Volcarona|[spread] p1a,p1b
|-damage|p1a: Sneasler|9/100
|-damage|p1b: Volcarona|54/100
|move|p1b: Volcarona|Quiver Dance|p1b: Volcarona
|-boost|p1b: Volcarona|spa|1
|-boost|p1b: Volcarona|spd|1
|-boost|p1b: Volcarona|spe|1
|move|p1a: Sneasler|Coaching|p1b: Volcarona
|-boost|p1b: Volcarona|atk|1
|-boost|p1b: Volcarona|def|1
|
|upkeep
|turn|4
|inactive|Starbai has 30 seconds left.
|
|t:|1757107011
|move|p1b: Volcarona|Heat Wave|p2a: Volcarona|[spread] p2a,p2b
|-damage|p2a: Volcarona|64/100
|-damage|p2b: Sneasler|31/100
|move|p2a: Volcarona|Heat Wave|p1b: Volcarona|[spread] p1a,p1b
|-damage|p1a: Sneasler|0 fnt
|-damage|p1b: Volcarona|30/100
|faint|p1a: Sneasler
|move|p2b: Sneasler|Close Combat|p1b: Volcarona
|-resisted|p1b: Volcarona
|-damage|p1b: Volcarona|4/100
|-unboost|p2b: Sneasler|def|1
|-unboost|p2b: Sneasler|spd|1
|-status|p2b: Sneasler|brn|[from] ability: Flame Body|[of] p1b: Volcarona
|
|-heal|p2a: Volcarona|70/100|[from] item: Leftovers
|-damage|p2b: Sneasler|25/100 brn|[from] brn
|upkeep
|
|t:|1757107016
|switch|p1a: Dragonite|Dragonite, L50, F|100/100
|turn|5
|inactive|Starbai has 30 seconds left.
|
|t:|1757107052
|-terastallize|p2a: Volcarona|Fairy
|-terastallize|p1a: Dragonite|Fairy
|move|p1a: Dragonite|Extreme Speed|p2a: Volcarona
|-damage|p2a: Volcarona|33/100
|move|p1b: Volcarona|Heat Wave|p2a: Volcarona|[spread] p2a,p2b
|-damage|p2a: Volcarona|0 fnt
|-damage|p2b: Sneasler|0 fnt
|faint|p2a: Volcarona
|faint|p2b: Sneasler
|
|upkeep
|
|t:|1757107059
|switch|p2b: Serperior|Serperior, L50, M, shiny|100/100
|switch|p2a: Incineroar|Incineroar, L50, M|23/100
|-ability|p2a: Incineroar|Intimidate|boost
|-unboost|p1a: Dragonite|atk|1
|-unboost|p1b: Volcarona|atk|1
|turn|6
|
|t:|1757107076
|move|p1b: Volcarona|Protect|p1b: Volcarona
|-singleturn|p1b: Volcarona|Protect
|move|p1a: Dragonite|Protect|p1a: Dragonite
|-singleturn|p1a: Dragonite|Protect
|move|p2a: Incineroar|Fake Out|p1a: Dragonite
|-activate|p1a: Dragonite|move: Protect
|move|p2b: Serperior|Leaf Storm|p1a: Dragonite
|-activate|p1a: Dragonite|move: Protect
|
|upkeep
|turn|7
|-message|vinicio499 forfeited.
|
|win|Starbai
|raw|Starbai's rating: 1250 → 1272(+22 for winning)
|raw|vinicio499's rating: 1207 → 1185(-22 for losing)
|l|☆vinicio499
|player|p2|
