|j|☆abtoty
|j|☆KarmaPoliceVGC
|html|abtotyKarmaPoliceVGC    
|uhtml|bestof|Game 2 of a best-of-3
|t:|1757813623
|gametype|doubles
|player|p1|abtoty|102|1067
|player|p2|KarmaPoliceVGC|scientist-gen4|1146
|gen|9
|tier|[Gen 9] VGC 2025 Reg H (Bo3)
|rated|
|rule|Species Clause: Limit one of each Pokémon
|rule|Item Clause: Limit 1 of each item
|clearpoke
|poke|p1|Gholdengo, L50|
|poke|p1|Dragonite, L50, F|
|poke|p1|Sneasler, L50, F|
|poke|p1|Rillaboom, L50, F|
|poke|p1|Ursaluna, L50, F|
|poke|p1|Porygon2, L50|
|poke|p2|Garchomp, L50, F|
|poke|p2|Murkrow, L50, M|
|poke|p2|Bellossom, L50, M|
|poke|p2|Oricorio-Pom-Pom, L50, M|
|poke|p2|Ninetales-Alola, L50, M|
|poke|p2|Volcarona, L50, F|
|teampreview|4
|showteam|p1|Gholdengo||MetalCoat|GoodasGold|MakeItRain,ShadowBall,NastyPlot,Protect||||||50|,,,,,Water]Dragonite||LoadedDice|Multiscale|ScaleShot,StompingTantrum,Tailwind,Protect|||F|||50|,,,,,Fairy]Sneasler||FocusSash|Unburden|DireClaw,CloseCombat,Coaching,Protect|||F|||50|,,,,,Ghost]Rillaboom||AssaultVest|GrassySurge|GrassyGlide,WoodHammer,FakeOut,HighHorsepower|||F|||50|,,,,,Fire]Ursaluna||FlameOrb|Guts|Facade,Protect,HeadlongRush,Earthquake|||F|||50|,,,,,Ground]Porygon2||Eviolite|Download|TeraBlast,IceBeam,TrickRoom,Recover||||||50|,,,,,Fighting
|showteam|p2|Garchomp||ChoiceScarf|RoughSkin|Earthquake,Outrage,RockSlide,StompingTantrum|||F|||50|,,,,,Ground]Murkrow||Eviolite|Prankster|Protect,Tailwind,FeatherDance,FoulPlay|||M|||50|,,,,,Ghost]Bellossom||KebiaBerry|Healer|Protect,SleepPowder,QuiverDance,PetalDance|||M|||50|,,,,,Ghost]Oricorio-Pom-Pom||SitrusBerry|Dancer|Protect,QuiverDance,RevelationDance,AirSlash|||M|||50|,,,,,Ghost]Ninetales-Alola||LightClay|SnowWarning|AuroraVeil,Encore,Blizzard,Moonblast|||M|||50|,,,,,Ice]Volcarona||Leftovers|FlameBody|Protect,QuiverDance,FieryDance,GigaDrain|||F|||50|,,,,,Grass
|inactive|Battle timer is ON: inactive players will automatically lose when time's up. (requested by abtoty)
|
|t:|1757813651
|teamsize|p1|4
|teamsize|p2|4
|start
|switch|p1a: Dragonite|Dragonite, L50, F|100/100
|switch|p1b: Sneasler|Sneasler, L50, F|100/100
|switch|p2a: Murkrow|Murkrow, L50, M|100/100
|switch|p2b: Bellossom|Bellossom, L50, M|100/100
|turn|1
|
|t:|1757813668
|move|p2a: Murkrow|Tailwind|p2a: Murkrow
|-sidestart|p2: KarmaPoliceVGC|move: Tailwind
|move|p2b: Bellossom|Sleep Powder|p1a: Dragonite
|-status|p1a: Dragonite|slp|[from] move: Sleep Powder
|move|p1b: Sneasler|Dire Claw|p2a: Murkrow
|-damage|p2a: Murkrow|65/100
|cant|p1a: Dragonite|slp
|
|upkeep
|turn|2
|inactive|KarmaPoliceVGC has 30 seconds left.
|
|t:|1757813702
|switch|p2a: Volcarona|Volcarona, L50, F|100/100
|move|p2b: Bellossom|Sleep Powder|p1b: Sneasler|[miss]
|-miss|p2b: Bellossom|p1b: Sneasler
|move|p1b: Sneasler|Dire Claw|p2b: Bellossom
|-supereffective|p2b: Bellossom
|-enditem|p2b: Bellossom|Kebia Berry|[eat]
|-enditem|p2b: Bellossom|Kebia Berry|[weaken]
|-damage|p2b: Bellossom|62/100
|-curestatus|p1a: Dragonite|slp|[msg]
|move|p1a: Dragonite|Tailwind|p1a: Dragonite
|-sidestart|p1: abtoty|move: Tailwind
|
|upkeep
|turn|3
|inactive|abtoty has 30 seconds left.
|inactive|abtoty has 20 seconds left.
|
|t:|1757813742
|move|p1b: Sneasler|Dire Claw|p2a: Volcarona
|-crit|p2a: Volcarona
|-damage|p2a: Volcarona|33/100
|-status|p2a: Volcarona|psn
|move|p2a: Volcarona|Quiver Dance|p2a: Volcarona
|-boost|p2a: Volcarona|spa|1
|-boost|p2a: Volcarona|spd|1
|-boost|p2a: Volcarona|spe|1
|move|p1a: Dragonite|Scale Shot|p2b: Bellossom
|-damage|p2b: Bellossom|47/100
|-damage|p2b: Bellossom|32/100
|-damage|p2b: Bellossom|18/100
|-damage|p2b: Bellossom|3/100
|-hitcount|p2b: Bellossom|4
|-unboost|p1a: Dragonite|def|1
|-boost|p1a: Dragonite|spe|1
|move|p2b: Bellossom|Sleep Powder|p1a: Dragonite
|-status|p1a: Dragonite|slp|[from] move: Sleep Powder
|
|-heal|p2a: Volcarona|40/100 psn|[from] item: Leftovers
|-activate|p2b: Bellossom|ability: Healer
|-curestatus|p2a: Volcarona|psn|[msg]
|upkeep
|turn|4
|inactive|abtoty has 30 seconds left.
|inactive|abtoty has 20 seconds left.
|
|t:|1757813778
|move|p2a: Volcarona|Protect|p2a: Volcarona
|-singleturn|p2a: Volcarona|Protect
|cant|p1a: Dragonite|slp
|move|p1b: Sneasler|Dire Claw|p2a: Volcarona
|-activate|p2a: Volcarona|move: Protect
|move|p2b: Bellossom|Sleep Powder|p1b: Sneasler
|-status|p1b: Sneasler|slp|[from] move: Sleep Powder
|
|-heal|p2a: Volcarona|46/100|[from] item: Leftovers
|-sideend|p2: KarmaPoliceVGC|move: Tailwind
|upkeep
|turn|5
|
|t:|1757813791
|switch|p2b: Oricorio|Oricorio-Pom-Pom, L50, M|100/100
|-curestatus|p1a: Dragonite|slp|[msg]
|move|p1a: Dragonite|Scale Shot|p2b: Oricorio
|-damage|p2b: Oricorio|83/100
|-damage|p2b: Oricorio|65/100
|-damage|p2b: Oricorio|48/100
|-enditem|p2b: Oricorio|Sitrus Berry|[eat]
|-heal|p2b: Oricorio|73/100|[from] item: Sitrus Berry
|-damage|p2b: Oricorio|57/100
|-hitcount|p2b: Oricorio|4
|-unboost|p1a: Dragonite|def|1
|-boost|p1a: Dragonite|spe|1
|cant|p1b: Sneasler|slp
|move|p2a: Volcarona|Quiver Dance|p2a: Volcarona
|-boost|p2a: Volcarona|spa|1
|-boost|p2a: Volcarona|spd|1
|-boost|p2a: Volcarona|spe|1
|-activate|p2b: Oricorio|ability: Dancer
|move|p2b: Oricorio|Quiver Dance|p2b: Oricorio|[from] ability: Dancer
|-boost|p2b: Oricorio|spa|1
|-boost|p2b: Oricorio|spd|1
|-boost|p2b: Oricorio|spe|1
|
|-heal|p2a: Volcarona|52/100|[from] item: Leftovers
|-sideend|p1: abtoty|move: Tailwind
|upkeep
|turn|6
|inactive|abtoty has 30 seconds left.
|inactive|KarmaPoliceVGC has 30 seconds left.
|inactive|abtoty has 20 seconds left.
|inactive|abtoty has 15 seconds left.
|
|t:|1757813835
|move|p2a: Volcarona|Fiery Dance|p1b: Sneasler
|-enditem|p1b: Sneasler|Focus Sash
|-damage|p1b: Sneasler|1/100 slp
|-activate|p2b: Oricorio|ability: Dancer
|move|p2b: Oricorio|Fiery Dance|p1b: Sneasler|[from] ability: Dancer
|-damage|p1b: Sneasler|0 fnt
|faint|p1b: Sneasler
|move|p1a: Dragonite|Scale Shot|p2b: Oricorio
|-damage|p2b: Oricorio|40/100
|-damage|p2b: Oricorio|22/100
|-damage|p2b: Oricorio|5/100
|-damage|p2b: Oricorio|0 fnt
|faint|p2b: Oricorio
|-hitcount|p2: Oricorio|4
|-unboost|p1a: Dragonite|def|1
|-boost|p1a: Dragonite|spe|1
|
|-heal|p2a: Volcarona|58/100|[from] item: Leftovers
|upkeep
|
|t:|1757813855
|switch|p1b: Rillaboom|Rillaboom, L50, F|100/100
|switch|p2b: Murkrow|Murkrow, L50, M|65/100
|-fieldstart|move: Grassy Terrain|[from] ability: Grassy Surge|[of] p1b: Rillaboom
|turn|7
|
|t:|1757813865
|move|p2b: Murkrow|Protect|p2b: Murkrow
|-singleturn|p2b: Murkrow|Protect
|move|p2a: Volcarona|Protect|p2a: Volcarona
|-singleturn|p2a: Volcarona|Protect
|move|p1b: Rillaboom|Fake Out|p2a: Volcarona
|-activate|p2a: Volcarona|move: Protect
|move|p1a: Dragonite|Scale Shot|p2a: Volcarona
|-activate|p2a: Volcarona|move: Protect
|
|-heal|p2a: Volcarona|65/100|[from] Grassy Terrain
|-heal|p2a: Volcarona|71/100|[from] item: Leftovers
|upkeep
|turn|8
|inactive|abtoty has 30 seconds left.
|inactive|KarmaPoliceVGC has 30 seconds left.
|inactive|KarmaPoliceVGC has 20 seconds left.
|inactive|KarmaPoliceVGC has 15 seconds left.
|inactive|KarmaPoliceVGC has 10 seconds left.
|
|t:|1757813911
|move|p1a: Dragonite|Scale Shot|p2a: Volcarona
|-damage|p2a: Volcarona|56/100
|-crit|p2a: Volcarona
|-damage|p2a: Volcarona|32/100
|-damage|p2a: Volcarona|15/100
|-damage|p2a: Volcarona|0 fnt
|faint|p2a: Volcarona
|-hitcount|p2: Volcarona|4
|-unboost|p1a: Dragonite|def|1
|-boost|p1a: Dragonite|spe|1
|move|p1b: Rillaboom|High Horsepower|p2b: Murkrow
|-immune|p2b: Murkrow
|move|p2b: Murkrow|Foul Play|p1a: Dragonite
|-damage|p1a: Dragonite|12/100
|
|upkeep
|
|t:|1757813927
|switch|p2a: Bellossom|Bellossom, L50, M|3/100
|turn|9
|inactive|abtoty has 30 seconds left.
|
|t:|1757813954
|move|p1b: Rillaboom|Grassy Glide|p2a: Bellossom
|-resisted|p2a: Bellossom
|-damage|p2a: Bellossom|0 fnt
|faint|p2a: Bellossom
|move|p1a: Dragonite|Scale Shot|p2b: Murkrow|[miss]
|-miss|p1a: Dragonite|p2b: Murkrow
|move|p2b: Murkrow|Foul Play|p1a: Dragonite
|-damage|p1a: Dragonite|0 fnt
|faint|p1a: Dragonite
|
|upkeep
|-message|KarmaPoliceVGC forfeited.
|
|win|abtoty
|l|☆KarmaPoliceVGC
|player|p2|
