|j|☆C0ozer
|j|☆olciax34
|html|C0ozerolciax34    
|uhtml|bestof|Game 1 of a best-of-3
|t:|1782330119
|gametype|doubles
|player|p1|C0ozer|lucas|1117
|player|p2|olciax34|169|1172
|gen|9
|tier|[Gen 9 Champions] VGC 2026 Reg M-B (Bo3)
|rated|
|rule|Species Clause: Limit one of each Pokémon
|rule|Item Clause: Limit 1 of each item
|clearpoke
|poke|p1|Charizard, L50, F|
|poke|p1|Scrafty, L50, M|
|poke|p1|Gholdengo, L50|
|poke|p1|Whimsicott, L50, F|
|poke|p1|Toxapex, L50, M|
|poke|p1|Garchomp, L50, M|
|poke|p2|Garchomp, L50, M|
|poke|p2|Gholdengo, L50|
|poke|p2|Whimsicott, L50, M|
|poke|p2|Incineroar, L50, F|
|poke|p2|Kangaskhan, L50, F|
|poke|p2|Charizard, L50, M|
|teampreview|4
|showteam|p1|Charizard||CharizarditeY|Blaze|HeatWave,WeatherBall,SolarBeam,Protect|Timid||F|||50|]Scrafty||Scraftinite|Intimidate|FakeOut,KnockOff,CloseCombat,Detect|Impish||M|||50|]Gholdengo||LifeOrb|GoodasGold|FlashCannon,ShadowBall,NastyPlot,Protect|Timid|||||50|]Whimsicott||FocusSash|Prankster|Moonblast,Encore,Tailwind,Protect|Timid||F|||50|]Toxapex||Leftovers|Regenerator|Toxic,Haze,Infestation,BanefulBunker|Bold||M|||50|]Garchomp||SitrusBerry|RoughSkin|BreakingSwipe,RockSlide,StompingTantrum,Protect|Adamant||M|||50|
|showteam|p2|Garchomp||LifeOrb|RoughSkin|Earthquake,RockSlide,DragonClaw,Protect|Jolly||M|||50|]Gholdengo||SpellTag|GoodasGold|MakeItRain,ShadowBall,NastyPlot,Protect|Modest|||||50|]Whimsicott||FocusSash|Prankster|Moonblast,Tailwind,Encore,Protect|Timid||M|||50|]Incineroar||SitrusBerry|Intimidate|FakeOut,ThroatChop,FlareBlitz,PartingShot|Careful||F|||50|]Kangaskhan||Kangaskhanite|Scrappy|FakeOut,IcePunch,LowKick,DoubleEdge|Adamant||F|||50|]Charizard||CharizarditeY|SolarPower|HeatWave,WeatherBall,SolarBeam,Protect|Modest||M|||50|
|inactive|Battle timer is ON: inactive players will automatically lose when time's up. (requested by C0ozer)
|inactive|C0ozer has 60 seconds left.
|inactive|olciax34 has 60 seconds left.
|inactive|olciax34 has 30 seconds left.
|
|t:|1782330188
|teamsize|p1|4
|teamsize|p2|4
|start
|switch|p1a: Charizard|Charizard, L50, F|100/100
|switch|p1b: Whimsicott|Whimsicott, L50, F|100/100
|switch|p2a: Kangaskhan|Kangaskhan, L50, F|100/100
|switch|p2b: Gholdengo|Gholdengo, L50|100/100
|turn|1
|inactive|C0ozer has 30 seconds left.
|
|t:|1782330215
|switch|p2b: Garchomp|Garchomp, L50, M|100/100
|detailschange|p2a: Kangaskhan|Kangaskhan-Mega, L50, F
|-mega|p2a: Kangaskhan|Kangaskhan|Kangaskhanite
|move|p1a: Charizard|Protect|p1a: Charizard
|-singleturn|p1a: Charizard|Protect
|move|p1b: Whimsicott|Tailwind|p1b: Whimsicott
|-sidestart|p1: C0ozer|move: Tailwind
|move|p2a: Kangaskhan|Double-Edge|p1a: Charizard
|-activate|p1a: Charizard|move: Protect
|
|upkeep
|turn|2
|inactive|C0ozer has 30 seconds left.
|
|t:|1782330241
|switch|p1a: Scrafty|Scrafty, L50, M|100/100
|-ability|p1a: Scrafty|Intimidate|boost
|-unboost|p2a: Kangaskhan|atk|1
|-unboost|p2b: Garchomp|atk|1
|move|p2b: Garchomp|Protect|p2b: Garchomp
|-singleturn|p2b: Garchomp|Protect
|move|p1b: Whimsicott|Moonblast|p2b: Garchomp
|-activate|p2b: Garchomp|move: Protect
|move|p2a: Kangaskhan|Double-Edge|p1b: Whimsicott
|-damage|p1b: Whimsicott|38/100
|-damage|p1b: Whimsicott|25/100
|-hitcount|p1b: Whimsicott|2
|-damage|p2a: Kangaskhan|83/100|[from] Recoil
|
|upkeep
|turn|3
|inactive|C0ozer has 30 seconds left.
|inactive|olciax34 has 30 seconds left.
|inactive|olciax34 has 20 seconds left.
|
|t:|1782330278
|switch|p2b: Gholdengo|Gholdengo, L50|100/100
|move|p1a: Scrafty|Fake Out|p2a: Kangaskhan
|-damage|p2a: Kangaskhan|77/100
|move|p1b: Whimsicott|Moonblast|p2b: Gholdengo
|-resisted|p2b: Gholdengo|1
|-crit|p2b: Gholdengo
|-damage|p2b: Gholdengo|74/100
|cant|p2a: Kangaskhan|flinch
|
|upkeep
|turn|4
|inactive|C0ozer has 30 seconds left.
|
|t:|1782330308
|move|p1b: Whimsicott|Protect|p1b: Whimsicott
|-singleturn|p1b: Whimsicott|Protect
|move|p1a: Scrafty|Knock Off|p2b: Gholdengo
|-supereffective|p2b: Gholdengo|1
|-damage|p2b: Gholdengo|14/100
|-enditem|p2b: Gholdengo|Spell Tag|[from] move: Knock Off|[of] p1a: Scrafty
|move|p2a: Kangaskhan|Double-Edge|p1b: Whimsicott
|-activate|p1b: Whimsicott|move: Protect
|move|p2b: Gholdengo|Make It Rain|p1b: Whimsicott|[spread] p1a
|-activate|p1b: Whimsicott|move: Protect
|-damage|p1a: Scrafty|57/100
|-unboost|p2b: Gholdengo|spa|2
|
|-sideend|p1: C0ozer|move: Tailwind
|upkeep
|turn|5
|
|t:|1782330328
|move|p1b: Whimsicott|Tailwind|p1b: Whimsicott
|-sidestart|p1: C0ozer|move: Tailwind
|move|p1a: Scrafty|Close Combat|p2a: Kangaskhan
|-supereffective|p2a: Kangaskhan|1
|-damage|p2a: Kangaskhan|12/100
|-unboost|p1a: Scrafty|def|1
|-unboost|p1a: Scrafty|spd|1
|move|p2a: Kangaskhan|Double-Edge|p1b: Whimsicott
|-damage|p1b: Whimsicott|0 fnt
|faint|p1b: Whimsicott
|-damage|p2a: Kangaskhan|6/100|[from] Recoil
|move|p2b: Gholdengo|Make It Rain|p1a: Scrafty
|-damage|p1a: Scrafty|13/100
|-unboost|p2b: Gholdengo|spa|2
|
|upkeep
|
|t:|1782330345
|switch|p1b: Charizard|Charizard, L50, F|100/100
|turn|6
|
|t:|1782330362
|detailschange|p1b: Charizard|Charizard-Mega-Y, L50, F
|-mega|p1b: Charizard|Charizard|Charizardite Y
|-weather|SunnyDay|[from] ability: Drought|[of] p1b: Charizard
|move|p1b: Charizard|Heat Wave|p2b: Gholdengo|[spread] p2a,p2b
|-supereffective|p2b: Gholdengo|1
|-damage|p2a: Kangaskhan|0 fnt
|-damage|p2b: Gholdengo|0 fnt
|faint|p2a: Kangaskhan
|faint|p2b: Gholdengo
|move|p1a: Scrafty|Knock Off|p2: Kangaskhan|[notarget]
|-fail|p1a: Scrafty
|
|-weather|SunnyDay|[upkeep]
|upkeep
|
|t:|1782330374
|switch|p2a: Garchomp|Garchomp, L50, M|100/100
|switch|p2b: Whimsicott|Whimsicott, L50, M|100/100
|turn|7
|inactive|C0ozer has 30 seconds left.
|
|t:|1782330401
|move|p2b: Whimsicott|Tailwind|p2b: Whimsicott
|-sidestart|p2: olciax34|move: Tailwind
|move|p2a: Garchomp|Rock Slide|p1b: Charizard|[spread] p1a,p1b
|-resisted|p1a: Scrafty|1
|-supereffective|p1b: Charizard|2
|-crit|p1b: Charizard
|-damage|p1a: Scrafty|0 fnt
|-damage|p1b: Charizard|0 fnt
|faint|p1a: Scrafty
|faint|p1b: Charizard
|-damage|p2a: Garchomp|90/100|[from] item: Life Orb
|
|-weather|SunnyDay|[upkeep]
|upkeep
|
|t:|1782330411
|switch|p1b: Garchomp|Garchomp, L50, M|100/100
|turn|8
|
|t:|1782330416
|move|p2b: Whimsicott|Protect|p2b: Whimsicott
|-singleturn|p2b: Whimsicott|Protect
|move|p2a: Garchomp|Protect|p2a: Garchomp
|-singleturn|p2a: Garchomp|Protect
|move|p1b: Garchomp|Breaking Swipe|p2b: Whimsicott|[spread] 
|-activate|p2a: Garchomp|move: Protect
|-activate|p2b: Whimsicott|move: Protect
|
|-weather|SunnyDay|[upkeep]
|-sideend|p1: C0ozer|move: Tailwind
|upkeep
|turn|9
|
|t:|1782330430
|move|p2b: Whimsicott|Moonblast|p1b: Garchomp
|-supereffective|p1b: Garchomp|1
|-damage|p1b: Garchomp|32/100
|-enditem|p1b: Garchomp|Sitrus Berry|[eat]
|-heal|p1b: Garchomp|56/100|[from] item: Sitrus Berry
|move|p2a: Garchomp|Dragon Claw|p1b: Garchomp
|-supereffective|p1b: Garchomp|1
|-damage|p1b: Garchomp|0 fnt
|-damage|p2a: Garchomp|77/100|[from] ability: Rough Skin|[of] p1b: Garchomp
|faint|p1b: Garchomp
|-damage|p2a: Garchomp|68/100|[from] item: Life Orb
|
|win|olciax34
