|j|☆DDO15
|j|☆PaquitoElBollito
|html|DDO15PaquitoElBollito    
|uhtml|bestof|Game 2 of a best-of-3
|t:|1782397677
|gametype|doubles
|player|p1|DDO15|2|1094
|player|p2|PaquitoElBollito|veteran|1054
|gen|9
|tier|[Gen 9 Champions] VGC 2026 Reg M-B (Bo3)
|rated|
|rule|Species Clause: Limit one of each Pokémon
|rule|Item Clause: Limit 1 of each item
|clearpoke
|poke|p1|Froslass, L50, F|
|poke|p1|Whimsicott, L50, F|
|poke|p1|Glimmora, L50, F|
|poke|p1|Sneasler, L50, M|
|poke|p1|Kangaskhan, L50, F|
|poke|p1|Sinistcha, L50|
|poke|p2|Blaziken, L50, M|
|poke|p2|Metagross, L50|
|poke|p2|Whimsicott, L50, F|
|poke|p2|Basculegion, L50, M|
|poke|p2|Farigiraf, L50, M|
|poke|p2|Hydreigon, L50, M|
|teampreview|4
|showteam|p1|Froslass||Froslassite|CursedBody|Blizzard,Protect,ShadowBall,WillOWisp|Timid||F|||50|]Whimsicott||FocusSash|Prankster|Protect,Encore,Tailwind,Moonblast|Timid||F|||50|]Glimmora||Glimmoranite|ToxicDebris|SpikyShield,EarthPower,PowerGem,SludgeBomb|Modest||F|||50|]Sneasler||WhiteHerb|Unburden|CloseCombat,DireClaw,FakeOut,Protect|Adamant||M|||50|]Kangaskhan||ChoiceScarf|Scrappy|DoubleEdge,DrainPunch,IcePunch,RockSlide|Jolly||F|||50|]Sinistcha||SitrusBerry|Hospitality|LifeDew,RagePowder,MatchaGotcha,ShadowBall|Calm|||||50|
|showteam|p2|Blaziken||Blazikenite|SpeedBoost|Detect,CloseCombat,FlareBlitz,RockSlide|Adamant||M|||50|]Metagross||Metagrossite|ClearBody|PsychicFangs,Protect,IronHead,StompingTantrum|Jolly|||||50|]Whimsicott||FocusSash|Prankster|Protect,Moonblast,EnergyBall,Tailwind|Timid||F|||50|]Basculegion||LifeOrb|Adaptability|WaveCrash,Protect,LastRespects,AquaJet|Adamant||M|||50|]Farigiraf||SitrusBerry|ArmorTail|Psychic,Thunderbolt,Roar,TrickRoom|Bold||M|||50|]Hydreigon||ChoiceScarf|Levitate|DracoMeteor,Snarl,EarthPower,DarkPulse|Modest||M|||50|
|inactive|Battle timer is ON: inactive players will automatically lose when time's up. (requested by PaquitoElBollito)
|inactive|DDO15 has 60 seconds left.
|inactive|DDO15 has 30 seconds left.
|
|t:|1782397744
|teamsize|p1|4
|teamsize|p2|4
|start
|switch|p1a: Whimsicott|Whimsicott, L50, F|100/100
|switch|p1b: Kangaskhan|Kangaskhan, L50, F|100/100
|switch|p2a: Metagross|Metagross, L50|100/100
|switch|p2b: Blaziken|Blaziken, L50, M|100/100
|turn|1
|
|t:|1782397763
|switch|p2b: Basculegion|Basculegion, L50, M|100/100
|move|p1a: Whimsicott|Tailwind|p1a: Whimsicott
|-sidestart|p1: DDO15|move: Tailwind
|move|p1b: Kangaskhan|Double-Edge|p2b: Basculegion
|-damage|p2b: Basculegion|42/100
|-damage|p1b: Kangaskhan|79/100|[from] Recoil
|move|p2a: Metagross|Iron Head|p1a: Whimsicott
|-supereffective|p1a: Whimsicott|1
|-enditem|p1a: Whimsicott|Focus Sash
|-damage|p1a: Whimsicott|1/100
|
|upkeep
|turn|2
|inactive|DDO15 has 30 seconds left.
|inactive|PaquitoElBollito has 30 seconds left.
|
|t:|1782397796
|move|p2b: Basculegion|Protect|p2b: Basculegion
|-singleturn|p2b: Basculegion|Protect
|move|p1a: Whimsicott|Encore|p2a: Metagross
|-start|p2a: Metagross|Encore
|move|p1b: Kangaskhan|Double-Edge|p2b: Basculegion
|-activate|p2b: Basculegion|move: Protect
|move|p2a: Metagross|Iron Head|p1b: Kangaskhan
|-damage|p1b: Kangaskhan|32/100
|
|upkeep
|turn|3
|
|t:|1782397808
|switch|p2b: Hydreigon|Hydreigon, L50, M|100/100
|move|p1b: Kangaskhan|Double-Edge|p2b: Hydreigon
|-damage|p2b: Hydreigon|38/100
|-damage|p1b: Kangaskhan|13/100|[from] Recoil
|move|p1a: Whimsicott|Moonblast|p2a: Metagross
|-resisted|p2a: Metagross|1
|-damage|p2a: Metagross|80/100
|move|p2a: Metagross|Iron Head|p1b: Kangaskhan
|-damage|p1b: Kangaskhan|0 fnt
|faint|p1b: Kangaskhan
|
|upkeep
|
|t:|1782397820
|switch|p1b: Sneasler|Sneasler, L50, M|100/100
|turn|4
|
|t:|1782397837
|switch|p2a: Basculegion|Basculegion, L50, M|42/100
|move|p1a: Whimsicott|Moonblast|p2b: Hydreigon
|-supereffective|p2b: Hydreigon|2
|-damage|p2b: Hydreigon|0 fnt
|faint|p2b: Hydreigon
|move|p1b: Sneasler|Close Combat|p2a: Basculegion
|-immune|p2a: Basculegion
|
|-sideend|p1: DDO15|move: Tailwind
|upkeep
|
|t:|1782397843
|switch|p2b: Blaziken|Blaziken, L50, M|100/100
|turn|5
|
|t:|1782397866
|move|p1a: Whimsicott|Tailwind|p1a: Whimsicott
|-sidestart|p1: DDO15|move: Tailwind
|move|p2a: Basculegion|Aqua Jet|p1a: Whimsicott
|-resisted|p1a: Whimsicott|1
|-damage|p1a: Whimsicott|0 fnt
|faint|p1a: Whimsicott
|-damage|p2a: Basculegion|33/100|[from] item: Life Orb
|move|p1b: Sneasler|Dire Claw|p2a: Basculegion
|-resisted|p2a: Basculegion|1
|-damage|p2a: Basculegion|10/100
|-status|p2a: Basculegion|psn
|move|p2b: Blaziken|Close Combat|p1b: Sneasler
|-resisted|p1b: Sneasler|1
|-damage|p1b: Sneasler|46/100
|-unboost|p2b: Blaziken|def|1
|-unboost|p2b: Blaziken|spd|1
|
|-damage|p2a: Basculegion|0 fnt|[from] psn
|faint|p2a: Basculegion
|-ability|p2b: Blaziken|Speed Boost|boost
|-boost|p2b: Blaziken|spe|1
|upkeep
|
|t:|1782397883
|switch|p1a: Froslass|Froslass, L50, F|100/100
|switch|p2a: Metagross|Metagross, L50|80/100
|turn|6
|
|t:|1782397907
|detailschange|p1a: Froslass|Froslass-Mega, L50, F
|-mega|p1a: Froslass|Froslass|Froslassite
|-weather|Snowscape|[from] ability: Snow Warning|[of] p1a: Froslass
|move|p2b: Blaziken|Detect|p2b: Blaziken
|-singleturn|p2b: Blaziken|Protect
|move|p2a: Metagross|Protect|p2a: Metagross
|-singleturn|p2a: Metagross|Protect
|move|p1a: Froslass|Shadow Ball|p2a: Metagross
|-activate|p2a: Metagross|move: Protect
|move|p1b: Sneasler|Close Combat|p2b: Blaziken
|-activate|p2b: Blaziken|move: Protect
|
|-weather|Snowscape|[upkeep]
|-ability|p2b: Blaziken|Speed Boost|boost
|-boost|p2b: Blaziken|spe|1
|upkeep
|turn|7
|inactive|PaquitoElBollito has 30 seconds left.
|inactive|PaquitoElBollito has 20 seconds left.
|inactive|PaquitoElBollito has 15 seconds left.
|inactive|PaquitoElBollito has 10 seconds left.
|inactive|PaquitoElBollito has 5 seconds left.
|
|t:|1782397961
|detailschange|p2b: Blaziken|Blaziken-Mega, L50, M
|-mega|p2b: Blaziken|Blaziken|Blazikenite
|move|p1a: Froslass|Shadow Ball|p2b: Blaziken
|-damage|p2b: Blaziken|19/100
|move|p1b: Sneasler|Close Combat|p2b: Blaziken
|-crit|p2b: Blaziken
|-damage|p2b: Blaziken|0 fnt
|-unboost|p1b: Sneasler|def|1
|-unboost|p1b: Sneasler|spd|1
|faint|p2b: Blaziken
|-enditem|p1b: Sneasler|White Herb
|-clearnegativeboost|p1b: Sneasler|[silent]
|move|p2a: Metagross|Iron Head|p1b: Sneasler
|-damage|p1b: Sneasler|0 fnt
|faint|p1b: Sneasler
|
|-weather|Snowscape|[upkeep]
|upkeep
|turn|8
|
|t:|1782397978
|move|p2a: Metagross|Protect|p2a: Metagross
|-singleturn|p2a: Metagross|Protect
|move|p1a: Froslass|Shadow Ball|p2a: Metagross
|-activate|p2a: Metagross|move: Protect
|
|-weather|Snowscape|[upkeep]
|-sideend|p1: DDO15|move: Tailwind
|upkeep
|turn|9
|
|t:|1782397986
|move|p1a: Froslass|Shadow Ball|p2a: Metagross
|-supereffective|p2a: Metagross|1
|-damage|p2a: Metagross|0 fnt
|faint|p2a: Metagross
|
|win|DDO15
