|j|☆CarrettaVGC
|j|☆Fieofkdl
|html|CarrettaVGCFieofkdl    
|uhtml|bestof|Game 2 of a best-of-3
|t:|1783644236
|gametype|doubles
|player|p1|CarrettaVGC|169|1000
|player|p2|Fieofkdl|bellelba|1000
|gen|9
|tier|[Gen 9 Champions] VGC 2026 Reg M-B (Bo3)
|rated|
|rule|Species Clause: Limit one of each Pokémon
|rule|Item Clause: Limit 1 of each item
|clearpoke
|poke|p1|Garchomp, L50, F|
|poke|p1|Venusaur, L50, M|
|poke|p1|Incineroar, L50, M|
|poke|p1|Charizard, L50, F|
|poke|p1|Toxapex, L50, M|
|poke|p1|Annihilape, L50, M|
|poke|p2|Farigiraf, L50, M|
|poke|p2|Camerupt, L50, M|
|poke|p2|Reuniclus, L50, F|
|poke|p2|Sylveon, L50, M|
|poke|p2|Incineroar, L50, M|
|poke|p2|Avalugg, L50, M|
|teampreview|4
|showteam|p1|Garchomp||ChoiceScarf|RoughSkin|Earthquake,RockSlide,DragonClaw,StompingTantrum|Adamant||F|||50|]Venusaur||LifeOrb|Chlorophyll|SludgeBomb,SolarBeam,EarthPower,Protect|Modest||M|||50|]Incineroar||SitrusBerry|Intimidate|FakeOut,FlareBlitz,ThroatChop,PartingShot|Impish||M|||50|]Charizard||CharizarditeY|Blaze|HeatWave,WeatherBall,Protect,HelpingHand|Modest||F|||50|]Toxapex||Leftovers|Regenerator|Infestation,Toxic,WideGuard,BanefulBunker|Impish||M|||50|]Annihilape||FocusSash|Defiant|CloseCombat,PhantomForce,RockTomb,Protect|Jolly||M|||50|
|showteam|p2|Farigiraf||ColburBerry|ArmorTail|TrickRoom,Psychic,HelpingHand,PsychicTerrain|Calm||M|||50|]Camerupt||Cameruptite|MagmaArmor|Eruption,EarthPower,Flamethrower,Protect|Quiet||M|||50|]Reuniclus||LifeOrb|MagicGuard|ExpandingForce,FlashCannon,ShadowBall,Protect|Quiet||F|||50|]Sylveon||FairyFeather|Pixilate|HyperBeam,HyperVoice,QuickAttack,Protect|Sassy||M|||50|]Incineroar||SitrusBerry|Intimidate|FakeOut,DarkestLariat,PartingShot,FlareBlitz|Careful||M|||50|]Avalugg||Leftovers|OwnTempo|Avalanche,BodyPress,IcicleCrash,Protect|Impish||M|||50|
|inactive|Battle timer is ON: inactive players will automatically lose when time's up. (requested by Fieofkdl)
|inactive|CarrettaVGC also wants the timer to be on.
|inactive|CarrettaVGC has 60 seconds left.
|inactive|Fieofkdl has 60 seconds left.
|
|t:|1783644275
|teamsize|p1|4
|teamsize|p2|4
|start
|switch|p1a: Annihilape|Annihilape, L50, M|100/100
|switch|p1b: Incineroar|Incineroar, L50, M|100/100
|switch|p2a: Farigiraf|Farigiraf, L50, M|100/100
|switch|p2b: Incineroar|Incineroar, L50, M|100/100
|-ability|p1b: Incineroar|Intimidate|boost
|-unboost|p2a: Farigiraf|atk|1
|-unboost|p2b: Incineroar|atk|1
|-ability|p2b: Incineroar|Intimidate|boost
|-unboost|p1a: Annihilape|atk|1
|-ability|p1a: Annihilape|Defiant|boost
|-boost|p1a: Annihilape|atk|2
|-unboost|p1b: Incineroar|atk|1
|turn|1
|inactive|Fieofkdl has 30 seconds left.
|
|t:|1783644305
|move|p1a: Annihilape|Close Combat|p2a: Farigiraf
|-damage|p2a: Farigiraf|15/100
|-unboost|p1a: Annihilape|def|1
|-unboost|p1a: Annihilape|spd|1
|move|p1b: Incineroar|Throat Chop|p2a: Farigiraf
|-supereffective|p2a: Farigiraf|1
|-enditem|p2a: Farigiraf|Colbur Berry|[eat]
|-enditem|p2a: Farigiraf|Colbur Berry|[weaken]
|-damage|p2a: Farigiraf|0 fnt
|faint|p2a: Farigiraf
|move|p2b: Incineroar|Parting Shot|p1b: Incineroar
|-unboost|p1b: Incineroar|atk|1
|-unboost|p1b: Incineroar|spa|1
|
|t:|1783644317
|switch|p2b: Reuniclus|Reuniclus, L50, F|100/100|[from] Parting Shot
|
|upkeep
|
|t:|1783644322
|switch|p2a: Incineroar|Incineroar, L50, M|100/100
|-ability|p2a: Incineroar|Intimidate|boost
|-unboost|p1a: Annihilape|atk|1
|-ability|p1a: Annihilape|Defiant|boost
|-boost|p1a: Annihilape|atk|2
|-unboost|p1b: Incineroar|atk|1
|turn|2
|
|t:|1783644336
|move|p2a: Incineroar|Fake Out|p1b: Incineroar
|-damage|p1b: Incineroar|92/100
|move|p1a: Annihilape|Phantom Force||[still]
|-prepare|p1a: Annihilape|Phantom Force
|cant|p1b: Incineroar|flinch
|move|p2b: Reuniclus|Expanding Force|p1a: Annihilape|[miss]
|-miss|p2b: Reuniclus|p1a: Annihilape
|
|upkeep
|turn|3
|
|t:|1783644352
|move|p2b: Reuniclus|Protect|p2b: Reuniclus
|-singleturn|p2b: Reuniclus|Protect
|move|p1a: Annihilape|Phantom Force|p2b: Reuniclus|[from] lockedmove
|-activate|p2b: Reuniclus|move: Phantom Force|[broken]
|-supereffective|p2b: Reuniclus|1
|-damage|p2b: Reuniclus|0 fnt
|faint|p2b: Reuniclus
|move|p1b: Incineroar|Parting Shot|p2a: Incineroar
|-unboost|p2a: Incineroar|atk|1
|-unboost|p2a: Incineroar|spa|1
|
|t:|1783644360
|switch|p1b: Charizard|Charizard, L50, F|100/100|[from] Parting Shot
|move|p2a: Incineroar|Flare Blitz|p1a: Annihilape
|-damage|p1a: Annihilape|43/100
|-damage|p2a: Incineroar|82/100|[from] Recoil
|
|upkeep
|
|t:|1783644369
|switch|p2b: Camerupt|Camerupt, L50, M|100/100
|turn|4
|
|t:|1783644378
|detailschange|p1b: Charizard|Charizard-Mega-Y, L50, F
|-mega|p1b: Charizard|Charizard|Charizardite Y
|-weather|SunnyDay|[from] ability: Drought|[of] p1b: Charizard
|detailschange|p2b: Camerupt|Camerupt-Mega, L50, M
|-mega|p2b: Camerupt|Camerupt|Cameruptite
|move|p1a: Annihilape|Close Combat|p2a: Incineroar
|-supereffective|p2a: Incineroar|1
|-damage|p2a: Incineroar|0 fnt
|-unboost|p1a: Annihilape|def|1
|-unboost|p1a: Annihilape|spd|1
|faint|p2a: Incineroar
|move|p1b: Charizard|Weather Ball|p2b: Camerupt
|-resisted|p2b: Camerupt|1
|-damage|p2b: Camerupt|56/100
|move|p2b: Camerupt|Eruption|p1a: Annihilape|[spread] p1a,p1b
|-resisted|p1b: Charizard|1
|-damage|p1a: Annihilape|0 fnt
|-damage|p1b: Charizard|74/100
|faint|p1a: Annihilape
|
|-weather|SunnyDay|[upkeep]
|upkeep
|
|t:|1783644381
|switch|p1a: Venusaur|Venusaur, L50, M|100/100
|turn|5
|
|t:|1783644400
|move|p1a: Venusaur|Solar Beam||[still]
|-prepare|p1a: Venusaur|Solar Beam
|-anim|p1a: Venusaur|Solar Beam|p2b: Camerupt
|-damage|p2b: Camerupt|0 fnt
|faint|p2b: Camerupt
|-damage|p1a: Venusaur|90/100|[from] item: Life Orb
|
|win|CarrettaVGC
