|j|☆Ringeril
|j|☆nero1694
|html|Ringerilnero1694    
|uhtml|bestof|Game 2 of a best-of-3
|t:|1757179585
|gametype|doubles
|player|p1|Ringeril|fisherman-gen4|
|player|p2|nero1694|n|
|gen|9
|tier|[Gen 9] VGC 2025 Reg H (Bo3)
|rule|Species Clause: Limit one of each Pokémon
|rule|Item Clause: Limit 1 of each item
|clearpoke
|poke|p1|Volcarona, L50, F|
|poke|p1|Grimmsnarl, L50, M|
|poke|p1|Torterra, L50, M|
|poke|p1|Incineroar, L50, F|
|poke|p1|Toxapex, L50, F|
|poke|p1|Electabuzz, L50, F|
|poke|p2|Sneasler, L50, F|
|poke|p2|Indeedee, L50, M|
|poke|p2|Ursaluna-Bloodmoon, L50, M|
|poke|p2|Electabuzz, L50, F|
|poke|p2|Incineroar, L50, M|
|poke|p2|Talonflame, L50, M|
|teampreview|4
|showteam|p1|Volcarona||SitrusBerry|FlameBody|FieryDance,GigaDrain,QuiverDance,Protect|||F|||50|,,,,,Grass]Grimmsnarl||LightClay|Prankster|SpiritBreak,Reflect,LightScreen,PartingShot|||M|||50|,,,,,Ghost]Torterra||Leftovers|ShellArmor|HeadlongRush,IronDefense,LeechSeed,Protect|||M|||50|,,,,,Water]Incineroar||SafetyGoggles|Intimidate|FakeOut,Taunt,KnockOff,PartingShot|||F|||50|,,,,,Ghost]Toxapex||BlackSludge|Regenerator|Toxic,Haze,Infestation,BanefulBunker|||F|||50|,,,,,Dark]Electabuzz||Eviolite|VitalSpirit|FollowMe,Taunt,EerieImpulse,Electroweb|||F|||50|,,,,,Ghost
|showteam|p2|Sneasler||PsychicSeed|Unburden|CloseCombat,DireClaw,ThroatChop,Protect|||F|||50|,,,,,Dark]Indeedee||FocusSash|PsychicSurge|ExpandingForce,TrickRoom,Imprison,TeraBlast|||M|||50|,,,,,Fighting]Ursaluna-Bloodmoon||AssaultVest|MindsEye|BloodMoon,HyperVoice,EarthPower,VacuumWave|||M|||50|,,,,,Normal]Electabuzz||Eviolite|VitalSpirit|Electroweb,FollowMe,Taunt,Protect|||F|||50|,,,,,Ghost]Incineroar||SafetyGoggles|Intimidate|FlareBlitz,KnockOff,PartingShot,FakeOut|||M|||50|,,,,,Ghost]Talonflame||CovertCloak|GaleWings|FlareBlitz,DualWingbeat,WillOWisp,Tailwind|||M|||50|,,,,,Fairy
|inactive|Battle timer is ON: inactive players will automatically lose when time's up. (requested by nero1694)
|
|t:|1757179616
|teamsize|p1|4
|teamsize|p2|4
|start
|switch|p1a: Mauro Fernandez|Grimmsnarl, L50, M, shiny|100/100
|switch|p1b: Sudor-apex|Toxapex, L50, F|100/100
|switch|p2a: Talonflame|Talonflame, L50, M|100/100
|switch|p2b: Ursaluna|Ursaluna-Bloodmoon, L50, M|100/100
|turn|1
|inactive|nero1694 has 30 seconds left.
|inactive|nero1694 has 20 seconds left.
|
|t:|1757179653
|switch|p2b: Electabuzz|Electabuzz, L50, F|100/100
|move|p1a: Mauro Fernandez|Light Screen|p1a: Mauro Fernandez
|-sidestart|p1: Ringeril|move: Light Screen
|move|p2a: Talonflame|Will-O-Wisp|p1a: Mauro Fernandez
|-status|p1a: Mauro Fernandez|brn
|move|p1b: Sudor-apex|Toxic|p2b: Electabuzz
|-status|p2b: Electabuzz|tox
|
|-damage|p2b: Electabuzz|95/100 tox|[from] psn
|-damage|p1a: Mauro Fernandez|95/100 brn|[from] brn
|upkeep
|turn|2
|
|t:|1757179670
|switch|p2a: Incineroar|Incineroar, L50, M|100/100
|-ability|p2a: Incineroar|Intimidate|boost
|-unboost|p1a: Mauro Fernandez|atk|1
|-unboost|p1b: Sudor-apex|atk|1
|move|p1a: Mauro Fernandez|Reflect|p1a: Mauro Fernandez
|-sidestart|p1: Ringeril|Reflect
|move|p2b: Electabuzz|Taunt|p1a: Mauro Fernandez
|-start|p1a: Mauro Fernandez|move: Taunt
|move|p1b: Sudor-apex|Toxic|p2a: Incineroar
|-status|p2a: Incineroar|tox
|
|-damage|p2b: Electabuzz|84/100 tox|[from] psn
|-damage|p2a: Incineroar|94/100 tox|[from] psn
|-damage|p1a: Mauro Fernandez|89/100 brn|[from] brn
|upkeep
|turn|3
|
|t:|1757179695
|switch|p1a: Incigato|Incineroar, L50, F|100/100
|-ability|p1a: Incigato|Intimidate|boost
|-unboost|p2a: Incineroar|atk|1
|-unboost|p2b: Electabuzz|atk|1
|move|p2b: Electabuzz|Taunt|p1b: Sudor-apex
|-start|p1b: Sudor-apex|move: Taunt
|move|p2a: Incineroar|Parting Shot|p1a: Incigato
|-unboost|p1a: Incigato|atk|1
|-unboost|p1a: Incigato|spa|1
|
|t:|1757179701
|switch|p2a: Ursaluna|Ursaluna-Bloodmoon, L50, M|100/100|[from] Parting Shot
|move|p1b: Sudor-apex|Infestation|p2b: Electabuzz
|-damage|p2b: Electabuzz|80/100 tox
|-activate|p2b: Electabuzz|move: Infestation|[of] p1b: Sudor-apex
|
|-damage|p2b: Electabuzz|63/100 tox|[from] psn
|-damage|p2b: Electabuzz|51/100 tox|[from] move: Infestation|[partiallytrapped]
|upkeep
|turn|4
|inactive|Ringeril has 30 seconds left.
|
|t:|1757179735
|switch|p1b: Mauro Fernandez|Grimmsnarl, L50, M, shiny|89/100 brn
|-terastallize|p1a: Incigato|Ghost
|move|p2b: Electabuzz|Follow Me|p2b: Electabuzz
|-singleturn|p2b: Electabuzz|move: Follow Me
|move|p2a: Ursaluna|Earth Power|p1a: Incigato
|-damage|p1a: Incigato|73/100
|move|p1a: Incigato|Knock Off|p2b: Electabuzz
|-damage|p2b: Electabuzz|24/100 tox
|-enditem|p2b: Electabuzz|Eviolite|[from] move: Knock Off|[of] p1a: Incigato
|
|-damage|p2b: Electabuzz|2/100 tox|[from] psn
|-damage|p1b: Mauro Fernandez|83/100 brn|[from] brn
|-end|p2b: Electabuzz|Infestation|[partiallytrapped]|[silent]
|upkeep
|turn|5
|inactive|Ringeril has 30 seconds left.
|
|t:|1757179764
|switch|p2a: Incineroar|Incineroar, L50, M|94/100 tox
|-ability|p2a: Incineroar|Intimidate|boost
|-unboost|p1a: Incigato|atk|1
|-unboost|p1b: Mauro Fernandez|atk|1
|move|p2b: Electabuzz|Taunt|p1b: Mauro Fernandez
|-start|p1b: Mauro Fernandez|move: Taunt
|move|p1b: Mauro Fernandez|Spirit Break|p2b: Electabuzz
|-damage|p2b: Electabuzz|0 fnt
|faint|p2b: Electabuzz
|move|p1a: Incigato|Parting Shot|p2a: Incineroar
|-unboost|p2a: Incineroar|atk|1
|-unboost|p2a: Incineroar|spa|1
|
|t:|1757179779
|switch|p1a: Sudor-apex|Toxapex, L50, F|100/100|[from] Parting Shot
|
|-damage|p2a: Incineroar|88/100 tox|[from] psn
|-damage|p1b: Mauro Fernandez|77/100 brn|[from] brn
|upkeep
|c|☆nero1694|Mae demasiado stall jaja
|c|☆nero1694|No le voy ganar
|
|t:|1757179789
|switch|p2b: Ursaluna|Ursaluna-Bloodmoon, L50, M|100/100
|turn|6
|
|t:|1757179800
|move|p2a: Incineroar|Fake Out|p1b: Mauro Fernandez
|-damage|p1b: Mauro Fernandez|72/100 brn
|move|p2b: Ursaluna|Earth Power|p1a: Sudor-apex
|-supereffective|p1a: Sudor-apex
|-damage|p1a: Sudor-apex|49/100
|cant|p1b: Mauro Fernandez|flinch
|move|p1a: Sudor-apex|Toxic|p2b: Ursaluna
|-status|p2b: Ursaluna|tox
|
|-heal|p1a: Sudor-apex|55/100|[from] item: Black Sludge
|-damage|p2a: Incineroar|76/100 tox|[from] psn
|-damage|p2b: Ursaluna|95/100 tox|[from] psn
|-damage|p1b: Mauro Fernandez|66/100 brn|[from] brn
|upkeep
|turn|7
|
|t:|1757179817
|switch|p2b: Talonflame|Talonflame, L50, M|100/100
|move|p1a: Sudor-apex|Baneful Bunker|p1a: Sudor-apex
|-singleturn|p1a: Sudor-apex|move: Protect
|move|p2a: Incineroar|Parting Shot|p1b: Mauro Fernandez
|-unboost|p1b: Mauro Fernandez|atk|1
|-unboost|p1b: Mauro Fernandez|spa|1
|inactive|nero1694 has 30 seconds left.
|
|t:|1757179844
|switch|p2a: Ursaluna|Ursaluna-Bloodmoon, L50, M|95/100 tox|[from] Parting Shot
|move|p1b: Mauro Fernandez|Spirit Break|p2b: Talonflame
|-resisted|p2b: Talonflame
|-damage|p2b: Talonflame|95/100
|
|-heal|p1a: Sudor-apex|60/100|[from] item: Black Sludge
|-damage|p2a: Ursaluna|89/100 tox|[from] psn
|-damage|p1b: Mauro Fernandez|60/100 brn|[from] brn
|-end|p1b: Mauro Fernandez|move: Taunt
|upkeep
|turn|8
|inactive|nero1694 has 30 seconds left.
|inactive|nero1694 has 20 seconds left.
|inactive|nero1694 has 15 seconds left.
|inactive|nero1694 has 10 seconds left.
|inactive|nero1694 has 5 seconds left.
|
|t:|1757179897
|switch|p2a: Incineroar|Incineroar, L50, M|76/100 tox
|-ability|p2a: Incineroar|Intimidate|boost
|-unboost|p1a: Sudor-apex|atk|1
|-unboost|p1b: Mauro Fernandez|atk|1
|move|p1b: Mauro Fernandez|Parting Shot|p2a: Incineroar
|-hint|Since gen 7, Dark is immune to Prankster moves.
|-immune|p2a: Incineroar
|move|p2b: Talonflame|Dual Wingbeat|p1a: Sudor-apex
|-damage|p1a: Sudor-apex|53/100
|-damage|p1a: Sudor-apex|46/100
|-hitcount|p1a: Sudor-apex|2
|move|p1a: Sudor-apex|Toxic|p2b: Talonflame
|-status|p2b: Talonflame|tox
|
|-heal|p1a: Sudor-apex|51/100|[from] item: Black Sludge
|-damage|p2b: Talonflame|89/100 tox|[from] psn
|-damage|p2a: Incineroar|70/100 tox|[from] psn
|-damage|p1b: Mauro Fernandez|54/100 brn|[from] brn
|-sideend|p1: Ringeril|move: Light Screen
|upkeep
|turn|9
|inactive|nero1694 has 30 seconds left.
|
|t:|1757179923
|switch|p2b: Ursaluna|Ursaluna-Bloodmoon, L50, M|89/100 tox
|move|p1b: Mauro Fernandez|Parting Shot|p2b: Ursaluna
|-unboost|p2b: Ursaluna|atk|1
|-unboost|p2b: Ursaluna|spa|1
|
|t:|1757179936
|switch|p1b: Volcarona|Volcarona, L50, F|100/100|[from] Parting Shot
|move|p2a: Incineroar|Knock Off|p1a: Sudor-apex
|-damage|p1a: Sudor-apex|35/100
|-enditem|p1a: Sudor-apex|Black Sludge|[from] move: Knock Off|[of] p2a: Incineroar
|move|p1a: Sudor-apex|Infestation|p2b: Ursaluna
|-damage|p2b: Ursaluna|86/100 tox
|-activate|p2b: Ursaluna|move: Infestation|[of] p1a: Sudor-apex
|
|-damage|p2a: Incineroar|58/100 tox|[from] psn
|-damage|p2b: Ursaluna|80/100 tox|[from] psn
|-damage|p2b: Ursaluna|68/100 tox|[from] move: Infestation|[partiallytrapped]
|-sideend|p1: Ringeril|Reflect
|upkeep
|turn|10
|inactive|nero1694 has 30 seconds left.
|
|t:|1757179962
|switch|p1a: Incigato|Incineroar, L50, F, tera:Ghost|73/100
|-ability|p1a: Incigato|Intimidate|boost
|-unboost|p2a: Incineroar|atk|1
|-unboost|p2b: Ursaluna|atk|1
|move|p1b: Volcarona|Quiver Dance|p1b: Volcarona
|-boost|p1b: Volcarona|spa|1
|-boost|p1b: Volcarona|spd|1
|-boost|p1b: Volcarona|spe|1
|move|p2a: Incineroar|Parting Shot|p1a: Incigato
|-unboost|p1a: Incigato|atk|1
|-unboost|p1a: Incigato|spa|1
|
|t:|1757179972
|switch|p2a: Talonflame|Talonflame, L50, M|89/100 tox|[from] Parting Shot
|move|p2b: Ursaluna|Earth Power|p1a: Incigato
|-damage|p1a: Incigato|48/100
|
|-damage|p2a: Talonflame|83/100 tox|[from] psn
|-damage|p2b: Ursaluna|56/100 tox|[from] psn
|-end|p2b: Ursaluna|Infestation|[partiallytrapped]|[silent]
|upkeep
|turn|11
|inactive|Ringeril has 30 seconds left.
|
|t:|1757179997
|switch|p2b: Incineroar|Incineroar, L50, M|58/100 tox
|-ability|p2b: Incineroar|Intimidate|boost
|-unboost|p1a: Incigato|atk|1
|-unboost|p1b: Volcarona|atk|1
|move|p1b: Volcarona|Protect|p1b: Volcarona
|-singleturn|p1b: Volcarona|Protect
|move|p2a: Talonflame|Dual Wingbeat|p1b: Volcarona
|-activate|p1b: Volcarona|move: Protect
|move|p1a: Incigato|Parting Shot|p2a: Talonflame
|-unboost|p2a: Talonflame|atk|1
|-unboost|p2a: Talonflame|spa|1
|
|t:|1757180009
|switch|p1a: Mauro Fernandez|Grimmsnarl, L50, M, shiny|54/100 brn|[from] Parting Shot
|
|-damage|p2a: Talonflame|71/100 tox|[from] psn
|-damage|p2b: Incineroar|52/100 tox|[from] psn
|-damage|p1a: Mauro Fernandez|48/100 brn|[from] brn
|upkeep
|turn|12
|-message|nero1694 forfeited.
|
|win|Ringeril
|l|☆nero1694
|player|p2|
