|j|☆SBDV
|j|☆adaaaa
|html|SBDVadaaaa    
|uhtml|bestof|Game 1 of a best-of-3
|t:|1756745472
|gametype|doubles
|player|p1|SBDV|wattson|1081
|player|p2|adaaaa|steven|1048
|gen|9
|tier|[Gen 9] VGC 2025 Reg H (Bo3)
|rated|
|rule|Species Clause: Limit one of each Pokémon
|rule|Item Clause: Limit 1 of each item
|clearpoke
|poke|p1|Ninetales-Alola, L50, M|
|poke|p1|Incineroar, L50, M|
|poke|p1|Sinistcha-Masterpiece, L50|
|poke|p1|Milotic, L50, M|
|poke|p1|Gholdengo, L50|
|poke|p1|Garchomp, L50, M|
|poke|p2|Archaludon, L50, F|
|poke|p2|Kingdra, L50, F|
|poke|p2|Politoed, L50, F|
|poke|p2|Incineroar, L50, M|
|poke|p2|Gothitelle, L50, F|
|poke|p2|Amoonguss, L50, F|
|teampreview|4
|showteam|p1|Ninetales-Alola||CovertCloak|SnowWarning|IcyWind,AuroraVeil,Blizzard,Encore|||M|||50|,,,,,Ghost]Incineroar||SafetyGoggles|Intimidate|PartingShot,FlareBlitz,KnockOff,FakeOut|||M|||50|,,,,,Ghost]Sinistcha-Masterpiece||SitrusBerry|Hospitality|MatchaGotcha,RagePowder,TrickRoom,LifeDew||||||50|,,,,,Water]Milotic||Leftovers|Competitive|Scald,Recover,AlluringVoice,Protect|||M|||50|,,,,,Fairy]Gholdengo||ChoiceScarf|GoodasGold|MakeItRain,ShadowBall,Trick,FocusBlast||||||50|,,,,,Water]Garchomp||LifeOrb|RoughSkin|DracoMeteor,RockSlide,StompingTantrum,Protect|||M|||50|,,,,,Fairy
|showteam|p2|Archaludon||PowerHerb|Sturdy|Protect,ElectroShot,FlashCannon,DragonPulse|||F|||50|,,,,,Electric]Kingdra||LifeOrb|SwiftSwim|Protect,DracoMeteor,WeatherBall,MuddyWater|||F|||50|,,,,,Stellar]Politoed||Leftovers|Drizzle|Protect,WeatherBall,PerishSong,Encore|||F|||50|,,,,,Grass]Incineroar||SafetyGoggles|Intimidate|FakeOut,KnockOff,PartingShot,Protect|||M|||50|,,,,,Ghost]Gothitelle||SitrusBerry|ShadowTag|Protect,Psychic,FakeOut,TrickRoom|||F|||50|,,,,,Dark]Amoonguss||EjectButton|Regenerator|Protect,RagePowder,Spore,PollenPuff|||F|||50|,,,,,Fairy
|
|t:|1756745516
|teamsize|p1|4
|teamsize|p2|4
|start
|switch|p1a: Sinistcha|Sinistcha-Masterpiece, L50|100/100
|switch|p1b: Incineroar|Incineroar, L50, M, shiny|100/100
|switch|p2a: Archaludon|Archaludon, L50, F|100/100
|switch|p2b: Gothitelle|Gothitelle, L50, F|100/100
|-ability|p1b: Incineroar|Intimidate|boost
|-unboost|p2a: Archaludon|atk|1
|-unboost|p2b: Gothitelle|atk|1
|turn|1
|
|t:|1756745562
|switch|p2a: Incineroar|Incineroar, L50, M, shiny|100/100
|-ability|p2a: Incineroar|Intimidate|boost
|-unboost|p1a: Sinistcha|atk|1
|-unboost|p1b: Incineroar|atk|1
|move|p2b: Gothitelle|Fake Out|p1b: Incineroar
|-damage|p1b: Incineroar|98/100
|move|p1a: Sinistcha|Matcha Gotcha|p2b: Gothitelle|[spread] p2a,p2b
|-resisted|p2a: Incineroar
|-damage|p2a: Incineroar|92/100
|-damage|p2b: Gothitelle|82/100
|cant|p1b: Incineroar|flinch
|
|upkeep
|turn|2
|
|t:|1756745588
|switch|p1a: Garchomp|Garchomp, L50, M, shiny|100/100
|switch|p2b: Archaludon|Archaludon, L50, F|100/100
|move|p1b: Incineroar|Knock Off|p2b: Archaludon
|-damage|p2b: Archaludon|75/100
|-enditem|p2b: Archaludon|Power Herb|[from] move: Knock Off|[of] p1b: Incineroar
|move|p2a: Incineroar|Knock Off|p1a: Garchomp
|-damage|p1a: Garchomp|65/100
|-damage|p2a: Incineroar|79/100|[from] ability: Rough Skin|[of] p1a: Garchomp
|-enditem|p1a: Garchomp|Life Orb|[from] move: Knock Off|[of] p2a: Incineroar
|
|upkeep
|turn|3
|
|t:|1756745633
|-terastallize|p1a: Garchomp|Fairy
|-terastallize|p2a: Incineroar|Ghost
|move|p2b: Archaludon|Protect|p2b: Archaludon
|-singleturn|p2b: Archaludon|Protect
|move|p1a: Garchomp|Draco Meteor|p2b: Archaludon
|-activate|p2b: Archaludon|move: Protect
|move|p1b: Incineroar|Parting Shot|p2b: Archaludon
|-activate|p2b: Archaludon|move: Protect
|move|p2a: Incineroar|Parting Shot|p1b: Incineroar
|-unboost|p1b: Incineroar|atk|1
|-unboost|p1b: Incineroar|spa|1
|
|t:|1756745639
|switch|p2a: Politoed|Politoed, L50, F|100/100|[from] Parting Shot
|-weather|RainDance|[from] ability: Drizzle|[of] p2a: Politoed
|
|-weather|RainDance|[upkeep]
|upkeep
|turn|4
|
|t:|1756745655
|move|p1a: Garchomp|Draco Meteor|p2b: Archaludon
|-damage|p2b: Archaludon|22/100
|-unboost|p1a: Garchomp|spa|2
|move|p2b: Archaludon|Flash Cannon|p1a: Garchomp
|-supereffective|p1a: Garchomp
|-damage|p1a: Garchomp|0 fnt
|faint|p1a: Garchomp
|move|p2a: Politoed|Weather Ball|p1b: Incineroar
|-supereffective|p1b: Incineroar
|-damage|p1b: Incineroar|17/100
|move|p1b: Incineroar|Parting Shot|p2b: Archaludon
|-unboost|p2b: Archaludon|atk|1
|-unboost|p2b: Archaludon|spa|1
|
|t:|1756745674
|switch|p1b: Gholdengo|Gholdengo, L50|100/100|[from] Parting Shot
|
|-weather|RainDance|[upkeep]
|upkeep
|
|t:|1756745681
|switch|p1a: Incineroar|Incineroar, L50, M, shiny|17/100
|-ability|p1a: Incineroar|Intimidate|boost
|-unboost|p2a: Politoed|atk|1
|-unboost|p2b: Archaludon|atk|1
|turn|5
|
|t:|1756745702
|switch|p1b: Sinistcha|Sinistcha-Masterpiece, L50|100/100
|-heal|p1a: Incineroar|42/100|[from] ability: Hospitality|[of] p1b: Sinistcha
|switch|p2b: Incineroar|Incineroar, L50, M, shiny, tera:Ghost|79/100
|-ability|p2b: Incineroar|Intimidate|boost
|-unboost|p1a: Incineroar|atk|1
|-unboost|p1b: Sinistcha|atk|1
|move|p1a: Incineroar|Fake Out|p2a: Politoed
|-damage|p2a: Politoed|91/100
|cant|p2a: Politoed|flinch
|
|-weather|RainDance|[upkeep]
|-heal|p2a: Politoed|97/100|[from] item: Leftovers
|upkeep
|turn|6
|
|t:|1756745739
|switch|p1a: Gholdengo|Gholdengo, L50|100/100
|move|p1b: Sinistcha|Rage Powder|p1b: Sinistcha
|-singleturn|p1b: Sinistcha|move: Rage Powder
|move|p2a: Politoed|Encore|p1b: Sinistcha
|-start|p1b: Sinistcha|Encore
|move|p2b: Incineroar|Knock Off|p1b: Sinistcha
|-supereffective|p1b: Sinistcha
|-damage|p1b: Sinistcha|39/100
|-enditem|p1b: Sinistcha|Sitrus Berry|[from] move: Knock Off|[of] p2b: Incineroar
|
|-weather|RainDance|[upkeep]
|-heal|p2a: Politoed|100/100|[from] item: Leftovers
|upkeep
|turn|7
|
|t:|1756745756
|move|p1b: Sinistcha|Rage Powder|p1b: Sinistcha
|-singleturn|p1b: Sinistcha|move: Rage Powder
|move|p1a: Gholdengo|Shadow Ball|p2b: Incineroar
|-supereffective|p2b: Incineroar
|-damage|p2b: Incineroar|19/100
|move|p2a: Politoed|Weather Ball|p1b: Sinistcha
|-resisted|p1b: Sinistcha
|-damage|p1b: Sinistcha|14/100
|move|p2b: Incineroar|Knock Off|p1a: Gholdengo
|-supereffective|p1a: Gholdengo
|-damage|p1a: Gholdengo|15/100
|-enditem|p1a: Gholdengo|Choice Scarf|[from] move: Knock Off|[of] p2b: Incineroar
|
|-weather|none
|upkeep
|turn|8
|
|t:|1756745795
|switch|p2a: Archaludon|Archaludon, L50, F|22/100
|move|p1b: Sinistcha|Rage Powder|p1b: Sinistcha
|-singleturn|p1b: Sinistcha|move: Rage Powder
|move|p1a: Gholdengo|Make It Rain|p2a: Archaludon|[spread] p2a,p2b
|-resisted|p2a: Archaludon
|-damage|p2a: Archaludon|0 fnt
|-damage|p2b: Incineroar|0 fnt
|-unboost|p1a: Gholdengo|spa|1
|faint|p2a: Archaludon
|faint|p2b: Incineroar
|
|upkeep
|
|t:|1756745806
|switch|p2a: Politoed|Politoed, L50, F|100/100
|switch|p2b: Gothitelle|Gothitelle, L50, F|82/100
|-weather|RainDance|[from] ability: Drizzle|[of] p2a: Politoed
|turn|9
|
|t:|1756745845
|switch|p1b: Incineroar|Incineroar, L50, M, shiny|42/100
|-ability|p1b: Incineroar|Intimidate|boost
|-unboost|p2a: Politoed|atk|1
|-unboost|p2b: Gothitelle|atk|1
|move|p1a: Gholdengo|Trick|p2b: Gothitelle
|-activate|p1a: Gholdengo|move: Trick|[of] p2b: Gothitelle
|-enditem|p2b: Gothitelle|Sitrus Berry|[silent]|[from] move: Trick
|-item|p1a: Gholdengo|Sitrus Berry|[from] move: Trick
|-enditem|p1a: Gholdengo|Sitrus Berry|[eat]
|-heal|p1a: Gholdengo|40/100|[from] item: Sitrus Berry
|move|p2a: Politoed|Weather Ball|p1b: Incineroar
|-supereffective|p1b: Incineroar
|-damage|p1b: Incineroar|0 fnt
|faint|p1b: Incineroar
|move|p2b: Gothitelle|Psychic|p1a: Gholdengo
|-resisted|p1a: Gholdengo
|-damage|p1a: Gholdengo|23/100
|
|-weather|RainDance|[upkeep]
|upkeep
|
|t:|1756745856
|switch|p1b: Sinistcha|Sinistcha-Masterpiece, L50|14/100
|-heal|p1a: Gholdengo|47/100|[from] ability: Hospitality|[of] p1b: Sinistcha
|turn|10
|
|t:|1756745872
|move|p2b: Gothitelle|Protect|p2b: Gothitelle
|-singleturn|p2b: Gothitelle|Protect
|move|p1a: Gholdengo|Shadow Ball|p2b: Gothitelle
|-activate|p2b: Gothitelle|move: Protect
|move|p2a: Politoed|Weather Ball|p1b: Sinistcha
|-resisted|p1b: Sinistcha
|-damage|p1b: Sinistcha|0 fnt
|faint|p1b: Sinistcha
|
|-weather|RainDance|[upkeep]
|upkeep
|turn|11
|
|t:|1756745879
|move|p1a: Gholdengo|Shadow Ball|p2b: Gothitelle
|-supereffective|p2b: Gothitelle
|-damage|p2b: Gothitelle|40/100
|-unboost|p2b: Gothitelle|spd|1
|move|p2a: Politoed|Weather Ball|p1a: Gholdengo
|-damage|p1a: Gholdengo|0 fnt
|faint|p1a: Gholdengo
|
|win|adaaaa
