|j|☆fortree21utube
|j|☆Il Mule
|html|fortree21utubeIl Mule    
|uhtml|bestof|Game 3 of a best-of-3
|t:|1756460428
|gametype|doubles
|player|p1|fortree21utube|169|1394
|player|p2|Il Mule|salvatore|1465
|gen|9
|tier|[Gen 9] VGC 2025 Reg H (Bo3)
|rated|
|rule|Species Clause: Limit one of each Pokémon
|rule|Item Clause: Limit 1 of each item
|clearpoke
|poke|p1|Pawmot, L50, M|
|poke|p1|Typhlosion-Hisui, L50, F|
|poke|p1|Weezing-Galar, L50, M|
|poke|p1|Toedscruel, L50, F|
|poke|p1|Corviknight, L50, M|
|poke|p1|Garchomp, L50, M|
|poke|p2|Corviknight, L50, M|
|poke|p2|Garchomp, L50, M|
|poke|p2|Tyranitar, L50, M|
|poke|p2|Gholdengo, L50|
|poke|p2|Sneasler, L50, M|
|poke|p2|Incineroar, L50, M|
|teampreview|4
|showteam|p1|Pawmot||FocusSash|VoltAbsorb|DoubleShock,CloseCombat,FakeOut,Protect|||M|||50|,,,,,Electric]Typhlosion-Hisui||ChoiceScarf|Frisk|Eruption,HeatWave,ShadowBall,SleepTalk|||F|||50|,,,,,Fire]Weezing-Galar||ChoiceSpecs|NeutralizingGas|StrangeSteam,DazzlingGleam,SludgeBomb,Flamethrower|||M|||50|,,,,,Water]Toedscruel||CovertCloak|MyceliumMight|EarthPower,Taunt,Spore,RagePowder|||F|||50|,,,,,Water]Corviknight||SitrusBerry|MirrorArmor|BraveBird,Tailwind,Roost,Protect|||M|||50|,,,,,Dragon]Garchomp||LifeOrb|RoughSkin|Earthquake,StompingTantrum,DragonClaw,Protect|||M|||50|,,,,,Ground
|showteam|p2|Corviknight||CovertCloak|MirrorArmor|BraveBird,Taunt,Roost,Tailwind|||M|||50|,,,,,Dragon]Garchomp||ClearAmulet|RoughSkin|Earthquake,DragonClaw,StompingTantrum,Protect|||M|||50|,,,,,Steel]Tyranitar||AssaultVest|SandStream|RockSlide,KnockOff,TeraBlast,LowKick|||M|||50|,,,,,Flying]Gholdengo||LifeOrb|GoodasGold|MakeItRain,ShadowBall,NastyPlot,Protect||||||50|,,,,,Water]Sneasler||WhiteHerb|Unburden|DireClaw,CloseCombat,Coaching,Protect|||M|||50|,,,,,Ghost]Incineroar||SitrusBerry|Intimidate|FlareBlitz,WillOWisp,PartingShot,FakeOut|||M|||50|,,,,,Grass
|
|t:|1756460462
|teamsize|p1|4
|teamsize|p2|4
|start
|switch|p1a: Typhlosion|Typhlosion-Hisui, L50, F|100/100
|switch|p1b: Pawmot|Pawmot, L50, M|100/100
|switch|p2a: Incineroar|Incineroar, L50, M|100/100
|switch|p2b: Gholdengo|Gholdengo, L50|100/100
|-item|p2a: Incineroar|Sitrus Berry|[from] ability: Frisk|[of] p1a: Typhlosion
|-item|p2b: Gholdengo|Life Orb|[from] ability: Frisk|[of] p1a: Typhlosion
|-ability|p2a: Incineroar|Intimidate|boost
|-unboost|p1a: Typhlosion|atk|1
|-unboost|p1b: Pawmot|atk|1
|turn|1
|
|t:|1756460515
|-terastallize|p2b: Gholdengo|Water
|move|p2a: Incineroar|Fake Out|p1b: Pawmot
|-damage|p1b: Pawmot|83/100
|move|p1a: Typhlosion|Eruption|p2b: Gholdengo|[spread] p2a,p2b
|-resisted|p2a: Incineroar
|-resisted|p2b: Gholdengo
|-damage|p2a: Incineroar|75/100
|-damage|p2b: Gholdengo|66/100
|cant|p1b: Pawmot|flinch
|move|p2b: Gholdengo|Shadow Ball|p1a: Typhlosion
|-supereffective|p1a: Typhlosion
|-damage|p1a: Typhlosion|0 fnt
|faint|p1a: Typhlosion
|-damage|p2b: Gholdengo|56/100|[from] item: Life Orb
|
|upkeep
|
|t:|1756460529
|switch|p1a: Garchomp|Garchomp, L50, M|100/100
|turn|2
|
|t:|1756460550
|switch|p2a: Corviknight|Corviknight, L50, M, shiny|100/100
|move|p2b: Gholdengo|Protect|p2b: Gholdengo
|-singleturn|p2b: Gholdengo|Protect
|move|p1b: Pawmot|Double Shock|p2a: Corviknight
|-supereffective|p2a: Corviknight
|-damage|p2a: Corviknight|34/100
|-start|p1b: Pawmot|typechange|???/Fighting|[from] move: Double Shock
|move|p1a: Garchomp|Dragon Claw|p2a: Corviknight
|-resisted|p2a: Corviknight
|-damage|p2a: Corviknight|11/100
|-damage|p1a: Garchomp|91/100|[from] item: Life Orb
|
|upkeep
|turn|3
|
|t:|1756460598
|switch|p2b: Garchomp|Garchomp, L50, M|100/100
|switch|p2a: Incineroar|Incineroar, L50, M|75/100
|-ability|p2a: Incineroar|Intimidate|boost
|-unboost|p1a: Garchomp|atk|1
|-unboost|p1b: Pawmot|atk|1
|-terastallize|p1b: Pawmot|Electric
|move|p1b: Pawmot|Double Shock|p2b: Garchomp
|-immune|p2b: Garchomp
|move|p1a: Garchomp|Dragon Claw|p2a: Incineroar
|-damage|p2a: Incineroar|43/100
|-enditem|p2a: Incineroar|Sitrus Berry|[eat]
|-heal|p2a: Incineroar|68/100|[from] item: Sitrus Berry
|-damage|p1a: Garchomp|81/100|[from] item: Life Orb
|
|upkeep
|turn|4
|
|t:|1756460647
|switch|p1b: Corviknight|Corviknight, L50, M|100/100
|switch|p2b: Corviknight|Corviknight, L50, M, shiny|11/100
|move|p1a: Garchomp|Protect|p1a: Garchomp
|-singleturn|p1a: Garchomp|Protect
|move|p2a: Incineroar|Parting Shot|p2b: Corviknight
|-ability|p2b: Corviknight|Mirror Armor
|-unboost|p2a: Incineroar|atk|1
|-ability|p2b: Corviknight|Mirror Armor
|-unboost|p2a: Incineroar|spa|1
|
|t:|1756460658
|switch|p2a: Garchomp|Garchomp, L50, M|100/100|[from] Parting Shot
|
|upkeep
|turn|5
|
|t:|1756460671
|move|p1b: Corviknight|Protect|p1b: Corviknight
|-singleturn|p1b: Corviknight|Protect
|move|p2a: Garchomp|Dragon Claw|p1a: Garchomp
|-supereffective|p1a: Garchomp
|-damage|p1a: Garchomp|0 fnt
|-damage|p2a: Garchomp|88/100|[from] ability: Rough Skin|[of] p1a: Garchomp
|faint|p1a: Garchomp
|move|p2b: Corviknight|Tailwind|p2b: Corviknight
|-sidestart|p2: Il Mule|move: Tailwind
|
|upkeep
|
|t:|1756460681
|switch|p1a: Pawmot|Pawmot, L50, M, tera:Electric|83/100
|turn|6
|c|☆fortree21utube|the chomp speed ties are killer
|c|☆Il Mule|yes bro
|inactive|Battle timer is ON: inactive players will automatically lose when time's up. (requested by Il Mule)
|
|t:|1756460712
|switch|p2a: Incineroar|Incineroar, L50, M|68/100
|-ability|p2a: Incineroar|Intimidate|boost
|-unboost|p1a: Pawmot|atk|1
|-ability|p1b: Corviknight|Mirror Armor
|-unboost|p2a: Incineroar|atk|1
|move|p1a: Pawmot|Fake Out|p2b: Corviknight
|-resisted|p2b: Corviknight
|-damage|p2b: Corviknight|7/100
|move|p2b: Corviknight|Taunt|p1b: Corviknight
|-start|p1b: Corviknight|move: Taunt
|move|p1b: Corviknight|Brave Bird|p2b: Corviknight
|-resisted|p2b: Corviknight
|-damage|p2b: Corviknight|0 fnt
|faint|p2b: Corviknight
|-damage|p1b: Corviknight|99/100|[from] Recoil
|
|upkeep
|c|☆fortree21utube|oops
|
|t:|1756460729
|switch|p2b: Garchomp|Garchomp, L50, M|88/100
|turn|7
|
|t:|1756460745
|move|p2b: Garchomp|Stomping Tantrum|p1a: Pawmot
|-supereffective|p1a: Pawmot
|-damage|p1a: Pawmot|0 fnt
|faint|p1a: Pawmot
|move|p2a: Incineroar|Will-O-Wisp|p1b: Corviknight
|-status|p1b: Corviknight|brn
|move|p1b: Corviknight|Brave Bird|p2b: Garchomp
|-damage|p2b: Garchomp|70/100
|-damage|p1b: Corviknight|86/100 brn|[from] ability: Rough Skin|[of] p2b: Garchomp
|-damage|p1b: Corviknight|81/100 brn|[from] Recoil
|
|-damage|p1b: Corviknight|75/100 brn|[from] brn
|upkeep
|turn|8
|-message|fortree21utube forfeited.
|
|win|Il Mule
|raw|fortree21utube's rating: 1394 → 1378(-16 for losing)
|raw|Il Mule's rating: 1465 → 1481(+16 for winning)
|l|☆fortree21utube
|player|p1|
|j|☆fortree21utube
|player|p1|fortree21utube|169|
|l|☆Il Mule
|player|p2|
|l|☆fortree21utube
|player|p1|
|j|☆fortree21utube
|player|p1|fortree21utube|169|
|l|☆fortree21utube
|player|p1|
|j|☆fortree21utube
|player|p1|fortree21utube|169|
