|j|☆gigase
|j|☆axcoquette
|html|gigaseaxcoquette    
|uhtml|bestof|Game 2 of a best-of-3
|t:|1783971334
|gametype|doubles
|player|p1|gigase|1|1147
|player|p2|axcoquette|maid|1158
|gen|9
|tier|[Gen 9 Champions] VGC 2026 Reg M-B (Bo3)
|rated|
|rule|Species Clause: Limit one of each Pokémon
|rule|Item Clause: Limit 1 of each item
|clearpoke
|poke|p1|Tyranitar, L50, F|
|poke|p1|Sneasler, L50, M|
|poke|p1|Incineroar, L50, F|
|poke|p1|Milotic, L50, M|
|poke|p1|Sinistcha, L50|
|poke|p1|Floette-Eternal, L50, F|
|poke|p2|Ceruledge, L50, M|
|poke|p2|Glimmora, L50, M|
|poke|p2|Weavile, L50, M|
|poke|p2|Raichu, L50, F|
|poke|p2|Tsareena, L50, F|
|poke|p2|Milotic, L50, M|
|teampreview|4
|showteam|p1|Tyranitar||Tyranitarite|SandStream|RockSlide,KnockOff,DragonDance,Protect|Jolly||F|||50|]Sneasler||FocusSash|PoisonTouch|FakeOut,DireClaw,Protect,CloseCombat|Jolly||M|||50|]Incineroar||SitrusBerry|Intimidate|FakeOut,FlareBlitz,PartingShot,ThroatChop|Careful||F|||50|]Milotic||WideLens|MarvelScale|Scald,Coil,Hypnosis,Recover|Bold||M|||50|]Sinistcha||KasibBerry|Hospitality|MatchaGotcha,RagePowder,LifeDew,Protect|Bold|||||50|]Floette-Eternal||Floettite|FlowerVeil|DazzlingGleam,Moonblast,CalmMind,Protect|Timid||F|||50|
|showteam|p2|Ceruledge||ColburBerry|FlashFire|BitterBlade,ShadowSneak,BulkUp,Protect|Impish||M|||50|]Glimmora||Glimmoranite|ToxicDebris|SpikyShield,PowerGem,EarthPower,SludgeBomb|Timid||M|||50|]Weavile||FocusSash|Pressure|IcePunch,FakeOut,Protect,KnockOff|Jolly||M|||50|]Raichu||RaichuniteY|LightningRod|FakeOut,FocusBlast,ZapCannon,Protect|Timid||F|||50|]Tsareena||ChoiceScarf|QueenlyMajesty|TropKick,LowKick,Uturn,GigaImpact|Jolly||F|||50|]Milotic||Leftovers|Competitive|Coil,Hypnosis,MuddyWater,Recover|Calm||M|||50|
|inactive|Battle timer is ON: inactive players will automatically lose when time's up. (requested by axcoquette)
|
|t:|1783971359
|teamsize|p1|4
|teamsize|p2|4
|start
|switch|p1a: Milotic|Milotic, L50, M|100/100
|switch|p1b: Sneasler|Sneasler, L50, M|100/100
|switch|p2a: Weavile|Weavile, L50, M|100/100
|switch|p2b: Milotic|Milotic, L50, M|100/100
|-ability|p2a: Weavile|Pressure
|turn|1
|
|t:|1783971379
|move|p1b: Sneasler|Protect|p1b: Sneasler
|-singleturn|p1b: Sneasler|Protect
|move|p2a: Weavile|Knock Off|p1a: Milotic
|-damage|p1a: Milotic|65/100
|-enditem|p1a: Milotic|Wide Lens|[from] move: Knock Off|[of] p2a: Weavile
|move|p1a: Milotic|Coil|p1a: Milotic
|-boost|p1a: Milotic|atk|1
|-boost|p1a: Milotic|def|1
|-boost|p1a: Milotic|accuracy|1
|move|p2b: Milotic|Coil|p2b: Milotic
|-boost|p2b: Milotic|atk|1
|-boost|p2b: Milotic|def|1
|-boost|p2b: Milotic|accuracy|1
|
|upkeep
|turn|2
|
|t:|1783971400
|move|p2a: Weavile|Knock Off|p1b: Sneasler
|-resisted|p1b: Sneasler|1
|-damage|p1b: Sneasler|57/100
|-enditem|p1b: Sneasler|Focus Sash|[from] move: Knock Off|[of] p2a: Weavile
|move|p1b: Sneasler|Close Combat|p2a: Weavile
|-supereffective|p2a: Weavile|2
|-enditem|p2a: Weavile|Focus Sash
|-damage|p2a: Weavile|1/100
|-unboost|p1b: Sneasler|def|1
|-unboost|p1b: Sneasler|spd|1
|move|p1a: Milotic|Hypnosis|p2b: Milotic
|-status|p2b: Milotic|slp|[from] move: Hypnosis
|cant|p2b: Milotic|slp
|
|upkeep
|turn|3
|
|t:|1783971423
|switch|p1b: Tyranitar|Tyranitar, L50, F|100/100
|-weather|Sandstorm|[from] ability: Sand Stream|[of] p1b: Tyranitar
|move|p2a: Weavile|Ice Punch|p1b: Tyranitar
|-damage|p1b: Tyranitar|65/100
|move|p1a: Milotic|Coil|p1a: Milotic
|-boost|p1a: Milotic|atk|1
|-boost|p1a: Milotic|def|1
|-boost|p1a: Milotic|accuracy|1
|cant|p2b: Milotic|slp
|
|-weather|Sandstorm|[upkeep]
|-damage|p2a: Weavile|0 fnt|[from] Sandstorm
|-damage|p1a: Milotic|59/100|[from] Sandstorm
|-damage|p2b: Milotic|94/100 slp|[from] Sandstorm
|faint|p2a: Weavile
|-heal|p2b: Milotic|100/100 slp|[from] item: Leftovers
|upkeep
|
|t:|1783971442
|switch|p2a: Glimmora|Glimmora, L50, M|100/100
|turn|4
|
|t:|1783971456
|detailschange|p2a: Glimmora|Glimmora-Mega, L50, M
|-mega|p2a: Glimmora|Glimmora|Glimmoranite
|detailschange|p1b: Tyranitar|Tyranitar-Mega, L50, F
|-mega|p1b: Tyranitar|Tyranitar|Tyranitarite
|move|p1b: Tyranitar|Protect|p1b: Tyranitar
|-singleturn|p1b: Tyranitar|Protect
|move|p2a: Glimmora|Sludge Bomb|p1a: Milotic
|-damage|p1a: Milotic|6/100
|move|p1a: Milotic|Hypnosis|p2a: Glimmora
|-status|p2a: Glimmora|slp|[from] move: Hypnosis
|-curestatus|p2b: Milotic|slp|[msg]
|move|p2b: Milotic|Coil|p2b: Milotic
|-boost|p2b: Milotic|atk|1
|-boost|p2b: Milotic|def|1
|-boost|p2b: Milotic|accuracy|1
|
|-weather|Sandstorm|[upkeep]
|-damage|p1a: Milotic|1/100|[from] Sandstorm
|-damage|p2b: Milotic|94/100|[from] Sandstorm
|-heal|p2b: Milotic|100/100|[from] item: Leftovers
|upkeep
|turn|5
|inactive|gigase has 30 seconds left.
|
|t:|1783971487
|cant|p2a: Glimmora|slp
|move|p1b: Tyranitar|Rock Slide|p2a: Glimmora|[spread] p2a,p2b
|-damage|p2a: Glimmora|64/100 slp
|-damage|p2b: Milotic|86/100
|move|p1a: Milotic|Recover|p1a: Milotic
|-heal|p1a: Milotic|51/100
|move|p2b: Milotic|Hypnosis|p1b: Tyranitar
|-status|p1b: Tyranitar|slp|[from] move: Hypnosis
|
|-weather|Sandstorm|[upkeep]
|-damage|p1a: Milotic|45/100|[from] Sandstorm
|-damage|p2b: Milotic|80/100|[from] Sandstorm
|-heal|p2b: Milotic|86/100|[from] item: Leftovers
|upkeep
|turn|6
|
|t:|1783971502
|switch|p1b: Sinistcha|Sinistcha, L50|100/100
|-heal|p1a: Milotic|70/100|[from] ability: Hospitality|[of] p1b: Sinistcha
|-curestatus|p2a: Glimmora|slp|[msg]
|move|p2a: Glimmora|Sludge Bomb|p1a: Milotic
|-damage|p1a: Milotic|21/100
|-status|p1a: Milotic|psn
|move|p1a: Milotic|Scald|p2a: Glimmora
|-supereffective|p2a: Glimmora|1
|-damage|p2a: Glimmora|18/100
|-status|p2a: Glimmora|brn
|move|p2b: Milotic|Muddy Water|p1a: Milotic|[spread] p1a,p1b
|-resisted|p1a: Milotic|1
|-resisted|p1b: Sinistcha|1
|-damage|p1a: Milotic|12/100 psn
|-damage|p1b: Sinistcha|88/100
|
|-weather|Sandstorm|[upkeep]
|-damage|p1a: Milotic|6/100 psn|[from] Sandstorm
|-damage|p2b: Milotic|80/100|[from] Sandstorm
|-damage|p1b: Sinistcha|82/100|[from] Sandstorm
|-heal|p2b: Milotic|86/100|[from] item: Leftovers
|-damage|p1a: Milotic|0 fnt|[from] psn
|faint|p1a: Milotic
|-damage|p2a: Glimmora|11/100 brn|[from] brn
|upkeep
|inactive|gigase has 30 seconds left.
|
|t:|1783971531
|switch|p1a: Tyranitar|Tyranitar-Mega, L50, F|65/100 slp
|turn|7
|
|t:|1783971549
|move|p2a: Glimmora|Sludge Bomb|p1b: Sinistcha
|-damage|p1b: Sinistcha|11/100
|cant|p1a: Tyranitar|slp
|move|p2b: Milotic|Muddy Water|p1b: Sinistcha|[spread] p1a,p1b
|-supereffective|p1a: Tyranitar|1
|-resisted|p1b: Sinistcha|1
|-damage|p1a: Tyranitar|38/100 slp
|-damage|p1b: Sinistcha|1/100
|-unboost|p1a: Tyranitar|accuracy|1
|move|p1b: Sinistcha|Matcha Gotcha|p2b: Milotic|[spread] p2a
|-miss|p1b: Sinistcha|p2b: Milotic
|-damage|p2a: Glimmora|0 fnt
|-heal|p1b: Sinistcha|7/100|[from] drain|[of] p2a: Glimmora
|faint|p2a: Glimmora
|
|-weather|none
|-heal|p2b: Milotic|92/100|[from] item: Leftovers
|upkeep
|
|t:|1783971566
|switch|p2a: Ceruledge|Ceruledge, L50, M|100/100
|turn|8
|
|t:|1783971587
|switch|p1b: Sneasler|Sneasler, L50, M|57/100
|cant|p1a: Tyranitar|slp
|move|p2a: Ceruledge|Protect|p2a: Ceruledge
|-singleturn|p2a: Ceruledge|Protect
|move|p2b: Milotic|Muddy Water|p1b: Sneasler|[spread] p1a,p1b
|-supereffective|p1a: Tyranitar|1
|-damage|p1a: Tyranitar|1/100 slp
|-damage|p1b: Sneasler|26/100
|-unboost|p1a: Tyranitar|accuracy|1
|-unboost|p1b: Sneasler|accuracy|1
|
|-heal|p2b: Milotic|98/100|[from] item: Leftovers
|upkeep
|turn|9
|inactive|gigase has 30 seconds left.
|
|t:|1783971613
|switch|p1b: Sinistcha|Sinistcha, L50|7/100
|-heal|p1a: Tyranitar|26/100 slp|[from] ability: Hospitality|[of] p1b: Sinistcha
|-curestatus|p1a: Tyranitar|slp|[msg]
|move|p1a: Tyranitar|Rock Slide|p2a: Ceruledge|[spread] p2a
|-miss|p1a: Tyranitar|p2b: Milotic
|-supereffective|p2a: Ceruledge|1
|-damage|p2a: Ceruledge|39/100
|cant|p2a: Ceruledge|flinch
|move|p2b: Milotic|Muddy Water|p1a: Tyranitar|[spread] p1a,p1b
|-supereffective|p1a: Tyranitar|1
|-resisted|p1b: Sinistcha|1
|-damage|p1a: Tyranitar|0 fnt
|-damage|p1b: Sinistcha|0 fnt
|faint|p1a: Tyranitar
|faint|p1b: Sinistcha
|
|-heal|p2b: Milotic|100/100|[from] item: Leftovers
|upkeep
|
|t:|1783971626
|switch|p1b: Sneasler|Sneasler, L50, M|26/100
|turn|10
|-message|gigase forfeited.
|
|win|axcoquette
|raw|gigase's rating: 1147 → 1123(-24 for losing)
|raw|axcoquette's rating: 1158 → 1182(+24 for winning)
