|j|☆Jim9174
|j|☆Awammy
|html|Jim9174Awammy    
|uhtml|bestof|Game 2 of a best-of-3
|t:|1783969375
|gametype|doubles
|player|p1|Jim9174|benga|
|player|p2|Awammy|colress|
|gen|9
|tier|[Gen 9 Champions] VGC 2026 Reg M-B (Bo3)
|rule|Species Clause: Limit one of each Pokémon
|rule|Item Clause: Limit 1 of each item
|clearpoke
|poke|p1|Greninja, L50, M|
|poke|p1|Aerodactyl, L50, F|
|poke|p1|Farigiraf, L50, M|
|poke|p1|Garchomp, L50, F|
|poke|p1|Incineroar, L50, M|
|poke|p1|Sinistcha-Masterpiece, L50|
|poke|p2|Kingambit, L50, M|
|poke|p2|Floette-Eternal, L50, F|
|poke|p2|Incineroar, L50, M|
|poke|p2|Sneasler, L50, F|
|poke|p2|Sinistcha, L50|
|poke|p2|Dragonite, L50, M|
|teampreview|4
|showteam|p1|Greninja||Greninjite|Torrent|IceBeam,Extrasensory,HydroPump,Protect|Timid||M|||50|]Aerodactyl||FocusSash|Unnerve|RockSlide,Tailwind,WideGuard,Protect|Jolly||F|||50|]Farigiraf||SitrusBerry|ArmorTail|HyperVoice,Psyshock,NastyPlot,Protect|Modest||M|||50|]Garchomp||SoftSand|RoughSkin|StompingTantrum,Earthquake,DragonClaw,Protect|Jolly||F|||50|]Incineroar||ChopleBerry|Intimidate|FakeOut,FlareBlitz,DarkestLariat,PartingShot|Careful||M|||50|]Sinistcha-Masterpiece||MiracleSeed|Hospitality|MatchaGotcha,RagePowder,TrickRoom,Protect|Modest|||||50|
|showteam|p2|Kingambit||ChopleBerry|Defiant|Protect,IronHead,SuckerPunch,KowtowCleave|Adamant||M|||50|]Floette-Eternal||Floettite|FlowerVeil|Protect,CalmMind,DrainingKiss,DazzlingGleam|Bold||F|||50|]Incineroar||SitrusBerry|Intimidate|FakeOut,FlareBlitz,WillOWisp,PartingShot|Careful||M|||50|]Sneasler||FocusSash|PoisonTouch|FakeOut,Coaching,PoisonJab,CloseCombat|Jolly||F|||50|]Sinistcha||Leftovers|Hospitality|Protect,MatchaGotcha,TrickRoom,RagePowder|Bold|||||50|]Dragonite||LifeOrb|InnerFocus|Protect,DragonClaw,ExtremeSpeed,RockSlide|Adamant||M|||50|
|j| Autumnal Rein
|j| Gdrampa
|
|t:|1783969418
|teamsize|p1|4
|teamsize|p2|4
|start
|switch|p1a: Incineroar|Incineroar, L50, M|100/100
|switch|p1b: Farigiraf|Farigiraf, L50, M|100/100
|switch|p2a: Floette|Floette-Eternal, L50, F|100/100
|switch|p2b: Sneasler|Sneasler, L50, F|100/100
|-ability|p1a: Incineroar|Intimidate|boost
|-unboost|p2a: Floette|atk|1
|-unboost|p2b: Sneasler|atk|1
|turn|1
|
|t:|1783969441
|switch|p2b: Incineroar|Incineroar, L50, M|100/100
|-ability|p2b: Incineroar|Intimidate|boost
|-unboost|p1a: Incineroar|atk|1
|-unboost|p1b: Farigiraf|atk|1
|detailschange|p2a: Floette|Floette-Mega, L50, F
|-mega|p2a: Floette|Floette|Floettite
|-ability|p2a: Floette|Fairy Aura
|move|p1a: Incineroar|Fake Out|p2a: Floette
|-damage|p2a: Floette|93/100
|cant|p2a: Floette|flinch
|move|p1b: Farigiraf|Nasty Plot|p1b: Farigiraf
|-boost|p1b: Farigiraf|spa|2
|
|upkeep
|turn|2
|l| Gdrampa
|
|t:|1783969462
|move|p2a: Floette|Protect|p2a: Floette
|-singleturn|p2a: Floette|Protect
|move|p1b: Farigiraf|Psyshock|p2a: Floette
|-activate|p2a: Floette|move: Protect
|move|p2b: Incineroar|Parting Shot|p1b: Farigiraf
|-unboost|p1b: Farigiraf|atk|1
|-unboost|p1b: Farigiraf|spa|1
|
|t:|1783969498
|switch|p2b: Sneasler|Sneasler, L50, F|100/100|[from] Parting Shot
|move|p1a: Incineroar|Parting Shot|p2a: Floette
|-activate|p2a: Floette|move: Protect
|
|upkeep
|turn|3
|j| Gdrampa
|
|t:|1783969529
|move|p2b: Sneasler|Coaching|p2a: Floette
|-boost|p2a: Floette|atk|1
|-boost|p2a: Floette|def|1
|move|p2a: Floette|Calm Mind|p2a: Floette
|-boost|p2a: Floette|spa|1
|-boost|p2a: Floette|spd|1
|move|p1b: Farigiraf|Psyshock|p2a: Floette
|-damage|p2a: Floette|62/100
|move|p1a: Incineroar|Parting Shot|p2a: Floette
|-unboost|p2a: Floette|atk|1
|-unboost|p2a: Floette|spa|1
|
|t:|1783969543
|switch|p1a: Aerodactyl|Aerodactyl, L50, F|100/100|[from] Parting Shot
|-ability|p1a: Aerodactyl|Unnerve
|
|upkeep
|turn|4
|
|t:|1783969566
|move|p1a: Aerodactyl|Rock Slide|p2b: Sneasler|[spread] p2a
|-miss|p1a: Aerodactyl|p2b: Sneasler
|-damage|p2a: Floette|48/100
|move|p2b: Sneasler|Coaching|p2a: Floette
|-boost|p2a: Floette|atk|1
|-boost|p2a: Floette|def|1
|move|p2a: Floette|Draining Kiss|p1b: Farigiraf
|-damage|p1b: Farigiraf|62/100
|-heal|p2a: Floette|84/100|[from] drain|[of] p1b: Farigiraf
|move|p1b: Farigiraf|Nasty Plot|p1b: Farigiraf
|-boost|p1b: Farigiraf|spa|2
|
|upkeep
|turn|5
|l| Gdrampa
|
|t:|1783969593
|move|p1a: Aerodactyl|Rock Slide|p2a: Floette|[spread] p2a,p2b
|-resisted|p2b: Sneasler|1
|-damage|p2a: Floette|73/100
|-damage|p2b: Sneasler|79/100
|move|p2b: Sneasler|Coaching|p2a: Floette
|-boost|p2a: Floette|atk|1
|-boost|p2a: Floette|def|1
|move|p2a: Floette|Calm Mind|p2a: Floette
|-boost|p2a: Floette|spa|1
|-boost|p2a: Floette|spd|1
|move|p1b: Farigiraf|Hyper Voice|p2a: Floette|[spread] p2a,p2b
|-damage|p2a: Floette|47/100
|-damage|p2b: Sneasler|0 fnt
|faint|p2b: Sneasler
|
|upkeep
|j| Gdrampa
|
|t:|1783969606
|switch|p2b: Sinistcha|Sinistcha, L50|100/100
|-heal|p2a: Floette|72/100|[from] ability: Hospitality|[of] p2b: Sinistcha
|turn|6
|
|t:|1783969634
|move|p1a: Aerodactyl|Rock Slide|p2b: Sinistcha|[spread] p2a,p2b
|-damage|p2a: Floette|63/100
|-damage|p2b: Sinistcha|80/100
|cant|p2a: Floette|flinch
|move|p1b: Farigiraf|Hyper Voice|p2a: Floette|[spread] p2a
|-immune|p2b: Sinistcha
|-damage|p2a: Floette|37/100
|cant|p2b: Sinistcha|flinch
|
|-heal|p2b: Sinistcha|87/100|[from] item: Leftovers
|upkeep
|turn|7
|
|t:|1783969664
|switch|p1a: Incineroar|Incineroar, L50, M|100/100
|-ability|p1a: Incineroar|Intimidate|boost
|-unboost|p2a: Floette|atk|1
|-unboost|p2b: Sinistcha|atk|1
|move|p1b: Farigiraf|Protect|p1b: Farigiraf
|-singleturn|p1b: Farigiraf|Protect
|move|p2a: Floette|Draining Kiss|p1b: Farigiraf
|-activate|p1b: Farigiraf|move: Protect
|move|p2b: Sinistcha|Matcha Gotcha|p1a: Incineroar|[spread] p1a
|-activate|p1b: Farigiraf|move: Protect
|-resisted|p1a: Incineroar|1
|-damage|p1a: Incineroar|91/100
|-heal|p2b: Sinistcha|92/100|[from] drain|[of] p1a: Incineroar
|
|-heal|p2b: Sinistcha|98/100|[from] item: Leftovers
|upkeep
|turn|8
|
|t:|1783969687
|move|p2a: Floette|Protect|p2a: Floette
|-singleturn|p2a: Floette|Protect
|move|p2b: Sinistcha|Protect|p2b: Sinistcha
|-singleturn|p2b: Sinistcha|Protect
|move|p1a: Incineroar|Fake Out|p2a: Floette
|-activate|p2a: Floette|move: Protect
|move|p1b: Farigiraf|Nasty Plot|p1b: Farigiraf
|-boost|p1b: Farigiraf|spa|2
|
|-heal|p2b: Sinistcha|100/100|[from] item: Leftovers
|upkeep
|turn|9
|
|t:|1783969705
|move|p2a: Floette|Dazzling Gleam|p1a: Incineroar|[spread] p1a,p1b
|-damage|p1a: Incineroar|45/100
|-damage|p1b: Farigiraf|4/100
|-enditem|p1b: Farigiraf|Sitrus Berry|[eat]
|-heal|p1b: Farigiraf|29/100|[from] item: Sitrus Berry
|move|p1b: Farigiraf|Hyper Voice|p2a: Floette|[spread] p2a
|-immune|p2b: Sinistcha
|-damage|p2a: Floette|0 fnt
|faint|p2a: Floette
|move|p2b: Sinistcha|Matcha Gotcha|p1b: Farigiraf|[spread] p1b
|-miss|p2b: Sinistcha|p1a: Incineroar
|-damage|p1b: Farigiraf|5/100
|move|p1a: Incineroar|Flare Blitz|p2b: Sinistcha
|-supereffective|p2b: Sinistcha|1
|-damage|p2b: Sinistcha|19/100
|-damage|p1a: Incineroar|21/100|[from] Recoil
|
|-heal|p2b: Sinistcha|25/100|[from] item: Leftovers
|upkeep
|
|t:|1783969722
|switch|p2a: Incineroar|Incineroar, L50, M|100/100
|-ability|p2a: Incineroar|Intimidate|boost
|-unboost|p1a: Incineroar|atk|1
|-unboost|p1b: Farigiraf|atk|1
|turn|10
|
|t:|1783969732
|switch|p1a: Aerodactyl|Aerodactyl, L50, F|100/100
|-ability|p1a: Aerodactyl|Unnerve
|move|p1b: Farigiraf|Protect|p1b: Farigiraf
|-singleturn|p1b: Farigiraf|Protect
|move|p2b: Sinistcha|Matcha Gotcha|p1a: Aerodactyl|[spread] p1a
|-activate|p1b: Farigiraf|move: Protect
|-damage|p1a: Aerodactyl|67/100
|-heal|p2b: Sinistcha|39/100|[from] drain|[of] p1a: Aerodactyl
|move|p2a: Incineroar|Flare Blitz|p1a: Aerodactyl
|-resisted|p1a: Aerodactyl|1
|-damage|p1a: Aerodactyl|29/100
|-damage|p2a: Incineroar|90/100|[from] Recoil
|
|-heal|p2b: Sinistcha|46/100|[from] item: Leftovers
|upkeep
|turn|11
|
|t:|1783969761
|move|p2b: Sinistcha|Protect|p2b: Sinistcha
|-singleturn|p2b: Sinistcha|Protect
|move|p1a: Aerodactyl|Tailwind|p1a: Aerodactyl
|-sidestart|p1: Jim9174|move: Tailwind
|move|p1b: Farigiraf|Psyshock|p2b: Sinistcha
|-activate|p2b: Sinistcha|move: Protect
|move|p2a: Incineroar|Flare Blitz|p1b: Farigiraf
|-damage|p1b: Farigiraf|0 fnt
|faint|p1b: Farigiraf
|-damage|p2a: Incineroar|88/100|[from] Recoil
|
|-heal|p2b: Sinistcha|52/100|[from] item: Leftovers
|upkeep
|
|t:|1783969768
|switch|p1b: Garchomp|Garchomp, L50, F|100/100
|turn|12
|
|t:|1783969786
|move|p1a: Aerodactyl|Rock Slide|p2b: Sinistcha|[spread] p2a,p2b
|-supereffective|p2a: Incineroar|1
|-damage|p2a: Incineroar|46/100
|-damage|p2b: Sinistcha|33/100
|move|p1b: Garchomp|Earthquake|p2b: Sinistcha|[spread] p2a,p2b
|-immune|p1a: Aerodactyl
|-supereffective|p2a: Incineroar|1
|-resisted|p2b: Sinistcha|1
|-damage|p2a: Incineroar|0 fnt
|-damage|p2b: Sinistcha|16/100
|faint|p2a: Incineroar
|move|p2b: Sinistcha|Matcha Gotcha|p1b: Garchomp|[spread] p1a,p1b
|-damage|p1a: Aerodactyl|0 fnt
|-heal|p2b: Sinistcha|29/100|[from] drain|[of] p1a: Aerodactyl
|-damage|p1b: Garchomp|74/100
|-heal|p2b: Sinistcha|43/100|[from] drain|[of] p1b: Garchomp
|-status|p1b: Garchomp|brn
|faint|p1a: Aerodactyl
|
|-heal|p2b: Sinistcha|49/100|[from] item: Leftovers
|-damage|p1b: Garchomp|68/100 brn|[from] brn
|upkeep
|
|t:|1783969802
|switch|p1a: Incineroar|Incineroar, L50, M|21/100
|-ability|p1a: Incineroar|Intimidate|boost
|-unboost|p2b: Sinistcha|atk|1
|turn|13
|
|t:|1783969812
|move|p2b: Sinistcha|Protect|p2b: Sinistcha
|-singleturn|p2b: Sinistcha|Protect
|move|p1b: Garchomp|Dragon Claw|p2b: Sinistcha
|-activate|p2b: Sinistcha|move: Protect
|move|p1a: Incineroar|Flare Blitz|p2b: Sinistcha
|-activate|p2b: Sinistcha|move: Protect
|
|-heal|p2b: Sinistcha|55/100|[from] item: Leftovers
|-damage|p1b: Garchomp|62/100 brn|[from] brn
|upkeep
|turn|14
|
|t:|1783969816
|move|p2b: Sinistcha|Protect||[still]
|-fail|p2b: Sinistcha
|move|p1b: Garchomp|Dragon Claw|p2b: Sinistcha
|-damage|p2b: Sinistcha|38/100
|move|p1a: Incineroar|Flare Blitz|p2b: Sinistcha
|-supereffective|p2b: Sinistcha|1
|-damage|p2b: Sinistcha|0 fnt
|faint|p2b: Sinistcha
|-damage|p1a: Incineroar|10/100|[from] Recoil
|
|win|Jim9174
||Awammy is ready for game 3.
||Jim9174 is ready for game 3.
|uhtml|next|Next: Game 3 of 3
|l| Gdrampa
|l| Autumnal Rein
|l|☆Awammy
|player|p2|
|j| thepostmanp
|l| thepostmanp
