|j|☆robby w
|j|☆Souraiz?VGC
|html|robby wSouraiz?VGC    
|uhtml|bestof|Game 1 of a best-of-3
|t:|1756610726
|gametype|doubles
|player|p1|robby w|pokekid|1379
|player|p2|Souraiz?VGC|101|1224
|gen|9
|tier|[Gen 9] VGC 2025 Reg H (Bo3)
|rated|
|rule|Species Clause: Limit one of each Pokémon
|rule|Item Clause: Limit 1 of each item
|clearpoke
|poke|p1|Dondozo, L50, M|
|poke|p1|Tatsugiri, L50, F|
|poke|p1|Sneasler, L50, F|
|poke|p1|Indeedee, L50, M|
|poke|p1|Whimsicott, L50, F|
|poke|p1|Typhlosion-Hisui, L50, M|
|poke|p2|Dragapult, L50, F|
|poke|p2|Volcarona, L50, F|
|poke|p2|Decidueye-Hisui, L50, F|
|poke|p2|Hatterene, L50, F|
|poke|p2|Tyranitar, L50, F|
|poke|p2|Indeedee-F, L50, F|
|teampreview|4
|showteam|p1|Dondozo||Leftovers|Unaware|Protect,WaveCrash,Earthquake,OrderUp|||M|||50|,,,,,Grass]Tatsugiri||ChoiceScarf|Commander|DragonPulse,IcyWind,DracoMeteor,MuddyWater|||F|||50|,,,,,Stellar]Sneasler||PsychicSeed|Unburden|DireClaw,CloseCombat,Protect,ThroatChop|||F|||50|,,,,,Dark]Indeedee||FocusSash|PsychicSurge|DazzlingGleam,HelpingHand,ExpandingForce,Protect|||M|||50|,,,,,Fairy]Whimsicott||CovertCloak|Prankster|Tailwind,Moonblast,Encore,SunnyDay|||F|||50|,,,,,Dark]Typhlosion-Hisui||ChoiceSpecs|Blaze|Eruption,ShadowBall,HeatWave,Overheat|||M|||50|,,,,,Fire
|showteam|p2|Dragapult||ChoiceBand|ClearBody|DragonDarts,PhantomForce,Uturn,Outrage|||F|||50|,,,,,Dragon]Volcarona||Leftovers|FlameBody|FieryDance,GigaDrain,QuiverDance,Protect|||F|||50|,,,,,Grass]Decidueye-Hisui||ScopeLens|Scrappy|LeafBlade,TripleArrows,Haze,Protect|||F|||50|,,,,,Fire]Hatterene||LifeOrb|MagicBounce|ExpandingForce,DazzlingGleam,TrickRoom,Protect|||F|||50|,,,,,Fire]Tyranitar||AssaultVest|SandStream|RockSlide,KnockOff,TeraBlast,LowKick|||F|||50|,,,,,Flying]Indeedee-F||LumBerry|PsychicSurge|Psychic,FollowMe,TrickRoom,HelpingHand|||F|||50|,,,,,Grass
|inactive|Battle timer is ON: inactive players will automatically lose when time's up. (requested by Souraiz?VGC)
|inactive|Souraiz?VGC has 60 seconds left.
|
|t:|1756610766
|teamsize|p1|4
|teamsize|p2|4
|start
|switch|p1a: Whimsicott|Whimsicott, L50, F|100/100
|switch|p1b: Typhlosion|Typhlosion-Hisui, L50, M|100/100
|switch|p2a: Volcarona|Volcarona, L50, F|100/100
|switch|p2b: Tyranitar|Tyranitar, L50, F|100/100
|-weather|Sandstorm|[from] ability: Sand Stream|[of] p2b: Tyranitar
|turn|1
|
|t:|1756610789
|move|p1a: Whimsicott|Tailwind|p1a: Whimsicott
|-sidestart|p1: robby w|move: Tailwind
|move|p1b: Typhlosion|Eruption|p2b: Tyranitar|[spread] p2a,p2b
|-resisted|p2b: Tyranitar
|-crit|p2b: Tyranitar
|-damage|p2a: Volcarona|31/100
|-damage|p2b: Tyranitar|79/100
|move|p2a: Volcarona|Fiery Dance|p1a: Whimsicott
|-supereffective|p1a: Whimsicott
|-damage|p1a: Whimsicott|0 fnt
|faint|p1a: Whimsicott
|move|p2b: Tyranitar|Rock Slide|p1b: Typhlosion
|-supereffective|p1b: Typhlosion
|-damage|p1b: Typhlosion|0 fnt
|faint|p1b: Typhlosion
|
|-weather|Sandstorm|[upkeep]
|-damage|p2a: Volcarona|24/100|[from] Sandstorm
|-heal|p2a: Volcarona|31/100|[from] item: Leftovers
|upkeep
|
|t:|1756610807
|switch|p1a: Sneasler|Sneasler, L50, F|100/100
|switch|p1b: Indeedee|Indeedee, L50, M|100/100
|-fieldstart|move: Psychic Terrain|[from] ability: Psychic Surge|[of] p1b: Indeedee
|-enditem|p1a: Sneasler|Psychic Seed
|-boost|p1a: Sneasler|spd|1|[from] item: Psychic Seed
|turn|2
|
|t:|1756610828
|-terastallize|p2b: Tyranitar|Flying
|move|p2a: Volcarona|Protect|p2a: Volcarona
|-singleturn|p2a: Volcarona|Protect
|move|p1a: Sneasler|Close Combat|p2b: Tyranitar
|-resisted|p2b: Tyranitar
|-damage|p2b: Tyranitar|52/100
|-unboost|p1a: Sneasler|def|1
|-unboost|p1a: Sneasler|spd|1
|move|p1b: Indeedee|Expanding Force|p2a: Volcarona|[spread] p2b
|-activate|p2a: Volcarona|move: Protect
|-damage|p2b: Tyranitar|18/100
|move|p2b: Tyranitar|Tera Blast|p1a: Sneasler|[anim] Tera Blast Flying
|-supereffective|p1a: Sneasler
|-damage|p1a: Sneasler|0 fnt
|faint|p1a: Sneasler
|
|-weather|Sandstorm|[upkeep]
|-damage|p1b: Indeedee|95/100|[from] Sandstorm
|-damage|p2a: Volcarona|24/100|[from] Sandstorm
|-damage|p2b: Tyranitar|12/100|[from] Sandstorm
|-heal|p2a: Volcarona|31/100|[from] item: Leftovers
|upkeep
|turn|3
|inactive|Souraiz?VGC has 30 seconds left.
|inactive|Souraiz?VGC has 20 seconds left.
|
|t:|1756610864
|move|p1b: Indeedee|Expanding Force|p2b: Tyranitar|[spread] p2a,p2b
|-damage|p2a: Volcarona|0 fnt
|-damage|p2b: Tyranitar|0 fnt
|faint|p2a: Volcarona
|faint|p2b: Tyranitar
|
|-weather|Sandstorm|[upkeep]
|-damage|p1b: Indeedee|89/100|[from] Sandstorm
|upkeep
|
|t:|1756610872
|switch|p2a: Indeedee|Indeedee-F, L50, F|100/100
|switch|p2b: Decidueye|Decidueye-Hisui, L50, F, shiny|100/100
|turn|4
|
|t:|1756610880
|-terastallize|p1b: Indeedee|Fairy
|move|p2b: Decidueye|Protect|p2b: Decidueye
|-singleturn|p2b: Decidueye|Protect
|move|p1b: Indeedee|Dazzling Gleam|p2a: Indeedee|[spread] p2a
|-activate|p2b: Decidueye|move: Protect
|-damage|p2a: Indeedee|72/100
|move|p2a: Indeedee|Trick Room|p2a: Indeedee
|-fieldstart|move: Trick Room|[of] p2a: Indeedee
|
|-weather|Sandstorm|[upkeep]
|-damage|p2a: Indeedee|65/100|[from] Sandstorm
|-damage|p2b: Decidueye|94/100|[from] Sandstorm
|-damage|p1b: Indeedee|83/100|[from] Sandstorm
|-sideend|p1: robby w|move: Tailwind
|upkeep
|turn|5
|inactive|Souraiz?VGC has 30 seconds left.
|
|t:|1756610905
|move|p2a: Indeedee|Psychic|p1b: Indeedee
|-damage|p1b: Indeedee|32/100
|move|p2b: Decidueye|Leaf Blade|p1b: Indeedee
|-damage|p1b: Indeedee|0 fnt
|faint|p1b: Indeedee
|
|win|Souraiz?VGC
||robby w is ready for game 2.
||Souraiz?VGC is ready for game 2.
|uhtml|next|Next: Game 2 of 3
|l|☆Souraiz?VGC
|player|p2|
