|j|☆Divine Monkey King
|j|☆zardmito
|html|Divine Monkey Kingzardmito    
|uhtml|bestof|Game 2 of a best-of-3
|t:|1785281897
|gametype|doubles
|player|p1|Divine Monkey King|silver|1117
|player|p2|zardmito|101|1164
|gen|9
|tier|[Gen 9 Champions] VGC 2026 Reg M-B (Bo3)
|rated|
|rule|Species Clause: Limit one of each Pokémon
|rule|Item Clause: Limit 1 of each item
|clearpoke
|poke|p1|Tyranitar, L50, M, shiny|
|poke|p1|Aerodactyl, L50, M, shiny|
|poke|p1|Pelipper, L50, M, shiny|
|poke|p1|Basculegion, L50, M, shiny|
|poke|p1|Beedrill, L50, M, shiny|
|poke|p1|Annihilape, L50, M, shiny|
|poke|p2|Charizard, L50, F|
|poke|p2|Whimsicott, L50, F|
|poke|p2|Glimmora, L50, F|
|poke|p2|Ninetales-Alola, L50, M|
|poke|p2|Kingambit, L50, F|
|poke|p2|Kommo-o, L50, F|
|teampreview|4
|showteam|p1|Tyranitar||Tyranitarite|SandStream|BrickBreak,KnockOff,Protect,RockSlide|Adamant||M|||50|]Aerodactyl||FocusSash|Unnerve|DualWingbeat,IronHead,Protect,Tailwind|Jolly||M|||50|]Pelipper||WacanBerry|Drizzle|Hurricane,IceBeam,Protect,WeatherBall|Calm||M|||50|]Basculegion||MysticWater|SwiftSwim|AquaJet,FlipTurn,LastRespects,Protect|Adamant||M|||50|]Beedrill||Beedrillite|Sniper|PoisonJab,Protect,Uturn,FellStinger|Jolly||M|||50|]Annihilape||Leftovers|Defiant|BulkUp,DrainPunch,Protect,ThunderPunch|Adamant||M|||50|
|showteam|p2|Charizard||CharizarditeY|Blaze|HeatWave,SolarBeam,WeatherBall,Protect|Modest||F|||50|]Whimsicott||FocusSash|Prankster|Moonblast,Tailwind,Encore,Protect|Timid||F|||50|]Glimmora||Glimmoranite|ToxicDebris|SludgeBomb,PowerGem,EarthPower,SpikyShield|Modest||F|||50|]Ninetales-Alola||NeverMeltIce|SnowWarning|Blizzard,FreezeDry,Disable,Protect|Timid||M|||50|]Kingambit||ChopleBerry|Defiant|KowtowCleave,SuckerPunch,IronHead,LowKick|Adamant||F|||50|]Kommo-o||LifeOrb|Overcoat|AuraSphere,ClangingScales,VacuumWave,Protect|Modest||F|||50|
|
|t:|1785281922
|teamsize|p1|4
|teamsize|p2|4
|start
|switch|p1a: Aerodactyl|Aerodactyl, L50, M, shiny|100/100
|switch|p1b: Basculegion|Basculegion, L50, M, shiny|100/100
|switch|p2a: Ninetales|Ninetales-Alola, L50, M|100/100
|switch|p2b: Whimsicott|Whimsicott, L50, F|100/100
|-ability|p1a: Aerodactyl|Unnerve
|-weather|Snowscape|[from] ability: Snow Warning|[of] p2a: Ninetales
|turn|1
|
|t:|1785281937
|move|p2b: Whimsicott|Tailwind|p2b: Whimsicott
|-sidestart|p2: zardmito|move: Tailwind
|move|p1b: Basculegion|Aqua Jet|p2b: Whimsicott
|-resisted|p2b: Whimsicott|1
|-damage|p2b: Whimsicott|82/100
|move|p2a: Ninetales|Blizzard|p1b: Basculegion|[spread] p1a,p1b
|-supereffective|p1a: Aerodactyl|1
|-resisted|p1b: Basculegion|1
|-damage|p1a: Aerodactyl|1/100
|-damage|p1b: Basculegion|76/100
|move|p1a: Aerodactyl|Iron Head|p2a: Ninetales
|-supereffective|p2a: Ninetales|2
|-damage|p2a: Ninetales|8/100
|
|-weather|Snowscape|[upkeep]
|upkeep
|turn|2
|
|t:|1785281958
|move|p2a: Ninetales|Protect|p2a: Ninetales
|-singleturn|p2a: Ninetales|Protect
|move|p1b: Basculegion|Aqua Jet|p2a: Ninetales
|-activate|p2a: Ninetales|move: Protect
|move|p2b: Whimsicott|Moonblast|p1a: Aerodactyl
|-damage|p1a: Aerodactyl|0 fnt
|faint|p1a: Aerodactyl
|
|-weather|Snowscape|[upkeep]
|upkeep
|
|t:|1785281970
|switch|p1a: Pelipper|Pelipper, L50, M, shiny|100/100
|-weather|RainDance|[from] ability: Drizzle|[of] p1a: Pelipper
|turn|3
|
|t:|1785281989
|switch|p2a: Kingambit|Kingambit, L50, F|100/100
|move|p2b: Whimsicott|Encore|p1b: Basculegion
|-start|p1b: Basculegion|Encore
|move|p1b: Basculegion|Aqua Jet|p2a: Kingambit
|-damage|p2a: Kingambit|71/100
|move|p1a: Pelipper|Hurricane|p2b: Whimsicott
|-supereffective|p2b: Whimsicott|1
|-damage|p2b: Whimsicott|0 fnt
|faint|p2b: Whimsicott
|
|-weather|RainDance|[upkeep]
|upkeep
|
|t:|1785282001
|switch|p2b: Ninetales|Ninetales-Alola, L50, M|8/100
|-weather|Snowscape|[from] ability: Snow Warning|[of] p2b: Ninetales
|turn|4
|
|t:|1785282015
|switch|p1b: Tyranitar|Tyranitar, L50, M, shiny|100/100
|-weather|Sandstorm|[from] ability: Sand Stream|[of] p1b: Tyranitar
|move|p2b: Ninetales|Protect|p2b: Ninetales
|-singleturn|p2b: Ninetales|Protect
|move|p1a: Pelipper|Protect|p1a: Pelipper
|-singleturn|p1a: Pelipper|Protect
|move|p2a: Kingambit|Kowtow Cleave|p1b: Tyranitar
|-resisted|p1b: Tyranitar|1
|-damage|p1b: Tyranitar|81/100
|
|-weather|Sandstorm|[upkeep]
|-damage|p2b: Ninetales|2/100|[from] Sandstorm
|-damage|p1a: Pelipper|94/100|[from] Sandstorm
|-sideend|p2: zardmito|move: Tailwind
|upkeep
|turn|5
|
|t:|1785282036
|switch|p1a: Basculegion|Basculegion, L50, M, shiny|76/100
|detailschange|p1b: Tyranitar|Tyranitar-Mega, L50, M, shiny
|-mega|p1b: Tyranitar|Tyranitar|Tyranitarite
|move|p1b: Tyranitar|Protect|p1b: Tyranitar
|-singleturn|p1b: Tyranitar|Protect
|move|p2b: Ninetales|Freeze-Dry|p1a: Basculegion
|-supereffective|p1a: Basculegion|1
|-damage|p1a: Basculegion|6/100
|move|p2a: Kingambit|Low Kick|p1b: Tyranitar
|-activate|p1b: Tyranitar|move: Protect
|
|-weather|Sandstorm|[upkeep]
|-damage|p2b: Ninetales|0 fnt|[from] Sandstorm
|-damage|p1a: Basculegion|1/100|[from] Sandstorm
|faint|p2b: Ninetales
|upkeep
|
|t:|1785282045
|switch|p2b: Glimmora|Glimmora, L50, F|100/100
|turn|6
|
|t:|1785282075
|switch|p1b: Pelipper|Pelipper, L50, M, shiny|94/100
|-weather|RainDance|[from] ability: Drizzle|[of] p1b: Pelipper
|detailschange|p2b: Glimmora|Glimmora-Mega, L50, F
|-mega|p2b: Glimmora|Glimmora|Glimmoranite
|move|p2a: Kingambit|Sucker Punch|p1a: Basculegion
|-supereffective|p1a: Basculegion|1
|-damage|p1a: Basculegion|0 fnt
|faint|p1a: Basculegion
|move|p2b: Glimmora|Power Gem|p1b: Pelipper
|-supereffective|p1b: Pelipper|1
|-damage|p1b: Pelipper|0 fnt
|faint|p1b: Pelipper
|
|-weather|RainDance|[upkeep]
|upkeep
|
|t:|1785282083
|switch|p1b: Tyranitar|Tyranitar-Mega, L50, M, shiny|81/100
|-weather|Sandstorm|[from] ability: Sand Stream|[of] p1b: Tyranitar
|turn|7
|
|t:|1785282088
|move|p2b: Glimmora|Earth Power|p1b: Tyranitar
|-supereffective|p1b: Tyranitar|1
|-damage|p1b: Tyranitar|42/100
|move|p2a: Kingambit|Low Kick|p1b: Tyranitar
|-supereffective|p1b: Tyranitar|2
|-damage|p1b: Tyranitar|0 fnt
|faint|p1b: Tyranitar
|
|win|zardmito
||zardmito is ready for game 3.
||Divine Monkey King is ready for game 3.
|uhtml|next|Next: Game 3 of 3
|l|☆zardmito
|player|p2|
|l|☆Divine Monkey King
|player|p1|
|j|☆Divine Monkey King
|player|p1|Divine Monkey King|silver|
