|j|☆TMJS01
|j|☆SomeKidJon
|html|TMJS01SomeKidJon    
|uhtml|bestof|Game 1 of a best-of-3
|t:|1782185923
|gametype|doubles
|player|p1|TMJS01|unknown|1288
|player|p2|SomeKidJon|scientistf|1229
|gen|9
|tier|[Gen 9 Champions] VGC 2026 Reg M-B (Bo3)
|rated|
|rule|Species Clause: Limit one of each Pokémon
|rule|Item Clause: Limit 1 of each item
|clearpoke
|poke|p1|Sinistcha, L50|
|poke|p1|Incineroar, L50, F|
|poke|p1|Garchomp, L50, M|
|poke|p1|Floette-Eternal, L50, F|
|poke|p1|Delphox, L50, M|
|poke|p1|Kingambit, L50, M|
|poke|p2|Camerupt, L50, F, shiny|
|poke|p2|Farigiraf, L50, F|
|poke|p2|Incineroar, L50, F|
|poke|p2|Primarina, L50, M|
|poke|p2|Staraptor, L50, M|
|poke|p2|Ninetales-Alola, L50, F|
|teampreview|4
|showteam|p1|Sinistcha||KasibBerry|Hospitality|MatchaGotcha,RagePowder,TrickRoom,LifeDew|Relaxed|||||50|]Incineroar||ChopleBerry|Intimidate|ThroatChop,FlareBlitz,PartingShot,FakeOut|Impish||F|||50|]Garchomp||LifeOrb|RoughSkin|ScaleShot,StompingTantrum,Protect,RockTomb|Jolly||M|||50|]Floette-Eternal||Floettite|FlowerVeil|Protect,CalmMind,Moonblast,DazzlingGleam|Modest||F|||50|]Delphox||Delphoxite|Blaze|NastyPlot,HeatWave,Psyshock,Protect|Timid||M|||50|]Kingambit||BlackGlasses|Defiant|Protect,IronHead,KowtowCleave,SuckerPunch|Adamant||M|||50|
|showteam|p2|Camerupt||Cameruptite|SolidRock|EarthPower,HeatWave,Protect,AncientPower|Quiet||F|||50|]Farigiraf||SitrusBerry|ArmorTail|TrickRoom,Protect,HelpingHand,DazzlingGleam|Modest||F|||50|]Incineroar||PasshoBerry|Intimidate|FakeOut,PartingShot,FlareBlitz,ThroatChop|Careful||F|||50|]Primarina||Leftovers|LiquidVoice|Protect,CalmMind,Moonblast,HyperVoice|Modest||M|||50|]Staraptor||Staraptite|Intimidate|CloseCombat,BraveBird,Protect,Tailwind|Jolly||M|||50|]Ninetales-Alola||LightClay|SnowWarning|Protect,AuroraVeil,FreezeDry,Blizzard|Timid||F|||50|
|inactive|Battle timer is ON: inactive players will automatically lose when time's up. (requested by TMJS01)
|inactive|TMJS01 has 60 seconds left.
|
|t:|1782185968
|teamsize|p1|4
|teamsize|p2|4
|start
|switch|p1a: Incineroar|Incineroar, L50, F|100/100
|switch|p1b: Floette|Floette-Eternal, L50, F|100/100
|switch|p2a: Staraptor|Staraptor, L50, M|100/100
|switch|p2b: Ninetales|Ninetales-Alola, L50, F|100/100
|-weather|Snowscape|[from] ability: Snow Warning|[of] p2b: Ninetales
|-ability|p2a: Staraptor|Intimidate|boost
|-unboost|p1a: Incineroar|atk|1
|-unboost|p1b: Floette|atk|1
|-ability|p1a: Incineroar|Intimidate|boost
|-unboost|p2a: Staraptor|atk|1
|-unboost|p2b: Ninetales|atk|1
|turn|1
|
|t:|1782185982
|switch|p2b: Farigiraf|Farigiraf, L50, F|100/100
|detailschange|p2a: Staraptor|Staraptor-Mega, L50, M
|-mega|p2a: Staraptor|Staraptor|Staraptite
|detailschange|p1b: Floette|Floette-Mega, L50, F
|-mega|p1b: Floette|Floette|Floettite
|-ability|p1b: Floette|Fairy Aura
|move|p1a: Incineroar|Fake Out||[still]
|cant|p2b: Farigiraf|ability: Armor Tail|Fake Out|[of] p1a: Incineroar
|move|p2a: Staraptor|Close Combat|p1a: Incineroar
|-supereffective|p1a: Incineroar|1
|-enditem|p1a: Incineroar|Chople Berry|[eat]
|-enditem|p1a: Incineroar|Chople Berry|[weaken]
|-damage|p1a: Incineroar|60/100
|-boost|p2a: Staraptor|def|1
|-boost|p2a: Staraptor|spd|1
|move|p1b: Floette|Calm Mind|p1b: Floette
|-boost|p1b: Floette|spa|1
|-boost|p1b: Floette|spd|1
|
|-weather|Snowscape|[upkeep]
|upkeep
|turn|2
|
|t:|1782185996
|switch|p1a: Sinistcha|Sinistcha, L50|100/100
|move|p2a: Staraptor|Close Combat|p1a: Sinistcha
|-immune|p1a: Sinistcha
|move|p1b: Floette|Moonblast|p2a: Staraptor
|-supereffective|p2a: Staraptor|1
|-damage|p2a: Staraptor|0 fnt
|faint|p2a: Staraptor
|move|p2b: Farigiraf|Dazzling Gleam|p1a: Sinistcha|[spread] p1a,p1b
|-damage|p1a: Sinistcha|79/100
|-damage|p1b: Floette|88/100
|
|-weather|Snowscape|[upkeep]
|upkeep
|
|t:|1782185999
|switch|p2a: Incineroar|Incineroar, L50, F|100/100
|-ability|p2a: Incineroar|Intimidate|boost
|-unboost|p1a: Sinistcha|atk|1
|-unboost|p1b: Floette|atk|1
|turn|3
|
|t:|1782186005
|switch|p1a: Incineroar|Incineroar, L50, F|60/100
|-ability|p1a: Incineroar|Intimidate|boost
|-unboost|p2a: Incineroar|atk|1
|-unboost|p2b: Farigiraf|atk|1
|move|p1b: Floette|Protect|p1b: Floette
|-singleturn|p1b: Floette|Protect
|move|p2a: Incineroar|Flare Blitz|p1b: Floette
|-activate|p1b: Floette|move: Protect
|move|p2b: Farigiraf|Trick Room|p2b: Farigiraf
|-fieldstart|move: Trick Room|[of] p2b: Farigiraf
|
|-weather|Snowscape|[upkeep]
|upkeep
|turn|4
|
|t:|1782186012
|move|p2b: Farigiraf|Dazzling Gleam|p1b: Floette|[spread] p1a,p1b
|-damage|p1a: Incineroar|42/100
|-damage|p1b: Floette|78/100
|move|p2a: Incineroar|Parting Shot|p1b: Floette
|-unboost|p1b: Floette|atk|1
|-unboost|p1b: Floette|spa|1
|
|t:|1782186015
|switch|p2a: Ninetales|Ninetales-Alola, L50, F|100/100|[from] Parting Shot
|move|p1a: Incineroar|Parting Shot|p2a: Ninetales
|-unboost|p2a: Ninetales|atk|1
|-unboost|p2a: Ninetales|spa|1
|
|t:|1782186019
|switch|p1a: Sinistcha|Sinistcha, L50|79/100|[from] Parting Shot
|-heal|p1b: Floette|100/100|[from] ability: Hospitality|[of] p1a: Sinistcha
|move|p1b: Floette|Moonblast|p2b: Farigiraf
|-damage|p2b: Farigiraf|27/100
|-enditem|p2b: Farigiraf|Sitrus Berry|[eat]
|-heal|p2b: Farigiraf|52/100|[from] item: Sitrus Berry
|
|-weather|Snowscape|[upkeep]
|upkeep
|turn|5
|
|t:|1782186030
|switch|p2b: Incineroar|Incineroar, L50, F|100/100
|-ability|p2b: Incineroar|Intimidate|boost
|-unboost|p1a: Sinistcha|atk|1
|-unboost|p1b: Floette|atk|1
|switch|p1a: Kingambit|Kingambit, L50, M|100/100
|move|p1b: Floette|Dazzling Gleam|p2b: Incineroar|[spread] p2a,p2b
|-damage|p2a: Ninetales|43/100
|-damage|p2b: Incineroar|61/100
|move|p2a: Ninetales|Aurora Veil|p2a: Ninetales
|-sidestart|p2: SomeKidJon|move: Aurora Veil
|
|-weather|none
|upkeep
|turn|6
|
|t:|1782186044
|switch|p1a: Incineroar|Incineroar, L50, F|42/100
|-ability|p1a: Incineroar|Intimidate|boost
|-unboost|p2a: Ninetales|atk|1
|-unboost|p2b: Incineroar|atk|1
|switch|p2a: Farigiraf|Farigiraf, L50, F|52/100
|move|p1b: Floette|Protect|p1b: Floette
|-singleturn|p1b: Floette|Protect
|move|p2b: Incineroar|Flare Blitz|p1a: Incineroar
|-resisted|p1a: Incineroar|1
|-damage|p1a: Incineroar|29/100
|-damage|p2b: Incineroar|56/100|[from] Recoil
|
|upkeep
|turn|7
|
|t:|1782186061
|move|p2a: Farigiraf|Dazzling Gleam|p1b: Floette|[spread] p1a,p1b
|-damage|p1a: Incineroar|10/100
|-damage|p1b: Floette|88/100
|move|p2b: Incineroar|Parting Shot|p1b: Floette
|-unboost|p1b: Floette|atk|1
|-unboost|p1b: Floette|spa|1
|
|t:|1782186063
|switch|p2b: Ninetales|Ninetales-Alola, L50, F|43/100|[from] Parting Shot
|-weather|Snowscape|[from] ability: Snow Warning|[of] p2b: Ninetales
|move|p1a: Incineroar|Flare Blitz|p2b: Ninetales
|-supereffective|p2b: Ninetales|1
|-damage|p2b: Ninetales|0 fnt
|faint|p2b: Ninetales
|-damage|p1a: Incineroar|0 fnt|[from] Recoil
|faint|p1a: Incineroar
|move|p1b: Floette|Calm Mind|p1b: Floette
|-boost|p1b: Floette|spa|1
|-boost|p1b: Floette|spd|1
|
|-weather|Snowscape|[upkeep]
|-fieldend|move: Trick Room
|upkeep
|
|t:|1782186068
|switch|p2b: Incineroar|Incineroar, L50, F|56/100
|switch|p1a: Sinistcha|Sinistcha, L50|79/100
|-ability|p2b: Incineroar|Intimidate|boost
|-unboost|p1a: Sinistcha|atk|1
|-unboost|p1b: Floette|atk|1
|-heal|p1b: Floette|100/100|[from] ability: Hospitality|[of] p1a: Sinistcha
|turn|8
|
|t:|1782186076
|move|p1a: Sinistcha|Rage Powder|p1a: Sinistcha
|-singleturn|p1a: Sinistcha|move: Rage Powder
|move|p1b: Floette|Calm Mind|p1b: Floette
|-boost|p1b: Floette|spa|1
|-boost|p1b: Floette|spd|1
|move|p2b: Incineroar|Flare Blitz|p1a: Sinistcha
|-supereffective|p1a: Sinistcha|1
|-damage|p1a: Sinistcha|5/100
|-damage|p2b: Incineroar|35/100|[from] Recoil
|move|p2a: Farigiraf|Dazzling Gleam|p1b: Floette|[spread] p1a,p1b
|-damage|p1a: Sinistcha|0 fnt
|-damage|p1b: Floette|93/100
|faint|p1a: Sinistcha
|
|-weather|Snowscape|[upkeep]
|upkeep
|
|t:|1782186078
|switch|p1a: Kingambit|Kingambit, L50, M|100/100
|turn|9
|
|t:|1782186083
|move|p1b: Floette|Dazzling Gleam|p2b: Incineroar|[spread] p2a,p2b
|-damage|p2a: Farigiraf|9/100
|-damage|p2b: Incineroar|0 fnt
|faint|p2b: Incineroar
|move|p2a: Farigiraf|Dazzling Gleam|p1b: Floette|[spread] p1a,p1b
|-damage|p1a: Kingambit|79/100
|-damage|p1b: Floette|86/100
|move|p1a: Kingambit|Kowtow Cleave|p2a: Farigiraf
|-supereffective|p2a: Farigiraf|1
|-damage|p2a: Farigiraf|0 fnt
|faint|p2a: Farigiraf
|
|win|TMJS01
||SomeKidJon is ready for game 2.
||TMJS01 is ready for game 2.
|uhtml|next|Next: Game 2 of 3
