|j|☆Mortipherus
|j|☆Taiwannephrodoctor
|html|MortipherusTaiwannephrodoctor    
|uhtml|bestof|Game 3 of a best-of-3
|t:|1756090336
|gametype|doubles
|player|p1|Mortipherus|biker-gen4|1231
|player|p2|Taiwannephrodoctor|2|1159
|gen|9
|tier|[Gen 9] VGC 2025 Reg H (Bo3)
|rated|
|rule|Species Clause: Limit one of each Pokémon
|rule|Item Clause: Limit 1 of each item
|clearpoke
|poke|p1|Hydrapple, L50, F|
|poke|p1|Arcanine-Hisui, L50, M|
|poke|p1|Delphox, L50, F|
|poke|p1|Electabuzz, L50, F|
|poke|p1|Indeedee-F, L50, F|
|poke|p1|Sneasler, L50, M|
|poke|p2|Gholdengo, L50|
|poke|p2|Archaludon, L50, F|
|poke|p2|Pelipper, L50, F|
|poke|p2|Ursaluna, L50, F|
|poke|p2|Sinistcha-Masterpiece, L50|
|poke|p2|Dragonite, L50, F|
|teampreview|4
|showteam|p1|Hydrapple||AssaultVest|Regenerator|FickleBeam,EnergyBall,EarthPower,PollenPuff|||F|||50|,,,,,Bug]Arcanine-Hisui||ClearAmulet|Intimidate|Protect,ExtremeSpeed,FlareBlitz,RockSlide|||M|||50|,,,,,Grass]Delphox||LifeOrb|Blaze|Protect,TrickRoom,ExpandingForce,HeatWave|||F|||50|,,,,,Psychic]Electabuzz||Eviolite|VitalSpirit|Protect,FollowMe,Taunt,Electroweb|||F|||50|,,,,,Dragon]Indeedee-F||SafetyGoggles|PsychicSurge|Protect,FollowMe,TrickRoom,AlluringVoice|||F|||50|,,,,,Water]Sneasler||PsychicSeed|Unburden|Protect,ThroatChop,DireClaw,CloseCombat|||M|||50|,,,,,Dark
|showteam|p2|Gholdengo||ChoiceScarf|GoodasGold|MakeItRain,ShadowBall,PowerGem,Trick||||||50|,,,,,Flying]Archaludon||AssaultVest|Stamina|ElectroShot,BodyPress,DracoMeteor,Snarl|||F|||50|,,,,,Fighting]Pelipper||FocusSash|Drizzle|WeatherBall,Hurricane,Tailwind,Protect|||F|||50|,,,,,Stellar]Ursaluna||FlameOrb|Guts|Facade,HeadlongRush,Earthquake,Protect|||F|||50|,,,,,Fire]Sinistcha-Masterpiece||SitrusBerry|Hospitality|MatchaGotcha,RagePowder,LifeDew,TrickRoom||||||50|,,,,,Dark]Dragonite||LoadedDice|Multiscale|ScaleShot,Tailwind,Haze,Protect|||F|||50|,,,,,Steel
|inactive|Battle timer is ON: inactive players will automatically lose when time's up. (requested by Taiwannephrodoctor)
|
|t:|1756090362
|teamsize|p1|4
|teamsize|p2|4
|start
|switch|p1a: Indeedee|Indeedee-F, L50, F|100/100
|switch|p1b: Sneasler|Sneasler, L50, M|100/100
|switch|p2a: Archaludon|Archaludon, L50, F, shiny|100/100
|switch|p2b: Pelipper|Pelipper, L50, F, shiny|100/100
|-weather|RainDance|[from] ability: Drizzle|[of] p2b: Pelipper
|-fieldstart|move: Psychic Terrain|[from] ability: Psychic Surge|[of] p1a: Indeedee
|-enditem|p1b: Sneasler|Psychic Seed
|-boost|p1b: Sneasler|spd|1|[from] item: Psychic Seed
|turn|1
|inactive|Taiwannephrodoctor has 30 seconds left.
|
|t:|1756090387
|switch|p2b: Ursaluna|Ursaluna, L50, F, shiny|100/100
|move|p1b: Sneasler|Close Combat|p2a: Archaludon
|-supereffective|p2a: Archaludon
|-damage|p2a: Archaludon|15/100
|-unboost|p1b: Sneasler|def|1
|-unboost|p1b: Sneasler|spd|1
|-ability|p2a: Archaludon|Stamina|boost
|-boost|p2a: Archaludon|def|1
|move|p2a: Archaludon|Electro Shot||[still]
|-prepare|p2a: Archaludon|Electro Shot
|-boost|p2a: Archaludon|spa|1
|-anim|p2a: Archaludon|Electro Shot|p1b: Sneasler
|-damage|p1b: Sneasler|31/100
|move|p1a: Indeedee|Alluring Voice|p2a: Archaludon
|-damage|p2a: Archaludon|1/100
|-start|p2a: Archaludon|confusion
|-ability|p2a: Archaludon|Stamina|boost
|-boost|p2a: Archaludon|def|1
|
|-weather|RainDance|[upkeep]
|-status|p2b: Ursaluna|brn|[from] item: Flame Orb
|upkeep
|turn|2
|inactive|Taiwannephrodoctor has 30 seconds left.
|inactive|Taiwannephrodoctor has 20 seconds left.
|
|t:|1756090423
|-terastallize|p2b: Ursaluna|Fire
|move|p1b: Sneasler|Close Combat|p2b: Ursaluna
|-damage|p2b: Ursaluna|47/100 brn
|-unboost|p1b: Sneasler|def|1
|-unboost|p1b: Sneasler|spd|1
|-activate|p2a: Archaludon|confusion
|move|p2a: Archaludon|Electro Shot||[still]
|-prepare|p2a: Archaludon|Electro Shot
|-boost|p2a: Archaludon|spa|1
|-anim|p2a: Archaludon|Electro Shot|p1a: Indeedee
|-damage|p1a: Indeedee|40/100
|move|p2b: Ursaluna|Earthquake|p1b: Sneasler|[spread] p2a,p1a,p1b
|-supereffective|p2a: Archaludon
|-supereffective|p1b: Sneasler
|-damage|p2a: Archaludon|0 fnt
|-damage|p1a: Indeedee|0 fnt
|-damage|p1b: Sneasler|0 fnt
|faint|p2a: Archaludon
|faint|p1a: Indeedee
|faint|p1b: Sneasler
|
|-weather|RainDance|[upkeep]
|-damage|p2b: Ursaluna|41/100 brn|[from] brn
|upkeep
|
|t:|1756090444
|switch|p1b: Hydrapple|Hydrapple, L50, F|100/100
|switch|p2a: Sinistcha|Sinistcha-Masterpiece, L50, shiny|100/100
|switch|p1a: Electabuzz|Electabuzz, L50, F|100/100
|-heal|p2b: Ursaluna|66/100 brn|[from] ability: Hospitality|[of] p2a: Sinistcha
|turn|3
|inactive|Taiwannephrodoctor has 30 seconds left.
|
|t:|1756090477
|-terastallize|p1a: Electabuzz|Dragon
|move|p2a: Sinistcha|Rage Powder|p2a: Sinistcha
|-singleturn|p2a: Sinistcha|move: Rage Powder
|move|p1a: Electabuzz|Taunt|p2a: Sinistcha
|-start|p2a: Sinistcha|move: Taunt
|move|p2b: Ursaluna|Facade|p1b: Hydrapple
|-damage|p1b: Hydrapple|6/100
|move|p1b: Hydrapple|Earth Power|p2b: Ursaluna
|-supereffective|p2b: Ursaluna
|-damage|p2b: Ursaluna|3/100 brn
|
|-weather|RainDance|[upkeep]
|-damage|p2b: Ursaluna|0 fnt|[from] brn
|faint|p2b: Ursaluna
|upkeep
|
|t:|1756090490
|switch|p2b: Pelipper|Pelipper, L50, F, shiny|100/100
|turn|4
|
|t:|1756090518
|move|p1a: Electabuzz|Electroweb|p2a: Sinistcha|[spread] p2a,p2b
|-resisted|p2a: Sinistcha
|-supereffective|p2b: Pelipper
|-damage|p2a: Sinistcha|94/100
|-damage|p2b: Pelipper|9/100
|-unboost|p2a: Sinistcha|spe|1
|-unboost|p2b: Pelipper|spe|1
|move|p2b: Pelipper|Hurricane|p1b: Hydrapple
|-supereffective|p1b: Hydrapple
|-damage|p1b: Hydrapple|0 fnt
|faint|p1b: Hydrapple
|move|p2a: Sinistcha|Matcha Gotcha|p1a: Electabuzz
|-resisted|p1a: Electabuzz
|-damage|p1a: Electabuzz|89/100
|-heal|p2a: Sinistcha|99/100|[from] drain|[of] p1a: Electabuzz
|-status|p1a: Electabuzz|brn
|
|-weather|RainDance|[upkeep]
|-damage|p1a: Electabuzz|84/100 brn|[from] brn
|upkeep
|turn|5
|
|t:|1756090538
|move|p2b: Pelipper|Protect|p2b: Pelipper
|-singleturn|p2b: Pelipper|Protect
|move|p1a: Electabuzz|Electroweb|p2a: Sinistcha|[spread] p2a
|-activate|p2b: Pelipper|move: Protect
|-resisted|p2a: Sinistcha
|-damage|p2a: Sinistcha|94/100
|-unboost|p2a: Sinistcha|spe|1
|move|p2a: Sinistcha|Matcha Gotcha|p1a: Electabuzz
|-resisted|p1a: Electabuzz
|-damage|p1a: Electabuzz|71/100 brn
|-heal|p2a: Sinistcha|99/100|[from] drain|[of] p1a: Electabuzz
|
|-weather|none
|-damage|p1a: Electabuzz|65/100 brn|[from] brn
|-fieldend|move: Psychic Terrain
|upkeep
|turn|6
|
|t:|1756090561
|move|p1a: Electabuzz|Electroweb|p2a: Sinistcha|[spread] p2a
|-miss|p1a: Electabuzz|p2b: Pelipper
|-resisted|p2a: Sinistcha
|-damage|p2a: Sinistcha|94/100
|-unboost|p2a: Sinistcha|spe|1
|move|p2b: Pelipper|Hurricane|p1a: Electabuzz|[miss]
|-miss|p2b: Pelipper|p1a: Electabuzz
|move|p2a: Sinistcha|Matcha Gotcha|p1a: Electabuzz
|-resisted|p1a: Electabuzz
|-damage|p1a: Electabuzz|55/100 brn
|-heal|p2a: Sinistcha|99/100|[from] drain|[of] p1a: Electabuzz
|
|-damage|p1a: Electabuzz|49/100 brn|[from] brn
|-end|p2a: Sinistcha|move: Taunt
|upkeep
|turn|7
|
|t:|1756090579
|move|p1a: Electabuzz|Electroweb|p2b: Pelipper|[spread] p2a,p2b
|-resisted|p2a: Sinistcha
|-supereffective|p2b: Pelipper
|-damage|p2a: Sinistcha|93/100
|-damage|p2b: Pelipper|0 fnt
|-unboost|p2a: Sinistcha|spe|1
|faint|p2b: Pelipper
|move|p2a: Sinistcha|Trick Room|p2a: Sinistcha
|-fieldstart|move: Trick Room|[of] p2a: Sinistcha
|
|-damage|p1a: Electabuzz|43/100 brn|[from] brn
|upkeep
|turn|8
|
|t:|1756090590
|move|p2a: Sinistcha|Life Dew|p2a: Sinistcha
|-heal|p2a: Sinistcha|100/100
|move|p1a: Electabuzz|Electroweb|p2a: Sinistcha|[miss]
|-miss|p1a: Electabuzz|p2a: Sinistcha
|
|-damage|p1a: Electabuzz|37/100 brn|[from] brn
|upkeep
|turn|9
|-message|Mortipherus forfeited.
|
|win|Taiwannephrodoctor
|raw|Mortipherus's rating: 1231 → 1201(-30 for losing)
|raw|Taiwannephrodoctor's rating: 1159 → 1189(+30 for winning)
