|j|☆That_Leek
|j|‽Livnlarge27
|html|That_LeekLivnlarge27    
|uhtml|bestof|Game 2 of a best-of-3
|t:|1755045641
|gametype|doubles
|player|p1|That_Leek|blue-masters|1384
|player|p2|Livnlarge27|red|1342
|gen|9
|tier|[Gen 9] VGC 2025 Reg H (Bo3)
|rated|
|rule|Species Clause: Limit one of each Pokémon
|rule|Item Clause: Limit 1 of each item
|clearpoke
|poke|p1|Incineroar, L50, M|
|poke|p1|Gholdengo, L50|
|poke|p1|Dragonite, L50, F|
|poke|p1|Amoonguss, L50, F|
|poke|p1|Ursaluna-Bloodmoon, L50, M|
|poke|p1|Gallade, L50, M|
|poke|p2|Blastoise, L50, F|
|poke|p2|Dragapult, L50, M|
|poke|p2|Indeedee-F, L50, F|
|poke|p2|Sneasler, L50, M|
|poke|p2|Whimsicott, L50, F|
|poke|p2|Archaludon, L50, F|
|teampreview|4
|showteam|p1|Incineroar||SafetyGoggles|Intimidate|FakeOut,FlareBlitz,KnockOff,PartingShot|||M|||50|,,,,,Water]Gholdengo||LifeOrb|GoodasGold|MakeItRain,ShadowBall,NastyPlot,Protect||||||50|,,,,,Dragon]Dragonite||LoadedDice|Multiscale|Tailwind,StompingTantrum,ScaleShot,Protect|||F|||50|,,,,,Fairy]Amoonguss||SitrusBerry|Regenerator|PollenPuff,Spore,RagePowder,Protect|||F|||50|,,,,,Fairy]Ursaluna-Bloodmoon||AssaultVest|MindsEye|VacuumWave,BloodMoon,HyperVoice,EarthPower|||M|||50|,,,,,Ghost]Gallade||FocusSash|Sharpness|TrickRoom,SacredSword,WideGuard,PsychoCut|||M|||50|,,,,,Fairy
|showteam|p2|Blastoise||MysticWater|Torrent|Protect,WaterSpout,HydroCannon,ShellSmash|||F|||50|,,,,,Water]Dragapult||ChoiceBand|ClearBody|DragonDarts,Uturn,PhantomForce,Outrage|||M|||50|,,,,,Dragon]Indeedee-F||SafetyGoggles|PsychicSurge|Imprison,FollowMe,HelpingHand,TrickRoom|||F|||50|,,,,,Fairy]Sneasler||PsychicSeed|Unburden|FakeOut,CloseCombat,DireClaw,ThroatChop|||M|||50|,,,,,Dark]Whimsicott||CovertCloak|Prankster|Tailwind,Moonblast,Encore,Taunt|||F|||50|,,,,,Dark]Archaludon||PowerHerb|Sturdy|ElectroShot,DracoMeteor,Protect,Thunderbolt|||F|||50|,,,,,Electric
|c|☆That_Leek|Is squirtle a squirrel or a turtle?
|inactive|Battle timer is ON: inactive players will automatically lose when time's up. (requested by Livnlarge27)
|
|t:|1755045700
|teamsize|p1|4
|teamsize|p2|4
|start
|switch|p1a: Amoonguss|Amoonguss, L50, F|100/100
|switch|p1b: Gholdengo|Gholdengo, L50|100/100
|switch|p2a: Dragapult|Dragapult, L50, M|100/100
|switch|p2b: Archaludon|Archaludon, L50, F|100/100
|turn|1
|
|t:|1755045711
|move|p2b: Archaludon|Protect|p2b: Archaludon
|-singleturn|p2b: Archaludon|Protect
|move|p1a: Amoonguss|Rage Powder|p1a: Amoonguss
|-singleturn|p1a: Amoonguss|move: Rage Powder
|move|p2a: Dragapult|Phantom Force||[still]
|-prepare|p2a: Dragapult|Phantom Force
|move|p1b: Gholdengo|Nasty Plot|p1b: Gholdengo
|-boost|p1b: Gholdengo|spa|2
|
|upkeep
|turn|2
|
|t:|1755045720
|move|p1a: Amoonguss|Rage Powder|p1a: Amoonguss
|-singleturn|p1a: Amoonguss|move: Rage Powder
|move|p2a: Dragapult|Phantom Force|p1a: Amoonguss|[from] lockedmove
|-damage|p1a: Amoonguss|45/100
|-enditem|p1a: Amoonguss|Sitrus Berry|[eat]
|-heal|p1a: Amoonguss|70/100|[from] item: Sitrus Berry
|move|p2b: Archaludon|Electro Shot||[still]
|-prepare|p2b: Archaludon|Electro Shot
|-boost|p2b: Archaludon|spa|1
|-enditem|p2b: Archaludon|Power Herb
|-anim|p2b: Archaludon|Electro Shot|p1a: Amoonguss
|-resisted|p1a: Amoonguss
|-damage|p1a: Amoonguss|41/100
|move|p1b: Gholdengo|Make It Rain|p2a: Dragapult|[spread] p2a,p2b
|-resisted|p2b: Archaludon
|-damage|p2a: Dragapult|0 fnt
|-ability|p2b: Archaludon|Sturdy
|-damage|p2b: Archaludon|1/100
|-unboost|p1b: Gholdengo|spa|1
|faint|p2a: Dragapult
|-damage|p1b: Gholdengo|91/100|[from] item: Life Orb
|
|upkeep
|
|t:|1755045727
|switch|p2a: Blastoise|Blastoise, L50, F|100/100
|turn|3
|
|t:|1755045735
|-terastallize|p2a: Blastoise|Water
|move|p1b: Gholdengo|Protect|p1b: Gholdengo
|-singleturn|p1b: Gholdengo|Protect
|move|p2b: Archaludon|Draco Meteor|p1a: Amoonguss|[miss]
|-miss|p2b: Archaludon|p1a: Amoonguss
|move|p2a: Blastoise|Water Spout|p1b: Gholdengo|[spread] p1a
|-activate|p1b: Gholdengo|move: Protect
|-resisted|p1a: Amoonguss
|-damage|p1a: Amoonguss|9/100
|move|p1a: Amoonguss|Spore|p2a: Blastoise
|-status|p2a: Blastoise|slp|[from] move: Spore
|
|upkeep
|turn|4
|inactive|Livnlarge27 has 30 seconds left.
|
|t:|1755045760
|move|p1a: Amoonguss|Rage Powder|p1a: Amoonguss
|-singleturn|p1a: Amoonguss|move: Rage Powder
|move|p2b: Archaludon|Thunderbolt|p1a: Amoonguss
|-resisted|p1a: Amoonguss
|-damage|p1a: Amoonguss|0 fnt
|faint|p1a: Amoonguss
|cant|p2a: Blastoise|slp
|move|p1b: Gholdengo|Make It Rain|p2a: Blastoise|[spread] p2a,p2b
|-resisted|p2a: Blastoise
|-resisted|p2b: Archaludon
|-damage|p2a: Blastoise|50/100 slp
|-damage|p2b: Archaludon|0 fnt
|-unboost|p1b: Gholdengo|spa|1
|faint|p2b: Archaludon
|-damage|p1b: Gholdengo|82/100|[from] item: Life Orb
|
|upkeep
|
|t:|1755045768
|switch|p2b: Sneasler|Sneasler, L50, M|100/100
|switch|p1a: Dragonite|Dragonite, L50, F|100/100
|turn|5
|
|t:|1755045775
|move|p2b: Sneasler|Dire Claw|p1a: Dragonite
|-damage|p1a: Dragonite|78/100
|-status|p1a: Dragonite|par
|cant|p2a: Blastoise|slp
|move|p1b: Gholdengo|Shadow Ball|p2a: Blastoise
|-crit|p2a: Blastoise
|-damage|p2a: Blastoise|0 fnt
|faint|p2a: Blastoise
|-damage|p1b: Gholdengo|72/100|[from] item: Life Orb
|move|p1a: Dragonite|Scale Shot|p2b: Sneasler
|-damage|p2b: Sneasler|77/100
|-damage|p2b: Sneasler|50/100
|-damage|p2b: Sneasler|24/100
|-damage|p2b: Sneasler|0 fnt
|faint|p2b: Sneasler
|-hitcount|p2: Sneasler|4
|
|win|That_Leek
|raw|That_Leek's rating: 1384 → 1402(+18 for winning)
|raw|Livnlarge27's rating: 1342 → 1324(-18 for losing)
