|j|☆TobiYume
|j|☆mr.pickup
|html|TobiYumemr.pickup    
|uhtml|bestof|Game 3 of a best-of-3
|t:|1757186591
|gametype|doubles
|player|p1|TobiYume|roxie|1150
|player|p2|mr.pickup|pokemaniac|1220
|gen|9
|tier|[Gen 9] VGC 2025 Reg H (Bo3)
|rated|
|rule|Species Clause: Limit one of each Pokémon
|rule|Item Clause: Limit 1 of each item
|clearpoke
|poke|p1|Garchomp, L50, M|
|poke|p1|Talonflame, L50, F|
|poke|p1|Sylveon, L50, F|
|poke|p1|Tyranitar, L50, M|
|poke|p1|Decidueye-Hisui, L50, F|
|poke|p1|Gholdengo, L50|
|poke|p2|Gallade, L50, M|
|poke|p2|Indeedee-F, L50, F|
|poke|p2|Dragapult, L50, M|
|poke|p2|Whimsicott, L50, F|
|poke|p2|Ursaluna-Bloodmoon, L50, M|
|poke|p2|Typhlosion, L50, F|
|teampreview|4
|showteam|p1|Garchomp||LifeOrb|RoughSkin|DragonClaw,StompingTantrum,Earthquake,Protect|||M|||50|,,,,,Steel]Talonflame||CovertCloak|GaleWings|Tailwind,WillOWisp,BraveBird,Taunt|||F|||50|,,,,,Grass]Sylveon||ThroatSpray|Pixilate|HyperVoice,HyperBeam,TeraBlast,Protect|||F|||50|,,,,,Water]Tyranitar||AssaultVest|SandStream|RockSlide,KnockOff,TeraBlast,LowKick|||M|||50|,,,,,Flying]Decidueye-Hisui||RazorClaw|Scrappy|TripleArrows,LeafBlade,SuckerPunch,Protect|||F|||50|,,,,,Fire]Gholdengo||Leftovers|GoodasGold|MakeItRain,ShadowBall,NastyPlot,Protect||||||50|,,,,,Dragon
|showteam|p2|Gallade||ClearAmulet|Sharpness|TrickRoom,PsychoCut,SacredSword,WideGuard|||M|||50|,,,,,Fighting]Indeedee-F||RockyHelmet|PsychicSurge|FollowMe,TrickRoom,Protect,Psychic|||F|||50|,,,,,Fairy]Dragapult||ChoiceBand|ClearBody|DragonDarts,Outrage,Uturn,PhantomForce|||M|||50|,,,,,Dragon]Whimsicott||CovertCloak|Prankster|SunnyDay,Moonblast,Encore,Tailwind|||F|||50|,,,,,Water]Ursaluna-Bloodmoon||AssaultVest|MindsEye|HyperVoice,BloodMoon,EarthPower,Snarl|||M|||50|,,,,,Normal]Typhlosion||ChoiceSpecs|FlashFire|HeatWave,Eruption,ScorchingSands,ShadowBall|||F|||50|,,,,,Fire
|inactive|Battle timer is ON: inactive players will automatically lose when time's up. (requested by mr.pickup)
|
|t:|1757186605
|teamsize|p1|4
|teamsize|p2|4
|start
|switch|p1a: Elie|Talonflame, L50, F|100/100
|switch|p1b: Lloyd|Garchomp, L50, M|100/100
|switch|p2a: Whimsicott|Whimsicott, L50, F|100/100
|switch|p2b: Freddy freak bear|Ursaluna-Bloodmoon, L50, M|100/100
|turn|1
|
|t:|1757186623
|move|p1a: Elie|Brave Bird|p2b: Freddy freak bear
|-damage|p2b: Freddy freak bear|74/100
|-damage|p1a: Elie|91/100|[from] Recoil
|move|p2a: Whimsicott|Tailwind|p2a: Whimsicott
|-sidestart|p2: mr.pickup|move: Tailwind
|move|p2b: Freddy freak bear|Blood Moon|p1a: Elie
|-damage|p1a: Elie|0 fnt
|faint|p1a: Elie
|move|p1b: Lloyd|Dragon Claw|p2b: Freddy freak bear
|-damage|p2b: Freddy freak bear|33/100
|-damage|p1b: Lloyd|91/100|[from] item: Life Orb
|
|upkeep
|
|t:|1757186637
|switch|p1a: Randy|Tyranitar, L50, M|100/100
|-weather|Sandstorm|[from] ability: Sand Stream|[of] p1a: Randy
|turn|2
|
|t:|1757186651
|-terastallize|p1a: Randy|Flying
|move|p2a: Whimsicott|Moonblast|p1b: Lloyd
|-supereffective|p1b: Lloyd
|-damage|p1b: Lloyd|32/100
|move|p2b: Freddy freak bear|Hyper Voice|p1b: Lloyd|[spread] p1a,p1b
|-damage|p1a: Randy|77/100
|-damage|p1b: Lloyd|0 fnt
|faint|p1b: Lloyd
|move|p1a: Randy|Tera Blast|p2a: Whimsicott|[anim] Tera Blast Flying
|-supereffective|p2a: Whimsicott
|-crit|p2a: Whimsicott
|-damage|p2a: Whimsicott|0 fnt
|faint|p2a: Whimsicott
|
|-weather|Sandstorm|[upkeep]
|-damage|p1a: Randy|71/100|[from] Sandstorm
|upkeep
|
|t:|1757186661
|switch|p1b: Tio|Sylveon, L50, F|100/100
|switch|p2a: Datthew|Dragapult, L50, M|100/100
|turn|3
|
|t:|1757186674
|-terastallize|p2b: Freddy freak bear|Normal
|move|p2a: Datthew|Dragon Darts|p1a: Randy
|-damage|p1a: Randy|40/100
|-anim|p2a: Datthew|Dragon Darts|p1a: Randy
|-damage|p1a: Randy|13/100
|move|p2b: Freddy freak bear|Blood Moon|p1b: Tio
|-damage|p1b: Tio|23/100
|move|p1a: Randy|Rock Slide|p2b: Freddy freak bear|[spread] p2a,p2b
|-damage|p2a: Datthew|56/100
|-damage|p2b: Freddy freak bear|10/100
|move|p1b: Tio|Hyper Voice|p2a: Datthew|[spread] p2a,p2b
|-supereffective|p2a: Datthew
|-damage|p2a: Datthew|0 fnt
|-damage|p2b: Freddy freak bear|0 fnt
|faint|p2a: Datthew
|faint|p2b: Freddy freak bear
|-enditem|p1b: Tio|Throat Spray
|-boost|p1b: Tio|spa|1|[from] item: Throat Spray
|
|-weather|Sandstorm|[upkeep]
|-damage|p1a: Randy|7/100|[from] Sandstorm
|-damage|p1b: Tio|17/100|[from] Sandstorm
|upkeep
|
|t:|1757186688
|switch|p2b: IndeedeeIndeede|Indeedee-F, L50, F|100/100
|-fieldstart|move: Psychic Terrain|[from] ability: Psychic Surge|[of] p2b: IndeedeeIndeede
|turn|4
|
|t:|1757186697
|move|p2b: IndeedeeIndeede|Protect|p2b: IndeedeeIndeede
|-singleturn|p2b: IndeedeeIndeede|Protect
|move|p1b: Tio|Protect|p1b: Tio
|-singleturn|p1b: Tio|Protect
|move|p1a: Randy|Knock Off|p2b: IndeedeeIndeede
|-activate|p2b: IndeedeeIndeede|move: Protect
|
|-weather|Sandstorm|[upkeep]
|-damage|p2b: IndeedeeIndeede|95/100|[from] Sandstorm
|-damage|p1a: Randy|0 fnt|[from] Sandstorm
|-damage|p1b: Tio|11/100|[from] Sandstorm
|faint|p1a: Randy
|-sideend|p2: mr.pickup|move: Tailwind
|upkeep
|turn|5
|
|t:|1757186707
|move|p2b: IndeedeeIndeede|Psychic|p1b: Tio
|-damage|p1b: Tio|0 fnt
|faint|p1b: Tio
|
|win|mr.pickup
|raw|TobiYume's rating: 1150 → 1130(-20 for losing)
|raw|mr.pickup's rating: 1220 → 1240(+20 for winning)
|c|☆mr.pickup|gg
