|j|☆TrainerPoMa
|j|☆lettitripppp
|html|TrainerPoMalettitripppp    
|uhtml|bestof|Game 2 of a best-of-3
|t:|1783118058
|gametype|doubles
|player|p1|TrainerPoMa|unknown|1082
|player|p2|lettitripppp|lucas|1171
|gen|9
|tier|[Gen 9 Champions] VGC 2026 Reg M-B (Bo3)
|rated|
|rule|Species Clause: Limit one of each Pokémon
|rule|Item Clause: Limit 1 of each item
|clearpoke
|poke|p1|Maushold, L50|
|poke|p1|Sableye, L50, M, shiny|
|poke|p1|Gengar, L50, M, shiny|
|poke|p1|Kingambit, L50, F|
|poke|p1|Hydreigon, L50, F|
|poke|p1|Sneasler, L50, M|
|poke|p2|Charizard, L50, M|
|poke|p2|Floette-Eternal, L50, F|
|poke|p2|Basculegion, L50, M, shiny|
|poke|p2|Garchomp, L50, M|
|poke|p2|Whimsicott, L50, F, shiny|
|poke|p2|Kingambit, L50, M|
|teampreview|4
|showteam|p1|Maushold||KingsRock|Technician|PopulationBomb,BulletSeed,Taunt,Protect|Jolly|||||50|]Sableye||LightClay|Prankster|LightScreen,SkillSwap,Gravity,Encore|Bold||M|||50|]Gengar||Gengarite|CursedBody|Hypnosis,ShadowBall,Thunderbolt,Protect|Timid||M|||50|]Kingambit||BlackGlasses|Defiant|SuckerPunch,KowtowCleave,IronHead,Protect|Adamant||F|||50|]Hydreigon||FocusSash|Levitate|DracoMeteor,Flamethrower,Tailwind,NastyPlot|Timid||F|||50|]Sneasler||WhiteHerb|Unburden|DireClaw,CloseCombat,FakeOut,Protect|Adamant||M|||50|
|showteam|p2|Charizard||CharizarditeY|Blaze|WeatherBall,SolarBeam,HeatWave,Protect|Modest||M|||50|]Floette-Eternal||Floettite|FlowerVeil|DazzlingGleam,LightofRuin,Moonblast,Protect|Timid||F|||50|]Basculegion||MysticWater|Adaptability|LastRespects,WaveCrash,AquaJet,Protect|Adamant||M|||50|]Garchomp||LifeOrb|RoughSkin|DragonClaw,Earthquake,RockSlide,Protect|Jolly||M|||50|]Whimsicott||FocusSash|Prankster|Moonblast,Tailwind,Encore,Protect|Timid||F|||50|]Kingambit||OccaBerry|Defiant|KowtowCleave,SuckerPunch,IronHead,LowKick|Adamant||M|||50|
|inactive|Battle timer is ON: inactive players will automatically lose when time's up. (requested by TrainerPoMa)
|inactive|lettitripppp also wants the timer to be on.
|
|t:|1783118079
|teamsize|p1|4
|teamsize|p2|4
|start
|switch|p1a: Sableye|Sableye, L50, M, shiny|100/100
|switch|p1b: Gengar|Gengar, L50, M, shiny|100/100
|switch|p2a: LETS GO GO|Whimsicott, L50, F, shiny|100/100
|switch|p2b: RUINOUS LIGHT|Floette-Eternal, L50, F|100/100
|turn|1
|
|t:|1783118098
|detailschange|p2b: RUINOUS LIGHT|Floette-Mega, L50, F
|-mega|p2b: RUINOUS LIGHT|Floette|Floettite
|-ability|p2b: RUINOUS LIGHT|Fairy Aura
|move|p1b: Gengar|Protect|p1b: Gengar
|-singleturn|p1b: Gengar|Protect
|move|p2b: RUINOUS LIGHT|Protect|p2b: RUINOUS LIGHT
|-singleturn|p2b: RUINOUS LIGHT|Protect
|move|p1a: Sableye|Gravity|p1a: Sableye
|-fieldstart|move: Gravity
|move|p2a: LETS GO GO|Moonblast|p1a: Sableye
|-supereffective|p1a: Sableye|1
|-damage|p1a: Sableye|0 fnt
|faint|p1a: Sableye
|
|upkeep
|
|t:|1783118117
|switch|p1a: Sneasler|Sneasler, L50, M|100/100
|turn|2
|
|t:|1783118132
|switch|p1b: Kingambit|Kingambit, L50, F|100/100
|move|p1a: Sneasler|Fake Out|p2b: RUINOUS LIGHT
|-damage|p2b: RUINOUS LIGHT|81/100
|move|p2a: LETS GO GO|Encore|p1b: Kingambit
|-hint|Since gen 7, Dark is immune to Prankster moves.
|-immune|p1b: Kingambit
|cant|p2b: RUINOUS LIGHT|flinch
|
|upkeep
|turn|3
|
|t:|1783118152
|move|p2b: RUINOUS LIGHT|Protect|p2b: RUINOUS LIGHT
|-singleturn|p2b: RUINOUS LIGHT|Protect
|move|p2a: LETS GO GO|Tailwind|p2a: LETS GO GO
|-sidestart|p2: lettitripppp|move: Tailwind
|move|p1a: Sneasler|Dire Claw|p2b: RUINOUS LIGHT
|-activate|p2b: RUINOUS LIGHT|move: Protect
|move|p1b: Kingambit|Iron Head|p2a: LETS GO GO
|-supereffective|p2a: LETS GO GO|1
|-enditem|p2a: LETS GO GO|Focus Sash
|-damage|p2a: LETS GO GO|1/100
|
|upkeep
|turn|4
|
|t:|1783118169
|move|p1b: Kingambit|Sucker Punch|p2a: LETS GO GO
|-resisted|p2a: LETS GO GO|1
|-damage|p2a: LETS GO GO|0 fnt
|faint|p2a: LETS GO GO
|move|p2b: RUINOUS LIGHT|Moonblast|p1b: Kingambit
|-damage|p1b: Kingambit|22/100
|move|p1a: Sneasler|Dire Claw|p2b: RUINOUS LIGHT
|-supereffective|p2b: RUINOUS LIGHT|1
|-damage|p2b: RUINOUS LIGHT|0 fnt
|faint|p2b: RUINOUS LIGHT
|
|upkeep
|
|t:|1783118177
|switch|p2a: CRUSH SHARK|Garchomp, L50, M|100/100
|switch|p2b: GHOSTWAVE|Basculegion, L50, M, shiny|100/100
|turn|5
|
|t:|1783118196
|move|p2b: GHOSTWAVE|Protect|p2b: GHOSTWAVE
|-singleturn|p2b: GHOSTWAVE|Protect
|move|p1b: Kingambit|Sucker Punch||[still]
|-fail|p1b: Kingambit
|move|p2a: CRUSH SHARK|Earthquake|p1b: Kingambit|[spread] p1a,p1b
|-activate|p2b: GHOSTWAVE|move: Protect
|-supereffective|p1a: Sneasler|1
|-supereffective|p1b: Kingambit|1
|-damage|p1a: Sneasler|0 fnt
|-damage|p1b: Kingambit|0 fnt
|faint|p1a: Sneasler
|faint|p1b: Kingambit
|-damage|p2a: CRUSH SHARK|90/100|[from] item: Life Orb
|
|-fieldend|move: Gravity
|upkeep
|
|t:|1783118199
|switch|p1a: Gengar|Gengar, L50, M, shiny|100/100
|turn|6
|
|t:|1783118207
|detailschange|p1a: Gengar|Gengar-Mega, L50, M, shiny
|-mega|p1a: Gengar|Gengar|Gengarite
|move|p2a: CRUSH SHARK|Dragon Claw|p1a: Gengar
|-damage|p1a: Gengar|17/100
|-damage|p2a: CRUSH SHARK|80/100|[from] item: Life Orb
|move|p2b: GHOSTWAVE|Last Respects|p1a: Gengar
|-supereffective|p1a: Gengar|1
|-damage|p1a: Gengar|0 fnt
|faint|p1a: Gengar
|
|win|lettitripppp
|raw|TrainerPoMa's rating: 1082 → 1065(-17 for losing)
|raw|lettitripppp's rating: 1171 → 1190(+19 for winning)
