|j|☆itssobeak
|j|☆skclkfckc
|html|itssobeakskclkfckc    
|uhtml|bestof|Game 1 of a best-of-3
|t:|1784322508
|gametype|doubles
|player|p1|itssobeak|birdkeeper|1070
|player|p2|skclkfckc|steven|1000
|gen|9
|tier|[Gen 9 Champions] VGC 2026 Reg M-B (Bo3)
|rated|
|rule|Species Clause: Limit one of each Pokémon
|rule|Item Clause: Limit 1 of each item
|clearpoke
|poke|p1|Staraptor, L50, M|
|poke|p1|Weavile, L50, F|
|poke|p1|Whimsicott, L50, M|
|poke|p1|Glimmora, L50, M|
|poke|p1|Kingambit, L50, M|
|poke|p1|Sinistcha, L50|
|poke|p2|Golurk, L50|
|poke|p2|Farigiraf, L50, M|
|poke|p2|Sinistcha-Masterpiece, L50|
|poke|p2|Aggron, L50, F|
|poke|p2|Decidueye-Hisui, L50, F|
|poke|p2|Grimmsnarl, L50, M|
|teampreview|4
|showteam|p1|Staraptor||Staraptite|Intimidate|BraveBird,CloseCombat,Uturn,Protect|Jolly||M|||50|]Weavile||WideLens|Pressure|KnockOff,TripleAxel,Taunt,FakeOut|Jolly||F|||50|]Whimsicott||FocusSash|Prankster|Moonblast,Tailwind,Encore,Tickle|Timid||M|||50|]Glimmora||Glimmoranite|ToxicDebris|PowerGem,SludgeBomb,EarthPower,SpikyShield|Timid||M|||50|]Kingambit||BlackGlasses|Defiant|KowtowCleave,SuckerPunch,SwordsDance,Protect|Adamant||M|||50|]Sinistcha||CobaBerry|Hospitality|MatchaGotcha,RagePowder,LifeDew,Protect|Bold|||||50|
|showteam|p2|Golurk||Golurkite|IronFist|KnockOff,Poltergeist,IcePunch,Protect|Adamant|||||50|]Farigiraf||Leftovers|ArmorTail|Psychic,HyperVoice,TrickRoom,Protect|Modest||M|||50|]Sinistcha-Masterpiece||KasibBerry|Hospitality|MatchaGotcha,RagePowder,TrickRoom,LifeDew|Modest|||||50|]Aggron||Aggronite|Sturdy|BodyPress,HeavySlam,IronDefense,Protect|Bold||F|||50|]Decidueye-Hisui||FocusSash|Scrappy|TripleArrows,LeafBlade,Defog,Protect|Adamant||F|||50|]Grimmsnarl||LightClay|Prankster|LightScreen,Reflect,PartingShot,SpiritBreak|Adamant||M|||50|
|inactive|Battle timer is ON: inactive players will automatically lose when time's up. (requested by itssobeak)
|inactive|itssobeak has 60 seconds left.
|
|t:|1784322551
|teamsize|p1|4
|teamsize|p2|4
|start
|switch|p1a: Staraptor|Staraptor, L50, M|100/100
|switch|p1b: Weavile|Weavile, L50, F|100/100
|switch|p2a: Aggron|Aggron, L50, F|100/100
|switch|p2b: Farigiraf|Farigiraf, L50, M|100/100
|-ability|p1b: Weavile|Pressure
|-ability|p1a: Staraptor|Intimidate|boost
|-unboost|p2a: Aggron|atk|1
|-unboost|p2b: Farigiraf|atk|1
|turn|1
|
|t:|1784322571
|detailschange|p1a: Staraptor|Staraptor-Mega, L50, M
|-mega|p1a: Staraptor|Staraptor|Staraptite
|detailschange|p2a: Aggron|Aggron-Mega, L50, F
|-mega|p2a: Aggron|Aggron|Aggronite
|move|p1b: Weavile|Taunt|p2b: Farigiraf
|-start|p2b: Farigiraf|move: Taunt
|move|p1a: Staraptor|Close Combat|p2a: Aggron
|-supereffective|p2a: Aggron|1
|-damage|p2a: Aggron|57/100
|-boost|p1a: Staraptor|def|1
|-boost|p1a: Staraptor|spd|1
|move|p2a: Aggron|Body Press|p1b: Weavile
|-supereffective|p1b: Weavile|2
|-damage|p1b: Weavile|0 fnt
|faint|p1b: Weavile
|cant|p2b: Farigiraf|move: Taunt|Trick Room
|
|upkeep
|
|t:|1784322586
|switch|p1b: Whimsicott|Whimsicott, L50, M|100/100
|turn|2
|
|t:|1784322593
|switch|p2b: Sinistcha|Sinistcha-Masterpiece, L50|100/100
|-heal|p2a: Aggron|82/100|[from] ability: Hospitality|[of] p2b: Sinistcha
|move|p1b: Whimsicott|Tickle|p1a: Staraptor
|-boost|p1a: Staraptor|atk|1
|-boost|p1a: Staraptor|def|1
|move|p1a: Staraptor|Close Combat|p2a: Aggron
|-supereffective|p2a: Aggron|1
|-damage|p2a: Aggron|18/100
|-boost|p1a: Staraptor|def|1
|-boost|p1a: Staraptor|spd|1
|move|p2a: Aggron|Heavy Slam|p1b: Whimsicott
|-supereffective|p1b: Whimsicott|1
|-damage|p1b: Whimsicott|3/100
|
|upkeep
|turn|3
|inactive|itssobeak has 30 seconds left.
|inactive|itssobeak has 20 seconds left.
|
|t:|1784322633
|move|p2a: Aggron|Protect|p2a: Aggron
|-singleturn|p2a: Aggron|Protect
|move|p1b: Whimsicott|Tickle|p1a: Staraptor
|-boost|p1a: Staraptor|atk|1
|-boost|p1a: Staraptor|def|1
|move|p1a: Staraptor|Brave Bird|p2b: Sinistcha
|-supereffective|p2b: Sinistcha|1
|-damage|p2b: Sinistcha|0 fnt
|faint|p2b: Sinistcha
|-damage|p1a: Staraptor|72/100|[from] Recoil
|
|upkeep
|
|t:|1784322647
|switch|p2b: Grimmsnarl|Grimmsnarl, L50, M|100/100
|turn|4
|
|t:|1784322662
|switch|p2a: Farigiraf|Farigiraf, L50, M|100/100
|move|p1b: Whimsicott|Tickle|p1a: Staraptor
|-boost|p1a: Staraptor|atk|1
|-boost|p1a: Staraptor|def|1
|move|p1a: Staraptor|Close Combat|p2a: Farigiraf
|-damage|p2a: Farigiraf|0 fnt
|-boost|p1a: Staraptor|def|1
|-boost|p1a: Staraptor|spd|1
|faint|p2a: Farigiraf
|move|p2b: Grimmsnarl|Spirit Break|p1a: Staraptor
|-supereffective|p1a: Staraptor|1
|-crit|p1a: Staraptor
|-damage|p1a: Staraptor|0 fnt
|faint|p1a: Staraptor
|
|upkeep
|inactive|skclkfckc has 30 seconds left.
|
|t:|1784322691
|switch|p1a: Sinistcha|Sinistcha, L50|100/100
|switch|p2a: Aggron|Aggron-Mega, L50, F|18/100
|-heal|p1b: Whimsicott|28/100|[from] ability: Hospitality|[of] p1a: Sinistcha
|turn|5
|
|t:|1784322704
|move|p2a: Aggron|Protect|p2a: Aggron
|-singleturn|p2a: Aggron|Protect
|move|p1b: Whimsicott|Moonblast|p2a: Aggron
|-activate|p2a: Aggron|move: Protect
|move|p1a: Sinistcha|Matcha Gotcha|p2a: Aggron|[spread] p2b
|-activate|p2a: Aggron|move: Protect
|-damage|p2b: Grimmsnarl|73/100
|move|p2b: Grimmsnarl|Spirit Break|p1b: Whimsicott
|-damage|p1b: Whimsicott|0 fnt
|faint|p1b: Whimsicott
|
|upkeep
|turn|6
|inactive|skclkfckc has 30 seconds left.
|
|t:|1784322732
|move|p1a: Sinistcha|Matcha Gotcha|p2a: Aggron|[spread] p2a,p2b
|-resisted|p2a: Aggron|1
|-damage|p2a: Aggron|7/100
|-damage|p2b: Grimmsnarl|46/100
|move|p2b: Grimmsnarl|Spirit Break|p1a: Sinistcha
|-damage|p1a: Sinistcha|71/100
|-unboost|p1a: Sinistcha|spa|1
|move|p2a: Aggron|Heavy Slam|p1a: Sinistcha
|-damage|p1a: Sinistcha|34/100
|
|upkeep
|turn|7
|
|t:|1784322748
|move|p2a: Aggron|Protect|p2a: Aggron
|-singleturn|p2a: Aggron|Protect
|move|p1a: Sinistcha|Matcha Gotcha|p2a: Aggron|[spread] p2b
|-activate|p2a: Aggron|move: Protect
|-damage|p2b: Grimmsnarl|30/100
|-heal|p1a: Sinistcha|43/100|[from] drain|[of] p2b: Grimmsnarl
|move|p2b: Grimmsnarl|Spirit Break|p1a: Sinistcha
|-damage|p1a: Sinistcha|12/100
|-unboost|p1a: Sinistcha|spa|1
|
|upkeep
|turn|8
|
|t:|1784322769
|move|p2b: Grimmsnarl|Light Screen|p2b: Grimmsnarl
|-sidestart|p2: skclkfckc|move: Light Screen
|move|p1a: Sinistcha|Matcha Gotcha|p2b: Grimmsnarl|[spread] p2a,p2b
|-resisted|p2a: Aggron|1
|-damage|p2a: Aggron|3/100
|-heal|p1a: Sinistcha|14/100|[from] drain|[of] p2a: Aggron
|-damage|p2b: Grimmsnarl|20/100y
|-heal|p1a: Sinistcha|19/100|[from] drain|[of] p2b: Grimmsnarl
|move|p2a: Aggron|Heavy Slam|p1a: Sinistcha
|-damage|p1a: Sinistcha|0 fnt
|faint|p1a: Sinistcha
|
|win|skclkfckc
