|j|☆Backwards_Aerial
|j|☆GabeLev
|html|Backwards_AerialGabeLev    
|uhtml|bestof|Game 1 of a best-of-3
|t:|1783641469
|gametype|doubles
|player|p1|Backwards_Aerial|palmer|
|player|p2|GabeLev|1|
|gen|9
|tier|[Gen 9 Champions] VGC 2026 Reg M-B (Bo3)
|rule|Species Clause: Limit one of each Pokémon
|rule|Item Clause: Limit 1 of each item
|clearpoke
|poke|p1|Swampert, L50, F|
|poke|p1|Noivern, L50, F|
|poke|p1|Scrafty, L50, M|
|poke|p1|Politoed, L50, F|
|poke|p1|Hydreigon, L50, F|
|poke|p1|Sceptile, L50, F|
|poke|p2|Hippowdon, L50, F|
|poke|p2|Excadrill, L50, F, shiny|
|poke|p2|Sinistcha-Masterpiece, L50, shiny|
|poke|p2|Scovillain, L50, F, shiny|
|poke|p2|Slowbro-Galar, L50, M, shiny|
|poke|p2|Kommo-o, L50, M, shiny|
|teampreview|4
|showteam|p1|Swampert||Swampertite|Torrent|WaveCrash,Earthquake,FlipTurn,Protect|Adamant||F|||50|]Noivern||LifeOrb|Telepathy|Hurricane,Tailwind,DracoMeteor,Protect|Modest||F|||50|]Scrafty||SitrusBerry|Intimidate|FakeOut,KnockOff,CloseCombat,Protect|Impish||M|||50|]Politoed||RindoBerry|Drizzle|WeatherBall,RainDance,Encore,Protect|Calm||F|||50|]Hydreigon||ChoiceScarf|Levitate|DarkPulse,DracoMeteor,Surf,Protect|Modest||F|||50|]Sceptile||Sceptilite|Overgrow|GrassKnot,DragonPulse,EarthPower,Protect|Modest||F|||50|
|showteam|p2|Hippowdon||PasshoBerry|SandStream|HighHorsepower,Protect,RockSlide,Yawn|Impish||F|||50|]Excadrill||LifeOrb|SandRush|Earthquake,IronHead,HighHorsepower,Protect|Adamant||F|||50|]Sinistcha-Masterpiece||SitrusBerry|Hospitality|MatchaGotcha,LifeDew,RagePowder,ShadowBall|Modest|||||50|]Scovillain||Scovillainite|Moody|EnergyBall,Overheat,RagePowder,Protect|Modest||F|||50|]Slowbro-Galar||QuickClaw|QuickDraw|ShellSideArm,Psychic,IceBeam,Protect|Quiet||M|||50|]Kommo-o||DragonFang|Overcoat|ClangorousSoul,ClangingScales,AuraSphere,Sandstorm|Modest||M|||50|
|
|t:|1783641559
|teamsize|p1|4
|teamsize|p2|4
|start
|switch|p1a: echo gecho|Noivern, L50, F|100/100
|switch|p1b: mahoraga|Hydreigon, L50, F|100/100
|switch|p2a: Jesus Himself|Hippowdon, L50, F|100/100
|switch|p2b: P Diddy|Excadrill, L50, F, shiny|100/100
|-weather|Sandstorm|[from] ability: Sand Stream|[of] p2a: Jesus Himself
|turn|1
|
|t:|1783641584
|move|p1a: echo gecho|Protect|p1a: echo gecho
|-singleturn|p1a: echo gecho|Protect
|move|p2b: P Diddy|Iron Head|p1a: echo gecho
|-activate|p1a: echo gecho|move: Protect
|move|p1b: mahoraga|Surf|p2a: Jesus Himself|[spread] p2a,p2b
|-activate|p1a: echo gecho|move: Protect
|-supereffective|p2a: Jesus Himself|1
|-enditem|p2a: Jesus Himself|Passho Berry|[eat]
|-enditem|p2a: Jesus Himself|Passho Berry|[weaken]
|-supereffective|p2b: P Diddy|1
|-damage|p2a: Jesus Himself|73/100
|-damage|p2b: P Diddy|34/100
|move|p2a: Jesus Himself|Rock Slide|p1b: mahoraga|[spread] p1b
|-activate|p1a: echo gecho|move: Protect
|-damage|p1b: mahoraga|86/100
|
|-weather|Sandstorm|[upkeep]
|-damage|p1b: mahoraga|80/100|[from] Sandstorm
|-damage|p1a: echo gecho|94/100|[from] Sandstorm
|upkeep
|turn|2
|
|t:|1783641636
|move|p2b: P Diddy|Iron Head|p1a: echo gecho
|-damage|p1a: echo gecho|18/100
|-damage|p2b: P Diddy|24/100|[from] item: Life Orb
|move|p1b: mahoraga|Surf|p2b: P Diddy|[spread] p2a,p2b
|-activate|p1a: echo gecho|ability: Telepathy
|-supereffective|p2a: Jesus Himself|1
|-supereffective|p2b: P Diddy|1
|-damage|p2a: Jesus Himself|20/100r
|-damage|p2b: P Diddy|0 fnt
|faint|p2b: P Diddy
|move|p1a: echo gecho|Tailwind|p1a: echo gecho
|-sidestart|p1: Backwards_Aerial|move: Tailwind
|move|p2a: Jesus Himself|Rock Slide|p1a: echo gecho|[spread] p1b
|-miss|p2a: Jesus Himself|p1a: echo gecho
|-damage|p1b: mahoraga|66/100
|
|-weather|Sandstorm|[upkeep]
|-damage|p1b: mahoraga|59/100|[from] Sandstorm
|-damage|p1a: echo gecho|12/100|[from] Sandstorm
|upkeep
|
|t:|1783641665
|switch|p2b: Spiseeeaayyy|Scovillain, L50, F, shiny|100/100
|turn|3
|
|t:|1783641673
|move|p2b: Spiseeeaayyy|Protect|p2b: Spiseeeaayyy
|-singleturn|p2b: Spiseeeaayyy|Protect
|move|p2a: Jesus Himself|Protect|p2a: Jesus Himself
|-singleturn|p2a: Jesus Himself|Protect
|move|p1b: mahoraga|Surf|p2a: Jesus Himself|[spread] 
|-activate|p2a: Jesus Himself|move: Protect
|-activate|p2b: Spiseeeaayyy|move: Protect
|-activate|p1a: echo gecho|ability: Telepathy
|move|p1a: echo gecho|Hurricane|p2b: Spiseeeaayyy
|-activate|p2b: Spiseeeaayyy|move: Protect
|
|-weather|Sandstorm|[upkeep]
|-damage|p1b: mahoraga|53/100|[from] Sandstorm
|-damage|p1a: echo gecho|6/100|[from] Sandstorm
|-damage|p2b: Spiseeeaayyy|94/100|[from] Sandstorm
|-ability|p2b: Spiseeeaayyy|Moody|boost
|-boost|p2b: Spiseeeaayyy|spa|2
|-unboost|p2b: Spiseeeaayyy|spd|1
|upkeep
|turn|4
|
|t:|1783641723
|switch|p2a: Big Billy|Kommo-o, L50, M, shiny|100/100
|detailschange|p2b: Spiseeeaayyy|Scovillain-Mega, L50, F, shiny
|-mega|p2b: Spiseeeaayyy|Scovillain|Scovillainite
|move|p1b: mahoraga|Surf|p2b: Spiseeeaayyy|[spread] p2a,p2b
|-activate|p1a: echo gecho|ability: Telepathy
|-resisted|p2a: Big Billy|1
|-damage|p2a: Big Billy|84/100
|-damage|p2b: Spiseeeaayyy|55/100
|-status|p1b: mahoraga|brn|[from] ability: Spicy Spray|[of] p2b: Spiseeeaayyy
|move|p1a: echo gecho|Hurricane|p2b: Spiseeeaayyy
|-supereffective|p2b: Spiseeeaayyy|1
|-damage|p2b: Spiseeeaayyy|0 fnt
|-status|p1a: echo gecho|brn|[from] ability: Spicy Spray|[of] p2b: Spiseeeaayyy
|faint|p2b: Spiseeeaayyy
|-damage|p1a: echo gecho|0 fnt|[from] item: Life Orb
|faint|p1a: echo gecho
|
|-weather|Sandstorm|[upkeep]
|-damage|p1b: mahoraga|47/100 brn|[from] Sandstorm
|-damage|p1b: mahoraga|41/100 brn|[from] brn
|upkeep
|
|t:|1783641742
|switch|p1a: gecko ecko|Sceptile, L50, F|100/100
|switch|p2b: Jesus Himself|Hippowdon, L50, F|20/100r
|turn|5
|
|t:|1783641762
|switch|p1b: WolfeyVGCfromTemu|Scrafty, L50, M|100/100
|-ability|p1b: WolfeyVGCfromTemu|Intimidate|boost
|-unboost|p2a: Big Billy|atk|1
|-unboost|p2b: Jesus Himself|atk|1
|detailschange|p1a: gecko ecko|Sceptile-Mega, L50, F
|-mega|p1a: gecko ecko|Sceptile|Sceptilite
|move|p1a: gecko ecko|Dragon Pulse|p2a: Big Billy
|-supereffective|p2a: Big Billy|1
|-damage|p2a: Big Billy|0 fnt
|faint|p2a: Big Billy
|move|p2b: Jesus Himself|Yawn|p1a: gecko ecko
|-start|p1a: gecko ecko|move: Yawn|[of] p2b: Jesus Himself
|
|-weather|none
|-sideend|p1: Backwards_Aerial|move: Tailwind
|upkeep
|turn|6
|
|t:|1783641776
|move|p2b: Jesus Himself|Protect|p2b: Jesus Himself
|-singleturn|p2b: Jesus Himself|Protect
|move|p1b: WolfeyVGCfromTemu|Fake Out|p2b: Jesus Himself
|-activate|p2b: Jesus Himself|move: Protect
|move|p1a: gecko ecko|Grass Knot|p2b: Jesus Himself
|-activate|p2b: Jesus Himself|move: Protect
|
|-end|p1a: gecko ecko|move: Yawn|[silent]
|-status|p1a: gecko ecko|slp
|upkeep
|turn|7
|
|t:|1783641790
|move|p2b: Jesus Himself|Protect||[still]
|-fail|p2b: Jesus Himself
|cant|p1a: gecko ecko|slp
|move|p1b: WolfeyVGCfromTemu|Close Combat|p2b: Jesus Himself
|-damage|p2b: Jesus Himself|0 fnt
|-unboost|p1b: WolfeyVGCfromTemu|def|1
|-unboost|p1b: WolfeyVGCfromTemu|spd|1
|faint|p2b: Jesus Himself
|
|win|Backwards_Aerial
|inactive|Backwards_Aerial has 30 seconds to confirm battle start!
|inactive|GabeLev has 30 seconds to confirm battle start!
