|j|☆eternatusgaming
|j|☆tryson69
|html|eternatusgamingtryson69    
|uhtml|bestof|Game 2 of a best-of-3
|t:|1783003307
|gametype|doubles
|player|p1|eternatusgaming|iono|1311
|player|p2|tryson69|crasherwake|1258
|gen|9
|tier|[Gen 9 Champions] VGC 2026 Reg M-B (Bo3)
|rated|
|rule|Species Clause: Limit one of each Pokémon
|rule|Item Clause: Limit 1 of each item
|clearpoke
|poke|p1|Pyroar, L50, M|
|poke|p1|Mamoswine, L50, M|
|poke|p1|Whimsicott, L50, M|
|poke|p1|Torkoal, L50, M, shiny|
|poke|p1|Floette-Eternal, L50, F|
|poke|p1|Basculegion, L50, M|
|poke|p2|Tyranitar, L50, F|
|poke|p2|Sinistcha, L50|
|poke|p2|Sneasler, L50, M|
|poke|p2|Garchomp, L50, M|
|poke|p2|Corviknight, L50, F|
|poke|p2|Gholdengo, L50|
|teampreview|4
|showteam|p1|Pyroar||Pyroarite|Unnerve|HeatWave,Overheat,WillOWisp,Protect|Modest||M|||50|]Mamoswine||FocusSash|Oblivious|IcicleCrash,IceShard,HighHorsepower,Protect|Adamant||M|||50|]Whimsicott||FairyFeather|Prankster|Moonblast,SunnyDay,Tailwind,Protect|Timid||M|||50|]Torkoal||SitrusBerry|Drought|Overheat,Yawn,HelpingHand,Protect|Serious||M|||50|]Floette-Eternal||Floettite|FlowerVeil|Moonblast,DazzlingGleam,LightofRuin,Protect|Modest||F|||50|]Basculegion||LifeOrb|Adaptability|WaveCrash,AquaJet,LastRespects,Protect|Jolly||M|||50|
|showteam|p2|Tyranitar||Tyranitarite|SandStream|KnockOff,RockSlide,Protect,DragonDance|Adamant||F|||50|]Sinistcha||SitrusBerry|Hospitality|TrickRoom,MatchaGotcha,RagePowder,Protect|Bold|||||50|]Sneasler||WhiteHerb|Unburden|CloseCombat,DireClaw,FakeOut,Protect|Jolly||M|||50|]Garchomp||LifeOrb|RoughSkin|Earthquake,RockSlide,Protect,DragonClaw|Adamant||M|||50|]Corviknight||Leftovers|MirrorArmor|Tailwind,BulkUp,Protect,BraveBird|Careful||F|||50|]Gholdengo||SpellTag|GoodasGold|MakeItRain,NastyPlot,ShadowBall,Protect|Modest|||||50|
|
|t:|1783003333
|teamsize|p1|4
|teamsize|p2|4
|start
|switch|p1a: Mamoswine|Mamoswine, L50, M|100/100
|switch|p1b: Whimsicott|Whimsicott, L50, M|100/100
|switch|p2a: Sneasler|Sneasler, L50, M|100/100
|switch|p2b: Sinistcha|Sinistcha, L50|100/100
|turn|1
|
|t:|1783003346
|move|p1a: Mamoswine|Protect|p1a: Mamoswine
|-singleturn|p1a: Mamoswine|Protect
|move|p1b: Whimsicott|Tailwind|p1b: Whimsicott
|-sidestart|p1: eternatusgaming|move: Tailwind
|move|p2a: Sneasler|Close Combat|p1a: Mamoswine
|-activate|p1a: Mamoswine|move: Protect
|move|p2b: Sinistcha|Matcha Gotcha|p1a: Mamoswine|[spread] p1b
|-activate|p1a: Mamoswine|move: Protect
|-resisted|p1b: Whimsicott|1
|-damage|p1b: Whimsicott|81/100
|-status|p1b: Whimsicott|brn
|
|-damage|p1b: Whimsicott|75/100 brn|[from] brn
|upkeep
|turn|2
|
|t:|1783003362
|move|p2b: Sinistcha|Rage Powder|p2b: Sinistcha
|-singleturn|p2b: Sinistcha|move: Rage Powder
|move|p1b: Whimsicott|Moonblast|p2a: Sneasler
|-damage|p2a: Sneasler|46/100
|move|p1a: Mamoswine|Icicle Crash|p2b: Sinistcha
|-supereffective|p2b: Sinistcha|1
|-crit|p2b: Sinistcha
|-damage|p2b: Sinistcha|0 fnt
|faint|p2b: Sinistcha
|move|p2a: Sneasler|Close Combat|p1a: Mamoswine
|-supereffective|p1a: Mamoswine|1
|-enditem|p1a: Mamoswine|Focus Sash
|-damage|p1a: Mamoswine|1/100
|-unboost|p2a: Sneasler|def|1
|-unboost|p2a: Sneasler|spd|1
|-enditem|p2a: Sneasler|White Herb
|-clearnegativeboost|p2a: Sneasler|[silent]
|
|-damage|p1b: Whimsicott|69/100 brn|[from] brn
|upkeep
|
|t:|1783003374
|switch|p2b: Tyranitar|Tyranitar, L50, F|100/100
|-weather|Sandstorm|[from] ability: Sand Stream|[of] p2b: Tyranitar
|turn|3
|
|t:|1783003398
|detailschange|p2b: Tyranitar|Tyranitar-Mega, L50, F
|-mega|p2b: Tyranitar|Tyranitar|Tyranitarite
|move|p2a: Sneasler|Protect|p2a: Sneasler
|-singleturn|p2a: Sneasler|Protect
|move|p1b: Whimsicott|Moonblast|p2a: Sneasler
|-activate|p2a: Sneasler|move: Protect
|move|p1a: Mamoswine|High Horsepower|p2a: Sneasler
|-activate|p2a: Sneasler|move: Protect
|move|p2b: Tyranitar|Rock Slide|p1a: Mamoswine|[spread] p1a,p1b
|-crit|p1a: Mamoswine
|-damage|p1a: Mamoswine|0 fnt
|-damage|p1b: Whimsicott|21/100 brn
|faint|p1a: Mamoswine
|
|-weather|Sandstorm|[upkeep]
|-damage|p2a: Sneasler|40/100|[from] Sandstorm
|-damage|p1b: Whimsicott|15/100 brn|[from] Sandstorm
|-damage|p1b: Whimsicott|9/100 brn|[from] brn
|upkeep
|
|t:|1783003403
|switch|p1a: Basculegion|Basculegion, L50, M|100/100
|turn|4
|
|t:|1783003424
|switch|p2a: Garchomp|Garchomp, L50, M|100/100
|switch|p1b: Floette|Floette-Eternal, L50, F|100/100
|move|p1a: Basculegion|Wave Crash|p2b: Tyranitar
|-supereffective|p2b: Tyranitar|1
|-damage|p2b: Tyranitar|0 fnt
|faint|p2b: Tyranitar
|-damage|p1a: Basculegion|65/100|[from] Recoil
|-damage|p1a: Basculegion|55/100|[from] item: Life Orb
|
|-weather|Sandstorm|[upkeep]
|-damage|p1b: Floette|94/100|[from] Sandstorm
|-damage|p1a: Basculegion|49/100|[from] Sandstorm
|-sideend|p1: eternatusgaming|move: Tailwind
|upkeep
|
|t:|1783003430
|switch|p2b: Sneasler|Sneasler, L50, M|40/100
|turn|5
|
|t:|1783003440
|move|p2b: Sneasler|Protect|p2b: Sneasler
|-singleturn|p2b: Sneasler|Protect
|move|p1b: Floette|Protect|p1b: Floette
|-singleturn|p1b: Floette|Protect
|move|p1a: Basculegion|Aqua Jet|p2b: Sneasler
|-activate|p2b: Sneasler|move: Protect
|move|p2a: Garchomp|Earthquake|p1a: Basculegion|[spread] p1a
|-activate|p2b: Sneasler|move: Protect
|-activate|p1b: Floette|move: Protect
|-damage|p1a: Basculegion|0 fnt
|faint|p1a: Basculegion
|-damage|p2a: Garchomp|90/100|[from] item: Life Orb
|
|-weather|Sandstorm|[upkeep]
|-damage|p2b: Sneasler|35/100|[from] Sandstorm
|-damage|p1b: Floette|88/100|[from] Sandstorm
|upkeep
|
|t:|1783003443
|switch|p1a: Whimsicott|Whimsicott, L50, M|9/100 brn
|turn|6
|-message|tryson69 forfeited.
|
|win|eternatusgaming
|raw|eternatusgaming's rating: 1311 → 1328(+17 for winning)
|raw|tryson69's rating: 1258 → 1237(-21 for losing)
|l|☆eternatusgaming
|player|p1|
