|j|☆Catzuki
|j|☆wariounishere
|html|Catzukiwariounishere    
|uhtml|bestof|Game 2 of a best-of-3
|t:|1785865061
|gametype|doubles
|player|p1|Catzuki|169|1000
|player|p2|wariounishere|hoopster|1045
|gen|9
|tier|[Gen 9 Champions] VGC 2026 Reg M-B (Bo3)
|rated|
|rule|Species Clause: Limit one of each Pokémon
|rule|Item Clause: Limit 1 of each item
|clearpoke
|poke|p1|Gengar, L50, M|
|poke|p1|Grimmsnarl, L50, M|
|poke|p1|Pelipper, L50, M|
|poke|p1|Sinistcha, L50|
|poke|p1|Archaludon, L50, M|
|poke|p1|Basculegion, L50, M|
|poke|p2|Venusaur, L50, M|
|poke|p2|Whimsicott, L50, F|
|poke|p2|Annihilape, L50, F|
|poke|p2|Kingambit, L50, M, shiny|
|poke|p2|Basculegion, L50, M|
|poke|p2|Charizard, L50, M|
|teampreview|4
|showteam|p1|Gengar||Gengarite|CursedBody|Protect,ReflectType,DarkPulse,DazzlingGleam|Modest||M|||50|]Grimmsnarl||LightClay|Prankster|FakeOut,PartingShot,LightScreen,FakeTears|Calm||M|||50|]Pelipper||SitrusBerry|Drizzle|Hurricane,WeatherBall,Tailwind,WideGuard|Modest||M|||50|]Sinistcha||CobaBerry|Hospitality|MatchaGotcha,RagePowder,TrickRoom,Protect|Relaxed|||||50|]Archaludon||Leftovers|Stamina|ElectroShot,DragonPulse,FlashCannon,Protect|Modest||M|||50|]Basculegion||ChoiceScarf|Adaptability|LastRespects,FlipTurn,AquaJet,WaveCrash|Jolly||M|||50|
|showteam|p2|Venusaur||Leftovers|Chlorophyll|SleepPowder,GigaDrain,Synthesis,Earthquake|Hasty||M|||50|]Whimsicott||MentalHerb|Prankster|Tailwind,BeatUp,Taunt,Moonblast|Relaxed||F|||50|]Annihilape||LifeOrb|Defiant|CloseCombat,Uturn,RageFist,Protect|Jolly||F|||50|]Kingambit||ExpertBelt|Defiant|KowtowCleave,SuckerPunch,IronHead,BrickBreak|Adamant||M|||50|]Basculegion||ChoiceScarf|Adaptability|AquaJet,LastRespects,Crunch,FlipTurn|Jolly||M|||50|]Charizard||CharizarditeY|SolarPower|RockSlide,HeatWave,AirSlash,Protect|Hasty||M|||50|
|inactive|Battle timer is ON: inactive players will automatically lose when time's up. (requested by wariounishere)
|
|t:|1785865076
|teamsize|p1|4
|teamsize|p2|4
|start
|switch|p1a: Pelipper|Pelipper, L50, M|100/100
|switch|p1b: Archaludon|Archaludon, L50, M|100/100
|switch|p2a: Embodic|Charizard, L50, M|100/100
|switch|p2b: Whimsy|Whimsicott, L50, F|100/100
|-weather|RainDance|[from] ability: Drizzle|[of] p1a: Pelipper
|turn|1
|inactive|Catzuki has 30 seconds left.
|inactive|Catzuki has 20 seconds left.
|inactive|Catzuki has 15 seconds left.
|inactive|Catzuki has 10 seconds left.
|
|t:|1785865124
|move|p2a: Embodic|Protect|p2a: Embodic
|-singleturn|p2a: Embodic|Protect
|move|p1b: Archaludon|Protect|p1b: Archaludon
|-singleturn|p1b: Archaludon|Protect
|move|p2b: Whimsy|Tailwind|p2b: Whimsy
|-sidestart|p2: wariounishere|move: Tailwind
|move|p1a: Pelipper|Tailwind|p1a: Pelipper
|-sidestart|p1: Catzuki|move: Tailwind
|
|-weather|RainDance|[upkeep]
|upkeep
|turn|2
|inactive|Catzuki has 30 seconds left.
|inactive|wariounishere has 30 seconds left.
|
|t:|1785865151
|switch|p1b: Gengar|Gengar, L50, M|100/100
|detailschange|p2a: Embodic|Charizard-Mega-Y, L50, M
|-mega|p2a: Embodic|Charizard|Charizardite Y
|-weather|SunnyDay|[from] ability: Drought|[of] p2a: Embodic
|move|p1a: Pelipper|Wide Guard|p1a: Pelipper
|-singleturn|p1a: Pelipper|Wide Guard
|move|p2a: Embodic|Heat Wave|p1a: Pelipper|[spread] 
|-activate|p1a: Pelipper|move: Wide Guard
|-activate|p1b: Gengar|move: Wide Guard
|move|p2b: Whimsy|Moonblast|p1b: Gengar
|-resisted|p1b: Gengar|1
|-damage|p1b: Gengar|85/100
|
|-weather|SunnyDay|[upkeep]
|upkeep
|turn|3
|
|t:|1785865175
|switch|p1a: Grimmsnarl|Grimmsnarl, L50, M|100/100
|move|p2a: Embodic|Rock Slide|p1b: Gengar|[spread] p1b
|-miss|p2a: Embodic|p1a: Grimmsnarl
|-damage|p1b: Gengar|67/100
|-start|p2a: Embodic|Disable|Rock Slide|[from] ability: Cursed Body|[of] p1b: Gengar
|move|p1b: Gengar|Reflect Type|p1a: Grimmsnarl
|-start|p1b: Gengar|typechange|[from] move: Reflect Type|[of] p1a: Grimmsnarl
|move|p2b: Whimsy|Beat Up|p1b: Gengar
|-resisted|p1b: Gengar|2
|-damage|p1b: Gengar|67/100
|-resisted|p1b: Gengar|2
|-damage|p1b: Gengar|66/100
|-start|p2b: Whimsy|Disable|Beat Up|[from] ability: Cursed Body|[of] p1b: Gengar
|-enditem|p2b: Whimsy|Mental Herb
|-end|p2b: Whimsy|Disable
|-resisted|p1b: Gengar|2
|-damage|p1b: Gengar|65/100
|-start|p2b: Whimsy|Disable|Beat Up|[from] ability: Cursed Body|[of] p1b: Gengar
|-resisted|p1b: Gengar|2
|-damage|p1b: Gengar|64/100
|-hitcount|p1b: Gengar|4
|
|-weather|SunnyDay|[upkeep]
|upkeep
|turn|4
|inactive|Catzuki has 30 seconds left.
|inactive|Catzuki has 20 seconds left.
|
|t:|1785865215
|detailschange|p1b: Gengar|Gengar-Mega, L50, M
|-mega|p1b: Gengar|Gengar|Gengarite
|move|p1a: Grimmsnarl|Fake Out|p2a: Embodic
|-damage|p2a: Embodic|83/100
|cant|p2a: Embodic|flinch
|move|p1b: Gengar|Dazzling Gleam|p2b: Whimsy|[spread] p2a,p2b
|-resisted|p2a: Embodic|1
|-damage|p2a: Embodic|70/100
|-damage|p2b: Whimsy|68/100
|move|p2b: Whimsy|Moonblast|p1b: Gengar
|-resisted|p1b: Gengar|1
|-damage|p1b: Gengar|52/100
|
|-weather|SunnyDay|[upkeep]
|-sideend|p1: Catzuki|move: Tailwind
|-sideend|p2: wariounishere|move: Tailwind
|upkeep
|turn|5
|inactive|Catzuki has 30 seconds left.
|
|t:|1785865241
|move|p2a: Embodic|Protect|p2a: Embodic
|-singleturn|p2a: Embodic|Protect
|move|p1a: Grimmsnarl|Light Screen|p1a: Grimmsnarl
|-sidestart|p1: Catzuki|move: Light Screen
|move|p1b: Gengar|Dark Pulse|p2a: Embodic
|-activate|p2a: Embodic|move: Protect
|move|p2b: Whimsy|Moonblast|p1a: Grimmsnarl
|-supereffective|p1a: Grimmsnarl|1
|-damage|p1a: Grimmsnarl|65/100
|
|-weather|SunnyDay|[upkeep]
|upkeep
|turn|6
|
|t:|1785865258
|move|p1a: Grimmsnarl|Fake Tears|p2a: Embodic
|-unboost|p2a: Embodic|spd|2
|move|p2a: Embodic|Heat Wave|p1a: Grimmsnarl|[spread] p1a,p1b
|-damage|p1a: Grimmsnarl|28/100
|-damage|p1b: Gengar|12/100
|move|p1b: Gengar|Dazzling Gleam|p2a: Embodic|[spread] p2a,p2b
|-resisted|p2a: Embodic|1
|-damage|p2a: Embodic|45/100
|-damage|p2b: Whimsy|35/100
|move|p2b: Whimsy|Moonblast|p1a: Grimmsnarl
|-supereffective|p1a: Grimmsnarl|1
|-damage|p1a: Grimmsnarl|0 fnt
|faint|p1a: Grimmsnarl
|
|-weather|none
|-end|p2a: Embodic|Disable
|-end|p2b: Whimsy|Disable
|upkeep
|
|t:|1785865280
|switch|p1a: Pelipper|Pelipper, L50, M|100/100
|-weather|RainDance|[from] ability: Drizzle|[of] p1a: Pelipper
|turn|7
|
|t:|1785865298
|move|p2b: Whimsy|Tailwind|p2b: Whimsy
|-sidestart|p2: wariounishere|move: Tailwind
|move|p2a: Embodic|Heat Wave|p1b: Gengar|[spread] p1a,p1b
|-resisted|p1a: Pelipper|1
|-damage|p1a: Pelipper|91/100
|-damage|p1b: Gengar|0 fnt
|faint|p1b: Gengar
|move|p1a: Pelipper|Weather Ball|p2a: Embodic
|-supereffective|p2a: Embodic|1
|-damage|p2a: Embodic|0 fnt
|faint|p2a: Embodic
|
|-weather|RainDance|[upkeep]
|upkeep
|
|t:|1785865309
|switch|p2a: Knight|Basculegion, L50, M|100/100
|switch|p1b: Archaludon|Archaludon, L50, M|100/100
|turn|8
|
|t:|1785865322
|move|p2a: Knight|Last Respects|p1b: Archaludon
|-damage|p1b: Archaludon|62/100
|-ability|p1b: Archaludon|Stamina|boost
|-boost|p1b: Archaludon|def|1
|move|p2b: Whimsy|Moonblast|p1a: Pelipper
|-damage|p1a: Pelipper|68/100
|move|p1b: Archaludon|Electro Shot||[still]
|-prepare|p1b: Archaludon|Electro Shot
|-boost|p1b: Archaludon|spa|1
|-anim|p1b: Archaludon|Electro Shot|p2a: Knight
|-supereffective|p2a: Knight|1
|-damage|p2a: Knight|0 fnt
|faint|p2a: Knight
|move|p1a: Pelipper|Tailwind|p1a: Pelipper
|-sidestart|p1: Catzuki|move: Tailwind
|
|-weather|RainDance|[upkeep]
|-heal|p1b: Archaludon|68/100|[from] item: Leftovers
|upkeep
|
|t:|1785865333
|switch|p2a: KING|Kingambit, L50, M, shiny|100/100
|turn|9
|inactive|Catzuki has 30 seconds left.
|
|t:|1785865361
|move|p2b: Whimsy|Taunt|p1a: Pelipper
|-start|p1a: Pelipper|move: Taunt
|move|p1b: Archaludon|Electro Shot||[still]
|-prepare|p1b: Archaludon|Electro Shot
|-boost|p1b: Archaludon|spa|1
|-anim|p1b: Archaludon|Electro Shot|p2a: KING
|-damage|p2a: KING|22/100
|move|p1a: Pelipper|Weather Ball|p2a: KING
|-damage|p2a: KING|0 fnt
|faint|p2a: KING
|
|-weather|RainDance|[upkeep]
|-heal|p1b: Archaludon|74/100|[from] item: Leftovers
|upkeep
|turn|10
|-message|wariounishere forfeited.
|
|win|Catzuki
