|j|☆HunterOnShowdown
|j|☆musicismypassion
|html|HunterOnShowdownmusicismypassion    
|uhtml|bestof|Game 2 of a best-of-3
|t:|1756658258
|gametype|doubles
|player|p1|HunterOnShowdown|hilbert-masters2|1162
|player|p2|musicismypassion|miku-fairy|1087
|gen|9
|tier|[Gen 9] VGC 2025 Reg H (Bo3)
|rated|
|rule|Species Clause: Limit one of each Pokémon
|rule|Item Clause: Limit 1 of each item
|clearpoke
|poke|p1|Volcarona, L50, F|
|poke|p1|Dragonite, L50, F|
|poke|p1|Sneasler, L50, F|
|poke|p1|Meowscarada, L50, M|
|poke|p1|Kingambit, L50, M|
|poke|p1|Electabuzz, L50, M|
|poke|p2|Annihilape, L50, M|
|poke|p2|Sinistcha, L50|
|poke|p2|Ursaluna-Bloodmoon, L50, M|
|poke|p2|Grimmsnarl, L50, M|
|poke|p2|Dragonite, L50, F|
|poke|p2|Maushold-Four, L50|
|teampreview|4
|showteam|p1|Volcarona||Leftovers|FlameBody|FieryDance,QuiverDance,TeraBlast,Protect|||F|||50|,,,,,Dragon]Dragonite||LoadedDice|Multiscale|Haze,ScaleShot,StompingTantrum,Protect|||F|||50|,,,,,Fairy]Sneasler||WhiteHerb|Unburden|Coaching,CloseCombat,DireClaw,FakeOut|||F|||50|,,,,,Ghost]Meowscarada||FocusSash|Overgrow|KnockOff,FlowerTrick,TripleAxel,Protect|||M|||50|,,,,,Ghost]Kingambit||BlackGlasses|Defiant|SuckerPunch,KowtowCleave,SwordsDance,Protect|||M|||50|,,,,,Dark]Electabuzz||Eviolite|VitalSpirit|Taunt,Electroweb,FollowMe,Protect|||M|||50|,,,,,Ghost
|showteam|p2|Annihilape||LumBerry|Defiant|RageFist,DrainPunch,BulkUp,Protect|||M|||50|,,,,,Fire]Sinistcha||SitrusBerry|Hospitality|MatchaGotcha,RagePowder,TrickRoom,LifeDew||||||50|,,,,,Dark]Ursaluna-Bloodmoon||LifeOrb|MindsEye|BloodMoon,HyperVoice,EarthPower,Protect|||M|||50|,,,,,Normal]Grimmsnarl||CovertCloak|Prankster|LightScreen,Reflect,PartingShot,SpiritBreak|||M|||50|,,,,,Poison]Dragonite||LoadedDice|Multiscale|ScaleShot,Protect,Haze,Tailwind|||F|||50|,,,,,Fairy]Maushold-Four||SafetyGoggles|FriendGuard|FollowMe,BeatUp,Taunt,HelpingHand||||||50|,,,,,Ghost
|inactive|Battle timer is ON: inactive players will automatically lose when time's up. (requested by HunterOnShowdown)
|
|t:|1756658288
|teamsize|p1|4
|teamsize|p2|4
|start
|switch|p1a: Sneasler|Sneasler, L50, F|100/100
|switch|p1b: Meowscarada|Meowscarada, L50, M|100/100
|switch|p2a: Midwest Emo|Ursaluna-Bloodmoon, L50, M|100/100
|switch|p2b: Metalcore|Grimmsnarl, L50, M|100/100
|turn|1
|
|t:|1756658305
|move|p2a: Midwest Emo|Protect|p2a: Midwest Emo
|-singleturn|p2a: Midwest Emo|Protect
|move|p2b: Metalcore|Reflect|p2b: Metalcore
|-sidestart|p2: musicismypassion|Reflect
|move|p1b: Meowscarada|Flower Trick|p2a: Midwest Emo
|-activate|p2a: Midwest Emo|move: Protect
|move|p1a: Sneasler|Dire Claw|p2b: Metalcore
|-supereffective|p2b: Metalcore
|-damage|p2b: Metalcore|43/100
|
|upkeep
|turn|2
|
|t:|1756658326
|-terastallize|p2a: Midwest Emo|Normal
|move|p2b: Metalcore|Parting Shot|p1a: Sneasler
|-unboost|p1a: Sneasler|atk|1
|-unboost|p1a: Sneasler|spa|1
|-enditem|p1a: Sneasler|White Herb
|-clearnegativeboost|p1a: Sneasler|[silent]
|
|t:|1756658332
|switch|p2b: Shoegaze|Annihilape, L50, M|100/100|[from] Parting Shot
|move|p1a: Sneasler|Close Combat|p2a: Midwest Emo
|-supereffective|p2a: Midwest Emo
|-damage|p2a: Midwest Emo|34/100
|-unboost|p1a: Sneasler|def|1
|-unboost|p1a: Sneasler|spd|1
|move|p1b: Meowscarada|Flower Trick|p2b: Shoegaze
|-crit|p2b: Shoegaze
|-damage|p2b: Shoegaze|47/100
|move|p2a: Midwest Emo|Hyper Voice|p1a: Sneasler|[spread] p1a,p1b
|-damage|p1a: Sneasler|0 fnt
|-enditem|p1b: Meowscarada|Focus Sash
|-damage|p1b: Meowscarada|1/100
|faint|p1a: Sneasler
|-damage|p2a: Midwest Emo|25/100|[from] item: Life Orb
|
|upkeep
|
|t:|1756658339
|switch|p1a: Kingambit|Kingambit, L50, M, shiny|100/100
|turn|3
|
|t:|1756658364
|move|p2b: Shoegaze|Protect|p2b: Shoegaze
|-singleturn|p2b: Shoegaze|Protect
|move|p1b: Meowscarada|Flower Trick|p2b: Shoegaze
|-activate|p2b: Shoegaze|move: Protect
|move|p2a: Midwest Emo|Hyper Voice|p1a: Kingambit|[spread] p1a,p1b
|-resisted|p1a: Kingambit
|-damage|p1a: Kingambit|66/100
|-damage|p1b: Meowscarada|0 fnt
|faint|p1b: Meowscarada
|-damage|p2a: Midwest Emo|15/100|[from] item: Life Orb
|move|p1a: Kingambit|Swords Dance|p1a: Kingambit
|-boost|p1a: Kingambit|atk|2
|
|upkeep
|
|t:|1756658367
|switch|p1b: Electabuzz|Electabuzz, L50, M|100/100
|turn|4
|inactive|HunterOnShowdown has 30 seconds left.
|
|t:|1756658398
|move|p1a: Kingambit|Sucker Punch|p2b: Shoegaze
|-damage|p2b: Shoegaze|0 fnt
|faint|p2b: Shoegaze
|move|p1b: Electabuzz|Electroweb|p2a: Midwest Emo|[miss]
|-miss|p1b: Electabuzz|p2a: Midwest Emo
|move|p2a: Midwest Emo|Earth Power|p1b: Electabuzz
|-supereffective|p1b: Electabuzz
|-damage|p1b: Electabuzz|0 fnt
|faint|p1b: Electabuzz
|-damage|p2a: Midwest Emo|6/100|[from] item: Life Orb
|
|upkeep
|
|t:|1756658413
|switch|p2b: Ska|Dragonite, L50, F|100/100
|turn|5
|
|t:|1756658427
|move|p2a: Midwest Emo|Protect|p2a: Midwest Emo
|-singleturn|p2a: Midwest Emo|Protect
|move|p1a: Kingambit|Sucker Punch||[still]
|-fail|p1a: Kingambit
|move|p2b: Ska|Haze|p2b: Ska
|-clearallboost
|
|-sideend|p2: musicismypassion|Reflect
|upkeep
|turn|6
|
|t:|1756658437
|switch|p2a: Metalcore|Grimmsnarl, L50, M|43/100
|move|p1a: Kingambit|Sucker Punch||[still]
|-fail|p1a: Kingambit
|move|p2b: Ska|Scale Shot|p1a: Kingambit
|-resisted|p1a: Kingambit
|-damage|p1a: Kingambit|60/100
|-resisted|p1a: Kingambit
|-damage|p1a: Kingambit|55/100
|-resisted|p1a: Kingambit
|-damage|p1a: Kingambit|49/100
|-resisted|p1a: Kingambit
|-damage|p1a: Kingambit|43/100
|-hitcount|p1a: Kingambit|4
|-unboost|p2b: Ska|def|1
|-boost|p2b: Ska|spe|1
|
|upkeep
|turn|7
|
|t:|1756658451
|move|p2b: Ska|Protect|p2b: Ska
|-singleturn|p2b: Ska|Protect
|move|p2a: Metalcore|Reflect|p2a: Metalcore
|-sidestart|p2: musicismypassion|Reflect
|move|p1a: Kingambit|Kowtow Cleave|p2b: Ska
|-activate|p2b: Ska|move: Protect
|
|upkeep
|turn|8
|
|t:|1756658462
|move|p2b: Ska|Scale Shot|p1a: Kingambit
|-resisted|p1a: Kingambit
|-damage|p1a: Kingambit|37/100
|-resisted|p1a: Kingambit
|-damage|p1a: Kingambit|31/100
|-resisted|p1a: Kingambit
|-damage|p1a: Kingambit|25/100
|-resisted|p1a: Kingambit
|-damage|p1a: Kingambit|19/100
|-resisted|p1a: Kingambit
|-damage|p1a: Kingambit|13/100
|-hitcount|p1a: Kingambit|5
|-unboost|p2b: Ska|def|1
|-boost|p2b: Ska|spe|1
|move|p1a: Kingambit|Kowtow Cleave|p2b: Ska
|-damage|p2b: Ska|57/100
|move|p2a: Metalcore|Spirit Break|p1a: Kingambit
|-damage|p1a: Kingambit|0 fnt
|faint|p1a: Kingambit
|
|win|musicismypassion
|raw|HunterOnShowdown's rating: 1162 → 1132(-30 for losing)
|raw|musicismypassion's rating: 1087 → 1120(+33 for winning)
|l|☆HunterOnShowdown
|player|p1|
