|j|☆imthebigfork
|j|☆Marauder1
|html|imthebigforkMarauder1    
|uhtml|bestof|Game 1 of a best-of-3
|t:|1784790540
|gametype|doubles
|player|p1|imthebigfork|clown|1154
|player|p2|Marauder1|acetrainer-gen4dp|1283
|gen|9
|tier|[Gen 9 Champions] VGC 2026 Reg M-B (Bo3)
|rated|
|rule|Species Clause: Limit one of each Pokémon
|rule|Item Clause: Limit 1 of each item
|clearpoke
|poke|p1|Swampert, L50, M|
|poke|p1|Tyranitar, L50, M|
|poke|p1|Pelipper, L50, M|
|poke|p1|Archaludon, L50, F|
|poke|p1|Kingambit, L50, F|
|poke|p1|Sinistcha, L50|
|poke|p2|Aerodactyl, L50, F|
|poke|p2|Gholdengo, L50|
|poke|p2|Lopunny, L50, M|
|poke|p2|Tsareena, L50, F|
|poke|p2|Basculegion, L50, M|
|poke|p2|Hydreigon, L50, M|
|teampreview|4
|showteam|p1|Swampert||Swampertite|Torrent|Protect,WaveCrash,Earthquake,Yawn|Adamant||M|||50|]Tyranitar||Tyranitarite|SandStream|Protect,RockSlide,KnockOff,LowKick|Adamant||M|||50|]Pelipper||FocusSash|Drizzle|WideGuard,Tailwind,WeatherBall,Hurricane|Timid||M|||50|]Archaludon||ChoiceScarf|Sturdy|AuraSphere,FlashCannon,DracoMeteor,ElectroShot|Timid||F|||50|]Kingambit||LifeOrb|Defiant|SwordsDance,SuckerPunch,KowtowCleave,Protect|Adamant||F|||50|]Sinistcha||Leftovers|Hospitality|ShadowBall,StrengthSap,MatchaGotcha,RagePowder|Bold|||||50|
|showteam|p2|Aerodactyl||FocusSash|Unnerve|RockSlide,DualWingbeat,Tailwind,Protect|Jolly||F|||50|]Gholdengo||LifeOrb|GoodasGold|MakeItRain,ShadowBall,PowerGem,Protect|Modest|||||50|]Lopunny||Lopunnite|CuteCharm|FakeOut,CloseCombat,TripleAxel,Protect|Jolly||M|||50|]Tsareena||CobaBerry|QueenlyMajesty|TropKick,LowKick,Taunt,HelpingHand|Adamant||F|||50|]Basculegion||MysticWater|Adaptability|WaveCrash,LastRespects,AquaJet,Protect|Adamant||M|||50|]Hydreigon||ChoiceScarf|Levitate|DracoMeteor,DarkPulse,Flamethrower,EarthPower|Modest||M|||50|
|
|t:|1784790616
|teamsize|p1|4
|teamsize|p2|4
|start
|switch|p1a: Pelipper|Pelipper, L50, M|100/100
|switch|p1b: Kingambit|Kingambit, L50, F|100/100
|switch|p2a: Hydreigon|Hydreigon, L50, M|100/100
|switch|p2b: Tsareena|Tsareena, L50, F|100/100
|-weather|RainDance|[from] ability: Drizzle|[of] p1a: Pelipper
|turn|1
|
|t:|1784790657
|move|p2a: Hydreigon|Dark Pulse|p1a: Pelipper
|-damage|p1a: Pelipper|23/100
|cant|p1a: Pelipper|flinch
|move|p2b: Tsareena|Trop Kick|p1a: Pelipper
|-damage|p1a: Pelipper|0 fnt
|faint|p1a: Pelipper
|move|p1b: Kingambit|Swords Dance|p1b: Kingambit
|-boost|p1b: Kingambit|atk|2
|
|-weather|RainDance|[upkeep]
|upkeep
|
|t:|1784790673
|switch|p1a: Archaludon|Archaludon, L50, F|100/100
|turn|2
|
|t:|1784790712
|move|p1b: Kingambit|Protect|p1b: Kingambit
|-singleturn|p1b: Kingambit|Protect
|move|p1a: Archaludon|Draco Meteor|p2a: Hydreigon
|-supereffective|p2a: Hydreigon|1
|-damage|p2a: Hydreigon|0 fnt
|-unboost|p1a: Archaludon|spa|2
|faint|p2a: Hydreigon
|move|p2b: Tsareena|Low Kick|p1b: Kingambit
|-activate|p1b: Kingambit|move: Protect
|
|-weather|RainDance|[upkeep]
|upkeep
|
|t:|1784790722
|switch|p2a: Lopunny|Lopunny, L50, M|100/100
|turn|3
|
|t:|1784790744
|switch|p1b: Swampert|Swampert, L50, M|100/100
|detailschange|p2a: Lopunny|Lopunny-Mega, L50, M
|-mega|p2a: Lopunny|Lopunny|Lopunnite
|move|p1a: Archaludon|Draco Meteor|p2b: Tsareena
|-damage|p2b: Tsareena|58/100
|-unboost|p1a: Archaludon|spa|2
|move|p2a: Lopunny|Close Combat|p1a: Archaludon
|-supereffective|p1a: Archaludon|1
|-ability|p1a: Archaludon|Sturdy
|-damage|p1a: Archaludon|1/100
|-unboost|p2a: Lopunny|def|1
|-unboost|p2a: Lopunny|spd|1
|move|p2b: Tsareena|Low Kick|p1b: Swampert
|-damage|p1b: Swampert|69/100
|
|-weather|RainDance|[upkeep]
|upkeep
|turn|4
|
|t:|1784790785
|switch|p1a: Kingambit|Kingambit, L50, F|100/100
|detailschange|p1b: Swampert|Swampert-Mega, L50, M
|-mega|p1b: Swampert|Swampert|Swampertite
|move|p1b: Swampert|Wave Crash|p2a: Lopunny
|-damage|p2a: Lopunny|0 fnt
|faint|p2a: Lopunny
|-damage|p1b: Swampert|45/100|[from] Recoil
|move|p2b: Tsareena|Trop Kick|p1b: Swampert
|-supereffective|p1b: Swampert|2
|-damage|p1b: Swampert|0 fnt
|faint|p1b: Swampert
|
|-weather|RainDance|[upkeep]
|upkeep
|
|t:|1784790805
|switch|p2a: Basculegion|Basculegion, L50, M|100/100
|switch|p1b: Archaludon|Archaludon, L50, F|1/100
|turn|5
|
|t:|1784790825
|move|p2a: Basculegion|Aqua Jet|p1b: Archaludon
|-resisted|p1b: Archaludon|1
|-damage|p1b: Archaludon|0 fnt
|faint|p1b: Archaludon
|move|p2b: Tsareena|Low Kick|p1a: Kingambit
|-supereffective|p1a: Kingambit|2
|-damage|p1a: Kingambit|0 fnt
|faint|p1a: Kingambit
|
|win|Marauder1
||Marauder1 is ready for game 2.
|inactive|imthebigfork has 30 seconds to confirm battle start!
||imthebigfork is ready for game 2.
|uhtml|next|Next: Game 2 of 3
|l|☆imthebigfork
|player|p1|
