|j|☆MrParcheggio
|j|☆Akalaman
|html|MrParcheggioAkalaman    
|uhtml|bestof|Game 2 of a best-of-3
|t:|1783973445
|gametype|doubles
|player|p1|MrParcheggio|koga|1048
|player|p2|Akalaman|266|1105
|gen|9
|tier|[Gen 9 Champions] VGC 2026 Reg M-B (Bo3)
|rated|
|rule|Species Clause: Limit one of each Pokémon
|rule|Item Clause: Limit 1 of each item
|clearpoke
|poke|p1|Pelipper, L50, F|
|poke|p1|Scizor, L50, M|
|poke|p1|Archaludon, L50, M|
|poke|p1|Basculegion, L50, M|
|poke|p1|Sceptile, L50, F, shiny|
|poke|p1|Hawlucha, L50, M|
|poke|p2|Aerodactyl, L50, M|
|poke|p2|Garchomp, L50, M|
|poke|p2|Raichu, L50, F|
|poke|p2|Sinistcha, L50|
|poke|p2|Floette-Eternal, L50, F|
|poke|p2|Tsareena, L50, F|
|teampreview|4
|showteam|p1|Pelipper||FocusSash|Drizzle|Tailwind,HydroPump,Uturn,WeatherBall|Modest||F|||50|]Scizor||OccaBerry|Technician|BugBite,BulletPunch,Protect,SwordsDance|Adamant||M|||50|]Archaludon||ZoomLens|Stalwart|ElectroShot,DracoMeteor,FlashCannon,Protect|Timid||M|||50|]Basculegion||ChoiceScarf|SwiftSwim|FlipTurn,LastRespects,WaveCrash,IceFang|Adamant||M|||50|]Sceptile||Sceptilite|Unburden|EnergyBall,EarthPower,LeechSeed,Protect|Timid||F|||50|]Hawlucha||Hawluchanite|MoldBreaker|BraveBird,CloseCombat,Detect,SwordsDance|Jolly||M|||50|
|showteam|p2|Aerodactyl||FocusSash|Unnerve|RockSlide,Tailwind,DualWingbeat,Protect|Jolly||M|||50|]Garchomp||ChoiceScarf|RoughSkin|StompingTantrum,RockTomb,RockSlide,DragonClaw|Adamant||M|||50|]Raichu||RaichuniteY|LightningRod|FakeOut,ZapCannon,FocusBlast,Protect|Timid||F|||50|]Sinistcha||SitrusBerry|Hospitality|MatchaGotcha,LifeDew,Protect,RagePowder|Calm|||||50|]Floette-Eternal||Floettite|FlowerVeil|Moonblast,DazzlingGleam,Protect,CalmMind|Modest||F|||50|]Tsareena||WideLens|QueenlyMajesty|TripleAxel,PowerWhip,Protect,LowKick|Adamant||F|||50|
|
|t:|1783973483
|teamsize|p1|4
|teamsize|p2|4
|start
|switch|p1a: Pelipper|Pelipper, L50, F|100/100
|switch|p1b: Archaludon|Archaludon, L50, M|100/100
|switch|p2a: Floette|Floette-Eternal, L50, F|100/100
|switch|p2b: Sinistcha|Sinistcha, L50|100/100
|-weather|RainDance|[from] ability: Drizzle|[of] p1a: Pelipper
|turn|1
|
|t:|1783973502
|detailschange|p2a: Floette|Floette-Mega, L50, F
|-mega|p2a: Floette|Floette|Floettite
|-ability|p2a: Floette|Fairy Aura
|move|p2b: Sinistcha|Rage Powder|p2b: Sinistcha
|-singleturn|p2b: Sinistcha|move: Rage Powder
|move|p1b: Archaludon|Flash Cannon|p2a: Floette
|-supereffective|p2a: Floette|1
|-damage|p2a: Floette|43/100
|move|p2a: Floette|Calm Mind|p2a: Floette
|-boost|p2a: Floette|spa|1
|-boost|p2a: Floette|spd|1
|move|p1a: Pelipper|Tailwind|p1a: Pelipper
|-sidestart|p1: MrParcheggio|move: Tailwind
|
|-weather|RainDance|[upkeep]
|upkeep
|turn|2
|
|t:|1783973526
|switch|p2b: Garchomp|Garchomp, L50, M|100/100
|move|p2a: Floette|Protect|p2a: Floette
|-singleturn|p2a: Floette|Protect
|move|p1b: Archaludon|Draco Meteor|p2b: Garchomp
|-supereffective|p2b: Garchomp|1
|-damage|p2b: Garchomp|0 fnt
|-unboost|p1b: Archaludon|spa|2
|faint|p2b: Garchomp
|move|p1a: Pelipper|U-turn|p2a: Floette
|-activate|p2a: Floette|move: Protect
|
|-weather|RainDance|[upkeep]
|upkeep
|
|t:|1783973530
|switch|p2b: Sinistcha|Sinistcha, L50|100/100
|-heal|p2a: Floette|68/100|[from] ability: Hospitality|[of] p2b: Sinistcha
|turn|3
|l|☆MrParcheggio
|player|p1|
|inactive|Battle timer is ON: inactive players will automatically lose when time's up. (requested by Akalaman)
|j|☆MrParcheggio
|inactive|MrParcheggio reconnected and has 75 seconds left.
|player|p1|MrParcheggio|koga|
|inactive|MrParcheggio has 60 seconds left.
|
|t:|1783973611
|switch|p1b: Sceptile|Sceptile, L50, F, shiny|100/100
|move|p1a: Pelipper|Weather Ball|p2a: Floette
|-damage|p2a: Floette|34/100
|move|p2a: Floette|Moonblast|p1b: Sceptile
|-damage|p1b: Sceptile|0 fnt
|faint|p1b: Sceptile
|move|p2b: Sinistcha|Life Dew||[still]|[spread] p2a,p2b
|-heal|p2a: Floette|59/100
|-fail|p2b: Sinistcha|heal
|
|-weather|RainDance|[upkeep]
|upkeep
|
|t:|1783973627
|switch|p1b: Archaludon|Archaludon, L50, M|100/100
|turn|4
|
|t:|1783973643
|move|p2a: Floette|Protect|p2a: Floette
|-singleturn|p2a: Floette|Protect
|move|p1b: Archaludon|Draco Meteor|p2b: Sinistcha
|-damage|p2b: Sinistcha|40/100
|-unboost|p1b: Archaludon|spa|2
|-enditem|p2b: Sinistcha|Sitrus Berry|[eat]
|-heal|p2b: Sinistcha|65/100|[from] item: Sitrus Berry
|move|p1a: Pelipper|Weather Ball|p2a: Floette
|-activate|p2a: Floette|move: Protect
|move|p2b: Sinistcha|Life Dew|p2b: Sinistcha|[spread] p2a,p2b
|-heal|p2a: Floette|84/100
|-heal|p2b: Sinistcha|90/100
|
|-weather|RainDance|[upkeep]
|-sideend|p1: MrParcheggio|move: Tailwind
|upkeep
|turn|5
|
|t:|1783973654
|switch|p1b: Basculegion|Basculegion, L50, M|100/100
|move|p2a: Floette|Dazzling Gleam|p1a: Pelipper|[spread] p1a,p1b
|-crit|p1a: Pelipper
|-enditem|p1a: Pelipper|Focus Sash
|-damage|p1a: Pelipper|1/100
|-damage|p1b: Basculegion|20/100y
|move|p2b: Sinistcha|Matcha Gotcha|p1a: Pelipper|[spread] p1a,p1b
|-supereffective|p1b: Basculegion|1
|-damage|p1a: Pelipper|0 fnt
|-heal|p2b: Sinistcha|91/100|[from] drain|[of] p1a: Pelipper
|-damage|p1b: Basculegion|0 fnt
|-heal|p2b: Sinistcha|100/100|[from] drain|[of] p1b: Basculegion
|faint|p1a: Pelipper
|faint|p1b: Basculegion
|
|-weather|none
|upkeep
|
|t:|1783973667
|switch|p1b: Archaludon|Archaludon, L50, M|100/100
|turn|6
|
|t:|1783973671
|move|p1b: Archaludon|Electro Shot||[still]
|-prepare|p1b: Archaludon|Electro Shot
|-boost|p1b: Archaludon|spa|1
|move|p2a: Floette|Moonblast|p1b: Archaludon
|-damage|p1b: Archaludon|0 fnt
|faint|p1b: Archaludon
|
|win|Akalaman
|raw|MrParcheggio's rating: 1048 → 1034(-14 for losing)
|raw|Akalaman's rating: 1105 → 1126(+21 for winning)
