|j|☆lettitripppp
|j|☆divra7
|html|lettitrippppdivra7    
|uhtml|bestof|Game 1 of a best-of-3
|t:|1785270778
|gametype|doubles
|player|p1|lettitripppp|lucas|1247
|player|p2|divra7|170|1153
|gen|9
|tier|[Gen 9 Champions] VGC 2026 Reg M-B (Bo3)
|rated|
|rule|Species Clause: Limit one of each Pokémon
|rule|Item Clause: Limit 1 of each item
|clearpoke
|poke|p1|Staraptor, L50, M|
|poke|p1|Tyranitar, L50, F|
|poke|p1|Excadrill, L50, F|
|poke|p1|Gholdengo, L50|
|poke|p1|Milotic, L50, M|
|poke|p1|Sinistcha, L50|
|poke|p2|Whimsicott, L50, M|
|poke|p2|Charizard, L50, M|
|poke|p2|Garchomp, L50, M|
|poke|p2|Basculegion, L50, M|
|poke|p2|Kingambit, L50, M|
|poke|p2|Floette-Eternal, L50, F|
|teampreview|4
|showteam|p1|Staraptor||Staraptite|Intimidate|CloseCombat,BraveBird,Tailwind,Protect|Jolly||M|||50|]Tyranitar||Tyranitarite|SandStream|RockSlide,KnockOff,LowKick,Protect|Jolly||F|||50|]Excadrill||FocusSash|SandRush|HighHorsepower,RockSlide,IronHead,Protect|Adamant||F|||50|]Gholdengo||LifeOrb|GoodasGold|MakeItRain,ShadowBall,NastyPlot,Protect|Timid|||||50|]Milotic||Leftovers|Competitive|IcyWind,Scald,Haze,Protect|Calm||M|||50|]Sinistcha||ColburBerry|Hospitality|MatchaGotcha,RagePowder,TrickRoom,Protect|Bold|||||50|
|showteam|p2|Whimsicott||FocusSash|Prankster|Moonblast,Encore,Tailwind,Protect|Timid||M|||50|]Charizard||CharizarditeY|Blaze|HeatWave,SolarBeam,WeatherBall,Protect|Modest||M|||50|]Garchomp||SitrusBerry|RoughSkin|Earthquake,DragonClaw,RockSlide,Protect|Jolly||M|||50|]Basculegion||MysticWater|Adaptability|WaveCrash,LastRespects,AquaJet,Protect|Adamant||M|||50|]Kingambit||ChopleBerry|Defiant|KowtowCleave,IronHead,SuckerPunch,LowKick|Adamant||M|||50|]Floette-Eternal||Floettite|FlowerVeil|LightofRuin,Moonblast,DazzlingGleam,Protect|Modest||F|||50|
|inactive|Battle timer is ON: inactive players will automatically lose when time's up. (requested by divra7)
|inactive|lettitripppp also wants the timer to be on.
|inactive|lettitripppp has 60 seconds left.
|inactive|divra7 has 60 seconds left.
|inactive|divra7 has 30 seconds left.
|
|t:|1785270845
|teamsize|p1|4
|teamsize|p2|4
|start
|switch|p1a: NUMBER 1|Staraptor, L50, M|100/100
|switch|p1b: SATOROU|Gholdengo, L50|100/100
|switch|p2a: Garchomp|Garchomp, L50, M|100/100
|switch|p2b: Kingambit|Kingambit, L50, M|100/100
|-ability|p1a: NUMBER 1|Intimidate|boost
|-unboost|p2a: Garchomp|atk|1
|-unboost|p2b: Kingambit|atk|1
|-ability|p2b: Kingambit|Defiant|boost
|-boost|p2b: Kingambit|atk|2
|turn|1
|
|t:|1785270858
|detailschange|p1a: NUMBER 1|Staraptor-Mega, L50, M
|-mega|p1a: NUMBER 1|Staraptor|Staraptite
|move|p1b: SATOROU|Protect|p1b: SATOROU
|-singleturn|p1b: SATOROU|Protect
|move|p1a: NUMBER 1|Close Combat|p2b: Kingambit
|-supereffective|p2b: Kingambit|2
|-enditem|p2b: Kingambit|Chople Berry|[eat]
|-enditem|p2b: Kingambit|Chople Berry|[weaken]
|-damage|p2b: Kingambit|18/100
|-boost|p1a: NUMBER 1|def|1
|-boost|p1a: NUMBER 1|spd|1
|move|p2a: Garchomp|Rock Slide|p1a: NUMBER 1|[spread] 
|-activate|p1b: SATOROU|move: Protect
|-miss|p2a: Garchomp|p1a: NUMBER 1
|move|p2b: Kingambit|Kowtow Cleave|p1b: SATOROU
|-activate|p1b: SATOROU|move: Protect
|
|upkeep
|turn|2
|inactive|lettitripppp has 30 seconds left.
|inactive|divra7 has 30 seconds left.
|
|t:|1785270886
|switch|p2b: Basculegion|Basculegion, L50, M|100/100
|move|p1a: NUMBER 1|Close Combat|p2b: Basculegion
|-immune|p2b: Basculegion
|move|p2a: Garchomp|Earthquake|p1a: NUMBER 1|[spread] p2b,p1b
|-immune|p1a: NUMBER 1
|-supereffective|p1b: SATOROU|1
|-damage|p2b: Basculegion|69/100
|-damage|p1b: SATOROU|50/100g
|move|p1b: SATOROU|Nasty Plot|p1b: SATOROU
|-boost|p1b: SATOROU|spa|2
|
|upkeep
|turn|3
|inactive|divra7 has 30 seconds left.
|inactive|divra7 has 20 seconds left.
|inactive|divra7 has 15 seconds left.
|
|t:|1785270929
|move|p1a: NUMBER 1|Tailwind|p1a: NUMBER 1
|-sidestart|p1: lettitripppp|move: Tailwind
|move|p1b: SATOROU|Make It Rain|p2b: Basculegion|[spread] p2a,p2b
|-resisted|p2b: Basculegion|1
|-damage|p2a: Garchomp|0 fnt
|-damage|p2b: Basculegion|9/100
|-unboost|p1b: SATOROU|spa|2
|faint|p2a: Garchomp
|-damage|p1b: SATOROU|40/100|[from] item: Life Orb
|move|p2b: Basculegion|Last Respects|p1b: SATOROU
|-supereffective|p1b: SATOROU|1
|-damage|p1b: SATOROU|0 fnt
|faint|p1b: SATOROU
|
|upkeep
|
|t:|1785270946
|switch|p2a: Floette|Floette-Eternal, L50, F|100/100
|switch|p1b: TRANITAR|Tyranitar, L50, F|100/100
|-weather|Sandstorm|[from] ability: Sand Stream|[of] p1b: TRANITAR
|turn|4
|
|t:|1785270962
|detailschange|p2a: Floette|Floette-Mega, L50, F
|-mega|p2a: Floette|Floette|Floettite
|-ability|p2a: Floette|Fairy Aura
|move|p2b: Basculegion|Aqua Jet|p1b: TRANITAR
|-supereffective|p1b: TRANITAR|1
|-damage|p1b: TRANITAR|43/100
|move|p1a: NUMBER 1|Brave Bird|p2a: Floette
|-damage|p2a: Floette|32/100
|-damage|p1a: NUMBER 1|81/100|[from] Recoil
|move|p1b: TRANITAR|Rock Slide|p2a: Floette|[spread] p2b
|-miss|p1b: TRANITAR|p2a: Floette
|-damage|p2b: Basculegion|0 fnt
|faint|p2b: Basculegion
|move|p2a: Floette|Moonblast|p1a: NUMBER 1
|-supereffective|p1a: NUMBER 1|1
|-damage|p1a: NUMBER 1|0 fnt
|faint|p1a: NUMBER 1
|
|-weather|Sandstorm|[upkeep]
|-damage|p2a: Floette|26/100|[from] Sandstorm
|upkeep
|
|t:|1785270974
|switch|p1a: RUSH-DRILL|Excadrill, L50, F|100/100
|switch|p2b: Kingambit|Kingambit, L50, M|18/100
|turn|5
|
|t:|1785270985
|move|p1a: RUSH-DRILL|Iron Head|p2a: Floette
|-supereffective|p2a: Floette|1
|-damage|p2a: Floette|0 fnt
|faint|p2a: Floette
|move|p1b: TRANITAR|Low Kick|p2b: Kingambit
|-supereffective|p2b: Kingambit|2
|-damage|p2b: Kingambit|0 fnt
|faint|p2b: Kingambit
|
|win|lettitripppp
