|j|☆Slothpk
|j|☆platanoso
|html|Slothpkplatanoso    
|uhtml|bestof|Game 1 of a best-of-3
|t:|1785962087
|gametype|doubles
|player|p1|Slothpk|169|1155
|player|p2|platanoso|madame-gen4|1211
|gen|9
|tier|[Gen 9 Champions] VGC 2026 Reg M-B (Bo3)
|rated|
|rule|Species Clause: Limit one of each Pokémon
|rule|Item Clause: Limit 1 of each item
|clearpoke
|poke|p1|Garchomp, L50, F|
|poke|p1|Sneasler, L50, M|
|poke|p1|Scizor, L50, F|
|poke|p1|Sinistcha-Masterpiece, L50|
|poke|p1|Whimsicott, L50, F|
|poke|p1|Rotom-Wash, L50|
|poke|p2|Floette-Eternal, L50, F|
|poke|p2|Sneasler, L50, F|
|poke|p2|Incineroar, L50, M|
|poke|p2|Sinistcha, L50|
|poke|p2|Delphox, L50, M|
|poke|p2|Garchomp, L50, M|
|teampreview|4
|showteam|p1|Garchomp||Garchompite|RoughSkin|EarthPower,DracoMeteor,Protect,PowerGem|Modest||F|||50|]Sneasler||WhiteHerb|Unburden|FakeOut,PoisonJab,CloseCombat,Protect|Jolly||M|||50|]Scizor||Scizorite|Technician|SwordsDance,BulletPunch,Roost,BugBite|Adamant||F|||50|]Sinistcha-Masterpiece||SitrusBerry|Hospitality|RagePowder,Protect,TrickRoom,MatchaGotcha|Bold|||||50|]Whimsicott||FocusSash|Prankster|Tailwind,Encore,Protect,Moonblast|Timid||F|||50|]Rotom-Wash||Leftovers|Levitate|Thunderbolt,HydroPump,LightScreen,WillOWisp|Bold|||||50|
|showteam|p2|Floette-Eternal||Floettite|FlowerVeil|DazzlingGleam,DrainingKiss,CalmMind,Protect|Modest||F|||50|]Sneasler||FocusSash|PoisonTouch|CloseCombat,PoisonJab,FakeOut,Protect|Jolly||F|||50|]Incineroar||SitrusBerry|Intimidate|FlareBlitz,DarkestLariat,PartingShot,FakeOut|Impish||M|||50|]Sinistcha||OccaBerry|Hospitality|MatchaGotcha,RagePowder,TrickRoom,Protect|Bold|||||50|]Delphox||Delphoxite|Blaze|Psychic,HeatWave,NastyPlot,Protect|Timid||M|||50|]Garchomp||ChoiceScarf|RoughSkin|DragonClaw,StompingTantrum,Earthquake,RockSlide|Adamant||M|||50|
|inactive|Battle timer is ON: inactive players will automatically lose when time's up. (requested by platanoso)
|
|t:|1785962149
|teamsize|p1|4
|teamsize|p2|4
|start
|switch|p1a: Rotom|Rotom-Wash, L50|100/100
|switch|p1b: Sneasler|Sneasler, L50, M|100/100
|switch|p2a: Delphox|Delphox, L50, M|100/100
|switch|p2b: Incineroar|Incineroar, L50, M|100/100
|-ability|p2b: Incineroar|Intimidate|boost
|-unboost|p1a: Rotom|atk|1
|-unboost|p1b: Sneasler|atk|1
|-enditem|p1b: Sneasler|White Herb
|-clearnegativeboost|p1b: Sneasler|[silent]
|turn|1
|inactive|platanoso has 30 seconds left.
|
|t:|1785962177
|switch|p2b: Sinistcha|Sinistcha, L50|100/100
|detailschange|p2a: Delphox|Delphox-Mega, L50, M
|-mega|p2a: Delphox|Delphox|Delphoxite
|move|p2a: Delphox|Protect|p2a: Delphox
|-singleturn|p2a: Delphox|Protect
|move|p1b: Sneasler|Fake Out|p2b: Sinistcha
|-immune|p2b: Sinistcha
|move|p1a: Rotom|Hydro Pump|p2a: Delphox
|-activate|p2a: Delphox|move: Protect
|
|upkeep
|turn|2
|
|t:|1785962189
|move|p2b: Sinistcha|Rage Powder|p2b: Sinistcha
|-singleturn|p2b: Sinistcha|move: Rage Powder
|move|p1b: Sneasler|Poison Jab|p2b: Sinistcha
|-crit|p2b: Sinistcha
|-damage|p2b: Sinistcha|51/100
|-status|p2b: Sinistcha|psn
|move|p2a: Delphox|Nasty Plot|p2a: Delphox
|-boost|p2a: Delphox|spa|2
|move|p1a: Rotom|Light Screen|p1a: Rotom
|-sidestart|p1: Slothpk|move: Light Screen
|
|-damage|p2b: Sinistcha|38/100 psn|[from] psn
|upkeep
|turn|3
|
|t:|1785962203
|move|p2b: Sinistcha|Rage Powder|p2b: Sinistcha
|-singleturn|p2b: Sinistcha|move: Rage Powder
|move|p1b: Sneasler|Poison Jab|p2b: Sinistcha
|-damage|p2b: Sinistcha|6/100 psn
|move|p2a: Delphox|Nasty Plot|p2a: Delphox
|-boost|p2a: Delphox|spa|2
|move|p1a: Rotom|Hydro Pump|p2b: Sinistcha
|-resisted|p2b: Sinistcha|1
|-damage|p2b: Sinistcha|0 fnt
|faint|p2b: Sinistcha
|
|upkeep
|
|t:|1785962219
|switch|p2b: Incineroar|Incineroar, L50, M|100/100
|-ability|p2b: Incineroar|Intimidate|boost
|-unboost|p1a: Rotom|atk|1
|-unboost|p1b: Sneasler|atk|1
|turn|4
|
|t:|1785962248
|move|p1b: Sneasler|Protect|p1b: Sneasler
|-singleturn|p1b: Sneasler|Protect
|move|p2a: Delphox|Protect|p2a: Delphox
|-singleturn|p2a: Delphox|Protect
|move|p1a: Rotom|Hydro Pump|p2a: Delphox
|-activate|p2a: Delphox|move: Protect
|move|p2b: Incineroar|Parting Shot|p1a: Rotom
|-unboost|p1a: Rotom|atk|1
|-unboost|p1a: Rotom|spa|1
|
|t:|1785962256
|switch|p2b: Garchomp|Garchomp, L50, M|100/100|[from] Parting Shot
|
|upkeep
|turn|5
|
|t:|1785962273
|move|p1b: Sneasler|Close Combat|p2b: Garchomp
|-damage|p2b: Garchomp|58/100
|-unboost|p1b: Sneasler|def|1
|-unboost|p1b: Sneasler|spd|1
|-damage|p1b: Sneasler|87/100|[from] ability: Rough Skin|[of] p2b: Garchomp
|move|p2b: Garchomp|Earthquake|p1a: Rotom|[spread] p1b
|-immune|p2a: Delphox|[from] ability: Levitate
|-immune|p1a: Rotom|[from] ability: Levitate
|-supereffective|p1b: Sneasler|1
|-damage|p1b: Sneasler|0 fnt
|faint|p1b: Sneasler
|move|p2a: Delphox|Psychic|p1a: Rotom
|-damage|p1a: Rotom|3/100
|move|p1a: Rotom|Will-O-Wisp|p2b: Garchomp
|-status|p2b: Garchomp|brn
|
|-heal|p1a: Rotom|8/100|[from] item: Leftovers
|-damage|p2b: Garchomp|52/100 brn|[from] brn
|upkeep
|
|t:|1785962294
|switch|p1b: Whimsicott|Whimsicott, L50, F|100/100
|turn|6
|
|t:|1785962307
|switch|p2b: Incineroar|Incineroar, L50, M|100/100
|-ability|p2b: Incineroar|Intimidate|boost
|-unboost|p1a: Rotom|atk|1
|-unboost|p1b: Whimsicott|atk|1
|move|p1b: Whimsicott|Tailwind|p1b: Whimsicott
|-sidestart|p1: Slothpk|move: Tailwind
|move|p1a: Rotom|Hydro Pump|p2a: Delphox
|-supereffective|p2a: Delphox|1
|-damage|p2a: Delphox|47/100
|move|p2a: Delphox|Heat Wave|p1b: Whimsicott|[spread] p1a
|-miss|p2a: Delphox|p1b: Whimsicott
|-resisted|p1a: Rotom|1
|-damage|p1a: Rotom|0 fnt
|faint|p1a: Rotom
|
|-sideend|p1: Slothpk|move: Light Screen
|upkeep
|
|t:|1785962319
|switch|p1a: Garchomp|Garchomp, L50, F|100/100
|turn|7
|
|t:|1785962333
|detailschange|p1a: Garchomp|Garchomp-Mega, L50, F
|-mega|p1a: Garchomp|Garchomp|Garchompite
|move|p1b: Whimsicott|Protect|p1b: Whimsicott
|-singleturn|p1b: Whimsicott|Protect
|move|p1a: Garchomp|Protect|p1a: Garchomp
|-singleturn|p1a: Garchomp|Protect
|move|p2b: Incineroar|Fake Out|p1a: Garchomp
|-activate|p1a: Garchomp|move: Protect
|move|p2a: Delphox|Heat Wave|p1a: Garchomp|[spread] 
|-activate|p1a: Garchomp|move: Protect
|-activate|p1b: Whimsicott|move: Protect
|
|upkeep
|turn|8
|inactive|Slothpk has 30 seconds left.
|inactive|Slothpk has 20 seconds left.
|inactive|Slothpk has 15 seconds left.
|inactive|Slothpk has 10 seconds left.
|inactive|Slothpk has 5 seconds left.
|
|t:|1785962386
|move|p2a: Delphox|Protect|p2a: Delphox
|-singleturn|p2a: Delphox|Protect
|move|p1b: Whimsicott|Moonblast|p2a: Delphox
|-activate|p2a: Delphox|move: Protect
|move|p1a: Garchomp|Earth Power|p2b: Incineroar
|-supereffective|p2b: Incineroar|1
|-damage|p2b: Incineroar|9/100
|-enditem|p2b: Incineroar|Sitrus Berry|[eat]
|-heal|p2b: Incineroar|34/100|[from] item: Sitrus Berry
|move|p2b: Incineroar|Flare Blitz|p1b: Whimsicott
|-supereffective|p1b: Whimsicott|1
|-enditem|p1b: Whimsicott|Focus Sash
|-damage|p1b: Whimsicott|1/100
|-status|p1b: Whimsicott|brn
|-damage|p2b: Incineroar|12/100|[from] Recoil
|
|-damage|p1b: Whimsicott|0 fnt|[from] brn
|faint|p1b: Whimsicott
|upkeep
|turn|9
|inactive|platanoso has 30 seconds left.
|
|t:|1785962418
|switch|p2a: Garchomp|Garchomp, L50, M|52/100 brn
|move|p1a: Garchomp|Power Gem|p2a: Garchomp
|-resisted|p2a: Garchomp|1
|-damage|p2a: Garchomp|37/100 brn
|move|p2b: Incineroar|Darkest Lariat|p1a: Garchomp
|-damage|p1a: Garchomp|74/100
|
|-damage|p2a: Garchomp|31/100 brn|[from] brn
|-sideend|p1: Slothpk|move: Tailwind
|upkeep
|turn|10
|
|t:|1785962434
|move|p2a: Garchomp|Dragon Claw|p1a: Garchomp
|-supereffective|p1a: Garchomp|1
|-damage|p1a: Garchomp|38/100
|move|p1a: Garchomp|Earth Power|p2a: Garchomp
|-damage|p2a: Garchomp|0 fnt
|faint|p2a: Garchomp
|move|p2b: Incineroar|Darkest Lariat|p1a: Garchomp
|-damage|p1a: Garchomp|13/100
|
|upkeep
|
|t:|1785962440
|switch|p2a: Delphox|Delphox-Mega, L50, M|47/100
|turn|11
|
|t:|1785962446
|move|p2a: Delphox|Psychic|p1a: Garchomp
|-damage|p1a: Garchomp|0 fnt
|faint|p1a: Garchomp
|
|win|platanoso
||platanoso is ready for game 2.
|l|☆Slothpk
|player|p1|
|inactive|Slothpk has 30 seconds to confirm battle start!
||Slothpk is ready for game 2.
|uhtml|next|Next: Game 2 of 3
