|j|☆reumeong
|j|☆Bossam8756
|html|reumeongBossam8756    
|uhtml|bestof|Game 1 of a best-of-3
|t:|1786103537
|gametype|doubles
|player|p1|reumeong|102|
|player|p2|Bossam8756|elesa|
|gen|9
|tier|[Gen 9 Champions] VGC 2026 Reg M-B (Bo3)
|rule|Species Clause: Limit one of each Pokémon
|rule|Item Clause: Limit 1 of each item
|clearpoke
|poke|p1|Kingambit, L50, F|
|poke|p1|Charizard, L50, F|
|poke|p1|Aerodactyl, L50, M|
|poke|p1|Farigiraf, L50, M|
|poke|p1|Garchomp, L50, M|
|poke|p1|Sylveon, L50, F|
|poke|p2|Gengar, L50, M|
|poke|p2|Archaludon, L50, M|
|poke|p2|Politoed, L50, F|
|poke|p2|Swampert, L50, M|
|poke|p2|Vivillon-Fancy, L50, M|
|poke|p2|Incineroar, L50, F|
|teampreview|4
|showteam|p1|Kingambit||FocusSash|Defiant|KowtowCleave,IronHead,SuckerPunch,LowKick|Adamant||F|||50|]Charizard||CharizarditeY|Blaze|HeatWave,SolarBeam,WeatherBall,Protect|Modest||F|||50|]Aerodactyl||Aerodactylite|Unnerve|RockSlide,DualWingbeat,IceFang,Tailwind|Jolly||M|||50|]Farigiraf||SitrusBerry|ArmorTail|Psychic,Thunderbolt,TrickRoom,Protect|Bold||M|||50|]Garchomp||LifeOrb|RoughSkin|Earthquake,DragonClaw,StompingTantrum,Protect|Jolly||M|||50|]Sylveon||FairyFeather|Pixilate|HyperVoice,HyperBeam,QuickAttack,Protect|Modest||F|||50|
|showteam|p2|Gengar||Gengarite|CursedBody|ShadowBall,SludgeBomb,PerishSong,Protect|Modest||M|||50|]Archaludon||Leftovers|Stamina|ElectroShot,DragonPulse,FlashCannon,Protect|Bold||M|||50|]Politoed||SitrusBerry|Drizzle|WeatherBall,Hypnosis,PerishSong,Protect|Calm||F|||50|]Swampert||Swampertite|Torrent|WaveCrash,Earthquake,IcePunch,Protect|Adamant||M|||50|]Vivillon-Fancy||FocusSash|CompoundEyes|Hurricane,SleepPowder,RagePowder,Protect|Timid||M|||50|]Incineroar||PasshoBerry|Intimidate|ThroatChop,FakeOut,PartingShot,Protect|Relaxed||F|||50|
|inactive|Battle timer is ON: inactive players will automatically lose when time's up. (requested by Bossam8756)
|inactive|reumeong has 60 seconds left.
|inactive|Bossam8756 has 60 seconds left.
|inactive|Bossam8756 has 30 seconds left.
|
|t:|1786103602
|teamsize|p1|4
|teamsize|p2|4
|start
|switch|p1a: Kingambit|Kingambit, L50, F|100/100
|switch|p1b: Charizard|Charizard, L50, F|100/100
|switch|p2a: Gengar|Gengar, L50, M|100/100
|switch|p2b: Vivillon|Vivillon-Fancy, L50, M|100/100
|turn|1
|inactive|reumeong has 30 seconds left.
|inactive|reumeong has 20 seconds left.
|inactive|reumeong has 15 seconds left.
|inactive|reumeong has 10 seconds left.
|inactive|reumeong has 5 seconds left.
|
|t:|1786103657
|detailschange|p2a: Gengar|Gengar-Mega, L50, M
|-mega|p2a: Gengar|Gengar|Gengarite
|move|p2a: Gengar|Protect|p2a: Gengar
|-singleturn|p2a: Gengar|Protect
|move|p2b: Vivillon|Sleep Powder|p1a: Kingambit
|-status|p1a: Kingambit|slp|[from] move: Sleep Powder
|move|p1b: Charizard|Heat Wave|p2a: Gengar|[spread] p2b
|-activate|p2a: Gengar|move: Protect
|-supereffective|p2b: Vivillon|1
|-enditem|p2b: Vivillon|Focus Sash
|-damage|p2b: Vivillon|1/100
|cant|p1a: Kingambit|slp
|
|upkeep
|turn|2
|inactive|reumeong has 30 seconds left.
|
|t:|1786103684
|move|p1b: Charizard|Protect|p1b: Charizard
|-singleturn|p1b: Charizard|Protect
|move|p2a: Gengar|Sludge Bomb|p1b: Charizard
|-activate|p1b: Charizard|move: Protect
|move|p2b: Vivillon|Sleep Powder|p1b: Charizard
|-activate|p1b: Charizard|move: Protect
|-curestatus|p1a: Kingambit|slp|[msg]
|move|p1a: Kingambit|Kowtow Cleave|p2a: Gengar
|-supereffective|p2a: Gengar|1
|-damage|p2a: Gengar|0 fnt
|faint|p2a: Gengar
|
|upkeep
|
|t:|1786103691
|switch|p2a: Archaludon|Archaludon, L50, M|100/100
|turn|3
|inactive|reumeong has 30 seconds left.
|inactive|Bossam8756 has 30 seconds left.
|inactive|reumeong has 20 seconds left.
|inactive|Bossam8756 has 20 seconds left.
|l|☆reumeong
|inactive|reumeong disconnected and has 300 seconds to reconnect!
|player|p1|
|j|☆reumeong
|inactive|reumeong reconnected and has 20 seconds left.
|player|p1|reumeong|102|
|inactive|reumeong has 15 seconds left.
|inactive|reumeong has 10 seconds left.
|inactive|reumeong has 5 seconds left.
|
|t:|1786103757
|switch|p1b: Farigiraf|Farigiraf, L50, M|100/100
|move|p2b: Vivillon|Sleep Powder|p1b: Farigiraf
|-status|p1b: Farigiraf|slp|[from] move: Sleep Powder
|move|p2a: Archaludon|Dragon Pulse|p1b: Farigiraf
|-damage|p1b: Farigiraf|69/100 slp
|move|p1a: Kingambit|Kowtow Cleave|p2a: Archaludon
|-damage|p2a: Archaludon|64/100
|-ability|p2a: Archaludon|Stamina|boost
|-boost|p2a: Archaludon|def|1
|
|-heal|p2a: Archaludon|70/100|[from] item: Leftovers
|upkeep
|turn|4
|inactive|reumeong has 30 seconds left.
|
|t:|1786103788
|switch|p2b: Politoed|Politoed, L50, F|100/100
|-weather|RainDance|[from] ability: Drizzle|[of] p2b: Politoed
|move|p2a: Archaludon|Electro Shot||[still]
|-prepare|p2a: Archaludon|Electro Shot
|-boost|p2a: Archaludon|spa|1
|-anim|p2a: Archaludon|Electro Shot|p1a: Kingambit
|-damage|p1a: Kingambit|33/100
|move|p1a: Kingambit|Kowtow Cleave|p2b: Politoed
|-damage|p2b: Politoed|54/100
|cant|p1b: Farigiraf|slp
|
|-weather|RainDance|[upkeep]
|-heal|p2a: Archaludon|76/100|[from] item: Leftovers
|upkeep
|turn|5
|inactive|reumeong has 30 seconds left.
|inactive|reumeong has 20 seconds left.
|inactive|reumeong has 15 seconds left.
|
|t:|1786103828
|move|p1a: Kingambit|Sucker Punch|p2a: Archaludon
|-damage|p2a: Archaludon|59/100
|-ability|p2a: Archaludon|Stamina|boost
|-boost|p2a: Archaludon|def|1
|move|p2a: Archaludon|Electro Shot||[still]
|-prepare|p2a: Archaludon|Electro Shot
|-boost|p2a: Archaludon|spa|1
|-anim|p2a: Archaludon|Electro Shot|p1b: Farigiraf
|-damage|p1b: Farigiraf|5/100 slp
|-enditem|p1b: Farigiraf|Sitrus Berry|[eat]
|-heal|p1b: Farigiraf|30/100 slp|[from] item: Sitrus Berry
|move|p2b: Politoed|Weather Ball|p1a: Kingambit
|-damage|p1a: Kingambit|0 fnt
|faint|p1a: Kingambit
|cant|p1b: Farigiraf|slp
|
|-weather|RainDance|[upkeep]
|-heal|p2a: Archaludon|65/100|[from] item: Leftovers
|upkeep
|inactive|reumeong has 30 seconds left.
|
|t:|1786103854
|switch|p1a: Charizard|Charizard, L50, F|100/100
|turn|6
|
|t:|1786103874
|move|p1a: Charizard|Protect|p1a: Charizard
|-singleturn|p1a: Charizard|Protect
|move|p2a: Archaludon|Protect|p2a: Archaludon
|-singleturn|p2a: Archaludon|Protect
|move|p2b: Politoed|Weather Ball|p1a: Charizard
|-activate|p1a: Charizard|move: Protect
|-curestatus|p1b: Farigiraf|slp|[msg]
|move|p1b: Farigiraf|Thunderbolt|p2b: Politoed
|-supereffective|p2b: Politoed|1
|-damage|p2b: Politoed|17/100
|-enditem|p2b: Politoed|Sitrus Berry|[eat]
|-heal|p2b: Politoed|42/100|[from] item: Sitrus Berry
|
|-weather|RainDance|[upkeep]
|-heal|p2a: Archaludon|72/100|[from] item: Leftovers
|upkeep
|turn|7
|inactive|reumeong has 30 seconds left.
|inactive|Bossam8756 has 30 seconds left.
|inactive|reumeong has 20 seconds left.
|inactive|Bossam8756 has 20 seconds left.
|
|t:|1786103912
|switch|p2b: Vivillon|Vivillon-Fancy, L50, M|1/100
|detailschange|p1a: Charizard|Charizard-Mega-Y, L50, F
|-mega|p1a: Charizard|Charizard|Charizardite Y
|-weather|SunnyDay|[from] ability: Drought|[of] p1a: Charizard
|move|p1a: Charizard|Weather Ball|p2a: Archaludon
|-damage|p2a: Archaludon|0 fnt
|faint|p2a: Archaludon
|move|p1b: Farigiraf|Thunderbolt|p2b: Vivillon
|-supereffective|p2b: Vivillon|1
|-damage|p2b: Vivillon|0 fnt
|faint|p2b: Vivillon
|
|-weather|SunnyDay|[upkeep]
|upkeep
|
|t:|1786103923
|switch|p2b: Politoed|Politoed, L50, F|42/100
|-weather|RainDance|[from] ability: Drizzle|[of] p2b: Politoed
|turn|8
|-message|Bossam8756 forfeited.
|
|win|reumeong
|l|☆Bossam8756
|player|p2|
||Bossam8756 is ready for game 2.
||reumeong is ready for game 2.
|uhtml|next|Next: Game 2 of 3
|l|☆reumeong
|player|p1|
|j|☆Bossam8756
|player|p2|Bossam8756|elesa|
