|j|☆dogggybears
|j|☆ChuggleAschenazita
|html|dogggybearsChuggleAschenazita    
|uhtml|bestof|Game 2 of a best-of-3
|t:|1757625841
|gametype|doubles
|player|p1|dogggybears|roxie|1217
|player|p2|ChuggleAschenazita|102|1274
|gen|9
|tier|[Gen 9] VGC 2025 Reg H (Bo3)
|rated|
|rule|Species Clause: Limit one of each Pokémon
|rule|Item Clause: Limit 1 of each item
|clearpoke
|poke|p1|Sneasler, L50, M|
|poke|p1|Indeedee, L50, M|
|poke|p1|Volcarona, L50, M|
|poke|p1|Ursaluna-Bloodmoon, L50, M|
|poke|p1|Annihilape, L50, F|
|poke|p1|Tyranitar, L50, M|
|poke|p2|Incineroar, L50, F|
|poke|p2|Amoonguss, L50, M|
|poke|p2|Gholdengo, L50|
|poke|p2|Hydreigon, L50, M|
|poke|p2|Ursaluna, L50, F|
|poke|p2|Porygon2, L50|
|teampreview|4
|showteam|p1|Sneasler||PsychicSeed|Unburden|CloseCombat,DireClaw,ThroatChop,Protect|||M|||50|,,,,,Dark]Indeedee||ChoiceScarf|PsychicSurge|ExpandingForce,TeraBlast,Trick,Protect|||M|||50|,,,,,Psychic]Volcarona||SitrusBerry|FlameBody|Overheat,StruggleBug,RagePowder,Tailwind|||M|||50|,,,,,Grass]Ursaluna-Bloodmoon||LifeOrb|MindsEye|BloodMoon,HyperVoice,EarthPower,Protect|||M|||50|,,,,,Normal]Annihilape||SafetyGoggles|Defiant|CloseCombat,RageFist,Taunt,FinalGambit|||F|||50|,,,,,Fairy]Tyranitar||AssaultVest|SandStream|RockSlide,KnockOff,TeraBlast,LowKick|||M|||50|,,,,,Flying
|showteam|p2|Incineroar||SafetyGoggles|Intimidate|FlareBlitz,KnockOff,PartingShot,FakeOut|||F|||50|,,,,,Grass]Amoonguss||RockyHelmet|Regenerator|PollenPuff,ClearSmog,Spore,RagePowder|||M|||50|,,,,,Psychic]Gholdengo||LifeOrb|GoodasGold|MakeItRain,ShadowBall,NastyPlot,Protect||||||50|,,,,,Water]Hydreigon||CovertCloak|Levitate|DracoMeteor,Snarl,Tailwind,Taunt|||M|||50|,,,,,Ghost]Ursaluna||FlameOrb|Guts|Facade,HeadlongRush,Earthquake,Protect|||F|||50|,,,,,Ghost]Porygon2||Eviolite|Download|TeraBlast,IceBeam,Recover,TrickRoom||||||50|,,,,,Fighting
|
|t:|1757625878
|teamsize|p1|4
|teamsize|p2|4
|start
|switch|p1a: Tyranitar|Tyranitar, L50, M|100/100
|switch|p1b: Ursaluna|Ursaluna-Bloodmoon, L50, M|100/100
|switch|p2a: In Strada|Hydreigon, L50, M|100/100
|switch|p2b: Ho Lavorato|Gholdengo, L50|100/100
|-weather|Sandstorm|[from] ability: Sand Stream|[of] p1a: Tyranitar
|turn|1
|
|t:|1757625899
|move|p2b: Ho Lavorato|Protect|p2b: Ho Lavorato
|-singleturn|p2b: Ho Lavorato|Protect
|move|p2a: In Strada|Tailwind|p2a: In Strada
|-sidestart|p2: ChuggleAschenazita|move: Tailwind
|move|p1a: Tyranitar|Knock Off|p2b: Ho Lavorato
|-activate|p2b: Ho Lavorato|move: Protect
|move|p1b: Ursaluna|Blood Moon|p2a: In Strada
|-damage|p2a: In Strada|0 fnt
|faint|p2a: In Strada
|-damage|p1b: Ursaluna|91/100|[from] item: Life Orb
|
|-weather|Sandstorm|[upkeep]
|upkeep
|
|t:|1757625910
|switch|p2a: Di Notte|Ursaluna, L50, F|100/100
|turn|2
|
|t:|1757625924
|-terastallize|p2b: Ho Lavorato|Water
|-terastallize|p1a: Tyranitar|Flying
|move|p2a: Di Notte|Protect|p2a: Di Notte
|-singleturn|p2a: Di Notte|Protect
|move|p2b: Ho Lavorato|Nasty Plot|p2b: Ho Lavorato
|-boost|p2b: Ho Lavorato|spa|2
|move|p1a: Tyranitar|Knock Off|p2b: Ho Lavorato
|-damage|p2b: Ho Lavorato|46/100
|-enditem|p2b: Ho Lavorato|Life Orb|[from] move: Knock Off|[of] p1a: Tyranitar
|move|p1b: Ursaluna|Hyper Voice|p2a: Di Notte|[spread] p2b
|-activate|p2a: Di Notte|move: Protect
|-damage|p2b: Ho Lavorato|0 fnt
|faint|p2b: Ho Lavorato
|-damage|p1b: Ursaluna|81/100|[from] item: Life Orb
|
|-weather|Sandstorm|[upkeep]
|-damage|p1a: Tyranitar|95/100|[from] Sandstorm
|-status|p2a: Di Notte|brn|[from] item: Flame Orb
|upkeep
|
|t:|1757625943
|switch|p2b: Cane Mangia Cane|Incineroar, L50, F|100/100
|-ability|p2b: Cane Mangia Cane|Intimidate|boost
|-unboost|p1a: Tyranitar|atk|1
|-unboost|p1b: Ursaluna|atk|1
|turn|3
|
|t:|1757625961
|switch|p1a: Volcarona|Volcarona, L50, M|100/100
|move|p1b: Ursaluna|Protect|p1b: Ursaluna
|-singleturn|p1b: Ursaluna|Protect
|move|p2b: Cane Mangia Cane|Fake Out|p1a: Volcarona
|-damage|p1a: Volcarona|85/100
|move|p2a: Di Notte|Facade|p1a: Volcarona
|-damage|p1a: Volcarona|0 fnt
|faint|p1a: Volcarona
|
|-weather|Sandstorm|[upkeep]
|-damage|p2a: Di Notte|95/100 brn|[from] brn
|upkeep
|
|t:|1757625976
|switch|p1a: Sneasler|Sneasler, L50, M|100/100
|turn|4
|
|t:|1757625993
|move|p2b: Cane Mangia Cane|Flare Blitz|p1a: Sneasler
|-crit|p1a: Sneasler
|-damage|p1a: Sneasler|0 fnt
|faint|p1a: Sneasler
|-damage|p2b: Cane Mangia Cane|75/100|[from] Recoil
|move|p2a: Di Notte|Earthquake|p1b: Ursaluna|[spread] p2b,p1b
|-supereffective|p2b: Cane Mangia Cane
|-damage|p2b: Cane Mangia Cane|0 fnt
|-damage|p1b: Ursaluna|22/100
|faint|p2b: Cane Mangia Cane
|move|p1b: Ursaluna|Earth Power|p2a: Di Notte
|-damage|p2a: Di Notte|31/100 brn
|-damage|p1b: Ursaluna|13/100|[from] item: Life Orb
|
|-weather|Sandstorm|[upkeep]
|-damage|p2a: Di Notte|25/100 brn|[from] brn
|-sideend|p2: ChuggleAschenazita|move: Tailwind
|upkeep
|
|t:|1757625998
|switch|p1a: Tyranitar|Tyranitar, L50, M, tera:Flying|95/100
|turn|5
|
|t:|1757626006
|move|p1a: Tyranitar|Low Kick|p2a: Di Notte
|-supereffective|p2a: Di Notte
|-crit|p2a: Di Notte
|-damage|p2a: Di Notte|0 fnt
|faint|p2a: Di Notte
|
|win|dogggybears
||ChuggleAschenazita is ready for game 3.
||dogggybears is ready for game 3.
|uhtml|next|Next: Game 3 of 3
|l|☆ChuggleAschenazita
|player|p2|
