|j|☆Quill86
|j|☆ScrewSalesman
|html|Quill86ScrewSalesman    
|uhtml|bestof|Game 1 of a best-of-3
|t:|1756947719
|gametype|doubles
|player|p1|Quill86|lucas|1347
|player|p2|ScrewSalesman|cynthia-gen4|1323
|gen|9
|tier|[Gen 9] VGC 2025 Reg H (Bo3)
|rated|
|rule|Species Clause: Limit one of each Pokémon
|rule|Item Clause: Limit 1 of each item
|clearpoke
|poke|p1|Indeedee-F, L50, F|
|poke|p1|Gallade, L50, M|
|poke|p1|Torkoal, L50, M|
|poke|p1|Ursaluna, L50, M|
|poke|p1|Hatterene, L50, F|
|poke|p1|Smeargle, L50, M|
|poke|p2|Porygon2, L50|
|poke|p2|Incineroar, L50, F|
|poke|p2|Ursaluna, L50, M|
|poke|p2|Jumpluff, L50, M|
|poke|p2|Charizard, L50, M|
|poke|p2|Torkoal, L50, M|
|teampreview|4
|showteam|p1|Indeedee-F||PsychicSeed|PsychicSurge|FollowMe,TrickRoom,HelpingHand,DazzlingGleam|||F|||50|,,,,,Fairy]Gallade||ClearAmulet|Sharpness|SacredSword,WideGuard,TrickRoom,PsychoCut|||M|||50|,,,,,Grass]Torkoal||ChoiceSpecs|Drought|Eruption,WeatherBall,EarthPower,HeatWave|||M|||50|,,,,,Fire]Ursaluna||FlameOrb|Guts|Protect,HeadlongRush,Facade,Earthquake|||M|||50|,,,,,Ghost]Hatterene||LifeOrb|MagicBounce|DazzlingGleam,ExpandingForce,MysticalFire,TrickRoom|||F|||50|,,,,,Fire]Smeargle||FocusSash|Moody|FakeOut,Spore,Instruct,FollowMe|||M|||50|,,,,,Ghost
|showteam|p2|Porygon2||Eviolite|Download|TeraBlast,IceBeam,TrickRoom,Recover||||||50|,,,,,Fighting]Incineroar||SitrusBerry|Intimidate|FakeOut,KnockOff,FlareBlitz,PartingShot|||F|||50|,,,,,Ghost]Ursaluna||FlameOrb|Guts|HeadlongRush,Facade,Earthquake,Protect|||M|||50|,,,,,Ghost]Jumpluff||CovertCloak|Chlorophyll|RagePowder,SunnyDay,Tailwind,SleepPowder|||M|||50|,,,,,Water]Charizard||ChoiceSpecs|SolarPower|HeatWave,Overheat,WeatherBall,SolarBeam|||M|||50|,,,,,Ghost]Torkoal||EjectPack|Drought|Overheat,Eruption,HelpingHand,Protect|||M|||50|,,,,,Fire
|inactive|Battle timer is ON: inactive players will automatically lose when time's up. (requested by ScrewSalesman)
|
|t:|1756947744
|teamsize|p1|4
|teamsize|p2|4
|start
|switch|p1a: Smeargle|Smeargle, L50, M|100/100
|switch|p1b: Hatterene|Hatterene, L50, F|100/100
|switch|p2a: Incineroar|Incineroar, L50, F|100/100
|switch|p2b: Charizard|Charizard, L50, M, shiny|100/100
|-ability|p2a: Incineroar|Intimidate|boost
|-unboost|p1a: Smeargle|atk|1
|-unboost|p1b: Hatterene|atk|1
|turn|1
|inactive|Quill86 has 30 seconds left.
|inactive|ScrewSalesman has 30 seconds left.
|inactive|Quill86 has 20 seconds left.
|inactive|Quill86 has 15 seconds left.
|inactive|ScrewSalesman has 20 seconds left.
|
|t:|1756947790
|-terastallize|p1b: Hatterene|Fire
|move|p1a: Smeargle|Fake Out|p2a: Incineroar
|-damage|p2a: Incineroar|97/100
|cant|p2a: Incineroar|flinch
|move|p2b: Charizard|Heat Wave|p1b: Hatterene|[spread] p1a,p1b
|-resisted|p1b: Hatterene
|-enditem|p1a: Smeargle|Focus Sash
|-damage|p1a: Smeargle|1/100
|-damage|p1b: Hatterene|74/100
|move|p1b: Hatterene|Trick Room|p1b: Hatterene
|-fieldstart|move: Trick Room|[of] p1b: Hatterene
|
|-ability|p1a: Smeargle|Moody|boost
|-boost|p1a: Smeargle|atk|2
|-unboost|p1a: Smeargle|spd|1
|upkeep
|turn|2
|
|t:|1756947810
|move|p1b: Hatterene|Dazzling Gleam|p2b: Charizard|[spread] p2a,p2b
|-resisted|p2b: Charizard
|-damage|p2a: Incineroar|52/100
|-damage|p2b: Charizard|70/100
|-damage|p1b: Hatterene|65/100|[from] item: Life Orb
|move|p2a: Incineroar|Knock Off|p1b: Hatterene
|-damage|p1b: Hatterene|10/100
|-enditem|p1b: Hatterene|Life Orb|[from] move: Knock Off|[of] p2a: Incineroar
|move|p1a: Smeargle|Spore|p2b: Charizard
|-status|p2b: Charizard|slp|[from] move: Spore
|cant|p2b: Charizard|slp
|
|-ability|p1a: Smeargle|Moody|boost
|-boost|p1a: Smeargle|spe|2
|-unboost|p1a: Smeargle|spa|1
|upkeep
|turn|3
|
|t:|1756947829
|move|p1b: Hatterene|Dazzling Gleam|p2a: Incineroar|[spread] p2a,p2b
|-crit|p2a: Incineroar
|-resisted|p2b: Charizard
|-damage|p2a: Incineroar|0 fnt
|-damage|p2b: Charizard|48/100 slp
|faint|p2a: Incineroar
|cant|p2b: Charizard|slp
|move|p1a: Smeargle|Spore|p2b: Charizard
|-fail|p2b: Charizard|slp
|
|-ability|p1a: Smeargle|Moody|boost
|-boost|p1a: Smeargle|def|2
|-unboost|p1a: Smeargle|atk|1
|upkeep
|
|t:|1756947833
|switch|p2a: Torkoal|Torkoal, L50, M|100/100
|-weather|SunnyDay|[from] ability: Drought|[of] p2a: Torkoal
|turn|4
|
|t:|1756947846
|switch|p2b: Porygon2|Porygon2, L50, shiny|100/100
|-ability|p2b: Porygon2|Download|boost
|-boost|p2b: Porygon2|spa|1
|switch|p1a: Indeedee|Indeedee-F, L50, F|100/100
|-fieldstart|move: Psychic Terrain|[from] ability: Psychic Surge|[of] p1a: Indeedee
|-enditem|p1a: Indeedee|Psychic Seed
|-boost|p1a: Indeedee|spd|1|[from] item: Psychic Seed
|move|p2a: Torkoal|Eruption|p1b: Hatterene|[spread] p1a,p1b
|-resisted|p1b: Hatterene
|-damage|p1a: Indeedee|51/100
|-damage|p1b: Hatterene|0 fnt
|faint|p1b: Hatterene
|
|-weather|SunnyDay|[upkeep]
|upkeep
|
|t:|1756947862
|switch|p1b: Smeargle|Smeargle, L50, M|1/100
|turn|5
|
|t:|1756947877
|-terastallize|p2a: Torkoal|Fire
|move|p2a: Torkoal|Eruption|p1a: Indeedee|[spread] p1a,p1b
|-damage|p1a: Indeedee|0 fnt
|-damage|p1b: Smeargle|0 fnt
|faint|p1a: Indeedee
|faint|p1b: Smeargle
|move|p2b: Porygon2|Tera Blast|p1: Indeedee|[notarget]
|-fail|p2b: Porygon2
|
|-weather|SunnyDay|[upkeep]
|-fieldend|move: Trick Room
|upkeep
|
|t:|1756947883
|switch|p1b: Gallade|Gallade, L50, M|100/100
|turn|6
|
|t:|1756947893
|move|p2b: Porygon2|Tera Blast|p1b: Gallade
|-damage|p1b: Gallade|47/100
|move|p1b: Gallade|Psycho Cut|p2a: Torkoal
|-crit|p2a: Torkoal
|-damage|p2a: Torkoal|17/100
|move|p2a: Torkoal|Overheat|p1b: Gallade
|-damage|p1b: Gallade|0 fnt
|-unboost|p2a: Torkoal|spa|2
|faint|p1b: Gallade
|-enditem|p2a: Torkoal|Eject Pack
|
|win|ScrewSalesman
||Quill86 is ready for game 2.
||ScrewSalesman is ready for game 2.
|uhtml|next|Next: Game 2 of 3
|l|☆Quill86
|player|p1|
