|j|☆willem da ally
|j|☆Dr.Aero
|html|willem da allyDr.Aero    
|uhtml|bestof|Game 3 of a best-of-3
|t:|1784985761
|gametype|doubles
|player|p1|willem da ally|265|
|player|p2|Dr.Aero|cyrus|
|gen|9
|tier|[Gen 9 Champions] VGC 2026 Reg M-B (Bo3)
|rule|Species Clause: Limit one of each Pokémon
|rule|Item Clause: Limit 1 of each item
|clearpoke
|poke|p1|Camerupt, L50, F, shiny|
|poke|p1|Rotom-Wash, L50|
|poke|p1|Krookodile, L50, F|
|poke|p1|Metagross, L50|
|poke|p1|Basculegion, L50, M|
|poke|p1|Whimsicott, L50, M|
|poke|p2|Blastoise, L50, F|
|poke|p2|Aerodactyl, L50, M|
|poke|p2|Ariados, L50, M|
|poke|p2|Hydreigon, L50, M|
|poke|p2|Kangaskhan, L50, F|
|poke|p2|Ceruledge, L50, M|
|teampreview|4
|showteam|p1|Camerupt||Cameruptite|SolidRock|EarthPower,HeatWave,Flamethrower,Protect|Quiet||F|||50|]Rotom-Wash||ChoiceScarf|Levitate|Thunderbolt,VoltSwitch,Electroweb,Trick|Timid|||||50|]Krookodile||RoseliBerry|Intimidate|RockSlide,Earthquake,KnockOff,Protect|Jolly||F|||50|]Metagross||Metagrossite|ClearBody|IronHead,StompingTantrum,PsychicFangs,Protect|Adamant|||||50|]Basculegion||FocusSash|Adaptability|LastRespects,Liquidation,AquaJet,Protect|Adamant||M|||50|]Whimsicott||OccaBerry|Prankster|Tailwind,Encore,Moonblast,Protect|Calm||M|||50|
|showteam|p2|Blastoise||Blastoisinite|RainDish|WaterSpout,DarkPulse,ShellSmash,Protect|Modest||F|||50|]Aerodactyl||Aerodactylite|Unnerve|RockSlide,DualWingbeat,WideGuard,Protect|Adamant||M|||50|]Ariados||PoisonBarb|Insomnia|RagePowder,PoisonJab,SuckerPunch,Protect|Calm||M|||50|]Hydreigon||BlackGlasses|Levitate|DarkPulse,DracoMeteor,NastyPlot,Protect|Timid||M|||50|]Kangaskhan||ChopleBerry|Scrappy|FakeOut,DrainPunch,SuckerPunch,Protect|Jolly||F|||50|]Ceruledge||ChoiceScarf|FlashFire|BitterBlade,Poltergeist,PoisonJab,CloseCombat|Adamant||M|||50|
|inactive|Battle timer is ON: inactive players will automatically lose when time's up. (requested by willem da ally)
|inactive|Dr.Aero also wants the timer to be on.
|inactive|willem da ally has 60 seconds left.
|inactive|Dr.Aero has 60 seconds left.
|
|t:|1784985811
|teamsize|p1|4
|teamsize|p2|4
|start
|switch|p1a: Whimsicott|Whimsicott, L50, M|100/100
|switch|p1b: Metagross|Metagross, L50|100/100
|switch|p2a: Ariados|Ariados, L50, M|100/100
|switch|p2b: Aerodactyl|Aerodactyl, L50, M|100/100
|-ability|p2b: Aerodactyl|Unnerve
|turn|1
|
|t:|1784985824
|move|p2b: Aerodactyl|Protect|p2b: Aerodactyl
|-singleturn|p2b: Aerodactyl|Protect
|move|p1a: Whimsicott|Tailwind|p1a: Whimsicott
|-sidestart|p1: willem da ally|move: Tailwind
|move|p1b: Metagross|Iron Head|p2b: Aerodactyl
|-activate|p2b: Aerodactyl|move: Protect
|move|p2a: Ariados|Poison Jab|p1a: Whimsicott
|-supereffective|p1a: Whimsicott|2
|-damage|p1a: Whimsicott|0 fnt
|faint|p1a: Whimsicott
|
|upkeep
|
|t:|1784985832
|switch|p1a: Rotom|Rotom-Wash, L50|100/100
|turn|2
|
|t:|1784985849
|detailschange|p2b: Aerodactyl|Aerodactyl-Mega, L50, M
|-mega|p2b: Aerodactyl|Aerodactyl|Aerodactylite
|move|p2a: Ariados|Rage Powder|p2a: Ariados
|-singleturn|p2a: Ariados|move: Rage Powder
|move|p1a: Rotom|Volt Switch|p2a: Ariados
|-damage|p2a: Ariados|67/100
|
|t:|1784985861
|switch|p1a: Basculegion|Basculegion, L50, M|100/100|[from] Volt Switch
|move|p1b: Metagross|Psychic Fangs|p2a: Ariados
|-supereffective|p2a: Ariados|1
|-damage|p2a: Ariados|0 fnt
|faint|p2a: Ariados
|move|p2b: Aerodactyl|Dual Wingbeat|p1a: Basculegion
|-damage|p1a: Basculegion|61/100
|-crit|p1a: Basculegion
|-damage|p1a: Basculegion|4/100
|-hitcount|p1a: Basculegion|2
|
|upkeep
|
|t:|1784985872
|switch|p2a: Hydreigon|Hydreigon, L50, M|100/100
|turn|3
|
|t:|1784985891
|switch|p1a: Rotom|Rotom-Wash, L50|100/100
|detailschange|p1b: Metagross|Metagross-Mega, L50
|-mega|p1b: Metagross|Metagross|Metagrossite
|move|p2b: Aerodactyl|Protect|p2b: Aerodactyl
|-singleturn|p2b: Aerodactyl|Protect
|move|p1b: Metagross|Iron Head|p2a: Hydreigon
|-damage|p2a: Hydreigon|37/100
|move|p2a: Hydreigon|Dark Pulse|p1b: Metagross
|-supereffective|p1b: Metagross|1
|-damage|p1b: Metagross|12/100
|
|upkeep
|turn|4
|
|t:|1784985914
|move|p2a: Hydreigon|Protect|p2a: Hydreigon
|-singleturn|p2a: Hydreigon|Protect
|move|p1a: Rotom|Electroweb|p2b: Aerodactyl|[spread] p2b
|-activate|p2a: Hydreigon|move: Protect
|-supereffective|p2b: Aerodactyl|1
|-damage|p2b: Aerodactyl|59/100
|-unboost|p2b: Aerodactyl|spe|1
|move|p1b: Metagross|Iron Head|p2a: Hydreigon
|-activate|p2a: Hydreigon|move: Protect
|move|p2b: Aerodactyl|Rock Slide|p1b: Metagross|[spread] p1a,p1b
|-crit|p1a: Rotom
|-resisted|p1b: Metagross|1
|-damage|p1a: Rotom|28/100
|-damage|p1b: Metagross|0 fnt
|faint|p1b: Metagross
|
|-sideend|p1: willem da ally|move: Tailwind
|upkeep
|
|t:|1784985924
|switch|p1b: Basculegion|Basculegion, L50, M|4/100
|turn|5
|inactive|Dr.Aero has 30 seconds left.
|
|t:|1784985954
|move|p2b: Aerodactyl|Wide Guard|p2b: Aerodactyl
|-singleturn|p2b: Aerodactyl|Wide Guard
|move|p1b: Basculegion|Aqua Jet|p2b: Aerodactyl
|-supereffective|p2b: Aerodactyl|1
|-damage|p2b: Aerodactyl|0 fnt
|faint|p2b: Aerodactyl
|move|p1a: Rotom|Electroweb|p2a: Hydreigon
|-activate|p2a: Hydreigon|move: Wide Guard
|move|p2a: Hydreigon|Dark Pulse|p1b: Basculegion
|-supereffective|p1b: Basculegion|1
|-damage|p1b: Basculegion|0 fnt
|faint|p1b: Basculegion
|
|upkeep
|
|t:|1784985964
|switch|p2b: Ceruledge|Ceruledge, L50, M|100/100
|turn|6
|
|t:|1784985979
|move|p2a: Hydreigon|Protect|p2a: Hydreigon
|-singleturn|p2a: Hydreigon|Protect
|move|p1a: Rotom|Electroweb|p2a: Hydreigon|[spread] p2b
|-activate|p2a: Hydreigon|move: Protect
|-damage|p2b: Ceruledge|78/100
|-unboost|p2b: Ceruledge|spe|1
|move|p2b: Ceruledge|Poison Jab|p1a: Rotom
|-damage|p1a: Rotom|0 fnt
|faint|p1a: Rotom
|
|win|Dr.Aero
|l|☆Dr.Aero
|player|p2|
|j|☆Dr.Aero
|player|p2|Dr.Aero|cyrus|
