|j|☆pupa202
|j|☆blundurus24
|html|pupa202blundurus24    
|uhtml|bestof|Game 1 of a best-of-3
|t:|1757841750
|gametype|doubles
|player|p1|pupa202|dawn|1056
|player|p2|blundurus24|102|1080
|gen|9
|tier|[Gen 9] VGC 2025 Reg H (Bo3)
|rated|
|rule|Species Clause: Limit one of each Pokémon
|rule|Item Clause: Limit 1 of each item
|clearpoke
|poke|p1|Whimsicott, L50, F|
|poke|p1|Porygon2, L50|
|poke|p1|Archaludon, L50, F|
|poke|p1|Incineroar, L50, F|
|poke|p1|Rillaboom, L50, F|
|poke|p1|Rotom-Wash, L50|
|poke|p2|Ursaluna, L50, M|
|poke|p2|Hatterene, L50, F|
|poke|p2|Torkoal, L50, F|
|poke|p2|Indeedee-F, L50, F|
|poke|p2|Lilligant-Hisui, L50, F|
|poke|p2|Sneasler, L50, F|
|teampreview|4
|showteam|p1|Whimsicott||FocusSash|Prankster|Tailwind,Encore,FakeTears,Moonblast|||F|||50|,,,,,Water]Porygon2||Eviolite|Trace|TrickRoom,Recover,TriAttack,IceBeam||||||50|,,,,,Ghost]Archaludon||AssaultVest|Stamina|ElectroShot,FlashCannon,DragonPulse,BodyPress|||F|||50|,,,,,Grass]Incineroar||SafetyGoggles|Intimidate|FakeOut,KnockOff,FlareBlitz,PartingShot|||F|||50|,,,,,Grass]Rillaboom||MiracleSeed|GrassySurge|GrassyGlide,WoodHammer,FakeOut,Protect|||F|||50|,,,,,Fire]Rotom-Wash||SitrusBerry|Levitate|Thunderbolt,HydroPump,WillOWisp,Protect||||||50|,,,,,Grass
|showteam|p2|Ursaluna||FlameOrb|Guts|Facade,HeadlongRush,Protect,Crunch|||M|||50|,,,,,Ghost]Hatterene||LifeOrb|MagicBounce|ExpandingForce,DazzlingGleam,Protect,TrickRoom|||F|||50|,,,,,Water]Torkoal||ChoiceSpecs|Drought|Eruption,WeatherBall,HeatWave,EarthPower|||F|||50|,,,,,Fire]Indeedee-F||SafetyGoggles|PsychicSurge|FollowMe,HelpingHand,TrickRoom,Psychic|||F|||50|,,,,,Fairy]Lilligant-Hisui||FocusSash|Chlorophyll|Encore,LeafBlade,CloseCombat,AfterYou|||F|||50|,,,,,Ghost]Sneasler||PsychicSeed|Unburden|Taunt,Protect,DireClaw,CloseCombat|||F|||50|,,,,,Dark
|
|t:|1757841797
|teamsize|p1|4
|teamsize|p2|4
|start
|switch|p1a: Rotom|Rotom-Wash, L50|100/100
|switch|p1b: Porygon2|Porygon2, L50|100/100
|switch|p2a: Torkoal|Torkoal, L50, F|100/100
|switch|p2b: Lilligant|Lilligant-Hisui, L50, F, shiny|100/100
|-ability|p1b: Porygon2|Drought|Trace|[from] ability: Trace|[of] p2a: Torkoal
|-weather|SunnyDay|[from] ability: Drought|[of] p1b: Porygon2
|turn|1
|
|t:|1757841828
|-terastallize|p2a: Torkoal|Fire
|move|p2b: Lilligant|Close Combat|p1b: Porygon2
|-supereffective|p1b: Porygon2
|-damage|p1b: Porygon2|30/100
|-unboost|p2b: Lilligant|def|1
|-unboost|p2b: Lilligant|spd|1
|move|p1a: Rotom|Hydro Pump|p2a: Torkoal|[miss]
|-miss|p1a: Rotom|p2a: Torkoal
|move|p1b: Porygon2|Ice Beam|p2b: Lilligant
|-supereffective|p2b: Lilligant
|-damage|p2b: Lilligant|3/100
|move|p2a: Torkoal|Heat Wave|p1a: Rotom|[spread] p1a,p1b
|-resisted|p1a: Rotom
|-damage|p1a: Rotom|66/100
|-damage|p1b: Porygon2|0 fnt
|faint|p1b: Porygon2
|
|-weather|SunnyDay|[upkeep]
|upkeep
|
|t:|1757841844
|switch|p1b: Rillaboom|Rillaboom, L50, F|100/100
|-fieldstart|move: Grassy Terrain|[from] ability: Grassy Surge|[of] p1b: Rillaboom
|turn|2
|
|t:|1757841859
|-terastallize|p1b: Rillaboom|Fire
|move|p1b: Rillaboom|Grassy Glide|p2b: Lilligant
|-resisted|p2b: Lilligant
|-damage|p2b: Lilligant|0 fnt
|faint|p2b: Lilligant
|move|p1a: Rotom|Hydro Pump|p2a: Torkoal
|-supereffective|p2a: Torkoal
|-damage|p2a: Torkoal|49/100
|move|p2a: Torkoal|Heat Wave|p1a: Rotom|[spread] p1a,p1b
|-resisted|p1a: Rotom
|-resisted|p1b: Rillaboom
|-damage|p1a: Rotom|29/100
|-damage|p1b: Rillaboom|50/100
|-enditem|p1a: Rotom|Sitrus Berry|[eat]
|-heal|p1a: Rotom|54/100|[from] item: Sitrus Berry
|
|-weather|SunnyDay|[upkeep]
|-heal|p1b: Rillaboom|56/100|[from] Grassy Terrain
|-heal|p2a: Torkoal|56/100|[from] Grassy Terrain
|upkeep
|
|t:|1757841872
|switch|p2b: Indeedee|Indeedee-F, L50, F, shiny|100/100
|-fieldstart|move: Psychic Terrain|[from] ability: Psychic Surge|[of] p2b: Indeedee
|turn|3
|
|t:|1757841882
|switch|p1b: Incineroar|Incineroar, L50, F|100/100
|-ability|p1b: Incineroar|Intimidate|boost
|-unboost|p2a: Torkoal|atk|1
|-unboost|p2b: Indeedee|atk|1
|move|p2b: Indeedee|Follow Me|p2b: Indeedee
|-singleturn|p2b: Indeedee|move: Follow Me
|move|p1a: Rotom|Hydro Pump|p2b: Indeedee|[miss]
|-miss|p1a: Rotom|p2b: Indeedee
|move|p2a: Torkoal|Heat Wave|p1b: Incineroar|[spread] p1a,p1b
|-resisted|p1a: Rotom
|-resisted|p1b: Incineroar
|-damage|p1a: Rotom|18/100
|-damage|p1b: Incineroar|65/100
|
|-weather|SunnyDay|[upkeep]
|upkeep
|turn|4
|
|t:|1757841909
|switch|p1a: Rillaboom|Rillaboom, L50, F, tera:Fire|56/100
|-fieldstart|move: Grassy Terrain|[from] ability: Grassy Surge|[of] p1a: Rillaboom
|move|p1b: Incineroar|Fake Out|p2a: Torkoal
|-damage|p2a: Torkoal|45/100
|move|p2b: Indeedee|Psychic|p1a: Rillaboom
|-damage|p1a: Rillaboom|22/100
|cant|p2a: Torkoal|flinch
|
|-weather|SunnyDay|[upkeep]
|-heal|p1a: Rillaboom|28/100|[from] Grassy Terrain
|-heal|p1b: Incineroar|71/100|[from] Grassy Terrain
|-heal|p2a: Torkoal|52/100|[from] Grassy Terrain
|upkeep
|turn|5
|
|t:|1757841944
|move|p1a: Rillaboom|Fake Out|p2b: Indeedee
|-damage|p2b: Indeedee|86/100
|cant|p2b: Indeedee|flinch
|move|p1b: Incineroar|Knock Off|p2b: Indeedee
|-supereffective|p2b: Indeedee
|-damage|p2b: Indeedee|8/100
|-enditem|p2b: Indeedee|Safety Goggles|[from] move: Knock Off|[of] p1b: Incineroar
|move|p2a: Torkoal|Heat Wave|p1b: Incineroar|[spread] p1a,p1b
|-resisted|p1a: Rillaboom
|-resisted|p1b: Incineroar
|-crit|p1b: Incineroar
|-damage|p1a: Rillaboom|0 fnt
|-damage|p1b: Incineroar|20/100
|faint|p1a: Rillaboom
|
|-weather|none
|-heal|p2b: Indeedee|14/100|[from] Grassy Terrain
|-heal|p1b: Incineroar|26/100|[from] Grassy Terrain
|-heal|p2a: Torkoal|58/100|[from] Grassy Terrain
|upkeep
|
|t:|1757841959
|switch|p1a: Rotom|Rotom-Wash, L50|18/100
|turn|6
|
|t:|1757841971
|move|p2b: Indeedee|Follow Me|p2b: Indeedee
|-singleturn|p2b: Indeedee|move: Follow Me
|move|p1a: Rotom|Thunderbolt|p2b: Indeedee
|-damage|p2b: Indeedee|0 fnt
|faint|p2b: Indeedee
|move|p1b: Incineroar|Knock Off|p2a: Torkoal
|-damage|p2a: Torkoal|25/100
|-enditem|p2a: Torkoal|Choice Specs|[from] move: Knock Off|[of] p1b: Incineroar
|move|p2a: Torkoal|Heat Wave|p1a: Rotom|[spread] p1a,p1b
|-resisted|p1a: Rotom
|-resisted|p1b: Incineroar
|-damage|p1a: Rotom|2/100
|-damage|p1b: Incineroar|10/100
|
|-heal|p1b: Incineroar|16/100|[from] Grassy Terrain
|-heal|p2a: Torkoal|32/100|[from] Grassy Terrain
|upkeep
|
|t:|1757841986
|switch|p2b: Sneasler|Sneasler, L50, F|100/100
|turn|7
|
|t:|1757842014
|move|p2b: Sneasler|Dire Claw|p1a: Rotom
|-damage|p1a: Rotom|0 fnt
|faint|p1a: Rotom
|move|p1b: Incineroar|Flare Blitz|p2b: Sneasler
|-damage|p2b: Sneasler|15/100
|-status|p2b: Sneasler|brn
|-damage|p1b: Incineroar|0 fnt|[from] Recoil
|faint|p1b: Incineroar
|
|win|blundurus24
|inactive|pupa202 has 30 seconds to confirm battle start!
|inactive|blundurus24 has 30 seconds to confirm battle start!
||pupa202 is ready for game 2.
||blundurus24 is ready for game 2.
|uhtml|next|Next: Game 2 of 3
|l|☆pupa202
|player|p1|
|l|☆blundurus24
|player|p2|
