|j|☆ToastedArt
|j|☆zephnix
|html|ToastedArtzephnix    
|uhtml|bestof|Game 1 of a best-of-3
|t:|1785204131
|gametype|doubles
|player|p1|ToastedArt|iris|1062
|player|p2|zephnix|lucas-gen4pt|1092
|gen|9
|tier|[Gen 9 Champions] VGC 2026 Reg M-B (Bo3)
|rated|
|rule|Species Clause: Limit one of each Pokémon
|rule|Item Clause: Limit 1 of each item
|clearpoke
|poke|p1|Vanilluxe, L50, M, shiny|
|poke|p1|Sneasler, L50, M|
|poke|p1|Sinistcha, L50, shiny|
|poke|p1|Raichu, L50, F|
|poke|p1|Incineroar, L50, M|
|poke|p1|Azumarill, L50, M|
|poke|p2|Gallade, L50, M, shiny|
|poke|p2|Maushold-Four, L50|
|poke|p2|Basculegion, L50, M|
|poke|p2|Archaludon, L50, M|
|poke|p2|Pelipper, L50, M|
|poke|p2|Sinistcha, L50|
|teampreview|4
|showteam|p1|Vanilluxe||ChoiceScarf|SnowWarning|Blizzard,FreezeDry,IcyWind,SheerCold|Timid||M|||50|]Sneasler||FocusSash|PoisonTouch|PoisonJab,CloseCombat,FakeOut,Taunt|Adamant||M|||50|]Sinistcha||ColburBerry|Heatproof|MatchaGotcha,RagePowder,TrickRoom,Protect|Modest|||||50|]Raichu||RaichuniteY|LightningRod|ZapCannon,FocusBlast,Substitute,Protect|Timid||F|||50|]Incineroar||Charcoal|Intimidate|FlareBlitz,ThroatChop,FakeOut,PartingShot|Adamant||M|||50|]Azumarill||SitrusBerry|HugePower|PlayRough,AquaJet,BellyDrum,Protect|Adamant||M|||50|
|showteam|p2|Gallade||Galladite|Justified|ShadowSneak,StoneEdge,Protect,DrainPunch|Jolly||M|||50|]Maushold-Four||Leftovers|FriendGuard|FollowMe,SuperFang,Protect,BeatUp|Timid|||||50|]Basculegion||MysticWater|SwiftSwim|AquaJet,WaveCrash,Protect,LastRespects|Serious||M|||50|]Archaludon||DragonFang|Sturdy|FlashCannon,DracoMeteor,Protect,ElectroShot|Serious||M|||50|]Pelipper||FocusSash|Drizzle|Hurricane,WeatherBall,Protect,Tailwind|Serious||M|||50|]Sinistcha||SitrusBerry|Hospitality|MatchaGotcha,RagePowder,ShadowBall,LifeDew|Serious|||||50|
|inactive|Battle timer is ON: inactive players will automatically lose when time's up. (requested by ToastedArt)
|inactive|ToastedArt has 60 seconds left.
|inactive|zephnix has 60 seconds left.
|
|t:|1785204164
|teamsize|p1|4
|teamsize|p2|4
|start
|switch|p1a: Ol' Betsy|Raichu, L50, F|100/100
|switch|p1b: Vanilluxe|Vanilluxe, L50, M, shiny|100/100
|switch|p2a: Gallade|Gallade, L50, M, shiny|100/100
|switch|p2b: Maushold|Maushold-Four, L50|100/100
|-weather|Snowscape|[from] ability: Snow Warning|[of] p1b: Vanilluxe
|turn|1
|
|t:|1785204182
|detailschange|p1a: Ol' Betsy|Raichu-Mega-Y, L50, F
|-mega|p1a: Ol' Betsy|Raichu|Raichunite Y
|move|p1b: Vanilluxe|Blizzard|p2a: Gallade|[spread] p2a,p2b
|-damage|p2a: Gallade|72/100
|-damage|p2b: Maushold|48/100
|move|p2b: Maushold|Beat Up|p2a: Gallade
|-damage|p2a: Gallade|69/100
|-ability|p2a: Gallade|Justified|boost
|-boost|p2a: Gallade|atk|1
|-damage|p2a: Gallade|66/100
|-ability|p2a: Gallade|Justified|boost
|-boost|p2a: Gallade|atk|1
|-damage|p2a: Gallade|64/100
|-ability|p2a: Gallade|Justified|boost
|-boost|p2a: Gallade|atk|1
|-damage|p2a: Gallade|61/100
|-ability|p2a: Gallade|Justified|boost
|-boost|p2a: Gallade|atk|1
|-hitcount|p2a: Gallade|4
|move|p1a: Ol' Betsy|Zap Cannon|p2a: Gallade
|-damage|p2a: Gallade|15/100
|-status|p2a: Gallade|par
|cant|p2a: Gallade|par
|
|-weather|Snowscape|[upkeep]
|-heal|p2b: Maushold|54/100|[from] item: Leftovers
|upkeep
|turn|2
|inactive|zephnix has 30 seconds left.
|inactive|zephnix has 20 seconds left.
|inactive|zephnix has 15 seconds left.
|inactive|zephnix has 10 seconds left.
|
|t:|1785204229
|switch|p2b: Sinistcha|Sinistcha, L50|100/100
|-heal|p2a: Gallade|40/100 par|[from] ability: Hospitality|[of] p2b: Sinistcha
|detailschange|p2a: Gallade|Gallade-Mega, L50, M, shiny
|-mega|p2a: Gallade|Gallade|Galladite
|move|p1b: Vanilluxe|Blizzard|p2b: Sinistcha|[spread] p2a,p2b
|-supereffective|p2b: Sinistcha|1
|-damage|p2a: Gallade|1/100 par
|-damage|p2b: Sinistcha|15/100
|-enditem|p2b: Sinistcha|Sitrus Berry|[eat]
|-heal|p2b: Sinistcha|40/100|[from] item: Sitrus Berry
|move|p1a: Ol' Betsy|Zap Cannon|p2b: Sinistcha
|-resisted|p2b: Sinistcha|1
|-damage|p2b: Sinistcha|3/100
|-status|p2b: Sinistcha|par
|move|p2a: Gallade|Drain Punch|p1b: Vanilluxe
|-supereffective|p1b: Vanilluxe|1
|-damage|p1b: Vanilluxe|0 fnt
|-heal|p2a: Gallade|46/100 par|[from] drain|[of] p1b: Vanilluxe
|faint|p1b: Vanilluxe
|
|-weather|Snowscape|[upkeep]
|upkeep
|
|t:|1785204244
|switch|p1b: Incineroar|Incineroar, L50, M|100/100
|-ability|p1b: Incineroar|Intimidate|boost
|-fail|p2a: Gallade|unboost|Attack|[from] ability: Inner Focus|[of] p2a: Gallade
|-unboost|p2b: Sinistcha|atk|1
|turn|3
|
|t:|1785204260
|move|p2b: Sinistcha|Rage Powder|p2b: Sinistcha
|-singleturn|p2b: Sinistcha|move: Rage Powder
|move|p1a: Ol' Betsy|Zap Cannon|p2b: Sinistcha
|-resisted|p2b: Sinistcha|1
|-damage|p2b: Sinistcha|0 fnt
|faint|p2b: Sinistcha
|move|p1b: Incineroar|Flare Blitz|p2a: Gallade
|-damage|p2a: Gallade|0 fnt
|faint|p2a: Gallade
|-damage|p1b: Incineroar|87/100|[from] Recoil
|
|-weather|Snowscape|[upkeep]
|upkeep
|
|t:|1785204272
|switch|p2a: Maushold|Maushold-Four, L50|54/100
|switch|p2b: Pelipper|Pelipper, L50, M|100/100
|-weather|RainDance|[from] ability: Drizzle|[of] p2b: Pelipper
|turn|4
|
|t:|1785204283
|switch|p1b: Pickle Cup|Sinistcha, L50, shiny|100/100
|move|p2a: Maushold|Follow Me|p2a: Maushold
|-singleturn|p2a: Maushold|move: Follow Me
|move|p1a: Ol' Betsy|Zap Cannon|p2a: Maushold
|-damage|p2a: Maushold|0 fnt
|faint|p2a: Maushold
|move|p2b: Pelipper|Weather Ball|p1a: Ol' Betsy
|-damage|p1a: Ol' Betsy|13/100
|
|-weather|RainDance|[upkeep]
|upkeep
|turn|5
|
|t:|1785204293
|move|p1b: Pickle Cup|Rage Powder|p1b: Pickle Cup
|-singleturn|p1b: Pickle Cup|move: Rage Powder
|move|p1a: Ol' Betsy|Zap Cannon|p2b: Pelipper
|-supereffective|p2b: Pelipper|2
|-enditem|p2b: Pelipper|Focus Sash
|-damage|p2b: Pelipper|1/100
|-status|p2b: Pelipper|par
|move|p2b: Pelipper|Hurricane|p1b: Pickle Cup
|-supereffective|p1b: Pickle Cup|1
|-crit|p1b: Pickle Cup
|-damage|p1b: Pickle Cup|0 fnt
|faint|p1b: Pickle Cup
|
|-weather|RainDance|[upkeep]
|upkeep
|
|t:|1785204309
|switch|p1b: Incineroar|Incineroar, L50, M|87/100
|-ability|p1b: Incineroar|Intimidate|boost
|-unboost|p2b: Pelipper|atk|1
|turn|6
|
|t:|1785204313
|move|p1b: Incineroar|Fake Out|p2b: Pelipper
|-crit|p2b: Pelipper
|-damage|p2b: Pelipper|0 fnt
|faint|p2b: Pelipper
|
|win|ToastedArt
