|j|☆notdoodenberg
|j|☆notTonyStark
|html|notdoodenbergnotTonyStark    
|uhtml|bestof|Game 1 of a best-of-3
|t:|1784565967
|gametype|doubles
|player|p1|notdoodenberg|265|1165
|player|p2|notTonyStark|266|1099
|gen|9
|tier|[Gen 9 Champions] VGC 2026 Reg M-B (Bo3)
|rated|
|rule|Species Clause: Limit one of each Pokémon
|rule|Item Clause: Limit 1 of each item
|clearpoke
|poke|p1|Floette-Eternal, L50, F|
|poke|p1|Delphox, L50, M|
|poke|p1|Sneasler, L50, M|
|poke|p1|Incineroar, L50, M|
|poke|p1|Kingambit, L50, F|
|poke|p1|Sinistcha, L50|
|poke|p2|Blaziken, L50, F|
|poke|p2|Torkoal, L50, F|
|poke|p2|Vileplume, L50, M|
|poke|p2|Trevenant, L50, F|
|poke|p2|Slowbro-Galar, L50, F|
|poke|p2|Wyrdeer, L50, M|
|teampreview|4
|showteam|p1|Floette-Eternal||Floettite|FlowerVeil|Protect,CalmMind,DazzlingGleam,Moonblast|Timid||F|||50|]Delphox||Delphoxite|Blaze|Protect,NastyPlot,Psychic,HeatWave|Modest||M|||50|]Sneasler||FocusSash|PoisonTouch|FakeOut,PoisonJab,CloseCombat,RockTomb|Jolly||M|||50|]Incineroar||SitrusBerry|Intimidate|FakeOut,ThroatChop,PartingShot,FlareBlitz|Careful||M|||50|]Kingambit||LifeOrb|Defiant|Protect,SwordsDance,SuckerPunch,KowtowCleave|Adamant||F|||50|]Sinistcha||OccaBerry|Hospitality|Protect,TrickRoom,RagePowder,MatchaGotcha|Bold|||||50|
|showteam|p2|Blaziken||Blazikenite|SpeedBoost|Protect,RockSlide,CloseCombat,FlareBlitz|Adamant||F|||50|]Torkoal||Charcoal|Drought|Eruption,EarthPower,SolarBeam,Protect|Quiet||F|||50|]Vileplume||Leftovers|Chlorophyll|AfterYou,StrengthSap,SludgeBomb,Protect|Timid||M|||50|]Trevenant||SitrusBerry|Harvest|HornLeech,SuckerPunch,WillOWisp,Protect|Sassy||F|||50|]Slowbro-Galar||QuickClaw|QuickDraw|ShellSideArm,DrainPunch,ZenHeadbutt,Protect|Relaxed||F|||50|]Wyrdeer||FocusSash|Intimidate|Protect,TrickRoom,FutureSight,Reflect|Sassy||M|||50|
|inactive|Battle timer is ON: inactive players will automatically lose when time's up. (requested by notTonyStark)
|inactive|notdoodenberg has 60 seconds left.
|
|t:|1784566027
|teamsize|p1|4
|teamsize|p2|4
|start
|switch|p1a: Delphox|Delphox, L50, M|100/100
|switch|p1b: Incineroar|Incineroar, L50, M|100/100
|switch|p2a: Wyrdeer|Wyrdeer, L50, M|100/100
|switch|p2b: Slowbro|Slowbro-Galar, L50, F|100/100
|-ability|p1b: Incineroar|Intimidate|boost
|-unboost|p2a: Wyrdeer|atk|1
|-unboost|p2b: Slowbro|atk|1
|-ability|p2a: Wyrdeer|Intimidate|boost
|-unboost|p1a: Delphox|atk|1
|-unboost|p1b: Incineroar|atk|1
|turn|1
|
|t:|1784566047
|detailschange|p1a: Delphox|Delphox-Mega, L50, M
|-mega|p1a: Delphox|Delphox|Delphoxite
|move|p2a: Wyrdeer|Protect|p2a: Wyrdeer
|-singleturn|p2a: Wyrdeer|Protect
|move|p1b: Incineroar|Fake Out|p2a: Wyrdeer
|-activate|p2a: Wyrdeer|move: Protect
|move|p1a: Delphox|Nasty Plot|p1a: Delphox
|-boost|p1a: Delphox|spa|2
|move|p2b: Slowbro|Shell Side Arm|p1a: Delphox|[anim] Shell Side Arm Physical
|-damage|p1a: Delphox|68/100
|-hint|Physical Shell Side Arm
|
|upkeep
|turn|2
|-activate|p2b: Slowbro|item: Quick Claw
|
|t:|1784566070
|move|p2b: Slowbro|Shell Side Arm|p1a: Delphox|[anim] Shell Side Arm Physical
|-damage|p1a: Delphox|36/100
|-hint|Physical Shell Side Arm
|move|p1a: Delphox|Heat Wave|p2b: Slowbro|[spread] p2a,p2b
|-damage|p2a: Wyrdeer|35/100
|-damage|p2b: Slowbro|2/100
|move|p1b: Incineroar|Throat Chop|p2a: Wyrdeer
|-supereffective|p2a: Wyrdeer|1
|-crit|p2a: Wyrdeer
|-damage|p2a: Wyrdeer|0 fnt
|faint|p2a: Wyrdeer
|
|upkeep
|
|t:|1784566081
|switch|p2a: Blaziken|Blaziken, L50, F|100/100
|turn|3
|inactive|notdoodenberg has 30 seconds left.
|
|t:|1784566107
|move|p1a: Delphox|Protect|p1a: Delphox
|-singleturn|p1a: Delphox|Protect
|move|p2a: Blaziken|Protect|p2a: Blaziken
|-singleturn|p2a: Blaziken|Protect
|move|p1b: Incineroar|Throat Chop|p2b: Slowbro
|-supereffective|p2b: Slowbro|1
|-damage|p2b: Slowbro|0 fnt
|faint|p2b: Slowbro
|
|-ability|p2a: Blaziken|Speed Boost|boost
|-boost|p2a: Blaziken|spe|1
|upkeep
|
|t:|1784566116
|switch|p2b: Torkoal|Torkoal, L50, F|100/100
|-weather|SunnyDay|[from] ability: Drought|[of] p2b: Torkoal
|turn|4
|
|t:|1784566137
|switch|p1a: Kingambit|Kingambit, L50, F|100/100
|detailschange|p2a: Blaziken|Blaziken-Mega, L50, F
|-mega|p2a: Blaziken|Blaziken|Blazikenite
|move|p2a: Blaziken|Protect|p2a: Blaziken
|-singleturn|p2a: Blaziken|Protect
|move|p1b: Incineroar|Parting Shot|p2a: Blaziken
|-activate|p2a: Blaziken|move: Protect
|move|p2b: Torkoal|Earth Power|p1b: Incineroar
|-supereffective|p1b: Incineroar|1
|-damage|p1b: Incineroar|59/100
|
|-weather|SunnyDay|[upkeep]
|-ability|p2a: Blaziken|Speed Boost|boost
|-boost|p2a: Blaziken|spe|1
|upkeep
|turn|5
|inactive|notdoodenberg has 30 seconds left.
|
|t:|1784566165
|move|p1a: Kingambit|Sucker Punch|p2b: Torkoal
|-damage|p2b: Torkoal|58/100
|-damage|p1a: Kingambit|90/100|[from] item: Life Orb
|move|p2a: Blaziken|Close Combat|p1b: Incineroar
|-supereffective|p1b: Incineroar|1
|-damage|p1b: Incineroar|0 fnt
|-unboost|p2a: Blaziken|def|1
|-unboost|p2a: Blaziken|spd|1
|faint|p1b: Incineroar
|move|p2b: Torkoal|Eruption|p1a: Kingambit
|-supereffective|p1a: Kingambit|1
|-damage|p1a: Kingambit|0 fnt
|faint|p1a: Kingambit
|
|-weather|SunnyDay|[upkeep]
|-ability|p2a: Blaziken|Speed Boost|boost
|-boost|p2a: Blaziken|spe|1
|upkeep
|
|t:|1784566171
|switch|p1b: Sneasler|Sneasler, L50, M|100/100
|switch|p1a: Delphox|Delphox-Mega, L50, M|36/100
|turn|6
|
|t:|1784566184
|move|p2a: Blaziken|Protect|p2a: Blaziken
|-singleturn|p2a: Blaziken|Protect
|move|p2b: Torkoal|Protect|p2b: Torkoal
|-singleturn|p2b: Torkoal|Protect
|move|p1b: Sneasler|Fake Out|p2a: Blaziken
|-activate|p2a: Blaziken|move: Protect
|move|p1a: Delphox|Psychic|p2b: Torkoal
|-activate|p2b: Torkoal|move: Protect
|
|-weather|SunnyDay|[upkeep]
|-ability|p2a: Blaziken|Speed Boost|boost
|-boost|p2a: Blaziken|spe|1
|upkeep
|turn|7
|
|t:|1784566205
|move|p2a: Blaziken|Rock Slide|p1a: Delphox|[spread] p1a,p1b
|-supereffective|p1a: Delphox|1
|-resisted|p1b: Sneasler|1
|-damage|p1a: Delphox|0 fnt
|-damage|p1b: Sneasler|78/100
|faint|p1a: Delphox
|move|p1b: Sneasler|Close Combat|p2a: Blaziken
|-damage|p2a: Blaziken|0 fnt
|-unboost|p1b: Sneasler|def|1
|-unboost|p1b: Sneasler|spd|1
|faint|p2a: Blaziken
|move|p2b: Torkoal|Earth Power|p1b: Sneasler
|-supereffective|p1b: Sneasler|1
|-damage|p1b: Sneasler|0 fnt
|faint|p1b: Sneasler
|
|win|notTonyStark
