|j|☆Jessditta
|j|☆itina99
|html|Jessdittaitina99    
|uhtml|bestof|Game 1 of a best-of-3
|t:|1757923671
|gametype|doubles
|player|p1|Jessditta|hilda|1252
|player|p2|itina99|n|1233
|gen|9
|tier|[Gen 9] VGC 2025 Reg H (Bo3)
|rated|
|rule|Species Clause: Limit one of each Pokémon
|rule|Item Clause: Limit 1 of each item
|clearpoke
|poke|p1|Weezing, L50, F|
|poke|p1|Sneasler, L50, M|
|poke|p1|Slaking, L50, M|
|poke|p1|Tatsugiri, L50, F|
|poke|p1|Indeedee, L50, M|
|poke|p1|Dondozo, L50, M|
|poke|p2|Sneasler, L50, M|
|poke|p2|Dragapult, L50, M|
|poke|p2|Primarina, L50, M|
|poke|p2|Kingambit, L50, M|
|poke|p2|Magmar, L50, M|
|poke|p2|Rillaboom, L50, M|
|teampreview|4
|showteam|p1|Weezing||CovertCloak|NeutralizingGas|SludgeBomb,WillOWisp,PoisonGas,Protect|||F|||50|,,,,,Flying]Sneasler||PsychicSeed|Unburden|DireClaw,ThroatChop,CloseCombat,Protect|||M|||50|,,,,,Dark]Slaking||ChoiceBand|Truant|Earthquake,HighHorsepower,KnockOff,DoubleEdge|||M|||50|,,,,,Ghost]Tatsugiri||SafetyGoggles|Commander|MuddyWater,DracoMeteor,HelpingHand,Protect|||F|||50|,,,,,Fairy]Indeedee||ChoiceScarf|PsychicSurge|ExpandingForce,DazzlingGleam,HelpingHand,TrickRoom|||M|||50|,,,,,Psychic]Dondozo||Leftovers|Unaware|WaveCrash,OrderUp,Earthquake,Protect|||M|||50|,,,,,Grass
|showteam|p2|Sneasler||FocusSash|PoisonTouch|CloseCombat,DireClaw,FakeOut,Protect|||M|||50|,,,,,Stellar]Dragapult||ChoiceBand|ClearBody|DragonDarts,TeraBlast,PhantomForce,Uturn|||M|||50|,,,,,Ghost]Primarina||SitrusBerry|LiquidVoice|HyperVoice,Moonblast,Haze,Protect|||M|||50|,,,,,Poison]Kingambit||BlackGlasses|Defiant|KowtowCleave,SuckerPunch,SwordsDance,Protect|||M|||50|,,,,,Ghost]Magmar||Eviolite|VitalSpirit|Overheat,WillOWisp,FollowMe,Protect|||M|||50|,,,,,Ghost]Rillaboom||AssaultVest|GrassySurge|WoodHammer,GrassyGlide,HighHorsepower,FakeOut|||M|||50|,,,,,Fire
|
|t:|1757923742
|teamsize|p1|4
|teamsize|p2|4
|start
|switch|p1a: Weezing|Weezing, L50, F|100/100
|switch|p1b: Slaking|Slaking, L50, M|100/100
|switch|p2a: Magmar|Magmar, L50, M|100/100
|switch|p2b: Dragapult|Dragapult, L50, M|100/100
|-ability|p1a: Weezing|Neutralizing Gas
|turn|1
|
|t:|1757923774
|move|p1a: Weezing|Protect|p1a: Weezing
|-singleturn|p1a: Weezing|Protect
|move|p2b: Dragapult|Dragon Darts|p1b: Slaking
|-damage|p1b: Slaking|70/100
|-anim|p2b: Dragapult|Dragon Darts|p1b: Slaking
|-damage|p1b: Slaking|35/100
|move|p1b: Slaking|Earthquake|p2b: Dragapult|[spread] p2a,p2b
|-activate|p1a: Weezing|move: Protect
|-supereffective|p2a: Magmar
|-damage|p2a: Magmar|31/100
|-damage|p2b: Dragapult|38/100
|move|p2a: Magmar|Will-O-Wisp|p1b: Slaking
|-status|p1b: Slaking|brn
|
|-damage|p1b: Slaking|28/100 brn|[from] brn
|upkeep
|turn|2
|inactive|Battle timer is ON: inactive players will automatically lose when time's up. (requested by itina99)
|
|t:|1757923815
|-terastallize|p1a: Weezing|Flying
|move|p2a: Magmar|Follow Me|p2a: Magmar
|-singleturn|p2a: Magmar|move: Follow Me
|move|p2b: Dragapult|Dragon Darts|p1b: Slaking
|-damage|p1b: Slaking|0 fnt
|-anim|p2b: Dragapult|Dragon Darts|p1a: Weezing
|-damage|p1a: Weezing|64/100
|faint|p1b: Slaking
|move|p1a: Weezing|Poison Gas|p2b: Dragapult|[spread] p2a,p2b
|-status|p2a: Magmar|psn
|-status|p2b: Dragapult|psn
|
|-damage|p2b: Dragapult|25/100 psn|[from] psn
|-damage|p2a: Magmar|19/100 psn|[from] psn
|upkeep
|
|t:|1757923832
|switch|p1b: Dondozo|Dondozo, L50, M|100/100
|turn|3
|inactive|Jessditta has 30 seconds left.
|
|t:|1757923859
|-end|p1a: Weezing|ability: Neutralizing Gas
|switch|p1a: Tatsugiri|Tatsugiri, L50, F|100/100
|-activate|p1a: Tatsugiri|ability: Commander|[of] p1b: Dondozo
|-boost|p1b: Dondozo|atk|2
|-boost|p1b: Dondozo|spa|2
|-boost|p1b: Dondozo|spe|2
|-boost|p1b: Dondozo|def|2
|-boost|p1b: Dondozo|spd|2
|move|p2b: Dragapult|Dragon Darts|p1b: Dondozo
|-damage|p1b: Dondozo|88/100
|-anim|p2b: Dragapult|Dragon Darts|p1b: Dondozo
|-damage|p1b: Dondozo|76/100
|move|p2a: Magmar|Will-O-Wisp|p1b: Dondozo
|-status|p1b: Dondozo|brn
|move|p1b: Dondozo|Earthquake|p2b: Dragapult|[spread] p2a,p2b
|-miss|p1b: Dondozo|p1a: Tatsugiri
|-supereffective|p2a: Magmar
|-damage|p2a: Magmar|0 fnt
|-damage|p2b: Dragapult|0 fnt
|faint|p2a: Magmar
|faint|p2b: Dragapult
|
|-heal|p1b: Dondozo|82/100 brn|[from] item: Leftovers
|-damage|p1b: Dondozo|76/100 brn|[from] brn
|upkeep
|inactive|itina99 has 30 seconds left.
|
|t:|1757923888
|switch|p2b: Sneasler|Sneasler, L50, M|100/100
|switch|p2a: Rillaboom|Rillaboom, L50, M|100/100
|-fieldstart|move: Grassy Terrain|[from] ability: Grassy Surge|[of] p2a: Rillaboom
|turn|4
|
|t:|1757923899
|move|p2b: Sneasler|Dire Claw|p1b: Dondozo
|-damage|p1b: Dondozo|63/100 brn
|move|p2a: Rillaboom|Wood Hammer|p1b: Dondozo
|-supereffective|p1b: Dondozo
|-damage|p1b: Dondozo|16/100 brn
|-damage|p2a: Rillaboom|81/100|[from] Recoil
|move|p1b: Dondozo|Order Up|p2b: Sneasler
|-damage|p2b: Sneasler|55/100
|-boost|p1b: Dondozo|atk|1
|
|-heal|p2b: Sneasler|60/100|[from] Grassy Terrain
|-heal|p2a: Rillaboom|87/100|[from] Grassy Terrain
|-heal|p1b: Dondozo|22/100 brn|[from] Grassy Terrain
|-heal|p1b: Dondozo|29/100 brn|[from] item: Leftovers
|-damage|p1b: Dondozo|22/100 brn|[from] brn
|upkeep
|turn|5
|inactive|Jessditta has 30 seconds left.
|inactive|itina99 has 30 seconds left.
|inactive|Jessditta has 20 seconds left.
|inactive|Jessditta has 15 seconds left.
|
|t:|1757923941
|move|p2b: Sneasler|Close Combat|p1b: Dondozo
|-damage|p1b: Dondozo|1/100 brn
|-unboost|p2b: Sneasler|def|1
|-unboost|p2b: Sneasler|spd|1
|move|p2a: Rillaboom|Wood Hammer|p1b: Dondozo
|-supereffective|p1b: Dondozo
|-damage|p1b: Dondozo|0 fnt
|faint|p1b: Dondozo
|-damage|p2a: Rillaboom|86/100|[from] Recoil
|
|-heal|p2b: Sneasler|66/100|[from] Grassy Terrain
|-heal|p2a: Rillaboom|92/100|[from] Grassy Terrain
|upkeep
|
|t:|1757923948
|switch|p1b: Weezing|Weezing, L50, F, tera:Flying|64/100
|-ability|p1b: Weezing|Neutralizing Gas
|turn|6
|inactive|itina99 has 30 seconds left.
|
|t:|1757923977
|move|p1a: Tatsugiri|Protect|p1a: Tatsugiri
|-singleturn|p1a: Tatsugiri|Protect
|move|p2b: Sneasler|Dire Claw|p1b: Weezing
|-damage|p1b: Weezing|25/100
|move|p2a: Rillaboom|Wood Hammer|p1a: Tatsugiri
|-activate|p1a: Tatsugiri|move: Protect
|move|p1b: Weezing|Sludge Bomb|p2a: Rillaboom
|-supereffective|p2a: Rillaboom
|-damage|p2a: Rillaboom|53/100
|
|-heal|p2b: Sneasler|72/100|[from] Grassy Terrain
|-heal|p2a: Rillaboom|59/100|[from] Grassy Terrain
|upkeep
|turn|7
|-message|Jessditta forfeited.
|
|win|itina99
|l|☆Jessditta
|player|p1|
||itina99 is ready for game 2.
|inactive|Jessditta has 30 seconds to confirm battle start!
||Jessditta is ready for game 2.
|uhtml|next|Next: Game 2 of 3
