|j|☆plaidhaxx
|j|☆SpacegliderSteve
|html|plaidhaxxSpacegliderSteve    
|uhtml|bestof|Game 2 of a best-of-3
|t:|1785955058
|gametype|doubles
|player|p1|plaidhaxx|grimsley|
|player|p2|SpacegliderSteve|101|
|gen|9
|tier|[Gen 9 Champions] VGC 2026 Reg M-B (Bo3)
|rule|Species Clause: Limit one of each Pokémon
|rule|Item Clause: Limit 1 of each item
|clearpoke
|poke|p1|Kommo-o, L50, F|
|poke|p1|Excadrill, L50, F|
|poke|p1|Tyranitar, L50, M|
|poke|p1|Grimmsnarl, L50, M|
|poke|p1|Scovillain, L50, M|
|poke|p1|Basculegion, L50, M|
|poke|p2|Raichu, L50, F|
|poke|p2|Staraptor, L50, F|
|poke|p2|Arcanine-Hisui, L50, M|
|poke|p2|Farigiraf, L50, M|
|poke|p2|Sylveon, L50, F|
|poke|p2|Kingambit, L50, M|
|teampreview|4
|showteam|p1|Kommo-o||Leftovers|Overcoat|ClangingScales,ClangorousSoul,AuraSphere,Protect|Modest||F|||50|]Excadrill||LifeOrb|SandRush|HighHorsepower,RockSlide,IronHead,Protect|Adamant||F|||50|]Tyranitar||Tyranitarite|SandStream|DragonDance,RockSlide,KnockOff,Protect|Jolly||M|||50|]Grimmsnarl||LightClay|Prankster|SpiritBreak,LightScreen,Reflect,FakeOut|Impish||M|||50|]Scovillain||Scovillainite|Moody|Protect,RagePowder,Overheat,EnergyBall|Bold||M|||50|]Basculegion||ChoiceScarf|Adaptability|WaveCrash,LastRespects,AquaJet,FlipTurn|Adamant||M|||50|
|showteam|p2|Raichu||RaichuniteY|LightningRod|ZapCannon,FocusBlast,FakeOut,Protect|Timid||F|||50|]Staraptor||Staraptite|Intimidate|CloseCombat,DualWingbeat,Tailwind,Protect|Jolly||F|||50|]Arcanine-Hisui||FocusSash|RockHead|FlareBlitz,HeadSmash,ExtremeSpeed,Protect|Jolly||M|||50|]Farigiraf||SitrusBerry|ArmorTail|Psychic,HelpingHand,TrickRoom,Protect|Calm||M|||50|]Sylveon||FairyFeather|Pixilate|HyperVoice,QuickAttack,HyperBeam,Detect|Modest||F|||50|]Kingambit||LifeOrb|Defiant|KowtowCleave,SuckerPunch,SwordsDance,Protect|Adamant||M|||50|
|
|t:|1785955070
|teamsize|p1|4
|teamsize|p2|4
|start
|switch|p1a: Scovillain|Scovillain, L50, M|100/100
|switch|p1b: Tyranitar|Tyranitar, L50, M|100/100
|switch|p2a: Staraptor|Staraptor, L50, F|100/100
|switch|p2b: Sylveon|Sylveon, L50, F|100/100
|-ability|p2a: Staraptor|Intimidate|boost
|-unboost|p1a: Scovillain|atk|1
|-unboost|p1b: Tyranitar|atk|1
|-weather|Sandstorm|[from] ability: Sand Stream|[of] p1b: Tyranitar
|turn|1
|
|t:|1785955109
|switch|p2a: Farigiraf|Farigiraf, L50, M|100/100
|detailschange|p1a: Scovillain|Scovillain-Mega, L50, M
|-mega|p1a: Scovillain|Scovillain|Scovillainite
|move|p1a: Scovillain|Rage Powder|p1a: Scovillain
|-singleturn|p1a: Scovillain|move: Rage Powder
|move|p1b: Tyranitar|Rock Slide|p2a: Farigiraf|[spread] p2b
|-miss|p1b: Tyranitar|p2a: Farigiraf
|-damage|p2b: Sylveon|80/100
|move|p2b: Sylveon|Hyper Beam|p1a: Scovillain
|-resisted|p1a: Scovillain|1
|-damage|p1a: Scovillain|45/100
|-mustrecharge|p2b: Sylveon
|-status|p2b: Sylveon|brn|[from] ability: Spicy Spray|[of] p1a: Scovillain
|
|-weather|Sandstorm|[upkeep]
|-damage|p1a: Scovillain|39/100|[from] Sandstorm
|-damage|p2b: Sylveon|74/100 brn|[from] Sandstorm
|-damage|p2a: Farigiraf|93/100|[from] Sandstorm
|-damage|p2b: Sylveon|68/100 brn|[from] brn
|upkeep
|turn|2
|
|t:|1785955137
|move|p1b: Tyranitar|Rock Slide|p2a: Farigiraf|[spread] p2a,p2b
|-damage|p2a: Farigiraf|75/100
|-damage|p2b: Sylveon|48/100 brn
|move|p1a: Scovillain|Overheat|p2a: Farigiraf
|-damage|p2a: Farigiraf|25/100
|-unboost|p1a: Scovillain|spa|2
|-enditem|p2a: Farigiraf|Sitrus Berry|[eat]
|-heal|p2a: Farigiraf|50/100y|[from] item: Sitrus Berry
|cant|p2b: Sylveon|recharge
|move|p2a: Farigiraf|Psychic|p1a: Scovillain
|-damage|p1a: Scovillain|9/100
|-status|p2a: Farigiraf|brn|[from] ability: Spicy Spray|[of] p1a: Scovillain
|
|-weather|Sandstorm|[upkeep]
|-damage|p1a: Scovillain|3/100|[from] Sandstorm
|-damage|p2b: Sylveon|42/100 brn|[from] Sandstorm
|-damage|p2a: Farigiraf|43/100 brn|[from] Sandstorm
|-damage|p2b: Sylveon|36/100 brn|[from] brn
|-damage|p2a: Farigiraf|37/100 brn|[from] brn
|upkeep
|turn|3
|
|t:|1785955176
|move|p1b: Tyranitar|Rock Slide|p2b: Sylveon|[spread] p2a,p2b
|-damage|p2a: Farigiraf|21/100 brn
|-damage|p2b: Sylveon|14/100 brn
|move|p1a: Scovillain|Overheat|p2b: Sylveon
|-damage|p2b: Sylveon|0 fnt
|-unboost|p1a: Scovillain|spa|2
|faint|p2b: Sylveon
|move|p2a: Farigiraf|Psychic|p1a: Scovillain
|-damage|p1a: Scovillain|0 fnt
|faint|p1a: Scovillain
|
|-weather|Sandstorm|[upkeep]
|-damage|p2a: Farigiraf|15/100 brn|[from] Sandstorm
|-damage|p2a: Farigiraf|8/100 brn|[from] brn
|upkeep
|
|t:|1785955215
|switch|p1a: Kommo-o|Kommo-o, L50, F|100/100
|switch|p2b: Staraptor|Staraptor, L50, F|100/100
|-ability|p2b: Staraptor|Intimidate|boost
|-unboost|p1a: Kommo-o|atk|1
|-unboost|p1b: Tyranitar|atk|1
|turn|4
|
|t:|1785955229
|detailschange|p2b: Staraptor|Staraptor-Mega, L50, F
|-mega|p2b: Staraptor|Staraptor|Staraptite
|move|p1a: Kommo-o|Protect|p1a: Kommo-o
|-singleturn|p1a: Kommo-o|Protect
|move|p2b: Staraptor|Close Combat|p1b: Tyranitar
|-supereffective|p1b: Tyranitar|2
|-damage|p1b: Tyranitar|0 fnt
|-boost|p2b: Staraptor|def|1
|-boost|p2b: Staraptor|spd|1
|faint|p1b: Tyranitar
|move|p2a: Farigiraf|Psychic|p1a: Kommo-o
|-activate|p1a: Kommo-o|move: Protect
|
|-weather|Sandstorm|[upkeep]
|-damage|p2b: Staraptor|94/100|[from] Sandstorm
|-damage|p2a: Farigiraf|2/100 brn|[from] Sandstorm
|-damage|p2a: Farigiraf|0 fnt|[from] brn
|faint|p2a: Farigiraf
|upkeep
|
|t:|1785955244
|switch|p1b: Excadrill|Excadrill, L50, F|100/100
|switch|p2a: Arcanine|Arcanine-Hisui, L50, M|100/100
|turn|5
|
|t:|1785955265
|move|p1b: Excadrill|Rock Slide|p2b: Staraptor|[spread] p2a,p2b
|-supereffective|p2a: Arcanine|1
|-damage|p2a: Arcanine|26/100
|-damage|p2b: Staraptor|74/100
|-damage|p1b: Excadrill|90/100|[from] item: Life Orb
|move|p2b: Staraptor|Dual Wingbeat|p1a: Kommo-o
|-supereffective|p1a: Kommo-o|1
|-damage|p1a: Kommo-o|60/100
|-supereffective|p1a: Kommo-o|1
|-damage|p1a: Kommo-o|20/100r
|-hitcount|p1a: Kommo-o|2
|move|p2a: Arcanine|Flare Blitz|p1b: Excadrill
|-supereffective|p1b: Excadrill|1
|-damage|p1b: Excadrill|0 fnt
|faint|p1b: Excadrill
|move|p1a: Kommo-o|Clanging Scales|p2a: Arcanine|[spread] p2a,p2b
|-damage|p2a: Arcanine|0 fnt
|-damage|p2b: Staraptor|48/100
|faint|p2a: Arcanine
|-unboost|p1a: Kommo-o|def|1
|
|-weather|none
|-heal|p1a: Kommo-o|25/100|[from] item: Leftovers
|upkeep
|turn|6
|
|t:|1785955288
|move|p2b: Staraptor|Dual Wingbeat|p1a: Kommo-o
|-supereffective|p1a: Kommo-o|1
|-damage|p1a: Kommo-o|0 fnt
|faint|p1a: Kommo-o
|-hitcount|p1: Kommo-o|1
|
|win|SpacegliderSteve
