|j|☆Rock slap
|j|☆PigsPigsPigsPigs
|html|Rock slapPigsPigsPigsPigs    
|uhtml|bestof|Game 2 of a best-of-3
|t:|1757626495
|gametype|doubles
|player|p1|Rock slap|hiker-gen4|1219
|player|p2|PigsPigsPigsPigs|marley|1131
|gen|9
|tier|[Gen 9] VGC 2025 Reg H (Bo3)
|rated|
|rule|Species Clause: Limit one of each Pokémon
|rule|Item Clause: Limit 1 of each item
|clearpoke
|poke|p1|Kommo-o, L50, M|
|poke|p1|Incineroar, L50, F|
|poke|p1|Rillaboom, L50, F|
|poke|p1|Volcarona, L50, F|
|poke|p1|Electabuzz, L50, M|
|poke|p1|Golduck, L50, M|
|poke|p2|Indeedee-F, L50, F|
|poke|p2|Armarouge, L50, M|
|poke|p2|Ursaluna, L50, F|
|poke|p2|Gallade, L50, M|
|poke|p2|Incineroar, L50, F|
|poke|p2|Sneasler, L50, F|
|teampreview|4
|showteam|p1|Kommo-o||ThroatSpray|Soundproof|ClangingScales,FlashCannon,ClangorousSoul,Protect|||M|||50|,,,,,Steel]Incineroar||SafetyGoggles|Intimidate|FakeOut,KnockOff,PartingShot,FlareBlitz|||F|||50|,,,,,Ghost]Rillaboom||AssaultVest|GrassySurge|FakeOut,WoodHammer,HighHorsepower,GrassyGlide|||F|||50|,,,,,Water]Volcarona||SitrusBerry|FlameBody|QuiverDance,HeatWave,TeraBlast,Protect|||F|||50|,,,,,Fairy]Electabuzz||Eviolite|VitalSpirit|Protect,Electroweb,Taunt,FollowMe|||M|||50|,,,,,Fairy]Golduck||CovertCloak|CloudNine|IcyWind,SimpleBeam,HelpingHand,Encore|||M|||50|,,,,,Poison
|showteam|p2|Indeedee-F||FocusSash|PsychicSurge|FollowMe,TrickRoom,HelpingHand,Psychic|||F|||50|,,,,,Fairy]Armarouge||LifeOrb|FlashFire|ExpandingForce,ArmorCannon,TrickRoom,Protect|||M|||50|,,,,,Grass]Ursaluna||FlameOrb|Guts|Facade,Earthquake,HeadlongRush,Protect|||F|||50|,,,,,Ghost]Gallade||ClearAmulet|Sharpness|SacredSword,PsychoCut,TrickRoom,WideGuard|||M|||50|,,,,,Steel]Incineroar||SafetyGoggles|Intimidate|FakeOut,FlareBlitz,KnockOff,PartingShot|||F|||50|,,,,,Flying]Sneasler||PsychicSeed|Unburden|DireClaw,CloseCombat,ThroatChop,Protect|||F|||50|,,,,,Stellar
|
|t:|1757626521
|teamsize|p1|4
|teamsize|p2|4
|start
|switch|p1a: Kommo-o|Kommo-o, L50, M, shiny|100/100
|switch|p1b: Electabuzz|Electabuzz, L50, M, shiny|100/100
|switch|p2a: Mildenhall|Ursaluna, L50, F|100/100
|switch|p2b: Zooble|Armarouge, L50, M|100/100
|turn|1
|
|t:|1757626566
|move|p1b: Electabuzz|Taunt|p2b: Zooble
|-start|p2b: Zooble|move: Taunt
|move|p1a: Kommo-o|Clangorous Soul|p1a: Kommo-o
|-boost|p1a: Kommo-o|atk|1
|-boost|p1a: Kommo-o|def|1
|-boost|p1a: Kommo-o|spa|1
|-boost|p1a: Kommo-o|spd|1
|-boost|p1a: Kommo-o|spe|1
|-damage|p1a: Kommo-o|68/100
|-enditem|p1a: Kommo-o|Throat Spray
|-boost|p1a: Kommo-o|spa|1|[from] item: Throat Spray
|move|p2a: Mildenhall|Headlong Rush|p1b: Electabuzz
|-supereffective|p1b: Electabuzz
|-damage|p1b: Electabuzz|0 fnt
|-unboost|p2a: Mildenhall|def|1
|-unboost|p2a: Mildenhall|spd|1
|faint|p1b: Electabuzz
|cant|p2b: Zooble|move: Taunt|Trick Room
|
|-status|p2a: Mildenhall|brn|[from] item: Flame Orb
|upkeep
|
|t:|1757626575
|switch|p1b: Incineroar|Incineroar, L50, F|100/100
|-ability|p1b: Incineroar|Intimidate|boost
|-unboost|p2a: Mildenhall|atk|1
|-unboost|p2b: Zooble|atk|1
|turn|2
|
|t:|1757626604
|switch|p2b: Pomni|Indeedee-F, L50, F|100/100
|-fieldstart|move: Psychic Terrain|[from] ability: Psychic Surge|[of] p2b: Pomni
|-terastallize|p2a: Mildenhall|Ghost
|move|p1a: Kommo-o|Clanging Scales|p2b: Pomni|[spread] p2a,p2b
|-damage|p2a: Mildenhall|0 fnt
|-damage|p2b: Pomni|34/100
|faint|p2a: Mildenhall
|-unboost|p1a: Kommo-o|def|1
|move|p1b: Incineroar|Knock Off|p2b: Pomni
|-supereffective|p2b: Pomni
|-damage|p2b: Pomni|0 fnt
|-enditem|p2b: Pomni|Focus Sash|[from] move: Knock Off|[of] p1b: Incineroar
|faint|p2b: Pomni
|
|upkeep
|inactive|Battle timer is ON: inactive players will automatically lose when time's up. (requested by Rock slap)
|
|t:|1757626618
|switch|p2b: Gummy Goo|Gallade, L50, M|100/100
|switch|p2a: Zooble|Armarouge, L50, M|100/100
|turn|3
|
|t:|1757626629
|-terastallize|p1a: Kommo-o|Steel
|move|p2b: Gummy Goo|Wide Guard|p2b: Gummy Goo
|-singleturn|p2b: Gummy Goo|Wide Guard
|move|p1a: Kommo-o|Flash Cannon|p2b: Gummy Goo
|-damage|p2b: Gummy Goo|26/100
|move|p1b: Incineroar|Flare Blitz|p2b: Gummy Goo
|-damage|p2b: Gummy Goo|0 fnt
|faint|p2b: Gummy Goo
|-damage|p1b: Incineroar|93/100|[from] Recoil
|move|p2a: Zooble|Trick Room|p2a: Zooble
|-fieldstart|move: Trick Room|[of] p2a: Zooble
|
|upkeep
|turn|4
|
|t:|1757626641
|move|p1a: Kommo-o|Protect|p1a: Kommo-o
|-singleturn|p1a: Kommo-o|Protect
|move|p2a: Zooble|Expanding Force|p1a: Kommo-o|[spread] 
|-activate|p1a: Kommo-o|move: Protect
|-immune|p1b: Incineroar
|move|p1b: Incineroar|Parting Shot|p2a: Zooble
|-unboost|p2a: Zooble|atk|1
|-unboost|p2a: Zooble|spa|1
|
|t:|1757626649
|switch|p1b: Rillaboom|Rillaboom, L50, F|100/100|[from] Parting Shot
|-fieldstart|move: Grassy Terrain|[from] ability: Grassy Surge|[of] p1b: Rillaboom
|
|-heal|p1a: Kommo-o|74/100|[from] Grassy Terrain
|upkeep
|turn|5
|
|t:|1757626654
|move|p1b: Rillaboom|Fake Out|p2a: Zooble
|-damage|p2a: Zooble|88/100
|cant|p2a: Zooble|flinch
|move|p1a: Kommo-o|Clanging Scales|p2a: Zooble
|-damage|p2a: Zooble|0 fnt
|faint|p2a: Zooble
|
|win|Rock slap
|raw|Rock slap's rating: 1219 → 1238(+19 for winning)
|raw|PigsPigsPigsPigs's rating: 1131 → 1112(-19 for losing)
|l|☆PigsPigsPigsPigs
|player|p2|
