|j|☆kojay
|j|☆Como Se Dice Ben
|html|kojayComo Se Dice Ben    
|uhtml|bestof|Game 3 of a best-of-3
|t:|1756757362
|gametype|doubles
|player|p1|kojay|kamado-armor|
|player|p2|Como Se Dice Ben|toddsnap2|
|gen|9
|tier|[Gen 9] VGC 2025 Reg H (Bo3)
|rule|Species Clause: Limit one of each Pokémon
|rule|Item Clause: Limit 1 of each item
|clearpoke
|poke|p1|Garchomp, L50, M|
|poke|p1|Sneasler, L50, F|
|poke|p1|Incineroar, L50, M|
|poke|p1|Dragonite, L50, F|
|poke|p1|Gholdengo, L50|
|poke|p1|Vivillon, L50, F|
|poke|p2|Baxcalibur, L50, F|
|poke|p2|Weezing-Galar, L50, F|
|poke|p2|Corviknight, L50, F|
|poke|p2|Typhlosion-Hisui, L50, M|
|poke|p2|Toedscruel, L50, F|
|poke|p2|Annihilape, L50, M|
|teampreview|4
|showteam|p1|Garchomp||LifeOrb|RoughSkin|Earthquake,DragonClaw,StompingTantrum,Protect|||M|||50|,,,,,Ground]Sneasler||WhiteHerb|Unburden|Coaching,Protect,DireClaw,CloseCombat|||F|||50|,,,,,Ghost]Incineroar||SafetyGoggles|Intimidate|FakeOut,FlareBlitz,KnockOff,PartingShot|||M|||50|,,,,,Ghost]Dragonite||LoadedDice|InnerFocus|TeraBlast,ScaleShot,Tailwind,Protect|||F|||50|,,,,,Flying]Gholdengo||ChoiceScarf|GoodasGold|MakeItRain,ShadowBall,Trick,Thunderbolt||||||50|,,,,,Steel]Vivillon||FocusSash|CompoundEyes|Hurricane,SleepPowder,RagePowder,Protect|||F|||50|,,,,,Ghost
|showteam|p2|Baxcalibur||LifeOrb|ThermalExchange|GlaiveRush,IcicleCrash,IceShard,Protect|||F|||50|,,,,,Water]Weezing-Galar||ChoiceSpecs|NeutralizingGas|DazzlingGleam,SludgeBomb,StrangeSteam,Flamethrower|||F|||50|,,,,,Flying]Corviknight||SitrusBerry|MirrorArmor|BraveBird,Tailwind,Roost,Protect|||F|||50|,,,,,Dragon]Typhlosion-Hisui||ChoiceScarf|Frisk|Eruption,HeatWave,Overheat,InfernalParade|||M|||50|,,,,,Fire]Toedscruel||CovertCloak|MyceliumMight|Spore,EarthPower,AcidSpray,BulletSeed|||F|||50|,,,,,Water]Annihilape||AssaultVest|Defiant|RageFist,DrainPunch,CloseCombat,FinalGambit|||M|||50|,,,,,Grass
|c|☆Como Se Dice Ben|What'd you just remember?
|c|☆kojay|that spore is neg priority for toed LOL
|c|☆Como Se Dice Ben|YESSIR
|c|☆Como Se Dice Ben|You would have been at 0 turns tho
|c|☆Como Se Dice Ben|It's like Yawn
|c|☆Como Se Dice Ben|It's so fucking gas
|c|☆kojay|fuck it we ball
|c|☆kojay|sending without thinking
|c|☆Como Se Dice Ben|commence balling
|
|t:|1756757443
|teamsize|p1|4
|teamsize|p2|4
|start
|switch|p1a: Sneasler|Sneasler, L50, F|100/100
|switch|p1b: Dragonite|Dragonite, L50, F, shiny|100/100
|switch|p2a: Toedscruel|Toedscruel, L50, F|100/100
|switch|p2b: Annihilape|Annihilape, L50, M, shiny|100/100
|turn|1
|
|t:|1756757492
|-terastallize|p1b: Dragonite|Flying
|move|p1a: Sneasler|Coaching|p1b: Dragonite
|-boost|p1b: Dragonite|atk|1
|-boost|p1b: Dragonite|def|1
|move|p2b: Annihilape|Final Gambit|p1b: Dragonite
|-damage|p1b: Dragonite|0 fnt
|faint|p2b: Annihilape
|faint|p1b: Dragonite
|move|p2a: Toedscruel|Spore|p1a: Sneasler
|-status|p1a: Sneasler|slp|[from] move: Spore
|
|upkeep
|c|☆kojay|o
|c|☆kojay|u have that too huh
|c|☆Como Se Dice Ben|>:)
|
|t:|1756757513
|switch|p2b: Typhlosion|Typhlosion-Hisui, L50, M, shiny|100/100
|switch|p1b: Vivillon|Vivillon, L50, F|100/100
|-item|p1a: Sneasler|White Herb|[from] ability: Frisk|[of] p2b: Typhlosion
|-item|p1b: Vivillon|Focus Sash|[from] ability: Frisk|[of] p2b: Typhlosion
|turn|2
|c|☆kojay|this game suckkssss
|c|☆Como Se Dice Ben|BAHAHAHA
|c|☆Como Se Dice Ben|I TOLD YOU
|c|☆Como Se Dice Ben|ITS SO GOOD
|
|t:|1756757556
|switch|p1a: Dalinar|Incineroar, L50, M, shiny|100/100
|-ability|p1a: Dalinar|Intimidate|boost
|-unboost|p2a: Toedscruel|atk|1
|-unboost|p2b: Typhlosion|atk|1
|move|p1b: Vivillon|Protect|p1b: Vivillon
|-singleturn|p1b: Vivillon|Protect
|move|p2b: Typhlosion|Eruption|p1a: Dalinar|[spread] p1a
|-activate|p1b: Vivillon|move: Protect
|-resisted|p1a: Dalinar
|-damage|p1a: Dalinar|74/100
|move|p2a: Toedscruel|Acid Spray|p1b: Vivillon
|-activate|p1b: Vivillon|move: Protect
|
|upkeep
|turn|3
|
|t:|1756757598
|-terastallize|p2b: Typhlosion|Fire
|move|p1a: Dalinar|Fake Out|p2b: Typhlosion
|-crit|p2b: Typhlosion
|-damage|p2b: Typhlosion|73/100
|cant|p2b: Typhlosion|flinch
|move|p2a: Toedscruel|Earth Power|p1a: Dalinar
|-supereffective|p1a: Dalinar
|-damage|p1a: Dalinar|26/100
|move|p1b: Vivillon|Sleep Powder|p2b: Typhlosion
|-status|p2b: Typhlosion|slp|[from] move: Sleep Powder
|
|upkeep
|turn|4
|c|☆Como Se Dice Ben|GOOD BOYYYYYYY
|
|t:|1756757635
|switch|p1a: Sneasler|Sneasler, L50, F|100/100 slp
|cant|p2b: Typhlosion|slp
|move|p2a: Toedscruel|Earth Power|p1a: Sneasler
|-supereffective|p1a: Sneasler
|-damage|p1a: Sneasler|23/100 slp
|move|p1b: Vivillon|Hurricane|p2a: Toedscruel
|-supereffective|p2a: Toedscruel
|-damage|p2a: Toedscruel|16/100
|
|upkeep
|turn|5
|
|t:|1756757659
|cant|p1a: Sneasler|slp
|cant|p2b: Typhlosion|slp
|move|p2a: Toedscruel|Acid Spray|p1b: Vivillon
|-damage|p1b: Vivillon|85/100
|-unboost|p1b: Vivillon|spd|2
|move|p1b: Vivillon|Hurricane|p2a: Toedscruel
|-supereffective|p2a: Toedscruel
|-damage|p2a: Toedscruel|0 fnt
|faint|p2a: Toedscruel
|
|upkeep
|
|t:|1756757669
|switch|p2a: Corviknight|Corviknight, L50, F|100/100
|turn|6
|
|t:|1756757708
|move|p1b: Vivillon|Protect|p1b: Vivillon
|-singleturn|p1b: Vivillon|Protect
|-curestatus|p2b: Typhlosion|slp|[msg]
|move|p2b: Typhlosion|Eruption|p1b: Vivillon|[spread] p1a
|-activate|p1b: Vivillon|move: Protect
|-damage|p1a: Sneasler|0 fnt
|faint|p1a: Sneasler
|move|p2a: Corviknight|Brave Bird|p1b: Vivillon
|-activate|p1b: Vivillon|move: Protect
|
|upkeep
|
|t:|1756757713
|switch|p1a: Dalinar|Incineroar, L50, M, shiny|26/100
|-ability|p1a: Dalinar|Intimidate|boost
|-ability|p2a: Corviknight|Mirror Armor
|-unboost|p1a: Dalinar|atk|1
|-unboost|p2b: Typhlosion|atk|1
|turn|7
|
|t:|1756757731
|move|p1a: Dalinar|Fake Out|p2b: Typhlosion
|-damage|p2b: Typhlosion|61/100
|cant|p2b: Typhlosion|flinch
|move|p1b: Vivillon|Hurricane|p2b: Typhlosion
|-damage|p2b: Typhlosion|0 fnt
|faint|p2b: Typhlosion
|move|p2a: Corviknight|Brave Bird|p1a: Dalinar
|-damage|p1a: Dalinar|0 fnt
|faint|p1a: Dalinar
|-damage|p2a: Corviknight|92/100|[from] Recoil
|
|upkeep
|turn|8
|
|t:|1756757742
|move|p1b: Vivillon|Sleep Powder|p2a: Corviknight
|-status|p2a: Corviknight|slp|[from] move: Sleep Powder
|cant|p2a: Corviknight|slp
|
|upkeep
|turn|9
|
|t:|1756757745
|move|p1b: Vivillon|Hurricane|p2a: Corviknight
|-resisted|p2a: Corviknight
|-damage|p2a: Corviknight|72/100 slp
|cant|p2a: Corviknight|slp
|
|upkeep
|turn|10
|
|t:|1756757749
|move|p1b: Vivillon|Hurricane|p2a: Corviknight
|-resisted|p2a: Corviknight
|-damage|p2a: Corviknight|51/100 slp
|cant|p2a: Corviknight|slp
|
|upkeep
|turn|11
|c|☆Como Se Dice Ben|Confusion?!
|
|t:|1756757761
|move|p1b: Vivillon|Hurricane|p2a: Corviknight
|-resisted|p2a: Corviknight
|-damage|p2a: Corviknight|30/100 slp
|-enditem|p2a: Corviknight|Sitrus Berry|[eat]
|-heal|p2a: Corviknight|55/100 slp|[from] item: Sitrus Berry
|-curestatus|p2a: Corviknight|slp|[msg]
|move|p2a: Corviknight|Tailwind|p2a: Corviknight
|-sidestart|p2: Como Se Dice Ben|move: Tailwind
|
|upkeep
|turn|12
|c|☆kojay|cmon vivi ya chud
|c|☆Como Se Dice Ben|LMAOOOO
|c|☆Como Se Dice Ben|Chud
|
|t:|1756757786
|move|p1b: Vivillon|Protect|p1b: Vivillon
|-singleturn|p1b: Vivillon|Protect
|move|p2a: Corviknight|Brave Bird|p1b: Vivillon
|-activate|p1b: Vivillon|move: Protect
|
|upkeep
|turn|13
|
|t:|1756757789
|move|p1b: Vivillon|Protect||[still]
|-fail|p1b: Vivillon
|move|p2a: Corviknight|Brave Bird|p1b: Vivillon
|-supereffective|p1b: Vivillon
|-damage|p1b: Vivillon|0 fnt
|faint|p1b: Vivillon
|-damage|p2a: Corviknight|34/100|[from] Recoil
|
|win|Como Se Dice Ben
|c|☆Como Se Dice Ben|gg pooks
|c|☆Como Se Dice Ben|We gotta run this back
|c|☆kojay|gg
|c|☆Como Se Dice Ben|I g2g too
|c|☆Como Se Dice Ben|<3
|c|☆kojay|same
|c|☆kojay|ty for games
|c|☆Como Se Dice Ben|ty
|c|☆Como Se Dice Ben|ty
|c|☆Como Se Dice Ben|ty
|c|☆Como Se Dice Ben|ty
