|j|☆the crimson tedidn
|j|☆dangernoodlevgc
|html|the crimson tedidndangernoodlevgc    
|uhtml|bestof|Game 3 of a best-of-3
|t:|1783727174
|gametype|doubles
|player|p1|the crimson tedidn|waitress|
|player|p2|dangernoodlevgc|yellow|
|gen|9
|tier|[Gen 9 Champions] VGC 2026 Reg M-B (Bo3)
|rule|Species Clause: Limit one of each Pokémon
|rule|Item Clause: Limit 1 of each item
|clearpoke
|poke|p1|Floette-Eternal, L50, F|
|poke|p1|Charizard, L50, F|
|poke|p1|Kingambit, L50, F|
|poke|p1|Whimsicott, L50, F|
|poke|p1|Basculegion, L50, M|
|poke|p1|Garchomp, L50, M|
|poke|p2|Gardevoir, L50, F, shiny|
|poke|p2|Maushold, L50, shiny|
|poke|p2|Kingambit, L50, M, shiny|
|poke|p2|Garchomp, L50, F, shiny|
|poke|p2|Talonflame, L50, M, shiny|
|poke|p2|Basculegion, L50, M|
|teampreview|4
|showteam|p1|Floette-Eternal||Floettite|FlowerVeil|Moonblast,DazzlingGleam,LightofRuin,Protect|Timid||F|||50|]Charizard||CharizarditeY|Blaze|SolarBeam,HeatWave,WeatherBall,Protect|Modest||F|||50|]Kingambit||BlackGlasses|Defiant|IronHead,Protect,KowtowCleave,SuckerPunch|Adamant||F|||50|]Whimsicott||FocusSash|Prankster|Moonblast,Tailwind,Encore,Protect|Timid||F|||50|]Basculegion||MysticWater|Adaptability|WaveCrash,Protect,LastRespects,AquaJet|Adamant||M|||50|]Garchomp||LifeOrb|RoughSkin|RockSlide,Protect,DragonClaw,Earthquake|Jolly||M|||50|
|showteam|p2|Gardevoir||Gardevoirite|Trace|Protect,HyperVoice,Psyshock,VacuumWave|Modest||F|||50|]Maushold||FocusSash|FriendGuard|Protect,SuperFang,FollowMe,Taunt|Timid|||||50|]Kingambit||BlackGlasses|Defiant|Protect,KowtowCleave,SuckerPunch,LowKick|Adamant||M|||50|]Garchomp||LifeOrb|RoughSkin|Protect,DragonClaw,Earthquake,RockSlide|Jolly||F|||50|]Talonflame||SharpBeak|GaleWings|Protect,DualWingbeat,Tailwind,QuickGuard|Jolly||M|||50|]Basculegion||ChoiceScarf|Adaptability|WaveCrash,AquaJet,FlipTurn,LastRespects|Jolly||M|||50|
|inactive|Battle timer is ON: inactive players will automatically lose when time's up. (requested by dangernoodlevgc)
|inactive|the crimson tedidn also wants the timer to be on.
|j| magnetman210
|j| vrocehpalon
|j| mbladderisdead
|j| Vikram chan
|j| 21Kieran
|j| TemporalDonut
|j| dingle bong
|l| dingle bong
|l| magnetman210
|j| Pokken2Plz
|inactive|the crimson tedidn has 60 seconds left.
|j| dingle bong
|j| triziateam
|c| Vikram chan|the crimson teddy tim
|j| thebigmacky
|inactive|the crimson tedidn has 30 seconds left.
|inactive|the crimson tedidn has 20 seconds left.
|inactive|the crimson tedidn has 15 seconds left.
|inactive|the crimson tedidn has 10 seconds left.
|
|t:|1783727256
|teamsize|p1|4
|teamsize|p2|4
|start
|switch|p1a: Basculegion|Basculegion, L50, M|100/100
|switch|p1b: Garchomp|Garchomp, L50, M|100/100
|switch|p2a: Reborn|Talonflame, L50, M, shiny|100/100
|switch|p2b: please no|Garchomp, L50, F, shiny|100/100
|turn|1
|j| magnetman210
|inactive|the crimson tedidn has 30 seconds left.
|
|t:|1783727288
|switch|p1b: Whimsicott|Whimsicott, L50, F|100/100
|move|p2a: Reborn|Protect|p2a: Reborn
|-singleturn|p2a: Reborn|Protect
|move|p1a: Basculegion|Aqua Jet|p2a: Reborn
|-activate|p2a: Reborn|move: Protect
|move|p2b: please no|Earthquake|p1a: Basculegion|[spread] p1a,p1b
|-activate|p2a: Reborn|move: Protect
|-resisted|p1b: Whimsicott|1
|-damage|p1a: Basculegion|37/100
|-damage|p1b: Whimsicott|65/100
|-damage|p2b: please no|90/100|[from] item: Life Orb
|
|upkeep
|turn|2
|
|t:|1783727311
|switch|p2b: Am I the Drama?|Gardevoir, L50, F, shiny|100/100
|-ability|p2b: Am I the Drama?|Adaptability|Trace|[from] ability: Trace|[of] p1a: Basculegion
|switch|p1a: Garchomp|Garchomp, L50, M|100/100
|move|p1b: Whimsicott|Protect|p1b: Whimsicott
|-singleturn|p1b: Whimsicott|Protect
|move|p2a: Reborn|Dual Wingbeat|p1a: Garchomp|[miss]
|-miss|p2a: Reborn|p1a: Garchomp
|
|upkeep
|turn|3
|inactive|the crimson tedidn has 30 seconds left.
|inactive|the crimson tedidn has 20 seconds left.
|
|t:|1783727349
|detailschange|p2b: Am I the Drama?|Gardevoir-Mega, L50, F, shiny
|-mega|p2b: Am I the Drama?|Gardevoir|Gardevoirite
|move|p2a: Reborn|Protect|p2a: Reborn
|-singleturn|p2a: Reborn|Protect
|move|p1b: Whimsicott|Tailwind|p1b: Whimsicott
|-sidestart|p1: the crimson tedidn|move: Tailwind
|move|p1a: Garchomp|Rock Slide|p2b: Am I the Drama?|[spread] p2b
|-activate|p2a: Reborn|move: Protect
|-damage|p2b: Am I the Drama?|54/100
|-damage|p1a: Garchomp|90/100|[from] item: Life Orb
|move|p2b: Am I the Drama?|Hyper Voice|p1a: Garchomp|[spread] p1a,p1b
|-supereffective|p1a: Garchomp|1
|-damage|p1a: Garchomp|0 fnt
|-damage|p1b: Whimsicott|0 fnt
|faint|p1a: Garchomp
|faint|p1b: Whimsicott
|
|upkeep
|
|t:|1783727359
|switch|p1b: Floette|Floette-Eternal, L50, F|100/100
|switch|p1a: Basculegion|Basculegion, L50, M|37/100
|turn|4
|inactive|dangernoodlevgc has 30 seconds left.
|
|t:|1783727385
|switch|p2a: please no|Garchomp, L50, F, shiny|90/100
|detailschange|p1b: Floette|Floette-Mega, L50, F
|-mega|p1b: Floette|Floette|Floettite
|-ability|p1b: Floette|Fairy Aura
|move|p2b: Am I the Drama?|Protect|p2b: Am I the Drama?
|-singleturn|p2b: Am I the Drama?|Protect
|move|p1a: Basculegion|Aqua Jet|p2a: please no
|-damage|p2a: please no|55/100
|-damage|p1a: Basculegion|25/100|[from] ability: Rough Skin|[of] p2a: please no
|move|p1b: Floette|Moonblast|p2b: Am I the Drama?
|-activate|p2b: Am I the Drama?|move: Protect
|
|upkeep
|turn|5
|
|t:|1783727399
|move|p2a: please no|Protect|p2a: please no
|-singleturn|p2a: please no|Protect
|move|p1b: Floette|Dazzling Gleam|p2a: please no|[spread] p2b
|-activate|p2a: please no|move: Protect
|-damage|p2b: Am I the Drama?|15/100
|move|p1a: Basculegion|Last Respects|p2b: Am I the Drama?
|-supereffective|p2b: Am I the Drama?|1
|-damage|p2b: Am I the Drama?|0 fnt
|faint|p2b: Am I the Drama?
|
|upkeep
|
|t:|1783727405
|switch|p2b: Reborn|Talonflame, L50, M, shiny|100/100
|turn|6
|
|t:|1783727419
|move|p2b: Reborn|Protect|p2b: Reborn
|-singleturn|p2b: Reborn|Protect
|move|p1a: Basculegion|Aqua Jet|p2b: Reborn
|-activate|p2b: Reborn|move: Protect
|move|p1b: Floette|Moonblast|p2a: please no
|-supereffective|p2a: please no|1
|-damage|p2a: please no|0 fnt
|faint|p2a: please no
|
|-sideend|p1: the crimson tedidn|move: Tailwind
|upkeep
|
|t:|1783727425
|switch|p2a: Red Beard|Basculegion, L50, M|100/100
|turn|7
|inactive|the crimson tedidn has 30 seconds left.
|
|t:|1783727457
|move|p1b: Floette|Protect|p1b: Floette
|-singleturn|p1b: Floette|Protect
|move|p2b: Reborn|Dual Wingbeat|p1a: Basculegion
|-damage|p1a: Basculegion|6/100
|-damage|p1a: Basculegion|0 fnt
|faint|p1a: Basculegion
|-hitcount|p1: Basculegion|2
|move|p2a: Red Beard|Last Respects|p1b: Floette
|-activate|p1b: Floette|move: Protect
|
|upkeep
|turn|8
|
|t:|1783727465
|move|p2b: Reborn|Dual Wingbeat|p1b: Floette
|-damage|p1b: Floette|75/100
|-damage|p1b: Floette|51/100
|-hitcount|p1b: Floette|2
|move|p2a: Red Beard|Last Respects|p1b: Floette
|-damage|p1b: Floette|0 fnt
|faint|p1b: Floette
|
|win|dangernoodlevgc
|c|☆the crimson tedidn|gg
|l| magnetman210
|c|☆dangernoodlevgc|ggs
|l| 21Kieran
|l| dingle bong
|l| Vikram chan
|l| Pokken2Plz
|l| vrocehpalon
|l| mbladderisdead
|l| triziateam
|l| TemporalDonut
|l| thebigmacky
|j| shrimplyasapphic
|l| shrimplyasapphic
