|j|☆Realmyth10
|j|☆lillith4146
|html|Realmyth10lillith4146    
|uhtml|bestof|Game 1 of a best-of-3
|t:|1785781231
|gametype|doubles
|player|p1|Realmyth10|170|1128
|player|p2|lillith4146|102|1159
|gen|9
|tier|[Gen 9 Champions] VGC 2026 Reg M-B (Bo3)
|rated|
|rule|Species Clause: Limit one of each Pokémon
|rule|Item Clause: Limit 1 of each item
|clearpoke
|poke|p1|Froslass, L50, F|
|poke|p1|Bellibolt, L50, M|
|poke|p1|Garchomp, L50, F|
|poke|p1|Incineroar, L50, F|
|poke|p1|Venusaur, L50, F|
|poke|p1|Milotic, L50, M|
|poke|p2|Noivern, L50, M|
|poke|p2|Clefable, L50, F|
|poke|p2|Farigiraf, L50, M|
|poke|p2|Arcanine-Hisui, L50, M|
|poke|p2|Kingambit, L50, F|
|poke|p2|Blastoise, L50, F|
|teampreview|4
|showteam|p1|Froslass||Froslassite|SnowCloak|Blizzard,ShadowBall,Protect,AuroraVeil|Timid||F|||50|]Bellibolt||Leftovers|Electromorphosis|Electroweb,Protect,Thunderbolt,Soak|Quiet||M|||50|]Garchomp||ChoiceScarf|RoughSkin|DragonClaw,StompingTantrum,RockSlide,BreakingSwipe|Adamant||F|||50|]Incineroar||SitrusBerry|Intimidate|FakeOut,ThroatChop,PartingShot,FlareBlitz|Adamant||F|||50|]Venusaur||Venusaurite|Chlorophyll|SludgeBomb,EarthPower,SleepPowder,GigaDrain|Modest||F|||50|]Milotic||LifeOrb|Competitive|Scald,IcyWind,Protect,LifeDew|Modest||M|||50|
|showteam|p2|Noivern||FocusSash|Infiltrator|AirSlash,SuperFang,Tailwind,Taunt|Jolly||M|||50|]Clefable||Clefablite|MagicGuard|FollowMe,Encore,Moonblast,Protect|Calm||F|||50|]Farigiraf||SitrusBerry|ArmorTail|Psychic,TrickRoom,Imprison,Protect|Relaxed||M|||50|]Arcanine-Hisui||LifeOrb|Intimidate|RockSlide,FlareBlitz,CloseCombat,Protect|Jolly||M|||50|]Kingambit||ChopleBerry|Defiant|Protect,SuckerPunch,KowtowCleave,IronHead|Adamant||F|||50|]Blastoise||Blastoisinite|Torrent|WaterSpout,WaterPulse,AuraSphere,FakeOut|Modest||F|||50|
|inactive|Battle timer is ON: inactive players will automatically lose when time's up. (requested by Realmyth10)
|inactive|Realmyth10 has 60 seconds left.
|inactive|Realmyth10 has 30 seconds left.
|inactive|Realmyth10 has 20 seconds left.
|inactive|Realmyth10 has 15 seconds left.
|inactive|Realmyth10 has 10 seconds left.
|inactive|Realmyth10 has 5 seconds left.
|
|t:|1785781318
|teamsize|p1|4
|teamsize|p2|4
|start
|switch|p1a: Froslass|Froslass, L50, F|100/100
|switch|p1b: Bellibolt|Bellibolt, L50, M|100/100
|switch|p2a: Noivern|Noivern, L50, M|100/100
|switch|p2b: Blastoise|Blastoise, L50, F|100/100
|turn|1
|
|t:|1785781338
|detailschange|p1a: Froslass|Froslass-Mega, L50, F
|-mega|p1a: Froslass|Froslass|Froslassite
|-weather|Snowscape|[from] ability: Snow Warning|[of] p1a: Froslass
|detailschange|p2b: Blastoise|Blastoise-Mega, L50, F
|-mega|p2b: Blastoise|Blastoise|Blastoisinite
|move|p2b: Blastoise|Fake Out|p1b: Bellibolt
|-damage|p1b: Bellibolt|92/100
|-start|p1b: Bellibolt|Charge|Fake Out|[from] ability: Electromorphosis
|move|p2a: Noivern|Taunt|p1a: Froslass
|-start|p1a: Froslass|move: Taunt
|move|p1a: Froslass|Blizzard|p2a: Noivern|[spread] p2a,p2b
|-supereffective|p2a: Noivern|2
|-crit|p2a: Noivern
|-resisted|p2b: Blastoise|1
|-enditem|p2a: Noivern|Focus Sash
|-damage|p2a: Noivern|1/100
|-damage|p2b: Blastoise|83/100
|-status|p2a: Noivern|frz
|cant|p1b: Bellibolt|flinch
|-end|p1b: Bellibolt|Charge|[silent]
|
|-weather|Snowscape|[upkeep]
|-heal|p1b: Bellibolt|99/100|[from] item: Leftovers
|upkeep
|turn|2
|
|t:|1785781356
|cant|p2a: Noivern|frz
|move|p1a: Froslass|Shadow Ball|p2b: Blastoise
|-damage|p2b: Blastoise|48/100
|move|p2b: Blastoise|Water Spout|p1a: Froslass|[spread] p1a,p1b
|-damage|p1a: Froslass|68/100
|-damage|p1b: Bellibolt|63/100
|-start|p1b: Bellibolt|Charge|Water Spout|[from] ability: Electromorphosis
|move|p1b: Bellibolt|Electroweb|p2b: Blastoise|[spread] p2a,p2b
|-supereffective|p2b: Blastoise|1
|-damage|p2a: Noivern|0 fnt
|-damage|p2b: Blastoise|0 fnt
|faint|p2a: Noivern
|faint|p2b: Blastoise
|-end|p1b: Bellibolt|Charge|[silent]
|
|-weather|Snowscape|[upkeep]
|-heal|p1b: Bellibolt|70/100|[from] item: Leftovers
|upkeep
|
|t:|1785781363
|switch|p2a: Arcanine|Arcanine-Hisui, L50, M|100/100
|switch|p2b: Kingambit|Kingambit, L50, F|100/100
|-ability|p2a: Arcanine|Intimidate|boost
|-unboost|p1a: Froslass|atk|1
|-unboost|p1b: Bellibolt|atk|1
|turn|3
|
|t:|1785781382
|switch|p1a: Milotic|Milotic, L50, M|100/100
|move|p1b: Bellibolt|Protect|p1b: Bellibolt
|-singleturn|p1b: Bellibolt|Protect
|move|p2a: Arcanine|Rock Slide|p1a: Milotic|[spread] 
|-activate|p1b: Bellibolt|move: Protect
|-miss|p2a: Arcanine|p1a: Milotic
|move|p2b: Kingambit|Kowtow Cleave|p1b: Bellibolt
|-activate|p1b: Bellibolt|move: Protect
|
|-weather|Snowscape|[upkeep]
|-heal|p1b: Bellibolt|76/100|[from] item: Leftovers
|upkeep
|turn|4
|
|t:|1785781398
|move|p2a: Arcanine|Rock Slide|p1a: Milotic|[spread] p1a,p1b
|-damage|p1a: Milotic|61/100
|-damage|p1b: Bellibolt|46/100
|-start|p1b: Bellibolt|Charge|Rock Slide|[from] ability: Electromorphosis
|-damage|p2a: Arcanine|90/100|[from] item: Life Orb
|cant|p1a: Milotic|flinch
|move|p2b: Kingambit|Kowtow Cleave|p1a: Milotic
|-damage|p1a: Milotic|14/100
|cant|p1b: Bellibolt|flinch
|
|-weather|Snowscape|[upkeep]
|-heal|p1b: Bellibolt|52/100|[from] item: Leftovers
|upkeep
|turn|5
|
|t:|1785781419
|move|p1b: Bellibolt|Protect|p1b: Bellibolt
|-singleturn|p1b: Bellibolt|Protect
|move|p2a: Arcanine|Rock Slide|p1b: Bellibolt|[spread] 
|-activate|p1b: Bellibolt|move: Protect
|-miss|p2a: Arcanine|p1a: Milotic
|move|p1a: Milotic|Life Dew|p1a: Milotic|[spread] p1a,p1b
|-heal|p1a: Milotic|39/100
|-heal|p1b: Bellibolt|77/100
|move|p2b: Kingambit|Kowtow Cleave|p1b: Bellibolt
|-activate|p1b: Bellibolt|move: Protect
|
|-weather|none
|-heal|p1b: Bellibolt|84/100|[from] item: Leftovers
|upkeep
|turn|6
|inactive|Realmyth10 has 30 seconds left.
|
|t:|1785781450
|move|p2a: Arcanine|Close Combat|p1a: Milotic
|-damage|p1a: Milotic|0 fnt
|-unboost|p2a: Arcanine|def|1
|-unboost|p2a: Arcanine|spd|1
|faint|p1a: Milotic
|-damage|p2a: Arcanine|80/100|[from] item: Life Orb
|move|p2b: Kingambit|Kowtow Cleave|p1b: Bellibolt
|-damage|p1b: Bellibolt|43/100
|-start|p1b: Bellibolt|Charge|Kowtow Cleave|[from] ability: Electromorphosis
|move|p1b: Bellibolt|Thunderbolt|p2b: Kingambit
|-damage|p2b: Kingambit|20/100y
|-status|p2b: Kingambit|par
|-end|p1b: Bellibolt|Charge|[silent]
|
|-heal|p1b: Bellibolt|49/100|[from] item: Leftovers
|upkeep
|
|t:|1785781468
|switch|p1a: Garchomp|Garchomp, L50, F|100/100
|turn|7
|
|t:|1785781475
|move|p1a: Garchomp|Stomping Tantrum|p2b: Kingambit
|-supereffective|p2b: Kingambit|1
|-damage|p2b: Kingambit|0 fnt
|faint|p2b: Kingambit
|move|p2a: Arcanine|Rock Slide|p1a: Garchomp|[spread] p1a,p1b
|-resisted|p1a: Garchomp|1
|-damage|p1a: Garchomp|83/100
|-damage|p1b: Bellibolt|23/100
|-start|p1b: Bellibolt|Charge|Rock Slide|[from] ability: Electromorphosis
|-damage|p2a: Arcanine|70/100|[from] item: Life Orb
|move|p1b: Bellibolt|Electroweb|p2a: Arcanine
|-damage|p2a: Arcanine|0 fnt
|faint|p2a: Arcanine
|-end|p1b: Bellibolt|Charge|[silent]
|
|win|Realmyth10
||lillith4146 is ready for game 2.
|inactive|Realmyth10 has 30 seconds to confirm battle start!
