|j|☆himhimhimhim15
|j|☆Eddy style
|html|himhimhimhim15Eddy style    
|uhtml|bestof|Game 2 of a best-of-3
|t:|1784435935
|gametype|doubles
|player|p1|himhimhimhim15|265|1071
|player|p2|Eddy style|striker|1212
|gen|9
|tier|[Gen 9 Champions] VGC 2026 Reg M-B (Bo3)
|rated|
|rule|Species Clause: Limit one of each Pokémon
|rule|Item Clause: Limit 1 of each item
|clearpoke
|poke|p1|Maushold-Four, L50|
|poke|p1|Malamar, L50, M|
|poke|p1|Mawile, L50, F|
|poke|p1|Kommo-o, L50, M|
|poke|p1|Mr. Rime, L50, M|
|poke|p1|Basculegion, L50, M|
|poke|p2|Gengar, L50, M|
|poke|p2|Incineroar, L50, M|
|poke|p2|Sinistcha, L50|
|poke|p2|Kommo-o, L50, F|
|poke|p2|Swampert, L50, F|
|poke|p2|Politoed, L50, F|
|teampreview|4
|showteam|p1|Maushold-Four||WideLens|Technician|FollowMe,PopulationBomb,Feint,Protect|Jolly|||||50|]Malamar||RoseliBerry|Contrary|Superpower,KnockOff,Protect,TrickRoom|Brave||M|||50|]Mawile||Mawilite|HyperCutter|IronHead,PlayRough,RockSlide,SuckerPunch|Brave||F|||50|]Kommo-o||LifeOrb|Soundproof|ClangingScales,AuraSphere,VacuumWave,Protect|Quiet||M|||50|]Mr. Rime||NeverMeltIce|ScreenCleaner|FreezeDry,FrostBreath,Charm,FakeOut|Quiet||M|||50|]Basculegion||FocusSash|Adaptability|Liquidation,LastRespects,AquaJet,Protect|Adamant||M|||50|
|showteam|p2|Gengar||Gengarite|CursedBody|ShadowBall,SludgeBomb,PerishSong,Protect|Modest||M|||50|]Incineroar||PasshoBerry|Intimidate|FakeOut,DarkestLariat,Protect,PartingShot|Careful||M|||50|]Sinistcha||ColburBerry|Hospitality|MatchaGotcha,TrickRoom,RagePowder,Protect|Bold|||||50|]Kommo-o||Leftovers|Soundproof|ClangingScales,ClangorousSoul,Protect,AuraSphere|Modest||F|||50|]Swampert||Swampertite|Torrent|WaveCrash,HighHorsepower,IcePunch,Protect|Adamant||F|||50|]Politoed||SitrusBerry|Drizzle|WeatherBall,Protect,PerishSong,IceBeam|Calm||F|||50|
|
|t:|1784435985
|teamsize|p1|4
|teamsize|p2|4
|start
|switch|p1a: Mr. Rime|Mr. Rime, L50, M|100/100
|switch|p1b: Malamar|Malamar, L50, M|100/100
|switch|p2a: Politoed|Politoed, L50, F|100/100
|switch|p2b: Swampert|Swampert, L50, F|100/100
|-weather|RainDance|[from] ability: Drizzle|[of] p2a: Politoed
|turn|1
|
|t:|1784436048
|move|p1a: Mr. Rime|Fake Out|p2b: Swampert
|-damage|p2b: Swampert|91/100
|cant|p2b: Swampert|flinch
|move|p2a: Politoed|Weather Ball|p1b: Malamar
|-damage|p1b: Malamar|41/100
|move|p1b: Malamar|Trick Room|p1b: Malamar
|-fieldstart|move: Trick Room|[of] p1b: Malamar
|
|-weather|RainDance|[upkeep]
|upkeep
|turn|2
|inactive|Battle timer is ON: inactive players will automatically lose when time's up. (requested by himhimhimhim15)
|inactive|Eddy style has 60 seconds left.
|inactive|Eddy style has 30 seconds left.
|inactive|Eddy style has 20 seconds left.
|inactive|Eddy style has 15 seconds left.
|inactive|Eddy style has 10 seconds left.
|inactive|Eddy style has 5 seconds left.
|
|t:|1784436173
|move|p1a: Mr. Rime|Charm|p1b: Malamar
|-boost|p1b: Malamar|atk|2
|move|p1b: Malamar|Superpower|p2a: Politoed
|-damage|p2a: Politoed|27/100
|-boost|p1b: Malamar|atk|1
|-boost|p1b: Malamar|def|1
|-enditem|p2a: Politoed|Sitrus Berry|[eat]
|-heal|p2a: Politoed|52/100|[from] item: Sitrus Berry
|move|p2a: Politoed|Weather Ball|p1b: Malamar
|-damage|p1b: Malamar|0 fnt
|faint|p1b: Malamar
|move|p2b: Swampert|Wave Crash|p1a: Mr. Rime
|-damage|p1a: Mr. Rime|17/100
|-damage|p2b: Swampert|67/100|[from] Recoil
|
|-weather|RainDance|[upkeep]
|upkeep
|
|t:|1784436192
|switch|p1b: Maushold|Maushold-Four, L50|100/100
|turn|3
|inactive|Eddy style has 30 seconds left.
|inactive|Eddy style has 20 seconds left.
|inactive|Eddy style has 15 seconds left.
|inactive|Eddy style has 10 seconds left.
|inactive|Eddy style has 5 seconds left.
|
|t:|1784436247
|move|p1b: Maushold|Follow Me|p1b: Maushold
|-singleturn|p1b: Maushold|move: Follow Me
|move|p1a: Mr. Rime|Freeze-Dry|p2b: Swampert
|-supereffective|p2b: Swampert|2
|-damage|p2b: Swampert|0 fnt
|faint|p2b: Swampert
|move|p2a: Politoed|Weather Ball|p1b: Maushold
|-damage|p1b: Maushold|23/100
|
|-weather|RainDance|[upkeep]
|upkeep
|inactive|Eddy style has 30 seconds left.
|
|t:|1784436277
|switch|p2b: Incineroar|Incineroar, L50, M|100/100
|-ability|p2b: Incineroar|Intimidate|boost
|-unboost|p1a: Mr. Rime|atk|1
|-unboost|p1b: Maushold|atk|1
|turn|4
|
|t:|1784436290
|move|p2b: Incineroar|Fake Out|p1a: Mr. Rime
|-damage|p1a: Mr. Rime|4/100
|cant|p1a: Mr. Rime|flinch
|move|p2a: Politoed|Weather Ball|p1b: Maushold
|-damage|p1b: Maushold|0 fnt
|faint|p1b: Maushold
|
|-weather|RainDance|[upkeep]
|upkeep
|
|t:|1784436299
|switch|p1b: Basculegion|Basculegion, L50, M|100/100
|turn|5
|inactive|Eddy style has 30 seconds left.
|inactive|Eddy style has 20 seconds left.
|inactive|Eddy style has 15 seconds left.
|inactive|Eddy style has 10 seconds left.
|
|t:|1784436347
|move|p2b: Incineroar|Darkest Lariat|p1a: Mr. Rime
|-supereffective|p1a: Mr. Rime|1
|-damage|p1a: Mr. Rime|0 fnt
|faint|p1a: Mr. Rime
|move|p2a: Politoed|Perish Song|p2a: Politoed
|-start|p1b: Basculegion|perish3|[silent]
|-start|p2a: Politoed|perish3|[silent]
|-start|p2b: Incineroar|perish3|[silent]
|-fieldactivate|move: Perish Song
|move|p1b: Basculegion|Liquidation|p2b: Incineroar
|-supereffective|p2b: Incineroar|1
|-enditem|p2b: Incineroar|Passho Berry|[eat]
|-enditem|p2b: Incineroar|Passho Berry|[weaken]
|-damage|p2b: Incineroar|8/100
|
|-weather|none
|-start|p2b: Incineroar|perish3
|-start|p2a: Politoed|perish3
|-start|p1b: Basculegion|perish3
|-fieldend|move: Trick Room
|upkeep
|turn|6
|
|t:|1784436363
|move|p2a: Politoed|Protect|p2a: Politoed
|-singleturn|p2a: Politoed|Protect
|move|p2b: Incineroar|Protect|p2b: Incineroar
|-singleturn|p2b: Incineroar|Protect
|move|p1b: Basculegion|Aqua Jet|p2b: Incineroar
|-activate|p2b: Incineroar|move: Protect
|
|-start|p1b: Basculegion|perish2
|-start|p2a: Politoed|perish2
|-start|p2b: Incineroar|perish2
|upkeep
|turn|7
|
|t:|1784436377
|switch|p2b: Kommo-o|Kommo-o, L50, F|100/100
|move|p2a: Politoed|Protect||[still]
|-fail|p2a: Politoed
|move|p1b: Basculegion|Aqua Jet|p2b: Kommo-o
|-resisted|p2b: Kommo-o|1
|-damage|p2b: Kommo-o|87/100
|
|-heal|p2b: Kommo-o|93/100|[from] item: Leftovers
|-start|p1b: Basculegion|perish1
|-start|p2a: Politoed|perish1
|upkeep
|turn|8
|-message|himhimhimhim15 forfeited.
|
|win|Eddy style
|l|☆himhimhimhim15
|player|p1|
