|j|☆Cobrite
|j|☆Jakobtc
|html|CobriteJakobtc    
|uhtml|bestof|Game 2 of a best-of-3
|t:|1757911782
|gametype|doubles
|player|p1|Cobrite|102|1159
|player|p2|Jakobtc|riley|1239
|gen|9
|tier|[Gen 9] VGC 2025 Reg H (Bo3)
|rated|
|rule|Species Clause: Limit one of each Pokémon
|rule|Item Clause: Limit 1 of each item
|clearpoke
|poke|p1|Archaludon, L50, M|
|poke|p1|Basculegion, L50, M|
|poke|p1|Pelipper, L50, F|
|poke|p1|Amoonguss, L50, F|
|poke|p1|Incineroar, L50, M|
|poke|p1|Maushold, L50|
|poke|p2|Drifblim, L50, F|
|poke|p2|Indeedee, L50, M|
|poke|p2|Arcanine-Hisui, L50, M|
|poke|p2|Garchomp, L50, F|
|poke|p2|Amoonguss, L50, M|
|poke|p2|Primarina, L50, M|
|teampreview|4
|showteam|p1|Archaludon||AssaultVest|Stamina|ElectroShot,DragonPulse,FlashCannon,BodyPress|||M|||50|,,,,,Grass]Basculegion||MysticWater|SwiftSwim|Protect,WaveCrash,AquaJet,LastRespects|||M|||50|,,,,,Water]Pelipper||FocusSash|Drizzle|Hurricane,WeatherBall,Tailwind,Protect|||F|||50|,,,,,Ghost]Amoonguss||SitrusBerry|Regenerator|Spore,RagePowder,PollenPuff,ClearSmog|||F|||50|,,,,,Water]Incineroar||SafetyGoggles|Intimidate|FakeOut,FlareBlitz,KnockOff,PartingShot|||M|||50|,,,,,Ghost]Maushold||WideLens|Technician|PopulationBomb,FollowMe,Taunt,Protect||||||50|,,,,,Grass
|showteam|p2|Drifblim||PsychicSeed|Unburden|Tailwind,StrengthSap,WillOWisp,Acrobatics|||F|||50|,,,,,Grass]Indeedee||FocusSash|PsychicSurge|ExpandingForce,TeraBlast,HelpingHand,Protect|||M|||50|,,,,,Fighting]Arcanine-Hisui||ChoiceBand|Intimidate|RockSlide,FlareBlitz,ExtremeSpeed,CloseCombat|||M|||50|,,,,,Water]Garchomp||LifeOrb|RoughSkin|StompingTantrum,DragonClaw,Earthquake,Protect|||F|||50|,,,,,Ground]Amoonguss||SitrusBerry|Regenerator|Spore,SludgeBomb,RagePowder,Protect|||M|||50|,,,,,Water]Primarina||MysticWater|LiquidVoice|HyperVoice,Moonblast,Haze,Protect|||M|||50|,,,,,Steel
|inactive|Battle timer is ON: inactive players will automatically lose when time's up. (requested by Jakobtc)
|
|t:|1757911824
|teamsize|p1|4
|teamsize|p2|4
|start
|switch|p1a: Incineroar|Incineroar, L50, M|100/100
|switch|p1b: Maushold|Maushold, L50|100/100
|switch|p2a: Indeedee|Indeedee, L50, M|100/100
|switch|p2b: Primarina|Primarina, L50, M|100/100
|-fieldstart|move: Psychic Terrain|[from] ability: Psychic Surge|[of] p2a: Indeedee
|-ability|p1a: Incineroar|Intimidate|boost
|-unboost|p2a: Indeedee|atk|1
|-unboost|p2b: Primarina|atk|1
|turn|1
|inactive|Cobrite has 30 seconds left.
|inactive|Cobrite has 20 seconds left.
|inactive|Cobrite has 15 seconds left.
|inactive|Cobrite has 10 seconds left.
|inactive|Cobrite has 5 seconds left.
|
|t:|1757911876
|-terastallize|p2b: Primarina|Steel
|move|p2a: Indeedee|Protect|p2a: Indeedee
|-singleturn|p2a: Indeedee|Protect
|move|p1b: Maushold|Population Bomb|p2a: Indeedee
|-activate|p2a: Indeedee|move: Protect
|move|p1a: Incineroar|Parting Shot|p2b: Primarina
|-unboost|p2b: Primarina|atk|1
|-unboost|p2b: Primarina|spa|1
|
|t:|1757911884
|switch|p1a: Amoonguss|Amoonguss, L50, F|100/100|[from] Parting Shot
|move|p2b: Primarina|Hyper Voice|p1b: Maushold|[spread] p1a,p1b
|-resisted|p1a: Amoonguss
|-damage|p1a: Amoonguss|89/100
|-damage|p1b: Maushold|60/100
|
|upkeep
|turn|2
|
|t:|1757911905
|switch|p2a: Drifblim|Drifblim, L50, F|100/100
|-enditem|p2a: Drifblim|Psychic Seed
|-boost|p2a: Drifblim|spd|1|[from] item: Psychic Seed
|move|p2b: Primarina|Protect|p2b: Primarina
|-singleturn|p2b: Primarina|Protect
|move|p1b: Maushold|Population Bomb|p2a: Drifblim
|-immune|p2a: Drifblim
|move|p1a: Amoonguss|Pollen Puff|p1b: Maushold
|-heal|p1b: Maushold|100/100
|
|upkeep
|turn|3
|inactive|Cobrite has 30 seconds left.
|inactive|Jakobtc has 30 seconds left.
|inactive|Cobrite has 20 seconds left.
|
|t:|1757911940
|switch|p2b: Indeedee|Indeedee, L50, M|100/100
|move|p2a: Drifblim|Will-O-Wisp|p1b: Maushold|[miss]
|-miss|p2a: Drifblim|p1b: Maushold
|move|p1b: Maushold|Taunt|p2a: Drifblim
|-start|p2a: Drifblim|move: Taunt
|move|p1a: Amoonguss|Spore|p2b: Indeedee
|-status|p2b: Indeedee|slp|[from] move: Spore
|
|upkeep
|turn|4
|
|t:|1757911962
|switch|p1a: Incineroar|Incineroar, L50, M|100/100
|-ability|p1a: Incineroar|Intimidate|boost
|-unboost|p2a: Drifblim|atk|1
|-unboost|p2b: Indeedee|atk|1
|move|p2a: Drifblim|Acrobatics|p1a: Incineroar
|-damage|p1a: Incineroar|80/100
|move|p1b: Maushold|Population Bomb|p2b: Indeedee|[miss]
|-miss|p1b: Maushold|p2b: Indeedee
|cant|p2b: Indeedee|slp
|
|upkeep
|turn|5
|
|t:|1757911979
|switch|p2b: Primarina|Primarina, L50, M, tera:Steel|100/100
|move|p2a: Drifblim|Acrobatics|p1b: Maushold
|-damage|p1b: Maushold|66/100
|move|p1b: Maushold|Population Bomb|p2b: Primarina
|-resisted|p2b: Primarina
|-damage|p2b: Primarina|95/100
|-resisted|p2b: Primarina
|-damage|p2b: Primarina|89/100
|-resisted|p2b: Primarina
|-damage|p2b: Primarina|83/100
|-resisted|p2b: Primarina
|-damage|p2b: Primarina|78/100
|-resisted|p2b: Primarina
|-damage|p2b: Primarina|73/100
|-resisted|p2b: Primarina
|-damage|p2b: Primarina|67/100
|-resisted|p2b: Primarina
|-damage|p2b: Primarina|61/100
|-resisted|p2b: Primarina
|-damage|p2b: Primarina|55/100
|-resisted|p2b: Primarina
|-damage|p2b: Primarina|49/100
|-resisted|p2b: Primarina
|-crit|p2b: Primarina
|-damage|p2b: Primarina|40/100
|-hitcount|p2b: Primarina|10
|move|p1a: Incineroar|Knock Off|p2a: Drifblim
|-supereffective|p2a: Drifblim
|-damage|p2a: Drifblim|32/100
|
|-fieldend|move: Psychic Terrain
|upkeep
|turn|6
|inactive|Jakobtc has 30 seconds left.
|
|t:|1757912013
|move|p2a: Drifblim|Acrobatics|p1b: Maushold
|-damage|p1b: Maushold|32/100
|move|p1b: Maushold|Population Bomb|p2b: Primarina
|-resisted|p2b: Primarina
|-damage|p2b: Primarina|34/100
|-resisted|p2b: Primarina
|-damage|p2b: Primarina|28/100
|-resisted|p2b: Primarina
|-damage|p2b: Primarina|23/100
|-resisted|p2b: Primarina
|-damage|p2b: Primarina|17/100
|-resisted|p2b: Primarina
|-damage|p2b: Primarina|12/100
|-resisted|p2b: Primarina
|-damage|p2b: Primarina|5/100
|-resisted|p2b: Primarina
|-crit|p2b: Primarina
|-damage|p2b: Primarina|0 fnt
|faint|p2b: Primarina
|-hitcount|p2: Primarina|7
|move|p1a: Incineroar|Knock Off|p2a: Drifblim
|-supereffective|p2a: Drifblim
|-damage|p2a: Drifblim|0 fnt
|faint|p2a: Drifblim
|
|upkeep
|
|t:|1757912032
|switch|p2a: Indeedee|Indeedee, L50, M|100/100 slp
|switch|p2b: Garchomp|Garchomp, L50, F|100/100
|-fieldstart|move: Psychic Terrain|[from] ability: Psychic Surge|[of] p2a: Indeedee
|turn|7
|inactive|Cobrite has 30 seconds left.
|inactive|Cobrite has 20 seconds left.
|
|t:|1757912067
|switch|p1a: Pelipper|Pelipper, L50, F|100/100
|-weather|RainDance|[from] ability: Drizzle|[of] p1a: Pelipper
|cant|p2a: Indeedee|slp
|move|p1b: Maushold|Population Bomb|p2a: Indeedee
|-damage|p2a: Indeedee|78/100 slp
|-damage|p2a: Indeedee|53/100 slp
|-damage|p2a: Indeedee|28/100 slp
|-damage|p2a: Indeedee|6/100 slp
|-crit|p2a: Indeedee
|-damage|p2a: Indeedee|0 fnt
|faint|p2a: Indeedee
|-hitcount|p2: Indeedee|5
|move|p2b: Garchomp|Earthquake|p1b: Maushold|[spread] p1b
|-immune|p1a: Pelipper
|-damage|p1b: Maushold|0 fnt
|faint|p1b: Maushold
|-damage|p2b: Garchomp|91/100|[from] item: Life Orb
|
|-weather|RainDance|[upkeep]
|upkeep
|
|t:|1757912076
|switch|p1b: Incineroar|Incineroar, L50, M|80/100
|-ability|p1b: Incineroar|Intimidate|boost
|-unboost|p2b: Garchomp|atk|1
|turn|8
|c|☆Jakobtc|i'm a terrible player
|c|☆Cobrite|me too
|
|t:|1757912091
|move|p1b: Incineroar|Fake Out|p2b: Garchomp
|-activate|p2b: Garchomp|move: Psychic Terrain
|move|p2b: Garchomp|Stomping Tantrum|p1b: Incineroar
|-supereffective|p1b: Incineroar
|-damage|p1b: Incineroar|8/100
|-damage|p2b: Garchomp|81/100|[from] item: Life Orb
|move|p1a: Pelipper|Tailwind|p1a: Pelipper
|-sidestart|p1: Cobrite|move: Tailwind
|
|-weather|RainDance|[upkeep]
|upkeep
|turn|9
|c|☆Jakobtc|as you are destroying me
|
|t:|1757912110
|switch|p1b: Amoonguss|Amoonguss, L50, F|100/100
|move|p1a: Pelipper|Weather Ball|p2b: Garchomp
|-damage|p2b: Garchomp|14/100
|move|p2b: Garchomp|Earthquake|p1b: Amoonguss|[spread] p1b
|-immune|p1a: Pelipper
|-damage|p1b: Amoonguss|73/100
|-damage|p2b: Garchomp|4/100|[from] item: Life Orb
|
|-weather|RainDance|[upkeep]
|upkeep
|turn|10
|c|☆Cobrite|i usually get destroyed
|
|t:|1757912126
|move|p2b: Garchomp|Protect|p2b: Garchomp
|-singleturn|p2b: Garchomp|Protect
|move|p1a: Pelipper|Hurricane|p2b: Garchomp
|-activate|p2b: Garchomp|move: Protect
|move|p1b: Amoonguss|Pollen Puff|p1a: Pelipper
|
|-weather|RainDance|[upkeep]
|upkeep
|turn|11
|
|t:|1757912133
|move|p2b: Garchomp|Protect|p2b: Garchomp
|-singleturn|p2b: Garchomp|Protect
|move|p1a: Pelipper|Hurricane|p2b: Garchomp
|-activate|p2b: Garchomp|move: Protect
|move|p1b: Amoonguss|Pollen Puff|p1a: Pelipper
|
|-weather|none
|-sideend|p1: Cobrite|move: Tailwind
|-fieldend|move: Psychic Terrain
|upkeep
|turn|12
|
|t:|1757912143
|move|p1a: Pelipper|Protect|p1a: Pelipper
|-singleturn|p1a: Pelipper|Protect
|move|p2b: Garchomp|Dragon Claw|p1b: Amoonguss
|-damage|p1b: Amoonguss|45/100
|-enditem|p1b: Amoonguss|Sitrus Berry|[eat]
|-heal|p1b: Amoonguss|70/100|[from] item: Sitrus Berry
|-damage|p2b: Garchomp|0 fnt|[from] item: Life Orb
|faint|p2b: Garchomp
|
|win|Cobrite
|raw|Cobrite's rating: 1159 → 1190(+31 for winning)
|raw|Jakobtc's rating: 1239 → 1208(-31 for losing)
|l|☆Cobrite
|player|p1|
