|j|☆rip bozo lol lmao
|j|☆iFlamercenar
|html|rip bozo lol lmaoiFlamercenar    
|uhtml|bestof|Game 2 of a best-of-3
|t:|1757647121
|gametype|doubles
|player|p1|rip bozo lol lmao|miku-fairy|1076
|player|p2|iFlamercenar|acetrainer-gen4dp|1094
|gen|9
|tier|[Gen 9] VGC 2025 Reg H (Bo3)
|rated|
|rule|Species Clause: Limit one of each Pokémon
|rule|Item Clause: Limit 1 of each item
|clearpoke
|poke|p1|Ceruledge, L50, M|
|poke|p1|Indeedee, L50, M|
|poke|p1|Tyranitar, L50, M|
|poke|p1|Excadrill, L50, F|
|poke|p1|Sneasler, L50, M|
|poke|p1|Sinistcha, L50|
|poke|p2|Gholdengo, L50|
|poke|p2|Maushold-Four, L50|
|poke|p2|Rillaboom, L50, M|
|poke|p2|Dragonite, L50, M|
|poke|p2|Basculegion, L50, M|
|poke|p2|Annihilape, L50, F|
|teampreview|4
|showteam|p1|Ceruledge||Leftovers|FlashFire|BitterBlade,ShadowClaw,BulkUp,Protect|||M|||50|,,,,,Grass]Indeedee||ChoiceScarf|PsychicSurge|ExpandingForce,TeraBlast,Trick,DazzlingGleam|||M|||50|,,,,,Psychic]Tyranitar||AssaultVest|SandStream|RockSlide,KnockOff,TeraBlast,LowKick|||M|||50|,,,,,Flying]Excadrill||FocusSash|SandRush|Earthquake,IronHead,SwordsDance,Protect|||F|||50|,,,,,Ground]Sneasler||PsychicSeed|Unburden|DireClaw,CloseCombat,Coaching,Protect|||M|||50|,,,,,Ghost]Sinistcha||SitrusBerry|Hospitality|MatchaGotcha,RagePowder,Curse,LifeDew||||||50|,,,,,Dark
|showteam|p2|Gholdengo||ChoiceSpecs|GoodasGold|MakeItRain,ShadowBall,PowerGem,Trick||||||50|,,,,,Steel]Maushold-Four||WideLens|FriendGuard|PopulationBomb,Feint,FollowMe,Protect||||||50|,,,,,Ghost]Rillaboom||AssaultVest|GrassySurge|GrassyGlide,WoodHammer,HighHorsepower,FakeOut|||M|||50|,,,,,Fire]Dragonite||LoadedDice|Multiscale|ScaleShot,Tailwind,Haze,Protect|||M|||50|,,,,,Steel]Basculegion||FocusSash|Adaptability|LastRespects,WaveCrash,AquaJet,Protect|||M|||50|,,,,,Ghost]Annihilape||SitrusBerry|Defiant|RageFist,CloseCombat,FinalGambit,Protect|||F|||50|,,,,,Water
|j| teamthief420
|l| teamthief420
|l|☆iFlamercenar
|player|p2|
|inactive|Battle timer is ON: inactive players will automatically lose when time's up. (requested by rip bozo lol lmao)
|inactive|iFlamercenar has 30 seconds to reconnect!
|j|☆iFlamercenar
|inactive|iFlamercenar reconnected and has 55 seconds left.
|player|p2|iFlamercenar|acetrainer-gen4dp|
|
|t:|1757647199
|teamsize|p1|4
|teamsize|p2|4
|start
|switch|p1a: Lagann|Excadrill, L50, F, shiny|100/100
|switch|p1b: Four Loko|Sinistcha, L50|100/100
|switch|p2a: Dragonite|Dragonite, L50, M|100/100
|switch|p2b: Gholdengo|Gholdengo, L50|100/100
|turn|1
|
|t:|1757647221
|move|p1a: Lagann|Protect|p1a: Lagann
|-singleturn|p1a: Lagann|Protect
|move|p2b: Gholdengo|Shadow Ball|p1b: Four Loko
|-supereffective|p1b: Four Loko
|-damage|p1b: Four Loko|0 fnt
|faint|p1b: Four Loko
|move|p2a: Dragonite|Scale Shot|p1a: Lagann
|-activate|p1a: Lagann|move: Protect
|
|upkeep
|
|t:|1757647228
|switch|p1b: Gurren|Tyranitar, L50, M|100/100
|-weather|Sandstorm|[from] ability: Sand Stream|[of] p1b: Gurren
|turn|2
|
|t:|1757647244
|-terastallize|p1b: Gurren|Flying
|move|p1a: Lagann|Earthquake|p2b: Gholdengo|[spread] p2b
|-immune|p1b: Gurren
|-immune|p2a: Dragonite
|-supereffective|p2b: Gholdengo
|-damage|p2b: Gholdengo|15/100
|move|p2b: Gholdengo|Shadow Ball|p1a: Lagann
|-enditem|p1a: Lagann|Focus Sash
|-damage|p1a: Lagann|1/100
|move|p2a: Dragonite|Tailwind|p2a: Dragonite
|-sidestart|p2: iFlamercenar|move: Tailwind
|move|p1b: Gurren|Knock Off|p2a: Dragonite
|-damage|p2a: Dragonite|72/100
|-enditem|p2a: Dragonite|Loaded Dice|[from] move: Knock Off|[of] p1b: Gurren
|
|-weather|Sandstorm|[upkeep]
|-damage|p2a: Dragonite|66/100|[from] Sandstorm
|-damage|p1b: Gurren|95/100|[from] Sandstorm
|upkeep
|turn|3
|
|t:|1757647262
|move|p1a: Lagann|Earthquake|p2a: Dragonite|[spread] p2b
|-immune|p1b: Gurren
|-immune|p2a: Dragonite
|-supereffective|p2b: Gholdengo
|-damage|p2b: Gholdengo|0 fnt
|faint|p2b: Gholdengo
|move|p2a: Dragonite|Scale Shot|p1a: Lagann
|-resisted|p1a: Lagann
|-damage|p1a: Lagann|0 fnt
|faint|p1a: Lagann
|-hitcount|p1: Lagann|1
|-unboost|p2a: Dragonite|def|1
|-boost|p2a: Dragonite|spe|1
|move|p1b: Gurren|Rock Slide|p2a: Dragonite
|-supereffective|p2a: Dragonite
|-damage|p2a: Dragonite|0 fnt
|faint|p2a: Dragonite
|
|-weather|Sandstorm|[upkeep]
|-damage|p1b: Gurren|89/100|[from] Sandstorm
|upkeep
|
|t:|1757647270
|switch|p1a: I hate this mon|Sneasler, L50, M|100/100
|switch|p2b: Annihilape|Annihilape, L50, F|100/100
|switch|p2a: Basculegion|Basculegion, L50, M|100/100
|turn|4
|
|t:|1757647278
|move|p2b: Annihilape|Close Combat|p1b: Gurren
|-resisted|p1b: Gurren
|-damage|p1b: Gurren|70/100
|-unboost|p2b: Annihilape|def|1
|-unboost|p2b: Annihilape|spd|1
|move|p2a: Basculegion|Last Respects|p1a: I hate this mon
|-damage|p1a: I hate this mon|0 fnt
|faint|p1a: I hate this mon
|move|p1b: Gurren|Knock Off|p2a: Basculegion
|-supereffective|p2a: Basculegion
|-enditem|p2a: Basculegion|Focus Sash
|-damage|p2a: Basculegion|1/100
|
|-weather|Sandstorm|[upkeep]
|-damage|p2b: Annihilape|94/100|[from] Sandstorm
|-damage|p2a: Basculegion|0 fnt|[from] Sandstorm
|-damage|p1b: Gurren|64/100|[from] Sandstorm
|faint|p2a: Basculegion
|upkeep
|turn|5
|
|t:|1757647290
|move|p2b: Annihilape|Final Gambit|p1b: Gurren
|-damage|p1b: Gurren|0 fnt
|faint|p2b: Annihilape
|faint|p1b: Gurren
|
|win|rip bozo lol lmao
|raw|rip bozo lol lmao's rating: 1076 → 1106(+30 for winning)
|raw|iFlamercenar's rating: 1094 → 1069(-25 for losing)
|l|☆iFlamercenar
|player|p2|
|c|☆rip bozo lol lmao|we take those
