|j|☆Vodking97
|j|☆awelaaa
|html|Vodking97awelaaa    
|uhtml|bestof|Game 1 of a best-of-3
|t:|1785714722
|gametype|doubles
|player|p1|Vodking97|marshal|1000
|player|p2|awelaaa|rancher|1129
|gen|9
|tier|[Gen 9 Champions] VGC 2026 Reg M-B (Bo3)
|rated|
|rule|Species Clause: Limit one of each Pokémon
|rule|Item Clause: Limit 1 of each item
|clearpoke
|poke|p1|Sandaconda, L50, F, shiny|
|poke|p1|Tyranitar, L50, F, shiny|
|poke|p1|Garchomp, L50, F, shiny|
|poke|p1|Arcanine-Hisui, L50, M, shiny|
|poke|p1|Sinistcha, L50|
|poke|p1|Klefki, L50, M, shiny|
|poke|p2|Garchomp, L50, F|
|poke|p2|Tyranitar, L50, M|
|poke|p2|Sandaconda, L50, M|
|poke|p2|Scovillain, L50, F|
|poke|p2|Farigiraf, L50, F|
|poke|p2|Kingambit, L50, M|
|teampreview|4
|showteam|p1|Sandaconda||BrightPowder|SandVeil|IronDefense,Minimize,HighHorsepower,BodyPress|Adamant||F|||50|]Tyranitar||Tyranitarite|SandStream|FoulPlay,HeavySlam,Protect,RockSlide|Adamant||F|||50|]Garchomp||WhiteHerb|SandVeil|StompingTantrum,DragonClaw,RockSlide,Protect|Adamant||F|||50|]Arcanine-Hisui||ChopleBerry|Intimidate|FlareBlitz,ExtremeSpeed,WillOWisp,Protect|Adamant||M|||50|]Sinistcha||SitrusBerry|Hospitality|RagePowder,LifeDew,MatchaGotcha,Protect|Timid|||||50|]Klefki||FocusSash|Prankster|Sandstorm,ThunderWave,LightScreen,FoulPlay|Gentle||M|||50|
|showteam|p2|Garchomp||Garchompite|RoughSkin|DracoMeteor,PowerGem,Protect,EarthPower|Modest||F|||50|]Tyranitar||ChopleBerry|SandStream|KnockOff,RockSlide,Protect,LowKick|Adamant||M|||50|]Sandaconda||BrightPowder|SandVeil|BodyPress,IronDefense,Minimize,RockSlide|Careful||M|||50|]Scovillain||Scovillainite|Moody|Protect,RagePowder,LeechSeed,Overheat|Bold||F|||50|]Farigiraf||SitrusBerry|ArmorTail|HelpingHand,TrickRoom,TwinBeam,Thunderbolt|Bold||F|||50|]Kingambit||BlackGlasses|Defiant|IronHead,SuckerPunch,Protect,KowtowCleave|Adamant||M|||50|
|inactive|Battle timer is ON: inactive players will automatically lose when time's up. (requested by awelaaa)
|
|t:|1785714793
|teamsize|p1|4
|teamsize|p2|4
|start
|switch|p1a: Sandaconda|Sandaconda, L50, F, shiny|100/100
|switch|p1b: Tyranitar|Tyranitar, L50, F, shiny|100/100
|switch|p2a: Sandaconda|Sandaconda, L50, M|100/100
|switch|p2b: Scovillain|Scovillain, L50, F|100/100
|-weather|Sandstorm|[from] ability: Sand Stream|[of] p1b: Tyranitar
|turn|1
|inactive|awelaaa has 30 seconds left.
|
|t:|1785714819
|detailschange|p2b: Scovillain|Scovillain-Mega, L50, F
|-mega|p2b: Scovillain|Scovillain|Scovillainite
|move|p2b: Scovillain|Leech Seed|p1a: Sandaconda
|-start|p1a: Sandaconda|move: Leech Seed
|move|p1a: Sandaconda|Minimize|p1a: Sandaconda
|-boost|p1a: Sandaconda|evasion|2
|move|p2a: Sandaconda|Minimize|p2a: Sandaconda
|-boost|p2a: Sandaconda|evasion|2
|move|p1b: Tyranitar|Heavy Slam|p2b: Scovillain
|-resisted|p2b: Scovillain|1
|-damage|p2b: Scovillain|79/100
|-status|p1b: Tyranitar|brn|[from] ability: Spicy Spray|[of] p2b: Scovillain
|
|-weather|Sandstorm|[upkeep]
|-damage|p2b: Scovillain|73/100|[from] Sandstorm
|-damage|p1a: Sandaconda|87/100|[from] Leech Seed|[of] p2b: Scovillain
|-heal|p2b: Scovillain|86/100|[silent]
|-damage|p1b: Tyranitar|94/100 brn|[from] brn
|upkeep
|turn|2
|inactive|Vodking97 has 30 seconds left.
|
|t:|1785714849
|switch|p1b: Arcanine|Arcanine-Hisui, L50, M, shiny|100/100
|-ability|p1b: Arcanine|Intimidate|boost
|-unboost|p2a: Sandaconda|atk|1
|-unboost|p2b: Scovillain|atk|1
|move|p2b: Scovillain|Leech Seed|p1b: Arcanine
|-start|p1b: Arcanine|move: Leech Seed
|move|p2a: Sandaconda|Iron Defense|p2a: Sandaconda
|-boost|p2a: Sandaconda|def|2
|move|p1a: Sandaconda|Minimize|p1a: Sandaconda
|-boost|p1a: Sandaconda|evasion|2
|
|-weather|Sandstorm|[upkeep]
|-damage|p2b: Scovillain|80/100|[from] Sandstorm
|-damage|p1b: Arcanine|87/100|[from] Leech Seed|[of] p2b: Scovillain
|-heal|p2b: Scovillain|93/100|[silent]
|-damage|p1a: Sandaconda|75/100|[from] Leech Seed|[of] p2b: Scovillain
|-heal|p2b: Scovillain|100/100|[silent]
|upkeep
|turn|3
|inactive|awelaaa has 30 seconds left.
|
|t:|1785714876
|move|p2b: Scovillain|Rage Powder|p2b: Scovillain
|-singleturn|p2b: Scovillain|move: Rage Powder
|move|p1b: Arcanine|Flare Blitz|p2b: Scovillain
|-damage|p2b: Scovillain|44/100
|-immune|p1b: Arcanine
|-damage|p1b: Arcanine|68/100|[from] Recoil
|move|p1a: Sandaconda|Iron Defense|p1a: Sandaconda
|-boost|p1a: Sandaconda|def|2
|move|p2a: Sandaconda|Iron Defense|p2a: Sandaconda
|-boost|p2a: Sandaconda|def|2
|
|-weather|Sandstorm|[upkeep]
|-damage|p2b: Scovillain|38/100|[from] Sandstorm
|-damage|p1b: Arcanine|56/100|[from] Leech Seed|[of] p2b: Scovillain
|-heal|p2b: Scovillain|50/100g|[silent]
|-damage|p1a: Sandaconda|63/100|[from] Leech Seed|[of] p2b: Scovillain
|-heal|p2b: Scovillain|63/100|[silent]
|upkeep
|turn|4
|
|t:|1785714899
|move|p2b: Scovillain|Protect|p2b: Scovillain
|-singleturn|p2b: Scovillain|Protect
|move|p1b: Arcanine|Will-O-Wisp|p2b: Scovillain
|-activate|p2b: Scovillain|move: Protect
|move|p2a: Sandaconda|Body Press|p1b: Arcanine
|-supereffective|p1b: Arcanine|1
|-enditem|p1b: Arcanine|Chople Berry|[eat]
|-enditem|p1b: Arcanine|Chople Berry|[weaken]
|-damage|p1b: Arcanine|0 fnt
|faint|p1b: Arcanine
|move|p1a: Sandaconda|Iron Defense|p1a: Sandaconda
|-boost|p1a: Sandaconda|def|2
|
|-weather|Sandstorm|[upkeep]
|-damage|p2b: Scovillain|57/100|[from] Sandstorm
|-damage|p1a: Sandaconda|50/100g|[from] Leech Seed|[of] p2b: Scovillain
|-heal|p2b: Scovillain|70/100|[silent]
|upkeep
|
|t:|1785714918
|switch|p1b: Sinistcha|Sinistcha, L50|100/100
|-heal|p1a: Sandaconda|75/100|[from] ability: Hospitality|[of] p1b: Sinistcha
|turn|5
|inactive|awelaaa has 30 seconds left.
|
|t:|1785714943
|move|p1b: Sinistcha|Matcha Gotcha|p2b: Scovillain|[spread] p2b
|-miss|p1b: Sinistcha|p2a: Sandaconda
|-resisted|p2b: Scovillain|2
|-damage|p2b: Scovillain|63/100
|-status|p1b: Sinistcha|brn|[from] ability: Spicy Spray|[of] p2b: Scovillain
|move|p2b: Scovillain|Overheat|p1b: Sinistcha
|-supereffective|p1b: Sinistcha|1
|-damage|p1b: Sinistcha|0 fnt
|-unboost|p2b: Scovillain|spa|2
|faint|p1b: Sinistcha
|move|p2a: Sandaconda|Minimize|p2a: Sandaconda
|-boost|p2a: Sandaconda|evasion|2
|move|p1a: Sandaconda|Body Press|p2b: Scovillain
|-damage|p2b: Scovillain|0 fnt
|-status|p1a: Sandaconda|brn|[from] ability: Spicy Spray|[of] p2b: Scovillain
|faint|p2b: Scovillain
|
|-weather|none
|-damage|p1a: Sandaconda|69/100 brn|[from] brn
|upkeep
|
|t:|1785714968
|switch|p1b: Tyranitar|Tyranitar, L50, F, shiny|94/100 brn
|switch|p2b: Tyranitar|Tyranitar, L50, M|100/100
|-weather|Sandstorm|[from] ability: Sand Stream|[of] p1b: Tyranitar
|turn|6
|
|t:|1785714991
|detailschange|p1b: Tyranitar|Tyranitar-Mega, L50, F, shiny
|-mega|p1b: Tyranitar|Tyranitar|Tyranitarite
|move|p2b: Tyranitar|Protect|p2b: Tyranitar
|-singleturn|p2b: Tyranitar|Protect
|move|p1b: Tyranitar|Heavy Slam|p2a: Sandaconda
|-damage|p2a: Sandaconda|89/100
|move|p2a: Sandaconda|Body Press|p1b: Tyranitar
|-supereffective|p1b: Tyranitar|2
|-crit|p1b: Tyranitar
|-damage|p1b: Tyranitar|0 fnt
|faint|p1b: Tyranitar
|move|p1a: Sandaconda|Body Press|p2b: Tyranitar
|-activate|p2b: Tyranitar|move: Protect
|
|-weather|Sandstorm|[upkeep]
|-damage|p1a: Sandaconda|56/100 brn|[from] Leech Seed|[of] p2b: Tyranitar
|-damage|p1a: Sandaconda|50/100g brn|[from] brn
|upkeep
|turn|7
|
|t:|1785715012
|move|p1a: Sandaconda|Body Press|p2b: Tyranitar
|-supereffective|p2b: Tyranitar|2
|-enditem|p2b: Tyranitar|Chople Berry|[eat]
|-enditem|p2b: Tyranitar|Chople Berry|[weaken]
|-damage|p2b: Tyranitar|43/100
|move|p2a: Sandaconda|Body Press|p1a: Sandaconda|[miss]
|-miss|p2a: Sandaconda|p1a: Sandaconda
|move|p2b: Tyranitar|Knock Off|p1a: Sandaconda|[miss]
|-miss|p2b: Tyranitar|p1a: Sandaconda
|
|-weather|Sandstorm|[upkeep]
|-damage|p1a: Sandaconda|38/100 brn|[from] Leech Seed|[of] p2b: Tyranitar
|-heal|p2b: Tyranitar|54/100|[silent]
|-damage|p1a: Sandaconda|32/100 brn|[from] brn
|upkeep
|turn|8
|inactive|awelaaa has 30 seconds left.
|
|t:|1785715040
|move|p2b: Tyranitar|Protect|p2b: Tyranitar
|-singleturn|p2b: Tyranitar|Protect
|move|p2a: Sandaconda|Body Press|p1a: Sandaconda|[miss]
|-miss|p2a: Sandaconda|p1a: Sandaconda
|move|p1a: Sandaconda|Body Press|p2b: Tyranitar
|-activate|p2b: Tyranitar|move: Protect
|
|-weather|Sandstorm|[upkeep]
|-damage|p1a: Sandaconda|20/100y brn|[from] Leech Seed|[of] p2b: Tyranitar
|-heal|p2b: Tyranitar|64/100|[silent]
|-damage|p1a: Sandaconda|13/100 brn|[from] brn
|upkeep
|turn|9
|
|t:|1785715059
|move|p2a: Sandaconda|Body Press|p1a: Sandaconda
|-damage|p1a: Sandaconda|0 fnt
|faint|p1a: Sandaconda
|
|win|awelaaa
||awelaaa is ready for game 2.
|l|☆Vodking97
|player|p1|
|inactive|Vodking97 has 30 seconds to confirm battle start!
|raw|Vodking97's rating: 1000 → 1000(+0 for losing)
|raw|awelaaa's rating: 1129 → 1145(+16 for winning)
