|j|☆lipeater444
|j|☆NEZK025
|html|lipeater444NEZK025    
|uhtml|bestof|Game 2 of a best-of-3
|t:|1783710977
|gametype|doubles
|player|p1|lipeater444|skierf-gen4dp|
|player|p2|NEZK025|nate|
|gen|9
|tier|[Gen 9 Champions] VGC 2026 Reg M-B (Bo3)
|rule|Species Clause: Limit one of each Pokémon
|rule|Item Clause: Limit 1 of each item
|clearpoke
|poke|p1|Torkoal, L50, M, shiny|
|poke|p1|Trevenant, L50, M, shiny|
|poke|p1|Scrafty, L50, M|
|poke|p1|Aegislash, L50, M|
|poke|p1|Venusaur, L50, M, shiny|
|poke|p1|Charizard, L50, M|
|poke|p2|Excadrill, L50, M|
|poke|p2|Tyranitar, L50, F|
|poke|p2|Corviknight, L50, M|
|poke|p2|Hydreigon, L50, F|
|poke|p2|Rotom-Wash, L50|
|poke|p2|Mimikyu, L50, F|
|teampreview|4
|showteam|p1|Torkoal||Charcoal|Drought|HeatWave,EarthPower,SolarBeam,Protect|Quiet||M|||50|]Trevenant||SitrusBerry|Harvest|TrickRoom,HornLeech,Poltergeist,Protect|Brave||M|||50|]Scrafty||Scraftinite|Intimidate|FakeOut,CloseCombat,KnockOff,Protect|Brave||M|||50|]Aegislash||ColburBerry|StanceChange|WideGuard,IronHead,ShadowSneak,KingsShield|Careful||M|||50|]Venusaur||LifeOrb|Chlorophyll|SleepPowder,SolarBeam,SludgeBomb,Protect|Modest||M|||50|]Charizard||CharizarditeY|SolarPower|WeatherBall,SolarBeam,ScorchingSands,Protect|Timid||M|||50|
|showteam|p2|Excadrill||FocusSash|SandRush|Protect,Earthquake,IronHead,RockTomb|Adamant||M|||50|]Tyranitar||Tyranitarite|SandStream|Protect,RockSlide,KnockOff,LowKick|Adamant||F|||50|]Corviknight||Leftovers|MirrorArmor|Roost,BraveBird,Tailwind,BulkUp|Careful||M|||50|]Hydreigon||ChoiceScarf|Levitate|DragonPulse,DarkPulse,Snarl,EarthPower|Modest||F|||50|]Rotom-Wash||SitrusBerry|Levitate|Protect,Thunderbolt,HydroPump,Reflect|Modest|||||50|]Mimikyu||FairyFeather|Disguise|Protect,PlayRough,ShadowClaw,ShadowSneak|Adamant||F|||50|
|
|t:|1783711012
|teamsize|p1|4
|teamsize|p2|4
|start
|switch|p1a: Verdito|Venusaur, L50, M, shiny|100/100
|switch|p1b: Pimientito|Charizard, L50, M|100/100
|switch|p2a: Hydreigon|Hydreigon, L50, F|100/100
|switch|p2b: Rotom|Rotom-Wash, L50|100/100
|turn|1
|
|t:|1783711031
|switch|p2b: Tyranitar|Tyranitar, L50, F|100/100
|-weather|Sandstorm|[from] ability: Sand Stream|[of] p2b: Tyranitar
|detailschange|p1b: Pimientito|Charizard-Mega-Y, L50, M
|-mega|p1b: Pimientito|Charizard|Charizardite Y
|-weather|SunnyDay|[from] ability: Drought|[of] p1b: Pimientito
|move|p1a: Verdito|Sleep Powder|p2a: Hydreigon
|-status|p2a: Hydreigon|slp|[from] move: Sleep Powder
|cant|p2a: Hydreigon|slp
|move|p1b: Pimientito|Solar Beam||[still]
|-prepare|p1b: Pimientito|Solar Beam
|-anim|p1b: Pimientito|Solar Beam|p2b: Tyranitar
|-supereffective|p2b: Tyranitar|1
|-damage|p2b: Tyranitar|22/100
|
|-weather|SunnyDay|[upkeep]
|upkeep
|turn|2
|
|t:|1783711076
|detailschange|p2b: Tyranitar|Tyranitar-Mega, L50, F
|-mega|p2b: Tyranitar|Tyranitar|Tyranitarite
|-weather|Sandstorm|[from] ability: Sand Stream|[of] p2b: Tyranitar
|move|p2b: Tyranitar|Protect|p2b: Tyranitar
|-singleturn|p2b: Tyranitar|Protect
|-curestatus|p2a: Hydreigon|slp|[msg]
|move|p2a: Hydreigon|Dark Pulse|p1a: Verdito
|-damage|p1a: Verdito|49/100
|move|p1b: Pimientito|Scorching Sands|p2b: Tyranitar
|-activate|p2b: Tyranitar|move: Protect
|cant|p1a: Verdito|flinch
|
|-weather|Sandstorm|[upkeep]
|-damage|p2a: Hydreigon|94/100|[from] Sandstorm
|-damage|p1b: Pimientito|94/100|[from] Sandstorm
|-damage|p1a: Verdito|43/100|[from] Sandstorm
|upkeep
|turn|3
|
|t:|1783711104
|switch|p1b: Cortito|Aegislash, L50, M|100/100
|switch|p2b: Rotom|Rotom-Wash, L50|100/100
|move|p1a: Verdito|Protect|p1a: Verdito
|-singleturn|p1a: Verdito|Protect
|move|p2a: Hydreigon|Dark Pulse|p1a: Verdito
|-activate|p1a: Verdito|move: Protect
|
|-weather|Sandstorm|[upkeep]
|-damage|p2a: Hydreigon|88/100|[from] Sandstorm
|-damage|p1a: Verdito|38/100|[from] Sandstorm
|-damage|p2b: Rotom|94/100|[from] Sandstorm
|upkeep
|turn|4
|
|t:|1783711143
|move|p2a: Hydreigon|Dark Pulse|p1b: Cortito
|-supereffective|p1b: Cortito|1
|-enditem|p1b: Cortito|Colbur Berry|[eat]
|-enditem|p1b: Cortito|Colbur Berry|[weaken]
|-damage|p1b: Cortito|72/100
|move|p1a: Verdito|Sleep Powder|p2b: Rotom|[miss]
|-miss|p1a: Verdito|p2b: Rotom
|move|p2b: Rotom|Thunderbolt|p1b: Cortito
|-damage|p1b: Cortito|47/100
|-formechange|p1b: Cortito|Aegislash-Blade|
|move|p1b: Cortito|Iron Head|p2a: Hydreigon
|-damage|p2a: Hydreigon|40/100
|
|-weather|Sandstorm|[upkeep]
|-damage|p2a: Hydreigon|34/100|[from] Sandstorm
|-damage|p1a: Verdito|32/100|[from] Sandstorm
|-damage|p2b: Rotom|88/100|[from] Sandstorm
|upkeep
|turn|5
|
|t:|1783711163
|switch|p2b: Tyranitar|Tyranitar-Mega, L50, F|22/100
|-formechange|p1b: Cortito|Aegislash|
|move|p1b: Cortito|King's Shield|p1b: Cortito
|-singleturn|p1b: Cortito|Protect
|move|p2a: Hydreigon|Dark Pulse|p1a: Verdito
|-damage|p1a: Verdito|0 fnt
|faint|p1a: Verdito
|
|-weather|Sandstorm|[upkeep]
|-damage|p2a: Hydreigon|28/100|[from] Sandstorm
|upkeep
|
|t:|1783711176
|switch|p1a: Pimientito|Charizard-Mega-Y, L50, M|94/100
|-weather|SunnyDay|[from] ability: Drought|[of] p1a: Pimientito
|turn|6
|
|t:|1783711209
|switch|p2b: Rotom|Rotom-Wash, L50|88/100
|move|p1a: Pimientito|Protect|p1a: Pimientito
|-singleturn|p1a: Pimientito|Protect
|move|p2a: Hydreigon|Dark Pulse|p1b: Cortito
|-supereffective|p1b: Cortito|1
|-damage|p1b: Cortito|0 fnt
|faint|p1b: Cortito
|
|-weather|SunnyDay|[upkeep]
|upkeep
|
|t:|1783711219
|switch|p1b: Niñito|Trevenant, L50, M, shiny|100/100
|turn|7
|
|t:|1783711239
|move|p2a: Hydreigon|Dark Pulse|p1b: Niñito
|-supereffective|p1b: Niñito|1
|-damage|p1b: Niñito|0 fnt
|faint|p1b: Niñito
|move|p1a: Pimientito|Weather Ball|p2b: Rotom
|-resisted|p2b: Rotom|1
|-crit|p2b: Rotom
|-damage|p2b: Rotom|18/100
|-enditem|p2b: Rotom|Sitrus Berry|[eat]
|-heal|p2b: Rotom|43/100|[from] item: Sitrus Berry
|move|p2b: Rotom|Thunderbolt|p1a: Pimientito
|-supereffective|p1a: Pimientito|1
|-damage|p1a: Pimientito|7/100
|
|-weather|SunnyDay|[upkeep]
|upkeep
|turn|8
|
|t:|1783711248
|move|p2a: Hydreigon|Dark Pulse|p1a: Pimientito
|-damage|p1a: Pimientito|0 fnt
|faint|p1a: Pimientito
|
|win|NEZK025
|c|☆NEZK025|Ggwp
|c|☆lipeater444|Gg
|l|☆NEZK025
|player|p2|
|l|☆lipeater444
|player|p1|
|j|☆lipeater444
|player|p1|lipeater444|skierf-gen4dp|
