|j|вҳҶASH2ASHES
|j|вҳҶbrowe
|html|ASH2ASHESbrowe    
|uhtml|bestof|Game 1 of a best-of-3
|t:|1757812056
|gametype|doubles
|player|p1|ASH2ASHES|steven|1045
|player|p2|browe|shadowtriad|1077
|gen|9
|tier|[Gen 9] VGC 2025 Reg H (Bo3)
|rated|
|rule|Species Clause: Limit one of each PokГ©mon
|rule|Item Clause: Limit 1 of each item
|clearpoke
|poke|p1|Baxcalibur, L50, M|
|poke|p1|Sneasler, L50, F|
|poke|p1|Arcanine-Hisui, L50, M|
|poke|p1|Gholdengo, L50|
|poke|p1|Rillaboom, L50, F|
|poke|p1|Salamence, L50, F|
|poke|p2|Indeedee-F, L50, F|
|poke|p2|Hatterene, L50, F|
|poke|p2|Gallade, L50, M|
|poke|p2|Ursaluna, L50, M|
|poke|p2|Lilligant-Hisui, L50, F|
|poke|p2|Torkoal, L50, M|
|teampreview|4
|showteam|p1|Baxcalibur||LoadedDice|ThermalExchange|IcicleSpear,ScaleShot,IceShard,Protect|||M|||50|,,,,,Water]Sneasler||FocusSash|Unburden|CloseCombat,DireClaw,Coaching,Protect|||F|||50|,,,,,Stellar]Arcanine-Hisui||SafetyGoggles|Intimidate|RockSlide,FlareBlitz,WillOWisp,Protect|||M|||50|,,,,,Flying]Gholdengo||LifeOrb|GoodasGold|MakeItRain,ShadowBall,NastyPlot,Protect||||||50|,,,,,Water]Rillaboom||AssaultVest|GrassySurge|WoodHammer,GrassyGlide,FakeOut,Uturn|||F|||50|,,,,,Fire]Salamence||CovertCloak|Intimidate|DragonPulse,AirSlash,Tailwind,Protect|||F|||50|,,,,,Fairy
|showteam|p2|Indeedee-F||PsychicSeed|PsychicSurge|TrickRoom,FollowMe,HelpingHand,DazzlingGleam|||F|||50|,,,,,Fire]Hatterene||LifeOrb|MagicBounce|ExpandingForce,TrickRoom,DazzlingGleam,Protect|||F|||50|,,,,,Psychic]Gallade||ClearAmulet|Sharpness|PsychoCut,TrickRoom,SacredSword,WideGuard|||M|||50|,,,,,Grass]Ursaluna||FlameOrb|Guts|HeadlongRush,Facade,SwordsDance,Protect|||M|||50|,,,,,Ghost]Lilligant-Hisui||FocusSash|Chlorophyll|SolarBlade,SleepPowder,CloseCombat,AfterYou|||F|||50|,,,,,Ghost]Torkoal||ChoiceSpecs|Drought|Eruption,HeatWave,WeatherBall,EarthPower|||M|||50|,,,,,Fire
|
|t:|1757812081
|teamsize|p1|4
|teamsize|p2|4
|start
|switch|p1a: Baxcalibur|Baxcalibur, L50, M, shiny|100/100
|switch|p1b: Arcanine|Arcanine-Hisui, L50, M, shiny|100/100
|switch|p2a: зҙ«з«ҪеҘҪеҸҜж„ӣ|Lilligant-Hisui, L50, F, shiny|100/100
|switch|p2b: еӨӘжЁӮе·ҙжҲҲж–Ҝ|Torkoal, L50, M, shiny|100/100
|-ability|p1b: Arcanine|Intimidate|boost
|-unboost|p2a: зҙ«з«ҪеҘҪеҸҜж„ӣ|atk|1
|-unboost|p2b: еӨӘжЁӮе·ҙжҲҲж–Ҝ|atk|1
|-weather|SunnyDay|[from] ability: Drought|[of] p2b: еӨӘжЁӮе·ҙжҲҲж–Ҝ
|turn|1
|inactive|Battle timer is ON: inactive players will automatically lose when time's up. (requested by ASH2ASHES)
|
|t:|1757812107
|switch|p2b: зҙ«з«Ҫи¶…еҸҜж„ӣ|Indeedee-F, L50, F, shiny|100/100
|-fieldstart|move: Psychic Terrain|[from] ability: Psychic Surge|[of] p2b: зҙ«з«Ҫи¶…еҸҜж„ӣ
|-enditem|p2b: зҙ«з«Ҫи¶…еҸҜж„ӣ|Psychic Seed
|-boost|p2b: зҙ«з«Ҫи¶…еҸҜж„ӣ|spd|1|[from] item: Psychic Seed
|-terastallize|p1a: Baxcalibur|Water
|move|p2a: зҙ«з«ҪеҘҪеҸҜж„ӣ|Solar Blade||[still]
|-prepare|p2a: зҙ«з«ҪеҘҪеҸҜж„ӣ|Solar Blade
|-anim|p2a: зҙ«з«ҪеҘҪеҸҜж„ӣ|Solar Blade|p1a: Baxcalibur
|-supereffective|p1a: Baxcalibur
|-damage|p1a: Baxcalibur|38/100
|move|p1b: Arcanine|Rock Slide|p2a: зҙ«з«ҪеҘҪеҸҜж„ӣ|[spread] p2a,p2b
|-resisted|p2a: зҙ«з«ҪеҘҪеҸҜж„ӣ
|-damage|p2a: зҙ«з«ҪеҘҪеҸҜж„ӣ|82/100
|-damage|p2b: зҙ«з«Ҫи¶…еҸҜж„ӣ|75/100
|move|p1a: Baxcalibur|Icicle Spear|p2a: зҙ«з«ҪеҘҪеҸҜж„ӣ
|-supereffective|p2a: зҙ«з«ҪеҘҪеҸҜж„ӣ
|-damage|p2a: зҙ«з«ҪеҘҪеҸҜж„ӣ|41/100
|-supereffective|p2a: зҙ«з«ҪеҘҪеҸҜж„ӣ
|-damage|p2a: зҙ«з«ҪеҘҪеҸҜж„ӣ|0 fnt
|faint|p2a: зҙ«з«ҪеҘҪеҸҜж„ӣ
|-hitcount|p2: зҙ«з«ҪеҘҪеҸҜж„ӣ|2
|
|-weather|SunnyDay|[upkeep]
|upkeep
|
|t:|1757812124
|switch|p2a: зҙ«з«Ҫж•ІеҸҜж„ӣ|Hatterene, L50, F, shiny|100/100
|turn|2
|
|t:|1757812132
|move|p2b: зҙ«з«Ҫи¶…еҸҜж„ӣ|Follow Me|p2b: зҙ«з«Ҫи¶…еҸҜж„ӣ
|-singleturn|p2b: зҙ«з«Ҫи¶…еҸҜж„ӣ|move: Follow Me
|move|p1a: Baxcalibur|Icicle Spear|p2b: зҙ«з«Ҫи¶…еҸҜж„ӣ
|-damage|p2b: зҙ«з«Ҫи¶…еҸҜж„ӣ|63/100
|-damage|p2b: зҙ«з«Ҫи¶…еҸҜж„ӣ|51/100
|-damage|p2b: зҙ«з«Ҫи¶…еҸҜж„ӣ|37/100
|-damage|p2b: зҙ«з«Ҫи¶…еҸҜж„ӣ|24/100
|-damage|p2b: зҙ«з«Ҫи¶…еҸҜж„ӣ|10/100
|-hitcount|p2b: зҙ«з«Ҫи¶…еҸҜж„ӣ|5
|move|p1b: Arcanine|Flare Blitz|p2b: зҙ«з«Ҫи¶…еҸҜж„ӣ
|-damage|p2b: зҙ«з«Ҫи¶…еҸҜж„ӣ|0 fnt
|faint|p2b: зҙ«з«Ҫи¶…еҸҜж„ӣ
|-damage|p1b: Arcanine|97/100|[from] Recoil
|move|p2a: зҙ«з«Ҫж•ІеҸҜж„ӣ|Trick Room|p2a: зҙ«з«Ҫж•ІеҸҜж„ӣ
|-fieldstart|move: Trick Room|[of] p2a: зҙ«з«Ҫж•ІеҸҜж„ӣ
|
|-weather|SunnyDay|[upkeep]
|upkeep
|
|t:|1757812147
|switch|p2b: еӨӘжЁӮе·ҙжҲҲж–Ҝ|Torkoal, L50, M, shiny|100/100
|turn|3
|
|t:|1757812162
|switch|p1a: Rillaboom|Rillaboom, L50, F|100/100
|-fieldstart|move: Grassy Terrain|[from] ability: Grassy Surge|[of] p1a: Rillaboom
|-terastallize|p2a: зҙ«з«Ҫж•ІеҸҜж„ӣ|Psychic
|move|p2b: еӨӘжЁӮе·ҙжҲҲж–Ҝ|Heat Wave|p1a: Rillaboom|[spread] p1a,p1b
|-supereffective|p1a: Rillaboom
|-resisted|p1b: Arcanine
|-damage|p1a: Rillaboom|0 fnt
|-damage|p1b: Arcanine|78/100
|faint|p1a: Rillaboom
|move|p2a: зҙ«з«Ҫж•ІеҸҜж„ӣ|Expanding Force|p1b: Arcanine
|-damage|p1b: Arcanine|0 fnt
|faint|p1b: Arcanine
|-damage|p2a: зҙ«з«Ҫж•ІеҸҜж„ӣ|91/100|[from] item: Life Orb
|
|-weather|SunnyDay|[upkeep]
|-heal|p2a: зҙ«з«Ҫж•ІеҸҜж„ӣ|97/100|[from] Grassy Terrain
|upkeep
|
|t:|1757812169
|switch|p1a: Baxcalibur|Baxcalibur, L50, M, shiny, tera:Water|38/100
|switch|p1b: Sneasler|Sneasler, L50, F|100/100
|turn|4
|
|t:|1757812181
|move|p1b: Sneasler|Protect|p1b: Sneasler
|-singleturn|p1b: Sneasler|Protect
|move|p2b: еӨӘжЁӮе·ҙжҲҲж–Ҝ|Heat Wave|p1b: Sneasler|[spread] p1a
|-activate|p1b: Sneasler|move: Protect
|-resisted|p1a: Baxcalibur
|-damage|p1a: Baxcalibur|5/100
|-ability|p1a: Baxcalibur|Thermal Exchange|boost
|-boost|p1a: Baxcalibur|atk|1
|move|p2a: зҙ«з«Ҫж•ІеҸҜж„ӣ|Expanding Force|p1a: Baxcalibur
|-damage|p1a: Baxcalibur|0 fnt
|faint|p1a: Baxcalibur
|-damage|p2a: зҙ«з«Ҫж•ІеҸҜж„ӣ|87/100|[from] item: Life Orb
|
|-weather|SunnyDay|[upkeep]
|-heal|p2a: зҙ«з«Ҫж•ІеҸҜж„ӣ|93/100|[from] Grassy Terrain
|upkeep
|turn|5
|-message|ASH2ASHES forfeited.
|
|win|browe
|l|вҳҶASH2ASHES
|player|p1|
||ASH2ASHES is ready for game 2.
||browe is ready for game 2.
|uhtml|next|Next: Game 2 of 3
