|j|☆Brunito zambonin
|j|☆GS Barnabe
|html|Brunito zamboninGS Barnabe    
|uhtml|bestof|Game 1 of a best-of-3
|t:|1785631476
|gametype|doubles
|player|p1|Brunito zambonin|265|1197
|player|p2|GS Barnabe|1|1228
|gen|9
|tier|[Gen 9 Champions] VGC 2026 Reg M-B (Bo3)
|rated|
|rule|Species Clause: Limit one of each Pokémon
|rule|Item Clause: Limit 1 of each item
|clearpoke
|poke|p1|Charizard, L50, F|
|poke|p1|Whimsicott, L50, F|
|poke|p1|Garchomp, L50, M|
|poke|p1|Kingambit, L50, M|
|poke|p1|Sylveon, L50, M|
|poke|p1|Basculegion, L50, M|
|poke|p2|Meowstic, L50, M|
|poke|p2|Tyranitar, L50, F|
|poke|p2|Scovillain, L50, M|
|poke|p2|Houndstone, L50, M|
|poke|p2|Rotom-Wash, L50|
|poke|p2|Aerodactyl, L50, F|
|teampreview|4
|showteam|p1|Charizard||CharizarditeY|Blaze|Protect,SolarBeam,WeatherBall,HeatWave|Modest||F|||50|]Whimsicott||FocusSash|Prankster|Moonblast,Encore,Tailwind,Protect|Timid||F|||50|]Garchomp||LifeOrb|RoughSkin|Protect,RockSlide,DragonClaw,Earthquake|Adamant||M|||50|]Kingambit||ChopleBerry|Defiant|LowKick,SuckerPunch,IronHead,KowtowCleave|Adamant||M|||50|]Sylveon||FairyFeather|Pixilate|Protect,HyperVoice,HyperBeam,QuickAttack|Modest||M|||50|]Basculegion||MysticWater|Adaptability|Protect,WaveCrash,AquaJet,LastRespects|Adamant||M|||50|
|showteam|p2|Meowstic||LightClay|Prankster|FakeOut,Reflect,LightScreen,PsychicNoise|Bold||M|||50|]Tyranitar||ChoiceScarf|SandStream|RockSlide,KnockOff,IcePunch,Superpower|Jolly||F|||50|]Scovillain||Scovillainite|Moody|Overheat,LeechSeed,RagePowder,Protect|Calm||M|||50|]Houndstone||SitrusBerry|SandRush|LastRespects,Disable,AllySwitch,Protect|Adamant||M|||50|]Rotom-Wash||Leftovers|Levitate|HydroPump,VoltSwitch,WillOWisp,Protect|Calm|||||50|]Aerodactyl||Aerodactylite|RockHead|RockSlide,DualWingbeat,Tailwind,Protect|Jolly||F|||50|
|
|t:|1785631517
|teamsize|p1|4
|teamsize|p2|4
|start
|switch|p1a: Charizard|Charizard, L50, F|100/100
|switch|p1b: Whimsicott|Whimsicott, L50, F|100/100
|switch|p2a: Aerodactyl|Aerodactyl, L50, F|100/100
|switch|p2b: Rotom|Rotom-Wash, L50|100/100
|turn|1
|
|t:|1785631559
|detailschange|p2a: Aerodactyl|Aerodactyl-Mega, L50, F
|-mega|p2a: Aerodactyl|Aerodactyl|Aerodactylite
|detailschange|p1a: Charizard|Charizard-Mega-Y, L50, F
|-mega|p1a: Charizard|Charizard|Charizardite Y
|-weather|SunnyDay|[from] ability: Drought|[of] p1a: Charizard
|move|p1a: Charizard|Protect|p1a: Charizard
|-singleturn|p1a: Charizard|Protect
|move|p1b: Whimsicott|Tailwind|p1b: Whimsicott
|-sidestart|p1: Brunito zambonin|move: Tailwind
|move|p2a: Aerodactyl|Dual Wingbeat|p1b: Whimsicott|[miss]
|-miss|p2a: Aerodactyl|p1b: Whimsicott
|move|p2b: Rotom|Volt Switch|p1a: Charizard
|-activate|p1a: Charizard|move: Protect
|
|-weather|SunnyDay|[upkeep]
|upkeep
|turn|2
|
|t:|1785631593
|switch|p2b: Tyranitar|Tyranitar, L50, F|100/100
|-weather|Sandstorm|[from] ability: Sand Stream|[of] p2b: Tyranitar
|move|p1b: Whimsicott|Protect|p1b: Whimsicott
|-singleturn|p1b: Whimsicott|Protect
|move|p1a: Charizard|Solar Beam||[still]
|-prepare|p1a: Charizard|Solar Beam
|move|p2a: Aerodactyl|Rock Slide|p1a: Charizard|[spread] p1a
|-activate|p1b: Whimsicott|move: Protect
|-supereffective|p1a: Charizard|2
|-damage|p1a: Charizard|0 fnt
|faint|p1a: Charizard
|
|-weather|Sandstorm|[upkeep]
|-damage|p1b: Whimsicott|94/100|[from] Sandstorm
|upkeep
|
|t:|1785631613
|switch|p1a: Sylveon|Sylveon, L50, M|100/100
|turn|3
|
|t:|1785631630
|switch|p2b: Rotom|Rotom-Wash, L50|100/100
|move|p1b: Whimsicott|Moonblast|p2a: Aerodactyl
|-damage|p2a: Aerodactyl|73/100
|move|p2a: Aerodactyl|Dual Wingbeat|p1b: Whimsicott
|-supereffective|p1b: Whimsicott|1
|-damage|p1b: Whimsicott|5/100
|-supereffective|p1b: Whimsicott|1
|-damage|p1b: Whimsicott|0 fnt
|faint|p1b: Whimsicott
|-hitcount|p1: Whimsicott|2
|move|p1a: Sylveon|Hyper Voice|p2b: Rotom|[spread] p2a,p2b
|-damage|p2a: Aerodactyl|37/100
|-damage|p2b: Rotom|57/100
|
|-weather|Sandstorm|[upkeep]
|-damage|p1a: Sylveon|93/100|[from] Sandstorm
|-damage|p2b: Rotom|51/100|[from] Sandstorm
|-heal|p2b: Rotom|57/100|[from] item: Leftovers
|upkeep
|
|t:|1785631646
|switch|p1b: Basculegion|Basculegion, L50, M|100/100
|turn|4
|
|t:|1785631661
|move|p2a: Aerodactyl|Protect|p2a: Aerodactyl
|-singleturn|p2a: Aerodactyl|Protect
|move|p2b: Rotom|Protect|p2b: Rotom
|-singleturn|p2b: Rotom|Protect
|move|p1b: Basculegion|Last Respects|p2b: Rotom
|-activate|p2b: Rotom|move: Protect
|move|p1a: Sylveon|Hyper Voice|p2b: Rotom|[spread] 
|-activate|p2a: Aerodactyl|move: Protect
|-activate|p2b: Rotom|move: Protect
|
|-weather|Sandstorm|[upkeep]
|-damage|p1b: Basculegion|93/100|[from] Sandstorm
|-damage|p1a: Sylveon|87/100|[from] Sandstorm
|-damage|p2b: Rotom|51/100|[from] Sandstorm
|-heal|p2b: Rotom|57/100|[from] item: Leftovers
|-sideend|p1: Brunito zambonin|move: Tailwind
|upkeep
|turn|5
|
|t:|1785631702
|move|p2a: Aerodactyl|Tailwind|p2a: Aerodactyl
|-sidestart|p2: GS Barnabe|move: Tailwind
|move|p2b: Rotom|Will-O-Wisp|p1b: Basculegion
|-status|p1b: Basculegion|brn
|move|p1b: Basculegion|Last Respects|p2b: Rotom
|-damage|p2b: Rotom|5/100
|move|p1a: Sylveon|Hyper Voice|p2b: Rotom|[spread] p2a,p2b
|-damage|p2a: Aerodactyl|2/100
|-damage|p2b: Rotom|0 fnt
|faint|p2b: Rotom
|
|-weather|Sandstorm|[upkeep]
|-damage|p1b: Basculegion|87/100 brn|[from] Sandstorm
|-damage|p1a: Sylveon|81/100|[from] Sandstorm
|-damage|p1b: Basculegion|81/100 brn|[from] brn
|upkeep
|
|t:|1785631724
|switch|p2b: Houndstone|Houndstone, L50, M|100/100
|turn|6
|
|t:|1785631742
|move|p2a: Aerodactyl|Protect|p2a: Aerodactyl
|-singleturn|p2a: Aerodactyl|Protect
|move|p1b: Basculegion|Protect|p1b: Basculegion
|-singleturn|p1b: Basculegion|Protect
|move|p1a: Sylveon|Quick Attack|p2a: Aerodactyl
|-activate|p2a: Aerodactyl|move: Protect
|move|p2b: Houndstone|Last Respects|p1b: Basculegion
|-activate|p1b: Basculegion|move: Protect
|
|-weather|none
|-damage|p1b: Basculegion|75/100 brn|[from] brn
|upkeep
|turn|7
|
|t:|1785631765
|switch|p2a: Tyranitar|Tyranitar, L50, F|100/100
|-weather|Sandstorm|[from] ability: Sand Stream|[of] p2a: Tyranitar
|move|p1a: Sylveon|Quick Attack|p2a: Tyranitar
|-supereffective|p2a: Tyranitar|1
|-damage|p2a: Tyranitar|76/100
|move|p2b: Houndstone|Last Respects|p1b: Basculegion
|-supereffective|p1b: Basculegion|1
|-damage|p1b: Basculegion|0 fnt
|faint|p1b: Basculegion
|
|-weather|Sandstorm|[upkeep]
|-damage|p1a: Sylveon|75/100|[from] Sandstorm
|upkeep
|turn|8
|
|t:|1785631783
|move|p2b: Houndstone|Last Respects|p1a: Sylveon
|-damage|p1a: Sylveon|25/100
|move|p2a: Tyranitar|Rock Slide|p1a: Sylveon
|-damage|p1a: Sylveon|0 fnt
|faint|p1a: Sylveon
|
|win|GS Barnabe
