|j|☆ToastedArt
|j|☆Gib01
|html|ToastedArtGib01    
|uhtml|bestof|Game 2 of a best-of-3
|t:|1785204829
|gametype|doubles
|player|p1|ToastedArt|iris|1095
|player|p2|Gib01|lucas|1101
|gen|9
|tier|[Gen 9 Champions] VGC 2026 Reg M-B (Bo3)
|rated|
|rule|Species Clause: Limit one of each Pokémon
|rule|Item Clause: Limit 1 of each item
|clearpoke
|poke|p1|Vanilluxe, L50, M, shiny|
|poke|p1|Sneasler, L50, M|
|poke|p1|Sinistcha, L50, shiny|
|poke|p1|Raichu, L50, F|
|poke|p1|Incineroar, L50, M|
|poke|p1|Azumarill, L50, M|
|poke|p2|Sceptile, L50, M, shiny|
|poke|p2|Rotom-Heat, L50, shiny|
|poke|p2|Aerodactyl, L50, M, shiny|
|poke|p2|Garchomp, L50, M, shiny|
|poke|p2|Sylveon, L50, M, shiny|
|poke|p2|Basculegion, L50, M, shiny|
|teampreview|4
|showteam|p1|Vanilluxe||ChoiceScarf|SnowWarning|Blizzard,FreezeDry,IcyWind,SheerCold|Timid||M|||50|]Sneasler||FocusSash|PoisonTouch|PoisonJab,CloseCombat,FakeOut,Taunt|Adamant||M|||50|]Sinistcha||ColburBerry|Hospitality|MatchaGotcha,RagePowder,TrickRoom,Protect|Bold|||||50|]Raichu||RaichuniteY|LightningRod|ZapCannon,FocusBlast,Substitute,Protect|Timid||F|||50|]Incineroar||Charcoal|Intimidate|FlareBlitz,ThroatChop,FakeOut,PartingShot|Adamant||M|||50|]Azumarill||SitrusBerry|HugePower|PlayRough,AquaJet,BellyDrum,Protect|Adamant||M|||50|
|showteam|p2|Sceptile||Sceptilite|Overgrow|LeafStorm,DragonPulse,EarthPower,Protect|Timid||M|||50|]Rotom-Heat||ChoiceScarf|Levitate|Discharge,Overheat,VoltSwitch,Trick|Timid|||||50|]Aerodactyl||FocusSash|Unnerve|RockSlide,DualWingbeat,Tailwind,WideGuard|Jolly||M|||50|]Garchomp||LifeOrb|RoughSkin|Earthquake,DragonClaw,SwordsDance,Protect|Jolly||M|||50|]Sylveon||SilkScarf|Pixilate|HyperVoice,QuickAttack,Yawn,Protect|Timid||M|||50|]Basculegion||Leftovers|Adaptability|WaveCrash,LastRespects,AquaJet,Protect|Jolly||M|||50|
|inactive|Battle timer is ON: inactive players will automatically lose when time's up. (requested by ToastedArt)
|c|☆Gib01|gl
|
|t:|1785204851
|teamsize|p1|4
|teamsize|p2|4
|start
|switch|p1a: Ol' Betsy|Raichu, L50, F|100/100
|switch|p1b: Incineroar|Incineroar, L50, M|100/100
|switch|p2a: jotaro|Garchomp, L50, M, shiny|100/100
|switch|p2b: flinch-slop|Aerodactyl, L50, M, shiny|100/100
|-ability|p2b: flinch-slop|Unnerve
|-ability|p1b: Incineroar|Intimidate|boost
|-unboost|p2a: jotaro|atk|1
|-unboost|p2b: flinch-slop|atk|1
|turn|1
|
|t:|1785204870
|detailschange|p1a: Ol' Betsy|Raichu-Mega-Y, L50, F
|-mega|p1a: Ol' Betsy|Raichu|Raichunite Y
|move|p1b: Incineroar|Fake Out|p2a: jotaro
|-damage|p2a: jotaro|85/100
|-damage|p1b: Incineroar|87/100|[from] ability: Rough Skin|[of] p2a: jotaro
|move|p2b: flinch-slop|Rock Slide|p1a: Ol' Betsy|[spread] p1a,p1b
|-supereffective|p1b: Incineroar|1
|-damage|p1a: Ol' Betsy|76/100
|-damage|p1b: Incineroar|56/100
|move|p1a: Ol' Betsy|Substitute|p1a: Ol' Betsy
|-start|p1a: Ol' Betsy|Substitute
|-damage|p1a: Ol' Betsy|51/100
|cant|p2a: jotaro|flinch
|
|upkeep
|turn|2
|
|t:|1785204884
|switch|p1b: Pickle Cup|Sinistcha, L50, shiny|100/100
|-heal|p1a: Ol' Betsy|76/100|[from] ability: Hospitality|[of] p1b: Pickle Cup
|move|p2b: flinch-slop|Rock Slide|p1a: Ol' Betsy|[spread] p1a,p1b
|-activate|p1a: Ol' Betsy|move: Substitute|[damage]
|-damage|p1b: Pickle Cup|84/100
|move|p1a: Ol' Betsy|Zap Cannon|p2b: flinch-slop
|-supereffective|p2b: flinch-slop|1
|-enditem|p2b: flinch-slop|Focus Sash
|-damage|p2b: flinch-slop|1/100
|-status|p2b: flinch-slop|par
|move|p2a: jotaro|Earthquake|p1b: Pickle Cup|[spread] p1a,p1b
|-immune|p2b: flinch-slop
|-supereffective|p1a: Ol' Betsy|1
|-end|p1a: Ol' Betsy|Substitute
|-resisted|p1b: Pickle Cup|1
|-damage|p1b: Pickle Cup|71/100
|-damage|p2a: jotaro|75/100|[from] item: Life Orb
|
|upkeep
|turn|3
|inactive|ToastedArt has 30 seconds left.
|inactive|Gib01 has 30 seconds left.
|inactive|ToastedArt has 20 seconds left.
|inactive|ToastedArt has 15 seconds left.
|
|t:|1785204927
|switch|p1b: Vanilluxe|Vanilluxe, L50, M, shiny|100/100
|-weather|Snowscape|[from] ability: Snow Warning|[of] p1b: Vanilluxe
|move|p1a: Ol' Betsy|Protect|p1a: Ol' Betsy
|-singleturn|p1a: Ol' Betsy|Protect
|move|p2a: jotaro|Earthquake|p1b: Vanilluxe|[spread] p1b
|-activate|p1a: Ol' Betsy|move: Protect
|-immune|p2b: flinch-slop
|-damage|p1b: Vanilluxe|67/100
|-damage|p2a: jotaro|65/100|[from] item: Life Orb
|move|p2b: flinch-slop|Rock Slide|p1b: Vanilluxe|[spread] p1b
|-activate|p1a: Ol' Betsy|move: Protect
|-supereffective|p1b: Vanilluxe|1
|-damage|p1b: Vanilluxe|38/100
|
|-weather|Snowscape|[upkeep]
|upkeep
|turn|4
|
|t:|1785204949
|switch|p2a: tsunami|Basculegion, L50, M, shiny|100/100
|move|p1b: Vanilluxe|Blizzard|p2b: flinch-slop|[spread] p2a,p2b
|-resisted|p2a: tsunami|1
|-supereffective|p2b: flinch-slop|1
|-damage|p2a: tsunami|79/100
|-damage|p2b: flinch-slop|0 fnt
|faint|p2b: flinch-slop
|move|p1a: Ol' Betsy|Focus Blast|p2a: tsunami
|-immune|p2a: tsunami
|
|-weather|Snowscape|[upkeep]
|-heal|p2a: tsunami|85/100|[from] item: Leftovers
|upkeep
|
|t:|1785204964
|switch|p2b: raptor|Sceptile, L50, M, shiny|100/100
|turn|5
|
|t:|1785204983
|switch|p1a: Pickle Cup|Sinistcha, L50, shiny|71/100
|-heal|p1b: Vanilluxe|63/100|[from] ability: Hospitality|[of] p1a: Pickle Cup
|detailschange|p2b: raptor|Sceptile-Mega, L50, M, shiny
|-mega|p2b: raptor|Sceptile|Sceptilite
|move|p2a: tsunami|Aqua Jet|p1b: Vanilluxe
|-crit|p1b: Vanilluxe
|-damage|p1b: Vanilluxe|28/100
|move|p2b: raptor|Dragon Pulse|p1b: Vanilluxe
|-damage|p1b: Vanilluxe|0 fnt
|faint|p1b: Vanilluxe
|
|-weather|Snowscape|[upkeep]
|-heal|p2a: tsunami|91/100|[from] item: Leftovers
|upkeep
|
|t:|1785204999
|switch|p1b: Ol' Betsy|Raichu-Mega-Y, L50, F|76/100
|turn|6
|
|t:|1785205010
|move|p1b: Ol' Betsy|Protect|p1b: Ol' Betsy
|-singleturn|p1b: Ol' Betsy|Protect
|move|p2b: raptor|Earth Power|p1b: Ol' Betsy
|-activate|p1b: Ol' Betsy|move: Protect
|move|p2a: tsunami|Last Respects|p1a: Pickle Cup
|-supereffective|p1a: Pickle Cup|1
|-damage|p1a: Pickle Cup|0 fnt
|faint|p1a: Pickle Cup
|
|-weather|Snowscape|[upkeep]
|-heal|p2a: tsunami|97/100|[from] item: Leftovers
|upkeep
|
|t:|1785205018
|switch|p1a: Incineroar|Incineroar, L50, M|56/100
|-ability|p1a: Incineroar|Intimidate|boost
|-unboost|p2a: tsunami|atk|1
|-unboost|p2b: raptor|atk|1
|turn|7
|-message|ToastedArt forfeited.
|
|win|Gib01
|raw|ToastedArt's rating: 1064 → 1046(-18 for losing)
|raw|Gib01's rating: 1101 → 1123(+22 for winning)
