|j|☆naibot2814
|j|☆Kirbyville
|html|naibot2814Kirbyville    
|uhtml|bestof|Game 1 of a best-of-3
|t:|1782356225
|gametype|doubles
|player|p1|naibot2814|ghetsis|
|player|p2|Kirbyville|erika-masters|
|gen|9
|tier|[Gen 9 Champions] VGC 2026 Reg M-B (Bo3)
|rule|Species Clause: Limit one of each Pokémon
|rule|Item Clause: Limit 1 of each item
|clearpoke
|poke|p1|Gholdengo, L50|
|poke|p1|Garchomp, L50, M, shiny|
|poke|p1|Whimsicott, L50, F|
|poke|p1|Incineroar, L50, M|
|poke|p1|Basculegion, L50, M, shiny|
|poke|p1|Charizard, L50, M|
|poke|p2|Torkoal, L50, M|
|poke|p2|Farigiraf, L50, F|
|poke|p2|Mawile, L50, M|
|poke|p2|Vileplume, L50, F|
|poke|p2|Kangaskhan, L50, F|
|poke|p2|Sylveon, L50, M|
|teampreview|4
|showteam|p1|Gholdengo||SpellTag|GoodasGold|ShadowBall,MakeItRain,NastyPlot,Protect|Modest|||||50|]Garchomp||LifeOrb|RoughSkin|DragonClaw,Earthquake,RockSlide,Protect|Jolly||M|||50|]Whimsicott||FocusSash|Prankster|Tailwind,Encore,Moonblast,Protect|Timid||F|||50|]Incineroar||SitrusBerry|Intimidate|FakeOut,ThroatChop,FlareBlitz,PartingShot|Impish||M|||50|]Basculegion||ChoiceScarf|Adaptability|WaveCrash,LastRespects,AquaJet,FlipTurn|Jolly||M|||50|]Charizard||CharizarditeY|Blaze|WeatherBall,HeatWave,SolarBeam,Protect|Modest||M|||50|
|showteam|p2|Torkoal||Charcoal|Drought|Eruption,HeatWave,WeatherBall,Protect|Quiet||M|||50|]Farigiraf||SitrusBerry|ArmorTail|TrickRoom,TwinBeam,Protect,HelpingHand|Sassy||F|||50|]Mawile||Mawilite|Intimidate|IronHead,PlayRough,SuckerPunch,Protect|Adamant||M|||50|]Vileplume||FocusSash|Chlorophyll|AfterYou,SleepPowder,SludgeBomb,Protect|Timid||F|||50|]Kangaskhan||SilkScarf|Scrappy|FakeOut,LastResort|Jolly||F|||50|]Sylveon||FairyFeather|Pixilate|HyperVoice,HyperBeam,Detect,QuickAttack|Modest||M|||50|
|inactive|Battle timer is ON: inactive players will automatically lose when time's up. (requested by Kirbyville)
|inactive|naibot2814 has 60 seconds left.
|
|t:|1782356273
|teamsize|p1|4
|teamsize|p2|4
|start
|switch|p1a: Charizard|Charizard, L50, M|100/100
|switch|p1b: Incineroar|Incineroar, L50, M|100/100
|switch|p2a: Kangaskhan|Kangaskhan, L50, F|100/100
|switch|p2b: Vileplume|Vileplume, L50, F|100/100
|-ability|p1b: Incineroar|Intimidate|boost
|-fail|p2a: Kangaskhan|unboost|Attack|[from] ability: Scrappy|[of] p2a: Kangaskhan
|-unboost|p2b: Vileplume|atk|1
|turn|1
|
|t:|1782356287
|move|p2a: Kangaskhan|Fake Out|p1a: Charizard
|-damage|p1a: Charizard|80/100
|move|p1b: Incineroar|Fake Out|p2b: Vileplume
|-damage|p2b: Vileplume|87/100
|cant|p1a: Charizard|flinch
|cant|p2b: Vileplume|flinch
|
|upkeep
|turn|2
|
|t:|1782356305
|move|p1a: Charizard|Protect|p1a: Charizard
|-singleturn|p1a: Charizard|Protect
|move|p2b: Vileplume|Protect|p2b: Vileplume
|-singleturn|p2b: Vileplume|Protect
|move|p2a: Kangaskhan|Last Resort|p1a: Charizard
|-activate|p1a: Charizard|move: Protect
|move|p1b: Incineroar|Flare Blitz|p2b: Vileplume
|-activate|p2b: Vileplume|move: Protect
|
|upkeep
|turn|3
|
|t:|1782356318
|switch|p1a: Gholdengo|Gholdengo, L50|100/100
|switch|p2b: Bill|Torkoal, L50, M|100/100
|-weather|SunnyDay|[from] ability: Drought|[of] p2b: Bill
|move|p2a: Kangaskhan|Last Resort|p1a: Gholdengo
|-resisted|p1a: Gholdengo|1
|-damage|p1a: Gholdengo|61/100
|move|p1b: Incineroar|Flare Blitz|p2b: Bill
|-resisted|p2b: Bill|1
|-damage|p2b: Bill|71/100
|-damage|p1b: Incineroar|91/100|[from] Recoil
|
|-weather|SunnyDay|[upkeep]
|upkeep
|turn|4
|
|t:|1782356335
|move|p2a: Kangaskhan|Last Resort|p1b: Incineroar
|-damage|p1b: Incineroar|36/100
|-enditem|p1b: Incineroar|Sitrus Berry|[eat]
|-heal|p1b: Incineroar|61/100|[from] item: Sitrus Berry
|move|p1a: Gholdengo|Shadow Ball|p2b: Bill
|-damage|p2b: Bill|2/100
|move|p1b: Incineroar|Throat Chop|p2b: Bill
|-damage|p2b: Bill|0 fnt
|faint|p2b: Bill
|
|-weather|SunnyDay|[upkeep]
|upkeep
|
|t:|1782356348
|switch|p2b: Mawile|Mawile, L50, M|100/100
|-ability|p2b: Mawile|Intimidate|boost
|-unboost|p1a: Gholdengo|atk|1
|-unboost|p1b: Incineroar|atk|1
|turn|5
|
|t:|1782356358
|switch|p1b: Basculegion|Basculegion, L50, M, shiny|100/100
|detailschange|p2b: Mawile|Mawile-Mega, L50, M
|-mega|p2b: Mawile|Mawile|Mawilite
|move|p1a: Gholdengo|Protect|p1a: Gholdengo
|-singleturn|p1a: Gholdengo|Protect
|move|p2a: Kangaskhan|Last Resort|p1b: Basculegion
|-damage|p1b: Basculegion|10/100
|move|p2b: Mawile|Play Rough|p1b: Basculegion
|-crit|p1b: Basculegion
|-damage|p1b: Basculegion|0 fnt
|faint|p1b: Basculegion
|
|-weather|SunnyDay|[upkeep]
|upkeep
|
|t:|1782356369
|switch|p1b: Charizard|Charizard, L50, M|80/100
|turn|6
|
|t:|1782356376
|switch|p1a: Incineroar|Incineroar, L50, M|61/100
|-ability|p1a: Incineroar|Intimidate|boost
|-fail|p2a: Kangaskhan|unboost|Attack|[from] ability: Scrappy|[of] p2a: Kangaskhan
|-unboost|p2b: Mawile|atk|1
|detailschange|p1b: Charizard|Charizard-Mega-Y, L50, M
|-mega|p1b: Charizard|Charizard|Charizardite Y
|move|p2b: Mawile|Sucker Punch|p1b: Charizard
|-damage|p1b: Charizard|49/100
|move|p2a: Kangaskhan|Last Resort|p1b: Charizard
|-damage|p1b: Charizard|0 fnt
|faint|p1b: Charizard
|
|-weather|SunnyDay|[upkeep]
|upkeep
|-message|naibot2814 forfeited.
|
|win|Kirbyville
|l|☆naibot2814
|player|p1|
||naibot2814 is ready for game 2.
||Kirbyville is ready for game 2.
|uhtml|next|Next: Game 2 of 3
