|j|☆Shrub_01
|j|☆Zacharykeith
|html|Shrub_01Zacharykeith    
|uhtml|bestof|Game 1 of a best-of-3
|t:|1757759923
|gametype|doubles
|player|p1|Shrub_01|norman|1104
|player|p2|Zacharykeith|fisherman-gen4|1126
|gen|9
|tier|[Gen 9] VGC 2025 Reg H (Bo3)
|rated|
|rule|Species Clause: Limit one of each Pokémon
|rule|Item Clause: Limit 1 of each item
|clearpoke
|poke|p1|Amoonguss, L50, F|
|poke|p1|Incineroar, L50, M|
|poke|p1|Porygon2, L50|
|poke|p1|Ursaluna, L50, M|
|poke|p1|Gholdengo, L50|
|poke|p1|Dragonite, L50, M|
|poke|p2|Baxcalibur, L50, M|
|poke|p2|Kingambit, L50, M|
|poke|p2|Dondozo, L50, F|
|poke|p2|Rillaboom, L50, M|
|poke|p2|Magmar, L50, F|
|poke|p2|Sneasler, L50, M|
|teampreview|4
|showteam|p1|Amoonguss||SitrusBerry|Regenerator|PollenPuff,Spore,RagePowder,Protect|||F|||50|,,,,,Water]Incineroar||SafetyGoggles|Intimidate|FakeOut,KnockOff,FlareBlitz,PartingShot|||M|||50|,,,,,Ghost]Porygon2||Eviolite|Download|TeraBlast,IceBeam,Recover,TrickRoom||||||50|,,,,,Fighting]Ursaluna||FlameOrb|Guts|Facade,Earthquake,HeadlongRush,Protect|||M|||50|,,,,,Ghost]Gholdengo||LifeOrb|GoodasGold|MakeItRain,ShadowBall,NastyPlot,Protect||||||50|,,,,,Water]Dragonite||LoadedDice|Multiscale|ScaleShot,Haze,Tailwind,Protect|||M|||50|,,,,,Steel
|showteam|p2|Baxcalibur||LoadedDice|ThermalExchange|IcicleSpear,IceShard,ScaleShot,Protect|||M|||50|,,,,,Ghost]Kingambit||BlackGlasses|Defiant|SuckerPunch,KowtowCleave,SwordsDance,Protect|||M|||50|,,,,,Dark]Dondozo||Leftovers|Unaware|WaveCrash,Fissure,Yawn,Protect|||F|||50|,,,,,Grass]Rillaboom||AssaultVest|GrassySurge|FakeOut,GrassyGlide,WoodHammer,Uturn|||M|||50|,,,,,Fire]Magmar||Eviolite|VitalSpirit|Overheat,WillOWisp,FollowMe,Protect|||F|||50|,,,,,Fairy]Sneasler||FocusSash|PoisonTouch|DireClaw,CloseCombat,Coaching,Protect|||M|||50|,,,,,Stellar
|inactive|Battle timer is ON: inactive players will automatically lose when time's up. (requested by Shrub_01)
|inactive|Shrub_01 has 60 seconds left.
|inactive|Zacharykeith has 60 seconds left.
|
|t:|1757759975
|teamsize|p1|4
|teamsize|p2|4
|start
|switch|p1a: Dragonlite|Dragonite, L50, M|100/100
|switch|p1b: Ursaluma|Ursaluna, L50, M|100/100
|switch|p2a: Donbozo|Dondozo, L50, F, shiny|100/100
|switch|p2b: Forest Dude|Rillaboom, L50, M, shiny|100/100
|-fieldstart|move: Grassy Terrain|[from] ability: Grassy Surge|[of] p2b: Forest Dude
|turn|1
|inactive|Zacharykeith has 30 seconds left.
|
|t:|1757760001
|move|p1b: Ursaluma|Protect|p1b: Ursaluma
|-singleturn|p1b: Ursaluma|Protect
|move|p2b: Forest Dude|Fake Out|p1a: Dragonlite
|-damage|p1a: Dragonlite|94/100
|cant|p1a: Dragonlite|flinch
|move|p2a: Donbozo|Wave Crash|p1b: Ursaluma
|-activate|p1b: Ursaluma|move: Protect
|
|-status|p1b: Ursaluma|brn|[from] item: Flame Orb
|upkeep
|turn|2
|
|t:|1757760025
|move|p1a: Dragonlite|Tailwind|p1a: Dragonlite
|-sidestart|p1: Shrub_01|move: Tailwind
|move|p1b: Ursaluma|Facade|p2a: Donbozo
|-damage|p2a: Donbozo|27/100
|move|p2b: Forest Dude|Wood Hammer|p1b: Ursaluma
|-supereffective|p1b: Ursaluma
|-damage|p1b: Ursaluma|0 fnt
|faint|p1b: Ursaluma
|-damage|p2b: Forest Dude|63/100|[from] Recoil
|move|p2a: Donbozo|Yawn|p1a: Dragonlite
|-start|p1a: Dragonlite|move: Yawn|[of] p2a: Donbozo
|
|-heal|p2b: Forest Dude|69/100|[from] Grassy Terrain
|-heal|p2a: Donbozo|33/100|[from] Grassy Terrain
|-heal|p2a: Donbozo|39/100|[from] item: Leftovers
|upkeep
|
|t:|1757760040
|switch|p1b: Ghodengo|Gholdengo, L50|100/100
|turn|3
|inactive|Zacharykeith has 30 seconds left.
|
|t:|1757760069
|move|p2a: Donbozo|Protect|p2a: Donbozo
|-singleturn|p2a: Donbozo|Protect
|move|p1b: Ghodengo|Make It Rain|p2b: Forest Dude|[spread] p2b
|-activate|p2a: Donbozo|move: Protect
|-damage|p2b: Forest Dude|23/100
|-unboost|p1b: Ghodengo|spa|1
|-damage|p1b: Ghodengo|91/100|[from] item: Life Orb
|move|p1a: Dragonlite|Scale Shot|p2b: Forest Dude
|-damage|p2b: Forest Dude|9/100
|-crit|p2b: Forest Dude
|-damage|p2b: Forest Dude|0 fnt
|faint|p2b: Forest Dude
|-hitcount|p2: Forest Dude|2
|-unboost|p1a: Dragonlite|def|1
|-boost|p1a: Dragonlite|spe|1
|
|-heal|p1b: Ghodengo|97/100|[from] Grassy Terrain
|-heal|p2a: Donbozo|46/100|[from] Grassy Terrain
|-heal|p2a: Donbozo|52/100|[from] item: Leftovers
|-end|p1a: Dragonlite|move: Yawn|[silent]
|-status|p1a: Dragonlite|slp
|upkeep
|
|t:|1757760082
|switch|p2b: Metal T-Rex|Baxcalibur, L50, M|100/100
|turn|4
|
|t:|1757760105
|switch|p1b: Amonguss|Amoonguss, L50, F, shiny|100/100
|-terastallize|p1a: Dragonlite|Steel
|-terastallize|p2b: Metal T-Rex|Ghost
|cant|p1a: Dragonlite|slp
|move|p2b: Metal T-Rex|Icicle Spear|p1a: Dragonlite
|-resisted|p1a: Dragonlite
|-damage|p1a: Dragonlite|81/100 slp
|-resisted|p1a: Dragonlite
|-damage|p1a: Dragonlite|68/100 slp
|-resisted|p1a: Dragonlite
|-damage|p1a: Dragonlite|55/100 slp
|-resisted|p1a: Dragonlite
|-damage|p1a: Dragonlite|42/100 slp
|-resisted|p1a: Dragonlite
|-damage|p1a: Dragonlite|30/100 slp
|-hitcount|p1a: Dragonlite|5
|move|p2a: Donbozo|Fissure|p1b: Amonguss
|-damage|p1b: Amonguss|0 fnt
|faint|p1b: Amonguss
|-ohko
|
|-heal|p1a: Dragonlite|36/100 slp|[from] Grassy Terrain
|-heal|p2a: Donbozo|58/100|[from] Grassy Terrain
|-heal|p2a: Donbozo|64/100|[from] item: Leftovers
|upkeep
|
|t:|1757760126
|switch|p1b: Ghodengo|Gholdengo, L50|97/100
|turn|5
|
|t:|1757760136
|move|p2b: Metal T-Rex|Protect|p2b: Metal T-Rex
|-singleturn|p2b: Metal T-Rex|Protect
|cant|p1a: Dragonlite|slp
|move|p1b: Ghodengo|Shadow Ball|p2b: Metal T-Rex
|-activate|p2b: Metal T-Rex|move: Protect
|move|p2a: Donbozo|Wave Crash|p1a: Dragonlite
|-damage|p1a: Dragonlite|0 fnt
|faint|p1a: Dragonlite
|-damage|p2a: Donbozo|57/100|[from] Recoil
|
|-heal|p1b: Ghodengo|100/100|[from] Grassy Terrain
|-heal|p2a: Donbozo|63/100|[from] Grassy Terrain
|-heal|p2a: Donbozo|69/100|[from] item: Leftovers
|-sideend|p1: Shrub_01|move: Tailwind
|-fieldend|move: Grassy Terrain
|upkeep
|turn|6
|inactive|Zacharykeith has 30 seconds left.
|inactive|Zacharykeith has 20 seconds left.
|inactive|Zacharykeith has 15 seconds left.
|inactive|Zacharykeith has 10 seconds left.
|inactive|Zacharykeith has 5 seconds left.
|
|t:|1757760191
|move|p1b: Ghodengo|Make It Rain|p2a: Donbozo|[spread] p2a,p2b
|-resisted|p2a: Donbozo
|-damage|p2a: Donbozo|45/100
|-damage|p2b: Metal T-Rex|39/100
|-unboost|p1b: Ghodengo|spa|1
|-damage|p1b: Ghodengo|91/100|[from] item: Life Orb
|move|p2b: Metal T-Rex|Icicle Spear|p1b: Ghodengo
|-resisted|p1b: Ghodengo
|-damage|p1b: Ghodengo|82/100
|-resisted|p1b: Ghodengo
|-damage|p1b: Ghodengo|73/100
|-resisted|p1b: Ghodengo
|-damage|p1b: Ghodengo|63/100
|-resisted|p1b: Ghodengo
|-damage|p1b: Ghodengo|54/100
|-resisted|p1b: Ghodengo
|-damage|p1b: Ghodengo|46/100
|-hitcount|p1b: Ghodengo|5
|move|p2a: Donbozo|Wave Crash|p1b: Ghodengo
|-damage|p1b: Ghodengo|0 fnt
|faint|p1b: Ghodengo
|-damage|p2a: Donbozo|36/100|[from] Recoil
|
|win|Zacharykeith
|inactive|Shrub_01 has 30 seconds to confirm battle start!
|inactive|Zacharykeith has 30 seconds to confirm battle start!
||Zacharykeith is ready for game 2.
||Shrub_01 is ready for game 2.
|uhtml|next|Next: Game 2 of 3
|l|☆Zacharykeith
|player|p2|
