|j|☆TeyVgc
|j|☆25th_mang
|html|TeyVgc25th_mang    
|uhtml|bestof|Game 2 of a best-of-3
|t:|1757175798
|gametype|doubles
|player|p1|TeyVgc|101|1241
|player|p2|25th_mang|ballguy|1145
|gen|9
|tier|[Gen 9] VGC 2025 Reg H (Bo3)
|rated|
|rule|Species Clause: Limit one of each Pokémon
|rule|Item Clause: Limit 1 of each item
|clearpoke
|poke|p1|Gholdengo, L50|
|poke|p1|Dragonite, L50, M|
|poke|p1|Sneasler, L50, M|
|poke|p1|Incineroar, L50, M|
|poke|p1|Indeedee, L50, M|
|poke|p1|Ninetales-Alola, L50, M|
|poke|p2|Pelipper, L50, F|
|poke|p2|Archaludon, L50, F|
|poke|p2|Quaquaval, L50, F|
|poke|p2|Kingambit, L50, F|
|poke|p2|Rillaboom, L50, F|
|poke|p2|Dragapult, L50, F|
|teampreview|4
|showteam|p1|Gholdengo||LifeOrb|GoodasGold|Protect,MakeItRain,ShadowBall,NastyPlot||||||50|,,,,,Water]Dragonite||LoadedDice|Multiscale|ScaleShot,Tailwind,Haze,Protect|||M|||50|,,,,,Fairy]Sneasler||PsychicSeed|Unburden|Protect,DireClaw,CloseCombat,ThroatChop|||M|||50|,,,,,Dark]Incineroar||SafetyGoggles|Intimidate|KnockOff,PartingShot,FlareBlitz,FakeOut|||M|||50|,,,,,Ghost]Indeedee||ChoiceScarf|PsychicSurge|Protect,Trick,TeraBlast,ExpandingForce|||M|||50|,,,,,Psychic]Ninetales-Alola||FocusSash|SnowWarning|Blizzard,IcyWind,Encore,AuroraVeil|||M|||50|,,,,,Ghost
|showteam|p2|Pelipper||ChoiceScarf|Drizzle|Hurricane,WeatherBall,Tailwind,Uturn|||F|||50|,,,,,Ghost]Archaludon||ChoiceSpecs|Sturdy|ElectroShot,FlashCannon,DracoMeteor,DragonPulse|||F|||50|,,,,,Electric]Quaquaval||FocusSash|Moxie|AquaStep,UpperHand,CloseCombat,Protect|||F|||50|,,,,,Water]Kingambit||BlackGlasses|Defiant|KowtowCleave,SuckerPunch,IronHead,Protect|||F|||50|,,,,,Dark]Rillaboom||AssaultVest|GrassySurge|FakeOut,WoodHammer,GrassyGlide,Uturn|||F|||50|,,,,,Fire]Dragapult||ChoiceBand|ClearBody|DragonDarts,Outrage,PhantomForce,Uturn|||F|||50|,,,,,Dragon
|inactive|Battle timer is ON: inactive players will automatically lose when time's up. (requested by 25th_mang)
|
|t:|1757175827
|teamsize|p1|4
|teamsize|p2|4
|start
|switch|p1a: Sneasler|Sneasler, L50, M|100/100
|switch|p1b: Incineroar|Incineroar, L50, M|100/100
|switch|p2a: jeongsachaeng|Dragapult, L50, F, shiny|100/100
|switch|p2b: tzuyu|Archaludon, L50, F, shiny|100/100
|-ability|p1b: Incineroar|Intimidate|boost
|-fail|p2a: jeongsachaeng|unboost|[from] ability: Clear Body|[of] p2a: jeongsachaeng
|-unboost|p2b: tzuyu|atk|1
|turn|1
|inactive|25th_mang has 30 seconds left.
|
|t:|1757175860
|switch|p2b: dahyun|Pelipper, L50, F|100/100
|-weather|RainDance|[from] ability: Drizzle|[of] p2b: dahyun
|move|p2a: jeongsachaeng|Phantom Force||[still]
|-prepare|p2a: jeongsachaeng|Phantom Force
|move|p1a: Sneasler|Close Combat|p2b: dahyun
|-resisted|p2b: dahyun
|-damage|p2b: dahyun|59/100
|-unboost|p1a: Sneasler|def|1
|-unboost|p1a: Sneasler|spd|1
|move|p1b: Incineroar|Knock Off|p2a: jeongsachaeng|[miss]
|-miss|p1b: Incineroar|p2a: jeongsachaeng
|
|-weather|RainDance|[upkeep]
|upkeep
|turn|2
|inactive|TeyVgc has 30 seconds left.
|inactive|25th_mang has 30 seconds left.
|
|t:|1757175889
|switch|p1a: Indeedee|Indeedee, L50, M|100/100
|-fieldstart|move: Psychic Terrain|[from] ability: Psychic Surge|[of] p1a: Indeedee
|-terastallize|p1b: Incineroar|Ghost
|move|p2a: jeongsachaeng|Phantom Force|p1a: Indeedee|[from] lockedmove
|-immune|p1a: Indeedee
|move|p2b: dahyun|U-turn|p1a: Indeedee
|-supereffective|p1a: Indeedee
|-damage|p1a: Indeedee|61/100
|
|t:|1757175901
|switch|p2b: jihyo|Rillaboom, L50, F, shiny|100/100|[from] U-turn
|-fieldstart|move: Grassy Terrain|[from] ability: Grassy Surge|[of] p2b: jihyo
|move|p1b: Incineroar|Knock Off|p2b: jihyo
|-damage|p2b: jihyo|62/100
|-enditem|p2b: jihyo|Assault Vest|[from] move: Knock Off|[of] p1b: Incineroar
|
|-weather|RainDance|[upkeep]
|-heal|p1a: Indeedee|67/100|[from] Grassy Terrain
|-heal|p2b: jihyo|68/100|[from] Grassy Terrain
|upkeep
|turn|3
|
|t:|1757175926
|switch|p1a: Sneasler|Sneasler, L50, M|100/100
|move|p2b: jihyo|Fake Out|p1a: Sneasler
|-damage|p1a: Sneasler|77/100
|move|p2a: jeongsachaeng|Phantom Force||[still]
|-prepare|p2a: jeongsachaeng|Phantom Force
|move|p1b: Incineroar|Parting Shot|p2b: jihyo
|-unboost|p2b: jihyo|atk|1
|-unboost|p2b: jihyo|spa|1
|
|t:|1757175943
|switch|p1b: Ninetales|Ninetales-Alola, L50, M|100/100|[from] Parting Shot
|-weather|Snowscape|[from] ability: Snow Warning|[of] p1b: Ninetales
|
|-weather|Snowscape|[upkeep]
|-heal|p1a: Sneasler|83/100|[from] Grassy Terrain
|-heal|p2b: jihyo|74/100|[from] Grassy Terrain
|upkeep
|turn|4
|
|t:|1757175963
|switch|p1a: Indeedee|Indeedee, L50, M|67/100
|-fieldstart|move: Psychic Terrain|[from] ability: Psychic Surge|[of] p1a: Indeedee
|switch|p2b: dahyun|Pelipper, L50, F|59/100
|-weather|RainDance|[from] ability: Drizzle|[of] p2b: dahyun
|move|p2a: jeongsachaeng|Phantom Force|p1b: Ninetales|[from] lockedmove
|-enditem|p1b: Ninetales|Focus Sash
|-damage|p1b: Ninetales|1/100
|move|p1b: Ninetales|Blizzard|p2a: jeongsachaeng|[spread] p2a,p2b
|-supereffective|p2a: jeongsachaeng
|-damage|p2a: jeongsachaeng|16/100
|-damage|p2b: dahyun|0 fnt
|faint|p2b: dahyun
|
|-weather|RainDance|[upkeep]
|upkeep
|
|t:|1757175981
|switch|p2b: jihyo|Rillaboom, L50, F, shiny|74/100
|-fieldstart|move: Grassy Terrain|[from] ability: Grassy Surge|[of] p2b: jihyo
|turn|5
|inactive|TeyVgc has 30 seconds left.
|
|t:|1757176009
|switch|p1b: Incineroar|Incineroar, L50, M, tera:Ghost|100/100
|-ability|p1b: Incineroar|Intimidate|boost
|-fail|p2a: jeongsachaeng|unboost|[from] ability: Clear Body|[of] p2a: jeongsachaeng
|-unboost|p2b: jihyo|atk|1
|move|p1a: Indeedee|Protect|p1a: Indeedee
|-singleturn|p1a: Indeedee|Protect
|move|p2b: jihyo|Fake Out|p1a: Indeedee
|-activate|p1a: Indeedee|move: Protect
|move|p2a: jeongsachaeng|Phantom Force||[still]
|-prepare|p2a: jeongsachaeng|Phantom Force
|
|-weather|RainDance|[upkeep]
|-heal|p1a: Indeedee|73/100|[from] Grassy Terrain
|-heal|p2b: jihyo|80/100|[from] Grassy Terrain
|upkeep
|turn|6
|inactive|TeyVgc has 30 seconds left.
|inactive|25th_mang has 30 seconds left.
|inactive|TeyVgc has 20 seconds left.
|inactive|TeyVgc has 15 seconds left.
|inactive|TeyVgc has 10 seconds left.
|inactive|TeyVgc has 5 seconds left.
|
|t:|1757176062
|switch|p1a: Ninetales|Ninetales-Alola, L50, M|1/100
|-weather|Snowscape|[from] ability: Snow Warning|[of] p1a: Ninetales
|move|p2b: jihyo|Grassy Glide|p1a: Ninetales
|-damage|p1a: Ninetales|0 fnt
|faint|p1a: Ninetales
|move|p2a: jeongsachaeng|Phantom Force|p1b: Incineroar|[from] lockedmove
|-supereffective|p1b: Incineroar
|-damage|p1b: Incineroar|0 fnt
|faint|p1b: Incineroar
|
|-weather|Snowscape|[upkeep]
|-heal|p2a: jeongsachaeng|22/100|[from] Grassy Terrain
|-heal|p2b: jihyo|86/100|[from] Grassy Terrain
|upkeep
|
|t:|1757176077
|switch|p1a: Sneasler|Sneasler, L50, M|83/100
|switch|p1b: Indeedee|Indeedee, L50, M|73/100
|-fieldstart|move: Psychic Terrain|[from] ability: Psychic Surge|[of] p1b: Indeedee
|-enditem|p1a: Sneasler|Psychic Seed
|-boost|p1a: Sneasler|spd|1|[from] item: Psychic Seed
|turn|7
|
|t:|1757176098
|move|p1a: Sneasler|Close Combat|p2b: jihyo
|-damage|p2b: jihyo|22/100
|-unboost|p1a: Sneasler|def|1
|-unboost|p1a: Sneasler|spd|1
|move|p1b: Indeedee|Expanding Force|p2b: jihyo|[spread] p2a,p2b
|-damage|p2a: jeongsachaeng|0 fnt
|-damage|p2b: jihyo|0 fnt
|faint|p2a: jeongsachaeng
|faint|p2b: jihyo
|
|-weather|Snowscape|[upkeep]
|upkeep
|
|t:|1757176106
|switch|p2b: tzuyu|Archaludon, L50, F, shiny|100/100
|turn|8
|
|t:|1757176115
|move|p1a: Sneasler|Close Combat|p2b: tzuyu
|-supereffective|p2b: tzuyu
|-ability|p2b: tzuyu|Sturdy
|-damage|p2b: tzuyu|1/100
|-unboost|p1a: Sneasler|def|1
|-unboost|p1a: Sneasler|spd|1
|move|p1b: Indeedee|Expanding Force|p2b: tzuyu
|-resisted|p2b: tzuyu
|-damage|p2b: tzuyu|0 fnt
|faint|p2b: tzuyu
|
|win|TeyVgc
|raw|TeyVgc's rating: 1241 → 1259(+18 for winning)
|raw|25th_mang's rating: 1145 → 1127(-18 for losing)
