|j|☆lolgz
|j|☆Sapitoch 4
|html|lolgzSapitoch 4    
|uhtml|bestof|Game 1 of a best-of-3
|t:|1782269105
|gametype|doubles
|player|p1|lolgz|dawn|1122
|player|p2|Sapitoch 4|102|1236
|gen|9
|tier|[Gen 9 Champions] VGC 2026 Reg M-B (Bo3)
|rated|
|rule|Species Clause: Limit one of each Pokémon
|rule|Item Clause: Limit 1 of each item
|clearpoke
|poke|p1|Torkoal, L50, F|
|poke|p1|Vileplume, L50, M|
|poke|p1|Farigiraf, L50, F|
|poke|p1|Scrafty, L50, M|
|poke|p1|Gallade, L50, M|
|poke|p1|Mawile, L50, M|
|poke|p2|Gengar, L50, F|
|poke|p2|Incineroar, L50, F|
|poke|p2|Samurott-Hisui, L50, M|
|poke|p2|Dragonite, L50, M|
|poke|p2|Ninetales-Alola, L50, F|
|poke|p2|Gholdengo, L50|
|teampreview|4
|showteam|p1|Torkoal||Charcoal|Drought|Eruption,WeatherBall,EarthPower,Protect|Quiet||F|||50|]Vileplume||FocusSash|Chlorophyll|EnergyBall,SludgeBomb,SleepPowder,AfterYou|Timid||M|||50|]Farigiraf||SitrusBerry|ArmorTail|TrickRoom,Protect,Psychic,HelpingHand|Bold||F|||50|]Scrafty||Scraftinite|Intimidate|CloseCombat,KnockOff,FakeOut,RockSlide|Brave||M|||50|]Gallade||IronBall|Sharpness|SacredSword,PsychoCut,WideGuard,TrickRoom|Brave||M|||50|]Mawile||Mawilite|Intimidate|SuckerPunch,PlayRough,SwordsDance,Protect|Brave||M|||50|
|showteam|p2|Gengar||Gengarite|CursedBody|ShadowBall,SludgeBomb,Protect,Disable|Timid||F|||50|]Incineroar||SitrusBerry|Intimidate|FlareBlitz,PartingShot,FakeOut,Protect|Impish||F|||50|]Samurott-Hisui||ChopleBerry|Sharpness|NightSlash,SacredSword,SuckerPunch,Detect|Jolly||M|||50|]Dragonite||DragonFang|Multiscale|DragonClaw,LowKick,ExtremeSpeed,Protect|Adamant||M|||50|]Ninetales-Alola||FocusSash|SnowWarning|Blizzard,FreezeDry,Encore,Protect|Timid||F|||50|]Gholdengo||ChoiceScarf|GoodasGold|MakeItRain,ShadowBall,Trick,PowerGem|Modest|||||50|
|inactive|Battle timer is ON: inactive players will automatically lose when time's up. (requested by lolgz)
|inactive|Sapitoch 4 has 60 seconds left.
|
|t:|1782269159
|teamsize|p1|4
|teamsize|p2|4
|start
|switch|p1a: Vileplume|Vileplume, L50, M|100/100
|switch|p1b: Torkoal|Torkoal, L50, F|100/100
|switch|p2a: Incineroar|Incineroar, L50, F|100/100
|switch|p2b: Gholdengo|Gholdengo, L50|100/100
|-ability|p2a: Incineroar|Intimidate|boost
|-unboost|p1a: Vileplume|atk|1
|-unboost|p1b: Torkoal|atk|1
|-weather|SunnyDay|[from] ability: Drought|[of] p1b: Torkoal
|turn|1
|
|t:|1782269182
|switch|p1b: Farigiraf|Farigiraf, L50, F|100/100
|move|p1a: Vileplume|Sleep Powder|p2a: Incineroar
|-status|p2a: Incineroar|slp|[from] move: Sleep Powder
|move|p2b: Gholdengo|Trick|p1a: Vileplume
|-activate|p2b: Gholdengo|move: Trick|[of] p1a: Vileplume
|-item|p1a: Vileplume|Choice Scarf|[from] move: Trick
|-item|p2b: Gholdengo|Focus Sash|[from] move: Trick
|cant|p2a: Incineroar|slp
|
|-weather|SunnyDay|[upkeep]
|upkeep
|turn|2
|
|t:|1782269198
|switch|p1a: Torkoal|Torkoal, L50, F|100/100
|move|p2b: Gholdengo|Shadow Ball|p1a: Torkoal
|-damage|p1a: Torkoal|37/100
|-curestatus|p2a: Incineroar|slp|[msg]
|move|p2a: Incineroar|Flare Blitz|p1a: Torkoal
|-resisted|p1a: Torkoal|1
|-damage|p1a: Torkoal|10/100
|-damage|p2a: Incineroar|92/100|[from] Recoil
|move|p1b: Farigiraf|Trick Room|p1b: Farigiraf
|-fieldstart|move: Trick Room|[of] p1b: Farigiraf
|
|-weather|SunnyDay|[upkeep]
|upkeep
|turn|3
|inactive|Sapitoch 4 has 30 seconds left.
|
|t:|1782269225
|switch|p2b: Samurott|Samurott-Hisui, L50, M|100/100
|move|p1b: Farigiraf|Helping Hand|p1a: Torkoal
|-singleturn|p1a: Torkoal|Helping Hand|[of] p1b: Farigiraf
|move|p1a: Torkoal|Earth Power|p2a: Incineroar
|-supereffective|p2a: Incineroar|1
|-damage|p2a: Incineroar|22/100
|-enditem|p2a: Incineroar|Sitrus Berry|[eat]
|-heal|p2a: Incineroar|47/100|[from] item: Sitrus Berry
|move|p2a: Incineroar|Flare Blitz|p1a: Torkoal
|-resisted|p1a: Torkoal|1
|-damage|p1a: Torkoal|0 fnt
|faint|p1a: Torkoal
|-damage|p2a: Incineroar|44/100|[from] Recoil
|
|-weather|SunnyDay|[upkeep]
|upkeep
|
|t:|1782269235
|switch|p1a: Mawile|Mawile, L50, M|100/100
|-ability|p1a: Mawile|Intimidate|boost
|-unboost|p2a: Incineroar|atk|1
|-unboost|p2b: Samurott|atk|1
|turn|4
|
|t:|1782269247
|switch|p1b: Vileplume|Vileplume, L50, M|100/100
|switch|p2a: Gholdengo|Gholdengo, L50|100/100
|detailschange|p1a: Mawile|Mawile-Mega, L50, M
|-mega|p1a: Mawile|Mawile|Mawilite
|move|p2b: Samurott|Detect|p2b: Samurott
|-singleturn|p2b: Samurott|Protect
|move|p1a: Mawile|Play Rough|p2a: Gholdengo
|-resisted|p2a: Gholdengo|1
|-crit|p2a: Gholdengo
|-damage|p2a: Gholdengo|21/100
|
|-weather|SunnyDay|[upkeep]
|upkeep
|turn|5
|inactive|Sapitoch 4 has 30 seconds left.
|
|t:|1782269273
|switch|p2b: Incineroar|Incineroar, L50, F|44/100
|-ability|p2b: Incineroar|Intimidate|boost
|-unboost|p1a: Mawile|atk|1
|-unboost|p1b: Vileplume|atk|1
|move|p1a: Mawile|Play Rough|p2b: Incineroar
|-damage|p2b: Incineroar|0 fnt
|faint|p2b: Incineroar
|move|p2a: Gholdengo|Shadow Ball|p1a: Mawile
|-crit|p1a: Mawile
|-damage|p1a: Mawile|14/100
|move|p1b: Vileplume|Energy Ball|p2a: Gholdengo
|-resisted|p2a: Gholdengo|1
|-damage|p2a: Gholdengo|0 fnt
|faint|p2a: Gholdengo
|
|-weather|none
|upkeep
|
|t:|1782269285
|switch|p2b: Samurott|Samurott-Hisui, L50, M|100/100
|switch|p2a: Dragonite|Dragonite, L50, M|100/100
|turn|6
|
|t:|1782269307
|switch|p1b: Farigiraf|Farigiraf, L50, F|100/100
|move|p2b: Samurott|Detect|p2b: Samurott
|-singleturn|p2b: Samurott|Protect
|move|p1a: Mawile|Play Rough|p2b: Samurott
|-activate|p2b: Samurott|move: Protect
|move|p2a: Dragonite|Low Kick|p1a: Mawile
|-damage|p1a: Mawile|0 fnt
|faint|p1a: Mawile
|
|-fieldend|move: Trick Room
|upkeep
|
|t:|1782269311
|switch|p1a: Vileplume|Vileplume, L50, M|100/100
|turn|7
|inactive|Sapitoch 4 has 30 seconds left.
|
|t:|1782269344
|move|p1b: Farigiraf|Helping Hand|p1a: Vileplume
|-singleturn|p1a: Vileplume|Helping Hand|[of] p1b: Farigiraf
|move|p2b: Samurott|Sucker Punch||[still]
|cant|p1b: Farigiraf|ability: Armor Tail|Sucker Punch|[of] p2b: Samurott
|move|p1a: Vileplume|Energy Ball|p2b: Samurott
|-supereffective|p2b: Samurott|1
|-damage|p2b: Samurott|0 fnt
|faint|p2b: Samurott
|move|p2a: Dragonite|Dragon Claw|p1a: Vileplume
|-damage|p1a: Vileplume|30/100
|
|upkeep
|turn|8
|
|t:|1782269353
|move|p1a: Vileplume|Energy Ball|p2a: Dragonite
|-resisted|p2a: Dragonite|2
|-damage|p2a: Dragonite|94/100
|move|p2a: Dragonite|Dragon Claw|p1a: Vileplume
|-damage|p1a: Vileplume|0 fnt
|faint|p1a: Vileplume
|move|p1b: Farigiraf|Psychic|p2a: Dragonite
|-damage|p2a: Dragonite|57/100
|
|upkeep
|turn|9
|
|t:|1782269357
|move|p2a: Dragonite|Dragon Claw|p1b: Farigiraf
|-damage|p1b: Farigiraf|53/100
|move|p1b: Farigiraf|Psychic|p2a: Dragonite
|-damage|p2a: Dragonite|22/100
|
|upkeep
|turn|10
|
|t:|1782269360
|move|p2a: Dragonite|Dragon Claw|p1b: Farigiraf
|-damage|p1b: Farigiraf|13/100
|-enditem|p1b: Farigiraf|Sitrus Berry|[eat]
|-heal|p1b: Farigiraf|38/100|[from] item: Sitrus Berry
|move|p1b: Farigiraf|Psychic|p2a: Dragonite
|-damage|p2a: Dragonite|0 fnt
|faint|p2a: Dragonite
|
|win|lolgz
