|j|☆Inferno prodigy
|j|☆Its Sushiii
|html|Inferno prodigyIts Sushiii    
|uhtml|bestof|Game 2 of a best-of-3
|t:|1784578195
|gametype|doubles
|player|p1|Inferno prodigy|102|1311
|player|p2|Its Sushiii|2|1403
|gen|9
|tier|[Gen 9 Champions] VGC 2026 Reg M-B (Bo3)
|rated|
|rule|Species Clause: Limit one of each Pokémon
|rule|Item Clause: Limit 1 of each item
|clearpoke
|poke|p1|Staraptor, L50, F|
|poke|p1|Metagross, L50|
|poke|p1|Farigiraf, L50, M|
|poke|p1|Whimsicott, L50, M|
|poke|p1|Garchomp, L50, M|
|poke|p1|Ceruledge, L50, M|
|poke|p2|Excadrill, L50, M, shiny|
|poke|p2|Tyranitar, L50, M|
|poke|p2|Farigiraf, L50, F|
|poke|p2|Sylveon, L50, M|
|poke|p2|Charizard, L50, F|
|poke|p2|Hydreigon, L50, F|
|teampreview|4
|showteam|p1|Staraptor||Staraptite|Intimidate|CloseCombat,Roost,BraveBird,Protect|Jolly||F|||50|]Metagross||Metagrossite|ClearBody|Protect,IronHead,PsychicFangs,BodyPress|Adamant|||||50|]Farigiraf||SitrusBerry|ArmorTail|Psychic,Thunderbolt,HelpingHand,TrickRoom|Calm||M|||50|]Whimsicott||FocusSash|Prankster|Moonblast,Tailwind,Encore,Charm|Timid||M|||50|]Garchomp||LifeOrb|RoughSkin|StompingTantrum,RockSlide,DragonClaw,Protect|Jolly||M|||50|]Ceruledge||ColburBerry|FlashFire|BitterBlade,ShadowSneak,BulkUp,Protect|Adamant||M|||50|
|showteam|p2|Excadrill||FocusSash|SandRush|IronHead,HighHorsepower,RockSlide,Protect|Adamant||M|||50|]Tyranitar||Tyranitarite|SandStream|RockSlide,KnockOff,IcePunch,Protect|Adamant||M|||50|]Farigiraf||SitrusBerry|ArmorTail|Psychic,Thunderbolt,TrickRoom,Protect|Relaxed||F|||50|]Sylveon||LifeOrb|Pixilate|HyperVoice,HyperBeam,QuickAttack,Detect|Modest||M|||50|]Charizard||CharizarditeY|Blaze|HeatWave,SolarBeam,WeatherBall,Protect|Modest||F|||50|]Hydreigon||ChoiceScarf|Levitate|DarkPulse,DracoMeteor,EarthPower,Snarl|Modest||F|||50|
|inactive|Battle timer is ON: inactive players will automatically lose when time's up. (requested by Its Sushiii)
|
|t:|1784578216
|teamsize|p1|4
|teamsize|p2|4
|start
|switch|p1a: Metagross|Metagross, L50|100/100
|switch|p1b: Ceruledge|Ceruledge, L50, M|100/100
|switch|p2a: Farigiraf|Farigiraf, L50, F|100/100
|switch|p2b: Sylveon|Sylveon, L50, M|100/100
|turn|1
|inactive|Its Sushiii has 30 seconds left.
|inactive|Its Sushiii has 20 seconds left.
|inactive|Its Sushiii has 15 seconds left.
|
|t:|1784578257
|switch|p2b: Hydreigon|Hydreigon, L50, F|100/100
|detailschange|p1a: Metagross|Metagross-Mega, L50
|-mega|p1a: Metagross|Metagross|Metagrossite
|move|p1a: Metagross|Iron Head|p2b: Hydreigon
|-damage|p2b: Hydreigon|32/100
|move|p1b: Ceruledge|Bitter Blade|p2b: Hydreigon
|-resisted|p2b: Hydreigon|1
|-damage|p2b: Hydreigon|3/100
|move|p2a: Farigiraf|Psychic|p1b: Ceruledge
|-damage|p1b: Ceruledge|69/100
|
|upkeep
|turn|2
|inactive|Inferno prodigy has 30 seconds left.
|inactive|Its Sushiii has 30 seconds left.
|
|t:|1784578290
|switch|p1b: Farigiraf|Farigiraf, L50, M|100/100
|move|p2b: Hydreigon|Dark Pulse|p1a: Metagross
|-supereffective|p1a: Metagross|1
|-damage|p1a: Metagross|18/100
|cant|p1a: Metagross|flinch
|move|p2a: Farigiraf|Psychic|p1b: Farigiraf
|-resisted|p1b: Farigiraf|1
|-damage|p1b: Farigiraf|87/100
|
|upkeep
|turn|3
|inactive|Its Sushiii has 30 seconds left.
|
|t:|1784578322
|switch|p2a: Sylveon|Sylveon, L50, M|100/100
|move|p2b: Hydreigon|Dark Pulse|p1a: Metagross
|-supereffective|p1a: Metagross|1
|-damage|p1a: Metagross|0 fnt
|faint|p1a: Metagross
|move|p1b: Farigiraf|Thunderbolt|p2b: Hydreigon
|-resisted|p2b: Hydreigon|1
|-crit|p2b: Hydreigon
|-damage|p2b: Hydreigon|0 fnt
|faint|p2b: Hydreigon
|
|upkeep
|
|t:|1784578339
|switch|p1a: Ceruledge|Ceruledge, L50, M|69/100
|switch|p2b: Tyranitar|Tyranitar, L50, M|100/100
|-weather|Sandstorm|[from] ability: Sand Stream|[of] p2b: Tyranitar
|turn|4
|
|t:|1784578352
|detailschange|p2b: Tyranitar|Tyranitar-Mega, L50, M
|-mega|p2b: Tyranitar|Tyranitar|Tyranitarite
|move|p1a: Ceruledge|Bulk Up|p1a: Ceruledge
|-boost|p1a: Ceruledge|atk|1
|-boost|p1a: Ceruledge|def|1
|move|p2b: Tyranitar|Rock Slide|p1a: Ceruledge|[spread] p1a,p1b
|-supereffective|p1a: Ceruledge|1
|-damage|p1a: Ceruledge|12/100
|-damage|p1b: Farigiraf|48/100
|-enditem|p1b: Farigiraf|Sitrus Berry|[eat]
|-heal|p1b: Farigiraf|73/100|[from] item: Sitrus Berry
|move|p1b: Farigiraf|Thunderbolt|p2a: Sylveon
|-crit|p2a: Sylveon
|-damage|p2a: Sylveon|75/100
|move|p2a: Sylveon|Hyper Voice|p1a: Ceruledge|[spread] p1a,p1b
|-resisted|p1a: Ceruledge|1
|-damage|p1a: Ceruledge|0 fnt
|-damage|p1b: Farigiraf|33/100
|faint|p1a: Ceruledge
|-damage|p2a: Sylveon|65/100|[from] item: Life Orb
|
|-weather|Sandstorm|[upkeep]
|-damage|p1b: Farigiraf|27/100|[from] Sandstorm
|-damage|p2a: Sylveon|59/100|[from] Sandstorm
|upkeep
|
|t:|1784578360
|switch|p1a: Garchomp|Garchomp, L50, M|100/100
|turn|5
|inactive|Its Sushiii has 30 seconds left.
|
|t:|1784578393
|switch|p2a: Farigiraf|Farigiraf, L50, F|100/100
|move|p1b: Farigiraf|Helping Hand|p1a: Garchomp
|-singleturn|p1a: Garchomp|Helping Hand|[of] p1b: Farigiraf
|move|p1a: Garchomp|Stomping Tantrum|p2b: Tyranitar
|-supereffective|p2b: Tyranitar|1
|-damage|p2b: Tyranitar|1/100
|-damage|p1a: Garchomp|90/100|[from] item: Life Orb
|move|p2b: Tyranitar|Knock Off|p1b: Farigiraf
|-supereffective|p1b: Farigiraf|1
|-damage|p1b: Farigiraf|0 fnt
|faint|p1b: Farigiraf
|
|-weather|Sandstorm|[upkeep]
|-damage|p2a: Farigiraf|94/100|[from] Sandstorm
|upkeep
|turn|6
|
|t:|1784578409
|move|p1a: Garchomp|Rock Slide|p2a: Farigiraf|[spread] p2a,p2b
|-damage|p2a: Farigiraf|73/100
|-damage|p2b: Tyranitar|0 fnt
|faint|p2b: Tyranitar
|-damage|p1a: Garchomp|80/100|[from] item: Life Orb
|cant|p2a: Farigiraf|flinch
|
|-weather|Sandstorm|[upkeep]
|-damage|p2a: Farigiraf|68/100|[from] Sandstorm
|upkeep
|
|t:|1784578417
|switch|p2b: Sylveon|Sylveon, L50, M|59/100
|turn|7
|
|t:|1784578422
|move|p2b: Sylveon|Detect|p2b: Sylveon
|-singleturn|p2b: Sylveon|Protect
|move|p1a: Garchomp|Rock Slide|p2a: Farigiraf|[spread] p2a
|-activate|p2b: Sylveon|move: Protect
|-damage|p2a: Farigiraf|48/100
|-enditem|p2a: Farigiraf|Sitrus Berry|[eat]
|-heal|p2a: Farigiraf|72/100|[from] item: Sitrus Berry
|-damage|p1a: Garchomp|70/100|[from] item: Life Orb
|move|p2a: Farigiraf|Trick Room|p2a: Farigiraf
|-fieldstart|move: Trick Room|[of] p2a: Farigiraf
|
|-weather|Sandstorm|[upkeep]
|-damage|p2a: Farigiraf|67/100|[from] Sandstorm
|-damage|p2b: Sylveon|53/100|[from] Sandstorm
|upkeep
|turn|8
|-message|Inferno prodigy forfeited.
|
|win|Its Sushiii
|l|☆Inferno prodigy
|player|p1|
||Inferno prodigy is ready for game 3.
||Its Sushiii is ready for game 3.
|uhtml|next|Next: Game 3 of 3
