|j|☆andres1006
|j|☆cannibal lyrics
|html|andres1006cannibal lyrics    
|uhtml|bestof|Game 2 of a best-of-3
|t:|1783395432
|gametype|doubles
|player|p1|andres1006|n|
|player|p2|cannibal lyrics|lady-gen4|
|gen|9
|tier|[Gen 9 Champions] VGC 2026 Reg M-B (Bo3)
|rule|Species Clause: Limit one of each Pokémon
|rule|Item Clause: Limit 1 of each item
|clearpoke
|poke|p1|Pelipper, L50, M|
|poke|p1|Sneasler, L50, M|
|poke|p1|Basculegion, L50, M|
|poke|p1|Dragonite, L50, M|
|poke|p1|Archaludon, L50, M|
|poke|p1|Swampert, L50, M|
|poke|p2|Vileplume, L50, M, shiny|
|poke|p2|Kangaskhan, L50, F|
|poke|p2|Farigiraf, L50, F|
|poke|p2|Torkoal, L50, F|
|poke|p2|Basculegion, L50, M|
|poke|p2|Kommo-o, L50, M|
|teampreview|4
|showteam|p1|Pelipper||SitrusBerry|Drizzle|WideGuard,Tailwind,WeatherBall,Hurricane|Timid||M|||50|]Sneasler||WhiteHerb|Unburden|CloseCombat,DireClaw,FakeOut,Protect|Adamant||M|||50|]Basculegion||ChoiceScarf|Adaptability|WaveCrash,LastRespects,FlipTurn,AquaJet|Jolly||M|||50|]Dragonite||Dragoninite|InnerFocus|RainDance,Thunder,Tailwind,Hurricane|Sassy||M|||50|]Archaludon||Leftovers|Stamina|ElectroShot,DragonPulse,FlashCannon,Protect|Modest||M|||50|]Swampert||Swampertite|Torrent|WaveCrash,Earthquake,IcePunch,Protect|Adamant||M|||50|
|showteam|p2|Vileplume||FocusSash|Chlorophyll|SludgeBomb,EnergyBall,SleepPowder,AfterYou|Timid||M|||50|]Kangaskhan||Kangaskhanite|Scrappy|DoubleEdge,FakeOut,LowKick,SuckerPunch|Adamant||F|||50|]Farigiraf||ColburBerry|ArmorTail|HyperVoice,Psychic,Protect,TrickRoom|Quiet||F|||50|]Torkoal||Charcoal|Drought|Eruption,WeatherBall,EarthPower,Protect|Quiet||F|||50|]Basculegion||ChoiceScarf|Adaptability|AquaJet,WaveCrash,LastRespects,FlipTurn|Jolly||M|||50|]Kommo-o||HabanBerry|Overcoat|ClangingScales,AuraSphere,Protect,ClangorousSoul|Modest||M|||50|
|inactive|Battle timer is ON: inactive players will automatically lose when time's up. (requested by andres1006)
|inactive|andres1006 has 60 seconds left.
|
|t:|1783395489
|teamsize|p1|4
|teamsize|p2|4
|start
|switch|p1a: Dragonite|Dragonite, L50, M|100/100
|switch|p1b: Archaludon|Archaludon, L50, M|100/100
|switch|p2a: GOAT|Vileplume, L50, M, shiny|100/100
|switch|p2b: Torkoal|Torkoal, L50, F|100/100
|-weather|SunnyDay|[from] ability: Drought|[of] p2b: Torkoal
|turn|1
|
|t:|1783395509
|switch|p1a: Pelipper|Pelipper, L50, M|100/100
|-weather|RainDance|[from] ability: Drizzle|[of] p1a: Pelipper
|move|p2a: GOAT|Sleep Powder|p1a: Pelipper|[miss]
|-miss|p2a: GOAT|p1a: Pelipper
|move|p1b: Archaludon|Electro Shot||[still]
|-prepare|p1b: Archaludon|Electro Shot
|-boost|p1b: Archaludon|spa|1
|-anim|p1b: Archaludon|Electro Shot|p2b: Torkoal
|-damage|p2b: Torkoal|18/100
|move|p2b: Torkoal|Eruption|p1b: Archaludon|[spread] p1a,p1b
|-resisted|p1a: Pelipper|1
|-damage|p1a: Pelipper|95/100
|-damage|p1b: Archaludon|94/100
|-ability|p1b: Archaludon|Stamina|boost
|-boost|p1b: Archaludon|def|1
|
|-weather|RainDance|[upkeep]
|-heal|p1b: Archaludon|100/100|[from] item: Leftovers
|upkeep
|turn|2
|inactive|andres1006 has 30 seconds left.
|inactive|cannibal lyrics has 30 seconds left.
|
|t:|1783395537
|switch|p2b: Kangaskhan|Kangaskhan, L50, F|100/100
|move|p1a: Pelipper|Hurricane|p2a: GOAT
|-supereffective|p2a: GOAT|1
|-enditem|p2a: GOAT|Focus Sash
|-damage|p2a: GOAT|1/100
|move|p2a: GOAT|Sleep Powder|p1b: Archaludon
|-status|p1b: Archaludon|slp|[from] move: Sleep Powder
|cant|p1b: Archaludon|slp
|
|-weather|RainDance|[upkeep]
|upkeep
|turn|3
|
|t:|1783395553
|switch|p1a: Sneasler|Sneasler, L50, M|100/100
|switch|p2a: Torkoal|Torkoal, L50, F|18/100
|-weather|SunnyDay|[from] ability: Drought|[of] p2a: Torkoal
|detailschange|p2b: Kangaskhan|Kangaskhan-Mega, L50, F
|-mega|p2b: Kangaskhan|Kangaskhan|Kangaskhanite
|move|p2b: Kangaskhan|Fake Out|p1a: Sneasler
|-damage|p1a: Sneasler|70/100
|-damage|p1a: Sneasler|62/100
|-hitcount|p1a: Sneasler|2
|-curestatus|p1b: Archaludon|slp|[msg]
|move|p1b: Archaludon|Electro Shot||[still]
|-prepare|p1b: Archaludon|Electro Shot
|-boost|p1b: Archaludon|spa|1
|
|-weather|SunnyDay|[upkeep]
|upkeep
|turn|4
|
|t:|1783395573
|switch|p2b: Kommo-o|Kommo-o, L50, M|100/100
|move|p1a: Sneasler|Fake Out|p2a: Torkoal
|-crit|p2a: Torkoal
|-damage|p2a: Torkoal|1/100
|move|p1b: Archaludon|Electro Shot|p2b: Kommo-o|[from] lockedmove
|-resisted|p2b: Kommo-o|1
|-damage|p2b: Kommo-o|54/100
|cant|p2a: Torkoal|flinch
|
|-weather|SunnyDay|[upkeep]
|upkeep
|turn|5
|inactive|cannibal lyrics has 30 seconds left.
|
|t:|1783395602
|move|p1a: Sneasler|Dire Claw|p2a: Torkoal
|-damage|p2a: Torkoal|0 fnt
|faint|p2a: Torkoal
|move|p2b: Kommo-o|Aura Sphere|p1b: Archaludon
|-supereffective|p1b: Archaludon|1
|-damage|p1b: Archaludon|22/100
|-ability|p1b: Archaludon|Stamina|boost
|-boost|p1b: Archaludon|def|1
|move|p1b: Archaludon|Dragon Pulse|p2b: Kommo-o
|-supereffective|p2b: Kommo-o|1
|-enditem|p2b: Kommo-o|Haban Berry|[eat]
|-enditem|p2b: Kommo-o|Haban Berry|[weaken]
|-damage|p2b: Kommo-o|0 fnt
|faint|p2b: Kommo-o
|
|-weather|SunnyDay|[upkeep]
|-heal|p1b: Archaludon|28/100|[from] item: Leftovers
|upkeep
|
|t:|1783395614
|switch|p2b: GOAT|Vileplume, L50, M, shiny|1/100
|switch|p2a: Kangaskhan|Kangaskhan-Mega, L50, F|100/100
|turn|6
|
|t:|1783395632
|move|p1b: Archaludon|Protect|p1b: Archaludon
|-singleturn|p1b: Archaludon|Protect
|move|p2b: GOAT|Sleep Powder|p1a: Sneasler
|-status|p1a: Sneasler|slp|[from] move: Sleep Powder
|cant|p1a: Sneasler|slp
|move|p2a: Kangaskhan|Low Kick|p1b: Archaludon
|-activate|p1b: Archaludon|move: Protect
|
|-weather|SunnyDay|[upkeep]
|-heal|p1b: Archaludon|35/100|[from] item: Leftovers
|upkeep
|turn|7
|
|t:|1783395655
|switch|p1a: Pelipper|Pelipper, L50, M|95/100
|-weather|RainDance|[from] ability: Drizzle|[of] p1a: Pelipper
|move|p2a: Kangaskhan|Double-Edge|p1a: Pelipper
|-damage|p1a: Pelipper|24/100
|-enditem|p1a: Pelipper|Sitrus Berry|[eat]
|-heal|p1a: Pelipper|49/100|[from] item: Sitrus Berry
|-damage|p1a: Pelipper|33/100
|-hitcount|p1a: Pelipper|2
|-damage|p2a: Kangaskhan|81/100|[from] Recoil
|move|p2b: GOAT|Sleep Powder|p1b: Archaludon
|-status|p1b: Archaludon|slp|[from] move: Sleep Powder
|cant|p1b: Archaludon|slp
|
|-weather|RainDance|[upkeep]
|-heal|p1b: Archaludon|41/100 slp|[from] item: Leftovers
|upkeep
|turn|8
|inactive|cannibal lyrics has 30 seconds left.
|inactive|cannibal lyrics has 20 seconds left.
|
|t:|1783395691
|move|p1a: Pelipper|Hurricane|p2b: GOAT
|-supereffective|p2b: GOAT|1
|-damage|p2b: GOAT|0 fnt
|faint|p2b: GOAT
|move|p2a: Kangaskhan|Low Kick|p1b: Archaludon
|-supereffective|p1b: Archaludon|1
|-damage|p1b: Archaludon|23/100 slp
|-ability|p1b: Archaludon|Stamina|boost
|-boost|p1b: Archaludon|def|1
|-supereffective|p1b: Archaludon|1
|-damage|p1b: Archaludon|20/100y slp
|-ability|p1b: Archaludon|Stamina|boost
|-boost|p1b: Archaludon|def|1
|-hitcount|p1b: Archaludon|2
|cant|p1b: Archaludon|slp
|
|-weather|RainDance|[upkeep]
|-heal|p1b: Archaludon|26/100 slp|[from] item: Leftovers
|upkeep
|turn|9
|
|t:|1783395703
|move|p1a: Pelipper|Hurricane|p2a: Kangaskhan
|-damage|p2a: Kangaskhan|43/100
|move|p2a: Kangaskhan|Double-Edge|p1a: Pelipper
|-damage|p1a: Pelipper|0 fnt
|faint|p1a: Pelipper
|-damage|p2a: Kangaskhan|36/100|[from] Recoil
|-curestatus|p1b: Archaludon|slp|[msg]
|move|p1b: Archaludon|Electro Shot||[still]
|-prepare|p1b: Archaludon|Electro Shot
|-boost|p1b: Archaludon|spa|1
|-anim|p1b: Archaludon|Electro Shot|p2a: Kangaskhan
|-damage|p2a: Kangaskhan|0 fnt
|faint|p2a: Kangaskhan
|
|win|andres1006
