|j|☆Zucmpall
|j|☆kotamager34
|html|Zucmpallkotamager34    
|uhtml|bestof|Game 2 of a best-of-3
|t:|1756907339
|gametype|doubles
|player|p1|Zucmpall|2|1079
|player|p2|kotamager34|grimsley|1062
|gen|9
|tier|[Gen 9] VGC 2025 Reg H (Bo3)
|rated|
|rule|Species Clause: Limit one of each Pokémon
|rule|Item Clause: Limit 1 of each item
|clearpoke
|poke|p1|Dragonite, L50, F|
|poke|p1|Gholdengo, L50|
|poke|p1|Rillaboom, L50, M|
|poke|p1|Ursaluna-Bloodmoon, L50, M|
|poke|p1|Maushold-Four, L50|
|poke|p1|Annihilape, L50, F|
|poke|p2|Dragonite, L50, F|
|poke|p2|Volcarona, L50, M|
|poke|p2|Gholdengo, L50|
|poke|p2|Ninetales-Alola, L50, M|
|poke|p2|Garchomp, L50, M|
|poke|p2|Rillaboom, L50, M|
|teampreview|4
|showteam|p1|Dragonite||LoadedDice|Multiscale|Tailwind,Haze,Protect,ScaleShot|||F|||50|,,,,,Fairy]Gholdengo||LifeOrb|GoodasGold|MakeItRain,ShadowBall,NastyPlot,Protect||||||50|,,,,,Water]Rillaboom||MiracleSeed|GrassySurge|WoodHammer,GrassyGlide,FakeOut,HighHorsepower|||M|||50|,,,,,Fire]Ursaluna-Bloodmoon||AssaultVest|MindsEye|BloodMoon,EarthPower,HyperVoice,VacuumWave|||M|||50|,,,,,Water]Maushold-Four||FocusSash|FriendGuard|SuperFang,FollowMe,BeatUp,Protect||||||50|,,,,,Ghost]Annihilape||SitrusBerry|Defiant|RageFist,DrainPunch,BulkUp,Protect|||F|||50|,,,,,Fire
|showteam|p2|Dragonite||LoadedDice|Multiscale|ScaleShot,Tailwind,Haze,Protect|||F|||50|,,,,,Fairy]Volcarona||CovertCloak|FlameBody|QuiverDance,TeraBlast,HeatWave,RagePowder|||M|||50|,,,,,Fairy]Gholdengo||ChoiceScarf|GoodasGold|MakeItRain,ShadowBall,Trick,Protect||||||50|,,,,,Steel]Ninetales-Alola||FocusSash|SnowWarning|FreezeDry,IcyWind,DazzlingGleam,Protect|||M|||50|,,,,,Ghost]Garchomp||LifeOrb|RoughSkin|DragonClaw,Earthquake,StompingTantrum,Protect|||M|||50|,,,,,Steel]Rillaboom||AssaultVest|GrassySurge|FakeOut,GrassyGlide,WoodHammer,HighHorsepower|||M|||50|,,,,,Grass
|inactive|Battle timer is ON: inactive players will automatically lose when time's up. (requested by kotamager34)
|
|t:|1756907365
|teamsize|p1|4
|teamsize|p2|4
|start
|switch|p1a: Gholdengo|Gholdengo, L50|100/100
|switch|p1b: Dragonite|Dragonite, L50, F|100/100
|switch|p2a: Volcarona|Volcarona, L50, M|100/100
|switch|p2b: Garchomp|Garchomp, L50, M|100/100
|turn|1
|inactive|Zucmpall has 30 seconds left.
|inactive|Zucmpall has 20 seconds left.
|
|t:|1756907401
|-terastallize|p2a: Volcarona|Fairy
|-terastallize|p1a: Gholdengo|Water
|move|p2b: Garchomp|Dragon Claw|p1b: Dragonite
|-supereffective|p1b: Dragonite
|-damage|p1b: Dragonite|56/100
|-damage|p2b: Garchomp|91/100|[from] item: Life Orb
|move|p2a: Volcarona|Tera Blast|p1b: Dragonite|[anim] Tera Blast Fairy
|-supereffective|p1b: Dragonite
|-damage|p1b: Dragonite|0 fnt
|faint|p1b: Dragonite
|move|p1a: Gholdengo|Shadow Ball|p2b: Garchomp
|-damage|p2b: Garchomp|27/100
|-damage|p1a: Gholdengo|91/100|[from] item: Life Orb
|
|upkeep
|
|t:|1756907419
|switch|p1b: Ursaluna|Ursaluna-Bloodmoon, L50, M|100/100
|turn|2
|
|t:|1756907441
|move|p2b: Garchomp|Earthquake|p1a: Gholdengo|[spread] p2a,p1a,p1b
|-damage|p2a: Volcarona|43/100
|-damage|p1a: Gholdengo|41/100
|-damage|p1b: Ursaluna|64/100
|-damage|p2b: Garchomp|17/100|[from] item: Life Orb
|move|p2a: Volcarona|Tera Blast|p1a: Gholdengo|[anim] Tera Blast Fairy
|-damage|p1a: Gholdengo|0 fnt
|faint|p1a: Gholdengo
|move|p1b: Ursaluna|Hyper Voice|p2b: Garchomp|[spread] p2a,p2b
|-crit|p2b: Garchomp
|-damage|p2a: Volcarona|8/100
|-damage|p2b: Garchomp|0 fnt
|faint|p2b: Garchomp
|
|upkeep
|
|t:|1756907452
|switch|p2b: Ninetales|Ninetales-Alola, L50, M|100/100
|switch|p1a: Rillaboom|Rillaboom, L50, M|100/100
|-weather|Snowscape|[from] ability: Snow Warning|[of] p2b: Ninetales
|-fieldstart|move: Grassy Terrain|[from] ability: Grassy Surge|[of] p1a: Rillaboom
|turn|3
|
|t:|1756907461
|switch|p2a: Gholdengo|Gholdengo, L50|100/100
|move|p2b: Ninetales|Protect|p2b: Ninetales
|-singleturn|p2b: Ninetales|Protect
|move|p1a: Rillaboom|Fake Out|p2a: Gholdengo
|-immune|p2a: Gholdengo
|move|p1b: Ursaluna|Vacuum Wave|p2b: Ninetales
|-activate|p2b: Ninetales|move: Protect
|
|-weather|Snowscape|[upkeep]
|-heal|p1b: Ursaluna|70/100|[from] Grassy Terrain
|upkeep
|turn|4
|
|t:|1756907484
|move|p2a: Gholdengo|Trick|p1b: Ursaluna
|-activate|p2a: Gholdengo|move: Trick|[of] p1b: Ursaluna
|-item|p1b: Ursaluna|Choice Scarf|[from] move: Trick
|-item|p2a: Gholdengo|Assault Vest|[from] move: Trick
|move|p2b: Ninetales|Icy Wind|p1b: Ursaluna|[spread] p1a
|-miss|p2b: Ninetales|p1b: Ursaluna
|-supereffective|p1a: Rillaboom
|-damage|p1a: Rillaboom|68/100
|-unboost|p1a: Rillaboom|spe|1
|move|p1b: Ursaluna|Earth Power|p2a: Gholdengo
|-supereffective|p2a: Gholdengo
|-damage|p2a: Gholdengo|20/100
|-unboost|p2a: Gholdengo|spd|1
|move|p1a: Rillaboom|High Horsepower|p2a: Gholdengo
|-supereffective|p2a: Gholdengo
|-damage|p2a: Gholdengo|0 fnt
|faint|p2a: Gholdengo
|
|-weather|Snowscape|[upkeep]
|-heal|p1b: Ursaluna|77/100|[from] Grassy Terrain
|-heal|p1a: Rillaboom|74/100|[from] Grassy Terrain
|upkeep
|
|t:|1756907496
|switch|p2a: Volcarona|Volcarona, L50, M, tera:Fairy|8/100
|turn|5
|
|t:|1756907504
|move|p1a: Rillaboom|Grassy Glide|p2a: Volcarona
|-damage|p2a: Volcarona|0 fnt
|faint|p2a: Volcarona
|move|p2b: Ninetales|Freeze-Dry|p1b: Ursaluna
|-supereffective|p1b: Ursaluna
|-damage|p1b: Ursaluna|17/100
|move|p1b: Ursaluna|Earth Power|p2b: Ninetales
|-damage|p2b: Ninetales|38/100
|-unboost|p2b: Ninetales|spd|1
|
|-weather|Snowscape|[upkeep]
|-heal|p2b: Ninetales|44/100|[from] Grassy Terrain
|-heal|p1b: Ursaluna|23/100|[from] Grassy Terrain
|-heal|p1a: Rillaboom|80/100|[from] Grassy Terrain
|upkeep
|turn|6
|
|t:|1756907517
|move|p2b: Ninetales|Icy Wind|p1b: Ursaluna|[spread] p1a,p1b
|-supereffective|p1a: Rillaboom
|-supereffective|p1b: Ursaluna
|-damage|p1a: Rillaboom|51/100
|-damage|p1b: Ursaluna|0 fnt
|-unboost|p1a: Rillaboom|spe|1
|faint|p1b: Ursaluna
|move|p1a: Rillaboom|Wood Hammer|p2b: Ninetales
|-damage|p2b: Ninetales|0 fnt
|faint|p2b: Ninetales
|-damage|p1a: Rillaboom|40/100|[from] Recoil
|
|win|Zucmpall
|raw|Zucmpall's rating: 1079 → 1106(+27 for winning)
|raw|kotamager34's rating: 1062 → 1044(-18 for losing)
