|j|☆hexagonfoot
|j|☆PittsburghSkylines
|html|hexagonfootPittsburghSkylines    
|uhtml|bestof|Game 1 of a best-of-3
|t:|1757817633
|gametype|doubles
|player|p1|hexagonfoot|caitlin|1138
|player|p2|PittsburghSkylines|blue|1140
|gen|9
|tier|[Gen 9] VGC 2025 Reg H (Bo3)
|rated|
|rule|Species Clause: Limit one of each Pokémon
|rule|Item Clause: Limit 1 of each item
|clearpoke
|poke|p1|Gholdengo, L50|
|poke|p1|Sneasler, L50, M|
|poke|p1|Rillaboom, L50, M|
|poke|p1|Dragonite, L50, M|
|poke|p1|Ninetales-Alola, L50, F|
|poke|p1|Arcanine-Hisui, L50, M|
|poke|p2|Sneasler, L50, F|
|poke|p2|Whimsicott, L50, F|
|poke|p2|Gholdengo, L50|
|poke|p2|Hydreigon, L50, F|
|poke|p2|Garchomp, L50, M|
|poke|p2|Incineroar, L50, F|
|teampreview|4
|showteam|p1|Gholdengo||GrassySeed|GoodasGold|NastyPlot,MakeItRain,ShadowBall,Protect||||||50|,,,,,Water]Sneasler||WhiteHerb|Unburden|CloseCombat,DireClaw,Coaching,Protect|||M|||50|,,,,,Ghost]Rillaboom||AssaultVest|GrassySurge|FakeOut,GrassyGlide,DrumBeating,HighHorsepower|||M|||50|,,,,,Fire]Dragonite||LoadedDice|Multiscale|ScaleShot,StompingTantrum,Tailwind,Protect|||M|||50|,,,,,Ground]Ninetales-Alola||FocusSash|SnowWarning|Blizzard,IcyWind,Encore,AuroraVeil|||F|||50|,,,,,Ghost]Arcanine-Hisui||ClearAmulet|Intimidate|RockSlide,FlareBlitz,ExtremeSpeed,Protect|||M|||50|,,,,,Water
|showteam|p2|Sneasler||WhiteHerb|Unburden|CloseCombat,DireClaw,FakeOut,Protect|||F|||50|,,,,,Stellar]Whimsicott||FocusSash|Prankster|Moonblast,FakeTears,Tailwind,Protect|||F|||50|,,,,,Ghost]Gholdengo||ChoiceSpecs|GoodasGold|MakeItRain,ShadowBall,PowerGem,Trick||||||50|,,,,,Steel]Hydreigon||SafetyGoggles|Levitate|DracoMeteor,DarkPulse,Snarl,Protect|||F|||50|,,,,,Ghost]Garchomp||LifeOrb|RoughSkin|Earthquake,StompingTantrum,RockSlide,Protect|||M|||50|,,,,,Ground]Incineroar||AssaultVest|Intimidate|FlareBlitz,KnockOff,Uturn,FakeOut|||F|||50|,,,,,Grass
|inactive|Battle timer is ON: inactive players will automatically lose when time's up. (requested by PittsburghSkylines)
|
|t:|1757817731
|teamsize|p1|4
|teamsize|p2|4
|start
|switch|p1a: Euston|Sneasler, L50, M|100/100
|switch|p1b: Romford|Dragonite, L50, M|100/100
|switch|p2a: Sneasler|Sneasler, L50, F|100/100
|switch|p2b: Gholdengo|Gholdengo, L50|100/100
|turn|1
|c|☆hexagonfoot|sorry had to go for a sec
|c|☆PittsburghSkylines|nw
|c|☆PittsburghSkylines|gl hf
|
|t:|1757817755
|switch|p2a: Incineroar|Incineroar, L50, F|100/100
|-ability|p2a: Incineroar|Intimidate|boost
|-unboost|p1a: Euston|atk|1
|-unboost|p1b: Romford|atk|1
|-enditem|p1a: Euston|White Herb
|-clearnegativeboost|p1a: Euston|[silent]
|move|p1b: Romford|Protect|p1b: Romford
|-singleturn|p1b: Romford|Protect
|move|p1a: Euston|Coaching|p1b: Romford
|-boost|p1b: Romford|atk|1
|-boost|p1b: Romford|def|1
|move|p2b: Gholdengo|Make It Rain|p1a: Euston|[spread] p1a
|-activate|p1b: Romford|move: Protect
|-damage|p1a: Euston|3/100
|-unboost|p2b: Gholdengo|spa|1
|
|upkeep
|turn|2
|c|☆hexagonfoot|glhf
|inactive|hexagonfoot has 30 seconds left.
|inactive|PittsburghSkylines has 30 seconds left.
|inactive|hexagonfoot has 20 seconds left.
|inactive|hexagonfoot has 15 seconds left.
|
|t:|1757817800
|switch|p2a: Garchomp|Garchomp, L50, M|100/100
|move|p1a: Euston|Protect|p1a: Euston
|-singleturn|p1a: Euston|Protect
|move|p2b: Gholdengo|Make It Rain|p1b: Romford|[spread] p1b
|-activate|p1a: Euston|move: Protect
|-damage|p1b: Romford|74/100
|-unboost|p2b: Gholdengo|spa|1
|move|p1b: Romford|Tailwind|p1b: Romford
|-sidestart|p1: hexagonfoot|move: Tailwind
|
|upkeep
|turn|3
|inactive|hexagonfoot has 30 seconds left.
|
|t:|1757817833
|switch|p1a: Barking Riverside|Arcanine-Hisui, L50, M|100/100
|-ability|p1a: Barking Riverside|Intimidate|boost
|-unboost|p2a: Garchomp|atk|1
|-unboost|p2b: Gholdengo|atk|1
|switch|p2b: Incineroar|Incineroar, L50, F|100/100
|-ability|p2b: Incineroar|Intimidate|boost
|-fail|p1a: Barking Riverside|unboost|[from] item: Clear Amulet|[of] p1a: Barking Riverside
|-unboost|p1b: Romford|atk|1
|move|p1b: Romford|Scale Shot|p2a: Garchomp
|-supereffective|p2a: Garchomp
|-damage|p2a: Garchomp|76/100
|-supereffective|p2a: Garchomp
|-damage|p2a: Garchomp|54/100
|-supereffective|p2a: Garchomp
|-damage|p2a: Garchomp|33/100
|-supereffective|p2a: Garchomp
|-damage|p2a: Garchomp|12/100
|-supereffective|p2a: Garchomp
|-damage|p2a: Garchomp|0 fnt
|faint|p2a: Garchomp
|-hitcount|p2: Garchomp|5
|-unboost|p1b: Romford|def|1
|-boost|p1b: Romford|spe|1
|
|upkeep
|inactive|PittsburghSkylines has 30 seconds left.
|
|t:|1757817861
|switch|p2a: Gholdengo|Gholdengo, L50|100/100
|turn|4
|
|t:|1757817879
|switch|p2b: Sneasler|Sneasler, L50, F|100/100
|move|p1b: Romford|Protect|p1b: Romford
|-singleturn|p1b: Romford|Protect
|move|p1a: Barking Riverside|Protect|p1a: Barking Riverside
|-singleturn|p1a: Barking Riverside|Protect
|move|p2a: Gholdengo|Make It Rain|p1b: Romford|[spread] 
|-activate|p1a: Barking Riverside|move: Protect
|-activate|p1b: Romford|move: Protect
|
|upkeep
|turn|5
|
|t:|1757817899
|-terastallize|p2a: Gholdengo|Steel
|move|p2b: Sneasler|Fake Out|p1a: Barking Riverside
|-resisted|p1a: Barking Riverside
|-damage|p1a: Barking Riverside|91/100
|move|p1b: Romford|Stomping Tantrum|p2b: Sneasler
|-supereffective|p2b: Sneasler
|-damage|p2b: Sneasler|35/100
|cant|p1a: Barking Riverside|flinch
|move|p2a: Gholdengo|Make It Rain|p1b: Romford|[spread] p1a,p1b
|-damage|p1a: Barking Riverside|0 fnt
|-damage|p1b: Romford|0 fnt
|-unboost|p2a: Gholdengo|spa|1
|faint|p1a: Barking Riverside
|faint|p1b: Romford
|
|-sideend|p1: hexagonfoot|move: Tailwind
|upkeep
|
|t:|1757817904
|switch|p1a: Canada Water|Ninetales-Alola, L50, F|100/100
|switch|p1b: Euston|Sneasler, L50, M|3/100
|-weather|Snowscape|[from] ability: Snow Warning|[of] p1a: Canada Water
|turn|6
|inactive|hexagonfoot has 30 seconds left.
|
|t:|1757817936
|switch|p2a: Incineroar|Incineroar, L50, F|100/100
|-ability|p2a: Incineroar|Intimidate|boost
|-unboost|p1a: Canada Water|atk|1
|-unboost|p1b: Euston|atk|1
|-terastallize|p1a: Canada Water|Ghost
|move|p1b: Euston|Protect|p1b: Euston
|-singleturn|p1b: Euston|Protect
|move|p1a: Canada Water|Blizzard|p2a: Incineroar|[spread] p2a,p2b
|-resisted|p2a: Incineroar
|-damage|p2a: Incineroar|90/100
|-damage|p2b: Sneasler|0 fnt
|faint|p2b: Sneasler
|
|-weather|Snowscape|[upkeep]
|upkeep
|
|t:|1757817948
|switch|p2b: Gholdengo|Gholdengo, L50, tera:Steel|100/100
|turn|7
|
|t:|1757817956
|move|p2a: Incineroar|Fake Out|p1b: Euston
|-damage|p1b: Euston|0 fnt
|faint|p1b: Euston
|move|p1a: Canada Water|Blizzard|p2b: Gholdengo|[spread] p2a,p2b
|-resisted|p2a: Incineroar
|-resisted|p2b: Gholdengo
|-damage|p2a: Incineroar|80/100
|-damage|p2b: Gholdengo|83/100
|move|p2b: Gholdengo|Shadow Ball|p1a: Canada Water
|-supereffective|p1a: Canada Water
|-enditem|p1a: Canada Water|Focus Sash
|-damage|p1a: Canada Water|1/100
|
|-weather|Snowscape|[upkeep]
|upkeep
|turn|8
|
|t:|1757817969
|move|p1a: Canada Water|Blizzard|p2b: Gholdengo|[spread] p2a,p2b
|-resisted|p2a: Incineroar
|-resisted|p2b: Gholdengo
|-damage|p2a: Incineroar|69/100
|-damage|p2b: Gholdengo|65/100
|-status|p2a: Incineroar|frz
|move|p2b: Gholdengo|Shadow Ball|p1a: Canada Water
|-supereffective|p1a: Canada Water
|-damage|p1a: Canada Water|0 fnt
|faint|p1a: Canada Water
|
|win|PittsburghSkylines
||hexagonfoot is ready for game 2.
||PittsburghSkylines is ready for game 2.
|uhtml|next|Next: Game 2 of 3
|l|☆PittsburghSkylines
|player|p2|
