|j|☆qmi
|j|☆3ChrisTresTigres
|html|qmi3ChrisTresTigres    
|uhtml|bestof|Game 2 of a best-of-3
|t:|1784201212
|gametype|doubles
|player|p1|qmi|medium|1106
|player|p2|3ChrisTresTigres|flannery|1189
|gen|9
|tier|[Gen 9 Champions] VGC 2026 Reg M-B (Bo3)
|rated|
|rule|Species Clause: Limit one of each Pokémon
|rule|Item Clause: Limit 1 of each item
|clearpoke
|poke|p1|Pelipper, L50, F|
|poke|p1|Archaludon, L50, F|
|poke|p1|Basculegion, L50, M|
|poke|p1|Ceruledge, L50, F|
|poke|p1|Rotom-Wash, L50|
|poke|p1|Sceptile, L50, F|
|poke|p2|Blastoise, L50, M|
|poke|p2|Delphox, L50, M, shiny|
|poke|p2|Incineroar, L50, M|
|poke|p2|Sneasler, L50, M|
|poke|p2|Sinistcha, L50|
|poke|p2|Kingambit, L50, M|
|teampreview|4
|showteam|p1|Pelipper||FocusSash|Drizzle|Protect,Hurricane,WeatherBall,Tailwind|Timid||F|||50|]Archaludon||Leftovers|Stamina|ElectroShot,Protect,DracoMeteor,FlashCannon|Modest||F|||50|]Basculegion||LifeOrb|Adaptability|Protect,WaveCrash,LastRespects,AquaJet|Adamant||M|||50|]Ceruledge||ExpertBelt|FlashFire|BitterBlade,ShadowSneak,Protect,BulkUp|Jolly||F|||50|]Rotom-Wash||ChoiceScarf|Levitate|Discharge,Electroweb,VoltSwitch,HydroPump|Modest|||||50|]Sceptile||Sceptilite|Overgrow|DragonPulse,EarthPower,Protect,EnergyBall|Timid||F|||50|
|showteam|p2|Blastoise||Blastoisinite|RainDish|WaterSpout,DarkPulse,ShellSmash,Protect|Modest||M|||50|]Delphox||Delphoxite|Blaze|HeatWave,Psyshock,NastyPlot,Protect|Timid||M|||50|]Incineroar||SitrusBerry|Intimidate|FakeOut,FlareBlitz,ThroatChop,PartingShot|Impish||M|||50|]Sneasler||FocusSash|PoisonTouch|FakeOut,CloseCombat,DireClaw,QuickGuard|Jolly||M|||50|]Sinistcha||KasibBerry|Hospitality|MatchaGotcha,LifeDew,RagePowder,Protect|Bold|||||50|]Kingambit||BlackGlasses|Defiant|KowtowCleave,SuckerPunch,LowSweep,IronHead|Adamant||M|||50|
|inactive|Battle timer is ON: inactive players will automatically lose when time's up. (requested by qmi)
|inactive|3ChrisTresTigres has 60 seconds left.
|
|t:|1784201254
|teamsize|p1|4
|teamsize|p2|4
|start
|switch|p1a: Rotom|Rotom-Wash, L50|100/100
|switch|p1b: Sceptile|Sceptile, L50, F|100/100
|switch|p2a: Incineroar|Incineroar, L50, M|100/100
|switch|p2b: Kingambit|Kingambit, L50, M|100/100
|-ability|p2a: Incineroar|Intimidate|boost
|-unboost|p1a: Rotom|atk|1
|-unboost|p1b: Sceptile|atk|1
|turn|1
|
|t:|1784201277
|switch|p2b: Delphox|Delphox, L50, M, shiny|100/100
|detailschange|p1b: Sceptile|Sceptile-Mega, L50, F
|-mega|p1b: Sceptile|Sceptile|Sceptilite
|move|p1b: Sceptile|Protect|p1b: Sceptile
|-singleturn|p1b: Sceptile|Protect
|move|p2a: Incineroar|Fake Out|p1a: Rotom
|-damage|p1a: Rotom|85/100
|cant|p1a: Rotom|flinch
|
|upkeep
|turn|2
|inactive|qmi has 30 seconds left.
|
|t:|1784201305
|detailschange|p2b: Delphox|Delphox-Mega, L50, M, shiny
|-mega|p2b: Delphox|Delphox|Delphoxite
|move|p1a: Rotom|Discharge|p2a: Incineroar|[spread] p2a,p2b
|-ability|p1b: Sceptile|Lightning Rod|boost
|-boost|p1b: Sceptile|spa|1
|-damage|p2a: Incineroar|72/100
|-damage|p2b: Delphox|75/100
|-status|p2a: Incineroar|par
|move|p2b: Delphox|Heat Wave|p1a: Rotom|[spread] p1a,p1b
|-resisted|p1a: Rotom|1
|-damage|p1a: Rotom|59/100
|-damage|p1b: Sceptile|60/100
|move|p1b: Sceptile|Earth Power|p2a: Incineroar
|-supereffective|p2a: Incineroar|1
|-damage|p2a: Incineroar|0 fnt
|faint|p2a: Incineroar
|
|upkeep
|
|t:|1784201323
|switch|p2a: Sinistcha|Sinistcha, L50|100/100
|-heal|p2b: Delphox|100/100|[from] ability: Hospitality|[of] p2a: Sinistcha
|turn|3
|
|t:|1784201329
|move|p2b: Delphox|Protect|p2b: Delphox
|-singleturn|p2b: Delphox|Protect
|move|p1a: Rotom|Discharge|p2b: Delphox|[spread] p2a
|-activate|p2b: Delphox|move: Protect
|-ability|p1b: Sceptile|Lightning Rod|boost
|-boost|p1b: Sceptile|spa|1
|-resisted|p2a: Sinistcha|1
|-damage|p2a: Sinistcha|85/100
|-status|p2a: Sinistcha|par
|move|p1b: Sceptile|Dragon Pulse|p2b: Delphox
|-activate|p2b: Delphox|move: Protect
|move|p2a: Sinistcha|Matcha Gotcha|p1a: Rotom|[spread] p1a,p1b
|-supereffective|p1a: Rotom|1
|-resisted|p1b: Sceptile|2
|-damage|p1a: Rotom|0 fnt
|-heal|p2a: Sinistcha|100/100 par|[from] drain|[of] p1a: Rotom
|-damage|p1b: Sceptile|53/100
|-status|p1b: Sceptile|brn
|faint|p1a: Rotom
|
|-damage|p1b: Sceptile|47/100 brn|[from] brn
|upkeep
|
|t:|1784201333
|switch|p1a: Pelipper|Pelipper, L50, F|100/100
|-weather|RainDance|[from] ability: Drizzle|[of] p1a: Pelipper
|turn|4
|inactive|3ChrisTresTigres has 30 seconds left.
|inactive|3ChrisTresTigres has 20 seconds left.
|
|t:|1784201373
|move|p2a: Sinistcha|Rage Powder|p2a: Sinistcha
|-singleturn|p2a: Sinistcha|move: Rage Powder
|move|p2b: Delphox|Psyshock|p1a: Pelipper
|-damage|p1a: Pelipper|44/100
|move|p1b: Sceptile|Dragon Pulse|p2b: Delphox
|-damage|p2b: Delphox|24/100
|move|p1a: Pelipper|Tailwind|p1a: Pelipper
|-sidestart|p1: qmi|move: Tailwind
|
|-weather|RainDance|[upkeep]
|-damage|p1b: Sceptile|41/100 brn|[from] brn
|upkeep
|turn|5
|
|t:|1784201391
|switch|p2b: Kingambit|Kingambit, L50, M|100/100
|move|p1b: Sceptile|Dragon Pulse|p2b: Kingambit
|-resisted|p2b: Kingambit|1
|-damage|p2b: Kingambit|56/100
|move|p1a: Pelipper|Hurricane|p2a: Sinistcha
|-supereffective|p2a: Sinistcha|1
|-damage|p2a: Sinistcha|15/100 par
|-start|p2a: Sinistcha|confusion
|-activate|p2a: Sinistcha|confusion
|-damage|p2a: Sinistcha|10/100 par|[from] confusion
|
|-weather|RainDance|[upkeep]
|-damage|p1b: Sceptile|35/100 brn|[from] brn
|upkeep
|turn|6
|
|t:|1784201415
|move|p2b: Kingambit|Sucker Punch|p1a: Pelipper
|-damage|p1a: Pelipper|0 fnt
|faint|p1a: Pelipper
|move|p1b: Sceptile|Earth Power|p2b: Kingambit
|-supereffective|p2b: Kingambit|1
|-damage|p2b: Kingambit|0 fnt
|faint|p2b: Kingambit
|-activate|p2a: Sinistcha|confusion
|-damage|p2a: Sinistcha|5/100 par|[from] confusion
|
|-weather|RainDance|[upkeep]
|-damage|p1b: Sceptile|28/100 brn|[from] brn
|upkeep
|
|t:|1784201427
|switch|p1a: Archaludon|Archaludon, L50, F|100/100
|switch|p2b: Delphox|Delphox-Mega, L50, M, shiny|24/100
|turn|7
|
|t:|1784201436
|move|p2b: Delphox|Protect|p2b: Delphox
|-singleturn|p2b: Delphox|Protect
|move|p1b: Sceptile|Dragon Pulse|p2a: Sinistcha
|-damage|p2a: Sinistcha|0 fnt
|faint|p2a: Sinistcha
|move|p1a: Archaludon|Electro Shot||[still]
|-activate|p1b: Sceptile|ability: Lightning Rod
|-prepare|p1a: Archaludon|Electro Shot
|-boost|p1a: Archaludon|spa|1
|-anim|p1a: Archaludon|Electro Shot|p1b: Sceptile
|-ability|p1b: Sceptile|Lightning Rod|boost
|-boost|p1b: Sceptile|spa|1
|
|-weather|RainDance|[upkeep]
|-damage|p1b: Sceptile|22/100 brn|[from] brn
|-sideend|p1: qmi|move: Tailwind
|upkeep
|turn|8
|
|t:|1784201456
|move|p2b: Delphox|Psyshock|p1a: Archaludon
|-resisted|p1a: Archaludon|1
|-damage|p1a: Archaludon|85/100
|-ability|p1a: Archaludon|Stamina|boost
|-boost|p1a: Archaludon|def|1
|move|p1b: Sceptile|Dragon Pulse|p2b: Delphox
|-damage|p2b: Delphox|0 fnt
|faint|p2b: Delphox
|
|win|qmi
