|j|☆bimbo mafioso
|j|☆ChimpDoppio
|html|bimbo mafiosoChimpDoppio    
|uhtml|bestof|Game 2 of a best-of-3
|t:|1757190488
|gametype|doubles
|player|p1|bimbo mafioso|swimmerf|1173
|player|p2|ChimpDoppio|ingo|1207
|gen|9
|tier|[Gen 9] VGC 2025 Reg H (Bo3)
|rated|
|rule|Species Clause: Limit one of each Pokémon
|rule|Item Clause: Limit 1 of each item
|clearpoke
|poke|p1|Amoonguss, L50, M|
|poke|p1|Dragonite, L50, F|
|poke|p1|Incineroar, L50, M|
|poke|p1|Sneasler, L50, F|
|poke|p1|Ursaluna-Bloodmoon, L50, M|
|poke|p1|Gholdengo, L50|
|poke|p2|Porygon2, L50|
|poke|p2|Ursaluna, L50, F|
|poke|p2|Volcarona, L50, F|
|poke|p2|Grimmsnarl, L50, M|
|poke|p2|Annihilape, L50, M|
|poke|p2|Hydreigon, L50, F|
|teampreview|4
|showteam|p1|Amoonguss||SitrusBerry|Regenerator|Spore,RagePowder,PollenPuff,Protect|||M|||50|,,,,,Water]Dragonite||LoadedDice|Multiscale|ScaleShot,Tailwind,Haze,Protect|||F|||50|,,,,,Fairy]Incineroar||SafetyGoggles|Intimidate|FakeOut,KnockOff,FlareBlitz,PartingShot|||M|||50|,,,,,Ghost]Sneasler||FocusSash|Unburden|CloseCombat,DireClaw,Coaching,Protect|||F|||50|,,,,,Stellar]Ursaluna-Bloodmoon||AssaultVest|MindsEye|HyperVoice,EarthPower,BloodMoon,VacuumWave|||M|||50|,,,,,Poison]Gholdengo||LifeOrb|GoodasGold|MakeItRain,ShadowBall,NastyPlot,Protect||||||50|,,,,,Water
|showteam|p2|Porygon2||Eviolite|Download|IceBeam,TeraBlast,Recover,TrickRoom||||||50|,,,,,Flying]Ursaluna||FlameOrb|Guts|Facade,Earthquake,HeadlongRush,Protect|||F|||50|,,,,,Ghost]Volcarona||SitrusBerry|FlameBody|GigaDrain,HeatWave,QuiverDance,RagePowder|||F|||50|,,,,,Dragon]Grimmsnarl||LightClay|Prankster|SpiritBreak,Reflect,LightScreen,PartingShot|||M|||50|,,,,,Ghost]Annihilape||SafetyGoggles|Defiant|Protect,BulkUp,DrainPunch,RageFist|||M|||50|,,,,,Water]Hydreigon||AssaultVest|Levitate|DracoMeteor,DarkPulse,EarthPower,FlashCannon|||F|||50|,,,,,Steel
|inactive|Battle timer is ON: inactive players will automatically lose when time's up. (requested by ChimpDoppio)
|inactive|bimbo mafioso also wants the timer to be on.
|
|t:|1757190516
|teamsize|p1|4
|teamsize|p2|4
|start
|switch|p1a: Dragonite|Dragonite, L50, F|100/100
|switch|p1b: Ursaluna|Ursaluna-Bloodmoon, L50, M|100/100
|switch|p2a: Grimmsnarl|Grimmsnarl, L50, M|100/100
|switch|p2b: Annihilape|Annihilape, L50, M, shiny|100/100
|turn|1
|
|t:|1757190535
|-terastallize|p1b: Ursaluna|Poison
|move|p2a: Grimmsnarl|Light Screen|p2a: Grimmsnarl
|-sidestart|p2: ChimpDoppio|move: Light Screen
|move|p1a: Dragonite|Scale Shot|p2b: Annihilape
|-damage|p2b: Annihilape|86/100
|-damage|p2b: Annihilape|72/100
|-damage|p2b: Annihilape|56/100
|-damage|p2b: Annihilape|41/100
|-damage|p2b: Annihilape|25/100
|-hitcount|p2b: Annihilape|5
|-unboost|p1a: Dragonite|def|1
|-boost|p1a: Dragonite|spe|1
|move|p2b: Annihilape|Bulk Up|p2b: Annihilape
|-boost|p2b: Annihilape|atk|1
|-boost|p2b: Annihilape|def|1
|move|p1b: Ursaluna|Blood Moon|p2b: Annihilape
|-damage|p2b: Annihilape|0 fnt
|faint|p2b: Annihilape
|
|upkeep
|
|t:|1757190545
|switch|p2b: Volcarona|Volcarona, L50, F, shiny|100/100
|turn|2
|
|t:|1757190563
|move|p2a: Grimmsnarl|Reflect|p2a: Grimmsnarl
|-sidestart|p2: ChimpDoppio|Reflect
|move|p1a: Dragonite|Scale Shot|p2b: Volcarona
|-damage|p2b: Volcarona|91/100
|-damage|p2b: Volcarona|82/100
|-damage|p2b: Volcarona|73/100
|-damage|p2b: Volcarona|64/100
|-damage|p2b: Volcarona|55/100
|-hitcount|p2b: Volcarona|5
|-unboost|p1a: Dragonite|def|1
|-boost|p1a: Dragonite|spe|1
|move|p2b: Volcarona|Quiver Dance|p2b: Volcarona
|-boost|p2b: Volcarona|spa|1
|-boost|p2b: Volcarona|spd|1
|-boost|p2b: Volcarona|spe|1
|move|p1b: Ursaluna|Hyper Voice|p2b: Volcarona|[spread] p2a,p2b
|-damage|p2a: Grimmsnarl|79/100
|-damage|p2b: Volcarona|38/100
|-enditem|p2b: Volcarona|Sitrus Berry|[eat]
|-heal|p2b: Volcarona|63/100|[from] item: Sitrus Berry
|
|upkeep
|turn|3
|inactive|bimbo mafioso has 30 seconds left.
|inactive|ChimpDoppio has 30 seconds left.
|
|t:|1757190594
|move|p2a: Grimmsnarl|Parting Shot|p1a: Dragonite
|-unboost|p1a: Dragonite|atk|1
|-unboost|p1a: Dragonite|spa|1
|
|t:|1757190599
|switch|p2a: Hydreigon|Hydreigon, L50, F|100/100|[from] Parting Shot
|move|p1a: Dragonite|Haze|p1a: Dragonite
|-clearallboost
|move|p2b: Volcarona|Heat Wave|p1b: Ursaluna|[spread] p1a,p1b
|-resisted|p1a: Dragonite
|-damage|p1a: Dragonite|92/100
|-damage|p1b: Ursaluna|72/100
|move|p1b: Ursaluna|Blood Moon|p2b: Volcarona
|-damage|p2b: Volcarona|17/100
|
|upkeep
|turn|4
|l|☆bimbo mafioso
|inactive|bimbo mafioso disconnected and has a minute to reconnect!
|player|p1|
|inactive|bimbo mafioso has 30 seconds left.
|inactive|ChimpDoppio has 30 seconds left.
|inactive|bimbo mafioso has 20 seconds left.
|inactive|ChimpDoppio has 20 seconds left.
|j|☆bimbo mafioso
|inactive|bimbo mafioso reconnected and has 20 seconds left.
|player|p1|bimbo mafioso|swimmerf|
|inactive|bimbo mafioso has 15 seconds left.
|inactive|ChimpDoppio has 15 seconds left.
|inactive|bimbo mafioso has 10 seconds left.
|
|t:|1757190645
|-terastallize|p2a: Hydreigon|Steel
|move|p1a: Dragonite|Scale Shot|p2b: Volcarona
|-damage|p2b: Volcarona|7/100
|-damage|p2b: Volcarona|0 fnt
|faint|p2b: Volcarona
|-hitcount|p2: Volcarona|2
|-unboost|p1a: Dragonite|def|1
|-boost|p1a: Dragonite|spe|1
|move|p2a: Hydreigon|Earth Power|p1b: Ursaluna
|-supereffective|p1b: Ursaluna
|-damage|p1b: Ursaluna|14/100
|move|p1b: Ursaluna|Hyper Voice|p2a: Hydreigon
|-resisted|p2a: Hydreigon
|-damage|p2a: Hydreigon|88/100
|
|upkeep
|
|t:|1757190659
|switch|p2b: Grimmsnarl|Grimmsnarl, L50, M|79/100
|turn|5
|
|t:|1757190691
|move|p1a: Dragonite|Tailwind|p1a: Dragonite
|-sidestart|p1: bimbo mafioso|move: Tailwind
|move|p1b: Ursaluna|Hyper Voice|p2b: Grimmsnarl|[spread] p2a,p2b
|-resisted|p2a: Hydreigon
|-damage|p2a: Hydreigon|80/100
|-damage|p2b: Grimmsnarl|57/100
|move|p2a: Hydreigon|Earth Power|p1b: Ursaluna
|-supereffective|p1b: Ursaluna
|-damage|p1b: Ursaluna|0 fnt
|faint|p1b: Ursaluna
|move|p2b: Grimmsnarl|Spirit Break|p1a: Dragonite
|-supereffective|p1a: Dragonite
|-damage|p1a: Dragonite|0 fnt
|faint|p1a: Dragonite
|
|upkeep
|
|t:|1757190705
|switch|p1a: Incineroar|Incineroar, L50, M|100/100
|switch|p1b: Sneasler|Sneasler, L50, F|100/100
|-ability|p1a: Incineroar|Intimidate|boost
|-unboost|p2a: Hydreigon|atk|1
|-unboost|p2b: Grimmsnarl|atk|1
|turn|6
|
|t:|1757190724
|move|p1a: Incineroar|Fake Out|p2a: Hydreigon
|-resisted|p2a: Hydreigon
|-damage|p2a: Hydreigon|76/100
|move|p2b: Grimmsnarl|Parting Shot|p1b: Sneasler
|-unboost|p1b: Sneasler|atk|1
|-unboost|p1b: Sneasler|spa|1
|move|p1b: Sneasler|Close Combat|p2a: Hydreigon
|-supereffective|p2a: Hydreigon
|-damage|p2a: Hydreigon|17/100
|-unboost|p1b: Sneasler|def|1
|-unboost|p1b: Sneasler|spd|1
|cant|p2a: Hydreigon|flinch
|
|upkeep
|turn|7
|
|t:|1757190744
|move|p2b: Grimmsnarl|Parting Shot|p1b: Sneasler
|-unboost|p1b: Sneasler|atk|1
|-unboost|p1b: Sneasler|spa|1
|move|p1b: Sneasler|Close Combat|p2a: Hydreigon
|-supereffective|p2a: Hydreigon
|-damage|p2a: Hydreigon|0 fnt
|-unboost|p1b: Sneasler|def|1
|-unboost|p1b: Sneasler|spd|1
|faint|p2a: Hydreigon
|move|p1a: Incineroar|Flare Blitz|p2b: Grimmsnarl
|-crit|p2b: Grimmsnarl
|-damage|p2b: Grimmsnarl|0 fnt
|faint|p2b: Grimmsnarl
|-damage|p1a: Incineroar|82/100|[from] Recoil
|
|win|bimbo mafioso
||ChimpDoppio is ready for game 3.
|inactive|bimbo mafioso has 30 seconds to confirm battle start!
||bimbo mafioso is ready for game 3.
|uhtml|next|Next: Game 3 of 3
