|j|☆Quill86
|j|☆TeyOnTheRox
|html|Quill86TeyOnTheRox    
|uhtml|bestof|Game 1 of a best-of-3
|t:|1757814390
|gametype|doubles
|player|p1|Quill86|lucas|1262
|player|p2|TeyOnTheRox|benga|1225
|gen|9
|tier|[Gen 9] VGC 2025 Reg H (Bo3)
|rated|
|rule|Species Clause: Limit one of each Pokémon
|rule|Item Clause: Limit 1 of each item
|clearpoke
|poke|p1|Incineroar, L50, F|
|poke|p1|Gholdengo, L50|
|poke|p1|Ursaluna-Bloodmoon, L50, M|
|poke|p1|Indeedee-F, L50, F|
|poke|p1|Gallade, L50, M|
|poke|p1|Torkoal, L50, F|
|poke|p2|Tyranitar, L50, M|
|poke|p2|Excadrill, L50, M|
|poke|p2|Sneasler, L50, M|
|poke|p2|Indeedee, L50, M|
|poke|p2|Corviknight, L50, F|
|poke|p2|Annihilape, L50, F|
|teampreview|4
|showteam|p1|Incineroar||SafetyGoggles|Intimidate|FakeOut,FlareBlitz,KnockOff,PartingShot|||F|||50|,,,,,Ghost]Gholdengo||SitrusBerry|GoodasGold|MakeItRain,ShadowBall,NastyPlot,Protect||||||50|,,,,,Water]Ursaluna-Bloodmoon||LifeOrb|MindsEye|BloodMoon,HyperVoice,EarthPower,Protect|||M|||50|,,,,,Normal]Indeedee-F||PsychicSeed|PsychicSurge|FollowMe,TrickRoom,HelpingHand,DazzlingGleam|||F|||50|,,,,,Fairy]Gallade||ClearAmulet|Sharpness|SacredSword,PsychoCut,WideGuard,TrickRoom|||M|||50|,,,,,Grass]Torkoal||Leftovers|Drought|Eruption,WeatherBall,Yawn,Protect|||F|||50|,,,,,Fire
|showteam|p2|Tyranitar||AssaultVest|SandStream|RockSlide,KnockOff,TeraBlast,LowKick|||M|||50|,,,,,Flying]Excadrill||FocusSash|SandRush|IronHead,HighHorsepower,Earthquake,Protect|||M|||50|,,,,,Stellar]Sneasler||PsychicSeed|Unburden|DireClaw,CloseCombat,ThroatChop,Protect|||M|||50|,,,,,Dark]Indeedee||ChoiceScarf|PsychicSurge|ExpandingForce,TeraBlast,Protect,Trick|||M|||50|,,,,,Psychic]Corviknight||Leftovers|MirrorArmor|BraveBird,BulkUp,Roost,Tailwind|||F|||50|,,,,,Dragon]Annihilape||SafetyGoggles|Defiant|CloseCombat,FinalGambit,RageFist,Taunt|||F|||50|,,,,,Water
|inactive|Battle timer is ON: inactive players will automatically lose when time's up. (requested by Quill86)
|inactive|TeyOnTheRox has 60 seconds left.
|inactive|TeyOnTheRox has 30 seconds left.
|
|t:|1757814472
|teamsize|p1|4
|teamsize|p2|4
|start
|switch|p1a: Indeedee|Indeedee-F, L50, F|100/100
|switch|p1b: Gallade|Gallade, L50, M|100/100
|switch|p2a: Cars II|Corviknight, L50, F|100/100
|switch|p2b: Cachiiga|Annihilape, L50, F|100/100
|-fieldstart|move: Psychic Terrain|[from] ability: Psychic Surge|[of] p1a: Indeedee
|-enditem|p1a: Indeedee|Psychic Seed
|-boost|p1a: Indeedee|spd|1|[from] item: Psychic Seed
|turn|1
|inactive|TeyOnTheRox has 30 seconds left.
|
|t:|1757814499
|move|p1a: Indeedee|Follow Me|p1a: Indeedee
|-singleturn|p1a: Indeedee|move: Follow Me
|move|p2b: Cachiiga|Taunt|p1a: Indeedee
|-start|p1a: Indeedee|move: Taunt
|move|p2a: Cars II|Bulk Up|p2a: Cars II
|-boost|p2a: Cars II|atk|1
|-boost|p2a: Cars II|def|1
|move|p1b: Gallade|Trick Room|p1b: Gallade
|-fieldstart|move: Trick Room|[of] p1b: Gallade
|
|upkeep
|turn|2
|inactive|TeyOnTheRox has 30 seconds left.
|inactive|TeyOnTheRox has 20 seconds left.
|inactive|TeyOnTheRox has 15 seconds left.
|inactive|TeyOnTheRox has 10 seconds left.
|inactive|TeyOnTheRox has 5 seconds left.
|
|t:|1757814550
|switch|p1a: Ursaluna|Ursaluna-Bloodmoon, L50, M|100/100
|-terastallize|p2b: Cachiiga|Water
|move|p1b: Gallade|Psycho Cut|p2b: Cachiiga
|-damage|p2b: Cachiiga|24/100
|move|p2a: Cars II|Brave Bird|p1b: Gallade
|-supereffective|p1b: Gallade
|-damage|p1b: Gallade|0 fnt
|faint|p1b: Gallade
|-damage|p2a: Cars II|72/100|[from] Recoil
|move|p2b: Cachiiga|Taunt|p1a: Ursaluna
|-start|p1a: Ursaluna|move: Taunt
|
|-heal|p2a: Cars II|78/100|[from] item: Leftovers
|upkeep
|
|t:|1757814563
|switch|p1b: Torkoal|Torkoal, L50, F|100/100
|-weather|SunnyDay|[from] ability: Drought|[of] p1b: Torkoal
|turn|3
|inactive|TeyOnTheRox has 30 seconds left.
|
|t:|1757814594
|switch|p2a: Doc Hudson|Tyranitar, L50, M, shiny|100/100
|-weather|Sandstorm|[from] ability: Sand Stream|[of] p2a: Doc Hudson
|-terastallize|p1a: Ursaluna|Normal
|move|p1b: Torkoal|Eruption|p2b: Cachiiga|[spread] p2a,p2b
|-resisted|p2a: Doc Hudson
|-resisted|p2b: Cachiiga
|-damage|p2a: Doc Hudson|91/100
|-damage|p2b: Cachiiga|2/100
|move|p1a: Ursaluna|Hyper Voice|p2b: Cachiiga|[spread] p2a,p2b
|-resisted|p2a: Doc Hudson
|-damage|p2a: Doc Hudson|76/100
|-damage|p2b: Cachiiga|0 fnt
|faint|p2b: Cachiiga
|-damage|p1a: Ursaluna|90/100|[from] item: Life Orb
|
|-weather|Sandstorm|[upkeep]
|-damage|p1b: Torkoal|94/100|[from] Sandstorm
|-damage|p1a: Ursaluna|85/100|[from] Sandstorm
|-heal|p1b: Torkoal|100/100|[from] item: Leftovers
|upkeep
|
|t:|1757814603
|switch|p2b: Toe Master|Excadrill, L50, M|100/100
|turn|4
|
|t:|1757814622
|move|p1b: Torkoal|Eruption|p2b: Toe Master|[spread] p2a,p2b
|-resisted|p2a: Doc Hudson
|-supereffective|p2b: Toe Master
|-damage|p2a: Doc Hudson|66/100
|-enditem|p2b: Toe Master|Focus Sash
|-damage|p2b: Toe Master|1/100
|move|p1a: Ursaluna|Hyper Voice|p2b: Toe Master|[spread] p2a,p2b
|-resisted|p2a: Doc Hudson
|-resisted|p2b: Toe Master
|-damage|p2a: Doc Hudson|52/100
|-damage|p2b: Toe Master|0 fnt
|faint|p2b: Toe Master
|-damage|p1a: Ursaluna|75/100|[from] item: Life Orb
|move|p2a: Doc Hudson|Low Kick|p1a: Ursaluna
|-supereffective|p1a: Ursaluna
|-damage|p1a: Ursaluna|12/100
|
|-weather|Sandstorm|[upkeep]
|-damage|p1b: Torkoal|94/100|[from] Sandstorm
|-damage|p1a: Ursaluna|6/100|[from] Sandstorm
|-heal|p1b: Torkoal|100/100|[from] item: Leftovers
|-end|p1a: Ursaluna|move: Taunt
|upkeep
|
|t:|1757814635
|switch|p2b: Cars II|Corviknight, L50, F|78/100
|turn|5
|
|t:|1757814648
|move|p1b: Torkoal|Eruption|p2a: Doc Hudson|[spread] p2a,p2b
|-resisted|p2a: Doc Hudson
|-supereffective|p2b: Cars II
|-damage|p2a: Doc Hudson|41/100
|-damage|p2b: Cars II|0 fnt
|faint|p2b: Cars II
|move|p1a: Ursaluna|Earth Power|p2a: Doc Hudson
|-supereffective|p2a: Doc Hudson
|-damage|p2a: Doc Hudson|0 fnt
|faint|p2a: Doc Hudson
|-damage|p1a: Ursaluna|0 fnt|[from] item: Life Orb
|faint|p1a: Ursaluna
|
|win|Quill86
||TeyOnTheRox is ready for game 2.
||Quill86 is ready for game 2.
|uhtml|next|Next: Game 2 of 3
