|j|☆KadazVGC
|j|☆VioletHydra
|html|KadazVGCVioletHydra    
|uhtml|bestof|Game 1 of a best-of-3
|t:|1784317628
|gametype|doubles
|player|p1|KadazVGC|101|
|player|p2|VioletHydra|101|
|gen|9
|tier|[Gen 9 Champions] VGC 2026 Reg M-B (Bo3)
|rule|Species Clause: Limit one of each Pokémon
|rule|Item Clause: Limit 1 of each item
|clearpoke
|poke|p1|Froslass, L50, F|
|poke|p1|Dragonite, L50, M|
|poke|p1|Toxapex, L50, F|
|poke|p1|Sneasler, L50, M|
|poke|p1|Kingambit, L50, M|
|poke|p1|Blaziken, L50, M|
|poke|p2|Grimmsnarl, L50, M|
|poke|p2|Basculegion, L50, M|
|poke|p2|Venusaur, L50, M|
|poke|p2|Garchomp, L50, F|
|poke|p2|Sylveon, L50, M|
|poke|p2|Incineroar, L50, M|
|teampreview|4
|showteam|p1|Froslass||Froslassite|CursedBody|Blizzard,ShadowBall,AuroraVeil,Protect|Timid||F|||50|]Dragonite||LifeOrb|InnerFocus|DragonClaw,ExtremeSpeed,LowKick,Protect|Adamant||M|||50|]Toxapex||Leftovers|Regenerator|Infestation,Toxic,WideGuard,BanefulBunker|Bold||F|||50|]Sneasler||FocusSash|PoisonTouch|CloseCombat,PoisonJab,FakeOut,Protect|Jolly||M|||50|]Kingambit||BlackGlasses|Defiant|KowtowCleave,IronHead,SuckerPunch,Protect|Adamant||M|||50|]Blaziken||Blazikenite|SpeedBoost|CloseCombat,FlareBlitz,RockSlide,Protect|Adamant||M|||50|
|showteam|p2|Grimmsnarl||LightClay|Prankster|Reflect,LightScreen,PartingShot,SpiritBreak|Impish||M|||50|]Basculegion||ChoiceScarf|Adaptability|LastRespects,WaveCrash,FlipTurn,AquaJet|Jolly||M|||50|]Venusaur||Venusaurite|Chlorophyll|GigaDrain,SludgeBomb,EarthPower,Protect|Modest||M|||50|]Garchomp||LifeOrb|RoughSkin|DragonClaw,StompingTantrum,RockSlide,Protect|Jolly||F|||50|]Sylveon||FairyFeather|Pixilate|HyperVoice,HyperBeam,QuickAttack,Protect|Quiet||M|||50|]Incineroar||SitrusBerry|Intimidate|FakeOut,FlareBlitz,DarkestLariat,PartingShot|Adamant||M|||50|
|
|t:|1784317741
|teamsize|p1|4
|teamsize|p2|4
|start
|switch|p1a: Dragonite|Dragonite, L50, M|100/100
|switch|p1b: Kingambit|Kingambit, L50, M|100/100
|switch|p2a: Venusaur|Venusaur, L50, M|100/100
|switch|p2b: Grimmsnarl|Grimmsnarl, L50, M|100/100
|turn|1
|
|t:|1784317787
|detailschange|p2a: Venusaur|Venusaur-Mega, L50, M
|-mega|p2a: Venusaur|Venusaur|Venusaurite
|move|p2b: Grimmsnarl|Reflect|p2b: Grimmsnarl
|-sidestart|p2: VioletHydra|Reflect
|move|p2a: Venusaur|Earth Power|p1b: Kingambit
|-supereffective|p1b: Kingambit|1
|-damage|p1b: Kingambit|44/100
|move|p1a: Dragonite|Dragon Claw|p2a: Venusaur
|-damage|p2a: Venusaur|70/100
|-damage|p1a: Dragonite|90/100|[from] item: Life Orb
|move|p1b: Kingambit|Iron Head|p2b: Grimmsnarl
|-supereffective|p2b: Grimmsnarl|1
|-damage|p2b: Grimmsnarl|34/100
|
|upkeep
|turn|2
|
|t:|1784317830
|move|p1b: Kingambit|Protect|p1b: Kingambit
|-singleturn|p1b: Kingambit|Protect
|move|p1a: Dragonite|Extreme Speed|p2b: Grimmsnarl
|-damage|p2b: Grimmsnarl|4/100
|-damage|p1a: Dragonite|80/100|[from] item: Life Orb
|move|p2a: Venusaur|Earth Power|p1b: Kingambit
|-activate|p1b: Kingambit|move: Protect
|move|p2b: Grimmsnarl|Spirit Break|p1a: Dragonite
|-supereffective|p1a: Dragonite|1
|-damage|p1a: Dragonite|24/100
|-unboost|p1a: Dragonite|spa|1
|
|upkeep
|turn|3
|
|t:|1784317863
|switch|p2b: Basculegion|Basculegion, L50, M|100/100
|move|p1a: Dragonite|Extreme Speed|p2b: Basculegion
|-immune|p2b: Basculegion
|move|p1b: Kingambit|Sucker Punch|p2a: Venusaur
|-damage|p2a: Venusaur|46/100
|move|p2a: Venusaur|Earth Power|p1b: Kingambit
|-supereffective|p1b: Kingambit|1
|-damage|p1b: Kingambit|0 fnt
|faint|p1b: Kingambit
|
|upkeep
|
|t:|1784317876
|switch|p1b: Froslass|Froslass, L50, F|100/100
|turn|4
|
|t:|1784317912
|detailschange|p1b: Froslass|Froslass-Mega, L50, F
|-mega|p1b: Froslass|Froslass|Froslassite
|-weather|Snowscape|[from] ability: Snow Warning|[of] p1b: Froslass
|move|p2b: Basculegion|Flip Turn|p1b: Froslass
|-damage|p1b: Froslass|70/100
|
|t:|1784317923
|switch|p2b: Grimmsnarl|Grimmsnarl, L50, M|4/100|[from] Flip Turn
|move|p1b: Froslass|Shadow Ball|p2b: Grimmsnarl
|-resisted|p2b: Grimmsnarl|1
|-damage|p2b: Grimmsnarl|0 fnt
|faint|p2b: Grimmsnarl
|move|p2a: Venusaur|Giga Drain|p1b: Froslass
|-damage|p1b: Froslass|29/100
|-heal|p2a: Venusaur|65/100|[from] drain|[of] p1b: Froslass
|move|p1a: Dragonite|Dragon Claw|p2a: Venusaur
|-damage|p2a: Venusaur|32/100
|-damage|p1a: Dragonite|15/100|[from] item: Life Orb
|
|-weather|Snowscape|[upkeep]
|upkeep
|
|t:|1784317946
|switch|p2b: Basculegion|Basculegion, L50, M|100/100
|turn|5
|
|t:|1784317981
|move|p1b: Froslass|Protect|p1b: Froslass
|-singleturn|p1b: Froslass|Protect
|move|p2b: Basculegion|Last Respects|p1b: Froslass
|-activate|p1b: Froslass|move: Protect
|move|p2a: Venusaur|Sludge Bomb|p1a: Dragonite
|-damage|p1a: Dragonite|0 fnt
|faint|p1a: Dragonite
|
|-weather|Snowscape|[upkeep]
|upkeep
|
|t:|1784317990
|switch|p1a: Toxapex|Toxapex, L50, F|100/100
|turn|6
|
|t:|1784318009
|move|p2b: Basculegion|Last Respects|p1b: Froslass
|-supereffective|p1b: Froslass|1
|-damage|p1b: Froslass|0 fnt
|faint|p1b: Froslass
|move|p2a: Venusaur|Earth Power|p1a: Toxapex
|-supereffective|p1a: Toxapex|1
|-damage|p1a: Toxapex|57/100
|move|p1a: Toxapex|Infestation|p2a: Venusaur
|-damage|p2a: Venusaur|29/100
|-activate|p2a: Venusaur|move: Infestation|[of] p1a: Toxapex
|
|-weather|Snowscape|[upkeep]
|-heal|p1a: Toxapex|63/100|[from] item: Leftovers
|-damage|p2a: Venusaur|17/100|[from] move: Infestation|[partiallytrapped]
|upkeep
|turn|7
|
|t:|1784318026
|move|p1a: Toxapex|Baneful Bunker|p1a: Toxapex
|-singleturn|p1a: Toxapex|move: Protect
|move|p2b: Basculegion|Last Respects|p1a: Toxapex
|-activate|p1a: Toxapex|move: Protect
|move|p2a: Venusaur|Earth Power|p1a: Toxapex
|-activate|p1a: Toxapex|move: Protect
|
|-weather|Snowscape|[upkeep]
|-heal|p1a: Toxapex|69/100|[from] item: Leftovers
|-damage|p2a: Venusaur|5/100|[from] move: Infestation|[partiallytrapped]
|upkeep
|turn|8
|
|t:|1784318040
|move|p1a: Toxapex|Baneful Bunker||[still]
|-fail|p1a: Toxapex
|move|p2b: Basculegion|Last Respects|p1a: Toxapex
|-damage|p1a: Toxapex|28/100
|move|p2a: Venusaur|Earth Power|p1a: Toxapex
|-supereffective|p1a: Toxapex|1
|-damage|p1a: Toxapex|0 fnt
|faint|p1a: Toxapex
|
|win|VioletHydra
||VioletHydra is ready for game 2.
||KadazVGC is ready for game 2.
|uhtml|next|Next: Game 2 of 3
