|j|☆BVSelf
|j|☆yinobo
|html|BVSelfyinobo    
|uhtml|bestof|Game 3 of a best-of-3
|t:|1783089578
|gametype|doubles
|player|p1|BVSelf|juan|1310
|player|p2|yinobo|lucas|1381
|gen|9
|tier|[Gen 9 Champions] VGC 2026 Reg M-B (Bo3)
|rated|
|rule|Species Clause: Limit one of each Pokémon
|rule|Item Clause: Limit 1 of each item
|clearpoke
|poke|p1|Charizard, L50, M|
|poke|p1|Farigiraf, L50, M|
|poke|p1|Venusaur, L50, M|
|poke|p1|Garchomp, L50, F|
|poke|p1|Incineroar, L50, M|
|poke|p1|Sylveon, L50, M|
|poke|p2|Metagross, L50|
|poke|p2|Dragonite, L50, F|
|poke|p2|Basculegion, L50, M|
|poke|p2|Whimsicott, L50, M|
|poke|p2|Sneasler, L50, M|
|poke|p2|Incineroar, L50, M|
|teampreview|4
|showteam|p1|Charizard||CharizarditeY|Blaze|HeatWave,WeatherBall,SolarBeam,Protect|Modest||M|||50|]Farigiraf||ColburBerry|ArmorTail|Psychic,Thunderbolt,HelpingHand,TrickRoom|Modest||M|||50|]Venusaur||FocusSash|Chlorophyll|LeafStorm,SludgeBomb,SleepPowder,Protect|Modest||M|||50|]Garchomp||LifeOrb|RoughSkin|RockSlide,DragonClaw,Earthquake,Protect|Jolly||F|||50|]Incineroar||SitrusBerry|Intimidate|FlareBlitz,DarkestLariat,PartingShot,FakeOut|Careful||M|||50|]Sylveon||FairyFeather|Pixilate|HyperVoice,HyperBeam,QuickAttack,Protect|Modest||M|||50|
|showteam|p2|Metagross||Metagrossite|ClearBody|Protect,BulletPunch,PsychicFangs,BodyPress|Adamant|||||50|]Dragonite||Dragoninite|Multiscale|Protect,DragonPulse,Thunderbolt,IceBeam|Modest||F|||50|]Basculegion||MysticWater|Adaptability|Protect,WaveCrash,AquaJet,LastRespects|Adamant||M|||50|]Whimsicott||FocusSash|Prankster|Protect,Moonblast,Tailwind,Encore|Modest||M|||50|]Sneasler||WhiteHerb|Unburden|Protect,CloseCombat,DireClaw,FakeOut|Adamant||M|||50|]Incineroar||SitrusBerry|Intimidate|FlareBlitz,DarkestLariat,FakeOut,PartingShot|Adamant||M|||50|
|inactive|Battle timer is ON: inactive players will automatically lose when time's up. (requested by yinobo)
|inactive|BVSelf has 60 seconds left.
|inactive|yinobo has 60 seconds left.
|inactive|yinobo has 30 seconds left.
|inactive|BVSelf has 30 seconds left.
|
|t:|1783089647
|teamsize|p1|4
|teamsize|p2|4
|start
|switch|p1a: Charizard|Charizard, L50, M|100/100
|switch|p1b: Sylveon|Sylveon, L50, M|100/100
|switch|p2a: Whimsicott|Whimsicott, L50, M|100/100
|switch|p2b: Sneasler|Sneasler, L50, M|100/100
|turn|1
|inactive|yinobo has 30 seconds left.
|
|t:|1783089680
|switch|p1b: Farigiraf|Farigiraf, L50, M|100/100
|detailschange|p1a: Charizard|Charizard-Mega-Y, L50, M
|-mega|p1a: Charizard|Charizard|Charizardite Y
|-weather|SunnyDay|[from] ability: Drought|[of] p1a: Charizard
|move|p2b: Sneasler|Fake Out||[still]
|cant|p1b: Farigiraf|ability: Armor Tail|Fake Out|[of] p2b: Sneasler
|move|p2a: Whimsicott|Tailwind|p2a: Whimsicott
|-sidestart|p2: yinobo|move: Tailwind
|move|p1a: Charizard|Heat Wave|p2b: Sneasler|[spread] p2a,p2b
|-supereffective|p2a: Whimsicott|1
|-enditem|p2a: Whimsicott|Focus Sash
|-damage|p2a: Whimsicott|1/100
|-damage|p2b: Sneasler|17/100
|
|-weather|SunnyDay|[upkeep]
|upkeep
|turn|2
|
|t:|1783089702
|move|p1a: Charizard|Protect|p1a: Charizard
|-singleturn|p1a: Charizard|Protect
|move|p2b: Sneasler|Dire Claw|p1b: Farigiraf
|-damage|p1b: Farigiraf|51/100
|move|p2a: Whimsicott|Moonblast|p1b: Farigiraf
|-damage|p1b: Farigiraf|18/100
|move|p1b: Farigiraf|Trick Room|p1b: Farigiraf
|-fieldstart|move: Trick Room|[of] p1b: Farigiraf
|
|-weather|SunnyDay|[upkeep]
|upkeep
|turn|3
|
|t:|1783089726
|move|p2a: Whimsicott|Protect|p2a: Whimsicott
|-singleturn|p2a: Whimsicott|Protect
|move|p2b: Sneasler|Protect|p2b: Sneasler
|-singleturn|p2b: Sneasler|Protect
|move|p1b: Farigiraf|Thunderbolt|p2a: Whimsicott
|-activate|p2a: Whimsicott|move: Protect
|move|p1a: Charizard|Heat Wave|p2a: Whimsicott|[spread] 
|-activate|p2a: Whimsicott|move: Protect
|-activate|p2b: Sneasler|move: Protect
|
|-weather|SunnyDay|[upkeep]
|upkeep
|turn|4
|inactive|yinobo has 30 seconds left.
|
|t:|1783089758
|switch|p1b: Incineroar|Incineroar, L50, M|100/100
|-ability|p1b: Incineroar|Intimidate|boost
|-unboost|p2a: Whimsicott|atk|1
|-unboost|p2b: Sneasler|atk|1
|-enditem|p2b: Sneasler|White Herb
|-clearnegativeboost|p2b: Sneasler|[silent]
|switch|p2b: Basculegion|Basculegion, L50, M|100/100
|move|p1a: Charizard|Heat Wave|p2a: Whimsicott|[spread] p2a,p2b
|-supereffective|p2a: Whimsicott|1
|-resisted|p2b: Basculegion|1
|-damage|p2a: Whimsicott|0 fnt
|-damage|p2b: Basculegion|63/100
|faint|p2a: Whimsicott
|
|-weather|SunnyDay|[upkeep]
|-sideend|p2: yinobo|move: Tailwind
|upkeep
|
|t:|1783089775
|switch|p2a: Sneasler|Sneasler, L50, M|17/100
|turn|5
|
|t:|1783089795
|switch|p1a: Farigiraf|Farigiraf, L50, M|18/100
|move|p2b: Basculegion|Protect|p2b: Basculegion
|-singleturn|p2b: Basculegion|Protect
|move|p2a: Sneasler|Protect|p2a: Sneasler
|-singleturn|p2a: Sneasler|Protect
|move|p1b: Incineroar|Darkest Lariat|p2b: Basculegion
|-activate|p2b: Basculegion|move: Protect
|
|-weather|none
|upkeep
|turn|6
|
|t:|1783089816
|switch|p2a: Metagross|Metagross, L50|100/100
|move|p1a: Farigiraf|Psychic|p2a: Metagross
|-resisted|p2a: Metagross|2
|-damage|p2a: Metagross|89/100
|move|p1b: Incineroar|Darkest Lariat|p2b: Basculegion
|-supereffective|p2b: Basculegion|1
|-damage|p2b: Basculegion|0 fnt
|faint|p2b: Basculegion
|
|-fieldend|move: Trick Room
|upkeep
|
|t:|1783089828
|switch|p2b: Sneasler|Sneasler, L50, M|17/100
|turn|7
|
|t:|1783089838
|switch|p1b: Sylveon|Sylveon, L50, M|100/100
|detailschange|p2a: Metagross|Metagross-Mega, L50
|-mega|p2a: Metagross|Metagross|Metagrossite
|move|p2b: Sneasler|Close Combat|p1b: Sylveon
|-resisted|p1b: Sylveon|1
|-damage|p1b: Sylveon|63/100
|-unboost|p2b: Sneasler|def|1
|-unboost|p2b: Sneasler|spd|1
|move|p2a: Metagross|Psychic Fangs|p1a: Farigiraf
|-resisted|p1a: Farigiraf|1
|-damage|p1a: Farigiraf|0 fnt
|faint|p1a: Farigiraf
|
|upkeep
|
|t:|1783089849
|switch|p1a: Charizard|Charizard-Mega-Y, L50, M|100/100
|-weather|SunnyDay|[from] ability: Drought|[of] p1a: Charizard
|turn|8
|
|t:|1783089863
|switch|p1b: Incineroar|Incineroar, L50, M|100/100
|-ability|p1b: Incineroar|Intimidate|boost
|-unboost|p2a: Metagross|atk|1
|-unboost|p2b: Sneasler|atk|1
|move|p1a: Charizard|Protect|p1a: Charizard
|-singleturn|p1a: Charizard|Protect
|move|p2b: Sneasler|Dire Claw|p1a: Charizard
|-activate|p1a: Charizard|move: Protect
|move|p2a: Metagross|Psychic Fangs|p1b: Incineroar
|-immune|p1b: Incineroar
|
|-weather|SunnyDay|[upkeep]
|upkeep
|turn|9
|
|t:|1783089886
|switch|p1b: Sylveon|Sylveon, L50, M|63/100
|move|p2b: Sneasler|Protect|p2b: Sneasler
|-singleturn|p2b: Sneasler|Protect
|move|p2a: Metagross|Protect|p2a: Metagross
|-singleturn|p2a: Metagross|Protect
|move|p1a: Charizard|Weather Ball|p2a: Metagross
|-activate|p2a: Metagross|move: Protect
|
|-weather|SunnyDay|[upkeep]
|upkeep
|turn|10
|
|t:|1783089907
|move|p1b: Sylveon|Quick Attack|p2b: Sneasler
|-damage|p2b: Sneasler|0 fnt
|faint|p2b: Sneasler
|move|p2a: Metagross|Psychic Fangs|p1b: Sylveon
|-damage|p1b: Sylveon|6/100
|move|p1a: Charizard|Weather Ball|p2a: Metagross
|-supereffective|p2a: Metagross|1
|-damage|p2a: Metagross|0 fnt
|faint|p2a: Metagross
|
|win|BVSelf
|raw|BVSelf's rating: 1310 → 1334(+24 for winning)
|raw|yinobo's rating: 1381 → 1357(-24 for losing)
