|j|☆XS_Alpaca
|j|☆labubumechanics
|html|XS_Alpacalabubumechanics    
|uhtml|bestof|Game 1 of a best-of-3
|t:|1785037704
|gametype|doubles
|player|p1|XS_Alpaca|170|1059
|player|p2|labubumechanics|265|1154
|gen|9
|tier|[Gen 9 Champions] VGC 2026 Reg M-B (Bo3)
|rated|
|rule|Species Clause: Limit one of each Pokémon
|rule|Item Clause: Limit 1 of each item
|clearpoke
|poke|p1|Aerodactyl, L50, M|
|poke|p1|Kingambit, L50, M|
|poke|p1|Sylveon, L50, M|
|poke|p1|Garchomp, L50, M|
|poke|p1|Charizard, L50, M|
|poke|p1|Incineroar, L50, M|
|poke|p2|Sinistcha, L50|
|poke|p2|Excadrill, L50, F, shiny|
|poke|p2|Tyranitar, L50, F, shiny|
|poke|p2|Grimmsnarl, L50, M, shiny|
|poke|p2|Scovillain, L50, M, shiny|
|poke|p2|Basculegion, L50, M|
|teampreview|4
|showteam|p1|Aerodactyl||Aerodactylite|Unnerve|RockSlide,IceFang,Tailwind,WideGuard|Jolly||M|||50|]Kingambit||FocusSash|Defiant|KowtowCleave,SuckerPunch,IronHead,Protect|Adamant||M|||50|]Sylveon||FairyFeather|Pixilate|Detect,HyperVoice,HyperBeam,QuickAttack|Modest||M|||50|]Garchomp||LifeOrb|RoughSkin|Earthquake,DragonClaw,StompingTantrum,Protect|Jolly||M|||50|]Charizard||CharizarditeY|Blaze|Protect,HeatWave,SolarBeam,WeatherBall|Modest||M|||50|]Incineroar||SitrusBerry|Intimidate|DarkestLariat,FlareBlitz,FakeOut,PartingShot|Impish||M|||50|
|showteam|p2|Sinistcha||SitrusBerry|Hospitality|MatchaGotcha,RagePowder,StrengthSap,TrickRoom|Bold|||||50|]Excadrill||LifeOrb|SandRush|HighHorsepower,RockSlide,IronHead,Protect|Adamant||F|||50|]Tyranitar||Tyranitarite|SandStream|DragonDance,RockSlide,KnockOff,Protect|Jolly||F|||50|]Grimmsnarl||LightClay|Prankster|SpiritBreak,LightScreen,Reflect,PartingShot|Impish||M|||50|]Scovillain||Scovillainite|Moody|Protect,RagePowder,Overheat,EnergyBall|Bold||M|||50|]Basculegion||ChoiceScarf|Adaptability|WaveCrash,LastRespects,AquaJet,FlipTurn|Adamant||M|||50|
|
|t:|1785037732
|teamsize|p1|4
|teamsize|p2|4
|start
|switch|p1a: Incineroar|Incineroar, L50, M|100/100
|switch|p1b: Aerodactyl|Aerodactyl, L50, M|100/100
|switch|p2a: Grimmsnarl|Grimmsnarl, L50, M, shiny|100/100
|switch|p2b: Scovillain|Scovillain, L50, M, shiny|100/100
|-ability|p1b: Aerodactyl|Unnerve
|-ability|p1a: Incineroar|Intimidate|boost
|-unboost|p2a: Grimmsnarl|atk|1
|-unboost|p2b: Scovillain|atk|1
|turn|1
|
|t:|1785037772
|move|p2b: Scovillain|Protect|p2b: Scovillain
|-singleturn|p2b: Scovillain|Protect
|move|p1a: Incineroar|Fake Out|p2a: Grimmsnarl
|-damage|p2a: Grimmsnarl|89/100
|cant|p2a: Grimmsnarl|flinch
|move|p1b: Aerodactyl|Tailwind|p1b: Aerodactyl
|-sidestart|p1: XS_Alpaca|move: Tailwind
|
|-ability|p2b: Scovillain|Moody|boost
|-boost|p2b: Scovillain|spd|2
|-unboost|p2b: Scovillain|atk|1
|upkeep
|turn|2
|
|t:|1785037825
|detailschange|p2b: Scovillain|Scovillain-Mega, L50, M, shiny
|-mega|p2b: Scovillain|Scovillain|Scovillainite
|move|p2a: Grimmsnarl|Reflect|p2a: Grimmsnarl
|-sidestart|p2: labubumechanics|Reflect
|move|p1b: Aerodactyl|Rock Slide|p2b: Scovillain|[spread] p2a,p2b
|-supereffective|p2b: Scovillain|1
|-damage|p2a: Grimmsnarl|76/100
|-damage|p2b: Scovillain|71/100
|-status|p1b: Aerodactyl|brn|[from] ability: Spicy Spray|[of] p2b: Scovillain
|move|p1a: Incineroar|Parting Shot|p2b: Scovillain
|-unboost|p2b: Scovillain|atk|1
|-unboost|p2b: Scovillain|spa|1
|
|t:|1785037850
|switch|p1a: Charizard|Charizard, L50, M|100/100|[from] Parting Shot
|cant|p2b: Scovillain|flinch
|
|-damage|p1b: Aerodactyl|93/100 brn|[from] brn
|upkeep
|turn|3
|
|t:|1785037862
|detailschange|p1a: Charizard|Charizard-Mega-Y, L50, M
|-mega|p1a: Charizard|Charizard|Charizardite Y
|-weather|SunnyDay|[from] ability: Drought|[of] p1a: Charizard
|move|p2b: Scovillain|Protect|p2b: Scovillain
|-singleturn|p2b: Scovillain|Protect
|move|p2a: Grimmsnarl|Light Screen|p2a: Grimmsnarl
|-sidestart|p2: labubumechanics|move: Light Screen
|move|p1b: Aerodactyl|Rock Slide|p2a: Grimmsnarl|[spread] p2a
|-activate|p2b: Scovillain|move: Protect
|-damage|p2a: Grimmsnarl|69/100
|move|p1a: Charizard|Heat Wave|p2a: Grimmsnarl|[spread] p2a
|-activate|p2b: Scovillain|move: Protect
|-damage|p2a: Grimmsnarl|27/100
|
|-weather|SunnyDay|[upkeep]
|-damage|p1b: Aerodactyl|87/100 brn|[from] brn
|upkeep
|turn|4
|
|t:|1785037902
|move|p2a: Grimmsnarl|Parting Shot|p1a: Charizard
|-unboost|p1a: Charizard|atk|1
|-unboost|p1a: Charizard|spa|1
|
|t:|1785037906
|switch|p2a: Tyranitar|Tyranitar, L50, F, shiny|100/100|[from] Parting Shot
|-weather|Sandstorm|[from] ability: Sand Stream|[of] p2a: Tyranitar
|move|p1b: Aerodactyl|Rock Slide|p2a: Tyranitar|[spread] p2a,p2b
|-supereffective|p2b: Scovillain|1
|-damage|p2a: Tyranitar|93/100
|-damage|p2b: Scovillain|56/100
|move|p1a: Charizard|Heat Wave|p2a: Tyranitar|[spread] p2a,p2b
|-resisted|p2a: Tyranitar|1
|-damage|p2a: Tyranitar|87/100
|-damage|p2b: Scovillain|47/100
|-immune|p1a: Charizard
|move|p2b: Scovillain|Energy Ball|p1b: Aerodactyl
|-damage|p1b: Aerodactyl|67/100 brn
|
|-weather|Sandstorm|[upkeep]
|-damage|p1a: Charizard|93/100|[from] Sandstorm
|-damage|p2b: Scovillain|41/100|[from] Sandstorm
|-damage|p1b: Aerodactyl|61/100 brn|[from] brn
|-sideend|p1: XS_Alpaca|move: Tailwind
|upkeep
|turn|5
|
|t:|1785037936
|switch|p1a: Incineroar|Incineroar, L50, M|100/100
|-ability|p1a: Incineroar|Intimidate|boost
|-unboost|p2a: Tyranitar|atk|1
|-unboost|p2b: Scovillain|atk|1
|move|p1b: Aerodactyl|Tailwind|p1b: Aerodactyl
|-sidestart|p1: XS_Alpaca|move: Tailwind
|move|p2a: Tyranitar|Dragon Dance|p2a: Tyranitar
|-boost|p2a: Tyranitar|atk|1
|-boost|p2a: Tyranitar|spe|1
|move|p2b: Scovillain|Energy Ball|p1b: Aerodactyl
|-damage|p1b: Aerodactyl|40/100 brn
|
|-weather|Sandstorm|[upkeep]
|-damage|p1a: Incineroar|94/100|[from] Sandstorm
|-damage|p2b: Scovillain|35/100|[from] Sandstorm
|-damage|p1b: Aerodactyl|34/100 brn|[from] brn
|upkeep
|turn|6
|
|t:|1785037957
|move|p2b: Scovillain|Protect|p2b: Scovillain
|-singleturn|p2b: Scovillain|Protect
|move|p1a: Incineroar|Fake Out|p2a: Tyranitar
|-resisted|p2a: Tyranitar|1
|-damage|p2a: Tyranitar|84/100
|move|p1b: Aerodactyl|Rock Slide|p2a: Tyranitar|[spread] p2a
|-activate|p2b: Scovillain|move: Protect
|-damage|p2a: Tyranitar|78/100
|cant|p2a: Tyranitar|flinch
|
|-weather|Sandstorm|[upkeep]
|-damage|p1a: Incineroar|88/100|[from] Sandstorm
|-damage|p2b: Scovillain|29/100|[from] Sandstorm
|-damage|p1b: Aerodactyl|28/100 brn|[from] brn
|upkeep
|turn|7
|
|t:|1785037975
|move|p1b: Aerodactyl|Rock Slide|p2b: Scovillain|[spread] p2a
|-miss|p1b: Aerodactyl|p2b: Scovillain
|-damage|p2a: Tyranitar|71/100
|move|p2a: Tyranitar|Dragon Dance|p2a: Tyranitar
|-boost|p2a: Tyranitar|atk|1
|-boost|p2a: Tyranitar|spe|1
|move|p1a: Incineroar|Parting Shot|p2a: Tyranitar
|-unboost|p2a: Tyranitar|atk|1
|-unboost|p2a: Tyranitar|spa|1
|
|t:|1785037992
|switch|p1a: Sylveon|Sylveon, L50, M|100/100|[from] Parting Shot
|move|p2b: Scovillain|Energy Ball|p1b: Aerodactyl
|-damage|p1b: Aerodactyl|6/100 brn
|
|-weather|Sandstorm|[upkeep]
|-damage|p1a: Sylveon|94/100|[from] Sandstorm
|-damage|p2b: Scovillain|23/100|[from] Sandstorm
|-damage|p1b: Aerodactyl|1/100 brn|[from] brn
|upkeep
|turn|8
|
|t:|1785038004
|move|p2a: Tyranitar|Protect|p2a: Tyranitar
|-singleturn|p2a: Tyranitar|Protect
|move|p1b: Aerodactyl|Rock Slide|p2b: Scovillain|[spread] p2b
|-activate|p2a: Tyranitar|move: Protect
|-supereffective|p2b: Scovillain|1
|-damage|p2b: Scovillain|7/100
|move|p1a: Sylveon|Hyper Voice|p2a: Tyranitar|[spread] p2b
|-activate|p2a: Tyranitar|move: Protect
|-resisted|p2b: Scovillain|1
|-damage|p2b: Scovillain|1/100
|-status|p1a: Sylveon|brn|[from] ability: Spicy Spray|[of] p2b: Scovillain
|move|p2b: Scovillain|Overheat|p1a: Sylveon
|-damage|p1a: Sylveon|63/100 brn
|-unboost|p2b: Scovillain|spa|2
|
|-weather|none
|-damage|p1b: Aerodactyl|0 fnt|[from] brn
|faint|p1b: Aerodactyl
|-damage|p1a: Sylveon|57/100 brn|[from] brn
|-sideend|p1: XS_Alpaca|move: Tailwind
|upkeep
|
|t:|1785038023
|switch|p1b: Charizard|Charizard-Mega-Y, L50, M|93/100
|-weather|SunnyDay|[from] ability: Drought|[of] p1b: Charizard
|turn|9
|
|t:|1785038069
|move|p1a: Sylveon|Quick Attack|p2b: Scovillain
|-resisted|p2b: Scovillain|1
|-damage|p2b: Scovillain|0 fnt
|faint|p2b: Scovillain
|move|p2a: Tyranitar|Rock Slide|p1a: Sylveon|[spread] p1a,p1b
|-supereffective|p1b: Charizard|2
|-damage|p1a: Sylveon|22/100 brn
|-damage|p1b: Charizard|0 fnt
|faint|p1b: Charizard
|
|-weather|SunnyDay|[upkeep]
|-damage|p1a: Sylveon|16/100 brn|[from] brn
|-sideend|p2: labubumechanics|Reflect
|upkeep
|
|t:|1785038079
|switch|p1b: Incineroar|Incineroar, L50, M|88/100
|switch|p2b: Grimmsnarl|Grimmsnarl, L50, M, shiny|27/100
|-ability|p1b: Incineroar|Intimidate|boost
|-unboost|p2a: Tyranitar|atk|1
|-unboost|p2b: Grimmsnarl|atk|1
|turn|10
|
|t:|1785038098
|switch|p2a: Excadrill|Excadrill, L50, F, shiny|100/100
|move|p1b: Incineroar|Fake Out|p2b: Grimmsnarl
|-damage|p2b: Grimmsnarl|16/100
|cant|p2b: Grimmsnarl|flinch
|move|p1a: Sylveon|Hyper Voice|p2a: Excadrill|[spread] p2a,p2b
|-resisted|p2a: Excadrill|1
|-supereffective|p2b: Grimmsnarl|1
|-damage|p2a: Excadrill|79/100
|-damage|p2b: Grimmsnarl|0 fnt
|faint|p2b: Grimmsnarl
|
|-weather|SunnyDay|[upkeep]
|-damage|p1a: Sylveon|10/100 brn|[from] brn
|-sideend|p2: labubumechanics|move: Light Screen
|upkeep
|
|t:|1785038110
|switch|p2b: Tyranitar|Tyranitar, L50, F, shiny|71/100
|-weather|Sandstorm|[from] ability: Sand Stream|[of] p2b: Tyranitar
|turn|11
|
|t:|1785038121
|move|p2a: Excadrill|Protect|p2a: Excadrill
|-singleturn|p2a: Excadrill|Protect
|move|p2b: Tyranitar|Protect|p2b: Tyranitar
|-singleturn|p2b: Tyranitar|Protect
|move|p1a: Sylveon|Detect|p1a: Sylveon
|-singleturn|p1a: Sylveon|Protect
|move|p1b: Incineroar|Flare Blitz|p2a: Excadrill
|-activate|p2a: Excadrill|move: Protect
|
|-weather|Sandstorm|[upkeep]
|-damage|p1a: Sylveon|4/100 brn|[from] Sandstorm
|-damage|p1b: Incineroar|82/100|[from] Sandstorm
|-damage|p1a: Sylveon|0 fnt|[from] brn
|faint|p1a: Sylveon
|upkeep
|turn|12
|
|t:|1785038136
|move|p2a: Excadrill|High Horsepower|p1b: Incineroar
|-supereffective|p1b: Incineroar|1
|-damage|p1b: Incineroar|0 fnt
|faint|p1b: Incineroar
|-damage|p2a: Excadrill|69/100|[from] item: Life Orb
|
|win|labubumechanics
||labubumechanics is ready for game 2.
|inactive|XS_Alpaca has 30 seconds to confirm battle start!
|inactive|XS_Alpaca has 20 seconds to confirm battle start!
||XS_Alpaca is ready for game 2.
|uhtml|next|Next: Game 2 of 3
