|j|☆kk1pper1314
|j|☆VenusaurBot
|html|kk1pper1314VenusaurBot    
|uhtml|bestof|Game 1 of a best-of-3
|t:|1784407236
|gametype|doubles
|player|p1|kk1pper1314|266|1488
|player|p2|VenusaurBot|koga|1236
|gen|9
|tier|[Gen 9 Champions] VGC 2026 Reg M-B (Bo3)
|rated|
|rule|Species Clause: Limit one of each Pokémon
|rule|Item Clause: Limit 1 of each item
|clearpoke
|poke|p1|Tyranitar, L50, F|
|poke|p1|Excadrill, L50, M|
|poke|p1|Milotic, L50, F|
|poke|p1|Talonflame, L50, M|
|poke|p1|Raichu, L50, M|
|poke|p1|Staraptor, L50, M|
|poke|p2|Blaziken, L50, F|
|poke|p2|Venusaur, L50, M|
|poke|p2|Ninetales-Alola, L50, F|
|poke|p2|Dragonite, L50, M|
|poke|p2|Kingambit, L50, M|
|poke|p2|Basculegion, L50, M|
|teampreview|4
|showteam|p1|Tyranitar||ChoiceScarf|SandStream|KnockOff,RockSlide,IcePunch,LowKick|Jolly||F|||50|]Excadrill||FocusSash|SandRush|Protect,IronHead,HighHorsepower,RockTomb|Jolly||M|||50|]Milotic||Leftovers|Competitive|Protect,Scald,IceBeam,Haze|Modest||F|||50|]Talonflame||LifeOrb|GaleWings|Protect,QuickGuard,Tailwind,BraveBird|Jolly||M|||50|]Raichu||RaichuniteY|LightningRod|Protect,FakeOut,ZapCannon,FocusBlast|Timid||M|||50|]Staraptor||Staraptite|Intimidate|Protect,Roost,BraveBird,CloseCombat|Jolly||M|||50|
|showteam|p2|Blaziken||Blazikenite|SpeedBoost|Protect,FlareBlitz,CloseCombat,RockSlide|Adamant||F|||50|]Venusaur||Venusaurite|Chlorophyll|Protect,EarthPower,SludgeBomb,GigaDrain|Modest||M|||50|]Ninetales-Alola||NeverMeltIce|SnowWarning|Protect,Blizzard,FreezeDry,Encore|Timid||F|||50|]Dragonite||LifeOrb|InnerFocus|Protect,ExtremeSpeed,DragonClaw,LowKick|Adamant||M|||50|]Kingambit||BlackGlasses|Defiant|Protect,KowtowCleave,SuckerPunch,IronHead|Adamant||M|||50|]Basculegion||ChoiceScarf|Adaptability|WaveCrash,FlipTurn,AquaJet,LastRespects|Jolly||M|||50|
|inactive|Battle timer is ON: inactive players will automatically lose when time's up. (requested by kk1pper1314)
|inactive|kk1pper1314 has 60 seconds left.
|inactive|VenusaurBot has 60 seconds left.
|inactive|VenusaurBot has 30 seconds left.
|inactive|VenusaurBot has 20 seconds left.
|inactive|VenusaurBot has 15 seconds left.
|inactive|VenusaurBot has 10 seconds left.
|inactive|VenusaurBot has 5 seconds left.
|
|t:|1784407323
|teamsize|p1|4
|teamsize|p2|4
|start
|switch|p1a: Staraptor|Staraptor, L50, M|100/100
|switch|p1b: Milotic|Milotic, L50, F|100/100
|switch|p2a: Venusaur|Venusaur, L50, M|100/100
|switch|p2b: Basculegion|Basculegion, L50, M|100/100
|-ability|p1a: Staraptor|Intimidate|boost
|-unboost|p2a: Venusaur|atk|1
|-unboost|p2b: Basculegion|atk|1
|turn|1
|inactive|VenusaurBot has 30 seconds left.
|
|t:|1784407350
|detailschange|p2a: Venusaur|Venusaur-Mega, L50, M
|-mega|p2a: Venusaur|Venusaur|Venusaurite
|move|p1a: Staraptor|Protect|p1a: Staraptor
|-singleturn|p1a: Staraptor|Protect
|move|p1b: Milotic|Protect|p1b: Milotic
|-singleturn|p1b: Milotic|Protect
|move|p2b: Basculegion|Wave Crash|p1a: Staraptor
|-activate|p1a: Staraptor|move: Protect
|move|p2a: Venusaur|Sludge Bomb|p1a: Staraptor
|-activate|p1a: Staraptor|move: Protect
|
|upkeep
|turn|2
|
|t:|1784407369
|detailschange|p1a: Staraptor|Staraptor-Mega, L50, M
|-mega|p1a: Staraptor|Staraptor|Staraptite
|move|p2b: Basculegion|Wave Crash|p1b: Milotic
|-resisted|p1b: Milotic|1
|-damage|p1b: Milotic|74/100
|-damage|p2b: Basculegion|91/100|[from] Recoil
|move|p1a: Staraptor|Brave Bird|p2a: Venusaur
|-supereffective|p2a: Venusaur|1
|-damage|p2a: Venusaur|5/100
|-damage|p1a: Staraptor|68/100|[from] Recoil
|move|p1b: Milotic|Scald|p2b: Basculegion
|-resisted|p2b: Basculegion|1
|-damage|p2b: Basculegion|72/100
|move|p2a: Venusaur|Giga Drain|p1b: Milotic
|-supereffective|p1b: Milotic|1
|-damage|p1b: Milotic|17/100
|-heal|p2a: Venusaur|36/100|[from] drain|[of] p1b: Milotic
|
|-heal|p1b: Milotic|23/100|[from] item: Leftovers
|upkeep
|turn|3
|inactive|kk1pper1314 has 30 seconds left.
|inactive|VenusaurBot has 30 seconds left.
|inactive|kk1pper1314 has 20 seconds left.
|inactive|VenusaurBot has 20 seconds left.
|inactive|VenusaurBot has 15 seconds left.
|
|t:|1784407413
|move|p2b: Basculegion|Wave Crash|p1b: Milotic
|-resisted|p1b: Milotic|1
|-damage|p1b: Milotic|0 fnt
|faint|p1b: Milotic
|-damage|p2b: Basculegion|64/100|[from] Recoil
|move|p1a: Staraptor|Close Combat|p2a: Venusaur
|-resisted|p2a: Venusaur|1
|-damage|p2a: Venusaur|13/100
|-boost|p1a: Staraptor|def|1
|-boost|p1a: Staraptor|spd|1
|move|p2a: Venusaur|Sludge Bomb|p1a: Staraptor
|-damage|p1a: Staraptor|37/100
|-status|p1a: Staraptor|psn
|
|-damage|p1a: Staraptor|25/100 psn|[from] psn
|upkeep
|
|t:|1784407422
|switch|p1b: Excadrill|Excadrill, L50, M|100/100
|turn|4
|inactive|VenusaurBot has 30 seconds left.
|
|t:|1784407453
|switch|p1a: Tyranitar|Tyranitar, L50, F|100/100
|-weather|Sandstorm|[from] ability: Sand Stream|[of] p1a: Tyranitar
|move|p2a: Venusaur|Protect|p2a: Venusaur
|-singleturn|p2a: Venusaur|Protect
|move|p1b: Excadrill|High Horsepower|p2b: Basculegion
|-damage|p2b: Basculegion|1/100
|move|p2b: Basculegion|Wave Crash|p1b: Excadrill
|-supereffective|p1b: Excadrill|1
|-enditem|p1b: Excadrill|Focus Sash
|-damage|p1b: Excadrill|1/100
|-damage|p2b: Basculegion|0 fnt|[from] Recoil
|faint|p2b: Basculegion
|
|-weather|Sandstorm|[upkeep]
|-damage|p2a: Venusaur|8/100|[from] Sandstorm
|upkeep
|
|t:|1784407473
|switch|p2b: Ninetales|Ninetales-Alola, L50, F|100/100
|-weather|Snowscape|[from] ability: Snow Warning|[of] p2b: Ninetales
|turn|5
|
|t:|1784407488
|move|p1a: Tyranitar|Rock Slide|p2a: Venusaur|[spread] p2a,p2b
|-supereffective|p2b: Ninetales|1
|-damage|p2a: Venusaur|0 fnt
|-damage|p2b: Ninetales|50/100g
|faint|p2a: Venusaur
|move|p2b: Ninetales|Blizzard|p1a: Tyranitar|[spread] p1a,p1b
|-damage|p1a: Tyranitar|70/100
|-damage|p1b: Excadrill|0 fnt
|faint|p1b: Excadrill
|
|-weather|Snowscape|[upkeep]
|upkeep
|
|t:|1784407497
|switch|p1b: Staraptor|Staraptor-Mega, L50, M|25/100 psn
|switch|p2a: Dragonite|Dragonite, L50, M|100/100
|turn|6
|
|t:|1784407511
|move|p2b: Ninetales|Protect|p2b: Ninetales
|-singleturn|p2b: Ninetales|Protect
|move|p2a: Dragonite|Protect|p2a: Dragonite
|-singleturn|p2a: Dragonite|Protect
|move|p1a: Tyranitar|Rock Slide|p2b: Ninetales|[spread] 
|-activate|p2a: Dragonite|move: Protect
|-activate|p2b: Ninetales|move: Protect
|move|p1b: Staraptor|Close Combat|p2a: Dragonite
|-activate|p2a: Dragonite|move: Protect
|
|-weather|Snowscape|[upkeep]
|-damage|p1b: Staraptor|12/100 psn|[from] psn
|upkeep
|turn|7
|
|t:|1784407529
|move|p2a: Dragonite|Extreme Speed|p1b: Staraptor
|-damage|p1b: Staraptor|0 fnt
|faint|p1b: Staraptor
|-damage|p2a: Dragonite|90/100|[from] item: Life Orb
|move|p1a: Tyranitar|Rock Slide|p2b: Ninetales|[spread] p2a,p2b
|-supereffective|p2a: Dragonite|1
|-crit|p2a: Dragonite
|-supereffective|p2b: Ninetales|1
|-damage|p2a: Dragonite|0 fnt
|-damage|p2b: Ninetales|1/100
|faint|p2a: Dragonite
|cant|p2b: Ninetales|flinch
|
|-weather|Snowscape|[upkeep]
|upkeep
|turn|8
|
|t:|1784407541
|move|p2b: Ninetales|Protect|p2b: Ninetales
|-singleturn|p2b: Ninetales|Protect
|move|p1a: Tyranitar|Rock Slide|p2b: Ninetales
|-activate|p2b: Ninetales|move: Protect
|
|-weather|Snowscape|[upkeep]
|upkeep
|turn|9
|
|t:|1784407546
|move|p1a: Tyranitar|Rock Slide|p2b: Ninetales
|-supereffective|p2b: Ninetales|1
|-damage|p2b: Ninetales|0 fnt
|faint|p2b: Ninetales
|
|win|kk1pper1314
||VenusaurBot is ready for game 2.
|inactive|kk1pper1314 has 30 seconds to confirm battle start!
|inactive|kk1pper1314 has 20 seconds to confirm battle start!
|inactive|kk1pper1314 has 10 seconds to confirm battle start!
|uhtml|next|Next: Game 2 of 3
|l|☆kk1pper1314
|player|p1|
