|j|☆PugBurro
|j|☆yuriquars
|html|PugBurroyuriquars    
|uhtml|bestof|Game 2 of a best-of-3
|t:|1757002159
|gametype|doubles
|player|p1|PugBurro|red|
|player|p2|yuriquars|elesa|
|gen|9
|tier|[Gen 9] VGC 2025 Reg H (Bo3)
|rule|Species Clause: Limit one of each Pokémon
|rule|Item Clause: Limit 1 of each item
|clearpoke
|poke|p1|Archaludon, L50, M|
|poke|p1|Pelipper, L50, F|
|poke|p1|Basculegion, L50, M|
|poke|p1|Sneasler, L50, M|
|poke|p1|Amoonguss, L50, F|
|poke|p1|Maushold, L50|
|poke|p2|Incineroar, L50, M|
|poke|p2|Ursaluna-Bloodmoon, L50, M|
|poke|p2|Gholdengo, L50|
|poke|p2|Dragonite, L50, M|
|poke|p2|Rillaboom, L50, M|
|poke|p2|Annihilape, L50, F|
|teampreview|4
|showteam|p1|Archaludon||AssaultVest|Stamina|ElectroShot,DracoMeteor,FlashCannon,BodyPress|||M|||50|,,,,,Bug]Pelipper||CovertCloak|Drizzle|WeatherBall,Hurricane,Tailwind,Protect|||F|||50|,,,,,Steel]Basculegion||MysticWater|SwiftSwim|WaveCrash,LastRespects,AquaJet,FlipTurn|||M|||50|,,,,,Grass]Sneasler||FocusSash|Unburden|CloseCombat,DireClaw,FakeOut,Protect|||M|||50|,,,,,Stellar]Amoonguss||SitrusBerry|Regenerator|Spore,RagePowder,PollenPuff,ClearSmog|||F|||50|,,,,,Dark]Maushold||WideLens|Technician|PopulationBomb,FollowMe,Taunt,Protect||||||50|,,,,,Ghost
|showteam|p2|Incineroar||SitrusBerry|Intimidate|FlareBlitz,KnockOff,PartingShot,FakeOut|||M|||50|,,,,,Ghost]Ursaluna-Bloodmoon||AssaultVest|MindsEye|HyperVoice,BloodMoon,EarthPower,VacuumWave|||M|||50|,,,,,Normal]Gholdengo||LifeOrb|GoodasGold|MakeItRain,ShadowBall,NastyPlot,Protect||||||50|,,,,,Water]Dragonite||LoadedDice|Multiscale|ScaleShot,Tailwind,Haze,Protect|||M|||50|,,,,,Fairy]Rillaboom||MeadowPlate|GrassySurge|GrassyGlide,FakeOut,WoodHammer,HighHorsepower|||M|||50|,,,,,Fire]Annihilape||FocusSash|Defiant|RageFist,CloseCombat,Taunt,Coaching|||F|||50|,,,,,Stellar
|
|t:|1757002199
|teamsize|p1|4
|teamsize|p2|4
|start
|switch|p1a: Sneasler|Sneasler, L50, M, shiny|100/100
|switch|p1b: Amoonguss|Amoonguss, L50, F, shiny|100/100
|switch|p2a: Incineroar|Incineroar, L50, M|100/100
|switch|p2b: Annihilape|Annihilape, L50, F|100/100
|-ability|p2a: Incineroar|Intimidate|boost
|-unboost|p1a: Sneasler|atk|1
|-unboost|p1b: Amoonguss|atk|1
|turn|1
|
|t:|1757002225
|switch|p1b: Pelipper|Pelipper, L50, F, shiny|100/100
|-weather|RainDance|[from] ability: Drizzle|[of] p1b: Pelipper
|move|p1a: Sneasler|Protect|p1a: Sneasler
|-singleturn|p1a: Sneasler|Protect
|move|p2b: Annihilape|Coaching|p2a: Incineroar
|-boost|p2a: Incineroar|atk|1
|-boost|p2a: Incineroar|def|1
|move|p2a: Incineroar|Flare Blitz|p1b: Pelipper
|-resisted|p1b: Pelipper
|-damage|p1b: Pelipper|76/100
|-damage|p2a: Incineroar|95/100|[from] Recoil
|
|-weather|RainDance|[upkeep]
|upkeep
|turn|2
|
|t:|1757002250
|switch|p1a: Amoonguss|Amoonguss, L50, F, shiny|100/100
|move|p2b: Annihilape|Taunt|p1b: Pelipper
|-start|p1b: Pelipper|move: Taunt
|cant|p1b: Pelipper|move: Taunt|Tailwind
|move|p2a: Incineroar|Knock Off|p1b: Pelipper
|-damage|p1b: Pelipper|8/100
|-enditem|p1b: Pelipper|Covert Cloak|[from] move: Knock Off|[of] p2a: Incineroar
|
|-weather|RainDance|[upkeep]
|upkeep
|turn|3
|
|t:|1757002314
|switch|p2a: Gholdengo|Gholdengo, L50|100/100
|move|p1a: Amoonguss|Rage Powder|p1a: Amoonguss
|-singleturn|p1a: Amoonguss|move: Rage Powder
|move|p2b: Annihilape|Taunt|p1a: Amoonguss
|-start|p1a: Amoonguss|move: Taunt
|move|p1b: Pelipper|Weather Ball|p2a: Gholdengo
|-damage|p2a: Gholdengo|20/100
|
|-weather|RainDance|[upkeep]
|upkeep
|turn|4
|
|t:|1757002354
|switch|p1b: Sneasler|Sneasler, L50, M, shiny|100/100
|move|p2b: Annihilape|Rage Fist|p1b: Sneasler
|-damage|p1b: Sneasler|56/100
|move|p2a: Gholdengo|Nasty Plot|p2a: Gholdengo
|-boost|p2a: Gholdengo|spa|2
|move|p1a: Amoonguss|Pollen Puff|p1b: Sneasler
|-heal|p1b: Sneasler|100/100
|
|-weather|RainDance|[upkeep]
|upkeep
|turn|5
|
|t:|1757002375
|move|p1b: Sneasler|Dire Claw|p2b: Annihilape
|-resisted|p2b: Annihilape
|-damage|p2b: Annihilape|75/100
|move|p2b: Annihilape|Rage Fist|p1b: Sneasler
|-damage|p1b: Sneasler|25/100
|move|p2a: Gholdengo|Make It Rain|p1a: Amoonguss|[spread] p1a,p1b
|-damage|p1a: Amoonguss|0 fnt
|-damage|p1b: Sneasler|0 fnt
|-unboost|p2a: Gholdengo|spa|1
|faint|p1a: Amoonguss
|faint|p1b: Sneasler
|-damage|p2a: Gholdengo|11/100|[from] item: Life Orb
|
|-weather|none
|upkeep
|
|t:|1757002381
|switch|p1b: Basculegion|Basculegion, L50, M, shiny|100/100
|switch|p1a: Pelipper|Pelipper, L50, F, shiny|8/100
|-weather|RainDance|[from] ability: Drizzle|[of] p1a: Pelipper
|turn|6
|
|t:|1757002422
|-terastallize|p1b: Basculegion|Grass
|move|p1b: Basculegion|Last Respects|p2b: Annihilape
|-supereffective|p2b: Annihilape
|-damage|p2b: Annihilape|0 fnt
|faint|p2b: Annihilape
|move|p2a: Gholdengo|Shadow Ball|p1b: Basculegion
|-damage|p1b: Basculegion|9/100
|-damage|p2a: Gholdengo|1/100|[from] item: Life Orb
|move|p1a: Pelipper|Weather Ball|p2a: Gholdengo
|-damage|p2a: Gholdengo|0 fnt
|faint|p2a: Gholdengo
|
|-weather|RainDance|[upkeep]
|upkeep
|
|t:|1757002427
|switch|p2b: Dragonite|Dragonite, L50, M|100/100
|switch|p2a: Incineroar|Incineroar, L50, M|95/100
|-ability|p2a: Incineroar|Intimidate|boost
|-unboost|p1a: Pelipper|atk|1
|-unboost|p1b: Basculegion|atk|1
|turn|7
|
|t:|1757002443
|move|p2a: Incineroar|Fake Out|p1b: Basculegion
|-damage|p1b: Basculegion|0 fnt
|faint|p1b: Basculegion
|move|p2b: Dragonite|Scale Shot|p1a: Pelipper
|-damage|p1a: Pelipper|0 fnt
|faint|p1a: Pelipper
|-hitcount|p1: Pelipper|1
|
|win|yuriquars
|l|☆PugBurro
|player|p1|
|l|☆yuriquars
|player|p2|
|j|☆yuriquars
|player|p2|yuriquars|elesa|
