|j|☆lerry27
|j|☆Invencible19
|html|lerry27Invencible19    
|uhtml|bestof|Game 1 of a best-of-3
|t:|1782632790
|gametype|doubles
|player|p1|lerry27|brycen|1138
|player|p2|Invencible19|dawn-gen4pt|1166
|gen|9
|tier|[Gen 9 Champions] VGC 2026 Reg M-B (Bo3)
|rated|
|rule|Species Clause: Limit one of each Pokémon
|rule|Item Clause: Limit 1 of each item
|clearpoke
|poke|p1|Gengar, L50, M, shiny|
|poke|p1|Maushold-Four, L50|
|poke|p1|Blastoise, L50, F|
|poke|p1|Sinistcha, L50|
|poke|p1|Politoed, L50, M|
|poke|p1|Incineroar, L50, M, shiny|
|poke|p2|Metagross, L50, shiny|
|poke|p2|Garchomp, L50, F|
|poke|p2|Ninetales-Alola, L50, M, shiny|
|poke|p2|Grimmsnarl, L50, M, shiny|
|poke|p2|Aerodactyl, L50, F|
|poke|p2|Skeledirge, L50, F|
|teampreview|4
|showteam|p1|Gengar||Gengarite|CursedBody|SludgeBomb,PerishSong,ShadowBall,Protect|Modest||M|||50|]Maushold-Four||ChopleBerry|FriendGuard|FollowMe,HelpingHand,Uturn,Protect|Impish|||||50|]Blastoise||Blastoisinite|Torrent|WaterSpout,DarkPulse,ShellSmash,Protect|Modest||F|||50|]Sinistcha||KasibBerry|Hospitality|LifeDew,MatchaGotcha,RagePowder,Protect|Bold|||||50|]Politoed||SitrusBerry|Drizzle|WeatherBall,IceBeam,PerishSong,Protect|Calm||M|||50|]Incineroar||PasshoBerry|Intimidate|FakeOut,ThroatChop,PartingShot,Protect|Careful||M|||50|
|showteam|p2|Metagross||Metagrossite|ClearBody|IronHead,PsychicFangs,RockTomb,Protect|Jolly|||||50|]Garchomp||ChoiceScarf|RoughSkin|DragonClaw,Earthquake,RockSlide,StompingTantrum|Jolly||F|||50|]Ninetales-Alola||FocusSash|SnowWarning|Blizzard,Moonblast,FreezeDry,AuroraVeil|Timid||M|||50|]Grimmsnarl||IronBall|Prankster|SpiritBreak,FakeOut,Trick,PartingShot|Careful||M|||50|]Aerodactyl||Aerodactylite|Unnerve|RockSlide,DualWingbeat,Tailwind,WideGuard|Jolly||F|||50|]Skeledirge||LifeOrb|Unaware|HeatWave,ShadowBall,WillOWisp,Protect|Modest||F|||50|
|inactive|Battle timer is ON: inactive players will automatically lose when time's up. (requested by Invencible19)
|inactive|lerry27 has 60 seconds left.
|inactive|Invencible19 has 60 seconds left.
|
|t:|1782632851
|teamsize|p1|4
|teamsize|p2|4
|start
|switch|p1a: Incineroar|Incineroar, L50, M, shiny|100/100
|switch|p1b: Gengar|Gengar, L50, M, shiny|100/100
|switch|p2a: Grimmsnarl|Grimmsnarl, L50, M, shiny|100/100
|switch|p2b: Metagross|Metagross, L50, shiny|100/100
|-ability|p1a: Incineroar|Intimidate|boost
|-unboost|p2a: Grimmsnarl|atk|1
|-fail|p2b: Metagross|unboost|[from] ability: Clear Body|[of] p2b: Metagross
|turn|1
|
|t:|1782632870
|detailschange|p2b: Metagross|Metagross-Mega, L50, shiny
|-mega|p2b: Metagross|Metagross|Metagrossite
|detailschange|p1b: Gengar|Gengar-Mega, L50, M, shiny
|-mega|p1b: Gengar|Gengar|Gengarite
|move|p1a: Incineroar|Fake Out|p2b: Metagross
|-resisted|p2b: Metagross|1
|-damage|p2b: Metagross|95/100
|move|p2a: Grimmsnarl|Fake Out|p1a: Incineroar
|-damage|p1a: Incineroar|93/100
|cant|p2b: Metagross|flinch
|move|p1b: Gengar|Perish Song|p1b: Gengar
|-start|p1a: Incineroar|perish3|[silent]
|-start|p1b: Gengar|perish3|[silent]
|-start|p2a: Grimmsnarl|perish3|[silent]
|-start|p2b: Metagross|perish3|[silent]
|-fieldactivate|move: Perish Song
|
|-start|p2b: Metagross|perish3
|-start|p1b: Gengar|perish3
|-start|p1a: Incineroar|perish3
|-start|p2a: Grimmsnarl|perish3
|upkeep
|turn|2
|
|t:|1782632890
|move|p1b: Gengar|Protect|p1b: Gengar
|-singleturn|p1b: Gengar|Protect
|move|p1a: Incineroar|Protect|p1a: Incineroar
|-singleturn|p1a: Incineroar|Protect
|move|p2b: Metagross|Rock Tomb|p1a: Incineroar
|-activate|p1a: Incineroar|move: Protect
|move|p2a: Grimmsnarl|Spirit Break|p1a: Incineroar
|-activate|p1a: Incineroar|move: Protect
|
|-start|p2b: Metagross|perish2
|-start|p1b: Gengar|perish2
|-start|p1a: Incineroar|perish2
|-start|p2a: Grimmsnarl|perish2
|upkeep
|turn|3
|inactive|lerry27 has 30 seconds left.
|
|t:|1782632920
|switch|p1b: Maushold|Maushold-Four, L50|100/100
|move|p2a: Grimmsnarl|Parting Shot|p1b: Maushold
|-unboost|p1b: Maushold|atk|1
|-unboost|p1b: Maushold|spa|1
|
|t:|1782632930
|switch|p2a: Garchomp|Garchomp, L50, F|100/100|[from] Parting Shot
|move|p2b: Metagross|Psychic Fangs|p1b: Maushold
|-damage|p1b: Maushold|41/100
|move|p1a: Incineroar|Parting Shot|p2a: Garchomp
|-unboost|p2a: Garchomp|atk|1
|-unboost|p2a: Garchomp|spa|1
|
|t:|1782632940
|switch|p1a: Gengar|Gengar-Mega, L50, M, shiny|100/100|[from] Parting Shot
|
|-start|p2b: Metagross|perish1
|upkeep
|turn|4
|
|t:|1782632951
|move|p1a: Gengar|Protect|p1a: Gengar
|-singleturn|p1a: Gengar|Protect
|move|p1b: Maushold|Protect|p1b: Maushold
|-singleturn|p1b: Maushold|Protect
|move|p2a: Garchomp|Earthquake|p1a: Gengar|[spread] p2b
|-activate|p1a: Gengar|move: Protect
|-activate|p1b: Maushold|move: Protect
|-supereffective|p2b: Metagross|1
|-damage|p2b: Metagross|53/100
|move|p2b: Metagross|Psychic Fangs|p1a: Gengar
|-activate|p1a: Gengar|move: Protect
|
|-start|p2b: Metagross|perish0
|faint|p2b: Metagross
|upkeep
|
|t:|1782632958
|switch|p2b: Ninetales|Ninetales-Alola, L50, M, shiny|100/100
|-weather|Snowscape|[from] ability: Snow Warning|[of] p2b: Ninetales
|turn|5
|inactive|lerry27 has 30 seconds left.
|
|t:|1782632983
|switch|p1b: Politoed|Politoed, L50, M|100/100
|-weather|RainDance|[from] ability: Drizzle|[of] p1b: Politoed
|move|p2a: Garchomp|Earthquake|p1b: Politoed|[spread] p2b,p1a,p1b
|-crit|p2b: Ninetales
|-supereffective|p1a: Gengar|1
|-damage|p2b: Ninetales|30/100
|-damage|p1a: Gengar|44/100
|-damage|p1b: Politoed|75/100
|move|p2b: Ninetales|Blizzard|p1a: Gengar|[spread] p1a
|-miss|p2b: Ninetales|p1b: Politoed
|-damage|p1a: Gengar|18/100
|move|p1a: Gengar|Perish Song|p1a: Gengar
|-start|p1a: Gengar|perish3|[silent]
|-start|p1b: Politoed|perish3|[silent]
|-start|p2a: Garchomp|perish3|[silent]
|-start|p2b: Ninetales|perish3|[silent]
|-fieldactivate|move: Perish Song
|
|-weather|RainDance|[upkeep]
|-start|p2a: Garchomp|perish3
|-start|p2b: Ninetales|perish3
|-start|p1a: Gengar|perish3
|-start|p1b: Politoed|perish3
|upkeep
|turn|6
|
|t:|1782633004
|move|p1a: Gengar|Protect|p1a: Gengar
|-singleturn|p1a: Gengar|Protect
|move|p1b: Politoed|Protect|p1b: Politoed
|-singleturn|p1b: Politoed|Protect
|move|p2a: Garchomp|Earthquake|p1a: Gengar|[spread] p2b
|-activate|p1a: Gengar|move: Protect
|-activate|p1b: Politoed|move: Protect
|-damage|p2b: Ninetales|1/100
|move|p2b: Ninetales|Freeze-Dry|p1b: Politoed
|-activate|p1b: Politoed|move: Protect
|
|-weather|RainDance|[upkeep]
|-start|p2a: Garchomp|perish2
|-start|p2b: Ninetales|perish2
|-start|p1a: Gengar|perish2
|-start|p1b: Politoed|perish2
|upkeep
|turn|7
|inactive|lerry27 has 30 seconds left.
|
|t:|1782633034
|switch|p1a: Incineroar|Incineroar, L50, M, shiny|93/100
|-ability|p1a: Incineroar|Intimidate|boost
|-unboost|p2a: Garchomp|atk|1
|-unboost|p2b: Ninetales|atk|1
|move|p2a: Garchomp|Earthquake|p1a: Incineroar|[spread] p2b,p1a,p1b
|-supereffective|p1a: Incineroar|1
|-damage|p2b: Ninetales|0 fnt
|-damage|p1a: Incineroar|59/100
|-damage|p1b: Politoed|56/100
|faint|p2b: Ninetales
|move|p1b: Politoed|Ice Beam|p2a: Garchomp
|-supereffective|p2a: Garchomp|2
|-damage|p2a: Garchomp|13/100
|
|-weather|RainDance|[upkeep]
|-start|p2a: Garchomp|perish1
|-start|p1b: Politoed|perish1
|upkeep
|
|t:|1782633037
|switch|p2b: Grimmsnarl|Grimmsnarl, L50, M, shiny|100/100
|turn|8
|
|t:|1782633052
|switch|p1b: Maushold|Maushold-Four, L50|41/100
|move|p1a: Incineroar|Fake Out|p2b: Grimmsnarl
|-damage|p2b: Grimmsnarl|89/100
|move|p2a: Garchomp|Earthquake|p1b: Maushold|[spread] p2b,p1a,p1b
|-supereffective|p1a: Incineroar|1
|-damage|p2b: Grimmsnarl|67/100
|-damage|p1a: Incineroar|31/100
|-damage|p1b: Maushold|22/100
|cant|p2b: Grimmsnarl|flinch
|
|-weather|RainDance|[upkeep]
|-start|p2a: Garchomp|perish0
|upkeep
|faint|p2a: Garchomp
|turn|9
|
|t:|1782633077
|switch|p1b: Gengar|Gengar-Mega, L50, M, shiny|18/100
|move|p1a: Incineroar|Parting Shot|p2b: Grimmsnarl
|-unboost|p2b: Grimmsnarl|atk|1
|-unboost|p2b: Grimmsnarl|spa|1
|
|t:|1782633083
|switch|p1a: Maushold|Maushold-Four, L50|22/100|[from] Parting Shot
|move|p2b: Grimmsnarl|Spirit Break|p1b: Gengar
|-resisted|p1b: Gengar|1
|-damage|p1b: Gengar|9/100
|-unboost|p1b: Gengar|spa|1
|
|-weather|none
|upkeep
|turn|10
|
|t:|1782633094
|move|p1a: Maushold|Helping Hand|p1b: Gengar
|-singleturn|p1b: Gengar|Helping Hand|[of] p1a: Maushold
|move|p1b: Gengar|Sludge Bomb|p2b: Grimmsnarl
|-supereffective|p2b: Grimmsnarl|1
|-damage|p2b: Grimmsnarl|0 fnt
|faint|p2b: Grimmsnarl
|
|win|lerry27
||Invencible19 is ready for game 2.
|inactive|lerry27 has 30 seconds to confirm battle start!
||lerry27 is ready for game 2.
|uhtml|next|Next: Game 2 of 3
|l|☆Invencible19
|player|p2|
