|j|☆NullVGC1
|j|☆leaderteam
|html|NullVGC1leaderteam    
|uhtml|bestof|Game 1 of a best-of-3
|t:|1784070506
|gametype|doubles
|player|p1|NullVGC1|red|1063
|player|p2|leaderteam|lady-gen4|1000
|gen|9
|tier|[Gen 9 Champions] VGC 2026 Reg M-B (Bo3)
|rated|
|rule|Species Clause: Limit one of each Pokémon
|rule|Item Clause: Limit 1 of each item
|clearpoke
|poke|p1|Banette, L50, M|
|poke|p1|Kingambit, L50, M|
|poke|p1|Torkoal, L50, M|
|poke|p1|Sinistcha-Masterpiece, L50|
|poke|p1|Incineroar, L50, F|
|poke|p1|Farigiraf, L50, F|
|poke|p2|Delphox, L50, M|
|poke|p2|Meowstic, L50, M|
|poke|p2|Orthworm, L50, F|
|poke|p2|Rotom-Wash, L50|
|poke|p2|Milotic, L50, F|
|poke|p2|Garchomp, L50, F|
|teampreview|4
|showteam|p1|Banette||Banettite|Insomnia|Poltergeist,WillOWisp,ShadowSneak,Protect|Brave||M|||50|]Kingambit||ChopleBerry|Defiant|KowtowCleave,IronHead,Protect,SuckerPunch|Careful||M|||50|]Torkoal||Charcoal|Drought|Eruption,EarthPower,Protect,WeatherBall|Modest||M|||50|]Sinistcha-Masterpiece||ColburBerry|Hospitality|RagePowder,MatchaGotcha,TrickRoom,Protect|Bold|||||50|]Incineroar||Leftovers|Intimidate|FakeOut,FlareBlitz,ThroatChop,PartingShot|Careful||F|||50|]Farigiraf||SitrusBerry|ArmorTail|TrickRoom,Psychic,Thunderbolt,Protect|Bold||F|||50|
|showteam|p2|Delphox||Delphoxite|Magician|ExpandingForce,Hypnosis,HeatWave,Protect|Modest||M|||50|]Meowstic||FocusSash|Prankster|PsychicTerrain,Gravity,Protect,ExpandingForce|Calm||M|||50|]Orthworm||Leftovers|EarthEater|ShedTail,HeavySlam,BodyPress,IronDefense|Careful||F|||50|]Rotom-Wash||MysticWater|Levitate|Trick,Electroweb,Thunderbolt,HydroPump|Timid|||||50|]Milotic||SitrusBerry|MarvelScale|Hypnosis,HydroPump,HelpingHand,Protect|Calm||F|||50|]Garchomp||WhiteHerb|RoughSkin|ScaleShot,SwordsDance,Earthquake,Protect|Jolly||F|||50|
|inactive|Battle timer is ON: inactive players will automatically lose when time's up. (requested by NullVGC1)
|
|t:|1784070537
|teamsize|p1|4
|teamsize|p2|4
|start
|switch|p1a: Incineroar|Incineroar, L50, F|100/100
|switch|p1b: Banette|Banette, L50, M|100/100
|switch|p2a: Meowstic|Meowstic, L50, M|100/100
|switch|p2b: Milotic|Milotic, L50, F|100/100
|-ability|p1a: Incineroar|Intimidate|boost
|-unboost|p2a: Meowstic|atk|1
|-unboost|p2b: Milotic|atk|1
|turn|1
|inactive|NullVGC1 has 30 seconds left.
|inactive|NullVGC1 has 20 seconds left.
|
|t:|1784070577
|detailschange|p1b: Banette|Banette-Mega, L50, M
|-mega|p1b: Banette|Banette|Banettite
|move|p1a: Incineroar|Fake Out|p2a: Meowstic
|-damage|p2a: Meowstic|87/100
|cant|p2a: Meowstic|flinch
|move|p2b: Milotic|Hypnosis|p1b: Banette|[miss]
|-miss|p2b: Milotic|p1b: Banette
|move|p1b: Banette|Poltergeist|p2a: Meowstic|[miss]
|-miss|p1b: Banette|p2a: Meowstic
|
|upkeep
|turn|2
|
|t:|1784070599
|move|p2a: Meowstic|Gravity|p2a: Meowstic
|-fieldstart|move: Gravity
|move|p2b: Milotic|Hypnosis|p1b: Banette
|-status|p1b: Banette|slp|[from] move: Hypnosis
|cant|p1b: Banette|slp
|move|p1a: Incineroar|Parting Shot|p2b: Milotic
|-unboost|p2b: Milotic|atk|1
|-unboost|p2b: Milotic|spa|1
|
|t:|1784070614
|switch|p1a: Farigiraf|Farigiraf, L50, F|100/100|[from] Parting Shot
|
|upkeep
|turn|3
|
|t:|1784070626
|-curestatus|p1b: Banette|slp|[msg]
|move|p1b: Banette|Protect|p1b: Banette
|-singleturn|p1b: Banette|Protect
|move|p2a: Meowstic|Psychic Terrain|p2a: Meowstic
|-fieldstart|move: Psychic Terrain
|move|p2b: Milotic|Hydro Pump|p1b: Banette
|-activate|p1b: Banette|move: Protect
|move|p1a: Farigiraf|Trick Room|p1a: Farigiraf
|-fieldstart|move: Trick Room|[of] p1a: Farigiraf
|
|upkeep
|turn|4
|
|t:|1784070642
|move|p2b: Milotic|Helping Hand|p2a: Meowstic
|-singleturn|p2a: Meowstic|Helping Hand|[of] p2b: Milotic
|move|p1a: Farigiraf|Thunderbolt|p2b: Milotic
|-supereffective|p2b: Milotic|1
|-damage|p2b: Milotic|68/100
|move|p1b: Banette|Poltergeist|p2a: Meowstic
|-activate|p2a: Meowstic|move: Poltergeist|Focus Sash
|-supereffective|p2a: Meowstic|1
|-damage|p2a: Meowstic|0 fnt
|faint|p2a: Meowstic
|
|upkeep
|
|t:|1784070655
|switch|p2a: Rotom|Rotom-Wash, L50|100/100
|turn|5
|inactive|NullVGC1 has 30 seconds left.
|
|t:|1784070688
|move|p1a: Farigiraf|Thunderbolt|p2a: Rotom
|-damage|p2a: Rotom|71/100
|move|p1b: Banette|Poltergeist|p2b: Milotic
|-activate|p2b: Milotic|move: Poltergeist|Sitrus Berry
|-damage|p2b: Milotic|0 fnt
|faint|p2b: Milotic
|move|p2a: Rotom|Trick|p1a: Farigiraf
|-activate|p2a: Rotom|move: Trick|[of] p1a: Farigiraf
|-item|p1a: Farigiraf|Mystic Water|[from] move: Trick
|-item|p2a: Rotom|Sitrus Berry|[from] move: Trick
|
|upkeep
|
|t:|1784070698
|switch|p2b: Garchomp|Garchomp, L50, F|100/100
|turn|6
|inactive|NullVGC1 has 30 seconds left.
|
|t:|1784070727
|move|p1a: Farigiraf|Thunderbolt|p2a: Rotom
|-damage|p2a: Rotom|40/100
|-enditem|p2a: Rotom|Sitrus Berry|[eat]
|-heal|p2a: Rotom|65/100|[from] item: Sitrus Berry
|move|p1b: Banette|Poltergeist|p2b: Garchomp
|-activate|p2b: Garchomp|move: Poltergeist|White Herb
|-damage|p2b: Garchomp|30/100
|move|p2a: Rotom|Hydro Pump|p1b: Banette
|-damage|p1b: Banette|43/100
|move|p2b: Garchomp|Swords Dance|p2b: Garchomp
|-boost|p2b: Garchomp|atk|2
|
|-fieldend|move: Gravity
|upkeep
|turn|7
|inactive|NullVGC1 has 30 seconds left.
|inactive|leaderteam has 30 seconds left.
|
|t:|1784070757
|move|p2b: Garchomp|Protect|p2b: Garchomp
|-singleturn|p2b: Garchomp|Protect
|move|p1b: Banette|Shadow Sneak|p2a: Rotom
|-hint|Psychic Terrain doesn't affect airborne Pokémon.
|-damage|p2a: Rotom|36/100
|move|p1a: Farigiraf|Psychic|p2a: Rotom
|-damage|p2a: Rotom|0 fnt
|faint|p2a: Rotom
|
|-fieldend|move: Trick Room
|-fieldend|move: Psychic Terrain
|upkeep
|turn|8
|
|t:|1784070778
|move|p1b: Banette|Protect|p1b: Banette
|-singleturn|p1b: Banette|Protect
|move|p2b: Garchomp|Earthquake|p1b: Banette|[spread] p1a
|-activate|p1b: Banette|move: Protect
|-damage|p1a: Farigiraf|36/100
|move|p1a: Farigiraf|Trick Room|p1a: Farigiraf
|-fieldstart|move: Trick Room|[of] p1a: Farigiraf
|
|upkeep
|turn|9
|-message|leaderteam forfeited.
|
|win|NullVGC1
|l|☆leaderteam
|player|p2|
|raw|NullVGC1's rating: 1063 → 1088(+25 for winning)
|raw|leaderteam's rating: 1000 → 1000(+0 for losing)
