|j|☆bunii on spotify
|j|☆Chandeliere
|html|bunii on spotifyChandeliere    
|uhtml|bestof|Game 3 of a best-of-3
|t:|1756518388
|gametype|doubles
|player|p1|bunii on spotify|dawn|1060
|player|p2|Chandeliere|ethan|1087
|gen|9
|tier|[Gen 9] VGC 2025 Reg H (Bo3)
|rated|
|rule|Species Clause: Limit one of each Pokémon
|rule|Item Clause: Limit 1 of each item
|clearpoke
|poke|p1|Gholdengo, L50|
|poke|p1|Sneasler, L50, M|
|poke|p1|Rillaboom, L50, M|
|poke|p1|Dragonite, L50, F|
|poke|p1|Ninetales-Alola, L50, M|
|poke|p1|Arcanine-Hisui, L50, F|
|poke|p2|Incineroar, L50, M|
|poke|p2|Dragonite, L50, F|
|poke|p2|Porygon2, L50|
|poke|p2|Ursaluna-Bloodmoon, L50, M|
|poke|p2|Ninetales-Alola, L50, F|
|poke|p2|Annihilape, L50, M|
|teampreview|4
|showteam|p1|Gholdengo||GrassySeed|GoodasGold|NastyPlot,MakeItRain,ShadowBall,Protect||||||50|,,,,,Water]Sneasler||WhiteHerb|Unburden|CloseCombat,DireClaw,Coaching,Protect|||M|||50|,,,,,Ghost]Rillaboom||AssaultVest|GrassySurge|FakeOut,GrassyGlide,DrumBeating,HighHorsepower|||M|||50|,,,,,Fire]Dragonite||LoadedDice|Multiscale|ScaleShot,StompingTantrum,Haze,Protect|||F|||50|,,,,,Ground]Ninetales-Alola||FocusSash|SnowWarning|Blizzard,IcyWind,Encore,AuroraVeil|||M|||50|,,,,,Ghost]Arcanine-Hisui||ClearAmulet|Intimidate|RockSlide,FlareBlitz,ExtremeSpeed,Protect|||F|||50|,,,,,Water
|showteam|p2|Incineroar||ChopleBerry|Intimidate|FlareBlitz,KnockOff,FakeOut,PartingShot|||M|||50|,,,,,Grass]Dragonite||LoadedDice|Multiscale|ScaleShot,Tailwind,Haze,Protect|||F|||50|,,,,,Steel]Porygon2||Eviolite|Download|TeraBlast,IceBeam,Recover,TrickRoom||||||50|,,,,,Fighting]Ursaluna-Bloodmoon||AssaultVest|MindsEye|HyperVoice,BloodMoon,VacuumWave,EarthPower|||M|||50|,,,,,Water]Ninetales-Alola||LightClay|SnowWarning|IcicleSpear,Encore,IcyWind,AuroraVeil|||F|||50|,,,,,Ghost]Annihilape||SafetyGoggles|Defiant|DrainPunch,RageFist,BulkUp,Protect|||M|||50|,,,,,Fire
|j| We_Are_Toasted
|
|t:|1756518411
|teamsize|p1|4
|teamsize|p2|4
|start
|switch|p1a: Dragonite|Dragonite, L50, F|100/100
|switch|p1b: Sneasler|Sneasler, L50, M|100/100
|switch|p2a: Ninetales|Ninetales-Alola, L50, F|100/100
|switch|p2b: Annihilape|Annihilape, L50, M|100/100
|-weather|Snowscape|[from] ability: Snow Warning|[of] p2a: Ninetales
|turn|1
|
|t:|1756518436
|-terastallize|p2a: Ninetales|Ghost
|-terastallize|p1a: Dragonite|Ground
|move|p2a: Ninetales|Icy Wind|p1b: Sneasler|[spread] p1a,p1b
|-supereffective|p1a: Dragonite
|-damage|p1a: Dragonite|88/100
|-damage|p1b: Sneasler|85/100
|-unboost|p1a: Dragonite|spe|1
|-unboost|p1b: Sneasler|spe|1
|-enditem|p1b: Sneasler|White Herb
|-clearnegativeboost|p1b: Sneasler|[silent]
|move|p1b: Sneasler|Coaching|p1a: Dragonite
|-boost|p1a: Dragonite|atk|1
|-boost|p1a: Dragonite|def|1
|move|p2b: Annihilape|Bulk Up|p2b: Annihilape
|-boost|p2b: Annihilape|atk|1
|-boost|p2b: Annihilape|def|1
|move|p1a: Dragonite|Scale Shot|p2b: Annihilape
|-damage|p2b: Annihilape|86/100
|-damage|p2b: Annihilape|70/100
|-crit|p2b: Annihilape
|-damage|p2b: Annihilape|35/100
|-damage|p2b: Annihilape|19/100
|-hitcount|p2b: Annihilape|4
|-unboost|p1a: Dragonite|def|1
|-boost|p1a: Dragonite|spe|1
|
|-weather|Snowscape|[upkeep]
|upkeep
|turn|2
|
|t:|1756518470
|move|p2b: Annihilape|Protect|p2b: Annihilape
|-singleturn|p2b: Annihilape|Protect
|move|p1b: Sneasler|Dire Claw|p2b: Annihilape
|-activate|p2b: Annihilape|move: Protect
|move|p2a: Ninetales|Icy Wind|p1b: Sneasler|[spread] p1a,p1b
|-supereffective|p1a: Dragonite
|-damage|p1a: Dragonite|62/100
|-damage|p1b: Sneasler|70/100
|-unboost|p1a: Dragonite|spe|1
|-unboost|p1b: Sneasler|spe|1
|move|p1a: Dragonite|Scale Shot|p2a: Ninetales
|-damage|p2a: Ninetales|73/100
|-damage|p2a: Ninetales|44/100
|-damage|p2a: Ninetales|16/100
|-damage|p2a: Ninetales|0 fnt
|faint|p2a: Ninetales
|-hitcount|p2: Ninetales|4
|-unboost|p1a: Dragonite|def|1
|-boost|p1a: Dragonite|spe|1
|
|-weather|Snowscape|[upkeep]
|upkeep
|
|t:|1756518489
|switch|p2a: Incineroar|Incineroar, L50, M|100/100
|-ability|p2a: Incineroar|Intimidate|boost
|-unboost|p1a: Dragonite|atk|1
|-unboost|p1b: Sneasler|atk|1
|turn|3
|l| We_Are_Toasted
|
|t:|1756518517
|move|p1b: Sneasler|Protect|p1b: Sneasler
|-singleturn|p1b: Sneasler|Protect
|move|p1a: Dragonite|Protect|p1a: Dragonite
|-singleturn|p1a: Dragonite|Protect
|move|p2a: Incineroar|Fake Out|p1b: Sneasler
|-activate|p1b: Sneasler|move: Protect
|move|p2b: Annihilape|Drain Punch|p1a: Dragonite
|-activate|p1a: Dragonite|move: Protect
|
|-weather|Snowscape|[upkeep]
|upkeep
|turn|4
|
|t:|1756518538
|switch|p1a: Rillaboom|Rillaboom, L50, M|100/100
|-fieldstart|move: Grassy Terrain|[from] ability: Grassy Surge|[of] p1a: Rillaboom
|move|p2b: Annihilape|Protect|p2b: Annihilape
|-singleturn|p2b: Annihilape|Protect
|move|p1b: Sneasler|Dire Claw|p2b: Annihilape
|-activate|p2b: Annihilape|move: Protect
|move|p2a: Incineroar|Knock Off|p1a: Rillaboom
|-damage|p1a: Rillaboom|57/100
|-enditem|p1a: Rillaboom|Assault Vest|[from] move: Knock Off|[of] p2a: Incineroar
|
|-weather|Snowscape|[upkeep]
|-heal|p1b: Sneasler|76/100|[from] Grassy Terrain
|-heal|p2b: Annihilape|25/100|[from] Grassy Terrain
|-heal|p1a: Rillaboom|63/100|[from] Grassy Terrain
|upkeep
|turn|5
|
|t:|1756518573
|move|p1a: Rillaboom|Grassy Glide|p2b: Annihilape
|-damage|p2b: Annihilape|2/100
|move|p1b: Sneasler|Dire Claw|p2b: Annihilape
|-resisted|p2b: Annihilape
|-damage|p2b: Annihilape|0 fnt
|faint|p2b: Annihilape
|move|p2a: Incineroar|Flare Blitz|p1b: Sneasler
|-damage|p1b: Sneasler|11/100
|-damage|p2a: Incineroar|81/100|[from] Recoil
|
|-weather|none
|-heal|p1b: Sneasler|17/100|[from] Grassy Terrain
|-heal|p1a: Rillaboom|69/100|[from] Grassy Terrain
|-heal|p2a: Incineroar|87/100|[from] Grassy Terrain
|upkeep
|
|t:|1756518585
|switch|p2b: Dragonite|Dragonite, L50, F|100/100
|turn|6
|
|t:|1756518610
|move|p1b: Sneasler|Dire Claw|p2b: Dragonite
|-damage|p2b: Dragonite|86/100
|-status|p2b: Dragonite|slp
|move|p1a: Rillaboom|Drum Beating|p2b: Dragonite
|-resisted|p2b: Dragonite
|-damage|p2b: Dragonite|73/100 slp
|-unboost|p2b: Dragonite|spe|1
|move|p2a: Incineroar|Flare Blitz|p1b: Sneasler
|-damage|p1b: Sneasler|0 fnt
|faint|p1b: Sneasler
|-damage|p2a: Incineroar|82/100|[from] Recoil
|cant|p2b: Dragonite|slp
|
|-heal|p1a: Rillaboom|75/100|[from] Grassy Terrain
|-heal|p2a: Incineroar|88/100|[from] Grassy Terrain
|upkeep
|
|t:|1756518621
|switch|p1b: Dragonite|Dragonite, L50, F, tera:Ground|62/100
|turn|7
|
|t:|1756518676
|move|p1a: Rillaboom|High Horsepower|p2a: Incineroar
|-supereffective|p2a: Incineroar
|-damage|p2a: Incineroar|33/100
|move|p1b: Dragonite|Stomping Tantrum|p2a: Incineroar
|-supereffective|p2a: Incineroar
|-damage|p2a: Incineroar|0 fnt
|faint|p2a: Incineroar
|-curestatus|p2b: Dragonite|slp|[msg]
|move|p2b: Dragonite|Tailwind|p2b: Dragonite
|-sidestart|p2: Chandeliere|move: Tailwind
|
|-heal|p1a: Rillaboom|80/100|[from] Grassy Terrain
|-heal|p1b: Dragonite|68/100|[from] Grassy Terrain
|upkeep
|turn|8
|
|t:|1756518695
|move|p1b: Dragonite|Protect|p1b: Dragonite
|-singleturn|p1b: Dragonite|Protect
|move|p2b: Dragonite|Scale Shot|p1a: Rillaboom
|-damage|p1a: Rillaboom|64/100
|-damage|p1a: Rillaboom|49/100
|-damage|p1a: Rillaboom|33/100
|-damage|p1a: Rillaboom|17/100
|-hitcount|p1a: Rillaboom|4
|-unboost|p2b: Dragonite|def|1
|-boost|p2b: Dragonite|spe|1
|move|p1a: Rillaboom|Drum Beating|p2b: Dragonite
|-resisted|p2b: Dragonite
|-damage|p2b: Dragonite|52/100
|-unboost|p2b: Dragonite|spe|1
|
|-heal|p1a: Rillaboom|23/100|[from] Grassy Terrain
|-heal|p1b: Dragonite|74/100|[from] Grassy Terrain
|-fieldend|move: Grassy Terrain
|upkeep
|turn|9
|
|t:|1756518712
|move|p2b: Dragonite|Scale Shot|p1b: Dragonite
|-damage|p1b: Dragonite|57/100
|-damage|p1b: Dragonite|41/100
|-damage|p1b: Dragonite|23/100
|-damage|p1b: Dragonite|7/100
|-damage|p1b: Dragonite|0 fnt
|faint|p1b: Dragonite
|-hitcount|p1: Dragonite|5
|-unboost|p2b: Dragonite|def|1
|-boost|p2b: Dragonite|spe|1
|move|p1a: Rillaboom|Drum Beating|p2b: Dragonite
|-resisted|p2b: Dragonite
|-damage|p2b: Dragonite|33/100
|-unboost|p2b: Dragonite|spe|1
|
|upkeep
|
|t:|1756518716
|switch|p1b: Gholdengo|Gholdengo, L50, shiny|100/100
|turn|10
|
|t:|1756518728
|move|p2b: Dragonite|Scale Shot|p1a: Rillaboom
|-damage|p1a: Rillaboom|7/100
|-damage|p1a: Rillaboom|0 fnt
|faint|p1a: Rillaboom
|-hitcount|p1: Rillaboom|2
|-unboost|p2b: Dragonite|def|1
|-boost|p2b: Dragonite|spe|1
|move|p1b: Gholdengo|Shadow Ball|p2b: Dragonite
|-damage|p2b: Dragonite|0 fnt
|faint|p2b: Dragonite
|
|win|bunii on spotify
|raw|bunii on spotify's rating: 1060 → 1093(+33 for winning)
|raw|Chandeliere's rating: 1087 → 1062(-25 for losing)
|c|☆bunii on spotify|gg
|c|☆Chandeliere|there is just nothing to be done
|c|☆bunii on spotify|wdy
|c|☆bunii on spotify|wdym
|c|☆Chandeliere|i have been slept by dire claw 11 times today, paralyzed 5 times, and frozen by ice beam/blizzard three times. i have played 5 matches only. there is nothing to be done
|c|☆bunii on spotify|welp that’s unfortunate
|c|☆bunii on spotify|that’s reg h for you
|c|☆bunii on spotify|skill issue imo
|c|☆Chandeliere|correct
|c|☆Chandeliere|that was the wake up call i needed bunni. i just need to simply be better and ill never be statused again
|c|☆Chandeliere|thank you
|c|☆bunii on spotify|yw
|c|☆bunii on spotify|go out there n slam the next bo3
|c|☆bunii on spotify|listen to my music while u do so :3
