|j|☆Arthuro145
|j|☆2BStellar
|html|Arthuro1452BStellar    
|uhtml|bestof|Game 3 of a best-of-3
|t:|1785946462
|gametype|doubles
|player|p1|Arthuro145|170|1189
|player|p2|2BStellar|hilbert-wonderlauncher|1167
|gen|9
|tier|[Gen 9 Champions] VGC 2026 Reg M-B (Bo3)
|rated|
|rule|Species Clause: Limit one of each Pokémon
|rule|Item Clause: Limit 1 of each item
|clearpoke
|poke|p1|Scovillain, L50, F|
|poke|p1|Froslass, L50, F|
|poke|p1|Lycanroc-Dusk, L50, M|
|poke|p1|Basculegion, L50, M|
|poke|p1|Sneasler, L50, M|
|poke|p1|Kingambit, L50, F|
|poke|p2|Sylveon, L50, F, shiny|
|poke|p2|Garchomp, L50, M, shiny|
|poke|p2|Kingambit, L50, M, shiny|
|poke|p2|Charizard, L50, M, shiny|
|poke|p2|Aerodactyl, L50, M, shiny|
|poke|p2|Farigiraf, L50, F, shiny|
|teampreview|4
|showteam|p1|Scovillain||Scovillainite|Moody|Overheat,RagePowder,Protect,GigaDrain|Bold||F|||50|]Froslass||Froslassite|SnowCloak|Blizzard,ShadowBall,Protect,AuroraVeil|Timid||F|||50|]Lycanroc-Dusk||FocusSash|ToughClaws|Accelerock,RockSlide,CloseCombat,Protect|Jolly||M|||50|]Basculegion||ColburBerry|Adaptability|Protect,WaveCrash,AquaJet,LastRespects|Adamant||M|||50|]Sneasler||WhiteHerb|Unburden|FakeOut,DireClaw,CloseCombat,Protect|Jolly||M|||50|]Kingambit||BlackGlasses|Defiant|KowtowCleave,SuckerPunch,SwordsDance,Protect|Adamant||F|||50|
|showteam|p2|Sylveon||FairyFeather|Pixilate|Detect,HyperVoice,QuickAttack,HyperBeam|Modest||F|||50|]Garchomp||ChoiceScarf|RoughSkin|StompingTantrum,Earthquake,DragonClaw,StoneEdge|Adamant||M|||50|]Kingambit||LifeOrb|Defiant|SuckerPunch,KowtowCleave,IronHead,BrickBreak|Adamant||M|||50|]Charizard||CharizarditeY|Blaze|Protect,HeatWave,SolarBeam,WeatherBall|Modest||M|||50|]Aerodactyl||Aerodactylite|RockHead|Tailwind,RockSlide,WideGuard,DualWingbeat|Jolly||M|||50|]Farigiraf||SitrusBerry|ArmorTail|Protect,Thunderbolt,TwinBeam,TrickRoom|Bold||F|||50|
|inactive|Battle timer is ON: inactive players will automatically lose when time's up. (requested by Arthuro145)
|
|t:|1785946541
|teamsize|p1|4
|teamsize|p2|4
|start
|switch|p1a: Froslass|Froslass, L50, F|100/100
|switch|p1b: Lycanroc|Lycanroc-Dusk, L50, M|100/100
|switch|p2a: AAAAAA|Aerodactyl, L50, M, shiny|100/100
|switch|p2b: e4e5f4|Kingambit, L50, M, shiny|100/100
|turn|1
|inactive|2BStellar has 30 seconds left.
|inactive|Arthuro145 has 30 seconds left.
|inactive|2BStellar has 20 seconds left.
|inactive|2BStellar has 15 seconds left.
|inactive|2BStellar has 10 seconds left.
|inactive|2BStellar has 5 seconds left.
|
|t:|1785946594
|detailschange|p1a: Froslass|Froslass-Mega, L50, F
|-mega|p1a: Froslass|Froslass|Froslassite
|-weather|Snowscape|[from] ability: Snow Warning|[of] p1a: Froslass
|move|p2a: AAAAAA|Tailwind|p2a: AAAAAA
|-sidestart|p2: 2BStellar|move: Tailwind
|move|p1a: Froslass|Aurora Veil|p1a: Froslass
|-sidestart|p1: Arthuro145|move: Aurora Veil
|move|p2b: e4e5f4|Kowtow Cleave|p1a: Froslass
|-supereffective|p1a: Froslass|1
|-damage|p1a: Froslass|12/100
|-damage|p2b: e4e5f4|90/100|[from] item: Life Orb
|move|p1b: Lycanroc|Close Combat|p2b: e4e5f4
|-supereffective|p2b: e4e5f4|2
|-damage|p2b: e4e5f4|0 fnt
|-unboost|p1b: Lycanroc|def|1
|-unboost|p1b: Lycanroc|spd|1
|faint|p2b: e4e5f4
|
|-weather|Snowscape|[upkeep]
|upkeep
|
|t:|1785946610
|switch|p2b: zzzzzz|Charizard, L50, M, shiny|100/100
|turn|2
|
|t:|1785946627
|detailschange|p2b: zzzzzz|Charizard-Mega-Y, L50, M, shiny
|-mega|p2b: zzzzzz|Charizard|Charizardite Y
|-weather|SunnyDay|[from] ability: Drought|[of] p2b: zzzzzz
|move|p1a: Froslass|Protect|p1a: Froslass
|-singleturn|p1a: Froslass|Protect
|move|p1b: Lycanroc|Protect|p1b: Lycanroc
|-singleturn|p1b: Lycanroc|Protect
|move|p2a: AAAAAA|Rock Slide|p1b: Lycanroc|[spread] 
|-activate|p1a: Froslass|move: Protect
|-activate|p1b: Lycanroc|move: Protect
|move|p2b: zzzzzz|Solar Beam||[still]
|-prepare|p2b: zzzzzz|Solar Beam
|-anim|p2b: zzzzzz|Solar Beam|p1b: Lycanroc
|-activate|p1b: Lycanroc|move: Protect
|
|-weather|SunnyDay|[upkeep]
|upkeep
|turn|3
|
|t:|1785946644
|switch|p1a: Basculegion|Basculegion, L50, M|100/100
|move|p1b: Lycanroc|Accelerock|p2b: zzzzzz
|-supereffective|p2b: zzzzzz|2
|-damage|p2b: zzzzzz|6/100
|move|p2a: AAAAAA|Rock Slide|p1a: Basculegion|[spread] p1a,p1b
|-damage|p1a: Basculegion|81/100
|-damage|p1b: Lycanroc|62/100
|move|p2b: zzzzzz|Solar Beam||[still]
|-prepare|p2b: zzzzzz|Solar Beam
|-anim|p2b: zzzzzz|Solar Beam|p1b: Lycanroc
|-supereffective|p1b: Lycanroc|1
|-damage|p1b: Lycanroc|0 fnt
|faint|p1b: Lycanroc
|
|-weather|SunnyDay|[upkeep]
|upkeep
|
|t:|1785946658
|switch|p1b: Froslass|Froslass-Mega, L50, F|12/100
|-weather|Snowscape|[from] ability: Snow Warning|[of] p1b: Froslass
|turn|4
|inactive|Arthuro145 has 30 seconds left.
|
|t:|1785946690
|switch|p2b: giraf|Farigiraf, L50, F, shiny|100/100
|move|p2a: AAAAAA|Rock Slide|p1b: Froslass|[spread] p1a,p1b
|-supereffective|p1b: Froslass|1
|-damage|p1a: Basculegion|64/100
|-damage|p1b: Froslass|0 fnt
|faint|p1b: Froslass
|move|p1a: Basculegion|Wave Crash|p2a: AAAAAA
|-supereffective|p2a: AAAAAA|1
|-damage|p2a: AAAAAA|0 fnt
|faint|p2a: AAAAAA
|-damage|p1a: Basculegion|40/100|[from] Recoil
|
|-weather|Snowscape|[upkeep]
|-sideend|p2: 2BStellar|move: Tailwind
|upkeep
|
|t:|1785946702
|switch|p2a: zzzzzz|Charizard-Mega-Y, L50, M, shiny|6/100
|switch|p1b: Sneasler|Sneasler, L50, M|100/100
|-weather|SunnyDay|[from] ability: Drought|[of] p2a: zzzzzz
|turn|5
|c|☆Arthuro145|Kill all zards fr
|inactive|Arthuro145 has 30 seconds left.
|inactive|2BStellar has 30 seconds left.
|inactive|Arthuro145 has 20 seconds left.
|inactive|2BStellar has 20 seconds left.
|inactive|Arthuro145 has 15 seconds left.
|inactive|Arthuro145 has 10 seconds left.
|
|t:|1785946748
|move|p2b: giraf|Protect|p2b: giraf
|-singleturn|p2b: giraf|Protect
|move|p1b: Sneasler|Close Combat|p2b: giraf
|-activate|p2b: giraf|move: Protect
|move|p2a: zzzzzz|Solar Beam||[still]
|-prepare|p2a: zzzzzz|Solar Beam
|-anim|p2a: zzzzzz|Solar Beam|p1a: Basculegion
|-supereffective|p1a: Basculegion|1
|-damage|p1a: Basculegion|0 fnt
|faint|p1a: Basculegion
|
|-weather|SunnyDay|[upkeep]
|-sideend|p1: Arthuro145|move: Aurora Veil
|upkeep
|turn|6
|
|t:|1785946763
|move|p1b: Sneasler|Close Combat|p2b: giraf
|-damage|p2b: giraf|52/100
|-unboost|p1b: Sneasler|def|1
|-unboost|p1b: Sneasler|spd|1
|-enditem|p1b: Sneasler|White Herb
|-clearnegativeboost|p1b: Sneasler|[silent]
|move|p2a: zzzzzz|Weather Ball|p1b: Sneasler
|-damage|p1b: Sneasler|0 fnt
|faint|p1b: Sneasler
|
|win|2BStellar
|raw|Arthuro145's rating: 1189 → 1162(-27 for losing)
|raw|2BStellar's rating: 1167 → 1194(+27 for winning)
|c|☆2BStellar|ggs
|c|☆2BStellar|wp
|c|☆2BStellar|quick question
|c|☆2BStellar|anything u think i coulda done better?
|c|☆2BStellar|and yes fat zard
|c|☆Arthuro145|Appart from the end that was just gambling idk
|c|☆2BStellar|fair ig
|c|☆2BStellar|btw
|c|☆Arthuro145|What
|c|☆2BStellar|why didn't you switch out the lycanroc for sneasler
|c|☆Arthuro145|When
|c|☆2BStellar|i feel like solar beam was so obv
|c|☆2BStellar|turn 3 i think
|c|☆Arthuro145|Because it should kill
|c|☆Arthuro145|The accelerock
|l|☆Arthuro145
|player|p1|
|c|☆2BStellar|well nowdays fat zard is the standard
|j|☆Arthuro145
|player|p1|Arthuro145|170|
|c|☆2BStellar|cybertron has a vid on pop teams
|c|☆2BStellar|check it out if you haven't
|c|☆2BStellar|gtg tho so cya
