|j|☆AndrewsWho
|j|☆rodjilius
|html|AndrewsWhorodjilius    
|uhtml|bestof|Game 2 of a best-of-3
|t:|1757938938
|gametype|doubles
|player|p1|AndrewsWho|170|1335
|player|p2|rodjilius|unknown|1338
|gen|9
|tier|[Gen 9] VGC 2025 Reg H (Bo3)
|rated|
|rule|Species Clause: Limit one of each Pokémon
|rule|Item Clause: Limit 1 of each item
|clearpoke
|poke|p1|Dragonite, L50, M|
|poke|p1|Gholdengo, L50|
|poke|p1|Archaludon, L50, M|
|poke|p1|Pelipper, L50, F|
|poke|p1|Ursaluna, L50, M|
|poke|p1|Sinistcha, L50|
|poke|p2|Dragapult, L50, F|
|poke|p2|Sneasler, L50, M|
|poke|p2|Indeedee, L50, M|
|poke|p2|Incineroar, L50, M|
|poke|p2|Typhlosion-Hisui, L50, F|
|poke|p2|Whimsicott, L50, F|
|teampreview|4
|showteam|p1|Dragonite||LoadedDice|Multiscale|ScaleShot,Tailwind,Haze,Protect|||M|||50|,,,,,Fairy]Gholdengo||ChoiceScarf|GoodasGold|MakeItRain,ShadowBall,Trick,TeraBlast||||||50|,,,,,Water]Archaludon||AssaultVest|Stamina|ElectroShot,FlashCannon,BodyPress,Snarl|||M|||50|,,,,,Bug]Pelipper||SafetyGoggles|Drizzle|MuddyWater,Hurricane,WideGuard,Protect|||F|||50|,,,,,Ground]Ursaluna||FlameOrb|Guts|Earthquake,Facade,HeadlongRush,Protect|||M|||50|,,,,,Ghost]Sinistcha||SitrusBerry|Hospitality|MatchaGotcha,RagePowder,TrickRoom,LifeDew||||||50|,,,,,Dark
|showteam|p2|Dragapult||ChoiceBand|ClearBody|DragonDarts,PhantomForce,Uturn,Outrage|||F|||50|,,,,,Dragon]Sneasler||PsychicSeed|Unburden|DireClaw,CloseCombat,Protect,ThroatChop|||M|||50|,,,,,Dark]Indeedee||FocusSash|PsychicSurge|ExpandingForce,Imprison,TeraBlast,TrickRoom|||M|||50|,,,,,Ground]Incineroar||SafetyGoggles|Intimidate|FakeOut,FlareBlitz,KnockOff,PartingShot|||M|||50|,,,,,Bug]Typhlosion-Hisui||ChoiceSpecs|Blaze|Eruption,HeatWave,ShadowBall,Overheat|||F|||50|,,,,,Fire]Whimsicott||CovertCloak|Prankster|Moonblast,Protect,Tailwind,SunnyDay|||F|||50|,,,,,Steel
|inactive|Battle timer is ON: inactive players will automatically lose when time's up. (requested by rodjilius)
|
|t:|1757938955
|teamsize|p1|4
|teamsize|p2|4
|start
|switch|p1a: Gholdengo|Gholdengo, L50|100/100
|switch|p1b: Dragonite|Dragonite, L50, M|100/100
|switch|p2a: Sneasler|Sneasler, L50, M|100/100
|switch|p2b: Indeedee|Indeedee, L50, M|100/100
|-fieldstart|move: Psychic Terrain|[from] ability: Psychic Surge|[of] p2b: Indeedee
|-enditem|p2a: Sneasler|Psychic Seed
|-boost|p2a: Sneasler|spd|1|[from] item: Psychic Seed
|turn|1
|
|t:|1757938969
|move|p2a: Sneasler|Dire Claw|p1b: Dragonite
|-damage|p1b: Dragonite|80/100
|-status|p1b: Dragonite|par
|move|p1a: Gholdengo|Make It Rain|p2a: Sneasler|[spread] p2a,p2b
|-damage|p2a: Sneasler|57/100
|-damage|p2b: Indeedee|29/100
|-unboost|p1a: Gholdengo|spa|1
|move|p2b: Indeedee|Expanding Force|p1a: Gholdengo|[spread] p1a,p1b
|-resisted|p1a: Gholdengo
|-damage|p1a: Gholdengo|69/100
|-damage|p1b: Dragonite|32/100 par
|move|p1b: Dragonite|Tailwind|p1b: Dragonite
|-sidestart|p1: AndrewsWho|move: Tailwind
|
|upkeep
|turn|2
|
|t:|1757938993
|-terastallize|p2a: Sneasler|Dark
|move|p1a: Gholdengo|Make It Rain|p2a: Sneasler|[spread] p2a,p2b
|-damage|p2a: Sneasler|28/100
|-damage|p2b: Indeedee|0 fnt
|-unboost|p1a: Gholdengo|spa|1
|faint|p2b: Indeedee
|move|p2a: Sneasler|Throat Chop|p1a: Gholdengo
|-supereffective|p1a: Gholdengo
|-damage|p1a: Gholdengo|0 fnt
|faint|p1a: Gholdengo
|cant|p1b: Dragonite|par
|
|upkeep
|
|t:|1757939006
|switch|p2b: Whimsicott|Whimsicott, L50, F|100/100
|switch|p1a: Pelipper|Pelipper, L50, F|100/100
|-weather|RainDance|[from] ability: Drizzle|[of] p1a: Pelipper
|turn|3
|
|t:|1757939016
|move|p2b: Whimsicott|Protect|p2b: Whimsicott
|-singleturn|p2b: Whimsicott|Protect
|move|p2a: Sneasler|Protect|p2a: Sneasler
|-singleturn|p2a: Sneasler|Protect
|move|p1a: Pelipper|Hurricane|p2b: Whimsicott
|-activate|p2b: Whimsicott|move: Protect
|move|p1b: Dragonite|Scale Shot|p2a: Sneasler
|-activate|p2a: Sneasler|move: Protect
|
|-weather|RainDance|[upkeep]
|upkeep
|turn|4
|
|t:|1757939038
|move|p2b: Whimsicott|Sunny Day|p2b: Whimsicott
|-weather|SunnyDay
|move|p2a: Sneasler|Dire Claw|p1b: Dragonite
|-damage|p1b: Dragonite|0 fnt
|faint|p1b: Dragonite
|move|p1a: Pelipper|Hurricane|p2b: Whimsicott|[miss]
|-miss|p1a: Pelipper|p2b: Whimsicott
|
|-weather|SunnyDay|[upkeep]
|-sideend|p1: AndrewsWho|move: Tailwind
|upkeep
|
|t:|1757939044
|switch|p1b: Ursaluna|Ursaluna, L50, M|100/100
|turn|5
|
|t:|1757939060
|-terastallize|p1b: Ursaluna|Ghost
|move|p2a: Sneasler|Dire Claw|p1a: Pelipper
|-damage|p1a: Pelipper|51/100
|-status|p1a: Pelipper|par
|move|p2b: Whimsicott|Moonblast|p1a: Pelipper
|-damage|p1a: Pelipper|4/100 par
|move|p1b: Ursaluna|Earthquake|p2b: Whimsicott|[spread] p2a,p2b
|-immune|p1a: Pelipper
|-resisted|p2b: Whimsicott
|-damage|p2a: Sneasler|0 fnt
|-damage|p2b: Whimsicott|75/100
|faint|p2a: Sneasler
|move|p1a: Pelipper|Hurricane|p2b: Whimsicott
|-supereffective|p2b: Whimsicott
|-damage|p2b: Whimsicott|0 fnt
|faint|p2b: Whimsicott
|
|-weather|SunnyDay|[upkeep]
|-fieldend|move: Psychic Terrain
|-status|p1b: Ursaluna|brn|[from] item: Flame Orb
|upkeep
|
|t:|1757939076
|switch|p2b: Typhlosion|Typhlosion-Hisui, L50, F|100/100
|turn|6
|
|t:|1757939086
|move|p1b: Ursaluna|Protect|p1b: Ursaluna
|-singleturn|p1b: Ursaluna|Protect
|move|p2b: Typhlosion|Overheat|p1b: Ursaluna
|-activate|p1b: Ursaluna|move: Protect
|cant|p1a: Pelipper|par
|
|-weather|SunnyDay|[upkeep]
|-damage|p1b: Ursaluna|95/100 brn|[from] brn
|upkeep
|turn|7
|
|t:|1757939098
|move|p2b: Typhlosion|Overheat|p1b: Ursaluna
|-damage|p1b: Ursaluna|0 fnt
|-unboost|p2b: Typhlosion|spa|2
|faint|p1b: Ursaluna
|cant|p1a: Pelipper|par
|
|-weather|SunnyDay|[upkeep]
|upkeep
|turn|8
|c|☆AndrewsWho|ok
|
|t:|1757939105
|move|p2b: Typhlosion|Overheat|p1a: Pelipper
|-resisted|p1a: Pelipper
|-damage|p1a: Pelipper|0 fnt
|-unboost|p2b: Typhlosion|spa|2
|faint|p1a: Pelipper
|
|win|rodjilius
||AndrewsWho is ready for game 3.
||rodjilius is ready for game 3.
|uhtml|next|Next: Game 3 of 3
|l|☆AndrewsWho
|player|p1|
|j|☆AndrewsWho
|player|p1|AndrewsWho|170|
|l|☆rodjilius
|player|p2|
|l|☆AndrewsWho
|player|p1|
