|j|☆princeofunderworld
|j|☆Pyos
|html|princeofunderworldPyos    
|uhtml|bestof|Game 2 of a best-of-3
|t:|1783577959
|gametype|doubles
|player|p1|princeofunderworld|265|1175
|player|p2|Pyos|tulip|1163
|gen|9
|tier|[Gen 9 Champions] VGC 2026 Reg M-B (Bo3)
|rated|
|rule|Species Clause: Limit one of each Pokémon
|rule|Item Clause: Limit 1 of each item
|clearpoke
|poke|p1|Kingambit, L50, F|
|poke|p1|Farigiraf, L50, M|
|poke|p1|Garchomp, L50, F|
|poke|p1|Charizard, L50, F|
|poke|p1|Whimsicott, L50, F|
|poke|p1|Toxapex, L50, F|
|poke|p2|Whimsicott, L50, M, shiny|
|poke|p2|Charizard, L50, M|
|poke|p2|Floette-Eternal, L50, F|
|poke|p2|Kingambit, L50, M|
|poke|p2|Garchomp, L50, M|
|poke|p2|Basculegion, L50, M|
|teampreview|4
|showteam|p1|Kingambit||BlackGlasses|Defiant|Protect,SuckerPunch,KowtowCleave,IronHead|Adamant||F|||50|]Farigiraf||SitrusBerry|ArmorTail|TrickRoom,TwinBeam,Thunderbolt,Protect|Relaxed||M|||50|]Garchomp||LifeOrb|RoughSkin|Earthquake,DragonClaw,RockSlide,Protect|Adamant||F|||50|]Charizard||CharizarditeY|Blaze|HeatWave,WeatherBall,SolarBeam,Protect|Modest||F|||50|]Whimsicott||FocusSash|Prankster|Tailwind,Encore,Moonblast,Protect|Timid||F|||50|]Toxapex||Leftovers|Regenerator|Toxic,WideGuard,Infestation,BanefulBunker|Relaxed||F|||50|
|showteam|p2|Whimsicott||FocusSash|Prankster|Tailwind,Moonblast,Encore,Protect|Timid||M|||50|]Charizard||CharizarditeY|Blaze|WeatherBall,HeatWave,SolarBeam,Protect|Modest||M|||50|]Floette-Eternal||Floettite|FlowerVeil|Moonblast,DazzlingGleam,LightofRuin,Protect|Modest||F|||50|]Kingambit||BlackGlasses|Defiant|KowtowCleave,SuckerPunch,LowKick,Protect|Adamant||M|||50|]Garchomp||LifeOrb|RoughSkin|Earthquake,RockSlide,DragonClaw,Protect|Jolly||M|||50|]Basculegion||MysticWater|Adaptability|WaveCrash,LastRespects,AquaJet,Protect|Adamant||M|||50|
|inactive|Battle timer is ON: inactive players will automatically lose when time's up. (requested by princeofunderworld)
|inactive|Pyos has 60 seconds left.
|
|t:|1783578005
|teamsize|p1|4
|teamsize|p2|4
|start
|switch|p1a: Toxapex|Toxapex, L50, F|100/100
|switch|p1b: Charizard|Charizard, L50, F|100/100
|switch|p2a: Charizard|Charizard, L50, M|100/100
|switch|p2b: Whimsicott|Whimsicott, L50, M, shiny|100/100
|turn|1
|
|t:|1783578023
|switch|p2a: Garchomp|Garchomp, L50, M|100/100
|detailschange|p1b: Charizard|Charizard-Mega-Y, L50, F
|-mega|p1b: Charizard|Charizard|Charizardite Y
|-weather|SunnyDay|[from] ability: Drought|[of] p1b: Charizard
|move|p2b: Whimsicott|Protect|p2b: Whimsicott
|-singleturn|p2b: Whimsicott|Protect
|move|p1b: Charizard|Heat Wave|p2a: Garchomp|[spread] p2a
|-activate|p2b: Whimsicott|move: Protect
|-resisted|p2a: Garchomp|1
|-damage|p2a: Garchomp|63/100
|move|p1a: Toxapex|Infestation|p2b: Whimsicott
|-activate|p2b: Whimsicott|move: Protect
|
|-weather|SunnyDay|[upkeep]
|upkeep
|turn|2
|
|t:|1783578041
|move|p1a: Toxapex|Wide Guard|p1a: Toxapex
|-singleturn|p1a: Toxapex|Wide Guard
|move|p2b: Whimsicott|Encore|p1a: Toxapex
|-start|p1a: Toxapex|Encore
|move|p2a: Garchomp|Dragon Claw|p1b: Charizard
|-damage|p1b: Charizard|24/100
|-damage|p2a: Garchomp|54/100|[from] item: Life Orb
|move|p1b: Charizard|Heat Wave|p2a: Garchomp|[spread] p2a,p2b
|-resisted|p2a: Garchomp|1
|-supereffective|p2b: Whimsicott|1
|-damage|p2a: Garchomp|12/100
|-enditem|p2b: Whimsicott|Focus Sash
|-damage|p2b: Whimsicott|1/100
|-status|p2a: Garchomp|brn
|
|-weather|SunnyDay|[upkeep]
|-damage|p2a: Garchomp|6/100 brn|[from] brn
|upkeep
|turn|3
|inactive|Pyos has 30 seconds left.
|
|t:|1783578067
|switch|p1a: Farigiraf|Farigiraf, L50, M|100/100
|move|p1b: Charizard|Protect|p1b: Charizard
|-singleturn|p1b: Charizard|Protect
|move|p2b: Whimsicott|Moonblast|p1b: Charizard
|-activate|p1b: Charizard|move: Protect
|move|p2a: Garchomp|Dragon Claw|p1b: Charizard
|-activate|p1b: Charizard|move: Protect
|
|-weather|SunnyDay|[upkeep]
|-damage|p2a: Garchomp|1/100 brn|[from] brn
|upkeep
|turn|4
|
|t:|1783578083
|switch|p2b: Charizard|Charizard, L50, M|100/100
|switch|p1b: Toxapex|Toxapex, L50, F|100/100
|move|p2a: Garchomp|Rock Slide|p1b: Toxapex|[spread] p1a,p1b
|-crit|p1b: Toxapex
|-damage|p1a: Farigiraf|88/100
|-damage|p1b: Toxapex|86/100
|-damage|p2a: Garchomp|0 fnt|[from] item: Life Orb
|faint|p2a: Garchomp
|move|p1a: Farigiraf|Trick Room|p1a: Farigiraf
|-fieldstart|move: Trick Room|[of] p1a: Farigiraf
|
|-weather|SunnyDay|[upkeep]
|-heal|p1b: Toxapex|92/100|[from] item: Leftovers
|upkeep
|
|t:|1783578098
|switch|p2a: Basculegion|Basculegion, L50, M|100/100
|turn|5
|
|t:|1783578107
|detailschange|p2b: Charizard|Charizard-Mega-Y, L50, M
|-mega|p2b: Charizard|Charizard|Charizardite Y
|move|p2a: Basculegion|Protect|p2a: Basculegion
|-singleturn|p2a: Basculegion|Protect
|move|p1b: Toxapex|Toxic|p2a: Basculegion
|-activate|p2a: Basculegion|move: Protect
|move|p1a: Farigiraf|Thunderbolt|p2b: Charizard
|-supereffective|p2b: Charizard|1
|-damage|p2b: Charizard|58/100
|move|p2b: Charizard|Weather Ball|p1a: Farigiraf
|-damage|p1a: Farigiraf|9/100
|-enditem|p1a: Farigiraf|Sitrus Berry|[eat]
|-heal|p1a: Farigiraf|34/100|[from] item: Sitrus Berry
|
|-weather|none
|-heal|p1b: Toxapex|98/100|[from] item: Leftovers
|upkeep
|turn|6
|
|t:|1783578132
|switch|p2b: Whimsicott|Whimsicott, L50, M, shiny|1/100
|move|p1b: Toxapex|Toxic|p2a: Basculegion
|-status|p2a: Basculegion|tox
|move|p1a: Farigiraf|Thunderbolt|p2a: Basculegion
|-supereffective|p2a: Basculegion|1
|-damage|p2a: Basculegion|52/100 tox
|move|p2a: Basculegion|Wave Crash|p1a: Farigiraf
|-damage|p1a: Farigiraf|0 fnt
|faint|p1a: Farigiraf
|-damage|p2a: Basculegion|39/100 tox|[from] Recoil
|
|-heal|p1b: Toxapex|100/100|[from] item: Leftovers
|-damage|p2a: Basculegion|33/100 tox|[from] psn
|upkeep
|
|t:|1783578140
|switch|p1a: Kingambit|Kingambit, L50, F|100/100
|turn|7
|inactive|Pyos has 30 seconds left.
|
|t:|1783578172
|switch|p2a: Charizard|Charizard-Mega-Y, L50, M|58/100
|-weather|SunnyDay|[from] ability: Drought|[of] p2a: Charizard
|move|p2b: Whimsicott|Protect|p2b: Whimsicott
|-singleturn|p2b: Whimsicott|Protect
|move|p1b: Toxapex|Infestation|p2b: Whimsicott
|-activate|p2b: Whimsicott|move: Protect
|move|p1a: Kingambit|Kowtow Cleave|p2a: Charizard
|-damage|p2a: Charizard|7/100
|
|-weather|SunnyDay|[upkeep]
|upkeep
|turn|8
|inactive|princeofunderworld has 30 seconds left.
|
|t:|1783578199
|switch|p2b: Basculegion|Basculegion, L50, M|33/100 tox
|move|p2a: Charizard|Protect|p2a: Charizard
|-singleturn|p2a: Charizard|Protect
|move|p1b: Toxapex|Infestation|p2b: Basculegion
|-resisted|p2b: Basculegion|1
|-damage|p2b: Basculegion|31/100 tox
|-activate|p2b: Basculegion|move: Infestation|[of] p1b: Toxapex
|move|p1a: Kingambit|Kowtow Cleave|p2a: Charizard
|-activate|p2a: Charizard|move: Protect
|
|-weather|SunnyDay|[upkeep]
|-damage|p2b: Basculegion|25/100 tox|[from] psn
|-damage|p2b: Basculegion|13/100 tox|[from] move: Infestation|[partiallytrapped]
|-fieldend|move: Trick Room
|upkeep
|turn|9
|
|t:|1783578218
|move|p1a: Kingambit|Protect|p1a: Kingambit
|-singleturn|p1a: Kingambit|Protect
|move|p1b: Toxapex|Baneful Bunker|p1b: Toxapex
|-singleturn|p1b: Toxapex|move: Protect
|move|p2b: Basculegion|Last Respects|p1b: Toxapex
|-activate|p1b: Toxapex|move: Protect
|move|p2a: Charizard|Heat Wave|p1a: Kingambit|[spread] 
|-activate|p1a: Kingambit|move: Protect
|-activate|p1b: Toxapex|move: Protect
|
|-weather|SunnyDay|[upkeep]
|-damage|p2b: Basculegion|1/100 tox|[from] psn
|-damage|p2b: Basculegion|0 fnt|[from] move: Infestation|[partiallytrapped]
|faint|p2b: Basculegion
|upkeep
|
|t:|1783578222
|switch|p2b: Whimsicott|Whimsicott, L50, M, shiny|1/100
|turn|10
|
|t:|1783578231
|switch|p1b: Charizard|Charizard-Mega-Y, L50, F|24/100
|move|p1a: Kingambit|Sucker Punch|p2a: Charizard
|-damage|p2a: Charizard|0 fnt
|faint|p2a: Charizard
|move|p2b: Whimsicott|Moonblast|p1a: Kingambit
|-damage|p1a: Kingambit|61/100
|
|-weather|SunnyDay|[upkeep]
|upkeep
|turn|11
|-message|Pyos forfeited.
|
|win|princeofunderworld
||Pyos is ready for game 3.
||princeofunderworld is ready for game 3.
|uhtml|next|Next: Game 3 of 3
|l|☆princeofunderworld
|player|p1|
