|j|☆VicSaus53
|j|☆Doomnik
|html|VicSaus53Doomnik    
|uhtml|bestof|Game 2 of a best-of-3
|t:|1756549189
|gametype|doubles
|player|p1|VicSaus53|266|1254
|player|p2|Doomnik|hiker-gen4|1170
|gen|9
|tier|[Gen 9] VGC 2025 Reg H (Bo3)
|rated|
|rule|Species Clause: Limit one of each Pokémon
|rule|Item Clause: Limit 1 of each item
|clearpoke
|poke|p1|Quaquaval, L50, F|
|poke|p1|Gholdengo, L50|
|poke|p1|Hydreigon, L50, F|
|poke|p1|Rillaboom, L50, F|
|poke|p1|Ninetales-Alola, L50, F|
|poke|p1|Magmar, L50, F|
|poke|p2|Ninetales-Alola, L50, F|
|poke|p2|Ursaluna-Bloodmoon, L50, M|
|poke|p2|Maushold-Four, L50|
|poke|p2|Annihilape, L50, M|
|poke|p2|Klefki, L50, F|
|poke|p2|Sinistcha-Masterpiece, L50|
|teampreview|4
|showteam|p1|Quaquaval||LifeOrb|Moxie|CloseCombat,AquaStep,AquaJet,Detect|||F|||50|,,,,,Water]Gholdengo||Leftovers|GoodasGold|MakeItRain,ShadowBall,NastyPlot,Protect||||||50|,,,,,Dragon]Hydreigon||SitrusBerry|Levitate|DragonPulse,DarkPulse,Tailwind,Protect|||F|||50|,,,,,Poison]Rillaboom||AssaultVest|GrassySurge|WoodHammer,GrassyGlide,Uturn,FakeOut|||F|||50|,,,,,Fire]Ninetales-Alola||FocusSash|SnowWarning|Blizzard,FreezeDry,Encore,Protect|||F|||50|,,,,,Ghost]Magmar||Eviolite|VitalSpirit|Flamethrower,Taunt,FollowMe,Protect|||F|||50|,,,,,Fairy
|showteam|p2|Ninetales-Alola||FocusSash|SnowWarning|Blizzard,FreezeDry,Encore,Protect|||F|||50|,,,,,Ghost]Ursaluna-Bloodmoon||AssaultVest|MindsEye|BloodMoon,EarthPower,HyperVoice,VacuumWave|||M|||50|,,,,,Water]Maushold-Four||SafetyGoggles|FriendGuard|BeatUp,Taunt,FollowMe,Protect||||||50|,,,,,Ghost]Annihilape||Leftovers|Defiant|DrainPunch,RageFist,BulkUp,Protect|||M|||50|,,,,,Fire]Klefki||LightClay|Prankster|DazzlingGleam,Reflect,LightScreen,MistyTerrain|||F|||50|,,,,,Ghost]Sinistcha-Masterpiece||SitrusBerry|Hospitality|MatchaGotcha,RagePowder,LifeDew,TrickRoom||||||50|,,,,,Water
|inactive|Battle timer is ON: inactive players will automatically lose when time's up. (requested by Doomnik)
|
|t:|1756549210
|teamsize|p1|4
|teamsize|p2|4
|start
|switch|p1a: Gholdengo|Gholdengo, L50|100/100
|switch|p1b: Magmar|Magmar, L50, F|100/100
|switch|p2a: Ursaluna|Ursaluna-Bloodmoon, L50, M|100/100
|switch|p2b: Klefki|Klefki, L50, F|100/100
|turn|1
|inactive|Doomnik has 30 seconds left.
|
|t:|1756549238
|move|p1b: Magmar|Follow Me|p1b: Magmar
|-singleturn|p1b: Magmar|move: Follow Me
|move|p2b: Klefki|Light Screen|p2b: Klefki
|-sidestart|p2: Doomnik|move: Light Screen
|move|p1a: Gholdengo|Nasty Plot|p1a: Gholdengo
|-boost|p1a: Gholdengo|spa|2
|move|p2a: Ursaluna|Earth Power|p1b: Magmar
|-supereffective|p1b: Magmar
|-damage|p1b: Magmar|43/100
|
|upkeep
|turn|2
|inactive|Doomnik has 30 seconds left.
|inactive|Doomnik has 20 seconds left.
|inactive|Doomnik has 15 seconds left.
|
|t:|1756549281
|switch|p2b: Maushold|Maushold-Four, L50|100/100
|-terastallize|p1a: Gholdengo|Dragon
|move|p1a: Gholdengo|Make It Rain|p2b: Maushold|[spread] p2a,p2b
|-damage|p2a: Ursaluna|72/100
|-damage|p2b: Maushold|31/100
|-unboost|p1a: Gholdengo|spa|1
|move|p1b: Magmar|Flamethrower|p2b: Maushold
|-damage|p2b: Maushold|8/100
|move|p2a: Ursaluna|Earth Power|p1a: Gholdengo
|-damage|p1a: Gholdengo|55/100
|-unboost|p1a: Gholdengo|spd|1
|
|-heal|p1a: Gholdengo|62/100|[from] item: Leftovers
|upkeep
|turn|3
|inactive|VicSaus53 has 30 seconds left.
|
|t:|1756549316
|-terastallize|p2a: Ursaluna|Water
|move|p1a: Gholdengo|Protect|p1a: Gholdengo
|-singleturn|p1a: Gholdengo|Protect
|move|p2b: Maushold|Taunt|p1b: Magmar
|-start|p1b: Magmar|move: Taunt
|move|p1b: Magmar|Flamethrower|p2b: Maushold
|-damage|p2b: Maushold|0 fnt
|faint|p2b: Maushold
|move|p2a: Ursaluna|Hyper Voice|p1b: Magmar|[spread] p1b
|-activate|p1a: Gholdengo|move: Protect
|-damage|p1b: Magmar|19/100
|
|-heal|p1a: Gholdengo|68/100|[from] item: Leftovers
|upkeep
|
|t:|1756549333
|switch|p2b: Klefki|Klefki, L50, F|100/100
|turn|4
|
|t:|1756549346
|move|p2b: Klefki|Reflect|p2b: Klefki
|-sidestart|p2: Doomnik|Reflect
|move|p1a: Gholdengo|Shadow Ball|p2b: Klefki
|-damage|p2b: Klefki|51/100
|move|p1b: Magmar|Flamethrower|p2b: Klefki
|-supereffective|p2b: Klefki
|-damage|p2b: Klefki|5/100
|move|p2a: Ursaluna|Blood Moon|p1a: Gholdengo
|-damage|p1a: Gholdengo|0 fnt
|faint|p1a: Gholdengo
|
|upkeep
|
|t:|1756549359
|switch|p1a: Quaquaval|Quaquaval, L50, F|100/100
|turn|5
|
|t:|1756549366
|switch|p2b: Sinistcha|Sinistcha-Masterpiece, L50|100/100
|-heal|p2a: Ursaluna|96/100|[from] ability: Hospitality|[of] p2b: Sinistcha
|move|p1a: Quaquaval|Aqua Step|p2b: Sinistcha
|-resisted|p2b: Sinistcha
|-damage|p2b: Sinistcha|86/100
|-boost|p1a: Quaquaval|spe|1
|-damage|p1a: Quaquaval|91/100|[from] item: Life Orb
|move|p1b: Magmar|Flamethrower|p2b: Sinistcha
|-supereffective|p2b: Sinistcha
|-damage|p2b: Sinistcha|47/100
|-enditem|p2b: Sinistcha|Sitrus Berry|[eat]
|-heal|p2b: Sinistcha|72/100|[from] item: Sitrus Berry
|move|p2a: Ursaluna|Hyper Voice|p1a: Quaquaval|[spread] p1a,p1b
|-damage|p1a: Quaquaval|47/100
|-damage|p1b: Magmar|0 fnt
|faint|p1b: Magmar
|
|upkeep
|
|t:|1756549378
|switch|p1b: Rillaboom|Rillaboom, L50, F|100/100
|-fieldstart|move: Grassy Terrain|[from] ability: Grassy Surge|[of] p1b: Rillaboom
|turn|6
|
|t:|1756549397
|switch|p2a: Klefki|Klefki, L50, F|5/100
|move|p1a: Quaquaval|Detect|p1a: Quaquaval
|-singleturn|p1a: Quaquaval|Protect
|move|p1b: Rillaboom|Wood Hammer|p2a: Klefki
|-resisted|p2a: Klefki
|-damage|p2a: Klefki|0 fnt
|faint|p2a: Klefki
|-damage|p1b: Rillaboom|99/100|[from] Recoil
|move|p2b: Sinistcha|Matcha Gotcha|p1b: Rillaboom|[spread] p1b
|-activate|p1a: Quaquaval|move: Protect
|-resisted|p1b: Rillaboom
|-damage|p1b: Rillaboom|87/100
|-heal|p2b: Sinistcha|79/100|[from] drain|[of] p1b: Rillaboom
|
|-heal|p1a: Quaquaval|53/100|[from] Grassy Terrain
|-heal|p1b: Rillaboom|93/100|[from] Grassy Terrain
|-heal|p2b: Sinistcha|85/100|[from] Grassy Terrain
|upkeep
|
|t:|1756549403
|switch|p2a: Ursaluna|Ursaluna-Bloodmoon, L50, M, tera:Water|96/100
|turn|7
|
|t:|1756549415
|move|p1a: Quaquaval|Close Combat|p2a: Ursaluna
|-damage|p2a: Ursaluna|55/100
|-unboost|p1a: Quaquaval|def|1
|-unboost|p1a: Quaquaval|spd|1
|-damage|p1a: Quaquaval|43/100|[from] item: Life Orb
|move|p1b: Rillaboom|Wood Hammer|p2a: Ursaluna
|-supereffective|p2a: Ursaluna
|-damage|p2a: Ursaluna|0 fnt
|faint|p2a: Ursaluna
|-damage|p1b: Rillaboom|74/100|[from] Recoil
|move|p2b: Sinistcha|Matcha Gotcha|p1a: Quaquaval|[spread] p1a,p1b
|-supereffective|p1a: Quaquaval
|-resisted|p1b: Rillaboom
|-damage|p1a: Quaquaval|0 fnt
|-heal|p2b: Sinistcha|100/100|[from] drain|[of] p1a: Quaquaval
|-damage|p1b: Rillaboom|61/100
|-status|p1b: Rillaboom|brn
|faint|p1a: Quaquaval
|
|-heal|p1b: Rillaboom|67/100 brn|[from] Grassy Terrain
|-damage|p1b: Rillaboom|61/100 brn|[from] brn
|upkeep
|turn|8
|-message|VicSaus53 forfeited.
|
|win|Doomnik
|raw|VicSaus53's rating: 1254 → 1223(-31 for losing)
|raw|Doomnik's rating: 1170 → 1201(+31 for winning)
|l|☆VicSaus53
|player|p1|
