|j|☆hawaiianshaymin
|j|☆Jojo_Z.ro1015
|html|hawaiianshayminJojo_Z.ro1015    
|uhtml|bestof|Game 2 of a best-of-3
|t:|1786122547
|gametype|doubles
|player|p1|hawaiianshaymin|169|1122
|player|p2|Jojo_Z.ro1015|cynthia-gen4|1099
|gen|9
|tier|[Gen 9 Champions] VGC 2026 Reg M-B (Bo3)
|rated|
|rule|Species Clause: Limit one of each Pokémon
|rule|Item Clause: Limit 1 of each item
|clearpoke
|poke|p1|Staraptor, L50, F|
|poke|p1|Gholdengo, L50|
|poke|p1|Talonflame, L50, M|
|poke|p1|Sinistcha, L50|
|poke|p1|Grimmsnarl, L50, M|
|poke|p1|Weavile, L50, F|
|poke|p2|Sceptile, L50, M, shiny|
|poke|p2|Rotom-Heat, L50, shiny|
|poke|p2|Maushold-Four, L50|
|poke|p2|Talonflame, L50, M, shiny|
|poke|p2|Sylveon, L50, F, shiny|
|poke|p2|Garchomp, L50, M|
|teampreview|4
|showteam|p1|Staraptor||Staraptite|Intimidate|CloseCombat,BraveBird,Roost,Protect|Adamant||F|||50|]Gholdengo||LifeOrb|GoodasGold|MakeItRain,ShadowBall,NastyPlot,Protect|Modest|||||50|]Talonflame||WideLens|GaleWings|Tailwind,DualWingbeat,WillOWisp,Protect|Jolly||M|||50|]Sinistcha||KasibBerry|Hospitality|MatchaGotcha,RagePowder,Imprison,TrickRoom|Bold|||||50|]Grimmsnarl||LightClay|Prankster|ThroatChop,LightScreen,Reflect,ScaryFace|Careful||M|||50|]Weavile||FocusSash|Pickpocket|FakeOut,KnockOff,TripleAxel,LowKick|Jolly||F|||50|
|showteam|p2|Sceptile||Sceptilite|Unburden|DragonPulse,EnergyBall,Detect,EarthPower|Modest||M|||50|]Rotom-Heat||ChoiceScarf|Levitate|Discharge,Overheat,VoltSwitch,Thunderbolt|Timid|||||50|]Maushold-Four||WideLens|Technician|PopulationBomb,FollowMe,Feint,TidyUp|Jolly|||||50|]Talonflame|||GaleWings|Tailwind,Acrobatics,BlazeKick,Protect|Jolly||M|||50|]Sylveon||FairyFeather|Pixilate|HyperVoice,HyperBeam,QuickAttack,Detect|Sassy||F|||50|]Garchomp||LifeOrb|RoughSkin|DragonClaw,Earthquake,Protect,RockSlide|Jolly||M|||50|
|inactive|Battle timer is ON: inactive players will automatically lose when time's up. (requested by Jojo_Z.ro1015)
|
|t:|1786122570
|teamsize|p1|4
|teamsize|p2|4
|start
|switch|p1a: Grimmsnarl|Grimmsnarl, L50, M|100/100
|switch|p1b: Weavile|Weavile, L50, F|100/100
|switch|p2a: Maushold|Maushold-Four, L50|100/100
|switch|p2b: Talonflame|Talonflame, L50, M, shiny|100/100
|turn|1
|inactive|Jojo_Z.ro1015 has 30 seconds left.
|inactive|Jojo_Z.ro1015 has 20 seconds left.
|
|t:|1786122607
|move|p2b: Talonflame|Protect|p2b: Talonflame
|-singleturn|p2b: Talonflame|Protect
|move|p1b: Weavile|Fake Out|p2a: Maushold
|-damage|p2a: Maushold|78/100
|move|p1a: Grimmsnarl|Reflect|p1a: Grimmsnarl
|-sidestart|p1: hawaiianshaymin|Reflect
|cant|p2a: Maushold|flinch
|
|upkeep
|turn|2
|
|t:|1786122627
|move|p2b: Talonflame|Tailwind|p2b: Talonflame
|-sidestart|p2: Jojo_Z.ro1015|move: Tailwind
|move|p1a: Grimmsnarl|Scary Face|p2a: Maushold
|-unboost|p2a: Maushold|spe|2
|move|p1b: Weavile|Triple Axel|p2a: Maushold
|-damage|p2a: Maushold|64/100
|-damage|p2a: Maushold|31/100
|-damage|p2a: Maushold|0 fnt
|faint|p2a: Maushold
|-hitcount|p2: Maushold|3
|
|upkeep
|
|t:|1786122639
|switch|p2a: Rotom|Rotom-Heat, L50, shiny|100/100
|turn|3
|
|t:|1786122657
|move|p2b: Talonflame|Protect|p2b: Talonflame
|-singleturn|p2b: Talonflame|Protect
|move|p1a: Grimmsnarl|Light Screen|p1a: Grimmsnarl
|-sidestart|p1: hawaiianshaymin|move: Light Screen
|move|p2a: Rotom|Discharge|p1a: Grimmsnarl|[spread] p1a,p1b
|-activate|p2b: Talonflame|move: Protect
|-crit|p1b: Weavile
|-damage|p1a: Grimmsnarl|84/100
|-damage|p1b: Weavile|48/100
|-status|p1a: Grimmsnarl|par
|move|p1b: Weavile|Knock Off|p2a: Rotom
|-damage|p2a: Rotom|37/100
|-enditem|p2a: Rotom|Choice Scarf|[from] move: Knock Off|[of] p1b: Weavile
|
|upkeep
|turn|4
|
|t:|1786122682
|move|p2b: Talonflame|Acrobatics|p1a: Grimmsnarl
|-damage|p1a: Grimmsnarl|54/100 par
|cant|p1a: Grimmsnarl|par
|move|p2a: Rotom|Discharge|p1a: Grimmsnarl|[spread] p2b,p1a,p1b
|-supereffective|p2b: Talonflame|1
|-crit|p2b: Talonflame
|-damage|p2b: Talonflame|0 fnt
|-damage|p1a: Grimmsnarl|39/100 par
|-damage|p1b: Weavile|25/100
|faint|p2b: Talonflame
|move|p1b: Weavile|Triple Axel|p2a: Rotom
|-resisted|p2a: Rotom|1
|-damage|p2a: Rotom|31/100
|-resisted|p2a: Rotom|1
|-damage|p2a: Rotom|18/100
|-resisted|p2a: Rotom|1
|-damage|p2a: Rotom|0 fnt
|faint|p2a: Rotom
|-hitcount|p2: Rotom|3
|
|upkeep
|
|t:|1786122691
|switch|p2b: Sceptile|Sceptile, L50, M, shiny|100/100
|turn|5
|
|t:|1786122699
|detailschange|p2b: Sceptile|Sceptile-Mega, L50, M, shiny
|-mega|p2b: Sceptile|Sceptile|Sceptilite
|move|p1a: Grimmsnarl|Scary Face|p2b: Sceptile
|-unboost|p2b: Sceptile|spe|2
|move|p2b: Sceptile|Energy Ball|p1b: Weavile
|-damage|p1b: Weavile|0 fnt
|faint|p1b: Weavile
|
|-sideend|p2: Jojo_Z.ro1015|move: Tailwind
|upkeep
|
|t:|1786122708
|switch|p1b: Staraptor|Staraptor, L50, F|100/100
|-ability|p1b: Staraptor|Intimidate|boost
|-unboost|p2b: Sceptile|atk|1
|turn|6
|-message|Jojo_Z.ro1015 forfeited.
|raw|hawaiianshaymin's rating: 1122 → 1145(+23 for winning)
|raw|Jojo_Z.ro1015's rating: 1099 → 1076(-23 for losing)
|
|win|hawaiianshaymin
|l|☆Jojo_Z.ro1015
|player|p2|
