|j|☆poison mouse
|j|☆efwefwefwefweifier
|html|poison mouseefwefwefwefweifier    
|uhtml|bestof|Game 1 of a best-of-3
|t:|1784876678
|gametype|doubles
|player|p1|poison mouse|tate|1331
|player|p2|efwefwefwefweifier|clown|1404
|gen|9
|tier|[Gen 9 Champions] VGC 2026 Reg M-B (Bo3)
|rated|
|rule|Species Clause: Limit one of each Pokémon
|rule|Item Clause: Limit 1 of each item
|clearpoke
|poke|p1|Tyranitar, L50, M|
|poke|p1|Excadrill, L50, M|
|poke|p1|Milotic, L50, F|
|poke|p1|Sinistcha, L50|
|poke|p1|Staraptor, L50, M|
|poke|p1|Gholdengo, L50|
|poke|p2|Blastoise, L50, F|
|poke|p2|Sinistcha, L50|
|poke|p2|Incineroar, L50, M, shiny|
|poke|p2|Sneasler, L50, F|
|poke|p2|Hydreigon, L50, M|
|poke|p2|Floette-Eternal, L50, F|
|teampreview|4
|showteam|p1|Tyranitar||Tyranitarite|SandStream|KnockOff,RockSlide,HighHorsepower,Protect|Jolly||M|||50|]Excadrill||FocusSash|SandRush|Earthquake,IronHead,RockSlide,Protect|Adamant||M|||50|]Milotic||SitrusBerry|Competitive|Scald,IcyWind,IceBeam,Protect|Calm||F|||50|]Sinistcha||ColburBerry|Hospitality|MatchaGotcha,ShadowBall,Protect,RagePowder|Bold|||||50|]Staraptor||Staraptite|Intimidate|CloseCombat,BraveBird,Tailwind,Protect|Jolly||M|||50|]Gholdengo||LifeOrb|GoodasGold|MakeItRain,ShadowBall,NastyPlot,Protect|Modest|||||50|
|showteam|p2|Blastoise||Blastoisinite|RainDish|WaterSpout,DarkPulse,ShellSmash,Protect|Modest||F|||50|]Sinistcha||KasibBerry|Hospitality|MatchaGotcha,RagePowder,TrickRoom,LifeDew|Calm|||||50|]Incineroar||SitrusBerry|Intimidate|FlareBlitz,DarkestLariat,FakeOut,PartingShot|Careful||M|||50|]Sneasler||FocusSash|PoisonTouch|CloseCombat,PoisonJab,FakeOut,QuickGuard|Jolly||F|||50|]Hydreigon||ChoiceScarf|Levitate|DracoMeteor,DarkPulse,Snarl,EarthPower|Modest||M|||50|]Floette-Eternal||Floettite|FlowerVeil|DazzlingGleam,DrainingKiss,CalmMind,Protect|Modest||F|||50|
|inactive|Battle timer is ON: inactive players will automatically lose when time's up. (requested by efwefwefwefweifier)
|inactive|poison mouse has 60 seconds left.
|inactive|efwefwefwefweifier has 60 seconds left.
|inactive|efwefwefwefweifier has 30 seconds left.
|inactive|efwefwefwefweifier has 20 seconds left.
|inactive|efwefwefwefweifier has 15 seconds left.
|inactive|efwefwefwefweifier has 10 seconds left.
|
|t:|1784876761
|teamsize|p1|4
|teamsize|p2|4
|start
|switch|p1a: Staraptor|Staraptor, L50, M|100/100
|switch|p1b: Gholdengo|Gholdengo, L50|100/100
|switch|p2a: Spouty Outy|Blastoise, L50, F|100/100
|switch|p2b: Bartholomews|Hydreigon, L50, M|100/100
|-ability|p1a: Staraptor|Intimidate|boost
|-unboost|p2a: Spouty Outy|atk|1
|-unboost|p2b: Bartholomews|atk|1
|turn|1
|inactive|poison mouse has 30 seconds left.
|
|t:|1784876795
|detailschange|p1a: Staraptor|Staraptor-Mega, L50, M
|-mega|p1a: Staraptor|Staraptor|Staraptite
|detailschange|p2a: Spouty Outy|Blastoise-Mega, L50, F
|-mega|p2a: Spouty Outy|Blastoise|Blastoisinite
|move|p2b: Bartholomews|Dark Pulse|p1b: Gholdengo
|-supereffective|p1b: Gholdengo|1
|-damage|p1b: Gholdengo|25/100
|move|p1a: Staraptor|Close Combat|p2a: Spouty Outy
|-damage|p2a: Spouty Outy|51/100
|-boost|p1a: Staraptor|def|1
|-boost|p1a: Staraptor|spd|1
|move|p2a: Spouty Outy|Shell Smash|p2a: Spouty Outy
|-unboost|p2a: Spouty Outy|def|1
|-unboost|p2a: Spouty Outy|spd|1
|-boost|p2a: Spouty Outy|atk|2
|-boost|p2a: Spouty Outy|spa|2
|-boost|p2a: Spouty Outy|spe|2
|move|p1b: Gholdengo|Make It Rain|p2b: Bartholomews|[spread] p2a,p2b
|-resisted|p2a: Spouty Outy|1
|-damage|p2a: Spouty Outy|14/100
|-damage|p2b: Bartholomews|40/100
|-unboost|p1b: Gholdengo|spa|2
|-damage|p1b: Gholdengo|16/100|[from] item: Life Orb
|
|upkeep
|turn|2
|
|t:|1784876818
|switch|p2b: Spinny Sinny|Sinistcha, L50|100/100
|-heal|p2a: Spouty Outy|38/100|[from] ability: Hospitality|[of] p2b: Spinny Sinny
|move|p2a: Spouty Outy|Protect|p2a: Spouty Outy
|-singleturn|p2a: Spouty Outy|Protect
|move|p1a: Staraptor|Tailwind|p1a: Staraptor
|-sidestart|p1: poison mouse|move: Tailwind
|move|p1b: Gholdengo|Shadow Ball|p2b: Spinny Sinny
|-supereffective|p2b: Spinny Sinny|1
|-enditem|p2b: Spinny Sinny|Kasib Berry|[eat]
|-enditem|p2b: Spinny Sinny|Kasib Berry|[weaken]
|-damage|p2b: Spinny Sinny|77/100
|-unboost|p2b: Spinny Sinny|spd|1
|-damage|p1b: Gholdengo|6/100|[from] item: Life Orb
|
|upkeep
|turn|3
|
|t:|1784876833
|move|p2b: Spinny Sinny|Rage Powder|p2b: Spinny Sinny
|-singleturn|p2b: Spinny Sinny|move: Rage Powder
|move|p1a: Staraptor|Brave Bird|p2b: Spinny Sinny
|-supereffective|p2b: Spinny Sinny|1
|-damage|p2b: Spinny Sinny|0 fnt
|faint|p2b: Spinny Sinny
|-damage|p1a: Staraptor|76/100|[from] Recoil
|move|p2a: Spouty Outy|Dark Pulse|p1a: Staraptor
|-resisted|p1a: Staraptor|1
|-damage|p1a: Staraptor|45/100
|move|p1b: Gholdengo|Shadow Ball|p2a: Spouty Outy
|-damage|p2a: Spouty Outy|7/100
|-damage|p1b: Gholdengo|0 fnt|[from] item: Life Orb
|faint|p1b: Gholdengo
|
|upkeep
|
|t:|1784876851
|switch|p1b: Excadrill|Excadrill, L50, M|100/100
|switch|p2b: Merry Berry|Incineroar, L50, M, shiny|100/100
|-ability|p2b: Merry Berry|Intimidate|boost
|-boost|p1a: Staraptor|atk|1
|-unboost|p1b: Excadrill|atk|1
|turn|4
|
|t:|1784876865
|move|p2a: Spouty Outy|Protect|p2a: Spouty Outy
|-singleturn|p2a: Spouty Outy|Protect
|move|p1a: Staraptor|Close Combat|p2b: Merry Berry
|-supereffective|p2b: Merry Berry|1
|-damage|p2b: Merry Berry|0 fnt
|-boost|p1a: Staraptor|def|1
|-boost|p1a: Staraptor|spd|1
|faint|p2b: Merry Berry
|move|p1b: Excadrill|Earthquake|p2a: Spouty Outy|[spread] 
|-activate|p2a: Spouty Outy|move: Protect
|-immune|p1a: Staraptor
|
|upkeep
|inactive|efwefwefwefweifier has 30 seconds left.
|
|t:|1784876896
|switch|p2b: Bartholomews|Hydreigon, L50, M|40/100
|turn|5
|
|t:|1784876904
|move|p2a: Spouty Outy|Protect||[still]
|-fail|p2a: Spouty Outy
|move|p1a: Staraptor|Close Combat|p2b: Bartholomews
|-supereffective|p2b: Bartholomews|1
|-damage|p2b: Bartholomews|0 fnt
|-boost|p1a: Staraptor|def|1
|-boost|p1a: Staraptor|spd|1
|faint|p2b: Bartholomews
|move|p1b: Excadrill|Earthquake|p2a: Spouty Outy|[spread] p2a
|-immune|p1a: Staraptor
|-damage|p2a: Spouty Outy|0 fnt
|faint|p2a: Spouty Outy
|
|win|poison mouse
||efwefwefwefweifier is ready for game 2.
||poison mouse is ready for game 2.
|uhtml|next|Next: Game 2 of 3
