|j|☆bzzzzzzddddz
|j|☆castoriceball
|html|bzzzzzzddddzcastoriceball    
|uhtml|bestof|Game 2 of a best-of-3
|t:|1785125787
|gametype|doubles
|player|p1|bzzzzzzddddz|170|1236
|player|p2|castoriceball|miku-flying|1408
|gen|9
|tier|[Gen 9 Champions] VGC 2026 Reg M-B (Bo3)
|rated|
|rule|Species Clause: Limit one of each Pokémon
|rule|Item Clause: Limit 1 of each item
|clearpoke
|poke|p1|Pelipper, L50, F|
|poke|p1|Archaludon, L50, F|
|poke|p1|Scovillain, L50, F, shiny|
|poke|p1|Meganium, L50, M|
|poke|p1|Espathra, L50, F|
|poke|p1|Raichu, L50, M|
|poke|p2|Glimmora, L50, F, shiny|
|poke|p2|Ninetales-Alola, L50, M, shiny|
|poke|p2|Talonflame, L50, F, shiny|
|poke|p2|Basculegion, L50, M, shiny|
|poke|p2|Kommo-o, L50, F, shiny|
|poke|p2|Kingambit, L50, M, shiny|
|teampreview|4
|showteam|p1|Pelipper||SitrusBerry|Drizzle|WeatherBall,Hurricane,Tailwind,Uturn|Calm||F|||50|]Archaludon||Leftovers|Stamina|ElectroShot,DragonPulse,FlashCannon,Protect|Modest||F|||50|]Scovillain||Scovillainite|Moody|Flamethrower,LeechSeed,RagePowder,Protect|Bold||F|||50|]Meganium||Meganiumite|Overgrow|SolarBeam,WeatherBall,DazzlingGleam,Protect|Modest||M|||50|]Espathra||BrightPowder|SpeedBoost|LuminaCrash,CalmMind,BatonPass,Protect|Modest||F|||50|]Raichu||RaichuniteX|LightningRod|RisingVoltage,Encore,FakeOut,Protect|Timid||M|||50|
|showteam|p2|Glimmora||Glimmoranite|ToxicDebris|PowerGem,SludgeBomb,EarthPower,SpikyShield|Modest||F|||50|]Ninetales-Alola||NeverMeltIce|SnowWarning|Blizzard,FreezeDry,Encore,Protect|Timid||M|||50|]Talonflame||SharpBeak|GaleWings|DualWingbeat,FlareBlitz,Tailwind,Protect|Jolly||F|||50|]Basculegion||ChoiceScarf|Adaptability|WaveCrash,AquaJet,FlipTurn,LastRespects|Jolly||M|||50|]Kommo-o||LifeOrb|Soundproof|ClangingScales,DracoMeteor,AuraSphere,Protect|Modest||F|||50|]Kingambit||FocusSash|Defiant|SuckerPunch,KowtowCleave,IronHead,Protect|Adamant||M|||50|
|inactive|Battle timer is ON: inactive players will automatically lose when time's up. (requested by bzzzzzzddddz)
|inactive|bzzzzzzddddz has 60 seconds left.
|
|t:|1785125839
|teamsize|p1|4
|teamsize|p2|4
|start
|switch|p1a: Espathra|Espathra, L50, F|100/100
|switch|p1b: Scovillain|Scovillain, L50, F, shiny|100/100
|switch|p2a: Nuke.|Glimmora, L50, F, shiny|100/100
|switch|p2b: BIRDDD|Talonflame, L50, F, shiny|100/100
|turn|1
|inactive|bzzzzzzddddz has 30 seconds left.
|
|t:|1785125866
|detailschange|p2a: Nuke.|Glimmora-Mega, L50, F, shiny
|-mega|p2a: Nuke.|Glimmora|Glimmoranite
|move|p1a: Espathra|Protect|p1a: Espathra
|-singleturn|p1a: Espathra|Protect
|move|p1b: Scovillain|Protect|p1b: Scovillain
|-singleturn|p1b: Scovillain|Protect
|move|p2b: BIRDDD|Tailwind|p2b: BIRDDD
|-sidestart|p2: castoriceball|move: Tailwind
|move|p2a: Nuke.|Sludge Bomb|p1a: Espathra
|-activate|p1a: Espathra|move: Protect
|
|-ability|p1a: Espathra|Speed Boost|boost
|-boost|p1a: Espathra|spe|1
|-ability|p1b: Scovillain|Moody|boost
|-boost|p1b: Scovillain|def|2
|-unboost|p1b: Scovillain|spa|1
|upkeep
|turn|2
|inactive|bzzzzzzddddz has 30 seconds left.
|inactive|castoriceball has 30 seconds left.
|
|t:|1785125895
|switch|p2b: Komm-OH-NOOO|Kommo-o, L50, F, shiny|100/100
|switch|p1a: Archaludon|Archaludon, L50, F|100/100
|move|p2a: Nuke.|Sludge Bomb|p1b: Scovillain
|-supereffective|p1b: Scovillain|1
|-damage|p1b: Scovillain|0 fnt
|faint|p1b: Scovillain
|
|upkeep
|
|t:|1785125904
|switch|p1b: Espathra|Espathra, L50, F|100/100
|turn|3
|
|t:|1785125915
|move|p1a: Archaludon|Protect|p1a: Archaludon
|-singleturn|p1a: Archaludon|Protect
|move|p2a: Nuke.|Sludge Bomb|p1b: Espathra
|-damage|p1b: Espathra|9/100
|move|p2b: Komm-OH-NOOO|Aura Sphere|p1a: Archaludon
|-activate|p1a: Archaludon|move: Protect
|move|p1b: Espathra|Calm Mind|p1b: Espathra
|-boost|p1b: Espathra|spa|1
|-boost|p1b: Espathra|spd|1
|
|-ability|p1b: Espathra|Speed Boost|boost
|-boost|p1b: Espathra|spe|1
|upkeep
|turn|4
|
|t:|1785125935
|switch|p2a: BIRDDD|Talonflame, L50, F, shiny|100/100
|switch|p1a: Meganium|Meganium, L50, M|100/100
|move|p1b: Espathra|Protect|p1b: Espathra
|-singleturn|p1b: Espathra|Protect
|move|p2b: Komm-OH-NOOO|Aura Sphere|p1a: Meganium
|-damage|p1a: Meganium|47/100
|-damage|p2b: Komm-OH-NOOO|90/100|[from] item: Life Orb
|
|-sideend|p2: castoriceball|move: Tailwind
|-ability|p1b: Espathra|Speed Boost|boost
|-boost|p1b: Espathra|spe|1
|upkeep
|turn|5
|inactive|bzzzzzzddddz has 30 seconds left.
|inactive|bzzzzzzddddz has 20 seconds left.
|inactive|bzzzzzzddddz has 15 seconds left.
|
|t:|1785125976
|detailschange|p1a: Meganium|Meganium-Mega, L50, M
|-mega|p1a: Meganium|Meganium|Meganiumite
|move|p2a: BIRDDD|Tailwind|p2a: BIRDDD
|-sidestart|p2: castoriceball|move: Tailwind
|move|p2b: Komm-OH-NOOO|Aura Sphere|p1b: Espathra
|-resisted|p1b: Espathra|1
|-damage|p1b: Espathra|0 fnt
|faint|p1b: Espathra
|-damage|p2b: Komm-OH-NOOO|81/100|[from] item: Life Orb
|move|p1a: Meganium|Dazzling Gleam|p2a: BIRDDD|[spread] p2a,p2b
|-resisted|p2a: BIRDDD|1
|-supereffective|p2b: Komm-OH-NOOO|2
|-damage|p2a: BIRDDD|74/100
|-damage|p2b: Komm-OH-NOOO|0 fnt
|faint|p2b: Komm-OH-NOOO
|
|upkeep
|
|t:|1785125994
|switch|p2b: Nuke.|Glimmora-Mega, L50, F, shiny|100/100
|switch|p1b: Archaludon|Archaludon, L50, F|100/100
|turn|6
|inactive|bzzzzzzddddz has 30 seconds left.
|
|t:|1785126023
|move|p1a: Meganium|Protect|p1a: Meganium
|-singleturn|p1a: Meganium|Protect
|move|p2a: BIRDDD|Flare Blitz|p1a: Meganium
|-activate|p1a: Meganium|move: Protect
|move|p2b: Nuke.|Earth Power|p1b: Archaludon
|-supereffective|p1b: Archaludon|1
|-damage|p1b: Archaludon|26/100
|-ability|p1b: Archaludon|Stamina|boost
|-boost|p1b: Archaludon|def|1
|move|p1b: Archaludon|Flash Cannon|p2b: Nuke.
|-supereffective|p2b: Nuke.|1
|-damage|p2b: Nuke.|10/100
|
|-heal|p1b: Archaludon|32/100|[from] item: Leftovers
|upkeep
|turn|7
|
|t:|1785126046
|move|p2a: BIRDDD|Flare Blitz|p1a: Meganium
|-supereffective|p1a: Meganium|1
|-damage|p1a: Meganium|0 fnt
|faint|p1a: Meganium
|-damage|p2a: BIRDDD|57/100|[from] Recoil
|move|p2b: Nuke.|Earth Power|p1b: Archaludon
|-supereffective|p1b: Archaludon|1
|-damage|p1b: Archaludon|0 fnt
|faint|p1b: Archaludon
|
|win|castoriceball
|raw|bzzzzzzddddz's rating: 1236 → 1222(-14 for losing)
|raw|castoriceball's rating: 1408 → 1419(+11 for winning)
|l|☆bzzzzzzddddz
|player|p1|
