|j|☆new mental
|j|☆Il Mule
|html|new mentalIl Mule    
|uhtml|bestof|Game 2 of a best-of-3
|t:|1785332450
|gametype|doubles
|player|p1|new mental|volkner|1370
|player|p2|Il Mule|salvatore|1452
|gen|9
|tier|[Gen 9 Champions] VGC 2026 Reg M-B (Bo3)
|rated|
|rule|Species Clause: Limit one of each Pokémon
|rule|Item Clause: Limit 1 of each item
|clearpoke
|poke|p1|Charizard, L50, F|
|poke|p1|Garchomp, L50, F|
|poke|p1|Incineroar, L50, M|
|poke|p1|Venusaur, L50, M|
|poke|p1|Toxapex, L50, M|
|poke|p1|Sylveon, L50, F|
|poke|p2|Excadrill, L50, M|
|poke|p2|Tyranitar, L50, F|
|poke|p2|Sneasler, L50, M|
|poke|p2|Incineroar, L50, F|
|poke|p2|Froslass, L50, F|
|poke|p2|Sinistcha, L50|
|teampreview|4
|showteam|p1|Charizard||CharizarditeY|SolarPower|WeatherBall,HeatWave,AncientPower,Protect|Modest||F|||50|]Garchomp||ChoiceScarf|RoughSkin|RockSlide,DragonClaw,Earthquake,StompingTantrum|Adamant||F|||50|]Incineroar||SitrusBerry|Intimidate|FlareBlitz,FakeOut,DarkestLariat,PartingShot|Impish||M|||50|]Venusaur||LifeOrb|Chlorophyll|SludgeBomb,LeafStorm,EarthPower,Protect|Modest||M|||50|]Toxapex||Leftovers|Regenerator|Infestation,Toxic,WideGuard,BanefulBunker|Bold||M|||50|]Sylveon||FairyFeather|Pixilate|HyperVoice,QuickAttack,Yawn,Detect|Modest||F|||50|
|showteam|p2|Excadrill||FocusSash|SandRush|HighHorsepower,RockSlide,IronHead,Protect|Adamant||M|||50|]Tyranitar||Tyranitarite|SandStream|KnockOff,RockSlide,DragonDance,Protect|Adamant||F|||50|]Sneasler||WhiteHerb|Unburden|CloseCombat,DireClaw,Coaching,FakeOut|Jolly||M|||50|]Incineroar||SitrusBerry|Intimidate|FlareBlitz,HelpingHand,PartingShot,FakeOut|Impish||F|||50|]Froslass||Froslassite|CursedBody|Blizzard,ShadowBall,NastyPlot,Protect|Timid||F|||50|]Sinistcha||ColburBerry|Hospitality|ShadowBall,LeafStorm,RagePowder,Protect|Bold|||||50|
|j| rovesciaporci
|j| estupinanthepuledr
|c|☆Il Mule|ho detenuto per scoutare le speed con zard
|j| Tridello
|c|☆Il Mule|prendi appunti nencioni
|j| Jenny Nencioni
|c|☆new mental|ok
|c| Jenny Nencioni|Ci speravo
|c|☆new mental|era obvio
|c|☆new mental|che era piu veloce
|j| tyruntula
|
|t:|1785332499
|teamsize|p1|4
|teamsize|p2|4
|start
|switch|p1a: Charizard|Charizard, L50, F|100/100
|switch|p1b: Incineroar|Incineroar, L50, M|100/100
|switch|p2a: Sabotage|Sneasler, L50, M|100/100
|switch|p2b: Quando provo|Tyranitar, L50, F|100/100
|-weather|Sandstorm|[from] ability: Sand Stream|[of] p2b: Quando provo
|-ability|p1b: Incineroar|Intimidate|boost
|-unboost|p2a: Sabotage|atk|1
|-unboost|p2b: Quando provo|atk|1
|-enditem|p2a: Sabotage|White Herb
|-clearnegativeboost|p2a: Sabotage|[silent]
|turn|1
|c| Jenny Nencioni|Più veloce della luve
|c|☆Il Mule|meglio scoutare che deficere diceva apollonio rodio
|c|☆new mental|chi
|
|t:|1785332533
|switch|p1b: Venusaur|Venusaur, L50, M|100/100
|detailschange|p1a: Charizard|Charizard-Mega-Y, L50, F
|-mega|p1a: Charizard|Charizard|Charizardite Y
|-weather|SunnyDay|[from] ability: Drought|[of] p1a: Charizard
|move|p1a: Charizard|Protect|p1a: Charizard
|-singleturn|p1a: Charizard|Protect
|move|p2a: Sabotage|Fake Out|p1b: Venusaur
|-damage|p1b: Venusaur|84/100
|move|p2b: Quando provo|Dragon Dance|p2b: Quando provo
|-boost|p2b: Quando provo|atk|1
|-boost|p2b: Quando provo|spe|1
|
|-weather|SunnyDay|[upkeep]
|upkeep
|turn|2
|c|☆Il Mule|l'autore delle argonautiche
|c| Jenny Nencioni|Meglio scoutare che detergere
|c| tyruntula|Spiega meglio chi lo ha detto
|c|☆Il Mule|giasone e il vello d'oro
|c| Tridello|apollonio rodio
|c| Jenny Nencioni|Nasone e gli argonauti
|c|☆new mental|chi cazzo eh apollonio rodio
|
|t:|1785332563
|switch|p1a: Incineroar|Incineroar, L50, M|100/100
|-ability|p1a: Incineroar|Intimidate|boost
|-unboost|p2a: Sabotage|atk|1
|-unboost|p2b: Quando provo|atk|1
|detailschange|p2b: Quando provo|Tyranitar-Mega, L50, F
|-mega|p2b: Quando provo|Tyranitar|Tyranitarite
|-weather|Sandstorm|[from] ability: Sand Stream|[of] p2b: Quando provo
|move|p2a: Sabotage|Coaching|p2b: Quando provo
|-boost|p2b: Quando provo|atk|1
|-boost|p2b: Quando provo|def|1
|move|p2b: Quando provo|Rock Slide|p1b: Venusaur|[spread] p1a,p1b
|-supereffective|p1a: Incineroar|1
|-damage|p1a: Incineroar|51/100
|-damage|p1b: Venusaur|47/100
|move|p1b: Venusaur|Earth Power|p2a: Sabotage
|-supereffective|p2a: Sabotage|1
|-damage|p2a: Sabotage|15/100
|-damage|p1b: Venusaur|37/100|[from] item: Life Orb
|
|-weather|Sandstorm|[upkeep]
|-damage|p2a: Sabotage|9/100|[from] Sandstorm
|-damage|p1b: Venusaur|32/100|[from] Sandstorm
|-damage|p1a: Incineroar|45/100|[from] Sandstorm
|-enditem|p1a: Incineroar|Sitrus Berry|[eat]
|-heal|p1a: Incineroar|70/100|[from] item: Sitrus Berry
|upkeep
|turn|3
|c| Jenny Nencioni|Mio cugino
|l| Tridello
|j| Tridello
|c| tyruntula|Spiegare la differenza tra apollonio e rodio è cone scegliere tra la cioccolata e la cioccorana
|
|t:|1785332605
|move|p2b: Quando provo|Protect|p2b: Quando provo
|-singleturn|p2b: Quando provo|Protect
|move|p1a: Incineroar|Fake Out|p2a: Sabotage
|-damage|p2a: Sabotage|0 fnt
|faint|p2a: Sabotage
|move|p1b: Venusaur|Leaf Storm|p2b: Quando provo
|-activate|p2b: Quando provo|move: Protect
|
|-weather|Sandstorm|[upkeep]
|-damage|p1b: Venusaur|26/100|[from] Sandstorm
|-damage|p1a: Incineroar|64/100|[from] Sandstorm
|upkeep
|
|t:|1785332612
|switch|p2a: Sidy|Incineroar, L50, F|100/100
|-ability|p2a: Sidy|Intimidate|boost
|-unboost|p1a: Incineroar|atk|1
|-unboost|p1b: Venusaur|atk|1
|turn|4
|c| Jenny Nencioni|Te la dai una svegliata che stai pushando i 30?
|c| tyruntula|Boia
|
|t:|1785332632
|move|p1b: Venusaur|Protect|p1b: Venusaur
|-singleturn|p1b: Venusaur|Protect
|move|p2a: Sidy|Fake Out|p1a: Incineroar
|-damage|p1a: Incineroar|56/100
|move|p2b: Quando provo|Dragon Dance|p2b: Quando provo
|-boost|p2b: Quando provo|atk|1
|-boost|p2b: Quando provo|spe|1
|cant|p1a: Incineroar|flinch
|
|-weather|Sandstorm|[upkeep]
|-damage|p1b: Venusaur|20/100y|[from] Sandstorm
|-damage|p1a: Incineroar|50/100g|[from] Sandstorm
|-damage|p2a: Sidy|94/100|[from] Sandstorm
|upkeep
|turn|5
|c| tyruntula|Sono ancora ancora un teen
|c|☆Il Mule|ok google cerca redhead teen
|
|t:|1785332670
|switch|p1b: Garchomp|Garchomp, L50, F|100/100
|move|p2b: Quando provo|Protect|p2b: Quando provo
|-singleturn|p2b: Quando provo|Protect
|move|p1a: Incineroar|Parting Shot|p2b: Quando provo
|-activate|p2b: Quando provo|move: Protect
|move|p2a: Sidy|Flare Blitz|p1b: Garchomp
|-resisted|p1b: Garchomp|1
|-damage|p1b: Garchomp|75/100
|-damage|p2a: Sidy|81/100|[from] ability: Rough Skin|[of] p1b: Garchomp
|-damage|p2a: Sidy|74/100|[from] Recoil
|
|-weather|Sandstorm|[upkeep]
|-damage|p2a: Sidy|68/100|[from] Sandstorm
|-damage|p1a: Incineroar|45/100|[from] Sandstorm
|upkeep
|turn|6
|c| rovesciaporci|piazza teen a men
|c| Jenny Nencioni|Questa da ban eh brule
|
|t:|1785332688
|switch|p1a: Charizard|Charizard-Mega-Y, L50, F|100/100
|-weather|SunnyDay|[from] ability: Drought|[of] p1a: Charizard
|move|p2b: Quando provo|Rock Slide|p1a: Charizard|[spread] p1a,p1b
|-supereffective|p1a: Charizard|2
|-resisted|p1b: Garchomp|1
|-damage|p1a: Charizard|0 fnt
|-damage|p1b: Garchomp|51/100
|faint|p1a: Charizard
|move|p1b: Garchomp|Earthquake|p2a: Sidy|[spread] p2a,p2b
|-supereffective|p2a: Sidy|1
|-supereffective|p2b: Quando provo|1
|-damage|p2a: Sidy|2/100
|-damage|p2b: Quando provo|64/100
|-enditem|p2a: Sidy|Sitrus Berry|[eat]
|-heal|p2a: Sidy|27/100|[from] item: Sitrus Berry
|move|p2a: Sidy|Parting Shot|p1b: Garchomp
|-unboost|p1b: Garchomp|atk|1
|-unboost|p1b: Garchomp|spa|1
|c| Tridello|ok google cerca apollonio rodio
|
|t:|1785332706
|switch|p2a: Las brulè|Sinistcha, L50|100/100|[from] Parting Shot
|-heal|p2b: Quando provo|89/100|[from] ability: Hospitality|[of] p2a: Las brulè
|
|-weather|SunnyDay|[upkeep]
|upkeep
|c| Jenny Nencioni|Codroipo
|c|☆new mental|ah apolonio de rodas
|
|t:|1785332720
|switch|p1a: Incineroar|Incineroar, L50, M|45/100
|-ability|p1a: Incineroar|Intimidate|boost
|-unboost|p2a: Las brulè|atk|1
|-unboost|p2b: Quando provo|atk|1
|turn|7
|
|t:|1785332727
|switch|p1b: Venusaur|Venusaur, L50, M|20/100y
|switch|p2a: Sidy|Incineroar, L50, F|27/100
|-ability|p2a: Sidy|Intimidate|boost
|-unboost|p1a: Incineroar|atk|1
|-unboost|p1b: Venusaur|atk|1
|move|p1a: Incineroar|Fake Out|p2b: Quando provo
|-resisted|p2b: Quando provo|1
|-damage|p2b: Quando provo|87/100
|cant|p2b: Quando provo|flinch
|
|-weather|SunnyDay|[upkeep]
|upkeep
|turn|8
|c| rovesciaporci|corazon espinado
|c| tyruntula|El topo que gira
|c|☆new mental|jajajaja
|c| Jenny Nencioni|Sporting Gijòn
|
|t:|1785332745
|move|p1b: Venusaur|Protect|p1b: Venusaur
|-singleturn|p1b: Venusaur|Protect
|move|p2a: Sidy|Fake Out|p1b: Venusaur
|-activate|p1b: Venusaur|move: Protect
|move|p2b: Quando provo|Dragon Dance|p2b: Quando provo
|-boost|p2b: Quando provo|atk|1
|-boost|p2b: Quando provo|spe|1
|move|p1a: Incineroar|Parting Shot|p2b: Quando provo
|-unboost|p2b: Quando provo|atk|1
|-unboost|p2b: Quando provo|spa|1
|
|t:|1785332748
|switch|p1a: Garchomp|Garchomp, L50, F|51/100|[from] Parting Shot
|
|-weather|SunnyDay|[upkeep]
|upkeep
|turn|9
|c| Tridello|en la cocina
|c|☆new mental|que grande el sporting
|c| tyruntula|Il sole splende e gli uccellini cantano
|c|☆new mental|ma il mio cuore eh napoletano
|
|t:|1785332793
|switch|p2a: Las brulè|Sinistcha, L50|100/100
|-heal|p2b: Quando provo|100/100|[from] ability: Hospitality|[of] p2a: Las brulè
|move|p2b: Quando provo|Rock Slide|p1a: Garchomp|[spread] p1b
|-miss|p2b: Quando provo|p1a: Garchomp
|-damage|p1b: Venusaur|0 fnt
|faint|p1b: Venusaur
|move|p1a: Garchomp|Stomping Tantrum|p2b: Quando provo
|-supereffective|p2b: Quando provo|1
|-damage|p2b: Quando provo|63/100
|
|-weather|SunnyDay|[upkeep]
|upkeep
|l| Jenny Nencioni
|
|t:|1785332801
|switch|p1b: Incineroar|Incineroar, L50, M|45/100
|-ability|p1b: Incineroar|Intimidate|boost
|-unboost|p2a: Las brulè|atk|1
|-unboost|p2b: Quando provo|atk|1
|turn|10
|c| tyruntula|Maradona questa è per te
|
|t:|1785332806
|switch|p2a: Sidy|Incineroar, L50, F|27/100
|-ability|p2a: Sidy|Intimidate|boost
|-unboost|p1a: Garchomp|atk|1
|-unboost|p1b: Incineroar|atk|1
|move|p2b: Quando provo|Protect|p2b: Quando provo
|-singleturn|p2b: Quando provo|Protect
|move|p1a: Garchomp|Stomping Tantrum|p2b: Quando provo
|-activate|p2b: Quando provo|move: Protect
|move|p1b: Incineroar|Flare Blitz|p2a: Sidy
|-resisted|p2a: Sidy|1
|-damage|p2a: Sidy|9/100
|-damage|p1b: Incineroar|39/100|[from] Recoil
|
|-weather|none
|upkeep
|turn|11
|l| rovesciaporci
|j| Jenny Nencioni
|
|t:|1785332828
|move|p2a: Sidy|Helping Hand|p2b: Quando provo
|-singleturn|p2b: Quando provo|Helping Hand|[of] p2a: Sidy
|move|p2b: Quando provo|Knock Off|p1a: Garchomp
|-damage|p1a: Garchomp|0 fnt
|-damage|p2b: Quando provo|51/100|[from] ability: Rough Skin|[of] p1a: Garchomp
|-enditem|p1a: Garchomp|Choice Scarf|[from] move: Knock Off|[of] p2b: Quando provo
|faint|p1a: Garchomp
|move|p1b: Incineroar|Parting Shot|p2b: Quando provo
|-unboost|p2b: Quando provo|atk|1
|-unboost|p2b: Quando provo|spa|1
|
|upkeep
|turn|12
|c| tyruntula|Una lenta agonia che tutte le feste porta via
|c| Jenny Nencioni|Vesuvio lavali
|
|t:|1785332840
|move|p2b: Quando provo|Rock Slide|p1b: Incineroar
|-supereffective|p1b: Incineroar|1
|-damage|p1b: Incineroar|6/100
|cant|p1b: Incineroar|flinch
|move|p2a: Sidy|Parting Shot|p1b: Incineroar
|-unboost|p1b: Incineroar|atk|1
|-unboost|p1b: Incineroar|spa|1
|l| Jenny Nencioni
|
|t:|1785332843
|switch|p2a: Las brulè|Sinistcha, L50|100/100|[from] Parting Shot
|-heal|p2b: Quando provo|75/100|[from] ability: Hospitality|[of] p2a: Las brulè
|
|upkeep
|turn|13
|
|t:|1785332846
|switch|p2a: Sidy|Incineroar, L50, F|9/100
|-ability|p2a: Sidy|Intimidate|boost
|-unboost|p1b: Incineroar|atk|1
|move|p2b: Quando provo|Knock Off|p1b: Incineroar
|-resisted|p1b: Incineroar|1
|-damage|p1b: Incineroar|0 fnt
|faint|p1b: Incineroar
|
|win|Il Mule
|raw|new mental's rating: 1370 → 1355(-15 for losing)
|raw|Il Mule's rating: 1452 → 1467(+15 for winning)
