|j|☆irishshyguy
|j|☆Xto80
|html|irishshyguyXto80    
|uhtml|bestof|Game 1 of a best-of-3
|t:|1782562141
|gametype|doubles
|player|p1|irishshyguy|barry|
|player|p2|Xto80|policeman-gen4|
|gen|9
|tier|[Gen 9 Champions] VGC 2026 Reg M-B (Bo3)
|rule|Species Clause: Limit one of each Pokémon
|rule|Item Clause: Limit 1 of each item
|clearpoke
|poke|p1|Lopunny, L50, F|
|poke|p1|Gardevoir, L50, F|
|poke|p1|Gliscor, L50, F|
|poke|p1|Meowstic, L50, M|
|poke|p1|Noivern, L50, F|
|poke|p1|Jolteon, L50, F|
|poke|p2|Charizard, L50, M|
|poke|p2|Chesnaught, L50, M|
|poke|p2|Scovillain, L50, M|
|poke|p2|Dragonite, L50, F|
|poke|p2|Ceruledge, L50, M|
|poke|p2|Machamp, L50, M|
|teampreview|4
|showteam|p1|Lopunny||Lopunnite|CuteCharm|CloseCombat,CircleThrow,FakeOut,ThunderPunch|Jolly||F|||50|]Gardevoir||FocusSash|Telepathy|AlluringVoice,HyperVoice,Taunt,FirePunch|Hasty||F|||50|]Gliscor||MentalHerb|HyperCutter|Tailwind,Earthquake,GunkShot,RainDance|Jolly||F|||50|]Meowstic||ExpertBelt|Prankster|FakeOut,Reflect,EnergyBall,PsychicNoise|Hasty||M|||50|]Noivern||BrightPowder|Frisk|DracoMeteor,SuperFang,IronTail,Uturn|Hasty||F|||50|]Jolteon||ShucaBerry|VoltAbsorb|Detect,ThunderWave,DoubleEdge,AlluringVoice|Hasty||F|||50|
|showteam|p2|Charizard||CharizarditeY|SolarPower|WeatherBall,SolarBeam,RockSlide,DragonTail|Hasty||M|||50|]Chesnaught||ExpertBelt|Bulletproof|GigaDrain,PoisonJab,CloseCombat,SpikyShield|Relaxed||M|||50|]Scovillain||Leftovers|Chlorophyll|SolarBeam,Overheat,WillOWisp,Substitute|Timid||M|||50|]Dragonite||LightClay|Multiscale|LightScreen,DracoMeteor,ExtremeSpeed,IceSpinner|Brave||F|||50|]Ceruledge||FocusSash|FlashFire|BitterBlade,CloseCombat,ShadowClaw,SwordsDance|Jolly||M|||50|]Machamp||BlackBelt|NoGuard|CloseCombat,DynamicPunch,StoneEdge,CrossChop|Adamant||M|||50|
|
|t:|1782562184
|teamsize|p1|4
|teamsize|p2|4
|start
|switch|p1a: Gliscor|Gliscor, L50, F|100/100
|switch|p1b: Lopunny|Lopunny, L50, F|100/100
|switch|p2a: Charizard|Charizard, L50, M|100/100
|switch|p2b: Chesnaught|Chesnaught, L50, M|100/100
|turn|1
|
|t:|1782562212
|detailschange|p1b: Lopunny|Lopunny-Mega, L50, F
|-mega|p1b: Lopunny|Lopunny|Lopunnite
|detailschange|p2a: Charizard|Charizard-Mega-Y, L50, M
|-mega|p2a: Charizard|Charizard|Charizardite Y
|-weather|SunnyDay|[from] ability: Drought|[of] p2a: Charizard
|move|p1b: Lopunny|Fake Out|p2a: Charizard
|-damage|p2a: Charizard|66/100
|cant|p2a: Charizard|flinch
|move|p1a: Gliscor|Tailwind|p1a: Gliscor
|-sidestart|p1: irishshyguy|move: Tailwind
|move|p2b: Chesnaught|Close Combat|p1b: Lopunny
|-supereffective|p1b: Lopunny|1
|-damage|p1b: Lopunny|0 fnt
|-unboost|p2b: Chesnaught|def|1
|-unboost|p2b: Chesnaught|spd|1
|faint|p1b: Lopunny
|
|-weather|SunnyDay|[upkeep]
|upkeep
|
|t:|1782562302
|switch|p1b: Jolteon|Jolteon, L50, F|100/100
|turn|2
|
|t:|1782562325
|move|p1b: Jolteon|Double-Edge|p2b: Chesnaught
|-damage|p2b: Chesnaught|83/100
|-damage|p1b: Jolteon|93/100|[from] Recoil
|move|p1a: Gliscor|Rain Dance|p1a: Gliscor
|-weather|RainDance
|move|p2a: Charizard|Solar Beam||[still]
|-prepare|p2a: Charizard|Solar Beam
|move|p2b: Chesnaught|Poison Jab|p1b: Jolteon
|-damage|p1b: Jolteon|57/100
|
|-weather|RainDance|[upkeep]
|upkeep
|turn|3
|
|t:|1782562367
|move|p1b: Jolteon|Detect|p1b: Jolteon
|-singleturn|p1b: Jolteon|Protect
|move|p1a: Gliscor|Gunk Shot|p2b: Chesnaught
|-supereffective|p2b: Chesnaught|1
|-damage|p2b: Chesnaught|18/100
|-status|p2b: Chesnaught|psn
|move|p2a: Charizard|Solar Beam|p1a: Gliscor|[from] lockedmove
|-damage|p1a: Gliscor|62/100
|move|p2b: Chesnaught|Close Combat|p1b: Jolteon
|-activate|p1b: Jolteon|move: Protect
|
|-weather|RainDance|[upkeep]
|-damage|p2b: Chesnaught|6/100 psn|[from] psn
|upkeep
|turn|4
|
|t:|1782562421
|switch|p2a: Ceruledge|Ceruledge, L50, M|100/100
|move|p1b: Jolteon|Alluring Voice|p2a: Ceruledge
|-resisted|p2a: Ceruledge|1
|-damage|p2a: Ceruledge|88/100
|move|p1a: Gliscor|Gunk Shot|p2a: Ceruledge
|-resisted|p2a: Ceruledge|1
|-damage|p2a: Ceruledge|65/100
|move|p2b: Chesnaught|Close Combat|p1a: Gliscor
|-resisted|p1a: Gliscor|1
|-damage|p1a: Gliscor|42/100
|-unboost|p2b: Chesnaught|def|1
|-unboost|p2b: Chesnaught|spd|1
|
|-weather|RainDance|[upkeep]
|-damage|p2b: Chesnaught|0 fnt|[from] psn
|faint|p2b: Chesnaught
|-sideend|p1: irishshyguy|move: Tailwind
|upkeep
|
|t:|1782562445
|switch|p2b: Charizard|Charizard-Mega-Y, L50, M|66/100
|-weather|SunnyDay|[from] ability: Drought|[of] p2b: Charizard
|turn|5
|
|t:|1782562493
|move|p1b: Jolteon|Thunder Wave|p2a: Ceruledge
|-status|p2a: Ceruledge|par
|move|p2b: Charizard|Solar Beam||[still]
|-prepare|p2b: Charizard|Solar Beam
|-anim|p2b: Charizard|Solar Beam|p1a: Gliscor
|-damage|p1a: Gliscor|0 fnt
|faint|p1a: Gliscor
|move|p2a: Ceruledge|Bitter Blade|p1b: Jolteon
|-damage|p1b: Jolteon|0 fnt
|-heal|p2a: Ceruledge|98/100 par|[from] drain|[of] p1b: Jolteon
|faint|p1b: Jolteon
|
|-weather|SunnyDay|[upkeep]
|upkeep
|
|t:|1782562507
|switch|p1b: Gardevoir|Gardevoir, L50, F|100/100
|turn|6
|
|t:|1782562561
|move|p2b: Charizard|Solar Beam||[still]
|-prepare|p2b: Charizard|Solar Beam
|-anim|p2b: Charizard|Solar Beam|p1b: Gardevoir
|-damage|p1b: Gardevoir|41/100
|move|p1b: Gardevoir|Hyper Voice|p2a: Ceruledge|[spread] p2b
|-immune|p2a: Ceruledge
|-damage|p2b: Charizard|43/100
|move|p2a: Ceruledge|Bitter Blade|p1b: Gardevoir
|-damage|p1b: Gardevoir|0 fnt
|-heal|p2a: Ceruledge|100/100 par|[from] drain|[of] p1b: Gardevoir
|faint|p1b: Gardevoir
|
|win|Xto80
|inactive|irishshyguy has 30 seconds to confirm battle start!
|inactive|Xto80 has 30 seconds to confirm battle start!
||irishshyguy is ready for game 2.
|inactive|Xto80 has 20 seconds to confirm battle start!
||Xto80 is ready for game 2.
|uhtml|next|Next: Game 2 of 3
