|j|☆Charizard shitter
|j|☆viatles
|html|Charizard shitterviatles    
|uhtml|bestof|Game 1 of a best-of-3
|t:|1757008192
|gametype|doubles
|player|p1|Charizard shitter|wattson|1047
|player|p2|viatles|hiker|1139
|gen|9
|tier|[Gen 9] VGC 2025 Reg H (Bo3)
|rated|
|rule|Species Clause: Limit one of each Pokémon
|rule|Item Clause: Limit 1 of each item
|clearpoke
|poke|p1|Incineroar, L50, F|
|poke|p1|Porygon2, L50|
|poke|p1|Amoonguss, L50, M|
|poke|p1|Ursaluna, L50, F|
|poke|p1|Gholdengo, L50|
|poke|p1|Flamigo, L50, M|
|poke|p2|Serperior, L50, M|
|poke|p2|Grimmsnarl, L50, M|
|poke|p2|Empoleon, L50, M|
|poke|p2|Garchomp, L50, M|
|poke|p2|Araquanid, L50, M|
|poke|p2|Garganacl, L50, M|
|teampreview|4
|showteam|p1|Incineroar||SafetyGoggles|Intimidate|FakeOut,FlareBlitz,PartingShot,KnockOff|||F|||50|,,,,,Grass]Porygon2||Eviolite|Download|TeraBlast,TrickRoom,IceBeam,Recover||||||50|,,,,,Fighting]Amoonguss||MentalHerb|Regenerator|Spore,PollenPuff,RagePowder,Protect|||M|||50|,,,,,Water]Ursaluna||FlameOrb|Guts|Facade,HeadlongRush,Earthquake,Protect|||F|||50|,,,,,Normal]Gholdengo||LifeOrb|GoodasGold|MakeItRain,ShadowBall,NastyPlot,Protect||||||50|,,,,,Dragon]Flamigo||FocusSash|Scrappy|CloseCombat,BraveBird,WideGuard,Protect|||M|||50|,,,,,Ghost
|showteam|p2|Serperior||CovertCloak|Contrary|Protect,LeafStorm,TeraBlast,GrassPledge|||M|||50|,,,,,Stellar]Grimmsnarl||LightClay|Prankster|LightScreen,Reflect,SpiritBreak,ThunderWave|||M|||50|,,,,,Ghost]Empoleon||ChopleBerry|Competitive|WaterPledge,FlashCannon,Haze,Protect|||M|||50|,,,,,Grass]Garchomp||LoadedDice|RoughSkin|ScaleShot,Earthquake,IronHead,Protect|||M|||50|,,,,,Steel]Araquanid||SafetyGoggles|WaterBubble|WideGuard,Protect,Liquidation,Infestation|||M|||50|,,,,,Grass]Garganacl||Leftovers|PurifyingSalt|SaltCure,Recover,Protect,ThunderPunch|||M|||50|,,,,,Water
|c|☆viatles|gl hf
|inactive|Battle timer is ON: inactive players will automatically lose when time's up. (requested by viatles)
|c|☆Charizard shitter|glhf
|inactive|Charizard shitter has 60 seconds left.
|
|t:|1757008235
|teamsize|p1|4
|teamsize|p2|4
|start
|switch|p1a: Flamigo|Flamigo, L50, M|100/100
|switch|p1b: Incineroar|Incineroar, L50, F|100/100
|switch|p2a: Grimmsnarl|Grimmsnarl, L50, M|100/100
|switch|p2b: Garchomp|Garchomp, L50, M|100/100
|-ability|p1b: Incineroar|Intimidate|boost
|-unboost|p2a: Grimmsnarl|atk|1
|-unboost|p2b: Garchomp|atk|1
|turn|1
|inactive|Charizard shitter has 30 seconds left.
|
|t:|1757008263
|-terastallize|p2a: Grimmsnarl|Ghost
|move|p2b: Garchomp|Protect|p2b: Garchomp
|-singleturn|p2b: Garchomp|Protect
|move|p1b: Incineroar|Fake Out|p2b: Garchomp
|-activate|p2b: Garchomp|move: Protect
|move|p2a: Grimmsnarl|Thunder Wave|p1a: Flamigo
|-status|p1a: Flamigo|par
|move|p1a: Flamigo|Close Combat|p2a: Grimmsnarl
|-damage|p2a: Grimmsnarl|46/100
|-unboost|p1a: Flamigo|def|1
|-unboost|p1a: Flamigo|spd|1
|
|upkeep
|turn|2
|inactive|Charizard shitter has 30 seconds left.
|
|t:|1757008297
|-terastallize|p1b: Incineroar|Grass
|move|p2a: Grimmsnarl|Reflect|p2a: Grimmsnarl
|-sidestart|p2: viatles|Reflect
|move|p2b: Garchomp|Scale Shot|p1a: Flamigo
|-damage|p1a: Flamigo|81/100 par
|-damage|p1a: Flamigo|60/100 par
|-damage|p1a: Flamigo|38/100 par
|-damage|p1a: Flamigo|18/100 par
|-damage|p1a: Flamigo|0 fnt
|faint|p1a: Flamigo
|-hitcount|p1: Flamigo|5
|-unboost|p2b: Garchomp|def|1
|-boost|p2b: Garchomp|spe|1
|move|p1b: Incineroar|Parting Shot|p2b: Garchomp
|-unboost|p2b: Garchomp|atk|1
|-unboost|p2b: Garchomp|spa|1
|
|t:|1757008313
|switch|p1b: Gholdengo|Gholdengo, L50|100/100|[from] Parting Shot
|
|upkeep
|
|t:|1757008320
|switch|p1a: Incineroar|Incineroar, L50, F, tera:Grass|100/100
|-ability|p1a: Incineroar|Intimidate|boost
|-unboost|p2a: Grimmsnarl|atk|1
|-unboost|p2b: Garchomp|atk|1
|turn|3
|
|t:|1757008331
|switch|p2b: Araquanid|Araquanid, L50, M|100/100
|move|p2a: Grimmsnarl|Thunder Wave|p1a: Incineroar
|-status|p1a: Incineroar|par
|move|p1b: Gholdengo|Nasty Plot|p1b: Gholdengo
|-boost|p1b: Gholdengo|spa|2
|move|p1a: Incineroar|Parting Shot|p2b: Araquanid
|-unboost|p2b: Araquanid|atk|1
|-unboost|p2b: Araquanid|spa|1
|
|t:|1757008340
|switch|p1a: Amoonguss|Amoonguss, L50, M|100/100|[from] Parting Shot
|
|upkeep
|turn|4
|
|t:|1757008352
|move|p2a: Grimmsnarl|Light Screen|p2a: Grimmsnarl
|-sidestart|p2: viatles|move: Light Screen
|move|p1b: Gholdengo|Shadow Ball|p2b: Araquanid
|-damage|p2b: Araquanid|40/100
|-damage|p1b: Gholdengo|91/100|[from] item: Life Orb
|move|p1a: Amoonguss|Spore|p2a: Grimmsnarl
|-status|p2a: Grimmsnarl|slp|[from] move: Spore
|move|p2b: Araquanid|Infestation|p1b: Gholdengo
|-resisted|p1b: Gholdengo
|-damage|p1b: Gholdengo|90/100
|-activate|p1b: Gholdengo|move: Infestation|[of] p2b: Araquanid
|
|-damage|p1b: Gholdengo|78/100|[from] move: Infestation|[partiallytrapped]
|upkeep
|turn|5
|
|t:|1757008372
|move|p2b: Araquanid|Protect|p2b: Araquanid
|-singleturn|p2b: Araquanid|Protect
|cant|p2a: Grimmsnarl|slp
|move|p1b: Gholdengo|Shadow Ball|p2b: Araquanid
|-activate|p2b: Araquanid|move: Protect
|move|p1a: Amoonguss|Pollen Puff|p1b: Gholdengo
|-heal|p1b: Gholdengo|100/100
|
|-damage|p1b: Gholdengo|88/100|[from] move: Infestation|[partiallytrapped]
|upkeep
|turn|6
|
|t:|1757008393
|switch|p2b: Garchomp|Garchomp, L50, M|100/100
|move|p1b: Gholdengo|Make It Rain|p2a: Grimmsnarl|[spread] p2a,p2b
|-damage|p2a: Grimmsnarl|0 fnt
|-damage|p2b: Garchomp|18/100
|-unboost|p1b: Gholdengo|spa|1
|faint|p2a: Grimmsnarl
|-damage|p1b: Gholdengo|78/100|[from] item: Life Orb
|move|p1a: Amoonguss|Pollen Puff|p1b: Gholdengo
|-heal|p1b: Gholdengo|100/100
|
|-end|p1b: Gholdengo|Infestation|[partiallytrapped]|[silent]
|upkeep
|
|t:|1757008406
|switch|p2a: Araquanid|Araquanid, L50, M|40/100
|turn|7
|
|t:|1757008425
|switch|p1a: Incineroar|Incineroar, L50, F, tera:Grass|100/100 par
|-ability|p1a: Incineroar|Intimidate|boost
|-unboost|p2a: Araquanid|atk|1
|-unboost|p2b: Garchomp|atk|1
|move|p1b: Gholdengo|Protect|p1b: Gholdengo
|-singleturn|p1b: Gholdengo|Protect
|move|p2a: Araquanid|Wide Guard|p2a: Araquanid
|-singleturn|p2a: Araquanid|Wide Guard
|move|p2b: Garchomp|Earthquake|p1b: Gholdengo|[spread] p1a
|-activate|p2a: Araquanid|move: Wide Guard
|-activate|p1b: Gholdengo|move: Protect
|-resisted|p1a: Incineroar
|-damage|p1a: Incineroar|87/100 par
|
|upkeep
|turn|8
|
|t:|1757008450
|move|p1a: Incineroar|Fake Out|p2b: Garchomp
|-damage|p2b: Garchomp|9/100
|-damage|p1a: Incineroar|75/100 par|[from] ability: Rough Skin|[of] p2b: Garchomp
|cant|p2b: Garchomp|flinch
|move|p1b: Gholdengo|Shadow Ball|p2a: Araquanid
|-damage|p2a: Araquanid|0 fnt
|faint|p2a: Araquanid
|-damage|p1b: Gholdengo|91/100|[from] item: Life Orb
|
|upkeep
|
|t:|1757008460
|switch|p2a: Serperior|Serperior, L50, M|100/100
|turn|9
|
|t:|1757008475
|move|p1b: Gholdengo|Protect|p1b: Gholdengo
|-singleturn|p1b: Gholdengo|Protect
|move|p2a: Serperior|Leaf Storm|p1b: Gholdengo
|-activate|p1b: Gholdengo|move: Protect
|move|p2b: Garchomp|Scale Shot|p1a: Incineroar
|-damage|p1a: Incineroar|65/100 par
|-damage|p1a: Incineroar|56/100 par
|-damage|p1a: Incineroar|46/100 par
|-damage|p1a: Incineroar|36/100 par
|-hitcount|p1a: Incineroar|4
|-unboost|p2b: Garchomp|def|1
|-boost|p2b: Garchomp|spe|1
|move|p1a: Incineroar|Parting Shot|p2b: Garchomp
|-unboost|p2b: Garchomp|atk|1
|-unboost|p2b: Garchomp|spa|1
|
|t:|1757008490
|switch|p1a: Amoonguss|Amoonguss, L50, M|100/100|[from] Parting Shot
|
|-sideend|p2: viatles|Reflect
|upkeep
|turn|10
|
|t:|1757008509
|move|p2a: Serperior|Protect|p2a: Serperior
|-singleturn|p2a: Serperior|Protect
|move|p2b: Garchomp|Earthquake|p1a: Amoonguss|[spread] p1a,p1b
|-activate|p2a: Serperior|move: Protect
|-supereffective|p1b: Gholdengo
|-damage|p1a: Amoonguss|84/100
|-damage|p1b: Gholdengo|48/100
|move|p1b: Gholdengo|Make It Rain|p2a: Serperior|[spread] p2b
|-activate|p2a: Serperior|move: Protect
|-damage|p2b: Garchomp|0 fnt
|-unboost|p1b: Gholdengo|spa|1
|faint|p2b: Garchomp
|-damage|p1b: Gholdengo|39/100|[from] item: Life Orb
|move|p1a: Amoonguss|Pollen Puff|p1b: Gholdengo
|-heal|p1b: Gholdengo|89/100
|
|upkeep
|turn|11
|
|t:|1757008530
|move|p2a: Serperior|Tera Blast|p1a: Amoonguss
|-damage|p1a: Amoonguss|67/100
|move|p1b: Gholdengo|Shadow Ball|p2a: Serperior
|-damage|p2a: Serperior|55/100
|-damage|p1b: Gholdengo|79/100|[from] item: Life Orb
|move|p1a: Amoonguss|Pollen Puff|p2a: Serperior
|-supereffective|p2a: Serperior
|-damage|p2a: Serperior|24/100
|
|-sideend|p2: viatles|move: Light Screen
|upkeep
|turn|12
|
|t:|1757008544
|move|p2a: Serperior|Tera Blast|p1a: Amoonguss
|-damage|p1a: Amoonguss|48/100
|move|p1b: Gholdengo|Shadow Ball|p2a: Serperior
|-damage|p2a: Serperior|0 fnt
|faint|p2a: Serperior
|-damage|p1b: Gholdengo|70/100|[from] item: Life Orb
|
|win|Charizard shitter
