|j|☆MikeShinobu
|j|☆buggy es el rey
|html|MikeShinobubuggy es el rey    
|uhtml|bestof|Game 1 of a best-of-3
|t:|1783096635
|gametype|doubles
|player|p1|MikeShinobu|ethan|1098
|player|p2|buggy es el rey|gambler|1087
|gen|9
|tier|[Gen 9 Champions] VGC 2026 Reg M-B (Bo3)
|rated|
|rule|Species Clause: Limit one of each Pokémon
|rule|Item Clause: Limit 1 of each item
|clearpoke
|poke|p1|Whimsicott, L50, F|
|poke|p1|Garchomp, L50, M|
|poke|p1|Staraptor, L50, M|
|poke|p1|Blaziken, L50, M|
|poke|p1|Ninetales-Alola, L50, M|
|poke|p1|Excadrill, L50, M|
|poke|p2|Swampert, L50, M|
|poke|p2|Pelipper, L50, F|
|poke|p2|Gengar, L50, M|
|poke|p2|Sableye, L50, F|
|poke|p2|Grimmsnarl, L50, M|
|poke|p2|Archaludon, L50, M|
|teampreview|4
|showteam|p1|Whimsicott||CobaBerry|Prankster|Encore,Tailwind,Moonblast,Charm|Timid||F|||50|]Garchomp||LifeOrb|RoughSkin|DragonClaw,Earthquake,Protect,RockSlide|Jolly||M|||50|]Staraptor||Staraptite|Intimidate|CloseCombat,BraveBird,Roost,Protect|Jolly||M|||50|]Blaziken||FocusSash|SpeedBoost|Coaching,Protect,BrickBreak,FlareBlitz|Adamant||M|||50|]Ninetales-Alola||LightClay|SnowWarning|Blizzard,Moonblast,AuroraVeil,Protect|Modest||M|||50|]Excadrill||Excadrite|MoldBreaker|Earthquake,HighHorsepower,IronHead,Protect|Jolly||M|||50|
|showteam|p2|Swampert||Swampertite|Damp|Earthquake,IcePunch,WaveCrash,Protect|Adamant||M|||50|]Pelipper||FocusSash|Drizzle|Tailwind,WeatherBall,WideGuard,Uturn|Modest||F|||50|]Gengar||Gengarite|CursedBody|PerishSong,Protect,Disable,ShadowBall|Timid||M|||50|]Sableye||MentalHerb|Prankster|Encore,RainDance,FakeOut,Disable|Relaxed||F|||50|]Grimmsnarl||LightClay|Prankster|FakeOut,LightScreen,Reflect,PartingShot|Relaxed||M|||50|]Archaludon||Leftovers|Stamina|ElectroShot,FlashCannon,Protect,DragonPulse|Calm||M|||50|
|inactive|Battle timer is ON: inactive players will automatically lose when time's up. (requested by MikeShinobu)
|inactive|MikeShinobu has 60 seconds left.
|inactive|buggy es el rey has 60 seconds left.
|
|t:|1783096686
|teamsize|p1|4
|teamsize|p2|4
|start
|switch|p1a: Whimsicott|Whimsicott, L50, F|100/100
|switch|p1b: Excadrill|Excadrill, L50, M|100/100
|switch|p2a: Gengar|Gengar, L50, M|100/100
|switch|p2b: Grimmsnarl|Grimmsnarl, L50, M|100/100
|-ability|p1b: Excadrill|Mold Breaker
|turn|1
|
|t:|1783096705
|detailschange|p2a: Gengar|Gengar-Mega, L50, M
|-mega|p2a: Gengar|Gengar|Gengarite
|detailschange|p1b: Excadrill|Excadrill-Mega, L50, M
|-mega|p1b: Excadrill|Excadrill|Excadrite
|move|p2b: Grimmsnarl|Fake Out|p1b: Excadrill
|-resisted|p1b: Excadrill|1
|-damage|p1b: Excadrill|95/100
|move|p1a: Whimsicott|Tailwind|p1a: Whimsicott
|-sidestart|p1: MikeShinobu|move: Tailwind
|cant|p1b: Excadrill|flinch
|move|p2a: Gengar|Shadow Ball|p1b: Excadrill
|-damage|p1b: Excadrill|29/100
|
|upkeep
|turn|2
|
|t:|1783096724
|move|p1b: Excadrill|Protect|p1b: Excadrill
|-singleturn|p1b: Excadrill|Protect
|move|p2a: Gengar|Protect|p2a: Gengar
|-singleturn|p2a: Gengar|Protect
|move|p2b: Grimmsnarl|Parting Shot|p1a: Whimsicott
|-unboost|p1a: Whimsicott|atk|1
|-unboost|p1a: Whimsicott|spa|1
|
|t:|1783096733
|switch|p2b: Sableye|Sableye, L50, F|100/100|[from] Parting Shot
|move|p1a: Whimsicott|Moonblast|p2b: Sableye
|-supereffective|p2b: Sableye|1
|-damage|p2b: Sableye|42/100
|
|upkeep
|turn|3
|
|t:|1783096746
|move|p2b: Sableye|Fake Out|p1b: Excadrill
|-resisted|p1b: Excadrill|1
|-damage|p1b: Excadrill|26/100
|move|p1a: Whimsicott|Encore|p2a: Gengar
|-start|p2a: Gengar|Encore
|move|p2a: Gengar|Protect||[still]
|-fail|p2a: Gengar
|cant|p1b: Excadrill|flinch
|
|upkeep
|turn|4
|
|t:|1783096765
|move|p1b: Excadrill|Protect|p1b: Excadrill
|-singleturn|p1b: Excadrill|Protect
|move|p2a: Gengar|Protect|p2a: Gengar
|-singleturn|p2a: Gengar|Protect
|move|p1a: Whimsicott|Charm|p2a: Gengar
|-activate|p2a: Gengar|move: Protect
|move|p2b: Sableye|Encore|p1b: Excadrill
|-activate|p1b: Excadrill|move: Protect
|
|-sideend|p1: MikeShinobu|move: Tailwind
|upkeep
|turn|5
|
|t:|1783096779
|move|p2a: Gengar|Protect|p2a: Gengar
|-singleturn|p2a: Gengar|Protect
|move|p1b: Excadrill|Protect||[still]
|-fail|p1b: Excadrill
|move|p2b: Sableye|Encore|p1b: Excadrill
|-start|p1b: Excadrill|Encore
|move|p1a: Whimsicott|Moonblast|p2b: Sableye
|-supereffective|p2b: Sableye|1
|-damage|p2b: Sableye|0 fnt
|faint|p2b: Sableye
|
|-end|p2a: Gengar|Encore
|upkeep
|
|t:|1783096794
|switch|p2b: Pelipper|Pelipper, L50, F|100/100
|-weather|RainDance|[from] ability: Drizzle|[of] p2b: Pelipper
|turn|6
|
|t:|1783096802
|move|p1b: Excadrill|Protect|p1b: Excadrill
|-singleturn|p1b: Excadrill|Protect
|move|p1a: Whimsicott|Encore|p2a: Gengar
|-start|p2a: Gengar|Encore
|move|p2a: Gengar|Protect||[still]
|-fail|p2a: Gengar
|move|p2b: Pelipper|Tailwind|p2b: Pelipper
|-sidestart|p2: buggy es el rey|move: Tailwind
|
|-weather|RainDance|[upkeep]
|upkeep
|turn|7
|
|t:|1783096813
|switch|p2a: Grimmsnarl|Grimmsnarl, L50, M|100/100
|move|p1b: Excadrill|Protect||[still]
|-fail|p1b: Excadrill
|move|p1a: Whimsicott|Tailwind|p1a: Whimsicott
|-sidestart|p1: MikeShinobu|move: Tailwind
|move|p2b: Pelipper|Weather Ball|p1b: Excadrill
|-supereffective|p1b: Excadrill|1
|-damage|p1b: Excadrill|0 fnt
|faint|p1b: Excadrill
|
|-weather|RainDance|[upkeep]
|upkeep
|
|t:|1783096823
|switch|p1b: Ninetales|Ninetales-Alola, L50, M|100/100
|-weather|Snowscape|[from] ability: Snow Warning|[of] p1b: Ninetales
|turn|8
|
|t:|1783096833
|move|p2a: Grimmsnarl|Fake Out|p1b: Ninetales
|-damage|p1b: Ninetales|87/100
|move|p1a: Whimsicott|Moonblast|p2a: Grimmsnarl
|-supereffective|p2a: Grimmsnarl|1
|-damage|p2a: Grimmsnarl|49/100
|cant|p1b: Ninetales|flinch
|move|p2b: Pelipper|Weather Ball|p1a: Whimsicott
|-supereffective|p1a: Whimsicott|1
|-damage|p1a: Whimsicott|0 fnt
|faint|p1a: Whimsicott
|
|-weather|Snowscape|[upkeep]
|upkeep
|
|t:|1783096836
|switch|p1a: Staraptor|Staraptor, L50, M|100/100
|-ability|p1a: Staraptor|Intimidate|boost
|-unboost|p2a: Grimmsnarl|atk|1
|-unboost|p2b: Pelipper|atk|1
|turn|9
|inactive|buggy es el rey has 30 seconds left.
|inactive|buggy es el rey has 20 seconds left.
|
|t:|1783096871
|move|p1a: Staraptor|Protect|p1a: Staraptor
|-singleturn|p1a: Staraptor|Protect
|move|p2a: Grimmsnarl|Reflect|p2a: Grimmsnarl
|-sidestart|p2: buggy es el rey|Reflect
|move|p1b: Ninetales|Blizzard|p2b: Pelipper|[spread] p2a,p2b
|-crit|p2a: Grimmsnarl
|-damage|p2a: Grimmsnarl|0 fnt
|-damage|p2b: Pelipper|38/100
|faint|p2a: Grimmsnarl
|move|p2b: Pelipper|Weather Ball|p1a: Staraptor
|-activate|p1a: Staraptor|move: Protect
|
|-weather|Snowscape|[upkeep]
|-sideend|p2: buggy es el rey|move: Tailwind
|upkeep
|
|t:|1783096882
|switch|p2a: Gengar|Gengar-Mega, L50, M|100/100
|turn|10
|
|t:|1783096893
|move|p1a: Staraptor|Brave Bird|p2a: Gengar
|-damage|p2a: Gengar|52/100
|-damage|p1a: Staraptor|86/100|[from] Recoil
|move|p1b: Ninetales|Blizzard|p2b: Pelipper|[spread] p2a,p2b
|-damage|p2a: Gengar|11/100
|-damage|p2b: Pelipper|0 fnt
|faint|p2b: Pelipper
|move|p2a: Gengar|Perish Song|p2a: Gengar
|-start|p1a: Staraptor|perish3|[silent]
|-start|p1b: Ninetales|perish3|[silent]
|-start|p2a: Gengar|perish3|[silent]
|-fieldactivate|move: Perish Song
|
|-weather|Snowscape|[upkeep]
|-start|p1a: Staraptor|perish3
|-start|p1b: Ninetales|perish3
|-start|p2a: Gengar|perish3
|-sideend|p1: MikeShinobu|move: Tailwind
|upkeep
|turn|11
|-message|buggy es el rey forfeited.
|
|win|MikeShinobu
