|j|☆13XH
|j|☆Pzdns99
|html|13XHPzdns99    
|uhtml|bestof|Game 3 of a best-of-3
|t:|1756761167
|gametype|doubles
|player|p1|13XH|n|1250
|player|p2|Pzdns99|grimsley|1195
|gen|9
|tier|[Gen 9] VGC 2025 Reg H (Bo3)
|rated|
|rule|Species Clause: Limit one of each Pokémon
|rule|Item Clause: Limit 1 of each item
|clearpoke
|poke|p1|Ursaluna, L50, M|
|poke|p1|Jumpluff, L50, M|
|poke|p1|Charizard, L50, M|
|poke|p1|Torkoal, L50, F|
|poke|p1|Incineroar, L50, M|
|poke|p1|Porygon2, L50|
|poke|p2|Lumineon, L50, M|
|poke|p2|Pelipper, L50, F|
|poke|p2|Archaludon, L50, M|
|poke|p2|Amoonguss, L50, F|
|poke|p2|Kingambit, L50, F|
|poke|p2|Weavile, L50, M|
|teampreview|4
|showteam|p1|Ursaluna||FlameOrb|Guts|HeadlongRush,Facade,Earthquake,Protect|||M|||50|,,,,,Ghost]Jumpluff||CovertCloak|Chlorophyll|SleepPowder,SunnyDay,Tailwind,RagePowder|||M|||50|,,,,,Water]Charizard||ChoiceSpecs|SolarPower|DragonPulse,HeatWave,Overheat,WeatherBall|||M|||50|,,,,,Ghost]Torkoal||EjectPack|Drought|ClearSmog,Eruption,Overheat,Protect|||F|||50|,,,,,Fire]Incineroar||SitrusBerry|Intimidate|FakeOut,FlareBlitz,KnockOff,PartingShot|||M|||50|,,,,,Ghost]Porygon2||Eviolite|Download|TeraBlast,IceBeam,Recover,TrickRoom||||||50|,,,,,Fighting
|showteam|p2|Lumineon||CovertCloak|SwiftSwim|FlipTurn,Tailwind,Encore,RainDance|||M|||50|,,,,,Grass]Pelipper||ChoiceSpecs|Drizzle|Hurricane,MuddyWater,WeatherBall,Uturn|||F|||50|,,,,,Ghost]Archaludon||AssaultVest|Stamina|ElectroShot,BodyPress,Snarl,DracoMeteor|||M|||50|,,,,,Grass]Amoonguss||SitrusBerry|Regenerator|PollenPuff,Protect,RagePowder,Spore|||F|||50|,,,,,Psychic]Kingambit||SafetyGoggles|Defiant|KowtowCleave,SuckerPunch,SwordsDance,Protect|||F|||50|,,,,,Ghost]Weavile||FocusSash|Pickpocket|Taunt,TripleAxel,KnockOff,Protect|||M|||50|,,,,,Ghost
|inactive|Battle timer is ON: inactive players will automatically lose when time's up. (requested by Pzdns99)
|
|t:|1756761225
|teamsize|p1|4
|teamsize|p2|4
|start
|switch|p1a: Incineroar|Incineroar, L50, M|100/100
|switch|p1b: Porygon2|Porygon2, L50|100/100
|switch|p2a: Lumineon|Lumineon, L50, M|100/100
|switch|p2b: Archaludon|Archaludon, L50, M|100/100
|-ability|p1a: Incineroar|Intimidate|boost
|-unboost|p2a: Lumineon|atk|1
|-unboost|p2b: Archaludon|atk|1
|-ability|p1b: Porygon2|Download|boost
|-boost|p1b: Porygon2|spa|1
|turn|1
|
|t:|1756761247
|move|p1a: Incineroar|Fake Out|p2b: Archaludon
|-resisted|p2b: Archaludon
|-damage|p2b: Archaludon|96/100
|-ability|p2b: Archaludon|Stamina|boost
|-boost|p2b: Archaludon|def|1
|move|p2a: Lumineon|Rain Dance|p2a: Lumineon
|-weather|RainDance
|cant|p2b: Archaludon|flinch
|move|p1b: Porygon2|Trick Room|p1b: Porygon2
|-fieldstart|move: Trick Room|[of] p1b: Porygon2
|
|-weather|RainDance|[upkeep]
|upkeep
|turn|2
|
|t:|1756761262
|switch|p1b: Jumpluff|Jumpluff, L50, M|100/100
|move|p1a: Incineroar|Parting Shot|p2b: Archaludon
|-unboost|p2b: Archaludon|atk|1
|-unboost|p2b: Archaludon|spa|1
|
|t:|1756761268
|switch|p1a: Porygon2|Porygon2, L50|100/100|[from] Parting Shot
|-ability|p1a: Porygon2|Download|boost
|-boost|p1a: Porygon2|spa|1
|move|p2b: Archaludon|Electro Shot||[still]
|-prepare|p2b: Archaludon|Electro Shot
|-boost|p2b: Archaludon|spa|1
|-anim|p2b: Archaludon|Electro Shot|p1a: Porygon2
|-damage|p1a: Porygon2|73/100
|move|p2a: Lumineon|Flip Turn|p1a: Porygon2
|-crit|p1a: Porygon2
|-damage|p1a: Porygon2|53/100
|
|t:|1756761290
|switch|p2a: Pelipper|Pelipper, L50, F|100/100|[from] Flip Turn
|
|-weather|RainDance|[upkeep]
|upkeep
|turn|3
|inactive|13XH has 30 seconds left.
|j| uglybeast
|inactive|13XH has 20 seconds left.
|inactive|13XH has 15 seconds left.
|inactive|13XH has 10 seconds left.
|inactive|13XH has 5 seconds left.
|
|t:|1756761344
|move|p1a: Porygon2|Recover|p1a: Porygon2
|-heal|p1a: Porygon2|100/100
|move|p2a: Pelipper|Hurricane|p1b: Jumpluff
|-supereffective|p1b: Jumpluff
|-damage|p1b: Jumpluff|0 fnt
|faint|p1b: Jumpluff
|move|p2b: Archaludon|Snarl|p1a: Porygon2
|-damage|p1a: Porygon2|90/100
|-unboost|p1a: Porygon2|spa|1
|
|-weather|RainDance|[upkeep]
|upkeep
|
|t:|1756761353
|switch|p1b: Torkoal|Torkoal, L50, F|100/100
|-weather|SunnyDay|[from] ability: Drought|[of] p1b: Torkoal
|turn|4
|
|t:|1756761369
|switch|p2a: Lumineon|Lumineon, L50, M|100/100
|-terastallize|p1b: Torkoal|Fire
|move|p1b: Torkoal|Eruption|p2a: Lumineon|[spread] p2a,p2b
|-resisted|p2a: Lumineon
|-damage|p2a: Lumineon|43/100
|-damage|p2b: Archaludon|24/100
|-ability|p2b: Archaludon|Stamina|boost
|-boost|p2b: Archaludon|def|1
|move|p1a: Porygon2|Tera Blast|p2a: Lumineon
|-damage|p2a: Lumineon|0 fnt
|faint|p2a: Lumineon
|move|p2b: Archaludon|Snarl|p1b: Torkoal|[spread] p1a,p1b
|-damage|p1a: Porygon2|81/100
|-damage|p1b: Torkoal|83/100
|-unboost|p1a: Porygon2|spa|1
|-unboost|p1b: Torkoal|spa|1
|-enditem|p1b: Torkoal|Eject Pack
|
|t:|1756761381
|switch|p1b: Incineroar|Incineroar, L50, M|100/100
|-ability|p1b: Incineroar|Intimidate|boost
|-unboost|p2b: Archaludon|atk|1
|
|-weather|SunnyDay|[upkeep]
|upkeep
|
|t:|1756761390
|switch|p2a: Weavile|Weavile, L50, M|100/100
|turn|5
|
|t:|1756761409
|move|p1a: Porygon2|Ice Beam|p2b: Archaludon
|-damage|p2b: Archaludon|11/100
|-ability|p2b: Archaludon|Stamina|boost
|-boost|p2b: Archaludon|def|1
|move|p1b: Incineroar|Flare Blitz|p2a: Weavile
|-supereffective|p2a: Weavile
|-enditem|p2a: Weavile|Focus Sash
|-damage|p2a: Weavile|1/100
|-damage|p1b: Incineroar|76/100|[from] Recoil
|-enditem|p1b: Incineroar|Sitrus Berry|[silent]|[from] ability: Pickpocket|[of] p1b: Incineroar
|-item|p2a: Weavile|Sitrus Berry|[from] ability: Pickpocket|[of] p1b: Incineroar
|-enditem|p2a: Weavile|Sitrus Berry|[eat]
|-heal|p2a: Weavile|26/100|[from] item: Sitrus Berry
|move|p2b: Archaludon|Body Press|p1a: Porygon2
|-supereffective|p1a: Porygon2
|-damage|p1a: Porygon2|12/100
|move|p2a: Weavile|Knock Off|p1a: Porygon2
|-damage|p1a: Porygon2|0 fnt
|-enditem|p1a: Porygon2|Eviolite|[from] move: Knock Off|[of] p2a: Weavile
|faint|p1a: Porygon2
|
|-weather|SunnyDay|[upkeep]
|-fieldend|move: Trick Room
|upkeep
|
|t:|1756761424
|switch|p1a: Torkoal|Torkoal, L50, F, tera:Fire|83/100
|turn|6
|
|t:|1756761448
|move|p2a: Weavile|Knock Off|p1a: Torkoal
|-damage|p1a: Torkoal|57/100
|move|p2b: Archaludon|Body Press|p1b: Incineroar
|-supereffective|p1b: Incineroar
|-damage|p1b: Incineroar|0 fnt
|faint|p1b: Incineroar
|move|p1a: Torkoal|Overheat|p2b: Archaludon
|-damage|p2b: Archaludon|0 fnt
|-unboost|p1a: Torkoal|spa|2
|faint|p2b: Archaludon
|
|-weather|SunnyDay|[upkeep]
|upkeep
|
|t:|1756761455
|switch|p2b: Pelipper|Pelipper, L50, F|100/100
|-weather|RainDance|[from] ability: Drizzle|[of] p2b: Pelipper
|turn|7
|-message|13XH forfeited.
|
|win|Pzdns99
|raw|13XH's rating: 1250 → 1221(-29 for losing)
|raw|Pzdns99's rating: 1195 → 1224(+29 for winning)
|l|☆13XH
|player|p1|
