|j|☆TEST06232026
|j|☆ShadowArachne
|html|TEST06232026ShadowArachne    
|uhtml|bestof|Game 2 of a best-of-3
|t:|1782432248
|gametype|doubles
|player|p1|TEST06232026|101|1027
|player|p2|ShadowArachne|sabrina|1056
|gen|9
|tier|[Gen 9 Champions] VGC 2026 Reg M-B (Bo3)
|rated|
|rule|Species Clause: Limit one of each Pokémon
|rule|Item Clause: Limit 1 of each item
|clearpoke
|poke|p1|Metagross, L50|
|poke|p1|Staraptor, L50, F|
|poke|p1|Skeledirge, L50, M|
|poke|p1|Ninetales-Alola, L50, F|
|poke|p1|Rotom-Wash, L50|
|poke|p1|Garchomp, L50, F|
|poke|p2|Ceruledge, L50, F|
|poke|p2|Lucario, L50, F|
|poke|p2|Whimsicott, L50, F|
|poke|p2|Meowscarada, L50, M|
|poke|p2|Glimmora, L50, F|
|poke|p2|Scovillain, L50, M|
|teampreview|4
|showteam|p1|Metagross||Metagrossite|ClearBody|MeteorMash,PsychicFangs,RockSlide,Protect|Adamant|||||50|]Staraptor||Staraptite|Intimidate|CloseCombat,DualWingbeat,Roost,Protect|Jolly||F|||50|]Skeledirge||LifeOrb|Unaware|TorchSong,ShadowBall,EarthPower,Protect|Modest||M|||50|]Ninetales-Alola||FocusSash|SnowWarning|FreezeDry,Blizzard,AuroraVeil,Protect|Timid||F|||50|]Rotom-Wash||SitrusBerry|Levitate|Thunderbolt,HydroPump,WillOWisp,EerieImpulse|Modest|||||50|]Garchomp||ChoiceScarf|RoughSkin|StompingTantrum,Earthquake,DragonClaw,RockSlide|Adamant||F|||50|
|showteam|p2|Ceruledge||LifeOrb|FlashFire|BitterBlade,PoisonJab,Poltergeist,Protect|Adamant||F|||50|]Lucario||Lucarionite|InnerFocus|BulletPunch,DrainPunch,MeteorMash,Detect|Adamant||F|||50|]Whimsicott||FairyFeather|Prankster|Moonblast,Tailwind,TrickRoom,Protect|Bold||F|||50|]Meowscarada||ChoiceScarf|Protean|FlowerTrick,TripleAxel,Uturn,PlayRough|Adamant||M|||50|]Glimmora||WiseGlasses|ToxicDebris|PowerGem,EarthPower,SpikyShield,SludgeBomb|Modest||F|||50|]Scovillain||Scovillainite|Moody|LeechSeed,RagePowder,Protect,GigaDrain|Timid||M|||50|
|
|t:|1782432289
|teamsize|p1|4
|teamsize|p2|4
|start
|switch|p1a: Skeledirge|Skeledirge, L50, M|100/100
|switch|p1b: Ninetales|Ninetales-Alola, L50, F|100/100
|switch|p2a: Glimmora|Glimmora, L50, F|100/100
|switch|p2b: Lucario|Lucario, L50, F|100/100
|-weather|Snowscape|[from] ability: Snow Warning|[of] p1b: Ninetales
|turn|1
|
|t:|1782432309
|detailschange|p2b: Lucario|Lucario-Mega, L50, F
|-mega|p2b: Lucario|Lucario|Lucarionite
|move|p1b: Ninetales|Protect|p1b: Ninetales
|-singleturn|p1b: Ninetales|Protect
|move|p2a: Glimmora|Earth Power|p1a: Skeledirge
|-supereffective|p1a: Skeledirge|1
|-damage|p1a: Skeledirge|18/100
|move|p2b: Lucario|Meteor Mash|p1b: Ninetales
|-activate|p1b: Ninetales|move: Protect
|move|p1a: Skeledirge|Torch Song|p2b: Lucario
|-supereffective|p2b: Lucario|1
|-damage|p2b: Lucario|0 fnt
|-boost|p1a: Skeledirge|spa|1
|faint|p2b: Lucario
|-damage|p1a: Skeledirge|8/100|[from] item: Life Orb
|
|-weather|Snowscape|[upkeep]
|upkeep
|
|t:|1782432333
|switch|p2b: Ceruledge|Ceruledge, L50, F|100/100
|turn|2
|
|t:|1782432347
|switch|p1a: Garchomp|Garchomp, L50, F|100/100
|move|p1b: Ninetales|Aurora Veil|p1b: Ninetales
|-sidestart|p1: TEST06232026|move: Aurora Veil
|move|p2a: Glimmora|Power Gem|p1a: Garchomp
|-resisted|p1a: Garchomp|1
|-damage|p1a: Garchomp|81/100
|move|p2b: Ceruledge|Bitter Blade|p1b: Ninetales
|-supereffective|p1b: Ninetales|1
|-damage|p1b: Ninetales|19/100
|-damage|p2b: Ceruledge|90/100|[from] item: Life Orb
|
|-weather|Snowscape|[upkeep]
|upkeep
|turn|3
|
|t:|1782432373
|switch|p2b: Meowscarada|Meowscarada, L50, M|100/100
|move|p1b: Ninetales|Protect|p1b: Ninetales
|-singleturn|p1b: Ninetales|Protect
|move|p2a: Glimmora|Spiky Shield|p2a: Glimmora
|-singleturn|p2a: Glimmora|move: Protect
|move|p1a: Garchomp|Earthquake|p2a: Glimmora|[spread] p2b
|-activate|p1b: Ninetales|move: Protect
|-activate|p2a: Glimmora|move: Protect
|-resisted|p2b: Meowscarada|1
|-damage|p2b: Meowscarada|68/100
|
|-weather|Snowscape|[upkeep]
|upkeep
|turn|4
|
|t:|1782432399
|switch|p1a: Rotom|Rotom-Wash, L50|100/100
|move|p2b: Meowscarada|Triple Axel|p1a: Rotom
|-start|p2b: Meowscarada|typechange|Ice|[from] ability: Protean
|-resisted|p1a: Rotom|1
|-damage|p1a: Rotom|96/100
|-resisted|p1a: Rotom|1
|-damage|p1a: Rotom|88/100
|-resisted|p1a: Rotom|1
|-damage|p1a: Rotom|76/100
|-hitcount|p1a: Rotom|3
|move|p1b: Ninetales|Blizzard|p2b: Meowscarada|[spread] p2a,p2b
|-resisted|p2b: Meowscarada|1
|-damage|p2a: Glimmora|60/100
|-damage|p2b: Meowscarada|44/100
|move|p2a: Glimmora|Earth Power|p1b: Ninetales
|-damage|p1b: Ninetales|0 fnt
|faint|p1b: Ninetales
|
|-weather|Snowscape|[upkeep]
|upkeep
|
|t:|1782432419
|switch|p1b: Skeledirge|Skeledirge, L50, M|8/100
|turn|5
|
|t:|1782432442
|move|p1b: Skeledirge|Protect|p1b: Skeledirge
|-singleturn|p1b: Skeledirge|Protect
|move|p2b: Meowscarada|Triple Axel|p1b: Skeledirge
|-activate|p1b: Skeledirge|move: Protect
|move|p2a: Glimmora|Sludge Bomb|p1a: Rotom
|-damage|p1a: Rotom|34/100
|-enditem|p1a: Rotom|Sitrus Berry|[eat]
|-heal|p1a: Rotom|59/100|[from] item: Sitrus Berry
|move|p1a: Rotom|Thunderbolt|p2b: Meowscarada
|-damage|p2b: Meowscarada|0 fnt
|faint|p2b: Meowscarada
|
|-weather|none
|upkeep
|
|t:|1782432458
|switch|p2b: Ceruledge|Ceruledge, L50, F|90/100
|turn|6
|
|t:|1782432477
|move|p2a: Glimmora|Sludge Bomb|p1a: Rotom
|-damage|p1a: Rotom|13/100
|move|p2b: Ceruledge|Poison Jab|p1a: Rotom
|-damage|p1a: Rotom|0 fnt
|faint|p1a: Rotom
|-damage|p2b: Ceruledge|80/100|[from] item: Life Orb
|move|p1b: Skeledirge|Earth Power|p2a: Glimmora
|-supereffective|p2a: Glimmora|2
|-damage|p2a: Glimmora|0 fnt
|faint|p2a: Glimmora
|-damage|p1b: Skeledirge|0 fnt|[from] item: Life Orb
|faint|p1b: Skeledirge
|
|-sideend|p1: TEST06232026|move: Aurora Veil
|upkeep
|
|t:|1782432490
|switch|p1b: Garchomp|Garchomp, L50, F|81/100
|turn|7
|
|t:|1782432500
|move|p1b: Garchomp|Earthquake|p2b: Ceruledge
|-supereffective|p2b: Ceruledge|1
|-crit|p2b: Ceruledge
|-damage|p2b: Ceruledge|0 fnt
|faint|p2b: Ceruledge
|
|win|TEST06232026
|raw|TEST06232026's rating: 1027 → 1066(+39 for winning)
|raw|ShadowArachne's rating: 1056 → 1036(-20 for losing)
