|j|☆xMiQux
|j|☆panikd
|html|xMiQuxpanikd    
|uhtml|bestof|Game 3 of a best-of-3
|t:|1785258079
|gametype|doubles
|player|p1|xMiQux|red|1000
|player|p2|panikd|1|1004
|gen|9
|tier|[Gen 9 Champions] VGC 2026 Reg M-B (Bo3)
|rated|
|rule|Species Clause: Limit one of each Pokémon
|rule|Item Clause: Limit 1 of each item
|clearpoke
|poke|p1|Raichu, L50, M|
|poke|p1|Ninetales-Alola, L50, M|
|poke|p1|Garchomp, L50, F|
|poke|p1|Whimsicott, L50, M|
|poke|p1|Venusaur, L50, M|
|poke|p1|Charizard, L50, M|
|poke|p2|Falinks, L50|
|poke|p2|Garchomp, L50, F|
|poke|p2|Kingambit, L50, F|
|poke|p2|Scovillain, L50, M, shiny|
|poke|p2|Dragalge, L50, M, shiny|
|poke|p2|Farigiraf, L50, F|
|teampreview|4
|showteam|p1|Raichu||RaichuniteY|LightningRod|Protect,FocusBlast,ZapCannon,Encore|Timid||M|||50|]Ninetales-Alola||NeverMeltIce|SnowWarning|Protect,Blizzard,FreezeDry,Encore|Timid||M|||50|]Garchomp||LifeOrb|RoughSkin|Protect,DragonClaw,RockSlide,Earthquake|Jolly||F|||50|]Whimsicott||FocusSash|Prankster|Protect,Encore,Tailwind,Moonblast|Timid||M|||50|]Venusaur||Leftovers|Chlorophyll|EarthPower,SludgeBomb,WeatherBall,GrassKnot|Modest||M|||50|]Charizard||CharizarditeY|SolarPower|Protect,HeatWave,SolarBeam,WeatherBall|Modest||M|||50|
|showteam|p2|Falinks||Falinksite|Defiant|CloseCombat,NoRetreat,Megahorn,RockSlide|Jolly|||||50|]Garchomp||ChoiceScarf|RoughSkin|Earthquake,DragonClaw,RockSlide,Protect|Jolly||F|||50|]Kingambit||BlackGlasses|SupremeOverlord|SuckerPunch,IronHead,PoisonJab,Protect|Adamant||F|||50|]Scovillain||Leftovers|Moody|RagePowder,HelpingHand,LeechSeed,SuperFang|Calm||M|||50|]Dragalge||Dragalgite|Adaptability|SludgeWave,ShadowBall,DracoMeteor,Protect|Modest||M|||50|]Farigiraf||MentalHerb|ArmorTail|TrickRoom,DazzlingGleam,CalmMind,Thunderbolt|Quiet||F|||50|
|
|t:|1785258133
|teamsize|p1|4
|teamsize|p2|4
|start
|switch|p1a: Whimsicott|Whimsicott, L50, M|100/100
|switch|p1b: Charizard|Charizard, L50, M|100/100
|switch|p2a: Isabelle|Farigiraf, L50, F|100/100
|switch|p2b: Doofenshmirtz|Dragalge, L50, M, shiny|100/100
|turn|1
|
|t:|1785258152
|switch|p1a: Garchomp|Garchomp, L50, F|100/100
|detailschange|p1b: Charizard|Charizard-Mega-Y, L50, M
|-mega|p1b: Charizard|Charizard|Charizardite Y
|-weather|SunnyDay|[from] ability: Drought|[of] p1b: Charizard
|detailschange|p2b: Doofenshmirtz|Dragalge-Mega, L50, M, shiny
|-mega|p2b: Doofenshmirtz|Dragalge|Dragalgite
|move|p1b: Charizard|Weather Ball|p2a: Isabelle
|-damage|p2a: Isabelle|15/100
|move|p2b: Doofenshmirtz|Sludge Wave|p1a: Garchomp|[spread] p2a,p1a,p1b
|-resisted|p1a: Garchomp|1
|-damage|p2a: Isabelle|0 fnt
|-damage|p1a: Garchomp|78/100
|-damage|p1b: Charizard|64/100
|faint|p2a: Isabelle
|
|-weather|SunnyDay|[upkeep]
|upkeep
|
|t:|1785258166
|switch|p2a: Ferb|Garchomp, L50, F|100/100
|turn|2
|
|t:|1785258174
|move|p1a: Garchomp|Protect|p1a: Garchomp
|-singleturn|p1a: Garchomp|Protect
|move|p1b: Charizard|Protect|p1b: Charizard
|-singleturn|p1b: Charizard|Protect
|move|p2a: Ferb|Dragon Claw|p1a: Garchomp
|-activate|p1a: Garchomp|move: Protect
|move|p2b: Doofenshmirtz|Shadow Ball|p1b: Charizard
|-activate|p1b: Charizard|move: Protect
|
|-weather|SunnyDay|[upkeep]
|upkeep
|turn|3
|
|t:|1785258192
|switch|p1a: Whimsicott|Whimsicott, L50, M|100/100
|move|p2a: Ferb|Dragon Claw|p1a: Whimsicott
|-immune|p1a: Whimsicott
|move|p1b: Charizard|Solar Beam||[still]
|-prepare|p1b: Charizard|Solar Beam
|-anim|p1b: Charizard|Solar Beam|p2a: Ferb
|-damage|p2a: Ferb|43/100
|move|p2b: Doofenshmirtz|Draco Meteor|p1b: Charizard|[miss]
|-miss|p2b: Doofenshmirtz|p1b: Charizard
|
|-weather|SunnyDay|[upkeep]
|upkeep
|turn|4
|
|t:|1785258208
|move|p1a: Whimsicott|Tailwind|p1a: Whimsicott
|-sidestart|p1: xMiQux|move: Tailwind
|move|p1b: Charizard|Solar Beam||[still]
|-prepare|p1b: Charizard|Solar Beam
|-anim|p1b: Charizard|Solar Beam|p2a: Ferb
|-damage|p2a: Ferb|0 fnt
|faint|p2a: Ferb
|move|p2b: Doofenshmirtz|Sludge Wave|p1b: Charizard|[spread] p1a,p1b
|-supereffective|p1a: Whimsicott|2
|-enditem|p1a: Whimsicott|Focus Sash
|-damage|p1a: Whimsicott|1/100
|-damage|p1b: Charizard|20/100y
|
|-weather|SunnyDay|[upkeep]
|upkeep
|
|t:|1785258218
|switch|p2a: Phineas|Kingambit, L50, F|100/100
|-activate|p2a: Phineas|ability: Supreme Overlord
|-start|p2a: Phineas|fallen2|[silent]
|turn|5
|
|t:|1785258234
|switch|p1a: Venusaur|Venusaur, L50, M|100/100
|move|p2a: Phineas|Sucker Punch|p1b: Charizard
|-damage|p1b: Charizard|0 fnt
|faint|p1b: Charizard
|move|p2b: Doofenshmirtz|Sludge Wave|p1a: Venusaur|[spread] p1a
|-immune|p2a: Phineas
|-damage|p1a: Venusaur|57/100
|
|-weather|none
|-heal|p1a: Venusaur|63/100|[from] item: Leftovers
|upkeep
|
|t:|1785258245
|switch|p1b: Garchomp|Garchomp, L50, F|78/100
|turn|6
|
|t:|1785258258
|move|p1b: Garchomp|Earthquake|p2a: Phineas|[spread] p1a,p2a,p2b
|-supereffective|p2a: Phineas|1
|-supereffective|p2b: Doofenshmirtz|1
|-damage|p1a: Venusaur|0 fnt
|-damage|p2a: Phineas|19/100
|-damage|p2b: Doofenshmirtz|0 fnt
|faint|p1a: Venusaur
|faint|p2b: Doofenshmirtz
|-damage|p1b: Garchomp|68/100|[from] item: Life Orb
|move|p2a: Phineas|Iron Head|p1b: Garchomp
|-damage|p1b: Garchomp|9/100
|-damage|p2a: Phineas|7/100|[from] ability: Rough Skin|[of] p1b: Garchomp
|
|upkeep
|
|t:|1785258269
|switch|p1a: Whimsicott|Whimsicott, L50, M|1/100
|turn|7
|c|☆panikd|ur joking T^T
|
|t:|1785258280
|move|p2a: Phineas|Sucker Punch|p1b: Garchomp
|-damage|p1b: Garchomp|0 fnt
|-damage|p2a: Phineas|0 fnt|[from] ability: Rough Skin|[of] p1b: Garchomp
|faint|p1b: Garchomp
|faint|p2a: Phineas
|-end|p2a: Phineas|fallen2|[silent]
|
|win|xMiQux
|raw|xMiQux's rating: 1000 → 1040(+40 for winning)
|raw|panikd's rating: 1004 → 1000(-4 for losing)
|c|☆panikd|holy 1 percent
|c|☆xMiQux|ggwp
|c|☆panikd|u 2 lol
|l|☆panikd
|player|p2|
