|j|☆ryanpowneyissoslay
|j|☆arthur.ayms
|html|ryanpowneyissoslayarthur.ayms    
|uhtml|bestof|Game 3 of a best-of-3
|t:|1757855564
|gametype|doubles
|player|p1|ryanpowneyissoslay|ghetsis|1219
|player|p2|arthur.ayms|2|1274
|gen|9
|tier|[Gen 9] VGC 2025 Reg H (Bo3)
|rated|
|rule|Species Clause: Limit one of each Pokémon
|rule|Item Clause: Limit 1 of each item
|clearpoke
|poke|p1|Weezing, L50, F|
|poke|p1|Dragapult, L50, M|
|poke|p1|Ursaluna-Bloodmoon, L50, M|
|poke|p1|Annihilape, L50, M|
|poke|p1|Dragonite, L50, M|
|poke|p1|Incineroar, L50, M|
|poke|p2|Ursaluna-Bloodmoon, L50, M|
|poke|p2|Indeedee, L50, M|
|poke|p2|Decidueye-Hisui, L50, F|
|poke|p2|Talonflame, L50, M|
|poke|p2|Sneasler, L50, F|
|poke|p2|Electabuzz, L50, M|
|teampreview|4
|showteam|p1|Weezing||CovertCloak|NeutralizingGas|GunkShot,ToxicSpikes,Protect,Taunt|||F|||50|,,,,,Water]Dragapult||ChoiceBand|ClearBody|DragonDarts,TeraBlast,PhantomForce,Uturn|||M|||50|,,,,,Ghost]Ursaluna-Bloodmoon||AssaultVest|MindsEye|BloodMoon,EarthPower,HyperVoice,VacuumWave|||M|||50|,,,,,Normal]Annihilape||FocusSash|Defiant|CloseCombat,RageFist,Coaching,FinalGambit|||M|||50|,,,,,Water]Dragonite||LoadedDice|Multiscale|ScaleShot,Tailwind,ExtremeSpeed,Protect|||M|||50|,,,,,Normal]Incineroar||AbilityShield|Intimidate|KnockOff,FlareBlitz,PartingShot,FakeOut|||M|||50|,,,,,Grass
|showteam|p2|Ursaluna-Bloodmoon||LifeOrb|MindsEye|HyperVoice,EarthPower,BloodMoon,Protect|||M|||50|,,,,,Normal]Indeedee||FocusSash|PsychicSurge|ExpandingForce,Imprison,TrickRoom,DazzlingGleam|||M|||50|,,,,,Fairy]Decidueye-Hisui||RazorClaw|Scrappy|TripleArrows,LeafBlade,Haze,Protect|||F|||50|,,,,,Fire]Talonflame||CovertCloak|GaleWings|Tailwind,DualWingbeat,FlareBlitz,SunnyDay|||M|||50|,,,,,Steel]Sneasler||PsychicSeed|Unburden|ThroatChop,DireClaw,CloseCombat,Protect|||F|||50|,,,,,Dark]Electabuzz||Eviolite|VitalSpirit|FollowMe,Electroweb,Taunt,LightScreen|||M|||50|,,,,,Ghost
|inactive|Battle timer is ON: inactive players will automatically lose when time's up. (requested by ryanpowneyissoslay)
|inactive|arthur.ayms has 60 seconds left.
|
|t:|1757855609
|teamsize|p1|4
|teamsize|p2|4
|start
|switch|p1a: Dragonite|Dragonite, L50, M|100/100
|switch|p1b: Incineroar|Incineroar, L50, M|100/100
|switch|p2a: Electabuzz|Electabuzz, L50, M|100/100
|switch|p2b: Ursaluna|Ursaluna-Bloodmoon, L50, M|100/100
|-ability|p1b: Incineroar|Intimidate|boost
|-unboost|p2a: Electabuzz|atk|1
|-unboost|p2b: Ursaluna|atk|1
|turn|1
|
|t:|1757855628
|move|p2b: Ursaluna|Protect|p2b: Ursaluna
|-singleturn|p2b: Ursaluna|Protect
|move|p1b: Incineroar|Fake Out|p2a: Electabuzz
|-damage|p2a: Electabuzz|92/100
|move|p1a: Dragonite|Tailwind|p1a: Dragonite
|-sidestart|p1: ryanpowneyissoslay|move: Tailwind
|cant|p2a: Electabuzz|flinch
|
|upkeep
|turn|2
|
|t:|1757855646
|move|p1a: Dragonite|Scale Shot|p2a: Electabuzz
|-damage|p2a: Electabuzz|81/100
|-damage|p2a: Electabuzz|70/100
|-damage|p2a: Electabuzz|59/100
|-damage|p2a: Electabuzz|48/100
|-damage|p2a: Electabuzz|37/100
|-hitcount|p2a: Electabuzz|5
|-unboost|p1a: Dragonite|def|1
|-boost|p1a: Dragonite|spe|1
|move|p1b: Incineroar|Parting Shot|p2b: Ursaluna
|-unboost|p2b: Ursaluna|atk|1
|-unboost|p2b: Ursaluna|spa|1
|
|t:|1757855660
|switch|p1b: Ursaluna|Ursaluna-Bloodmoon, L50, M|100/100|[from] Parting Shot
|move|p2a: Electabuzz|Electroweb|p1b: Ursaluna|[spread] p1a
|-immune|p1b: Ursaluna
|-damage|p1a: Dragonite|93/100
|-unboost|p1a: Dragonite|spe|1
|move|p2b: Ursaluna|Blood Moon|p1a: Dragonite
|-damage|p1a: Dragonite|27/100
|-damage|p2b: Ursaluna|91/100|[from] item: Life Orb
|
|upkeep
|turn|3
|inactive|arthur.ayms has 30 seconds left.
|
|t:|1757855688
|switch|p2b: Indeedee|Indeedee, L50, M|100/100
|-fieldstart|move: Psychic Terrain|[from] ability: Psychic Surge|[of] p2b: Indeedee
|-terastallize|p1b: Ursaluna|Normal
|move|p2a: Electabuzz|Follow Me|p2a: Electabuzz
|-singleturn|p2a: Electabuzz|move: Follow Me
|move|p1a: Dragonite|Scale Shot|p2a: Electabuzz
|-damage|p2a: Electabuzz|25/100
|-damage|p2a: Electabuzz|14/100
|-damage|p2a: Electabuzz|3/100
|-damage|p2a: Electabuzz|0 fnt
|faint|p2a: Electabuzz
|-hitcount|p2: Electabuzz|4
|-unboost|p1a: Dragonite|def|1
|-boost|p1a: Dragonite|spe|1
|move|p1b: Ursaluna|Blood Moon|p2b: Indeedee
|-crit|p2b: Indeedee
|-enditem|p2b: Indeedee|Focus Sash
|-damage|p2b: Indeedee|1/100
|
|upkeep
|
|t:|1757855705
|switch|p2a: Sneasler|Sneasler, L50, F|100/100
|-enditem|p2a: Sneasler|Psychic Seed
|-boost|p2a: Sneasler|spd|1|[from] item: Psychic Seed
|turn|4
|inactive|arthur.ayms has 30 seconds left.
|
|t:|1757855731
|-terastallize|p2b: Indeedee|Fairy
|move|p1a: Dragonite|Scale Shot|p2a: Sneasler
|-damage|p2a: Sneasler|78/100
|-damage|p2a: Sneasler|54/100
|-damage|p2a: Sneasler|30/100
|-damage|p2a: Sneasler|4/100
|-hitcount|p2a: Sneasler|4
|-unboost|p1a: Dragonite|def|1
|-boost|p1a: Dragonite|spe|1
|move|p2a: Sneasler|Dire Claw|p1a: Dragonite
|-damage|p1a: Dragonite|0 fnt
|faint|p1a: Dragonite
|move|p1b: Ursaluna|Hyper Voice|p2a: Sneasler|[spread] p2a,p2b
|-damage|p2a: Sneasler|0 fnt
|-damage|p2b: Indeedee|0 fnt
|faint|p2a: Sneasler
|faint|p2b: Indeedee
|
|-sideend|p1: ryanpowneyissoslay|move: Tailwind
|upkeep
|
|t:|1757855747
|switch|p2a: Ursaluna|Ursaluna-Bloodmoon, L50, M|91/100
|switch|p1a: Incineroar|Incineroar, L50, M|100/100
|-ability|p1a: Incineroar|Intimidate|boost
|-unboost|p2a: Ursaluna|atk|1
|turn|5
|
|t:|1757855760
|move|p1a: Incineroar|Parting Shot|p2a: Ursaluna
|-unboost|p2a: Ursaluna|atk|1
|-unboost|p2a: Ursaluna|spa|1
|c|☆arthur.ayms|gg
|
|t:|1757855768
|switch|p1a: Annihilape|Annihilape, L50, M|100/100|[from] Parting Shot
|move|p2a: Ursaluna|Blood Moon|p1b: Ursaluna
|-damage|p1b: Ursaluna|55/100
|-damage|p2a: Ursaluna|81/100|[from] item: Life Orb
|move|p1b: Ursaluna|Blood Moon|p2a: Ursaluna
|-damage|p2a: Ursaluna|0 fnt
|faint|p2a: Ursaluna
|
|win|ryanpowneyissoslay
|raw|ryanpowneyissoslay's rating: 1219 → 1248(+29 for winning)
|raw|arthur.ayms's rating: 1274 → 1245(-29 for losing)
|c|☆ryanpowneyissoslay|Gg
|l|☆ryanpowneyissoslay
|player|p1|
