|j|☆Doomnik
|j|☆foolkom
|html|Doomnikfoolkom    
|uhtml|bestof|Game 1 of a best-of-3
|t:|1756327364
|gametype|doubles
|player|p1|Doomnik|hiker-gen4|1107
|player|p2|foolkom|bugcatcher-gen4dp|1000
|gen|9
|tier|[Gen 9] VGC 2025 Reg H (Bo3)
|rated|
|rule|Species Clause: Limit one of each Pokémon
|rule|Item Clause: Limit 1 of each item
|clearpoke
|poke|p1|Ninetales-Alola, L50, M|
|poke|p1|Ursaluna-Bloodmoon, L50, M|
|poke|p1|Maushold-Four, L50|
|poke|p1|Annihilape, L50, F|
|poke|p1|Klefki, L50, F|
|poke|p1|Sinistcha-Masterpiece, L50|
|poke|p2|Annihilape, L50, F|
|poke|p2|Maushold, L50|
|poke|p2|Incineroar, L50, F|
|poke|p2|Dragonite, L50, F|
|poke|p2|Tyranitar, L50, M|
|poke|p2|Rillaboom, L50, M|
|teampreview|4
|showteam|p1|Ninetales-Alola||FocusSash|SnowWarning|Blizzard,FreezeDry,Encore,Protect|||M|||50|,,,,,Ghost]Ursaluna-Bloodmoon||AssaultVest|MindsEye|BloodMoon,EarthPower,HyperVoice,VacuumWave|||M|||50|,,,,,Water]Maushold-Four||SafetyGoggles|FriendGuard|BeatUp,Taunt,FollowMe,Protect||||||50|,,,,,Ghost]Annihilape||Leftovers|Defiant|DrainPunch,RageFist,BulkUp,Protect|||F|||50|,,,,,Fire]Klefki||LightClay|Prankster|DazzlingGleam,Reflect,LightScreen,MistyTerrain|||F|||50|,,,,,Ghost]Sinistcha-Masterpiece||SitrusBerry|Hospitality|MatchaGotcha,RagePowder,LifeDew,TrickRoom||||||50|,,,,,Water
|showteam|p2|Annihilape||Leftovers|Defiant|DrainPunch,RageFist,BulkUp,Coaching|||F|||50|,,,,,Fire]Maushold||SafetyGoggles|FriendGuard|BeatUp,Taunt,FollowMe,Protect||||||50|,,,,,Ghost]Incineroar||SitrusBerry|Intimidate|KnockOff,WillOWisp,PartingShot,FakeOut|||F|||50|,,,,,Ghost]Dragonite||LoadedDice|Multiscale|ScaleShot,Haze,Tailwind,Protect|||F|||50|,,,,,Fairy]Tyranitar||AssaultVest|SandStream|RockSlide,KnockOff,LowKick,TeraBlast|||M|||50|,,,,,Flying]Rillaboom||GrassySeed|GrassySurge|FakeOut,GrassyGlide,WoodHammer,Protect|||M|||50|,,,,,Fire
|inactive|Battle timer is ON: inactive players will automatically lose when time's up. (requested by foolkom)
|inactive|Doomnik has 60 seconds left.
|
|t:|1756327409
|teamsize|p1|4
|teamsize|p2|4
|start
|switch|p1a: Ursaluna|Ursaluna-Bloodmoon, L50, M|100/100
|switch|p1b: Klefki|Klefki, L50, F|100/100
|switch|p2a: Maushold|Maushold, L50|100/100
|switch|p2b: Annihilape|Annihilape, L50, F|100/100
|turn|1
|
|t:|1756327427
|move|p1b: Klefki|Reflect|p1b: Klefki
|-sidestart|p1: Doomnik|Reflect
|move|p2a: Maushold|Taunt|p1b: Klefki
|-start|p1b: Klefki|move: Taunt
|move|p2b: Annihilape|Bulk Up|p2b: Annihilape
|-boost|p2b: Annihilape|atk|1
|-boost|p2b: Annihilape|def|1
|move|p1a: Ursaluna|Hyper Voice|p2b: Annihilape|[spread] p2a,p2b
|-damage|p2a: Maushold|51/100
|-damage|p2b: Annihilape|78/100
|
|-heal|p2b: Annihilape|85/100|[from] item: Leftovers
|upkeep
|turn|2
|inactive|Doomnik has 30 seconds left.
|inactive|foolkom has 30 seconds left.
|
|t:|1756327459
|move|p2a: Maushold|Beat Up|p2b: Annihilape
|-damage|p2b: Annihilape|84/100
|-damage|p2b: Annihilape|82/100
|-damage|p2b: Annihilape|80/100
|-damage|p2b: Annihilape|78/100
|-hitcount|p2b: Annihilape|4
|move|p2b: Annihilape|Drain Punch|p1a: Ursaluna
|-supereffective|p1a: Ursaluna
|-damage|p1a: Ursaluna|56/100
|-heal|p2b: Annihilape|100/100|[from] drain|[of] p1a: Ursaluna
|move|p1b: Klefki|Dazzling Gleam|p2b: Annihilape|[spread] p2a,p2b
|-supereffective|p2b: Annihilape
|-damage|p2a: Maushold|25/100
|-damage|p2b: Annihilape|78/100
|move|p1a: Ursaluna|Hyper Voice|p2b: Annihilape|[spread] p2a,p2b
|-damage|p2a: Maushold|0 fnt
|-damage|p2b: Annihilape|55/100
|faint|p2a: Maushold
|
|-heal|p2b: Annihilape|62/100|[from] item: Leftovers
|upkeep
|
|t:|1756327464
|switch|p2a: Rillaboom|Rillaboom, L50, M|100/100
|-fieldstart|move: Grassy Terrain|[from] ability: Grassy Surge|[of] p2a: Rillaboom
|-enditem|p2a: Rillaboom|Grassy Seed
|-boost|p2a: Rillaboom|def|1|[from] item: Grassy Seed
|turn|3
|inactive|Doomnik has 30 seconds left.
|
|t:|1756327493
|switch|p1a: Ninetales|Ninetales-Alola, L50, M|100/100
|-weather|Snowscape|[from] ability: Snow Warning|[of] p1a: Ninetales
|move|p2b: Annihilape|Rage Fist|p1b: Klefki
|-damage|p1b: Klefki|0 fnt
|faint|p1b: Klefki
|move|p2a: Rillaboom|Wood Hammer|p1a: Ninetales
|-damage|p1a: Ninetales|47/100
|-damage|p2a: Rillaboom|88/100|[from] Recoil
|
|-weather|Snowscape|[upkeep]
|-heal|p1a: Ninetales|54/100|[from] Grassy Terrain
|-heal|p2b: Annihilape|68/100|[from] Grassy Terrain
|-heal|p2b: Annihilape|74/100|[from] item: Leftovers
|-heal|p2a: Rillaboom|94/100|[from] Grassy Terrain
|upkeep
|
|t:|1756327497
|switch|p1b: Sinistcha|Sinistcha-Masterpiece, L50|100/100
|-heal|p1a: Ninetales|78/100|[from] ability: Hospitality|[of] p1b: Sinistcha
|turn|4
|inactive|Doomnik has 30 seconds left.
|inactive|foolkom has 30 seconds left.
|
|t:|1756327529
|switch|p2a: Tyranitar|Tyranitar, L50, M|100/100
|-weather|Sandstorm|[from] ability: Sand Stream|[of] p2a: Tyranitar
|-terastallize|p2b: Annihilape|Fire
|move|p1a: Ninetales|Encore|p2b: Annihilape
|-start|p2b: Annihilape|Encore
|move|p2b: Annihilape|Rage Fist|p1b: Sinistcha
|-supereffective|p1b: Sinistcha
|-damage|p1b: Sinistcha|0 fnt
|faint|p1b: Sinistcha
|
|-weather|Sandstorm|[upkeep]
|-damage|p1a: Ninetales|72/100|[from] Sandstorm
|-damage|p2b: Annihilape|68/100|[from] Sandstorm
|-heal|p1a: Ninetales|78/100|[from] Grassy Terrain
|-heal|p2b: Annihilape|74/100|[from] Grassy Terrain
|-heal|p2b: Annihilape|80/100|[from] item: Leftovers
|upkeep
|
|t:|1756327534
|switch|p1b: Ursaluna|Ursaluna-Bloodmoon, L50, M|56/100
|turn|5
|
|t:|1756327555
|move|p1a: Ninetales|Blizzard|p2b: Annihilape|[spread] p2b
|-miss|p1a: Ninetales|p2a: Tyranitar
|-resisted|p2b: Annihilape
|-damage|p2b: Annihilape|66/100
|move|p2b: Annihilape|Rage Fist|p1a: Ninetales
|-damage|p1a: Ninetales|0 fnt
|faint|p1a: Ninetales
|move|p2a: Tyranitar|Low Kick|p1b: Ursaluna
|-supereffective|p1b: Ursaluna
|-damage|p1b: Ursaluna|8/100
|move|p1b: Ursaluna|Earth Power|p2a: Tyranitar
|-supereffective|p2a: Tyranitar
|-damage|p2a: Tyranitar|65/100
|
|-weather|Sandstorm|[upkeep]
|-damage|p2b: Annihilape|60/100|[from] Sandstorm
|-heal|p2b: Annihilape|66/100|[from] Grassy Terrain
|-heal|p2b: Annihilape|72/100|[from] item: Leftovers
|-heal|p2a: Tyranitar|71/100|[from] Grassy Terrain
|-heal|p1b: Ursaluna|14/100|[from] Grassy Terrain
|upkeep
|turn|6
|-message|Doomnik forfeited.
|
|win|foolkom
||Doomnik is ready for game 2.
||foolkom is ready for game 2.
|uhtml|next|Next: Game 2 of 3
