|j|☆KyleTampy
|j|☆Oldcow
|html|KyleTampyOldcow    
|uhtml|bestof|Game 3 of a best-of-3
|t:|1757858059
|gametype|doubles
|player|p1|KyleTampy|lucian|
|player|p2|Oldcow|cyrus|
|gen|9
|tier|[Gen 9] VGC 2025 Reg H (Bo3)
|rule|Species Clause: Limit one of each Pokémon
|rule|Item Clause: Limit 1 of each item
|clearpoke
|poke|p1|Kleavor, L50, M|
|poke|p1|Tyranitar, L50, M|
|poke|p1|Gastrodon-East, L50, M|
|poke|p1|Decidueye-Hisui, L50, F|
|poke|p1|Corviknight, L50, F|
|poke|p1|Excadrill, L50, M|
|poke|p2|Garchomp, L50, F|
|poke|p2|Tyranitar, L50, F|
|poke|p2|Magmar, L50, F|
|poke|p2|Rillaboom, L50, M|
|poke|p2|Primarina, L50, F|
|poke|p2|Hydreigon, L50, M|
|teampreview|4
|showteam|p1|Kleavor||FocusSash|Sharpness|StoneAxe,CloseCombat,NightSlash,Protect|||M|||50|,,,,,Steel]Tyranitar||AssaultVest|SandStream|RockSlide,KnockOff,Snarl,TeraBlast|||M|||50|,,,,,Flying]Gastrodon-East||Leftovers|StormDrain|EarthPower,ClearSmog,Yawn,Protect|||M|||50|,,,,,Rock]Decidueye-Hisui||ScopeLens|Scrappy|TripleArrows,LeafBlade,SuckerPunch,Protect|||F|||50|,,,,,Steel]Corviknight||CovertCloak|MirrorArmor|Tailwind,BodyPress,DrillPeck,Uturn|||F|||50|,,,,,Dragon]Excadrill||ChoiceScarf|SandForce|Earthquake,IronHead,RockSlide,HighHorsepower|||M|||50|,,,,,Ghost
|showteam|p2|Garchomp||LifeOrb|SandVeil|DragonClaw,StompingTantrum,RockSlide,Protect|||F|||50|,,,,,Steel]Tyranitar||AssaultVest|SandStream|KnockOff,RockSlide,LowKick,IcePunch|||F|||50|,,,,,Flying]Magmar||Eviolite|VitalSpirit|Overheat,FollowMe,Protect,Taunt|||F|||50|,,,,,Water]Rillaboom||MeadowPlate|GrassySurge|GrassyGlide,HighHorsepower,FakeOut,Uturn|||M|||50|,,,,,Grass]Primarina||SitrusBerry|LiquidVoice|HyperVoice,Moonblast,Protect,Haze|||F|||50|,,,,,Ghost]Hydreigon||CovertCloak|Levitate|DarkPulse,DracoMeteor,Tailwind,Protect|||M|||50|,,,,,Electric
|j| SengarBlade
|j| jowemama
|inactive|Battle timer is ON: inactive players will automatically lose when time's up. (requested by Oldcow)
|
|t:|1757858106
|teamsize|p1|4
|teamsize|p2|4
|start
|switch|p1a: Decidueye|Decidueye-Hisui, L50, F|100/100
|switch|p1b: Corviknight|Corviknight, L50, F|100/100
|switch|p2a: Primarina|Primarina, L50, F|100/100
|switch|p2b: Hydreigon|Hydreigon, L50, M|100/100
|turn|1
|inactive|Oldcow has 30 seconds left.
|inactive|Oldcow has 20 seconds left.
|inactive|Oldcow has 15 seconds left.
|inactive|Oldcow has 10 seconds left.
|
|t:|1757858153
|move|p1a: Decidueye|Protect|p1a: Decidueye
|-singleturn|p1a: Decidueye|Protect
|move|p2b: Hydreigon|Dark Pulse|p1a: Decidueye
|-activate|p1a: Decidueye|move: Protect
|move|p2a: Primarina|Hyper Voice|p1a: Decidueye|[spread] p1b
|-activate|p1a: Decidueye|move: Protect
|-damage|p1b: Corviknight|73/100
|move|p1b: Corviknight|Tailwind|p1b: Corviknight
|-sidestart|p1: KyleTampy|move: Tailwind
|
|upkeep
|turn|2
|inactive|KyleTampy has 30 seconds left.
|
|t:|1757858180
|switch|p2a: Rillaboom|Rillaboom, L50, M|100/100
|-fieldstart|move: Grassy Terrain|[from] ability: Grassy Surge|[of] p2a: Rillaboom
|-terastallize|p1a: Decidueye|Steel
|-terastallize|p2b: Hydreigon|Electric
|move|p1a: Decidueye|Leaf Blade|p2a: Rillaboom
|-resisted|p2a: Rillaboom
|-damage|p2a: Rillaboom|72/100
|move|p1b: Corviknight|Drill Peck|p2a: Rillaboom
|-supereffective|p2a: Rillaboom
|-damage|p2a: Rillaboom|21/100
|move|p2b: Hydreigon|Tailwind|p2b: Hydreigon
|-sidestart|p2: Oldcow|move: Tailwind
|
|-heal|p2a: Rillaboom|27/100|[from] Grassy Terrain
|upkeep
|turn|3
|inactive|Oldcow has 30 seconds left.
|inactive|Oldcow has 20 seconds left.
|inactive|Oldcow has 15 seconds left.
|inactive|Oldcow has 10 seconds left.
|
|t:|1757858228
|switch|p2b: Garchomp|Garchomp, L50, F|100/100
|move|p1a: Decidueye|Protect|p1a: Decidueye
|-singleturn|p1a: Decidueye|Protect
|move|p2a: Rillaboom|Fake Out|p1b: Corviknight
|-resisted|p1b: Corviknight
|-damage|p1b: Corviknight|67/100
|move|p1b: Corviknight|U-turn|p2a: Rillaboom
|-supereffective|p2a: Rillaboom
|-damage|p2a: Rillaboom|0 fnt
|faint|p2a: Rillaboom
|
|t:|1757858246
|switch|p1b: Excadrill|Excadrill, L50, M|100/100|[from] U-turn
|
|upkeep
|
|t:|1757858270
|switch|p2a: Primarina|Primarina, L50, F|100/100
|turn|4
|inactive|KyleTampy has 30 seconds left.
|inactive|KyleTampy has 20 seconds left.
|inactive|KyleTampy has 15 seconds left.
|inactive|KyleTampy has 10 seconds left.
|inactive|KyleTampy has 5 seconds left.
|
|t:|1757858323
|move|p1b: Excadrill|Iron Head|p2b: Garchomp
|-damage|p2b: Garchomp|59/100
|cant|p2b: Garchomp|flinch
|move|p1a: Decidueye|Triple Arrows|p2b: Garchomp
|-damage|p2b: Garchomp|17/100
|move|p2a: Primarina|Hyper Voice|p1b: Excadrill|[spread] p1a,p1b
|-crit|p1a: Decidueye
|-supereffective|p1b: Excadrill
|-damage|p1a: Decidueye|49/100
|-damage|p1b: Excadrill|12/100
|
|-heal|p1b: Excadrill|18/100|[from] Grassy Terrain
|-heal|p2b: Garchomp|23/100|[from] Grassy Terrain
|-heal|p1a: Decidueye|55/100|[from] Grassy Terrain
|-sideend|p1: KyleTampy|move: Tailwind
|upkeep
|turn|5
|
|t:|1757858347
|switch|p1b: Corviknight|Corviknight, L50, F|67/100
|move|p2b: Garchomp|Protect|p2b: Garchomp
|-singleturn|p2b: Garchomp|Protect
|move|p1a: Decidueye|Protect|p1a: Decidueye
|-singleturn|p1a: Decidueye|Protect
|move|p2a: Primarina|Hyper Voice|p1a: Decidueye|[spread] p1b
|-activate|p1a: Decidueye|move: Protect
|-damage|p1b: Corviknight|41/100
|
|-heal|p2b: Garchomp|29/100|[from] Grassy Terrain
|-heal|p1a: Decidueye|61/100|[from] Grassy Terrain
|-sideend|p2: Oldcow|move: Tailwind
|upkeep
|turn|6
|
|t:|1757858371
|move|p1a: Decidueye|Sucker Punch|p2b: Garchomp
|-damage|p2b: Garchomp|7/100
|move|p2b: Garchomp|Stomping Tantrum|p1a: Decidueye
|-supereffective|p1a: Decidueye
|-damage|p1a: Decidueye|0 fnt
|faint|p1a: Decidueye
|-damage|p2b: Garchomp|0 fnt|[from] item: Life Orb
|faint|p2b: Garchomp
|move|p2a: Primarina|Hyper Voice|p1b: Corviknight
|-damage|p1b: Corviknight|6/100
|move|p1b: Corviknight|Tailwind|p1b: Corviknight
|-sidestart|p1: KyleTampy|move: Tailwind
|
|-fieldend|move: Grassy Terrain
|upkeep
|
|t:|1757858392
|switch|p2b: Hydreigon|Hydreigon, L50, M, tera:Electric|100/100
|switch|p1a: Excadrill|Excadrill, L50, M|18/100
|turn|7
|inactive|Oldcow has 30 seconds left.
|
|t:|1757858422
|move|p2b: Hydreigon|Protect|p2b: Hydreigon
|-singleturn|p2b: Hydreigon|Protect
|move|p1a: Excadrill|Rock Slide|p2a: Primarina|[spread] p2a
|-activate|p2b: Hydreigon|move: Protect
|-damage|p2a: Primarina|78/100
|move|p1b: Corviknight|Body Press|p2b: Hydreigon
|-activate|p2b: Hydreigon|move: Protect
|cant|p2a: Primarina|flinch
|
|upkeep
|turn|8
|c|☆Oldcow|rip
|
|t:|1757858445
|move|p2b: Hydreigon|Protect||[still]
|-fail|p2b: Hydreigon
|move|p1a: Excadrill|Rock Slide|p2b: Hydreigon|[spread] p2a,p2b
|-crit|p2a: Primarina
|-damage|p2a: Primarina|42/100
|-damage|p2b: Hydreigon|77/100
|-enditem|p2a: Primarina|Sitrus Berry|[eat]
|-heal|p2a: Primarina|67/100|[from] item: Sitrus Berry
|move|p1b: Corviknight|Body Press|p2b: Hydreigon
|-damage|p2b: Hydreigon|52/100
|move|p2a: Primarina|Hyper Voice|p1b: Corviknight|[spread] p1a,p1b
|-supereffective|p1a: Excadrill
|-crit|p1a: Excadrill
|-damage|p1a: Excadrill|0 fnt
|-damage|p1b: Corviknight|0 fnt
|faint|p1a: Excadrill
|faint|p1b: Corviknight
|
|upkeep
|
|t:|1757858458
|switch|p1b: Kleavor|Kleavor, L50, M|100/100
|turn|9
|inactive|KyleTampy has 30 seconds left.
|
|t:|1757858485
|move|p1b: Kleavor|Stone Axe|p2a: Primarina
|-damage|p2a: Primarina|5/100
|-sidestart|p2: Oldcow|move: Stealth Rock
|move|p2b: Hydreigon|Draco Meteor|p1b: Kleavor|[miss]
|-miss|p2b: Hydreigon|p1b: Kleavor
|move|p2a: Primarina|Hyper Voice|p1b: Kleavor
|-supereffective|p1b: Kleavor
|-enditem|p1b: Kleavor|Focus Sash
|-damage|p1b: Kleavor|1/100
|
|-sideend|p1: KyleTampy|move: Tailwind
|upkeep
|turn|10
|
|t:|1757858501
|move|p2b: Hydreigon|Dark Pulse|p1b: Kleavor
|-damage|p1b: Kleavor|0 fnt
|faint|p1b: Kleavor
|
|win|Oldcow
|c|☆KyleTampy|Gg
|c|☆Oldcow|ggs
|c|☆KyleTampy|Solid
|c|☆Oldcow|close games
|c|☆KyleTampy|Sayang
|c|☆KyleTampy|Needed more flinches
|c|☆Oldcow|good plays
|c|☆KyleTampy|Kung di lang sitrus huhu
|c|☆Oldcow|kunat ni corv
|l| jowemama
|l| SengarBlade
|c|☆KyleTampy|Ty panget first game ko tho
|c|☆KyleTampy|Also yes yun yung goal haha
|c|☆KyleTampy|Sayang di ko malagyan roost
|c|☆KyleTampy|Or bulk up
|c|☆Oldcow|yea maganda un
|c|☆Oldcow|un ginamit ko nung mbl
|c|☆KyleTampy|Di ba
|c|☆KyleTampy|Gonna have to think more about corv moveset
|l|☆KyleTampy
|player|p1|
