|j|☆ClumbsyLilBeach
|j|☆trinton07
|html|ClumbsyLilBeachtrinton07    
|uhtml|bestof|Game 1 of a best-of-3
|t:|1785960489
|gametype|doubles
|player|p1|ClumbsyLilBeach|jasmine|1184
|player|p2|trinton07|101|1224
|gen|9
|tier|[Gen 9 Champions] VGC 2026 Reg M-B (Bo3)
|rated|
|rule|Species Clause: Limit one of each Pokémon
|rule|Item Clause: Limit 1 of each item
|clearpoke
|poke|p1|Charizard, L50, F|
|poke|p1|Pelipper, L50, M|
|poke|p1|Gliscor, L50, M, shiny|
|poke|p1|Talonflame, L50, M|
|poke|p1|Corviknight, L50, F|
|poke|p1|Staraptor, L50, F|
|poke|p2|Gengar, L50, M|
|poke|p2|Archaludon, L50, M|
|poke|p2|Politoed, L50, M|
|poke|p2|Swampert, L50, M|
|poke|p2|Incineroar, L50, M|
|poke|p2|Sinistcha, L50|
|teampreview|4
|showteam|p1|Charizard||CharizarditeY|Blaze|Protect,WeatherBall,HeatWave,SolarBeam|Modest||F|||50|]Pelipper||SitrusBerry|Drizzle|WideGuard,Hurricane,Tailwind,WeatherBall|Modest||M|||50|]Gliscor||ChoiceScarf|HyperCutter|Earthquake,RockSlide,Uturn,IceFang|Jolly||M|||50|]Talonflame||FocusSash|GaleWings|AirSlash,Tailwind,QuickGuard,FeatherDance|Timid||M|||50|]Corviknight||Leftovers|MirrorArmor|Taunt,IronHead,BulkUp,Protect|Adamant||F|||50|]Staraptor||Staraptite|Intimidate|CloseCombat,Roost,BraveBird,Protect|Jolly||F|||50|
|showteam|p2|Gengar||Gengarite|CursedBody|ShadowBall,SludgeBomb,PerishSong,Protect|Modest||M|||50|]Archaludon||Leftovers|Stamina|ElectroShot,DragonPulse,FlashCannon,Protect|Bold||M|||50|]Politoed||SitrusBerry|Drizzle|WeatherBall,Hypnosis,PerishSong,Protect|Calm||M|||50|]Swampert||Swampertite|Torrent|WaveCrash,Earthquake,IcePunch,Protect|Adamant||M|||50|]Incineroar||PasshoBerry|Intimidate|ThroatChop,FakeOut,PartingShot,Protect|Impish||M|||50|]Sinistcha||FocusSash|Hospitality|RagePowder,LifeDew,ShadowBall,Protect|Calm|||||50|
|inactive|Battle timer is ON: inactive players will automatically lose when time's up. (requested by ClumbsyLilBeach)
|inactive|ClumbsyLilBeach has 60 seconds left.
|inactive|ClumbsyLilBeach has 30 seconds left.
|
|t:|1785960555
|teamsize|p1|4
|teamsize|p2|4
|start
|switch|p1a: Talonflame|Talonflame, L50, M|100/100
|switch|p1b: Staraptor|Staraptor, L50, F|100/100
|switch|p2a: Gengar|Gengar, L50, M|100/100
|switch|p2b: Incineroar|Incineroar, L50, M|100/100
|-ability|p1b: Staraptor|Intimidate|boost
|-unboost|p2a: Gengar|atk|1
|-unboost|p2b: Incineroar|atk|1
|-ability|p2b: Incineroar|Intimidate|boost
|-unboost|p1a: Talonflame|atk|1
|-unboost|p1b: Staraptor|atk|1
|turn|1
|
|t:|1785960572
|detailschange|p1b: Staraptor|Staraptor-Mega, L50, F
|-mega|p1b: Staraptor|Staraptor|Staraptite
|detailschange|p2a: Gengar|Gengar-Mega, L50, M
|-mega|p2a: Gengar|Gengar|Gengarite
|move|p1a: Talonflame|Quick Guard|p1a: Talonflame
|-singleturn|p1a: Talonflame|Quick Guard
|move|p2b: Incineroar|Fake Out|p1b: Staraptor
|-activate|p1b: Staraptor|move: Quick Guard
|move|p1b: Staraptor|Close Combat|p2b: Incineroar
|-supereffective|p2b: Incineroar|1
|-damage|p2b: Incineroar|42/100
|-boost|p1b: Staraptor|def|1
|-boost|p1b: Staraptor|spd|1
|move|p2a: Gengar|Perish Song|p2a: Gengar
|-start|p1a: Talonflame|perish3|[silent]
|-start|p1b: Staraptor|perish3|[silent]
|-start|p2a: Gengar|perish3|[silent]
|-start|p2b: Incineroar|perish3|[silent]
|-fieldactivate|move: Perish Song
|
|-start|p1a: Talonflame|perish3
|-start|p1b: Staraptor|perish3
|-start|p2a: Gengar|perish3
|-start|p2b: Incineroar|perish3
|upkeep
|turn|2
|inactive|ClumbsyLilBeach has 30 seconds left.
|
|t:|1785960601
|move|p2a: Gengar|Protect|p2a: Gengar
|-singleturn|p2a: Gengar|Protect
|move|p2b: Incineroar|Protect|p2b: Incineroar
|-singleturn|p2b: Incineroar|Protect
|move|p1a: Talonflame|Tailwind|p1a: Talonflame
|-sidestart|p1: ClumbsyLilBeach|move: Tailwind
|move|p1b: Staraptor|Close Combat|p2b: Incineroar
|-activate|p2b: Incineroar|move: Protect
|
|-start|p1a: Talonflame|perish2
|-start|p1b: Staraptor|perish2
|-start|p2a: Gengar|perish2
|-start|p2b: Incineroar|perish2
|upkeep
|turn|3
|
|t:|1785960624
|switch|p2a: Sinistcha|Sinistcha, L50|100/100
|-heal|p2b: Incineroar|67/100|[from] ability: Hospitality|[of] p2a: Sinistcha
|move|p1a: Talonflame|Feather Dance|p1b: Staraptor
|-boost|p1b: Staraptor|atk|2
|move|p1b: Staraptor|Brave Bird|p2a: Sinistcha
|-supereffective|p2a: Sinistcha|1
|-enditem|p2a: Sinistcha|Focus Sash
|-damage|p2a: Sinistcha|1/100
|-damage|p1b: Staraptor|69/100|[from] Recoil
|move|p2b: Incineroar|Parting Shot|p1a: Talonflame
|-unboost|p1a: Talonflame|atk|1
|-unboost|p1a: Talonflame|spa|1
|
|t:|1785960638
|switch|p2b: Gengar|Gengar-Mega, L50, M|100/100|[from] Parting Shot
|
|-start|p1a: Talonflame|perish1
|-start|p1b: Staraptor|perish1
|upkeep
|turn|4
|
|t:|1785960660
|move|p2b: Gengar|Protect|p2b: Gengar
|-singleturn|p2b: Gengar|Protect
|move|p2a: Sinistcha|Protect|p2a: Sinistcha
|-singleturn|p2a: Sinistcha|Protect
|move|p1a: Talonflame|Feather Dance|p1b: Staraptor
|-boost|p1b: Staraptor|atk|2
|move|p1b: Staraptor|Brave Bird|p2b: Gengar
|-activate|p2b: Gengar|move: Protect
|
|-start|p1a: Talonflame|perish0
|-start|p1b: Staraptor|perish0
|faint|p1a: Talonflame
|faint|p1b: Staraptor
|upkeep
|
|t:|1785960675
|switch|p1a: Gliscor|Gliscor, L50, M, shiny|100/100
|switch|p1b: Pelipper|Pelipper, L50, M|100/100
|-weather|RainDance|[from] ability: Drizzle|[of] p1b: Pelipper
|turn|5
|
|t:|1785960697
|move|p2a: Sinistcha|Rage Powder|p2a: Sinistcha
|-singleturn|p2a: Sinistcha|move: Rage Powder
|move|p1a: Gliscor|Earthquake|p2b: Gengar|[spread] p2a,p2b
|-immune|p1b: Pelipper
|-resisted|p2a: Sinistcha|1
|-supereffective|p2b: Gengar|1
|-damage|p2a: Sinistcha|0 fnt
|-damage|p2b: Gengar|18/100
|faint|p2a: Sinistcha
|move|p1b: Pelipper|Weather Ball|p2b: Gengar
|-damage|p2b: Gengar|0 fnt
|faint|p2b: Gengar
|
|-weather|RainDance|[upkeep]
|-sideend|p1: ClumbsyLilBeach|move: Tailwind
|upkeep
|
|t:|1785960709
|switch|p2b: Incineroar|Incineroar, L50, M|67/100
|switch|p2a: Politoed|Politoed, L50, M|100/100
|-ability|p2b: Incineroar|Intimidate|boost
|-fail|p1a: Gliscor|unboost|Attack|[from] ability: Hyper Cutter|[of] p1a: Gliscor
|-unboost|p1b: Pelipper|atk|1
|turn|6
|
|t:|1785960725
|move|p2b: Incineroar|Fake Out|p1a: Gliscor
|-damage|p1a: Gliscor|90/100
|cant|p1a: Gliscor|flinch
|move|p1b: Pelipper|Weather Ball|p2b: Incineroar
|-supereffective|p2b: Incineroar|1
|-enditem|p2b: Incineroar|Passho Berry|[eat]
|-enditem|p2b: Incineroar|Passho Berry|[weaken]
|-damage|p2b: Incineroar|24/100
|move|p2a: Politoed|Weather Ball|p1a: Gliscor
|-supereffective|p1a: Gliscor|1
|-damage|p1a: Gliscor|0 fnt
|faint|p1a: Gliscor
|
|-weather|RainDance|[upkeep]
|upkeep
|turn|7
|
|t:|1785960745
|move|p2a: Politoed|Protect|p2a: Politoed
|-singleturn|p2a: Politoed|Protect
|move|p2b: Incineroar|Protect|p2b: Incineroar
|-singleturn|p2b: Incineroar|Protect
|move|p1b: Pelipper|Hurricane|p2a: Politoed
|-activate|p2a: Politoed|move: Protect
|
|-weather|RainDance|[upkeep]
|upkeep
|turn|8
|
|t:|1785960755
|move|p1b: Pelipper|Weather Ball|p2b: Incineroar
|-supereffective|p2b: Incineroar|1
|-damage|p2b: Incineroar|0 fnt
|faint|p2b: Incineroar
|move|p2a: Politoed|Perish Song|p2a: Politoed
|-start|p1b: Pelipper|perish3|[silent]
|-start|p2a: Politoed|perish3|[silent]
|-fieldactivate|move: Perish Song
|
|-weather|RainDance|[upkeep]
|-start|p1b: Pelipper|perish3
|-start|p2a: Politoed|perish3
|upkeep
|turn|9
|
|t:|1785960766
|move|p2a: Politoed|Protect|p2a: Politoed
|-singleturn|p2a: Politoed|Protect
|move|p1b: Pelipper|Hurricane|p2a: Politoed
|-activate|p2a: Politoed|move: Protect
|
|-weather|none
|-start|p1b: Pelipper|perish2
|-start|p2a: Politoed|perish2
|upkeep
|turn|10
|-message|ClumbsyLilBeach forfeited.
|
|win|trinton07
|l|☆ClumbsyLilBeach
|player|p1|
||trinton07 is ready for game 2.
||ClumbsyLilBeach is ready for game 2.
|uhtml|next|Next: Game 2 of 3
|l|☆trinton07
|player|p2|
|j|☆ClumbsyLilBeach
|player|p1|ClumbsyLilBeach|jasmine|
