|j|â˜†cirujanomarrano
|j|â˜†Marcos_Pro_Z3
|html|cirujanomarranoMarcos_Pro_Z3    
|uhtml|bestof|Game 1 of a best-of-3
|t:|1756312569
|gametype|doubles
|player|p1|cirujanomarrano|ghetsis|
|player|p2|Marcos_Pro_Z3|bruno|
|gen|9
|tier|[Gen 9] VGC 2025 Reg H (Bo3)
|rule|Species Clause: Limit one of each PokÃ©mon
|rule|Item Clause: Limit 1 of each item
|clearpoke
|poke|p1|Muk-Alola, L50, F|
|poke|p1|Smeargle, L50, F|
|poke|p1|Flamigo, L50, F|
|poke|p1|Sinistcha, L50|
|poke|p1|Dondozo, L50, M|
|poke|p1|Tatsugiri, L50, F|
|poke|p2|Malamar, L50, F|
|poke|p2|Ursaluna, L50, F|
|poke|p2|Torkoal, L50, F|
|poke|p2|Lilligant-Hisui, L50, F|
|poke|p2|Delphox, L50, F|
|poke|p2|Indeedee-F, L50, F|
|teampreview|4
|showteam|p1|Muk-Alola||Leftovers|PowerofAlchemy|KnockOff,Minimize,Substitute,Protect|||F|||50|,,,,,Ghost]Smeargle||FocusSash|Moody|FollowMe,Spore,WideGuard,SpikyShield|||F|||50|,,,,,Grass]Flamigo||WhiteHerb|Costar|CloseCombat,WideGuard,BraveBird,Protect|||F|||50|,,,,,Stellar]Sinistcha||RockyHelmet|Hospitality|MatchaGotcha,StrengthSap,RagePowder,LifeDew||||||50|,,,,,Steel]Dondozo||SafetyGoggles|Unaware|WaveCrash,Fissure,Yawn,Protect|||M|||50|,,,,,Poison]Tatsugiri||ChoiceScarf|Commander|DracoMeteor,MuddyWater,IcyWind,SleepTalk|||F|||50|,,,,,Steel
|showteam|p2|Malamar||SitrusBerry|Contrary|Superpower,TrickRoom,KnockOff,Protect|||F|||50|,,,,,Steel]Ursaluna||FlameOrb|Guts|Facade,HeadlongRush,Earthquake,Protect|||F|||50|,,,,,Ghost]Torkoal||Charcoal|Drought|Eruption,Flamethrower,HelpingHand,Protect|||F|||50|,,,,,Fire]Lilligant-Hisui||FocusSash|Chlorophyll|LeafBlade,CloseCombat,SleepPowder,AfterYou|||F|||50|,,,,,Ghost]Delphox||LifeOrb|Blaze|Flamethrower,ExpandingForce,TeraBlast,Protect|||F|||50|,,,,,Fighting]Indeedee-F||PsychicSeed|PsychicSurge|Psychic,FollowMe,HelpingHand,TrickRoom|||F|||50|,,,,,Grass
|c|â˜†cirujanomarrano|cojones
|
|t:|1756312599
|teamsize|p1|4
|teamsize|p2|4
|start
|switch|p1a: Muk|Muk-Alola, L50, F|100/100
|switch|p1b: Smeargle|Smeargle, L50, F|100/100
|switch|p2a: Lilligant|Lilligant-Hisui, L50, F|100/100
|switch|p2b: Delphox|Delphox, L50, F|100/100
|turn|1
|
|t:|1756312623
|-terastallize|p2b: Delphox|Fighting
|move|p1b: Smeargle|Follow Me|p1b: Smeargle
|-singleturn|p1b: Smeargle|move: Follow Me
|move|p2a: Lilligant|Sleep Powder|p1b: Smeargle
|-status|p1b: Smeargle|slp|[from] move: Sleep Powder
|move|p2b: Delphox|Tera Blast|p1b: Smeargle|[anim] Tera Blast Fighting
|-supereffective|p1b: Smeargle
|-enditem|p1b: Smeargle|Focus Sash
|-damage|p1b: Smeargle|1/100 slp
|-damage|p2b: Delphox|91/100|[from] item: Life Orb
|move|p1a: Muk|Minimize|p1a: Muk
|-boost|p1a: Muk|evasion|2
|
|-ability|p1b: Smeargle|Moody|boost
|-boost|p1b: Smeargle|spd|2
|-unboost|p1b: Smeargle|spe|1
|upkeep
|turn|2
|
|t:|1756312643
|move|p1a: Muk|Protect|p1a: Muk
|-singleturn|p1a: Muk|Protect
|move|p2a: Lilligant|Close Combat|p1a: Muk
|-activate|p1a: Muk|move: Protect
|move|p2b: Delphox|Tera Blast|p1a: Muk|[anim] Tera Blast Fighting
|-activate|p1a: Muk|move: Protect
|cant|p1b: Smeargle|slp
|
|-ability|p1b: Smeargle|Moody|boost
|-boost|p1b: Smeargle|def|2
|-unboost|p1b: Smeargle|atk|1
|upkeep
|turn|3
|
|t:|1756312663
|-terastallize|p1a: Muk|Ghost
|move|p2b: Delphox|Protect|p2b: Delphox
|-singleturn|p2b: Delphox|Protect
|cant|p1b: Smeargle|slp
|move|p2a: Lilligant|Sleep Powder|p1a: Muk|[miss]
|-miss|p2a: Lilligant|p1a: Muk
|move|p1a: Muk|Minimize|p1a: Muk
|-boost|p1a: Muk|evasion|2
|
|-ability|p1b: Smeargle|Moody|boost
|-boost|p1b: Smeargle|spa|2
|-unboost|p1b: Smeargle|spe|1
|upkeep
|turn|4
|
|t:|1756312685
|switch|p2b: Torkoal|Torkoal, L50, F|100/100
|-weather|SunnyDay|[from] ability: Drought|[of] p2b: Torkoal
|move|p2a: Lilligant|Sleep Powder|p1a: Muk|[miss]
|-miss|p2a: Lilligant|p1a: Muk
|move|p1a: Muk|Minimize|p1a: Muk
|-boost|p1a: Muk|evasion|2
|-curestatus|p1b: Smeargle|slp|[msg]
|move|p1b: Smeargle|Spore|p2b: Torkoal
|-status|p2b: Torkoal|slp|[from] move: Spore
|
|-weather|SunnyDay|[upkeep]
|-ability|p1b: Smeargle|Moody|boost
|-boost|p1b: Smeargle|atk|2
|-unboost|p1b: Smeargle|def|1
|upkeep
|turn|5
|
|t:|1756312711
|move|p1b: Smeargle|Follow Me|p1b: Smeargle
|-singleturn|p1b: Smeargle|move: Follow Me
|move|p2a: Lilligant|After You||[still]
|-fail|p2a: Lilligant
|move|p1a: Muk|Knock Off|p2a: Lilligant
|-resisted|p2a: Lilligant
|-damage|p2a: Lilligant|74/100
|-enditem|p2a: Lilligant|Focus Sash|[from] move: Knock Off|[of] p1a: Muk
|cant|p2b: Torkoal|slp
|
|-weather|SunnyDay|[upkeep]
|-ability|p1b: Smeargle|Moody|boost
|-boost|p1b: Smeargle|spa|2
|-unboost|p1b: Smeargle|atk|1
|upkeep
|turn|6
|
|t:|1756312726
|move|p1b: Smeargle|Wide Guard|p1b: Smeargle
|-singleturn|p1b: Smeargle|Wide Guard
|move|p2a: Lilligant|Close Combat|p1b: Smeargle
|-supereffective|p1b: Smeargle
|-damage|p1b: Smeargle|0 fnt
|-unboost|p2a: Lilligant|def|1
|-unboost|p2a: Lilligant|spd|1
|faint|p1b: Smeargle
|-ability|p1a: Muk|Moody|Power of Alchemy|[from] ability: Power of Alchemy|[of] p1b: Smeargle
|move|p1a: Muk|Knock Off|p2b: Torkoal
|-damage|p2b: Torkoal|72/100 slp
|-enditem|p2b: Torkoal|Charcoal|[from] move: Knock Off|[of] p1a: Muk
|cant|p2b: Torkoal|slp
|
|-weather|SunnyDay|[upkeep]
|-ability|p1a: Muk|Moody|boost
|-boost|p1a: Muk|def|2
|-unboost|p1a: Muk|spd|1
|upkeep
|
|t:|1756312743
|switch|p1b: Sinistcha|Sinistcha, L50|100/100
|turn|7
|
|t:|1756312780
|move|p2a: Lilligant|Sleep Powder|p1a: Muk|[miss]
|-miss|p2a: Lilligant|p1a: Muk
|move|p1b: Sinistcha|Matcha Gotcha|p2b: Torkoal|[spread] p2a,p2b
|-resisted|p2a: Lilligant
|-resisted|p2b: Torkoal
|-damage|p2a: Lilligant|47/100
|-damage|p2b: Torkoal|56/100 slp
|move|p1a: Muk|Knock Off|p2b: Torkoal
|-damage|p2b: Torkoal|39/100 slp
|-curestatus|p2b: Torkoal|slp|[msg]
|move|p2b: Torkoal|Flamethrower|p1b: Sinistcha
|-supereffective|p1b: Sinistcha
|-damage|p1b: Sinistcha|0 fnt
|faint|p1b: Sinistcha
|
|-weather|SunnyDay|[upkeep]
|-ability|p1a: Muk|Moody|boost
|-boost|p1a: Muk|atk|2
|-unboost|p1a: Muk|spe|1
|upkeep
|
|t:|1756312798
|switch|p1b: Flamigo|Flamigo, L50, F|100/100
|-copyboost|p1b: Flamigo|p1a: Muk|[from] ability: Costar
|-enditem|p1b: Flamigo|White Herb
|-clearnegativeboost|p1b: Flamigo|[silent]
|turn|8
|
|t:|1756312818
|move|p2a: Lilligant|Sleep Powder|p1b: Flamigo|[miss]
|-miss|p2a: Lilligant|p1b: Flamigo
|move|p1b: Flamigo|Brave Bird|p2a: Lilligant
|-supereffective|p2a: Lilligant
|-damage|p2a: Lilligant|0 fnt
|faint|p2a: Lilligant
|-damage|p1b: Flamigo|86/100|[from] Recoil
|move|p1a: Muk|Knock Off|p2b: Torkoal
|-crit|p2b: Torkoal
|-damage|p2b: Torkoal|0 fnt
|faint|p2b: Torkoal
|
|-weather|none
|-ability|p1a: Muk|Moody|boost
|-boost|p1a: Muk|spd|2
|-unboost|p1a: Muk|spe|1
|upkeep
|
|t:|1756312823
|switch|p2a: Delphox|Delphox, L50, F, tera:Fighting|91/100
|switch|p2b: Indeedee|Indeedee-F, L50, F|100/100
|-fieldstart|move: Psychic Terrain|[from] ability: Psychic Surge|[of] p2b: Indeedee
|-enditem|p2b: Indeedee|Psychic Seed
|-boost|p2b: Indeedee|spd|1|[from] item: Psychic Seed
|turn|9
|j| Joselunga
|
|t:|1756312837
|move|p2b: Indeedee|Helping Hand|p2a: Delphox
|-singleturn|p2a: Delphox|Helping Hand|[of] p2b: Indeedee
|move|p2a: Delphox|Expanding Force|p1b: Flamigo|[spread] p1b
|-miss|p2a: Delphox|p1a: Muk
|-supereffective|p1b: Flamigo
|-damage|p1b: Flamigo|0 fnt
|faint|p1b: Flamigo
|-damage|p2a: Delphox|81/100|[from] item: Life Orb
|move|p1a: Muk|Knock Off|p2b: Indeedee
|-supereffective|p2b: Indeedee
|-damage|p2b: Indeedee|11/100
|
|-ability|p1a: Muk|Moody|boost
|-boost|p1a: Muk|spd|2
|-unboost|p1a: Muk|atk|1
|upkeep
|turn|10
|
|t:|1756312866
|move|p2b: Indeedee|Helping Hand|p2a: Delphox
|-singleturn|p2a: Delphox|Helping Hand|[of] p2b: Indeedee
|move|p1a: Muk|Protect|p1a: Muk
|-singleturn|p1a: Muk|Protect
|move|p2a: Delphox|Expanding Force|p1a: Muk
|-activate|p1a: Muk|move: Protect
|
|-ability|p1a: Muk|Moody|boost
|-boost|p1a: Muk|spe|2
|-unboost|p1a: Muk|def|1
|upkeep
|turn|11
|
|t:|1756312879
|move|p2a: Delphox|Flamethrower|p1a: Muk|[miss]
|-miss|p2a: Delphox|p1a: Muk
|move|p2b: Indeedee|Psychic|p1a: Muk|[miss]
|-miss|p2b: Indeedee|p1a: Muk
|move|p1a: Muk|Substitute|p1a: Muk
|-start|p1a: Muk|Substitute
|-damage|p1a: Muk|76/100
|
|-heal|p1a: Muk|82/100|[from] item: Leftovers
|-ability|p1a: Muk|Moody|boost
|-boost|p1a: Muk|spe|2
|-unboost|p1a: Muk|spd|1
|upkeep
|turn|12
|c|â˜†Marcos_Pro_Z3|oh no
|
|t:|1756312897
|move|p2a: Delphox|Flamethrower|p1a: Muk|[miss]
|-miss|p2a: Delphox|p1a: Muk
|move|p1a: Muk|Knock Off|p2b: Indeedee
|-supereffective|p2b: Indeedee
|-crit|p2b: Indeedee
|-damage|p2b: Indeedee|0 fnt
|faint|p2b: Indeedee
|
|-heal|p1a: Muk|88/100|[from] item: Leftovers
|-ability|p1a: Muk|Moody|boost
|-boost|p1a: Muk|spa|2
|-unboost|p1a: Muk|spe|1
|upkeep
|turn|13
|
|t:|1756312905
|move|p2a: Delphox|Flamethrower|p1a: Muk|[miss]
|-miss|p2a: Delphox|p1a: Muk
|move|p1a: Muk|Knock Off|p2a: Delphox
|-resisted|p2a: Delphox
|-damage|p2a: Delphox|38/100
|-enditem|p2a: Delphox|Life Orb|[from] move: Knock Off|[of] p1a: Muk
|
|-heal|p1a: Muk|94/100|[from] item: Leftovers
|-fieldend|move: Psychic Terrain
|-ability|p1a: Muk|Moody|boost
|-boost|p1a: Muk|spe|2
|-unboost|p1a: Muk|spd|1
|upkeep
|turn|14
|
|t:|1756312913
|move|p1a: Muk|Knock Off|p2a: Delphox
|-resisted|p2a: Delphox
|-crit|p2a: Delphox
|-damage|p2a: Delphox|0 fnt
|faint|p2a: Delphox
|
|win|cirujanomarrano
||Marcos_Pro_Z3 is ready for game 2.
||cirujanomarrano is ready for game 2.
|uhtml|next|Next: Game 2 of 3
