|j|☆DibraldinhoVGC
|j|☆mumu2
|html|DibraldinhoVGCmumu2    
|uhtml|bestof|Game 3 of a best-of-3
|t:|1784678235
|gametype|doubles
|player|p1|DibraldinhoVGC|1|
|player|p2|mumu2|cyclistf|
|gen|9
|tier|[Gen 9 Champions] VGC 2026 Reg M-B (Bo3)
|rule|Species Clause: Limit one of each Pokémon
|rule|Item Clause: Limit 1 of each item
|clearpoke
|poke|p1|Grimmsnarl, L50, M, shiny|
|poke|p1|Pelipper, L50, M|
|poke|p1|Archaludon, L50, M|
|poke|p1|Venusaur, L50, M|
|poke|p1|Charizard, L50, M, shiny|
|poke|p1|Basculegion, L50, M|
|poke|p2|Charizard, L50, M|
|poke|p2|Venusaur, L50, F|
|poke|p2|Garchomp, L50, F|
|poke|p2|Annihilape, L50, M|
|poke|p2|Incineroar, L50, F|
|poke|p2|Toxapex, L50, M|
|teampreview|4
|showteam|p1|Grimmsnarl||LightClay|Prankster|FoulPlay,PartingShot,Reflect,LightScreen|Sassy||M|||50|]Pelipper||SitrusBerry|Drizzle|Hurricane,WeatherBall,Tailwind,WideGuard|Modest||M|||50|]Archaludon||Leftovers|Stamina|ElectroShot,DragonPulse,FlashCannon,Protect|Modest||M|||50|]Venusaur||FocusSash|Chlorophyll|SludgeBomb,EarthPower,SleepPowder,Protect|Modest||M|||50|]Charizard||CharizarditeY|Blaze|HeatWave,WeatherBall,Hurricane,Protect|Modest||M|||50|]Basculegion||ChoiceScarf|Adaptability|WaveCrash,LastRespects,FlipTurn,AquaJet|Jolly||M|||50|
|showteam|p2|Charizard||CharizarditeY|Blaze|HeatWave,WeatherBall,HelpingHand,Protect|Modest||M|||50|]Venusaur||LifeOrb|Chlorophyll|SludgeBomb,SolarBeam,EarthPower,Protect|Modest||F|||50|]Garchomp||ChoiceScarf|RoughSkin|DragonClaw,Earthquake,RockSlide,StompingTantrum|Adamant||F|||50|]Annihilape||FocusSash|Defiant|PhantomForce,CloseCombat,Protect,RockTomb|Jolly||M|||50|]Incineroar||SitrusBerry|Intimidate|FlareBlitz,ThroatChop,PartingShot,FakeOut|Impish||F|||50|]Toxapex||Leftovers|Regenerator|Toxic,Infestation,WideGuard,BanefulBunker|Bold||M|||50|
|
|t:|1784678291
|teamsize|p1|4
|teamsize|p2|4
|start
|switch|p1a: Venusaur|Venusaur, L50, M|100/100
|switch|p1b: Charizard|Charizard, L50, M, shiny|100/100
|switch|p2a: Charizard|Charizard, L50, M|100/100
|switch|p2b: Annihilape|Annihilape, L50, M|100/100
|turn|1
|
|t:|1784678317
|detailschange|p1b: Charizard|Charizard-Mega-Y, L50, M, shiny
|-mega|p1b: Charizard|Charizard|Charizardite Y
|-weather|SunnyDay|[from] ability: Drought|[of] p1b: Charizard
|detailschange|p2a: Charizard|Charizard-Mega-Y, L50, M
|-mega|p2a: Charizard|Charizard|Charizardite Y
|move|p2a: Charizard|Protect|p2a: Charizard
|-singleturn|p2a: Charizard|Protect
|move|p1a: Venusaur|Sleep Powder|p2b: Annihilape
|-status|p2b: Annihilape|slp|[from] move: Sleep Powder
|cant|p2b: Annihilape|slp
|move|p1b: Charizard|Heat Wave|p2b: Annihilape|[spread] p2b
|-activate|p2a: Charizard|move: Protect
|-damage|p2b: Annihilape|29/100 slp
|
|-weather|SunnyDay|[upkeep]
|upkeep
|turn|2
|c|☆DibraldinhoVGC|nossa agora que vi que to de hurricane no charizard
|c|☆mumu2|mds
|c|☆mumu2|e eu nao vi o sleep powder kkk
|
|t:|1784678352
|-curestatus|p2b: Annihilape|slp|[msg]
|move|p2b: Annihilape|Protect|p2b: Annihilape
|-singleturn|p2b: Annihilape|Protect
|move|p1a: Venusaur|Sleep Powder|p2a: Charizard
|-status|p2a: Charizard|slp|[from] move: Sleep Powder
|move|p1b: Charizard|Heat Wave|p2a: Charizard|[spread] p2a
|-activate|p2b: Annihilape|move: Protect
|-resisted|p2a: Charizard|1
|-damage|p2a: Charizard|73/100 slp
|cant|p2a: Charizard|slp
|
|-weather|SunnyDay|[upkeep]
|upkeep
|turn|3
|c|☆DibraldinhoVGC|hahahahha nesse time é padrão
|c|☆mumu2|sim, tava pensando no meu
|c|☆mumu2|burrei
|
|t:|1784678404
|switch|p2b: Incineroar|Incineroar, L50, F|100/100
|-ability|p2b: Incineroar|Intimidate|boost
|-unboost|p1a: Venusaur|atk|1
|-unboost|p1b: Charizard|atk|1
|switch|p1b: Basculegion|Basculegion, L50, M|100/100
|move|p1a: Venusaur|Earth Power|p2b: Incineroar
|-supereffective|p2b: Incineroar|1
|-damage|p2b: Incineroar|51/100
|cant|p2a: Charizard|slp
|
|-weather|SunnyDay|[upkeep]
|upkeep
|turn|4
|
|t:|1784678434
|switch|p1a: Pelipper|Pelipper, L50, M|100/100
|-weather|RainDance|[from] ability: Drizzle|[of] p1a: Pelipper
|move|p1b: Basculegion|Wave Crash|p2b: Incineroar
|-supereffective|p2b: Incineroar|1
|-damage|p2b: Incineroar|0 fnt
|faint|p2b: Incineroar
|-damage|p1b: Basculegion|82/100|[from] Recoil
|-curestatus|p2a: Charizard|slp|[msg]
|move|p2a: Charizard|Heat Wave|p1a: Pelipper|[spread] p1b
|-miss|p2a: Charizard|p1a: Pelipper
|-resisted|p1b: Basculegion|1
|-damage|p1b: Basculegion|70/100
|
|-weather|RainDance|[upkeep]
|upkeep
|
|t:|1784678439
|switch|p2b: Venusaur|Venusaur, L50, F|100/100
|turn|5
|
|t:|1784678467
|switch|p2a: Annihilape|Annihilape, L50, M|29/100
|move|p2b: Venusaur|Protect|p2b: Venusaur
|-singleturn|p2b: Venusaur|Protect
|move|p1b: Basculegion|Wave Crash|p2a: Annihilape
|-damage|p2a: Annihilape|0 fnt
|faint|p2a: Annihilape
|-damage|p1b: Basculegion|61/100|[from] Recoil
|move|p1a: Pelipper|Hurricane|p2b: Venusaur
|-activate|p2b: Venusaur|move: Protect
|
|-weather|RainDance|[upkeep]
|upkeep
|
|t:|1784678472
|switch|p2a: Charizard|Charizard-Mega-Y, L50, M|73/100
|-weather|SunnyDay|[from] ability: Drought|[of] p2a: Charizard
|turn|6
|
|t:|1784678489
|switch|p1b: Charizard|Charizard-Mega-Y, L50, M, shiny|100/100
|move|p2b: Venusaur|Sludge Bomb|p1b: Charizard
|-damage|p1b: Charizard|49/100
|-damage|p2b: Venusaur|90/100|[from] item: Life Orb
|move|p2a: Charizard|Weather Ball|p1a: Pelipper
|-resisted|p1a: Pelipper|1
|-damage|p1a: Pelipper|46/100
|-enditem|p1a: Pelipper|Sitrus Berry|[eat]
|-heal|p1a: Pelipper|70/100|[from] item: Sitrus Berry
|move|p1a: Pelipper|Weather Ball|p2b: Venusaur
|-supereffective|p2b: Venusaur|1
|-damage|p2b: Venusaur|2/100
|
|-weather|SunnyDay|[upkeep]
|upkeep
|turn|7
|j| Toms75
|
|t:|1784678518
|switch|p1a: Venusaur|Venusaur, L50, M|100/100
|move|p2b: Venusaur|Sludge Bomb|p1b: Charizard
|-damage|p1b: Charizard|0 fnt
|faint|p1b: Charizard
|-damage|p2b: Venusaur|0 fnt|[from] item: Life Orb
|faint|p2b: Venusaur
|move|p2a: Charizard|Weather Ball|p1a: Venusaur
|-supereffective|p1a: Venusaur|1
|-enditem|p1a: Venusaur|Focus Sash
|-damage|p1a: Venusaur|1/100
|
|-weather|SunnyDay|[upkeep]
|upkeep
|
|t:|1784678536
|switch|p1b: Basculegion|Basculegion, L50, M|61/100
|turn|8
|
|t:|1784678544
|switch|p1a: Pelipper|Pelipper, L50, M|70/100
|-weather|RainDance|[from] ability: Drizzle|[of] p1a: Pelipper
|move|p1b: Basculegion|Wave Crash|p2a: Charizard
|-supereffective|p2a: Charizard|1
|-damage|p2a: Charizard|0 fnt
|faint|p2a: Charizard
|-damage|p1b: Basculegion|38/100|[from] Recoil
|
|win|DibraldinhoVGC
|c|☆mumu2|gg
|c|☆mumu2|otimo jogo 2
|c|☆DibraldinhoVGC|gg valeu
|c|☆DibraldinhoVGC|bom demais
|c|☆DibraldinhoVGC|esse time é forte
|c|☆DibraldinhoVGC|toxapex é foda no geral
|c|☆DibraldinhoVGC|ainda bem que tenho o archaludon, mas é chato
