|j|☆teamfollower
|j|☆Fell Blue
|html|teamfollowerFell Blue    
|uhtml|bestof|Game 3 of a best-of-3
|t:|1784175320
|gametype|doubles
|player|p1|teamfollower|cheren|1357
|player|p2|Fell Blue|fantina|1314
|gen|9
|tier|[Gen 9 Champions] VGC 2026 Reg M-B (Bo3)
|rated|
|rule|Species Clause: Limit one of each Pokémon
|rule|Item Clause: Limit 1 of each item
|clearpoke
|poke|p1|Froslass, L50, F|
|poke|p1|Dragonite, L50, M|
|poke|p1|Toxapex, L50, M|
|poke|p1|Sneasler, L50, F|
|poke|p1|Kingambit, L50, F|
|poke|p1|Blaziken, L50, F|
|poke|p2|Mawile, L50, F|
|poke|p2|Farigiraf, L50, F|
|poke|p2|Drampa, L50, M|
|poke|p2|Kleavor, L50, F|
|poke|p2|Araquanid, L50, F|
|poke|p2|Incineroar, L50, M|
|teampreview|4
|showteam|p1|Froslass||Froslassite|CursedBody|Blizzard,ShadowBall,AuroraVeil,Protect|Timid||F|||50|]Dragonite||LifeOrb|InnerFocus|DragonClaw,ExtremeSpeed,LowKick,Protect|Adamant||M|||50|]Toxapex||Leftovers|Regenerator|Infestation,Toxic,WideGuard,BanefulBunker|Bold||M|||50|]Sneasler||FocusSash|PoisonTouch|PoisonJab,CloseCombat,FakeOut,Protect|Jolly||F|||50|]Kingambit||BlackGlasses|Defiant|KowtowCleave,IronHead,SuckerPunch,Protect|Adamant||F|||50|]Blaziken||Blazikenite|SpeedBoost|FlareBlitz,CloseCombat,RockTomb,Protect|Adamant||F|||50|
|showteam|p2|Mawile||Mawilite|HyperCutter|RockSlide,PlayRough,SuckerPunch,BrickBreak|Brave||F|||50|]Farigiraf||SitrusBerry|ArmorTail|Thunderbolt,HelpingHand,Psychic,TrickRoom|Modest||F|||50|]Drampa||Drampanite|CloudNine|EarthPower,EnergyBall,Thunderbolt,Protect|Quiet||M|||50|]Kleavor||FocusSash|Sharpness|StoneAxe,CloseCombat,XScissor,NightSlash|Adamant||F|||50|]Araquanid||MysticWater|WaterBubble|Surf,HydroPump,MirrorCoat,Endeavor|Quiet||F|||50|]Incineroar||LifeOrb|Intimidate|CloseCombat,FlareBlitz,FakeOut,ThroatChop|Brave||M|||50|
|
|t:|1784175337
|teamsize|p1|4
|teamsize|p2|4
|start
|switch|p1a: Sneasler|Sneasler, L50, F|100/100
|switch|p1b: Blaziken|Blaziken, L50, F|100/100
|switch|p2a: Farigiraf|Farigiraf, L50, F|100/100
|switch|p2b: Kleavor|Kleavor, L50, F|100/100
|turn|1
|inactive|Battle timer is ON: inactive players will automatically lose when time's up. (requested by teamfollower)
|
|t:|1784175349
|switch|p2b: Drampa|Drampa, L50, M|100/100
|-ability|p2b: Drampa|Cloud Nine
|detailschange|p1b: Blaziken|Blaziken-Mega, L50, F
|-mega|p1b: Blaziken|Blaziken|Blazikenite
|move|p1a: Sneasler|Close Combat|p2b: Drampa
|-supereffective|p2b: Drampa|1
|-damage|p2b: Drampa|0 fnt
|-unboost|p1a: Sneasler|def|1
|-unboost|p1a: Sneasler|spd|1
|faint|p2b: Drampa
|move|p1b: Blaziken|Flare Blitz|p2a: Farigiraf
|-damage|p2a: Farigiraf|36/100
|-status|p2a: Farigiraf|brn
|-enditem|p2a: Farigiraf|Sitrus Berry|[eat]
|-heal|p2a: Farigiraf|61/100 brn|[from] item: Sitrus Berry
|-damage|p1b: Blaziken|71/100|[from] Recoil
|move|p2a: Farigiraf|Trick Room|p2a: Farigiraf
|-fieldstart|move: Trick Room|[of] p2a: Farigiraf
|
|-damage|p2a: Farigiraf|54/100 brn|[from] brn
|-ability|p1b: Blaziken|Speed Boost|boost
|-boost|p1b: Blaziken|spe|1
|upkeep
|
|t:|1784175353
|switch|p2b: Mawile|Mawile, L50, F|100/100
|turn|2
|
|t:|1784175368
|switch|p1a: Toxapex|Toxapex, L50, M|100/100
|detailschange|p2b: Mawile|Mawile-Mega, L50, F
|-mega|p2b: Mawile|Mawile|Mawilite
|move|p1b: Blaziken|Protect|p1b: Blaziken
|-singleturn|p1b: Blaziken|Protect
|move|p2b: Mawile|Rock Slide|p1a: Toxapex|[spread] p1a
|-activate|p1b: Blaziken|move: Protect
|-damage|p1a: Toxapex|75/100
|move|p2a: Farigiraf|Psychic|p1a: Toxapex
|-supereffective|p1a: Toxapex|1
|-damage|p1a: Toxapex|18/100
|
|-heal|p1a: Toxapex|24/100|[from] item: Leftovers
|-damage|p2a: Farigiraf|48/100 brn|[from] brn
|-ability|p1b: Blaziken|Speed Boost|boost
|-boost|p1b: Blaziken|spe|1
|upkeep
|turn|3
|inactive|teamfollower has 30 seconds left.
|
|t:|1784175399
|move|p1a: Toxapex|Baneful Bunker|p1a: Toxapex
|-singleturn|p1a: Toxapex|move: Protect
|move|p2b: Mawile|Play Rough|p1a: Toxapex
|-activate|p1a: Toxapex|move: Protect
|move|p2a: Farigiraf|Psychic|p1b: Blaziken
|-supereffective|p1b: Blaziken|1
|-damage|p1b: Blaziken|0 fnt
|faint|p1b: Blaziken
|
|-heal|p1a: Toxapex|29/100|[from] item: Leftovers
|-damage|p2a: Farigiraf|42/100 brn|[from] brn
|upkeep
|
|t:|1784175409
|switch|p1b: Sneasler|Sneasler, L50, F|100/100
|turn|4
|c|☆Fell Blue|Gg
|
|t:|1784175424
|-heal|p1a: Toxapex|63/100|[from] ability: Regenerator|[silent]
|switch|p1a: Kingambit|Kingambit, L50, F|100/100
|move|p2b: Mawile|Rock Slide|p1b: Sneasler|[spread] p1a,p1b
|-resisted|p1a: Kingambit|1
|-resisted|p1b: Sneasler|1
|-damage|p1a: Kingambit|85/100
|-damage|p1b: Sneasler|69/100
|move|p2a: Farigiraf|Psychic|p1b: Sneasler
|-supereffective|p1b: Sneasler|2
|-damage|p1b: Sneasler|0 fnt
|faint|p1b: Sneasler
|
|-damage|p2a: Farigiraf|36/100 brn|[from] brn
|upkeep
|
|t:|1784175434
|switch|p1b: Toxapex|Toxapex, L50, M|63/100
|turn|5
|
|t:|1784175452
|move|p1b: Toxapex|Infestation|p2b: Mawile
|-resisted|p2b: Mawile|2
|-damage|p2b: Mawile|99/100
|-activate|p2b: Mawile|move: Infestation|[of] p1b: Toxapex
|move|p2b: Mawile|Brick Break|p1a: Kingambit
|-supereffective|p1a: Kingambit|2
|-damage|p1a: Kingambit|0 fnt
|faint|p1a: Kingambit
|move|p2a: Farigiraf|Psychic|p1b: Toxapex
|-supereffective|p1b: Toxapex|1
|-damage|p1b: Toxapex|4/100
|
|-heal|p1b: Toxapex|10/100|[from] item: Leftovers
|-damage|p2a: Farigiraf|30/100 brn|[from] brn
|-damage|p2b: Mawile|87/100|[from] move: Infestation|[partiallytrapped]
|-fieldend|move: Trick Room
|upkeep
|turn|6
|-message|teamfollower forfeited.
|
|win|Fell Blue
|raw|teamfollower's rating: 1357 → 1335(-22 for losing)
|raw|Fell Blue's rating: 1314 → 1336(+22 for winning)
|l|☆teamfollower
|player|p1|
