|j|☆VerVe1997
|j|☆beckybug
|html|VerVe1997beckybug    
|uhtml|bestof|Game 2 of a best-of-3
|t:|1782515267
|gametype|doubles
|player|p1|VerVe1997|steven|1120
|player|p2|beckybug|briar|1278
|gen|9
|tier|[Gen 9 Champions] VGC 2026 Reg M-B (Bo3)
|rated|
|rule|Species Clause: Limit one of each Pokémon
|rule|Item Clause: Limit 1 of each item
|clearpoke
|poke|p1|Kingambit, L50, M|
|poke|p1|Sneasler, L50, F|
|poke|p1|Floette-Eternal, L50, F|
|poke|p1|Charizard, L50, F|
|poke|p1|Garchomp, L50, F|
|poke|p1|Aerodactyl, L50, M|
|poke|p2|Metagross, L50, shiny|
|poke|p2|Swampert, L50, F|
|poke|p2|Pelipper, L50, M|
|poke|p2|Archaludon, L50, F|
|poke|p2|Sinistcha-Masterpiece, L50|
|poke|p2|Grimmsnarl, L50, M, shiny|
|teampreview|4
|showteam|p1|Kingambit||BlackGlasses|Defiant|KowtowCleave,SuckerPunch,IronHead,Protect|Adamant||M|||50|]Sneasler||WhiteHerb|Pressure|DireClaw,CloseCombat,FakeOut,Protect|Jolly||F|||50|]Floette-Eternal||Floettite|FlowerVeil|DrainingKiss,DazzlingGleam,CalmMind,Protect|Modest||F|||50|]Charizard||CharizarditeY|Blaze|WeatherBall,HeatWave,SolarBeam,Protect|Modest||F|||50|]Garchomp||LifeOrb|RoughSkin|Earthquake,StompingTantrum,DragonClaw,Protect|Adamant||F|||50|]Aerodactyl||FocusSash|RockHead|Tailwind,WideGuard,DualWingbeat,RockSlide|Serious||M|||50|
|showteam|p2|Metagross||Metagrossite|ClearBody|IronHead,PsychicFangs,BodyPress,Protect|Jolly|||||50|]Swampert||Swampertite|Torrent|WaveCrash,Earthquake,IcePunch,Protect|Adamant||F|||50|]Pelipper||SitrusBerry|Drizzle|WeatherBall,Hurricane,Tailwind,Protect|Modest||M|||50|]Archaludon||Leftovers|Stamina|FlashCannon,DragonPulse,ElectroShot,Protect|Modest||F|||50|]Sinistcha-Masterpiece||CobaBerry|Hospitality|MatchaGotcha,RagePowder,TrickRoom,Protect|Relaxed|||||50|]Grimmsnarl||LightClay|Prankster|FoulPlay,PartingShot,Reflect,LightScreen|Calm||M|||50|
|
|t:|1782515295
|teamsize|p1|4
|teamsize|p2|4
|start
|switch|p1a: Sneasler|Sneasler, L50, F|100/100
|switch|p1b: Charizard|Charizard, L50, F|100/100
|switch|p2a: Grimmsnarl|Grimmsnarl, L50, M, shiny|100/100
|switch|p2b: Swampert|Swampert, L50, F|100/100
|-ability|p1a: Sneasler|Pressure
|turn|1
|
|t:|1782515318
|detailschange|p1b: Charizard|Charizard-Mega-Y, L50, F
|-mega|p1b: Charizard|Charizard|Charizardite Y
|-weather|SunnyDay|[from] ability: Drought|[of] p1b: Charizard
|detailschange|p2b: Swampert|Swampert-Mega, L50, F
|-mega|p2b: Swampert|Swampert|Swampertite
|move|p1b: Charizard|Protect|p1b: Charizard
|-singleturn|p1b: Charizard|Protect
|move|p2b: Swampert|Protect|p2b: Swampert
|-singleturn|p2b: Swampert|Protect
|move|p1a: Sneasler|Fake Out|p2b: Swampert
|-activate|p2b: Swampert|move: Protect
|move|p2a: Grimmsnarl|Light Screen|p2a: Grimmsnarl
|-sidestart|p2: beckybug|move: Light Screen
|
|-weather|SunnyDay|[upkeep]
|upkeep
|turn|2
|
|t:|1782515342
|switch|p1b: Garchomp|Garchomp, L50, F|100/100
|move|p1a: Sneasler|Protect|p1a: Sneasler
|-singleturn|p1a: Sneasler|Protect
|move|p2a: Grimmsnarl|Parting Shot|p1b: Garchomp
|-unboost|p1b: Garchomp|atk|1
|-unboost|p1b: Garchomp|spa|1
|
|t:|1782515351
|switch|p2a: Pelipper|Pelipper, L50, M|100/100|[from] Parting Shot
|-weather|RainDance|[from] ability: Drizzle|[of] p2a: Pelipper
|move|p2b: Swampert|Wave Crash|p1a: Sneasler
|-activate|p1a: Sneasler|move: Protect
|
|-weather|RainDance|[upkeep]
|upkeep
|turn|3
|
|t:|1782515366
|switch|p1b: Charizard|Charizard-Mega-Y, L50, F|100/100
|-weather|SunnyDay|[from] ability: Drought|[of] p1b: Charizard
|move|p1a: Sneasler|Close Combat|p2b: Swampert
|-damage|p2b: Swampert|50/100g
|-unboost|p1a: Sneasler|def|1
|-unboost|p1a: Sneasler|spd|1
|-enditem|p1a: Sneasler|White Herb
|-clearnegativeboost|p1a: Sneasler|[silent]
|move|p2b: Swampert|Ice Punch|p1b: Charizard
|-damage|p1b: Charizard|69/100
|move|p2a: Pelipper|Tailwind|p2a: Pelipper
|-sidestart|p2: beckybug|move: Tailwind
|
|-weather|SunnyDay|[upkeep]
|upkeep
|turn|4
|
|t:|1782515387
|switch|p2a: Grimmsnarl|Grimmsnarl, L50, M, shiny|100/100
|move|p2b: Swampert|Protect|p2b: Swampert
|-singleturn|p2b: Swampert|Protect
|move|p1a: Sneasler|Close Combat|p2b: Swampert
|-activate|p2b: Swampert|move: Protect
|move|p1b: Charizard|Weather Ball|p2a: Grimmsnarl
|-damage|p2a: Grimmsnarl|46/100
|
|-weather|SunnyDay|[upkeep]
|upkeep
|turn|5
|
|t:|1782515412
|move|p1a: Sneasler|Protect|p1a: Sneasler
|-singleturn|p1a: Sneasler|Protect
|move|p2a: Grimmsnarl|Parting Shot|p1a: Sneasler
|-activate|p1a: Sneasler|move: Protect
|move|p2b: Swampert|Earthquake|p1b: Charizard|[spread] p2a
|-activate|p1a: Sneasler|move: Protect
|-immune|p1b: Charizard
|-damage|p2a: Grimmsnarl|1/100
|move|p1b: Charizard|Solar Beam||[still]
|-prepare|p1b: Charizard|Solar Beam
|-anim|p1b: Charizard|Solar Beam|p2b: Swampert
|-supereffective|p2b: Swampert|2
|-crit|p2b: Swampert
|-damage|p2b: Swampert|0 fnt
|faint|p2b: Swampert
|
|-weather|SunnyDay|[upkeep]
|upkeep
|
|t:|1782515426
|switch|p2b: Pelipper|Pelipper, L50, M|100/100
|-weather|RainDance|[from] ability: Drizzle|[of] p2b: Pelipper
|turn|6
|
|t:|1782515435
|switch|p1b: Garchomp|Garchomp, L50, F|100/100
|move|p1a: Sneasler|Protect||[still]
|-fail|p1a: Sneasler
|move|p2a: Grimmsnarl|Parting Shot|p1a: Sneasler
|-unboost|p1a: Sneasler|atk|1
|-unboost|p1a: Sneasler|spa|1
|
|t:|1782515443
|switch|p2a: Archaludon|Archaludon, L50, F|100/100|[from] Parting Shot
|move|p2b: Pelipper|Hurricane|p1a: Sneasler
|-supereffective|p1a: Sneasler|1
|-damage|p1a: Sneasler|0 fnt
|faint|p1a: Sneasler
|
|-weather|RainDance|[upkeep]
|-sideend|p2: beckybug|move: Tailwind
|upkeep
|
|t:|1782515449
|switch|p1a: Charizard|Charizard-Mega-Y, L50, F|69/100
|-weather|SunnyDay|[from] ability: Drought|[of] p1a: Charizard
|turn|7
|
|t:|1782515464
|move|p2a: Archaludon|Protect|p2a: Archaludon
|-singleturn|p2a: Archaludon|Protect
|move|p1b: Garchomp|Stomping Tantrum|p2a: Archaludon
|-activate|p2a: Archaludon|move: Protect
|move|p1a: Charizard|Weather Ball|p2b: Pelipper
|-resisted|p2b: Pelipper|1
|-damage|p2b: Pelipper|62/100
|move|p2b: Pelipper|Tailwind|p2b: Pelipper
|-sidestart|p2: beckybug|move: Tailwind
|
|-weather|SunnyDay|[upkeep]
|upkeep
|turn|8
|
|t:|1782515486
|switch|p2b: Grimmsnarl|Grimmsnarl, L50, M, shiny|1/100
|move|p2a: Archaludon|Dragon Pulse|p1b: Garchomp
|-supereffective|p1b: Garchomp|1
|-damage|p1b: Garchomp|20/100r
|move|p1b: Garchomp|Stomping Tantrum|p2a: Archaludon
|-supereffective|p2a: Archaludon|1
|-damage|p2a: Archaludon|20/100y
|-ability|p2a: Archaludon|Stamina|boost
|-boost|p2a: Archaludon|def|1
|-damage|p1b: Garchomp|10/100|[from] item: Life Orb
|move|p1a: Charizard|Weather Ball|p2a: Archaludon
|-damage|p2a: Archaludon|0 fnt
|faint|p2a: Archaludon
|
|-weather|SunnyDay|[upkeep]
|-sideend|p2: beckybug|move: Light Screen
|upkeep
|
|t:|1782515501
|switch|p2a: Pelipper|Pelipper, L50, M|62/100
|-weather|RainDance|[from] ability: Drizzle|[of] p2a: Pelipper
|turn|9
|
|t:|1782515521
|switch|p1a: Aerodactyl|Aerodactyl, L50, M|100/100
|move|p1b: Garchomp|Protect|p1b: Garchomp
|-singleturn|p1b: Garchomp|Protect
|move|p2a: Pelipper|Weather Ball|p1b: Garchomp
|-activate|p1b: Garchomp|move: Protect
|move|p2b: Grimmsnarl|Foul Play|p1a: Aerodactyl
|-damage|p1a: Aerodactyl|32/100
|
|-weather|RainDance|[upkeep]
|upkeep
|turn|10
|
|t:|1782515545
|move|p2a: Pelipper|Weather Ball|p1a: Aerodactyl
|-supereffective|p1a: Aerodactyl|1
|-damage|p1a: Aerodactyl|0 fnt
|faint|p1a: Aerodactyl
|move|p2b: Grimmsnarl|Foul Play|p1b: Garchomp
|-damage|p1b: Garchomp|0 fnt
|-damage|p2b: Grimmsnarl|0 fnt|[from] ability: Rough Skin|[of] p1b: Garchomp
|faint|p1b: Garchomp
|faint|p2b: Grimmsnarl
|
|-weather|RainDance|[upkeep]
|-sideend|p2: beckybug|move: Tailwind
|upkeep
|
|t:|1782515553
|switch|p1b: Charizard|Charizard-Mega-Y, L50, F|69/100
|-weather|SunnyDay|[from] ability: Drought|[of] p1b: Charizard
|turn|11
|
|t:|1782515559
|move|p1b: Charizard|Solar Beam||[still]
|-prepare|p1b: Charizard|Solar Beam
|-anim|p1b: Charizard|Solar Beam|p2a: Pelipper
|-damage|p2a: Pelipper|5/100
|-enditem|p2a: Pelipper|Sitrus Berry|[eat]
|-heal|p2a: Pelipper|29/100|[from] item: Sitrus Berry
|move|p2a: Pelipper|Hurricane|p1b: Charizard|[miss]
|-miss|p2a: Pelipper|p1b: Charizard
|
|-weather|SunnyDay|[upkeep]
|upkeep
|turn|12
|-message|beckybug forfeited.
|
|win|VerVe1997
||beckybug is ready for game 3.
||VerVe1997 is ready for game 3.
|uhtml|next|Next: Game 3 of 3
|l|☆VerVe1997
|player|p1|
