|j|☆Karlye
|j|☆JefeHilariov_
|html|KarlyeJefeHilariov_    
|uhtml|bestof|Game 1 of a best-of-3
|t:|1757696312
|gametype|doubles
|player|p1|Karlye|blue|1142
|player|p2|JefeHilariov_|266|1134
|gen|9
|tier|[Gen 9] VGC 2025 Reg H (Bo3)
|rated|
|rule|Species Clause: Limit one of each Pokémon
|rule|Item Clause: Limit 1 of each item
|clearpoke
|poke|p1|Dragonite, L50, M|
|poke|p1|Ursaluna-Bloodmoon, L50, M|
|poke|p1|Gholdengo, L50|
|poke|p1|Maushold-Four, L50|
|poke|p1|Annihilape, L50, F|
|poke|p1|Rillaboom, L50, F|
|poke|p2|Archaludon, L50, F|
|poke|p2|Gholdengo, L50|
|poke|p2|Pelipper, L50, M|
|poke|p2|Flamigo, L50, F|
|poke|p2|Farigiraf, L50, F|
|poke|p2|Dragapult, L50, F|
|teampreview|4
|showteam|p1|Dragonite||LoadedDice|Multiscale|ScaleShot,Tailwind,Haze,Protect|||M|||50|,,,,,Fairy]Ursaluna-Bloodmoon||AssaultVest|MindsEye|BloodMoon,EarthPower,HyperVoice,VacuumWave|||M|||50|,,,,,Water]Gholdengo||LifeOrb|GoodasGold|MakeItRain,ShadowBall,NastyPlot,Protect||||||50|,,,,,Dragon]Maushold-Four||FocusSash|FriendGuard|Taunt,FollowMe,BeatUp,Protect||||||50|,,,,,Ghost]Annihilape||SitrusBerry|Defiant|RageFist,DrainPunch,BulkUp,Protect|||F|||50|,,,,,Fire]Rillaboom||MiracleSeed|GrassySurge|WoodHammer,GrassyGlide,HighHorsepower,FakeOut|||F|||50|,,,,,Fire
|showteam|p2|Archaludon||AssaultVest|Stamina|BodyPress,FlashCannon,ElectroShot,DracoMeteor|||F|||50|,,,,,Grass]Gholdengo||LifeOrb|GoodasGold|MakeItRain,ShadowBall,NastyPlot,Protect||||||50|,,,,,Water]Pelipper||DampRock|Drizzle|WeatherBall,Hurricane,WideGuard,Protect|||M|||50|,,,,,Stellar]Flamigo||FocusSash|Scrappy|CloseCombat,BraveBird,Tailwind,Detect|||F|||50|,,,,,Stellar]Farigiraf||SitrusBerry|ArmorTail|Psychic,FoulPlay,HelpingHand,TrickRoom|||F|||50|,,,,,Fairy]Dragapult||ChoiceBand|ClearBody|BreakingSwipe,DragonDarts,PhantomForce,Uturn|||F|||50|,,,,,Dragon
|inactive|Battle timer is ON: inactive players will automatically lose when time's up. (requested by Karlye)
|c|☆Karlye|glhf
|inactive|Karlye has 60 seconds left.
|c|☆JefeHilariov_|glhf
|inactive|Karlye has 30 seconds left.
|inactive|Karlye has 20 seconds left.
|
|t:|1757696406
|teamsize|p1|4
|teamsize|p2|4
|start
|switch|p1a: Maushold|Maushold-Four, L50|100/100
|switch|p1b: Annihilape|Annihilape, L50, F|100/100
|switch|p2a: Farigiraf|Farigiraf, L50, F|100/100
|switch|p2b: Flamigo|Flamigo, L50, F, shiny|100/100
|turn|1
|inactive|Karlye has 30 seconds left.
|inactive|Karlye has 20 seconds left.
|inactive|Karlye has 15 seconds left.
|inactive|Karlye has 10 seconds left.
|
|t:|1757696456
|-terastallize|p1b: Annihilape|Fire
|move|p1a: Maushold|Taunt|p2b: Flamigo
|-start|p2b: Flamigo|move: Taunt
|move|p1b: Annihilape|Bulk Up|p1b: Annihilape
|-boost|p1b: Annihilape|atk|1
|-boost|p1b: Annihilape|def|1
|move|p2b: Flamigo|Close Combat|p1b: Annihilape
|-damage|p1b: Annihilape|73/100
|-unboost|p2b: Flamigo|def|1
|-unboost|p2b: Flamigo|spd|1
|move|p2a: Farigiraf|Psychic|p1b: Annihilape
|-damage|p1b: Annihilape|47/100
|-enditem|p1b: Annihilape|Sitrus Berry|[eat]
|-heal|p1b: Annihilape|72/100|[from] item: Sitrus Berry
|
|upkeep
|turn|2
|inactive|Karlye has 30 seconds left.
|inactive|JefeHilariov_ has 30 seconds left.
|inactive|Karlye has 20 seconds left.
|inactive|Karlye has 15 seconds left.
|
|t:|1757696501
|move|p1a: Maushold|Beat Up|p2b: Flamigo
|-resisted|p2b: Flamigo
|-damage|p2b: Flamigo|98/100
|-resisted|p2b: Flamigo
|-damage|p2b: Flamigo|95/100
|-resisted|p2b: Flamigo
|-damage|p2b: Flamigo|93/100
|-resisted|p2b: Flamigo
|-damage|p2b: Flamigo|91/100
|-hitcount|p2b: Flamigo|4
|move|p2b: Flamigo|Close Combat|p1a: Maushold
|-supereffective|p1a: Maushold
|-enditem|p1a: Maushold|Focus Sash
|-damage|p1a: Maushold|1/100
|-unboost|p2b: Flamigo|def|1
|-unboost|p2b: Flamigo|spd|1
|move|p1b: Annihilape|Rage Fist|p2b: Flamigo
|-damage|p2b: Flamigo|0 fnt
|faint|p2b: Flamigo
|move|p2a: Farigiraf|Psychic|p1a: Maushold
|-damage|p1a: Maushold|0 fnt
|faint|p1a: Maushold
|
|upkeep
|inactive|Karlye has 30 seconds left.
|
|t:|1757696529
|switch|p1a: Gholdengo|Gholdengo, L50|100/100
|switch|p2b: Pelipper|Pelipper, L50, M, shiny|100/100
|-weather|RainDance|[from] ability: Drizzle|[of] p2b: Pelipper
|turn|3
|
|t:|1757696552
|move|p2a: Farigiraf|Helping Hand|p2b: Pelipper
|-singleturn|p2b: Pelipper|Helping Hand|[of] p2a: Farigiraf
|move|p1b: Annihilape|Rage Fist|p2b: Pelipper
|-damage|p2b: Pelipper|5/100
|move|p1a: Gholdengo|Nasty Plot|p1a: Gholdengo
|-boost|p1a: Gholdengo|spa|2
|move|p2b: Pelipper|Weather Ball|p1b: Annihilape
|-supereffective|p1b: Annihilape
|-damage|p1b: Annihilape|0 fnt
|faint|p1b: Annihilape
|
|-weather|RainDance|[upkeep]
|upkeep
|
|t:|1757696559
|switch|p1b: Ursaluna|Ursaluna-Bloodmoon, L50, M|100/100
|turn|4
|inactive|Karlye has 30 seconds left.
|
|t:|1757696590
|move|p2b: Pelipper|Wide Guard|p2b: Pelipper
|-singleturn|p2b: Pelipper|Wide Guard
|move|p1a: Gholdengo|Shadow Ball|p2b: Pelipper
|-damage|p2b: Pelipper|0 fnt
|faint|p2b: Pelipper
|-damage|p1a: Gholdengo|91/100|[from] item: Life Orb
|move|p1b: Ursaluna|Blood Moon|p2a: Farigiraf
|-damage|p2a: Farigiraf|23/100
|-enditem|p2a: Farigiraf|Sitrus Berry|[eat]
|-heal|p2a: Farigiraf|47/100|[from] item: Sitrus Berry
|move|p2a: Farigiraf|Foul Play|p1a: Gholdengo
|-supereffective|p1a: Gholdengo
|-damage|p1a: Gholdengo|70/100
|
|-weather|RainDance|[upkeep]
|upkeep
|
|t:|1757696607
|switch|p2b: Archaludon|Archaludon, L50, F|100/100
|turn|5
|
|t:|1757696631
|-terastallize|p2b: Archaludon|Grass
|move|p2a: Farigiraf|Helping Hand|p2b: Archaludon
|-singleturn|p2b: Archaludon|Helping Hand|[of] p2a: Farigiraf
|move|p1a: Gholdengo|Protect|p1a: Gholdengo
|-singleturn|p1a: Gholdengo|Protect
|move|p2b: Archaludon|Body Press|p1b: Ursaluna
|-supereffective|p1b: Ursaluna
|-crit|p1b: Ursaluna
|-damage|p1b: Ursaluna|19/100
|move|p1b: Ursaluna|Hyper Voice|p2a: Farigiraf|[spread] p2a,p2b
|-damage|p2a: Farigiraf|15/100
|-damage|p2b: Archaludon|70/100
|-ability|p2b: Archaludon|Stamina|boost
|-boost|p2b: Archaludon|def|1
|
|-weather|RainDance|[upkeep]
|upkeep
|turn|6
|inactive|Karlye has 30 seconds left.
|
|t:|1757696664
|move|p1a: Gholdengo|Make It Rain|p2a: Farigiraf|[spread] p2a,p2b
|-damage|p2a: Farigiraf|0 fnt
|-damage|p2b: Archaludon|0 fnt
|-unboost|p1a: Gholdengo|spa|1
|faint|p2a: Farigiraf
|faint|p2b: Archaludon
|-damage|p1a: Gholdengo|60/100|[from] item: Life Orb
|
|win|Karlye
