|j|☆flamingfearow
|j|☆VolanR
|html|flamingfearowVolanR    
|uhtml|bestof|Game 3 of a best-of-3
|t:|1756332203
|gametype|doubles
|player|p1|flamingfearow|170|1307
|player|p2|VolanR|veteranf|1408
|gen|9
|tier|[Gen 9] VGC 2025 Reg H (Bo3)
|rated|
|rule|Species Clause: Limit one of each Pokémon
|rule|Item Clause: Limit 1 of each item
|clearpoke
|poke|p1|Kingambit, L50, F|
|poke|p1|Primarina, L50, F|
|poke|p1|Sneasler, L50, M|
|poke|p1|Magmar, L50, M|
|poke|p1|Rillaboom, L50, F|
|poke|p1|Dragapult, L50, F|
|poke|p2|Archaludon, L50, M|
|poke|p2|Sinistcha-Masterpiece, L50|
|poke|p2|Dragonite, L50, M|
|poke|p2|Pelipper, L50, M|
|poke|p2|Ursaluna, L50, M|
|poke|p2|Gholdengo, L50|
|teampreview|4
|showteam|p1|Kingambit||BlackGlasses|Defiant|KowtowCleave,SuckerPunch,SwordsDance,Protect|||F|||50|,,,,,Dark]Primarina||SitrusBerry|LiquidVoice|HyperVoice,Moonblast,Haze,Protect|||F|||50|,,,,,Poison]Sneasler||FocusSash|PoisonTouch|CloseCombat,DireClaw,FakeOut,Protect|||M|||50|,,,,,Ghost]Magmar||Eviolite|VitalSpirit|Overheat,WillOWisp,FollowMe,Protect|||M|||50|,,,,,Ghost]Rillaboom||AssaultVest|GrassySurge|WoodHammer,GrassyGlide,HighHorsepower,FakeOut|||F|||50|,,,,,Fire]Dragapult||ChoiceBand|ClearBody|DragonDarts,PhantomForce,Outrage,Uturn|||F|||50|,,,,,Dragon
|showteam|p2|Archaludon||AssaultVest|Stamina|BodyPress,Snarl,ElectroShot,FlashCannon|||M|||50|,,,,,Fighting]Sinistcha-Masterpiece||SitrusBerry|Hospitality|MatchaGotcha,RagePowder,TrickRoom,LifeDew||||||50|,,,,,Dark]Dragonite||LoadedDice|Multiscale|ScaleShot,Protect,Tailwind,Haze|||M|||50|,,,,,Steel]Pelipper||FocusSash|Drizzle|MuddyWater,Hurricane,Tailwind,Protect|||M|||50|,,,,,Ghost]Ursaluna||FlameOrb|Guts|Facade,HeadlongRush,Earthquake,Protect|||M|||50|,,,,,Ghost]Gholdengo||ChoiceScarf|GoodasGold|MakeItRain,TeraBlast,ShadowBall,Trick||||||50|,,,,,Water
|
|t:|1756332279
|teamsize|p1|4
|teamsize|p2|4
|start
|switch|p1a: Sneasler|Sneasler, L50, M|100/100
|switch|p1b: Primarina|Primarina, L50, F|100/100
|switch|p2a: Archaludon|Archaludon, L50, M|100/100
|switch|p2b: Pelipper|Pelipper, L50, M|100/100
|-weather|RainDance|[from] ability: Drizzle|[of] p2b: Pelipper
|turn|1
|
|t:|1756332300
|-terastallize|p1b: Primarina|Poison
|move|p2b: Pelipper|Protect|p2b: Pelipper
|-singleturn|p2b: Pelipper|Protect
|move|p1a: Sneasler|Close Combat|p2a: Archaludon
|-supereffective|p2a: Archaludon
|-damage|p2a: Archaludon|20/100
|-unboost|p1a: Sneasler|def|1
|-unboost|p1a: Sneasler|spd|1
|-ability|p2a: Archaludon|Stamina|boost
|-boost|p2a: Archaludon|def|1
|move|p2a: Archaludon|Electro Shot||[still]
|-prepare|p2a: Archaludon|Electro Shot
|-boost|p2a: Archaludon|spa|1
|-anim|p2a: Archaludon|Electro Shot|p1a: Sneasler
|-enditem|p1a: Sneasler|Focus Sash
|-damage|p1a: Sneasler|1/100
|move|p1b: Primarina|Moonblast|p2a: Archaludon
|-damage|p2a: Archaludon|0 fnt
|faint|p2a: Archaludon
|
|-weather|RainDance|[upkeep]
|upkeep
|
|t:|1756332307
|switch|p2a: Sinistcha|Sinistcha-Masterpiece, L50|100/100
|turn|2
|
|t:|1756332334
|move|p1a: Sneasler|Dire Claw|p2b: Pelipper
|-damage|p2b: Pelipper|42/100
|move|p2b: Pelipper|Muddy Water|p1b: Primarina|[spread] p1b
|-miss|p2b: Pelipper|p1a: Sneasler
|-damage|p1b: Primarina|61/100
|move|p2a: Sinistcha|Matcha Gotcha|p1b: Primarina|[spread] p1a,p1b
|-resisted|p1a: Sneasler
|-resisted|p1b: Primarina
|-damage|p1a: Sneasler|0 fnt
|-damage|p1b: Primarina|52/100
|faint|p1a: Sneasler
|move|p1b: Primarina|Hyper Voice|p2b: Pelipper|[spread] p2a,p2b
|-resisted|p2a: Sinistcha
|-resisted|p2b: Pelipper
|-damage|p2a: Sinistcha|79/100
|-damage|p2b: Pelipper|0 fnt
|faint|p2b: Pelipper
|
|-weather|RainDance|[upkeep]
|upkeep
|
|t:|1756332355
|switch|p1a: Kingambit|Kingambit, L50, F|100/100
|switch|p2b: Dragonite|Dragonite, L50, M|100/100
|turn|3
|
|t:|1756332368
|-terastallize|p2a: Sinistcha|Dark
|move|p2b: Dragonite|Scale Shot|p1b: Primarina
|-damage|p1b: Primarina|35/100
|-enditem|p1b: Primarina|Sitrus Berry|[eat]
|-heal|p1b: Primarina|60/100|[from] item: Sitrus Berry
|-damage|p1b: Primarina|45/100
|-damage|p1b: Primarina|29/100
|-damage|p1b: Primarina|14/100
|-hitcount|p1b: Primarina|4
|-unboost|p2b: Dragonite|def|1
|-boost|p2b: Dragonite|spe|1
|move|p2a: Sinistcha|Matcha Gotcha|p1b: Primarina|[spread] p1a,p1b
|-resisted|p1a: Kingambit
|-resisted|p1b: Primarina
|-damage|p1a: Kingambit|88/100
|-heal|p2a: Sinistcha|86/100|[from] drain|[of] p1a: Kingambit
|-damage|p1b: Primarina|4/100
|-heal|p2a: Sinistcha|91/100|[from] drain|[of] p1b: Primarina
|-status|p1a: Kingambit|brn
|move|p1b: Primarina|Moonblast|p2a: Sinistcha
|-supereffective|p2a: Sinistcha
|-damage|p2a: Sinistcha|3/100
|-unboost|p2a: Sinistcha|spa|1
|-enditem|p2a: Sinistcha|Sitrus Berry|[eat]
|-heal|p2a: Sinistcha|28/100|[from] item: Sitrus Berry
|move|p1a: Kingambit|Kowtow Cleave|p2a: Sinistcha
|-resisted|p2a: Sinistcha
|-damage|p2a: Sinistcha|15/100
|
|-weather|RainDance|[upkeep]
|-damage|p1a: Kingambit|82/100 brn|[from] brn
|upkeep
|turn|4
|
|t:|1756332416
|move|p2b: Dragonite|Scale Shot|p1b: Primarina
|-damage|p1b: Primarina|0 fnt
|faint|p1b: Primarina
|-hitcount|p1: Primarina|1
|-unboost|p2b: Dragonite|def|1
|-boost|p2b: Dragonite|spe|1
|move|p2a: Sinistcha|Life Dew||[still]|[spread] p2a,p2b
|-heal|p2a: Sinistcha|40/100
|-fail|p2b: Dragonite|heal
|move|p1a: Kingambit|Swords Dance|p1a: Kingambit
|-boost|p1a: Kingambit|atk|2
|
|-weather|RainDance|[upkeep]
|-damage|p1a: Kingambit|76/100 brn|[from] brn
|upkeep
|
|t:|1756332418
|switch|p1b: Rillaboom|Rillaboom, L50, F|100/100
|-fieldstart|move: Grassy Terrain|[from] ability: Grassy Surge|[of] p1b: Rillaboom
|turn|5
|
|t:|1756332441
|move|p2b: Dragonite|Protect|p2b: Dragonite
|-singleturn|p2b: Dragonite|Protect
|move|p1b: Rillaboom|Wood Hammer|p2a: Sinistcha
|-damage|p2a: Sinistcha|0 fnt
|faint|p2a: Sinistcha
|-damage|p1b: Rillaboom|89/100|[from] Recoil
|move|p1a: Kingambit|Kowtow Cleave|p2b: Dragonite
|-activate|p2b: Dragonite|move: Protect
|
|-weather|none
|-heal|p1b: Rillaboom|95/100|[from] Grassy Terrain
|-heal|p1a: Kingambit|82/100 brn|[from] Grassy Terrain
|-damage|p1a: Kingambit|76/100 brn|[from] brn
|upkeep
|turn|6
|
|t:|1756332451
|move|p2b: Dragonite|Haze|p2b: Dragonite
|-clearallboost
|move|p1b: Rillaboom|Wood Hammer|p2b: Dragonite
|-resisted|p2b: Dragonite
|-damage|p2b: Dragonite|90/100
|-damage|p1b: Rillaboom|92/100|[from] Recoil
|move|p1a: Kingambit|Kowtow Cleave|p2b: Dragonite
|-damage|p2b: Dragonite|53/100
|
|-heal|p1b: Rillaboom|98/100|[from] Grassy Terrain
|-heal|p1a: Kingambit|82/100 brn|[from] Grassy Terrain
|-damage|p1a: Kingambit|76/100 brn|[from] brn
|upkeep
|turn|7
|
|t:|1756332456
|move|p2b: Dragonite|Scale Shot|p1b: Rillaboom
|-damage|p1b: Rillaboom|83/100
|-damage|p1b: Rillaboom|70/100
|-damage|p1b: Rillaboom|57/100
|-damage|p1b: Rillaboom|42/100
|-damage|p1b: Rillaboom|27/100
|-hitcount|p1b: Rillaboom|5
|-unboost|p2b: Dragonite|def|1
|-boost|p2b: Dragonite|spe|1
|move|p1b: Rillaboom|Wood Hammer|p2b: Dragonite
|-resisted|p2b: Dragonite
|-damage|p2b: Dragonite|17/100
|-damage|p1b: Rillaboom|18/100|[from] Recoil
|move|p1a: Kingambit|Kowtow Cleave|p2b: Dragonite
|-damage|p2b: Dragonite|0 fnt
|faint|p2b: Dragonite
|
|win|flamingfearow
|raw|flamingfearow's rating: 1307 → 1333(+26 for winning)
|raw|VolanR's rating: 1408 → 1382(-26 for losing)
|l|☆VolanR
|player|p2|
