|j|☆Sylviana GL
|j|☆Leafeon Disliker
|html|Sylviana GLLeafeon Disliker    
|uhtml|bestof|Game 3 of a best-of-3
|t:|1783731405
|gametype|doubles
|player|p1|Sylviana GL|caitlin|1092
|player|p2|Leafeon Disliker|shauntal|1161
|gen|9
|tier|[Gen 9 Champions] VGC 2026 Reg M-B (Bo3)
|rated|
|rule|Species Clause: Limit one of each Pokémon
|rule|Item Clause: Limit 1 of each item
|clearpoke
|poke|p1|Aerodactyl, L50, M, shiny|
|poke|p1|Charizard, L50, M|
|poke|p1|Sylveon, L50, M|
|poke|p1|Garchomp, L50, F|
|poke|p1|Kingambit, L50, F|
|poke|p1|Incineroar, L50, M|
|poke|p2|Maushold-Four, L50|
|poke|p2|Annihilape, L50, F|
|poke|p2|Delphox, L50, F|
|poke|p2|Incineroar, L50, M|
|poke|p2|Sinistcha, L50|
|poke|p2|Floette-Eternal, L50, F|
|teampreview|4
|showteam|p1|Aerodactyl||Aerodactylite|Unnerve|RockSlide,IceFang,Tailwind,WideGuard|Jolly||M|||50|]Charizard||CharizarditeY|Blaze|HeatWave,WeatherBall,SolarBeam,Protect|Modest||M|||50|]Sylveon||FairyFeather|Pixilate|HyperVoice,HyperBeam,QuickAttack,Detect|Modest||M|||50|]Garchomp||LifeOrb|RoughSkin|DragonClaw,Earthquake,StompingTantrum,Protect|Jolly||F|||50|]Kingambit||FocusSash|Defiant|SuckerPunch,KowtowCleave,IronHead,Protect|Adamant||F|||50|]Incineroar||SitrusBerry|Intimidate|FlareBlitz,ThroatChop,FakeOut,PartingShot|Impish||M|||50|
|showteam|p2|Maushold-Four||ChopleBerry|FriendGuard|Feint,FollowMe,BeatUp,SuperFang|Jolly|||||50|]Annihilape||Leftovers|Defiant|BulkUp,DrainPunch,RageFist,Protect|Adamant||F|||50|]Delphox||Delphoxite|Blaze|HeatWave,Psyshock,NastyPlot,Protect|Timid||F|||50|]Incineroar||PasshoBerry|Intimidate|FakeOut,FlareBlitz,ThroatChop,PartingShot|Relaxed||M|||50|]Sinistcha||SitrusBerry|Hospitality|MatchaGotcha,LifeDew,RagePowder,Protect|Bold|||||50|]Floette-Eternal||Floettite|FlowerVeil|DazzlingGleam,DrainingKiss,CalmMind,Protect|Modest||F|||50|
|inactive|Battle timer is ON: inactive players will automatically lose when time's up. (requested by Leafeon Disliker)
|
|t:|1783731427
|teamsize|p1|4
|teamsize|p2|4
|start
|switch|p1a: Aerodactyl|Aerodactyl, L50, M, shiny|100/100
|switch|p1b: Sylveon|Sylveon, L50, M|100/100
|switch|p2a: Annihilape|Annihilape, L50, F|100/100
|switch|p2b: Maushold|Maushold-Four, L50|100/100
|-ability|p1a: Aerodactyl|Unnerve
|turn|1
|
|t:|1783731438
|switch|p2a: Incineroar|Incineroar, L50, M|100/100
|-ability|p2a: Incineroar|Intimidate|boost
|-unboost|p1a: Aerodactyl|atk|1
|-unboost|p1b: Sylveon|atk|1
|move|p1a: Aerodactyl|Tailwind|p1a: Aerodactyl
|-sidestart|p1: Sylviana GL|move: Tailwind
|move|p1b: Sylveon|Hyper Voice|p2a: Incineroar|[spread] p2a,p2b
|-damage|p2a: Incineroar|68/100
|-damage|p2b: Maushold|41/100
|move|p2b: Maushold|Super Fang|p1b: Sylveon
|-damage|p1b: Sylveon|50/100y
|
|upkeep
|turn|2
|
|t:|1783731450
|move|p2b: Maushold|Follow Me|p2b: Maushold
|-singleturn|p2b: Maushold|move: Follow Me
|move|p1a: Aerodactyl|Rock Slide|p2a: Incineroar|[spread] p2b
|-miss|p1a: Aerodactyl|p2a: Incineroar
|-damage|p2b: Maushold|23/100
|move|p1b: Sylveon|Hyper Voice|p2a: Incineroar|[spread] p2a,p2b
|-damage|p2a: Incineroar|40/100
|-damage|p2b: Maushold|0 fnt
|faint|p2b: Maushold
|move|p2a: Incineroar|Parting Shot|p1b: Sylveon
|-unboost|p1b: Sylveon|atk|1
|-unboost|p1b: Sylveon|spa|1
|
|t:|1783731458
|switch|p2a: Floette|Floette-Eternal, L50, F|100/100|[from] Parting Shot
|
|upkeep
|
|t:|1783731459
|switch|p2b: Incineroar|Incineroar, L50, M|40/100
|-ability|p2b: Incineroar|Intimidate|boost
|-unboost|p1a: Aerodactyl|atk|1
|-unboost|p1b: Sylveon|atk|1
|turn|3
|
|t:|1783731465
|switch|p1b: Charizard|Charizard, L50, M|100/100
|detailschange|p2a: Floette|Floette-Mega, L50, F
|-mega|p2a: Floette|Floette|Floettite
|-ability|p2a: Floette|Fairy Aura
|move|p1a: Aerodactyl|Wide Guard|p1a: Aerodactyl
|-singleturn|p1a: Aerodactyl|Wide Guard
|move|p2b: Incineroar|Fake Out|p1b: Charizard
|-damage|p1b: Charizard|88/100
|move|p2a: Floette|Calm Mind|p2a: Floette
|-boost|p2a: Floette|spa|1
|-boost|p2a: Floette|spd|1
|
|upkeep
|turn|4
|
|t:|1783731484
|detailschange|p1b: Charizard|Charizard-Mega-Y, L50, M
|-mega|p1b: Charizard|Charizard|Charizardite Y
|-weather|SunnyDay|[from] ability: Drought|[of] p1b: Charizard
|move|p1a: Aerodactyl|Rock Slide|p2b: Incineroar|[spread] p2a,p2b
|-supereffective|p2b: Incineroar|1
|-damage|p2a: Floette|88/100
|-damage|p2b: Incineroar|24/100
|move|p1b: Charizard|Weather Ball|p2b: Incineroar
|-resisted|p2b: Incineroar|1
|-damage|p2b: Incineroar|0 fnt
|faint|p2b: Incineroar
|move|p2a: Floette|Draining Kiss|p1a: Aerodactyl
|-damage|p1a: Aerodactyl|32/100
|-heal|p2a: Floette|100/100|[from] drain|[of] p1a: Aerodactyl
|
|-weather|SunnyDay|[upkeep]
|-sideend|p1: Sylviana GL|move: Tailwind
|upkeep
|
|t:|1783731492
|switch|p2b: Annihilape|Annihilape, L50, F|100/100
|turn|5
|
|t:|1783731501
|move|p1a: Aerodactyl|Tailwind|p1a: Aerodactyl
|-sidestart|p1: Sylviana GL|move: Tailwind
|move|p1b: Charizard|Heat Wave|p2a: Floette|[spread] p2a,p2b
|-damage|p2a: Floette|66/100
|-damage|p2b: Annihilape|41/100
|-status|p2a: Floette|brn
|move|p2a: Floette|Dazzling Gleam|p1b: Charizard|[spread] p1a,p1b
|-resisted|p1b: Charizard|1
|-damage|p1a: Aerodactyl|0 fnt
|-damage|p1b: Charizard|58/100
|faint|p1a: Aerodactyl
|move|p2b: Annihilape|Rage Fist|p1b: Charizard
|-damage|p1b: Charizard|3/100
|
|-weather|SunnyDay|[upkeep]
|-heal|p2b: Annihilape|47/100|[from] item: Leftovers
|-damage|p2a: Floette|60/100 brn|[from] brn
|upkeep
|
|t:|1783731507
|switch|p1a: Sylveon|Sylveon, L50, M|50/100y
|turn|6
|
|t:|1783731513
|move|p1b: Charizard|Heat Wave|p2b: Annihilape|[spread] p2a,p2b
|-damage|p2a: Floette|24/100 brn
|-damage|p2b: Annihilape|0 fnt
|faint|p2b: Annihilape
|move|p1a: Sylveon|Hyper Voice|p2a: Floette
|-damage|p2a: Floette|0 fnt
|faint|p2a: Floette
|
|win|Sylviana GL
|raw|Sylviana GL's rating: 1092 → 1123(+31 for winning)
|raw|Leafeon Disliker's rating: 1161 → 1131(-30 for losing)
|l|☆Leafeon Disliker
|player|p2|
