|j|☆Nessa333
|j|☆Scythedancer
|html|Nessa333Scythedancer    
|uhtml|bestof|Game 2 of a best-of-3
|t:|1756514076
|gametype|doubles
|player|p1|Nessa333|170|1089
|player|p2|Scythedancer|janitor|1120
|gen|9
|tier|[Gen 9] VGC 2025 Reg H (Bo3)
|rated|
|rule|Species Clause: Limit one of each Pokémon
|rule|Item Clause: Limit 1 of each item
|clearpoke
|poke|p1|Tyranitar, L50, M|
|poke|p1|Excadrill, L50, M|
|poke|p1|Kommo-o, L50, M|
|poke|p1|Kilowattrel, L50, F|
|poke|p1|Indeedee, L50, M|
|poke|p1|Sneasler, L50, F|
|poke|p2|Hariyama, L50, M|
|poke|p2|Incineroar, L50, M|
|poke|p2|Farigiraf, L50, M|
|poke|p2|Torkoal, L50, M|
|poke|p2|Ursaluna-Bloodmoon, L50, M|
|poke|p2|Exeggutor-Alola, L50, M|
|teampreview|4
|showteam|p1|Tyranitar||AssaultVest|SandStream|KnockOff,RockSlide,LowKick,TeraBlast|||M|||50|,,,,,Flying]Excadrill||FocusSash|SandRush|Earthquake,HighHorsepower,IronHead,Protect|||M|||50|,,,,,Ground]Kommo-o||ThroatSpray|Overcoat|ClangingScales,AuraSphere,ClangorousSoul,Protect|||M|||50|,,,,,Steel]Kilowattrel||ChoiceSpecs|Competitive|Thunderbolt,AirSlash,VoltSwitch,Discharge|||F|||50|,,,,,Ghost]Indeedee||ChoiceScarf|PsychicSurge|ExpandingForce,Psychic,DazzlingGleam,TeraBlast|||M|||50|,,,,,Fighting]Sneasler||PsychicSeed|Unburden|ThroatChop,CloseCombat,DireClaw,Protect|||F|||50|,,,,,Dark
|showteam|p2|Hariyama||FlameOrb|Guts|CloseCombat,KnockOff,FakeOut,WideGuard|||M|||50|,,,,,Steel]Incineroar||AssaultVest|Intimidate|FlareBlitz,KnockOff,FakeOut,Uturn|||M|||50|,,,,,Fire]Farigiraf||MentalHerb|ArmorTail|Protect,TwinBeam,HelpingHand,TrickRoom|||M|||50|,,,,,Steel]Torkoal||Charcoal|Drought|Eruption,HeatWave,EarthPower,Protect|||M|||50|,,,,,Fire]Ursaluna-Bloodmoon||LifeOrb|MindsEye|HyperVoice,EarthPower,BloodMoon,Protect|||M|||50|,,,,,Normal]Exeggutor-Alola||SitrusBerry|Harvest|SleepPowder,TrickRoom,DracoMeteor,LeafStorm|||M|||50|,,,,,Ghost
|
|t:|1756514124
|teamsize|p1|4
|teamsize|p2|4
|start
|switch|p1a: Sneasler|Sneasler, L50, F|100/100
|switch|p1b: Kommo-o|Kommo-o, L50, M|100/100
|switch|p2a: Incineroar|Incineroar, L50, M|100/100
|switch|p2b: Farigiraf|Farigiraf, L50, M|100/100
|-ability|p2a: Incineroar|Intimidate|boost
|-unboost|p1a: Sneasler|atk|1
|-unboost|p1b: Kommo-o|atk|1
|turn|1
|
|t:|1756514144
|switch|p1b: Indeedee|Indeedee, L50, M|100/100
|-fieldstart|move: Psychic Terrain|[from] ability: Psychic Surge|[of] p1b: Indeedee
|-enditem|p1a: Sneasler|Psychic Seed
|-boost|p1a: Sneasler|spd|1|[from] item: Psychic Seed
|-terastallize|p1a: Sneasler|Dark
|move|p1a: Sneasler|Throat Chop|p2b: Farigiraf
|-supereffective|p2b: Farigiraf
|-damage|p2b: Farigiraf|60/100
|-start|p2b: Farigiraf|Throat Chop|[silent]
|move|p2a: Incineroar|U-turn|p1b: Indeedee
|-supereffective|p1b: Indeedee
|-damage|p1b: Indeedee|0 fnt
|faint|p1b: Indeedee
|
|t:|1756514155
|switch|p2a: Hariyama|Hariyama, L50, M|100/100|[from] U-turn
|move|p2b: Farigiraf|Trick Room|p2b: Farigiraf
|-fieldstart|move: Trick Room|[of] p2b: Farigiraf
|
|-status|p2a: Hariyama|brn|[from] item: Flame Orb
|upkeep
|
|t:|1756514164
|switch|p1b: Tyranitar|Tyranitar, L50, M|100/100
|-weather|Sandstorm|[from] ability: Sand Stream|[of] p1b: Tyranitar
|turn|2
|
|t:|1756514190
|switch|p2b: Incineroar|Incineroar, L50, M|100/100
|-ability|p2b: Incineroar|Intimidate|boost
|-unboost|p1a: Sneasler|atk|1
|-unboost|p1b: Tyranitar|atk|1
|move|p2a: Hariyama|Close Combat|p1b: Tyranitar
|-supereffective|p1b: Tyranitar
|-damage|p1b: Tyranitar|0 fnt
|-unboost|p2a: Hariyama|def|1
|-unboost|p2a: Hariyama|spd|1
|faint|p1b: Tyranitar
|move|p1a: Sneasler|Close Combat|p2a: Hariyama
|-damage|p2a: Hariyama|37/100 brn
|-unboost|p1a: Sneasler|def|1
|-unboost|p1a: Sneasler|spd|1
|
|-weather|Sandstorm|[upkeep]
|-damage|p2a: Hariyama|32/100 brn|[from] Sandstorm
|-damage|p2b: Incineroar|94/100|[from] Sandstorm
|-damage|p1a: Sneasler|95/100|[from] Sandstorm
|-damage|p2a: Hariyama|26/100 brn|[from] brn
|upkeep
|
|t:|1756514208
|switch|p1b: Kommo-o|Kommo-o, L50, M|100/100
|turn|3
|
|t:|1756514216
|move|p2a: Hariyama|Close Combat|p1b: Kommo-o
|-damage|p1b: Kommo-o|2/100
|-unboost|p2a: Hariyama|def|1
|-unboost|p2a: Hariyama|spd|1
|move|p2b: Incineroar|Flare Blitz|p1a: Sneasler
|-damage|p1a: Sneasler|0 fnt
|faint|p1a: Sneasler
|-damage|p2b: Incineroar|70/100|[from] Recoil
|move|p1b: Kommo-o|Clanging Scales|p2a: Hariyama|[spread] p2a,p2b
|-damage|p2a: Hariyama|0 fnt
|-damage|p2b: Incineroar|47/100
|faint|p2a: Hariyama
|-unboost|p1b: Kommo-o|def|1
|-enditem|p1b: Kommo-o|Throat Spray
|-boost|p1b: Kommo-o|spa|1|[from] item: Throat Spray
|
|-weather|Sandstorm|[upkeep]
|-damage|p2b: Incineroar|41/100|[from] Sandstorm
|upkeep
|
|t:|1756514220
|switch|p2a: Farigiraf|Farigiraf, L50, M|60/100
|turn|4
|
|t:|1756514239
|move|p1b: Kommo-o|Protect|p1b: Kommo-o
|-singleturn|p1b: Kommo-o|Protect
|move|p2a: Farigiraf|Twin Beam|p1b: Kommo-o
|-activate|p1b: Kommo-o|move: Protect
|move|p2b: Incineroar|Flare Blitz|p1b: Kommo-o
|-activate|p1b: Kommo-o|move: Protect
|
|-weather|Sandstorm|[upkeep]
|-damage|p2a: Farigiraf|54/100|[from] Sandstorm
|-damage|p2b: Incineroar|35/100|[from] Sandstorm
|upkeep
|turn|5
|
|t:|1756514251
|move|p1b: Kommo-o|Protect|p1b: Kommo-o
|-singleturn|p1b: Kommo-o|Protect
|move|p2a: Farigiraf|Twin Beam|p1b: Kommo-o
|-activate|p1b: Kommo-o|move: Protect
|move|p2b: Incineroar|Knock Off|p1b: Kommo-o
|-activate|p1b: Kommo-o|move: Protect
|
|-weather|Sandstorm|[upkeep]
|-damage|p2a: Farigiraf|48/100|[from] Sandstorm
|-damage|p2b: Incineroar|29/100|[from] Sandstorm
|-fieldend|move: Trick Room
|-fieldend|move: Psychic Terrain
|upkeep
|turn|6
|
|t:|1756514263
|-terastallize|p2a: Farigiraf|Steel
|move|p1b: Kommo-o|Clanging Scales|p2b: Incineroar|[spread] p2a,p2b
|-resisted|p2a: Farigiraf
|-damage|p2a: Farigiraf|15/100
|-damage|p2b: Incineroar|0 fnt
|faint|p2b: Incineroar
|-unboost|p1b: Kommo-o|def|1
|move|p2a: Farigiraf|Twin Beam|p1b: Kommo-o
|-supereffective|p1b: Kommo-o
|-damage|p1b: Kommo-o|0 fnt
|faint|p1b: Kommo-o
|-hitcount|p1: Kommo-o|1
|
|win|Scythedancer
||Scythedancer is ready for game 3.
|inactive|Nessa333 has 30 seconds to confirm battle start!
