|j|☆gilletemaster
|j|☆ILoveMIR
|html|gilletemasterILoveMIR    
|uhtml|bestof|Game 3 of a best-of-3
|t:|1783638385
|gametype|doubles
|player|p1|gilletemaster|2|1364
|player|p2|ILoveMIR|shauntal|1418
|gen|9
|tier|[Gen 9 Champions] VGC 2026 Reg M-B (Bo3)
|rated|
|rule|Species Clause: Limit one of each Pokémon
|rule|Item Clause: Limit 1 of each item
|clearpoke
|poke|p1|Sableye, L50, M|
|poke|p1|Garchomp, L50, F|
|poke|p1|Kingambit, L50, M|
|poke|p1|Charizard, L50, F|
|poke|p1|Venusaur, L50, F|
|poke|p1|Incineroar, L50, M|
|poke|p2|Blaziken, L50, F|
|poke|p2|Ninetales-Alola, L50, M|
|poke|p2|Tsareena, L50, F|
|poke|p2|Milotic, L50, F|
|poke|p2|Talonflame, L50, M|
|poke|p2|Glimmora, L50, M|
|teampreview|4
|showteam|p1|Sableye||RoseliBerry|Prankster|FakeOut,Encore,WillOWisp,SkillSwap|Sassy||M|||50|]Garchomp||ChoiceScarf|RoughSkin|Earthquake,StompingTantrum,RockSlide,DragonClaw|Adamant||F|||50|]Kingambit||BlackGlasses|Defiant|Protect,KowtowCleave,IronHead,SuckerPunch|Adamant||M|||50|]Charizard||CharizarditeY|Blaze|Protect,WeatherBall,SolarBeam,HeatWave|Modest||F|||50|]Venusaur||LifeOrb|Chlorophyll|Protect,SleepPowder,EnergyBall,SludgeBomb|Modest||F|||50|]Incineroar||WhiteHerb|Intimidate|FakeOut,FlareBlitz,CloseCombat,PartingShot|Adamant||M|||50|
|showteam|p2|Blaziken||Blazikenite|SpeedBoost|FlareBlitz,CloseCombat,RockSlide,Detect|Adamant||F|||50|]Ninetales-Alola||NeverMeltIce|SnowWarning|Blizzard,FreezeDry,Encore,Protect|Timid||M|||50|]Tsareena||WideLens|QueenlyMajesty|PowerWhip,TripleAxel,LowKick,Taunt|Adamant||F|||50|]Milotic||ExpertBelt|Competitive|Scald,IceBeam,Recover,Protect|Modest||F|||50|]Talonflame|||GaleWings|Acrobatics,WillOWisp,Tailwind,Protect|Jolly||M|||50|]Glimmora||FocusSash|ToxicDebris|SludgeBomb,PowerGem,EarthPower,SpikyShield|Modest||M|||50|
|inactive|Battle timer is ON: inactive players will automatically lose when time's up. (requested by ILoveMIR)
|inactive|ILoveMIR has 60 seconds left.
|
|t:|1783638440
|teamsize|p1|4
|teamsize|p2|4
|start
|switch|p1a: Incineroar|Incineroar, L50, M|100/100
|switch|p1b: Charizard|Charizard, L50, F|100/100
|switch|p2a: Tsareena|Tsareena, L50, F|100/100
|switch|p2b: Talonflame|Talonflame, L50, M|100/100
|-ability|p1a: Incineroar|Intimidate|boost
|-unboost|p2a: Tsareena|atk|1
|-unboost|p2b: Talonflame|atk|1
|turn|1
|
|t:|1783638452
|switch|p2a: Blaziken|Blaziken, L50, F|100/100
|detailschange|p1b: Charizard|Charizard-Mega-Y, L50, F
|-mega|p1b: Charizard|Charizard|Charizardite Y
|-weather|SunnyDay|[from] ability: Drought|[of] p1b: Charizard
|move|p2b: Talonflame|Protect|p2b: Talonflame
|-singleturn|p2b: Talonflame|Protect
|move|p1a: Incineroar|Fake Out|p2b: Talonflame
|-activate|p2b: Talonflame|move: Protect
|move|p1b: Charizard|Heat Wave|p2a: Blaziken|[spread] p2a
|-activate|p2b: Talonflame|move: Protect
|-resisted|p2a: Blaziken|1
|-damage|p2a: Blaziken|50/100g
|
|-weather|SunnyDay|[upkeep]
|upkeep
|turn|2
|j| Darkdoctor93
|l| Darkdoctor93
|
|t:|1783638470
|detailschange|p2a: Blaziken|Blaziken-Mega, L50, F
|-mega|p2a: Blaziken|Blaziken|Blazikenite
|move|p1b: Charizard|Protect|p1b: Charizard
|-singleturn|p1b: Charizard|Protect
|move|p2b: Talonflame|Acrobatics|p1a: Incineroar
|-damage|p1a: Incineroar|73/100
|move|p2a: Blaziken|Rock Slide|p1b: Charizard|[spread] p1a
|-activate|p1b: Charizard|move: Protect
|-supereffective|p1a: Incineroar|1
|-damage|p1a: Incineroar|26/100
|move|p1a: Incineroar|Parting Shot|p2a: Blaziken
|-unboost|p2a: Blaziken|atk|1
|-unboost|p2a: Blaziken|spa|1
|
|t:|1783638483
|switch|p1a: Garchomp|Garchomp, L50, F|100/100|[from] Parting Shot
|
|-weather|SunnyDay|[upkeep]
|-ability|p2a: Blaziken|Speed Boost|boost
|-boost|p2a: Blaziken|spe|1
|upkeep
|turn|3
|
|t:|1783638490
|switch|p2a: Milotic|Milotic, L50, F|100/100
|switch|p1b: Incineroar|Incineroar, L50, M|26/100
|-ability|p1b: Incineroar|Intimidate|boost
|-unboost|p2a: Milotic|atk|1
|-ability|p2a: Milotic|Competitive|boost
|-boost|p2a: Milotic|spa|2
|-unboost|p2b: Talonflame|atk|1
|move|p2b: Talonflame|Tailwind|p2b: Talonflame
|-sidestart|p2: ILoveMIR|move: Tailwind
|move|p1a: Garchomp|Rock Slide|p2b: Talonflame|[spread] p2a,p2b
|-supereffective|p2b: Talonflame|2
|-damage|p2a: Milotic|77/100
|-damage|p2b: Talonflame|0 fnt
|faint|p2b: Talonflame
|
|-weather|SunnyDay|[upkeep]
|upkeep
|
|t:|1783638495
|switch|p2b: Tsareena|Tsareena, L50, F|100/100
|turn|4
|
|t:|1783638519
|switch|p1a: Charizard|Charizard-Mega-Y, L50, F|100/100
|move|p2b: Tsareena|Low Kick|p1b: Incineroar
|-supereffective|p1b: Incineroar|1
|-damage|p1b: Incineroar|0 fnt
|faint|p1b: Incineroar
|move|p2a: Milotic|Ice Beam|p1a: Charizard
|-damage|p1a: Charizard|50/100g
|
|-weather|SunnyDay|[upkeep]
|upkeep
|
|t:|1783638530
|switch|p1b: Venusaur|Venusaur, L50, F|100/100
|turn|5
|inactive|ILoveMIR has 30 seconds left.
|
|t:|1783638557
|move|p2a: Milotic|Protect|p2a: Milotic
|-singleturn|p2a: Milotic|Protect
|move|p1b: Venusaur|Sludge Bomb|p2b: Tsareena
|-supereffective|p2b: Tsareena|1
|-damage|p2b: Tsareena|0 fnt
|faint|p2b: Tsareena
|-damage|p1b: Venusaur|90/100|[from] item: Life Orb
|move|p1a: Charizard|Solar Beam||[still]
|-prepare|p1a: Charizard|Solar Beam
|-anim|p1a: Charizard|Solar Beam|p2a: Milotic
|-activate|p2a: Milotic|move: Protect
|
|-weather|none
|upkeep
|
|t:|1783638559
|switch|p2b: Blaziken|Blaziken-Mega, L50, F|50/100g
|turn|6
|inactive|gilletemaster has 30 seconds left.
|
|t:|1783638586
|switch|p1a: Garchomp|Garchomp, L50, F|100/100
|move|p1b: Venusaur|Protect|p1b: Venusaur
|-singleturn|p1b: Venusaur|Protect
|move|p2b: Blaziken|Flare Blitz|p1b: Venusaur
|-activate|p1b: Venusaur|move: Protect
|move|p2a: Milotic|Scald|p1a: Garchomp
|-damage|p1a: Garchomp|22/100
|
|-sideend|p2: ILoveMIR|move: Tailwind
|-ability|p2b: Blaziken|Speed Boost|boost
|-boost|p2b: Blaziken|spe|1
|upkeep
|turn|7
|inactive|gilletemaster has 30 seconds left.
|
|t:|1783638618
|switch|p1a: Charizard|Charizard-Mega-Y, L50, F|50/100g
|-weather|SunnyDay|[from] ability: Drought|[of] p1a: Charizard
|move|p2b: Blaziken|Detect|p2b: Blaziken
|-singleturn|p2b: Blaziken|Protect
|move|p2a: Milotic|Protect|p2a: Milotic
|-singleturn|p2a: Milotic|Protect
|move|p1b: Venusaur|Sludge Bomb|p2b: Blaziken
|-activate|p2b: Blaziken|move: Protect
|
|-weather|SunnyDay|[upkeep]
|-ability|p2b: Blaziken|Speed Boost|boost
|-boost|p2b: Blaziken|spe|1
|upkeep
|turn|8
|inactive|gilletemaster has 30 seconds left.
|inactive|gilletemaster has 20 seconds left.
|
|t:|1783638657
|move|p1b: Venusaur|Protect|p1b: Venusaur
|-singleturn|p1b: Venusaur|Protect
|move|p2b: Blaziken|Rock Slide|p1a: Charizard|[spread] p1a
|-activate|p1b: Venusaur|move: Protect
|-supereffective|p1a: Charizard|2
|-damage|p1a: Charizard|0 fnt
|faint|p1a: Charizard
|move|p2a: Milotic|Ice Beam|p1b: Venusaur
|-activate|p1b: Venusaur|move: Protect
|
|-weather|SunnyDay|[upkeep]
|-ability|p2b: Blaziken|Speed Boost|boost
|-boost|p2b: Blaziken|spe|1
|upkeep
|
|t:|1783638668
|switch|p1a: Garchomp|Garchomp, L50, F|22/100
|turn|9
|
|t:|1783638681
|move|p1b: Venusaur|Protect|p1b: Venusaur
|-singleturn|p1b: Venusaur|Protect
|move|p2b: Blaziken|Close Combat|p1a: Garchomp
|-damage|p1a: Garchomp|0 fnt
|-unboost|p2b: Blaziken|def|1
|-unboost|p2b: Blaziken|spd|1
|-damage|p2b: Blaziken|38/100|[from] ability: Rough Skin|[of] p1a: Garchomp
|faint|p1a: Garchomp
|move|p2a: Milotic|Ice Beam|p1b: Venusaur
|-activate|p1b: Venusaur|move: Protect
|
|-weather|SunnyDay|[upkeep]
|-ability|p2b: Blaziken|Speed Boost|boost
|-boost|p2b: Blaziken|spe|1
|upkeep
|turn|10
|
|t:|1783638695
|move|p2b: Blaziken|Flare Blitz|p1b: Venusaur
|-supereffective|p1b: Venusaur|1
|-damage|p1b: Venusaur|0 fnt
|faint|p1b: Venusaur
|-damage|p2b: Blaziken|8/100|[from] Recoil
|
|win|ILoveMIR
|raw|gilletemaster's rating: 1364 → 1347(-17 for losing)
|raw|ILoveMIR's rating: 1418 → 1435(+17 for winning)
