|j|☆Blu3Breath
|j|☆WexfordWarri0r
|html|Blu3BreathWexfordWarri0r    
|uhtml|bestof|Game 2 of a best-of-3
|t:|1783278179
|gametype|doubles
|player|p1|Blu3Breath|veteran|
|player|p2|WexfordWarri0r|169|
|gen|9
|tier|[Gen 9 Champions] VGC 2026 Reg M-B (Bo3)
|rule|Species Clause: Limit one of each Pokémon
|rule|Item Clause: Limit 1 of each item
|clearpoke
|poke|p1|Gengar, L50, M, shiny|
|poke|p1|Swampert, L50, M, shiny|
|poke|p1|Incineroar, L50, M|
|poke|p1|Politoed, L50, F|
|poke|p1|Archaludon, L50, F|
|poke|p1|Vivillon, L50, F|
|poke|p2|Gengar, L50, F|
|poke|p2|Swampert, L50, F|
|poke|p2|Incineroar, L50, M|
|poke|p2|Politoed, L50, M|
|poke|p2|Archaludon, L50, M|
|poke|p2|Vivillon-Ocean, L50, M|
|teampreview|4
|showteam|p1|Gengar||Gengarite|CursedBody|ShadowBall,PerishSong,SludgeBomb,Protect|Timid||M|||50|]Swampert||Swampertite|Torrent|WaveCrash,Earthquake,IcePunch,Protect|Adamant||M|||50|]Incineroar||PasshoBerry|Intimidate|ThroatChop,PartingShot,FakeOut,Protect|Sassy||M|||50|]Politoed||SitrusBerry|Drizzle|WeatherBall,PerishSong,Encore,Protect|Calm||F|||50|]Archaludon||Leftovers|Stamina|DragonPulse,FlashCannon,ElectroShot,Protect|Bold||F|||50|]Vivillon||FocusSash|CompoundEyes|Hurricane,SleepPowder,RagePowder,Protect|Timid||F|||50|
|showteam|p2|Gengar||Gengarite|CursedBody|ShadowBall,PerishSong,SludgeBomb,Protect|Timid||F|||50|]Swampert||Swampertite|Torrent|WaveCrash,Earthquake,IcePunch,Protect|Adamant||F|||50|]Incineroar||PasshoBerry|Intimidate|ThroatChop,PartingShot,FakeOut,Protect|Sassy||M|||50|]Politoed||SitrusBerry|Drizzle|WeatherBall,PerishSong,Encore,Protect|Calm||M|||50|]Archaludon||Leftovers|Stamina|DragonPulse,FlashCannon,ElectroShot,Protect|Bold||M|||50|]Vivillon-Ocean||FocusSash|CompoundEyes|Hurricane,SleepPowder,RagePowder,Protect|Timid||M|||50|
|j| nkgill1101
|j| RadiantSteelix
|j| Combustandy
|j| ab0ve5029
|j| The Maknoon
|j| Coldflame2802
|
|t:|1783278209
|teamsize|p1|4
|teamsize|p2|4
|start
|switch|p1a: Swampert|Swampert, L50, M, shiny|100/100
|switch|p1b: Vivillon|Vivillon, L50, F|100/100
|switch|p2a: Swampert|Swampert, L50, F|100/100
|switch|p2b: Vivillon|Vivillon-Ocean, L50, M|100/100
|turn|1
|
|t:|1783278232
|detailschange|p1a: Swampert|Swampert-Mega, L50, M, shiny
|-mega|p1a: Swampert|Swampert|Swampertite
|detailschange|p2a: Swampert|Swampert-Mega, L50, F
|-mega|p2a: Swampert|Swampert|Swampertite
|move|p1b: Vivillon|Sleep Powder|p2b: Vivillon
|-status|p2b: Vivillon|slp|[from] move: Sleep Powder
|cant|p2b: Vivillon|slp
|move|p1a: Swampert|Earthquake|p2b: Vivillon|[spread] p2a
|-immune|p1b: Vivillon
|-immune|p2b: Vivillon
|-damage|p2a: Swampert|55/100
|move|p2a: Swampert|Wave Crash|p1a: Swampert
|-damage|p1a: Swampert|34/100
|-damage|p2a: Swampert|34/100|[from] Recoil
|
|upkeep
|turn|2
|
|t:|1783278256
|cant|p2b: Vivillon|slp
|move|p2a: Swampert|Protect|p2a: Swampert
|-singleturn|p2a: Swampert|Protect
|move|p1b: Vivillon|Hurricane|p2b: Vivillon
|-supereffective|p2b: Vivillon|1
|-enditem|p2b: Vivillon|Focus Sash
|-damage|p2b: Vivillon|1/100 slp
|move|p1a: Swampert|Earthquake|p2b: Vivillon|[spread] 
|-activate|p2a: Swampert|move: Protect
|-immune|p1b: Vivillon
|-immune|p2b: Vivillon
|
|upkeep
|turn|3
|
|t:|1783278269
|move|p1b: Vivillon|Hurricane|p2b: Vivillon
|-supereffective|p2b: Vivillon|1
|-damage|p2b: Vivillon|0 fnt
|faint|p2b: Vivillon
|move|p1a: Swampert|Earthquake|p2a: Swampert|[spread] p2a
|-immune|p1b: Vivillon
|-damage|p2a: Swampert|0 fnt
|faint|p2a: Swampert
|
|upkeep
|j| Cynthia's grippers
|
|t:|1783278275
|switch|p2b: Politoed|Politoed, L50, M|100/100
|switch|p2a: Gengar|Gengar, L50, F|100/100
|-weather|RainDance|[from] ability: Drizzle|[of] p2b: Politoed
|turn|4
|
|t:|1783278285
|move|p1b: Vivillon|Rage Powder|p1b: Vivillon
|-singleturn|p1b: Vivillon|move: Rage Powder
|move|p1a: Swampert|Earthquake|p2b: Politoed|[spread] p2a,p2b
|-immune|p1b: Vivillon
|-supereffective|p2a: Gengar|1
|-damage|p2a: Gengar|0 fnt
|-damage|p2b: Politoed|58/100
|-start|p1a: Swampert|Disable|Earthquake|[from] ability: Cursed Body|[of] p2a: Gengar
|faint|p2a: Gengar
|move|p2b: Politoed|Weather Ball|p1b: Vivillon
|-damage|p1b: Vivillon|6/100
|
|-weather|RainDance|[upkeep]
|upkeep
|turn|5
|
|t:|1783278292
|move|p1a: Swampert|Wave Crash|p2b: Politoed
|-resisted|p2b: Politoed|1
|-damage|p2b: Politoed|7/100
|-enditem|p2b: Politoed|Sitrus Berry|[eat]
|-heal|p2b: Politoed|32/100|[from] item: Sitrus Berry
|-damage|p1a: Swampert|16/100|[from] Recoil
|move|p1b: Vivillon|Hurricane|p2b: Politoed
|-damage|p2b: Politoed|0 fnt
|faint|p2b: Politoed
|
|win|Blu3Breath
|c|☆Blu3Breath|gg
|l| RadiantSteelix
|l| nkgill1101
|l| Coldflame2802
|l| Cynthia's grippers
|c|☆WexfordWarri0r|Ggs wp
|l| Combustandy
|l| ab0ve5029
|l| The Maknoon
|l|☆WexfordWarri0r
|player|p2|
