|j|☆ConnerTEP
|j|☆sergio23perez
|html|ConnerTEPsergio23perez    
|uhtml|bestof|Game 1 of a best-of-3
|t:|1757755098
|gametype|doubles
|player|p1|ConnerTEP|clair-masters|1338
|player|p2|sergio23perez|2|1417
|gen|9
|tier|[Gen 9] VGC 2025 Reg H (Bo3)
|rated|
|rule|Species Clause: Limit one of each Pokémon
|rule|Item Clause: Limit 1 of each item
|clearpoke
|poke|p1|Tyranitar, L50, F|
|poke|p1|Excadrill, L50, M|
|poke|p1|Dondozo, L50, M|
|poke|p1|Volcarona, L50, F|
|poke|p1|Electabuzz, L50, M|
|poke|p1|Salamence, L50, M|
|poke|p2|Jumpluff, L50, F|
|poke|p2|Charizard, L50, F|
|poke|p2|Porygon2, L50|
|poke|p2|Torkoal, L50, F|
|poke|p2|Incineroar, L50, F|
|poke|p2|Ursaluna, L50, M|
|teampreview|4
|showteam|p1|Tyranitar||AssaultVest|SandStream|RockSlide,KnockOff,TeraBlast,LowKick|||F|||50|,,,,,Flying]Excadrill||FocusSash|SandRush|Earthquake,HighHorsepower,IronHead,Protect|||M|||50|,,,,,Ghost]Dondozo||Leftovers|Unaware|Liquidation,Curse,Yawn,Protect|||M|||50|,,,,,Poison]Volcarona||SafetyGoggles|FlameBody|HeatWave,TeraBlast,QuiverDance,Protect|||F|||50|,,,,,Fairy]Electabuzz||Eviolite|VitalSpirit|Electroweb,Taunt,FollowMe,Protect|||M|||50|,,,,,Ghost]Salamence||EjectPack|Intimidate|DracoMeteor,AirSlash,Tailwind,Protect|||M|||50|,,,,,Poison
|showteam|p2|Jumpluff||CovertCloak|Chlorophyll|SleepPowder,SunnyDay,Tailwind,RagePowder|||F|||50|,,,,,Water]Charizard||ChoiceSpecs|SolarPower|AirSlash,HeatWave,Overheat,WeatherBall|||F|||50|,,,,,Ghost]Porygon2||Eviolite|Download|TeraBlast,IceBeam,Recover,TrickRoom||||||50|,,,,,Fighting]Torkoal||EjectPack|Drought|HelpingHand,Eruption,Overheat,Protect|||F|||50|,,,,,Fire]Incineroar||SafetyGoggles|Intimidate|FakeOut,PartingShot,FlareBlitz,KnockOff|||F|||50|,,,,,Ghost]Ursaluna||FlameOrb|Guts|HeadlongRush,Facade,Earthquake,Protect|||M|||50|,,,,,Ghost
|inactive|Battle timer is ON: inactive players will automatically lose when time's up. (requested by ConnerTEP)
|inactive|ConnerTEP has 60 seconds left.
|
|t:|1757755136
|teamsize|p1|4
|teamsize|p2|4
|start
|switch|p1a: Electabuzz|Electabuzz, L50, M|100/100
|switch|p1b: Salamence|Salamence, L50, M|100/100
|switch|p2a: Jumpluff|Jumpluff, L50, F|100/100
|switch|p2b: Torkoal|Torkoal, L50, F|100/100
|-ability|p1b: Salamence|Intimidate|boost
|-unboost|p2a: Jumpluff|atk|1
|-unboost|p2b: Torkoal|atk|1
|-weather|SunnyDay|[from] ability: Drought|[of] p2b: Torkoal
|-enditem|p2b: Torkoal|Eject Pack
|
|t:|1757755138
|switch|p2b: Ursaluna|Ursaluna, L50, M|100/100
|turn|1
|
|t:|1757755151
|move|p1a: Electabuzz|Protect|p1a: Electabuzz
|-singleturn|p1a: Electabuzz|Protect
|move|p2a: Jumpluff|Tailwind|p2a: Jumpluff
|-sidestart|p2: sergio23perez|move: Tailwind
|move|p2b: Ursaluna|Headlong Rush|p1a: Electabuzz
|-activate|p1a: Electabuzz|move: Protect
|move|p1b: Salamence|Air Slash|p2a: Jumpluff
|-supereffective|p2a: Jumpluff
|-damage|p2a: Jumpluff|30/100
|
|-weather|SunnyDay|[upkeep]
|-status|p2b: Ursaluna|brn|[from] item: Flame Orb
|upkeep
|turn|2
|
|t:|1757755170
|move|p1a: Electabuzz|Follow Me|p1a: Electabuzz
|-singleturn|p1a: Electabuzz|move: Follow Me
|move|p2a: Jumpluff|Sleep Powder|p1a: Electabuzz
|-immune|p1a: Electabuzz|[from] ability: Vital Spirit
|move|p2b: Ursaluna|Headlong Rush|p1a: Electabuzz
|-supereffective|p1a: Electabuzz
|-damage|p1a: Electabuzz|0 fnt
|-unboost|p2b: Ursaluna|def|1
|-unboost|p2b: Ursaluna|spd|1
|faint|p1a: Electabuzz
|move|p1b: Salamence|Draco Meteor|p2b: Ursaluna
|-damage|p2b: Ursaluna|0 fnt
|-unboost|p1b: Salamence|spa|2
|faint|p2b: Ursaluna
|-enditem|p1b: Salamence|Eject Pack
|
|t:|1757755180
|switch|p1b: Excadrill|Excadrill, L50, M|100/100
|
|-weather|SunnyDay|[upkeep]
|upkeep
|
|t:|1757755184
|switch|p1a: Salamence|Salamence, L50, M|100/100
|switch|p2b: Charizard|Charizard, L50, F|100/100
|-ability|p1a: Salamence|Intimidate|boost
|-unboost|p2a: Jumpluff|atk|1
|-unboost|p2b: Charizard|atk|1
|turn|3
|inactive|ConnerTEP has 30 seconds left.
|
|t:|1757755215
|move|p1a: Salamence|Protect|p1a: Salamence
|-singleturn|p1a: Salamence|Protect
|move|p1b: Excadrill|Protect|p1b: Excadrill
|-singleturn|p1b: Excadrill|Protect
|move|p2a: Jumpluff|Sunny Day||[still]
|-fail|p2a: Jumpluff
|move|p2b: Charizard|Heat Wave|p1b: Excadrill|[spread] 
|-activate|p1a: Salamence|move: Protect
|-activate|p1b: Excadrill|move: Protect
|
|-weather|SunnyDay|[upkeep]
|-damage|p2b: Charizard|88/100|[from] ability: Solar Power|[of] p2b: Charizard
|upkeep
|turn|4
|inactive|sergio23perez has 30 seconds left.
|
|t:|1757755248
|move|p2a: Jumpluff|Sunny Day||[still]
|-fail|p2a: Jumpluff
|move|p2b: Charizard|Heat Wave|p1a: Salamence|[spread] p1a,p1b
|-resisted|p1a: Salamence
|-supereffective|p1b: Excadrill
|-damage|p1a: Salamence|29/100
|-enditem|p1b: Excadrill|Focus Sash
|-damage|p1b: Excadrill|1/100
|move|p1a: Salamence|Draco Meteor|p2b: Charizard
|-damage|p2b: Charizard|13/100
|-unboost|p1a: Salamence|spa|2
|move|p1b: Excadrill|Iron Head|p2a: Jumpluff
|-damage|p2a: Jumpluff|0 fnt
|faint|p2a: Jumpluff
|
|-weather|SunnyDay|[upkeep]
|-damage|p2b: Charizard|0 fnt|[from] ability: Solar Power|[of] p2b: Charizard
|faint|p2b: Charizard
|-sideend|p2: sergio23perez|move: Tailwind
|upkeep
|
|t:|1757755254
|switch|p2b: Torkoal|Torkoal, L50, F|100/100
|turn|5
|
|t:|1757755274
|move|p1a: Salamence|Draco Meteor|p2b: Torkoal
|-damage|p2b: Torkoal|60/100
|-unboost|p1a: Salamence|spa|2
|move|p1b: Excadrill|Earthquake|p2b: Torkoal|[spread] p2b
|-immune|p1a: Salamence
|-supereffective|p2b: Torkoal
|-damage|p2b: Torkoal|0 fnt
|faint|p2b: Torkoal
|
|win|ConnerTEP
||ConnerTEP is ready for game 2.
||sergio23perez is ready for game 2.
|uhtml|next|Next: Game 2 of 3
