|j|☆Kotestplayer
|j|☆Gibbermish!
|html|KotestplayerGibbermish!    
|uhtml|bestof|Game 1 of a best-of-3
|t:|1786168926
|gametype|doubles
|player|p1|Kotestplayer|101|1149
|player|p2|Gibbermish!|leon|1000
|gen|9
|tier|[Gen 9 Champions] VGC 2026 Reg M-B (Bo3)
|rated|
|rule|Species Clause: Limit one of each Pokémon
|rule|Item Clause: Limit 1 of each item
|clearpoke
|poke|p1|Whimsicott, L50, F|
|poke|p1|Garchomp, L50, M|
|poke|p1|Sylveon, L50, M|
|poke|p1|Gholdengo, L50|
|poke|p1|Gyarados, L50, M|
|poke|p1|Raichu, L50, F|
|poke|p2|Pelipper, L50, F|
|poke|p2|Archaludon, L50, F, shiny|
|poke|p2|Venusaur, L50, M|
|poke|p2|Grimmsnarl, L50, M|
|poke|p2|Garchomp, L50, M|
|poke|p2|Basculegion, L50, M|
|teampreview|4
|showteam|p1|Whimsicott||FocusSash|Prankster|Moonblast,Tailwind,Encore,Protect|Timid||F|||50|]Garchomp||LifeOrb|RoughSkin|DragonClaw,StompingTantrum,RockSlide,Protect|Jolly||M|||50|]Sylveon||FairyFeather|Pixilate|HyperVoice,HyperBeam,QuickAttack,Detect|Modest||M|||50|]Gholdengo||SitrusBerry|GoodasGold|MakeItRain,ShadowBall,NastyPlot,Protect|Modest|||||50|]Gyarados||Gyaradosite|Intimidate|Waterfall,LashOut,DragonDance,Protect|Adamant||M|||50|]Raichu||RaichuniteY|Static|FakeOut,ZapCannon,FocusBlast,Protect|Timid||F|||50|
|showteam|p2|Pelipper||FocusSash|Drizzle|WeatherBall,Hurricane,Tailwind,Protect|Timid||F|||50|]Archaludon||Leftovers|Stamina|FlashCannon,ElectroShot,DragonPulse,Protect|Modest||F|||50|]Venusaur||Venusaurite|Overgrow|GigaDrain,SludgeBomb,EarthPower,Protect|Modest||M|||50|]Grimmsnarl||LightClay|Prankster|Reflect,LightScreen,PartingShot,SpiritBreak|Impish||M|||50|]Garchomp||LifeOrb|RoughSkin|DragonClaw,Earthquake,RockSlide,Protect|Jolly||M|||50|]Basculegion||ChoiceScarf|Adaptability|WaveCrash,LastRespects,AquaJet,FlipTurn|Jolly||M|||50|
|inactive|Battle timer is ON: inactive players will automatically lose when time's up. (requested by Gibbermish!)
|inactive|Gibbermish! has 60 seconds left.
|
|t:|1786168982
|teamsize|p1|4
|teamsize|p2|4
|start
|switch|p1a: Gyarados|Gyarados, L50, M|100/100
|switch|p1b: Gholdengo|Gholdengo, L50|100/100
|switch|p2a: Venusaur|Venusaur, L50, M|100/100
|switch|p2b: Grimmsnarl|Grimmsnarl, L50, M|100/100
|-ability|p1a: Gyarados|Intimidate|boost
|-unboost|p2a: Venusaur|atk|1
|-unboost|p2b: Grimmsnarl|atk|1
|turn|1
|
|t:|1786169003
|switch|p1b: Whimsicott|Whimsicott, L50, F|100/100
|detailschange|p2a: Venusaur|Venusaur-Mega, L50, M
|-mega|p2a: Venusaur|Venusaur|Venusaurite
|move|p2b: Grimmsnarl|Reflect|p2b: Grimmsnarl
|-sidestart|p2: Gibbermish!|Reflect
|move|p1a: Gyarados|Dragon Dance|p1a: Gyarados
|-boost|p1a: Gyarados|atk|1
|-boost|p1a: Gyarados|spe|1
|move|p2a: Venusaur|Giga Drain|p1a: Gyarados
|-damage|p1a: Gyarados|62/100
|
|upkeep
|turn|2
|inactive|Kotestplayer has 30 seconds left.
|
|t:|1786169035
|move|p1b: Whimsicott|Encore|p2a: Venusaur
|-start|p2a: Venusaur|Encore
|move|p2b: Grimmsnarl|Light Screen|p2b: Grimmsnarl
|-sidestart|p2: Gibbermish!|move: Light Screen
|move|p1a: Gyarados|Dragon Dance|p1a: Gyarados
|-boost|p1a: Gyarados|atk|1
|-boost|p1a: Gyarados|spe|1
|move|p2a: Venusaur|Giga Drain|p1a: Gyarados
|-damage|p1a: Gyarados|28/100
|
|upkeep
|turn|3
|inactive|Kotestplayer has 30 seconds left.
|inactive|Gibbermish! has 30 seconds left.
|
|t:|1786169065
|move|p1a: Gyarados|Protect|p1a: Gyarados
|-singleturn|p1a: Gyarados|Protect
|move|p1b: Whimsicott|Tailwind|p1b: Whimsicott
|-sidestart|p1: Kotestplayer|move: Tailwind
|move|p2a: Venusaur|Giga Drain|p1a: Gyarados
|-activate|p1a: Gyarados|move: Protect
|move|p2b: Grimmsnarl|Spirit Break|p1a: Gyarados
|-activate|p1a: Gyarados|move: Protect
|
|upkeep
|turn|4
|inactive|Kotestplayer has 30 seconds left.
|
|t:|1786169094
|detailschange|p1a: Gyarados|Gyarados-Mega, L50, M
|-mega|p1a: Gyarados|Gyarados|Gyaradosite
|-ability|p1a: Gyarados|Mold Breaker
|move|p1a: Gyarados|Waterfall|p2b: Grimmsnarl
|-damage|p2b: Grimmsnarl|38/100
|move|p1b: Whimsicott|Moonblast|p2b: Grimmsnarl
|-supereffective|p2b: Grimmsnarl|1
|-damage|p2b: Grimmsnarl|0 fnt
|faint|p2b: Grimmsnarl
|move|p2a: Venusaur|Giga Drain|p1a: Gyarados
|-supereffective|p1a: Gyarados|1
|-damage|p1a: Gyarados|0 fnt
|faint|p1a: Gyarados
|
|-end|p2a: Venusaur|Encore
|upkeep
|
|t:|1786169112
|switch|p1a: Gholdengo|Gholdengo, L50|100/100
|switch|p2b: Bubble|Pelipper, L50, F|100/100
|-weather|RainDance|[from] ability: Drizzle|[of] p2b: Bubble
|turn|5
|
|t:|1786169126
|move|p1b: Whimsicott|Encore|p2a: Venusaur
|-start|p2a: Venusaur|Encore
|move|p1a: Gholdengo|Nasty Plot|p1a: Gholdengo
|-boost|p1a: Gholdengo|spa|2
|move|p2b: Bubble|Hurricane|p1b: Whimsicott
|-supereffective|p1b: Whimsicott|1
|-enditem|p1b: Whimsicott|Focus Sash
|-damage|p1b: Whimsicott|1/100
|move|p2a: Venusaur|Giga Drain|p1b: Whimsicott
|-resisted|p1b: Whimsicott|1
|-damage|p1b: Whimsicott|0 fnt
|faint|p1b: Whimsicott
|
|-weather|RainDance|[upkeep]
|upkeep
|
|t:|1786169142
|switch|p1b: Raichu|Raichu, L50, F|100/100
|turn|6
|inactive|Kotestplayer has 30 seconds left.
|
|t:|1786169168
|move|p2b: Bubble|Protect|p2b: Bubble
|-singleturn|p2b: Bubble|Protect
|move|p1b: Raichu|Fake Out|p2b: Bubble
|-activate|p2b: Bubble|move: Protect
|move|p1a: Gholdengo|Shadow Ball|p2a: Venusaur
|-damage|p2a: Venusaur|54/100
|move|p2a: Venusaur|Giga Drain|p1b: Raichu
|-damage|p1b: Raichu|35/100
|-heal|p2a: Venusaur|80/100|[from] drain|[of] p1b: Raichu
|
|-weather|RainDance|[upkeep]
|-sideend|p1: Kotestplayer|move: Tailwind
|upkeep
|turn|7
|
|t:|1786169191
|move|p1b: Raichu|Zap Cannon|p2b: Bubble|[miss]
|-miss|p1b: Raichu|p2b: Bubble
|move|p2b: Bubble|Tailwind|p2b: Bubble
|-sidestart|p2: Gibbermish!|move: Tailwind
|move|p2a: Venusaur|Giga Drain|p1b: Raichu
|-damage|p1b: Raichu|0 fnt
|-heal|p2a: Venusaur|95/100|[from] drain|[of] p1b: Raichu
|faint|p1b: Raichu
|move|p1a: Gholdengo|Make It Rain|p2b: Bubble|[spread] p2a,p2b
|-resisted|p2b: Bubble|1
|-damage|p2a: Venusaur|40/100
|-damage|p2b: Bubble|48/100
|-unboost|p1a: Gholdengo|spa|2
|
|-weather|RainDance|[upkeep]
|-end|p2a: Venusaur|Encore
|upkeep
|turn|8
|
|t:|1786169211
|move|p2b: Bubble|Weather Ball|p1a: Gholdengo
|-damage|p1a: Gholdengo|38/100
|-enditem|p1a: Gholdengo|Sitrus Berry|[eat]
|-heal|p1a: Gholdengo|63/100|[from] item: Sitrus Berry
|move|p2a: Venusaur|Earth Power|p1a: Gholdengo
|-supereffective|p1a: Gholdengo|1
|-damage|p1a: Gholdengo|1/100
|move|p1a: Gholdengo|Make It Rain|p2b: Bubble|[spread] p2a,p2b
|-resisted|p2b: Bubble|1
|-damage|p2a: Venusaur|12/100
|-damage|p2b: Bubble|20/100r
|-unboost|p1a: Gholdengo|spa|2
|
|-weather|RainDance|[upkeep]
|-sideend|p2: Gibbermish!|Reflect
|upkeep
|turn|9
|-message|Kotestplayer forfeited.
|
|win|Gibbermish!
|l|☆Kotestplayer
|player|p1|
||Gibbermish! is ready for game 2.
||Kotestplayer is ready for game 2.
|uhtml|next|Next: Game 2 of 3
|n|☆Gibbermish!|gibbermish
|n|☆Gibbermish!|gibbermish
