|j|☆mirokart wii
|j|☆The median voter
|html|mirokart wiiThe median voter    
|uhtml|bestof|Game 3 of a best-of-3
|t:|1755043093
|gametype|doubles
|player|p1|mirokart wii|harlequin|1265
|player|p2|The median voter|scientist-gen4dp|1291
|gen|9
|tier|[Gen 9] VGC 2025 Reg H (Bo3)
|rated|
|rule|Species Clause: Limit one of each Pokémon
|rule|Item Clause: Limit 1 of each item
|clearpoke
|poke|p1|Whimsicott, L50, F|
|poke|p1|Gholdengo, L50|
|poke|p1|Incineroar, L50, F|
|poke|p1|Sneasler, L50, F|
|poke|p1|Garchomp, L50, F|
|poke|p1|Archaludon, L50, F|
|poke|p2|Kommo-o, L50, F|
|poke|p2|Volcarona, L50, M|
|poke|p2|Rillaboom, L50, F|
|poke|p2|Kingambit, L50, F|
|poke|p2|Ninetales-Alola, L50, F|
|poke|p2|Arcanine-Hisui, L50, M|
|teampreview|4
|showteam|p1|Whimsicott||FocusSash|Prankster|Moonblast,Tailwind,Encore,Protect|||F|||50|,,,,,Ghost]Gholdengo||ChoiceSpecs|GoodasGold|MakeItRain,ShadowBall,Trick,Protect||||||50|,,,,,Steel]Incineroar||AssaultVest|Intimidate|FlareBlitz,KnockOff,Uturn,FakeOut|||F|||50|,,,,,Grass]Sneasler||WhiteHerb|Unburden|DireClaw,CloseCombat,FakeOut,Protect|||F|||50|,,,,,Stellar]Garchomp||LifeOrb|RoughSkin|Earthquake,StompingTantrum,DragonClaw,Protect|||F|||50|,,,,,Ground]Archaludon||PowerHerb|Stalwart|ElectroShot,Thunderbolt,DracoMeteor,Protect|||F|||50|,,,,,Electric
|showteam|p2|Kommo-o||GrassySeed|Overcoat|BodyPress,Taunt,Protect,Flamethrower|||F|||50|,,,,,Steel]Volcarona||SitrusBerry|FlameBody|HeatWave,TeraBlast,QuiverDance,Protect|||M|||50|,,,,,Water]Rillaboom||AssaultVest|GrassySurge|FakeOut,GrassyGlide,WoodHammer,HighHorsepower|||F|||50|,,,,,Fire]Kingambit||BlackGlasses|Defiant|KowtowCleave,SuckerPunch,SwordsDance,Protect|||F|||50|,,,,,Dark]Ninetales-Alola||LifeOrb|SnowWarning|Blizzard,Protect,Encore,FreezeDry|||F|||50|,,,,,Ghost]Arcanine-Hisui||FocusSash|Intimidate|RockSlide,FlareBlitz,ExtremeSpeed,Protect|||M|||50|,,,,,Ghost
|inactive|Battle timer is ON: inactive players will automatically lose when time's up. (requested by mirokart wii)
|j| teamthief420
|c| teamthief420|this set has been rng hell lol
|
|t:|1755043117
|teamsize|p1|4
|teamsize|p2|4
|start
|switch|p1a: Gholdengo|Gholdengo, L50|100/100
|switch|p1b: Incineroar|Incineroar, L50, F|100/100
|switch|p2a: Ninetales|Ninetales-Alola, L50, F|100/100
|switch|p2b: Volcarona|Volcarona, L50, M|100/100
|-weather|Snowscape|[from] ability: Snow Warning|[of] p2a: Ninetales
|-ability|p1b: Incineroar|Intimidate|boost
|-unboost|p2a: Ninetales|atk|1
|-unboost|p2b: Volcarona|atk|1
|turn|1
|
|t:|1755043141
|move|p1b: Incineroar|Fake Out|p2b: Volcarona
|-damage|p2b: Volcarona|85/100
|move|p2a: Ninetales|Encore|p1b: Incineroar
|-start|p1b: Incineroar|Encore
|move|p1a: Gholdengo|Make It Rain|p2b: Volcarona|[spread] p2a,p2b
|-supereffective|p2a: Ninetales
|-resisted|p2b: Volcarona
|-damage|p2a: Ninetales|0 fnt
|-damage|p2b: Volcarona|58/100
|-unboost|p1a: Gholdengo|spa|1
|faint|p2a: Ninetales
|cant|p2b: Volcarona|flinch
|
|-weather|Snowscape|[upkeep]
|upkeep
|
|t:|1755043151
|switch|p2a: Rillaboom|Rillaboom, L50, F|100/100
|-fieldstart|move: Grassy Terrain|[from] ability: Grassy Surge|[of] p2a: Rillaboom
|turn|2
|
|t:|1755043162
|switch|p1b: Garchomp|Garchomp, L50, F|100/100
|move|p1a: Gholdengo|Make It Rain|p2b: Volcarona|[spread] p2a,p2b
|-resisted|p2b: Volcarona
|-damage|p2a: Rillaboom|70/100
|-damage|p2b: Volcarona|37/100
|-unboost|p1a: Gholdengo|spa|1
|-enditem|p2b: Volcarona|Sitrus Berry|[eat]
|-heal|p2b: Volcarona|62/100|[from] item: Sitrus Berry
|move|p2b: Volcarona|Quiver Dance|p2b: Volcarona
|-boost|p2b: Volcarona|spa|1
|-boost|p2b: Volcarona|spd|1
|-boost|p2b: Volcarona|spe|1
|move|p2a: Rillaboom|High Horsepower|p1b: Garchomp
|-damage|p1b: Garchomp|63/100
|-damage|p2a: Rillaboom|58/100|[from] ability: Rough Skin|[of] p1b: Garchomp
|
|-weather|Snowscape|[upkeep]
|-heal|p2b: Volcarona|69/100|[from] Grassy Terrain
|-heal|p1b: Garchomp|69/100|[from] Grassy Terrain
|-heal|p2a: Rillaboom|64/100|[from] Grassy Terrain
|upkeep
|turn|3
|
|t:|1755043182
|switch|p1a: Incineroar|Incineroar, L50, F|100/100
|-ability|p1a: Incineroar|Intimidate|boost
|-unboost|p2a: Rillaboom|atk|1
|-unboost|p2b: Volcarona|atk|1
|move|p2b: Volcarona|Protect|p2b: Volcarona
|-singleturn|p2b: Volcarona|Protect
|move|p1b: Garchomp|Protect|p1b: Garchomp
|-singleturn|p1b: Garchomp|Protect
|move|p2a: Rillaboom|Wood Hammer|p1b: Garchomp
|-activate|p1b: Garchomp|move: Protect
|
|-weather|Snowscape|[upkeep]
|-heal|p2b: Volcarona|75/100|[from] Grassy Terrain
|-heal|p1b: Garchomp|75/100|[from] Grassy Terrain
|-heal|p2a: Rillaboom|70/100|[from] Grassy Terrain
|upkeep
|turn|4
|
|t:|1755043205
|-terastallize|p2b: Volcarona|Water
|move|p1a: Incineroar|Fake Out|p2b: Volcarona
|-damage|p2b: Volcarona|59/100
|cant|p2b: Volcarona|flinch
|move|p1b: Garchomp|Stomping Tantrum|p2b: Volcarona
|-damage|p2b: Volcarona|3/100
|-damage|p1b: Garchomp|65/100|[from] item: Life Orb
|move|p2a: Rillaboom|Wood Hammer|p1b: Garchomp
|-damage|p1b: Garchomp|8/100
|-damage|p2a: Rillaboom|58/100|[from] ability: Rough Skin|[of] p1b: Garchomp
|-damage|p2a: Rillaboom|41/100|[from] Recoil
|
|-weather|Snowscape|[upkeep]
|-heal|p2b: Volcarona|9/100|[from] Grassy Terrain
|-heal|p1b: Garchomp|14/100|[from] Grassy Terrain
|-heal|p2a: Rillaboom|46/100|[from] Grassy Terrain
|upkeep
|turn|5
|inactive|mirokart wii has 30 seconds left.
|
|t:|1755043232
|-terastallize|p1a: Incineroar|Grass
|move|p1b: Garchomp|Protect|p1b: Garchomp
|-singleturn|p1b: Garchomp|Protect
|move|p2a: Rillaboom|Grassy Glide|p1b: Garchomp
|-activate|p1b: Garchomp|move: Protect
|move|p2b: Volcarona|Tera Blast|p1a: Incineroar|[anim] Tera Blast Water
|-resisted|p1a: Incineroar
|-damage|p1a: Incineroar|82/100
|move|p1a: Incineroar|U-turn|p2b: Volcarona
|-damage|p2b: Volcarona|0 fnt
|faint|p2b: Volcarona
|
|t:|1755043246
|switch|p1a: Sneasler|Sneasler, L50, F|100/100|[from] U-turn
|
|-weather|none
|-heal|p1b: Garchomp|20/100|[from] Grassy Terrain
|-heal|p2a: Rillaboom|52/100|[from] Grassy Terrain
|upkeep
|
|t:|1755043251
|switch|p2b: Kommo-o|Kommo-o, L50, F|100/100
|-enditem|p2b: Kommo-o|Grassy Seed
|-boost|p2b: Kommo-o|def|1|[from] item: Grassy Seed
|turn|6
|
|t:|1755043260
|switch|p1b: Incineroar|Incineroar, L50, F, tera:Grass|82/100
|-ability|p1b: Incineroar|Intimidate|boost
|-unboost|p2a: Rillaboom|atk|1
|-unboost|p2b: Kommo-o|atk|1
|move|p2a: Rillaboom|Grassy Glide|p1b: Incineroar
|-resisted|p1b: Incineroar
|-damage|p1b: Incineroar|73/100
|move|p1a: Sneasler|Dire Claw|p2a: Rillaboom
|-supereffective|p2a: Rillaboom
|-damage|p2a: Rillaboom|0 fnt
|faint|p2a: Rillaboom
|move|p2b: Kommo-o|Body Press|p1a: Sneasler
|-resisted|p1a: Sneasler
|-damage|p1a: Sneasler|60/100
|
|-heal|p1a: Sneasler|67/100|[from] Grassy Terrain
|-heal|p1b: Incineroar|79/100|[from] Grassy Terrain
|-fieldend|move: Grassy Terrain
|upkeep
|turn|7
|-message|The median voter forfeited.
|
|win|mirokart wii
|raw|mirokart wii's rating: 1265 → 1292(+27 for winning)
|raw|The median voter's rating: 1291 → 1264(-27 for losing)
|l|☆The median voter
|player|p2|
