|j|☆lctrem
|j|☆danielosarver
|html|lctremdanielosarver    
|uhtml|bestof|Game 2 of a best-of-3
|t:|1786202096
|gametype|doubles
|player|p1|lctrem|ghetsis|1069
|player|p2|danielosarver|265|1042
|gen|9
|tier|[Gen 9 Champions] VGC 2026 Reg M-B (Bo3)
|rated|
|rule|Species Clause: Limit one of each Pokémon
|rule|Item Clause: Limit 1 of each item
|clearpoke
|poke|p1|Staraptor, L50, M|
|poke|p1|Garchomp, L50, M|
|poke|p1|Whimsicott, L50, M|
|poke|p1|Delphox, L50, M|
|poke|p1|Glimmora, L50, M|
|poke|p1|Kingambit, L50, M|
|poke|p2|Gengar, L50, F|
|poke|p2|Whimsicott, L50, F|
|poke|p2|Staraptor, L50, F|
|poke|p2|Grimmsnarl, L50, M|
|poke|p2|Garchomp, L50, M|
|poke|p2|Milotic, L50, M|
|teampreview|4
|showteam|p1|Staraptor||Staraptite|Intimidate|Protect,Roost,CloseCombat,BraveBird|Jolly||M|||50|]Garchomp||LifeOrb|RoughSkin|Protect,RockSlide,Earthquake,DragonClaw|Jolly||M|||50|]Whimsicott||OccaBerry|Prankster|Moonblast,Tailwind,Charm,LightScreen|Timid||M|||50|]Delphox||Delphoxite|Magician|Protect,Psychic,HeatWave,Substitute|Timid||M|||50|]Glimmora||FocusSash|ToxicDebris|SpikyShield,SludgeBomb,EarthPower,PowerGem|Timid||M|||50|]Kingambit||ChopleBerry|Defiant|SuckerPunch,LowKick,IronHead,KowtowCleave|Adamant||M|||50|
|showteam|p2|Gengar||Gengarite|CursedBody|Protect,Disable,ShadowBall,SludgeBomb|Timid||F|||50|]Whimsicott||FocusSash|Prankster|Tailwind,Protect,Encore,Moonblast|Modest||F|||50|]Staraptor||Staraptite|Intimidate|BraveBird,Protect,CloseCombat,Roost|Adamant||F|||50|]Grimmsnarl||SitrusBerry|Prankster|FakeOut,PartingShot,FakeTears,ScaryFace|Impish||M|||50|]Garchomp||LifeOrb|RoughSkin|Protect,Earthquake,DragonClaw,RockSlide|Adamant||M|||50|]Milotic||Leftovers|Competitive|Coil,Protect,IcyWind,MuddyWater|Calm||M|||50|
|inactive|Battle timer is ON: inactive players will automatically lose when time's up. (requested by lctrem)
|inactive|danielosarver has 60 seconds left.
|
|t:|1786202168
|teamsize|p1|4
|teamsize|p2|4
|start
|switch|p1a: Delphox|Delphox, L50, M|100/100
|switch|p1b: Whimsicott|Whimsicott, L50, M|100/100
|switch|p2a: Whimsicott|Whimsicott, L50, F|100/100
|switch|p2b: Milotic|Milotic, L50, M|100/100
|turn|1
|
|t:|1786202198
|detailschange|p1a: Delphox|Delphox-Mega, L50, M
|-mega|p1a: Delphox|Delphox|Delphoxite
|move|p2a: Whimsicott|Tailwind|p2a: Whimsicott
|-sidestart|p2: danielosarver|move: Tailwind
|move|p2b: Milotic|Coil|p2b: Milotic
|-boost|p2b: Milotic|atk|1
|-boost|p2b: Milotic|def|1
|-boost|p2b: Milotic|accuracy|1
|move|p1a: Delphox|Heat Wave|p2b: Milotic|[spread] p2a,p2b
|-supereffective|p2a: Whimsicott|1
|-resisted|p2b: Milotic|1
|-enditem|p2a: Whimsicott|Focus Sash
|-damage|p2a: Whimsicott|1/100
|-damage|p2b: Milotic|86/100
|-status|p2a: Whimsicott|brn
|move|p1b: Whimsicott|Moonblast|p2a: Whimsicott
|-damage|p2a: Whimsicott|0 fnt
|faint|p2a: Whimsicott
|
|-heal|p2b: Milotic|92/100|[from] item: Leftovers
|upkeep
|
|t:|1786202214
|switch|p2a: Gengar|Gengar, L50, F|100/100
|turn|2
|
|t:|1786202234
|detailschange|p2a: Gengar|Gengar-Mega, L50, F
|-mega|p2a: Gengar|Gengar|Gengarite
|move|p2a: Gengar|Protect|p2a: Gengar
|-singleturn|p2a: Gengar|Protect
|move|p1b: Whimsicott|Tailwind|p1b: Whimsicott
|-sidestart|p1: lctrem|move: Tailwind
|move|p1a: Delphox|Psychic|p2a: Gengar
|-activate|p2a: Gengar|move: Protect
|move|p2b: Milotic|Icy Wind|p1a: Delphox|[spread] p1a,p1b
|-resisted|p1a: Delphox|1
|-supereffective|p1b: Whimsicott|1
|-damage|p1a: Delphox|96/100
|-damage|p1b: Whimsicott|71/100
|-unboost|p1a: Delphox|spe|1
|-unboost|p1b: Whimsicott|spe|1
|
|-heal|p2b: Milotic|98/100|[from] item: Leftovers
|upkeep
|turn|3
|inactive|danielosarver has 30 seconds left.
|inactive|danielosarver has 20 seconds left.
|inactive|danielosarver has 15 seconds left.
|
|t:|1786202275
|move|p1b: Whimsicott|Light Screen|p1b: Whimsicott
|-sidestart|p1: lctrem|move: Light Screen
|move|p2a: Gengar|Disable|p1a: Delphox
|-start|p1a: Delphox|Disable|Psychic
|move|p1a: Delphox|Substitute|p1a: Delphox
|-start|p1a: Delphox|Substitute
|-damage|p1a: Delphox|71/100
|move|p2b: Milotic|Icy Wind|p1b: Whimsicott|[spread] p1a,p1b
|-resisted|p1a: Delphox|1
|-activate|p1a: Delphox|move: Substitute|[damage]
|-supereffective|p1b: Whimsicott|1
|-damage|p1b: Whimsicott|53/100
|-unboost|p1b: Whimsicott|spe|1
|
|-heal|p2b: Milotic|100/100|[from] item: Leftovers
|upkeep
|turn|4
|
|t:|1786202296
|move|p2a: Gengar|Protect|p2a: Gengar
|-singleturn|p2a: Gengar|Protect
|move|p1a: Delphox|Protect|p1a: Delphox
|-singleturn|p1a: Delphox|Protect
|move|p2b: Milotic|Muddy Water|p1b: Whimsicott|[spread] p1b
|-activate|p1a: Delphox|move: Protect
|-resisted|p1b: Whimsicott|1
|-damage|p1b: Whimsicott|41/100
|move|p1b: Whimsicott|Moonblast|p2a: Gengar
|-activate|p2a: Gengar|move: Protect
|
|-sideend|p2: danielosarver|move: Tailwind
|upkeep
|turn|5
|
|t:|1786202311
|switch|p2a: Grimmsnarl|Grimmsnarl, L50, M|100/100
|move|p1a: Delphox|Heat Wave|p2b: Milotic|[spread] p2a,p2b
|-resisted|p2b: Milotic|1
|-damage|p2a: Grimmsnarl|65/100
|-damage|p2b: Milotic|88/100
|move|p1b: Whimsicott|Moonblast|p2a: Grimmsnarl
|-supereffective|p2a: Grimmsnarl|1
|-crit|p2a: Grimmsnarl
|-damage|p2a: Grimmsnarl|0 fnt
|faint|p2a: Grimmsnarl
|move|p2b: Milotic|Muddy Water|p1b: Whimsicott|[spread] p1a,p1b
|-supereffective|p1a: Delphox|1
|-end|p1a: Delphox|Substitute
|-resisted|p1b: Whimsicott|1
|-damage|p1b: Whimsicott|30/100
|
|-heal|p2b: Milotic|94/100|[from] item: Leftovers
|-sideend|p1: lctrem|move: Tailwind
|upkeep
|
|t:|1786202326
|switch|p2a: Gengar|Gengar-Mega, L50, F|100/100
|turn|6
|
|t:|1786202350
|move|p1a: Delphox|Protect|p1a: Delphox
|-singleturn|p1a: Delphox|Protect
|move|p1b: Whimsicott|Tailwind|p1b: Whimsicott
|-sidestart|p1: lctrem|move: Tailwind
|move|p2a: Gengar|Shadow Ball|p1a: Delphox
|-activate|p1a: Delphox|move: Protect
|move|p2b: Milotic|Icy Wind|p1b: Whimsicott|[spread] p1b
|-activate|p1a: Delphox|move: Protect
|-supereffective|p1b: Whimsicott|1
|-damage|p1b: Whimsicott|13/100
|-unboost|p1b: Whimsicott|spe|1
|
|-heal|p2b: Milotic|100/100|[from] item: Leftovers
|-end|p1a: Delphox|Disable
|upkeep
|turn|7
|
|t:|1786202373
|move|p2a: Gengar|Protect|p2a: Gengar
|-singleturn|p2a: Gengar|Protect
|move|p1a: Delphox|Substitute|p1a: Delphox
|-start|p1a: Delphox|Substitute
|-damage|p1a: Delphox|47/100
|move|p1b: Whimsicott|Moonblast|p2b: Milotic
|-damage|p2b: Milotic|82/100
|move|p2b: Milotic|Muddy Water|p1a: Delphox|[spread] p1a,p1b
|-supereffective|p1a: Delphox|1
|-end|p1a: Delphox|Substitute
|-resisted|p1b: Whimsicott|1
|-damage|p1b: Whimsicott|1/100
|
|-heal|p2b: Milotic|88/100|[from] item: Leftovers
|-sideend|p1: lctrem|move: Light Screen
|upkeep
|turn|8
|
|t:|1786202393
|move|p1b: Whimsicott|Light Screen|p1b: Whimsicott
|-sidestart|p1: lctrem|move: Light Screen
|move|p1a: Delphox|Psychic|p2a: Gengar
|-supereffective|p2a: Gengar|1
|-damage|p2a: Gengar|0 fnt
|faint|p2a: Gengar
|move|p2b: Milotic|Muddy Water|p1b: Whimsicott|[spread] p1a,p1b
|-supereffective|p1a: Delphox|1
|-resisted|p1b: Whimsicott|1
|-damage|p1a: Delphox|17/100
|-damage|p1b: Whimsicott|0 fnt
|faint|p1b: Whimsicott
|
|-heal|p2b: Milotic|94/100|[from] item: Leftovers
|upkeep
|
|t:|1786202396
|switch|p1b: Kingambit|Kingambit, L50, M|100/100
|turn|9
|
|t:|1786202409
|move|p2b: Milotic|Protect|p2b: Milotic
|-singleturn|p2b: Milotic|Protect
|move|p1a: Delphox|Psychic|p2b: Milotic
|-activate|p2b: Milotic|move: Protect
|move|p1b: Kingambit|Kowtow Cleave|p2b: Milotic
|-activate|p2b: Milotic|move: Protect
|
|-heal|p2b: Milotic|100/100|[from] item: Leftovers
|-sideend|p1: lctrem|move: Tailwind
|upkeep
|turn|10
|
|t:|1786202417
|move|p1a: Delphox|Psychic|p2b: Milotic
|-damage|p2b: Milotic|69/100
|move|p2b: Milotic|Muddy Water|p1a: Delphox|[spread] p1a,p1b
|-supereffective|p1a: Delphox|1
|-damage|p1a: Delphox|0 fnt
|-damage|p1b: Kingambit|86/100
|-unboost|p1b: Kingambit|accuracy|1
|-ability|p1b: Kingambit|Defiant|boost
|-boost|p1b: Kingambit|atk|2
|faint|p1a: Delphox
|move|p1b: Kingambit|Kowtow Cleave|p2b: Milotic
|-damage|p2b: Milotic|13/100
|
|-heal|p2b: Milotic|19/100|[from] item: Leftovers
|upkeep
|
|t:|1786202422
|switch|p1a: Garchomp|Garchomp, L50, M|100/100
|turn|11
|
|t:|1786202432
|move|p1b: Kingambit|Sucker Punch|p2b: Milotic
|-damage|p2b: Milotic|0 fnt
|faint|p2b: Milotic
|
|win|lctrem
|raw|lctrem's rating: 1069 → 1096(+27 for winning)
|raw|danielosarver's rating: 1042 → 1027(-15 for losing)
