|j|☆DrXJ13
|j|☆MaxUtrecht
|html|DrXJ13MaxUtrecht    
|uhtml|bestof|Game 2 of a best-of-3
|t:|1783109161
|gametype|doubles
|player|p1|DrXJ13|cyrus|1295
|player|p2|MaxUtrecht|lucas|1200
|gen|9
|tier|[Gen 9 Champions] VGC 2026 Reg M-B (Bo3)
|rated|
|rule|Species Clause: Limit one of each Pokémon
|rule|Item Clause: Limit 1 of each item
|clearpoke
|poke|p1|Froslass, L50, F|
|poke|p1|Sneasler, L50, M|
|poke|p1|Kingambit, L50, M|
|poke|p1|Scovillain, L50, F|
|poke|p1|Basculegion, L50, M|
|poke|p1|Lycanroc-Dusk, L50, M|
|poke|p2|Floette-Eternal, L50, F|
|poke|p2|Aerodactyl, L50, F|
|poke|p2|Charizard, L50, F|
|poke|p2|Meowscarada, L50, M|
|poke|p2|Aegislash, L50, F|
|poke|p2|Maushold-Four, L50|
|teampreview|4
|showteam|p1|Froslass||Froslassite|CursedBody|Blizzard,ShadowBall,AuroraVeil,Protect|Modest||F|||50|]Sneasler||WhiteHerb|Unburden|FakeOut,CloseCombat,DireClaw,Protect|Jolly||M|||50|]Kingambit||BlackGlasses|Defiant|SwordsDance,SuckerPunch,Protect,KowtowCleave|Adamant||M|||50|]Scovillain||Scovillainite|Moody|Overheat,GigaDrain,RagePowder,Protect|Bold||F|||50|]Basculegion||ChoiceScarf|Adaptability|AquaJet,FlipTurn,WaveCrash,LastRespects|Jolly||M|||50|]Lycanroc-Dusk||FocusSash|ToughClaws|Accelerock,CloseCombat,RockSlide,Protect|Adamant||M|||50|
|showteam|p2|Floette-Eternal||Floettite|FlowerVeil|Moonblast,DazzlingGleam,CalmMind,Protect|Timid||F|||50|]Aerodactyl||FocusSash|Unnerve|DualWingbeat,RockSlide,Tailwind,WideGuard|Jolly||F|||50|]Charizard||CharizarditeY|SolarPower|HeatWave,SolarBeam,AirSlash,Protect|Timid||F|||50|]Meowscarada||ChoiceScarf|Protean|FlowerTrick,KnockOff,TripleAxel,LowKick|Jolly||M|||50|]Aegislash||Leftovers|StanceChange|Poltergeist,IronHead,ShadowSneak,KingsShield|Adamant||F|||50|]Maushold-Four||SitrusBerry|FriendGuard|SuperFang,FollowMe,Encore,Protect|Timid|||||50|
|inactive|Battle timer is ON: inactive players will automatically lose when time's up. (requested by DrXJ13)
|inactive|DrXJ13 has 60 seconds left.
|inactive|MaxUtrecht has 60 seconds left.
|
|t:|1783109216
|teamsize|p1|4
|teamsize|p2|4
|start
|switch|p1a: Froslass|Froslass, L50, F|100/100
|switch|p1b: Kingambit|Kingambit, L50, M|100/100
|switch|p2a: Floette|Floette-Eternal, L50, F|100/100
|switch|p2b: Maushold|Maushold-Four, L50|100/100
|turn|1
|
|t:|1783109238
|detailschange|p1a: Froslass|Froslass-Mega, L50, F
|-mega|p1a: Froslass|Froslass|Froslassite
|-weather|Snowscape|[from] ability: Snow Warning|[of] p1a: Froslass
|detailschange|p2a: Floette|Floette-Mega, L50, F
|-mega|p2a: Floette|Floette|Floettite
|-ability|p2a: Floette|Fairy Aura
|move|p2b: Maushold|Protect|p2b: Maushold
|-singleturn|p2b: Maushold|Protect
|move|p1a: Froslass|Blizzard|p2a: Floette|[spread] p2a
|-activate|p2b: Maushold|move: Protect
|-damage|p2a: Floette|73/100
|move|p2a: Floette|Moonblast|p1b: Kingambit
|-damage|p1b: Kingambit|27/100
|move|p1b: Kingambit|Kowtow Cleave|p2a: Floette
|-resisted|p2a: Floette|1
|-damage|p2a: Floette|44/100
|
|-weather|Snowscape|[upkeep]
|upkeep
|turn|2
|
|t:|1783109260
|move|p1b: Kingambit|Protect|p1b: Kingambit
|-singleturn|p1b: Kingambit|Protect
|move|p2b: Maushold|Follow Me|p2b: Maushold
|-singleturn|p2b: Maushold|move: Follow Me
|move|p1a: Froslass|Blizzard|p2b: Maushold|[spread] p2a,p2b
|-damage|p2a: Floette|17/100
|-damage|p2b: Maushold|43/100
|-status|p2a: Floette|frz
|-enditem|p2b: Maushold|Sitrus Berry|[eat]
|-heal|p2b: Maushold|67/100|[from] item: Sitrus Berry
|cant|p2a: Floette|frz
|
|-weather|Snowscape|[upkeep]
|upkeep
|turn|3
|
|t:|1783109280
|switch|p1b: Sneasler|Sneasler, L50, M|100/100
|cant|p2a: Floette|frz
|move|p2b: Maushold|Encore||[still]
|-fail|p2b: Maushold
|move|p1a: Froslass|Blizzard|p2b: Maushold|[spread] p2a,p2b
|-damage|p2a: Floette|0 fnt
|-damage|p2b: Maushold|9/100
|faint|p2a: Floette
|
|-weather|Snowscape|[upkeep]
|upkeep
|
|t:|1783109293
|switch|p2a: Aegislash|Aegislash, L50, F|100/100
|turn|4
|
|t:|1783109307
|move|p2b: Maushold|Follow Me|p2b: Maushold
|-singleturn|p2b: Maushold|move: Follow Me
|move|p1b: Sneasler|Close Combat|p2b: Maushold
|-supereffective|p2b: Maushold|1
|-damage|p2b: Maushold|0 fnt
|-unboost|p1b: Sneasler|def|1
|-unboost|p1b: Sneasler|spd|1
|faint|p2b: Maushold
|-enditem|p1b: Sneasler|White Herb
|-clearnegativeboost|p1b: Sneasler|[silent]
|move|p1a: Froslass|Aurora Veil|p1a: Froslass
|-sidestart|p1: DrXJ13|move: Aurora Veil
|-formechange|p2a: Aegislash|Aegislash-Blade|
|move|p2a: Aegislash|Poltergeist|p1a: Froslass
|-activate|p1a: Froslass|move: Poltergeist|Froslassite
|-supereffective|p1a: Froslass|1
|-damage|p1a: Froslass|15/100
|
|-weather|Snowscape|[upkeep]
|upkeep
|
|t:|1783109322
|switch|p2b: Meowscarada|Meowscarada, L50, M|100/100
|turn|5
|
|t:|1783109333
|move|p1b: Sneasler|Close Combat|p2b: Meowscarada
|-supereffective|p2b: Meowscarada|1
|-damage|p2b: Meowscarada|0 fnt
|-unboost|p1b: Sneasler|def|1
|-unboost|p1b: Sneasler|spd|1
|faint|p2b: Meowscarada
|move|p1a: Froslass|Shadow Ball|p2a: Aegislash
|-supereffective|p2a: Aegislash|1
|-damage|p2a: Aegislash|0 fnt
|faint|p2a: Aegislash
|
|win|DrXJ13
