|j|☆spearow's nest
|j|☆dogwitdaglasses
|html|spearow's nestdogwitdaglasses    
|uhtml|bestof|Game 1 of a best-of-3
|t:|1756669834
|gametype|doubles
|player|p1|spearow's nest|lance|
|player|p2|dogwitdaglasses|guzma|
|gen|9
|tier|[Gen 9] VGC 2025 Reg H (Bo3)
|rule|Species Clause: Limit one of each Pokémon
|rule|Item Clause: Limit 1 of each item
|clearpoke
|poke|p1|Dragonite, L50, M|
|poke|p1|Gholdengo, L50|
|poke|p1|Rillaboom, L50, M|
|poke|p1|Ursaluna-Bloodmoon, L50, M|
|poke|p1|Maushold-Four, L50|
|poke|p1|Annihilape, L50, F|
|poke|p2|Rillaboom, L50, F|
|poke|p2|Dragonite, L50, F|
|poke|p2|Sneasler, L50, F|
|poke|p2|Ninetales-Alola, L50, F|
|poke|p2|Kingambit, L50, F|
|poke|p2|Magmar, L50, M|
|teampreview|4
|showteam|p1|Dragonite||LoadedDice|Multiscale|Tailwind,Haze,Protect,ScaleShot|||M|||50|,,,,,Fairy]Gholdengo||LifeOrb|GoodasGold|MakeItRain,ShadowBall,NastyPlot,Protect||||||50|,,,,,Water]Rillaboom||MiracleSeed|GrassySurge|WoodHammer,GrassyGlide,FakeOut,HighHorsepower|||M|||50|,,,,,Fire]Ursaluna-Bloodmoon||AssaultVest|MindsEye|BloodMoon,HyperVoice,EarthPower,VacuumWave|||M|||50|,,,,,Water]Maushold-Four||FocusSash|FriendGuard|SuperFang,FollowMe,BeatUp,Protect||||||50|,,,,,Ghost]Annihilape||SitrusBerry|Defiant|RageFist,DrainPunch,BulkUp,Protect|||F|||50|,,,,,Fire
|showteam|p2|Rillaboom||AssaultVest|GrassySurge|WoodHammer,GrassyGlide,HighHorsepower,FakeOut|||F|||50|,,,,,Fire]Dragonite||LoadedDice|Multiscale|Protect,ScaleShot,LowKick,Haze|||F|||50|,,,,,Fairy]Sneasler||WhiteHerb|Unburden|Protect,DireClaw,CloseCombat,Coaching|||F|||50|,,,,,Ghost]Ninetales-Alola||ChoiceSpecs|SnowWarning|Blizzard,IcyWind,Moonblast,FreezeDry|||F|||50|,,,,,Ghost]Kingambit||SafetyGoggles|Defiant|Protect,KowtowCleave,SuckerPunch,SwordsDance|||F|||50|,,,,,Dark]Magmar||Eviolite|VitalSpirit|Protect,FollowMe,Overheat,WillOWisp|||M|||50|,,,,,Dragon
|
|t:|1756669925
|teamsize|p1|4
|teamsize|p2|4
|start
|switch|p1a: Maushold|Maushold-Four, L50|100/100
|switch|p1b: Annihilape|Annihilape, L50, F|100/100
|switch|p2a: Noah's BFF|Sneasler, L50, F, shiny|100/100
|switch|p2b: 90% = 50%|Dragonite, L50, F, shiny|100/100
|turn|1
|
|t:|1756669973
|move|p1a: Maushold|Protect|p1a: Maushold
|-singleturn|p1a: Maushold|Protect
|move|p2a: Noah's BFF|Coaching|p2b: 90% = 50%
|-boost|p2b: 90% = 50%|atk|1
|-boost|p2b: 90% = 50%|def|1
|move|p1b: Annihilape|Bulk Up|p1b: Annihilape
|-boost|p1b: Annihilape|atk|1
|-boost|p1b: Annihilape|def|1
|move|p2b: 90% = 50%|Scale Shot|p1b: Annihilape
|-damage|p1b: Annihilape|89/100
|-damage|p1b: Annihilape|78/100
|-damage|p1b: Annihilape|66/100
|-damage|p1b: Annihilape|55/100
|-damage|p1b: Annihilape|43/100
|-enditem|p1b: Annihilape|Sitrus Berry|[eat]
|-heal|p1b: Annihilape|68/100|[from] item: Sitrus Berry
|-hitcount|p1b: Annihilape|5
|-unboost|p2b: 90% = 50%|def|1
|-boost|p2b: 90% = 50%|spe|1
|
|upkeep
|turn|2
|
|t:|1756670006
|move|p1a: Maushold|Follow Me|p1a: Maushold
|-singleturn|p1a: Maushold|move: Follow Me
|move|p2b: 90% = 50%|Scale Shot|p1a: Maushold
|-damage|p1a: Maushold|72/100
|-damage|p1a: Maushold|45/100
|-damage|p1a: Maushold|16/100
|-damage|p1a: Maushold|0 fnt
|faint|p1a: Maushold
|-hitcount|p1: Maushold|4
|-unboost|p2b: 90% = 50%|def|1
|-boost|p2b: 90% = 50%|spe|1
|move|p2a: Noah's BFF|Dire Claw|p1b: Annihilape
|-resisted|p1b: Annihilape
|-damage|p1b: Annihilape|53/100
|move|p1b: Annihilape|Rage Fist|p2a: Noah's BFF
|-damage|p2a: Noah's BFF|0 fnt
|faint|p2a: Noah's BFF
|
|upkeep
|
|t:|1756670029
|switch|p1a: Ursaluna|Ursaluna-Bloodmoon, L50, M|100/100
|switch|p2a: Kingambling|Kingambit, L50, F, shiny|100/100
|turn|3
|
|t:|1756670052
|-terastallize|p2a: Kingambling|Dark
|move|p2b: 90% = 50%|Scale Shot|p1b: Annihilape|[miss]
|-miss|p2b: 90% = 50%|p1b: Annihilape
|move|p1b: Annihilape|Drain Punch|p2a: Kingambling
|-supereffective|p2a: Kingambling
|-crit|p2a: Kingambling
|-damage|p2a: Kingambling|0 fnt
|-heal|p1b: Annihilape|100/100|[from] drain|[of] p2a: Kingambling
|faint|p2a: Kingambling
|move|p1a: Ursaluna|Blood Moon|p2b: 90% = 50%
|-damage|p2b: 90% = 50%|59/100
|
|upkeep
|
|t:|1756670065
|switch|p2a: Monke|Rillaboom, L50, F, shiny|100/100
|-fieldstart|move: Grassy Terrain|[from] ability: Grassy Surge|[of] p2a: Monke
|turn|4
|
|t:|1756670075
|move|p2b: 90% = 50%|Scale Shot|p1b: Annihilape
|-damage|p1b: Annihilape|85/100
|-damage|p1b: Annihilape|68/100
|-damage|p1b: Annihilape|53/100
|-damage|p1b: Annihilape|37/100
|-hitcount|p1b: Annihilape|4
|-unboost|p2b: 90% = 50%|def|1
|-boost|p2b: 90% = 50%|spe|1
|move|p1b: Annihilape|Rage Fist|p2a: Monke
|-damage|p2a: Monke|0 fnt
|faint|p2a: Monke
|move|p1a: Ursaluna|Hyper Voice|p2b: 90% = 50%
|-damage|p2b: 90% = 50%|4/100
|
|-heal|p1b: Annihilape|43/100|[from] Grassy Terrain
|upkeep
|turn|5
|
|t:|1756670092
|move|p1b: Annihilape|Protect|p1b: Annihilape
|-singleturn|p1b: Annihilape|Protect
|move|p1a: Ursaluna|Vacuum Wave|p2b: 90% = 50%
|-resisted|p2b: 90% = 50%
|-damage|p2b: 90% = 50%|0 fnt
|faint|p2b: 90% = 50%
|
|win|spearow's nest
