|j|☆Nhatpia
|j|☆daaronftw
|html|Nhatpiadaaronftw    
|uhtml|bestof|Game 2 of a best-of-3
|t:|1783474430
|gametype|doubles
|player|p1|Nhatpia|swimmerf|1342
|player|p2|daaronftw|169|1335
|gen|9
|tier|[Gen 9 Champions] VGC 2026 Reg M-B (Bo3)
|rated|
|rule|Species Clause: Limit one of each Pokémon
|rule|Item Clause: Limit 1 of each item
|clearpoke
|poke|p1|Charizard, L50, M, shiny|
|poke|p1|Aerodactyl, L50, F, shiny|
|poke|p1|Garchomp, L50, F, shiny|
|poke|p1|Sylveon, L50, F, shiny|
|poke|p1|Kingambit, L50, F|
|poke|p1|Farigiraf, L50, M, shiny|
|poke|p2|Sylveon, L50, F|
|poke|p2|Charizard, L50, F, shiny|
|poke|p2|Aerodactyl, L50, F|
|poke|p2|Garchomp, L50, M|
|poke|p2|Kingambit, L50, M|
|poke|p2|Sneasler, L50, F|
|teampreview|4
|showteam|p1|Charizard||CharizarditeY|Blaze|Protect,HeatWave,WeatherBall,SolarBeam|Modest||M|||50|]Aerodactyl||Aerodactylite|RockHead|RockSlide,DualWingbeat,Tailwind,IceFang|Jolly||F|||50|]Garchomp||LifeOrb|RoughSkin|StompingTantrum,Protect,Earthquake,DragonClaw|Jolly||F|||50|]Sylveon||FairyFeather|Pixilate|HyperVoice,QuickAttack,HyperBeam,Detect|Modest||F|||50|]Kingambit||FocusSash|Defiant|SuckerPunch,KowtowCleave,LowKick,IronHead|Adamant||F|||50|]Farigiraf||SitrusBerry|ArmorTail|TwinBeam,TrickRoom,Thunderbolt,HelpingHand|Bold||M|||50|
|showteam|p2|Sylveon||FairyFeather|Pixilate|HyperVoice,Detect,HyperBeam,QuickAttack|Modest||F|||50|]Charizard||CharizarditeY|Blaze|Protect,SolarBeam,HeatWave,WeatherBall|Modest||F|||50|]Aerodactyl||Aerodactylite|Pressure|IceFang,Protect,RockSlide,Tailwind|Jolly||F|||50|]Garchomp||LifeOrb|RoughSkin|Earthquake,Protect,RockSlide,DragonClaw|Jolly||M|||50|]Kingambit||BlackGlasses|Defiant|IronHead,SuckerPunch,KowtowCleave,Protect|Brave||M|||50|]Sneasler||FocusSash|PoisonTouch|PoisonJab,FakeOut,Coaching,CloseCombat|Adamant||F|||50|
|inactive|Battle timer is ON: inactive players will automatically lose when time's up. (requested by Nhatpia)
|
|t:|1783474454
|teamsize|p1|4
|teamsize|p2|4
|start
|switch|p1a: Kingambit|Kingambit, L50, F|100/100
|switch|p1b: Aerodactyl|Aerodactyl, L50, F, shiny|100/100
|switch|p2a: Aerodactyl|Aerodactyl, L50, F|100/100
|switch|p2b: Sylveon|Sylveon, L50, F|100/100
|-ability|p2a: Aerodactyl|Pressure
|turn|1
|inactive|daaronftw has 30 seconds left.
|inactive|daaronftw has 20 seconds left.
|inactive|daaronftw has 15 seconds left.
|inactive|daaronftw has 10 seconds left.
|inactive|daaronftw has 5 seconds left.
|
|t:|1783474504
|switch|p2b: Garchomp|Garchomp, L50, M|100/100
|detailschange|p1b: Aerodactyl|Aerodactyl-Mega, L50, F, shiny
|-mega|p1b: Aerodactyl|Aerodactyl|Aerodactylite
|move|p1b: Aerodactyl|Tailwind|p1b: Aerodactyl
|-sidestart|p1: Nhatpia|move: Tailwind
|move|p1a: Kingambit|Iron Head|p2b: Garchomp
|-damage|p2b: Garchomp|49/100
|-damage|p1a: Kingambit|87/100|[from] ability: Rough Skin|[of] p2b: Garchomp
|move|p2a: Aerodactyl|Tailwind|p2a: Aerodactyl
|-sidestart|p2: daaronftw|move: Tailwind
|
|upkeep
|turn|2
|inactive|daaronftw has 30 seconds left.
|inactive|daaronftw has 20 seconds left.
|inactive|daaronftw has 15 seconds left.
|inactive|daaronftw has 10 seconds left.
|
|t:|1783474550
|switch|p2b: Sylveon|Sylveon, L50, F|100/100
|detailschange|p2a: Aerodactyl|Aerodactyl-Mega, L50, F
|-mega|p2a: Aerodactyl|Aerodactyl|Aerodactylite
|move|p1b: Aerodactyl|Ice Fang|p2b: Sylveon
|-damage|p2b: Sylveon|66/100
|-status|p2b: Sylveon|frz
|move|p2a: Aerodactyl|Rock Slide|p1a: Kingambit|[spread] p1a,p1b
|-resisted|p1a: Kingambit|1
|-supereffective|p1b: Aerodactyl|1
|-damage|p1a: Kingambit|74/100
|-damage|p1b: Aerodactyl|31/100
|cant|p1a: Kingambit|flinch
|
|upkeep
|turn|3
|inactive|Nhatpia has 30 seconds left.
|inactive|daaronftw has 30 seconds left.
|
|t:|1783474576
|switch|p1b: Garchomp|Garchomp, L50, F, shiny|100/100
|move|p2a: Aerodactyl|Rock Slide|p1a: Kingambit|[spread] p1a,p1b
|-resisted|p1a: Kingambit|1
|-resisted|p1b: Garchomp|1
|-damage|p1a: Kingambit|61/100
|-damage|p1b: Garchomp|85/100
|cant|p1a: Kingambit|flinch
|-curestatus|p2b: Sylveon|frz|[msg]
|move|p2b: Sylveon|Hyper Voice|p1b: Garchomp|[spread] p1a,p1b
|-supereffective|p1b: Garchomp|1
|-damage|p1a: Kingambit|7/100
|-damage|p1b: Garchomp|0 fnt
|faint|p1b: Garchomp
|
|upkeep
|
|t:|1783474589
|switch|p1b: Sylveon|Sylveon, L50, F, shiny|100/100
|turn|4
|
|t:|1783474605
|switch|p2b: Charizard|Charizard, L50, F, shiny|100/100
|move|p1a: Kingambit|Sucker Punch|p2a: Aerodactyl
|-damage|p2a: Aerodactyl|40/100
|move|p2a: Aerodactyl|Rock Slide|p1b: Sylveon|[spread] p1a,p1b
|-resisted|p1a: Kingambit|1
|-damage|p1a: Kingambit|0 fnt
|-damage|p1b: Sylveon|66/100
|faint|p1a: Kingambit
|cant|p1b: Sylveon|flinch
|
|-sideend|p2: daaronftw|move: Tailwind
|-sideend|p1: Nhatpia|move: Tailwind
|upkeep
|c|☆daaronftw|lol
|
|t:|1783474620
|switch|p1a: Aerodactyl|Aerodactyl-Mega, L50, F, shiny|31/100
|turn|5
|
|t:|1783474636
|move|p2a: Aerodactyl|Tailwind|p2a: Aerodactyl
|-sidestart|p2: daaronftw|move: Tailwind
|move|p2b: Charizard|Heat Wave|p1b: Sylveon|[spread] p1a,p1b
|-resisted|p1a: Aerodactyl|1
|-damage|p1a: Aerodactyl|14/100
|-damage|p1b: Sylveon|40/100
|-status|p1a: Aerodactyl|brn
|move|p1a: Aerodactyl|Rock Slide|p2a: Aerodactyl|[spread] p2a,p2b
|-supereffective|p2a: Aerodactyl|1
|-supereffective|p2b: Charizard|2
|-damage|p2a: Aerodactyl|2/100
|-damage|p2b: Charizard|45/100
|move|p1b: Sylveon|Hyper Voice|p2b: Charizard|[spread] p2a,p2b
|-resisted|p2b: Charizard|1
|-damage|p2a: Aerodactyl|0 fnt
|-damage|p2b: Charizard|19/100
|faint|p2a: Aerodactyl
|
|-damage|p1a: Aerodactyl|8/100 brn|[from] brn
|upkeep
|
|t:|1783474651
|switch|p2a: Garchomp|Garchomp, L50, M|49/100
|turn|6
|
|t:|1783474667
|move|p2a: Garchomp|Earthquake|p1a: Aerodactyl|[spread] p1b
|-immune|p2b: Charizard
|-immune|p1a: Aerodactyl
|-damage|p1b: Sylveon|0 fnt
|faint|p1b: Sylveon
|-damage|p2a: Garchomp|39/100|[from] item: Life Orb
|move|p2b: Charizard|Heat Wave|p1a: Aerodactyl
|-resisted|p1a: Aerodactyl|1
|-damage|p1a: Aerodactyl|0 fnt
|faint|p1a: Aerodactyl
|
|win|daaronftw
|raw|Nhatpia's rating: 1342 → 1322(-20 for losing)
|raw|daaronftw's rating: 1335 → 1355(+20 for winning)
|l|☆daaronftw
|player|p2|
