|j|☆gg0g6
|j|☆Po1510
|html|gg0g6Po1510    
|uhtml|bestof|Game 2 of a best-of-3
|t:|1757050366
|gametype|doubles
|player|p1|gg0g6|miku-ghost|
|player|p2|Po1510|liko|
|gen|9
|tier|[Gen 9] VGC 2025 Reg H (Bo3)
|rule|Species Clause: Limit one of each Pokémon
|rule|Item Clause: Limit 1 of each item
|clearpoke
|poke|p1|Kingambit, L50, F|
|poke|p1|Typhlosion-Hisui, L50, M|
|poke|p1|Sneasler, L50, M|
|poke|p1|Murkrow, L50, F|
|poke|p1|Rillaboom, L50, F|
|poke|p1|Dragonite, L50, F|
|poke|p2|Porygon2, L50|
|poke|p2|Amoonguss, L50, F|
|poke|p2|Ursaluna, L50, M|
|poke|p2|Hydreigon, L50, F|
|poke|p2|Incineroar, L50, M|
|poke|p2|Gholdengo, L50|
|teampreview|4
|showteam|p1|Kingambit||BlackGlasses|Defiant|SuckerPunch,KowtowCleave,Protect,SwordsDance|||F|||50|,,,,,Dark]Typhlosion-Hisui||Charcoal|Blaze|Eruption,Protect,ShadowBall,Overheat|||M|||50|,,,,,Fire]Sneasler||FocusSash|Unburden|CloseCombat,FakeOut,DireClaw,Protect|||M|||50|,,,,,Stellar]Murkrow||Eviolite|Prankster|SunnyDay,Tailwind,FoulPlay,Taunt|||F|||50|,,,,,Ghost]Rillaboom||AssaultVest|GrassySurge|FakeOut,WoodHammer,GrassyGlide,Uturn|||F|||50|,,,,,Fire]Dragonite||ChoiceBand|InnerFocus|Outrage,ExtremeSpeed,LowKick,IceSpinner|||F|||50|,,,,,Normal
|showteam|p2|Porygon2||Eviolite|Download|TeraBlast,IceBeam,Recover,TrickRoom||||||50|,,,,,Fighting]Amoonguss||RockyHelmet|Regenerator|PollenPuff,Spore,RagePowder,Protect|||F|||50|,,,,,Fairy]Ursaluna||FlameOrb|Guts|Facade,HeadlongRush,Earthquake,Protect|||M|||50|,,,,,Ghost]Hydreigon||SafetyGoggles|Levitate|DracoMeteor,Protect,Tailwind,Snarl|||F|||50|,,,,,Ghost]Incineroar||SitrusBerry|Intimidate|FlareBlitz,KnockOff,PartingShot,FakeOut|||M|||50|,,,,,Ghost]Gholdengo||MetalCoat|GoodasGold|MakeItRain,ShadowBall,NastyPlot,Protect||||||50|,,,,,Water
|inactive|Battle timer is ON: inactive players will automatically lose when time's up. (requested by Po1510)
|inactive|gg0g6 also wants the timer to be on.
|
|t:|1757050396
|teamsize|p1|4
|teamsize|p2|4
|start
|switch|p1a: Sneasler|Sneasler, L50, M|100/100
|switch|p1b: Murkrow|Murkrow, L50, F|100/100
|switch|p2a: Amoonguss|Amoonguss, L50, F|100/100
|switch|p2b: Porygon2|Porygon2, L50|100/100
|-ability|p2b: Porygon2|Download|boost
|-boost|p2b: Porygon2|spa|1
|turn|1
|
|t:|1757050420
|switch|p2a: Gholdengo|Gholdengo, L50|100/100
|move|p1a: Sneasler|Fake Out|p2b: Porygon2
|-damage|p2b: Porygon2|92/100
|move|p1b: Murkrow|Taunt|p2a: Gholdengo
|-immune|p2a: Gholdengo|[from] ability: Good as Gold
|cant|p2b: Porygon2|flinch
|
|upkeep
|turn|2
|inactive|Po1510 has 30 seconds left.
|
|t:|1757050447
|switch|p1a: Kingambit|Kingambit, L50, F|100/100
|move|p1b: Murkrow|Taunt|p2b: Porygon2
|-start|p2b: Porygon2|move: Taunt
|move|p2a: Gholdengo|Nasty Plot|p2a: Gholdengo
|-boost|p2a: Gholdengo|spa|2
|move|p2b: Porygon2|Tera Blast|p1a: Kingambit
|-resisted|p1a: Kingambit
|-damage|p1a: Kingambit|73/100
|
|upkeep
|turn|3
|
|t:|1757050464
|switch|p2b: Amoonguss|Amoonguss, L50, F|100/100
|-terastallize|p2a: Gholdengo|Water
|move|p1a: Kingambit|Protect|p1a: Kingambit
|-singleturn|p1a: Kingambit|Protect
|move|p1b: Murkrow|Tailwind|p1b: Murkrow
|-sidestart|p1: gg0g6|move: Tailwind
|move|p2a: Gholdengo|Make It Rain|p1b: Murkrow|[spread] p1b
|-activate|p1a: Kingambit|move: Protect
|-damage|p1b: Murkrow|0 fnt
|-unboost|p2a: Gholdengo|spa|1
|faint|p1b: Murkrow
|
|upkeep
|
|t:|1757050477
|switch|p1b: Typhlosion|Typhlosion-Hisui, L50, M|100/100
|turn|4
|inactive|Po1510 has 30 seconds left.
|inactive|Po1510 has 20 seconds left.
|
|t:|1757050516
|-terastallize|p1b: Typhlosion|Fire
|move|p2b: Amoonguss|Rage Powder|p2b: Amoonguss
|-singleturn|p2b: Amoonguss|move: Rage Powder
|move|p1b: Typhlosion|Eruption|p2b: Amoonguss|[spread] p2a,p2b
|-resisted|p2a: Gholdengo
|-supereffective|p2b: Amoonguss
|-damage|p2a: Gholdengo|56/100
|-damage|p2b: Amoonguss|0 fnt
|faint|p2b: Amoonguss
|move|p1a: Kingambit|Kowtow Cleave|p2a: Gholdengo
|-damage|p2a: Gholdengo|0 fnt
|faint|p2a: Gholdengo
|
|upkeep
|
|t:|1757050526
|switch|p2a: Ursaluna|Ursaluna, L50, M|100/100
|switch|p2b: Porygon2|Porygon2, L50|92/100
|-ability|p2b: Porygon2|Download|boost
|-boost|p2b: Porygon2|spa|1
|turn|5
|
|t:|1757050532
|move|p2a: Ursaluna|Protect|p2a: Ursaluna
|-singleturn|p2a: Ursaluna|Protect
|move|p1b: Typhlosion|Eruption|p2a: Ursaluna|[spread] p2b
|-activate|p2a: Ursaluna|move: Protect
|-damage|p2b: Porygon2|32/100
|move|p1a: Kingambit|Kowtow Cleave|p2b: Porygon2
|-damage|p2b: Porygon2|0 fnt
|faint|p2b: Porygon2
|
|-status|p2a: Ursaluna|brn|[from] item: Flame Orb
|upkeep
|turn|6
|
|t:|1757050539
|move|p1b: Typhlosion|Eruption|p2a: Ursaluna
|-damage|p2a: Ursaluna|0 fnt
|faint|p2a: Ursaluna
|
|win|gg0g6
