|j|☆busterbunner
|j|☆hinoky
|html|busterbunnerhinoky    
|uhtml|bestof|Game 2 of a best-of-3
|t:|1785876550
|gametype|doubles
|player|p1|busterbunner|clair|1171
|player|p2|hinoky|wattson|1222
|gen|9
|tier|[Gen 9 Champions] VGC 2026 Reg M-B (Bo3)
|rated|
|rule|Species Clause: Limit one of each Pokémon
|rule|Item Clause: Limit 1 of each item
|clearpoke
|poke|p1|Whimsicott, L50, M|
|poke|p1|Metagross, L50|
|poke|p1|Kingambit, L50, M|
|poke|p1|Garchomp, L50, M|
|poke|p1|Pelipper, L50, M|
|poke|p1|Eelektross, L50, M|
|poke|p2|Kingambit, L50, F|
|poke|p2|Glimmora, L50, F|
|poke|p2|Whimsicott, L50, M|
|poke|p2|Delphox, L50, F|
|poke|p2|Garchomp, L50, M|
|poke|p2|Staraptor, L50, M|
|teampreview|4
|showteam|p1|Whimsicott||FocusSash|Prankster|Moonblast,Encore,Tailwind,Protect|Timid||M|||50|]Metagross||Metagrossite|ClearBody|PsychicFangs,Protect,IronHead,StompingTantrum|Jolly|||||50|]Kingambit||BlackGlasses|Defiant|KowtowCleave,SuckerPunch,IronHead,Protect|Adamant||M|||50|]Garchomp||LifeOrb|RoughSkin|DragonClaw,Earthquake,RockSlide,Protect|Jolly||M|||50|]Pelipper||SitrusBerry|Drizzle|MuddyWater,Hurricane,WideGuard,Protect|Timid||M|||50|]Eelektross||Eelektrossite|Levitate|Thunderbolt,GigaDrain,Protect,Flamethrower|Timid||M|||50|
|showteam|p2|Kingambit||ChopleBerry|Defiant|SuckerPunch,KowtowCleave,IronHead,LowKick|Adamant||F|||50|]Glimmora||FocusSash|ToxicDebris|SludgeBomb,PowerGem,EarthPower,SpikyShield|Timid||F|||50|]Whimsicott||OccaBerry|Prankster|Moonblast,Tailwind,Charm,Protect|Timid||M|||50|]Delphox||Delphoxite|Blaze|HeatWave,Psyshock,Substitute,Protect|Modest||F|||50|]Garchomp||LifeOrb|RoughSkin|DragonClaw,Earthquake,RockSlide,Protect|Jolly||M|||50|]Staraptor||Staraptite|Intimidate|BraveBird,CloseCombat,Roost,Protect|Jolly||M|||50|
|inactive|Battle timer is ON: inactive players will automatically lose when time's up. (requested by busterbunner)
|inactive|hinoky has 60 seconds left.
|
|t:|1785876595
|teamsize|p1|4
|teamsize|p2|4
|start
|switch|p1a: Metagross|Metagross, L50|100/100
|switch|p1b: Kingambit|Kingambit, L50, M|100/100
|switch|p2a: Whimsicott|Whimsicott, L50, M|100/100
|switch|p2b: Garchomp|Garchomp, L50, M|100/100
|turn|1
|inactive|hinoky has 30 seconds left.
|
|t:|1785876629
|switch|p1a: Whimsicott|Whimsicott, L50, M|100/100
|move|p2a: Whimsicott|Tailwind|p2a: Whimsicott
|-sidestart|p2: hinoky|move: Tailwind
|move|p2b: Garchomp|Earthquake|p1a: Whimsicott|[spread] p2a,p1a,p1b
|-resisted|p2a: Whimsicott|1
|-resisted|p1a: Whimsicott|1
|-supereffective|p1b: Kingambit|1
|-damage|p2a: Whimsicott|70/100
|-damage|p1a: Whimsicott|67/100
|-damage|p1b: Kingambit|23/100
|-damage|p2b: Garchomp|90/100|[from] item: Life Orb
|move|p1b: Kingambit|Iron Head|p2a: Whimsicott
|-supereffective|p2a: Whimsicott|1
|-damage|p2a: Whimsicott|0 fnt
|faint|p2a: Whimsicott
|
|upkeep
|
|t:|1785876643
|switch|p2a: Glimmora|Glimmora, L50, F|100/100
|turn|2
|
|t:|1785876660
|move|p1b: Kingambit|Protect|p1b: Kingambit
|-singleturn|p1b: Kingambit|Protect
|move|p1a: Whimsicott|Encore|p2b: Garchomp
|-start|p2b: Garchomp|Encore
|move|p2b: Garchomp|Earthquake|p1a: Whimsicott|[spread] p2a,p1a
|-activate|p1b: Kingambit|move: Protect
|-supereffective|p2a: Glimmora|2
|-resisted|p1a: Whimsicott|1
|-enditem|p2a: Glimmora|Focus Sash
|-damage|p2a: Glimmora|1/100
|-damage|p1a: Whimsicott|32/100
|-activate|p2a: Glimmora|ability: Toxic Debris
|-sidestart|p1: busterbunner|move: Toxic Spikes
|-damage|p2b: Garchomp|80/100|[from] item: Life Orb
|move|p2a: Glimmora|Sludge Bomb|p1a: Whimsicott
|-supereffective|p1a: Whimsicott|2
|-damage|p1a: Whimsicott|0 fnt
|faint|p1a: Whimsicott
|
|upkeep
|
|t:|1785876675
|switch|p1a: Metagross|Metagross, L50|100/100
|turn|3
|
|t:|1785876685
|detailschange|p1a: Metagross|Metagross-Mega, L50
|-mega|p1a: Metagross|Metagross|Metagrossite
|move|p2a: Glimmora|Spiky Shield|p2a: Glimmora
|-singleturn|p2a: Glimmora|move: Protect
|move|p1b: Kingambit|Protect||[still]
|-fail|p1b: Kingambit
|move|p2b: Garchomp|Earthquake|p1a: Metagross|[spread] p1a,p1b
|-activate|p2a: Glimmora|move: Protect
|-supereffective|p1a: Metagross|1
|-supereffective|p1b: Kingambit|1
|-damage|p1a: Metagross|9/100
|-damage|p1b: Kingambit|0 fnt
|faint|p1b: Kingambit
|-damage|p2b: Garchomp|70/100|[from] item: Life Orb
|move|p1a: Metagross|Psychic Fangs|p2b: Garchomp
|-damage|p2b: Garchomp|3/100
|-damage|p1a: Metagross|0 fnt|[from] ability: Rough Skin|[of] p2b: Garchomp
|faint|p1a: Metagross
|
|upkeep
|
|t:|1785876692
|switch|p1b: Garchomp|Garchomp, L50, M|100/100
|-status|p1b: Garchomp|psn
|turn|4
|
|t:|1785876709
|move|p2a: Glimmora|Spiky Shield||[still]
|-fail|p2a: Glimmora
|move|p1b: Garchomp|Protect|p1b: Garchomp
|-singleturn|p1b: Garchomp|Protect
|move|p2b: Garchomp|Earthquake|p1b: Garchomp|[spread] p2a
|-activate|p1b: Garchomp|move: Protect
|-supereffective|p2a: Glimmora|2
|-damage|p2a: Glimmora|0 fnt
|-activate|p2a: Glimmora|ability: Toxic Debris
|-sidestart|p1: busterbunner|move: Toxic Spikes
|faint|p2a: Glimmora
|-damage|p2b: Garchomp|0 fnt|[from] item: Life Orb
|faint|p2b: Garchomp
|
|-damage|p1b: Garchomp|87/100 psn|[from] psn
|-sideend|p2: hinoky|move: Tailwind
|upkeep
|
|t:|1785876725
|switch|p2a: Kingambit|Kingambit, L50, F|100/100
|turn|5
|
|t:|1785876735
|move|p1b: Garchomp|Earthquake|p2a: Kingambit
|-supereffective|p2a: Kingambit|1
|-damage|p2a: Kingambit|0 fnt
|faint|p2a: Kingambit
|-damage|p1b: Garchomp|78/100 psn|[from] item: Life Orb
|
|win|busterbunner
