|j|☆darthmorton
|j|☆Luxerna
|html|darthmortonLuxerna    
|uhtml|bestof|Game 1 of a best-of-3
|t:|1784054418
|gametype|doubles
|player|p1|darthmorton|dragontamer|1225
|player|p2|Luxerna|dawn-gen4pt|1326
|gen|9
|tier|[Gen 9 Champions] VGC 2026 Reg M-B (Bo3)
|rated|
|rule|Species Clause: Limit one of each Pokémon
|rule|Item Clause: Limit 1 of each item
|clearpoke
|poke|p1|Sneasler, L50, F|
|poke|p1|Sinistcha, L50|
|poke|p1|Incineroar, L50, M|
|poke|p1|Charizard, L50, F|
|poke|p1|Floette-Eternal, L50, F|
|poke|p1|Kingambit, L50, M|
|poke|p2|Charizard, L50, F, shiny|
|poke|p2|Aerodactyl, L50, M|
|poke|p2|Garchomp, L50, F|
|poke|p2|Sylveon, L50, F|
|poke|p2|Kingambit, L50, F|
|poke|p2|Farigiraf, L50, M|
|teampreview|4
|showteam|p1|Sneasler||FocusSash|PoisonTouch|FakeOut,GunkShot,CloseCombat,Coaching|Jolly||F|||50|]Sinistcha||SitrusBerry|Hospitality|MatchaGotcha,RagePowder,TrickRoom,Protect|Bold|||||50|]Incineroar||ChopleBerry|Intimidate|FlareBlitz,HelpingHand,PartingShot,FakeOut|Impish||M|||50|]Charizard||CharizarditeX|Blaze|FlareBlitz,DragonClaw,DragonDance,Protect|Adamant||F|||50|]Floette-Eternal||Floettite|FlowerVeil|Moonblast,CalmMind,DazzlingGleam,Protect|Modest||F|||50|]Kingambit||BlackGlasses|Defiant|KowtowCleave,SuckerPunch,SwordsDance,Protect|Adamant||M|||50|
|showteam|p2|Charizard||CharizarditeY|Blaze|Protect,HeatWave,WeatherBall,SolarBeam|Modest||F|||50|]Aerodactyl||Aerodactylite|Unnerve|RockSlide,DualWingbeat,IceFang,Tailwind|Jolly||M|||50|]Garchomp||LifeOrb|RoughSkin|Protect,DragonClaw,StompingTantrum,Earthquake|Jolly||F|||50|]Sylveon||FairyFeather|Pixilate|Detect,QuickAttack,HyperVoice,HyperBeam|Modest||F|||50|]Kingambit||FocusSash|Defiant|LowKick,SuckerPunch,KowtowCleave,IronHead|Adamant||F|||50|]Farigiraf||SitrusBerry|ArmorTail|Protect,Thunderbolt,Psychic,TrickRoom|Bold||M|||50|
|inactive|Battle timer is ON: inactive players will automatically lose when time's up. (requested by darthmorton)
|
|t:|1784054442
|teamsize|p1|4
|teamsize|p2|4
|start
|switch|p1a: Sneasler|Sneasler, L50, F|100/100
|switch|p1b: Floette|Floette-Eternal, L50, F|100/100
|switch|p2a: MiguelSVC|Aerodactyl, L50, M|100/100
|switch|p2b: Verstappen|Kingambit, L50, F|100/100
|-ability|p2a: MiguelSVC|Unnerve
|turn|1
|
|t:|1784054454
|switch|p2b: Norris|Farigiraf, L50, M|100/100
|detailschange|p2a: MiguelSVC|Aerodactyl-Mega, L50, M
|-mega|p2a: MiguelSVC|Aerodactyl|Aerodactylite
|detailschange|p1b: Floette|Floette-Mega, L50, F
|-mega|p1b: Floette|Floette|Floettite
|-ability|p1b: Floette|Fairy Aura
|move|p1a: Sneasler|Fake Out||[still]
|cant|p2b: Norris|ability: Armor Tail|Fake Out|[of] p1a: Sneasler
|move|p2a: MiguelSVC|Dual Wingbeat|p1b: Floette
|-damage|p1b: Floette|73/100
|-damage|p1b: Floette|45/100
|-hitcount|p1b: Floette|2
|move|p1b: Floette|Dazzling Gleam|p2a: MiguelSVC|[spread] p2a,p2b
|-damage|p2a: MiguelSVC|58/100
|-damage|p2b: Norris|57/100
|
|upkeep
|turn|2
|inactive|darthmorton has 30 seconds left.
|inactive|Luxerna has 30 seconds left.
|inactive|darthmorton has 20 seconds left.
|inactive|Luxerna has 20 seconds left.
|inactive|darthmorton has 15 seconds left.
|
|t:|1784054496
|switch|p1a: Sinistcha|Sinistcha, L50|100/100
|-heal|p1b: Floette|69/100|[from] ability: Hospitality|[of] p1a: Sinistcha
|switch|p2b: Verstappen|Kingambit, L50, F|100/100
|move|p2a: MiguelSVC|Dual Wingbeat|p1a: Sinistcha
|-supereffective|p1a: Sinistcha|1
|-damage|p1a: Sinistcha|66/100
|-supereffective|p1a: Sinistcha|1
|-damage|p1a: Sinistcha|29/100
|-enditem|p1a: Sinistcha|Sitrus Berry|[eat]
|-heal|p1a: Sinistcha|53/100|[from] item: Sitrus Berry
|-hitcount|p1a: Sinistcha|2
|move|p1b: Floette|Moonblast|p2a: MiguelSVC
|-damage|p2a: MiguelSVC|0 fnt
|faint|p2a: MiguelSVC
|
|upkeep
|
|t:|1784054509
|switch|p2a: Norris|Farigiraf, L50, M|57/100
|turn|3
|
|t:|1784054522
|move|p2a: Norris|Protect|p2a: Norris
|-singleturn|p2a: Norris|Protect
|move|p1b: Floette|Moonblast|p2a: Norris
|-activate|p2a: Norris|move: Protect
|move|p2b: Verstappen|Kowtow Cleave|p1a: Sinistcha
|-supereffective|p1a: Sinistcha|1
|-damage|p1a: Sinistcha|0 fnt
|faint|p1a: Sinistcha
|
|upkeep
|
|t:|1784054532
|switch|p1a: Kingambit|Kingambit, L50, M|100/100
|turn|4
|
|t:|1784054545
|move|p1b: Floette|Moonblast|p2a: Norris
|-damage|p2a: Norris|0 fnt
|faint|p2a: Norris
|move|p2b: Verstappen|Low Kick|p1a: Kingambit
|-supereffective|p1a: Kingambit|2
|-damage|p1a: Kingambit|0 fnt
|faint|p1a: Kingambit
|
|upkeep
|
|t:|1784054550
|switch|p1a: Sneasler|Sneasler, L50, F|100/100
|switch|p2a: Garchomp|Garchomp, L50, F|100/100
|turn|5
|
|t:|1784054560
|move|p1a: Sneasler|Fake Out|p2a: Garchomp
|-damage|p2a: Garchomp|85/100
|-damage|p1a: Sneasler|87/100|[from] ability: Rough Skin|[of] p2a: Garchomp
|cant|p2a: Garchomp|flinch
|move|p1b: Floette|Dazzling Gleam|p2a: Garchomp|[spread] p2a,p2b
|-supereffective|p2a: Garchomp|1
|-damage|p2a: Garchomp|0 fnt
|-damage|p2b: Verstappen|45/100
|faint|p2a: Garchomp
|move|p2b: Verstappen|Iron Head|p1b: Floette
|-supereffective|p1b: Floette|1
|-damage|p1b: Floette|0 fnt
|faint|p1b: Floette
|
|upkeep
|turn|6
|
|t:|1784054568
|move|p1a: Sneasler|Close Combat|p2b: Verstappen
|-supereffective|p2b: Verstappen|2
|-damage|p2b: Verstappen|0 fnt
|-unboost|p1a: Sneasler|def|1
|-unboost|p1a: Sneasler|spd|1
|faint|p2b: Verstappen
|
|win|darthmorton
