|j|☆bellytelevision
|j|☆Atc13
|html|bellytelevisionAtc13    
|uhtml|bestof|Game 1 of a best-of-3
|t:|1782762754
|gametype|doubles
|player|p1|bellytelevision|biker|1077
|player|p2|Atc13|1|1000
|gen|9
|tier|[Gen 9 Champions] VGC 2026 Reg M-B (Bo3)
|rated|
|rule|Species Clause: Limit one of each Pokémon
|rule|Item Clause: Limit 1 of each item
|clearpoke
|poke|p1|Venusaur, L50, M, shiny|
|poke|p1|Swampert, L50, M|
|poke|p1|Sinistcha, L50|
|poke|p1|Pelipper, L50, F|
|poke|p1|Archaludon, L50, M, shiny|
|poke|p1|Sableye, L50, M, shiny|
|poke|p2|Sableye, L50, F|
|poke|p2|Clefable, L50, M|
|poke|p2|Raichu, L50, M|
|poke|p2|Sinistcha, L50|
|poke|p2|Charizard, L50, F|
|poke|p2|Milotic, L50, F|
|teampreview|4
|showteam|p1|Venusaur||Venusaurite|Chlorophyll|GigaDrain,SludgeBomb,Protect,EarthPower|Modest||M|||50|]Swampert||Swampertite|Torrent|WaveCrash,IcePunch,HighHorsepower,Protect|Adamant||M|||50|]Sinistcha||CobaBerry|Hospitality|RagePowder,MatchaGotcha,LifeDew,TrickRoom|Sassy|||||50|]Pelipper||SitrusBerry|Drizzle|Tailwind,Hurricane,WeatherBall,WideGuard|Bold||F|||50|]Archaludon||Leftovers|Stamina|ElectroShot,FlashCannon,DragonPulse,Protect|Modest||M|||50|]Sableye||LightClay|Prankster|RainDance,Reflect,LightScreen,WillOWisp|Sassy||M|||50|
|showteam|p2|Sableye||RoseliBerry|Prankster|Detect,Disable,Encore,FoulPlay|Careful||F|||50|]Clefable||SitrusBerry|Unaware|FollowMe,Moonblast,DrainingKiss,Protect|Bold||M|||50|]Raichu||RaichuniteY|Static|FakeOut,ZapCannon,Electroweb,Protect|Hasty||M|||50|]Sinistcha||BigRoot|Hospitality|RagePowder,MatchaGotcha,ShadowBall,StrengthSap|Modest|||||50|]Charizard||CharizarditeX|Blaze|FlareBlitz,DragonClaw,DragonDance,Protect|Jolly||F|||50|]Milotic||Leftovers|Competitive|Coil,Hypnosis,MuddyWater,Recover|Bold||F|||50|
|
|t:|1782762829
|teamsize|p1|4
|teamsize|p2|4
|start
|switch|p1a: Sableye|Sableye, L50, M, shiny|100/100
|switch|p1b: Venusaur|Venusaur, L50, M, shiny|100/100
|switch|p2a: Sinistcha|Sinistcha, L50|100/100
|switch|p2b: Milotic|Milotic, L50, F|100/100
|turn|1
|
|t:|1782762864
|detailschange|p1b: Venusaur|Venusaur-Mega, L50, M, shiny
|-mega|p1b: Venusaur|Venusaur|Venusaurite
|move|p1a: Sableye|Light Screen|p1a: Sableye
|-sidestart|p1: bellytelevision|move: Light Screen
|move|p1b: Venusaur|Giga Drain|p2b: Milotic
|-supereffective|p2b: Milotic|1
|-damage|p2b: Milotic|40/100
|move|p2b: Milotic|Hypnosis|p1b: Venusaur
|-status|p1b: Venusaur|slp|[from] move: Hypnosis
|move|p2a: Sinistcha|Shadow Ball|p1a: Sableye
|-damage|p1a: Sableye|67/100
|-unboost|p1a: Sableye|spd|1
|
|-heal|p2b: Milotic|46/100|[from] item: Leftovers
|upkeep
|turn|2
|
|t:|1782762891
|switch|p1a: Archaludon|Archaludon, L50, M, shiny|100/100
|cant|p1b: Venusaur|slp
|move|p2b: Milotic|Recover|p2b: Milotic
|-heal|p2b: Milotic|96/100
|move|p2a: Sinistcha|Shadow Ball|p1a: Archaludon
|-crit|p1a: Archaludon
|-damage|p1a: Archaludon|30/100
|-ability|p1a: Archaludon|Stamina|boost
|-boost|p1a: Archaludon|def|1
|
|-heal|p1a: Archaludon|36/100|[from] item: Leftovers
|-heal|p2b: Milotic|100/100|[from] item: Leftovers
|upkeep
|turn|3
|
|t:|1782762912
|switch|p2a: Charizard|Charizard, L50, F|100/100
|move|p1a: Archaludon|Protect|p1a: Archaludon
|-singleturn|p1a: Archaludon|Protect
|cant|p1b: Venusaur|slp
|move|p2b: Milotic|Coil|p2b: Milotic
|-boost|p2b: Milotic|atk|1
|-boost|p2b: Milotic|def|1
|-boost|p2b: Milotic|accuracy|1
|
|-heal|p1a: Archaludon|43/100|[from] item: Leftovers
|upkeep
|turn|4
|
|t:|1782762933
|switch|p1a: Sableye|Sableye, L50, M, shiny|67/100
|detailschange|p2a: Charizard|Charizard-Mega-X, L50, F
|-mega|p2a: Charizard|Charizard|Charizardite X
|move|p2a: Charizard|Dragon Claw|p1a: Sableye
|-damage|p1a: Sableye|0 fnt
|faint|p1a: Sableye
|-curestatus|p1b: Venusaur|slp|[msg]
|move|p1b: Venusaur|Giga Drain|p2b: Milotic
|-supereffective|p2b: Milotic|1
|-damage|p2b: Milotic|37/100
|move|p2b: Milotic|Hypnosis|p1b: Venusaur
|-status|p1b: Venusaur|slp|[from] move: Hypnosis
|
|-heal|p2b: Milotic|43/100|[from] item: Leftovers
|upkeep
|
|t:|1782762954
|switch|p1a: Archaludon|Archaludon, L50, M, shiny|43/100
|turn|5
|
|t:|1782762961
|move|p2a: Charizard|Dragon Dance|p2a: Charizard
|-boost|p2a: Charizard|atk|1
|-boost|p2a: Charizard|spe|1
|move|p1a: Archaludon|Dragon Pulse|p2a: Charizard
|-supereffective|p2a: Charizard|1
|-damage|p2a: Charizard|0 fnt
|faint|p2a: Charizard
|cant|p1b: Venusaur|slp
|move|p2b: Milotic|Recover|p2b: Milotic
|-heal|p2b: Milotic|93/100
|
|-heal|p1a: Archaludon|49/100|[from] item: Leftovers
|-heal|p2b: Milotic|99/100|[from] item: Leftovers
|upkeep
|
|t:|1782762982
|switch|p2a: Sinistcha|Sinistcha, L50|100/100
|-heal|p2b: Milotic|100/100|[from] ability: Hospitality|[of] p2a: Sinistcha
|turn|6
|
|t:|1782762997
|cant|p1b: Venusaur|slp
|move|p1a: Archaludon|Dragon Pulse|p2b: Milotic
|-damage|p2b: Milotic|71/100
|move|p2b: Milotic|Muddy Water|p1b: Venusaur|[spread] p1a,p1b
|-resisted|p1a: Archaludon|1
|-resisted|p1b: Venusaur|1
|-damage|p1a: Archaludon|42/100
|-damage|p1b: Venusaur|93/100 slp
|-unboost|p1b: Venusaur|accuracy|1
|-ability|p1a: Archaludon|Stamina|boost
|-boost|p1a: Archaludon|def|1
|move|p2a: Sinistcha|Shadow Ball|p1a: Archaludon
|-damage|p1a: Archaludon|11/100
|-unboost|p1a: Archaludon|spd|1
|-ability|p1a: Archaludon|Stamina|boost
|-boost|p1a: Archaludon|def|1
|
|-heal|p1a: Archaludon|17/100|[from] item: Leftovers
|-heal|p2b: Milotic|77/100|[from] item: Leftovers
|upkeep
|turn|7
|
|t:|1782763026
|move|p1a: Archaludon|Protect|p1a: Archaludon
|-singleturn|p1a: Archaludon|Protect
|-curestatus|p1b: Venusaur|slp|[msg]
|move|p1b: Venusaur|Giga Drain|p2b: Milotic
|-supereffective|p2b: Milotic|1
|-damage|p2b: Milotic|20/100y
|-heal|p1b: Venusaur|100/100|[from] drain|[of] p2b: Milotic
|move|p2b: Milotic|Hypnosis|p1b: Venusaur
|-status|p1b: Venusaur|slp|[from] move: Hypnosis
|move|p2a: Sinistcha|Shadow Ball|p1b: Venusaur
|-damage|p1b: Venusaur|76/100 slp
|
|-heal|p1a: Archaludon|23/100|[from] item: Leftovers
|-heal|p2b: Milotic|26/100|[from] item: Leftovers
|upkeep
|turn|8
|
|t:|1782763047
|switch|p1b: Sinistcha|Sinistcha, L50|100/100
|-heal|p1a: Archaludon|48/100|[from] ability: Hospitality|[of] p1b: Sinistcha
|move|p1a: Archaludon|Dragon Pulse|p2b: Milotic
|-damage|p2b: Milotic|0 fnt
|faint|p2b: Milotic
|move|p2a: Sinistcha|Shadow Ball|p1a: Archaludon
|-damage|p1a: Archaludon|2/100
|-ability|p1a: Archaludon|Stamina|boost
|-boost|p1a: Archaludon|def|1
|
|-heal|p1a: Archaludon|8/100|[from] item: Leftovers
|-sideend|p1: bellytelevision|move: Light Screen
|upkeep
|
|t:|1782763061
|switch|p2b: Raichu|Raichu, L50, M|100/100
|turn|9
|
|t:|1782763075
|move|p1a: Archaludon|Protect|p1a: Archaludon
|-singleturn|p1a: Archaludon|Protect
|move|p2b: Raichu|Fake Out|p1a: Archaludon
|-activate|p1a: Archaludon|move: Protect
|move|p2a: Sinistcha|Shadow Ball|p1b: Sinistcha
|-supereffective|p1b: Sinistcha|1
|-damage|p1b: Sinistcha|21/100
|move|p1b: Sinistcha|Matcha Gotcha|p2b: Raichu|[spread] p2a,p2b
|-resisted|p2a: Sinistcha|1
|-damage|p2a: Sinistcha|85/100
|-heal|p1b: Sinistcha|28/100|[from] drain|[of] p2a: Sinistcha
|-damage|p2b: Raichu|63/100
|-heal|p1b: Sinistcha|42/100|[from] drain|[of] p2b: Raichu
|
|-heal|p1a: Archaludon|15/100|[from] item: Leftovers
|upkeep
|turn|10
|
|t:|1782763104
|switch|p1b: Venusaur|Venusaur-Mega, L50, M, shiny|76/100 slp
|move|p2b: Raichu|Electroweb|p1a: Archaludon|[spread] p1a,p1b
|-resisted|p1a: Archaludon|1
|-resisted|p1b: Venusaur|1
|-damage|p1a: Archaludon|2/100
|-damage|p1b: Venusaur|69/100 slp
|-unboost|p1a: Archaludon|spe|1
|-unboost|p1b: Venusaur|spe|1
|-ability|p1a: Archaludon|Stamina|boost
|-boost|p1a: Archaludon|def|1
|move|p2a: Sinistcha|Matcha Gotcha|p1b: Venusaur|[spread] p1a,p1b
|-resisted|p1a: Archaludon|2
|-resisted|p1b: Venusaur|2
|-damage|p1a: Archaludon|0 fnt
|-heal|p2a: Sinistcha|88/100|[from] drain|[of] p1a: Archaludon
|-damage|p1b: Venusaur|63/100 slp
|-heal|p2a: Sinistcha|93/100|[from] drain|[of] p1b: Venusaur
|faint|p1a: Archaludon
|
|upkeep
|
|t:|1782763120
|switch|p1a: Sinistcha|Sinistcha, L50|42/100
|-heal|p1b: Venusaur|88/100 slp|[from] ability: Hospitality|[of] p1a: Sinistcha
|turn|11
|
|t:|1782763129
|move|p2b: Raichu|Zap Cannon|p1b: Venusaur
|-resisted|p1b: Venusaur|1
|-damage|p1b: Venusaur|68/100 slp
|move|p2a: Sinistcha|Shadow Ball|p1a: Sinistcha
|-supereffective|p1a: Sinistcha|1
|-damage|p1a: Sinistcha|0 fnt
|faint|p1a: Sinistcha
|cant|p1b: Venusaur|slp
|
|upkeep
|turn|12
|
|t:|1782763147
|move|p2b: Raichu|Zap Cannon|p1b: Venusaur
|-resisted|p1b: Venusaur|1
|-damage|p1b: Venusaur|46/100 slp
|move|p2a: Sinistcha|Shadow Ball|p1b: Venusaur
|-damage|p1b: Venusaur|7/100 slp
|-curestatus|p1b: Venusaur|slp|[msg]
|move|p1b: Venusaur|Earth Power|p2b: Raichu
|-supereffective|p2b: Raichu|1
|-damage|p2b: Raichu|0 fnt
|faint|p2b: Raichu
|
|upkeep
|turn|13
|
|t:|1782763161
|move|p2a: Sinistcha|Shadow Ball|p1b: Venusaur
|-crit|p1b: Venusaur
|-damage|p1b: Venusaur|0 fnt
|faint|p1b: Venusaur
|
|win|Atc13
|l|☆Atc13
|player|p2|
||bellytelevision is ready for game 2.
||Atc13 is ready for game 2.
|uhtml|next|Next: Game 2 of 3
