|j|☆spodermees
|j|☆NorcalEMTShowdown
|html|spodermeesNorcalEMTShowdown    
|uhtml|bestof|Game 1 of a best-of-3
|t:|1784131787
|gametype|doubles
|player|p1|spodermees|sailor|1154
|player|p2|NorcalEMTShowdown|101|1104
|gen|9
|tier|[Gen 9 Champions] VGC 2026 Reg M-B (Bo3)
|rated|
|rule|Species Clause: Limit one of each Pokémon
|rule|Item Clause: Limit 1 of each item
|clearpoke
|poke|p1|Swampert, L50, F|
|poke|p1|Dragonite, L50, F|
|poke|p1|Pelipper, L50, M|
|poke|p1|Sableye, L50, F|
|poke|p1|Incineroar, L50, M|
|poke|p1|Archaludon, L50, M|
|poke|p2|Staraptor, L50, M|
|poke|p2|Grimmsnarl, L50, M|
|poke|p2|Sinistcha, L50|
|poke|p2|Aerodactyl, L50, F|
|poke|p2|Delphox, L50, M|
|poke|p2|Primarina, L50, F|
|teampreview|4
|showteam|p1|Swampert||Swampertite|Damp|WaveCrash,Earthquake,IcePunch,Protect|Adamant||F|||50|]Dragonite||Dragoninite|InnerFocus|Hurricane,Protect,Thunderbolt,DragonPulse|Timid||F|||50|]Pelipper||FocusSash|Drizzle|WeatherBall,Hurricane,WideGuard,Tailwind|Modest||M|||50|]Sableye||RoseliBerry|Prankster|RainDance,FakeOut,LightScreen,Reflect|Careful||F|||50|]Incineroar||SitrusBerry|Intimidate|FakeOut,PartingShot,WillOWisp,ThroatChop|Careful||M|||50|]Archaludon||Leftovers|Stamina|ElectroShot,DracoMeteor,FlashCannon,Protect|Modest||M|||50|
|showteam|p2|Staraptor||Staraptite|Intimidate|CloseCombat,BraveBird,Roost,Protect|Jolly||M|||50|]Grimmsnarl||Leftovers|Prankster|FakeOut,PartingShot,SpiritBreak,SuckerPunch|Adamant||M|||50|]Sinistcha||SitrusBerry|Hospitality|MatchaGotcha,RagePowder,StrengthSap,FoulPlay|Bold|||||50|]Aerodactyl||FocusSash|Unnerve|RockSlide,Taunt,Tailwind,DualWingbeat|Jolly||F|||50|]Delphox||Delphoxite|Blaze|HeatWave,Psyshock,DazzlingGleam,Protect|Timid||M|||50|]Primarina||ChoiceScarf|LiquidVoice|Moonblast,HydroPump,HyperVoice,IceBeam|Modest||F|||50|
|inactive|Battle timer is ON: inactive players will automatically lose when time's up. (requested by spodermees)
|
|t:|1784131810
|teamsize|p1|4
|teamsize|p2|4
|start
|switch|p1a: Dragonite|Dragonite, L50, F|100/100
|switch|p1b: Pelipper|Pelipper, L50, M|100/100
|switch|p2a: Primarina|Primarina, L50, F|100/100
|switch|p2b: Grimmsnarl|Grimmsnarl, L50, M|100/100
|-weather|RainDance|[from] ability: Drizzle|[of] p1b: Pelipper
|turn|1
|
|t:|1784131822
|detailschange|p1a: Dragonite|Dragonite-Mega, L50, F
|-mega|p1a: Dragonite|Dragonite|Dragoninite
|move|p2b: Grimmsnarl|Fake Out|p1b: Pelipper
|-damage|p1b: Pelipper|85/100
|move|p2a: Primarina|Moonblast|p1a: Dragonite
|-supereffective|p1a: Dragonite|1
|-damage|p1a: Dragonite|53/100
|move|p1a: Dragonite|Thunderbolt|p2a: Primarina
|-supereffective|p2a: Primarina|1
|-damage|p2a: Primarina|28/100
|cant|p1b: Pelipper|flinch
|
|-weather|RainDance|[upkeep]
|upkeep
|turn|2
|
|t:|1784131845
|move|p1a: Dragonite|Protect|p1a: Dragonite
|-singleturn|p1a: Dragonite|Protect
|move|p2b: Grimmsnarl|Parting Shot|p1a: Dragonite
|-activate|p1a: Dragonite|move: Protect
|move|p2a: Primarina|Moonblast|p1a: Dragonite
|-activate|p1a: Dragonite|move: Protect
|move|p1b: Pelipper|Tailwind|p1b: Pelipper
|-sidestart|p1: spodermees|move: Tailwind
|
|-weather|RainDance|[upkeep]
|upkeep
|turn|3
|
|t:|1784131853
|switch|p1a: Incineroar|Incineroar, L50, M|100/100
|-ability|p1a: Incineroar|Intimidate|boost
|-unboost|p2a: Primarina|atk|1
|-unboost|p2b: Grimmsnarl|atk|1
|move|p2b: Grimmsnarl|Parting Shot|p1a: Incineroar
|-hint|Since gen 7, Dark is immune to Prankster moves.
|-immune|p1a: Incineroar
|move|p1b: Pelipper|Hurricane|p2a: Primarina
|-damage|p2a: Primarina|0 fnt
|faint|p2a: Primarina
|
|-weather|RainDance|[upkeep]
|upkeep
|
|t:|1784131861
|switch|p2a: Staraptor|Staraptor, L50, M|100/100
|-ability|p2a: Staraptor|Intimidate|boost
|-unboost|p1a: Incineroar|atk|1
|-unboost|p1b: Pelipper|atk|1
|turn|4
|
|t:|1784131880
|detailschange|p2a: Staraptor|Staraptor-Mega, L50, M
|-mega|p2a: Staraptor|Staraptor|Staraptite
|move|p2a: Staraptor|Protect|p2a: Staraptor
|-singleturn|p2a: Staraptor|Protect
|move|p1b: Pelipper|Hurricane|p2a: Staraptor
|-activate|p2a: Staraptor|move: Protect
|move|p1a: Incineroar|Will-O-Wisp|p2a: Staraptor
|-activate|p2a: Staraptor|move: Protect
|move|p2b: Grimmsnarl|Spirit Break|p1b: Pelipper
|-damage|p1b: Pelipper|55/100
|-unboost|p1b: Pelipper|spa|1
|
|-weather|RainDance|[upkeep]
|upkeep
|turn|5
|inactive|NorcalEMTShowdown has 30 seconds left.
|
|t:|1784131909
|switch|p2a: Sinistcha|Sinistcha, L50|100/100
|move|p2b: Grimmsnarl|Parting Shot|p1b: Pelipper
|-unboost|p1b: Pelipper|atk|1
|-unboost|p1b: Pelipper|spa|1
|
|t:|1784131913
|switch|p2b: Staraptor|Staraptor-Mega, L50, M|100/100|[from] Parting Shot
|move|p1b: Pelipper|Hurricane|p2a: Sinistcha
|-supereffective|p2a: Sinistcha|1
|-damage|p2a: Sinistcha|41/100
|-enditem|p2a: Sinistcha|Sitrus Berry|[eat]
|-heal|p2a: Sinistcha|66/100|[from] item: Sitrus Berry
|move|p1a: Incineroar|Will-O-Wisp|p2a: Sinistcha
|-status|p2a: Sinistcha|brn
|
|-weather|none
|-damage|p2a: Sinistcha|60/100 brn|[from] brn
|-sideend|p1: spodermees|move: Tailwind
|upkeep
|turn|6
|
|t:|1784131928
|switch|p1b: Archaludon|Archaludon, L50, M|100/100
|move|p2b: Staraptor|Close Combat|p1a: Incineroar
|-supereffective|p1a: Incineroar|1
|-damage|p1a: Incineroar|0 fnt
|-boost|p2b: Staraptor|def|1
|-boost|p2b: Staraptor|spd|1
|faint|p1a: Incineroar
|move|p2a: Sinistcha|Strength Sap|p2b: Staraptor
|-boost|p2b: Staraptor|atk|1
|-heal|p2a: Sinistcha|100/100 brn
|
|-damage|p2a: Sinistcha|93/100 brn|[from] brn
|upkeep
|
|t:|1784131935
|switch|p1a: Dragonite|Dragonite-Mega, L50, F|53/100
|turn|7
|
|t:|1784131944
|switch|p1b: Pelipper|Pelipper, L50, M|55/100
|-weather|RainDance|[from] ability: Drizzle|[of] p1b: Pelipper
|move|p2a: Sinistcha|Rage Powder|p2a: Sinistcha
|-singleturn|p2a: Sinistcha|move: Rage Powder
|move|p2b: Staraptor|Close Combat|p1b: Pelipper
|-resisted|p1b: Pelipper|1
|-damage|p1b: Pelipper|3/100
|-boost|p2b: Staraptor|def|1
|-boost|p2b: Staraptor|spd|1
|move|p1a: Dragonite|Hurricane|p2a: Sinistcha
|-supereffective|p2a: Sinistcha|1
|-damage|p2a: Sinistcha|0 fnt
|faint|p2a: Sinistcha
|
|-weather|RainDance|[upkeep]
|upkeep
|
|t:|1784131955
|switch|p2a: Grimmsnarl|Grimmsnarl, L50, M|100/100
|turn|8
|
|t:|1784131968
|switch|p1b: Archaludon|Archaludon, L50, M|100/100
|move|p2a: Grimmsnarl|Fake Out|p1b: Archaludon
|-resisted|p1b: Archaludon|1
|-damage|p1b: Archaludon|94/100
|-ability|p1b: Archaludon|Stamina|boost
|-boost|p1b: Archaludon|def|1
|move|p2b: Staraptor|Brave Bird|p1a: Dragonite
|-damage|p1a: Dragonite|0 fnt
|faint|p1a: Dragonite
|-damage|p2b: Staraptor|81/100|[from] Recoil
|
|-weather|RainDance|[upkeep]
|-heal|p1b: Archaludon|100/100|[from] item: Leftovers
|upkeep
|
|t:|1784131976
|switch|p1a: Pelipper|Pelipper, L50, M|3/100
|turn|9
|
|t:|1784131983
|move|p2a: Grimmsnarl|Sucker Punch||[still]
|-fail|p2a: Grimmsnarl
|move|p2b: Staraptor|Close Combat|p1b: Archaludon
|-supereffective|p1b: Archaludon|1
|-damage|p1b: Archaludon|5/100
|-boost|p2b: Staraptor|def|1
|-boost|p2b: Staraptor|spd|1
|-ability|p1b: Archaludon|Stamina|boost
|-boost|p1b: Archaludon|def|1
|move|p1b: Archaludon|Electro Shot||[still]
|-prepare|p1b: Archaludon|Electro Shot
|-boost|p1b: Archaludon|spa|1
|-anim|p1b: Archaludon|Electro Shot|p2b: Staraptor
|-supereffective|p2b: Staraptor|1
|-damage|p2b: Staraptor|20/100y
|move|p1a: Pelipper|Tailwind|p1a: Pelipper
|-sidestart|p1: spodermees|move: Tailwind
|
|-weather|RainDance|[upkeep]
|-heal|p1b: Archaludon|11/100|[from] item: Leftovers
|upkeep
|turn|10
|
|t:|1784132002
|move|p2a: Grimmsnarl|Sucker Punch|p1b: Archaludon
|-damage|p1b: Archaludon|0 fnt
|faint|p1b: Archaludon
|move|p1a: Pelipper|Weather Ball|p2a: Grimmsnarl
|-damage|p2a: Grimmsnarl|37/100
|move|p2b: Staraptor|Brave Bird|p1a: Pelipper
|-damage|p1a: Pelipper|0 fnt
|faint|p1a: Pelipper
|-damage|p2b: Staraptor|19/100|[from] Recoil
|
|win|NorcalEMTShowdown
