|j|☆CavaliereIsSoPeak
|j|☆pabloblo
|html|CavaliereIsSoPeakpabloblo    
|uhtml|bestof|Game 2 of a best-of-3
|t:|1756896529
|gametype|doubles
|player|p1|CavaliereIsSoPeak|gambler|1410
|player|p2|pabloblo|guitarist|1292
|gen|9
|tier|[Gen 9] VGC 2025 Reg H (Bo3)
|rated|
|rule|Species Clause: Limit one of each Pokémon
|rule|Item Clause: Limit 1 of each item
|clearpoke
|poke|p1|Volcarona, L50, M|
|poke|p1|Rillaboom, L50, M|
|poke|p1|Sneasler, L50, F|
|poke|p1|Dragonite, L50, M|
|poke|p1|Ursaluna-Bloodmoon, L50, M|
|poke|p1|Whimsicott, L50, F|
|poke|p2|Torkoal, L50, M|
|poke|p2|Indeedee-F, L50, F|
|poke|p2|Armarouge, L50, F|
|poke|p2|Ursaluna, L50, M|
|poke|p2|Kingambit, L50, F|
|poke|p2|Maushold, L50|
|teampreview|4
|showteam|p1|Volcarona||SitrusBerry|FlameBody|HeatWave,TeraBlast,QuiverDance,Protect|||M|||50|,,,,,Fairy]Rillaboom||AssaultVest|GrassySurge|WoodHammer,GrassyGlide,FakeOut,Uturn|||M|||50|,,,,,Fire]Sneasler||FocusSash|Unburden|DireClaw,CloseCombat,ThroatChop,Protect|||F|||50|,,,,,Dark]Dragonite||LoadedDice|Multiscale|ScaleShot,ExtremeSpeed,Haze,Protect|||M|||50|,,,,,Steel]Ursaluna-Bloodmoon||LifeOrb|MindsEye|BloodMoon,HyperVoice,EarthPower,Protect|||M|||50|,,,,,Normal]Whimsicott||CovertCloak|Prankster|Moonblast,Tailwind,Encore,Taunt|||F|||50|,,,,,Poison
|showteam|p2|Torkoal||Charcoal|Drought|Eruption,Overheat,HelpingHand,Protect|||M|||50|,,,,,Fire]Indeedee-F||SafetyGoggles|PsychicSurge|FollowMe,Psychic,TrickRoom,HelpingHand|||F|||50|,,,,,Water]Armarouge||PowerHerb|FlashFire|ArmorCannon,MeteorBeam,ExpandingForce,TrickRoom|||F|||50|,,,,,Grass]Ursaluna||FlameOrb|Guts|Facade,HeadlongRush,Earthquake,Protect|||M|||50|,,,,,Ghost]Kingambit||AssaultVest|Defiant|KowtowCleave,IronHead,SuckerPunch,LowKick|||F|||50|,,,,,Flying]Maushold||WideLens|Technician|PopulationBomb,FollowMe,Taunt,Protect||||||50|,,,,,Ghost
|inactive|Battle timer is ON: inactive players will automatically lose when time's up. (requested by pabloblo)
|inactive|CavaliereIsSoPeak has 60 seconds left.
|
|t:|1756896568
|teamsize|p1|4
|teamsize|p2|4
|start
|switch|p1a: Shāhmat|Ursaluna-Bloodmoon, L50, M|100/100
|switch|p1b: Sylva|Rillaboom, L50, M|100/100
|switch|p2a: Indeedee|Indeedee-F, L50, F|100/100
|switch|p2b: Maushold|Maushold, L50|100/100
|-fieldstart|move: Grassy Terrain|[from] ability: Grassy Surge|[of] p1b: Sylva
|-fieldstart|move: Psychic Terrain|[from] ability: Psychic Surge|[of] p2a: Indeedee
|turn|1
|inactive|pabloblo has 30 seconds left.
|inactive|pabloblo has 20 seconds left.
|
|t:|1756896604
|switch|p1b: Ventus|Dragonite, L50, M|100/100
|move|p2b: Maushold|Population Bomb|p1a: Shāhmat
|-damage|p1a: Shāhmat|91/100
|-damage|p1a: Shāhmat|80/100
|-damage|p1a: Shāhmat|70/100
|-damage|p1a: Shāhmat|60/100
|-damage|p1a: Shāhmat|49/100
|-damage|p1a: Shāhmat|40/100
|-damage|p1a: Shāhmat|29/100
|-damage|p1a: Shāhmat|19/100
|-damage|p1a: Shāhmat|10/100
|-damage|p1a: Shāhmat|0 fnt
|faint|p1a: Shāhmat
|-hitcount|p1: Shāhmat|10
|move|p2a: Indeedee|Trick Room|p2a: Indeedee
|-fieldstart|move: Trick Room|[of] p2a: Indeedee
|
|upkeep
|
|t:|1756896621
|switch|p1a: Sylva|Rillaboom, L50, M|100/100
|-fieldstart|move: Grassy Terrain|[from] ability: Grassy Surge|[of] p1a: Sylva
|turn|2
|
|t:|1756896642
|switch|p2a: Kingambit|Kingambit, L50, F|100/100
|move|p1a: Sylva|Wood Hammer|p2b: Maushold
|-damage|p2b: Maushold|0 fnt
|faint|p2b: Maushold
|-damage|p1a: Sylva|74/100|[from] Recoil
|move|p1b: Ventus|Scale Shot|p2a: Kingambit
|-resisted|p2a: Kingambit
|-damage|p2a: Kingambit|95/100
|-resisted|p2a: Kingambit
|-damage|p2a: Kingambit|89/100
|-resisted|p2a: Kingambit
|-damage|p2a: Kingambit|83/100
|-resisted|p2a: Kingambit
|-damage|p2a: Kingambit|78/100
|-hitcount|p2a: Kingambit|4
|-unboost|p1b: Ventus|def|1
|-boost|p1b: Ventus|spe|1
|
|-heal|p2a: Kingambit|83/100|[from] Grassy Terrain
|-heal|p1a: Sylva|80/100|[from] Grassy Terrain
|upkeep
|
|t:|1756896652
|switch|p2b: Armarouge|Armarouge, L50, F|100/100
|turn|3
|
|t:|1756896667
|-terastallize|p1a: Sylva|Fire
|move|p1b: Ventus|Protect|p1b: Ventus
|-singleturn|p1b: Ventus|Protect
|move|p2b: Armarouge|Meteor Beam||[still]
|-prepare|p2b: Armarouge|Meteor Beam
|-boost|p2b: Armarouge|spa|1
|-enditem|p2b: Armarouge|Power Herb
|-anim|p2b: Armarouge|Meteor Beam|p1a: Sylva
|-supereffective|p1a: Sylva
|-damage|p1a: Sylva|0 fnt
|faint|p1a: Sylva
|move|p2a: Kingambit|Kowtow Cleave|p1b: Ventus
|-activate|p1b: Ventus|move: Protect
|
|-heal|p2a: Kingambit|89/100|[from] Grassy Terrain
|upkeep
|
|t:|1756896675
|switch|p1a: D'oro|Sneasler, L50, F|100/100
|turn|4
|inactive|pabloblo has 30 seconds left.
|
|t:|1756896703
|-terastallize|p2a: Kingambit|Flying
|move|p1b: Ventus|Extreme Speed|p2b: Armarouge
|-damage|p2b: Armarouge|69/100
|move|p2b: Armarouge|Expanding Force|p1b: Ventus
|-damage|p1b: Ventus|66/100
|move|p2a: Kingambit|Kowtow Cleave|p1b: Ventus
|-damage|p1b: Ventus|0 fnt
|faint|p1b: Ventus
|move|p1a: D'oro|Throat Chop|p2b: Armarouge
|-supereffective|p2b: Armarouge
|-damage|p2b: Armarouge|9/100
|-start|p2b: Armarouge|Throat Chop|[silent]
|
|-heal|p2b: Armarouge|16/100|[from] Grassy Terrain
|upkeep
|turn|5
|-message|CavaliereIsSoPeak forfeited.
|
|win|pabloblo
|l|☆CavaliereIsSoPeak
|player|p1|
||pabloblo is ready for game 3.
||CavaliereIsSoPeak is ready for game 3.
|uhtml|next|Next: Game 3 of 3
|l|☆pabloblo
|player|p2|
|j|☆CavaliereIsSoPeak
|player|p1|CavaliereIsSoPeak|gambler|
