|j|☆PsychedelicDawgII
|j|☆bananabread1398
|html|PsychedelicDawgIIbananabread1398    
|uhtml|bestof|Game 2 of a best-of-3
|t:|1785109086
|gametype|doubles
|player|p1|PsychedelicDawgII|clerk|
|player|p2|bananabread1398|170|
|gen|9
|tier|[Gen 9 Champions] VGC 2026 Reg M-B (Bo3)
|rule|Species Clause: Limit one of each Pokémon
|rule|Item Clause: Limit 1 of each item
|clearpoke
|poke|p1|Volcarona, L50, M|
|poke|p1|Grimmsnarl, L50, M|
|poke|p1|Skarmory, L50, F|
|poke|p1|Dragapult, L50, M|
|poke|p1|Gengar, L50, M, shiny|
|poke|p1|Pinsir, L50, M|
|poke|p2|Lopunny, L50, M|
|poke|p2|Raichu, L50, M|
|poke|p2|Whimsicott, L50, M|
|poke|p2|Basculegion, L50, M|
|poke|p2|Empoleon, L50, F|
|poke|p2|Mudsdale, L50, M|
|teampreview|4
|showteam|p1|Volcarona||SitrusBerry|FlameBody|Protect,QuiverDance,HeatWave,GigaDrain|Modest||M|||50|]Grimmsnarl||LightClay|Prankster|FakeOut,LightScreen,Taunt,SuckerPunch|Adamant||M|||50|]Skarmory||Leftovers|Sturdy|IronDefense,Roost,BodyPress,Protect|Careful||F|||50|]Dragapult||LifeOrb|Infiltrator|PhantomForce,PsychicFangs,DragonDarts,DragonDance|Jolly||M|||50|]Gengar||Gengarite|CursedBody|SludgeBomb,DestinyBond,Protect,ShadowBall|Timid||M|||50|]Pinsir||Pinsirite|HyperCutter|Protect,BodySlam,Earthquake,Feint|Adamant||M|||50|
|showteam|p2|Lopunny||Lopunnite|CuteCharm|FakeOut,CloseCombat,Protect,IcePunch|Adamant||M|||50|]Raichu||RaichuniteY|Static|Protect,ZapCannon,FocusBlast,FakeOut|Modest||M|||50|]Whimsicott||MentalHerb|Prankster|Encore,Moonblast,LightScreen,Tailwind|Bold||M|||50|]Basculegion||FocusSash|Adaptability|AquaJet,LastRespects,WaveCrash,Protect|Adamant||M|||50|]Empoleon||LifeOrb|Torrent|KnockOff,AquaJet,IceBeam,HydroPump|Sassy||F|||50|]Mudsdale||ZoomLens|InnerFocus|Bulldoze,StealthRock,Protect,StoneEdge|Relaxed||M|||50|
|j| bphind722
|j| NewTrainaOnDaBlock
|j| applejuice1738
|j| PJG4487
|j| Fervvvvv
|j| kolten
|
|t:|1785109143
|teamsize|p1|4
|teamsize|p2|4
|start
|switch|p1a: The Greek|Grimmsnarl, L50, M|100/100
|switch|p1b: Lockheed|Dragapult, L50, M|100/100
|switch|p2a: Rat|Raichu, L50, M|100/100
|switch|p2b: Brosideon|Empoleon, L50, F|100/100
|turn|1
|
|t:|1785109185
|switch|p2a: Father Stud|Mudsdale, L50, M|100/100
|move|p1a: The Greek|Fake Out|p2a: Father Stud
|-damage|p2a: Father Stud|91/100
|move|p1b: Lockheed|Dragon Dance|p1b: Lockheed
|-boost|p1b: Lockheed|atk|1
|-boost|p1b: Lockheed|spe|1
|move|p2b: Brosideon|Hydro Pump|p1a: The Greek|[miss]
|-miss|p2b: Brosideon|p1a: The Greek
|
|upkeep
|turn|2
|
|t:|1785109220
|move|p1a: The Greek|Light Screen|p1a: The Greek
|-sidestart|p1: PsychedelicDawgII|move: Light Screen
|move|p1b: Lockheed|Dragon Darts|p2a: Father Stud
|-damage|p2a: Father Stud|61/100
|-anim|p1b: Lockheed|Dragon Darts|p2b: Brosideon
|-resisted|p2b: Brosideon|1
|-damage|p2b: Brosideon|75/100
|-damage|p1b: Lockheed|90/100|[from] item: Life Orb
|move|p2b: Brosideon|Knock Off|p1b: Lockheed
|-supereffective|p1b: Lockheed|1
|-damage|p1b: Lockheed|19/100
|-enditem|p1b: Lockheed|Life Orb|[from] move: Knock Off|[of] p2b: Brosideon
|-damage|p2b: Brosideon|65/100|[from] item: Life Orb
|move|p2a: Father Stud|Bulldoze|p1b: Lockheed|[spread] p2b,p1a,p1b
|-supereffective|p2b: Brosideon|1
|-damage|p2b: Brosideon|24/100
|-damage|p1a: The Greek|75/100
|-damage|p1b: Lockheed|0 fnt
|-unboost|p2b: Brosideon|spe|1
|-unboost|p1a: The Greek|spe|1
|faint|p1b: Lockheed
|
|upkeep
|
|t:|1785109242
|switch|p1b: Martin|Skarmory, L50, F|100/100
|turn|3
|
|t:|1785109273
|move|p1a: The Greek|Sucker Punch|p2b: Brosideon
|-damage|p2b: Brosideon|0 fnt
|faint|p2b: Brosideon
|move|p1b: Martin|Iron Defense|p1b: Martin
|-boost|p1b: Martin|def|2
|move|p2a: Father Stud|Stone Edge|p1a: The Greek
|-damage|p1a: The Greek|40/100
|
|upkeep
|
|t:|1785109287
|switch|p2b: Rat|Raichu, L50, M|100/100
|turn|4
|
|t:|1785109308
|detailschange|p2b: Rat|Raichu-Mega-Y, L50, M
|-mega|p2b: Rat|Raichu|Raichunite Y
|move|p2b: Rat|Fake Out|p1b: Martin
|-resisted|p1b: Martin|1
|-damage|p1b: Martin|98/100
|move|p1a: The Greek|Sucker Punch||[still]
|-fail|p1a: The Greek
|cant|p1b: Martin|flinch
|move|p2a: Father Stud|Stone Edge|p1a: The Greek
|-damage|p1a: The Greek|3/100
|
|-heal|p1b: Martin|100/100|[from] item: Leftovers
|upkeep
|turn|5
|
|t:|1785109329
|move|p1a: The Greek|Sucker Punch|p2b: Rat
|-damage|p2b: Rat|20/100y
|move|p2b: Rat|Zap Cannon|p1b: Martin
|-supereffective|p1b: Martin|1
|-damage|p1b: Martin|1/100
|-status|p1b: Martin|par
|move|p2a: Father Stud|Stealth Rock|p1a: The Greek
|-sidestart|p1: PsychedelicDawgII|move: Stealth Rock
|move|p1b: Martin|Body Press|p2a: Father Stud
|-damage|p2a: Father Stud|31/100
|
|-heal|p1b: Martin|7/100 par|[from] item: Leftovers
|upkeep
|turn|6
|
|t:|1785109356
|move|p1a: The Greek|Sucker Punch|p2b: Rat
|-damage|p2b: Rat|0 fnt
|faint|p2b: Rat
|move|p2a: Father Stud|Stone Edge|p1b: Martin
|-damage|p1b: Martin|0 fnt
|faint|p1b: Martin
|
|upkeep
|
|t:|1785109364
|switch|p2b: Fih|Basculegion, L50, M|100/100
|switch|p1b: Pinsler|Pinsir, L50, M|100/100
|-damage|p1b: Pinsler|75/100|[from] Stealth Rock
|turn|7
|
|t:|1785109395
|detailschange|p1b: Pinsler|Pinsir-Mega, L50, M
|-mega|p1b: Pinsler|Pinsir|Pinsirite
|move|p2b: Fih|Protect|p2b: Fih
|-singleturn|p2b: Fih|Protect
|move|p2a: Father Stud|Protect|p2a: Father Stud
|-singleturn|p2a: Father Stud|Protect
|move|p1a: The Greek|Sucker Punch||[still]
|-fail|p1a: The Greek
|move|p1b: Pinsler|Body Slam|p2a: Father Stud
|-activate|p2a: Father Stud|move: Protect
|
|upkeep
|turn|8
|
|t:|1785109440
|move|p1a: The Greek|Sucker Punch|p2b: Fih
|-supereffective|p2b: Fih|1
|-damage|p2b: Fih|7/100
|move|p1b: Pinsler|Body Slam|p2a: Father Stud
|-damage|p2a: Father Stud|0 fnt
|faint|p2a: Father Stud
|move|p2b: Fih|Wave Crash|p1a: The Greek
|-crit|p1a: The Greek
|-damage|p1a: The Greek|0 fnt
|faint|p1a: The Greek
|-damage|p2b: Fih|6/100|[from] Recoil
|
|upkeep
|turn|9
|
|t:|1785109463
|move|p1b: Pinsler|Feint|p2b: Fih
|-damage|p2b: Fih|0 fnt
|faint|p2b: Fih
|
|win|PsychedelicDawgII
