|j|☆ALoafOfGarlicBread
|j|☆Moollyoolly
|html|ALoafOfGarlicBreadMoollyoolly    
|uhtml|bestof|Game 1 of a best-of-3
|t:|1757034155
|gametype|doubles
|player|p1|ALoafOfGarlicBread|pokemaniac|
|player|p2|Moollyoolly|acetrainerf-gen4dp|
|gen|9
|tier|[Gen 9] VGC 2025 Reg H (Bo3)
|rule|Species Clause: Limit one of each Pokémon
|rule|Item Clause: Limit 1 of each item
|clearpoke
|poke|p1|Tyranitar, L50, F|
|poke|p1|Houndstone, L50, M|
|poke|p1|Dondozo, L50, F|
|poke|p1|Tatsugiri, L50, M|
|poke|p1|Sinistcha-Masterpiece, L50|
|poke|p1|Gothitelle, L50, F|
|poke|p2|Florges, L50, F|
|poke|p2|Annihilape, L50, M|
|poke|p2|Blastoise, L50, M|
|poke|p2|Porygon2, L50|
|poke|p2|Ursaring, L50, F|
|poke|p2|Bronzong, L50|
|teampreview|4
|showteam|p1|Tyranitar||AssaultVest|SandStream|KnockOff,RockSlide,TeraBlast,LowKick|||F|||50|,,,,,Flying]Houndstone||FocusSash|SandRush|WillOWisp,Howl,Protect,LastRespects|||M|||50|,,,,,Ghost]Dondozo||Leftovers|Unaware|OrderUp,BodySlam,Earthquake,Protect|||F|||50|,,,,,Steel]Tatsugiri||ChoiceScarf|Commander|DracoMeteor,MuddyWater,IcyWind,Taunt|||M|||50|,,,,,Ghost]Sinistcha-Masterpiece||SitrusBerry|Hospitality|MatchaGotcha,RagePowder,ShadowBall,TrickRoom||||||50|,,,,,Water]Gothitelle||CovertCloak|ShadowTag|FakeOut,FoulPlay,Taunt,HelpingHand|||F|||50|,,,,,Dark
|showteam|p2|Florges||LifeOrb|FlowerVeil|Moonblast,PollenPuff,DrainingKiss,LightScreen|||F|||50|,,,,,Fairy]Annihilape||AssaultVest|Defiant|FinalGambit,DrainPunch,RageFist,IcePunch|||M|||50|,,,,,Fighting]Blastoise||RockyHelmet|RainDish|Haze,ChillingWater,FakeOut,Protect|||M|||50|,,,,,Water]Porygon2||Eviolite|Download|TrickRoom,Recover,IceBeam,Thunderbolt||||||50|,,,,,Ghost]Ursaring||FlameOrb|Guts|Facade,SwordsDance,Protect,IcePunch|||F|||50|,,,,,Normal]Bronzong||Leftovers|Levitate|IceSpinner,TrickRoom,Reflect,GyroBall||||||50|,,,,,Steel
|c|☆ALoafOfGarlicBread|wahaha
|
|t:|1757034233
|teamsize|p1|4
|teamsize|p2|4
|start
|switch|p1a: mr sandman|Tyranitar, L50, F|100/100
|switch|p1b: chihuahuahhaha|Houndstone, L50, M|100/100
|switch|p2a: Porygon2|Porygon2, L50|100/100
|switch|p2b: Florges|Florges, L50, F|100/100
|-weather|Sandstorm|[from] ability: Sand Stream|[of] p1a: mr sandman
|-ability|p2a: Porygon2|Download|boost
|-boost|p2a: Porygon2|spa|1
|turn|1
|
|t:|1757034284
|move|p1b: chihuahuahhaha|Howl|p1b: chihuahuahhaha|[spread] p1a,p1b
|-boost|p1a: mr sandman|atk|1
|-boost|p1b: chihuahuahhaha|atk|1
|move|p1a: mr sandman|Rock Slide|p2b: Florges|[spread] p2a,p2b
|-damage|p2a: Porygon2|69/100
|-damage|p2b: Florges|22/100
|move|p2b: Florges|Moonblast|p1b: chihuahuahhaha
|-damage|p1b: chihuahuahhaha|26/100
|-damage|p2b: Florges|12/100|[from] item: Life Orb
|cant|p2a: Porygon2|flinch
|
|-weather|Sandstorm|[upkeep]
|-damage|p2b: Florges|6/100|[from] Sandstorm
|-damage|p2a: Porygon2|62/100|[from] Sandstorm
|upkeep
|turn|2
|
|t:|1757034318
|switch|p2b: Blastoise|Blastoise, L50, M|100/100
|move|p1b: chihuahuahhaha|Last Respects|p2b: Blastoise
|-damage|p2b: Blastoise|71/100
|move|p1a: mr sandman|Knock Off|p2a: Porygon2
|-damage|p2a: Porygon2|11/100
|-enditem|p2a: Porygon2|Eviolite|[from] move: Knock Off|[of] p1a: mr sandman
|move|p2a: Porygon2|Trick Room|p2a: Porygon2
|-fieldstart|move: Trick Room|[of] p2a: Porygon2
|
|-weather|Sandstorm|[upkeep]
|-damage|p2a: Porygon2|5/100|[from] Sandstorm
|-damage|p2b: Blastoise|66/100|[from] Sandstorm
|upkeep
|turn|3
|
|t:|1757034366
|move|p1b: chihuahuahhaha|Protect|p1b: chihuahuahhaha
|-singleturn|p1b: chihuahuahhaha|Protect
|move|p2a: Porygon2|Ice Beam|p1b: chihuahuahhaha
|-activate|p1b: chihuahuahhaha|move: Protect
|move|p2b: Blastoise|Chilling Water|p1a: mr sandman
|-supereffective|p1a: mr sandman
|-crit|p1a: mr sandman
|-damage|p1a: mr sandman|78/100
|-unboost|p1a: mr sandman|atk|1
|move|p1a: mr sandman|Rock Slide|p2a: Porygon2|[spread] p2a,p2b
|-damage|p2a: Porygon2|0 fnt
|-damage|p2b: Blastoise|32/100
|faint|p2a: Porygon2
|
|-weather|Sandstorm|[upkeep]
|-damage|p2b: Blastoise|26/100|[from] Sandstorm
|upkeep
|
|t:|1757034392
|switch|p2a: Annihilape|Annihilape, L50, M|100/100
|turn|4
|
|t:|1757034423
|-terastallize|p1a: mr sandman|Flying
|move|p1b: chihuahuahhaha|Protect||[still]
|-fail|p1b: chihuahuahhaha
|move|p2b: Blastoise|Chilling Water|p1b: chihuahuahhaha
|-damage|p1b: chihuahuahhaha|5/100
|-unboost|p1b: chihuahuahhaha|atk|1
|move|p2a: Annihilape|Drain Punch|p1a: mr sandman
|-resisted|p1a: mr sandman
|-damage|p1a: mr sandman|62/100
|move|p1a: mr sandman|Tera Blast|p2a: Annihilape|[anim] Tera Blast Flying
|-supereffective|p2a: Annihilape
|-damage|p2a: Annihilape|4/100
|
|-weather|Sandstorm|[upkeep]
|-damage|p2b: Blastoise|20/100|[from] Sandstorm
|-damage|p2a: Annihilape|0 fnt|[from] Sandstorm
|-damage|p1a: mr sandman|55/100|[from] Sandstorm
|faint|p2a: Annihilape
|upkeep
|
|t:|1757034438
|switch|p2a: Florges|Florges, L50, F|6/100
|turn|5
|
|t:|1757034452
|-terastallize|p2a: Florges|Fairy
|move|p2a: Florges|Draining Kiss|p1a: mr sandman
|-damage|p1a: mr sandman|24/100
|-heal|p2a: Florges|36/100|[from] drain|[of] p1a: mr sandman
|-damage|p2a: Florges|26/100|[from] item: Life Orb
|move|p2b: Blastoise|Chilling Water|p1b: chihuahuahhaha
|-damage|p1b: chihuahuahhaha|0 fnt
|faint|p1b: chihuahuahhaha
|move|p1a: mr sandman|Rock Slide|p2a: Florges|[spread] p2a,p2b
|-damage|p2a: Florges|0 fnt
|-damage|p2b: Blastoise|0 fnt
|faint|p2a: Florges
|faint|p2b: Blastoise
|
|win|ALoafOfGarlicBread
|inactive|ALoafOfGarlicBread has 30 seconds to confirm battle start!
|inactive|Moollyoolly has 30 seconds to confirm battle start!
||ALoafOfGarlicBread is ready for game 2.
|c|☆ALoafOfGarlicBread|ggsa
|inactive|Moollyoolly has 20 seconds to confirm battle start!
|c|☆ALoafOfGarlicBread|i downloaded replay
|inactive|Moollyoolly has 10 seconds to confirm battle start!
