|j|☆beeetch
|j|☆The median voter
|html|beeetchThe median voter    
|uhtml|bestof|Game 2 of a best-of-3
|t:|1754655686
|gametype|doubles
|player|p1|beeetch|beauty-gen4dp|1242
|player|p2|The median voter|scientist-gen4dp|1314
|gen|9
|tier|[Gen 9] VGC 2025 Reg H (Bo3)
|rated|
|rule|Species Clause: Limit one of each Pokémon
|rule|Item Clause: Limit 1 of each item
|clearpoke
|poke|p1|Toedscruel, L50, F|
|poke|p1|Weezing-Galar, L50, F|
|poke|p1|Corviknight, L50, F|
|poke|p1|Pawmot, L50, M|
|poke|p1|Garchomp, L50, M|
|poke|p1|Typhlosion-Hisui, L50, M|
|poke|p2|Kommo-o, L50, M|
|poke|p2|Volcarona, L50, M|
|poke|p2|Rillaboom, L50, F|
|poke|p2|Kingambit, L50, M|
|poke|p2|Ninetales-Alola, L50, F|
|poke|p2|Arcanine-Hisui, L50, F|
|teampreview|4
|showteam|p1|Toedscruel||CovertCloak|MyceliumMight|Spore,EarthPower,AcidSpray,RagePowder|||F|||50|,,,,,Water]Weezing-Galar||ChoiceSpecs|NeutralizingGas|DazzlingGleam,SludgeBomb,StrangeSteam,Flamethrower|||F|||50|,,,,,Fire]Corviknight||SitrusBerry|MirrorArmor|Protect,Tailwind,Roost,BraveBird|||F|||50|,,,,,Dragon]Pawmot||FocusSash|NaturalCure|Protect,CloseCombat,DoubleShock,FakeOut|||M|||50|,,,,,Electric]Garchomp||LifeOrb|RoughSkin|Protect,Earthquake,DragonClaw,StompingTantrum|||M|||50|,,,,,Ground]Typhlosion-Hisui||ChoiceScarf|Blaze|Eruption,SleepTalk,HeatWave,ShadowBall|||M|||50|,,,,,Fire
|showteam|p2|Kommo-o||GrassySeed|Overcoat|BodyPress,IronDefense,Protect,Flamethrower|||M|||50|,,,,,Fire]Volcarona||SitrusBerry|FlameBody|HeatWave,GigaDrain,QuiverDance,Protect|||M|||50|,,,,,Grass]Rillaboom||AssaultVest|GrassySurge|FakeOut,GrassyGlide,WoodHammer,HighHorsepower|||F|||50|,,,,,Fire]Kingambit||BlackGlasses|Defiant|KowtowCleave,SuckerPunch,IronHead,Protect|||M|||50|,,,,,Dark]Ninetales-Alola||LifeOrb|SnowWarning|Blizzard,Protect,Encore,FreezeDry|||F|||50|,,,,,Ghost]Arcanine-Hisui||FocusSash|Intimidate|RockSlide,FlareBlitz,ExtremeSpeed,Protect|||F|||50|,,,,,Ghost
|
|t:|1754655723
|teamsize|p1|4
|teamsize|p2|4
|start
|switch|p1a: Weezing|Weezing-Galar, L50, F|100/100
|switch|p1b: Toedscruel|Toedscruel, L50, F|100/100
|switch|p2a: Ninetales|Ninetales-Alola, L50, F|100/100
|switch|p2b: Arcanine|Arcanine-Hisui, L50, F|100/100
|-ability|p1a: Weezing|Neutralizing Gas
|turn|1
|
|t:|1754655740
|-terastallize|p2a: Ninetales|Ghost
|-terastallize|p1b: Toedscruel|Water
|move|p2b: Arcanine|Extreme Speed|p1b: Toedscruel
|-damage|p1b: Toedscruel|70/100
|move|p2a: Ninetales|Freeze-Dry|p1b: Toedscruel
|-supereffective|p1b: Toedscruel
|-damage|p1b: Toedscruel|9/100
|-damage|p2a: Ninetales|91/100|[from] item: Life Orb
|move|p1b: Toedscruel|Spore|p2b: Arcanine
|-status|p2b: Arcanine|slp|[from] move: Spore
|move|p1a: Weezing|Sludge Bomb|p2a: Ninetales
|-resisted|p2a: Ninetales
|-damage|p2a: Ninetales|57/100
|-status|p2a: Ninetales|psn
|
|-damage|p2a: Ninetales|45/100 psn|[from] psn
|upkeep
|turn|2
|
|t:|1754655768
|switch|p1b: Corviknight|Corviknight, L50, F|100/100
|move|p2a: Ninetales|Blizzard|p1b: Corviknight|[spread] p1a,p1b
|-damage|p1a: Weezing|42/100
|-damage|p1b: Corviknight|64/100
|-damage|p2a: Ninetales|35/100 psn|[from] item: Life Orb
|cant|p2b: Arcanine|slp
|move|p1a: Weezing|Sludge Bomb|p2a: Ninetales
|-resisted|p2a: Ninetales
|-damage|p2a: Ninetales|3/100 psn
|
|-damage|p2a: Ninetales|0 fnt|[from] psn
|faint|p2a: Ninetales
|upkeep
|
|t:|1754655778
|switch|p2a: Kingambit|Kingambit, L50, M|100/100
|turn|3
|
|t:|1754655789
|-end|p1a: Weezing|ability: Neutralizing Gas
|-ability|p2b: Arcanine|Intimidate|boost
|-unboost|p1a: Weezing|atk|1
|-ability|p1b: Corviknight|Mirror Armor
|-unboost|p2b: Arcanine|atk|1
|switch|p1a: Toedscruel|Toedscruel, L50, F, tera:Water|9/100
|cant|p2b: Arcanine|slp
|move|p1b: Corviknight|Tailwind|p1b: Corviknight
|-sidestart|p1: beeetch|move: Tailwind
|move|p2a: Kingambit|Iron Head|p1a: Toedscruel
|-resisted|p1a: Toedscruel
|-damage|p1a: Toedscruel|0 fnt
|faint|p1a: Toedscruel
|
|upkeep
|
|t:|1754655801
|switch|p1a: Weezing|Weezing-Galar, L50, F|42/100
|-ability|p1a: Weezing|Neutralizing Gas
|turn|4
|
|t:|1754655819
|move|p2a: Kingambit|Protect|p2a: Kingambit
|-singleturn|p2a: Kingambit|Protect
|move|p1b: Corviknight|Brave Bird|p2b: Arcanine
|-resisted|p2b: Arcanine
|-damage|p2b: Arcanine|72/100 slp
|-damage|p1b: Corviknight|57/100|[from] Recoil
|move|p1a: Weezing|Flamethrower|p2a: Kingambit
|-activate|p2a: Kingambit|move: Protect
|-curestatus|p2b: Arcanine|slp|[msg]
|move|p2b: Arcanine|Flare Blitz|p1a: Weezing
|-crit|p1a: Weezing
|-damage|p1a: Weezing|0 fnt
|faint|p1a: Weezing
|-end|p1a: Weezing|ability: Neutralizing Gas
|-ability|p2b: Arcanine|Intimidate|boost
|-ability|p1b: Corviknight|Mirror Armor
|-unboost|p2b: Arcanine|atk|1
|-damage|p2b: Arcanine|60/100|[from] Recoil
|
|upkeep
|
|t:|1754655822
|switch|p1a: Pawmot|Pawmot, L50, M|100/100
|turn|5
|
|t:|1754655844
|switch|p2b: Rillaboom|Rillaboom, L50, F|100/100
|-fieldstart|move: Grassy Terrain|[from] ability: Grassy Surge|[of] p2b: Rillaboom
|move|p2a: Kingambit|Sucker Punch||[still]
|-fail|p2a: Kingambit
|move|p1a: Pawmot|Close Combat|p2a: Kingambit
|-supereffective|p2a: Kingambit
|-damage|p2a: Kingambit|0 fnt
|-unboost|p1a: Pawmot|def|1
|-unboost|p1a: Pawmot|spd|1
|faint|p2a: Kingambit
|move|p1b: Corviknight|Roost|p1b: Corviknight
|-heal|p1b: Corviknight|100/100
|-singleturn|p1b: Corviknight|move: Roost
|
|upkeep
|
|t:|1754655853
|switch|p2a: Arcanine|Arcanine-Hisui, L50, F|60/100
|-ability|p2a: Arcanine|Intimidate|boost
|-unboost|p1a: Pawmot|atk|1
|-ability|p1b: Corviknight|Mirror Armor
|-unboost|p2a: Arcanine|atk|1
|turn|6
|
|t:|1754655865
|move|p1a: Pawmot|Protect|p1a: Pawmot
|-singleturn|p1a: Pawmot|Protect
|move|p1b: Corviknight|Protect|p1b: Corviknight
|-singleturn|p1b: Corviknight|Protect
|move|p2b: Rillaboom|Fake Out|p1a: Pawmot
|-activate|p1a: Pawmot|move: Protect
|move|p2a: Arcanine|Flare Blitz|p1a: Pawmot
|-activate|p1a: Pawmot|move: Protect
|
|-heal|p2a: Arcanine|66/100|[from] Grassy Terrain
|-sideend|p1: beeetch|move: Tailwind
|upkeep
|turn|7
|
|t:|1754655882
|move|p2a: Arcanine|Protect|p2a: Arcanine
|-singleturn|p2a: Arcanine|Protect
|move|p1a: Pawmot|Close Combat|p2a: Arcanine
|-activate|p2a: Arcanine|move: Protect
|move|p2b: Rillaboom|Wood Hammer|p1a: Pawmot
|-enditem|p1a: Pawmot|Focus Sash
|-damage|p1a: Pawmot|1/100
|-damage|p2b: Rillaboom|77/100|[from] Recoil
|move|p1b: Corviknight|Brave Bird|p2b: Rillaboom
|-supereffective|p2b: Rillaboom
|-damage|p2b: Rillaboom|0 fnt
|faint|p2b: Rillaboom
|-damage|p1b: Corviknight|75/100|[from] Recoil
|
|-heal|p1a: Pawmot|7/100|[from] Grassy Terrain
|-heal|p2a: Arcanine|72/100|[from] Grassy Terrain
|upkeep
|turn|8
|-message|The median voter forfeited.
|
|win|beeetch
|raw|beeetch's rating: 1242 → 1272(+30 for winning)
|raw|The median voter's rating: 1314 → 1290(-24 for losing)
|l|☆The median voter
|player|p2|
