|j|â˜†Quackennn
|j|â˜†SirFishWasTaken
|html|QuackennnSirFishWasTaken    
|uhtml|bestof|Game 2 of a best-of-3
|t:|1784402882
|gametype|doubles
|player|p1|Quackennn|pilot|
|player|p2|SirFishWasTaken|psychic|
|gen|9
|tier|[Gen 9 Champions] VGC 2026 Reg M-B (Bo3)
|rule|Species Clause: Limit one of each PokÃ©mon
|rule|Item Clause: Limit 1 of each item
|clearpoke
|poke|p1|Araquanid, L50, M|
|poke|p1|Farigiraf, L50, F|
|poke|p1|Primarina, L50, F|
|poke|p1|Ninetales-Alola, L50, F|
|poke|p1|Crabominable, L50, M|
|poke|p1|Golurk, L50|
|poke|p2|Houndstone, L50, M|
|poke|p2|Corviknight, L50, F|
|poke|p2|Dragonite, L50, F|
|poke|p2|Tyranitar, L50, M|
|poke|p2|Excadrill, L50, M|
|poke|p2|Meowstic, L50, M|
|teampreview|4
|showteam|p1|Araquanid||LifeOrb|WaterBubble|LeechLife,Liquidation,Protect,PoisonJab|Adamant||M|||50|]Farigiraf||Leftovers|ArmorTail|Imprison,Protect,TrickRoom,HyperVoice|Sassy||F|||50|]Primarina||WacanBerry|LiquidVoice|HyperVoice,DazzlingGleam,WeatherBall,Protect|Modest||F|||50|]Ninetales-Alola||LightClay|SnowWarning|AuroraVeil,Protect,Blizzard,IcyWind|Timid||F|||50|]Crabominable||Crabominite|HyperCutter|IceHammer,CloseCombat,MachPunch,ThunderPunch|Adamant||M|||50|]Golurk||Golurkite|NoGuard|BrickBreak,Protect,Poltergeist,HeadlongRush|Adamant|||||50|
|showteam|p2|Houndstone||SitrusBerry|SandRush|LastRespects,BodyPress,Protect,PsychicFangs|Adamant||M|||50|]Corviknight||Leftovers|MirrorArmor|BraveBird,Roost,Tailwind,BulkUp|Impish||F|||50|]Dragonite||Dragoninite|Multiscale|DragonPulse,Flamethrower,Protect,Thunderbolt|Modest||F|||50|]Tyranitar||Tyranitarite|SandStream|KnockOff,Protect,RockSlide,DragonDance|Adamant||M|||50|]Excadrill||FocusSash|SandRush|IronHead,Protect,XScissor,HighHorsepower|Adamant||M|||50|]Meowstic||LightClay|Prankster|LightScreen,Protect,Imprison,Reflect|Calm||M|||50|
|
|t:|1784402925
|teamsize|p1|4
|teamsize|p2|4
|start
|switch|p1a: The Creature|Farigiraf, L50, F|100/100
|switch|p1b: The Caller|Primarina, L50, F|100/100
|switch|p2a: The Jester|Meowstic, L50, M|100/100
|switch|p2b: The Knight|Corviknight, L50, F|100/100
|turn|1
|
|t:|1784402955
|move|p2a: The Jester|Imprison|p2a: The Jester
|-start|p2a: The Jester|move: Imprison
|move|p2b: The Knight|Bulk Up|p2b: The Knight
|-boost|p2b: The Knight|atk|1
|-boost|p2b: The Knight|def|1
|move|p1b: The Caller|Hyper Voice|p2b: The Knight|[spread] p2a,p2b
|-damage|p2a: The Jester|66/100
|-damage|p2b: The Knight|60/100
|move|p1a: The Creature|Trick Room|p1a: The Creature
|-fieldstart|move: Trick Room|[of] p1a: The Creature
|
|-heal|p2b: The Knight|65/100|[from] item: Leftovers
|upkeep
|turn|2
|
|t:|1784402978
|move|p2a: The Jester|Light Screen|p2a: The Jester
|-sidestart|p2: SirFishWasTaken|move: Light Screen
|move|p1a: The Creature|Hyper Voice|p2a: The Jester|[spread] p2a,p2b
|-resisted|p2b: The Knight|1
|-damage|p2a: The Jester|48/100
|-damage|p2b: The Knight|57/100
|move|p1b: The Caller|Hyper Voice|p2b: The Knight|[spread] p2a,p2b
|-damage|p2a: The Jester|24/100
|-damage|p2b: The Knight|32/100
|move|p2b: The Knight|Roost|p2b: The Knight
|-heal|p2b: The Knight|82/100
|-singleturn|p2b: The Knight|move: Roost
|
|-heal|p2b: The Knight|88/100|[from] item: Leftovers
|upkeep
|turn|3
|
|t:|1784403018
|switch|p1a: The Clayture|Golurk, L50|100/100
|move|p2a: The Jester|Protect|p2a: The Jester
|-singleturn|p2a: The Jester|Protect
|move|p1b: The Caller|Hyper Voice|p2b: The Knight|[spread] p2b
|-activate|p2a: The Jester|move: Protect
|-damage|p2b: The Knight|65/100
|move|p2b: The Knight|Bulk Up|p2b: The Knight
|-boost|p2b: The Knight|atk|1
|-boost|p2b: The Knight|def|1
|
|-heal|p2b: The Knight|71/100|[from] item: Leftovers
|upkeep
|turn|4
|
|t:|1784403055
|detailschange|p1a: The Clayture|Golurk-Mega, L50
|-mega|p1a: The Clayture|Golurk|Golurkite
|move|p2a: The Jester|Reflect|p2a: The Jester
|-sidestart|p2: SirFishWasTaken|Reflect
|move|p1a: The Clayture|Brick Break|p2b: The Knight
|-sideend|p2: SirFishWasTaken|Reflect
|-sideend|p2: SirFishWasTaken|move: Light Screen
|-damage|p2b: The Knight|61/100
|move|p1b: The Caller|Hyper Voice|p2b: The Knight|[spread] p2a,p2b
|-crit|p2a: The Jester
|-damage|p2a: The Jester|0 fnt
|-damage|p2b: The Knight|27/100
|faint|p2a: The Jester
|move|p2b: The Knight|Brave Bird|p1b: The Caller
|-damage|p1b: The Caller|8/100
|-damage|p2b: The Knight|0 fnt|[from] Recoil
|faint|p2b: The Knight
|
|upkeep
|
|t:|1784403074
|switch|p2b: YouKilledMyFriends|Houndstone, L50, M|100/100
|switch|p2a: The King|Tyranitar, L50, M|100/100
|-weather|Sandstorm|[from] ability: Sand Stream|[of] p2a: The King
|turn|5
|
|t:|1784403134
|move|p2a: The King|Protect|p2a: The King
|-singleturn|p2a: The King|Protect
|move|p2b: YouKilledMyFriends|Protect|p2b: YouKilledMyFriends
|-singleturn|p2b: YouKilledMyFriends|Protect
|move|p1a: The Clayture|Poltergeist|p2b: YouKilledMyFriends
|-activate|p2b: YouKilledMyFriends|move: Protect
|move|p1b: The Caller|Hyper Voice|p2b: YouKilledMyFriends|[spread] 
|-activate|p2a: The King|move: Protect
|-activate|p2b: YouKilledMyFriends|move: Protect
|
|-weather|Sandstorm|[upkeep]
|-damage|p1b: The Caller|2/100|[from] Sandstorm
|-fieldend|move: Trick Room
|upkeep
|turn|6
|
|t:|1784403166
|move|p1a: The Clayture|Protect|p1a: The Clayture
|-singleturn|p1a: The Clayture|Protect
|move|p2b: YouKilledMyFriends|Last Respects|p1a: The Clayture
|-activate|p1a: The Clayture|move: Protect
|move|p2a: The King|Knock Off|p1b: The Caller
|-resisted|p1b: The Caller|1
|-damage|p1b: The Caller|0 fnt
|-enditem|p1b: The Caller|Wacan Berry|[from] move: Knock Off|[of] p2a: The King
|faint|p1b: The Caller
|
|-weather|Sandstorm|[upkeep]
|upkeep
|
|t:|1784403175
|switch|p1b: The Creature|Farigiraf, L50, F|100/100
|turn|7
|
|t:|1784403240
|switch|p1a: The Crabber|Crabominable, L50, M|100/100
|detailschange|p2a: The King|Tyranitar-Mega, L50, M
|-mega|p2a: The King|Tyranitar|Tyranitarite
|move|p2b: YouKilledMyFriends|Last Respects|p1a: The Crabber
|-damage|p1a: The Crabber|27/100
|move|p2a: The King|Knock Off|p1b: The Creature
|-supereffective|p1b: The Creature|1
|-damage|p1b: The Creature|0 fnt
|-enditem|p1b: The Creature|Leftovers|[from] move: Knock Off|[of] p2a: The King
|faint|p1b: The Creature
|
|-weather|Sandstorm|[upkeep]
|-damage|p1a: The Crabber|22/100|[from] Sandstorm
|upkeep
|
|t:|1784403246
|switch|p1b: The Clayture|Golurk-Mega, L50|100/100
|turn|8
|
|t:|1784403288
|move|p2a: The King|Protect|p2a: The King
|-singleturn|p2a: The King|Protect
|move|p1a: The Crabber|Mach Punch|p2a: The King
|-activate|p2a: The King|move: Protect
|move|p2b: YouKilledMyFriends|Last Respects|p1a: The Crabber
|-damage|p1a: The Crabber|0 fnt
|faint|p1a: The Crabber
|move|p1b: The Clayture|Brick Break|p2a: The King
|-supereffective|p2a: The King|2
|-ability|p1b: The Clayture|Unseen Fist
|-zbroken|p2a: The King
|-damage|p2a: The King|74/100
|
|-weather|Sandstorm|[upkeep]
|upkeep
|turn|9
|
|t:|1784403308
|move|p2b: YouKilledMyFriends|Last Respects|p1b: The Clayture
|-supereffective|p1b: The Clayture|1
|-damage|p1b: The Clayture|0 fnt
|faint|p1b: The Clayture
|
|win|SirFishWasTaken
|l|â˜†Quackennn
|player|p1|
