|j|☆okkoso
|j|☆muncherscruncher
|html|okkosomuncherscruncher    
|uhtml|bestof|Game 1 of a best-of-3
|t:|1757255797
|gametype|doubles
|player|p1|okkoso|waiter-gen4dp|1020
|player|p2|muncherscruncher|1|1000
|gen|9
|tier|[Gen 9] VGC 2025 Reg H (Bo3)
|rated|
|rule|Species Clause: Limit one of each Pokémon
|rule|Item Clause: Limit 1 of each item
|clearpoke
|poke|p1|Gholdengo, L50|
|poke|p1|Incineroar, L50, M|
|poke|p1|Amoonguss, L50, F|
|poke|p1|Archaludon, L50, F|
|poke|p1|Pelipper, L50, M|
|poke|p1|Basculegion, L50, M|
|poke|p2|Whimsicott, L50, M|
|poke|p2|Incineroar, L50, M|
|poke|p2|Gothitelle, L50, M|
|poke|p2|Lapras, L50, F|
|poke|p2|Barraskewda, L50, F|
|poke|p2|Ursaluna, L50, M|
|teampreview|4
|showteam|p1|Gholdengo||LifeOrb|GoodasGold|MakeItRain,ShadowBall,NastyPlot,Protect||||||50|,,,,,Water]Incineroar||RockyHelmet|Intimidate|Taunt,KnockOff,PartingShot,FakeOut|||M|||50|,,,,,Ghost]Amoonguss||SitrusBerry|Regenerator|PollenPuff,Spore,RagePowder,Protect|||F|||50|,,,,,Water]Archaludon||AssaultVest|Stamina|DragonPulse,FlashCannon,ElectroShot,BodyPress|||F|||50|,,,,,Bug]Pelipper||FocusSash|Drizzle|WeatherBall,Hurricane,Tailwind,Protect|||M|||50|,,,,,Ground]Basculegion||ChoiceBand|SwiftSwim|WaveCrash,LastRespects,FlipTurn,AquaJet|||M|||50|,,,,,Water
|showteam|p2|Whimsicott||FocusSash|Prankster|Encore,Tailwind,LightScreen,Moonblast|||M|||50|,,,,,Dark]Incineroar||SafetyGoggles|Intimidate|FakeOut,PartingShot,WillOWisp,Protect|||M|||50|,,,,,Fire]Gothitelle||Leftovers|ShadowTag|Protect,FakeOut,Taunt,ExpandingForce|||M|||50|,,,,,Steel]Lapras||BlunderPolicy|WaterAbsorb|PerishSong,Protect,FreezeDry,Blizzard|||F|||50|,,,,,Steel]Barraskewda||LifeOrb|PropellerTail|AquaJet,CloseCombat,Liquidation,Facade|||F|||50|,,,,,Water]Ursaluna||FlameOrb|Guts|Facade,CloseCombat,Earthquake,Protect|||M|||50|,,,,,Normal
|inactive|Battle timer is ON: inactive players will automatically lose when time's up. (requested by muncherscruncher)
|inactive|okkoso has 60 seconds left.
|
|t:|1757255843
|teamsize|p1|4
|teamsize|p2|4
|start
|switch|p1a: Pelipper|Pelipper, L50, M|100/100
|switch|p1b: Amoonguss|Amoonguss, L50, F|100/100
|switch|p2a: Lapras|Lapras, L50, F|100/100
|switch|p2b: Incineroar|Incineroar, L50, M|100/100
|-weather|RainDance|[from] ability: Drizzle|[of] p1a: Pelipper
|-ability|p2b: Incineroar|Intimidate|boost
|-unboost|p1a: Pelipper|atk|1
|-unboost|p1b: Amoonguss|atk|1
|turn|1
|
|t:|1757255867
|move|p1a: Pelipper|Tailwind|p1a: Pelipper
|-sidestart|p1: okkoso|move: Tailwind
|move|p1b: Amoonguss|Spore|p2a: Lapras
|-status|p2a: Lapras|slp|[from] move: Spore
|cant|p2a: Lapras|slp
|move|p2b: Incineroar|Parting Shot|p1a: Pelipper
|-unboost|p1a: Pelipper|atk|1
|-unboost|p1a: Pelipper|spa|1
|
|t:|1757255878
|switch|p2b: Whimsicott|Whimsicott, L50, M|100/100|[from] Parting Shot
|
|-weather|RainDance|[upkeep]
|upkeep
|turn|2
|
|t:|1757255890
|move|p2b: Whimsicott|Encore|p1a: Pelipper
|-start|p1a: Pelipper|Encore
|move|p1a: Pelipper|Tailwind||[still]
|-fail|p1a: Pelipper
|move|p1b: Amoonguss|Pollen Puff|p2b: Whimsicott
|-damage|p2b: Whimsicott|74/100
|-curestatus|p2a: Lapras|slp|[msg]
|move|p2a: Lapras|Perish Song|p2a: Lapras
|-start|p1a: Pelipper|perish3|[silent]
|-start|p1b: Amoonguss|perish3|[silent]
|-start|p2a: Lapras|perish3|[silent]
|-start|p2b: Whimsicott|perish3|[silent]
|-fieldactivate|move: Perish Song
|
|-weather|RainDance|[upkeep]
|-start|p1a: Pelipper|perish3
|-start|p2b: Whimsicott|perish3
|-start|p1b: Amoonguss|perish3
|-start|p2a: Lapras|perish3
|upkeep
|turn|3
|inactive|okkoso has 30 seconds left.
|inactive|muncherscruncher has 30 seconds left.
|inactive|muncherscruncher has 20 seconds left.
|inactive|muncherscruncher has 15 seconds left.
|inactive|muncherscruncher has 10 seconds left.
|inactive|muncherscruncher has 5 seconds left.
|
|t:|1757255941
|switch|p1a: Archaludon|Archaludon, L50, F|100/100
|move|p2b: Whimsicott|Moonblast|p1a: Archaludon
|-damage|p1a: Archaludon|82/100
|-ability|p1a: Archaludon|Stamina|boost
|-boost|p1a: Archaludon|def|1
|move|p1b: Amoonguss|Spore|p2a: Lapras
|-status|p2a: Lapras|slp|[from] move: Spore
|cant|p2a: Lapras|slp
|
|-weather|RainDance|[upkeep]
|-start|p2b: Whimsicott|perish2
|-start|p1b: Amoonguss|perish2
|-start|p2a: Lapras|perish2
|upkeep
|turn|4
|
|t:|1757255961
|switch|p2a: Gothitelle|Gothitelle, L50, M|100/100
|-terastallize|p1a: Archaludon|Bug
|move|p2b: Whimsicott|Light Screen|p2b: Whimsicott
|-sidestart|p2: muncherscruncher|move: Light Screen
|move|p1a: Archaludon|Electro Shot||[still]
|-prepare|p1a: Archaludon|Electro Shot
|-boost|p1a: Archaludon|spa|1
|-anim|p1a: Archaludon|Electro Shot|p2a: Gothitelle
|-crit|p2a: Gothitelle
|-damage|p2a: Gothitelle|14/100
|move|p1b: Amoonguss|Pollen Puff|p2b: Whimsicott
|-damage|p2b: Whimsicott|59/100
|
|-weather|RainDance|[upkeep]
|-heal|p2a: Gothitelle|20/100|[from] item: Leftovers
|-start|p2b: Whimsicott|perish1
|-start|p1b: Amoonguss|perish1
|-sideend|p1: okkoso|move: Tailwind
|upkeep
|turn|5
|inactive|okkoso has 30 seconds left.
|inactive|okkoso has 20 seconds left.
|
|t:|1757255999
|switch|p2b: Lapras|Lapras, L50, F|100/100 slp
|move|p2a: Gothitelle|Protect|p2a: Gothitelle
|-singleturn|p2a: Gothitelle|Protect
|move|p1a: Archaludon|Electro Shot||[still]
|-prepare|p1a: Archaludon|Electro Shot
|-boost|p1a: Archaludon|spa|1
|-anim|p1a: Archaludon|Electro Shot|p2a: Gothitelle
|-activate|p2a: Gothitelle|move: Protect
|move|p1b: Amoonguss|Spore|p2b: Lapras
|-fail|p2b: Lapras|slp
|
|-weather|none
|-heal|p2a: Gothitelle|26/100|[from] item: Leftovers
|-start|p1b: Amoonguss|perish0
|faint|p1b: Amoonguss
|upkeep
|
|t:|1757256006
|switch|p1b: Pelipper|Pelipper, L50, M|100/100
|-weather|RainDance|[from] ability: Drizzle|[of] p1b: Pelipper
|turn|6
|
|t:|1757256022
|switch|p2a: Incineroar|Incineroar, L50, M|100/100
|-ability|p2a: Incineroar|Intimidate|boost
|-unboost|p1a: Archaludon|atk|1
|-unboost|p1b: Pelipper|atk|1
|move|p1a: Archaludon|Electro Shot||[still]
|-prepare|p1a: Archaludon|Electro Shot
|-boost|p1a: Archaludon|spa|1
|-anim|p1a: Archaludon|Electro Shot|p2b: Lapras
|-supereffective|p2b: Lapras
|-damage|p2b: Lapras|14/100 slp
|move|p1b: Pelipper|Hurricane|p2a: Incineroar
|-damage|p2a: Incineroar|73/100
|cant|p2b: Lapras|slp
|
|-weather|RainDance|[upkeep]
|upkeep
|turn|7
|
|t:|1757256040
|move|p2a: Incineroar|Fake Out|p1a: Archaludon
|-crit|p1a: Archaludon
|-damage|p1a: Archaludon|71/100
|-ability|p1a: Archaludon|Stamina|boost
|-boost|p1a: Archaludon|def|1
|cant|p1a: Archaludon|flinch
|move|p1b: Pelipper|Weather Ball|p2a: Incineroar
|-supereffective|p2a: Incineroar
|-damage|p2a: Incineroar|0 fnt
|faint|p2a: Incineroar
|cant|p2b: Lapras|slp
|
|-weather|RainDance|[upkeep]
|upkeep
|
|t:|1757256053
|switch|p2a: Gothitelle|Gothitelle, L50, M|26/100
|turn|8
|
|t:|1757256075
|move|p2a: Gothitelle|Fake Out|p1a: Archaludon
|-damage|p1a: Archaludon|69/100
|-ability|p1a: Archaludon|Stamina|boost
|-boost|p1a: Archaludon|def|1
|cant|p1a: Archaludon|flinch
|move|p1b: Pelipper|Hurricane|p2a: Gothitelle
|-damage|p2a: Gothitelle|0 fnt
|faint|p2a: Gothitelle
|-curestatus|p2b: Lapras|slp|[msg]
|move|p2b: Lapras|Freeze-Dry|p1b: Pelipper
|-supereffective|p1b: Pelipper
|-enditem|p1b: Pelipper|Focus Sash
|-damage|p1b: Pelipper|1/100
|
|-weather|RainDance|[upkeep]
|-sideend|p2: muncherscruncher|move: Light Screen
|upkeep
|
|t:|1757256091
|switch|p2a: Whimsicott|Whimsicott, L50, M|59/100
|turn|9
|
|t:|1757256100
|move|p2a: Whimsicott|Tailwind|p2a: Whimsicott
|-sidestart|p2: muncherscruncher|move: Tailwind
|move|p2b: Lapras|Blizzard|p1a: Archaludon|[spread] p1a,p1b
|-damage|p1a: Archaludon|49/100
|-damage|p1b: Pelipper|0 fnt
|-ability|p1a: Archaludon|Stamina|boost
|-boost|p1a: Archaludon|def|1
|faint|p1b: Pelipper
|move|p1a: Archaludon|Electro Shot||[still]
|-prepare|p1a: Archaludon|Electro Shot
|-boost|p1a: Archaludon|spa|1
|-anim|p1a: Archaludon|Electro Shot|p2b: Lapras
|-supereffective|p2b: Lapras
|-damage|p2b: Lapras|0 fnt
|faint|p2b: Lapras
|
|-weather|RainDance|[upkeep]
|upkeep
|
|t:|1757256106
|switch|p1b: Gholdengo|Gholdengo, L50|100/100
|turn|10
|
|t:|1757256119
|-terastallize|p2a: Whimsicott|Dark
|move|p2a: Whimsicott|Moonblast|p1a: Archaludon
|-damage|p1a: Archaludon|29/100
|-ability|p1a: Archaludon|Stamina|boost
|-boost|p1a: Archaludon|def|1
|move|p1b: Gholdengo|Nasty Plot|p1b: Gholdengo
|-boost|p1b: Gholdengo|spa|2
|move|p1a: Archaludon|Flash Cannon|p2a: Whimsicott
|-damage|p2a: Whimsicott|0 fnt
|faint|p2a: Whimsicott
|
|win|okkoso
||muncherscruncher is ready for game 2.
|inactive|okkoso has 30 seconds to confirm battle start!
||okkoso is ready for game 2.
|uhtml|next|Next: Game 2 of 3
|l|☆muncherscruncher
|player|p2|
