|j|☆LPTesting1
|j|☆Fornem
|html|LPTesting1Fornem    
|uhtml|bestof|Game 2 of a best-of-3
|t:|1756706908
|gametype|doubles
|player|p1|LPTesting1|266|1198
|player|p2|Fornem|266|1087
|gen|9
|tier|[Gen 9] VGC 2025 Reg H (Bo3)
|rated|
|rule|Species Clause: Limit one of each Pokémon
|rule|Item Clause: Limit 1 of each item
|clearpoke
|poke|p1|Maushold, L50|
|poke|p1|Annihilape, L50, F|
|poke|p1|Sinistcha, L50|
|poke|p1|Pelipper, L50, M|
|poke|p1|Archaludon, L50, F|
|poke|p1|Incineroar, L50, M|
|poke|p2|Kingambit, L50, M|
|poke|p2|Gholdengo, L50|
|poke|p2|Sneasler, L50, M|
|poke|p2|Dragonite, L50, F|
|poke|p2|Pelipper, L50, M|
|poke|p2|Archaludon, L50, M|
|teampreview|4
|showteam|p1|Maushold||SafetyGoggles|FriendGuard|BeatUp,Taunt,FollowMe,Protect||||||50|,,,,,Ghost]Annihilape||Leftovers|Defiant|RageFist,DrainPunch,BulkUp,Protect|||F|||50|,,,,,Grass]Sinistcha||RockyHelmet|Hospitality|MatchaGotcha,LifeDew,TrickRoom,RagePowder||||||50|,,,,,Water]Pelipper||FocusSash|Drizzle|WeatherBall,Hurricane,Tailwind,WideGuard|||M|||50|,,,,,Ghost]Archaludon||AssaultVest|Stamina|ElectroShot,DragonPulse,FlashCannon,BodyPress|||F|||50|,,,,,Grass]Incineroar||SitrusBerry|Intimidate|FlareBlitz,KnockOff,PartingShot,FakeOut|||M|||50|,,,,,Grass
|showteam|p2|Kingambit||BlackGlasses|Defiant|SuckerPunch,KowtowCleave,Protect,SwordsDance|||M|||50|,,,,,Dark]Gholdengo||LifeOrb|GoodasGold|MakeItRain,ShadowBall,Protect,NastyPlot||||||50|,,,,,Steel]Sneasler||FocusSash|Unburden|DireClaw,CloseCombat,ThroatChop,Protect|||M|||50|,,,,,Stellar]Dragonite||LoadedDice|Multiscale|ScaleShot,Tailwind,Protect,Haze|||F|||50|,,,,,Fairy]Pelipper||CovertCloak|Drizzle|Hurricane,WeatherBall,Tailwind,Protect|||M|||50|,,,,,Grass]Archaludon||AssaultVest|Stamina|ElectroShot,BodyPress,FlashCannon,DracoMeteor|||M|||50|,,,,,Fairy
|l|☆LPTesting1
|player|p1|
|inactive|Battle timer is ON: inactive players will automatically lose when time's up. (requested by Fornem)
|inactive|LPTesting1 has 30 seconds to reconnect!
|inactive|LPTesting1 has 20 seconds to reconnect!
|j|☆LPTesting1
|inactive|LPTesting1 reconnected and has 50 seconds left.
|player|p1|LPTesting1|266|
|
|t:|1756707042
|teamsize|p1|4
|teamsize|p2|4
|start
|switch|p1a: Maushold|Maushold, L50|100/100
|switch|p1b: Annihilape|Annihilape, L50, F|100/100
|switch|p2a: Kingambit|Kingambit, L50, M|100/100
|switch|p2b: Sneasler|Sneasler, L50, M|100/100
|turn|1
|inactive|LPTesting1 has 30 seconds left.
|inactive|Fornem has 30 seconds left.
|
|t:|1756707073
|-terastallize|p1b: Annihilape|Grass
|-terastallize|p2a: Kingambit|Dark
|move|p1a: Maushold|Beat Up|p1b: Annihilape
|-damage|p1b: Annihilape|99/100
|-damage|p1b: Annihilape|97/100
|-damage|p1b: Annihilape|95/100
|-damage|p1b: Annihilape|93/100
|-hitcount|p1b: Annihilape|4
|move|p2b: Sneasler|Close Combat|p1a: Maushold
|-supereffective|p1a: Maushold
|-damage|p1a: Maushold|0 fnt
|-unboost|p2b: Sneasler|def|1
|-unboost|p2b: Sneasler|spd|1
|faint|p1a: Maushold
|move|p1b: Annihilape|Drain Punch|p2a: Kingambit
|-supereffective|p2a: Kingambit
|-damage|p2a: Kingambit|49/100
|-heal|p1b: Annihilape|100/100|[from] drain|[of] p2a: Kingambit
|move|p2a: Kingambit|Swords Dance|p2a: Kingambit
|-boost|p2a: Kingambit|atk|2
|
|upkeep
|inactive|LPTesting1 has 30 seconds left.
|
|t:|1756707101
|switch|p1a: Pelipper|Pelipper, L50, M|100/100
|-weather|RainDance|[from] ability: Drizzle|[of] p1a: Pelipper
|turn|2
|
|t:|1756707113
|move|p1b: Annihilape|Protect|p1b: Annihilape
|-singleturn|p1b: Annihilape|Protect
|move|p2a: Kingambit|Sucker Punch||[still]
|-fail|p2a: Kingambit
|move|p2b: Sneasler|Dire Claw|p1b: Annihilape
|-activate|p1b: Annihilape|move: Protect
|move|p1a: Pelipper|Tailwind|p1a: Pelipper
|-sidestart|p1: LPTesting1|move: Tailwind
|
|-weather|RainDance|[upkeep]
|upkeep
|turn|3
|inactive|LPTesting1 has 30 seconds left.
|
|t:|1756707139
|switch|p1a: Sinistcha|Sinistcha, L50|100/100
|move|p2a: Kingambit|Sucker Punch||[still]
|-fail|p2a: Kingambit
|move|p1b: Annihilape|Bulk Up|p1b: Annihilape
|-boost|p1b: Annihilape|atk|1
|-boost|p1b: Annihilape|def|1
|move|p2b: Sneasler|Dire Claw|p1b: Annihilape
|-supereffective|p1b: Annihilape
|-damage|p1b: Annihilape|40/100
|-status|p1b: Annihilape|par
|
|-weather|RainDance|[upkeep]
|-heal|p1b: Annihilape|46/100 par|[from] item: Leftovers
|upkeep
|turn|4
|
|t:|1756707159
|move|p1a: Sinistcha|Rage Powder|p1a: Sinistcha
|-singleturn|p1a: Sinistcha|move: Rage Powder
|move|p2b: Sneasler|Dire Claw|p1a: Sinistcha
|-damage|p1a: Sinistcha|65/100
|-damage|p2b: Sneasler|84/100|[from] item: Rocky Helmet|[of] p1a: Sinistcha
|move|p1b: Annihilape|Drain Punch|p2a: Kingambit
|-supereffective|p2a: Kingambit
|-damage|p2a: Kingambit|0 fnt
|-heal|p1b: Annihilape|69/100 par|[from] drain|[of] p2a: Kingambit
|faint|p2a: Kingambit
|
|-weather|RainDance|[upkeep]
|-heal|p1b: Annihilape|75/100 par|[from] item: Leftovers
|upkeep
|
|t:|1756707169
|switch|p2a: Archaludon|Archaludon, L50, M|100/100
|turn|5
|inactive|LPTesting1 has 30 seconds left.
|
|t:|1756707203
|move|p1a: Sinistcha|Rage Powder|p1a: Sinistcha
|-singleturn|p1a: Sinistcha|move: Rage Powder
|move|p2b: Sneasler|Throat Chop|p1a: Sinistcha
|-supereffective|p1a: Sinistcha
|-damage|p1a: Sinistcha|21/100
|-start|p1a: Sinistcha|Throat Chop|[silent]
|-damage|p2b: Sneasler|68/100|[from] item: Rocky Helmet|[of] p1a: Sinistcha
|move|p2a: Archaludon|Draco Meteor|p1a: Sinistcha|[miss]
|-miss|p2a: Archaludon|p1a: Sinistcha
|cant|p1b: Annihilape|par
|
|-weather|RainDance|[upkeep]
|-heal|p1b: Annihilape|81/100 par|[from] item: Leftovers
|-sideend|p1: LPTesting1|move: Tailwind
|upkeep
|turn|6
|inactive|LPTesting1 has 30 seconds left.
|
|t:|1756707231
|move|p1b: Annihilape|Protect|p1b: Annihilape
|-singleturn|p1b: Annihilape|Protect
|move|p2b: Sneasler|Throat Chop|p1a: Sinistcha
|-supereffective|p1a: Sinistcha
|-crit|p1a: Sinistcha
|-damage|p1a: Sinistcha|0 fnt
|-damage|p2b: Sneasler|52/100|[from] item: Rocky Helmet|[of] p1a: Sinistcha
|faint|p1a: Sinistcha
|move|p2a: Archaludon|Draco Meteor|p1b: Annihilape
|-activate|p1b: Annihilape|move: Protect
|
|-weather|none
|-heal|p1b: Annihilape|88/100 par|[from] item: Leftovers
|upkeep
|
|t:|1756707237
|switch|p1a: Pelipper|Pelipper, L50, M|100/100
|-weather|RainDance|[from] ability: Drizzle|[of] p1a: Pelipper
|turn|7
|
|t:|1756707258
|move|p2b: Sneasler|Dire Claw|p1b: Annihilape
|-supereffective|p1b: Annihilape
|-damage|p1b: Annihilape|21/100 par
|move|p2a: Archaludon|Electro Shot||[still]
|-prepare|p2a: Archaludon|Electro Shot
|-boost|p2a: Archaludon|spa|1
|-anim|p2a: Archaludon|Electro Shot|p1a: Pelipper
|-supereffective|p1a: Pelipper
|-enditem|p1a: Pelipper|Focus Sash
|-damage|p1a: Pelipper|1/100
|move|p1a: Pelipper|Hurricane|p2b: Sneasler
|-supereffective|p2b: Sneasler
|-damage|p2b: Sneasler|0 fnt
|faint|p2b: Sneasler
|move|p1b: Annihilape|Rage Fist|p2a: Archaludon
|-damage|p2a: Archaludon|0 fnt
|faint|p2a: Archaludon
|
|-weather|RainDance|[upkeep]
|-heal|p1b: Annihilape|27/100 par|[from] item: Leftovers
|upkeep
|
|t:|1756707269
|switch|p2b: Pelipper|Pelipper, L50, M|100/100
|turn|8
|inactive|LPTesting1 has 30 seconds left.
|
|t:|1756707301
|move|p1b: Annihilape|Protect|p1b: Annihilape
|-singleturn|p1b: Annihilape|Protect
|move|p1a: Pelipper|Hurricane|p2b: Pelipper
|-damage|p2b: Pelipper|10/100
|move|p2b: Pelipper|Hurricane|p1b: Annihilape
|-activate|p1b: Annihilape|move: Protect
|
|-weather|RainDance|[upkeep]
|-heal|p1b: Annihilape|34/100 par|[from] item: Leftovers
|upkeep
|turn|9
|
|t:|1756707311
|move|p1a: Pelipper|Hurricane|p2b: Pelipper
|-damage|p2b: Pelipper|0 fnt
|faint|p2b: Pelipper
|
|win|LPTesting1
|raw|LPTesting1's rating: 1198 → 1215(+17 for winning)
|raw|Fornem's rating: 1087 → 1071(-16 for losing)
|l|☆Fornem
|player|p2|
|c|☆LPTesting1|gg
