|j|☆Il Mule
|j|☆LynxVGC
|html|Il MuleLynxVGC    
|uhtml|bestof|Game 1 of a best-of-3
|t:|1784278439
|gametype|doubles
|player|p1|Il Mule|salvatore|1341
|player|p2|LynxVGC|larry|1293
|gen|9
|tier|[Gen 9 Champions] VGC 2026 Reg M-B (Bo3)
|rated|
|rule|Species Clause: Limit one of each Pokémon
|rule|Item Clause: Limit 1 of each item
|clearpoke
|poke|p1|Excadrill, L50, F|
|poke|p1|Tyranitar, L50, F|
|poke|p1|Sneasler, L50, F|
|poke|p1|Incineroar, L50, F|
|poke|p1|Froslass, L50, F|
|poke|p1|Sinistcha, L50|
|poke|p2|Basculegion, L50, M|
|poke|p2|Kingambit, L50, M|
|poke|p2|Maushold, L50|
|poke|p2|Gardevoir, L50, F|
|poke|p2|Talonflame, L50, F|
|poke|p2|Garchomp, L50, F|
|teampreview|4
|showteam|p1|Excadrill||FocusSash|SandRush|HighHorsepower,RockSlide,IronHead,Protect|Adamant||F|||50|]Tyranitar||Tyranitarite|SandStream|KnockOff,RockSlide,DragonDance,Protect|Adamant||F|||50|]Sneasler||WhiteHerb|Unburden|CloseCombat,DireClaw,Coaching,FakeOut|Jolly||F|||50|]Incineroar||SitrusBerry|Intimidate|FlareBlitz,HelpingHand,PartingShot,FakeOut|Impish||F|||50|]Froslass||Froslassite|CursedBody|Blizzard,ShadowBall,NastyPlot,Protect|Timid||F|||50|]Sinistcha||ColburBerry|Hospitality|ShadowBall,LeafStorm,RagePowder,Protect|Bold|||||50|
|showteam|p2|Basculegion||ChoiceScarf|Adaptability|FlipTurn,AquaJet,WaveCrash,LastRespects|Jolly||M|||50|]Kingambit||BlackGlasses|Defiant|KowtowCleave,Protect,SuckerPunch,IronHead|Adamant||M|||50|]Maushold||FocusSash|FriendGuard|SuperFang,FollowMe,Taunt,Protect|Timid|||||50|]Gardevoir||Gardevoirite|Telepathy|HyperVoice,Psyshock,CalmMind,Protect|Modest||F|||50|]Talonflame||SharpBeak|GaleWings|BraveBird,Tailwind,QuickGuard,FlareBlitz|Jolly||F|||50|]Garchomp||LifeOrb|RoughSkin|DragonClaw,Earthquake,RockTomb,Protect|Jolly||F|||50|
|
|t:|1784278486
|teamsize|p1|4
|teamsize|p2|4
|start
|switch|p1a: Gervasoni|Excadrill, L50, F|100/100
|switch|p1b: Quando provo|Tyranitar, L50, F|100/100
|switch|p2a: Gardevoir|Gardevoir, L50, F|100/100
|switch|p2b: Talonflame|Talonflame, L50, F|100/100
|-weather|Sandstorm|[from] ability: Sand Stream|[of] p1b: Quando provo
|turn|1
|
|t:|1784278512
|detailschange|p1b: Quando provo|Tyranitar-Mega, L50, F
|-mega|p1b: Quando provo|Tyranitar|Tyranitarite
|move|p2a: Gardevoir|Protect|p2a: Gardevoir
|-singleturn|p2a: Gardevoir|Protect
|move|p2b: Talonflame|Tailwind|p2b: Talonflame
|-sidestart|p2: LynxVGC|move: Tailwind
|move|p1a: Gervasoni|Iron Head|p2a: Gardevoir
|-activate|p2a: Gardevoir|move: Protect
|move|p1b: Quando provo|Rock Slide|p2b: Talonflame|[spread] p2b
|-activate|p2a: Gardevoir|move: Protect
|-supereffective|p2b: Talonflame|2
|-damage|p2b: Talonflame|0 fnt
|faint|p2b: Talonflame
|
|-weather|Sandstorm|[upkeep]
|-damage|p2a: Gardevoir|94/100|[from] Sandstorm
|upkeep
|
|t:|1784278526
|switch|p2b: Garchomp|Garchomp, L50, F|100/100
|turn|2
|
|t:|1784278538
|switch|p1b: Sidy|Incineroar, L50, F|100/100
|-ability|p1b: Sidy|Intimidate|boost
|-unboost|p2a: Gardevoir|atk|1
|-unboost|p2b: Garchomp|atk|1
|move|p2b: Garchomp|Earthquake|p1a: Gervasoni|[spread] p1a,p1b
|-activate|p2a: Gardevoir|ability: Telepathy
|-supereffective|p1a: Gervasoni|1
|-supereffective|p1b: Sidy|1
|-damage|p1a: Gervasoni|7/100
|-damage|p1b: Sidy|53/100
|-damage|p2b: Garchomp|90/100|[from] item: Life Orb
|move|p1a: Gervasoni|Iron Head|p2a: Gardevoir
|-supereffective|p2a: Gardevoir|1
|-damage|p2a: Gardevoir|0 fnt
|faint|p2a: Gardevoir
|
|-weather|Sandstorm|[upkeep]
|-damage|p1b: Sidy|47/100|[from] Sandstorm
|-enditem|p1b: Sidy|Sitrus Berry|[eat]
|-heal|p1b: Sidy|72/100|[from] item: Sitrus Berry
|upkeep
|
|t:|1784278554
|switch|p2a: Kingambit|Kingambit, L50, M|100/100
|turn|3
|
|t:|1784278577
|switch|p1a: Sabotage|Sneasler, L50, F|100/100
|move|p1b: Sidy|Fake Out|p2b: Garchomp
|-damage|p2b: Garchomp|80/100
|-damage|p1b: Sidy|59/100|[from] ability: Rough Skin|[of] p2b: Garchomp
|move|p2a: Kingambit|Sucker Punch||[still]
|-fail|p2a: Kingambit
|cant|p2b: Garchomp|flinch
|
|-weather|Sandstorm|[upkeep]
|-damage|p1a: Sabotage|93/100|[from] Sandstorm
|-damage|p1b: Sidy|53/100|[from] Sandstorm
|upkeep
|turn|4
|
|t:|1784278618
|move|p2a: Kingambit|Protect|p2a: Kingambit
|-singleturn|p2a: Kingambit|Protect
|move|p1a: Sabotage|Fake Out|p2b: Garchomp
|-damage|p2b: Garchomp|69/100
|-damage|p1a: Sabotage|81/100|[from] ability: Rough Skin|[of] p2b: Garchomp
|cant|p2b: Garchomp|flinch
|move|p1b: Sidy|Parting Shot|p2b: Garchomp
|-unboost|p2b: Garchomp|atk|1
|-unboost|p2b: Garchomp|spa|1
|
|t:|1784278636
|switch|p1b: Gervasoni|Excadrill, L50, F|7/100|[from] Parting Shot
|
|-weather|Sandstorm|[upkeep]
|-damage|p1a: Sabotage|75/100|[from] Sandstorm
|-sideend|p2: LynxVGC|move: Tailwind
|upkeep
|turn|5
|
|t:|1784278655
|move|p2a: Kingambit|Protect||[still]
|-fail|p2a: Kingambit
|move|p1b: Gervasoni|High Horsepower|p2b: Garchomp
|-damage|p2b: Garchomp|14/100
|-damage|p1b: Gervasoni|0 fnt|[from] ability: Rough Skin|[of] p2b: Garchomp
|faint|p1b: Gervasoni
|move|p1a: Sabotage|Close Combat|p2a: Kingambit
|-supereffective|p2a: Kingambit|2
|-damage|p2a: Kingambit|0 fnt
|-unboost|p1a: Sabotage|def|1
|-unboost|p1a: Sabotage|spd|1
|faint|p2a: Kingambit
|-enditem|p1a: Sabotage|White Herb
|-clearnegativeboost|p1a: Sabotage|[silent]
|move|p2b: Garchomp|Earthquake|p1a: Sabotage
|-supereffective|p1a: Sabotage|1
|-damage|p1a: Sabotage|0 fnt
|faint|p1a: Sabotage
|-damage|p2b: Garchomp|4/100|[from] item: Life Orb
|
|-weather|none
|upkeep
|
|t:|1784278670
|switch|p1a: Sidy|Incineroar, L50, F|53/100
|switch|p1b: Quando provo|Tyranitar-Mega, L50, F|100/100
|-weather|Sandstorm|[from] ability: Sand Stream|[of] p1b: Quando provo
|-ability|p1a: Sidy|Intimidate|boost
|-unboost|p2b: Garchomp|atk|1
|turn|6
|-message|LynxVGC forfeited.
|
|win|Il Mule
||Il Mule is ready for game 2.
||LynxVGC is ready for game 2.
|uhtml|next|Next: Game 2 of 3
|l|☆Il Mule
|player|p1|
