|j|Ōśådaphnesgarden
|j|ŌśåCoolMeDownB
|html|daphnesgardenCoolMeDownB    
|uhtml|bestof|Game 1 of a best-of-3
|t:|1782684290
|gametype|doubles
|player|p1|daphnesgarden|winona|1097
|player|p2|CoolMeDownB|crasherwake|1212
|gen|9
|tier|[Gen 9 Champions] VGC 2026 Reg M-B (Bo3)
|rated|
|rule|Species Clause: Limit one of each Pok├®mon
|rule|Item Clause: Limit 1 of each item
|clearpoke
|poke|p1|Pelipper, L50, M|
|poke|p1|Archaludon, L50, M|
|poke|p1|Beedrill, L50, M|
|poke|p1|Farigiraf, L50, F|
|poke|p1|Swampert, L50, F|
|poke|p1|Incineroar, L50, M|
|poke|p2|Incineroar, L50, M, shiny|
|poke|p2|Gholdengo, L50|
|poke|p2|Sneasler, L50, F|
|poke|p2|Sylveon, L50, M, shiny|
|poke|p2|Froslass, L50, F|
|poke|p2|Aerodactyl, L50, F|
|teampreview|4
|showteam|p1|Pelipper||LifeOrb|Drizzle|WeatherBall,Hurricane,WideGuard,Tailwind|Modest||M|||50|]Archaludon||Leftovers|Stamina|ElectroShot,FlashCannon,DragonPulse,Protect|Modest||M|||50|]Beedrill||Beedrillite|Swarm|Uturn,PoisonJab,DrillRun,Protect|Adamant||M|||50|]Farigiraf||SitrusBerry|ArmorTail|HelpingHand,TrickRoom,Psychic,RainDance|Bold||F|||50|]Swampert||Swampertite|Damp|WaveCrash,RockSlide,HighHorsepower,Protect|Adamant||F|||50|]Incineroar||PasshoBerry|Intimidate|FakeOut,ThroatChop,FlareBlitz,PartingShot|Adamant||M|||50|
|showteam|p2|Incineroar||SitrusBerry|Intimidate|FlareBlitz,FakeOut,PartingShot,ThroatChop|Careful||M|||50|]Gholdengo||ShucaBerry|GoodasGold|ShadowBall,MakeItRain,NastyPlot,Protect|Timid|||||50|]Sneasler||WhiteHerb|Unburden|CloseCombat,DireClaw,Protect,FakeOut|Jolly||F|||50|]Sylveon||FairyFeather|Pixilate|HyperVoice,HyperBeam,QuickAttack,Detect|Modest||M|||50|]Froslass||Froslassite|SnowCloak|Blizzard,ShadowBall,AuroraVeil,Protect|Timid||F|||50|]Aerodactyl||Aerodactylite|RockHead|RockSlide,DualWingbeat,WideGuard,Tailwind|Jolly||F|||50|
|c|ŌśåCoolMeDownB|gl
|c|Ōśådaphnesgarden|gl hf
|inactive|Battle timer is ON: inactive players will automatically lose when time's up. (requested by daphnesgarden)
|c|ŌśåCoolMeDownB|didn't someone just go 7-1 w/ bee?
|c|Ōśådaphnesgarden|yeah this is torviv's ots that i'm trying to figure out how the team works
|inactive|daphnesgarden has 60 seconds left.
|c|ŌśåCoolMeDownB|I'm guessing bee is just supposed to be a floette/sylv killer
|
|t:|1782684347
|teamsize|p1|4
|teamsize|p2|4
|start
|switch|p1a: Incineroar|Incineroar, L50, M|100/100
|switch|p1b: Farigiraf|Farigiraf, L50, F|100/100
|switch|p2a: Aerodactyl|Aerodactyl, L50, F|100/100
|switch|p2b: Incineroar|Incineroar, L50, M, shiny|100/100
|-ability|p2b: Incineroar|Intimidate|boost
|-unboost|p1a: Incineroar|atk|1
|-unboost|p1b: Farigiraf|atk|1
|-ability|p1a: Incineroar|Intimidate|boost
|-unboost|p2a: Aerodactyl|atk|1
|-unboost|p2b: Incineroar|atk|1
|turn|1
|c|ŌśåCoolMeDownB|otherwise just a rain team
|c|Ōśådaphnesgarden|that's my thought exactly
|
|t:|1782684364
|switch|p2a: Gholdengo|Gholdengo, L50|100/100
|move|p1a: Incineroar|Fake Out|p2b: Incineroar
|-damage|p2b: Incineroar|91/100
|cant|p2b: Incineroar|flinch
|move|p1b: Farigiraf|Trick Room|p1b: Farigiraf
|-fieldstart|move: Trick Room|[of] p1b: Farigiraf
|
|upkeep
|turn|2
|c|Ōśådaphnesgarden|that's how it's played out so far
|c|ŌśåCoolMeDownB|I'd thought about TR mscoli for a similar purpose
|
|t:|1782684385
|move|p1b: Farigiraf|Helping Hand|p1a: Incineroar
|-singleturn|p1a: Incineroar|Helping Hand|[of] p1b: Farigiraf
|move|p2a: Gholdengo|Protect|p2a: Gholdengo
|-singleturn|p2a: Gholdengo|Protect
|move|p1a: Incineroar|Flare Blitz|p2a: Gholdengo
|-activate|p2a: Gholdengo|move: Protect
|move|p2b: Incineroar|Throat Chop|p1b: Farigiraf
|-supereffective|p1b: Farigiraf|1
|-damage|p1b: Farigiraf|65/100
|-start|p1b: Farigiraf|Throat Chop|[silent]
|
|upkeep
|turn|3
|inactive|daphnesgarden has 30 seconds left.
|
|t:|1782684416
|switch|p2a: Aerodactyl|Aerodactyl, L50, F|100/100
|move|p1b: Farigiraf|Helping Hand|p1a: Incineroar
|-singleturn|p1a: Incineroar|Helping Hand|[of] p1b: Farigiraf
|move|p1a: Incineroar|Throat Chop|p2a: Aerodactyl
|-damage|p2a: Aerodactyl|40/100
|-start|p2a: Aerodactyl|Throat Chop|[silent]
|move|p2b: Incineroar|Parting Shot|p1a: Incineroar
|-unboost|p1a: Incineroar|atk|1
|-unboost|p1a: Incineroar|spa|1
|
|t:|1782684425
|switch|p2b: Gholdengo|Gholdengo, L50|100/100|[from] Parting Shot
|
|-end|p1b: Farigiraf|Throat Chop|[silent]
|upkeep
|turn|4
|
|t:|1782684436
|switch|p2b: Incineroar|Incineroar, L50, M, shiny|91/100
|-ability|p2b: Incineroar|Intimidate|boost
|-unboost|p1a: Incineroar|atk|1
|-unboost|p1b: Farigiraf|atk|1
|detailschange|p2a: Aerodactyl|Aerodactyl-Mega, L50, F
|-mega|p2a: Aerodactyl|Aerodactyl|Aerodactylite
|move|p1a: Incineroar|Parting Shot|p2a: Aerodactyl
|-unboost|p2a: Aerodactyl|atk|1
|-unboost|p2a: Aerodactyl|spa|1
|
|t:|1782684444
|switch|p1a: Archaludon|Archaludon, L50, M|100/100|[from] Parting Shot
|move|p1b: Farigiraf|Psychic|p2a: Aerodactyl
|-damage|p2a: Aerodactyl|1/100
|move|p2a: Aerodactyl|Rock Slide|p1b: Farigiraf|[spread] p1a,p1b
|-resisted|p1a: Archaludon|1
|-damage|p1a: Archaludon|92/100
|-damage|p1b: Farigiraf|50/100g
|-ability|p1a: Archaludon|Stamina|boost
|-boost|p1a: Archaludon|def|1
|
|-heal|p1a: Archaludon|98/100|[from] item: Leftovers
|-end|p2a: Aerodactyl|Throat Chop|[silent]
|upkeep
|turn|5
|c|Ōśådaphnesgarden|oh i def expected that to pick up
|inactive|daphnesgarden has 30 seconds left.
|c|ŌśåCoolMeDownB|maero too cool
|
|t:|1782684478
|switch|p2a: Gholdengo|Gholdengo, L50|100/100
|move|p2b: Incineroar|Parting Shot|p1a: Archaludon
|-unboost|p1a: Archaludon|atk|1
|-unboost|p1a: Archaludon|spa|1
|
|t:|1782684486
|switch|p2b: Sneasler|Sneasler, L50, F|100/100|[from] Parting Shot
|move|p1b: Farigiraf|Rain Dance|p1b: Farigiraf
|-weather|RainDance
|move|p1a: Archaludon|Electro Shot||[still]
|-prepare|p1a: Archaludon|Electro Shot
|-boost|p1a: Archaludon|spa|1
|-anim|p1a: Archaludon|Electro Shot|p2b: Sneasler
|-damage|p2b: Sneasler|36/100
|
|-weather|RainDance|[upkeep]
|-heal|p1a: Archaludon|100/100|[from] item: Leftovers
|-fieldend|move: Trick Room
|upkeep
|turn|6
|
|t:|1782684506
|move|p1b: Farigiraf|Helping Hand|p1a: Archaludon
|-singleturn|p1a: Archaludon|Helping Hand|[of] p1b: Farigiraf
|move|p2b: Sneasler|Protect|p2b: Sneasler
|-singleturn|p2b: Sneasler|Protect
|move|p2a: Gholdengo|Nasty Plot|p2a: Gholdengo
|-boost|p2a: Gholdengo|spa|2
|move|p1a: Archaludon|Electro Shot||[still]
|-prepare|p1a: Archaludon|Electro Shot
|-boost|p1a: Archaludon|spa|1
|-anim|p1a: Archaludon|Electro Shot|p2a: Gholdengo
|-damage|p2a: Gholdengo|4/100
|
|-weather|RainDance|[upkeep]
|upkeep
|turn|7
|c|Ōśådaphnesgarden|ALSO expected that to pick up
|inactive|daphnesgarden has 30 seconds left.
|c|ŌśåCoolMeDownB|it's fine I miss here
|c|Ōśådaphnesgarden|hrmmm
|c|Ōśådaphnesgarden|LOL
|inactive|daphnesgarden has 20 seconds left.
|inactive|daphnesgarden has 15 seconds left.
|
|t:|1782684549
|move|p2b: Sneasler|Close Combat|p1a: Archaludon
|-supereffective|p1a: Archaludon|1
|-damage|p1a: Archaludon|41/100
|-unboost|p2b: Sneasler|def|1
|-unboost|p2b: Sneasler|spd|1
|-ability|p1a: Archaludon|Stamina|boost
|-boost|p1a: Archaludon|def|1
|-enditem|p2b: Sneasler|White Herb
|-clearnegativeboost|p2b: Sneasler|[silent]
|move|p2a: Gholdengo|Make It Rain|p1b: Farigiraf|[spread] p1a,p1b
|-resisted|p1a: Archaludon|1
|-damage|p1a: Archaludon|0 fnt
|-damage|p1b: Farigiraf|0 fnt
|-unboost|p2a: Gholdengo|spa|2
|faint|p1a: Archaludon
|faint|p1b: Farigiraf
|
|-weather|RainDance|[upkeep]
|upkeep
|
|t:|1782684565
|switch|p1a: Incineroar|Incineroar, L50, M|100/100
|switch|p1b: Swampert|Swampert, L50, F|100/100
|-ability|p1a: Incineroar|Intimidate|boost
|-unboost|p2a: Gholdengo|atk|1
|-unboost|p2b: Sneasler|atk|1
|turn|8
|inactive|daphnesgarden has 30 seconds left.
|
|t:|1782684600
|detailschange|p1b: Swampert|Swampert-Mega, L50, F
|-mega|p1b: Swampert|Swampert|Swampertite
|move|p2b: Sneasler|Protect|p2b: Sneasler
|-singleturn|p2b: Sneasler|Protect
|move|p1b: Swampert|High Horsepower|p2b: Sneasler
|-activate|p2b: Sneasler|move: Protect
|move|p2a: Gholdengo|Shadow Ball|p1b: Swampert
|-damage|p1b: Swampert|71/100
|-unboost|p1b: Swampert|spd|1
|move|p1a: Incineroar|Throat Chop|p2a: Gholdengo
|-supereffective|p2a: Gholdengo|1
|-damage|p2a: Gholdengo|0 fnt
|faint|p2a: Gholdengo
|
|-weather|RainDance|[upkeep]
|upkeep
|
|t:|1782684611
|switch|p2a: Incineroar|Incineroar, L50, M, shiny|91/100
|-ability|p2a: Incineroar|Intimidate|boost
|-unboost|p1a: Incineroar|atk|1
|-unboost|p1b: Swampert|atk|1
|turn|9
|inactive|daphnesgarden has 30 seconds left.
|
|t:|1782684642
|move|p1b: Swampert|Protect|p1b: Swampert
|-singleturn|p1b: Swampert|Protect
|move|p2a: Incineroar|Fake Out|p1b: Swampert
|-activate|p1b: Swampert|move: Protect
|move|p2b: Sneasler|Close Combat|p1a: Incineroar
|-supereffective|p1a: Incineroar|1
|-damage|p1a: Incineroar|24/100
|-unboost|p2b: Sneasler|def|1
|-unboost|p2b: Sneasler|spd|1
|move|p1a: Incineroar|Throat Chop|p2b: Sneasler
|-resisted|p2b: Sneasler|1
|-damage|p2b: Sneasler|7/100
|-start|p2b: Sneasler|Throat Chop|[silent]
|
|-weather|none
|upkeep
|turn|10
|inactive|daphnesgarden has 30 seconds left.
|inactive|daphnesgarden has 20 seconds left.
|
|t:|1782684677
|move|p2b: Sneasler|Close Combat|p1a: Incineroar
|-supereffective|p1a: Incineroar|1
|-damage|p1a: Incineroar|0 fnt
|-unboost|p2b: Sneasler|def|1
|-unboost|p2b: Sneasler|spd|1
|faint|p1a: Incineroar
|move|p1b: Swampert|Wave Crash|p2a: Incineroar
|-supereffective|p2a: Incineroar|1
|-damage|p2a: Incineroar|0 fnt
|faint|p2a: Incineroar
|-damage|p1b: Swampert|38/100|[from] Recoil
|
|-end|p2b: Sneasler|Throat Chop|[silent]
|upkeep
|
|t:|1782684686
|switch|p2a: Aerodactyl|Aerodactyl-Mega, L50, F|1/100
|turn|11
|c|Ōśådaphnesgarden|wp
|
|t:|1782684694
|move|p2b: Sneasler|Close Combat|p1b: Swampert
|-damage|p1b: Swampert|2/100
|-unboost|p2b: Sneasler|def|1
|-unboost|p2b: Sneasler|spd|1
|move|p2a: Aerodactyl|Dual Wingbeat|p1b: Swampert
|-damage|p1b: Swampert|0 fnt
|faint|p1b: Swampert
|-hitcount|p1: Swampert|1
|
|win|CoolMeDownB
||daphnesgarden is ready for game 2.
|inactive|CoolMeDownB has 30 seconds to confirm battle start!
||CoolMeDownB is ready for game 2.
|uhtml|next|Next: Game 2 of 3
|l|ŌśåCoolMeDownB
|player|p2|
