|j|☆MajinFlavio
|j|☆lettitripppp
|html|MajinFlaviolettitripppp    
|uhtml|bestof|Game 3 of a best-of-3
|t:|1784331800
|gametype|doubles
|player|p1|MajinFlavio|palmer|1173
|player|p2|lettitripppp|lucas|1245
|gen|9
|tier|[Gen 9 Champions] VGC 2026 Reg M-B (Bo3)
|rated|
|rule|Species Clause: Limit one of each Pokémon
|rule|Item Clause: Limit 1 of each item
|clearpoke
|poke|p1|Annihilape, L50, M|
|poke|p1|Grimmsnarl, L50, M|
|poke|p1|Ceruledge, L50, M|
|poke|p1|Mawile, L50, F|
|poke|p1|Farigiraf, L50, M|
|poke|p1|Sinistcha, L50|
|poke|p2|Charizard, L50, F, shiny|
|poke|p2|Basculegion, L50, M, shiny|
|poke|p2|Pelipper, L50, M|
|poke|p2|Venusaur, L50, M|
|poke|p2|Archaludon, L50, M|
|poke|p2|Grimmsnarl, L50, M, shiny|
|teampreview|4
|showteam|p1|Annihilape||Leftovers|Defiant|DrainPunch,RageFist,BulkUp,Protect|Adamant||M|||50|]Grimmsnarl||LightClay|Prankster|FakeOut,PartingShot,LightScreen,Reflect|Impish||M|||50|]Ceruledge||ColburBerry|FlashFire|BitterBlade,ShadowSneak,BulkUp,Protect|Adamant||M|||50|]Mawile||Mawilite|HyperCutter|PlayRough,SuckerPunch,SwordsDance,Protect|Brave||F|||50|]Farigiraf||SitrusBerry|ArmorTail|TwinBeam,Thunderbolt,HelpingHand,TrickRoom|Bold||M|||50|]Sinistcha||KasibBerry|Hospitality|MatchaGotcha,RagePowder,LifeDew,Protect|Bold|||||50|
|showteam|p2|Charizard||CharizarditeY|Blaze|WeatherBall,SolarBeam,HeatWave,Protect|Modest||F|||50|]Basculegion||ChoiceScarf|Adaptability|LastRespects,WaveCrash,FlipTurn,AquaJet|Jolly||M|||50|]Pelipper||SitrusBerry|Drizzle|WeatherBall,WideGuard,Hurricane,Tailwind|Modest||M|||50|]Venusaur||FocusSash|Chlorophyll|SleepPowder,SludgeBomb,EarthPower,Protect|Modest||M|||50|]Archaludon||Leftovers|Stamina|FlashCannon,DragonPulse,ElectroShot,Protect|Calm||M|||50|]Grimmsnarl||LightClay|Prankster|PartingShot,LightScreen,SpiritBreak,Reflect|Relaxed||M|||50|
|inactive|Battle timer is ON: inactive players will automatically lose when time's up. (requested by lettitripppp)
|
|t:|1784331815
|teamsize|p1|4
|teamsize|p2|4
|start
|switch|p1a: Grimmsnarl|Grimmsnarl, L50, M|100/100
|switch|p1b: Farigiraf|Farigiraf, L50, M|100/100
|switch|p2a: GHOSTWAVE|Basculegion, L50, M, shiny|100/100
|switch|p2b: GO JOHAN|Grimmsnarl, L50, M, shiny|100/100
|turn|1
|
|t:|1784331837
|move|p1a: Grimmsnarl|Reflect|p1a: Grimmsnarl
|-sidestart|p1: MajinFlavio|Reflect
|move|p2a: GHOSTWAVE|Flip Turn|p1b: Farigiraf
|-damage|p1b: Farigiraf|78/100
|
|t:|1784331841
|switch|p2a: BEYOND BRIDGE|Archaludon, L50, M|100/100|[from] Flip Turn
|move|p2b: GO JOHAN|Spirit Break|p1a: Grimmsnarl
|-supereffective|p1a: Grimmsnarl|1
|-damage|p1a: Grimmsnarl|60/100
|-unboost|p1a: Grimmsnarl|spa|1
|move|p1b: Farigiraf|Trick Room|p1b: Farigiraf
|-fieldstart|move: Trick Room|[of] p1b: Farigiraf
|
|upkeep
|turn|2
|
|t:|1784331861
|switch|p1b: Mawile|Mawile, L50, F|100/100
|move|p2a: BEYOND BRIDGE|Protect|p2a: BEYOND BRIDGE
|-singleturn|p2a: BEYOND BRIDGE|Protect
|move|p1a: Grimmsnarl|Light Screen|p1a: Grimmsnarl
|-sidestart|p1: MajinFlavio|move: Light Screen
|move|p2b: GO JOHAN|Spirit Break|p1a: Grimmsnarl
|-supereffective|p1a: Grimmsnarl|1
|-damage|p1a: Grimmsnarl|24/100
|-unboost|p1a: Grimmsnarl|spa|1
|
|upkeep
|turn|3
|
|t:|1784331885
|detailschange|p1b: Mawile|Mawile-Mega, L50, F
|-mega|p1b: Mawile|Mawile|Mawilite
|move|p2b: GO JOHAN|Reflect|p2b: GO JOHAN
|-sidestart|p2: lettitripppp|Reflect
|move|p1a: Grimmsnarl|Parting Shot|p2a: BEYOND BRIDGE
|-unboost|p2a: BEYOND BRIDGE|atk|1
|-unboost|p2a: BEYOND BRIDGE|spa|1
|
|t:|1784331893
|switch|p1a: Ceruledge|Ceruledge, L50, M|100/100|[from] Parting Shot
|move|p1b: Mawile|Swords Dance|p1b: Mawile
|-boost|p1b: Mawile|atk|2
|move|p2a: BEYOND BRIDGE|Electro Shot||[still]
|-prepare|p2a: BEYOND BRIDGE|Electro Shot
|-boost|p2a: BEYOND BRIDGE|spa|1
|
|upkeep
|turn|4
|
|t:|1784331907
|switch|p2b: WET-BEAK|Pelipper, L50, M|100/100
|-weather|RainDance|[from] ability: Drizzle|[of] p2b: WET-BEAK
|move|p1b: Mawile|Play Rough|p2a: BEYOND BRIDGE
|-damage|p2a: BEYOND BRIDGE|27/100
|-unboost|p2a: BEYOND BRIDGE|atk|1
|-ability|p2a: BEYOND BRIDGE|Stamina|boost
|-boost|p2a: BEYOND BRIDGE|def|1
|move|p1a: Ceruledge|Bulk Up|p1a: Ceruledge
|-boost|p1a: Ceruledge|atk|1
|-boost|p1a: Ceruledge|def|1
|move|p2a: BEYOND BRIDGE|Electro Shot|p1b: Mawile|[from] lockedmove
|-damage|p1b: Mawile|75/100
|
|-weather|RainDance|[upkeep]
|-heal|p2a: BEYOND BRIDGE|33/100|[from] item: Leftovers
|upkeep
|turn|5
|inactive|MajinFlavio has 30 seconds left.
|
|t:|1784331933
|move|p2a: BEYOND BRIDGE|Protect|p2a: BEYOND BRIDGE
|-singleturn|p2a: BEYOND BRIDGE|Protect
|move|p1a: Ceruledge|Shadow Sneak|p2b: WET-BEAK
|-damage|p2b: WET-BEAK|74/100
|move|p1b: Mawile|Play Rough|p2b: WET-BEAK
|-damage|p2b: WET-BEAK|0 fnt
|faint|p2b: WET-BEAK
|
|-weather|RainDance|[upkeep]
|-heal|p2a: BEYOND BRIDGE|39/100|[from] item: Leftovers
|-fieldend|move: Trick Room
|upkeep
|
|t:|1784331952
|switch|p2b: GHOSTWAVE|Basculegion, L50, M, shiny|100/100
|turn|6
|
|t:|1784331974
|move|p1b: Mawile|Sucker Punch|p2b: GHOSTWAVE
|-supereffective|p2b: GHOSTWAVE|1
|-damage|p2b: GHOSTWAVE|0 fnt
|faint|p2b: GHOSTWAVE
|move|p2a: BEYOND BRIDGE|Electro Shot||[still]
|-prepare|p2a: BEYOND BRIDGE|Electro Shot
|-boost|p2a: BEYOND BRIDGE|spa|1
|-anim|p2a: BEYOND BRIDGE|Electro Shot|p1b: Mawile
|-damage|p1b: Mawile|41/100
|move|p1a: Ceruledge|Bulk Up|p1a: Ceruledge
|-boost|p1a: Ceruledge|atk|1
|-boost|p1a: Ceruledge|def|1
|
|-weather|RainDance|[upkeep]
|-heal|p2a: BEYOND BRIDGE|45/100|[from] item: Leftovers
|upkeep
|
|t:|1784331983
|switch|p2b: GO JOHAN|Grimmsnarl, L50, M, shiny|100/100
|turn|7
|
|t:|1784332004
|move|p1b: Mawile|Protect|p1b: Mawile
|-singleturn|p1b: Mawile|Protect
|move|p2b: GO JOHAN|Parting Shot|p1a: Ceruledge
|-unboost|p1a: Ceruledge|atk|1
|-unboost|p1a: Ceruledge|spa|1
|move|p2a: BEYOND BRIDGE|Electro Shot||[still]
|-prepare|p2a: BEYOND BRIDGE|Electro Shot
|-boost|p2a: BEYOND BRIDGE|spa|1
|-anim|p2a: BEYOND BRIDGE|Electro Shot|p1b: Mawile
|-activate|p1b: Mawile|move: Protect
|move|p1a: Ceruledge|Bitter Blade|p2a: BEYOND BRIDGE
|-damage|p2a: BEYOND BRIDGE|34/100
|-ability|p2a: BEYOND BRIDGE|Stamina|boost
|-boost|p2a: BEYOND BRIDGE|def|1
|
|-weather|RainDance|[upkeep]
|-heal|p2a: BEYOND BRIDGE|40/100|[from] item: Leftovers
|upkeep
|turn|8
|inactive|MajinFlavio has 30 seconds left.
|inactive|MajinFlavio has 20 seconds left.
|inactive|MajinFlavio has 15 seconds left.
|
|t:|1784332045
|switch|p1a: Farigiraf|Farigiraf, L50, M|78/100
|move|p2b: GO JOHAN|Parting Shot||[still]
|cant|p1a: Farigiraf|ability: Armor Tail|Parting Shot|[of] p2b: GO JOHAN
|move|p1b: Mawile|Sucker Punch|p2a: BEYOND BRIDGE
|-damage|p2a: BEYOND BRIDGE|22/100
|-ability|p2a: BEYOND BRIDGE|Stamina|boost
|-boost|p2a: BEYOND BRIDGE|def|1
|move|p2a: BEYOND BRIDGE|Electro Shot||[still]
|-prepare|p2a: BEYOND BRIDGE|Electro Shot
|-boost|p2a: BEYOND BRIDGE|spa|1
|-anim|p2a: BEYOND BRIDGE|Electro Shot|p1b: Mawile
|-damage|p1b: Mawile|0 fnt
|faint|p1b: Mawile
|
|-weather|none
|-heal|p2a: BEYOND BRIDGE|28/100|[from] item: Leftovers
|-sideend|p1: MajinFlavio|Reflect
|upkeep
|
|t:|1784332062
|switch|p1b: Grimmsnarl|Grimmsnarl, L50, M|24/100
|turn|9
|
|t:|1784332074
|move|p1b: Grimmsnarl|Fake Out|p2a: BEYOND BRIDGE
|-resisted|p2a: BEYOND BRIDGE|1
|-damage|p2a: BEYOND BRIDGE|27/100
|-ability|p2a: BEYOND BRIDGE|Stamina|boost
|-boost|p2a: BEYOND BRIDGE|def|1
|cant|p2a: BEYOND BRIDGE|flinch
|move|p2b: GO JOHAN|Spirit Break|p1a: Farigiraf
|-damage|p1a: Farigiraf|53/100
|-unboost|p1a: Farigiraf|spa|1
|move|p1a: Farigiraf|Trick Room|p1a: Farigiraf
|-fieldstart|move: Trick Room|[of] p1a: Farigiraf
|
|-heal|p2a: BEYOND BRIDGE|33/100|[from] item: Leftovers
|-sideend|p1: MajinFlavio|move: Light Screen
|upkeep
|turn|10
|
|t:|1784332093
|switch|p1a: Ceruledge|Ceruledge, L50, M|100/100
|move|p1b: Grimmsnarl|Parting Shot|p2a: BEYOND BRIDGE
|-unboost|p2a: BEYOND BRIDGE|atk|1
|-unboost|p2a: BEYOND BRIDGE|spa|1
|
|t:|1784332098
|switch|p1b: Farigiraf|Farigiraf, L50, M|53/100|[from] Parting Shot
|move|p2b: GO JOHAN|Spirit Break|p1b: Farigiraf
|-crit|p1b: Farigiraf
|-damage|p1b: Farigiraf|16/100
|-unboost|p1b: Farigiraf|spa|1
|-enditem|p1b: Farigiraf|Sitrus Berry|[eat]
|-heal|p1b: Farigiraf|41/100|[from] item: Sitrus Berry
|move|p2a: BEYOND BRIDGE|Dragon Pulse|p1a: Ceruledge
|-damage|p1a: Ceruledge|34/100
|
|-heal|p2a: BEYOND BRIDGE|39/100|[from] item: Leftovers
|-sideend|p2: lettitripppp|Reflect
|upkeep
|turn|11
|
|t:|1784332120
|switch|p1a: Grimmsnarl|Grimmsnarl, L50, M|24/100
|move|p2b: GO JOHAN|Light Screen|p2b: GO JOHAN
|-sidestart|p2: lettitripppp|move: Light Screen
|move|p1b: Farigiraf|Twin Beam|p2a: BEYOND BRIDGE
|-resisted|p2a: BEYOND BRIDGE|1
|-damage|p2a: BEYOND BRIDGE|36/100
|-ability|p2a: BEYOND BRIDGE|Stamina|boost
|-boost|p2a: BEYOND BRIDGE|def|1
|-resisted|p2a: BEYOND BRIDGE|1
|-damage|p2a: BEYOND BRIDGE|33/100
|-ability|p2a: BEYOND BRIDGE|Stamina|boost
|-boost|p2a: BEYOND BRIDGE|def|1
|-hitcount|p2a: BEYOND BRIDGE|2
|move|p2a: BEYOND BRIDGE|Dragon Pulse|p1a: Grimmsnarl
|-immune|p1a: Grimmsnarl
|
|-heal|p2a: BEYOND BRIDGE|39/100|[from] item: Leftovers
|upkeep
|turn|12
|c|☆MajinFlavio|gg
|-message|MajinFlavio forfeited.
|
|win|lettitripppp
|raw|MajinFlavio's rating: 1173 → 1153(-20 for losing)
|raw|lettitripppp's rating: 1245 → 1265(+20 for winning)
|l|☆MajinFlavio
|player|p1|
|c|☆lettitripppp|gg
