|j|☆kgggv
|j|☆winner9630
|html|kgggvwinner9630    
|uhtml|bestof|Game 3 of a best-of-3
|t:|1757207197
|gametype|doubles
|player|p1|kgggv|1|1000
|player|p2|winner9630|266|1106
|gen|9
|tier|[Gen 9] VGC 2025 Reg H (Bo3)
|rated|
|rule|Species Clause: Limit one of each Pokémon
|rule|Item Clause: Limit 1 of each item
|clearpoke
|poke|p1|Basculegion, L50, M|
|poke|p1|Pelipper, L50, F|
|poke|p1|Archaludon, L50, F|
|poke|p1|Amoonguss, L50, F|
|poke|p1|Annihilape, L50, M|
|poke|p1|Maushold, L50|
|poke|p2|Kingambit, L50, M|
|poke|p2|Basculegion, L50, M|
|poke|p2|Archaludon, L50, F|
|poke|p2|Rillaboom, L50, F|
|poke|p2|Sinistcha, L50|
|poke|p2|Pelipper, L50, F|
|teampreview|4
|showteam|p1|Basculegion||LifeOrb|SwiftSwim|LastRespects,WaveCrash,Protect,AquaJet|||M|||50|,,,,,Water]Pelipper||DampRock|Drizzle|Tailwind,Protect,Hurricane,WeatherBall|||F|||50|,,,,,Water]Archaludon||AssaultVest|Stamina|ElectroShot,FlashCannon,DracoMeteor,BodyPress|||F|||50|,,,,,Grass]Amoonguss||RockyHelmet|Regenerator|RagePowder,Protect,Spore,PollenPuff|||F|||50|,,,,,Water]Annihilape||Leftovers|VitalSpirit|RageFist,Protect,DrainPunch,IcePunch|||M|||50|,,,,,Grass]Maushold||SitrusBerry|FriendGuard|PopulationBomb,Protect,FollowMe,ThunderWave||||||50|,,,,,Ghost
|showteam|p2|Kingambit||SafetyGoggles|Defiant|SuckerPunch,KowtowCleave,SwordsDance,Protect|||M|||50|,,,,,Flying]Basculegion||ChoiceScarf|Adaptability|WaveCrash,LastRespects,AquaJet,FlipTurn|||M|||50|,,,,,Water]Archaludon||AssaultVest|Stamina|ElectroShot,Snarl,BodyPress,FlashCannon|||F|||50|,,,,,Grass]Rillaboom||LoadedDice|GrassySurge|BulletSeed,GrassyGlide,FakeOut,KnockOff|||F|||50|,,,,,Fire]Sinistcha||SitrusBerry|Hospitality|Curse,MatchaGotcha,RagePowder,LifeDew||||||50|,,,,,Water]Pelipper||FocusSash|Drizzle|MuddyWater,Hurricane,Protect,HelpingHand|||F|||50|,,,,,Ground
|
|t:|1757207232
|teamsize|p1|4
|teamsize|p2|4
|start
|switch|p1a: Pelipper|Pelipper, L50, F|100/100
|switch|p1b: Archaludon|Archaludon, L50, F|100/100
|switch|p2a: Archaludon|Archaludon, L50, F|100/100
|switch|p2b: Pelipper|Pelipper, L50, F|100/100
|-weather|RainDance|[from] ability: Drizzle|[of] p2b: Pelipper
|turn|1
|
|t:|1757207265
|move|p2b: Pelipper|Protect|p2b: Pelipper
|-singleturn|p2b: Pelipper|Protect
|move|p1b: Archaludon|Electro Shot||[still]
|-prepare|p1b: Archaludon|Electro Shot
|-boost|p1b: Archaludon|spa|1
|-anim|p1b: Archaludon|Electro Shot|p2b: Pelipper
|-activate|p2b: Pelipper|move: Protect
|move|p2a: Archaludon|Electro Shot||[still]
|-prepare|p2a: Archaludon|Electro Shot
|-boost|p2a: Archaludon|spa|1
|-anim|p2a: Archaludon|Electro Shot|p1a: Pelipper
|-supereffective|p1a: Pelipper
|-damage|p1a: Pelipper|0 fnt
|faint|p1a: Pelipper
|
|-weather|RainDance|[upkeep]
|upkeep
|
|t:|1757207272
|switch|p1a: Annihilape|Annihilape, L50, M|100/100
|turn|2
|
|t:|1757207295
|-terastallize|p2b: Pelipper|Ground
|move|p1a: Annihilape|Drain Punch|p2a: Archaludon
|-supereffective|p2a: Archaludon
|-damage|p2a: Archaludon|49/100
|-ability|p2a: Archaludon|Stamina|boost
|-boost|p2a: Archaludon|def|1
|move|p1b: Archaludon|Draco Meteor|p2a: Archaludon|[miss]
|-miss|p1b: Archaludon|p2a: Archaludon
|move|p2a: Archaludon|Electro Shot||[still]
|-prepare|p2a: Archaludon|Electro Shot
|-boost|p2a: Archaludon|spa|1
|-anim|p2a: Archaludon|Electro Shot|p1a: Annihilape
|-damage|p1a: Annihilape|8/100
|move|p2b: Pelipper|Hurricane|p1a: Annihilape
|-supereffective|p1a: Annihilape
|-damage|p1a: Annihilape|0 fnt
|faint|p1a: Annihilape
|
|-weather|RainDance|[upkeep]
|upkeep
|
|t:|1757207313
|switch|p1a: Basculegion|Basculegion, L50, M|100/100
|turn|3
|c|☆kgggv|oof
|c|☆kgggv|gg
|
|t:|1757207323
|move|p2b: Pelipper|Protect|p2b: Pelipper
|-singleturn|p2b: Pelipper|Protect
|move|p1a: Basculegion|Wave Crash|p2b: Pelipper
|-activate|p2b: Pelipper|move: Protect
|move|p1b: Archaludon|Draco Meteor|p2a: Archaludon
|-damage|p2a: Archaludon|0 fnt
|-unboost|p1b: Archaludon|spa|2
|faint|p2a: Archaludon
|
|-weather|RainDance|[upkeep]
|upkeep
|c|☆kgggv|i prob lost
|inactive|Battle timer is ON: inactive players will automatically lose when time's up. (requested by kgggv)
|
|t:|1757207336
|switch|p2a: Sinistcha|Sinistcha, L50|100/100
|turn|4
|c|☆winner9630|not over yet
|
|t:|1757207354
|move|p2a: Sinistcha|Rage Powder|p2a: Sinistcha
|-singleturn|p2a: Sinistcha|move: Rage Powder
|move|p1a: Basculegion|Last Respects|p2a: Sinistcha
|-supereffective|p2a: Sinistcha
|-damage|p2a: Sinistcha|0 fnt
|faint|p2a: Sinistcha
|-damage|p1a: Basculegion|91/100|[from] item: Life Orb
|move|p1b: Archaludon|Electro Shot||[still]
|-prepare|p1b: Archaludon|Electro Shot
|-boost|p1b: Archaludon|spa|1
|-anim|p1b: Archaludon|Electro Shot|p2b: Pelipper
|-immune|p2b: Pelipper
|move|p2b: Pelipper|Hurricane|p1a: Basculegion
|-damage|p1a: Basculegion|30/100
|-start|p1a: Basculegion|confusion
|
|-weather|RainDance|[upkeep]
|upkeep
|
|t:|1757207372
|switch|p2a: Basculegion|Basculegion, L50, M|100/100
|turn|5
|
|t:|1757207395
|move|p2b: Pelipper|Helping Hand|p2a: Basculegion
|-singleturn|p2a: Basculegion|Helping Hand|[of] p2b: Pelipper
|-activate|p1a: Basculegion|confusion
|-damage|p1a: Basculegion|13/100|[from] confusion
|move|p2a: Basculegion|Flip Turn|p1a: Basculegion
|-resisted|p1a: Basculegion
|-damage|p1a: Basculegion|0 fnt
|faint|p1a: Basculegion
|move|p1b: Archaludon|Electro Shot||[still]
|-prepare|p1b: Archaludon|Electro Shot
|-boost|p1b: Archaludon|spa|1
|-anim|p1b: Archaludon|Electro Shot|p2a: Basculegion
|-supereffective|p2a: Basculegion
|-damage|p2a: Basculegion|0 fnt
|faint|p2a: Basculegion
|
|-weather|none
|upkeep
|turn|6
|
|t:|1757207412
|move|p1b: Archaludon|Flash Cannon|p2b: Pelipper
|-enditem|p2b: Pelipper|Focus Sash
|-damage|p2b: Pelipper|1/100
|-unboost|p2b: Pelipper|spd|1
|move|p2b: Pelipper|Muddy Water|p1b: Archaludon
|-resisted|p1b: Archaludon
|-damage|p1b: Archaludon|79/100
|-ability|p1b: Archaludon|Stamina|boost
|-boost|p1b: Archaludon|def|1
|
|upkeep
|turn|7
|c|☆winner9630|see I lost lol
|
|t:|1757207425
|move|p1b: Archaludon|Flash Cannon|p2b: Pelipper
|-damage|p2b: Pelipper|0 fnt
|faint|p2b: Pelipper
|
|win|kgggv
|raw|kgggv's rating: 1000 → 1052(+52 for winning)
|raw|winner9630's rating: 1106 → 1074(-32 for losing)
|c|☆kgggv|gg
