|j|☆Extroier
|j|☆25th_mang
|html|Extroier25th_mang    
|uhtml|bestof|Game 3 of a best-of-3
|t:|1757127379
|gametype|doubles
|player|p1|Extroier|1|1133
|player|p2|25th_mang|ballguy|1069
|gen|9
|tier|[Gen 9] VGC 2025 Reg H (Bo3)
|rated|
|rule|Species Clause: Limit one of each Pokémon
|rule|Item Clause: Limit 1 of each item
|clearpoke
|poke|p1|Vikavolt, L50, F|
|poke|p1|Meowscarada, L50, M|
|poke|p1|Gliscor, L50, F|
|poke|p1|Tyranitar, L50, F|
|poke|p1|Excadrill, L50, M|
|poke|p1|Conkeldurr, L50, M|
|poke|p2|Pelipper, L50, F|
|poke|p2|Archaludon, L50, F|
|poke|p2|Quaquaval, L50, F|
|poke|p2|Kingambit, L50, F|
|poke|p2|Rillaboom, L50, F|
|poke|p2|Dragapult, L50, F|
|teampreview|4
|showteam|p1|Vikavolt||ChoiceSpecs|Levitate|Discharge,VoltSwitch,Thunderbolt,BugBuzz|||F|||50|,,,,,Fire]Meowscarada||CovertCloak|Protean|FlowerTrick,TrickRoom,Protect,HelpingHand|||M|||50|,,,,,Grass]Gliscor||Leftovers|SandVeil|Protect,Earthquake,KnockOff,SwordsDance|||F|||50|,,,,,Ice]Tyranitar||AssaultVest|SandStream|FirePunch,RockSlide,Outrage,Crunch|||F|||50|,,,,,Ghost]Excadrill||ChoiceBand|SandRush|Earthquake,IronHead,XScissor,TeraBlast|||M|||50|,,,,,Water]Conkeldurr||LifeOrb|SheerForce|CloseCombat,FirePunch,BulkUp,Protect|||M|||50|,,,,,Fighting
|showteam|p2|Pelipper||ChoiceScarf|Drizzle|Hurricane,WeatherBall,Tailwind,Uturn|||F|||50|,,,,,Ghost]Archaludon||ChoiceSpecs|Sturdy|ElectroShot,FlashCannon,DracoMeteor,DragonPulse|||F|||50|,,,,,Electric]Quaquaval||FocusSash|Moxie|AquaStep,UpperHand,CloseCombat,Protect|||F|||50|,,,,,Water]Kingambit||BlackGlasses|Defiant|KowtowCleave,SuckerPunch,IronHead,Protect|||F|||50|,,,,,Dark]Rillaboom||AssaultVest|GrassySurge|FakeOut,WoodHammer,GrassyGlide,Uturn|||F|||50|,,,,,Fire]Dragapult||ChoiceBand|ClearBody|DragonDarts,Outrage,PhantomForce,Uturn|||F|||50|,,,,,Dragon
|inactive|Battle timer is ON: inactive players will automatically lose when time's up. (requested by 25th_mang)
|l|☆25th_mang
|inactive|25th_mang disconnected and has a minute to reconnect!
|player|p2|
|inactive|Extroier has 60 seconds left.
|j|☆25th_mang
|inactive|25th_mang reconnected and has 55 seconds left.
|player|p2|25th_mang|ballguy|
|
|t:|1757127433
|teamsize|p1|4
|teamsize|p2|4
|start
|switch|p1a: Excadrill|Excadrill, L50, M|100/100
|switch|p1b: Tyranitar|Tyranitar, L50, F|100/100
|switch|p2a: dahyun|Pelipper, L50, F|100/100
|switch|p2b: jihyo|Rillaboom, L50, F, shiny|100/100
|-weather|RainDance|[from] ability: Drizzle|[of] p2a: dahyun
|-fieldstart|move: Grassy Terrain|[from] ability: Grassy Surge|[of] p2b: jihyo
|-weather|Sandstorm|[from] ability: Sand Stream|[of] p1b: Tyranitar
|turn|1
|inactive|Extroier has 30 seconds left.
|
|t:|1757127468
|switch|p1a: Conkeldurr|Conkeldurr, L50, M|100/100
|move|p2b: jihyo|Fake Out|p1a: Conkeldurr
|-damage|p1a: Conkeldurr|88/100
|move|p2a: dahyun|Tailwind|p2a: dahyun
|-sidestart|p2: 25th_mang|move: Tailwind
|move|p1b: Tyranitar|Rock Slide|p2b: jihyo|[spread] p2a,p2b
|-supereffective|p2a: dahyun
|-damage|p2a: dahyun|21/100
|-damage|p2b: jihyo|72/100
|
|-weather|Sandstorm|[upkeep]
|-damage|p2a: dahyun|15/100|[from] Sandstorm
|-damage|p2b: jihyo|66/100|[from] Sandstorm
|-damage|p1a: Conkeldurr|82/100|[from] Sandstorm
|-heal|p2b: jihyo|72/100|[from] Grassy Terrain
|-heal|p1a: Conkeldurr|88/100|[from] Grassy Terrain
|upkeep
|turn|2
|
|t:|1757127489
|switch|p2a: tzuyu|Archaludon, L50, F, shiny|100/100
|move|p2b: jihyo|Wood Hammer|p1b: Tyranitar
|-supereffective|p1b: Tyranitar
|-damage|p1b: Tyranitar|0 fnt
|faint|p1b: Tyranitar
|-damage|p2b: jihyo|39/100|[from] Recoil
|move|p1a: Conkeldurr|Fire Punch|p2b: jihyo
|-supereffective|p2b: jihyo
|-damage|p2b: jihyo|0 fnt
|faint|p2b: jihyo
|
|-weather|Sandstorm|[upkeep]
|-damage|p1a: Conkeldurr|82/100|[from] Sandstorm
|-heal|p1a: Conkeldurr|88/100|[from] Grassy Terrain
|upkeep
|
|t:|1757127510
|switch|p2b: dahyun|Pelipper, L50, F|15/100
|switch|p1b: Gliscor|Gliscor, L50, F|100/100
|-weather|RainDance|[from] ability: Drizzle|[of] p2b: dahyun
|turn|3
|
|t:|1757127530
|move|p1b: Gliscor|Protect|p1b: Gliscor
|-singleturn|p1b: Gliscor|Protect
|move|p1a: Conkeldurr|Protect|p1a: Conkeldurr
|-singleturn|p1a: Conkeldurr|Protect
|move|p2b: dahyun|Weather Ball|p1b: Gliscor
|-activate|p1b: Gliscor|move: Protect
|move|p2a: tzuyu|Electro Shot||[still]
|-prepare|p2a: tzuyu|Electro Shot
|-boost|p2a: tzuyu|spa|1
|-anim|p2a: tzuyu|Electro Shot|p1a: Conkeldurr
|-activate|p1a: Conkeldurr|move: Protect
|
|-weather|RainDance|[upkeep]
|-heal|p1a: Conkeldurr|94/100|[from] Grassy Terrain
|upkeep
|turn|4
|
|t:|1757127550
|switch|p1a: Excadrill|Excadrill, L50, M|100/100
|move|p2b: dahyun|Weather Ball|p1b: Gliscor
|-supereffective|p1b: Gliscor
|-damage|p1b: Gliscor|0 fnt
|faint|p1b: Gliscor
|move|p2a: tzuyu|Electro Shot||[still]
|-prepare|p2a: tzuyu|Electro Shot
|-boost|p2a: tzuyu|spa|1
|-anim|p2a: tzuyu|Electro Shot|p1a: Excadrill
|-immune|p1a: Excadrill
|
|-weather|RainDance|[upkeep]
|-sideend|p2: 25th_mang|move: Tailwind
|upkeep
|
|t:|1757127559
|switch|p1b: Conkeldurr|Conkeldurr, L50, M|94/100
|turn|5
|inactive|Extroier has 30 seconds left.
|inactive|Extroier has 20 seconds left.
|inactive|Extroier has 15 seconds left.
|
|t:|1757127601
|move|p2b: dahyun|Weather Ball|p1a: Excadrill
|-supereffective|p1a: Excadrill
|-damage|p1a: Excadrill|0 fnt
|faint|p1a: Excadrill
|move|p2a: tzuyu|Electro Shot||[still]
|-prepare|p2a: tzuyu|Electro Shot
|-boost|p2a: tzuyu|spa|1
|-anim|p2a: tzuyu|Electro Shot|p1b: Conkeldurr
|-damage|p1b: Conkeldurr|0 fnt
|faint|p1b: Conkeldurr
|
|win|25th_mang
|raw|Extroier's rating: 1133 → 1103(-30 for losing)
|raw|25th_mang's rating: 1069 → 1104(+35 for winning)
|l|☆25th_mang
|player|p2|
|j|☆25th_mang
|player|p2|25th_mang|ballguy|
