|j|☆wait for swarley
|j|☆tamagotchai-01
|html|wait for swarleytamagotchai-01    
|uhtml|bestof|Game 1 of a best-of-3
|t:|1785013709
|gametype|doubles
|player|p1|wait for swarley|volo|1122
|player|p2|tamagotchai-01|265|1062
|gen|9
|tier|[Gen 9 Champions] VGC 2026 Reg M-B (Bo3)
|rated|
|rule|Species Clause: Limit one of each Pokémon
|rule|Item Clause: Limit 1 of each item
|clearpoke
|poke|p1|Grimmsnarl, L50, M|
|poke|p1|Incineroar, L50, F|
|poke|p1|Maushold-Four, L50|
|poke|p1|Annihilape, L50, F|
|poke|p1|Floette-Eternal, L50, F|
|poke|p1|Raichu, L50, M|
|poke|p2|Floette-Eternal, L50, F|
|poke|p2|Charizard, L50, F|
|poke|p2|Whimsicott, L50, M|
|poke|p2|Garchomp, L50, F|
|poke|p2|Basculegion, L50, M|
|poke|p2|Kingambit, L50, F|
|teampreview|4
|showteam|p1|Grimmsnarl||LightClay|Prankster|SpiritBreak,Reflect,LightScreen,PartingShot|Careful||M|||50|]Incineroar||SitrusBerry|Intimidate|FakeOut,FlareBlitz,ThroatChop,PartingShot|Careful||F|||50|]Maushold-Four||FocusSash|FriendGuard|FollowMe,SuperFang,Encore,Protect|Timid|||||50|]Annihilape||Leftovers|Defiant|RageFist,DrainPunch,BulkUp,Protect|Adamant||F|||50|]Floette-Eternal||Floettite|FlowerVeil|Moonblast,DrainingKiss,CalmMind,Protect|Modest||F|||50|]Raichu||RaichuniteY|LightningRod|ZapCannon,GrassKnot,FakeOut,Protect|Modest||M|||50|
|showteam|p2|Floette-Eternal||Floettite|FlowerVeil|Moonblast,DazzlingGleam,LightofRuin,Protect|Modest||F|||50|]Charizard||CharizarditeY|SolarPower|HeatWave,SolarBeam,WeatherBall,Protect|Modest||F|||50|]Whimsicott||FocusSash|Prankster|Moonblast,Tailwind,Encore,Protect|Timid||M|||50|]Garchomp||RoseliBerry|RoughSkin|StompingTantrum,DragonClaw,PoisonJab,RockSlide|Adamant||F|||50|]Basculegion||LifeOrb|Adaptability|WaveCrash,LastRespects,AquaJet,Protect|Adamant||M|||50|]Kingambit||OccaBerry|Defiant|KowtowCleave,LowKick,SuckerPunch,IronHead|Adamant||F|||50|
|inactive|Battle timer is ON: inactive players will automatically lose when time's up. (requested by wait for swarley)
|
|t:|1785013727
|teamsize|p1|4
|teamsize|p2|4
|start
|switch|p1a: Grimmsnarl|Grimmsnarl, L50, M|100/100
|switch|p1b: Incineroar|Incineroar, L50, F|100/100
|switch|p2a: Whimsicott|Whimsicott, L50, M|100/100
|switch|p2b: Basculegion|Basculegion, L50, M|100/100
|-ability|p1b: Incineroar|Intimidate|boost
|-unboost|p2a: Whimsicott|atk|1
|-unboost|p2b: Basculegion|atk|1
|turn|1
|
|t:|1785013743
|move|p2a: Whimsicott|Protect|p2a: Whimsicott
|-singleturn|p2a: Whimsicott|Protect
|move|p1a: Grimmsnarl|Reflect|p1a: Grimmsnarl
|-sidestart|p1: wait for swarley|Reflect
|move|p2b: Basculegion|Wave Crash|p1a: Grimmsnarl
|-damage|p1a: Grimmsnarl|56/100
|-damage|p2b: Basculegion|85/100|[from] Recoil
|-damage|p2b: Basculegion|75/100|[from] item: Life Orb
|move|p1b: Incineroar|Flare Blitz|p2a: Whimsicott
|-activate|p2a: Whimsicott|move: Protect
|
|upkeep
|turn|2
|inactive|tamagotchai-01 has 30 seconds left.
|inactive|tamagotchai-01 has 20 seconds left.
|inactive|tamagotchai-01 has 15 seconds left.
|inactive|tamagotchai-01 has 10 seconds left.
|inactive|tamagotchai-01 has 5 seconds left.
|
|t:|1785013798
|switch|p1b: Floette|Floette-Eternal, L50, F|100/100
|move|p1a: Grimmsnarl|Parting Shot|p2b: Basculegion
|-unboost|p2b: Basculegion|atk|1
|-unboost|p2b: Basculegion|spa|1
|
|t:|1785013803
|switch|p1a: Incineroar|Incineroar, L50, F|100/100|[from] Parting Shot
|-ability|p1a: Incineroar|Intimidate|boost
|-unboost|p2a: Whimsicott|atk|1
|-unboost|p2b: Basculegion|atk|1
|move|p2a: Whimsicott|Moonblast|p1a: Incineroar
|-damage|p1a: Incineroar|72/100
|move|p2b: Basculegion|Wave Crash|p1a: Incineroar
|-supereffective|p1a: Incineroar|1
|-crit|p1a: Incineroar
|-damage|p1a: Incineroar|0 fnt
|faint|p1a: Incineroar
|-damage|p2b: Basculegion|52/100|[from] Recoil
|-damage|p2b: Basculegion|43/100|[from] item: Life Orb
|
|upkeep
|inactive|wait for swarley has 30 seconds left.
|
|t:|1785013831
|switch|p1a: Grimmsnarl|Grimmsnarl, L50, M|56/100
|turn|3
|inactive|tamagotchai-01 has 30 seconds left.
|inactive|tamagotchai-01 has 20 seconds left.
|inactive|tamagotchai-01 has 15 seconds left.
|inactive|tamagotchai-01 has 10 seconds left.
|inactive|tamagotchai-01 has 5 seconds left.
|
|t:|1785013886
|detailschange|p1b: Floette|Floette-Mega, L50, F
|-mega|p1b: Floette|Floette|Floettite
|-ability|p1b: Floette|Fairy Aura
|move|p1a: Grimmsnarl|Light Screen|p1a: Grimmsnarl
|-sidestart|p1: wait for swarley|move: Light Screen
|move|p2a: Whimsicott|Moonblast|p1b: Floette
|-damage|p1b: Floette|71/100
|move|p1b: Floette|Calm Mind|p1b: Floette
|-boost|p1b: Floette|spa|1
|-boost|p1b: Floette|spd|1
|move|p2b: Basculegion|Wave Crash|p1b: Floette
|-damage|p1b: Floette|37/100
|-damage|p2b: Basculegion|34/100|[from] Recoil
|-damage|p2b: Basculegion|25/100|[from] item: Life Orb
|
|upkeep
|turn|4
|inactive|tamagotchai-01 has 30 seconds left.
|inactive|tamagotchai-01 has 20 seconds left.
|inactive|tamagotchai-01 has 15 seconds left.
|inactive|tamagotchai-01 has 10 seconds left.
|inactive|tamagotchai-01 has 5 seconds left.
|
|t:|1785013941
|move|p1b: Floette|Protect|p1b: Floette
|-singleturn|p1b: Floette|Protect
|move|p1a: Grimmsnarl|Parting Shot|p2b: Basculegion
|-unboost|p2b: Basculegion|atk|1
|-unboost|p2b: Basculegion|spa|1
|
|t:|1785013947
|switch|p1a: Raichu|Raichu, L50, M|100/100|[from] Parting Shot
|move|p2a: Whimsicott|Moonblast|p1a: Raichu
|-damage|p1a: Raichu|59/100
|move|p2b: Basculegion|Wave Crash|p1a: Raichu
|-damage|p1a: Raichu|22/100
|-damage|p2b: Basculegion|15/100|[from] Recoil
|-damage|p2b: Basculegion|5/100|[from] item: Life Orb
|
|upkeep
|turn|5
|inactive|tamagotchai-01 has 30 seconds left.
|inactive|tamagotchai-01 has 20 seconds left.
|inactive|tamagotchai-01 has 15 seconds left.
|inactive|tamagotchai-01 has 10 seconds left.
|inactive|tamagotchai-01 has 5 seconds left.
|
|t:|1785014002
|move|p1a: Raichu|Fake Out|p2a: Whimsicott
|-damage|p2a: Whimsicott|87/100
|cant|p2a: Whimsicott|flinch
|move|p1b: Floette|Draining Kiss|p2a: Whimsicott
|-damage|p2a: Whimsicott|0 fnt
|-heal|p1b: Floette|96/100|[from] drain|[of] p2a: Whimsicott
|faint|p2a: Whimsicott
|move|p2b: Basculegion|Wave Crash|p1a: Raichu
|-damage|p1a: Raichu|0 fnt
|faint|p1a: Raichu
|-damage|p2b: Basculegion|0 fnt|[from] Recoil
|faint|p2b: Basculegion
|
|upkeep
|inactive|tamagotchai-01 has 30 seconds left.
|inactive|tamagotchai-01 has 20 seconds left.
|inactive|tamagotchai-01 has 15 seconds left.
|inactive|tamagotchai-01 has 10 seconds left.
|inactive|tamagotchai-01 has 5 seconds left.
|
|t:|1785014057
|switch|p2a: Garchomp|Garchomp, L50, F|100/100
|switch|p1a: Grimmsnarl|Grimmsnarl, L50, M|56/100
|switch|p2b: Kingambit|Kingambit, L50, F|100/100
|turn|6
|inactive|wait for swarley has 30 seconds left.
|inactive|tamagotchai-01 has 30 seconds left.
|inactive|tamagotchai-01 has 20 seconds left.
|inactive|tamagotchai-01 has 15 seconds left.
|inactive|tamagotchai-01 has 10 seconds left.
|inactive|tamagotchai-01 has 5 seconds left.
|
|t:|1785014112
|move|p1b: Floette|Moonblast|p2b: Kingambit
|-damage|p2b: Kingambit|0 fnt
|faint|p2b: Kingambit
|move|p2a: Garchomp|Stomping Tantrum|p1b: Floette
|-damage|p1b: Floette|67/100
|move|p1a: Grimmsnarl|Spirit Break|p2a: Garchomp
|-supereffective|p2a: Garchomp|1
|-enditem|p2a: Garchomp|Roseli Berry|[eat]
|-enditem|p2a: Garchomp|Roseli Berry|[weaken]
|-damage|p2a: Garchomp|57/100
|-unboost|p2a: Garchomp|spa|1
|-damage|p1a: Grimmsnarl|44/100|[from] ability: Rough Skin|[of] p2a: Garchomp
|
|upkeep
|turn|7
|inactive|tamagotchai-01 has 30 seconds left.
|inactive|tamagotchai-01 has 20 seconds left.
|inactive|tamagotchai-01 has 15 seconds left.
|inactive|tamagotchai-01 has 10 seconds left.
|inactive|tamagotchai-01 has 5 seconds left.
|
|t:|1785014167
|move|p1a: Grimmsnarl|Parting Shot|p2a: Garchomp
|-unboost|p2a: Garchomp|atk|1
|-unboost|p2a: Garchomp|spa|1
|move|p1b: Floette|Moonblast|p2a: Garchomp
|-supereffective|p2a: Garchomp|1
|-damage|p2a: Garchomp|0 fnt
|faint|p2a: Garchomp
|
|win|wait for swarley
