|j|☆Michael Skarm
|j|☆snailboss
|html|Michael Skarmsnailboss    
|uhtml|bestof|Game 3 of a best-of-3
|t:|1756671405
|gametype|doubles
|player|p1|Michael Skarm|101|1108
|player|p2|snailboss|102|1155
|gen|9
|tier|[Gen 9] VGC 2025 Reg H (Bo3)
|rated|
|rule|Species Clause: Limit one of each Pokémon
|rule|Item Clause: Limit 1 of each item
|clearpoke
|poke|p1|Garchomp, L50, F|
|poke|p1|Gholdengo, L50|
|poke|p1|Tyranitar, L50, M|
|poke|p1|Talonflame, L50, M|
|poke|p1|Clefable, L50, M|
|poke|p1|Annihilape, L50, F|
|poke|p2|Zoroark-Hisui, L50, M|
|poke|p2|Tyranitar, L50, M|
|poke|p2|Excadrill, L50, F|
|poke|p2|Indeedee-F, L50, F|
|poke|p2|Gallade, L50, M|
|poke|p2|Talonflame, L50, F|
|teampreview|4
|showteam|p1|Garchomp||LifeOrb|RoughSkin|Earthquake,DragonClaw,StompingTantrum,Protect|||F|||50|,,,,,Ground]Gholdengo||ChoiceSpecs|GoodasGold|MakeItRain,ShadowBall,Thunderbolt,PowerGem||||||50|,,,,,Steel]Tyranitar||AssaultVest|SandStream|RockSlide,KnockOff,TeraBlast,LowKick|||M|||50|,,,,,Flying]Talonflame||CovertCloak|GaleWings|BraveBird,WillOWisp,Tailwind,Taunt|||M|||50|,,,,,Grass]Clefable||SitrusBerry|Unaware|FollowMe,Moonblast,IcyWind,Protect|||M|||50|,,,,,Water]Annihilape||SafetyGoggles|Defiant|CloseCombat,RageFist,FinalGambit,Protect|||F|||50|,,,,,Stellar
|showteam|p2|Zoroark-Hisui||ChoiceSpecs|Illusion|HyperVoice,Flamethrower,ShadowBall,HyperBeam|||M|||50|,,,,,Normal]Tyranitar||AssaultVest|SandStream|RockSlide,KnockOff,LowKick,TeraBlast|||M|||50|,,,,,Flying]Excadrill||FocusSash|SandRush|IronHead,Protect,SwordsDance,Earthquake|||F|||50|,,,,,Ground]Indeedee-F||SafetyGoggles|PsychicSurge|TrickRoom,FollowMe,Psychic,HelpingHand|||F|||50|,,,,,Fairy]Gallade||ClearAmulet|Sharpness|PsychoCut,TrickRoom,WideGuard,SacredSword|||M|||50|,,,,,Grass]Talonflame||CovertCloak|GaleWings|Tailwind,BraveBird,FlareBlitz,Taunt|||F|||50|,,,,,Grass
|
|t:|1756671448
|teamsize|p1|4
|teamsize|p2|4
|start
|switch|p1a: Annihilape|Annihilape, L50, F|100/100
|switch|p1b: Talonflame|Talonflame, L50, M|100/100
|switch|p2a: Butter|Indeedee-F, L50, F|100/100
|switch|p2b: Alice|Tyranitar, L50, M|100/100
|-weather|Sandstorm|[from] ability: Sand Stream|[of] p2b: Alice
|-fieldstart|move: Psychic Terrain|[from] ability: Psychic Surge|[of] p2a: Butter
|turn|1
|
|t:|1756671498
|switch|p1a: Tyranitar|Tyranitar, L50, M|100/100
|-terastallize|p2b: Alice|Flying
|move|p1b: Talonflame|Will-O-Wisp|p2b: Alice
|-status|p2b: Alice|brn
|move|p2b: Alice|Rock Slide|p1a: Tyranitar|[spread] p1a,p1b
|-supereffective|p1b: Talonflame
|-damage|p1a: Tyranitar|87/100
|-damage|p1b: Talonflame|21/100
|move|p2a: Butter|Psychic|p1a: Tyranitar
|-immune|p1a: Tyranitar
|
|-weather|Sandstorm|[upkeep]
|-damage|p1b: Talonflame|15/100|[from] Sandstorm
|-damage|p2b: Alice|95/100 brn|[from] Sandstorm
|-damage|p2b: Alice|89/100 brn|[from] brn
|upkeep
|turn|2
|
|t:|1756671526
|move|p1b: Talonflame|Taunt|p2a: Butter
|-start|p2a: Butter|move: Taunt
|move|p1a: Tyranitar|Rock Slide|p2b: Alice|[spread] p2a,p2b
|-supereffective|p2b: Alice
|-damage|p2a: Butter|70/100
|-damage|p2b: Alice|38/100 brn
|cant|p2b: Alice|flinch
|cant|p2a: Butter|move: Taunt|Trick Room
|
|-weather|Sandstorm|[upkeep]
|-damage|p1b: Talonflame|9/100|[from] Sandstorm
|-damage|p2b: Alice|32/100 brn|[from] Sandstorm
|-damage|p2b: Alice|26/100 brn|[from] brn
|upkeep
|turn|3
|
|t:|1756671578
|move|p1b: Talonflame|Tailwind|p1b: Talonflame
|-sidestart|p1: Michael Skarm|move: Tailwind
|move|p1a: Tyranitar|Knock Off|p2a: Butter
|-supereffective|p2a: Butter
|-damage|p2a: Butter|0 fnt
|-enditem|p2a: Butter|Safety Goggles|[from] move: Knock Off|[of] p1a: Tyranitar
|faint|p2a: Butter
|move|p2b: Alice|Low Kick|p1a: Tyranitar
|-supereffective|p1a: Tyranitar
|-damage|p1a: Tyranitar|1/100
|
|-weather|Sandstorm|[upkeep]
|-damage|p1b: Talonflame|3/100|[from] Sandstorm
|-damage|p2b: Alice|20/100 brn|[from] Sandstorm
|-damage|p2b: Alice|15/100 brn|[from] brn
|upkeep
|
|t:|1756671591
|switch|p2a: Alistair|Gallade, L50, M|100/100
|turn|4
|
|t:|1756671634
|switch|p2a: Dr. Drills|Excadrill, L50, F|100/100
|move|p1b: Talonflame|Brave Bird|p2a: Dr. Drills
|-resisted|p2a: Dr. Drills
|-damage|p2a: Dr. Drills|74/100
|-damage|p1b: Talonflame|0 fnt|[from] Recoil
|faint|p1b: Talonflame
|move|p1a: Tyranitar|Knock Off|p2a: Dr. Drills
|-damage|p2a: Dr. Drills|0 fnt
|-enditem|p2a: Dr. Drills|Focus Sash|[from] move: Knock Off|[of] p1a: Tyranitar
|faint|p2a: Dr. Drills
|move|p2b: Alice|Rock Slide|p1a: Tyranitar
|-damage|p1a: Tyranitar|0 fnt
|faint|p1a: Tyranitar
|
|-weather|Sandstorm|[upkeep]
|-damage|p2b: Alice|9/100 brn|[from] Sandstorm
|-damage|p2b: Alice|3/100 brn|[from] brn
|upkeep
|
|t:|1756671644
|switch|p1b: Garchomp|Garchomp, L50, F|100/100
|switch|p2a: Alistair|Gallade, L50, M|100/100
|switch|p1a: Annihilape|Annihilape, L50, F|100/100
|turn|5
|
|t:|1756671663
|move|p1b: Garchomp|Dragon Claw|p2b: Alice
|-damage|p2b: Alice|0 fnt
|faint|p2b: Alice
|-damage|p1b: Garchomp|91/100|[from] item: Life Orb
|move|p1a: Annihilape|Final Gambit|p2a: Alistair
|-damage|p2a: Alistair|0 fnt
|faint|p1a: Annihilape
|faint|p2a: Alistair
|
|win|Michael Skarm
|raw|Michael Skarm's rating: 1108 → 1136(+28 for winning)
|raw|snailboss's rating: 1155 → 1127(-28 for losing)
