|j|☆Dengi_padestha
|j|☆Divine Monkey King
|html|Dengi_padesthaDivine Monkey King    
|uhtml|bestof|Game 1 of a best-of-3
|t:|1784377152
|gametype|doubles
|player|p1|Dengi_padestha|n|1013
|player|p2|Divine Monkey King|2|1090
|gen|9
|tier|[Gen 9 Champions] VGC 2026 Reg M-B (Bo3)
|rated|
|rule|Species Clause: Limit one of each Pokémon
|rule|Item Clause: Limit 1 of each item
|clearpoke
|poke|p1|Grimmsnarl, L50, M|
|poke|p1|Blaziken, L50, M|
|poke|p1|Sneasler, L50, F|
|poke|p1|Basculegion, L50, M|
|poke|p1|Sylveon, L50, F|
|poke|p1|Sinistcha, L50|
|poke|p2|Tyranitar, L50, M, shiny|
|poke|p2|Aerodactyl, L50, M, shiny|
|poke|p2|Pelipper, L50, M, shiny|
|poke|p2|Basculegion, L50, M, shiny|
|poke|p2|Beedrill, L50, M, shiny|
|poke|p2|Annihilape, L50, M, shiny|
|teampreview|4
|showteam|p1|Grimmsnarl||LightClay|Prankster|Taunt,Reflect,LightScreen,SpiritBreak|Careful||M|||50|]Blaziken||Blazikenite|SpeedBoost|FlareBlitz,Detect,CloseCombat,RockSlide|Adamant||M|||50|]Sneasler||WideLens|PoisonTouch|FakeOut,Protect,Coaching,GunkShot|Adamant||F|||50|]Basculegion||SitrusBerry|Adaptability|LastRespects,Protect,Agility,WaveCrash|Adamant||M|||50|]Sylveon||FairyFeather|Pixilate|HyperBeam,HyperVoice,CalmMind,Protect|Modest||F|||50|]Sinistcha||ColburBerry|Hospitality|MatchaGotcha,LifeDew,RagePowder,StrengthSap|Bold|||||50|
|showteam|p2|Tyranitar||Tyranitarite|SandStream|BrickBreak,KnockOff,Protect,RockSlide|Adamant||M|||50|]Aerodactyl||FocusSash|Unnerve|DualWingbeat,IronHead,Protect,Tailwind|Jolly||M|||50|]Pelipper||WacanBerry|Drizzle|Hurricane,IceBeam,Protect,WeatherBall|Calm||M|||50|]Basculegion||MysticWater|SwiftSwim|AquaJet,FlipTurn,LastRespects,Protect|Adamant||M|||50|]Beedrill||Beedrillite|Sniper|PoisonJab,Protect,Uturn,FellStinger|Jolly||M|||50|]Annihilape||Leftovers|Defiant|BulkUp,DrainPunch,Protect,ThunderPunch|Adamant||M|||50|
|
|t:|1784377217
|teamsize|p1|4
|teamsize|p2|4
|start
|switch|p1a: Grimmsnarl|Grimmsnarl, L50, M|100/100
|switch|p1b: Blaziken|Blaziken, L50, M|100/100
|switch|p2a: Aerodactyl|Aerodactyl, L50, M, shiny|100/100
|switch|p2b: Basculegion|Basculegion, L50, M, shiny|100/100
|-ability|p2a: Aerodactyl|Unnerve
|turn|1
|
|t:|1784377249
|switch|p2a: Pelipper|Pelipper, L50, M, shiny|100/100
|-weather|RainDance|[from] ability: Drizzle|[of] p2a: Pelipper
|detailschange|p1b: Blaziken|Blaziken-Mega, L50, M
|-mega|p1b: Blaziken|Blaziken|Blazikenite
|move|p1a: Grimmsnarl|Reflect|p1a: Grimmsnarl
|-sidestart|p1: Dengi_padestha|Reflect
|move|p2b: Basculegion|Flip Turn|p1b: Blaziken
|-supereffective|p1b: Blaziken|1
|-damage|p1b: Blaziken|14/100
|
|t:|1784377260
|switch|p2b: Aerodactyl|Aerodactyl, L50, M, shiny|100/100|[from] Flip Turn
|-ability|p2b: Aerodactyl|Unnerve
|move|p1b: Blaziken|Rock Slide|p2a: Pelipper|[spread] p2b
|-miss|p1b: Blaziken|p2a: Pelipper
|-supereffective|p2b: Aerodactyl|1
|-damage|p2b: Aerodactyl|35/100
|
|-weather|RainDance|[upkeep]
|-ability|p1b: Blaziken|Speed Boost|boost
|-boost|p1b: Blaziken|spe|1
|upkeep
|turn|2
|
|t:|1784377283
|switch|p1a: Sinistcha|Sinistcha, L50|100/100
|-heal|p1b: Blaziken|39/100|[from] ability: Hospitality|[of] p1a: Sinistcha
|move|p2b: Aerodactyl|Tailwind|p2b: Aerodactyl
|-sidestart|p2: Divine Monkey King|move: Tailwind
|move|p2a: Pelipper|Hurricane|p1b: Blaziken
|-supereffective|p1b: Blaziken|1
|-damage|p1b: Blaziken|0 fnt
|faint|p1b: Blaziken
|
|-weather|RainDance|[upkeep]
|upkeep
|
|t:|1784377295
|switch|p1b: Grimmsnarl|Grimmsnarl, L50, M|100/100
|turn|3
|
|t:|1784377307
|move|p1a: Sinistcha|Rage Powder|p1a: Sinistcha
|-singleturn|p1a: Sinistcha|move: Rage Powder
|move|p2b: Aerodactyl|Dual Wingbeat|p1a: Sinistcha
|-supereffective|p1a: Sinistcha|1
|-damage|p1a: Sinistcha|75/100
|-supereffective|p1a: Sinistcha|1
|-damage|p1a: Sinistcha|52/100
|-hitcount|p1a: Sinistcha|2
|move|p2a: Pelipper|Hurricane|p1a: Sinistcha
|-supereffective|p1a: Sinistcha|1
|-damage|p1a: Sinistcha|0 fnt
|faint|p1a: Sinistcha
|move|p1b: Grimmsnarl|Spirit Break|p2a: Pelipper
|-damage|p2a: Pelipper|64/100
|-unboost|p2a: Pelipper|spa|1
|
|-weather|RainDance|[upkeep]
|upkeep
|
|t:|1784377313
|switch|p1a: Sylveon|Sylveon, L50, F|100/100
|turn|4
|
|t:|1784377329
|move|p1b: Grimmsnarl|Light Screen|p1b: Grimmsnarl
|-sidestart|p1: Dengi_padestha|move: Light Screen
|move|p2b: Aerodactyl|Iron Head|p1a: Sylveon
|-supereffective|p1a: Sylveon|1
|-crit|p1a: Sylveon
|-damage|p1a: Sylveon|18/100
|move|p2a: Pelipper|Hurricane|p1a: Sylveon
|-damage|p1a: Sylveon|3/100
|move|p1a: Sylveon|Hyper Voice|p2b: Aerodactyl|[spread] p2a,p2b
|-damage|p2a: Pelipper|12/100
|-damage|p2b: Aerodactyl|0 fnt
|faint|p2b: Aerodactyl
|
|-weather|RainDance|[upkeep]
|upkeep
|
|t:|1784377343
|switch|p2b: Beedrill|Beedrill, L50, M, shiny|100/100
|turn|5
|
|t:|1784377357
|detailschange|p2b: Beedrill|Beedrill-Mega, L50, M, shiny
|-mega|p2b: Beedrill|Beedrill|Beedrillite
|move|p1a: Sylveon|Protect|p1a: Sylveon
|-singleturn|p1a: Sylveon|Protect
|move|p2b: Beedrill|Fell Stinger|p1a: Sylveon
|-activate|p1a: Sylveon|move: Protect
|move|p2a: Pelipper|Hurricane|p1b: Grimmsnarl
|-damage|p1b: Grimmsnarl|84/100
|-start|p1b: Grimmsnarl|confusion
|-activate|p1b: Grimmsnarl|confusion
|move|p1b: Grimmsnarl|Spirit Break|p2a: Pelipper
|-damage|p2a: Pelipper|0 fnt
|faint|p2a: Pelipper
|
|-weather|none
|-sideend|p2: Divine Monkey King|move: Tailwind
|upkeep
|
|t:|1784377371
|switch|p2a: Basculegion|Basculegion, L50, M, shiny|100/100
|turn|6
|
|t:|1784377398
|move|p2b: Beedrill|Fell Stinger|p1a: Sylveon
|-resisted|p1a: Sylveon|1
|-damage|p1a: Sylveon|0 fnt
|faint|p1a: Sylveon
|-boost|p2b: Beedrill|atk|3
|move|p2a: Basculegion|Flip Turn|p1b: Grimmsnarl
|-damage|p1b: Grimmsnarl|54/100
|-activate|p1b: Grimmsnarl|confusion
|move|p1b: Grimmsnarl|Spirit Break|p2a: Basculegion
|-damage|p2a: Basculegion|57/100
|-unboost|p2a: Basculegion|spa|1
|
|upkeep
|turn|7
|
|t:|1784377414
|move|p2b: Beedrill|Poison Jab|p1b: Grimmsnarl
|-supereffective|p1b: Grimmsnarl|1
|-damage|p1b: Grimmsnarl|0 fnt
|faint|p1b: Grimmsnarl
|
|win|Divine Monkey King
|l|☆Dengi_padestha
|player|p1|
