|j|☆SongokuVG Fr
|j|☆palle synchro
|html|SongokuVG Frpalle synchro    
|uhtml|bestof|Game 2 of a best-of-3
|t:|1757078318
|gametype|doubles
|player|p1|SongokuVG Fr|lucian|1350
|player|p2|palle synchro|volkner|1374
|gen|9
|tier|[Gen 9] VGC 2025 Reg H (Bo3)
|rated|
|rule|Species Clause: Limit one of each Pokémon
|rule|Item Clause: Limit 1 of each item
|clearpoke
|poke|p1|Klefki, L50, M|
|poke|p1|Ursaluna-Bloodmoon, L50, M|
|poke|p1|Maushold-Four, L50|
|poke|p1|Annihilape, L50, M|
|poke|p1|Ninetales-Alola, L50, M|
|poke|p1|Sinistcha, L50|
|poke|p2|Whimsicott, L50, F|
|poke|p2|Annihilape, L50, M|
|poke|p2|Indeedee, L50, M|
|poke|p2|Sneasler, L50, M|
|poke|p2|Ursaluna-Bloodmoon, L50, M|
|poke|p2|Archaludon, L50, F|
|teampreview|4
|showteam|p1|Klefki||LightClay|Prankster|Reflect,LightScreen,MistyTerrain,DazzlingGleam|||M|||50|,,,,,Ghost]Ursaluna-Bloodmoon||AssaultVest|MindsEye|BloodMoon,HyperVoice,VacuumWave,EarthPower|||M|||50|,,,,,Water]Maushold-Four||SafetyGoggles|FriendGuard|FollowMe,Protect,Taunt,BeatUp||||||50|,,,,,Ghost]Annihilape||Leftovers|Defiant|DrainPunch,RageFist,Protect,BulkUp|||M|||50|,,,,,Water]Ninetales-Alola||FocusSash|SnowWarning|Blizzard,Protect,Encore,FreezeDry|||M|||50|,,,,,Ghost]Sinistcha||SitrusBerry|Hospitality|MatchaGotcha,RagePowder,LifeDew,TrickRoom||||||50|,,,,,Water
|showteam|p2|Whimsicott||CovertCloak|Prankster|Moonblast,Taunt,Tailwind,FakeTears|||F|||50|,,,,,Water]Annihilape||SafetyGoggles|Defiant|CloseCombat,RageFist,FinalGambit,Taunt|||M|||50|,,,,,Water]Indeedee||FocusSash|PsychicSurge|ExpandingForce,TeraBlast,Imprison,TrickRoom|||M|||50|,,,,,Psychic]Sneasler||PsychicSeed|Unburden|CloseCombat,DireClaw,ThroatChop,Protect|||M|||50|,,,,,Dark]Ursaluna-Bloodmoon||LifeOrb|MindsEye|HyperVoice,BloodMoon,EarthPower,Protect|||M|||50|,,,,,Normal]Archaludon||PowerHerb|Sturdy|ElectroShot,DragonPulse,Thunderbolt,Protect|||F|||50|,,,,,Electric
|inactive|Battle timer is ON: inactive players will automatically lose when time's up. (requested by palle synchro)
|
|t:|1757078340
|teamsize|p1|4
|teamsize|p2|4
|start
|switch|p1a: Sinistcha|Sinistcha, L50|100/100
|switch|p1b: Ursaluna|Ursaluna-Bloodmoon, L50, M|100/100
|switch|p2a: Whimsicott|Whimsicott, L50, F|100/100
|switch|p2b: Ursaluna|Ursaluna-Bloodmoon, L50, M|100/100
|turn|1
|
|t:|1757078362
|move|p2b: Ursaluna|Protect|p2b: Ursaluna
|-singleturn|p2b: Ursaluna|Protect
|move|p2a: Whimsicott|Taunt|p1a: Sinistcha
|-start|p1a: Sinistcha|move: Taunt
|move|p1b: Ursaluna|Hyper Voice|p2a: Whimsicott|[spread] p2a
|-activate|p2b: Ursaluna|move: Protect
|-damage|p2a: Whimsicott|47/100
|move|p1a: Sinistcha|Matcha Gotcha|p2b: Ursaluna|[spread] 
|-activate|p2b: Ursaluna|move: Protect
|-miss|p1a: Sinistcha|p2a: Whimsicott
|
|upkeep
|turn|2
|
|t:|1757078379
|-terastallize|p2b: Ursaluna|Normal
|move|p2a: Whimsicott|Fake Tears|p1b: Ursaluna
|-unboost|p1b: Ursaluna|spd|2
|move|p2b: Ursaluna|Blood Moon|p1b: Ursaluna
|-damage|p1b: Ursaluna|0 fnt
|faint|p1b: Ursaluna
|-damage|p2b: Ursaluna|91/100|[from] item: Life Orb
|move|p1a: Sinistcha|Matcha Gotcha|p2a: Whimsicott|[spread] p2b
|-miss|p1a: Sinistcha|p2a: Whimsicott
|-damage|p2b: Ursaluna|59/100
|
|upkeep
|
|t:|1757078397
|switch|p1b: Ninetales|Ninetales-Alola, L50, M|100/100
|-weather|Snowscape|[from] ability: Snow Warning|[of] p1b: Ninetales
|turn|3
|
|t:|1757078401
|move|p2a: Whimsicott|Tailwind|p2a: Whimsicott
|-sidestart|p2: palle synchro|move: Tailwind
|move|p2b: Ursaluna|Hyper Voice|p1b: Ninetales|[spread] p1a,p1b
|-damage|p1a: Sinistcha|41/100
|-damage|p1b: Ninetales|18/100
|-enditem|p1a: Sinistcha|Sitrus Berry|[eat]
|-heal|p1a: Sinistcha|66/100|[from] item: Sitrus Berry
|-damage|p2b: Ursaluna|50/100|[from] item: Life Orb
|move|p1b: Ninetales|Blizzard|p2b: Ursaluna|[spread] p2a,p2b
|-supereffective|p2a: Whimsicott
|-damage|p2a: Whimsicott|0 fnt
|-damage|p2b: Ursaluna|6/100
|faint|p2a: Whimsicott
|move|p1a: Sinistcha|Matcha Gotcha|p2b: Ursaluna
|-damage|p2b: Ursaluna|0 fnt
|-heal|p1a: Sinistcha|70/100|[from] drain|[of] p2b: Ursaluna
|faint|p2b: Ursaluna
|
|-weather|Snowscape|[upkeep]
|-end|p1a: Sinistcha|move: Taunt
|upkeep
|
|t:|1757078406
|switch|p2a: Indeedee|Indeedee, L50, M|100/100
|switch|p2b: Annihilape|Annihilape, L50, M|100/100
|-fieldstart|move: Psychic Terrain|[from] ability: Psychic Surge|[of] p2a: Indeedee
|turn|4
|
|t:|1757078428
|switch|p1b: Klefki|Klefki, L50, M|100/100
|-terastallize|p1a: Sinistcha|Water
|move|p2a: Indeedee|Expanding Force|p1b: Klefki|[spread] p1a,p1b
|-resisted|p1b: Klefki
|-damage|p1a: Sinistcha|22/100
|-damage|p1b: Klefki|77/100
|move|p2b: Annihilape|Rage Fist|p1a: Sinistcha
|-damage|p1a: Sinistcha|2/100
|move|p1a: Sinistcha|Trick Room|p1a: Sinistcha
|-fieldstart|move: Trick Room|[of] p1a: Sinistcha
|
|-weather|Snowscape|[upkeep]
|upkeep
|turn|5
|inactive|palle synchro has 30 seconds left.
|
|t:|1757078456
|move|p1b: Klefki|Misty Terrain|p1b: Klefki
|-fieldstart|move: Misty Terrain
|move|p1a: Sinistcha|Life Dew|p1a: Sinistcha|[spread] p1a,p1b
|-heal|p1a: Sinistcha|27/100
|-heal|p1b: Klefki|100/100
|move|p2b: Annihilape|Rage Fist|p1b: Klefki
|-damage|p1b: Klefki|79/100
|move|p2a: Indeedee|Expanding Force|p1b: Klefki
|-resisted|p1b: Klefki
|-damage|p1b: Klefki|62/100
|
|-weather|Snowscape|[upkeep]
|upkeep
|turn|6
|
|t:|1757078471
|move|p1b: Klefki|Light Screen|p1b: Klefki
|-sidestart|p1: SongokuVG Fr|move: Light Screen
|move|p1a: Sinistcha|Matcha Gotcha|p2a: Indeedee|[spread] p2a,p2b
|-damage|p2a: Indeedee|67/100
|-heal|p1a: Sinistcha|40/100|[from] drain|[of] p2a: Indeedee
|-damage|p2b: Annihilape|75/100
|-heal|p1a: Sinistcha|54/100|[from] drain|[of] p2b: Annihilape
|move|p2b: Annihilape|Rage Fist|p1b: Klefki
|-damage|p1b: Klefki|13/100
|move|p2a: Indeedee|Expanding Force|p1a: Sinistcha
|-damage|p1a: Sinistcha|33/100
|
|-weather|Snowscape|[upkeep]
|-sideend|p2: palle synchro|move: Tailwind
|upkeep
|turn|7
|
|t:|1757078490
|move|p1a: Sinistcha|Matcha Gotcha|p2b: Annihilape|[spread] p2b
|-miss|p1a: Sinistcha|p2a: Indeedee
|-damage|p2b: Annihilape|50/100
|-heal|p1a: Sinistcha|47/100|[from] drain|[of] p2b: Annihilape
|move|p1b: Klefki|Dazzling Gleam|p2b: Annihilape|[spread] p2a,p2b
|-supereffective|p2b: Annihilape
|-damage|p2a: Indeedee|43/100
|-damage|p2b: Annihilape|19/100
|move|p2b: Annihilape|Rage Fist|p1a: Sinistcha
|-damage|p1a: Sinistcha|0 fnt
|faint|p1a: Sinistcha
|move|p2a: Indeedee|Expanding Force|p1b: Klefki
|-resisted|p1b: Klefki
|-damage|p1b: Klefki|2/100
|
|-weather|none
|upkeep
|
|t:|1757078499
|switch|p1a: Ninetales|Ninetales-Alola, L50, M|18/100
|-weather|Snowscape|[from] ability: Snow Warning|[of] p1a: Ninetales
|turn|8
|
|t:|1757078510
|move|p1b: Klefki|Dazzling Gleam|p2a: Indeedee|[spread] p2a,p2b
|-supereffective|p2b: Annihilape
|-damage|p2a: Indeedee|18/100
|-damage|p2b: Annihilape|0 fnt
|faint|p2b: Annihilape
|move|p2a: Indeedee|Expanding Force|p1b: Klefki
|-resisted|p1b: Klefki
|-damage|p1b: Klefki|0 fnt
|faint|p1b: Klefki
|move|p1a: Ninetales|Blizzard|p2a: Indeedee
|-damage|p2a: Indeedee|0 fnt
|faint|p2a: Indeedee
|
|win|SongokuVG Fr
