|j|☆HaoSigismondi
|j|☆deans milk
|html|HaoSigismondideans milk    
|uhtml|bestof|Game 2 of a best-of-3
|t:|1757912659
|gametype|doubles
|player|p1|HaoSigismondi|ethan|1231
|player|p2|deans milk|idol|1132
|gen|9
|tier|[Gen 9] VGC 2025 Reg H (Bo3)
|rated|
|rule|Species Clause: Limit one of each Pokémon
|rule|Item Clause: Limit 1 of each item
|clearpoke
|poke|p1|Gholdengo, L50|
|poke|p1|Amoonguss, L50, M|
|poke|p1|Basculegion, L50, M|
|poke|p1|Pelipper, L50, M|
|poke|p1|Incineroar, L50, F|
|poke|p1|Archaludon, L50, M|
|poke|p2|Archaludon, L50, F|
|poke|p2|Kingdra, L50, F|
|poke|p2|Politoed, L50, M|
|poke|p2|Incineroar, L50, F|
|poke|p2|Gothitelle, L50, F|
|poke|p2|Amoonguss, L50, F|
|teampreview|4
|showteam|p1|Gholdengo||LifeOrb|GoodasGold|MakeItRain,ShadowBall,NastyPlot,Protect||||||50|,,,,,Flying]Amoonguss||SitrusBerry|Regenerator|Spore,RagePowder,PollenPuff,ClearSmog|||M|||50|,,,,,Psychic]Basculegion||ChoiceBand|SwiftSwim|WaveCrash,FlipTurn,LastRespects,AquaJet|||M|||50|,,,,,Water]Pelipper||FocusSash|Drizzle|WeatherBall,Hurricane,Tailwind,Protect|||M|||50|,,,,,Ghost]Incineroar||SafetyGoggles|Intimidate|FlareBlitz,KnockOff,PartingShot,FakeOut|||F|||50|,,,,,Water]Archaludon||AssaultVest|Stamina|ElectroShot,FlashCannon,DracoMeteor,BodyPress|||M|||50|,,,,,Fighting
|showteam|p2|Archaludon||PowerHerb|Sturdy|Protect,ElectroShot,FlashCannon,DragonPulse|||F|||50|,,,,,Electric]Kingdra||LifeOrb|SwiftSwim|Protect,DracoMeteor,WeatherBall,MuddyWater|||F|||50|,,,,,Stellar]Politoed||Leftovers|Drizzle|Protect,WeatherBall,PerishSong,Encore|||M|||50|,,,,,Grass]Incineroar||SafetyGoggles|Intimidate|FakeOut,KnockOff,PartingShot,Protect|||F|||50|,,,,,Ghost]Gothitelle||SitrusBerry|ShadowTag|Protect,Psychic,FakeOut,TrickRoom|||F|||50|,,,,,Dark]Amoonguss||EjectButton|Regenerator|Protect,RagePowder,Spore,PollenPuff|||F|||50|,,,,,Fairy
|inactive|Battle timer is ON: inactive players will automatically lose when time's up. (requested by HaoSigismondi)
|inactive|HaoSigismondi has 60 seconds left.
|
|t:|1757912693
|teamsize|p1|4
|teamsize|p2|4
|start
|switch|p1a: Gholdengo|Gholdengo, L50|100/100
|switch|p1b: Basculegion|Basculegion, L50, M|100/100
|switch|p2a: Archaludon|Archaludon, L50, F|100/100
|switch|p2b: Kingdra|Kingdra, L50, F|100/100
|turn|1
|
|t:|1757912715
|-terastallize|p2a: Archaludon|Electric
|move|p2b: Kingdra|Protect|p2b: Kingdra
|-singleturn|p2b: Kingdra|Protect
|move|p2a: Archaludon|Electro Shot||[still]
|-prepare|p2a: Archaludon|Electro Shot
|-boost|p2a: Archaludon|spa|1
|-enditem|p2a: Archaludon|Power Herb
|-anim|p2a: Archaludon|Electro Shot|p1a: Gholdengo
|-damage|p1a: Gholdengo|1/100
|move|p1a: Gholdengo|Nasty Plot|p1a: Gholdengo
|-boost|p1a: Gholdengo|spa|2
|move|p1b: Basculegion|Flip Turn|p2a: Archaludon
|-damage|p2a: Archaludon|66/100
|
|t:|1757912732
|switch|p1b: Archaludon|Archaludon, L50, M|100/100|[from] Flip Turn
|
|upkeep
|turn|2
|inactive|deans milk has 30 seconds left.
|
|t:|1757912763
|move|p2a: Archaludon|Protect|p2a: Archaludon
|-singleturn|p2a: Archaludon|Protect
|move|p2b: Kingdra|Protect|p2b: Kingdra
|-singleturn|p2b: Kingdra|Protect
|move|p1a: Gholdengo|Make It Rain|p2b: Kingdra|[spread] 
|-activate|p2a: Archaludon|move: Protect
|-activate|p2b: Kingdra|move: Protect
|move|p1b: Archaludon|Draco Meteor|p2b: Kingdra
|-activate|p2b: Kingdra|move: Protect
|
|upkeep
|turn|3
|inactive|deans milk has 30 seconds left.
|
|t:|1757912797
|switch|p2b: Amoonguss|Amoonguss, L50, F|100/100
|move|p2a: Archaludon|Dragon Pulse|p1a: Gholdengo
|-resisted|p1a: Gholdengo
|-damage|p1a: Gholdengo|0 fnt
|faint|p1a: Gholdengo
|move|p1b: Archaludon|Draco Meteor|p2b: Amoonguss
|-damage|p2b: Amoonguss|44/100
|-unboost|p1b: Archaludon|spa|2
|-enditem|p2b: Amoonguss|Eject Button
|
|t:|1757912818
|switch|p2b: Kingdra|Kingdra, L50, F|100/100
|
|upkeep
|
|t:|1757912825
|switch|p1a: Basculegion|Basculegion, L50, M|100/100
|turn|4
|
|t:|1757912837
|switch|p2b: Amoonguss|Amoonguss, L50, F|77/100
|switch|p1b: Pelipper|Pelipper, L50, M|100/100
|-weather|RainDance|[from] ability: Drizzle|[of] p1b: Pelipper
|-terastallize|p1a: Basculegion|Water
|move|p2a: Archaludon|Protect|p2a: Archaludon
|-singleturn|p2a: Archaludon|Protect
|move|p1a: Basculegion|Wave Crash|p2a: Archaludon
|-activate|p2a: Archaludon|move: Protect
|
|-weather|RainDance|[upkeep]
|upkeep
|turn|5
|inactive|HaoSigismondi has 30 seconds left.
|
|t:|1757912868
|move|p2b: Amoonguss|Rage Powder|p2b: Amoonguss
|-singleturn|p2b: Amoonguss|move: Rage Powder
|move|p1a: Basculegion|Wave Crash|p2b: Amoonguss
|-resisted|p2b: Amoonguss
|-damage|p2b: Amoonguss|0 fnt
|faint|p2b: Amoonguss
|-damage|p1a: Basculegion|72/100|[from] Recoil
|move|p2a: Archaludon|Electro Shot||[still]
|-prepare|p2a: Archaludon|Electro Shot
|-boost|p2a: Archaludon|spa|1
|-anim|p2a: Archaludon|Electro Shot|p1a: Basculegion
|-supereffective|p1a: Basculegion
|-damage|p1a: Basculegion|0 fnt
|faint|p1a: Basculegion
|move|p1b: Pelipper|Tailwind|p1b: Pelipper
|-sidestart|p1: HaoSigismondi|move: Tailwind
|
|-weather|RainDance|[upkeep]
|upkeep
|
|t:|1757912886
|switch|p1a: Archaludon|Archaludon, L50, M|100/100
|switch|p2b: Kingdra|Kingdra, L50, F|100/100
|turn|6
|
|t:|1757912899
|move|p2b: Kingdra|Draco Meteor|p1a: Archaludon
|-damage|p1a: Archaludon|39/100
|-unboost|p2b: Kingdra|spa|2
|-ability|p1a: Archaludon|Stamina|boost
|-boost|p1a: Archaludon|def|1
|-damage|p2b: Kingdra|91/100|[from] item: Life Orb
|move|p1a: Archaludon|Draco Meteor|p2b: Kingdra
|-supereffective|p2b: Kingdra
|-damage|p2b: Kingdra|0 fnt
|-unboost|p1a: Archaludon|spa|2
|faint|p2b: Kingdra
|move|p1b: Pelipper|Weather Ball|p2a: Archaludon
|-damage|p2a: Archaludon|0 fnt
|faint|p2a: Archaludon
|
|-weather|RainDance|[upkeep]
|upkeep
|
|t:|1757912915
|switch|p2b: Politoed|Politoed, L50, M|100/100
|turn|7
|-message|deans milk forfeited.
|
|win|HaoSigismondi
|raw|HaoSigismondi's rating: 1231 → 1249(+18 for winning)
|raw|deans milk's rating: 1132 → 1114(-18 for losing)
|l|☆deans milk
|player|p2|
