|j|☆MackleMorelull
|j|☆valxrie
|html|MackleMorelullvalxrie    
|uhtml|bestof|Game 3 of a best-of-3
|t:|1784401325
|gametype|doubles
|player|p1|MackleMorelull|worker|
|player|p2|valxrie|102|
|gen|9
|tier|[Gen 9 Champions] VGC 2026 Reg M-B (Bo3)
|rule|Species Clause: Limit one of each Pokémon
|rule|Item Clause: Limit 1 of each item
|clearpoke
|poke|p1|Sinistcha, L50|
|poke|p1|Klefki, L50, M|
|poke|p1|Azumarill, L50, M|
|poke|p1|Drampa, L50, F|
|poke|p1|Aerodactyl, L50, F|
|poke|p1|Conkeldurr, L50, M|
|poke|p2|Garchomp, L50, M|
|poke|p2|Sableye, L50, F|
|poke|p2|Metagross, L50|
|poke|p2|Delphox, L50, M|
|poke|p2|Sneasler, L50, M|
|poke|p2|Floette-Eternal, L50, F|
|teampreview|4
|showteam|p1|Sinistcha||SitrusBerry|Hospitality|LifeDew,RagePowder,MatchaGotcha,TrickRoom|Relaxed|||||50|]Klefki||MentalHerb|Prankster|TrickRoom,LightScreen,DrainingKiss,Reflect|Relaxed||M|||50|]Azumarill||ExpertBelt|HugePower|Liquidation,AquaJet,PlayRough,Protect|Adamant||M|||50|]Drampa||Drampanite|CloudNine|DragonPulse,HyperVoice,Protect,EarthPower|Modest||F|||50|]Aerodactyl||Aerodactylite|Unnerve|RockSlide,DualWingbeat,PsychicFangs,WideGuard|Jolly||F|||50|]Conkeldurr||LifeOrb|IronFist|HammerArm,DrainPunch,RockSlide,KnockOff|Adamant||M|||50|
|showteam|p2|Garchomp||ChoiceScarf|RoughSkin|Earthquake,RockSlide,DragonClaw,FireBlast|Naive||M|||50|]Sableye||RoseliBerry|Prankster|FakeOut,Encore,KnockOff,WillOWisp|Careful||F|||50|]Metagross||Metagrossite|ClearBody|MeteorMash,PsychicFangs,RockSlide,BulletPunch|Jolly|||||50|]Delphox||Delphoxite|Blaze|HeatWave,Psychic,Overheat,DazzlingGleam|Timid||M|||50|]Sneasler||WhiteHerb|Unburden|UpperHand,CloseCombat,DireClaw,FakeOut|Adamant||M|||50|]Floette-Eternal||LifeOrb|Symbiosis|Synthesis,LightofRuin,EnergyBall,Trailblaze|Hasty||F|||50|
|j|+joey
|
|t:|1784401368
|teamsize|p1|4
|teamsize|p2|4
|start
|switch|p1a: The Drank|Sinistcha, L50|100/100
|switch|p1b: Peepaw|Drampa, L50, F|100/100
|switch|p2a: Metagross|Metagross, L50|100/100
|switch|p2b: Sneasler|Sneasler, L50, M|100/100
|-ability|p1b: Peepaw|Cloud Nine
|turn|1
|
|t:|1784401394
|detailschange|p2a: Metagross|Metagross-Mega, L50
|-mega|p2a: Metagross|Metagross|Metagrossite
|detailschange|p1b: Peepaw|Drampa-Mega, L50, F
|-mega|p1b: Peepaw|Drampa|Drampanite
|move|p1a: The Drank|Rage Powder|p1a: The Drank
|-singleturn|p1a: The Drank|move: Rage Powder
|move|p2a: Metagross|Meteor Mash|p1a: The Drank
|-damage|p1a: The Drank|52/100
|move|p2b: Sneasler|Close Combat|p1a: The Drank
|-immune|p1a: The Drank
|move|p1b: Peepaw|Earth Power|p2b: Sneasler
|-supereffective|p2b: Sneasler|1
|-damage|p2b: Sneasler|0 fnt
|faint|p2b: Sneasler
|
|upkeep
|
|t:|1784401407
|switch|p2b: Sableye|Sableye, L50, F|100/100
|turn|2
|
|t:|1784401454
|move|p2a: Metagross|Meteor Mash|p1a: The Drank
|-damage|p1a: The Drank|4/100
|-boost|p2a: Metagross|atk|1
|-enditem|p1a: The Drank|Sitrus Berry|[eat]
|-heal|p1a: The Drank|29/100|[from] item: Sitrus Berry
|move|p1a: The Drank|Matcha Gotcha|p2b: Sableye|[spread] p2a,p2b
|-resisted|p2a: Metagross|1
|-damage|p2a: Metagross|87/100
|-heal|p1a: The Drank|34/100|[from] drain|[of] p2a: Metagross
|-damage|p2b: Sableye|72/100
|-heal|p1a: The Drank|47/100|[from] drain|[of] p2b: Sableye
|-status|p2a: Metagross|brn
|move|p2b: Sableye|Knock Off|p1a: The Drank
|-supereffective|p1a: The Drank|1
|-damage|p1a: The Drank|22/100
|move|p1b: Peepaw|Earth Power|p2a: Metagross
|-supereffective|p2a: Metagross|1
|-damage|p2a: Metagross|1/100 brn
|
|-damage|p2a: Metagross|0 fnt|[from] brn
|faint|p2a: Metagross
|upkeep
|
|t:|1784401471
|switch|p2a: Floette|Floette-Eternal, L50, F|100/100
|turn|3
|
|t:|1784401493
|move|p1a: The Drank|Rage Powder|p1a: The Drank
|-singleturn|p1a: The Drank|move: Rage Powder
|move|p2a: Floette|Light of Ruin|p1a: The Drank
|-damage|p1a: The Drank|0 fnt
|faint|p1a: The Drank
|-damage|p2a: Floette|86/100|[from] Recoil
|-damage|p2a: Floette|77/100|[from] item: Life Orb
|move|p2b: Sableye|Knock Off|p1b: Peepaw
|-damage|p1b: Peepaw|84/100
|move|p1b: Peepaw|Hyper Voice|p2b: Sableye|[spread] p2a
|-immune|p2b: Sableye
|-damage|p2a: Floette|34/100
|
|upkeep
|
|t:|1784401513
|switch|p1a: The Woker|Azumarill, L50, M|100/100
|turn|4
|
|t:|1784401536
|move|p1a: The Woker|Aqua Jet|p2a: Floette
|-damage|p2a: Floette|0 fnt
|faint|p2a: Floette
|move|p2b: Sableye|Will-O-Wisp|p1b: Peepaw
|-status|p1b: Peepaw|brn
|move|p1b: Peepaw|Dragon Pulse|p2b: Sableye
|-damage|p2b: Sableye|14/100
|
|-damage|p1b: Peepaw|78/100 brn|[from] brn
|upkeep
|turn|5
|
|t:|1784401545
|move|p1a: The Woker|Aqua Jet|p2b: Sableye
|-damage|p2b: Sableye|0 fnt
|faint|p2b: Sableye
|
|win|MackleMorelull
