|j|☆Ramalon
|j|☆marcoslegui
|html|Ramalonmarcoslegui    
|uhtml|bestof|Game 1 of a best-of-3
|t:|1756467557
|gametype|doubles
|player|p1|Ramalon|ingo|1075
|player|p2|marcoslegui|pokekid|1139
|gen|9
|tier|[Gen 9] VGC 2025 Reg H (Bo3)
|rated|
|rule|Species Clause: Limit one of each Pokémon
|rule|Item Clause: Limit 1 of each item
|clearpoke
|poke|p1|Pelipper, L50, F|
|poke|p1|Archaludon, L50, F|
|poke|p1|Amoonguss, L50, M|
|poke|p1|Gholdengo, L50|
|poke|p1|Basculegion, L50, M|
|poke|p1|Incineroar, L50, F|
|poke|p2|Sneasler, L50, F|
|poke|p2|Volcarona, L50, M|
|poke|p2|Kingambit, L50, M|
|poke|p2|Baxcalibur, L50, F|
|poke|p2|Basculegion, L50, M|
|poke|p2|Rillaboom, L50, M|
|teampreview|4
|showteam|p1|Pelipper||FocusSash|Drizzle|Protect,Tailwind,Hurricane,WeatherBall|||F|||50|,,,,,Stellar]Archaludon||AssaultVest|Stamina|BodyPress,FlashCannon,DragonPulse,ElectroShot|||F|||50|,,,,,Grass]Amoonguss||RockyHelmet|Regenerator|Spore,RagePowder,PollenPuff,Protect|||M|||50|,,,,,Water]Gholdengo||LifeOrb|GoodasGold|MakeItRain,ShadowBall,NastyPlot,Protect||||||50|,,,,,Water]Basculegion||ChoiceScarf|Adaptability|WaveCrash,AquaJet,LastRespects,FlipTurn|||M|||50|,,,,,Water]Incineroar||SafetyGoggles|Intimidate|KnockOff,FlareBlitz,PartingShot,FakeOut|||F|||50|,,,,,Ghost
|showteam|p2|Sneasler||FocusSash|Unburden|DireClaw,CloseCombat,Protect,Coaching|||F|||50|,,,,,Stellar]Volcarona||CovertCloak|FlameBody|HeatWave,TeraBlast,QuiverDance,Protect|||M|||50|,,,,,Fairy]Kingambit||AssaultVest|Defiant|KowtowCleave,SuckerPunch,IronHead,LowKick|||M|||50|,,,,,Ghost]Baxcalibur||LoadedDice|ThermalExchange|IcicleSpear,ScaleShot,IceShard,Protect|||F|||50|,,,,,Ghost]Basculegion||ChoiceScarf|Adaptability|WaveCrash,FlipTurn,LastRespects,TeraBlast|||M|||50|,,,,,Fairy]Rillaboom||MiracleSeed|GrassySurge|WoodHammer,GrassyGlide,HighHorsepower,FakeOut|||M|||50|,,,,,Fire
|
|t:|1756467604
|teamsize|p1|4
|teamsize|p2|4
|start
|switch|p1a: Incineroar|Incineroar, L50, F|100/100
|switch|p1b: Basculegion|Basculegion, L50, M|100/100
|switch|p2a: Volcarona|Volcarona, L50, M|100/100
|switch|p2b: Baxcalibur|Baxcalibur, L50, F|100/100
|-ability|p1a: Incineroar|Intimidate|boost
|-unboost|p2a: Volcarona|atk|1
|-unboost|p2b: Baxcalibur|atk|1
|turn|1
|
|t:|1756467628
|switch|p2b: Sneasler|Sneasler, L50, F|100/100
|switch|p2a: Kingambit|Kingambit, L50, M|100/100
|move|p1a: Incineroar|Fake Out|p2b: Sneasler
|-damage|p2b: Sneasler|77/100
|move|p1b: Basculegion|Flip Turn|p2a: Kingambit
|-damage|p2a: Kingambit|71/100
|
|t:|1756467642
|switch|p1b: Archaludon|Archaludon, L50, F|100/100|[from] Flip Turn
|
|upkeep
|turn|2
|
|t:|1756467685
|-terastallize|p1b: Archaludon|Grass
|move|p2b: Sneasler|Dire Claw|p1b: Archaludon
|-supereffective|p1b: Archaludon
|-damage|p1b: Archaludon|40/100
|-ability|p1b: Archaludon|Stamina|boost
|-boost|p1b: Archaludon|def|1
|move|p1b: Archaludon|Body Press|p2a: Kingambit
|-supereffective|p2a: Kingambit
|-damage|p2a: Kingambit|0 fnt
|faint|p2a: Kingambit
|move|p1a: Incineroar|Flare Blitz|p2b: Sneasler
|-damage|p2b: Sneasler|0 fnt
|faint|p2b: Sneasler
|-damage|p1a: Incineroar|81/100|[from] Recoil
|
|upkeep
|
|t:|1756467695
|switch|p2b: Baxcalibur|Baxcalibur, L50, F|100/100
|switch|p2a: Volcarona|Volcarona, L50, M|100/100
|turn|3
|
|t:|1756467745
|move|p2b: Baxcalibur|Scale Shot|p1a: Incineroar|[miss]
|-miss|p2b: Baxcalibur|p1a: Incineroar
|move|p2a: Volcarona|Heat Wave|p1a: Incineroar|[spread] p1a,p1b
|-resisted|p1a: Incineroar
|-supereffective|p1b: Archaludon
|-damage|p1a: Incineroar|63/100
|-damage|p1b: Archaludon|0 fnt
|faint|p1b: Archaludon
|move|p1a: Incineroar|Parting Shot|p2a: Volcarona
|-unboost|p2a: Volcarona|atk|1
|-unboost|p2a: Volcarona|spa|1
|
|t:|1756467755
|switch|p1a: Basculegion|Basculegion, L50, M|100/100|[from] Parting Shot
|
|upkeep
|
|t:|1756467760
|switch|p1b: Incineroar|Incineroar, L50, F|63/100
|-ability|p1b: Incineroar|Intimidate|boost
|-unboost|p2a: Volcarona|atk|1
|-unboost|p2b: Baxcalibur|atk|1
|turn|4
|
|t:|1756467779
|move|p2b: Baxcalibur|Protect|p2b: Baxcalibur
|-singleturn|p2b: Baxcalibur|Protect
|move|p2a: Volcarona|Protect|p2a: Volcarona
|-singleturn|p2a: Volcarona|Protect
|move|p1b: Incineroar|Fake Out|p2b: Baxcalibur
|-activate|p2b: Baxcalibur|move: Protect
|move|p1a: Basculegion|Wave Crash|p2a: Volcarona
|-activate|p2a: Volcarona|move: Protect
|
|upkeep
|turn|5
|
|t:|1756467803
|switch|p1b: Pelipper|Pelipper, L50, F|100/100
|-weather|RainDance|[from] ability: Drizzle|[of] p1b: Pelipper
|-terastallize|p2a: Volcarona|Fairy
|move|p1a: Basculegion|Wave Crash|p2a: Volcarona
|-damage|p2a: Volcarona|0 fnt
|faint|p2a: Volcarona
|-damage|p1a: Basculegion|68/100|[from] Recoil
|move|p2b: Baxcalibur|Scale Shot|p1a: Basculegion
|-damage|p1a: Basculegion|55/100
|-damage|p1a: Basculegion|42/100
|-crit|p1a: Basculegion
|-damage|p1a: Basculegion|10/100
|-damage|p1a: Basculegion|0 fnt
|faint|p1a: Basculegion
|-hitcount|p1: Basculegion|4
|-unboost|p2b: Baxcalibur|def|1
|-boost|p2b: Baxcalibur|spe|1
|
|-weather|RainDance|[upkeep]
|upkeep
|
|t:|1756467822
|switch|p1a: Incineroar|Incineroar, L50, F|63/100
|-ability|p1a: Incineroar|Intimidate|boost
|-unboost|p2b: Baxcalibur|atk|1
|turn|6
|
|t:|1756467853
|move|p2b: Baxcalibur|Protect|p2b: Baxcalibur
|-singleturn|p2b: Baxcalibur|Protect
|move|p1b: Pelipper|Hurricane|p2b: Baxcalibur
|-activate|p2b: Baxcalibur|move: Protect
|move|p1a: Incineroar|Flare Blitz|p2b: Baxcalibur
|-activate|p2b: Baxcalibur|move: Protect
|
|-weather|RainDance|[upkeep]
|upkeep
|turn|7
|
|t:|1756467866
|move|p2b: Baxcalibur|Icicle Spear|p1b: Pelipper
|-crit|p1b: Pelipper
|-damage|p1b: Pelipper|75/100
|-damage|p1b: Pelipper|66/100
|-damage|p1b: Pelipper|59/100
|-damage|p1b: Pelipper|51/100
|-hitcount|p1b: Pelipper|4
|move|p1b: Pelipper|Hurricane|p2b: Baxcalibur
|-damage|p2b: Baxcalibur|65/100
|-start|p2b: Baxcalibur|confusion
|move|p1a: Incineroar|Knock Off|p2b: Baxcalibur
|-damage|p2b: Baxcalibur|0 fnt
|-enditem|p2b: Baxcalibur|Loaded Dice|[from] move: Knock Off|[of] p1a: Incineroar
|faint|p2b: Baxcalibur
|
|win|Ramalon
|inactive|Ramalon has 30 seconds to confirm battle start!
|inactive|marcoslegui has 30 seconds to confirm battle start!
||Ramalon is ready for game 2.
|inactive|marcoslegui has 20 seconds to confirm battle start!
|inactive|marcoslegui has 10 seconds to confirm battle start!
||marcoslegui is ready for game 2.
|uhtml|next|Next: Game 2 of 3
