|j|☆marcosdeltasena31
|j|☆Crash0utVGC
|html|marcosdeltasena31Crash0utVGC    
|uhtml|bestof|Game 2 of a best-of-3
|t:|1782282934
|gametype|doubles
|player|p1|marcosdeltasena31|hilbert|1279
|player|p2|Crash0utVGC|colress|1254
|gen|9
|tier|[Gen 9 Champions] VGC 2026 Reg M-B (Bo3)
|rated|
|rule|Species Clause: Limit one of each Pokémon
|rule|Item Clause: Limit 1 of each item
|clearpoke
|poke|p1|Charizard, L50, M, shiny|
|poke|p1|Floette-Eternal, L50, F|
|poke|p1|Whimsicott, L50, F|
|poke|p1|Garchomp, L50, M|
|poke|p1|Basculegion, L50, M|
|poke|p1|Kingambit, L50, F|
|poke|p2|Pyroar, L50, F|
|poke|p2|Ninetales, L50, F, shiny|
|poke|p2|Whimsicott, L50, M|
|poke|p2|Floette-Eternal, L50, F|
|poke|p2|Basculegion, L50, M|
|poke|p2|Farigiraf, L50, M|
|teampreview|4
|showteam|p1|Charizard||CharizarditeY|Blaze|HeatWave,WeatherBall,SolarBeam,Protect|Modest||M|||50|]Floette-Eternal||Floettite|FlowerVeil|Moonblast,DazzlingGleam,LightofRuin,Protect|Modest||F|||50|]Whimsicott||FocusSash|Prankster|Moonblast,Tailwind,Encore,Protect|Timid||F|||50|]Garchomp||LifeOrb|RoughSkin|RockSlide,DragonClaw,Earthquake,Protect|Jolly||M|||50|]Basculegion||MysticWater|Adaptability|WaveCrash,LastRespects,AquaJet,Protect|Adamant||M|||50|]Kingambit||ChopleBerry|Defiant|KowtowCleave,IronHead,SuckerPunch,Protect|Adamant||F|||50|
|showteam|p2|Pyroar||Pyroarite|Unnerve|HeatWave,Overheat,SolarBeam,Protect|Timid||F|||50|]Ninetales||ChoiceScarf|Drought|HeatWave,Overheat,SolarBeam,FakeTears|Modest||F|||50|]Whimsicott||FocusSash|Prankster|Moonblast,Tailwind,SunnyDay,Protect|Timid||M|||50|]Floette-Eternal||Floettite|FlowerVeil|Moonblast,LightofRuin,DazzlingGleam,Protect|Modest||F|||50|]Basculegion||LifeOrb|Adaptability|WaveCrash,LastRespects,AquaJet,Protect|Adamant||M|||50|]Farigiraf||SitrusBerry|ArmorTail|Psychic,Thunderbolt,TrickRoom,HelpingHand|Bold||M|||50|
|
|t:|1782282952
|teamsize|p1|4
|teamsize|p2|4
|start
|switch|p1a: Charizard|Charizard, L50, M, shiny|100/100
|switch|p1b: Whimsicott|Whimsicott, L50, F|100/100
|switch|p2a: RayBurn|Pyroar, L50, F|100/100
|switch|p2b: Kyubi|Ninetales, L50, F, shiny|100/100
|-ability|p2a: RayBurn|Unnerve
|-weather|SunnyDay|[from] ability: Drought|[of] p2b: Kyubi
|turn|1
|
|t:|1782282972
|detailschange|p2a: RayBurn|Pyroar-Mega, L50, F
|-mega|p2a: RayBurn|Pyroar|Pyroarite
|detailschange|p1a: Charizard|Charizard-Mega-Y, L50, M, shiny
|-mega|p1a: Charizard|Charizard|Charizardite Y
|move|p1b: Whimsicott|Tailwind|p1b: Whimsicott
|-sidestart|p1: marcosdeltasena31|move: Tailwind
|move|p1a: Charizard|Heat Wave|p2b: Kyubi|[spread] p2a,p2b
|-resisted|p2a: RayBurn|1
|-resisted|p2b: Kyubi|1
|-damage|p2a: RayBurn|58/100
|-damage|p2b: Kyubi|65/100
|move|p2b: Kyubi|Fake Tears|p1a: Charizard
|-unboost|p1a: Charizard|spd|2
|move|p2a: RayBurn|Heat Wave|p1a: Charizard|[spread] p1a,p1b
|-resisted|p1a: Charizard|1
|-supereffective|p1b: Whimsicott|1
|-crit|p1b: Whimsicott
|-damage|p1a: Charizard|23/100
|-enditem|p1b: Whimsicott|Focus Sash
|-damage|p1b: Whimsicott|1/100
|
|-weather|SunnyDay|[upkeep]
|upkeep
|turn|2
|
|t:|1782283010
|switch|p2b: FairAndBalanced|Basculegion, L50, M|100/100
|move|p2a: RayBurn|Protect|p2a: RayBurn
|-singleturn|p2a: RayBurn|Protect
|move|p1b: Whimsicott|Moonblast|p2a: RayBurn
|-activate|p2a: RayBurn|move: Protect
|move|p1a: Charizard|Weather Ball|p2a: RayBurn
|-activate|p2a: RayBurn|move: Protect
|
|-weather|SunnyDay|[upkeep]
|upkeep
|turn|3
|
|t:|1782283020
|switch|p1a: Garchomp|Garchomp, L50, M|100/100
|switch|p2a: Winnie|Whimsicott, L50, M|100/100
|move|p1b: Whimsicott|Encore||[still]
|-fail|p1b: Whimsicott
|move|p2b: FairAndBalanced|Aqua Jet|p1a: Garchomp
|-damage|p1a: Garchomp|81/100
|-damage|p2b: FairAndBalanced|87/100|[from] ability: Rough Skin|[of] p1a: Garchomp
|-damage|p2b: FairAndBalanced|78/100|[from] item: Life Orb
|
|-weather|SunnyDay|[upkeep]
|upkeep
|turn|4
|
|t:|1782283048
|move|p2b: FairAndBalanced|Protect|p2b: FairAndBalanced
|-singleturn|p2b: FairAndBalanced|Protect
|move|p1b: Whimsicott|Moonblast|p2a: Winnie
|-damage|p2a: Winnie|44/100
|move|p1a: Garchomp|Rock Slide|p2a: Winnie|[spread] p2a
|-activate|p2b: FairAndBalanced|move: Protect
|-damage|p2a: Winnie|8/100
|-damage|p1a: Garchomp|71/100|[from] item: Life Orb
|move|p2a: Winnie|Moonblast|p1b: Whimsicott
|-damage|p1b: Whimsicott|0 fnt
|faint|p1b: Whimsicott
|
|-weather|SunnyDay|[upkeep]
|-sideend|p1: marcosdeltasena31|move: Tailwind
|upkeep
|
|t:|1782283062
|switch|p1b: Basculegion|Basculegion, L50, M|100/100
|turn|5
|
|t:|1782283071
|move|p2a: Winnie|Tailwind|p2a: Winnie
|-sidestart|p2: Crash0utVGC|move: Tailwind
|move|p1b: Basculegion|Aqua Jet|p2a: Winnie
|-resisted|p2a: Winnie|1
|-damage|p2a: Winnie|0 fnt
|faint|p2a: Winnie
|move|p2b: FairAndBalanced|Last Respects|p1b: Basculegion
|-supereffective|p1b: Basculegion|1
|-damage|p1b: Basculegion|0 fnt
|faint|p1b: Basculegion
|-damage|p2b: FairAndBalanced|68/100|[from] item: Life Orb
|move|p1a: Garchomp|Dragon Claw|p2b: FairAndBalanced
|-damage|p2b: FairAndBalanced|4/100
|-damage|p1a: Garchomp|62/100|[from] item: Life Orb
|
|-weather|none
|upkeep
|
|t:|1782283085
|switch|p2a: RayBurn|Pyroar-Mega, L50, F|58/100
|switch|p1b: Charizard|Charizard-Mega-Y, L50, M, shiny|23/100
|-weather|SunnyDay|[from] ability: Drought|[of] p1b: Charizard
|turn|6
|
|t:|1782283089
|move|p1a: Garchomp|Protect|p1a: Garchomp
|-singleturn|p1a: Garchomp|Protect
|move|p2a: RayBurn|Heat Wave|p1b: Charizard|[spread] p1b
|-activate|p1a: Garchomp|move: Protect
|-resisted|p1b: Charizard|1
|-damage|p1b: Charizard|0 fnt
|faint|p1b: Charizard
|move|p2b: FairAndBalanced|Last Respects|p1a: Garchomp
|-activate|p1a: Garchomp|move: Protect
|
|-weather|SunnyDay|[upkeep]
|upkeep
|turn|7
|
|t:|1782283094
|move|p2a: RayBurn|Heat Wave|p1a: Garchomp
|-resisted|p1a: Garchomp|1
|-damage|p1a: Garchomp|3/100
|-status|p1a: Garchomp|brn
|move|p2b: FairAndBalanced|Last Respects|p1a: Garchomp
|-damage|p1a: Garchomp|0 fnt
|faint|p1a: Garchomp
|-damage|p2b: FairAndBalanced|0 fnt|[from] item: Life Orb
|faint|p2b: FairAndBalanced
|
|win|Crash0utVGC
