|j|☆Rugss
|j|☆OCFrey
|html|RugssOCFrey    
|uhtml|bestof|Game 1 of a best-of-3
|t:|1784842160
|gametype|doubles
|player|p1|Rugss|101|1182
|player|p2|OCFrey|169|1206
|gen|9
|tier|[Gen 9 Champions] VGC 2026 Reg M-B (Bo3)
|rated|
|rule|Species Clause: Limit one of each Pokémon
|rule|Item Clause: Limit 1 of each item
|clearpoke
|poke|p1|Raichu, L50, M, shiny|
|poke|p1|Sinistcha, L50, shiny|
|poke|p1|Gholdengo, L50|
|poke|p1|Basculegion, L50, M|
|poke|p1|Staraptor, L50, M, shiny|
|poke|p1|Milotic, L50, F, shiny|
|poke|p2|Pyroar, L50, F|
|poke|p2|Altaria, L50, M|
|poke|p2|Sinistcha, L50|
|poke|p2|Grimmsnarl, L50, M|
|poke|p2|Toxapex, L50, M|
|poke|p2|Eelektross, L50, F|
|teampreview|4
|showteam|p1|Raichu||RaichuniteY|LightningRod|ZapCannon,FocusBlast,FakeOut,Protect|Timid||M|||50|]Sinistcha||KasibBerry|Hospitality|MatchaGotcha,RagePowder,ShadowBall,Protect|Bold|||||50|]Gholdengo||LifeOrb|GoodasGold|ShadowBall,MakeItRain,NastyPlot,Protect|Modest|||||50|]Basculegion||MysticWater|Adaptability|WaveCrash,LastRespects,Protect,AquaJet|Adamant||M|||50|]Staraptor||Staraptite|Intimidate|CloseCombat,BraveBird,Tailwind,Protect|Jolly||M|||50|]Milotic||Leftovers|Competitive|Scald,IcyWind,Haze,Protect|Calm||F|||50|
|showteam|p2|Pyroar||Pyroarite|Unnerve|Overheat,HeatWave,Substitute,Protect|Timid||F|||50|]Altaria||HabanBerry|CloudNine|Protect,Tailwind,HelpingHand,DracoMeteor|Timid||M|||50|]Sinistcha||SitrusBerry|Hospitality|RagePowder,MatchaGotcha,Protect,LifeDew|Bold|||||50|]Grimmsnarl||LightClay|Prankster|FakeOut,PartingShot,Reflect,SpiritBreak|Impish||M|||50|]Toxapex||Leftovers|Regenerator|WideGuard,BanefulBunker,Infestation,Toxic|Bold||M|||50|]Eelektross||Eelektrossite|Levitate|Thunderbolt,Flamethrower,DragonPulse,Protect|Modest||F|||50|
|inactive|Battle timer is ON: inactive players will automatically lose when time's up. (requested by OCFrey)
|inactive|Rugss has 60 seconds left.
|
|t:|1784842213
|teamsize|p1|4
|teamsize|p2|4
|start
|switch|p1a: Gholdengo|Gholdengo, L50|100/100
|switch|p1b: Raichu|Raichu, L50, M, shiny|100/100
|switch|p2a: Eelektross|Eelektross, L50, F|100/100
|switch|p2b: Grimmsnarl|Grimmsnarl, L50, M|100/100
|turn|1
|
|t:|1784842234
|detailschange|p1b: Raichu|Raichu-Mega-Y, L50, M, shiny
|-mega|p1b: Raichu|Raichu|Raichunite Y
|detailschange|p2a: Eelektross|Eelektross-Mega, L50, F
|-mega|p2a: Eelektross|Eelektross|Eelektrossite
|move|p1b: Raichu|Fake Out|p2a: Eelektross
|-damage|p2a: Eelektross|90/100
|move|p2b: Grimmsnarl|Parting Shot|p1b: Raichu
|-unboost|p1b: Raichu|atk|1
|-unboost|p1b: Raichu|spa|1
|
|t:|1784842240
|switch|p2b: Sinistcha|Sinistcha, L50|100/100|[from] Parting Shot
|-heal|p2a: Eelektross|100/100|[from] ability: Hospitality|[of] p2b: Sinistcha
|move|p1a: Gholdengo|Nasty Plot|p1a: Gholdengo
|-boost|p1a: Gholdengo|spa|2
|cant|p2a: Eelektross|flinch
|
|upkeep
|turn|2
|
|t:|1784842263
|move|p2b: Sinistcha|Protect|p2b: Sinistcha
|-singleturn|p2b: Sinistcha|Protect
|move|p1b: Raichu|Zap Cannon|p2b: Sinistcha
|-activate|p2b: Sinistcha|move: Protect
|move|p1a: Gholdengo|Shadow Ball|p2b: Sinistcha
|-activate|p2b: Sinistcha|move: Protect
|move|p2a: Eelektross|Flamethrower|p1a: Gholdengo
|-supereffective|p1a: Gholdengo|1
|-damage|p1a: Gholdengo|32/100
|
|upkeep
|turn|3
|
|t:|1784842286
|switch|p1b: Sinistcha|Sinistcha, L50, shiny|100/100
|-heal|p1a: Gholdengo|57/100|[from] ability: Hospitality|[of] p1b: Sinistcha
|move|p2b: Sinistcha|Rage Powder|p2b: Sinistcha
|-singleturn|p2b: Sinistcha|move: Rage Powder
|move|p1a: Gholdengo|Make It Rain|p2a: Eelektross|[spread] p2a,p2b
|-resisted|p2a: Eelektross|1
|-damage|p2a: Eelektross|40/100
|-damage|p2b: Sinistcha|0 fnt
|-unboost|p1a: Gholdengo|spa|2
|faint|p2b: Sinistcha
|-damage|p1a: Gholdengo|47/100|[from] item: Life Orb
|move|p2a: Eelektross|Flamethrower|p1a: Gholdengo
|-supereffective|p1a: Gholdengo|1
|-damage|p1a: Gholdengo|0 fnt
|faint|p1a: Gholdengo
|-ability|p2a: Eelektross|Eelevate|boost
|-boost|p2a: Eelektross|spa|1
|
|upkeep
|
|t:|1784842303
|switch|p1a: Raichu|Raichu-Mega-Y, L50, M, shiny|100/100
|switch|p2b: Grimmsnarl|Grimmsnarl, L50, M|100/100
|turn|4
|inactive|Rugss has 30 seconds left.
|
|t:|1784842336
|move|p2a: Eelektross|Protect|p2a: Eelektross
|-singleturn|p2a: Eelektross|Protect
|move|p1a: Raichu|Fake Out|p2a: Eelektross
|-activate|p2a: Eelektross|move: Protect
|move|p1b: Sinistcha|Matcha Gotcha|p2b: Grimmsnarl|[spread] p2b
|-activate|p2a: Eelektross|move: Protect
|-damage|p2b: Grimmsnarl|70/100
|move|p2b: Grimmsnarl|Spirit Break|p1a: Raichu
|-damage|p1a: Raichu|52/100
|-unboost|p1a: Raichu|spa|1
|
|upkeep
|turn|5
|inactive|Rugss has 30 seconds left.
|
|t:|1784842362
|move|p1b: Sinistcha|Rage Powder|p1b: Sinistcha
|-singleturn|p1b: Sinistcha|move: Rage Powder
|move|p1a: Raichu|Focus Blast|p2a: Eelektross
|-damage|p2a: Eelektross|10/100
|move|p2a: Eelektross|Flamethrower|p1b: Sinistcha
|-supereffective|p1b: Sinistcha|1
|-damage|p1b: Sinistcha|7/100
|move|p2b: Grimmsnarl|Spirit Break|p1b: Sinistcha
|-damage|p1b: Sinistcha|0 fnt
|faint|p1b: Sinistcha
|
|upkeep
|
|t:|1784842371
|switch|p1b: Milotic|Milotic, L50, F, shiny|100/100
|turn|6
|
|t:|1784842389
|move|p1a: Raichu|Focus Blast|p2b: Grimmsnarl
|-damage|p2b: Grimmsnarl|40/100
|move|p1b: Milotic|Icy Wind|p2a: Eelektross|[spread] p2a,p2b
|-damage|p2a: Eelektross|1/100
|-damage|p2b: Grimmsnarl|29/100
|-unboost|p2a: Eelektross|spe|1
|-unboost|p2b: Grimmsnarl|spe|1
|move|p2a: Eelektross|Dragon Pulse|p1a: Raichu
|-damage|p1a: Raichu|0 fnt
|faint|p1a: Raichu
|-ability|p2a: Eelektross|Eelevate|boost
|-boost|p2a: Eelektross|spa|1
|move|p2b: Grimmsnarl|Spirit Break|p1b: Milotic
|-crit|p1b: Milotic
|-damage|p1b: Milotic|56/100
|-unboost|p1b: Milotic|spa|1
|-ability|p1b: Milotic|Competitive|boost
|-boost|p1b: Milotic|spa|2
|
|-heal|p1b: Milotic|62/100|[from] item: Leftovers
|upkeep
|turn|7
|-message|Rugss forfeited.
|
|win|OCFrey
||OCFrey is ready for game 2.
