|j|☆BestDefense
|j|☆eriksp
|html|BestDefenseeriksp    
|uhtml|bestof|Game 2 of a best-of-3
|t:|1783875967
|gametype|doubles
|player|p1|BestDefense|2|1118
|player|p2|eriksp|cynthia-masters4|1179
|gen|9
|tier|[Gen 9 Champions] VGC 2026 Reg M-B (Bo3)
|rated|
|rule|Species Clause: Limit one of each Pokémon
|rule|Item Clause: Limit 1 of each item
|clearpoke
|poke|p1|Blaziken, L50, F|
|poke|p1|Venusaur, L50, M|
|poke|p1|Ninetales-Alola, L50, F|
|poke|p1|Kingambit, L50, F|
|poke|p1|Dragapult, L50, F|
|poke|p1|Maushold, L50|
|poke|p2|Floette-Eternal, L50, F|
|poke|p2|Charizard, L50, M|
|poke|p2|Whimsicott, L50, M|
|poke|p2|Garchomp, L50, F|
|poke|p2|Basculegion, L50, M|
|poke|p2|Kingambit, L50, F|
|teampreview|4
|showteam|p1|Blaziken||Blazikenite|SpeedBoost|CloseCombat,ThunderPunch,SwordsDance,Protect|Adamant||F|||50|]Venusaur||Venusaurite|Overgrow|GigaDrain,SludgeBomb,EarthPower,Protect|Modest||M|||50|]Ninetales-Alola||FocusSash|SnowWarning|Moonblast,Blizzard,AuroraVeil,Protect|Timid||F|||50|]Kingambit||ChopleBerry|Defiant|KowtowCleave,SuckerPunch,IronHead,Protect|Adamant||F|||50|]Dragapult||LifeOrb|ClearBody|DragonDarts,PsychicFangs,PhantomForce,Protect|Jolly||F|||50|]Maushold||WideLens|FriendGuard|PopulationBomb,Feint,FollowMe,Protect|Jolly|||||50|
|showteam|p2|Floette-Eternal||Floettite|FlowerVeil|Moonblast,DazzlingGleam,LightofRuin,Protect|Modest||F|||50|]Charizard||CharizarditeY|Blaze|HeatWave,WeatherBall,SolarBeam,Protect|Modest||M|||50|]Whimsicott||FocusSash|Prankster|Moonblast,Tailwind,Encore,Protect|Timid||M|||50|]Garchomp||LifeOrb|RoughSkin|DragonClaw,Earthquake,Protect,RockSlide|Jolly||F|||50|]Basculegion||MysticWater|Adaptability|WaveCrash,LastRespects,AquaJet,Protect|Adamant||M|||50|]Kingambit||ChopleBerry|Defiant|KowtowCleave,IronHead,SuckerPunch,LowKick|Adamant||F|||50|
|inactive|Battle timer is ON: inactive players will automatically lose when time's up. (requested by BestDefense)
|inactive|BestDefense has 60 seconds left.
|
|t:|1783876002
|teamsize|p1|4
|teamsize|p2|4
|start
|switch|p1a: Kingambit|Kingambit, L50, F|100/100
|switch|p1b: Blaziken|Blaziken, L50, F|100/100
|switch|p2a: Floette|Floette-Eternal, L50, F|100/100
|switch|p2b: Whimsicott|Whimsicott, L50, M|100/100
|turn|1
|
|t:|1783876024
|switch|p1b: Ninetales|Ninetales-Alola, L50, F|100/100
|-weather|Snowscape|[from] ability: Snow Warning|[of] p1b: Ninetales
|detailschange|p2a: Floette|Floette-Mega, L50, F
|-mega|p2a: Floette|Floette|Floettite
|-ability|p2a: Floette|Fairy Aura
|move|p2b: Whimsicott|Moonblast|p1a: Kingambit
|-damage|p1a: Kingambit|57/100
|move|p2a: Floette|Moonblast|p1a: Kingambit
|-damage|p1a: Kingambit|0 fnt
|faint|p1a: Kingambit
|
|-weather|Snowscape|[upkeep]
|upkeep
|
|t:|1783876045
|switch|p1a: Blaziken|Blaziken, L50, F|100/100
|turn|2
|
|t:|1783876057
|move|p1a: Blaziken|Protect|p1a: Blaziken
|-singleturn|p1a: Blaziken|Protect
|move|p2b: Whimsicott|Moonblast|p1a: Blaziken
|-activate|p1a: Blaziken|move: Protect
|move|p1b: Ninetales|Aurora Veil|p1b: Ninetales
|-sidestart|p1: BestDefense|move: Aurora Veil
|move|p2a: Floette|Dazzling Gleam|p1b: Ninetales|[spread] p1b
|-activate|p1a: Blaziken|move: Protect
|-damage|p1b: Ninetales|63/100
|
|-weather|Snowscape|[upkeep]
|-ability|p1a: Blaziken|Speed Boost|boost
|-boost|p1a: Blaziken|spe|1
|upkeep
|turn|3
|
|t:|1783876071
|switch|p1a: Dragapult|Dragapult, L50, F|100/100
|move|p2b: Whimsicott|Encore||[still]
|-fail|p2b: Whimsicott
|move|p1b: Ninetales|Blizzard|p2b: Whimsicott|[spread] p2a,p2b
|-supereffective|p2b: Whimsicott|1
|-damage|p2a: Floette|71/100
|-enditem|p2b: Whimsicott|Focus Sash
|-damage|p2b: Whimsicott|1/100
|move|p2a: Floette|Moonblast|p1b: Ninetales
|-damage|p1b: Ninetales|1/100
|
|-weather|Snowscape|[upkeep]
|upkeep
|turn|4
|
|t:|1783876092
|move|p2b: Whimsicott|Tailwind|p2b: Whimsicott
|-sidestart|p2: eriksp|move: Tailwind
|move|p2a: Floette|Dazzling Gleam|p1a: Dragapult|[spread] p1a,p1b
|-supereffective|p1a: Dragapult|1
|-damage|p1a: Dragapult|3/100
|-damage|p1b: Ninetales|0 fnt
|faint|p1b: Ninetales
|move|p1a: Dragapult|Psychic Fangs|p2b: Whimsicott
|-damage|p2b: Whimsicott|0 fnt
|faint|p2b: Whimsicott
|-damage|p1a: Dragapult|0 fnt|[from] item: Life Orb
|faint|p1a: Dragapult
|
|-weather|Snowscape|[upkeep]
|upkeep
|
|t:|1783876099
|switch|p2b: Garchomp|Garchomp, L50, F|100/100
|switch|p1b: Blaziken|Blaziken, L50, F|100/100
|turn|5
|-message|BestDefense forfeited.
|
|win|eriksp
|raw|BestDefense's rating: 1118 → 1097(-21 for losing)
|raw|eriksp's rating: 1179 → 1200(+21 for winning)
