|j|☆J4yz1lla
|j|☆lux raymundi
|html|J4yz1llalux raymundi    
|uhtml|bestof|Game 1 of a best-of-3
|t:|1784648329
|gametype|doubles
|player|p1|J4yz1lla|riley|1209
|player|p2|lux raymundi|2|1330
|gen|9
|tier|[Gen 9 Champions] VGC 2026 Reg M-B (Bo3)
|rated|
|rule|Species Clause: Limit one of each Pokémon
|rule|Item Clause: Limit 1 of each item
|clearpoke
|poke|p1|Tyranitar, L50, F|
|poke|p1|Farigiraf, L50, F|
|poke|p1|Rotom-Wash, L50|
|poke|p1|Aegislash, L50, F|
|poke|p1|Aerodactyl, L50, F|
|poke|p1|Scovillain, L50, F|
|poke|p2|Sneasler, L50, M|
|poke|p2|Blastoise, L50, M|
|poke|p2|Kingambit, L50, M|
|poke|p2|Incineroar, L50, M|
|poke|p2|Delphox, L50, F|
|poke|p2|Sinistcha, L50|
|teampreview|4
|showteam|p1|Tyranitar||Tyranitarite|SandStream|Crunch,Earthquake,Protect,RockSlide|Adamant||F|||50|]Farigiraf||SitrusBerry|ArmorTail|TrickRoom,Roar,Psychic,HyperVoice|Quiet||F|||50|]Rotom-Wash||Magnet|Levitate|LightScreen,Thunderbolt,WillOWisp,HydroPump|Calm|||||50|]Aegislash||SpellTag|StanceChange|KingsShield,ShadowSneak,IronHead,SacredSword|Adamant||F|||50|]Aerodactyl||FocusSash|Unnerve|StealthRock,Tailwind,DualWingbeat,WideGuard|Jolly||F|||50|]Scovillain||Scovillainite|Moody|RagePowder,LeechSeed,Protect,Overheat|Calm||F|||50|
|showteam|p2|Sneasler||FocusSash|PoisonTouch|PoisonJab,CloseCombat,FakeOut,QuickGuard|Jolly||M|||50|]Blastoise||Blastoisinite|RainDish|DarkPulse,WaterSpout,ShellSmash,Protect|Modest||M|||50|]Kingambit||BlackGlasses|Defiant|KowtowCleave,SuckerPunch,SwordsDance,Protect|Adamant||M|||50|]Incineroar||SitrusBerry|Intimidate|FlareBlitz,ThroatChop,PartingShot,FakeOut|Careful||M|||50|]Delphox||Delphoxite|Blaze|HeatWave,NastyPlot,Psychic,Protect|Timid||F|||50|]Sinistcha||KasibBerry|Hospitality|MatchaGotcha,RagePowder,TrickRoom,Protect|Bold|||||50|
|
|t:|1784648377
|teamsize|p1|4
|teamsize|p2|4
|start
|switch|p1a: Aerodactyl|Aerodactyl, L50, F|100/100
|switch|p1b: Farigiraf|Farigiraf, L50, F|100/100
|switch|p2a: Sneasler|Sneasler, L50, M|100/100
|switch|p2b: Blastoise|Blastoise, L50, M|100/100
|-ability|p1a: Aerodactyl|Unnerve
|turn|1
|
|t:|1784648400
|switch|p2a: Kingambit|Kingambit, L50, M|100/100
|detailschange|p2b: Blastoise|Blastoise-Mega, L50, M
|-mega|p2b: Blastoise|Blastoise|Blastoisinite
|move|p1a: Aerodactyl|Dual Wingbeat|p2b: Blastoise
|-damage|p2b: Blastoise|81/100
|-damage|p2b: Blastoise|62/100
|-hitcount|p2b: Blastoise|2
|move|p2b: Blastoise|Dark Pulse|p1b: Farigiraf
|-supereffective|p1b: Farigiraf|1
|-damage|p1b: Farigiraf|9/100
|-enditem|p1b: Farigiraf|Sitrus Berry|[eat]
|-heal|p1b: Farigiraf|34/100|[from] item: Sitrus Berry
|move|p1b: Farigiraf|Psychic|p2a: Kingambit
|-immune|p2a: Kingambit
|
|upkeep
|turn|2
|
|t:|1784648425
|switch|p1b: Tyranitar|Tyranitar, L50, F|100/100
|-weather|Sandstorm|[from] ability: Sand Stream|[of] p1b: Tyranitar
|switch|p2a: Sinistcha|Sinistcha, L50|100/100
|-heal|p2b: Blastoise|87/100|[from] ability: Hospitality|[of] p2a: Sinistcha
|move|p1a: Aerodactyl|Dual Wingbeat|p2b: Blastoise
|-damage|p2b: Blastoise|69/100
|-damage|p2b: Blastoise|51/100
|-hitcount|p2b: Blastoise|2
|move|p2b: Blastoise|Water Spout|p1b: Tyranitar|[spread] p1a,p1b
|-supereffective|p1a: Aerodactyl|1
|-supereffective|p1b: Tyranitar|1
|-damage|p1a: Aerodactyl|35/100
|-damage|p1b: Tyranitar|66/100
|
|-weather|Sandstorm|[upkeep]
|-damage|p2b: Blastoise|45/100|[from] Sandstorm
|-damage|p2a: Sinistcha|93/100|[from] Sandstorm
|upkeep
|turn|3
|
|t:|1784648462
|switch|p2a: Kingambit|Kingambit, L50, M|100/100
|move|p1a: Aerodactyl|Dual Wingbeat|p2a: Kingambit
|-resisted|p2a: Kingambit|1
|-damage|p2a: Kingambit|93/100
|-resisted|p2a: Kingambit|1
|-damage|p2a: Kingambit|86/100
|-hitcount|p2a: Kingambit|2
|move|p2b: Blastoise|Water Spout|p1b: Tyranitar|[spread] p1a,p1b
|-supereffective|p1a: Aerodactyl|1
|-supereffective|p1b: Tyranitar|1
|-damage|p1a: Aerodactyl|0 fnt
|-damage|p1b: Tyranitar|33/100
|faint|p1a: Aerodactyl
|move|p1b: Tyranitar|Rock Slide|p2a: Kingambit|[spread] p2a,p2b
|-resisted|p2a: Kingambit|1
|-damage|p2a: Kingambit|74/100
|-damage|p2b: Blastoise|14/100
|
|-weather|Sandstorm|[upkeep]
|-damage|p2b: Blastoise|8/100|[from] Sandstorm
|upkeep
|
|t:|1784648478
|switch|p1a: Scovillain|Scovillain, L50, F|100/100
|turn|4
|
|t:|1784648517
|switch|p2b: Sinistcha|Sinistcha, L50|93/100
|-heal|p2a: Kingambit|99/100|[from] ability: Hospitality|[of] p2b: Sinistcha
|switch|p1b: Farigiraf|Farigiraf, L50, F|34/100
|move|p1a: Scovillain|Protect|p1a: Scovillain
|-singleturn|p1a: Scovillain|Protect
|move|p2a: Kingambit|Swords Dance|p2a: Kingambit
|-boost|p2a: Kingambit|atk|2
|
|-weather|Sandstorm|[upkeep]
|-damage|p1a: Scovillain|94/100|[from] Sandstorm
|-damage|p2b: Sinistcha|87/100|[from] Sandstorm
|-damage|p1b: Farigiraf|28/100|[from] Sandstorm
|-ability|p1a: Scovillain|Moody|boost
|-boost|p1a: Scovillain|spd|2
|-unboost|p1a: Scovillain|def|1
|upkeep
|turn|5
|
|t:|1784648545
|detailschange|p1a: Scovillain|Scovillain-Mega, L50, F
|-mega|p1a: Scovillain|Scovillain|Scovillainite
|move|p1a: Scovillain|Overheat|p2a: Kingambit
|-supereffective|p2a: Kingambit|1
|-damage|p2a: Kingambit|8/100
|-unboost|p1a: Scovillain|spa|2
|move|p2b: Sinistcha|Matcha Gotcha|p1a: Scovillain|[spread] p1a,p1b
|-resisted|p1a: Scovillain|2
|-damage|p1a: Scovillain|91/100
|-heal|p2b: Sinistcha|88/100|[from] drain|[of] p1a: Scovillain
|-damage|p1b: Farigiraf|2/100
|-heal|p2b: Sinistcha|100/100|[from] drain|[of] p1b: Farigiraf
|-status|p2b: Sinistcha|brn|[from] ability: Spicy Spray|[of] p1a: Scovillain
|move|p1b: Farigiraf|Psychic|p2b: Sinistcha
|-damage|p2b: Sinistcha|64/100 brn
|move|p2a: Kingambit|Swords Dance|p2a: Kingambit
|-boost|p2a: Kingambit|atk|2
|
|-weather|Sandstorm|[upkeep]
|-damage|p1a: Scovillain|85/100|[from] Sandstorm
|-damage|p2b: Sinistcha|57/100 brn|[from] Sandstorm
|-damage|p1b: Farigiraf|0 fnt|[from] Sandstorm
|faint|p1b: Farigiraf
|-damage|p2b: Sinistcha|51/100 brn|[from] brn
|upkeep
|
|t:|1784648564
|switch|p1b: Tyranitar|Tyranitar, L50, F|33/100
|turn|6
|
|t:|1784648584
|move|p2a: Kingambit|Protect|p2a: Kingambit
|-singleturn|p2a: Kingambit|Protect
|move|p1a: Scovillain|Rage Powder|p1a: Scovillain
|-singleturn|p1a: Scovillain|move: Rage Powder
|move|p2b: Sinistcha|Matcha Gotcha|p1a: Scovillain|[spread] p1a,p1b
|-resisted|p1a: Scovillain|2
|-supereffective|p1b: Tyranitar|1
|-damage|p1a: Scovillain|83/100
|-heal|p2b: Sinistcha|53/100 brn|[from] drain|[of] p1a: Scovillain
|-damage|p1b: Tyranitar|9/100
|-heal|p2b: Sinistcha|66/100 brn|[from] drain|[of] p1b: Tyranitar
|move|p1b: Tyranitar|Crunch|p2b: Sinistcha
|-supereffective|p2b: Sinistcha|1
|-damage|p2b: Sinistcha|0 fnt
|faint|p2b: Sinistcha
|
|-weather|none
|upkeep
|
|t:|1784648602
|switch|p2b: Blastoise|Blastoise-Mega, L50, M|8/100
|turn|7
|
|t:|1784648625
|move|p2b: Blastoise|Water Spout|p1b: Tyranitar|[spread] p1a,p1b
|-crit|p1a: Scovillain
|-supereffective|p1b: Tyranitar|1
|-crit|p1b: Tyranitar
|-damage|p1a: Scovillain|75/100
|-damage|p1b: Tyranitar|0 fnt
|-status|p2b: Blastoise|brn|[from] ability: Spicy Spray|[of] p1a: Scovillain
|faint|p1b: Tyranitar
|move|p1a: Scovillain|Overheat|p2a: Kingambit
|-supereffective|p2a: Kingambit|1
|-damage|p2a: Kingambit|0 fnt
|-unboost|p1a: Scovillain|spa|2
|faint|p2a: Kingambit
|
|-damage|p2b: Blastoise|2/100 brn|[from] brn
|upkeep
|
|t:|1784648638
|switch|p2a: Sneasler|Sneasler, L50, M|100/100
|turn|8
|
|t:|1784648647
|move|p1a: Scovillain|Protect|p1a: Scovillain
|-singleturn|p1a: Scovillain|Protect
|move|p2a: Sneasler|Poison Jab|p1a: Scovillain
|-activate|p1a: Scovillain|move: Protect
|move|p2b: Blastoise|Dark Pulse|p1a: Scovillain
|-activate|p1a: Scovillain|move: Protect
|
|-damage|p2b: Blastoise|0 fnt|[from] brn
|faint|p2b: Blastoise
|upkeep
|turn|9
|
|t:|1784648652
|move|p2a: Sneasler|Poison Jab|p1a: Scovillain
|-supereffective|p1a: Scovillain|1
|-damage|p1a: Scovillain|0 fnt
|-status|p2a: Sneasler|brn|[from] ability: Spicy Spray|[of] p1a: Scovillain
|faint|p1a: Scovillain
|
|win|lux raymundi
