|j|☆unpolished20
|j|☆ChimpDoppio
|html|unpolished20ChimpDoppio    
|uhtml|bestof|Game 1 of a best-of-3
|t:|1757200199
|gametype|doubles
|player|p1|unpolished20|red|1040
|player|p2|ChimpDoppio|ingo|1211
|gen|9
|tier|[Gen 9] VGC 2025 Reg H (Bo3)
|rated|
|rule|Species Clause: Limit one of each Pokémon
|rule|Item Clause: Limit 1 of each item
|clearpoke
|poke|p1|Palafin, L50, M|
|poke|p1|Rillaboom, L50, M|
|poke|p1|Incineroar, L50, M|
|poke|p1|Tinkaton, L50, F|
|poke|p1|Sneasler, L50, F|
|poke|p1|Electabuzz, L50, F|
|poke|p2|Porygon2, L50|
|poke|p2|Ursaluna, L50, F|
|poke|p2|Volcarona, L50, F|
|poke|p2|Grimmsnarl, L50, M|
|poke|p2|Annihilape, L50, M|
|poke|p2|Hydreigon, L50, F|
|teampreview|4
|showteam|p1|Palafin||EjectPack|ZerotoHero|JetPunch,CloseCombat,WaveCrash,Acrobatics|||M|||50|,,,,,Flying]Rillaboom||ChoiceBand|GrassySurge|GrassyGlide,WoodHammer,Uturn,KnockOff|||M|||50|,,,,,Grass]Incineroar||SafetyGoggles|Intimidate|FakeOut,FlareBlitz,KnockOff,PartingShot|||M|||50|,,,,,Ghost]Tinkaton||AssaultVest|MoldBreaker|GigatonHammer,PlayRough,Feint,FakeOut|||F|||50|,,,,,Dragon]Sneasler||FocusSash|PoisonTouch|DireClaw,CloseCombat,ThroatChop,Protect|||F|||50|,,,,,Stellar]Electabuzz||Eviolite|VitalSpirit|Electroweb,FollowMe,Taunt,Protect|||F|||50|,,,,,Ghost
|showteam|p2|Porygon2||Eviolite|Download|IceBeam,TeraBlast,Recover,TrickRoom||||||50|,,,,,Flying]Ursaluna||FlameOrb|Guts|Facade,Earthquake,HeadlongRush,Protect|||F|||50|,,,,,Ghost]Volcarona||SitrusBerry|FlameBody|GigaDrain,HeatWave,QuiverDance,RagePowder|||F|||50|,,,,,Dragon]Grimmsnarl||LightClay|Prankster|SpiritBreak,Reflect,LightScreen,PartingShot|||M|||50|,,,,,Ghost]Annihilape||SafetyGoggles|Defiant|Protect,BulkUp,DrainPunch,RageFist|||M|||50|,,,,,Water]Hydreigon||AssaultVest|Levitate|DracoMeteor,DarkPulse,EarthPower,FlashCannon|||F|||50|,,,,,Steel
|inactive|Battle timer is ON: inactive players will automatically lose when time's up. (requested by ChimpDoppio)
|inactive|unpolished20 also wants the timer to be on.
|inactive|unpolished20 has 60 seconds left.
|
|t:|1757200253
|teamsize|p1|4
|teamsize|p2|4
|start
|switch|p1a: Sneasler|Sneasler, L50, F|100/100
|switch|p1b: Tinkaton|Tinkaton, L50, F|100/100
|switch|p2a: Volcarona|Volcarona, L50, F, shiny|100/100
|switch|p2b: Annihilape|Annihilape, L50, M, shiny|100/100
|-ability|p1b: Tinkaton|Mold Breaker
|turn|1
|inactive|unpolished20 has 30 seconds left.
|inactive|unpolished20 has 20 seconds left.
|inactive|unpolished20 has 15 seconds left.
|
|t:|1757200294
|move|p1b: Tinkaton|Fake Out|p2a: Volcarona
|-damage|p2a: Volcarona|93/100
|move|p1a: Sneasler|Dire Claw|p2b: Annihilape
|-resisted|p2b: Annihilape
|-damage|p2b: Annihilape|77/100
|cant|p2a: Volcarona|flinch
|move|p2b: Annihilape|Bulk Up|p2b: Annihilape
|-boost|p2b: Annihilape|atk|1
|-boost|p2b: Annihilape|def|1
|
|upkeep
|turn|2
|inactive|ChimpDoppio has 30 seconds left.
|
|t:|1757200321
|move|p2a: Volcarona|Rage Powder|p2a: Volcarona
|-singleturn|p2a: Volcarona|move: Rage Powder
|move|p1a: Sneasler|Close Combat|p2a: Volcarona
|-resisted|p2a: Volcarona
|-damage|p2a: Volcarona|61/100
|-unboost|p1a: Sneasler|def|1
|-unboost|p1a: Sneasler|spd|1
|-status|p2a: Volcarona|psn|[from] ability: Poison Touch|[of] p1a: Sneasler
|move|p1b: Tinkaton|Play Rough|p2a: Volcarona
|-resisted|p2a: Volcarona
|-damage|p2a: Volcarona|48/100 psn
|-enditem|p2a: Volcarona|Sitrus Berry|[eat]
|-heal|p2a: Volcarona|73/100 psn|[from] item: Sitrus Berry
|move|p2b: Annihilape|Drain Punch|p1b: Tinkaton
|-damage|p1b: Tinkaton|54/100
|-heal|p2b: Annihilape|99/100|[from] drain|[of] p1b: Tinkaton
|
|-damage|p2a: Volcarona|60/100 psn|[from] psn
|upkeep
|turn|3
|inactive|unpolished20 has 30 seconds left.
|inactive|ChimpDoppio has 30 seconds left.
|inactive|unpolished20 has 20 seconds left.
|
|t:|1757200359
|move|p1a: Sneasler|Protect|p1a: Sneasler
|-singleturn|p1a: Sneasler|Protect
|move|p2a: Volcarona|Rage Powder|p2a: Volcarona
|-singleturn|p2a: Volcarona|move: Rage Powder
|move|p1b: Tinkaton|Play Rough|p2a: Volcarona
|-resisted|p2a: Volcarona
|-damage|p2a: Volcarona|48/100 psn
|move|p2b: Annihilape|Rage Fist|p1a: Sneasler
|-activate|p1a: Sneasler|move: Protect
|
|-damage|p2a: Volcarona|35/100 psn|[from] psn
|upkeep
|turn|4
|inactive|unpolished20 has 30 seconds left.
|
|t:|1757200391
|switch|p1a: Palafin|Palafin, L50, M|100/100
|move|p2b: Annihilape|Protect|p2b: Annihilape
|-singleturn|p2b: Annihilape|Protect
|move|p1b: Tinkaton|Gigaton Hammer|p2b: Annihilape
|-activate|p2b: Annihilape|move: Protect
|move|p2a: Volcarona|Heat Wave|p1a: Palafin|[spread] p1a,p1b
|-resisted|p1a: Palafin
|-supereffective|p1b: Tinkaton
|-damage|p1a: Palafin|82/100
|-damage|p1b: Tinkaton|18/100
|
|-damage|p2a: Volcarona|23/100 psn|[from] psn
|upkeep
|turn|5
|inactive|unpolished20 has 30 seconds left.
|inactive|unpolished20 has 20 seconds left.
|
|t:|1757200428
|move|p2a: Volcarona|Rage Powder|p2a: Volcarona
|-singleturn|p2a: Volcarona|move: Rage Powder
|move|p1b: Tinkaton|Play Rough|p2a: Volcarona
|-resisted|p2a: Volcarona
|-damage|p2a: Volcarona|11/100 psn
|move|p1a: Palafin|Close Combat|p2a: Volcarona
|-resisted|p2a: Volcarona
|-damage|p2a: Volcarona|0 fnt
|-unboost|p1a: Palafin|def|1
|-unboost|p1a: Palafin|spd|1
|-status|p1a: Palafin|brn|[from] ability: Flame Body|[of] p2a: Volcarona
|faint|p2a: Volcarona
|-enditem|p1a: Palafin|Eject Pack
|
|t:|1757200440
|detailschange|p1a: Palafin|Palafin-Hero, L50, M
|switch|p1a: Sneasler|Sneasler, L50, F|100/100
|move|p2b: Annihilape|Rage Fist|p1a: Sneasler
|-enditem|p1a: Sneasler|Focus Sash
|-damage|p1a: Sneasler|1/100
|
|upkeep
|
|t:|1757200448
|switch|p2a: Porygon2|Porygon2, L50, shiny|100/100
|-ability|p2a: Porygon2|Download|boost
|-boost|p2a: Porygon2|atk|1
|turn|6
|
|t:|1757200467
|-terastallize|p2a: Porygon2|Flying
|move|p2b: Annihilape|Protect|p2b: Annihilape
|-singleturn|p2b: Annihilape|Protect
|move|p1a: Sneasler|Throat Chop|p2b: Annihilape
|-activate|p2b: Annihilape|move: Protect
|move|p1b: Tinkaton|Gigaton Hammer|p2b: Annihilape
|-activate|p2b: Annihilape|move: Protect
|move|p2a: Porygon2|Tera Blast|p1b: Tinkaton|[anim] Tera Blast Flying
|-resisted|p1b: Tinkaton
|-damage|p1b: Tinkaton|9/100
|
|upkeep
|turn|7
|
|t:|1757200485
|move|p1a: Sneasler|Throat Chop|p2b: Annihilape
|-damage|p2b: Annihilape|77/100
|-start|p2b: Annihilape|Throat Chop|[silent]
|move|p1b: Tinkaton|Play Rough|p2a: Porygon2
|-damage|p2a: Porygon2|80/100
|move|p2b: Annihilape|Bulk Up|p2b: Annihilape
|-boost|p2b: Annihilape|atk|1
|-boost|p2b: Annihilape|def|1
|move|p2a: Porygon2|Tera Blast|p1a: Sneasler|[anim] Tera Blast Flying
|-supereffective|p1a: Sneasler
|-damage|p1a: Sneasler|0 fnt
|faint|p1a: Sneasler
|
|upkeep
|
|t:|1757200499
|switch|p1a: Palafin|Palafin-Hero, L50, M|82/100 brn
|-activate|p1a: Palafin|ability: Zero to Hero
|turn|8
|
|t:|1757200510
|-terastallize|p1a: Palafin|Flying
|move|p1b: Tinkaton|Gigaton Hammer|p2b: Annihilape
|-crit|p2b: Annihilape
|-damage|p2b: Annihilape|0 fnt
|faint|p2b: Annihilape
|move|p1a: Palafin|Acrobatics|p2a: Porygon2
|-damage|p2a: Porygon2|57/100
|move|p2a: Porygon2|Ice Beam|p1b: Tinkaton
|-resisted|p1b: Tinkaton
|-damage|p1b: Tinkaton|2/100
|-status|p1b: Tinkaton|frz
|
|-damage|p1a: Palafin|75/100 brn|[from] brn
|upkeep
|
|t:|1757200520
|switch|p2b: Ursaluna|Ursaluna, L50, F|100/100
|turn|9
|
|t:|1757200530
|switch|p1b: Incineroar|Incineroar, L50, M|100/100
|-ability|p1b: Incineroar|Intimidate|boost
|-unboost|p2a: Porygon2|atk|1
|-unboost|p2b: Ursaluna|atk|1
|move|p2b: Ursaluna|Protect|p2b: Ursaluna
|-singleturn|p2b: Ursaluna|Protect
|move|p1a: Palafin|Wave Crash|p2b: Ursaluna
|-activate|p2b: Ursaluna|move: Protect
|move|p2a: Porygon2|Ice Beam|p1a: Palafin
|-supereffective|p1a: Palafin
|-damage|p1a: Palafin|25/100 brn
|
|-damage|p1a: Palafin|19/100 brn|[from] brn
|-status|p2b: Ursaluna|brn|[from] item: Flame Orb
|upkeep
|turn|10
|inactive|ChimpDoppio has 30 seconds left.
|inactive|unpolished20 has 30 seconds left.
|
|t:|1757200560
|move|p1b: Incineroar|Fake Out|p2b: Ursaluna
|-damage|p2b: Ursaluna|94/100 brn
|move|p1a: Palafin|Wave Crash|p2b: Ursaluna
|-supereffective|p2b: Ursaluna
|-damage|p2b: Ursaluna|45/100 brn
|-damage|p1a: Palafin|0 fnt|[from] Recoil
|faint|p1a: Palafin
|move|p2a: Porygon2|Ice Beam|p1b: Incineroar
|-resisted|p1b: Incineroar
|-damage|p1b: Incineroar|91/100
|cant|p2b: Ursaluna|flinch
|
|-damage|p2b: Ursaluna|40/100 brn|[from] brn
|upkeep
|
|t:|1757200569
|switch|p1a: Tinkaton|Tinkaton, L50, F|2/100 frz
|-ability|p1a: Tinkaton|Mold Breaker
|turn|11
|
|t:|1757200586
|cant|p1a: Tinkaton|frz
|move|p2a: Porygon2|Tera Blast|p1b: Incineroar|[anim] Tera Blast Flying
|-damage|p1b: Incineroar|63/100
|move|p1b: Incineroar|Knock Off|p2a: Porygon2
|-damage|p2a: Porygon2|30/100
|-enditem|p2a: Porygon2|Eviolite|[from] move: Knock Off|[of] p1b: Incineroar
|move|p2b: Ursaluna|Headlong Rush|p1b: Incineroar
|-supereffective|p1b: Incineroar
|-crit|p1b: Incineroar
|-damage|p1b: Incineroar|0 fnt
|-unboost|p2b: Ursaluna|def|1
|-unboost|p2b: Ursaluna|spd|1
|faint|p1b: Incineroar
|
|-damage|p2b: Ursaluna|34/100 brn|[from] brn
|upkeep
|turn|12
|-message|unpolished20 forfeited.
|
|win|ChimpDoppio
|l|☆unpolished20
|player|p1|
||unpolished20 is ready for game 2.
||ChimpDoppio is ready for game 2.
|uhtml|next|Next: Game 2 of 3
