|j|☆yazz96
|j|☆skyshakerX
|html|yazz96skyshakerX    
|uhtml|bestof|Game 3 of a best-of-3
|t:|1785277009
|gametype|doubles
|player|p1|yazz96|170|1063
|player|p2|skyshakerX|youngn|1053
|gen|9
|tier|[Gen 9 Champions] VGC 2026 Reg M-B (Bo3)
|rated|
|rule|Species Clause: Limit one of each Pokémon
|rule|Item Clause: Limit 1 of each item
|clearpoke
|poke|p1|Starmie, L50|
|poke|p1|Mamoswine, L50, F|
|poke|p1|Farigiraf, L50, F|
|poke|p1|Charizard, L50, M|
|poke|p1|Vileplume, L50, M|
|poke|p1|Pelipper, L50, M|
|poke|p2|Pelipper, L50, M|
|poke|p2|Swampert, L50, M|
|poke|p2|Archaludon, L50, M|
|poke|p2|Grimmsnarl, L50, M|
|poke|p2|Raichu, L50, F|
|poke|p2|Sneasler, L50, M|
|teampreview|4
|showteam|p1|Starmie||Starminite|Illuminate|SkillSwap,Scald,Psychic,Protect|Modest|||||50|]Mamoswine||LifeOrb|Oblivious|RockSlide,HighHorsepower,IcicleCrash,Protect|Jolly||F|||50|]Farigiraf||SitrusBerry|ArmorTail|TrickRoom,Protect,Psychic,Thunder|Relaxed||F|||50|]Charizard||CharizarditeY|Blaze|FocusBlast,Protect,SolarBeam,WeatherBall|Modest||M|||50|]Vileplume||ExpertBelt|Chlorophyll|AfterYou,AcidSpray,SolarBeam,Protect|Modest||M|||50|]Pelipper||FocusSash|Drizzle|WeatherBall,Tailwind,WideGuard,Protect|Modest||M|||50|
|showteam|p2|Pelipper||SitrusBerry|Drizzle|Hurricane,WeatherBall,Tailwind,WideGuard|Bold||M|||50|]Swampert||Swampertite|Torrent|WaveCrash,IcePunch,Earthquake,Protect|Adamant||M|||50|]Archaludon||ExpertBelt|Stalwart|ElectroShot,DragonPulse,FlashCannon,Protect|Timid||M|||50|]Grimmsnarl||LightClay|Prankster|SpiritBreak,Reflect,LightScreen,PartingShot|Careful||M|||50|]Raichu||RaichuniteY|LightningRod|ZapCannon,FocusBlast,FakeOut,Protect|Timid||F|||50|]Sneasler||FocusSash|Unburden|BrickBreak,DireClaw,Coaching,FakeOut|Adamant||M|||50|
|inactive|Battle timer is ON: inactive players will automatically lose when time's up. (requested by skyshakerX)
|inactive|skyshakerX has 60 seconds left.
|
|t:|1785277063
|teamsize|p1|4
|teamsize|p2|4
|start
|switch|p1a: Farigiraf|Farigiraf, L50, F|100/100
|switch|p1b: Mamoswine|Mamoswine, L50, F|100/100
|switch|p2a: Pelipper|Pelipper, L50, M|100/100
|switch|p2b: Grimmsnarl|Grimmsnarl, L50, M|100/100
|-weather|RainDance|[from] ability: Drizzle|[of] p2a: Pelipper
|turn|1
|inactive|yazz96 has 30 seconds left.
|
|t:|1785277088
|move|p2b: Grimmsnarl|Light Screen|p2b: Grimmsnarl
|-sidestart|p2: skyshakerX|move: Light Screen
|move|p1b: Mamoswine|Rock Slide|p2a: Pelipper|[spread] p2a,p2b
|-supereffective|p2a: Pelipper|1
|-damage|p2a: Pelipper|58/100
|-damage|p2b: Grimmsnarl|78/100
|-damage|p1b: Mamoswine|90/100|[from] item: Life Orb
|move|p2a: Pelipper|Tailwind|p2a: Pelipper
|-sidestart|p2: skyshakerX|move: Tailwind
|move|p1a: Farigiraf|Thunder|p2a: Pelipper
|-supereffective|p2a: Pelipper|2
|-damage|p2a: Pelipper|0 fnt
|faint|p2a: Pelipper
|
|-weather|RainDance|[upkeep]
|upkeep
|
|t:|1785277110
|switch|p2a: Archaludon|Archaludon, L50, M|100/100
|turn|2
|
|t:|1785277128
|move|p2b: Grimmsnarl|Reflect|p2b: Grimmsnarl
|-sidestart|p2: skyshakerX|Reflect
|move|p2a: Archaludon|Electro Shot||[still]
|-prepare|p2a: Archaludon|Electro Shot
|-boost|p2a: Archaludon|spa|1
|-anim|p2a: Archaludon|Electro Shot|p1a: Farigiraf
|-damage|p1a: Farigiraf|38/100
|-enditem|p1a: Farigiraf|Sitrus Berry|[eat]
|-heal|p1a: Farigiraf|63/100|[from] item: Sitrus Berry
|move|p1b: Mamoswine|High Horsepower|p2a: Archaludon
|-supereffective|p2a: Archaludon|1
|-damage|p2a: Archaludon|34/100
|-damage|p1b: Mamoswine|80/100|[from] item: Life Orb
|move|p1a: Farigiraf|Trick Room|p1a: Farigiraf
|-fieldstart|move: Trick Room|[of] p1a: Farigiraf
|
|-weather|RainDance|[upkeep]
|upkeep
|turn|3
|inactive|yazz96 has 30 seconds left.
|
|t:|1785277158
|move|p2a: Archaludon|Protect|p2a: Archaludon
|-singleturn|p2a: Archaludon|Protect
|move|p1a: Farigiraf|Thunder|p2b: Grimmsnarl
|-damage|p2b: Grimmsnarl|59/100
|move|p1b: Mamoswine|Rock Slide|p2a: Archaludon|[spread] p2b
|-activate|p2a: Archaludon|move: Protect
|-damage|p2b: Grimmsnarl|45/100
|-damage|p1b: Mamoswine|70/100|[from] item: Life Orb
|move|p2b: Grimmsnarl|Spirit Break|p1a: Farigiraf
|-damage|p1a: Farigiraf|36/100
|-unboost|p1a: Farigiraf|spa|1
|
|-weather|RainDance|[upkeep]
|upkeep
|turn|4
|
|t:|1785277180
|move|p2b: Grimmsnarl|Parting Shot||[still]
|cant|p1a: Farigiraf|ability: Armor Tail|Parting Shot|[of] p2b: Grimmsnarl
|move|p1a: Farigiraf|Psychic|p2a: Archaludon
|-resisted|p2a: Archaludon|1
|-damage|p2a: Archaludon|21/100
|-unboost|p2a: Archaludon|spd|1
|move|p1b: Mamoswine|High Horsepower|p2a: Archaludon
|-supereffective|p2a: Archaludon|1
|-damage|p2a: Archaludon|0 fnt
|faint|p2a: Archaludon
|-damage|p1b: Mamoswine|60/100|[from] item: Life Orb
|
|-weather|RainDance|[upkeep]
|-sideend|p2: skyshakerX|move: Tailwind
|upkeep
|
|t:|1785277193
|switch|p2a: Raichu|Raichu, L50, F|100/100
|turn|5
|
|t:|1785277205
|move|p2a: Raichu|Protect|p2a: Raichu
|-singleturn|p2a: Raichu|Protect
|move|p1a: Farigiraf|Psychic|p2a: Raichu
|-activate|p2a: Raichu|move: Protect
|move|p2b: Grimmsnarl|Spirit Break|p1a: Farigiraf
|-damage|p1a: Farigiraf|11/100
|-unboost|p1a: Farigiraf|spa|1
|move|p1b: Mamoswine|High Horsepower|p2a: Raichu
|-activate|p2a: Raichu|move: Protect
|
|-weather|none
|upkeep
|turn|6
|inactive|skyshakerX has 30 seconds left.
|
|t:|1785277232
|switch|p1a: Vileplume|Vileplume, L50, M|100/100
|detailschange|p2a: Raichu|Raichu-Mega-Y, L50, F
|-mega|p2a: Raichu|Raichu|Raichunite Y
|move|p2a: Raichu|Protect|p2a: Raichu
|-singleturn|p2a: Raichu|Protect
|move|p2b: Grimmsnarl|Spirit Break|p1a: Vileplume
|-resisted|p1a: Vileplume|1
|-damage|p1a: Vileplume|82/100
|-unboost|p1a: Vileplume|spa|1
|move|p1b: Mamoswine|High Horsepower|p2a: Raichu
|-activate|p2a: Raichu|move: Protect
|
|-fieldend|move: Trick Room
|upkeep
|turn|7
|inactive|yazz96 has 30 seconds left.
|
|t:|1785277258
|move|p1b: Mamoswine|Protect|p1b: Mamoswine
|-singleturn|p1b: Mamoswine|Protect
|move|p2a: Raichu|Focus Blast|p1b: Mamoswine
|-activate|p1b: Mamoswine|move: Protect
|move|p1a: Vileplume|Acid Spray|p2b: Grimmsnarl
|-supereffective|p2b: Grimmsnarl|1
|-damage|p2b: Grimmsnarl|28/100
|-unboost|p2b: Grimmsnarl|spd|2
|move|p2b: Grimmsnarl|Spirit Break|p1a: Vileplume
|-resisted|p1a: Vileplume|1
|-damage|p1a: Vileplume|64/100
|-unboost|p1a: Vileplume|spa|1
|
|upkeep
|turn|8
|
|t:|1785277277
|switch|p1b: Farigiraf|Farigiraf, L50, F|11/100
|move|p2a: Raichu|Focus Blast|p1b: Farigiraf
|-damage|p1b: Farigiraf|0 fnt
|faint|p1b: Farigiraf
|move|p1a: Vileplume|Acid Spray|p2b: Grimmsnarl
|-supereffective|p2b: Grimmsnarl|1
|-damage|p2b: Grimmsnarl|3/100
|-unboost|p2b: Grimmsnarl|spd|2
|move|p2b: Grimmsnarl|Spirit Break|p1a: Vileplume
|-resisted|p1a: Vileplume|1
|-damage|p1a: Vileplume|47/100
|-unboost|p1a: Vileplume|spa|1
|
|-sideend|p2: skyshakerX|move: Light Screen
|upkeep
|
|t:|1785277297
|switch|p1b: Charizard|Charizard, L50, M|100/100
|turn|9
|
|t:|1785277309
|detailschange|p1b: Charizard|Charizard-Mega-Y, L50, M
|-mega|p1b: Charizard|Charizard|Charizardite Y
|-weather|SunnyDay|[from] ability: Drought|[of] p1b: Charizard
|move|p2b: Grimmsnarl|Light Screen|p2b: Grimmsnarl
|-sidestart|p2: skyshakerX|move: Light Screen
|move|p1a: Vileplume|After You|p1b: Charizard
|-activate|p1b: Charizard|move: After You
|move|p1b: Charizard|Weather Ball|p2a: Raichu
|-damage|p2a: Raichu|4/100
|move|p2a: Raichu|Zap Cannon|p1a: Vileplume
|-resisted|p1a: Vileplume|1
|-damage|p1a: Vileplume|5/100
|-status|p1a: Vileplume|par
|
|-weather|SunnyDay|[upkeep]
|-sideend|p2: skyshakerX|Reflect
|upkeep
|turn|10
|
|t:|1785277330
|move|p2a: Raichu|Zap Cannon|p1b: Charizard
|-supereffective|p1b: Charizard|1
|-damage|p1b: Charizard|0 fnt
|faint|p1b: Charizard
|move|p1a: Vileplume|After You||[still]
|-fail|p1a: Vileplume
|move|p2b: Grimmsnarl|Spirit Break|p1a: Vileplume
|-resisted|p1a: Vileplume|1
|-damage|p1a: Vileplume|0 fnt
|faint|p1a: Vileplume
|
|-weather|SunnyDay|[upkeep]
|upkeep
|
|t:|1785277339
|switch|p1b: Mamoswine|Mamoswine, L50, F|60/100
|turn|11
|
|t:|1785277348
|move|p2a: Raichu|Focus Blast|p1b: Mamoswine
|-supereffective|p1b: Mamoswine|1
|-damage|p1b: Mamoswine|0 fnt
|faint|p1b: Mamoswine
|
|win|skyshakerX
|raw|yazz96's rating: 1063 → 1043(-20 for losing)
|raw|skyshakerX's rating: 1053 → 1086(+33 for winning)
|c|☆skyshakerX|gg
|c|☆skyshakerX|that was nuts
|c|☆yazz96|it was
