|j|☆DyeItTightOfficial
|j|☆FotiniP
|html|DyeItTightOfficialFotiniP    
|uhtml|bestof|Game 2 of a best-of-3
|t:|1784592165
|gametype|doubles
|player|p1|DyeItTightOfficial|blue-gen3two|1095
|player|p2|FotiniP|1|1161
|gen|9
|tier|[Gen 9 Champions] VGC 2026 Reg M-B (Bo3)
|rated|
|rule|Species Clause: Limit one of each Pokémon
|rule|Item Clause: Limit 1 of each item
|clearpoke
|poke|p1|Garchomp, L50, F|
|poke|p1|Kingambit, L50, M|
|poke|p1|Raichu, L50, F|
|poke|p1|Sableye, L50, F|
|poke|p1|Floette-Eternal, L50, F|
|poke|p1|Clefable, L50, F|
|poke|p2|Archaludon, L50, F|
|poke|p2|Pelipper, L50, M|
|poke|p2|Swampert, L50, M|
|poke|p2|Basculegion, L50, M|
|poke|p2|Sableye, L50, M|
|poke|p2|Dragonite, L50, F|
|teampreview|4
|showteam|p1|Garchomp||SoftSand|RoughSkin|RockSlide,Earthquake,EarthPower,Protect|Jolly||F|||50|]Kingambit||ChopleBerry|Defiant|SuckerPunch,IronHead,Protect,LowKick|Adamant||M|||50|]Raichu||RaichuniteY|LightningRod|Protect,ZapCannon,FocusBlast,GrassKnot|Timid||F|||50|]Sableye||LightClay|Prankster|LightScreen,Encore,Reflect,FakeOut|Careful||F|||50|]Floette-Eternal||Floettite|FlowerVeil|Protect,DazzlingGleam,Moonblast,HelpingHand|Timid||F|||50|]Clefable||SitrusBerry|Unaware|Moonblast,Protect,SunnyDay,FollowMe|Bold||F|||50|
|showteam|p2|Archaludon||Leftovers|Stamina|DragonPulse,FlashCannon,ElectroShot,Protect|Modest||F|||50|]Pelipper||FocusSash|Drizzle|Hurricane,WeatherBall,Tailwind,Protect|Modest||M|||50|]Swampert||Swampertite|Torrent|WaveCrash,IcePunch,Earthquake,Protect|Adamant||M|||50|]Basculegion||MysticWater|SwiftSwim|WaveCrash,LastRespects,AquaJet,Protect|Adamant||M|||50|]Sableye||RoseliBerry|Prankster|RainDance,Reflect,LightScreen,KnockOff|Careful||M|||50|]Dragonite||Dragoninite|InnerFocus|DragonPulse,Hurricane,IceBeam,Protect|Modest||F|||50|
|inactive|Battle timer is ON: inactive players will automatically lose when time's up. (requested by FotiniP)
|inactive|DyeItTightOfficial has 60 seconds left.
|
|t:|1784592216
|teamsize|p1|4
|teamsize|p2|4
|start
|switch|p1a: Sableye|Sableye, L50, F|100/100
|switch|p1b: Floette|Floette-Eternal, L50, F|100/100
|switch|p2a: Pelipper|Pelipper, L50, M|100/100
|switch|p2b: Swampert|Swampert, L50, M|100/100
|-weather|RainDance|[from] ability: Drizzle|[of] p2a: Pelipper
|turn|1
|inactive|DyeItTightOfficial has 30 seconds left.
|
|t:|1784592246
|move|p2a: Pelipper|Protect|p2a: Pelipper
|-singleturn|p2a: Pelipper|Protect
|move|p2b: Swampert|Protect|p2b: Swampert
|-singleturn|p2b: Swampert|Protect
|move|p1a: Sableye|Fake Out|p2b: Swampert
|-activate|p2b: Swampert|move: Protect
|move|p1b: Floette|Moonblast|p2b: Swampert
|-activate|p2b: Swampert|move: Protect
|
|-weather|RainDance|[upkeep]
|upkeep
|turn|2
|
|t:|1784592268
|detailschange|p2b: Swampert|Swampert-Mega, L50, M
|-mega|p2b: Swampert|Swampert|Swampertite
|move|p1a: Sableye|Reflect|p1a: Sableye
|-sidestart|p1: DyeItTightOfficial|Reflect
|move|p2b: Swampert|Earthquake|p1b: Floette|[spread] p1a,p1b
|-immune|p2a: Pelipper
|-damage|p1a: Sableye|64/100
|-damage|p1b: Floette|56/100
|move|p1b: Floette|Moonblast|p2b: Swampert
|-damage|p2b: Swampert|62/100
|move|p2a: Pelipper|Tailwind|p2a: Pelipper
|-sidestart|p2: FotiniP|move: Tailwind
|
|-weather|RainDance|[upkeep]
|upkeep
|turn|3
|
|t:|1784592290
|move|p1a: Sableye|Encore|p2a: Pelipper
|-start|p2a: Pelipper|Encore
|move|p2b: Swampert|Earthquake|p1b: Floette|[spread] p1a,p1b
|-immune|p2a: Pelipper
|-crit|p1a: Sableye
|-damage|p1a: Sableye|0 fnt
|-damage|p1b: Floette|11/100
|faint|p1a: Sableye
|move|p2a: Pelipper|Tailwind||[still]
|-fail|p2a: Pelipper
|move|p1b: Floette|Dazzling Gleam|p2a: Pelipper|[spread] p2a,p2b
|-damage|p2a: Pelipper|49/100
|-damage|p2b: Swampert|38/100
|
|-weather|RainDance|[upkeep]
|upkeep
|
|t:|1784592301
|switch|p1a: Kingambit|Kingambit, L50, M|100/100
|turn|4
|
|t:|1784592311
|switch|p2b: Basculegion|Basculegion, L50, M|100/100
|switch|p2a: Archaludon|Archaludon, L50, F|100/100
|move|p1b: Floette|Helping Hand|p1a: Kingambit
|-singleturn|p1a: Kingambit|Helping Hand|[of] p1b: Floette
|move|p1a: Kingambit|Sucker Punch||[still]
|-fail|p1a: Kingambit
|
|-weather|RainDance|[upkeep]
|upkeep
|turn|5
|
|t:|1784592334
|move|p1b: Floette|Protect|p1b: Floette
|-singleturn|p1b: Floette|Protect
|move|p2b: Basculegion|Aqua Jet|p1b: Floette
|-activate|p1b: Floette|move: Protect
|move|p1a: Kingambit|Sucker Punch||[still]
|-fail|p1a: Kingambit
|move|p2a: Archaludon|Electro Shot||[still]
|-prepare|p2a: Archaludon|Electro Shot
|-boost|p2a: Archaludon|spa|1
|-anim|p2a: Archaludon|Electro Shot|p1a: Kingambit
|-damage|p1a: Kingambit|43/100
|
|-weather|none
|-sideend|p2: FotiniP|move: Tailwind
|upkeep
|turn|6
|
|t:|1784592352
|move|p1b: Floette|Helping Hand|p1a: Kingambit
|-singleturn|p1a: Kingambit|Helping Hand|[of] p1b: Floette
|move|p2b: Basculegion|Aqua Jet|p1b: Floette
|-damage|p1b: Floette|0 fnt
|faint|p1b: Floette
|move|p2a: Archaludon|Electro Shot||[still]
|-prepare|p2a: Archaludon|Electro Shot
|-boost|p2a: Archaludon|spa|1
|move|p1a: Kingambit|Low Kick|p2a: Archaludon
|-supereffective|p2a: Archaludon|1
|-damage|p2a: Archaludon|35/100
|-ability|p2a: Archaludon|Stamina|boost
|-boost|p2a: Archaludon|def|1
|
|-heal|p2a: Archaludon|41/100|[from] item: Leftovers
|upkeep
|
|t:|1784592361
|switch|p1b: Raichu|Raichu, L50, F|100/100
|turn|7
|
|t:|1784592375
|detailschange|p1b: Raichu|Raichu-Mega-Y, L50, F
|-mega|p1b: Raichu|Raichu|Raichunite Y
|move|p2b: Basculegion|Protect|p2b: Basculegion
|-singleturn|p2b: Basculegion|Protect
|move|p1a: Kingambit|Sucker Punch||[still]
|-fail|p1a: Kingambit
|move|p1b: Raichu|Focus Blast|p2a: Archaludon
|-supereffective|p2a: Archaludon|1
|-damage|p2a: Archaludon|0 fnt
|faint|p2a: Archaludon
|
|upkeep
|
|t:|1784592386
|switch|p2a: Pelipper|Pelipper, L50, M|49/100
|-weather|RainDance|[from] ability: Drizzle|[of] p2a: Pelipper
|turn|8
|
|t:|1784592404
|move|p1a: Kingambit|Sucker Punch|p2b: Basculegion
|-supereffective|p2b: Basculegion|1
|-damage|p2b: Basculegion|16/100
|move|p2b: Basculegion|Wave Crash|p1b: Raichu
|-damage|p1b: Raichu|0 fnt
|faint|p1b: Raichu
|-damage|p2b: Basculegion|0 fnt|[from] Recoil
|faint|p2b: Basculegion
|move|p2a: Pelipper|Hurricane|p1a: Kingambit
|-resisted|p1a: Kingambit|1
|-damage|p1a: Kingambit|17/100
|
|-weather|RainDance|[upkeep]
|upkeep
|
|t:|1784592415
|switch|p2b: Swampert|Swampert-Mega, L50, M|38/100
|turn|9
|
|t:|1784592426
|move|p1a: Kingambit|Sucker Punch|p2b: Swampert
|-damage|p2b: Swampert|3/100
|move|p2b: Swampert|Earthquake|p1a: Kingambit|[spread] p1a
|-immune|p2a: Pelipper
|-supereffective|p1a: Kingambit|1
|-damage|p1a: Kingambit|0 fnt
|faint|p1a: Kingambit
|
|win|FotiniP
