|j|☆boncuss
|j|☆KilamanolaVGC
|html|boncussKilamanolaVGC    
|uhtml|bestof|Game 2 of a best-of-3
|t:|1757784052
|gametype|doubles
|player|p1|boncuss|wattson|1177
|player|p2|KilamanolaVGC|169|1292
|gen|9
|tier|[Gen 9] VGC 2025 Reg H (Bo3)
|rated|
|rule|Species Clause: Limit one of each Pokémon
|rule|Item Clause: Limit 1 of each item
|clearpoke
|poke|p1|Garganacl, L50, M|
|poke|p1|Tyranitar, L50, M|
|poke|p1|Glimmora, L50, F|
|poke|p1|Talonflame, L50, F|
|poke|p1|Excadrill, L50, F|
|poke|p1|Gastrodon, L50, M|
|poke|p2|Weezing-Galar, L50, F|
|poke|p2|Slaking, L50, M|
|poke|p2|Mamoswine, L50, F|
|poke|p2|Kilowattrel, L50, M|
|poke|p2|Dondozo, L50, M|
|poke|p2|Tatsugiri, L50, M|
|teampreview|4
|showteam|p1|Garganacl||Leftovers|PurifyingSalt|SaltCure,Avalanche,WideGuard,Protect|||M|||50|,,,,,Grass]Tyranitar||AssaultVest|SandStream|RockSlide,KnockOff,LashOut,IcePunch|||M|||50|,,,,,Flying]Glimmora||PowerHerb|ToxicDebris|MeteorBeam,SpikyShield,SludgeBomb,EarthPower|||F|||50|,,,,,Grass]Talonflame||CovertCloak|GaleWings|DualWingbeat,FlareBlitz,Tailwind,WillOWisp|||F|||50|,,,,,Flying]Excadrill||SitrusBerry|SandRush|IronHead,Earthquake,SwordsDance,Protect|||F|||50|,,,,,Ghost]Gastrodon||LifeOrb|StormDrain|EarthPower,MuddyWater,IceBeam,Protect|||M|||50|,,,,,Fire
|showteam|p2|Weezing-Galar||CovertCloak|NeutralizingGas|StrangeSteam,WillOWisp,Taunt,Protect|||F|||50|,,,,,Water]Slaking||LifeOrb|Truant|DoubleEdge,SuckerPunch,HighHorsepower,Protect|||M|||50|,,,,,Ghost]Mamoswine||FocusSash|Oblivious|IcicleCrash,IceShard,Earthquake,Protect|||F|||50|,,,,,Ghost]Kilowattrel||ChoiceSpecs|Competitive|Thunderbolt,Discharge,AirSlash,VoltSwitch|||M|||50|,,,,,Ghost]Dondozo||Leftovers|Unaware|WaveCrash,HeavySlam,OrderUp,Protect|||M|||50|,,,,,Grass]Tatsugiri||AbilityShield|Commander|MuddyWater,DragonPulse,DracoMeteor,Protect|||M|||50|,,,,,Steel
|inactive|Battle timer is ON: inactive players will automatically lose when time's up. (requested by boncuss)
|inactive|KilamanolaVGC also wants the timer to be on.
|
|t:|1757784075
|teamsize|p1|4
|teamsize|p2|4
|start
|switch|p1a: Talonflame|Talonflame, L50, F|100/100
|switch|p1b: Excadrill|Excadrill, L50, F|100/100
|switch|p2a: Kilowattrel|Kilowattrel, L50, M, shiny|100/100
|switch|p2b: Weezing|Weezing-Galar, L50, F, shiny|100/100
|-ability|p2b: Weezing|Neutralizing Gas
|turn|1
|
|t:|1757784089
|switch|p1a: Gastrodon|Gastrodon, L50, M|100/100
|-terastallize|p2b: Weezing|Water
|move|p2a: Kilowattrel|Volt Switch|p1a: Gastrodon
|-immune|p1a: Gastrodon
|move|p1b: Excadrill|Earthquake|p2b: Weezing|[spread] p1a,p2b
|-immune|p2a: Kilowattrel
|-damage|p1a: Gastrodon|57/100
|-damage|p2b: Weezing|62/100
|move|p2b: Weezing|Will-O-Wisp|p1b: Excadrill
|-status|p1b: Excadrill|brn
|
|-damage|p1b: Excadrill|95/100 brn|[from] brn
|upkeep
|turn|2
|
|t:|1757784110
|switch|p2a: Slaking|Slaking, L50, M, shiny|100/100
|move|p1b: Excadrill|Swords Dance|p1b: Excadrill
|-boost|p1b: Excadrill|atk|2
|move|p2b: Weezing|Strange Steam|p1a: Gastrodon
|-damage|p1a: Gastrodon|28/100
|move|p1a: Gastrodon|Muddy Water|p2a: Slaking|[spread] p2a,p2b
|-resisted|p2b: Weezing
|-damage|p2a: Slaking|53/100
|-damage|p2b: Weezing|42/100
|-damage|p1a: Gastrodon|18/100|[from] item: Life Orb
|
|-damage|p1b: Excadrill|89/100 brn|[from] brn
|upkeep
|turn|3
|
|t:|1757784129
|move|p1b: Excadrill|Protect|p1b: Excadrill
|-singleturn|p1b: Excadrill|Protect
|move|p2a: Slaking|High Horsepower|p1b: Excadrill
|-activate|p1b: Excadrill|move: Protect
|move|p2b: Weezing|Strange Steam|p1a: Gastrodon
|-damage|p1a: Gastrodon|0 fnt
|faint|p1a: Gastrodon
|
|-damage|p1b: Excadrill|83/100 brn|[from] brn
|upkeep
|
|t:|1757784133
|switch|p1a: Talonflame|Talonflame, L50, F|100/100
|turn|4
|
|t:|1757784145
|move|p1a: Talonflame|Dual Wingbeat|p2b: Weezing
|-damage|p2b: Weezing|27/100
|-damage|p2b: Weezing|13/100
|-hitcount|p2b: Weezing|2
|move|p2a: Slaking|High Horsepower|p1b: Excadrill
|-supereffective|p1b: Excadrill
|-damage|p1b: Excadrill|0 fnt
|faint|p1b: Excadrill
|-damage|p2a: Slaking|43/100|[from] item: Life Orb
|move|p2b: Weezing|Taunt|p1a: Talonflame
|-start|p1a: Talonflame|move: Taunt
|
|upkeep
|
|t:|1757784152
|switch|p1b: Glimmora|Glimmora, L50, F|100/100
|turn|5
|
|t:|1757784166
|move|p1b: Glimmora|Spiky Shield|p1b: Glimmora
|-singleturn|p1b: Glimmora|move: Protect
|move|p1a: Talonflame|Dual Wingbeat|p2b: Weezing
|-damage|p2b: Weezing|0 fnt
|faint|p2b: Weezing
|-end|p2b: Weezing|ability: Neutralizing Gas
|-hitcount|p2: Weezing|1
|move|p2a: Slaking|Double-Edge|p1b: Glimmora
|-activate|p1b: Glimmora|move: Protect
|-damage|p2a: Slaking|31/100|[from] Spiky Shield|[of] p1b: Glimmora
|
|upkeep
|
|t:|1757784170
|switch|p2b: Kilowattrel|Kilowattrel, L50, M, shiny|100/100
|turn|6
|
|t:|1757784189
|switch|p2a: Mamoswine|Mamoswine, L50, F, shiny|100/100
|-terastallize|p1a: Talonflame|Flying
|move|p1a: Talonflame|Dual Wingbeat|p2a: Mamoswine
|-damage|p2a: Mamoswine|74/100
|-damage|p2a: Mamoswine|49/100
|-hitcount|p2a: Mamoswine|2
|move|p2b: Kilowattrel|Volt Switch|p1b: Glimmora
|-damage|p1b: Glimmora|38/100
|
|t:|1757784198
|switch|p2b: Slaking|Slaking, L50, M, shiny|31/100|[from] Volt Switch
|move|p1b: Glimmora|Meteor Beam||[still]
|-prepare|p1b: Glimmora|Meteor Beam
|-boost|p1b: Glimmora|spa|1
|-enditem|p1b: Glimmora|Power Herb
|-anim|p1b: Glimmora|Meteor Beam|p2b: Slaking
|-damage|p2b: Slaking|0 fnt
|faint|p2b: Slaking
|
|upkeep
|
|t:|1757784206
|switch|p2b: Kilowattrel|Kilowattrel, L50, M, shiny|100/100
|turn|7
|
|t:|1757784212
|move|p1a: Talonflame|Dual Wingbeat|p2a: Mamoswine
|-damage|p2a: Mamoswine|24/100
|-damage|p2a: Mamoswine|0 fnt
|faint|p2a: Mamoswine
|-hitcount|p2: Mamoswine|2
|move|p2b: Kilowattrel|Discharge|p1b: Glimmora|[spread] p1a,p1b
|-supereffective|p1a: Talonflame
|-damage|p1a: Talonflame|0 fnt
|-damage|p1b: Glimmora|0 fnt
|faint|p1a: Talonflame
|faint|p1b: Glimmora
|
|win|KilamanolaVGC
||boncuss is ready for game 3.
|inactive|KilamanolaVGC has 30 seconds to confirm battle start!
|inactive|KilamanolaVGC has 20 seconds to confirm battle start!
||KilamanolaVGC is ready for game 3.
|uhtml|next|Next: Game 3 of 3
