|j|☆kemaho
|j|☆luisgrhg7
|html|kemaholuisgrhg7    
|uhtml|bestof|Game 3 of a best-of-3
|t:|1755275435
|gametype|doubles
|player|p1|kemaho|clerk|1311
|player|p2|luisgrhg7|101|1242
|gen|9
|tier|[Gen 9] VGC 2025 Reg H (Bo3)
|rated|
|rule|Species Clause: Limit one of each Pokémon
|rule|Item Clause: Limit 1 of each item
|clearpoke
|poke|p1|Indeedee-F, L50, F|
|poke|p1|Armarouge, L50, F|
|poke|p1|Kingambit, L50, M|
|poke|p1|Torkoal, L50, F|
|poke|p1|Gallade, L50, M|
|poke|p1|Maushold-Four, L50|
|poke|p2|Meowscarada, L50, M|
|poke|p2|Espeon, L50, M|
|poke|p2|Primarina, L50, M|
|poke|p2|Indeedee-F, L50, F|
|poke|p2|Armarouge, L50, M|
|poke|p2|Sneasler, L50, M|
|teampreview|4
|showteam|p1|Indeedee-F||PsychicSeed|PsychicSurge|Psychic,HelpingHand,FollowMe,TrickRoom|||F|||50|,,,,,Grass]Armarouge||LifeOrb|FlashFire|ExpandingForce,ArmorCannon,TrickRoom,Protect|||F|||50|,,,,,Grass]Kingambit||SafetyGoggles|Defiant|KowtowCleave,SuckerPunch,LowKick,SwordsDance|||M|||50|,,,,,Dark]Torkoal||Charcoal|Drought|Eruption,WeatherBall,HeatWave,Protect|||F|||50|,,,,,Fire]Gallade||ClearAmulet|Sharpness|SacredSword,PsychoCut,WideGuard,TrickRoom|||M|||50|,,,,,Grass]Maushold-Four||WideLens|Technician|PopulationBomb,Taunt,FollowMe,Protect||||||50|,,,,,Ghost
|showteam|p2|Meowscarada||FocusSash|Protean|FlowerTrick,KnockOff,Protect,Uturn|||M|||50|,,,,,Stellar]Espeon||ChoiceSpecs|MagicBounce|ExpandingForce,TeraBlast,ShadowBall,Trick|||M|||50|,,,,,Water]Primarina||ThroatSpray|LiquidVoice|HyperVoice,Protect,Moonblast,TeraBlast|||M|||50|,,,,,Poison]Indeedee-F||EjectButton|PsychicSurge|FollowMe,HelpingHand,TrickRoom,Reflect|||F|||50|,,,,,Fairy]Armarouge||PowerHerb|FlashFire|HeatWave,ExpandingForce,Protect,MeteorBeam|||M|||50|,,,,,Water]Sneasler||PsychicSeed|Unburden|DireClaw,Protect,CloseCombat,ThroatChop|||M|||50|,,,,,Dark
|
|t:|1755275484
|teamsize|p1|4
|teamsize|p2|4
|start
|switch|p1a: Maushold|Maushold-Four, L50|100/100
|switch|p1b: Armarouge|Armarouge, L50, F|100/100
|switch|p2a: Indeedee|Indeedee-F, L50, F|100/100
|switch|p2b: Espeon|Espeon, L50, M|100/100
|-fieldstart|move: Psychic Terrain|[from] ability: Psychic Surge|[of] p2a: Indeedee
|turn|1
|
|t:|1755275518
|move|p2a: Indeedee|Follow Me|p2a: Indeedee
|-singleturn|p2a: Indeedee|move: Follow Me
|move|p1a: Maushold|Population Bomb|p2a: Indeedee
|-damage|p2a: Indeedee|90/100
|-damage|p2a: Indeedee|77/100
|-damage|p2a: Indeedee|64/100
|-damage|p2a: Indeedee|53/100
|-damage|p2a: Indeedee|42/100
|-damage|p2a: Indeedee|30/100
|-damage|p2a: Indeedee|20/100
|-damage|p2a: Indeedee|7/100
|-damage|p2a: Indeedee|0 fnt
|faint|p2a: Indeedee
|-hitcount|p2: Indeedee|9
|move|p2b: Espeon|Expanding Force|p1a: Maushold|[spread] p1a,p1b
|-resisted|p1b: Armarouge
|-crit|p1b: Armarouge
|-damage|p1a: Maushold|0 fnt
|-damage|p1b: Armarouge|21/100
|faint|p1a: Maushold
|move|p1b: Armarouge|Expanding Force|p2b: Espeon
|-resisted|p2b: Espeon
|-damage|p2b: Espeon|28/100
|-damage|p1b: Armarouge|12/100|[from] item: Life Orb
|
|upkeep
|
|t:|1755275543
|switch|p1a: Indeedee|Indeedee-F, L50, F|100/100
|switch|p2a: Sneasler|Sneasler, L50, M|100/100
|-enditem|p2a: Sneasler|Psychic Seed
|-boost|p2a: Sneasler|spd|1|[from] item: Psychic Seed
|-enditem|p1a: Indeedee|Psychic Seed
|-boost|p1a: Indeedee|spd|1|[from] item: Psychic Seed
|turn|2
|
|t:|1755275563
|-terastallize|p1a: Indeedee|Grass
|move|p1b: Armarouge|Protect|p1b: Armarouge
|-singleturn|p1b: Armarouge|Protect
|move|p2a: Sneasler|Throat Chop|p1a: Indeedee
|-damage|p1a: Indeedee|75/100
|-start|p1a: Indeedee|Throat Chop|[silent]
|move|p2b: Espeon|Expanding Force|p1a: Indeedee|[spread] p1a
|-activate|p1b: Armarouge|move: Protect
|-damage|p1a: Indeedee|17/100
|move|p1a: Indeedee|Trick Room|p1a: Indeedee
|-fieldstart|move: Trick Room|[of] p1a: Indeedee
|
|upkeep
|turn|3
|
|t:|1755275582
|move|p1a: Indeedee|Helping Hand|p1b: Armarouge
|-singleturn|p1b: Armarouge|Helping Hand|[of] p1a: Indeedee
|move|p1b: Armarouge|Expanding Force|p2a: Sneasler|[spread] p2a,p2b
|-supereffective|p2a: Sneasler
|-resisted|p2b: Espeon
|-damage|p2a: Sneasler|0 fnt
|-damage|p2b: Espeon|0 fnt
|faint|p2a: Sneasler
|faint|p2b: Espeon
|-damage|p1b: Armarouge|2/100|[from] item: Life Orb
|
|-end|p1a: Indeedee|Throat Chop|[silent]
|upkeep
|
|t:|1755275592
|switch|p2a: Armarouge|Armarouge, L50, M|100/100
|turn|4
|
|t:|1755275629
|move|p1b: Armarouge|Protect|p1b: Armarouge
|-singleturn|p1b: Armarouge|Protect
|move|p1a: Indeedee|Psychic|p2a: Armarouge
|-resisted|p2a: Armarouge
|-damage|p2a: Armarouge|79/100
|move|p2a: Armarouge|Heat Wave|p1a: Indeedee|[spread] p1a
|-activate|p1b: Armarouge|move: Protect
|-supereffective|p1a: Indeedee
|-damage|p1a: Indeedee|0 fnt
|faint|p1a: Indeedee
|
|upkeep
|
|t:|1755275640
|switch|p1a: Torkoal|Torkoal, L50, F|100/100
|-weather|SunnyDay|[from] ability: Drought|[of] p1a: Torkoal
|turn|5
|
|t:|1755275664
|-terastallize|p2a: Armarouge|Water
|move|p1a: Torkoal|Protect|p1a: Torkoal
|-singleturn|p1a: Torkoal|Protect
|move|p1b: Armarouge|Expanding Force|p2a: Armarouge
|-damage|p2a: Armarouge|0 fnt
|faint|p2a: Armarouge
|-damage|p1b: Armarouge|0 fnt|[from] item: Life Orb
|faint|p1b: Armarouge
|
|win|kemaho
|raw|kemaho's rating: 1311 → 1327(+16 for winning)
|raw|luisgrhg7's rating: 1242 → 1222(-20 for losing)
|l|☆luisgrhg7
|player|p2|
