|j|☆satandagiii2005
|j|☆lanagram
|html|satandagiii2005lanagram    
|uhtml|bestof|Game 3 of a best-of-3
|t:|1783215014
|gametype|doubles
|player|p1|satandagiii2005|byron|1137
|player|p2|lanagram|2|1039
|gen|9
|tier|[Gen 9 Champions] VGC 2026 Reg M-B (Bo3)
|rated|
|rule|Species Clause: Limit one of each Pokémon
|rule|Item Clause: Limit 1 of each item
|clearpoke
|poke|p1|Venusaur, L50, M|
|poke|p1|Swampert, L50, F|
|poke|p1|Pelipper, L50, M|
|poke|p1|Archaludon, L50, F|
|poke|p1|Maushold, L50|
|poke|p1|Gholdengo, L50|
|poke|p2|Metagross, L50|
|poke|p2|Sinistcha, L50|
|poke|p2|Archaludon, L50, M|
|poke|p2|Sneasler, L50, M|
|poke|p2|Pelipper, L50, F|
|poke|p2|Dragonite, L50, M|
|teampreview|4
|showteam|p1|Venusaur||Venusaurite|Overgrow|SludgeBomb,EarthPower,GigaDrain,Protect|Modest||M|||50|]Swampert||Swampertite|Torrent|WaveCrash,Earthquake,IcePunch,Protect|Adamant||F|||50|]Pelipper||SitrusBerry|Drizzle|Hurricane,WeatherBall,Tailwind,WideGuard|Modest||M|||50|]Archaludon||Leftovers|Stamina|ElectroShot,DragonPulse,FlashCannon,Protect|Modest||F|||50|]Maushold||FocusSash|FriendGuard|FollowMe,SuperFang,RainDance,Protect|Jolly|||||50|]Gholdengo||LifeOrb|GoodasGold|MakeItRain,ShadowBall,PowerGem,Protect|Timid|||||50|
|showteam|p2|Metagross||Metagrossite|ClearBody|PsychicFangs,StompingTantrum,BulletPunch,Protect|Jolly|||||50|]Sinistcha||KasibBerry|Hospitality|MatchaGotcha,ShadowBall,RagePowder,TrickRoom|Calm|||||50|]Archaludon||Leftovers|Stamina|ElectroShot,FlashCannon,AuraSphere,Protect|Modest||M|||50|]Sneasler||WhiteHerb|Unburden|CloseCombat,PoisonJab,FakeOut,Coaching|Jolly||M|||50|]Pelipper||FocusSash|Drizzle|Hurricane,Tailwind,WeatherBall,Protect|Modest||F|||50|]Dragonite||Dragoninite|Multiscale|DracoMeteor,ExtremeSpeed,Hurricane,RainDance|Modest||M|||50|
|inactive|Battle timer is ON: inactive players will automatically lose when time's up. (requested by satandagiii2005)
|inactive|lanagram has 60 seconds left.
|inactive|satandagiii2005 has 60 seconds left.
|
|t:|1783215080
|teamsize|p1|4
|teamsize|p2|4
|start
|switch|p1a: Swampert|Swampert, L50, F|100/100
|switch|p1b: Pelipper|Pelipper, L50, M|100/100
|switch|p2a: Pelipper|Pelipper, L50, F|100/100
|switch|p2b: Sneasler|Sneasler, L50, M|100/100
|-weather|RainDance|[from] ability: Drizzle|[of] p2a: Pelipper
|turn|1
|
|t:|1783215103
|detailschange|p1a: Swampert|Swampert-Mega, L50, F
|-mega|p1a: Swampert|Swampert|Swampertite
|move|p2b: Sneasler|Fake Out|p1b: Pelipper
|-damage|p1b: Pelipper|84/100
|move|p1a: Swampert|Earthquake|p2a: Pelipper|[spread] p2b
|-immune|p1b: Pelipper
|-immune|p2a: Pelipper
|-supereffective|p2b: Sneasler|1
|-damage|p2b: Sneasler|0 fnt
|faint|p2b: Sneasler
|move|p2a: Pelipper|Tailwind|p2a: Pelipper
|-sidestart|p2: lanagram|move: Tailwind
|cant|p1b: Pelipper|flinch
|
|-weather|RainDance|[upkeep]
|upkeep
|
|t:|1783215112
|switch|p2b: Archaludon|Archaludon, L50, M|100/100
|turn|2
|
|t:|1783215130
|switch|p1b: Maushold|Maushold, L50|100/100
|move|p1a: Swampert|Earthquake|p2b: Archaludon|[spread] p1b,p2b
|-immune|p2a: Pelipper
|-supereffective|p2b: Archaludon|1
|-damage|p1b: Maushold|45/100
|-damage|p2b: Archaludon|36/100
|-ability|p2b: Archaludon|Stamina|boost
|-boost|p2b: Archaludon|def|1
|move|p2a: Pelipper|Weather Ball|p1a: Swampert
|-damage|p1a: Swampert|53/100
|move|p2b: Archaludon|Electro Shot||[still]
|-prepare|p2b: Archaludon|Electro Shot
|-boost|p2b: Archaludon|spa|1
|-anim|p2b: Archaludon|Electro Shot|p1b: Maushold
|-damage|p1b: Maushold|0 fnt
|faint|p1b: Maushold
|
|-weather|RainDance|[upkeep]
|-heal|p2b: Archaludon|42/100|[from] item: Leftovers
|upkeep
|
|t:|1783215150
|switch|p1b: Pelipper|Pelipper, L50, M|84/100
|turn|3
|inactive|lanagram has 30 seconds left.
|
|t:|1783215185
|move|p2b: Archaludon|Protect|p2b: Archaludon
|-singleturn|p2b: Archaludon|Protect
|move|p1a: Swampert|Earthquake|p2b: Archaludon|[spread] 
|-activate|p2b: Archaludon|move: Protect
|-immune|p1b: Pelipper
|-immune|p2a: Pelipper
|move|p2a: Pelipper|Weather Ball|p1a: Swampert
|-damage|p1a: Swampert|0 fnt
|faint|p1a: Swampert
|move|p1b: Pelipper|Tailwind|p1b: Pelipper
|-sidestart|p1: satandagiii2005|move: Tailwind
|
|-weather|RainDance|[upkeep]
|-heal|p2b: Archaludon|48/100|[from] item: Leftovers
|upkeep
|
|t:|1783215198
|switch|p1a: Gholdengo|Gholdengo, L50|100/100
|turn|4
|
|t:|1783215214
|move|p1a: Gholdengo|Shadow Ball|p2b: Archaludon
|-damage|p2b: Archaludon|0 fnt
|faint|p2b: Archaludon
|-damage|p1a: Gholdengo|90/100|[from] item: Life Orb
|move|p2a: Pelipper|Weather Ball|p1a: Gholdengo
|-damage|p1a: Gholdengo|5/100
|move|p1b: Pelipper|Weather Ball|p2a: Pelipper
|-resisted|p2a: Pelipper|1
|-damage|p2a: Pelipper|53/100
|
|-weather|RainDance|[upkeep]
|-sideend|p2: lanagram|move: Tailwind
|upkeep
|
|t:|1783215219
|switch|p2b: Dragonite|Dragonite, L50, M|100/100
|turn|5
|
|t:|1783215239
|detailschange|p2b: Dragonite|Dragonite-Mega, L50, M
|-mega|p2b: Dragonite|Dragonite|Dragoninite
|move|p2b: Dragonite|Extreme Speed|p1b: Pelipper
|-damage|p1b: Pelipper|62/100
|move|p1a: Gholdengo|Shadow Ball|p2a: Pelipper
|-damage|p2a: Pelipper|0 fnt
|faint|p2a: Pelipper
|-damage|p1a: Gholdengo|0 fnt|[from] item: Life Orb
|faint|p1a: Gholdengo
|move|p1b: Pelipper|Hurricane|p2b: Dragonite
|-damage|p2b: Dragonite|83/100
|
|-weather|none
|upkeep
|turn|6
|
|t:|1783215261
|move|p1b: Pelipper|Weather Ball|p2b: Dragonite
|-damage|p2b: Dragonite|74/100
|move|p2b: Dragonite|Draco Meteor|p1b: Pelipper
|-damage|p1b: Pelipper|0 fnt
|-unboost|p2b: Dragonite|spa|2
|faint|p1b: Pelipper
|
|win|lanagram
|raw|satandagiii2005's rating: 1137 → 1105(-32 for losing)
|raw|lanagram's rating: 1039 → 1083(+44 for winning)
|c|☆satandagiii2005|gg
