|j|☆KingV1337
|j|☆r4ka
|html|KingV1337r4ka    
|uhtml|bestof|Game 3 of a best-of-3
|t:|1757189263
|gametype|doubles
|player|p1|KingV1337|cynthia-gen4|1236
|player|p2|r4ka|101|1349
|gen|9
|tier|[Gen 9] VGC 2025 Reg H (Bo3)
|rated|
|rule|Species Clause: Limit one of each Pokémon
|rule|Item Clause: Limit 1 of each item
|clearpoke
|poke|p1|Tyranitar, L50, M|
|poke|p1|Garchomp, L50, F|
|poke|p1|Gholdengo, L50|
|poke|p1|Primarina, L50, M|
|poke|p1|Talonflame, L50, M|
|poke|p1|Sneasler, L50, M|
|poke|p2|Rillaboom, L50, M|
|poke|p2|Dragonite, L50, F|
|poke|p2|Sneasler, L50, F|
|poke|p2|Kingambit, L50, M|
|poke|p2|Electabuzz, L50, M|
|poke|p2|Volcarona, L50, M|
|teampreview|4
|showteam|p1|Tyranitar||AssaultVest|SandStream|KnockOff,StoneEdge,TeraBlast,LowKick|||M|||50|,,,,,Flying]Garchomp||ClearAmulet|SandVeil|StompingTantrum,DragonClaw,SwordsDance,Protect|||F|||50|,,,,,Ground]Gholdengo||LifeOrb|GoodasGold|MakeItRain,ShadowBall,NastyPlot,Protect||||||50|,,,,,Water]Primarina||Leftovers|LiquidVoice|HyperVoice,Moonblast,Haze,Protect|||M|||50|,,,,,Poison]Talonflame||SafetyGoggles|GaleWings|DualWingbeat,Tailwind,Taunt,WillOWisp|||M|||50|,,,,,Ghost]Sneasler||WhiteHerb|Unburden|FakeOut,CloseCombat,DireClaw,Coaching|||M|||50|,,,,,Dark
|showteam|p2|Rillaboom||AssaultVest|GrassySurge|FakeOut,HighHorsepower,WoodHammer,GrassyGlide|||M|||50|,,,,,Fire]Dragonite||LoadedDice|Multiscale|ExtremeSpeed,ScaleShot,Protect,Haze|||F|||50|,,,,,Steel]Sneasler||FocusSash|PoisonTouch|DireClaw,CloseCombat,FakeOut,Coaching|||F|||50|,,,,,Stellar]Kingambit||BlackGlasses|Defiant|KowtowCleave,SuckerPunch,SwordsDance,Protect|||M|||50|,,,,,Ghost]Electabuzz||Eviolite|VitalSpirit|Thunderbolt,Taunt,Protect,FollowMe|||M|||50|,,,,,Ghost]Volcarona||Leftovers|FlameBody|HeatWave,TeraBlast,QuiverDance,Protect|||M|||50|,,,,,Fairy
|inactive|Battle timer is ON: inactive players will automatically lose when time's up. (requested by KingV1337)
|
|t:|1757189274
|teamsize|p1|4
|teamsize|p2|4
|start
|switch|p1a: Garchomp|Garchomp, L50, F|100/100
|switch|p1b: Sneasler|Sneasler, L50, M|100/100
|switch|p2a: Volcarona|Volcarona, L50, M|100/100
|switch|p2b: Electabuzz|Electabuzz, L50, M|100/100
|turn|1
|inactive|r4ka has 30 seconds left.
|
|t:|1757189300
|move|p1b: Sneasler|Coaching|p1a: Garchomp
|-boost|p1a: Garchomp|atk|1
|-boost|p1a: Garchomp|def|1
|move|p1a: Garchomp|Stomping Tantrum|p2b: Electabuzz
|-supereffective|p2b: Electabuzz
|-damage|p2b: Electabuzz|22/100
|move|p2a: Volcarona|Quiver Dance|p2a: Volcarona
|-boost|p2a: Volcarona|spa|1
|-boost|p2a: Volcarona|spd|1
|-boost|p2a: Volcarona|spe|1
|move|p2b: Electabuzz|Thunderbolt|p1b: Sneasler
|-damage|p1b: Sneasler|61/100
|-status|p1b: Sneasler|par
|
|upkeep
|turn|2
|
|t:|1757189316
|move|p2b: Electabuzz|Follow Me|p2b: Electabuzz
|-singleturn|p2b: Electabuzz|move: Follow Me
|move|p2a: Volcarona|Quiver Dance|p2a: Volcarona
|-boost|p2a: Volcarona|spa|1
|-boost|p2a: Volcarona|spd|1
|-boost|p2a: Volcarona|spe|1
|move|p1a: Garchomp|Stomping Tantrum|p2b: Electabuzz
|-supereffective|p2b: Electabuzz
|-damage|p2b: Electabuzz|0 fnt
|faint|p2b: Electabuzz
|move|p1b: Sneasler|Close Combat|p2a: Volcarona
|-resisted|p2a: Volcarona
|-damage|p2a: Volcarona|63/100
|-unboost|p1b: Sneasler|def|1
|-unboost|p1b: Sneasler|spd|1
|-enditem|p1b: Sneasler|White Herb
|-clearnegativeboost|p1b: Sneasler|[silent]
|
|-heal|p2a: Volcarona|69/100|[from] item: Leftovers
|upkeep
|
|t:|1757189339
|switch|p2b: Rillaboom|Rillaboom, L50, M|100/100
|-fieldstart|move: Grassy Terrain|[from] ability: Grassy Surge|[of] p2b: Rillaboom
|turn|3
|
|t:|1757189360
|-terastallize|p2a: Volcarona|Fairy
|move|p1a: Garchomp|Protect|p1a: Garchomp
|-singleturn|p1a: Garchomp|Protect
|move|p2a: Volcarona|Tera Blast|p1a: Garchomp|[anim] Tera Blast Fairy
|-activate|p1a: Garchomp|move: Protect
|move|p1b: Sneasler|Dire Claw|p2b: Rillaboom
|-supereffective|p2b: Rillaboom
|-damage|p2b: Rillaboom|21/100
|-status|p2b: Rillaboom|par
|move|p2b: Rillaboom|High Horsepower|p1b: Sneasler
|-supereffective|p1b: Sneasler
|-damage|p1b: Sneasler|0 fnt
|faint|p1b: Sneasler
|
|-heal|p2a: Volcarona|75/100|[from] Grassy Terrain
|-heal|p2a: Volcarona|82/100|[from] item: Leftovers
|-heal|p2b: Rillaboom|27/100 par|[from] Grassy Terrain
|upkeep
|
|t:|1757189369
|switch|p1b: Talonflame|Talonflame, L50, M|100/100
|turn|4
|
|t:|1757189387
|move|p1b: Talonflame|Tailwind|p1b: Talonflame
|-sidestart|p1: KingV1337|move: Tailwind
|move|p1a: Garchomp|Stomping Tantrum|p2a: Volcarona
|-crit|p2a: Volcarona
|-damage|p2a: Volcarona|0 fnt
|-status|p1a: Garchomp|brn|[from] ability: Flame Body|[of] p2a: Volcarona
|faint|p2a: Volcarona
|move|p2b: Rillaboom|Wood Hammer|p1a: Garchomp
|-damage|p1a: Garchomp|52/100 brn
|-damage|p2b: Rillaboom|12/100 par|[from] Recoil
|
|-heal|p1a: Garchomp|58/100 brn|[from] Grassy Terrain
|-heal|p2b: Rillaboom|18/100 par|[from] Grassy Terrain
|-damage|p1a: Garchomp|52/100 brn|[from] brn
|upkeep
|
|t:|1757189400
|switch|p2a: Sneasler|Sneasler, L50, F|100/100
|turn|5
|
|t:|1757189408
|move|p1b: Talonflame|Dual Wingbeat|p2a: Sneasler
|-supereffective|p2a: Sneasler
|-damage|p2a: Sneasler|53/100
|-supereffective|p2a: Sneasler
|-damage|p2a: Sneasler|5/100
|-hitcount|p2a: Sneasler|2
|move|p1a: Garchomp|Stomping Tantrum|p2a: Sneasler
|-supereffective|p2a: Sneasler
|-damage|p2a: Sneasler|0 fnt
|faint|p2a: Sneasler
|cant|p2b: Rillaboom|par
|
|-heal|p1a: Garchomp|58/100 brn|[from] Grassy Terrain
|-heal|p2b: Rillaboom|24/100 par|[from] Grassy Terrain
|-damage|p1a: Garchomp|52/100 brn|[from] brn
|upkeep
|turn|6
|-message|r4ka forfeited.
|
|win|KingV1337
|raw|KingV1337's rating: 1236 → 1269(+33 for winning)
|raw|r4ka's rating: 1349 → 1323(-26 for losing)
