|j|☆aldishh
|j|☆sedrav
|html|aldishhsedrav    
|uhtml|bestof|Game 1 of a best-of-3
|t:|1757046659
|gametype|doubles
|player|p1|aldishh|169|1114
|player|p2|sedrav|hilbert|1276
|gen|9
|tier|[Gen 9] VGC 2025 Reg H (Bo3)
|rated|
|rule|Species Clause: Limit one of each Pokémon
|rule|Item Clause: Limit 1 of each item
|clearpoke
|poke|p1|Volcarona, L50, F|
|poke|p1|Rillaboom, L50, M|
|poke|p1|Gholdengo, L50|
|poke|p1|Dragonite, L50, F|
|poke|p1|Gallade, L50, M|
|poke|p1|Incineroar, L50, M|
|poke|p2|Garchomp, L50, F|
|poke|p2|Gholdengo, L50|
|poke|p2|Tyranitar, L50, F|
|poke|p2|Amoonguss, L50, M|
|poke|p2|Kilowattrel, L50, M|
|poke|p2|Incineroar, L50, M|
|teampreview|4
|showteam|p1|Volcarona||Leftovers|FlameBody|QuiverDance,FieryDance,RagePowder,Protect|||F|||50|,,,,,Fairy]Rillaboom||AssaultVest|GrassySurge|GrassyGlide,WoodHammer,FakeOut,Uturn|||M|||50|,,,,,Fire]Gholdengo||SitrusBerry|GoodasGold|NastyPlot,Protect,MakeItRain,ShadowBall||||||50|,,,,,Water]Dragonite||LoadedDice|Multiscale|ScaleShot,Protect,Haze,Tailwind|||F|||50|,,,,,Steel]Gallade||FocusSash|Sharpness|TrickRoom,SacredSword,PsychoCut,WideGuard|||M|||50|,,,,,Water]Incineroar||SafetyGoggles|Intimidate|PartingShot,FakeOut,KnockOff,Taunt|||M|||50|,,,,,Ghost
|showteam|p2|Garchomp||LifeOrb|RoughSkin|DragonClaw,StompingTantrum,Earthquake,Protect|||F|||50|,,,,,Ground]Gholdengo||MetalCoat|GoodasGold|MakeItRain,ShadowBall,NastyPlot,Protect||||||50|,,,,,Flying]Tyranitar||AssaultVest|SandStream|RockSlide,KnockOff,LowKick,TeraBlast|||F|||50|,,,,,Flying]Amoonguss||SitrusBerry|Regenerator|Spore,RagePowder,PollenPuff,Protect|||M|||50|,,,,,Water]Kilowattrel||FocusSash|Competitive|AirSlash,Tailwind,VoltSwitch,Protect|||M|||50|,,,,,Ghost]Incineroar||SafetyGoggles|Intimidate|FakeOut,FlareBlitz,KnockOff,PartingShot|||M|||50|,,,,,Ghost
|inactive|Battle timer is ON: inactive players will automatically lose when time's up. (requested by sedrav)
|inactive|aldishh has 60 seconds left.
|inactive|sedrav has 60 seconds left.
|inactive|aldishh has 30 seconds left.
|inactive|aldishh has 20 seconds left.
|inactive|aldishh has 15 seconds left.
|inactive|aldishh has 10 seconds left.
|inactive|aldishh has 5 seconds left.
|
|t:|1757046753
|teamsize|p1|4
|teamsize|p2|4
|start
|switch|p1a: Volcarona|Volcarona, L50, F|100/100
|switch|p1b: Rillaboom|Rillaboom, L50, M|100/100
|switch|p2a: Garchomp|Garchomp, L50, F|100/100
|switch|p2b: Kilowattrel|Kilowattrel, L50, M|100/100
|-fieldstart|move: Grassy Terrain|[from] ability: Grassy Surge|[of] p1b: Rillaboom
|turn|1
|inactive|aldishh has 30 seconds left.
|inactive|aldishh has 20 seconds left.
|
|t:|1757046793
|move|p1b: Rillaboom|Fake Out|p2b: Kilowattrel
|-damage|p2b: Kilowattrel|74/100
|cant|p2b: Kilowattrel|flinch
|move|p2a: Garchomp|Stomping Tantrum|p1a: Volcarona
|-damage|p1a: Volcarona|50/100
|-damage|p2a: Garchomp|91/100|[from] item: Life Orb
|move|p1a: Volcarona|Quiver Dance|p1a: Volcarona
|-boost|p1a: Volcarona|spa|1
|-boost|p1a: Volcarona|spd|1
|-boost|p1a: Volcarona|spe|1
|
|-heal|p1a: Volcarona|55/100|[from] Grassy Terrain
|-heal|p1a: Volcarona|61/100|[from] item: Leftovers
|-heal|p2a: Garchomp|97/100|[from] Grassy Terrain
|upkeep
|turn|2
|inactive|aldishh has 30 seconds left.
|inactive|sedrav has 30 seconds left.
|inactive|aldishh has 20 seconds left.
|inactive|aldishh has 15 seconds left.
|
|t:|1757046838
|switch|p2b: Incineroar|Incineroar, L50, M|100/100
|-ability|p2b: Incineroar|Intimidate|boost
|-unboost|p1a: Volcarona|atk|1
|-unboost|p1b: Rillaboom|atk|1
|-terastallize|p1b: Rillaboom|Fire
|move|p1a: Volcarona|Protect|p1a: Volcarona
|-singleturn|p1a: Volcarona|Protect
|move|p2a: Garchomp|Stomping Tantrum|p1a: Volcarona
|-activate|p1a: Volcarona|move: Protect
|move|p1b: Rillaboom|Wood Hammer|p2a: Garchomp
|-damage|p2a: Garchomp|34/100
|-damage|p1b: Rillaboom|88/100|[from] ability: Rough Skin|[of] p2a: Garchomp
|-damage|p1b: Rillaboom|70/100|[from] Recoil
|
|-heal|p1a: Volcarona|67/100|[from] Grassy Terrain
|-heal|p1a: Volcarona|73/100|[from] item: Leftovers
|-heal|p2a: Garchomp|40/100|[from] Grassy Terrain
|-heal|p1b: Rillaboom|76/100|[from] Grassy Terrain
|upkeep
|turn|3
|inactive|aldishh has 30 seconds left.
|
|t:|1757046868
|move|p2b: Incineroar|Fake Out|p1a: Volcarona
|-damage|p1a: Volcarona|62/100
|cant|p1a: Volcarona|flinch
|move|p2a: Garchomp|Stomping Tantrum|p1b: Rillaboom
|-supereffective|p1b: Rillaboom
|-damage|p1b: Rillaboom|0 fnt
|faint|p1b: Rillaboom
|-damage|p2a: Garchomp|31/100|[from] item: Life Orb
|
|-heal|p1a: Volcarona|68/100|[from] Grassy Terrain
|-heal|p1a: Volcarona|73/100|[from] item: Leftovers
|-heal|p2a: Garchomp|37/100|[from] Grassy Terrain
|upkeep
|
|t:|1757046884
|switch|p1b: Dragonite|Dragonite, L50, F|100/100
|turn|4
|
|t:|1757046897
|switch|p2a: Tyranitar|Tyranitar, L50, F|100/100
|-weather|Sandstorm|[from] ability: Sand Stream|[of] p2a: Tyranitar
|move|p1a: Volcarona|Rage Powder|p1a: Volcarona
|-singleturn|p1a: Volcarona|move: Rage Powder
|move|p2b: Incineroar|Flare Blitz|p1a: Volcarona
|-damage|p1a: Volcarona|22/100
|-damage|p2b: Incineroar|84/100|[from] Recoil
|move|p1b: Dragonite|Scale Shot|p2a: Tyranitar
|-damage|p2a: Tyranitar|88/100
|-damage|p2a: Tyranitar|73/100
|-damage|p2a: Tyranitar|59/100
|-damage|p2a: Tyranitar|45/100
|-hitcount|p2a: Tyranitar|4
|-unboost|p1b: Dragonite|def|1
|-boost|p1b: Dragonite|spe|1
|
|-weather|Sandstorm|[upkeep]
|-damage|p1a: Volcarona|17/100|[from] Sandstorm
|-damage|p1b: Dragonite|94/100|[from] Sandstorm
|-heal|p1a: Volcarona|22/100|[from] Grassy Terrain
|-heal|p1a: Volcarona|28/100|[from] item: Leftovers
|-heal|p2b: Incineroar|90/100|[from] Grassy Terrain
|-heal|p2a: Tyranitar|50/100|[from] Grassy Terrain
|upkeep
|turn|5
|inactive|aldishh has 30 seconds left.
|inactive|sedrav has 30 seconds left.
|inactive|aldishh has 20 seconds left.
|
|t:|1757046933
|move|p1a: Volcarona|Rage Powder|p1a: Volcarona
|-singleturn|p1a: Volcarona|move: Rage Powder
|move|p1b: Dragonite|Scale Shot|p2b: Incineroar
|-damage|p2b: Incineroar|75/100
|-damage|p2b: Incineroar|62/100
|-damage|p2b: Incineroar|48/100
|-damage|p2b: Incineroar|34/100
|-hitcount|p2b: Incineroar|4
|-unboost|p1b: Dragonite|def|1
|-boost|p1b: Dragonite|spe|1
|move|p2b: Incineroar|Knock Off|p1b: Dragonite
|-damage|p1b: Dragonite|7/100
|-enditem|p1b: Dragonite|Loaded Dice|[from] move: Knock Off|[of] p2b: Incineroar
|move|p2a: Tyranitar|Rock Slide|p1b: Dragonite|[spread] p1a,p1b
|-supereffective|p1a: Volcarona
|-supereffective|p1b: Dragonite
|-damage|p1a: Volcarona|0 fnt
|-damage|p1b: Dragonite|0 fnt
|faint|p1a: Volcarona
|faint|p1b: Dragonite
|
|-weather|Sandstorm|[upkeep]
|-heal|p2b: Incineroar|40/100|[from] Grassy Terrain
|-heal|p2a: Tyranitar|56/100|[from] Grassy Terrain
|-fieldend|move: Grassy Terrain
|upkeep
|-message|aldishh forfeited.
|
|win|sedrav
|l|☆aldishh
|player|p1|
||aldishh is ready for game 2.
