|j|☆merr123
|j|☆T8mcrae
|html|merr123T8mcrae    
|uhtml|bestof|Game 1 of a best-of-3
|t:|1756960360
|gametype|doubles
|player|p1|merr123|sisandbro|1344
|player|p2|T8mcrae|102|1216
|gen|9
|tier|[Gen 9] VGC 2025 Reg H (Bo3)
|rated|
|rule|Species Clause: Limit one of each Pokémon
|rule|Item Clause: Limit 1 of each item
|clearpoke
|poke|p1|Sneasler, L50, M|
|poke|p1|Gholdengo, L50|
|poke|p1|Amoonguss, L50, F|
|poke|p1|Incineroar, L50, F|
|poke|p1|Ursaluna-Bloodmoon, L50, M|
|poke|p1|Farigiraf, L50, F|
|poke|p2|Annihilape, L50, F|
|poke|p2|Primarina, L50, F|
|poke|p2|Gholdengo, L50|
|poke|p2|Maushold, L50|
|poke|p2|Vivillon-Ocean, L50, M|
|poke|p2|Rillaboom, L50, F|
|teampreview|4
|showteam|p1|Sneasler||ClearAmulet|PoisonTouch|FakeOut,CloseCombat,DireClaw,Protect|||M|||50|,,,,,Water]Gholdengo||MetalCoat|GoodasGold|NastyPlot,MakeItRain,ShadowBall,Protect||||||50|,,,,,Water]Amoonguss||SitrusBerry|Regenerator|Spore,RagePowder,PollenPuff,Protect|||F|||50|,,,,,Water]Incineroar||SafetyGoggles|Intimidate|FakeOut,FlareBlitz,KnockOff,PartingShot|||F|||50|,,,,,Ghost]Ursaluna-Bloodmoon||LifeOrb|MindsEye|CalmMind,EarthPower,BloodMoon,Protect|||M|||50|,,,,,Poison]Farigiraf||MentalHerb|ArmorTail|HyperVoice,ShadowBall,TrickRoom,Protect|||F|||50|,,,,,Dragon
|showteam|p2|Annihilape||SafetyGoggles|Defiant|RageFist,DrainPunch,BulkUp,Protect|||F|||50|,,,,,Fire]Primarina||SitrusBerry|LiquidVoice|HyperVoice,Moonblast,Haze,Protect|||F|||50|,,,,,Water]Gholdengo||LifeOrb|GoodasGold|MakeItRain,ShadowBall,NastyPlot,Protect||||||50|,,,,,Dragon]Maushold||WideLens|FriendGuard|PopulationBomb,FollowMe,BeatUp,Protect||||||50|,,,,,Grass]Vivillon-Ocean||FocusSash|CompoundEyes|Hurricane,SleepPowder,Tailwind,Protect|||M|||50|,,,,,Ghost]Rillaboom||AssaultVest|GrassySurge|FakeOut,GrassyGlide,DrumBeating,HighHorsepower|||F|||50|,,,,,Fire
|inactive|Battle timer is ON: inactive players will automatically lose when time's up. (requested by merr123)
|inactive|merr123 has 60 seconds left.
|inactive|T8mcrae has 60 seconds left.
|inactive|merr123 has 30 seconds left.
|inactive|merr123 has 20 seconds left.
|inactive|merr123 has 15 seconds left.
|inactive|merr123 has 10 seconds left.
|
|t:|1756960444
|teamsize|p1|4
|teamsize|p2|4
|start
|switch|p1a: Farigiraf|Farigiraf, L50, F|100/100
|switch|p1b: Gholdengo|Gholdengo, L50|100/100
|switch|p2a: Rillaboom|Rillaboom, L50, F, shiny|100/100
|switch|p2b: Annihilape|Annihilape, L50, F, shiny|100/100
|-fieldstart|move: Grassy Terrain|[from] ability: Grassy Surge|[of] p2a: Rillaboom
|turn|1
|inactive|merr123 has 30 seconds left.
|inactive|T8mcrae has 30 seconds left.
|
|t:|1756960476
|-terastallize|p2b: Annihilape|Fire
|move|p2a: Rillaboom|Grassy Glide|p2b: Annihilape
|-resisted|p2b: Annihilape
|-damage|p2b: Annihilape|82/100
|move|p2b: Annihilape|Rage Fist|p1b: Gholdengo
|-supereffective|p1b: Gholdengo
|-damage|p1b: Gholdengo|16/100
|move|p1b: Gholdengo|Nasty Plot|p1b: Gholdengo
|-boost|p1b: Gholdengo|spa|2
|move|p1a: Farigiraf|Trick Room|p1a: Farigiraf
|-fieldstart|move: Trick Room|[of] p1a: Farigiraf
|
|-heal|p1b: Gholdengo|21/100|[from] Grassy Terrain
|-heal|p2b: Annihilape|88/100|[from] Grassy Terrain
|upkeep
|turn|2
|inactive|merr123 has 30 seconds left.
|
|t:|1756960508
|switch|p2a: Maushold|Maushold, L50, shiny|100/100
|move|p2b: Annihilape|Protect|p2b: Annihilape
|-singleturn|p2b: Annihilape|Protect
|move|p1a: Farigiraf|Hyper Voice|p2b: Annihilape|[spread] p2a
|-activate|p2b: Annihilape|move: Protect
|-damage|p2a: Maushold|60/100
|move|p1b: Gholdengo|Make It Rain|p2a: Maushold|[spread] p2a
|-activate|p2b: Annihilape|move: Protect
|-damage|p2a: Maushold|0 fnt
|-unboost|p1b: Gholdengo|spa|1
|faint|p2a: Maushold
|
|-heal|p1b: Gholdengo|27/100|[from] Grassy Terrain
|-heal|p2b: Annihilape|94/100|[from] Grassy Terrain
|upkeep
|
|t:|1756960524
|switch|p2a: Rillaboom|Rillaboom, L50, F, shiny|100/100
|turn|3
|
|t:|1756960544
|move|p1a: Farigiraf|Hyper Voice|p2b: Annihilape|[spread] p2a,p2b
|-damage|p2a: Rillaboom|79/100
|-damage|p2b: Annihilape|71/100
|move|p1b: Gholdengo|Shadow Ball|p2b: Annihilape
|-damage|p2b: Annihilape|1/100
|-unboost|p2b: Annihilape|spd|1
|-ability|p2b: Annihilape|Defiant|boost
|-boost|p2b: Annihilape|atk|2
|move|p2a: Rillaboom|Drum Beating|p1a: Farigiraf
|-damage|p1a: Farigiraf|63/100
|-unboost|p1a: Farigiraf|spe|1
|move|p2b: Annihilape|Drain Punch|p1a: Farigiraf
|-damage|p1a: Farigiraf|14/100
|-heal|p2b: Annihilape|28/100|[from] drain|[of] p1a: Farigiraf
|
|-heal|p1a: Farigiraf|20/100|[from] Grassy Terrain
|-heal|p1b: Gholdengo|33/100|[from] Grassy Terrain
|-heal|p2a: Rillaboom|85/100|[from] Grassy Terrain
|-heal|p2b: Annihilape|35/100|[from] Grassy Terrain
|upkeep
|turn|4
|
|t:|1756960568
|move|p2b: Annihilape|Protect|p2b: Annihilape
|-singleturn|p2b: Annihilape|Protect
|move|p1a: Farigiraf|Hyper Voice|p2a: Rillaboom|[spread] p2a
|-activate|p2b: Annihilape|move: Protect
|-damage|p2a: Rillaboom|64/100
|move|p1b: Gholdengo|Shadow Ball|p2a: Rillaboom
|-damage|p2a: Rillaboom|8/100
|move|p2a: Rillaboom|High Horsepower|p1b: Gholdengo
|-supereffective|p1b: Gholdengo
|-damage|p1b: Gholdengo|0 fnt
|faint|p1b: Gholdengo
|
|-heal|p1a: Farigiraf|26/100|[from] Grassy Terrain
|-heal|p2a: Rillaboom|14/100|[from] Grassy Terrain
|-heal|p2b: Annihilape|41/100|[from] Grassy Terrain
|upkeep
|
|t:|1756960571
|switch|p1b: Ursaluna|Ursaluna-Bloodmoon, L50, M|100/100
|turn|5
|inactive|merr123 has 30 seconds left.
|inactive|T8mcrae has 30 seconds left.
|inactive|T8mcrae has 20 seconds left.
|inactive|T8mcrae has 15 seconds left.
|inactive|T8mcrae has 10 seconds left.
|
|t:|1756960617
|switch|p2a: Gholdengo|Gholdengo, L50|100/100
|move|p2b: Annihilape|Protect||[still]
|-fail|p2b: Annihilape
|move|p1a: Farigiraf|Hyper Voice|p2a: Gholdengo|[spread] p2b
|-immune|p2a: Gholdengo
|-crit|p2b: Annihilape
|-damage|p2b: Annihilape|0 fnt
|faint|p2b: Annihilape
|move|p1b: Ursaluna|Earth Power|p2a: Gholdengo
|-supereffective|p2a: Gholdengo
|-damage|p2a: Gholdengo|0 fnt
|faint|p2a: Gholdengo
|-damage|p1b: Ursaluna|91/100|[from] item: Life Orb
|
|-heal|p1a: Farigiraf|33/100|[from] Grassy Terrain
|-heal|p1b: Ursaluna|97/100|[from] Grassy Terrain
|-fieldend|move: Trick Room
|-fieldend|move: Grassy Terrain
|upkeep
|
|t:|1756960629
|switch|p2b: Rillaboom|Rillaboom, L50, F, shiny|14/100
|-fieldstart|move: Grassy Terrain|[from] ability: Grassy Surge|[of] p2b: Rillaboom
|turn|6
|
|t:|1756960640
|-terastallize|p1b: Ursaluna|Poison
|move|p1a: Farigiraf|Protect|p1a: Farigiraf
|-singleturn|p1a: Farigiraf|Protect
|move|p2b: Rillaboom|Drum Beating|p1a: Farigiraf
|-activate|p1a: Farigiraf|move: Protect
|move|p1b: Ursaluna|Blood Moon|p2b: Rillaboom
|-damage|p2b: Rillaboom|0 fnt
|faint|p2b: Rillaboom
|-damage|p1b: Ursaluna|88/100|[from] item: Life Orb
|
|win|merr123
