|j|☆rickyicebeam
|j|☆laufey#1fan
|html|rickyicebeamlaufey#1fan    
|uhtml|bestof|Game 2 of a best-of-3
|t:|1756528223
|gametype|doubles
|player|p1|rickyicebeam|steven|1100
|player|p2|laufey#1fan|lady|1207
|gen|9
|tier|[Gen 9] VGC 2025 Reg H (Bo3)
|rated|
|rule|Species Clause: Limit one of each Pokémon
|rule|Item Clause: Limit 1 of each item
|clearpoke
|poke|p1|Ursaluna-Bloodmoon, L50, M|
|poke|p1|Indeedee, L50, M|
|poke|p1|Sneasler, L50, F|
|poke|p1|Talonflame, L50, F|
|poke|p1|Amoonguss, L50, F|
|poke|p1|Flamigo, L50, M|
|poke|p2|Gholdengo, L50|
|poke|p2|Ursaluna-Bloodmoon, L50, M|
|poke|p2|Incineroar, L50, F|
|poke|p2|Maushold-Four, L50|
|poke|p2|Annihilape, L50, M|
|poke|p2|Dragonite, L50, F|
|teampreview|4
|showteam|p1|Ursaluna-Bloodmoon||LifeOrb|MindsEye|HyperVoice,BloodMoon,EarthPower,Protect|||M|||50|,,,,,Normal]Indeedee||FocusSash|PsychicSurge|ExpandingForce,HelpingHand,Protect,TrickRoom|||M|||50|,,,,,Psychic]Sneasler||PsychicSeed|Unburden|DireClaw,CloseCombat,ThroatChop,Protect|||F|||50|,,,,,Dark]Talonflame||CovertCloak|FlameBody|Tailwind,BraveBird,WillOWisp,Taunt|||F|||50|,,,,,Steel]Amoonguss||RockyHelmet|Regenerator|Spore,RagePowder,PollenPuff,Protect|||F|||50|,,,,,Water]Flamigo||EjectPack|Scrappy|BraveBird,CloseCombat,Detect,WideGuard|||M|||50|,,,,,Ghost
|showteam|p2|Gholdengo||LifeOrb|GoodasGold|MakeItRain,NastyPlot,ShadowBall,Protect||||||50|,,,,,Water]Ursaluna-Bloodmoon||AssaultVest|MindsEye|BloodMoon,EarthPower,HyperVoice,VacuumWave|||M|||50|,,,,,Water]Incineroar||SafetyGoggles|Intimidate|FakeOut,FlareBlitz,PartingShot,KnockOff|||F|||50|,,,,,Ghost]Maushold-Four||FocusSash|FriendGuard|SuperFang,FollowMe,BeatUp,Protect||||||50|,,,,,Grass]Annihilape||SitrusBerry|Defiant|DrainPunch,BulkUp,RageFist,Protect|||M|||50|,,,,,Fire]Dragonite||LoadedDice|Multiscale|ScaleShot,ExtremeSpeed,Protect,Tailwind|||F|||50|,,,,,Fairy
|inactive|Battle timer is ON: inactive players will automatically lose when time's up. (requested by rickyicebeam)
|inactive|laufey#1fan has 60 seconds left.
|
|t:|1756528283
|teamsize|p1|4
|teamsize|p2|4
|start
|switch|p1a: Indeedee|Indeedee, L50, M|100/100
|switch|p1b: Sneasler|Sneasler, L50, F|100/100
|switch|p2a: Carousel|Maushold-Four, L50|100/100
|switch|p2b: Clockwork|Gholdengo, L50|100/100
|-fieldstart|move: Psychic Terrain|[from] ability: Psychic Surge|[of] p1a: Indeedee
|-enditem|p1b: Sneasler|Psychic Seed
|-boost|p1b: Sneasler|spd|1|[from] item: Psychic Seed
|turn|1
|
|t:|1756528303
|move|p1b: Sneasler|Throat Chop|p2b: Clockwork
|-supereffective|p2b: Clockwork
|-damage|p2b: Clockwork|44/100
|-start|p2b: Clockwork|Throat Chop|[silent]
|move|p2a: Carousel|Super Fang|p1a: Indeedee
|-damage|p1a: Indeedee|50/100
|move|p1a: Indeedee|Expanding Force|p2b: Clockwork|[spread] p2a,p2b
|-resisted|p2b: Clockwork
|-damage|p2a: Carousel|29/100
|-damage|p2b: Clockwork|23/100
|move|p2b: Clockwork|Make It Rain|p1b: Sneasler|[spread] p1a,p1b
|-damage|p1a: Indeedee|0 fnt
|-damage|p1b: Sneasler|42/100
|-unboost|p2b: Clockwork|spa|1
|faint|p1a: Indeedee
|-damage|p2b: Clockwork|13/100|[from] item: Life Orb
|
|upkeep
|inactive|rickyicebeam has 30 seconds left.
|
|t:|1756528333
|switch|p1a: Flamigo|Flamigo, L50, M|100/100
|turn|2
|inactive|laufey#1fan has 30 seconds left.
|inactive|laufey#1fan has 20 seconds left.
|
|t:|1756528369
|move|p2a: Carousel|Protect|p2a: Carousel
|-singleturn|p2a: Carousel|Protect
|move|p1a: Flamigo|Wide Guard|p1a: Flamigo
|-singleturn|p1a: Flamigo|Wide Guard
|move|p1b: Sneasler|Dire Claw|p2a: Carousel
|-activate|p2a: Carousel|move: Protect
|move|p2b: Clockwork|Shadow Ball|p1a: Flamigo
|-damage|p1a: Flamigo|44/100
|-damage|p2b: Clockwork|4/100|[from] item: Life Orb
|
|-end|p2b: Clockwork|Throat Chop|[silent]
|upkeep
|turn|3
|
|t:|1756528385
|switch|p2a: Snow white|Incineroar, L50, F, shiny|100/100
|-ability|p2a: Snow white|Intimidate|boost
|-fail|p1a: Flamigo|unboost|Attack|[from] ability: Scrappy|[of] p1a: Flamigo
|-unboost|p1b: Sneasler|atk|1
|move|p2b: Clockwork|Protect|p2b: Clockwork
|-singleturn|p2b: Clockwork|Protect
|move|p1a: Flamigo|Wide Guard|p1a: Flamigo
|-singleturn|p1a: Flamigo|Wide Guard
|move|p1b: Sneasler|Dire Claw|p2a: Snow white
|-damage|p2a: Snow white|74/100
|-status|p2a: Snow white|par
|
|upkeep
|turn|4
|inactive|rickyicebeam has 30 seconds left.
|inactive|laufey#1fan has 30 seconds left.
|inactive|laufey#1fan has 20 seconds left.
|inactive|laufey#1fan has 15 seconds left.
|inactive|rickyicebeam has 20 seconds left.
|inactive|laufey#1fan has 10 seconds left.
|inactive|rickyicebeam has 15 seconds left.
|
|t:|1756528436
|switch|p2a: Sabotage|Annihilape, L50, M, shiny|100/100
|move|p1b: Sneasler|Close Combat|p2a: Sabotage
|-immune|p2a: Sabotage
|move|p2b: Clockwork|Shadow Ball|p1a: Flamigo
|-damage|p1a: Flamigo|0 fnt
|faint|p1a: Flamigo
|-damage|p2b: Clockwork|0 fnt|[from] item: Life Orb
|faint|p2b: Clockwork
|
|upkeep
|inactive|laufey#1fan has 30 seconds left.
|
|t:|1756528468
|switch|p2b: Snow white|Incineroar, L50, F, shiny|74/100 par
|switch|p1a: Ursaluna|Ursaluna-Bloodmoon, L50, M|100/100
|-ability|p2b: Snow white|Intimidate|boost
|-unboost|p1a: Ursaluna|atk|1
|-unboost|p1b: Sneasler|atk|1
|turn|5
|inactive|laufey#1fan has 30 seconds left.
|inactive|laufey#1fan has 20 seconds left.
|
|t:|1756528504
|move|p2a: Sabotage|Protect|p2a: Sabotage
|-singleturn|p2a: Sabotage|Protect
|move|p1a: Ursaluna|Protect|p1a: Ursaluna
|-singleturn|p1a: Ursaluna|Protect
|move|p1b: Sneasler|Dire Claw|p2a: Sabotage
|-activate|p2a: Sabotage|move: Protect
|move|p2b: Snow white|Parting Shot|p1a: Ursaluna
|-activate|p1a: Ursaluna|move: Protect
|
|-fieldend|move: Psychic Terrain
|upkeep
|turn|6
|
|t:|1756528520
|-terastallize|p1a: Ursaluna|Normal
|move|p1b: Sneasler|Dire Claw|p2a: Sabotage
|-resisted|p2a: Sabotage
|-damage|p2a: Sabotage|89/100
|-status|p2a: Sabotage|par
|move|p1a: Ursaluna|Blood Moon|p2a: Sabotage
|-damage|p2a: Sabotage|0 fnt
|faint|p2a: Sabotage
|-damage|p1a: Ursaluna|91/100|[from] item: Life Orb
|cant|p2b: Snow white|par
|
|upkeep
|
|t:|1756528533
|switch|p2a: Carousel|Maushold-Four, L50|29/100
|turn|7
|
|t:|1756528554
|move|p1b: Sneasler|Dire Claw|p2a: Carousel
|-damage|p2a: Carousel|0 fnt
|faint|p2a: Carousel
|move|p1a: Ursaluna|Hyper Voice|p2b: Snow white
|-damage|p2b: Snow white|0 fnt
|faint|p2b: Snow white
|-damage|p1a: Ursaluna|81/100|[from] item: Life Orb
|
|win|rickyicebeam
|inactive|rickyicebeam has 30 seconds to confirm battle start!
|inactive|laufey#1fan has 30 seconds to confirm battle start!
||rickyicebeam is ready for game 3.
|inactive|laufey#1fan has 20 seconds to confirm battle start!
||laufey#1fan is ready for game 3.
|uhtml|next|Next: Game 3 of 3
|l|☆rickyicebeam
|player|p1|
