|j|‽xGSx3ntr0py
|j|☆Dah_tobster
|html|xGSx3ntr0pyDah_tobster    
|uhtml|bestof|Game 1 of a best-of-3
|t:|1757040266
|gametype|doubles
|player|p1|xGSx3ntr0py|266|1119
|player|p2|Dah_tobster|266|1118
|gen|9
|tier|[Gen 9] VGC 2025 Reg H (Bo3)
|rated|
|rule|Species Clause: Limit one of each Pokémon
|rule|Item Clause: Limit 1 of each item
|clearpoke
|poke|p1|Volcarona, L50, M|
|poke|p1|Rillaboom, L50, M|
|poke|p1|Incineroar, L50, M|
|poke|p1|Dragonite, L50, F|
|poke|p1|Smeargle, L50, F|
|poke|p1|Gholdengo, L50|
|poke|p2|Grimmsnarl, L50, M|
|poke|p2|Dragonite, L50, M|
|poke|p2|Gholdengo, L50|
|poke|p2|Annihilape, L50, M|
|poke|p2|Maushold-Four, L50|
|poke|p2|Rillaboom, L50, F|
|teampreview|4
|showteam|p1|Volcarona||GrassySeed|FlameBody|FieryDance,GigaDrain,QuiverDance,Protect|||M|||50|,,,,,Grass]Rillaboom||AssaultVest|GrassySurge|FakeOut,GrassyGlide,WoodHammer,Uturn|||M|||50|,,,,,Fire]Incineroar||SafetyGoggles|Intimidate|FakeOut,FlareBlitz,KnockOff,PartingShot|||M|||50|,,,,,Water]Dragonite||LoadedDice|InnerFocus|ExtremeSpeed,ScaleShot,Tailwind,DragonDance|||F|||50|,,,,,Fairy]Smeargle||FocusSash|Moody|Spore,FollowMe,WideGuard,SpikyShield|||F|||50|,,,,,Ghost]Gholdengo||SitrusBerry|GoodasGold|MakeItRain,ShadowBall,NastyPlot,Protect||||||50|,,,,,Water
|showteam|p2|Grimmsnarl||LightClay|Prankster|SpiritBreak,Reflect,LightScreen,ThunderWave|||M|||50|,,,,,Steel]Dragonite||LoadedDice|Multiscale|ScaleShot,ExtremeSpeed,Tailwind,Protect|||M|||50|,,,,,Steel]Gholdengo||LifeOrb|GoodasGold|MakeItRain,NastyPlot,ShadowBall,Protect||||||50|,,,,,Water]Annihilape||Leftovers|Defiant|RageFist,DrainPunch,BulkUp,Protect|||M|||50|,,,,,Fire]Maushold-Four||FocusSash|FriendGuard|SuperFang,FollowMe,BeatUp,Protect||||||50|,,,,,Ghost]Rillaboom||AssaultVest|GrassySurge|FakeOut,WoodHammer,HighHorsepower,GrassyGlide|||F|||50|,,,,,Fire
|inactive|Battle timer is ON: inactive players will automatically lose when time's up. (requested by Dah_tobster)
|inactive|xGSx3ntr0py has 60 seconds left.
|inactive|Dah_tobster has 60 seconds left.
|inactive|xGSx3ntr0py has 30 seconds left.
|inactive|Dah_tobster has 30 seconds left.
|
|t:|1757040328
|teamsize|p1|4
|teamsize|p2|4
|start
|switch|p1a: Dragonite|Dragonite, L50, F|100/100
|switch|p1b: Smeargle|Smeargle, L50, F|100/100
|switch|p2a: Annihilape|Annihilape, L50, M|100/100
|switch|p2b: Grimmsnarl|Grimmsnarl, L50, M|100/100
|turn|1
|
|t:|1757040348
|move|p1b: Smeargle|Spiky Shield|p1b: Smeargle
|-singleturn|p1b: Smeargle|move: Protect
|move|p1a: Dragonite|Dragon Dance|p1a: Dragonite
|-boost|p1a: Dragonite|atk|1
|-boost|p1a: Dragonite|spe|1
|move|p2a: Annihilape|Drain Punch|p1b: Smeargle
|-activate|p1b: Smeargle|move: Protect
|-damage|p2a: Annihilape|88/100|[from] Spiky Shield|[of] p1b: Smeargle
|move|p2b: Grimmsnarl|Spirit Break|p1b: Smeargle
|-activate|p1b: Smeargle|move: Protect
|-damage|p2b: Grimmsnarl|88/100|[from] Spiky Shield|[of] p1b: Smeargle
|
|-heal|p2a: Annihilape|94/100|[from] item: Leftovers
|-ability|p1b: Smeargle|Moody|boost
|-boost|p1b: Smeargle|spe|2
|-unboost|p1b: Smeargle|atk|1
|upkeep
|turn|2
|inactive|xGSx3ntr0py has 30 seconds left.
|inactive|Dah_tobster has 30 seconds left.
|
|t:|1757040381
|move|p1b: Smeargle|Spore|p2a: Annihilape
|-status|p2a: Annihilape|slp|[from] move: Spore
|move|p1a: Dragonite|Scale Shot|p2a: Annihilape
|-damage|p2a: Annihilape|74/100 slp
|-damage|p2a: Annihilape|55/100 slp
|-damage|p2a: Annihilape|34/100 slp
|-damage|p2a: Annihilape|13/100 slp
|-hitcount|p2a: Annihilape|4
|-unboost|p1a: Dragonite|def|1
|-boost|p1a: Dragonite|spe|1
|cant|p2a: Annihilape|slp
|move|p2b: Grimmsnarl|Spirit Break|p1a: Dragonite
|-supereffective|p1a: Dragonite
|-damage|p1a: Dragonite|6/100
|-unboost|p1a: Dragonite|spa|1
|
|-heal|p2a: Annihilape|20/100 slp|[from] item: Leftovers
|-ability|p1b: Smeargle|Moody|boost
|-boost|p1b: Smeargle|spd|2
|-unboost|p1b: Smeargle|spe|1
|upkeep
|turn|3
|inactive|xGSx3ntr0py has 30 seconds left.
|inactive|Dah_tobster has 30 seconds left.
|
|t:|1757040415
|move|p1a: Dragonite|Scale Shot|p2a: Annihilape
|-damage|p2a: Annihilape|0 fnt
|faint|p2a: Annihilape
|-hitcount|p2: Annihilape|1
|-unboost|p1a: Dragonite|def|1
|-boost|p1a: Dragonite|spe|1
|move|p1b: Smeargle|Spore|p2b: Grimmsnarl
|-status|p2b: Grimmsnarl|slp|[from] move: Spore
|cant|p2b: Grimmsnarl|slp
|
|-ability|p1b: Smeargle|Moody|boost
|-boost|p1b: Smeargle|spe|2
|-unboost|p1b: Smeargle|def|1
|upkeep
|
|t:|1757040427
|switch|p2a: Gholdengo|Gholdengo, L50|100/100
|turn|4
|
|t:|1757040443
|switch|p1b: Volcarona|Volcarona, L50, M|100/100
|-curestatus|p2b: Grimmsnarl|slp|[msg]
|move|p2b: Grimmsnarl|Thunder Wave|p1b: Volcarona
|-status|p1b: Volcarona|par
|move|p1a: Dragonite|Scale Shot|p2a: Gholdengo
|-resisted|p2a: Gholdengo
|-damage|p2a: Gholdengo|91/100
|-resisted|p2a: Gholdengo
|-damage|p2a: Gholdengo|80/100
|-resisted|p2a: Gholdengo
|-damage|p2a: Gholdengo|71/100
|-resisted|p2a: Gholdengo
|-damage|p2a: Gholdengo|61/100
|-hitcount|p2a: Gholdengo|4
|-unboost|p1a: Dragonite|def|1
|-boost|p1a: Dragonite|spe|1
|move|p2a: Gholdengo|Make It Rain|p1b: Volcarona|[spread] p1a,p1b
|-resisted|p1b: Volcarona
|-damage|p1a: Dragonite|0 fnt
|-damage|p1b: Volcarona|75/100 par
|-unboost|p2a: Gholdengo|spa|1
|faint|p1a: Dragonite
|-damage|p2a: Gholdengo|51/100|[from] item: Life Orb
|
|upkeep
|
|t:|1757040460
|switch|p1a: Rillaboom|Rillaboom, L50, M|100/100
|-fieldstart|move: Grassy Terrain|[from] ability: Grassy Surge|[of] p1a: Rillaboom
|-enditem|p1b: Volcarona|Grassy Seed
|-boost|p1b: Volcarona|def|1|[from] item: Grassy Seed
|turn|5
|
|t:|1757040479
|switch|p2a: Dragonite|Dragonite, L50, M|100/100
|move|p1a: Rillaboom|Fake Out|p2b: Grimmsnarl
|-damage|p2b: Grimmsnarl|74/100
|cant|p2b: Grimmsnarl|flinch
|move|p1b: Volcarona|Quiver Dance|p1b: Volcarona
|-boost|p1b: Volcarona|spa|1
|-boost|p1b: Volcarona|spd|1
|-boost|p1b: Volcarona|spe|1
|
|-heal|p1b: Volcarona|81/100 par|[from] Grassy Terrain
|-heal|p2b: Grimmsnarl|80/100|[from] Grassy Terrain
|upkeep
|turn|6
|
|t:|1757040498
|move|p2b: Grimmsnarl|Light Screen|p2b: Grimmsnarl
|-sidestart|p2: Dah_tobster|move: Light Screen
|move|p2a: Dragonite|Scale Shot|p1b: Volcarona
|-damage|p1b: Volcarona|70/100 par
|-damage|p1b: Volcarona|60/100 par
|-damage|p1b: Volcarona|49/100 par
|-damage|p1b: Volcarona|38/100 par
|-hitcount|p1b: Volcarona|4
|-unboost|p2a: Dragonite|def|1
|-boost|p2a: Dragonite|spe|1
|move|p1a: Rillaboom|Wood Hammer|p2a: Dragonite
|-resisted|p2a: Dragonite
|-damage|p2a: Dragonite|83/100
|-damage|p1a: Rillaboom|95/100|[from] Recoil
|move|p1b: Volcarona|Fiery Dance|p2a: Dragonite
|-resisted|p2a: Dragonite
|-damage|p2a: Dragonite|62/100
|-boost|p1b: Volcarona|spa|1
|
|-heal|p1a: Rillaboom|100/100|[from] Grassy Terrain
|-heal|p1b: Volcarona|44/100 par|[from] Grassy Terrain
|-heal|p2b: Grimmsnarl|86/100|[from] Grassy Terrain
|upkeep
|turn|7
|inactive|Dah_tobster has 30 seconds left.
|
|t:|1757040530
|move|p1b: Volcarona|Protect|p1b: Volcarona
|-singleturn|p1b: Volcarona|Protect
|move|p2b: Grimmsnarl|Reflect|p2b: Grimmsnarl
|-sidestart|p2: Dah_tobster|Reflect
|move|p2a: Dragonite|Scale Shot|p1b: Volcarona
|-activate|p1b: Volcarona|move: Protect
|move|p1a: Rillaboom|U-turn|p2a: Dragonite
|-resisted|p2a: Dragonite
|-damage|p2a: Dragonite|47/100
|
|t:|1757040539
|switch|p1a: Smeargle|Smeargle, L50, F|100/100|[from] U-turn
|
|-heal|p1b: Volcarona|50/100 par|[from] Grassy Terrain
|-heal|p2b: Grimmsnarl|92/100|[from] Grassy Terrain
|-ability|p1a: Smeargle|Moody|boost
|-boost|p1a: Smeargle|spe|2
|-unboost|p1a: Smeargle|spd|1
|upkeep
|turn|8
|
|t:|1757040555
|move|p1a: Smeargle|Follow Me|p1a: Smeargle
|-singleturn|p1a: Smeargle|move: Follow Me
|move|p2b: Grimmsnarl|Thunder Wave|p1a: Smeargle
|-status|p1a: Smeargle|par
|move|p2a: Dragonite|Scale Shot|p1a: Smeargle
|-damage|p1a: Smeargle|64/100 par
|-damage|p1a: Smeargle|28/100 par
|-damage|p1a: Smeargle|0 fnt
|faint|p1a: Smeargle
|-hitcount|p1: Smeargle|3
|-unboost|p2a: Dragonite|def|1
|-boost|p2a: Dragonite|spe|1
|move|p1b: Volcarona|Fiery Dance|p2a: Dragonite
|-resisted|p2a: Dragonite
|-crit|p2a: Dragonite
|-damage|p2a: Dragonite|0 fnt
|-boost|p1b: Volcarona|spa|1
|faint|p2a: Dragonite
|
|-heal|p1b: Volcarona|57/100 par|[from] Grassy Terrain
|-heal|p2b: Grimmsnarl|98/100|[from] Grassy Terrain
|upkeep
|
|t:|1757040577
|switch|p1a: Rillaboom|Rillaboom, L50, M|100/100
|switch|p2a: Gholdengo|Gholdengo, L50|51/100
|turn|9
|
|t:|1757040590
|-terastallize|p2a: Gholdengo|Water
|move|p2a: Gholdengo|Shadow Ball|p1b: Volcarona
|-damage|p1b: Volcarona|22/100 par
|-damage|p2a: Gholdengo|41/100|[from] item: Life Orb
|move|p1a: Rillaboom|Wood Hammer|p2b: Grimmsnarl
|-damage|p2b: Grimmsnarl|43/100
|-damage|p1a: Rillaboom|82/100|[from] Recoil
|cant|p1b: Volcarona|par
|move|p2b: Grimmsnarl|Spirit Break|p1b: Volcarona
|-resisted|p1b: Volcarona
|-damage|p1b: Volcarona|11/100 par
|-unboost|p1b: Volcarona|spa|1
|
|-heal|p2a: Gholdengo|47/100|[from] Grassy Terrain
|-heal|p1a: Rillaboom|88/100|[from] Grassy Terrain
|-heal|p1b: Volcarona|18/100 par|[from] Grassy Terrain
|-heal|p2b: Grimmsnarl|49/100|[from] Grassy Terrain
|-fieldend|move: Grassy Terrain
|upkeep
|turn|10
|inactive|Dah_tobster has 30 seconds left.
|
|t:|1757040617
|move|p2a: Gholdengo|Protect|p2a: Gholdengo
|-singleturn|p2a: Gholdengo|Protect
|move|p1b: Volcarona|Protect|p1b: Volcarona
|-singleturn|p1b: Volcarona|Protect
|move|p2b: Grimmsnarl|Thunder Wave|p1a: Rillaboom
|-status|p1a: Rillaboom|par
|move|p1a: Rillaboom|Wood Hammer|p2a: Gholdengo
|-activate|p2a: Gholdengo|move: Protect
|
|upkeep
|turn|11
|inactive|Dah_tobster has 30 seconds left.
|
|t:|1757040650
|move|p2a: Gholdengo|Shadow Ball|p1b: Volcarona
|-damage|p1b: Volcarona|0 fnt
|faint|p1b: Volcarona
|-damage|p2a: Gholdengo|38/100|[from] item: Life Orb
|move|p2b: Grimmsnarl|Spirit Break|p1a: Rillaboom
|-damage|p1a: Rillaboom|56/100 par
|-unboost|p1a: Rillaboom|spa|1
|move|p1a: Rillaboom|Wood Hammer|p2a: Gholdengo
|-supereffective|p2a: Gholdengo
|-damage|p2a: Gholdengo|0 fnt
|faint|p2a: Gholdengo
|-damage|p1a: Rillaboom|44/100 par|[from] Recoil
|
|upkeep
|turn|12
|
|t:|1757040674
|-terastallize|p1a: Rillaboom|Fire
|move|p2b: Grimmsnarl|Spirit Break|p1a: Rillaboom
|-resisted|p1a: Rillaboom
|-damage|p1a: Rillaboom|28/100 par
|-unboost|p1a: Rillaboom|spa|1
|cant|p1a: Rillaboom|par
|
|upkeep
|turn|13
|
|t:|1757040687
|move|p2b: Grimmsnarl|Spirit Break|p1a: Rillaboom
|-resisted|p1a: Rillaboom
|-damage|p1a: Rillaboom|12/100 par
|-unboost|p1a: Rillaboom|spa|1
|cant|p1a: Rillaboom|par
|
|-sideend|p2: Dah_tobster|move: Light Screen
|upkeep
|turn|14
|
|t:|1757040695
|move|p2b: Grimmsnarl|Spirit Break|p1a: Rillaboom
|-resisted|p1a: Rillaboom
|-damage|p1a: Rillaboom|0 fnt
|faint|p1a: Rillaboom
|
|win|Dah_tobster
|l|‽xGSx3ntr0py
|player|p1|
||Dah_tobster is ready for game 2.
||xGSx3ntr0py is ready for game 2.
|uhtml|next|Next: Game 2 of 3
