|j|☆Bzap13
|j|☆komsu
|html|Bzap13komsu    
|uhtml|bestof|Game 2 of a best-of-3
|t:|1784231705
|gametype|doubles
|player|p1|Bzap13|101|1186
|player|p2|komsu|gambler|1307
|gen|9
|tier|[Gen 9 Champions] VGC 2026 Reg M-B (Bo3)
|rated|
|rule|Species Clause: Limit one of each Pokémon
|rule|Item Clause: Limit 1 of each item
|clearpoke
|poke|p1|Sinistcha, L50|
|poke|p1|Gardevoir, L50, F|
|poke|p1|Blastoise, L50, M|
|poke|p1|Sneasler, L50, M|
|poke|p1|Incineroar, L50, M|
|poke|p1|Weavile, L50, M|
|poke|p2|Scizor, L50, M|
|poke|p2|Blastoise, L50, M, shiny|
|poke|p2|Sinistcha, L50|
|poke|p2|Kingambit, L50, M|
|poke|p2|Aerodactyl, L50, M|
|poke|p2|Farigiraf, L50, F|
|teampreview|4
|showteam|p1|Sinistcha||KasibBerry|Hospitality|MatchaGotcha,RagePowder,Imprison,TrickRoom|Relaxed|||||50|]Gardevoir||Gardevoirite|Trace|HyperVoice,Psyshock,CalmMind,Protect|Modest||F|||50|]Blastoise||Blastoisinite|RainDish|DarkPulse,WaterSpout,Protect,ShellSmash|Modest||M|||50|]Sneasler||WhiteHerb|Unburden|GunkShot,FakeOut,CloseCombat,Acrobatics|Adamant||M|||50|]Incineroar||SitrusBerry|Intimidate|FlareBlitz,ThroatChop,FakeOut,PartingShot|Adamant||M|||50|]Weavile||FocusSash|Pickpocket|TripleAxel,FakeOut,UpperHand,Feint|Jolly||M|||50|
|showteam|p2|Scizor||LifeOrb|Technician|BulletPunch,BugBite,DualWingbeat,Protect|Adamant||M|||50|]Blastoise||Blastoisinite|RainDish|WaterSpout,Protect,ShellSmash,DarkPulse|Timid||M|||50|]Sinistcha||ColburBerry|Hospitality|MatchaGotcha,Protect,TrickRoom,RagePowder|Calm|||||50|]Kingambit||FocusSash|Defiant|KowtowCleave,IronHead,SuckerPunch,LowKick|Adamant||M|||50|]Aerodactyl||Aerodactylite|Unnerve|RockSlide,DualWingbeat,IceFang,Tailwind|Jolly||M|||50|]Farigiraf||SitrusBerry|ArmorTail|PsychicNoise,Thunderbolt,TrickRoom,Protect|Bold||F|||50|
|inactive|Battle timer is ON: inactive players will automatically lose when time's up. (requested by Bzap13)
|
|t:|1784231732
|teamsize|p1|4
|teamsize|p2|4
|start
|switch|p1a: Blastoise|Blastoise, L50, M|100/100
|switch|p1b: Sinistcha|Sinistcha, L50|100/100
|switch|p2a: Farigiraf|Farigiraf, L50, F|100/100
|switch|p2b: HunterKiller|Scizor, L50, M|100/100
|turn|1
|inactive|Bzap13 has 30 seconds left.
|inactive|Bzap13 has 20 seconds left.
|
|t:|1784231770
|detailschange|p1a: Blastoise|Blastoise-Mega, L50, M
|-mega|p1a: Blastoise|Blastoise|Blastoisinite
|move|p1b: Sinistcha|Rage Powder|p1b: Sinistcha
|-singleturn|p1b: Sinistcha|move: Rage Powder
|move|p1a: Blastoise|Shell Smash|p1a: Blastoise
|-unboost|p1a: Blastoise|def|1
|-unboost|p1a: Blastoise|spd|1
|-boost|p1a: Blastoise|atk|2
|-boost|p1a: Blastoise|spa|2
|-boost|p1a: Blastoise|spe|2
|move|p2b: HunterKiller|Dual Wingbeat|p1b: Sinistcha
|-supereffective|p1b: Sinistcha|1
|-damage|p1b: Sinistcha|56/100
|-supereffective|p1b: Sinistcha|1
|-damage|p1b: Sinistcha|12/100
|-hitcount|p1b: Sinistcha|2
|-damage|p2b: HunterKiller|90/100|[from] item: Life Orb
|move|p2a: Farigiraf|Thunderbolt|p1b: Sinistcha
|-resisted|p1b: Sinistcha|1
|-damage|p1b: Sinistcha|0 fnt
|faint|p1b: Sinistcha
|
|upkeep
|
|t:|1784231789
|switch|p1b: Incineroar|Incineroar, L50, M|100/100
|-ability|p1b: Incineroar|Intimidate|boost
|-unboost|p2a: Farigiraf|atk|1
|-unboost|p2b: HunterKiller|atk|1
|turn|2
|inactive|komsu has 30 seconds left.
|
|t:|1784231820
|move|p2a: Farigiraf|Protect|p2a: Farigiraf
|-singleturn|p2a: Farigiraf|Protect
|move|p2b: HunterKiller|Bullet Punch|p1a: Blastoise
|-resisted|p1a: Blastoise|1
|-damage|p1a: Blastoise|80/100
|-damage|p2b: HunterKiller|80/100|[from] item: Life Orb
|move|p1a: Blastoise|Water Spout|p2a: Farigiraf|[spread] p2b
|-activate|p2a: Farigiraf|move: Protect
|-damage|p2b: HunterKiller|0 fnt
|faint|p2b: HunterKiller
|move|p1b: Incineroar|Throat Chop|p2a: Farigiraf
|-activate|p2a: Farigiraf|move: Protect
|
|upkeep
|
|t:|1784231829
|switch|p2b: Sinistcha|Sinistcha, L50|100/100
|turn|3
|
|t:|1784231849
|move|p2b: Sinistcha|Protect|p2b: Sinistcha
|-singleturn|p2b: Sinistcha|Protect
|move|p1a: Blastoise|Water Spout|p2a: Farigiraf|[spread] p2a
|-activate|p2b: Sinistcha|move: Protect
|-damage|p2a: Farigiraf|1/100
|-enditem|p2a: Farigiraf|Sitrus Berry|[eat]
|-heal|p2a: Farigiraf|25/100|[from] item: Sitrus Berry
|move|p1b: Incineroar|Throat Chop|p2a: Farigiraf
|-supereffective|p2a: Farigiraf|1
|-damage|p2a: Farigiraf|0 fnt
|faint|p2a: Farigiraf
|
|upkeep
|
|t:|1784231859
|switch|p2a: Kingambit|Kingambit, L50, M|100/100
|turn|4
|inactive|Bzap13 has 30 seconds left.
|inactive|komsu has 30 seconds left.
|inactive|Bzap13 has 20 seconds left.
|inactive|komsu has 20 seconds left.
|inactive|komsu has 15 seconds left.
|inactive|komsu has 10 seconds left.
|inactive|komsu has 5 seconds left.
|
|t:|1784231910
|move|p2a: Kingambit|Sucker Punch|p1a: Blastoise
|-damage|p1a: Blastoise|22/100
|move|p1a: Blastoise|Water Spout|p2b: Sinistcha|[spread] p2a,p2b
|-resisted|p2b: Sinistcha|1
|-damage|p2a: Kingambit|64/100
|-damage|p2b: Sinistcha|88/100
|move|p2b: Sinistcha|Matcha Gotcha|p1b: Incineroar|[spread] p1a,p1b
|-supereffective|p1a: Blastoise|1
|-resisted|p1b: Incineroar|1
|-damage|p1a: Blastoise|0 fnt
|-heal|p2b: Sinistcha|98/100|[from] drain|[of] p1a: Blastoise
|-damage|p1b: Incineroar|89/100
|-heal|p2b: Sinistcha|100/100|[from] drain|[of] p1b: Incineroar
|faint|p1a: Blastoise
|move|p1b: Incineroar|Flare Blitz|p2a: Kingambit
|-supereffective|p2a: Kingambit|1
|-damage|p2a: Kingambit|0 fnt
|faint|p2a: Kingambit
|-damage|p1b: Incineroar|70/100|[from] Recoil
|
|upkeep
|
|t:|1784231925
|switch|p1a: Sneasler|Sneasler, L50, M|100/100
|turn|5
|
|t:|1784231943
|move|p1a: Sneasler|Gunk Shot|p2b: Sinistcha|[miss]
|-miss|p1a: Sneasler|p2b: Sinistcha
|move|p2b: Sinistcha|Matcha Gotcha|p1a: Sneasler|[spread] p1a,p1b
|-resisted|p1a: Sneasler|1
|-resisted|p1b: Incineroar|1
|-damage|p1a: Sneasler|83/100
|-damage|p1b: Incineroar|59/100
|move|p1b: Incineroar|Flare Blitz|p2b: Sinistcha
|-supereffective|p2b: Sinistcha|1
|-damage|p2b: Sinistcha|0 fnt
|faint|p2b: Sinistcha
|-damage|p1b: Incineroar|31/100|[from] Recoil
|-enditem|p1b: Incineroar|Sitrus Berry|[eat]
|-heal|p1b: Incineroar|55/100|[from] item: Sitrus Berry
|
|win|Bzap13
|raw|Bzap13's rating: 1186 → 1219(+33 for winning)
|raw|komsu's rating: 1307 → 1280(-27 for losing)
|l|☆komsu
|player|p2|
|l|☆Bzap13
|player|p1|
|j|☆komsu
|player|p2|komsu|gambler|
