|j|☆znivs
|j|☆sturmkitten69
|html|znivssturmkitten69    
|uhtml|bestof|Game 2 of a best-of-3
|t:|1782179903
|gametype|doubles
|player|p1|znivs|170|
|player|p2|sturmkitten69|fisherman-gen4|
|gen|9
|tier|[Gen 9 Champions] VGC 2026 Reg M-B (Bo3)
|rule|Species Clause: Limit one of each Pokémon
|rule|Item Clause: Limit 1 of each item
|clearpoke
|poke|p1|Charizard, L50, F|
|poke|p1|Metagross, L50|
|poke|p1|Samurott-Hisui, L50, M|
|poke|p1|Sylveon, L50, F|
|poke|p1|Garchomp, L50, M|
|poke|p1|Aerodactyl, L50, F|
|poke|p2|Rotom-Heat, L50|
|poke|p2|Swampert, L50, M, shiny|
|poke|p2|Archaludon, L50, M|
|poke|p2|Pelipper, L50, M|
|poke|p2|Sneasler, L50, M|
|poke|p2|Sinistcha, L50|
|teampreview|4
|showteam|p1|Charizard||CharizarditeY|Blaze|HeatWave,WeatherBall,SolarBeam,Protect|Modest||F|||50|]Metagross||Metagrossite|ClearBody|IronHead,IcePunch,BodyPress,Protect|Jolly|||||50|]Samurott-Hisui||BlackGlasses|Sharpness|CeaselessEdge,SuckerPunch,SacredSword,Detect|Adamant||M|||50|]Sylveon||FairyFeather|Pixilate|HyperVoice,Moonblast,QuickAttack,Detect|Modest||F|||50|]Garchomp||LifeOrb|RoughSkin|Earthquake,RockTomb,DragonClaw,Protect|Jolly||M|||50|]Aerodactyl||FocusSash|Unnerve|RockSlide,Tailwind,WideGuard,Protect|Jolly||F|||50|
|showteam|p2|Rotom-Heat||ChoiceScarf|Levitate|Overheat,VoltSwitch,Thunderbolt,WillOWisp|Timid|||||50|]Swampert||Swampertite|Damp|Protect,IcePunch,Waterfall,Earthquake|Adamant||M|||50|]Archaludon||Leftovers|Stamina|DragonPulse,Protect,ElectroShot,FlashCannon|Modest||M|||50|]Pelipper||FocusSash|Drizzle|Protect,WeatherBall,Hurricane,Tailwind|Modest||M|||50|]Sneasler||LifeOrb|PoisonTouch|DireClaw,FakeOut,Protect,BrickBreak|Adamant||M|||50|]Sinistcha||SitrusBerry|Hospitality|TrickRoom,MatchaGotcha,RagePowder,LifeDew|Bold|||||50|
|
|t:|1782179938
|teamsize|p1|4
|teamsize|p2|4
|start
|switch|p1a: Charizard|Charizard, L50, F|100/100
|switch|p1b: Aerodactyl|Aerodactyl, L50, F|100/100
|switch|p2a: Swampert|Swampert, L50, M, shiny|100/100
|switch|p2b: Rotom|Rotom-Heat, L50|100/100
|-ability|p1b: Aerodactyl|Unnerve
|turn|1
|
|t:|1782179986
|move|p1a: Charizard|Protect|p1a: Charizard
|-singleturn|p1a: Charizard|Protect
|move|p2a: Swampert|Protect|p2a: Swampert
|-singleturn|p2a: Swampert|Protect
|move|p2b: Rotom|Thunderbolt|p1a: Charizard
|-activate|p1a: Charizard|move: Protect
|move|p1b: Aerodactyl|Tailwind|p1b: Aerodactyl
|-sidestart|p1: znivs|move: Tailwind
|
|upkeep
|turn|2
|
|t:|1782180006
|switch|p2a: Archaludon|Archaludon, L50, M|100/100
|detailschange|p1a: Charizard|Charizard-Mega-Y, L50, F
|-mega|p1a: Charizard|Charizard|Charizardite Y
|-weather|SunnyDay|[from] ability: Drought|[of] p1a: Charizard
|move|p1b: Aerodactyl|Rock Slide|p2a: Archaludon|[spread] p2a,p2b
|-resisted|p2a: Archaludon|1
|-supereffective|p2b: Rotom|1
|-damage|p2a: Archaludon|91/100
|-damage|p2b: Rotom|41/100
|-ability|p2a: Archaludon|Stamina|boost
|-boost|p2a: Archaludon|def|1
|move|p1a: Charizard|Weather Ball|p2b: Rotom
|-resisted|p2b: Rotom|1
|-damage|p2b: Rotom|0 fnt
|faint|p2b: Rotom
|
|-weather|SunnyDay|[upkeep]
|-heal|p2a: Archaludon|97/100|[from] item: Leftovers
|upkeep
|
|t:|1782180029
|switch|p2b: Swampert|Swampert, L50, M, shiny|100/100
|turn|3
|
|t:|1782180051
|switch|p1a: Garchomp|Garchomp, L50, M|100/100
|switch|p2a: Pelipper|Pelipper, L50, M|100/100
|-weather|RainDance|[from] ability: Drizzle|[of] p2a: Pelipper
|detailschange|p2b: Swampert|Swampert-Mega, L50, M, shiny
|-mega|p2b: Swampert|Swampert|Swampertite
|move|p1b: Aerodactyl|Rock Slide|p2b: Swampert|[spread] p2a,p2b
|-supereffective|p2a: Pelipper|1
|-resisted|p2b: Swampert|1
|-damage|p2a: Pelipper|32/100
|-damage|p2b: Swampert|87/100
|move|p2b: Swampert|Waterfall|p1b: Aerodactyl
|-supereffective|p1b: Aerodactyl|1
|-enditem|p1b: Aerodactyl|Focus Sash
|-damage|p1b: Aerodactyl|1/100
|
|-weather|RainDance|[upkeep]
|upkeep
|turn|4
|
|t:|1782180094
|switch|p2a: Archaludon|Archaludon, L50, M|97/100
|move|p1b: Aerodactyl|Rock Slide|p2a: Archaludon|[spread] p2a,p2b
|-resisted|p2a: Archaludon|1
|-resisted|p2b: Swampert|1
|-damage|p2a: Archaludon|88/100
|-damage|p2b: Swampert|75/100
|-ability|p2a: Archaludon|Stamina|boost
|-boost|p2a: Archaludon|def|1
|move|p1a: Garchomp|Earthquake|p2a: Archaludon|[spread] p2a,p2b
|-immune|p1b: Aerodactyl
|-supereffective|p2a: Archaludon|1
|-damage|p2a: Archaludon|41/100
|-damage|p2b: Swampert|33/100
|-ability|p2a: Archaludon|Stamina|boost
|-boost|p2a: Archaludon|def|1
|-damage|p1a: Garchomp|90/100|[from] item: Life Orb
|cant|p2b: Swampert|flinch
|
|-weather|RainDance|[upkeep]
|-heal|p2a: Archaludon|47/100|[from] item: Leftovers
|-sideend|p1: znivs|move: Tailwind
|upkeep
|turn|5
|
|t:|1782180118
|move|p2b: Swampert|Protect|p2b: Swampert
|-singleturn|p2b: Swampert|Protect
|move|p1b: Aerodactyl|Protect|p1b: Aerodactyl
|-singleturn|p1b: Aerodactyl|Protect
|move|p1a: Garchomp|Protect|p1a: Garchomp
|-singleturn|p1a: Garchomp|Protect
|move|p2a: Archaludon|Protect||[still]
|-fail|p2a: Archaludon
|
|-weather|RainDance|[upkeep]
|-heal|p2a: Archaludon|53/100|[from] item: Leftovers
|upkeep
|turn|6
|
|t:|1782180147
|switch|p2b: Pelipper|Pelipper, L50, M|32/100
|move|p1b: Aerodactyl|Tailwind|p1b: Aerodactyl
|-sidestart|p1: znivs|move: Tailwind
|move|p1a: Garchomp|Earthquake|p2b: Pelipper|[spread] p2a
|-immune|p1b: Aerodactyl
|-immune|p2b: Pelipper
|-supereffective|p2a: Archaludon|1
|-damage|p2a: Archaludon|17/100
|-ability|p2a: Archaludon|Stamina|boost
|-boost|p2a: Archaludon|def|1
|-damage|p1a: Garchomp|80/100|[from] item: Life Orb
|move|p2a: Archaludon|Dragon Pulse|p1a: Garchomp
|-supereffective|p1a: Garchomp|1
|-damage|p1a: Garchomp|0 fnt
|faint|p1a: Garchomp
|
|-weather|RainDance|[upkeep]
|-heal|p2a: Archaludon|23/100|[from] item: Leftovers
|upkeep
|
|t:|1782180160
|switch|p1a: Charizard|Charizard-Mega-Y, L50, F|100/100
|-weather|SunnyDay|[from] ability: Drought|[of] p1a: Charizard
|turn|7
|
|t:|1782180177
|switch|p2b: Swampert|Swampert-Mega, L50, M, shiny|33/100
|move|p2a: Archaludon|Protect|p2a: Archaludon
|-singleturn|p2a: Archaludon|Protect
|move|p1b: Aerodactyl|Rock Slide|p2b: Swampert|[spread] p2b
|-activate|p2a: Archaludon|move: Protect
|-resisted|p2b: Swampert|1
|-damage|p2b: Swampert|22/100
|move|p1a: Charizard|Heat Wave|p2b: Swampert|[spread] p2b
|-activate|p2a: Archaludon|move: Protect
|-resisted|p2b: Swampert|1
|-damage|p2b: Swampert|0 fnt
|faint|p2b: Swampert
|
|-weather|SunnyDay|[upkeep]
|-heal|p2a: Archaludon|29/100|[from] item: Leftovers
|upkeep
|
|t:|1782180193
|switch|p2b: Pelipper|Pelipper, L50, M|32/100
|-weather|RainDance|[from] ability: Drizzle|[of] p2b: Pelipper
|turn|8
|
|t:|1782180221
|move|p2b: Pelipper|Protect|p2b: Pelipper
|-singleturn|p2b: Pelipper|Protect
|move|p1b: Aerodactyl|Rock Slide|p2b: Pelipper|[spread] p2a
|-activate|p2b: Pelipper|move: Protect
|-resisted|p2a: Archaludon|1
|-damage|p2a: Archaludon|26/100
|-ability|p2a: Archaludon|Stamina|boost
|-boost|p2a: Archaludon|def|1
|move|p1a: Charizard|Weather Ball|p2b: Pelipper
|-activate|p2b: Pelipper|move: Protect
|cant|p2a: Archaludon|flinch
|
|-weather|RainDance|[upkeep]
|-heal|p2a: Archaludon|32/100|[from] item: Leftovers
|upkeep
|turn|9
|
|t:|1782180274
|move|p2b: Pelipper|Protect|p2b: Pelipper
|-singleturn|p2b: Pelipper|Protect
|move|p1b: Aerodactyl|Rock Slide|p2a: Archaludon|[spread] p2a
|-activate|p2b: Pelipper|move: Protect
|-resisted|p2a: Archaludon|1
|-damage|p2a: Archaludon|29/100
|-ability|p2a: Archaludon|Stamina|boost
|-boost|p2a: Archaludon|def|1
|move|p1a: Charizard|Weather Ball|p2b: Pelipper
|-activate|p2b: Pelipper|move: Protect
|move|p2a: Archaludon|Dragon Pulse|p1b: Aerodactyl
|-crit|p1b: Aerodactyl
|-damage|p1b: Aerodactyl|0 fnt
|faint|p1b: Aerodactyl
|
|-weather|RainDance|[upkeep]
|-heal|p2a: Archaludon|36/100|[from] item: Leftovers
|-sideend|p1: znivs|move: Tailwind
|upkeep
|
|t:|1782180286
|switch|p1b: Samurott|Samurott-Hisui, L50, M|100/100
|turn|10
|
|t:|1782180301
|move|p2a: Archaludon|Protect|p2a: Archaludon
|-singleturn|p2a: Archaludon|Protect
|move|p1a: Charizard|Weather Ball|p2b: Pelipper
|-resisted|p2b: Pelipper|1
|-damage|p2b: Pelipper|0 fnt
|faint|p2b: Pelipper
|move|p1b: Samurott|Sacred Sword|p2a: Archaludon
|-activate|p2a: Archaludon|move: Protect
|
|-weather|RainDance|[upkeep]
|-heal|p2a: Archaludon|42/100|[from] item: Leftovers
|upkeep
|turn|11
|
|t:|1782180315
|move|p1a: Charizard|Weather Ball|p2a: Archaludon
|-resisted|p2a: Archaludon|1
|-damage|p2a: Archaludon|12/100
|-ability|p2a: Archaludon|Stamina|boost
|-boost|p2a: Archaludon|def|1
|move|p1b: Samurott|Sacred Sword|p2a: Archaludon
|-supereffective|p2a: Archaludon|1
|-damage|p2a: Archaludon|0 fnt
|faint|p2a: Archaludon
|
|win|znivs
