|j|☆wittraid
|j|☆abadanriyi92
|html|wittraidabadanriyi92    
|uhtml|bestof|Game 2 of a best-of-3
|t:|1784925037
|gametype|doubles
|player|p1|wittraid|2|1371
|player|p2|abadanriyi92|scientist|1264
|gen|9
|tier|[Gen 9 Champions] VGC 2026 Reg M-B (Bo3)
|rated|
|rule|Species Clause: Limit one of each Pokémon
|rule|Item Clause: Limit 1 of each item
|clearpoke
|poke|p1|Pelipper, L50, M|
|poke|p1|Archaludon, L50, M|
|poke|p1|Venusaur, L50, M|
|poke|p1|Klefki, L50, M|
|poke|p1|Swampert, L50, M|
|poke|p1|Sinistcha, L50|
|poke|p2|Staraptor, L50, M|
|poke|p2|Houndstone, L50, M|
|poke|p2|Tyranitar, L50, F|
|poke|p2|Rotom-Wash, L50|
|poke|p2|Excadrill, L50, F|
|poke|p2|Venusaur, L50, F|
|teampreview|4
|showteam|p1|Pelipper||ChoiceScarf|Drizzle|WeatherBall,Hurricane,IcyWind,RainDance|Timid||M|||50|]Archaludon||Leftovers|Stamina|ElectroShot,DragonPulse,Snarl,Protect|Bold||M|||50|]Venusaur||Venusaurite|Chlorophyll|GigaDrain,SludgeBomb,EarthPower,Protect|Modest||M|||50|]Klefki||LightClay|Prankster|Reflect,LightScreen,RainDance,ThunderWave|Bold||M|||50|]Swampert||Swampertite|Damp|WaveCrash,HighHorsepower,IcePunch,Protect|Adamant||M|||50|]Sinistcha||SitrusBerry|Hospitality|RagePowder,TrickRoom,LifeDew,MatchaGotcha|Calm|||||50|
|showteam|p2|Staraptor||Staraptite|Intimidate|BraveBird,CloseCombat,Tailwind,Protect|Jolly||M|||50|]Houndstone||SitrusBerry|SandRush|LastRespects,WillOWisp,AllySwitch,Protect|Adamant||M|||50|]Tyranitar||ChoiceScarf|SandStream|RockSlide,KnockOff,IcePunch,LowKick|Jolly||F|||50|]Rotom-Wash||Magnet|Levitate|HydroPump,Thunderbolt,VoltSwitch,Protect|Modest|||||50|]Excadrill||FocusSash|SandRush|Earthquake,IronHead,RockSlide,Protect|Adamant||F|||50|]Venusaur||Venusaurite|Chlorophyll|SludgeBomb,EarthPower,SleepPowder,Protect|Modest||F|||50|
|inactive|Battle timer is ON: inactive players will automatically lose when time's up. (requested by wittraid)
|
|t:|1784925067
|teamsize|p1|4
|teamsize|p2|4
|start
|switch|p1a: Swampert|Swampert, L50, M|100/100
|switch|p1b: Klefki|Klefki, L50, M|100/100
|switch|p2a: Rotom|Rotom-Wash, L50|100/100
|switch|p2b: Staraptor|Staraptor, L50, M|100/100
|-ability|p2b: Staraptor|Intimidate|boost
|-unboost|p1a: Swampert|atk|1
|-unboost|p1b: Klefki|atk|1
|turn|1
|
|t:|1784925091
|switch|p1a: Archaludon|Archaludon, L50, M|100/100
|detailschange|p2b: Staraptor|Staraptor-Mega, L50, M
|-mega|p2b: Staraptor|Staraptor|Staraptite
|move|p2b: Staraptor|Protect|p2b: Staraptor
|-singleturn|p2b: Staraptor|Protect
|move|p1b: Klefki|Reflect|p1b: Klefki
|-sidestart|p1: wittraid|Reflect
|move|p2a: Rotom|Volt Switch|p1b: Klefki
|-damage|p1b: Klefki|62/100
|l|☆wittraid
|inactive|wittraid disconnected and has a minute to reconnect!
|player|p1|
|
|t:|1784925104
|switch|p2a: Excadrill|Excadrill, L50, F|100/100|[from] Volt Switch
|
|upkeep
|turn|2
|j|☆wittraid
|inactive|wittraid reconnected and has 40 seconds left.
|player|p1|wittraid|2|
|inactive|wittraid has 30 seconds left.
|
|t:|1784925139
|switch|p1b: Pelipper|Pelipper, L50, M|100/100
|-weather|RainDance|[from] ability: Drizzle|[of] p1b: Pelipper
|move|p2b: Staraptor|Close Combat|p1a: Archaludon
|-supereffective|p1a: Archaludon|1
|-damage|p1a: Archaludon|52/100
|-boost|p2b: Staraptor|def|1
|-boost|p2b: Staraptor|spd|1
|-ability|p1a: Archaludon|Stamina|boost
|-boost|p1a: Archaludon|def|1
|move|p2a: Excadrill|Earthquake|p1b: Pelipper|[spread] p1a
|-immune|p2b: Staraptor
|-immune|p1b: Pelipper
|-supereffective|p1a: Archaludon|1
|-damage|p1a: Archaludon|26/100
|-ability|p1a: Archaludon|Stamina|boost
|-boost|p1a: Archaludon|def|1
|move|p1a: Archaludon|Electro Shot||[still]
|-prepare|p1a: Archaludon|Electro Shot
|-boost|p1a: Archaludon|spa|1
|-anim|p1a: Archaludon|Electro Shot|p2b: Staraptor
|-supereffective|p2b: Staraptor|1
|-damage|p2b: Staraptor|25/100
|
|-weather|RainDance|[upkeep]
|-heal|p1a: Archaludon|32/100|[from] item: Leftovers
|upkeep
|turn|3
|inactive|wittraid has 30 seconds left.
|inactive|abadanriyi92 has 30 seconds left.
|inactive|wittraid has 20 seconds left.
|inactive|wittraid has 15 seconds left.
|inactive|wittraid has 10 seconds left.
|inactive|wittraid has 5 seconds left.
|
|t:|1784925189
|switch|p2b: Tyranitar|Tyranitar, L50, F|100/100
|-weather|Sandstorm|[from] ability: Sand Stream|[of] p2b: Tyranitar
|move|p1a: Archaludon|Protect|p1a: Archaludon
|-singleturn|p1a: Archaludon|Protect
|move|p2a: Excadrill|Rock Slide|p1b: Pelipper|[spread] p1b
|-activate|p1a: Archaludon|move: Protect
|-supereffective|p1b: Pelipper|1
|-damage|p1b: Pelipper|64/100
|move|p1b: Pelipper|Hurricane|p2b: Tyranitar
|-resisted|p2b: Tyranitar|1
|-damage|p2b: Tyranitar|84/100
|
|-weather|Sandstorm|[upkeep]
|-damage|p1b: Pelipper|59/100|[from] Sandstorm
|-heal|p1a: Archaludon|38/100|[from] item: Leftovers
|upkeep
|turn|4
|inactive|wittraid has 30 seconds left.
|inactive|abadanriyi92 has 30 seconds left.
|inactive|wittraid has 20 seconds left.
|inactive|abadanriyi92 has 20 seconds left.
|inactive|abadanriyi92 has 15 seconds left.
|
|t:|1784925233
|switch|p1b: Swampert|Swampert, L50, M|100/100
|move|p2a: Excadrill|Earthquake|p1a: Archaludon|[spread] p2b,p1a,p1b
|-supereffective|p2b: Tyranitar|1
|-supereffective|p1a: Archaludon|1
|-damage|p2b: Tyranitar|4/100
|-damage|p1a: Archaludon|21/100
|-damage|p1b: Swampert|76/100
|-ability|p1a: Archaludon|Stamina|boost
|-boost|p1a: Archaludon|def|1
|move|p2b: Tyranitar|Knock Off|p1a: Archaludon
|-damage|p1a: Archaludon|12/100
|-ability|p1a: Archaludon|Stamina|boost
|-boost|p1a: Archaludon|def|1
|-enditem|p1a: Archaludon|Leftovers|[from] move: Knock Off|[of] p2b: Tyranitar
|move|p1a: Archaludon|Dragon Pulse|p2b: Tyranitar
|-damage|p2b: Tyranitar|0 fnt
|faint|p2b: Tyranitar
|
|-weather|Sandstorm|[upkeep]
|upkeep
|
|t:|1784925250
|switch|p2b: Staraptor|Staraptor-Mega, L50, M|25/100
|turn|5
|inactive|wittraid has 30 seconds left.
|
|t:|1784925278
|switch|p1a: Pelipper|Pelipper, L50, M|59/100
|-weather|RainDance|[from] ability: Drizzle|[of] p1a: Pelipper
|detailschange|p1b: Swampert|Swampert-Mega, L50, M
|-mega|p1b: Swampert|Swampert|Swampertite
|move|p1b: Swampert|High Horsepower|p2a: Excadrill
|-supereffective|p2a: Excadrill|1
|-enditem|p2a: Excadrill|Focus Sash
|-damage|p2a: Excadrill|1/100
|move|p2b: Staraptor|Tailwind|p2b: Staraptor
|-sidestart|p2: abadanriyi92|move: Tailwind
|move|p2a: Excadrill|Earthquake|p1b: Swampert|[spread] p1b
|-immune|p2b: Staraptor
|-immune|p1a: Pelipper
|-damage|p1b: Swampert|55/100
|
|-weather|RainDance|[upkeep]
|upkeep
|turn|6
|inactive|wittraid has 30 seconds left.
|inactive|abadanriyi92 has 30 seconds left.
|inactive|wittraid has 20 seconds left.
|inactive|abadanriyi92 has 20 seconds left.
|inactive|wittraid has 15 seconds left.
|inactive|wittraid has 10 seconds left.
|
|t:|1784925324
|move|p2b: Staraptor|Close Combat|p1b: Swampert
|-damage|p1b: Swampert|27/100
|-boost|p2b: Staraptor|def|1
|-boost|p2b: Staraptor|spd|1
|move|p2a: Excadrill|Rock Slide|p1b: Swampert|[spread] p1a,p1b
|-supereffective|p1a: Pelipper|1
|-resisted|p1b: Swampert|1
|-damage|p1a: Pelipper|21/100
|-damage|p1b: Swampert|21/100
|cant|p1b: Swampert|flinch
|cant|p1a: Pelipper|flinch
|
|-weather|RainDance|[upkeep]
|upkeep
|turn|7
|inactive|abadanriyi92 has 30 seconds left.
|
|t:|1784925352
|switch|p1a: Klefki|Klefki, L50, M|62/100
|move|p1b: Swampert|Protect|p1b: Swampert
|-singleturn|p1b: Swampert|Protect
|move|p2b: Staraptor|Close Combat|p1a: Klefki
|-damage|p1a: Klefki|30/100
|-boost|p2b: Staraptor|def|1
|-boost|p2b: Staraptor|spd|1
|move|p2a: Excadrill|Rock Slide|p1a: Klefki|[spread] p1a
|-activate|p1b: Swampert|move: Protect
|-resisted|p1a: Klefki|1
|-damage|p1a: Klefki|23/100
|
|-weather|RainDance|[upkeep]
|upkeep
|turn|8
|c|☆wittraid|has to be ragebait
|c|☆abadanriyi92|the doble flinch? yeah
|inactive|wittraid has 30 seconds left.
|inactive|abadanriyi92 has 30 seconds left.
|
|t:|1784925384
|move|p1a: Klefki|Thunder Wave|p2b: Staraptor
|-status|p2b: Staraptor|par
|move|p2a: Excadrill|Rock Slide|p1a: Klefki|[spread] p1a
|-miss|p2a: Excadrill|p1b: Swampert
|-resisted|p1a: Klefki|1
|-damage|p1a: Klefki|16/100
|move|p1b: Swampert|High Horsepower|p2a: Excadrill
|-supereffective|p2a: Excadrill|1
|-crit|p2a: Excadrill
|-damage|p2a: Excadrill|0 fnt
|faint|p2a: Excadrill
|move|p2b: Staraptor|Close Combat|p1b: Swampert
|-damage|p1b: Swampert|0 fnt
|-boost|p2b: Staraptor|def|1
|-boost|p2b: Staraptor|spd|1
|faint|p1b: Swampert
|
|-weather|RainDance|[upkeep]
|-sideend|p1: wittraid|Reflect
|-sideend|p2: abadanriyi92|move: Tailwind
|upkeep
|inactive|wittraid has 30 seconds left.
|c|☆abadanriyi92|does clefki learn will o wisp?
|
|t:|1784925414
|switch|p2a: Rotom|Rotom-Wash, L50|100/100
|switch|p1b: Archaludon|Archaludon, L50, M|12/100
|turn|9
|
|t:|1784925437
|move|p2b: Staraptor|Protect|p2b: Staraptor
|-singleturn|p2b: Staraptor|Protect
|move|p1a: Klefki|Light Screen|p1a: Klefki
|-sidestart|p1: wittraid|move: Light Screen
|move|p2a: Rotom|Thunderbolt|p1b: Archaludon
|-resisted|p1b: Archaludon|1
|-damage|p1b: Archaludon|0 fnt
|faint|p1b: Archaludon
|
|-weather|none
|upkeep
|-message|wittraid forfeited.
|raw|wittraid's rating: 1371 → 1345(-26 for losing)
|raw|abadanriyi92's rating: 1264 → 1296(+32 for winning)
|
|win|abadanriyi92
