|j|☆zzsachi
|j|☆VenuDaAscoInRain
|html|zzsachiVenuDaAscoInRain    
|uhtml|bestof|Game 1 of a best-of-3
|t:|1783113569
|gametype|doubles
|player|p1|zzsachi|artist-gen4|1196
|player|p2|VenuDaAscoInRain|li|1174
|gen|9
|tier|[Gen 9 Champions] VGC 2026 Reg M-B (Bo3)
|rated|
|rule|Species Clause: Limit one of each Pokémon
|rule|Item Clause: Limit 1 of each item
|clearpoke
|poke|p1|Delphox, L50, F|
|poke|p1|Sinistcha, L50|
|poke|p1|Maushold-Four, L50|
|poke|p1|Incineroar, L50, F|
|poke|p1|Blastoise, L50, M|
|poke|p1|Sneasler, L50, F|
|poke|p2|Charizard, L50, M, shiny|
|poke|p2|Farigiraf, L50, M, shiny|
|poke|p2|Kingambit, L50, M, shiny|
|poke|p2|Sylveon, L50, M, shiny|
|poke|p2|Aerodactyl, L50, M, shiny|
|poke|p2|Garchomp, L50, M, shiny|
|teampreview|4
|showteam|p1|Delphox||Delphoxite|Blaze|Protect,Psyshock,HeatWave,NastyPlot|Timid||F|||50|]Sinistcha||ColburBerry|Hospitality|Protect,MatchaGotcha,LifeDew,RagePowder|Bold|||||50|]Maushold-Four||FocusSash|FriendGuard|Protect,Feint,FollowMe,SuperFang|Jolly|||||50|]Incineroar||SitrusBerry|Intimidate|FakeOut,WillOWisp,ThroatChop,PartingShot|Impish||F|||50|]Blastoise||Blastoisinite|Torrent|Protect,ShellSmash,WaterSpout,DarkPulse|Modest||M|||50|]Sneasler||WhiteHerb|Unburden|FakeOut,Coaching,CloseCombat,DireClaw|Adamant||F|||50|
|showteam|p2|Charizard||CharizarditeY|SolarPower|Protect,WeatherBall,HeatWave,SolarBeam|Modest||M|||50|]Farigiraf||ExpertBelt|ArmorTail|HelpingHand,TwinBeam,Thunderbolt,TrickRoom|Bold||M|||50|]Kingambit||FocusSash|Defiant|KowtowCleave,SuckerPunch,IronHead,LowKick|Adamant||M|||50|]Sylveon||FairyFeather|Pixilate|Detect,HyperVoice,HyperBeam,QuickAttack|Modest||M|||50|]Aerodactyl||Aerodactylite|Unnerve|IceFang,RockSlide,DualWingbeat,Tailwind|Jolly||M|||50|]Garchomp||LifeOrb|RoughSkin|Protect,RockSlide,DragonClaw,Earthquake|Adamant||M|||50|
|inactive|Battle timer is ON: inactive players will automatically lose when time's up. (requested by VenuDaAscoInRain)
|inactive|VenuDaAscoInRain has 60 seconds left.
|inactive|zzsachi has 60 seconds left.
|inactive|VenuDaAscoInRain has 30 seconds left.
|
|t:|1783113638
|teamsize|p1|4
|teamsize|p2|4
|start
|switch|p1a: Blastoise|Blastoise, L50, M|100/100
|switch|p1b: Maushold|Maushold-Four, L50|100/100
|switch|p2a: Charizard|Charizard, L50, M, shiny|100/100
|switch|p2b: Kingambit|Kingambit, L50, M, shiny|100/100
|turn|1
|inactive|zzsachi has 30 seconds left.
|
|t:|1783113671
|detailschange|p2a: Charizard|Charizard-Mega-Y, L50, M, shiny
|-mega|p2a: Charizard|Charizard|Charizardite Y
|-weather|SunnyDay|[from] ability: Drought|[of] p2a: Charizard
|detailschange|p1a: Blastoise|Blastoise-Mega, L50, M
|-mega|p1a: Blastoise|Blastoise|Blastoisinite
|move|p1b: Maushold|Follow Me|p1b: Maushold
|-singleturn|p1b: Maushold|move: Follow Me
|move|p2a: Charizard|Heat Wave|p1b: Maushold|[spread] p1a,p1b
|-resisted|p1a: Blastoise|1
|-damage|p1a: Blastoise|75/100
|-damage|p1b: Maushold|14/100
|-status|p1b: Maushold|brn
|move|p1a: Blastoise|Shell Smash|p1a: Blastoise
|-unboost|p1a: Blastoise|def|1
|-unboost|p1a: Blastoise|spd|1
|-boost|p1a: Blastoise|atk|2
|-boost|p1a: Blastoise|spa|2
|-boost|p1a: Blastoise|spe|2
|move|p2b: Kingambit|Kowtow Cleave|p1b: Maushold
|-damage|p1b: Maushold|0 fnt
|faint|p1b: Maushold
|
|-weather|SunnyDay|[upkeep]
|upkeep
|
|t:|1783113690
|switch|p1b: Sinistcha|Sinistcha, L50|100/100
|-heal|p1a: Blastoise|100/100|[from] ability: Hospitality|[of] p1b: Sinistcha
|turn|2
|
|t:|1783113708
|move|p2a: Charizard|Protect|p2a: Charizard
|-singleturn|p2a: Charizard|Protect
|move|p1b: Sinistcha|Rage Powder|p1b: Sinistcha
|-singleturn|p1b: Sinistcha|move: Rage Powder
|move|p1a: Blastoise|Water Spout|p2b: Kingambit|[spread] p2b
|-activate|p2a: Charizard|move: Protect
|-damage|p2b: Kingambit|18/100
|move|p2b: Kingambit|Kowtow Cleave|p1b: Sinistcha
|-supereffective|p1b: Sinistcha|1
|-enditem|p1b: Sinistcha|Colbur Berry|[eat]
|-enditem|p1b: Sinistcha|Colbur Berry|[weaken]
|-damage|p1b: Sinistcha|56/100
|
|-weather|SunnyDay|[upkeep]
|upkeep
|turn|3
|
|t:|1783113724
|move|p1b: Sinistcha|Rage Powder|p1b: Sinistcha
|-singleturn|p1b: Sinistcha|move: Rage Powder
|move|p1a: Blastoise|Water Spout|p2b: Kingambit|[spread] p2a,p2b
|-supereffective|p2a: Charizard|1
|-damage|p2a: Charizard|0 fnt
|-damage|p2b: Kingambit|0 fnt
|faint|p2a: Charizard
|faint|p2b: Kingambit
|
|-weather|SunnyDay|[upkeep]
|upkeep
|
|t:|1783113728
|switch|p2a: Aerodactyl|Aerodactyl, L50, M, shiny|100/100
|switch|p2b: Garchomp|Garchomp, L50, M, shiny|100/100
|-ability|p2a: Aerodactyl|Unnerve
|turn|4
|
|t:|1783113746
|move|p1b: Sinistcha|Rage Powder|p1b: Sinistcha
|-singleturn|p1b: Sinistcha|move: Rage Powder
|move|p1a: Blastoise|Water Spout|p2b: Garchomp|[spread] p2a,p2b
|-supereffective|p2a: Aerodactyl|1
|-damage|p2a: Aerodactyl|0 fnt
|-damage|p2b: Garchomp|33/100
|faint|p2a: Aerodactyl
|move|p2b: Garchomp|Earthquake|p1b: Sinistcha|[spread] p1a,p1b
|-resisted|p1b: Sinistcha|1
|-damage|p1a: Blastoise|22/100
|-damage|p1b: Sinistcha|36/100
|-damage|p2b: Garchomp|23/100|[from] item: Life Orb
|
|-weather|SunnyDay|[upkeep]
|upkeep
|turn|5
|-message|VenuDaAscoInRain forfeited.
|
|win|zzsachi
