|j|☆11DiamondsaurVGC
|j|☆Eagleknight
|html|11DiamondsaurVGCEagleknight    
|uhtml|bestof|Game 1 of a best-of-3
|t:|1757705779
|gametype|doubles
|player|p1|11DiamondsaurVGC|skier|1146
|player|p2|Eagleknight|hilbert|1168
|gen|9
|tier|[Gen 9] VGC 2025 Reg H (Bo3)
|rated|
|rule|Species Clause: Limit one of each Pokémon
|rule|Item Clause: Limit 1 of each item
|clearpoke
|poke|p1|Bellibolt, L50, F|
|poke|p1|Dusknoir, L50, F|
|poke|p1|Torkoal, L50, M|
|poke|p1|Ursaluna-Bloodmoon, L50, M|
|poke|p1|Farigiraf, L50, M|
|poke|p1|Annihilape, L50, M|
|poke|p2|Typhlosion-Hisui, L50, M|
|poke|p2|Whimsicott, L50, F|
|poke|p2|Rillaboom, L50, M|
|poke|p2|Sneasler, L50, F|
|poke|p2|Electabuzz, L50, M|
|poke|p2|Ursaluna-Bloodmoon, L50, M|
|teampreview|4
|showteam|p1|Bellibolt||WeaknessPolicy|Electromorphosis|Discharge,ElectricTerrain,Thunderbolt,Protect|||F|||50|,,,,,Electric]Dusknoir||SafetyGoggles|Frisk|TrickRoom,Haze,Earthquake,Protect|||F|||50|,,,,,Water]Torkoal||ChoiceSpecs|Drought|Eruption,WeatherBall,EarthPower,Flamethrower|||M|||50|,,,,,Fire]Ursaluna-Bloodmoon||LifeOrb|MindsEye|HyperVoice,BloodMoon,EarthPower,Protect|||M|||50|,,,,,Normal]Farigiraf||MentalHerb|ArmorTail|HyperVoice,TrickRoom,Imprison,Protect|||M|||50|,,,,,Water]Annihilape||ChoiceScarf|VitalSpirit|CloseCombat,FinalGambit,ShadowClaw,Uturn|||M|||50|,,,,,Fire
|showteam|p2|Typhlosion-Hisui||Charcoal|Blaze|Eruption,Overheat,ShadowBall,Protect|||M|||50|,,,,,Fire]Whimsicott||CovertCloak|Prankster|Moonblast,SunnyDay,Tailwind,Encore|||F|||50|,,,,,Water]Rillaboom||AssaultVest|GrassySurge|WoodHammer,GrassyGlide,Uturn,FakeOut|||M|||50|,,,,,Fire]Sneasler||GrassySeed|Unburden|DireClaw,CloseCombat,ThroatChop,Protect|||F|||50|,,,,,Dark]Electabuzz||Eviolite|Static|Electroweb,FollowMe,Taunt,Protect|||M|||50|,,,,,Dragon]Ursaluna-Bloodmoon||LifeOrb|MindsEye|BloodMoon,HyperVoice,EarthPower,Protect|||M|||50|,,,,,Normal
|inactive|Battle timer is ON: inactive players will automatically lose when time's up. (requested by 11DiamondsaurVGC)
|inactive|Eagleknight has 60 seconds left.
|
|t:|1757705810
|teamsize|p1|4
|teamsize|p2|4
|start
|switch|p1a: Jefferson|Farigiraf, L50, M|100/100
|switch|p1b: Max|Annihilape, L50, M|100/100
|switch|p2a: Typhlosion|Typhlosion-Hisui, L50, M|100/100
|switch|p2b: Ursaluna|Ursaluna-Bloodmoon, L50, M|100/100
|turn|1
|inactive|Eagleknight has 30 seconds left.
|inactive|Eagleknight has 20 seconds left.
|
|t:|1757705849
|move|p1a: Jefferson|Protect|p1a: Jefferson
|-singleturn|p1a: Jefferson|Protect
|move|p1b: Max|Shadow Claw|p2a: Typhlosion
|-supereffective|p2a: Typhlosion
|-damage|p2a: Typhlosion|20/100
|move|p2a: Typhlosion|Eruption|p1b: Max|[spread] p1b
|-activate|p1a: Jefferson|move: Protect
|-damage|p1b: Max|81/100
|move|p2b: Ursaluna|Blood Moon|p1a: Jefferson
|-activate|p1a: Jefferson|move: Protect
|
|upkeep
|turn|2
|
|t:|1757705869
|switch|p1b: Skoliosis|Ursaluna-Bloodmoon, L50, M|100/100
|-terastallize|p2b: Ursaluna|Normal
|-terastallize|p1a: Jefferson|Water
|move|p2a: Typhlosion|Protect|p2a: Typhlosion
|-singleturn|p2a: Typhlosion|Protect
|move|p2b: Ursaluna|Hyper Voice|p1a: Jefferson|[spread] p1a,p1b
|-damage|p1a: Jefferson|45/100
|-damage|p1b: Skoliosis|25/100
|-damage|p2b: Ursaluna|91/100|[from] item: Life Orb
|move|p1a: Jefferson|Trick Room|p1a: Jefferson
|-fieldstart|move: Trick Room|[of] p1a: Jefferson
|
|upkeep
|turn|3
|
|t:|1757705891
|move|p1a: Jefferson|Protect|p1a: Jefferson
|-singleturn|p1a: Jefferson|Protect
|move|p1b: Skoliosis|Hyper Voice|p2a: Typhlosion|[spread] p2a,p2b
|-damage|p2a: Typhlosion|0 fnt
|-damage|p2b: Ursaluna|27/100
|faint|p2a: Typhlosion
|-damage|p1b: Skoliosis|15/100|[from] item: Life Orb
|move|p2b: Ursaluna|Hyper Voice|p1a: Jefferson|[spread] p1b
|-activate|p1a: Jefferson|move: Protect
|-damage|p1b: Skoliosis|0 fnt
|faint|p1b: Skoliosis
|-damage|p2b: Ursaluna|17/100|[from] item: Life Orb
|
|upkeep
|
|t:|1757705905
|switch|p1b: GloblWarming|Torkoal, L50, M|100/100
|switch|p2a: Rillaboom|Rillaboom, L50, M|100/100
|-weather|SunnyDay|[from] ability: Drought|[of] p1b: GloblWarming
|-fieldstart|move: Grassy Terrain|[from] ability: Grassy Surge|[of] p2a: Rillaboom
|turn|4
|
|t:|1757705921
|move|p2b: Ursaluna|Protect|p2b: Ursaluna
|-singleturn|p2b: Ursaluna|Protect
|move|p1b: GloblWarming|Eruption|p2b: Ursaluna|[spread] p2a
|-activate|p2b: Ursaluna|move: Protect
|-supereffective|p2a: Rillaboom
|-damage|p2a: Rillaboom|0 fnt
|faint|p2a: Rillaboom
|move|p1a: Jefferson|Imprison|p1a: Jefferson
|-start|p1a: Jefferson|move: Imprison
|
|-weather|SunnyDay|[upkeep]
|-heal|p1a: Jefferson|52/100|[from] Grassy Terrain
|-heal|p2b: Ursaluna|23/100|[from] Grassy Terrain
|upkeep
|
|t:|1757705932
|switch|p2a: Sneasler|Sneasler, L50, F|100/100
|-enditem|p2a: Sneasler|Grassy Seed
|-boost|p2a: Sneasler|def|1|[from] item: Grassy Seed
|turn|5
|-message|Eagleknight forfeited.
|
|win|11DiamondsaurVGC
||Eagleknight is ready for game 2.
||11DiamondsaurVGC is ready for game 2.
|uhtml|next|Next: Game 2 of 3
