|j|☆Poopoo2
|j|☆bighamsterbaseball
|html|Poopoo2bighamsterbaseball    
|uhtml|bestof|Game 2 of a best-of-3
|t:|1783562488
|gametype|doubles
|player|p1|Poopoo2|unknown|1054
|player|p2|bighamsterbaseball|pokemaniac|1110
|gen|9
|tier|[Gen 9 Champions] VGC 2026 Reg M-B (Bo3)
|rated|
|rule|Species Clause: Limit one of each Pokémon
|rule|Item Clause: Limit 1 of each item
|clearpoke
|poke|p1|Garchomp, L50, M|
|poke|p1|Whimsicott, L50, F, shiny|
|poke|p1|Mamoswine, L50, M|
|poke|p1|Meganium, L50, M|
|poke|p1|Farigiraf, L50, F|
|poke|p1|Blaziken, L50, M|
|poke|p2|Pyroar, L50, F|
|poke|p2|Scrafty, L50, F|
|poke|p2|Torkoal, L50, M|
|poke|p2|Farigiraf, L50, F|
|poke|p2|Venusaur, L50, F|
|poke|p2|Mamoswine, L50, M|
|teampreview|4
|showteam|p1|Garchomp||LifeOrb|RoughSkin|DragonClaw,StompingTantrum,Earthquake,RockSlide|Adamant||M|||50|]Whimsicott||FocusSash|Prankster|Taunt,Tailwind,Moonblast,Encore|Timid||F|||50|]Mamoswine||ExpertBelt|Oblivious|RockSlide,HighHorsepower,IceShard,IcicleSpear|Adamant||M|||50|]Meganium||Meganiumite|Overgrow|SolarBeam,DazzlingGleam,WeatherBall,Protect|Modest||M|||50|]Farigiraf||SitrusBerry|ArmorTail|TwinBeam,Roar,HyperVoice,HelpingHand|Bold||F|||50|]Blaziken||Blazikenite|SpeedBoost|FlareBlitz,CloseCombat,Detect,RockSlide|Adamant||M|||50|
|showteam|p2|Pyroar||Pyroarite|Unnerve|HeatWave,Overheat,Yawn,Protect|Timid||F|||50|]Scrafty||Scraftinite|Intimidate|FakeOut,DrainPunch,KnockOff,IcePunch|Adamant||F|||50|]Torkoal||HeatRock|Drought|Eruption,WeatherBall,HelpingHand,Protect|Quiet||M|||50|]Farigiraf||SitrusBerry|ArmorTail|Psychic,Thunderbolt,TrickRoom,Protect|Quiet||F|||50|]Venusaur||LifeOrb|Chlorophyll|LeafStorm,SludgeBomb,EarthPower,Protect|Modest||F|||50|]Mamoswine||FocusSash|Oblivious|IceShard,HighHorsepower,RockSlide,Protect|Adamant||M|||50|
|inactive|Battle timer is ON: inactive players will automatically lose when time's up. (requested by Poopoo2)
|inactive|bighamsterbaseball has 60 seconds left.
|inactive|bighamsterbaseball has 30 seconds left.
|
|t:|1783562585
|teamsize|p1|4
|teamsize|p2|4
|start
|switch|p1a: Blaziken|Blaziken, L50, M|100/100
|switch|p1b: Farigiraf|Farigiraf, L50, F|100/100
|switch|p2a: Venusaur|Venusaur, L50, F|100/100
|switch|p2b: Farigiraf|Farigiraf, L50, F|100/100
|turn|1
|
|t:|1783562607
|detailschange|p1a: Blaziken|Blaziken-Mega, L50, M
|-mega|p1a: Blaziken|Blaziken|Blazikenite
|move|p1a: Blaziken|Detect|p1a: Blaziken
|-singleturn|p1a: Blaziken|Protect
|move|p2a: Venusaur|Leaf Storm|p1b: Farigiraf
|-damage|p1b: Farigiraf|30/100
|-unboost|p2a: Venusaur|spa|2
|-enditem|p1b: Farigiraf|Sitrus Berry|[eat]
|-heal|p1b: Farigiraf|55/100|[from] item: Sitrus Berry
|-damage|p2a: Venusaur|90/100|[from] item: Life Orb
|move|p1b: Farigiraf|Twin Beam|p2a: Venusaur
|-supereffective|p2a: Venusaur|1
|-damage|p2a: Venusaur|55/100
|-supereffective|p2a: Venusaur|1
|-damage|p2a: Venusaur|20/100y
|-hitcount|p2a: Venusaur|2
|move|p2b: Farigiraf|Psychic|p1a: Blaziken
|-activate|p1a: Blaziken|move: Protect
|
|-ability|p1a: Blaziken|Speed Boost|boost
|-boost|p1a: Blaziken|spe|1
|upkeep
|turn|2
|
|t:|1783562630
|switch|p1a: Whimsicott|Whimsicott, L50, F, shiny|100/100
|move|p2a: Venusaur|Protect|p2a: Venusaur
|-singleturn|p2a: Venusaur|Protect
|move|p1b: Farigiraf|Hyper Voice|p2a: Venusaur|[spread] p2b
|-activate|p2a: Venusaur|move: Protect
|-damage|p2b: Farigiraf|77/100
|move|p2b: Farigiraf|Trick Room|p2b: Farigiraf
|-fieldstart|move: Trick Room|[of] p2b: Farigiraf
|
|upkeep
|turn|3
|inactive|Poopoo2 has 30 seconds left.
|inactive|bighamsterbaseball has 30 seconds left.
|
|t:|1783562661
|switch|p2a: Torkoal|Torkoal, L50, M|100/100
|-weather|SunnyDay|[from] ability: Drought|[of] p2a: Torkoal
|move|p2b: Farigiraf|Psychic|p1a: Whimsicott
|-damage|p1a: Whimsicott|35/100
|move|p1b: Farigiraf|Hyper Voice|p2b: Farigiraf|[spread] p2a,p2b
|-damage|p2a: Torkoal|67/100
|-damage|p2b: Farigiraf|51/100
|move|p1a: Whimsicott|Moonblast|p2b: Farigiraf
|-damage|p2b: Farigiraf|18/100
|-enditem|p2b: Farigiraf|Sitrus Berry|[eat]
|-heal|p2b: Farigiraf|42/100|[from] item: Sitrus Berry
|
|-weather|SunnyDay|[upkeep]
|upkeep
|turn|4
|
|t:|1783562682
|move|p2a: Torkoal|Eruption|p1b: Farigiraf|[spread] p1a,p1b
|-supereffective|p1a: Whimsicott|1
|-damage|p1a: Whimsicott|0 fnt
|-damage|p1b: Farigiraf|15/100
|faint|p1a: Whimsicott
|move|p2b: Farigiraf|Thunderbolt|p1b: Farigiraf
|-damage|p1b: Farigiraf|0 fnt
|faint|p1b: Farigiraf
|
|-weather|SunnyDay|[upkeep]
|upkeep
|
|t:|1783562686
|switch|p1b: Garchomp|Garchomp, L50, M|100/100
|switch|p1a: Blaziken|Blaziken-Mega, L50, M|100/100
|turn|5
|inactive|bighamsterbaseball has 30 seconds left.
|
|t:|1783562717
|move|p2b: Farigiraf|Protect|p2b: Farigiraf
|-singleturn|p2b: Farigiraf|Protect
|move|p1a: Blaziken|Detect|p1a: Blaziken
|-singleturn|p1a: Blaziken|Protect
|move|p2a: Torkoal|Weather Ball|p1a: Blaziken
|-activate|p1a: Blaziken|move: Protect
|move|p1b: Garchomp|Earthquake|p2a: Torkoal|[spread] p2a
|-activate|p1a: Blaziken|move: Protect
|-activate|p2b: Farigiraf|move: Protect
|-supereffective|p2a: Torkoal|1
|-damage|p2a: Torkoal|0 fnt
|faint|p2a: Torkoal
|-damage|p1b: Garchomp|90/100|[from] item: Life Orb
|
|-weather|SunnyDay|[upkeep]
|-ability|p1a: Blaziken|Speed Boost|boost
|-boost|p1a: Blaziken|spe|1
|upkeep
|
|t:|1783562723
|switch|p2a: Mamoswine|Mamoswine, L50, M|100/100
|turn|6
|
|t:|1783562735
|move|p1a: Blaziken|Detect||[still]
|-fail|p1a: Blaziken
|move|p2a: Mamoswine|Ice Shard|p1b: Garchomp
|-supereffective|p1b: Garchomp|2
|-damage|p1b: Garchomp|0 fnt
|faint|p1b: Garchomp
|move|p2b: Farigiraf|Psychic|p1a: Blaziken
|-supereffective|p1a: Blaziken|1
|-damage|p1a: Blaziken|0 fnt
|faint|p1a: Blaziken
|
|win|bighamsterbaseball
|raw|Poopoo2's rating: 1054 → 1039(-15 for losing)
|raw|bighamsterbaseball's rating: 1110 → 1131(+21 for winning)
