|j|☆nod-korai
|j|☆natsukivgc
|html|nod-korainatsukivgc    
|uhtml|bestof|Game 1 of a best-of-3
|t:|1786023282
|gametype|doubles
|player|p1|nod-korai|170|1213
|player|p2|natsukivgc|101|1221
|gen|9
|tier|[Gen 9 Champions] VGC 2026 Reg M-B (Bo3)
|rated|
|rule|Species Clause: Limit one of each Pokémon
|rule|Item Clause: Limit 1 of each item
|clearpoke
|poke|p1|Floette-Eternal, L50, F|
|poke|p1|Sneasler, L50, F|
|poke|p1|Incineroar, L50, F|
|poke|p1|Basculegion, L50, M|
|poke|p1|Sinistcha, L50|
|poke|p1|Kingambit, L50, F|
|poke|p2|Garchomp, L50, F|
|poke|p2|Venusaur, L50, F|
|poke|p2|Incineroar, L50, M|
|poke|p2|Charizard, L50, F|
|poke|p2|Toxapex, L50, F|
|poke|p2|Annihilape, L50, M|
|teampreview|4
|showteam|p1|Floette-Eternal||Floettite|FlowerVeil|Moonblast,DazzlingGleam,CalmMind,Protect|Modest||F|||50|]Sneasler||FocusSash|Unburden|DireClaw,CloseCombat,FakeOut,Protect|Jolly||F|||50|]Incineroar||ChopleBerry|Intimidate|FakeOut,FlareBlitz,ThroatChop,PartingShot|Impish||F|||50|]Basculegion||ChoiceScarf|Adaptability|LastRespects,WaveCrash,AquaJet,FlipTurn|Jolly||M|||50|]Sinistcha||SitrusBerry|Hospitality|MatchaGotcha,LifeDew,RagePowder,Protect|Bold|||||50|]Kingambit||BlackGlasses|Defiant|KowtowCleave,SuckerPunch,SwordsDance,Protect|Adamant||F|||50|
|showteam|p2|Garchomp||ChoiceScarf|RoughSkin|Earthquake,DragonClaw,StompingTantrum,RockSlide|Adamant||F|||50|]Venusaur||LifeOrb|Chlorophyll|SolarBeam,SludgeBomb,EarthPower,Protect|Modest||F|||50|]Incineroar||SitrusBerry|Intimidate|FlareBlitz,ThroatChop,FakeOut,PartingShot|Impish||M|||50|]Charizard||CharizarditeY|Blaze|HeatWave,WeatherBall,Protect,SolarBeam|Modest||F|||50|]Toxapex||Leftovers|Regenerator|Infestation,Toxic,WideGuard,BanefulBunker|Bold||F|||50|]Annihilape||FocusSash|Defiant|CloseCombat,PhantomForce,RockTomb,Protect|Jolly||M|||50|
|inactive|Battle timer is ON: inactive players will automatically lose when time's up. (requested by nod-korai)
|c|☆nod-korai|Glhf
|c|☆natsukivgc|glhf
|inactive|nod-korai has 60 seconds left.
|inactive|natsukivgc has 60 seconds left.
|inactive|natsukivgc has 30 seconds left.
|
|t:|1786023344
|teamsize|p1|4
|teamsize|p2|4
|start
|switch|p1a: Angélica|Floette-Eternal, L50, F|100/100
|switch|p1b: Glicktten|Incineroar, L50, F|100/100
|switch|p2a: Charizard|Charizard, L50, F|100/100
|switch|p2b: Toxapex|Toxapex, L50, F|100/100
|-ability|p1b: Glicktten|Intimidate|boost
|-unboost|p2a: Charizard|atk|1
|-unboost|p2b: Toxapex|atk|1
|turn|1
|inactive|natsukivgc has 30 seconds left.
|
|t:|1786023373
|detailschange|p2a: Charizard|Charizard-Mega-Y, L50, F
|-mega|p2a: Charizard|Charizard|Charizardite Y
|-weather|SunnyDay|[from] ability: Drought|[of] p2a: Charizard
|detailschange|p1a: Angélica|Floette-Mega, L50, F
|-mega|p1a: Angélica|Floette|Floettite
|-ability|p1a: Angélica|Fairy Aura
|move|p1b: Glicktten|Fake Out|p2a: Charizard
|-damage|p2a: Charizard|89/100
|cant|p2a: Charizard|flinch
|move|p1a: Angélica|Calm Mind|p1a: Angélica
|-boost|p1a: Angélica|spa|1
|-boost|p1a: Angélica|spd|1
|move|p2b: Toxapex|Infestation|p1a: Angélica
|-resisted|p1a: Angélica|1
|-damage|p1a: Angélica|99/100
|-activate|p1a: Angélica|move: Infestation|[of] p2b: Toxapex
|
|-weather|SunnyDay|[upkeep]
|-damage|p1a: Angélica|87/100|[from] move: Infestation|[partiallytrapped]
|upkeep
|turn|2
|inactive|natsukivgc has 30 seconds left.
|inactive|natsukivgc has 20 seconds left.
|inactive|natsukivgc has 15 seconds left.
|
|t:|1786023415
|move|p1a: Angélica|Protect|p1a: Angélica
|-singleturn|p1a: Angélica|Protect
|move|p2a: Charizard|Weather Ball|p1a: Angélica
|-activate|p1a: Angélica|move: Protect
|move|p1b: Glicktten|Parting Shot|p2a: Charizard
|-unboost|p2a: Charizard|atk|1
|-unboost|p2a: Charizard|spa|1
|
|t:|1786023422
|switch|p1b: Stygian|Sneasler, L50, F|100/100|[from] Parting Shot
|move|p2b: Toxapex|Toxic|p1a: Angélica
|-activate|p1a: Angélica|move: Protect
|
|-weather|SunnyDay|[upkeep]
|-damage|p1a: Angélica|75/100|[from] move: Infestation|[partiallytrapped]
|upkeep
|turn|3
|
|t:|1786023443
|switch|p2a: Incineroar|Incineroar, L50, M|100/100
|-ability|p2a: Incineroar|Intimidate|boost
|-unboost|p1a: Angélica|atk|1
|-unboost|p1b: Stygian|atk|1
|move|p1b: Stygian|Fake Out|p2b: Toxapex
|-damage|p2b: Toxapex|93/100
|move|p1a: Angélica|Moonblast|p2a: Incineroar
|-damage|p2a: Incineroar|7/100
|-enditem|p2a: Incineroar|Sitrus Berry|[eat]
|-heal|p2a: Incineroar|32/100|[from] item: Sitrus Berry
|cant|p2b: Toxapex|flinch
|
|-weather|SunnyDay|[upkeep]
|-heal|p2b: Toxapex|99/100|[from] item: Leftovers
|-damage|p1a: Angélica|62/100|[from] move: Infestation|[partiallytrapped]
|upkeep
|turn|4
|
|t:|1786023463
|switch|p1b: Glicktten|Incineroar, L50, F|100/100
|-ability|p1b: Glicktten|Intimidate|boost
|-unboost|p2a: Incineroar|atk|1
|-unboost|p2b: Toxapex|atk|1
|move|p1a: Angélica|Protect|p1a: Angélica
|-singleturn|p1a: Angélica|Protect
|move|p2a: Incineroar|Fake Out|p1b: Glicktten
|-damage|p1b: Glicktten|94/100
|move|p2b: Toxapex|Toxic|p1a: Angélica
|-activate|p1a: Angélica|move: Protect
|
|-weather|SunnyDay|[upkeep]
|-heal|p2b: Toxapex|100/100|[from] item: Leftovers
|-damage|p1a: Angélica|50/100g|[from] move: Infestation|[partiallytrapped]
|upkeep
|turn|5
|
|t:|1786023487
|move|p2b: Toxapex|Baneful Bunker|p2b: Toxapex
|-singleturn|p2b: Toxapex|move: Protect
|move|p1b: Glicktten|Fake Out|p2b: Toxapex
|-activate|p2b: Toxapex|move: Protect
|-status|p1b: Glicktten|psn
|move|p1a: Angélica|Dazzling Gleam|p2a: Incineroar|[spread] p2a
|-activate|p2b: Toxapex|move: Protect
|-damage|p2a: Incineroar|0 fnt
|faint|p2a: Incineroar
|
|-weather|none
|-damage|p1b: Glicktten|81/100 psn|[from] psn
|-end|p1a: Angélica|Infestation|[partiallytrapped]
|upkeep
|
|t:|1786023512
|switch|p2a: Charizard|Charizard-Mega-Y, L50, F|89/100
|-weather|SunnyDay|[from] ability: Drought|[of] p2a: Charizard
|turn|6
|
|t:|1786023522
|move|p1a: Angélica|Protect|p1a: Angélica
|-singleturn|p1a: Angélica|Protect
|move|p2a: Charizard|Weather Ball|p1b: Glicktten
|-resisted|p1b: Glicktten|1
|-damage|p1b: Glicktten|47/100 psn
|move|p1b: Glicktten|Parting Shot|p2a: Charizard
|-unboost|p2a: Charizard|atk|1
|-unboost|p2a: Charizard|spa|1
|
|t:|1786023528
|switch|p1b: Stygian|Sneasler, L50, F|100/100|[from] Parting Shot
|move|p2b: Toxapex|Toxic|p1a: Angélica
|-activate|p1a: Angélica|move: Protect
|
|-weather|SunnyDay|[upkeep]
|upkeep
|turn|7
|
|t:|1786023549
|move|p2a: Charizard|Protect|p2a: Charizard
|-singleturn|p2a: Charizard|Protect
|move|p2b: Toxapex|Baneful Bunker|p2b: Toxapex
|-singleturn|p2b: Toxapex|move: Protect
|move|p1b: Stygian|Fake Out|p2b: Toxapex
|-activate|p2b: Toxapex|move: Protect
|move|p1a: Angélica|Moonblast|p2a: Charizard
|-activate|p2a: Charizard|move: Protect
|
|-weather|SunnyDay|[upkeep]
|upkeep
|turn|8
|inactive|natsukivgc has 30 seconds left.
|
|t:|1786023575
|move|p1b: Stygian|Dire Claw|p2a: Charizard
|-damage|p2a: Charizard|52/100
|-status|p2a: Charizard|par
|move|p1a: Angélica|Dazzling Gleam|p2a: Charizard|[spread] p2a,p2b
|-resisted|p2a: Charizard|1
|-resisted|p2b: Toxapex|1
|-damage|p2a: Charizard|24/100 par
|-damage|p2b: Toxapex|74/100
|move|p2a: Charizard|Weather Ball|p1a: Angélica
|-damage|p1a: Angélica|22/100
|move|p2b: Toxapex|Toxic|p1b: Stygian
|-immune|p1b: Stygian
|
|-weather|SunnyDay|[upkeep]
|-heal|p2b: Toxapex|80/100|[from] item: Leftovers
|upkeep
|turn|9
|
|t:|1786023595
|move|p2a: Charizard|Protect|p2a: Charizard
|-singleturn|p2a: Charizard|Protect
|move|p1b: Stygian|Dire Claw|p2a: Charizard
|-activate|p2a: Charizard|move: Protect
|move|p1a: Angélica|Moonblast|p2b: Toxapex
|-resisted|p2b: Toxapex|1
|-damage|p2b: Toxapex|41/100
|move|p2b: Toxapex|Toxic|p1a: Angélica
|-status|p1a: Angélica|tox
|
|-weather|SunnyDay|[upkeep]
|-heal|p2b: Toxapex|47/100|[from] item: Leftovers
|-damage|p1a: Angélica|16/100 tox|[from] psn
|upkeep
|turn|10
|inactive|natsukivgc has 30 seconds left.
|inactive|natsukivgc has 20 seconds left.
|
|t:|1786023634
|move|p1b: Stygian|Dire Claw|p2a: Charizard
|-damage|p2a: Charizard|0 fnt
|faint|p2a: Charizard
|move|p1a: Angélica|Moonblast|p2b: Toxapex
|-resisted|p2b: Toxapex|1
|-crit|p2b: Toxapex
|-damage|p2b: Toxapex|0 fnt
|faint|p2b: Toxapex
|
|-weather|none
|-damage|p1a: Angélica|3/100 tox|[from] psn
|upkeep
|-message|natsukivgc forfeited.
|
|win|nod-korai
