|j|☆krscrossapplesauce
|j|☆robby w
|html|krscrossapplesaucerobby w    
|uhtml|bestof|Game 3 of a best-of-3
|t:|1756578046
|gametype|doubles
|player|p1|krscrossapplesauce|green|1294
|player|p2|robby w|pokekid|1321
|gen|9
|tier|[Gen 9] VGC 2025 Reg H (Bo3)
|rated|
|rule|Species Clause: Limit one of each Pokémon
|rule|Item Clause: Limit 1 of each item
|clearpoke
|poke|p1|Sneasler, L50, F|
|poke|p1|Kingambit, L50, M|
|poke|p1|Dondozo, L50, F|
|poke|p1|Rillaboom, L50, M|
|poke|p1|Volcarona, L50, F|
|poke|p1|Electabuzz, L50, M|
|poke|p2|Dondozo, L50, M|
|poke|p2|Tatsugiri, L50, M|
|poke|p2|Sneasler, L50, F|
|poke|p2|Indeedee, L50, M|
|poke|p2|Annihilape, L50, F|
|poke|p2|Gholdengo, L50|
|teampreview|4
|showteam|p1|Sneasler||FocusSash|PoisonTouch|FakeOut,DireClaw,CloseCombat,Protect|||F|||50|,,,,,Dark]Kingambit||BlackGlasses|Defiant|KowtowCleave,SuckerPunch,SwordsDance,Protect|||M|||50|,,,,,Dark]Dondozo||Leftovers|Unaware|WaveCrash,Yawn,Fissure,Protect|||F|||50|,,,,,Steel]Rillaboom||AssaultVest|GrassySurge|FakeOut,WoodHammer,GrassyGlide,HighHorsepower|||M|||50|,,,,,Fire]Volcarona||CovertCloak|FlameBody|HeatWave,QuiverDance,TeraBlast,Protect|||F|||50|,,,,,Fairy]Electabuzz||Eviolite|VitalSpirit|Thunderbolt,FollowMe,Taunt,Protect|||M|||50|,,,,,Ghost
|showteam|p2|Dondozo||Leftovers|Unaware|Protect,WaveCrash,Earthquake,OrderUp|||M|||50|,,,,,Grass]Tatsugiri||ChoiceScarf|Commander|DragonPulse,IcyWind,DracoMeteor,MuddyWater|||M|||50|,,,,,Stellar]Sneasler||PsychicSeed|Unburden|DireClaw,CloseCombat,Protect,ThroatChop|||F|||50|,,,,,Dark]Indeedee||FocusSash|PsychicSurge|DazzlingGleam,HelpingHand,ExpandingForce,Protect|||M|||50|,,,,,Fairy]Annihilape||SafetyGoggles|Defiant|CloseCombat,RageFist,Protect,Taunt|||F|||50|,,,,,Fighting]Gholdengo||LifeOrb|GoodasGold|MakeItRain,Protect,NastyPlot,ShadowBall||||||50|,,,,,Fire
|
|t:|1756578079
|teamsize|p1|4
|teamsize|p2|4
|start
|switch|p1a: Sneasler|Sneasler, L50, F|100/100
|switch|p1b: Dondozo|Dondozo, L50, F|100/100
|switch|p2a: Sneasler|Sneasler, L50, F|100/100
|switch|p2b: Indeedee|Indeedee, L50, M|100/100
|-fieldstart|move: Psychic Terrain|[from] ability: Psychic Surge|[of] p2b: Indeedee
|-enditem|p2a: Sneasler|Psychic Seed
|-boost|p2a: Sneasler|spd|1|[from] item: Psychic Seed
|turn|1
|
|t:|1756578112
|switch|p1b: Rillaboom|Rillaboom, L50, M|100/100
|-fieldstart|move: Grassy Terrain|[from] ability: Grassy Surge|[of] p1b: Rillaboom
|move|p1a: Sneasler|Fake Out|p2a: Sneasler
|-damage|p2a: Sneasler|75/100
|cant|p2a: Sneasler|flinch
|move|p2b: Indeedee|Dazzling Gleam|p1b: Rillaboom|[spread] p1a,p1b
|-damage|p1a: Sneasler|75/100
|-damage|p1b: Rillaboom|86/100
|
|-heal|p2a: Sneasler|81/100|[from] Grassy Terrain
|-heal|p1a: Sneasler|81/100|[from] Grassy Terrain
|-heal|p1b: Rillaboom|92/100|[from] Grassy Terrain
|upkeep
|turn|2
|
|t:|1756578142
|switch|p1a: Electabuzz|Electabuzz, L50, M|100/100
|move|p2a: Sneasler|Protect|p2a: Sneasler
|-singleturn|p2a: Sneasler|Protect
|move|p2b: Indeedee|Protect|p2b: Indeedee
|-singleturn|p2b: Indeedee|Protect
|move|p1b: Rillaboom|Fake Out|p2a: Sneasler
|-activate|p2a: Sneasler|move: Protect
|
|-heal|p2a: Sneasler|87/100|[from] Grassy Terrain
|-heal|p1b: Rillaboom|98/100|[from] Grassy Terrain
|upkeep
|turn|3
|
|t:|1756578160
|switch|p2b: Tatsugiri|Tatsugiri, L50, M|100/100
|move|p1a: Electabuzz|Follow Me|p1a: Electabuzz
|-singleturn|p1a: Electabuzz|move: Follow Me
|move|p2a: Sneasler|Dire Claw|p1a: Electabuzz
|-damage|p1a: Electabuzz|69/100
|move|p1b: Rillaboom|Wood Hammer|p2b: Tatsugiri
|-damage|p2b: Tatsugiri|0 fnt
|faint|p2b: Tatsugiri
|-damage|p1b: Rillaboom|75/100|[from] Recoil
|
|-heal|p2a: Sneasler|93/100|[from] Grassy Terrain
|-heal|p1b: Rillaboom|81/100|[from] Grassy Terrain
|-heal|p1a: Electabuzz|75/100|[from] Grassy Terrain
|upkeep
|
|t:|1756578177
|switch|p2b: Indeedee|Indeedee, L50, M|100/100
|-fieldstart|move: Psychic Terrain|[from] ability: Psychic Surge|[of] p2b: Indeedee
|turn|4
|
|t:|1756578196
|switch|p1b: Sneasler|Sneasler, L50, F|81/100
|move|p1a: Electabuzz|Protect|p1a: Electabuzz
|-singleturn|p1a: Electabuzz|Protect
|move|p2a: Sneasler|Dire Claw|p1b: Sneasler
|-resisted|p1b: Sneasler
|-damage|p1b: Sneasler|40/100
|move|p2b: Indeedee|Expanding Force|p1b: Sneasler|[spread] p1b
|-activate|p1a: Electabuzz|move: Protect
|-supereffective|p1b: Sneasler
|-damage|p1b: Sneasler|0 fnt
|faint|p1b: Sneasler
|
|upkeep
|
|t:|1756578205
|switch|p1b: Rillaboom|Rillaboom, L50, M|81/100
|-fieldstart|move: Grassy Terrain|[from] ability: Grassy Surge|[of] p1b: Rillaboom
|turn|5
|
|t:|1756578215
|switch|p2b: Dondozo|Dondozo, L50, M, shiny|100/100
|move|p2a: Sneasler|Protect|p2a: Sneasler
|-singleturn|p2a: Sneasler|Protect
|move|p1a: Electabuzz|Follow Me|p1a: Electabuzz
|-singleturn|p1a: Electabuzz|move: Follow Me
|move|p1b: Rillaboom|High Horsepower|p2a: Sneasler
|-activate|p2a: Sneasler|move: Protect
|
|-heal|p2a: Sneasler|99/100|[from] Grassy Terrain
|-heal|p1b: Rillaboom|87/100|[from] Grassy Terrain
|-heal|p1a: Electabuzz|81/100|[from] Grassy Terrain
|upkeep
|turn|6
|
|t:|1756578247
|move|p1a: Electabuzz|Follow Me|p1a: Electabuzz
|-singleturn|p1a: Electabuzz|move: Follow Me
|move|p2a: Sneasler|Dire Claw|p1a: Electabuzz
|-damage|p1a: Electabuzz|46/100
|move|p1b: Rillaboom|High Horsepower|p2a: Sneasler
|-supereffective|p2a: Sneasler
|-damage|p2a: Sneasler|0 fnt
|faint|p2a: Sneasler
|move|p2b: Dondozo|Order Up|p1a: Electabuzz
|-damage|p1a: Electabuzz|26/100
|
|-heal|p1b: Rillaboom|93/100|[from] Grassy Terrain
|-heal|p1a: Electabuzz|32/100|[from] Grassy Terrain
|upkeep
|
|t:|1756578260
|switch|p2a: Indeedee|Indeedee, L50, M|100/100
|-fieldstart|move: Psychic Terrain|[from] ability: Psychic Surge|[of] p2a: Indeedee
|turn|7
|
|t:|1756578282
|switch|p1b: Dondozo|Dondozo, L50, F|100/100
|move|p2a: Indeedee|Protect|p2a: Indeedee
|-singleturn|p2a: Indeedee|Protect
|move|p1a: Electabuzz|Protect|p1a: Electabuzz
|-singleturn|p1a: Electabuzz|Protect
|move|p2b: Dondozo|Earthquake|p1b: Dondozo|[spread] p1b
|-activate|p2a: Indeedee|move: Protect
|-activate|p1a: Electabuzz|move: Protect
|-damage|p1b: Dondozo|86/100
|
|-heal|p1b: Dondozo|93/100|[from] item: Leftovers
|upkeep
|turn|8
|
|t:|1756578310
|switch|p1a: Rillaboom|Rillaboom, L50, M|93/100
|-fieldstart|move: Grassy Terrain|[from] ability: Grassy Surge|[of] p1a: Rillaboom
|move|p2a: Indeedee|Dazzling Gleam|p1a: Rillaboom|[spread] p1a,p1b
|-damage|p1a: Rillaboom|79/100
|-damage|p1b: Dondozo|78/100
|move|p2b: Dondozo|Wave Crash|p1a: Rillaboom
|-resisted|p1a: Rillaboom
|-damage|p1a: Rillaboom|49/100
|-damage|p2b: Dondozo|92/100|[from] Recoil
|move|p1b: Dondozo|Wave Crash|p2a: Indeedee
|-damage|p2a: Indeedee|9/100
|-damage|p1b: Dondozo|61/100|[from] Recoil
|
|-heal|p2a: Indeedee|15/100|[from] Grassy Terrain
|-heal|p1a: Rillaboom|55/100|[from] Grassy Terrain
|-heal|p2b: Dondozo|98/100|[from] Grassy Terrain
|-heal|p2b: Dondozo|100/100|[from] item: Leftovers
|-heal|p1b: Dondozo|67/100|[from] Grassy Terrain
|-heal|p1b: Dondozo|73/100|[from] item: Leftovers
|upkeep
|turn|9
|
|t:|1756578346
|move|p2a: Indeedee|Protect|p2a: Indeedee
|-singleturn|p2a: Indeedee|Protect
|move|p2b: Dondozo|Protect|p2b: Dondozo
|-singleturn|p2b: Dondozo|Protect
|move|p1a: Rillaboom|Fake Out|p2a: Indeedee
|-activate|p2a: Indeedee|move: Protect
|move|p1b: Dondozo|Yawn|p2b: Dondozo
|-activate|p2b: Dondozo|move: Protect
|
|-heal|p2a: Indeedee|21/100|[from] Grassy Terrain
|-heal|p1a: Rillaboom|61/100|[from] Grassy Terrain
|-heal|p1b: Dondozo|79/100|[from] Grassy Terrain
|-heal|p1b: Dondozo|86/100|[from] item: Leftovers
|upkeep
|turn|10
|
|t:|1756578367
|-terastallize|p2b: Dondozo|Grass
|move|p2a: Indeedee|Helping Hand|p2b: Dondozo
|-singleturn|p2b: Dondozo|Helping Hand|[of] p2a: Indeedee
|move|p1a: Rillaboom|Grassy Glide|p2a: Indeedee
|-damage|p2a: Indeedee|0 fnt
|faint|p2a: Indeedee
|move|p2b: Dondozo|Wave Crash|p1b: Dondozo
|-resisted|p1b: Dondozo
|-damage|p1b: Dondozo|63/100
|-damage|p2b: Dondozo|93/100|[from] Recoil
|move|p1b: Dondozo|Yawn|p2b: Dondozo
|-start|p2b: Dondozo|move: Yawn|[of] p1b: Dondozo
|
|-heal|p1a: Rillaboom|67/100|[from] Grassy Terrain
|-heal|p2b: Dondozo|99/100|[from] Grassy Terrain
|-heal|p2b: Dondozo|100/100|[from] item: Leftovers
|-heal|p1b: Dondozo|70/100|[from] Grassy Terrain
|-heal|p1b: Dondozo|76/100|[from] item: Leftovers
|upkeep
|turn|11
|inactive|Battle timer is ON: inactive players will automatically lose when time's up. (requested by krscrossapplesauce)
|-message|robby w forfeited.
|
|win|krscrossapplesauce
|raw|krscrossapplesauce's rating: 1294 → 1321(+27 for winning)
|raw|robby w's rating: 1321 → 1299(-22 for losing)
|l|☆krscrossapplesauce
|player|p1|
