|j|☆bmcqueen
|j|☆Colonelpaco
|html|bmcqueenColonelpaco    
|uhtml|bestof|Game 1 of a best-of-3
|t:|1757811487
|gametype|doubles
|player|p1|bmcqueen|2|
|player|p2|Colonelpaco|worker-gen4|
|gen|9
|tier|[Gen 9] VGC 2025 Reg H (Bo3)
|rule|Species Clause: Limit one of each Pokémon
|rule|Item Clause: Limit 1 of each item
|clearpoke
|poke|p1|Tyranitar, L50, F|
|poke|p1|Excadrill, L50, F|
|poke|p1|Houndstone, L50, M|
|poke|p1|Farigiraf, L50, F|
|poke|p1|Primarina, L50, F|
|poke|p1|Amoonguss, L50, F|
|poke|p2|Sneasler, L50, M|
|poke|p2|Dragapult, L50, M|
|poke|p2|Primarina, L50, F|
|poke|p2|Rillaboom, L50, M|
|poke|p2|Kingambit, L50, F|
|poke|p2|Magmar, L50, F|
|teampreview|4
|showteam|p1|Tyranitar||AssaultVest|SandStream|RockSlide,KnockOff,TeraBlast,LowKick|||F|||50|,,,,,Flying]Excadrill||FocusSash|SandRush|IronHead,HighHorsepower,Earthquake,Protect|||F|||50|,,,,,Ground]Houndstone||LifeOrb|SandRush|LastRespects,BodyPress,WillOWisp,Protect|||M|||50|,,,,,Fighting]Farigiraf||SafetyGoggles|ArmorTail|Psychic,DazzlingGleam,TrickRoom,HelpingHand|||F|||50|,,,,,Fairy]Primarina||ThroatSpray|LiquidVoice|HyperVoice,Moonblast,Haze,Protect|||F|||50|,,,,,Poison]Amoonguss||SitrusBerry|Regenerator|SludgeBomb,Spore,RagePowder,Protect|||F|||50|,,,,,Water
|showteam|p2|Sneasler||FocusSash|Unburden|CloseCombat,DireClaw,FakeOut,Protect|||M|||50|,,,,,Stellar]Dragapult||ChoiceBand|ClearBody|DragonDarts,TeraBlast,PhantomForce,Uturn|||M|||50|,,,,,Ghost]Primarina||ThroatSpray|LiquidVoice|HyperVoice,Moonblast,Haze,Protect|||F|||50|,,,,,Poison]Rillaboom||AssaultVest|GrassySurge|WoodHammer,GrassyGlide,HighHorsepower,FakeOut|||M|||50|,,,,,Fire]Kingambit||BlackGlasses|Defiant|KowtowCleave,SuckerPunch,SwordsDance,Protect|||F|||50|,,,,,Ghost]Magmar||Eviolite|VitalSpirit|Overheat,WillOWisp,FollowMe,Protect|||F|||50|,,,,,Ghost
|inactive|Battle timer is ON: inactive players will automatically lose when time's up. (requested by bmcqueen)
|inactive|Colonelpaco also wants the timer to be on.
|inactive|bmcqueen has 60 seconds left.
|
|t:|1757811527
|teamsize|p1|4
|teamsize|p2|4
|start
|switch|p1a: Tyranitar|Tyranitar, L50, F|100/100
|switch|p1b: Farigiraf|Farigiraf, L50, F|100/100
|switch|p2a: Primarina|Primarina, L50, F|100/100
|switch|p2b: Rillaboom|Rillaboom, L50, M|100/100
|-fieldstart|move: Grassy Terrain|[from] ability: Grassy Surge|[of] p2b: Rillaboom
|-weather|Sandstorm|[from] ability: Sand Stream|[of] p1a: Tyranitar
|turn|1
|inactive|Colonelpaco has 30 seconds left.
|
|t:|1757811554
|-terastallize|p1a: Tyranitar|Flying
|move|p2b: Rillaboom|Wood Hammer|p1a: Tyranitar
|-resisted|p1a: Tyranitar
|-damage|p1a: Tyranitar|67/100
|-damage|p2b: Rillaboom|90/100|[from] Recoil
|move|p1a: Tyranitar|Tera Blast|p2b: Rillaboom|[anim] Tera Blast Flying
|-supereffective|p2b: Rillaboom
|-damage|p2b: Rillaboom|0 fnt
|faint|p2b: Rillaboom
|move|p2a: Primarina|Hyper Voice|p1a: Tyranitar|[spread] p1a,p1b
|-damage|p1a: Tyranitar|49/100
|-damage|p1b: Farigiraf|71/100
|-enditem|p2a: Primarina|Throat Spray
|-boost|p2a: Primarina|spa|1|[from] item: Throat Spray
|move|p1b: Farigiraf|Trick Room|p1b: Farigiraf
|-fieldstart|move: Trick Room|[of] p1b: Farigiraf
|
|-weather|Sandstorm|[upkeep]
|-damage|p2a: Primarina|95/100|[from] Sandstorm
|-damage|p1a: Tyranitar|43/100|[from] Sandstorm
|-heal|p1b: Farigiraf|77/100|[from] Grassy Terrain
|-heal|p2a: Primarina|100/100|[from] Grassy Terrain
|upkeep
|
|t:|1757811572
|switch|p2b: Kingambit|Kingambit, L50, F|100/100
|turn|2
|
|t:|1757811596
|switch|p1a: Primarina|Primarina, L50, F|100/100
|-terastallize|p2b: Kingambit|Ghost
|move|p2b: Kingambit|Swords Dance|p2b: Kingambit
|-boost|p2b: Kingambit|atk|2
|move|p1b: Farigiraf|Dazzling Gleam|p2b: Kingambit|[spread] p2a,p2b
|-damage|p2a: Primarina|87/100
|-damage|p2b: Kingambit|87/100
|move|p2a: Primarina|Hyper Voice|p1b: Farigiraf|[spread] p1a,p1b
|-resisted|p1a: Primarina
|-damage|p1a: Primarina|81/100
|-damage|p1b: Farigiraf|34/100
|
|-weather|Sandstorm|[upkeep]
|-damage|p2b: Kingambit|81/100|[from] Sandstorm
|-damage|p2a: Primarina|81/100|[from] Sandstorm
|-damage|p1a: Primarina|75/100|[from] Sandstorm
|-heal|p2b: Kingambit|87/100|[from] Grassy Terrain
|-heal|p1b: Farigiraf|40/100|[from] Grassy Terrain
|-heal|p2a: Primarina|87/100|[from] Grassy Terrain
|-heal|p1a: Primarina|81/100|[from] Grassy Terrain
|upkeep
|turn|3
|inactive|Colonelpaco has 30 seconds left.
|
|t:|1757811630
|move|p2b: Kingambit|Kowtow Cleave|p1a: Primarina
|-resisted|p1a: Primarina
|-damage|p1a: Primarina|27/100
|move|p1b: Farigiraf|Psychic|p2a: Primarina
|-damage|p2a: Primarina|60/100
|move|p2a: Primarina|Hyper Voice|p1b: Farigiraf|[spread] p1a,p1b
|-resisted|p1a: Primarina
|-damage|p1a: Primarina|6/100
|-damage|p1b: Farigiraf|0 fnt
|faint|p1b: Farigiraf
|move|p1a: Primarina|Haze|p1a: Primarina
|-clearallboost
|
|-weather|Sandstorm|[upkeep]
|-damage|p2b: Kingambit|81/100|[from] Sandstorm
|-damage|p1a: Primarina|0 fnt|[from] Sandstorm
|-damage|p2a: Primarina|54/100|[from] Sandstorm
|faint|p1a: Primarina
|-heal|p2b: Kingambit|87/100|[from] Grassy Terrain
|-heal|p2a: Primarina|60/100|[from] Grassy Terrain
|upkeep
|
|t:|1757811645
|switch|p1b: Houndstone|Houndstone, L50, M|100/100
|switch|p1a: Tyranitar|Tyranitar, L50, F, tera:Flying|43/100
|turn|4
|
|t:|1757811662
|move|p2b: Kingambit|Protect|p2b: Kingambit
|-singleturn|p2b: Kingambit|Protect
|move|p2a: Primarina|Hyper Voice|p1a: Tyranitar|[spread] p1a,p1b
|-damage|p1a: Tyranitar|22/100
|-damage|p1b: Houndstone|62/100
|move|p1a: Tyranitar|Knock Off|p2b: Kingambit
|-activate|p2b: Kingambit|move: Protect
|move|p1b: Houndstone|Last Respects|p2a: Primarina
|-damage|p2a: Primarina|0 fnt
|faint|p2a: Primarina
|-damage|p1b: Houndstone|53/100|[from] item: Life Orb
|
|-weather|Sandstorm|[upkeep]
|-damage|p2b: Kingambit|81/100|[from] Sandstorm
|-damage|p1a: Tyranitar|16/100|[from] Sandstorm
|-heal|p2b: Kingambit|87/100|[from] Grassy Terrain
|-heal|p1b: Houndstone|59/100|[from] Grassy Terrain
|upkeep
|
|t:|1757811677
|switch|p2a: Magmar|Magmar, L50, F|100/100
|turn|5
|
|t:|1757811702
|move|p1b: Houndstone|Protect|p1b: Houndstone
|-singleturn|p1b: Houndstone|Protect
|move|p2b: Kingambit|Sucker Punch|p1a: Tyranitar
|-damage|p1a: Tyranitar|0 fnt
|faint|p1a: Tyranitar
|move|p2a: Magmar|Overheat|p1b: Houndstone
|-activate|p1b: Houndstone|move: Protect
|
|-weather|none
|-heal|p2b: Kingambit|93/100|[from] Grassy Terrain
|-heal|p1b: Houndstone|65/100|[from] Grassy Terrain
|-fieldend|move: Trick Room
|-fieldend|move: Grassy Terrain
|upkeep
|turn|6
|
|t:|1757811721
|move|p2a: Magmar|Follow Me|p2a: Magmar
|-singleturn|p2a: Magmar|move: Follow Me
|move|p1b: Houndstone|Last Respects|p2a: Magmar
|-damage|p2a: Magmar|23/100
|-damage|p1b: Houndstone|55/100|[from] item: Life Orb
|move|p2b: Kingambit|Kowtow Cleave|p1b: Houndstone
|-supereffective|p1b: Houndstone
|-damage|p1b: Houndstone|0 fnt
|faint|p1b: Houndstone
|
|win|Colonelpaco
||bmcqueen is ready for game 2.
|inactive|Colonelpaco has 30 seconds to confirm battle start!
||Colonelpaco is ready for game 2.
|uhtml|next|Next: Game 2 of 3
