|j|☆Kheld
|j|☆rojo53
|html|Kheldrojo53    
|uhtml|bestof|Game 2 of a best-of-3
|t:|1783194183
|gametype|doubles
|player|p1|Kheld|102|1210
|player|p2|rojo53|worker|1233
|gen|9
|tier|[Gen 9 Champions] VGC 2026 Reg M-B (Bo3)
|rated|
|rule|Species Clause: Limit one of each Pokémon
|rule|Item Clause: Limit 1 of each item
|clearpoke
|poke|p1|Froslass, L50, F|
|poke|p1|Lycanroc-Dusk, L50, M|
|poke|p1|Ceruledge, L50, M|
|poke|p1|Kingambit, L50, M|
|poke|p1|Maushold, L50|
|poke|p1|Venusaur, L50, F|
|poke|p2|Tyranitar, L50, F|
|poke|p2|Excadrill, L50, F|
|poke|p2|Meganium, L50, M|
|poke|p2|Mimikyu, L50, F|
|poke|p2|Gholdengo, L50|
|poke|p2|Kingambit, L50, F|
|teampreview|4
|showteam|p1|Froslass||Froslassite|CursedBody|Blizzard,ShadowBall,AuroraVeil,Protect|Modest||F|||50|]Lycanroc-Dusk||FocusSash|ToughClaws|RockSlide,Accelerock,CloseCombat,Protect|Adamant||M|||50|]Ceruledge||ColburBerry|FlashFire|BitterBlade,ShadowSneak,BulkUp,Protect|Adamant||M|||50|]Kingambit||BlackGlasses|Defiant|KowtowCleave,SuckerPunch,IronHead,Protect|Adamant||M|||50|]Maushold||ChopleBerry|FriendGuard|SuperFang,Taunt,FollowMe,Protect|Jolly|||||50|]Venusaur||Venusaurite|Overgrow|EarthPower,GigaDrain,SludgeBomb,Protect|Modest||F|||50|
|showteam|p2|Tyranitar||Tyranitarite|SandStream|RockSlide,KnockOff,DragonDance,Protect|Adamant||F|||50|]Excadrill||FocusSash|SandRush|RockSlide,HighHorsepower,IronHead,Protect|Adamant||F|||50|]Meganium||Meganiumite|LeafGuard|DazzlingGleam,WeatherBall,SolarBeam,Protect|Modest||M|||50|]Mimikyu||LifeOrb|Disguise|PlayRough,ShadowSneak,ShadowClaw,Protect|Adamant||F|||50|]Gholdengo||ChoiceScarf|GoodasGold|MakeItRain,ShadowBall,DazzlingGleam,Trick|Timid|||||50|]Kingambit||BlackGlasses|Defiant|KowtowCleave,SuckerPunch,IronHead,Protect|Adamant||F|||50|
|inactive|Battle timer is ON: inactive players will automatically lose when time's up. (requested by rojo53)
|
|t:|1783194217
|teamsize|p1|4
|teamsize|p2|4
|start
|switch|p1a: Venusaur|Venusaur, L50, F|100/100
|switch|p1b: Maushold|Maushold, L50|100/100
|switch|p2a: Gholdengo|Gholdengo, L50|100/100
|switch|p2b: Ratatopo|Excadrill, L50, F|100/100
|turn|1
|
|t:|1783194231
|detailschange|p1a: Venusaur|Venusaur-Mega, L50, F
|-mega|p1a: Venusaur|Venusaur|Venusaurite
|move|p1b: Maushold|Protect|p1b: Maushold
|-singleturn|p1b: Maushold|Protect
|move|p2a: Gholdengo|Make It Rain|p1a: Venusaur|[spread] p1a
|-activate|p1b: Maushold|move: Protect
|-damage|p1a: Venusaur|72/100
|-unboost|p2a: Gholdengo|spa|2
|move|p2b: Ratatopo|High Horsepower|p1a: Venusaur|[miss]
|-miss|p2b: Ratatopo|p1a: Venusaur
|move|p1a: Venusaur|Giga Drain|p2b: Ratatopo
|-damage|p2b: Ratatopo|42/100
|-heal|p1a: Venusaur|100/100|[from] drain|[of] p2b: Ratatopo
|
|upkeep
|turn|2
|
|t:|1783194255
|switch|p2a: Tyranitar|Tyranitar, L50, F|100/100
|-weather|Sandstorm|[from] ability: Sand Stream|[of] p2a: Tyranitar
|move|p2b: Ratatopo|Rock Slide|p1b: Maushold|[spread] p1a,p1b
|-damage|p1a: Venusaur|86/100
|-damage|p1b: Maushold|74/100
|move|p1b: Maushold|Taunt|p2b: Ratatopo
|-start|p2b: Ratatopo|move: Taunt
|cant|p1a: Venusaur|flinch
|
|-weather|Sandstorm|[upkeep]
|-damage|p1b: Maushold|68/100|[from] Sandstorm
|-damage|p1a: Venusaur|80/100|[from] Sandstorm
|upkeep
|turn|3
|
|t:|1783194270
|detailschange|p2a: Tyranitar|Tyranitar-Mega, L50, F
|-mega|p2a: Tyranitar|Tyranitar|Tyranitarite
|move|p2b: Ratatopo|Rock Slide|p1a: Venusaur|[spread] p1a,p1b
|-crit|p1a: Venusaur
|-damage|p1a: Venusaur|60/100
|-damage|p1b: Maushold|41/100
|move|p1b: Maushold|Super Fang|p2a: Tyranitar
|-damage|p2a: Tyranitar|50/100g
|move|p1a: Venusaur|Giga Drain|p2a: Tyranitar
|-supereffective|p2a: Tyranitar|1
|-damage|p2a: Tyranitar|8/100
|-heal|p1a: Venusaur|83/100|[from] drain|[of] p2a: Tyranitar
|move|p2a: Tyranitar|Dragon Dance|p2a: Tyranitar
|-boost|p2a: Tyranitar|atk|1
|-boost|p2a: Tyranitar|spe|1
|
|-weather|Sandstorm|[upkeep]
|-damage|p1b: Maushold|35/100|[from] Sandstorm
|-damage|p1a: Venusaur|78/100|[from] Sandstorm
|upkeep
|turn|4
|
|t:|1783194290
|move|p1b: Maushold|Protect|p1b: Maushold
|-singleturn|p1b: Maushold|Protect
|move|p2b: Ratatopo|High Horsepower|p1b: Maushold
|-activate|p1b: Maushold|move: Protect
|move|p2a: Tyranitar|Rock Slide|p1b: Maushold|[spread] p1a
|-activate|p1b: Maushold|move: Protect
|-damage|p1a: Venusaur|43/100
|cant|p1a: Venusaur|flinch
|
|-weather|Sandstorm|[upkeep]
|-damage|p1b: Maushold|29/100|[from] Sandstorm
|-damage|p1a: Venusaur|37/100|[from] Sandstorm
|upkeep
|turn|5
|
|t:|1783194314
|switch|p1a: Kingambit|Kingambit, L50, M|100/100
|move|p2b: Ratatopo|Iron Head|p1b: Maushold
|-damage|p1b: Maushold|0 fnt
|faint|p1b: Maushold
|move|p2a: Tyranitar|Rock Slide|p1a: Kingambit
|-resisted|p1a: Kingambit|1
|-damage|p1a: Kingambit|72/100
|
|-weather|Sandstorm|[upkeep]
|-end|p2b: Ratatopo|move: Taunt
|upkeep
|
|t:|1783194323
|switch|p1b: Lycanroc|Lycanroc-Dusk, L50, M|100/100
|turn|6
|
|t:|1783194332
|switch|p2b: Gambito|Kingambit, L50, F|100/100
|move|p1b: Lycanroc|Accelerock|p2a: Tyranitar
|-damage|p2a: Tyranitar|0 fnt
|faint|p2a: Tyranitar
|move|p1a: Kingambit|Sucker Punch||[still]
|-fail|p1a: Kingambit
|
|-weather|none
|upkeep
|
|t:|1783194338
|switch|p2a: Gholdengo|Gholdengo, L50|100/100
|turn|7
|
|t:|1783194347
|move|p1a: Kingambit|Sucker Punch||[still]
|-fail|p1a: Kingambit
|move|p2b: Gambito|Sucker Punch|p1b: Lycanroc
|-damage|p1b: Lycanroc|20/100y
|move|p2a: Gholdengo|Trick|p1a: Kingambit
|-activate|p2a: Gholdengo|move: Trick|[of] p1a: Kingambit
|-item|p1a: Kingambit|Choice Scarf|[from] move: Trick
|-item|p2a: Gholdengo|Black Glasses|[from] move: Trick
|move|p1b: Lycanroc|Close Combat|p2b: Gambito
|-supereffective|p2b: Gambito|2
|-damage|p2b: Gambito|0 fnt
|-unboost|p1b: Lycanroc|def|1
|-unboost|p1b: Lycanroc|spd|1
|faint|p2b: Gambito
|
|upkeep
|
|t:|1783194352
|switch|p2b: Ratatopo|Excadrill, L50, F|42/100
|turn|8
|
|t:|1783194378
|move|p2b: Ratatopo|Protect|p2b: Ratatopo
|-singleturn|p2b: Ratatopo|Protect
|move|p1a: Kingambit|Sucker Punch|p2a: Gholdengo
|-supereffective|p2a: Gholdengo|1
|-damage|p2a: Gholdengo|14/100
|move|p1b: Lycanroc|Close Combat|p2b: Ratatopo
|-activate|p2b: Ratatopo|move: Protect
|move|p2a: Gholdengo|Make It Rain|p1b: Lycanroc|[spread] p1a,p1b
|-resisted|p1a: Kingambit|1
|-supereffective|p1b: Lycanroc|1
|-damage|p1a: Kingambit|51/100
|-damage|p1b: Lycanroc|0 fnt
|-unboost|p2a: Gholdengo|spa|2
|faint|p1b: Lycanroc
|
|upkeep
|
|t:|1783194388
|switch|p1b: Venusaur|Venusaur-Mega, L50, F|37/100
|turn|9
|
|t:|1783194394
|move|p1a: Kingambit|Sucker Punch||[still]
|-fail|p1a: Kingambit
|move|p2a: Gholdengo|Trick|p2b: Ratatopo
|-activate|p2a: Gholdengo|move: Trick|[of] p2b: Ratatopo
|-item|p2b: Ratatopo|Black Glasses|[from] move: Trick
|-item|p2a: Gholdengo|Focus Sash|[from] move: Trick
|move|p2b: Ratatopo|High Horsepower|p1a: Kingambit
|-supereffective|p1a: Kingambit|1
|-damage|p1a: Kingambit|0 fnt
|faint|p1a: Kingambit
|move|p1b: Venusaur|Giga Drain|p2b: Ratatopo
|-crit|p2b: Ratatopo
|-damage|p2b: Ratatopo|0 fnt
|-heal|p1b: Venusaur|59/100|[from] drain|[of] p2b: Ratatopo
|faint|p2b: Ratatopo
|
|upkeep
|turn|10
|
|t:|1783194408
|move|p2a: Gholdengo|Make It Rain|p1b: Venusaur
|-damage|p1b: Venusaur|30/100
|-unboost|p2a: Gholdengo|spa|2
|move|p1b: Venusaur|Earth Power|p2a: Gholdengo
|-supereffective|p2a: Gholdengo|1
|-damage|p2a: Gholdengo|0 fnt
|faint|p2a: Gholdengo
|
|win|Kheld
|raw|Kheld's rating: 1210 → 1237(+27 for winning)
|raw|rojo53's rating: 1233 → 1206(-27 for losing)
|l|☆rojo53
|player|p2|
