|j|☆delphigni
|j|☆DragoniteMega149
|html|delphigniDragoniteMega149    
|uhtml|bestof|Game 1 of a best-of-3
|t:|1756327923
|gametype|doubles
|player|p1|delphigni|dawn|1233
|player|p2|DragoniteMega149|102|1328
|gen|9
|tier|[Gen 9] VGC 2025 Reg H (Bo3)
|rated|
|rule|Species Clause: Limit one of each Pokémon
|rule|Item Clause: Limit 1 of each item
|clearpoke
|poke|p1|Kommo-o, L50, M|
|poke|p1|Primarina, L50, M|
|poke|p1|Rillaboom, L50, M|
|poke|p1|Electabuzz, L50, M|
|poke|p1|Tyranitar, L50, F|
|poke|p1|Excadrill, L50, F|
|poke|p2|Sneasler, L50, F|
|poke|p2|Indeedee, L50, M|
|poke|p2|Talonflame, L50, F|
|poke|p2|Incineroar, L50, M|
|poke|p2|Electabuzz, L50, F|
|poke|p2|Ursaluna-Bloodmoon, L50, M|
|teampreview|4
|showteam|p1|Kommo-o||ThroatSpray|Overcoat|ClangingScales,Flamethrower,ClangorousSoul,Protect|||M|||50|,,,,,Fire]Primarina||LifeOrb|LiquidVoice|HyperVoice,Moonblast,Haze,Protect|||M|||50|,,,,,Poison]Rillaboom||MeadowPlate|GrassySurge|WoodHammer,GrassyGlide,FakeOut,Protect|||M|||50|,,,,,Water]Electabuzz||Eviolite|VitalSpirit|FollowMe,Electroweb,Taunt,Protect|||M|||50|,,,,,Fairy]Tyranitar||AssaultVest|SandStream|TeraBlast,RockSlide,KnockOff,LowKick|||F|||50|,,,,,Flying]Excadrill||ClearAmulet|SandRush|RockSlide,IronHead,HighHorsepower,Protect|||F|||50|,,,,,Stellar
|showteam|p2|Sneasler||PsychicSeed|Unburden|DireClaw,CloseCombat,Protect,ThroatChop|||F|||50|,,,,,Dark]Indeedee||FocusSash|PsychicSurge|Imprison,Protect,ExpandingForce,TrickRoom|||M|||50|,,,,,Psychic]Talonflame||CovertCloak|GaleWings|FlareBlitz,Tailwind,DualWingbeat,WillOWisp|||F|||50|,,,,,Fairy]Incineroar||SafetyGoggles|Intimidate|FakeOut,FlareBlitz,KnockOff,PartingShot|||M|||50|,,,,,Ghost]Electabuzz||Eviolite|VitalSpirit|FollowMe,Electroweb,Taunt,Protect|||F|||50|,,,,,Fairy]Ursaluna-Bloodmoon||LifeOrb|MindsEye|BloodMoon,HyperVoice,EarthPower,Protect|||M|||50|,,,,,Normal
|inactive|Battle timer is ON: inactive players will automatically lose when time's up. (requested by delphigni)
|j| thevampir90
|l| thevampir90
|
|t:|1756327950
|teamsize|p1|4
|teamsize|p2|4
|start
|switch|p1a: Primlance|Primarina, L50, M, shiny|100/100
|switch|p1b: Bumblebirb|Electabuzz, L50, M, shiny|100/100
|switch|p2a: Incineroar|Incineroar, L50, M|100/100
|switch|p2b: Ursaluna|Ursaluna-Bloodmoon, L50, M|100/100
|-ability|p2a: Incineroar|Intimidate|boost
|-unboost|p1a: Primlance|atk|1
|-unboost|p1b: Bumblebirb|atk|1
|turn|1
|
|t:|1756327970
|move|p1b: Bumblebirb|Protect|p1b: Bumblebirb
|-singleturn|p1b: Bumblebirb|Protect
|move|p1a: Primlance|Protect|p1a: Primlance
|-singleturn|p1a: Primlance|Protect
|move|p2a: Incineroar|Fake Out|p1a: Primlance
|-activate|p1a: Primlance|move: Protect
|move|p2b: Ursaluna|Earth Power|p1b: Bumblebirb
|-activate|p1b: Bumblebirb|move: Protect
|
|upkeep
|turn|2
|
|t:|1756327986
|-terastallize|p2b: Ursaluna|Normal
|move|p1b: Bumblebirb|Follow Me|p1b: Bumblebirb
|-singleturn|p1b: Bumblebirb|move: Follow Me
|move|p2a: Incineroar|Knock Off|p1b: Bumblebirb
|-damage|p1b: Bumblebirb|67/100
|-enditem|p1b: Bumblebirb|Eviolite|[from] move: Knock Off|[of] p2a: Incineroar
|move|p2b: Ursaluna|Hyper Voice|p1a: Primlance|[spread] p1a,p1b
|-damage|p1a: Primlance|36/100
|-damage|p1b: Bumblebirb|0 fnt
|faint|p1b: Bumblebirb
|-damage|p2b: Ursaluna|91/100|[from] item: Life Orb
|move|p1a: Primlance|Hyper Voice|p2a: Incineroar|[spread] p2a,p2b
|-supereffective|p2a: Incineroar
|-damage|p2a: Incineroar|10/100
|-damage|p2b: Ursaluna|31/100
|-damage|p1a: Primlance|27/100|[from] item: Life Orb
|
|upkeep
|
|t:|1756328000
|switch|p1b: Great S. Shark|Tyranitar, L50, F, shiny|100/100
|-weather|Sandstorm|[from] ability: Sand Stream|[of] p1b: Great S. Shark
|turn|3
|
|t:|1756328015
|move|p2b: Ursaluna|Protect|p2b: Ursaluna
|-singleturn|p2b: Ursaluna|Protect
|move|p2a: Incineroar|Parting Shot|p1b: Great S. Shark
|-unboost|p1b: Great S. Shark|atk|1
|-unboost|p1b: Great S. Shark|spa|1
|
|t:|1756328019
|switch|p2a: Talonflame|Talonflame, L50, F|100/100|[from] Parting Shot
|move|p1b: Great S. Shark|Rock Slide|p2a: Talonflame|[spread] p2a
|-activate|p2b: Ursaluna|move: Protect
|-supereffective|p2a: Talonflame
|-damage|p2a: Talonflame|0 fnt
|faint|p2a: Talonflame
|move|p1a: Primlance|Hyper Voice|p2b: Ursaluna
|-activate|p2b: Ursaluna|move: Protect
|
|-weather|Sandstorm|[upkeep]
|-damage|p2b: Ursaluna|25/100|[from] Sandstorm
|-damage|p1a: Primlance|21/100|[from] Sandstorm
|upkeep
|
|t:|1756328026
|switch|p2a: Sneasler|Sneasler, L50, F|100/100
|turn|4
|
|t:|1756328039
|-terastallize|p1b: Great S. Shark|Flying
|move|p2a: Sneasler|Dire Claw|p1b: Great S. Shark
|-damage|p1b: Great S. Shark|63/100
|move|p2b: Ursaluna|Hyper Voice|p1b: Great S. Shark|[spread] p1a,p1b
|-damage|p1a: Primlance|0 fnt
|-damage|p1b: Great S. Shark|21/100
|faint|p1a: Primlance
|-damage|p2b: Ursaluna|16/100|[from] item: Life Orb
|move|p1b: Great S. Shark|Tera Blast|p2a: Sneasler|[anim] Tera Blast Flying
|-supereffective|p2a: Sneasler
|-damage|p2a: Sneasler|0 fnt
|faint|p2a: Sneasler
|
|-weather|Sandstorm|[upkeep]
|-damage|p2b: Ursaluna|10/100|[from] Sandstorm
|-damage|p1b: Great S. Shark|15/100|[from] Sandstorm
|upkeep
|
|t:|1756328048
|switch|p2a: Incineroar|Incineroar, L50, M|10/100
|switch|p1a: Rilleboom|Rillaboom, L50, M, shiny|100/100
|-fieldstart|move: Grassy Terrain|[from] ability: Grassy Surge|[of] p1a: Rilleboom
|-ability|p2a: Incineroar|Intimidate|boost
|-unboost|p1a: Rilleboom|atk|1
|-unboost|p1b: Great S. Shark|atk|1
|turn|5
|
|t:|1756328054
|move|p1a: Rilleboom|Fake Out|p2a: Incineroar
|-damage|p2a: Incineroar|1/100
|cant|p2a: Incineroar|flinch
|move|p2b: Ursaluna|Hyper Voice|p1b: Great S. Shark|[spread] p1a,p1b
|-damage|p1a: Rilleboom|30/100
|-damage|p1b: Great S. Shark|0 fnt
|faint|p1b: Great S. Shark
|-damage|p2b: Ursaluna|0 fnt|[from] item: Life Orb
|faint|p2b: Ursaluna
|
|-weather|Sandstorm|[upkeep]
|-damage|p1a: Rilleboom|24/100|[from] Sandstorm
|-heal|p1a: Rilleboom|30/100|[from] Grassy Terrain
|-heal|p2a: Incineroar|7/100|[from] Grassy Terrain
|upkeep
|turn|6
|
|t:|1756328061
|move|p1a: Rilleboom|Wood Hammer|p2a: Incineroar
|-resisted|p2a: Incineroar
|-damage|p2a: Incineroar|0 fnt
|faint|p2a: Incineroar
|-damage|p1a: Rilleboom|28/100|[from] Recoil
|
|win|delphigni
||delphigni is ready for game 2.
||DragoniteMega149 is ready for game 2.
|uhtml|next|Next: Game 2 of 3
