|j|☆Metallicmadness
|j|☆farewell~friend
|html|Metallicmadnessfarewell~friend    
|uhtml|bestof|Game 3 of a best-of-3
|t:|1756137849
|gametype|doubles
|player|p1|Metallicmadness|byron|1173
|player|p2|farewell~friend|baker|1240
|gen|9
|tier|[Gen 9] VGC 2025 Reg H (Bo3)
|rated|
|rule|Species Clause: Limit one of each Pokémon
|rule|Item Clause: Limit 1 of each item
|clearpoke
|poke|p1|Sneasler, L50, M|
|poke|p1|Kilowattrel, L50, M|
|poke|p1|Politoed, L50, F|
|poke|p1|Rillaboom, L50, M|
|poke|p1|Archaludon, L50, M|
|poke|p1|Incineroar, L50, F|
|poke|p2|Magmar, L50, F|
|poke|p2|Baxcalibur, L50, M|
|poke|p2|Rillaboom, L50, F|
|poke|p2|Sneasler, L50, M|
|poke|p2|Kingambit, L50, F|
|poke|p2|Dondozo, L50, M|
|teampreview|4
|showteam|p1|Sneasler||GrassySeed|Unburden|CloseCombat,Coaching,DireClaw,Protect|||M|||50|,,,,,Stellar]Kilowattrel||FocusSash|Competitive|Hurricane,Tailwind,Discharge,Protect|||M|||50|,,,,,Electric]Politoed||SitrusBerry|Drizzle|MuddyWater,IceBeam,Protect,EarthPower|||F|||50|,,,,,Ground]Rillaboom||LoadedDice|GrassySurge|FakeOut,BulletSeed,HighHorsepower,GrassyGlide|||M|||50|,,,,,Stellar]Archaludon||AssaultVest|Stamina|BodyPress,DragonPulse,ElectroShot,FlashCannon|||M|||50|,,,,,Grass]Incineroar||SafetyGoggles|Intimidate|FakeOut,PartingShot,WillOWisp,KnockOff|||F|||50|,,,,,Ghost
|showteam|p2|Magmar||Eviolite|VitalSpirit|WillOWisp,Overheat,FollowMe,Protect|||F|||50|,,,,,Fairy]Baxcalibur||LoadedDice|ThermalExchange|Protect,IceShard,ScaleShot,IcicleSpear|||M|||50|,,,,,Ghost]Rillaboom||AssaultVest|GrassySurge|FakeOut,GrassyGlide,WoodHammer,HighHorsepower|||F|||50|,,,,,Fire]Sneasler||FocusSash|Unburden|Protect,Coaching,DireClaw,CloseCombat|||M|||50|,,,,,Stellar]Kingambit||BlackGlasses|Defiant|Protect,SuckerPunch,KowtowCleave,SwordsDance|||F|||50|,,,,,Dark]Dondozo||Leftovers|Unaware|Protect,WaveCrash,Fissure,Yawn|||M|||50|,,,,,Bug
|inactive|Battle timer is ON: inactive players will automatically lose when time's up. (requested by Metallicmadness)
|
|t:|1756137881
|teamsize|p1|4
|teamsize|p2|4
|start
|switch|p1a: Incineroar|Incineroar, L50, F|100/100
|switch|p1b: Kilowattrel|Kilowattrel, L50, M|100/100
|switch|p2a: Rillaboom|Rillaboom, L50, F|100/100
|switch|p2b: Sneasler|Sneasler, L50, M|100/100
|-fieldstart|move: Grassy Terrain|[from] ability: Grassy Surge|[of] p2a: Rillaboom
|-ability|p1a: Incineroar|Intimidate|boost
|-unboost|p2a: Rillaboom|atk|1
|-unboost|p2b: Sneasler|atk|1
|turn|1
|
|t:|1756137898
|switch|p2b: Baxcalibur|Baxcalibur, L50, M|100/100
|move|p2a: Rillaboom|Fake Out|p1b: Kilowattrel
|-damage|p1b: Kilowattrel|84/100
|cant|p1b: Kilowattrel|flinch
|move|p1a: Incineroar|Will-O-Wisp|p2b: Baxcalibur
|-immune|p2b: Baxcalibur|[from] ability: Thermal Exchange
|
|upkeep
|turn|2
|inactive|farewell~friend has 30 seconds left.
|
|t:|1756137928
|switch|p1b: Archaludon|Archaludon, L50, M|100/100
|switch|p2a: Sneasler|Sneasler, L50, M|100/100
|move|p2b: Baxcalibur|Scale Shot|p1b: Archaludon
|-damage|p1b: Archaludon|89/100
|-ability|p1b: Archaludon|Stamina|boost
|-boost|p1b: Archaludon|def|1
|-damage|p1b: Archaludon|81/100
|-ability|p1b: Archaludon|Stamina|boost
|-boost|p1b: Archaludon|def|1
|-damage|p1b: Archaludon|75/100
|-ability|p1b: Archaludon|Stamina|boost
|-boost|p1b: Archaludon|def|1
|-damage|p1b: Archaludon|70/100
|-ability|p1b: Archaludon|Stamina|boost
|-boost|p1b: Archaludon|def|1
|-hitcount|p1b: Archaludon|4
|-unboost|p2b: Baxcalibur|def|1
|-boost|p2b: Baxcalibur|spe|1
|move|p1a: Incineroar|Knock Off|p2b: Baxcalibur
|-crit|p2b: Baxcalibur
|-damage|p2b: Baxcalibur|16/100
|-enditem|p2b: Baxcalibur|Loaded Dice|[from] move: Knock Off|[of] p1a: Incineroar
|
|-heal|p2b: Baxcalibur|22/100|[from] Grassy Terrain
|-heal|p1b: Archaludon|76/100|[from] Grassy Terrain
|upkeep
|turn|3
|inactive|Metallicmadness has 30 seconds left.
|inactive|farewell~friend has 30 seconds left.
|
|t:|1756137962
|switch|p2b: Rillaboom|Rillaboom, L50, F|100/100
|move|p2a: Sneasler|Close Combat|p1a: Incineroar
|-supereffective|p1a: Incineroar
|-crit|p1a: Incineroar
|-damage|p1a: Incineroar|0 fnt
|-unboost|p2a: Sneasler|def|1
|-unboost|p2a: Sneasler|spd|1
|faint|p1a: Incineroar
|move|p1b: Archaludon|Dragon Pulse|p2a: Sneasler
|-damage|p2a: Sneasler|11/100
|
|-heal|p2a: Sneasler|17/100|[from] Grassy Terrain
|-heal|p1b: Archaludon|82/100|[from] Grassy Terrain
|upkeep
|
|t:|1756137972
|switch|p1a: Politoed|Politoed, L50, F|100/100
|-weather|RainDance|[from] ability: Drizzle|[of] p1a: Politoed
|turn|4
|
|t:|1756137992
|move|p2a: Sneasler|Protect|p2a: Sneasler
|-singleturn|p2a: Sneasler|Protect
|move|p1a: Politoed|Protect|p1a: Politoed
|-singleturn|p1a: Politoed|Protect
|move|p2b: Rillaboom|Fake Out|p1b: Archaludon
|-resisted|p1b: Archaludon
|-damage|p1b: Archaludon|81/100
|-ability|p1b: Archaludon|Stamina|boost
|-boost|p1b: Archaludon|def|1
|cant|p1b: Archaludon|flinch
|
|-weather|RainDance|[upkeep]
|-heal|p2a: Sneasler|22/100|[from] Grassy Terrain
|-heal|p1b: Archaludon|87/100|[from] Grassy Terrain
|upkeep
|turn|5
|
|t:|1756138009
|switch|p1a: Kilowattrel|Kilowattrel, L50, M|84/100
|move|p2a: Sneasler|Dire Claw|p1a: Kilowattrel
|-damage|p1a: Kilowattrel|9/100
|move|p1b: Archaludon|Electro Shot||[still]
|-prepare|p1b: Archaludon|Electro Shot
|-boost|p1b: Archaludon|spa|1
|-anim|p1b: Archaludon|Electro Shot|p2b: Rillaboom
|-resisted|p2b: Rillaboom
|-damage|p2b: Rillaboom|78/100
|move|p2b: Rillaboom|Wood Hammer|p1a: Kilowattrel
|-resisted|p1a: Kilowattrel
|-damage|p1a: Kilowattrel|0 fnt
|faint|p1a: Kilowattrel
|-damage|p2b: Rillaboom|76/100|[from] Recoil
|
|-weather|RainDance|[upkeep]
|-heal|p2a: Sneasler|28/100|[from] Grassy Terrain
|-heal|p1b: Archaludon|93/100|[from] Grassy Terrain
|-heal|p2b: Rillaboom|82/100|[from] Grassy Terrain
|-fieldend|move: Grassy Terrain
|upkeep
|
|t:|1756138023
|switch|p1a: Politoed|Politoed, L50, F|100/100
|turn|6
|
|t:|1756138034
|move|p2a: Sneasler|Dire Claw|p1a: Politoed
|-crit|p1a: Politoed
|-damage|p1a: Politoed|32/100
|-enditem|p1a: Politoed|Sitrus Berry|[eat]
|-heal|p1a: Politoed|57/100|[from] item: Sitrus Berry
|move|p1b: Archaludon|Electro Shot||[still]
|-prepare|p1b: Archaludon|Electro Shot
|-boost|p1b: Archaludon|spa|1
|-anim|p1b: Archaludon|Electro Shot|p2b: Rillaboom
|-resisted|p2b: Rillaboom
|-damage|p2b: Rillaboom|53/100
|move|p2b: Rillaboom|Wood Hammer|p1a: Politoed
|-supereffective|p1a: Politoed
|-damage|p1a: Politoed|0 fnt
|faint|p1a: Politoed
|-damage|p2b: Rillaboom|35/100|[from] Recoil
|
|-weather|RainDance|[upkeep]
|upkeep
|turn|7
|
|t:|1756138056
|switch|p2b: Baxcalibur|Baxcalibur, L50, M|22/100
|move|p2a: Sneasler|Protect|p2a: Sneasler
|-singleturn|p2a: Sneasler|Protect
|move|p1b: Archaludon|Electro Shot||[still]
|-prepare|p1b: Archaludon|Electro Shot
|-boost|p1b: Archaludon|spa|1
|-anim|p1b: Archaludon|Electro Shot|p2b: Baxcalibur
|-resisted|p2b: Baxcalibur
|-damage|p2b: Baxcalibur|0 fnt
|faint|p2b: Baxcalibur
|
|-weather|RainDance|[upkeep]
|upkeep
|c|☆Metallicmadness|I’m starting to think you have beef with politoed
|
|t:|1756138075
|switch|p2b: Dondozo|Dondozo, L50, M|100/100
|turn|8
|
|t:|1756138081
|switch|p2a: Rillaboom|Rillaboom, L50, F|35/100
|-fieldstart|move: Grassy Terrain|[from] ability: Grassy Surge|[of] p2a: Rillaboom
|move|p2b: Dondozo|Protect|p2b: Dondozo
|-singleturn|p2b: Dondozo|Protect
|move|p1b: Archaludon|Electro Shot||[still]
|-prepare|p1b: Archaludon|Electro Shot
|-boost|p1b: Archaludon|spa|1
|-anim|p1b: Archaludon|Electro Shot|p2b: Dondozo
|-activate|p2b: Dondozo|move: Protect
|
|-weather|none
|-heal|p1b: Archaludon|99/100|[from] Grassy Terrain
|-heal|p2a: Rillaboom|41/100|[from] Grassy Terrain
|upkeep
|turn|9
|c|☆farewell~friend|lol
|
|t:|1756138099
|move|p2a: Rillaboom|Fake Out|p1b: Archaludon
|-resisted|p1b: Archaludon
|-damage|p1b: Archaludon|97/100
|-ability|p1b: Archaludon|Stamina|boost
|-boost|p1b: Archaludon|def|1
|cant|p1b: Archaludon|flinch
|move|p2b: Dondozo|Yawn|p1b: Archaludon
|-start|p1b: Archaludon|move: Yawn|[of] p2b: Dondozo
|
|-heal|p1b: Archaludon|100/100|[from] Grassy Terrain
|-heal|p2a: Rillaboom|47/100|[from] Grassy Terrain
|upkeep
|turn|10
|inactive|farewell~friend has 30 seconds left.
|
|t:|1756138125
|move|p2b: Dondozo|Protect|p2b: Dondozo
|-singleturn|p2b: Dondozo|Protect
|move|p1b: Archaludon|Body Press|p2a: Rillaboom
|-damage|p2a: Rillaboom|0 fnt
|faint|p2a: Rillaboom
|
|-end|p1b: Archaludon|move: Yawn|[silent]
|-status|p1b: Archaludon|slp
|upkeep
|
|t:|1756138130
|switch|p2a: Sneasler|Sneasler, L50, M|28/100
|turn|11
|
|t:|1756138139
|-terastallize|p1b: Archaludon|Grass
|move|p2a: Sneasler|Coaching|p2b: Dondozo
|-boost|p2b: Dondozo|atk|1
|-boost|p2b: Dondozo|def|1
|cant|p1b: Archaludon|slp
|move|p2b: Dondozo|Fissure|p1b: Archaludon|[miss]
|-miss|p2b: Dondozo|p1b: Archaludon
|
|-heal|p2a: Sneasler|34/100|[from] Grassy Terrain
|upkeep
|turn|12
|
|t:|1756138162
|move|p2a: Sneasler|Coaching|p2b: Dondozo
|-boost|p2b: Dondozo|atk|1
|-boost|p2b: Dondozo|def|1
|-curestatus|p1b: Archaludon|slp|[msg]
|move|p1b: Archaludon|Dragon Pulse|p2a: Sneasler
|-damage|p2a: Sneasler|0 fnt
|faint|p2a: Sneasler
|move|p2b: Dondozo|Fissure|p1b: Archaludon|[miss]
|-miss|p2b: Dondozo|p1b: Archaludon
|
|-fieldend|move: Grassy Terrain
|upkeep
|turn|13
|c|☆Metallicmadness|Now we wait for fissure
|
|t:|1756138174
|move|p1b: Archaludon|Dragon Pulse|p2b: Dondozo
|-damage|p2b: Dondozo|63/100
|move|p2b: Dondozo|Yawn|p1b: Archaludon
|-start|p1b: Archaludon|move: Yawn|[of] p2b: Dondozo
|
|-heal|p2b: Dondozo|69/100|[from] item: Leftovers
|upkeep
|turn|14
|
|t:|1756138181
|move|p2b: Dondozo|Protect|p2b: Dondozo
|-singleturn|p2b: Dondozo|Protect
|move|p1b: Archaludon|Dragon Pulse|p2b: Dondozo
|-activate|p2b: Dondozo|move: Protect
|
|-heal|p2b: Dondozo|75/100|[from] item: Leftovers
|-end|p1b: Archaludon|move: Yawn|[silent]
|-status|p1b: Archaludon|slp
|upkeep
|turn|15
|c|☆farewell~friend|6 more tries
|
|t:|1756138185
|cant|p1b: Archaludon|slp
|move|p2b: Dondozo|Fissure|p1b: Archaludon|[miss]
|-miss|p2b: Dondozo|p1b: Archaludon
|
|-heal|p2b: Dondozo|82/100|[from] item: Leftovers
|upkeep
|turn|16
|
|t:|1756138191
|cant|p1b: Archaludon|slp
|move|p2b: Dondozo|Fissure|p1b: Archaludon
|-damage|p1b: Archaludon|0 fnt
|faint|p1b: Archaludon
|-ohko
|
|win|farewell~friend
|raw|Metallicmadness's rating: 1173 → 1153(-20 for losing)
|raw|farewell~friend's rating: 1240 → 1260(+20 for winning)
|c|☆Metallicmadness|Gg
|c|☆farewell~friend|gg
|l|☆farewell~friend
|player|p2|
|l|☆Metallicmadness
|player|p1|
|j|☆farewell~friend
|player|p2|farewell~friend|baker|
