|j|☆Njase
|j|☆alkittxn
|html|Njasealkittxn    
|uhtml|bestof|Game 1 of a best-of-3
|t:|1782684094
|gametype|doubles
|player|p1|Njase|2|1114
|player|p2|alkittxn|aaron|1025
|gen|9
|tier|[Gen 9 Champions] VGC 2026 Reg M-B (Bo3)
|rated|
|rule|Species Clause: Limit one of each Pokémon
|rule|Item Clause: Limit 1 of each item
|clearpoke
|poke|p1|Staraptor, L50, F|
|poke|p1|Whimsicott, L50, F|
|poke|p1|Garchomp, L50, F|
|poke|p1|Gholdengo, L50|
|poke|p1|Raichu, L50, F|
|poke|p1|Volcarona, L50, F|
|poke|p2|Gallade, L50, M|
|poke|p2|Camerupt, L50, F|
|poke|p2|Farigiraf, L50, F|
|poke|p2|Kingambit, L50, F|
|poke|p2|Gyarados, L50, F|
|poke|p2|Sylveon, L50, F|
|teampreview|4
|showteam|p1|Staraptor||Staraptite|Intimidate|BraveBird,CloseCombat,Roost,Protect|Jolly||F|||50|]Whimsicott||FocusSash|Prankster|Encore,Tailwind,Charm,Moonblast|Bold||F|||50|]Garchomp||LifeOrb|RoughSkin|ScaleShot,Protect,Earthquake,RockSlide|Jolly||F|||50|]Gholdengo||ChoiceScarf|GoodasGold|MakeItRain,ShadowBall,Trick,Thunderbolt|Modest|||||50|]Raichu||RaichuniteY|LightningRod|FakeOut,ZapCannon,VoltSwitch,FocusBlast|Hasty||F|||50|]Volcarona||SitrusBerry|FlameBody|HeatWave,RagePowder,GigaDrain,Protect|Bold||F|||50|
|showteam|p2|Gallade||FocusSash|Sharpness|SacredSword,PsychoCut,LeafBlade,WideGuard|Adamant||M|||50|]Camerupt||Cameruptite|SolidRock|HeatWave,AncientPower,EarthPower,Protect|Quiet||F|||50|]Farigiraf||ColburBerry|ArmorTail|TwinBeam,TrickRoom,Protect,Thunderbolt|Bold||F|||50|]Kingambit||BlackGlasses|Defiant|SuckerPunch,IronHead,KowtowCleave,LowKick|Brave||F|||50|]Gyarados||Gyaradosite|Intimidate|Waterfall,IceFang,Protect,Crunch|Adamant||F|||50|]Sylveon||FairyFeather|Pixilate|HyperVoice,Protect,QuickAttack,HyperBeam|Quiet||F|||50|
|
|t:|1782684121
|teamsize|p1|4
|teamsize|p2|4
|start
|switch|p1a: Raichu|Raichu, L50, F|100/100
|switch|p1b: Gholdengo|Gholdengo, L50|100/100
|switch|p2a: Farigiraf|Farigiraf, L50, F|100/100
|switch|p2b: Sylveon|Sylveon, L50, F|100/100
|turn|1
|
|t:|1782684164
|switch|p2b: Camerupt|Camerupt, L50, F|100/100
|detailschange|p1a: Raichu|Raichu-Mega-Y, L50, F
|-mega|p1a: Raichu|Raichu|Raichunite Y
|move|p1b: Gholdengo|Trick|p2a: Farigiraf
|-activate|p1b: Gholdengo|move: Trick|[of] p2a: Farigiraf
|-item|p2a: Farigiraf|Choice Scarf|[from] move: Trick
|-item|p1b: Gholdengo|Colbur Berry|[from] move: Trick
|move|p1a: Raichu|Zap Cannon|p2b: Camerupt
|-immune|p2b: Camerupt
|move|p2a: Farigiraf|Trick Room|p2a: Farigiraf
|-fieldstart|move: Trick Room|[of] p2a: Farigiraf
|
|upkeep
|turn|2
|
|t:|1782684190
|switch|p2a: Gyarados|Gyarados, L50, F|100/100
|-ability|p2a: Gyarados|Intimidate|boost
|-unboost|p1a: Raichu|atk|1
|-unboost|p1b: Gholdengo|atk|1
|switch|p1a: Volcarona|Volcarona, L50, F|100/100
|detailschange|p2b: Camerupt|Camerupt-Mega, L50, F
|-mega|p2b: Camerupt|Camerupt|Cameruptite
|move|p2b: Camerupt|Heat Wave|p1a: Volcarona|[spread] p1a,p1b
|-supereffective|p1b: Gholdengo|1
|-crit|p1b: Gholdengo
|-damage|p1a: Volcarona|54/100
|-damage|p1b: Gholdengo|0 fnt
|faint|p1b: Gholdengo
|
|upkeep
|
|t:|1782684204
|switch|p1b: Whimsicott|Whimsicott, L50, F|100/100
|turn|3
|
|t:|1782684232
|move|p1a: Volcarona|Protect|p1a: Volcarona
|-singleturn|p1a: Volcarona|Protect
|move|p1b: Whimsicott|Encore|p2b: Camerupt
|-start|p2b: Camerupt|Encore
|move|p2b: Camerupt|Heat Wave|p1a: Volcarona|[spread] p1b
|-activate|p1a: Volcarona|move: Protect
|-supereffective|p1b: Whimsicott|1
|-enditem|p1b: Whimsicott|Focus Sash
|-damage|p1b: Whimsicott|1/100
|move|p2a: Gyarados|Ice Fang|p1b: Whimsicott
|-supereffective|p1b: Whimsicott|1
|-damage|p1b: Whimsicott|0 fnt
|faint|p1b: Whimsicott
|
|upkeep
|
|t:|1782684244
|switch|p1b: Raichu|Raichu-Mega-Y, L50, F|100/100
|turn|4
|
|t:|1782684255
|switch|p2a: Farigiraf|Farigiraf, L50, F|100/100
|move|p1a: Volcarona|Protect||[still]
|-fail|p1a: Volcarona
|move|p1b: Raichu|Fake Out||[still]
|cant|p2a: Farigiraf|ability: Armor Tail|Fake Out|[of] p1b: Raichu
|move|p2b: Camerupt|Heat Wave|p1b: Raichu|[spread] p1a,p1b
|-damage|p1a: Volcarona|3/100
|-damage|p1b: Raichu|4/100
|-enditem|p1a: Volcarona|Sitrus Berry|[eat]
|-heal|p1a: Volcarona|28/100|[from] item: Sitrus Berry
|
|upkeep
|turn|5
|
|t:|1782684282
|switch|p2a: Gyarados|Gyarados, L50, F|100/100
|-ability|p2a: Gyarados|Intimidate|boost
|-unboost|p1a: Volcarona|atk|1
|-unboost|p1b: Raichu|atk|1
|move|p2b: Camerupt|Heat Wave|p1b: Raichu|[spread] p1a,p1b
|-damage|p1a: Volcarona|0 fnt
|-damage|p1b: Raichu|0 fnt
|faint|p1a: Volcarona
|faint|p1b: Raichu
|
|win|alkittxn
|l|☆Njase
|player|p1|
|inactive|Njase has 30 seconds to confirm battle start!
|inactive|alkittxn has 30 seconds to confirm battle start!
