|j|☆Tractie
|j|☆beeetch
|html|Tractiebeeetch    
|uhtml|bestof|Game 1 of a best-of-3
|t:|1756673880
|gametype|doubles
|player|p1|Tractie|170|1246
|player|p2|beeetch|beauty-gen4dp|1272
|gen|9
|tier|[Gen 9] VGC 2025 Reg H (Bo3)
|rated|
|rule|Species Clause: Limit one of each Pokémon
|rule|Item Clause: Limit 1 of each item
|clearpoke
|poke|p1|Gothitelle, L50, F|
|poke|p1|Dondozo, L50, M|
|poke|p1|Kingambit, L50, M|
|poke|p1|Rillaboom, L50, F|
|poke|p1|Incineroar, L50, M|
|poke|p1|Dragapult, L50, M|
|poke|p2|Toedscruel, L50, F|
|poke|p2|Weezing-Galar, L50, F|
|poke|p2|Corviknight, L50, F|
|poke|p2|Pawmot, L50, F|
|poke|p2|Garchomp, L50, F|
|poke|p2|Typhlosion-Hisui, L50, F|
|teampreview|4
|showteam|p1|Gothitelle||SitrusBerry|ShadowTag|FakeOut,Psychic,TrickRoom,Protect|||F|||50|,,,,,Water]Dondozo||Leftovers|Unaware|WaveCrash,BodyPress,Yawn,Protect|||M|||50|,,,,,Electric]Kingambit||BlackGlasses|Defiant|SuckerPunch,KowtowCleave,SwordsDance,Protect|||M|||50|,,,,,Dark]Rillaboom||ChoiceBand|GrassySurge|WoodHammer,GrassyGlide,HighHorsepower,Uturn|||F|||50|,,,,,Ghost]Incineroar||SafetyGoggles|Intimidate|FakeOut,FlareBlitz,KnockOff,PartingShot|||M|||50|,,,,,Ghost]Dragapult||LifeOrb|ClearBody|ShadowBall,DracoMeteor,TeraBlast,Protect|||M|||50|,,,,,Fairy
|showteam|p2|Toedscruel||CovertCloak|MyceliumMight|Spore,EarthPower,AcidSpray,RagePowder|||F|||50|,,,,,Water]Weezing-Galar||ChoiceSpecs|NeutralizingGas|DazzlingGleam,SludgeBomb,StrangeSteam,Flamethrower|||F|||50|,,,,,Fire]Corviknight||SitrusBerry|MirrorArmor|Protect,Tailwind,Roost,BraveBird|||F|||50|,,,,,Dragon]Pawmot||FocusSash|NaturalCure|Protect,CloseCombat,DoubleShock,FakeOut|||F|||50|,,,,,Electric]Garchomp||LifeOrb|RoughSkin|Protect,Earthquake,DragonClaw,StompingTantrum|||F|||50|,,,,,Ground]Typhlosion-Hisui||ChoiceScarf|Blaze|Eruption,SleepTalk,HeatWave,ShadowBall|||F|||50|,,,,,Fire
|inactive|Battle timer is ON: inactive players will automatically lose when time's up. (requested by Tractie)
|inactive|Tractie has 60 seconds left.
|inactive|Tractie has 30 seconds left.
|inactive|Tractie has 20 seconds left.
|inactive|Tractie has 15 seconds left.
|inactive|Tractie has 10 seconds left.
|inactive|Tractie has 5 seconds left.
|
|t:|1756673969
|teamsize|p1|4
|teamsize|p2|4
|start
|switch|p1a: Kingambit|Kingambit, L50, M|100/100
|switch|p1b: Rillaboom|Rillaboom, L50, F|100/100
|switch|p2a: Typhlosion|Typhlosion-Hisui, L50, F|100/100
|switch|p2b: Weezing|Weezing-Galar, L50, F|100/100
|-ability|p2b: Weezing|Neutralizing Gas
|turn|1
|inactive|Tractie has 30 seconds left.
|inactive|Tractie has 20 seconds left.
|inactive|Tractie has 15 seconds left.
|
|t:|1756674010
|switch|p1a: Incineroar|Incineroar, L50, M|100/100
|-terastallize|p2a: Typhlosion|Fire
|move|p2a: Typhlosion|Heat Wave|p1a: Incineroar|[spread] p1a,p1b
|-resisted|p1a: Incineroar
|-supereffective|p1b: Rillaboom
|-damage|p1a: Incineroar|82/100
|-damage|p1b: Rillaboom|0 fnt
|faint|p1b: Rillaboom
|move|p2b: Weezing|Dazzling Gleam|p1a: Incineroar
|-damage|p1a: Incineroar|40/100
|
|upkeep
|
|t:|1756674022
|switch|p1b: Kingambit|Kingambit, L50, M|100/100
|turn|2
|
|t:|1756674037
|-terastallize|p1b: Kingambit|Dark
|move|p1a: Incineroar|Fake Out|p2b: Weezing
|-crit|p2b: Weezing
|-damage|p2b: Weezing|82/100
|move|p2a: Typhlosion|Heat Wave|p1a: Incineroar|[spread] p1a
|-miss|p2a: Typhlosion|p1b: Kingambit
|-resisted|p1a: Incineroar
|-damage|p1a: Incineroar|19/100
|cant|p2b: Weezing|flinch
|move|p1b: Kingambit|Kowtow Cleave|p2a: Typhlosion
|-damage|p2a: Typhlosion|0 fnt
|faint|p2a: Typhlosion
|
|upkeep
|
|t:|1756674050
|switch|p2a: Pawmot|Pawmot, L50, F|100/100
|turn|3
|inactive|Tractie has 30 seconds left.
|
|t:|1756674078
|move|p2a: Pawmot|Protect|p2a: Pawmot
|-singleturn|p2a: Pawmot|Protect
|move|p1b: Kingambit|Sucker Punch|p2b: Weezing
|-resisted|p2b: Weezing
|-damage|p2b: Weezing|50/100
|move|p2b: Weezing|Dazzling Gleam|p1a: Incineroar|[spread] p1a,p1b
|-crit|p1a: Incineroar
|-supereffective|p1b: Kingambit
|-damage|p1a: Incineroar|0 fnt
|-damage|p1b: Kingambit|31/100
|faint|p1a: Incineroar
|
|upkeep
|
|t:|1756674088
|switch|p1a: Dragapult|Dragapult, L50, M|100/100
|turn|4
|
|t:|1756674103
|move|p1b: Kingambit|Sucker Punch|p2a: Pawmot
|-resisted|p2a: Pawmot
|-damage|p2a: Pawmot|49/100
|move|p1a: Dragapult|Shadow Ball|p2b: Weezing
|-damage|p2b: Weezing|0 fnt
|faint|p2b: Weezing
|-end|p2b: Weezing|ability: Neutralizing Gas
|-damage|p1a: Dragapult|91/100|[from] item: Life Orb
|move|p2a: Pawmot|Close Combat|p1b: Kingambit
|-supereffective|p1b: Kingambit
|-damage|p1b: Kingambit|0 fnt
|-unboost|p2a: Pawmot|def|1
|-unboost|p2a: Pawmot|spd|1
|faint|p1b: Kingambit
|
|upkeep
|
|t:|1756674118
|switch|p2b: Garchomp|Garchomp, L50, F|100/100
|turn|5
|
|t:|1756674129
|move|p1a: Dragapult|Protect|p1a: Dragapult
|-singleturn|p1a: Dragapult|Protect
|move|p2b: Garchomp|Protect|p2b: Garchomp
|-singleturn|p2b: Garchomp|Protect
|move|p2a: Pawmot|Double Shock|p1a: Dragapult
|-activate|p1a: Dragapult|move: Protect
|
|upkeep
|turn|6
|
|t:|1756674136
|move|p1a: Dragapult|Draco Meteor|p2b: Garchomp
|-supereffective|p2b: Garchomp
|-damage|p2b: Garchomp|0 fnt
|-unboost|p1a: Dragapult|spa|2
|faint|p2b: Garchomp
|-damage|p1a: Dragapult|81/100|[from] item: Life Orb
|move|p2a: Pawmot|Double Shock|p1a: Dragapult
|-resisted|p1a: Dragapult
|-damage|p1a: Dragapult|42/100
|-start|p2a: Pawmot|typechange|???/Fighting|[from] move: Double Shock
|
|upkeep
|turn|7
|
|t:|1756674149
|move|p1a: Dragapult|Shadow Ball|p2a: Pawmot
|-damage|p2a: Pawmot|0 fnt
|faint|p2a: Pawmot
|-damage|p1a: Dragapult|32/100|[from] item: Life Orb
|
|win|Tractie
|l|☆Tractie
|player|p1|
