|j|☆taytayla
|j|☆Hadrian1917
|html|taytaylaHadrian1917    
|uhtml|bestof|Game 1 of a best-of-3
|t:|1757111051
|gametype|doubles
|player|p1|taytayla|lady|1224
|player|p2|Hadrian1917|169|1156
|gen|9
|tier|[Gen 9] VGC 2025 Reg H (Bo3)
|rated|
|rule|Species Clause: Limit one of each Pokémon
|rule|Item Clause: Limit 1 of each item
|clearpoke
|poke|p1|Arcanine-Hisui, L50, M|
|poke|p1|Ninetales-Alola, L50, M|
|poke|p1|Gholdengo, L50|
|poke|p1|Sneasler, L50, F|
|poke|p1|Rillaboom, L50, M|
|poke|p1|Dragonite, L50, F|
|poke|p2|Dragonite, L50, M|
|poke|p2|Ursaluna-Bloodmoon, L50, M|
|poke|p2|Gholdengo, L50|
|poke|p2|Maushold-Four, L50|
|poke|p2|Annihilape, L50, F|
|poke|p2|Rillaboom, L50, M|
|teampreview|4
|showteam|p1|Arcanine-Hisui||ClearAmulet|Intimidate|FlareBlitz,RockSlide,Protect,ExtremeSpeed|||M|||50|,,,,,Water]Ninetales-Alola||FocusSash|SnowWarning|Blizzard,IcyWind,AuroraVeil,Encore|||M|||50|,,,,,Ghost]Gholdengo||GrassySeed|GoodasGold|MakeItRain,NastyPlot,ShadowBall,Protect||||||50|,,,,,Water]Sneasler||WhiteHerb|Unburden|DireClaw,CloseCombat,Coaching,Protect|||F|||50|,,,,,Ghost]Rillaboom||AssaultVest|GrassySurge|FakeOut,DrumBeating,HighHorsepower,GrassyGlide|||M|||50|,,,,,Fire]Dragonite||LoadedDice|Multiscale|ScaleShot,Protect,StompingTantrum,Tailwind|||F|||50|,,,,,Ground
|showteam|p2|Dragonite||LoadedDice|Multiscale|ScaleShot,Tailwind,Haze,Protect|||M|||50|,,,,,Fairy]Ursaluna-Bloodmoon||AssaultVest|MindsEye|BloodMoon,EarthPower,HyperVoice,VacuumWave|||M|||50|,,,,,Water]Gholdengo||LifeOrb|GoodasGold|MakeItRain,ShadowBall,NastyPlot,Protect||||||50|,,,,,Dragon]Maushold-Four||FocusSash|FriendGuard|Taunt,FollowMe,BeatUp,Protect||||||50|,,,,,Ghost]Annihilape||SitrusBerry|Defiant|RageFist,DrainPunch,BulkUp,Protect|||F|||50|,,,,,Fire]Rillaboom||MiracleSeed|GrassySurge|WoodHammer,GrassyGlide,HighHorsepower,FakeOut|||M|||50|,,,,,Fire
|inactive|Battle timer is ON: inactive players will automatically lose when time's up. (requested by taytayla)
|inactive|taytayla has 60 seconds left.
|inactive|Hadrian1917 has 60 seconds left.
|
|t:|1757111097
|teamsize|p1|4
|teamsize|p2|4
|start
|switch|p1a: Sneasler|Sneasler, L50, F|100/100
|switch|p1b: Dragonite|Dragonite, L50, F|100/100
|switch|p2a: Maushold|Maushold-Four, L50, shiny|100/100
|switch|p2b: Annihilape|Annihilape, L50, F, shiny|100/100
|turn|1
|
|t:|1757111119
|move|p1a: Sneasler|Coaching|p1b: Dragonite
|-boost|p1b: Dragonite|atk|1
|-boost|p1b: Dragonite|def|1
|move|p2a: Maushold|Taunt|p1b: Dragonite
|-start|p1b: Dragonite|move: Taunt
|move|p2b: Annihilape|Bulk Up|p2b: Annihilape
|-boost|p2b: Annihilape|atk|1
|-boost|p2b: Annihilape|def|1
|move|p1b: Dragonite|Scale Shot|p2a: Maushold
|-damage|p2a: Maushold|77/100
|-damage|p2a: Maushold|53/100
|-damage|p2a: Maushold|30/100
|-damage|p2a: Maushold|4/100
|-hitcount|p2a: Maushold|4
|-unboost|p1b: Dragonite|def|1
|-boost|p1b: Dragonite|spe|1
|
|upkeep
|turn|2
|inactive|taytayla has 30 seconds left.
|
|t:|1757111150
|move|p2a: Maushold|Protect|p2a: Maushold
|-singleturn|p2a: Maushold|Protect
|move|p1b: Dragonite|Stomping Tantrum|p2a: Maushold
|-activate|p2a: Maushold|move: Protect
|move|p1a: Sneasler|Dire Claw|p2b: Annihilape
|-resisted|p2b: Annihilape
|-damage|p2b: Annihilape|90/100
|move|p2b: Annihilape|Bulk Up|p2b: Annihilape
|-boost|p2b: Annihilape|atk|1
|-boost|p2b: Annihilape|def|1
|
|upkeep
|turn|3
|
|t:|1757111172
|move|p2b: Annihilape|Protect|p2b: Annihilape
|-singleturn|p2b: Annihilape|Protect
|move|p1b: Dragonite|Stomping Tantrum|p2a: Maushold
|-damage|p2a: Maushold|0 fnt
|faint|p2a: Maushold
|move|p1a: Sneasler|Dire Claw|p2b: Annihilape
|-activate|p2b: Annihilape|move: Protect
|
|-end|p1b: Dragonite|move: Taunt
|upkeep
|
|t:|1757111182
|switch|p2a: Dragonite|Dragonite, L50, M, shiny|100/100
|turn|4
|
|t:|1757111203
|-terastallize|p1b: Dragonite|Ground
|-terastallize|p2a: Dragonite|Fairy
|move|p1b: Dragonite|Tailwind|p1b: Dragonite
|-sidestart|p1: taytayla|move: Tailwind
|move|p1a: Sneasler|Coaching|p1b: Dragonite
|-boost|p1b: Dragonite|atk|1
|-boost|p1b: Dragonite|def|1
|move|p2b: Annihilape|Rage Fist|p1b: Dragonite
|-damage|p1b: Dragonite|70/100
|move|p2a: Dragonite|Scale Shot|p1a: Sneasler
|-damage|p1a: Sneasler|74/100
|-damage|p1a: Sneasler|50/100
|-damage|p1a: Sneasler|27/100
|-damage|p1a: Sneasler|2/100
|-hitcount|p1a: Sneasler|4
|-unboost|p2a: Dragonite|def|1
|-boost|p2a: Dragonite|spe|1
|
|upkeep
|turn|5
|inactive|Hadrian1917 has 30 seconds left.
|inactive|taytayla has 30 seconds left.
|inactive|taytayla has 20 seconds left.
|inactive|taytayla has 15 seconds left.
|inactive|taytayla has 10 seconds left.
|
|t:|1757111255
|move|p1a: Sneasler|Protect|p1a: Sneasler
|-singleturn|p1a: Sneasler|Protect
|move|p2a: Dragonite|Protect|p2a: Dragonite
|-singleturn|p2a: Dragonite|Protect
|move|p1b: Dragonite|Scale Shot|p2b: Annihilape
|-damage|p2b: Annihilape|75/100
|-damage|p2b: Annihilape|61/100
|-damage|p2b: Annihilape|48/100
|-enditem|p2b: Annihilape|Sitrus Berry|[eat]
|-heal|p2b: Annihilape|73/100|[from] item: Sitrus Berry
|-damage|p2b: Annihilape|59/100
|-damage|p2b: Annihilape|43/100
|-hitcount|p2b: Annihilape|5
|-unboost|p1b: Dragonite|def|1
|-boost|p1b: Dragonite|spe|1
|move|p2b: Annihilape|Rage Fist|p1b: Dragonite
|-damage|p1b: Dragonite|0 fnt
|faint|p1b: Dragonite
|
|upkeep
|
|t:|1757111273
|switch|p1b: Gholdengo|Gholdengo, L50|100/100
|turn|6
|
|t:|1757111287
|move|p2b: Annihilape|Protect|p2b: Annihilape
|-singleturn|p2b: Annihilape|Protect
|move|p1a: Sneasler|Dire Claw|p2a: Dragonite
|-supereffective|p2a: Dragonite
|-damage|p2a: Dragonite|29/100
|-status|p2a: Dragonite|par
|move|p1b: Gholdengo|Shadow Ball|p2b: Annihilape
|-activate|p2b: Annihilape|move: Protect
|move|p2a: Dragonite|Tailwind|p2a: Dragonite
|-sidestart|p2: Hadrian1917|move: Tailwind
|
|upkeep
|turn|7
|
|t:|1757111311
|move|p1a: Sneasler|Dire Claw|p2a: Dragonite
|-supereffective|p2a: Dragonite
|-damage|p2a: Dragonite|0 fnt
|faint|p2a: Dragonite
|move|p2b: Annihilape|Rage Fist|p1b: Gholdengo
|-supereffective|p1b: Gholdengo
|-damage|p1b: Gholdengo|0 fnt
|faint|p1b: Gholdengo
|
|-sideend|p1: taytayla|move: Tailwind
|upkeep
|
|t:|1757111321
|switch|p1b: Rillaboom|Rillaboom, L50, M|100/100
|switch|p2a: Gholdengo|Gholdengo, L50, shiny|100/100
|-fieldstart|move: Grassy Terrain|[from] ability: Grassy Surge|[of] p1b: Rillaboom
|turn|8
|
|t:|1757111336
|move|p2a: Gholdengo|Protect|p2a: Gholdengo
|-singleturn|p2a: Gholdengo|Protect
|move|p1b: Rillaboom|Grassy Glide|p2b: Annihilape
|-damage|p2b: Annihilape|26/100
|move|p2b: Annihilape|Rage Fist|p1b: Rillaboom
|-damage|p1b: Rillaboom|0 fnt
|faint|p1b: Rillaboom
|move|p1a: Sneasler|Dire Claw|p2b: Annihilape
|-resisted|p2b: Annihilape
|-damage|p2b: Annihilape|14/100
|
|-heal|p2b: Annihilape|21/100|[from] Grassy Terrain
|-heal|p1a: Sneasler|8/100|[from] Grassy Terrain
|upkeep
|turn|9
|
|t:|1757111356
|move|p2b: Annihilape|Rage Fist|p1a: Sneasler
|-damage|p1a: Sneasler|0 fnt
|faint|p1a: Sneasler
|
|win|Hadrian1917
||taytayla is ready for game 2.
||Hadrian1917 is ready for game 2.
|uhtml|next|Next: Game 2 of 3
|l|☆taytayla
|player|p1|
