|j|☆SloKoi
|j|☆ancientson
|html|SloKoiancientson    
|uhtml|bestof|Game 3 of a best-of-3
|t:|1756150507
|gametype|doubles
|player|p1|SloKoi|red-gen7|1077
|player|p2|ancientson|n|1079
|gen|9
|tier|[Gen 9] VGC 2025 Reg H (Bo3)
|rated|
|rule|Species Clause: Limit one of each Pokémon
|rule|Item Clause: Limit 1 of each item
|clearpoke
|poke|p1|Kingambit, L50, M|
|poke|p1|Rillaboom, L50, M|
|poke|p1|Clefable, L50, F|
|poke|p1|Volcarona, L50, M|
|poke|p1|Tauros-Paldea-Aqua, L50, M|
|poke|p1|Gengar, L50, M|
|poke|p2|Dragapult, L50, F|
|poke|p2|Gholdengo, L50|
|poke|p2|Murkrow, L50, M|
|poke|p2|Sneasler, L50, F|
|poke|p2|Armarouge, L50, F|
|poke|p2|Indeedee-F, L50, F|
|teampreview|4
|showteam|p1|Kingambit||SafetyGoggles|Defiant|KowtowCleave,SuckerPunch,SwordsDance,Protect|||M|||50|,,,,,Dark]Rillaboom||AssaultVest|GrassySurge|WoodHammer,GrassyGlide,Uturn,FakeOut|||M|||50|,,,,,Fire]Clefable||SitrusBerry|Unaware|Moonblast,FollowMe,SkillSwap,Protect|||F|||50|,,,,,Grass]Volcarona||Leftovers|FlameBody|HeatWave,GigaDrain,QuiverDance,Protect|||M|||50|,,,,,Dragon]Tauros-Paldea-Aqua||ClearAmulet|Intimidate|WaveCrash,CloseCombat,AquaJet,Protect|||M|||50|,,,,,Steel]Gengar||FocusSash|CursedBody|SludgeBomb,ShadowBall,Taunt,Protect|||M|||50|,,,,,Ghost
|showteam|p2|Dragapult||LifeOrb|ClearBody|DragonDarts,Uturn,PhantomForce,SuckerPunch|||F|||50|,,,,,Dragon]Gholdengo||Leftovers|GoodasGold|Protect,ShadowBall,MakeItRain,NastyPlot||||||50|,,,,,Fighting]Murkrow||Eviolite|Prankster|FoulPlay,Tailwind,Haze,SunnyDay|||M|||50|,,,,,Dark]Sneasler||PsychicSeed|Unburden|DireClaw,CloseCombat,Protect,ThroatChop|||F|||50|,,,,,Dark]Armarouge||MentalHerb|FlashFire|ExpandingForce,HeatWave,Protect,TeraBlast|||F|||50|,,,,,Fighting]Indeedee-F||RockyHelmet|PsychicSurge|FollowMe,HelpingHand,TrickRoom,Psychic|||F|||50|,,,,,Dark
|inactive|Battle timer is ON: inactive players will automatically lose when time's up. (requested by ancientson)
|
|t:|1756150532
|teamsize|p1|4
|teamsize|p2|4
|start
|switch|p1a: Volcarona|Volcarona, L50, M|100/100
|switch|p1b: Gengar|Gengar, L50, M|100/100
|switch|p2a: Dragapult|Dragapult, L50, F|100/100
|switch|p2b: Sneasler|Sneasler, L50, F|100/100
|turn|1
|inactive|ancientson has 30 seconds left.
|inactive|SloKoi has 30 seconds left.
|
|t:|1756150568
|-terastallize|p2a: Dragapult|Dragon
|move|p2a: Dragapult|Dragon Darts|p1a: Volcarona
|-damage|p1a: Volcarona|57/100
|-anim|p2a: Dragapult|Dragon Darts|p1b: Gengar
|-damage|p1b: Gengar|12/100
|-start|p2a: Dragapult|Disable|Dragon Darts|[from] ability: Cursed Body|[of] p1b: Gengar
|-damage|p2a: Dragapult|91/100|[from] item: Life Orb
|move|p2b: Sneasler|Throat Chop|p1a: Volcarona
|-damage|p1a: Volcarona|30/100
|-start|p1a: Volcarona|Throat Chop|[silent]
|move|p1b: Gengar|Shadow Ball|p2a: Dragapult
|-damage|p2a: Dragapult|37/100
|move|p1a: Volcarona|Heat Wave|p2b: Sneasler|[spread] p2a,p2b
|-resisted|p2a: Dragapult
|-damage|p2a: Dragapult|15/100
|-damage|p2b: Sneasler|59/100
|-status|p2b: Sneasler|brn
|
|-heal|p1a: Volcarona|36/100|[from] item: Leftovers
|-damage|p2b: Sneasler|53/100 brn|[from] brn
|upkeep
|turn|2
|inactive|ancientson has 30 seconds left.
|
|t:|1756150595
|move|p2a: Dragapult|U-turn|p1b: Gengar
|-resisted|p1b: Gengar
|-damage|p1b: Gengar|0 fnt
|faint|p1b: Gengar
|-damage|p2a: Dragapult|5/100|[from] item: Life Orb
|
|t:|1756150612
|switch|p2a: Indeedee|Indeedee-F, L50, F|100/100|[from] U-turn
|-fieldstart|move: Psychic Terrain|[from] ability: Psychic Surge|[of] p2a: Indeedee
|-enditem|p2b: Sneasler|Psychic Seed
|-boost|p2b: Sneasler|spd|1|[from] item: Psychic Seed
|move|p2b: Sneasler|Close Combat|p1a: Volcarona
|-resisted|p1a: Volcarona
|-damage|p1a: Volcarona|22/100
|-unboost|p2b: Sneasler|def|1
|-unboost|p2b: Sneasler|spd|1
|move|p1a: Volcarona|Quiver Dance|p1a: Volcarona
|-boost|p1a: Volcarona|spa|1
|-boost|p1a: Volcarona|spd|1
|-boost|p1a: Volcarona|spe|1
|
|-heal|p1a: Volcarona|28/100|[from] item: Leftovers
|-damage|p2b: Sneasler|48/100 brn|[from] brn
|-end|p1a: Volcarona|Throat Chop|[silent]
|upkeep
|
|t:|1756150630
|switch|p1b: Rillaboom|Rillaboom, L50, M|100/100
|-fieldstart|move: Grassy Terrain|[from] ability: Grassy Surge|[of] p1b: Rillaboom
|turn|3
|inactive|ancientson has 30 seconds left.
|
|t:|1756150661
|switch|p2a: Dragapult|Dragapult, L50, F, tera:Dragon|5/100
|move|p1b: Rillaboom|Fake Out|p2b: Sneasler
|-damage|p2b: Sneasler|13/100 brn
|cant|p2b: Sneasler|flinch
|move|p1a: Volcarona|Giga Drain|p2a: Dragapult
|-resisted|p2a: Dragapult
|-damage|p2a: Dragapult|0 fnt
|-heal|p1a: Volcarona|30/100|[from] drain|[of] p2a: Dragapult
|faint|p2a: Dragapult
|
|-heal|p2b: Sneasler|19/100 brn|[from] Grassy Terrain
|-heal|p1a: Volcarona|36/100|[from] Grassy Terrain
|-heal|p1a: Volcarona|41/100|[from] item: Leftovers
|-damage|p2b: Sneasler|13/100 brn|[from] brn
|upkeep
|
|t:|1756150671
|switch|p2a: Indeedee|Indeedee-F, L50, F|100/100
|-fieldstart|move: Psychic Terrain|[from] ability: Psychic Surge|[of] p2a: Indeedee
|turn|4
|
|t:|1756150691
|move|p2a: Indeedee|Helping Hand|p2b: Sneasler
|-singleturn|p2b: Sneasler|Helping Hand|[of] p2a: Indeedee
|move|p1a: Volcarona|Protect|p1a: Volcarona
|-singleturn|p1a: Volcarona|Protect
|move|p2b: Sneasler|Dire Claw|p1a: Volcarona
|-activate|p1a: Volcarona|move: Protect
|move|p1b: Rillaboom|U-turn|p2a: Indeedee
|-supereffective|p2a: Indeedee
|-damage|p2a: Indeedee|53/100
|-damage|p1b: Rillaboom|84/100|[from] item: Rocky Helmet|[of] p2a: Indeedee
|
|t:|1756150701
|switch|p1b: Kingambit|Kingambit, L50, M|100/100|[from] U-turn
|
|-heal|p1a: Volcarona|47/100|[from] item: Leftovers
|-damage|p2b: Sneasler|7/100 brn|[from] brn
|upkeep
|turn|5
|inactive|SloKoi has 30 seconds left.
|
|t:|1756150735
|switch|p2a: Armarouge|Armarouge, L50, F|100/100
|move|p2b: Sneasler|Close Combat|p1b: Kingambit
|-supereffective|p1b: Kingambit
|-damage|p1b: Kingambit|4/100
|-unboost|p2b: Sneasler|def|1
|-unboost|p2b: Sneasler|spd|1
|move|p1a: Volcarona|Heat Wave|p2b: Sneasler|[spread] p2b
|-start|p2a: Armarouge|ability: Flash Fire
|-damage|p2b: Sneasler|0 fnt
|faint|p2b: Sneasler
|move|p1b: Kingambit|Kowtow Cleave|p2a: Armarouge
|-supereffective|p2a: Armarouge
|-damage|p2a: Armarouge|25/100
|
|-heal|p1a: Volcarona|53/100|[from] item: Leftovers
|upkeep
|
|t:|1756150741
|switch|p2b: Indeedee|Indeedee-F, L50, F|53/100
|turn|6
|inactive|SloKoi has 30 seconds left.
|
|t:|1756150774
|switch|p1a: Rillaboom|Rillaboom, L50, M|84/100
|-fieldstart|move: Grassy Terrain|[from] ability: Grassy Surge|[of] p1a: Rillaboom
|move|p2b: Indeedee|Follow Me|p2b: Indeedee
|-singleturn|p2b: Indeedee|move: Follow Me
|move|p1b: Kingambit|Sucker Punch||[still]
|-fail|p1b: Kingambit
|move|p2a: Armarouge|Heat Wave|p1b: Kingambit|[spread] p1a
|-miss|p2a: Armarouge|p1b: Kingambit
|-supereffective|p1a: Rillaboom
|-damage|p1a: Rillaboom|11/100
|
|-heal|p1a: Rillaboom|17/100|[from] Grassy Terrain
|-heal|p2b: Indeedee|59/100|[from] Grassy Terrain
|-heal|p2a: Armarouge|32/100|[from] Grassy Terrain
|-heal|p1b: Kingambit|10/100|[from] Grassy Terrain
|upkeep
|turn|7
|
|t:|1756150792
|move|p1a: Rillaboom|Fake Out|p2a: Armarouge
|-damage|p2a: Armarouge|19/100
|move|p2b: Indeedee|Follow Me|p2b: Indeedee
|-singleturn|p2b: Indeedee|move: Follow Me
|cant|p2a: Armarouge|flinch
|move|p1b: Kingambit|Kowtow Cleave|p2b: Indeedee
|-supereffective|p2b: Indeedee
|-damage|p2b: Indeedee|0 fnt
|-damage|p1b: Kingambit|0 fnt|[from] item: Rocky Helmet|[of] p2b: Indeedee
|faint|p2b: Indeedee
|faint|p1b: Kingambit
|
|-heal|p1a: Rillaboom|23/100|[from] Grassy Terrain
|-heal|p2a: Armarouge|25/100|[from] Grassy Terrain
|upkeep
|
|t:|1756150801
|switch|p1b: Volcarona|Volcarona, L50, M|53/100
|turn|8
|
|t:|1756150813
|-terastallize|p1a: Rillaboom|Fire
|move|p1b: Volcarona|Protect|p1b: Volcarona
|-singleturn|p1b: Volcarona|Protect
|move|p1a: Rillaboom|U-turn|p2a: Armarouge
|-damage|p2a: Armarouge|4/100
|move|p2a: Armarouge|Heat Wave|p1b: Volcarona|[spread] p1a
|-activate|p1b: Volcarona|move: Protect
|-resisted|p1a: Rillaboom
|-damage|p1a: Rillaboom|3/100
|
|-heal|p1b: Volcarona|59/100|[from] Grassy Terrain
|-heal|p1b: Volcarona|64/100|[from] item: Leftovers
|-heal|p1a: Rillaboom|9/100|[from] Grassy Terrain
|-heal|p2a: Armarouge|10/100|[from] Grassy Terrain
|upkeep
|turn|9
|
|t:|1756150830
|move|p1b: Volcarona|Giga Drain|p2a: Armarouge
|-resisted|p2a: Armarouge
|-damage|p2a: Armarouge|0 fnt
|-heal|p1b: Volcarona|70/100|[from] drain|[of] p2a: Armarouge
|faint|p2a: Armarouge
|
|win|SloKoi
|raw|SloKoi's rating: 1077 → 1106(+29 for winning)
|raw|ancientson's rating: 1079 → 1057(-22 for losing)
