|j|☆eklyst
|j|☆thaduck
|html|eklystthaduck    
|uhtml|bestof|Game 1 of a best-of-3
|t:|1784908049
|gametype|doubles
|player|p1|eklyst|pokemaniac|1256
|player|p2|thaduck|ghetsis|1178
|gen|9
|tier|[Gen 9 Champions] VGC 2026 Reg M-B (Bo3)
|rated|
|rule|Species Clause: Limit one of each Pokémon
|rule|Item Clause: Limit 1 of each item
|clearpoke
|poke|p1|Metagross, L50|
|poke|p1|Floette-Eternal, L50, F|
|poke|p1|Garchomp, L50, F|
|poke|p1|Aerodactyl, L50, F|
|poke|p1|Sinistcha, L50|
|poke|p1|Incineroar, L50, F|
|poke|p2|Whimsicott, L50, F|
|poke|p2|Sneasler, L50, F|
|poke|p2|Kingambit, L50, F|
|poke|p2|Froslass, L50, F, shiny|
|poke|p2|Basculegion, L50, M|
|poke|p2|Garchomp, L50, F|
|teampreview|4
|showteam|p1|Metagross||Metagrossite|ClearBody|PsychicFangs,IronHead,BulletPunch,Protect|Adamant|||||50|]Floette-Eternal||Floettite|FlowerVeil|DazzlingGleam,Moonblast,CalmMind,Protect|Modest||F|||50|]Garchomp||LifeOrb|RoughSkin|RockSlide,StompingTantrum,DragonClaw,Protect|Jolly||F|||50|]Aerodactyl||FocusSash|Unnerve|RockSlide,DualWingbeat,Tailwind,Protect|Jolly||F|||50|]Sinistcha||KasibBerry|Hospitality|MatchaGotcha,TrickRoom,RagePowder,Protect|Relaxed|||||50|]Incineroar||SitrusBerry|Intimidate|FakeOut,FlareBlitz,ThroatChop,PartingShot|Adamant||F|||50|
|showteam|p2|Whimsicott||OccaBerry|Prankster|Protect,Encore,Tailwind,Moonblast|Bold||F|||50|]Sneasler||WhiteHerb|Unburden|FakeOut,DireClaw,CloseCombat,Protect|Jolly||F|||50|]Kingambit||BlackGlasses|Defiant|KowtowCleave,IronHead,SuckerPunch,Protect|Adamant||F|||50|]Froslass||Froslassite|CursedBody|Blizzard,ShadowBall,AuroraVeil,Protect|Modest||F|||50|]Basculegion||MysticWater|Adaptability|WaveCrash,AquaJet,LastRespects,Protect|Adamant||M|||50|]Garchomp||LifeOrb|RoughSkin|DragonClaw,StompingTantrum,RockSlide,Protect|Jolly||F|||50|
|inactive|Battle timer is ON: inactive players will automatically lose when time's up. (requested by eklyst)
|inactive|eklyst has 60 seconds left.
|inactive|eklyst has 30 seconds left.
|inactive|eklyst has 20 seconds left.
|
|t:|1784908121
|teamsize|p1|4
|teamsize|p2|4
|start
|switch|p1a: Sinistcha|Sinistcha, L50|100/100
|switch|p1b: Floette|Floette-Eternal, L50, F|100/100
|switch|p2a: Youmu|Kingambit, L50, F|100/100
|switch|p2b: Seiran|Sneasler, L50, F|100/100
|turn|1
|
|t:|1784908138
|detailschange|p1b: Floette|Floette-Mega, L50, F
|-mega|p1b: Floette|Floette|Floettite
|-ability|p1b: Floette|Fairy Aura
|move|p2b: Seiran|Fake Out|p1b: Floette
|-damage|p1b: Floette|86/100
|cant|p1b: Floette|flinch
|move|p2a: Youmu|Kowtow Cleave|p1a: Sinistcha
|-supereffective|p1a: Sinistcha|1
|-damage|p1a: Sinistcha|0 fnt
|faint|p1a: Sinistcha
|
|upkeep
|
|t:|1784908149
|switch|p1a: Garchomp|Garchomp, L50, F|100/100
|turn|2
|
|t:|1784908159
|move|p2a: Youmu|Protect|p2a: Youmu
|-singleturn|p2a: Youmu|Protect
|move|p2b: Seiran|Dire Claw|p1b: Floette
|-supereffective|p1b: Floette|1
|-damage|p1b: Floette|13/100
|move|p1a: Garchomp|Stomping Tantrum|p2a: Youmu
|-activate|p2a: Youmu|move: Protect
|move|p1b: Floette|Calm Mind|p1b: Floette
|-boost|p1b: Floette|spa|1
|-boost|p1b: Floette|spd|1
|
|upkeep
|turn|3
|
|t:|1784908172
|move|p1b: Floette|Protect|p1b: Floette
|-singleturn|p1b: Floette|Protect
|move|p2a: Youmu|Sucker Punch||[still]
|-fail|p2a: Youmu
|move|p2b: Seiran|Close Combat|p1a: Garchomp
|-damage|p1a: Garchomp|43/100
|-unboost|p2b: Seiran|def|1
|-unboost|p2b: Seiran|spd|1
|-damage|p2b: Seiran|87/100|[from] ability: Rough Skin|[of] p1a: Garchomp
|-enditem|p2b: Seiran|White Herb
|-clearnegativeboost|p2b: Seiran|[silent]
|move|p1a: Garchomp|Stomping Tantrum|p2a: Youmu
|-supereffective|p2a: Youmu|1
|-crit|p2a: Youmu
|-damage|p2a: Youmu|0 fnt
|faint|p2a: Youmu
|-damage|p1a: Garchomp|33/100|[from] item: Life Orb
|
|upkeep
|
|t:|1784908188
|switch|p2a: Cirno|Froslass, L50, F, shiny|100/100
|turn|4
|
|t:|1784908204
|switch|p1b: Incineroar|Incineroar, L50, F|100/100
|-ability|p1b: Incineroar|Intimidate|boost
|-unboost|p2a: Cirno|atk|1
|-unboost|p2b: Seiran|atk|1
|detailschange|p2a: Cirno|Froslass-Mega, L50, F, shiny
|-mega|p2a: Cirno|Froslass|Froslassite
|-weather|Snowscape|[from] ability: Snow Warning|[of] p2a: Cirno
|move|p1a: Garchomp|Protect|p1a: Garchomp
|-singleturn|p1a: Garchomp|Protect
|move|p2b: Seiran|Dire Claw|p1b: Incineroar
|-damage|p1b: Incineroar|72/100
|move|p2a: Cirno|Blizzard|p1a: Garchomp|[spread] p1b
|-activate|p1a: Garchomp|move: Protect
|-resisted|p1b: Incineroar|1
|-damage|p1b: Incineroar|51/100
|
|-weather|Snowscape|[upkeep]
|upkeep
|turn|5
|
|t:|1784908222
|switch|p1a: Floette|Floette-Mega, L50, F|13/100
|-ability|p1a: Floette|Fairy Aura
|move|p2b: Seiran|Close Combat|p1a: Floette
|-resisted|p1a: Floette|1
|-damage|p1a: Floette|0 fnt
|-unboost|p2b: Seiran|def|1
|-unboost|p2b: Seiran|spd|1
|faint|p1a: Floette
|move|p2a: Cirno|Blizzard|p1b: Incineroar
|-resisted|p1b: Incineroar|1
|-damage|p1b: Incineroar|24/100
|-enditem|p1b: Incineroar|Sitrus Berry|[eat]
|-heal|p1b: Incineroar|49/100|[from] item: Sitrus Berry
|move|p1b: Incineroar|Flare Blitz|p2a: Cirno
|-supereffective|p2a: Cirno|1
|-damage|p2a: Cirno|0 fnt
|faint|p2a: Cirno
|-damage|p1b: Incineroar|21/100|[from] Recoil
|
|-weather|Snowscape|[upkeep]
|upkeep
|
|t:|1784908238
|switch|p2a: Yuyuko|Basculegion, L50, M|100/100
|switch|p1a: Garchomp|Garchomp, L50, F|33/100
|turn|6
|
|t:|1784908257
|move|p2a: Yuyuko|Aqua Jet|p1b: Incineroar
|-supereffective|p1b: Incineroar|1
|-damage|p1b: Incineroar|0 fnt
|faint|p1b: Incineroar
|move|p2b: Seiran|Close Combat|p1a: Garchomp
|-damage|p1a: Garchomp|0 fnt
|-unboost|p2b: Seiran|def|1
|-unboost|p2b: Seiran|spd|1
|-damage|p2b: Seiran|75/100|[from] ability: Rough Skin|[of] p1a: Garchomp
|faint|p1a: Garchomp
|
|win|thaduck
||thaduck is ready for game 2.
|inactive|eklyst has 30 seconds to confirm battle start!
|inactive|eklyst has 20 seconds to confirm battle start!
||eklyst is ready for game 2.
|uhtml|next|Next: Game 2 of 3
