|j|☆sergiovj
|j|☆teyvgc
|html|sergiovjteyvgc    
|uhtml|bestof|Game 2 of a best-of-3
|t:|1782587639
|gametype|doubles
|player|p1|sergiovj|colress|1070
|player|p2|teyvgc|1|1089
|gen|9
|tier|[Gen 9 Champions] VGC 2026 Reg M-B (Bo3)
|rated|
|rule|Species Clause: Limit one of each Pokémon
|rule|Item Clause: Limit 1 of each item
|clearpoke
|poke|p1|Hydreigon, L50, M|
|poke|p1|Garchomp, L50, F|
|poke|p1|Metagross, L50|
|poke|p1|Charizard, L50, M|
|poke|p1|Grimmsnarl, L50, M|
|poke|p1|Toxapex, L50, F|
|poke|p2|Houndstone, L50, F|
|poke|p2|Tyranitar, L50, F|
|poke|p2|Incineroar, L50, M|
|poke|p2|Farigiraf, L50, M, shiny|
|poke|p2|Garchomp, L50, F, shiny|
|poke|p2|Corviknight, L50, M|
|teampreview|4
|showteam|p1|Hydreigon||ChoiceScarf|Levitate|HeatWave,DarkPulse,DracoMeteor,Snarl|Modest||M|||50|]Garchomp||SitrusBerry|RoughSkin|Earthquake,RockSlide,DragonClaw,Protect|Adamant||F|||50|]Metagross||Metagrossite|ClearBody|IronHead,HammerArm,BulletPunch,Protect|Adamant|||||50|]Charizard||CharizarditeY|Blaze|Protect,HeatWave,SolarBeam,WeatherBall|Timid||M|||50|]Grimmsnarl||RoseliBerry|Prankster|FakeOut,FoulPlay,Reflect,PartingShot|Sassy||M|||50|]Toxapex||Leftovers|Regenerator|Infestation,Toxic,BanefulBunker,WideGuard|Bold||F|||50|
|showteam|p2|Houndstone||LifeOrb|SandRush|PsychicFangs,StompingTantrum,LastRespects,Protect|Adamant||F|||50|]Tyranitar||Tyranitarite|SandStream|RockSlide,KnockOff,LowKick,Protect|Adamant||F|||50|]Incineroar||PasshoBerry|Intimidate|FlareBlitz,DarkestLariat,FakeOut,PartingShot|Adamant||M|||50|]Farigiraf||TwistedSpoon|ArmorTail|HyperVoice,TwinBeam,TrickRoom,HelpingHand|Quiet||M|||50|]Garchomp||Garchompite|RoughSkin|StompingTantrum,DragonClaw,RockSlide,Protect|Adamant||F|||50|]Corviknight||Leftovers|MirrorArmor|BraveBird,BodyPress,BulkUp,Roost|Careful||M|||50|
|inactive|Battle timer is ON: inactive players will automatically lose when time's up. (requested by sergiovj)
|
|t:|1782587666
|teamsize|p1|4
|teamsize|p2|4
|start
|switch|p1a: Grimmsnarl|Grimmsnarl, L50, M|100/100
|switch|p1b: Hydreigon|Hydreigon, L50, M|100/100
|switch|p2a: ShePartingOnMyShot|Incineroar, L50, M|100/100
|switch|p2b: Corviknight|Corviknight, L50, M|100/100
|-ability|p2a: ShePartingOnMyShot|Intimidate|boost
|-unboost|p1a: Grimmsnarl|atk|1
|-unboost|p1b: Hydreigon|atk|1
|turn|1
|inactive|teyvgc has 30 seconds left.
|inactive|teyvgc has 20 seconds left.
|inactive|teyvgc has 15 seconds left.
|inactive|teyvgc has 10 seconds left.
|inactive|teyvgc has 5 seconds left.
|
|t:|1782587721
|move|p1a: Grimmsnarl|Fake Out|p2b: Corviknight
|-resisted|p2b: Corviknight|1
|-damage|p2b: Corviknight|97/100
|move|p1b: Hydreigon|Heat Wave|p2b: Corviknight|[spread] p2a
|-miss|p1b: Hydreigon|p2b: Corviknight
|-resisted|p2a: ShePartingOnMyShot|1
|-damage|p2a: ShePartingOnMyShot|88/100
|cant|p2b: Corviknight|flinch
|move|p2a: ShePartingOnMyShot|Flare Blitz|p1a: Grimmsnarl
|-damage|p1a: Grimmsnarl|45/100
|-damage|p2a: ShePartingOnMyShot|70/100|[from] Recoil
|
|-heal|p2b: Corviknight|100/100|[from] item: Leftovers
|upkeep
|turn|2
|
|t:|1782587741
|switch|p2b: BERT|Tyranitar, L50, F|100/100
|-weather|Sandstorm|[from] ability: Sand Stream|[of] p2b: BERT
|move|p1a: Grimmsnarl|Reflect|p1a: Grimmsnarl
|-sidestart|p1: sergiovj|Reflect
|move|p1b: Hydreigon|Heat Wave|p2a: ShePartingOnMyShot|[spread] p2a,p2b
|-resisted|p2a: ShePartingOnMyShot|1
|-resisted|p2b: BERT|1
|-damage|p2a: ShePartingOnMyShot|57/100
|-damage|p2b: BERT|92/100
|move|p2a: ShePartingOnMyShot|Parting Shot|p1b: Hydreigon
|-unboost|p1b: Hydreigon|atk|1
|-unboost|p1b: Hydreigon|spa|1
|
|t:|1782587754
|switch|p2a: Corviknight|Corviknight, L50, M|100/100|[from] Parting Shot
|
|-weather|Sandstorm|[upkeep]
|-damage|p1b: Hydreigon|94/100|[from] Sandstorm
|-damage|p1a: Grimmsnarl|39/100|[from] Sandstorm
|upkeep
|turn|3
|
|t:|1782587770
|switch|p1b: Toxapex|Toxapex, L50, F|100/100
|detailschange|p2b: BERT|Tyranitar-Mega, L50, F
|-mega|p2b: BERT|Tyranitar|Tyranitarite
|move|p1a: Grimmsnarl|Parting Shot|p2b: BERT
|-hint|Since gen 7, Dark is immune to Prankster moves.
|-immune|p2b: BERT
|move|p2a: Corviknight|Bulk Up|p2a: Corviknight
|-boost|p2a: Corviknight|atk|1
|-boost|p2a: Corviknight|def|1
|move|p2b: BERT|Knock Off|p1b: Toxapex
|-damage|p1b: Toxapex|70/100
|-enditem|p1b: Toxapex|Leftovers|[from] move: Knock Off|[of] p2b: BERT
|
|-weather|Sandstorm|[upkeep]
|-damage|p1a: Grimmsnarl|33/100|[from] Sandstorm
|-damage|p1b: Toxapex|64/100|[from] Sandstorm
|upkeep
|turn|4
|
|t:|1782587793
|move|p2a: Corviknight|Bulk Up|p2a: Corviknight
|-boost|p2a: Corviknight|atk|1
|-boost|p2a: Corviknight|def|1
|move|p2b: BERT|Rock Slide|p1b: Toxapex|[spread] p1a,p1b
|-damage|p1a: Grimmsnarl|7/100
|-damage|p1b: Toxapex|47/100
|move|p1a: Grimmsnarl|Foul Play|p2b: BERT
|-resisted|p2b: BERT|1
|-damage|p2b: BERT|72/100
|move|p1b: Toxapex|Toxic|p2b: BERT
|-status|p2b: BERT|tox
|
|-weather|Sandstorm|[upkeep]
|-damage|p1a: Grimmsnarl|1/100|[from] Sandstorm
|-damage|p1b: Toxapex|42/100|[from] Sandstorm
|-damage|p2b: BERT|67/100 tox|[from] psn
|upkeep
|turn|5
|inactive|sergiovj has 30 seconds left.
|
|t:|1782587822
|switch|p1a: Charizard|Charizard, L50, M|100/100
|move|p1b: Toxapex|Wide Guard|p1b: Toxapex
|-singleturn|p1b: Toxapex|Wide Guard
|move|p2a: Corviknight|Brave Bird|p1b: Toxapex
|-damage|p1b: Toxapex|7/100
|-damage|p2a: Corviknight|91/100|[from] Recoil
|move|p2b: BERT|Rock Slide|p1a: Charizard|[spread] 
|-activate|p1a: Charizard|move: Wide Guard
|-activate|p1b: Toxapex|move: Wide Guard
|
|-weather|Sandstorm|[upkeep]
|-damage|p1a: Charizard|94/100|[from] Sandstorm
|-damage|p1b: Toxapex|1/100|[from] Sandstorm
|-heal|p2a: Corviknight|97/100|[from] item: Leftovers
|-damage|p2b: BERT|55/100 tox|[from] psn
|upkeep
|turn|6
|
|t:|1782587844
|switch|p2a: ShePartingOnMyShot|Incineroar, L50, M|57/100
|-ability|p2a: ShePartingOnMyShot|Intimidate|boost
|-unboost|p1a: Charizard|atk|1
|-unboost|p1b: Toxapex|atk|1
|-heal|p1b: Toxapex|35/100|[from] ability: Regenerator|[silent]
|switch|p1b: Hydreigon|Hydreigon, L50, M|94/100
|detailschange|p1a: Charizard|Charizard-Mega-Y, L50, M
|-mega|p1a: Charizard|Charizard|Charizardite Y
|-weather|SunnyDay|[from] ability: Drought|[of] p1a: Charizard
|move|p2b: BERT|Protect|p2b: BERT
|-singleturn|p2b: BERT|Protect
|move|p1a: Charizard|Weather Ball|p2a: ShePartingOnMyShot
|-resisted|p2a: ShePartingOnMyShot|1
|-damage|p2a: ShePartingOnMyShot|15/100
|
|-weather|SunnyDay|[upkeep]
|-damage|p2b: BERT|38/100 tox|[from] psn
|-sideend|p1: sergiovj|Reflect
|upkeep
|turn|7
|
|t:|1782587869
|switch|p2b: Corviknight|Corviknight, L50, M|97/100
|move|p1a: Charizard|Protect|p1a: Charizard
|-singleturn|p1a: Charizard|Protect
|move|p2a: ShePartingOnMyShot|Fake Out|p1a: Charizard
|-activate|p1a: Charizard|move: Protect
|move|p1b: Hydreigon|Heat Wave|p2b: Corviknight|[spread] p2a,p2b
|-resisted|p2a: ShePartingOnMyShot|1
|-supereffective|p2b: Corviknight|1
|-damage|p2a: ShePartingOnMyShot|0 fnt
|-damage|p2b: Corviknight|27/100
|faint|p2a: ShePartingOnMyShot
|
|-weather|SunnyDay|[upkeep]
|-heal|p2b: Corviknight|33/100|[from] item: Leftovers
|upkeep
|
|t:|1782587878
|switch|p2a: BERT|Tyranitar-Mega, L50, F|38/100 tox
|-weather|Sandstorm|[from] ability: Sand Stream|[of] p2a: BERT
|turn|8
|
|t:|1782587892
|switch|p2b: SpookyZoomies|Houndstone, L50, F|100/100
|move|p1b: Hydreigon|Heat Wave|p2a: BERT|[spread] p2b
|-miss|p1b: Hydreigon|p2a: BERT
|-damage|p2b: SpookyZoomies|72/100
|move|p1a: Charizard|Heat Wave|p2a: BERT|[spread] p2a,p2b
|-resisted|p2a: BERT|1
|-damage|p2a: BERT|29/100 tox
|-damage|p2b: SpookyZoomies|31/100
|move|p2a: BERT|Rock Slide|p1b: Hydreigon|[spread] p1a,p1b
|-supereffective|p1a: Charizard|2
|-damage|p1a: Charizard|0 fnt
|-damage|p1b: Hydreigon|49/100
|faint|p1a: Charizard
|
|-weather|Sandstorm|[upkeep]
|-damage|p1b: Hydreigon|44/100|[from] Sandstorm
|-damage|p2a: BERT|23/100 tox|[from] psn
|upkeep
|
|t:|1782587910
|switch|p1a: Grimmsnarl|Grimmsnarl, L50, M|1/100
|turn|9
|
|t:|1782587921
|move|p2b: SpookyZoomies|Protect|p2b: SpookyZoomies
|-singleturn|p2b: SpookyZoomies|Protect
|move|p1a: Grimmsnarl|Reflect|p1a: Grimmsnarl
|-sidestart|p1: sergiovj|Reflect
|move|p1b: Hydreigon|Heat Wave|p2a: BERT|[spread] p2a
|-activate|p2b: SpookyZoomies|move: Protect
|-resisted|p2a: BERT|1
|-damage|p2a: BERT|17/100 tox
|move|p2a: BERT|Rock Slide|p1a: Grimmsnarl|[spread] p1a,p1b
|-damage|p1a: Grimmsnarl|0 fnt
|-damage|p1b: Hydreigon|15/100
|faint|p1a: Grimmsnarl
|
|-weather|Sandstorm|[upkeep]
|-damage|p1b: Hydreigon|9/100|[from] Sandstorm
|-damage|p2a: BERT|6/100 tox|[from] psn
|upkeep
|
|t:|1782587939
|switch|p1a: Toxapex|Toxapex, L50, F|35/100
|turn|10
|
|t:|1782587950
|move|p1b: Hydreigon|Heat Wave|p2b: SpookyZoomies|[spread] p2a,p2b
|-resisted|p2a: BERT|1
|-damage|p2a: BERT|1/100 tox
|-damage|p2b: SpookyZoomies|2/100
|move|p2b: SpookyZoomies|Last Respects|p1b: Hydreigon
|-resisted|p1b: Hydreigon|1
|-damage|p1b: Hydreigon|0 fnt
|faint|p1b: Hydreigon
|-damage|p2b: SpookyZoomies|0 fnt|[from] item: Life Orb
|faint|p2b: SpookyZoomies
|move|p2a: BERT|Rock Slide|p1a: Toxapex|[miss]
|-miss|p2a: BERT|p1a: Toxapex
|move|p1a: Toxapex|Toxic|p2a: BERT
|-fail|p2a: BERT|tox
|
|-weather|Sandstorm|[upkeep]
|-damage|p1a: Toxapex|29/100|[from] Sandstorm
|-damage|p2a: BERT|0 fnt|[from] psn
|faint|p2a: BERT
|upkeep
|
|t:|1782587961
|switch|p2b: Corviknight|Corviknight, L50, M|33/100
|turn|11
|
|t:|1782587968
|move|p2b: Corviknight|Roost|p2b: Corviknight
|-heal|p2b: Corviknight|83/100
|-singleturn|p2b: Corviknight|move: Roost
|move|p1a: Toxapex|Infestation|p2b: Corviknight
|-resisted|p2b: Corviknight|1
|-damage|p2b: Corviknight|81/100
|-activate|p2b: Corviknight|move: Infestation|[of] p1a: Toxapex
|
|-weather|Sandstorm|[upkeep]
|-damage|p1a: Toxapex|23/100|[from] Sandstorm
|-heal|p2b: Corviknight|87/100|[from] item: Leftovers
|-damage|p2b: Corviknight|75/100|[from] move: Infestation|[partiallytrapped]
|upkeep
|turn|12
|
|t:|1782587972
|move|p1a: Toxapex|Baneful Bunker|p1a: Toxapex
|-singleturn|p1a: Toxapex|move: Protect
|move|p2b: Corviknight|Bulk Up|p2b: Corviknight
|-boost|p2b: Corviknight|atk|1
|-boost|p2b: Corviknight|def|1
|
|-weather|none
|-heal|p2b: Corviknight|81/100|[from] item: Leftovers
|-damage|p2b: Corviknight|68/100|[from] move: Infestation|[partiallytrapped]
|upkeep
|turn|13
|-message|sergiovj forfeited.
|
|win|teyvgc
