|j|☆lucianssss
|j|☆i saw carcosa
|html|lucianssssi saw carcosa    
|uhtml|bestof|Game 3 of a best-of-3
|t:|1757120653
|gametype|doubles
|player|p1|lucianssss|gentleman-gen4|1092
|player|p2|i saw carcosa|pokemonbreederf|1363
|gen|9
|tier|[Gen 9] VGC 2025 Reg H (Bo3)
|rated|
|rule|Species Clause: Limit one of each Pokémon
|rule|Item Clause: Limit 1 of each item
|clearpoke
|poke|p1|Hatterene, L50, F|
|poke|p1|Indeedee-F, L50, F|
|poke|p1|Ursaluna, L50, M|
|poke|p1|Gallade, L50, M|
|poke|p1|Torkoal, L50, F|
|poke|p1|Maushold-Four, L50|
|poke|p2|Ursaluna-Bloodmoon, L50, M|
|poke|p2|Gholdengo, L50|
|poke|p2|Incineroar, L50, F|
|poke|p2|Dragonite, L50, M|
|poke|p2|Sneasler, L50, F|
|poke|p2|Amoonguss, L50, F|
|teampreview|4
|showteam|p1|Hatterene||LifeOrb|MagicBounce|ExpandingForce,MysticalFire,DazzlingGleam,TrickRoom|||F|||50|,,,,,Fire]Indeedee-F||SafetyGoggles|PsychicSurge|AlluringVoice,HelpingHand,FollowMe,TrickRoom|||F|||50|,,,,,Fairy]Ursaluna||FlameOrb|Guts|Protect,Facade,HeadlongRush,Earthquake|||M|||50|,,,,,Normal]Gallade||ClearAmulet|Sharpness|WideGuard,PsychoCut,SacredSword,TrickRoom|||M|||50|,,,,,Stellar]Torkoal||ChoiceSpecs|Drought|Eruption,HeatWave,EarthPower,WeatherBall|||F|||50|,,,,,Fire]Maushold-Four||WideLens|FriendGuard|Protect,PopulationBomb,Taunt,FollowMe||||||50|,,,,,Ghost
|showteam|p2|Ursaluna-Bloodmoon||LifeOrb|MindsEye|HyperVoice,BloodMoon,EarthPower,Protect|||M|||50|,,,,,Dragon]Gholdengo||MetalCoat|GoodasGold|MakeItRain,ShadowBall,NastyPlot,Protect||||||50|,,,,,Water]Incineroar||AssaultVest|Intimidate|FakeOut,FlareBlitz,KnockOff,Uturn|||F|||50|,,,,,Grass]Dragonite||LoadedDice|Multiscale|ScaleShot,Tailwind,Haze,Protect|||M|||50|,,,,,Fairy]Sneasler||FocusSash|PoisonTouch|DireClaw,CloseCombat,FakeOut,Protect|||F|||50|,,,,,Stellar]Amoonguss||SitrusBerry|Regenerator|Spore,RagePowder,PollenPuff,Protect|||F|||50|,,,,,Water
|
|t:|1757120684
|teamsize|p1|4
|teamsize|p2|4
|start
|switch|p1a: Indeedee|Indeedee-F, L50, F|100/100
|switch|p1b: Hatterene|Hatterene, L50, F|100/100
|switch|p2a: Hehe|Sneasler, L50, F|100/100
|switch|p2b: Gholdengoat|Gholdengo, L50|100/100
|-fieldstart|move: Psychic Terrain|[from] ability: Psychic Surge|[of] p1a: Indeedee
|turn|1
|
|t:|1757120696
|-terastallize|p1b: Hatterene|Fire
|move|p1a: Indeedee|Follow Me|p1a: Indeedee
|-singleturn|p1a: Indeedee|move: Follow Me
|move|p2a: Hehe|Dire Claw|p1a: Indeedee
|-damage|p1a: Indeedee|53/100
|-status|p1a: Indeedee|slp
|move|p2b: Gholdengoat|Make It Rain|p1b: Hatterene|[spread] p1a,p1b
|-resisted|p1b: Hatterene
|-damage|p1a: Indeedee|0 fnt
|-damage|p1b: Hatterene|70/100
|-unboost|p2b: Gholdengoat|spa|1
|faint|p1a: Indeedee
|move|p1b: Hatterene|Trick Room|p1b: Hatterene
|-fieldstart|move: Trick Room|[of] p1b: Hatterene
|
|upkeep
|
|t:|1757120709
|switch|p1a: Ursaluna|Ursaluna, L50, M|100/100
|turn|2
|
|t:|1757120739
|move|p2b: Gholdengoat|Protect|p2b: Gholdengoat
|-singleturn|p2b: Gholdengoat|Protect
|move|p2a: Hehe|Protect|p2a: Hehe
|-singleturn|p2a: Hehe|Protect
|move|p1b: Hatterene|Expanding Force|p2b: Gholdengoat|[spread] 
|-activate|p2a: Hehe|move: Protect
|-activate|p2b: Gholdengoat|move: Protect
|move|p1a: Ursaluna|Facade|p2a: Hehe
|-activate|p2a: Hehe|move: Protect
|
|-status|p1a: Ursaluna|brn|[from] item: Flame Orb
|upkeep
|turn|3
|
|t:|1757120768
|switch|p2a: Lancelot|Incineroar, L50, F, shiny|100/100
|-ability|p2a: Lancelot|Intimidate|boost
|-unboost|p1a: Ursaluna|atk|1
|-unboost|p1b: Hatterene|atk|1
|move|p1b: Hatterene|Expanding Force|p2a: Lancelot|[spread] p2b
|-immune|p2a: Lancelot
|-resisted|p2b: Gholdengoat
|-damage|p2b: Gholdengoat|58/100
|-damage|p1b: Hatterene|61/100|[from] item: Life Orb
|move|p1a: Ursaluna|Facade|p2a: Lancelot
|-damage|p2a: Lancelot|27/100
|move|p2b: Gholdengoat|Make It Rain|p1b: Hatterene|[spread] p1a,p1b
|-resisted|p1b: Hatterene
|-damage|p1a: Ursaluna|70/100 brn
|-damage|p1b: Hatterene|39/100
|-unboost|p2b: Gholdengoat|spa|1
|
|-damage|p1a: Ursaluna|64/100 brn|[from] brn
|upkeep
|turn|4
|
|t:|1757120806
|move|p1b: Hatterene|Dazzling Gleam|p2a: Lancelot|[spread] p2a,p2b
|-resisted|p2b: Gholdengoat
|-damage|p2a: Lancelot|2/100
|-damage|p2b: Gholdengoat|35/100
|-damage|p1b: Hatterene|29/100|[from] item: Life Orb
|move|p1a: Ursaluna|Headlong Rush|p2b: Gholdengoat
|-supereffective|p2b: Gholdengoat
|-damage|p2b: Gholdengoat|0 fnt
|-unboost|p1a: Ursaluna|def|1
|-unboost|p1a: Ursaluna|spd|1
|faint|p2b: Gholdengoat
|move|p2a: Lancelot|Knock Off|p1b: Hatterene
|-crit|p1b: Hatterene
|-damage|p1b: Hatterene|0 fnt
|-enditem|p1b: Hatterene|Life Orb|[from] move: Knock Off|[of] p2a: Lancelot
|faint|p1b: Hatterene
|
|-damage|p1a: Ursaluna|58/100 brn|[from] brn
|upkeep
|
|t:|1757120820
|switch|p1b: Gallade|Gallade, L50, M|100/100
|switch|p2b: Joshua|Dragonite, L50, M|100/100
|turn|5
|
|t:|1757120836
|move|p2b: Joshua|Protect|p2b: Joshua
|-singleturn|p2b: Joshua|Protect
|move|p1a: Ursaluna|Facade|p2b: Joshua
|-activate|p2b: Joshua|move: Protect
|move|p1b: Gallade|Sacred Sword|p2a: Lancelot
|-supereffective|p2a: Lancelot
|-damage|p2a: Lancelot|0 fnt
|faint|p2a: Lancelot
|
|-damage|p1a: Ursaluna|52/100 brn|[from] brn
|-fieldend|move: Trick Room
|-fieldend|move: Psychic Terrain
|upkeep
|-message|lucianssss forfeited.
|
|win|i saw carcosa
|raw|lucianssss's rating: 1092 → 1084(-8 for losing)
|raw|i saw carcosa's rating: 1363 → 1370(+7 for winning)
|l|☆lucianssss
|player|p1|
