|j|☆Refanner
|j|☆TeriyakiFr
|html|RefannerTeriyakiFr    
|uhtml|bestof|Game 2 of a best-of-3
|t:|1784050802
|gametype|doubles
|player|p1|Refanner|102|1128
|player|p2|TeriyakiFr|youngster-gen4dp|1180
|gen|9
|tier|[Gen 9 Champions] VGC 2026 Reg M-B (Bo3)
|rated|
|rule|Species Clause: Limit one of each Pokémon
|rule|Item Clause: Limit 1 of each item
|clearpoke
|poke|p1|Dragonite, L50, F|
|poke|p1|Sneasler, L50, F|
|poke|p1|Charizard, L50, F|
|poke|p1|Farigiraf, L50, M|
|poke|p1|Kingambit, L50, F|
|poke|p1|Sylveon, L50, M|
|poke|p2|Froslass, L50, F|
|poke|p2|Pelipper, L50, F|
|poke|p2|Archaludon, L50, M|
|poke|p2|Feraligatr, L50, M|
|poke|p2|Swampert, L50, M|
|poke|p2|Sneasler, L50, F|
|teampreview|4
|showteam|p1|Dragonite||LifeOrb|InnerFocus|DragonClaw,ExtremeSpeed,Protect,LowKick|Jolly||F|||50|]Sneasler||FocusSash|PoisonTouch|PoisonJab,FakeOut,Coaching,CloseCombat|Jolly||F|||50|]Charizard||CharizarditeY|Blaze|HeatWave,WeatherBall,SolarBeam,Protect|Modest||F|||50|]Farigiraf||ColburBerry|ArmorTail|TwinBeam,SunnyDay,Protect,Thunderbolt|Sassy||M|||50|]Kingambit||ChopleBerry|Defiant|KowtowCleave,SuckerPunch,SwordsDance,Protect|Adamant||F|||50|]Sylveon||FairyFeather|Pixilate|HyperVoice,QuickAttack,HyperBeam,Detect|Modest||M|||50|
|showteam|p2|Froslass||Froslassite|CursedBody|Blizzard,ShadowBall,AuroraVeil,Protect|Timid||F|||50|]Pelipper||FocusSash|Drizzle|Tailwind,WideGuard,Hurricane,WeatherBall|Timid||F|||50|]Archaludon||Leftovers|Stamina|ElectroShot,DragonPulse,FlashCannon,Protect|Modest||M|||50|]Feraligatr||LifeOrb|SheerForce|DragonDance,IcePunch,Liquidation,Protect|Adamant||M|||50|]Swampert||Swampertite|Torrent|FlipTurn,WaveCrash,HighHorsepower,Protect|Adamant||M|||50|]Sneasler||WhiteHerb|Unburden|CloseCombat,DireClaw,FakeOut,Protect|Adamant||F|||50|
|
|t:|1784050842
|teamsize|p1|4
|teamsize|p2|4
|start
|switch|p1a: Charizard|Charizard, L50, F|100/100
|switch|p1b: Sylveon|Sylveon, L50, M|100/100
|switch|p2a: Froslass|Froslass, L50, F|100/100
|switch|p2b: Feraligatr|Feraligatr, L50, M|100/100
|turn|1
|
|t:|1784050862
|detailschange|p1a: Charizard|Charizard-Mega-Y, L50, F
|-mega|p1a: Charizard|Charizard|Charizardite Y
|-weather|SunnyDay|[from] ability: Drought|[of] p1a: Charizard
|move|p2a: Froslass|Protect|p2a: Froslass
|-singleturn|p2a: Froslass|Protect
|move|p2b: Feraligatr|Protect|p2b: Feraligatr
|-singleturn|p2b: Feraligatr|Protect
|move|p1a: Charizard|Heat Wave|p2b: Feraligatr|[spread] 
|-activate|p2a: Froslass|move: Protect
|-activate|p2b: Feraligatr|move: Protect
|move|p1b: Sylveon|Hyper Voice|p2a: Froslass|[spread] 
|-activate|p2a: Froslass|move: Protect
|-activate|p2b: Feraligatr|move: Protect
|
|-weather|SunnyDay|[upkeep]
|upkeep
|turn|2
|
|t:|1784050874
|switch|p1a: Sneasler|Sneasler, L50, F|100/100
|detailschange|p2a: Froslass|Froslass-Mega, L50, F
|-mega|p2a: Froslass|Froslass|Froslassite
|-weather|Snowscape|[from] ability: Snow Warning|[of] p2a: Froslass
|move|p2a: Froslass|Aurora Veil|p2a: Froslass
|-sidestart|p2: TeriyakiFr|move: Aurora Veil
|move|p2b: Feraligatr|Dragon Dance|p2b: Feraligatr
|-boost|p2b: Feraligatr|atk|1
|-boost|p2b: Feraligatr|spe|1
|move|p1b: Sylveon|Hyper Voice|p2b: Feraligatr|[spread] p2a,p2b
|-damage|p2a: Froslass|63/100
|-damage|p2b: Feraligatr|67/100
|
|-weather|Snowscape|[upkeep]
|upkeep
|turn|3
|
|t:|1784050906
|move|p2b: Feraligatr|Protect|p2b: Feraligatr
|-singleturn|p2b: Feraligatr|Protect
|move|p2a: Froslass|Blizzard|p1b: Sylveon|[spread] p1a,p1b
|-crit|p1b: Sylveon
|-damage|p1a: Sneasler|42/100
|-damage|p1b: Sylveon|49/100
|move|p1a: Sneasler|Coaching|p1b: Sylveon
|-boost|p1b: Sylveon|atk|1
|-boost|p1b: Sylveon|def|1
|move|p1b: Sylveon|Hyper Voice|p2a: Froslass|[spread] p2a
|-activate|p2b: Feraligatr|move: Protect
|-damage|p2a: Froslass|25/100
|
|-weather|Snowscape|[upkeep]
|upkeep
|turn|4
|
|t:|1784050951
|move|p1a: Sneasler|Close Combat|p2b: Feraligatr
|-damage|p2b: Feraligatr|24/100
|-unboost|p1a: Sneasler|def|1
|-unboost|p1a: Sneasler|spd|1
|move|p2a: Froslass|Shadow Ball|p1b: Sylveon
|-damage|p1b: Sylveon|10/100
|move|p2b: Feraligatr|Liquidation|p1b: Sylveon
|-damage|p1b: Sylveon|0 fnt
|faint|p1b: Sylveon
|
|-weather|Snowscape|[upkeep]
|upkeep
|
|t:|1784050960
|switch|p1b: Charizard|Charizard-Mega-Y, L50, F|100/100
|-weather|SunnyDay|[from] ability: Drought|[of] p1b: Charizard
|turn|5
|
|t:|1784050976
|switch|p1b: Dragonite|Dragonite, L50, F|100/100
|move|p2b: Feraligatr|Protect|p2b: Feraligatr
|-singleturn|p2b: Feraligatr|Protect
|move|p1a: Sneasler|Coaching|p1b: Dragonite
|-boost|p1b: Dragonite|atk|1
|-boost|p1b: Dragonite|def|1
|move|p2a: Froslass|Shadow Ball|p1a: Sneasler
|-crit|p1a: Sneasler
|-damage|p1a: Sneasler|0 fnt
|faint|p1a: Sneasler
|
|-weather|SunnyDay|[upkeep]
|upkeep
|
|t:|1784050985
|switch|p1a: Charizard|Charizard-Mega-Y, L50, F|100/100
|turn|6
|
|t:|1784050997
|switch|p2a: Archaludon|Archaludon, L50, M|100/100
|move|p2b: Feraligatr|Ice Punch|p1b: Dragonite
|-supereffective|p1b: Dragonite|2
|-damage|p1b: Dragonite|0 fnt
|faint|p1b: Dragonite
|move|p1a: Charizard|Heat Wave|p2b: Feraligatr|[spread] p2a
|-miss|p1a: Charizard|p2b: Feraligatr
|-damage|p2a: Archaludon|53/100
|-ability|p2a: Archaludon|Stamina|boost
|-boost|p2a: Archaludon|def|1
|
|-weather|SunnyDay|[upkeep]
|-heal|p2a: Archaludon|59/100|[from] item: Leftovers
|-sideend|p2: TeriyakiFr|move: Aurora Veil
|upkeep
|turn|7
|-message|Refanner forfeited.
|
|win|TeriyakiFr
|raw|Refanner's rating: 1128 → 1107(-21 for losing)
|raw|TeriyakiFr's rating: 1180 → 1201(+21 for winning)
|l|☆Refanner
|player|p1|
