|j|☆ethnol1816
|j|☆the bugcather
|html|ethnol1816the bugcather    
|uhtml|bestof|Game 3 of a best-of-3
|t:|1755994812
|gametype|doubles
|player|p1|ethnol1816|boarder|1127
|player|p2|the bugcather|bugcatcher-gen4dp|1193
|gen|9
|tier|[Gen 9] VGC 2025 Reg H (Bo3)
|rated|
|rule|Species Clause: Limit one of each Pokémon
|rule|Item Clause: Limit 1 of each item
|clearpoke
|poke|p1|Gholdengo, L50|
|poke|p1|Samurott-Hisui, L50, F|
|poke|p1|Hydreigon, L50, M|
|poke|p1|Whimsicott, L50, F|
|poke|p1|Garchomp, L50, F|
|poke|p1|Clefable, L50, F|
|poke|p2|Archaludon, L50, M|
|poke|p2|Pelipper, L50, M|
|poke|p2|Basculegion, L50, M|
|poke|p2|Maushold, L50|
|poke|p2|Annihilape, L50, M|
|poke|p2|Incineroar, L50, M|
|teampreview|4
|showteam|p1|Gholdengo||Leftovers|GoodasGold|NastyPlot,ShadowBall,MakeItRain,Protect||||||50|,,,,,Dragon]Samurott-Hisui||AssaultVest|Sharpness|CeaselessEdge,SuckerPunch,SacredSword,AquaCutter|||F|||50|,,,,,Ghost]Hydreigon||ChoiceSpecs|Levitate|DarkPulse,DracoMeteor,HeatWave,FlashCannon|||M|||50|,,,,,Fire]Whimsicott||FocusSash|Prankster|Moonblast,Tailwind,SunnyDay,Encore|||F|||50|,,,,,Ghost]Garchomp||LifeOrb|RoughSkin|Protect,StompingTantrum,Earthquake,DragonClaw|||F|||50|,,,,,Steel]Clefable||SitrusBerry|Unaware|Moonblast,MistyTerrain,FollowMe,Protect|||F|||50|,,,,,Water
|showteam|p2|Archaludon||AssaultVest|Stamina|Snarl,ElectroShot,DracoMeteor,BodyPress|||M|||50|,,,,,Bug]Pelipper||FocusSash|Drizzle|MuddyWater,Hurricane,Tailwind,Protect|||M|||50|,,,,,Stellar]Basculegion||ChoiceBand|SwiftSwim|WaveCrash,LastRespects,AquaJet,FlipTurn|||M|||50|,,,,,Fairy]Maushold||SafetyGoggles|FriendGuard|BeatUp,Taunt,FollowMe,Protect||||||50|,,,,,Ghost]Annihilape||Leftovers|Defiant|DrainPunch,RageFist,BulkUp,Protect|||M|||50|,,,,,Water]Incineroar||RockyHelmet|Intimidate|KnockOff,FakeOut,PartingShot,FlareBlitz|||M|||50|,,,,,Ghost
|inactive|Battle timer is ON: inactive players will automatically lose when time's up. (requested by the bugcather)
|inactive|ethnol1816 also wants the timer to be on.
|inactive|the bugcather has 60 seconds left.
|
|t:|1755994858
|teamsize|p1|4
|teamsize|p2|4
|start
|switch|p1a: scott|Whimsicott, L50, F|100/100
|switch|p1b: hyculese|Hydreigon, L50, M, shiny|100/100
|switch|p2a: Pelipper|Pelipper, L50, M|100/100
|switch|p2b: Basculegion|Basculegion, L50, M|100/100
|-weather|RainDance|[from] ability: Drizzle|[of] p2a: Pelipper
|turn|1
|
|t:|1755994876
|move|p1a: scott|Sunny Day|p1a: scott
|-weather|SunnyDay
|move|p1b: hyculese|Dark Pulse|p2b: Basculegion
|-supereffective|p2b: Basculegion
|-damage|p2b: Basculegion|0 fnt
|faint|p2b: Basculegion
|move|p2a: Pelipper|Hurricane|p1a: scott
|-supereffective|p1a: scott
|-enditem|p1a: scott|Focus Sash
|-damage|p1a: scott|1/100
|
|-weather|SunnyDay|[upkeep]
|upkeep
|
|t:|1755994880
|switch|p2b: Incineroar|Incineroar, L50, M|100/100
|-ability|p2b: Incineroar|Intimidate|boost
|-unboost|p1a: scott|atk|1
|-unboost|p1b: hyculese|atk|1
|turn|2
|inactive|the bugcather has 30 seconds left.
|
|t:|1755994914
|switch|p1a: carson|Samurott-Hisui, L50, F|100/100
|move|p2a: Pelipper|Protect|p2a: Pelipper
|-singleturn|p2a: Pelipper|Protect
|move|p1b: hyculese|Dark Pulse|p2a: Pelipper
|-activate|p2a: Pelipper|move: Protect
|move|p2b: Incineroar|Knock Off|p1b: hyculese
|-resisted|p1b: hyculese
|-damage|p1b: hyculese|82/100
|-enditem|p1b: hyculese|Choice Specs|[from] move: Knock Off|[of] p2b: Incineroar
|
|-weather|SunnyDay|[upkeep]
|upkeep
|turn|3
|
|t:|1755994942
|move|p1b: hyculese|Dark Pulse|p2a: Pelipper
|-damage|p2a: Pelipper|25/100
|move|p1a: carson|Sacred Sword|p2b: Incineroar
|-supereffective|p2b: Incineroar
|-damage|p2b: Incineroar|26/100
|-damage|p1a: carson|84/100|[from] item: Rocky Helmet|[of] p2b: Incineroar
|move|p2a: Pelipper|Tailwind|p2a: Pelipper
|-sidestart|p2: the bugcather|move: Tailwind
|move|p2b: Incineroar|Parting Shot|p1a: carson
|-unboost|p1a: carson|atk|1
|-unboost|p1a: carson|spa|1
|
|t:|1755994945
|switch|p2b: Archaludon|Archaludon, L50, M|100/100|[from] Parting Shot
|
|-weather|SunnyDay|[upkeep]
|upkeep
|turn|4
|inactive|the bugcather has 30 seconds left.
|
|t:|1755994974
|switch|p2a: Incineroar|Incineroar, L50, M|26/100
|-ability|p2a: Incineroar|Intimidate|boost
|-unboost|p1a: carson|atk|1
|-unboost|p1b: hyculese|atk|1
|-terastallize|p2b: Archaludon|Bug
|-terastallize|p1b: hyculese|Fire
|move|p2b: Archaludon|Body Press|p1b: hyculese
|-damage|p1b: hyculese|56/100
|move|p1b: hyculese|Heat Wave|p2a: Incineroar|[spread] p2a,p2b
|-resisted|p2a: Incineroar
|-supereffective|p2b: Archaludon
|-damage|p2a: Incineroar|7/100
|-damage|p2b: Archaludon|20/100
|-ability|p2b: Archaludon|Stamina|boost
|-boost|p2b: Archaludon|def|1
|move|p1a: carson|Sacred Sword|p2b: Archaludon
|-resisted|p2b: Archaludon
|-damage|p2b: Archaludon|12/100
|-ability|p2b: Archaludon|Stamina|boost
|-boost|p2b: Archaludon|def|1
|
|-weather|SunnyDay|[upkeep]
|upkeep
|turn|5
|inactive|ethnol1816 has 30 seconds left.
|inactive|the bugcather has 30 seconds left.
|
|t:|1755995004
|switch|p1a: scott|Whimsicott, L50, F|1/100
|move|p2a: Incineroar|Fake Out|p1a: scott
|-damage|p1a: scott|0 fnt
|faint|p1a: scott
|move|p2b: Archaludon|Body Press|p1b: hyculese
|-damage|p1b: hyculese|7/100
|move|p1b: hyculese|Heat Wave|p2a: Incineroar|[spread] p2a,p2b
|-resisted|p2a: Incineroar
|-supereffective|p2b: Archaludon
|-damage|p2a: Incineroar|0 fnt
|-damage|p2b: Archaludon|0 fnt
|faint|p2a: Incineroar
|faint|p2b: Archaludon
|
|-weather|none
|upkeep
|
|t:|1755995014
|switch|p1a: carson|Samurott-Hisui, L50, F|84/100
|switch|p2b: Pelipper|Pelipper, L50, M|25/100
|-weather|RainDance|[from] ability: Drizzle|[of] p2b: Pelipper
|turn|6
|
|t:|1755995021
|move|p2b: Pelipper|Muddy Water|p1a: carson|[spread] p1a,p1b
|-resisted|p1a: carson
|-supereffective|p1b: hyculese
|-damage|p1a: carson|62/100
|-damage|p1b: hyculese|0 fnt
|faint|p1b: hyculese
|move|p1a: carson|Ceaseless Edge|p2b: Pelipper
|-damage|p2b: Pelipper|0 fnt
|-sidestart|p2: the bugcather|Spikes
|faint|p2b: Pelipper
|
|win|ethnol1816
|raw|ethnol1816's rating: 1127 → 1158(+31 for winning)
|raw|the bugcather's rating: 1209 → 1178(-31 for losing)
|c|☆ethnol1816|gg
|c|☆the bugcather|ggs
|l|☆the bugcather
|player|p2|
