|j|☆testingsss
|j|☆LinkXSwords
|html|testingsssLinkXSwords    
|uhtml|bestof|Game 2 of a best-of-3
|t:|1782312468
|gametype|doubles
|player|p1|testingsss|unknown|1262
|player|p2|LinkXSwords|zinnia|1213
|gen|9
|tier|[Gen 9 Champions] VGC 2026 Reg M-B (Bo3)
|rated|
|rule|Species Clause: Limit one of each Pokémon
|rule|Item Clause: Limit 1 of each item
|clearpoke
|poke|p1|Delphox, L50, M|
|poke|p1|Floette-Eternal, L50, F|
|poke|p1|Kingambit, L50, F|
|poke|p1|Sneasler, L50, F|
|poke|p1|Incineroar, L50, F|
|poke|p1|Sinistcha, L50|
|poke|p2|Charizard, L50, F, shiny|
|poke|p2|Sylveon, L50, F, shiny|
|poke|p2|Kingambit, L50, M, shiny|
|poke|p2|Basculegion, L50, M|
|poke|p2|Garchomp, L50, F|
|poke|p2|Aerodactyl, L50, M|
|teampreview|4
|showteam|p1|Delphox||Delphoxite|Blaze|HeatWave,Psyshock,NastyPlot,Protect|Timid||M|||50|]Floette-Eternal||Floettite|FlowerVeil|Moonblast,DazzlingGleam,CalmMind,Protect|Modest||F|||50|]Kingambit||BlackGlasses|Defiant|SuckerPunch,KowtowCleave,SwordsDance,Protect|Adamant||F|||50|]Sneasler||FocusSash|PoisonTouch|FakeOut,CloseCombat,DireClaw,QuickGuard|Jolly||F|||50|]Incineroar||SitrusBerry|Intimidate|PartingShot,FlareBlitz,ThroatChop,FakeOut|Impish||F|||50|]Sinistcha||KasibBerry|Hospitality|RagePowder,MatchaGotcha,TrickRoom,Protect|Bold|||||50|
|showteam|p2|Charizard||CharizarditeY|Blaze|HeatWave,SolarBeam,WeatherBall,Protect|Timid||F|||50|]Sylveon||FairyFeather|Pixilate|QuickAttack,HyperVoice,Yawn,Protect|Modest||F|||50|]Kingambit||ChopleBerry|Defiant|SuckerPunch,KowtowCleave,LowKick,IronHead|Adamant||M|||50|]Basculegion||FocusSash|Adaptability|LastRespects,AquaJet,Liquidation,Protect|Jolly||M|||50|]Garchomp||SitrusBerry|RoughSkin|RockTomb,Earthquake,DragonClaw,Protect|Adamant||F|||50|]Aerodactyl||Aerodactylite|Unnerve|RockSlide,DualWingbeat,Tailwind,WideGuard|Jolly||M|||50|
|inactive|Battle timer is ON: inactive players will automatically lose when time's up. (requested by testingsss)
|
|t:|1782312494
|teamsize|p1|4
|teamsize|p2|4
|start
|switch|p1a: Delphox|Delphox, L50, M|100/100
|switch|p1b: Sneasler|Sneasler, L50, F|100/100
|switch|p2a: Pou|Sylveon, L50, F, shiny|100/100
|switch|p2b: Iria|Aerodactyl, L50, M|100/100
|-ability|p2b: Iria|Unnerve
|turn|1
|
|t:|1782312511
|switch|p1a: Incineroar|Incineroar, L50, F|100/100
|-ability|p1a: Incineroar|Intimidate|boost
|-unboost|p2a: Pou|atk|1
|-unboost|p2b: Iria|atk|1
|detailschange|p2b: Iria|Aerodactyl-Mega, L50, M
|-mega|p2b: Iria|Aerodactyl|Aerodactylite
|move|p2b: Iria|Rock Slide|p1a: Incineroar|[spread] p1b
|-miss|p2b: Iria|p1a: Incineroar
|-resisted|p1b: Sneasler|1
|-damage|p1b: Sneasler|82/100
|move|p1b: Sneasler|Dire Claw|p2a: Pou
|-supereffective|p2a: Pou|1
|-damage|p2a: Pou|8/100
|move|p2a: Pou|Hyper Voice|p1b: Sneasler|[spread] p1a,p1b
|-damage|p1a: Incineroar|60/100
|-damage|p1b: Sneasler|17/100
|
|upkeep
|turn|2
|inactive|testingsss has 30 seconds left.
|inactive|testingsss has 20 seconds left.
|
|t:|1782312550
|switch|p2b: Masculegion|Basculegion, L50, M|100/100
|move|p1a: Incineroar|Fake Out|p2b: Masculegion
|-immune|p2b: Masculegion
|move|p2a: Pou|Quick Attack|p1b: Sneasler
|-damage|p1b: Sneasler|3/100
|move|p1b: Sneasler|Close Combat|p2a: Pou
|-resisted|p2a: Pou|1
|-damage|p2a: Pou|0 fnt
|-unboost|p1b: Sneasler|def|1
|-unboost|p1b: Sneasler|spd|1
|faint|p2a: Pou
|
|upkeep
|
|t:|1782312558
|switch|p2a: Iria|Aerodactyl-Mega, L50, M|100/100
|turn|3
|
|t:|1782312571
|switch|p1a: Kingambit|Kingambit, L50, F|100/100
|move|p1b: Sneasler|Quick Guard|p1b: Sneasler
|-singleturn|p1b: Sneasler|Quick Guard
|move|p2a: Iria|Rock Slide|p1b: Sneasler|[spread] p1a,p1b
|-resisted|p1a: Kingambit|1
|-resisted|p1b: Sneasler|1
|-damage|p1a: Kingambit|89/100
|-damage|p1b: Sneasler|0 fnt
|faint|p1b: Sneasler
|move|p2b: Masculegion|Liquidation|p1a: Kingambit
|-damage|p1a: Kingambit|52/100
|
|upkeep
|
|t:|1782312580
|switch|p1b: Incineroar|Incineroar, L50, F|60/100
|-ability|p1b: Incineroar|Intimidate|boost
|-unboost|p2a: Iria|atk|1
|-unboost|p2b: Masculegion|atk|1
|turn|4
|
|t:|1782312590
|switch|p2a: Chorizord|Charizard, L50, F, shiny|100/100
|move|p1b: Incineroar|Fake Out|p2a: Chorizord
|-damage|p2a: Chorizord|83/100
|move|p2b: Masculegion|Liquidation|p1b: Incineroar
|-supereffective|p1b: Incineroar|1
|-damage|p1b: Incineroar|0 fnt
|faint|p1b: Incineroar
|move|p1a: Kingambit|Kowtow Cleave|p2b: Masculegion
|-supereffective|p2b: Masculegion|1
|-enditem|p2b: Masculegion|Focus Sash
|-damage|p2b: Masculegion|1/100
|
|upkeep
|
|t:|1782312592
|switch|p1b: Delphox|Delphox, L50, M|100/100
|turn|5
|inactive|testingsss has 30 seconds left.
|inactive|testingsss has 20 seconds left.
|
|t:|1782312632
|detailschange|p1b: Delphox|Delphox-Mega, L50, M
|-mega|p1b: Delphox|Delphox|Delphoxite
|move|p2b: Masculegion|Protect|p2b: Masculegion
|-singleturn|p2b: Masculegion|Protect
|move|p1a: Kingambit|Sucker Punch|p2a: Chorizord
|-damage|p2a: Chorizord|19/100
|move|p1b: Delphox|Psyshock|p2a: Chorizord
|-damage|p2a: Chorizord|0 fnt
|faint|p2a: Chorizord
|
|upkeep
|
|t:|1782312642
|switch|p2a: Iria|Aerodactyl-Mega, L50, M|100/100
|turn|6
|
|t:|1782312654
|move|p1b: Delphox|Protect|p1b: Delphox
|-singleturn|p1b: Delphox|Protect
|move|p2b: Masculegion|Aqua Jet|p1b: Delphox
|-activate|p1b: Delphox|move: Protect
|move|p2a: Iria|Rock Slide|p1a: Kingambit|[spread] p1a
|-activate|p1b: Delphox|move: Protect
|-resisted|p1a: Kingambit|1
|-damage|p1a: Kingambit|41/100
|move|p1a: Kingambit|Kowtow Cleave|p2a: Iria
|-damage|p2a: Iria|21/100
|
|upkeep
|turn|7
|inactive|testingsss has 30 seconds left.
|inactive|LinkXSwords has 30 seconds left.
|inactive|LinkXSwords has 20 seconds left.
|inactive|testingsss has 20 seconds left.
|inactive|LinkXSwords has 15 seconds left.
|
|t:|1782312698
|move|p2b: Masculegion|Aqua Jet|p1b: Delphox
|-supereffective|p1b: Delphox|1
|-damage|p1b: Delphox|58/100
|move|p2a: Iria|Rock Slide|p1a: Kingambit|[spread] p1a,p1b
|-resisted|p1a: Kingambit|1
|-supereffective|p1b: Delphox|1
|-damage|p1a: Kingambit|29/100
|-damage|p1b: Delphox|0 fnt
|faint|p1b: Delphox
|move|p1a: Kingambit|Kowtow Cleave|p2b: Masculegion
|-supereffective|p2b: Masculegion|1
|-damage|p2b: Masculegion|0 fnt
|faint|p2b: Masculegion
|
|upkeep
|turn|8
|
|t:|1782312713
|move|p2a: Iria|Rock Slide|p1a: Kingambit
|-resisted|p1a: Kingambit|1
|-crit|p1a: Kingambit
|-damage|p1a: Kingambit|6/100
|move|p1a: Kingambit|Kowtow Cleave|p2a: Iria
|-damage|p2a: Iria|0 fnt
|faint|p2a: Iria
|
|win|testingsss
||LinkXSwords is ready for game 3.
