|j|☆efwefwefwefweifier
|j|☆Chelicerate1
|html|efwefwefwefweifierChelicerate1    
|uhtml|bestof|Game 3 of a best-of-3
|t:|1784799598
|gametype|doubles
|player|p1|efwefwefwefweifier|clown|1325
|player|p2|Chelicerate1|ethan|1354
|gen|9
|tier|[Gen 9 Champions] VGC 2026 Reg M-B (Bo3)
|rated|
|rule|Species Clause: Limit one of each Pokémon
|rule|Item Clause: Limit 1 of each item
|clearpoke
|poke|p1|Blastoise, L50, M|
|poke|p1|Sinistcha, L50|
|poke|p1|Floette-Eternal, L50, F|
|poke|p1|Incineroar, L50, F, shiny|
|poke|p1|Sneasler, L50, F|
|poke|p1|Hydreigon, L50, M|
|poke|p2|Grimmsnarl, L50, M|
|poke|p2|Basculegion, L50, M|
|poke|p2|Charizard, L50, F|
|poke|p2|Pelipper, L50, M|
|poke|p2|Venusaur, L50, M|
|poke|p2|Archaludon, L50, M|
|teampreview|4
|showteam|p1|Blastoise||Blastoisinite|RainDish|WaterSpout,DarkPulse,ShellSmash,Protect|Modest||M|||50|]Sinistcha||KasibBerry|Hospitality|MatchaGotcha,RagePowder,TrickRoom,LifeDew|Calm|||||50|]Floette-Eternal||Floettite|FlowerVeil|DazzlingGleam,DrainingKiss,CalmMind,Protect|Modest||F|||50|]Incineroar||SitrusBerry|Intimidate|FlareBlitz,DarkestLariat,FakeOut,PartingShot|Careful||F|||50|]Sneasler||FocusSash|PoisonTouch|CloseCombat,PoisonJab,FakeOut,QuickGuard|Jolly||F|||50|]Hydreigon||ChoiceScarf|Levitate|DracoMeteor,DarkPulse,Snarl,EarthPower|Modest||M|||50|
|showteam|p2|Grimmsnarl||LightClay|Prankster|SpiritBreak,PartingShot,Reflect,LightScreen|Sassy||M|||50|]Basculegion||ChoiceScarf|Adaptability|LastRespects,WaveCrash,AquaJet,FlipTurn|Jolly||M|||50|]Charizard||CharizarditeY|Blaze|Protect,HeatWave,WeatherBall,SolarBeam|Modest||F|||50|]Pelipper||SitrusBerry|Drizzle|Hurricane,WeatherBall,Tailwind,WideGuard|Modest||M|||50|]Venusaur||FocusSash|Chlorophyll|SludgeBomb,SleepPowder,EarthPower,Protect|Modest||M|||50|]Archaludon||Leftovers|Stamina|ElectroShot,DragonPulse,FlashCannon,Protect|Calm||M|||50|
|inactive|Battle timer is ON: inactive players will automatically lose when time's up. (requested by efwefwefwefweifier)
|inactive|Chelicerate1 also wants the timer to be on.
|inactive|efwefwefwefweifier has 60 seconds left.
|
|t:|1784799657
|teamsize|p1|4
|teamsize|p2|4
|start
|switch|p1a: Poison Foison|Sneasler, L50, F|100/100
|switch|p1b: Bartholomews|Hydreigon, L50, M|100/100
|switch|p2a: Charizard|Charizard, L50, F|100/100
|switch|p2b: Grimmsnarl|Grimmsnarl, L50, M|100/100
|turn|1
|inactive|Chelicerate1 has 30 seconds left.
|
|t:|1784799688
|detailschange|p2a: Charizard|Charizard-Mega-Y, L50, F
|-mega|p2a: Charizard|Charizard|Charizardite Y
|-weather|SunnyDay|[from] ability: Drought|[of] p2a: Charizard
|move|p1a: Poison Foison|Fake Out|p2b: Grimmsnarl
|-damage|p2b: Grimmsnarl|85/100
|move|p1b: Bartholomews|Snarl|p2b: Grimmsnarl|[spread] p2a,p2b
|-resisted|p2b: Grimmsnarl|2
|-damage|p2a: Charizard|77/100
|-damage|p2b: Grimmsnarl|80/100
|-unboost|p2a: Charizard|spa|1
|-unboost|p2b: Grimmsnarl|spa|1
|move|p2a: Charizard|Weather Ball|p1a: Poison Foison
|-damage|p1a: Poison Foison|15/100
|cant|p2b: Grimmsnarl|flinch
|
|-weather|SunnyDay|[upkeep]
|upkeep
|turn|2
|
|t:|1784799712
|switch|p1a: Merry Berry|Incineroar, L50, F, shiny|100/100
|-ability|p1a: Merry Berry|Intimidate|boost
|-unboost|p2a: Charizard|atk|1
|-unboost|p2b: Grimmsnarl|atk|1
|move|p1b: Bartholomews|Snarl|p2a: Charizard|[spread] p2a,p2b
|-resisted|p2b: Grimmsnarl|2
|-damage|p2a: Charizard|56/100
|-damage|p2b: Grimmsnarl|75/100
|-unboost|p2a: Charizard|spa|1
|-unboost|p2b: Grimmsnarl|spa|1
|move|p2a: Charizard|Heat Wave|p1b: Bartholomews|[spread] p1a,p1b
|-resisted|p1a: Merry Berry|1
|-resisted|p1b: Bartholomews|1
|-damage|p1a: Merry Berry|88/100
|-damage|p1b: Bartholomews|83/100
|move|p2b: Grimmsnarl|Spirit Break|p1b: Bartholomews
|-supereffective|p1b: Bartholomews|2
|-damage|p1b: Bartholomews|0 fnt
|faint|p1b: Bartholomews
|
|-weather|SunnyDay|[upkeep]
|upkeep
|
|t:|1784799727
|switch|p1b: Macho Nacho|Floette-Eternal, L50, F|100/100
|turn|3
|
|t:|1784799743
|detailschange|p1b: Macho Nacho|Floette-Mega, L50, F
|-mega|p1b: Macho Nacho|Floette|Floettite
|-ability|p1b: Macho Nacho|Fairy Aura
|move|p2b: Grimmsnarl|Light Screen|p2b: Grimmsnarl
|-sidestart|p2: Chelicerate1|move: Light Screen
|move|p1b: Macho Nacho|Calm Mind|p1b: Macho Nacho
|-boost|p1b: Macho Nacho|spa|1
|-boost|p1b: Macho Nacho|spd|1
|move|p2a: Charizard|Heat Wave|p1a: Merry Berry|[spread] p1a,p1b
|-resisted|p1a: Merry Berry|1
|-damage|p1a: Merry Berry|76/100
|-damage|p1b: Macho Nacho|85/100
|move|p1a: Merry Berry|Flare Blitz|p2b: Grimmsnarl
|-damage|p2b: Grimmsnarl|7/100
|-damage|p1a: Merry Berry|54/100|[from] Recoil
|
|-weather|SunnyDay|[upkeep]
|upkeep
|turn|4
|inactive|efwefwefwefweifier has 30 seconds left.
|
|t:|1784799774
|switch|p2a: Venusaur|Venusaur, L50, M|100/100
|move|p2b: Grimmsnarl|Parting Shot|p1b: Macho Nacho
|-unboost|p1b: Macho Nacho|atk|1
|-unboost|p1b: Macho Nacho|spa|1
|
|t:|1784799782
|switch|p2b: Charizard|Charizard-Mega-Y, L50, F|56/100|[from] Parting Shot
|move|p1b: Macho Nacho|Dazzling Gleam|p2b: Charizard|[spread] p2a,p2b
|-resisted|p2a: Venusaur|1
|-resisted|p2b: Charizard|1
|-damage|p2a: Venusaur|81/100
|-damage|p2b: Charizard|42/100
|move|p1a: Merry Berry|Darkest Lariat|p2b: Charizard
|-damage|p2b: Charizard|6/100
|
|-weather|SunnyDay|[upkeep]
|upkeep
|turn|5
|
|t:|1784799799
|move|p2a: Venusaur|Sleep Powder|p1a: Merry Berry|[miss]
|-miss|p2a: Venusaur|p1a: Merry Berry
|move|p1b: Macho Nacho|Dazzling Gleam|p2a: Venusaur|[spread] p2a,p2b
|-resisted|p2a: Venusaur|1
|-resisted|p2b: Charizard|1
|-damage|p2a: Venusaur|64/100
|-damage|p2b: Charizard|0 fnt
|faint|p2b: Charizard
|move|p1a: Merry Berry|Flare Blitz|p2a: Venusaur
|-supereffective|p2a: Venusaur|1
|-damage|p2a: Venusaur|0 fnt
|faint|p2a: Venusaur
|-damage|p1a: Merry Berry|37/100|[from] Recoil
|-enditem|p1a: Merry Berry|Sitrus Berry|[eat]
|-heal|p1a: Merry Berry|62/100|[from] item: Sitrus Berry
|
|-weather|none
|upkeep
|
|t:|1784799802
|switch|p2b: Grimmsnarl|Grimmsnarl, L50, M|7/100
|switch|p2a: Basculegion|Basculegion, L50, M|100/100
|turn|6
|inactive|efwefwefwefweifier has 30 seconds left.
|
|t:|1784799830
|switch|p1a: Poison Foison|Sneasler, L50, F|15/100
|move|p1b: Macho Nacho|Protect|p1b: Macho Nacho
|-singleturn|p1b: Macho Nacho|Protect
|move|p2a: Basculegion|Wave Crash|p1a: Poison Foison
|-damage|p1a: Poison Foison|0 fnt
|faint|p1a: Poison Foison
|-damage|p2a: Basculegion|95/100|[from] Recoil
|move|p2b: Grimmsnarl|Spirit Break|p1b: Macho Nacho
|-activate|p1b: Macho Nacho|move: Protect
|
|upkeep
|
|t:|1784799833
|switch|p1a: Merry Berry|Incineroar, L50, F, shiny|62/100
|-ability|p1a: Merry Berry|Intimidate|boost
|-unboost|p2a: Basculegion|atk|1
|-unboost|p2b: Grimmsnarl|atk|1
|turn|7
|
|t:|1784799843
|move|p2b: Grimmsnarl|Light Screen||[still]
|-fail|p2b: Grimmsnarl
|move|p2a: Basculegion|Wave Crash|p1b: Macho Nacho
|-damage|p1b: Macho Nacho|33/100
|-damage|p2a: Basculegion|81/100|[from] Recoil
|move|p1b: Macho Nacho|Dazzling Gleam|p2a: Basculegion|[spread] p2a,p2b
|-crit|p2a: Basculegion
|-supereffective|p2b: Grimmsnarl|1
|-damage|p2a: Basculegion|9/100
|-damage|p2b: Grimmsnarl|0 fnt
|faint|p2b: Grimmsnarl
|move|p1a: Merry Berry|Darkest Lariat|p2a: Basculegion
|-supereffective|p2a: Basculegion|1
|-damage|p2a: Basculegion|0 fnt
|faint|p2a: Basculegion
|
|win|efwefwefwefweifier
|raw|efwefwefwefweifier's rating: 1325 → 1347(+22 for winning)
|raw|Chelicerate1's rating: 1354 → 1332(-22 for losing)
