|j|☆bujero
|j|☆dabicho
|html|bujerodabicho    
|uhtml|bestof|Game 1 of a best-of-3
|t:|1757747384
|gametype|doubles
|player|p1|bujero|gentleman-gen4dp|
|player|p2|dabicho|tuber|
|gen|9
|tier|[Gen 9] VGC 2025 Reg H (Bo3)
|rule|Species Clause: Limit one of each Pokémon
|rule|Item Clause: Limit 1 of each item
|clearpoke
|poke|p1|Rillaboom, L50, M|
|poke|p1|Kingambit, L50, M|
|poke|p1|Sneasler, L50, M|
|poke|p1|Electabuzz, L50, M|
|poke|p1|Dragonite, L50, M|
|poke|p1|Volcarona, L50, F|
|poke|p2|Muk-Alola, L50, F|
|poke|p2|Smeargle, L50, F|
|poke|p2|Flamigo, L50, F|
|poke|p2|Sinistcha, L50|
|poke|p2|Dondozo, L50, M|
|poke|p2|Tatsugiri, L50, F|
|teampreview|4
|showteam|p1|Rillaboom||AssaultVest|GrassySurge|FakeOut,WoodHammer,HighHorsepower,GrassyGlide|||M|||50|,,,,,Fire]Kingambit||BlackGlasses|Defiant|KowtowCleave,SuckerPunch,SwordsDance,Protect|||M|||50|,,,,,Dark]Sneasler||GrassySeed|Unburden|CloseCombat,DireClaw,Protect,Coaching|||M|||50|,,,,,Stellar]Electabuzz||Eviolite|VitalSpirit|Electroweb,Taunt,FollowMe,Protect|||M|||50|,,,,,Dragon]Dragonite||LoadedDice|Multiscale|ScaleShot,Tailwind,Protect,Haze|||M|||50|,,,,,Fairy]Volcarona||CovertCloak|FlameBody|QuiverDance,TeraBlast,HeatWave,Protect|||F|||50|,,,,,Fairy
|showteam|p2|Muk-Alola||Leftovers|PowerofAlchemy|KnockOff,Minimize,Substitute,Protect|||F|||50|,,,,,Ghost]Smeargle||FocusSash|Moody|FollowMe,Spore,WideGuard,SpikyShield|||F|||50|,,,,,Grass]Flamigo||WhiteHerb|Costar|CloseCombat,WideGuard,BraveBird,Protect|||F|||50|,,,,,Stellar]Sinistcha||RockyHelmet|Hospitality|MatchaGotcha,StrengthSap,RagePowder,LifeDew||||||50|,,,,,Steel]Dondozo||SafetyGoggles|Unaware|WaveCrash,Fissure,Yawn,Protect|||M|||50|,,,,,Poison]Tatsugiri||ChoiceScarf|Commander|DracoMeteor,MuddyWater,IcyWind,SleepTalk|||F|||50|,,,,,Steel
|inactive|Battle timer is ON: inactive players will automatically lose when time's up. (requested by dabicho)
|c|☆bujero|Suerte!
|c|☆dabicho|gl!
|inactive|bujero has 60 seconds left.
|inactive|dabicho has 60 seconds left.
|
|t:|1757747441
|teamsize|p1|4
|teamsize|p2|4
|start
|switch|p1a: Rillaboom|Rillaboom, L50, M, shiny|100/100
|switch|p1b: Dragonite|Dragonite, L50, M, shiny|100/100
|switch|p2a: Muk|Muk-Alola, L50, F|100/100
|switch|p2b: Smeargle|Smeargle, L50, F|100/100
|-fieldstart|move: Grassy Terrain|[from] ability: Grassy Surge|[of] p1a: Rillaboom
|turn|1
|inactive|dabicho has 30 seconds left.
|
|t:|1757747474
|move|p2b: Smeargle|Spiky Shield|p2b: Smeargle
|-singleturn|p2b: Smeargle|move: Protect
|move|p1a: Rillaboom|Fake Out|p2b: Smeargle
|-activate|p2b: Smeargle|move: Protect
|-damage|p1a: Rillaboom|88/100|[from] Spiky Shield|[of] p2b: Smeargle
|move|p1b: Dragonite|Scale Shot|p2b: Smeargle
|-activate|p2b: Smeargle|move: Protect
|move|p2a: Muk|Minimize|p2a: Muk
|-boost|p2a: Muk|evasion|2
|
|-heal|p1a: Rillaboom|94/100|[from] Grassy Terrain
|-ability|p2b: Smeargle|Moody|boost
|-boost|p2b: Smeargle|atk|2
|-unboost|p2b: Smeargle|def|1
|upkeep
|turn|2
|
|t:|1757747497
|move|p1b: Dragonite|Protect|p1b: Dragonite
|-singleturn|p1b: Dragonite|Protect
|move|p2b: Smeargle|Spore|p1b: Dragonite
|-activate|p1b: Dragonite|move: Protect
|move|p1a: Rillaboom|Wood Hammer|p2b: Smeargle
|-enditem|p2b: Smeargle|Focus Sash
|-damage|p2b: Smeargle|1/100
|-damage|p1a: Rillaboom|67/100|[from] Recoil
|move|p2a: Muk|Minimize|p2a: Muk
|-boost|p2a: Muk|evasion|2
|
|-heal|p2b: Smeargle|7/100|[from] Grassy Terrain
|-heal|p1a: Rillaboom|73/100|[from] Grassy Terrain
|-ability|p2b: Smeargle|Moody|boost
|-boost|p2b: Smeargle|atk|2
|-unboost|p2b: Smeargle|spe|1
|upkeep
|turn|3
|inactive|dabicho has 30 seconds left.
|inactive|bujero has 30 seconds left.
|inactive|dabicho has 20 seconds left.
|inactive|dabicho has 15 seconds left.
|inactive|dabicho has 10 seconds left.
|inactive|dabicho has 5 seconds left.
|
|t:|1757747552
|move|p2b: Smeargle|Follow Me|p2b: Smeargle
|-singleturn|p2b: Smeargle|move: Follow Me
|move|p1a: Rillaboom|Grassy Glide|p2b: Smeargle
|-damage|p2b: Smeargle|0 fnt
|faint|p2b: Smeargle
|-ability|p2a: Muk|Moody|Power of Alchemy|[from] ability: Power of Alchemy|[of] p2b: Smeargle
|move|p1b: Dragonite|Haze|p1b: Dragonite
|-clearallboost
|move|p2a: Muk|Knock Off|p1b: Dragonite
|-damage|p1b: Dragonite|81/100
|-enditem|p1b: Dragonite|Loaded Dice|[from] move: Knock Off|[of] p2a: Muk
|
|-heal|p1a: Rillaboom|79/100|[from] Grassy Terrain
|-ability|p2a: Muk|Moody|boost
|-boost|p2a: Muk|spd|2
|-unboost|p2a: Muk|spa|1
|upkeep
|inactive|dabicho has 30 seconds left.
|inactive|dabicho has 20 seconds left.
|inactive|dabicho has 15 seconds left.
|inactive|dabicho has 10 seconds left.
|
|t:|1757747599
|switch|p2b: Sinistcha|Sinistcha, L50|100/100
|turn|4
|
|t:|1757747620
|move|p1b: Dragonite|Scale Shot|p2a: Muk
|-damage|p2a: Muk|88/100
|-damage|p2a: Muk|76/100
|-damage|p2a: Muk|64/100
|-hitcount|p2a: Muk|3
|-unboost|p1b: Dragonite|def|1
|-boost|p1b: Dragonite|spe|1
|move|p1a: Rillaboom|High Horsepower|p2a: Muk
|-supereffective|p2a: Muk
|-damage|p2a: Muk|17/100
|move|p2b: Sinistcha|Strength Sap|p1b: Dragonite
|-unboost|p1b: Dragonite|atk|1
|move|p2a: Muk|Substitute|p2a: Muk
|-fail|p2a: Muk|move: Substitute|[weak]
|
|-heal|p1a: Rillaboom|85/100|[from] Grassy Terrain
|-heal|p2a: Muk|23/100|[from] Grassy Terrain
|-heal|p2a: Muk|30/100|[from] item: Leftovers
|-ability|p2a: Muk|Moody|boost
|-boost|p2a: Muk|spd|2
|-unboost|p2a: Muk|spe|1
|upkeep
|turn|5
|inactive|dabicho has 30 seconds left.
|inactive|bujero has 30 seconds left.
|inactive|dabicho has 20 seconds left.
|inactive|dabicho has 15 seconds left.
|inactive|dabicho has 10 seconds left.
|
|t:|1757747665
|switch|p1b: Volcarona|Volcarona, L50, F|100/100
|move|p2a: Muk|Protect|p2a: Muk
|-singleturn|p2a: Muk|Protect
|move|p1a: Rillaboom|High Horsepower|p2a: Muk
|-activate|p2a: Muk|move: Protect
|move|p2b: Sinistcha|Life Dew||[still]|[spread] p2a,p2b
|-heal|p2a: Muk|55/100
|-fail|p2b: Sinistcha|heal
|
|-heal|p1a: Rillaboom|91/100|[from] Grassy Terrain
|-heal|p2a: Muk|61/100|[from] Grassy Terrain
|-heal|p2a: Muk|67/100|[from] item: Leftovers
|-fieldend|move: Grassy Terrain
|-ability|p2a: Muk|Moody|boost
|-boost|p2a: Muk|spa|2
|-unboost|p2a: Muk|def|1
|upkeep
|turn|6
|inactive|dabicho has 30 seconds left.
|inactive|dabicho has 20 seconds left.
|inactive|dabicho has 15 seconds left.
|inactive|dabicho has 10 seconds left.
|
|t:|1757747714
|-terastallize|p2a: Muk|Ghost
|move|p1b: Volcarona|Heat Wave|p2a: Muk|[spread] p2a
|-miss|p1b: Volcarona|p2b: Sinistcha
|-damage|p2a: Muk|57/100
|move|p1a: Rillaboom|High Horsepower|p2a: Muk
|-damage|p2a: Muk|18/100
|move|p2b: Sinistcha|Matcha Gotcha|p1a: Rillaboom|[spread] p1a,p1b
|-resisted|p1a: Rillaboom
|-resisted|p1b: Volcarona
|-damage|p1a: Rillaboom|84/100
|-damage|p1b: Volcarona|95/100
|move|p2a: Muk|Minimize|p2a: Muk
|-boost|p2a: Muk|evasion|2
|
|-heal|p2a: Muk|24/100|[from] item: Leftovers
|-ability|p2a: Muk|Moody|boost
|-boost|p2a: Muk|spd|2
|-unboost|p2a: Muk|def|1
|upkeep
|turn|7
|inactive|dabicho has 30 seconds left.
|inactive|dabicho has 20 seconds left.
|
|t:|1757747750
|move|p2a: Muk|Protect|p2a: Muk
|-singleturn|p2a: Muk|Protect
|move|p1b: Volcarona|Heat Wave|p2a: Muk|[spread] p2b
|-activate|p2a: Muk|move: Protect
|-supereffective|p2b: Sinistcha
|-damage|p2b: Sinistcha|33/100
|-status|p2b: Sinistcha|brn
|move|p1a: Rillaboom|Wood Hammer|p2a: Muk
|-activate|p2a: Muk|move: Protect
|move|p2b: Sinistcha|Life Dew|p2b: Sinistcha|[spread] p2a,p2b
|-heal|p2a: Muk|49/100
|-heal|p2b: Sinistcha|58/100 brn
|
|-heal|p2a: Muk|55/100|[from] item: Leftovers
|-damage|p2b: Sinistcha|52/100 brn|[from] brn
|-ability|p2a: Muk|Moody|boost
|-boost|p2a: Muk|atk|2
|-unboost|p2a: Muk|spd|1
|upkeep
|turn|8
|inactive|dabicho has 30 seconds left.
|
|t:|1757747778
|move|p1b: Volcarona|Heat Wave|p2a: Muk|[spread] p2a,p2b
|-supereffective|p2b: Sinistcha
|-damage|p2a: Muk|46/100
|-damage|p2b: Sinistcha|0 fnt
|faint|p2b: Sinistcha
|move|p1a: Rillaboom|Wood Hammer|p2a: Muk
|-damage|p2a: Muk|0 fnt
|faint|p2a: Muk
|-damage|p1a: Rillaboom|68/100|[from] Recoil
|
|upkeep
|
|t:|1757747801
|switch|p2b: Flamigo|Flamigo, L50, F|100/100
|turn|9
|
|t:|1757747811
|switch|p1a: Dragonite|Dragonite, L50, M, shiny|81/100
|-terastallize|p1b: Volcarona|Fairy
|move|p2b: Flamigo|Brave Bird|p1b: Volcarona
|-damage|p1b: Volcarona|36/100
|-damage|p2b: Flamigo|77/100|[from] Recoil
|move|p1b: Volcarona|Tera Blast|p2b: Flamigo|[anim] Tera Blast Fairy
|-supereffective|p2b: Flamigo
|-damage|p2b: Flamigo|0 fnt
|faint|p2b: Flamigo
|
|win|bujero
||dabicho is ready for game 2.
|inactive|bujero has 30 seconds to confirm battle start!
|c|☆bujero|Gg!
||bujero is ready for game 2.
|uhtml|next|Next: Game 2 of 3
|l|☆bujero
|player|p1|
|j|☆bujero
|player|p1|bujero|gentleman-gen4dp|
