|j|☆Notaplaceofhonor
|j|☆Gurrasnurra5
|html|NotaplaceofhonorGurrasnurra5    
|uhtml|bestof|Game 2 of a best-of-3
|t:|1756486147
|gametype|doubles
|player|p1|Notaplaceofhonor|juan-gen3|1193
|player|p2|Gurrasnurra5|wattson|1144
|gen|9
|tier|[Gen 9] VGC 2025 Reg H (Bo3)
|rated|
|rule|Species Clause: Limit one of each Pokémon
|rule|Item Clause: Limit 1 of each item
|clearpoke
|poke|p1|Indeedee, L50, M|
|poke|p1|Sneasler, L50, M|
|poke|p1|Excadrill, L50, M|
|poke|p1|Magmar, L50, F|
|poke|p1|Corviknight, L50, M|
|poke|p1|Tyranitar, L50, M|
|poke|p2|Kingambit, L50, F|
|poke|p2|Rillaboom, L50, F|
|poke|p2|Sneasler, L50, F|
|poke|p2|Electabuzz, L50, M|
|poke|p2|Basculegion, L50, M|
|poke|p2|Arcanine-Hisui, L50, F|
|teampreview|4
|showteam|p1|Indeedee||ChoiceScarf|PsychicSurge|ExpandingForce,TeraBlast,Trick,Protect|||M|||50|,,,,,Psychic]Sneasler||WhiteHerb|Unburden|FakeOut,CloseCombat,DireClaw,Coaching|||M|||50|,,,,,Flying]Excadrill||FocusSash|SandRush|Earthquake,IronHead,SwordsDance,Protect|||M|||50|,,,,,Ground]Magmar||Eviolite|VitalSpirit|HeatWave,FollowMe,HelpingHand,Protect|||F|||50|,,,,,Flying]Corviknight||PsychicSeed|MirrorArmor|BraveBird,PowerTrip,BulkUp,Roost|||M|||50|,,,,,Water]Tyranitar||AssaultVest|SandStream|RockSlide,KnockOff,LowKick,TeraBlast|||M|||50|,,,,,Flying
|showteam|p2|Kingambit||BlackGlasses|Defiant|Protect,KowtowCleave,SuckerPunch,SwordsDance|||F|||50|,,,,,Dark]Rillaboom||AssaultVest|GrassySurge|WoodHammer,FakeOut,Uturn,GrassyGlide|||F|||50|,,,,,Fire]Sneasler||FocusSash|PoisonTouch|DireClaw,CloseCombat,FakeOut,Protect|||F|||50|,,,,,Ghost]Electabuzz||Eviolite|VitalSpirit|FollowMe,Electroweb,Taunt,Protect|||M|||50|,,,,,Ghost]Basculegion||ChoiceScarf|Adaptability|WaveCrash,FlipTurn,LastRespects,TeraBlast|||M|||50|,,,,,Fighting]Arcanine-Hisui||LifeOrb|Intimidate|FlareBlitz,RockSlide,ExtremeSpeed,Protect|||F|||50|,,,,,Grass
|
|t:|1756486190
|teamsize|p1|4
|teamsize|p2|4
|start
|switch|p1a: Indeedee|Indeedee, L50, M|100/100
|switch|p1b: Sneasler|Sneasler, L50, M|100/100
|switch|p2a: Basculegion|Basculegion, L50, M|100/100
|switch|p2b: Sneasler|Sneasler, L50, F|100/100
|-fieldstart|move: Psychic Terrain|[from] ability: Psychic Surge|[of] p1a: Indeedee
|turn|1
|
|t:|1756486235
|switch|p1a: Corviknight|Corviknight, L50, M|100/100
|-enditem|p1a: Corviknight|Psychic Seed
|-boost|p1a: Corviknight|spd|1|[from] item: Psychic Seed
|switch|p2b: Rillaboom|Rillaboom, L50, F|100/100
|-fieldstart|move: Grassy Terrain|[from] ability: Grassy Surge|[of] p2b: Rillaboom
|move|p2a: Basculegion|Wave Crash|p1b: Sneasler
|-damage|p1b: Sneasler|0 fnt
|faint|p1b: Sneasler
|-damage|p2a: Basculegion|75/100|[from] Recoil
|
|-heal|p2a: Basculegion|81/100|[from] Grassy Terrain
|upkeep
|
|t:|1756486248
|switch|p1b: Indeedee|Indeedee, L50, M|100/100
|-fieldstart|move: Psychic Terrain|[from] ability: Psychic Surge|[of] p1b: Indeedee
|turn|2
|
|t:|1756486268
|switch|p2a: Arcanine|Arcanine-Hisui, L50, F|100/100
|-ability|p2a: Arcanine|Intimidate|boost
|-ability|p1a: Corviknight|Mirror Armor
|-unboost|p2a: Arcanine|atk|1
|-unboost|p1b: Indeedee|atk|1
|move|p1b: Indeedee|Expanding Force|p2a: Arcanine|[spread] p2a,p2b
|-damage|p2a: Arcanine|30/100
|-damage|p2b: Rillaboom|58/100
|move|p2b: Rillaboom|U-turn|p1b: Indeedee
|-supereffective|p1b: Indeedee
|-damage|p1b: Indeedee|0 fnt
|faint|p1b: Indeedee
|
|t:|1756486278
|switch|p2b: Basculegion|Basculegion, L50, M|81/100|[from] U-turn
|move|p1a: Corviknight|Bulk Up|p1a: Corviknight
|-boost|p1a: Corviknight|atk|1
|-boost|p1a: Corviknight|def|1
|
|upkeep
|
|t:|1756486290
|switch|p1b: Excadrill|Excadrill, L50, M|100/100
|turn|3
|
|t:|1756486300
|move|p1b: Excadrill|Protect|p1b: Excadrill
|-singleturn|p1b: Excadrill|Protect
|move|p2b: Basculegion|Wave Crash|p1b: Excadrill
|-activate|p1b: Excadrill|move: Protect
|move|p2a: Arcanine|Rock Slide|p1a: Corviknight|[spread] p1a
|-activate|p1b: Excadrill|move: Protect
|-damage|p1a: Corviknight|87/100
|-damage|p2a: Arcanine|20/100|[from] item: Life Orb
|move|p1a: Corviknight|Power Trip|p2b: Basculegion
|-supereffective|p2b: Basculegion
|-damage|p2b: Basculegion|0 fnt
|faint|p2b: Basculegion
|
|upkeep
|
|t:|1756486308
|switch|p2b: Rillaboom|Rillaboom, L50, F|58/100
|-fieldstart|move: Grassy Terrain|[from] ability: Grassy Surge|[of] p2b: Rillaboom
|turn|4
|
|t:|1756486332
|move|p2b: Rillaboom|Fake Out|p1a: Corviknight
|-resisted|p1a: Corviknight
|-damage|p1a: Corviknight|83/100
|move|p2a: Arcanine|Flare Blitz|p1a: Corviknight
|-supereffective|p1a: Corviknight
|-damage|p1a: Corviknight|29/100
|-damage|p2a: Arcanine|0 fnt|[from] Recoil
|faint|p2a: Arcanine
|move|p1b: Excadrill|Earthquake|p2b: Rillaboom|[spread] p2b
|-immune|p1a: Corviknight
|-resisted|p2b: Rillaboom
|-damage|p2b: Rillaboom|48/100
|cant|p1a: Corviknight|flinch
|
|-heal|p2b: Rillaboom|54/100|[from] Grassy Terrain
|upkeep
|
|t:|1756486339
|switch|p2a: Sneasler|Sneasler, L50, F|100/100
|turn|5
|
|t:|1756486374
|move|p2a: Sneasler|Fake Out|p1a: Corviknight
|-resisted|p1a: Corviknight
|-damage|p1a: Corviknight|25/100
|move|p1b: Excadrill|Iron Head|p2a: Sneasler
|-damage|p2a: Sneasler|33/100
|move|p2b: Rillaboom|Wood Hammer|p1b: Excadrill
|-enditem|p1b: Excadrill|Focus Sash
|-damage|p1b: Excadrill|1/100
|-damage|p2b: Rillaboom|23/100|[from] Recoil
|cant|p1a: Corviknight|flinch
|
|-heal|p2a: Sneasler|38/100|[from] Grassy Terrain
|-heal|p1b: Excadrill|7/100|[from] Grassy Terrain
|-heal|p2b: Rillaboom|29/100|[from] Grassy Terrain
|upkeep
|turn|6
|
|t:|1756486416
|move|p2b: Rillaboom|Grassy Glide|p1b: Excadrill
|-damage|p1b: Excadrill|0 fnt
|faint|p1b: Excadrill
|move|p2a: Sneasler|Close Combat|p1a: Corviknight
|-damage|p1a: Corviknight|0 fnt
|-unboost|p2a: Sneasler|def|1
|-unboost|p2a: Sneasler|spd|1
|faint|p1a: Corviknight
|
|win|Gurrasnurra5
|raw|Notaplaceofhonor's rating: 1193 → 1164(-29 for losing)
|raw|Gurrasnurra5's rating: 1144 → 1173(+29 for winning)
