|j|‽Felon74
|j|☆JakAttack101
|html|Felon74JakAttack101    
|uhtml|bestof|Game 2 of a best-of-3
|t:|1756500876
|gametype|doubles
|player|p1|Felon74|crasherwake|1114
|player|p2|JakAttack101|blaine|1038
|gen|9
|tier|[Gen 9] VGC 2025 Reg H (Bo3)
|rated|
|rule|Species Clause: Limit one of each Pokémon
|rule|Item Clause: Limit 1 of each item
|clearpoke
|poke|p1|Kingambit, L50, M|
|poke|p1|Rillaboom, L50, F|
|poke|p1|Electabuzz, L50, M|
|poke|p1|Blaziken, L50, F|
|poke|p1|Dragapult, L50, F|
|poke|p1|Primarina, L50, F|
|poke|p2|Annihilape, L50, M|
|poke|p2|Ninetales-Alola, L50, M|
|poke|p2|Garchomp, L50, F|
|poke|p2|Dragonite, L50, M|
|poke|p2|Sneasler, L50, M|
|poke|p2|Incineroar, L50, F|
|teampreview|4
|showteam|p1|Kingambit||AssaultVest|Defiant|KowtowCleave,IronHead,SuckerPunch,LowKick|||M|||50|,,,,,Fire]Rillaboom||MiracleSeed|GrassySurge|WoodHammer,GrassyGlide,Uturn,FakeOut|||F|||50|,,,,,Fire]Electabuzz||Eviolite|VitalSpirit|Thunderbolt,FollowMe,Taunt,Protect|||M|||50|,,,,,Dark]Blaziken||FocusSash|SpeedBoost|CloseCombat,FlareBlitz,Coaching,Protect|||F|||50|,,,,,Stellar]Dragapult||ChoiceBand|ClearBody|DragonDarts,PhantomForce,TeraBlast,Uturn|||F|||50|,,,,,Ghost]Primarina||SitrusBerry|LiquidVoice|HyperVoice,Moonblast,Haze,Protect|||F|||50|,,,,,Steel
|showteam|p2|Annihilape||AssaultVest|Defiant|RageFist,DrainPunch,RockTomb,FinalGambit|||M|||50|,,,,,Fire]Ninetales-Alola||ChoiceSpecs|SnowWarning|Blizzard,Moonblast,FreezeDry,IcyWind|||M|||50|,,,,,Ghost]Garchomp||LifeOrb|RoughSkin|Earthquake,StompingTantrum,DragonClaw,Protect|||F|||50|,,,,,Steel]Dragonite||LoadedDice|Multiscale|ScaleShot,Tailwind,Protect,Haze|||M|||50|,,,,,Fairy]Sneasler||FocusSash|Unburden|CloseCombat,DireClaw,FakeOut,Coaching|||M|||50|,,,,,Ghost]Incineroar||SafetyGoggles|Intimidate|KnockOff,Taunt,FakeOut,PartingShot|||F|||50|,,,,,Fairy
|inactive|Battle timer is ON: inactive players will automatically lose when time's up. (requested by JakAttack101)
|j| Arkhept
|l| Arkhept
|
|t:|1756500905
|teamsize|p1|4
|teamsize|p2|4
|start
|switch|p1a: Blaziken|Blaziken, L50, F|100/100
|switch|p1b: Dragapult|Dragapult, L50, F|100/100
|switch|p2a: Dragonite|Dragonite, L50, M, shiny|100/100
|switch|p2b: Garchomp|Garchomp, L50, F|100/100
|turn|1
|inactive|JakAttack101 has 30 seconds left.
|inactive|JakAttack101 has 20 seconds left.
|inactive|JakAttack101 has 15 seconds left.
|inactive|JakAttack101 has 10 seconds left.
|inactive|JakAttack101 has 5 seconds left.
|
|t:|1756500960
|move|p1a: Blaziken|Protect|p1a: Blaziken
|-singleturn|p1a: Blaziken|Protect
|move|p1b: Dragapult|U-turn|p2a: Dragonite
|-resisted|p2a: Dragonite
|-damage|p2a: Dragonite|90/100
|
|t:|1756500968
|switch|p1b: Kingambit|Kingambit, L50, M|100/100|[from] U-turn
|move|p2b: Garchomp|Earthquake|p1b: Kingambit|[spread] p1b
|-activate|p1a: Blaziken|move: Protect
|-immune|p2a: Dragonite
|-supereffective|p1b: Kingambit
|-damage|p1b: Kingambit|21/100
|-damage|p2b: Garchomp|91/100|[from] item: Life Orb
|move|p2a: Dragonite|Scale Shot|p1a: Blaziken
|-activate|p1a: Blaziken|move: Protect
|
|-ability|p1a: Blaziken|Speed Boost|boost
|-boost|p1a: Blaziken|spe|1
|upkeep
|turn|2
|inactive|Felon74 has 30 seconds left.
|inactive|JakAttack101 has 30 seconds left.
|inactive|JakAttack101 has 20 seconds left.
|inactive|Felon74 has 20 seconds left.
|inactive|JakAttack101 has 15 seconds left.
|inactive|Felon74 has 15 seconds left.
|inactive|JakAttack101 has 10 seconds left.
|inactive|JakAttack101 has 5 seconds left.
|
|t:|1756501020
|move|p1a: Blaziken|Close Combat|p2b: Garchomp
|-damage|p2b: Garchomp|31/100
|-unboost|p1a: Blaziken|def|1
|-unboost|p1a: Blaziken|spd|1
|-damage|p1a: Blaziken|88/100|[from] ability: Rough Skin|[of] p2b: Garchomp
|move|p2b: Garchomp|Earthquake|p1a: Blaziken|[spread] p1a,p1b
|-immune|p2a: Dragonite
|-supereffective|p1a: Blaziken
|-supereffective|p1b: Kingambit
|-damage|p1a: Blaziken|0 fnt
|-damage|p1b: Kingambit|0 fnt
|faint|p1a: Blaziken
|faint|p1b: Kingambit
|-damage|p2b: Garchomp|21/100|[from] item: Life Orb
|move|p2a: Dragonite|Scale Shot|p1: Blaziken|[notarget]
|-fail|p2a: Dragonite
|
|upkeep
|
|t:|1756501038
|switch|p1a: Dragapult|Dragapult, L50, F|100/100
|switch|p1b: Primarina|Primarina, L50, F|100/100
|turn|3
|inactive|Felon74 has 30 seconds left.
|inactive|JakAttack101 has 30 seconds left.
|inactive|JakAttack101 has 20 seconds left.
|inactive|JakAttack101 has 15 seconds left.
|inactive|JakAttack101 has 10 seconds left.
|inactive|JakAttack101 has 5 seconds left.
|
|t:|1756501093
|move|p1b: Primarina|Protect|p1b: Primarina
|-singleturn|p1b: Primarina|Protect
|move|p1a: Dragapult|Phantom Force||[still]
|-prepare|p1a: Dragapult|Phantom Force
|move|p2b: Garchomp|Earthquake|p1a: Dragapult|[spread] 
|-miss|p2b: Garchomp|p1a: Dragapult
|-activate|p1b: Primarina|move: Protect
|-immune|p2a: Dragonite
|move|p2a: Dragonite|Scale Shot|p1b: Primarina
|-activate|p1b: Primarina|move: Protect
|
|upkeep
|turn|4
|
|t:|1756501109
|switch|p2b: Sneasler|Sneasler, L50, M, shiny|100/100
|-terastallize|p2a: Dragonite|Fairy
|move|p1a: Dragapult|Phantom Force|p2b: Sneasler|[from] lockedmove
|-enditem|p2b: Sneasler|Focus Sash
|-damage|p2b: Sneasler|1/100
|move|p2a: Dragonite|Scale Shot|p1a: Dragapult
|-supereffective|p1a: Dragapult
|-damage|p1a: Dragapult|56/100
|-supereffective|p1a: Dragapult
|-damage|p1a: Dragapult|18/100
|-supereffective|p1a: Dragapult
|-damage|p1a: Dragapult|0 fnt
|faint|p1a: Dragapult
|-hitcount|p1: Dragapult|3
|-unboost|p2a: Dragonite|def|1
|-boost|p2a: Dragonite|spe|1
|move|p1b: Primarina|Moonblast|p2a: Dragonite
|-damage|p2a: Dragonite|32/100
|
|upkeep
|turn|5
|
|t:|1756501135
|move|p2a: Dragonite|Protect|p2a: Dragonite
|-singleturn|p2a: Dragonite|Protect
|move|p1b: Primarina|Protect|p1b: Primarina
|-singleturn|p1b: Primarina|Protect
|move|p2b: Sneasler|Dire Claw|p1b: Primarina
|-activate|p1b: Primarina|move: Protect
|
|upkeep
|turn|6
|
|t:|1756501147
|-terastallize|p1b: Primarina|Steel
|move|p2b: Sneasler|Close Combat|p1b: Primarina
|-supereffective|p1b: Primarina
|-damage|p1b: Primarina|0 fnt
|-unboost|p2b: Sneasler|def|1
|-unboost|p2b: Sneasler|spd|1
|faint|p1b: Primarina
|
|win|JakAttack101
|raw|Felon74's rating: 1114 → 1084(-30 for losing)
|raw|JakAttack101's rating: 1038 → 1080(+42 for winning)
|l|‽Felon74
|player|p1|
