|j|☆Gi1796
|j|☆ossigt
|html|Gi1796ossigt    
|uhtml|bestof|Game 1 of a best-of-3
|t:|1756828941
|gametype|doubles
|player|p1|Gi1796|169|1112
|player|p2|ossigt|hilbert-wonderlauncher|1161
|gen|9
|tier|[Gen 9] VGC 2025 Reg H (Bo3)
|rated|
|rule|Species Clause: Limit one of each Pokémon
|rule|Item Clause: Limit 1 of each item
|clearpoke
|poke|p1|Sneasler, L50, M|
|poke|p1|Indeedee, L50, M|
|poke|p1|Annihilape, L50, F|
|poke|p1|Tyranitar, L50, M|
|poke|p1|Excadrill, L50, F|
|poke|p1|Corviknight, L50, F|
|poke|p2|Kingambit, L50, F|
|poke|p2|Rillaboom, L50, F|
|poke|p2|Electabuzz, L50, M|
|poke|p2|Dragapult, L50, M|
|poke|p2|Volcarona, L50, M|
|poke|p2|Tauros-Paldea-Aqua, L50, M|
|teampreview|4
|showteam|p1|Sneasler||PsychicSeed|Unburden|CloseCombat,DireClaw,ThroatChop,Protect|||M|||50|,,,,,Dark]Indeedee||ChoiceScarf|PsychicSurge|ExpandingForce,TeraBlast,Trick,DazzlingGleam|||M|||50|,,,,,Psychic]Annihilape||SafetyGoggles|Defiant|CloseCombat,RageFist,Taunt,FinalGambit|||F|||50|,,,,,Water]Tyranitar||AssaultVest|SandStream|RockSlide,KnockOff,TeraBlast,LowKick|||M|||50|,,,,,Flying]Excadrill||FocusSash|SandRush|HighHorsepower,Earthquake,IronHead,Protect|||F|||50|,,,,,Stellar]Corviknight||Leftovers|MirrorArmor|BraveBird,BulkUp,Tailwind,Roost|||F|||50|,,,,,Dragon
|showteam|p2|Kingambit||BlackGlasses|Defiant|Protect,KowtowCleave,SuckerPunch,SwordsDance|||F|||50|,,,,,Dark]Rillaboom||AssaultVest|GrassySurge|WoodHammer,GrassyGlide,Uturn,FakeOut|||F|||50|,,,,,Fire]Electabuzz||Eviolite|VitalSpirit|Protect,Thunderbolt,HelpingHand,FollowMe|||M|||50|,,,,,Ghost]Dragapult||ChoiceBand|ClearBody|DragonDarts,PhantomForce,Outrage,Uturn|||M|||50|,,,,,Ghost]Volcarona||CovertCloak|FlameBody|Protect,HeatWave,GigaDrain,QuiverDance|||M|||50|,,,,,Dragon]Tauros-Paldea-Aqua||MirrorHerb|Intimidate|Protect,WaveCrash,CloseCombat,AquaJet|||M|||50|,,,,,Water
|inactive|Battle timer is ON: inactive players will automatically lose when time's up. (requested by Gi1796)
|inactive|Gi1796 has 60 seconds left.
|inactive|Gi1796 has 30 seconds left.
|
|t:|1756829010
|teamsize|p1|4
|teamsize|p2|4
|start
|switch|p1a: Corviknight|Corviknight, L50, F|100/100
|switch|p1b: Tyranitar|Tyranitar, L50, M|100/100
|switch|p2a: Tauros|Tauros-Paldea-Aqua, L50, M|100/100
|switch|p2b: Volcarona|Volcarona, L50, M, shiny|100/100
|-ability|p2a: Tauros|Intimidate|boost
|-ability|p1a: Corviknight|Mirror Armor
|-unboost|p2a: Tauros|atk|1
|-unboost|p1b: Tyranitar|atk|1
|-weather|Sandstorm|[from] ability: Sand Stream|[of] p1b: Tyranitar
|turn|1
|inactive|Gi1796 has 30 seconds left.
|inactive|ossigt has 30 seconds left.
|inactive|Gi1796 has 20 seconds left.
|inactive|Gi1796 has 15 seconds left.
|inactive|Gi1796 has 10 seconds left.
|inactive|Gi1796 has 5 seconds left.
|
|t:|1756829061
|switch|p2a: Rillaboom|Rillaboom, L50, F, shiny|100/100
|-fieldstart|move: Grassy Terrain|[from] ability: Grassy Surge|[of] p2a: Rillaboom
|-terastallize|p2b: Volcarona|Dragon
|-terastallize|p1b: Tyranitar|Flying
|move|p2b: Volcarona|Quiver Dance|p2b: Volcarona
|-boost|p2b: Volcarona|spa|1
|-boost|p2b: Volcarona|spd|1
|-boost|p2b: Volcarona|spe|1
|move|p1b: Tyranitar|Tera Blast|p2a: Rillaboom|[anim] Tera Blast Flying
|-supereffective|p2a: Rillaboom
|-damage|p2a: Rillaboom|42/100
|move|p1a: Corviknight|Tailwind|p1a: Corviknight
|-sidestart|p1: Gi1796|move: Tailwind
|
|-weather|Sandstorm|[upkeep]
|-damage|p1b: Tyranitar|94/100|[from] Sandstorm
|-damage|p2b: Volcarona|94/100|[from] Sandstorm
|-damage|p2a: Rillaboom|36/100|[from] Sandstorm
|-heal|p2b: Volcarona|100/100|[from] Grassy Terrain
|-heal|p2a: Rillaboom|42/100|[from] Grassy Terrain
|upkeep
|turn|2
|inactive|Gi1796 has 30 seconds left.
|inactive|ossigt has 30 seconds left.
|
|t:|1756829090
|move|p2a: Rillaboom|Fake Out|p1b: Tyranitar
|-damage|p1b: Tyranitar|82/100
|cant|p1b: Tyranitar|flinch
|move|p2b: Volcarona|Quiver Dance|p2b: Volcarona
|-boost|p2b: Volcarona|spa|1
|-boost|p2b: Volcarona|spd|1
|-boost|p2b: Volcarona|spe|1
|move|p1a: Corviknight|Brave Bird|p2a: Rillaboom
|-supereffective|p2a: Rillaboom
|-damage|p2a: Rillaboom|0 fnt
|faint|p2a: Rillaboom
|-damage|p1a: Corviknight|87/100|[from] Recoil
|
|-weather|Sandstorm|[upkeep]
|-damage|p2b: Volcarona|94/100|[from] Sandstorm
|-damage|p1b: Tyranitar|76/100|[from] Sandstorm
|-heal|p2b: Volcarona|100/100|[from] Grassy Terrain
|-heal|p1a: Corviknight|93/100|[from] item: Leftovers
|upkeep
|
|t:|1756829107
|switch|p2a: Dragapult|Dragapult, L50, M, shiny|100/100
|turn|3
|
|t:|1756829123
|switch|p2a: Tauros|Tauros-Paldea-Aqua, L50, M|100/100
|-ability|p2a: Tauros|Intimidate|boost
|-ability|p1a: Corviknight|Mirror Armor
|-unboost|p2a: Tauros|atk|1
|-unboost|p1b: Tyranitar|atk|1
|move|p2b: Volcarona|Heat Wave|p1a: Corviknight|[spread] p1a,p1b
|-supereffective|p1a: Corviknight
|-crit|p1b: Tyranitar
|-damage|p1a: Corviknight|0 fnt
|-damage|p1b: Tyranitar|2/100
|faint|p1a: Corviknight
|move|p1b: Tyranitar|Knock Off|p2b: Volcarona
|-damage|p2b: Volcarona|66/100
|-enditem|p2b: Volcarona|Covert Cloak|[from] move: Knock Off|[of] p1b: Tyranitar
|
|-weather|Sandstorm|[upkeep]
|-damage|p2b: Volcarona|60/100|[from] Sandstorm
|-damage|p1b: Tyranitar|0 fnt|[from] Sandstorm
|-damage|p2a: Tauros|94/100|[from] Sandstorm
|faint|p1b: Tyranitar
|-heal|p2b: Volcarona|66/100|[from] Grassy Terrain
|-heal|p2a: Tauros|100/100|[from] Grassy Terrain
|upkeep
|
|t:|1756829139
|switch|p1b: Excadrill|Excadrill, L50, F|100/100
|switch|p1a: Sneasler|Sneasler, L50, M|100/100
|turn|4
|inactive|Gi1796 has 30 seconds left.
|inactive|Gi1796 has 20 seconds left.
|inactive|Gi1796 has 15 seconds left.
|inactive|Gi1796 has 10 seconds left.
|inactive|Gi1796 has 5 seconds left.
|
|t:|1756829191
|move|p2b: Volcarona|Protect|p2b: Volcarona
|-singleturn|p2b: Volcarona|Protect
|move|p2a: Tauros|Protect|p2a: Tauros
|-singleturn|p2a: Tauros|Protect
|move|p1b: Excadrill|High Horsepower|p2b: Volcarona
|-activate|p2b: Volcarona|move: Protect
|move|p1a: Sneasler|Dire Claw|p2b: Volcarona
|-activate|p2b: Volcarona|move: Protect
|
|-weather|Sandstorm|[upkeep]
|-damage|p1a: Sneasler|95/100|[from] Sandstorm
|-damage|p2b: Volcarona|60/100|[from] Sandstorm
|-damage|p2a: Tauros|94/100|[from] Sandstorm
|-heal|p1a: Sneasler|100/100|[from] Grassy Terrain
|-heal|p2b: Volcarona|66/100|[from] Grassy Terrain
|-heal|p2a: Tauros|100/100|[from] Grassy Terrain
|-sideend|p1: Gi1796|move: Tailwind
|upkeep
|turn|5
|
|t:|1756829210
|move|p2a: Tauros|Aqua Jet|p1b: Excadrill
|-supereffective|p1b: Excadrill
|-damage|p1b: Excadrill|64/100
|move|p1b: Excadrill|High Horsepower|p2b: Volcarona
|-damage|p2b: Volcarona|5/100
|move|p2b: Volcarona|Heat Wave|p1a: Sneasler|[spread] p1a,p1b
|-supereffective|p1b: Excadrill
|-damage|p1a: Sneasler|9/100
|-damage|p1b: Excadrill|0 fnt
|faint|p1b: Excadrill
|move|p1a: Sneasler|Dire Claw|p2b: Volcarona
|-damage|p2b: Volcarona|0 fnt
|faint|p2b: Volcarona
|
|-weather|none
|-heal|p1a: Sneasler|15/100|[from] Grassy Terrain
|-fieldend|move: Grassy Terrain
|upkeep
|
|t:|1756829224
|switch|p2b: Dragapult|Dragapult, L50, M, shiny|100/100
|turn|6
|
|t:|1756829229
|move|p2a: Tauros|Aqua Jet|p1a: Sneasler
|-damage|p1a: Sneasler|0 fnt
|faint|p1a: Sneasler
|
|win|ossigt
||Gi1796 is ready for game 2.
||ossigt is ready for game 2.
|uhtml|next|Next: Game 2 of 3
