|j|☆jonen
|j|☆Cristante terabug
|html|jonenCristante terabug    
|uhtml|bestof|Game 2 of a best-of-3
|t:|1755689465
|gametype|doubles
|player|p1|jonen|hiker-gen4|1292
|player|p2|Cristante terabug|kieran-champion|1334
|gen|9
|tier|[Gen 9] VGC 2025 Reg H (Bo3)
|rated|
|rule|Species Clause: Limit one of each Pokémon
|rule|Item Clause: Limit 1 of each item
|clearpoke
|poke|p1|Garchomp, L50, F|
|poke|p1|Weezing-Galar, L50, F|
|poke|p1|Archaludon, L50, F|
|poke|p1|Gholdengo, L50|
|poke|p1|Talonflame, L50, F|
|poke|p1|Annihilape, L50, M|
|poke|p2|Kommo-o, L50, M|
|poke|p2|Sneasler, L50, M|
|poke|p2|Dragonite, L50, M|
|poke|p2|Rillaboom, L50, M|
|poke|p2|Gholdengo, L50|
|poke|p2|Sinistcha, L50|
|teampreview|4
|showteam|p1|Garchomp||LifeOrb|RoughSkin|DragonClaw,Earthquake,StompingTantrum,Protect|||F|||50|,,,,,Ground]Weezing-Galar||FocusSash|NeutralizingGas|Protect,SludgeBomb,Taunt,StrangeSteam|||F|||50|,,,,,Flying]Archaludon||PowerHerb|Sturdy|ElectroShot,Thunderbolt,DracoMeteor,Protect|||F|||50|,,,,,Electric]Gholdengo||ChoiceSpecs|GoodasGold|ShadowBall,DazzlingGleam,PowerGem,MakeItRain||||||50|,,,,,Fairy]Talonflame||CovertCloak|GaleWings|Tailwind,DualWingbeat,WillOWisp,FlareBlitz|||F|||50|,,,,,Fairy]Annihilape||AssaultVest|Defiant|CloseCombat,RageFist,FinalGambit,IcePunch|||M|||50|,,,,,Grass
|showteam|p2|Kommo-o||Leftovers|Overcoat|ClangorousSoul,ClangingScales,Flamethrower,Protect|||M|||50|,,,,,Fire]Sneasler||FocusSash|PoisonTouch|CloseCombat,DireClaw,FakeOut,Protect|||M|||50|,,,,,Ghost]Dragonite||LoadedDice|Multiscale|ScaleShot,Haze,Protect,Tailwind|||M|||50|,,,,,Steel]Rillaboom||AssaultVest|GrassySurge|DrumBeating,HighHorsepower,FakeOut,GrassyGlide|||M|||50|,,,,,Fire]Gholdengo||LifeOrb|GoodasGold|MakeItRain,NastyPlot,Protect,ShadowBall||||||50|,,,,,Dragon]Sinistcha||SitrusBerry|Hospitality|MatchaGotcha,RagePowder,LifeDew,TrickRoom||||||50|,,,,,Dark
|
|t:|1755689486
|teamsize|p1|4
|teamsize|p2|4
|start
|switch|p1a: Talonflame|Talonflame, L50, F|100/100
|switch|p1b: Gholdengo|Gholdengo, L50|100/100
|switch|p2a: Rillaboom|Rillaboom, L50, M|100/100
|switch|p2b: Dragonite|Dragonite, L50, M|100/100
|-fieldstart|move: Grassy Terrain|[from] ability: Grassy Surge|[of] p2a: Rillaboom
|turn|1
|inactive|Battle timer is ON: inactive players will automatically lose when time's up. (requested by Cristante terabug)
|inactive|jonen has 60 seconds left.
|
|t:|1755689533
|-terastallize|p2b: Dragonite|Steel
|move|p1a: Talonflame|Will-O-Wisp|p2b: Dragonite
|-status|p2b: Dragonite|brn
|move|p2a: Rillaboom|Drum Beating|p1b: Gholdengo
|-resisted|p1b: Gholdengo
|-damage|p1b: Gholdengo|75/100
|-unboost|p1b: Gholdengo|spe|1
|move|p2b: Dragonite|Scale Shot|p1a: Talonflame
|-damage|p1a: Talonflame|89/100
|-damage|p1a: Talonflame|77/100
|-damage|p1a: Talonflame|65/100
|-damage|p1a: Talonflame|53/100
|-crit|p1a: Talonflame
|-damage|p1a: Talonflame|37/100
|-hitcount|p1a: Talonflame|5
|-unboost|p2b: Dragonite|def|1
|-boost|p2b: Dragonite|spe|1
|move|p1b: Gholdengo|Dazzling Gleam|p2a: Rillaboom|[spread] p2a,p2b
|-resisted|p2b: Dragonite
|-damage|p2a: Rillaboom|76/100
|-damage|p2b: Dragonite|92/100 brn
|
|-heal|p2b: Dragonite|98/100 brn|[from] Grassy Terrain
|-heal|p2a: Rillaboom|82/100|[from] Grassy Terrain
|-heal|p1b: Gholdengo|81/100|[from] Grassy Terrain
|-damage|p2b: Dragonite|92/100 brn|[from] brn
|upkeep
|turn|2
|inactive|jonen has 30 seconds left.
|
|t:|1755689565
|switch|p1b: Weezing|Weezing-Galar, L50, F|100/100
|-ability|p1b: Weezing|Neutralizing Gas
|-terastallize|p1a: Talonflame|Fairy
|move|p2b: Dragonite|Scale Shot|p1a: Talonflame
|-immune|p1a: Talonflame
|move|p1a: Talonflame|Flare Blitz|p2b: Dragonite
|-supereffective|p2b: Dragonite
|-damage|p2b: Dragonite|0 fnt
|faint|p2b: Dragonite
|-damage|p1a: Talonflame|4/100|[from] Recoil
|move|p2a: Rillaboom|High Horsepower|p1b: Weezing
|-supereffective|p1b: Weezing
|-damage|p1b: Weezing|41/100
|
|-heal|p1a: Talonflame|10/100|[from] Grassy Terrain
|-heal|p2a: Rillaboom|89/100|[from] Grassy Terrain
|-heal|p1b: Weezing|47/100|[from] Grassy Terrain
|upkeep
|
|t:|1755689578
|switch|p2b: Gholdengo|Gholdengo, L50|100/100
|turn|3
|
|t:|1755689596
|-end|p1b: Weezing|ability: Neutralizing Gas
|switch|p1b: Gholdengo|Gholdengo, L50|81/100
|move|p2a: Rillaboom|Grassy Glide|p1a: Talonflame
|-damage|p1a: Talonflame|0 fnt
|faint|p1a: Talonflame
|move|p2b: Gholdengo|Nasty Plot|p2b: Gholdengo
|-boost|p2b: Gholdengo|spa|2
|
|-heal|p2a: Rillaboom|95/100|[from] Grassy Terrain
|-heal|p1b: Gholdengo|88/100|[from] Grassy Terrain
|upkeep
|
|t:|1755689605
|switch|p1a: Garchomp|Garchomp, L50, F|100/100
|turn|4
|
|t:|1755689620
|move|p2b: Gholdengo|Protect|p2b: Gholdengo
|-singleturn|p2b: Gholdengo|Protect
|move|p1a: Garchomp|Stomping Tantrum|p2b: Gholdengo
|-activate|p2b: Gholdengo|move: Protect
|move|p2a: Rillaboom|Drum Beating|p1a: Garchomp
|-damage|p1a: Garchomp|53/100
|-unboost|p1a: Garchomp|spe|1
|move|p1b: Gholdengo|Make It Rain|p2a: Rillaboom|[spread] p2a
|-activate|p2b: Gholdengo|move: Protect
|-damage|p2a: Rillaboom|39/100
|-unboost|p1b: Gholdengo|spa|1
|
|-heal|p2a: Rillaboom|45/100|[from] Grassy Terrain
|-heal|p1b: Gholdengo|94/100|[from] Grassy Terrain
|-heal|p1a: Garchomp|59/100|[from] Grassy Terrain
|upkeep
|turn|5
|
|t:|1755689635
|switch|p1b: Weezing|Weezing-Galar, L50, F|47/100
|-ability|p1b: Weezing|Neutralizing Gas
|move|p1a: Garchomp|Protect|p1a: Garchomp
|-singleturn|p1a: Garchomp|Protect
|move|p2a: Rillaboom|High Horsepower|p1b: Weezing
|-supereffective|p1b: Weezing
|-damage|p1b: Weezing|0 fnt
|faint|p1b: Weezing
|-end|p1b: Weezing|ability: Neutralizing Gas
|move|p2b: Gholdengo|Make It Rain|p1a: Garchomp
|-activate|p1a: Garchomp|move: Protect
|
|-heal|p2a: Rillaboom|51/100|[from] Grassy Terrain
|-heal|p1a: Garchomp|65/100|[from] Grassy Terrain
|-fieldend|move: Grassy Terrain
|upkeep
|
|t:|1755689645
|switch|p1b: Gholdengo|Gholdengo, L50|94/100
|turn|6
|inactive|Cristante terabug has 30 seconds left.
|
|t:|1755689680
|move|p2a: Rillaboom|Drum Beating|p1b: Gholdengo
|-resisted|p1b: Gholdengo
|-damage|p1b: Gholdengo|73/100
|-unboost|p1b: Gholdengo|spe|1
|move|p2b: Gholdengo|Make It Rain|p1b: Gholdengo|[spread] p1a,p1b
|-resisted|p1b: Gholdengo
|-damage|p1a: Garchomp|0 fnt
|-damage|p1b: Gholdengo|7/100
|-unboost|p2b: Gholdengo|spa|1
|faint|p1a: Garchomp
|-damage|p2b: Gholdengo|91/100|[from] item: Life Orb
|move|p1b: Gholdengo|Shadow Ball|p2b: Gholdengo
|-supereffective|p2b: Gholdengo
|-damage|p2b: Gholdengo|0 fnt
|faint|p2b: Gholdengo
|
|upkeep
|
|t:|1755689688
|switch|p2b: Sneasler|Sneasler, L50, M|100/100
|turn|7
|
|t:|1755689692
|move|p2b: Sneasler|Close Combat|p1b: Gholdengo
|-immune|p1b: Gholdengo
|move|p2a: Rillaboom|Drum Beating|p1b: Gholdengo
|-resisted|p1b: Gholdengo
|-damage|p1b: Gholdengo|0 fnt
|faint|p1b: Gholdengo
|
|win|Cristante terabug
|raw|jonen's rating: 1292 → 1270(-22 for losing)
|raw|Cristante terabug's rating: 1334 → 1352(+18 for winning)
