|j|☆chocokoala vgc
|j|☆dike guard
|html|chocokoala vgcdike guard    
|uhtml|bestof|Game 2 of a best-of-3
|t:|1785178196
|gametype|doubles
|player|p1|chocokoala vgc|benga|1328
|player|p2|dike guard|265|1432
|gen|9
|tier|[Gen 9 Champions] VGC 2026 Reg M-B (Bo3)
|rated|
|rule|Species Clause: Limit one of each Pokémon
|rule|Item Clause: Limit 1 of each item
|clearpoke
|poke|p1|Scovillain, L50, M|
|poke|p1|Primarina, L50, F|
|poke|p1|Aerodactyl, L50, M|
|poke|p1|Garchomp, L50, F|
|poke|p1|Gholdengo, L50|
|poke|p1|Grimmsnarl, L50, M|
|poke|p2|Floette-Eternal, L50, F|
|poke|p2|Sinistcha-Masterpiece, L50|
|poke|p2|Incineroar, L50, F|
|poke|p2|Delphox, L50, M|
|poke|p2|Sneasler, L50, M|
|poke|p2|Garchomp, L50, M|
|teampreview|4
|showteam|p1|Scovillain||Scovillainite|Moody|Flamethrower,GigaDrain,Protect,RagePowder|Bold||M|||50|]Primarina||Leftovers|LiquidVoice|HyperVoice,Moonblast,Protect,CalmMind|Modest||F|||50|]Aerodactyl||Aerodactylite|Unnerve|RockSlide,DualWingbeat,Protect,Tailwind|Jolly||M|||50|]Garchomp||SoftSand|RoughSkin|Earthquake,StompingTantrum,Protect,DragonClaw|Jolly||F|||50|]Gholdengo||LifeOrb|GoodasGold|MakeItRain,ShadowBall,Protect,NastyPlot|Modest|||||50|]Grimmsnarl||LightClay|Prankster|LightScreen,Reflect,FakeOut,FoulPlay|Calm||M|||50|
|showteam|p2|Floette-Eternal||Floettite|FlowerVeil|DazzlingGleam,Moonblast,CalmMind,Protect|Serious||F|||50|]Sinistcha-Masterpiece||KasibBerry|Hospitality|MatchaGotcha,RagePowder,TrickRoom,Protect|Bold|||||50|]Incineroar||SitrusBerry|Intimidate|FlareBlitz,PartingShot,FakeOut,DarkestLariat|Impish||F|||50|]Delphox||Delphoxite|Blaze|HeatWave,Psychic,NastyPlot,Protect|Timid||M|||50|]Sneasler||FocusSash|PoisonTouch|PoisonJab,CloseCombat,FakeOut,QuickGuard|Jolly||M|||50|]Garchomp||ChoiceScarf|RoughSkin|Earthquake,RockSlide,StompingTantrum,DragonClaw|Adamant||M|||50|
|inactive|Battle timer is ON: inactive players will automatically lose when time's up. (requested by chocokoala vgc)
|j| Eyemasked
|
|t:|1785178221
|teamsize|p1|4
|teamsize|p2|4
|start
|switch|p1a: Aerodactyl|Aerodactyl, L50, M|100/100
|switch|p1b: Gholdengo|Gholdengo, L50|100/100
|switch|p2a: Delphox|Delphox, L50, M|100/100
|switch|p2b: Incineroar|Incineroar, L50, F|100/100
|-ability|p1a: Aerodactyl|Unnerve
|-ability|p2b: Incineroar|Intimidate|boost
|-unboost|p1a: Aerodactyl|atk|1
|-unboost|p1b: Gholdengo|atk|1
|turn|1
|
|t:|1785178232
|detailschange|p2a: Delphox|Delphox-Mega, L50, M
|-mega|p2a: Delphox|Delphox|Delphoxite
|move|p1a: Aerodactyl|Protect|p1a: Aerodactyl
|-singleturn|p1a: Aerodactyl|Protect
|move|p1b: Gholdengo|Protect|p1b: Gholdengo
|-singleturn|p1b: Gholdengo|Protect
|move|p2b: Incineroar|Fake Out|p1a: Aerodactyl
|-activate|p1a: Aerodactyl|move: Protect
|move|p2a: Delphox|Heat Wave|p1a: Aerodactyl|[spread] 
|-activate|p1a: Aerodactyl|move: Protect
|-activate|p1b: Gholdengo|move: Protect
|
|upkeep
|turn|2
|
|t:|1785178245
|switch|p1b: Primarina|Primarina, L50, F|100/100
|detailschange|p1a: Aerodactyl|Aerodactyl-Mega, L50, M
|-mega|p1a: Aerodactyl|Aerodactyl|Aerodactylite
|move|p2a: Delphox|Protect|p2a: Delphox
|-singleturn|p2a: Delphox|Protect
|move|p1a: Aerodactyl|Rock Slide|p2a: Delphox|[spread] p2b
|-activate|p2a: Delphox|move: Protect
|-supereffective|p2b: Incineroar|1
|-damage|p2b: Incineroar|70/100
|move|p2b: Incineroar|Flare Blitz|p1b: Primarina
|-resisted|p1b: Primarina|1
|-damage|p1b: Primarina|73/100
|-damage|p2b: Incineroar|62/100|[from] Recoil
|
|-heal|p1b: Primarina|79/100|[from] item: Leftovers
|upkeep
|turn|3
|
|t:|1785178265
|switch|p2a: Sinistcha|Sinistcha-Masterpiece, L50|100/100
|-heal|p2b: Incineroar|87/100|[from] ability: Hospitality|[of] p2a: Sinistcha
|move|p1a: Aerodactyl|Rock Slide|p2b: Incineroar|[spread] p2a,p2b
|-supereffective|p2b: Incineroar|1
|-damage|p2a: Sinistcha|82/100
|-damage|p2b: Incineroar|57/100
|move|p1b: Primarina|Hyper Voice|p2a: Sinistcha|[spread] p2a,p2b
|-resisted|p2a: Sinistcha|1
|-supereffective|p2b: Incineroar|1
|-damage|p2a: Sinistcha|67/100
|-damage|p2b: Incineroar|0 fnt
|faint|p2b: Incineroar
|
|-heal|p1b: Primarina|85/100|[from] item: Leftovers
|upkeep
|
|t:|1785178278
|switch|p2b: Delphox|Delphox-Mega, L50, M|100/100
|turn|4
|
|t:|1785178297
|switch|p1a: Garchomp|Garchomp, L50, F|100/100
|move|p2b: Delphox|Psychic|p1b: Primarina
|-damage|p1b: Primarina|47/100
|move|p1b: Primarina|Hyper Voice|p2b: Delphox|[spread] p2a,p2b
|-resisted|p2a: Sinistcha|1
|-supereffective|p2b: Delphox|1
|-damage|p2a: Sinistcha|51/100
|-damage|p2b: Delphox|30/100
|move|p2a: Sinistcha|Matcha Gotcha|p1b: Primarina|[spread] p1a,p1b
|-supereffective|p1b: Primarina|1
|-damage|p1a: Garchomp|75/100
|-heal|p2a: Sinistcha|64/100|[from] drain|[of] p1a: Garchomp
|-damage|p1b: Primarina|4/100
|-heal|p2a: Sinistcha|84/100|[from] drain|[of] p1b: Primarina
|
|-heal|p1b: Primarina|10/100|[from] item: Leftovers
|upkeep
|turn|5
|l| Eyemasked
|inactive|dike guard has 30 seconds left.
|
|t:|1785178324
|move|p1b: Primarina|Protect|p1b: Primarina
|-singleturn|p1b: Primarina|Protect
|move|p2b: Delphox|Psychic|p1a: Garchomp
|-damage|p1a: Garchomp|20/100r
|move|p1a: Garchomp|Dragon Claw|p2a: Sinistcha
|-damage|p2a: Sinistcha|47/100
|move|p2a: Sinistcha|Matcha Gotcha|p1b: Primarina|[spread] p1a
|-activate|p1b: Primarina|move: Protect
|-damage|p1a: Garchomp|0 fnt
|-heal|p2a: Sinistcha|57/100|[from] drain|[of] p1a: Garchomp
|faint|p1a: Garchomp
|
|-heal|p1b: Primarina|16/100|[from] item: Leftovers
|upkeep
|
|t:|1785178334
|switch|p1a: Aerodactyl|Aerodactyl-Mega, L50, M|100/100
|turn|6
|inactive|dike guard has 30 seconds left.
|inactive|dike guard has 20 seconds left.
|
|t:|1785178372
|move|p2b: Delphox|Protect|p2b: Delphox
|-singleturn|p2b: Delphox|Protect
|move|p1a: Aerodactyl|Rock Slide|p2b: Delphox|[spread] p2a
|-activate|p2b: Delphox|move: Protect
|-damage|p2a: Sinistcha|34/100
|move|p1b: Primarina|Moonblast|p2a: Sinistcha
|-damage|p2a: Sinistcha|0 fnt
|faint|p2a: Sinistcha
|
|-heal|p1b: Primarina|22/100|[from] item: Leftovers
|upkeep
|-message|dike guard forfeited.
|
|win|chocokoala vgc
