|j|☆Voltage Gaming101
|j|☆felasmiguel
|html|Voltage Gaming101felasmiguel    
|uhtml|bestof|Game 2 of a best-of-3
|t:|1756837298
|gametype|doubles
|player|p1|Voltage Gaming101|red|1113
|player|p2|felasmiguel|scientist|1118
|gen|9
|tier|[Gen 9] VGC 2025 Reg H (Bo3)
|rated|
|rule|Species Clause: Limit one of each Pokémon
|rule|Item Clause: Limit 1 of each item
|clearpoke
|poke|p1|Tyranitar, L50, M|
|poke|p1|Houndstone, L50, M|
|poke|p1|Gholdengo, L50|
|poke|p1|Garchomp, L50, F|
|poke|p1|Incineroar, L50, M|
|poke|p1|Amoonguss, L50, F|
|poke|p2|Metagross, L50|
|poke|p2|Mienshao, L50, F|
|poke|p2|Comfey, L50, F|
|poke|p2|Frosmoth, L50, M|
|poke|p2|Glimmora, L50, F|
|poke|p2|Ninetales-Alola, L50, F|
|teampreview|4
|showteam|p1|Tyranitar||AssaultVest|SandStream|RockSlide,KnockOff,LowKick,TeraBlast|||M|||50|,,,,,Flying]Houndstone||SpellTag|SandRush|LastRespects,ShadowSneak,PlayRough,FireFang|||M|||50|,,,,,Ghost]Gholdengo||LifeOrb|GoodasGold|MakeItRain,ShadowBall,NastyPlot,Protect||||||50|,,,,,Water]Garchomp||RockyHelmet|RoughSkin|RockSlide,Earthquake,DragonClaw,Protect|||F|||50|,,,,,Fire]Incineroar||SafetyGoggles|Intimidate|FakeOut,KnockOff,FlareBlitz,PartingShot|||M|||50|,,,,,Water]Amoonguss||SitrusBerry|Regenerator|Spore,RagePowder,PollenPuff,Protect|||F|||50|,,,,,Grass
|showteam|p2|Metagross||AssaultVest|ClearBody|HardPress,PsychicFangs,BulletPunch,StompingTantrum||||||50|,,,,,Dragon]Mienshao||FocusSash|InnerFocus|CloseCombat,WideGuard,Taunt,Coaching|||F|||50|,,,,,Fighting]Comfey||RockyHelmet|Triage|FloralHealing,DrainingKiss,Synthesis,TrickRoom|||F|||50|,,,,,Water]Frosmoth||SafetyGoggles|IceScales|QuiverDance,IceBeam,TeraBlast,Protect|||M|||50|,,,,,Electric]Glimmora||PowerHerb|Corrosion|MeteorBeam,Toxic,SpikyShield,EarthPower|||F|||50|,,,,,Grass]Ninetales-Alola||LightClay|SnowWarning|AuroraVeil,FreezeDry,Encore,Protect|||F|||50|,,,,,Ghost
|inactive|Battle timer is ON: inactive players will automatically lose when time's up. (requested by Voltage Gaming101)
|
|t:|1756837319
|teamsize|p1|4
|teamsize|p2|4
|start
|switch|p1a: Incineroar|Incineroar, L50, M|100/100
|switch|p1b: Garchomp|Garchomp, L50, F, shiny|100/100
|switch|p2a: Metagross|Metagross, L50|100/100
|switch|p2b: Mienshao|Mienshao, L50, F|100/100
|-ability|p1a: Incineroar|Intimidate|boost
|-fail|p2a: Metagross|unboost|[from] ability: Clear Body|[of] p2a: Metagross
|-fail|p2b: Mienshao|unboost|Attack|[from] ability: Inner Focus|[of] p2b: Mienshao
|turn|1
|
|t:|1756837333
|-terastallize|p2a: Metagross|Dragon
|move|p1a: Incineroar|Fake Out|p2b: Mienshao
|-damage|p2b: Mienshao|74/100
|move|p2b: Mienshao|Coaching|p2a: Metagross
|-boost|p2a: Metagross|atk|1
|-boost|p2a: Metagross|def|1
|move|p1b: Garchomp|Earthquake|p2b: Mienshao|[spread] p1a,p2a,p2b
|-supereffective|p1a: Incineroar
|-damage|p1a: Incineroar|30/100
|-damage|p2a: Metagross|83/100
|-damage|p2b: Mienshao|10/100
|move|p2a: Metagross|Hard Press|p1b: Garchomp
|-damage|p1b: Garchomp|47/100
|-damage|p2a: Metagross|71/100|[from] ability: Rough Skin|[of] p1b: Garchomp
|-damage|p2a: Metagross|54/100|[from] item: Rocky Helmet|[of] p1b: Garchomp
|
|upkeep
|turn|2
|inactive|Voltage Gaming101 has 30 seconds left.
|inactive|felasmiguel has 30 seconds left.
|
|t:|1756837359
|switch|p2b: Comfey|Comfey, L50, F|100/100
|switch|p1a: Houndstone|Houndstone, L50, M, shiny|100/100
|move|p1b: Garchomp|Protect|p1b: Garchomp
|-singleturn|p1b: Garchomp|Protect
|move|p2a: Metagross|Stomping Tantrum|p1a: Houndstone
|-damage|p1a: Houndstone|47/100
|
|upkeep
|turn|3
|
|t:|1756837378
|switch|p1a: Incineroar|Incineroar, L50, M|30/100
|-ability|p1a: Incineroar|Intimidate|boost
|-fail|p2a: Metagross|unboost|[from] ability: Clear Body|[of] p2a: Metagross
|-unboost|p2b: Comfey|atk|1
|move|p2b: Comfey|Draining Kiss|p1a: Incineroar
|-damage|p1a: Incineroar|16/100
|move|p2a: Metagross|Bullet Punch|p1a: Incineroar
|-resisted|p1a: Incineroar
|-damage|p1a: Incineroar|0 fnt
|faint|p1a: Incineroar
|move|p1b: Garchomp|Dragon Claw|p2a: Metagross
|-supereffective|p2a: Metagross
|-damage|p2a: Metagross|21/100
|
|upkeep
|
|t:|1756837386
|switch|p1a: Houndstone|Houndstone, L50, M, shiny|47/100
|turn|4
|inactive|felasmiguel has 30 seconds left.
|
|t:|1756837413
|move|p2b: Comfey|Floral Healing|p2a: Metagross
|-heal|p2a: Metagross|71/100
|move|p2a: Metagross|Bullet Punch|p1a: Houndstone
|-damage|p1a: Houndstone|0 fnt
|faint|p1a: Houndstone
|move|p1b: Garchomp|Earthquake|p2a: Metagross|[spread] p2a,p2b
|-damage|p2a: Metagross|55/100
|-damage|p2b: Comfey|71/100
|
|upkeep
|
|t:|1756837418
|switch|p1a: Tyranitar|Tyranitar, L50, M, shiny|100/100
|-weather|Sandstorm|[from] ability: Sand Stream|[of] p1a: Tyranitar
|turn|5
|inactive|felasmiguel has 30 seconds left.
|
|t:|1756837448
|-terastallize|p1a: Tyranitar|Flying
|move|p2b: Comfey|Floral Healing|p2a: Metagross
|-heal|p2a: Metagross|100/100
|move|p1b: Garchomp|Earthquake|p2a: Metagross|[spread] p2a,p2b
|-immune|p1a: Tyranitar
|-crit|p2b: Comfey
|-damage|p2a: Metagross|82/100
|-damage|p2b: Comfey|29/100
|move|p2a: Metagross|Hard Press|p1a: Tyranitar
|-damage|p1a: Tyranitar|34/100
|move|p1a: Tyranitar|Tera Blast|p2b: Comfey|[anim] Tera Blast Flying
|-damage|p2b: Comfey|0 fnt
|faint|p2b: Comfey
|
|-weather|Sandstorm|[upkeep]
|-damage|p2a: Metagross|76/100|[from] Sandstorm
|-damage|p1a: Tyranitar|28/100|[from] Sandstorm
|upkeep
|
|t:|1756837457
|switch|p2b: Ninetales|Ninetales-Alola, L50, F|100/100
|-weather|Snowscape|[from] ability: Snow Warning|[of] p2b: Ninetales
|turn|6
|-message|Voltage Gaming101 forfeited.
|
|win|felasmiguel
|raw|Voltage Gaming101's rating: 1113 → 1088(-25 for losing)
|raw|felasmiguel's rating: 1118 → 1143(+25 for winning)
