|j|☆GymGlofer
|j|☆Dabigmurph
|html|GymGloferDabigmurph    
|uhtml|bestof|Game 3 of a best-of-3
|t:|1784425904
|gametype|doubles
|player|p1|GymGlofer|blackbelt|1107
|player|p2|Dabigmurph|hiker-gen4|1133
|gen|9
|tier|[Gen 9 Champions] VGC 2026 Reg M-B (Bo3)
|rated|
|rule|Species Clause: Limit one of each Pokémon
|rule|Item Clause: Limit 1 of each item
|clearpoke
|poke|p1|Arcanine-Hisui, L50, M|
|poke|p1|Ninetales, L50, M|
|poke|p1|Talonflame, L50, F|
|poke|p1|Incineroar, L50, F|
|poke|p1|Delphox, L50, M|
|poke|p1|Emboar, L50, M|
|poke|p2|Pyroar, L50, M|
|poke|p2|Torkoal, L50, F|
|poke|p2|Incineroar, L50, M|
|poke|p2|Vileplume, L50, F|
|poke|p2|Farigiraf, L50, M|
|poke|p2|Crabominable, L50, F|
|teampreview|4
|showteam|p1|Arcanine-Hisui||ChoiceScarf|RockHead|RagingFury,HeadSmash,ExtremeSpeed,RockSlide|Jolly||M|||50|]Ninetales||HeatRock|Drought|MysticalFire,SolarBeam,Encore,Disable|Timid||M|||50|]Talonflame||FocusSash|GaleWings|BlazeKick,BraveBird,QuickGuard,Tailwind|Jolly||F|||50|]Incineroar||Leftovers|Intimidate|DarkestLariat,PartingShot,WillOWisp,FakeOut|Serious||F|||50|]Delphox||Delphoxite|Magician|HeatWave,Psyshock,NastyPlot,Protect|Timid||M|||50|]Emboar||Emboarite|Blaze|FlareBlitz,DrainPunch,SuckerPunch,Earthquake|Adamant||M|||50|
|showteam|p2|Pyroar||Pyroarite|Moxie|HeatWave,HyperVoice,Flamethrower,Protect|Timid||M|||50|]Torkoal||Charcoal|Drought|Eruption,EarthPower,HelpingHand,Protect|Quiet||F|||50|]Incineroar||WhiteHerb|Intimidate|FakeOut,FlareBlitz,DarkestLariat,CloseCombat|Adamant||M|||50|]Vileplume||LifeOrb|Chlorophyll|SludgeBomb,SolarBeam,SleepPowder,AfterYou|Modest||F|||50|]Farigiraf||SitrusBerry|ArmorTail|TwinBeam,Protect,TrickRoom,HelpingHand|Sassy||M|||50|]Crabominable||Crabominite|HyperCutter|IceHammer,DrainPunch,MachPunch,Protect|Adamant||F|||50|
|
|t:|1784425940
|teamsize|p1|4
|teamsize|p2|4
|start
|switch|p1a: Delphox|Delphox, L50, M|100/100
|switch|p1b: Talonflame|Talonflame, L50, F|100/100
|switch|p2a: Farigiraf|Farigiraf, L50, M|100/100
|switch|p2b: Crabominable|Crabominable, L50, F|100/100
|turn|1
|inactive|Battle timer is ON: inactive players will automatically lose when time's up. (requested by GymGlofer)
|
|t:|1784425961
|detailschange|p1a: Delphox|Delphox-Mega, L50, M
|-mega|p1a: Delphox|Delphox|Delphoxite
|detailschange|p2b: Crabominable|Crabominable-Mega, L50, F
|-mega|p2b: Crabominable|Crabominable|Crabominite
|move|p2b: Crabominable|Protect|p2b: Crabominable
|-singleturn|p2b: Crabominable|Protect
|move|p1a: Delphox|Nasty Plot|p1a: Delphox
|-boost|p1a: Delphox|spa|2
|move|p1b: Talonflame|Blaze Kick|p2a: Farigiraf
|-damage|p2a: Farigiraf|66/100
|move|p2a: Farigiraf|Trick Room|p2a: Farigiraf
|-fieldstart|move: Trick Room|[of] p2a: Farigiraf
|
|upkeep
|turn|2
|inactive|GymGlofer has 30 seconds left.
|
|t:|1784425987
|move|p2a: Farigiraf|Helping Hand|p2b: Crabominable
|-singleturn|p2b: Crabominable|Helping Hand|[of] p2a: Farigiraf
|move|p2b: Crabominable|Ice Hammer|p1a: Delphox
|-resisted|p1a: Delphox|1
|-damage|p1a: Delphox|3/100
|-unboost|p2b: Crabominable|spe|1
|move|p1b: Talonflame|Blaze Kick|p2a: Farigiraf
|-damage|p2a: Farigiraf|29/100
|-enditem|p2a: Farigiraf|Sitrus Berry|[eat]
|-heal|p2a: Farigiraf|54/100|[from] item: Sitrus Berry
|move|p1a: Delphox|Heat Wave|p2a: Farigiraf|[spread] p2a,p2b
|-crit|p2a: Farigiraf
|-supereffective|p2b: Crabominable|1
|-damage|p2a: Farigiraf|0 fnt
|-damage|p2b: Crabominable|0 fnt
|faint|p2a: Farigiraf
|faint|p2b: Crabominable
|
|upkeep
|
|t:|1784426003
|switch|p2b: Torkoal|Torkoal, L50, F|100/100
|switch|p2a: Incineroar|Incineroar, L50, M|100/100
|-weather|SunnyDay|[from] ability: Drought|[of] p2b: Torkoal
|-ability|p2a: Incineroar|Intimidate|boost
|-unboost|p1a: Delphox|atk|1
|-unboost|p1b: Talonflame|atk|1
|turn|3
|
|t:|1784426011
|switch|p1b: Ninetales|Ninetales, L50, M|100/100
|move|p1a: Delphox|Protect|p1a: Delphox
|-singleturn|p1a: Delphox|Protect
|move|p2b: Torkoal|Eruption|p1b: Ninetales|[spread] p1b
|-activate|p1a: Delphox|move: Protect
|-resisted|p1b: Ninetales|1
|-damage|p1b: Ninetales|47/100
|move|p2a: Incineroar|Darkest Lariat|p1b: Ninetales
|-damage|p1b: Ninetales|0 fnt
|faint|p1b: Ninetales
|
|-weather|SunnyDay|[upkeep]
|upkeep
|
|t:|1784426027
|switch|p1b: Talonflame|Talonflame, L50, F|100/100
|turn|4
|
|t:|1784426039
|move|p1a: Delphox|Protect|p1a: Delphox
|-singleturn|p1a: Delphox|Protect
|move|p1b: Talonflame|Brave Bird|p2b: Torkoal
|-damage|p2b: Torkoal|62/100
|-damage|p1b: Talonflame|85/100|[from] Recoil
|move|p2b: Torkoal|Eruption|p1b: Talonflame|[spread] p1b
|-activate|p1a: Delphox|move: Protect
|-resisted|p1b: Talonflame|1
|-damage|p1b: Talonflame|42/100
|move|p2a: Incineroar|Darkest Lariat|p1b: Talonflame
|-damage|p1b: Talonflame|0 fnt
|faint|p1b: Talonflame
|
|-weather|SunnyDay|[upkeep]
|upkeep
|
|t:|1784426053
|switch|p1b: Arcanine|Arcanine-Hisui, L50, M|100/100
|turn|5
|
|t:|1784426059
|move|p2b: Torkoal|Eruption|p1a: Delphox|[spread] p1a,p1b
|-resisted|p1a: Delphox|1
|-resisted|p1b: Arcanine|2
|-damage|p1a: Delphox|0 fnt
|-damage|p1b: Arcanine|82/100
|faint|p1a: Delphox
|move|p2a: Incineroar|Close Combat|p1b: Arcanine
|-supereffective|p1b: Arcanine|1
|-damage|p1b: Arcanine|0 fnt
|-unboost|p2a: Incineroar|def|1
|-unboost|p2a: Incineroar|spd|1
|faint|p1b: Arcanine
|
|win|Dabigmurph
|raw|GymGlofer's rating: 1107 → 1084(-23 for losing)
|raw|Dabigmurph's rating: 1133 → 1156(+23 for winning)
|l|☆GymGlofer
|player|p1|
