|j|☆IcedOutObama
|j|☆repete64
|html|IcedOutObamarepete64    
|uhtml|bestof|Game 3 of a best-of-3
|t:|1757108364
|gametype|doubles
|player|p1|IcedOutObama|skier|1147
|player|p2|repete64|1|1120
|gen|9
|tier|[Gen 9] VGC 2025 Reg H (Bo3)
|rated|
|rule|Species Clause: Limit one of each Pokémon
|rule|Item Clause: Limit 1 of each item
|clearpoke
|poke|p1|Murkrow, L50, M|
|poke|p1|Abomasnow, L50, M|
|poke|p1|Indeedee, L50, M|
|poke|p1|Sneasler, L50, M|
|poke|p1|Gholdengo, L50|
|poke|p1|Basculegion, L50, M|
|poke|p2|Espathra, L50, F|
|poke|p2|Indeedee, L50, M|
|poke|p2|Drifblim, L50, M|
|poke|p2|Amoonguss, L50, M|
|poke|p2|Arcanine-Hisui, L50, F|
|poke|p2|Milotic, L50, F|
|teampreview|4
|showteam|p1|Murkrow||Eviolite|Prankster|FoulPlay,Tailwind,Haze,Protect|||M|||50|,,,,,Ghost]Abomasnow||AssaultVest|SnowWarning|Blizzard,LeafStorm,EarthPower,WeatherBall|||M|||50|,,,,,Fire]Indeedee||FocusSash|PsychicSurge|ExpandingForce,TeraBlast,Imprison,TrickRoom|||M|||50|,,,,,Fighting]Sneasler||PsychicSeed|Unburden|DireClaw,CloseCombat,ThroatChop,Protect|||M|||50|,,,,,Dark]Gholdengo||LifeOrb|GoodasGold|MakeItRain,ShadowBall,NastyPlot,Protect||||||50|,,,,,Steel]Basculegion||ChoiceScarf|Adaptability|WaveCrash,LastRespects,AquaJet,FlipTurn|||M|||50|,,,,,Grass
|showteam|p2|Espathra||FocusSash|SpeedBoost|Hypnosis,LuminaCrash,Protect,DazzlingGleam|||F|||50|,,,,,Fairy]Indeedee||MentalHerb|PsychicSurge|ExpandingForce,Gravity,Encore,Protect|||M|||50|,,,,,Fairy]Drifblim||PsychicSeed|Unburden|Hypnosis,Tailwind,StrengthSap,AirSlash|||M|||50|,,,,,Steel]Amoonguss||SitrusBerry|Regenerator|Spore,SludgeBomb,RagePowder,Protect|||M|||50|,,,,,Water]Arcanine-Hisui||ChoiceBand|Intimidate|RockSlide,FlareBlitz,CloseCombat,ExtremeSpeed|||F|||50|,,,,,Rock]Milotic||Leftovers|Competitive|Hypnosis,MuddyWater,Protect,Recover|||F|||50|,,,,,Grass
|
|t:|1757108377
|teamsize|p1|4
|teamsize|p2|4
|start
|switch|p1a: Brynden Rivers|Murkrow, L50, M|100/100
|switch|p1b: Jet Fuel|Gholdengo, L50|100/100
|switch|p2a: Drifblim|Drifblim, L50, M|100/100
|switch|p2b: Espathra|Espathra, L50, F|100/100
|turn|1
|
|t:|1757108388
|switch|p2b: Milotic|Milotic, L50, F|100/100
|-terastallize|p1b: Jet Fuel|Steel
|move|p1a: Brynden Rivers|Tailwind|p1a: Brynden Rivers
|-sidestart|p1: IcedOutObama|move: Tailwind
|move|p1b: Jet Fuel|Make It Rain|p2b: Milotic|[spread] p2a,p2b
|-resisted|p2b: Milotic
|-damage|p2a: Drifblim|26/100
|-damage|p2b: Milotic|78/100
|-unboost|p1b: Jet Fuel|spa|1
|-damage|p1b: Jet Fuel|91/100|[from] item: Life Orb
|move|p2a: Drifblim|Tailwind|p2a: Drifblim
|-sidestart|p2: repete64|move: Tailwind
|
|-heal|p2b: Milotic|84/100|[from] item: Leftovers
|upkeep
|turn|2
|
|t:|1757108398
|move|p1a: Brynden Rivers|Haze|p1a: Brynden Rivers
|-clearallboost
|move|p1b: Jet Fuel|Make It Rain|p2b: Milotic|[spread] p2a,p2b
|-resisted|p2b: Milotic
|-damage|p2a: Drifblim|0 fnt
|-damage|p2b: Milotic|60/100
|-unboost|p1b: Jet Fuel|spa|1
|faint|p2a: Drifblim
|-damage|p1b: Jet Fuel|81/100|[from] item: Life Orb
|move|p2b: Milotic|Muddy Water|p1b: Jet Fuel|[spread] p1b
|-miss|p2b: Milotic|p1a: Brynden Rivers
|-damage|p1b: Jet Fuel|56/100
|-unboost|p1b: Jet Fuel|accuracy|1
|
|-heal|p2b: Milotic|66/100|[from] item: Leftovers
|upkeep
|
|t:|1757108409
|switch|p2a: Espathra|Espathra, L50, F|100/100
|turn|3
|
|t:|1757108415
|move|p2a: Espathra|Protect|p2a: Espathra
|-singleturn|p2a: Espathra|Protect
|move|p1a: Brynden Rivers|Haze|p1a: Brynden Rivers
|-clearallboost
|move|p1b: Jet Fuel|Make It Rain|p2b: Milotic|[spread] p2b
|-activate|p2a: Espathra|move: Protect
|-resisted|p2b: Milotic
|-damage|p2b: Milotic|42/100
|-unboost|p1b: Jet Fuel|spa|1
|-damage|p1b: Jet Fuel|46/100|[from] item: Life Orb
|move|p2b: Milotic|Muddy Water|p1b: Jet Fuel|[spread] p1a,p1b
|-crit|p1a: Brynden Rivers
|-damage|p1a: Brynden Rivers|57/100
|-damage|p1b: Jet Fuel|19/100
|
|-heal|p2b: Milotic|48/100|[from] item: Leftovers
|-ability|p2a: Espathra|Speed Boost|boost
|-boost|p2a: Espathra|spe|1
|upkeep
|turn|4
|
|t:|1757108428
|move|p1b: Jet Fuel|Protect|p1b: Jet Fuel
|-singleturn|p1b: Jet Fuel|Protect
|move|p1a: Brynden Rivers|Haze|p1a: Brynden Rivers
|-clearallboost
|move|p2a: Espathra|Lumina Crash|p1b: Jet Fuel
|-activate|p1b: Jet Fuel|move: Protect
|move|p2b: Milotic|Recover|p2b: Milotic
|-heal|p2b: Milotic|98/100
|
|-heal|p2b: Milotic|100/100|[from] item: Leftovers
|-sideend|p2: repete64|move: Tailwind
|-sideend|p1: IcedOutObama|move: Tailwind
|-ability|p2a: Espathra|Speed Boost|boost
|-boost|p2a: Espathra|spe|1
|upkeep
|turn|5
|
|t:|1757108437
|move|p2a: Espathra|Protect|p2a: Espathra
|-singleturn|p2a: Espathra|Protect
|move|p1a: Brynden Rivers|Tailwind|p1a: Brynden Rivers
|-sidestart|p1: IcedOutObama|move: Tailwind
|move|p1b: Jet Fuel|Make It Rain|p2b: Milotic|[spread] p2b
|-activate|p2a: Espathra|move: Protect
|-resisted|p2b: Milotic
|-damage|p2b: Milotic|79/100
|-unboost|p1b: Jet Fuel|spa|1
|-damage|p1b: Jet Fuel|9/100|[from] item: Life Orb
|move|p2b: Milotic|Muddy Water|p1b: Jet Fuel|[spread] p1b
|-miss|p2b: Milotic|p1a: Brynden Rivers
|-damage|p1b: Jet Fuel|0 fnt
|faint|p1b: Jet Fuel
|
|-heal|p2b: Milotic|85/100|[from] item: Leftovers
|-ability|p2a: Espathra|Speed Boost|boost
|-boost|p2a: Espathra|spe|1
|upkeep
|
|t:|1757108448
|switch|p1b: Houndfish|Basculegion, L50, M, shiny|100/100
|turn|6
|
|t:|1757108457
|move|p1b: Houndfish|Last Respects|p2a: Espathra
|-supereffective|p2a: Espathra
|-enditem|p2a: Espathra|Focus Sash
|-damage|p2a: Espathra|1/100
|move|p2a: Espathra|Lumina Crash|p1b: Houndfish
|-damage|p1b: Houndfish|60/100
|-unboost|p1b: Houndfish|spd|2
|move|p1a: Brynden Rivers|Foul Play|p2a: Espathra
|-supereffective|p2a: Espathra
|-damage|p2a: Espathra|0 fnt
|faint|p2a: Espathra
|move|p2b: Milotic|Muddy Water|p1b: Houndfish|[spread] p1b
|-miss|p2b: Milotic|p1a: Brynden Rivers
|-resisted|p1b: Houndfish
|-damage|p1b: Houndfish|36/100
|
|-heal|p2b: Milotic|91/100|[from] item: Leftovers
|upkeep
|
|t:|1757108460
|switch|p2a: Arcanine|Arcanine-Hisui, L50, F|100/100
|-ability|p2a: Arcanine|Intimidate|boost
|-unboost|p1a: Brynden Rivers|atk|1
|-unboost|p1b: Houndfish|atk|1
|turn|7
|
|t:|1757108476
|move|p1a: Brynden Rivers|Haze|p1a: Brynden Rivers
|-clearallboost
|move|p1b: Houndfish|Last Respects|p2b: Milotic
|-damage|p2b: Milotic|19/100
|move|p2a: Arcanine|Rock Slide|p1b: Houndfish|[spread] p1a,p1b
|-supereffective|p1a: Brynden Rivers
|-damage|p1a: Brynden Rivers|0 fnt
|-damage|p1b: Houndfish|0 fnt
|faint|p1a: Brynden Rivers
|faint|p1b: Houndfish
|move|p2b: Milotic|Muddy Water|p1: Brynden Rivers|[notarget]
|-fail|p2b: Milotic
|
|-heal|p2b: Milotic|25/100|[from] item: Leftovers
|upkeep
|
|t:|1757108486
|switch|p1b: Longclaw|Sneasler, L50, M, shiny|100/100
|turn|8
|
|t:|1757108496
|move|p2b: Milotic|Protect|p2b: Milotic
|-singleturn|p2b: Milotic|Protect
|move|p1b: Longclaw|Close Combat|p2a: Arcanine
|-supereffective|p2a: Arcanine
|-damage|p2a: Arcanine|0 fnt
|-unboost|p1b: Longclaw|def|1
|-unboost|p1b: Longclaw|spd|1
|faint|p2a: Arcanine
|
|-heal|p2b: Milotic|31/100|[from] item: Leftovers
|-sideend|p1: IcedOutObama|move: Tailwind
|upkeep
|turn|9
|
|t:|1757108502
|move|p1b: Longclaw|Close Combat|p2b: Milotic
|-damage|p2b: Milotic|0 fnt
|-unboost|p1b: Longclaw|def|1
|-unboost|p1b: Longclaw|spd|1
|faint|p2b: Milotic
|
|win|IcedOutObama
|raw|IcedOutObama's rating: 1147 → 1170(+23 for winning)
|raw|repete64's rating: 1120 → 1097(-23 for losing)
|l|☆repete64
|player|p2|
