|j|☆strolin stu
|j|☆Thirras
|html|strolin stuThirras    
|uhtml|bestof|Game 3 of a best-of-3
|t:|1785163781
|gametype|doubles
|player|p1|strolin stu|psychicf-gen4|1193
|player|p2|Thirras|preschooler|1067
|gen|9
|tier|[Gen 9 Champions] VGC 2026 Reg M-B (Bo3)
|rated|
|rule|Species Clause: Limit one of each Pokémon
|rule|Item Clause: Limit 1 of each item
|clearpoke
|poke|p1|Scovillain, L50, F|
|poke|p1|Gholdengo, L50|
|poke|p1|Kommo-o, L50, M|
|poke|p1|Lycanroc-Dusk, L50, F|
|poke|p1|Ninetales-Alola, L50, M|
|poke|p1|Kangaskhan, L50, F|
|poke|p2|Blaziken, L50, M, shiny|
|poke|p2|Meowscarada, L50, M, shiny|
|poke|p2|Gholdengo, L50, shiny|
|poke|p2|Dragonite, L50, M, shiny|
|poke|p2|Sylveon, L50, M|
|poke|p2|Mudsdale, L50, M|
|teampreview|4
|showteam|p1|Scovillain||Scovillainite|Moody|HelpingHand,RagePowder,Protect,Overheat|Bold||F|||50|]Gholdengo||LifeOrb|GoodasGold|NastyPlot,MakeItRain,Protect,ShadowBall|Modest|||||50|]Kommo-o||SitrusBerry|Bulletproof|ClangorousSoul,AuraSphere,ClangingScales,Protect|Modest||M|||50|]Lycanroc-Dusk||FocusSash|ToughClaws|Accelerock,CloseCombat,RockSlide,Protect|Jolly||F|||50|]Ninetales-Alola||NeverMeltIce|SnowWarning|FreezeDry,Blizzard,AuroraVeil,HelpingHand|Timid||M|||50|]Kangaskhan||Kangaskhanite|Scrappy|FakeOut,SuckerPunch,DoubleEdge,DrainPunch|Adamant||F|||50|
|showteam|p2|Blaziken||Blazikenite|Blaze|CloseCombat,FlareBlitz,RockSlide,Protect|Jolly||M|||50|]Meowscarada||LifeOrb|Overgrow|FlowerTrick,TripleAxel,SuckerPunch,Protect|Jolly||M|||50|]Gholdengo||ChoiceScarf|GoodasGold|MakeItRain,ShadowBall,PowerGem,FocusBlast|Modest|||||50|]Dragonite||WhiteHerb|Multiscale|ScaleShot,Superpower,ExtremeSpeed,Protect|Adamant||M|||50|]Sylveon||FocusSash|Pixilate|HyperVoice,QuickAttack,Yawn,Detect|Timid||M|||50|]Mudsdale||SitrusBerry|InnerFocus|Earthquake,HeavySlam,Protect,Curse|Brave||M|||50|
|
|t:|1785163838
|teamsize|p1|4
|teamsize|p2|4
|start
|switch|p1a: Ninetales|Ninetales-Alola, L50, M|100/100
|switch|p1b: Kommo-o|Kommo-o, L50, M|100/100
|switch|p2a: Dragonite|Dragonite, L50, M, shiny|100/100
|switch|p2b: Mudsdale|Mudsdale, L50, M|100/100
|-weather|Snowscape|[from] ability: Snow Warning|[of] p1a: Ninetales
|turn|1
|
|t:|1785163859
|move|p1b: Kommo-o|Protect|p1b: Kommo-o
|-singleturn|p1b: Kommo-o|Protect
|move|p2a: Dragonite|Protect|p2a: Dragonite
|-singleturn|p2a: Dragonite|Protect
|move|p1a: Ninetales|Blizzard|p2a: Dragonite|[spread] p2b
|-activate|p2a: Dragonite|move: Protect
|-supereffective|p2b: Mudsdale|1
|-damage|p2b: Mudsdale|26/100
|-enditem|p2b: Mudsdale|Sitrus Berry|[eat]
|-heal|p2b: Mudsdale|50/100g|[from] item: Sitrus Berry
|move|p2b: Mudsdale|Heavy Slam|p1a: Ninetales
|-supereffective|p1a: Ninetales|2
|-damage|p1a: Ninetales|0 fnt
|faint|p1a: Ninetales
|
|-weather|Snowscape|[upkeep]
|upkeep
|
|t:|1785163876
|switch|p1a: Scovillain|Scovillain, L50, F|100/100
|turn|2
|
|t:|1785163885
|detailschange|p1a: Scovillain|Scovillain-Mega, L50, F
|-mega|p1a: Scovillain|Scovillain|Scovillainite
|move|p1a: Scovillain|Rage Powder|p1a: Scovillain
|-singleturn|p1a: Scovillain|move: Rage Powder
|move|p1b: Kommo-o|Clangorous Soul|p1b: Kommo-o
|-boost|p1b: Kommo-o|atk|1
|-boost|p1b: Kommo-o|def|1
|-boost|p1b: Kommo-o|spa|1
|-boost|p1b: Kommo-o|spd|1
|-boost|p1b: Kommo-o|spe|1
|-damage|p1b: Kommo-o|67/100
|move|p2a: Dragonite|Scale Shot|p1a: Scovillain
|-damage|p1a: Scovillain|87/100
|-status|p2a: Dragonite|brn|[from] ability: Spicy Spray|[of] p1a: Scovillain
|-damage|p1a: Scovillain|80/100
|-damage|p1a: Scovillain|73/100
|-damage|p1a: Scovillain|66/100
|-hitcount|p1a: Scovillain|4
|-unboost|p2a: Dragonite|def|1
|-boost|p2a: Dragonite|spe|1
|-enditem|p2a: Dragonite|White Herb
|-clearnegativeboost|p2a: Dragonite|[silent]
|move|p2b: Mudsdale|Earthquake|p1a: Scovillain|[spread] p1a,p1b
|-immune|p2a: Dragonite
|-damage|p1a: Scovillain|27/100
|-damage|p1b: Kommo-o|44/100
|-status|p2b: Mudsdale|brn|[from] ability: Spicy Spray|[of] p1a: Scovillain
|-enditem|p1b: Kommo-o|Sitrus Berry|[eat]
|-heal|p1b: Kommo-o|69/100|[from] item: Sitrus Berry
|
|-weather|Snowscape|[upkeep]
|-damage|p2a: Dragonite|93/100 brn|[from] brn
|-damage|p2b: Mudsdale|45/100 brn|[from] brn
|upkeep
|turn|3
|
|t:|1785163917
|move|p1a: Scovillain|Helping Hand|p1b: Kommo-o
|-singleturn|p1b: Kommo-o|Helping Hand|[of] p1a: Scovillain
|move|p2a: Dragonite|Extreme Speed|p1a: Scovillain
|-damage|p1a: Scovillain|13/100
|move|p1b: Kommo-o|Clanging Scales|p2a: Dragonite|[spread] p2a,p2b
|-supereffective|p2a: Dragonite|1
|-damage|p2a: Dragonite|0 fnt
|-damage|p2b: Mudsdale|0 fnt
|faint|p2a: Dragonite
|faint|p2b: Mudsdale
|-unboost|p1b: Kommo-o|def|1
|
|-weather|Snowscape|[upkeep]
|upkeep
|
|t:|1785163928
|switch|p2a: Gholdengo|Gholdengo, L50, shiny|100/100
|switch|p2b: Blaziken|Blaziken, L50, M, shiny|100/100
|turn|4
|
|t:|1785163973
|detailschange|p2b: Blaziken|Blaziken-Mega, L50, M, shiny
|-mega|p2b: Blaziken|Blaziken|Blazikenite
|move|p1b: Kommo-o|Protect|p1b: Kommo-o
|-singleturn|p1b: Kommo-o|Protect
|move|p2b: Blaziken|Protect|p2b: Blaziken
|-singleturn|p2b: Blaziken|Protect
|move|p2a: Gholdengo|Shadow Ball|p1a: Scovillain
|-damage|p1a: Scovillain|0 fnt
|-status|p2a: Gholdengo|brn|[from] ability: Spicy Spray|[of] p1a: Scovillain
|faint|p1a: Scovillain
|
|-weather|Snowscape|[upkeep]
|-damage|p2a: Gholdengo|93/100 brn|[from] brn
|-ability|p2b: Blaziken|Speed Boost|boost
|-boost|p2b: Blaziken|spe|1
|upkeep
|
|t:|1785163986
|switch|p1a: Gholdengo|Gholdengo, L50|100/100
|turn|5
|
|t:|1785163997
|move|p2b: Blaziken|Close Combat|p1b: Kommo-o
|-damage|p1b: Kommo-o|6/100
|-unboost|p2b: Blaziken|def|1
|-unboost|p2b: Blaziken|spd|1
|move|p2a: Gholdengo|Shadow Ball|p1a: Gholdengo
|-supereffective|p1a: Gholdengo|1
|-damage|p1a: Gholdengo|0 fnt
|faint|p1a: Gholdengo
|move|p1b: Kommo-o|Aura Sphere|p2b: Blaziken
|-damage|p2b: Blaziken|0 fnt
|faint|p2b: Blaziken
|
|-weather|none
|-damage|p2a: Gholdengo|87/100 brn|[from] brn
|upkeep
|turn|6
|c|☆strolin stu|gg
|
|t:|1785164014
|move|p2a: Gholdengo|Shadow Ball|p1b: Kommo-o
|-immune|p1b: Kommo-o|[from] ability: Bulletproof
|move|p1b: Kommo-o|Clanging Scales|p2a: Gholdengo
|-resisted|p2a: Gholdengo|1
|-damage|p2a: Gholdengo|47/100 brn
|-unboost|p1b: Kommo-o|def|1
|
|-damage|p2a: Gholdengo|41/100 brn|[from] brn
|upkeep
|turn|7
|
|t:|1785164028
|move|p2a: Gholdengo|Shadow Ball|p1b: Kommo-o
|-immune|p1b: Kommo-o|[from] ability: Bulletproof
|move|p1b: Kommo-o|Clanging Scales|p2a: Gholdengo
|-resisted|p2a: Gholdengo|1
|-damage|p2a: Gholdengo|0 fnt
|faint|p2a: Gholdengo
|
|win|strolin stu
|raw|strolin stu's rating: 1193 → 1209(+16 for winning)
|raw|Thirras's rating: 1067 → 1054(-13 for losing)
|l|☆strolin stu
|player|p1|
|l|☆Thirras
|player|p2|
|j| tedidn
