|j|☆sazar saifi
|j|☆soymalo1
|html|sazar saifisoymalo1    
|uhtml|bestof|Game 2 of a best-of-3
|t:|1785693326
|gametype|doubles
|player|p1|sazar saifi|youngster-gen4dp|1129
|player|p2|soymalo1|2|1033
|gen|9
|tier|[Gen 9 Champions] VGC 2026 Reg M-B (Bo3)
|rated|
|rule|Species Clause: Limit one of each Pokémon
|rule|Item Clause: Limit 1 of each item
|clearpoke
|poke|p1|Floette-Eternal, L50, F|
|poke|p1|Whimsicott, L50, F|
|poke|p1|Arcanine-Hisui, L50, F|
|poke|p1|Incineroar, L50, F|
|poke|p1|Gholdengo, L50|
|poke|p1|Sneasler, L50, M|
|poke|p2|Aerodactyl, L50, M|
|poke|p2|Kingambit, L50, F|
|poke|p2|Sylveon, L50, M|
|poke|p2|Garchomp, L50, M|
|poke|p2|Charizard, L50, F|
|poke|p2|Incineroar, L50, M|
|teampreview|4
|showteam|p1|Floette-Eternal||Floettite|FlowerVeil|Moonblast,DazzlingGleam,LightofRuin,Protect|Modest||F|||50|]Whimsicott||FairyFeather|Prankster|Moonblast,Encore,Tailwind,Protect|Modest||F|||50|]Arcanine-Hisui||FocusSash|FlashFire|RockSlide,HeadSmash,FlareBlitz,Protect|Adamant||F|||50|]Incineroar||SitrusBerry|Intimidate|FakeOut,FlareBlitz,DarkestLariat,PartingShot|Impish||F|||50|]Gholdengo||LifeOrb|GoodasGold|MakeItRain,ShadowBall,NastyPlot,Protect|Modest|||||50|]Sneasler||WhiteHerb|Unburden|CloseCombat,DireClaw,FakeOut,Protect|Adamant||M|||50|
|showteam|p2|Aerodactyl||Aerodactylite|Unnerve|RockSlide,IceFang,Tailwind,WideGuard|Jolly||M|||50|]Kingambit||FocusSash|Defiant|KowtowCleave,SuckerPunch,IronHead,Protect|Adamant||F|||50|]Sylveon||FairyFeather|Pixilate|Detect,HyperVoice,HyperBeam,QuickAttack|Modest||M|||50|]Garchomp||LifeOrb|RoughSkin|Earthquake,DragonClaw,StompingTantrum,Protect|Jolly||M|||50|]Charizard||CharizarditeY|Blaze|Protect,HeatWave,SolarBeam,WeatherBall|Modest||F|||50|]Incineroar||SitrusBerry|Intimidate|DarkestLariat,FlareBlitz,FakeOut,PartingShot|Impish||M|||50|
|inactive|Battle timer is ON: inactive players will automatically lose when time's up. (requested by soymalo1)
|inactive|soymalo1 has 60 seconds left.
|
|t:|1785693360
|teamsize|p1|4
|teamsize|p2|4
|start
|switch|p1a: Floette|Floette-Eternal, L50, F|100/100
|switch|p1b: Whimsicott|Whimsicott, L50, F|100/100
|switch|p2a: Kingambit|Kingambit, L50, F|100/100
|switch|p2b: Aerodactyl|Aerodactyl, L50, M|100/100
|-ability|p2b: Aerodactyl|Unnerve
|turn|1
|
|t:|1785693374
|detailschange|p1a: Floette|Floette-Mega, L50, F
|-mega|p1a: Floette|Floette|Floettite
|-ability|p1a: Floette|Fairy Aura
|move|p1a: Floette|Protect|p1a: Floette
|-singleturn|p1a: Floette|Protect
|move|p2a: Kingambit|Protect|p2a: Kingambit
|-singleturn|p2a: Kingambit|Protect
|move|p1b: Whimsicott|Tailwind|p1b: Whimsicott
|-sidestart|p1: sazar saifi|move: Tailwind
|move|p2b: Aerodactyl|Tailwind|p2b: Aerodactyl
|-sidestart|p2: soymalo1|move: Tailwind
|
|upkeep
|turn|2
|
|t:|1785693393
|move|p2b: Aerodactyl|Wide Guard|p2b: Aerodactyl
|-singleturn|p2b: Aerodactyl|Wide Guard
|move|p1b: Whimsicott|Moonblast|p2a: Kingambit
|-damage|p2a: Kingambit|32/100
|move|p1a: Floette|Dazzling Gleam|p2b: Aerodactyl|[spread] 
|-activate|p2a: Kingambit|move: Wide Guard
|-activate|p2b: Aerodactyl|move: Wide Guard
|move|p2a: Kingambit|Iron Head|p1a: Floette
|-supereffective|p1a: Floette|1
|-damage|p1a: Floette|0 fnt
|faint|p1a: Floette
|
|upkeep
|
|t:|1785693404
|switch|p1a: Sneasler|Sneasler, L50, M|100/100
|turn|3
|
|t:|1785693417
|switch|p2a: Garchomp|Garchomp, L50, M|100/100
|move|p1b: Whimsicott|Encore|p2b: Aerodactyl
|-start|p2b: Aerodactyl|Encore
|move|p2b: Aerodactyl|Wide Guard|p2b: Aerodactyl
|-singleturn|p2b: Aerodactyl|Wide Guard
|move|p1a: Sneasler|Close Combat|p2a: Garchomp
|-damage|p2a: Garchomp|35/100
|-unboost|p1a: Sneasler|def|1
|-unboost|p1a: Sneasler|spd|1
|-damage|p1a: Sneasler|87/100|[from] ability: Rough Skin|[of] p2a: Garchomp
|-enditem|p1a: Sneasler|White Herb
|-clearnegativeboost|p1a: Sneasler|[silent]
|
|upkeep
|turn|4
|
|t:|1785693434
|switch|p2b: Charizard|Charizard, L50, F|100/100
|move|p2a: Garchomp|Protect|p2a: Garchomp
|-singleturn|p2a: Garchomp|Protect
|move|p1a: Sneasler|Close Combat|p2b: Charizard
|-resisted|p2b: Charizard|1
|-damage|p2b: Charizard|62/100
|-unboost|p1a: Sneasler|def|1
|-unboost|p1a: Sneasler|spd|1
|move|p1b: Whimsicott|Moonblast|p2b: Charizard
|-resisted|p2b: Charizard|1
|-damage|p2b: Charizard|36/100
|
|-sideend|p1: sazar saifi|move: Tailwind
|-sideend|p2: soymalo1|move: Tailwind
|upkeep
|turn|5
|
|t:|1785693457
|detailschange|p2b: Charizard|Charizard-Mega-Y, L50, F
|-mega|p2b: Charizard|Charizard|Charizardite Y
|-weather|SunnyDay|[from] ability: Drought|[of] p2b: Charizard
|move|p1a: Sneasler|Protect|p1a: Sneasler
|-singleturn|p1a: Sneasler|Protect
|move|p1b: Whimsicott|Tailwind|p1b: Whimsicott
|-sidestart|p1: sazar saifi|move: Tailwind
|move|p2a: Garchomp|Earthquake|p1b: Whimsicott|[spread] p1b
|-activate|p1a: Sneasler|move: Protect
|-immune|p2b: Charizard
|-resisted|p1b: Whimsicott|1
|-damage|p1b: Whimsicott|61/100
|-damage|p2a: Garchomp|25/100|[from] item: Life Orb
|move|p2b: Charizard|Heat Wave|p1b: Whimsicott|[spread] p1b
|-activate|p1a: Sneasler|move: Protect
|-supereffective|p1b: Whimsicott|1
|-crit|p1b: Whimsicott
|-damage|p1b: Whimsicott|0 fnt
|faint|p1b: Whimsicott
|
|-weather|SunnyDay|[upkeep]
|upkeep
|
|t:|1785693461
|switch|p1b: Arcanine|Arcanine-Hisui, L50, F|100/100
|turn|6
|
|t:|1785693484
|move|p2a: Garchomp|Protect|p2a: Garchomp
|-singleturn|p2a: Garchomp|Protect
|move|p2b: Charizard|Protect|p2b: Charizard
|-singleturn|p2b: Charizard|Protect
|move|p1a: Sneasler|Close Combat|p2a: Garchomp
|-activate|p2a: Garchomp|move: Protect
|move|p1b: Arcanine|Rock Slide|p2a: Garchomp|[spread] 
|-activate|p2a: Garchomp|move: Protect
|-activate|p2b: Charizard|move: Protect
|
|-weather|SunnyDay|[upkeep]
|upkeep
|turn|7
|inactive|soymalo1 has 30 seconds left.
|
|t:|1785693515
|switch|p2a: Aerodactyl|Aerodactyl, L50, M|100/100
|-ability|p2a: Aerodactyl|Unnerve
|switch|p2b: Kingambit|Kingambit, L50, F|32/100
|move|p1a: Sneasler|Close Combat|p2a: Aerodactyl
|-damage|p2a: Aerodactyl|14/100
|-unboost|p1a: Sneasler|def|1
|-unboost|p1a: Sneasler|spd|1
|move|p1b: Arcanine|Rock Slide|p2a: Aerodactyl|[spread] p2a,p2b
|-supereffective|p2a: Aerodactyl|1
|-resisted|p2b: Kingambit|1
|-damage|p2a: Aerodactyl|0 fnt
|-damage|p2b: Kingambit|19/100
|faint|p2a: Aerodactyl
|
|-weather|SunnyDay|[upkeep]
|upkeep
|
|t:|1785693535
|switch|p2a: Charizard|Charizard-Mega-Y, L50, F|36/100
|turn|8
|
|t:|1785693546
|move|p1a: Sneasler|Protect|p1a: Sneasler
|-singleturn|p1a: Sneasler|Protect
|move|p2a: Charizard|Protect|p2a: Charizard
|-singleturn|p2a: Charizard|Protect
|move|p2b: Kingambit|Protect|p2b: Kingambit
|-singleturn|p2b: Kingambit|Protect
|move|p1b: Arcanine|Flare Blitz|p2b: Kingambit
|-activate|p2b: Kingambit|move: Protect
|
|-weather|SunnyDay|[upkeep]
|-sideend|p1: sazar saifi|move: Tailwind
|upkeep
|turn|9
|
|t:|1785693569
|move|p1a: Sneasler|Protect||[still]
|-fail|p1a: Sneasler
|move|p2b: Kingambit|Sucker Punch||[still]
|-fail|p2b: Kingambit
|move|p1b: Arcanine|Rock Slide|p2a: Charizard|[spread] p2b
|-miss|p1b: Arcanine|p2a: Charizard
|-resisted|p2b: Kingambit|1
|-damage|p2b: Kingambit|8/100
|move|p2a: Charizard|Heat Wave|p1b: Arcanine|[spread] p1a
|-start|p1b: Arcanine|ability: Flash Fire
|-damage|p1a: Sneasler|0 fnt
|faint|p1a: Sneasler
|
|-weather|none
|upkeep
|turn|10
|-message|sazar saifi forfeited.
|
|win|soymalo1
|raw|sazar saifi's rating: 1129 → 1097(-32 for losing)
|raw|soymalo1's rating: 1033 → 1077(+44 for winning)
|l|☆sazar saifi
|player|p1|
