|j|☆robotarmadillo
|j|☆Xto80
|html|robotarmadilloXto80    
|uhtml|bestof|Game 2 of a best-of-3
|t:|1783352500
|gametype|doubles
|player|p1|robotarmadillo|lucas|
|player|p2|Xto80|cheren|
|gen|9
|tier|[Gen 9 Champions] VGC 2026 Reg M-B (Bo3)
|rule|Species Clause: Limit one of each Pokémon
|rule|Item Clause: Limit 1 of each item
|clearpoke
|poke|p1|Politoed, L50, F|
|poke|p1|Basculegion, L50, M|
|poke|p1|Scizor, L50, F|
|poke|p1|Tsareena, L50, F|
|poke|p1|Raichu, L50, F|
|poke|p1|Tinkaton, L50, F|
|poke|p2|Lucario, L50, M|
|poke|p2|Pelipper, L50, F|
|poke|p2|Archaludon, L50, F|
|poke|p2|Mimikyu, L50, M|
|poke|p2|Toxicroak, L50, M|
|poke|p2|Appletun, L50, M|
|teampreview|4
|showteam|p1|Politoed||SitrusBerry|Drizzle|HelpingHand,IcyWind,Protect,HydroPump|Calm||F|||50|]Basculegion||MysticWater|SwiftSwim|WaveCrash,PsychicFangs,AquaJet,LastRespects|Adamant||M|||50|]Scizor||Scizorite|Technician|BulletPunch,Uturn,CloseCombat,Protect|Adamant||F|||50|]Tsareena||ExpertBelt|QueenlyMajesty|PowerWhip,Uturn,TripleAxel,Protect|Careful||F|||50|]Raichu||FocusSash|LightningRod|FakeOut,Nuzzle,VoltSwitch,Protect|Jolly||F|||50|]Tinkaton||Leftovers|OwnTempo|GigatonHammer,PlayRough,FakeOut,KnockOff|Jolly||F|||50|
|showteam|p2|Lucario||Lucarionite|InnerFocus|CloseCombat,ExtremeSpeed,MeteorMash,Detect|Jolly||M|||50|]Pelipper||FocusSash|Drizzle|Hurricane,Tailwind,Protect,HydroPump|Timid||F|||50|]Archaludon||SitrusBerry|Stamina|ElectroShot,FlashCannon,DracoMeteor,BodySlam|Modest||F|||50|]Mimikyu||MentalHerb|Disguise|TrickRoom,PlayRough,WillOWisp,ShadowClaw|Brave||M|||50|]Toxicroak||LifeOrb|DrySkin|FakeOut,GunkShot,DrainPunch,SuckerPunch|Jolly||M|||50|]Appletun||Leftovers|ThickFat|AppleAcid,DragonPulse,Recover,Protect|Calm||M|||50|
|
|t:|1783352582
|teamsize|p1|4
|teamsize|p2|4
|start
|switch|p1a: Raichu|Raichu, L50, F|100/100
|switch|p1b: Tsareena|Tsareena, L50, F|100/100
|switch|p2a: Toxicroak|Toxicroak, L50, M|100/100
|switch|p2b: Archaludon|Archaludon, L50, F|100/100
|turn|1
|
|t:|1783352710
|move|p1a: Raichu|Nuzzle|p2a: Toxicroak
|-damage|p2a: Toxicroak|86/100
|-status|p2a: Toxicroak|par
|move|p2b: Archaludon|Flash Cannon|p1a: Raichu
|-resisted|p1a: Raichu|1
|-damage|p1a: Raichu|62/100
|-unboost|p1a: Raichu|spd|1
|move|p1b: Tsareena|U-turn|p2a: Toxicroak
|-resisted|p2a: Toxicroak|2
|-damage|p2a: Toxicroak|79/100 par
|
|t:|1783352747
|switch|p1b: Basculegion|Basculegion, L50, M|100/100|[from] U-turn
|move|p2a: Toxicroak|Gunk Shot|p1b: Basculegion|[miss]
|-miss|p2a: Toxicroak|p1b: Basculegion
|
|upkeep
|turn|2
|
|t:|1783352848
|move|p1a: Raichu|Nuzzle|p2b: Archaludon
|-resisted|p2b: Archaludon|1
|-damage|p2b: Archaludon|96/100
|-status|p2b: Archaludon|par
|-ability|p2b: Archaludon|Stamina|boost
|-boost|p2b: Archaludon|def|1
|move|p1b: Basculegion|Psychic Fangs|p2a: Toxicroak
|-supereffective|p2a: Toxicroak|2
|-damage|p2a: Toxicroak|0 fnt
|faint|p2a: Toxicroak
|cant|p2b: Archaludon|par
|
|upkeep
|
|t:|1783352904
|switch|p2a: Lucario|Lucario, L50, M|100/100
|turn|3
|
|t:|1783353005
|switch|p1b: Tsareena|Tsareena, L50, F|100/100
|detailschange|p2a: Lucario|Lucario-Mega, L50, M
|-mega|p2a: Lucario|Lucario|Lucarionite
|move|p2a: Lucario|Close Combat|p1a: Raichu
|-damage|p1a: Raichu|0 fnt
|-unboost|p2a: Lucario|def|1
|-unboost|p2a: Lucario|spd|1
|faint|p1a: Raichu
|move|p2b: Archaludon|Flash Cannon|p1b: Tsareena
|-damage|p1b: Tsareena|69/100
|
|upkeep
|
|t:|1783353063
|switch|p1a: Scizor|Scizor, L50, F|100/100
|turn|4
|
|t:|1783353157
|detailschange|p1a: Scizor|Scizor-Mega, L50, F
|-mega|p1a: Scizor|Scizor|Scizorite
|move|p2a: Lucario|Close Combat|p1a: Scizor
|-damage|p1a: Scizor|28/100
|-unboost|p2a: Lucario|def|1
|-unboost|p2a: Lucario|spd|1
|move|p1a: Scizor|Close Combat|p2a: Lucario
|-supereffective|p2a: Lucario|1
|-damage|p2a: Lucario|0 fnt
|-unboost|p1a: Scizor|def|1
|-unboost|p1a: Scizor|spd|1
|faint|p2a: Lucario
|move|p1b: Tsareena|Power Whip|p2b: Archaludon
|-resisted|p2b: Archaludon|2
|-damage|p2b: Archaludon|91/100 par
|-ability|p2b: Archaludon|Stamina|boost
|-boost|p2b: Archaludon|def|1
|move|p2b: Archaludon|Flash Cannon|p1b: Tsareena
|-damage|p1b: Tsareena|36/100
|
|upkeep
|
|t:|1783353181
|switch|p2a: Pelipper|Pelipper, L50, F|100/100
|-weather|RainDance|[from] ability: Drizzle|[of] p2a: Pelipper
|turn|5
|
|t:|1783353323
|move|p2a: Pelipper|Hurricane|p1b: Tsareena
|-supereffective|p1b: Tsareena|1
|-damage|p1b: Tsareena|0 fnt
|faint|p1b: Tsareena
|move|p1a: Scizor|Close Combat|p2b: Archaludon
|-supereffective|p2b: Archaludon|1
|-damage|p2b: Archaludon|49/100 par
|-unboost|p1a: Scizor|def|1
|-unboost|p1a: Scizor|spd|1
|-ability|p2b: Archaludon|Stamina|boost
|-boost|p2b: Archaludon|def|1
|-enditem|p2b: Archaludon|Sitrus Berry|[eat]
|-heal|p2b: Archaludon|74/100 par|[from] item: Sitrus Berry
|move|p2b: Archaludon|Electro Shot||[still]
|-prepare|p2b: Archaludon|Electro Shot
|-boost|p2b: Archaludon|spa|1
|-anim|p2b: Archaludon|Electro Shot|p1a: Scizor
|-damage|p1a: Scizor|0 fnt
|faint|p1a: Scizor
|
|-weather|RainDance|[upkeep]
|upkeep
|
|t:|1783353345
|switch|p1b: Basculegion|Basculegion, L50, M|100/100
|turn|6
|
|t:|1783353440
|move|p1b: Basculegion|Wave Crash|p2b: Archaludon
|-resisted|p2b: Archaludon|1
|-damage|p2b: Archaludon|56/100 par
|-ability|p2b: Archaludon|Stamina|boost
|-boost|p2b: Archaludon|def|1
|-damage|p1b: Basculegion|93/100|[from] Recoil
|move|p2a: Pelipper|Tailwind|p2a: Pelipper
|-sidestart|p2: Xto80|move: Tailwind
|move|p2b: Archaludon|Electro Shot||[still]
|-prepare|p2b: Archaludon|Electro Shot
|-boost|p2b: Archaludon|spa|1
|-anim|p2b: Archaludon|Electro Shot|p1b: Basculegion
|-supereffective|p1b: Basculegion|1
|-crit|p1b: Basculegion
|-damage|p1b: Basculegion|0 fnt
|faint|p1b: Basculegion
|
|win|Xto80
