|j|☆dkelly1126
|j|☆TCM Zaukepoo
|html|dkelly1126TCM Zaukepoo    
|uhtml|bestof|Game 1 of a best-of-3
|t:|1756865413
|gametype|doubles
|player|p1|dkelly1126|blue|1165
|player|p2|TCM Zaukepoo|102|1082
|gen|9
|tier|[Gen 9] VGC 2025 Reg H (Bo3)
|rated|
|rule|Species Clause: Limit one of each Pokémon
|rule|Item Clause: Limit 1 of each item
|clearpoke
|poke|p1|Volcarona, L50, M|
|poke|p1|Kingambit, L50, F|
|poke|p1|Dragonite, L50, F|
|poke|p1|Sneasler, L50, F|
|poke|p1|Rillaboom, L50, F|
|poke|p1|Electabuzz, L50, M|
|poke|p2|Tyranitar, L50, M|
|poke|p2|Volcarona, L50, M|
|poke|p2|Ursaluna, L50, M|
|poke|p2|Dragonite, L50, F|
|poke|p2|Incineroar, L50, F|
|poke|p2|Electabuzz, L50, F|
|teampreview|4
|showteam|p1|Volcarona||Leftovers|FlameBody|HeatWave,TeraBlast,QuiverDance,Protect|||M|||50|,,,,,Fairy]Kingambit||BlackGlasses|Defiant|KowtowCleave,SuckerPunch,SwordsDance,Protect|||F|||50|,,,,,Dark]Dragonite||LoadedDice|Multiscale|ScaleShot,ExtremeSpeed,Haze,Protect|||F|||50|,,,,,Steel]Sneasler||FocusSash|PoisonTouch|CloseCombat,DireClaw,FakeOut,Coaching|||F|||50|,,,,,Stellar]Rillaboom||AssaultVest|GrassySurge|WoodHammer,GrassyGlide,HighHorsepower,FakeOut|||F|||50|,,,,,Fire]Electabuzz||Eviolite|VitalSpirit|Thunderbolt,Taunt,FollowMe,Protect|||M|||50|,,,,,Ghost
|showteam|p2|Tyranitar||AssaultVest|SandStream|RockSlide,KnockOff,TeraBlast,LowKick|||M|||50|,,,,,Flying]Volcarona||CovertCloak|FlameBody|HeatWave,GigaDrain,QuiverDance,Protect|||M|||50|,,,,,Grass]Ursaluna||FlameOrb|Guts|HeadlongRush,Facade,Earthquake,Protect|||M|||50|,,,,,Ghost]Dragonite||LoadedDice|Multiscale|ScaleShot,Haze,ExtremeSpeed,Tailwind|||F|||50|,,,,,Dragon]Incineroar||SafetyGoggles|Intimidate|FakeOut,KnockOff,PartingShot,FlareBlitz|||F|||50|,,,,,Ghost]Electabuzz||Eviolite|VitalSpirit|Electroweb,Taunt,FollowMe,Thunderbolt|||F|||50|,,,,,Ghost
|inactive|Battle timer is ON: inactive players will automatically lose when time's up. (requested by TCM Zaukepoo)
|inactive|dkelly1126 has 60 seconds left.
|inactive|dkelly1126 has 30 seconds left.
|
|t:|1756865483
|teamsize|p1|4
|teamsize|p2|4
|start
|switch|p1a: Volcarona|Volcarona, L50, M|100/100
|switch|p1b: Electabuzz|Electabuzz, L50, M|100/100
|switch|p2a: Electabuzz|Electabuzz, L50, F|100/100
|switch|p2b: Volcarona|Volcarona, L50, M|100/100
|turn|1
|
|t:|1756865506
|move|p2b: Volcarona|Quiver Dance|p2b: Volcarona
|-boost|p2b: Volcarona|spa|1
|-boost|p2b: Volcarona|spd|1
|-boost|p2b: Volcarona|spe|1
|move|p1a: Volcarona|Quiver Dance|p1a: Volcarona
|-boost|p1a: Volcarona|spa|1
|-boost|p1a: Volcarona|spd|1
|-boost|p1a: Volcarona|spe|1
|move|p1b: Electabuzz|Taunt|p2a: Electabuzz
|-start|p2a: Electabuzz|move: Taunt
|move|p2a: Electabuzz|Electroweb|p1a: Volcarona|[spread] p1a,p1b
|-resisted|p1b: Electabuzz
|-damage|p1a: Volcarona|92/100
|-damage|p1b: Electabuzz|95/100
|-unboost|p1a: Volcarona|spe|1
|-unboost|p1b: Electabuzz|spe|1
|
|-heal|p1a: Volcarona|98/100|[from] item: Leftovers
|upkeep
|turn|2
|
|t:|1756865529
|move|p2b: Volcarona|Quiver Dance|p2b: Volcarona
|-boost|p2b: Volcarona|spa|1
|-boost|p2b: Volcarona|spd|1
|-boost|p2b: Volcarona|spe|1
|move|p1a: Volcarona|Heat Wave|p2a: Electabuzz|[spread] p2b
|-miss|p1a: Volcarona|p2a: Electabuzz
|-damage|p2b: Volcarona|74/100
|move|p2a: Electabuzz|Electroweb|p1b: Electabuzz|[spread] p1b
|-miss|p2a: Electabuzz|p1a: Volcarona
|-resisted|p1b: Electabuzz
|-crit|p1b: Electabuzz
|-damage|p1b: Electabuzz|87/100
|-unboost|p1b: Electabuzz|spe|1
|move|p1b: Electabuzz|Thunderbolt|p2b: Volcarona
|-damage|p2b: Volcarona|58/100
|
|-heal|p1a: Volcarona|100/100|[from] item: Leftovers
|upkeep
|turn|3
|inactive|dkelly1126 has 30 seconds left.
|
|t:|1756865556
|move|p2b: Volcarona|Heat Wave|p1b: Electabuzz|[spread] p1a,p1b
|-damage|p1a: Volcarona|61/100
|-damage|p1b: Electabuzz|39/100
|move|p1a: Volcarona|Heat Wave|p2b: Volcarona|[spread] p2a,p2b
|-damage|p2a: Electabuzz|62/100
|-damage|p2b: Volcarona|28/100
|move|p2a: Electabuzz|Electroweb|p1b: Electabuzz|[spread] p1a,p1b
|-resisted|p1b: Electabuzz
|-damage|p1a: Volcarona|52/100
|-damage|p1b: Electabuzz|34/100
|-unboost|p1a: Volcarona|spe|1
|-unboost|p1b: Electabuzz|spe|1
|move|p1b: Electabuzz|Thunderbolt|p2b: Volcarona
|-damage|p2b: Volcarona|13/100
|
|-heal|p1a: Volcarona|58/100|[from] item: Leftovers
|-end|p2a: Electabuzz|move: Taunt
|upkeep
|turn|4
|inactive|dkelly1126 has 30 seconds left.
|inactive|TCM Zaukepoo has 30 seconds left.
|
|t:|1756865595
|switch|p2a: Incineroar|Incineroar, L50, F|100/100
|-ability|p2a: Incineroar|Intimidate|boost
|-unboost|p1a: Volcarona|atk|1
|-unboost|p1b: Electabuzz|atk|1
|switch|p1b: Sneasler|Sneasler, L50, F|100/100
|move|p2b: Volcarona|Protect|p2b: Volcarona
|-singleturn|p2b: Volcarona|Protect
|move|p1a: Volcarona|Heat Wave|p2b: Volcarona|[spread] p2a
|-activate|p2b: Volcarona|move: Protect
|-resisted|p2a: Incineroar
|-damage|p2a: Incineroar|78/100
|
|-heal|p1a: Volcarona|64/100|[from] item: Leftovers
|upkeep
|turn|5
|
|t:|1756865618
|switch|p2b: Electabuzz|Electabuzz, L50, F|62/100
|move|p1b: Sneasler|Fake Out|p2b: Electabuzz
|-damage|p2b: Electabuzz|50/100
|move|p1a: Volcarona|Quiver Dance|p1a: Volcarona
|-boost|p1a: Volcarona|spa|1
|-boost|p1a: Volcarona|spd|1
|-boost|p1a: Volcarona|spe|1
|move|p2a: Incineroar|Parting Shot|p1a: Volcarona
|-unboost|p1a: Volcarona|atk|1
|-unboost|p1a: Volcarona|spa|1
|
|t:|1756865631
|switch|p2a: Dragonite|Dragonite, L50, F|100/100|[from] Parting Shot
|
|-heal|p1a: Volcarona|70/100|[from] item: Leftovers
|upkeep
|turn|6
|inactive|dkelly1126 has 30 seconds left.
|inactive|dkelly1126 has 20 seconds left.
|
|t:|1756865667
|-terastallize|p1a: Volcarona|Fairy
|move|p1b: Sneasler|Close Combat|p2b: Electabuzz
|-damage|p2b: Electabuzz|0 fnt
|-unboost|p1b: Sneasler|def|1
|-unboost|p1b: Sneasler|spd|1
|faint|p2b: Electabuzz
|move|p1a: Volcarona|Tera Blast|p2a: Dragonite|[anim] Tera Blast Fairy
|-supereffective|p2a: Dragonite
|-damage|p2a: Dragonite|44/100
|move|p2a: Dragonite|Scale Shot|p1b: Sneasler
|-damage|p1b: Sneasler|66/100
|-damage|p1b: Sneasler|30/100
|-damage|p1b: Sneasler|0 fnt
|faint|p1b: Sneasler
|-hitcount|p1: Sneasler|3
|-unboost|p2a: Dragonite|def|1
|-boost|p2a: Dragonite|spe|1
|
|-heal|p1a: Volcarona|77/100|[from] item: Leftovers
|upkeep
|
|t:|1756865688
|switch|p1b: Electabuzz|Electabuzz, L50, M|34/100
|switch|p2b: Incineroar|Incineroar, L50, F|78/100
|-ability|p2b: Incineroar|Intimidate|boost
|-unboost|p1a: Volcarona|atk|1
|-unboost|p1b: Electabuzz|atk|1
|turn|7
|
|t:|1756865705
|move|p2b: Incineroar|Fake Out|p1a: Volcarona
|-damage|p1a: Volcarona|59/100
|move|p2a: Dragonite|Tailwind|p2a: Dragonite
|-sidestart|p2: TCM Zaukepoo|move: Tailwind
|cant|p1a: Volcarona|flinch
|move|p1b: Electabuzz|Thunderbolt|p2b: Incineroar
|-damage|p2b: Incineroar|51/100
|
|-heal|p1a: Volcarona|65/100|[from] item: Leftovers
|upkeep
|turn|8
|
|t:|1756865723
|move|p1b: Electabuzz|Follow Me|p1b: Electabuzz
|-singleturn|p1b: Electabuzz|move: Follow Me
|move|p2a: Dragonite|Scale Shot|p1b: Electabuzz
|-crit|p1b: Electabuzz
|-damage|p1b: Electabuzz|16/100
|-damage|p1b: Electabuzz|3/100
|-damage|p1b: Electabuzz|0 fnt
|faint|p1b: Electabuzz
|-hitcount|p1: Electabuzz|3
|-unboost|p2a: Dragonite|def|1
|-boost|p2a: Dragonite|spe|1
|move|p2b: Incineroar|Flare Blitz|p1a: Volcarona
|-damage|p1a: Volcarona|0 fnt
|faint|p1a: Volcarona
|-damage|p2b: Incineroar|29/100|[from] Recoil
|
|upkeep
|
|t:|1756865739
|switch|p1b: Rillaboom|Rillaboom, L50, F|100/100
|-fieldstart|move: Grassy Terrain|[from] ability: Grassy Surge|[of] p1b: Rillaboom
|turn|9
|
|t:|1756865750
|move|p1b: Rillaboom|Fake Out|p2a: Dragonite
|-damage|p2a: Dragonite|18/100
|cant|p2a: Dragonite|flinch
|move|p2b: Incineroar|Flare Blitz|p1b: Rillaboom
|-supereffective|p1b: Rillaboom
|-damage|p1b: Rillaboom|0 fnt
|faint|p1b: Rillaboom
|-damage|p2b: Incineroar|0 fnt|[from] Recoil
|faint|p2b: Incineroar
|
|win|TCM Zaukepoo
||TCM Zaukepoo is ready for game 2.
