|j|☆Sincubii
|j|☆snow250111
|html|Sincubiisnow250111    
|uhtml|bestof|Game 1 of a best-of-3
|t:|1757710555
|gametype|doubles
|player|p1|Sincubii|palmer|1156
|player|p2|snow250111|102|1152
|gen|9
|tier|[Gen 9] VGC 2025 Reg H (Bo3)
|rated|
|rule|Species Clause: Limit one of each Pokémon
|rule|Item Clause: Limit 1 of each item
|clearpoke
|poke|p1|Weavile, L50, F|
|poke|p1|Weezing-Galar, L50, M|
|poke|p1|Tyranitar, L50, F|
|poke|p1|Toedscruel, L50, F|
|poke|p1|Rotom-Heat, L50|
|poke|p1|Dragonite, L50, F|
|poke|p2|Tyranitar, L50, F|
|poke|p2|Ursaluna-Bloodmoon, L50, M|
|poke|p2|Annihilape, L50, M|
|poke|p2|Volcarona, L50, F|
|poke|p2|Sneasler, L50, M|
|poke|p2|Indeedee, L50, M|
|teampreview|4
|showteam|p1|Weavile||LifeOrb|Pressure|FakeOut,IceSpinner,KnockOff,LowKick|||F|||50|,,,,,Ghost]Weezing-Galar||SafetyGoggles|NeutralizingGas|StrangeSteam,WillOWisp,Taunt,Protect|||M|||50|,,,,,Fire]Tyranitar||AssaultVest|SandStream|KnockOff,RockSlide,TeraBlast,LowKick|||F|||50|,,,,,Flying]Toedscruel||FocusSash|MyceliumMight|Spore,EarthPower,Protect,LeafStorm|||F|||50|,,,,,Fire]Rotom-Heat||ChoiceScarf|Levitate|Electroweb,VoltSwitch,Trick,Overheat||||||50|,,,,,Electric]Dragonite||LoadedDice|InnerFocus|Protect,ScaleShot,Tailwind,Haze|||F|||50|,,,,,Fairy
|showteam|p2|Tyranitar||AssaultVest|SandStream|RockSlide,KnockOff,LowKick,TeraBlast|||F|||50|,,,,,Flying]Ursaluna-Bloodmoon||LifeOrb|MindsEye|BloodMoon,HyperVoice,EarthPower,Protect|||M|||50|,,,,,Normal]Annihilape||SafetyGoggles|Defiant|CloseCombat,RageFist,Taunt,FinalGambit|||M|||50|,,,,,Fairy]Volcarona||SitrusBerry|FlameBody|Tailwind,StruggleBug,RagePowder,Overheat|||F|||50|,,,,,Grass]Sneasler||PsychicSeed|Unburden|CloseCombat,DireClaw,ThroatChop,Protect|||M|||50|,,,,,Dark]Indeedee||ChoiceScarf|PsychicSurge|ExpandingForce,TeraBlast,Trick,Protect|||M|||50|,,,,,Fighting
|inactive|Battle timer is ON: inactive players will automatically lose when time's up. (requested by Sincubii)
|inactive|snow250111 has 60 seconds left.
|inactive|snow250111 has 30 seconds left.
|
|t:|1757710654
|teamsize|p1|4
|teamsize|p2|4
|start
|switch|p1a: Weezing|Weezing-Galar, L50, M|100/100
|switch|p1b: Big Boss|Dragonite, L50, F, shiny|100/100
|switch|p2a: Sneasler|Sneasler, L50, M|100/100
|switch|p2b: Indeedee|Indeedee, L50, M|100/100
|-ability|p1a: Weezing|Neutralizing Gas
|turn|1
|inactive|snow250111 has 30 seconds left.
|inactive|snow250111 has 20 seconds left.
|inactive|Sincubii has 30 seconds left.
|inactive|snow250111 has 15 seconds left.
|inactive|snow250111 has 10 seconds left.
|inactive|Sincubii has 20 seconds left.
|inactive|snow250111 has 5 seconds left.
|inactive|Sincubii has 15 seconds left.
|
|t:|1757710713
|move|p1a: Weezing|Protect|p1a: Weezing
|-singleturn|p1a: Weezing|Protect
|move|p2b: Indeedee|Expanding Force|p1b: Big Boss
|-damage|p1b: Big Boss|68/100
|move|p2a: Sneasler|Dire Claw|p1a: Weezing
|-activate|p1a: Weezing|move: Protect
|move|p1b: Big Boss|Tailwind|p1b: Big Boss
|-sidestart|p1: Sincubii|move: Tailwind
|
|upkeep
|turn|2
|inactive|snow250111 has 30 seconds left.
|
|t:|1757710739
|move|p2b: Indeedee|Expanding Force|p1b: Big Boss
|-damage|p1b: Big Boss|32/100
|move|p1b: Big Boss|Scale Shot|p2b: Indeedee
|-damage|p2b: Indeedee|72/100
|-damage|p2b: Indeedee|40/100
|-damage|p2b: Indeedee|12/100
|-damage|p2b: Indeedee|0 fnt
|faint|p2b: Indeedee
|-hitcount|p2: Indeedee|4
|-unboost|p1b: Big Boss|def|1
|-boost|p1b: Big Boss|spe|1
|move|p2a: Sneasler|Dire Claw|p1b: Big Boss
|-damage|p1b: Big Boss|0 fnt
|faint|p1b: Big Boss
|move|p1a: Weezing|Will-O-Wisp|p2a: Sneasler
|-status|p2a: Sneasler|brn
|
|-damage|p2a: Sneasler|95/100 brn|[from] brn
|upkeep
|
|t:|1757710758
|switch|p2b: Volcarona|Volcarona, L50, F|100/100
|switch|p1b: Weavile|Weavile, L50, F|100/100
|turn|3
|
|t:|1757710773
|-terastallize|p1b: Weavile|Ghost
|move|p2a: Sneasler|Protect|p2a: Sneasler
|-singleturn|p2a: Sneasler|Protect
|move|p1b: Weavile|Fake Out|p2b: Volcarona
|-damage|p2b: Volcarona|78/100
|-damage|p1b: Weavile|91/100|[from] item: Life Orb
|cant|p2b: Volcarona|flinch
|move|p1a: Weezing|Taunt|p2b: Volcarona
|-start|p2b: Volcarona|move: Taunt
|
|-damage|p2a: Sneasler|89/100 brn|[from] brn
|upkeep
|turn|4
|
|t:|1757710794
|move|p1b: Weavile|Knock Off|p2b: Volcarona
|-crit|p2b: Volcarona
|-damage|p2b: Volcarona|0 fnt
|-enditem|p2b: Volcarona|Sitrus Berry|[from] move: Knock Off|[of] p1b: Weavile
|faint|p2b: Volcarona
|-damage|p1b: Weavile|81/100|[from] item: Life Orb
|move|p2a: Sneasler|Throat Chop|p1b: Weavile
|-supereffective|p1b: Weavile
|-damage|p1b: Weavile|27/100
|-start|p1b: Weavile|Throat Chop|[silent]
|move|p1a: Weezing|Strange Steam|p2a: Sneasler
|-damage|p2a: Sneasler|51/100 brn
|
|-damage|p2a: Sneasler|46/100 brn|[from] brn
|-sideend|p1: Sincubii|move: Tailwind
|upkeep
|
|t:|1757710806
|switch|p2b: Annihilape|Annihilape, L50, M|100/100
|turn|5
|
|t:|1757710814
|move|p1b: Weavile|Ice Spinner|p2a: Sneasler
|-damage|p2a: Sneasler|0 fnt
|faint|p2a: Sneasler
|-damage|p1b: Weavile|17/100|[from] item: Life Orb
|move|p2b: Annihilape|Taunt|p1a: Weezing
|-start|p1a: Weezing|move: Taunt
|cant|p1a: Weezing|move: Taunt|Will-O-Wisp
|
|-end|p1b: Weavile|Throat Chop|[silent]
|upkeep
|turn|6
|
|t:|1757710829
|-end|p1a: Weezing|ability: Neutralizing Gas
|-ability|p1b: Weavile|Pressure
|switch|p1a: Toedscruel|Toedscruel, L50, F|100/100
|move|p1b: Weavile|Knock Off|p2b: Annihilape
|-damage|p2b: Annihilape|39/100
|-enditem|p2b: Annihilape|Safety Goggles|[from] move: Knock Off|[of] p1b: Weavile
|-damage|p1b: Weavile|7/100|[from] item: Life Orb
|move|p2b: Annihilape|Rage Fist|p1b: Weavile
|-supereffective|p1b: Weavile
|-damage|p1b: Weavile|0 fnt
|faint|p1b: Weavile
|
|upkeep
|
|t:|1757710842
|switch|p1b: Weezing|Weezing-Galar, L50, M|100/100
|-ability|p1b: Weezing|Neutralizing Gas
|turn|7
|
|t:|1757710852
|move|p1a: Toedscruel|Spore|p2b: Annihilape
|-status|p2b: Annihilape|slp|[from] move: Spore
|cant|p2b: Annihilape|slp
|move|p1b: Weezing|Strange Steam|p2b: Annihilape
|-supereffective|p2b: Annihilape
|-damage|p2b: Annihilape|0 fnt
|faint|p2b: Annihilape
|
|win|Sincubii
||Sincubii is ready for game 2.
|l|☆Sincubii
|player|p1|
|inactive|snow250111 has 30 seconds to confirm battle start!
|inactive|snow250111 has 20 seconds to confirm battle start!
||snow250111 is ready for game 2.
|uhtml|next|Next: Game 2 of 3
