|j|â˜†Ninjacoox
|j|â˜†TheParasectKing
|html|NinjacooxTheParasectKing    
|uhtml|bestof|Game 1 of a best-of-3
|t:|1783910068
|gametype|doubles
|player|p1|Ninjacoox|102|
|player|p2|TheParasectKing|acetrainer-gen4dp|
|gen|9
|tier|[Gen 9 Champions] VGC 2026 Reg M-B (Bo3)
|rule|Species Clause: Limit one of each PokÃ©mon
|rule|Item Clause: Limit 1 of each item
|clearpoke
|poke|p1|Pelipper, L50, F|
|poke|p1|Swampert, L50, M|
|poke|p1|Archaludon, L50, M|
|poke|p1|Floette-Eternal, L50, F|
|poke|p1|Arcanine-Hisui, L50, M|
|poke|p1|Grimmsnarl, L50, M|
|poke|p2|Gengar, L50, F|
|poke|p2|Swampert, L50, F|
|poke|p2|Incineroar, L50, M|
|poke|p2|Politoed, L50, M|
|poke|p2|Archaludon, L50, F|
|poke|p2|Vivillon, L50, F|
|teampreview|4
|showteam|p1|Pelipper||SitrusBerry|Drizzle|Tailwind,WeatherBall,Hurricane,WideGuard|Modest||F|||50|]Swampert||Swampertite|Torrent|WaveCrash,Earthquake,IcePunch,Protect|Adamant||M|||50|]Archaludon||ChopleBerry|Stamina|ElectroShot,DracoMeteor,FlashCannon,Protect|Calm||M|||50|]Floette-Eternal||Floettite|FlowerVeil|CalmMind,Moonblast,DazzlingGleam,Protect|Modest||F|||50|]Arcanine-Hisui||ChoiceScarf|RockHead|ExtremeSpeed,FlareBlitz,HeadSmash,RockSlide|Adamant||M|||50|]Grimmsnarl||LightClay|Prankster|Reflect,LightScreen,SpiritBreak,PartingShot|Impish||M|||50|
|showteam|p2|Gengar||Gengarite|CursedBody|ShadowBall,PerishSong,SludgeBomb,Protect|Modest||F|||50|]Swampert||Swampertite|Torrent|WaveCrash,Earthquake,IcePunch,Protect|Adamant||F|||50|]Incineroar||PasshoBerry|Intimidate|ThroatChop,PartingShot,FakeOut,Protect|Careful||M|||50|]Politoed||SitrusBerry|Drizzle|WeatherBall,PerishSong,Encore,Protect|Calm||M|||50|]Archaludon||Leftovers|Stamina|DragonPulse,FlashCannon,ElectroShot,Protect|Modest||F|||50|]Vivillon||FocusSash|CompoundEyes|Hurricane,SleepPowder,RagePowder,Protect|Timid||F|||50|
|inactive|Battle timer is ON: inactive players will automatically lose when time's up. (requested by TheParasectKing)
|c|â˜†TheParasectKing|glhf!
|c|â˜†Ninjacoox|u2
|inactive|Ninjacoox has 60 seconds left.
|inactive|TheParasectKing has 60 seconds left.
|
|t:|1783910107
|teamsize|p1|4
|teamsize|p2|4
|start
|switch|p1a: Hina Amano|Pelipper, L50, F|100/100
|switch|p1b: Hi Im Meri|Grimmsnarl, L50, M|100/100
|switch|p2a: Gengar|Gengar, L50, F|100/100
|switch|p2b: Incineroar|Incineroar, L50, M|100/100
|-ability|p2b: Incineroar|Intimidate|boost
|-unboost|p1a: Hina Amano|atk|1
|-unboost|p1b: Hi Im Meri|atk|1
|-weather|RainDance|[from] ability: Drizzle|[of] p1a: Hina Amano
|turn|1
|
|t:|1783910126
|detailschange|p2a: Gengar|Gengar-Mega, L50, F
|-mega|p2a: Gengar|Gengar|Gengarite
|move|p2b: Incineroar|Fake Out|p1a: Hina Amano
|-damage|p1a: Hina Amano|88/100
|move|p1b: Hi Im Meri|Light Screen|p1b: Hi Im Meri
|-sidestart|p1: Ninjacoox|move: Light Screen
|move|p2a: Gengar|Perish Song|p2a: Gengar
|-start|p1a: Hina Amano|perish3|[silent]
|-start|p1b: Hi Im Meri|perish3|[silent]
|-start|p2a: Gengar|perish3|[silent]
|-start|p2b: Incineroar|perish3|[silent]
|-fieldactivate|move: Perish Song
|cant|p1a: Hina Amano|flinch
|
|-weather|RainDance|[upkeep]
|-start|p2a: Gengar|perish3
|-start|p2b: Incineroar|perish3
|-start|p1a: Hina Amano|perish3
|-start|p1b: Hi Im Meri|perish3
|upkeep
|turn|2
|
|t:|1783910146
|switch|p2b: Politoed|Politoed, L50, M|100/100
|move|p2a: Gengar|Protect|p2a: Gengar
|-singleturn|p2a: Gengar|Protect
|move|p1a: Hina Amano|Tailwind|p1a: Hina Amano
|-sidestart|p1: Ninjacoox|move: Tailwind
|move|p1b: Hi Im Meri|Spirit Break|p2a: Gengar
|-activate|p2a: Gengar|move: Protect
|
|-weather|RainDance|[upkeep]
|-start|p1a: Hina Amano|perish2
|-start|p1b: Hi Im Meri|perish2
|-start|p2a: Gengar|perish2
|upkeep
|turn|3
|inactive|Ninjacoox has 30 seconds left.
|inactive|TheParasectKing has 30 seconds left.
|inactive|TheParasectKing has 20 seconds left.
|
|t:|1783910183
|move|p1b: Hi Im Meri|Reflect|p1b: Hi Im Meri
|-sidestart|p1: Ninjacoox|Reflect
|move|p1a: Hina Amano|Weather Ball|p2a: Gengar
|-damage|p2a: Gengar|44/100
|move|p2a: Gengar|Sludge Bomb|p1a: Hina Amano
|-damage|p1a: Hina Amano|44/100
|-enditem|p1a: Hina Amano|Sitrus Berry|[eat]
|-heal|p1a: Hina Amano|69/100|[from] item: Sitrus Berry
|move|p2b: Politoed|Encore|p1b: Hi Im Meri
|-start|p1b: Hi Im Meri|Encore
|
|-weather|RainDance|[upkeep]
|-start|p1a: Hina Amano|perish1
|-start|p1b: Hi Im Meri|perish1
|-start|p2a: Gengar|perish1
|upkeep
|turn|4
|
|t:|1783910198
|switch|p2a: Archaludon|Archaludon, L50, F|100/100
|move|p2b: Politoed|Protect|p2b: Politoed
|-singleturn|p2b: Politoed|Protect
|move|p1b: Hi Im Meri|Reflect||[still]
|-fail|p1b: Hi Im Meri
|move|p1a: Hina Amano|Weather Ball|p2a: Archaludon
|-resisted|p2a: Archaludon|1
|-damage|p2a: Archaludon|71/100
|-ability|p2a: Archaludon|Stamina|boost
|-boost|p2a: Archaludon|def|1
|
|-weather|RainDance|[upkeep]
|-heal|p2a: Archaludon|77/100|[from] item: Leftovers
|-start|p1a: Hina Amano|perish0
|-start|p1b: Hi Im Meri|perish0
|faint|p1a: Hina Amano
|faint|p1b: Hi Im Meri
|upkeep
|
|t:|1783910200
|switch|p1a: Swampert|Swampert, L50, M|100/100
|switch|p1b: Bridge|Archaludon, L50, M|100/100
|turn|5
|
|t:|1783910215
|switch|p2a: Incineroar|Incineroar, L50, M|100/100
|-ability|p2a: Incineroar|Intimidate|boost
|-unboost|p1a: Swampert|atk|1
|-unboost|p1b: Bridge|atk|1
|detailschange|p1a: Swampert|Swampert-Mega, L50, M
|-mega|p1a: Swampert|Swampert|Swampertite
|move|p2b: Politoed|Protect||[still]
|-fail|p2b: Politoed
|move|p1a: Swampert|Earthquake|p2a: Incineroar|[spread] p1b,p2a,p2b
|-supereffective|p1b: Bridge|1
|-supereffective|p2a: Incineroar|1
|-damage|p1b: Bridge|67/100
|-damage|p2a: Incineroar|43/100
|-damage|p2b: Politoed|72/100
|-ability|p1b: Bridge|Stamina|boost
|-boost|p1b: Bridge|def|1
|move|p1b: Bridge|Electro Shot||[still]
|-prepare|p1b: Bridge|Electro Shot
|-boost|p1b: Bridge|spa|1
|-anim|p1b: Bridge|Electro Shot|p2b: Politoed
|-supereffective|p2b: Politoed|1
|-damage|p2b: Politoed|0 fnt
|faint|p2b: Politoed
|
|-weather|none
|-sideend|p1: Ninjacoox|move: Tailwind
|upkeep
|
|t:|1783910224
|switch|p2b: Gengar|Gengar-Mega, L50, F|44/100
|turn|6
|
|t:|1783910244
|move|p2a: Incineroar|Fake Out|p1a: Swampert
|-damage|p1a: Swampert|92/100
|move|p2b: Gengar|Perish Song|p2b: Gengar
|-start|p1a: Swampert|perish3|[silent]
|-start|p1b: Bridge|perish3|[silent]
|-start|p2a: Incineroar|perish3|[silent]
|-start|p2b: Gengar|perish3|[silent]
|-fieldactivate|move: Perish Song
|cant|p1a: Swampert|flinch
|move|p1b: Bridge|Flash Cannon|p2b: Gengar
|-damage|p2b: Gengar|0 fnt
|faint|p2b: Gengar
|
|-start|p1a: Swampert|perish3
|-start|p1b: Bridge|perish3
|-start|p2a: Incineroar|perish3
|upkeep
|
|t:|1783910246
|switch|p2b: Archaludon|Archaludon, L50, F|77/100
|turn|7
|
|t:|1783910255
|move|p2b: Archaludon|Protect|p2b: Archaludon
|-singleturn|p2b: Archaludon|Protect
|move|p2a: Incineroar|Protect|p2a: Incineroar
|-singleturn|p2a: Incineroar|Protect
|move|p1a: Swampert|Earthquake|p2b: Archaludon|[spread] p1b
|-activate|p2a: Incineroar|move: Protect
|-activate|p2b: Archaludon|move: Protect
|-supereffective|p1b: Bridge|1
|-damage|p1b: Bridge|46/100
|-ability|p1b: Bridge|Stamina|boost
|-boost|p1b: Bridge|def|1
|move|p1b: Bridge|Draco Meteor|p2b: Archaludon
|-activate|p2b: Archaludon|move: Protect
|
|-heal|p2b: Archaludon|83/100|[from] item: Leftovers
|-start|p1a: Swampert|perish2
|-start|p1b: Bridge|perish2
|-start|p2a: Incineroar|perish2
|upkeep
|turn|8
|
|t:|1783910275
|move|p1a: Swampert|Earthquake|p2a: Incineroar|[spread] p1b,p2a,p2b
|-supereffective|p1b: Bridge|1
|-supereffective|p2a: Incineroar|1
|-supereffective|p2b: Archaludon|1
|-damage|p1b: Bridge|31/100
|-damage|p2a: Incineroar|0 fnt
|-damage|p2b: Archaludon|37/100
|-ability|p1b: Bridge|Stamina|boost
|-boost|p1b: Bridge|def|1
|-ability|p2b: Archaludon|Stamina|boost
|-boost|p2b: Archaludon|def|1
|faint|p2a: Incineroar
|move|p2b: Archaludon|Dragon Pulse|p1b: Bridge
|-damage|p1b: Bridge|8/100
|-ability|p1b: Bridge|Stamina|boost
|-boost|p1b: Bridge|def|1
|move|p1b: Bridge|Draco Meteor|p2b: Archaludon|[miss]
|-miss|p1b: Bridge|p2b: Archaludon
|
|-heal|p2b: Archaludon|43/100|[from] item: Leftovers
|-start|p1a: Swampert|perish1
|-start|p1b: Bridge|perish1
|-sideend|p1: Ninjacoox|move: Light Screen
|upkeep
|turn|9
|c|â˜†Ninjacoox|thats bullshit
|c|â˜†TheParasectKing|o_o
|
|t:|1783910295
|move|p2b: Archaludon|Protect|p2b: Archaludon
|-singleturn|p2b: Archaludon|Protect
|move|p1a: Swampert|Wave Crash|p2b: Archaludon
|-activate|p2b: Archaludon|move: Protect
|move|p1b: Bridge|Draco Meteor|p2b: Archaludon
|-activate|p2b: Archaludon|move: Protect
|
|-heal|p2b: Archaludon|49/100|[from] item: Leftovers
|-start|p1a: Swampert|perish0
|-start|p1b: Bridge|perish0
|faint|p1a: Swampert
|faint|p1b: Bridge
|
|win|TheParasectKing
||TheParasectKing is ready for game 2.
|c|â˜†Ninjacoox|I LOST TO SPEED TIE???
|inactive|Ninjacoox has 30 seconds to confirm battle start!
||Ninjacoox is ready for game 2.
|uhtml|next|Next: Game 2 of 3
