|j|☆EATSOUL
|j|☆natsukivgc
|html|EATSOULnatsukivgc    
|uhtml|bestof|Game 2 of a best-of-3
|t:|1785415420
|gametype|doubles
|player|p1|EATSOUL|101|1186
|player|p2|natsukivgc|265|1150
|gen|9
|tier|[Gen 9 Champions] VGC 2026 Reg M-B (Bo3)
|rated|
|rule|Species Clause: Limit one of each Pokémon
|rule|Item Clause: Limit 1 of each item
|clearpoke
|poke|p1|Goodra-Hisui, L50, M|
|poke|p1|Pelipper, L50, F|
|poke|p1|Oranguru, L50, F|
|poke|p1|Grimmsnarl, L50, M|
|poke|p1|Golurk, L50|
|poke|p1|Snorlax, L50, M|
|poke|p2|Charizard, L50, M|
|poke|p2|Sneasler, L50, M|
|poke|p2|Kingambit, L50, M|
|poke|p2|Dragonite, L50, M|
|poke|p2|Floette-Eternal, L50, F|
|poke|p2|Whimsicott, L50, F|
|teampreview|4
|showteam|p1|Goodra-Hisui||Leftovers|SapSipper|GyroBall,FirePunch,Curse,Protect|Brave||M|||50|]Pelipper||LifeOrb|Drizzle|WeatherBall,Hurricane,HelpingHand,Protect|Quiet||F|||50|]Oranguru||MentalHerb|InnerFocus|Psychic,WonderRoom,TrickRoom,Instruct|Sassy||F|||50|]Grimmsnarl||BrightPowder|Prankster|SpiritBreak,PartingShot,FakeTears,Swagger|Sassy||M|||50|]Golurk||Golurkite|NoGuard|HammerArm,HeadlongRush,Poltergeist,Protect|Brave|||||50|]Snorlax||SitrusBerry|ThickFat|Curse,Fissure,LastResort|Impish||M|||50|
|showteam|p2|Charizard||CharizarditeY|Blaze|HeatWave,SolarBeam,WeatherBall,Protect|Modest||M|||50|]Sneasler||WhiteHerb|Unburden|CloseCombat,DireClaw,FakeOut,Coaching|Jolly||M|||50|]Kingambit||BlackGlasses|Defiant|KowtowCleave,SuckerPunch,SwordsDance,Protect|Adamant||M|||50|]Dragonite||LifeOrb|InnerFocus|DragonClaw,LowKick,ExtremeSpeed,Protect|Adamant||M|||50|]Floette-Eternal||Floettite|FlowerVeil|Moonblast,DazzlingGleam,LightofRuin,Protect|Modest||F|||50|]Whimsicott||FocusSash|Prankster|Moonblast,Tailwind,Encore,Protect|Timid||F|||50|
|
|t:|1785415438
|teamsize|p1|4
|teamsize|p2|4
|start
|switch|p1a: Goodra|Goodra-Hisui, L50, M|100/100
|switch|p1b: Oranguru|Oranguru, L50, F|100/100
|switch|p2a: Sneasler|Sneasler, L50, M|100/100
|switch|p2b: Charizard|Charizard, L50, M|100/100
|turn|1
|inactive|Battle timer is ON: inactive players will automatically lose when time's up. (requested by EATSOUL)
|
|t:|1785415457
|detailschange|p2b: Charizard|Charizard-Mega-Y, L50, M
|-mega|p2b: Charizard|Charizard|Charizardite Y
|-weather|SunnyDay|[from] ability: Drought|[of] p2b: Charizard
|move|p2a: Sneasler|Close Combat|p1a: Goodra
|-supereffective|p1a: Goodra|1
|-damage|p1a: Goodra|0 fnt
|-unboost|p2a: Sneasler|def|1
|-unboost|p2a: Sneasler|spd|1
|faint|p1a: Goodra
|-enditem|p2a: Sneasler|White Herb
|-clearnegativeboost|p2a: Sneasler|[silent]
|move|p2b: Charizard|Weather Ball|p1b: Oranguru
|-damage|p1b: Oranguru|34/100
|move|p1b: Oranguru|Trick Room|p1b: Oranguru
|-fieldstart|move: Trick Room|[of] p1b: Oranguru
|
|-weather|SunnyDay|[upkeep]
|upkeep
|
|t:|1785415475
|switch|p1a: Pelipper|Pelipper, L50, F|100/100
|-weather|RainDance|[from] ability: Drizzle|[of] p1a: Pelipper
|turn|2
|inactive|natsukivgc has 30 seconds left.
|inactive|natsukivgc has 20 seconds left.
|
|t:|1785415510
|switch|p2a: Kingambit|Kingambit, L50, M|100/100
|move|p2b: Charizard|Protect|p2b: Charizard
|-singleturn|p2b: Charizard|Protect
|move|p1b: Oranguru|Instruct||[still]
|-fail|p1b: Oranguru
|move|p1a: Pelipper|Hurricane|p2a: Kingambit
|-resisted|p2a: Kingambit|1
|-damage|p2a: Kingambit|74/100
|-start|p2a: Kingambit|confusion
|-damage|p1a: Pelipper|90/100|[from] item: Life Orb
|
|-weather|RainDance|[upkeep]
|upkeep
|turn|3
|inactive|natsukivgc has 30 seconds left.
|
|t:|1785415544
|-activate|p2a: Kingambit|confusion
|move|p2a: Kingambit|Kowtow Cleave|p1b: Oranguru
|-supereffective|p1b: Oranguru|1
|-damage|p1b: Oranguru|0 fnt
|faint|p1b: Oranguru
|move|p1a: Pelipper|Weather Ball|p2b: Charizard
|-supereffective|p2b: Charizard|1
|-damage|p2b: Charizard|0 fnt
|faint|p2b: Charizard
|-damage|p1a: Pelipper|80/100|[from] item: Life Orb
|
|-weather|RainDance|[upkeep]
|upkeep
|
|t:|1785415561
|switch|p1b: Golurk|Golurk, L50|100/100
|switch|p2b: Sneasler|Sneasler, L50, M|100/100
|turn|4
|
|t:|1785415585
|detailschange|p1b: Golurk|Golurk-Mega, L50
|-mega|p1b: Golurk|Golurk|Golurkite
|move|p2b: Sneasler|Fake Out|p1a: Pelipper
|-damage|p1a: Pelipper|65/100
|-activate|p2a: Kingambit|confusion
|move|p2a: Kingambit|Sucker Punch|p1b: Golurk
|-supereffective|p1b: Golurk|1
|-damage|p1b: Golurk|28/100
|move|p1b: Golurk|Hammer Arm|p2a: Kingambit
|-supereffective|p2a: Kingambit|2
|-damage|p2a: Kingambit|0 fnt
|-unboost|p1b: Golurk|spe|1
|faint|p2a: Kingambit
|cant|p1a: Pelipper|flinch
|
|-weather|RainDance|[upkeep]
|upkeep
|
|t:|1785415598
|switch|p2a: Dragonite|Dragonite, L50, M|100/100
|turn|5
|
|t:|1785415611
|move|p2a: Dragonite|Protect|p2a: Dragonite
|-singleturn|p2a: Dragonite|Protect
|move|p1b: Golurk|Poltergeist|p2a: Dragonite
|-activate|p2a: Dragonite|move: Protect
|move|p1a: Pelipper|Hurricane|p2b: Sneasler
|-supereffective|p2b: Sneasler|1
|-damage|p2b: Sneasler|0 fnt
|faint|p2b: Sneasler
|-damage|p1a: Pelipper|56/100|[from] item: Life Orb
|
|-weather|RainDance|[upkeep]
|-fieldend|move: Trick Room
|upkeep
|turn|6
|inactive|natsukivgc has 30 seconds left.
|l|☆EATSOUL
|inactive|EATSOUL disconnected and has a minute to reconnect!
|player|p1|
|
|t:|1785415645
|move|p2a: Dragonite|Dragon Claw|p1b: Golurk
|-damage|p1b: Golurk|0 fnt
|faint|p1b: Golurk
|-damage|p2a: Dragonite|90/100|[from] item: Life Orb
|move|p1a: Pelipper|Hurricane|p2a: Dragonite
|-damage|p2a: Dragonite|30/100
|-start|p2a: Dragonite|confusion
|-damage|p1a: Pelipper|46/100|[from] item: Life Orb
|
|-weather|none
|upkeep
|turn|7
|inactive|EATSOUL has 30 seconds left.
|inactive|EATSOUL has 20 seconds left.
|inactive|EATSOUL has 15 seconds left.
|inactive|EATSOUL has 10 seconds left.
|inactive|EATSOUL has 5 seconds left.
|-message|EATSOUL lost due to inactivity.
|
|win|natsukivgc
|raw|EATSOUL's rating: 1186 → 1158(-28 for losing)
|raw|natsukivgc's rating: 1150 → 1178(+28 for winning)
