|j|☆new mental
|j|☆thaduck
|html|new mentalthaduck    
|uhtml|bestof|Game 3 of a best-of-3
|t:|1785680589
|gametype|doubles
|player|p1|new mental|volkner|1372
|player|p2|thaduck|ghetsis|1344
|gen|9
|tier|[Gen 9 Champions] VGC 2026 Reg M-B (Bo3)
|rated|
|rule|Species Clause: Limit one of each Pokémon
|rule|Item Clause: Limit 1 of each item
|clearpoke
|poke|p1|Charizard, L50, M|
|poke|p1|Garchomp, L50, M|
|poke|p1|Incineroar, L50, F|
|poke|p1|Venusaur, L50, F|
|poke|p1|Toxapex, L50, M|
|poke|p1|Sylveon, L50, M|
|poke|p2|Staraptor, L50, F|
|poke|p2|Arcanine-Hisui, L50, F|
|poke|p2|Kingambit, L50, F|
|poke|p2|Raichu, L50, M|
|poke|p2|Farigiraf, L50, F|
|poke|p2|Sylveon, L50, M|
|teampreview|4
|showteam|p1|Charizard||CharizarditeY|Blaze|WeatherBall,HeatWave,AncientPower,Protect|Modest||M|||50|]Garchomp||ChoiceScarf|RoughSkin|RockSlide,DragonClaw,Earthquake,StompingTantrum|Adamant||M|||50|]Incineroar||SitrusBerry|Intimidate|FlareBlitz,FakeOut,DarkestLariat,PartingShot|Impish||F|||50|]Venusaur||LifeOrb|Chlorophyll|SludgeBomb,LeafStorm,EarthPower,Protect|Modest||F|||50|]Toxapex||Leftovers|Regenerator|Infestation,Toxic,WideGuard,BanefulBunker|Bold||M|||50|]Sylveon||FairyFeather|Pixilate|HyperVoice,QuickAttack,Yawn,Detect|Modest||M|||50|
|showteam|p2|Staraptor||Staraptite|Intimidate|DualWingbeat,CloseCombat,Tailwind,Protect|Jolly||F|||50|]Arcanine-Hisui||FocusSash|RockHead|FlareBlitz,HeadSmash,ExtremeSpeed,Protect|Jolly||F|||50|]Kingambit||LifeOrb|Defiant|KowtowCleave,SuckerPunch,SwordsDance,Protect|Adamant||F|||50|]Raichu||RaichuniteY|LightningRod|ZapCannon,FocusBlast,FakeOut,Protect|Timid||M|||50|]Farigiraf||SitrusBerry|ArmorTail|Psychic,HelpingHand,TrickRoom,Protect|Calm||F|||50|]Sylveon||FairyFeather|Pixilate|HyperVoice,HyperBeam,QuickAttack,Detect|Modest||M|||50|
|
|t:|1785680622
|teamsize|p1|4
|teamsize|p2|4
|start
|switch|p1a: Toxapex|Toxapex, L50, M|100/100
|switch|p1b: Sylveon|Sylveon, L50, M|100/100
|switch|p2a: Sylveon|Sylveon, L50, M|100/100
|switch|p2b: Arcanine|Arcanine-Hisui, L50, F|100/100
|turn|1
|
|t:|1785680630
|move|p2b: Arcanine|Flare Blitz|p1b: Sylveon
|-damage|p1b: Sylveon|45/100
|-status|p1b: Sylveon|brn
|move|p2a: Sylveon|Hyper Voice|p1b: Sylveon|[spread] p1a,p1b
|-resisted|p1a: Toxapex|1
|-damage|p1a: Toxapex|82/100
|-damage|p1b: Sylveon|13/100 brn
|move|p1b: Sylveon|Hyper Voice|p2a: Sylveon|[spread] p2a,p2b
|-resisted|p2b: Arcanine|1
|-damage|p2a: Sylveon|71/100
|-damage|p2b: Arcanine|72/100
|move|p1a: Toxapex|Toxic|p2b: Arcanine
|-status|p2b: Arcanine|tox
|
|-heal|p1a: Toxapex|87/100|[from] item: Leftovers
|-damage|p2b: Arcanine|66/100 tox|[from] psn
|-damage|p1b: Sylveon|7/100 brn|[from] brn
|upkeep
|turn|2
|
|t:|1785680650
|move|p1b: Sylveon|Quick Attack|p2b: Arcanine
|-resisted|p2b: Arcanine|1
|-damage|p2b: Arcanine|62/100 tox
|move|p2a: Sylveon|Quick Attack|p1b: Sylveon
|-damage|p1b: Sylveon|0 fnt
|faint|p1b: Sylveon
|move|p2b: Arcanine|Head Smash|p1a: Toxapex
|-damage|p1a: Toxapex|39/100
|move|p1a: Toxapex|Toxic|p2a: Sylveon
|-status|p2a: Sylveon|tox
|
|-heal|p1a: Toxapex|45/100|[from] item: Leftovers
|-damage|p2b: Arcanine|50/100g tox|[from] psn
|-damage|p2a: Sylveon|65/100 tox|[from] psn
|upkeep
|
|t:|1785680657
|switch|p1b: Charizard|Charizard, L50, M|100/100
|turn|3
|
|t:|1785680670
|detailschange|p1b: Charizard|Charizard-Mega-Y, L50, M
|-mega|p1b: Charizard|Charizard|Charizardite Y
|-weather|SunnyDay|[from] ability: Drought|[of] p1b: Charizard
|move|p1b: Charizard|Protect|p1b: Charizard
|-singleturn|p1b: Charizard|Protect
|move|p2b: Arcanine|Head Smash|p1b: Charizard
|-activate|p1b: Charizard|move: Protect
|move|p2a: Sylveon|Hyper Voice|p1a: Toxapex|[spread] p1a
|-activate|p1b: Charizard|move: Protect
|-resisted|p1a: Toxapex|1
|-damage|p1a: Toxapex|26/100
|move|p1a: Toxapex|Infestation|p2a: Sylveon
|-resisted|p2a: Sylveon|1
|-damage|p2a: Sylveon|64/100 tox
|-activate|p2a: Sylveon|move: Infestation|[of] p1a: Toxapex
|
|-weather|SunnyDay|[upkeep]
|-heal|p1a: Toxapex|31/100|[from] item: Leftovers
|-damage|p2b: Arcanine|33/100 tox|[from] psn
|-damage|p2a: Sylveon|52/100 tox|[from] psn
|-damage|p2a: Sylveon|40/100 tox|[from] move: Infestation|[partiallytrapped]
|upkeep
|turn|4
|
|t:|1785680689
|switch|p1b: Garchomp|Garchomp, L50, M|100/100
|move|p1a: Toxapex|Wide Guard|p1a: Toxapex
|-singleturn|p1a: Toxapex|Wide Guard
|move|p2b: Arcanine|Head Smash|p1b: Garchomp
|-resisted|p1b: Garchomp|1
|-damage|p1b: Garchomp|65/100
|-damage|p2b: Arcanine|20/100y tox|[from] ability: Rough Skin|[of] p1b: Garchomp
|move|p2a: Sylveon|Hyper Beam|p1b: Garchomp
|-supereffective|p1b: Garchomp|1
|-damage|p1b: Garchomp|0 fnt
|-mustrecharge|p2a: Sylveon
|faint|p1b: Garchomp
|
|-weather|SunnyDay|[upkeep]
|-heal|p1a: Toxapex|37/100|[from] item: Leftovers
|-damage|p2b: Arcanine|0 fnt|[from] psn
|faint|p2b: Arcanine
|-damage|p2a: Sylveon|22/100 tox|[from] psn
|-damage|p2a: Sylveon|9/100 tox|[from] move: Infestation|[partiallytrapped]
|upkeep
|
|t:|1785680696
|switch|p2b: Staraptor|Staraptor, L50, F|100/100
|switch|p1b: Charizard|Charizard-Mega-Y, L50, M|100/100
|-ability|p2b: Staraptor|Intimidate|boost
|-unboost|p1a: Toxapex|atk|1
|-unboost|p1b: Charizard|atk|1
|turn|5
|
|t:|1785680701
|detailschange|p2b: Staraptor|Staraptor-Mega, L50, F
|-mega|p2b: Staraptor|Staraptor|Staraptite
|move|p2b: Staraptor|Protect|p2b: Staraptor
|-singleturn|p2b: Staraptor|Protect
|move|p1b: Charizard|Heat Wave|p2b: Staraptor|[spread] p2a
|-activate|p2b: Staraptor|move: Protect
|-damage|p2a: Sylveon|0 fnt
|faint|p2a: Sylveon
|move|p1a: Toxapex|Toxic|p2b: Staraptor
|-activate|p2b: Staraptor|move: Protect
|
|-weather|SunnyDay|[upkeep]
|-heal|p1a: Toxapex|43/100|[from] item: Leftovers
|upkeep
|
|t:|1785680703
|switch|p2a: Farigiraf|Farigiraf, L50, F|100/100
|turn|6
|
|t:|1785680716
|move|p2b: Staraptor|Close Combat|p1b: Charizard
|-resisted|p1b: Charizard|1
|-damage|p1b: Charizard|62/100
|-boost|p2b: Staraptor|def|1
|-boost|p2b: Staraptor|spd|1
|move|p1b: Charizard|Heat Wave|p2a: Farigiraf|[spread] p2a,p2b
|-damage|p2a: Farigiraf|48/100
|-damage|p2b: Staraptor|53/100
|-enditem|p2a: Farigiraf|Sitrus Berry|[eat]
|-heal|p2a: Farigiraf|73/100|[from] item: Sitrus Berry
|move|p2a: Farigiraf|Psychic|p1a: Toxapex
|-supereffective|p1a: Toxapex|1
|-damage|p1a: Toxapex|0 fnt
|faint|p1a: Toxapex
|
|-weather|SunnyDay|[upkeep]
|upkeep
|turn|7
|
|t:|1785680732
|move|p2b: Staraptor|Close Combat|p1b: Charizard
|-resisted|p1b: Charizard|1
|-damage|p1b: Charizard|23/100
|-boost|p2b: Staraptor|def|1
|-boost|p2b: Staraptor|spd|1
|move|p1b: Charizard|Heat Wave|p2a: Farigiraf|[spread] p2a,p2b
|-damage|p2a: Farigiraf|21/100
|-damage|p2b: Staraptor|17/100
|move|p2a: Farigiraf|Psychic|p1b: Charizard
|-damage|p1b: Charizard|0 fnt
|faint|p1b: Charizard
|
|win|thaduck
|raw|new mental's rating: 1372 → 1350(-22 for losing)
|raw|thaduck's rating: 1344 → 1366(+22 for winning)
