|j|☆PablixXHD
|j|☆Matiublanco
|html|PablixXHDMatiublanco    
|uhtml|bestof|Game 1 of a best-of-3
|t:|1785879106
|gametype|doubles
|player|p1|PablixXHD|101|1138
|player|p2|Matiublanco|266|1059
|gen|9
|tier|[Gen 9 Champions] VGC 2026 Reg M-B (Bo3)
|rated|
|rule|Species Clause: Limit one of each Pokémon
|rule|Item Clause: Limit 1 of each item
|clearpoke
|poke|p1|Staraptor, L50, M|
|poke|p1|Raichu, L50, M|
|poke|p1|Sylveon, L50, F, shiny|
|poke|p1|Farigiraf, L50, F, shiny|
|poke|p1|Arcanine-Hisui, L50, M|
|poke|p1|Kingambit, L50, F|
|poke|p2|Sylveon, L50, F|
|poke|p2|Aerodactyl, L50, M|
|poke|p2|Metagross, L50, shiny|
|poke|p2|Incineroar, L50, F|
|poke|p2|Charizard, L50, F|
|poke|p2|Garchomp, L50, M|
|teampreview|4
|showteam|p1|Staraptor||Staraptite|Intimidate|Tailwind,Protect,CloseCombat,DualWingbeat|Jolly||M|||50|]Raichu||RaichuniteY|LightningRod|FakeOut,ZapCannon,FocusBlast,Protect|Timid||M|||50|]Sylveon||FairyFeather|Pixilate|Detect,HyperVoice,QuickAttack,HyperBeam|Modest||F|||50|]Farigiraf||SitrusBerry|ArmorTail|Psychic,TrickRoom,HelpingHand,Protect|Calm||F|||50|]Arcanine-Hisui||FocusSash|RockHead|Protect,ExtremeSpeed,HeadSmash,FlareBlitz|Jolly||M|||50|]Kingambit||LifeOrb|Defiant|Protect,KowtowCleave,SwordsDance,SuckerPunch|Adamant||F|||50|
|showteam|p2|Sylveon||FairyFeather|Pixilate|Detect,HyperVoice,HyperBeam,QuickAttack|Modest||F|||50|]Aerodactyl||FocusSash|Unnerve|Protect,RockSlide,DualWingbeat,Tailwind|Jolly||M|||50|]Metagross||Metagrossite|ClearBody|Protect,PsychicFangs,BulletPunch,BodyPress|Adamant|||||50|]Incineroar||SitrusBerry|Intimidate|DarkestLariat,FakeOut,PartingShot,FlareBlitz|Careful||F|||50|]Charizard||CharizarditeY|Blaze|Protect,HeatWave,SolarBeam,WeatherBall|Modest||F|||50|]Garchomp||LifeOrb|RoughSkin|Protect,RockSlide,Earthquake,DragonClaw|Jolly||M|||50|
|inactive|Battle timer is ON: inactive players will automatically lose when time's up. (requested by PablixXHD)
|inactive|PablixXHD has 60 seconds left.
|inactive|Matiublanco has 60 seconds left.
|inactive|PablixXHD has 30 seconds left.
|
|t:|1785879175
|teamsize|p1|4
|teamsize|p2|4
|start
|switch|p1a: Staraptor|Staraptor, L50, M|100/100
|switch|p1b: Arcanine|Arcanine-Hisui, L50, M|100/100
|switch|p2a: Aerodactyl|Aerodactyl, L50, M|100/100
|switch|p2b: Garchomp|Garchomp, L50, M|100/100
|-ability|p2a: Aerodactyl|Unnerve
|-ability|p1a: Staraptor|Intimidate|boost
|-unboost|p2a: Aerodactyl|atk|1
|-unboost|p2b: Garchomp|atk|1
|turn|1
|inactive|PablixXHD has 30 seconds left.
|
|t:|1785879203
|switch|p2a: Sylveon|Sylveon, L50, F|100/100
|detailschange|p1a: Staraptor|Staraptor-Mega, L50, M
|-mega|p1a: Staraptor|Staraptor|Staraptite
|move|p1b: Arcanine|Extreme Speed|p2a: Sylveon
|-damage|p2a: Sylveon|69/100
|move|p1a: Staraptor|Close Combat|p2a: Sylveon
|-resisted|p2a: Sylveon|1
|-damage|p2a: Sylveon|37/100
|-boost|p1a: Staraptor|def|1
|-boost|p1a: Staraptor|spd|1
|move|p2b: Garchomp|Rock Slide|p1a: Staraptor|[spread] p1a,p1b
|-supereffective|p1b: Arcanine|1
|-damage|p1a: Staraptor|89/100
|-damage|p1b: Arcanine|57/100
|-damage|p2b: Garchomp|90/100|[from] item: Life Orb
|
|upkeep
|turn|2
|inactive|PablixXHD has 30 seconds left.
|inactive|Matiublanco has 30 seconds left.
|
|t:|1785879236
|move|p1a: Staraptor|Close Combat|p2b: Garchomp
|-damage|p2b: Garchomp|32/100
|-boost|p1a: Staraptor|def|1
|-boost|p1a: Staraptor|spd|1
|-damage|p1a: Staraptor|76/100|[from] ability: Rough Skin|[of] p2b: Garchomp
|move|p2b: Garchomp|Rock Slide|p1a: Staraptor|[spread] p1a,p1b
|-supereffective|p1b: Arcanine|1
|-damage|p1a: Staraptor|69/100
|-damage|p1b: Arcanine|18/100
|-damage|p2b: Garchomp|22/100|[from] item: Life Orb
|move|p1b: Arcanine|Flare Blitz|p2a: Sylveon
|-damage|p2a: Sylveon|0 fnt
|faint|p2a: Sylveon
|
|upkeep
|
|t:|1785879250
|switch|p2a: Metagross|Metagross, L50, shiny|100/100
|turn|3
|
|t:|1785879272
|detailschange|p2a: Metagross|Metagross-Mega, L50, shiny
|-mega|p2a: Metagross|Metagross|Metagrossite
|move|p1b: Arcanine|Protect|p1b: Arcanine
|-singleturn|p1b: Arcanine|Protect
|move|p1a: Staraptor|Tailwind|p1a: Staraptor
|-sidestart|p1: PablixXHD|move: Tailwind
|move|p2b: Garchomp|Rock Slide|p1a: Staraptor|[spread] 
|-activate|p1b: Arcanine|move: Protect
|-miss|p2b: Garchomp|p1a: Staraptor
|move|p2a: Metagross|Psychic Fangs|p1a: Staraptor
|-supereffective|p1a: Staraptor|1
|-damage|p1a: Staraptor|7/100
|
|upkeep
|turn|4
|
|t:|1785879292
|move|p2a: Metagross|Bullet Punch|p1a: Staraptor
|-damage|p1a: Staraptor|0 fnt
|faint|p1a: Staraptor
|move|p1b: Arcanine|Flare Blitz|p2a: Metagross
|-supereffective|p2a: Metagross|1
|-damage|p2a: Metagross|14/100
|move|p2b: Garchomp|Dragon Claw|p1b: Arcanine
|-damage|p1b: Arcanine|0 fnt
|faint|p1b: Arcanine
|-damage|p2b: Garchomp|13/100|[from] item: Life Orb
|
|upkeep
|
|t:|1785879300
|switch|p1a: Kingambit|Kingambit, L50, F|100/100
|switch|p1b: Farigiraf|Farigiraf, L50, F, shiny|100/100
|turn|5
|inactive|PablixXHD has 30 seconds left.
|inactive|PablixXHD has 20 seconds left.
|
|t:|1785879336
|move|p2a: Metagross|Protect|p2a: Metagross
|-singleturn|p2a: Metagross|Protect
|move|p1a: Kingambit|Sucker Punch||[still]
|-fail|p1a: Kingambit
|move|p2b: Garchomp|Earthquake|p1a: Kingambit|[spread] p1a,p1b
|-activate|p2a: Metagross|move: Protect
|-supereffective|p1a: Kingambit|1
|-damage|p1a: Kingambit|49/100
|-damage|p1b: Farigiraf|72/100
|-damage|p2b: Garchomp|3/100|[from] item: Life Orb
|move|p1b: Farigiraf|Psychic|p2b: Garchomp
|-damage|p2b: Garchomp|0 fnt
|faint|p2b: Garchomp
|
|upkeep
|
|t:|1785879347
|switch|p2b: Aerodactyl|Aerodactyl, L50, M|100/100
|-ability|p2b: Aerodactyl|Unnerve
|turn|6
|
|t:|1785879358
|move|p1a: Kingambit|Protect|p1a: Kingambit
|-singleturn|p1a: Kingambit|Protect
|move|p2b: Aerodactyl|Tailwind|p2b: Aerodactyl
|-sidestart|p2: Matiublanco|move: Tailwind
|move|p2a: Metagross|Body Press|p1a: Kingambit
|-activate|p1a: Kingambit|move: Protect
|move|p1b: Farigiraf|Trick Room|p1b: Farigiraf
|-fieldstart|move: Trick Room|[of] p1b: Farigiraf
|
|-sideend|p1: PablixXHD|move: Tailwind
|upkeep
|turn|7
|
|t:|1785879383
|move|p1a: Kingambit|Kowtow Cleave|p2a: Metagross
|-supereffective|p2a: Metagross|1
|-damage|p2a: Metagross|0 fnt
|faint|p2a: Metagross
|-damage|p1a: Kingambit|40/100|[from] item: Life Orb
|move|p1b: Farigiraf|Psychic|p2b: Aerodactyl
|-damage|p2b: Aerodactyl|51/100
|move|p2b: Aerodactyl|Dual Wingbeat|p1b: Farigiraf
|-damage|p1b: Farigiraf|55/100
|-damage|p1b: Farigiraf|38/100
|-hitcount|p1b: Farigiraf|2
|
|upkeep
|turn|8
|-message|Matiublanco forfeited.
|
|win|PablixXHD
