|j|☆Welosethose!
|j|☆TheLackluster7
|html|Welosethose!TheLackluster7    
|uhtml|bestof|Game 1 of a best-of-3
|t:|1756756727
|gametype|doubles
|player|p1|Welosethose!|hilbert|1148
|player|p2|TheLackluster7|juggler|1128
|gen|9
|tier|[Gen 9] VGC 2025 Reg H (Bo3)
|rated|
|rule|Species Clause: Limit one of each Pokémon
|rule|Item Clause: Limit 1 of each item
|clearpoke
|poke|p1|Politoed, L50, F|
|poke|p1|Gothitelle, L50, F|
|poke|p1|Kingdra, L50, F|
|poke|p1|Archaludon, L50, F|
|poke|p1|Amoonguss, L50, M|
|poke|p1|Incineroar, L50, F|
|poke|p2|Indeedee-F, L50, F|
|poke|p2|Armarouge, L50, F|
|poke|p2|Zoroark-Hisui, L50, F|
|poke|p2|Sneasler, L50, M|
|poke|p2|Ursaluna-Bloodmoon, L50, M|
|poke|p2|Abomasnow, L50, F|
|teampreview|4
|showteam|p1|Politoed||Leftovers|Drizzle|WeatherBall,Encore,PerishSong,Protect|||F|||50|,,,,,Grass]Gothitelle||SitrusBerry|ShadowTag|FakeOut,Psychic,TrickRoom,Protect|||F|||50|,,,,,Dark]Kingdra||LifeOrb|SwiftSwim|WeatherBall,MuddyWater,DracoMeteor,Protect|||F|||50|,,,,,Stellar]Archaludon||PowerHerb|Sturdy|ElectroShot,FlashCannon,DragonPulse,Protect|||F|||50|,,,,,Electric]Amoonguss||EjectButton|Regenerator|PollenPuff,Spore,RagePowder,Protect|||M|||50|,,,,,Fairy]Incineroar||SafetyGoggles|Intimidate|FakeOut,KnockOff,PartingShot,Protect|||F|||50|,,,,,Ghost
|showteam|p2|Indeedee-F||MentalHerb|PsychicSurge|TeraBlast,CalmMind,FollowMe,TrickRoom|||F|||50|,,,,,Steel]Armarouge||LifeOrb|FlashFire|ArmorCannon,ExpandingForce,AuraSphere,Protect|||F|||50|,,,,,Grass]Zoroark-Hisui||FocusSash|Illusion|NastyPlot,HyperVoice,ShadowBall,IcyWind|||F|||50|,,,,,Stellar]Sneasler||PsychicSeed|Unburden|ThroatChop,DireClaw,CloseCombat,Protect|||M|||50|,,,,,Dark]Ursaluna-Bloodmoon||AssaultVest|MindsEye|HyperVoice,BloodMoon,EarthPower,VacuumWave|||M|||50|,,,,,Normal]Abomasnow||SitrusBerry|SnowWarning|EarthPower,Blizzard,GigaDrain,Protect|||F|||50|,,,,,Grass
|c|☆Welosethose!|glhf
|
|t:|1756756812
|teamsize|p1|4
|teamsize|p2|4
|start
|switch|p1a: Gothitelle|Gothitelle, L50, F|100/100
|switch|p1b: Kingdra|Kingdra, L50, F|100/100
|switch|p2a: Armarouge|Armarouge, L50, F|100/100
|switch|p2b: Ursaluna|Ursaluna-Bloodmoon, L50, M|100/100
|turn|1
|c|☆TheLackluster7|glhf
|
|t:|1756756853
|-terastallize|p2b: Ursaluna|Normal
|move|p1a: Gothitelle|Fake Out|p2b: Ursaluna
|-damage|p2b: Ursaluna|95/100
|move|p2a: Armarouge|Shadow Ball|p1a: Gothitelle
|-supereffective|p1a: Gothitelle
|-damage|p1a: Gothitelle|35/100
|-enditem|p1a: Gothitelle|Sitrus Berry|[eat]
|-heal|p1a: Gothitelle|60/100|[from] item: Sitrus Berry
|move|p1b: Kingdra|Muddy Water|p2b: Ursaluna|[spread] p2a,p2b
|-damage|p2a: Armarouge|23/100
|-damage|p2b: Ursaluna|66/100
|replace|p2a: Zoroark|Zoroark-Hisui, L50, F
|-end|p2a: Zoroark|Illusion
|-damage|p1b: Kingdra|91/100|[from] item: Life Orb
|cant|p2b: Ursaluna|flinch
|
|upkeep
|turn|2
|
|t:|1756756888
|-terastallize|p1a: Gothitelle|Dark
|move|p2a: Zoroark|Icy Wind|p1a: Gothitelle|[spread] p1a,p1b
|-damage|p1a: Gothitelle|48/100
|-damage|p1b: Kingdra|73/100
|-unboost|p1a: Gothitelle|spe|1
|-unboost|p1b: Kingdra|spe|1
|move|p1b: Kingdra|Draco Meteor|p2b: Ursaluna
|-damage|p2b: Ursaluna|9/100
|-unboost|p1b: Kingdra|spa|2
|-damage|p1b: Kingdra|63/100|[from] item: Life Orb
|move|p2b: Ursaluna|Hyper Voice|p1a: Gothitelle|[spread] p1a,p1b
|-damage|p1a: Gothitelle|10/100
|-damage|p1b: Kingdra|3/100
|move|p1a: Gothitelle|Psychic|p2a: Zoroark
|-damage|p2a: Zoroark|0 fnt
|faint|p2a: Zoroark
|
|upkeep
|
|t:|1756756907
|switch|p2a: Indeedee|Indeedee-F, L50, F|100/100
|-fieldstart|move: Psychic Terrain|[from] ability: Psychic Surge|[of] p2a: Indeedee
|turn|3
|
|t:|1756756940
|switch|p1b: Incineroar|Incineroar, L50, F|100/100
|-ability|p1b: Incineroar|Intimidate|boost
|-unboost|p2a: Indeedee|atk|1
|-unboost|p2b: Ursaluna|atk|1
|move|p1a: Gothitelle|Protect|p1a: Gothitelle
|-singleturn|p1a: Gothitelle|Protect
|move|p2a: Indeedee|Tera Blast|p1b: Incineroar
|-damage|p1b: Incineroar|81/100
|move|p2b: Ursaluna|Hyper Voice|p1a: Gothitelle|[spread] p1b
|-activate|p1a: Gothitelle|move: Protect
|-crit|p1b: Incineroar
|-damage|p1b: Incineroar|22/100
|
|upkeep
|turn|4
|
|t:|1756756960
|move|p2a: Indeedee|Tera Blast|p1b: Incineroar
|-damage|p1b: Incineroar|4/100
|move|p1b: Incineroar|Knock Off|p2b: Ursaluna
|-damage|p2b: Ursaluna|0 fnt
|-enditem|p2b: Ursaluna|Assault Vest|[from] move: Knock Off|[of] p1b: Incineroar
|faint|p2b: Ursaluna
|move|p1a: Gothitelle|Psychic|p2a: Indeedee
|-resisted|p2a: Indeedee
|-damage|p2a: Indeedee|80/100
|
|upkeep
|
|t:|1756756969
|switch|p2b: Armarouge|Armarouge, L50, F|100/100
|turn|5
|
|t:|1756757012
|move|p1b: Incineroar|Protect|p1b: Incineroar
|-singleturn|p1b: Incineroar|Protect
|move|p1a: Gothitelle|Protect|p1a: Gothitelle
|-singleturn|p1a: Gothitelle|Protect
|move|p2b: Armarouge|Aura Sphere|p1a: Gothitelle
|-activate|p1a: Gothitelle|move: Protect
|move|p2a: Indeedee|Tera Blast|p1b: Incineroar
|-activate|p1b: Incineroar|move: Protect
|
|upkeep
|turn|6
|
|t:|1756757024
|switch|p1a: Politoed|Politoed, L50, F|100/100
|-weather|RainDance|[from] ability: Drizzle|[of] p1a: Politoed
|move|p2b: Armarouge|Aura Sphere|p1b: Incineroar
|-supereffective|p1b: Incineroar
|-damage|p1b: Incineroar|0 fnt
|faint|p1b: Incineroar
|-damage|p2b: Armarouge|91/100|[from] item: Life Orb
|move|p2a: Indeedee|Calm Mind|p2a: Indeedee
|-boost|p2a: Indeedee|spa|1
|-boost|p2a: Indeedee|spd|1
|
|-weather|RainDance|[upkeep]
|upkeep
|
|t:|1756757032
|switch|p1b: Kingdra|Kingdra, L50, F|3/100
|turn|7
|
|t:|1756757054
|move|p1b: Kingdra|Protect|p1b: Kingdra
|-singleturn|p1b: Kingdra|Protect
|move|p2b: Armarouge|Protect|p2b: Armarouge
|-singleturn|p2b: Armarouge|Protect
|move|p1a: Politoed|Encore|p2b: Armarouge
|-activate|p2b: Armarouge|move: Protect
|move|p2a: Indeedee|Tera Blast|p1b: Kingdra
|-activate|p1b: Kingdra|move: Protect
|
|-weather|RainDance|[upkeep]
|-fieldend|move: Psychic Terrain
|upkeep
|turn|8
|
|t:|1756757073
|move|p2b: Armarouge|Protect||[still]
|-fail|p2b: Armarouge
|move|p1b: Kingdra|Weather Ball|p2b: Armarouge
|-supereffective|p2b: Armarouge
|-damage|p2b: Armarouge|0 fnt
|faint|p2b: Armarouge
|-damage|p1b: Kingdra|0 fnt|[from] item: Life Orb
|faint|p1b: Kingdra
|move|p1a: Politoed|Perish Song|p1a: Politoed
|-start|p1a: Politoed|perish3|[silent]
|-start|p2a: Indeedee|perish3|[silent]
|-fieldactivate|move: Perish Song
|move|p2a: Indeedee|Tera Blast|p1a: Politoed
|-damage|p1a: Politoed|69/100
|
|-weather|RainDance|[upkeep]
|-heal|p1a: Politoed|75/100|[from] item: Leftovers
|-start|p2a: Indeedee|perish3
|-start|p1a: Politoed|perish3
|upkeep
|
|t:|1756757084
|switch|p1b: Gothitelle|Gothitelle, L50, F, tera:Dark|10/100
|turn|9
|-message|TheLackluster7 forfeited.
|
|win|Welosethose!
||Welosethose! is ready for game 2.
||TheLackluster7 is ready for game 2.
|uhtml|next|Next: Game 2 of 3
|l|☆TheLackluster7
|player|p2|
