|j|‽500Cake
|j|☆Mahdrescher
|html|500CakeMahdrescher    
|uhtml|bestof|Game 3 of a best-of-3
|t:|1755383378
|gametype|doubles
|player|p1|500Cake|2|1255
|player|p2|Mahdrescher|169|1332
|gen|9
|tier|[Gen 9] VGC 2025 Reg H (Bo3)
|rated|
|rule|Species Clause: Limit one of each Pokémon
|rule|Item Clause: Limit 1 of each item
|clearpoke
|poke|p1|Typhlosion-Hisui, L50, F|
|poke|p1|Garchomp, L50, F|
|poke|p1|Murkrow, L50, F|
|poke|p1|Indeedee, L50, M|
|poke|p1|Weezing-Galar, L50, M|
|poke|p1|Maushold, L50|
|poke|p2|Rillaboom, L50, F|
|poke|p2|Electabuzz, L50, M|
|poke|p2|Archaludon, L50, M|
|poke|p2|Kingambit, L50, M|
|poke|p2|Pelipper, L50, M|
|poke|p2|Basculegion, L50, M|
|teampreview|4
|showteam|p1|Typhlosion-Hisui||Charcoal|Blaze|Eruption,HeatWave,Protect,ShadowBall|||F|||50|,,,,,Fire]Garchomp||LifeOrb|RoughSkin|Protect,Earthquake,StompingTantrum,DragonClaw|||F|||50|,,,,,Fairy]Murkrow||Eviolite|Prankster|Tailwind,SunnyDay,Haze,FoulPlay|||F|||50|,,,,,Ghost]Indeedee||FocusSash|PsychicSurge|TeraBlast,Imprison,ExpandingForce,TrickRoom|||M|||50|,,,,,Fighting]Weezing-Galar||Leftovers|NeutralizingGas|StrangeSteam,Taunt,SludgeBomb,Protect|||M|||50|,,,,,Ghost]Maushold||WideLens|Technician|PopulationBomb,Protect,Taunt,FollowMe||||||50|,,,,,Normal
|showteam|p2|Rillaboom||LoadedDice|GrassySurge|BulletSeed,GrassyGlide,HighHorsepower,FakeOut|||F|||50|,,,,,Fire]Electabuzz||Eviolite|VitalSpirit|Electroweb,Taunt,FollowMe,Protect|||M|||50|,,,,,Ghost]Archaludon||AssaultVest|Stamina|ElectroShot,BodyPress,FlashCannon,DragonPulse|||M|||50|,,,,,Bug]Kingambit||BlackGlasses|Defiant|KowtowCleave,SuckerPunch,SwordsDance,Protect|||M|||50|,,,,,Dark]Pelipper||FocusSash|Drizzle|WeatherBall,Hurricane,Tailwind,Protect|||M|||50|,,,,,Ghost]Basculegion||ChoiceBand|SwiftSwim|WaveCrash,AquaJet,FlipTurn,LastRespects|||M|||50|,,,,,Grass
|
|t:|1755383405
|teamsize|p1|4
|teamsize|p2|4
|start
|switch|p1a: Murkrow|Murkrow, L50, F, shiny|100/100
|switch|p1b: Typhlosion|Typhlosion-Hisui, L50, F, shiny|100/100
|switch|p2a: Gaia|Rillaboom, L50, F|100/100
|switch|p2b: Ares|Kingambit, L50, M|100/100
|-fieldstart|move: Grassy Terrain|[from] ability: Grassy Surge|[of] p2a: Gaia
|turn|1
|
|t:|1755383448
|-terastallize|p2a: Gaia|Fire
|move|p1b: Typhlosion|Protect|p1b: Typhlosion
|-singleturn|p1b: Typhlosion|Protect
|move|p2b: Ares|Protect|p2b: Ares
|-singleturn|p2b: Ares|Protect
|move|p1a: Murkrow|Tailwind|p1a: Murkrow
|-sidestart|p1: 500Cake|move: Tailwind
|move|p2a: Gaia|High Horsepower|p1b: Typhlosion
|-activate|p1b: Typhlosion|move: Protect
|
|upkeep
|turn|2
|
|t:|1755383503
|switch|p1b: Garchomp|Garchomp, L50, F, shiny|100/100
|switch|p2b: Ikarus|Pelipper, L50, M|100/100
|-weather|RainDance|[from] ability: Drizzle|[of] p2b: Ikarus
|move|p1a: Murkrow|Foul Play|p2a: Gaia
|-damage|p2a: Gaia|53/100
|move|p2a: Gaia|High Horsepower|p1b: Garchomp
|-damage|p1b: Garchomp|64/100
|-damage|p2a: Gaia|41/100|[from] ability: Rough Skin|[of] p1b: Garchomp
|
|-weather|RainDance|[upkeep]
|-heal|p1b: Garchomp|70/100|[from] Grassy Terrain
|-heal|p2a: Gaia|46/100|[from] Grassy Terrain
|upkeep
|turn|3
|inactive|Battle timer is ON: inactive players will automatically lose when time's up. (requested by 500Cake)
|
|t:|1755383608
|switch|p2b: Ares|Kingambit, L50, M|100/100
|move|p1a: Murkrow|Sunny Day|p1a: Murkrow
|-weather|SunnyDay
|move|p2a: Gaia|Grassy Glide|p1b: Garchomp
|-damage|p1b: Garchomp|30/100
|-damage|p2a: Gaia|34/100|[from] ability: Rough Skin|[of] p1b: Garchomp
|move|p1b: Garchomp|Earthquake|p2b: Ares|[spread] p2a,p2b
|-immune|p1a: Murkrow
|-supereffective|p2a: Gaia
|-supereffective|p2b: Ares
|-damage|p2a: Gaia|0 fnt
|-damage|p2b: Ares|65/100
|faint|p2a: Gaia
|-damage|p1b: Garchomp|21/100|[from] item: Life Orb
|
|-weather|SunnyDay|[upkeep]
|-heal|p1b: Garchomp|27/100|[from] Grassy Terrain
|-heal|p2b: Ares|71/100|[from] Grassy Terrain
|upkeep
|
|t:|1755383630
|switch|p2a: Poseidon|Basculegion, L50, M|100/100
|turn|4
|inactive|Mahdrescher has 30 seconds left.
|
|t:|1755383657
|switch|p2a: Ikarus|Pelipper, L50, M|100/100
|-weather|RainDance|[from] ability: Drizzle|[of] p2a: Ikarus
|move|p1a: Murkrow|Sunny Day|p1a: Murkrow
|-weather|SunnyDay
|move|p1b: Garchomp|Earthquake|p2a: Ikarus|[spread] p2b
|-immune|p1a: Murkrow
|-immune|p2a: Ikarus
|-supereffective|p2b: Ares
|-damage|p2b: Ares|33/100
|-damage|p1b: Garchomp|17/100|[from] item: Life Orb
|move|p2b: Ares|Swords Dance|p2b: Ares
|-boost|p2b: Ares|atk|2
|
|-weather|SunnyDay|[upkeep]
|-heal|p1b: Garchomp|23/100|[from] Grassy Terrain
|-heal|p2b: Ares|39/100|[from] Grassy Terrain
|-sideend|p1: 500Cake|move: Tailwind
|upkeep
|turn|5
|inactive|Mahdrescher has 30 seconds left.
|inactive|500Cake has 30 seconds left.
|
|t:|1755383695
|switch|p1a: Indeedee|Indeedee, L50, M, shiny|100/100
|-fieldstart|move: Psychic Terrain|[from] ability: Psychic Surge|[of] p1a: Indeedee
|move|p2b: Ares|Protect|p2b: Ares
|-singleturn|p2b: Ares|Protect
|move|p1b: Garchomp|Stomping Tantrum|p2b: Ares
|-activate|p2b: Ares|move: Protect
|move|p2a: Ikarus|Weather Ball|p1a: Indeedee
|-damage|p1a: Indeedee|37/100
|
|-weather|SunnyDay|[upkeep]
|upkeep
|turn|6
|inactive|500Cake has 30 seconds left.
|inactive|Mahdrescher has 30 seconds left.
|inactive|Mahdrescher has 20 seconds left.
|inactive|Mahdrescher has 15 seconds left.
|inactive|Mahdrescher has 10 seconds left.
|inactive|Mahdrescher has 5 seconds left.
|
|t:|1755383747
|-terastallize|p1a: Indeedee|Fighting
|move|p2b: Ares|Protect||[still]
|-fail|p2b: Ares
|move|p1b: Garchomp|Dragon Claw|p2a: Ikarus
|-damage|p2a: Ikarus|34/100
|-damage|p1b: Garchomp|13/100|[from] item: Life Orb
|move|p1a: Indeedee|Tera Blast|p2b: Ares|[anim] Tera Blast Fighting
|-supereffective|p2b: Ares
|-damage|p2b: Ares|0 fnt
|faint|p2b: Ares
|move|p2a: Ikarus|Weather Ball|p1b: Garchomp
|-resisted|p1b: Garchomp
|-damage|p1b: Garchomp|0 fnt
|faint|p1b: Garchomp
|
|-weather|SunnyDay|[upkeep]
|upkeep
|-message|Mahdrescher forfeited.
|
|win|500Cake
|raw|500Cake's rating: 1255 → 1285(+30 for winning)
|raw|Mahdrescher's rating: 1332 → 1308(-24 for losing)
|l|☆Mahdrescher
|player|p2|
|l|‽500Cake
|player|p1|
|j|‽500Cake
|player|p1|500Cake|2|
