|j|☆PaquitoelBollito
|j|☆carmelotb
|html|PaquitoelBollitocarmelotb    
|uhtml|bestof|Game 3 of a best-of-3
|t:|1783877108
|gametype|doubles
|player|p1|PaquitoelBollito|102|1099
|player|p2|carmelotb|2|1116
|gen|9
|tier|[Gen 9 Champions] VGC 2026 Reg M-B (Bo3)
|rated|
|rule|Species Clause: Limit one of each Pokémon
|rule|Item Clause: Limit 1 of each item
|clearpoke
|poke|p1|Aerodactyl, L50, F|
|poke|p1|Kingambit, L50, F|
|poke|p1|Garchomp, L50, M|
|poke|p1|Farigiraf, L50, F|
|poke|p1|Charizard, L50, F|
|poke|p1|Sylveon, L50, F|
|poke|p2|Tyranitar, L50, M|
|poke|p2|Rotom-Wash, L50|
|poke|p2|Excadrill, L50, M|
|poke|p2|Typhlosion-Hisui, L50, F|
|poke|p2|Venusaur, L50, F|
|poke|p2|Farigiraf, L50, F|
|teampreview|4
|showteam|p1|Aerodactyl||Aerodactylite|Unnerve|Tailwind,DualWingbeat,IceFang,RockSlide|Jolly||F|||50|]Kingambit||BlackGlasses|Defiant|SuckerPunch,KowtowCleave,Protect,LowKick|Adamant||F|||50|]Garchomp||LifeOrb|RoughSkin|Protect,DragonClaw,Earthquake,StompingTantrum|Jolly||M|||50|]Farigiraf||SitrusBerry|ArmorTail|PsychicFangs,Thunderbolt,TrickRoom,SunnyDay|Relaxed||F|||50|]Charizard||CharizarditeY|Blaze|Protect,HeatWave,WeatherBall,SolarBeam|Modest||F|||50|]Sylveon||FairyFeather|Pixilate|HyperVoice,Protect,QuickAttack,HyperBeam|Modest||F|||50|
|showteam|p2|Tyranitar||Tyranitarite|SandStream|RockSlide,Crunch,Protect,DragonDance|Adamant||M|||50|]Rotom-Wash||Magnet|Levitate|Thunderbolt,VoltSwitch,HydroPump,Protect|Modest|||||50|]Excadrill||FocusSash|SandRush|RockSlide,Earthquake,IronHead,Protect|Adamant||M|||50|]Typhlosion-Hisui||ChoiceScarf|Blaze|Eruption,Flamethrower,ShadowBall,HeatWave|Timid||F|||50|]Venusaur||Venusaurite|Chlorophyll|EarthPower,SludgeBomb,GigaDrain,Protect|Modest||F|||50|]Farigiraf||SitrusBerry|ArmorTail|Psychic,Thunderbolt,TrickRoom,HelpingHand|Modest||F|||50|
|inactive|Battle timer is ON: inactive players will automatically lose when time's up. (requested by carmelotb)
|inactive|PaquitoelBollito also wants the timer to be on.
|
|t:|1783877128
|teamsize|p1|4
|teamsize|p2|4
|start
|switch|p1a: Farigiraf|Farigiraf, L50, F|100/100
|switch|p1b: Sylveon|Sylveon, L50, F|100/100
|switch|p2a: Typhlosion|Typhlosion-Hisui, L50, F|100/100
|switch|p2b: Venusaur|Venusaur, L50, F|100/100
|turn|1
|inactive|PaquitoelBollito has 30 seconds left.
|
|t:|1783877156
|detailschange|p2b: Venusaur|Venusaur-Mega, L50, F
|-mega|p2b: Venusaur|Venusaur|Venusaurite
|move|p1b: Sylveon|Protect|p1b: Sylveon
|-singleturn|p1b: Sylveon|Protect
|move|p2a: Typhlosion|Eruption|p1a: Farigiraf|[spread] p1a
|-activate|p1b: Sylveon|move: Protect
|-damage|p1a: Farigiraf|46/100
|-enditem|p1a: Farigiraf|Sitrus Berry|[eat]
|-heal|p1a: Farigiraf|71/100|[from] item: Sitrus Berry
|move|p2b: Venusaur|Sludge Bomb|p1a: Farigiraf
|-damage|p1a: Farigiraf|29/100
|-status|p1a: Farigiraf|psn
|move|p1a: Farigiraf|Trick Room|p1a: Farigiraf
|-fieldstart|move: Trick Room|[of] p1a: Farigiraf
|
|-damage|p1a: Farigiraf|17/100 psn|[from] psn
|upkeep
|turn|2
|
|t:|1783877179
|move|p2b: Venusaur|Protect|p2b: Venusaur
|-singleturn|p2b: Venusaur|Protect
|move|p1a: Farigiraf|Psychic Fangs|p2a: Typhlosion
|-damage|p2a: Typhlosion|62/100
|move|p1b: Sylveon|Hyper Voice|p2a: Typhlosion|[spread] p2a
|-activate|p2b: Venusaur|move: Protect
|-resisted|p2a: Typhlosion|1
|-damage|p2a: Typhlosion|29/100
|move|p2a: Typhlosion|Eruption|p1b: Sylveon|[spread] p1a,p1b
|-damage|p1a: Farigiraf|0 fnt
|-damage|p1b: Sylveon|81/100
|faint|p1a: Farigiraf
|
|upkeep
|
|t:|1783877188
|switch|p1a: Garchomp|Garchomp, L50, M|100/100
|turn|3
|
|t:|1783877203
|switch|p2b: Farigiraf|Farigiraf, L50, F|100/100
|move|p1b: Sylveon|Protect|p1b: Sylveon
|-singleturn|p1b: Sylveon|Protect
|move|p1a: Garchomp|Earthquake|p2a: Typhlosion|[spread] p2a,p2b
|-activate|p1b: Sylveon|move: Protect
|-supereffective|p2a: Typhlosion|1
|-damage|p2a: Typhlosion|0 fnt
|-damage|p2b: Farigiraf|62/100
|faint|p2a: Typhlosion
|-damage|p1a: Garchomp|90/100|[from] item: Life Orb
|
|upkeep
|
|t:|1783877216
|switch|p2a: Rotom|Rotom-Wash, L50|100/100
|turn|4
|
|t:|1783877230
|move|p1b: Sylveon|Hyper Beam|p2a: Rotom
|-damage|p2a: Rotom|0 fnt
|-mustrecharge|p1b: Sylveon
|faint|p2a: Rotom
|move|p1a: Garchomp|Stomping Tantrum|p2b: Farigiraf
|-damage|p2b: Farigiraf|23/100
|-enditem|p2b: Farigiraf|Sitrus Berry|[eat]
|-heal|p2b: Farigiraf|48/100|[from] item: Sitrus Berry
|-damage|p1a: Garchomp|80/100|[from] item: Life Orb
|move|p2b: Farigiraf|Trick Room|p2b: Farigiraf
|-fieldend|move: Trick Room
|
|upkeep
|
|t:|1783877233
|switch|p2a: Venusaur|Venusaur-Mega, L50, F|100/100
|turn|5
|inactive|PaquitoelBollito has 30 seconds left.
|inactive|carmelotb has 30 seconds left.
|inactive|PaquitoelBollito has 20 seconds left.
|inactive|carmelotb has 20 seconds left.
|inactive|carmelotb has 15 seconds left.
|
|t:|1783877280
|move|p1a: Garchomp|Dragon Claw|p2b: Farigiraf
|-damage|p2b: Farigiraf|3/100
|-damage|p1a: Garchomp|71/100|[from] item: Life Orb
|move|p2a: Venusaur|Sludge Bomb|p1b: Sylveon
|-supereffective|p1b: Sylveon|1
|-damage|p1b: Sylveon|3/100
|cant|p1b: Sylveon|recharge
|move|p2b: Farigiraf|Psychic|p1a: Garchomp
|-damage|p1a: Garchomp|24/100
|
|upkeep
|turn|6
|
|t:|1783877297
|move|p1b: Sylveon|Protect|p1b: Sylveon
|-singleturn|p1b: Sylveon|Protect
|move|p1a: Garchomp|Earthquake|p2a: Venusaur|[spread] p2a,p2b
|-activate|p1b: Sylveon|move: Protect
|-damage|p2a: Venusaur|57/100
|-damage|p2b: Farigiraf|0 fnt
|faint|p2b: Farigiraf
|-damage|p1a: Garchomp|15/100|[from] item: Life Orb
|move|p2a: Venusaur|Sludge Bomb|p1b: Sylveon
|-activate|p1b: Sylveon|move: Protect
|
|upkeep
|turn|7
|-message|carmelotb forfeited.
|
|win|PaquitoelBollito
|raw|PaquitoelBollito's rating: 1099 → 1125(+26 for winning)
|raw|carmelotb's rating: 1116 → 1090(-26 for losing)
