|j|☆i am saksham
|j|☆joyfulwizard
|html|i am sakshamjoyfulwizard    
|uhtml|bestof|Game 1 of a best-of-3
|t:|1785419999
|gametype|doubles
|player|p1|i am saksham|wallace|1318
|player|p2|joyfulwizard|cheren-gen5bw2|1337
|gen|9
|tier|[Gen 9 Champions] VGC 2026 Reg M-B (Bo3)
|rated|
|rule|Species Clause: Limit one of each Pokémon
|rule|Item Clause: Limit 1 of each item
|clearpoke
|poke|p1|Blaziken, L50, M|
|poke|p1|Basculegion, L50, M|
|poke|p1|Kingambit, L50, F|
|poke|p1|Sylveon, L50, M|
|poke|p1|Aerodactyl, L50, F|
|poke|p1|Ninetales-Alola, L50, M|
|poke|p2|Charizard, L50, M|
|poke|p2|Glimmora, L50, M|
|poke|p2|Whimsicott, L50, F|
|poke|p2|Ninetales-Alola, L50, F|
|poke|p2|Kingambit, L50, M|
|poke|p2|Kommo-o, L50, M|
|teampreview|4
|showteam|p1|Blaziken||Blazikenite|SpeedBoost|CloseCombat,FlareBlitz,RockSlide,Detect|Adamant||M|||50|]Basculegion||FocusSash|Adaptability|Liquidation,AquaJet,LastRespects,Protect|Adamant||M|||50|]Kingambit||LifeOrb|Defiant|SuckerPunch,KowtowCleave,IronHead,Protect|Adamant||F|||50|]Sylveon||FairyFeather|Pixilate|HyperBeam,HyperVoice,Protect,QuickAttack|Modest||M|||50|]Aerodactyl||Aerodactylite|Unnerve|Tailwind,RockSlide,IceFang,DualWingbeat|Adamant||F|||50|]Ninetales-Alola||ChoiceScarf|SnowWarning|Blizzard,Moonblast,Psyshock,FreezeDry|Timid||M|||50|
|showteam|p2|Charizard||CharizarditeY|Blaze|HeatWave,WeatherBall,SolarBeam,Protect|Modest||M|||50|]Glimmora||Glimmoranite|ToxicDebris|SludgeBomb,PowerGem,EarthPower,SpikyShield|Modest||M|||50|]Whimsicott||FocusSash|Prankster|Moonblast,Tailwind,Encore,Protect|Timid||F|||50|]Ninetales-Alola||NeverMeltIce|SnowWarning|Blizzard,FreezeDry,Disable,Protect|Timid||F|||50|]Kingambit||BlackGlasses|Defiant|KowtowCleave,SuckerPunch,IronHead,Protect|Adamant||M|||50|]Kommo-o||LifeOrb|Overcoat|ClangingScales,AuraSphere,VacuumWave,Protect|Modest||M|||50|
|inactive|Battle timer is ON: inactive players will automatically lose when time's up. (requested by joyfulwizard)
|
|t:|1785420049
|teamsize|p1|4
|teamsize|p2|4
|start
|switch|p1a: Aerodactyl|Aerodactyl, L50, F|100/100
|switch|p1b: Basculegion|Basculegion, L50, M|100/100
|switch|p2a: Whimsicott|Whimsicott, L50, F|100/100
|switch|p2b: Glimmora|Glimmora, L50, M|100/100
|-ability|p1a: Aerodactyl|Unnerve
|turn|1
|
|t:|1785420070
|switch|p1a: Kingambit|Kingambit, L50, F|100/100
|detailschange|p2b: Glimmora|Glimmora-Mega, L50, M
|-mega|p2b: Glimmora|Glimmora|Glimmoranite
|move|p2b: Glimmora|Spiky Shield|p2b: Glimmora
|-singleturn|p2b: Glimmora|move: Protect
|move|p2a: Whimsicott|Tailwind|p2a: Whimsicott
|-sidestart|p2: joyfulwizard|move: Tailwind
|move|p1b: Basculegion|Liquidation|p2b: Glimmora
|-activate|p2b: Glimmora|move: Protect
|-damage|p1b: Basculegion|87/100|[from] Spiky Shield|[of] p2b: Glimmora
|
|upkeep
|turn|2
|inactive|joyfulwizard has 30 seconds left.
|inactive|i am saksham has 30 seconds left.
|
|t:|1785420102
|move|p2a: Whimsicott|Moonblast|p1a: Kingambit
|-damage|p1a: Kingambit|66/100
|move|p2b: Glimmora|Earth Power|p1a: Kingambit
|-supereffective|p1a: Kingambit|1
|-damage|p1a: Kingambit|0 fnt
|faint|p1a: Kingambit
|move|p1b: Basculegion|Liquidation|p2a: Whimsicott
|-resisted|p2a: Whimsicott|1
|-damage|p2a: Whimsicott|58/100
|
|upkeep
|
|t:|1785420117
|switch|p1a: Aerodactyl|Aerodactyl, L50, F|100/100
|-ability|p1a: Aerodactyl|Unnerve
|turn|3
|
|t:|1785420133
|move|p2a: Whimsicott|Moonblast|p1b: Basculegion
|-damage|p1b: Basculegion|46/100
|move|p2b: Glimmora|Power Gem|p1a: Aerodactyl
|-supereffective|p1a: Aerodactyl|1
|-damage|p1a: Aerodactyl|0 fnt
|faint|p1a: Aerodactyl
|move|p1b: Basculegion|Liquidation|p2b: Glimmora
|-supereffective|p2b: Glimmora|1
|-damage|p2b: Glimmora|0 fnt
|faint|p2b: Glimmora
|
|upkeep
|
|t:|1785420147
|switch|p1a: Blaziken|Blaziken, L50, M|100/100
|switch|p2b: Charizard|Charizard, L50, M|100/100
|turn|4
|
|t:|1785420167
|detailschange|p1a: Blaziken|Blaziken-Mega, L50, M
|-mega|p1a: Blaziken|Blaziken|Blazikenite
|move|p2a: Whimsicott|Protect|p2a: Whimsicott
|-singleturn|p2a: Whimsicott|Protect
|move|p1b: Basculegion|Protect|p1b: Basculegion
|-singleturn|p1b: Basculegion|Protect
|move|p2b: Charizard|Heat Wave|p1a: Blaziken|[spread] p1a
|-activate|p1b: Basculegion|move: Protect
|-resisted|p1a: Blaziken|1
|-damage|p1a: Blaziken|80/100
|move|p1a: Blaziken|Flare Blitz|p2a: Whimsicott
|-activate|p2a: Whimsicott|move: Protect
|
|-sideend|p2: joyfulwizard|move: Tailwind
|-ability|p1a: Blaziken|Speed Boost|boost
|-boost|p1a: Blaziken|spe|1
|upkeep
|turn|5
|inactive|joyfulwizard has 30 seconds left.
|
|t:|1785420193
|move|p2a: Whimsicott|Encore|p1b: Basculegion
|-start|p1b: Basculegion|Encore
|move|p1b: Basculegion|Protect||[still]
|-fail|p1b: Basculegion
|move|p1a: Blaziken|Flare Blitz|p2a: Whimsicott
|-supereffective|p2a: Whimsicott|1
|-damage|p2a: Whimsicott|0 fnt
|faint|p2a: Whimsicott
|-damage|p1a: Blaziken|64/100|[from] Recoil
|move|p2b: Charizard|Heat Wave|p1a: Blaziken|[spread] p1a,p1b
|-resisted|p1a: Blaziken|1
|-resisted|p1b: Basculegion|1
|-damage|p1a: Blaziken|43/100
|-damage|p1b: Basculegion|30/100
|
|-ability|p1a: Blaziken|Speed Boost|boost
|-boost|p1a: Blaziken|spe|1
|upkeep
|
|t:|1785420203
|switch|p2a: Kingambit|Kingambit, L50, M|100/100
|turn|6
|
|t:|1785420221
|move|p1b: Basculegion|Protect|p1b: Basculegion
|-singleturn|p1b: Basculegion|Protect
|move|p2a: Kingambit|Sucker Punch|p1a: Blaziken
|-resisted|p1a: Blaziken|1
|-damage|p1a: Blaziken|12/100
|move|p1a: Blaziken|Rock Slide|p2a: Kingambit|[spread] p2a,p2b
|-resisted|p2a: Kingambit|1
|-supereffective|p2b: Charizard|2
|-damage|p2a: Kingambit|89/100
|-damage|p2b: Charizard|0 fnt
|faint|p2b: Charizard
|
|-ability|p1a: Blaziken|Speed Boost|boost
|-boost|p1a: Blaziken|spe|1
|upkeep
|turn|7
|
|t:|1785420239
|move|p1b: Basculegion|Protect||[still]
|-fail|p1b: Basculegion
|move|p2a: Kingambit|Sucker Punch|p1a: Blaziken
|-resisted|p1a: Blaziken|1
|-damage|p1a: Blaziken|0 fnt
|faint|p1a: Blaziken
|
|-end|p1b: Basculegion|Encore
|upkeep
|turn|8
|
|t:|1785420247
|move|p1b: Basculegion|Last Respects|p2a: Kingambit
|-resisted|p2a: Kingambit|1
|-damage|p2a: Kingambit|31/100
|move|p2a: Kingambit|Kowtow Cleave|p1b: Basculegion
|-supereffective|p1b: Basculegion|1
|-damage|p1b: Basculegion|0 fnt
|faint|p1b: Basculegion
|
|win|joyfulwizard
||joyfulwizard is ready for game 2.
||i am saksham is ready for game 2.
|uhtml|next|Next: Game 2 of 3
