|j|☆MIMHvgc
|j|☆Chelo.vgc
|html|MIMHvgcChelo.vgc    
|uhtml|bestof|Game 3 of a best-of-3
|t:|1756830600
|gametype|doubles
|player|p1|MIMHvgc|miku-fairy|
|player|p2|Chelo.vgc|benga|
|gen|9
|tier|[Gen 9] VGC 2025 Reg H (Bo3)
|rule|Species Clause: Limit one of each Pokémon
|rule|Item Clause: Limit 1 of each item
|clearpoke
|poke|p1|Annihilape, L50, M|
|poke|p1|Sinistcha, L50|
|poke|p1|Maushold-Four, L50|
|poke|p1|Klefki, L50, F|
|poke|p1|Ursaluna-Bloodmoon, L50, M|
|poke|p1|Ninetales-Alola, L50, F|
|poke|p2|Gholdengo, L50|
|poke|p2|Indeedee-F, L50, F|
|poke|p2|Armarouge, L50, F|
|poke|p2|Ursaluna, L50, F|
|poke|p2|Torkoal, L50, F|
|poke|p2|Lilligant-Hisui, L50, F|
|teampreview|4
|showteam|p1|Annihilape||Leftovers|Defiant|RageFist,DrainPunch,BulkUp,Protect|||M|||50|,,,,,Fire]Sinistcha||SitrusBerry|Hospitality|MatchaGotcha,RagePowder,StrengthSap,LifeDew||||||50|,,,,,Dark]Maushold-Four||SafetyGoggles|FriendGuard|FollowMe,BeatUp,Taunt,HelpingHand||||||50|,,,,,Ghost]Klefki||LightClay|Prankster|DazzlingGleam,Reflect,LightScreen,MistyTerrain|||F|||50|,,,,,Ghost]Ursaluna-Bloodmoon||AssaultVest|MindsEye|EarthPower,BloodMoon,HyperVoice,VacuumWave|||M|||50|,,,,,Normal]Ninetales-Alola||FocusSash|SnowWarning|Blizzard,FreezeDry,Encore,Protect|||F|||50|,,,,,Ghost
|showteam|p2|Gholdengo||LifeOrb|GoodasGold|MakeItRain,Protect,Thunderbolt,ShadowBall||||||50|,,,,,Steel]Indeedee-F||SafetyGoggles|PsychicSurge|Psychic,HelpingHand,TrickRoom,FollowMe|||F|||50|,,,,,Fairy]Armarouge||WeaknessPolicy|FlashFire|TrickRoom,ArmorCannon,ExpandingForce,Protect|||F|||50|,,,,,Grass]Ursaluna||FlameOrb|Guts|Protect,HeadlongRush,Earthquake,Facade|||F|||50|,,,,,Ghost]Torkoal||Charcoal|Drought|HeatWave,Protect,EarthPower,Eruption|||F|||50|,,,,,Fire]Lilligant-Hisui||FocusSash|Chlorophyll|Encore,LeafBlade,CloseCombat,AfterYou|||F|||50|,,,,,Ghost
|
|t:|1756830621
|teamsize|p1|4
|teamsize|p2|4
|start
|switch|p1a: Biden Blast|Ursaluna-Bloodmoon, L50, M|100/100
|switch|p1b: driving in my car|Klefki, L50, F|100/100
|switch|p2a: turcool|Torkoal, L50, F|100/100
|switch|p2b: go to sleep|Lilligant-Hisui, L50, F|100/100
|-weather|SunnyDay|[from] ability: Drought|[of] p2a: turcool
|turn|1
|
|t:|1756830637
|-terastallize|p1a: Biden Blast|Normal
|-terastallize|p2a: turcool|Fire
|move|p1b: driving in my car|Reflect|p1b: driving in my car
|-sidestart|p1: MIMHvgc|Reflect
|move|p2b: go to sleep|After You|p2a: turcool
|-activate|p2a: turcool|move: After You
|move|p2a: turcool|Eruption|p1a: Biden Blast|[spread] p1a,p1b
|-supereffective|p1b: driving in my car
|-damage|p1a: Biden Blast|15/100
|-damage|p1b: driving in my car|0 fnt
|faint|p1b: driving in my car
|move|p1a: Biden Blast|Hyper Voice|p2a: turcool|[spread] p2a,p2b
|-damage|p2a: turcool|32/100
|-damage|p2b: go to sleep|22/100
|
|-weather|SunnyDay|[upkeep]
|upkeep
|
|t:|1756830647
|switch|p1b: Brandon|Annihilape, L50, M|100/100
|turn|2
|
|t:|1756830707
|move|p1a: Biden Blast|Vacuum Wave|p2b: go to sleep
|-damage|p2b: go to sleep|0 fnt
|faint|p2b: go to sleep
|move|p1b: Brandon|Drain Punch|p2a: turcool
|-damage|p2a: turcool|0 fnt
|faint|p2a: turcool
|
|-weather|SunnyDay|[upkeep]
|upkeep
|
|t:|1756830715
|switch|p2b: frenemy|Indeedee-F, L50, F|100/100
|switch|p2a: moggerman|Armarouge, L50, F|100/100
|-fieldstart|move: Psychic Terrain|[from] ability: Psychic Surge|[of] p2b: frenemy
|turn|3
|
|t:|1756830730
|switch|p1a: Pop Punk|Maushold-Four, L50|100/100
|move|p2b: frenemy|Follow Me|p2b: frenemy
|-singleturn|p2b: frenemy|move: Follow Me
|move|p1b: Brandon|Drain Punch|p2b: frenemy
|-damage|p2b: frenemy|63/100
|move|p2a: moggerman|Expanding Force|p1a: Pop Punk|[spread] p1a,p1b
|-supereffective|p1b: Brandon
|-damage|p1a: Pop Punk|20/100
|-damage|p1b: Brandon|7/100
|
|-weather|SunnyDay|[upkeep]
|-heal|p1b: Brandon|13/100|[from] item: Leftovers
|upkeep
|turn|4
|
|t:|1756830745
|move|p1b: Brandon|Protect|p1b: Brandon
|-singleturn|p1b: Brandon|Protect
|move|p2b: frenemy|Follow Me|p2b: frenemy
|-singleturn|p2b: frenemy|move: Follow Me
|move|p1a: Pop Punk|Taunt|p2b: frenemy
|-start|p2b: frenemy|move: Taunt
|move|p2a: moggerman|Expanding Force|p1b: Brandon|[spread] p1a
|-activate|p1b: Brandon|move: Protect
|-damage|p1a: Pop Punk|0 fnt
|faint|p1a: Pop Punk
|
|-weather|SunnyDay|[upkeep]
|-heal|p1b: Brandon|19/100|[from] item: Leftovers
|upkeep
|
|t:|1756830755
|switch|p1a: Biden Blast|Ursaluna-Bloodmoon, L50, M, tera:Normal|15/100
|turn|5
|
|t:|1756830767
|move|p2a: moggerman|Protect|p2a: moggerman
|-singleturn|p2a: moggerman|Protect
|move|p1b: Brandon|Rage Fist|p2a: moggerman
|-activate|p2a: moggerman|move: Protect
|move|p2b: frenemy|Psychic|p1b: Brandon
|-supereffective|p1b: Brandon
|-damage|p1b: Brandon|0 fnt
|faint|p1b: Brandon
|move|p1a: Biden Blast|Hyper Voice|p2a: moggerman|[spread] p2b
|-activate|p2a: moggerman|move: Protect
|-damage|p2b: frenemy|15/100
|
|-weather|none
|upkeep
|turn|6
|
|t:|1756830786
|move|p2b: frenemy|Psychic|p1a: Biden Blast
|-damage|p1a: Biden Blast|0 fnt
|faint|p1a: Biden Blast
|
|win|Chelo.vgc
|c|☆MIMHvgc|Damn you got me
|c|☆Chelo.vgc|indeedee getting 2 kos is crazy
|l|☆MIMHvgc
|player|p1|
