|j|☆habeebomarali123
|j|☆ThierryVGC
|html|habeebomarali123ThierryVGC    
|uhtml|bestof|Game 3 of a best-of-3
|t:|1756403692
|gametype|doubles
|player|p1|habeebomarali123|giovanni|1070
|player|p2|ThierryVGC|265|1130
|gen|9
|tier|[Gen 9] VGC 2025 Reg H (Bo3)
|rated|
|rule|Species Clause: Limit one of each Pokémon
|rule|Item Clause: Limit 1 of each item
|clearpoke
|poke|p1|Rillaboom, L50, M|
|poke|p1|Volcarona, L50, M|
|poke|p1|Clefable, L50, M|
|poke|p1|Dragonite, L50, M|
|poke|p1|Empoleon, L50, M|
|poke|p1|Sneasler, L50, M|
|poke|p2|Garchomp, L50, M|
|poke|p2|Gardevoir, L50, M|
|poke|p2|Drifblim, L50, M|
|poke|p2|Indeedee, L50, M|
|poke|p2|Sneasler, L50, M|
|poke|p2|Corviknight, L50, M|
|teampreview|4
|showteam|p1|Rillaboom||AssaultVest|GrassySurge|FakeOut,GrassyGlide,HighHorsepower,WoodHammer|||M|||50|,,,,,Fire]Volcarona||GrassySeed|FlameBody|Protect,QuiverDance,TeraBlast,HeatWave|||M|||50|,,,,,Fairy]Clefable||SafetyGoggles|Unaware|Protect,FollowMe,LifeDew,Moonblast|||M|||50|,,,,,Ghost]Dragonite||LoadedDice|Multiscale|Tailwind,ExtremeSpeed,Haze,ScaleShot|||M|||50|,,,,,Fairy]Empoleon||ChoiceScarf|Competitive|HydroPump,IceBeam,IcyWind,FlashCannon|||M|||50|,,,,,Ghost]Sneasler||FocusSash|Unburden|Protect,DireClaw,CloseCombat,Coaching|||M|||50|,,,,,Stellar
|showteam|p2|Garchomp||LifeOrb|RoughSkin|Earthquake,StompingTantrum,DragonClaw,Protect|||M|||50|,,,,,Ground]Gardevoir||ChoiceScarf|Telepathy|ExpandingForce,DazzlingGleam,Moonblast,Trick|||M|||50|,,,,,Psychic]Drifblim||PsychicSeed|Unburden|Acrobatics,WillOWisp,Tailwind,Haze|||M|||50|,,,,,Grass]Indeedee||FocusSash|PsychicSurge|ExpandingForce,TeraBlast,Imprison,TrickRoom|||M|||50|,,,,,Ground]Sneasler||WhiteHerb|Unburden|DireClaw,CloseCombat,ThroatChop,Protect|||M|||50|,,,,,Dark]Corviknight||LumBerry|MirrorArmor|BraveBird,BodyPress,BulkUp,Roost|||M|||50|,,,,,Dragon
|
|t:|1756403732
|teamsize|p1|4
|teamsize|p2|4
|start
|switch|p1a: Sneasler|Sneasler, L50, M|100/100
|switch|p1b: Dragonite|Dragonite, L50, M|100/100
|switch|p2a: Corviknight|Corviknight, L50, M|100/100
|switch|p2b: Sneasler|Sneasler, L50, M|100/100
|turn|1
|
|t:|1756403753
|move|p1a: Sneasler|Coaching|p1b: Dragonite
|-boost|p1b: Dragonite|atk|1
|-boost|p1b: Dragonite|def|1
|move|p2b: Sneasler|Dire Claw|p1b: Dragonite
|-damage|p1b: Dragonite|86/100
|move|p1b: Dragonite|Scale Shot|p2b: Sneasler
|-damage|p2b: Sneasler|69/100
|-damage|p2b: Sneasler|39/100
|-damage|p2b: Sneasler|10/100
|-damage|p2b: Sneasler|0 fnt
|faint|p2b: Sneasler
|-hitcount|p2: Sneasler|4
|-unboost|p1b: Dragonite|def|1
|-boost|p1b: Dragonite|spe|1
|move|p2a: Corviknight|Bulk Up|p2a: Corviknight
|-boost|p2a: Corviknight|atk|1
|-boost|p2a: Corviknight|def|1
|
|upkeep
|
|t:|1756403768
|switch|p2b: Indeedee|Indeedee, L50, M|100/100
|-fieldstart|move: Psychic Terrain|[from] ability: Psychic Surge|[of] p2b: Indeedee
|turn|2
|
|t:|1756403800
|move|p1b: Dragonite|Scale Shot|p2b: Indeedee
|-crit|p2b: Indeedee
|-damage|p2b: Indeedee|38/100
|-damage|p2b: Indeedee|0 fnt
|faint|p2b: Indeedee
|-hitcount|p2: Indeedee|2
|-unboost|p1b: Dragonite|def|1
|-boost|p1b: Dragonite|spe|1
|move|p1a: Sneasler|Dire Claw|p2a: Corviknight
|-immune|p2a: Corviknight
|move|p2a: Corviknight|Brave Bird|p1b: Dragonite
|-damage|p1b: Dragonite|0 fnt
|faint|p1b: Dragonite
|-damage|p2a: Corviknight|77/100|[from] Recoil
|
|upkeep
|
|t:|1756403804
|switch|p2b: Garchomp|Garchomp, L50, M|100/100
|switch|p1b: Rillaboom|Rillaboom, L50, M|100/100
|-fieldstart|move: Grassy Terrain|[from] ability: Grassy Surge|[of] p1b: Rillaboom
|turn|3
|
|t:|1756403815
|move|p2b: Garchomp|Protect|p2b: Garchomp
|-singleturn|p2b: Garchomp|Protect
|move|p1b: Rillaboom|Fake Out|p2b: Garchomp
|-activate|p2b: Garchomp|move: Protect
|move|p1a: Sneasler|Coaching|p1b: Rillaboom
|-boost|p1b: Rillaboom|atk|1
|-boost|p1b: Rillaboom|def|1
|move|p2a: Corviknight|Brave Bird|p1b: Rillaboom
|-supereffective|p1b: Rillaboom
|-damage|p1b: Rillaboom|39/100
|-damage|p2a: Corviknight|56/100|[from] Recoil
|
|-heal|p1b: Rillaboom|44/100|[from] Grassy Terrain
|upkeep
|turn|4
|
|t:|1756403841
|move|p1a: Sneasler|Dire Claw|p2b: Garchomp
|-resisted|p2b: Garchomp
|-damage|p2b: Garchomp|80/100
|-damage|p1a: Sneasler|88/100|[from] ability: Rough Skin|[of] p2b: Garchomp
|move|p2b: Garchomp|Dragon Claw|p1b: Rillaboom
|-damage|p1b: Rillaboom|15/100
|-damage|p2b: Garchomp|70/100|[from] item: Life Orb
|move|p1b: Rillaboom|Wood Hammer|p2b: Garchomp
|-damage|p2b: Garchomp|0 fnt
|-damage|p1b: Rillaboom|2/100|[from] ability: Rough Skin|[of] p2b: Garchomp
|faint|p2b: Garchomp
|-damage|p1b: Rillaboom|0 fnt|[from] Recoil
|faint|p1b: Rillaboom
|move|p2a: Corviknight|Brave Bird|p1a: Sneasler
|-supereffective|p1a: Sneasler
|-damage|p1a: Sneasler|0 fnt
|faint|p1a: Sneasler
|-damage|p2a: Corviknight|34/100|[from] Recoil
|
|upkeep
|
|t:|1756403845
|switch|p1b: Volcarona|Volcarona, L50, M|100/100
|-enditem|p1b: Volcarona|Grassy Seed
|-boost|p1b: Volcarona|def|1|[from] item: Grassy Seed
|turn|5
|c|☆habeebomarali123|gg
|inactive|Battle timer is ON: inactive players will automatically lose when time's up. (requested by habeebomarali123)
|
|t:|1756403867
|-terastallize|p1b: Volcarona|Fairy
|-terastallize|p2a: Corviknight|Dragon
|move|p1b: Volcarona|Quiver Dance|p1b: Volcarona
|-boost|p1b: Volcarona|spa|1
|-boost|p1b: Volcarona|spd|1
|-boost|p1b: Volcarona|spe|1
|move|p2a: Corviknight|Roost|p2a: Corviknight
|-heal|p2a: Corviknight|84/100
|
|-heal|p2a: Corviknight|90/100|[from] Grassy Terrain
|upkeep
|turn|6
|
|t:|1756403889
|move|p1b: Volcarona|Tera Blast|p2a: Corviknight|[anim] Tera Blast Fairy
|-supereffective|p2a: Corviknight
|-damage|p2a: Corviknight|0 fnt
|faint|p2a: Corviknight
|
|win|habeebomarali123
|raw|habeebomarali123's rating: 1070 → 1105(+35 for winning)
|raw|ThierryVGC's rating: 1130 → 1101(-29 for losing)
|c|☆habeebomarali123|wp
|c|☆ThierryVGC|Gg
