|j|☆Volanr
|j|☆PTP_VGC
|html|VolanrPTP_VGC    
|uhtml|bestof|Game 2 of a best-of-3
|t:|1757707724
|gametype|doubles
|player|p1|Volanr|cynthia-masters3|1376
|player|p2|PTP_VGC|102|1467
|gen|9
|tier|[Gen 9] VGC 2025 Reg H (Bo3)
|rated|
|rule|Species Clause: Limit one of each Pokémon
|rule|Item Clause: Limit 1 of each item
|clearpoke
|poke|p1|Archaludon, L50, M|
|poke|p1|Sinistcha-Masterpiece, L50|
|poke|p1|Dragonite, L50, F|
|poke|p1|Pelipper, L50, F|
|poke|p1|Ursaluna, L50, F|
|poke|p1|Gholdengo, L50|
|poke|p2|Arcanine-Hisui, L50, M|
|poke|p2|Weezing, L50, F|
|poke|p2|Porygon2, L50|
|poke|p2|Weavile, L50, F|
|poke|p2|Pawmot, L50, M|
|poke|p2|Toedscruel, L50, F|
|teampreview|4
|showteam|p1|Archaludon||AssaultVest|Stamina|BodyPress,Snarl,ElectroShot,FlashCannon|||M|||50|,,,,,Fighting]Sinistcha-Masterpiece||SitrusBerry|Hospitality|MatchaGotcha,RagePowder,TrickRoom,LifeDew||||||50|,,,,,Dark]Dragonite||LoadedDice|Multiscale|ScaleShot,Protect,Tailwind,Haze|||F|||50|,,,,,Steel]Pelipper||FocusSash|Drizzle|MuddyWater,Hurricane,Tailwind,Protect|||F|||50|,,,,,Ghost]Ursaluna||FlameOrb|Guts|Facade,HeadlongRush,Earthquake,Protect|||F|||50|,,,,,Ghost]Gholdengo||ChoiceScarf|GoodasGold|MakeItRain,TeraBlast,ShadowBall,Trick||||||50|,,,,,Water
|showteam|p2|Arcanine-Hisui||AbilityShield|Intimidate|FlareBlitz,RockSlide,ExtremeSpeed,Protect|||M|||50|,,,,,Ghost]Weezing||SitrusBerry|NeutralizingGas|SludgeBomb,WillOWisp,Taunt,Protect|||F|||50|,,,,,Grass]Porygon2||Eviolite|Download|TeraBlast,IceBeam,Recover,TrickRoom||||||50|,,,,,Water]Weavile||WideLens|Pressure|KnockOff,TripleAxel,FakeOut,Protect|||F|||50|,,,,,Stellar]Pawmot||FocusSash|NaturalCure|DoubleShock,CloseCombat,RevivalBlessing,Protect|||M|||50|,,,,,Stellar]Toedscruel||LifeOrb|MyceliumMight|EarthPower,EnergyBall,Spore,RagePowder|||F|||50|,,,,,Water
|inactive|Battle timer is ON: inactive players will automatically lose when time's up. (requested by PTP_VGC)
|
|t:|1757707732
|teamsize|p1|4
|teamsize|p2|4
|start
|switch|p1a: Gholdengo|Gholdengo, L50|100/100
|switch|p1b: Dragonite|Dragonite, L50, F|100/100
|switch|p2a: gbombsz|Toedscruel, L50, F|100/100
|switch|p2b: Adr. & Adr.|Weezing, L50, F|100/100
|-ability|p2b: Adr. & Adr.|Neutralizing Gas
|turn|1
|inactive|PTP_VGC has 30 seconds left.
|inactive|PTP_VGC has 20 seconds left.
|
|t:|1757707771
|move|p1b: Dragonite|Protect|p1b: Dragonite
|-singleturn|p1b: Dragonite|Protect
|move|p1a: Gholdengo|Make It Rain|p2a: gbombsz|[spread] p2a,p2b
|-damage|p2a: gbombsz|52/100
|-damage|p2b: Adr. & Adr.|46/100
|-unboost|p1a: Gholdengo|spa|1
|-enditem|p2b: Adr. & Adr.|Sitrus Berry|[eat]
|-heal|p2b: Adr. & Adr.|71/100|[from] item: Sitrus Berry
|move|p2a: gbombsz|Spore|p1a: Gholdengo
|-status|p1a: Gholdengo|slp|[from] move: Spore
|move|p2b: Adr. & Adr.|Will-O-Wisp|p1b: Dragonite
|-activate|p1b: Dragonite|move: Protect
|
|upkeep
|turn|2
|inactive|Volanr has 30 seconds left.
|inactive|Volanr has 20 seconds left.
|
|t:|1757707811
|switch|p1b: Sinistcha|Sinistcha-Masterpiece, L50|100/100
|cant|p1a: Gholdengo|slp
|move|p2a: gbombsz|Earth Power|p1a: Gholdengo
|-supereffective|p1a: Gholdengo
|-crit|p1a: Gholdengo
|-damage|p1a: Gholdengo|0 fnt
|faint|p1a: Gholdengo
|-damage|p2a: gbombsz|42/100|[from] item: Life Orb
|move|p2b: Adr. & Adr.|Will-O-Wisp|p1b: Sinistcha
|-status|p1b: Sinistcha|brn
|
|-damage|p1b: Sinistcha|94/100 brn|[from] brn
|upkeep
|
|t:|1757707826
|switch|p1a: Ursaluna|Ursaluna, L50, F|100/100
|turn|3
|
|t:|1757707848
|move|p1a: Ursaluna|Protect|p1a: Ursaluna
|-singleturn|p1a: Ursaluna|Protect
|move|p2a: gbombsz|Spore|p1a: Ursaluna
|-activate|p1a: Ursaluna|move: Protect
|move|p1b: Sinistcha|Matcha Gotcha|p2a: gbombsz|[spread] p2a
|-miss|p1b: Sinistcha|p2b: Adr. & Adr.
|-damage|p2a: gbombsz|17/100
|-heal|p1b: Sinistcha|100/100 brn|[from] drain|[of] p2a: gbombsz
|-status|p2a: gbombsz|brn
|move|p2b: Adr. & Adr.|Taunt|p1b: Sinistcha
|-start|p1b: Sinistcha|move: Taunt
|
|-damage|p2a: gbombsz|11/100 brn|[from] brn
|-damage|p1b: Sinistcha|94/100 brn|[from] brn
|-status|p1a: Ursaluna|brn|[from] item: Flame Orb
|upkeep
|turn|4
|
|t:|1757707869
|move|p2b: Adr. & Adr.|Protect|p2b: Adr. & Adr.
|-singleturn|p2b: Adr. & Adr.|Protect
|move|p2a: gbombsz|Energy Ball|p1a: Ursaluna
|-supereffective|p1a: Ursaluna
|-damage|p1a: Ursaluna|0 fnt
|faint|p1a: Ursaluna
|-damage|p2a: gbombsz|2/100 brn|[from] item: Life Orb
|move|p1b: Sinistcha|Matcha Gotcha|p2a: gbombsz|[spread] p2a
|-activate|p2b: Adr. & Adr.|move: Protect
|-damage|p2a: gbombsz|0 fnt
|-heal|p1b: Sinistcha|95/100 brn|[from] drain|[of] p2a: gbombsz
|faint|p2a: gbombsz
|
|-damage|p1b: Sinistcha|89/100 brn|[from] brn
|upkeep
|
|t:|1757707880
|switch|p2a: Speedwalker|Weavile, L50, F|100/100
|switch|p1a: Dragonite|Dragonite, L50, F|100/100
|turn|5
|inactive|PTP_VGC has 30 seconds left.
|
|t:|1757707909
|-terastallize|p2a: Speedwalker|Stellar
|-terastallize|p1a: Dragonite|Steel
|move|p2a: Speedwalker|Knock Off|p1b: Sinistcha
|-supereffective|p1b: Sinistcha
|-damage|p1b: Sinistcha|0 fnt
|-enditem|p1b: Sinistcha|Sitrus Berry|[from] move: Knock Off|[of] p2a: Speedwalker
|faint|p1b: Sinistcha
|move|p1a: Dragonite|Scale Shot|p2a: Speedwalker
|-damage|p2a: Speedwalker|76/100
|-damage|p2a: Speedwalker|53/100
|-damage|p2a: Speedwalker|27/100
|-damage|p2a: Speedwalker|0 fnt
|faint|p2a: Speedwalker
|-hitcount|p2: Speedwalker|4
|-unboost|p1a: Dragonite|def|1
|-boost|p1a: Dragonite|spe|1
|move|p2b: Adr. & Adr.|Will-O-Wisp|p1a: Dragonite
|-status|p1a: Dragonite|brn
|
|-damage|p1a: Dragonite|95/100 brn|[from] brn
|upkeep
|
|t:|1757707918
|switch|p2a: Back Pocket|Pawmot, L50, M|100/100
|turn|6
|
|t:|1757707929
|move|p1a: Dragonite|Scale Shot|p2a: Back Pocket
|-damage|p2a: Back Pocket|87/100
|-damage|p2a: Back Pocket|75/100
|-damage|p2a: Back Pocket|63/100
|-damage|p2a: Back Pocket|52/100
|-hitcount|p2a: Back Pocket|4
|-unboost|p1a: Dragonite|def|1
|-boost|p1a: Dragonite|spe|1
|move|p2a: Back Pocket|Close Combat|p1a: Dragonite
|-supereffective|p1a: Dragonite
|-damage|p1a: Dragonite|0 fnt
|-unboost|p2a: Back Pocket|def|1
|-unboost|p2a: Back Pocket|spd|1
|faint|p1a: Dragonite
|
|win|PTP_VGC
|l|☆PTP_VGC
|player|p2|
||PTP_VGC is ready for game 3.
||Volanr is ready for game 3.
|uhtml|next|Next: Game 3 of 3
