|j|☆messiahhezekiah
|j|☆Farigi no Raf
|html|messiahhezekiahFarigi no Raf    
|uhtml|bestof|Game 1 of a best-of-3
|t:|1757120233
|gametype|doubles
|player|p1|messiahhezekiah|cynthia|1161
|player|p2|Farigi no Raf|vince|1402
|gen|9
|tier|[Gen 9] VGC 2025 Reg H (Bo3)
|rated|
|rule|Species Clause: Limit one of each Pokémon
|rule|Item Clause: Limit 1 of each item
|clearpoke
|poke|p1|Dragonite, L50, M|
|poke|p1|Gholdengo, L50|
|poke|p1|Rillaboom, L50, M|
|poke|p1|Ursaluna-Bloodmoon, L50, M|
|poke|p1|Maushold-Four, L50|
|poke|p1|Annihilape, L50, M|
|poke|p2|Dragonite, L50, F|
|poke|p2|Gholdengo, L50|
|poke|p2|Sneasler, L50, F|
|poke|p2|Rillaboom, L50, M|
|poke|p2|Ursaluna-Bloodmoon, L50, M|
|poke|p2|Magmar, L50, F|
|teampreview|4
|showteam|p1|Dragonite||LoadedDice|Multiscale|ScaleShot,Haze,Tailwind,Protect|||M|||50|,,,,,Fairy]Gholdengo||LifeOrb|GoodasGold|MakeItRain,ShadowBall,NastyPlot,Protect||||||50|,,,,,Water]Rillaboom||MiracleSeed|GrassySurge|GrassyGlide,WoodHammer,HighHorsepower,FakeOut|||M|||50|,,,,,Fire]Ursaluna-Bloodmoon||AssaultVest|MindsEye|BloodMoon,EarthPower,HyperVoice,VacuumWave|||M|||50|,,,,,Water]Maushold-Four||FocusSash|FriendGuard|BeatUp,SuperFang,FollowMe,Protect||||||50|,,,,,Ghost]Annihilape||SitrusBerry|Defiant|RageFist,DrainPunch,BulkUp,Protect|||M|||50|,,,,,Fire
|showteam|p2|Dragonite||LoadedDice|Multiscale|ScaleShot,Tailwind,ExtremeSpeed,Protect|||F|||50|,,,,,Fairy]Gholdengo||LifeOrb|GoodasGold|MakeItRain,ShadowBall,NastyPlot,Protect||||||50|,,,,,Water]Sneasler||FocusSash|PoisonTouch|CloseCombat,DireClaw,Coaching,FakeOut|||F|||50|,,,,,Ghost]Rillaboom||AssaultVest|GrassySurge|WoodHammer,FakeOut,GrassyGlide,HighHorsepower|||M|||50|,,,,,Fire]Ursaluna-Bloodmoon||SilkScarf|MindsEye|HyperVoice,EarthPower,BloodMoon,Protect|||M|||50|,,,,,Water]Magmar||Eviolite|VitalSpirit|FollowMe,BurningJealousy,ClearSmog,Protect|||F|||50|,,,,,Dragon
|inactive|Battle timer is ON: inactive players will automatically lose when time's up. (requested by Farigi no Raf)
|inactive|messiahhezekiah has 60 seconds left.
|
|t:|1757120328
|teamsize|p1|4
|teamsize|p2|4
|start
|switch|p1a: Maushold|Maushold-Four, L50|100/100
|switch|p1b: Ursaluna|Ursaluna-Bloodmoon, L50, M|100/100
|switch|p2a: Magmar|Magmar, L50, F|100/100
|switch|p2b: Dragonite|Dragonite, L50, F|100/100
|turn|1
|inactive|Farigi no Raf has 30 seconds left.
|inactive|Farigi no Raf has 20 seconds left.
|inactive|Farigi no Raf has 15 seconds left.
|
|t:|1757120368
|move|p2a: Magmar|Follow Me|p2a: Magmar
|-singleturn|p2a: Magmar|move: Follow Me
|move|p1a: Maushold|Super Fang|p2a: Magmar|[miss]
|-miss|p1a: Maushold|p2a: Magmar
|move|p2b: Dragonite|Scale Shot|p1a: Maushold
|-damage|p1a: Maushold|83/100
|-damage|p1a: Maushold|64/100
|-damage|p1a: Maushold|44/100
|-damage|p1a: Maushold|25/100
|-damage|p1a: Maushold|6/100
|-hitcount|p1a: Maushold|5
|-unboost|p2b: Dragonite|def|1
|-boost|p2b: Dragonite|spe|1
|move|p1b: Ursaluna|Hyper Voice|p2a: Magmar|[spread] p2a,p2b
|-damage|p2a: Magmar|71/100
|-damage|p2b: Dragonite|82/100
|
|upkeep
|turn|2
|inactive|messiahhezekiah has 30 seconds left.
|inactive|messiahhezekiah has 20 seconds left.
|
|t:|1757120406
|move|p1a: Maushold|Protect|p1a: Maushold
|-singleturn|p1a: Maushold|Protect
|move|p2b: Dragonite|Tailwind|p2b: Dragonite
|-sidestart|p2: Farigi no Raf|move: Tailwind
|move|p2a: Magmar|Burning Jealousy|p1a: Maushold|[spread] p1b
|-activate|p1a: Maushold|move: Protect
|-damage|p1b: Ursaluna|90/100
|move|p1b: Ursaluna|Hyper Voice|p2a: Magmar|[spread] p2a,p2b
|-damage|p2a: Magmar|43/100
|-damage|p2b: Dragonite|44/100
|
|upkeep
|turn|3
|
|t:|1757120429
|move|p2b: Dragonite|Protect|p2b: Dragonite
|-singleturn|p2b: Dragonite|Protect
|move|p2a: Magmar|Burning Jealousy|p1a: Maushold|[spread] p1a,p1b
|-damage|p1a: Maushold|0 fnt
|-damage|p1b: Ursaluna|80/100
|faint|p1a: Maushold
|move|p1b: Ursaluna|Hyper Voice|p2a: Magmar|[spread] p2a
|-activate|p2b: Dragonite|move: Protect
|-damage|p2a: Magmar|16/100
|
|upkeep
|
|t:|1757120448
|switch|p1a: Annihilape|Annihilape, L50, M|100/100
|turn|4
|
|t:|1757120455
|-terastallize|p1a: Annihilape|Fire
|move|p2b: Dragonite|Scale Shot|p1b: Ursaluna
|-damage|p1b: Ursaluna|70/100
|-damage|p1b: Ursaluna|60/100
|-damage|p1b: Ursaluna|50/100
|-damage|p1b: Ursaluna|40/100
|-hitcount|p1b: Ursaluna|4
|-unboost|p2b: Dragonite|def|1
|-boost|p2b: Dragonite|spe|1
|move|p2a: Magmar|Burning Jealousy|p1b: Ursaluna|[spread] p1a,p1b
|-resisted|p1a: Annihilape
|-damage|p1a: Annihilape|92/100
|-damage|p1b: Ursaluna|27/100
|move|p1a: Annihilape|Bulk Up|p1a: Annihilape
|-boost|p1a: Annihilape|atk|1
|-boost|p1a: Annihilape|def|1
|move|p1b: Ursaluna|Hyper Voice|p2b: Dragonite|[spread] p2a,p2b
|-damage|p2a: Magmar|0 fnt
|-damage|p2b: Dragonite|6/100
|faint|p2a: Magmar
|
|upkeep
|
|t:|1757120476
|switch|p2a: Sneasler|Sneasler, L50, F|100/100
|turn|5
|inactive|messiahhezekiah has 30 seconds left.
|inactive|messiahhezekiah has 20 seconds left.
|inactive|messiahhezekiah has 15 seconds left.
|
|t:|1757120520
|move|p2a: Sneasler|Fake Out|p1b: Ursaluna
|-damage|p1b: Ursaluna|17/100
|move|p2b: Dragonite|Extreme Speed|p1b: Ursaluna
|-damage|p1b: Ursaluna|0 fnt
|faint|p1b: Ursaluna
|move|p1a: Annihilape|Drain Punch|p2a: Sneasler
|-resisted|p2a: Sneasler
|-damage|p2a: Sneasler|59/100
|-heal|p1a: Annihilape|100/100|[from] drain|[of] p2a: Sneasler
|
|-sideend|p2: Farigi no Raf|move: Tailwind
|upkeep
|
|t:|1757120531
|switch|p1b: Gholdengo|Gholdengo, L50|100/100
|turn|6
|inactive|Farigi no Raf has 30 seconds left.
|inactive|Farigi no Raf has 20 seconds left.
|inactive|Farigi no Raf has 15 seconds left.
|
|t:|1757120573
|move|p2b: Dragonite|Tailwind|p2b: Dragonite
|-sidestart|p2: Farigi no Raf|move: Tailwind
|move|p2a: Sneasler|Dire Claw|p1a: Annihilape
|-crit|p1a: Annihilape
|-damage|p1a: Annihilape|32/100
|-status|p1a: Annihilape|psn
|-enditem|p1a: Annihilape|Sitrus Berry|[eat]
|-heal|p1a: Annihilape|57/100 psn|[from] item: Sitrus Berry
|move|p1a: Annihilape|Drain Punch|p2a: Sneasler
|-resisted|p2a: Sneasler
|-crit|p2a: Sneasler
|-damage|p2a: Sneasler|0 fnt
|-heal|p1a: Annihilape|79/100 psn|[from] drain|[of] p2a: Sneasler
|faint|p2a: Sneasler
|move|p1b: Gholdengo|Make It Rain|p2b: Dragonite
|-damage|p2b: Dragonite|0 fnt
|-unboost|p1b: Gholdengo|spa|1
|faint|p2b: Dragonite
|-damage|p1b: Gholdengo|91/100|[from] item: Life Orb
|
|-damage|p1a: Annihilape|67/100 psn|[from] psn
|upkeep
|
|t:|1757120587
|switch|p2b: Gholdengo|Gholdengo, L50|100/100
|turn|7
|
|t:|1757120609
|-terastallize|p2b: Gholdengo|Water
|move|p2b: Gholdengo|Shadow Ball|p1b: Gholdengo
|-supereffective|p1b: Gholdengo
|-damage|p1b: Gholdengo|0 fnt
|faint|p1b: Gholdengo
|-damage|p2b: Gholdengo|91/100|[from] item: Life Orb
|move|p1a: Annihilape|Rage Fist|p2b: Gholdengo
|-damage|p2b: Gholdengo|0 fnt
|faint|p2b: Gholdengo
|
|win|messiahhezekiah
