|j|☆TKOWL
|j|☆grindrextremist
|html|TKOWLgrindrextremist    
|uhtml|bestof|Game 2 of a best-of-3
|t:|1757903112
|gametype|doubles
|player|p1|TKOWL|hiker-gen2|1204
|player|p2|grindrextremist|101|1175
|gen|9
|tier|[Gen 9] VGC 2025 Reg H (Bo3)
|rated|
|rule|Species Clause: Limit one of each Pokémon
|rule|Item Clause: Limit 1 of each item
|clearpoke
|poke|p1|Dragonite, L50, F|
|poke|p1|Kingambit, L50, F|
|poke|p1|Sneasler, L50, M|
|poke|p1|Rillaboom, L50, F|
|poke|p1|Volcarona, L50, F|
|poke|p1|Electabuzz, L50, F|
|poke|p2|Ninetales-Alola, L50, F|
|poke|p2|Basculegion, L50, M|
|poke|p2|Magmar, L50, M|
|poke|p2|Sneasler, L50, M|
|poke|p2|Rillaboom, L50, M|
|poke|p2|Kingambit, L50, M|
|teampreview|4
|showteam|p1|Dragonite||LoadedDice|Multiscale|ScaleShot,ExtremeSpeed,Tailwind,Protect|||F|||50|,,,,,Fairy]Kingambit||BlackGlasses|Defiant|KowtowCleave,SuckerPunch,SwordsDance,Protect|||F|||50|,,,,,Dark]Sneasler||FocusSash|PoisonTouch|DireClaw,CloseCombat,Coaching,Protect|||M|||50|,,,,,Stellar]Rillaboom||AssaultVest|GrassySurge|FakeOut,WoodHammer,GrassyGlide,HighHorsepower|||F|||50|,,,,,Fire]Volcarona||Leftovers|FlameBody|HeatWave,TeraBlast,QuiverDance,Protect|||F|||50|,,,,,Fairy]Electabuzz||Eviolite|VitalSpirit|Electroweb,FollowMe,Taunt,Protect|||F|||50|,,,,,Ghost
|showteam|p2|Ninetales-Alola||LifeOrb|SnowWarning|Blizzard,FreezeDry,IcyWind,Protect|||F|||50|,,,,,Ghost]Basculegion||ChoiceScarf|Adaptability|WaveCrash,LastRespects,FlipTurn,TeraBlast|||M|||50|,,,,,Fighting]Magmar||Eviolite|VitalSpirit|Taunt,HeatWave,FollowMe,Protect|||M|||50|,,,,,Water]Sneasler||FocusSash|PoisonTouch|CloseCombat,DireClaw,FakeOut,Protect|||M|||50|,,,,,Stellar]Rillaboom||AssaultVest|GrassySurge|WoodHammer,GrassyGlide,Uturn,FakeOut|||M|||50|,,,,,Water]Kingambit||BlackGlasses|Defiant|KowtowCleave,SuckerPunch,SwordsDance,Protect|||M|||50|,,,,,Fire
|
|t:|1757903194
|teamsize|p1|4
|teamsize|p2|4
|start
|switch|p1a: Volcarona|Volcarona, L50, F|100/100
|switch|p1b: Sneasler|Sneasler, L50, M|100/100
|switch|p2a: Ninetales|Ninetales-Alola, L50, F|100/100
|switch|p2b: Kingambit|Kingambit, L50, M|100/100
|-weather|Snowscape|[from] ability: Snow Warning|[of] p2a: Ninetales
|turn|1
|
|t:|1757903219
|-terastallize|p2b: Kingambit|Fire
|move|p1a: Volcarona|Protect|p1a: Volcarona
|-singleturn|p1a: Volcarona|Protect
|move|p1b: Sneasler|Dire Claw|p2a: Ninetales
|-supereffective|p2a: Ninetales
|-damage|p2a: Ninetales|14/100
|-status|p2a: Ninetales|par
|move|p2b: Kingambit|Swords Dance|p2b: Kingambit
|-boost|p2b: Kingambit|atk|2
|move|p2a: Ninetales|Icy Wind|p1a: Volcarona|[spread] 
|-activate|p1a: Volcarona|move: Protect
|-miss|p2a: Ninetales|p1b: Sneasler
|
|-weather|Snowscape|[upkeep]
|upkeep
|turn|2
|
|t:|1757903253
|-terastallize|p1a: Volcarona|Fairy
|move|p2a: Ninetales|Protect|p2a: Ninetales
|-singleturn|p2a: Ninetales|Protect
|move|p1b: Sneasler|Dire Claw|p2a: Ninetales
|-activate|p2a: Ninetales|move: Protect
|move|p1a: Volcarona|Quiver Dance|p1a: Volcarona
|-boost|p1a: Volcarona|spa|1
|-boost|p1a: Volcarona|spd|1
|-boost|p1a: Volcarona|spe|1
|move|p2b: Kingambit|Swords Dance|p2b: Kingambit
|-boost|p2b: Kingambit|atk|2
|
|-weather|Snowscape|[upkeep]
|upkeep
|turn|3
|
|t:|1757903270
|move|p2b: Kingambit|Sucker Punch|p1a: Volcarona
|-resisted|p1a: Volcarona
|-damage|p1a: Volcarona|12/100
|move|p1a: Volcarona|Heat Wave|p2a: Ninetales|[spread] p2b
|-miss|p1a: Volcarona|p2a: Ninetales
|-resisted|p2b: Kingambit
|-damage|p2b: Kingambit|70/100
|move|p1b: Sneasler|Dire Claw|p2b: Kingambit
|-crit|p2b: Kingambit
|-damage|p2b: Kingambit|19/100
|-status|p2b: Kingambit|par
|move|p2a: Ninetales|Blizzard|p1a: Volcarona|[spread] p1a,p1b
|-crit|p1b: Sneasler
|-damage|p1a: Volcarona|0 fnt
|-damage|p1b: Sneasler|12/100
|-status|p1b: Sneasler|frz
|faint|p1a: Volcarona
|-damage|p2a: Ninetales|5/100 par|[from] item: Life Orb
|
|-weather|Snowscape|[upkeep]
|upkeep
|
|t:|1757903285
|switch|p1a: Kingambit|Kingambit, L50, F|100/100
|turn|4
|
|t:|1757903305
|cant|p2b: Kingambit|par
|move|p1a: Kingambit|Sucker Punch||[still]
|-fail|p1a: Kingambit
|cant|p1b: Sneasler|frz
|move|p2a: Ninetales|Blizzard|p1a: Kingambit|[spread] p1a,p1b
|-resisted|p1a: Kingambit
|-crit|p1b: Sneasler
|-damage|p1a: Kingambit|81/100
|-damage|p1b: Sneasler|0 fnt
|faint|p1b: Sneasler
|-damage|p2a: Ninetales|0 fnt|[from] item: Life Orb
|faint|p2a: Ninetales
|
|-weather|Snowscape|[upkeep]
|upkeep
|
|t:|1757903318
|switch|p1b: Electabuzz|Electabuzz, L50, F|100/100
|switch|p2a: Sneasler|Sneasler, L50, M|100/100
|turn|5
|
|t:|1757903332
|move|p1a: Kingambit|Protect|p1a: Kingambit
|-singleturn|p1a: Kingambit|Protect
|move|p2a: Sneasler|Fake Out|p1a: Kingambit
|-activate|p1a: Kingambit|move: Protect
|move|p1b: Electabuzz|Electroweb|p2a: Sneasler|[spread] p2a,p2b
|-damage|p2a: Sneasler|81/100
|-damage|p2b: Kingambit|5/100 par
|-unboost|p2a: Sneasler|spe|1
|-unboost|p2b: Kingambit|spe|1
|-ability|p2b: Kingambit|Defiant|boost
|-boost|p2b: Kingambit|atk|2
|cant|p2b: Kingambit|par
|
|-weather|none
|upkeep
|turn|6
|
|t:|1757903353
|move|p1b: Electabuzz|Follow Me|p1b: Electabuzz
|-singleturn|p1b: Electabuzz|move: Follow Me
|move|p2b: Kingambit|Sucker Punch||[still]
|-fail|p2b: Kingambit
|move|p2a: Sneasler|Close Combat|p1b: Electabuzz
|-crit|p1b: Electabuzz
|-damage|p1b: Electabuzz|23/100
|-unboost|p2a: Sneasler|def|1
|-unboost|p2a: Sneasler|spd|1
|-status|p1b: Electabuzz|psn|[from] ability: Poison Touch|[of] p2a: Sneasler
|move|p1a: Kingambit|Kowtow Cleave|p2b: Kingambit
|-damage|p2b: Kingambit|0 fnt
|faint|p2b: Kingambit
|
|-damage|p1b: Electabuzz|11/100 psn|[from] psn
|upkeep
|
|t:|1757903367
|switch|p2b: Basculegion|Basculegion, L50, M|100/100
|turn|7
|
|t:|1757903384
|move|p1b: Electabuzz|Protect|p1b: Electabuzz
|-singleturn|p1b: Electabuzz|Protect
|move|p1a: Kingambit|Sucker Punch|p2a: Sneasler
|-resisted|p2a: Sneasler
|-damage|p2a: Sneasler|13/100
|move|p2b: Basculegion|Last Respects|p1b: Electabuzz
|-activate|p1b: Electabuzz|move: Protect
|move|p2a: Sneasler|Close Combat|p1a: Kingambit
|-supereffective|p1a: Kingambit
|-damage|p1a: Kingambit|0 fnt
|-unboost|p2a: Sneasler|def|1
|-unboost|p2a: Sneasler|spd|1
|faint|p1a: Kingambit
|
|-damage|p1b: Electabuzz|0 fnt|[from] psn
|faint|p1b: Electabuzz
|
|win|grindrextremist
||TKOWL is ready for game 3.
|inactive|grindrextremist has 30 seconds to confirm battle start!
||grindrextremist is ready for game 3.
|uhtml|next|Next: Game 3 of 3
|l|☆TKOWL
|player|p1|
