|j|â˜†JareMase
|j|â˜†138mysx
|html|JareMase138mysx    
|uhtml|bestof|Game 1 of a best-of-3
|t:|1785590828
|gametype|doubles
|player|p1|JareMase|102|
|player|p2|138mysx|101|
|gen|9
|tier|[Gen 9 Champions] VGC 2026 Reg M-B (Bo3)
|rule|Species Clause: Limit one of each PokÃ©mon
|rule|Item Clause: Limit 1 of each item
|clearpoke
|poke|p1|Metagross, L50|
|poke|p1|Lycanroc-Dusk, L50, F|
|poke|p1|Ninetales-Alola, L50, M|
|poke|p1|Talonflame, L50, F|
|poke|p1|Toxapex, L50, M|
|poke|p1|Hydreigon, L50, F|
|poke|p2|Charizard, L50, F|
|poke|p2|Aerodactyl, L50, F|
|poke|p2|Farigiraf, L50, F|
|poke|p2|Garchomp, L50, M|
|poke|p2|Sylveon, L50, M|
|poke|p2|Kingambit, L50, M|
|teampreview|4
|showteam|p1|Metagross||Metagrossite|ClearBody|PsychicFangs,IronHead,StompingTantrum,Protect|Jolly|||||50|]Lycanroc-Dusk||FocusSash|ToughClaws|RockSlide,Accelerock,CloseCombat,Protect|Adamant||F|||50|]Ninetales-Alola||NeverMeltIce|SnowWarning|Blizzard,FreezeDry,HelpingHand,Protect|Timid||M|||50|]Talonflame||SharpBeak|GaleWings|DualWingbeat,Tailwind,BraveBird,Protect|Jolly||F|||50|]Toxapex||Leftovers|Regenerator|Toxic,Infestation,WideGuard,BanefulBunker|Bold||M|||50|]Hydreigon||LifeOrb|Levitate|DarkPulse,DracoMeteor,EarthPower,Protect|Timid||F|||50|
|showteam|p2|Charizard||CharizarditeY|Blaze|HeatWave,SolarBeam,WeatherBall,Protect|Modest||F|||50|]Aerodactyl||Aerodactylite|Unnerve|RockSlide,DualWingbeat,IceFang,Tailwind|Jolly||F|||50|]Farigiraf||SitrusBerry|ArmorTail|Psychic,Thunderbolt,TrickRoom,Roar|Bold||F|||50|]Garchomp||LifeOrb|RoughSkin|Earthquake,DragonClaw,StompingTantrum,Protect|Jolly||M|||50|]Sylveon||FairyFeather|Pixilate|HyperVoice,HyperBeam,QuickAttack,Detect|Modest||M|||50|]Kingambit||FocusSash|Defiant|KowtowCleave,IronHead,SuckerPunch,LowKick|Adamant||M|||50|
|
|t:|1785590916
|teamsize|p1|4
|teamsize|p2|4
|start
|switch|p1a: Toxapex|Toxapex, L50, M|100/100
|switch|p1b: Lycanroc|Lycanroc-Dusk, L50, F|100/100
|switch|p2a: Aerodactyl|Aerodactyl, L50, F|100/100
|switch|p2b: Kingambit|Kingambit, L50, M|100/100
|-ability|p2a: Aerodactyl|Unnerve
|turn|1
|c|â˜†JareMase|this is so hard
|c|â˜†138mysx|Actually this Is interesting
|
|t:|1785591010
|detailschange|p2a: Aerodactyl|Aerodactyl-Mega, L50, F
|-mega|p2a: Aerodactyl|Aerodactyl|Aerodactylite
|move|p1b: Lycanroc|Protect|p1b: Lycanroc
|-singleturn|p1b: Lycanroc|Protect
|move|p2b: Kingambit|Sucker Punch||[still]
|-fail|p2b: Kingambit
|move|p2a: Aerodactyl|Dual Wingbeat|p1b: Lycanroc
|-activate|p1b: Lycanroc|move: Protect
|move|p1a: Toxapex|Infestation|p2a: Aerodactyl
|-resisted|p2a: Aerodactyl|1
|-damage|p2a: Aerodactyl|98/100
|-activate|p2a: Aerodactyl|move: Infestation|[of] p1a: Toxapex
|
|-damage|p2a: Aerodactyl|85/100|[from] move: Infestation|[partiallytrapped]
|upkeep
|turn|2
|c|â˜†138mysx|I think the opponent has to go for this Always
|c|â˜†JareMase|I have a plan
|c|â˜†JareMase|yeah I think that makes sense for them
|
|t:|1785591086
|move|p1b: Lycanroc|Accelerock|p2a: Aerodactyl
|-supereffective|p2a: Aerodactyl|1
|-damage|p2a: Aerodactyl|12/100
|move|p2a: Aerodactyl|Dual Wingbeat|p1b: Lycanroc
|-resisted|p1b: Lycanroc|1
|-damage|p1b: Lycanroc|76/100
|-resisted|p1b: Lycanroc|1
|-damage|p1b: Lycanroc|52/100
|-hitcount|p1b: Lycanroc|2
|move|p2b: Kingambit|Kowtow Cleave|p1b: Lycanroc
|-crit|p1b: Lycanroc
|-damage|p1b: Lycanroc|0 fnt
|faint|p1b: Lycanroc
|move|p1a: Toxapex|Infestation|p2b: Kingambit
|-damage|p2b: Kingambit|96/100
|-activate|p2b: Kingambit|move: Infestation|[of] p1a: Toxapex
|
|-damage|p2a: Aerodactyl|0 fnt|[from] move: Infestation|[partiallytrapped]
|faint|p2a: Aerodactyl
|-damage|p2b: Kingambit|84/100|[from] move: Infestation|[partiallytrapped]
|upkeep
|c|â˜†JareMase|yo it worked
|c|â˜†JareMase|but also I'm screwed now lol
|c|â˜†138mysx|U think so?
|
|t:|1785591118
|switch|p2a: Farigiraf|Farigiraf, L50, F|100/100
|switch|p1b: Metagross|Metagross, L50|100/100
|turn|3
|c|â˜†138mysx|Wait
|c|â˜†138mysx|I got the wrong moves on farig
|c|â˜†138mysx|Lol
|c|â˜†JareMase|lol
|c|â˜†138mysx|It was supposed to be helping hand
|c|â˜†JareMase|yeah I thought so
|c|â˜†138mysx|Now i had the threat of helping hand sucker
|
|t:|1785591192
|detailschange|p1b: Metagross|Metagross-Mega, L50
|-mega|p1b: Metagross|Metagross|Metagrossite
|move|p1b: Metagross|Stomping Tantrum|p2b: Kingambit
|-supereffective|p2b: Kingambit|1
|-damage|p2b: Kingambit|24/100
|move|p2b: Kingambit|Kowtow Cleave|p1a: Toxapex
|-damage|p1a: Toxapex|67/100
|move|p1a: Toxapex|Toxic|p2a: Farigiraf
|-status|p2a: Farigiraf|tox
|move|p2a: Farigiraf|Trick Room|p2a: Farigiraf
|-fieldstart|move: Trick Room|[of] p2a: Farigiraf
|
|-heal|p1a: Toxapex|73/100|[from] item: Leftovers
|-damage|p2a: Farigiraf|94/100 tox|[from] psn
|-damage|p2b: Kingambit|12/100|[from] move: Infestation|[partiallytrapped]
|upkeep
|turn|4
|
|t:|1785591207
|-heal|p1a: Toxapex|100/100|[from] ability: Regenerator|[silent]
|switch|p1a: Ninetales|Ninetales-Alola, L50, M|100/100
|-weather|Snowscape|[from] ability: Snow Warning|[of] p1a: Ninetales
|move|p1b: Metagross|Protect|p1b: Metagross
|-singleturn|p1b: Metagross|Protect
|move|p2a: Farigiraf|Psychic|p1a: Ninetales
|-damage|p1a: Ninetales|60/100
|move|p2b: Kingambit|Kowtow Cleave|p1a: Ninetales
|-resisted|p1a: Ninetales|1
|-damage|p1a: Ninetales|34/100
|
|-weather|Snowscape|[upkeep]
|-damage|p2a: Farigiraf|82/100 tox|[from] psn
|-end|p2b: Kingambit|Infestation|[partiallytrapped]|[silent]
|upkeep
|turn|5
|c|â˜†JareMase|oh my god
|c|â˜†JareMase|I'm stupid
|c|â˜†JareMase|i forgot infestation ends
|c|â˜†138mysx|Well
|c|â˜†JareMase|I wouldve double protected instead
|
|t:|1785591250
|move|p2a: Farigiraf|Psychic|p1b: Metagross
|-resisted|p1b: Metagross|2
|-damage|p1b: Metagross|91/100
|move|p2b: Kingambit|Kowtow Cleave|p1b: Metagross
|-supereffective|p1b: Metagross|1
|-damage|p1b: Metagross|1/100
|move|p1a: Ninetales|Blizzard|p2a: Farigiraf|[spread] p2a,p2b
|-resisted|p2b: Kingambit|1
|-damage|p2a: Farigiraf|44/100 tox
|-damage|p2b: Kingambit|0 fnt
|-enditem|p2a: Farigiraf|Sitrus Berry|[eat]
|-heal|p2a: Farigiraf|69/100 tox|[from] item: Sitrus Berry
|faint|p2b: Kingambit
|move|p1b: Metagross|Iron Head|p2a: Farigiraf
|-damage|p2a: Farigiraf|20/100y tox
|
|-weather|Snowscape|[upkeep]
|-damage|p2a: Farigiraf|2/100 tox|[from] psn
|upkeep
|c|â˜†138mysx|Wait what
|c|â˜†JareMase|no idea how that happened
|c|â˜†138mysx|Ah yeah im not glasses
|
|t:|1785591273
|switch|p2b: Garchomp|Garchomp, L50, M|100/100
|turn|6
|c|â˜†JareMase|yeah that makes sense
|c|â˜†JareMase|I have game here no matter whatr
|
|t:|1785591296
|move|p1a: Ninetales|Protect|p1a: Ninetales
|-singleturn|p1a: Ninetales|Protect
|move|p1b: Metagross|Protect|p1b: Metagross
|-singleturn|p1b: Metagross|Protect
|move|p2a: Farigiraf|Psychic|p1a: Ninetales
|-activate|p1a: Ninetales|move: Protect
|move|p2b: Garchomp|Stomping Tantrum|p1b: Metagross
|-activate|p1b: Metagross|move: Protect
|
|-weather|Snowscape|[upkeep]
|-damage|p2a: Farigiraf|0 fnt|[from] psn
|faint|p2a: Farigiraf
|upkeep
|turn|7
|
|t:|1785591305
|switch|p1a: Toxapex|Toxapex, L50, M|100/100
|move|p2b: Garchomp|Earthquake|p1b: Metagross|[spread] p1a,p1b
|-supereffective|p1a: Toxapex|1
|-supereffective|p1b: Metagross|1
|-crit|p1b: Metagross
|-damage|p1a: Toxapex|35/100
|-damage|p1b: Metagross|0 fnt
|faint|p1b: Metagross
|-damage|p2b: Garchomp|90/100|[from] item: Life Orb
|
|-weather|Snowscape|[upkeep]
|-heal|p1a: Toxapex|41/100|[from] item: Leftovers
|-fieldend|move: Trick Room
|upkeep
|
|t:|1785591310
|switch|p1b: Ninetales|Ninetales-Alola, L50, M|34/100
|turn|8
|c|â˜†138mysx|Yeah that works
|
|t:|1785591320
|move|p1b: Ninetales|Freeze-Dry|p2b: Garchomp
|-supereffective|p2b: Garchomp|2
|-damage|p2b: Garchomp|0 fnt
|faint|p2b: Garchomp
|
|win|JareMase
||JareMase is ready for game 2.
|l|â˜†138mysx
|player|p2|
|j|â˜†138mysx
|player|p2|138mysx|101|
|c|â˜†138mysx|I think
|c|â˜†138mysx|This Is interesting
|c|â˜†138mysx|But it also
|c|â˜†138mysx|Has metagross surving on 1
|l|â˜†138mysx
|player|p2|
|j|â˜†138mysx
|player|p2|138mysx|101|
|l|â˜†138mysx
|player|p2|
