|j|☆Moitamo
|j|☆axcoquette
|html|Moitamoaxcoquette    
|uhtml|bestof|Game 3 of a best-of-3
|t:|1783975716
|gametype|doubles
|player|p1|Moitamo|266|1178
|player|p2|axcoquette|maid|1254
|gen|9
|tier|[Gen 9 Champions] VGC 2026 Reg M-B (Bo3)
|rated|
|rule|Species Clause: Limit one of each Pokémon
|rule|Item Clause: Limit 1 of each item
|clearpoke
|poke|p1|Sinistcha-Masterpiece, L50, shiny|
|poke|p1|Sylveon, L50, M|
|poke|p1|Incineroar, L50, F|
|poke|p1|Metagross, L50|
|poke|p1|Raichu, L50, F, shiny|
|poke|p1|Sneasler, L50, M|
|poke|p2|Ceruledge, L50, M|
|poke|p2|Glimmora, L50, M|
|poke|p2|Weavile, L50, M|
|poke|p2|Raichu, L50, M|
|poke|p2|Whimsicott, L50, F|
|poke|p2|Milotic, L50, M|
|teampreview|4
|showteam|p1|Sinistcha-Masterpiece||OccaBerry|Hospitality|StrengthSap,TrickRoom,RagePowder,MatchaGotcha|Calm|||||50|]Sylveon||FairyFeather|Pixilate|HyperVoice,Yawn,QuickAttack,Detect|Sassy||M|||50|]Incineroar||SitrusBerry|Intimidate|DarkestLariat,FlareBlitz,PartingShot,FakeOut|Adamant||F|||50|]Metagross||Metagrossite|ClearBody|BulletPunch,IronHead,Protect,PsychicFangs|Jolly|||||50|]Raichu||RaichuniteY|LightningRod|ZapCannon,FocusBlast,VoltSwitch,Protect|Timid||F|||50|]Sneasler||WhiteHerb|Unburden|CloseCombat,FakeOut,Uturn,Coaching|Jolly||M|||50|
|showteam|p2|Ceruledge||ColburBerry|FlashFire|BitterBlade,ShadowSneak,BulkUp,Protect|Impish||M|||50|]Glimmora||Glimmoranite|ToxicDebris|SpikyShield,PowerGem,EarthPower,SludgeBomb|Timid||M|||50|]Weavile||FocusSash|Pressure|IcePunch,FakeOut,Protect,KnockOff|Jolly||M|||50|]Raichu||RaichuniteY|LightningRod|FakeOut,FocusBlast,ZapCannon,Protect|Timid||M|||50|]Whimsicott||FairyFeather|Prankster|Tailwind,Moonblast,Protect,Encore|Modest||F|||50|]Milotic||Leftovers|Competitive|Coil,Hypnosis,MuddyWater,Recover|Calm||M|||50|
|inactive|Battle timer is ON: inactive players will automatically lose when time's up. (requested by axcoquette)
|inactive|Moitamo also wants the timer to be on.
|
|t:|1783975726
|teamsize|p1|4
|teamsize|p2|4
|start
|switch|p1a: Sneasler|Sneasler, L50, M|100/100
|switch|p1b: Metagross|Metagross, L50|100/100
|switch|p2a: Weavile|Weavile, L50, M|100/100
|switch|p2b: Ceruledge|Ceruledge, L50, M|100/100
|-ability|p2a: Weavile|Pressure
|turn|1
|
|t:|1783975740
|detailschange|p1b: Metagross|Metagross-Mega, L50
|-mega|p1b: Metagross|Metagross|Metagrossite
|move|p2a: Weavile|Fake Out|p1a: Sneasler
|-damage|p1a: Sneasler|82/100
|cant|p1a: Sneasler|flinch
|move|p1b: Metagross|Psychic Fangs|p2b: Ceruledge
|-damage|p2b: Ceruledge|35/100
|move|p2b: Ceruledge|Bulk Up|p2b: Ceruledge
|-boost|p2b: Ceruledge|atk|1
|-boost|p2b: Ceruledge|def|1
|
|upkeep
|turn|2
|
|t:|1783975765
|move|p1b: Metagross|Protect|p1b: Metagross
|-singleturn|p1b: Metagross|Protect
|move|p2b: Ceruledge|Shadow Sneak|p1b: Metagross
|-activate|p1b: Metagross|move: Protect
|move|p2a: Weavile|Knock Off|p1b: Metagross
|-activate|p1b: Metagross|move: Protect
|move|p1a: Sneasler|Coaching|p1b: Metagross
|-boost|p1b: Metagross|atk|1
|-boost|p1b: Metagross|def|1
|
|upkeep
|turn|3
|
|t:|1783975777
|move|p2b: Ceruledge|Protect|p2b: Ceruledge
|-singleturn|p2b: Ceruledge|Protect
|move|p2a: Weavile|Knock Off|p1b: Metagross
|-supereffective|p1b: Metagross|1
|-damage|p1b: Metagross|62/100
|move|p1a: Sneasler|U-turn|p2a: Weavile
|-supereffective|p2a: Weavile|1
|-damage|p2a: Weavile|33/100
|
|t:|1783975780
|switch|p1a: Sinistcha|Sinistcha-Masterpiece, L50, shiny|100/100|[from] U-turn
|-heal|p1b: Metagross|87/100|[from] ability: Hospitality|[of] p1a: Sinistcha
|move|p1b: Metagross|Psychic Fangs|p2b: Ceruledge
|-activate|p2b: Ceruledge|move: Protect
|
|upkeep
|turn|4
|inactive|axcoquette has 30 seconds left.
|
|t:|1783975806
|switch|p1a: Sneasler|Sneasler, L50, M|82/100
|move|p2b: Ceruledge|Shadow Sneak|p1a: Sneasler
|-damage|p1a: Sneasler|51/100
|move|p2a: Weavile|Knock Off|p1a: Sneasler
|-resisted|p1a: Sneasler|1
|-damage|p1a: Sneasler|24/100
|-enditem|p1a: Sneasler|White Herb|[from] move: Knock Off|[of] p2a: Weavile
|move|p1b: Metagross|Psychic Fangs|p2b: Ceruledge
|-damage|p2b: Ceruledge|0 fnt
|faint|p2b: Ceruledge
|
|upkeep
|
|t:|1783975814
|switch|p2b: Milotic|Milotic, L50, M|100/100
|turn|5
|
|t:|1783975820
|move|p2a: Weavile|Protect|p2a: Weavile
|-singleturn|p2a: Weavile|Protect
|move|p1b: Metagross|Bullet Punch|p2a: Weavile
|-activate|p2a: Weavile|move: Protect
|move|p1a: Sneasler|Coaching|p1b: Metagross
|-boost|p1b: Metagross|atk|1
|-boost|p1b: Metagross|def|1
|move|p2b: Milotic|Hypnosis|p1b: Metagross|[miss]
|-miss|p2b: Milotic|p1b: Metagross
|
|upkeep
|turn|6
|
|t:|1783975833
|move|p2a: Weavile|Protect||[still]
|-fail|p2a: Weavile
|move|p1a: Sneasler|Coaching|p1b: Metagross
|-boost|p1b: Metagross|atk|1
|-boost|p1b: Metagross|def|1
|move|p1b: Metagross|Psychic Fangs|p2b: Milotic
|-damage|p2b: Milotic|0 fnt
|faint|p2b: Milotic
|
|upkeep
|-message|axcoquette forfeited.
|
|win|Moitamo
|raw|Moitamo's rating: 1178 → 1208(+30 for winning)
|raw|axcoquette's rating: 1254 → 1224(-30 for losing)
