|j|☆KPR21
|j|☆monsoonisbest
|html|KPR21monsoonisbest    
|uhtml|bestof|Game 3 of a best-of-3
|t:|1783802755
|gametype|doubles
|player|p1|KPR21|marshal|1160
|player|p2|monsoonisbest|101|1179
|gen|9
|tier|[Gen 9 Champions] VGC 2026 Reg M-B (Bo3)
|rated|
|rule|Species Clause: Limit one of each Pokémon
|rule|Item Clause: Limit 1 of each item
|clearpoke
|poke|p1|Torkoal, L50, M|
|poke|p1|Pyroar, L50, F|
|poke|p1|Whimsicott, L50, M|
|poke|p1|Farigiraf, L50, F|
|poke|p1|Mamoswine, L50, M|
|poke|p1|Vileplume, L50, F|
|poke|p2|Gengar, L50, F|
|poke|p2|Incineroar, L50, F|
|poke|p2|Politoed, L50, M, shiny|
|poke|p2|Archaludon, L50, M|
|poke|p2|Vivillon, L50, F|
|poke|p2|Swampert, L50, F|
|teampreview|4
|showteam|p1|Torkoal||Charcoal|Drought|Protect,HelpingHand,Eruption,Flamethrower|Modest||M|||50|]Pyroar||Pyroarite|Unnerve|HeatWave,SolarBeam,Overheat,Protect|Timid||F|||50|]Whimsicott||FocusSash|Prankster|Moonblast,SunnyDay,Tailwind,Protect|Timid||M|||50|]Farigiraf||SitrusBerry|ArmorTail|TwinBeam,Thunderbolt,TrickRoom,HelpingHand|Bold||F|||50|]Mamoswine||NeverMeltIce|ThickFat|IceShard,Protect,HighHorsepower,SmackDown|Adamant||M|||50|]Vileplume||BigRoot|Chlorophyll|Protect,StrengthSap,GigaDrain,LeechSeed|Modest||F|||50|
|showteam|p2|Gengar||Gengarite|CursedBody|ShadowBall,SludgeBomb,PerishSong,Protect|Timid||F|||50|]Incineroar||PasshoBerry|Intimidate|PartingShot,DarkestLariat,Protect,FakeOut|Sassy||F|||50|]Politoed||SitrusBerry|Drizzle|WeatherBall,PerishSong,Encore,Protect|Calm||M|||50|]Archaludon||Leftovers|Stamina|DragonPulse,FlashCannon,ElectroShot,Protect|Bold||M|||50|]Vivillon||FocusSash|CompoundEyes|Hurricane,SleepPowder,RagePowder,Protect|Timid||F|||50|]Swampert||Swampertite|Torrent|WaveCrash,IcePunch,Earthquake,Protect|Adamant||F|||50|
|inactive|Battle timer is ON: inactive players will automatically lose when time's up. (requested by KPR21)
|
|t:|1783802794
|teamsize|p1|4
|teamsize|p2|4
|start
|switch|p1a: Whimsicott|Whimsicott, L50, M|100/100
|switch|p1b: Farigiraf|Farigiraf, L50, F|100/100
|switch|p2a: Vivillon|Vivillon, L50, F|100/100
|switch|p2b: Gengar|Gengar, L50, F|100/100
|turn|1
|inactive|KPR21 has 30 seconds left.
|
|t:|1783802824
|detailschange|p2b: Gengar|Gengar-Mega, L50, F
|-mega|p2b: Gengar|Gengar|Gengarite
|move|p1a: Whimsicott|Tailwind|p1a: Whimsicott
|-sidestart|p1: KPR21|move: Tailwind
|move|p2b: Gengar|Perish Song|p2b: Gengar
|-start|p1a: Whimsicott|perish3|[silent]
|-start|p1b: Farigiraf|perish3|[silent]
|-start|p2a: Vivillon|perish3|[silent]
|-start|p2b: Gengar|perish3|[silent]
|-fieldactivate|move: Perish Song
|move|p1b: Farigiraf|Twin Beam|p2b: Gengar
|-supereffective|p2b: Gengar|1
|-damage|p2b: Gengar|67/100
|-supereffective|p2b: Gengar|1
|-damage|p2b: Gengar|36/100
|-hitcount|p2b: Gengar|2
|move|p2a: Vivillon|Sleep Powder|p1b: Farigiraf
|-status|p1b: Farigiraf|slp|[from] move: Sleep Powder
|
|-start|p1a: Whimsicott|perish3
|-start|p2b: Gengar|perish3
|-start|p1b: Farigiraf|perish3
|-start|p2a: Vivillon|perish3
|upkeep
|turn|2
|inactive|KPR21 has 30 seconds left.
|inactive|monsoonisbest has 30 seconds left.
|
|t:|1783802855
|move|p1a: Whimsicott|Moonblast|p2b: Gengar
|-resisted|p2b: Gengar|1
|-damage|p2b: Gengar|19/100
|move|p2b: Gengar|Sludge Bomb|p1a: Whimsicott
|-supereffective|p1a: Whimsicott|2
|-enditem|p1a: Whimsicott|Focus Sash
|-damage|p1a: Whimsicott|1/100
|-status|p1a: Whimsicott|psn
|cant|p1b: Farigiraf|slp
|move|p2a: Vivillon|Hurricane|p1a: Whimsicott
|-supereffective|p1a: Whimsicott|1
|-damage|p1a: Whimsicott|0 fnt
|faint|p1a: Whimsicott
|
|-start|p2b: Gengar|perish2
|-start|p1b: Farigiraf|perish2
|-start|p2a: Vivillon|perish2
|upkeep
|
|t:|1783802872
|switch|p1a: Torkoal|Torkoal, L50, M|100/100
|-weather|SunnyDay|[from] ability: Drought|[of] p1a: Torkoal
|turn|3
|
|t:|1783802896
|move|p2b: Gengar|Sludge Bomb|p1b: Farigiraf
|-damage|p1b: Farigiraf|61/100 slp
|cant|p1b: Farigiraf|slp
|move|p2a: Vivillon|Sleep Powder|p1a: Torkoal
|-status|p1a: Torkoal|slp|[from] move: Sleep Powder
|cant|p1a: Torkoal|slp
|
|-weather|SunnyDay|[upkeep]
|-start|p2b: Gengar|perish1
|-start|p1b: Farigiraf|perish1
|-start|p2a: Vivillon|perish1
|upkeep
|turn|4
|
|t:|1783802919
|switch|p2b: Incineroar|Incineroar, L50, F|100/100
|-ability|p2b: Incineroar|Intimidate|boost
|-unboost|p1a: Torkoal|atk|1
|-unboost|p1b: Farigiraf|atk|1
|switch|p2a: Politoed|Politoed, L50, M, shiny|100/100
|-weather|RainDance|[from] ability: Drizzle|[of] p2a: Politoed
|-curestatus|p1b: Farigiraf|slp|[msg]
|move|p1b: Farigiraf|Thunderbolt|p2a: Politoed
|-supereffective|p2a: Politoed|1
|-damage|p2a: Politoed|62/100
|-curestatus|p1a: Torkoal|slp|[msg]
|move|p1a: Torkoal|Eruption|p2b: Incineroar|[spread] p2a,p2b
|-resisted|p2a: Politoed|1
|-resisted|p2b: Incineroar|1
|-crit|p2b: Incineroar
|-damage|p2a: Politoed|51/100
|-damage|p2b: Incineroar|86/100
|
|-weather|RainDance|[upkeep]
|-start|p1b: Farigiraf|perish0
|-sideend|p1: KPR21|move: Tailwind
|upkeep
|faint|p1b: Farigiraf
|
|t:|1783802933
|switch|p1b: Vileplume|Vileplume, L50, F|100/100
|turn|5
|
|t:|1783802952
|move|p2b: Incineroar|Fake Out|p1b: Vileplume
|-damage|p1b: Vileplume|87/100
|cant|p1b: Vileplume|flinch
|move|p2a: Politoed|Perish Song|p2a: Politoed
|-start|p1a: Torkoal|perish3|[silent]
|-start|p1b: Vileplume|perish3|[silent]
|-start|p2a: Politoed|perish3|[silent]
|-start|p2b: Incineroar|perish3|[silent]
|-fieldactivate|move: Perish Song
|move|p1a: Torkoal|Eruption|p2a: Politoed|[spread] p2a,p2b
|-resisted|p2a: Politoed|1
|-resisted|p2b: Incineroar|1
|-damage|p2a: Politoed|41/100
|-damage|p2b: Incineroar|77/100
|-enditem|p2a: Politoed|Sitrus Berry|[eat]
|-heal|p2a: Politoed|65/100|[from] item: Sitrus Berry
|
|-weather|RainDance|[upkeep]
|-start|p1b: Vileplume|perish3
|-start|p2a: Politoed|perish3
|-start|p2b: Incineroar|perish3
|-start|p1a: Torkoal|perish3
|upkeep
|turn|6
|
|t:|1783802971
|move|p1b: Vileplume|Giga Drain|p2a: Politoed
|-supereffective|p2a: Politoed|1
|-damage|p2a: Politoed|11/100
|-heal|p1b: Vileplume|100/100|[from] drain|[of] p2a: Politoed
|move|p2a: Politoed|Weather Ball|p1a: Torkoal
|-supereffective|p1a: Torkoal|1
|-damage|p1a: Torkoal|0 fnt
|faint|p1a: Torkoal
|move|p2b: Incineroar|Darkest Lariat|p1b: Vileplume
|-damage|p1b: Vileplume|57/100
|
|-weather|RainDance|[upkeep]
|-start|p1b: Vileplume|perish2
|-start|p2a: Politoed|perish2
|-start|p2b: Incineroar|perish2
|upkeep
|turn|7
|
|t:|1783802980
|move|p2a: Politoed|Protect|p2a: Politoed
|-singleturn|p2a: Politoed|Protect
|move|p2b: Incineroar|Protect|p2b: Incineroar
|-singleturn|p2b: Incineroar|Protect
|move|p1b: Vileplume|Giga Drain|p2a: Politoed
|-activate|p2a: Politoed|move: Protect
|
|-weather|RainDance|[upkeep]
|-start|p1b: Vileplume|perish1
|-start|p2a: Politoed|perish1
|-start|p2b: Incineroar|perish1
|upkeep
|turn|8
|
|t:|1783802984
|move|p2a: Politoed|Protect||[still]
|-fail|p2a: Politoed
|move|p2b: Incineroar|Protect||[still]
|-fail|p2b: Incineroar
|move|p1b: Vileplume|Giga Drain|p2a: Politoed
|-supereffective|p2a: Politoed|1
|-damage|p2a: Politoed|0 fnt
|-heal|p1b: Vileplume|65/100|[from] drain|[of] p2a: Politoed
|faint|p2a: Politoed
|
|-weather|none
|-start|p1b: Vileplume|perish0
|-start|p2b: Incineroar|perish0
|upkeep
|faint|p1b: Vileplume
|faint|p2b: Incineroar
|
|win|monsoonisbest
|raw|KPR21's rating: 1160 → 1136(-24 for losing)
|raw|monsoonisbest's rating: 1179 → 1203(+24 for winning)
