|j|☆dotKuro
|j|☆PaiBrazdoswing
|html|dotKuroPaiBrazdoswing    
|uhtml|bestof|Game 2 of a best-of-3
|t:|1755379741
|gametype|doubles
|player|p1|dotKuro|102|1248
|player|p2|PaiBrazdoswing|bugcatcher-gen4dp|1200
|gen|9
|tier|[Gen 9] VGC 2025 Reg H (Bo3)
|rated|
|rule|Species Clause: Limit one of each Pokémon
|rule|Item Clause: Limit 1 of each item
|clearpoke
|poke|p1|Garchomp, L50, M|
|poke|p1|Tyranitar, L50, M|
|poke|p1|Corviknight, L50, M|
|poke|p1|Gholdengo, L50|
|poke|p1|Kilowattrel, L50, M|
|poke|p1|Dragapult, L50, F|
|poke|p2|Archaludon, L50, M|
|poke|p2|Pelipper, L50, F|
|poke|p2|Incineroar, L50, M|
|poke|p2|Gholdengo, L50|
|poke|p2|Annihilape, L50, M|
|poke|p2|Whimsicott, L50, M|
|teampreview|4
|showteam|p1|Garchomp||Leftovers|SandVeil|Earthquake,DragonClaw,Substitute,Protect|||M|||50|,,,,,Steel]Tyranitar||AssaultVest|SandStream|KnockOff,RockSlide,LowKick,TeraBlast|||M|||50|,,,,,Grass]Corviknight||SitrusBerry|MirrorArmor|BraveBird,BodyPress,Tailwind,Roost|||M|||50|,,,,,Fighting]Gholdengo||ChoiceSpecs|GoodasGold|MakeItRain,ShadowBall,Trick,Protect||||||50|,,,,,Steel]Kilowattrel||FocusSash|Competitive|AirSlash,Thunderbolt,Protect,Tailwind|||M|||50|,,,,,Ghost]Dragapult||LifeOrb|Infiltrator|DracoMeteor,ShadowBall,Flamethrower,Protect|||F|||50|,,,,,Stellar
|showteam|p2|Archaludon||AssaultVest|Stamina|ElectroShot,DracoMeteor,FlashCannon,BodyPress|||M|||50|,,,,,Grass]Pelipper||FocusSash|Drizzle|WeatherBall,Hurricane,Tailwind,Protect|||F|||50|,,,,,Ghost]Incineroar||SafetyGoggles|Intimidate|FlareBlitz,KnockOff,FakeOut,PartingShot|||M|||50|,,,,,Ghost]Gholdengo||LifeOrb|GoodasGold|MakeItRain,ShadowBall,NastyPlot,Protect||||||50|,,,,,Water]Annihilape||Leftovers|Defiant|Protect,BulkUp,DrainPunch,RageFist|||M|||50|,,,,,Water]Whimsicott||CovertCloak|Prankster|Moonblast,Tailwind,BeatUp,Encore|||M|||50|,,,,,Dark
|
|t:|1755379785
|teamsize|p1|4
|teamsize|p2|4
|start
|switch|p1a: Kilowattrel|Kilowattrel, L50, M|100/100
|switch|p1b: Dragapult|Dragapult, L50, F|100/100
|switch|p2a: Pompom|Whimsicott, L50, M, shiny|100/100
|switch|p2b: Gholdengo|Gholdengo, L50|100/100
|turn|1
|l|☆PaiBrazdoswing
|player|p2|
|j|☆PaiBrazdoswing
|player|p2|PaiBrazdoswing|bugcatcher-gen4dp|
|inactive|Battle timer is ON: inactive players will automatically lose when time's up. (requested by dotKuro)
|
|t:|1755379878
|switch|p1b: Tyranitar|Tyranitar, L50, M|100/100
|-weather|Sandstorm|[from] ability: Sand Stream|[of] p1b: Tyranitar
|move|p2a: Pompom|Tailwind|p2a: Pompom
|-sidestart|p2: PaiBrazdoswing|move: Tailwind
|move|p2b: Gholdengo|Nasty Plot|p2b: Gholdengo
|-boost|p2b: Gholdengo|spa|2
|move|p1a: Kilowattrel|Thunderbolt|p2b: Gholdengo
|-crit|p2b: Gholdengo
|-damage|p2b: Gholdengo|37/100
|
|-weather|Sandstorm|[upkeep]
|-damage|p2a: Pompom|94/100|[from] Sandstorm
|-damage|p1a: Kilowattrel|94/100|[from] Sandstorm
|upkeep
|turn|2
|inactive|dotKuro has 30 seconds left.
|inactive|dotKuro has 20 seconds left.
|
|t:|1755379916
|switch|p2a: Pelipper|Pelipper, L50, F|100/100
|-weather|RainDance|[from] ability: Drizzle|[of] p2a: Pelipper
|-terastallize|p1b: Tyranitar|Grass
|move|p1a: Kilowattrel|Protect|p1a: Kilowattrel
|-singleturn|p1a: Kilowattrel|Protect
|move|p2b: Gholdengo|Make It Rain|p1a: Kilowattrel|[spread] p1b
|-activate|p1a: Kilowattrel|move: Protect
|-damage|p1b: Tyranitar|52/100
|-unboost|p2b: Gholdengo|spa|1
|-damage|p2b: Gholdengo|27/100|[from] item: Life Orb
|move|p1b: Tyranitar|Knock Off|p2b: Gholdengo
|-supereffective|p2b: Gholdengo
|-damage|p2b: Gholdengo|0 fnt
|-enditem|p2b: Gholdengo|Life Orb|[from] move: Knock Off|[of] p1b: Tyranitar
|faint|p2b: Gholdengo
|
|-weather|RainDance|[upkeep]
|upkeep
|
|t:|1755379932
|switch|p2b: Pompom|Whimsicott, L50, M, shiny|94/100
|turn|3
|
|t:|1755379950
|switch|p1a: Gholdengo|Gholdengo, L50|100/100
|switch|p1b: Dragapult|Dragapult, L50, F|100/100
|move|p2b: Pompom|Encore|p1a: Gholdengo
|-immune|p1a: Gholdengo|[from] ability: Good as Gold
|move|p2a: Pelipper|Hurricane|p1b: Dragapult
|-damage|p1b: Dragapult|35/100
|
|-weather|RainDance|[upkeep]
|upkeep
|turn|4
|
|t:|1755379970
|switch|p2b: Archaludon|Archaludon, L50, M|100/100
|switch|p1b: Kilowattrel|Kilowattrel, L50, M|94/100
|move|p2a: Pelipper|Weather Ball|p1a: Gholdengo
|-damage|p1a: Gholdengo|15/100
|move|p1a: Gholdengo|Make It Rain|p2b: Archaludon|[spread] p2a,p2b
|-resisted|p2a: Pelipper
|-resisted|p2b: Archaludon
|-damage|p2a: Pelipper|40/100
|-damage|p2b: Archaludon|75/100
|-unboost|p1a: Gholdengo|spa|1
|-ability|p2b: Archaludon|Stamina|boost
|-boost|p2b: Archaludon|def|1
|
|-weather|RainDance|[upkeep]
|-sideend|p2: PaiBrazdoswing|move: Tailwind
|upkeep
|turn|5
|inactive|PaiBrazdoswing has 30 seconds left.
|
|t:|1755380003
|switch|p1a: Tyranitar|Tyranitar, L50, M, tera:Grass|52/100
|-weather|Sandstorm|[from] ability: Sand Stream|[of] p1a: Tyranitar
|move|p1b: Kilowattrel|Tailwind|p1b: Kilowattrel
|-sidestart|p1: dotKuro|move: Tailwind
|move|p2b: Archaludon|Body Press|p1b: Kilowattrel
|-resisted|p1b: Kilowattrel
|-damage|p1b: Kilowattrel|58/100
|move|p2a: Pelipper|Tailwind|p2a: Pelipper
|-sidestart|p2: PaiBrazdoswing|move: Tailwind
|
|-weather|Sandstorm|[upkeep]
|-damage|p1b: Kilowattrel|52/100|[from] Sandstorm
|-damage|p2a: Pelipper|34/100|[from] Sandstorm
|-damage|p1a: Tyranitar|46/100|[from] Sandstorm
|upkeep
|turn|6
|inactive|dotKuro has 30 seconds left.
|inactive|PaiBrazdoswing has 30 seconds left.
|inactive|dotKuro has 20 seconds left.
|inactive|PaiBrazdoswing has 20 seconds left.
|
|t:|1755380041
|switch|p2a: Pompom|Whimsicott, L50, M, shiny|94/100
|switch|p1a: Gholdengo|Gholdengo, L50|15/100
|move|p1b: Kilowattrel|Air Slash|p2a: Pompom
|-supereffective|p2a: Pompom
|-damage|p2a: Pompom|15/100
|move|p2b: Archaludon|Body Press|p1a: Gholdengo
|-immune|p1a: Gholdengo
|
|-weather|Sandstorm|[upkeep]
|-damage|p1b: Kilowattrel|45/100|[from] Sandstorm
|-damage|p2a: Pompom|9/100|[from] Sandstorm
|upkeep
|turn|7
|inactive|dotKuro has 30 seconds left.
|
|t:|1755380069
|move|p1b: Kilowattrel|Air Slash|p2a: Pompom
|-supereffective|p2a: Pompom
|-damage|p2a: Pompom|0 fnt
|faint|p2a: Pompom
|move|p1a: Gholdengo|Make It Rain|p2b: Archaludon
|-resisted|p2b: Archaludon
|-damage|p2b: Archaludon|38/100
|-unboost|p1a: Gholdengo|spa|1
|-ability|p2b: Archaludon|Stamina|boost
|-boost|p2b: Archaludon|def|1
|move|p2b: Archaludon|Flash Cannon|p1a: Gholdengo
|-resisted|p1a: Gholdengo
|-damage|p1a: Gholdengo|0 fnt
|faint|p1a: Gholdengo
|
|-weather|Sandstorm|[upkeep]
|-damage|p1b: Kilowattrel|39/100|[from] Sandstorm
|upkeep
|inactive|dotKuro has 30 seconds left.
|
|t:|1755380098
|switch|p2a: Pelipper|Pelipper, L50, F|34/100
|switch|p1a: Dragapult|Dragapult, L50, F|35/100
|-weather|RainDance|[from] ability: Drizzle|[of] p2a: Pelipper
|turn|8
|-message|PaiBrazdoswing forfeited.
|raw|dotKuro's rating: 1248 → 1270(+22 for winning)
|raw|PaiBrazdoswing's rating: 1200 → 1178(-22 for losing)
|
|win|dotKuro
