|j|☆Retking
|j|☆Zacharykeith
|html|RetkingZacharykeith    
|uhtml|bestof|Game 1 of a best-of-3
|t:|1756339694
|gametype|doubles
|player|p1|Retking|n|1116
|player|p2|Zacharykeith|fisherman-gen4|1130
|gen|9
|tier|[Gen 9] VGC 2025 Reg H (Bo3)
|rated|
|rule|Species Clause: Limit one of each Pokémon
|rule|Item Clause: Limit 1 of each item
|clearpoke
|poke|p1|Gholdengo, L50|
|poke|p1|Sneasler, L50, M|
|poke|p1|Rillaboom, L50, M|
|poke|p1|Dragonite, L50, M|
|poke|p1|Ninetales-Alola, L50, M|
|poke|p1|Arcanine-Hisui, L50, F|
|poke|p2|Rillaboom, L50, F|
|poke|p2|Infernape, L50, F|
|poke|p2|Electabuzz, L50, M|
|poke|p2|Kingambit, L50, M|
|poke|p2|Primarina, L50, M|
|poke|p2|Dragapult, L50, M|
|teampreview|4
|showteam|p1|Gholdengo||GrassySeed|GoodasGold|NastyPlot,MakeItRain,ShadowBall,Protect||||||50|,,,,,Water]Sneasler||WhiteHerb|Unburden|CloseCombat,DireClaw,Coaching,Protect|||M|||50|,,,,,Ghost]Rillaboom||AssaultVest|GrassySurge|FakeOut,GrassyGlide,DrumBeating,HighHorsepower|||M|||50|,,,,,Fire]Dragonite||LoadedDice|Multiscale|ScaleShot,StompingTantrum,Tailwind,Protect|||M|||50|,,,,,Ground]Ninetales-Alola||FocusSash|SnowWarning|Blizzard,IcyWind,Encore,AuroraVeil|||M|||50|,,,,,Ghost]Arcanine-Hisui||ClearAmulet|Intimidate|RockSlide,FlareBlitz,ExtremeSpeed,Protect|||F|||50|,,,,,Water
|showteam|p2|Rillaboom||AssaultVest|GrassySurge|FakeOut,GrassyGlide,WoodHammer,HighHorsepower|||F|||50|,,,,,Fire]Infernape||ClearAmulet|IronFist|FakeOut,FirePunch,CloseCombat,Protect|||F|||50|,,,,,Fire]Electabuzz||Eviolite|VitalSpirit|VoltSwitch,Electroweb,FollowMe,Taunt|||M|||50|,,,,,Ghost]Kingambit||BlackGlasses|Defiant|SuckerPunch,KowtowCleave,SwordsDance,Protect|||M|||50|,,,,,Dark]Primarina||ThroatSpray|LiquidVoice|HyperVoice,Moonblast,Haze,Protect|||M|||50|,,,,,Steel]Dragapult||ChoiceBand|ClearBody|DragonDarts,PhantomForce,Uturn,Outrage|||M|||50|,,,,,Dragon
|inactive|Battle timer is ON: inactive players will automatically lose when time's up. (requested by Retking)
|inactive|Retking has 60 seconds left.
|inactive|Zacharykeith has 60 seconds left.
|inactive|Zacharykeith has 30 seconds left.
|
|t:|1756339760
|teamsize|p1|4
|teamsize|p2|4
|start
|switch|p1a: Sneasler|Sneasler, L50, M|100/100
|switch|p1b: Dragonite|Dragonite, L50, M|100/100
|switch|p2a: Dragapult|Dragapult, L50, M|100/100
|switch|p2b: Electabuzz|Electabuzz, L50, M|100/100
|turn|1
|inactive|Retking has 30 seconds left.
|
|t:|1756339788
|-terastallize|p2a: Dragapult|Dragon
|-terastallize|p1b: Dragonite|Ground
|move|p2b: Electabuzz|Follow Me|p2b: Electabuzz
|-singleturn|p2b: Electabuzz|move: Follow Me
|move|p2a: Dragapult|Dragon Darts|p1b: Dragonite
|-damage|p1b: Dragonite|72/100
|-anim|p2a: Dragapult|Dragon Darts|p1a: Sneasler
|-damage|p1a: Sneasler|36/100
|move|p1a: Sneasler|Close Combat|p2b: Electabuzz
|-damage|p2b: Electabuzz|50/100
|-unboost|p1a: Sneasler|def|1
|-unboost|p1a: Sneasler|spd|1
|-enditem|p1a: Sneasler|White Herb
|-clearnegativeboost|p1a: Sneasler|[silent]
|move|p1b: Dragonite|Scale Shot|p2b: Electabuzz
|-damage|p2b: Electabuzz|37/100
|-damage|p2b: Electabuzz|26/100
|-damage|p2b: Electabuzz|14/100
|-damage|p2b: Electabuzz|2/100
|-damage|p2b: Electabuzz|0 fnt
|faint|p2b: Electabuzz
|-hitcount|p2: Electabuzz|5
|-unboost|p1b: Dragonite|def|1
|-boost|p1b: Dragonite|spe|1
|
|upkeep
|
|t:|1756339812
|switch|p2b: Rillaboom|Rillaboom, L50, F|100/100
|-fieldstart|move: Grassy Terrain|[from] ability: Grassy Surge|[of] p2b: Rillaboom
|turn|2
|
|t:|1756339827
|switch|p1b: Ninetales|Ninetales-Alola, L50, M|100/100
|-weather|Snowscape|[from] ability: Snow Warning|[of] p1b: Ninetales
|move|p1a: Sneasler|Protect|p1a: Sneasler
|-singleturn|p1a: Sneasler|Protect
|move|p2b: Rillaboom|Fake Out|p1b: Ninetales
|-damage|p1b: Ninetales|87/100
|move|p2a: Dragapult|Dragon Darts|p1b: Ninetales
|-immune|p1b: Ninetales
|
|-weather|Snowscape|[upkeep]
|-heal|p1a: Sneasler|42/100|[from] Grassy Terrain
|-heal|p1b: Ninetales|93/100|[from] Grassy Terrain
|upkeep
|turn|3
|
|t:|1756339847
|switch|p2b: Infernape|Infernape, L50, F|100/100
|move|p1a: Sneasler|Dire Claw|p2a: Dragapult
|-damage|p2a: Dragapult|47/100
|-status|p2a: Dragapult|psn
|move|p2a: Dragapult|Dragon Darts|p1a: Sneasler
|-damage|p1a: Sneasler|0 fnt
|faint|p1a: Sneasler
|move|p1b: Ninetales|Blizzard|p2a: Dragapult|[spread] p2a,p2b
|-supereffective|p2a: Dragapult
|-resisted|p2b: Infernape
|-damage|p2a: Dragapult|0 fnt
|-damage|p2b: Infernape|77/100
|faint|p2a: Dragapult
|
|-weather|Snowscape|[upkeep]
|-heal|p1b: Ninetales|99/100|[from] Grassy Terrain
|-heal|p2b: Infernape|83/100|[from] Grassy Terrain
|upkeep
|
|t:|1756339868
|switch|p2a: Rillaboom|Rillaboom, L50, F|100/100
|switch|p1a: Dragonite|Dragonite, L50, M, tera:Ground|72/100
|turn|4
|inactive|Zacharykeith has 30 seconds left.
|
|t:|1756339895
|move|p2a: Rillaboom|Grassy Glide|p1a: Dragonite
|-supereffective|p1a: Dragonite
|-damage|p1a: Dragonite|0 fnt
|faint|p1a: Dragonite
|move|p1b: Ninetales|Aurora Veil|p1b: Ninetales
|-sidestart|p1: Retking|move: Aurora Veil
|move|p2b: Infernape|Fire Punch|p1b: Ninetales
|-supereffective|p1b: Ninetales
|-damage|p1b: Ninetales|40/100
|
|-weather|Snowscape|[upkeep]
|-heal|p1b: Ninetales|46/100|[from] Grassy Terrain
|-heal|p2b: Infernape|89/100|[from] Grassy Terrain
|upkeep
|
|t:|1756339909
|switch|p1a: Gholdengo|Gholdengo, L50|100/100
|-enditem|p1a: Gholdengo|Grassy Seed
|-boost|p1a: Gholdengo|def|1|[from] item: Grassy Seed
|turn|5
|
|t:|1756339930
|move|p2a: Rillaboom|Grassy Glide|p1b: Ninetales
|-damage|p1b: Ninetales|22/100
|move|p1b: Ninetales|Encore|p2a: Rillaboom
|-start|p2a: Rillaboom|Encore
|move|p2b: Infernape|Fire Punch|p1b: Ninetales
|-supereffective|p1b: Ninetales
|-damage|p1b: Ninetales|0 fnt
|faint|p1b: Ninetales
|move|p1a: Gholdengo|Nasty Plot|p1a: Gholdengo
|-boost|p1a: Gholdengo|spa|2
|
|-weather|Snowscape|[upkeep]
|-heal|p2b: Infernape|95/100|[from] Grassy Terrain
|upkeep
|turn|6
|
|t:|1756339946
|move|p2b: Infernape|Protect|p2b: Infernape
|-singleturn|p2b: Infernape|Protect
|move|p2a: Rillaboom|Grassy Glide|p1a: Gholdengo
|-resisted|p1a: Gholdengo
|-damage|p1a: Gholdengo|93/100
|move|p1a: Gholdengo|Shadow Ball|p2b: Infernape
|-activate|p2b: Infernape|move: Protect
|
|-weather|none
|-heal|p2b: Infernape|100/100|[from] Grassy Terrain
|-heal|p1a: Gholdengo|99/100|[from] Grassy Terrain
|-fieldend|move: Grassy Terrain
|upkeep
|turn|7
|
|t:|1756339965
|move|p2b: Infernape|Fire Punch|p1a: Gholdengo
|-supereffective|p1a: Gholdengo
|-damage|p1a: Gholdengo|64/100
|move|p1a: Gholdengo|Shadow Ball|p2b: Infernape
|-crit|p2b: Infernape
|-damage|p2b: Infernape|0 fnt
|faint|p2b: Infernape
|move|p2a: Rillaboom|Grassy Glide|p1a: Gholdengo
|-resisted|p1a: Gholdengo
|-damage|p1a: Gholdengo|58/100
|
|upkeep
|turn|8
|
|t:|1756339976
|move|p1a: Gholdengo|Make It Rain|p2a: Rillaboom
|-damage|p2a: Rillaboom|19/100
|-unboost|p1a: Gholdengo|spa|1
|move|p2a: Rillaboom|Grassy Glide|p1a: Gholdengo
|-resisted|p1a: Gholdengo
|-damage|p1a: Gholdengo|52/100
|
|-end|p2a: Rillaboom|Encore
|-sideend|p1: Retking|move: Aurora Veil
|upkeep
|turn|9
|
|t:|1756339984
|move|p1a: Gholdengo|Make It Rain|p2a: Rillaboom
|-damage|p2a: Rillaboom|0 fnt
|-unboost|p1a: Gholdengo|spa|1
|faint|p2a: Rillaboom
|
|win|Retking
