|j|☆bingvin0215
|j|☆cannedcron
|html|bingvin0215cannedcron    
|uhtml|bestof|Game 1 of a best-of-3
|t:|1785980469
|gametype|doubles
|player|p1|bingvin0215|2|
|player|p2|cannedcron|clown|
|gen|9
|tier|[Gen 9 Champions] VGC 2026 Reg M-B (Bo3)
|rule|Species Clause: Limit one of each Pokémon
|rule|Item Clause: Limit 1 of each item
|clearpoke
|poke|p1|Lycanroc-Midnight, L50, F|
|poke|p1|Espeon, L50, F|
|poke|p1|Typhlosion, L50, F|
|poke|p1|Mr. Rime, L50, M|
|poke|p1|Feraligatr, L50, M|
|poke|p1|Hawlucha, L50, M|
|poke|p2|Slowking-Galar, L50, M|
|poke|p2|Abomasnow, L50, F, shiny|
|poke|p2|Avalugg-Hisui, L50, M|
|poke|p2|Hydrapple, L50, M|
|poke|p2|Heracross, L50, M|
|poke|p2|Snorlax, L50, M|
|teampreview|4
|showteam|p1|Lycanroc-Midnight||MuscleBand|NoGuard|RockSlide,PlayRough,KnockOff,Protect|Jolly||F|||50|]Espeon||HeatRock|MagicBounce|SunnyDay,HelpingHand,Psychic,Protect|Timid||F|||50|]Typhlosion||ChoiceScarf|FlashFire|Eruption,HeatWave,SolarBeam,ShadowBall|Modest||F|||50|]Mr. Rime||LightClay|ScreenCleaner|FakeOut,Reflect,LightScreen,TrickRoom|Calm||M|||50|]Feraligatr||Feraligite|Torrent|Liquidation,BodySlam,PsychicFangs,Protect|Brave||M|||50|]Hawlucha||WhiteHerb|Unburden|Acrobatics,CloseCombat,IronHead,Protect|Adamant||M|||50|
|showteam|p2|Slowking-Galar||FocusSash|Regenerator|TrickRoom,PoisonJab,Blizzard,CalmMind|Quiet||M|||50|]Abomasnow||IcyRock|SnowWarning|Blizzard,EnergyBall,Protect,GigaDrain|Modest||F|||50|]Avalugg-Hisui||ExpertBelt|IceBody|AuroraVeil,Blizzard,IcicleSpear,BodySlam|Naughty||M|||50|]Hydrapple||Leftovers|SupersweetSyrup|EnergyBall,SeedBomb,FickleBeam,Reflect|Quiet||M|||50|]Heracross||QuickClaw|Swarm|BugBuzz,CloseCombat,Megahorn,BulkUp|Hasty||M|||50|]Snorlax||LifeOrb|ThickFat|BodySlam,BodyPress,Facade,Blizzard|Brave||M|||50|
|
|t:|1785980518
|teamsize|p1|4
|teamsize|p2|4
|start
|switch|p1a: kittay|Espeon, L50, F|100/100
|switch|p1b: Mr. GOAT|Mr. Rime, L50, M|100/100
|switch|p2a: Slowking|Slowking-Galar, L50, M|100/100
|switch|p2b: Abomasnow|Abomasnow, L50, F, shiny|100/100
|-weather|Snowscape|[from] ability: Snow Warning|[of] p2b: Abomasnow
|turn|1
|
|t:|1785980536
|move|p1b: Mr. GOAT|Fake Out|p2a: Slowking
|-damage|p2a: Slowking|92/100
|move|p1a: kittay|Sunny Day|p1a: kittay
|-weather|SunnyDay
|move|p2b: Abomasnow|Blizzard|p1a: kittay|[spread] p1a
|-miss|p2b: Abomasnow|p1b: Mr. GOAT
|-damage|p1a: kittay|57/100
|cant|p2a: Slowking|flinch
|
|-weather|SunnyDay|[upkeep]
|upkeep
|turn|2
|
|t:|1785980562
|switch|p1a: diddler|Typhlosion, L50, F|100/100
|switch|p2b: Hydrapple|Hydrapple, L50, M|100/100
|-ability|p2b: Hydrapple|Supersweet Syrup
|-unboost|p1a: diddler|evasion|1
|-unboost|p1b: Mr. GOAT|evasion|1
|move|p1b: Mr. GOAT|Light Screen|p1b: Mr. GOAT
|-sidestart|p1: bingvin0215|move: Light Screen
|move|p2a: Slowking|Poison Jab|p1b: Mr. GOAT
|-damage|p1b: Mr. GOAT|77/100
|-status|p1b: Mr. GOAT|psn
|
|-weather|SunnyDay|[upkeep]
|-damage|p1b: Mr. GOAT|65/100 psn|[from] psn
|upkeep
|turn|3
|
|t:|1785980590
|move|p1a: diddler|Eruption|p2b: Hydrapple|[spread] p2a,p2b
|-damage|p2a: Slowking|26/100
|-damage|p2b: Hydrapple|9/100
|move|p1b: Mr. GOAT|Reflect|p1b: Mr. GOAT
|-sidestart|p1: bingvin0215|Reflect
|move|p2b: Hydrapple|Fickle Beam|p1a: diddler
|-damage|p1a: diddler|61/100
|move|p2a: Slowking|Trick Room|p2a: Slowking
|-fieldstart|move: Trick Room|[of] p2a: Slowking
|
|-weather|SunnyDay|[upkeep]
|-heal|p2b: Hydrapple|15/100|[from] item: Leftovers
|-damage|p1b: Mr. GOAT|52/100 psn|[from] psn
|upkeep
|turn|4
|
|t:|1785980739
|move|p2b: Hydrapple|Fickle Beam|p1a: diddler
|-damage|p1a: diddler|23/100
|move|p1a: diddler|Eruption|p2b: Hydrapple|[spread] p2a,p2b
|-damage|p2a: Slowking|9/100
|-damage|p2b: Hydrapple|0 fnt
|faint|p2b: Hydrapple
|move|p2a: Slowking|Trick Room|p2a: Slowking
|-fieldend|move: Trick Room
|move|p1b: Mr. GOAT|Trick Room|p1b: Mr. GOAT
|-fieldstart|move: Trick Room|[of] p1b: Mr. GOAT
|
|-weather|SunnyDay|[upkeep]
|-damage|p1b: Mr. GOAT|40/100 psn|[from] psn
|upkeep
|
|t:|1785980758
|switch|p2b: Abomasnow|Abomasnow, L50, F, shiny|100/100
|-weather|Snowscape|[from] ability: Snow Warning|[of] p2b: Abomasnow
|turn|5
|
|t:|1785980780
|switch|p1b: kittay|Espeon, L50, F|57/100
|move|p2a: Slowking|Poison Jab|p1a: diddler
|-damage|p1a: diddler|4/100
|move|p2b: Abomasnow|Energy Ball|p1b: kittay
|-damage|p1b: kittay|28/100
|move|p1a: diddler|Eruption|p2b: Abomasnow|[spread] p2a,p2b
|-supereffective|p2b: Abomasnow|2
|-damage|p2a: Slowking|7/100
|-damage|p2b: Abomasnow|91/100
|
|-weather|Snowscape|[upkeep]
|upkeep
|turn|6
|
|t:|1785980805
|move|p2a: Slowking|Poison Jab|p1a: diddler
|-damage|p1a: diddler|0 fnt
|faint|p1a: diddler
|move|p2b: Abomasnow|Energy Ball|p1b: kittay
|-damage|p1b: kittay|0 fnt
|faint|p1b: kittay
|
|-weather|Snowscape|[upkeep]
|upkeep
|
|t:|1785980831
|switch|p1a: Mr. GOAT|Mr. Rime, L50, M|40/100 psn
|switch|p1b: nacho libre|Hawlucha, L50, M|100/100
|-activate|p1a: Mr. GOAT|ability: Screen Cleaner
|-sideend|p1: bingvin0215|Reflect
|-sideend|p1: bingvin0215|move: Light Screen
|turn|7
|
|t:|1785980849
|move|p1a: Mr. GOAT|Fake Out|p2a: Slowking
|-damage|p2a: Slowking|0 fnt
|faint|p2a: Slowking
|move|p2b: Abomasnow|Blizzard|p1b: nacho libre|[spread] p1a,p1b
|-resisted|p1a: Mr. GOAT|1
|-supereffective|p1b: nacho libre|1
|-damage|p1a: Mr. GOAT|28/100 psn
|-damage|p1b: nacho libre|0 fnt
|faint|p1b: nacho libre
|
|-weather|Snowscape|[upkeep]
|-damage|p1a: Mr. GOAT|16/100 psn|[from] psn
|upkeep
|
|t:|1785980859
|switch|p2a: Avalugg|Avalugg-Hisui, L50, M|100/100
|turn|8
|
|t:|1785980880
|move|p2a: Avalugg|Body Slam|p1a: Mr. GOAT
|-damage|p1a: Mr. GOAT|0 fnt
|faint|p1a: Mr. GOAT
|
|win|cannedcron
||cannedcron is ready for game 2.
|inactive|bingvin0215 has 30 seconds to confirm battle start!
|inactive|bingvin0215 has 20 seconds to confirm battle start!
||bingvin0215 is ready for game 2.
|uhtml|next|Next: Game 2 of 3
|l|☆cannedcron
|player|p2|
