|j|☆Rotomotopoto
|j|☆JNEST
|html|RotomotopotoJNEST    
|uhtml|bestof|Game 2 of a best-of-3
|t:|1756157505
|gametype|doubles
|player|p1|Rotomotopoto|cynthia|1265
|player|p2|JNEST|veteran-gen4|1164
|gen|9
|tier|[Gen 9] VGC 2025 Reg H (Bo3)
|rated|
|rule|Species Clause: Limit one of each Pokémon
|rule|Item Clause: Limit 1 of each item
|clearpoke
|poke|p1|Archaludon, L50, M|
|poke|p1|Pelipper, L50, F|
|poke|p1|Basculegion, L50, M|
|poke|p1|Maushold-Four, L50|
|poke|p1|Annihilape, L50, M|
|poke|p1|Sinistcha-Masterpiece, L50|
|poke|p2|Weezing, L50, M|
|poke|p2|Indeedee, L50, M|
|poke|p2|Incineroar, L50, M|
|poke|p2|Annihilape, L50, M|
|poke|p2|Tyranitar, L50, M|
|poke|p2|Corviknight, L50, M|
|teampreview|4
|showteam|p1|Archaludon||AssaultVest|Stamina|ElectroShot,DragonPulse,FlashCannon,BodyPress|||M|||50|,,,,,Grass]Pelipper||FocusSash|Drizzle|WeatherBall,Hurricane,Tailwind,WideGuard|||F|||50|,,,,,Ghost]Basculegion||LifeOrb|SwiftSwim|WaveCrash,FlipTurn,LastRespects,AquaJet|||M|||50|,,,,,Water]Maushold-Four||SafetyGoggles|FriendGuard|SuperFang,BeatUp,Taunt,FollowMe||||||50|,,,,,Ghost]Annihilape||Leftovers|Defiant|RageFist,DrainPunch,BulkUp,Protect|||M|||50|,,,,,Fire]Sinistcha-Masterpiece||SitrusBerry|Hospitality|MatchaGotcha,RagePowder,LifeDew,TrickRoom||||||50|,,,,,Fairy
|showteam|p2|Weezing||SitrusBerry|NeutralizingGas|Protect,Taunt,WillOWisp,SludgeBomb|||M|||50|,,,,,Ghost]Indeedee||ChoiceScarf|PsychicSurge|ExpandingForce,TeraBlast,Trick,HyperVoice|||M|||50|,,,,,Fighting]Incineroar||AbilityShield|Intimidate|KnockOff,FlareBlitz,FakeOut,PartingShot|||M|||50|,,,,,Ghost]Annihilape||SafetyGoggles|Defiant|Taunt,RageFist,CloseCombat,FinalGambit|||M|||50|,,,,,Fairy]Tyranitar||AssaultVest|SandStream|RockSlide,KnockOff,TeraBlast,LowKick|||M|||50|,,,,,Flying]Corviknight||Leftovers|MirrorArmor|BraveBird,Tailwind,Roost,BulkUp|||M|||50|,,,,,Dragon
|inactive|Battle timer is ON: inactive players will automatically lose when time's up. (requested by JNEST)
|j| teamthief420
|
|t:|1756157521
|teamsize|p1|4
|teamsize|p2|4
|start
|switch|p1a: Maushold|Maushold-Four, L50|100/100
|switch|p1b: Annihilape|Annihilape, L50, M|100/100
|switch|p2a: Weezing|Weezing, L50, M|100/100
|switch|p2b: Incineroar|Incineroar, L50, M|100/100
|-ability|p2a: Weezing|Neutralizing Gas
|-block|p2b: Incineroar|item: Ability Shield
|-ability|p2b: Incineroar|Intimidate|boost
|-unboost|p1a: Maushold|atk|1
|-unboost|p1b: Annihilape|atk|1
|turn|1
|
|t:|1756157543
|move|p2b: Incineroar|Fake Out|p1a: Maushold
|-damage|p1a: Maushold|86/100
|cant|p1a: Maushold|flinch
|move|p1b: Annihilape|Bulk Up|p1b: Annihilape
|-boost|p1b: Annihilape|atk|1
|-boost|p1b: Annihilape|def|1
|move|p2a: Weezing|Will-O-Wisp|p1b: Annihilape
|-status|p1b: Annihilape|brn
|
|-damage|p1b: Annihilape|94/100 brn|[from] brn
|upkeep
|turn|2
|
|t:|1756157558
|move|p2a: Weezing|Protect|p2a: Weezing
|-singleturn|p2a: Weezing|Protect
|move|p1a: Maushold|Beat Up|p1b: Annihilape
|-damage|p1b: Annihilape|93/100 brn
|-damage|p1b: Annihilape|91/100 brn
|-damage|p1b: Annihilape|90/100 brn
|-hitcount|p1b: Annihilape|3
|move|p1b: Annihilape|Bulk Up|p1b: Annihilape
|-boost|p1b: Annihilape|atk|1
|-boost|p1b: Annihilape|def|1
|move|p2b: Incineroar|Parting Shot|p1b: Annihilape
|-unboost|p1b: Annihilape|atk|1
|-unboost|p1b: Annihilape|spa|1
|
|t:|1756157570
|switch|p2b: Indeedee|Indeedee, L50, M|100/100|[from] Parting Shot
|
|-heal|p1b: Annihilape|97/100 brn|[from] item: Leftovers
|-damage|p1b: Annihilape|90/100 brn|[from] brn
|upkeep
|turn|3
|
|t:|1756157584
|-end|p2a: Weezing|ability: Neutralizing Gas
|-fieldstart|move: Psychic Terrain|[from] ability: Psychic Surge|[of] p2b: Indeedee
|switch|p2a: Annihilape|Annihilape, L50, M|100/100
|-terastallize|p1b: Annihilape|Fire
|move|p2b: Indeedee|Expanding Force|p1a: Maushold|[spread] p1a,p1b
|-damage|p1a: Maushold|12/100
|-damage|p1b: Annihilape|53/100 brn
|move|p1a: Maushold|Beat Up|p1b: Annihilape
|-damage|p1b: Annihilape|53/100 brn
|-damage|p1b: Annihilape|52/100 brn
|-damage|p1b: Annihilape|51/100 brn
|-hitcount|p1b: Annihilape|3
|move|p1b: Annihilape|Rage Fist|p2a: Annihilape
|-supereffective|p2a: Annihilape
|-damage|p2a: Annihilape|0 fnt
|faint|p2a: Annihilape
|
|-heal|p1b: Annihilape|58/100 brn|[from] item: Leftovers
|-damage|p1b: Annihilape|51/100 brn|[from] brn
|upkeep
|
|t:|1756157593
|switch|p2a: Weezing|Weezing, L50, M|100/100
|-ability|p2a: Weezing|Neutralizing Gas
|turn|4
|
|t:|1756157617
|move|p1b: Annihilape|Protect|p1b: Annihilape
|-singleturn|p1b: Annihilape|Protect
|move|p2a: Weezing|Protect|p2a: Weezing
|-singleturn|p2a: Weezing|Protect
|move|p1a: Maushold|Follow Me|p1a: Maushold
|-singleturn|p1a: Maushold|move: Follow Me
|move|p2b: Indeedee|Expanding Force|p1b: Annihilape|[spread] p1a
|-activate|p1b: Annihilape|move: Protect
|-damage|p1a: Maushold|0 fnt
|faint|p1a: Maushold
|
|-heal|p1b: Annihilape|58/100 brn|[from] item: Leftovers
|-damage|p1b: Annihilape|51/100 brn|[from] brn
|upkeep
|
|t:|1756157618
|switch|p1a: Pelipper|Pelipper, L50, F, shiny|100/100
|turn|5
|
|t:|1756157627
|move|p1a: Pelipper|Wide Guard|p1a: Pelipper
|-singleturn|p1a: Pelipper|Wide Guard
|move|p2b: Indeedee|Expanding Force|p1b: Annihilape|[spread] 
|-activate|p1a: Pelipper|move: Wide Guard
|-activate|p1b: Annihilape|move: Wide Guard
|move|p1b: Annihilape|Rage Fist|p2a: Weezing
|-damage|p2a: Weezing|31/100
|-enditem|p2a: Weezing|Sitrus Berry|[eat]
|-heal|p2a: Weezing|56/100|[from] item: Sitrus Berry
|move|p2a: Weezing|Sludge Bomb|p1a: Pelipper
|-damage|p1a: Pelipper|47/100
|
|-heal|p1b: Annihilape|58/100 brn|[from] item: Leftovers
|-damage|p1b: Annihilape|51/100 brn|[from] brn
|upkeep
|turn|6
|
|t:|1756157650
|switch|p2b: Incineroar|Incineroar, L50, M|100/100
|-ability|p2b: Incineroar|Intimidate|boost
|-unboost|p1a: Pelipper|atk|1
|-unboost|p1b: Annihilape|atk|1
|move|p1a: Pelipper|Wide Guard|p1a: Pelipper
|-singleturn|p1a: Pelipper|Wide Guard
|move|p1b: Annihilape|Rage Fist|p2a: Weezing
|-damage|p2a: Weezing|12/100
|move|p2a: Weezing|Sludge Bomb|p1a: Pelipper
|-damage|p1a: Pelipper|0 fnt
|faint|p1a: Pelipper
|
|-heal|p1b: Annihilape|58/100 brn|[from] item: Leftovers
|-damage|p1b: Annihilape|51/100 brn|[from] brn
|upkeep
|
|t:|1756157654
|switch|p1a: Archaludon|Archaludon, L50, M, shiny|100/100
|turn|7
|
|t:|1756157672
|move|p2a: Weezing|Protect|p2a: Weezing
|-singleturn|p2a: Weezing|Protect
|move|p1b: Annihilape|Drain Punch|p2a: Weezing
|-activate|p2a: Weezing|move: Protect
|move|p1a: Archaludon|Flash Cannon|p2a: Weezing
|-activate|p2a: Weezing|move: Protect
|move|p2b: Incineroar|Parting Shot|p1b: Annihilape
|-unboost|p1b: Annihilape|atk|1
|-unboost|p1b: Annihilape|spa|1
|
|t:|1756157682
|switch|p2b: Indeedee|Indeedee, L50, M|100/100|[from] Parting Shot
|
|-heal|p1b: Annihilape|58/100 brn|[from] item: Leftovers
|-damage|p1b: Annihilape|51/100 brn|[from] brn
|-fieldend|move: Psychic Terrain
|upkeep
|turn|8
|
|t:|1756157701
|switch|p2b: Incineroar|Incineroar, L50, M|100/100
|-ability|p2b: Incineroar|Intimidate|boost
|-unboost|p1a: Archaludon|atk|1
|-unboost|p1b: Annihilape|atk|1
|move|p2a: Weezing|Protect||[still]
|-fail|p2a: Weezing
|move|p1b: Annihilape|Drain Punch|p2b: Incineroar
|-supereffective|p2b: Incineroar
|-damage|p2b: Incineroar|89/100
|-heal|p1b: Annihilape|57/100 brn|[from] drain|[of] p2b: Incineroar
|move|p1a: Archaludon|Dragon Pulse|p2b: Incineroar
|-damage|p2b: Incineroar|53/100
|
|-heal|p1b: Annihilape|63/100 brn|[from] item: Leftovers
|-damage|p1b: Annihilape|57/100 brn|[from] brn
|upkeep
|turn|9
|inactive|Rotomotopoto has 30 seconds left.
|
|t:|1756157727
|move|p2a: Weezing|Protect|p2a: Weezing
|-singleturn|p2a: Weezing|Protect
|move|p1b: Annihilape|Rage Fist|p2a: Weezing
|-activate|p2a: Weezing|move: Protect
|move|p1a: Archaludon|Dragon Pulse|p2a: Weezing
|-activate|p2a: Weezing|move: Protect
|move|p2b: Incineroar|Knock Off|p1a: Archaludon
|-damage|p1a: Archaludon|72/100
|-enditem|p1a: Archaludon|Assault Vest|[from] move: Knock Off|[of] p2b: Incineroar
|
|-heal|p1b: Annihilape|63/100 brn|[from] item: Leftovers
|-damage|p1b: Annihilape|57/100 brn|[from] brn
|upkeep
|turn|10
|
|t:|1756157740
|-terastallize|p2b: Incineroar|Ghost
|move|p1b: Annihilape|Rage Fist|p2a: Weezing
|-damage|p2a: Weezing|0 fnt
|faint|p2a: Weezing
|-end|p2a: Weezing|ability: Neutralizing Gas
|move|p1a: Archaludon|Dragon Pulse|p2b: Incineroar
|-damage|p2b: Incineroar|14/100
|move|p2b: Incineroar|Parting Shot|p1a: Archaludon
|-unboost|p1a: Archaludon|atk|1
|-unboost|p1a: Archaludon|spa|1
|
|t:|1756157750
|switch|p2b: Indeedee|Indeedee, L50, M|100/100|[from] Parting Shot
|-fieldstart|move: Psychic Terrain|[from] ability: Psychic Surge|[of] p2b: Indeedee
|
|-heal|p1b: Annihilape|63/100 brn|[from] item: Leftovers
|-damage|p1b: Annihilape|57/100 brn|[from] brn
|upkeep
|
|t:|1756157752
|switch|p2a: Incineroar|Incineroar, L50, M, tera:Ghost|14/100
|-ability|p2a: Incineroar|Intimidate|boost
|-unboost|p1a: Archaludon|atk|1
|-unboost|p1b: Annihilape|atk|1
|-ability|p1b: Annihilape|Defiant|boost
|-boost|p1b: Annihilape|atk|2
|turn|11
|
|t:|1756157761
|move|p2b: Indeedee|Expanding Force|p1a: Archaludon|[spread] p1a,p1b
|-resisted|p1a: Archaludon
|-crit|p1a: Archaludon
|-damage|p1a: Archaludon|25/100
|-damage|p1b: Annihilape|5/100 brn
|-ability|p1a: Archaludon|Stamina|boost
|-boost|p1a: Archaludon|def|1
|move|p1b: Annihilape|Rage Fist|p2a: Incineroar
|-supereffective|p2a: Incineroar
|-crit|p2a: Incineroar
|-damage|p2a: Incineroar|0 fnt
|faint|p2a: Incineroar
|move|p1a: Archaludon|Dragon Pulse|p2b: Indeedee
|-damage|p2b: Indeedee|62/100
|
|-heal|p1b: Annihilape|12/100 brn|[from] item: Leftovers
|-damage|p1b: Annihilape|5/100 brn|[from] brn
|upkeep
|turn|12
|
|t:|1756157780
|move|p2b: Indeedee|Expanding Force|p1b: Annihilape|[spread] p1a,p1b
|-resisted|p1a: Archaludon
|-damage|p1a: Archaludon|0 fnt
|-damage|p1b: Annihilape|0 fnt
|faint|p1a: Archaludon
|faint|p1b: Annihilape
|
|win|JNEST
|raw|Rotomotopoto's rating: 1265 → 1233(-32 for losing)
|raw|JNEST's rating: 1164 → 1196(+32 for winning)
|l|☆Rotomotopoto
|player|p1|
|l| teamthief420
