|j|☆Ryoku_Jetstream
|j|☆chronojet95
|html|Ryoku_Jetstreamchronojet95    
|uhtml|bestof|Game 1 of a best-of-3
|t:|1782496129
|gametype|doubles
|player|p1|Ryoku_Jetstream|nate|
|player|p2|chronojet95|lucas|
|gen|9
|tier|[Gen 9 Champions] VGC 2026 Reg M-B (Bo3)
|rule|Species Clause: Limit one of each Pokémon
|rule|Item Clause: Limit 1 of each item
|clearpoke
|poke|p1|Charizard, L50, M|
|poke|p1|Lycanroc-Dusk, L50, M, shiny|
|poke|p1|Dragonite, L50, F|
|poke|p1|Decidueye-Hisui, L50, M|
|poke|p1|Milotic, L50, F|
|poke|p1|Umbreon, L50, F, shiny|
|poke|p2|Delphox, L50, F|
|poke|p2|Hawlucha, L50, F|
|poke|p2|Slowking-Galar, L50, M|
|poke|p2|Malamar, L50, M|
|poke|p2|Gyarados, L50, F|
|poke|p2|Raichu, L50, F|
|teampreview|4
|showteam|p1|Charizard||CharizarditeX|Blaze|DragonDance,DragonClaw,FlareBlitz,AirSlash|Naughty||M|||50|]Lycanroc-Dusk||FocusSash|ToughClaws|Accelerock,RockSlide,PsychicFangs,IronHead|Jolly||M|||50|]Dragonite||Dragoninite|Multiscale|ExtremeSpeed,DracoMeteor,Thunderbolt,Protect|Quiet||F|||50|]Decidueye-Hisui||ExpertBelt|Overgrow|LeafBlade,AuraSphere,AirSlash,GigaDrain|Quiet||M|||50|]Milotic||Leftovers|MarvelScale|Protect,Recover,IceBeam,Scald|Calm||F|||50|]Umbreon|||Synchronize|Snarl,ShadowBall,LightScreen,SkillSwap|Quiet||F|||50|
|showteam|p2|Delphox||ColburBerry|Magician|HeatWave,CalmMind,Protect,Psychic|Timid||F|||50|]Hawlucha||WhiteHerb|Unburden|CloseCombat,Acrobatics,SwordsDance,Protect|Adamant||F|||50|]Slowking-Galar||Leftovers|Regenerator|CalmMind,SludgeBomb,Psychic,IceBeam|Modest||M|||50|]Malamar||SitrusBerry|Contrary|Superpower,KnockOff,Protect,PsychoCut|Serious||M|||50|]Gyarados||Gyaradosite|Intimidate|Waterfall,IceFang,DragonDance,Protect|Jolly||F|||50|]Raichu||RaichuniteX|LightningRod|VoltTackle,KnockOff,FakeOut,Nuzzle|Jolly||F|||50|
|j| fancy_0221
|
|t:|1782496192
|teamsize|p1|4
|teamsize|p2|4
|start
|switch|p1a: Dragonite|Dragonite, L50, F|100/100
|switch|p1b: Milotic|Milotic, L50, F|100/100
|switch|p2a: Gyarados|Gyarados, L50, F|100/100
|switch|p2b: Slowking|Slowking-Galar, L50, M|100/100
|-ability|p2a: Gyarados|Intimidate|boost
|-unboost|p1a: Dragonite|atk|1
|-unboost|p1b: Milotic|atk|1
|turn|1
|j| Glacia20
|
|t:|1782496224
|move|p2a: Gyarados|Dragon Dance|p2a: Gyarados
|-boost|p2a: Gyarados|atk|1
|-boost|p2a: Gyarados|spe|1
|move|p1b: Milotic|Scald|p2b: Slowking
|-damage|p2b: Slowking|77/100
|-status|p2b: Slowking|brn
|move|p1a: Dragonite|Thunderbolt|p2a: Gyarados
|-supereffective|p2a: Gyarados|2
|-damage|p2a: Gyarados|0 fnt
|faint|p2a: Gyarados
|move|p2b: Slowking|Calm Mind|p2b: Slowking
|-boost|p2b: Slowking|spa|1
|-boost|p2b: Slowking|spd|1
|
|-heal|p2b: Slowking|83/100 brn|[from] item: Leftovers
|-damage|p2b: Slowking|77/100 brn|[from] brn
|upkeep
|
|t:|1782496243
|switch|p2a: Hawlucha|Hawlucha, L50, F|100/100
|turn|2
|l|☆Ryoku_Jetstream
|player|p1|
|j|☆Ryoku_Jetstream
|player|p1|Ryoku_Jetstream|nate|
|
|t:|1782496280
|detailschange|p1a: Dragonite|Dragonite-Mega, L50, F
|-mega|p1a: Dragonite|Dragonite|Dragoninite
|move|p2a: Hawlucha|Protect|p2a: Hawlucha
|-singleturn|p2a: Hawlucha|Protect
|move|p1a: Dragonite|Draco Meteor|p2b: Slowking
|-damage|p2b: Slowking|37/100 brn
|-unboost|p1a: Dragonite|spa|2
|move|p1b: Milotic|Ice Beam|p2a: Hawlucha
|-activate|p2a: Hawlucha|move: Protect
|move|p2b: Slowking|Ice Beam|p1a: Dragonite
|-supereffective|p1a: Dragonite|2
|-damage|p1a: Dragonite|34/100
|
|-heal|p2b: Slowking|43/100 brn|[from] item: Leftovers
|-damage|p2b: Slowking|37/100 brn|[from] brn
|upkeep
|turn|3
|
|t:|1782496313
|move|p2a: Hawlucha|Close Combat|p1b: Milotic
|-damage|p1b: Milotic|40/100
|-unboost|p2a: Hawlucha|def|1
|-unboost|p2a: Hawlucha|spd|1
|-enditem|p2a: Hawlucha|White Herb
|-clearnegativeboost|p2a: Hawlucha|[silent]
|move|p1a: Dragonite|Thunderbolt|p2a: Hawlucha
|-supereffective|p2a: Hawlucha|1
|-damage|p2a: Hawlucha|34/100
|move|p1b: Milotic|Scald|p2b: Slowking
|-damage|p2b: Slowking|22/100 brn
|move|p2b: Slowking|Sludge Bomb|p1a: Dragonite
|-damage|p1a: Dragonite|0 fnt
|faint|p1a: Dragonite
|
|-heal|p1b: Milotic|46/100|[from] item: Leftovers
|-heal|p2b: Slowking|28/100 brn|[from] item: Leftovers
|-damage|p2b: Slowking|22/100 brn|[from] brn
|upkeep
|
|t:|1782496334
|switch|p1a: Umbreon|Umbreon, L50, F, shiny|100/100
|turn|4
|
|t:|1782496350
|move|p2a: Hawlucha|Protect|p2a: Hawlucha
|-singleturn|p2a: Hawlucha|Protect
|move|p1b: Milotic|Protect|p1b: Milotic
|-singleturn|p1b: Milotic|Protect
|move|p1a: Umbreon|Snarl|p2a: Hawlucha|[spread] p2b
|-activate|p2a: Hawlucha|move: Protect
|-supereffective|p2b: Slowking|1
|-damage|p2b: Slowking|9/100 brn
|-unboost|p2b: Slowking|spa|1
|move|p2b: Slowking|Sludge Bomb||[still]
|-damage|p1a: Umbreon|65/100
|-status|p1a: Umbreon|psn
|-activate|p1a: Umbreon|ability: Synchronize
|-fail|p1a: Umbreon
|
|-heal|p1b: Milotic|51/100|[from] item: Leftovers
|-heal|p2b: Slowking|15/100 brn|[from] item: Leftovers
|-damage|p1a: Umbreon|53/100 psn|[from] psn
|-damage|p2b: Slowking|9/100 brn|[from] brn
|upkeep
|turn|5
|
|t:|1782496404
|move|p2a: Hawlucha|Acrobatics|p1a: Umbreon
|-damage|p1a: Umbreon|11/100 psn
|move|p1b: Milotic|Scald|p2a: Hawlucha
|-damage|p2a: Hawlucha|0 fnt
|faint|p2a: Hawlucha
|move|p1a: Umbreon|Shadow Ball|p2b: Slowking
|-supereffective|p2b: Slowking|1
|-damage|p2b: Slowking|0 fnt
|faint|p2b: Slowking
|
|-heal|p1b: Milotic|57/100|[from] item: Leftovers
|-damage|p1a: Umbreon|0 fnt|[from] psn
|faint|p1a: Umbreon
|upkeep
|
|t:|1782496424
|switch|p1a: Decidueye|Decidueye-Hisui, L50, M|100/100
|switch|p2b: Delphox|Delphox, L50, F|100/100
|turn|6
|
|t:|1782496448
|move|p2b: Delphox|Calm Mind|p2b: Delphox
|-boost|p2b: Delphox|spa|1
|-boost|p2b: Delphox|spd|1
|move|p1b: Milotic|Scald|p2b: Delphox
|-supereffective|p2b: Delphox|1
|-damage|p2b: Delphox|61/100
|move|p1a: Decidueye|Air Slash|p2b: Delphox
|-damage|p2b: Delphox|44/100
|
|-heal|p1b: Milotic|63/100|[from] item: Leftovers
|upkeep
|turn|7
|
|t:|1782496467
|move|p2b: Delphox|Heat Wave|p1b: Milotic|[spread] p1a,p1b
|-supereffective|p1a: Decidueye|1
|-resisted|p1b: Milotic|1
|-crit|p1b: Milotic
|-damage|p1a: Decidueye|1/100
|-damage|p1b: Milotic|42/100
|-status|p1a: Decidueye|brn
|move|p1b: Milotic|Scald|p2b: Delphox
|-supereffective|p2b: Delphox|1
|-damage|p2b: Delphox|5/100
|move|p1a: Decidueye|Leaf Blade|p2b: Delphox
|-resisted|p2b: Delphox|1
|-damage|p2b: Delphox|0 fnt
|faint|p2b: Delphox
|
|win|Ryoku_Jetstream
|inactive|Ryoku_Jetstream has 30 seconds to confirm battle start!
|inactive|chronojet95 has 30 seconds to confirm battle start!
|l|☆chronojet95
|player|p2|
|inactive|Ryoku_Jetstream has 20 seconds to confirm battle start!
|inactive|chronojet95 has 20 seconds to confirm battle start!
|l|☆Ryoku_Jetstream
|player|p1|
|inactive|Ryoku_Jetstream has 10 seconds to confirm battle start!
|inactive|chronojet95 has 10 seconds to confirm battle start!
|uhtml|next|Next: Game 2 of 3
|l| Glacia20
|l| fancy_0221
|j| Glacia20
