|j|☆ZilverZurfer
|j|☆Gentlefish
|html|ZilverZurferGentlefish    
|uhtml|bestof|Game 2 of a best-of-3
|t:|1757725544
|gametype|doubles
|player|p1|ZilverZurfer|266|1172
|player|p2|Gentlefish|burglar-gen1rb|1159
|gen|9
|tier|[Gen 9] VGC 2025 Reg H (Bo3)
|rated|
|rule|Species Clause: Limit one of each Pokémon
|rule|Item Clause: Limit 1 of each item
|clearpoke
|poke|p1|Torkoal, L50, F|
|poke|p1|Lilligant-Hisui, L50, F|
|poke|p1|Indeedee-F, L50, F|
|poke|p1|Hatterene, L50, F|
|poke|p1|Gallade, L50, M|
|poke|p1|Ursaluna, L50, M|
|poke|p2|Garchomp, L50, M|
|poke|p2|Gholdengo, L50|
|poke|p2|Talonflame, L50, F|
|poke|p2|Annihilape, L50, F|
|poke|p2|Weezing-Galar, L50, F|
|poke|p2|Archaludon, L50, M|
|teampreview|4
|showteam|p1|Torkoal||ChoiceSpecs|Drought|Eruption,HeatWave,EarthPower,WeatherBall|||F|||50|,,,,,Fire]Lilligant-Hisui||FocusSash|Chlorophyll|Protect,AfterYou,CloseCombat,SolarBlade|||F|||50|,,,,,Ghost]Indeedee-F||PsychicSeed|PsychicSurge|Psychic,HelpingHand,TrickRoom,FollowMe|||F|||50|,,,,,Water]Hatterene||LifeOrb|MagicBounce|Protect,ExpandingForce,DazzlingGleam,TrickRoom|||F|||50|,,,,,Fire]Gallade||ClearAmulet|Sharpness|SacredSword,PsychoCut,TrickRoom,WideGuard|||M|||50|,,,,,Grass]Ursaluna||FlameOrb|Guts|Protect,HeadlongRush,Earthquake,Facade|||M|||50|,,,,,Ghost
|showteam|p2|Garchomp||LifeOrb|RoughSkin|StompingTantrum,Earthquake,DragonClaw,Protect|||M|||50|,,,,,Ground]Gholdengo||ChoiceSpecs|GoodasGold|MakeItRain,ShadowBall,DazzlingGleam,PowerGem||||||50|,,,,,Fairy]Talonflame||CovertCloak|GaleWings|DualWingbeat,FlareBlitz,Tailwind,Taunt|||F|||50|,,,,,Grass]Annihilape||AssaultVest|Defiant|CloseCombat,RageFist,FinalGambit,IcePunch|||F|||50|,,,,,Grass]Weezing-Galar||FocusSash|NeutralizingGas|SludgeBomb,StrangeSteam,Taunt,Protect|||F|||50|,,,,,Flying]Archaludon||PowerHerb|Sturdy|Thunderbolt,ElectroShot,DracoMeteor,Protect|||M|||50|,,,,,Electric
|
|t:|1757725603
|teamsize|p1|4
|teamsize|p2|4
|start
|switch|p1a: Torkoal|Torkoal, L50, F|100/100
|switch|p1b: Lilligant|Lilligant-Hisui, L50, F|100/100
|switch|p2a: Annihilape|Annihilape, L50, F|100/100
|switch|p2b: Weezing|Weezing-Galar, L50, F|100/100
|-ability|p2b: Weezing|Neutralizing Gas
|turn|1
|
|t:|1757725636
|move|p2b: Weezing|Protect|p2b: Weezing
|-singleturn|p2b: Weezing|Protect
|move|p1b: Lilligant|After You|p1a: Torkoal
|-activate|p1a: Torkoal|move: After You
|move|p1a: Torkoal|Eruption|p2a: Annihilape|[spread] p2a
|-activate|p2b: Weezing|move: Protect
|-damage|p2a: Annihilape|53/100
|move|p2a: Annihilape|Ice Punch|p1b: Lilligant
|-supereffective|p1b: Lilligant
|-damage|p1b: Lilligant|33/100
|
|upkeep
|turn|2
|inactive|Battle timer is ON: inactive players will automatically lose when time's up. (requested by ZilverZurfer)
|
|t:|1757725691
|-terastallize|p1a: Torkoal|Fire
|move|p1b: Lilligant|After You|p1a: Torkoal
|-activate|p1a: Torkoal|move: After You
|move|p1a: Torkoal|Eruption|p2b: Weezing|[spread] p2a,p2b
|-damage|p2a: Annihilape|0 fnt
|-enditem|p2b: Weezing|Focus Sash
|-damage|p2b: Weezing|1/100
|faint|p2a: Annihilape
|move|p2b: Weezing|Sludge Bomb|p1a: Torkoal
|-crit|p1a: Torkoal
|-damage|p1a: Torkoal|17/100
|
|upkeep
|
|t:|1757725703
|switch|p2a: Archaludon|Archaludon, L50, M|100/100
|turn|3
|
|t:|1757725727
|switch|p1a: Ursaluna|Ursaluna, L50, M|100/100
|-terastallize|p2a: Archaludon|Electric
|move|p2b: Weezing|Protect|p2b: Weezing
|-singleturn|p2b: Weezing|Protect
|move|p1b: Lilligant|Close Combat|p2a: Archaludon
|-damage|p2a: Archaludon|51/100
|-unboost|p1b: Lilligant|def|1
|-unboost|p1b: Lilligant|spd|1
|move|p2a: Archaludon|Electro Shot||[still]
|-prepare|p2a: Archaludon|Electro Shot
|-boost|p2a: Archaludon|spa|1
|-enditem|p2a: Archaludon|Power Herb
|-anim|p2a: Archaludon|Electro Shot|p1b: Lilligant
|-resisted|p1b: Lilligant
|-damage|p1b: Lilligant|0 fnt
|faint|p1b: Lilligant
|
|-status|p1a: Ursaluna|brn|[from] item: Flame Orb
|upkeep
|
|t:|1757725748
|switch|p1b: Hatterene|Hatterene, L50, F|100/100
|turn|4
|
|t:|1757725759
|move|p1b: Hatterene|Protect|p1b: Hatterene
|-singleturn|p1b: Hatterene|Protect
|move|p2a: Archaludon|Draco Meteor|p1a: Ursaluna
|-damage|p1a: Ursaluna|20/100 brn
|-unboost|p2a: Archaludon|spa|2
|move|p2b: Weezing|Taunt|p1b: Hatterene
|-activate|p1b: Hatterene|move: Protect
|move|p1a: Ursaluna|Earthquake|p2a: Archaludon|[spread] p2a,p2b
|-activate|p1b: Hatterene|move: Protect
|-supereffective|p2a: Archaludon
|-supereffective|p2b: Weezing
|-damage|p2a: Archaludon|13/100
|-damage|p2b: Weezing|0 fnt
|faint|p2b: Weezing
|-end|p2b: Weezing|ability: Neutralizing Gas
|
|-damage|p1a: Ursaluna|14/100 brn|[from] brn
|upkeep
|
|t:|1757725762
|switch|p2b: Gholdengo|Gholdengo, L50|100/100
|turn|5
|inactive|ZilverZurfer has 30 seconds left.
|inactive|ZilverZurfer has 20 seconds left.
|
|t:|1757725799
|move|p2a: Archaludon|Thunderbolt|p1b: Hatterene
|-damage|p1b: Hatterene|68/100
|move|p2b: Gholdengo|Make It Rain|p1a: Ursaluna|[spread] p1a,p1b
|-supereffective|p1b: Hatterene
|-damage|p1a: Ursaluna|0 fnt
|-damage|p1b: Hatterene|0 fnt
|-unboost|p2b: Gholdengo|spa|1
|faint|p1a: Ursaluna
|faint|p1b: Hatterene
|
|upkeep
|-message|ZilverZurfer forfeited.
|
|win|Gentlefish
|raw|ZilverZurfer's rating: 1172 → 1146(-26 for losing)
|raw|Gentlefish's rating: 1159 → 1185(+26 for winning)
