|j|‽Felon74
|j|☆mackerjuan
|html|Felon74mackerjuan    
|uhtml|bestof|Game 2 of a best-of-3
|t:|1757022042
|gametype|doubles
|player|p1|Felon74|crasherwake|1192
|player|p2|mackerjuan|266|1372
|gen|9
|tier|[Gen 9] VGC 2025 Reg H (Bo3)
|rated|
|rule|Species Clause: Limit one of each Pokémon
|rule|Item Clause: Limit 1 of each item
|clearpoke
|poke|p1|Kingambit, L50, M|
|poke|p1|Rillaboom, L50, F|
|poke|p1|Electabuzz, L50, F|
|poke|p1|Blaziken, L50, M|
|poke|p1|Dragapult, L50, M|
|poke|p1|Primarina, L50, M|
|poke|p2|Incineroar, L50, M|
|poke|p2|Gholdengo, L50|
|poke|p2|Porygon2, L50|
|poke|p2|Ursaluna, L50, M|
|poke|p2|Amoonguss, L50, M|
|poke|p2|Hydreigon, L50, F|
|teampreview|4
|showteam|p1|Kingambit||AssaultVest|Defiant|KowtowCleave,IronHead,SuckerPunch,LowKick|||M|||50|,,,,,Fire]Rillaboom||MiracleSeed|GrassySurge|WoodHammer,GrassyGlide,Uturn,FakeOut|||F|||50|,,,,,Fire]Electabuzz||Eviolite|VitalSpirit|Thunderbolt,FollowMe,Taunt,Protect|||F|||50|,,,,,Dark]Blaziken||FocusSash|SpeedBoost|CloseCombat,FlareBlitz,Coaching,Protect|||M|||50|,,,,,Stellar]Dragapult||ChoiceBand|ClearBody|DragonDarts,PhantomForce,TeraBlast,Uturn|||M|||50|,,,,,Ghost]Primarina||SitrusBerry|LiquidVoice|HyperVoice,Moonblast,Haze,Protect|||M|||50|,,,,,Steel
|showteam|p2|Incineroar||SafetyGoggles|Intimidate|FlareBlitz,KnockOff,FakeOut,PartingShot|||M|||50|,,,,,Ghost]Gholdengo||LifeOrb|GoodasGold|MakeItRain,ShadowBall,NastyPlot,Protect||||||50|,,,,,Water]Porygon2||Eviolite|Download|TeraBlast,IceBeam,Recover,TrickRoom||||||50|,,,,,Fighting]Ursaluna||FlameOrb|Guts|Facade,HeadlongRush,Earthquake,Protect|||M|||50|,,,,,Ghost]Amoonguss||SitrusBerry|Regenerator|PollenPuff,Spore,RagePowder,Protect|||M|||50|,,,,,Water]Hydreigon||CovertCloak|Levitate|Taunt,Tailwind,DracoMeteor,Snarl|||F|||50|,,,,,Steel
|inactive|Battle timer is ON: inactive players will automatically lose when time's up. (requested by mackerjuan)
|
|t:|1757022073
|teamsize|p1|4
|teamsize|p2|4
|start
|switch|p1a: Dragapult|Dragapult, L50, M|100/100
|switch|p1b: Kingambit|Kingambit, L50, M|100/100
|switch|p2a: Incineroar|Incineroar, L50, M|100/100
|switch|p2b: Porygon2|Porygon2, L50|100/100
|-ability|p2a: Incineroar|Intimidate|boost
|-fail|p1a: Dragapult|unboost|[from] ability: Clear Body|[of] p1a: Dragapult
|-unboost|p1b: Kingambit|atk|1
|-ability|p1b: Kingambit|Defiant|boost
|-boost|p1b: Kingambit|atk|2
|-ability|p2b: Porygon2|Download|boost
|-boost|p2b: Porygon2|spa|1
|turn|1
|inactive|Felon74 has 30 seconds left.
|inactive|mackerjuan has 30 seconds left.
|inactive|Felon74 has 20 seconds left.
|inactive|Felon74 has 15 seconds left.
|
|t:|1757022115
|-terastallize|p1b: Kingambit|Fire
|move|p2a: Incineroar|Fake Out|p1b: Kingambit
|-damage|p1b: Kingambit|92/100
|move|p1a: Dragapult|Dragon Darts|p2a: Incineroar
|-damage|p2a: Incineroar|63/100
|-anim|p1a: Dragapult|Dragon Darts|p2b: Porygon2
|-damage|p2b: Porygon2|77/100
|cant|p1b: Kingambit|flinch
|move|p2b: Porygon2|Trick Room|p2b: Porygon2
|-fieldstart|move: Trick Room|[of] p2b: Porygon2
|
|upkeep
|turn|2
|inactive|Felon74 has 30 seconds left.
|inactive|mackerjuan has 30 seconds left.
|inactive|Felon74 has 20 seconds left.
|
|t:|1757022150
|-terastallize|p2b: Porygon2|Fighting
|move|p2b: Porygon2|Ice Beam|p1a: Dragapult
|-supereffective|p1a: Dragapult
|-damage|p1a: Dragapult|0 fnt
|faint|p1a: Dragapult
|move|p1b: Kingambit|Iron Head|p2b: Porygon2
|-damage|p2b: Porygon2|34/100
|move|p2a: Incineroar|Knock Off|p1b: Kingambit
|-damage|p1b: Kingambit|57/100
|-enditem|p1b: Kingambit|Assault Vest|[from] move: Knock Off|[of] p2a: Incineroar
|
|upkeep
|
|t:|1757022161
|switch|p1a: Electabuzz|Electabuzz, L50, F|100/100
|turn|3
|
|t:|1757022182
|move|p1a: Electabuzz|Follow Me|p1a: Electabuzz
|-singleturn|p1a: Electabuzz|move: Follow Me
|move|p2b: Porygon2|Recover|p2b: Porygon2
|-heal|p2b: Porygon2|84/100
|move|p1b: Kingambit|Low Kick|p2a: Incineroar
|-supereffective|p2a: Incineroar
|-damage|p2a: Incineroar|0 fnt
|faint|p2a: Incineroar
|
|upkeep
|
|t:|1757022190
|switch|p2a: Ursaluna|Ursaluna, L50, M|100/100
|turn|4
|inactive|mackerjuan has 30 seconds left.
|
|t:|1757022220
|switch|p2a: Amoonguss|Amoonguss, L50, M|100/100
|switch|p1a: Rillaboom|Rillaboom, L50, F|100/100
|-fieldstart|move: Grassy Terrain|[from] ability: Grassy Surge|[of] p1a: Rillaboom
|move|p1b: Kingambit|Sucker Punch||[still]
|-fail|p1b: Kingambit
|move|p2b: Porygon2|Tera Blast|p1b: Kingambit|[anim] Tera Blast Fighting
|-damage|p1b: Kingambit|8/100
|
|-heal|p2b: Porygon2|90/100|[from] Grassy Terrain
|-heal|p1b: Kingambit|14/100|[from] Grassy Terrain
|upkeep
|turn|5
|
|t:|1757022243
|switch|p1b: Electabuzz|Electabuzz, L50, F|100/100
|move|p1a: Rillaboom|Fake Out|p2a: Amoonguss
|-damage|p2a: Amoonguss|88/100
|cant|p2a: Amoonguss|flinch
|move|p2b: Porygon2|Tera Blast|p1b: Electabuzz|[anim] Tera Blast Fighting
|-damage|p1b: Electabuzz|60/100
|
|-heal|p2a: Amoonguss|94/100|[from] Grassy Terrain
|-heal|p2b: Porygon2|96/100|[from] Grassy Terrain
|-heal|p1b: Electabuzz|66/100|[from] Grassy Terrain
|-fieldend|move: Trick Room
|upkeep
|turn|6
|inactive|mackerjuan has 30 seconds left.
|inactive|Felon74 has 30 seconds left.
|
|t:|1757022277
|move|p1b: Electabuzz|Taunt|p2b: Porygon2
|-start|p2b: Porygon2|move: Taunt
|move|p1a: Rillaboom|Wood Hammer|p2b: Porygon2
|-damage|p2b: Porygon2|40/100
|-damage|p1a: Rillaboom|80/100|[from] Recoil
|move|p2b: Porygon2|Ice Beam|p1a: Rillaboom
|-supereffective|p1a: Rillaboom
|-damage|p1a: Rillaboom|0 fnt
|faint|p1a: Rillaboom
|move|p2a: Amoonguss|Pollen Puff|p1b: Electabuzz
|-damage|p1b: Electabuzz|52/100
|
|-heal|p1b: Electabuzz|58/100|[from] Grassy Terrain
|-heal|p2b: Porygon2|46/100|[from] Grassy Terrain
|-heal|p2a: Amoonguss|99/100|[from] Grassy Terrain
|upkeep
|
|t:|1757022289
|switch|p1a: Kingambit|Kingambit, L50, M, tera:Fire|14/100
|turn|7
|inactive|mackerjuan has 30 seconds left.
|inactive|mackerjuan has 20 seconds left.
|inactive|mackerjuan has 15 seconds left.
|
|t:|1757022329
|switch|p2b: Ursaluna|Ursaluna, L50, M|100/100
|move|p1b: Electabuzz|Follow Me|p1b: Electabuzz
|-singleturn|p1b: Electabuzz|move: Follow Me
|move|p1a: Kingambit|Iron Head|p2b: Ursaluna
|-damage|p2b: Ursaluna|68/100
|move|p2a: Amoonguss|Pollen Puff|p1b: Electabuzz
|-damage|p1b: Electabuzz|43/100
|
|-heal|p1b: Electabuzz|49/100|[from] Grassy Terrain
|-heal|p2b: Ursaluna|74/100|[from] Grassy Terrain
|-heal|p1a: Kingambit|20/100|[from] Grassy Terrain
|-heal|p2a: Amoonguss|100/100|[from] Grassy Terrain
|-status|p2b: Ursaluna|brn|[from] item: Flame Orb
|upkeep
|turn|8
|
|t:|1757022351
|move|p1b: Electabuzz|Follow Me|p1b: Electabuzz
|-singleturn|p1b: Electabuzz|move: Follow Me
|move|p2a: Amoonguss|Rage Powder|p2a: Amoonguss
|-singleturn|p2a: Amoonguss|move: Rage Powder
|move|p2b: Ursaluna|Earthquake|p1b: Electabuzz|[spread] p2a,p1a,p1b
|-supereffective|p1a: Kingambit
|-supereffective|p1b: Electabuzz
|-damage|p2a: Amoonguss|70/100
|-damage|p1a: Kingambit|0 fnt
|-damage|p1b: Electabuzz|3/100
|faint|p1a: Kingambit
|
|-heal|p1b: Electabuzz|9/100|[from] Grassy Terrain
|-heal|p2b: Ursaluna|79/100 brn|[from] Grassy Terrain
|-heal|p2a: Amoonguss|76/100|[from] Grassy Terrain
|-damage|p2b: Ursaluna|74/100 brn|[from] brn
|-fieldend|move: Grassy Terrain
|upkeep
|turn|9
|-message|Felon74 forfeited.
|
|win|mackerjuan
|raw|Felon74's rating: 1192 → 1179(-13 for losing)
|raw|mackerjuan's rating: 1372 → 1382(+10 for winning)
|l|‽Felon74
|player|p1|
