|j|☆iannaVi
|j|☆Divine Monkey King
|html|iannaViDivine Monkey King    
|uhtml|bestof|Game 2 of a best-of-3
|t:|1784980238
|gametype|doubles
|player|p1|iannaVi|cheren-gen5bw2|1160
|player|p2|Divine Monkey King|170|1173
|gen|9
|tier|[Gen 9 Champions] VGC 2026 Reg M-B (Bo3)
|rated|
|rule|Species Clause: Limit one of each Pokémon
|rule|Item Clause: Limit 1 of each item
|clearpoke
|poke|p1|Tyranitar, L50, F|
|poke|p1|Excadrill, L50, M|
|poke|p1|Milotic, L50, F|
|poke|p1|Sinistcha, L50|
|poke|p1|Staraptor, L50, M|
|poke|p1|Gholdengo, L50|
|poke|p2|Tyranitar, L50, M, shiny|
|poke|p2|Aerodactyl, L50, M, shiny|
|poke|p2|Pelipper, L50, M, shiny|
|poke|p2|Basculegion, L50, M, shiny|
|poke|p2|Beedrill, L50, M, shiny|
|poke|p2|Annihilape, L50, M, shiny|
|teampreview|4
|showteam|p1|Tyranitar||Tyranitarite|SandStream|KnockOff,RockSlide,HighHorsepower,Protect|Jolly||F|||50|]Excadrill||FocusSash|SandRush|Earthquake,IronHead,RockSlide,Protect|Adamant||M|||50|]Milotic||SitrusBerry|Competitive|Scald,IcyWind,Haze,Protect|Calm||F|||50|]Sinistcha||ColburBerry|Hospitality|MatchaGotcha,LifeDew,RagePowder,Protect|Bold|||||50|]Staraptor||Staraptite|Intimidate|CloseCombat,BraveBird,Tailwind,Protect|Jolly||M|||50|]Gholdengo||LifeOrb|GoodasGold|MakeItRain,ShadowBall,NastyPlot,Protect|Modest|||||50|
|showteam|p2|Tyranitar||Tyranitarite|SandStream|BrickBreak,KnockOff,Protect,RockSlide|Adamant||M|||50|]Aerodactyl||FocusSash|Unnerve|DualWingbeat,IronHead,Protect,Tailwind|Jolly||M|||50|]Pelipper||WacanBerry|Drizzle|Hurricane,IceBeam,Protect,WeatherBall|Calm||M|||50|]Basculegion||MysticWater|SwiftSwim|AquaJet,FlipTurn,LastRespects,Protect|Adamant||M|||50|]Beedrill||Beedrillite|Sniper|PoisonJab,Protect,Uturn,FellStinger|Jolly||M|||50|]Annihilape||Leftovers|Defiant|BulkUp,DrainPunch,Protect,ThunderPunch|Adamant||M|||50|
|inactive|Battle timer is ON: inactive players will automatically lose when time's up. (requested by iannaVi)
|inactive|iannaVi has 60 seconds left.
|
|t:|1784980272
|teamsize|p1|4
|teamsize|p2|4
|start
|switch|p1a: Staraptor|Staraptor, L50, M|100/100
|switch|p1b: Gholdengo|Gholdengo, L50|100/100
|switch|p2a: Aerodactyl|Aerodactyl, L50, M, shiny|100/100
|switch|p2b: Basculegion|Basculegion, L50, M, shiny|100/100
|-ability|p2a: Aerodactyl|Unnerve
|-ability|p1a: Staraptor|Intimidate|boost
|-unboost|p2a: Aerodactyl|atk|1
|-unboost|p2b: Basculegion|atk|1
|turn|1
|
|t:|1784980290
|detailschange|p1a: Staraptor|Staraptor-Mega, L50, M
|-mega|p1a: Staraptor|Staraptor|Staraptite
|move|p1b: Gholdengo|Protect|p1b: Gholdengo
|-singleturn|p1b: Gholdengo|Protect
|move|p2a: Aerodactyl|Tailwind|p2a: Aerodactyl
|-sidestart|p2: Divine Monkey King|move: Tailwind
|move|p2b: Basculegion|Flip Turn|p1a: Staraptor
|-damage|p1a: Staraptor|78/100
|
|t:|1784980303
|switch|p2b: Pelipper|Pelipper, L50, M, shiny|100/100|[from] Flip Turn
|-weather|RainDance|[from] ability: Drizzle|[of] p2b: Pelipper
|move|p1a: Staraptor|Tailwind|p1a: Staraptor
|-sidestart|p1: iannaVi|move: Tailwind
|
|-weather|RainDance|[upkeep]
|upkeep
|turn|2
|
|t:|1784980326
|switch|p1a: Milotic|Milotic, L50, F|100/100
|move|p2a: Aerodactyl|Iron Head|p1a: Milotic
|-resisted|p1a: Milotic|1
|-damage|p1a: Milotic|91/100
|move|p1b: Gholdengo|Nasty Plot|p1b: Gholdengo
|-boost|p1b: Gholdengo|spa|2
|move|p2b: Pelipper|Hurricane|p1a: Milotic
|-damage|p1a: Milotic|62/100
|-start|p1a: Milotic|confusion
|
|-weather|RainDance|[upkeep]
|upkeep
|turn|3
|inactive|Divine Monkey King has 30 seconds left.
|
|t:|1784980358
|move|p2a: Aerodactyl|Iron Head|p1a: Milotic
|-resisted|p1a: Milotic|1
|-damage|p1a: Milotic|55/100
|move|p1b: Gholdengo|Shadow Ball|p2b: Pelipper
|-damage|p2b: Pelipper|0 fnt
|faint|p2b: Pelipper
|-damage|p1b: Gholdengo|90/100|[from] item: Life Orb
|cant|p1a: Milotic|flinch
|
|-weather|RainDance|[upkeep]
|upkeep
|
|t:|1784980370
|switch|p2b: Basculegion|Basculegion, L50, M, shiny|100/100
|turn|4
|
|t:|1784980382
|move|p2b: Basculegion|Last Respects|p1b: Gholdengo
|-supereffective|p1b: Gholdengo|1
|-damage|p1b: Gholdengo|0 fnt
|faint|p1b: Gholdengo
|move|p2a: Aerodactyl|Dual Wingbeat|p1a: Milotic|[miss]
|-miss|p2a: Aerodactyl|p1a: Milotic
|-activate|p1a: Milotic|confusion
|-damage|p1a: Milotic|49/100|[from] confusion
|
|-weather|RainDance|[upkeep]
|-sideend|p1: iannaVi|move: Tailwind
|-sideend|p2: Divine Monkey King|move: Tailwind
|upkeep
|
|t:|1784980393
|switch|p1b: Sinistcha|Sinistcha, L50|100/100
|-heal|p1a: Milotic|74/100|[from] ability: Hospitality|[of] p1b: Sinistcha
|turn|5
|
|t:|1784980407
|move|p1b: Sinistcha|Protect|p1b: Sinistcha
|-singleturn|p1b: Sinistcha|Protect
|move|p2b: Basculegion|Last Respects|p1b: Sinistcha
|-activate|p1b: Sinistcha|move: Protect
|move|p2a: Aerodactyl|Tailwind|p2a: Aerodactyl
|-sidestart|p2: Divine Monkey King|move: Tailwind
|-end|p1a: Milotic|confusion
|move|p1a: Milotic|Scald|p2a: Aerodactyl
|-supereffective|p2a: Aerodactyl|1
|-enditem|p2a: Aerodactyl|Focus Sash
|-damage|p2a: Aerodactyl|1/100
|
|-weather|none
|upkeep
|turn|6
|
|t:|1784980424
|move|p2a: Aerodactyl|Iron Head|p1a: Milotic
|-resisted|p1a: Milotic|1
|-damage|p1a: Milotic|66/100
|move|p2b: Basculegion|Last Respects|p1b: Sinistcha
|-supereffective|p1b: Sinistcha|1
|-crit|p1b: Sinistcha
|-damage|p1b: Sinistcha|0 fnt
|faint|p1b: Sinistcha
|move|p1a: Milotic|Icy Wind|p2a: Aerodactyl|[spread] p2a,p2b
|-supereffective|p2a: Aerodactyl|1
|-resisted|p2b: Basculegion|1
|-damage|p2a: Aerodactyl|0 fnt
|-damage|p2b: Basculegion|94/100
|-unboost|p2b: Basculegion|spe|1
|faint|p2a: Aerodactyl
|
|upkeep
|
|t:|1784980436
|switch|p2a: Tyranitar|Tyranitar, L50, M, shiny|100/100
|switch|p1b: Staraptor|Staraptor-Mega, L50, M|78/100
|-weather|Sandstorm|[from] ability: Sand Stream|[of] p2a: Tyranitar
|turn|7
|
|t:|1784980456
|detailschange|p2a: Tyranitar|Tyranitar-Mega, L50, M, shiny
|-mega|p2a: Tyranitar|Tyranitar|Tyranitarite
|move|p2a: Tyranitar|Protect|p2a: Tyranitar
|-singleturn|p2a: Tyranitar|Protect
|move|p1b: Staraptor|Close Combat|p2a: Tyranitar
|-activate|p2a: Tyranitar|move: Protect
|move|p2b: Basculegion|Last Respects|p1b: Staraptor
|-damage|p1b: Staraptor|4/100
|move|p1a: Milotic|Scald|p2a: Tyranitar
|-activate|p2a: Tyranitar|move: Protect
|
|-weather|Sandstorm|[upkeep]
|-damage|p1b: Staraptor|0 fnt|[from] Sandstorm
|-damage|p2b: Basculegion|88/100|[from] Sandstorm
|-damage|p1a: Milotic|60/100|[from] Sandstorm
|faint|p1b: Staraptor
|upkeep
|turn|8
|-message|iannaVi forfeited.
|
|win|Divine Monkey King
|raw|iannaVi's rating: 1160 → 1136(-24 for losing)
|raw|Divine Monkey King's rating: 1173 → 1197(+24 for winning)
|l|☆iannaVi
|player|p1|
