|j|☆TobiYume
|j|☆IceyMochi
|html|TobiYumeIceyMochi    
|uhtml|bestof|Game 2 of a best-of-3
|t:|1785092400
|gametype|doubles
|player|p1|TobiYume|cheren-gen5bw2|1294
|player|p2|IceyMochi|caitlin|1249
|gen|9
|tier|[Gen 9 Champions] VGC 2026 Reg M-B (Bo3)
|rated|
|rule|Species Clause: Limit one of each Pokémon
|rule|Item Clause: Limit 1 of each item
|clearpoke
|poke|p1|Tyranitar, L50, M|
|poke|p1|Excadrill, L50, M|
|poke|p1|Gholdengo, L50|
|poke|p1|Sinistcha, L50|
|poke|p1|Staraptor, L50, F|
|poke|p1|Milotic, L50, M|
|poke|p2|Froslass, L50, F|
|poke|p2|Farigiraf, L50, F|
|poke|p2|Incineroar, L50, M|
|poke|p2|Sneasler, L50, F|
|poke|p2|Kingambit, L50, M|
|poke|p2|Basculegion, L50, M|
|teampreview|4
|showteam|p1|Tyranitar||Tyranitarite|SandStream|RockSlide,KnockOff,LowKick,Protect|Jolly||M|||50|]Excadrill||FocusSash|SandRush|IronHead,HighHorsepower,RockSlide,Protect|Adamant||M|||50|]Gholdengo||LifeOrb|GoodasGold|ShadowBall,MakeItRain,NastyPlot,Protect|Modest|||||50|]Sinistcha||KasibBerry|Hospitality|MatchaGotcha,RagePowder,TrickRoom,Protect|Bold|||||50|]Staraptor||Staraptite|Intimidate|BraveBird,CloseCombat,Tailwind,Protect|Jolly||F|||50|]Milotic||Leftovers|Competitive|Scald,Haze,IcyWind,Protect|Modest||M|||50|
|showteam|p2|Froslass||Froslassite|CursedBody|Protect,Thunderbolt,Blizzard,ShadowBall|Timid||F|||50|]Farigiraf||SitrusBerry|ArmorTail|TrickRoom,AllySwitch,Psychic,HyperVoice|Relaxed||F|||50|]Incineroar||Leftovers|Intimidate|PartingShot,WillOWisp,FlareBlitz,ThroatChop|Adamant||M|||50|]Sneasler||WhiteHerb|Unburden|FakeOut,CloseCombat,DireClaw,RockSlide|Adamant||F|||50|]Kingambit||BlackGlasses|Defiant|SuckerPunch,KowtowCleave,IronHead,LowKick|Adamant||M|||50|]Basculegion||MysticWater|Adaptability|WaveCrash,LastRespects,AquaJet,Protect|Adamant||M|||50|
|
|t:|1785092421
|teamsize|p1|4
|teamsize|p2|4
|start
|switch|p1a: Milotic|Milotic, L50, M|100/100
|switch|p1b: Sinistcha|Sinistcha, L50|100/100
|switch|p2a: Incineroar|Incineroar, L50, M|100/100
|switch|p2b: Sneasler|Sneasler, L50, F|100/100
|-ability|p2a: Incineroar|Intimidate|boost
|-unboost|p1a: Milotic|atk|1
|-ability|p1a: Milotic|Competitive|boost
|-boost|p1a: Milotic|spa|2
|-unboost|p1b: Sinistcha|atk|1
|turn|1
|
|t:|1785092435
|move|p1a: Milotic|Protect|p1a: Milotic
|-singleturn|p1a: Milotic|Protect
|move|p1b: Sinistcha|Protect|p1b: Sinistcha
|-singleturn|p1b: Sinistcha|Protect
|move|p2b: Sneasler|Fake Out|p1a: Milotic
|-activate|p1a: Milotic|move: Protect
|move|p2a: Incineroar|Flare Blitz|p1b: Sinistcha
|-activate|p1b: Sinistcha|move: Protect
|
|upkeep
|turn|2
|
|t:|1785092451
|move|p2b: Sneasler|Dire Claw|p1a: Milotic
|-damage|p1a: Milotic|56/100
|-status|p1a: Milotic|slp
|cant|p1a: Milotic|slp
|move|p1b: Sinistcha|Matcha Gotcha|p2b: Sneasler|[spread] p2a,p2b
|-resisted|p2a: Incineroar|1
|-resisted|p2b: Sneasler|1
|-damage|p2a: Incineroar|88/100
|-damage|p2b: Sneasler|83/100
|-status|p2b: Sneasler|brn
|move|p2a: Incineroar|Flare Blitz|p1b: Sinistcha
|-supereffective|p1b: Sinistcha|1
|-damage|p1b: Sinistcha|4/100
|-damage|p2a: Incineroar|60/100|[from] Recoil
|
|-heal|p1a: Milotic|62/100 slp|[from] item: Leftovers
|-heal|p2a: Incineroar|66/100|[from] item: Leftovers
|-damage|p2b: Sneasler|77/100 brn|[from] brn
|upkeep
|turn|3
|
|t:|1785092470
|move|p1b: Sinistcha|Rage Powder|p1b: Sinistcha
|-singleturn|p1b: Sinistcha|move: Rage Powder
|move|p2b: Sneasler|Close Combat|p1b: Sinistcha
|-immune|p1b: Sinistcha
|cant|p1a: Milotic|slp
|move|p2a: Incineroar|Flare Blitz|p1b: Sinistcha
|-supereffective|p1b: Sinistcha|1
|-damage|p1b: Sinistcha|0 fnt
|faint|p1b: Sinistcha
|-damage|p2a: Incineroar|65/100|[from] Recoil
|
|-heal|p1a: Milotic|68/100 slp|[from] item: Leftovers
|-heal|p2a: Incineroar|71/100|[from] item: Leftovers
|-damage|p2b: Sneasler|71/100 brn|[from] brn
|upkeep
|
|t:|1785092481
|switch|p1b: Tyranitar|Tyranitar, L50, M|100/100
|-weather|Sandstorm|[from] ability: Sand Stream|[of] p1b: Tyranitar
|turn|4
|
|t:|1785092492
|move|p1b: Tyranitar|Protect|p1b: Tyranitar
|-singleturn|p1b: Tyranitar|Protect
|move|p2b: Sneasler|Close Combat|p1a: Milotic
|-damage|p1a: Milotic|37/100 slp
|-unboost|p2b: Sneasler|def|1
|-unboost|p2b: Sneasler|spd|1
|-enditem|p2b: Sneasler|White Herb
|-clearnegativeboost|p2b: Sneasler|[silent]
|-curestatus|p1a: Milotic|slp|[msg]
|move|p1a: Milotic|Scald|p2a: Incineroar
|-supereffective|p2a: Incineroar|1
|-damage|p2a: Incineroar|0 fnt
|faint|p2a: Incineroar
|
|-weather|Sandstorm|[upkeep]
|-damage|p2b: Sneasler|66/100 brn|[from] Sandstorm
|-damage|p1a: Milotic|31/100|[from] Sandstorm
|-heal|p1a: Milotic|37/100|[from] item: Leftovers
|-damage|p2b: Sneasler|60/100 brn|[from] brn
|upkeep
|
|t:|1785092498
|switch|p2a: Kingambit|Kingambit, L50, M|100/100
|turn|5
|
|t:|1785092528
|detailschange|p1b: Tyranitar|Tyranitar-Mega, L50, M
|-mega|p1b: Tyranitar|Tyranitar|Tyranitarite
|move|p2a: Kingambit|Sucker Punch|p1a: Milotic
|-damage|p1a: Milotic|0 fnt
|faint|p1a: Milotic
|move|p2b: Sneasler|Close Combat|p1b: Tyranitar
|-supereffective|p1b: Tyranitar|2
|-damage|p1b: Tyranitar|5/100
|-unboost|p2b: Sneasler|def|1
|-unboost|p2b: Sneasler|spd|1
|move|p1b: Tyranitar|Low Kick|p2a: Kingambit
|-supereffective|p2a: Kingambit|2
|-damage|p2a: Kingambit|0 fnt
|faint|p2a: Kingambit
|
|-weather|Sandstorm|[upkeep]
|-damage|p2b: Sneasler|54/100 brn|[from] Sandstorm
|-damage|p2b: Sneasler|49/100 brn|[from] brn
|upkeep
|inactive|Battle timer is ON: inactive players will automatically lose when time's up. (requested by IceyMochi)
|
|t:|1785092540
|switch|p1a: Excadrill|Excadrill, L50, M|100/100
|switch|p2a: Froslass|Froslass, L50, F|100/100
|turn|6
|
|t:|1785092553
|detailschange|p2a: Froslass|Froslass-Mega, L50, F
|-mega|p2a: Froslass|Froslass|Froslassite
|-weather|Snowscape|[from] ability: Snow Warning|[of] p2a: Froslass
|move|p2b: Sneasler|Close Combat|p1a: Excadrill
|-supereffective|p1a: Excadrill|1
|-damage|p1a: Excadrill|7/100
|-unboost|p2b: Sneasler|def|1
|-unboost|p2b: Sneasler|spd|1
|move|p2a: Froslass|Blizzard|p1b: Tyranitar|[spread] p1a,p1b
|-damage|p1a: Excadrill|0 fnt
|-damage|p1b: Tyranitar|0 fnt
|faint|p1a: Excadrill
|faint|p1b: Tyranitar
|
|win|IceyMochi
||IceyMochi is ready for game 3.
||TobiYume is ready for game 3.
|uhtml|next|Next: Game 3 of 3
