|j|☆ToastedArt
|j|☆Jakejamhon
|html|ToastedArtJakejamhon    
|uhtml|bestof|Game 2 of a best-of-3
|t:|1785968276
|gametype|doubles
|player|p1|ToastedArt|iris|1019
|player|p2|Jakejamhon|whitney|1000
|gen|9
|tier|[Gen 9 Champions] VGC 2026 Reg M-B (Bo3)
|rated|
|rule|Species Clause: Limit one of each Pokémon
|rule|Item Clause: Limit 1 of each item
|clearpoke
|poke|p1|Staraptor, L50, M|
|poke|p1|Whimsicott, L50, M|
|poke|p1|Gholdengo, L50|
|poke|p1|Sinistcha, L50|
|poke|p1|Arcanine-Hisui, L50, M|
|poke|p1|Zoroark-Hisui, L50, M|
|poke|p2|Gliscor, L50, M, shiny|
|poke|p2|Archaludon, L50, F|
|poke|p2|Gengar, L50, M, shiny|
|poke|p2|Corviknight, L50, M|
|poke|p2|Snorlax, L50, M|
|poke|p2|Runerigus, L50, F, shiny|
|teampreview|4
|showteam|p1|Staraptor||Staraptite|Intimidate|CloseCombat,BraveBird,Roost,Protect|Jolly||M|||50|]Whimsicott||OccaBerry|Prankster|Encore,Tailwind,Charm,Moonblast|Timid||M|||50|]Gholdengo||LifeOrb|GoodasGold|MakeItRain,ShadowBall,NastyPlot,Protect|Modest|||||50|]Sinistcha||ColburBerry|Hospitality|MatchaGotcha,RagePowder,TrickRoom,Protect|Relaxed|||||50|]Arcanine-Hisui||FocusSash|RockHead|FlareBlitz,HeadSmash,ExtremeSpeed,Protect|Jolly||M|||50|]Zoroark-Hisui||SpellTag|Illusion|ShadowBall,IcyWind,WillOWisp,FakeTears|Timid||M|||50|
|showteam|p2|Gliscor||MentalHerb|SandVeil|Protect,Toxic,StealthRock,Bulldoze|Careful||M|||50|]Archaludon||ChoiceScarf|Stamina|DracoMeteor,ThunderWave,FlashCannon,Thunderbolt|Timid||F|||50|]Gengar||Gengarite|CursedBody|Protect,PerishSong,DestinyBond,ShadowBall|Timid||M|||50|]Corviknight||SitrusBerry|Pressure|Roost,BodyPress,IronDefense,BraveBird|Impish||M|||50|]Snorlax||Leftovers|Immunity|Rest,Curse,BodySlam,Crunch|Careful||M|||50|]Runerigus||ExpertBelt|WanderingSpirit|Poltergeist,StealthRock,Earthquake,BodyPress|Impish||F|||50|
|inactive|Battle timer is ON: inactive players will automatically lose when time's up. (requested by ToastedArt)
|
|t:|1785968305
|teamsize|p1|4
|teamsize|p2|4
|start
|switch|p1a: Gholdengo|Gholdengo, L50|100/100
|switch|p1b: Whimsicott|Whimsicott, L50, M|100/100
|switch|p2a: Carlos|Gengar, L50, M, shiny|100/100
|switch|p2b: Hussein|Runerigus, L50, F, shiny|100/100
|turn|1
|
|t:|1785968322
|detailschange|p2a: Carlos|Gengar-Mega, L50, M, shiny
|-mega|p2a: Carlos|Gengar|Gengarite
|move|p1a: Gholdengo|Protect|p1a: Gholdengo
|-singleturn|p1a: Gholdengo|Protect
|move|p2a: Carlos|Perish Song|p2a: Carlos
|-immune|p1a: Gholdengo|[from] ability: Good as Gold
|-start|p1b: Whimsicott|perish3|[silent]
|-start|p2a: Carlos|perish3|[silent]
|-start|p2b: Hussein|perish3|[silent]
|-fieldactivate|move: Perish Song
|move|p1b: Whimsicott|Shadow Ball|p2a: Carlos
|-supereffective|p2a: Carlos|1
|-damage|p2a: Carlos|0 fnt
|faint|p2a: Carlos
|move|p2b: Hussein|Poltergeist|p1a: Gholdengo
|-activate|p1a: Gholdengo|move: Protect
|
|-start|p1b: Whimsicott|perish3
|-start|p2b: Hussein|perish3
|upkeep
|
|t:|1785968340
|switch|p2a: Inshallah|Corviknight, L50, M|100/100
|-ability|p2a: Inshallah|Pressure
|turn|2
|
|t:|1785968348
|move|p1b: Whimsicott|Shadow Ball|p2b: Hussein
|-supereffective|p2b: Hussein|1
|-damage|p2b: Hussein|7/100
|move|p1a: Gholdengo|Nasty Plot|p1a: Gholdengo
|-boost|p1a: Gholdengo|spa|2
|move|p2a: Inshallah|Iron Defense|p2a: Inshallah
|-boost|p2a: Inshallah|def|2
|move|p2b: Hussein|Poltergeist|p1a: Gholdengo
|-activate|p1a: Gholdengo|move: Poltergeist|Life Orb
|-supereffective|p1a: Gholdengo|1
|-damage|p1a: Gholdengo|13/100
|
|-start|p1b: Whimsicott|perish2
|-start|p2b: Hussein|perish2
|upkeep
|turn|3
|
|t:|1785968367
|move|p1b: Whimsicott|Will-O-Wisp|p2a: Inshallah
|-status|p2a: Inshallah|brn
|move|p1a: Gholdengo|Shadow Ball|p2b: Hussein
|-supereffective|p2b: Hussein|1
|-damage|p2b: Hussein|0 fnt
|faint|p2b: Hussein
|-damage|p1a: Gholdengo|4/100|[from] item: Life Orb
|move|p2a: Inshallah|Brave Bird|p1a: Gholdengo
|-resisted|p1a: Gholdengo|1
|-damage|p1a: Gholdengo|0 fnt
|faint|p1a: Gholdengo
|-damage|p2a: Inshallah|98/100 brn|[from] Recoil
|
|-damage|p2a: Inshallah|92/100 brn|[from] brn
|-start|p1b: Whimsicott|perish1
|upkeep
|
|t:|1785968382
|switch|p1a: Staraptor|Staraptor, L50, M|100/100
|switch|p2b: Haram|Gliscor, L50, M, shiny|100/100
|-ability|p1a: Staraptor|Intimidate|boost
|-unboost|p2a: Inshallah|atk|1
|-unboost|p2b: Haram|atk|1
|turn|4
|
|t:|1785968398
|switch|p1b: Whimsicott|Whimsicott, L50, M|100/100
|detailschange|p1a: Staraptor|Staraptor-Mega, L50, M
|-mega|p1a: Staraptor|Staraptor|Staraptite
|move|p1a: Staraptor|Close Combat|p2b: Haram
|-resisted|p2b: Haram|1
|-damage|p2b: Haram|76/100
|-boost|p1a: Staraptor|def|1
|-boost|p1a: Staraptor|spd|1
|move|p2b: Haram|Toxic|p1a: Staraptor|[miss]
|-miss|p2b: Haram|p1a: Staraptor
|move|p2a: Inshallah|Body Press|p1a: Staraptor
|-resisted|p1a: Staraptor|1
|-damage|p1a: Staraptor|92/100
|
|-damage|p2a: Inshallah|86/100 brn|[from] brn
|upkeep
|turn|5
|
|t:|1785968418
|move|p1b: Whimsicott|Charm|p1a: Staraptor
|-boost|p1a: Staraptor|atk|2
|move|p1a: Staraptor|Close Combat|p2a: Inshallah
|-damage|p2a: Inshallah|51/100 brn
|-boost|p1a: Staraptor|def|1
|-boost|p1a: Staraptor|spd|1
|move|p2b: Haram|Toxic|p1a: Staraptor
|-status|p1a: Staraptor|tox
|move|p2a: Inshallah|Body Press|p1a: Staraptor
|-resisted|p1a: Staraptor|1
|-crit|p1a: Staraptor
|-damage|p1a: Staraptor|75/100 tox
|
|-damage|p1a: Staraptor|69/100 tox|[from] psn
|-damage|p2a: Inshallah|45/100 brn|[from] brn
|upkeep
|-enditem|p2a: Inshallah|Sitrus Berry|[eat]
|-heal|p2a: Inshallah|70/100 brn|[from] item: Sitrus Berry
|turn|6
|
|t:|1785968443
|move|p1b: Whimsicott|Encore|p2b: Haram
|-start|p2b: Haram|Encore
|-enditem|p2b: Haram|Mental Herb
|-end|p2b: Haram|Encore
|move|p1a: Staraptor|Close Combat|p2b: Haram
|-resisted|p2b: Haram|1
|-damage|p2b: Haram|30/100
|-boost|p1a: Staraptor|def|1
|-boost|p1a: Staraptor|spd|1
|move|p2b: Haram|Toxic|p1b: Whimsicott
|-status|p1b: Whimsicott|tox
|move|p2a: Inshallah|Iron Defense|p2a: Inshallah
|-boost|p2a: Inshallah|def|2
|
|-damage|p1b: Whimsicott|94/100 tox|[from] psn
|-damage|p1a: Staraptor|57/100 tox|[from] psn
|-damage|p2a: Inshallah|64/100 brn|[from] brn
|upkeep
|turn|7
|
|t:|1785968462
|move|p2b: Haram|Protect|p2b: Haram
|-singleturn|p2b: Haram|Protect
|move|p1b: Whimsicott|Charm|p1a: Staraptor
|-boost|p1a: Staraptor|atk|2
|move|p1a: Staraptor|Roost|p1a: Staraptor
|-heal|p1a: Staraptor|100/100 tox
|-singleturn|p1a: Staraptor|move: Roost
|move|p2a: Inshallah|Body Press|p1a: Staraptor
|-damage|p1a: Staraptor|83/100 tox
|
|-damage|p1b: Whimsicott|82/100 tox|[from] psn
|-damage|p1a: Staraptor|65/100 tox|[from] psn
|-damage|p2a: Inshallah|58/100 brn|[from] brn
|upkeep
|turn|8
|
|t:|1785968487
|move|p1b: Whimsicott|Moonblast|p2b: Haram
|-damage|p2b: Haram|8/100
|move|p1a: Staraptor|Close Combat|p2a: Inshallah
|-damage|p2a: Inshallah|25/100 brn
|-boost|p1a: Staraptor|def|1
|-boost|p1a: Staraptor|spd|1
|move|p2b: Haram|Bulldoze|p1b: Whimsicott|[spread] p1b
|-immune|p2a: Inshallah
|-immune|p1a: Staraptor
|-resisted|p1b: Whimsicott|1
|-damage|p1b: Whimsicott|76/100 tox
|-unboost|p1b: Whimsicott|spe|1
|move|p2a: Inshallah|Body Press|p1a: Staraptor
|-resisted|p1a: Staraptor|1
|-damage|p1a: Staraptor|58/100 tox
|
|-damage|p1a: Staraptor|34/100 tox|[from] psn
|-damage|p1b: Whimsicott|58/100 tox|[from] psn
|-damage|p2a: Inshallah|20/100r brn|[from] brn
|upkeep
|turn|9
|
|t:|1785968507
|move|p2b: Haram|Protect|p2b: Haram
|-singleturn|p2b: Haram|Protect
|move|p1a: Staraptor|Close Combat|p2a: Inshallah
|-damage|p2a: Inshallah|0 fnt
|-boost|p1a: Staraptor|def|1
|-boost|p1a: Staraptor|spd|1
|faint|p2a: Inshallah
|move|p1b: Whimsicott|Moonblast|p2b: Haram
|-activate|p2b: Haram|move: Protect
|
|-damage|p1a: Staraptor|4/100 tox|[from] psn
|-damage|p1b: Whimsicott|34/100 tox|[from] psn
|upkeep
|turn|10
|
|t:|1785968519
|move|p2b: Haram|Protect||[still]
|-fail|p2b: Haram
|move|p1a: Staraptor|Brave Bird|p2b: Haram
|-damage|p2b: Haram|0 fnt
|faint|p2b: Haram
|-damage|p1a: Staraptor|2/100 tox|[from] Recoil
|
|win|ToastedArt
|raw|ToastedArt's rating: 1019 → 1054(+35 for winning)
|raw|Jakejamhon's rating: 1000 → 1000(+0 for losing)
