|j|☆NabiscoFigNewtons
|j|☆TeyVgc
|html|NabiscoFigNewtonsTeyVgc    
|uhtml|bestof|Game 2 of a best-of-3
|t:|1783045130
|gametype|doubles
|player|p1|NabiscoFigNewtons|1|1100
|player|p2|TeyVgc|rood|1144
|gen|9
|tier|[Gen 9 Champions] VGC 2026 Reg M-B (Bo3)
|rated|
|rule|Species Clause: Limit one of each Pokémon
|rule|Item Clause: Limit 1 of each item
|clearpoke
|poke|p1|Staraptor, L50, F|
|poke|p1|Froslass, L50, F|
|poke|p1|Whimsicott, L50, F|
|poke|p1|Garchomp, L50, F|
|poke|p1|Incineroar, L50, F|
|poke|p1|Sneasler, L50, M|
|poke|p2|Tyranitar, L50, M|
|poke|p2|Excadrill, L50, M|
|poke|p2|Rotom-Wash, L50|
|poke|p2|Sinistcha, L50|
|poke|p2|Corviknight, L50, M|
|poke|p2|Houndstone, L50, M|
|teampreview|4
|showteam|p1|Staraptor||Staraptite|Intimidate|CloseCombat,BraveBird,HelpingHand,Protect|Jolly||F|||50|]Froslass||Froslassite|CursedBody|Blizzard,ShadowBall,Protect,AuroraVeil|Serious||F|||50|]Whimsicott||FocusSash|Prankster|Tailwind,Tickle,Moonblast,Protect|Bold||F|||50|]Garchomp||LifeOrb|RoughSkin|Earthquake,DracoMeteor,Protect,HelpingHand|Naive||F|||50|]Incineroar||MentalHerb|Intimidate|FakeOut,Taunt,PartingShot,FlareBlitz|Sassy||F|||50|]Sneasler||ShucaBerry|Unburden|FakeOut,CloseCombat,Protect,GunkShot|Jolly||M|||50|
|showteam|p2|Tyranitar||Tyranitarite|SandStream|RockSlide,KnockOff,LowKick,Protect|Adamant||M|||50|]Excadrill||FocusSash|SandRush|IronHead,Protect,Earthquake,RockSlide|Adamant||M|||50|]Rotom-Wash||ChoiceScarf|Levitate|VoltSwitch,HydroPump,Electroweb,Thunderbolt|Modest|||||50|]Sinistcha||SitrusBerry|Hospitality|RagePowder,MatchaGotcha,StrengthSap,TrickRoom|Bold|||||50|]Corviknight||Leftovers|MirrorArmor|BulkUp,BraveBird,Roost,Tailwind|Careful||M|||50|]Houndstone||SpellTag|SandRush|LastRespects,PhantomForce,WillOWisp,Protect|Adamant||M|||50|
|
|t:|1783045170
|teamsize|p1|4
|teamsize|p2|4
|start
|switch|p1a: Staraptor|Staraptor, L50, F|100/100
|switch|p1b: Whimsicott|Whimsicott, L50, F|100/100
|switch|p2a: Tyranitar|Tyranitar, L50, M|100/100
|switch|p2b: Houndstone|Houndstone, L50, M|100/100
|-ability|p1a: Staraptor|Intimidate|boost
|-unboost|p2a: Tyranitar|atk|1
|-unboost|p2b: Houndstone|atk|1
|-weather|Sandstorm|[from] ability: Sand Stream|[of] p2a: Tyranitar
|turn|1
|
|t:|1783045213
|switch|p2a: Rotom|Rotom-Wash, L50|100/100
|detailschange|p1a: Staraptor|Staraptor-Mega, L50, F
|-mega|p1a: Staraptor|Staraptor|Staraptite
|move|p1a: Staraptor|Protect|p1a: Staraptor
|-singleturn|p1a: Staraptor|Protect
|move|p1b: Whimsicott|Tailwind|p1b: Whimsicott
|-sidestart|p1: NabiscoFigNewtons|move: Tailwind
|move|p2b: Houndstone|Will-O-Wisp|p1a: Staraptor
|-activate|p1a: Staraptor|move: Protect
|
|-weather|Sandstorm|[upkeep]
|-damage|p1a: Staraptor|93/100|[from] Sandstorm
|-damage|p1b: Whimsicott|94/100|[from] Sandstorm
|-damage|p2a: Rotom|94/100|[from] Sandstorm
|upkeep
|turn|2
|
|t:|1783045265
|switch|p1a: Incineroar|Incineroar, L50, F|100/100
|-ability|p1a: Incineroar|Intimidate|boost
|-unboost|p2a: Rotom|atk|1
|-unboost|p2b: Houndstone|atk|1
|switch|p1b: Garchomp|Garchomp, L50, F|100/100
|move|p2b: Houndstone|Will-O-Wisp|p1a: Incineroar
|-immune|p1a: Incineroar
|move|p2a: Rotom|Volt Switch|p1a: Incineroar
|-damage|p1a: Incineroar|67/100
|
|t:|1783045294
|switch|p2a: Tyranitar|Tyranitar, L50, M|100/100|[from] Volt Switch
|
|-weather|Sandstorm|[upkeep]
|-damage|p1a: Incineroar|61/100|[from] Sandstorm
|upkeep
|turn|3
|
|t:|1783045333
|move|p2a: Tyranitar|Protect|p2a: Tyranitar
|-singleturn|p2a: Tyranitar|Protect
|move|p1a: Incineroar|Fake Out|p2a: Tyranitar
|-activate|p2a: Tyranitar|move: Protect
|move|p1b: Garchomp|Draco Meteor|p2b: Houndstone
|-damage|p2b: Houndstone|43/100
|-unboost|p1b: Garchomp|spa|2
|-damage|p1b: Garchomp|90/100|[from] item: Life Orb
|move|p2b: Houndstone|Will-O-Wisp|p1b: Garchomp
|-status|p1b: Garchomp|brn
|
|-weather|Sandstorm|[upkeep]
|-damage|p1a: Incineroar|55/100|[from] Sandstorm
|-damage|p1b: Garchomp|84/100 brn|[from] brn
|upkeep
|turn|4
|
|t:|1783045360
|switch|p1b: Whimsicott|Whimsicott, L50, F|94/100
|switch|p2b: Rotom|Rotom-Wash, L50|94/100
|detailschange|p2a: Tyranitar|Tyranitar-Mega, L50, M
|-mega|p2a: Tyranitar|Tyranitar|Tyranitarite
|move|p1a: Incineroar|Taunt|p2b: Rotom
|-start|p2b: Rotom|move: Taunt
|move|p2a: Tyranitar|Rock Slide|p1b: Whimsicott|[spread] p1a,p1b
|-supereffective|p1a: Incineroar|1
|-damage|p1a: Incineroar|0 fnt
|-damage|p1b: Whimsicott|59/100
|faint|p1a: Incineroar
|
|-weather|Sandstorm|[upkeep]
|-damage|p1b: Whimsicott|53/100|[from] Sandstorm
|-damage|p2b: Rotom|88/100|[from] Sandstorm
|-sideend|p1: NabiscoFigNewtons|move: Tailwind
|upkeep
|
|t:|1783045376
|switch|p1a: Staraptor|Staraptor-Mega, L50, F|93/100
|turn|5
|
|t:|1783045426
|move|p1a: Staraptor|Protect|p1a: Staraptor
|-singleturn|p1a: Staraptor|Protect
|move|p2b: Rotom|Volt Switch|p1a: Staraptor
|-activate|p1a: Staraptor|move: Protect
|move|p1b: Whimsicott|Moonblast|p2b: Rotom
|-damage|p2b: Rotom|50/100g
|move|p2a: Tyranitar|Rock Slide|p1a: Staraptor|[spread] p1b
|-activate|p1a: Staraptor|move: Protect
|-damage|p1b: Whimsicott|23/100
|
|-weather|none
|upkeep
|turn|6
|
|t:|1783045457
|switch|p2a: Sinistcha|Sinistcha, L50|100/100
|-heal|p2b: Rotom|75/100|[from] ability: Hospitality|[of] p2a: Sinistcha
|move|p1b: Whimsicott|Tailwind|p1b: Whimsicott
|-sidestart|p1: NabiscoFigNewtons|move: Tailwind
|move|p1a: Staraptor|Close Combat|p2b: Rotom
|-damage|p2b: Rotom|0 fnt
|-boost|p1a: Staraptor|def|1
|-boost|p1a: Staraptor|spd|1
|faint|p2b: Rotom
|
|upkeep
|
|t:|1783045472
|switch|p2b: Tyranitar|Tyranitar-Mega, L50, M|100/100
|-weather|Sandstorm|[from] ability: Sand Stream|[of] p2b: Tyranitar
|turn|7
|
|t:|1783045499
|move|p1b: Whimsicott|Tickle|p1a: Staraptor
|-boost|p1a: Staraptor|atk|1
|-boost|p1a: Staraptor|def|1
|move|p1a: Staraptor|Brave Bird|p2a: Sinistcha
|-supereffective|p2a: Sinistcha|1
|-damage|p2a: Sinistcha|0 fnt
|faint|p2a: Sinistcha
|-damage|p1a: Staraptor|57/100|[from] Recoil
|move|p2b: Tyranitar|Rock Slide|p1a: Staraptor|[spread] p1a,p1b
|-damage|p1a: Staraptor|38/100
|-damage|p1b: Whimsicott|0 fnt
|faint|p1b: Whimsicott
|
|-weather|Sandstorm|[upkeep]
|-damage|p1a: Staraptor|32/100|[from] Sandstorm
|upkeep
|
|t:|1783045513
|switch|p1b: Garchomp|Garchomp, L50, F|84/100 brn
|switch|p2a: Houndstone|Houndstone, L50, M|43/100
|turn|8
|
|t:|1783045534
|move|p2a: Houndstone|Protect|p2a: Houndstone
|-singleturn|p2a: Houndstone|Protect
|move|p2b: Tyranitar|Protect|p2b: Tyranitar
|-singleturn|p2b: Tyranitar|Protect
|move|p1a: Staraptor|Close Combat|p2b: Tyranitar
|-activate|p2b: Tyranitar|move: Protect
|move|p1b: Garchomp|Draco Meteor|p2a: Houndstone
|-activate|p2a: Houndstone|move: Protect
|
|-weather|Sandstorm|[upkeep]
|-damage|p1a: Staraptor|26/100|[from] Sandstorm
|-damage|p1b: Garchomp|78/100 brn|[from] brn
|upkeep
|turn|9
|
|t:|1783045552
|move|p1a: Staraptor|Close Combat|p2b: Tyranitar
|-supereffective|p2b: Tyranitar|2
|-damage|p2b: Tyranitar|0 fnt
|-boost|p1a: Staraptor|def|1
|-boost|p1a: Staraptor|spd|1
|faint|p2b: Tyranitar
|move|p1b: Garchomp|Draco Meteor|p2a: Houndstone
|-damage|p2a: Houndstone|0 fnt
|-unboost|p1b: Garchomp|spa|2
|faint|p2a: Houndstone
|-damage|p1b: Garchomp|68/100 brn|[from] item: Life Orb
|
|win|NabiscoFigNewtons
|raw|NabiscoFigNewtons's rating: 1100 → 1128(+28 for winning)
|raw|TeyVgc's rating: 1144 → 1116(-28 for losing)
