|j|☆INT Moreira23
|j|☆Omarro
|html|INT Moreira23Omarro    
|uhtml|bestof|Game 1 of a best-of-3
|t:|1782765150
|gametype|doubles
|player|p1|INT Moreira23|blackbelt-gen4|1000
|player|p2|Omarro|dragontamer|1110
|gen|9
|tier|[Gen 9 Champions] VGC 2026 Reg M-B (Bo3)
|rated|
|rule|Species Clause: Limit one of each Pokémon
|rule|Item Clause: Limit 1 of each item
|clearpoke
|poke|p1|Charizard, L50, M|
|poke|p1|Farigiraf, L50, M|
|poke|p1|Venusaur, L50, M|
|poke|p1|Garchomp, L50, M|
|poke|p1|Incineroar, L50, F|
|poke|p1|Sylveon, L50, F|
|poke|p2|Annihilape, L50, M|
|poke|p2|Blastoise, L50, M|
|poke|p2|Corviknight, L50, F|
|poke|p2|Sinistcha-Masterpiece, L50|
|poke|p2|Steelix, L50, M|
|poke|p2|Klefki, L50, F|
|teampreview|4
|showteam|p1|Charizard||CharizarditeY|Blaze|HeatWave,WeatherBall,SolarBeam,Protect|Modest||M|||50|]Farigiraf||ColburBerry|ArmorTail|Psychic,Thunderbolt,HelpingHand,TrickRoom|Modest||M|||50|]Venusaur||FocusSash|Chlorophyll|LeafStorm,SludgeBomb,SleepPowder,Protect|Modest||M|||50|]Garchomp||LifeOrb|RoughSkin|RockSlide,DragonClaw,Earthquake,Protect|Jolly||M|||50|]Incineroar||SitrusBerry|Intimidate|FlareBlitz,DarkestLariat,PartingShot,FakeOut|Careful||F|||50|]Sylveon||FairyFeather|Pixilate|HyperVoice,HyperBeam,QuickAttack,Protect|Modest||F|||50|
|showteam|p2|Annihilape||Leftovers|Defiant|Protect,RockSlide,DrainPunch,RageFist|Adamant||M|||50|]Blastoise||Blastoisinite|Torrent|ShellSmash,AuraSphere,MuddyWater,IceBeam|Modest||M|||50|]Corviknight||SharpBeak|MirrorArmor|BulkUp,Roost,Tailwind,BraveBird|Careful||F|||50|]Sinistcha-Masterpiece||ColburBerry|Hospitality|RagePowder,TrickRoom,LifeDew,MatchaGotcha|Relaxed|||||50|]Steelix||Steelixite|RockHead|Protect,Earthquake,HeavySlam,RockSlide|Adamant||M|||50|]Klefki||OccaBerry|Prankster|Sandstorm,MagnetRise,LightScreen,TrickRoom|Relaxed||F|||50|
|inactive|Battle timer is ON: inactive players will automatically lose when time's up. (requested by Omarro)
|inactive|INT Moreira23 has 60 seconds left.
|l|☆Omarro
|inactive|Omarro disconnected and has a minute to reconnect!
|player|p2|
|j|☆Omarro
|inactive|Omarro reconnected.
|player|p2|Omarro|dragontamer|
|
|t:|1782765225
|teamsize|p1|4
|teamsize|p2|4
|start
|switch|p1a: Charizard|Charizard, L50, M|100/100
|switch|p1b: Venusaur|Venusaur, L50, M|100/100
|switch|p2a: Steelix|Steelix, L50, M|100/100
|switch|p2b: Klefki|Klefki, L50, F|100/100
|turn|1
|inactive|INT Moreira23 has 30 seconds left.
|
|t:|1782765255
|detailschange|p1a: Charizard|Charizard-Mega-Y, L50, M
|-mega|p1a: Charizard|Charizard|Charizardite Y
|-weather|SunnyDay|[from] ability: Drought|[of] p1a: Charizard
|detailschange|p2a: Steelix|Steelix-Mega, L50, M
|-mega|p2a: Steelix|Steelix|Steelixite
|move|p1a: Charizard|Protect|p1a: Charizard
|-singleturn|p1a: Charizard|Protect
|move|p2a: Steelix|Protect|p2a: Steelix
|-singleturn|p2a: Steelix|Protect
|move|p2b: Klefki|Sandstorm|p2b: Klefki
|-weather|Sandstorm
|move|p1b: Venusaur|Sleep Powder|p2b: Klefki
|-status|p2b: Klefki|slp|[from] move: Sleep Powder
|
|-weather|Sandstorm|[upkeep]
|-damage|p1a: Charizard|94/100|[from] Sandstorm
|-damage|p1b: Venusaur|94/100|[from] Sandstorm
|upkeep
|turn|2
|inactive|INT Moreira23 has 30 seconds left.
|
|t:|1782765286
|switch|p1a: Garchomp|Garchomp, L50, M|100/100
|move|p1b: Venusaur|Sleep Powder|p2a: Steelix|[miss]
|-miss|p1b: Venusaur|p2a: Steelix
|move|p2a: Steelix|Rock Slide|p1b: Venusaur|[spread] p1a,p1b
|-resisted|p1a: Garchomp|1
|-damage|p1a: Garchomp|86/100
|-damage|p1b: Venusaur|56/100
|cant|p2b: Klefki|slp
|
|-weather|Sandstorm|[upkeep]
|-damage|p1b: Venusaur|50/100g|[from] Sandstorm
|upkeep
|turn|3
|inactive|INT Moreira23 has 30 seconds left.
|
|t:|1782765318
|cant|p2b: Klefki|slp
|move|p1a: Garchomp|Earthquake|p2b: Klefki|[spread] p1b,p2a,p2b
|-supereffective|p2a: Steelix|1
|-supereffective|p2b: Klefki|1
|-damage|p1b: Venusaur|0 fnt
|-damage|p2a: Steelix|51/100
|-damage|p2b: Klefki|12/100 slp
|faint|p1b: Venusaur
|-damage|p1a: Garchomp|77/100|[from] item: Life Orb
|move|p2a: Steelix|Earthquake|p1a: Garchomp|[spread] p2b,p1a
|-supereffective|p2b: Klefki|1
|-damage|p2b: Klefki|0 fnt
|-damage|p1a: Garchomp|19/100
|faint|p2b: Klefki
|
|-weather|Sandstorm|[upkeep]
|upkeep
|
|t:|1782765334
|switch|p1b: Charizard|Charizard-Mega-Y, L50, M|94/100
|switch|p2b: Annihilape|Annihilape, L50, M|100/100
|-weather|SunnyDay|[from] ability: Drought|[of] p1b: Charizard
|turn|4
|inactive|INT Moreira23 has 30 seconds left.
|inactive|INT Moreira23 has 20 seconds left.
|
|t:|1782765372
|switch|p1b: Farigiraf|Farigiraf, L50, M|100/100
|move|p1a: Garchomp|Protect|p1a: Garchomp
|-singleturn|p1a: Garchomp|Protect
|move|p2b: Annihilape|Rock Slide|p1b: Farigiraf|[spread] p1b
|-activate|p1a: Garchomp|move: Protect
|-damage|p1b: Farigiraf|80/100
|move|p2a: Steelix|Rock Slide|p1a: Garchomp|[spread] p1b
|-activate|p1a: Garchomp|move: Protect
|-damage|p1b: Farigiraf|62/100
|
|-weather|SunnyDay|[upkeep]
|upkeep
|turn|5
|inactive|INT Moreira23 has 30 seconds left.
|
|t:|1782765402
|move|p1b: Farigiraf|Helping Hand|p1a: Garchomp
|-singleturn|p1a: Garchomp|Helping Hand|[of] p1b: Farigiraf
|move|p2a: Steelix|Protect|p2a: Steelix
|-singleturn|p2a: Steelix|Protect
|move|p1a: Garchomp|Dragon Claw|p2b: Annihilape
|-damage|p2b: Annihilape|20/100y
|-damage|p1a: Garchomp|10/100|[from] item: Life Orb
|move|p2b: Annihilape|Drain Punch|p1a: Garchomp
|-damage|p1a: Garchomp|0 fnt
|-heal|p2b: Annihilape|24/100|[from] drain|[of] p1a: Garchomp
|-damage|p2b: Annihilape|12/100|[from] ability: Rough Skin|[of] p1a: Garchomp
|faint|p1a: Garchomp
|
|-weather|SunnyDay|[upkeep]
|-heal|p2b: Annihilape|18/100|[from] item: Leftovers
|upkeep
|
|t:|1782765424
|switch|p1a: Charizard|Charizard-Mega-Y, L50, M|94/100
|turn|6
|
|t:|1782765439
|move|p2b: Annihilape|Protect|p2b: Annihilape
|-singleturn|p2b: Annihilape|Protect
|move|p1a: Charizard|Heat Wave|p2b: Annihilape|[spread] p2a
|-activate|p2b: Annihilape|move: Protect
|-supereffective|p2a: Steelix|1
|-damage|p2a: Steelix|0 fnt
|faint|p2a: Steelix
|move|p1b: Farigiraf|Psychic|p2b: Annihilape
|-activate|p2b: Annihilape|move: Protect
|
|-weather|SunnyDay|[upkeep]
|-heal|p2b: Annihilape|24/100|[from] item: Leftovers
|upkeep
|
|t:|1782765451
|switch|p2a: Corviknight|Corviknight, L50, F|100/100
|turn|7
|
|t:|1782765465
|move|p1a: Charizard|Protect|p1a: Charizard
|-singleturn|p1a: Charizard|Protect
|move|p2b: Annihilape|Protect|p2b: Annihilape
|-singleturn|p2b: Annihilape|Protect
|move|p2a: Corviknight|Tailwind|p2a: Corviknight
|-sidestart|p2: Omarro|move: Tailwind
|move|p1b: Farigiraf|Psychic|p2b: Annihilape
|-activate|p2b: Annihilape|move: Protect
|
|-weather|SunnyDay|[upkeep]
|-heal|p2b: Annihilape|30/100|[from] item: Leftovers
|upkeep
|turn|8
|inactive|INT Moreira23 has 30 seconds left.
|inactive|INT Moreira23 has 20 seconds left.
|
|t:|1782765503
|move|p2b: Annihilape|Rock Slide|p1b: Farigiraf|[spread] p1a,p1b
|-supereffective|p1a: Charizard|2
|-damage|p1a: Charizard|16/100
|-damage|p1b: Farigiraf|44/100
|move|p2a: Corviknight|Bulk Up|p2a: Corviknight
|-boost|p2a: Corviknight|atk|1
|-boost|p2a: Corviknight|def|1
|cant|p1a: Charizard|flinch
|move|p1b: Farigiraf|Psychic|p2b: Annihilape
|-supereffective|p2b: Annihilape|1
|-damage|p2b: Annihilape|0 fnt
|faint|p2b: Annihilape
|
|-weather|none
|upkeep
|turn|9
|
|t:|1782765526
|move|p2a: Corviknight|Brave Bird|p1a: Charizard
|-damage|p1a: Charizard|0 fnt
|faint|p1a: Charizard
|-damage|p2a: Corviknight|95/100|[from] Recoil
|move|p1b: Farigiraf|Trick Room|p1b: Farigiraf
|-fieldstart|move: Trick Room|[of] p1b: Farigiraf
|
|upkeep
|turn|10
|
|t:|1782765539
|move|p1b: Farigiraf|Thunderbolt|p2a: Corviknight
|-supereffective|p2a: Corviknight|1
|-damage|p2a: Corviknight|60/100
|move|p2a: Corviknight|Roost|p2a: Corviknight
|-heal|p2a: Corviknight|100/100
|-singleturn|p2a: Corviknight|move: Roost
|
|-sideend|p2: Omarro|move: Tailwind
|upkeep
|turn|11
|
|t:|1782765551
|move|p1b: Farigiraf|Thunderbolt|p2a: Corviknight
|-supereffective|p2a: Corviknight|1
|-damage|p2a: Corviknight|65/100
|move|p2a: Corviknight|Brave Bird|p1b: Farigiraf
|-damage|p1b: Farigiraf|0 fnt
|faint|p1b: Farigiraf
|-damage|p2a: Corviknight|49/100|[from] Recoil
|
|win|Omarro
|l|☆Omarro
|player|p2|
|inactive|INT Moreira23 has 30 seconds to confirm battle start!
|inactive|Omarro has 30 seconds to confirm battle start!
||Omarro is ready for game 2.
||INT Moreira23 is ready for game 2.
|uhtml|next|Next: Game 2 of 3
