|j|☆entei enthusiast
|j|☆tauruster
|html|entei enthusiasttauruster    
|uhtml|bestof|Game 2 of a best-of-3
|t:|1783024063
|gametype|doubles
|player|p1|entei enthusiast|kamado-armor|1057
|player|p2|tauruster|battlegirl-gen4|1157
|gen|9
|tier|[Gen 9 Champions] VGC 2026 Reg M-B (Bo3)
|rated|
|rule|Species Clause: Limit one of each Pokémon
|rule|Item Clause: Limit 1 of each item
|clearpoke
|poke|p1|Gyarados, L50, M, shiny|
|poke|p1|Floette-Eternal, L50, F|
|poke|p1|Sneasler, L50, M|
|poke|p1|Sinistcha, L50|
|poke|p1|Garchomp, L50, M|
|poke|p1|Incineroar, L50, F|
|poke|p2|Farigiraf, L50, F|
|poke|p2|Incineroar, L50, M|
|poke|p2|Mawile, L50, F|
|poke|p2|Garchomp, L50, M|
|poke|p2|Charizard, L50, M|
|poke|p2|Whimsicott, L50, M|
|teampreview|4
|showteam|p1|Gyarados||Gyaradosite|Intimidate|Waterfall,LashOut,DragonDance,Protect|Adamant||M|||50|]Floette-Eternal||Floettite|FlowerVeil|DrainingKiss,DazzlingGleam,CalmMind,Protect|Timid||F|||50|]Sneasler||FocusSash|PoisonTouch|CloseCombat,DireClaw,FakeOut,Coaching|Jolly||M|||50|]Sinistcha||SitrusBerry|Hospitality|MatchaGotcha,LifeDew,RagePowder,Protect|Calm|||||50|]Garchomp||LifeOrb|RoughSkin|DragonClaw,RockSlide,Earthquake,Protect|Jolly||M|||50|]Incineroar||PasshoBerry|Intimidate|FlareBlitz,FakeOut,PartingShot,Taunt|Careful||F|||50|
|showteam|p2|Farigiraf||SitrusBerry|ArmorTail|Psychic,Thunderbolt,TrickRoom,HelpingHand|Calm||F|||50|]Incineroar||Charcoal|Intimidate|FakeOut,FlareBlitz,ThroatChop,PartingShot|Adamant||M|||50|]Mawile||Mawilite|HyperCutter|IronHead,PlayRough,SuckerPunch,Protect|Adamant||F|||50|]Garchomp||LifeOrb|RoughSkin|DragonClaw,StompingTantrum,RockSlide,Protect|Jolly||M|||50|]Charizard||CharizarditeY|SolarPower|HeatWave,WeatherBall,Protect,SolarBeam|Modest||M|||50|]Whimsicott||FocusSash|Prankster|Moonblast,Tailwind,Encore,Protect|Timid||M|||50|
|inactive|Battle timer is ON: inactive players will automatically lose when time's up. (requested by entei enthusiast)
|
|t:|1783024095
|teamsize|p1|4
|teamsize|p2|4
|start
|switch|p1a: Gyarados|Gyarados, L50, M, shiny|100/100
|switch|p1b: Sneasler|Sneasler, L50, M|100/100
|switch|p2a: Whimsicott|Whimsicott, L50, M|100/100
|switch|p2b: Charizard|Charizard, L50, M|100/100
|-ability|p1a: Gyarados|Intimidate|boost
|-unboost|p2a: Whimsicott|atk|1
|-unboost|p2b: Charizard|atk|1
|turn|1
|j| DiscardCardaway
|inactive|entei enthusiast has 30 seconds left.
|
|t:|1783024128
|switch|p2a: Farigiraf|Farigiraf, L50, F|100/100
|detailschange|p2b: Charizard|Charizard-Mega-Y, L50, M
|-mega|p2b: Charizard|Charizard|Charizardite Y
|-weather|SunnyDay|[from] ability: Drought|[of] p2b: Charizard
|move|p1b: Sneasler|Fake Out||[still]
|cant|p2a: Farigiraf|ability: Armor Tail|Fake Out|[of] p1b: Sneasler
|move|p1a: Gyarados|Dragon Dance|p1a: Gyarados
|-boost|p1a: Gyarados|atk|1
|-boost|p1a: Gyarados|spe|1
|move|p2b: Charizard|Heat Wave|p1a: Gyarados|[spread] p1a,p1b
|-resisted|p1a: Gyarados|1
|-damage|p1a: Gyarados|68/100
|-damage|p1b: Sneasler|17/100
|
|-weather|SunnyDay|[upkeep]
|upkeep
|turn|2
|
|t:|1783024144
|switch|p1b: Incineroar|Incineroar, L50, F|100/100
|-ability|p1b: Incineroar|Intimidate|boost
|-unboost|p2a: Farigiraf|atk|1
|-unboost|p2b: Charizard|atk|1
|detailschange|p1a: Gyarados|Gyarados-Mega, L50, M, shiny
|-mega|p1a: Gyarados|Gyarados|Gyaradosite
|-ability|p1a: Gyarados|Mold Breaker
|move|p1a: Gyarados|Lash Out|p2a: Farigiraf
|-supereffective|p2a: Farigiraf|1
|-damage|p2a: Farigiraf|0 fnt
|faint|p2a: Farigiraf
|move|p2b: Charizard|Solar Beam||[still]
|-prepare|p2b: Charizard|Solar Beam
|-anim|p2b: Charizard|Solar Beam|p1a: Gyarados
|-supereffective|p1a: Gyarados|1
|-damage|p1a: Gyarados|0 fnt
|faint|p1a: Gyarados
|
|-weather|SunnyDay|[upkeep]
|upkeep
|inactive|tauruster has 30 seconds left.
|
|t:|1783024171
|switch|p1a: Sneasler|Sneasler, L50, M|17/100
|switch|p2a: Whimsicott|Whimsicott, L50, M|100/100
|turn|3
|l| DiscardCardaway
|
|t:|1783024196
|move|p2a: Whimsicott|Protect|p2a: Whimsicott
|-singleturn|p2a: Whimsicott|Protect
|move|p2b: Charizard|Protect|p2b: Charizard
|-singleturn|p2b: Charizard|Protect
|move|p1b: Incineroar|Fake Out|p2b: Charizard
|-activate|p2b: Charizard|move: Protect
|move|p1a: Sneasler|Coaching|p1b: Incineroar
|-boost|p1b: Incineroar|atk|1
|-boost|p1b: Incineroar|def|1
|
|-weather|SunnyDay|[upkeep]
|upkeep
|turn|4
|
|t:|1783024211
|move|p2a: Whimsicott|Tailwind|p2a: Whimsicott
|-sidestart|p2: tauruster|move: Tailwind
|move|p2b: Charizard|Heat Wave|p1b: Incineroar|[spread] p1a,p1b
|-resisted|p1b: Incineroar|1
|-damage|p1a: Sneasler|0 fnt
|-damage|p1b: Incineroar|73/100
|faint|p1a: Sneasler
|move|p1b: Incineroar|Flare Blitz|p2b: Charizard
|-resisted|p2b: Charizard|1
|-damage|p2b: Charizard|48/100
|-damage|p1b: Incineroar|58/100|[from] Recoil
|
|-weather|SunnyDay|[upkeep]
|upkeep
|
|t:|1783024215
|switch|p1a: Sinistcha|Sinistcha, L50|100/100
|-heal|p1b: Incineroar|83/100|[from] ability: Hospitality|[of] p1a: Sinistcha
|turn|5
|inactive|tauruster has 30 seconds left.
|
|t:|1783024244
|move|p2b: Charizard|Protect|p2b: Charizard
|-singleturn|p2b: Charizard|Protect
|move|p1a: Sinistcha|Protect|p1a: Sinistcha
|-singleturn|p1a: Sinistcha|Protect
|move|p2a: Whimsicott|Moonblast|p1b: Incineroar
|-damage|p1b: Incineroar|56/100
|move|p1b: Incineroar|Flare Blitz|p2a: Whimsicott
|-supereffective|p2a: Whimsicott|1
|-enditem|p2a: Whimsicott|Focus Sash
|-damage|p2a: Whimsicott|1/100
|-damage|p1b: Incineroar|34/100|[from] Recoil
|
|-weather|none
|upkeep
|turn|6
|inactive|entei enthusiast has 30 seconds left.
|inactive|tauruster has 30 seconds left.
|
|t:|1783024277
|switch|p2b: Garchomp|Garchomp, L50, M|100/100
|move|p2a: Whimsicott|Protect|p2a: Whimsicott
|-singleturn|p2a: Whimsicott|Protect
|move|p1b: Incineroar|Parting Shot|p2b: Garchomp
|-unboost|p2b: Garchomp|atk|1
|-unboost|p2b: Garchomp|spa|1
|move|p1a: Sinistcha|Life Dew||[still]|[spread] p1a,p1b
|-fail|p1a: Sinistcha|heal
|-heal|p1b: Incineroar|59/100
|
|upkeep
|turn|7
|
|t:|1783024293
|move|p2a: Whimsicott|Encore|p1a: Sinistcha
|-start|p1a: Sinistcha|Encore
|move|p2b: Garchomp|Stomping Tantrum|p1b: Incineroar
|-supereffective|p1b: Incineroar|1
|-damage|p1b: Incineroar|16/100
|-damage|p2b: Garchomp|90/100|[from] item: Life Orb
|move|p1b: Incineroar|Taunt|p2a: Whimsicott
|-start|p2a: Whimsicott|move: Taunt
|move|p1a: Sinistcha|Life Dew||[still]|[spread] p1a,p1b
|-fail|p1a: Sinistcha|heal
|-heal|p1b: Incineroar|41/100
|
|-sideend|p2: tauruster|move: Tailwind
|upkeep
|turn|8
|
|t:|1783024312
|move|p2a: Whimsicott|Moonblast|p1b: Incineroar
|-damage|p1b: Incineroar|14/100
|move|p2b: Garchomp|Stomping Tantrum|p1b: Incineroar
|-supereffective|p1b: Incineroar|1
|-damage|p1b: Incineroar|0 fnt
|faint|p1b: Incineroar
|-damage|p2b: Garchomp|80/100|[from] item: Life Orb
|move|p1a: Sinistcha|Life Dew||[still]
|-fail|p1a: Sinistcha|heal
|
|upkeep
|turn|9
|-message|entei enthusiast forfeited.
|
|win|tauruster
|raw|entei enthusiast's rating: 1057 → 1044(-13 for losing)
|raw|tauruster's rating: 1157 → 1175(+18 for winning)
