|j|☆ZilverZurfer
|j|☆Aizenmack
|html|ZilverZurferAizenmack    
|uhtml|bestof|Game 2 of a best-of-3
|t:|1757683726
|gametype|doubles
|player|p1|ZilverZurfer|2|1135
|player|p2|Aizenmack|veteran|1227
|gen|9
|tier|[Gen 9] VGC 2025 Reg H (Bo3)
|rated|
|rule|Species Clause: Limit one of each Pokémon
|rule|Item Clause: Limit 1 of each item
|clearpoke
|poke|p1|Torkoal, L50, M|
|poke|p1|Lilligant-Hisui, L50, F|
|poke|p1|Indeedee-F, L50, F|
|poke|p1|Hatterene, L50, F|
|poke|p1|Gallade, L50, M|
|poke|p1|Ursaluna, L50, M|
|poke|p2|Incineroar, L50, M|
|poke|p2|Pelipper, L50, M|
|poke|p2|Basculegion, L50, M|
|poke|p2|Rillaboom, L50, M|
|poke|p2|Archaludon, L50, M|
|poke|p2|Volcarona, L50, F|
|teampreview|4
|showteam|p1|Torkoal||ChoiceSpecs|Drought|Eruption,HeatWave,EarthPower,WeatherBall|||M|||50|,,,,,Fire]Lilligant-Hisui||FocusSash|Chlorophyll|Protect,AfterYou,CloseCombat,SolarBlade|||F|||50|,,,,,Ghost]Indeedee-F||PsychicSeed|PsychicSurge|Psychic,HelpingHand,TrickRoom,FollowMe|||F|||50|,,,,,Water]Hatterene||LifeOrb|MagicBounce|Protect,ExpandingForce,DazzlingGleam,TrickRoom|||F|||50|,,,,,Fire]Gallade||ClearAmulet|Sharpness|SacredSword,PsychoCut,TrickRoom,WideGuard|||M|||50|,,,,,Grass]Ursaluna||FlameOrb|Guts|Protect,HeadlongRush,Earthquake,Facade|||M|||50|,,,,,Ghost
|showteam|p2|Incineroar||SafetyGoggles|Intimidate|FakeOut,KnockOff,PartingShot,FlareBlitz|||M|||50|,,,,,Ghost]Pelipper||FocusSash|Drizzle|Hurricane,Tailwind,Protect,WeatherBall|||M|||50|,,,,,Water]Basculegion||ChoiceBand|SwiftSwim|LastRespects,WaveCrash,AquaJet,FlipTurn|||M|||50|,,,,,Water]Rillaboom||AssaultVest|GrassySurge|FakeOut,WoodHammer,HighHorsepower,GrassyGlide|||M|||50|,,,,,Grass]Archaludon||PowerHerb|Sturdy|DragonPulse,FlashCannon,ElectroShot,Protect|||M|||50|,,,,,Electric]Volcarona||CovertCloak|FlameBody|HeatWave,BugBuzz,QuiverDance,Protect|||F|||50|,,,,,Bug
|inactive|Battle timer is ON: inactive players will automatically lose when time's up. (requested by Aizenmack)
|
|t:|1757683739
|teamsize|p1|4
|teamsize|p2|4
|start
|switch|p1a: Indeedee|Indeedee-F, L50, F|100/100
|switch|p1b: Gallade|Gallade, L50, M|100/100
|switch|p2a: Basculegion|Basculegion, L50, M, shiny|100/100
|switch|p2b: Incineroar|Incineroar, L50, M|100/100
|-fieldstart|move: Psychic Terrain|[from] ability: Psychic Surge|[of] p1a: Indeedee
|-enditem|p1a: Indeedee|Psychic Seed
|-boost|p1a: Indeedee|spd|1|[from] item: Psychic Seed
|-ability|p2b: Incineroar|Intimidate|boost
|-unboost|p1a: Indeedee|atk|1
|-fail|p1b: Gallade|unboost|[from] item: Clear Amulet|[of] p1b: Gallade
|turn|1
|inactive|Aizenmack has 30 seconds left.
|
|t:|1757683765
|switch|p2b: Rillaboom|Rillaboom, L50, M|100/100
|-fieldstart|move: Grassy Terrain|[from] ability: Grassy Surge|[of] p2b: Rillaboom
|-terastallize|p2a: Basculegion|Water
|move|p1a: Indeedee|Follow Me|p1a: Indeedee
|-singleturn|p1a: Indeedee|move: Follow Me
|move|p2a: Basculegion|Wave Crash|p1a: Indeedee
|-damage|p1a: Indeedee|0 fnt
|faint|p1a: Indeedee
|-damage|p2a: Basculegion|71/100|[from] Recoil
|move|p1b: Gallade|Trick Room|p1b: Gallade
|-fieldstart|move: Trick Room|[of] p1b: Gallade
|
|-heal|p2a: Basculegion|77/100|[from] Grassy Terrain
|upkeep
|
|t:|1757683782
|switch|p1a: Hatterene|Hatterene, L50, F|100/100
|turn|2
|inactive|ZilverZurfer has 30 seconds left.
|
|t:|1757683812
|-terastallize|p1b: Gallade|Grass
|move|p2b: Rillaboom|Fake Out|p1a: Hatterene
|-damage|p1a: Hatterene|84/100
|cant|p1a: Hatterene|flinch
|move|p1b: Gallade|Sacred Sword|p2a: Basculegion
|-damage|p2a: Basculegion|0 fnt
|faint|p2a: Basculegion
|
|-heal|p1a: Hatterene|90/100|[from] Grassy Terrain
|upkeep
|
|t:|1757683826
|switch|p2a: Incineroar|Incineroar, L50, M|100/100
|-ability|p2a: Incineroar|Intimidate|boost
|-unboost|p1a: Hatterene|atk|1
|-fail|p1b: Gallade|unboost|[from] item: Clear Amulet|[of] p1b: Gallade
|turn|3
|inactive|Aizenmack has 30 seconds left.
|
|t:|1757683852
|move|p1a: Hatterene|Dazzling Gleam|p2a: Incineroar|[spread] p2a,p2b
|-damage|p2a: Incineroar|69/100
|-damage|p2b: Rillaboom|65/100
|-damage|p1a: Hatterene|80/100|[from] item: Life Orb
|move|p2a: Incineroar|Flare Blitz|p1b: Gallade
|-supereffective|p1b: Gallade
|-damage|p1b: Gallade|0 fnt
|faint|p1b: Gallade
|-damage|p2a: Incineroar|43/100|[from] Recoil
|move|p2b: Rillaboom|High Horsepower|p1a: Hatterene
|-damage|p1a: Hatterene|40/100
|
|-heal|p1a: Hatterene|46/100|[from] Grassy Terrain
|-heal|p2a: Incineroar|49/100|[from] Grassy Terrain
|-heal|p2b: Rillaboom|71/100|[from] Grassy Terrain
|upkeep
|
|t:|1757683860
|switch|p1b: Torkoal|Torkoal, L50, M|100/100
|-weather|SunnyDay|[from] ability: Drought|[of] p1b: Torkoal
|turn|4
|
|t:|1757683878
|switch|p2a: Pelipper|Pelipper, L50, M|100/100
|-weather|RainDance|[from] ability: Drizzle|[of] p2a: Pelipper
|move|p1b: Torkoal|Eruption|p2a: Pelipper|[spread] p2a,p2b
|-resisted|p2a: Pelipper
|-supereffective|p2b: Rillaboom
|-damage|p2a: Pelipper|69/100
|-damage|p2b: Rillaboom|17/100
|move|p1a: Hatterene|Dazzling Gleam|p2a: Pelipper|[spread] p2a,p2b
|-crit|p2a: Pelipper
|-damage|p2a: Pelipper|0 fnt
|-damage|p2b: Rillaboom|0 fnt
|faint|p2a: Pelipper
|faint|p2b: Rillaboom
|-damage|p1a: Hatterene|36/100|[from] item: Life Orb
|
|-weather|RainDance|[upkeep]
|-heal|p1a: Hatterene|42/100|[from] Grassy Terrain
|upkeep
|
|t:|1757683888
|switch|p2b: Incineroar|Incineroar, L50, M|49/100
|-ability|p2b: Incineroar|Intimidate|boost
|-unboost|p1a: Hatterene|atk|1
|-unboost|p1b: Torkoal|atk|1
|turn|5
|
|t:|1757683900
|move|p1b: Torkoal|Eruption|p2b: Incineroar
|-resisted|p2b: Incineroar
|-damage|p2b: Incineroar|32/100
|move|p1a: Hatterene|Dazzling Gleam|p2b: Incineroar
|-damage|p2b: Incineroar|0 fnt
|faint|p2b: Incineroar
|-damage|p1a: Hatterene|33/100|[from] item: Life Orb
|
|win|ZilverZurfer
|raw|ZilverZurfer's rating: 1135 → 1166(+31 for winning)
|raw|Aizenmack's rating: 1227 → 1196(-31 for losing)
