|j|‽Giraldo567
|j|☆TMJS01
|html|Giraldo567TMJS01    
|uhtml|bestof|Game 3 of a best-of-3
|t:|1782499073
|gametype|doubles
|player|p1|Giraldo567|101|1253
|player|p2|TMJS01|unknown|1379
|gen|9
|tier|[Gen 9 Champions] VGC 2026 Reg M-B (Bo3)
|rated|
|rule|Species Clause: Limit one of each Pokémon
|rule|Item Clause: Limit 1 of each item
|clearpoke
|poke|p1|Charizard, L50, F|
|poke|p1|Milotic, L50, F|
|poke|p1|Incineroar, L50, M|
|poke|p1|Sneasler, L50, F|
|poke|p1|Basculegion, L50, M|
|poke|p1|Sinistcha-Masterpiece, L50|
|poke|p2|Sinistcha, L50|
|poke|p2|Incineroar, L50, F|
|poke|p2|Garchomp, L50, M|
|poke|p2|Floette-Eternal, L50, F|
|poke|p2|Delphox, L50, M|
|poke|p2|Kingambit, L50, M|
|teampreview|4
|showteam|p1|Charizard||CharizarditeY|Blaze|Protect,HeatWave,WeatherBall,SolarBeam|Modest||F|||50|]Milotic||Leftovers|Competitive|Coil,Hypnosis,Protect,MuddyWater|Calm||F|||50|]Incineroar||ChopleBerry|Intimidate|FakeOut,DarkestLariat,FlareBlitz,PartingShot|Adamant||M|||50|]Sneasler||FocusSash|PoisonTouch|FakeOut,DireClaw,CloseCombat,Protect|Adamant||F|||50|]Basculegion||ChoiceScarf|Adaptability|FlipTurn,WaveCrash,AquaJet,LastRespects|Jolly||M|||50|]Sinistcha-Masterpiece||SitrusBerry|Hospitality|RagePowder,Protect,MatchaGotcha,LifeDew|Bold|||||50|
|showteam|p2|Sinistcha||KasibBerry|Hospitality|MatchaGotcha,RagePowder,TrickRoom,LifeDew|Relaxed|||||50|]Incineroar||ChopleBerry|Intimidate|ThroatChop,FlareBlitz,PartingShot,FakeOut|Impish||F|||50|]Garchomp||LifeOrb|RoughSkin|ScaleShot,StompingTantrum,Protect,RockTomb|Jolly||M|||50|]Floette-Eternal||Floettite|FlowerVeil|Protect,CalmMind,Moonblast,DazzlingGleam|Modest||F|||50|]Delphox||Delphoxite|Blaze|NastyPlot,HeatWave,Psyshock,Protect|Timid||M|||50|]Kingambit||FocusSash|Defiant|SuckerPunch,IronHead,KowtowCleave,LowKick|Brave||M|||50|
|inactive|Battle timer is ON: inactive players will automatically lose when time's up. (requested by TMJS01)
|inactive|TMJS01 has 60 seconds left.
|
|t:|1782499104
|teamsize|p1|4
|teamsize|p2|4
|start
|switch|p1a: Incineroar|Incineroar, L50, M|100/100
|switch|p1b: Milotic|Milotic, L50, F|100/100
|switch|p2a: Floette|Floette-Eternal, L50, F|100/100
|switch|p2b: Kingambit|Kingambit, L50, M|100/100
|-ability|p1a: Incineroar|Intimidate|boost
|-unboost|p2a: Floette|atk|1
|-unboost|p2b: Kingambit|atk|1
|-ability|p2b: Kingambit|Defiant|boost
|-boost|p2b: Kingambit|atk|2
|turn|1
|
|t:|1782499116
|detailschange|p2a: Floette|Floette-Mega, L50, F
|-mega|p2a: Floette|Floette|Floettite
|-ability|p2a: Floette|Fairy Aura
|move|p2a: Floette|Calm Mind|p2a: Floette
|-boost|p2a: Floette|spa|1
|-boost|p2a: Floette|spd|1
|move|p1b: Milotic|Coil|p1b: Milotic
|-boost|p1b: Milotic|atk|1
|-boost|p1b: Milotic|def|1
|-boost|p1b: Milotic|accuracy|1
|move|p1a: Incineroar|Flare Blitz|p2b: Kingambit
|-supereffective|p2b: Kingambit|1
|-damage|p2b: Kingambit|11/100
|-damage|p1a: Incineroar|72/100|[from] Recoil
|move|p2b: Kingambit|Low Kick|p1a: Incineroar
|-supereffective|p1a: Incineroar|1
|-enditem|p1a: Incineroar|Chople Berry|[eat]
|-enditem|p1a: Incineroar|Chople Berry|[weaken]
|-damage|p1a: Incineroar|28/100
|
|upkeep
|turn|2
|
|t:|1782499137
|move|p2b: Kingambit|Sucker Punch|p1a: Incineroar
|-resisted|p1a: Incineroar|1
|-damage|p1a: Incineroar|0 fnt
|faint|p1a: Incineroar
|move|p2a: Floette|Moonblast|p1b: Milotic
|-damage|p1b: Milotic|31/100
|move|p1b: Milotic|Hypnosis|p2a: Floette
|-status|p2a: Floette|slp|[from] move: Hypnosis
|
|-heal|p1b: Milotic|37/100|[from] item: Leftovers
|upkeep
|
|t:|1782499154
|switch|p1a: Sneasler|Sneasler, L50, F|100/100
|turn|3
|
|t:|1782499163
|switch|p2a: Sinistcha|Sinistcha, L50|100/100
|-heal|p2b: Kingambit|36/100|[from] ability: Hospitality|[of] p2a: Sinistcha
|move|p2b: Kingambit|Sucker Punch|p1a: Sneasler
|-resisted|p1a: Sneasler|1
|-damage|p1a: Sneasler|50/100g
|move|p1a: Sneasler|Dire Claw|p2a: Sinistcha
|-damage|p2a: Sinistcha|62/100
|move|p1b: Milotic|Coil|p1b: Milotic
|-boost|p1b: Milotic|atk|1
|-boost|p1b: Milotic|def|1
|-boost|p1b: Milotic|accuracy|1
|
|-heal|p1b: Milotic|43/100|[from] item: Leftovers
|upkeep
|turn|4
|
|t:|1782499181
|move|p1a: Sneasler|Protect|p1a: Sneasler
|-singleturn|p1a: Sneasler|Protect
|move|p2a: Sinistcha|Rage Powder|p2a: Sinistcha
|-singleturn|p2a: Sinistcha|move: Rage Powder
|move|p1b: Milotic|Hypnosis|p2a: Sinistcha
|-status|p2a: Sinistcha|slp|[from] move: Hypnosis
|move|p2b: Kingambit|Iron Head|p1a: Sneasler
|-activate|p1a: Sneasler|move: Protect
|
|-heal|p1b: Milotic|49/100|[from] item: Leftovers
|upkeep
|turn|5
|
|t:|1782499197
|switch|p1a: Charizard|Charizard, L50, F|100/100
|move|p2b: Kingambit|Sucker Punch||[still]
|-fail|p2b: Kingambit
|move|p1b: Milotic|Hypnosis|p2b: Kingambit
|-status|p2b: Kingambit|slp|[from] move: Hypnosis
|cant|p2a: Sinistcha|slp
|
|-heal|p1b: Milotic|55/100|[from] item: Leftovers
|upkeep
|turn|6
|
|t:|1782499216
|switch|p2a: Garchomp|Garchomp, L50, M|100/100
|detailschange|p1a: Charizard|Charizard-Mega-Y, L50, F
|-mega|p1a: Charizard|Charizard|Charizardite Y
|-weather|SunnyDay|[from] ability: Drought|[of] p1a: Charizard
|move|p1a: Charizard|Heat Wave|p2a: Garchomp|[spread] p2a,p2b
|-resisted|p2a: Garchomp|1
|-supereffective|p2b: Kingambit|1
|-damage|p2a: Garchomp|58/100
|-damage|p2b: Kingambit|0 fnt
|faint|p2b: Kingambit
|move|p1b: Milotic|Muddy Water|p2a: Garchomp
|-damage|p2a: Garchomp|42/100
|
|-weather|SunnyDay|[upkeep]
|-heal|p1b: Milotic|61/100|[from] item: Leftovers
|upkeep
|
|t:|1782499222
|switch|p2b: Sinistcha|Sinistcha, L50|62/100 slp
|-heal|p2a: Garchomp|67/100|[from] ability: Hospitality|[of] p2b: Sinistcha
|turn|7
|
|t:|1782499240
|cant|p2b: Sinistcha|slp
|move|p2a: Garchomp|Rock Tomb|p1a: Charizard
|-supereffective|p1a: Charizard|2
|-damage|p1a: Charizard|0 fnt
|faint|p1a: Charizard
|-damage|p2a: Garchomp|57/100|[from] item: Life Orb
|move|p1b: Milotic|Hypnosis|p2a: Garchomp
|-status|p2a: Garchomp|slp|[from] move: Hypnosis
|
|-weather|SunnyDay|[upkeep]
|-heal|p1b: Milotic|67/100|[from] item: Leftovers
|upkeep
|
|t:|1782499245
|switch|p1a: Sneasler|Sneasler, L50, F|50/100g
|turn|8
|
|t:|1782499254
|move|p1a: Sneasler|Dire Claw|p2b: Sinistcha
|-damage|p2b: Sinistcha|26/100 slp
|cant|p2a: Garchomp|slp
|move|p1b: Milotic|Muddy Water|p2a: Garchomp|[spread] p2a,p2b
|-resisted|p2b: Sinistcha|1
|-damage|p2a: Garchomp|46/100 slp
|-damage|p2b: Sinistcha|21/100 slp
|-curestatus|p2b: Sinistcha|slp|[msg]
|move|p2b: Sinistcha|Matcha Gotcha|p1b: Milotic|[spread] p1a,p1b
|-resisted|p1a: Sneasler|1
|-supereffective|p1b: Milotic|1
|-damage|p1a: Sneasler|35/100
|-heal|p2b: Sinistcha|28/100|[from] drain|[of] p1a: Sneasler
|-damage|p1b: Milotic|36/100
|-heal|p2b: Sinistcha|45/100|[from] drain|[of] p1b: Milotic
|
|-weather|SunnyDay|[upkeep]
|-heal|p1b: Milotic|42/100|[from] item: Leftovers
|upkeep
|turn|9
|
|t:|1782499276
|move|p1a: Sneasler|Close Combat|p2a: Garchomp
|-damage|p2a: Garchomp|0 fnt
|-unboost|p1a: Sneasler|def|1
|-unboost|p1a: Sneasler|spd|1
|-damage|p1a: Sneasler|22/100|[from] ability: Rough Skin|[of] p2a: Garchomp
|faint|p2a: Garchomp
|move|p1b: Milotic|Hypnosis|p2b: Sinistcha
|-status|p2b: Sinistcha|slp|[from] move: Hypnosis
|cant|p2b: Sinistcha|slp
|
|-weather|SunnyDay|[upkeep]
|-heal|p1b: Milotic|48/100|[from] item: Leftovers
|upkeep
|
|t:|1782499281
|switch|p2a: Floette|Floette-Mega, L50, F|100/100 slp
|-ability|p2a: Floette|Fairy Aura
|turn|10
|
|t:|1782499294
|move|p1a: Sneasler|Dire Claw|p2a: Floette
|-supereffective|p2a: Floette|1
|-damage|p2a: Floette|7/100 slp
|cant|p2a: Floette|slp
|move|p1b: Milotic|Muddy Water|p2a: Floette|[spread] p2a,p2b
|-resisted|p2b: Sinistcha|1
|-damage|p2a: Floette|0 fnt
|-damage|p2b: Sinistcha|39/100 slp
|faint|p2a: Floette
|-curestatus|p2b: Sinistcha|slp|[msg]
|move|p2b: Sinistcha|Matcha Gotcha|p1b: Milotic|[spread] p1a,p1b
|-resisted|p1a: Sneasler|1
|-supereffective|p1b: Milotic|1
|-damage|p1a: Sneasler|0 fnt
|-heal|p2b: Sinistcha|50/100y|[from] drain|[of] p1a: Sneasler
|-damage|p1b: Milotic|20/100y
|-heal|p2b: Sinistcha|65/100|[from] drain|[of] p1b: Milotic
|-status|p1b: Milotic|brn
|faint|p1a: Sneasler
|
|-weather|none
|-heal|p1b: Milotic|26/100 brn|[from] item: Leftovers
|-damage|p1b: Milotic|20/100y brn|[from] brn
|upkeep
|turn|11
|
|t:|1782499310
|move|p1b: Milotic|Hypnosis|p2b: Sinistcha
|-status|p2b: Sinistcha|slp|[from] move: Hypnosis
|cant|p2b: Sinistcha|slp
|
|-heal|p1b: Milotic|26/100 brn|[from] item: Leftovers
|-damage|p1b: Milotic|20/100y brn|[from] brn
|upkeep
|turn|12
|
|t:|1782499313
|move|p1b: Milotic|Muddy Water|p2b: Sinistcha
|-resisted|p2b: Sinistcha|1
|-damage|p2b: Sinistcha|50/100g slp
|cant|p2b: Sinistcha|slp
|
|-heal|p1b: Milotic|26/100 brn|[from] item: Leftovers
|-damage|p1b: Milotic|20/100y brn|[from] brn
|upkeep
|turn|13
|
|t:|1782499318
|move|p1b: Milotic|Muddy Water|p2b: Sinistcha
|-resisted|p2b: Sinistcha|1
|-damage|p2b: Sinistcha|34/100 slp
|-unboost|p2b: Sinistcha|accuracy|1
|-curestatus|p2b: Sinistcha|slp|[msg]
|move|p2b: Sinistcha|Matcha Gotcha|p1b: Milotic
|-supereffective|p1b: Milotic|1
|-damage|p1b: Milotic|0 fnt
|-heal|p2b: Sinistcha|46/100|[from] drain|[of] p1b: Milotic
|faint|p1b: Milotic
|
|win|TMJS01
|raw|Giraldo567's rating: 1253 → 1237(-16 for losing)
|raw|TMJS01's rating: 1379 → 1392(+13 for winning)
|c|☆TMJS01|merecido
|c|☆TMJS01|ggs
