|j|☆parsley<3
|j|☆Flamingtiger56
|html|parsley<3Flamingtiger56    
|uhtml|bestof|Game 3 of a best-of-3
|t:|1756426570
|gametype|doubles
|player|p1|parsley<3|lacey|1255
|player|p2|Flamingtiger56|101|1374
|gen|9
|tier|[Gen 9] VGC 2025 Reg H (Bo3)
|rated|
|rule|Species Clause: Limit one of each Pokémon
|rule|Item Clause: Limit 1 of each item
|clearpoke
|poke|p1|Maushold, L50|
|poke|p1|Annihilape, L50, M|
|poke|p1|Gholdengo, L50|
|poke|p1|Ursaluna-Bloodmoon, L50, M|
|poke|p1|Dragonite, L50, F|
|poke|p1|Sneasler, L50, F|
|poke|p2|Samurott-Hisui, L50, F|
|poke|p2|Amoonguss, L50, F|
|poke|p2|Incineroar, L50, M|
|poke|p2|Gholdengo, L50|
|poke|p2|Yanmega, L50, F|
|poke|p2|Ursaluna, L50, F|
|teampreview|4
|showteam|p1|Maushold||SafetyGoggles|FriendGuard|SuperFang,BeatUp,Protect,FollowMe||||||50|,,,,,Ghost]Annihilape||SitrusBerry|Defiant|RageFist,CloseCombat,Protect,FinalGambit|||M|||50|,,,,,Fire]Gholdengo||LifeOrb|GoodasGold|MakeItRain,ShadowBall,Protect,NastyPlot||||||50|,,,,,Water]Ursaluna-Bloodmoon||AssaultVest|MindsEye|HyperVoice,BloodMoon,EarthPower,VacuumWave|||M|||50|,,,,,Ghost]Dragonite||LoadedDice|Multiscale|ScaleShot,Tailwind,Protect,Haze|||F|||50|,,,,,Fairy]Sneasler||FocusSash|Unburden|DireClaw,CloseCombat,Protect,ThroatChop|||F|||50|,,,,,Stellar
|showteam|p2|Samurott-Hisui||LifeOrb|Sharpness|CeaselessEdge,RazorShell,SacredSword,Protect|||F|||50|,,,,,Dark]Amoonguss||CovertCloak|Regenerator|Spore,RagePowder,PollenPuff,ClearSmog|||F|||50|,,,,,Water]Incineroar||SafetyGoggles|Intimidate|FakeOut,KnockOff,FlareBlitz,PartingShot|||M|||50|,,,,,Ghost]Gholdengo||SitrusBerry|GoodasGold|MakeItRain,ShadowBall,NastyPlot,Protect||||||50|,,,,,Dragon]Yanmega||FocusSash|SpeedBoost|AirSlash,BugBuzz,Tailwind,Protect|||F|||50|,,,,,Ghost]Ursaluna||FlameOrb|Guts|Facade,HeadlongRush,Earthquake,Protect|||F|||50|,,,,,Fairy
|inactive|Battle timer is ON: inactive players will automatically lose when time's up. (requested by Flamingtiger56)
|
|t:|1756426592
|teamsize|p1|4
|teamsize|p2|4
|start
|switch|p1a: mishold|Maushold, L50|100/100
|switch|p1b: mishape|Annihilape, L50, M|100/100
|switch|p2a: Gholdengo|Gholdengo, L50|100/100
|switch|p2b: Amoonguss|Amoonguss, L50, F|100/100
|turn|1
|
|t:|1756426604
|-terastallize|p1b: mishape|Fire
|move|p2a: Gholdengo|Protect|p2a: Gholdengo
|-singleturn|p2a: Gholdengo|Protect
|move|p1a: mishold|Beat Up|p1b: mishape
|-damage|p1b: mishape|99/100
|-damage|p1b: mishape|96/100
|-damage|p1b: mishape|93/100
|-damage|p1b: mishape|91/100
|-hitcount|p1b: mishape|4
|move|p1b: mishape|Rage Fist|p2a: Gholdengo
|-activate|p2a: Gholdengo|move: Protect
|move|p2b: Amoonguss|Spore|p1b: mishape
|-status|p1b: mishape|slp|[from] move: Spore
|
|upkeep
|turn|2
|
|t:|1756426622
|switch|p2b: Yanmega|Yanmega, L50, F|100/100
|move|p1a: mishold|Super Fang|p2b: Yanmega
|-damage|p2b: Yanmega|51/100
|cant|p1b: mishape|slp
|move|p2a: Gholdengo|Nasty Plot|p2a: Gholdengo
|-boost|p2a: Gholdengo|spa|2
|
|upkeep
|turn|3
|c|☆parsley<3|thats an insane read
|inactive|Flamingtiger56 has 30 seconds left.
|inactive|Flamingtiger56 has 20 seconds left.
|inactive|Flamingtiger56 has 15 seconds left.
|
|t:|1756426663
|switch|p1a: mishonite|Dragonite, L50, F|100/100
|cant|p1b: mishape|slp
|move|p2b: Yanmega|Tailwind|p2b: Yanmega
|-sidestart|p2: Flamingtiger56|move: Tailwind
|move|p2a: Gholdengo|Make It Rain|p1a: mishonite|[spread] p1a,p1b
|-resisted|p1b: mishape
|-damage|p1a: mishonite|46/100
|-damage|p1b: mishape|44/100 slp
|-unboost|p2a: Gholdengo|spa|1
|-enditem|p1b: mishape|Sitrus Berry|[eat]
|-heal|p1b: mishape|69/100 slp|[from] item: Sitrus Berry
|
|-ability|p2b: Yanmega|Speed Boost|boost
|-boost|p2b: Yanmega|spe|1
|upkeep
|turn|4
|inactive|parsley<3 has 30 seconds left.
|
|t:|1756426695
|move|p1a: mishonite|Protect|p1a: mishonite
|-singleturn|p1a: mishonite|Protect
|move|p2b: Yanmega|Air Slash|p1b: mishape
|-damage|p1b: mishape|32/100 slp
|move|p2a: Gholdengo|Make It Rain|p1b: mishape|[spread] p1b
|-activate|p1a: mishonite|move: Protect
|-resisted|p1b: mishape
|-damage|p1b: mishape|0 fnt
|-unboost|p2a: Gholdengo|spa|1
|faint|p1b: mishape
|
|-ability|p2b: Yanmega|Speed Boost|boost
|-boost|p2b: Yanmega|spe|1
|upkeep
|
|t:|1756426705
|switch|p1b: mishaluna|Ursaluna-Bloodmoon, L50, M|100/100
|turn|5
|
|t:|1756426721
|switch|p1a: mishold|Maushold, L50|100/100
|move|p2b: Yanmega|Air Slash|p1a: mishold
|-damage|p1a: mishold|50/100
|move|p2a: Gholdengo|Make It Rain|p1a: mishold|[spread] p1a,p1b
|-damage|p1a: mishold|0 fnt
|-damage|p1b: mishaluna|76/100
|-unboost|p2a: Gholdengo|spa|1
|faint|p1a: mishold
|move|p1b: mishaluna|Hyper Voice|p2a: Gholdengo|[spread] p2a,p2b
|-resisted|p2a: Gholdengo
|-damage|p2a: Gholdengo|83/100
|-damage|p2b: Yanmega|0 fnt
|faint|p2b: Yanmega
|
|upkeep
|
|t:|1756426738
|switch|p1a: mishonite|Dragonite, L50, F|46/100
|switch|p2b: Amoonguss|Amoonguss, L50, F|100/100
|turn|6
|
|t:|1756426758
|move|p2a: Gholdengo|Nasty Plot|p2a: Gholdengo
|-boost|p2a: Gholdengo|spa|2
|move|p1a: mishonite|Scale Shot|p2b: Amoonguss
|-damage|p2b: Amoonguss|88/100
|-damage|p2b: Amoonguss|76/100
|-damage|p2b: Amoonguss|63/100
|-damage|p2b: Amoonguss|49/100
|-damage|p2b: Amoonguss|37/100
|-hitcount|p2b: Amoonguss|5
|-unboost|p1a: mishonite|def|1
|-boost|p1a: mishonite|spe|1
|move|p2b: Amoonguss|Spore|p1b: mishaluna
|-status|p1b: mishaluna|slp|[from] move: Spore
|cant|p1b: mishaluna|slp
|
|-sideend|p2: Flamingtiger56|move: Tailwind
|upkeep
|turn|7
|inactive|parsley<3 has 30 seconds left.
|
|t:|1756426784
|switch|p2b: Ursaluna|Ursaluna, L50, F|100/100
|move|p1a: mishonite|Protect|p1a: mishonite
|-singleturn|p1a: mishonite|Protect
|move|p2a: Gholdengo|Make It Rain|p1a: mishonite|[spread] p1b
|-activate|p1a: mishonite|move: Protect
|-damage|p1b: mishaluna|24/100 slp
|-unboost|p2a: Gholdengo|spa|1
|-curestatus|p1b: mishaluna|slp|[msg]
|move|p1b: mishaluna|Hyper Voice|p2b: Ursaluna|[spread] p2a,p2b
|-resisted|p2a: Gholdengo
|-damage|p2a: Gholdengo|68/100
|-damage|p2b: Ursaluna|68/100
|
|-status|p2b: Ursaluna|brn|[from] item: Flame Orb
|upkeep
|turn|8
|inactive|parsley<3 has 30 seconds left.
|
|t:|1756426810
|-terastallize|p2b: Ursaluna|Fairy
|move|p1a: mishonite|Tailwind|p1a: mishonite
|-sidestart|p1: parsley<3|move: Tailwind
|move|p1b: mishaluna|Blood Moon|p2b: Ursaluna
|-crit|p2b: Ursaluna
|-damage|p2b: Ursaluna|0 fnt
|faint|p2b: Ursaluna
|move|p2a: Gholdengo|Make It Rain|p1b: mishaluna|[spread] p1a,p1b
|-damage|p1a: mishonite|0 fnt
|-damage|p1b: mishaluna|0 fnt
|-unboost|p2a: Gholdengo|spa|1
|faint|p1a: mishonite
|faint|p1b: mishaluna
|
|win|Flamingtiger56
|raw|parsley<3's rating: 1255 → 1238(-17 for losing)
|raw|Flamingtiger56's rating: 1374 → 1387(+13 for winning)
