|j|☆Hejxncmdbxhx
|j|☆MaxwellBaker
|html|HejxncmdbxhxMaxwellBaker    
|uhtml|bestof|Game 1 of a best-of-3
|t:|1784841001
|gametype|doubles
|player|p1|Hejxncmdbxhx|102|1000
|player|p2|MaxwellBaker|102|1051
|gen|9
|tier|[Gen 9 Champions] VGC 2026 Reg M-B (Bo3)
|rated|
|rule|Species Clause: Limit one of each Pokémon
|rule|Item Clause: Limit 1 of each item
|clearpoke
|poke|p1|Annihilape, L50, F|
|poke|p1|Milotic, L50, M|
|poke|p1|Aerodactyl, L50, M, shiny|
|poke|p1|Farigiraf, L50, M, shiny|
|poke|p1|Mawile, L50, M|
|poke|p1|Sinistcha, L50|
|poke|p2|Decidueye-Hisui, L50, F|
|poke|p2|Florges, L50, F|
|poke|p2|Raichu, L50, M|
|poke|p2|Incineroar, L50, F|
|poke|p2|Staraptor, L50, F|
|poke|p2|Milotic, L50, F|
|teampreview|4
|showteam|p1|Annihilape||FocusSash|Defiant|Protect,RockTomb,PhantomForce,DrainPunch|Adamant||F|||50|]Milotic||Leftovers|Competitive|IceBeam,MuddyWater,Protect,Scald|Bold||M|||50|]Aerodactyl||Aerodactylite|Unnerve|Protect,Tailwind,DualWingbeat,RockSlide|Jolly||M|||50|]Farigiraf||SitrusBerry|ArmorTail|Protect,Imprison,TrickRoom,Thunderbolt|Serious||M|||50|]Mawile||Mawilite|Intimidate|Protect,PlayRough,IronHead,SuckerPunch|Adamant||M|||50|]Sinistcha||OccaBerry|Hospitality|TrickRoom,RagePowder,MatchaGotcha,Protect|Bold|||||50|
|showteam|p2|Decidueye-Hisui||ScopeLens|Scrappy|TripleArrows,LeafBlade,SuckerPunch,Protect|Jolly||F|||50|]Florges||LifeOrb|FlowerVeil|Moonblast,Psychic,PollenPuff,Protect|Modest||F|||50|]Raichu||RaichuniteY|LightningRod|FakeOut,ZapCannon,FocusBlast,Protect|Timid||M|||50|]Incineroar||SitrusBerry|Intimidate|FakeOut,FlareBlitz,ThroatChop,PartingShot|Careful||F|||50|]Staraptor||Staraptite|Intimidate|BraveBird,CloseCombat,Tailwind,Protect|Jolly||F|||50|]Milotic||Leftovers|Competitive|Scald,IceBeam,Haze,Protect|Bold||F|||50|
|
|t:|1784841069
|teamsize|p1|4
|teamsize|p2|4
|start
|switch|p1a: Aerodactyl|Aerodactyl, L50, M, shiny|100/100
|switch|p1b: Farigiraf|Farigiraf, L50, M, shiny|100/100
|switch|p2a: Florges|Florges, L50, F|100/100
|switch|p2b: Incineroar|Incineroar, L50, F|100/100
|-ability|p1a: Aerodactyl|Unnerve
|-ability|p2b: Incineroar|Intimidate|boost
|-unboost|p1a: Aerodactyl|atk|1
|-unboost|p1b: Farigiraf|atk|1
|turn|1
|
|t:|1784841095
|move|p1a: Aerodactyl|Tailwind|p1a: Aerodactyl
|-sidestart|p1: Hejxncmdbxhx|move: Tailwind
|move|p1b: Farigiraf|Imprison|p1b: Farigiraf
|-start|p1b: Farigiraf|move: Imprison
|move|p2a: Florges|Moonblast|p1a: Aerodactyl
|-damage|p1a: Aerodactyl|9/100
|-damage|p2a: Florges|90/100|[from] item: Life Orb
|move|p2b: Incineroar|Throat Chop|p1a: Aerodactyl
|-damage|p1a: Aerodactyl|0 fnt
|faint|p1a: Aerodactyl
|
|upkeep
|
|t:|1784841108
|switch|p1a: Mawile|Mawile, L50, M|100/100
|-ability|p1a: Mawile|Intimidate|boost
|-unboost|p2a: Florges|atk|1
|-unboost|p2b: Incineroar|atk|1
|turn|2
|
|t:|1784841126
|switch|p1b: Annihilape|Annihilape, L50, F|100/100
|detailschange|p1a: Mawile|Mawile-Mega, L50, M
|-mega|p1a: Mawile|Mawile|Mawilite
|move|p1a: Mawile|Iron Head|p2a: Florges
|-supereffective|p2a: Florges|1
|-crit|p2a: Florges
|-damage|p2a: Florges|0 fnt
|faint|p2a: Florges
|move|p2b: Incineroar|Flare Blitz|p1a: Mawile
|-supereffective|p1a: Mawile|1
|-damage|p1a: Mawile|41/100
|-damage|p2b: Incineroar|85/100|[from] Recoil
|
|upkeep
|
|t:|1784841147
|switch|p2a: Decidueye|Decidueye-Hisui, L50, F|100/100
|turn|3
|
|t:|1784841165
|move|p2a: Decidueye|Sucker Punch|p1b: Annihilape
|-damage|p1b: Annihilape|78/100
|move|p1b: Annihilape|Drain Punch|p2b: Incineroar
|-supereffective|p2b: Incineroar|1
|-crit|p2b: Incineroar
|-damage|p2b: Incineroar|0 fnt
|-heal|p1b: Annihilape|100/100|[from] drain|[of] p2b: Incineroar
|faint|p2b: Incineroar
|move|p1a: Mawile|Play Rough|p2a: Decidueye
|-supereffective|p2a: Decidueye|1
|-damage|p2a: Decidueye|0 fnt
|faint|p2a: Decidueye
|
|upkeep
|
|t:|1784841178
|switch|p2a: Raichu|Raichu, L50, M|100/100
|turn|4
|
|t:|1784841199
|switch|p1a: Farigiraf|Farigiraf, L50, M, shiny|100/100
|move|p2a: Raichu|Protect|p2a: Raichu
|-singleturn|p2a: Raichu|Protect
|move|p1b: Annihilape|Drain Punch|p2a: Raichu
|-activate|p2a: Raichu|move: Protect
|
|-sideend|p1: Hejxncmdbxhx|move: Tailwind
|upkeep
|turn|5
|
|t:|1784841213
|detailschange|p2a: Raichu|Raichu-Mega-Y, L50, M
|-mega|p2a: Raichu|Raichu|Raichunite Y
|move|p1b: Annihilape|Protect|p1b: Annihilape
|-singleturn|p1b: Annihilape|Protect
|move|p2a: Raichu|Zap Cannon|p1b: Annihilape
|-activate|p1b: Annihilape|move: Protect
|move|p1a: Farigiraf|Trick Room|p1a: Farigiraf
|-fieldstart|move: Trick Room|[of] p1a: Farigiraf
|
|upkeep
|turn|6
|
|t:|1784841223
|move|p1a: Farigiraf|Thunderbolt|p2a: Raichu
|-resisted|p2a: Raichu|1
|-damage|p2a: Raichu|85/100
|move|p1b: Annihilape|Drain Punch|p2a: Raichu
|-damage|p2a: Raichu|27/100
|move|p2a: Raichu|Zap Cannon|p1b: Annihilape
|-damage|p1b: Annihilape|43/100
|-status|p1b: Annihilape|par
|
|upkeep
|turn|7
|
|t:|1784841233
|move|p2a: Raichu|Protect|p2a: Raichu
|-singleturn|p2a: Raichu|Protect
|move|p1b: Annihilape|Drain Punch|p2a: Raichu
|-activate|p2a: Raichu|move: Protect
|move|p1a: Farigiraf|Thunderbolt|p2a: Raichu
|-activate|p2a: Raichu|move: Protect
|
|upkeep
|turn|8
|
|t:|1784841246
|move|p2a: Raichu|Protect||[still]
|-fail|p2a: Raichu
|cant|p1b: Annihilape|par
|move|p1a: Farigiraf|Thunderbolt|p2a: Raichu
|-resisted|p2a: Raichu|1
|-crit|p2a: Raichu
|-damage|p2a: Raichu|5/100
|
|upkeep
|turn|9
|
|t:|1784841257
|move|p2a: Raichu|Protect|p2a: Raichu
|-singleturn|p2a: Raichu|Protect
|move|p1b: Annihilape|Phantom Force||[still]
|-prepare|p1b: Annihilape|Phantom Force
|move|p1a: Farigiraf|Imprison|p1a: Farigiraf
|-start|p1a: Farigiraf|move: Imprison
|
|-fieldend|move: Trick Room
|upkeep
|turn|10
|
|t:|1784841267
|move|p1a: Farigiraf|Protect|p1a: Farigiraf
|-singleturn|p1a: Farigiraf|Protect
|move|p2a: Raichu|Zap Cannon|p1a: Farigiraf
|-activate|p1a: Farigiraf|move: Protect
|cant|p1b: Annihilape|par
|
|upkeep
|turn|11
|
|t:|1784841284
|move|p2a: Raichu|Zap Cannon|p1a: Farigiraf
|-damage|p1a: Farigiraf|33/100
|-status|p1a: Farigiraf|par
|-enditem|p1a: Farigiraf|Sitrus Berry|[eat]
|-heal|p1a: Farigiraf|58/100 par|[from] item: Sitrus Berry
|move|p1b: Annihilape|Drain Punch|p2a: Raichu
|-damage|p2a: Raichu|0 fnt
|-heal|p1b: Annihilape|45/100 par|[from] drain|[of] p2a: Raichu
|faint|p2a: Raichu
|
|win|Hejxncmdbxhx
|l|☆Hejxncmdbxhx
|player|p1|
|inactive|Hejxncmdbxhx has 30 seconds to confirm battle start!
|inactive|MaxwellBaker has 30 seconds to confirm battle start!
