|j|☆Bindro
|j|☆ReonaKunya
|html|BindroReonaKunya    
|uhtml|bestof|Game 2 of a best-of-3
|t:|1784289517
|gametype|doubles
|player|p1|Bindro|cyclist-gen4|1125
|player|p2|ReonaKunya|cynthia-gen4|1040
|gen|9
|tier|[Gen 9 Champions] VGC 2026 Reg M-B (Bo3)
|rated|
|rule|Species Clause: Limit one of each Pokémon
|rule|Item Clause: Limit 1 of each item
|clearpoke
|poke|p1|Pelipper, L50, M|
|poke|p1|Swampert, L50, F|
|poke|p1|Archaludon, L50, M|
|poke|p1|Grimmsnarl, L50, M|
|poke|p1|Vivillon-Garden, L50, M|
|poke|p1|Venusaur, L50, F|
|poke|p2|Meganium, L50, F|
|poke|p2|Pelipper, L50, F|
|poke|p2|Archaludon, L50, F|
|poke|p2|Grimmsnarl, L50, M|
|poke|p2|Sinistcha-Masterpiece, L50|
|poke|p2|Basculegion, L50, M|
|teampreview|4
|showteam|p1|Pelipper||LifeOrb|Drizzle|Hurricane,WeatherBall,Tailwind,Protect|Modest||M|||50|]Swampert||Swampertite|Torrent|WaveCrash,Earthquake,IcePunch,Protect|Adamant||F|||50|]Archaludon||Leftovers|Stamina|DragonPulse,FlashCannon,ElectroShot,Protect|Modest||M|||50|]Grimmsnarl||LightClay|Prankster|SpiritBreak,PartingShot,Reflect,LightScreen|Careful||M|||50|]Vivillon-Garden||FocusSash|CompoundEyes|Hurricane,SleepPowder,RagePowder,Protect|Timid||M|||50|]Venusaur||Venusaurite|Chlorophyll|GigaDrain,SludgeBomb,EarthPower,Protect|Modest||F|||50|
|showteam|p2|Meganium||Meganiumite|Overgrow|SolarBeam,DazzlingGleam,WeatherBall,Synthesis|Modest||F|||50|]Pelipper||FocusSash|Drizzle|Hurricane,WeatherBall,WideGuard,Tailwind|Modest||F|||50|]Archaludon||LifeOrb|Stamina|ElectroShot,DragonPulse,AuraSphere,Protect|Modest||F|||50|]Grimmsnarl||LightClay|Prankster|PartingShot,FoulPlay,Reflect,LightScreen|Calm||M|||50|]Sinistcha-Masterpiece||Leftovers|Hospitality|MatchaGotcha,RagePowder,LifeDew,ShadowBall|Bold|||||50|]Basculegion||ChoiceScarf|Adaptability|Liquidation,LastRespects,FlipTurn,PsychicFangs|Jolly||M|||50|
|j| jayoticnl
|
|t:|1784289531
|teamsize|p1|4
|teamsize|p2|4
|start
|switch|p1a: Vivillon|Vivillon-Garden, L50, M|100/100
|switch|p1b: Archaludon|Archaludon, L50, M|100/100
|switch|p2a: Midnight|Meganium, L50, F|100/100
|switch|p2b: Yamagashi|Grimmsnarl, L50, M|100/100
|turn|1
|inactive|Battle timer is ON: inactive players will automatically lose when time's up. (requested by ReonaKunya)
|
|t:|1784289548
|detailschange|p2a: Midnight|Meganium-Mega, L50, F
|-mega|p2a: Midnight|Meganium|Meganiumite
|move|p1b: Archaludon|Protect|p1b: Archaludon
|-singleturn|p1b: Archaludon|Protect
|move|p2b: Yamagashi|Light Screen|p2b: Yamagashi
|-sidestart|p2: ReonaKunya|move: Light Screen
|move|p1a: Vivillon|Hurricane|p2a: Midnight
|-supereffective|p2a: Midnight|1
|-damage|p2a: Midnight|36/100
|move|p2a: Midnight|Weather Ball|p1b: Archaludon
|-activate|p1b: Archaludon|move: Protect
|
|upkeep
|turn|2
|
|t:|1784289571
|move|p2b: Yamagashi|Parting Shot|p2a: Midnight
|-unboost|p2a: Midnight|atk|1
|-unboost|p2a: Midnight|spa|1
|
|t:|1784289586
|switch|p2b: Niemeyer|Archaludon, L50, F|100/100|[from] Parting Shot
|move|p1a: Vivillon|Hurricane|p2a: Midnight
|-supereffective|p2a: Midnight|1
|-damage|p2a: Midnight|0 fnt
|faint|p2a: Midnight
|move|p1b: Archaludon|Flash Cannon|p2b: Niemeyer
|-resisted|p2b: Niemeyer|1
|-damage|p2b: Niemeyer|81/100
|-ability|p2b: Niemeyer|Stamina|boost
|-boost|p2b: Niemeyer|def|1
|
|upkeep
|
|t:|1784289602
|switch|p2a: Pajé|Pelipper, L50, F|100/100
|-weather|RainDance|[from] ability: Drizzle|[of] p2a: Pajé
|turn|3
|
|t:|1784289617
|move|p1a: Vivillon|Sleep Powder|p2b: Niemeyer
|-status|p2b: Niemeyer|slp|[from] move: Sleep Powder
|cant|p2b: Niemeyer|slp
|move|p1b: Archaludon|Electro Shot||[still]
|-prepare|p1b: Archaludon|Electro Shot
|-boost|p1b: Archaludon|spa|1
|-anim|p1b: Archaludon|Electro Shot|p2a: Pajé
|-supereffective|p2a: Pajé|2
|-enditem|p2a: Pajé|Focus Sash
|-damage|p2a: Pajé|1/100
|move|p2a: Pajé|Hurricane|p1a: Vivillon
|-supereffective|p1a: Vivillon|1
|-enditem|p1a: Vivillon|Focus Sash
|-damage|p1a: Vivillon|1/100
|-start|p1a: Vivillon|confusion
|
|-weather|RainDance|[upkeep]
|upkeep
|turn|4
|inactive|Bindro has 30 seconds left.
|inactive|ReonaKunya has 30 seconds left.
|
|t:|1784289650
|-activate|p1a: Vivillon|confusion
|-damage|p1a: Vivillon|0 fnt|[from] confusion
|faint|p1a: Vivillon
|cant|p2b: Niemeyer|slp
|move|p1b: Archaludon|Dragon Pulse|p2a: Pajé
|-damage|p2a: Pajé|0 fnt
|faint|p2a: Pajé
|
|-weather|RainDance|[upkeep]
|upkeep
|
|t:|1784289662
|switch|p1a: Venusaur|Venusaur, L50, F|100/100
|switch|p2a: Yamagashi|Grimmsnarl, L50, M|100/100
|turn|5
|
|t:|1784289677
|detailschange|p1a: Venusaur|Venusaur-Mega, L50, F
|-mega|p1a: Venusaur|Venusaur|Venusaurite
|move|p2a: Yamagashi|Parting Shot|p1b: Archaludon
|-unboost|p1b: Archaludon|atk|1
|-unboost|p1b: Archaludon|spa|1
|-curestatus|p2b: Niemeyer|slp|[msg]
|move|p2b: Niemeyer|Aura Sphere|p1b: Archaludon
|-supereffective|p1b: Archaludon|1
|-damage|p1b: Archaludon|18/100
|-ability|p1b: Archaludon|Stamina|boost
|-boost|p1b: Archaludon|def|1
|-damage|p2b: Niemeyer|71/100|[from] item: Life Orb
|move|p1b: Archaludon|Flash Cannon|p2a: Yamagashi
|-supereffective|p2a: Yamagashi|1
|-damage|p2a: Yamagashi|58/100
|move|p1a: Venusaur|Sludge Bomb|p2a: Yamagashi
|-supereffective|p2a: Yamagashi|1
|-damage|p2a: Yamagashi|12/100
|-status|p2a: Yamagashi|psn
|
|-weather|RainDance|[upkeep]
|-heal|p1b: Archaludon|24/100|[from] item: Leftovers
|-damage|p2a: Yamagashi|1/100 psn|[from] psn
|upkeep
|turn|6
|inactive|ReonaKunya has 30 seconds left.
|
|t:|1784289709
|move|p1b: Archaludon|Protect|p1b: Archaludon
|-singleturn|p1b: Archaludon|Protect
|move|p1a: Venusaur|Protect|p1a: Venusaur
|-singleturn|p1a: Venusaur|Protect
|move|p2b: Niemeyer|Aura Sphere|p1b: Archaludon
|-activate|p1b: Archaludon|move: Protect
|move|p2a: Yamagashi|Foul Play|p1a: Venusaur
|-activate|p1a: Venusaur|move: Protect
|
|-weather|RainDance|[upkeep]
|-heal|p1b: Archaludon|30/100|[from] item: Leftovers
|-damage|p2a: Yamagashi|0 fnt|[from] psn
|faint|p2a: Yamagashi
|upkeep
|turn|7
|
|t:|1784289732
|move|p2b: Niemeyer|Protect|p2b: Niemeyer
|-singleturn|p2b: Niemeyer|Protect
|move|p1b: Archaludon|Dragon Pulse|p2b: Niemeyer
|-activate|p2b: Niemeyer|move: Protect
|move|p1a: Venusaur|Earth Power|p2b: Niemeyer
|-activate|p2b: Niemeyer|move: Protect
|
|-weather|none
|-heal|p1b: Archaludon|36/100|[from] item: Leftovers
|upkeep
|turn|8
|
|t:|1784289750
|move|p2b: Niemeyer|Aura Sphere|p1b: Archaludon
|-supereffective|p1b: Archaludon|1
|-damage|p1b: Archaludon|0 fnt
|faint|p1b: Archaludon
|-damage|p2b: Niemeyer|62/100|[from] item: Life Orb
|move|p1a: Venusaur|Earth Power|p2b: Niemeyer
|-supereffective|p2b: Niemeyer|1
|-damage|p2b: Niemeyer|4/100
|-ability|p2b: Niemeyer|Stamina|boost
|-boost|p2b: Niemeyer|def|1
|
|-sideend|p2: ReonaKunya|move: Light Screen
|upkeep
|
|t:|1784289767
|switch|p1b: Pelipper|Pelipper, L50, M|100/100
|-weather|RainDance|[from] ability: Drizzle|[of] p1b: Pelipper
|turn|9
|
|t:|1784289777
|move|p2b: Niemeyer|Protect|p2b: Niemeyer
|-singleturn|p2b: Niemeyer|Protect
|move|p1a: Venusaur|Earth Power|p2b: Niemeyer
|-activate|p2b: Niemeyer|move: Protect
|move|p1b: Pelipper|Hurricane|p2b: Niemeyer
|-activate|p2b: Niemeyer|move: Protect
|
|-weather|RainDance|[upkeep]
|upkeep
|turn|10
|
|t:|1784289796
|move|p2b: Niemeyer|Dragon Pulse|p1a: Venusaur
|-damage|p1a: Venusaur|49/100
|-damage|p2b: Niemeyer|0 fnt|[from] item: Life Orb
|faint|p2b: Niemeyer
|
|win|Bindro
|raw|Bindro's rating: 1125 → 1144(+19 for winning)
|raw|ReonaKunya's rating: 1040 → 1028(-12 for losing)
