|j|☆sogreenitslime
|j|☆EthanO35
|html|sogreenitslimeEthanO35    
|uhtml|bestof|Game 1 of a best-of-3
|t:|1783138674
|gametype|doubles
|player|p1|sogreenitslime|pokemaniac|1125
|player|p2|EthanO35|102|1081
|gen|9
|tier|[Gen 9 Champions] VGC 2026 Reg M-B (Bo3)
|rated|
|rule|Species Clause: Limit one of each Pokémon
|rule|Item Clause: Limit 1 of each item
|clearpoke
|poke|p1|Aerodactyl, L50, M|
|poke|p1|Rotom-Wash, L50|
|poke|p1|Sceptile, L50, M|
|poke|p1|Kingambit, L50, F|
|poke|p1|Ninetales-Alola, L50, F|
|poke|p1|Incineroar, L50, M|
|poke|p2|Farigiraf, L50, M|
|poke|p2|Kingambit, L50, M|
|poke|p2|Staraptor, L50, F|
|poke|p2|Incineroar, L50, F|
|poke|p2|Whimsicott, L50, F|
|poke|p2|Gholdengo, L50|
|teampreview|4
|showteam|p1|Aerodactyl||Aerodactylite|Unnerve|Tailwind,RockSlide,DualWingbeat,Protect|Jolly||M|||50|]Rotom-Wash||ChoiceScarf|Levitate|VoltSwitch,Discharge,Electroweb,HydroPump|Timid|||||50|]Sceptile||Sceptilite|Overgrow|EnergyBall,EarthPower,DragonPulse,Protect|Timid||M|||50|]Kingambit||ChopleBerry|Defiant|KowtowCleave,SuckerPunch,IronHead,Protect|Adamant||F|||50|]Ninetales-Alola||NeverMeltIce|SnowWarning|Blizzard,AuroraVeil,Protect,Moonblast|Bold||F|||50|]Incineroar||SitrusBerry|Intimidate|WillOWisp,FlareBlitz,PartingShot,FakeOut|Careful||M|||50|
|showteam|p2|Farigiraf||SitrusBerry|ArmorTail|Psychic,Reflect,TrickRoom,HyperVoice|Quiet||M|||50|]Kingambit||ChopleBerry|Defiant|KowtowCleave,SuckerPunch,SwordsDance,Protect|Brave||M|||50|]Staraptor||Staraptite|Intimidate|CloseCombat,Protect,BraveBird,Roost|Adamant||F|||50|]Incineroar||MuscleBand|Intimidate|DarkestLariat,PartingShot,FlareBlitz,FakeOut|Serious||F|||50|]Whimsicott||FocusSash|Prankster|Moonblast,Encore,Protect,Tailwind|Modest||F|||50|]Gholdengo||LifeOrb|GoodasGold|MakeItRain,ShadowBall,Protect,NastyPlot|Modest|||||50|
|inactive|Battle timer is ON: inactive players will automatically lose when time's up. (requested by EthanO35)
|
|t:|1783138715
|teamsize|p1|4
|teamsize|p2|4
|start
|switch|p1a: Aerodactyl|Aerodactyl, L50, M|100/100
|switch|p1b: Ninetales|Ninetales-Alola, L50, F|100/100
|switch|p2a: Farigiraf|Farigiraf, L50, M|100/100
|switch|p2b: Kingambit|Kingambit, L50, M|100/100
|-ability|p1a: Aerodactyl|Unnerve
|-weather|Snowscape|[from] ability: Snow Warning|[of] p1b: Ninetales
|turn|1
|
|t:|1783138735
|move|p1a: Aerodactyl|Rock Slide|p2a: Farigiraf|[spread] p2b
|-miss|p1a: Aerodactyl|p2a: Farigiraf
|-resisted|p2b: Kingambit|1
|-damage|p2b: Kingambit|91/100
|move|p1b: Ninetales|Aurora Veil|p1b: Ninetales
|-sidestart|p1: sogreenitslime|move: Aurora Veil
|move|p2b: Kingambit|Swords Dance|p2b: Kingambit
|-boost|p2b: Kingambit|atk|2
|move|p2a: Farigiraf|Trick Room|p2a: Farigiraf
|-fieldstart|move: Trick Room|[of] p2a: Farigiraf
|
|-weather|Snowscape|[upkeep]
|upkeep
|turn|2
|
|t:|1783138753
|move|p2b: Kingambit|Kowtow Cleave|p1a: Aerodactyl
|-damage|p1a: Aerodactyl|1/100
|move|p2a: Farigiraf|Hyper Voice|p1a: Aerodactyl|[spread] p1a,p1b
|-resisted|p1a: Aerodactyl|1
|-damage|p1a: Aerodactyl|0 fnt
|-damage|p1b: Ninetales|83/100
|faint|p1a: Aerodactyl
|move|p1b: Ninetales|Moonblast|p2b: Kingambit
|-damage|p2b: Kingambit|60/100
|
|-weather|Snowscape|[upkeep]
|upkeep
|
|t:|1783138765
|switch|p1a: Rotom|Rotom-Wash, L50|100/100
|turn|3
|
|t:|1783138773
|move|p2b: Kingambit|Kowtow Cleave|p1a: Rotom
|-damage|p1a: Rotom|12/100
|move|p2a: Farigiraf|Hyper Voice|p1a: Rotom|[spread] p1a,p1b
|-crit|p1a: Rotom
|-damage|p1a: Rotom|0 fnt
|-damage|p1b: Ninetales|66/100
|faint|p1a: Rotom
|move|p1b: Ninetales|Moonblast|p2b: Kingambit
|-damage|p2b: Kingambit|32/100
|
|-weather|Snowscape|[upkeep]
|upkeep
|
|t:|1783138783
|switch|p1a: Sceptile|Sceptile, L50, M|100/100
|turn|4
|
|t:|1783138791
|move|p1a: Sceptile|Protect|p1a: Sceptile
|-singleturn|p1a: Sceptile|Protect
|move|p2b: Kingambit|Kowtow Cleave|p1a: Sceptile
|-activate|p1a: Sceptile|move: Protect
|move|p2a: Farigiraf|Hyper Voice|p1b: Ninetales|[spread] p1b
|-activate|p1a: Sceptile|move: Protect
|-damage|p1b: Ninetales|50/100y
|move|p1b: Ninetales|Blizzard|p2a: Farigiraf|[spread] p2a,p2b
|-resisted|p2b: Kingambit|1
|-damage|p2a: Farigiraf|73/100
|-damage|p2b: Kingambit|17/100
|
|-weather|Snowscape|[upkeep]
|upkeep
|turn|5
|
|t:|1783138808
|move|p1a: Sceptile|Protect||[still]
|-fail|p1a: Sceptile
|move|p2b: Kingambit|Kowtow Cleave|p1a: Sceptile
|-damage|p1a: Sceptile|0 fnt
|faint|p1a: Sceptile
|move|p2a: Farigiraf|Hyper Voice|p1b: Ninetales
|-damage|p1b: Ninetales|28/100
|move|p1b: Ninetales|Blizzard|p2b: Kingambit|[spread] p2a,p2b
|-resisted|p2b: Kingambit|1
|-damage|p2a: Farigiraf|46/100
|-damage|p2b: Kingambit|3/100
|-enditem|p2a: Farigiraf|Sitrus Berry|[eat]
|-heal|p2a: Farigiraf|71/100|[from] item: Sitrus Berry
|
|-weather|none
|-sideend|p1: sogreenitslime|move: Aurora Veil
|-fieldend|move: Trick Room
|upkeep
|turn|6
|
|t:|1783138829
|move|p2b: Kingambit|Sucker Punch|p1b: Ninetales
|-resisted|p1b: Ninetales|1
|-damage|p1b: Ninetales|0 fnt
|faint|p1b: Ninetales
|
|win|EthanO35
||sogreenitslime is ready for game 2.
|inactive|EthanO35 has 30 seconds to confirm battle start!
||EthanO35 is ready for game 2.
|uhtml|next|Next: Game 2 of 3
|l|☆EthanO35
|player|p2|
