|j|☆ChrisJHall
|j|☆r00mservice7
|html|ChrisJHallr00mservice7    
|uhtml|bestof|Game 2 of a best-of-3
|t:|1785069130
|gametype|doubles
|player|p1|ChrisJHall|266|1221
|player|p2|r00mservice7|102|1317
|gen|9
|tier|[Gen 9 Champions] VGC 2026 Reg M-B (Bo3)
|rated|
|rule|Species Clause: Limit one of each Pokémon
|rule|Item Clause: Limit 1 of each item
|clearpoke
|poke|p1|Incineroar, L50, F|
|poke|p1|Ninetales-Alola, L50, M|
|poke|p1|Gengar, L50, F|
|poke|p1|Kingambit, L50, M|
|poke|p1|Blaziken, L50, M|
|poke|p1|Rotom-Wash, L50|
|poke|p2|Staraptor, L50, M|
|poke|p2|Tyranitar, L50, M|
|poke|p2|Excadrill, L50, F|
|poke|p2|Gholdengo, L50|
|poke|p2|Milotic, L50, M|
|poke|p2|Tsareena, L50, F|
|teampreview|4
|showteam|p1|Incineroar||ShucaBerry|Intimidate|FakeOut,FlareBlitz,Protect,PartingShot|Careful||F|||50|]Ninetales-Alola||NeverMeltIce|SnowWarning|Blizzard,Protect,Encore,FreezeDry|Timid||M|||50|]Gengar||Gengarite|CursedBody|PerishSong,ShadowBall,Protect,Disable|Modest||F|||50|]Kingambit||BlackGlasses|Defiant|KowtowCleave,SuckerPunch,IronHead,Protect|Adamant||M|||50|]Blaziken||Blazikenite|SpeedBoost|FlareBlitz,CloseCombat,Detect,RockSlide|Adamant||M|||50|]Rotom-Wash||SitrusBerry|Levitate|WillOWisp,VoltSwitch,HydroPump,Protect|Bold|||||50|
|showteam|p2|Staraptor||Staraptite|Intimidate|BraveBird,CloseCombat,Tailwind,Protect|Jolly||M|||50|]Tyranitar||Tyranitarite|SandStream|RockSlide,KnockOff,DragonDance,Protect|Jolly||M|||50|]Excadrill||FocusSash|SandRush|HighHorsepower,IronHead,RockSlide,Protect|Adamant||F|||50|]Gholdengo||LifeOrb|GoodasGold|MakeItRain,ShadowBall,NastyPlot,Protect|Modest|||||50|]Milotic||SitrusBerry|Competitive|Scald,IcyWind,IceBeam,Protect|Calm||M|||50|]Tsareena||ExpertBelt|QueenlyMajesty|TropKick,LowKick,Taunt,Protect|Adamant||F|||50|
|inactive|Battle timer is ON: inactive players will automatically lose when time's up. (requested by r00mservice7)
|inactive|r00mservice7 has 60 seconds left.
|
|t:|1785069173
|teamsize|p1|4
|teamsize|p2|4
|start
|switch|p1a: Incineroar|Incineroar, L50, F|100/100
|switch|p1b: Rotom|Rotom-Wash, L50|100/100
|switch|p2a: Milotic|Milotic, L50, M|100/100
|switch|p2b: Tsareena|Tsareena, L50, F|100/100
|-ability|p1a: Incineroar|Intimidate|boost
|-unboost|p2a: Milotic|atk|1
|-ability|p2a: Milotic|Competitive|boost
|-boost|p2a: Milotic|spa|2
|-unboost|p2b: Tsareena|atk|1
|turn|1
|
|t:|1785069190
|switch|p2b: Gholdengo|Gholdengo, L50|100/100
|move|p1a: Incineroar|Protect|p1a: Incineroar
|-singleturn|p1a: Incineroar|Protect
|move|p1b: Rotom|Volt Switch|p2a: Milotic
|-supereffective|p2a: Milotic|1
|-damage|p2a: Milotic|67/100
|
|t:|1785069215
|switch|p1b: Gengar|Gengar, L50, F|100/100|[from] Volt Switch
|move|p2a: Milotic|Scald|p1a: Incineroar
|-activate|p1a: Incineroar|move: Protect
|
|upkeep
|turn|2
|
|t:|1785069232
|switch|p1a: Rotom|Rotom-Wash, L50|100/100
|detailschange|p1b: Gengar|Gengar-Mega, L50, F
|-mega|p1b: Gengar|Gengar|Gengarite
|move|p1b: Gengar|Shadow Ball|p2b: Gholdengo
|-supereffective|p2b: Gholdengo|1
|-damage|p2b: Gholdengo|14/100
|-unboost|p2b: Gholdengo|spd|1
|move|p2a: Milotic|Scald|p1a: Rotom
|-resisted|p1a: Rotom|1
|-damage|p1a: Rotom|71/100
|move|p2b: Gholdengo|Shadow Ball|p1b: Gengar
|-supereffective|p1b: Gengar|1
|-crit|p1b: Gengar
|-damage|p1b: Gengar|0 fnt
|faint|p1b: Gengar
|-damage|p2b: Gholdengo|4/100|[from] item: Life Orb
|
|upkeep
|
|t:|1785069246
|switch|p1b: Ninetales|Ninetales-Alola, L50, M|100/100
|-weather|Snowscape|[from] ability: Snow Warning|[of] p1b: Ninetales
|turn|3
|
|t:|1785069265
|move|p1b: Ninetales|Freeze-Dry|p2a: Milotic
|-supereffective|p2a: Milotic|1
|-damage|p2a: Milotic|25/100
|-enditem|p2a: Milotic|Sitrus Berry|[eat]
|-heal|p2a: Milotic|50/100y|[from] item: Sitrus Berry
|move|p1a: Rotom|Volt Switch|p2b: Gholdengo
|-damage|p2b: Gholdengo|0 fnt
|faint|p2b: Gholdengo
|
|t:|1785069271
|switch|p1a: Incineroar|Incineroar, L50, F|100/100|[from] Volt Switch
|-ability|p1a: Incineroar|Intimidate|boost
|-unboost|p2a: Milotic|atk|1
|-ability|p2a: Milotic|Competitive|boost
|-boost|p2a: Milotic|spa|2
|move|p2a: Milotic|Icy Wind|p1b: Ninetales|[spread] p1a,p1b
|-resisted|p1a: Incineroar|1
|-resisted|p1b: Ninetales|1
|-damage|p1a: Incineroar|88/100
|-damage|p1b: Ninetales|84/100
|-unboost|p1a: Incineroar|spe|1
|-unboost|p1b: Ninetales|spe|1
|
|-weather|Snowscape|[upkeep]
|upkeep
|
|t:|1785069292
|switch|p2b: Tsareena|Tsareena, L50, F|100/100
|turn|4
|
|t:|1785069301
|switch|p2b: Tyranitar|Tyranitar, L50, M|100/100
|-weather|Sandstorm|[from] ability: Sand Stream|[of] p2b: Tyranitar
|move|p1b: Ninetales|Encore|p2a: Milotic
|-start|p2a: Milotic|Encore
|move|p2a: Milotic|Icy Wind|p1b: Ninetales|[spread] p1a,p1b
|-resisted|p1a: Incineroar|1
|-resisted|p1b: Ninetales|1
|-damage|p1a: Incineroar|77/100
|-damage|p1b: Ninetales|67/100
|-unboost|p1a: Incineroar|spe|1
|-unboost|p1b: Ninetales|spe|1
|move|p1a: Incineroar|Flare Blitz|p2b: Tyranitar
|-resisted|p2b: Tyranitar|1
|-damage|p2b: Tyranitar|81/100
|-damage|p1a: Incineroar|71/100|[from] Recoil
|
|-weather|Sandstorm|[upkeep]
|-damage|p2a: Milotic|44/100|[from] Sandstorm
|-damage|p1b: Ninetales|61/100|[from] Sandstorm
|-damage|p1a: Incineroar|65/100|[from] Sandstorm
|upkeep
|turn|5
|-message|ChrisJHall forfeited.
|
|win|r00mservice7
||ChrisJHall is ready for game 3.
||r00mservice7 is ready for game 3.
|uhtml|next|Next: Game 3 of 3
