|j|☆nillythekid
|j|☆PieterSenshi
|html|nillythekidPieterSenshi    
|uhtml|bestof|Game 1 of a best-of-3
|t:|1785179196
|gametype|doubles
|player|p1|nillythekid|hiker-gen4|1143
|player|p2|PieterSenshi|170|1084
|gen|9
|tier|[Gen 9 Champions] VGC 2026 Reg M-B (Bo3)
|rated|
|rule|Species Clause: Limit one of each Pokémon
|rule|Item Clause: Limit 1 of each item
|clearpoke
|poke|p1|Incineroar, L50, M|
|poke|p1|Gengar, L50, M|
|poke|p1|Ninetales-Alola, L50, F|
|poke|p1|Volcarona, L50, M|
|poke|p1|Kommo-o, L50, F|
|poke|p1|Raichu, L50, F|
|poke|p2|Delphox, L50, F|
|poke|p2|Sneasler, L50, M|
|poke|p2|Rotom-Wash, L50|
|poke|p2|Kingambit, L50, F|
|poke|p2|Garchomp, L50, F|
|poke|p2|Sinistcha, L50|
|teampreview|4
|showteam|p1|Incineroar||PasshoBerry|Intimidate|FlareBlitz,ThroatChop,FakeOut,PartingShot|Adamant||M|||50|]Gengar||Gengarite|CursedBody|SludgeBomb,ShadowBall,Substitute,Protect|Modest||M|||50|]Ninetales-Alola||ChoiceScarf|SnowWarning|Blizzard,Moonblast,FreezeDry,IcyWind|Timid||F|||50|]Volcarona||SitrusBerry|FlameBody|Flamethrower,StruggleBug,RagePowder,Protect|Bold||M|||50|]Kommo-o||Leftovers|Soundproof|ClangingScales,AuraSphere,ClangorousSoul,Protect|Modest||F|||50|]Raichu||RaichuniteX|LightningRod|VoltTackle,VoltSwitch,FakeOut,Protect|Jolly||F|||50|
|showteam|p2|Delphox||Delphoxite|Blaze|HeatWave,Protect,NastyPlot,Psyshock|Modest||F|||50|]Sneasler||FocusSash|Unburden|CloseCombat,FakeOut,DireClaw,Protect|Jolly||M|||50|]Rotom-Wash||SitrusBerry|Levitate|HydroPump,Thunderbolt,WillOWisp,Protect|Calm|||||50|]Kingambit||BlackGlasses|Defiant|SuckerPunch,KowtowCleave,Protect,IronHead|Adamant||F|||50|]Garchomp||LifeOrb|RoughSkin|DragonClaw,Protect,Earthquake,RockSlide|Jolly||F|||50|]Sinistcha||KasibBerry|Hospitality|MatchaGotcha,RagePowder,ShadowBall,TrickRoom|Relaxed|||||50|
|inactive|Battle timer is ON: inactive players will automatically lose when time's up. (requested by PieterSenshi)
|inactive|nillythekid has 60 seconds left.
|
|t:|1785179253
|teamsize|p1|4
|teamsize|p2|4
|start
|switch|p1a: Raichu|Raichu, L50, F|100/100
|switch|p1b: Kommo-o|Kommo-o, L50, F|100/100
|switch|p2a: Delphox|Delphox, L50, F|100/100
|switch|p2b: Sneasler|Sneasler, L50, M|100/100
|turn|1
|inactive|PieterSenshi has 30 seconds left.
|
|t:|1785179281
|switch|p1b: Volcarona|Volcarona, L50, M|100/100
|detailschange|p1a: Raichu|Raichu-Mega-X, L50, F
|-mega|p1a: Raichu|Raichu|Raichunite X
|-fieldstart|move: Electric Terrain|[from] ability: Electric Surge|[of] p1a: Raichu
|detailschange|p2a: Delphox|Delphox-Mega, L50, F
|-mega|p2a: Delphox|Delphox|Delphoxite
|move|p2b: Sneasler|Fake Out|p1a: Raichu
|-damage|p1a: Raichu|83/100
|move|p2a: Delphox|Nasty Plot|p2a: Delphox
|-boost|p2a: Delphox|spa|2
|cant|p1a: Raichu|flinch
|
|upkeep
|turn|2
|
|t:|1785179304
|move|p2b: Sneasler|Dire Claw|p1b: Volcarona
|-damage|p1b: Volcarona|61/100
|move|p2a: Delphox|Heat Wave|p1a: Raichu|[spread] p1a,p1b
|-damage|p1a: Raichu|0 fnt
|-damage|p1b: Volcarona|0 fnt
|faint|p1a: Raichu
|faint|p1b: Volcarona
|
|upkeep
|
|t:|1785179310
|switch|p1a: Kommo-o|Kommo-o, L50, F|100/100
|switch|p1b: Ninetales|Ninetales-Alola, L50, F|100/100
|-weather|Snowscape|[from] ability: Snow Warning|[of] p1b: Ninetales
|turn|3
|
|t:|1785179321
|move|p1b: Ninetales|Blizzard|p2a: Delphox|[spread] p2a,p2b
|-resisted|p2a: Delphox|1
|-damage|p2a: Delphox|86/100
|-damage|p2b: Sneasler|56/100
|-status|p2a: Delphox|frz
|move|p2b: Sneasler|Dire Claw|p1a: Kommo-o
|-damage|p1a: Kommo-o|62/100
|cant|p2a: Delphox|frz
|move|p1a: Kommo-o|Clanging Scales|p2a: Delphox|[spread] p2a,p2b
|-damage|p2a: Delphox|48/100 frz
|-damage|p2b: Sneasler|5/100
|-unboost|p1a: Kommo-o|def|1
|
|-weather|Snowscape|[upkeep]
|-heal|p1a: Kommo-o|67/100|[from] item: Leftovers
|upkeep
|turn|4
|
|t:|1785179344
|cant|p2a: Delphox|frz
|move|p1b: Ninetales|Blizzard|p2a: Delphox|[spread] p2a,p2b
|-resisted|p2a: Delphox|1
|-crit|p2a: Delphox
|-damage|p2a: Delphox|25/100 frz
|-damage|p2b: Sneasler|0 fnt
|faint|p2b: Sneasler
|move|p1a: Kommo-o|Clangorous Soul|p1a: Kommo-o
|-boost|p1a: Kommo-o|atk|1
|-boost|p1a: Kommo-o|def|1
|-boost|p1a: Kommo-o|spa|1
|-boost|p1a: Kommo-o|spd|1
|-boost|p1a: Kommo-o|spe|1
|-damage|p1a: Kommo-o|35/100
|
|-weather|Snowscape|[upkeep]
|-heal|p1a: Kommo-o|41/100|[from] item: Leftovers
|upkeep
|
|t:|1785179357
|switch|p2b: Garchomp|Garchomp, L50, F|100/100
|turn|5
|
|t:|1785179369
|move|p1b: Ninetales|Blizzard|p2a: Delphox|[spread] p2a,p2b
|-resisted|p2a: Delphox|1
|-supereffective|p2b: Garchomp|2
|-damage|p2a: Delphox|9/100 frz
|-damage|p2b: Garchomp|0 fnt
|faint|p2b: Garchomp
|move|p1a: Kommo-o|Aura Sphere|p2a: Delphox
|-resisted|p2a: Delphox|1
|-damage|p2a: Delphox|0 fnt
|faint|p2a: Delphox
|
|-weather|Snowscape|[upkeep]
|-heal|p1a: Kommo-o|47/100|[from] item: Leftovers
|-fieldend|move: Electric Terrain
|upkeep
|
|t:|1785179380
|switch|p2b: Sinistcha|Sinistcha, L50|100/100
|turn|6
|
|t:|1785179393
|move|p1b: Ninetales|Blizzard|p2b: Sinistcha
|-supereffective|p2b: Sinistcha|1
|-damage|p2b: Sinistcha|1/100
|move|p1a: Kommo-o|Clanging Scales|p2b: Sinistcha
|-damage|p2b: Sinistcha|0 fnt
|faint|p2b: Sinistcha
|
|win|nillythekid
||nillythekid is ready for game 2.
