|j|Ōśåidkvgc45
|j|ŌśåMidoMidori
|html|idkvgc45MidoMidori    
|uhtml|bestof|Game 2 of a best-of-3
|t:|1757628722
|gametype|doubles
|player|p1|idkvgc45|ethan|1326
|player|p2|MidoMidori|roxanne-gen6|1249
|gen|9
|tier|[Gen 9] VGC 2025 Reg H (Bo3)
|rated|
|rule|Species Clause: Limit one of each Pok├®mon
|rule|Item Clause: Limit 1 of each item
|clearpoke
|poke|p1|Indeedee, L50, M|
|poke|p1|Sneasler, L50, F|
|poke|p1|Tyranitar, L50, F|
|poke|p1|Annihilape, L50, M|
|poke|p1|Ursaluna-Bloodmoon, L50, M|
|poke|p1|Volcarona, L50, F|
|poke|p2|Sneasler, L50, M|
|poke|p2|Indeedee, L50, M|
|poke|p2|Volcarona, L50, F|
|poke|p2|Ursaluna-Bloodmoon, L50, M|
|poke|p2|Annihilape, L50, M|
|poke|p2|Tyranitar, L50, M|
|teampreview|4
|showteam|p1|Indeedee||ChoiceScarf|PsychicSurge|ExpandingForce,TeraBlast,Protect,Trick|||M|||50|,,,,,Psychic]Sneasler||PsychicSeed|Unburden|DireClaw,CloseCombat,ThroatChop,Protect|||F|||50|,,,,,Dark]Tyranitar||AssaultVest|SandStream|RockSlide,LowKick,KnockOff,TeraBlast|||F|||50|,,,,,Flying]Annihilape||SafetyGoggles|Defiant|CloseCombat,RageFist,FinalGambit,Taunt|||M|||50|,,,,,Fairy]Ursaluna-Bloodmoon||LifeOrb|MindsEye|BloodMoon,HyperVoice,EarthPower,Protect|||M|||50|,,,,,Normal]Volcarona||SitrusBerry|FlameBody|Overheat,RagePowder,Tailwind,StruggleBug|||F|||50|,,,,,Dragon
|showteam|p2|Sneasler||PsychicSeed|Unburden|CloseCombat,DireClaw,ThroatChop,Protect|||M|||50|,,,,,Dark]Indeedee||FocusSash|PsychicSurge|ExpandingForce,TeraBlast,TrickRoom,Protect|||M|||50|,,,,,Fighting]Volcarona||SitrusBerry|FlameBody|Overheat,StruggleBug,RagePowder,Tailwind|||F|||50|,,,,,Grass]Ursaluna-Bloodmoon||LifeOrb|MindsEye|BloodMoon,HyperVoice,EarthPower,Protect|||M|||50|,,,,,Normal]Annihilape||SafetyGoggles|Defiant|CloseCombat,RageFist,Taunt,FinalGambit|||M|||50|,,,,,Fairy]Tyranitar||AssaultVest|SandStream|RockSlide,KnockOff,TeraBlast,LowKick|||M|||50|,,,,,Flying
|
|t:|1757628736
|teamsize|p1|4
|teamsize|p2|4
|start
|switch|p1a: Volcarona|Volcarona, L50, F, shiny|100/100
|switch|p1b: Tyranitar|Tyranitar, L50, F, shiny|100/100
|switch|p2a: Volcarona|Volcarona, L50, F|100/100
|switch|p2b: Tyranitar|Tyranitar, L50, M|100/100
|-weather|Sandstorm|[from] ability: Sand Stream|[of] p1b: Tyranitar
|turn|1
|
|t:|1757628740
|move|p1a: Volcarona|Tailwind|p1a: Volcarona
|-sidestart|p1: idkvgc45|move: Tailwind
|move|p1b: Tyranitar|Rock Slide|p2a: Volcarona|[spread] p2a,p2b
|-supereffective|p2a: Volcarona
|-damage|p2a: Volcarona|0 fnt
|-damage|p2b: Tyranitar|74/100
|faint|p2a: Volcarona
|move|p2b: Tyranitar|Rock Slide|p1a: Volcarona|[spread] p1a,p1b
|-supereffective|p1a: Volcarona
|-damage|p1a: Volcarona|0 fnt
|-damage|p1b: Tyranitar|75/100
|faint|p1a: Volcarona
|
|-weather|Sandstorm|[upkeep]
|upkeep
|
|t:|1757628748
|switch|p1a: Sneasler|Sneasler, L50, F, shiny|100/100
|switch|p2a: Indeedee|Indeedee, L50, M|100/100
|-fieldstart|move: Psychic Terrain|[from] ability: Psychic Surge|[of] p2a: Indeedee
|-enditem|p1a: Sneasler|Psychic Seed
|-boost|p1a: Sneasler|spd|1|[from] item: Psychic Seed
|turn|2
|
|t:|1757628773
|switch|p2b: Sneasler|Sneasler, L50, M|100/100
|-enditem|p2b: Sneasler|Psychic Seed
|-boost|p2b: Sneasler|spd|1|[from] item: Psychic Seed
|-terastallize|p1a: Sneasler|Dark
|move|p1a: Sneasler|Throat Chop|p2a: Indeedee
|-supereffective|p2a: Indeedee
|-enditem|p2a: Indeedee|Focus Sash
|-damage|p2a: Indeedee|1/100
|-start|p2a: Indeedee|Throat Chop|[silent]
|move|p1b: Tyranitar|Rock Slide|p2a: Indeedee|[spread] p2b
|-miss|p1b: Tyranitar|p2a: Indeedee
|-resisted|p2b: Sneasler
|-crit|p2b: Sneasler
|-damage|p2b: Sneasler|63/100
|move|p2a: Indeedee|Expanding Force|p1b: Tyranitar|[spread] 
|-immune|p1a: Sneasler
|-immune|p1b: Tyranitar
|
|-weather|Sandstorm|[upkeep]
|-damage|p1a: Sneasler|95/100|[from] Sandstorm
|-damage|p2b: Sneasler|57/100|[from] Sandstorm
|-damage|p2a: Indeedee|0 fnt|[from] Sandstorm
|faint|p2a: Indeedee
|upkeep
|
|t:|1757628776
|switch|p2a: Tyranitar|Tyranitar, L50, M|74/100
|turn|3
|
|t:|1757628804
|-terastallize|p2a: Tyranitar|Flying
|move|p1a: Sneasler|Close Combat|p2a: Tyranitar
|-resisted|p2a: Tyranitar
|-crit|p2a: Tyranitar
|-damage|p2a: Tyranitar|28/100
|-unboost|p1a: Sneasler|def|1
|-unboost|p1a: Sneasler|spd|1
|move|p2b: Sneasler|Close Combat|p1a: Sneasler
|-supereffective|p1a: Sneasler
|-crit|p1a: Sneasler
|-damage|p1a: Sneasler|0 fnt
|-unboost|p2b: Sneasler|def|1
|-unboost|p2b: Sneasler|spd|1
|faint|p1a: Sneasler
|move|p1b: Tyranitar|Rock Slide|p2a: Tyranitar|[spread] p2a,p2b
|-supereffective|p2a: Tyranitar
|-resisted|p2b: Sneasler
|-damage|p2a: Tyranitar|0 fnt
|-damage|p2b: Sneasler|15/100
|faint|p2a: Tyranitar
|
|-weather|Sandstorm|[upkeep]
|-damage|p2b: Sneasler|9/100|[from] Sandstorm
|upkeep
|c|ŌśåMidoMidori|Gg
|
|t:|1757628812
|switch|p1a: Indeedee|Indeedee, L50, M, shiny|100/100
|turn|4
|c|ŌśåMidoMidori|Did u make all of em faster?
|c|Ōśåidkvgc45|stupid mirror........
|c|Ōśåidkvgc45|nah just won 10,000 speed ties in a row
|c|ŌśåMidoMidori|Fair enough LMAO
|
|t:|1757628853
|move|p2b: Sneasler|Protect|p2b: Sneasler
|-singleturn|p2b: Sneasler|Protect
|move|p1a: Indeedee|Tera Blast|p2b: Sneasler
|-activate|p2b: Sneasler|move: Protect
|move|p1b: Tyranitar|Knock Off|p2b: Sneasler
|-activate|p2b: Sneasler|move: Protect
|
|-weather|Sandstorm|[upkeep]
|-damage|p1a: Indeedee|95/100|[from] Sandstorm
|-damage|p2b: Sneasler|3/100|[from] Sandstorm
|-sideend|p1: idkvgc45|move: Tailwind
|upkeep
|turn|5
|
|t:|1757628859
|move|p2b: Sneasler|Throat Chop|p1a: Indeedee
|-supereffective|p1a: Indeedee
|-damage|p1a: Indeedee|0 fnt
|faint|p1a: Indeedee
|move|p1b: Tyranitar|Knock Off|p2b: Sneasler
|-resisted|p2b: Sneasler
|-crit|p2b: Sneasler
|-damage|p2b: Sneasler|0 fnt
|faint|p2b: Sneasler
|
|win|idkvgc45
|raw|idkvgc45's rating: 1326 → 1342(+16 for winning)
|raw|MidoMidori's rating: 1249 → 1229(-20 for losing)
|c|Ōśåidkvgc45|gg
|c|ŌśåMidoMidori|I was rly struggling with scarf
|c|ŌśåMidoMidori|Gg
|c|ŌśåMidoMidori|I couldn't get it to work into teams with any rilla
|c|Ōśåidkvgc45|its clunky but kinda necessary
