|j|☆ddunks
|j|☆superstar jamie
|html|ddunkssuperstar jamie    
|uhtml|bestof|Game 2 of a best-of-3
|t:|1782677150
|gametype|doubles
|player|p1|ddunks|1|
|player|p2|superstar jamie|#bsplviihoustonstealthrockets|
|gen|9
|tier|[Gen 9 Champions] VGC 2026 Reg M-B (Bo3)
|rule|Species Clause: Limit one of each Pokémon
|rule|Item Clause: Limit 1 of each item
|clearpoke
|poke|p1|Staraptor, L50, M|
|poke|p1|Incineroar, L50, F|
|poke|p1|Dragalge, L50, F|
|poke|p1|Hydreigon, L50, F|
|poke|p1|Sinistcha, L50|
|poke|p1|Kingambit, L50, F|
|poke|p2|Raichu, L50, F|
|poke|p2|Azumarill, L50, F|
|poke|p2|Garchomp, L50, F|
|poke|p2|Sinistcha, L50|
|poke|p2|Talonflame, L50, M|
|poke|p2|Kingambit, L50, F|
|teampreview|4
|showteam|p1|Staraptor||Staraptite|Intimidate|CloseCombat,BraveBird,Roost,Protect|Jolly||M|||50|]Incineroar||SitrusBerry|Intimidate|FakeOut,PartingShot,FlareBlitz,ThroatChop|Careful||F|||50|]Dragalge||Dragalgite|Adaptability|DracoMeteor,SludgeBomb,Toxic,Protect|Calm||F|||50|]Hydreigon||ChoiceScarf|Levitate|DracoMeteor,Snarl,DarkPulse,EarthPower|Modest||F|||50|]Sinistcha||KasibBerry|Hospitality|MatchaGotcha,RagePowder,LifeDew,TrickRoom|Calm|||||50|]Kingambit||ChopleBerry|Defiant|KowtowCleave,SuckerPunch,IronHead,Protect|Adamant||F|||50|
|showteam|p2|Raichu||RaichuniteY|LightningRod|ZapCannon,FocusBlast,FakeOut,Protect|Timid||F|||50|]Azumarill||SitrusBerry|HugePower|PlayRough,AquaJet,BellyDrum,Protect|Adamant||F|||50|]Garchomp||LifeOrb|RoughSkin|DragonClaw,Earthquake,RockSlide,Protect|Jolly||F|||50|]Sinistcha||FocusSash|Hospitality|MatchaGotcha,ShadowBall,RagePowder,TrickRoom|Timid|||||50|]Talonflame||SharpBeak|GaleWings|BraveBird,FlareBlitz,Tailwind,Protect|Jolly||M|||50|]Kingambit||BlackGlasses|Defiant|KowtowCleave,SuckerPunch,SwordsDance,Protect|Adamant||F|||50|
|j| Cobra Mawi
|j| IkeFAR
|j| XerneusVGC
|inactive|Battle timer is ON: inactive players will automatically lose when time's up. (requested by ddunks)
|j| Cerebellibrarian
|j| pupi131
|j| OnlyEmbers
|inactive|ddunks has 60 seconds left.
|j| sleepingbaby279
|
|t:|1782677214
|teamsize|p1|4
|teamsize|p2|4
|start
|switch|p1a: Hydreigon|Hydreigon, L50, F|100/100
|switch|p1b: Sinistcha|Sinistcha, L50|100/100
|switch|p2a: Raichu|Raichu, L50, F|100/100
|switch|p2b: Azumarill|Azumarill, L50, F|100/100
|turn|1
|
|t:|1782677234
|switch|p1a: Incineroar|Incineroar, L50, F|100/100
|-ability|p1a: Incineroar|Intimidate|boost
|-unboost|p2a: Raichu|atk|1
|-unboost|p2b: Azumarill|atk|1
|detailschange|p2a: Raichu|Raichu-Mega-Y, L50, F
|-mega|p2a: Raichu|Raichu|Raichunite Y
|move|p2a: Raichu|Fake Out|p1a: Incineroar
|-damage|p1a: Incineroar|95/100
|move|p1b: Sinistcha|Matcha Gotcha|p2b: Azumarill|[spread] p2a,p2b
|-supereffective|p2b: Azumarill|1
|-damage|p2a: Raichu|67/100
|-damage|p2b: Azumarill|50/100g
|-status|p2a: Raichu|brn
|move|p2b: Azumarill|Play Rough|p1a: Incineroar|[miss]
|-miss|p2b: Azumarill|p1a: Incineroar
|
|-damage|p2a: Raichu|61/100 brn|[from] brn
|upkeep
|turn|2
|j|+RauSakura
|j| FBIsurveillanceman
|inactive|ddunks has 30 seconds left.
|inactive|superstar jamie has 30 seconds left.
|
|t:|1782677266
|move|p1a: Incineroar|Fake Out|p2a: Raichu
|-damage|p2a: Raichu|44/100 brn
|cant|p2a: Raichu|flinch
|move|p1b: Sinistcha|Matcha Gotcha|p2a: Raichu|[spread] p2a,p2b
|-supereffective|p2b: Azumarill|1
|-damage|p2a: Raichu|14/100 brn
|-damage|p2b: Azumarill|2/100
|-enditem|p2b: Azumarill|Sitrus Berry|[eat]
|-heal|p2b: Azumarill|27/100|[from] item: Sitrus Berry
|move|p2b: Azumarill|Play Rough|p1b: Sinistcha
|-damage|p1b: Sinistcha|65/100
|
|-damage|p2a: Raichu|8/100 brn|[from] brn
|upkeep
|turn|3
|l| sleepingbaby279
|inactive|ddunks has 30 seconds left.
|j| sleepingbaby279
|
|t:|1782677294
|switch|p1a: Dragalge|Dragalge, L50, F|100/100
|move|p2b: Azumarill|Aqua Jet|p1a: Dragalge
|-resisted|p1a: Dragalge|1
|-damage|p1a: Dragalge|92/100
|move|p2a: Raichu|Focus Blast|p1a: Dragalge
|-resisted|p1a: Dragalge|1
|-damage|p1a: Dragalge|77/100
|-unboost|p1a: Dragalge|spd|1
|move|p1b: Sinistcha|Matcha Gotcha|p2b: Azumarill|[spread] p2a,p2b
|-supereffective|p2b: Azumarill|1
|-damage|p2a: Raichu|0 fnt
|-heal|p1b: Sinistcha|69/100|[from] drain|[of] p2a: Raichu
|-damage|p2b: Azumarill|0 fnt
|-heal|p1b: Sinistcha|85/100|[from] drain|[of] p2b: Azumarill
|faint|p2a: Raichu
|faint|p2b: Azumarill
|
|upkeep
|
|t:|1782677312
|switch|p2a: Talonflame|Talonflame, L50, M|100/100
|switch|p2b: Garchomp|Garchomp, L50, F|100/100
|turn|4
|j| Scotty1vgc
|l| FBIsurveillanceman
|inactive|ddunks has 30 seconds left.
|
|t:|1782677339
|switch|p1a: Incineroar|Incineroar, L50, F|95/100
|-ability|p1a: Incineroar|Intimidate|boost
|-unboost|p2a: Talonflame|atk|1
|-unboost|p2b: Garchomp|atk|1
|move|p2a: Talonflame|Brave Bird|p1b: Sinistcha
|-supereffective|p1b: Sinistcha|1
|-damage|p1b: Sinistcha|18/100
|-damage|p2a: Talonflame|74/100|[from] Recoil
|move|p2b: Garchomp|Earthquake|p1a: Incineroar|[spread] p1a,p1b
|-immune|p2a: Talonflame
|-supereffective|p1a: Incineroar|1
|-resisted|p1b: Sinistcha|1
|-damage|p1a: Incineroar|35/100
|-damage|p1b: Sinistcha|3/100
|-enditem|p1a: Incineroar|Sitrus Berry|[eat]
|-heal|p1a: Incineroar|60/100|[from] item: Sitrus Berry
|-damage|p2b: Garchomp|90/100|[from] item: Life Orb
|move|p1b: Sinistcha|Trick Room|p1b: Sinistcha
|-fieldstart|move: Trick Room|[of] p1b: Sinistcha
|
|upkeep
|turn|5
|inactive|ddunks has 30 seconds left.
|l| sleepingbaby279
|inactive|ddunks has 20 seconds left.
|
|t:|1782677375
|move|p1a: Incineroar|Fake Out|p2a: Talonflame
|-damage|p2a: Talonflame|59/100
|move|p1b: Sinistcha|Matcha Gotcha|p2a: Talonflame|[spread] p2a
|-miss|p1b: Sinistcha|p2b: Garchomp
|-resisted|p2a: Talonflame|2
|-damage|p2a: Talonflame|50/100g
|-heal|p1b: Sinistcha|7/100|[from] drain|[of] p2a: Talonflame
|move|p2b: Garchomp|Earthquake|p1b: Sinistcha|[spread] p1a,p1b
|-immune|p2a: Talonflame
|-supereffective|p1a: Incineroar|1
|-crit|p1a: Incineroar
|-resisted|p1b: Sinistcha|1
|-damage|p1a: Incineroar|0 fnt
|-damage|p1b: Sinistcha|0 fnt
|faint|p1a: Incineroar
|faint|p1b: Sinistcha
|-damage|p2b: Garchomp|80/100|[from] item: Life Orb
|cant|p2a: Talonflame|flinch
|
|upkeep
|
|t:|1782677393
|switch|p1a: Dragalge|Dragalge, L50, F|77/100
|switch|p1b: Hydreigon|Hydreigon, L50, F|100/100
|turn|6
|
|t:|1782677410
|detailschange|p1a: Dragalge|Dragalge-Mega, L50, F
|-mega|p1a: Dragalge|Dragalge|Dragalgite
|move|p1a: Dragalge|Sludge Bomb|p2a: Talonflame
|-damage|p2a: Talonflame|0 fnt
|faint|p2a: Talonflame
|move|p2b: Garchomp|Dragon Claw|p1a: Dragalge
|-supereffective|p1a: Dragalge|1
|-damage|p1a: Dragalge|22/100
|-damage|p2b: Garchomp|70/100|[from] item: Life Orb
|move|p1b: Hydreigon|Draco Meteor|p2b: Garchomp
|-supereffective|p2b: Garchomp|1
|-damage|p2b: Garchomp|0 fnt
|-unboost|p1b: Hydreigon|spa|2
|faint|p2b: Garchomp
|
|win|ddunks
||superstar jamie is ready for game 3.
|inactive|ddunks has 30 seconds to confirm battle start!
||ddunks is ready for game 3.
|uhtml|next|Next: Game 3 of 3
|l| Scotty1vgc
|l| XerneusVGC
|j| Scotty1vgc
|l| Scotty1vgc
|l| Cerebellibrarian
|l| Cobra Mawi
|l| OnlyEmbers
