|j|☆Inteligent8pro
|j|☆AbacusStabacus
|html|Inteligent8proAbacusStabacus    
|uhtml|bestof|Game 1 of a best-of-3
|t:|1786207241
|gametype|doubles
|player|p1|Inteligent8pro|elesa|1308
|player|p2|AbacusStabacus|1|1196
|gen|9
|tier|[Gen 9 Champions] VGC 2026 Reg M-B (Bo3)
|rated|
|rule|Species Clause: Limit one of each Pokémon
|rule|Item Clause: Limit 1 of each item
|clearpoke
|poke|p1|Blaziken, L50, M|
|poke|p1|Venusaur, L50, M|
|poke|p1|Kingambit, L50, M|
|poke|p1|Ninetales-Alola, L50, M|
|poke|p1|Lycanroc-Dusk, L50, F|
|poke|p1|Basculegion, L50, M|
|poke|p2|Hippowdon, L50, F|
|poke|p2|Sinistcha, L50|
|poke|p2|Torkoal, L50, M|
|poke|p2|Rotom-Wash, L50|
|poke|p2|Tyranitar, L50, M|
|poke|p2|Grimmsnarl, L50, M|
|teampreview|4
|showteam|p1|Blaziken||Blazikenite|SpeedBoost|FlareBlitz,CloseCombat,RockSlide,Detect|Adamant||M|||50|]Venusaur||Venusaurite|Chlorophyll|GigaDrain,SludgeBomb,EarthPower,Protect|Modest||M|||50|]Kingambit||LifeOrb|Defiant|KowtowCleave,SuckerPunch,IronHead,Protect|Adamant||M|||50|]Ninetales-Alola||NeverMeltIce|SnowWarning|Blizzard,FreezeDry,Encore,Protect|Timid||M|||50|]Lycanroc-Dusk||FocusSash|ToughClaws|RockSlide,Accelerock,CloseCombat,Protect|Adamant||F|||50|]Basculegion||ChoiceScarf|Adaptability|LastRespects,WaveCrash,AquaJet,FlipTurn|Jolly||M|||50|
|showteam|p2|Hippowdon||LifeOrb|SandForce|Superpower,RockSlide,HighHorsepower,IronHead|Brave||F|||50|]Sinistcha||FocusSash|Heatproof|MatchaGotcha,TrickRoom,ShadowBall,RagePowder|Quiet|||||50|]Torkoal||Charcoal|Drought|Eruption,HeatWave,SolarBeam,Protect|Quiet||M|||50|]Rotom-Wash||Magnet|Levitate|HydroPump,VoltSwitch,Protect,Thunderbolt|Quiet|||||50|]Tyranitar||Tyranitarite|SandStream|IcePunch,RockSlide,KnockOff,Protect|Brave||M|||50|]Grimmsnarl||LightClay|Prankster|FakeOut,LightScreen,ThroatChop,PartingShot|Adamant||M|||50|
|inactive|Battle timer is ON: inactive players will automatically lose when time's up. (requested by AbacusStabacus)
|inactive|Inteligent8pro has 60 seconds left.
|
|t:|1786207295
|teamsize|p1|4
|teamsize|p2|4
|start
|switch|p1a: Kingambit|Kingambit, L50, M|100/100
|switch|p1b: Venusaur|Venusaur, L50, M|100/100
|switch|p2a: Sinistcha|Sinistcha, L50|100/100
|switch|p2b: Grimmsnarl|Grimmsnarl, L50, M|100/100
|turn|1
|
|t:|1786207319
|detailschange|p1b: Venusaur|Venusaur-Mega, L50, M
|-mega|p1b: Venusaur|Venusaur|Venusaurite
|move|p2b: Grimmsnarl|Fake Out|p1a: Kingambit
|-resisted|p1a: Kingambit|1
|-damage|p1a: Kingambit|94/100
|move|p1b: Venusaur|Sludge Bomb|p2a: Sinistcha
|-damage|p2a: Sinistcha|46/100
|-status|p2a: Sinistcha|psn
|cant|p1a: Kingambit|flinch
|move|p2a: Sinistcha|Trick Room|p2a: Sinistcha
|-fieldstart|move: Trick Room|[of] p2a: Sinistcha
|
|-damage|p2a: Sinistcha|33/100 psn|[from] psn
|upkeep
|turn|2
|inactive|Inteligent8pro has 30 seconds left.
|inactive|AbacusStabacus has 30 seconds left.
|inactive|AbacusStabacus has 20 seconds left.
|
|t:|1786207354
|move|p2b: Grimmsnarl|Light Screen|p2b: Grimmsnarl
|-sidestart|p2: AbacusStabacus|move: Light Screen
|move|p1a: Kingambit|Iron Head|p2b: Grimmsnarl
|-supereffective|p2b: Grimmsnarl|1
|-damage|p2b: Grimmsnarl|0 fnt
|faint|p2b: Grimmsnarl
|-damage|p1a: Kingambit|85/100|[from] item: Life Orb
|move|p2a: Sinistcha|Shadow Ball|p1b: Venusaur
|-damage|p1b: Venusaur|64/100
|move|p1b: Venusaur|Earth Power|p2a: Sinistcha
|-resisted|p2a: Sinistcha|1
|-damage|p2a: Sinistcha|21/100 psn
|
|-damage|p2a: Sinistcha|9/100 psn|[from] psn
|upkeep
|
|t:|1786207360
|switch|p2b: Hippowdon|Hippowdon, L50, F|100/100
|turn|3
|inactive|Inteligent8pro has 30 seconds left.
|
|t:|1786207386
|switch|p2a: Tyranitar|Tyranitar, L50, M|100/100
|-weather|Sandstorm|[from] ability: Sand Stream|[of] p2a: Tyranitar
|move|p1a: Kingambit|Protect|p1a: Kingambit
|-singleturn|p1a: Kingambit|Protect
|move|p2b: Hippowdon|Superpower|p1a: Kingambit
|-activate|p1a: Kingambit|move: Protect
|move|p1b: Venusaur|Giga Drain|p2b: Hippowdon
|-supereffective|p2b: Hippowdon|1
|-damage|p2b: Hippowdon|47/100
|-heal|p1b: Venusaur|94/100|[from] drain|[of] p2b: Hippowdon
|
|-weather|Sandstorm|[upkeep]
|-damage|p1b: Venusaur|88/100|[from] Sandstorm
|upkeep
|turn|4
|inactive|Inteligent8pro has 30 seconds left.
|inactive|Inteligent8pro has 20 seconds left.
|inactive|Inteligent8pro has 15 seconds left.
|inactive|Inteligent8pro has 10 seconds left.
|
|t:|1786207431
|detailschange|p2a: Tyranitar|Tyranitar-Mega, L50, M
|-mega|p2a: Tyranitar|Tyranitar|Tyranitarite
|move|p1a: Kingambit|Sucker Punch|p2b: Hippowdon
|-damage|p2b: Hippowdon|6/100
|-damage|p1a: Kingambit|75/100|[from] item: Life Orb
|move|p2b: Hippowdon|Superpower|p1a: Kingambit
|-supereffective|p1a: Kingambit|2
|-damage|p1a: Kingambit|0 fnt
|-unboost|p2b: Hippowdon|atk|1
|-unboost|p2b: Hippowdon|def|1
|faint|p1a: Kingambit
|-damage|p2b: Hippowdon|0 fnt|[from] item: Life Orb
|faint|p2b: Hippowdon
|move|p2a: Tyranitar|Ice Punch|p1b: Venusaur
|-supereffective|p1b: Venusaur|1
|-damage|p1b: Venusaur|62/100
|move|p1b: Venusaur|Giga Drain|p2a: Tyranitar
|-supereffective|p2a: Tyranitar|1
|-damage|p2a: Tyranitar|74/100
|-heal|p1b: Venusaur|75/100|[from] drain|[of] p2a: Tyranitar
|
|-weather|Sandstorm|[upkeep]
|-damage|p1b: Venusaur|70/100|[from] Sandstorm
|upkeep
|inactive|Inteligent8pro has 30 seconds left.
|
|t:|1786207457
|switch|p2b: Sinistcha|Sinistcha, L50|9/100 psn
|switch|p1a: Blaziken|Blaziken, L50, M|100/100
|turn|5
|
|t:|1786207469
|move|p1b: Venusaur|Protect|p1b: Venusaur
|-singleturn|p1b: Venusaur|Protect
|move|p1a: Blaziken|Detect|p1a: Blaziken
|-singleturn|p1a: Blaziken|Protect
|move|p2b: Sinistcha|Shadow Ball|p1a: Blaziken
|-activate|p1a: Blaziken|move: Protect
|move|p2a: Tyranitar|Rock Slide|p1b: Venusaur|[spread] 
|-activate|p1a: Blaziken|move: Protect
|-activate|p1b: Venusaur|move: Protect
|
|-weather|Sandstorm|[upkeep]
|-damage|p2b: Sinistcha|3/100 psn|[from] Sandstorm
|-damage|p1b: Venusaur|64/100|[from] Sandstorm
|-damage|p1a: Blaziken|94/100|[from] Sandstorm
|-damage|p2b: Sinistcha|0 fnt|[from] psn
|faint|p2b: Sinistcha
|-fieldend|move: Trick Room
|-ability|p1a: Blaziken|Speed Boost|boost
|-boost|p1a: Blaziken|spe|1
|upkeep
|turn|6
|-message|AbacusStabacus forfeited.
|
|win|Inteligent8pro
|l|☆AbacusStabacus
|player|p2|
|raw|Inteligent8pro's rating: 1308 → 1322(+14 for winning)
|raw|AbacusStabacus's rating: 1196 → 1179(-17 for losing)
