|j|‽Habeebko
|j|☆Jakobtc
|html|HabeebkoJakobtc    
|uhtml|bestof|Game 2 of a best-of-3
|t:|1756666919
|gametype|doubles
|player|p1|Habeebko|lucas|1060
|player|p2|Jakobtc|riley|1150
|gen|9
|tier|[Gen 9] VGC 2025 Reg H (Bo3)
|rated|
|rule|Species Clause: Limit one of each Pokémon
|rule|Item Clause: Limit 1 of each item
|clearpoke
|poke|p1|Rillaboom, L50, F|
|poke|p1|Volcarona, L50, M|
|poke|p1|Clefable, L50, M|
|poke|p1|Dragonite, L50, M|
|poke|p1|Empoleon, L50, M|
|poke|p1|Sneasler, L50, M|
|poke|p2|Gholdengo, L50|
|poke|p2|Incineroar, L50, F|
|poke|p2|Amoonguss, L50, M|
|poke|p2|Ursaluna, L50, F|
|poke|p2|Porygon2, L50|
|poke|p2|Kilowattrel, L50, F|
|teampreview|4
|showteam|p1|Rillaboom||AssaultVest|GrassySurge|FakeOut,GrassyGlide,HighHorsepower,WoodHammer|||F|||50|,,,,,Fire]Volcarona||GrassySeed|FlameBody|Protect,QuiverDance,TeraBlast,HeatWave|||M|||50|,,,,,Fairy]Clefable||SafetyGoggles|Unaware|Protect,FollowMe,LifeDew,Moonblast|||M|||50|,,,,,Ghost]Dragonite||LoadedDice|Multiscale|Tailwind,ExtremeSpeed,Haze,ScaleShot|||M|||50|,,,,,Fairy]Empoleon||ChoiceScarf|Competitive|HydroPump,IceBeam,IcyWind,FlashCannon|||M|||50|,,,,,Ghost]Sneasler||FocusSash|Unburden|Protect,DireClaw,CloseCombat,Coaching|||M|||50|,,,,,Stellar
|showteam|p2|Gholdengo||LifeOrb|GoodasGold|MakeItRain,ShadowBall,NastyPlot,Protect||||||50|,,,,,Dragon]Incineroar||SafetyGoggles|Intimidate|FakeOut,FlareBlitz,KnockOff,PartingShot|||F|||50|,,,,,Bug]Amoonguss||SitrusBerry|Regenerator|Spore,RagePowder,PollenPuff,Protect|||M|||50|,,,,,Psychic]Ursaluna||FlameOrb|Guts|Facade,HeadlongRush,Earthquake,Protect|||F|||50|,,,,,Ghost]Porygon2||Eviolite|Download|TeraBlast,IceBeam,Recover,TrickRoom||||||50|,,,,,Fighting]Kilowattrel||FocusSash|Competitive|AirSlash,Thunderbolt,Tailwind,Protect|||F|||50|,,,,,Ghost
|inactive|Battle timer is ON: inactive players will automatically lose when time's up. (requested by Habeebko)
|
|t:|1756666936
|teamsize|p1|4
|teamsize|p2|4
|start
|switch|p1a: Rillaboom|Rillaboom, L50, F|100/100
|switch|p1b: Volcarona|Volcarona, L50, M|100/100
|switch|p2a: Kilowattrel|Kilowattrel, L50, F|100/100
|switch|p2b: Incineroar|Incineroar, L50, F|100/100
|-fieldstart|move: Grassy Terrain|[from] ability: Grassy Surge|[of] p1a: Rillaboom
|-enditem|p1b: Volcarona|Grassy Seed
|-boost|p1b: Volcarona|def|1|[from] item: Grassy Seed
|-ability|p2b: Incineroar|Intimidate|boost
|-unboost|p1a: Rillaboom|atk|1
|-unboost|p1b: Volcarona|atk|1
|turn|1
|
|t:|1756666952
|-terastallize|p2a: Kilowattrel|Ghost
|-terastallize|p1b: Volcarona|Fairy
|move|p2a: Kilowattrel|Air Slash|p1b: Volcarona
|-crit|p1b: Volcarona
|-damage|p1b: Volcarona|55/100
|cant|p1b: Volcarona|flinch
|move|p1a: Rillaboom|High Horsepower|p2b: Incineroar
|-supereffective|p2b: Incineroar
|-damage|p2b: Incineroar|61/100
|move|p2b: Incineroar|Flare Blitz|p1b: Volcarona
|-damage|p1b: Volcarona|13/100
|-damage|p2b: Incineroar|49/100|[from] Recoil
|
|-heal|p1b: Volcarona|19/100|[from] Grassy Terrain
|-heal|p2b: Incineroar|54/100|[from] Grassy Terrain
|upkeep
|turn|2
|
|t:|1756666973
|move|p1b: Volcarona|Protect|p1b: Volcarona
|-singleturn|p1b: Volcarona|Protect
|move|p2a: Kilowattrel|Thunderbolt|p1b: Volcarona
|-activate|p1b: Volcarona|move: Protect
|move|p1a: Rillaboom|Wood Hammer|p2a: Kilowattrel
|-enditem|p2a: Kilowattrel|Focus Sash
|-damage|p2a: Kilowattrel|1/100
|-damage|p1a: Rillaboom|77/100|[from] Recoil
|move|p2b: Incineroar|Parting Shot|p1a: Rillaboom
|-unboost|p1a: Rillaboom|atk|1
|-unboost|p1a: Rillaboom|spa|1
|
|t:|1756666986
|switch|p2b: Porygon2|Porygon2, L50, shiny|100/100|[from] Parting Shot
|-ability|p2b: Porygon2|Download|boost
|-boost|p2b: Porygon2|spa|1
|
|-heal|p2a: Kilowattrel|7/100|[from] Grassy Terrain
|-heal|p1b: Volcarona|25/100|[from] Grassy Terrain
|-heal|p1a: Rillaboom|83/100|[from] Grassy Terrain
|upkeep
|turn|3
|
|t:|1756666998
|switch|p2a: Incineroar|Incineroar, L50, F|54/100
|-ability|p2a: Incineroar|Intimidate|boost
|-unboost|p1a: Rillaboom|atk|1
|-unboost|p1b: Volcarona|atk|1
|switch|p1b: Empoleon|Empoleon, L50, M|100/100
|move|p1a: Rillaboom|Grassy Glide|p2a: Incineroar
|-resisted|p2a: Incineroar
|-damage|p2a: Incineroar|48/100
|move|p2b: Porygon2|Tera Blast|p1b: Empoleon
|-resisted|p1b: Empoleon
|-damage|p1b: Empoleon|70/100
|
|-heal|p1b: Empoleon|77/100|[from] Grassy Terrain
|-heal|p1a: Rillaboom|89/100|[from] Grassy Terrain
|-heal|p2a: Incineroar|53/100|[from] Grassy Terrain
|upkeep
|turn|4
|
|t:|1756667017
|switch|p1a: Clefable|Clefable, L50, M|100/100
|move|p2a: Incineroar|Fake Out|p1b: Empoleon
|-resisted|p1b: Empoleon
|-damage|p1b: Empoleon|69/100
|cant|p1b: Empoleon|flinch
|move|p2b: Porygon2|Trick Room|p2b: Porygon2
|-fieldstart|move: Trick Room|[of] p2b: Porygon2
|
|-heal|p2a: Incineroar|59/100|[from] Grassy Terrain
|-heal|p1b: Empoleon|75/100|[from] Grassy Terrain
|upkeep
|turn|5
|inactive|Habeebko has 30 seconds left.
|inactive|Habeebko has 20 seconds left.
|inactive|Habeebko has 15 seconds left.
|inactive|Habeebko has 10 seconds left.
|inactive|Habeebko has 5 seconds left.
|
|t:|1756667069
|move|p1a: Clefable|Life Dew||[still]|[spread] p1a,p1b
|-fail|p1a: Clefable|heal
|-heal|p1b: Empoleon|99/100
|move|p2a: Incineroar|Flare Blitz|p1b: Empoleon
|-damage|p1b: Empoleon|37/100
|-damage|p2a: Incineroar|43/100|[from] Recoil
|move|p2b: Porygon2|Tera Blast|p1b: Empoleon
|-resisted|p1b: Empoleon
|-damage|p1b: Empoleon|10/100
|move|p1b: Empoleon|Hydro Pump|p2a: Incineroar|[miss]
|-miss|p1b: Empoleon|p2a: Incineroar
|
|-heal|p2a: Incineroar|49/100|[from] Grassy Terrain
|-heal|p1b: Empoleon|16/100|[from] Grassy Terrain
|-fieldend|move: Grassy Terrain
|upkeep
|turn|6
|inactive|Habeebko has 30 seconds left.
|inactive|Habeebko has 20 seconds left.
|l|‽Habeebko
|inactive|Habeebko disconnected and has a minute to reconnect!
|player|p1|
|inactive|Habeebko has 15 seconds left.
|inactive|Habeebko has 10 seconds left.
|inactive|Habeebko has 5 seconds left.
|-message|Habeebko lost due to inactivity.
|
|win|Jakobtc
|raw|Habeebko's rating: 1060 → 1046(-14 for losing)
|raw|Jakobtc's rating: 1150 → 1169(+19 for winning)
