|j|☆KMMULLER2020
|j|☆Hawkc10ie
|html|KMMULLER2020Hawkc10ie    
|uhtml|bestof|Game 2 of a best-of-3
|t:|1786004879
|gametype|doubles
|player|p1|KMMULLER2020|nate|1218
|player|p2|Hawkc10ie|169|1152
|gen|9
|tier|[Gen 9 Champions] VGC 2026 Reg M-B (Bo3)
|rated|
|rule|Species Clause: Limit one of each Pokémon
|rule|Item Clause: Limit 1 of each item
|clearpoke
|poke|p1|Gengar, L50, F|
|poke|p1|Politoed, L50, M|
|poke|p1|Incineroar, L50, F|
|poke|p1|Sinistcha, L50|
|poke|p1|Hydreigon, L50, M|
|poke|p1|Aggron, L50, M|
|poke|p2|Whimsicott, L50, F|
|poke|p2|Staraptor, L50, F|
|poke|p2|Incineroar, L50, F|
|poke|p2|Basculegion, L50, M|
|poke|p2|Kingambit, L50, M|
|poke|p2|Raichu, L50, M|
|teampreview|4
|showteam|p1|Gengar||Gengarite|CursedBody|Protect,PerishSong,Disable,ShadowBall|Timid||F|||50|]Politoed||Leftovers|Drizzle|Protect,PerishSong,Encore,WeatherBall|Sassy||M|||50|]Incineroar||SitrusBerry|Intimidate|Protect,FakeOut,PartingShot,ThroatChop|Relaxed||F|||50|]Sinistcha||FocusSash|Hospitality|Protect,RagePowder,TrickRoom,MatchaGotcha|Relaxed|||||50|]Hydreigon||LifeOrb|Levitate|Protect,NastyPlot,DragonPulse,DarkPulse|Modest||M|||50|]Aggron||Aggronite|Sturdy|Protect,IronDefense,BodyPress,StoneEdge|Sassy||M|||50|
|showteam|p2|Whimsicott||MentalHerb|Prankster|Tailwind,Charm,FakeTears,Moonblast|Bold||F|||50|]Staraptor||Staraptite|Intimidate|Protect,CloseCombat,Roost,BraveBird|Adamant||F|||50|]Incineroar||PasshoBerry|Intimidate|FakeOut,PartingShot,FlareBlitz,ThroatChop|Careful||F|||50|]Basculegion||ChoiceScarf|Adaptability|AquaJet,WaveCrash,LastRespects,FlipTurn|Timid||M|||50|]Kingambit||LifeOrb|Defiant|Protect,SuckerPunch,KowtowCleave,IronHead|Adamant||M|||50|]Raichu||RaichuniteY|LightningRod|Protect,ZapCannon,FocusBlast,FakeOut|Timid||M|||50|
|inactive|Battle timer is ON: inactive players will automatically lose when time's up. (requested by KMMULLER2020)
|inactive|KMMULLER2020 has 60 seconds left.
|
|t:|1786004915
|teamsize|p1|4
|teamsize|p2|4
|start
|switch|p1a: Aggron|Aggron, L50, M|100/100
|switch|p1b: Incineroar|Incineroar, L50, F|100/100
|switch|p2a: Raichu|Raichu, L50, M|100/100
|switch|p2b: Kingambit|Kingambit, L50, M|100/100
|-ability|p1b: Incineroar|Intimidate|boost
|-unboost|p2a: Raichu|atk|1
|-unboost|p2b: Kingambit|atk|1
|-ability|p2b: Kingambit|Defiant|boost
|-boost|p2b: Kingambit|atk|2
|turn|1
|inactive|KMMULLER2020 has 30 seconds left.
|
|t:|1786004940
|detailschange|p2a: Raichu|Raichu-Mega-Y, L50, M
|-mega|p2a: Raichu|Raichu|Raichunite Y
|detailschange|p1a: Aggron|Aggron-Mega, L50, M
|-mega|p1a: Aggron|Aggron|Aggronite
|move|p2a: Raichu|Fake Out|p1a: Aggron
|-resisted|p1a: Aggron|1
|-damage|p1a: Aggron|98/100
|move|p1b: Incineroar|Fake Out|p2a: Raichu
|-damage|p2a: Raichu|82/100
|move|p2b: Kingambit|Kowtow Cleave|p1a: Aggron
|-damage|p1a: Aggron|51/100
|-damage|p2b: Kingambit|90/100|[from] item: Life Orb
|cant|p1a: Aggron|flinch
|
|upkeep
|turn|2
|
|t:|1786004965
|move|p1b: Incineroar|Protect|p1b: Incineroar
|-singleturn|p1b: Incineroar|Protect
|move|p1a: Aggron|Protect|p1a: Aggron
|-singleturn|p1a: Aggron|Protect
|move|p2a: Raichu|Focus Blast|p1b: Incineroar
|-activate|p1b: Incineroar|move: Protect
|move|p2b: Kingambit|Kowtow Cleave|p1b: Incineroar
|-activate|p1b: Incineroar|move: Protect
|
|upkeep
|turn|3
|
|t:|1786004982
|switch|p1b: Sinistcha|Sinistcha, L50|100/100
|-heal|p1a: Aggron|76/100|[from] ability: Hospitality|[of] p1b: Sinistcha
|move|p2a: Raichu|Focus Blast|p1a: Aggron
|-supereffective|p1a: Aggron|1
|-damage|p1a: Aggron|23/100
|move|p2b: Kingambit|Kowtow Cleave|p1b: Sinistcha
|-supereffective|p1b: Sinistcha|1
|-enditem|p1b: Sinistcha|Focus Sash
|-damage|p1b: Sinistcha|1/100
|-damage|p2b: Kingambit|80/100|[from] item: Life Orb
|move|p1a: Aggron|Body Press|p2b: Kingambit
|-supereffective|p2b: Kingambit|2
|-damage|p2b: Kingambit|0 fnt
|faint|p2b: Kingambit
|
|upkeep
|
|t:|1786004991
|switch|p2b: Basculegion|Basculegion, L50, M|100/100
|turn|4
|
|t:|1786005002
|move|p1a: Aggron|Protect|p1a: Aggron
|-singleturn|p1a: Aggron|Protect
|move|p2b: Basculegion|Last Respects|p1b: Sinistcha
|-supereffective|p1b: Sinistcha|1
|-damage|p1b: Sinistcha|0 fnt
|faint|p1b: Sinistcha
|move|p2a: Raichu|Focus Blast|p1a: Aggron
|-activate|p1a: Aggron|move: Protect
|
|upkeep
|
|t:|1786005012
|switch|p1b: Incineroar|Incineroar, L50, F|100/100
|-ability|p1b: Incineroar|Intimidate|boost
|-unboost|p2a: Raichu|atk|1
|-unboost|p2b: Basculegion|atk|1
|turn|5
|
|t:|1786005027
|switch|p2b: Incineroar|Incineroar, L50, F|100/100
|-ability|p2b: Incineroar|Intimidate|boost
|-unboost|p1a: Aggron|atk|1
|-unboost|p1b: Incineroar|atk|1
|move|p1b: Incineroar|Fake Out|p2a: Raichu
|-damage|p2a: Raichu|69/100
|cant|p2a: Raichu|flinch
|move|p1a: Aggron|Body Press|p2a: Raichu
|-damage|p2a: Raichu|3/100
|
|upkeep
|turn|6
|inactive|KMMULLER2020 has 30 seconds left.
|inactive|Hawkc10ie has 30 seconds left.
|inactive|KMMULLER2020 has 20 seconds left.
|inactive|Hawkc10ie has 20 seconds left.
|inactive|KMMULLER2020 has 15 seconds left.
|inactive|KMMULLER2020 has 10 seconds left.
|
|t:|1786005073
|move|p2a: Raichu|Protect|p2a: Raichu
|-singleturn|p2a: Raichu|Protect
|move|p1a: Aggron|Protect|p1a: Aggron
|-singleturn|p1a: Aggron|Protect
|move|p2b: Incineroar|Flare Blitz|p1a: Aggron
|-activate|p1a: Aggron|move: Protect
|move|p1b: Incineroar|Parting Shot|p2a: Raichu
|-activate|p2a: Raichu|move: Protect
|
|upkeep
|turn|7
|inactive|KMMULLER2020 has 30 seconds left.
|
|t:|1786005101
|move|p1a: Aggron|Protect|p1a: Aggron
|-singleturn|p1a: Aggron|Protect
|move|p2a: Raichu|Focus Blast|p1b: Incineroar
|-supereffective|p1b: Incineroar|1
|-damage|p1b: Incineroar|31/100
|-enditem|p1b: Incineroar|Sitrus Berry|[eat]
|-heal|p1b: Incineroar|56/100|[from] item: Sitrus Berry
|move|p2b: Incineroar|Flare Blitz|p1a: Aggron
|-activate|p1a: Aggron|move: Protect
|move|p1b: Incineroar|Parting Shot|p2a: Raichu
|-unboost|p2a: Raichu|atk|1
|-unboost|p2a: Raichu|spa|1
|
|t:|1786005112
|switch|p1b: Politoed|Politoed, L50, M|100/100|[from] Parting Shot
|-weather|RainDance|[from] ability: Drizzle|[of] p1b: Politoed
|
|-weather|RainDance|[upkeep]
|upkeep
|turn|8
|
|t:|1786005130
|move|p2a: Raichu|Zap Cannon|p1b: Politoed
|-supereffective|p1b: Politoed|1
|-damage|p1b: Politoed|25/100
|-status|p1b: Politoed|par
|move|p2b: Incineroar|Flare Blitz|p1a: Aggron
|-supereffective|p1a: Aggron|1
|-damage|p1a: Aggron|5/100
|-damage|p2b: Incineroar|94/100|[from] Recoil
|move|p1a: Aggron|Body Press|p2b: Incineroar
|-supereffective|p2b: Incineroar|1
|-damage|p2b: Incineroar|15/100
|move|p1b: Politoed|Weather Ball|p2a: Raichu
|-damage|p2a: Raichu|0 fnt
|faint|p2a: Raichu
|
|-weather|RainDance|[upkeep]
|-heal|p1b: Politoed|31/100 par|[from] item: Leftovers
|upkeep
|
|t:|1786005135
|switch|p2a: Basculegion|Basculegion, L50, M|100/100
|turn|9
|
|t:|1786005150
|switch|p1a: Incineroar|Incineroar, L50, F|56/100
|-ability|p1a: Incineroar|Intimidate|boost
|-unboost|p2a: Basculegion|atk|1
|-unboost|p2b: Incineroar|atk|1
|move|p1b: Politoed|Protect|p1b: Politoed
|-singleturn|p1b: Politoed|Protect
|move|p2a: Basculegion|Wave Crash|p1b: Politoed
|-activate|p1b: Politoed|move: Protect
|move|p2b: Incineroar|Flare Blitz|p1a: Incineroar
|-resisted|p1a: Incineroar|1
|-damage|p1a: Incineroar|50/100g
|-damage|p2b: Incineroar|13/100|[from] Recoil
|
|-weather|RainDance|[upkeep]
|-heal|p1b: Politoed|38/100 par|[from] item: Leftovers
|upkeep
|turn|10
|
|t:|1786005169
|move|p1a: Incineroar|Fake Out|p2b: Incineroar
|-damage|p2b: Incineroar|3/100
|move|p2a: Basculegion|Wave Crash|p1a: Incineroar
|-supereffective|p1a: Incineroar|1
|-damage|p1a: Incineroar|0 fnt
|faint|p1a: Incineroar
|-damage|p2a: Basculegion|82/100|[from] Recoil
|cant|p2b: Incineroar|flinch
|move|p1b: Politoed|Perish Song|p1b: Politoed
|-start|p1b: Politoed|perish3|[silent]
|-start|p2a: Basculegion|perish3|[silent]
|-start|p2b: Incineroar|perish3|[silent]
|-fieldactivate|move: Perish Song
|
|-weather|RainDance|[upkeep]
|-heal|p1b: Politoed|44/100 par|[from] item: Leftovers
|-start|p2a: Basculegion|perish3
|-start|p2b: Incineroar|perish3
|-start|p1b: Politoed|perish3
|upkeep
|
|t:|1786005184
|switch|p1a: Aggron|Aggron-Mega, L50, M|5/100
|turn|11
|
|t:|1786005194
|move|p1a: Aggron|Protect|p1a: Aggron
|-singleturn|p1a: Aggron|Protect
|move|p1b: Politoed|Protect|p1b: Politoed
|-singleturn|p1b: Politoed|Protect
|move|p2a: Basculegion|Wave Crash|p1b: Politoed
|-activate|p1b: Politoed|move: Protect
|move|p2b: Incineroar|Flare Blitz|p1a: Aggron
|-activate|p1a: Aggron|move: Protect
|
|-weather|none
|-heal|p1b: Politoed|50/100g par|[from] item: Leftovers
|-start|p2a: Basculegion|perish2
|-start|p2b: Incineroar|perish2
|-start|p1b: Politoed|perish2
|upkeep
|turn|12
|
|t:|1786005220
|move|p2a: Basculegion|Wave Crash|p1a: Aggron
|-damage|p1a: Aggron|0 fnt
|faint|p1a: Aggron
|-damage|p2a: Basculegion|81/100|[from] Recoil
|move|p2b: Incineroar|Throat Chop|p1b: Politoed
|-crit|p1b: Politoed
|-damage|p1b: Politoed|8/100 par
|-start|p1b: Politoed|Throat Chop|[silent]
|move|p1b: Politoed|Weather Ball|p2b: Incineroar
|-damage|p2b: Incineroar|0 fnt
|faint|p2b: Incineroar
|
|-heal|p1b: Politoed|14/100 par|[from] item: Leftovers
|-start|p2a: Basculegion|perish1
|-start|p1b: Politoed|perish1
|upkeep
|turn|13
|
|t:|1786005234
|move|p1b: Politoed|Protect|p1b: Politoed
|-singleturn|p1b: Politoed|Protect
|move|p2a: Basculegion|Wave Crash|p1b: Politoed
|-activate|p1b: Politoed|move: Protect
|
|-heal|p1b: Politoed|20/100y par|[from] item: Leftovers
|-end|p1b: Politoed|Throat Chop|[silent]
|-start|p2a: Basculegion|perish0
|-start|p1b: Politoed|perish0
|faint|p2a: Basculegion
|faint|p1b: Politoed
|
|win|KMMULLER2020
|raw|KMMULLER2020's rating: 1218 → 1238(+20 for winning)
|raw|Hawkc10ie's rating: 1152 → 1132(-20 for losing)
|c|☆KMMULLER2020|gg
|c|☆Hawkc10ie|Gg
|l|☆Hawkc10ie
|player|p2|
