|j|☆broadfoal
|j|☆lets buy packs
|html|broadfoallets buy packs    
|uhtml|bestof|Game 2 of a best-of-3
|t:|1783895595
|gametype|doubles
|player|p1|broadfoal|101|1032
|player|p2|lets buy packs|red-masters3|1129
|gen|9
|tier|[Gen 9 Champions] VGC 2026 Reg M-B (Bo3)
|rated|
|rule|Species Clause: Limit one of each Pokémon
|rule|Item Clause: Limit 1 of each item
|clearpoke
|poke|p1|Staraptor, L50, F|
|poke|p1|Farigiraf, L50, M|
|poke|p1|Basculegion, L50, M|
|poke|p1|Raichu, L50, M|
|poke|p1|Whimsicott, L50, F|
|poke|p1|Metagross, L50|
|poke|p2|Farigiraf, L50, F|
|poke|p2|Incineroar, L50, F|
|poke|p2|Gardevoir, L50, F, shiny|
|poke|p2|Torkoal, L50, F|
|poke|p2|Mudsdale, L50, F|
|poke|p2|Vivillon-Marine, L50, F|
|teampreview|4
|showteam|p1|Staraptor||Staraptite|Intimidate|CloseCombat,Protect,BraveBird,Tailwind|Jolly||F|||50|]Farigiraf||SitrusBerry|ArmorTail|ExpandingForce,Protect,DazzlingGleam,TrickRoom|Modest||M|||50|]Basculegion||LifeOrb|Adaptability|AquaJet,WaveCrash,Outrage,ShadowBall|Hasty||M|||50|]Raichu||RaichuniteX|Static|VoltTackle,FakeOut,Nuzzle,DrainPunch|Jolly||M|||50|]Whimsicott||FocusSash|Prankster|Tailwind,Charm,Moonblast,Taunt|Hasty||F|||50|]Metagross||Metagrossite|ClearBody|IcePunch,IronHead,ZenHeadbutt,BulletPunch|Brave|||||50|
|showteam|p2|Farigiraf||ColburBerry|ArmorTail|Psychic,Thunderbolt,TrickRoom,Protect|Sassy||F|||50|]Incineroar||BlackGlasses|Intimidate|FakeOut,PartingShot,FlareBlitz,DarkestLariat|Adamant||F|||50|]Gardevoir||Gardevoirite|Telepathy|HyperVoice,Psychic,TrickRoom,Protect|Quiet||F|||50|]Torkoal||Charcoal|Drought|Eruption,Flamethrower,SolarBeam,Protect|Quiet||F|||50|]Mudsdale||LifeOrb|InnerFocus|Earthquake,HighHorsepower,RockSlide,HeavySlam|Brave||F|||50|]Vivillon-Marine||FocusSash|CompoundEyes|Hurricane,RagePowder,SleepPowder,Protect|Timid||F|||50|
|inactive|Battle timer is ON: inactive players will automatically lose when time's up. (requested by lets buy packs)
|
|t:|1783895623
|teamsize|p1|4
|teamsize|p2|4
|start
|switch|p1a: Whimsicott|Whimsicott, L50, F|100/100
|switch|p1b: Staraptor|Staraptor, L50, F|100/100
|switch|p2a: Vivillon|Vivillon-Marine, L50, F|100/100
|switch|p2b: Gardevoir|Gardevoir, L50, F, shiny|100/100
|-ability|p1b: Staraptor|Intimidate|boost
|-unboost|p2a: Vivillon|atk|1
|-unboost|p2b: Gardevoir|atk|1
|turn|1
|inactive|broadfoal has 30 seconds left.
|
|t:|1783895651
|detailschange|p2b: Gardevoir|Gardevoir-Mega, L50, F, shiny
|-mega|p2b: Gardevoir|Gardevoir|Gardevoirite
|move|p1b: Staraptor|Protect|p1b: Staraptor
|-singleturn|p1b: Staraptor|Protect
|move|p1a: Whimsicott|Taunt|p2a: Vivillon
|-start|p2a: Vivillon|move: Taunt
|move|p2a: Vivillon|Hurricane|p1b: Staraptor
|-activate|p1b: Staraptor|move: Protect
|move|p2b: Gardevoir|Hyper Voice|p1b: Staraptor|[spread] p1a
|-activate|p1b: Staraptor|move: Protect
|-damage|p1a: Whimsicott|17/100
|
|upkeep
|turn|2
|
|t:|1783895675
|detailschange|p1b: Staraptor|Staraptor-Mega, L50, F
|-mega|p1b: Staraptor|Staraptor|Staraptite
|move|p1a: Whimsicott|Charm|p1b: Staraptor
|-boost|p1b: Staraptor|atk|2
|move|p1b: Staraptor|Brave Bird|p2b: Gardevoir
|-damage|p2b: Gardevoir|0 fnt
|faint|p2b: Gardevoir
|-damage|p1b: Staraptor|63/100|[from] Recoil
|move|p2a: Vivillon|Hurricane|p1b: Staraptor
|-supereffective|p1b: Staraptor|1
|-damage|p1b: Staraptor|0 fnt
|faint|p1b: Staraptor
|
|upkeep
|
|t:|1783895682
|switch|p1b: Metagross|Metagross, L50|100/100
|switch|p2b: Farigiraf|Farigiraf, L50, F|100/100
|turn|3
|
|t:|1783895693
|move|p1a: Whimsicott|Taunt||[still]
|cant|p2b: Farigiraf|ability: Armor Tail|Taunt|[of] p1a: Whimsicott
|move|p2a: Vivillon|Hurricane|p1a: Whimsicott
|-supereffective|p1a: Whimsicott|1
|-damage|p1a: Whimsicott|0 fnt
|faint|p1a: Whimsicott
|move|p1b: Metagross|Iron Head|p2a: Vivillon
|-damage|p2a: Vivillon|7/100
|move|p2b: Farigiraf|Trick Room|p2b: Farigiraf
|-fieldstart|move: Trick Room|[of] p2b: Farigiraf
|
|-end|p2a: Vivillon|move: Taunt
|upkeep
|
|t:|1783895697
|switch|p1a: Basculegion|Basculegion, L50, M|100/100
|turn|4
|
|t:|1783895710
|move|p2b: Farigiraf|Thunderbolt|p1a: Basculegion
|-supereffective|p1a: Basculegion|1
|-damage|p1a: Basculegion|50/100g
|move|p1b: Metagross|Iron Head|p2a: Vivillon
|-damage|p2a: Vivillon|0 fnt
|faint|p2a: Vivillon
|move|p1a: Basculegion|Wave Crash|p2b: Farigiraf
|-damage|p2b: Farigiraf|12/100
|-damage|p1a: Basculegion|17/100|[from] Recoil
|-damage|p1a: Basculegion|7/100|[from] item: Life Orb
|
|upkeep
|
|t:|1783895713
|switch|p2a: Mudsdale|Mudsdale, L50, F|100/100
|turn|5
|
|t:|1783895720
|move|p2b: Farigiraf|Protect|p2b: Farigiraf
|-singleturn|p2b: Farigiraf|Protect
|move|p2a: Mudsdale|Earthquake|p1b: Metagross|[spread] p1a,p1b
|-activate|p2b: Farigiraf|move: Protect
|-supereffective|p1b: Metagross|1
|-damage|p1a: Basculegion|0 fnt
|-damage|p1b: Metagross|4/100
|faint|p1a: Basculegion
|-damage|p2a: Mudsdale|90/100|[from] item: Life Orb
|move|p1b: Metagross|Iron Head|p2b: Farigiraf
|-activate|p2b: Farigiraf|move: Protect
|
|upkeep
|turn|6
|-message|broadfoal forfeited.
|
|win|lets buy packs
|raw|broadfoal's rating: 1032 → 1021(-11 for losing)
|raw|lets buy packs's rating: 1129 → 1147(+18 for winning)
