|j|☆Clipperkimg
|j|☆Garden Monke
|html|ClipperkimgGarden Monke    
|uhtml|bestof|Game 2 of a best-of-3
|t:|1785101802
|gametype|doubles
|player|p1|Clipperkimg|266|1040
|player|p2|Garden Monke|giacomo|1136
|gen|9
|tier|[Gen 9 Champions] VGC 2026 Reg M-B (Bo3)
|rated|
|rule|Species Clause: Limit one of each Pokémon
|rule|Item Clause: Limit 1 of each item
|clearpoke
|poke|p1|Raichu, L50, M|
|poke|p1|Farigiraf, L50, M|
|poke|p1|Mawile, L50, F|
|poke|p1|Garchomp, L50, F|
|poke|p1|Vivillon, L50, M|
|poke|p1|Torkoal, L50, M|
|poke|p2|Garchomp, L50, M|
|poke|p2|Venusaur, L50, F|
|poke|p2|Incineroar, L50, F|
|poke|p2|Charizard, L50, M|
|poke|p2|Toxapex, L50, F|
|poke|p2|Annihilape, L50, M|
|teampreview|4
|showteam|p1|Raichu||RaichuniteY|Static|GrassKnot,ZapCannon,FocusBlast,Protect|Timid||M|||50|]Farigiraf||SitrusBerry|ArmorTail|Psychic,TrickRoom,HelpingHand,Thunderbolt|Relaxed||M|||50|]Mawile||Mawilite|HyperCutter|PlayRough,RockSlide,SuckerPunch,Protect|Adamant||F|||50|]Garchomp||LifeOrb|RoughSkin|Earthquake,DragonClaw,RockSlide,Protect|Jolly||F|||50|]Vivillon||FocusSash|CompoundEyes|SleepPowder,Hurricane,RagePowder,Protect|Timid||M|||50|]Torkoal||Charcoal|Drought|Eruption,EarthPower,WeatherBall,Protect|Quiet||M|||50|
|showteam|p2|Garchomp||ChoiceScarf|RoughSkin|Earthquake,RockSlide,DragonClaw,StompingTantrum|Adamant||M|||50|]Venusaur||LifeOrb|Chlorophyll|SludgeBomb,SolarBeam,EarthPower,Protect|Modest||F|||50|]Incineroar||SitrusBerry|Intimidate|FakeOut,FlareBlitz,ThroatChop,PartingShot|Impish||F|||50|]Charizard||CharizarditeY|Blaze|HeatWave,WeatherBall,Protect,HelpingHand|Modest||M|||50|]Toxapex||Leftovers|Regenerator|Infestation,Toxic,WideGuard,BanefulBunker|Impish||F|||50|]Annihilape||FocusSash|Defiant|CloseCombat,PhantomForce,RockTomb,Protect|Jolly||M|||50|
|inactive|Battle timer is ON: inactive players will automatically lose when time's up. (requested by Garden Monke)
|
|t:|1785101813
|teamsize|p1|4
|teamsize|p2|4
|start
|switch|p1a: Garchomp|Garchomp, L50, F|100/100
|switch|p1b: Vivillon|Vivillon, L50, M|100/100
|switch|p2a: Charizard|Charizard, L50, M|100/100
|switch|p2b: Garchomp|Garchomp, L50, M|100/100
|turn|1
|inactive|Clipperkimg has 30 seconds left.
|
|t:|1785101839
|detailschange|p2a: Charizard|Charizard-Mega-Y, L50, M
|-mega|p2a: Charizard|Charizard|Charizardite Y
|-weather|SunnyDay|[from] ability: Drought|[of] p2a: Charizard
|move|p2a: Charizard|Helping Hand|p2b: Garchomp
|-singleturn|p2b: Garchomp|Helping Hand|[of] p2a: Charizard
|move|p2b: Garchomp|Dragon Claw|p1a: Garchomp
|-supereffective|p1a: Garchomp|1
|-damage|p1a: Garchomp|0 fnt
|-damage|p2b: Garchomp|87/100|[from] ability: Rough Skin|[of] p1a: Garchomp
|faint|p1a: Garchomp
|move|p1b: Vivillon|Sleep Powder|p2a: Charizard
|-status|p2a: Charizard|slp|[from] move: Sleep Powder
|
|-weather|SunnyDay|[upkeep]
|upkeep
|
|t:|1785101853
|switch|p1a: Farigiraf|Farigiraf, L50, M|100/100
|turn|2
|
|t:|1785101866
|move|p1b: Vivillon|Rage Powder|p1b: Vivillon
|-singleturn|p1b: Vivillon|move: Rage Powder
|move|p2b: Garchomp|Dragon Claw|p1b: Vivillon
|-damage|p1b: Vivillon|19/100
|cant|p2a: Charizard|slp
|move|p1a: Farigiraf|Trick Room|p1a: Farigiraf
|-fieldstart|move: Trick Room|[of] p1a: Farigiraf
|
|-weather|SunnyDay|[upkeep]
|upkeep
|turn|3
|
|t:|1785101880
|switch|p1b: Torkoal|Torkoal, L50, M|100/100
|switch|p2b: Incineroar|Incineroar, L50, F|100/100
|-ability|p2b: Incineroar|Intimidate|boost
|-unboost|p1a: Farigiraf|atk|1
|-unboost|p1b: Torkoal|atk|1
|move|p1a: Farigiraf|Thunderbolt|p2a: Charizard
|-supereffective|p2a: Charizard|1
|-damage|p2a: Charizard|62/100 slp
|-curestatus|p2a: Charizard|slp|[msg]
|move|p2a: Charizard|Heat Wave|p1b: Torkoal|[spread] p1a,p1b
|-resisted|p1b: Torkoal|1
|-damage|p1a: Farigiraf|44/100
|-damage|p1b: Torkoal|57/100
|-enditem|p1a: Farigiraf|Sitrus Berry|[eat]
|-heal|p1a: Farigiraf|69/100|[from] item: Sitrus Berry
|
|-weather|SunnyDay|[upkeep]
|upkeep
|turn|4
|inactive|Garden Monke has 30 seconds left.
|
|t:|1785101907
|move|p2a: Charizard|Protect|p2a: Charizard
|-singleturn|p2a: Charizard|Protect
|move|p1b: Torkoal|Earth Power|p2b: Incineroar
|-supereffective|p2b: Incineroar|1
|-damage|p2b: Incineroar|50/100g
|move|p1a: Farigiraf|Thunderbolt|p2a: Charizard
|-activate|p2a: Charizard|move: Protect
|move|p2b: Incineroar|Parting Shot|p1a: Farigiraf
|-unboost|p1a: Farigiraf|atk|1
|-unboost|p1a: Farigiraf|spa|1
|
|t:|1785101920
|switch|p2b: Toxapex|Toxapex, L50, F|100/100|[from] Parting Shot
|
|-weather|SunnyDay|[upkeep]
|upkeep
|turn|5
|
|t:|1785101932
|switch|p2a: Incineroar|Incineroar, L50, F|50/100g
|-ability|p2a: Incineroar|Intimidate|boost
|-unboost|p1a: Farigiraf|atk|1
|-unboost|p1b: Torkoal|atk|1
|move|p1b: Torkoal|Earth Power|p2b: Toxapex
|-supereffective|p2b: Toxapex|1
|-damage|p2b: Toxapex|61/100
|move|p2b: Toxapex|Toxic|p1a: Farigiraf
|-status|p1a: Farigiraf|tox
|move|p1a: Farigiraf|Thunderbolt|p2a: Incineroar
|-damage|p2a: Incineroar|35/100
|-status|p2a: Incineroar|par
|-enditem|p2a: Incineroar|Sitrus Berry|[eat]
|-heal|p2a: Incineroar|60/100 par|[from] item: Sitrus Berry
|
|-weather|none
|-heal|p2b: Toxapex|67/100|[from] item: Leftovers
|-damage|p1a: Farigiraf|63/100 tox|[from] psn
|upkeep
|turn|6
|inactive|Clipperkimg has 30 seconds left.
|inactive|Garden Monke has 30 seconds left.
|
|t:|1785101961
|switch|p2a: Charizard|Charizard-Mega-Y, L50, M|62/100
|-weather|SunnyDay|[from] ability: Drought|[of] p2a: Charizard
|switch|p1a: Vivillon|Vivillon, L50, M|19/100
|move|p1b: Torkoal|Earth Power|p2a: Charizard
|-immune|p2a: Charizard
|move|p2b: Toxapex|Infestation|p1a: Vivillon
|-resisted|p1a: Vivillon|1
|-damage|p1a: Vivillon|17/100
|-activate|p1a: Vivillon|move: Infestation|[of] p2b: Toxapex
|
|-weather|SunnyDay|[upkeep]
|-heal|p2b: Toxapex|73/100|[from] item: Leftovers
|-damage|p1a: Vivillon|5/100|[from] move: Infestation|[partiallytrapped]
|-fieldend|move: Trick Room
|upkeep
|turn|7
|
|t:|1785101985
|-heal|p2b: Toxapex|100/100|[from] ability: Regenerator|[silent]
|switch|p2b: Incineroar|Incineroar, L50, F|60/100 par
|-ability|p2b: Incineroar|Intimidate|boost
|-unboost|p1a: Vivillon|atk|1
|-unboost|p1b: Torkoal|atk|1
|move|p2a: Charizard|Protect|p2a: Charizard
|-singleturn|p2a: Charizard|Protect
|move|p1a: Vivillon|Sleep Powder|p2a: Charizard
|-activate|p2a: Charizard|move: Protect
|move|p1b: Torkoal|Earth Power|p2b: Incineroar
|-supereffective|p2b: Incineroar|1
|-damage|p2b: Incineroar|9/100 par
|
|-weather|SunnyDay|[upkeep]
|-end|p1a: Vivillon|Infestation|[partiallytrapped]|[silent]
|upkeep
|turn|8
|inactive|Garden Monke has 30 seconds left.
|
|t:|1785102017
|switch|p2a: Garchomp|Garchomp, L50, M|87/100
|cant|p2b: Incineroar|par
|move|p1a: Vivillon|Sleep Powder|p2a: Garchomp
|-status|p2a: Garchomp|slp|[from] move: Sleep Powder
|move|p1b: Torkoal|Earth Power|p2b: Incineroar
|-supereffective|p2b: Incineroar|1
|-damage|p2b: Incineroar|0 fnt
|faint|p2b: Incineroar
|
|-weather|SunnyDay|[upkeep]
|upkeep
|
|t:|1785102032
|switch|p2b: Charizard|Charizard-Mega-Y, L50, M|62/100
|turn|9
|
|t:|1785102046
|move|p1b: Torkoal|Protect|p1b: Torkoal
|-singleturn|p1b: Torkoal|Protect
|cant|p2a: Garchomp|slp
|move|p1a: Vivillon|Sleep Powder|p2b: Charizard
|-status|p2b: Charizard|slp|[from] move: Sleep Powder
|cant|p2b: Charizard|slp
|
|-weather|SunnyDay|[upkeep]
|upkeep
|turn|10
|
|t:|1785102058
|cant|p2a: Garchomp|slp
|move|p1a: Vivillon|Hurricane|p2a: Garchomp|[miss]
|-miss|p1a: Vivillon|p2a: Garchomp
|cant|p2b: Charizard|slp
|move|p1b: Torkoal|Earth Power|p2a: Garchomp
|-damage|p2a: Garchomp|62/100 slp
|
|-weather|none
|upkeep
|turn|11
|
|t:|1785102073
|switch|p2b: Toxapex|Toxapex, L50, F|100/100
|-curestatus|p2a: Garchomp|slp|[msg]
|move|p2a: Garchomp|Rock Slide|p1a: Vivillon|[spread] p1a,p1b
|-supereffective|p1a: Vivillon|2
|-supereffective|p1b: Torkoal|1
|-damage|p1a: Vivillon|0 fnt
|-damage|p1b: Torkoal|24/100
|faint|p1a: Vivillon
|move|p1b: Torkoal|Earth Power|p2a: Garchomp
|-damage|p2a: Garchomp|36/100
|
|upkeep
|
|t:|1785102081
|switch|p1a: Farigiraf|Farigiraf, L50, M|63/100 tox
|turn|12
|
|t:|1785102091
|move|p2a: Garchomp|Rock Slide|p1b: Torkoal|[spread] p1a,p1b
|-supereffective|p1b: Torkoal|1
|-damage|p1a: Farigiraf|46/100 tox
|-damage|p1b: Torkoal|0 fnt
|faint|p1b: Torkoal
|move|p2b: Toxapex|Infestation|p1a: Farigiraf
|-supereffective|p1a: Farigiraf|1
|-damage|p1a: Farigiraf|41/100 tox
|-activate|p1a: Farigiraf|move: Infestation|[of] p2b: Toxapex
|move|p1a: Farigiraf|Trick Room|p1a: Farigiraf
|-fieldstart|move: Trick Room|[of] p1a: Farigiraf
|
|-damage|p1a: Farigiraf|35/100 tox|[from] psn
|-damage|p1a: Farigiraf|22/100 tox|[from] move: Infestation|[partiallytrapped]
|upkeep
|turn|13
|
|t:|1785102105
|switch|p2a: Charizard|Charizard-Mega-Y, L50, M|62/100 slp
|-weather|SunnyDay|[from] ability: Drought|[of] p2a: Charizard
|move|p2b: Toxapex|Baneful Bunker|p2b: Toxapex
|-singleturn|p2b: Toxapex|move: Protect
|move|p1a: Farigiraf|Psychic|p2b: Toxapex
|-activate|p2b: Toxapex|move: Protect
|
|-weather|SunnyDay|[upkeep]
|-damage|p1a: Farigiraf|10/100 tox|[from] psn
|-damage|p1a: Farigiraf|0 fnt|[from] move: Infestation|[partiallytrapped]
|faint|p1a: Farigiraf
|
|win|Garden Monke
|raw|Clipperkimg's rating: 1040 → 1028(-12 for losing)
|raw|Garden Monke's rating: 1136 → 1154(+18 for winning)
|l|☆Clipperkimg
|player|p1|
