|j|☆BackpackerRaden
|j|☆Money03
|html|BackpackerRadenMoney03    
|uhtml|bestof|Game 3 of a best-of-3
|t:|1755631901
|gametype|doubles
|player|p1|BackpackerRaden|backpacker|1226
|player|p2|Money03|wattson|1140
|gen|9
|tier|[Gen 9] VGC 2025 Reg H (Bo3)
|rated|
|rule|Species Clause: Limit one of each Pokémon
|rule|Item Clause: Limit 1 of each item
|clearpoke
|poke|p1|Tyranitar, L50, F|
|poke|p1|Volcarona, L50, M|
|poke|p1|Amoonguss, L50, F|
|poke|p1|Gothitelle, L50, F|
|poke|p1|Basculegion, L50, M|
|poke|p2|Volcarona, L50, F|
|poke|p2|Rillaboom, L50, M|
|poke|p2|Electabuzz, L50, F|
|poke|p2|Dragonite, L50, M|
|poke|p2|Kingambit, L50, M|
|poke|p2|Sneasler, L50, F|
|teampreview|4
|showteam|p1|Tyranitar||AssaultVest|SandStream|RockSlide,KnockOff,LowKick,StoneEdge|||F|||50|,,,,,Poison]Volcarona||CovertCloak|FlameBody|HeatWave,QuiverDance,Protect,GigaDrain|||M|||50|,,,,,Grass]Amoonguss||RockyHelmet|Regenerator|RagePowder,SludgeBomb,Protect,Spore|||F|||50|,,,,,Fairy]Gothitelle||SitrusBerry|ShadowTag|FakeOut,Psychic,TrickRoom,Protect|||F|||50|,,,,,Water]Basculegion||ChoiceScarf|Adaptability|WaveCrash,FlipTurn,LastRespects,AquaJet|||M|||50|,,,,,Water
|showteam|p2|Volcarona||Leftovers|FlameBody|HeatWave,TeraBlast,QuiverDance,Protect|||F|||50|,,,,,Fairy]Rillaboom||AssaultVest|GrassySurge|WoodHammer,GrassyGlide,HighHorsepower,FakeOut|||M|||50|,,,,,Fire]Electabuzz||Eviolite|VitalSpirit|Thunderbolt,FollowMe,Taunt,Protect|||F|||50|,,,,,Ghost]Dragonite||LoadedDice|Multiscale|ScaleShot,ExtremeSpeed,Haze,Protect|||M|||50|,,,,,Steel]Kingambit||BlackGlasses|Defiant|KowtowCleave,SuckerPunch,SwordsDance,Protect|||M|||50|,,,,,Dark]Sneasler||FocusSash|Unburden|CloseCombat,DireClaw,Coaching,Protect|||F|||50|,,,,,Stellar
|inactive|Battle timer is ON: inactive players will automatically lose when time's up. (requested by Money03)
|inactive|Money03 has 60 seconds left.
|
|t:|1755631967
|teamsize|p1|4
|teamsize|p2|4
|start
|switch|p1a: Volcarona|Volcarona, L50, M|100/100
|switch|p1b: Amoonguss|Amoonguss, L50, F|100/100
|switch|p2a: Dragonite|Dragonite, L50, M|100/100
|switch|p2b: Rillaboom|Rillaboom, L50, M|100/100
|-fieldstart|move: Grassy Terrain|[from] ability: Grassy Surge|[of] p2b: Rillaboom
|turn|1
|
|t:|1755631987
|move|p2b: Rillaboom|Fake Out|p1b: Amoonguss
|-damage|p1b: Amoonguss|89/100
|-damage|p2b: Rillaboom|84/100|[from] item: Rocky Helmet|[of] p1b: Amoonguss
|move|p1a: Volcarona|Heat Wave|p2b: Rillaboom|[spread] p2a,p2b
|-resisted|p2a: Dragonite
|-supereffective|p2b: Rillaboom
|-damage|p2a: Dragonite|90/100
|-damage|p2b: Rillaboom|32/100
|move|p2a: Dragonite|Scale Shot|p1a: Volcarona
|-damage|p1a: Volcarona|78/100
|-damage|p1a: Volcarona|58/100
|-damage|p1a: Volcarona|35/100
|-damage|p1a: Volcarona|12/100
|-damage|p1a: Volcarona|0 fnt
|faint|p1a: Volcarona
|-hitcount|p1: Volcarona|5
|-unboost|p2a: Dragonite|def|1
|-boost|p2a: Dragonite|spe|1
|cant|p1b: Amoonguss|flinch
|
|-heal|p2b: Rillaboom|38/100|[from] Grassy Terrain
|-heal|p1b: Amoonguss|95/100|[from] Grassy Terrain
|upkeep
|
|t:|1755631993
|switch|p1a: Tyranitar|Tyranitar, L50, F|100/100
|-weather|Sandstorm|[from] ability: Sand Stream|[of] p1a: Tyranitar
|turn|2
|inactive|Money03 has 30 seconds left.
|inactive|Money03 has 20 seconds left.
|
|t:|1755632030
|-terastallize|p2a: Dragonite|Steel
|-terastallize|p1a: Tyranitar|Poison
|move|p2a: Dragonite|Extreme Speed|p1a: Tyranitar
|-damage|p1a: Tyranitar|76/100
|move|p2b: Rillaboom|High Horsepower|p1a: Tyranitar
|-supereffective|p1a: Tyranitar
|-damage|p1a: Tyranitar|22/100
|move|p1a: Tyranitar|Rock Slide|p2b: Rillaboom|[spread] p2a,p2b
|-resisted|p2a: Dragonite
|-damage|p2a: Dragonite|62/100
|-damage|p2b: Rillaboom|7/100
|move|p1b: Amoonguss|Spore|p2a: Dragonite
|-status|p2a: Dragonite|slp|[from] move: Spore
|
|-weather|Sandstorm|[upkeep]
|-damage|p2b: Rillaboom|1/100|[from] Sandstorm
|-damage|p1a: Tyranitar|17/100|[from] Sandstorm
|-damage|p1b: Amoonguss|89/100|[from] Sandstorm
|-heal|p2a: Dragonite|68/100 slp|[from] Grassy Terrain
|-heal|p2b: Rillaboom|7/100|[from] Grassy Terrain
|-heal|p1a: Tyranitar|22/100|[from] Grassy Terrain
|-heal|p1b: Amoonguss|95/100|[from] Grassy Terrain
|upkeep
|turn|3
|inactive|Money03 has 30 seconds left.
|
|t:|1755632059
|switch|p1a: Gothitelle|Gothitelle, L50, F|100/100
|cant|p2a: Dragonite|slp
|move|p2b: Rillaboom|High Horsepower|p1a: Gothitelle
|-damage|p1a: Gothitelle|64/100
|move|p1b: Amoonguss|Sludge Bomb|p2b: Rillaboom
|-supereffective|p2b: Rillaboom
|-damage|p2b: Rillaboom|0 fnt
|faint|p2b: Rillaboom
|
|-weather|Sandstorm|[upkeep]
|-damage|p1a: Gothitelle|58/100|[from] Sandstorm
|-damage|p1b: Amoonguss|89/100|[from] Sandstorm
|-heal|p2a: Dragonite|74/100 slp|[from] Grassy Terrain
|-heal|p1a: Gothitelle|64/100|[from] Grassy Terrain
|-heal|p1b: Amoonguss|95/100|[from] Grassy Terrain
|upkeep
|
|t:|1755632073
|switch|p2b: Electabuzz|Electabuzz, L50, F|100/100
|turn|4
|
|t:|1755632086
|move|p2b: Electabuzz|Protect|p2b: Electabuzz
|-singleturn|p2b: Electabuzz|Protect
|-curestatus|p2a: Dragonite|slp|[msg]
|move|p2a: Dragonite|Scale Shot|p1a: Gothitelle
|-damage|p1a: Gothitelle|49/100
|-enditem|p1a: Gothitelle|Sitrus Berry|[eat]
|-heal|p1a: Gothitelle|74/100|[from] item: Sitrus Berry
|-damage|p1a: Gothitelle|58/100
|-damage|p1a: Gothitelle|41/100
|-damage|p1a: Gothitelle|25/100
|-damage|p1a: Gothitelle|10/100
|-hitcount|p1a: Gothitelle|5
|-unboost|p2a: Dragonite|def|1
|-boost|p2a: Dragonite|spe|1
|move|p1a: Gothitelle|Psychic|p2a: Dragonite
|-resisted|p2a: Dragonite
|-damage|p2a: Dragonite|57/100
|-unboost|p2a: Dragonite|spd|1
|move|p1b: Amoonguss|Sludge Bomb|p2b: Electabuzz
|-activate|p2b: Electabuzz|move: Protect
|
|-weather|Sandstorm|[upkeep]
|-damage|p2b: Electabuzz|95/100|[from] Sandstorm
|-damage|p1a: Gothitelle|4/100|[from] Sandstorm
|-damage|p1b: Amoonguss|89/100|[from] Sandstorm
|-heal|p2a: Dragonite|63/100|[from] Grassy Terrain
|-heal|p2b: Electabuzz|100/100|[from] Grassy Terrain
|-heal|p1a: Gothitelle|10/100|[from] Grassy Terrain
|-heal|p1b: Amoonguss|95/100|[from] Grassy Terrain
|upkeep
|turn|5
|-message|BackpackerRaden forfeited.
|raw|BackpackerRaden's rating: 1226 → 1195(-31 for losing)
|raw|Money03's rating: 1140 → 1171(+31 for winning)
|
|win|Money03
|l|☆BackpackerRaden
|player|p1|
