|j|☆Quill86
|j|☆RustyTacos27
|html|Quill86RustyTacos27    
|uhtml|bestof|Game 2 of a best-of-3
|t:|1756673901
|gametype|doubles
|player|p1|Quill86|lucas|1222
|player|p2|RustyTacos27|102|1241
|gen|9
|tier|[Gen 9] VGC 2025 Reg H (Bo3)
|rated|
|rule|Species Clause: Limit one of each Pokémon
|rule|Item Clause: Limit 1 of each item
|clearpoke
|poke|p1|Indeedee-F, L50, F|
|poke|p1|Gallade, L50, M|
|poke|p1|Torkoal, L50, M|
|poke|p1|Ursaluna, L50, M|
|poke|p1|Hatterene, L50, F|
|poke|p1|Smeargle, L50, F|
|poke|p2|Sneasler, L50, F|
|poke|p2|Indeedee, L50, M|
|poke|p2|Volcarona, L50, M|
|poke|p2|Ursaluna-Bloodmoon, L50, M|
|poke|p2|Annihilape, L50, M|
|poke|p2|Tyranitar, L50, M|
|teampreview|4
|showteam|p1|Indeedee-F||PsychicSeed|PsychicSurge|FollowMe,TrickRoom,HelpingHand,DazzlingGleam|||F|||50|,,,,,Fairy]Gallade||ClearAmulet|Sharpness|SacredSword,PsychoCut,WideGuard,TrickRoom|||M|||50|,,,,,Grass]Torkoal||ChoiceSpecs|Drought|Eruption,WeatherBall,EarthPower,HeatWave|||M|||50|,,,,,Fire]Ursaluna||FlameOrb|Guts|Protect,HeadlongRush,Facade,Earthquake|||M|||50|,,,,,Ghost]Hatterene||LifeOrb|MagicBounce|DazzlingGleam,ExpandingForce,MysticalFire,TrickRoom|||F|||50|,,,,,Fire]Smeargle||FocusSash|Moody|FakeOut,Spore,Decorate,FollowMe|||F|||50|,,,,,Ghost
|showteam|p2|Sneasler||PsychicSeed|Unburden|CloseCombat,DireClaw,ThroatChop,Protect|||F|||50|,,,,,Dark]Indeedee||ChoiceScarf|PsychicSurge|ExpandingForce,TeraBlast,Trick,Protect|||M|||50|,,,,,Psychic]Volcarona||SitrusBerry|FlameBody|Overheat,StruggleBug,RagePowder,Tailwind|||M|||50|,,,,,Grass]Ursaluna-Bloodmoon||LifeOrb|MindsEye|BloodMoon,HyperVoice,EarthPower,Protect|||M|||50|,,,,,Normal]Annihilape||SafetyGoggles|Defiant|CloseCombat,RageFist,Taunt,FinalGambit|||M|||50|,,,,,Fairy]Tyranitar||AssaultVest|SandStream|RockSlide,KnockOff,TeraBlast,LowKick|||M|||50|,,,,,Flying
|inactive|Battle timer is ON: inactive players will automatically lose when time's up. (requested by Quill86)
|
|t:|1756673919
|teamsize|p1|4
|teamsize|p2|4
|start
|switch|p1a: Indeedee|Indeedee-F, L50, F|100/100
|switch|p1b: Gallade|Gallade, L50, M|100/100
|switch|p2a: Indeedee|Indeedee, L50, M|100/100
|switch|p2b: Volcarona|Volcarona, L50, M|100/100
|-fieldstart|move: Psychic Terrain|[from] ability: Psychic Surge|[of] p2a: Indeedee
|-enditem|p1a: Indeedee|Psychic Seed
|-boost|p1a: Indeedee|spd|1|[from] item: Psychic Seed
|turn|1
|j| SvenV2
|
|t:|1756673938
|move|p2a: Indeedee|Expanding Force|p1b: Gallade|[spread] p1a,p1b
|-resisted|p1a: Indeedee
|-damage|p1a: Indeedee|84/100
|-damage|p1b: Gallade|51/100
|move|p2b: Volcarona|Struggle Bug|p1a: Indeedee|[spread] p1a,p1b
|-supereffective|p1a: Indeedee
|-damage|p1a: Indeedee|62/100
|-damage|p1b: Gallade|36/100
|-unboost|p1a: Indeedee|spa|1
|move|p1b: Gallade|Psycho Cut|p2b: Volcarona
|-damage|p2b: Volcarona|4/100
|-enditem|p2b: Volcarona|Sitrus Berry|[eat]
|-heal|p2b: Volcarona|29/100|[from] item: Sitrus Berry
|move|p1a: Indeedee|Trick Room|p1a: Indeedee
|-fieldstart|move: Trick Room|[of] p1a: Indeedee
|
|upkeep
|turn|2
|
|t:|1756673957
|switch|p1a: Hatterene|Hatterene, L50, F|100/100
|switch|p2b: Tyranitar|Tyranitar, L50, M|100/100
|-weather|Sandstorm|[from] ability: Sand Stream|[of] p2b: Tyranitar
|move|p1b: Gallade|Psycho Cut|p2b: Tyranitar
|-immune|p2b: Tyranitar
|move|p2a: Indeedee|Expanding Force|p1a: Hatterene|[spread] p1a,p1b
|-resisted|p1a: Hatterene
|-damage|p1a: Hatterene|69/100
|-damage|p1b: Gallade|0 fnt
|faint|p1b: Gallade
|
|-weather|Sandstorm|[upkeep]
|-damage|p1a: Hatterene|63/100|[from] Sandstorm
|-damage|p2a: Indeedee|95/100|[from] Sandstorm
|upkeep
|
|t:|1756673962
|switch|p1b: Torkoal|Torkoal, L50, M|100/100
|-weather|SunnyDay|[from] ability: Drought|[of] p1b: Torkoal
|turn|3
|
|t:|1756673978
|switch|p2b: Volcarona|Volcarona, L50, M|29/100
|-terastallize|p1b: Torkoal|Fire
|move|p1b: Torkoal|Eruption|p2a: Indeedee|[spread] p2a,p2b
|-damage|p2a: Indeedee|0 fnt
|-damage|p2b: Volcarona|0 fnt
|faint|p2a: Indeedee
|faint|p2b: Volcarona
|move|p1a: Hatterene|Dazzling Gleam|p2: Indeedee|[notarget]
|-fail|p1a: Hatterene
|
|-weather|SunnyDay|[upkeep]
|upkeep
|
|t:|1756673981
|switch|p2a: Tyranitar|Tyranitar, L50, M|100/100
|switch|p2b: Ursaluna|Ursaluna-Bloodmoon, L50, M|100/100
|-weather|Sandstorm|[from] ability: Sand Stream|[of] p2a: Tyranitar
|turn|4
|
|t:|1756673997
|-terastallize|p2a: Tyranitar|Flying
|move|p2b: Ursaluna|Protect|p2b: Ursaluna
|-singleturn|p2b: Ursaluna|Protect
|move|p1b: Torkoal|Eruption|p2b: Ursaluna|[spread] p2a
|-activate|p2b: Ursaluna|move: Protect
|-damage|p2a: Tyranitar|44/100
|move|p1a: Hatterene|Dazzling Gleam|p2a: Tyranitar|[spread] p2a
|-activate|p2b: Ursaluna|move: Protect
|-damage|p2a: Tyranitar|15/100
|-damage|p1a: Hatterene|53/100|[from] item: Life Orb
|move|p2a: Tyranitar|Rock Slide|p1a: Hatterene|[spread] p1a,p1b
|-supereffective|p1b: Torkoal
|-damage|p1a: Hatterene|16/100
|-damage|p1b: Torkoal|53/100
|
|-weather|Sandstorm|[upkeep]
|-damage|p1b: Torkoal|47/100|[from] Sandstorm
|-damage|p1a: Hatterene|10/100|[from] Sandstorm
|-damage|p2a: Tyranitar|9/100|[from] Sandstorm
|upkeep
|turn|5
|
|t:|1756674017
|move|p1b: Torkoal|Eruption|p2a: Tyranitar|[spread] p2a,p2b
|-damage|p2a: Tyranitar|0 fnt
|-damage|p2b: Ursaluna|42/100
|faint|p2a: Tyranitar
|move|p1a: Hatterene|Expanding Force|p2b: Ursaluna
|-damage|p2b: Ursaluna|0 fnt
|faint|p2b: Ursaluna
|-damage|p1a: Hatterene|0 fnt|[from] item: Life Orb
|faint|p1a: Hatterene
|
|win|Quill86
|raw|Quill86's rating: 1222 → 1248(+26 for winning)
|raw|RustyTacos27's rating: 1241 → 1215(-26 for losing)
|l|☆RustyTacos27
|player|p2|
