|j|☆TapuYolo VGC
|j|☆bonomia
|html|TapuYolo VGCbonomia    
|uhtml|bestof|Game 3 of a best-of-3
|t:|1782576552
|gametype|doubles
|player|p1|TapuYolo VGC|iris|
|player|p2|bonomia|265|
|gen|9
|tier|[Gen 9 Champions] VGC 2026 Reg M-B (Bo3)
|rule|Species Clause: Limit one of each Pokémon
|rule|Item Clause: Limit 1 of each item
|clearpoke
|poke|p1|Eelektross, L50, F|
|poke|p1|Delphox, L50, F|
|poke|p1|Ninetales-Alola, L50, F|
|poke|p1|Garchomp, L50, M|
|poke|p1|Kingambit, L50, M|
|poke|p1|Whimsicott, L50, F|
|poke|p2|Venusaur, L50, F|
|poke|p2|Grimmsnarl, L50, M|
|poke|p2|Rotom-Wash, L50|
|poke|p2|Talonflame, L50, F|
|poke|p2|Garchomp, L50, M|
|poke|p2|Kingambit, L50, F|
|teampreview|4
|showteam|p1|Eelektross||Eelektrossite|Levitate|ThunderPunch,DrainPunch,Coil,Protect|Adamant||F|||50|]Delphox||Delphoxite|Blaze|HeatWave,Psychic,WillOWisp,Protect|Timid||F|||50|]Ninetales-Alola||NeverMeltIce|SnowWarning|Blizzard,FreezeDry,Moonblast,Protect|Timid||F|||50|]Garchomp||ExpertBelt|RoughSkin|DragonClaw,Earthquake,RockSlide,Protect|Jolly||M|||50|]Kingambit||BlackGlasses|Defiant|KowtowCleave,SuckerPunch,IronHead,Protect|Adamant||M|||50|]Whimsicott||CobaBerry|Prankster|Moonblast,Tailwind,Encore,Protect|Bold||F|||50|
|showteam|p2|Venusaur||Venusaurite|Chlorophyll|Protect,SludgeBomb,GigaDrain,EarthPower|Modest||F|||50|]Grimmsnarl||LightClay|Prankster|FoulPlay,LightScreen,Reflect,PartingShot|Calm||M|||50|]Rotom-Wash||ChoiceScarf|Levitate|Thunderbolt,HydroPump,Trick,WillOWisp|Modest|||||50|]Talonflame|||GaleWings|Protect,Acrobatics,WillOWisp,Tailwind|Jolly||F|||50|]Garchomp||LifeOrb|RoughSkin|Protect,StompingTantrum,Earthquake,DragonClaw|Jolly||M|||50|]Kingambit||FocusSash|Defiant|KowtowCleave,SuckerPunch,IronHead,LowKick|Jolly||F|||50|
|inactive|Battle timer is ON: inactive players will automatically lose when time's up. (requested by TapuYolo VGC)
|inactive|bonomia has 60 seconds left.
|
|t:|1782576602
|teamsize|p1|4
|teamsize|p2|4
|start
|switch|p1a: Delphox|Delphox, L50, F|100/100
|switch|p1b: Ninetales|Ninetales-Alola, L50, F|100/100
|switch|p2a: Venusaur|Venusaur, L50, F|100/100
|switch|p2b: Grimmsnarl|Grimmsnarl, L50, M|100/100
|-weather|Snowscape|[from] ability: Snow Warning|[of] p1b: Ninetales
|turn|1
|
|t:|1782576615
|detailschange|p1a: Delphox|Delphox-Mega, L50, F
|-mega|p1a: Delphox|Delphox|Delphoxite
|detailschange|p2a: Venusaur|Venusaur-Mega, L50, F
|-mega|p2a: Venusaur|Venusaur|Venusaurite
|move|p2a: Venusaur|Protect|p2a: Venusaur
|-singleturn|p2a: Venusaur|Protect
|move|p2b: Grimmsnarl|Light Screen|p2b: Grimmsnarl
|-sidestart|p2: bonomia|move: Light Screen
|move|p1a: Delphox|Psychic|p2a: Venusaur
|-activate|p2a: Venusaur|move: Protect
|move|p1b: Ninetales|Blizzard|p2a: Venusaur|[spread] p2b
|-activate|p2a: Venusaur|move: Protect
|-damage|p2b: Grimmsnarl|82/100
|
|-weather|Snowscape|[upkeep]
|upkeep
|turn|2
|inactive|bonomia has 30 seconds left.
|
|t:|1782576641
|move|p1b: Ninetales|Protect|p1b: Ninetales
|-singleturn|p1b: Ninetales|Protect
|move|p2b: Grimmsnarl|Parting Shot|p1a: Delphox
|-unboost|p1a: Delphox|atk|1
|-unboost|p1a: Delphox|spa|1
|
|t:|1782576646
|switch|p2b: Talonflame|Talonflame, L50, F|100/100|[from] Parting Shot
|move|p1a: Delphox|Psychic|p2a: Venusaur
|-supereffective|p2a: Venusaur|1
|-damage|p2a: Venusaur|65/100
|move|p2a: Venusaur|Sludge Bomb|p1a: Delphox
|-damage|p1a: Delphox|58/100
|
|-weather|Snowscape|[upkeep]
|upkeep
|turn|3
|
|t:|1782576665
|switch|p1a: Whimsicott|Whimsicott, L50, F|100/100
|move|p2a: Venusaur|Protect|p2a: Venusaur
|-singleturn|p2a: Venusaur|Protect
|move|p2b: Talonflame|Tailwind|p2b: Talonflame
|-sidestart|p2: bonomia|move: Tailwind
|move|p1b: Ninetales|Blizzard|p2b: Talonflame|[spread] p2b
|-activate|p2a: Venusaur|move: Protect
|-damage|p2b: Talonflame|69/100
|
|-weather|Snowscape|[upkeep]
|upkeep
|turn|4
|
|t:|1782576687
|switch|p2a: Kingambit|Kingambit, L50, F|100/100
|move|p1a: Whimsicott|Encore|p2a: Kingambit
|-hint|Since gen 7, Dark is immune to Prankster moves.
|-immune|p2a: Kingambit
|move|p2b: Talonflame|Acrobatics|p1a: Whimsicott
|-supereffective|p1a: Whimsicott|1
|-enditem|p1a: Whimsicott|Coba Berry|[eat]
|-enditem|p1a: Whimsicott|Coba Berry|[weaken]
|-damage|p1a: Whimsicott|60/100
|move|p1b: Ninetales|Blizzard|p2b: Talonflame|[spread] p2a,p2b
|-resisted|p2a: Kingambit|1
|-damage|p2a: Kingambit|88/100
|-damage|p2b: Talonflame|37/100
|
|-weather|Snowscape|[upkeep]
|upkeep
|turn|5
|
|t:|1782576703
|switch|p1b: Garchomp|Garchomp, L50, M|100/100
|move|p1a: Whimsicott|Protect|p1a: Whimsicott
|-singleturn|p1a: Whimsicott|Protect
|move|p2b: Talonflame|Acrobatics|p1a: Whimsicott
|-activate|p1a: Whimsicott|move: Protect
|move|p2a: Kingambit|Iron Head|p1b: Garchomp
|-crit|p1b: Garchomp
|-damage|p1b: Garchomp|36/100
|-damage|p2a: Kingambit|76/100|[from] ability: Rough Skin|[of] p1b: Garchomp
|
|-weather|none
|upkeep
|turn|6
|inactive|TapuYolo VGC has 30 seconds left.
|inactive|bonomia has 30 seconds left.
|inactive|bonomia has 20 seconds left.
|inactive|bonomia has 15 seconds left.
|
|t:|1782576744
|switch|p1a: Ninetales|Ninetales-Alola, L50, F|100/100
|-weather|Snowscape|[from] ability: Snow Warning|[of] p1a: Ninetales
|move|p2a: Kingambit|Sucker Punch|p1b: Garchomp
|-damage|p1b: Garchomp|3/100
|-damage|p2a: Kingambit|64/100|[from] ability: Rough Skin|[of] p1b: Garchomp
|move|p2b: Talonflame|Acrobatics|p1a: Ninetales
|-damage|p1a: Ninetales|62/100
|move|p1b: Garchomp|Rock Slide|p2b: Talonflame|[spread] p2a,p2b
|-resisted|p2a: Kingambit|1
|-supereffective|p2b: Talonflame|2
|-damage|p2a: Kingambit|55/100
|-damage|p2b: Talonflame|0 fnt
|faint|p2b: Talonflame
|
|-weather|Snowscape|[upkeep]
|-sideend|p2: bonomia|move: Tailwind
|upkeep
|
|t:|1782576757
|switch|p2b: Venusaur|Venusaur-Mega, L50, F|65/100
|turn|7
|
|t:|1782576773
|move|p1a: Ninetales|Protect|p1a: Ninetales
|-singleturn|p1a: Ninetales|Protect
|move|p2a: Kingambit|Sucker Punch|p1b: Garchomp
|-damage|p1b: Garchomp|0 fnt
|-damage|p2a: Kingambit|43/100|[from] ability: Rough Skin|[of] p1b: Garchomp
|faint|p1b: Garchomp
|move|p2b: Venusaur|Sludge Bomb|p1a: Ninetales
|-activate|p1a: Ninetales|move: Protect
|
|-weather|Snowscape|[upkeep]
|upkeep
|
|t:|1782576783
|switch|p1b: Delphox|Delphox-Mega, L50, F|58/100
|turn|8
|
|t:|1782576796
|move|p2a: Kingambit|Sucker Punch||[still]
|-fail|p2a: Kingambit
|move|p1b: Delphox|Will-O-Wisp|p2a: Kingambit
|-status|p2a: Kingambit|brn
|move|p1a: Ninetales|Blizzard|p2b: Venusaur|[spread] p2a,p2b
|-resisted|p2a: Kingambit|1
|-supereffective|p2b: Venusaur|1
|-damage|p2a: Kingambit|30/100 brn
|-damage|p2b: Venusaur|45/100
|move|p2b: Venusaur|Sludge Bomb|p1a: Ninetales
|-supereffective|p1a: Ninetales|1
|-damage|p1a: Ninetales|0 fnt
|faint|p1a: Ninetales
|
|-weather|Snowscape|[upkeep]
|-damage|p2a: Kingambit|25/100 brn|[from] brn
|-sideend|p2: bonomia|move: Light Screen
|upkeep
|
|t:|1782576806
|switch|p1a: Whimsicott|Whimsicott, L50, F|60/100
|turn|9
|inactive|bonomia has 30 seconds left.
|inactive|bonomia has 20 seconds left.
|inactive|bonomia has 15 seconds left.
|inactive|bonomia has 10 seconds left.
|
|t:|1782576851
|switch|p2b: Grimmsnarl|Grimmsnarl, L50, M|82/100
|move|p2a: Kingambit|Sucker Punch|p1b: Delphox
|-supereffective|p1b: Delphox|1
|-damage|p1b: Delphox|8/100
|move|p1b: Delphox|Psychic|p2b: Grimmsnarl
|-immune|p2b: Grimmsnarl
|move|p1a: Whimsicott|Moonblast|p2a: Kingambit
|-damage|p2a: Kingambit|0 fnt
|faint|p2a: Kingambit
|
|-weather|Snowscape|[upkeep]
|upkeep
|
|t:|1782576860
|switch|p2a: Venusaur|Venusaur-Mega, L50, F|45/100
|turn|10
|inactive|bonomia has 30 seconds left.
|
|t:|1782576892
|move|p1b: Delphox|Protect|p1b: Delphox
|-singleturn|p1b: Delphox|Protect
|move|p2b: Grimmsnarl|Light Screen|p2b: Grimmsnarl
|-sidestart|p2: bonomia|move: Light Screen
|move|p1a: Whimsicott|Moonblast|p2b: Grimmsnarl
|-supereffective|p2b: Grimmsnarl|1
|-damage|p2b: Grimmsnarl|54/100
|move|p2a: Venusaur|Sludge Bomb|p1a: Whimsicott
|-supereffective|p1a: Whimsicott|2
|-damage|p1a: Whimsicott|0 fnt
|faint|p1a: Whimsicott
|
|-weather|none
|upkeep
|turn|11
|
|t:|1782576903
|move|p1b: Delphox|Psychic|p2a: Venusaur
|-supereffective|p2a: Venusaur|1
|-damage|p2a: Venusaur|0 fnt
|faint|p2a: Venusaur
|move|p2b: Grimmsnarl|Foul Play|p1b: Delphox
|-supereffective|p1b: Delphox|1
|-damage|p1b: Delphox|0 fnt
|faint|p1b: Delphox
|
|win|bonomia
|c|☆TapuYolo VGC|gg
|c|☆bonomia|gg
