|j|☆Urkin' Pincurchin
|j|☆red gate 0
|html|Urkin' Pincurchinred gate 0    
|uhtml|bestof|Game 3 of a best-of-3
|t:|1757033680
|gametype|doubles
|player|p1|Urkin' Pincurchin|fisherman-gen4|1362
|player|p2|red gate 0|n|1262
|gen|9
|tier|[Gen 9] VGC 2025 Reg H (Bo3)
|rated|
|rule|Species Clause: Limit one of each Pokémon
|rule|Item Clause: Limit 1 of each item
|clearpoke
|poke|p1|Ninetales-Alola, L50, F|
|poke|p1|Dragonite, L50, M|
|poke|p1|Volcarona, L50, F|
|poke|p1|Incineroar, L50, M|
|poke|p1|Rillaboom, L50, M|
|poke|p1|Basculegion, L50, M|
|poke|p2|Sneasler, L50, M|
|poke|p2|Gholdengo, L50|
|poke|p2|Ninetales-Alola, L50, F|
|poke|p2|Arcanine-Hisui, L50, M|
|poke|p2|Amoonguss, L50, F|
|poke|p2|Rillaboom, L50, M|
|teampreview|4
|showteam|p1|Ninetales-Alola||FocusSash|SnowWarning|Blizzard,IcyWind,AuroraVeil,Encore|||F|||50|,,,,,Ghost]Dragonite||LoadedDice|Multiscale|ScaleShot,Tailwind,Protect,Haze|||M|||50|,,,,,Fairy]Volcarona||Leftovers|FlameBody|HeatWave,TeraBlast,QuiverDance,Protect|||F|||50|,,,,,Fairy]Incineroar||SafetyGoggles|Intimidate|FlareBlitz,KnockOff,FakeOut,PartingShot|||M|||50|,,,,,Ghost]Rillaboom||AssaultVest|GrassySurge|WoodHammer,GrassyGlide,HighHorsepower,FakeOut|||M|||50|,,,,,Ghost]Basculegion||ChoiceScarf|SwiftSwim|WaveCrash,LastRespects,FlipTurn,AquaJet|||M|||50|,,,,,Water
|showteam|p2|Sneasler||FocusSash|PoisonTouch|DireClaw,CloseCombat,FakeOut,Protect|||M|||50|,,,,,Stellar]Gholdengo||GrassySeed|GoodasGold|MakeItRain,ShadowBall,NastyPlot,Protect||||||50|,,,,,Water]Ninetales-Alola||LightClay|SnowWarning|IcyWind,FreezeDry,AuroraVeil,Protect|||F|||50|,,,,,Ghost]Arcanine-Hisui||ClearAmulet|Intimidate|FlareBlitz,RockSlide,ExtremeSpeed,Protect|||M|||50|,,,,,Ghost]Amoonguss||SitrusBerry|Regenerator|ClearSmog,PollenPuff,Spore,RagePowder|||F|||50|,,,,,Water]Rillaboom||AssaultVest|GrassySurge|WoodHammer,GrassyGlide,HighHorsepower,FakeOut|||M|||50|,,,,,Fire
|inactive|Battle timer is ON: inactive players will automatically lose when time's up. (requested by red gate 0)
|inactive|Urkin' Pincurchin also wants the timer to be on.
|inactive|Urkin' Pincurchin has 60 seconds left.
|inactive|Urkin' Pincurchin has 30 seconds left.
|
|t:|1757033748
|teamsize|p1|4
|teamsize|p2|4
|start
|switch|p1a: Ninetales|Ninetales-Alola, L50, F|100/100
|switch|p1b: Basculegion|Basculegion, L50, M|100/100
|switch|p2a: Gholdengo|Gholdengo, L50|100/100
|switch|p2b: Arcanine|Arcanine-Hisui, L50, M|100/100
|-weather|Snowscape|[from] ability: Snow Warning|[of] p1a: Ninetales
|-ability|p2b: Arcanine|Intimidate|boost
|-unboost|p1a: Ninetales|atk|1
|-unboost|p1b: Basculegion|atk|1
|turn|1
|
|t:|1757033762
|switch|p2b: Rillaboom|Rillaboom, L50, M|100/100
|-fieldstart|move: Grassy Terrain|[from] ability: Grassy Surge|[of] p2b: Rillaboom
|-enditem|p2a: Gholdengo|Grassy Seed
|-boost|p2a: Gholdengo|def|1|[from] item: Grassy Seed
|move|p1b: Basculegion|Flip Turn|p2a: Gholdengo
|-damage|p2a: Gholdengo|87/100
|
|t:|1757033766
|switch|p1b: Volcarona|Volcarona, L50, F|100/100|[from] Flip Turn
|move|p1a: Ninetales|Aurora Veil|p1a: Ninetales
|-sidestart|p1: Urkin' Pincurchin|move: Aurora Veil
|move|p2a: Gholdengo|Nasty Plot|p2a: Gholdengo
|-boost|p2a: Gholdengo|spa|2
|
|-weather|Snowscape|[upkeep]
|-heal|p2a: Gholdengo|93/100|[from] Grassy Terrain
|upkeep
|turn|2
|
|t:|1757033781
|move|p2b: Rillaboom|Fake Out|p1b: Volcarona
|-damage|p1b: Volcarona|90/100
|-status|p2b: Rillaboom|brn|[from] ability: Flame Body|[of] p1b: Volcarona
|move|p1a: Ninetales|Icy Wind|p2a: Gholdengo|[spread] p2a,p2b
|-resisted|p2a: Gholdengo
|-supereffective|p2b: Rillaboom
|-damage|p2a: Gholdengo|85/100
|-damage|p2b: Rillaboom|80/100 brn
|-unboost|p2a: Gholdengo|spe|1
|-unboost|p2b: Rillaboom|spe|1
|cant|p1b: Volcarona|flinch
|move|p2a: Gholdengo|Nasty Plot|p2a: Gholdengo
|-boost|p2a: Gholdengo|spa|2
|
|-weather|Snowscape|[upkeep]
|-heal|p1b: Volcarona|96/100|[from] Grassy Terrain
|-heal|p1b: Volcarona|100/100|[from] item: Leftovers
|-heal|p2a: Gholdengo|91/100|[from] Grassy Terrain
|-heal|p2b: Rillaboom|86/100 brn|[from] Grassy Terrain
|-damage|p2b: Rillaboom|80/100 brn|[from] brn
|upkeep
|turn|3
|
|t:|1757033789
|switch|p2b: Arcanine|Arcanine-Hisui, L50, M|100/100
|-ability|p2b: Arcanine|Intimidate|boost
|-unboost|p1a: Ninetales|atk|1
|-unboost|p1b: Volcarona|atk|1
|move|p1a: Ninetales|Blizzard|p2a: Gholdengo|[spread] p2a,p2b
|-resisted|p2a: Gholdengo
|-resisted|p2b: Arcanine
|-damage|p2a: Gholdengo|75/100
|-damage|p2b: Arcanine|83/100
|-status|p2b: Arcanine|frz
|move|p1b: Volcarona|Quiver Dance|p1b: Volcarona
|-boost|p1b: Volcarona|spa|1
|-boost|p1b: Volcarona|spd|1
|-boost|p1b: Volcarona|spe|1
|move|p2a: Gholdengo|Make It Rain|p1a: Ninetales|[spread] p1a,p1b
|-supereffective|p1a: Ninetales
|-resisted|p1b: Volcarona
|-enditem|p1a: Ninetales|Focus Sash
|-damage|p1a: Ninetales|1/100
|-damage|p1b: Volcarona|74/100
|-unboost|p2a: Gholdengo|spa|1
|
|-weather|Snowscape|[upkeep]
|-heal|p1b: Volcarona|80/100|[from] Grassy Terrain
|-heal|p1b: Volcarona|86/100|[from] item: Leftovers
|-heal|p1a: Ninetales|7/100|[from] Grassy Terrain
|-heal|p2b: Arcanine|89/100 frz|[from] Grassy Terrain
|-heal|p2a: Gholdengo|82/100|[from] Grassy Terrain
|upkeep
|turn|4
|inactive|red gate 0 has 30 seconds left.
|
|t:|1757033815
|move|p1b: Volcarona|Protect|p1b: Volcarona
|-singleturn|p1b: Volcarona|Protect
|move|p2a: Gholdengo|Protect|p2a: Gholdengo
|-singleturn|p2a: Gholdengo|Protect
|move|p1a: Ninetales|Blizzard|p2b: Arcanine|[spread] p2b
|-activate|p2a: Gholdengo|move: Protect
|-resisted|p2b: Arcanine
|-damage|p2b: Arcanine|71/100 frz
|-curestatus|p2b: Arcanine|frz|[from] move: Flare Blitz
|move|p2b: Arcanine|Flare Blitz|p1b: Volcarona
|-activate|p1b: Volcarona|move: Protect
|
|-weather|Snowscape|[upkeep]
|-heal|p1b: Volcarona|93/100|[from] Grassy Terrain
|-heal|p1b: Volcarona|99/100|[from] item: Leftovers
|-heal|p1a: Ninetales|13/100|[from] Grassy Terrain
|-heal|p2b: Arcanine|76/100|[from] Grassy Terrain
|-heal|p2a: Gholdengo|88/100|[from] Grassy Terrain
|upkeep
|turn|5
|j| Tindall64
|
|t:|1757033836
|move|p1b: Volcarona|Heat Wave|p2b: Arcanine|[spread] p2a,p2b
|-supereffective|p2a: Gholdengo
|-resisted|p2b: Arcanine
|-damage|p2a: Gholdengo|0 fnt
|-damage|p2b: Arcanine|59/100
|faint|p2a: Gholdengo
|move|p1a: Ninetales|Encore|p2b: Arcanine
|-start|p2b: Arcanine|Encore
|move|p2b: Arcanine|Flare Blitz|p1a: Ninetales
|-supereffective|p1a: Ninetales
|-damage|p1a: Ninetales|0 fnt
|faint|p1a: Ninetales
|-damage|p2b: Arcanine|56/100|[from] Recoil
|
|-weather|none
|-heal|p1b: Volcarona|100/100|[from] Grassy Terrain
|-heal|p2b: Arcanine|62/100|[from] Grassy Terrain
|-sideend|p1: Urkin' Pincurchin|move: Aurora Veil
|-fieldend|move: Grassy Terrain
|upkeep
|-message|red gate 0 forfeited.
|
|win|Urkin' Pincurchin
|raw|Urkin' Pincurchin's rating: 1362 → 1376(+14 for winning)
|raw|red gate 0's rating: 1262 → 1244(-18 for losing)
|l|☆red gate 0
|player|p2|
