|j|☆acemphd
|j|☆Fireb7798
|html|acemphdFireb7798    
|uhtml|bestof|Game 1 of a best-of-3
|t:|1785099146
|gametype|doubles
|player|p1|acemphd|fisherman-gen4|1163
|player|p2|Fireb7798|shauntal|1176
|gen|9
|tier|[Gen 9 Champions] VGC 2026 Reg M-B (Bo3)
|rated|
|rule|Species Clause: Limit one of each Pokémon
|rule|Item Clause: Limit 1 of each item
|clearpoke
|poke|p1|Corviknight, L50, F|
|poke|p1|Ceruledge, L50, M|
|poke|p1|Tyranitar, L50, F|
|poke|p1|Garchomp, L50, M|
|poke|p1|Milotic, L50, M|
|poke|p1|Sinistcha, L50|
|poke|p2|Beedrill, L50, F|
|poke|p2|Incineroar, L50, F|
|poke|p2|Garchomp, L50, M|
|poke|p2|Sylveon, L50, F|
|poke|p2|Farigiraf, L50, F|
|poke|p2|Meowscarada, L50, F|
|teampreview|4
|showteam|p1|Corviknight||LifeOrb|MirrorArmor|BraveBird,IronHead,Tailwind,Protect|Jolly||F|||50|]Ceruledge||ColburBerry|FlashFire|BitterBlade,ShadowSneak,BulkUp,Protect|Adamant||M|||50|]Tyranitar||ChoiceScarf|SandStream|IcePunch,RockSlide,KnockOff,LowKick|Jolly||F|||50|]Garchomp||Garchompite|RoughSkin|DracoMeteor,EarthPower,PowerGem,Protect|Modest||M|||50|]Milotic||Leftovers|Competitive|IcyWind,Scald,Haze,Protect|Bold||M|||50|]Sinistcha||KasibBerry|Hospitality|MatchaGotcha,RagePowder,TrickRoom,Protect|Bold|||||50|
|showteam|p2|Beedrill||Beedrillite|Swarm|PoisonJab,Uturn,Protect,StringShot|Jolly||F|||50|]Incineroar||Charcoal|Intimidate|FakeOut,HelpingHand,FlareBlitz,PartingShot|Brave||F|||50|]Garchomp||LifeOrb|RoughSkin|DragonClaw,StompingTantrum,RockSlide,Protect|Jolly||M|||50|]Sylveon||FairyFeather|Pixilate|HyperVoice,HyperBeam,QuickAttack,Detect|Modest||F|||50|]Farigiraf||SitrusBerry|ArmorTail|Psychic,TrickRoom,Protect,Imprison|Calm||F|||50|]Meowscarada||ChoiceScarf|Protean|FlowerTrick,KnockOff,TripleAxel,LowKick|Adamant||F|||50|
|
|t:|1785099202
|teamsize|p1|4
|teamsize|p2|4
|start
|switch|p1a: Milotic|Milotic, L50, M|100/100
|switch|p1b: Tyranitar|Tyranitar, L50, F|100/100
|switch|p2a: Garchomp|Garchomp, L50, M|100/100
|switch|p2b: Meowscarada|Meowscarada, L50, F|100/100
|-weather|Sandstorm|[from] ability: Sand Stream|[of] p1b: Tyranitar
|turn|1
|inactive|Battle timer is ON: inactive players will automatically lose when time's up. (requested by acemphd)
|
|t:|1785099233
|move|p2b: Meowscarada|Flower Trick|p1a: Milotic
|-start|p2b: Meowscarada|typechange|Grass|[from] ability: Protean
|-supereffective|p1a: Milotic|1
|-crit|p1a: Milotic
|-damage|p1a: Milotic|18/100
|move|p1b: Tyranitar|Ice Punch|p2a: Garchomp
|-supereffective|p2a: Garchomp|2
|-damage|p2a: Garchomp|0 fnt
|-damage|p1b: Tyranitar|87/100|[from] ability: Rough Skin|[of] p2a: Garchomp
|faint|p2a: Garchomp
|move|p1a: Milotic|Icy Wind|p2b: Meowscarada
|-supereffective|p2b: Meowscarada|1
|-damage|p2b: Meowscarada|61/100
|-unboost|p2b: Meowscarada|spe|1
|
|-weather|Sandstorm|[upkeep]
|-damage|p2b: Meowscarada|55/100|[from] Sandstorm
|-damage|p1a: Milotic|12/100|[from] Sandstorm
|-heal|p1a: Milotic|18/100|[from] item: Leftovers
|upkeep
|
|t:|1785099247
|switch|p2a: Beedrill|Beedrill, L50, F|100/100
|turn|2
|
|t:|1785099255
|detailschange|p2a: Beedrill|Beedrill-Mega, L50, F
|-mega|p2a: Beedrill|Beedrill|Beedrillite
|move|p2a: Beedrill|U-turn|p1b: Tyranitar
|-supereffective|p1b: Tyranitar|1
|-damage|p1b: Tyranitar|0 fnt
|faint|p1b: Tyranitar
|
|t:|1785099259
|switch|p2a: Incineroar|Incineroar, L50, F|100/100|[from] U-turn
|-ability|p2a: Incineroar|Intimidate|boost
|-unboost|p1a: Milotic|atk|1
|-ability|p1a: Milotic|Competitive|boost
|-boost|p1a: Milotic|spa|2
|move|p2b: Meowscarada|Flower Trick|p1a: Milotic
|-supereffective|p1a: Milotic|1
|-crit|p1a: Milotic
|-damage|p1a: Milotic|0 fnt
|faint|p1a: Milotic
|
|-weather|Sandstorm|[upkeep]
|-damage|p2b: Meowscarada|50/100y|[from] Sandstorm
|-damage|p2a: Incineroar|94/100|[from] Sandstorm
|upkeep
|
|t:|1785099271
|switch|p1b: Corviknight|Corviknight, L50, F|100/100
|switch|p1a: Sinistcha|Sinistcha, L50|100/100
|turn|3
|
|t:|1785099296
|switch|p2b: Beedrill|Beedrill-Mega, L50, F|100/100
|move|p1b: Corviknight|Protect|p1b: Corviknight
|-singleturn|p1b: Corviknight|Protect
|move|p2a: Incineroar|Fake Out|p1b: Corviknight
|-activate|p1b: Corviknight|move: Protect
|move|p1a: Sinistcha|Matcha Gotcha|p2a: Incineroar|[spread] p2a,p2b
|-resisted|p2a: Incineroar|1
|-resisted|p2b: Beedrill|2
|-damage|p2a: Incineroar|83/100
|-damage|p2b: Beedrill|91/100
|
|-weather|Sandstorm|[upkeep]
|-damage|p2b: Beedrill|85/100|[from] Sandstorm
|-damage|p1a: Sinistcha|93/100|[from] Sandstorm
|-damage|p2a: Incineroar|77/100|[from] Sandstorm
|upkeep
|turn|4
|inactive|acemphd has 30 seconds left.
|
|t:|1785099327
|move|p1a: Sinistcha|Rage Powder|p1a: Sinistcha
|-singleturn|p1a: Sinistcha|move: Rage Powder
|move|p2b: Beedrill|Poison Jab|p1a: Sinistcha
|-damage|p1a: Sinistcha|42/100
|move|p1b: Corviknight|Brave Bird|p2a: Incineroar
|-damage|p2a: Incineroar|21/100
|-damage|p1b: Corviknight|78/100|[from] Recoil
|-damage|p1b: Corviknight|69/100|[from] item: Life Orb
|move|p2a: Incineroar|Flare Blitz|p1a: Sinistcha
|-supereffective|p1a: Sinistcha|1
|-damage|p1a: Sinistcha|0 fnt
|faint|p1a: Sinistcha
|-damage|p2a: Incineroar|8/100|[from] Recoil
|
|-weather|Sandstorm|[upkeep]
|-damage|p2b: Beedrill|80/100|[from] Sandstorm
|-damage|p2a: Incineroar|2/100|[from] Sandstorm
|upkeep
|turn|5
|inactive|acemphd has 30 seconds left.
|
|t:|1785099357
|move|p2a: Incineroar|Helping Hand|p2b: Beedrill
|-singleturn|p2b: Beedrill|Helping Hand|[of] p2a: Incineroar
|move|p2b: Beedrill|U-turn|p1b: Corviknight
|-resisted|p1b: Corviknight|2
|-damage|p1b: Corviknight|51/100
|
|t:|1785099362
|switch|p2b: Meowscarada|Meowscarada, L50, F|50/100y|[from] U-turn
|move|p1b: Corviknight|Brave Bird|p2a: Incineroar
|-damage|p2a: Incineroar|0 fnt
|faint|p2a: Incineroar
|-damage|p1b: Corviknight|50/100g|[from] Recoil
|-damage|p1b: Corviknight|40/100|[from] item: Life Orb
|
|-weather|none
|upkeep
|
|t:|1785099364
|switch|p2a: Beedrill|Beedrill-Mega, L50, F|80/100
|turn|6
|
|t:|1785099373
|move|p2b: Meowscarada|Knock Off|p1b: Corviknight
|-start|p2b: Meowscarada|typechange|Dark|[from] ability: Protean
|-damage|p1b: Corviknight|0 fnt
|-enditem|p1b: Corviknight|Life Orb|[from] move: Knock Off|[of] p2b: Meowscarada
|faint|p1b: Corviknight
|
|win|Fireb7798
||acemphd is ready for game 2.
||Fireb7798 is ready for game 2.
|uhtml|next|Next: Game 2 of 3
|l|☆acemphd
|player|p1|
