|j|☆naibot2814
|j|☆salmoncashew
|html|naibot2814salmoncashew    
|uhtml|bestof|Game 1 of a best-of-3
|t:|1783776235
|gametype|doubles
|player|p1|naibot2814|ghetsis|1337
|player|p2|salmoncashew|caitlin|1255
|gen|9
|tier|[Gen 9 Champions] VGC 2026 Reg M-B (Bo3)
|rated|
|rule|Species Clause: Limit one of each Pokémon
|rule|Item Clause: Limit 1 of each item
|clearpoke
|poke|p1|Blastoise, L50, M|
|poke|p1|Incineroar, L50, M|
|poke|p1|Sneasler, L50, M|
|poke|p1|Sinistcha, L50|
|poke|p1|Kingambit, L50, M, shiny|
|poke|p1|Floette-Eternal, L50, F|
|poke|p2|Whimsicott, L50, F|
|poke|p2|Sneasler, L50, F|
|poke|p2|Basculegion, L50, M|
|poke|p2|Incineroar, L50, M, shiny|
|poke|p2|Pyroar, L50, F, shiny|
|poke|p2|Garchomp, L50, M|
|teampreview|4
|showteam|p1|Blastoise||Blastoisinite|Torrent|WaterSpout,DarkPulse,ShellSmash,Protect|Modest||M|||50|]Incineroar||SitrusBerry|Intimidate|FakeOut,FlareBlitz,DarkestLariat,PartingShot|Careful||M|||50|]Sneasler||FocusSash|PoisonTouch|FakeOut,CloseCombat,PoisonJab,RockTomb|Jolly||M|||50|]Sinistcha||KasibBerry|Hospitality|MatchaGotcha,TrickRoom,RagePowder,Protect|Bold|||||50|]Kingambit||BlackGlasses|Defiant|KowtowCleave,SuckerPunch,SwordsDance,Protect|Adamant||M|||50|]Floette-Eternal||Floettite|FlowerVeil|DrainingKiss,DazzlingGleam,CalmMind,Protect|Modest||F|||50|
|showteam|p2|Whimsicott||FocusSash|Prankster|Protect,Tailwind,SunnyDay,Moonblast|Timid||F|||50|]Sneasler||WhiteHerb|Unburden|Protect,CloseCombat,ThroatChop,GunkShot|Adamant||F|||50|]Basculegion||ChoiceScarf|Adaptability|LastRespects,FlipTurn,WaveCrash,AquaJet|Jolly||M|||50|]Incineroar||SitrusBerry|Intimidate|FakeOut,PartingShot,ThroatChop,FlareBlitz|Adamant||M|||50|]Pyroar||Pyroarite|Unnerve|Protect,HeatWave,Overheat,SolarBeam|Timid||F|||50|]Garchomp||LifeOrb|RoughSkin|Earthquake,DragonClaw,StompingTantrum,Protect|Adamant||M|||50|
|inactive|Battle timer is ON: inactive players will automatically lose when time's up. (requested by salmoncashew)
|inactive|naibot2814 has 60 seconds left.
|inactive|salmoncashew has 60 seconds left.
|
|t:|1783776286
|teamsize|p1|4
|teamsize|p2|4
|start
|switch|p1a: Sneasler|Sneasler, L50, M|100/100
|switch|p1b: Floette|Floette-Eternal, L50, F|100/100
|switch|p2a: Garchomp|Garchomp, L50, M|100/100
|switch|p2b: Incineroar|Incineroar, L50, M, shiny|100/100
|-ability|p2b: Incineroar|Intimidate|boost
|-unboost|p1a: Sneasler|atk|1
|-unboost|p1b: Floette|atk|1
|turn|1
|
|t:|1783776305
|switch|p2a: Pyroar|Pyroar, L50, F, shiny|100/100
|-ability|p2a: Pyroar|Unnerve
|detailschange|p1b: Floette|Floette-Mega, L50, F
|-mega|p1b: Floette|Floette|Floettite
|-ability|p1b: Floette|Fairy Aura
|move|p1a: Sneasler|Fake Out|p2b: Incineroar
|-damage|p2b: Incineroar|90/100
|move|p1b: Floette|Calm Mind|p1b: Floette
|-boost|p1b: Floette|spa|1
|-boost|p1b: Floette|spd|1
|cant|p2b: Incineroar|flinch
|
|upkeep
|turn|2
|
|t:|1783776321
|detailschange|p2a: Pyroar|Pyroar-Mega, L50, F, shiny
|-mega|p2a: Pyroar|Pyroar|Pyroarite
|move|p1b: Floette|Protect|p1b: Floette
|-singleturn|p1b: Floette|Protect
|move|p2a: Pyroar|Heat Wave|p1a: Sneasler|[spread] 
|-activate|p1b: Floette|move: Protect
|-miss|p2a: Pyroar|p1a: Sneasler
|move|p1a: Sneasler|Rock Tomb|p2a: Pyroar
|-supereffective|p2a: Pyroar|1
|-damage|p2a: Pyroar|67/100
|-unboost|p2a: Pyroar|spe|1
|move|p2b: Incineroar|Parting Shot|p1b: Floette
|-activate|p1b: Floette|move: Protect
|
|upkeep
|turn|3
|
|t:|1783776350
|move|p2a: Pyroar|Protect|p2a: Pyroar
|-singleturn|p2a: Pyroar|Protect
|move|p1a: Sneasler|Close Combat|p2b: Incineroar
|-supereffective|p2b: Incineroar|1
|-damage|p2b: Incineroar|5/100
|-unboost|p1a: Sneasler|def|1
|-unboost|p1a: Sneasler|spd|1
|-enditem|p2b: Incineroar|Sitrus Berry|[eat]
|-heal|p2b: Incineroar|30/100|[from] item: Sitrus Berry
|move|p1b: Floette|Dazzling Gleam|p2b: Incineroar|[spread] p2b
|-activate|p2a: Pyroar|move: Protect
|-damage|p2b: Incineroar|0 fnt
|faint|p2b: Incineroar
|
|upkeep
|
|t:|1783776358
|switch|p2b: Whimsicott|Whimsicott, L50, F|100/100
|turn|4
|
|t:|1783776365
|move|p2b: Whimsicott|Tailwind|p2b: Whimsicott
|-sidestart|p2: salmoncashew|move: Tailwind
|move|p2a: Pyroar|Heat Wave|p1b: Floette|[spread] p1a,p1b
|-enditem|p1a: Sneasler|Focus Sash
|-damage|p1a: Sneasler|1/100
|-damage|p1b: Floette|72/100
|move|p1a: Sneasler|Close Combat|p2a: Pyroar
|-supereffective|p2a: Pyroar|1
|-damage|p2a: Pyroar|0 fnt
|-unboost|p1a: Sneasler|def|1
|-unboost|p1a: Sneasler|spd|1
|faint|p2a: Pyroar
|move|p1b: Floette|Draining Kiss|p2b: Whimsicott
|-damage|p2b: Whimsicott|22/100
|-heal|p1b: Floette|100/100|[from] drain|[of] p2b: Whimsicott
|
|upkeep
|
|t:|1783776370
|switch|p2a: Garchomp|Garchomp, L50, M|100/100
|turn|5
|
|t:|1783776385
|move|p2b: Whimsicott|Protect|p2b: Whimsicott
|-singleturn|p2b: Whimsicott|Protect
|move|p1b: Floette|Protect|p1b: Floette
|-singleturn|p1b: Floette|Protect
|move|p2a: Garchomp|Earthquake|p1b: Floette|[spread] p1a
|-activate|p2b: Whimsicott|move: Protect
|-activate|p1b: Floette|move: Protect
|-supereffective|p1a: Sneasler|1
|-damage|p1a: Sneasler|0 fnt
|faint|p1a: Sneasler
|-damage|p2a: Garchomp|90/100|[from] item: Life Orb
|
|upkeep
|
|t:|1783776391
|switch|p1a: Incineroar|Incineroar, L50, M|100/100
|-ability|p1a: Incineroar|Intimidate|boost
|-unboost|p2a: Garchomp|atk|1
|-unboost|p2b: Whimsicott|atk|1
|turn|6
|
|t:|1783776399
|move|p2a: Garchomp|Protect|p2a: Garchomp
|-singleturn|p2a: Garchomp|Protect
|move|p1a: Incineroar|Fake Out|p2a: Garchomp
|-activate|p2a: Garchomp|move: Protect
|move|p2b: Whimsicott|Moonblast|p1b: Floette
|-damage|p1b: Floette|78/100
|move|p1b: Floette|Draining Kiss|p2b: Whimsicott
|-damage|p2b: Whimsicott|0 fnt
|-heal|p1b: Floette|94/100|[from] drain|[of] p2b: Whimsicott
|faint|p2b: Whimsicott
|
|upkeep
|turn|7
|-message|salmoncashew forfeited.
|
|win|naibot2814
||salmoncashew is ready for game 2.
||naibot2814 is ready for game 2.
|uhtml|next|Next: Game 2 of 3
|l|☆salmoncashew
|player|p2|
