|j|☆AnnoyingFish
|j|☆pokemanu24
|html|AnnoyingFishpokemanu24    
|uhtml|bestof|Game 2 of a best-of-3
|t:|1784220781
|gametype|doubles
|player|p1|AnnoyingFish|preschooler|1081
|player|p2|pokemanu24|ethan|1131
|gen|9
|tier|[Gen 9 Champions] VGC 2026 Reg M-B (Bo3)
|rated|
|rule|Species Clause: Limit one of each Pokémon
|rule|Item Clause: Limit 1 of each item
|clearpoke
|poke|p1|Garchomp, L50, M|
|poke|p1|Venusaur, L50, M|
|poke|p1|Incineroar, L50, F|
|poke|p1|Charizard, L50, F|
|poke|p1|Toxapex, L50, M|
|poke|p1|Annihilape, L50, M|
|poke|p2|Froslass, L50, F|
|poke|p2|Rotom-Wash, L50|
|poke|p2|Samurott-Hisui, L50, F|
|poke|p2|Aegislash, L50, M|
|poke|p2|Maushold-Four, L50|
|poke|p2|Falinks, L50|
|teampreview|4
|showteam|p1|Garchomp||ChoiceScarf|RoughSkin|Earthquake,RockSlide,DragonClaw,StompingTantrum|Adamant||M|||50|]Venusaur||LifeOrb|Chlorophyll|SludgeBomb,SolarBeam,EarthPower,Protect|Modest||M|||50|]Incineroar||SitrusBerry|Intimidate|FakeOut,FlareBlitz,ThroatChop,PartingShot|Impish||F|||50|]Charizard||CharizarditeY|Blaze|HeatWave,WeatherBall,Protect,HelpingHand|Modest||F|||50|]Toxapex||Leftovers|Regenerator|Infestation,Toxic,WideGuard,BanefulBunker|Impish||M|||50|]Annihilape||FocusSash|Defiant|CloseCombat,PhantomForce,RockTomb,Protect|Jolly||M|||50|
|showteam|p2|Froslass||Froslassite|CursedBody|Blizzard,ShadowBall,AuroraVeil,FrostBreath|Timid||F|||50|]Rotom-Wash||Leftovers|Levitate|Electroweb,HydroPump,WillOWisp,Protect|Bold|||||50|]Samurott-Hisui||RoseliBerry|Sharpness|CeaselessEdge,SacredSword,AquaCutter,Protect|Jolly||F|||50|]Aegislash||ColburBerry|StanceChange|IronHead,WideGuard,ShadowSneak,KingsShield|Brave||M|||50|]Maushold-Four||FocusSash|FriendGuard|FollowMe,Protect,SuperFang,Feint|Jolly|||||50|]Falinks||Falinksite|Defiant|NoRetreat,Protect,CloseCombat,ThroatChop|Jolly|||||50|
|inactive|Battle timer is ON: inactive players will automatically lose when time's up. (requested by AnnoyingFish)
|inactive|pokemanu24 has 60 seconds left.
|inactive|pokemanu24 has 30 seconds left.
|
|t:|1784220879
|teamsize|p1|4
|teamsize|p2|4
|start
|switch|p1a: Charizard|Charizard, L50, F|100/100
|switch|p1b: Annihilape|Annihilape, L50, M|100/100
|switch|p2a: Froslass|Froslass, L50, F|100/100
|switch|p2b: Maushold|Maushold-Four, L50|100/100
|turn|1
|inactive|AnnoyingFish has 30 seconds left.
|inactive|pokemanu24 has 30 seconds left.
|inactive|AnnoyingFish has 20 seconds left.
|inactive|pokemanu24 has 20 seconds left.
|inactive|AnnoyingFish has 15 seconds left.
|inactive|pokemanu24 has 15 seconds left.
|inactive|AnnoyingFish has 10 seconds left.
|inactive|pokemanu24 has 10 seconds left.
|inactive|pokemanu24 has 5 seconds left.
|
|t:|1784220934
|switch|p1a: Incineroar|Incineroar, L50, F|100/100
|-ability|p1a: Incineroar|Intimidate|boost
|-unboost|p2a: Froslass|atk|1
|-unboost|p2b: Maushold|atk|1
|move|p2b: Maushold|Follow Me|p2b: Maushold
|-singleturn|p2b: Maushold|move: Follow Me
|move|p2a: Froslass|Blizzard|p1a: Incineroar|[spread] p1a,p1b
|-resisted|p1a: Incineroar|1
|-damage|p1a: Incineroar|86/100
|-damage|p1b: Annihilape|70/100
|-status|p1b: Annihilape|frz
|-curestatus|p1b: Annihilape|frz|[msg]
|move|p1b: Annihilape|Phantom Force||[still]
|-prepare|p1b: Annihilape|Phantom Force
|
|upkeep
|turn|2
|
|t:|1784220951
|detailschange|p2a: Froslass|Froslass-Mega, L50, F
|-mega|p2a: Froslass|Froslass|Froslassite
|-weather|Snowscape|[from] ability: Snow Warning|[of] p2a: Froslass
|move|p1a: Incineroar|Fake Out|p2b: Maushold
|-damage|p2b: Maushold|85/100
|cant|p2b: Maushold|flinch
|move|p2a: Froslass|Aurora Veil|p2a: Froslass
|-sidestart|p2: pokemanu24|move: Aurora Veil
|move|p1b: Annihilape|Phantom Force|p2a: Froslass|[from] lockedmove
|-supereffective|p2a: Froslass|1
|-damage|p2a: Froslass|53/100
|
|-weather|Snowscape|[upkeep]
|upkeep
|turn|3
|
|t:|1784220976
|switch|p1b: Toxapex|Toxapex, L50, M|100/100
|move|p2b: Maushold|Follow Me|p2b: Maushold
|-singleturn|p2b: Maushold|move: Follow Me
|move|p2a: Froslass|Shadow Ball|p1b: Toxapex
|-damage|p1b: Toxapex|66/100
|move|p1a: Incineroar|Parting Shot|p2b: Maushold
|-unboost|p2b: Maushold|atk|1
|-unboost|p2b: Maushold|spa|1
|
|t:|1784220987
|switch|p1a: Charizard|Charizard, L50, F|100/100|[from] Parting Shot
|
|-weather|Snowscape|[upkeep]
|-heal|p1b: Toxapex|72/100|[from] item: Leftovers
|upkeep
|turn|4
|inactive|AnnoyingFish has 30 seconds left.
|
|t:|1784221013
|switch|p2a: Rotom|Rotom-Wash, L50|100/100
|detailschange|p1a: Charizard|Charizard-Mega-Y, L50, F
|-mega|p1a: Charizard|Charizard|Charizardite Y
|-weather|SunnyDay|[from] ability: Drought|[of] p1a: Charizard
|move|p2b: Maushold|Super Fang|p1a: Charizard
|-damage|p1a: Charizard|50/100g
|move|p1a: Charizard|Heat Wave|p2a: Rotom|[spread] p2a,p2b
|-resisted|p2a: Rotom|1
|-damage|p2a: Rotom|82/100
|-damage|p2b: Maushold|34/100
|move|p1b: Toxapex|Toxic|p2b: Maushold
|-status|p2b: Maushold|tox
|
|-weather|SunnyDay|[upkeep]
|-heal|p2a: Rotom|88/100|[from] item: Leftovers
|-heal|p1b: Toxapex|78/100|[from] item: Leftovers
|-damage|p2b: Maushold|28/100 tox|[from] psn
|upkeep
|turn|5
|inactive|AnnoyingFish has 30 seconds left.
|inactive|pokemanu24 has 30 seconds left.
|inactive|AnnoyingFish has 20 seconds left.
|inactive|AnnoyingFish has 15 seconds left.
|
|t:|1784221054
|switch|p1a: Incineroar|Incineroar, L50, F|86/100
|-ability|p1a: Incineroar|Intimidate|boost
|-unboost|p2a: Rotom|atk|1
|-unboost|p2b: Maushold|atk|1
|-heal|p1b: Toxapex|100/100|[from] ability: Regenerator|[silent]
|switch|p1b: Annihilape|Annihilape, L50, M|70/100
|move|p2b: Maushold|Feint|p1a: Incineroar
|-damage|p1a: Incineroar|83/100
|move|p2a: Rotom|Electroweb|p1b: Annihilape|[spread] p1a,p1b
|-crit|p1b: Annihilape
|-damage|p1a: Incineroar|67/100
|-damage|p1b: Annihilape|39/100
|-unboost|p1a: Incineroar|spe|1
|-unboost|p1b: Annihilape|spe|1
|-ability|p1b: Annihilape|Defiant|boost
|-boost|p1b: Annihilape|atk|2
|
|-weather|SunnyDay|[upkeep]
|-heal|p2a: Rotom|94/100|[from] item: Leftovers
|-damage|p2b: Maushold|16/100 tox|[from] psn
|upkeep
|turn|6
|inactive|AnnoyingFish has 30 seconds left.
|inactive|AnnoyingFish has 20 seconds left.
|inactive|AnnoyingFish has 15 seconds left.
|inactive|AnnoyingFish has 10 seconds left.
|
|t:|1784221100
|move|p2a: Rotom|Protect|p2a: Rotom
|-singleturn|p2a: Rotom|Protect
|move|p2b: Maushold|Super Fang|p1a: Incineroar
|-damage|p1a: Incineroar|33/100
|-enditem|p1a: Incineroar|Sitrus Berry|[eat]
|-heal|p1a: Incineroar|58/100|[from] item: Sitrus Berry
|move|p1b: Annihilape|Phantom Force||[still]
|-prepare|p1b: Annihilape|Phantom Force
|move|p1a: Incineroar|Flare Blitz|p2b: Maushold
|-damage|p2b: Maushold|0 fnt
|faint|p2b: Maushold
|-damage|p1a: Incineroar|53/100|[from] Recoil
|
|-weather|SunnyDay|[upkeep]
|-heal|p2a: Rotom|100/100|[from] item: Leftovers
|-sideend|p2: pokemanu24|move: Aurora Veil
|upkeep
|
|t:|1784221115
|switch|p2b: Samurott|Samurott-Hisui, L50, F|100/100
|turn|7
|inactive|pokemanu24 has 30 seconds left.
|
|t:|1784221142
|switch|p1a: Toxapex|Toxapex, L50, M|100/100
|move|p2b: Samurott|Ceaseless Edge|p1a: Toxapex
|-damage|p1a: Toxapex|69/100
|-sidestart|p1: AnnoyingFish|Spikes
|move|p2a: Rotom|Hydro Pump|p1a: Toxapex
|-resisted|p1a: Toxapex|1
|-damage|p1a: Toxapex|61/100
|move|p1b: Annihilape|Phantom Force|p2a: Rotom|[from] lockedmove
|-damage|p2a: Rotom|10/100
|
|-weather|SunnyDay|[upkeep]
|-heal|p2a: Rotom|15/100|[from] item: Leftovers
|-heal|p1a: Toxapex|66/100|[from] item: Leftovers
|upkeep
|turn|8
|inactive|AnnoyingFish has 30 seconds left.
|inactive|pokemanu24 has 30 seconds left.
|inactive|AnnoyingFish has 20 seconds left.
|inactive|AnnoyingFish has 15 seconds left.
|inactive|AnnoyingFish has 10 seconds left.
|
|t:|1784221190
|switch|p2a: Froslass|Froslass-Mega, L50, F|53/100
|-weather|Snowscape|[from] ability: Snow Warning|[of] p2a: Froslass
|-heal|p1a: Toxapex|100/100|[from] ability: Regenerator|[silent]
|switch|p1a: Incineroar|Incineroar, L50, F|53/100
|-damage|p1a: Incineroar|41/100|[from] Spikes
|-ability|p1a: Incineroar|Intimidate|boost
|-unboost|p2a: Froslass|atk|1
|-unboost|p2b: Samurott|atk|1
|move|p1b: Annihilape|Protect|p1b: Annihilape
|-singleturn|p1b: Annihilape|Protect
|move|p2b: Samurott|Ceaseless Edge|p1b: Annihilape
|-activate|p1b: Annihilape|move: Protect
|
|-weather|Snowscape|[upkeep]
|upkeep
|turn|9
|inactive|AnnoyingFish has 30 seconds left.
|inactive|AnnoyingFish has 20 seconds left.
|inactive|pokemanu24 has 30 seconds left.
|
|t:|1784221232
|switch|p1a: Toxapex|Toxapex, L50, M|100/100
|-damage|p1a: Toxapex|87/100|[from] Spikes
|move|p2a: Froslass|Blizzard|p1b: Annihilape|[spread] p1a,p1b
|-resisted|p1a: Toxapex|1
|-damage|p1a: Toxapex|69/100
|-damage|p1b: Annihilape|0 fnt
|faint|p1b: Annihilape
|move|p2b: Samurott|Ceaseless Edge|p1a: Toxapex
|-damage|p1a: Toxapex|50/100g
|-sidestart|p1: AnnoyingFish|Spikes
|
|-weather|Snowscape|[upkeep]
|-heal|p1a: Toxapex|56/100|[from] item: Leftovers
|upkeep
|
|t:|1784221256
|switch|p1b: Charizard|Charizard-Mega-Y, L50, F|50/100g
|-weather|SunnyDay|[from] ability: Drought|[of] p1b: Charizard
|turn|10
|inactive|pokemanu24 has 30 seconds left.
|inactive|AnnoyingFish has 30 seconds left.
|inactive|pokemanu24 has 20 seconds left.
|
|t:|1784221293
|switch|p2a: Rotom|Rotom-Wash, L50|15/100
|move|p1b: Charizard|Protect|p1b: Charizard
|-singleturn|p1b: Charizard|Protect
|move|p2b: Samurott|Ceaseless Edge|p1a: Toxapex
|-damage|p1a: Toxapex|36/100
|-sidestart|p1: AnnoyingFish|Spikes
|move|p1a: Toxapex|Toxic|p2a: Rotom
|-status|p2a: Rotom|tox
|
|-weather|SunnyDay|[upkeep]
|-heal|p2a: Rotom|21/100 tox|[from] item: Leftovers
|-heal|p1a: Toxapex|42/100|[from] item: Leftovers
|-damage|p2a: Rotom|15/100 tox|[from] psn
|upkeep
|turn|11
|
|t:|1784221318
|-heal|p1a: Toxapex|75/100|[from] ability: Regenerator|[silent]
|switch|p1a: Incineroar|Incineroar, L50, F|41/100
|-damage|p1a: Incineroar|16/100|[from] Spikes
|-ability|p1a: Incineroar|Intimidate|boost
|-unboost|p2a: Rotom|atk|1
|-unboost|p2b: Samurott|atk|1
|move|p2b: Samurott|Protect|p2b: Samurott
|-singleturn|p2b: Samurott|Protect
|move|p1b: Charizard|Heat Wave|p2a: Rotom|[spread] p2a
|-activate|p2b: Samurott|move: Protect
|-resisted|p2a: Rotom|1
|-damage|p2a: Rotom|0 fnt
|faint|p2a: Rotom
|
|-weather|SunnyDay|[upkeep]
|upkeep
|
|t:|1784221331
|switch|p2a: Froslass|Froslass-Mega, L50, F|53/100
|-weather|Snowscape|[from] ability: Snow Warning|[of] p2a: Froslass
|turn|12
|inactive|AnnoyingFish has 30 seconds left.
|
|t:|1784221361
|move|p1a: Incineroar|Fake Out|p2b: Samurott
|-crit|p2b: Samurott
|-damage|p2b: Samurott|77/100
|move|p2a: Froslass|Blizzard|p1a: Incineroar|[spread] p1a,p1b
|-resisted|p1a: Incineroar|1
|-damage|p1a: Incineroar|0 fnt
|-damage|p1b: Charizard|13/100
|faint|p1a: Incineroar
|cant|p2b: Samurott|flinch
|move|p1b: Charizard|Heat Wave|p2a: Froslass|[spread] p2a,p2b
|-supereffective|p2a: Froslass|1
|-resisted|p2b: Samurott|1
|-damage|p2a: Froslass|0 fnt
|-damage|p2b: Samurott|44/100
|faint|p2a: Froslass
|
|-weather|Snowscape|[upkeep]
|upkeep
|
|t:|1784221368
|switch|p1a: Toxapex|Toxapex, L50, M|75/100
|-damage|p1a: Toxapex|50/100g|[from] Spikes
|turn|13
|inactive|AnnoyingFish has 30 seconds left.
|
|t:|1784221381
|move|p2b: Samurott|Ceaseless Edge|p1a: Toxapex
|-damage|p1a: Toxapex|35/100
|move|p1b: Charizard|Weather Ball|p2b: Samurott
|-resisted|p2b: Samurott|1
|-damage|p2b: Samurott|14/100
|move|p1a: Toxapex|Toxic|p2b: Samurott
|-status|p2b: Samurott|tox
|
|-weather|Snowscape|[upkeep]
|-heal|p1a: Toxapex|40/100|[from] item: Leftovers
|-damage|p2b: Samurott|8/100 tox|[from] psn
|upkeep
|turn|14
|inactive|AnnoyingFish has 25 seconds left this turn.
|inactive|AnnoyingFish has 20 seconds left.
|
|t:|1784221386
|move|p1b: Charizard|Protect|p1b: Charizard
|-singleturn|p1b: Charizard|Protect
|move|p1a: Toxapex|Baneful Bunker|p1a: Toxapex
|-singleturn|p1a: Toxapex|move: Protect
|move|p2b: Samurott|Ceaseless Edge|p1b: Charizard
|-activate|p1b: Charizard|move: Protect
|
|-weather|Snowscape|[upkeep]
|-heal|p1a: Toxapex|46/100|[from] item: Leftovers
|-damage|p2b: Samurott|0 fnt|[from] psn
|faint|p2b: Samurott
|
|win|AnnoyingFish
|raw|AnnoyingFish's rating: 1081 → 1113(+32 for winning)
|raw|pokemanu24's rating: 1131 → 1102(-29 for losing)
|l|☆pokemanu24
|player|p2|
