|j|☆ArsenioMaster
|j|☆Nessa333
|html|ArsenioMasterNessa333    
|uhtml|bestof|Game 1 of a best-of-3
|t:|1757199789
|gametype|doubles
|player|p1|ArsenioMaster|lucian|1000
|player|p2|Nessa333|2|1000
|gen|9
|tier|[Gen 9] VGC 2025 Reg H (Bo3)
|rated|
|rule|Species Clause: Limit one of each Pokémon
|rule|Item Clause: Limit 1 of each item
|clearpoke
|poke|p1|Archaludon, L50, M|
|poke|p1|Baxcalibur, L50, F|
|poke|p1|Incineroar, L50, M|
|poke|p1|Whimsicott, L50, F|
|poke|p1|Gholdengo, L50|
|poke|p1|Milotic, L50, M|
|poke|p2|Basculegion, L50, M|
|poke|p2|Archaludon, L50, M|
|poke|p2|Rillaboom, L50, F|
|poke|p2|Maushold, L50|
|poke|p2|Sneasler, L50, M|
|poke|p2|Volcarona, L50, F|
|teampreview|4
|showteam|p1|Archaludon||PowerHerb|Stamina|ElectroShot,DragonPulse,FlashCannon,Protect|||M|||50|,,,,,Flying]Baxcalibur||LifeOrb|ThermalExchange|DragonDance,GlaiveRush,Earthquake,IcicleCrash|||F|||50|,,,,,Steel]Incineroar||AssaultVest|Intimidate|FakeOut,Uturn,FlareBlitz,DarkestLariat|||M|||50|,,,,,Fire]Whimsicott||FocusSash|Prankster|BeatUp,Encore,Moonblast,Tailwind|||F|||50|,,,,,Grass]Gholdengo||ChoiceSpecs|GoodasGold|MakeItRain,DazzlingGleam,Psyshock,ShadowBall||||||50|,,,,,Steel]Milotic||FlameOrb|MarvelScale|Protect,LifeDew,IcyWind,Scald|||M|||50|,,,,,Water
|showteam|p2|Basculegion||ChoiceScarf|Adaptability|AquaJet,WaveCrash,LastRespects,FlipTurn|||M|||50|,,,,,Grass]Archaludon||PowerHerb|Sturdy|AuraSphere,ElectroShot,FlashCannon,Protect|||M|||50|,,,,,Fighting]Rillaboom||AssaultVest|GrassySurge|Uturn,FakeOut,GrassyGlide,WoodHammer|||F|||50|,,,,,Fire]Maushold||WideLens|Technician|PopulationBomb,FollowMe,Taunt,Protect||||||50|,,,,,Ghost]Sneasler||GrassySeed|Unburden|DireClaw,CloseCombat,ThroatChop,Protect|||M|||50|,,,,,Stellar]Volcarona||CovertCloak|FlameBody|StruggleBug,WillOWisp,HeatWave,Tailwind|||F|||50|,,,,,Fairy
|inactive|Battle timer is ON: inactive players will automatically lose when time's up. (requested by ArsenioMaster)
|inactive|Nessa333 has 60 seconds left.
|inactive|Nessa333 has 30 seconds left.
|inactive|Nessa333 has 20 seconds left.
|inactive|Nessa333 has 15 seconds left.
|inactive|Nessa333 has 10 seconds left.
|inactive|Nessa333 has 5 seconds left.
|
|t:|1757199891
|teamsize|p1|4
|teamsize|p2|4
|start
|switch|p1a: Whimsicott|Whimsicott, L50, F|100/100
|switch|p1b: Archaludon|Archaludon, L50, M|100/100
|switch|p2a: Basculegion|Basculegion, L50, M|100/100
|switch|p2b: Archaludon|Archaludon, L50, M|100/100
|turn|1
|
|t:|1757199911
|-terastallize|p2b: Archaludon|Fighting
|move|p2a: Basculegion|Flip Turn|p1a: Whimsicott
|-resisted|p1a: Whimsicott
|-damage|p1a: Whimsicott|67/100
|
|t:|1757199919
|switch|p2a: Rillaboom|Rillaboom, L50, F|100/100|[from] Flip Turn
|-fieldstart|move: Grassy Terrain|[from] ability: Grassy Surge|[of] p2a: Rillaboom
|move|p1a: Whimsicott|Beat Up|p1b: Archaludon
|-damage|p1b: Archaludon|98/100
|-ability|p1b: Archaludon|Stamina|boost
|-boost|p1b: Archaludon|def|1
|-damage|p1b: Archaludon|96/100
|-ability|p1b: Archaludon|Stamina|boost
|-boost|p1b: Archaludon|def|1
|-damage|p1b: Archaludon|94/100
|-ability|p1b: Archaludon|Stamina|boost
|-boost|p1b: Archaludon|def|1
|-damage|p1b: Archaludon|93/100
|-ability|p1b: Archaludon|Stamina|boost
|-boost|p1b: Archaludon|def|1
|-hitcount|p1b: Archaludon|4
|move|p1b: Archaludon|Electro Shot||[still]
|-prepare|p1b: Archaludon|Electro Shot
|-boost|p1b: Archaludon|spa|1
|-enditem|p1b: Archaludon|Power Herb
|-anim|p1b: Archaludon|Electro Shot|p2a: Rillaboom
|-resisted|p2a: Rillaboom
|-damage|p2a: Rillaboom|75/100
|move|p2b: Archaludon|Aura Sphere|p1b: Archaludon
|-supereffective|p1b: Archaludon
|-damage|p1b: Archaludon|0 fnt
|faint|p1b: Archaludon
|
|-heal|p1a: Whimsicott|73/100|[from] Grassy Terrain
|-heal|p2a: Rillaboom|81/100|[from] Grassy Terrain
|upkeep
|inactive|ArsenioMaster has 30 seconds left.
|
|t:|1757199951
|switch|p1b: Gholdengo|Gholdengo, L50|100/100
|turn|2
|
|t:|1757199965
|move|p1a: Whimsicott|Encore|p2b: Archaludon
|-start|p2b: Archaludon|Encore
|move|p2b: Archaludon|Aura Sphere|p1b: Gholdengo
|-immune|p1b: Gholdengo
|move|p1b: Gholdengo|Make It Rain|p2b: Archaludon|[spread] p2a,p2b
|-damage|p2a: Rillaboom|31/100
|-ability|p2b: Archaludon|Sturdy
|-damage|p2b: Archaludon|1/100
|-unboost|p1b: Gholdengo|spa|1
|move|p2a: Rillaboom|U-turn|p1a: Whimsicott
|-damage|p1a: Whimsicott|33/100
|
|t:|1757199989
|switch|p2a: Basculegion|Basculegion, L50, M|100/100|[from] U-turn
|
|-heal|p1a: Whimsicott|39/100|[from] Grassy Terrain
|-heal|p2b: Archaludon|7/100|[from] Grassy Terrain
|upkeep
|turn|3
|
|t:|1757200010
|switch|p2b: Rillaboom|Rillaboom, L50, F|31/100
|-terastallize|p1b: Gholdengo|Steel
|move|p1a: Whimsicott|Tailwind|p1a: Whimsicott
|-sidestart|p1: ArsenioMaster|move: Tailwind
|move|p1b: Gholdengo|Make It Rain|p2b: Rillaboom|[spread] p2a,p2b
|-resisted|p2a: Basculegion
|-damage|p2a: Basculegion|62/100
|-damage|p2b: Rillaboom|0 fnt
|-unboost|p1b: Gholdengo|spa|1
|faint|p2b: Rillaboom
|move|p2a: Basculegion|Last Respects|p1a: Whimsicott
|-damage|p1a: Whimsicott|0 fnt
|faint|p1a: Whimsicott
|
|-heal|p2a: Basculegion|68/100|[from] Grassy Terrain
|upkeep
|
|t:|1757200031
|switch|p1a: Incineroar|Incineroar, L50, M|100/100
|switch|p2b: Archaludon|Archaludon, L50, M, tera:Fighting|7/100
|-ability|p1a: Incineroar|Intimidate|boost
|-unboost|p2a: Basculegion|atk|1
|-unboost|p2b: Archaludon|atk|1
|turn|4
|
|t:|1757200049
|move|p1b: Gholdengo|Make It Rain|p2a: Basculegion|[spread] p2a,p2b
|-resisted|p2a: Basculegion
|-damage|p2a: Basculegion|43/100
|-damage|p2b: Archaludon|0 fnt
|-unboost|p1b: Gholdengo|spa|1
|faint|p2b: Archaludon
|move|p2a: Basculegion|Last Respects|p1b: Gholdengo
|-damage|p1b: Gholdengo|29/100
|move|p1a: Incineroar|Darkest Lariat|p2a: Basculegion
|-supereffective|p2a: Basculegion
|-crit|p2a: Basculegion
|-damage|p2a: Basculegion|0 fnt
|faint|p2a: Basculegion
|
|-heal|p1b: Gholdengo|35/100|[from] Grassy Terrain
|upkeep
|
|t:|1757200061
|switch|p2b: Maushold|Maushold, L50|100/100
|turn|5
|
|t:|1757200071
|move|p1b: Gholdengo|Make It Rain|p2b: Maushold
|-damage|p2b: Maushold|26/100
|-unboost|p1b: Gholdengo|spa|1
|move|p2b: Maushold|Population Bomb|p1b: Gholdengo
|-resisted|p1b: Gholdengo
|-damage|p1b: Gholdengo|31/100
|-resisted|p1b: Gholdengo
|-damage|p1b: Gholdengo|26/100
|-resisted|p1b: Gholdengo
|-damage|p1b: Gholdengo|21/100
|-resisted|p1b: Gholdengo
|-damage|p1b: Gholdengo|17/100
|-resisted|p1b: Gholdengo
|-damage|p1b: Gholdengo|12/100
|-resisted|p1b: Gholdengo
|-damage|p1b: Gholdengo|7/100
|-resisted|p1b: Gholdengo
|-damage|p1b: Gholdengo|2/100
|-resisted|p1b: Gholdengo
|-damage|p1b: Gholdengo|0 fnt
|faint|p1b: Gholdengo
|-hitcount|p1: Gholdengo|8
|move|p1a: Incineroar|Flare Blitz|p2b: Maushold
|-damage|p2b: Maushold|0 fnt
|faint|p2b: Maushold
|-damage|p1a: Incineroar|94/100|[from] Recoil
|
|win|ArsenioMaster
||ArsenioMaster is ready for game 2.
|inactive|Nessa333 has 30 seconds to confirm battle start!
||Nessa333 is ready for game 2.
|uhtml|next|Next: Game 2 of 3
