|j|☆FillmooreTJ
|j|☆Paco Amores
|html|FillmooreTJPaco Amores    
|uhtml|bestof|Game 1 of a best-of-3
|t:|1783117270
|gametype|doubles
|player|p1|FillmooreTJ|clair|1074
|player|p2|Paco Amores|birdkeeper|1163
|gen|9
|tier|[Gen 9 Champions] VGC 2026 Reg M-B (Bo3)
|rated|
|rule|Species Clause: Limit one of each Pokémon
|rule|Item Clause: Limit 1 of each item
|clearpoke
|poke|p1|Raichu, L50, F|
|poke|p1|Basculegion-F, L50, F|
|poke|p1|Ninetales-Alola, L50, M|
|poke|p1|Staraptor, L50, M|
|poke|p1|Arcanine-Hisui, L50, F|
|poke|p1|Tsareena, L50, F|
|poke|p2|Sylveon, L50, M|
|poke|p2|Incineroar, L50, M|
|poke|p2|Aerodactyl, L50, F|
|poke|p2|Charizard, L50, F|
|poke|p2|Metagross, L50|
|poke|p2|Garchomp, L50, M|
|teampreview|4
|showteam|p1|Raichu||RaichuniteY|LightningRod|FakeOut,Thunder,FocusBlast,HelpingHand|Timid||F|||50|]Basculegion-F||ChoiceScarf|Adaptability|ShadowBall,MuddyWater,FlipTurn,Blizzard|Modest||F|||50|]Ninetales-Alola||NeverMeltIce|SnowWarning|AuroraVeil,Blizzard,Protect,IcyWind|Timid||M|||50|]Staraptor||Staraptite|Intimidate|CloseCombat,Roost,BraveBird,Protect|Adamant||M|||50|]Arcanine-Hisui||ShucaBerry|Intimidate|HeadSmash,FlareBlitz,ExtremeSpeed,Protect|Adamant||F|||50|]Tsareena||SitrusBerry|QueenlyMajesty|TropKick,LowKick,Taunt,Uturn|Adamant||F|||50|
|showteam|p2|Sylveon||FairyFeather|Pixilate|HyperBeam,HyperVoice,Detect,QuickAttack|Modest||M|||50|]Incineroar||SitrusBerry|Intimidate|FakeOut,PartingShot,FlareBlitz,ThroatChop|Careful||M|||50|]Aerodactyl||FocusSash|Unnerve|Tailwind,RockSlide,DualWingbeat,Protect|Jolly||F|||50|]Charizard||CharizarditeY|SolarPower|Protect,WeatherBall,SolarBeam,HeatWave|Modest||F|||50|]Metagross||Metagrossite|ClearBody|BulletPunch,PsychicFangs,BodyPress,Protect|Adamant|||||50|]Garchomp||LifeOrb|RoughSkin|Protect,RockSlide,Earthquake,DragonClaw|Jolly||M|||50|
|inactive|Battle timer is ON: inactive players will automatically lose when time's up. (requested by Paco Amores)
|inactive|Paco Amores has 60 seconds left.
|inactive|Paco Amores has 30 seconds left.
|inactive|Paco Amores has 20 seconds left.
|inactive|Paco Amores has 15 seconds left.
|
|t:|1783117411
|teamsize|p1|4
|teamsize|p2|4
|start
|switch|p1a: Basculegion|Basculegion-F, L50, F|100/100
|switch|p1b: Arcanine|Arcanine-Hisui, L50, F|100/100
|switch|p2a: Aerodactyl|Aerodactyl, L50, F|100/100
|switch|p2b: Incineroar|Incineroar, L50, M|100/100
|-ability|p2a: Aerodactyl|Unnerve
|-ability|p1b: Arcanine|Intimidate|boost
|-unboost|p2a: Aerodactyl|atk|1
|-unboost|p2b: Incineroar|atk|1
|-ability|p2b: Incineroar|Intimidate|boost
|-unboost|p1a: Basculegion|atk|1
|-unboost|p1b: Arcanine|atk|1
|turn|1
|inactive|FillmooreTJ has 30 seconds left.
|inactive|FillmooreTJ has 20 seconds left.
|
|t:|1783117450
|move|p2b: Incineroar|Fake Out|p1b: Arcanine
|-resisted|p1b: Arcanine|1
|-damage|p1b: Arcanine|96/100
|cant|p1b: Arcanine|flinch
|move|p2a: Aerodactyl|Tailwind|p2a: Aerodactyl
|-sidestart|p2: Paco Amores|move: Tailwind
|move|p1a: Basculegion|Muddy Water|p2b: Incineroar|[spread] p2b
|-miss|p1a: Basculegion|p2a: Aerodactyl
|-supereffective|p2b: Incineroar|1
|-damage|p2b: Incineroar|38/100
|-unboost|p2b: Incineroar|accuracy|1
|-enditem|p2b: Incineroar|Sitrus Berry|[eat]
|-heal|p2b: Incineroar|63/100|[from] item: Sitrus Berry
|
|upkeep
|turn|2
|inactive|FillmooreTJ has 30 seconds left.
|inactive|Paco Amores has 30 seconds left.
|
|t:|1783117485
|move|p1b: Arcanine|Extreme Speed|p2a: Aerodactyl
|-resisted|p2a: Aerodactyl|1
|-damage|p2a: Aerodactyl|84/100
|move|p2a: Aerodactyl|Rock Slide|p1b: Arcanine|[spread] p1a,p1b
|-crit|p1a: Basculegion
|-supereffective|p1b: Arcanine|1
|-damage|p1a: Basculegion|47/100
|-damage|p1b: Arcanine|59/100
|move|p1a: Basculegion|Muddy Water|p2a: Aerodactyl|[spread] p2a,p2b
|-supereffective|p2a: Aerodactyl|1
|-supereffective|p2b: Incineroar|1
|-damage|p2a: Aerodactyl|0 fnt
|-damage|p2b: Incineroar|0 fnt
|faint|p2a: Aerodactyl
|faint|p2b: Incineroar
|
|upkeep
|
|t:|1783117499
|switch|p2a: Metagross|Metagross, L50|100/100
|switch|p2b: Garchomp|Garchomp, L50, M|100/100
|turn|3
|inactive|FillmooreTJ has 30 seconds left.
|inactive|Paco Amores has 30 seconds left.
|inactive|FillmooreTJ has 20 seconds left.
|inactive|Paco Amores has 20 seconds left.
|inactive|FillmooreTJ has 15 seconds left.
|
|t:|1783117544
|switch|p1b: Ninetales|Ninetales-Alola, L50, M|100/100
|-weather|Snowscape|[from] ability: Snow Warning|[of] p1b: Ninetales
|detailschange|p2a: Metagross|Metagross-Mega, L50
|-mega|p2a: Metagross|Metagross|Metagrossite
|move|p2b: Garchomp|Dragon Claw|p1a: Basculegion
|-damage|p1a: Basculegion|0 fnt
|faint|p1a: Basculegion
|-damage|p2b: Garchomp|90/100|[from] item: Life Orb
|move|p2a: Metagross|Body Press|p1b: Ninetales
|-damage|p1b: Ninetales|67/100
|
|-weather|Snowscape|[upkeep]
|upkeep
|
|t:|1783117556
|switch|p1a: Raichu|Raichu, L50, F|100/100
|turn|4
|inactive|FillmooreTJ has 30 seconds left.
|
|t:|1783117589
|detailschange|p1a: Raichu|Raichu-Mega-Y, L50, F
|-mega|p1a: Raichu|Raichu|Raichunite Y
|move|p2b: Garchomp|Protect|p2b: Garchomp
|-singleturn|p2b: Garchomp|Protect
|move|p2a: Metagross|Protect|p2a: Metagross
|-singleturn|p2a: Metagross|Protect
|move|p1a: Raichu|Fake Out|p2a: Metagross
|-activate|p2a: Metagross|move: Protect
|move|p1b: Ninetales|Aurora Veil|p1b: Ninetales
|-sidestart|p1: FillmooreTJ|move: Aurora Veil
|
|-weather|Snowscape|[upkeep]
|-sideend|p2: Paco Amores|move: Tailwind
|upkeep
|turn|5
|inactive|FillmooreTJ has 30 seconds left.
|inactive|Paco Amores has 30 seconds left.
|inactive|FillmooreTJ has 20 seconds left.
|
|t:|1783117627
|switch|p1a: Arcanine|Arcanine-Hisui, L50, F|59/100
|-ability|p1a: Arcanine|Intimidate|boost
|-unboost|p2a: Metagross|atk|1
|-unboost|p2b: Garchomp|atk|1
|move|p2a: Metagross|Bullet Punch|p1b: Ninetales
|-supereffective|p1b: Ninetales|2
|-damage|p1b: Ninetales|8/100
|move|p1b: Ninetales|Blizzard|p2b: Garchomp|[spread] p2a,p2b
|-resisted|p2a: Metagross|1
|-supereffective|p2b: Garchomp|2
|-damage|p2a: Metagross|82/100
|-damage|p2b: Garchomp|0 fnt
|faint|p2b: Garchomp
|
|-weather|Snowscape|[upkeep]
|upkeep
|turn|6
|inactive|FillmooreTJ has 30 seconds left.
|
|t:|1783117655
|move|p1b: Ninetales|Protect|p1b: Ninetales
|-singleturn|p1b: Ninetales|Protect
|move|p2a: Metagross|Body Press|p1a: Arcanine
|-supereffective|p1a: Arcanine|1
|-crit|p1a: Arcanine
|-damage|p1a: Arcanine|0 fnt
|faint|p1a: Arcanine
|
|-weather|Snowscape|[upkeep]
|upkeep
|
|t:|1783117662
|switch|p1a: Raichu|Raichu-Mega-Y, L50, F|100/100
|turn|7
|
|t:|1783117677
|move|p2a: Metagross|Protect|p2a: Metagross
|-singleturn|p2a: Metagross|Protect
|move|p1a: Raichu|Fake Out|p2a: Metagross
|-activate|p2a: Metagross|move: Protect
|move|p1b: Ninetales|Blizzard|p2a: Metagross
|-activate|p2a: Metagross|move: Protect
|
|-weather|none
|upkeep
|turn|8
|
|t:|1783117687
|move|p1a: Raichu|Thunder|p2a: Metagross
|-damage|p2a: Metagross|13/100
|move|p1b: Ninetales|Blizzard|p2a: Metagross
|-resisted|p2a: Metagross|1
|-damage|p2a: Metagross|0 fnt
|faint|p2a: Metagross
|
|win|FillmooreTJ
||FillmooreTJ is ready for game 2.
|inactive|Paco Amores has 30 seconds to confirm battle start!
