|j|☆JakAttack101
|j|☆ivanthesaxophonist
|html|JakAttack101ivanthesaxophonist    
|uhtml|bestof|Game 1 of a best-of-3
|t:|1756495037
|gametype|doubles
|player|p1|JakAttack101|blaine|1078
|player|p2|ivanthesaxophonist|acetrainer-gen4dp|1088
|gen|9
|tier|[Gen 9] VGC 2025 Reg H (Bo3)
|rated|
|rule|Species Clause: Limit one of each Pokémon
|rule|Item Clause: Limit 1 of each item
|clearpoke
|poke|p1|Annihilape, L50, M|
|poke|p1|Ninetales-Alola, L50, M|
|poke|p1|Garchomp, L50, F|
|poke|p1|Dragonite, L50, M|
|poke|p1|Sneasler, L50, M|
|poke|p1|Incineroar, L50, F|
|poke|p2|Zoroark-Hisui, L50, M|
|poke|p2|Annihilape, L50, F|
|poke|p2|Archaludon, L50, F|
|poke|p2|Maushold-Four, L50|
|poke|p2|Sinistcha-Masterpiece, L50|
|poke|p2|Milotic, L50, F|
|teampreview|4
|showteam|p1|Annihilape||AssaultVest|Defiant|RageFist,DrainPunch,RockTomb,FinalGambit|||M|||50|,,,,,Fire]Ninetales-Alola||ChoiceSpecs|SnowWarning|Blizzard,Moonblast,FreezeDry,IcyWind|||M|||50|,,,,,Ghost]Garchomp||LifeOrb|RoughSkin|Earthquake,StompingTantrum,DragonClaw,Protect|||F|||50|,,,,,Steel]Dragonite||LoadedDice|Multiscale|ScaleShot,Tailwind,Protect,Haze|||M|||50|,,,,,Fairy]Sneasler||FocusSash|Unburden|CloseCombat,DireClaw,FakeOut,Coaching|||M|||50|,,,,,Ghost]Incineroar||SafetyGoggles|Intimidate|KnockOff,Taunt,FakeOut,PartingShot|||F|||50|,,,,,Fairy
|showteam|p2|Zoroark-Hisui||ChoiceSpecs|Illusion|HyperVoice,ShadowBall,TeraBlast,IcyWind|||M|||50|,,,,,Normal]Annihilape||SafetyGoggles|Defiant|RageFist,CloseCombat,BulkUp,Protect|||F|||50|,,,,,Fighting]Archaludon||AssaultVest|Stamina|BodyPress,DragonPulse,ElectroShot,FlashCannon|||F|||50|,,,,,Steel]Maushold-Four||WideLens|Technician|PopulationBomb,FollowMe,Taunt,Protect||||||50|,,,,,Normal]Sinistcha-Masterpiece||SitrusBerry|Hospitality|MatchaGotcha,LifeDew,RagePowder,ShadowBall||||||50|,,,,,Grass]Milotic||Leftovers|Competitive|AlluringVoice,IcyWind,Scald,Protect|||F|||50|,,,,,Water
|inactive|Battle timer is ON: inactive players will automatically lose when time's up. (requested by JakAttack101)
|
|t:|1756495079
|teamsize|p1|4
|teamsize|p2|4
|start
|switch|p1a: Ninetales|Ninetales-Alola, L50, M, shiny|100/100
|switch|p1b: Dragonite|Dragonite, L50, M, shiny|100/100
|switch|p2a: Archaludon|Archaludon, L50, F|100/100
|switch|p2b: Maushold|Maushold-Four, L50|100/100
|-weather|Snowscape|[from] ability: Snow Warning|[of] p1a: Ninetales
|turn|1
|inactive|ivanthesaxophonist has 30 seconds left.
|
|t:|1756495106
|move|p2b: Maushold|Population Bomb|p1b: Dragonite
|-damage|p1b: Dragonite|94/100
|-damage|p1b: Dragonite|80/100
|-damage|p1b: Dragonite|66/100
|-damage|p1b: Dragonite|54/100
|-damage|p1b: Dragonite|41/100
|-damage|p1b: Dragonite|29/100
|-damage|p1b: Dragonite|14/100
|-damage|p1b: Dragonite|2/100
|-damage|p1b: Dragonite|0 fnt
|faint|p1b: Dragonite
|-hitcount|p1: Dragonite|9
|move|p1a: Ninetales|Blizzard|p2a: Archaludon|[spread] p2a,p2b
|-damage|p2a: Archaludon|55/100
|-damage|p2b: Maushold|26/100
|-ability|p2a: Archaludon|Stamina|boost
|-boost|p2a: Archaludon|def|1
|move|p2a: Archaludon|Flash Cannon|p1a: Ninetales
|-supereffective|p1a: Ninetales
|-damage|p1a: Ninetales|0 fnt
|faint|p1a: Ninetales
|
|-weather|Snowscape|[upkeep]
|upkeep
|
|t:|1756495110
|switch|p1a: Garchomp|Garchomp, L50, F|100/100
|switch|p1b: Sneasler|Sneasler, L50, M, shiny|100/100
|turn|2
|inactive|ivanthesaxophonist has 30 seconds left.
|inactive|ivanthesaxophonist has 20 seconds left.
|
|t:|1756495150
|move|p1b: Sneasler|Dire Claw|p2b: Maushold
|-damage|p2b: Maushold|0 fnt
|faint|p2b: Maushold
|move|p1a: Garchomp|Stomping Tantrum|p2a: Archaludon
|-supereffective|p2a: Archaludon
|-damage|p2a: Archaludon|0 fnt
|faint|p2a: Archaludon
|-damage|p1a: Garchomp|91/100|[from] item: Life Orb
|
|-weather|Snowscape|[upkeep]
|upkeep
|
|t:|1756495159
|switch|p2b: Milotic|Milotic, L50, F|100/100
|switch|p2a: Sinistcha|Sinistcha-Masterpiece, L50|100/100
|turn|3
|
|t:|1756495183
|-terastallize|p1a: Garchomp|Steel
|move|p2a: Sinistcha|Rage Powder|p2a: Sinistcha
|-singleturn|p2a: Sinistcha|move: Rage Powder
|move|p1b: Sneasler|Dire Claw|p2a: Sinistcha
|-damage|p2a: Sinistcha|59/100
|move|p1a: Garchomp|Dragon Claw|p2a: Sinistcha
|-damage|p2a: Sinistcha|7/100
|-enditem|p2a: Sinistcha|Sitrus Berry|[eat]
|-heal|p2a: Sinistcha|32/100|[from] item: Sitrus Berry
|-damage|p1a: Garchomp|81/100|[from] item: Life Orb
|move|p2b: Milotic|Icy Wind|p1a: Garchomp|[spread] p1a,p1b
|-resisted|p1a: Garchomp
|-damage|p1a: Garchomp|76/100
|-damage|p1b: Sneasler|88/100
|-unboost|p1a: Garchomp|spe|1
|-unboost|p1b: Sneasler|spe|1
|
|-weather|Snowscape|[upkeep]
|upkeep
|turn|4
|inactive|ivanthesaxophonist has 30 seconds left.
|
|t:|1756495210
|move|p2a: Sinistcha|Rage Powder|p2a: Sinistcha
|-singleturn|p2a: Sinistcha|move: Rage Powder
|move|p1b: Sneasler|Dire Claw|p2a: Sinistcha
|-damage|p2a: Sinistcha|0 fnt
|faint|p2a: Sinistcha
|move|p1a: Garchomp|Dragon Claw|p2b: Milotic
|-damage|p2b: Milotic|55/100
|-damage|p1a: Garchomp|66/100|[from] item: Life Orb
|move|p2b: Milotic|Icy Wind|p1b: Sneasler|[spread] p1a,p1b
|-resisted|p1a: Garchomp
|-damage|p1a: Garchomp|61/100
|-damage|p1b: Sneasler|74/100
|-unboost|p1a: Garchomp|spe|1
|-unboost|p1b: Sneasler|spe|1
|
|-weather|Snowscape|[upkeep]
|-heal|p2b: Milotic|61/100|[from] item: Leftovers
|upkeep
|turn|5
|
|t:|1756495233
|move|p2b: Milotic|Protect|p2b: Milotic
|-singleturn|p2b: Milotic|Protect
|move|p1b: Sneasler|Coaching|p1a: Garchomp
|-boost|p1a: Garchomp|atk|1
|-boost|p1a: Garchomp|def|1
|move|p1a: Garchomp|Dragon Claw|p2b: Milotic
|-activate|p2b: Milotic|move: Protect
|
|-weather|none
|-heal|p2b: Milotic|67/100|[from] item: Leftovers
|upkeep
|turn|6
|
|t:|1756495246
|move|p2b: Milotic|Scald|p1a: Garchomp
|-damage|p1a: Garchomp|31/100
|-status|p1a: Garchomp|brn
|move|p1b: Sneasler|Coaching|p1a: Garchomp
|-boost|p1a: Garchomp|atk|1
|-boost|p1a: Garchomp|def|1
|move|p1a: Garchomp|Dragon Claw|p2b: Milotic
|-damage|p2b: Milotic|27/100
|-damage|p1a: Garchomp|22/100 brn|[from] item: Life Orb
|
|-heal|p2b: Milotic|33/100|[from] item: Leftovers
|-damage|p1a: Garchomp|16/100 brn|[from] brn
|upkeep
|turn|7
|
|t:|1756495261
|move|p2b: Milotic|Protect|p2b: Milotic
|-singleturn|p2b: Milotic|Protect
|move|p1b: Sneasler|Dire Claw|p2b: Milotic
|-activate|p2b: Milotic|move: Protect
|move|p1a: Garchomp|Dragon Claw|p2b: Milotic
|-activate|p2b: Milotic|move: Protect
|
|-heal|p2b: Milotic|39/100|[from] item: Leftovers
|-damage|p1a: Garchomp|10/100 brn|[from] brn
|upkeep
|turn|8
|
|t:|1756495281
|move|p2b: Milotic|Icy Wind|p1b: Sneasler|[spread] p1a,p1b
|-resisted|p1a: Garchomp
|-crit|p1a: Garchomp
|-damage|p1a: Garchomp|3/100 brn
|-damage|p1b: Sneasler|61/100
|-unboost|p1a: Garchomp|spe|1
|-unboost|p1b: Sneasler|spe|1
|move|p1b: Sneasler|Dire Claw|p2b: Milotic
|-damage|p2b: Milotic|3/100
|-status|p2b: Milotic|slp
|move|p1a: Garchomp|Dragon Claw|p2b: Milotic
|-damage|p2b: Milotic|0 fnt
|faint|p2b: Milotic
|-damage|p1a: Garchomp|0 fnt|[from] item: Life Orb
|faint|p1a: Garchomp
|
|win|JakAttack101
