|j|☆SengarBlade
|j|☆Oldcow
|html|SengarBladeOldcow    
|uhtml|bestof|Game 2 of a best-of-3
|t:|1757255645
|gametype|doubles
|player|p1|SengarBlade|preschooler|
|player|p2|Oldcow|cyrus|
|gen|9
|tier|[Gen 9] VGC 2025 Reg H (Bo3)
|rule|Species Clause: Limit one of each Pokémon
|rule|Item Clause: Limit 1 of each item
|clearpoke
|poke|p1|Typhlosion-Hisui, L50, F|
|poke|p1|Whimsicott, L50, F|
|poke|p1|Ursaluna-Bloodmoon, L50, M|
|poke|p1|Primarina, L50, M|
|poke|p1|Meowscarada, L50, F|
|poke|p1|Farigiraf, L50, M|
|poke|p2|Garchomp, L50, M|
|poke|p2|Tyranitar, L50, F|
|poke|p2|Magmar, L50, F|
|poke|p2|Rillaboom, L50, M|
|poke|p2|Primarina, L50, M|
|poke|p2|Hydreigon, L50, F|
|teampreview|4
|showteam|p1|Typhlosion-Hisui||Charcoal|Blaze|Eruption,HeatWave,ShadowBall,Protect|||F|||50|,,,,,Fire]Whimsicott||CovertCloak|Prankster|Tailwind,Moonblast,SunnyDay,Encore|||F|||50|,,,,,Dark]Ursaluna-Bloodmoon||LifeOrb|MindsEye|HyperVoice,BloodMoon,EarthPower,Protect|||M|||50|,,,,,Normal]Primarina||ThroatSpray|LiquidVoice|Moonblast,HyperVoice,Haze,Protect|||M|||50|,,,,,Grass]Meowscarada||FocusSash|Protean|FlowerTrick,KnockOff,Uturn,Protect|||F|||50|,,,,,Grass]Farigiraf||SafetyGoggles|ArmorTail|PsychicNoise,HyperVoice,HelpingHand,TrickRoom|||M|||50|,,,,,Fire
|showteam|p2|Garchomp||LifeOrb|SandVeil|DragonClaw,StompingTantrum,RockSlide,Protect|||M|||50|,,,,,Steel]Tyranitar||AssaultVest|SandStream|KnockOff,RockSlide,LowKick,IcePunch|||F|||50|,,,,,Flying]Magmar||Eviolite|VitalSpirit|Overheat,FollowMe,Protect,Taunt|||F|||50|,,,,,Water]Rillaboom||MeadowPlate|GrassySurge|GrassyGlide,HighHorsepower,FakeOut,Uturn|||M|||50|,,,,,Grass]Primarina||SitrusBerry|LiquidVoice|HyperVoice,Moonblast,Protect,Haze|||M|||50|,,,,,Ghost]Hydreigon||CovertCloak|Levitate|DarkPulse,DracoMeteor,Tailwind,Protect|||F|||50|,,,,,Electric
|j| jowemama
|j| KyleTampy
|
|t:|1757255731
|teamsize|p1|4
|teamsize|p2|4
|start
|switch|p1a: Whimsicott|Whimsicott, L50, F|100/100
|switch|p1b: Typhlosion|Typhlosion-Hisui, L50, F|100/100
|switch|p2a: Hydreigon|Hydreigon, L50, F|100/100
|switch|p2b: Tyranitar|Tyranitar, L50, F|100/100
|-weather|Sandstorm|[from] ability: Sand Stream|[of] p2b: Tyranitar
|turn|1
|inactive|Battle timer is ON: inactive players will automatically lose when time's up. (requested by Oldcow)
|
|t:|1757255764
|move|p2a: Hydreigon|Protect|p2a: Hydreigon
|-singleturn|p2a: Hydreigon|Protect
|move|p1a: Whimsicott|Sunny Day|p1a: Whimsicott
|-weather|SunnyDay
|move|p1b: Typhlosion|Eruption|p2a: Hydreigon|[spread] p2b
|-activate|p2a: Hydreigon|move: Protect
|-resisted|p2b: Tyranitar
|-damage|p2b: Tyranitar|69/100
|move|p2b: Tyranitar|Knock Off|p1b: Typhlosion
|-supereffective|p1b: Typhlosion
|-damage|p1b: Typhlosion|0 fnt
|-enditem|p1b: Typhlosion|Charcoal|[from] move: Knock Off|[of] p2b: Tyranitar
|faint|p1b: Typhlosion
|
|-weather|SunnyDay|[upkeep]
|upkeep
|
|t:|1757255780
|switch|p1b: Farigiraf|Farigiraf, L50, M|100/100
|turn|2
|inactive|SengarBlade has 30 seconds left.
|inactive|SengarBlade has 20 seconds left.
|
|t:|1757255820
|-terastallize|p2a: Hydreigon|Electric
|move|p1b: Farigiraf|Helping Hand|p1a: Whimsicott
|-singleturn|p1a: Whimsicott|Helping Hand|[of] p1b: Farigiraf
|move|p1a: Whimsicott|Moonblast|p2b: Tyranitar
|-supereffective|p2b: Tyranitar
|-damage|p2b: Tyranitar|20/100
|move|p2a: Hydreigon|Dark Pulse|p1b: Farigiraf
|-supereffective|p1b: Farigiraf
|-damage|p1b: Farigiraf|23/100
|move|p2b: Tyranitar|Rock Slide|p1b: Farigiraf|[spread] p1a,p1b
|-damage|p1a: Whimsicott|60/100
|-damage|p1b: Farigiraf|0 fnt
|faint|p1b: Farigiraf
|
|-weather|SunnyDay|[upkeep]
|upkeep
|
|t:|1757255833
|switch|p1b: Primarina|Primarina, L50, M|100/100
|turn|3
|inactive|Oldcow has 30 seconds left.
|
|t:|1757255863
|move|p1a: Whimsicott|Tailwind|p1a: Whimsicott
|-sidestart|p1: SengarBlade|move: Tailwind
|move|p1b: Primarina|Hyper Voice|p2b: Tyranitar|[spread] p2a,p2b
|-supereffective|p2b: Tyranitar
|-crit|p2b: Tyranitar
|-damage|p2a: Hydreigon|79/100
|-damage|p2b: Tyranitar|0 fnt
|faint|p2b: Tyranitar
|-enditem|p1b: Primarina|Throat Spray
|-boost|p1b: Primarina|spa|1|[from] item: Throat Spray
|move|p2a: Hydreigon|Tailwind|p2a: Hydreigon
|-sidestart|p2: Oldcow|move: Tailwind
|
|-weather|SunnyDay|[upkeep]
|upkeep
|
|t:|1757255881
|switch|p2b: Primarina|Primarina, L50, M|100/100
|turn|4
|inactive|Oldcow has 30 seconds left.
|
|t:|1757255908
|move|p1a: Whimsicott|Moonblast|p2a: Hydreigon
|-damage|p2a: Hydreigon|50/100
|move|p2a: Hydreigon|Dark Pulse|p1b: Primarina
|-resisted|p1b: Primarina
|-damage|p1b: Primarina|85/100
|move|p2b: Primarina|Moonblast|p1a: Whimsicott
|-damage|p1a: Whimsicott|0 fnt
|faint|p1a: Whimsicott
|move|p1b: Primarina|Moonblast|p2a: Hydreigon
|-crit|p2a: Hydreigon
|-damage|p2a: Hydreigon|0 fnt
|faint|p2a: Hydreigon
|
|-weather|SunnyDay|[upkeep]
|upkeep
|
|t:|1757255920
|switch|p2a: Rillaboom|Rillaboom, L50, M|100/100
|-fieldstart|move: Grassy Terrain|[from] ability: Grassy Surge|[of] p2a: Rillaboom
|turn|5
|
|t:|1757255931
|-terastallize|p1b: Primarina|Grass
|move|p2a: Rillaboom|Fake Out|p1b: Primarina
|-damage|p1b: Primarina|69/100
|cant|p1b: Primarina|flinch
|move|p2b: Primarina|Haze|p2b: Primarina
|-clearallboost
|
|-weather|none
|-heal|p1b: Primarina|75/100|[from] Grassy Terrain
|upkeep
|turn|6
|
|t:|1757255942
|move|p2a: Rillaboom|U-turn|p1b: Primarina
|-supereffective|p1b: Primarina
|-crit|p1b: Primarina
|-damage|p1b: Primarina|0 fnt
|faint|p1b: Primarina
|
|win|Oldcow
||SengarBlade is ready for game 3.
|inactive|Oldcow has 30 seconds to confirm battle start!
||Oldcow is ready for game 3.
|uhtml|next|Next: Game 3 of 3
|l|☆SengarBlade
|player|p1|
|l| jowemama
