|j|☆Chavo666
|j|☆LynxVGC
|html|Chavo666LynxVGC    
|uhtml|bestof|Game 3 of a best-of-3
|t:|1784293659
|gametype|doubles
|player|p1|Chavo666|steven|1133
|player|p2|LynxVGC|larry|1260
|gen|9
|tier|[Gen 9 Champions] VGC 2026 Reg M-B (Bo3)
|rated|
|rule|Species Clause: Limit one of each Pokémon
|rule|Item Clause: Limit 1 of each item
|clearpoke
|poke|p1|Farigiraf, L50, F|
|poke|p1|Clefable, L50, F|
|poke|p1|Sneasler, L50, M|
|poke|p1|Archaludon, L50, F|
|poke|p1|Basculegion, L50, M|
|poke|p1|Meowstic, L50, M|
|poke|p2|Basculegion, L50, M|
|poke|p2|Kingambit, L50, M|
|poke|p2|Maushold, L50|
|poke|p2|Gardevoir, L50, F|
|poke|p2|Talonflame, L50, F|
|poke|p2|Garchomp, L50, M|
|teampreview|4
|showteam|p1|Farigiraf||ColburBerry|ArmorTail|DazzlingGleam,Psychic,TrickRoom,LightScreen|Sassy||F|||50|]Clefable||SitrusBerry|MagicGuard|FollowMe,Moonblast,BatonPass,CosmicPower|Bold||F|||50|]Sneasler||FocusSash|Unburden|DireClaw,CloseCombat,FakeOut,Coaching|Jolly||M|||50|]Archaludon||Leftovers|Stamina|ElectroShot,DragonPulse,FlashCannon,Protect|Calm||F|||50|]Basculegion||LifeOrb|SwiftSwim|Protect,AquaJet,LastRespects,WaveCrash|Jolly||M|||50|]Meowstic||Meowsticite|Prankster|CalmMind,RainDance,Psychic,AlluringVoice|Timid||M|||50|
|showteam|p2|Basculegion||ChoiceScarf|Adaptability|FlipTurn,AquaJet,WaveCrash,LastRespects|Jolly||M|||50|]Kingambit||FocusSash|Defiant|KowtowCleave,LowKick,SuckerPunch,IronHead|Adamant||M|||50|]Maushold||ChopleBerry|FriendGuard|SuperFang,FollowMe,Feint,Protect|Timid|||||50|]Gardevoir||Gardevoirite|Telepathy|HyperVoice,Psyshock,VacuumWave,Protect|Modest||F|||50|]Talonflame||SharpBeak|GaleWings|BraveBird,Tailwind,QuickGuard,FlareBlitz|Jolly||F|||50|]Garchomp||LifeOrb|RoughSkin|DragonClaw,Earthquake,RockTomb,Protect|Jolly||M|||50|
|
|t:|1784293693
|teamsize|p1|4
|teamsize|p2|4
|start
|switch|p1a: Basculegion|Basculegion, L50, M|100/100
|switch|p1b: Meowstic|Meowstic, L50, M|100/100
|switch|p2a: Kingambit|Kingambit, L50, M|100/100
|switch|p2b: Maushold|Maushold, L50|100/100
|turn|1
|
|t:|1784293748
|switch|p1b: Sneasler|Sneasler, L50, M|100/100
|switch|p1a: Archaludon|Archaludon, L50, F|100/100
|move|p2b: Maushold|Protect|p2b: Maushold
|-singleturn|p2b: Maushold|Protect
|move|p2a: Kingambit|Kowtow Cleave|p1b: Sneasler
|-resisted|p1b: Sneasler|1
|-damage|p1b: Sneasler|61/100
|
|upkeep
|turn|2
|
|t:|1784293782
|switch|p1a: Basculegion|Basculegion, L50, M|100/100
|switch|p2a: Gardevoir|Gardevoir, L50, F|100/100
|move|p1b: Sneasler|Close Combat|p2b: Maushold
|-supereffective|p2b: Maushold|1
|-enditem|p2b: Maushold|Chople Berry|[eat]
|-enditem|p2b: Maushold|Chople Berry|[weaken]
|-damage|p2b: Maushold|17/100
|-unboost|p1b: Sneasler|def|1
|-unboost|p1b: Sneasler|spd|1
|move|p2b: Maushold|Super Fang|p1a: Basculegion
|-immune|p1a: Basculegion
|
|upkeep
|turn|3
|
|t:|1784293822
|switch|p2b: Basculegion|Basculegion, L50, M|100/100
|detailschange|p2a: Gardevoir|Gardevoir-Mega, L50, F
|-mega|p2a: Gardevoir|Gardevoir|Gardevoirite
|move|p2a: Gardevoir|Protect|p2a: Gardevoir
|-singleturn|p2a: Gardevoir|Protect
|move|p1b: Sneasler|Close Combat|p2b: Basculegion
|-immune|p2b: Basculegion
|move|p1a: Basculegion|Wave Crash|p2a: Gardevoir
|-activate|p2a: Gardevoir|move: Protect
|
|upkeep
|turn|4
|
|t:|1784293849
|move|p1a: Basculegion|Protect|p1a: Basculegion
|-singleturn|p1a: Basculegion|Protect
|move|p2b: Basculegion|Last Respects|p1a: Basculegion
|-activate|p1a: Basculegion|move: Protect
|move|p1b: Sneasler|Coaching|p1a: Basculegion
|-boost|p1a: Basculegion|atk|1
|-boost|p1a: Basculegion|def|1
|move|p2a: Gardevoir|Hyper Voice|p1b: Sneasler|[spread] p1b
|-activate|p1a: Basculegion|move: Protect
|-damage|p1b: Sneasler|0 fnt
|faint|p1b: Sneasler
|
|upkeep
|
|t:|1784293861
|switch|p1b: Meowstic|Meowstic, L50, M|100/100
|turn|5
|
|t:|1784293881
|switch|p2b: Maushold|Maushold, L50|17/100
|move|p2a: Gardevoir|Protect|p2a: Gardevoir
|-singleturn|p2a: Gardevoir|Protect
|move|p1b: Meowstic|Rain Dance|p1b: Meowstic
|-weather|RainDance
|move|p1a: Basculegion|Last Respects|p2b: Maushold
|-immune|p2b: Maushold
|
|-weather|RainDance|[upkeep]
|upkeep
|turn|6
|
|t:|1784293910
|detailschange|p1b: Meowstic|Meowstic-M-Mega, L50, M
|-mega|p1b: Meowstic|Meowstic|Meowsticite
|-ability|p1b: Meowstic|Pixilate|Trace|[from] ability: Trace|[of] p2a: Gardevoir
|move|p2b: Maushold|Follow Me|p2b: Maushold
|-singleturn|p2b: Maushold|move: Follow Me
|move|p1a: Basculegion|Aqua Jet|p2b: Maushold
|-damage|p2b: Maushold|0 fnt
|faint|p2b: Maushold
|-damage|p1a: Basculegion|90/100|[from] item: Life Orb
|move|p1b: Meowstic|Psychic|p2a: Gardevoir
|-resisted|p2a: Gardevoir|1
|-damage|p2a: Gardevoir|79/100
|move|p2a: Gardevoir|Hyper Voice|p1b: Meowstic|[spread] p1a,p1b
|-damage|p1a: Basculegion|29/100
|-damage|p1b: Meowstic|32/100
|
|-weather|RainDance|[upkeep]
|upkeep
|
|t:|1784293926
|switch|p2b: Kingambit|Kingambit, L50, M|100/100
|turn|7
|
|t:|1784293934
|switch|p1b: Archaludon|Archaludon, L50, F|100/100
|move|p1a: Basculegion|Aqua Jet|p2a: Gardevoir
|-damage|p2a: Gardevoir|5/100
|-damage|p1a: Basculegion|19/100|[from] item: Life Orb
|move|p2b: Kingambit|Sucker Punch||[still]
|-fail|p2b: Kingambit
|move|p2a: Gardevoir|Hyper Voice|p1b: Archaludon|[spread] p1a,p1b
|-damage|p1a: Basculegion|0 fnt
|-damage|p1b: Archaludon|42/100
|-ability|p1b: Archaludon|Stamina|boost
|-boost|p1b: Archaludon|def|1
|faint|p1a: Basculegion
|
|-weather|RainDance|[upkeep]
|-heal|p1b: Archaludon|48/100|[from] item: Leftovers
|upkeep
|
|t:|1784293943
|switch|p1a: Meowstic|Meowstic-M-Mega, L50, M|32/100
|-ability|p1a: Meowstic|Defiant|Trace|[from] ability: Trace|[of] p2b: Kingambit
|turn|8
|
|t:|1784293953
|move|p1b: Archaludon|Protect|p1b: Archaludon
|-singleturn|p1b: Archaludon|Protect
|move|p2b: Kingambit|Sucker Punch|p1a: Meowstic
|-supereffective|p1a: Meowstic|1
|-damage|p1a: Meowstic|0 fnt
|faint|p1a: Meowstic
|move|p2a: Gardevoir|Hyper Voice|p1b: Archaludon
|-activate|p1b: Archaludon|move: Protect
|
|-weather|RainDance|[upkeep]
|-heal|p1b: Archaludon|54/100|[from] item: Leftovers
|upkeep
|turn|9
|
|t:|1784293974
|move|p2a: Gardevoir|Hyper Voice|p1b: Archaludon
|-damage|p1b: Archaludon|0 fnt
|faint|p1b: Archaludon
|
|win|LynxVGC
|raw|Chavo666's rating: 1133 → 1117(-16 for losing)
|raw|LynxVGC's rating: 1260 → 1276(+16 for winning)
|l|☆Chavo666
|player|p1|
|c|☆LynxVGC|gg
