|j|☆Hossss
|j|☆WASHINGTONGARGACHA
|html|HossssWASHINGTONGARGACHA    
|uhtml|bestof|Game 3 of a best-of-3
|t:|1757787968
|gametype|doubles
|player|p1|Hossss|n|1065
|player|p2|WASHINGTONGARGACHA|266|1087
|gen|9
|tier|[Gen 9] VGC 2025 Reg H (Bo3)
|rated|
|rule|Species Clause: Limit one of each Pokémon
|rule|Item Clause: Limit 1 of each item
|clearpoke
|poke|p1|Politoed, L50, F|
|poke|p1|Archaludon, L50, M|
|poke|p1|Kingdra, L50, M|
|poke|p1|Incineroar, L50, F|
|poke|p1|Amoonguss, L50, F|
|poke|p1|Gothitelle, L50, F|
|poke|p2|Typhlosion-Hisui, L50, M|
|poke|p2|Whimsicott, L50, M|
|poke|p2|Dragapult, L50, F|
|poke|p2|Torkoal, L50, F|
|poke|p2|Lilligant-Hisui, L50, F|
|poke|p2|Electabuzz, L50, F|
|teampreview|4
|showteam|p1|Politoed||Leftovers|Drizzle|Protect,WeatherBall,PerishSong,Encore|||F|||50|,,,,,Grass]Archaludon||PowerHerb|Sturdy|Protect,ElectroShot,FlashCannon,DragonPulse|||M|||50|,,,,,Electric]Kingdra||LifeOrb|SwiftSwim|Protect,DracoMeteor,WeatherBall,MuddyWater|||M|||50|,,,,,Stellar]Incineroar||SafetyGoggles|Intimidate|FakeOut,KnockOff,PartingShot,Protect|||F|||50|,,,,,Ghost]Amoonguss||EjectButton|Regenerator|Protect,RagePowder,Spore,PollenPuff|||F|||50|,,,,,Fairy]Gothitelle||SitrusBerry|ShadowTag|Protect,Psychic,FakeOut,TrickRoom|||F|||50|,,,,,Dark
|showteam|p2|Typhlosion-Hisui||ChoiceSpecs|Blaze|HeatWave,Eruption,ShadowBall,FocusPunch|||M|||50|,,,,,Fire]Whimsicott||CovertCloak|Prankster|Tailwind,Moonblast,SunnyDay,Encore|||M|||50|,,,,,Water]Dragapult||ChoiceBand|ClearBody|Uturn,SuckerPunch,DragonDarts,PhantomForce|||F|||50|,,,,,Dragon]Torkoal||LifeOrb|Drought|HeatWave,Eruption,Protect,WeatherBall|||F|||50|,,,,,Fire]Lilligant-Hisui||FocusSash|Chlorophyll|CloseCombat,SleepPowder,AfterYou,LeafBlade|||F|||50|,,,,,Ghost]Electabuzz||Eviolite|VitalSpirit|FollowMe,Taunt,Electroweb,Protect|||F|||50|,,,,,Grass
|
|t:|1757787991
|teamsize|p1|4
|teamsize|p2|4
|start
|switch|p1a: Archaludon|Archaludon, L50, M|100/100
|switch|p1b: Incineroar|Incineroar, L50, F|100/100
|switch|p2a: Typhlosion|Typhlosion-Hisui, L50, M|100/100
|switch|p2b: Electabuzz|Electabuzz, L50, F|100/100
|-ability|p1b: Incineroar|Intimidate|boost
|-unboost|p2a: Typhlosion|atk|1
|-unboost|p2b: Electabuzz|atk|1
|turn|1
|
|t:|1757788042
|-terastallize|p1a: Archaludon|Electric
|move|p1b: Incineroar|Fake Out|p2b: Electabuzz
|-damage|p2b: Electabuzz|89/100
|cant|p2b: Electabuzz|flinch
|move|p2a: Typhlosion|Shadow Ball|p1a: Archaludon
|-damage|p1a: Archaludon|10/100
|move|p1a: Archaludon|Electro Shot||[still]
|-prepare|p1a: Archaludon|Electro Shot
|-boost|p1a: Archaludon|spa|1
|-enditem|p1a: Archaludon|Power Herb
|-anim|p1a: Archaludon|Electro Shot|p2a: Typhlosion
|-damage|p2a: Typhlosion|0 fnt
|faint|p2a: Typhlosion
|
|upkeep
|
|t:|1757788056
|switch|p2a: Dragapult|Dragapult, L50, F|100/100
|turn|2
|
|t:|1757788081
|-terastallize|p2a: Dragapult|Dragon
|move|p1a: Archaludon|Protect|p1a: Archaludon
|-singleturn|p1a: Archaludon|Protect
|move|p2a: Dragapult|Dragon Darts|p1b: Incineroar
|-damage|p1b: Incineroar|56/100
|-anim|p2a: Dragapult|Dragon Darts|p1b: Incineroar
|-damage|p1b: Incineroar|9/100
|move|p2b: Electabuzz|Taunt|p1b: Incineroar
|-start|p1b: Incineroar|move: Taunt
|cant|p1b: Incineroar|move: Taunt|Parting Shot
|
|upkeep
|turn|3
|
|t:|1757788124
|switch|p1b: Gothitelle|Gothitelle, L50, F|100/100
|move|p2a: Dragapult|Dragon Darts|p1a: Archaludon
|-damage|p1a: Archaludon|0 fnt
|-anim|p2a: Dragapult|Dragon Darts|p1b: Gothitelle
|-crit|p1b: Gothitelle
|-damage|p1b: Gothitelle|25/100
|-enditem|p1b: Gothitelle|Sitrus Berry|[eat]
|-heal|p1b: Gothitelle|50/100|[from] item: Sitrus Berry
|faint|p1a: Archaludon
|move|p2b: Electabuzz|Electroweb|p1b: Gothitelle
|-crit|p1b: Gothitelle
|-damage|p1b: Gothitelle|27/100
|-unboost|p1b: Gothitelle|spe|1
|
|upkeep
|
|t:|1757788133
|switch|p1a: Politoed|Politoed, L50, F|100/100
|-weather|RainDance|[from] ability: Drizzle|[of] p1a: Politoed
|turn|4
|
|t:|1757788147
|move|p1b: Gothitelle|Fake Out|p2a: Dragapult
|-damage|p2a: Dragapult|93/100
|cant|p2a: Dragapult|flinch
|move|p2b: Electabuzz|Taunt|p1a: Politoed
|-start|p1a: Politoed|move: Taunt
|move|p1a: Politoed|Weather Ball|p2a: Dragapult
|-resisted|p2a: Dragapult
|-damage|p2a: Dragapult|58/100
|
|-weather|RainDance|[upkeep]
|upkeep
|turn|5
|
|t:|1757788168
|switch|p1b: Incineroar|Incineroar, L50, F|9/100
|-ability|p1b: Incineroar|Intimidate|boost
|-fail|p2a: Dragapult|unboost|[from] ability: Clear Body|[of] p2a: Dragapult
|-unboost|p2b: Electabuzz|atk|1
|move|p2b: Electabuzz|Follow Me|p2b: Electabuzz
|-singleturn|p2b: Electabuzz|move: Follow Me
|move|p2a: Dragapult|Dragon Darts|p1b: Incineroar
|-damage|p1b: Incineroar|0 fnt
|-anim|p2a: Dragapult|Dragon Darts|p1a: Politoed
|-damage|p1a: Politoed|48/100
|faint|p1b: Incineroar
|move|p1a: Politoed|Weather Ball|p2b: Electabuzz
|-damage|p2b: Electabuzz|49/100
|
|-weather|RainDance|[upkeep]
|-heal|p1a: Politoed|54/100|[from] item: Leftovers
|upkeep
|-message|Hossss forfeited.
|raw|Hossss's rating: 1065 → 1046(-19 for losing)
|raw|WASHINGTONGARGACHA's rating: 1087 → 1112(+25 for winning)
|
|win|WASHINGTONGARGACHA
