|j|☆Yunobo7
|j|☆direclawexperience
|html|Yunobo7direclawexperience    
|uhtml|bestof|Game 1 of a best-of-3
|t:|1757694260
|gametype|doubles
|player|p1|Yunobo7|266|1389
|player|p2|direclawexperience|benga|1467
|gen|9
|tier|[Gen 9] VGC 2025 Reg H (Bo3)
|rated|
|rule|Species Clause: Limit one of each Pokémon
|rule|Item Clause: Limit 1 of each item
|clearpoke
|poke|p1|Glimmora, L50, M|
|poke|p1|Maushold-Four, L50|
|poke|p1|Incineroar, L50, M|
|poke|p1|Rillaboom, L50, F|
|poke|p1|Dondozo, L50, M|
|poke|p1|Sneasler, L50, M|
|poke|p2|Sneasler, L50, M|
|poke|p2|Gholdengo, L50|
|poke|p2|Ursaluna-Bloodmoon, L50, M|
|poke|p2|Incineroar, L50, M|
|poke|p2|Annihilape, L50, F|
|poke|p2|Rillaboom, L50, M|
|teampreview|4
|showteam|p1|Glimmora||PowerHerb|ToxicDebris|MeteorBeam,EarthPower,SludgeBomb,SpikyShield|||M|||50|,,,,,Grass]Maushold-Four||WideLens|Technician|PopulationBomb,FollowMe,Taunt,Protect||||||50|,,,,,Ghost]Incineroar||SafetyGoggles|Intimidate|FlareBlitz,PartingShot,KnockOff,FakeOut|||M|||50|,,,,,Ghost]Rillaboom||AssaultVest|GrassySurge|WoodHammer,HighHorsepower,GrassyGlide,FakeOut|||F|||50|,,,,,Fire]Dondozo||Leftovers|Unaware|WaveCrash,Yawn,Fissure,Protect|||M|||50|,,,,,Grass]Sneasler||GrassySeed|Unburden|DireClaw,Acrobatics,CloseCombat,Protect|||M|||50|,,,,,Flying
|showteam|p2|Sneasler||GrassySeed|Unburden|CloseCombat,DireClaw,Acrobatics,Protect|||M|||50|,,,,,Flying]Gholdengo||ChoiceScarf|GoodasGold|MakeItRain,ShadowBall,Trick,Protect||||||50|,,,,,Steel]Ursaluna-Bloodmoon||Leftovers|MindsEye|BloodMoon,EarthPower,CalmMind,Protect|||M|||50|,,,,,Water]Incineroar||SitrusBerry|Intimidate|KnockOff,PartingShot,FlareBlitz,FakeOut|||M|||50|,,,,,Ghost]Annihilape||SafetyGoggles|Defiant|CloseCombat,RageFist,FinalGambit,Coaching|||F|||50|,,,,,Grass]Rillaboom||AssaultVest|GrassySurge|DrumBeating,GrassyGlide,HighHorsepower,FakeOut|||M|||50|,,,,,Fire
|inactive|Battle timer is ON: inactive players will automatically lose when time's up. (requested by direclawexperience)
|inactive|Yunobo7 also wants the timer to be on.
|inactive|Yunobo7 has 60 seconds left.
|inactive|direclawexperience has 60 seconds left.
|
|t:|1757694301
|teamsize|p1|4
|teamsize|p2|4
|start
|switch|p1a: Sneasler|Sneasler, L50, M, shiny|100/100
|switch|p1b: Maushold|Maushold-Four, L50, shiny|100/100
|switch|p2a: Ursaluna|Ursaluna-Bloodmoon, L50, M|100/100
|switch|p2b: Incineroar|Incineroar, L50, M|100/100
|-ability|p2b: Incineroar|Intimidate|boost
|-unboost|p1a: Sneasler|atk|1
|-unboost|p1b: Maushold|atk|1
|turn|1
|inactive|direclawexperience has 30 seconds left.
|
|t:|1757694332
|switch|p1a: Incineroar|Incineroar, L50, M, shiny|100/100
|-ability|p1a: Incineroar|Intimidate|boost
|-unboost|p2a: Ursaluna|atk|1
|-unboost|p2b: Incineroar|atk|1
|switch|p2b: Annihilape|Annihilape, L50, F|100/100
|move|p2a: Ursaluna|Protect|p2a: Ursaluna
|-singleturn|p2a: Ursaluna|Protect
|move|p1b: Maushold|Population Bomb|p2a: Ursaluna
|-activate|p2a: Ursaluna|move: Protect
|
|upkeep
|turn|2
|
|t:|1757694356
|switch|p2a: Incineroar|Incineroar, L50, M|100/100
|-ability|p2a: Incineroar|Intimidate|boost
|-unboost|p1a: Incineroar|atk|1
|-unboost|p1b: Maushold|atk|1
|move|p1b: Maushold|Population Bomb|p2a: Incineroar
|-crit|p2a: Incineroar
|-damage|p2a: Incineroar|85/100
|-damage|p2a: Incineroar|79/100
|-damage|p2a: Incineroar|74/100
|-damage|p2a: Incineroar|68/100
|-damage|p2a: Incineroar|62/100
|-damage|p2a: Incineroar|56/100
|-damage|p2a: Incineroar|50/100
|-enditem|p2a: Incineroar|Sitrus Berry|[eat]
|-heal|p2a: Incineroar|75/100|[from] item: Sitrus Berry
|-damage|p2a: Incineroar|69/100
|-damage|p2a: Incineroar|64/100
|-damage|p2a: Incineroar|58/100
|-hitcount|p2a: Incineroar|10
|move|p2b: Annihilape|Close Combat|p1b: Maushold
|-supereffective|p1b: Maushold
|-damage|p1b: Maushold|0 fnt
|-unboost|p2b: Annihilape|def|1
|-unboost|p2b: Annihilape|spd|1
|faint|p1b: Maushold
|move|p1a: Incineroar|Knock Off|p2a: Incineroar
|-resisted|p2a: Incineroar
|-damage|p2a: Incineroar|50/100
|
|upkeep
|
|t:|1757694359
|switch|p1b: Sneasler|Sneasler, L50, M, shiny|100/100
|turn|3
|inactive|direclawexperience has 30 seconds left.
|
|t:|1757694392
|switch|p2b: Ursaluna|Ursaluna-Bloodmoon, L50, M|100/100
|switch|p1a: Rillaboom|Rillaboom, L50, F, shiny|100/100
|-fieldstart|move: Grassy Terrain|[from] ability: Grassy Surge|[of] p1a: Rillaboom
|-enditem|p1b: Sneasler|Grassy Seed
|-boost|p1b: Sneasler|def|1|[from] item: Grassy Seed
|switch|p2a: Rillaboom|Rillaboom, L50, M|100/100
|move|p1b: Sneasler|Acrobatics|p2b: Ursaluna
|-damage|p2b: Ursaluna|72/100
|
|-heal|p2b: Ursaluna|78/100|[from] Grassy Terrain
|-heal|p2b: Ursaluna|85/100|[from] item: Leftovers
|upkeep
|turn|4
|inactive|direclawexperience has 30 seconds left.
|
|t:|1757694426
|switch|p2a: Annihilape|Annihilape, L50, F|100/100
|switch|p2b: Incineroar|Incineroar, L50, M|50/100
|-ability|p2b: Incineroar|Intimidate|boost
|-unboost|p1a: Rillaboom|atk|1
|-unboost|p1b: Sneasler|atk|1
|move|p1b: Sneasler|Close Combat|p2a: Annihilape
|-immune|p2a: Annihilape
|move|p1a: Rillaboom|Wood Hammer|p2b: Incineroar
|-resisted|p2b: Incineroar
|-damage|p2b: Incineroar|27/100
|-damage|p1a: Rillaboom|93/100|[from] Recoil
|
|-heal|p1a: Rillaboom|99/100|[from] Grassy Terrain
|-heal|p2b: Incineroar|33/100|[from] Grassy Terrain
|upkeep
|turn|5
|inactive|direclawexperience has 30 seconds left.
|inactive|direclawexperience has 20 seconds left.
|
|t:|1757694466
|-terastallize|p1b: Sneasler|Flying
|move|p2b: Incineroar|Fake Out|p1b: Sneasler
|-damage|p1b: Sneasler|88/100
|cant|p1b: Sneasler|flinch
|move|p2a: Annihilape|Final Gambit|p1a: Rillaboom
|-damage|p1a: Rillaboom|0 fnt
|faint|p2a: Annihilape
|faint|p1a: Rillaboom
|
|-heal|p2b: Incineroar|39/100|[from] Grassy Terrain
|upkeep
|
|t:|1757694475
|switch|p2a: Ursaluna|Ursaluna-Bloodmoon, L50, M|85/100
|switch|p1a: Incineroar|Incineroar, L50, M, shiny|100/100
|-ability|p1a: Incineroar|Intimidate|boost
|-unboost|p2a: Ursaluna|atk|1
|-unboost|p2b: Incineroar|atk|1
|turn|6
|
|t:|1757694498
|switch|p2b: Rillaboom|Rillaboom, L50, M|100/100
|-terastallize|p2a: Ursaluna|Water
|move|p1b: Sneasler|Protect|p1b: Sneasler
|-singleturn|p1b: Sneasler|Protect
|move|p2a: Ursaluna|Blood Moon|p1b: Sneasler
|-activate|p1b: Sneasler|move: Protect
|move|p1a: Incineroar|Flare Blitz|p2b: Rillaboom
|-supereffective|p2b: Rillaboom
|-damage|p2b: Rillaboom|0 fnt
|faint|p2b: Rillaboom
|-damage|p1a: Incineroar|69/100|[from] Recoil
|
|-heal|p2a: Ursaluna|91/100|[from] Grassy Terrain
|-heal|p2a: Ursaluna|97/100|[from] item: Leftovers
|-heal|p1a: Incineroar|75/100|[from] Grassy Terrain
|upkeep
|
|t:|1757694509
|switch|p2b: Incineroar|Incineroar, L50, M|39/100
|-ability|p2b: Incineroar|Intimidate|boost
|-unboost|p1a: Incineroar|atk|1
|-unboost|p1b: Sneasler|atk|1
|turn|7
|
|t:|1757694516
|move|p1b: Sneasler|Protect||[still]
|-fail|p1b: Sneasler
|move|p2b: Incineroar|Fake Out|p1b: Sneasler
|-damage|p1b: Sneasler|75/100
|move|p2a: Ursaluna|Earth Power|p1a: Incineroar
|-supereffective|p1a: Incineroar
|-damage|p1a: Incineroar|0 fnt
|faint|p1a: Incineroar
|
|-heal|p2a: Ursaluna|100/100|[from] Grassy Terrain
|-heal|p2b: Incineroar|45/100|[from] Grassy Terrain
|-fieldend|move: Grassy Terrain
|upkeep
|turn|8
|
|t:|1757694527
|move|p1b: Sneasler|Dire Claw|p2a: Ursaluna
|-damage|p2a: Ursaluna|83/100
|-status|p2a: Ursaluna|psn
|move|p2a: Ursaluna|Blood Moon|p1b: Sneasler
|-damage|p1b: Sneasler|0 fnt
|faint|p1b: Sneasler
|
|win|direclawexperience
|l|☆direclawexperience
|player|p2|
|inactive|Yunobo7 has 30 seconds to confirm battle start!
|inactive|direclawexperience has 30 seconds to confirm battle start!
||direclawexperience is ready for game 2.
|inactive|Yunobo7 has 20 seconds to confirm battle start!
|inactive|Yunobo7 has 10 seconds to confirm battle start!
||Yunobo7 is ready for game 2.
|uhtml|next|Next: Game 2 of 3
