|j|☆totsbite4
|j|☆Champ B
|html|totsbite4Champ B    
|uhtml|bestof|Game 1 of a best-of-3
|t:|1756773027
|gametype|doubles
|player|p1|totsbite4|jogger|1266
|player|p2|Champ B|1|1236
|gen|9
|tier|[Gen 9] VGC 2025 Reg H (Bo3)
|rated|
|rule|Species Clause: Limit one of each Pokémon
|rule|Item Clause: Limit 1 of each item
|clearpoke
|poke|p1|Kommo-o, L50, F|
|poke|p1|Electabuzz, L50, F|
|poke|p1|Primarina, L50, F|
|poke|p1|Talonflame, L50, F|
|poke|p1|Rillaboom, L50, M|
|poke|p1|Sneasler, L50, F|
|poke|p2|Sneasler, L50, M|
|poke|p2|Dragapult, L50, M|
|poke|p2|Primarina, L50, F|
|poke|p2|Rillaboom, L50, F|
|poke|p2|Kingambit, L50, F|
|poke|p2|Magmar, L50, F|
|teampreview|4
|showteam|p1|Kommo-o||ThroatSpray|Soundproof|ClangingScales,Flamethrower,ClangorousSoul,Protect|||F|||50|,,,,,Fire]Electabuzz||Eviolite|VitalSpirit|FollowMe,Electroweb,Taunt,Protect|||F|||50|,,,,,Ghost]Primarina||LifeOrb|LiquidVoice|HyperVoice,Moonblast,Haze,Protect|||F|||50|,,,,,Poison]Talonflame||SharpBeak|GaleWings|BraveBird,WillOWisp,Tailwind,Protect|||F|||50|,,,,,Ghost]Rillaboom||AssaultVest|GrassySurge|GrassyGlide,WoodHammer,FakeOut,Uturn|||M|||50|,,,,,Fire]Sneasler||FocusSash|Unburden|DireClaw,CloseCombat,ThroatChop,Protect|||F|||50|,,,,,Dark
|showteam|p2|Sneasler||FocusSash|PoisonTouch|CloseCombat,DireClaw,FakeOut,Protect|||M|||50|,,,,,Stellar]Dragapult||ChoiceBand|ClearBody|DragonDarts,TeraBlast,PhantomForce,Uturn|||M|||50|,,,,,Ghost]Primarina||SitrusBerry|LiquidVoice|HyperVoice,Moonblast,Haze,Protect|||F|||50|,,,,,Water]Rillaboom||AssaultVest|GrassySurge|WoodHammer,GrassyGlide,HighHorsepower,FakeOut|||F|||50|,,,,,Fire]Kingambit||BlackGlasses|Defiant|KowtowCleave,SuckerPunch,SwordsDance,Protect|||F|||50|,,,,,Ghost]Magmar||Eviolite|VitalSpirit|Overheat,WillOWisp,FollowMe,Protect|||F|||50|,,,,,Ghost
|inactive|Battle timer is ON: inactive players will automatically lose when time's up. (requested by Champ B)
|inactive|totsbite4 has 60 seconds left.
|inactive|Champ B has 60 seconds left.
|
|t:|1756773065
|teamsize|p1|4
|teamsize|p2|4
|start
|switch|p1a: Electabuzz|Electabuzz, L50, F|100/100
|switch|p1b: Primarina|Primarina, L50, F|100/100
|switch|p2a: Kingambit|Kingambit, L50, F|100/100
|switch|p2b: Magmar|Magmar, L50, F|100/100
|turn|1
|
|t:|1756773085
|move|p2b: Magmar|Follow Me|p2b: Magmar
|-singleturn|p2b: Magmar|move: Follow Me
|move|p1a: Electabuzz|Electroweb|p2a: Kingambit|[spread] p2a,p2b
|-damage|p2a: Kingambit|87/100
|-damage|p2b: Magmar|90/100
|-unboost|p2a: Kingambit|spe|1
|-ability|p2a: Kingambit|Defiant|boost
|-boost|p2a: Kingambit|atk|2
|-unboost|p2b: Magmar|spe|1
|move|p1b: Primarina|Hyper Voice|p2a: Kingambit|[spread] p2a,p2b
|-supereffective|p2b: Magmar
|-damage|p2a: Kingambit|47/100
|-damage|p2b: Magmar|17/100
|-damage|p1b: Primarina|91/100|[from] item: Life Orb
|move|p2a: Kingambit|Swords Dance|p2a: Kingambit
|-boost|p2a: Kingambit|atk|2
|
|upkeep
|turn|2
|
|t:|1756773106
|move|p2a: Kingambit|Protect|p2a: Kingambit
|-singleturn|p2a: Kingambit|Protect
|move|p1a: Electabuzz|Taunt|p2b: Magmar
|-start|p2b: Magmar|move: Taunt
|move|p1b: Primarina|Haze|p1b: Primarina
|-clearallboost
|move|p2b: Magmar|Overheat|p1a: Electabuzz
|-damage|p1a: Electabuzz|57/100
|-unboost|p2b: Magmar|spa|2
|
|upkeep
|turn|3
|inactive|totsbite4 has 30 seconds left.
|
|t:|1756773132
|move|p1a: Electabuzz|Electroweb|p2b: Magmar|[spread] p2b
|-miss|p1a: Electabuzz|p2a: Kingambit
|-damage|p2b: Magmar|6/100
|-unboost|p2b: Magmar|spe|1
|move|p1b: Primarina|Hyper Voice|p2b: Magmar|[spread] p2a,p2b
|-supereffective|p2b: Magmar
|-crit|p2b: Magmar
|-damage|p2a: Kingambit|5/100
|-damage|p2b: Magmar|0 fnt
|faint|p2b: Magmar
|-damage|p1b: Primarina|82/100|[from] item: Life Orb
|move|p2a: Kingambit|Kowtow Cleave|p1a: Electabuzz
|-damage|p1a: Electabuzz|17/100
|
|upkeep
|
|t:|1756773138
|switch|p2b: Sneasler|Sneasler, L50, M|100/100
|turn|4
|
|t:|1756773157
|move|p1a: Electabuzz|Protect|p1a: Electabuzz
|-singleturn|p1a: Electabuzz|Protect
|move|p1b: Primarina|Protect|p1b: Primarina
|-singleturn|p1b: Primarina|Protect
|move|p2a: Kingambit|Protect|p2a: Kingambit
|-singleturn|p2a: Kingambit|Protect
|move|p2b: Sneasler|Dire Claw|p1a: Electabuzz
|-activate|p1a: Electabuzz|move: Protect
|
|upkeep
|turn|5
|
|t:|1756773174
|switch|p2a: Dragapult|Dragapult, L50, M|100/100
|move|p1a: Electabuzz|Follow Me|p1a: Electabuzz
|-singleturn|p1a: Electabuzz|move: Follow Me
|move|p2b: Sneasler|Dire Claw|p1a: Electabuzz
|-damage|p1a: Electabuzz|0 fnt
|faint|p1a: Electabuzz
|move|p1b: Primarina|Hyper Voice|p2a: Dragapult|[spread] p2a,p2b
|-resisted|p2a: Dragapult
|-damage|p2a: Dragapult|67/100
|-damage|p2b: Sneasler|42/100
|-damage|p1b: Primarina|72/100|[from] item: Life Orb
|
|upkeep
|
|t:|1756773188
|switch|p1a: Kommo-o|Kommo-o, L50, F|100/100
|turn|6
|inactive|totsbite4 has 30 seconds left.
|
|t:|1756773216
|-terastallize|p2b: Sneasler|Stellar
|-terastallize|p1a: Kommo-o|Fire
|move|p2a: Dragapult|Dragon Darts|p1a: Kommo-o
|-damage|p1a: Kommo-o|68/100
|-anim|p2a: Dragapult|Dragon Darts|p1a: Kommo-o
|-damage|p1a: Kommo-o|39/100
|move|p2b: Sneasler|Dire Claw|p1b: Primarina
|-supereffective|p1b: Primarina
|-damage|p1b: Primarina|0 fnt
|faint|p1b: Primarina
|move|p1a: Kommo-o|Clanging Scales|p2a: Dragapult|[spread] p2a,p2b
|-supereffective|p2a: Dragapult
|-damage|p2a: Dragapult|0 fnt
|-damage|p2b: Sneasler|0 fnt
|faint|p2a: Dragapult
|faint|p2b: Sneasler
|-unboost|p1a: Kommo-o|def|1
|-enditem|p1a: Kommo-o|Throat Spray
|-boost|p1a: Kommo-o|spa|1|[from] item: Throat Spray
|
|upkeep
|
|t:|1756773236
|switch|p2b: Kingambit|Kingambit, L50, F|5/100
|switch|p1b: Sneasler|Sneasler, L50, F|100/100
|turn|7
|
|t:|1756773243
|move|p2b: Kingambit|Protect|p2b: Kingambit
|-singleturn|p2b: Kingambit|Protect
|move|p1b: Sneasler|Close Combat|p2b: Kingambit
|-activate|p2b: Kingambit|move: Protect
|move|p1a: Kommo-o|Flamethrower|p2b: Kingambit
|-activate|p2b: Kingambit|move: Protect
|
|upkeep
|turn|8
|
|t:|1756773253
|move|p1a: Kommo-o|Protect|p1a: Kommo-o
|-singleturn|p1a: Kommo-o|Protect
|move|p2b: Kingambit|Sucker Punch||[still]
|-fail|p2b: Kingambit
|move|p1b: Sneasler|Close Combat|p2b: Kingambit
|-supereffective|p2b: Kingambit
|-damage|p2b: Kingambit|0 fnt
|-unboost|p1b: Sneasler|def|1
|-unboost|p1b: Sneasler|spd|1
|faint|p2b: Kingambit
|
|win|totsbite4
||Champ B is ready for game 2.
|inactive|totsbite4 has 30 seconds to confirm battle start!
