|j|☆ur1ryanpowney
|j|☆i cant fit in
|html|ur1ryanpowneyi cant fit in    
|uhtml|bestof|Game 1 of a best-of-3
|t:|1756234389
|gametype|doubles
|player|p1|ur1ryanpowney|nate|
|player|p2|i cant fit in|1|
|gen|9
|tier|[Gen 9] VGC 2025 Reg H (Bo3)
|rule|Species Clause: Limit one of each Pokémon
|rule|Item Clause: Limit 1 of each item
|clearpoke
|poke|p1|Ursaluna, L50, F|
|poke|p1|Kommo-o, L50, M|
|poke|p1|Indeedee-F, L50, F|
|poke|p1|Incineroar, L50, F|
|poke|p1|Braviary-Hisui, L50, M|
|poke|p1|Amoonguss, L50, F|
|poke|p2|Sneasler, L50, M|
|poke|p2|Clefable, L50, M|
|poke|p2|Gholdengo, L50|
|poke|p2|Rillaboom, L50, M|
|poke|p2|Magmar, L50, M|
|poke|p2|Dragapult, L50, F|
|teampreview|4
|showteam|p1|Ursaluna||FlameOrb|Guts|Facade,Earthquake,Protect,HeadlongRush|||F|||50|,,,,,Normal]Kommo-o||ThroatSpray|Overcoat|ClangorousSoul,ClangingScales,Protect,Flamethrower|||M|||50|,,,,,Fire]Indeedee-F||MentalHerb|PsychicSurge|DazzlingGleam,FollowMe,TrickRoom,HelpingHand|||F|||50|,,,,,Fairy]Incineroar||SafetyGoggles|Intimidate|FakeOut,KnockOff,PartingShot,FlareBlitz|||F|||50|,,,,,Grass]Braviary-Hisui||LifeOrb|TintedLens|ExpandingForce,Protect,TeraBlast,EsperWing|||M|||50|,,,,,Fighting]Amoonguss||RoomService|Regenerator|Spore,PollenPuff,RagePowder,ClearSmog|||F|||50|,,,,,Water
|showteam|p2|Sneasler||FocusSash|Unburden|CloseCombat,DireClaw,Protect,ThroatChop|||M|||50|,,,,,Dark]Clefable||RockyHelmet|Unaware|Moonblast,IcyWind,FollowMe,Protect|||M|||50|,,,,,Steel]Gholdengo||LifeOrb|GoodasGold|MakeItRain,ShadowBall,NastyPlot,Protect||||||50|,,,,,Water]Rillaboom||AssaultVest|GrassySurge|WoodHammer,GrassyGlide,HighHorsepower,FakeOut|||M|||50|,,,,,Fire]Magmar||Eviolite|VitalSpirit|Taunt,Overheat,FollowMe,Protect|||M|||50|,,,,,Ghost]Dragapult||ChoiceSpecs|ClearBody|ShadowBall,DracoMeteor,Thunderbolt,Flamethrower|||F|||50|,,,,,Fire
|
|t:|1756234464
|teamsize|p1|4
|teamsize|p2|4
|start
|switch|p1a: Indeedee|Indeedee-F, L50, F|100/100
|switch|p1b: Braviary|Braviary-Hisui, L50, M|100/100
|switch|p2a: Gholdengo|Gholdengo, L50|100/100
|switch|p2b: Clefable|Clefable, L50, M, shiny|100/100
|-fieldstart|move: Psychic Terrain|[from] ability: Psychic Surge|[of] p1a: Indeedee
|turn|1
|
|t:|1756234540
|-terastallize|p1b: Braviary|Fighting
|move|p1a: Indeedee|Follow Me|p1a: Indeedee
|-singleturn|p1a: Indeedee|move: Follow Me
|move|p2a: Gholdengo|Nasty Plot|p2a: Gholdengo
|-boost|p2a: Gholdengo|spa|2
|move|p1b: Braviary|Expanding Force|p2b: Clefable|[spread] p2a,p2b
|-resisted|p2a: Gholdengo
|-damage|p2a: Gholdengo|24/100
|-damage|p2b: Clefable|33/100
|-damage|p1b: Braviary|91/100|[from] item: Life Orb
|move|p2b: Clefable|Moonblast|p1a: Indeedee
|-damage|p1a: Indeedee|66/100
|-unboost|p1a: Indeedee|spa|1
|
|upkeep
|turn|2
|
|t:|1756234596
|switch|p1a: Amoonguss|Amoonguss, L50, F, shiny|100/100
|move|p1b: Braviary|Protect|p1b: Braviary
|-singleturn|p1b: Braviary|Protect
|move|p2a: Gholdengo|Make It Rain|p1b: Braviary|[spread] p1a
|-activate|p1b: Braviary|move: Protect
|-damage|p1a: Amoonguss|23/100
|-unboost|p2a: Gholdengo|spa|1
|-damage|p2a: Gholdengo|15/100|[from] item: Life Orb
|move|p2b: Clefable|Moonblast|p1b: Braviary
|-activate|p1b: Braviary|move: Protect
|
|upkeep
|turn|3
|
|t:|1756234636
|move|p2a: Gholdengo|Make It Rain|p1b: Braviary|[spread] p1a,p1b
|-damage|p1a: Amoonguss|0 fnt
|-damage|p1b: Braviary|0 fnt
|-unboost|p2a: Gholdengo|spa|1
|faint|p1a: Amoonguss
|faint|p1b: Braviary
|-damage|p2a: Gholdengo|5/100|[from] item: Life Orb
|move|p2b: Clefable|Moonblast|p1: Amoonguss|[notarget]
|-fail|p2b: Clefable
|
|upkeep
|
|t:|1756234645
|switch|p1b: Indeedee|Indeedee-F, L50, F|66/100
|switch|p1a: Kommo-o|Kommo-o, L50, M|100/100
|turn|4
|
|t:|1756234658
|move|p1b: Indeedee|Follow Me|p1b: Indeedee
|-singleturn|p1b: Indeedee|move: Follow Me
|move|p2b: Clefable|Follow Me|p2b: Clefable
|-singleturn|p2b: Clefable|move: Follow Me
|move|p2a: Gholdengo|Make It Rain|p1a: Kommo-o|[spread] p1a,p1b
|-damage|p1a: Kommo-o|56/100
|-damage|p1b: Indeedee|15/100
|-unboost|p2a: Gholdengo|spa|1
|-damage|p2a: Gholdengo|0 fnt|[from] item: Life Orb
|faint|p2a: Gholdengo
|move|p1a: Kommo-o|Clangorous Soul|p1a: Kommo-o
|-boost|p1a: Kommo-o|atk|1
|-boost|p1a: Kommo-o|def|1
|-boost|p1a: Kommo-o|spa|1
|-boost|p1a: Kommo-o|spd|1
|-boost|p1a: Kommo-o|spe|1
|-damage|p1a: Kommo-o|24/100
|-enditem|p1a: Kommo-o|Throat Spray
|-boost|p1a: Kommo-o|spa|1|[from] item: Throat Spray
|
|upkeep
|
|t:|1756234676
|switch|p2a: Dk|Rillaboom, L50, M, shiny|100/100
|-fieldstart|move: Grassy Terrain|[from] ability: Grassy Surge|[of] p2a: Dk
|turn|5
|
|t:|1756234690
|move|p1a: Kommo-o|Protect|p1a: Kommo-o
|-singleturn|p1a: Kommo-o|Protect
|move|p2a: Dk|Fake Out|p1b: Indeedee
|-damage|p1b: Indeedee|0 fnt
|faint|p1b: Indeedee
|move|p2b: Clefable|Icy Wind|p1a: Kommo-o
|-activate|p1a: Kommo-o|move: Protect
|
|-heal|p1a: Kommo-o|29/100|[from] Grassy Terrain
|-heal|p2b: Clefable|39/100|[from] Grassy Terrain
|upkeep
|turn|6
|
|t:|1756234704
|-terastallize|p2a: Dk|Fire
|move|p1a: Kommo-o|Flamethrower|p2b: Clefable
|-damage|p2b: Clefable|13/100
|move|p2a: Dk|Wood Hammer|p1a: Kommo-o
|-resisted|p1a: Kommo-o
|-damage|p1a: Kommo-o|8/100
|-damage|p2a: Dk|95/100|[from] Recoil
|move|p2b: Clefable|Moonblast|p1a: Kommo-o
|-supereffective|p1a: Kommo-o
|-damage|p1a: Kommo-o|0 fnt
|faint|p1a: Kommo-o
|
|win|i cant fit in
||ur1ryanpowney is ready for game 2.
|inactive|i cant fit in has 30 seconds to confirm battle start!
||i cant fit in is ready for game 2.
|uhtml|next|Next: Game 2 of 3
|l|☆ur1ryanpowney
|player|p1|
|j|☆ur1ryanpowney
|player|p1|ur1ryanpowney|nate|
