|j|☆robby w
|j|☆five_loko_gold
|html|robby wfive_loko_gold    
|uhtml|bestof|Game 1 of a best-of-3
|t:|1756749306
|gametype|doubles
|player|p1|robby w|pokefan-gen4|1168
|player|p2|five_loko_gold|170|1087
|gen|9
|tier|[Gen 9] VGC 2025 Reg H (Bo3)
|rated|
|rule|Species Clause: Limit one of each Pokémon
|rule|Item Clause: Limit 1 of each item
|clearpoke
|poke|p1|Dondozo, L50, F|
|poke|p1|Tatsugiri, L50, F|
|poke|p1|Sneasler, L50, M|
|poke|p1|Whimsicott, L50, M|
|poke|p1|Indeedee, L50, M|
|poke|p1|Hydreigon, L50, M|
|poke|p2|Rillaboom, L50, F|
|poke|p2|Sneasler, L50, M|
|poke|p2|Kingambit, L50, F|
|poke|p2|Ninetales-Alola, L50, F|
|poke|p2|Magmar, L50, F|
|poke|p2|Basculegion, L50, M|
|teampreview|4
|showteam|p1|Dondozo||Leftovers|Unaware|Protect,WaveCrash,Earthquake,OrderUp|||F|||50|,,,,,Grass]Tatsugiri||ChoiceScarf|Commander|DragonPulse,IcyWind,DracoMeteor,MuddyWater|||F|||50|,,,,,Stellar]Sneasler||PsychicSeed|Unburden|DireClaw,CloseCombat,Protect,ThroatChop|||M|||50|,,,,,Dark]Whimsicott||CovertCloak|Prankster|Tailwind,Moonblast,Taunt,HelpingHand|||M|||50|,,,,,Dark]Indeedee||FocusSash|PsychicSurge|ExpandingForce,TrickRoom,DazzlingGleam,Protect|||M|||50|,,,,,Fairy]Hydreigon||LifeOrb|Levitate|DracoMeteor,Snarl,HeatWave,Protect|||M|||50|,,,,,Steel
|showteam|p2|Rillaboom||AssaultVest|GrassySurge|WoodHammer,GrassyGlide,Uturn,FakeOut|||F|||50|,,,,,Ghost]Sneasler||FocusSash|Unburden|CloseCombat,DireClaw,FakeOut,Protect|||M|||50|,,,,,Stellar]Kingambit||BlackGlasses|Defiant|Protect,KowtowCleave,SuckerPunch,SwordsDance|||F|||50|,,,,,Fire]Ninetales-Alola||NeverMeltIce|SnowWarning|Encore,Blizzard,FreezeDry,Protect|||F|||50|,,,,,Ice]Magmar||Eviolite|VitalSpirit|Protect,HeatWave,WillOWisp,FollowMe|||F|||50|,,,,,Ghost]Basculegion||ChoiceScarf|Adaptability|WaveCrash,FlipTurn,TeraBlast,LastRespects|||M|||50|,,,,,Fighting
|inactive|Battle timer is ON: inactive players will automatically lose when time's up. (requested by robby w)
|
|t:|1756749354
|teamsize|p1|4
|teamsize|p2|4
|start
|switch|p1a: Dondozo|Dondozo, L50, F, shiny|100/100
|switch|p1b: Sneasler|Sneasler, L50, M|100/100
|switch|p2a: Sneasler|Sneasler, L50, M|100/100
|switch|p2b: Kingambit|Kingambit, L50, F|100/100
|turn|1
|inactive|five_loko_gold has 30 seconds left.
|
|t:|1756749383
|switch|p1a: Indeedee|Indeedee, L50, M|100/100
|-fieldstart|move: Psychic Terrain|[from] ability: Psychic Surge|[of] p1a: Indeedee
|-enditem|p1b: Sneasler|Psychic Seed
|-boost|p1b: Sneasler|spd|1|[from] item: Psychic Seed
|switch|p2b: Rillaboom|Rillaboom, L50, F|100/100
|-fieldstart|move: Grassy Terrain|[from] ability: Grassy Surge|[of] p2b: Rillaboom
|move|p2a: Sneasler|Fake Out|p1a: Indeedee
|-damage|p1a: Indeedee|72/100
|move|p1b: Sneasler|Close Combat|p2b: Rillaboom
|-damage|p2b: Rillaboom|37/100
|-unboost|p1b: Sneasler|def|1
|-unboost|p1b: Sneasler|spd|1
|
|-heal|p1a: Indeedee|78/100|[from] Grassy Terrain
|-heal|p2b: Rillaboom|43/100|[from] Grassy Terrain
|upkeep
|turn|2
|inactive|five_loko_gold has 30 seconds left.
|
|t:|1756749416
|move|p1b: Sneasler|Protect|p1b: Sneasler
|-singleturn|p1b: Sneasler|Protect
|move|p1a: Indeedee|Protect|p1a: Indeedee
|-singleturn|p1a: Indeedee|Protect
|move|p2b: Rillaboom|Fake Out|p1b: Sneasler
|-activate|p1b: Sneasler|move: Protect
|move|p2a: Sneasler|Dire Claw|p1a: Indeedee
|-activate|p1a: Indeedee|move: Protect
|
|-heal|p1a: Indeedee|84/100|[from] Grassy Terrain
|-heal|p2b: Rillaboom|48/100|[from] Grassy Terrain
|upkeep
|turn|3
|inactive|five_loko_gold has 30 seconds left.
|
|t:|1756749444
|move|p2b: Rillaboom|Grassy Glide|p1b: Sneasler
|-resisted|p1b: Sneasler
|-damage|p1b: Sneasler|51/100
|move|p1b: Sneasler|Close Combat|p2b: Rillaboom
|-damage|p2b: Rillaboom|0 fnt
|-unboost|p1b: Sneasler|def|1
|-unboost|p1b: Sneasler|spd|1
|faint|p2b: Rillaboom
|move|p2a: Sneasler|Dire Claw|p1b: Sneasler
|-resisted|p1b: Sneasler
|-damage|p1b: Sneasler|0 fnt
|faint|p1b: Sneasler
|move|p1a: Indeedee|Dazzling Gleam|p2a: Sneasler
|-damage|p2a: Sneasler|69/100
|
|-heal|p2a: Sneasler|75/100|[from] Grassy Terrain
|-heal|p1a: Indeedee|90/100|[from] Grassy Terrain
|upkeep
|
|t:|1756749461
|switch|p1b: Dondozo|Dondozo, L50, F, shiny|100/100
|switch|p2b: Kingambit|Kingambit, L50, F|100/100
|turn|4
|inactive|robby w has 30 seconds left.
|inactive|five_loko_gold has 30 seconds left.
|inactive|robby w has 20 seconds left.
|inactive|robby w has 15 seconds left.
|inactive|five_loko_gold has 20 seconds left.
|
|t:|1756749506
|switch|p1a: Tatsugiri|Tatsugiri, L50, F|100/100
|-activate|p1a: Tatsugiri|ability: Commander|[of] p1b: Dondozo
|-boost|p1b: Dondozo|atk|2
|-boost|p1b: Dondozo|spa|2
|-boost|p1b: Dondozo|spe|2
|-boost|p1b: Dondozo|def|2
|-boost|p1b: Dondozo|spd|2
|move|p2a: Sneasler|Dire Claw|p1a: Tatsugiri|[miss]
|-miss|p2a: Sneasler|p1a: Tatsugiri
|move|p1b: Dondozo|Order Up|p2a: Sneasler
|-damage|p2a: Sneasler|0 fnt
|faint|p2a: Sneasler
|-boost|p1b: Dondozo|atk|1
|move|p2b: Kingambit|Swords Dance|p2b: Kingambit
|-boost|p2b: Kingambit|atk|2
|
|upkeep
|
|t:|1756749522
|switch|p2a: Ninetales|Ninetales-Alola, L50, F|100/100
|-weather|Snowscape|[from] ability: Snow Warning|[of] p2a: Ninetales
|turn|5
|
|t:|1756749545
|-terastallize|p2a: Ninetales|Ice
|move|p2b: Kingambit|Sucker Punch|p1b: Dondozo
|-damage|p1b: Dondozo|82/100
|move|p2a: Ninetales|Freeze-Dry|p1b: Dondozo
|-supereffective|p1b: Dondozo
|-damage|p1b: Dondozo|36/100
|move|p1b: Dondozo|Earthquake|p2a: Ninetales|[spread] p2a,p2b
|-miss|p1b: Dondozo|p1a: Tatsugiri
|-supereffective|p2b: Kingambit
|-damage|p2a: Ninetales|73/100
|-damage|p2b: Kingambit|53/100
|
|-weather|Snowscape|[upkeep]
|-heal|p2a: Ninetales|79/100|[from] Grassy Terrain
|-heal|p1b: Dondozo|42/100|[from] Grassy Terrain
|-heal|p1b: Dondozo|48/100|[from] item: Leftovers
|-heal|p2b: Kingambit|59/100|[from] Grassy Terrain
|-fieldend|move: Grassy Terrain
|upkeep
|turn|6
|
|t:|1756749562
|move|p2b: Kingambit|Sucker Punch|p1b: Dondozo
|-damage|p1b: Dondozo|30/100
|move|p2a: Ninetales|Freeze-Dry|p1b: Dondozo
|-supereffective|p1b: Dondozo
|-damage|p1b: Dondozo|0 fnt
|faint|p1b: Dondozo
|
|-weather|Snowscape|[upkeep]
|upkeep
|
|t:|1756749570
|switch|p1b: Indeedee|Indeedee, L50, M|90/100
|-fieldstart|move: Psychic Terrain|[from] ability: Psychic Surge|[of] p1b: Indeedee
|turn|7
|inactive|five_loko_gold has 30 seconds left.
|
|t:|1756749601
|-terastallize|p1a: Tatsugiri|Stellar
|move|p1a: Tatsugiri|Muddy Water|p2b: Kingambit|[spread] p2b
|-miss|p1a: Tatsugiri|p2a: Ninetales
|-damage|p2b: Kingambit|16/100
|move|p2a: Ninetales|Freeze-Dry|p1b: Indeedee
|-damage|p1b: Indeedee|37/100
|move|p1b: Indeedee|Dazzling Gleam|p2b: Kingambit|[spread] p2a,p2b
|-damage|p2a: Ninetales|59/100
|-damage|p2b: Kingambit|0 fnt
|faint|p2b: Kingambit
|
|-weather|Snowscape|[upkeep]
|upkeep
|turn|8
|-message|five_loko_gold forfeited.
|
|win|robby w
|l|☆five_loko_gold
|player|p2|
||five_loko_gold is ready for game 2.
||robby w is ready for game 2.
|uhtml|next|Next: Game 2 of 3
