|j|☆rod rei delas
|j|☆FxTT
|html|rod rei delasFxTT    
|uhtml|bestof|Game 2 of a best-of-3
|t:|1783398077
|gametype|doubles
|player|p1|rod rei delas|acetrainerf|
|player|p2|FxTT|266|
|gen|9
|tier|[Gen 9 Champions] VGC 2026 Reg M-B (Bo3)
|rule|Species Clause: Limit one of each Pokémon
|rule|Item Clause: Limit 1 of each item
|clearpoke
|poke|p1|Gardevoir, L50, F, shiny|
|poke|p1|Maushold-Four, L50, shiny|
|poke|p1|Grimmsnarl, L50, M, shiny|
|poke|p1|Talonflame, L50, M, shiny|
|poke|p1|Kingambit, L50, M, shiny|
|poke|p1|Garchomp, L50, M, shiny|
|poke|p2|Mawile, L50, M, shiny|
|poke|p2|Basculegion-F, L50, F, shiny|
|poke|p2|Pelipper, L50, F, shiny|
|poke|p2|Archaludon, L50, F|
|poke|p2|Sinistcha, L50|
|poke|p2|Incineroar, L50, F, shiny|
|teampreview|4
|showteam|p1|Gardevoir||Gardevoirite|Telepathy|HyperVoice,Psyshock,Protect,VacuumWave|Modest||F|||50|]Maushold-Four||ChopleBerry|FriendGuard|Feint,Taunt,FollowMe,Protect|Careful|||||50|]Grimmsnarl||RoseliBerry|Prankster|FoulPlay,PartingShot,ScaryFace,FakeOut|Careful||M|||50|]Talonflame||SharpBeak|GaleWings|FlareBlitz,DualWingbeat,Tailwind,QuickGuard|Jolly||M|||50|]Kingambit||FocusSash|Defiant|KowtowCleave,SuckerPunch,IronHead,Protect|Adamant||M|||50|]Garchomp||ChoiceScarf|RoughSkin|DragonClaw,Earthquake,StompingTantrum,RockSlide|Adamant||M|||50|
|showteam|p2|Mawile||Mawilite|Intimidate|PlayRough,RockSlide,SuckerPunch,Protect|Adamant||M|||50|]Basculegion-F||LifeOrb|SwiftSwim|MuddyWater,ShadowBall,IceBeam,Protect|Modest||F|||50|]Pelipper||ChoiceScarf|Drizzle|MuddyWater,Hurricane,WeatherBall,IceBeam|Timid||F|||50|]Archaludon||Leftovers|Stamina|DragonPulse,FlashCannon,ElectroShot,Protect|Modest||F|||50|]Sinistcha||SitrusBerry|Hospitality|MatchaGotcha,ShadowBall,RagePowder,TrickRoom|Calm|||||50|]Incineroar||ShucaBerry|Intimidate|FlareBlitz,ThroatChop,PartingShot,FakeOut|Adamant||F|||50|
|c|☆FxTT|olha o nome dos meus pkmn
|
|t:|1783398136
|teamsize|p1|4
|teamsize|p2|4
|start
|switch|p1a: Gardevoir|Gardevoir, L50, F, shiny|100/100
|switch|p1b: Talonflame|Talonflame, L50, M, shiny|100/100
|switch|p2a: josue|Pelipper, L50, F, shiny|100/100
|switch|p2b: chupa josue|Basculegion-F, L50, F, shiny|100/100
|-weather|RainDance|[from] ability: Drizzle|[of] p2a: josue
|turn|1
|c|☆rod rei delas|e esse nome ae fdp
|
|t:|1783398163
|detailschange|p1a: Gardevoir|Gardevoir-Mega, L50, F, shiny
|-mega|p1a: Gardevoir|Gardevoir|Gardevoirite
|move|p1b: Talonflame|Tailwind|p1b: Talonflame
|-sidestart|p1: rod rei delas|move: Tailwind
|move|p1a: Gardevoir|Hyper Voice|p2b: chupa josue|[spread] p2a,p2b
|-damage|p2a: josue|5/100
|-damage|p2b: chupa josue|44/100
|move|p2b: chupa josue|Shadow Ball|p1a: Gardevoir
|-supereffective|p1a: Gardevoir|1
|-damage|p1a: Gardevoir|6/100
|-damage|p2b: chupa josue|34/100|[from] item: Life Orb
|move|p2a: josue|Muddy Water|p1b: Talonflame|[spread] p1a,p1b
|-supereffective|p1b: Talonflame|1
|-damage|p1a: Gardevoir|0 fnt
|-damage|p1b: Talonflame|0 fnt
|faint|p1a: Gardevoir
|faint|p1b: Talonflame
|
|-weather|RainDance|[upkeep]
|upkeep
|
|t:|1783398181
|switch|p1b: Maushold|Maushold-Four, L50, shiny|100/100
|switch|p1a: Grimmsnarl|Grimmsnarl, L50, M, shiny|100/100
|turn|2
|c|☆FxTT|que hyper voice foi esse
|c|☆FxTT|socorro
|
|t:|1783398199
|move|p2b: chupa josue|Protect|p2b: chupa josue
|-singleturn|p2b: chupa josue|Protect
|move|p1a: Grimmsnarl|Fake Out|p2a: josue
|-damage|p2a: josue|0 fnt
|faint|p2a: josue
|move|p1b: Maushold|Follow Me|p1b: Maushold
|-singleturn|p1b: Maushold|move: Follow Me
|
|-weather|RainDance|[upkeep]
|upkeep
|
|t:|1783398207
|switch|p2a: rodrod|Sinistcha, L50|100/100
|-heal|p2b: chupa josue|59/100|[from] ability: Hospitality|[of] p2a: rodrod
|turn|3
|
|t:|1783398265
|move|p1b: Maushold|Follow Me|p1b: Maushold
|-singleturn|p1b: Maushold|move: Follow Me
|move|p2b: chupa josue|Muddy Water|p1a: Grimmsnarl|[spread] p1a,p1b
|-damage|p1a: Grimmsnarl|57/100
|-damage|p1b: Maushold|40/100
|-damage|p2b: chupa josue|49/100|[from] item: Life Orb
|move|p1a: Grimmsnarl|Foul Play|p2b: chupa josue
|-supereffective|p2b: chupa josue|1
|-damage|p2b: chupa josue|0 fnt
|faint|p2b: chupa josue
|move|p2a: rodrod|Trick Room|p2a: rodrod
|-fieldstart|move: Trick Room|[of] p2a: rodrod
|
|-weather|RainDance|[upkeep]
|upkeep
|
|t:|1783398277
|switch|p2b: jojo|Archaludon, L50, F|100/100
|turn|4
|
|t:|1783398297
|move|p1b: Maushold|Protect|p1b: Maushold
|-singleturn|p1b: Maushold|Protect
|move|p2a: rodrod|Rage Powder|p2a: rodrod
|-singleturn|p2a: rodrod|move: Rage Powder
|move|p1a: Grimmsnarl|Parting Shot|p2a: rodrod
|-unboost|p2a: rodrod|atk|1
|-unboost|p2a: rodrod|spa|1
|move|p2b: jojo|Electro Shot||[still]
|-prepare|p2b: jojo|Electro Shot
|-boost|p2b: jojo|spa|1
|-anim|p2b: jojo|Electro Shot|p1a: Grimmsnarl
|-damage|p1a: Grimmsnarl|17/100
|
|-weather|RainDance|[upkeep]
|-sideend|p1: rod rei delas|move: Tailwind
|upkeep
|turn|5
|c|☆FxTT|eu fiz bostakk
|
|t:|1783398339
|move|p2a: rodrod|Rage Powder|p2a: rodrod
|-singleturn|p2a: rodrod|move: Rage Powder
|move|p1b: Maushold|Follow Me|p1b: Maushold
|-singleturn|p1b: Maushold|move: Follow Me
|move|p1a: Grimmsnarl|Foul Play|p2a: rodrod
|-supereffective|p2a: rodrod|1
|-damage|p2a: rodrod|78/100
|move|p2b: jojo|Flash Cannon|p1b: Maushold
|-damage|p1b: Maushold|0 fnt
|faint|p1b: Maushold
|
|-weather|none
|upkeep
|turn|6
|c|☆rod rei delas|qq c fez
|c|☆FxTT|nao q va mudar
|c|☆FxTT|mas era flash cannon no grims
|c|☆FxTT|nao elec shot
|
|t:|1783398375
|move|p2a: rodrod|Rage Powder|p2a: rodrod
|-singleturn|p2a: rodrod|move: Rage Powder
|move|p1a: Grimmsnarl|Parting Shot|p2a: rodrod
|-unboost|p2a: rodrod|atk|1
|-unboost|p2a: rodrod|spa|1
|move|p2b: jojo|Flash Cannon|p1a: Grimmsnarl
|-supereffective|p1a: Grimmsnarl|1
|-damage|p1a: Grimmsnarl|0 fnt
|faint|p1a: Grimmsnarl
|
|win|FxTT
|c|☆FxTT|ams gg
|c|☆FxTT|mas gg
||FxTT is ready for game 3.
|inactive|rod rei delas has 30 seconds to confirm battle start!
||rod rei delas is ready for game 3.
|uhtml|next|Next: Game 3 of 3
