|j|☆andresbrx
|j|☆naovi
|html|andresbrxnaovi    
|uhtml|bestof|Game 3 of a best-of-3
|t:|1756981581
|gametype|doubles
|player|p1|andresbrx|hiker-gen4|
|player|p2|naovi|101|
|gen|9
|tier|[Gen 9] VGC 2025 Reg H (Bo3)
|rule|Species Clause: Limit one of each Pokémon
|rule|Item Clause: Limit 1 of each item
|clearpoke
|poke|p1|Gholdengo, L50|
|poke|p1|Annihilape, L50, M|
|poke|p1|Archaludon, L50, F|
|poke|p1|Maushold, L50|
|poke|p1|Talonflame, L50, F|
|poke|p1|Tyranitar, L50, F|
|poke|p2|Electabuzz, L50, M|
|poke|p2|Sneasler, L50, M|
|poke|p2|Rillaboom, L50, M|
|poke|p2|Kingambit, L50, M|
|poke|p2|Volcarona, L50, F|
|poke|p2|Dragonite, L50, M|
|teampreview|4
|showteam|p1|Gholdengo||ChoiceSpecs|GoodasGold|ShadowBall,DazzlingGleam,Trick,MakeItRain||||||50|,,,,,Fairy]Annihilape||SafetyGoggles|Defiant|Protect,BulkUp,DrainPunch,RageFist|||M|||50|,,,,,Water]Archaludon||PowerHerb|Sturdy|ElectroShot,DracoMeteor,Protect,FlashCannon|||F|||50|,,,,,Ghost]Maushold||RockyHelmet|FriendGuard|Protect,SuperFang,FollowMe,BeatUp||||||50|,,,,,Grass]Talonflame||CovertCloak|GaleWings|Taunt,Tailwind,DualWingbeat,FlareBlitz|||F|||50|,,,,,Ghost]Tyranitar||AssaultVest|SandStream|TeraBlast,LowKick,KnockOff,RockSlide|||F|||50|,,,,,Flying
|showteam|p2|Electabuzz||Eviolite|VitalSpirit|Thunderbolt,FollowMe,Taunt,Protect|||M|||50|,,,,,Ghost]Sneasler||FocusSash|Unburden|Coaching,DireClaw,Protect,CloseCombat|||M|||50|,,,,,Stellar]Rillaboom||AssaultVest|GrassySurge|HighHorsepower,GrassyGlide,WoodHammer,FakeOut|||M|||50|,,,,,Fire]Kingambit||SafetyGoggles|Defiant|KowtowCleave,SuckerPunch,SwordsDance,Protect|||M|||50|,,,,,Dark]Volcarona||CovertCloak|FlameBody|HeatWave,TeraBlast,QuiverDance,Protect|||F|||50|,,,,,Fairy]Dragonite||LoadedDice|Multiscale|ScaleShot,ExtremeSpeed,Haze,Protect|||M|||50|,,,,,Steel
|
|t:|1756981660
|teamsize|p1|4
|teamsize|p2|4
|start
|switch|p1a: Tyranitar|Tyranitar, L50, F|100/100
|switch|p1b: Maushold|Maushold, L50|100/100
|switch|p2a: Rillaboom|Rillaboom, L50, M|100/100
|switch|p2b: Volcarona|Volcarona, L50, F|100/100
|-fieldstart|move: Grassy Terrain|[from] ability: Grassy Surge|[of] p2a: Rillaboom
|-weather|Sandstorm|[from] ability: Sand Stream|[of] p1a: Tyranitar
|turn|1
|c|☆andresbrx|malditos avalanchas y fallarlos cada dos por tres
|c|☆andresbrx|hasta la polla
|
|t:|1756981693
|switch|p1a: Annihilape|Annihilape, L50, M|100/100
|move|p2a: Rillaboom|Fake Out|p1a: Annihilape
|-immune|p1a: Annihilape
|move|p1b: Maushold|Beat Up|p1a: Annihilape
|-damage|p1a: Annihilape|99/100
|-damage|p1a: Annihilape|97/100
|-damage|p1a: Annihilape|95/100
|-damage|p1a: Annihilape|93/100
|-hitcount|p1a: Annihilape|4
|move|p2b: Volcarona|Quiver Dance|p2b: Volcarona
|-boost|p2b: Volcarona|spa|1
|-boost|p2b: Volcarona|spd|1
|-boost|p2b: Volcarona|spe|1
|
|-weather|Sandstorm|[upkeep]
|-damage|p2b: Volcarona|94/100|[from] Sandstorm
|-damage|p1b: Maushold|94/100|[from] Sandstorm
|-damage|p2a: Rillaboom|94/100|[from] Sandstorm
|-heal|p2b: Volcarona|100/100|[from] Grassy Terrain
|-heal|p1b: Maushold|100/100|[from] Grassy Terrain
|-heal|p1a: Annihilape|99/100|[from] Grassy Terrain
|-heal|p2a: Rillaboom|100/100|[from] Grassy Terrain
|upkeep
|turn|2
|
|t:|1756981718
|move|p2b: Volcarona|Protect|p2b: Volcarona
|-singleturn|p2b: Volcarona|Protect
|move|p1b: Maushold|Follow Me|p1b: Maushold
|-singleturn|p1b: Maushold|move: Follow Me
|move|p1a: Annihilape|Rage Fist|p2b: Volcarona
|-activate|p2b: Volcarona|move: Protect
|move|p2a: Rillaboom|Wood Hammer|p1b: Maushold
|-damage|p1b: Maushold|11/100
|-damage|p2a: Rillaboom|84/100|[from] item: Rocky Helmet|[of] p1b: Maushold
|-damage|p2a: Rillaboom|58/100|[from] Recoil
|
|-weather|Sandstorm|[upkeep]
|-damage|p2b: Volcarona|94/100|[from] Sandstorm
|-damage|p1b: Maushold|5/100|[from] Sandstorm
|-damage|p2a: Rillaboom|52/100|[from] Sandstorm
|-heal|p2b: Volcarona|100/100|[from] Grassy Terrain
|-heal|p1b: Maushold|11/100|[from] Grassy Terrain
|-heal|p1a: Annihilape|100/100|[from] Grassy Terrain
|-heal|p2a: Rillaboom|58/100|[from] Grassy Terrain
|upkeep
|turn|3
|
|t:|1756981747
|-terastallize|p2b: Volcarona|Fairy
|move|p1b: Maushold|Follow Me|p1b: Maushold
|-singleturn|p1b: Maushold|move: Follow Me
|move|p2b: Volcarona|Tera Blast|p1b: Maushold|[anim] Tera Blast Fairy
|-damage|p1b: Maushold|0 fnt
|faint|p1b: Maushold
|move|p1a: Annihilape|Rage Fist|p2b: Volcarona
|-damage|p2b: Volcarona|0 fnt
|-status|p1a: Annihilape|brn|[from] ability: Flame Body|[of] p2b: Volcarona
|faint|p2b: Volcarona
|move|p2a: Rillaboom|Wood Hammer|p1a: Annihilape
|-damage|p1a: Annihilape|19/100 brn
|-damage|p2a: Rillaboom|28/100|[from] Recoil
|
|-weather|Sandstorm|[upkeep]
|-damage|p2a: Rillaboom|22/100|[from] Sandstorm
|-heal|p1a: Annihilape|25/100 brn|[from] Grassy Terrain
|-heal|p2a: Rillaboom|28/100|[from] Grassy Terrain
|-damage|p1a: Annihilape|19/100 brn|[from] brn
|upkeep
|
|t:|1756981774
|switch|p1b: Talonflame|Talonflame, L50, F|100/100
|switch|p2b: Kingambit|Kingambit, L50, M|100/100
|turn|4
|
|t:|1756981806
|switch|p2b: Sneasler|Sneasler, L50, M, shiny|100/100
|move|p1b: Talonflame|Dual Wingbeat|p2a: Rillaboom
|-supereffective|p2a: Rillaboom
|-damage|p2a: Rillaboom|0 fnt
|faint|p2a: Rillaboom
|-hitcount|p2: Rillaboom|1
|move|p1a: Annihilape|Drain Punch|p2b: Sneasler
|-resisted|p2b: Sneasler
|-damage|p2b: Sneasler|87/100
|-heal|p1a: Annihilape|24/100 brn|[from] drain|[of] p2b: Sneasler
|
|-weather|Sandstorm|[upkeep]
|-damage|p1b: Talonflame|95/100|[from] Sandstorm
|-damage|p2b: Sneasler|81/100|[from] Sandstorm
|-heal|p2b: Sneasler|87/100|[from] Grassy Terrain
|-heal|p1a: Annihilape|30/100 brn|[from] Grassy Terrain
|-damage|p1a: Annihilape|24/100 brn|[from] brn
|upkeep
|
|t:|1756981814
|switch|p2a: Kingambit|Kingambit, L50, M|100/100
|turn|5
|
|t:|1756981836
|move|p2a: Kingambit|Sucker Punch|p1b: Talonflame
|-damage|p1b: Talonflame|34/100
|move|p1b: Talonflame|Dual Wingbeat|p2b: Sneasler
|-supereffective|p2b: Sneasler
|-damage|p2b: Sneasler|33/100
|-supereffective|p2b: Sneasler
|-damage|p2b: Sneasler|0 fnt
|faint|p2b: Sneasler
|-hitcount|p2: Sneasler|2
|move|p1a: Annihilape|Bulk Up|p1a: Annihilape
|-boost|p1a: Annihilape|atk|1
|-boost|p1a: Annihilape|def|1
|
|-weather|none
|-heal|p1a: Annihilape|30/100 brn|[from] Grassy Terrain
|-damage|p1a: Annihilape|24/100 brn|[from] brn
|-fieldend|move: Grassy Terrain
|upkeep
|turn|6
|
|t:|1756981850
|move|p2a: Kingambit|Sucker Punch|p1a: Annihilape
|-damage|p1a: Annihilape|0 fnt
|faint|p1a: Annihilape
|move|p1b: Talonflame|Flare Blitz|p2a: Kingambit
|-supereffective|p2a: Kingambit
|-damage|p2a: Kingambit|30/100
|-damage|p1b: Talonflame|2/100|[from] Recoil
|
|upkeep
|
|t:|1756981854
|switch|p1a: Tyranitar|Tyranitar, L50, F|100/100
|-weather|Sandstorm|[from] ability: Sand Stream|[of] p1a: Tyranitar
|turn|7
|
|t:|1756981861
|move|p2a: Kingambit|Protect|p2a: Kingambit
|-singleturn|p2a: Kingambit|Protect
|move|p1b: Talonflame|Flare Blitz|p2a: Kingambit
|-activate|p2a: Kingambit|move: Protect
|move|p1a: Tyranitar|Low Kick|p2a: Kingambit
|-activate|p2a: Kingambit|move: Protect
|
|-weather|Sandstorm|[upkeep]
|-damage|p1b: Talonflame|0 fnt|[from] Sandstorm
|faint|p1b: Talonflame
|upkeep
|turn|8
|
|t:|1756981876
|move|p2a: Kingambit|Sucker Punch|p1a: Tyranitar
|-resisted|p1a: Tyranitar
|-damage|p1a: Tyranitar|82/100
|move|p1a: Tyranitar|Low Kick|p2a: Kingambit
|-supereffective|p2a: Kingambit
|-damage|p2a: Kingambit|0 fnt
|faint|p2a: Kingambit
|
|win|andresbrx
|c|☆andresbrx|quieres mas o que
|c|☆naovi|si
