|j|☆GS Barnabe
|j|☆Cro1998
|html|GS BarnabeCro1998    
|uhtml|bestof|Game 1 of a best-of-3
|t:|1785796803
|gametype|doubles
|player|p1|GS Barnabe|170|1264
|player|p2|Cro1998|gambler|1143
|gen|9
|tier|[Gen 9 Champions] VGC 2026 Reg M-B (Bo3)
|rated|
|rule|Species Clause: Limit one of each Pokémon
|rule|Item Clause: Limit 1 of each item
|clearpoke
|poke|p1|Clefable, L50, F|
|poke|p1|Tyranitar, L50, F|
|poke|p1|Garchomp, L50, F|
|poke|p1|Gholdengo, L50|
|poke|p1|Rotom-Wash, L50|
|poke|p1|Aerodactyl, L50, F|
|poke|p2|Garchomp, L50, M|
|poke|p2|Sylveon, L50, F|
|poke|p2|Farigiraf, L50, F|
|poke|p2|Kingambit, L50, F|
|poke|p2|Aerodactyl, L50, M|
|poke|p2|Charizard, L50, F|
|teampreview|4
|showteam|p1|Clefable||SitrusBerry|Unaware|Moonblast,FollowMe,HealPulse,Protect|Bold||F|||50|]Tyranitar||ChoiceScarf|SandStream|RockSlide,KnockOff,IcePunch,Superpower|Jolly||F|||50|]Garchomp||Garchompite|SandVeil|DracoMeteor,EarthPower,PowerGem,Protect|Modest||F|||50|]Gholdengo||LifeOrb|GoodasGold|MakeItRain,ShadowBall,NastyPlot,Protect|Modest|||||50|]Rotom-Wash||Leftovers|Levitate|HydroPump,VoltSwitch,WillOWisp,Protect|Calm|||||50|]Aerodactyl||Aerodactylite|RockHead|RockSlide,DualWingbeat,Tailwind,Protect|Jolly||F|||50|
|showteam|p2|Garchomp||LifeOrb|RoughSkin|Earthquake,StompingTantrum,Protect,DragonClaw|Jolly||M|||50|]Sylveon||FairyFeather|Pixilate|HyperVoice,HyperBeam,QuickAttack,Detect|Modest||F|||50|]Farigiraf||SitrusBerry|ArmorTail|Psychic,Protect,Thunderbolt,TrickRoom|Bold||F|||50|]Kingambit||FocusSash|Defiant|KowtowCleave,SuckerPunch,LowKick,IronHead|Adamant||F|||50|]Aerodactyl||Aerodactylite|Unnerve|RockSlide,DualWingbeat,Tailwind,IceFang|Jolly||M|||50|]Charizard||CharizarditeY|SolarPower|WeatherBall,HeatWave,SolarBeam,Protect|Modest||F|||50|
|inactive|Battle timer is ON: inactive players will automatically lose when time's up. (requested by GS Barnabe)
|inactive|Cro1998 has 60 seconds left.
|inactive|Cro1998 has 30 seconds left.
|inactive|Cro1998 has 20 seconds left.
|
|t:|1785796926
|teamsize|p1|4
|teamsize|p2|4
|start
|switch|p1a: Aerodactyl|Aerodactyl, L50, F|100/100
|switch|p1b: Rotom|Rotom-Wash, L50|100/100
|switch|p2a: Farigiraf|Farigiraf, L50, F|100/100
|switch|p2b: Charizard|Charizard, L50, F|100/100
|turn|1
|inactive|GS Barnabe has 30 seconds left.
|inactive|Cro1998 has 30 seconds left.
|
|t:|1785796953
|switch|p2b: Garchomp|Garchomp, L50, M|100/100
|detailschange|p1a: Aerodactyl|Aerodactyl-Mega, L50, F
|-mega|p1a: Aerodactyl|Aerodactyl|Aerodactylite
|move|p1a: Aerodactyl|Rock Slide|p2a: Farigiraf|[spread] p2a,p2b
|-resisted|p2b: Garchomp|1
|-damage|p2a: Farigiraf|75/100
|-damage|p2b: Garchomp|83/100
|move|p1b: Rotom|Hydro Pump|p2a: Farigiraf|[miss]
|-miss|p1b: Rotom|p2a: Farigiraf
|move|p2a: Farigiraf|Thunderbolt|p1a: Aerodactyl
|-supereffective|p1a: Aerodactyl|1
|-damage|p1a: Aerodactyl|51/100
|
|upkeep
|turn|2
|inactive|GS Barnabe has 30 seconds left.
|inactive|Cro1998 has 30 seconds left.
|
|t:|1785796986
|move|p2b: Garchomp|Protect|p2b: Garchomp
|-singleturn|p2b: Garchomp|Protect
|move|p1a: Aerodactyl|Rock Slide|p2b: Garchomp|[spread] p2a
|-activate|p2b: Garchomp|move: Protect
|-damage|p2a: Farigiraf|52/100
|move|p1b: Rotom|Will-O-Wisp|p2b: Garchomp
|-activate|p2b: Garchomp|move: Protect
|move|p2a: Farigiraf|Psychic|p1b: Rotom
|-damage|p1b: Rotom|69/100
|
|-heal|p1b: Rotom|75/100|[from] item: Leftovers
|upkeep
|turn|3
|inactive|Cro1998 has 30 seconds left.
|inactive|Cro1998 has 20 seconds left.
|
|t:|1785797023
|move|p1a: Aerodactyl|Rock Slide|p2a: Farigiraf|[spread] p2a,p2b
|-resisted|p2b: Garchomp|1
|-damage|p2a: Farigiraf|27/100
|-damage|p2b: Garchomp|69/100
|-enditem|p2a: Farigiraf|Sitrus Berry|[eat]
|-heal|p2a: Farigiraf|52/100|[from] item: Sitrus Berry
|move|p2b: Garchomp|Dragon Claw|p1b: Rotom
|-damage|p1b: Rotom|19/100
|-damage|p2b: Garchomp|59/100|[from] item: Life Orb
|move|p1b: Rotom|Will-O-Wisp|p2b: Garchomp
|-status|p2b: Garchomp|brn
|cant|p2a: Farigiraf|flinch
|
|-heal|p1b: Rotom|25/100|[from] item: Leftovers
|-damage|p2b: Garchomp|53/100 brn|[from] brn
|upkeep
|turn|4
|inactive|GS Barnabe has 30 seconds left.
|
|t:|1785797052
|move|p1a: Aerodactyl|Dual Wingbeat|p2b: Garchomp
|-damage|p2b: Garchomp|26/100 brn
|-damage|p1a: Aerodactyl|39/100|[from] ability: Rough Skin|[of] p2b: Garchomp
|-damage|p2b: Garchomp|0 fnt
|-damage|p1a: Aerodactyl|27/100|[from] ability: Rough Skin|[of] p2b: Garchomp
|faint|p2b: Garchomp
|-hitcount|p2: Garchomp|2
|move|p1b: Rotom|Volt Switch|p2a: Farigiraf
|-damage|p2a: Farigiraf|27/100
|
|t:|1785797064
|switch|p1b: Tyranitar|Tyranitar, L50, F|100/100|[from] Volt Switch
|-weather|Sandstorm|[from] ability: Sand Stream|[of] p1b: Tyranitar
|move|p2a: Farigiraf|Psychic|p1b: Tyranitar
|-immune|p1b: Tyranitar
|
|-weather|Sandstorm|[upkeep]
|-damage|p2a: Farigiraf|21/100|[from] Sandstorm
|upkeep
|
|t:|1785797075
|switch|p2b: Kingambit|Kingambit, L50, F|100/100
|turn|5
|
|t:|1785797096
|move|p1a: Aerodactyl|Rock Slide|p2b: Kingambit|[spread] p2a,p2b
|-resisted|p2b: Kingambit|1
|-damage|p2a: Farigiraf|0 fnt
|-damage|p2b: Kingambit|88/100
|faint|p2a: Farigiraf
|move|p1b: Tyranitar|Superpower|p2b: Kingambit
|-supereffective|p2b: Kingambit|2
|-damage|p2b: Kingambit|0 fnt
|-unboost|p1b: Tyranitar|atk|1
|-unboost|p1b: Tyranitar|def|1
|faint|p2b: Kingambit
|
|-weather|Sandstorm|[upkeep]
|upkeep
|
|t:|1785797114
|switch|p2b: Charizard|Charizard, L50, F|100/100
|turn|6
|
|t:|1785797122
|detailschange|p2b: Charizard|Charizard-Mega-Y, L50, F
|-mega|p2b: Charizard|Charizard|Charizardite Y
|-weather|SunnyDay|[from] ability: Drought|[of] p2b: Charizard
|move|p1a: Aerodactyl|Rock Slide|p2b: Charizard
|-supereffective|p2b: Charizard|2
|-damage|p2b: Charizard|0 fnt
|faint|p2b: Charizard
|
|win|GS Barnabe
|inactive|GS Barnabe has 30 seconds to confirm battle start!
|inactive|Cro1998 has 30 seconds to confirm battle start!
