|j|☆dragonite0618
|j|☆marcosdeltasena31
|html|dragonite0618marcosdeltasena31    
|uhtml|bestof|Game 1 of a best-of-3
|t:|1785701419
|gametype|doubles
|player|p1|dragonite0618|pokemonranger-gen4|1321
|player|p2|marcosdeltasena31|hilbert|1406
|gen|9
|tier|[Gen 9 Champions] VGC 2026 Reg M-B (Bo3)
|rated|
|rule|Species Clause: Limit one of each Pokémon
|rule|Item Clause: Limit 1 of each item
|clearpoke
|poke|p1|Whimsicott, L50, M, shiny|
|poke|p1|Staraptor, L50, M, shiny|
|poke|p1|Garchomp, L50, F|
|poke|p1|Kingambit, L50, M, shiny|
|poke|p1|Ceruledge, L50, M, shiny|
|poke|p1|Gholdengo, L50, shiny|
|poke|p2|Staraptor, L50, M|
|poke|p2|Delphox, L50, M|
|poke|p2|Whimsicott, L50, M|
|poke|p2|Glimmora, L50, M|
|poke|p2|Garchomp, L50, M|
|poke|p2|Kingambit, L50, M|
|teampreview|4
|showteam|p1|Whimsicott||FocusSash|Prankster|Protect,Charm,Tailwind,Moonblast|Timid||M|||50|]Staraptor||Staraptite|Intimidate|Protect,CloseCombat,BraveBird,Roost|Jolly||M|||50|]Garchomp||LifeOrb|RoughSkin|Protect,Earthquake,RockSlide,DragonClaw|Jolly||F|||50|]Kingambit||ChopleBerry|Defiant|SuckerPunch,KowtowCleave,LowKick,IronHead|Adamant||M|||50|]Ceruledge||ColburBerry|FlashFire|Protect,BitterBlade,ShadowSneak,BulkUp|Adamant||M|||50|]Gholdengo||SpellTag|GoodasGold|Protect,MakeItRain,ShadowBall,NastyPlot|Modest|||||50|
|showteam|p2|Staraptor||Staraptite|Intimidate|Protect,Roost,CloseCombat,BraveBird|Jolly||M|||50|]Delphox||Delphoxite|Blaze|Protect,Psychic,HeatWave,Substitute|Timid||M|||50|]Whimsicott||OccaBerry|Prankster|Moonblast,Tailwind,Charm,LightScreen|Timid||M|||50|]Glimmora||FocusSash|ToxicDebris|SpikyShield,SludgeBomb,EarthPower,PowerGem|Timid||M|||50|]Garchomp||LifeOrb|RoughSkin|Protect,RockSlide,Earthquake,DragonClaw|Jolly||M|||50|]Kingambit||ChopleBerry|Defiant|SuckerPunch,LowKick,IronHead,KowtowCleave|Adamant||M|||50|
|inactive|Battle timer is ON: inactive players will automatically lose when time's up. (requested by dragonite0618)
|
|t:|1785701466
|teamsize|p1|4
|teamsize|p2|4
|start
|switch|p1a: Whimsicott|Whimsicott, L50, M, shiny|100/100
|switch|p1b: Gholdengo|Gholdengo, L50, shiny|100/100
|switch|p2a: Delphox|Delphox, L50, M|100/100
|switch|p2b: Whimsicott|Whimsicott, L50, M|100/100
|turn|1
|
|t:|1785701482
|detailschange|p2a: Delphox|Delphox-Mega, L50, M
|-mega|p2a: Delphox|Delphox|Delphoxite
|move|p1a: Whimsicott|Tailwind|p1a: Whimsicott
|-sidestart|p1: dragonite0618|move: Tailwind
|move|p2b: Whimsicott|Light Screen|p2b: Whimsicott
|-sidestart|p2: marcosdeltasena31|move: Light Screen
|move|p1b: Gholdengo|Shadow Ball|p2a: Delphox
|-supereffective|p2a: Delphox|1
|-damage|p2a: Delphox|33/100
|move|p2a: Delphox|Heat Wave|p1b: Gholdengo|[spread] p1b
|-miss|p2a: Delphox|p1a: Whimsicott
|-supereffective|p1b: Gholdengo|1
|-damage|p1b: Gholdengo|17/100
|
|upkeep
|turn|2
|
|t:|1785701504
|switch|p2b: Kingambit|Kingambit, L50, M|100/100
|move|p2a: Delphox|Protect|p2a: Delphox
|-singleturn|p2a: Delphox|Protect
|move|p1a: Whimsicott|Moonblast|p2a: Delphox
|-activate|p2a: Delphox|move: Protect
|move|p1b: Gholdengo|Shadow Ball|p2a: Delphox
|-activate|p2a: Delphox|move: Protect
|
|upkeep
|turn|3
|inactive|dragonite0618 has 30 seconds left.
|
|t:|1785701531
|switch|p1b: Kingambit|Kingambit, L50, M, shiny|100/100
|move|p2b: Kingambit|Sucker Punch||[still]
|-fail|p2b: Kingambit
|move|p1a: Whimsicott|Moonblast|p2a: Delphox
|-resisted|p2a: Delphox|1
|-damage|p2a: Delphox|22/100
|-unboost|p2a: Delphox|spa|1
|move|p2a: Delphox|Heat Wave|p1a: Whimsicott|[spread] p1b
|-miss|p2a: Delphox|p1a: Whimsicott
|-supereffective|p1b: Kingambit|1
|-damage|p1b: Kingambit|46/100
|
|upkeep
|turn|4
|inactive|dragonite0618 has 30 seconds left.
|inactive|dragonite0618 has 20 seconds left.
|
|t:|1785701570
|switch|p2a: Whimsicott|Whimsicott, L50, M|100/100
|move|p1b: Kingambit|Sucker Punch||[still]
|-fail|p1b: Kingambit
|move|p1a: Whimsicott|Moonblast|p2b: Kingambit
|-damage|p2b: Kingambit|75/100
|move|p2b: Kingambit|Iron Head|p1a: Whimsicott
|-supereffective|p1a: Whimsicott|1
|-enditem|p1a: Whimsicott|Focus Sash
|-damage|p1a: Whimsicott|1/100
|
|-sideend|p1: dragonite0618|move: Tailwind
|upkeep
|turn|5
|
|t:|1785701586
|move|p1a: Whimsicott|Tailwind|p1a: Whimsicott
|-sidestart|p1: dragonite0618|move: Tailwind
|move|p2a: Whimsicott|Tailwind|p2a: Whimsicott
|-sidestart|p2: marcosdeltasena31|move: Tailwind
|move|p1b: Kingambit|Low Kick|p2b: Kingambit
|-supereffective|p2b: Kingambit|2
|-enditem|p2b: Kingambit|Chople Berry|[eat]
|-enditem|p2b: Kingambit|Chople Berry|[weaken]
|-damage|p2b: Kingambit|25/100
|move|p2b: Kingambit|Low Kick|p1b: Kingambit
|-supereffective|p1b: Kingambit|2
|-enditem|p1b: Kingambit|Chople Berry|[eat]
|-enditem|p1b: Kingambit|Chople Berry|[weaken]
|-damage|p1b: Kingambit|0 fnt
|faint|p1b: Kingambit
|
|-sideend|p2: marcosdeltasena31|move: Light Screen
|upkeep
|
|t:|1785701598
|switch|p1b: Staraptor|Staraptor, L50, M, shiny|100/100
|-ability|p1b: Staraptor|Intimidate|boost
|-unboost|p2a: Whimsicott|atk|1
|-unboost|p2b: Kingambit|atk|1
|-ability|p2b: Kingambit|Defiant|boost
|-boost|p2b: Kingambit|atk|2
|turn|6
|
|t:|1785701618
|detailschange|p1b: Staraptor|Staraptor-Mega, L50, M, shiny
|-mega|p1b: Staraptor|Staraptor|Staraptite
|move|p2b: Kingambit|Sucker Punch|p1b: Staraptor
|-resisted|p1b: Staraptor|1
|-damage|p1b: Staraptor|72/100
|move|p1a: Whimsicott|Moonblast|p2a: Whimsicott
|-damage|p2a: Whimsicott|47/100
|move|p1b: Staraptor|Close Combat|p2b: Kingambit
|-supereffective|p2b: Kingambit|2
|-damage|p2b: Kingambit|0 fnt
|-boost|p1b: Staraptor|def|1
|-boost|p1b: Staraptor|spd|1
|faint|p2b: Kingambit
|move|p2a: Whimsicott|Moonblast|p1b: Staraptor
|-supereffective|p1b: Staraptor|1
|-damage|p1b: Staraptor|36/100
|
|upkeep
|
|t:|1785701634
|switch|p2b: Delphox|Delphox-Mega, L50, M|22/100
|turn|7
|inactive|dragonite0618 has 30 seconds left.
|
|t:|1785701660
|switch|p1a: Gholdengo|Gholdengo, L50, shiny|17/100
|move|p1b: Staraptor|Protect|p1b: Staraptor
|-singleturn|p1b: Staraptor|Protect
|move|p2b: Delphox|Heat Wave|p1a: Gholdengo|[spread] p1a
|-activate|p1b: Staraptor|move: Protect
|-supereffective|p1a: Gholdengo|1
|-damage|p1a: Gholdengo|0 fnt
|faint|p1a: Gholdengo
|move|p2a: Whimsicott|Moonblast|p1b: Staraptor
|-activate|p1b: Staraptor|move: Protect
|
|upkeep
|
|t:|1785701670
|switch|p1a: Whimsicott|Whimsicott, L50, M, shiny|1/100
|turn|8
|
|t:|1785701682
|move|p1a: Whimsicott|Protect|p1a: Whimsicott
|-singleturn|p1a: Whimsicott|Protect
|move|p2b: Delphox|Psychic|p1b: Staraptor
|-supereffective|p1b: Staraptor|1
|-damage|p1b: Staraptor|0 fnt
|faint|p1b: Staraptor
|move|p2a: Whimsicott|Moonblast|p1a: Whimsicott
|-activate|p1a: Whimsicott|move: Protect
|
|-sideend|p2: marcosdeltasena31|move: Tailwind
|-sideend|p1: dragonite0618|move: Tailwind
|upkeep
|turn|9
|
|t:|1785701689
|move|p2a: Whimsicott|Tailwind|p2a: Whimsicott
|-sidestart|p2: marcosdeltasena31|move: Tailwind
|move|p2b: Delphox|Psychic|p1a: Whimsicott
|-damage|p1a: Whimsicott|0 fnt
|faint|p1a: Whimsicott
|
|win|marcosdeltasena31
||dragonite0618 is ready for game 2.
||marcosdeltasena31 is ready for game 2.
|uhtml|next|Next: Game 2 of 3
|l|☆marcosdeltasena31
|player|p2|
