|j|☆bencrack123
|j|‽Juaner95
|html|bencrack123Juaner95    
|uhtml|bestof|Game 2 of a best-of-3
|t:|1783032799
|gametype|doubles
|player|p1|bencrack123|youngster-gen4dp|1216
|player|p2|Juaner95|may-masters4|1179
|gen|9
|tier|[Gen 9 Champions] VGC 2026 Reg M-B (Bo3)
|rated|
|rule|Species Clause: Limit one of each Pokémon
|rule|Item Clause: Limit 1 of each item
|clearpoke
|poke|p1|Delphox, L50, M|
|poke|p1|Basculegion, L50, M|
|poke|p1|Tsareena, L50, F|
|poke|p1|Ninetales-Alola, L50, F|
|poke|p1|Maushold-Four, L50|
|poke|p1|Glimmora, L50, M|
|poke|p2|Scovillain, L50, M|
|poke|p2|Basculegion, L50, M, shiny|
|poke|p2|Sylveon, L50, F, shiny|
|poke|p2|Garchomp, L50, M|
|poke|p2|Aerodactyl, L50, M|
|poke|p2|Kingambit, L50, M|
|teampreview|4
|showteam|p1|Delphox||Delphoxite|Magician|HeatWave,Psychic,DazzlingGleam,Protect|Modest||M|||50|]Basculegion||ChoiceScarf|Adaptability|AquaJet,FlipTurn,LastRespects,WaveCrash|Adamant||M|||50|]Tsareena||Leftovers|QueenlyMajesty|TripleAxel,TropKick,HelpingHand,Protect|Adamant||F|||50|]Ninetales-Alola|||SnowWarning|AuroraVeil,Blizzard,FreezeDry,Protect|Calm||F|||50|]Maushold-Four||SitrusBerry|FriendGuard|Protect,SuperFang,FollowMe,HelpingHand|Serious|||||50|]Glimmora||Glimmoranite|ToxicDebris|EarthPower,SludgeWave,SpikyShield,PowerGem|Serious||M|||50|
|showteam|p2|Scovillain||Scovillainite|Moody|Overheat,LeechSeed,RagePowder,Protect|Calm||M|||50|]Basculegion||ChoiceScarf|Adaptability|WaveCrash,LastRespects,FlipTurn,AquaJet|Jolly||M|||50|]Sylveon||FairyFeather|Pixilate|HyperVoice,HyperBeam,QuickAttack,Detect|Modest||F|||50|]Garchomp||SitrusBerry|RoughSkin|Earthquake,DragonClaw,PoisonJab,Protect|Adamant||M|||50|]Aerodactyl||Aerodactylite|Unnerve|RockSlide,DualWingbeat,Tailwind,Protect|Jolly||M|||50|]Kingambit||FocusSash|Defiant|KowtowCleave,IronHead,LowKick,SuckerPunch|Adamant||M|||50|
|
|t:|1783032841
|teamsize|p1|4
|teamsize|p2|4
|start
|switch|p1a: Tsareena|Tsareena, L50, F|100/100
|switch|p1b: Basculegion|Basculegion, L50, M|100/100
|switch|p2a: Aerodactyl|Aerodactyl, L50, M|100/100
|switch|p2b: Basculegion|Basculegion, L50, M, shiny|100/100
|-ability|p2a: Aerodactyl|Unnerve
|turn|1
|
|t:|1783032883
|detailschange|p2a: Aerodactyl|Aerodactyl-Mega, L50, M
|-mega|p2a: Aerodactyl|Aerodactyl|Aerodactylite
|move|p2a: Aerodactyl|Tailwind|p2a: Aerodactyl
|-sidestart|p2: Juaner95|move: Tailwind
|move|p2b: Basculegion|Flip Turn|p1b: Basculegion
|-resisted|p1b: Basculegion|1
|-crit|p1b: Basculegion
|-damage|p1b: Basculegion|64/100
|
|t:|1783032892
|switch|p2b: Garchomp|Garchomp, L50, M|100/100|[from] Flip Turn
|move|p1b: Basculegion|Flip Turn|p2a: Aerodactyl
|-supereffective|p2a: Aerodactyl|1
|-damage|p2a: Aerodactyl|0 fnt
|faint|p2a: Aerodactyl
|
|t:|1783032899
|switch|p1b: Maushold|Maushold-Four, L50|100/100|[from] Flip Turn
|move|p1a: Tsareena|Trop Kick|p2b: Garchomp
|-damage|p2b: Garchomp|60/100
|-unboost|p2b: Garchomp|atk|1
|-damage|p1a: Tsareena|87/100|[from] ability: Rough Skin|[of] p2b: Garchomp
|
|-heal|p1a: Tsareena|93/100|[from] item: Leftovers
|upkeep
|
|t:|1783032934
|switch|p2a: Basculegion|Basculegion, L50, M, shiny|100/100
|turn|2
|
|t:|1783032946
|switch|p2b: Sylveon|Sylveon, L50, F, shiny|100/100
|move|p2a: Basculegion|Flip Turn|p1b: Maushold
|-damage|p1b: Maushold|46/100
|-enditem|p1b: Maushold|Sitrus Berry|[eat]
|-heal|p1b: Maushold|71/100|[from] item: Sitrus Berry
|
|t:|1783032964
|switch|p2a: Garchomp|Garchomp, L50, M|60/100|[from] Flip Turn
|move|p1b: Maushold|Super Fang|p2b: Sylveon
|-damage|p2b: Sylveon|50/100g
|move|p1a: Tsareena|Trop Kick|p2a: Garchomp
|-damage|p2a: Garchomp|19/100
|-unboost|p2a: Garchomp|atk|1
|-damage|p1a: Tsareena|81/100|[from] ability: Rough Skin|[of] p2a: Garchomp
|-enditem|p2a: Garchomp|Sitrus Berry|[eat]
|-heal|p2a: Garchomp|44/100|[from] item: Sitrus Berry
|
|-heal|p1a: Tsareena|87/100|[from] item: Leftovers
|upkeep
|turn|3
|
|t:|1783033008
|switch|p2a: Basculegion|Basculegion, L50, M, shiny|100/100
|move|p1b: Maushold|Follow Me|p1b: Maushold
|-singleturn|p1b: Maushold|move: Follow Me
|move|p2b: Sylveon|Hyper Voice|p1b: Maushold|[spread] p1a,p1b
|-damage|p1a: Tsareena|54/100
|-damage|p1b: Maushold|14/100
|move|p1a: Tsareena|Trop Kick|p2b: Sylveon
|-damage|p2b: Sylveon|0 fnt
|faint|p2b: Sylveon
|
|-heal|p1a: Tsareena|60/100|[from] item: Leftovers
|upkeep
|
|t:|1783033015
|switch|p2b: Garchomp|Garchomp, L50, M|44/100
|turn|4
|
|t:|1783033036
|move|p1b: Maushold|Follow Me|p1b: Maushold
|-singleturn|p1b: Maushold|move: Follow Me
|move|p2a: Basculegion|Last Respects|p1b: Maushold
|-immune|p1b: Maushold
|move|p2b: Garchomp|Dragon Claw|p1b: Maushold
|-damage|p1b: Maushold|0 fnt
|faint|p1b: Maushold
|move|p1a: Tsareena|Trop Kick|p2a: Basculegion
|-supereffective|p2a: Basculegion|1
|-damage|p2a: Basculegion|0 fnt
|faint|p2a: Basculegion
|
|-heal|p1a: Tsareena|65/100|[from] item: Leftovers
|-sideend|p2: Juaner95|move: Tailwind
|upkeep
|
|t:|1783033053
|switch|p1b: Basculegion|Basculegion, L50, M|64/100
|turn|5
|
|t:|1783033060
|move|p2b: Garchomp|Protect|p2b: Garchomp
|-singleturn|p2b: Garchomp|Protect
|move|p1b: Basculegion|Wave Crash|p2b: Garchomp
|-activate|p2b: Garchomp|move: Protect
|move|p1a: Tsareena|Triple Axel|p2b: Garchomp
|-activate|p2b: Garchomp|move: Protect
|
|-heal|p1a: Tsareena|71/100|[from] item: Leftovers
|upkeep
|turn|6
|inactive|Battle timer is ON: inactive players will automatically lose when time's up. (requested by bencrack123)
|inactive|Juaner95 has 60 seconds left.
|inactive|Juaner95 has 30 seconds left.
|inactive|Juaner95 has 20 seconds left.
|inactive|Juaner95 has 15 seconds left.
|inactive|Juaner95 has 10 seconds left.
|inactive|Juaner95 has 5 seconds left.
|
|t:|1783033196
|move|p1b: Basculegion|Wave Crash|p2b: Garchomp
|-damage|p2b: Garchomp|0 fnt
|-damage|p1b: Basculegion|52/100|[from] ability: Rough Skin|[of] p2b: Garchomp
|faint|p2b: Garchomp
|-damage|p1b: Basculegion|36/100|[from] Recoil
|
|win|bencrack123
|raw|bencrack123's rating: 1216 → 1238(+22 for winning)
|raw|Juaner95's rating: 1179 → 1157(-22 for losing)
|l|☆bencrack123
|player|p1|
