|j|☆megacsc
|j|☆ar1stoteles vgc
|html|megacscar1stoteles vgc    
|uhtml|bestof|Game 2 of a best-of-3
|t:|1756298060
|gametype|doubles
|player|p1|megacsc|silver|1110
|player|p2|ar1stoteles vgc|wallace|1149
|gen|9
|tier|[Gen 9] VGC 2025 Reg H (Bo3)
|rated|
|rule|Species Clause: Limit one of each Pokémon
|rule|Item Clause: Limit 1 of each item
|clearpoke
|poke|p1|Whimsicott, L50, M|
|poke|p1|Garchomp, L50, M|
|poke|p1|Gholdengo, L50|
|poke|p1|Incineroar, L50, M|
|poke|p1|Sneasler, L50, M|
|poke|p1|Dragonite, L50, M|
|poke|p2|Indeedee-F, L50, F|
|poke|p2|Hatterene, L50, F|
|poke|p2|Gallade, L50, M|
|poke|p2|Ursaluna, L50, M|
|poke|p2|Lilligant-Hisui, L50, F|
|poke|p2|Torkoal, L50, M|
|teampreview|4
|showteam|p1|Whimsicott||CovertCloak|Prankster|Moonblast,Tailwind,Encore,Protect|||M|||50|,,,,,Water]Garchomp||LifeOrb|RoughSkin|Earthquake,DragonClaw,StompingTantrum,Protect|||M|||50|,,,,,Ground]Gholdengo||ChoiceSpecs|GoodasGold|MakeItRain,ShadowBall,Trick,Protect||||||50|,,,,,Steel]Incineroar||AssaultVest|Intimidate|FakeOut,FlareBlitz,KnockOff,Uturn|||M|||50|,,,,,Grass]Sneasler||FocusSash|Unburden|FakeOut,DireClaw,CloseCombat,Protect|||M|||50|,,,,,Stellar]Dragonite||ChoiceBand|InnerFocus|ExtremeSpeed,Outrage,IceSpinner,StompingTantrum|||M|||50|,,,,,Normal
|showteam|p2|Indeedee-F||PsychicSeed|PsychicSurge|TrickRoom,FollowMe,HelpingHand,DazzlingGleam|||F|||50|,,,,,Fire]Hatterene||LifeOrb|MagicBounce|ExpandingForce,TrickRoom,DazzlingGleam,Protect|||F|||50|,,,,,Psychic]Gallade||ClearAmulet|Sharpness|PsychoCut,TrickRoom,SacredSword,WideGuard|||M|||50|,,,,,Grass]Ursaluna||FlameOrb|Guts|HeadlongRush,Facade,SwordsDance,Protect|||M|||50|,,,,,Ghost]Lilligant-Hisui||FocusSash|Chlorophyll|SolarBlade,SleepPowder,CloseCombat,AfterYou|||F|||50|,,,,,Ghost]Torkoal||ChoiceSpecs|Drought|Eruption,HeatWave,WeatherBall,EarthPower|||M|||50|,,,,,Fire
|inactive|Battle timer is ON: inactive players will automatically lose when time's up. (requested by ar1stoteles vgc)
|
|t:|1756298080
|teamsize|p1|4
|teamsize|p2|4
|start
|switch|p1a: Dragonite|Dragonite, L50, M|100/100
|switch|p1b: Gholdengo|Gholdengo, L50|100/100
|switch|p2a: 紫竽超可愛|Indeedee-F, L50, F, shiny|100/100
|switch|p2b: 紫竽親衛隊|Gallade, L50, M, shiny|100/100
|-fieldstart|move: Psychic Terrain|[from] ability: Psychic Surge|[of] p2a: 紫竽超可愛
|-enditem|p2a: 紫竽超可愛|Psychic Seed
|-boost|p2a: 紫竽超可愛|spd|1|[from] item: Psychic Seed
|turn|1
|inactive|ar1stoteles vgc has 30 seconds left.
|
|t:|1756298106
|move|p2b: 紫竽親衛隊|Wide Guard|p2b: 紫竽親衛隊
|-singleturn|p2b: 紫竽親衛隊|Wide Guard
|move|p1b: Gholdengo|Shadow Ball|p2b: 紫竽親衛隊
|-supereffective|p2b: 紫竽親衛隊
|-damage|p2b: 紫竽親衛隊|0 fnt
|faint|p2b: 紫竽親衛隊
|move|p1a: Dragonite|Outrage|p2a: 紫竽超可愛
|-damage|p2a: 紫竽超可愛|14/100
|move|p2a: 紫竽超可愛|Trick Room|p2a: 紫竽超可愛
|-fieldstart|move: Trick Room|[of] p2a: 紫竽超可愛
|
|upkeep
|
|t:|1756298113
|switch|p2b: 太樂巴戈斯|Torkoal, L50, M, shiny|100/100
|-weather|SunnyDay|[from] ability: Drought|[of] p2b: 太樂巴戈斯
|turn|2
|
|t:|1756298126
|switch|p2a: 一拳月月熊|Ursaluna, L50, M, shiny|100/100
|-terastallize|p2b: 太樂巴戈斯|Fire
|move|p2b: 太樂巴戈斯|Eruption|p1a: Dragonite|[spread] p1a,p1b
|-resisted|p1a: Dragonite
|-supereffective|p1b: Gholdengo
|-damage|p1a: Dragonite|29/100
|-damage|p1b: Gholdengo|0 fnt
|faint|p1b: Gholdengo
|move|p1a: Dragonite|Outrage|p2a: 一拳月月熊|[from] lockedmove
|-damage|p2a: 一拳月月熊|32/100
|-start|p1a: Dragonite|confusion|[fatigue]
|
|-weather|SunnyDay|[upkeep]
|-status|p2a: 一拳月月熊|brn|[from] item: Flame Orb
|upkeep
|
|t:|1756298144
|switch|p1b: Incineroar|Incineroar, L50, M|100/100
|-ability|p1b: Incineroar|Intimidate|boost
|-unboost|p2a: 一拳月月熊|atk|1
|-unboost|p2b: 太樂巴戈斯|atk|1
|turn|3
|
|t:|1756298156
|-terastallize|p1b: Incineroar|Grass
|move|p1b: Incineroar|Fake Out|p2b: 太樂巴戈斯
|-activate|p2b: 太樂巴戈斯|move: Psychic Terrain
|move|p2b: 太樂巴戈斯|Eruption|p1b: Incineroar|[spread] p1a,p1b
|-resisted|p1a: Dragonite
|-supereffective|p1b: Incineroar
|-damage|p1a: Dragonite|0 fnt
|-damage|p1b: Incineroar|0 fnt
|faint|p1a: Dragonite
|faint|p1b: Incineroar
|move|p2a: 一拳月月熊|Facade|p1: Dragonite|[notarget]
|-fail|p2a: 一拳月月熊
|
|-weather|SunnyDay|[upkeep]
|-damage|p2a: 一拳月月熊|26/100 brn|[from] brn
|upkeep
|
|t:|1756298162
|switch|p1b: Garchomp|Garchomp, L50, M|100/100
|turn|4
|
|t:|1756298171
|move|p1b: Garchomp|Protect|p1b: Garchomp
|-singleturn|p1b: Garchomp|Protect
|move|p2b: 太樂巴戈斯|Eruption|p1b: Garchomp
|-activate|p1b: Garchomp|move: Protect
|move|p2a: 一拳月月熊|Facade|p1b: Garchomp
|-activate|p1b: Garchomp|move: Protect
|
|-weather|SunnyDay|[upkeep]
|-damage|p2a: 一拳月月熊|20/100 brn|[from] brn
|upkeep
|turn|5
|
|t:|1756298175
|move|p1b: Garchomp|Protect||[still]
|-fail|p1b: Garchomp
|move|p2b: 太樂巴戈斯|Eruption|p1b: Garchomp
|-resisted|p1b: Garchomp
|-damage|p1b: Garchomp|0 fnt
|faint|p1b: Garchomp
|
|win|ar1stoteles vgc
|raw|megacsc's rating: 1110 → 1088(-22 for losing)
|raw|ar1stoteles vgc's rating: 1149 → 1171(+22 for winning)
|l|☆megacsc
|player|p1|
