|j|☆fralb14
|j|☆okkoso
|html|fralb14okkoso    
|uhtml|bestof|Game 1 of a best-of-3
|t:|1756301539
|gametype|doubles
|player|p1|fralb14|2|1157
|player|p2|okkoso|waiter-gen4dp|1062
|gen|9
|tier|[Gen 9] VGC 2025 Reg H (Bo3)
|rated|
|rule|Species Clause: Limit one of each Pokémon
|rule|Item Clause: Limit 1 of each item
|clearpoke
|poke|p1|Gholdengo, L50|
|poke|p1|Pelipper, L50, F|
|poke|p1|Archaludon, L50, F|
|poke|p1|Sinistcha, L50|
|poke|p1|Ursaluna, L50, M|
|poke|p1|Dragonite, L50, F|
|poke|p2|Incineroar, L50, M|
|poke|p2|Gholdengo, L50|
|poke|p2|Dragonite, L50, M|
|poke|p2|Amoonguss, L50, F|
|poke|p2|Ursaluna-Bloodmoon, L50, M|
|poke|p2|Sneasler, L50, F|
|teampreview|4
|showteam|p1|Gholdengo||ChoiceScarf|GoodasGold|MakeItRain,ShadowBall,Trick,Protect||||||50|,,,,,Flying]Pelipper||FocusSash|Drizzle|WeatherBall,Hurricane,Tailwind,Protect|||F|||50|,,,,,Ghost]Archaludon||AssaultVest|Stamina|ElectroShot,FlashCannon,BodyPress,Snarl|||F|||50|,,,,,Fighting]Sinistcha||SitrusBerry|Hospitality|MatchaGotcha,LifeDew,RagePowder,TrickRoom||||||50|,,,,,Dark]Ursaluna||FlameOrb|Guts|HeadlongRush,Earthquake,Facade,Protect|||M|||50|,,,,,Ghost]Dragonite||LoadedDice|Multiscale|ScaleShot,Haze,Tailwind,Protect|||F|||50|,,,,,Fairy
|showteam|p2|Incineroar||SafetyGoggles|Intimidate|FlareBlitz,KnockOff,PartingShot,FakeOut|||M|||50|,,,,,Ghost]Gholdengo||LifeOrb|GoodasGold|MakeItRain,ShadowBall,NastyPlot,Protect||||||50|,,,,,Water]Dragonite||LoadedDice|Multiscale|ScaleShot,Tailwind,Haze,Protect|||M|||50|,,,,,Fairy]Amoonguss||SitrusBerry|Regenerator|Spore,RagePowder,PollenPuff,Protect|||F|||50|,,,,,Psychic]Ursaluna-Bloodmoon||AssaultVest|MindsEye|HyperVoice,BloodMoon,EarthPower,VacuumWave|||M|||50|,,,,,Water]Sneasler||FocusSash|Unburden|CloseCombat,DireClaw,ThroatChop,Protect|||F|||50|,,,,,Stellar
|inactive|Battle timer is ON: inactive players will automatically lose when time's up. (requested by fralb14)
|inactive|fralb14 has 60 seconds left.
|inactive|okkoso has 60 seconds left.
|inactive|fralb14 has 30 seconds left.
|inactive|fralb14 has 20 seconds left.
|inactive|fralb14 has 15 seconds left.
|inactive|fralb14 has 10 seconds left.
|
|t:|1756301621
|teamsize|p1|4
|teamsize|p2|4
|start
|switch|p1a: Dragonite|Dragonite, L50, F|100/100
|switch|p1b: Gholdengo|Gholdengo, L50|100/100
|switch|p2a: Incineroar|Incineroar, L50, M|100/100
|switch|p2b: Dragonite|Dragonite, L50, M|100/100
|-ability|p2a: Incineroar|Intimidate|boost
|-unboost|p1a: Dragonite|atk|1
|-unboost|p1b: Gholdengo|atk|1
|turn|1
|
|t:|1756301645
|-terastallize|p2b: Dragonite|Fairy
|move|p1a: Dragonite|Protect|p1a: Dragonite
|-singleturn|p1a: Dragonite|Protect
|move|p2a: Incineroar|Fake Out|p1a: Dragonite
|-activate|p1a: Dragonite|move: Protect
|move|p1b: Gholdengo|Make It Rain|p2b: Dragonite|[spread] p2a,p2b
|-resisted|p2a: Incineroar
|-supereffective|p2b: Dragonite
|-damage|p2a: Incineroar|78/100
|-damage|p2b: Dragonite|43/100
|-unboost|p1b: Gholdengo|spa|1
|move|p2b: Dragonite|Scale Shot|p1b: Gholdengo
|-resisted|p1b: Gholdengo
|-damage|p1b: Gholdengo|93/100
|-resisted|p1b: Gholdengo
|-damage|p1b: Gholdengo|84/100
|-resisted|p1b: Gholdengo
|-crit|p1b: Gholdengo
|-damage|p1b: Gholdengo|72/100
|-resisted|p1b: Gholdengo
|-crit|p1b: Gholdengo
|-damage|p1b: Gholdengo|60/100
|-resisted|p1b: Gholdengo
|-damage|p1b: Gholdengo|50/100
|-hitcount|p1b: Gholdengo|5
|-unboost|p2b: Dragonite|def|1
|-boost|p2b: Dragonite|spe|1
|
|upkeep
|turn|2
|inactive|fralb14 has 30 seconds left.
|inactive|okkoso has 30 seconds left.
|inactive|fralb14 has 20 seconds left.
|inactive|okkoso has 20 seconds left.
|inactive|okkoso has 15 seconds left.
|
|t:|1756301687
|switch|p1a: Archaludon|Archaludon, L50, F|100/100
|move|p1b: Gholdengo|Make It Rain|p2b: Dragonite|[spread] p2a,p2b
|-resisted|p2a: Incineroar
|-supereffective|p2b: Dragonite
|-damage|p2a: Incineroar|65/100
|-damage|p2b: Dragonite|0 fnt
|-unboost|p1b: Gholdengo|spa|1
|faint|p2b: Dragonite
|move|p2a: Incineroar|Parting Shot|p1b: Gholdengo
|-immune|p1b: Gholdengo|[from] ability: Good as Gold
|
|upkeep
|
|t:|1756301702
|switch|p2b: Sneasler|Sneasler, L50, F|100/100
|turn|3
|inactive|fralb14 has 30 seconds left.
|inactive|fralb14 has 20 seconds left.
|
|t:|1756301741
|-terastallize|p1a: Archaludon|Fighting
|move|p1b: Gholdengo|Make It Rain|p2a: Incineroar|[spread] p2a,p2b
|-resisted|p2a: Incineroar
|-damage|p2a: Incineroar|54/100
|-damage|p2b: Sneasler|62/100
|-unboost|p1b: Gholdengo|spa|1
|move|p2b: Sneasler|Close Combat|p1a: Archaludon
|-damage|p1a: Archaludon|61/100
|-unboost|p2b: Sneasler|def|1
|-unboost|p2b: Sneasler|spd|1
|-ability|p1a: Archaludon|Stamina|boost
|-boost|p1a: Archaludon|def|1
|move|p1a: Archaludon|Body Press|p2a: Incineroar
|-supereffective|p2a: Incineroar
|-damage|p2a: Incineroar|0 fnt
|faint|p2a: Incineroar
|
|upkeep
|
|t:|1756301761
|switch|p2a: Amoonguss|Amoonguss, L50, F|100/100
|turn|4
|inactive|fralb14 has 30 seconds left.
|inactive|okkoso has 30 seconds left.
|inactive|fralb14 has 20 seconds left.
|inactive|fralb14 has 15 seconds left.
|
|t:|1756301803
|move|p1b: Gholdengo|Make It Rain|p2a: Amoonguss|[spread] p2a,p2b
|-crit|p2a: Amoonguss
|-damage|p2a: Amoonguss|32/100
|-damage|p2b: Sneasler|20/100
|-unboost|p1b: Gholdengo|spa|1
|-enditem|p2a: Amoonguss|Sitrus Berry|[eat]
|-heal|p2a: Amoonguss|57/100|[from] item: Sitrus Berry
|move|p2b: Sneasler|Close Combat|p1a: Archaludon
|-damage|p1a: Archaludon|36/100
|-unboost|p2b: Sneasler|def|1
|-unboost|p2b: Sneasler|spd|1
|-ability|p1a: Archaludon|Stamina|boost
|-boost|p1a: Archaludon|def|1
|move|p1a: Archaludon|Flash Cannon|p2b: Sneasler
|-damage|p2b: Sneasler|0 fnt
|faint|p2b: Sneasler
|move|p2a: Amoonguss|Spore|p1b: Gholdengo
|-immune|p1b: Gholdengo|[from] ability: Good as Gold
|
|upkeep
|turn|5
|-message|okkoso forfeited.
|
|win|fralb14
|l|☆okkoso
|player|p2|
||okkoso is ready for game 2.
||fralb14 is ready for game 2.
|uhtml|next|Next: Game 2 of 3
