|j|☆dubbies
|j|☆Mythicallegand
|html|dubbiesMythicallegand    
|uhtml|bestof|Game 1 of a best-of-3
|t:|1756652654
|gametype|doubles
|player|p1|dubbies|hoopster|1067
|player|p2|Mythicallegand|iris|1076
|gen|9
|tier|[Gen 9] VGC 2025 Reg H (Bo3)
|rated|
|rule|Species Clause: Limit one of each Pokémon
|rule|Item Clause: Limit 1 of each item
|clearpoke
|poke|p1|Gholdengo, L50|
|poke|p1|Grimmsnarl, L50, M|
|poke|p1|Maushold, L50|
|poke|p1|Dragonite, L50, M|
|poke|p1|Pelipper, L50, F|
|poke|p1|Archaludon, L50, F|
|poke|p2|Dondozo, L50, F|
|poke|p2|Tatsugiri, L50, F|
|poke|p2|Dragonite, L50, F|
|poke|p2|Typhlosion-Hisui, L50, M|
|poke|p2|Whimsicott, L50, F|
|poke|p2|Ninetales-Alola, L50, F|
|teampreview|4
|showteam|p1|Gholdengo||LifeOrb|GoodasGold|MakeItRain,ShadowBall,NastyPlot,Protect||||||50|,,,,,Water]Grimmsnarl||LightClay|Prankster|FoulPlay,LightScreen,Reflect,ThunderWave|||M|||50|,,,,,Ghost]Maushold||SafetyGoggles|FriendGuard|Protect,SuperFang,FollowMe,BeatUp||||||50|,,,,,Ghost]Dragonite||LoadedDice|Multiscale|Protect,ScaleShot,ExtremeSpeed,Tailwind|||M|||50|,,,,,Steel]Pelipper||FocusSash|Drizzle|Protect,MuddyWater,Hurricane,Tailwind|||F|||50|,,,,,Ground]Archaludon||AssaultVest|Stamina|DracoMeteor,ElectroShot,BodyPress,Snarl|||F|||50|,,,,,Bug
|showteam|p2|Dondozo||LumBerry|Unaware|OrderUp,Protect,Earthquake,WaveCrash|||F|||50|,,,,,Dragon]Tatsugiri||SitrusBerry|Commander|Taunt,IcyWind,MuddyWater,DracoMeteor|||F|||50|,,,,,Ghost]Dragonite||AssaultVest|InnerFocus|TeraBlast,ExtremeSpeed,IceSpinner,ScaleShot|||F|||50|,,,,,Flying]Typhlosion-Hisui||LifeOrb|Blaze|Eruption,ShadowBall,HeatWave,Protect|||M|||50|,,,,,Grass]Whimsicott||FocusSash|Prankster|Encore,Moonblast,Tailwind,FakeTears|||F|||50|,,,,,Ghost]Ninetales-Alola||ChoiceSpecs|SnowWarning|Blizzard,DazzlingGleam,IcyWind,Moonblast|||F|||50|,,,,,Ghost
|inactive|Battle timer is ON: inactive players will automatically lose when time's up. (requested by dubbies)
|inactive|dubbies has 60 seconds left.
|inactive|Mythicallegand has 60 seconds left.
|inactive|dubbies has 30 seconds left.
|
|t:|1756652714
|teamsize|p1|4
|teamsize|p2|4
|start
|switch|p1a: Maushold|Maushold, L50, shiny|100/100
|switch|p1b: Gholdengo|Gholdengo, L50|100/100
|switch|p2a: Typhlosion|Typhlosion-Hisui, L50, M|100/100
|switch|p2b: Whimsicott|Whimsicott, L50, F|100/100
|turn|1
|
|t:|1756652735
|switch|p1a: Pelipper|Pelipper, L50, F, shiny|100/100
|-weather|RainDance|[from] ability: Drizzle|[of] p1a: Pelipper
|-terastallize|p1b: Gholdengo|Water
|move|p2b: Whimsicott|Fake Tears|p1b: Gholdengo
|-immune|p1b: Gholdengo|[from] ability: Good as Gold
|move|p2a: Typhlosion|Eruption|p1b: Gholdengo|[spread] p1a,p1b
|-resisted|p1a: Pelipper
|-resisted|p1b: Gholdengo
|-damage|p1a: Pelipper|72/100
|-damage|p1b: Gholdengo|80/100
|-damage|p2a: Typhlosion|91/100|[from] item: Life Orb
|move|p1b: Gholdengo|Shadow Ball|p2a: Typhlosion
|-supereffective|p2a: Typhlosion
|-damage|p2a: Typhlosion|0 fnt
|faint|p2a: Typhlosion
|-damage|p1b: Gholdengo|71/100|[from] item: Life Orb
|
|-weather|RainDance|[upkeep]
|upkeep
|
|t:|1756652751
|switch|p2a: Ninetales|Ninetales-Alola, L50, F|100/100
|-weather|Snowscape|[from] ability: Snow Warning|[of] p2a: Ninetales
|turn|2
|
|t:|1756652774
|switch|p1a: Maushold|Maushold, L50, shiny|100/100
|-terastallize|p2a: Ninetales|Ghost
|move|p1b: Gholdengo|Protect|p1b: Gholdengo
|-singleturn|p1b: Gholdengo|Protect
|move|p2b: Whimsicott|Fake Tears|p1a: Maushold
|-unboost|p1a: Maushold|spd|2
|move|p2a: Ninetales|Dazzling Gleam|p1b: Gholdengo|[spread] p1a
|-activate|p1b: Gholdengo|move: Protect
|-damage|p1a: Maushold|23/100
|
|-weather|Snowscape|[upkeep]
|upkeep
|turn|3
|inactive|dubbies has 30 seconds left.
|
|t:|1756652802
|move|p2b: Whimsicott|Moonblast|p1b: Gholdengo
|-damage|p1b: Gholdengo|43/100
|move|p2a: Ninetales|Dazzling Gleam|p1a: Maushold|[spread] p1a,p1b
|-damage|p1a: Maushold|0 fnt
|-damage|p1b: Gholdengo|14/100
|faint|p1a: Maushold
|move|p1b: Gholdengo|Make It Rain|p2a: Ninetales|[spread] p2a,p2b
|-supereffective|p2b: Whimsicott
|-damage|p2a: Ninetales|29/100
|-enditem|p2b: Whimsicott|Focus Sash
|-damage|p2b: Whimsicott|1/100
|-unboost|p1b: Gholdengo|spa|1
|-damage|p1b: Gholdengo|5/100|[from] item: Life Orb
|
|-weather|Snowscape|[upkeep]
|upkeep
|
|t:|1756652813
|switch|p1a: Pelipper|Pelipper, L50, F, shiny|72/100
|-weather|RainDance|[from] ability: Drizzle|[of] p1a: Pelipper
|turn|4
|
|t:|1756652828
|move|p1b: Gholdengo|Protect|p1b: Gholdengo
|-singleturn|p1b: Gholdengo|Protect
|move|p2b: Whimsicott|Moonblast|p1a: Pelipper
|-damage|p1a: Pelipper|14/100
|move|p2a: Ninetales|Dazzling Gleam|p1b: Gholdengo|[spread] p1a
|-activate|p1b: Gholdengo|move: Protect
|-damage|p1a: Pelipper|0 fnt
|faint|p1a: Pelipper
|
|-weather|RainDance|[upkeep]
|upkeep
|
|t:|1756652834
|switch|p1a: Archaludon|Archaludon, L50, F, shiny|100/100
|turn|5
|
|t:|1756652854
|move|p2b: Whimsicott|Fake Tears|p1a: Archaludon
|-unboost|p1a: Archaludon|spd|2
|move|p2a: Ninetales|Dazzling Gleam|p1a: Archaludon|[spread] p1a,p1b
|-damage|p1a: Archaludon|46/100
|-damage|p1b: Gholdengo|0 fnt
|-ability|p1a: Archaludon|Stamina|boost
|-boost|p1a: Archaludon|def|1
|faint|p1b: Gholdengo
|move|p1a: Archaludon|Snarl|p2b: Whimsicott|[spread] p2a,p2b
|-supereffective|p2a: Ninetales
|-resisted|p2b: Whimsicott
|-damage|p2a: Ninetales|0 fnt
|-damage|p2b: Whimsicott|0 fnt
|faint|p2a: Ninetales
|faint|p2b: Whimsicott
|
|-weather|RainDance|[upkeep]
|upkeep
|
|t:|1756652864
|switch|p2b: Dondozo|Dondozo, L50, F|100/100
|turn|6
|
|t:|1756652877
|move|p1a: Archaludon|Electro Shot||[still]
|-prepare|p1a: Archaludon|Electro Shot
|-boost|p1a: Archaludon|spa|1
|-anim|p1a: Archaludon|Electro Shot|p2b: Dondozo
|-supereffective|p2b: Dondozo
|-damage|p2b: Dondozo|16/100
|move|p2b: Dondozo|Earthquake|p1a: Archaludon
|-supereffective|p1a: Archaludon
|-damage|p1a: Archaludon|1/100
|-ability|p1a: Archaludon|Stamina|boost
|-boost|p1a: Archaludon|def|1
|
|-weather|RainDance|[upkeep]
|upkeep
|turn|7
|-message|Mythicallegand forfeited.
|
|win|dubbies
|l|☆Mythicallegand
|player|p2|
|j|☆Mythicallegand
|player|p2|Mythicallegand|iris|
