|j|☆GWMicroK
|j|☆mouseilluminati
|html|GWMicroKmouseilluminati    
|uhtml|bestof|Game 2 of a best-of-3
|t:|1784165177
|gametype|doubles
|player|p1|GWMicroK|caitlin|1193
|player|p2|mouseilluminati|n|1244
|gen|9
|tier|[Gen 9 Champions] VGC 2026 Reg M-B (Bo3)
|rated|
|rule|Species Clause: Limit one of each Pokémon
|rule|Item Clause: Limit 1 of each item
|clearpoke
|poke|p1|Ditto, L50, shiny|
|poke|p1|Sinistcha-Masterpiece, L50, shiny|
|poke|p1|Pelipper, L50, F|
|poke|p1|Swampert, L50, F|
|poke|p1|Houndoom, L50, F|
|poke|p1|Archaludon, L50, F|
|poke|p2|Pyroar, L50, F|
|poke|p2|Basculegion, L50, M|
|poke|p2|Torkoal, L50, M|
|poke|p2|Whimsicott, L50, F|
|poke|p2|Mawile, L50, F|
|poke|p2|Farigiraf, L50, M|
|teampreview|4
|showteam|p1|Ditto||QuickClaw|Imposter|Transform|Relaxed|||||50|]Sinistcha-Masterpiece||SitrusBerry|Hospitality|MatchaGotcha,TrickRoom,LifeDew,RagePowder|Bold|||||50|]Pelipper||FocusSash|Drizzle|WeatherBall,Hurricane,WideGuard,Tailwind|Timid||F|||50|]Swampert||Swampertite|Damp|WaveCrash,Earthquake,IcePunch,Protect|Adamant||F|||50|]Houndoom||Houndoominite|FlashFire|HeatWave,DarkPulse,Protect,DestinyBond|Timid||F|||50|]Archaludon||Leftovers|Stamina|DragonPulse,FlashCannon,ElectroShot,Protect|Modest||F|||50|
|showteam|p2|Pyroar||Pyroarite|Unnerve|HeatWave,Overheat,Protect,SolarBeam|Timid||F|||50|]Basculegion||LifeOrb|Adaptability|AquaJet,WaveCrash,Protect,LastRespects|Adamant||M|||50|]Torkoal||Charcoal|Drought|Eruption,WeatherBall,Protect,HelpingHand|Quiet||M|||50|]Whimsicott||FocusSash|Prankster|Moonblast,SunnyDay,Protect,Tailwind|Timid||F|||50|]Mawile||Mawilite|Intimidate|IronHead,PlayRough,Protect,SuckerPunch|Adamant||F|||50|]Farigiraf||ColburBerry|ArmorTail|FoulPlay,Psychic,HelpingHand,TrickRoom|Relaxed||M|||50|
|
|t:|1784165192
|teamsize|p1|4
|teamsize|p2|4
|start
|switch|p1a: Sinistcha|Sinistcha-Masterpiece, L50, shiny|100/100
|switch|p1b: Houndoom|Houndoom, L50, F|100/100
|switch|p2a: Whimsicott|Whimsicott, L50, F|100/100
|switch|p2b: Basculegion|Basculegion, L50, M|100/100
|turn|1
|inactive|Battle timer is ON: inactive players will automatically lose when time's up. (requested by mouseilluminati)
|
|t:|1784165217
|switch|p2a: Pyroar|Pyroar, L50, F|100/100
|-ability|p2a: Pyroar|Unnerve
|move|p2b: Basculegion|Protect|p2b: Basculegion
|-singleturn|p2b: Basculegion|Protect
|move|p1b: Houndoom|Destiny Bond|p1b: Houndoom
|-singlemove|p1b: Houndoom|Destiny Bond
|move|p1a: Sinistcha|Trick Room|p1a: Sinistcha
|-fieldstart|move: Trick Room|[of] p1a: Sinistcha
|
|upkeep
|turn|2
|inactive|mouseilluminati has 30 seconds left.
|inactive|mouseilluminati has 20 seconds left.
|
|t:|1784165256
|switch|p2b: Torkoal|Torkoal, L50, M|100/100
|-weather|SunnyDay|[from] ability: Drought|[of] p2b: Torkoal
|switch|p1b: Pelipper|Pelipper, L50, F|100/100
|-weather|RainDance|[from] ability: Drizzle|[of] p1b: Pelipper
|move|p2a: Pyroar|Protect|p2a: Pyroar
|-singleturn|p2a: Pyroar|Protect
|move|p1a: Sinistcha|Matcha Gotcha|p2b: Torkoal|[spread] 
|-activate|p2a: Pyroar|move: Protect
|-miss|p1a: Sinistcha|p2b: Torkoal
|
|-weather|RainDance|[upkeep]
|upkeep
|turn|3
|inactive|GWMicroK has 30 seconds left.
|
|t:|1784165283
|switch|p2b: Whimsicott|Whimsicott, L50, F|100/100
|switch|p1a: Houndoom|Houndoom, L50, F|100/100
|switch|p2a: Basculegion|Basculegion, L50, M|100/100
|move|p1b: Pelipper|Weather Ball|p2a: Basculegion
|-resisted|p2a: Basculegion|1
|-damage|p2a: Basculegion|63/100
|
|-weather|RainDance|[upkeep]
|upkeep
|turn|4
|
|t:|1784165302
|move|p2b: Whimsicott|Protect|p2b: Whimsicott
|-singleturn|p2b: Whimsicott|Protect
|move|p1a: Houndoom|Protect|p1a: Houndoom
|-singleturn|p1a: Houndoom|Protect
|move|p2a: Basculegion|Aqua Jet|p1a: Houndoom
|-activate|p1a: Houndoom|move: Protect
|move|p1b: Pelipper|Hurricane|p2a: Basculegion
|-damage|p2a: Basculegion|14/100
|-start|p2a: Basculegion|confusion
|
|-weather|RainDance|[upkeep]
|upkeep
|turn|5
|
|t:|1784165322
|switch|p1a: Sinistcha|Sinistcha-Masterpiece, L50, shiny|100/100
|move|p2b: Whimsicott|Protect|p2b: Whimsicott
|-singleturn|p2b: Whimsicott|Protect
|-activate|p2a: Basculegion|confusion
|move|p2a: Basculegion|Aqua Jet|p1a: Sinistcha
|-resisted|p1a: Sinistcha|1
|-damage|p1a: Sinistcha|75/100
|-damage|p2a: Basculegion|4/100|[from] item: Life Orb
|move|p1b: Pelipper|Hurricane|p2b: Whimsicott
|-activate|p2b: Whimsicott|move: Protect
|
|-weather|RainDance|[upkeep]
|-fieldend|move: Trick Room
|upkeep
|turn|6
|
|t:|1784165345
|switch|p1b: Houndoom|Houndoom, L50, F|100/100
|switch|p2a: Pyroar|Pyroar, L50, F|100/100
|-ability|p2a: Pyroar|Unnerve
|move|p2b: Whimsicott|Sunny Day|p2b: Whimsicott
|-weather|SunnyDay
|move|p1a: Sinistcha|Matcha Gotcha|p2a: Pyroar|[spread] p2a
|-miss|p1a: Sinistcha|p2b: Whimsicott
|-resisted|p2a: Pyroar|1
|-damage|p2a: Pyroar|82/100
|-heal|p1a: Sinistcha|83/100|[from] drain|[of] p2a: Pyroar
|
|-weather|SunnyDay|[upkeep]
|upkeep
|turn|7
|inactive|GWMicroK has 30 seconds left.
|inactive|mouseilluminati has 30 seconds left.
|inactive|GWMicroK has 20 seconds left.
|inactive|mouseilluminati has 20 seconds left.
|inactive|GWMicroK has 15 seconds left.
|inactive|GWMicroK has 10 seconds left.
|
|t:|1784165391
|switch|p1a: Pelipper|Pelipper, L50, F|100/100
|-weather|RainDance|[from] ability: Drizzle|[of] p1a: Pelipper
|detailschange|p2a: Pyroar|Pyroar-Mega, L50, F
|-mega|p2a: Pyroar|Pyroar|Pyroarite
|move|p2b: Whimsicott|Protect|p2b: Whimsicott
|-singleturn|p2b: Whimsicott|Protect
|move|p2a: Pyroar|Heat Wave|p1a: Pelipper|[spread] p1a
|-start|p1b: Houndoom|ability: Flash Fire
|-resisted|p1a: Pelipper|1
|-damage|p1a: Pelipper|77/100
|move|p1b: Houndoom|Destiny Bond|p1b: Houndoom
|-singlemove|p1b: Houndoom|Destiny Bond
|
|-weather|RainDance|[upkeep]
|upkeep
|turn|8
|
|t:|1784165416
|switch|p2b: Torkoal|Torkoal, L50, M|100/100
|-weather|SunnyDay|[from] ability: Drought|[of] p2b: Torkoal
|move|p2a: Pyroar|Solar Beam||[still]
|-prepare|p2a: Pyroar|Solar Beam
|-anim|p2a: Pyroar|Solar Beam|p1a: Pelipper
|-damage|p1a: Pelipper|2/100
|move|p1b: Houndoom|Heat Wave|p2b: Torkoal|[spread] p2b
|-miss|p1b: Houndoom|p2a: Pyroar
|-resisted|p2b: Torkoal|1
|-damage|p2b: Torkoal|50/100g
|move|p1a: Pelipper|Tailwind|p1a: Pelipper
|-sidestart|p1: GWMicroK|move: Tailwind
|
|-weather|SunnyDay|[upkeep]
|upkeep
|turn|9
|inactive|GWMicroK has 30 seconds left.
|inactive|mouseilluminati has 30 seconds left.
|inactive|mouseilluminati has 20 seconds left.
|inactive|mouseilluminati has 15 seconds left.
|inactive|mouseilluminati has 10 seconds left.
|inactive|mouseilluminati has 5 seconds left.
|
|t:|1784165469
|switch|p2a: Basculegion|Basculegion, L50, M|4/100
|detailschange|p1b: Houndoom|Houndoom-Mega, L50, F
|-mega|p1b: Houndoom|Houndoom|Houndoominite
|-end|p1b: Houndoom|ability: Flash Fire|[silent]
|move|p2b: Torkoal|Protect|p2b: Torkoal
|-singleturn|p2b: Torkoal|Protect
|move|p1a: Pelipper|Wide Guard|p1a: Pelipper
|-singleturn|p1a: Pelipper|Wide Guard
|move|p1b: Houndoom|Heat Wave|p2b: Torkoal|[spread] p2a
|-activate|p2b: Torkoal|move: Protect
|-resisted|p2a: Basculegion|1
|-damage|p2a: Basculegion|0 fnt
|faint|p2a: Basculegion
|
|-weather|SunnyDay|[upkeep]
|-damage|p1b: Houndoom|88/100|[from] ability: Solar Power|[of] p1b: Houndoom
|upkeep
|
|t:|1784165484
|switch|p2a: Whimsicott|Whimsicott, L50, F|100/100
|turn|10
|
|t:|1784165496
|move|p1a: Pelipper|Wide Guard|p1a: Pelipper
|-singleturn|p1a: Pelipper|Wide Guard
|move|p2a: Whimsicott|Tailwind|p2a: Whimsicott
|-sidestart|p2: mouseilluminati|move: Tailwind
|move|p1b: Houndoom|Heat Wave|p2b: Torkoal|[spread] p2b
|-miss|p1b: Houndoom|p2a: Whimsicott
|-resisted|p2b: Torkoal|1
|-damage|p2b: Torkoal|0 fnt
|faint|p2b: Torkoal
|
|-weather|SunnyDay|[upkeep]
|-damage|p1b: Houndoom|76/100|[from] ability: Solar Power|[of] p1b: Houndoom
|upkeep
|
|t:|1784165507
|switch|p2b: Pyroar|Pyroar-Mega, L50, F|82/100
|turn|11
|
|t:|1784165515
|switch|p1a: Ditto|Ditto, L50, shiny|100/100
|-transform|p1a: Ditto|p2b: Pyroar|[from] ability: Imposter
|move|p2b: Pyroar|Overheat|p1b: Houndoom
|-resisted|p1b: Houndoom|1
|-damage|p1b: Houndoom|0 fnt
|-unboost|p2b: Pyroar|spa|2
|faint|p1b: Houndoom
|move|p2a: Whimsicott|Moonblast|p1a: Ditto
|-resisted|p1a: Ditto|1
|-damage|p1a: Ditto|76/100
|
|-weather|SunnyDay|[upkeep]
|-sideend|p1: GWMicroK|move: Tailwind
|upkeep
|
|t:|1784165533
|switch|p1b: Sinistcha|Sinistcha-Masterpiece, L50, shiny|83/100
|-heal|p1a: Ditto|100/100|[from] ability: Hospitality|[of] p1b: Sinistcha
|turn|12
|-activate|p1a: Ditto|item: Quick Claw
|
|t:|1784165543
|move|p2a: Whimsicott|Protect|p2a: Whimsicott
|-singleturn|p2a: Whimsicott|Protect
|move|p1a: Ditto|Heat Wave|p2a: Whimsicott|[spread] p2b
|-activate|p2a: Whimsicott|move: Protect
|-resisted|p2b: Pyroar|1
|-damage|p2b: Pyroar|32/100
|move|p2b: Pyroar|Heat Wave|p1a: Ditto|[spread] p1a,p1b
|-resisted|p1a: Ditto|1
|-supereffective|p1b: Sinistcha|1
|-damage|p1a: Ditto|71/100
|-damage|p1b: Sinistcha|8/100
|-enditem|p1b: Sinistcha|Sitrus Berry|[eat]
|-heal|p1b: Sinistcha|33/100|[from] item: Sitrus Berry
|move|p1b: Sinistcha|Trick Room|p1b: Sinistcha
|-fieldstart|move: Trick Room|[of] p1b: Sinistcha
|
|-weather|none
|upkeep
|turn|13
|
|t:|1784165566
|switch|p1b: Pelipper|Pelipper, L50, F|2/100
|-weather|RainDance|[from] ability: Drizzle|[of] p1b: Pelipper
|move|p2b: Pyroar|Protect|p2b: Pyroar
|-singleturn|p2b: Pyroar|Protect
|move|p1a: Ditto|Heat Wave|p2b: Pyroar|[spread] p2a
|-activate|p2b: Pyroar|move: Protect
|-supereffective|p2a: Whimsicott|1
|-damage|p2a: Whimsicott|7/100
|move|p2a: Whimsicott|Moonblast|p1b: Pelipper
|-damage|p1b: Pelipper|0 fnt
|faint|p1b: Pelipper
|
|-weather|RainDance|[upkeep]
|-sideend|p2: mouseilluminati|move: Tailwind
|upkeep
|
|t:|1784165583
|switch|p1b: Sinistcha|Sinistcha-Masterpiece, L50, shiny|33/100
|-heal|p1a: Ditto|96/100|[from] ability: Hospitality|[of] p1b: Sinistcha
|turn|14
|inactive|mouseilluminati has 30 seconds left.
|-message|mouseilluminati forfeited.
|
|win|GWMicroK
|raw|GWMicroK's rating: 1193 → 1222(+29 for winning)
|raw|mouseilluminati's rating: 1244 → 1215(-29 for losing)
|l|☆mouseilluminati
|player|p2|
|l|☆GWMicroK
|player|p1|
|j|☆mouseilluminati
|player|p2|mouseilluminati|n|
