|j|☆Ianthebluefishv2
|j|☆SP-9733
|html|Ianthebluefishv2SP-9733    
|uhtml|bestof|Game 1 of a best-of-3
|t:|1782274846
|gametype|doubles
|player|p1|Ianthebluefishv2|janitor|1228
|player|p2|SP-9733|n|1168
|gen|9
|tier|[Gen 9 Champions] VGC 2026 Reg M-B (Bo3)
|rated|
|rule|Species Clause: Limit one of each Pokémon
|rule|Item Clause: Limit 1 of each item
|clearpoke
|poke|p1|Incineroar, L50, M|
|poke|p1|Farigiraf, L50, M|
|poke|p1|Kingambit, L50, M|
|poke|p1|Camerupt, L50, F|
|poke|p1|Abomasnow, L50, M|
|poke|p1|Gallade, L50, M|
|poke|p2|Swampert, L50, M|
|poke|p2|Pelipper, L50, F|
|poke|p2|Archaludon, L50, M|
|poke|p2|Sneasler, L50, F|
|poke|p2|Whimsicott, L50, F|
|poke|p2|Staraptor, L50, M|
|teampreview|4
|showteam|p1|Incineroar||Charcoal|Intimidate|FakeOut,DarkestLariat,FlareBlitz,PartingShot|Brave||M|||50|]Farigiraf||ColburBerry|ArmorTail|Psychic,HelpingHand,TrickRoom,Protect|Quiet||M|||50|]Kingambit||LifeOrb|Defiant|IronHead,KowtowCleave,SuckerPunch,LowKick|Brave||M|||50|]Camerupt||Cameruptite|SolidRock|EarthPower,HeatWave,AncientPower,Protect|Quiet||F|||50|]Abomasnow||Abomasite|SnowWarning|Blizzard,EnergyBall,EarthPower,Protect|Quiet||M|||50|]Gallade||ExpertBelt|Sharpness|SacredSword,PsychoCut,LeafBlade,Protect|Adamant||M|||50|
|showteam|p2|Swampert||Swampertite|Torrent|WaveCrash,Earthquake,Protect,IcePunch|Adamant||M|||50|]Pelipper||SharpBeak|Drizzle|WeatherBall,Hurricane,WideGuard,Tailwind|Modest||F|||50|]Archaludon||Leftovers|Stamina|ElectroShot,FlashCannon,DragonPulse,Protect|Modest||M|||50|]Sneasler||WhiteHerb|Unburden|FakeOut,CloseCombat,DireClaw,Coaching|Jolly||F|||50|]Whimsicott||FocusSash|Prankster|Tailwind,Encore,WorrySeed,EnergyBall|Timid||F|||50|]Staraptor||ChoiceScarf|Intimidate|DualWingbeat,CloseCombat,FinalGambit,Uturn|Adamant||M|||50|
|c|☆Ianthebluefishv2|Glhf
|inactive|Battle timer is ON: inactive players will automatically lose when time's up. (requested by SP-9733)
|c|☆SP-9733|GLHF
|inactive|SP-9733 has 60 seconds left.
|
|t:|1782274895
|teamsize|p1|4
|teamsize|p2|4
|start
|switch|p1a: Farigiraf|Farigiraf, L50, M|100/100
|switch|p1b: Incineroar|Incineroar, L50, M|100/100
|switch|p2a: Archaludon|Archaludon, L50, M|100/100
|switch|p2b: Sneasler|Sneasler, L50, F|100/100
|-ability|p1b: Incineroar|Intimidate|boost
|-unboost|p2a: Archaludon|atk|1
|-unboost|p2b: Sneasler|atk|1
|-enditem|p2b: Sneasler|White Herb
|-clearnegativeboost|p2b: Sneasler|[silent]
|turn|1
|inactive|SP-9733 has 30 seconds left.
|
|t:|1782274921
|switch|p2b: Pelipper|Pelipper, L50, F|100/100
|-weather|RainDance|[from] ability: Drizzle|[of] p2b: Pelipper
|move|p1b: Incineroar|Fake Out|p2b: Pelipper
|-damage|p2b: Pelipper|83/100
|move|p2a: Archaludon|Electro Shot||[still]
|-prepare|p2a: Archaludon|Electro Shot
|-boost|p2a: Archaludon|spa|1
|-anim|p2a: Archaludon|Electro Shot|p1a: Farigiraf
|-damage|p1a: Farigiraf|37/100
|move|p1a: Farigiraf|Trick Room|p1a: Farigiraf
|-fieldstart|move: Trick Room|[of] p1a: Farigiraf
|
|-weather|RainDance|[upkeep]
|upkeep
|turn|2
|inactive|SP-9733 has 30 seconds left.
|inactive|SP-9733 has 20 seconds left.
|
|t:|1782274957
|switch|p1b: Gallade|Gallade, L50, M|100/100
|switch|p2b: Swampert|Swampert, L50, M|100/100
|move|p1a: Farigiraf|Psychic|p2b: Swampert
|-damage|p2b: Swampert|60/100
|move|p2a: Archaludon|Flash Cannon|p1b: Gallade
|-damage|p1b: Gallade|46/100
|
|-weather|RainDance|[upkeep]
|upkeep
|turn|3
|inactive|Ianthebluefishv2 has 30 seconds left.
|
|t:|1782274991
|switch|p1a: Abomasnow|Abomasnow, L50, M|100/100
|-weather|Snowscape|[from] ability: Snow Warning|[of] p1a: Abomasnow
|detailschange|p2b: Swampert|Swampert-Mega, L50, M
|-mega|p2b: Swampert|Swampert|Swampertite
|move|p1b: Gallade|Protect|p1b: Gallade
|-singleturn|p1b: Gallade|Protect
|move|p2a: Archaludon|Protect|p2a: Archaludon
|-singleturn|p2a: Archaludon|Protect
|move|p2b: Swampert|Protect||[still]
|-fail|p2b: Swampert
|
|-weather|Snowscape|[upkeep]
|upkeep
|turn|4
|inactive|Ianthebluefishv2 has 30 seconds left.
|inactive|Ianthebluefishv2 has 20 seconds left.
|
|t:|1782275027
|switch|p2a: Pelipper|Pelipper, L50, F|83/100
|-weather|RainDance|[from] ability: Drizzle|[of] p2a: Pelipper
|move|p2b: Swampert|Protect|p2b: Swampert
|-singleturn|p2b: Swampert|Protect
|move|p1a: Abomasnow|Energy Ball|p2b: Swampert
|-activate|p2b: Swampert|move: Protect
|move|p1b: Gallade|Sacred Sword|p2a: Pelipper
|-resisted|p2a: Pelipper|1
|-damage|p2a: Pelipper|47/100
|
|-weather|RainDance|[upkeep]
|upkeep
|turn|5
|inactive|Ianthebluefishv2 has 30 seconds left.
|inactive|Ianthebluefishv2 has 20 seconds left.
|inactive|Ianthebluefishv2 has 15 seconds left.
|
|t:|1782275068
|switch|p2b: Archaludon|Archaludon, L50, M|100/100
|detailschange|p1a: Abomasnow|Abomasnow-Mega, L50, M
|-mega|p1a: Abomasnow|Abomasnow|Abomasite
|-weather|Snowscape|[from] ability: Snow Warning|[of] p1a: Abomasnow
|move|p1a: Abomasnow|Blizzard|p2b: Archaludon|[spread] p2a,p2b
|-damage|p2a: Pelipper|0 fnt
|-damage|p2b: Archaludon|46/100
|-ability|p2b: Archaludon|Stamina|boost
|-boost|p2b: Archaludon|def|1
|faint|p2a: Pelipper
|move|p1b: Gallade|Sacred Sword|p2b: Archaludon
|-supereffective|p2b: Archaludon|1
|-damage|p2b: Archaludon|0 fnt
|faint|p2b: Archaludon
|
|-weather|Snowscape|[upkeep]
|-fieldend|move: Trick Room
|upkeep
|
|t:|1782275076
|switch|p2b: Swampert|Swampert-Mega, L50, M|60/100
|switch|p2a: Sneasler|Sneasler, L50, F|100/100
|turn|6
|inactive|Ianthebluefishv2 has 30 seconds left.
|inactive|Ianthebluefishv2 has 20 seconds left.
|inactive|Ianthebluefishv2 has 15 seconds left.
|
|t:|1782275120
|switch|p1b: Incineroar|Incineroar, L50, M|100/100
|-ability|p1b: Incineroar|Intimidate|boost
|-unboost|p2a: Sneasler|atk|1
|-unboost|p2b: Swampert|atk|1
|move|p2b: Swampert|Protect|p2b: Swampert
|-singleturn|p2b: Swampert|Protect
|move|p2a: Sneasler|Dire Claw|p1a: Abomasnow
|-supereffective|p1a: Abomasnow|1
|-damage|p1a: Abomasnow|66/100
|-status|p1a: Abomasnow|slp
|cant|p1a: Abomasnow|slp
|
|-weather|Snowscape|[upkeep]
|upkeep
|turn|7
|
|t:|1782275136
|move|p1b: Incineroar|Fake Out|p2a: Sneasler
|-damage|p2a: Sneasler|76/100
|cant|p2a: Sneasler|flinch
|move|p2b: Swampert|Wave Crash|p1b: Incineroar
|-supereffective|p1b: Incineroar|1
|-damage|p1b: Incineroar|3/100
|-damage|p2b: Swampert|27/100|[from] Recoil
|cant|p1a: Abomasnow|slp
|
|-weather|Snowscape|[upkeep]
|upkeep
|turn|8
|
|t:|1782275157
|switch|p1b: Farigiraf|Farigiraf, L50, M|37/100
|-curestatus|p1a: Abomasnow|slp|[msg]
|move|p1a: Abomasnow|Protect|p1a: Abomasnow
|-singleturn|p1a: Abomasnow|Protect
|move|p2a: Sneasler|Dire Claw|p1a: Abomasnow
|-activate|p1a: Abomasnow|move: Protect
|move|p2b: Swampert|Wave Crash|p1b: Farigiraf
|-damage|p1b: Farigiraf|0 fnt
|faint|p1b: Farigiraf
|-damage|p2b: Swampert|13/100|[from] Recoil
|
|-weather|Snowscape|[upkeep]
|upkeep
|
|t:|1782275172
|switch|p1b: Incineroar|Incineroar, L50, M|3/100
|-ability|p1b: Incineroar|Intimidate|boost
|-unboost|p2a: Sneasler|atk|1
|-unboost|p2b: Swampert|atk|1
|turn|9
|
|t:|1782275186
|switch|p1b: Gallade|Gallade, L50, M|46/100
|move|p2b: Swampert|Protect|p2b: Swampert
|-singleturn|p2b: Swampert|Protect
|move|p2a: Sneasler|Dire Claw|p1a: Abomasnow
|-supereffective|p1a: Abomasnow|1
|-damage|p1a: Abomasnow|42/100
|-status|p1a: Abomasnow|par
|cant|p1a: Abomasnow|par
|
|-weather|none
|upkeep
|turn|10
|inactive|Ianthebluefishv2 has 30 seconds left.
|inactive|Ianthebluefishv2 has 20 seconds left.
|
|t:|1782275222
|move|p2a: Sneasler|Close Combat|p1a: Abomasnow
|-supereffective|p1a: Abomasnow|1
|-damage|p1a: Abomasnow|0 fnt
|-unboost|p2a: Sneasler|def|1
|-unboost|p2a: Sneasler|spd|1
|faint|p1a: Abomasnow
|move|p2b: Swampert|Wave Crash|p1b: Gallade
|-damage|p1b: Gallade|1/100
|-damage|p2b: Swampert|0 fnt|[from] Recoil
|faint|p2b: Swampert
|move|p1b: Gallade|Psycho Cut|p2a: Sneasler
|-supereffective|p2a: Sneasler|2
|-damage|p2a: Sneasler|0 fnt
|faint|p2a: Sneasler
|
|win|Ianthebluefishv2
||SP-9733 is ready for game 2.
|inactive|Ianthebluefishv2 has 30 seconds to confirm battle start!
|inactive|Ianthebluefishv2 has 20 seconds to confirm battle start!
||Ianthebluefishv2 is ready for game 2.
|uhtml|next|Next: Game 2 of 3
|l|☆SP-9733
|player|p2|
