|j|☆Ferran Tiburon
|j|☆Kiogrus24
|html|Ferran TiburonKiogrus24    
|uhtml|bestof|Game 2 of a best-of-3
|t:|1785260361
|gametype|doubles
|player|p1|Ferran Tiburon|265|
|player|p2|Kiogrus24|pokemaniac-gen2|
|gen|9
|tier|[Gen 9 Champions] VGC 2026 Reg M-B (Bo3)
|rule|Species Clause: Limit one of each Pokémon
|rule|Item Clause: Limit 1 of each item
|clearpoke
|poke|p1|Hydreigon, L50, F|
|poke|p1|Charizard, L50, F|
|poke|p1|Toxapex, L50, M|
|poke|p1|Incineroar, L50, M|
|poke|p1|Venusaur, L50, M|
|poke|p1|Garchomp, L50, F|
|poke|p2|Whimsicott, L50, M|
|poke|p2|Staraptor, L50, M|
|poke|p2|Garchomp, L50, M|
|poke|p2|Delphox, L50, F|
|poke|p2|Kingambit, L50, F, shiny|
|poke|p2|Glimmora, L50, M|
|teampreview|4
|showteam|p1|Hydreigon||ChoiceScarf|Levitate|DracoMeteor,Snarl,EarthPower,DarkPulse|Modest||F|||50|]Charizard||CharizarditeY|Blaze|HeatWave,WeatherBall,SolarBeam,Protect|Modest||F|||50|]Toxapex||Leftovers|Regenerator|Toxic,Infestation,WideGuard,BanefulBunker|Bold||M|||50|]Incineroar||SitrusBerry|Intimidate|FakeOut,DarkestLariat,PartingShot,FlareBlitz|Impish||M|||50|]Venusaur||FocusSash|Chlorophyll|LeafStorm,SleepPowder,SludgeBomb,Protect|Modest||M|||50|]Garchomp||LifeOrb|RoughSkin|Protect,DragonClaw,Earthquake,RockSlide|Jolly||F|||50|
|showteam|p2|Whimsicott||OccaBerry|Prankster|Charm,Tailwind,Moonblast,FakeTears|Timid||M|||50|]Staraptor||Staraptite|Intimidate|DualWingbeat,CloseCombat,Roost,Protect|Jolly||M|||50|]Garchomp||LifeOrb|RoughSkin|Earthquake,DragonClaw,RockSlide,Protect|Jolly||M|||50|]Delphox||Delphoxite|Blaze|HeatWave,Psychic,Encore,Protect|Timid||F|||50|]Kingambit||ChopleBerry|Defiant|KowtowCleave,IronHead,SuckerPunch,LowKick|Adamant||F|||50|]Glimmora||FocusSash|ToxicDebris|PowerGem,SludgeBomb,EarthPower,SpikyShield|Timid||M|||50|
|inactive|Battle timer is ON: inactive players will automatically lose when time's up. (requested by Ferran Tiburon)
|j| Ferrari450
|j| gervavgc
|j| bimbo mafioso
|inactive|Ferran Tiburon has 60 seconds left.
|j| Mestremarkusme
|l| gervavgc
|j| archyx05
|
|t:|1785260416
|teamsize|p1|4
|teamsize|p2|4
|start
|switch|p1a: Incineroar|Incineroar, L50, M|100/100
|switch|p1b: Charizard|Charizard, L50, F|100/100
|switch|p2a: Whimsicott|Whimsicott, L50, M|100/100
|switch|p2b: Staraptor|Staraptor, L50, M|100/100
|-ability|p2b: Staraptor|Intimidate|boost
|-unboost|p1a: Incineroar|atk|1
|-unboost|p1b: Charizard|atk|1
|-ability|p1a: Incineroar|Intimidate|boost
|-unboost|p2a: Whimsicott|atk|1
|-unboost|p2b: Staraptor|atk|1
|turn|1
|j| gervavgc
|inactive|Kiogrus24 has 30 seconds left.
|inactive|Kiogrus24 has 20 seconds left.
|inactive|Kiogrus24 has 15 seconds left.
|
|t:|1785260458
|switch|p2a: Garchomp|Garchomp, L50, M|100/100
|detailschange|p2b: Staraptor|Staraptor-Mega, L50, M
|-mega|p2b: Staraptor|Staraptor|Staraptite
|detailschange|p1b: Charizard|Charizard-Mega-Y, L50, F
|-mega|p1b: Charizard|Charizard|Charizardite Y
|-weather|SunnyDay|[from] ability: Drought|[of] p1b: Charizard
|move|p2b: Staraptor|Protect|p2b: Staraptor
|-singleturn|p2b: Staraptor|Protect
|move|p1a: Incineroar|Fake Out|p2a: Garchomp
|-damage|p2a: Garchomp|92/100
|-damage|p1a: Incineroar|87/100|[from] ability: Rough Skin|[of] p2a: Garchomp
|move|p1b: Charizard|Heat Wave|p2b: Staraptor|[spread] p2a
|-activate|p2b: Staraptor|move: Protect
|-resisted|p2a: Garchomp|1
|-damage|p2a: Garchomp|60/100
|
|-weather|SunnyDay|[upkeep]
|upkeep
|turn|2
|inactive|Ferran Tiburon has 30 seconds left.
|
|t:|1785260485
|move|p1b: Charizard|Protect|p1b: Charizard
|-singleturn|p1b: Charizard|Protect
|move|p2b: Staraptor|Close Combat|p1a: Incineroar
|-supereffective|p1a: Incineroar|1
|-damage|p1a: Incineroar|24/100
|-boost|p2b: Staraptor|def|1
|-boost|p2b: Staraptor|spd|1
|-enditem|p1a: Incineroar|Sitrus Berry|[eat]
|-heal|p1a: Incineroar|49/100|[from] item: Sitrus Berry
|move|p2a: Garchomp|Rock Slide|p1b: Charizard|[spread] p1a
|-activate|p1b: Charizard|move: Protect
|-supereffective|p1a: Incineroar|1
|-damage|p1a: Incineroar|12/100
|-damage|p2a: Garchomp|50/100g|[from] item: Life Orb
|move|p1a: Incineroar|Parting Shot|p2a: Garchomp
|-unboost|p2a: Garchomp|atk|1
|-unboost|p2a: Garchomp|spa|1
|
|t:|1785260500
|switch|p1a: Venusaur|Venusaur, L50, M|100/100|[from] Parting Shot
|
|-weather|SunnyDay|[upkeep]
|upkeep
|turn|3
|
|t:|1785260519
|switch|p2b: Whimsicott|Whimsicott, L50, M|100/100
|move|p2a: Garchomp|Protect|p2a: Garchomp
|-singleturn|p2a: Garchomp|Protect
|move|p1a: Venusaur|Sleep Powder|p2a: Garchomp
|-activate|p2a: Garchomp|move: Protect
|move|p1b: Charizard|Weather Ball|p2b: Whimsicott
|-supereffective|p2b: Whimsicott|1
|-enditem|p2b: Whimsicott|Occa Berry|[eat]
|-enditem|p2b: Whimsicott|Occa Berry|[weaken]
|-damage|p2b: Whimsicott|0 fnt
|faint|p2b: Whimsicott
|
|-weather|SunnyDay|[upkeep]
|upkeep
|j| Daneci
|
|t:|1785260543
|switch|p2b: Staraptor|Staraptor-Mega, L50, M|100/100
|turn|4
|
|t:|1785260551
|switch|p2a: Glimmora|Glimmora, L50, M|100/100
|move|p1a: Venusaur|Sleep Powder|p2a: Glimmora|[miss]
|-miss|p1a: Venusaur|p2a: Glimmora
|move|p2b: Staraptor|Dual Wingbeat|p1a: Venusaur
|-supereffective|p1a: Venusaur|1
|-damage|p1a: Venusaur|45/100
|-supereffective|p1a: Venusaur|1
|-damage|p1a: Venusaur|0 fnt
|faint|p1a: Venusaur
|-hitcount|p1: Venusaur|2
|move|p1b: Charizard|Weather Ball|p2b: Staraptor
|-damage|p2b: Staraptor|6/100
|
|-weather|SunnyDay|[upkeep]
|upkeep
|
|t:|1785260567
|switch|p1a: Garchomp|Garchomp, L50, F|100/100
|turn|5
|inactive|Ferran Tiburon has 30 seconds left.
|
|t:|1785260593
|move|p2b: Staraptor|Protect|p2b: Staraptor
|-singleturn|p2b: Staraptor|Protect
|move|p2a: Glimmora|Spiky Shield|p2a: Glimmora
|-singleturn|p2a: Glimmora|move: Protect
|move|p1b: Charizard|Protect|p1b: Charizard
|-singleturn|p1b: Charizard|Protect
|move|p1a: Garchomp|Rock Slide|p2b: Staraptor|[spread] 
|-activate|p2a: Glimmora|move: Protect
|-activate|p2b: Staraptor|move: Protect
|
|-weather|none
|upkeep
|turn|6
|
|t:|1785260606
|switch|p1b: Incineroar|Incineroar, L50, M|12/100
|-ability|p1b: Incineroar|Intimidate|boost
|-unboost|p2a: Glimmora|atk|1
|-boost|p2b: Staraptor|atk|1
|move|p2b: Staraptor|Roost|p2b: Staraptor
|-heal|p2b: Staraptor|56/100
|-singleturn|p2b: Staraptor|move: Roost
|move|p1a: Garchomp|Rock Slide|p2b: Staraptor|[spread] p2a,p2b
|-resisted|p2b: Staraptor|1
|-damage|p2a: Glimmora|70/100
|-damage|p2b: Staraptor|43/100
|-activate|p2a: Glimmora|ability: Toxic Debris
|-sidestart|p1: Ferran Tiburon|move: Toxic Spikes
|-damage|p1a: Garchomp|90/100|[from] item: Life Orb
|move|p2a: Glimmora|Power Gem|p1b: Incineroar
|-supereffective|p1b: Incineroar|1
|-damage|p1b: Incineroar|0 fnt
|faint|p1b: Incineroar
|
|upkeep
|
|t:|1785260608
|switch|p1b: Charizard|Charizard-Mega-Y, L50, F|100/100
|-weather|SunnyDay|[from] ability: Drought|[of] p1b: Charizard
|turn|7
|
|t:|1785260626
|move|p2b: Staraptor|Close Combat|p1a: Garchomp
|-damage|p1a: Garchomp|2/100
|-boost|p2b: Staraptor|def|1
|-boost|p2b: Staraptor|spd|1
|-damage|p2b: Staraptor|31/100|[from] ability: Rough Skin|[of] p1a: Garchomp
|move|p1a: Garchomp|Earthquake|p2a: Glimmora|[spread] p2a
|-immune|p1b: Charizard
|-immune|p2b: Staraptor
|-supereffective|p2a: Glimmora|2
|-damage|p2a: Glimmora|0 fnt
|-activate|p2a: Glimmora|ability: Toxic Debris
|-sidestart|p1: Ferran Tiburon|move: Toxic Spikes
|faint|p2a: Glimmora
|-damage|p1a: Garchomp|0 fnt|[from] item: Life Orb
|faint|p1a: Garchomp
|move|p1b: Charizard|Weather Ball|p2b: Staraptor
|-damage|p2b: Staraptor|0 fnt
|faint|p2b: Staraptor
|
|-weather|SunnyDay|[upkeep]
|upkeep
|
|t:|1785260629
|switch|p2a: Garchomp|Garchomp, L50, M|50/100g
|turn|8
|
|t:|1785260651
|move|p2a: Garchomp|Rock Slide|p1b: Charizard
|-supereffective|p1b: Charizard|2
|-damage|p1b: Charizard|0 fnt
|faint|p1b: Charizard
|-damage|p2a: Garchomp|41/100|[from] item: Life Orb
|
|win|Kiogrus24
|l| archyx05
|c|☆Kiogrus24|GGs
|l| gervavgc
|l| bimbo mafioso
|c|☆Ferran Tiburon|GG
