|j|☆AtomicTwilight
|j|☆horseki
|html|AtomicTwilighthorseki    
|uhtml|bestof|Game 1 of a best-of-3
|t:|1783557067
|gametype|doubles
|player|p1|AtomicTwilight|265|
|player|p2|horseki|clerkf|
|gen|9
|tier|[Gen 9 Champions] VGC 2026 Reg M-B (Bo3)
|rule|Species Clause: Limit one of each Pokémon
|rule|Item Clause: Limit 1 of each item
|clearpoke
|poke|p1|Greninja, L50, M|
|poke|p1|Slowking-Galar, L50, M|
|poke|p1|Floette-Eternal, L50, F|
|poke|p1|Rotom-Frost, L50|
|poke|p1|Krookodile, L50, M|
|poke|p1|Klefki, L50, F|
|poke|p2|Krookodile, L50, F|
|poke|p2|Gengar, L50, F|
|poke|p2|Rotom-Mow, L50|
|poke|p2|Salazzle, L50, F|
|poke|p2|Barbaracle, L50, F|
|poke|p2|Empoleon, L50, M|
|teampreview|4
|showteam|p1|Greninja||Greninjite|Protean|Blizzard,DarkPulse,Extrasensory,Protect|Modest||M|||50|]Slowking-Galar||Leftovers|Regenerator|ChillyReception,Protect,Toxic,ChillingWater|Calm||M|||50|]Floette-Eternal||FairyFeather|FlowerVeil|DazzlingGleam,LightofRuin,Moonblast,Protect|Timid||F|||50|]Rotom-Frost||ChoiceScarf|Levitate|VoltSwitch,Electroweb,Discharge,Blizzard|Timid|||||50|]Krookodile||LifeOrb|Intimidate|Earthquake,KnockOff,CloseCombat,Protect|Jolly||M|||50|]Klefki||LightClay|Prankster|Reflect,LightScreen,ThunderWave,DazzlingGleam|Bold||F|||50|
|showteam|p2|Krookodile||LifeOrb|Intimidate|Crunch,HighHorsepower,Taunt,Protect|Adamant||F|||50|]Gengar||FocusSash|CursedBody|IcyWind,ShadowBall,SludgeBomb,Protect|Hasty||F|||50|]Rotom-Mow||OccaBerry|Levitate|Thunderbolt,LeafStorm,Protect,HelpingHand|Modest|||||50|]Salazzle||WideLens|Oblivious|HeatWave,SludgeBomb,FakeOut,Protect|Hasty||F|||50|]Barbaracle||WhiteHerb|ToughClaws|ShellSmash,Liquidation,RockSlide,Protect|Adamant||F|||50|]Empoleon||Leftovers|Competitive|HydroPump,FlashCannon,IceBeam,Protect|Modest||M|||50|
|
|t:|1783557130
|teamsize|p1|4
|teamsize|p2|4
|start
|switch|p1a: Krookodile|Krookodile, L50, M|100/100
|switch|p1b: Slowking|Slowking-Galar, L50, M|100/100
|switch|p2a: Barbaracle|Barbaracle, L50, F|100/100
|switch|p2b: Empoleon|Empoleon, L50, M|100/100
|-ability|p1a: Krookodile|Intimidate|boost
|-unboost|p2a: Barbaracle|atk|1
|-unboost|p2b: Empoleon|atk|1
|-ability|p2b: Empoleon|Competitive|boost
|-boost|p2b: Empoleon|spa|2
|-enditem|p2a: Barbaracle|White Herb
|-clearnegativeboost|p2a: Barbaracle|[silent]
|turn|1
|
|t:|1783557154
|move|p2a: Barbaracle|Protect|p2a: Barbaracle
|-singleturn|p2a: Barbaracle|Protect
|move|p1a: Krookodile|Close Combat|p2b: Empoleon
|-supereffective|p2b: Empoleon|1
|-damage|p2b: Empoleon|0 fnt
|-unboost|p1a: Krookodile|def|1
|-unboost|p1a: Krookodile|spd|1
|faint|p2b: Empoleon
|-damage|p1a: Krookodile|90/100|[from] item: Life Orb
|-prepare|p1b: Slowking|Chilly Reception|[premajor]
|move|p1b: Slowking|Chilly Reception|p1b: Slowking
|-weather|Snowscape
|
|t:|1783557167
|switch|p1b: Greninja|Greninja, L50, M|100/100|[from] Chilly Reception
|
|-weather|Snowscape|[upkeep]
|upkeep
|
|t:|1783557172
|switch|p2b: Salazzle|Salazzle, L50, F|100/100
|turn|2
|
|t:|1783557197
|move|p1a: Krookodile|Protect|p1a: Krookodile
|-singleturn|p1a: Krookodile|Protect
|move|p2b: Salazzle|Fake Out|p1a: Krookodile
|-activate|p1a: Krookodile|move: Protect
|move|p1b: Greninja|Extrasensory|p2b: Salazzle
|-start|p1b: Greninja|typechange|Psychic|[from] ability: Protean
|-supereffective|p2b: Salazzle|1
|-damage|p2b: Salazzle|0 fnt
|faint|p2b: Salazzle
|move|p2a: Barbaracle|Shell Smash|p2a: Barbaracle
|-unboost|p2a: Barbaracle|def|1
|-unboost|p2a: Barbaracle|spd|1
|-boost|p2a: Barbaracle|atk|2
|-boost|p2a: Barbaracle|spa|2
|-boost|p2a: Barbaracle|spe|2
|
|-weather|Snowscape|[upkeep]
|upkeep
|
|t:|1783557206
|switch|p2b: Gengar|Gengar, L50, F|100/100
|turn|3
|
|t:|1783557222
|move|p2a: Barbaracle|Protect|p2a: Barbaracle
|-singleturn|p2a: Barbaracle|Protect
|move|p1b: Greninja|Protect|p1b: Greninja
|-singleturn|p1b: Greninja|Protect
|move|p2b: Gengar|Icy Wind|p1a: Krookodile|[spread] 
|-activate|p1b: Greninja|move: Protect
|-miss|p2b: Gengar|p1a: Krookodile
|move|p1a: Krookodile|Earthquake|p2a: Barbaracle|[spread] p2b
|-activate|p1b: Greninja|move: Protect
|-activate|p2a: Barbaracle|move: Protect
|-supereffective|p2b: Gengar|1
|-enditem|p2b: Gengar|Focus Sash
|-damage|p2b: Gengar|1/100
|-start|p1a: Krookodile|Disable|Earthquake|[from] ability: Cursed Body|[of] p2b: Gengar
|-damage|p1a: Krookodile|80/100|[from] item: Life Orb
|
|-weather|Snowscape|[upkeep]
|upkeep
|turn|4
|
|t:|1783557269
|switch|p1b: Slowking|Slowking-Galar, L50, M|100/100
|move|p2a: Barbaracle|Rock Slide|p1a: Krookodile|[spread] p1a,p1b
|-resisted|p1a: Krookodile|1
|-damage|p1a: Krookodile|25/100
|-damage|p1b: Slowking|43/100
|move|p2b: Gengar|Sludge Bomb|p1a: Krookodile
|-resisted|p1a: Krookodile|1
|-damage|p1a: Krookodile|0 fnt
|faint|p1a: Krookodile
|
|-weather|Snowscape|[upkeep]
|-heal|p1b: Slowking|49/100|[from] item: Leftovers
|upkeep
|
|t:|1783557279
|switch|p1a: Klefki|Klefki, L50, F|100/100
|turn|5
|
|t:|1783557293
|move|p2b: Gengar|Protect|p2b: Gengar
|-singleturn|p2b: Gengar|Protect
|move|p1a: Klefki|Reflect|p1a: Klefki
|-sidestart|p1: AtomicTwilight|Reflect
|move|p2a: Barbaracle|Rock Slide|p1a: Klefki|[spread] p1a,p1b
|-resisted|p1a: Klefki|1
|-damage|p1a: Klefki|83/100
|-damage|p1b: Slowking|9/100
|move|p1b: Slowking|Toxic|p2a: Barbaracle
|-status|p2a: Barbaracle|tox
|
|-weather|none
|-heal|p1b: Slowking|15/100|[from] item: Leftovers
|-damage|p2a: Barbaracle|93/100 tox|[from] psn
|upkeep
|turn|6
|
|t:|1783557315
|move|p1b: Slowking|Protect|p1b: Slowking
|-singleturn|p1b: Slowking|Protect
|move|p2a: Barbaracle|Liquidation|p1a: Klefki
|-damage|p1a: Klefki|24/100
|move|p2b: Gengar|Shadow Ball|p1b: Slowking
|-activate|p1b: Slowking|move: Protect
|move|p1a: Klefki|Dazzling Gleam|p2b: Gengar|[spread] p2a,p2b
|-resisted|p2b: Gengar|1
|-damage|p2a: Barbaracle|61/100 tox
|-damage|p2b: Gengar|0 fnt
|faint|p2b: Gengar
|
|-heal|p1b: Slowking|21/100|[from] item: Leftovers
|-damage|p2a: Barbaracle|49/100 tox|[from] psn
|upkeep
|turn|7
|
|t:|1783557337
|-heal|p1b: Slowking|54/100|[from] ability: Regenerator|[silent]
|switch|p1b: Greninja|Greninja, L50, M|100/100
|move|p1a: Klefki|Light Screen|p1a: Klefki
|-sidestart|p1: AtomicTwilight|move: Light Screen
|move|p2a: Barbaracle|Rock Slide|p1b: Greninja|[spread] p1a,p1b
|-resisted|p1a: Klefki|1
|-damage|p1a: Klefki|9/100
|-damage|p1b: Greninja|33/100
|
|-damage|p2a: Barbaracle|31/100 tox|[from] psn
|upkeep
|turn|8
|
|t:|1783557350
|switch|p1a: Slowking|Slowking-Galar, L50, M|54/100
|detailschange|p1b: Greninja|Greninja-Mega, L50, M
|-mega|p1b: Greninja|Greninja|Greninjite
|move|p2a: Barbaracle|Rock Slide|p1a: Slowking|[spread] p1a,p1b
|-damage|p1a: Slowking|15/100
|-damage|p1b: Greninja|0 fnt
|faint|p1b: Greninja
|
|-heal|p1a: Slowking|21/100|[from] item: Leftovers
|-damage|p2a: Barbaracle|7/100 tox|[from] psn
|upkeep
|
|t:|1783557362
|switch|p1b: Klefki|Klefki, L50, F|9/100
|turn|9
|
|t:|1783557365
|move|p1a: Slowking|Protect|p1a: Slowking
|-singleturn|p1a: Slowking|Protect
|move|p2a: Barbaracle|Rock Slide|p1a: Slowking|[spread] p1b
|-activate|p1a: Slowking|move: Protect
|-resisted|p1b: Klefki|1
|-damage|p1b: Klefki|0 fnt
|faint|p1b: Klefki
|
|-heal|p1a: Slowking|27/100|[from] item: Leftovers
|-damage|p2a: Barbaracle|0 fnt|[from] psn
|faint|p2a: Barbaracle
|
|win|AtomicTwilight
||horseki is ready for game 2.
|inactive|AtomicTwilight has 30 seconds to confirm battle start!
|inactive|AtomicTwilight has 20 seconds to confirm battle start!
