|j|☆cuquabu
|j|☆exessevio
|html|cuquabuexessevio    
|uhtml|bestof|Game 1 of a best-of-3
|t:|1785755780
|gametype|doubles
|player|p1|cuquabu|lucas|1154
|player|p2|exessevio|169|1113
|gen|9
|tier|[Gen 9 Champions] VGC 2026 Reg M-B (Bo3)
|rated|
|rule|Species Clause: Limit one of each Pokémon
|rule|Item Clause: Limit 1 of each item
|clearpoke
|poke|p1|Basculegion, L50, M, shiny|
|poke|p1|Garchomp, L50, F, shiny|
|poke|p1|Scizor, L50, F, shiny|
|poke|p1|Tyranitar, L50, M, shiny|
|poke|p1|Sneasler, L50, M, shiny|
|poke|p1|Corviknight, L50, M, shiny|
|poke|p2|Altaria, L50, F|
|poke|p2|Delphox, L50, F|
|poke|p2|Garchomp, L50, F|
|poke|p2|Kangaskhan, L50, F|
|poke|p2|Aerodactyl, L50, M|
|poke|p2|Incineroar, L50, M|
|teampreview|4
|showteam|p1|Basculegion||SitrusBerry|Adaptability|WaveCrash,LastRespects,AquaJet,Protect|Jolly||M|||50|]Garchomp||Garchompite|RoughSkin|EarthPower,DracoMeteor,PowerGem,Protect|Modest||F|||50|]Scizor||LifeOrb|Technician|BulletPunch,BugBite,SwordsDance,Protect|Adamant||F|||50|]Tyranitar||ChoiceScarf|SandStream|RockSlide,KnockOff,IcePunch,Superpower|Jolly||M|||50|]Sneasler||FocusSash|PoisonTouch|PoisonJab,CloseCombat,FakeOut,Protect|Jolly||M|||50|]Corviknight||Leftovers|MirrorArmor|IronHead,BraveBird,Tailwind,Protect|Impish||M|||50|
|showteam|p2|Altaria||YacheBerry|CloudNine|Tailwind,HelpingHand,DazzlingGleam,HeatWave|Bold||F|||50|]Delphox||Delphoxite|Blaze|Psyshock,HeatWave,NastyPlot,Protect|Timid||F|||50|]Garchomp||LifeOrb|RoughSkin|Earthquake,RockSlide,DragonClaw,StompingTantrum|Adamant||F|||50|]Kangaskhan||SilkScarf|Scrappy|FakeOut,LastResort|Adamant||F|||50|]Aerodactyl||Aerodactylite|RockHead|IceFang,RockSlide,Tailwind,WideGuard|Jolly||M|||50|]Incineroar||SitrusBerry|Intimidate|FakeOut,PartingShot,FlareBlitz,ThroatChop|Careful||M|||50|
|inactive|Battle timer is ON: inactive players will automatically lose when time's up. (requested by cuquabu)
|inactive|cuquabu has 60 seconds left.
|inactive|exessevio has 60 seconds left.
|inactive|cuquabu has 30 seconds left.
|inactive|exessevio has 30 seconds left.
|
|t:|1785755852
|teamsize|p1|4
|teamsize|p2|4
|start
|switch|p1a: Sneasler|Sneasler, L50, M, shiny|100/100
|switch|p1b: Scizor|Scizor, L50, F, shiny|100/100
|switch|p2a: Kangaskhan|Kangaskhan, L50, F|100/100
|switch|p2b: Sabrina|Delphox, L50, F|100/100
|turn|1
|inactive|cuquabu has 30 seconds left.
|inactive|cuquabu has 20 seconds left.
|
|t:|1785755888
|detailschange|p2b: Sabrina|Delphox-Mega, L50, F
|-mega|p2b: Sabrina|Delphox|Delphoxite
|move|p1a: Sneasler|Fake Out|p2b: Sabrina
|-damage|p2b: Sabrina|78/100
|-status|p2b: Sabrina|psn|[from] ability: Poison Touch|[of] p1a: Sneasler
|move|p2a: Kangaskhan|Fake Out|p1b: Scizor
|-resisted|p1b: Scizor|1
|-crit|p1b: Scizor
|-damage|p1b: Scizor|82/100
|cant|p2b: Sabrina|flinch
|cant|p1b: Scizor|flinch
|
|-damage|p2b: Sabrina|66/100 psn|[from] psn
|upkeep
|turn|2
|inactive|cuquabu has 30 seconds left.
|
|t:|1785755920
|move|p1a: Sneasler|Protect|p1a: Sneasler
|-singleturn|p1a: Sneasler|Protect
|move|p1b: Scizor|Bullet Punch|p2a: Kangaskhan
|-damage|p2a: Kangaskhan|56/100
|-damage|p1b: Scizor|73/100|[from] item: Life Orb
|move|p2b: Sabrina|Heat Wave|p1a: Sneasler|[spread] p1b
|-activate|p1a: Sneasler|move: Protect
|-supereffective|p1b: Scizor|2
|-damage|p1b: Scizor|0 fnt
|faint|p1b: Scizor
|move|p2a: Kangaskhan|Last Resort|p1a: Sneasler
|-activate|p1a: Sneasler|move: Protect
|
|-damage|p2b: Sabrina|54/100 psn|[from] psn
|upkeep
|
|t:|1785755928
|switch|p1b: Tyranitar|Tyranitar, L50, M, shiny|100/100
|-weather|Sandstorm|[from] ability: Sand Stream|[of] p1b: Tyranitar
|turn|3
|
|t:|1785755947
|switch|p2a: Incineroar|Incineroar, L50, M|100/100
|-ability|p2a: Incineroar|Intimidate|boost
|-unboost|p1a: Sneasler|atk|1
|-unboost|p1b: Tyranitar|atk|1
|move|p2b: Sabrina|Psyshock|p1a: Sneasler
|-supereffective|p1a: Sneasler|2
|-enditem|p1a: Sneasler|Focus Sash
|-damage|p1a: Sneasler|1/100
|move|p1a: Sneasler|Close Combat|p2a: Incineroar
|-supereffective|p2a: Incineroar|1
|-damage|p2a: Incineroar|40/100
|-unboost|p1a: Sneasler|def|1
|-unboost|p1a: Sneasler|spd|1
|-status|p2a: Incineroar|psn|[from] ability: Poison Touch|[of] p1a: Sneasler
|-enditem|p2a: Incineroar|Sitrus Berry|[eat]
|-heal|p2a: Incineroar|65/100 psn|[from] item: Sitrus Berry
|move|p1b: Tyranitar|Rock Slide|p2a: Incineroar|[spread] p2b
|-miss|p1b: Tyranitar|p2a: Incineroar
|-supereffective|p2b: Sabrina|1
|-damage|p2b: Sabrina|0 fnt
|faint|p2b: Sabrina
|
|-weather|Sandstorm|[upkeep]
|-damage|p1a: Sneasler|0 fnt|[from] Sandstorm
|-damage|p2a: Incineroar|59/100 psn|[from] Sandstorm
|faint|p1a: Sneasler
|-damage|p2a: Incineroar|47/100 psn|[from] psn
|upkeep
|inactive|exessevio has 30 seconds left.
|
|t:|1785755981
|switch|p2b: Kangaskhan|Kangaskhan, L50, F|56/100
|switch|p1a: Garchomp|Garchomp, L50, F, shiny|100/100
|turn|4
|
|t:|1785756001
|detailschange|p1a: Garchomp|Garchomp-Mega, L50, F, shiny
|-mega|p1a: Garchomp|Garchomp|Garchompite
|move|p2b: Kangaskhan|Fake Out|p1b: Tyranitar
|-resisted|p1b: Tyranitar|1
|-damage|p1b: Tyranitar|89/100
|cant|p1b: Tyranitar|flinch
|move|p1a: Garchomp|Earth Power|p2b: Kangaskhan
|-damage|p2b: Kangaskhan|0 fnt
|faint|p2b: Kangaskhan
|move|p2a: Incineroar|Parting Shot|p1a: Garchomp
|-unboost|p1a: Garchomp|atk|1
|-unboost|p1a: Garchomp|spa|1
|
|t:|1785756013
|switch|p2a: Aerodactyl|Aerodactyl, L50, M|100/100|[from] Parting Shot
|
|-weather|Sandstorm|[upkeep]
|upkeep
|
|t:|1785756017
|switch|p2b: Incineroar|Incineroar, L50, M|47/100 psn
|-ability|p2b: Incineroar|Intimidate|boost
|-unboost|p1a: Garchomp|atk|1
|-unboost|p1b: Tyranitar|atk|1
|turn|5
|
|t:|1785756036
|move|p1a: Garchomp|Protect|p1a: Garchomp
|-singleturn|p1a: Garchomp|Protect
|move|p2b: Incineroar|Fake Out|p1a: Garchomp
|-activate|p1a: Garchomp|move: Protect
|move|p2a: Aerodactyl|Rock Slide|p1a: Garchomp|[spread] p1b
|-activate|p1a: Garchomp|move: Protect
|-damage|p1b: Tyranitar|65/100
|move|p1b: Tyranitar|Rock Slide|p2a: Aerodactyl|[spread] p2a,p2b
|-supereffective|p2a: Aerodactyl|1
|-supereffective|p2b: Incineroar|1
|-damage|p2a: Aerodactyl|54/100
|-damage|p2b: Incineroar|23/100 psn
|
|-weather|Sandstorm|[upkeep]
|-damage|p2b: Incineroar|17/100 psn|[from] Sandstorm
|-damage|p2b: Incineroar|4/100 psn|[from] psn
|upkeep
|turn|6
|inactive|exessevio has 30 seconds left.
|
|t:|1785756061
|move|p2a: Aerodactyl|Ice Fang|p1a: Garchomp
|-supereffective|p1a: Garchomp|2
|-damage|p1a: Garchomp|31/100
|move|p1b: Tyranitar|Rock Slide|p2b: Incineroar|[spread] p2a,p2b
|-supereffective|p2a: Aerodactyl|1
|-supereffective|p2b: Incineroar|1
|-damage|p2a: Aerodactyl|7/100
|-damage|p2b: Incineroar|0 fnt
|faint|p2b: Incineroar
|move|p1a: Garchomp|Power Gem|p2a: Aerodactyl
|-supereffective|p2a: Aerodactyl|1
|-damage|p2a: Aerodactyl|0 fnt
|faint|p2a: Aerodactyl
|
|win|cuquabu
||cuquabu is ready for game 2.
||exessevio is ready for game 2.
|uhtml|next|Next: Game 2 of 3
|l|☆exessevio
|player|p2|
|l|☆cuquabu
|player|p1|
|j|☆exessevio
|player|p2|exessevio|169|
