|j|☆bennoVGC
|j|☆mackerjuan
|html|bennoVGCmackerjuan    
|uhtml|bestof|Game 2 of a best-of-3
|t:|1756728951
|gametype|doubles
|player|p1|bennoVGC|2|1277
|player|p2|mackerjuan|2|1287
|gen|9
|tier|[Gen 9] VGC 2025 Reg H (Bo3)
|rated|
|rule|Species Clause: Limit one of each Pokémon
|rule|Item Clause: Limit 1 of each item
|clearpoke
|poke|p1|Ursaluna, L50, M|
|poke|p1|Hydreigon, L50, M|
|poke|p1|Gholdengo, L50|
|poke|p1|Incineroar, L50, F|
|poke|p1|Amoonguss, L50, F|
|poke|p1|Porygon2, L50|
|poke|p2|Incineroar, L50, M|
|poke|p2|Gholdengo, L50|
|poke|p2|Porygon2, L50|
|poke|p2|Ursaluna, L50, M|
|poke|p2|Amoonguss, L50, M|
|poke|p2|Hydreigon, L50, F|
|teampreview|4
|showteam|p1|Ursaluna||FlameOrb|Guts|Facade,HeadlongRush,Earthquake,Protect|||M|||50|,,,,,Fairy]Hydreigon||SafetyGoggles|Levitate|DracoMeteor,Snarl,Tailwind,Protect|||M|||50|,,,,,Ghost]Gholdengo||LifeOrb|GoodasGold|MakeItRain,ShadowBall,NastyPlot,Protect||||||50|,,,,,Dragon]Incineroar||AssaultVest|Intimidate|KnockOff,FlareBlitz,Uturn,FakeOut|||F|||50|,,,,,Grass]Amoonguss||CovertCloak|Regenerator|Spore,RagePowder,ClearSmog,PollenPuff|||F|||50|,,,,,Fire]Porygon2||Eviolite|Download|TeraBlast,IceBeam,Recover,TrickRoom||||||50|,,,,,Fairy
|showteam|p2|Incineroar||SafetyGoggles|Intimidate|FlareBlitz,KnockOff,FakeOut,PartingShot|||M|||50|,,,,,Ghost]Gholdengo||LifeOrb|GoodasGold|MakeItRain,ShadowBall,NastyPlot,Protect||||||50|,,,,,Water]Porygon2||Eviolite|Download|TeraBlast,IceBeam,Recover,TrickRoom||||||50|,,,,,Fighting]Ursaluna||FlameOrb|Guts|Facade,HeadlongRush,Earthquake,Protect|||M|||50|,,,,,Ghost]Amoonguss||SitrusBerry|Regenerator|PollenPuff,Spore,RagePowder,Protect|||M|||50|,,,,,Water]Hydreigon||CovertCloak|Levitate|Taunt,Tailwind,DracoMeteor,Snarl|||F|||50|,,,,,Steel
|inactive|Battle timer is ON: inactive players will automatically lose when time's up. (requested by mackerjuan)
|
|t:|1756728970
|teamsize|p1|4
|teamsize|p2|4
|start
|switch|p1a: Hydreigon|Hydreigon, L50, M|100/100
|switch|p1b: Incineroar|Incineroar, L50, F, shiny|100/100
|switch|p2a: Hydreigon|Hydreigon, L50, F|100/100
|switch|p2b: Incineroar|Incineroar, L50, M|100/100
|-ability|p1b: Incineroar|Intimidate|boost
|-unboost|p2a: Hydreigon|atk|1
|-unboost|p2b: Incineroar|atk|1
|-ability|p2b: Incineroar|Intimidate|boost
|-unboost|p1a: Hydreigon|atk|1
|-unboost|p1b: Incineroar|atk|1
|turn|1
|inactive|bennoVGC has 30 seconds left.
|inactive|mackerjuan has 30 seconds left.
|
|t:|1756728999
|move|p1b: Incineroar|Fake Out|p2b: Incineroar
|-damage|p2b: Incineroar|92/100
|cant|p2b: Incineroar|flinch
|move|p1a: Hydreigon|Tailwind|p1a: Hydreigon
|-sidestart|p1: bennoVGC|move: Tailwind
|move|p2a: Hydreigon|Tailwind|p2a: Hydreigon
|-sidestart|p2: mackerjuan|move: Tailwind
|
|upkeep
|turn|2
|inactive|mackerjuan has 30 seconds left.
|inactive|mackerjuan has 20 seconds left.
|inactive|mackerjuan has 15 seconds left.
|
|t:|1756729044
|-terastallize|p2a: Hydreigon|Steel
|move|p1a: Hydreigon|Draco Meteor|p2a: Hydreigon
|-resisted|p2a: Hydreigon
|-damage|p2a: Hydreigon|73/100
|-unboost|p1a: Hydreigon|spa|2
|move|p2a: Hydreigon|Draco Meteor|p1a: Hydreigon
|-supereffective|p1a: Hydreigon
|-damage|p1a: Hydreigon|0 fnt
|-unboost|p2a: Hydreigon|spa|2
|faint|p1a: Hydreigon
|move|p1b: Incineroar|Flare Blitz|p2a: Hydreigon
|-supereffective|p2a: Hydreigon
|-damage|p2a: Hydreigon|1/100
|-damage|p1b: Incineroar|78/100|[from] Recoil
|move|p2b: Incineroar|Parting Shot|p1b: Incineroar
|-unboost|p1b: Incineroar|atk|1
|-unboost|p1b: Incineroar|spa|1
|
|t:|1756729062
|switch|p2b: Ursaluna|Ursaluna, L50, M|100/100|[from] Parting Shot
|
|-status|p2b: Ursaluna|brn|[from] item: Flame Orb
|upkeep
|
|t:|1756729067
|switch|p1a: Ursaluna|Ursaluna, L50, M|100/100
|turn|3
|inactive|bennoVGC has 30 seconds left.
|inactive|mackerjuan has 30 seconds left.
|
|t:|1756729100
|switch|p2a: Incineroar|Incineroar, L50, M|92/100
|-ability|p2a: Incineroar|Intimidate|boost
|-unboost|p1a: Ursaluna|atk|1
|-unboost|p1b: Incineroar|atk|1
|-terastallize|p1a: Ursaluna|Fairy
|move|p1b: Incineroar|Knock Off|p2b: Ursaluna
|-damage|p2b: Ursaluna|87/100 brn
|-enditem|p2b: Ursaluna|Flame Orb|[from] move: Knock Off|[of] p1b: Incineroar
|move|p1a: Ursaluna|Facade|p2b: Ursaluna
|-damage|p2b: Ursaluna|68/100 brn
|move|p2b: Ursaluna|Facade|p1b: Incineroar
|-damage|p1b: Incineroar|0 fnt
|faint|p1b: Incineroar
|
|-damage|p2b: Ursaluna|62/100 brn|[from] brn
|-status|p1a: Ursaluna|brn|[from] item: Flame Orb
|upkeep
|
|t:|1756729117
|switch|p1b: Gholdengo|Gholdengo, L50|100/100
|turn|4
|inactive|mackerjuan has 30 seconds left.
|inactive|mackerjuan has 20 seconds left.
|inactive|mackerjuan has 15 seconds left.
|
|t:|1756729157
|switch|p2b: Hydreigon|Hydreigon, L50, F, tera:Steel|1/100
|move|p1b: Gholdengo|Protect|p1b: Gholdengo
|-singleturn|p1b: Gholdengo|Protect
|move|p1a: Ursaluna|Headlong Rush|p2a: Incineroar
|-supereffective|p2a: Incineroar
|-damage|p2a: Incineroar|0 fnt
|-unboost|p1a: Ursaluna|def|1
|-unboost|p1a: Ursaluna|spd|1
|faint|p2a: Incineroar
|
|-damage|p1a: Ursaluna|95/100 brn|[from] brn
|-sideend|p2: mackerjuan|move: Tailwind
|-sideend|p1: bennoVGC|move: Tailwind
|upkeep
|
|t:|1756729167
|switch|p2a: Gholdengo|Gholdengo, L50|100/100
|turn|5
|
|t:|1756729180
|move|p2a: Gholdengo|Protect|p2a: Gholdengo
|-singleturn|p2a: Gholdengo|Protect
|move|p2b: Hydreigon|Tailwind|p2b: Hydreigon
|-sidestart|p2: mackerjuan|move: Tailwind
|move|p1b: Gholdengo|Make It Rain|p2a: Gholdengo|[spread] p2b
|-activate|p2a: Gholdengo|move: Protect
|-resisted|p2b: Hydreigon
|-damage|p2b: Hydreigon|0 fnt
|-unboost|p1b: Gholdengo|spa|1
|faint|p2b: Hydreigon
|-damage|p1b: Gholdengo|91/100|[from] item: Life Orb
|move|p1a: Ursaluna|Headlong Rush|p2a: Gholdengo
|-activate|p2a: Gholdengo|move: Protect
|
|-damage|p1a: Ursaluna|89/100 brn|[from] brn
|upkeep
|
|t:|1756729183
|switch|p2b: Ursaluna|Ursaluna, L50, M|62/100 brn
|turn|6
|
|t:|1756729197
|move|p1b: Gholdengo|Protect|p1b: Gholdengo
|-singleturn|p1b: Gholdengo|Protect
|move|p1a: Ursaluna|Protect|p1a: Ursaluna
|-singleturn|p1a: Ursaluna|Protect
|move|p2a: Gholdengo|Make It Rain|p1b: Gholdengo|[spread] 
|-activate|p1a: Ursaluna|move: Protect
|-activate|p1b: Gholdengo|move: Protect
|move|p2b: Ursaluna|Headlong Rush|p1b: Gholdengo
|-activate|p1b: Gholdengo|move: Protect
|
|-damage|p2b: Ursaluna|56/100 brn|[from] brn
|-damage|p1a: Ursaluna|83/100 brn|[from] brn
|upkeep
|turn|7
|
|t:|1756729203
|move|p1b: Gholdengo|Protect||[still]
|-fail|p1b: Gholdengo
|move|p1a: Ursaluna|Protect||[still]
|-fail|p1a: Ursaluna
|move|p2a: Gholdengo|Make It Rain|p1b: Gholdengo|[spread] p1a,p1b
|-supereffective|p1a: Ursaluna
|-resisted|p1b: Gholdengo
|-damage|p1a: Ursaluna|0 fnt
|-damage|p1b: Gholdengo|58/100
|-unboost|p2a: Gholdengo|spa|1
|faint|p1a: Ursaluna
|-damage|p2a: Gholdengo|91/100|[from] item: Life Orb
|move|p2b: Ursaluna|Headlong Rush|p1b: Gholdengo
|-supereffective|p1b: Gholdengo
|-damage|p1b: Gholdengo|0 fnt
|-unboost|p2b: Ursaluna|def|1
|-unboost|p2b: Ursaluna|spd|1
|faint|p1b: Gholdengo
|
|win|mackerjuan
||bennoVGC is ready for game 3.
