|j|☆mike6972
|j|☆magicalarcher57
|html|mike6972magicalarcher57    
|uhtml|bestof|Game 2 of a best-of-3
|t:|1782622909
|gametype|doubles
|player|p1|mike6972|170|1151
|player|p2|magicalarcher57|diantha|1150
|gen|9
|tier|[Gen 9 Champions] VGC 2026 Reg M-B (Bo3)
|rated|
|rule|Species Clause: Limit one of each Pokémon
|rule|Item Clause: Limit 1 of each item
|clearpoke
|poke|p1|Delphox, L50, M|
|poke|p1|Whimsicott, L50, M|
|poke|p1|Garchomp, L50, F|
|poke|p1|Sneasler, L50, F|
|poke|p1|Basculegion, L50, M|
|poke|p1|Rotom-Wash, L50|
|poke|p2|Talonflame, L50, F|
|poke|p2|Garchomp, L50, F|
|poke|p2|Gholdengo, L50|
|poke|p2|Milotic, L50, M|
|poke|p2|Gardevoir, L50, F|
|poke|p2|Glimmora, L50, F|
|teampreview|4
|showteam|p1|Delphox||Delphoxite|Blaze|HeatWave,Psychic,NastyPlot,Protect|Timid||M|||50|]Whimsicott||FocusSash|Prankster|Encore,Protect,Tailwind,Moonblast|Timid||M|||50|]Garchomp||LifeOrb|RoughSkin|DragonClaw,Earthquake,RockSlide,Protect|Adamant||F|||50|]Sneasler||WhiteHerb|Unburden|DireClaw,FakeOut,Protect,CloseCombat|Jolly||F|||50|]Basculegion||ChoiceScarf|Adaptability|FlipTurn,AquaJet,WaveCrash,LastRespects|Adamant||M|||50|]Rotom-Wash||Leftovers|Levitate|LightScreen,Thunderbolt,WillOWisp,HydroPump|Bold|||||50|
|showteam|p2|Talonflame||SharpBeak|GaleWings|Tailwind,Protect,BraveBird,WillOWisp|Adamant||F|||50|]Garchomp||LifeOrb|RoughSkin|Earthquake,DragonClaw,RockSlide,Protect|Jolly||F|||50|]Gholdengo||MetalCoat|GoodasGold|MakeItRain,ShadowBall,NastyPlot,Protect|Modest|||||50|]Milotic||Leftovers|Competitive|MuddyWater,Recover,Hypnosis,Coil|Sassy||M|||50|]Gardevoir||Gardevoirite|Telepathy|HyperVoice,Psychic,TrickRoom,Protect|Quiet||F|||50|]Glimmora||Glimmoranite|ToxicDebris|PowerGem,EarthPower,SludgeWave,SpikyShield|Modest||F|||50|
|inactive|Battle timer is ON: inactive players will automatically lose when time's up. (requested by magicalarcher57)
|inactive|mike6972 has 60 seconds left.
|
|t:|1782622951
|teamsize|p1|4
|teamsize|p2|4
|start
|switch|p1a: Whimsicott|Whimsicott, L50, M|100/100
|switch|p1b: Rotom|Rotom-Wash, L50|100/100
|switch|p2a: Gardevoir|Gardevoir, L50, F|100/100
|switch|p2b: Talonflame|Talonflame, L50, F|100/100
|turn|1
|
|t:|1782622970
|detailschange|p2a: Gardevoir|Gardevoir-Mega, L50, F
|-mega|p2a: Gardevoir|Gardevoir|Gardevoirite
|move|p1a: Whimsicott|Tailwind|p1a: Whimsicott
|-sidestart|p1: mike6972|move: Tailwind
|move|p2b: Talonflame|Brave Bird|p1a: Whimsicott
|-supereffective|p1a: Whimsicott|1
|-enditem|p1a: Whimsicott|Focus Sash
|-damage|p1a: Whimsicott|1/100
|-damage|p2b: Talonflame|71/100|[from] Recoil
|move|p1b: Rotom|Hydro Pump|p2b: Talonflame
|-supereffective|p2b: Talonflame|1
|-damage|p2b: Talonflame|0 fnt
|faint|p2b: Talonflame
|move|p2a: Gardevoir|Trick Room|p2a: Gardevoir
|-fieldstart|move: Trick Room|[of] p2a: Gardevoir
|
|upkeep
|
|t:|1782622991
|switch|p2b: Milotic|Milotic, L50, M|100/100
|turn|2
|
|t:|1782622997
|switch|p2a: Gholdengo|Gholdengo, L50|100/100
|move|p1a: Whimsicott|Encore|p2a: Gholdengo
|-immune|p2a: Gholdengo|[from] ability: Good as Gold
|move|p2b: Milotic|Muddy Water|p1a: Whimsicott|[spread] p1a,p1b
|-resisted|p1a: Whimsicott|1
|-resisted|p1b: Rotom|1
|-damage|p1a: Whimsicott|0 fnt
|-damage|p1b: Rotom|86/100
|faint|p1a: Whimsicott
|move|p1b: Rotom|Thunderbolt|p2b: Milotic
|-supereffective|p2b: Milotic|1
|-damage|p2b: Milotic|61/100
|
|-heal|p2b: Milotic|67/100|[from] item: Leftovers
|-heal|p1b: Rotom|92/100|[from] item: Leftovers
|upkeep
|
|t:|1782623018
|switch|p1a: Delphox|Delphox, L50, M|100/100
|turn|3
|
|t:|1782623036
|move|p1a: Delphox|Protect|p1a: Delphox
|-singleturn|p1a: Delphox|Protect
|move|p2b: Milotic|Muddy Water|p1b: Rotom|[spread] p1b
|-activate|p1a: Delphox|move: Protect
|-resisted|p1b: Rotom|1
|-damage|p1b: Rotom|79/100
|move|p2a: Gholdengo|Nasty Plot|p2a: Gholdengo
|-boost|p2a: Gholdengo|spa|2
|move|p1b: Rotom|Thunderbolt|p2b: Milotic
|-supereffective|p2b: Milotic|1
|-damage|p2b: Milotic|27/100
|
|-heal|p2b: Milotic|33/100|[from] item: Leftovers
|-heal|p1b: Rotom|85/100|[from] item: Leftovers
|upkeep
|turn|4
|
|t:|1782623052
|switch|p1a: Basculegion|Basculegion, L50, M|100/100
|move|p2b: Milotic|Muddy Water|p1a: Basculegion|[spread] p1a,p1b
|-resisted|p1a: Basculegion|1
|-resisted|p1b: Rotom|1
|-damage|p1a: Basculegion|86/100
|-damage|p1b: Rotom|72/100
|move|p2a: Gholdengo|Shadow Ball|p1a: Basculegion
|-supereffective|p1a: Basculegion|1
|-damage|p1a: Basculegion|0 fnt
|faint|p1a: Basculegion
|move|p1b: Rotom|Light Screen|p1b: Rotom
|-sidestart|p1: mike6972|move: Light Screen
|
|-heal|p2b: Milotic|39/100|[from] item: Leftovers
|-heal|p1b: Rotom|78/100|[from] item: Leftovers
|-sideend|p1: mike6972|move: Tailwind
|upkeep
|
|t:|1782623064
|switch|p1a: Delphox|Delphox, L50, M|100/100
|turn|5
|
|t:|1782623077
|detailschange|p1a: Delphox|Delphox-Mega, L50, M
|-mega|p1a: Delphox|Delphox|Delphoxite
|move|p2b: Milotic|Recover|p2b: Milotic
|-heal|p2b: Milotic|89/100
|move|p1b: Rotom|Thunderbolt|p2b: Milotic
|-supereffective|p2b: Milotic|1
|-crit|p2b: Milotic
|-damage|p2b: Milotic|30/100
|move|p2a: Gholdengo|Shadow Ball|p1b: Rotom
|-damage|p1b: Rotom|27/100
|move|p1a: Delphox|Heat Wave|p2b: Milotic|[spread] p2a,p2b
|-supereffective|p2a: Gholdengo|1
|-resisted|p2b: Milotic|1
|-damage|p2a: Gholdengo|9/100
|-damage|p2b: Milotic|17/100
|
|-heal|p2b: Milotic|23/100|[from] item: Leftovers
|-heal|p1b: Rotom|33/100|[from] item: Leftovers
|-fieldend|move: Trick Room
|upkeep
|turn|6
|
|t:|1782623099
|move|p2a: Gholdengo|Protect|p2a: Gholdengo
|-singleturn|p2a: Gholdengo|Protect
|move|p1a: Delphox|Heat Wave|p2b: Milotic|[spread] p2b
|-activate|p2a: Gholdengo|move: Protect
|-resisted|p2b: Milotic|1
|-damage|p2b: Milotic|10/100
|move|p1b: Rotom|Thunderbolt|p2b: Milotic
|-supereffective|p2b: Milotic|1
|-damage|p2b: Milotic|0 fnt
|faint|p2b: Milotic
|
|-heal|p1b: Rotom|38/100|[from] item: Leftovers
|upkeep
|
|t:|1782623112
|switch|p2b: Gardevoir|Gardevoir-Mega, L50, F|100/100
|turn|7
|
|t:|1782623120
|move|p2a: Gholdengo|Protect|p2a: Gholdengo
|-singleturn|p2a: Gholdengo|Protect
|move|p1a: Delphox|Heat Wave|p2a: Gholdengo|[spread] p2b
|-activate|p2a: Gholdengo|move: Protect
|-damage|p2b: Gardevoir|66/100
|move|p1b: Rotom|Thunderbolt|p2b: Gardevoir
|-damage|p2b: Gardevoir|39/100
|move|p2b: Gardevoir|Trick Room|p2b: Gardevoir
|-fieldstart|move: Trick Room|[of] p2b: Gardevoir
|
|-heal|p1b: Rotom|44/100|[from] item: Leftovers
|upkeep
|turn|8
|
|t:|1782623140
|move|p1b: Rotom|Thunderbolt|p2a: Gholdengo
|-damage|p2a: Gholdengo|0 fnt
|faint|p2a: Gholdengo
|move|p2b: Gardevoir|Hyper Voice|p1a: Delphox|[spread] p1a,p1b
|-resisted|p1a: Delphox|1
|-damage|p1a: Delphox|82/100
|-damage|p1b: Rotom|5/100
|move|p1a: Delphox|Heat Wave|p2b: Gardevoir
|-damage|p2b: Gardevoir|0 fnt
|faint|p2b: Gardevoir
|
|win|mike6972
|raw|mike6972's rating: 1151 → 1176(+25 for winning)
|raw|magicalarcher57's rating: 1150 → 1125(-25 for losing)
