|j|☆elmono10
|j|☆Mandy's cendy
|html|elmono10Mandy's cendy    
|uhtml|bestof|Game 2 of a best-of-3
|t:|1756746031
|gametype|doubles
|player|p1|elmono10|ghetsis|1111
|player|p2|Mandy's cendy|iris-gen5bw2|1050
|gen|9
|tier|[Gen 9] VGC 2025 Reg H (Bo3)
|rated|
|rule|Species Clause: Limit one of each Pokémon
|rule|Item Clause: Limit 1 of each item
|clearpoke
|poke|p1|Volcarona, L50, F|
|poke|p1|Gholdengo, L50|
|poke|p1|Dragonite, L50, F|
|poke|p1|Amoonguss, L50, M|
|poke|p1|Sneasler, L50, F|
|poke|p1|Grimmsnarl, L50, M|
|poke|p2|Charizard, L50, F|
|poke|p2|Torkoal, L50, M|
|poke|p2|Porygon2, L50|
|poke|p2|Incineroar, L50, M|
|poke|p2|Jumpluff, L50, M|
|poke|p2|Ursaluna, L50, M|
|teampreview|4
|showteam|p1|Volcarona||Leftovers|FlameBody|QuiverDance,HeatWave,TeraBlast,Protect|||F|||50|,,,,,Fairy]Gholdengo||ChoiceScarf|GoodasGold|MakeItRain,ShadowBall,Protect,Trick||||||50|,,,,,Steel]Dragonite||LoadedDice|Multiscale|ScaleShot,StompingTantrum,Haze,Protect|||F|||50|,,,,,Ground]Amoonguss||SitrusBerry|Regenerator|SludgeBomb,Spore,RagePowder,Protect|||M|||50|,,,,,Psychic]Sneasler||FocusSash|PoisonTouch|DireClaw,CloseCombat,FakeOut,Protect|||F|||50|,,,,,Stellar]Grimmsnarl||LightClay|Prankster|SpiritBreak,LightScreen,Reflect,Taunt|||M|||50|,,,,,Ghost
|showteam|p2|Charizard||ChoiceSpecs|SolarPower|HeatWave,Overheat,WeatherBall,AirSlash|||F|||50|,,,,,Ghost]Torkoal||EjectPack|Drought|Eruption,Overheat,HelpingHand,Protect|||M|||50|,,,,,Fire]Porygon2||Eviolite|Download|TeraBlast,IceBeam,Recover,TrickRoom||||||50|,,,,,Fighting]Incineroar||SitrusBerry|Intimidate|FlareBlitz,KnockOff,FakeOut,PartingShot|||M|||50|,,,,,Ghost]Jumpluff||CovertCloak|Chlorophyll|SleepPowder,SunnyDay,RagePowder,Tailwind|||M|||50|,,,,,Water]Ursaluna||FlameOrb|Guts|HeadlongRush,Facade,Earthquake,Protect|||M|||50|,,,,,Ghost
|inactive|Battle timer is ON: inactive players will automatically lose when time's up. (requested by elmono10)
|inactive|Mandy's cendy also wants the timer to be on.
|inactive|elmono10 has 60 seconds left.
|
|t:|1756746090
|teamsize|p1|4
|teamsize|p2|4
|start
|switch|p1a: Grimmsnarl|Grimmsnarl, L50, M|100/100
|switch|p1b: Dragonite|Dragonite, L50, F|100/100
|switch|p2a: Jumpluff|Jumpluff, L50, M|100/100
|switch|p2b: Charizard|Charizard, L50, F|100/100
|turn|1
|inactive|Mandy's cendy has 30 seconds left.
|inactive|Mandy's cendy has 20 seconds left.
|inactive|Mandy's cendy has 15 seconds left.
|inactive|Mandy's cendy has 10 seconds left.
|inactive|Mandy's cendy has 5 seconds left.
|
|t:|1756746143
|move|p2a: Jumpluff|Rage Powder|p2a: Jumpluff
|-singleturn|p2a: Jumpluff|move: Rage Powder
|move|p1a: Grimmsnarl|Taunt|p2a: Jumpluff
|-start|p2a: Jumpluff|move: Taunt
|move|p2b: Charizard|Heat Wave|p1a: Grimmsnarl|[spread] p1a,p1b
|-resisted|p1b: Dragonite
|-damage|p1a: Grimmsnarl|55/100
|-damage|p1b: Dragonite|87/100
|move|p1b: Dragonite|Scale Shot|p2a: Jumpluff
|-damage|p2a: Jumpluff|82/100
|-damage|p2a: Jumpluff|65/100
|-damage|p2a: Jumpluff|46/100
|-damage|p2a: Jumpluff|28/100
|-hitcount|p2a: Jumpluff|4
|-unboost|p1b: Dragonite|def|1
|-boost|p1b: Dragonite|spe|1
|
|upkeep
|turn|2
|
|t:|1756746159
|switch|p2a: Incineroar|Incineroar, L50, M|100/100
|-ability|p2a: Incineroar|Intimidate|boost
|-unboost|p1a: Grimmsnarl|atk|1
|-unboost|p1b: Dragonite|atk|1
|move|p1a: Grimmsnarl|Light Screen|p1a: Grimmsnarl
|-sidestart|p1: elmono10|move: Light Screen
|move|p1b: Dragonite|Scale Shot|p2b: Charizard
|-damage|p2b: Charizard|86/100
|-damage|p2b: Charizard|72/100
|-damage|p2b: Charizard|59/100
|-damage|p2b: Charizard|45/100
|-hitcount|p2b: Charizard|4
|-unboost|p1b: Dragonite|def|1
|-boost|p1b: Dragonite|spe|1
|move|p2b: Charizard|Heat Wave|p1b: Dragonite|[spread] p1a,p1b
|-resisted|p1b: Dragonite
|-damage|p1a: Grimmsnarl|27/100
|-damage|p1b: Dragonite|71/100
|
|upkeep
|turn|3
|inactive|elmono10 has 30 seconds left.
|inactive|Mandy's cendy has 30 seconds left.
|
|t:|1756746191
|move|p1b: Dragonite|Protect|p1b: Dragonite
|-singleturn|p1b: Dragonite|Protect
|move|p1a: Grimmsnarl|Reflect|p1a: Grimmsnarl
|-sidestart|p1: elmono10|Reflect
|move|p2b: Charizard|Heat Wave|p1b: Dragonite|[spread] p1a
|-activate|p1b: Dragonite|move: Protect
|-crit|p1a: Grimmsnarl
|-damage|p1a: Grimmsnarl|0 fnt
|faint|p1a: Grimmsnarl
|move|p2a: Incineroar|Flare Blitz|p1b: Dragonite
|-activate|p1b: Dragonite|move: Protect
|
|upkeep
|
|t:|1756746205
|switch|p1a: Sneasler|Sneasler, L50, F|100/100
|turn|4
|
|t:|1756746211
|-terastallize|p2a: Incineroar|Ghost
|move|p1b: Dragonite|Scale Shot|p2b: Charizard
|-damage|p2b: Charizard|31/100
|-damage|p2b: Charizard|15/100
|-damage|p2b: Charizard|1/100
|-damage|p2b: Charizard|0 fnt
|faint|p2b: Charizard
|-hitcount|p2: Charizard|4
|-unboost|p1b: Dragonite|def|1
|-boost|p1b: Dragonite|spe|1
|move|p1a: Sneasler|Close Combat|p2a: Incineroar
|-immune|p2a: Incineroar
|move|p2a: Incineroar|Flare Blitz|p1b: Dragonite
|-resisted|p1b: Dragonite
|-damage|p1b: Dragonite|26/100
|-damage|p2a: Incineroar|88/100|[from] Recoil
|
|upkeep
|
|t:|1756746231
|switch|p2b: Jumpluff|Jumpluff, L50, M|28/100
|turn|5
|inactive|Mandy's cendy has 30 seconds left.
|inactive|Mandy's cendy has 20 seconds left.
|inactive|elmono10 has 30 seconds left.
|inactive|Mandy's cendy has 15 seconds left.
|inactive|elmono10 has 20 seconds left.
|inactive|elmono10 has 15 seconds left.
|inactive|elmono10 has 10 seconds left.
|inactive|elmono10 has 5 seconds left.
|
|t:|1756746299
|move|p2b: Jumpluff|Rage Powder|p2b: Jumpluff
|-singleturn|p2b: Jumpluff|move: Rage Powder
|move|p1b: Dragonite|Haze|p1b: Dragonite
|-clearallboost
|move|p1a: Sneasler|Dire Claw|p2b: Jumpluff
|-supereffective|p2b: Jumpluff
|-damage|p2b: Jumpluff|0 fnt
|faint|p2b: Jumpluff
|move|p2a: Incineroar|Flare Blitz|p1b: Dragonite
|-resisted|p1b: Dragonite
|-damage|p1b: Dragonite|7/100
|-damage|p2a: Incineroar|83/100|[from] Recoil
|
|upkeep
|
|t:|1756746306
|switch|p2b: Ursaluna|Ursaluna, L50, M|100/100
|turn|6
|
|t:|1756746321
|switch|p1b: Gholdengo|Gholdengo, L50|100/100
|-terastallize|p1a: Sneasler|Stellar
|move|p1a: Sneasler|Close Combat|p2b: Ursaluna
|-supereffective|p2b: Ursaluna
|-damage|p2b: Ursaluna|0 fnt
|-unboost|p1a: Sneasler|def|1
|-unboost|p1a: Sneasler|spd|1
|faint|p2b: Ursaluna
|move|p2a: Incineroar|Knock Off|p1b: Gholdengo
|-supereffective|p1b: Gholdengo
|-crit|p1b: Gholdengo
|-damage|p1b: Gholdengo|0 fnt
|-enditem|p1b: Gholdengo|Choice Scarf|[from] move: Knock Off|[of] p2a: Incineroar
|faint|p1b: Gholdengo
|
|upkeep
|-message|Mandy's cendy forfeited.
|
|win|elmono10
|raw|elmono10's rating: 1111 → 1132(+21 for winning)
|raw|Mandy's cendy's rating: 1050 → 1036(-14 for losing)
