|j|☆anderitur
|j|☆Edmondantes97
|html|anderiturEdmondantes97    
|uhtml|bestof|Game 2 of a best-of-3
|t:|1757675404
|gametype|doubles
|player|p1|anderitur|101|1031
|player|p2|Edmondantes97|lucas|1029
|gen|9
|tier|[Gen 9] VGC 2025 Reg H (Bo3)
|rated|
|rule|Species Clause: Limit one of each Pokémon
|rule|Item Clause: Limit 1 of each item
|clearpoke
|poke|p1|Dragonite, L50, F|
|poke|p1|Gholdengo, L50|
|poke|p1|Ursaluna-Bloodmoon, L50, M|
|poke|p1|Annihilape, L50, M|
|poke|p1|Maushold-Four, L50|
|poke|p1|Rillaboom, L50, F|
|poke|p2|Serperior, L50, F|
|poke|p2|Ampharos, L50, M|
|poke|p2|Chandelure, L50, F|
|poke|p2|Incineroar, L50, M|
|poke|p2|Ninetales-Alola, L50, M|
|poke|p2|Gliscor, L50, M|
|teampreview|4
|showteam|p1|Dragonite||LoadedDice|Multiscale|ScaleShot,Tailwind,Haze,Protect|||F|||50|,,,,,Fairy]Gholdengo||LifeOrb|GoodasGold|MakeItRain,ShadowBall,NastyPlot,Protect||||||50|,,,,,Water]Ursaluna-Bloodmoon||AssaultVest|MindsEye|BloodMoon,EarthPower,HyperVoice,VacuumWave|||M|||50|,,,,,Water]Annihilape||SitrusBerry|Defiant|DrainPunch,RageFist,BulkUp,Protect|||M|||50|,,,,,Fire]Maushold-Four||FocusSash|FriendGuard|SuperFang,BeatUp,FollowMe,Protect||||||50|,,,,,Ghost]Rillaboom||MiracleSeed|GrassySurge|WoodHammer,GrassyGlide,HighHorsepower,FakeOut|||F|||50|,,,,,Fire
|showteam|p2|Serperior||Leftovers|Contrary|LeafStorm,Protect,Substitute,LeechSeed|||F|||50|,,,,,Poison]Ampharos||ChoiceSpecs|Static|DazzlingGleam,Thunderbolt,Discharge,VoltSwitch|||M|||50|,,,,,Fairy]Chandelure||FocusSash|FlashFire|HeatWave,ShadowBall,TrickRoom,Overheat|||F|||50|,,,,,Grass]Incineroar||AssaultVest|Intimidate|FakeOut,Uturn,KnockOff,FlareBlitz|||M|||50|,,,,,Ghost]Ninetales-Alola||LightClay|SnowWarning|Moonblast,AuroraVeil,IcyWind,Protect|||M|||50|,,,,,Water]Gliscor||ToxicOrb|PoisonHeal|SwordsDance,Acrobatics,Protect,HighHorsepower|||M|||50|,,,,,Normal
|inactive|Battle timer is ON: inactive players will automatically lose when time's up. (requested by anderitur)
|inactive|anderitur has 60 seconds left.
|
|t:|1757675436
|teamsize|p1|4
|teamsize|p2|4
|start
|switch|p1a: Maushold|Maushold-Four, L50|100/100
|switch|p1b: Annihilape|Annihilape, L50, M|100/100
|switch|p2a: Ninetales|Ninetales-Alola, L50, M|100/100
|switch|p2b: Serperior|Serperior, L50, F|100/100
|-weather|Snowscape|[from] ability: Snow Warning|[of] p2a: Ninetales
|turn|1
|inactive|anderitur has 30 seconds left.
|
|t:|1757675463
|move|p2b: Serperior|Leaf Storm|p1a: Maushold
|-damage|p1a: Maushold|59/100
|-boost|p2b: Serperior|spa|2
|move|p2a: Ninetales|Aurora Veil|p2a: Ninetales
|-sidestart|p2: Edmondantes97|move: Aurora Veil
|move|p1a: Maushold|Beat Up|p1b: Annihilape
|-damage|p1b: Annihilape|99/100
|-damage|p1b: Annihilape|96/100
|-damage|p1b: Annihilape|93/100
|-damage|p1b: Annihilape|91/100
|-hitcount|p1b: Annihilape|4
|move|p1b: Annihilape|Rage Fist|p2b: Serperior
|-damage|p2b: Serperior|30/100
|
|-weather|Snowscape|[upkeep]
|-heal|p2b: Serperior|36/100|[from] item: Leftovers
|upkeep
|turn|2
|inactive|anderitur has 30 seconds left.
|inactive|anderitur has 20 seconds left.
|inactive|anderitur has 15 seconds left.
|
|t:|1757675504
|move|p2b: Serperior|Leaf Storm|p1a: Maushold
|-damage|p1a: Maushold|0 fnt
|-boost|p2b: Serperior|spa|2
|faint|p1a: Maushold
|move|p2a: Ninetales|Moonblast|p1b: Annihilape
|-supereffective|p1b: Annihilape
|-damage|p1b: Annihilape|42/100
|-unboost|p1b: Annihilape|spa|1
|-ability|p1b: Annihilape|Defiant|boost
|-boost|p1b: Annihilape|atk|2
|-enditem|p1b: Annihilape|Sitrus Berry|[eat]
|-heal|p1b: Annihilape|67/100|[from] item: Sitrus Berry
|move|p1b: Annihilape|Rage Fist|p2a: Ninetales
|-damage|p2a: Ninetales|0 fnt
|faint|p2a: Ninetales
|
|-weather|Snowscape|[upkeep]
|-heal|p2b: Serperior|42/100|[from] item: Leftovers
|upkeep
|
|t:|1757675525
|switch|p2a: Gliscor|Gliscor, L50, M|100/100
|switch|p1a: Gholdengo|Gholdengo, L50|100/100
|turn|3
|inactive|anderitur has 30 seconds left.
|inactive|anderitur has 20 seconds left.
|
|t:|1757675564
|move|p1b: Annihilape|Protect|p1b: Annihilape
|-singleturn|p1b: Annihilape|Protect
|move|p2b: Serperior|Leaf Storm|p1b: Annihilape
|-activate|p1b: Annihilape|move: Protect
|move|p1a: Gholdengo|Make It Rain|p2a: Gliscor|[spread] p2a,p2b
|-damage|p2a: Gliscor|53/100
|-damage|p2b: Serperior|3/100
|-unboost|p1a: Gholdengo|spa|1
|-damage|p1a: Gholdengo|91/100|[from] item: Life Orb
|move|p2a: Gliscor|High Horsepower|p1a: Gholdengo
|-supereffective|p1a: Gholdengo
|-damage|p1a: Gholdengo|0 fnt
|faint|p1a: Gholdengo
|
|-weather|Snowscape|[upkeep]
|-heal|p2b: Serperior|9/100|[from] item: Leftovers
|-status|p2a: Gliscor|tox|[from] item: Toxic Orb
|upkeep
|
|t:|1757675584
|switch|p1a: Rillaboom|Rillaboom, L50, F|100/100
|-fieldstart|move: Grassy Terrain|[from] ability: Grassy Surge|[of] p1a: Rillaboom
|turn|4
|
|t:|1757675598
|-terastallize|p1a: Rillaboom|Fire
|move|p2b: Serperior|Protect|p2b: Serperior
|-singleturn|p2b: Serperior|Protect
|move|p2a: Gliscor|Protect|p2a: Gliscor
|-singleturn|p2a: Gliscor|Protect
|move|p1a: Rillaboom|Fake Out|p2b: Serperior
|-activate|p2b: Serperior|move: Protect
|move|p1b: Annihilape|Rage Fist|p2a: Gliscor
|-activate|p2a: Gliscor|move: Protect
|
|-weather|Snowscape|[upkeep]
|-heal|p2b: Serperior|15/100|[from] Grassy Terrain
|-heal|p2b: Serperior|21/100|[from] item: Leftovers
|-heal|p1b: Annihilape|74/100|[from] Grassy Terrain
|-heal|p2a: Gliscor|65/100 tox|[from] ability: Poison Heal
|upkeep
|turn|5
|
|t:|1757675619
|move|p1a: Rillaboom|Grassy Glide|p2b: Serperior
|-resisted|p2b: Serperior
|-damage|p2b: Serperior|5/100
|move|p2b: Serperior|Leaf Storm|p1b: Annihilape
|-damage|p1b: Annihilape|0 fnt
|-boost|p2b: Serperior|spa|2
|faint|p1b: Annihilape
|move|p2a: Gliscor|Acrobatics|p1a: Rillaboom
|-damage|p1a: Rillaboom|76/100
|
|-weather|none
|-heal|p2b: Serperior|11/100|[from] Grassy Terrain
|-heal|p2b: Serperior|17/100|[from] item: Leftovers
|-heal|p1a: Rillaboom|82/100|[from] Grassy Terrain
|-heal|p2a: Gliscor|77/100 tox|[from] ability: Poison Heal
|upkeep
|turn|6
|-message|anderitur forfeited.
|
|win|Edmondantes97
||anderitur is ready for game 3.
||Edmondantes97 is ready for game 3.
|uhtml|next|Next: Game 3 of 3
