|j|â˜†Mr Donks
|j|â˜†HER3SJOHNNY
|html|Mr DonksHER3SJOHNNY    
|uhtml|bestof|Game 2 of a best-of-3
|t:|1757016980
|gametype|doubles
|player|p1|Mr Donks|wattson|
|player|p2|HER3SJOHNNY|n|
|gen|9
|tier|[Gen 9] VGC 2025 Reg H (Bo3)
|rule|Species Clause: Limit one of each PokÃ©mon
|rule|Item Clause: Limit 1 of each item
|clearpoke
|poke|p1|Pelipper, L50, M|
|poke|p1|Archaludon, L50, F|
|poke|p1|Sinistcha, L50|
|poke|p1|Ursaluna, L50, M|
|poke|p1|Gholdengo, L50|
|poke|p1|Incineroar, L50, F|
|poke|p2|Incineroar, L50, M|
|poke|p2|Gothitelle, L50, M|
|poke|p2|Murkrow, L50, M|
|poke|p2|Serperior, L50, M|
|poke|p2|Primarina, L50, M|
|poke|p2|Gholdengo, L50|
|teampreview|4
|showteam|p1|Pelipper||FocusSash|Drizzle|WeatherBall,Hurricane,Tailwind,Protect|||M|||50|,,,,,Ground]Archaludon||AssaultVest|Stamina|DragonPulse,ElectroShot,FlashCannon,BodyPress|||F|||50|,,,,,Bug]Sinistcha||SitrusBerry|Hospitality|MatchaGotcha,RagePowder,LifeDew,TrickRoom||||||50|,,,,,Dark]Ursaluna||FlameOrb|Guts|Facade,HeadlongRush,Earthquake,Protect|||M|||50|,,,,,Ghost]Gholdengo||LifeOrb|GoodasGold|MakeItRain,ShadowBall,NastyPlot,Protect||||||50|,,,,,Water]Incineroar||SafetyGoggles|Intimidate|FlareBlitz,KnockOff,FakeOut,PartingShot|||F|||50|,,,,,Ghost
|showteam|p2|Incineroar||SafetyGoggles|Intimidate|KnockOff,Protect,FakeOut,PartingShot|||M|||50|,,,,,Bug]Gothitelle||Leftovers|ShadowTag|FakeOut,Protect,HealPulse,Taunt|||M|||50|,,,,,Dark]Murkrow||FocusSash|Prankster|Tailwind,Haze,PerishSong,Protect|||M|||50|,,,,,Dark]Serperior||LifeOrb|Contrary|LeafStorm,Protect,TeraBlast,GrassPledge|||M|||50|,,,,,Stellar]Primarina|||LiquidVoice|WaterPledge,HyperVoice,CalmMind,Protect|||M|||50|,,,,,Steel]Gholdengo||AirBalloon|GoodasGold|NastyPlot,MakeItRain,ShadowBall,Protect||||||50|,,,,,Normal
|inactive|Battle timer is ON: inactive players will automatically lose when time's up. (requested by Mr Donks)
|inactive|Mr Donks has 60 seconds left.
|
|t:|1757017035
|teamsize|p1|4
|teamsize|p2|4
|start
|switch|p1a: Incineroar|Incineroar, L50, F|100/100
|switch|p1b: Pelipper|Pelipper, L50, M|100/100
|switch|p2a: Murkrow|Murkrow, L50, M|100/100
|switch|p2b: Primarina|Primarina, L50, M|100/100
|-weather|RainDance|[from] ability: Drizzle|[of] p1b: Pelipper
|-ability|p1a: Incineroar|Intimidate|boost
|-unboost|p2a: Murkrow|atk|1
|-unboost|p2b: Primarina|atk|1
|turn|1
|inactive|Mr Donks has 30 seconds left.
|
|t:|1757017065
|move|p1a: Incineroar|Fake Out|p2a: Murkrow
|-damage|p2a: Murkrow|78/100
|cant|p2a: Murkrow|flinch
|move|p1b: Pelipper|Hurricane|p2a: Murkrow
|-damage|p2a: Murkrow|16/100
|move|p2b: Primarina|Hyper Voice|p1a: Incineroar|[spread] p1a,p1b
|-supereffective|p1a: Incineroar
|-crit|p1a: Incineroar
|-resisted|p1b: Pelipper
|-damage|p1a: Incineroar|0 fnt
|-damage|p1b: Pelipper|51/100
|faint|p1a: Incineroar
|
|-weather|RainDance|[upkeep]
|upkeep
|
|t:|1757017084
|switch|p1a: Archaludon|Archaludon, L50, F|100/100
|turn|2
|
|t:|1757017096
|move|p2b: Primarina|Protect|p2b: Primarina
|-singleturn|p2b: Primarina|Protect
|move|p2a: Murkrow|Tailwind|p2a: Murkrow
|-sidestart|p2: HER3SJOHNNY|move: Tailwind
|move|p1b: Pelipper|Tailwind|p1b: Pelipper
|-sidestart|p1: Mr Donks|move: Tailwind
|move|p1a: Archaludon|Electro Shot||[still]
|-prepare|p1a: Archaludon|Electro Shot
|-boost|p1a: Archaludon|spa|1
|-anim|p1a: Archaludon|Electro Shot|p2a: Murkrow
|-supereffective|p2a: Murkrow
|-damage|p2a: Murkrow|0 fnt
|faint|p2a: Murkrow
|
|-weather|RainDance|[upkeep]
|upkeep
|
|t:|1757017108
|switch|p2a: Serperior|Serperior, L50, M|100/100
|turn|3
|
|t:|1757017115
|move|p2a: Serperior|Grass Pledge|p1a: Archaludon
|-waiting|p2a: Serperior|p2b: Primarina
|move|p2b: Primarina|Water Pledge|p1a: Archaludon|[from] move: Grass Pledge
|-combine
|-resisted|p1a: Archaludon
|-damage|p1a: Archaludon|82/100
|-sidestart|p1: Mr Donks|Grass Pledge
|-ability|p1a: Archaludon|Stamina|boost
|-boost|p1a: Archaludon|def|1
|move|p1b: Pelipper|Hurricane|p2a: Serperior
|-supereffective|p2a: Serperior
|-damage|p2a: Serperior|0 fnt
|faint|p2a: Serperior
|move|p1a: Archaludon|Electro Shot||[still]
|-prepare|p1a: Archaludon|Electro Shot
|-boost|p1a: Archaludon|spa|1
|-anim|p1a: Archaludon|Electro Shot|p2b: Primarina
|-supereffective|p2b: Primarina
|-damage|p2b: Primarina|0 fnt
|faint|p2b: Primarina
|
|-weather|RainDance|[upkeep]
|upkeep
|
|t:|1757017126
|switch|p2b: Gothitelle|Gothitelle, L50, M|100/100
|turn|4
|
|t:|1757017142
|move|p2b: Gothitelle|Fake Out|p1a: Archaludon
|-resisted|p1a: Archaludon
|-damage|p1a: Archaludon|80/100
|-ability|p1a: Archaludon|Stamina|boost
|-boost|p1a: Archaludon|def|1
|move|p1b: Pelipper|Hurricane|p2b: Gothitelle
|-damage|p2b: Gothitelle|68/100
|cant|p1a: Archaludon|flinch
|
|-weather|RainDance|[upkeep]
|-heal|p2b: Gothitelle|74/100|[from] item: Leftovers
|upkeep
|turn|5
|c|â˜†HER3SJOHNNY|gg this team is experimental
|
|t:|1757017163
|move|p2b: Gothitelle|Protect|p2b: Gothitelle
|-singleturn|p2b: Gothitelle|Protect
|move|p1b: Pelipper|Hurricane|p2b: Gothitelle
|-activate|p2b: Gothitelle|move: Protect
|move|p1a: Archaludon|Body Press|p2b: Gothitelle
|-activate|p2b: Gothitelle|move: Protect
|
|-weather|none
|-heal|p2b: Gothitelle|80/100|[from] item: Leftovers
|-sideend|p2: HER3SJOHNNY|move: Tailwind
|-sideend|p1: Mr Donks|move: Tailwind
|upkeep
|turn|6
|inactive|Mr Donks has 30 seconds left.
|
|t:|1757017194
|move|p2b: Gothitelle|Taunt|p1a: Archaludon
|-start|p1a: Archaludon|move: Taunt
|move|p1b: Pelipper|Tailwind|p1b: Pelipper
|-sidestart|p1: Mr Donks|move: Tailwind
|move|p1a: Archaludon|Dragon Pulse|p2b: Gothitelle
|-damage|p2b: Gothitelle|24/100
|
|-heal|p2b: Gothitelle|30/100|[from] item: Leftovers
|-sideend|p1: Mr Donks|Grass Pledge
|upkeep
|turn|7
|c|â˜†Mr Donks|gg
|c|â˜†HER3SJOHNNY|gg
|
|t:|1757017211
|move|p2b: Gothitelle|Protect|p2b: Gothitelle
|-singleturn|p2b: Gothitelle|Protect
|move|p1b: Pelipper|Weather Ball|p2b: Gothitelle
|-activate|p2b: Gothitelle|move: Protect
|move|p1a: Archaludon|Dragon Pulse|p2b: Gothitelle
|-activate|p2b: Gothitelle|move: Protect
|
|-heal|p2b: Gothitelle|37/100|[from] item: Leftovers
|upkeep
|turn|8
|
|t:|1757017222
|move|p2b: Gothitelle|Protect||[still]
|-fail|p2b: Gothitelle
|move|p1b: Pelipper|Weather Ball|p1a: Archaludon
|-resisted|p1a: Archaludon
|-damage|p1a: Archaludon|74/100
|-ability|p1a: Archaludon|Stamina|boost
|-boost|p1a: Archaludon|def|1
|move|p1a: Archaludon|Dragon Pulse|p2b: Gothitelle
|-damage|p2b: Gothitelle|0 fnt
|faint|p2b: Gothitelle
|
|win|Mr Donks
|c|â˜†HER3SJOHNNY|damn
|c|â˜†Mr Donks|why are you prolonging the game?
|c|â˜†HER3SJOHNNY|for funsies, never game over
|c|â˜†HER3SJOHNNY|wanna do one again ?
|c|â˜†Mr Donks|i mean it literally was you had no out i still had an undamaged ursaluna in the back
|c|â˜†Mr Donks|and yeah sure do you have another team?
|c|â˜†HER3SJOHNNY|i do yes
|c|â˜†HER3SJOHNNY|experitmental too, but better sahpe
|c|â˜†HER3SJOHNNY|shape
|c|â˜†Mr Donks|please im trying to practice for the grand challenge this weekend so need as many different teams as i can
|c|â˜†HER3SJOHNNY|ok
|c|â˜†HER3SJOHNNY|ask, i have teams
|c|â˜†Mr Donks|give me 2 seconds
