|j|☆DragonairJordan23
|j|☆aammoo
|html|DragonairJordan23aammoo    
|uhtml|bestof|Game 2 of a best-of-3
|t:|1785134246
|gametype|doubles
|player|p1|DragonairJordan23|dancer|1114
|player|p2|aammoo|unknown|1115
|gen|9
|tier|[Gen 9 Champions] VGC 2026 Reg M-B (Bo3)
|rated|
|rule|Species Clause: Limit one of each Pokémon
|rule|Item Clause: Limit 1 of each item
|clearpoke
|poke|p1|Scovillain, L50, F|
|poke|p1|Grimmsnarl, L50, M|
|poke|p1|Dragapult, L50, F|
|poke|p1|Sneasler, L50, M|
|poke|p1|Metagross, L50|
|poke|p1|Basculegion-F, L50, F|
|poke|p2|Staraptor, L50, M|
|poke|p2|Farigiraf, L50, M|
|poke|p2|Kingambit, L50, F|
|poke|p2|Vanilluxe, L50, M|
|poke|p2|Blastoise, L50, M|
|poke|p2|Camerupt, L50, M|
|teampreview|4
|showteam|p1|Scovillain||Scovillainite|Moody|Overheat,SpicyExtract,RagePowder,Protect|Modest||F|||50|]Grimmsnarl||LightClay|Prankster|FoulPlay,LightScreen,Reflect,PartingShot|Careful||M|||50|]Dragapult||ColburBerry|ClearBody|PhantomForce,DragonDarts,Protect,BatonPass|Jolly||F|||50|]Sneasler||FocusSash|PoisonTouch|FakeOut,DireClaw,CloseCombat,Coaching|Jolly||M|||50|]Metagross||Metagrossite|ClearBody|BulletPunch,RockSlide,PsychicFangs,Protect|Jolly|||||50|]Basculegion-F||ChoiceScarf|Adaptability|MuddyWater,Hex,FlipTurn,LastRespects|Timid||F|||50|
|showteam|p2|Staraptor||ChoiceScarf|Intimidate|FinalGambit,BraveBird,CloseCombat,Uturn|Jolly||M|||50|]Farigiraf||SitrusBerry|ArmorTail|PsychicFangs,HyperVoice,HelpingHand,TrickRoom|Relaxed||M|||50|]Kingambit||LifeOrb|Defiant|KowtowCleave,IronHead,Protect,SuckerPunch|Brave||F|||50|]Vanilluxe||NeverMeltIce|SnowWarning|Blizzard,FreezeDry,Protect,IceShard|Quiet||M|||50|]Blastoise||Blastoisinite|RainDish|FakeOut,WaterSpout,AuraSphere,DarkPulse|Quiet||M|||50|]Camerupt||Cameruptite|SolidRock|HeatWave,EarthPower,Protect,AncientPower|Quiet||M|||50|
|j| derainer
|inactive|Battle timer is ON: inactive players will automatically lose when time's up. (requested by aammoo)
|
|t:|1785134283
|teamsize|p1|4
|teamsize|p2|4
|start
|switch|p1a: Dragapult|Dragapult, L50, F|100/100
|switch|p1b: Sneasler|Sneasler, L50, M|100/100
|switch|p2a: Farigiraf|Farigiraf, L50, M|100/100
|switch|p2b: Blastoise|Blastoise, L50, M|100/100
|turn|1
|
|t:|1785134304
|switch|p1b: Grimmsnarl|Grimmsnarl, L50, M|100/100
|detailschange|p2b: Blastoise|Blastoise-Mega, L50, M
|-mega|p2b: Blastoise|Blastoise|Blastoisinite
|move|p1a: Dragapult|Phantom Force||[still]
|-prepare|p1a: Dragapult|Phantom Force
|move|p2b: Blastoise|Dark Pulse|p1a: Dragapult|[miss]
|-miss|p2b: Blastoise|p1a: Dragapult
|move|p2a: Farigiraf|Trick Room|p2a: Farigiraf
|-fieldstart|move: Trick Room|[of] p2a: Farigiraf
|
|upkeep
|turn|2
|inactive|aammoo has 30 seconds left.
|
|t:|1785134332
|switch|p2a: Kingambit|Kingambit, L50, F|100/100
|move|p1b: Grimmsnarl|Light Screen|p1b: Grimmsnarl
|-sidestart|p1: DragonairJordan23|move: Light Screen
|move|p2b: Blastoise|Water Spout|p1b: Grimmsnarl|[spread] p1b
|-miss|p2b: Blastoise|p1a: Dragapult
|-damage|p1b: Grimmsnarl|63/100
|move|p1a: Dragapult|Phantom Force|p2b: Blastoise|[from] lockedmove
|-damage|p2b: Blastoise|62/100
|
|upkeep
|turn|3
|inactive|aammoo has 30 seconds left.
|
|t:|1785134363
|switch|p1a: Scovillain|Scovillain, L50, F|100/100
|move|p1b: Grimmsnarl|Reflect|p1b: Grimmsnarl
|-sidestart|p1: DragonairJordan23|Reflect
|move|p2a: Kingambit|Kowtow Cleave|p1a: Scovillain
|-damage|p1a: Scovillain|47/100
|-damage|p2a: Kingambit|90/100|[from] item: Life Orb
|move|p2b: Blastoise|Aura Sphere|p1b: Grimmsnarl
|-damage|p1b: Grimmsnarl|37/100
|
|-ability|p1a: Scovillain|Moody|boost
|-boost|p1a: Scovillain|spd|2
|-unboost|p1a: Scovillain|spe|1
|upkeep
|turn|4
|inactive|aammoo has 30 seconds left.
|
|t:|1785134397
|switch|p2a: Vanilluxe|Vanilluxe, L50, M|100/100
|-weather|Snowscape|[from] ability: Snow Warning|[of] p2a: Vanilluxe
|detailschange|p1a: Scovillain|Scovillain-Mega, L50, F
|-mega|p1a: Scovillain|Scovillain|Scovillainite
|move|p1b: Grimmsnarl|Parting Shot|p2b: Blastoise
|-unboost|p2b: Blastoise|atk|1
|-unboost|p2b: Blastoise|spa|1
|
|t:|1785134405
|switch|p1b: Dragapult|Dragapult, L50, F|100/100|[from] Parting Shot
|move|p1a: Scovillain|Overheat|p2a: Vanilluxe|[miss]
|-miss|p1a: Scovillain|p2a: Vanilluxe
|move|p2b: Blastoise|Dark Pulse|p1a: Scovillain
|-crit|p1a: Scovillain
|-damage|p1a: Scovillain|0 fnt
|-status|p2b: Blastoise|brn|[from] ability: Spicy Spray|[of] p1a: Scovillain
|faint|p1a: Scovillain
|
|-weather|Snowscape|[upkeep]
|-damage|p2b: Blastoise|56/100 brn|[from] brn
|upkeep
|
|t:|1785134422
|switch|p1a: Sneasler|Sneasler, L50, M|100/100
|turn|5
|
|t:|1785134428
|switch|p2b: Farigiraf|Farigiraf, L50, M|100/100
|switch|p1a: Grimmsnarl|Grimmsnarl, L50, M|37/100
|move|p1b: Dragapult|Protect|p1b: Dragapult
|-singleturn|p1b: Dragapult|Protect
|move|p2a: Vanilluxe|Blizzard|p1a: Grimmsnarl|[spread] p1a
|-activate|p1b: Dragapult|move: Protect
|-damage|p1a: Grimmsnarl|10/100
|
|-weather|Snowscape|[upkeep]
|-fieldend|move: Trick Room
|upkeep
|turn|6
|inactive|DragonairJordan23 has 30 seconds left.
|
|t:|1785134456
|move|p2a: Vanilluxe|Ice Shard|p1b: Dragapult
|-supereffective|p1b: Dragapult|1
|-damage|p1b: Dragapult|70/100
|move|p1b: Dragapult|Dragon Darts|p2b: Farigiraf
|-damage|p2b: Farigiraf|79/100
|-anim|p1b: Dragapult|Dragon Darts|p2a: Vanilluxe
|-damage|p2a: Vanilluxe|79/100
|move|p1a: Grimmsnarl|Foul Play|p2b: Farigiraf
|-supereffective|p2b: Farigiraf|1
|-crit|p2b: Farigiraf
|-damage|p2b: Farigiraf|4/100
|-enditem|p2b: Farigiraf|Sitrus Berry|[eat]
|-heal|p2b: Farigiraf|29/100|[from] item: Sitrus Berry
|move|p2b: Farigiraf|Trick Room|p2b: Farigiraf
|-fieldstart|move: Trick Room|[of] p2b: Farigiraf
|
|-weather|Snowscape|[upkeep]
|upkeep
|turn|7
|l| derainer
|inactive|DragonairJordan23 has 30 seconds left.
|inactive|aammoo has 30 seconds left.
|
|t:|1785134488
|move|p2b: Farigiraf|Helping Hand|p2a: Vanilluxe
|-singleturn|p2a: Vanilluxe|Helping Hand|[of] p2b: Farigiraf
|move|p1a: Grimmsnarl|Foul Play|p2b: Farigiraf
|-supereffective|p2b: Farigiraf|1
|-damage|p2b: Farigiraf|0 fnt
|faint|p2b: Farigiraf
|move|p2a: Vanilluxe|Blizzard|p1b: Dragapult|[spread] p1a,p1b
|-supereffective|p1b: Dragapult|1
|-damage|p1a: Grimmsnarl|0 fnt
|-damage|p1b: Dragapult|0 fnt
|faint|p1a: Grimmsnarl
|faint|p1b: Dragapult
|
|-weather|Snowscape|[upkeep]
|upkeep
|
|t:|1785134499
|switch|p2b: Blastoise|Blastoise-Mega, L50, M|56/100 brn
|switch|p1b: Sneasler|Sneasler, L50, M|100/100
|turn|8
|-message|DragonairJordan23 forfeited.
|
|win|aammoo
