|j|☆sedrav
|j|‽mirokartdeluxe
|html|sedravmirokartdeluxe    
|uhtml|bestof|Game 2 of a best-of-3
|t:|1757042128
|gametype|doubles
|player|p1|sedrav|hilbert|1197
|player|p2|mirokartdeluxe|hiker-gen4|1162
|gen|9
|tier|[Gen 9] VGC 2025 Reg H (Bo3)
|rated|
|rule|Species Clause: Limit one of each Pokémon
|rule|Item Clause: Limit 1 of each item
|clearpoke
|poke|p1|Garchomp, L50, M|
|poke|p1|Gholdengo, L50|
|poke|p1|Tyranitar, L50, F|
|poke|p1|Amoonguss, L50, M|
|poke|p1|Kilowattrel, L50, M|
|poke|p1|Incineroar, L50, F|
|poke|p2|Sneasler, L50, M|
|poke|p2|Electabuzz, L50, M|
|poke|p2|Volcarona, L50, M|
|poke|p2|Rillaboom, L50, F|
|poke|p2|Incineroar, L50, F|
|poke|p2|Kingambit, L50, M|
|teampreview|4
|showteam|p1|Garchomp||LifeOrb|RoughSkin|DragonClaw,StompingTantrum,Earthquake,Protect|||M|||50|,,,,,Ground]Gholdengo||MetalCoat|GoodasGold|MakeItRain,ShadowBall,NastyPlot,Protect||||||50|,,,,,Flying]Tyranitar||AssaultVest|SandStream|RockSlide,KnockOff,LowKick,TeraBlast|||F|||50|,,,,,Flying]Amoonguss||SitrusBerry|Regenerator|Spore,RagePowder,PollenPuff,Protect|||M|||50|,,,,,Water]Kilowattrel||FocusSash|Competitive|AirSlash,Tailwind,VoltSwitch,Protect|||M|||50|,,,,,Ghost]Incineroar||SafetyGoggles|Intimidate|FakeOut,FlareBlitz,KnockOff,PartingShot|||F|||50|,,,,,Ghost
|showteam|p2|Sneasler||FocusSash|Unburden|CloseCombat,DireClaw,Coaching,FakeOut|||M|||50|,,,,,Stellar]Electabuzz||Eviolite|VitalSpirit|Electroweb,FollowMe,Taunt,Protect|||M|||50|,,,,,Dragon]Volcarona||Leftovers|FlameBody|HeatWave,TeraBlast,QuiverDance,Protect|||M|||50|,,,,,Fairy]Rillaboom||MiracleSeed|GrassySurge|GrassyGlide,HighHorsepower,WoodHammer,FakeOut|||F|||50|,,,,,Water]Incineroar||AssaultVest|Intimidate|FlareBlitz,KnockOff,Uturn,FakeOut|||F|||50|,,,,,Grass]Kingambit||SafetyGoggles|Defiant|KowtowCleave,SuckerPunch,SwordsDance,Protect|||M|||50|,,,,,Ghost
|inactive|Battle timer is ON: inactive players will automatically lose when time's up. (requested by mirokartdeluxe)
|inactive|sedrav has 60 seconds left.
|
|t:|1757042184
|teamsize|p1|4
|teamsize|p2|4
|start
|switch|p1a: Kilowattrel|Kilowattrel, L50, M|100/100
|switch|p1b: Garchomp|Garchomp, L50, M|100/100
|switch|p2a: Sneasler|Sneasler, L50, M|100/100
|switch|p2b: Volcarona|Volcarona, L50, M|100/100
|turn|1
|inactive|sedrav has 30 seconds left.
|
|t:|1757042219
|-terastallize|p1a: Kilowattrel|Ghost
|move|p2a: Sneasler|Fake Out|p1a: Kilowattrel
|-immune|p1a: Kilowattrel
|move|p1a: Kilowattrel|Air Slash|p2b: Volcarona
|-supereffective|p2b: Volcarona
|-damage|p2b: Volcarona|40/100
|move|p1b: Garchomp|Stomping Tantrum|p2b: Volcarona
|-damage|p2b: Volcarona|0 fnt
|faint|p2b: Volcarona
|-damage|p1b: Garchomp|91/100|[from] item: Life Orb
|
|upkeep
|
|t:|1757042228
|switch|p2b: Rillaboom|Rillaboom, L50, F|100/100
|-fieldstart|move: Grassy Terrain|[from] ability: Grassy Surge|[of] p2b: Rillaboom
|turn|2
|inactive|sedrav has 30 seconds left.
|
|t:|1757042254
|switch|p1b: Incineroar|Incineroar, L50, F|100/100
|-ability|p1b: Incineroar|Intimidate|boost
|-unboost|p2a: Sneasler|atk|1
|-unboost|p2b: Rillaboom|atk|1
|-terastallize|p2a: Sneasler|Stellar
|move|p1a: Kilowattrel|Air Slash|p2b: Rillaboom
|-supereffective|p2b: Rillaboom
|-damage|p2b: Rillaboom|31/100
|move|p2a: Sneasler|Dire Claw|p1a: Kilowattrel
|-resisted|p1a: Kilowattrel
|-damage|p1a: Kilowattrel|63/100
|move|p2b: Rillaboom|Wood Hammer|p1b: Incineroar
|-resisted|p1b: Incineroar
|-damage|p1b: Incineroar|72/100
|-damage|p2b: Rillaboom|21/100|[from] Recoil
|
|-heal|p1a: Kilowattrel|69/100|[from] Grassy Terrain
|-heal|p2b: Rillaboom|27/100|[from] Grassy Terrain
|-heal|p1b: Incineroar|78/100|[from] Grassy Terrain
|upkeep
|turn|3
|inactive|sedrav has 30 seconds left.
|
|t:|1757042282
|switch|p2a: Incineroar|Incineroar, L50, F|100/100
|-ability|p2a: Incineroar|Intimidate|boost
|-unboost|p1a: Kilowattrel|atk|1
|-ability|p1a: Kilowattrel|Competitive|boost
|-boost|p1a: Kilowattrel|spa|2
|-unboost|p1b: Incineroar|atk|1
|move|p1b: Incineroar|Fake Out|p2a: Incineroar
|-damage|p2a: Incineroar|93/100
|move|p2b: Rillaboom|Grassy Glide|p1a: Kilowattrel
|-crit|p1a: Kilowattrel
|-damage|p1a: Kilowattrel|0 fnt
|faint|p1a: Kilowattrel
|
|-heal|p2b: Rillaboom|33/100|[from] Grassy Terrain
|-heal|p1b: Incineroar|84/100|[from] Grassy Terrain
|-heal|p2a: Incineroar|99/100|[from] Grassy Terrain
|upkeep
|
|t:|1757042300
|switch|p1a: Garchomp|Garchomp, L50, M|91/100
|turn|4
|j| redshoes7
|
|t:|1757042317
|switch|p1b: Tyranitar|Tyranitar, L50, F|100/100
|-weather|Sandstorm|[from] ability: Sand Stream|[of] p1b: Tyranitar
|move|p1a: Garchomp|Protect|p1a: Garchomp
|-singleturn|p1a: Garchomp|Protect
|move|p2a: Incineroar|Fake Out|p1a: Garchomp
|-activate|p1a: Garchomp|move: Protect
|move|p2b: Rillaboom|High Horsepower|p1b: Tyranitar
|-supereffective|p1b: Tyranitar
|-damage|p1b: Tyranitar|61/100
|
|-weather|Sandstorm|[upkeep]
|-damage|p2b: Rillaboom|27/100|[from] Sandstorm
|-damage|p2a: Incineroar|93/100|[from] Sandstorm
|-heal|p1a: Garchomp|97/100|[from] Grassy Terrain
|-heal|p2b: Rillaboom|33/100|[from] Grassy Terrain
|-heal|p1b: Tyranitar|67/100|[from] Grassy Terrain
|-heal|p2a: Incineroar|99/100|[from] Grassy Terrain
|upkeep
|turn|5
|
|t:|1757042342
|switch|p1b: Incineroar|Incineroar, L50, F|84/100
|-ability|p1b: Incineroar|Intimidate|boost
|-unboost|p2a: Incineroar|atk|1
|-unboost|p2b: Rillaboom|atk|1
|move|p1a: Garchomp|Dragon Claw|p2b: Rillaboom
|-crit|p2b: Rillaboom
|-damage|p2b: Rillaboom|0 fnt
|faint|p2b: Rillaboom
|-damage|p1a: Garchomp|87/100|[from] item: Life Orb
|move|p2a: Incineroar|Knock Off|p1a: Garchomp
|-damage|p1a: Garchomp|54/100
|-damage|p2a: Incineroar|87/100|[from] ability: Rough Skin|[of] p1a: Garchomp
|-enditem|p1a: Garchomp|Life Orb|[from] move: Knock Off|[of] p2a: Incineroar
|
|-weather|Sandstorm|[upkeep]
|-damage|p2a: Incineroar|81/100|[from] Sandstorm
|-heal|p1a: Garchomp|60/100|[from] Grassy Terrain
|-heal|p1b: Incineroar|90/100|[from] Grassy Terrain
|-heal|p2a: Incineroar|87/100|[from] Grassy Terrain
|upkeep
|
|t:|1757042344
|switch|p2b: Sneasler|Sneasler, L50, M, tera:Stellar|100/100
|turn|6
|l| redshoes7
|inactive|sedrav has 30 seconds left.
|
|t:|1757042375
|switch|p1b: Tyranitar|Tyranitar, L50, F|67/100
|move|p1a: Garchomp|Protect|p1a: Garchomp
|-singleturn|p1a: Garchomp|Protect
|move|p2b: Sneasler|Fake Out|p1b: Tyranitar
|-resisted|p1b: Tyranitar
|-damage|p1b: Tyranitar|60/100
|move|p2a: Incineroar|Knock Off|p1a: Garchomp
|-activate|p1a: Garchomp|move: Protect
|
|-weather|Sandstorm|[upkeep]
|-damage|p2b: Sneasler|95/100|[from] Sandstorm
|-damage|p2a: Incineroar|81/100|[from] Sandstorm
|-heal|p2b: Sneasler|100/100|[from] Grassy Terrain
|-heal|p1a: Garchomp|66/100|[from] Grassy Terrain
|-heal|p1b: Tyranitar|66/100|[from] Grassy Terrain
|-heal|p2a: Incineroar|87/100|[from] Grassy Terrain
|-fieldend|move: Grassy Terrain
|upkeep
|turn|7
|inactive|sedrav has 30 seconds left.
|inactive|mirokartdeluxe has 30 seconds left.
|
|t:|1757042403
|move|p2b: Sneasler|Close Combat|p1b: Tyranitar
|-supereffective|p1b: Tyranitar
|-damage|p1b: Tyranitar|0 fnt
|-unboost|p2b: Sneasler|def|1
|-unboost|p2b: Sneasler|spd|1
|faint|p1b: Tyranitar
|move|p1a: Garchomp|Earthquake|p2a: Incineroar|[spread] p2a,p2b
|-supereffective|p2a: Incineroar
|-crit|p2a: Incineroar
|-supereffective|p2b: Sneasler
|-damage|p2a: Incineroar|0 fnt
|-enditem|p2b: Sneasler|Focus Sash
|-damage|p2b: Sneasler|1/100
|faint|p2a: Incineroar
|
|-weather|Sandstorm|[upkeep]
|-damage|p2b: Sneasler|0 fnt|[from] Sandstorm
|faint|p2b: Sneasler
|
|win|sedrav
|raw|sedrav's rating: 1197 → 1219(+22 for winning)
|raw|mirokartdeluxe's rating: 1162 → 1140(-22 for losing)
