|j|☆chamoy-pt2
|j|☆CretaceousDraconid
|html|chamoy-pt2CretaceousDraconid    
|uhtml|bestof|Game 2 of a best-of-3
|t:|1757832917
|gametype|doubles
|player|p1|chamoy-pt2|karen|1105
|player|p2|CretaceousDraconid|zinnia-masters|1216
|gen|9
|tier|[Gen 9] VGC 2025 Reg H (Bo3)
|rated|
|rule|Species Clause: Limit one of each Pokémon
|rule|Item Clause: Limit 1 of each item
|clearpoke
|poke|p1|Incineroar, L50, M|
|poke|p1|Rillaboom, L50, F|
|poke|p1|Gholdengo, L50|
|poke|p1|Sylveon, L50, M|
|poke|p1|Sneasler, L50, M|
|poke|p1|Grimmsnarl, L50, M|
|poke|p2|Whimsicott, L50, M|
|poke|p2|Incineroar, L50, F|
|poke|p2|Salamence, L50, F|
|poke|p2|Garchomp, L50, M|
|poke|p2|Sneasler, L50, F|
|poke|p2|Ninetales-Alola, L50, F|
|teampreview|4
|showteam|p1|Incineroar||SafetyGoggles|Intimidate|FakeOut,PartingShot,FlareBlitz,KnockOff|||M|||50|,,,,,Ghost]Rillaboom||MiracleSeed|GrassySurge|WoodHammer,GrassyGlide,FakeOut,Uturn|||F|||50|,,,,,Fire]Gholdengo||GrassySeed|GoodasGold|NastyPlot,MakeItRain,ShadowBall,Protect||||||50|,,,,,Water]Sylveon||ChoiceSpecs|Pixilate|HyperVoice,TeraBlast,HyperBeam,Psychic|||M|||50|,,,,,Fire]Sneasler||WhiteHerb|Unburden|CloseCombat,DireClaw,ThroatChop,Protect|||M|||50|,,,,,Dark]Grimmsnarl||LightClay|Prankster|Reflect,LightScreen,ThunderWave,SpiritBreak|||M|||50|,,,,,Ghost
|showteam|p2|Whimsicott||CovertCloak|Prankster|Tailwind,Moonblast,Encore,Taunt|||M|||50|,,,,,Water]Incineroar||SafetyGoggles|Intimidate|FakeOut,Taunt,PartingShot,KnockOff|||F|||50|,,,,,Ghost]Salamence||ChoiceSpecs|Intimidate|Hurricane,HeatWave,DracoMeteor,HydroPump|||F|||50|,,,,,Fire]Garchomp||LoadedDice|RoughSkin|StompingTantrum,Earthquake,ScaleShot,Protect|||M|||50|,,,,,Ghost]Sneasler||FocusSash|PoisonTouch|DireClaw,CloseCombat,Coaching,Protect|||F|||50|,,,,,Fairy]Ninetales-Alola||NeverMeltIce|SnowWarning|FreezeDry,Blizzard,AuroraVeil,Protect|||F|||50|,,,,,Ghost
|
|t:|1757832979
|teamsize|p1|4
|teamsize|p2|4
|start
|switch|p1a: Incineroar|Incineroar, L50, M|100/100
|switch|p1b: Sylveon|Sylveon, L50, M|100/100
|switch|p2a: Garchomp|Garchomp, L50, M|100/100
|switch|p2b: TheFuckYouGuy|Sneasler, L50, F|100/100
|-ability|p1a: Incineroar|Intimidate|boost
|-unboost|p2a: Garchomp|atk|1
|-unboost|p2b: TheFuckYouGuy|atk|1
|turn|1
|
|t:|1757832995
|move|p2b: TheFuckYouGuy|Protect|p2b: TheFuckYouGuy
|-singleturn|p2b: TheFuckYouGuy|Protect
|move|p2a: Garchomp|Protect|p2a: Garchomp
|-singleturn|p2a: Garchomp|Protect
|move|p1a: Incineroar|Fake Out|p2b: TheFuckYouGuy
|-activate|p2b: TheFuckYouGuy|move: Protect
|move|p1b: Sylveon|Hyper Voice|p2a: Garchomp|[spread] 
|-activate|p2a: Garchomp|move: Protect
|-activate|p2b: TheFuckYouGuy|move: Protect
|
|upkeep
|turn|2
|
|t:|1757833017
|switch|p1b: Gholdengo|Gholdengo, L50|100/100
|move|p2b: TheFuckYouGuy|Dire Claw|p1b: Gholdengo
|-immune|p1b: Gholdengo
|move|p2a: Garchomp|Stomping Tantrum|p1b: Gholdengo
|-supereffective|p1b: Gholdengo
|-damage|p1b: Gholdengo|51/100
|move|p1a: Incineroar|Knock Off|p2a: Garchomp
|-damage|p2a: Garchomp|59/100
|-damage|p1a: Incineroar|88/100|[from] ability: Rough Skin|[of] p2a: Garchomp
|-enditem|p2a: Garchomp|Loaded Dice|[from] move: Knock Off|[of] p1a: Incineroar
|
|upkeep
|turn|3
|
|t:|1757833032
|switch|p2b: Salamence|Salamence, L50, F|100/100
|-ability|p2b: Salamence|Intimidate|boost
|-unboost|p1a: Incineroar|atk|1
|-unboost|p1b: Gholdengo|atk|1
|move|p1b: Gholdengo|Protect|p1b: Gholdengo
|-singleturn|p1b: Gholdengo|Protect
|move|p2a: Garchomp|Earthquake|p1b: Gholdengo|[spread] p1a
|-activate|p1b: Gholdengo|move: Protect
|-immune|p2b: Salamence
|-supereffective|p1a: Incineroar
|-damage|p1a: Incineroar|46/100
|move|p1a: Incineroar|Parting Shot|p2a: Garchomp
|-unboost|p2a: Garchomp|atk|1
|-unboost|p2a: Garchomp|spa|1
|
|t:|1757833043
|switch|p1a: Rillaboom|Rillaboom, L50, F|100/100|[from] Parting Shot
|-fieldstart|move: Grassy Terrain|[from] ability: Grassy Surge|[of] p1a: Rillaboom
|-enditem|p1b: Gholdengo|Grassy Seed
|-boost|p1b: Gholdengo|def|1|[from] item: Grassy Seed
|
|-heal|p2a: Garchomp|65/100|[from] Grassy Terrain
|-heal|p1b: Gholdengo|57/100|[from] Grassy Terrain
|upkeep
|turn|4
|
|t:|1757833054
|switch|p2a: Incineroar|Incineroar, L50, F|100/100
|-ability|p2a: Incineroar|Intimidate|boost
|-unboost|p1a: Rillaboom|atk|1
|-unboost|p1b: Gholdengo|atk|1
|-terastallize|p2b: Salamence|Fire
|-terastallize|p1b: Gholdengo|Water
|move|p1a: Rillaboom|Fake Out|p2b: Salamence
|-damage|p2b: Salamence|88/100
|cant|p2b: Salamence|flinch
|move|p1b: Gholdengo|Nasty Plot|p1b: Gholdengo
|-boost|p1b: Gholdengo|spa|2
|
|-heal|p2b: Salamence|94/100|[from] Grassy Terrain
|-heal|p1b: Gholdengo|63/100|[from] Grassy Terrain
|upkeep
|turn|5
|
|t:|1757833074
|switch|p1a: Incineroar|Incineroar, L50, M|46/100
|-ability|p1a: Incineroar|Intimidate|boost
|-unboost|p2a: Incineroar|atk|1
|-unboost|p2b: Salamence|atk|1
|move|p1b: Gholdengo|Protect|p1b: Gholdengo
|-singleturn|p1b: Gholdengo|Protect
|move|p2b: Salamence|Heat Wave|p1a: Incineroar|[spread] p1a
|-activate|p1b: Gholdengo|move: Protect
|-resisted|p1a: Incineroar
|-damage|p1a: Incineroar|24/100
|move|p2a: Incineroar|Taunt|p1a: Incineroar
|-start|p1a: Incineroar|move: Taunt
|
|-heal|p2b: Salamence|99/100|[from] Grassy Terrain
|-heal|p1b: Gholdengo|69/100|[from] Grassy Terrain
|-heal|p1a: Incineroar|30/100|[from] Grassy Terrain
|upkeep
|turn|6
|
|t:|1757833098
|switch|p2b: Garchomp|Garchomp, L50, M|65/100
|move|p1a: Incineroar|Fake Out|p2b: Garchomp
|-damage|p2b: Garchomp|54/100
|-damage|p1a: Incineroar|18/100|[from] ability: Rough Skin|[of] p2b: Garchomp
|move|p2a: Incineroar|Knock Off|p1b: Gholdengo
|-damage|p1b: Gholdengo|57/100
|move|p1b: Gholdengo|Shadow Ball|p2b: Garchomp
|-damage|p2b: Garchomp|0 fnt
|faint|p2b: Garchomp
|
|-heal|p1b: Gholdengo|63/100|[from] Grassy Terrain
|-heal|p1a: Incineroar|24/100|[from] Grassy Terrain
|upkeep
|
|t:|1757833120
|switch|p2b: Salamence|Salamence, L50, F, tera:Fire|99/100
|-ability|p2b: Salamence|Intimidate|boost
|-unboost|p1a: Incineroar|atk|1
|-unboost|p1b: Gholdengo|atk|1
|turn|7
|
|t:|1757833129
|move|p1b: Gholdengo|Protect|p1b: Gholdengo
|-singleturn|p1b: Gholdengo|Protect
|move|p2b: Salamence|Hurricane|p1b: Gholdengo
|-activate|p1b: Gholdengo|move: Protect
|move|p2a: Incineroar|Knock Off|p1a: Incineroar
|-resisted|p1a: Incineroar
|-damage|p1a: Incineroar|14/100
|-enditem|p1a: Incineroar|Safety Goggles|[from] move: Knock Off|[of] p2a: Incineroar
|move|p1a: Incineroar|Knock Off|p2b: Salamence
|-damage|p2b: Salamence|68/100
|-enditem|p2b: Salamence|Choice Specs|[from] move: Knock Off|[of] p1a: Incineroar
|
|-heal|p2b: Salamence|74/100|[from] Grassy Terrain
|-heal|p1b: Gholdengo|69/100|[from] Grassy Terrain
|-heal|p1a: Incineroar|20/100|[from] Grassy Terrain
|-end|p1a: Incineroar|move: Taunt
|-fieldend|move: Grassy Terrain
|upkeep
|turn|8
|
|t:|1757833166
|move|p2b: Salamence|Draco Meteor|p1b: Gholdengo
|-damage|p1b: Gholdengo|6/100
|-unboost|p2b: Salamence|spa|2
|move|p2a: Incineroar|Knock Off|p1b: Gholdengo
|-damage|p1b: Gholdengo|0 fnt
|faint|p1b: Gholdengo
|move|p1a: Incineroar|Parting Shot|p2b: Salamence
|-unboost|p2b: Salamence|atk|1
|-unboost|p2b: Salamence|spa|1
|
|t:|1757833175
|switch|p1a: Sylveon|Sylveon, L50, M|100/100|[from] Parting Shot
|
|upkeep
|
|t:|1757833179
|switch|p1b: Incineroar|Incineroar, L50, M|20/100
|-ability|p1b: Incineroar|Intimidate|boost
|-unboost|p2a: Incineroar|atk|1
|-unboost|p2b: Salamence|atk|1
|turn|9
|
|t:|1757833202
|switch|p1b: Rillaboom|Rillaboom, L50, F|100/100
|-fieldstart|move: Grassy Terrain|[from] ability: Grassy Surge|[of] p1b: Rillaboom
|move|p2b: Salamence|Hurricane|p1b: Rillaboom
|-supereffective|p1b: Rillaboom
|-damage|p1b: Rillaboom|51/100
|move|p2a: Incineroar|Knock Off|p1a: Sylveon
|-resisted|p1a: Sylveon
|-damage|p1a: Sylveon|90/100
|-enditem|p1a: Sylveon|Choice Specs|[from] move: Knock Off|[of] p2a: Incineroar
|move|p1a: Sylveon|Hyper Voice|p2b: Salamence|[spread] p2a,p2b
|-resisted|p2b: Salamence
|-crit|p2b: Salamence
|-damage|p2a: Incineroar|60/100
|-damage|p2b: Salamence|40/100
|
|-heal|p2b: Salamence|46/100|[from] Grassy Terrain
|-heal|p2a: Incineroar|66/100|[from] Grassy Terrain
|-heal|p1b: Rillaboom|57/100|[from] Grassy Terrain
|-heal|p1a: Sylveon|96/100|[from] Grassy Terrain
|upkeep
|turn|10
|
|t:|1757833233
|switch|p2b: TheFuckYouGuy|Sneasler, L50, F|100/100
|move|p1b: Rillaboom|Fake Out|p2a: Incineroar
|-damage|p2a: Incineroar|52/100
|cant|p2a: Incineroar|flinch
|move|p1a: Sylveon|Hyper Voice|p2a: Incineroar|[spread] p2a,p2b
|-damage|p2a: Incineroar|16/100
|-damage|p2b: TheFuckYouGuy|48/100
|
|-heal|p2b: TheFuckYouGuy|54/100|[from] Grassy Terrain
|-heal|p2a: Incineroar|22/100|[from] Grassy Terrain
|-heal|p1b: Rillaboom|63/100|[from] Grassy Terrain
|-heal|p1a: Sylveon|100/100|[from] Grassy Terrain
|upkeep
|turn|11
|
|t:|1757833303
|switch|p1a: Incineroar|Incineroar, L50, M|20/100
|-ability|p1a: Incineroar|Intimidate|boost
|-unboost|p2a: Incineroar|atk|1
|-unboost|p2b: TheFuckYouGuy|atk|1
|move|p2b: TheFuckYouGuy|Protect|p2b: TheFuckYouGuy
|-singleturn|p2b: TheFuckYouGuy|Protect
|move|p2a: Incineroar|Parting Shot|p1b: Rillaboom
|-unboost|p1b: Rillaboom|atk|1
|-unboost|p1b: Rillaboom|spa|1
|
|t:|1757833313
|switch|p2a: Salamence|Salamence, L50, F, tera:Fire|46/100|[from] Parting Shot
|-ability|p2a: Salamence|Intimidate|boost
|-unboost|p1a: Incineroar|atk|1
|-unboost|p1b: Rillaboom|atk|1
|move|p1b: Rillaboom|Wood Hammer|p2b: TheFuckYouGuy
|-activate|p2b: TheFuckYouGuy|move: Protect
|
|-heal|p2b: TheFuckYouGuy|60/100|[from] Grassy Terrain
|-heal|p2a: Salamence|52/100|[from] Grassy Terrain
|-heal|p1b: Rillaboom|69/100|[from] Grassy Terrain
|-heal|p1a: Incineroar|26/100|[from] Grassy Terrain
|upkeep
|turn|12
|
|t:|1757833331
|switch|p2b: Incineroar|Incineroar, L50, F|22/100
|-ability|p2b: Incineroar|Intimidate|boost
|-unboost|p1a: Incineroar|atk|1
|-unboost|p1b: Rillaboom|atk|1
|move|p1a: Incineroar|Fake Out|p2b: Incineroar
|-damage|p2b: Incineroar|17/100
|move|p1b: Rillaboom|Grassy Glide|p2b: Incineroar
|-resisted|p2b: Incineroar
|-damage|p2b: Incineroar|7/100
|move|p2a: Salamence|Heat Wave|p1a: Incineroar|[spread] p1a,p1b
|-resisted|p1a: Incineroar
|-supereffective|p1b: Rillaboom
|-damage|p1a: Incineroar|12/100
|-damage|p1b: Rillaboom|0 fnt
|faint|p1b: Rillaboom
|
|-heal|p2a: Salamence|58/100|[from] Grassy Terrain
|-heal|p2b: Incineroar|13/100|[from] Grassy Terrain
|-heal|p1a: Incineroar|18/100|[from] Grassy Terrain
|upkeep
|
|t:|1757833334
|switch|p1b: Sylveon|Sylveon, L50, M|100/100
|turn|13
|
|t:|1757833349
|move|p2a: Salamence|Heat Wave|p1a: Incineroar|[spread] p1a,p1b
|-resisted|p1a: Incineroar
|-damage|p1a: Incineroar|2/100
|-damage|p1b: Sylveon|74/100
|move|p2b: Incineroar|Knock Off|p1b: Sylveon
|-resisted|p1b: Sylveon
|-damage|p1b: Sylveon|59/100
|move|p1b: Sylveon|Hyper Voice|p2b: Incineroar|[spread] p2a,p2b
|-resisted|p2a: Salamence
|-damage|p2a: Salamence|35/100
|-damage|p2b: Incineroar|0 fnt
|faint|p2b: Incineroar
|move|p1a: Incineroar|Knock Off|p2a: Salamence
|-damage|p2a: Salamence|19/100
|
|-heal|p2a: Salamence|25/100|[from] Grassy Terrain
|-heal|p1b: Sylveon|65/100|[from] Grassy Terrain
|-heal|p1a: Incineroar|8/100|[from] Grassy Terrain
|-fieldend|move: Grassy Terrain
|upkeep
|
|t:|1757833353
|switch|p2b: TheFuckYouGuy|Sneasler, L50, F|60/100
|turn|14
|
|t:|1757833369
|move|p2b: TheFuckYouGuy|Dire Claw|p1b: Sylveon
|-supereffective|p1b: Sylveon
|-crit|p1b: Sylveon
|-damage|p1b: Sylveon|0 fnt
|faint|p1b: Sylveon
|move|p2a: Salamence|Heat Wave|p1a: Incineroar
|-resisted|p1a: Incineroar
|-damage|p1a: Incineroar|0 fnt
|faint|p1a: Incineroar
|
|win|CretaceousDraconid
||CretaceousDraconid is ready for game 3.
||chamoy-pt2 is ready for game 3.
|uhtml|next|Next: Game 3 of 3
