|j|☆slopmachine
|j|☆gmars69
|html|slopmachinegmars69    
|uhtml|bestof|Game 1 of a best-of-3
|t:|1785750961
|gametype|doubles
|player|p1|slopmachine|medium|1192
|player|p2|gmars69|266|1075
|gen|9
|tier|[Gen 9 Champions] VGC 2026 Reg M-B (Bo3)
|rated|
|rule|Species Clause: Limit one of each Pokémon
|rule|Item Clause: Limit 1 of each item
|clearpoke
|poke|p1|Floette-Eternal, L50, F|
|poke|p1|Whimsicott, L50, F|
|poke|p1|Charizard, L50, M|
|poke|p1|Basculegion, L50, M|
|poke|p1|Garchomp, L50, F|
|poke|p1|Incineroar, L50, M|
|poke|p2|Camerupt, L50, F|
|poke|p2|Torkoal, L50, M|
|poke|p2|Cofagrigus, L50, F|
|poke|p2|Farigiraf, L50, F|
|poke|p2|Crabominable, L50, M|
|poke|p2|Aurorus, L50, F|
|teampreview|4
|showteam|p1|Floette-Eternal||Floettite|FlowerVeil|Protect,DazzlingGleam,DrainingKiss,CalmMind|Modest||F|||50|]Whimsicott||FocusSash|Prankster|Protect,Moonblast,Tailwind,Encore|Timid||F|||50|]Charizard||CharizarditeY|Blaze|Protect,WeatherBall,SolarBeam,HeatWave|Modest||M|||50|]Basculegion||ChoiceScarf|Adaptability|FlipTurn,WaveCrash,LastRespects,AquaJet|Jolly||M|||50|]Garchomp||LifeOrb|RoughSkin|Protect,Earthquake,DragonClaw,RockSlide|Jolly||F|||50|]Incineroar||SitrusBerry|Intimidate|FlareBlitz,ThroatChop,FakeOut,PartingShot|Careful||M|||50|
|showteam|p2|Camerupt||Cameruptite|SolidRock|Protect,HeatWave,EarthPower,AncientPower|Quiet||F|||50|]Torkoal||Charcoal|Drought|Protect,Eruption,HeatWave,SolarBeam|Quiet||M|||50|]Cofagrigus||Leftovers|Mummy|Protect,TrickRoom,WillOWisp,Hex|Relaxed||F|||50|]Farigiraf||SitrusBerry|ArmorTail|Protect,TrickRoom,Thunderbolt,LightScreen|Sassy||F|||50|]Crabominable||Crabominite|HyperCutter|Protect,DrainPunch,IceHammer,RockSlide|Brave||M|||50|]Aurorus||LifeOrb|SnowWarning|Protect,Blizzard,AncientPower,AuroraVeil|Quiet||F|||50|
|
|t:|1785751049
|teamsize|p1|4
|teamsize|p2|4
|start
|switch|p1a: Floette|Floette-Eternal, L50, F|100/100
|switch|p1b: Incineroar|Incineroar, L50, M|100/100
|switch|p2a: Aurorus|Aurorus, L50, F|100/100
|switch|p2b: Cofagrigus|Cofagrigus, L50, F|100/100
|-ability|p1b: Incineroar|Intimidate|boost
|-unboost|p2a: Aurorus|atk|1
|-unboost|p2b: Cofagrigus|atk|1
|-weather|Snowscape|[from] ability: Snow Warning|[of] p2a: Aurorus
|turn|1
|inactive|Battle timer is ON: inactive players will automatically lose when time's up. (requested by gmars69)
|
|t:|1785751077
|detailschange|p1a: Floette|Floette-Mega, L50, F
|-mega|p1a: Floette|Floette|Floettite
|-ability|p1a: Floette|Fairy Aura
|move|p1a: Floette|Calm Mind|p1a: Floette
|-boost|p1a: Floette|spa|1
|-boost|p1a: Floette|spd|1
|move|p1b: Incineroar|Parting Shot|p2a: Aurorus
|-unboost|p2a: Aurorus|atk|1
|-unboost|p2a: Aurorus|spa|1
|
|t:|1785751086
|switch|p1b: Basculegion|Basculegion, L50, M|100/100|[from] Parting Shot
|move|p2a: Aurorus|Aurora Veil|p2a: Aurorus
|-sidestart|p2: gmars69|move: Aurora Veil
|move|p2b: Cofagrigus|Trick Room|p2b: Cofagrigus
|-fieldstart|move: Trick Room|[of] p2b: Cofagrigus
|
|-weather|Snowscape|[upkeep]
|upkeep
|turn|2
|
|t:|1785751101
|switch|p2a: Camerupt|Camerupt, L50, F|100/100
|switch|p1b: Incineroar|Incineroar, L50, M|100/100
|-ability|p1b: Incineroar|Intimidate|boost
|-unboost|p2a: Camerupt|atk|1
|-unboost|p2b: Cofagrigus|atk|1
|move|p2b: Cofagrigus|Will-O-Wisp|p1b: Incineroar
|-immune|p1b: Incineroar
|move|p1a: Floette|Calm Mind|p1a: Floette
|-boost|p1a: Floette|spa|1
|-boost|p1a: Floette|spd|1
|
|-weather|Snowscape|[upkeep]
|upkeep
|turn|3
|inactive|slopmachine has 30 seconds left.
|inactive|slopmachine has 20 seconds left.
|
|t:|1785751137
|detailschange|p2a: Camerupt|Camerupt-Mega, L50, F
|-mega|p2a: Camerupt|Camerupt|Cameruptite
|move|p1b: Incineroar|Fake Out|p2a: Camerupt
|-damage|p2a: Camerupt|91/100
|cant|p2a: Camerupt|flinch
|move|p2b: Cofagrigus|Will-O-Wisp|p1a: Floette
|-status|p1a: Floette|brn
|move|p1a: Floette|Dazzling Gleam|p2a: Camerupt|[spread] p2a,p2b
|-resisted|p2a: Camerupt|1
|-damage|p2a: Camerupt|61/100
|-damage|p2b: Cofagrigus|36/100
|
|-weather|Snowscape|[upkeep]
|-heal|p2b: Cofagrigus|43/100|[from] item: Leftovers
|-damage|p1a: Floette|93/100 brn|[from] brn
|upkeep
|turn|4
|inactive|slopmachine has 30 seconds left.
|inactive|gmars69 has 30 seconds left.
|inactive|slopmachine has 20 seconds left.
|inactive|slopmachine has 15 seconds left.
|
|t:|1785751181
|move|p1a: Floette|Protect|p1a: Floette
|-singleturn|p1a: Floette|Protect
|move|p2a: Camerupt|Earth Power|p1b: Incineroar
|-supereffective|p1b: Incineroar|1
|-damage|p1b: Incineroar|0 fnt
|faint|p1b: Incineroar
|move|p2b: Cofagrigus|Hex|p1a: Floette
|-activate|p1a: Floette|move: Protect
|
|-weather|Snowscape|[upkeep]
|-heal|p2b: Cofagrigus|49/100|[from] item: Leftovers
|-damage|p1a: Floette|87/100 brn|[from] brn
|upkeep
|
|t:|1785751198
|switch|p1b: Garchomp|Garchomp, L50, F|100/100
|turn|5
|inactive|gmars69 has 30 seconds left.
|
|t:|1785751233
|move|p1b: Garchomp|Protect|p1b: Garchomp
|-singleturn|p1b: Garchomp|Protect
|move|p2a: Camerupt|Earth Power|p1a: Floette
|-damage|p1a: Floette|59/100 brn
|move|p2b: Cofagrigus|Will-O-Wisp|p1b: Garchomp
|-activate|p1b: Garchomp|move: Protect
|move|p1a: Floette|Dazzling Gleam|p2b: Cofagrigus|[spread] p2a,p2b
|-resisted|p2a: Camerupt|1
|-damage|p2a: Camerupt|29/100
|-damage|p2b: Cofagrigus|0 fnt
|faint|p2b: Cofagrigus
|
|-weather|none
|-damage|p1a: Floette|53/100 brn|[from] brn
|-sideend|p2: gmars69|move: Aurora Veil
|-fieldend|move: Trick Room
|upkeep
|-message|gmars69 forfeited.
|raw|slopmachine's rating: 1192 → 1209(+17 for winning)
|raw|gmars69's rating: 1075 → 1061(-14 for losing)
|
|win|slopmachine
|l|☆gmars69
|player|p2|
