|j|☆n0l0ngeravailable
|j|☆tfader
|html|n0l0ngeravailabletfader    
|uhtml|bestof|Game 1 of a best-of-3
|t:|1782636672
|gametype|doubles
|player|p1|n0l0ngeravailable|102|1057
|player|p2|tfader|barry|1024
|gen|9
|tier|[Gen 9 Champions] VGC 2026 Reg M-B (Bo3)
|rated|
|rule|Species Clause: Limit one of each Pokémon
|rule|Item Clause: Limit 1 of each item
|clearpoke
|poke|p1|Ceruledge, L50, F|
|poke|p1|Ninetales, L50, F|
|poke|p1|Rotom-Heat, L50|
|poke|p1|Arcanine-Hisui, L50, M|
|poke|p1|Delphox, L50, F|
|poke|p1|Camerupt, L50, F|
|poke|p2|Staraptor, L50, M|
|poke|p2|Barbaracle, L50, F|
|poke|p2|Whimsicott, L50, M|
|poke|p2|Incineroar, L50, F|
|poke|p2|Grimmsnarl, L50, M|
|poke|p2|Aegislash, L50, F|
|teampreview|4
|showteam|p1|Ceruledge||Charcoal|FlashFire|BitterBlade,Substitute,FlameCharge,SwordsDance|Adamant||F|||50|]Ninetales||FocusSash|FlashFire|BatonPass,Agility,Substitute,FlareBlitz|Jolly||F|||50|]Rotom-Heat||Magnet|Levitate|Thunderbolt,VoltSwitch,Discharge,LightScreen|Timid|||||50|]Arcanine-Hisui||MuscleBand|Intimidate|Substitute,WildCharge,CloseCombat,FlareBlitz|Jolly||M|||50|]Delphox||Delphoxite|Blaze|Substitute,Flamethrower,Wish,LightScreen|Modest||F|||50|]Camerupt||Leftovers|SolidRock|Earthquake,Protect,Yawn,AncientPower|Relaxed||F|||50|
|showteam|p2|Staraptor||Staraptite|Intimidate|CloseCombat,BraveBird,Protect,Roost|Adamant||M|||50|]Barbaracle||Barbaracite|ToughClaws|CloseCombat,RockSlide,Protect,PoisonJab|Jolly||F|||50|]Whimsicott||FocusSash|Prankster|DazzlingGleam,Tailwind,Encore,Charm|Timid||M|||50|]Incineroar||SitrusBerry|Intimidate|FakeOut,FlareBlitz,PartingShot,Snarl|Sassy||F|||50|]Grimmsnarl||LightClay|Prankster|LightScreen,Reflect,SpiritBreak,FakeOut|Impish||M|||50|]Aegislash||LifeOrb|StanceChange|Poltergeist,IronHead,KingsShield,WideGuard|Jolly||F|||50|
|
|t:|1782636682
|teamsize|p1|4
|teamsize|p2|4
|start
|switch|p1a: Ninetales|Ninetales, L50, F|100/100
|switch|p1b: Arcanine|Arcanine-Hisui, L50, M|100/100
|switch|p2a: Whimsicott|Whimsicott, L50, M|100/100
|switch|p2b: Staraptor|Staraptor, L50, M|100/100
|-ability|p1b: Arcanine|Intimidate|boost
|-unboost|p2a: Whimsicott|atk|1
|-unboost|p2b: Staraptor|atk|1
|-ability|p2b: Staraptor|Intimidate|boost
|-unboost|p1a: Ninetales|atk|1
|-unboost|p1b: Arcanine|atk|1
|turn|1
|
|t:|1782636702
|detailschange|p2b: Staraptor|Staraptor-Mega, L50, M
|-mega|p2b: Staraptor|Staraptor|Staraptite
|move|p2a: Whimsicott|Charm|p2b: Staraptor
|-boost|p2b: Staraptor|atk|2
|move|p1a: Ninetales|Substitute|p1a: Ninetales
|-start|p1a: Ninetales|Substitute
|-damage|p1a: Ninetales|75/100
|move|p2b: Staraptor|Close Combat|p1b: Arcanine
|-supereffective|p1b: Arcanine|1
|-damage|p1b: Arcanine|0 fnt
|-boost|p2b: Staraptor|def|1
|-boost|p2b: Staraptor|spd|1
|faint|p1b: Arcanine
|
|upkeep
|
|t:|1782636717
|switch|p1b: Delphox|Delphox, L50, F|100/100
|turn|2
|
|t:|1782636738
|detailschange|p1b: Delphox|Delphox-Mega, L50, F
|-mega|p1b: Delphox|Delphox|Delphoxite
|move|p2a: Whimsicott|Tailwind|p2a: Whimsicott
|-sidestart|p2: tfader|move: Tailwind
|move|p2b: Staraptor|Close Combat|p1a: Ninetales
|-end|p1a: Ninetales|Substitute
|-boost|p2b: Staraptor|def|1
|-boost|p2b: Staraptor|spd|1
|move|p1b: Delphox|Substitute|p1b: Delphox
|-start|p1b: Delphox|Substitute
|-damage|p1b: Delphox|75/100
|move|p1a: Ninetales|Agility|p1a: Ninetales
|-boost|p1a: Ninetales|spe|2
|
|upkeep
|turn|3
|inactive|Battle timer is ON: inactive players will automatically lose when time's up. (requested by n0l0ngeravailable)
|
|t:|1782636820
|move|p2a: Whimsicott|Encore|p1b: Delphox
|-start|p1b: Delphox|Encore
|move|p1a: Ninetales|Substitute|p1a: Ninetales
|-start|p1a: Ninetales|Substitute
|-damage|p1a: Ninetales|50/100y
|move|p2b: Staraptor|Close Combat|p1a: Ninetales
|-end|p1a: Ninetales|Substitute
|-boost|p2b: Staraptor|def|1
|-boost|p2b: Staraptor|spd|1
|move|p1b: Delphox|Substitute|p1b: Delphox
|-fail|p1b: Delphox|move: Substitute
|
|upkeep
|turn|4
|inactive|tfader has 30 seconds left.
|inactive|tfader has 20 seconds left.
|
|t:|1782636855
|switch|p1b: Camerupt|Camerupt, L50, F|100/100
|move|p2a: Whimsicott|Charm|p2b: Staraptor
|-boost|p2b: Staraptor|atk|2
|move|p1a: Ninetales|Baton Pass|p1a: Ninetales
|
|t:|1782636871
|switch|p1a: Delphox|Delphox-Mega, L50, F|75/100|[from] Baton Pass
|move|p2b: Staraptor|Close Combat|p1a: Delphox
|-resisted|p1a: Delphox|1
|-damage|p1a: Delphox|0 fnt
|-boost|p2b: Staraptor|def|1
|-boost|p2b: Staraptor|spd|1
|faint|p1a: Delphox
|
|upkeep
|
|t:|1782636880
|switch|p1a: Ninetales|Ninetales, L50, F|50/100y
|turn|5
|
|t:|1782636894
|move|p1b: Camerupt|Protect|p1b: Camerupt
|-singleturn|p1b: Camerupt|Protect
|move|p2a: Whimsicott|Charm|p2b: Staraptor
|-boost|p2b: Staraptor|atk|2
|move|p2b: Staraptor|Close Combat|p1b: Camerupt
|-activate|p1b: Camerupt|move: Protect
|move|p1a: Ninetales|Flare Blitz|p2b: Staraptor
|-damage|p2b: Staraptor|86/100
|-damage|p1a: Ninetales|46/100|[from] Recoil
|
|-sideend|p2: tfader|move: Tailwind
|upkeep
|turn|6
|
|t:|1782636910
|move|p2a: Whimsicott|Tailwind|p2a: Whimsicott
|-sidestart|p2: tfader|move: Tailwind
|move|p2b: Staraptor|Close Combat|p1b: Camerupt
|-damage|p1b: Camerupt|0 fnt
|-boost|p2b: Staraptor|def|1
|-boost|p2b: Staraptor|spd|1
|faint|p1b: Camerupt
|move|p1a: Ninetales|Substitute|p1a: Ninetales
|-start|p1a: Ninetales|Substitute
|-damage|p1a: Ninetales|21/100
|
|upkeep
|turn|7
|inactive|tfader has 30 seconds left.
|inactive|tfader has 20 seconds left.
|inactive|tfader has 15 seconds left.
|inactive|tfader has 10 seconds left.
|inactive|tfader has 5 seconds left.
|
|t:|1782636965
|move|p2a: Whimsicott|Dazzling Gleam|p1a: Ninetales
|-resisted|p1a: Ninetales|1
|-activate|p1a: Ninetales|move: Substitute|[damage]
|move|p2b: Staraptor|Close Combat|p1a: Ninetales
|-end|p1a: Ninetales|Substitute
|-boost|p2b: Staraptor|def|1
|-boost|p2b: Staraptor|spd|1
|move|p1a: Ninetales|Flare Blitz|p2a: Whimsicott
|-supereffective|p2a: Whimsicott|1
|-damage|p2a: Whimsicott|3/100
|-damage|p1a: Ninetales|0 fnt|[from] Recoil
|faint|p1a: Ninetales
|
|win|tfader
|inactive|n0l0ngeravailable has 30 seconds to confirm battle start!
|inactive|tfader has 30 seconds to confirm battle start!
||tfader is ready for game 2.
|l|☆n0l0ngeravailable
|player|p1|
|inactive|n0l0ngeravailable has 20 seconds to confirm battle start!
|inactive|n0l0ngeravailable has 10 seconds to confirm battle start!
|uhtml|next|Next: Game 2 of 3
