|j|Ōśåfrost1810
|j|ŌśåLumiere215
|html|frost1810Lumiere215    
|uhtml|bestof|Game 2 of a best-of-3
|t:|1782381017
|gametype|doubles
|player|p1|frost1810|drayden|
|player|p2|Lumiere215|102|
|gen|9
|tier|[Gen 9 Champions] VGC 2026 Reg M-B (Bo3)
|rule|Species Clause: Limit one of each Pok├®mon
|rule|Item Clause: Limit 1 of each item
|clearpoke
|poke|p1|Pyroar, L50, F|
|poke|p1|Whimsicott, L50, F|
|poke|p1|Ninetales, L50, F|
|poke|p1|Farigiraf, L50, F|
|poke|p1|Basculegion, L50, M|
|poke|p1|Floette-Eternal, L50, F|
|poke|p2|Garchomp, L50, F|
|poke|p2|Staraptor, L50, F|
|poke|p2|Sinistcha, L50|
|poke|p2|Grimmsnarl, L50, M|
|poke|p2|Metagross, L50, shiny|
|poke|p2|Sneasler, L50, F|
|teampreview|4
|showteam|p1|Pyroar||Pyroarite|Unnerve|Protect,HeatWave,SolarBeam,Overheat|Timid||F|||50|]Whimsicott||FocusSash|Prankster|Protect,SunnyDay,Moonblast,Tailwind|Timid||F|||50|]Ninetales||ChoiceScarf|Drought|FakeTears,SolarBeam,HeatWave,Overheat|Modest||F|||50|]Farigiraf||SitrusBerry|ArmorTail|Protect,TrickRoom,TwinBeam,Thunderbolt|Bold||F|||50|]Basculegion||LifeOrb|Adaptability|Protect,AquaJet,WaveCrash,LastRespects|Adamant||M|||50|]Floette-Eternal||Floettite|FlowerVeil|Protect,LightofRuin,Moonblast,DazzlingGleam|Modest||F|||50|
|showteam|p2|Garchomp||LifeOrb|RoughSkin|DragonClaw,StompingTantrum,RockSlide,Protect|Jolly||F|||50|]Staraptor||Staraptite|Intimidate|CloseCombat,DualWingbeat,Roost,Protect|Jolly||F|||50|]Sinistcha||SitrusBerry|Hospitality|MatchaGotcha,RagePowder,LifeDew,StrengthSap|Bold|||||50|]Grimmsnarl||Leftovers|Prankster|ThroatChop,FakeOut,PartingShot,ScaryFace|Careful||M|||50|]Metagross||Metagrossite|ClearBody|IronHead,PsychicFangs,ThunderPunch,Protect|Jolly|||||50|]Sneasler||FocusSash|PoisonTouch|DireClaw,CloseCombat,Coaching,FakeOut|Jolly||F|||50|
|inactive|Battle timer is ON: inactive players will automatically lose when time's up. (requested by frost1810)
|
|t:|1782381040
|teamsize|p1|4
|teamsize|p2|4
|start
|switch|p1a: Whimsicott|Whimsicott, L50, F|100/100
|switch|p1b: Pyroar|Pyroar, L50, F|100/100
|switch|p2a: Herobird|Staraptor, L50, F|100/100
|switch|p2b: Warlock|Grimmsnarl, L50, M|100/100
|-ability|p1b: Pyroar|Unnerve
|-ability|p2a: Herobird|Intimidate|boost
|-unboost|p1a: Whimsicott|atk|1
|-unboost|p1b: Pyroar|atk|1
|turn|1
|inactive|Lumiere215 has 30 seconds left.
|
|t:|1782381074
|detailschange|p1b: Pyroar|Pyroar-Mega, L50, F
|-mega|p1b: Pyroar|Pyroar|Pyroarite
|detailschange|p2a: Herobird|Staraptor-Mega, L50, F
|-mega|p2a: Herobird|Staraptor|Staraptite
|move|p1b: Pyroar|Protect|p1b: Pyroar
|-singleturn|p1b: Pyroar|Protect
|move|p2b: Warlock|Fake Out|p1b: Pyroar
|-activate|p1b: Pyroar|move: Protect
|move|p1a: Whimsicott|Tailwind|p1a: Whimsicott
|-sidestart|p1: frost1810|move: Tailwind
|move|p2a: Herobird|Dual Wingbeat|p1a: Whimsicott
|-supereffective|p1a: Whimsicott|1
|-damage|p1a: Whimsicott|41/100
|-supereffective|p1a: Whimsicott|1
|-damage|p1a: Whimsicott|0 fnt
|faint|p1a: Whimsicott
|-hitcount|p1: Whimsicott|2
|
|upkeep
|inactiveoff|Battle timer is now OFF.
|
|t:|1782381086
|switch|p1a: Ninetales|Ninetales, L50, F|100/100
|-weather|SunnyDay|[from] ability: Drought|[of] p1a: Ninetales
|turn|2
|
|t:|1782381190
|switch|p2a: Beachgirl|Garchomp, L50, F|100/100
|switch|p2b: Uncle|Sinistcha, L50|100/100
|move|p1a: Ninetales|Heat Wave|p2b: Uncle|[spread] p2a,p2b
|-resisted|p2a: Beachgirl|1
|-supereffective|p2b: Uncle|1
|-damage|p2a: Beachgirl|75/100
|-damage|p2b: Uncle|19/100
|-enditem|p2b: Uncle|Sitrus Berry|[eat]
|-heal|p2b: Uncle|43/100|[from] item: Sitrus Berry
|move|p1b: Pyroar|Heat Wave|p2a: Beachgirl|[spread] p2a,p2b
|-resisted|p2a: Beachgirl|1
|-supereffective|p2b: Uncle|1
|-damage|p2a: Beachgirl|31/100
|-damage|p2b: Uncle|0 fnt
|faint|p2b: Uncle
|
|-weather|SunnyDay|[upkeep]
|upkeep
|c|ŌśåLumiere215|Oh
|c|ŌśåLumiere215|wait
|c|ŌśåLumiere215|meant to parting shot :/
|
|t:|1782381206
|switch|p2b: Warlock|Grimmsnarl, L50, M|100/100
|turn|3
|
|t:|1782381249
|switch|p1b: Basculegion|Basculegion, L50, M|100/100
|move|p2b: Warlock|Fake Out|p1b: Basculegion
|-immune|p1b: Basculegion
|move|p1a: Ninetales|Heat Wave|p2a: Beachgirl|[spread] p2a,p2b
|-resisted|p2a: Beachgirl|1
|-damage|p2a: Beachgirl|6/100
|-damage|p2b: Warlock|59/100
|move|p2a: Beachgirl|Stomping Tantrum|p1a: Ninetales
|-supereffective|p1a: Ninetales|1
|-damage|p1a: Ninetales|0 fnt
|faint|p1a: Ninetales
|-damage|p2a: Beachgirl|0 fnt|[from] item: Life Orb
|faint|p2a: Beachgirl
|
|-weather|SunnyDay|[upkeep]
|-heal|p2b: Warlock|65/100|[from] item: Leftovers
|upkeep
|
|t:|1782381265
|switch|p2a: Herobird|Staraptor-Mega, L50, F|100/100
|switch|p1a: Pyroar|Pyroar-Mega, L50, F|100/100
|turn|4
|
|t:|1782381287
|move|p2a: Herobird|Protect|p2a: Herobird
|-singleturn|p2a: Herobird|Protect
|move|p2b: Warlock|Scary Face|p1a: Pyroar
|-unboost|p1a: Pyroar|spe|2
|move|p1b: Basculegion|Wave Crash|p2b: Warlock
|-damage|p2b: Warlock|18/100
|-damage|p1b: Basculegion|85/100|[from] Recoil
|-damage|p1b: Basculegion|76/100|[from] item: Life Orb
|move|p1a: Pyroar|Overheat|p2a: Herobird
|-activate|p2a: Herobird|move: Protect
|
|-weather|SunnyDay|[upkeep]
|-heal|p2b: Warlock|24/100|[from] item: Leftovers
|-sideend|p1: frost1810|move: Tailwind
|upkeep
|turn|5
|
|t:|1782381328
|move|p1a: Pyroar|Protect|p1a: Pyroar
|-singleturn|p1a: Pyroar|Protect
|move|p2b: Warlock|Parting Shot|p2a: Herobird
|-boost|p2a: Herobird|atk|1
|-boost|p2a: Herobird|spa|1
|move|p2a: Herobird|Dual Wingbeat|p1b: Basculegion
|-damage|p1b: Basculegion|42/100
|-damage|p1b: Basculegion|12/100
|-hitcount|p1b: Basculegion|2
|move|p1b: Basculegion|Last Respects|p2a: Herobird
|-crit|p2a: Herobird
|-damage|p2a: Herobird|0 fnt
|faint|p2a: Herobird
|-damage|p1b: Basculegion|2/100|[from] item: Life Orb
|
|-weather|SunnyDay|[upkeep]
|-heal|p2b: Warlock|30/100|[from] item: Leftovers
|upkeep
|turn|6
|c|ŌśåLumiere215|rippers
|c|Ōśåfrost1810|basculegion is not a fair pokemon
|
|t:|1782381381
|move|p1b: Basculegion|Wave Crash|p2b: Warlock
|-damage|p2b: Warlock|0 fnt
|faint|p2b: Warlock
|-damage|p1b: Basculegion|0 fnt|[from] Recoil
|faint|p1b: Basculegion
|
|win|frost1810
|l|Ōśåfrost1810
|player|p1|
|c|ŌśåLumiere215|ggs
