|j|☆pagoose chase
|j|☆Chavo666
|html|pagoose chaseChavo666    
|uhtml|bestof|Game 2 of a best-of-3
|t:|1757679664
|gametype|doubles
|player|p1|pagoose chase|roxanne-gen6|1147
|player|p2|Chavo666|policeman-gen4|1030
|gen|9
|tier|[Gen 9] VGC 2025 Reg H (Bo3)
|rated|
|rule|Species Clause: Limit one of each Pokémon
|rule|Item Clause: Limit 1 of each item
|clearpoke
|poke|p1|Gliscor, L50, F|
|poke|p1|Tyranitar, L50, F|
|poke|p1|Rillaboom, L50, F|
|poke|p1|Gholdengo, L50|
|poke|p1|Electabuzz, L50, F|
|poke|p1|Annihilape, L50, F|
|poke|p2|Incineroar, L50, F|
|poke|p2|Tyranitar, L50, F|
|poke|p2|Excadrill, L50, M|
|poke|p2|Indeedee, L50, M|
|poke|p2|Armarouge, L50, F|
|poke|p2|Annihilape, L50, M|
|teampreview|4
|showteam|p1|Gliscor||ToxicOrb|PoisonHeal|DualWingbeat,HighHorsepower,Tailwind,Protect|||F|||50|,,,,,Water]Tyranitar||AssaultVest|SandStream|RockSlide,KnockOff,LowKick,TeraBlast|||F|||50|,,,,,Flying]Rillaboom||MiracleSeed|GrassySurge|FakeOut,GrassyGlide,WoodHammer,Uturn|||F|||50|,,,,,Fire]Gholdengo||LifeOrb|GoodasGold|MakeItRain,ShadowBall,NastyPlot,Protect||||||50|,,,,,Water]Electabuzz||Eviolite|VitalSpirit|FollowMe,Electroweb,Taunt,Protect|||F|||50|,,,,,Ghost]Annihilape||SafetyGoggles|Defiant|RageFist,CloseCombat,Coaching,FinalGambit|||F|||50|,,,,,Steel
|showteam|p2|Incineroar||SafetyGoggles|Intimidate|KnockOff,PartingShot,FakeOut,FlareBlitz|||F|||50|,,,,,Bug]Tyranitar||AssaultVest|SandStream|Earthquake,KnockOff,LowKick,RockSlide|||F|||50|,,,,,Flying]Excadrill||FocusSash|SandRush|SwordsDance,Earthquake,IronHead,PoisonJab|||M|||50|,,,,,Poison]Indeedee||LifeOrb|PsychicSurge|DazzlingGleam,ExpandingForce,TrickRoom,Protect|||M|||50|,,,,,Psychic]Armarouge||ChoiceSpecs|FlashFire|ExpandingForce,HeatWave,Overheat,FlashCannon|||F|||50|,,,,,Steel]Annihilape||ChoiceScarf|Defiant|CloseCombat,RageFist,Acrobatics,FinalGambit|||M|||50|,,,,,Flying
|
|t:|1757679696
|teamsize|p1|4
|teamsize|p2|4
|start
|switch|p1a: Rillaboom|Rillaboom, L50, F|100/100
|switch|p1b: Annihilape|Annihilape, L50, F|100/100
|switch|p2a: Tyranitar|Tyranitar, L50, F|100/100
|switch|p2b: Excadrill|Excadrill, L50, M|100/100
|-fieldstart|move: Grassy Terrain|[from] ability: Grassy Surge|[of] p1a: Rillaboom
|-weather|Sandstorm|[from] ability: Sand Stream|[of] p2a: Tyranitar
|turn|1
|
|t:|1757679716
|switch|p2a: Indeedee|Indeedee, L50, M|100/100
|-fieldstart|move: Psychic Terrain|[from] ability: Psychic Surge|[of] p2a: Indeedee
|-terastallize|p2b: Excadrill|Poison
|move|p2b: Excadrill|Poison Jab|p1a: Rillaboom
|-supereffective|p1a: Rillaboom
|-damage|p1a: Rillaboom|14/100
|move|p1b: Annihilape|Close Combat|p2b: Excadrill
|-resisted|p2b: Excadrill
|-damage|p2b: Excadrill|69/100
|-unboost|p1b: Annihilape|def|1
|-unboost|p1b: Annihilape|spd|1
|move|p1a: Rillaboom|U-turn|p2b: Excadrill
|-resisted|p2b: Excadrill
|-damage|p2b: Excadrill|49/100
|
|t:|1757679722
|switch|p1a: Tyranitar|Tyranitar, L50, F|100/100|[from] U-turn
|
|-weather|Sandstorm|[upkeep]
|-damage|p2a: Indeedee|95/100|[from] Sandstorm
|upkeep
|turn|2
|
|t:|1757679768
|-terastallize|p1a: Tyranitar|Flying
|move|p2b: Excadrill|Poison Jab|p1a: Tyranitar
|-damage|p1a: Tyranitar|58/100
|move|p2a: Indeedee|Expanding Force|p1a: Tyranitar|[spread] p1a,p1b
|-supereffective|p1b: Annihilape
|-damage|p1a: Tyranitar|17/100
|-damage|p1b: Annihilape|0 fnt
|faint|p1b: Annihilape
|-damage|p2a: Indeedee|85/100|[from] item: Life Orb
|move|p1a: Tyranitar|Knock Off|p2b: Excadrill
|-damage|p2b: Excadrill|0 fnt
|-enditem|p2b: Excadrill|Focus Sash|[from] move: Knock Off|[of] p1a: Tyranitar
|faint|p2b: Excadrill
|
|-weather|Sandstorm|[upkeep]
|-damage|p2a: Indeedee|79/100|[from] Sandstorm
|-damage|p1a: Tyranitar|11/100|[from] Sandstorm
|upkeep
|
|t:|1757679784
|switch|p1b: Rillaboom|Rillaboom, L50, F|14/100
|switch|p2b: Annihilape|Annihilape, L50, M|100/100
|-fieldstart|move: Grassy Terrain|[from] ability: Grassy Surge|[of] p1b: Rillaboom
|turn|3
|
|t:|1757679814
|switch|p1b: Gholdengo|Gholdengo, L50|100/100
|move|p2a: Indeedee|Protect|p2a: Indeedee
|-singleturn|p2a: Indeedee|Protect
|move|p2b: Annihilape|Acrobatics|p1b: Gholdengo
|-resisted|p1b: Gholdengo
|-damage|p1b: Gholdengo|93/100
|move|p1a: Tyranitar|Low Kick|p2a: Indeedee
|-activate|p2a: Indeedee|move: Protect
|
|-weather|Sandstorm|[upkeep]
|-damage|p2b: Annihilape|95/100|[from] Sandstorm
|-damage|p2a: Indeedee|73/100|[from] Sandstorm
|-damage|p1a: Tyranitar|5/100|[from] Sandstorm
|-heal|p2b: Annihilape|100/100|[from] Grassy Terrain
|-heal|p2a: Indeedee|79/100|[from] Grassy Terrain
|-heal|p1b: Gholdengo|99/100|[from] Grassy Terrain
|upkeep
|turn|4
|
|t:|1757679845
|switch|p2b: Tyranitar|Tyranitar, L50, F|100/100
|move|p2a: Indeedee|Expanding Force|p1a: Tyranitar
|-damage|p1a: Tyranitar|0 fnt
|faint|p1a: Tyranitar
|-damage|p2a: Indeedee|70/100|[from] item: Life Orb
|move|p1b: Gholdengo|Nasty Plot|p1b: Gholdengo
|-boost|p1b: Gholdengo|spa|2
|
|-weather|Sandstorm|[upkeep]
|-damage|p2a: Indeedee|64/100|[from] Sandstorm
|-heal|p2a: Indeedee|70/100|[from] Grassy Terrain
|-heal|p1b: Gholdengo|100/100|[from] Grassy Terrain
|upkeep
|
|t:|1757679847
|switch|p1a: Rillaboom|Rillaboom, L50, F|14/100
|turn|5
|
|t:|1757679881
|switch|p2a: Annihilape|Annihilape, L50, M|100/100
|move|p1a: Rillaboom|Fake Out|p2a: Annihilape
|-immune|p2a: Annihilape
|move|p1b: Gholdengo|Make It Rain|p2b: Tyranitar|[spread] p2a,p2b
|-supereffective|p2b: Tyranitar
|-damage|p2a: Annihilape|0 fnt
|-damage|p2b: Tyranitar|7/100
|-unboost|p1b: Gholdengo|spa|1
|faint|p2a: Annihilape
|-damage|p1b: Gholdengo|91/100|[from] item: Life Orb
|move|p2b: Tyranitar|Knock Off|p1b: Gholdengo
|-supereffective|p1b: Gholdengo
|-damage|p1b: Gholdengo|0 fnt
|-enditem|p1b: Gholdengo|Life Orb|[from] move: Knock Off|[of] p2b: Tyranitar
|faint|p1b: Gholdengo
|
|-weather|none
|-heal|p1a: Rillaboom|19/100|[from] Grassy Terrain
|-heal|p2b: Tyranitar|14/100|[from] Grassy Terrain
|upkeep
|c|☆pagoose chase|Woah
|c|☆pagoose chase|Gg
|-message|pagoose chase forfeited.
|
|win|Chavo666
|raw|pagoose chase's rating: 1147 → 1114(-33 for losing)
|raw|Chavo666's rating: 1030 → 1077(+47 for winning)
