|j|☆chocokoala vgc
|j|☆GojiraFanBoy
|html|chocokoala vgcGojiraFanBoy    
|uhtml|bestof|Game 1 of a best-of-3
|t:|1782501767
|gametype|doubles
|player|p1|chocokoala vgc|benga|1274
|player|p2|GojiraFanBoy|170|1240
|gen|9
|tier|[Gen 9 Champions] VGC 2026 Reg M-B (Bo3)
|rated|
|rule|Species Clause: Limit one of each Pokémon
|rule|Item Clause: Limit 1 of each item
|clearpoke
|poke|p1|Scrafty, L50, F, shiny|
|poke|p1|Farigiraf, L50, M|
|poke|p1|Whimsicott, L50, M|
|poke|p1|Gholdengo, L50|
|poke|p1|Raichu, L50, M, shiny|
|poke|p1|Mamoswine, L50, M|
|poke|p2|Charizard, L50, M|
|poke|p2|Venusaur, L50, F|
|poke|p2|Garchomp, L50, F|
|poke|p2|Aerodactyl, L50, M|
|poke|p2|Farigiraf, L50, F|
|poke|p2|Incineroar, L50, F|
|teampreview|4
|showteam|p1|Scrafty||Scraftinite|Intimidate|FakeOut,KnockOff,Protect,DrainPunch|Adamant||F|||50|]Farigiraf||SitrusBerry|ArmorTail|Psychic,HelpingHand,Protect,TrickRoom|Bold||M|||50|]Whimsicott||FairyFeather|Prankster|Tailwind,FakeTears,Encore,Moonblast|Timid||M|||50|]Gholdengo||LifeOrb|GoodasGold|MakeItRain,ShadowBall,Protect,NastyPlot|Modest|||||50|]Raichu||RaichuniteY|LightningRod|ZapCannon,FocusBlast,Protect,GrassKnot|Timid||M|||50|]Mamoswine||FocusSash|Oblivious|IceShard,HighHorsepower,Protect,IcicleCrash|Adamant||M|||50|
|showteam|p2|Charizard||CharizarditeY|Blaze|HeatWave,WeatherBall,AirSlash,Protect|Modest||M|||50|]Venusaur||LifeOrb|Chlorophyll|SolarBeam,SludgeBomb,EarthPower,Protect|Modest||F|||50|]Garchomp||SoftSand|RoughSkin|Earthquake,StompingTantrum,DragonClaw,Protect|Adamant||F|||50|]Aerodactyl||FocusSash|Unnerve|RockSlide,SunnyDay,WideGuard,Tailwind|Jolly||M|||50|]Farigiraf||TwistedSpoon|ArmorTail|TrickRoom,TwinBeam,HyperVoice,HelpingHand|Quiet||F|||50|]Incineroar||SitrusBerry|Intimidate|FakeOut,FlareBlitz,ThroatChop,PartingShot|Adamant||F|||50|
|inactive|Battle timer is ON: inactive players will automatically lose when time's up. (requested by chocokoala vgc)
|inactive|chocokoala vgc has 60 seconds left.
|inactive|GojiraFanBoy has 60 seconds left.
|
|t:|1782501811
|teamsize|p1|4
|teamsize|p2|4
|start
|switch|p1a: Scrafty|Scrafty, L50, F, shiny|100/100
|switch|p1b: Mamoswine|Mamoswine, L50, M|100/100
|switch|p2a: Farigiraf|Farigiraf, L50, F|100/100
|switch|p2b: Incineroar|Incineroar, L50, F|100/100
|-ability|p2b: Incineroar|Intimidate|boost
|-unboost|p1a: Scrafty|atk|1
|-fail|p1b: Mamoswine|unboost|Attack|[from] ability: Oblivious|[of] p1b: Mamoswine
|-ability|p1a: Scrafty|Intimidate|boost
|-unboost|p2a: Farigiraf|atk|1
|-unboost|p2b: Incineroar|atk|1
|turn|1
|inactive|GojiraFanBoy has 30 seconds left.
|
|t:|1782501838
|switch|p1a: Farigiraf|Farigiraf, L50, M|100/100
|move|p2b: Incineroar|Fake Out||[still]
|cant|p1a: Farigiraf|ability: Armor Tail|Fake Out|[of] p2b: Incineroar
|move|p1b: Mamoswine|High Horsepower|p2b: Incineroar
|-supereffective|p2b: Incineroar|1
|-damage|p2b: Incineroar|1/100
|-enditem|p2b: Incineroar|Sitrus Berry|[eat]
|-heal|p2b: Incineroar|26/100|[from] item: Sitrus Berry
|move|p2a: Farigiraf|Trick Room|p2a: Farigiraf
|-fieldstart|move: Trick Room|[of] p2a: Farigiraf
|
|upkeep
|turn|2
|
|t:|1782501857
|switch|p1b: Scrafty|Scrafty, L50, F, shiny|100/100
|-ability|p1b: Scrafty|Intimidate|boost
|-unboost|p2a: Farigiraf|atk|1
|-unboost|p2b: Incineroar|atk|1
|move|p1a: Farigiraf|Protect|p1a: Farigiraf
|-singleturn|p1a: Farigiraf|Protect
|move|p2a: Farigiraf|Hyper Voice|p1a: Farigiraf|[spread] p1b
|-activate|p1a: Farigiraf|move: Protect
|-damage|p1b: Scrafty|68/100
|move|p2b: Incineroar|Throat Chop|p1a: Farigiraf
|-activate|p1a: Farigiraf|move: Protect
|
|upkeep
|turn|3
|
|t:|1782501876
|detailschange|p1b: Scrafty|Scrafty-Mega, L50, F, shiny
|-mega|p1b: Scrafty|Scrafty|Scraftinite
|-ability|p1b: Scrafty|Intimidate|boost
|-unboost|p2a: Farigiraf|atk|1
|-unboost|p2b: Incineroar|atk|1
|move|p1a: Farigiraf|Helping Hand|p1b: Scrafty
|-singleturn|p1b: Scrafty|Helping Hand|[of] p1a: Farigiraf
|move|p2a: Farigiraf|Hyper Voice|p1b: Scrafty|[spread] p1a,p1b
|-damage|p1a: Farigiraf|68/100
|-damage|p1b: Scrafty|38/100
|move|p2b: Incineroar|Parting Shot|p1b: Scrafty
|-unboost|p1b: Scrafty|atk|1
|-unboost|p1b: Scrafty|spa|1
|
|t:|1782501886
|switch|p2b: Charizard|Charizard, L50, M|100/100|[from] Parting Shot
|move|p1b: Scrafty|Drain Punch|p2a: Farigiraf
|-damage|p2a: Farigiraf|58/100
|-heal|p1b: Scrafty|69/100|[from] drain|[of] p2a: Farigiraf
|
|upkeep
|turn|4
|
|t:|1782501898
|switch|p2a: Incineroar|Incineroar, L50, F|26/100
|-ability|p2a: Incineroar|Intimidate|boost
|-unboost|p1a: Farigiraf|atk|1
|-unboost|p1b: Scrafty|atk|1
|detailschange|p2b: Charizard|Charizard-Mega-Y, L50, M
|-mega|p2b: Charizard|Charizard|Charizardite Y
|-weather|SunnyDay|[from] ability: Drought|[of] p2b: Charizard
|move|p1a: Farigiraf|Psychic|p2b: Charizard
|-damage|p2b: Charizard|70/100
|move|p1b: Scrafty|Knock Off|p2a: Incineroar
|-resisted|p2a: Incineroar|1
|-damage|p2a: Incineroar|18/100
|move|p2b: Charizard|Heat Wave|p1b: Scrafty|[spread] p1a,p1b
|-damage|p1a: Farigiraf|11/100
|-damage|p1b: Scrafty|13/100
|-enditem|p1a: Farigiraf|Sitrus Berry|[eat]
|-heal|p1a: Farigiraf|36/100|[from] item: Sitrus Berry
|
|-weather|SunnyDay|[upkeep]
|upkeep
|turn|5
|
|t:|1782501918
|switch|p2a: Venusaur|Venusaur, L50, F|100/100
|move|p1a: Farigiraf|Psychic|p2b: Charizard
|-damage|p2b: Charizard|41/100
|move|p1b: Scrafty|Knock Off|p2b: Charizard
|-damage|p2b: Charizard|21/100
|move|p2b: Charizard|Heat Wave|p1a: Farigiraf|[spread] p1a,p1b
|-damage|p1a: Farigiraf|0 fnt
|-damage|p1b: Scrafty|0 fnt
|faint|p1a: Farigiraf
|faint|p1b: Scrafty
|
|-weather|SunnyDay|[upkeep]
|-fieldend|move: Trick Room
|upkeep
|
|t:|1782501928
|switch|p1b: Gholdengo|Gholdengo, L50|100/100
|switch|p1a: Mamoswine|Mamoswine, L50, M|100/100
|turn|6
|
|t:|1782501940
|switch|p2b: Farigiraf|Farigiraf, L50, F|58/100
|move|p1a: Mamoswine|Ice Shard||[still]
|cant|p2b: Farigiraf|ability: Armor Tail|Ice Shard|[of] p1a: Mamoswine
|move|p2a: Venusaur|Solar Beam||[still]
|-prepare|p2a: Venusaur|Solar Beam
|-anim|p2a: Venusaur|Solar Beam|p1a: Mamoswine
|-supereffective|p1a: Mamoswine|1
|-enditem|p1a: Mamoswine|Focus Sash
|-damage|p1a: Mamoswine|1/100
|-damage|p2a: Venusaur|90/100|[from] item: Life Orb
|move|p1b: Gholdengo|Shadow Ball|p2a: Venusaur
|-damage|p2a: Venusaur|21/100
|-damage|p1b: Gholdengo|90/100|[from] item: Life Orb
|
|-weather|SunnyDay|[upkeep]
|upkeep
|turn|7
|
|t:|1782501957
|move|p2a: Venusaur|Protect|p2a: Venusaur
|-singleturn|p2a: Venusaur|Protect
|move|p1a: Mamoswine|Protect|p1a: Mamoswine
|-singleturn|p1a: Mamoswine|Protect
|move|p1b: Gholdengo|Make It Rain|p2a: Venusaur|[spread] p2b
|-activate|p2a: Venusaur|move: Protect
|-damage|p2b: Farigiraf|0 fnt
|-unboost|p1b: Gholdengo|spa|2
|faint|p2b: Farigiraf
|-damage|p1b: Gholdengo|81/100|[from] item: Life Orb
|
|-weather|SunnyDay|[upkeep]
|upkeep
|
|t:|1782501970
|switch|p2b: Incineroar|Incineroar, L50, F|18/100
|-ability|p2b: Incineroar|Intimidate|boost
|-fail|p1a: Mamoswine|unboost|Attack|[from] ability: Oblivious|[of] p1a: Mamoswine
|-unboost|p1b: Gholdengo|atk|1
|turn|8
|
|t:|1782501981
|move|p1a: Mamoswine|Protect||[still]
|-fail|p1a: Mamoswine
|move|p1b: Gholdengo|Protect|p1b: Gholdengo
|-singleturn|p1b: Gholdengo|Protect
|move|p2b: Incineroar|Fake Out|p1a: Mamoswine
|-damage|p1a: Mamoswine|0 fnt
|faint|p1a: Mamoswine
|move|p2a: Venusaur|Earth Power|p1b: Gholdengo
|-activate|p1b: Gholdengo|move: Protect
|
|-weather|none
|upkeep
|turn|9
|
|t:|1782501992
|move|p2a: Venusaur|Protect|p2a: Venusaur
|-singleturn|p2a: Venusaur|Protect
|move|p1b: Gholdengo|Shadow Ball|p2a: Venusaur
|-activate|p2a: Venusaur|move: Protect
|move|p2b: Incineroar|Flare Blitz|p1b: Gholdengo
|-supereffective|p1b: Gholdengo|1
|-damage|p1b: Gholdengo|0 fnt
|faint|p1b: Gholdengo
|-damage|p2b: Incineroar|0 fnt|[from] Recoil
|faint|p2b: Incineroar
|
|win|GojiraFanBoy
