|j|☆epikkkk
|j|☆caterleigh
|html|epikkkkcaterleigh    
|uhtml|bestof|Game 1 of a best-of-3
|t:|1757713350
|gametype|doubles
|player|p1|epikkkk|102|1075
|player|p2|caterleigh|waiter-gen4|1203
|gen|9
|tier|[Gen 9] VGC 2025 Reg H (Bo3)
|rated|
|rule|Species Clause: Limit one of each Pokémon
|rule|Item Clause: Limit 1 of each item
|clearpoke
|poke|p1|Ursaluna-Bloodmoon, L50, M|
|poke|p1|Porygon2, L50|
|poke|p1|Amoonguss, L50, M|
|poke|p1|Incineroar, L50, M|
|poke|p1|Dragapult, L50, M|
|poke|p1|Sneasler, L50, F|
|poke|p2|Klefki, L50, F|
|poke|p2|Tyranitar, L50, F|
|poke|p2|Ursaluna-Bloodmoon, L50, M|
|poke|p2|Basculegion, L50, M|
|poke|p2|Amoonguss, L50, M|
|poke|p2|Volcarona, L50, F|
|teampreview|4
|showteam|p1|Ursaluna-Bloodmoon||AssaultVest|MindsEye|BloodMoon,HyperVoice,EarthPower,VacuumWave|||M|||50|,,,,,Normal]Porygon2||Eviolite|Trace|IceBeam,Thunderbolt,Recover,TrickRoom||||||50|,,,,,Ghost]Amoonguss||CovertCloak|Regenerator|Spore,RagePowder,PollenPuff,SludgeBomb|||M|||50|,,,,,Water]Incineroar||SafetyGoggles|Intimidate|KnockOff,FlareBlitz,FakeOut,PartingShot|||M|||50|,,,,,Ghost]Dragapult||ChoiceBand|ClearBody|DragonDarts,Outrage,PhantomForce,Uturn|||M|||50|,,,,,Dragon]Sneasler||FocusSash|PoisonTouch|CloseCombat,DireClaw,ThroatChop,FakeOut|||F|||50|,,,,,Dark
|showteam|p2|Klefki||LightClay|Prankster|DazzlingGleam,Reflect,LightScreen,MistyTerrain|||F|||50|,,,,,Ghost]Tyranitar||ClearAmulet|SandStream|KnockOff,LowKick,RockSlide,Protect|||F|||50|,,,,,Ghost]Ursaluna-Bloodmoon||AssaultVest|MindsEye|BloodMoon,EarthPower,HyperVoice,VacuumWave|||M|||50|,,,,,Water]Basculegion||ChoiceScarf|Adaptability|WaveCrash,LastRespects,TeraBlast,FlipTurn|||M|||50|,,,,,Fighting]Amoonguss||SitrusBerry|Regenerator|Spore,RagePowder,Protect,PollenPuff|||M|||50|,,,,,Fairy]Volcarona||CovertCloak|FlameBody|HeatWave,GigaDrain,QuiverDance,Protect|||F|||50|,,,,,Grass
|
|t:|1757713486
|teamsize|p1|4
|teamsize|p2|4
|start
|switch|p1a: Incineroar|Incineroar, L50, M|100/100
|switch|p1b: Porygon2|Porygon2, L50|100/100
|switch|p2a: Klefki|Klefki, L50, F|100/100
|switch|p2b: Basculegion|Basculegion, L50, M|100/100
|-ability|p1b: Porygon2|Prankster|Trace|[from] ability: Trace|[of] p2a: Klefki
|-ability|p1a: Incineroar|Intimidate|boost
|-unboost|p2a: Klefki|atk|1
|-unboost|p2b: Basculegion|atk|1
|turn|1
|
|t:|1757713523
|move|p1a: Incineroar|Fake Out|p2a: Klefki
|-resisted|p2a: Klefki
|-damage|p2a: Klefki|94/100
|cant|p2a: Klefki|flinch
|move|p2b: Basculegion|Flip Turn|p1a: Incineroar
|-supereffective|p1a: Incineroar
|-damage|p1a: Incineroar|47/100
|inactive|Battle timer is ON: inactive players will automatically lose when time's up. (requested by epikkkk)
|
|t:|1757713539
|switch|p2b: Ursaluna|Ursaluna-Bloodmoon, L50, M|100/100|[from] Flip Turn
|move|p1b: Porygon2|Trick Room|p1b: Porygon2
|-fieldstart|move: Trick Room|[of] p1b: Porygon2
|
|upkeep
|turn|2
|
|t:|1757713561
|move|p2a: Klefki|Light Screen|p2a: Klefki
|-sidestart|p2: caterleigh|move: Light Screen
|move|p1a: Incineroar|Parting Shot|p2b: Ursaluna
|-unboost|p2b: Ursaluna|atk|1
|-unboost|p2b: Ursaluna|spa|1
|
|t:|1757713567
|switch|p1a: Amoonguss|Amoonguss, L50, M|100/100|[from] Parting Shot
|move|p2b: Ursaluna|Blood Moon|p1a: Amoonguss
|-damage|p1a: Amoonguss|54/100
|move|p1b: Porygon2|Ice Beam|p2b: Ursaluna
|-supereffective|p2b: Ursaluna
|-damage|p2b: Ursaluna|79/100
|
|upkeep
|turn|3
|
|t:|1757713585
|switch|p1b: Ursaluna|Ursaluna-Bloodmoon, L50, M|100/100
|move|p2a: Klefki|Misty Terrain|p2a: Klefki
|-fieldstart|move: Misty Terrain
|move|p1a: Amoonguss|Spore|p2b: Ursaluna
|-activate|p2b: Ursaluna|move: Misty Terrain
|move|p2b: Ursaluna|Hyper Voice|p1b: Ursaluna|[spread] p1a,p1b
|-damage|p1a: Amoonguss|34/100
|-damage|p1b: Ursaluna|84/100
|
|upkeep
|turn|4
|c|☆epikkkk|ohh
|c|☆epikkkk|thats what misty terrain was for
|c|☆epikkkk|thats a really good idea
|inactive|epikkkk has 30 seconds left.
|inactive|caterleigh has 30 seconds left.
|inactive|caterleigh has 20 seconds left.
|inactive|epikkkk has 20 seconds left.
|inactive|caterleigh has 15 seconds left.
|inactive|epikkkk has 15 seconds left.
|
|t:|1757713631
|switch|p1a: Porygon2|Porygon2, L50|100/100
|-ability|p1a: Porygon2|Prankster|Trace|[from] ability: Trace|[of] p2a: Klefki
|move|p1b: Ursaluna|Earth Power|p2a: Klefki
|-supereffective|p2a: Klefki
|-damage|p2a: Klefki|27/100
|move|p2b: Ursaluna|Blood Moon|p1b: Ursaluna
|-damage|p1b: Ursaluna|43/100
|move|p2a: Klefki|Dazzling Gleam|p1a: Porygon2|[spread] p1a,p1b
|-damage|p1a: Porygon2|91/100
|-damage|p1b: Ursaluna|31/100
|
|upkeep
|turn|5
|inactive|caterleigh has 30 seconds left.
|inactive|caterleigh has 20 seconds left.
|
|t:|1757713668
|switch|p1b: Amoonguss|Amoonguss, L50, M|67/100
|switch|p2b: Volcarona|Volcarona, L50, F|100/100
|move|p2a: Klefki|Reflect|p2a: Klefki
|-sidestart|p2: caterleigh|Reflect
|move|p1a: Porygon2|Thunderbolt|p2a: Klefki
|-damage|p2a: Klefki|15/100
|
|-fieldend|move: Trick Room
|upkeep
|turn|6
|
|t:|1757713689
|switch|p2a: Ursaluna|Ursaluna-Bloodmoon, L50, M|79/100
|switch|p1b: Incineroar|Incineroar, L50, M|47/100
|-ability|p1b: Incineroar|Intimidate|boost
|-unboost|p2a: Ursaluna|atk|1
|-unboost|p2b: Volcarona|atk|1
|move|p2b: Volcarona|Quiver Dance|p2b: Volcarona
|-boost|p2b: Volcarona|spa|1
|-boost|p2b: Volcarona|spd|1
|-boost|p2b: Volcarona|spe|1
|move|p1a: Porygon2|Thunderbolt|p2a: Ursaluna
|-immune|p2a: Ursaluna
|
|upkeep
|turn|7
|
|t:|1757713706
|move|p2b: Volcarona|Quiver Dance|p2b: Volcarona
|-boost|p2b: Volcarona|spa|1
|-boost|p2b: Volcarona|spd|1
|-boost|p2b: Volcarona|spe|1
|move|p1a: Porygon2|Ice Beam|p2a: Ursaluna
|-supereffective|p2a: Ursaluna
|-damage|p2a: Ursaluna|58/100
|move|p2a: Ursaluna|Blood Moon|p1b: Incineroar
|-crit|p1b: Incineroar
|-damage|p1b: Incineroar|0 fnt
|faint|p1b: Incineroar
|
|-fieldend|Misty Terrain
|upkeep
|
|t:|1757713718
|switch|p1b: Amoonguss|Amoonguss, L50, M|99/100
|turn|8
|
|t:|1757713742
|-terastallize|p2b: Volcarona|Grass
|-terastallize|p1b: Amoonguss|Water
|move|p2b: Volcarona|Heat Wave|p1a: Porygon2|[spread] p1a
|-miss|p2b: Volcarona|p1b: Amoonguss
|-damage|p1a: Porygon2|42/100
|move|p2a: Ursaluna|Hyper Voice|p1b: Amoonguss|[spread] p1a,p1b
|-damage|p1a: Porygon2|20/100
|-damage|p1b: Amoonguss|66/100
|move|p1b: Amoonguss|Spore|p2a: Ursaluna
|-status|p2a: Ursaluna|slp|[from] move: Spore
|move|p1a: Porygon2|Trick Room|p1a: Porygon2
|-fieldstart|move: Trick Room|[of] p1a: Porygon2
|
|upkeep
|turn|9
|inactive|caterleigh has 30 seconds left.
|
|t:|1757713773
|move|p1a: Porygon2|Recover|p1a: Porygon2
|-heal|p1a: Porygon2|70/100
|move|p1b: Amoonguss|Pollen Puff|p1a: Porygon2
|-heal|p1a: Porygon2|100/100
|cant|p2a: Ursaluna|slp
|move|p2b: Volcarona|Giga Drain|p1b: Amoonguss
|-supereffective|p1b: Amoonguss
|-crit|p1b: Amoonguss
|-damage|p1b: Amoonguss|0 fnt
|faint|p1b: Amoonguss
|
|-sideend|p2: caterleigh|move: Light Screen
|upkeep
|
|t:|1757713782
|switch|p1b: Ursaluna|Ursaluna-Bloodmoon, L50, M|31/100
|turn|10
|
|t:|1757713805
|move|p2b: Volcarona|Protect|p2b: Volcarona
|-singleturn|p2b: Volcarona|Protect
|move|p1b: Ursaluna|Blood Moon|p2b: Volcarona
|-activate|p2b: Volcarona|move: Protect
|-curestatus|p2a: Ursaluna|slp|[msg]
|move|p2a: Ursaluna|Blood Moon|p1b: Ursaluna
|-damage|p1b: Ursaluna|0 fnt
|faint|p1b: Ursaluna
|move|p1a: Porygon2|Ice Beam|p2b: Volcarona
|-activate|p2b: Volcarona|move: Protect
|
|upkeep
|turn|11
|-message|epikkkk forfeited.
|raw|epikkkk's rating: 1075 → 1061(-14 for losing)
|raw|caterleigh's rating: 1203 → 1219(+16 for winning)
|
|win|caterleigh
|l|☆epikkkk
|player|p1|
