|j|☆s!dd_1
|j|☆Marvcolor
|html|s!dd_1Marvcolor    
|uhtml|bestof|Game 2 of a best-of-3
|t:|1784098144
|gametype|doubles
|player|p1|s!dd_1|flannery-gen6|1445
|player|p2|Marvcolor|giovanni|1314
|gen|9
|tier|[Gen 9 Champions] VGC 2026 Reg M-B (Bo3)
|rated|
|rule|Species Clause: Limit one of each Pokémon
|rule|Item Clause: Limit 1 of each item
|clearpoke
|poke|p1|Raichu, L50, F|
|poke|p1|Mamoswine, L50, M|
|poke|p1|Sinistcha, L50|
|poke|p1|Sylveon, L50, M|
|poke|p1|Arcanine-Hisui, L50, M|
|poke|p1|Hydreigon, L50, M|
|poke|p2|Gengar, L50, M, shiny|
|poke|p2|Politoed, L50, M, shiny|
|poke|p2|Archaludon, L50, F, shiny|
|poke|p2|Swampert, L50, M, shiny|
|poke|p2|Incineroar, L50, M, shiny|
|poke|p2|Vivillon, L50, M, shiny|
|teampreview|4
|showteam|p1|Raichu||RaichuniteY|LightningRod|ZapCannon,FocusBlast,FakeOut,Protect|Timid||F|||50|]Mamoswine||LifeOrb|Oblivious|IcicleCrash,IceShard,HighHorsepower,Protect|Adamant||M|||50|]Sinistcha||ColburBerry|Hospitality|MatchaGotcha,RagePowder,TrickRoom,Protect|Relaxed|||||50|]Sylveon||FairyFeather|Pixilate|HyperVoice,HyperBeam,CalmMind,Detect|Modest||M|||50|]Arcanine-Hisui||FocusSash|Intimidate|FlareBlitz,RockSlide,ExtremeSpeed,Protect|Adamant||M|||50|]Hydreigon||ChoiceScarf|Levitate|DracoMeteor,DarkPulse,EarthPower,Snarl|Modest||M|||50|
|showteam|p2|Gengar||Gengarite|CursedBody|ShadowBall,SludgeBomb,PerishSong,Protect|Modest||M|||50|]Politoed||SitrusBerry|Drizzle|WeatherBall,PerishSong,Encore,Protect|Calm||M|||50|]Archaludon||Leftovers|Stamina|ElectroShot,DragonPulse,FlashCannon,Protect|Bold||F|||50|]Swampert||Swampertite|Damp|WaveCrash,Earthquake,IcePunch,Protect|Adamant||M|||50|]Incineroar||PasshoBerry|Intimidate|ThroatChop,PartingShot,Protect,FakeOut|Sassy||M|||50|]Vivillon||FocusSash|CompoundEyes|Hurricane,SleepPowder,RagePowder,Protect|Timid||M|||50|
|inactive|Battle timer is ON: inactive players will automatically lose when time's up. (requested by Marvcolor)
|inactive|s!dd_1 also wants the timer to be on.
|
|t:|1784098166
|teamsize|p1|4
|teamsize|p2|4
|start
|switch|p1a: Gipsy Danger|Raichu, L50, F|100/100
|switch|p1b: Atlas|Hydreigon, L50, M|100/100
|switch|p2a: Mishra|Gengar, L50, M, shiny|100/100
|switch|p2b: Time Walk|Vivillon, L50, M, shiny|100/100
|turn|1
|inactive|s!dd_1 has 30 seconds left.
|
|t:|1784098199
|switch|p2b: Mankira|Incineroar, L50, M, shiny|100/100
|-ability|p2b: Mankira|Intimidate|boost
|-unboost|p1a: Gipsy Danger|atk|1
|-unboost|p1b: Atlas|atk|1
|detailschange|p1a: Gipsy Danger|Raichu-Mega-Y, L50, F
|-mega|p1a: Gipsy Danger|Raichu|Raichunite Y
|detailschange|p2a: Mishra|Gengar-Mega, L50, M, shiny
|-mega|p2a: Mishra|Gengar|Gengarite
|move|p2a: Mishra|Protect|p2a: Mishra
|-singleturn|p2a: Mishra|Protect
|move|p1a: Gipsy Danger|Fake Out|p2b: Mankira
|-damage|p2b: Mankira|95/100
|move|p1b: Atlas|Dark Pulse|p2a: Mishra
|-activate|p2a: Mishra|move: Protect
|
|upkeep
|turn|2
|
|t:|1784098216
|move|p2b: Mankira|Fake Out|p1b: Atlas
|-damage|p1b: Atlas|88/100
|cant|p1b: Atlas|flinch
|move|p1a: Gipsy Danger|Zap Cannon|p2a: Mishra
|-damage|p2a: Mishra|32/100
|-status|p2a: Mishra|par
|move|p2a: Mishra|Perish Song|p2a: Mishra
|-start|p1a: Gipsy Danger|perish3|[silent]
|-start|p1b: Atlas|perish3|[silent]
|-start|p2a: Mishra|perish3|[silent]
|-start|p2b: Mankira|perish3|[silent]
|-fieldactivate|move: Perish Song
|
|-start|p1b: Atlas|perish3
|-start|p1a: Gipsy Danger|perish3
|-start|p2a: Mishra|perish3
|-start|p2b: Mankira|perish3
|upkeep
|turn|3
|
|t:|1784098227
|move|p2a: Mishra|Protect|p2a: Mishra
|-singleturn|p2a: Mishra|Protect
|move|p2b: Mankira|Protect|p2b: Mankira
|-singleturn|p2b: Mankira|Protect
|move|p1b: Atlas|Dark Pulse|p2a: Mishra
|-activate|p2a: Mishra|move: Protect
|move|p1a: Gipsy Danger|Zap Cannon|p2b: Mankira
|-activate|p2b: Mankira|move: Protect
|
|-start|p1b: Atlas|perish2
|-start|p1a: Gipsy Danger|perish2
|-start|p2a: Mishra|perish2
|-start|p2b: Mankira|perish2
|upkeep
|turn|4
|
|t:|1784098248
|switch|p2a: Time Walk|Vivillon, L50, M, shiny|100/100
|move|p1b: Atlas|Dark Pulse|p2a: Time Walk
|-damage|p2a: Time Walk|19/100
|move|p1a: Gipsy Danger|Zap Cannon|p2a: Time Walk
|-supereffective|p2a: Time Walk|1
|-damage|p2a: Time Walk|0 fnt
|faint|p2a: Time Walk
|move|p2b: Mankira|Parting Shot|p1b: Atlas
|-unboost|p1b: Atlas|atk|1
|-unboost|p1b: Atlas|spa|1
|
|t:|1784098257
|switch|p2b: Mishra|Gengar-Mega, L50, M, shiny|32/100 par|[from] Parting Shot
|
|-start|p1b: Atlas|perish1
|-start|p1a: Gipsy Danger|perish1
|upkeep
|
|t:|1784098262
|switch|p2a: Connect|Politoed, L50, M, shiny|100/100
|-weather|RainDance|[from] ability: Drizzle|[of] p2a: Connect
|turn|5
|-message|s!dd_1 forfeited.
|
|win|Marvcolor
||s!dd_1 is ready for game 3.
||Marvcolor is ready for game 3.
|uhtml|next|Next: Game 3 of 3
|l|☆s!dd_1
|player|p1|
