|j|☆PhillyPyers
|j|☆100PctMareepWool
|html|PhillyPyers100PctMareepWool    
|uhtml|bestof|Game 3 of a best-of-3
|t:|1757791141
|gametype|doubles
|player|p1|PhillyPyers|102|
|player|p2|100PctMareepWool|265|
|gen|9
|tier|[Gen 9] VGC 2025 Reg H (Bo3)
|rule|Species Clause: Limit one of each Pokémon
|rule|Item Clause: Limit 1 of each item
|clearpoke
|poke|p1|Dragonite, L50, M|
|poke|p1|Gholdengo, L50|
|poke|p1|Ursaluna-Bloodmoon, L50, M|
|poke|p1|Malamar, L50, F|
|poke|p1|Amoonguss, L50, M|
|poke|p1|Whimsicott, L50, M|
|poke|p2|Sneasler, L50, F|
|poke|p2|Indeedee, L50, M|
|poke|p2|Volcarona, L50, F|
|poke|p2|Ursaluna-Bloodmoon, L50, M|
|poke|p2|Annihilape, L50, F|
|poke|p2|Tyranitar, L50, M|
|teampreview|4
|showteam|p1|Dragonite||LoadedDice|Multiscale|ScaleShot,StompingTantrum,Haze,Protect|||M|||50|,,,,,Steel]Gholdengo||LifeOrb|GoodasGold|MakeItRain,ShadowBall,NastyPlot,Protect||||||50|,,,,,Water]Ursaluna-Bloodmoon||AssaultVest|MindsEye|BloodMoon,HyperVoice,EarthPower,VacuumWave|||M|||50|,,,,,Water]Malamar||SafetyGoggles|Contrary|Superpower,KnockOff,TrickRoom,Protect|||F|||50|,,,,,Ghost]Amoonguss||SitrusBerry|Regenerator|RagePowder,Spore,PollenPuff,Protect|||M|||50|,,,,,Psychic]Whimsicott||CovertCloak|Prankster|Tailwind,FakeTears,Encore,Moonblast|||M|||50|,,,,,Poison
|showteam|p2|Sneasler||PsychicSeed|Unburden|CloseCombat,DireClaw,ThroatChop,Protect|||F|||50|,,,,,Dark]Indeedee||ChoiceScarf|PsychicSurge|ExpandingForce,TeraBlast,Trick,Protect|||M|||50|,,,,,Psychic]Volcarona||SitrusBerry|FlameBody|Overheat,StruggleBug,RagePowder,Tailwind|||F|||50|,,,,,Grass]Ursaluna-Bloodmoon||LifeOrb|MindsEye|BloodMoon,HyperVoice,EarthPower,Protect|||M|||50|,,,,,Normal]Annihilape||SafetyGoggles|Defiant|CloseCombat,RageFist,Taunt,FinalGambit|||F|||50|,,,,,Fairy]Tyranitar||AssaultVest|SandStream|RockSlide,KnockOff,TeraBlast,LowKick|||M|||50|,,,,,Flying
|j| sam smithy
|l| sam smithy
|
|t:|1757791264
|teamsize|p1|4
|teamsize|p2|4
|start
|switch|p1a: Dragonite|Dragonite, L50, M|100/100
|switch|p1b: Amoonguss|Amoonguss, L50, M|100/100
|switch|p2a: Volcarona|Volcarona, L50, F|100/100
|switch|p2b: Ursaluna|Ursaluna-Bloodmoon, L50, M|100/100
|turn|1
|
|t:|1757791333
|move|p1b: Amoonguss|Protect|p1b: Amoonguss
|-singleturn|p1b: Amoonguss|Protect
|move|p2a: Volcarona|Overheat|p1b: Amoonguss
|-activate|p1b: Amoonguss|move: Protect
|move|p1a: Dragonite|Scale Shot|p2a: Volcarona
|-damage|p2a: Volcarona|83/100
|-damage|p2a: Volcarona|64/100
|-damage|p2a: Volcarona|47/100
|-enditem|p2a: Volcarona|Sitrus Berry|[eat]
|-heal|p2a: Volcarona|72/100|[from] item: Sitrus Berry
|-damage|p2a: Volcarona|52/100
|-hitcount|p2a: Volcarona|4
|-unboost|p1a: Dragonite|def|1
|-boost|p1a: Dragonite|spe|1
|move|p2b: Ursaluna|Hyper Voice|p1b: Amoonguss|[spread] p1a
|-activate|p1b: Amoonguss|move: Protect
|-damage|p1a: Dragonite|74/100
|-damage|p2b: Ursaluna|91/100|[from] item: Life Orb
|
|upkeep
|turn|2
|
|t:|1757791390
|-terastallize|p1a: Dragonite|Steel
|-terastallize|p2b: Ursaluna|Normal
|move|p1a: Dragonite|Scale Shot|p2a: Volcarona
|-damage|p2a: Volcarona|32/100
|-damage|p2a: Volcarona|13/100
|-damage|p2a: Volcarona|0 fnt
|faint|p2a: Volcarona
|-hitcount|p2: Volcarona|3
|-unboost|p1a: Dragonite|def|1
|-boost|p1a: Dragonite|spe|1
|move|p2b: Ursaluna|Blood Moon|p1a: Dragonite
|-resisted|p1a: Dragonite
|-damage|p1a: Dragonite|0 fnt
|faint|p1a: Dragonite
|-damage|p2b: Ursaluna|81/100|[from] item: Life Orb
|move|p1b: Amoonguss|Spore|p2b: Ursaluna
|-status|p2b: Ursaluna|slp|[from] move: Spore
|
|upkeep
|c|☆PhillyPyers|WHEW
|c|☆PhillyPyers|That’s a big attack
|c|☆100PctMareepWool|what is a Blood Moon if not a *spicy meatball*
|c|☆PhillyPyers|Annoyed I burned my Tera on it lmao
|c|☆100PctMareepWool|oh 100%
|
|t:|1757791495
|switch|p2a: Annihilape|Annihilape, L50, F|100/100
|switch|p1a: Malamar|Malamar, L50, F|100/100
|turn|3
|
|t:|1757791526
|switch|p1a: Gholdengo|Gholdengo, L50|100/100
|move|p2a: Annihilape|Final Gambit|p1a: Gholdengo
|-immune|p1a: Gholdengo
|cant|p2b: Ursaluna|slp
|move|p1b: Amoonguss|Pollen Puff|p2b: Ursaluna
|-damage|p2b: Ursaluna|59/100 slp
|
|upkeep
|turn|4
|
|t:|1757791563
|switch|p2a: Tyranitar|Tyranitar, L50, M|100/100
|-weather|Sandstorm|[from] ability: Sand Stream|[of] p2a: Tyranitar
|move|p1b: Amoonguss|Rage Powder|p1b: Amoonguss
|-singleturn|p1b: Amoonguss|move: Rage Powder
|move|p1a: Gholdengo|Nasty Plot|p1a: Gholdengo
|-boost|p1a: Gholdengo|spa|2
|cant|p2b: Ursaluna|slp
|
|-weather|Sandstorm|[upkeep]
|-damage|p2b: Ursaluna|53/100 slp|[from] Sandstorm
|-damage|p1b: Amoonguss|95/100|[from] Sandstorm
|upkeep
|turn|5
|
|t:|1757791587
|move|p1b: Amoonguss|Rage Powder|p1b: Amoonguss
|-singleturn|p1b: Amoonguss|move: Rage Powder
|move|p1a: Gholdengo|Make It Rain|p2a: Tyranitar|[spread] p2a,p2b
|-supereffective|p2a: Tyranitar
|-damage|p2a: Tyranitar|6/100
|-damage|p2b: Ursaluna|0 fnt
|-unboost|p1a: Gholdengo|spa|1
|faint|p2b: Ursaluna
|-damage|p1a: Gholdengo|91/100|[from] item: Life Orb
|move|p2a: Tyranitar|Rock Slide|p1a: Gholdengo|[spread] p1a,p1b
|-resisted|p1a: Gholdengo
|-damage|p1a: Gholdengo|75/100
|-damage|p1b: Amoonguss|67/100
|
|-weather|Sandstorm|[upkeep]
|-damage|p1b: Amoonguss|61/100|[from] Sandstorm
|upkeep
|
|t:|1757791602
|switch|p2b: Annihilape|Annihilape, L50, F|100/100
|turn|6
|
|t:|1757791688
|move|p2b: Annihilape|Rage Fist|p1a: Gholdengo
|-supereffective|p1a: Gholdengo
|-damage|p1a: Gholdengo|31/100
|move|p1a: Gholdengo|Make It Rain|p2b: Annihilape|[spread] p2a,p2b
|-supereffective|p2a: Tyranitar
|-damage|p2a: Tyranitar|0 fnt
|-damage|p2b: Annihilape|20/100
|-unboost|p1a: Gholdengo|spa|1
|faint|p2a: Tyranitar
|-damage|p1a: Gholdengo|22/100|[from] item: Life Orb
|move|p1b: Amoonguss|Pollen Puff|p2b: Annihilape
|-resisted|p2b: Annihilape
|-damage|p2b: Annihilape|15/100
|
|-weather|Sandstorm|[upkeep]
|-damage|p1b: Amoonguss|55/100|[from] Sandstorm
|upkeep
|turn|7
|
|t:|1757791712
|move|p1a: Gholdengo|Protect|p1a: Gholdengo
|-singleturn|p1a: Gholdengo|Protect
|move|p2b: Annihilape|Rage Fist|p1a: Gholdengo
|-activate|p1a: Gholdengo|move: Protect
|move|p1b: Amoonguss|Pollen Puff|p2b: Annihilape
|-resisted|p2b: Annihilape
|-damage|p2b: Annihilape|11/100
|
|-weather|Sandstorm|[upkeep]
|-damage|p1b: Amoonguss|50/100|[from] Sandstorm
|-enditem|p1b: Amoonguss|Sitrus Berry|[eat]
|-heal|p1b: Amoonguss|75/100|[from] item: Sitrus Berry
|upkeep
|turn|8
|
|t:|1757791745
|move|p2b: Annihilape|Rage Fist|p1a: Gholdengo
|-supereffective|p1a: Gholdengo
|-damage|p1a: Gholdengo|0 fnt
|faint|p1a: Gholdengo
|move|p1b: Amoonguss|Pollen Puff|p2b: Annihilape
|-resisted|p2b: Annihilape
|-damage|p2b: Annihilape|7/100
|
|-weather|none
|upkeep
|
|t:|1757791747
|switch|p1a: Malamar|Malamar, L50, F|100/100
|turn|9
|c|☆PhillyPyers|Oopsie
|c|☆100PctMareepWool|??
|c|☆PhillyPyers|I had a much cleaner path to winning but got way too nervous about Rage Fist OHKOing Gholdengo at 50 BP
|j| sam smithy
|
|t:|1757791873
|move|p2b: Annihilape|Rage Fist|p1b: Amoonguss
|-damage|p1b: Amoonguss|0 fnt
|faint|p1b: Amoonguss
|move|p1a: Malamar|Knock Off|p2b: Annihilape
|-damage|p2b: Annihilape|0 fnt
|-enditem|p2b: Annihilape|Safety Goggles|[from] move: Knock Off|[of] p1a: Malamar
|faint|p2b: Annihilape
|
|win|PhillyPyers
|c|☆100PctMareepWool|ggggggg
|c|☆PhillyPyers|Ggs!
|c|☆PhillyPyers|This is a good team for me to practice against tbh
|c|☆100PctMareepWool|I think
|c|☆100PctMareepWool|wait nvm
|c|☆100PctMareepWool|gg for real
|c|☆100PctMareepWool|no whimsicott because sneasler/indeedee?
