|j|☆andiom123
|j|☆Big6mybeloved
|html|andiom123Big6mybeloved    
|uhtml|bestof|Game 1 of a best-of-3
|t:|1785868946
|gametype|doubles
|player|p1|andiom123|red|1235
|player|p2|Big6mybeloved|266|1265
|gen|9
|tier|[Gen 9 Champions] VGC 2026 Reg M-B (Bo3)
|rated|
|rule|Species Clause: Limit one of each Pokémon
|rule|Item Clause: Limit 1 of each item
|clearpoke
|poke|p1|Incineroar, L50, F|
|poke|p1|Farigiraf, L50, F|
|poke|p1|Sylveon, L50, M|
|poke|p1|Torkoal, L50, F|
|poke|p1|Kangaskhan, L50, F|
|poke|p1|Mudsdale, L50, F|
|poke|p2|Whimsicott, L50, F, shiny|
|poke|p2|Garchomp, L50, M|
|poke|p2|Basculegion, L50, M|
|poke|p2|Charizard, L50, F|
|poke|p2|Floette-Eternal, L50, F|
|poke|p2|Kingambit, L50, F|
|teampreview|4
|showteam|p1|Incineroar||MuscleBand|Intimidate|ThroatChop,FlareBlitz,FakeOut,PartingShot|Brave||F|||50|]Farigiraf||SitrusBerry|ArmorTail|FoulPlay,PsychicNoise,TrickRoom,HelpingHand|Relaxed||F|||50|]Sylveon||FairyFeather|Pixilate|HyperVoice,HyperBeam,Yawn,Detect|Modest||M|||50|]Torkoal||Charcoal|Drought|Eruption,EarthPower,Flamethrower,Protect|Quiet||F|||50|]Kangaskhan||Kangaskhanite|Scrappy|DoubleEdge,FakeOut,IcePunch,HammerArm|Brave||F|||50|]Mudsdale||LifeOrb|InnerFocus|HighHorsepower,Earthquake,RockSlide,HeavySlam|Brave||F|||50|
|showteam|p2|Whimsicott||FocusSash|Prankster|Protect,Tailwind,Encore,Moonblast|Timid||F|||50|]Garchomp||LifeOrb|RoughSkin|Protect,RockSlide,Earthquake,DragonClaw|Jolly||M|||50|]Basculegion||MysticWater|Adaptability|Protect,WaveCrash,LastRespects,AquaJet|Adamant||M|||50|]Charizard||CharizarditeY|Blaze|Protect,HeatWave,WeatherBall,SolarBeam|Modest||F|||50|]Floette-Eternal||Floettite|FlowerVeil|Protect,LightofRuin,DazzlingGleam,Moonblast|Modest||F|||50|]Kingambit||ChopleBerry|Defiant|LowKick,SuckerPunch,KowtowCleave,IronHead|Adamant||F|||50|
|inactive|Battle timer is ON: inactive players will automatically lose when time's up. (requested by Big6mybeloved)
|inactive|Big6mybeloved has 60 seconds left.
|
|t:|1785868987
|teamsize|p1|4
|teamsize|p2|4
|start
|switch|p1a: Farigiraf|Farigiraf, L50, F|100/100
|switch|p1b: Kangaskhan|Kangaskhan, L50, F|100/100
|switch|p2a: Charizard|Charizard, L50, F|100/100
|switch|p2b: Garchomp|Garchomp, L50, M|100/100
|turn|1
|inactive|andiom123 has 30 seconds left.
|
|t:|1785869014
|detailschange|p2a: Charizard|Charizard-Mega-Y, L50, F
|-mega|p2a: Charizard|Charizard|Charizardite Y
|-weather|SunnyDay|[from] ability: Drought|[of] p2a: Charizard
|detailschange|p1b: Kangaskhan|Kangaskhan-Mega, L50, F
|-mega|p1b: Kangaskhan|Kangaskhan|Kangaskhanite
|move|p1b: Kangaskhan|Fake Out|p2a: Charizard
|-damage|p2a: Charizard|78/100
|-damage|p2a: Charizard|73/100
|-hitcount|p2a: Charizard|2
|move|p2b: Garchomp|Earthquake|p1a: Farigiraf|[spread] p1a,p1b
|-immune|p2a: Charizard
|-damage|p1a: Farigiraf|59/100
|-damage|p1b: Kangaskhan|55/100
|-damage|p2b: Garchomp|90/100|[from] item: Life Orb
|cant|p2a: Charizard|flinch
|move|p1a: Farigiraf|Trick Room|p1a: Farigiraf
|-fieldstart|move: Trick Room|[of] p1a: Farigiraf
|
|-weather|SunnyDay|[upkeep]
|upkeep
|turn|2
|
|t:|1785869036
|switch|p2a: Kingambit|Kingambit, L50, F|100/100
|move|p2b: Garchomp|Protect|p2b: Garchomp
|-singleturn|p2b: Garchomp|Protect
|move|p1a: Farigiraf|Foul Play|p2b: Garchomp
|-activate|p2b: Garchomp|move: Protect
|move|p1b: Kangaskhan|Double-Edge|p2a: Kingambit
|-resisted|p2a: Kingambit|1
|-damage|p2a: Kingambit|74/100
|-resisted|p2a: Kingambit|1
|-damage|p2a: Kingambit|69/100
|-hitcount|p2a: Kingambit|2
|-damage|p1b: Kangaskhan|45/100|[from] Recoil
|
|-weather|SunnyDay|[upkeep]
|upkeep
|turn|3
|inactive|andiom123 has 30 seconds left.
|
|t:|1785869062
|move|p2a: Kingambit|Low Kick|p1b: Kangaskhan
|-supereffective|p1b: Kangaskhan|1
|-damage|p1b: Kangaskhan|0 fnt
|faint|p1b: Kangaskhan
|move|p1a: Farigiraf|Foul Play|p2b: Garchomp
|-damage|p2b: Garchomp|61/100
|-damage|p1a: Farigiraf|47/100|[from] ability: Rough Skin|[of] p2b: Garchomp
|-enditem|p1a: Farigiraf|Sitrus Berry|[eat]
|-heal|p1a: Farigiraf|72/100|[from] item: Sitrus Berry
|move|p2b: Garchomp|Dragon Claw|p1a: Farigiraf
|-damage|p1a: Farigiraf|35/100
|-damage|p2b: Garchomp|51/100|[from] item: Life Orb
|
|-weather|SunnyDay|[upkeep]
|upkeep
|
|t:|1785869086
|switch|p1b: Mudsdale|Mudsdale, L50, F|100/100
|turn|4
|
|t:|1785869096
|switch|p2a: Basculegion|Basculegion, L50, M|100/100
|move|p2b: Garchomp|Protect|p2b: Garchomp
|-singleturn|p2b: Garchomp|Protect
|move|p1b: Mudsdale|High Horsepower|p2a: Basculegion
|-damage|p2a: Basculegion|21/100
|-damage|p1b: Mudsdale|90/100|[from] item: Life Orb
|move|p1a: Farigiraf|Foul Play|p2b: Garchomp
|-activate|p2b: Garchomp|move: Protect
|
|-weather|SunnyDay|[upkeep]
|upkeep
|turn|5
|inactive|andiom123 has 30 seconds left.
|inactive|andiom123 has 20 seconds left.
|inactive|andiom123 has 15 seconds left.
|inactive|andiom123 has 10 seconds left.
|inactive|andiom123 has 5 seconds left.
|
|t:|1785869148
|move|p2a: Basculegion|Protect|p2a: Basculegion
|-singleturn|p2a: Basculegion|Protect
|move|p1b: Mudsdale|Earthquake|p2b: Garchomp|[spread] p1a,p2b
|-activate|p2a: Basculegion|move: Protect
|-damage|p1a: Farigiraf|0 fnt
|-damage|p2b: Garchomp|4/100
|faint|p1a: Farigiraf
|-damage|p1b: Mudsdale|80/100|[from] item: Life Orb
|move|p2b: Garchomp|Earthquake|p1b: Mudsdale|[spread] p1b
|-activate|p2a: Basculegion|move: Protect
|-damage|p1b: Mudsdale|35/100
|-damage|p2b: Garchomp|0 fnt|[from] item: Life Orb
|faint|p2b: Garchomp
|
|-weather|none
|-fieldend|move: Trick Room
|upkeep
|
|t:|1785869168
|switch|p2b: Kingambit|Kingambit, L50, F|69/100
|switch|p1a: Sylveon|Sylveon, L50, M|100/100
|turn|6
|inactive|andiom123 has 30 seconds left.
|inactive|andiom123 has 20 seconds left.
|inactive|andiom123 has 15 seconds left.
|
|t:|1785869211
|move|p2a: Basculegion|Wave Crash|p1b: Mudsdale
|-supereffective|p1b: Mudsdale|1
|-damage|p1b: Mudsdale|0 fnt
|faint|p1b: Mudsdale
|-damage|p2a: Basculegion|9/100|[from] Recoil
|move|p1a: Sylveon|Hyper Voice|p2a: Basculegion|[spread] p2a,p2b
|-damage|p2a: Basculegion|0 fnt
|-damage|p2b: Kingambit|30/100
|faint|p2a: Basculegion
|move|p2b: Kingambit|Iron Head|p1a: Sylveon
|-supereffective|p1a: Sylveon|1
|-damage|p1a: Sylveon|10/100
|
|upkeep
|
|t:|1785869218
|switch|p2a: Charizard|Charizard-Mega-Y, L50, F|73/100
|-weather|SunnyDay|[from] ability: Drought|[of] p2a: Charizard
|turn|7
|
|t:|1785869227
|move|p2b: Kingambit|Sucker Punch|p1a: Sylveon
|-resisted|p1a: Sylveon|1
|-damage|p1a: Sylveon|0 fnt
|faint|p1a: Sylveon
|
|win|Big6mybeloved
||andiom123 is ready for game 2.
||Big6mybeloved is ready for game 2.
|uhtml|next|Next: Game 2 of 3
