|j|☆thebusinesspiggy2
|j|☆LovelyLilypad
|html|thebusinesspiggy2LovelyLilypad    
|uhtml|bestof|Game 2 of a best-of-3
|t:|1757727183
|gametype|doubles
|player|p1|thebusinesspiggy2|iris-gen5bw2|
|player|p2|LovelyLilypad|caitlin|
|gen|9
|tier|[Gen 9] VGC 2025 Reg H (Bo3)
|rule|Species Clause: Limit one of each Pokémon
|rule|Item Clause: Limit 1 of each item
|clearpoke
|poke|p1|Electrode, L50|
|poke|p1|Serperior, L50, F|
|poke|p1|Murkrow, L50, F|
|poke|p1|Arcanine-Hisui, L50, M|
|poke|p1|Bisharp, L50, M|
|poke|p1|Baxcalibur, L50, M|
|poke|p2|Hatterene, L50, F|
|poke|p2|Farigiraf, L50, M|
|poke|p2|Dragapult, L50, M|
|poke|p2|Kommo-o, L50, F|
|poke|p2|Yanmega, L50, F|
|poke|p2|Magnezone, L50|
|teampreview|4
|showteam|p1|Electrode||CovertCloak|Soundproof|Electroweb,FoulPlay,EerieImpulse,Taunt||||||50|,,,,,Dark]Serperior||ChoiceSpecs|Contrary|LeafStorm,FrenzyPlant,TeraBlast,DragonPulse|||F|||50|,,,,,Stellar]Murkrow||FocusSash|Prankster|Tailwind,FeatherDance,FoulPlay,Quash|||F|||50|,,,,,Ghost]Arcanine-Hisui||SafetyGoggles|Intimidate|FlareBlitz,HeadSmash,RockSlide,Protect|||M|||50|,,,,,Dragon]Bisharp||Eviolite|Defiant|IronHead,ThroatChop,SuckerPunch,Protect|||M|||50|,,,,,Water]Baxcalibur||LifeOrb|ThermalExchange|IcicleCrash,GlaiveRush,HighHorsepower,Protect|||M|||50|,,,,,Steel
|showteam|p2|Hatterene||LifeOrb|MagicBounce|ExpandingForce,DazzlingGleam,MysticalFire,TrickRoom|||F|||50|,,,,,Fire]Farigiraf||SafetyGoggles|ArmorTail|HyperVoice,StoredPower,ShadowBall,PsychUp|||M|||50|,,,,,Stellar]Dragapult||ChoiceBand|ClearBody|DragonDarts,Outrage,PhantomForce,Uturn|||M|||50|,,,,,Dragon]Kommo-o||ThroatSpray|Overcoat|ClangingScales,Flamethrower,AuraSphere,ClangorousSoul|||F|||50|,,,,,Fire]Yanmega||FocusSash|SpeedBoost|Protect,Tailwind,AirSlash,BugBuzz|||F|||50|,,,,,Ghost]Magnezone||ChoiceSpecs|Sturdy|Thunderbolt,FlashCannon,TeraBlast,VoltSwitch||||||50|,,,,,Flying
|
|t:|1757727219
|teamsize|p1|4
|teamsize|p2|4
|start
|switch|p1a: Dung Defender|Electrode, L50|100/100
|switch|p1b: Mossy|Serperior, L50, F, shiny|100/100
|switch|p2a: Trans Rights!|Hatterene, L50, F|100/100
|switch|p2b: Hot Topic Shopper|Farigiraf, L50, M|100/100
|turn|1
|
|t:|1757727270
|-terastallize|p1b: Mossy|Stellar
|-terastallize|p2a: Trans Rights!|Fire
|move|p1a: Dung Defender|Eerie Impulse|p1b: Mossy
|-boost|p1b: Mossy|spa|2
|move|p1b: Mossy|Frenzy Plant|p2a: Trans Rights!
|-resisted|p2a: Trans Rights!
|-damage|p2a: Trans Rights!|0 fnt
|-mustrecharge|p1b: Mossy
|faint|p2a: Trans Rights!
|move|p2b: Hot Topic Shopper|Shadow Ball|p1a: Dung Defender
|-crit|p1a: Dung Defender
|-damage|p1a: Dung Defender|50/100
|
|upkeep
|
|t:|1757727288
|switch|p2a: Pinball Wizard|Magnezone, L50|100/100
|turn|2
|
|t:|1757727306
|move|p1a: Dung Defender|Eerie Impulse|p2b: Hot Topic Shopper
|-unboost|p2b: Hot Topic Shopper|spa|2
|cant|p1b: Mossy|recharge
|move|p2b: Hot Topic Shopper|Shadow Ball|p1b: Mossy
|-damage|p1b: Mossy|83/100
|move|p2a: Pinball Wizard|Flash Cannon|p1b: Mossy
|-damage|p1b: Mossy|0 fnt
|faint|p1b: Mossy
|
|upkeep
|
|t:|1757727322
|switch|p1b: Grimm|Baxcalibur, L50, M|100/100
|turn|3
|
|t:|1757727336
|move|p1a: Dung Defender|Electroweb|p2a: Pinball Wizard|[spread] p2a,p2b
|-resisted|p2a: Pinball Wizard
|-damage|p2a: Pinball Wizard|94/100
|-damage|p2b: Hot Topic Shopper|90/100
|-unboost|p2a: Pinball Wizard|spe|1
|-unboost|p2b: Hot Topic Shopper|spe|1
|move|p1b: Grimm|High Horsepower|p2a: Pinball Wizard
|-supereffective|p2a: Pinball Wizard
|-crit|p2a: Pinball Wizard
|-damage|p2a: Pinball Wizard|0 fnt
|faint|p2a: Pinball Wizard
|-damage|p1b: Grimm|91/100|[from] item: Life Orb
|move|p2b: Hot Topic Shopper|Shadow Ball|p1a: Dung Defender
|-damage|p1a: Dung Defender|33/100
|
|upkeep
|
|t:|1757727349
|switch|p2a: Bazelgeuse|Dragapult, L50, M|100/100
|turn|4
|
|t:|1757727371
|move|p1a: Dung Defender|Foul Play|p2a: Bazelgeuse
|-supereffective|p2a: Bazelgeuse
|-damage|p2a: Bazelgeuse|7/100
|move|p2a: Bazelgeuse|Dragon Darts|p1b: Grimm
|-supereffective|p1b: Grimm
|-damage|p1b: Grimm|22/100
|-anim|p2a: Bazelgeuse|Dragon Darts|p1a: Dung Defender
|-damage|p1a: Dung Defender|0 fnt
|faint|p1a: Dung Defender
|move|p1b: Grimm|Glaive Rush|p2b: Hot Topic Shopper
|-damage|p2b: Hot Topic Shopper|0 fnt
|-singlemove|p1b: Grimm|Glaive Rush|[silent]
|faint|p2b: Hot Topic Shopper
|-damage|p1b: Grimm|12/100|[from] item: Life Orb
|
|upkeep
|
|t:|1757727376
|switch|p1a: Sheo|Bisharp, L50, M|100/100
|turn|5
|c|☆thebusinesspiggy2|GGWP
|
|t:|1757727387
|move|p1b: Grimm|Protect|p1b: Grimm
|-singleturn|p1b: Grimm|Protect
|move|p1a: Sheo|Sucker Punch|p2a: Bazelgeuse
|-supereffective|p2a: Bazelgeuse
|-damage|p2a: Bazelgeuse|0 fnt
|faint|p2a: Bazelgeuse
|
|win|thebusinesspiggy2
|c|☆LovelyLilypad|ggs!!
