|j|☆fl jdhsbsjksms2
|j|☆Ferran Tiburon
|html|fl jdhsbsjksms2Ferran Tiburon    
|uhtml|bestof|Game 1 of a best-of-3
|t:|1784557899
|gametype|doubles
|player|p1|fl jdhsbsjksms2|169|1159
|player|p2|Ferran Tiburon|2|1181
|gen|9
|tier|[Gen 9 Champions] VGC 2026 Reg M-B (Bo3)
|rated|
|rule|Species Clause: Limit one of each Pokémon
|rule|Item Clause: Limit 1 of each item
|clearpoke
|poke|p1|Charizard, L50, F|
|poke|p1|Garchomp, L50, F|
|poke|p1|Sneasler, L50, M|
|poke|p1|Rotom-Wash, L50|
|poke|p1|Kingambit, L50, M|
|poke|p1|Sylveon, L50, F|
|poke|p2|Charizard, L50, M|
|poke|p2|Grimmsnarl, L50, M|
|poke|p2|Pelipper, L50, M|
|poke|p2|Archaludon, L50, M|
|poke|p2|Basculegion, L50, M|
|poke|p2|Venusaur, L50, F|
|teampreview|4
|showteam|p1|Charizard||CharizarditeY|SolarPower|HeatWave,WeatherBall,SolarBeam,Protect|Timid||F|||50|]Garchomp||ChoiceScarf|RoughSkin|DragonClaw,RockSlide,StompingTantrum,Earthquake|Adamant||F|||50|]Sneasler||WhiteHerb|Unburden|FakeOut,DireClaw,CloseCombat,QuickGuard|Adamant||M|||50|]Rotom-Wash||SitrusBerry|Levitate|WillOWisp,HydroPump,Electroweb,Protect|Relaxed|||||50|]Kingambit||BlackGlasses|Defiant|KowtowCleave,SuckerPunch,Protect,LowKick|Relaxed||M|||50|]Sylveon||FairyFeather|Pixilate|Protect,QuickAttack,HyperVoice,HyperBeam|Quiet||F|||50|
|showteam|p2|Charizard||CharizarditeY|Blaze|Protect,HeatWave,WeatherBall,SolarBeam|Modest||M|||50|]Grimmsnarl||LightClay|Prankster|SpiritBreak,Reflect,LightScreen,PartingShot|Sassy||M|||50|]Pelipper||SitrusBerry|Drizzle|Hurricane,WeatherBall,Tailwind,WideGuard|Modest||M|||50|]Archaludon||Leftovers|Stamina|Protect,ElectroShot,DragonPulse,FlashCannon|Calm||M|||50|]Basculegion||ChoiceScarf|Adaptability|FlipTurn,WaveCrash,AquaJet,LastRespects|Jolly||M|||50|]Venusaur||FocusSash|Chlorophyll|Protect,SleepPowder,SludgeBomb,EarthPower|Modest||F|||50|
|
|t:|1784557976
|teamsize|p1|4
|teamsize|p2|4
|start
|switch|p1a: Sneasler|Sneasler, L50, M|100/100
|switch|p1b: Sylveon|Sylveon, L50, F|100/100
|switch|p2a: Grimmsnarl|Grimmsnarl, L50, M|100/100
|switch|p2b: Basculegion|Basculegion, L50, M|100/100
|turn|1
|inactive|Battle timer is ON: inactive players will automatically lose when time's up. (requested by Ferran Tiburon)
|
|t:|1784558002
|move|p1a: Sneasler|Fake Out|p2a: Grimmsnarl
|-damage|p2a: Grimmsnarl|86/100
|cant|p2a: Grimmsnarl|flinch
|move|p2b: Basculegion|Wave Crash|p1a: Sneasler
|-damage|p1a: Sneasler|2/100
|-damage|p2b: Basculegion|69/100|[from] Recoil
|move|p1b: Sylveon|Hyper Voice|p2a: Grimmsnarl|[spread] p2a,p2b
|-supereffective|p2a: Grimmsnarl|1
|-damage|p2a: Grimmsnarl|1/100
|-damage|p2b: Basculegion|14/100
|
|upkeep
|turn|2
|
|t:|1784558021
|move|p2a: Grimmsnarl|Light Screen|p2a: Grimmsnarl
|-sidestart|p2: Ferran Tiburon|move: Light Screen
|move|p1b: Sylveon|Quick Attack|p2a: Grimmsnarl
|-supereffective|p2a: Grimmsnarl|1
|-damage|p2a: Grimmsnarl|0 fnt
|faint|p2a: Grimmsnarl
|move|p2b: Basculegion|Wave Crash|p1b: Sylveon
|-damage|p1b: Sylveon|26/100
|-damage|p2b: Basculegion|0 fnt|[from] Recoil
|faint|p2b: Basculegion
|move|p1a: Sneasler|Dire Claw|p2: Grimmsnarl|[notarget]
|-fail|p1a: Sneasler
|
|upkeep
|
|t:|1784558025
|switch|p2b: Venusaur|Venusaur, L50, F|100/100
|switch|p2a: Charizard|Charizard, L50, M|100/100
|turn|3
|inactive|fl jdhsbsjksms2 has 30 seconds left.
|
|t:|1784558052
|detailschange|p2a: Charizard|Charizard-Mega-Y, L50, M
|-mega|p2a: Charizard|Charizard|Charizardite Y
|-weather|SunnyDay|[from] ability: Drought|[of] p2a: Charizard
|move|p1b: Sylveon|Quick Attack|p2b: Venusaur
|-resisted|p2b: Venusaur|1
|-damage|p2b: Venusaur|89/100
|move|p2b: Venusaur|Earth Power|p1a: Sneasler
|-supereffective|p1a: Sneasler|1
|-damage|p1a: Sneasler|0 fnt
|faint|p1a: Sneasler
|move|p2a: Charizard|Weather Ball|p1b: Sylveon
|-damage|p1b: Sylveon|0 fnt
|faint|p1b: Sylveon
|
|-weather|SunnyDay|[upkeep]
|upkeep
|
|t:|1784558068
|switch|p1a: Charizard|Charizard, L50, F|100/100
|switch|p1b: Garchomp|Garchomp, L50, F|100/100
|turn|4
|
|t:|1784558081
|detailschange|p1a: Charizard|Charizard-Mega-Y, L50, F
|-mega|p1a: Charizard|Charizard|Charizardite Y
|move|p2a: Charizard|Protect|p2a: Charizard
|-singleturn|p2a: Charizard|Protect
|move|p2b: Venusaur|Sleep Powder|p1a: Charizard
|-status|p1a: Charizard|slp|[from] move: Sleep Powder
|move|p1b: Garchomp|Rock Slide|p2a: Charizard|[spread] p2b
|-activate|p2a: Charizard|move: Protect
|-damage|p2b: Venusaur|61/100
|cant|p1a: Charizard|slp
|
|-weather|SunnyDay|[upkeep]
|upkeep
|turn|5
|inactive|fl jdhsbsjksms2 has 30 seconds left.
|inactive|Ferran Tiburon has 30 seconds left.
|
|t:|1784558114
|move|p2b: Venusaur|Sleep Powder|p1b: Garchomp|[miss]
|-miss|p2b: Venusaur|p1b: Garchomp
|move|p1b: Garchomp|Rock Slide|p2a: Charizard|[spread] p2a,p2b
|-supereffective|p2a: Charizard|2
|-damage|p2a: Charizard|25/100
|-damage|p2b: Venusaur|34/100
|cant|p1a: Charizard|slp
|cant|p2a: Charizard|flinch
|
|-weather|SunnyDay|[upkeep]
|upkeep
|turn|6
|
|t:|1784558133
|move|p2b: Venusaur|Sludge Bomb|p1a: Charizard
|-damage|p1a: Charizard|58/100 slp
|move|p1b: Garchomp|Rock Slide|p2b: Venusaur|[spread] p2a
|-miss|p1b: Garchomp|p2b: Venusaur
|-supereffective|p2a: Charizard|2
|-damage|p2a: Charizard|0 fnt
|faint|p2a: Charizard
|-curestatus|p1a: Charizard|slp|[msg]
|move|p1a: Charizard|Heat Wave|p2b: Venusaur
|-supereffective|p2b: Venusaur|1
|-damage|p2b: Venusaur|0 fnt
|faint|p2b: Venusaur
|
|win|fl jdhsbsjksms2
||Ferran Tiburon is ready for game 2.
|inactive|fl jdhsbsjksms2 has 30 seconds to confirm battle start!
|inactive|fl jdhsbsjksms2 has 20 seconds to confirm battle start!
|l|☆fl jdhsbsjksms2
|player|p1|
||fl jdhsbsjksms2 is ready for game 2.
|uhtml|next|Next: Game 2 of 3
