|j|☆dogwitdaglasses
|j|☆spearow's nest
|html|dogwitdaglassesspearow's nest    
|uhtml|bestof|Game 3 of a best-of-3
|t:|1757640885
|gametype|doubles
|player|p1|dogwitdaglasses|guzma|
|player|p2|spearow's nest|lance|
|gen|9
|tier|[Gen 9] VGC 2025 Reg H (Bo3)
|rule|Species Clause: Limit one of each Pokémon
|rule|Item Clause: Limit 1 of each item
|clearpoke
|poke|p1|Rillaboom, L50, M|
|poke|p1|Dragonite, L50, M|
|poke|p1|Sneasler, L50, M|
|poke|p1|Ninetales-Alola, L50, F|
|poke|p1|Kingambit, L50, M|
|poke|p1|Volcarona, L50, F|
|poke|p2|Gholdengo, L50|
|poke|p2|Sneasler, L50, M|
|poke|p2|Rillaboom, L50, F|
|poke|p2|Dragonite, L50, M|
|poke|p2|Ninetales-Alola, L50, M|
|poke|p2|Arcanine-Hisui, L50, F|
|teampreview|4
|showteam|p1|Rillaboom||AssaultVest|GrassySurge|WoodHammer,GrassyGlide,HighHorsepower,FakeOut|||M|||50|,,,,,Fire]Dragonite||LoadedDice|Multiscale|Protect,ScaleShot,LowKick,Haze|||M|||50|,,,,,Fairy]Sneasler||WhiteHerb|Unburden|Protect,DireClaw,CloseCombat,Coaching|||M|||50|,,,,,Ghost]Ninetales-Alola||ChoiceSpecs|SnowWarning|Blizzard,IcyWind,Moonblast,FreezeDry|||F|||50|,,,,,Ghost]Kingambit||SafetyGoggles|Defiant|Protect,KowtowCleave,SuckerPunch,SwordsDance|||M|||50|,,,,,Dark]Volcarona||LumBerry|FlameBody|StruggleBug,RagePowder,Overheat,WillOWisp|||F|||50|,,,,,Fire
|showteam|p2|Gholdengo||GrassySeed|GoodasGold|NastyPlot,MakeItRain,ShadowBall,Protect||||||50|,,,,,Water]Sneasler||WhiteHerb|Unburden|CloseCombat,DireClaw,Coaching,Protect|||M|||50|,,,,,Ghost]Rillaboom||AssaultVest|GrassySurge|FakeOut,GrassyGlide,DrumBeating,HighHorsepower|||F|||50|,,,,,Fire]Dragonite||LoadedDice|Multiscale|ScaleShot,StompingTantrum,Tailwind,Protect|||M|||50|,,,,,Ground]Ninetales-Alola||FocusSash|SnowWarning|Blizzard,IcyWind,Encore,AuroraVeil|||M|||50|,,,,,Ghost]Arcanine-Hisui||ClearAmulet|Intimidate|RockSlide,FlareBlitz,ExtremeSpeed,Protect|||F|||50|,,,,,Water
|
|t:|1757640965
|teamsize|p1|4
|teamsize|p2|4
|start
|switch|p1a: Ninetales|Ninetales-Alola, L50, F|100/100
|switch|p1b: Kingambit|Kingambit, L50, M|100/100
|switch|p2a: Arcanine|Arcanine-Hisui, L50, F|100/100
|switch|p2b: Ninetales|Ninetales-Alola, L50, M|100/100
|-weather|Snowscape|[from] ability: Snow Warning|[of] p2b: Ninetales
|-ability|p2a: Arcanine|Intimidate|boost
|-unboost|p1a: Ninetales|atk|1
|-unboost|p1b: Kingambit|atk|1
|-ability|p1b: Kingambit|Defiant|boost
|-boost|p1b: Kingambit|atk|2
|turn|1
|
|t:|1757640995
|-terastallize|p1b: Kingambit|Dark
|move|p1a: Ninetales|Blizzard|p2a: Arcanine|[spread] p2a,p2b
|-resisted|p2a: Arcanine
|-resisted|p2b: Ninetales
|-damage|p2a: Arcanine|72/100
|-damage|p2b: Ninetales|72/100
|move|p2b: Ninetales|Aurora Veil|p2b: Ninetales
|-sidestart|p2: spearow's nest|move: Aurora Veil
|move|p2a: Arcanine|Flare Blitz|p1b: Kingambit
|-damage|p1b: Kingambit|57/100
|-status|p1b: Kingambit|brn
|-damage|p2a: Arcanine|54/100|[from] Recoil
|move|p1b: Kingambit|Swords Dance|p1b: Kingambit
|-boost|p1b: Kingambit|atk|2
|
|-weather|Snowscape|[upkeep]
|-damage|p1b: Kingambit|51/100 brn|[from] brn
|upkeep
|turn|2
|
|t:|1757641017
|move|p2a: Arcanine|Extreme Speed|p1b: Kingambit
|-damage|p1b: Kingambit|33/100 brn
|move|p1b: Kingambit|Sucker Punch||[still]
|-fail|p1b: Kingambit
|move|p1a: Ninetales|Blizzard|p2b: Ninetales|[spread] p2a,p2b
|-resisted|p2a: Arcanine
|-resisted|p2b: Ninetales
|-damage|p2a: Arcanine|35/100
|-damage|p2b: Ninetales|56/100
|move|p2b: Ninetales|Encore|p1b: Kingambit
|-start|p1b: Kingambit|Encore
|
|-weather|Snowscape|[upkeep]
|-damage|p1b: Kingambit|27/100 brn|[from] brn
|upkeep
|turn|3
|
|t:|1757641032
|switch|p2a: Dragonite|Dragonite, L50, M|100/100
|move|p1b: Kingambit|Sucker Punch|p2b: Ninetales
|-resisted|p2b: Ninetales
|-damage|p2b: Ninetales|33/100
|move|p2b: Ninetales|Blizzard|p1b: Kingambit|[spread] p1a,p1b
|-resisted|p1a: Ninetales
|-damage|p1a: Ninetales|83/100
|-damage|p1b: Kingambit|0 fnt
|faint|p1b: Kingambit
|move|p1a: Ninetales|Blizzard|p2b: Ninetales|[spread] p2a,p2b
|-supereffective|p2a: Dragonite
|-resisted|p2b: Ninetales
|-damage|p2a: Dragonite|29/100
|-damage|p2b: Ninetales|14/100
|
|-weather|Snowscape|[upkeep]
|upkeep
|
|t:|1757641049
|switch|p1b: Volcarona|Volcarona, L50, F|100/100
|turn|4
|
|t:|1757641063
|move|p1a: Ninetales|Blizzard|p2a: Dragonite|[spread] p2a,p2b
|-supereffective|p2a: Dragonite
|-resisted|p2b: Ninetales
|-damage|p2a: Dragonite|0 fnt
|-damage|p2b: Ninetales|0 fnt
|faint|p2a: Dragonite
|faint|p2b: Ninetales
|move|p1b: Volcarona|Will-O-Wisp|p2: Dragonite|[notarget]
|-fail|p1b: Volcarona
|
|-weather|Snowscape|[upkeep]
|upkeep
|
|t:|1757641067
|switch|p2b: Arcanine|Arcanine-Hisui, L50, F|35/100
|switch|p2a: Sneasler|Sneasler, L50, M|100/100
|-ability|p2b: Arcanine|Intimidate|boost
|-unboost|p1a: Ninetales|atk|1
|-unboost|p1b: Volcarona|atk|1
|turn|5
|
|t:|1757641079
|move|p2b: Arcanine|Protect|p2b: Arcanine
|-singleturn|p2b: Arcanine|Protect
|move|p1a: Ninetales|Blizzard|p2a: Sneasler|[spread] p2a
|-activate|p2b: Arcanine|move: Protect
|-damage|p2a: Sneasler|64/100
|-status|p2a: Sneasler|frz
|cant|p2a: Sneasler|frz
|move|p1b: Volcarona|Will-O-Wisp||[still]
|-fail|p1b: Volcarona
|
|-weather|none
|-sideend|p2: spearow's nest|move: Aurora Veil
|upkeep
|turn|6
|
|t:|1757641098
|switch|p1a: Rillaboom|Rillaboom, L50, M|100/100
|-fieldstart|move: Grassy Terrain|[from] ability: Grassy Surge|[of] p1a: Rillaboom
|cant|p2a: Sneasler|frz
|move|p1b: Volcarona|Overheat|p2a: Sneasler
|-damage|p2a: Sneasler|0 fnt
|-unboost|p1b: Volcarona|spa|2
|faint|p2a: Sneasler
|move|p2b: Arcanine|Rock Slide|p1b: Volcarona|[spread] p1a,p1b
|-supereffective|p1b: Volcarona
|-damage|p1a: Rillaboom|74/100
|-damage|p1b: Volcarona|0 fnt
|faint|p1b: Volcarona
|
|-heal|p2b: Arcanine|41/100|[from] Grassy Terrain
|-heal|p1a: Rillaboom|80/100|[from] Grassy Terrain
|upkeep
|
|t:|1757641110
|switch|p1b: Ninetales|Ninetales-Alola, L50, F|83/100
|-weather|Snowscape|[from] ability: Snow Warning|[of] p1b: Ninetales
|turn|7
|
|t:|1757641114
|move|p2b: Arcanine|Protect|p2b: Arcanine
|-singleturn|p2b: Arcanine|Protect
|move|p1a: Rillaboom|Grassy Glide|p2b: Arcanine
|-activate|p2b: Arcanine|move: Protect
|move|p1b: Ninetales|Blizzard|p2b: Arcanine
|-activate|p2b: Arcanine|move: Protect
|
|-weather|Snowscape|[upkeep]
|-heal|p1b: Ninetales|89/100|[from] Grassy Terrain
|-heal|p2b: Arcanine|47/100|[from] Grassy Terrain
|-heal|p1a: Rillaboom|87/100|[from] Grassy Terrain
|upkeep
|turn|8
|
|t:|1757641120
|move|p2b: Arcanine|Protect||[still]
|-fail|p2b: Arcanine
|move|p1a: Rillaboom|Grassy Glide|p2b: Arcanine
|-damage|p2b: Arcanine|0 fnt
|faint|p2b: Arcanine
|
|win|dogwitdaglasses
