|j|☆delphigni
|j|☆DragoniteMega149
|html|delphigniDragoniteMega149    
|uhtml|bestof|Game 3 of a best-of-3
|t:|1756328259
|gametype|doubles
|player|p1|delphigni|dawn|1233
|player|p2|DragoniteMega149|102|1328
|gen|9
|tier|[Gen 9] VGC 2025 Reg H (Bo3)
|rated|
|rule|Species Clause: Limit one of each Pokémon
|rule|Item Clause: Limit 1 of each item
|clearpoke
|poke|p1|Kommo-o, L50, M|
|poke|p1|Primarina, L50, M|
|poke|p1|Rillaboom, L50, M|
|poke|p1|Electabuzz, L50, M|
|poke|p1|Tyranitar, L50, F|
|poke|p1|Excadrill, L50, F|
|poke|p2|Sneasler, L50, F|
|poke|p2|Indeedee, L50, M|
|poke|p2|Talonflame, L50, F|
|poke|p2|Incineroar, L50, M|
|poke|p2|Electabuzz, L50, F|
|poke|p2|Ursaluna-Bloodmoon, L50, M|
|teampreview|4
|showteam|p1|Kommo-o||ThroatSpray|Overcoat|ClangingScales,Flamethrower,ClangorousSoul,Protect|||M|||50|,,,,,Fire]Primarina||LifeOrb|LiquidVoice|HyperVoice,Moonblast,Haze,Protect|||M|||50|,,,,,Poison]Rillaboom||MeadowPlate|GrassySurge|WoodHammer,GrassyGlide,FakeOut,Protect|||M|||50|,,,,,Water]Electabuzz||Eviolite|VitalSpirit|FollowMe,Electroweb,Taunt,Protect|||M|||50|,,,,,Fairy]Tyranitar||AssaultVest|SandStream|TeraBlast,RockSlide,KnockOff,LowKick|||F|||50|,,,,,Flying]Excadrill||ClearAmulet|SandRush|RockSlide,IronHead,HighHorsepower,Protect|||F|||50|,,,,,Stellar
|showteam|p2|Sneasler||PsychicSeed|Unburden|DireClaw,CloseCombat,Protect,ThroatChop|||F|||50|,,,,,Dark]Indeedee||FocusSash|PsychicSurge|Imprison,Protect,ExpandingForce,TrickRoom|||M|||50|,,,,,Psychic]Talonflame||CovertCloak|GaleWings|FlareBlitz,Tailwind,DualWingbeat,WillOWisp|||F|||50|,,,,,Fairy]Incineroar||SafetyGoggles|Intimidate|FakeOut,FlareBlitz,KnockOff,PartingShot|||M|||50|,,,,,Ghost]Electabuzz||Eviolite|VitalSpirit|FollowMe,Electroweb,Taunt,Protect|||F|||50|,,,,,Fairy]Ursaluna-Bloodmoon||LifeOrb|MindsEye|BloodMoon,HyperVoice,EarthPower,Protect|||M|||50|,,,,,Normal
|inactive|Battle timer is ON: inactive players will automatically lose when time's up. (requested by delphigni)
|
|t:|1756328279
|teamsize|p1|4
|teamsize|p2|4
|start
|switch|p1a: Primlance|Primarina, L50, M, shiny|100/100
|switch|p1b: Bumblebirb|Electabuzz, L50, M, shiny|100/100
|switch|p2a: Incineroar|Incineroar, L50, M|100/100
|switch|p2b: Ursaluna|Ursaluna-Bloodmoon, L50, M|100/100
|-ability|p2a: Incineroar|Intimidate|boost
|-unboost|p1a: Primlance|atk|1
|-unboost|p1b: Bumblebirb|atk|1
|turn|1
|
|t:|1756328303
|switch|p2a: Electabuzz|Electabuzz, L50, F|100/100
|-terastallize|p2b: Ursaluna|Normal
|move|p1b: Bumblebirb|Electroweb|p2b: Ursaluna|[spread] p2a,p2b
|-resisted|p2a: Electabuzz
|-damage|p2a: Electabuzz|95/100
|-damage|p2b: Ursaluna|83/100
|-unboost|p2a: Electabuzz|spe|1
|-unboost|p2b: Ursaluna|spe|1
|move|p1a: Primlance|Hyper Voice|p2b: Ursaluna|[spread] p2a,p2b
|-damage|p2a: Electabuzz|59/100
|-damage|p2b: Ursaluna|17/100
|-damage|p1a: Primlance|91/100|[from] item: Life Orb
|move|p2b: Ursaluna|Hyper Voice|p1b: Bumblebirb|[spread] p1a,p1b
|-damage|p1a: Primlance|27/100
|-damage|p1b: Bumblebirb|41/100
|-damage|p2b: Ursaluna|7/100|[from] item: Life Orb
|
|upkeep
|turn|2
|inactive|delphigni has 30 seconds left.
|
|t:|1756328333
|move|p1a: Primlance|Protect|p1a: Primlance
|-singleturn|p1a: Primlance|Protect
|move|p2b: Ursaluna|Protect|p2b: Ursaluna
|-singleturn|p2b: Ursaluna|Protect
|move|p1b: Bumblebirb|Electroweb|p2a: Electabuzz|[spread] p2a
|-activate|p2b: Ursaluna|move: Protect
|-resisted|p2a: Electabuzz
|-damage|p2a: Electabuzz|53/100
|-unboost|p2a: Electabuzz|spe|1
|move|p2a: Electabuzz|Electroweb|p1a: Primlance|[spread] p1b
|-activate|p1a: Primlance|move: Protect
|-resisted|p1b: Bumblebirb
|-damage|p1b: Bumblebirb|36/100
|-unboost|p1b: Bumblebirb|spe|1
|
|upkeep
|turn|3
|
|t:|1756328351
|move|p1a: Primlance|Moonblast|p2a: Electabuzz
|-damage|p2a: Electabuzz|0 fnt
|faint|p2a: Electabuzz
|-damage|p1a: Primlance|17/100|[from] item: Life Orb
|move|p1b: Bumblebirb|Electroweb|p2b: Ursaluna
|-damage|p2b: Ursaluna|0 fnt
|faint|p2b: Ursaluna
|
|upkeep
|
|t:|1756328353
|switch|p2a: Sneasler|Sneasler, L50, F|100/100
|switch|p2b: Incineroar|Incineroar, L50, M|100/100
|-ability|p2b: Incineroar|Intimidate|boost
|-unboost|p1a: Primlance|atk|1
|-unboost|p1b: Bumblebirb|atk|1
|turn|4
|
|t:|1756328364
|switch|p1b: Great S. Shark|Tyranitar, L50, F, shiny|100/100
|-weather|Sandstorm|[from] ability: Sand Stream|[of] p1b: Great S. Shark
|move|p1a: Primlance|Protect|p1a: Primlance
|-singleturn|p1a: Primlance|Protect
|move|p2a: Sneasler|Dire Claw|p1a: Primlance
|-activate|p1a: Primlance|move: Protect
|move|p2b: Incineroar|Flare Blitz|p1a: Primlance
|-activate|p1a: Primlance|move: Protect
|
|-weather|Sandstorm|[upkeep]
|-damage|p2a: Sneasler|95/100|[from] Sandstorm
|-damage|p1a: Primlance|11/100|[from] Sandstorm
|upkeep
|turn|5
|-message|DragoniteMega149 forfeited.
|
|win|delphigni
|raw|delphigni's rating: 1233 → 1265(+32 for winning)
|raw|DragoniteMega149's rating: 1328 → 1303(-25 for losing)
|l|☆DragoniteMega149
|player|p2|
