|j|☆thedarkmages
|j|☆marcusquinn
|html|thedarkmagesmarcusquinn    
|uhtml|bestof|Game 3 of a best-of-3
|t:|1757653199
|gametype|doubles
|player|p1|thedarkmages|lucian|1184
|player|p2|marcusquinn|hilbert-wonderlauncher|1138
|gen|9
|tier|[Gen 9] VGC 2025 Reg H (Bo3)
|rated|
|rule|Species Clause: Limit one of each Pokémon
|rule|Item Clause: Limit 1 of each item
|clearpoke
|poke|p1|Indeedee-F, L50, F|
|poke|p1|Gallade, L50, M|
|poke|p1|Hatterene, L50, F|
|poke|p1|Exeggutor, L50, F|
|poke|p1|Zoroark-Hisui, L50, F|
|poke|p1|Torkoal, L50, F|
|poke|p2|Archaludon, L50, M|
|poke|p2|Porygon2, L50|
|poke|p2|Incineroar, L50, M|
|poke|p2|Ursaluna, L50, F|
|poke|p2|Sneasler, L50, M|
|poke|p2|Dragonite, L50, F|
|teampreview|4
|showteam|p1|Indeedee-F||RockyHelmet|PsychicSurge|Psychic,FollowMe,HelpingHand,TrickRoom|||F|||50|,,,,,Grass]Gallade||ClearAmulet|Sharpness|SacredSword,PsychoCut,WideGuard,TrickRoom|||M|||50|,,,,,Water]Hatterene||LifeOrb|MagicBounce|ExpandingForce,DazzlingGleam,TrickRoom,Protect|||F|||50|,,,,,Water]Exeggutor||FocusSash|Chlorophyll|SleepPowder,ExpandingForce,LeafStorm,TrickRoom|||F|||50|,,,,,Psychic]Zoroark-Hisui||ChoiceSpecs|Illusion|HyperBeam,ShadowBall,HyperVoice,FocusBlast|||F|||50|,,,,,Normal]Torkoal||Charcoal|Drought|Protect,Eruption,HeatWave,EarthPower|||F|||50|,,,,,Fire
|showteam|p2|Archaludon||PowerHerb|Sturdy|Protect,ElectroShot,DracoMeteor,FlashCannon|||M|||50|,,,,,Electric]Porygon2||Eviolite|Download|TeraBlast,IceBeam,Recover,TrickRoom||||||50|,,,,,Fighting]Incineroar||SafetyGoggles|Intimidate|FlareBlitz,KnockOff,FakeOut,PartingShot|||M|||50|,,,,,Ghost]Ursaluna||FlameOrb|Guts|HeadlongRush,Facade,Earthquake,Protect|||F|||50|,,,,,Ghost]Sneasler||FocusSash|Unburden|Protect,CloseCombat,DireClaw,ThroatChop|||M|||50|,,,,,Stellar]Dragonite||LoadedDice|Multiscale|ScaleShot,Tailwind,Haze,Protect|||F|||50|,,,,,Fairy
|inactive|Battle timer is ON: inactive players will automatically lose when time's up. (requested by marcusquinn)
|inactive|thedarkmages has 60 seconds left.
|
|t:|1757653234
|teamsize|p1|4
|teamsize|p2|4
|start
|switch|p1a: Indee GF|Hatterene, L50, F|100/100
|switch|p1b: Hate GF|Indeedee-F, L50, F|100/100
|switch|p2a: Incineroar|Incineroar, L50, M, shiny|100/100
|switch|p2b: Ursaluna|Ursaluna, L50, F|100/100
|-ability|p2a: Incineroar|Intimidate|boost
|-unboost|p1a: Indee GF|atk|1
|-unboost|p1b: Hate GF|atk|1
|-fieldstart|move: Psychic Terrain|[from] ability: Psychic Surge|[of] p1b: Hate GF
|turn|1
|inactive|marcusquinn has 30 seconds left.
|
|t:|1757653263
|move|p1b: Hate GF|Follow Me|p1b: Hate GF
|-singleturn|p1b: Hate GF|move: Follow Me
|move|p2a: Incineroar|Knock Off|p1b: Hate GF
|-supereffective|p1b: Hate GF
|-damage|p1b: Hate GF|23/100
|-damage|p2a: Incineroar|84/100|[from] item: Rocky Helmet|[of] p1b: Hate GF
|-enditem|p1b: Hate GF|Rocky Helmet|[from] move: Knock Off|[of] p2a: Incineroar
|move|p2b: Ursaluna|Facade|p1b: Hate GF
|-damage|p1b: Hate GF|0 fnt
|faint|p1b: Hate GF
|move|p1a: Indee GF|Trick Room|p1a: Indee GF
|-fieldstart|move: Trick Room|[of] p1a: Indee GF
|
|-status|p2b: Ursaluna|brn|[from] item: Flame Orb
|upkeep
|
|t:|1757653284
|switch|p1b: Torkoal c:|Torkoal, L50, F|100/100
|-weather|SunnyDay|[from] ability: Drought|[of] p1b: Torkoal c:
|turn|2
|
|t:|1757653307
|-terastallize|p1b: Torkoal c:|Fire
|move|p2b: Ursaluna|Protect|p2b: Ursaluna
|-singleturn|p2b: Ursaluna|Protect
|move|p1b: Torkoal c:|Eruption|p2b: Ursaluna|[spread] p2a
|-activate|p2b: Ursaluna|move: Protect
|-resisted|p2a: Incineroar
|-damage|p2a: Incineroar|28/100
|move|p1a: Indee GF|Dazzling Gleam|p2b: Ursaluna|[spread] p2a
|-activate|p2b: Ursaluna|move: Protect
|-damage|p2a: Incineroar|0 fnt
|faint|p2a: Incineroar
|-damage|p1a: Indee GF|91/100|[from] item: Life Orb
|
|-weather|SunnyDay|[upkeep]
|-damage|p2b: Ursaluna|95/100 brn|[from] brn
|upkeep
|inactive|marcusquinn has 30 seconds left.
|
|t:|1757653341
|switch|p2a: Sneasler|Sneasler, L50, M|100/100
|turn|3
|
|t:|1757653348
|switch|p2b: Archaludon|Archaludon, L50, M, shiny|100/100
|move|p2a: Sneasler|Protect|p2a: Sneasler
|-singleturn|p2a: Sneasler|Protect
|move|p1b: Torkoal c:|Eruption|p2b: Archaludon|[spread] p2b
|-activate|p2a: Sneasler|move: Protect
|-crit|p2b: Archaludon
|-ability|p2b: Archaludon|Sturdy
|-damage|p2b: Archaludon|1/100
|move|p1a: Indee GF|Expanding Force|p2b: Archaludon|[spread] p2b
|-activate|p2a: Sneasler|move: Protect
|-resisted|p2b: Archaludon
|-damage|p2b: Archaludon|0 fnt
|faint|p2b: Archaludon
|-damage|p1a: Indee GF|82/100|[from] item: Life Orb
|
|-weather|SunnyDay|[upkeep]
|upkeep
|
|t:|1757653364
|switch|p2b: Ursaluna|Ursaluna, L50, F|95/100 brn
|turn|4
|
|t:|1757653372
|move|p2b: Ursaluna|Protect|p2b: Ursaluna
|-singleturn|p2b: Ursaluna|Protect
|move|p1b: Torkoal c:|Eruption|p2a: Sneasler|[spread] p2a
|-activate|p2b: Ursaluna|move: Protect
|-enditem|p2a: Sneasler|Focus Sash
|-damage|p2a: Sneasler|1/100
|move|p1a: Indee GF|Expanding Force|p2b: Ursaluna|[spread] p2a
|-activate|p2b: Ursaluna|move: Protect
|-supereffective|p2a: Sneasler
|-damage|p2a: Sneasler|0 fnt
|faint|p2a: Sneasler
|-damage|p1a: Indee GF|72/100|[from] item: Life Orb
|
|-weather|SunnyDay|[upkeep]
|-damage|p2b: Ursaluna|89/100 brn|[from] brn
|upkeep
|turn|5
|
|t:|1757653387
|move|p2b: Ursaluna|Protect||[still]
|-fail|p2b: Ursaluna
|move|p1b: Torkoal c:|Eruption|p2b: Ursaluna
|-damage|p2b: Ursaluna|0 fnt
|faint|p2b: Ursaluna
|
|win|thedarkmages
|raw|thedarkmages's rating: 1184 → 1206(+22 for winning)
|raw|marcusquinn's rating: 1138 → 1116(-22 for losing)
|l|☆marcusquinn
|player|p2|
|j|☆marcusquinn
|player|p2|marcusquinn|hilbert-wonderlauncher|
