|j|☆PolpettaVGC
|j|☆slowpokefan4
|html|PolpettaVGCslowpokefan4    
|uhtml|bestof|Game 2 of a best-of-3
|t:|1782322541
|gametype|doubles
|player|p1|PolpettaVGC|pokekid|
|player|p2|slowpokefan4|265|
|gen|9
|tier|[Gen 9 Champions] VGC 2026 Reg M-B (Bo3)
|rule|Species Clause: Limit one of each Pokémon
|rule|Item Clause: Limit 1 of each item
|clearpoke
|poke|p1|Incineroar, L50, M|
|poke|p1|Milotic, L50, F|
|poke|p1|Sinistcha, L50, shiny|
|poke|p1|Sneasler, L50, M|
|poke|p1|Charizard, L50, F|
|poke|p1|Floette-Eternal, L50, F|
|poke|p2|Incineroar, L50, F|
|poke|p2|Gengar, L50, M|
|poke|p2|Kingambit, L50, M|
|poke|p2|Sneasler, L50, M|
|poke|p2|Kommo-o, L50, M|
|poke|p2|Floette-Eternal, L50, F|
|teampreview|4
|showteam|p1|Incineroar||SitrusBerry|Intimidate|FakeOut,FlareBlitz,DarkestLariat,PartingShot|Impish||M|||50|]Milotic||Leftovers|Competitive|MuddyWater,Hypnosis,Coil,Recover|Calm||F|||50|]Sinistcha||KasibBerry|Hospitality|MatchaGotcha,LifeDew,RagePowder,Protect|Bold|||||50|]Sneasler||FocusSash|PoisonTouch|FakeOut,CloseCombat,DireClaw,Coaching|Jolly||M|||50|]Charizard||CharizarditeX|SolarPower|FlareBlitz,DragonClaw,DragonDance,Protect|Adamant||F|||50|]Floette-Eternal||Floettite|FlowerVeil|DazzlingGleam,DrainingKiss,CalmMind,Protect|Modest||F|||50|
|showteam|p2|Incineroar||PasshoBerry|Intimidate|FakeOut,FlareBlitz,Protect,PartingShot|Impish||F|||50|]Gengar||Gengarite|CursedBody|ShadowBall,Disable,Protect,PerishSong|Modest||M|||50|]Kingambit||BlackGlasses|Defiant|KowtowCleave,SuckerPunch,Protect,SwordsDance|Adamant||M|||50|]Sneasler||WhiteHerb|Unburden|FakeOut,DireClaw,CloseCombat,Protect|Adamant||M|||50|]Kommo-o||Leftovers|Soundproof|ClangingScales,AuraSphere,Protect,ClangorousSoul|Modest||M|||50|]Floette-Eternal||Floettite|FlowerVeil|Moonblast,DazzlingGleam,LightofRuin,Protect|Modest||F|||50|
|inactive|Battle timer is ON: inactive players will automatically lose when time's up. (requested by PolpettaVGC)
|inactive|PolpettaVGC has 60 seconds left.
|
|t:|1782322588
|teamsize|p1|4
|teamsize|p2|4
|start
|switch|p1a: Incineroar|Incineroar, L50, M|100/100
|switch|p1b: Floette|Floette-Eternal, L50, F|100/100
|switch|p2a: Gengar|Gengar, L50, M|100/100
|switch|p2b: Kingambit|Kingambit, L50, M|100/100
|-ability|p1a: Incineroar|Intimidate|boost
|-unboost|p2a: Gengar|atk|1
|-unboost|p2b: Kingambit|atk|1
|-ability|p2b: Kingambit|Defiant|boost
|-boost|p2b: Kingambit|atk|2
|turn|1
|inactive|PolpettaVGC has 30 seconds left.
|
|t:|1782322621
|switch|p1b: Sinistcha|Sinistcha, L50, shiny|100/100
|switch|p2b: Incineroar|Incineroar, L50, F|100/100
|-ability|p2b: Incineroar|Intimidate|boost
|-unboost|p1a: Incineroar|atk|1
|-unboost|p1b: Sinistcha|atk|1
|detailschange|p2a: Gengar|Gengar-Mega, L50, M
|-mega|p2a: Gengar|Gengar|Gengarite
|move|p2a: Gengar|Perish Song|p2a: Gengar
|-start|p1a: Incineroar|perish3|[silent]
|-start|p1b: Sinistcha|perish3|[silent]
|-start|p2a: Gengar|perish3|[silent]
|-start|p2b: Incineroar|perish3|[silent]
|-fieldactivate|move: Perish Song
|move|p1a: Incineroar|Flare Blitz|p2b: Incineroar
|-resisted|p2b: Incineroar|1
|-damage|p2b: Incineroar|85/100
|-damage|p1a: Incineroar|95/100|[from] Recoil
|
|-start|p2a: Gengar|perish3
|-start|p1b: Sinistcha|perish3
|-start|p2b: Incineroar|perish3
|-start|p1a: Incineroar|perish3
|upkeep
|turn|2
|inactive|PolpettaVGC has 30 seconds left.
|
|t:|1782322654
|move|p2b: Incineroar|Fake Out|p1a: Incineroar
|-damage|p1a: Incineroar|86/100
|move|p1b: Sinistcha|Rage Powder|p1b: Sinistcha
|-singleturn|p1b: Sinistcha|move: Rage Powder
|move|p2a: Gengar|Shadow Ball|p1b: Sinistcha
|-supereffective|p1b: Sinistcha|1
|-enditem|p1b: Sinistcha|Kasib Berry|[eat]
|-enditem|p1b: Sinistcha|Kasib Berry|[weaken]
|-damage|p1b: Sinistcha|51/100
|cant|p1a: Incineroar|flinch
|
|-start|p2a: Gengar|perish2
|-start|p1b: Sinistcha|perish2
|-start|p2b: Incineroar|perish2
|-start|p1a: Incineroar|perish2
|upkeep
|turn|3
|inactive|PolpettaVGC has 30 seconds left.
|inactive|PolpettaVGC has 20 seconds left.
|inactive|PolpettaVGC has 15 seconds left.
|
|t:|1782322698
|switch|p2a: Kingambit|Kingambit, L50, M|100/100
|move|p1b: Sinistcha|Rage Powder|p1b: Sinistcha
|-singleturn|p1b: Sinistcha|move: Rage Powder
|move|p2b: Incineroar|Flare Blitz|p1b: Sinistcha
|-supereffective|p1b: Sinistcha|1
|-damage|p1b: Sinistcha|0 fnt
|faint|p1b: Sinistcha
|-damage|p2b: Incineroar|68/100|[from] Recoil
|move|p1a: Incineroar|Parting Shot|p1: Sinistcha|[notarget]
|-fail|p1a: Incineroar
|
|-start|p2b: Incineroar|perish1
|-start|p1a: Incineroar|perish1
|upkeep
|
|t:|1782322715
|switch|p1b: Sneasler|Sneasler, L50, M|100/100
|turn|4
|inactive|PolpettaVGC has 30 seconds left.
|
|t:|1782322746
|switch|p1a: Floette|Floette-Eternal, L50, F|100/100
|switch|p2a: Sneasler|Sneasler, L50, M|100/100
|move|p1b: Sneasler|Coaching|p1a: Floette
|-boost|p1a: Floette|atk|1
|-boost|p1a: Floette|def|1
|move|p2b: Incineroar|Flare Blitz|p1b: Sneasler
|-damage|p1b: Sneasler|12/100
|-damage|p2b: Incineroar|43/100|[from] Recoil
|
|-start|p2b: Incineroar|perish0
|faint|p2b: Incineroar
|upkeep
|
|t:|1782322764
|switch|p2b: Kingambit|Kingambit, L50, M|100/100
|turn|5
|inactive|PolpettaVGC has 30 seconds left.
|inactive|PolpettaVGC has 20 seconds left.
|inactive|PolpettaVGC has 15 seconds left.
|inactive|PolpettaVGC has 10 seconds left.
|
|t:|1782322813
|detailschange|p1a: Floette|Floette-Mega, L50, F
|-mega|p1a: Floette|Floette|Floettite
|-ability|p1a: Floette|Fairy Aura
|move|p2a: Sneasler|Fake Out|p1b: Sneasler
|-damage|p1b: Sneasler|0 fnt
|faint|p1b: Sneasler
|move|p1a: Floette|Calm Mind|p1a: Floette
|-boost|p1a: Floette|spa|1
|-boost|p1a: Floette|spd|1
|move|p2b: Kingambit|Swords Dance|p2b: Kingambit
|-boost|p2b: Kingambit|atk|2
|
|upkeep
|
|t:|1782322826
|switch|p1b: Incineroar|Incineroar, L50, M|86/100
|-ability|p1b: Incineroar|Intimidate|boost
|-unboost|p2a: Sneasler|atk|1
|-unboost|p2b: Kingambit|atk|1
|-ability|p2b: Kingambit|Defiant|boost
|-boost|p2b: Kingambit|atk|2
|-enditem|p2a: Sneasler|White Herb
|-clearnegativeboost|p2a: Sneasler|[silent]
|turn|6
|inactive|PolpettaVGC has 30 seconds left.
|
|t:|1782322853
|move|p2a: Sneasler|Protect|p2a: Sneasler
|-singleturn|p2a: Sneasler|Protect
|move|p2b: Kingambit|Protect|p2b: Kingambit
|-singleturn|p2b: Kingambit|Protect
|move|p1b: Incineroar|Fake Out|p2a: Sneasler
|-activate|p2a: Sneasler|move: Protect
|move|p1a: Floette|Dazzling Gleam|p2b: Kingambit|[spread] 
|-activate|p2a: Sneasler|move: Protect
|-activate|p2b: Kingambit|move: Protect
|
|upkeep
|turn|7
|inactive|PolpettaVGC has 30 seconds left.
|inactive|PolpettaVGC has 20 seconds left.
|inactive|PolpettaVGC has 15 seconds left.
|inactive|PolpettaVGC has 10 seconds left.
|
|t:|1782322901
|move|p2a: Sneasler|Close Combat|p1b: Incineroar
|-supereffective|p1b: Incineroar|1
|-damage|p1b: Incineroar|0 fnt
|-unboost|p2a: Sneasler|def|1
|-unboost|p2a: Sneasler|spd|1
|faint|p1b: Incineroar
|move|p1a: Floette|Dazzling Gleam|p2b: Kingambit|[spread] p2a,p2b
|-damage|p2a: Sneasler|0 fnt
|-damage|p2b: Kingambit|42/100
|faint|p2a: Sneasler
|move|p2b: Kingambit|Kowtow Cleave|p1a: Floette
|-resisted|p1a: Floette|1
|-damage|p1a: Floette|55/100
|
|upkeep
|
|t:|1782322906
|switch|p2a: Gengar|Gengar-Mega, L50, M|100/100
|turn|8
|inactive|PolpettaVGC has 30 seconds left.
|inactive|PolpettaVGC has 20 seconds left.
|
|t:|1782322943
|move|p2b: Kingambit|Sucker Punch|p1a: Floette
|-resisted|p1a: Floette|1
|-damage|p1a: Floette|16/100
|move|p1a: Floette|Draining Kiss|p2a: Gengar
|-resisted|p2a: Gengar|1
|-damage|p2a: Gengar|67/100
|-heal|p1a: Floette|41/100|[from] drain|[of] p2a: Gengar
|move|p2a: Gengar|Shadow Ball|p1a: Floette
|-damage|p1a: Floette|14/100
|
|upkeep
|turn|9
|inactive|PolpettaVGC has 30 seconds left.
|
|t:|1782322974
|move|p1a: Floette|Calm Mind|p1a: Floette
|-boost|p1a: Floette|spa|1
|-boost|p1a: Floette|spd|1
|move|p2a: Gengar|Shadow Ball|p1a: Floette
|-damage|p1a: Floette|0 fnt
|faint|p1a: Floette
|
|win|slowpokefan4
|c|☆slowpokefan4|ggs well played
|c|☆PolpettaVGC|GG WP
