|j|☆Doomnik
|j|☆s!dd_1
|html|Doomniks!dd_1    
|uhtml|bestof|Game 2 of a best-of-3
|t:|1784752696
|gametype|doubles
|player|p1|Doomnik|volkner|1312
|player|p2|s!dd_1|flannery-gen6|1594
|gen|9
|tier|[Gen 9 Champions] VGC 2026 Reg M-B (Bo3)
|rated|
|rule|Species Clause: Limit one of each Pokémon
|rule|Item Clause: Limit 1 of each item
|clearpoke
|poke|p1|Tyranitar, L50, F|
|poke|p1|Staraptor, L50, M|
|poke|p1|Excadrill, L50, M|
|poke|p1|Sinistcha, L50|
|poke|p1|Gholdengo, L50|
|poke|p1|Milotic, L50, M|
|poke|p2|Raichu, L50, F|
|poke|p2|Mamoswine, L50, M|
|poke|p2|Sinistcha, L50|
|poke|p2|Sylveon, L50, F|
|poke|p2|Arcanine-Hisui, L50, F|
|poke|p2|Meowscarada, L50, M|
|teampreview|4
|showteam|p1|Tyranitar||Tyranitarite|SandStream|KnockOff,RockSlide,Protect,LowKick|Adamant||F|||50|]Staraptor||Staraptite|Intimidate|DualWingbeat,CloseCombat,Protect,Tailwind|Jolly||M|||50|]Excadrill||FocusSash|SandRush|HighHorsepower,IronHead,RockSlide,Protect|Adamant||M|||50|]Sinistcha||SitrusBerry|Hospitality|MatchaGotcha,RagePowder,TrickRoom,Protect|Calm|||||50|]Gholdengo||LifeOrb|GoodasGold|MakeItRain,NastyPlot,Protect,ShadowBall|Timid|||||50|]Milotic||Leftovers|Competitive|Scald,Recover,Protect,IceBeam|Modest||M|||50|
|showteam|p2|Raichu||RaichuniteY|LightningRod|ZapCannon,FocusBlast,FakeOut,Protect|Timid||F|||50|]Mamoswine||LifeOrb|Oblivious|HighHorsepower,IcicleCrash,IceShard,Protect|Adamant||M|||50|]Sinistcha||ColburBerry|Hospitality|MatchaGotcha,RagePowder,TrickRoom,Protect|Relaxed|||||50|]Sylveon||FairyFeather|Pixilate|HyperVoice,HyperBeam,CalmMind,Detect|Modest||F|||50|]Arcanine-Hisui||FocusSash|Intimidate|FlareBlitz,RockSlide,ExtremeSpeed,Protect|Adamant||F|||50|]Meowscarada||ChoiceScarf|Protean|FlowerTrick,KnockOff,TripleAxel,LowKick|Jolly||M|||50|
|inactive|Battle timer is ON: inactive players will automatically lose when time's up. (requested by Doomnik)
|inactive|s!dd_1 also wants the timer to be on.
|inactive|Doomnik has 60 seconds left.
|
|t:|1784752730
|teamsize|p1|4
|teamsize|p2|4
|start
|switch|p1a: Staraptor|Staraptor, L50, M|100/100
|switch|p1b: Sinistcha|Sinistcha, L50|100/100
|switch|p2a: Grabbitz|Raichu, L50, F|100/100
|switch|p2b: The Score|Meowscarada, L50, M|100/100
|-ability|p1a: Staraptor|Intimidate|boost
|-unboost|p2a: Grabbitz|atk|1
|-unboost|p2b: The Score|atk|1
|turn|1
|
|t:|1784752746
|switch|p2b: Skillet|Arcanine-Hisui, L50, F|100/100
|-ability|p2b: Skillet|Intimidate|boost
|-unboost|p1a: Staraptor|atk|1
|-unboost|p1b: Sinistcha|atk|1
|detailschange|p2a: Grabbitz|Raichu-Mega-Y, L50, F
|-mega|p2a: Grabbitz|Raichu|Raichunite Y
|move|p1a: Staraptor|Protect|p1a: Staraptor
|-singleturn|p1a: Staraptor|Protect
|move|p1b: Sinistcha|Protect|p1b: Sinistcha
|-singleturn|p1b: Sinistcha|Protect
|move|p2a: Grabbitz|Fake Out|p1a: Staraptor
|-activate|p1a: Staraptor|move: Protect
|
|upkeep
|turn|2
|
|t:|1784752758
|move|p2a: Grabbitz|Protect|p2a: Grabbitz
|-singleturn|p2a: Grabbitz|Protect
|move|p1b: Sinistcha|Rage Powder|p1b: Sinistcha
|-singleturn|p1b: Sinistcha|move: Rage Powder
|move|p1a: Staraptor|Tailwind|p1a: Staraptor
|-sidestart|p1: Doomnik|move: Tailwind
|move|p2b: Skillet|Flare Blitz|p1b: Sinistcha
|-supereffective|p1b: Sinistcha|1
|-damage|p1b: Sinistcha|0 fnt
|faint|p1b: Sinistcha
|-damage|p2b: Skillet|66/100|[from] Recoil
|
|upkeep
|
|t:|1784752763
|switch|p1b: Excadrill|Excadrill, L50, M|100/100
|turn|3
|
|t:|1784752785
|switch|p2a: Kenshi|Sinistcha, L50|100/100
|-heal|p2b: Skillet|91/100|[from] ability: Hospitality|[of] p2a: Kenshi
|detailschange|p1a: Staraptor|Staraptor-Mega, L50, M
|-mega|p1a: Staraptor|Staraptor|Staraptite
|move|p2b: Skillet|Protect|p2b: Skillet
|-singleturn|p2b: Skillet|Protect
|move|p1a: Staraptor|Close Combat|p2b: Skillet
|-activate|p2b: Skillet|move: Protect
|move|p1b: Excadrill|High Horsepower|p2a: Kenshi
|-resisted|p2a: Kenshi|1
|-damage|p2a: Kenshi|75/100
|
|upkeep
|turn|4
|inactive|Doomnik has 30 seconds left.
|inactive|s!dd_1 has 30 seconds left.
|inactive|Doomnik has 20 seconds left.
|inactive|s!dd_1 has 20 seconds left.
|
|t:|1784752825
|move|p2a: Kenshi|Rage Powder|p2a: Kenshi
|-singleturn|p2a: Kenshi|move: Rage Powder
|move|p1a: Staraptor|Dual Wingbeat|p2a: Kenshi
|-supereffective|p2a: Kenshi|1
|-damage|p2a: Kenshi|52/100
|-supereffective|p2a: Kenshi|1
|-damage|p2a: Kenshi|27/100
|-hitcount|p2a: Kenshi|2
|move|p1b: Excadrill|High Horsepower|p2a: Kenshi
|-resisted|p2a: Kenshi|1
|-damage|p2a: Kenshi|6/100
|move|p2b: Skillet|Flare Blitz|p1a: Staraptor
|-damage|p1a: Staraptor|37/100
|-damage|p2b: Skillet|70/100|[from] Recoil
|
|upkeep
|turn|5
|inactive|s!dd_1 has 30 seconds left.
|
|t:|1784752858
|switch|p1a: Tyranitar|Tyranitar, L50, F|100/100
|-weather|Sandstorm|[from] ability: Sand Stream|[of] p1a: Tyranitar
|move|p2b: Skillet|Protect|p2b: Skillet
|-singleturn|p2b: Skillet|Protect
|move|p1b: Excadrill|Rock Slide|p2a: Kenshi|[spread] p2a
|-activate|p2b: Skillet|move: Protect
|-damage|p2a: Kenshi|0 fnt
|faint|p2a: Kenshi
|
|-weather|Sandstorm|[upkeep]
|-sideend|p1: Doomnik|move: Tailwind
|upkeep
|
|t:|1784752863
|switch|p2a: The Score|Meowscarada, L50, M|100/100
|turn|6
|
|t:|1784752884
|move|p2b: Skillet|Extreme Speed|p1a: Tyranitar
|-resisted|p1a: Tyranitar|1
|-damage|p1a: Tyranitar|87/100
|move|p2a: The Score|Flower Trick|p1a: Tyranitar
|-start|p2a: The Score|typechange|Grass|[from] ability: Protean
|-supereffective|p1a: Tyranitar|1
|-crit|p1a: Tyranitar
|-damage|p1a: Tyranitar|0 fnt
|faint|p1a: Tyranitar
|move|p1b: Excadrill|High Horsepower|p2b: Skillet
|-supereffective|p2b: Skillet|2
|-damage|p2b: Skillet|0 fnt
|faint|p2b: Skillet
|
|-weather|Sandstorm|[upkeep]
|-damage|p2a: The Score|94/100|[from] Sandstorm
|upkeep
|
|t:|1784752895
|switch|p2b: Grabbitz|Raichu-Mega-Y, L50, F|100/100
|switch|p1a: Staraptor|Staraptor-Mega, L50, M|37/100
|turn|7
|
|t:|1784752904
|move|p1b: Excadrill|Protect|p1b: Excadrill
|-singleturn|p1b: Excadrill|Protect
|move|p1a: Staraptor|Protect|p1a: Staraptor
|-singleturn|p1a: Staraptor|Protect
|move|p2b: Grabbitz|Fake Out|p1b: Excadrill
|-activate|p1b: Excadrill|move: Protect
|move|p2a: The Score|Flower Trick|p1b: Excadrill
|-activate|p1b: Excadrill|move: Protect
|
|-weather|Sandstorm|[upkeep]
|-damage|p2a: The Score|88/100|[from] Sandstorm
|-damage|p2b: Grabbitz|94/100|[from] Sandstorm
|-damage|p1a: Staraptor|31/100|[from] Sandstorm
|upkeep
|turn|8
|
|t:|1784752922
|move|p2b: Grabbitz|Protect|p2b: Grabbitz
|-singleturn|p2b: Grabbitz|Protect
|move|p2a: The Score|Flower Trick|p1b: Excadrill
|-crit|p1b: Excadrill
|-damage|p1b: Excadrill|30/100
|move|p1b: Excadrill|High Horsepower|p2b: Grabbitz
|-activate|p2b: Grabbitz|move: Protect
|move|p1a: Staraptor|Dual Wingbeat|p2a: The Score
|-supereffective|p2a: The Score|1
|-damage|p2a: The Score|17/100
|-supereffective|p2a: The Score|1
|-damage|p2a: The Score|0 fnt
|faint|p2a: The Score
|-hitcount|p2: The Score|2
|
|-weather|Sandstorm|[upkeep]
|-damage|p2b: Grabbitz|88/100|[from] Sandstorm
|-damage|p1a: Staraptor|26/100|[from] Sandstorm
|upkeep
|turn|9
|
|t:|1784752941
|move|p2b: Grabbitz|Protect||[still]
|-fail|p2b: Grabbitz
|move|p1b: Excadrill|High Horsepower|p2b: Grabbitz
|-supereffective|p2b: Grabbitz|1
|-damage|p2b: Grabbitz|0 fnt
|faint|p2b: Grabbitz
|
|win|Doomnik
