|j|☆sum1dum
|j|☆TMCF2
|html|sum1dumTMCF2    
|uhtml|bestof|Game 1 of a best-of-3
|t:|1784729468
|gametype|doubles
|player|p1|sum1dum|rosa|1140
|player|p2|TMCF2|169|1000
|gen|9
|tier|[Gen 9 Champions] VGC 2026 Reg M-B (Bo3)
|rated|
|rule|Species Clause: Limit one of each Pokémon
|rule|Item Clause: Limit 1 of each item
|clearpoke
|poke|p1|Gliscor, L50, F|
|poke|p1|Primarina, L50, M|
|poke|p1|Metagross, L50|
|poke|p1|Ninetales-Alola, L50, M|
|poke|p1|Incineroar, L50, F|
|poke|p1|Sinistcha, L50|
|poke|p2|Pelipper, L50, M|
|poke|p2|Archaludon, L50, M|
|poke|p2|Basculegion, L50, M|
|poke|p2|Incineroar, L50, M|
|poke|p2|Milotic, L50, M|
|poke|p2|Raichu, L50, M|
|teampreview|4
|showteam|p1|Gliscor||LifeOrb|HyperCutter|DualWingbeat,HighHorsepower,Protect,RockSlide|Jolly||F|||50|]Primarina||Leftovers|LiquidVoice|CalmMind,HyperVoice,Moonblast,Protect|Modest||M|||50|]Metagross||Metagrossite|ClearBody|BulletPunch,IronHead,Protect,PsychicFangs|Jolly|||||50|]Ninetales-Alola||LightClay|SnowWarning|AuroraVeil,FreezeDry,Moonblast,Protect|Timid||M|||50|]Incineroar||ChopleBerry|Intimidate|FakeOut,FlareBlitz,DarkestLariat,PartingShot|Impish||F|||50|]Sinistcha||SitrusBerry|Hospitality|MatchaGotcha,Protect,LifeDew,RagePowder|Bold|||||50|
|showteam|p2|Pelipper||DampRock|Drizzle|HydroPump,Hurricane,Uturn,Roost|Bold||M|||50|]Archaludon||LifeOrb|Stamina|ElectroShot,FlashCannon,DracoMeteor,Snarl|Modest||M|||50|]Basculegion||FocusSash|SwiftSwim|WaveCrash,LastRespects,AquaJet,Protect|Adamant||M|||50|]Incineroar||SitrusBerry|Intimidate|FakeOut,FlareBlitz,PartingShot,Snarl|Careful||M|||50|]Milotic||Leftovers|Competitive|HydroPump,Coil,IceBeam,Recover|Bold||M|||50|]Raichu||RaichuniteY|LightningRod|ZapCannon,FocusBlast,AlluringVoice,Protect|Timid||M|||50|
|inactive|Battle timer is ON: inactive players will automatically lose when time's up. (requested by sum1dum)
|inactive|TMCF2 has 60 seconds left.
|
|t:|1784729509
|teamsize|p1|4
|teamsize|p2|4
|start
|switch|p1a: Incineroar|Incineroar, L50, F|100/100
|switch|p1b: Primarina|Primarina, L50, M|100/100
|switch|p2a: Incineroar|Incineroar, L50, M|100/100
|switch|p2b: Archaludon|Archaludon, L50, M|100/100
|-ability|p1a: Incineroar|Intimidate|boost
|-unboost|p2a: Incineroar|atk|1
|-unboost|p2b: Archaludon|atk|1
|-ability|p2a: Incineroar|Intimidate|boost
|-unboost|p1a: Incineroar|atk|1
|-unboost|p1b: Primarina|atk|1
|turn|1
|
|t:|1784729519
|move|p1a: Incineroar|Fake Out|p2b: Archaludon
|-resisted|p2b: Archaludon|1
|-damage|p2b: Archaludon|97/100
|-ability|p2b: Archaludon|Stamina|boost
|-boost|p2b: Archaludon|def|1
|move|p2a: Incineroar|Fake Out|p1b: Primarina
|-damage|p1b: Primarina|91/100
|cant|p2b: Archaludon|flinch
|cant|p1b: Primarina|flinch
|
|-heal|p1b: Primarina|97/100|[from] item: Leftovers
|upkeep
|turn|2
|
|t:|1784729537
|switch|p2a: Pelipper|Pelipper, L50, M|100/100
|-weather|RainDance|[from] ability: Drizzle|[of] p2a: Pelipper
|move|p1b: Primarina|Protect|p1b: Primarina
|-singleturn|p1b: Primarina|Protect
|move|p2b: Archaludon|Electro Shot||[still]
|-prepare|p2b: Archaludon|Electro Shot
|-boost|p2b: Archaludon|spa|1
|-anim|p2b: Archaludon|Electro Shot|p1b: Primarina
|-activate|p1b: Primarina|move: Protect
|move|p1a: Incineroar|Parting Shot|p2b: Archaludon
|-unboost|p2b: Archaludon|atk|1
|-unboost|p2b: Archaludon|spa|1
|
|t:|1784729544
|switch|p1a: Ninetales|Ninetales-Alola, L50, M|100/100|[from] Parting Shot
|-weather|Snowscape|[from] ability: Snow Warning|[of] p1a: Ninetales
|
|-weather|Snowscape|[upkeep]
|-heal|p1b: Primarina|100/100|[from] item: Leftovers
|upkeep
|turn|3
|
|t:|1784729560
|switch|p1a: Incineroar|Incineroar, L50, F|100/100
|-ability|p1a: Incineroar|Intimidate|boost
|-unboost|p2a: Pelipper|atk|1
|-unboost|p2b: Archaludon|atk|1
|switch|p2a: Incineroar|Incineroar, L50, M|100/100
|-ability|p2a: Incineroar|Intimidate|boost
|-unboost|p1a: Incineroar|atk|1
|-unboost|p1b: Primarina|atk|1
|move|p2b: Archaludon|Flash Cannon|p1a: Incineroar
|-resisted|p1a: Incineroar|1
|-damage|p1a: Incineroar|76/100
|-damage|p2b: Archaludon|87/100|[from] item: Life Orb
|move|p1b: Primarina|Calm Mind|p1b: Primarina
|-boost|p1b: Primarina|spa|1
|-boost|p1b: Primarina|spd|1
|
|-weather|Snowscape|[upkeep]
|upkeep
|turn|4
|inactive|TMCF2 has 30 seconds left.
|
|t:|1784729588
|switch|p2b: Pelipper|Pelipper, L50, M|100/100
|-weather|RainDance|[from] ability: Drizzle|[of] p2b: Pelipper
|move|p1a: Incineroar|Fake Out|p2a: Incineroar
|-damage|p2a: Incineroar|94/100
|move|p1b: Primarina|Calm Mind|p1b: Primarina
|-boost|p1b: Primarina|spa|1
|-boost|p1b: Primarina|spd|1
|cant|p2a: Incineroar|flinch
|
|-weather|RainDance|[upkeep]
|upkeep
|turn|5
|inactive|sum1dum has 30 seconds left.
|
|t:|1784729615
|switch|p1a: Ninetales|Ninetales-Alola, L50, M|100/100
|-weather|Snowscape|[from] ability: Snow Warning|[of] p1a: Ninetales
|move|p2b: Pelipper|Hydro Pump|p1a: Ninetales
|-damage|p1a: Ninetales|53/100
|move|p2a: Incineroar|Parting Shot|p1b: Primarina
|-unboost|p1b: Primarina|atk|1
|-unboost|p1b: Primarina|spa|1
|
|t:|1784729626
|switch|p2a: Archaludon|Archaludon, L50, M|87/100|[from] Parting Shot
|move|p1b: Primarina|Moonblast|p2b: Pelipper
|-damage|p2b: Pelipper|0 fnt
|faint|p2b: Pelipper
|
|-weather|Snowscape|[upkeep]
|upkeep
|
|t:|1784729637
|switch|p2b: Incineroar|Incineroar, L50, M|94/100
|-ability|p2b: Incineroar|Intimidate|boost
|-unboost|p1a: Ninetales|atk|1
|-unboost|p1b: Primarina|atk|1
|turn|6
|
|t:|1784729658
|move|p1a: Ninetales|Protect|p1a: Ninetales
|-singleturn|p1a: Ninetales|Protect
|move|p2b: Incineroar|Fake Out|p1a: Ninetales
|-activate|p1a: Ninetales|move: Protect
|move|p2a: Archaludon|Snarl|p1b: Primarina|[spread] p1b
|-activate|p1a: Ninetales|move: Protect
|-resisted|p1b: Primarina|1
|-damage|p1b: Primarina|95/100
|-unboost|p1b: Primarina|spa|1
|-damage|p2a: Archaludon|78/100|[from] item: Life Orb
|move|p1b: Primarina|Calm Mind|p1b: Primarina
|-boost|p1b: Primarina|spa|1
|-boost|p1b: Primarina|spd|1
|
|-weather|Snowscape|[upkeep]
|-heal|p1b: Primarina|100/100|[from] item: Leftovers
|upkeep
|turn|7
|
|t:|1784729677
|move|p1a: Ninetales|Aurora Veil|p1a: Ninetales
|-sidestart|p1: sum1dum|move: Aurora Veil
|move|p2a: Archaludon|Flash Cannon|p1a: Ninetales
|-supereffective|p1a: Ninetales|2
|-damage|p1a: Ninetales|0 fnt
|faint|p1a: Ninetales
|-damage|p2a: Archaludon|68/100|[from] item: Life Orb
|move|p2b: Incineroar|Parting Shot|p1b: Primarina
|-unboost|p1b: Primarina|atk|1
|-unboost|p1b: Primarina|spa|1
|
|t:|1784729687
|switch|p2b: Basculegion|Basculegion, L50, M|100/100|[from] Parting Shot
|move|p1b: Primarina|Moonblast|p2a: Archaludon
|-damage|p2a: Archaludon|4/100
|-ability|p2a: Archaludon|Stamina|boost
|-boost|p2a: Archaludon|def|1
|
|-weather|Snowscape|[upkeep]
|upkeep
|
|t:|1784729690
|switch|p1a: Incineroar|Incineroar, L50, F|76/100
|-ability|p1a: Incineroar|Intimidate|boost
|-unboost|p2a: Archaludon|atk|1
|-unboost|p2b: Basculegion|atk|1
|turn|8
|
|t:|1784729714
|switch|p2a: Incineroar|Incineroar, L50, M|94/100
|-ability|p2a: Incineroar|Intimidate|boost
|-unboost|p1a: Incineroar|atk|1
|-unboost|p1b: Primarina|atk|1
|switch|p1a: Gliscor|Gliscor, L50, F|100/100
|move|p2b: Basculegion|Wave Crash|p1a: Gliscor
|-supereffective|p1a: Gliscor|1
|-damage|p1a: Gliscor|48/100
|-damage|p2b: Basculegion|87/100|[from] Recoil
|move|p1b: Primarina|Moonblast|p2b: Basculegion
|-damage|p2b: Basculegion|29/100
|
|-weather|Snowscape|[upkeep]
|upkeep
|turn|9
|inactive|TMCF2 has 30 seconds left.
|
|t:|1784729744
|move|p2b: Basculegion|Protect|p2b: Basculegion
|-singleturn|p2b: Basculegion|Protect
|move|p1a: Gliscor|High Horsepower|p2b: Basculegion
|-activate|p2b: Basculegion|move: Protect
|move|p2a: Incineroar|Parting Shot|p1b: Primarina
|-unboost|p1b: Primarina|atk|0
|-unboost|p1b: Primarina|spa|1
|
|t:|1784729753
|switch|p2a: Archaludon|Archaludon, L50, M|4/100|[from] Parting Shot
|move|p1b: Primarina|Moonblast|p2b: Basculegion
|-activate|p2b: Basculegion|move: Protect
|
|-weather|none
|upkeep
|turn|10
|
|t:|1784729770
|move|p2b: Basculegion|Protect||[still]
|-fail|p2b: Basculegion
|move|p1a: Gliscor|High Horsepower|p2b: Basculegion
|-damage|p2b: Basculegion|0 fnt
|faint|p2b: Basculegion
|-damage|p1a: Gliscor|38/100|[from] item: Life Orb
|move|p2a: Archaludon|Snarl|p1b: Primarina|[spread] p1a,p1b
|-resisted|p1b: Primarina|1
|-damage|p1a: Gliscor|19/100
|-damage|p1b: Primarina|98/100
|-unboost|p1a: Gliscor|spa|1
|-unboost|p1b: Primarina|spa|1
|-damage|p2a: Archaludon|0 fnt|[from] item: Life Orb
|faint|p2a: Archaludon
|move|p1b: Primarina|Hyper Voice|p2: Archaludon|[notarget]
|-fail|p1b: Primarina
|
|-heal|p1b: Primarina|100/100|[from] item: Leftovers
|upkeep
|
|t:|1784729782
|switch|p2b: Incineroar|Incineroar, L50, M|94/100
|-ability|p2b: Incineroar|Intimidate|boost
|-fail|p1a: Gliscor|unboost|Attack|[from] ability: Hyper Cutter|[of] p1a: Gliscor
|-unboost|p1b: Primarina|atk|0
|turn|11
|
|t:|1784729786
|move|p2b: Incineroar|Fake Out|p1a: Gliscor
|-damage|p1a: Gliscor|12/100
|cant|p1a: Gliscor|flinch
|move|p1b: Primarina|Hyper Voice|p2b: Incineroar
|-supereffective|p2b: Incineroar|1
|-damage|p2b: Incineroar|52/100
|
|upkeep
|turn|12
|
|t:|1784729793
|move|p1a: Gliscor|High Horsepower|p2b: Incineroar
|-supereffective|p2b: Incineroar|1
|-damage|p2b: Incineroar|0 fnt
|faint|p2b: Incineroar
|-damage|p1a: Gliscor|2/100|[from] item: Life Orb
|
|win|sum1dum
