|j|☆Paco Amores
|j|☆Ninjacoox
|html|Paco AmoresNinjacoox    
|uhtml|bestof|Game 2 of a best-of-3
|t:|1785447411
|gametype|doubles
|player|p1|Paco Amores|birdkeeper|1238
|player|p2|Ninjacoox|rood|1146
|gen|9
|tier|[Gen 9 Champions] VGC 2026 Reg M-B (Bo3)
|rated|
|rule|Species Clause: Limit one of each Pokémon
|rule|Item Clause: Limit 1 of each item
|clearpoke
|poke|p1|Charizard, L50, F|
|poke|p1|Kingambit, L50, F|
|poke|p1|Farigiraf, L50, F|
|poke|p1|Garchomp, L50, M|
|poke|p1|Aerodactyl, L50, F|
|poke|p1|Sylveon, L50, M|
|poke|p2|Staraptor, L50, M|
|poke|p2|Sinistcha, L50|
|poke|p2|Maushold, L50|
|poke|p2|Kingambit, L50, F|
|poke|p2|Sneasler, L50, F|
|poke|p2|Delphox, L50, F|
|teampreview|4
|showteam|p1|Charizard||CharizarditeY|Blaze|HeatWave,WeatherBall,SolarBeam,Protect|Modest||F|||50|]Kingambit||FocusSash|Defiant|KowtowCleave,SuckerPunch,IronHead,LowKick|Adamant||F|||50|]Farigiraf||SitrusBerry|ArmorTail|Psychic,Thunderbolt,Roar,TrickRoom|Bold||F|||50|]Garchomp||LifeOrb|RoughSkin|DragonClaw,Earthquake,StompingTantrum,Protect|Jolly||M|||50|]Aerodactyl||Aerodactylite|Unnerve|Tailwind,DualWingbeat,RockSlide,IceFang|Jolly||F|||50|]Sylveon||FairyFeather|Pixilate|HyperBeam,HyperVoice,Detect,QuickAttack|Modest||M|||50|
|showteam|p2|Staraptor||Staraptite|Intimidate|CloseCombat,BraveBird,Roost,Protect|Adamant||M|||50|]Sinistcha||SitrusBerry|Hospitality|RagePowder,MatchaGotcha,Protect,LifeDew|Calm|||||50|]Maushold||LumBerry|FriendGuard|Encore,Charm,FollowMe,Protect|Timid|||||50|]Kingambit||BlackGlasses|Defiant|KowtowCleave,SuckerPunch,SwordsDance,Protect|Adamant||F|||50|]Sneasler||WhiteHerb|Unburden|CloseCombat,DireClaw,FakeOut,Feint|Jolly||F|||50|]Delphox||Delphoxite|Blaze|HeatWave,Psyshock,NastyPlot,Protect|Timid||F|||50|
|inactive|Battle timer is ON: inactive players will automatically lose when time's up. (requested by Ninjacoox)
|inactive|Ninjacoox has 60 seconds left.
|
|t:|1785447448
|teamsize|p1|4
|teamsize|p2|4
|start
|switch|p1a: Farigiraf|Farigiraf, L50, F|100/100
|switch|p1b: Aerodactyl|Aerodactyl, L50, F|100/100
|switch|p2a: Sneasler|Sneasler, L50, F|100/100
|switch|p2b: Staraptor|Staraptor, L50, M|100/100
|-ability|p1b: Aerodactyl|Unnerve
|-ability|p2b: Staraptor|Intimidate|boost
|-unboost|p1a: Farigiraf|atk|1
|-unboost|p1b: Aerodactyl|atk|1
|turn|1
|inactive|Paco Amores has 30 seconds left.
|
|t:|1785447481
|detailschange|p1b: Aerodactyl|Aerodactyl-Mega, L50, F
|-mega|p1b: Aerodactyl|Aerodactyl|Aerodactylite
|detailschange|p2b: Staraptor|Staraptor-Mega, L50, M
|-mega|p2b: Staraptor|Staraptor|Staraptite
|move|p1b: Aerodactyl|Rock Slide|p2a: Sneasler|[spread] p2a,p2b
|-resisted|p2a: Sneasler|1
|-damage|p2a: Sneasler|84/100
|-damage|p2b: Staraptor|81/100
|cant|p2a: Sneasler|flinch
|move|p2b: Staraptor|Close Combat|p1a: Farigiraf
|-damage|p1a: Farigiraf|47/100
|-boost|p2b: Staraptor|def|1
|-boost|p2b: Staraptor|spd|1
|-enditem|p1a: Farigiraf|Sitrus Berry|[eat]
|-heal|p1a: Farigiraf|72/100|[from] item: Sitrus Berry
|move|p1a: Farigiraf|Psychic|p2a: Sneasler
|-supereffective|p2a: Sneasler|2
|-damage|p2a: Sneasler|0 fnt
|faint|p2a: Sneasler
|
|upkeep
|
|t:|1785447491
|switch|p2a: Kingambit|Kingambit, L50, F|100/100
|turn|2
|inactive|Paco Amores has 30 seconds left.
|
|t:|1785447517
|move|p1b: Aerodactyl|Dual Wingbeat|p2b: Staraptor
|-supereffective|p2b: Staraptor|1
|-damage|p2b: Staraptor|60/100
|-supereffective|p2b: Staraptor|1
|-damage|p2b: Staraptor|37/100
|-hitcount|p2b: Staraptor|2
|move|p2b: Staraptor|Close Combat|p1b: Aerodactyl
|-damage|p1b: Aerodactyl|25/100
|-boost|p2b: Staraptor|def|1
|-boost|p2b: Staraptor|spd|1
|move|p1a: Farigiraf|Thunderbolt|p2b: Staraptor
|-supereffective|p2b: Staraptor|1
|-damage|p2b: Staraptor|13/100
|-status|p2b: Staraptor|par
|move|p2a: Kingambit|Kowtow Cleave|p1a: Farigiraf
|-supereffective|p1a: Farigiraf|1
|-damage|p1a: Farigiraf|0 fnt
|faint|p1a: Farigiraf
|
|upkeep
|
|t:|1785447533
|switch|p1a: Garchomp|Garchomp, L50, M|100/100
|turn|3
|
|t:|1785447544
|move|p1b: Aerodactyl|Dual Wingbeat|p2b: Staraptor
|-supereffective|p2b: Staraptor|1
|-damage|p2b: Staraptor|0 fnt
|faint|p2b: Staraptor
|-hitcount|p2: Staraptor|1
|move|p1a: Garchomp|Stomping Tantrum|p2a: Kingambit
|-supereffective|p2a: Kingambit|1
|-damage|p2a: Kingambit|23/100
|-damage|p1a: Garchomp|90/100|[from] item: Life Orb
|move|p2a: Kingambit|Kowtow Cleave|p1b: Aerodactyl
|-damage|p1b: Aerodactyl|0 fnt
|faint|p1b: Aerodactyl
|
|upkeep
|
|t:|1785447554
|switch|p1b: Kingambit|Kingambit, L50, F|100/100
|switch|p2b: Maushold|Maushold, L50|100/100
|turn|4
|
|t:|1785447573
|move|p2b: Maushold|Follow Me|p2b: Maushold
|-singleturn|p2b: Maushold|move: Follow Me
|move|p2a: Kingambit|Sucker Punch|p1a: Garchomp
|-damage|p1a: Garchomp|38/100
|-damage|p2a: Kingambit|11/100|[from] ability: Rough Skin|[of] p1a: Garchomp
|move|p1a: Garchomp|Stomping Tantrum|p2b: Maushold
|-damage|p2b: Maushold|34/100
|-damage|p1a: Garchomp|28/100|[from] item: Life Orb
|move|p1b: Kingambit|Low Kick|p2b: Maushold
|-supereffective|p2b: Maushold|1
|-damage|p2b: Maushold|15/100
|
|upkeep
|turn|5
|
|t:|1785447592
|move|p2b: Maushold|Protect|p2b: Maushold
|-singleturn|p2b: Maushold|Protect
|move|p1a: Garchomp|Protect|p1a: Garchomp
|-singleturn|p1a: Garchomp|Protect
|move|p2a: Kingambit|Protect|p2a: Kingambit
|-singleturn|p2a: Kingambit|Protect
|move|p1b: Kingambit|Low Kick|p2b: Maushold
|-activate|p2b: Maushold|move: Protect
|
|upkeep
|turn|6
|
|t:|1785447613
|move|p2b: Maushold|Follow Me|p2b: Maushold
|-singleturn|p2b: Maushold|move: Follow Me
|move|p2a: Kingambit|Sucker Punch|p1a: Garchomp
|-damage|p1a: Garchomp|0 fnt
|-damage|p2a: Kingambit|0 fnt|[from] ability: Rough Skin|[of] p1a: Garchomp
|faint|p1a: Garchomp
|faint|p2a: Kingambit
|move|p1b: Kingambit|Low Kick|p2b: Maushold
|-supereffective|p2b: Maushold|1
|-damage|p2b: Maushold|0 fnt
|faint|p2b: Maushold
|
|win|Paco Amores
|raw|Paco Amores's rating: 1238 → 1257(+19 for winning)
|raw|Ninjacoox's rating: 1146 → 1127(-19 for losing)
|c|☆Paco Amores|gg
|c|☆Ninjacoox|gg
|l|☆Ninjacoox
|player|p2|
