|j|☆KodeBeast0526
|j|☆bkdefender
|html|KodeBeast0526bkdefender    
|uhtml|bestof|Game 1 of a best-of-3
|t:|1783556666
|gametype|doubles
|player|p1|KodeBeast0526|sailor|1085
|player|p2|bkdefender|101|1121
|gen|9
|tier|[Gen 9 Champions] VGC 2026 Reg M-B (Bo3)
|rated|
|rule|Species Clause: Limit one of each Pokémon
|rule|Item Clause: Limit 1 of each item
|clearpoke
|poke|p1|Garchomp, L50, M, shiny|
|poke|p1|Staraptor, L50, M, shiny|
|poke|p1|Whimsicott, L50, F, shiny|
|poke|p1|Incineroar, L50, F, shiny|
|poke|p1|Gholdengo, L50|
|poke|p1|Glimmora, L50, F, shiny|
|poke|p2|Tyranitar, L50, F|
|poke|p2|Venusaur, L50, M|
|poke|p2|Incineroar, L50, F|
|poke|p2|Sneasler, L50, F|
|poke|p2|Farigiraf, L50, M|
|poke|p2|Rotom-Wash, L50|
|teampreview|4
|showteam|p1|Garchomp||LifeOrb|RoughSkin|Earthquake,Protect,RockSlide,DragonClaw|Adamant||M|||50|]Staraptor||Staraptite|Intimidate|BraveBird,CloseCombat,Roost,Protect|Jolly||M|||50|]Whimsicott||FocusSash|Prankster|Moonblast,Tailwind,Tickle,FakeTears|Timid||F|||50|]Incineroar||SitrusBerry|Intimidate|FakeOut,PartingShot,FlareBlitz,DarkestLariat|Impish||F|||50|]Gholdengo||MetalCoat|GoodasGold|Protect,ShadowBall,MakeItRain,NastyPlot|Modest|||||50|]Glimmora||Glimmoranite|ToxicDebris|EarthPower,EnergyBall,GunkShot,SpikyShield|Timid||F|||50|
|showteam|p2|Tyranitar||Tyranitarite|SandStream|Protect,DragonDance,RockSlide,KnockOff|Jolly||F|||50|]Venusaur||Venusaurite|Chlorophyll|Protect,EarthPower,SludgeBomb,GigaDrain|Quiet||M|||50|]Incineroar||SitrusBerry|Intimidate|FakeOut,FlareBlitz,ThroatChop,PartingShot|Impish||F|||50|]Sneasler||WhiteHerb|Unburden|Protect,CloseCombat,DireClaw,FakeOut|Jolly||F|||50|]Farigiraf||ColburBerry|ArmorTail|Psychic,Thunderbolt,HelpingHand,TrickRoom|Relaxed||M|||50|]Rotom-Wash||Leftovers|Levitate|Thunderbolt,WillOWisp,LightScreen,HydroPump|Bold|||||50|
|inactive|Battle timer is ON: inactive players will automatically lose when time's up. (requested by bkdefender)
|inactive|bkdefender has 60 seconds left.
|
|t:|1783556739
|teamsize|p1|4
|teamsize|p2|4
|start
|switch|p1a: Gholdengo|Gholdengo, L50|100/100
|switch|p1b: Glimmora|Glimmora, L50, F, shiny|100/100
|switch|p2a: Sneasler|Sneasler, L50, F|100/100
|switch|p2b: Farigiraf|Farigiraf, L50, M|100/100
|turn|1
|inactive|KodeBeast0526 has 30 seconds left.
|
|t:|1783556767
|move|p2a: Sneasler|Fake Out|p1b: Glimmora
|-resisted|p1b: Glimmora|1
|-damage|p1b: Glimmora|93/100
|-activate|p1b: Glimmora|ability: Toxic Debris
|-sidestart|p2: bkdefender|move: Toxic Spikes
|cant|p1b: Glimmora|flinch
|move|p1a: Gholdengo|Nasty Plot|p1a: Gholdengo
|-boost|p1a: Gholdengo|spa|2
|move|p2b: Farigiraf|Trick Room|p2b: Farigiraf
|-fieldstart|move: Trick Room|[of] p2b: Farigiraf
|
|upkeep
|turn|2
|inactive|KodeBeast0526 has 30 seconds left.
|
|t:|1783556800
|switch|p2a: Incineroar|Incineroar, L50, F|100/100
|-status|p2a: Incineroar|psn
|-ability|p2a: Incineroar|Intimidate|boost
|-unboost|p1a: Gholdengo|atk|1
|-unboost|p1b: Glimmora|atk|1
|detailschange|p1b: Glimmora|Glimmora-Mega, L50, F, shiny
|-mega|p1b: Glimmora|Glimmora|Glimmoranite
|move|p2b: Farigiraf|Psychic|p1b: Glimmora
|-supereffective|p1b: Glimmora|1
|-damage|p1b: Glimmora|9/100
|move|p1a: Gholdengo|Nasty Plot|p1a: Gholdengo
|-boost|p1a: Gholdengo|spa|2
|move|p1b: Glimmora|Earth Power|p2a: Incineroar
|-supereffective|p2a: Incineroar|1
|-crit|p2a: Incineroar
|-damage|p2a: Incineroar|5/100 psn
|-enditem|p2a: Incineroar|Sitrus Berry|[eat]
|-heal|p2a: Incineroar|30/100 psn|[from] item: Sitrus Berry
|
|-damage|p2a: Incineroar|17/100 psn|[from] psn
|upkeep
|turn|3
|inactive|KodeBeast0526 has 30 seconds left.
|inactive|bkdefender has 30 seconds left.
|
|t:|1783556832
|move|p1a: Gholdengo|Protect|p1a: Gholdengo
|-singleturn|p1a: Gholdengo|Protect
|move|p2b: Farigiraf|Psychic|p1b: Glimmora
|-supereffective|p1b: Glimmora|1
|-damage|p1b: Glimmora|0 fnt
|faint|p1b: Glimmora
|move|p2a: Incineroar|Flare Blitz|p1a: Gholdengo
|-activate|p1a: Gholdengo|move: Protect
|
|-damage|p2a: Incineroar|5/100 psn|[from] psn
|upkeep
|
|t:|1783556845
|switch|p1b: Garchomp|Garchomp, L50, M, shiny|100/100
|turn|4
|
|t:|1783556858
|move|p1a: Gholdengo|Protect|p1a: Gholdengo
|-singleturn|p1a: Gholdengo|Protect
|move|p2b: Farigiraf|Psychic|p1b: Garchomp
|-damage|p1b: Garchomp|64/100
|move|p2a: Incineroar|Flare Blitz|p1a: Gholdengo
|-activate|p1a: Gholdengo|move: Protect
|move|p1b: Garchomp|Rock Slide|p2a: Incineroar|[spread] p2a,p2b
|-supereffective|p2a: Incineroar|1
|-damage|p2a: Incineroar|0 fnt
|-damage|p2b: Farigiraf|77/100
|faint|p2a: Incineroar
|-damage|p1b: Garchomp|54/100|[from] item: Life Orb
|
|upkeep
|
|t:|1783556873
|switch|p2a: Venusaur|Venusaur, L50, M|100/100
|-sideend|p2: bkdefender|move: Toxic Spikes|[of] p2a: Venusaur
|turn|5
|
|t:|1783556885
|detailschange|p2a: Venusaur|Venusaur-Mega, L50, M
|-mega|p2a: Venusaur|Venusaur|Venusaurite
|move|p2b: Farigiraf|Psychic|p1b: Garchomp
|-damage|p1b: Garchomp|18/100
|move|p2a: Venusaur|Earth Power|p1a: Gholdengo
|-supereffective|p1a: Gholdengo|1
|-damage|p1a: Gholdengo|43/100
|move|p1a: Gholdengo|Make It Rain|p2a: Venusaur|[spread] p2a,p2b
|-damage|p2a: Venusaur|0 fnt
|-damage|p2b: Farigiraf|0 fnt
|-unboost|p1a: Gholdengo|spa|2
|faint|p2a: Venusaur
|faint|p2b: Farigiraf
|move|p1b: Garchomp|Rock Slide|p2: Venusaur|[notarget]
|-fail|p1b: Garchomp
|
|-fieldend|move: Trick Room
|upkeep
|
|t:|1783556903
|switch|p2b: Sneasler|Sneasler, L50, F|100/100
|turn|6
|
|t:|1783556912
|move|p2b: Sneasler|Fake Out|p1a: Gholdengo
|-immune|p1a: Gholdengo
|move|p1b: Garchomp|Dragon Claw|p2b: Sneasler
|-damage|p2b: Sneasler|27/100
|-damage|p1b: Garchomp|8/100|[from] item: Life Orb
|move|p1a: Gholdengo|Shadow Ball|p2b: Sneasler
|-damage|p2b: Sneasler|0 fnt
|faint|p2b: Sneasler
|
|win|KodeBeast0526
||bkdefender is ready for game 2.
