|j|☆alexander1111
|j|☆the country mouse
|html|alexander1111the country mouse    
|uhtml|bestof|Game 3 of a best-of-3
|t:|1784276113
|gametype|doubles
|player|p1|alexander1111|preschooler|1369
|player|p2|the country mouse|tate|1391
|gen|9
|tier|[Gen 9 Champions] VGC 2026 Reg M-B (Bo3)
|rated|
|rule|Species Clause: Limit one of each Pokémon
|rule|Item Clause: Limit 1 of each item
|clearpoke
|poke|p1|Milotic, L50, F|
|poke|p1|Maushold-Four, L50|
|poke|p1|Charizard, L50, M, shiny|
|poke|p1|Whimsicott, L50, M, shiny|
|poke|p1|Kingambit, L50, M|
|poke|p1|Garchomp, L50, F|
|poke|p2|Venusaur, L50, M|
|poke|p2|Incineroar, L50, M|
|poke|p2|Garchomp, L50, F|
|poke|p2|Hydreigon, L50, F|
|poke|p2|Charizard, L50, F|
|poke|p2|Toxapex, L50, M|
|teampreview|4
|showteam|p1|Milotic||SitrusBerry|Competitive|Scald,IceBeam,HelpingHand,Protect|Modest||F|||50|]Maushold-Four||WideLens|Technician|PopulationBomb,FollowMe,Protect,SunnyDay|Jolly|||||50|]Charizard||CharizarditeY|Blaze|SolarBeam,HeatWave,WeatherBall,Protect|Timid||M|||50|]Whimsicott||FocusSash|Prankster|Tailwind,Moonblast,Protect,Encore|Timid||M|||50|]Kingambit||ChopleBerry|Defiant|KowtowCleave,SuckerPunch,IronHead,LowKick|Adamant||M|||50|]Garchomp||LifeOrb|RoughSkin|RockSlide,Earthquake,DragonClaw,Protect|Jolly||F|||50|
|showteam|p2|Venusaur||FocusSash|Chlorophyll|SleepPowder,SludgeBomb,EarthPower,Protect|Modest||M|||50|]Incineroar||SitrusBerry|Intimidate|FakeOut,PartingShot,ThroatChop,FlareBlitz|Careful||M|||50|]Garchomp||LifeOrb|RoughSkin|DragonClaw,Earthquake,RockSlide,Protect|Jolly||F|||50|]Hydreigon||ChoiceScarf|Levitate|DracoMeteor,DarkPulse,Snarl,EarthPower|Modest||F|||50|]Charizard||CharizarditeY|Blaze|WeatherBall,HeatWave,SolarBeam,Protect|Modest||F|||50|]Toxapex||Leftovers|Regenerator|Infestation,Toxic,WideGuard,BanefulBunker|Bold||M|||50|
|inactive|Battle timer is ON: inactive players will automatically lose when time's up. (requested by alexander1111)
|
|t:|1784276149
|teamsize|p1|4
|teamsize|p2|4
|start
|switch|p1a: Maushold|Maushold-Four, L50|100/100
|switch|p1b: Milotic|Milotic, L50, F|100/100
|switch|p2a: Incineroar|Incineroar, L50, M|100/100
|switch|p2b: Toxapex|Toxapex, L50, M|100/100
|-ability|p2a: Incineroar|Intimidate|boost
|-unboost|p1a: Maushold|atk|1
|-unboost|p1b: Milotic|atk|1
|-ability|p1b: Milotic|Competitive|boost
|-boost|p1b: Milotic|spa|2
|turn|1
|
|t:|1784276166
|switch|p1a: Charizard|Charizard, L50, M, shiny|100/100
|move|p1b: Milotic|Protect|p1b: Milotic
|-singleturn|p1b: Milotic|Protect
|move|p2a: Incineroar|Fake Out|p1b: Milotic
|-activate|p1b: Milotic|move: Protect
|move|p2b: Toxapex|Toxic|p1a: Charizard
|-status|p1a: Charizard|tox
|
|-damage|p1a: Charizard|93/100 tox|[from] psn
|upkeep
|turn|2
|
|t:|1784276178
|switch|p1a: Maushold|Maushold-Four, L50|100/100
|move|p1b: Milotic|Scald|p2a: Incineroar
|-supereffective|p2a: Incineroar|1
|-damage|p2a: Incineroar|1/100
|-enditem|p2a: Incineroar|Sitrus Berry|[eat]
|-heal|p2a: Incineroar|25/100|[from] item: Sitrus Berry
|move|p2a: Incineroar|Parting Shot|p1a: Maushold
|-unboost|p1a: Maushold|atk|1
|-unboost|p1a: Maushold|spa|1
|
|t:|1784276201
|switch|p2a: Garchomp|Garchomp, L50, F|100/100|[from] Parting Shot
|move|p2b: Toxapex|Toxic|p1b: Milotic
|-status|p1b: Milotic|tox
|
|-damage|p1b: Milotic|94/100 tox|[from] psn
|upkeep
|turn|3
|
|t:|1784276215
|switch|p1a: Whimsicott|Whimsicott, L50, M, shiny|100/100
|move|p2a: Garchomp|Protect|p2a: Garchomp
|-singleturn|p2a: Garchomp|Protect
|move|p1b: Milotic|Ice Beam|p2a: Garchomp
|-activate|p2a: Garchomp|move: Protect
|move|p2b: Toxapex|Infestation|p1b: Milotic
|-damage|p1b: Milotic|91/100 tox
|-activate|p1b: Milotic|move: Infestation|[of] p2b: Toxapex
|
|-damage|p1b: Milotic|79/100 tox|[from] psn
|-damage|p1b: Milotic|66/100 tox|[from] move: Infestation|[partiallytrapped]
|upkeep
|turn|4
|inactive|the country mouse has 30 seconds left.
|inactive|the country mouse has 20 seconds left.
|
|t:|1784276250
|switch|p2a: Incineroar|Incineroar, L50, M|25/100
|-ability|p2a: Incineroar|Intimidate|boost
|-unboost|p1a: Whimsicott|atk|1
|-unboost|p1b: Milotic|atk|1
|-ability|p1b: Milotic|Competitive|boost
|-boost|p1b: Milotic|spa|2
|move|p1a: Whimsicott|Encore|p2a: Incineroar
|-hint|Since gen 7, Dark is immune to Prankster moves.
|-immune|p2a: Incineroar
|move|p1b: Milotic|Scald|p2a: Incineroar
|-supereffective|p2a: Incineroar|1
|-damage|p2a: Incineroar|0 fnt
|faint|p2a: Incineroar
|move|p2b: Toxapex|Infestation|p1a: Whimsicott
|-crit|p1a: Whimsicott
|-damage|p1a: Whimsicott|92/100
|-activate|p1a: Whimsicott|move: Infestation|[of] p2b: Toxapex
|
|-damage|p1b: Milotic|49/100 tox|[from] psn
|-damage|p1a: Whimsicott|80/100|[from] move: Infestation|[partiallytrapped]
|-damage|p1b: Milotic|36/100 tox|[from] move: Infestation|[partiallytrapped]
|upkeep
|-enditem|p1b: Milotic|Sitrus Berry|[eat]
|-heal|p1b: Milotic|61/100 tox|[from] item: Sitrus Berry
|
|t:|1784276258
|switch|p2a: Charizard|Charizard, L50, F|100/100
|turn|5
|
|t:|1784276271
|detailschange|p2a: Charizard|Charizard-Mega-Y, L50, F
|-mega|p2a: Charizard|Charizard|Charizardite Y
|-weather|SunnyDay|[from] ability: Drought|[of] p2a: Charizard
|move|p2a: Charizard|Protect|p2a: Charizard
|-singleturn|p2a: Charizard|Protect
|move|p1b: Milotic|Protect|p1b: Milotic
|-singleturn|p1b: Milotic|Protect
|move|p1a: Whimsicott|Tailwind|p1a: Whimsicott
|-sidestart|p1: alexander1111|move: Tailwind
|move|p2b: Toxapex|Toxic|p1a: Whimsicott
|-status|p1a: Whimsicott|tox
|
|-weather|SunnyDay|[upkeep]
|-damage|p1a: Whimsicott|74/100 tox|[from] psn
|-damage|p1b: Milotic|37/100 tox|[from] psn
|-damage|p1a: Whimsicott|62/100 tox|[from] move: Infestation|[partiallytrapped]
|-damage|p1b: Milotic|25/100 tox|[from] move: Infestation|[partiallytrapped]
|upkeep
|turn|6
|inactive|the country mouse has 30 seconds left.
|inactive|the country mouse has 20 seconds left.
|inactive|the country mouse has 15 seconds left.
|inactive|the country mouse has 10 seconds left.
|inactive|the country mouse has 5 seconds left.
|
|t:|1784276323
|move|p1a: Whimsicott|Encore|p2a: Charizard
|-start|p2a: Charizard|Encore
|move|p2a: Charizard|Protect|p2a: Charizard
|-singleturn|p2a: Charizard|Protect
|move|p1b: Milotic|Ice Beam|p2a: Charizard
|-activate|p2a: Charizard|move: Protect
|move|p2b: Toxapex|Infestation|p1a: Whimsicott
|-damage|p1a: Whimsicott|56/100 tox
|
|-weather|SunnyDay|[upkeep]
|-damage|p1a: Whimsicott|45/100 tox|[from] psn
|-damage|p1b: Milotic|0 fnt|[from] psn
|faint|p1b: Milotic
|-damage|p1a: Whimsicott|32/100 tox|[from] move: Infestation|[partiallytrapped]
|upkeep
|
|t:|1784276336
|switch|p1b: Maushold|Maushold-Four, L50|100/100
|turn|7
|
|t:|1784276355
|switch|p2a: Garchomp|Garchomp, L50, F|100/100
|move|p1a: Whimsicott|Moonblast|p2a: Garchomp
|-supereffective|p2a: Garchomp|1
|-damage|p2a: Garchomp|13/100
|move|p1b: Maushold|Population Bomb|p2a: Garchomp
|-damage|p2a: Garchomp|3/100
|-damage|p1b: Maushold|88/100|[from] ability: Rough Skin|[of] p2a: Garchomp
|-damage|p2a: Garchomp|0 fnt
|-damage|p1b: Maushold|76/100|[from] ability: Rough Skin|[of] p2a: Garchomp
|faint|p2a: Garchomp
|-hitcount|p2: Garchomp|2
|move|p2b: Toxapex|Toxic|p1b: Maushold
|-status|p1b: Maushold|tox
|
|-weather|SunnyDay|[upkeep]
|-damage|p1a: Whimsicott|15/100 tox|[from] psn
|-damage|p1b: Maushold|70/100 tox|[from] psn
|-damage|p1a: Whimsicott|2/100 tox|[from] move: Infestation|[partiallytrapped]
|upkeep
|
|t:|1784276363
|switch|p2a: Charizard|Charizard-Mega-Y, L50, F|100/100
|turn|8
|
|t:|1784276380
|move|p2a: Charizard|Protect|p2a: Charizard
|-singleturn|p2a: Charizard|Protect
|move|p1a: Whimsicott|Encore|p2b: Toxapex
|-start|p2b: Toxapex|Encore
|move|p1b: Maushold|Population Bomb|p2a: Charizard
|-activate|p2a: Charizard|move: Protect
|move|p2b: Toxapex|Toxic|p1b: Maushold
|-fail|p1b: Maushold|tox
|
|-weather|SunnyDay|[upkeep]
|-damage|p1a: Whimsicott|0 fnt|[from] psn
|faint|p1a: Whimsicott
|-damage|p1b: Maushold|58/100 tox|[from] psn
|-sideend|p1: alexander1111|move: Tailwind
|upkeep
|
|t:|1784276384
|switch|p1a: Charizard|Charizard, L50, M, shiny|93/100 tox
|turn|9
|
|t:|1784276396
|move|p1b: Maushold|Population Bomb|p2a: Charizard
|-damage|p2a: Charizard|87/100
|-damage|p2a: Charizard|75/100
|-damage|p2a: Charizard|64/100
|-damage|p2a: Charizard|52/100
|-damage|p2a: Charizard|40/100
|-damage|p2a: Charizard|26/100
|-damage|p2a: Charizard|14/100
|-damage|p2a: Charizard|2/100
|-damage|p2a: Charizard|0 fnt
|faint|p2a: Charizard
|-hitcount|p2: Charizard|9
|move|p1a: Charizard|Solar Beam||[still]
|-prepare|p1a: Charizard|Solar Beam
|-anim|p1a: Charizard|Solar Beam|p2b: Toxapex
|-damage|p2b: Toxapex|71/100
|move|p2b: Toxapex|Toxic|p1a: Charizard
|-fail|p1a: Charizard|tox
|
|-weather|none
|-heal|p2b: Toxapex|77/100|[from] item: Leftovers
|-damage|p1b: Maushold|40/100 tox|[from] psn
|-damage|p1a: Charizard|87/100 tox|[from] psn
|upkeep
|turn|10
|
|t:|1784276415
|detailschange|p1a: Charizard|Charizard-Mega-Y, L50, M, shiny
|-mega|p1a: Charizard|Charizard|Charizardite Y
|-weather|SunnyDay|[from] ability: Drought|[of] p1a: Charizard
|move|p1b: Maushold|Population Bomb|p2b: Toxapex
|-damage|p2b: Toxapex|69/100
|-damage|p2b: Toxapex|59/100
|-damage|p2b: Toxapex|51/100
|-damage|p2b: Toxapex|43/100
|-damage|p2b: Toxapex|36/100
|-damage|p2b: Toxapex|28/100
|-damage|p2b: Toxapex|18/100
|-crit|p2b: Toxapex
|-damage|p2b: Toxapex|5/100
|-crit|p2b: Toxapex
|-damage|p2b: Toxapex|0 fnt
|faint|p2b: Toxapex
|-hitcount|p2: Toxapex|9
|
|win|alexander1111
|raw|alexander1111's rating: 1369 → 1390(+21 for winning)
|raw|the country mouse's rating: 1391 → 1370(-21 for losing)
