|j|☆alex candal
|j|☆lettitripppp
|html|alex candallettitripppp    
|uhtml|bestof|Game 2 of a best-of-3
|t:|1783888689
|gametype|doubles
|player|p1|alex candal|265|1276
|player|p2|lettitripppp|lucas|1257
|gen|9
|tier|[Gen 9 Champions] VGC 2026 Reg M-B (Bo3)
|rated|
|rule|Species Clause: Limit one of each Pokémon
|rule|Item Clause: Limit 1 of each item
|clearpoke
|poke|p1|Mawile, L50, M|
|poke|p1|Sinistcha, L50|
|poke|p1|Incineroar, L50, F|
|poke|p1|Maushold, L50|
|poke|p1|Basculegion, L50, M|
|poke|p1|Barbaracle, L50, M|
|poke|p2|Charizard, L50, F|
|poke|p2|Floette-Eternal, L50, F|
|poke|p2|Basculegion, L50, M|
|poke|p2|Whimsicott, L50, M, shiny|
|poke|p2|Garchomp, L50, M, shiny|
|poke|p2|Kingambit, L50, F, shiny|
|teampreview|4
|showteam|p1|Mawile||Mawilite|HyperCutter|PlayRough,SuckerPunch,SwordsDance,Protect|Brave||M|||50|]Sinistcha||SitrusBerry|Hospitality|MatchaGotcha,RagePowder,Protect,TrickRoom|Calm|||||50|]Incineroar||PasshoBerry|Intimidate|FakeOut,PartingShot,DarkestLariat,FlareBlitz|Impish||F|||50|]Maushold||ChopleBerry|FriendGuard|HelpingHand,FollowMe,Protect,SuperFang|Careful|||||50|]Basculegion||ChoiceScarf|Adaptability|WaveCrash,LastRespects,AquaJet,FlipTurn|Jolly||M|||50|]Barbaracle||Barbaracite|ToughClaws|CloseCombat,RockSlide,ShellSmash,Protect|Adamant||M|||50|
|showteam|p2|Charizard||CharizarditeY|Blaze|WeatherBall,SolarBeam,HeatWave,Protect|Modest||F|||50|]Floette-Eternal||Floettite|FlowerVeil|DazzlingGleam,LightofRuin,Moonblast,Protect|Modest||F|||50|]Basculegion||MysticWater|Adaptability|LastRespects,WaveCrash,AquaJet,Protect|Adamant||M|||50|]Whimsicott||FocusSash|Prankster|Moonblast,Tailwind,Encore,Protect|Timid||M|||50|]Garchomp||LifeOrb|RoughSkin|DragonClaw,Earthquake,RockSlide,Protect|Jolly||M|||50|]Kingambit||ChopleBerry|Defiant|KowtowCleave,SuckerPunch,IronHead,LowKick|Adamant||F|||50|
|inactive|Battle timer is ON: inactive players will automatically lose when time's up. (requested by lettitripppp)
|
|t:|1783888716
|teamsize|p1|4
|teamsize|p2|4
|start
|switch|p1a: Basculegion|Basculegion, L50, M|100/100
|switch|p1b: Maushold|Maushold, L50|100/100
|switch|p2a: GHOSTWAVE|Basculegion, L50, M|100/100
|switch|p2b: LETS GO GO|Whimsicott, L50, M, shiny|100/100
|turn|1
|
|t:|1783888728
|switch|p1b: Incineroar|Incineroar, L50, F|100/100
|-ability|p1b: Incineroar|Intimidate|boost
|-unboost|p2a: GHOSTWAVE|atk|1
|-unboost|p2b: LETS GO GO|atk|1
|move|p1a: Basculegion|Flip Turn|p2b: LETS GO GO
|-resisted|p2b: LETS GO GO|1
|-damage|p2b: LETS GO GO|76/100
|
|t:|1783888735
|switch|p1a: Maushold|Maushold, L50|100/100|[from] Flip Turn
|move|p2b: LETS GO GO|Moonblast|p1b: Incineroar
|-damage|p1b: Incineroar|78/100
|move|p2a: GHOSTWAVE|Wave Crash|p1b: Incineroar
|-supereffective|p1b: Incineroar|1
|-enditem|p1b: Incineroar|Passho Berry|[eat]
|-enditem|p1b: Incineroar|Passho Berry|[weaken]
|-damage|p1b: Incineroar|41/100
|-damage|p2a: GHOSTWAVE|87/100|[from] Recoil
|
|upkeep
|turn|2
|
|t:|1783888745
|move|p2b: LETS GO GO|Protect|p2b: LETS GO GO
|-singleturn|p2b: LETS GO GO|Protect
|move|p2a: GHOSTWAVE|Protect|p2a: GHOSTWAVE
|-singleturn|p2a: GHOSTWAVE|Protect
|move|p1a: Maushold|Follow Me|p1a: Maushold
|-singleturn|p1a: Maushold|move: Follow Me
|move|p1b: Incineroar|Parting Shot|p2a: GHOSTWAVE
|-activate|p2a: GHOSTWAVE|move: Protect
|
|upkeep
|turn|3
|
|t:|1783888756
|move|p1a: Maushold|Follow Me|p1a: Maushold
|-singleturn|p1a: Maushold|move: Follow Me
|move|p2b: LETS GO GO|Moonblast|p1a: Maushold
|-damage|p1a: Maushold|73/100
|move|p2a: GHOSTWAVE|Wave Crash|p1a: Maushold
|-damage|p1a: Maushold|1/100
|-damage|p2a: GHOSTWAVE|66/100|[from] Recoil
|move|p1b: Incineroar|Parting Shot|p2a: GHOSTWAVE
|-unboost|p2a: GHOSTWAVE|atk|1
|-unboost|p2a: GHOSTWAVE|spa|1
|
|t:|1783888763
|switch|p1b: Barbaracle|Barbaracle, L50, M|100/100|[from] Parting Shot
|
|upkeep
|turn|4
|
|t:|1783888780
|move|p1a: Maushold|Follow Me|p1a: Maushold
|-singleturn|p1a: Maushold|move: Follow Me
|move|p2b: LETS GO GO|Moonblast|p1a: Maushold
|-damage|p1a: Maushold|0 fnt
|faint|p1a: Maushold
|move|p2a: GHOSTWAVE|Wave Crash|p1b: Barbaracle
|-damage|p1b: Barbaracle|54/100
|-damage|p2a: GHOSTWAVE|54/100|[from] Recoil
|move|p1b: Barbaracle|Shell Smash|p1b: Barbaracle
|-unboost|p1b: Barbaracle|def|1
|-unboost|p1b: Barbaracle|spd|1
|-boost|p1b: Barbaracle|atk|2
|-boost|p1b: Barbaracle|spa|2
|-boost|p1b: Barbaracle|spe|2
|
|upkeep
|
|t:|1783888787
|switch|p1a: Incineroar|Incineroar, L50, F|41/100
|-ability|p1a: Incineroar|Intimidate|boost
|-unboost|p2a: GHOSTWAVE|atk|1
|-unboost|p2b: LETS GO GO|atk|1
|turn|5
|
|t:|1783888797
|detailschange|p1b: Barbaracle|Barbaracle-Mega, L50, M
|-mega|p1b: Barbaracle|Barbaracle|Barbaracite
|move|p2b: LETS GO GO|Protect|p2b: LETS GO GO
|-singleturn|p2b: LETS GO GO|Protect
|move|p2a: GHOSTWAVE|Protect|p2a: GHOSTWAVE
|-singleturn|p2a: GHOSTWAVE|Protect
|move|p1a: Incineroar|Fake Out|p2b: LETS GO GO
|-activate|p2b: LETS GO GO|move: Protect
|move|p1b: Barbaracle|Rock Slide|p2a: GHOSTWAVE|[spread] 
|-activate|p2a: GHOSTWAVE|move: Protect
|-activate|p2b: LETS GO GO|move: Protect
|
|upkeep
|turn|6
|
|t:|1783888806
|move|p2b: LETS GO GO|Tailwind|p2b: LETS GO GO
|-sidestart|p2: lettitripppp|move: Tailwind
|move|p1b: Barbaracle|Rock Slide|p2b: LETS GO GO|[spread] p2a,p2b
|-damage|p2a: GHOSTWAVE|0 fnt
|-damage|p2b: LETS GO GO|0 fnt
|faint|p2a: GHOSTWAVE
|faint|p2b: LETS GO GO
|move|p1a: Incineroar|Parting Shot|p2: GHOSTWAVE|[notarget]
|-fail|p1a: Incineroar
|
|upkeep
|
|t:|1783888814
|switch|p2b: RUINOUS LIGHT|Floette-Eternal, L50, F|100/100
|switch|p2a: CRUSH SHARK|Garchomp, L50, M, shiny|100/100
|turn|7
|
|t:|1783888825
|switch|p1a: Basculegion|Basculegion, L50, M|100/100
|detailschange|p2b: RUINOUS LIGHT|Floette-Mega, L50, F
|-mega|p2b: RUINOUS LIGHT|Floette|Floettite
|-ability|p2b: RUINOUS LIGHT|Fairy Aura
|move|p1b: Barbaracle|Protect|p1b: Barbaracle
|-singleturn|p1b: Barbaracle|Protect
|move|p2a: CRUSH SHARK|Dragon Claw|p1b: Barbaracle
|-activate|p1b: Barbaracle|move: Protect
|move|p2b: RUINOUS LIGHT|Moonblast|p1a: Basculegion
|-damage|p1a: Basculegion|2/100
|-unboost|p1a: Basculegion|spa|1
|
|upkeep
|turn|8
|
|t:|1783888839
|switch|p1a: Incineroar|Incineroar, L50, F|41/100
|-ability|p1a: Incineroar|Intimidate|boost
|-unboost|p2a: CRUSH SHARK|atk|1
|-unboost|p2b: RUINOUS LIGHT|atk|1
|move|p2a: CRUSH SHARK|Dragon Claw|p1b: Barbaracle
|-crit|p1b: Barbaracle
|-damage|p1b: Barbaracle|0 fnt
|faint|p1b: Barbaracle
|-damage|p2a: CRUSH SHARK|90/100|[from] item: Life Orb
|move|p2b: RUINOUS LIGHT|Dazzling Gleam|p1a: Incineroar
|-damage|p1a: Incineroar|0 fnt
|faint|p1a: Incineroar
|
|upkeep
|
|t:|1783888848
|switch|p1b: Basculegion|Basculegion, L50, M|2/100
|turn|9
|
|t:|1783888853
|move|p2a: CRUSH SHARK|Dragon Claw|p1b: Basculegion
|-damage|p1b: Basculegion|0 fnt
|faint|p1b: Basculegion
|-damage|p2a: CRUSH SHARK|80/100|[from] item: Life Orb
|
|win|lettitripppp
||alex candal is ready for game 3.
