|j|☆ShinyPSIDuck
|j|☆FarigiBoy
|html|ShinyPSIDuckFarigiBoy    
|uhtml|bestof|Game 3 of a best-of-3
|t:|1785271399
|gametype|doubles
|player|p1|ShinyPSIDuck|1|1069
|player|p2|FarigiBoy|102|1309
|gen|9
|tier|[Gen 9 Champions] VGC 2026 Reg M-B (Bo3)
|rated|
|rule|Species Clause: Limit one of each Pokémon
|rule|Item Clause: Limit 1 of each item
|clearpoke
|poke|p1|Archaludon, L50, M|
|poke|p1|Basculegion, L50, M, shiny|
|poke|p1|Pelipper, L50, F, shiny|
|poke|p1|Maushold, L50|
|poke|p1|Gardevoir, L50, F, shiny|
|poke|p1|Swampert, L50, F|
|poke|p2|Garchomp, L50, F|
|poke|p2|Venusaur, L50, F|
|poke|p2|Incineroar, L50, F|
|poke|p2|Charizard, L50, M|
|poke|p2|Toxapex, L50, F|
|poke|p2|Annihilape, L50, M|
|teampreview|4
|showteam|p1|Archaludon||Leftovers|Stamina|DragonPulse,FlashCannon,ElectroShot,Protect|Calm||M|||50|]Basculegion||ChoiceScarf|Adaptability|WaveCrash,LastRespects,AquaJet,FlipTurn|Jolly||M|||50|]Pelipper||SitrusBerry|Drizzle|Hurricane,WeatherBall,Tailwind,Protect|Modest||F|||50|]Maushold||FocusSash|FriendGuard|SuperFang,RainDance,FollowMe,Protect|Timid|||||50|]Gardevoir||Gardevoirite|Trace|Psyshock,HyperVoice,TrickRoom,Protect|Modest||F|||50|]Swampert||Swampertite|Torrent|WaveCrash,HighHorsepower,IcePunch,Protect|Adamant||F|||50|
|showteam|p2|Garchomp||ChoiceScarf|RoughSkin|Earthquake,DragonClaw,StompingTantrum,RockSlide|Adamant||F|||50|]Venusaur||LifeOrb|Chlorophyll|SolarBeam,SludgeBomb,EarthPower,Protect|Modest||F|||50|]Incineroar||SitrusBerry|Intimidate|FlareBlitz,ThroatChop,FakeOut,PartingShot|Impish||F|||50|]Charizard||CharizarditeY|Blaze|HeatWave,WeatherBall,HelpingHand,Protect|Modest||M|||50|]Toxapex||Leftovers|Regenerator|Infestation,Toxic,WideGuard,BanefulBunker|Bold||F|||50|]Annihilape||FocusSash|Defiant|CloseCombat,PhantomForce,RockTomb,Protect|Jolly||M|||50|
|j| soulmoonvgc
|inactive|Battle timer is ON: inactive players will automatically lose when time's up. (requested by ShinyPSIDuck)
|
|t:|1785271423
|teamsize|p1|4
|teamsize|p2|4
|start
|switch|p1a: Maushold|Maushold, L50|100/100
|switch|p1b: Gardevoir|Gardevoir, L50, F, shiny|100/100
|switch|p2a: Charizard|Charizard, L50, M|100/100
|switch|p2b: Garchomp|Garchomp, L50, F|100/100
|-ability|p1b: Gardevoir|Rough Skin|Trace|[from] ability: Trace|[of] p2b: Garchomp
|turn|1
|
|t:|1785271447
|detailschange|p2a: Charizard|Charizard-Mega-Y, L50, M
|-mega|p2a: Charizard|Charizard|Charizardite Y
|-weather|SunnyDay|[from] ability: Drought|[of] p2a: Charizard
|detailschange|p1b: Gardevoir|Gardevoir-Mega, L50, F, shiny
|-mega|p1b: Gardevoir|Gardevoir|Gardevoirite
|move|p2b: Garchomp|Earthquake|p1b: Gardevoir|[spread] p1a,p1b
|-immune|p2a: Charizard
|-crit|p1a: Maushold
|-damage|p1a: Maushold|20/100y
|-damage|p1b: Gardevoir|65/100
|move|p1a: Maushold|Rain Dance|p1a: Maushold
|-weather|RainDance
|move|p2a: Charizard|Heat Wave|p1a: Maushold|[spread] p1a,p1b
|-damage|p1a: Maushold|0 fnt
|-damage|p1b: Gardevoir|54/100
|faint|p1a: Maushold
|move|p1b: Gardevoir|Hyper Voice|p2a: Charizard|[spread] p2a,p2b
|-resisted|p2a: Charizard|1
|-supereffective|p2b: Garchomp|1
|-damage|p2a: Charizard|76/100
|-damage|p2b: Garchomp|0 fnt
|faint|p2b: Garchomp
|
|-weather|RainDance|[upkeep]
|upkeep
|
|t:|1785271465
|switch|p1a: Archaludon|Archaludon, L50, M|100/100
|switch|p2b: Annihilape|Annihilape, L50, M|100/100
|turn|2
|
|t:|1785271479
|move|p2a: Charizard|Protect|p2a: Charizard
|-singleturn|p2a: Charizard|Protect
|move|p2b: Annihilape|Phantom Force||[still]
|-prepare|p2b: Annihilape|Phantom Force
|move|p1b: Gardevoir|Psyshock|p2a: Charizard
|-activate|p2a: Charizard|move: Protect
|move|p1a: Archaludon|Electro Shot||[still]
|-prepare|p1a: Archaludon|Electro Shot
|-boost|p1a: Archaludon|spa|1
|-anim|p1a: Archaludon|Electro Shot|p2b: Annihilape|[miss]
|-miss|p1a: Archaludon|p2b: Annihilape
|
|-weather|RainDance|[upkeep]
|upkeep
|turn|3
|
|t:|1785271495
|switch|p2a: Venusaur|Venusaur, L50, F|100/100
|switch|p1b: Pelipper|Pelipper, L50, F, shiny|100/100
|move|p2b: Annihilape|Phantom Force|p1b: Pelipper|[from] lockedmove
|-damage|p1b: Pelipper|54/100
|move|p1a: Archaludon|Electro Shot||[still]
|-prepare|p1a: Archaludon|Electro Shot
|-boost|p1a: Archaludon|spa|1
|-anim|p1a: Archaludon|Electro Shot|p2a: Venusaur
|-resisted|p2a: Venusaur|1
|-damage|p2a: Venusaur|58/100
|
|-weather|RainDance|[upkeep]
|upkeep
|turn|4
|
|t:|1785271515
|move|p2b: Annihilape|Close Combat|p1a: Archaludon
|-supereffective|p1a: Archaludon|1
|-damage|p1a: Archaludon|15/100
|-unboost|p2b: Annihilape|def|1
|-unboost|p2b: Annihilape|spd|1
|-ability|p1a: Archaludon|Stamina|boost
|-boost|p1a: Archaludon|def|1
|move|p2a: Venusaur|Sludge Bomb|p1b: Pelipper
|-damage|p1b: Pelipper|0 fnt
|faint|p1b: Pelipper
|-damage|p2a: Venusaur|49/100|[from] item: Life Orb
|move|p1a: Archaludon|Dragon Pulse|p2a: Venusaur
|-damage|p2a: Venusaur|0 fnt
|faint|p2a: Venusaur
|
|-weather|RainDance|[upkeep]
|-heal|p1a: Archaludon|21/100|[from] item: Leftovers
|upkeep
|
|t:|1785271527
|switch|p2a: Charizard|Charizard-Mega-Y, L50, M|76/100
|switch|p1b: Gardevoir|Gardevoir-Mega, L50, F, shiny|54/100
|-weather|SunnyDay|[from] ability: Drought|[of] p2a: Charizard
|turn|5
|-message|ShinyPSIDuck forfeited.
|
|win|FarigiBoy
|raw|ShinyPSIDuck's rating: 1069 → 1061(-8 for losing)
|raw|FarigiBoy's rating: 1309 → 1317(+8 for winning)
