|j|☆castoriceball
|j|☆ElXoXo21
|html|castoriceballElXoXo21    
|uhtml|bestof|Game 1 of a best-of-3
|t:|1784016405
|gametype|doubles
|player|p1|castoriceball|miku-flying|1295
|player|p2|ElXoXo21|1|1175
|gen|9
|tier|[Gen 9 Champions] VGC 2026 Reg M-B (Bo3)
|rated|
|rule|Species Clause: Limit one of each Pokémon
|rule|Item Clause: Limit 1 of each item
|clearpoke
|poke|p1|Garchomp, L50, M|
|poke|p1|Floette-Eternal, L50, F|
|poke|p1|Talonflame, L50, F|
|poke|p1|Rotom-Wash, L50, shiny|
|poke|p1|Sneasler, L50, M|
|poke|p1|Sinistcha, L50|
|poke|p2|Gengar, L50, M|
|poke|p2|Politoed, L50, M|
|poke|p2|Whimsicott, L50, M|
|poke|p2|Meganium, L50, F|
|poke|p2|Gholdengo, L50|
|poke|p2|Incineroar, L50, F, shiny|
|teampreview|4
|showteam|p1|Garchomp||LifeOrb|RoughSkin|DragonClaw,Earthquake,RockSlide,Protect|Adamant||M|||50|]Floette-Eternal||Floettite|FlowerVeil|Moonblast,DazzlingGleam,LightofRuin,Protect|Modest||F|||50|]Talonflame||SharpBeak|GaleWings|Tailwind,DualWingbeat,QuickGuard,Protect|Jolly||F|||50|]Rotom-Wash||Magnet|Levitate|Thunderbolt,HydroPump,Electroweb,Protect|Modest|||||50|]Sneasler||FocusSash|PoisonTouch|FakeOut,CloseCombat,DireClaw,Protect|Adamant||M|||50|]Sinistcha||MiracleSeed|Hospitality|TrickRoom,ShadowBall,RagePowder,MatchaGotcha|Modest|||||50|
|showteam|p2|Gengar||Gengarite|CursedBody|Protect,PerishSong,Disable,ShadowBall|Timid||M|||50|]Politoed||Leftovers|Drizzle|Protect,PerishSong,HelpingHand,WeatherBall|Bold||M|||50|]Whimsicott||FocusSash|Prankster|Protect,Encore,Tailwind,Moonblast|Timid||M|||50|]Meganium||Meganiumite|LeafGuard|Protect,WeatherBall,SolarBeam,DazzlingGleam|Modest||F|||50|]Gholdengo||LifeOrb|GoodasGold|Protect,NastyPlot,ShadowBall,MakeItRain|Modest|||||50|]Incineroar||WhiteHerb|Intimidate|FakeOut,PartingShot,DarkestLariat,CloseCombat|Adamant||F|||50|
|inactive|Battle timer is ON: inactive players will automatically lose when time's up. (requested by ElXoXo21)
|inactive|castoriceball has 60 seconds left.
|inactive|ElXoXo21 has 60 seconds left.
|
|t:|1784016479
|teamsize|p1|4
|teamsize|p2|4
|start
|switch|p1a: BIRDD|Talonflame, L50, F|100/100
|switch|p1b: jarchomp|Garchomp, L50, M|100/100
|switch|p2a: Incineroar|Incineroar, L50, F, shiny|100/100
|switch|p2b: Gengar|Gengar, L50, M|100/100
|-ability|p2a: Incineroar|Intimidate|boost
|-unboost|p1a: BIRDD|atk|1
|-unboost|p1b: jarchomp|atk|1
|turn|1
|inactive|ElXoXo21 has 30 seconds left.
|
|t:|1784016505
|detailschange|p2b: Gengar|Gengar-Mega, L50, M
|-mega|p2b: Gengar|Gengar|Gengarite
|move|p2a: Incineroar|Fake Out|p1b: jarchomp
|-damage|p1b: jarchomp|85/100
|-damage|p2a: Incineroar|87/100|[from] ability: Rough Skin|[of] p1b: jarchomp
|move|p1a: BIRDD|Dual Wingbeat|p2a: Incineroar
|-damage|p2a: Incineroar|75/100
|-damage|p2a: Incineroar|63/100
|-hitcount|p2a: Incineroar|2
|move|p2b: Gengar|Shadow Ball|p1b: jarchomp
|-damage|p1b: jarchomp|24/100
|cant|p1b: jarchomp|flinch
|
|upkeep
|turn|2
|
|t:|1784016528
|move|p1a: BIRDD|Tailwind|p1a: BIRDD
|-sidestart|p1: castoriceball|move: Tailwind
|move|p1b: jarchomp|Earthquake|p2a: Incineroar|[spread] p2a,p2b
|-immune|p1a: BIRDD
|-supereffective|p2a: Incineroar|1
|-supereffective|p2b: Gengar|1
|-damage|p2a: Incineroar|0 fnt
|-damage|p2b: Gengar|0 fnt
|faint|p2a: Incineroar
|faint|p2b: Gengar
|-damage|p1b: jarchomp|14/100|[from] item: Life Orb
|
|upkeep
|
|t:|1784016536
|switch|p2b: Gholdengo|Gholdengo, L50|100/100
|switch|p2a: Whimsicott|Whimsicott, L50, M|100/100
|turn|3
|
|t:|1784016551
|move|p2b: Gholdengo|Protect|p2b: Gholdengo
|-singleturn|p2b: Gholdengo|Protect
|move|p1a: BIRDD|Dual Wingbeat|p2a: Whimsicott
|-supereffective|p2a: Whimsicott|1
|-damage|p2a: Whimsicott|63/100
|-supereffective|p2a: Whimsicott|1
|-damage|p2a: Whimsicott|28/100
|-hitcount|p2a: Whimsicott|2
|move|p2a: Whimsicott|Tailwind|p2a: Whimsicott
|-sidestart|p2: ElXoXo21|move: Tailwind
|move|p1b: jarchomp|Earthquake|p2b: Gholdengo|[spread] p2a
|-activate|p2b: Gholdengo|move: Protect
|-immune|p1a: BIRDD
|-resisted|p2a: Whimsicott|1
|-damage|p2a: Whimsicott|1/100
|-damage|p1b: jarchomp|5/100|[from] item: Life Orb
|
|upkeep
|turn|4
|
|t:|1784016571
|move|p2a: Whimsicott|Protect|p2a: Whimsicott
|-singleturn|p2a: Whimsicott|Protect
|move|p1a: BIRDD|Dual Wingbeat|p2a: Whimsicott
|-activate|p2a: Whimsicott|move: Protect
|move|p1b: jarchomp|Earthquake|p2b: Gholdengo|[spread] p2b
|-activate|p2a: Whimsicott|move: Protect
|-immune|p1a: BIRDD
|-supereffective|p2b: Gholdengo|1
|-damage|p2b: Gholdengo|32/100
|-damage|p1b: jarchomp|0 fnt|[from] item: Life Orb
|faint|p1b: jarchomp
|move|p2b: Gholdengo|Shadow Ball|p1a: BIRDD
|-damage|p1a: BIRDD|15/100
|-damage|p2b: Gholdengo|22/100|[from] item: Life Orb
|
|upkeep
|
|t:|1784016584
|switch|p1b: $70 flutter|Floette-Eternal, L50, F|100/100
|turn|5
|
|t:|1784016597
|detailschange|p1b: $70 flutter|Floette-Mega, L50, F
|-mega|p1b: $70 flutter|Floette|Floettite
|-ability|p1b: $70 flutter|Fairy Aura
|move|p1a: BIRDD|Dual Wingbeat|p2a: Whimsicott
|-supereffective|p2a: Whimsicott|1
|-damage|p2a: Whimsicott|0 fnt
|faint|p2a: Whimsicott
|-hitcount|p2: Whimsicott|1
|move|p1b: $70 flutter|Moonblast|p2b: Gholdengo
|-resisted|p2b: Gholdengo|1
|-damage|p2b: Gholdengo|0 fnt
|faint|p2b: Gholdengo
|
|win|castoriceball
||ElXoXo21 is ready for game 2.
