|j|☆Kahizar
|j|☆timmytheglueeater
|html|Kahizartimmytheglueeater    
|uhtml|bestof|Game 1 of a best-of-3
|t:|1757627275
|gametype|doubles
|player|p1|Kahizar|169|1094
|player|p2|timmytheglueeater|101|1305
|gen|9
|tier|[Gen 9] VGC 2025 Reg H (Bo3)
|rated|
|rule|Species Clause: Limit one of each Pokémon
|rule|Item Clause: Limit 1 of each item
|clearpoke
|poke|p1|Sneasler, L50, M|
|poke|p1|Ursaluna, L50, F|
|poke|p1|Rillaboom, L50, M|
|poke|p1|Corviknight, L50, F|
|poke|p1|Ninetales-Alola, L50, F|
|poke|p1|Arcanine-Hisui, L50, F|
|poke|p2|Dondozo, L50, F|
|poke|p2|Tatsugiri, L50, M|
|poke|p2|Ninetales-Alola, L50, F|
|poke|p2|Pawmot, L50, M|
|poke|p2|Gholdengo, L50|
|poke|p2|Corviknight, L50, F|
|teampreview|4
|showteam|p1|Sneasler||LifeOrb|PoisonTouch|CloseCombat,FakeOut,DireClaw,Protect|||M|||50|,,,,,Stellar]Ursaluna||FlameOrb|Guts|Facade,HeadlongRush,Substitute,Protect|||F|||50|,,,,,Ghost]Rillaboom||AssaultVest|GrassySurge|WoodHammer,GrassyGlide,FakeOut,Uturn|||M|||50|,,,,,Grass]Corviknight||SafetyGoggles|MirrorArmor|Roost,BulkUp,BodyPress,BraveBird|||F|||50|,,,,,Flying]Ninetales-Alola||NeverMeltIce|SnowWarning|FreezeDry,Moonblast,Protect,Blizzard|||F|||50|,,,,,Fire]Arcanine-Hisui||ChoiceScarf|RockHead|FlareBlitz,HeadSmash,Crunch,RockSlide|||F|||50|,,,,,Grass
|showteam|p2|Dondozo||Leftovers|Unaware|WaveCrash,OrderUp,Earthquake,Protect|||F|||50|,,,,,Steel]Tatsugiri||ChoiceScarf|Commander|MuddyWater,DracoMeteor,DragonPulse,IcyWind|||M|||50|,,,,,Ghost]Ninetales-Alola||LightClay|SnowWarning|Blizzard,FreezeDry,AuroraVeil,Protect|||F|||50|,,,,,Ghost]Pawmot||FocusSash|NaturalCure|DoubleShock,CloseCombat,FakeOut,Coaching|||M|||50|,,,,,Electric]Gholdengo||ChoiceSpecs|GoodasGold|MakeItRain,ShadowBall,PowerGem,Trick||||||50|,,,,,Steel]Corviknight||SitrusBerry|MirrorArmor|BraveBird,BulkUp,Tailwind,Roost|||F|||50|,,,,,Dragon
|inactive|Battle timer is ON: inactive players will automatically lose when time's up. (requested by timmytheglueeater)
|inactive|Kahizar has 60 seconds left.
|inactive|timmytheglueeater has 60 seconds left.
|inactive|timmytheglueeater has 30 seconds left.
|inactive|timmytheglueeater has 20 seconds left.
|
|t:|1757627349
|teamsize|p1|4
|teamsize|p2|4
|start
|switch|p1a: Arcanine|Arcanine-Hisui, L50, F|100/100
|switch|p1b: Rillaboom|Rillaboom, L50, M|100/100
|switch|p2a: Corviknight|Corviknight, L50, F|100/100
|switch|p2b: Pawmot|Pawmot, L50, M|100/100
|-fieldstart|move: Grassy Terrain|[from] ability: Grassy Surge|[of] p1b: Rillaboom
|turn|1
|
|t:|1757627366
|move|p2b: Pawmot|Fake Out|p1a: Arcanine
|-resisted|p1a: Arcanine
|-damage|p1a: Arcanine|94/100
|move|p1b: Rillaboom|Grassy Glide|p2b: Pawmot
|-damage|p2b: Pawmot|38/100
|cant|p1a: Arcanine|flinch
|move|p2a: Corviknight|Brave Bird|p1b: Rillaboom
|-supereffective|p1b: Rillaboom
|-damage|p1b: Rillaboom|10/100
|-damage|p2a: Corviknight|70/100|[from] Recoil
|
|-heal|p1a: Arcanine|99/100|[from] Grassy Terrain
|-heal|p2b: Pawmot|45/100|[from] Grassy Terrain
|-heal|p1b: Rillaboom|15/100|[from] Grassy Terrain
|upkeep
|turn|2
|
|t:|1757627386
|-terastallize|p2a: Corviknight|Dragon
|move|p1b: Rillaboom|Grassy Glide|p2b: Pawmot
|-damage|p2b: Pawmot|0 fnt
|faint|p2b: Pawmot
|move|p1a: Arcanine|Flare Blitz|p2a: Corviknight
|-resisted|p2a: Corviknight
|-damage|p2a: Corviknight|49/100
|-enditem|p2a: Corviknight|Sitrus Berry|[eat]
|-heal|p2a: Corviknight|74/100|[from] item: Sitrus Berry
|move|p2a: Corviknight|Bulk Up|p2a: Corviknight
|-boost|p2a: Corviknight|atk|1
|-boost|p2a: Corviknight|def|1
|
|-heal|p1a: Arcanine|100/100|[from] Grassy Terrain
|-heal|p2a: Corviknight|80/100|[from] Grassy Terrain
|-heal|p1b: Rillaboom|21/100|[from] Grassy Terrain
|upkeep
|
|t:|1757627405
|switch|p2b: Dondozo|Dondozo, L50, F|100/100
|turn|3
|
|t:|1757627412
|switch|p1a: Ninetales|Ninetales-Alola, L50, F|100/100
|-weather|Snowscape|[from] ability: Snow Warning|[of] p1a: Ninetales
|-terastallize|p1b: Rillaboom|Grass
|move|p2b: Dondozo|Protect|p2b: Dondozo
|-singleturn|p2b: Dondozo|Protect
|move|p2a: Corviknight|Brave Bird|p1b: Rillaboom
|-supereffective|p1b: Rillaboom
|-crit|p1b: Rillaboom
|-damage|p1b: Rillaboom|0 fnt
|faint|p1b: Rillaboom
|-damage|p2a: Corviknight|73/100|[from] Recoil
|
|-weather|Snowscape|[upkeep]
|-heal|p2a: Corviknight|79/100|[from] Grassy Terrain
|upkeep
|
|t:|1757627429
|switch|p1b: Corviknight|Corviknight, L50, F|100/100
|turn|4
|
|t:|1757627448
|switch|p2a: Tatsugiri|Tatsugiri, L50, M|100/100
|-activate|p2a: Tatsugiri|ability: Commander|[of] p2b: Dondozo
|-boost|p2b: Dondozo|atk|2
|-boost|p2b: Dondozo|spa|2
|-boost|p2b: Dondozo|spe|2
|-boost|p2b: Dondozo|def|2
|-boost|p2b: Dondozo|spd|2
|move|p1a: Ninetales|Freeze-Dry|p2b: Dondozo
|-supereffective|p2b: Dondozo
|-damage|p2b: Dondozo|68/100
|move|p2b: Dondozo|Wave Crash|p1a: Ninetales
|-crit|p1a: Ninetales
|-damage|p1a: Ninetales|0 fnt
|faint|p1a: Ninetales
|-damage|p2b: Dondozo|46/100|[from] Recoil
|move|p1b: Corviknight|Bulk Up|p1b: Corviknight
|-boost|p1b: Corviknight|atk|1
|-boost|p1b: Corviknight|def|1
|
|-weather|Snowscape|[upkeep]
|-heal|p2b: Dondozo|52/100|[from] Grassy Terrain
|-heal|p2b: Dondozo|58/100|[from] item: Leftovers
|upkeep
|
|t:|1757627468
|switch|p1a: Arcanine|Arcanine-Hisui, L50, F|100/100
|turn|5
|
|t:|1757627476
|move|p2b: Dondozo|Protect|p2b: Dondozo
|-singleturn|p2b: Dondozo|Protect
|move|p1a: Arcanine|Head Smash|p2b: Dondozo
|-activate|p2b: Dondozo|move: Protect
|move|p1b: Corviknight|Brave Bird|p2b: Dondozo
|-activate|p2b: Dondozo|move: Protect
|
|-weather|Snowscape|[upkeep]
|-heal|p2b: Dondozo|65/100|[from] Grassy Terrain
|-heal|p2b: Dondozo|71/100|[from] item: Leftovers
|-fieldend|move: Grassy Terrain
|upkeep
|turn|6
|
|t:|1757627490
|move|p1a: Arcanine|Head Smash|p2b: Dondozo
|-damage|p2b: Dondozo|49/100
|move|p2b: Dondozo|Earthquake|p1b: Corviknight|[spread] p1a
|-miss|p2b: Dondozo|p2a: Tatsugiri
|-immune|p1b: Corviknight
|-supereffective|p1a: Arcanine
|-damage|p1a: Arcanine|0 fnt
|faint|p1a: Arcanine
|move|p1b: Corviknight|Brave Bird|p2b: Dondozo
|-damage|p2b: Dondozo|35/100
|-damage|p1b: Corviknight|95/100|[from] Recoil
|
|-weather|Snowscape|[upkeep]
|-heal|p2b: Dondozo|41/100|[from] item: Leftovers
|upkeep
|turn|7
|
|t:|1757627514
|move|p2b: Dondozo|Protect|p2b: Dondozo
|-singleturn|p2b: Dondozo|Protect
|move|p1b: Corviknight|Bulk Up|p1b: Corviknight
|-boost|p1b: Corviknight|atk|1
|-boost|p1b: Corviknight|def|1
|
|-weather|none
|-heal|p2b: Dondozo|47/100|[from] item: Leftovers
|upkeep
|turn|8
|
|t:|1757627526
|move|p2b: Dondozo|Order Up|p1b: Corviknight
|-resisted|p1b: Corviknight
|-damage|p1b: Corviknight|80/100
|-boost|p2b: Dondozo|atk|1
|move|p1b: Corviknight|Bulk Up|p1b: Corviknight
|-boost|p1b: Corviknight|atk|1
|-boost|p1b: Corviknight|def|1
|
|-heal|p2b: Dondozo|53/100|[from] item: Leftovers
|upkeep
|turn|9
|
|t:|1757627537
|move|p2b: Dondozo|Wave Crash|p1b: Corviknight
|-crit|p1b: Corviknight
|-damage|p1b: Corviknight|0 fnt
|faint|p1b: Corviknight
|-damage|p2b: Dondozo|29/100|[from] Recoil
|
|win|timmytheglueeater
||Kahizar is ready for game 2.
||timmytheglueeater is ready for game 2.
|uhtml|next|Next: Game 2 of 3
