|j|☆TPShame
|j|☆KingNoahC17
|html|TPShameKingNoahC17    
|uhtml|bestof|Game 1 of a best-of-3
|t:|1785951809
|gametype|doubles
|player|p1|TPShame|giovanni|
|player|p2|KingNoahC17|alec-anime|
|gen|9
|tier|[Gen 9 Champions] VGC 2026 Reg M-B (Bo3)
|rule|Species Clause: Limit one of each Pokémon
|rule|Item Clause: Limit 1 of each item
|clearpoke
|poke|p1|Staraptor, L50, M|
|poke|p1|Milotic, L50, F, shiny|
|poke|p1|Tyranitar, L50, M, shiny|
|poke|p1|Gholdengo, L50|
|poke|p1|Excadrill, L50, M, shiny|
|poke|p1|Sinistcha, L50|
|poke|p2|Garchomp, L50, F|
|poke|p2|Floette-Eternal, L50, F|
|poke|p2|Grimmsnarl, L50, M|
|poke|p2|Incineroar, L50, F|
|poke|p2|Metagross, L50|
|poke|p2|Hydreigon, L50, F|
|teampreview|4
|showteam|p1|Staraptor||Staraptite|Intimidate|BraveBird,CloseCombat,Tailwind,Protect|Jolly||M|||50|]Milotic||SitrusBerry|Competitive|Scald,IceBeam,IcyWind,Protect|Modest||F|||50|]Tyranitar||Tyranitarite|SandStream|RockSlide,KnockOff,LowKick,Protect|Adamant||M|||50|]Gholdengo||LifeOrb|GoodasGold|ShadowBall,MakeItRain,NastyPlot,Protect|Modest|||||50|]Excadrill||FocusSash|SandRush|HighHorsepower,IronHead,RockSlide,Protect|Adamant||M|||50|]Sinistcha||ColburBerry|Hospitality|MatchaGotcha,RagePowder,TrickRoom,Protect|Bold|||||50|
|showteam|p2|Garchomp||SitrusBerry|RoughSkin|Earthquake,DragonClaw,RockSlide,Protect|Adamant||F|||50|]Floette-Eternal||Floettite|FlowerVeil|DrainingKiss,DazzlingGleam,CalmMind,Protect|Modest||F|||50|]Grimmsnarl||LightClay|Prankster|SpiritBreak,Reflect,LightScreen,PartingShot|Careful||M|||50|]Incineroar||Charcoal|Intimidate|FlareBlitz,ThroatChop,FakeOut,PartingShot|Adamant||F|||50|]Metagross||Metagrossite|ClearBody|Protect,PsychicFangs,IronHead,StompingTantrum|Jolly|||||50|]Hydreigon||ChoiceScarf|Levitate|DarkPulse,DracoMeteor,Snarl,EarthPower|Modest||F|||50|
|c|☆TPShame|Glhf
|c|☆KingNoahC17|u2
|
|t:|1785951881
|teamsize|p1|4
|teamsize|p2|4
|start
|switch|p1a: Gholdengo|Gholdengo, L50|100/100
|switch|p1b: Milotic|Milotic, L50, F, shiny|100/100
|switch|p2a: Grimmsnarl|Grimmsnarl, L50, M|100/100
|switch|p2b: Metagross|Metagross, L50|100/100
|turn|1
|
|t:|1785951921
|move|p2a: Grimmsnarl|Light Screen|p2a: Grimmsnarl
|-sidestart|p2: KingNoahC17|move: Light Screen
|move|p1a: Gholdengo|Nasty Plot|p1a: Gholdengo
|-boost|p1a: Gholdengo|spa|2
|move|p2b: Metagross|Stomping Tantrum|p1a: Gholdengo
|-supereffective|p1a: Gholdengo|1
|-damage|p1a: Gholdengo|46/100
|move|p1b: Milotic|Icy Wind|p2b: Metagross|[spread] p2a,p2b
|-resisted|p2b: Metagross|1
|-damage|p2a: Grimmsnarl|93/100
|-damage|p2b: Metagross|95/100
|-unboost|p2a: Grimmsnarl|spe|1
|
|upkeep
|turn|2
|
|t:|1785951943
|switch|p2a: Hydreigon|Hydreigon, L50, F|100/100
|detailschange|p2b: Metagross|Metagross-Mega, L50
|-mega|p2b: Metagross|Metagross|Metagrossite
|move|p1a: Gholdengo|Protect|p1a: Gholdengo
|-singleturn|p1a: Gholdengo|Protect
|move|p2b: Metagross|Stomping Tantrum|p1a: Gholdengo
|-activate|p1a: Gholdengo|move: Protect
|move|p1b: Milotic|Icy Wind|p2b: Metagross|[spread] p2b
|-miss|p1b: Milotic|p2a: Hydreigon
|-resisted|p2b: Metagross|1
|-damage|p2b: Metagross|91/100
|-unboost|p2b: Metagross|spe|1
|
|upkeep
|turn|3
|
|t:|1785951974
|switch|p1a: Tyranitar|Tyranitar, L50, M, shiny|100/100
|-weather|Sandstorm|[from] ability: Sand Stream|[of] p1a: Tyranitar
|move|p2a: Hydreigon|Dark Pulse|p1a: Tyranitar
|-resisted|p1a: Tyranitar|1
|-damage|p1a: Tyranitar|86/100
|move|p2b: Metagross|Psychic Fangs|p1b: Milotic
|-damage|p1b: Milotic|50/100g
|move|p1b: Milotic|Scald|p2b: Metagross
|-damage|p2b: Metagross|69/100
|
|-weather|Sandstorm|[upkeep]
|-damage|p2a: Hydreigon|94/100|[from] Sandstorm
|-damage|p1b: Milotic|44/100|[from] Sandstorm
|-enditem|p1b: Milotic|Sitrus Berry|[eat]
|-heal|p1b: Milotic|69/100|[from] item: Sitrus Berry
|upkeep
|turn|4
|
|t:|1785952027
|detailschange|p1a: Tyranitar|Tyranitar-Mega, L50, M, shiny
|-mega|p1a: Tyranitar|Tyranitar|Tyranitarite
|move|p2a: Hydreigon|Dark Pulse|p1b: Milotic
|-damage|p1b: Milotic|35/100
|move|p1a: Tyranitar|Knock Off|p2b: Metagross
|-supereffective|p2b: Metagross|1
|-damage|p2b: Metagross|0 fnt
|faint|p2b: Metagross
|move|p1b: Milotic|Ice Beam|p2a: Hydreigon
|-supereffective|p2a: Hydreigon|1
|-damage|p2a: Hydreigon|60/100
|
|-weather|Sandstorm|[upkeep]
|-damage|p2a: Hydreigon|54/100|[from] Sandstorm
|-damage|p1b: Milotic|29/100|[from] Sandstorm
|upkeep
|
|t:|1785952037
|switch|p2b: Garchomp|Garchomp, L50, F|100/100
|turn|5
|
|t:|1785952059
|move|p1b: Milotic|Protect|p1b: Milotic
|-singleturn|p1b: Milotic|Protect
|move|p2a: Hydreigon|Dark Pulse|p1a: Tyranitar
|-resisted|p1a: Tyranitar|1
|-damage|p1a: Tyranitar|74/100
|move|p2b: Garchomp|Earthquake|p1b: Milotic|[spread] p1a
|-activate|p1b: Milotic|move: Protect
|-immune|p2a: Hydreigon|[from] ability: Levitate
|-supereffective|p1a: Tyranitar|1
|-damage|p1a: Tyranitar|27/100
|move|p1a: Tyranitar|Low Kick|p2a: Hydreigon
|-supereffective|p2a: Hydreigon|1
|-damage|p2a: Hydreigon|0 fnt
|faint|p2a: Hydreigon
|
|-weather|Sandstorm|[upkeep]
|-damage|p1b: Milotic|23/100|[from] Sandstorm
|upkeep
|j| camala64
|
|t:|1785952076
|switch|p2a: Grimmsnarl|Grimmsnarl, L50, M|93/100
|turn|6
|
|t:|1785952086
|move|p1a: Tyranitar|Protect|p1a: Tyranitar
|-singleturn|p1a: Tyranitar|Protect
|move|p2a: Grimmsnarl|Reflect|p2a: Grimmsnarl
|-sidestart|p2: KingNoahC17|Reflect
|move|p2b: Garchomp|Earthquake|p1a: Tyranitar|[spread] p2a,p1b
|-activate|p1a: Tyranitar|move: Protect
|-damage|p2a: Grimmsnarl|64/100
|-damage|p1b: Milotic|0 fnt
|faint|p1b: Milotic
|
|-weather|Sandstorm|[upkeep]
|-damage|p2a: Grimmsnarl|58/100|[from] Sandstorm
|upkeep
|
|t:|1785952097
|switch|p1b: Excadrill|Excadrill, L50, M, shiny|100/100
|turn|7
|
|t:|1785952111
|switch|p1a: Gholdengo|Gholdengo, L50|46/100
|move|p1b: Excadrill|Protect|p1b: Excadrill
|-singleturn|p1b: Excadrill|Protect
|move|p2a: Grimmsnarl|Parting Shot|p1b: Excadrill
|-activate|p1b: Excadrill|move: Protect
|move|p2b: Garchomp|Earthquake|p1a: Gholdengo|[spread] p2a,p1a
|-activate|p1b: Excadrill|move: Protect
|-supereffective|p1a: Gholdengo|1
|-damage|p2a: Grimmsnarl|34/100
|-damage|p1a: Gholdengo|0 fnt
|faint|p1a: Gholdengo
|
|-weather|none
|upkeep
|
|t:|1785952124
|switch|p1a: Tyranitar|Tyranitar-Mega, L50, M, shiny|27/100
|-weather|Sandstorm|[from] ability: Sand Stream|[of] p1a: Tyranitar
|turn|8
|
|t:|1785952147
|move|p2a: Grimmsnarl|Parting Shot|p1b: Excadrill
|-unboost|p1b: Excadrill|atk|1
|-unboost|p1b: Excadrill|spa|1
|move|p1b: Excadrill|Rock Slide|p2b: Garchomp|[spread] p2a,p2b
|-resisted|p2b: Garchomp|1
|-damage|p2a: Grimmsnarl|25/100
|-damage|p2b: Garchomp|95/100
|move|p2b: Garchomp|Earthquake|p1a: Tyranitar|[spread] p2a,p1a,p1b
|-supereffective|p1a: Tyranitar|1
|-crit|p1a: Tyranitar
|-supereffective|p1b: Excadrill|1
|-damage|p2a: Grimmsnarl|0 fnt
|-damage|p1a: Tyranitar|0 fnt
|-enditem|p1b: Excadrill|Focus Sash
|-damage|p1b: Excadrill|1/100
|faint|p2a: Grimmsnarl
|faint|p1a: Tyranitar
|
|-weather|Sandstorm|[upkeep]
|-sideend|p2: KingNoahC17|move: Light Screen
|upkeep
|turn|9
|
|t:|1785952174
|move|p1b: Excadrill|High Horsepower|p2b: Garchomp
|-damage|p2b: Garchomp|73/100
|-damage|p1b: Excadrill|0 fnt|[from] ability: Rough Skin|[of] p2b: Garchomp
|faint|p1b: Excadrill
|
|win|KingNoahC17
