|j|☆FluppyFan101
|j|☆danielserranocerpa
|html|FluppyFan101danielserranocerpa    
|uhtml|bestof|Game 2 of a best-of-3
|t:|1782298893
|gametype|doubles
|player|p1|FluppyFan101|ingo|1040
|player|p2|danielserranocerpa|chuck|1114
|gen|9
|tier|[Gen 9 Champions] VGC 2026 Reg M-B (Bo3)
|rated|
|rule|Species Clause: Limit one of each Pokémon
|rule|Item Clause: Limit 1 of each item
|clearpoke
|poke|p1|Pyroar, L50, M, shiny|
|poke|p1|Incineroar, L50, M|
|poke|p1|Sinistcha-Masterpiece, L50|
|poke|p1|Basculegion, L50, M|
|poke|p1|Corviknight, L50, M|
|poke|p1|Glimmora, L50, F|
|poke|p2|Garchomp, L50, F|
|poke|p2|Charizard, L50, M|
|poke|p2|Whimsicott, L50, F|
|poke|p2|Gyarados, L50, M|
|poke|p2|Gardevoir, L50, M|
|poke|p2|Sneasler, L50, M|
|teampreview|4
|showteam|p1|Pyroar||Pyroarite|Unnerve|HeatWave,HyperVoice,Overheat,Protect|Modest||M|||50|]Incineroar||SitrusBerry|Intimidate|FlareBlitz,ThroatChop,FakeOut,PartingShot|Careful||M|||50|]Sinistcha-Masterpiece||ColburBerry|Hospitality|MatchaGotcha,LifeDew,RagePowder,Protect|Bold|||||50|]Basculegion||ChoiceScarf|Adaptability|WaveCrash,LastRespects,FlipTurn,AquaJet|Adamant||M|||50|]Corviknight||Leftovers|MirrorArmor|BraveBird,BodyPress,BulkUp,Roost|Impish||M|||50|]Glimmora||Glimmoranite|ToxicDebris|PowerGem,SludgeBomb,EarthPower,SpikyShield|Timid||F|||50|
|showteam|p2|Garchomp||LifeOrb|RoughSkin|DragonClaw,RockSlide,Earthquake,Protect|Jolly||F|||50|]Charizard||CharizarditeY|Blaze|Protect,HeatWave,ScorchingSands,Overheat|Modest||M|||50|]Whimsicott||FocusSash|Prankster|Tailwind,Moonblast,Encore,Protect|Timid||F|||50|]Gyarados||SitrusBerry|Intimidate|Waterfall,Taunt,ThunderWave,PowerWhip|Adamant||M|||50|]Gardevoir||Gardevoirite|Telepathy|CalmMind,Psyshock,HyperVoice,Protect|Timid||M|||50|]Sneasler||WhiteHerb|Unburden|FakeOut,Protect,DireClaw,CloseCombat|Jolly||M|||50|
|
|t:|1782298964
|teamsize|p1|4
|teamsize|p2|4
|start
|switch|p1a: Glimmora|Glimmora, L50, F|100/100
|switch|p1b: Incineroar|Incineroar, L50, M|100/100
|switch|p2a: Charizard|Charizard, L50, M|100/100
|switch|p2b: Whimsicott|Whimsicott, L50, F|100/100
|-ability|p1b: Incineroar|Intimidate|boost
|-unboost|p2a: Charizard|atk|1
|-unboost|p2b: Whimsicott|atk|1
|turn|1
|
|t:|1782298992
|move|p2b: Whimsicott|Protect|p2b: Whimsicott
|-singleturn|p2b: Whimsicott|Protect
|move|p2a: Charizard|Protect|p2a: Charizard
|-singleturn|p2a: Charizard|Protect
|move|p1b: Incineroar|Fake Out|p2a: Charizard
|-activate|p2a: Charizard|move: Protect
|move|p1a: Glimmora|Sludge Bomb|p2b: Whimsicott
|-activate|p2b: Whimsicott|move: Protect
|
|upkeep
|turn|2
|
|t:|1782299009
|detailschange|p2a: Charizard|Charizard-Mega-Y, L50, M
|-mega|p2a: Charizard|Charizard|Charizardite Y
|-weather|SunnyDay|[from] ability: Drought|[of] p2a: Charizard
|move|p1a: Glimmora|Spiky Shield|p1a: Glimmora
|-singleturn|p1a: Glimmora|move: Protect
|move|p2b: Whimsicott|Tailwind|p2b: Whimsicott
|-sidestart|p2: danielserranocerpa|move: Tailwind
|move|p2a: Charizard|Scorching Sands|p1a: Glimmora
|-activate|p1a: Glimmora|move: Protect
|move|p1b: Incineroar|Parting Shot|p2a: Charizard
|-unboost|p2a: Charizard|atk|1
|-unboost|p2a: Charizard|spa|1
|
|t:|1782299020
|switch|p1b: Basculegion|Basculegion, L50, M|100/100|[from] Parting Shot
|
|-weather|SunnyDay|[upkeep]
|upkeep
|turn|3
|
|t:|1782299032
|switch|p2a: Gyarados|Gyarados, L50, M|100/100
|-ability|p2a: Gyarados|Intimidate|boost
|-unboost|p1a: Glimmora|atk|1
|-unboost|p1b: Basculegion|atk|1
|switch|p1a: Incineroar|Incineroar, L50, M|100/100
|-ability|p1a: Incineroar|Intimidate|boost
|-unboost|p2a: Gyarados|atk|1
|-unboost|p2b: Whimsicott|atk|1
|move|p2b: Whimsicott|Encore|p1a: Incineroar
|-hint|Since gen 7, Dark is immune to Prankster moves.
|-immune|p1a: Incineroar
|move|p1b: Basculegion|Flip Turn|p2a: Gyarados
|-resisted|p2a: Gyarados|1
|-crit|p2a: Gyarados
|-damage|p2a: Gyarados|84/100
|
|t:|1782299045
|switch|p1b: Glimmora|Glimmora, L50, F|100/100|[from] Flip Turn
|
|-weather|SunnyDay|[upkeep]
|upkeep
|turn|4
|
|t:|1782299067
|switch|p2b: Sneasler|Sneasler, L50, M|100/100
|detailschange|p1b: Glimmora|Glimmora-Mega, L50, F
|-mega|p1b: Glimmora|Glimmora|Glimmoranite
|move|p1a: Incineroar|Fake Out|p2a: Gyarados
|-damage|p2a: Gyarados|73/100
|cant|p2a: Gyarados|flinch
|move|p1b: Glimmora|Power Gem|p2a: Gyarados
|-supereffective|p2a: Gyarados|1
|-damage|p2a: Gyarados|0 fnt
|faint|p2a: Gyarados
|
|-weather|SunnyDay|[upkeep]
|upkeep
|
|t:|1782299084
|switch|p2a: Charizard|Charizard-Mega-Y, L50, M|100/100
|turn|5
|
|t:|1782299107
|switch|p2b: Whimsicott|Whimsicott, L50, F|100/100
|switch|p1a: Basculegion|Basculegion, L50, M|100/100
|move|p1b: Glimmora|Spiky Shield|p1b: Glimmora
|-singleturn|p1b: Glimmora|move: Protect
|move|p2a: Charizard|Scorching Sands|p1b: Glimmora
|-activate|p1b: Glimmora|move: Protect
|
|-weather|SunnyDay|[upkeep]
|-sideend|p2: danielserranocerpa|move: Tailwind
|upkeep
|turn|6
|
|t:|1782299130
|switch|p1b: Incineroar|Incineroar, L50, M|100/100
|-ability|p1b: Incineroar|Intimidate|boost
|-unboost|p2a: Charizard|atk|1
|-unboost|p2b: Whimsicott|atk|1
|move|p1a: Basculegion|Wave Crash|p2a: Charizard
|-supereffective|p2a: Charizard|1
|-damage|p2a: Charizard|0 fnt
|faint|p2a: Charizard
|-damage|p1a: Basculegion|74/100|[from] Recoil
|move|p2b: Whimsicott|Moonblast|p1a: Basculegion
|-crit|p1a: Basculegion
|-damage|p1a: Basculegion|13/100
|
|-weather|none
|upkeep
|
|t:|1782299142
|switch|p2a: Sneasler|Sneasler, L50, M|100/100
|turn|7
|
|t:|1782299151
|move|p2b: Whimsicott|Protect|p2b: Whimsicott
|-singleturn|p2b: Whimsicott|Protect
|move|p2a: Sneasler|Protect|p2a: Sneasler
|-singleturn|p2a: Sneasler|Protect
|move|p1b: Incineroar|Fake Out|p2a: Sneasler
|-activate|p2a: Sneasler|move: Protect
|move|p1a: Basculegion|Wave Crash|p2a: Sneasler
|-activate|p2a: Sneasler|move: Protect
|
|upkeep
|turn|8
|
|t:|1782299182
|switch|p1b: Corviknight|Corviknight, L50, M|100/100
|move|p2b: Whimsicott|Tailwind|p2b: Whimsicott
|-sidestart|p2: danielserranocerpa|move: Tailwind
|move|p2a: Sneasler|Dire Claw|p1a: Basculegion
|-resisted|p1a: Basculegion|1
|-damage|p1a: Basculegion|0 fnt
|faint|p1a: Basculegion
|
|upkeep
|
|t:|1782299190
|switch|p1a: Glimmora|Glimmora-Mega, L50, F|100/100
|turn|9
|
|t:|1782299203
|move|p2a: Sneasler|Protect|p2a: Sneasler
|-singleturn|p2a: Sneasler|Protect
|move|p2b: Whimsicott|Moonblast|p1b: Corviknight
|-resisted|p1b: Corviknight|1
|-damage|p1b: Corviknight|84/100
|move|p1a: Glimmora|Earth Power|p2a: Sneasler
|-activate|p2a: Sneasler|move: Protect
|move|p1b: Corviknight|Brave Bird|p2b: Whimsicott
|-supereffective|p2b: Whimsicott|1
|-enditem|p2b: Whimsicott|Focus Sash
|-damage|p2b: Whimsicott|1/100
|-damage|p1b: Corviknight|62/100|[from] Recoil
|
|-heal|p1b: Corviknight|68/100|[from] item: Leftovers
|upkeep
|turn|10
|
|t:|1782299224
|move|p2a: Sneasler|Close Combat|p1a: Glimmora
|-damage|p1a: Glimmora|38/100
|-unboost|p2a: Sneasler|def|1
|-unboost|p2a: Sneasler|spd|1
|-enditem|p2a: Sneasler|White Herb
|-clearnegativeboost|p2a: Sneasler|[silent]
|move|p2b: Whimsicott|Moonblast|p1a: Glimmora
|-resisted|p1a: Glimmora|1
|-damage|p1a: Glimmora|20/100y
|move|p1a: Glimmora|Sludge Bomb|p2b: Whimsicott
|-supereffective|p2b: Whimsicott|2
|-damage|p2b: Whimsicott|0 fnt
|faint|p2b: Whimsicott
|move|p1b: Corviknight|Brave Bird|p2a: Sneasler
|-supereffective|p2a: Sneasler|1
|-damage|p2a: Sneasler|0 fnt
|faint|p2a: Sneasler
|-damage|p1b: Corviknight|43/100|[from] Recoil
|
|win|FluppyFan101
|raw|FluppyFan101's rating: 1040 → 1081(+41 for winning)
|raw|danielserranocerpa's rating: 1114 → 1084(-30 for losing)
|l|☆danielserranocerpa
|player|p2|
|c|☆FluppyFan101|gg
