|j|☆Inferno prodigy
|j|☆lux raymundi
|html|Inferno prodigylux raymundi    
|uhtml|bestof|Game 1 of a best-of-3
|t:|1784045640
|gametype|doubles
|player|p1|Inferno prodigy|1|1381
|player|p2|lux raymundi|102|1323
|gen|9
|tier|[Gen 9 Champions] VGC 2026 Reg M-B (Bo3)
|rated|
|rule|Species Clause: Limit one of each Pokémon
|rule|Item Clause: Limit 1 of each item
|clearpoke
|poke|p1|Staraptor, L50, M|
|poke|p1|Metagross, L50|
|poke|p1|Farigiraf, L50, M|
|poke|p1|Whimsicott, L50, M|
|poke|p1|Garchomp, L50, F|
|poke|p1|Ceruledge, L50, F|
|poke|p2|Sneasler, L50, M|
|poke|p2|Blastoise, L50, M|
|poke|p2|Kingambit, L50, M|
|poke|p2|Incineroar, L50, M|
|poke|p2|Delphox, L50, F|
|poke|p2|Sinistcha, L50|
|teampreview|4
|showteam|p1|Staraptor||Staraptite|Intimidate|CloseCombat,Roost,BraveBird,Protect|Jolly||M|||50|]Metagross||Metagrossite|ClearBody|Protect,IronHead,PsychicFangs,BodyPress|Adamant|||||50|]Farigiraf||SitrusBerry|ArmorTail|Psychic,Thunderbolt,HelpingHand,TrickRoom|Calm||M|||50|]Whimsicott||FocusSash|Prankster|Moonblast,Tailwind,Encore,Charm|Timid||M|||50|]Garchomp||LifeOrb|RoughSkin|StompingTantrum,RockSlide,DragonClaw,Protect|Jolly||F|||50|]Ceruledge||ColburBerry|FlashFire|BitterBlade,ShadowSneak,BulkUp,Protect|Adamant||F|||50|
|showteam|p2|Sneasler||FocusSash|PoisonTouch|PoisonJab,CloseCombat,FakeOut,QuickGuard|Jolly||M|||50|]Blastoise||Blastoisinite|RainDish|DarkPulse,WaterSpout,ShellSmash,Protect|Modest||M|||50|]Kingambit||BlackGlasses|Defiant|KowtowCleave,SuckerPunch,SwordsDance,Protect|Adamant||M|||50|]Incineroar||SitrusBerry|Intimidate|FlareBlitz,HelpingHand,PartingShot,FakeOut|Careful||M|||50|]Delphox||Delphoxite|Blaze|HeatWave,NastyPlot,Psyshock,Protect|Modest||F|||50|]Sinistcha||KasibBerry|Hospitality|MatchaGotcha,RagePowder,TrickRoom,Protect|Bold|||||50|
|
|t:|1784045688
|teamsize|p1|4
|teamsize|p2|4
|start
|switch|p1a: Staraptor|Staraptor, L50, M|100/100
|switch|p1b: Whimsicott|Whimsicott, L50, M|100/100
|switch|p2a: Sneasler|Sneasler, L50, M|100/100
|switch|p2b: Blastoise|Blastoise, L50, M|100/100
|-ability|p1a: Staraptor|Intimidate|boost
|-unboost|p2a: Sneasler|atk|1
|-unboost|p2b: Blastoise|atk|1
|turn|1
|
|t:|1784045725
|switch|p2a: Incineroar|Incineroar, L50, M|100/100
|-ability|p2a: Incineroar|Intimidate|boost
|-unboost|p1a: Staraptor|atk|1
|-unboost|p1b: Whimsicott|atk|1
|switch|p1b: Farigiraf|Farigiraf, L50, M|100/100
|detailschange|p1a: Staraptor|Staraptor-Mega, L50, M
|-mega|p1a: Staraptor|Staraptor|Staraptite
|detailschange|p2b: Blastoise|Blastoise-Mega, L50, M
|-mega|p2b: Blastoise|Blastoise|Blastoisinite
|move|p1a: Staraptor|Close Combat|p2b: Blastoise
|-damage|p2b: Blastoise|60/100
|-boost|p1a: Staraptor|def|1
|-boost|p1a: Staraptor|spd|1
|move|p2b: Blastoise|Water Spout|p1b: Farigiraf|[spread] p1a,p1b
|-damage|p1a: Staraptor|71/100
|-damage|p1b: Farigiraf|66/100
|
|upkeep
|turn|2
|
|t:|1784045763
|switch|p2a: Sinistcha|Sinistcha, L50|100/100
|-heal|p2b: Blastoise|85/100|[from] ability: Hospitality|[of] p2a: Sinistcha
|move|p1a: Staraptor|Close Combat|p2a: Sinistcha
|-immune|p2a: Sinistcha
|move|p2b: Blastoise|Water Spout|p1b: Farigiraf|[spread] p1a,p1b
|-damage|p1a: Staraptor|32/100
|-damage|p1b: Farigiraf|22/100
|-enditem|p1b: Farigiraf|Sitrus Berry|[eat]
|-heal|p1b: Farigiraf|47/100|[from] item: Sitrus Berry
|move|p1b: Farigiraf|Thunderbolt|p2b: Blastoise
|-supereffective|p2b: Blastoise|1
|-damage|p2b: Blastoise|38/100
|
|upkeep
|turn|3
|
|t:|1784045784
|switch|p1b: Whimsicott|Whimsicott, L50, M|100/100
|move|p2a: Sinistcha|Rage Powder|p2a: Sinistcha
|-singleturn|p2a: Sinistcha|move: Rage Powder
|move|p1a: Staraptor|Roost|p1a: Staraptor
|-heal|p1a: Staraptor|82/100
|-singleturn|p1a: Staraptor|move: Roost
|move|p2b: Blastoise|Dark Pulse|p1b: Whimsicott
|-resisted|p1b: Whimsicott|1
|-damage|p1b: Whimsicott|60/100
|
|upkeep
|turn|4
|
|t:|1784045802
|move|p2b: Blastoise|Protect|p2b: Blastoise
|-singleturn|p2b: Blastoise|Protect
|move|p1b: Whimsicott|Charm|p1a: Staraptor
|-boost|p1a: Staraptor|atk|2
|move|p1a: Staraptor|Brave Bird|p2a: Sinistcha
|-supereffective|p2a: Sinistcha|1
|-damage|p2a: Sinistcha|0 fnt
|faint|p2a: Sinistcha
|-damage|p1a: Staraptor|51/100|[from] Recoil
|
|upkeep
|
|t:|1784045807
|switch|p2a: Sneasler|Sneasler, L50, M|100/100
|turn|5
|
|t:|1784045819
|move|p2a: Sneasler|Fake Out|p1a: Staraptor
|-crit|p1a: Staraptor
|-damage|p1a: Staraptor|32/100
|move|p1b: Whimsicott|Encore|p2b: Blastoise
|-start|p2b: Blastoise|Encore
|move|p2b: Blastoise|Protect||[still]
|-fail|p2b: Blastoise
|cant|p1a: Staraptor|flinch
|
|upkeep
|turn|6
|
|t:|1784045834
|move|p2b: Blastoise|Protect|p2b: Blastoise
|-singleturn|p2b: Blastoise|Protect
|move|p1b: Whimsicott|Encore|p2a: Sneasler
|-start|p2a: Sneasler|Encore
|move|p2a: Sneasler|Fake Out||[still]
|-hint|Fake Out only works on your first turn out.
|-fail|p2a: Sneasler
|move|p1a: Staraptor|Roost|p1a: Staraptor
|-heal|p1a: Staraptor|82/100
|-singleturn|p1a: Staraptor|move: Roost
|
|upkeep
|turn|7
|-message|lux raymundi forfeited.
|
|win|Inferno prodigy
