|j|☆HumanPlaysVGC
|j|☆milkandcereals
|html|HumanPlaysVGCmilkandcereals    
|uhtml|bestof|Game 2 of a best-of-3
|t:|1756498417
|gametype|doubles
|player|p1|HumanPlaysVGC|n-masters3|1026
|player|p2|milkandcereals|blue|1077
|gen|9
|tier|[Gen 9] VGC 2025 Reg H (Bo3)
|rated|
|rule|Species Clause: Limit one of each Pokémon
|rule|Item Clause: Limit 1 of each item
|clearpoke
|poke|p1|Weezing-Galar, L50, F|
|poke|p1|Toedscruel, L50, M|
|poke|p1|Corviknight, L50, F|
|poke|p1|Incineroar, L50, F|
|poke|p1|Garchomp, L50, M|
|poke|p1|Indeedee, L50, M|
|poke|p2|Porygon2, L50|
|poke|p2|Rillaboom, L50, M|
|poke|p2|Ursaluna, L50, F|
|poke|p2|Jumpluff, L50, F|
|poke|p2|Charizard, L50, M|
|poke|p2|Torkoal, L50, M|
|teampreview|4
|showteam|p1|Weezing-Galar||SitrusBerry|NeutralizingGas|DazzlingGleam,SludgeBomb,Protect,Taunt|||F|||50|,,,,,Grass]Toedscruel||CovertCloak|MyceliumMight|Spore,RagePowder,EarthPower,AcidSpray|||M|||50|,,,,,Water]Corviknight||RockyHelmet|MirrorArmor|Tailwind,BraveBird,Protect,Roost|||F|||50|,,,,,Dragon]Incineroar||AbilityShield|Intimidate|FakeOut,KnockOff,PartingShot,Taunt|||F|||50|,,,,,Ghost]Garchomp||LifeOrb|RoughSkin|DragonClaw,Earthquake,Protect,StompingTantrum|||M|||50|,,,,,Ground]Indeedee||FocusSash|PsychicSurge|ExpandingForce,DazzlingGleam,Protect,TrickRoom|||M|||50|,,,,,Psychic
|showteam|p2|Porygon2||Eviolite|Download|TeraBlast,IceBeam,TrickRoom,Recover||||||50|,,,,,Fighting]Rillaboom||AssaultVest|GrassySurge|FakeOut,GrassyGlide,WoodHammer,HighHorsepower|||M|||50|,,,,,Water]Ursaluna||FlameOrb|Guts|Protect,Facade,Earthquake,HeadlongRush|||F|||50|,,,,,Ghost]Jumpluff||CovertCloak|Chlorophyll|SleepPowder,SunnyDay,Tailwind,RagePowder|||F|||50|,,,,,Fire]Charizard||ChoiceSpecs|SolarPower|HeatWave,Overheat,WeatherBall,DragonPulse|||M|||50|,,,,,Ghost]Torkoal||EjectPack|Drought|Overheat,Eruption,HelpingHand,Protect|||M|||50|,,,,,Fire
|inactive|Battle timer is ON: inactive players will automatically lose when time's up. (requested by milkandcereals)
|inactive|milkandcereals has 60 seconds left.
|inactive|milkandcereals has 30 seconds left.
|
|t:|1756498511
|teamsize|p1|4
|teamsize|p2|4
|start
|switch|p1a: Indeedee|Indeedee, L50, M|100/100
|switch|p1b: Incineroar|Incineroar, L50, F|100/100
|switch|p2a: Porygon2|Porygon2, L50|100/100
|switch|p2b: Charizard|Charizard, L50, M|100/100
|-fieldstart|move: Psychic Terrain|[from] ability: Psychic Surge|[of] p1a: Indeedee
|-ability|p2a: Porygon2|Download|boost
|-boost|p2a: Porygon2|atk|1
|-ability|p1b: Incineroar|Intimidate|boost
|-unboost|p2a: Porygon2|atk|1
|-unboost|p2b: Charizard|atk|1
|turn|1
|inactive|HumanPlaysVGC has 30 seconds left.
|inactive|milkandcereals has 30 seconds left.
|inactive|milkandcereals has 20 seconds left.
|inactive|milkandcereals has 15 seconds left.
|inactive|milkandcereals has 10 seconds left.
|inactive|milkandcereals has 5 seconds left.
|
|t:|1756498565
|-terastallize|p2b: Charizard|Ghost
|move|p2b: Charizard|Heat Wave|p1b: Incineroar|[spread] p1a,p1b
|-resisted|p1b: Incineroar
|-damage|p1a: Indeedee|31/100
|-damage|p1b: Incineroar|80/100
|move|p1a: Indeedee|Expanding Force|p2b: Charizard|[spread] p2a,p2b
|-damage|p2a: Porygon2|65/100
|-damage|p2b: Charizard|23/100
|move|p2a: Porygon2|Tera Blast|p1a: Indeedee
|-damage|p1a: Indeedee|0 fnt
|faint|p1a: Indeedee
|move|p1b: Incineroar|Taunt|p2a: Porygon2
|-start|p2a: Porygon2|move: Taunt
|
|upkeep
|
|t:|1756498580
|switch|p1a: Garchomp|Garchomp, L50, M|100/100
|turn|2
|inactive|HumanPlaysVGC has 30 seconds left.
|inactive|milkandcereals has 30 seconds left.
|inactive|HumanPlaysVGC has 20 seconds left.
|inactive|milkandcereals has 20 seconds left.
|inactive|HumanPlaysVGC has 15 seconds left.
|
|t:|1756498624
|move|p1a: Garchomp|Protect|p1a: Garchomp
|-singleturn|p1a: Garchomp|Protect
|move|p2b: Charizard|Heat Wave|p1a: Garchomp|[spread] p1b
|-activate|p1a: Garchomp|move: Protect
|-resisted|p1b: Incineroar
|-damage|p1b: Incineroar|59/100
|move|p2a: Porygon2|Ice Beam|p1a: Garchomp
|-activate|p1a: Garchomp|move: Protect
|move|p1b: Incineroar|Parting Shot|p2b: Charizard
|-unboost|p2b: Charizard|atk|1
|-unboost|p2b: Charizard|spa|1
|
|t:|1756498636
|switch|p1b: Weezing|Weezing-Galar, L50, F|100/100|[from] Parting Shot
|-ability|p1b: Weezing|Neutralizing Gas
|
|upkeep
|turn|3
|inactive|milkandcereals has 30 seconds left.
|
|t:|1756498667
|switch|p2b: Jumpluff|Jumpluff, L50, F|100/100
|-terastallize|p1a: Garchomp|Ground
|move|p1b: Weezing|Protect|p1b: Weezing
|-singleturn|p1b: Weezing|Protect
|move|p1a: Garchomp|Earthquake|p2b: Jumpluff|[spread] p2a
|-activate|p1b: Weezing|move: Protect
|-immune|p2b: Jumpluff
|-crit|p2a: Porygon2
|-damage|p2a: Porygon2|0 fnt
|faint|p2a: Porygon2
|-damage|p1a: Garchomp|91/100|[from] item: Life Orb
|
|upkeep
|
|t:|1756498686
|switch|p2a: Charizard|Charizard, L50, M, tera:Ghost|23/100
|turn|4
|inactive|HumanPlaysVGC has 30 seconds left.
|inactive|milkandcereals has 30 seconds left.
|
|t:|1756498719
|move|p2b: Jumpluff|Tailwind|p2b: Jumpluff
|-sidestart|p2: milkandcereals|move: Tailwind
|move|p2a: Charizard|Overheat|p1a: Garchomp
|-damage|p1a: Garchomp|0 fnt
|-unboost|p2a: Charizard|spa|2
|faint|p1a: Garchomp
|move|p1b: Weezing|Taunt|p2b: Jumpluff
|-start|p2b: Jumpluff|move: Taunt
|
|upkeep
|
|t:|1756498725
|switch|p1a: Incineroar|Incineroar, L50, F|59/100
|-ability|p1a: Incineroar|Intimidate|boost
|-unboost|p2a: Charizard|atk|1
|-unboost|p2b: Jumpluff|atk|1
|turn|5
|
|t:|1756498748
|switch|p2a: Ursaluna|Ursaluna, L50, F|100/100
|-activate|p2b: Jumpluff|move: Struggle
|move|p2b: Jumpluff|Struggle|p1a: Incineroar
|-damage|p1a: Incineroar|56/100
|-damage|p2b: Jumpluff|76/100|[from] recoil
|move|p1b: Weezing|Dazzling Gleam|p2b: Jumpluff|[spread] p2a,p2b
|-damage|p2a: Ursaluna|84/100
|-damage|p2b: Jumpluff|55/100
|move|p1a: Incineroar|Knock Off|p2a: Ursaluna
|-damage|p2a: Ursaluna|55/100
|-enditem|p2a: Ursaluna|Flame Orb|[from] move: Knock Off|[of] p1a: Incineroar
|
|-fieldend|move: Psychic Terrain
|upkeep
|turn|6
|inactive|HumanPlaysVGC has 30 seconds left.
|inactive|milkandcereals has 30 seconds left.
|inactive|milkandcereals has 20 seconds left.
|
|t:|1756498787
|move|p1b: Weezing|Protect|p1b: Weezing
|-singleturn|p1b: Weezing|Protect
|-activate|p2b: Jumpluff|move: Struggle
|move|p2b: Jumpluff|Struggle|p1b: Weezing
|-activate|p1b: Weezing|move: Protect
|move|p2a: Ursaluna|Earthquake|p1a: Incineroar|[spread] p1a
|-activate|p1b: Weezing|move: Protect
|-immune|p2b: Jumpluff
|-supereffective|p1a: Incineroar
|-damage|p1a: Incineroar|0 fnt
|faint|p1a: Incineroar
|
|upkeep
|turn|7
|
|t:|1756498800
|-activate|p2b: Jumpluff|move: Struggle
|move|p2b: Jumpluff|Struggle|p1b: Weezing
|-damage|p1b: Weezing|97/100
|-damage|p2b: Jumpluff|30/100|[from] recoil
|move|p2a: Ursaluna|Headlong Rush|p1b: Weezing
|-supereffective|p1b: Weezing
|-damage|p1b: Weezing|0 fnt
|-unboost|p2a: Ursaluna|def|1
|-unboost|p2a: Ursaluna|spd|1
|faint|p1b: Weezing
|-end|p1b: Weezing|ability: Neutralizing Gas
|
|win|milkandcereals
|raw|HumanPlaysVGC's rating: 1026 → 1014(-12 for losing)
|raw|milkandcereals's rating: 1077 → 1101(+24 for winning)
|c|☆milkandcereals|ggs
