|j|☆Pickle315
|j|☆detoxfilms
|html|Pickle315detoxfilms    
|uhtml|bestof|Game 2 of a best-of-3
|t:|1756956552
|gametype|doubles
|player|p1|Pickle315|hilbert|1026
|player|p2|detoxfilms|2|1027
|gen|9
|tier|[Gen 9] VGC 2025 Reg H (Bo3)
|rated|
|rule|Species Clause: Limit one of each Pokémon
|rule|Item Clause: Limit 1 of each item
|clearpoke
|poke|p1|Torkoal, L50, M|
|poke|p1|Amoonguss, L50, F|
|poke|p1|Charizard, L50, M|
|poke|p1|Kingambit, L50, M|
|poke|p1|Rillaboom, L50, F|
|poke|p1|Dragapult, L50, M|
|poke|p2|Gothitelle, L50, F|
|poke|p2|Ursaluna, L50, M|
|poke|p2|Amoonguss, L50, F|
|poke|p2|Gengar, L50, M|
|poke|p2|Incineroar, L50, F|
|poke|p2|Primarina, L50, F|
|teampreview|4
|showteam|p1|Torkoal||CovertCloak|Drought|BodyPress,ClearSmog,HelpingHand,WillOWisp|||M|||50|,,,,,Fighting]Amoonguss||RockyHelmet|Regenerator|PollenPuff,RagePowder,Spore,Synthesis|||F|||50|,,,,,Water]Charizard||LifeOrb|SolarPower|TeraBlast,HeatWave,Protect,SolarBeam|||M|||50|,,,,,Flying]Kingambit||AssaultVest|Defiant|KowtowCleave,IronHead,SuckerPunch,BrickBreak|||M|||50|,,,,,Ghost]Rillaboom||SitrusBerry|GrassySurge|HighHorsepower,GrassyGlide,SolarBlade,FakeOut|||F|||50|,,,,,Electric]Dragapult||ColburBerry|ClearBody|SunnyDay,Protect,DracoMeteor,Thunderbolt|||M|||50|,,,,,Steel
|showteam|p2|Gothitelle||SitrusBerry|ShadowTag|FakeOut,Psychic,TrickRoom,Protect|||F|||50|,,,,,Dark]Ursaluna||FlamePlate|Guts|Protect,Facade,HeadlongRush,Earthquake|||M|||50|,,,,,Ghost]Amoonguss||EjectButton|Regenerator|Protect,SludgeBomb,Spore,RagePowder|||F|||50|,,,,,Water]Gengar||FocusSash|CursedBody|Protect,ShadowBall,Encore,PerishSong|||M|||50|,,,,,Dark]Incineroar||SafetyGoggles|Intimidate|FakeOut,FlareBlitz,PartingShot,Protect|||F|||50|,,,,,Ghost]Primarina||MysticWater|LiquidVoice|Protect,Moonblast,HyperVoice,PerishSong|||F|||50|,,,,,Water
|
|t:|1756956576
|teamsize|p1|4
|teamsize|p2|4
|start
|switch|p1a: Charizard|Charizard, L50, M|100/100
|switch|p1b: Kingambit|Kingambit, L50, M|100/100
|switch|p2a: Incineroar|Incineroar, L50, F|100/100
|switch|p2b: Gothitelle|Gothitelle, L50, F|100/100
|-ability|p2a: Incineroar|Intimidate|boost
|-unboost|p1a: Charizard|atk|1
|-unboost|p1b: Kingambit|atk|1
|-ability|p1b: Kingambit|Defiant|boost
|-boost|p1b: Kingambit|atk|2
|turn|1
|
|t:|1756956602
|move|p2b: Gothitelle|Fake Out|p1b: Kingambit
|-resisted|p1b: Kingambit
|-damage|p1b: Kingambit|98/100
|move|p1a: Charizard|Heat Wave|p2a: Incineroar|[spread] p2a,p2b
|-resisted|p2a: Incineroar
|-crit|p2a: Incineroar
|-damage|p2a: Incineroar|70/100
|-damage|p2b: Gothitelle|73/100
|-status|p2b: Gothitelle|brn
|-damage|p1a: Charizard|91/100|[from] item: Life Orb
|cant|p1b: Kingambit|flinch
|move|p2a: Incineroar|Flare Blitz|p1b: Kingambit
|-supereffective|p1b: Kingambit
|-damage|p1b: Kingambit|29/100
|-damage|p2a: Incineroar|46/100|[from] Recoil
|
|-damage|p2b: Gothitelle|67/100 brn|[from] brn
|upkeep
|turn|2
|
|t:|1756956625
|move|p2b: Gothitelle|Protect|p2b: Gothitelle
|-singleturn|p2b: Gothitelle|Protect
|move|p1a: Charizard|Heat Wave|p2a: Incineroar|[spread] p2a
|-activate|p2b: Gothitelle|move: Protect
|-resisted|p2a: Incineroar
|-damage|p2a: Incineroar|25/100
|-damage|p1a: Charizard|81/100|[from] item: Life Orb
|move|p1b: Kingambit|Kowtow Cleave|p2b: Gothitelle
|-activate|p2b: Gothitelle|move: Protect
|move|p2a: Incineroar|Flare Blitz|p1b: Kingambit
|-supereffective|p1b: Kingambit
|-damage|p1b: Kingambit|0 fnt
|faint|p1b: Kingambit
|-damage|p2a: Incineroar|16/100|[from] Recoil
|
|-damage|p2b: Gothitelle|61/100 brn|[from] brn
|upkeep
|
|t:|1756956642
|switch|p1b: Torkoal|Torkoal, L50, M|100/100
|-weather|SunnyDay|[from] ability: Drought|[of] p1b: Torkoal
|turn|3
|
|t:|1756956666
|move|p1b: Torkoal|Helping Hand|p1a: Charizard
|-singleturn|p1a: Charizard|Helping Hand|[of] p1b: Torkoal
|move|p1a: Charizard|Heat Wave|p2a: Incineroar|[spread] p2a,p2b
|-resisted|p2a: Incineroar
|-damage|p2a: Incineroar|0 fnt
|-damage|p2b: Gothitelle|0 fnt
|faint|p2a: Incineroar
|faint|p2b: Gothitelle
|-damage|p1a: Charizard|71/100|[from] item: Life Orb
|
|-weather|SunnyDay|[upkeep]
|-damage|p1a: Charizard|59/100|[from] ability: Solar Power|[of] p1a: Charizard
|upkeep
|
|t:|1756956672
|switch|p2b: Ursaluna|Ursaluna, L50, M|100/100
|switch|p2a: Amoonguss|Amoonguss, L50, F|100/100
|turn|4
|
|t:|1756956684
|-terastallize|p2a: Amoonguss|Water
|move|p1b: Torkoal|Helping Hand|p1a: Charizard
|-singleturn|p1a: Charizard|Helping Hand|[of] p1b: Torkoal
|move|p1a: Charizard|Heat Wave|p2b: Ursaluna|[spread] p2a,p2b
|-resisted|p2a: Amoonguss
|-damage|p2a: Amoonguss|49/100
|-damage|p2b: Ursaluna|0 fnt
|-status|p2a: Amoonguss|brn
|faint|p2b: Ursaluna
|-damage|p1a: Charizard|49/100|[from] item: Life Orb
|move|p2a: Amoonguss|Spore|p1b: Torkoal
|-status|p1b: Torkoal|slp|[from] move: Spore
|
|-weather|SunnyDay|[upkeep]
|-damage|p1a: Charizard|37/100|[from] ability: Solar Power|[of] p1a: Charizard
|-damage|p2a: Amoonguss|43/100 brn|[from] brn
|upkeep
|turn|5
|
|t:|1756956703
|move|p1a: Charizard|Solar Beam||[still]
|-prepare|p1a: Charizard|Solar Beam
|-anim|p1a: Charizard|Solar Beam|p2a: Amoonguss
|-supereffective|p2a: Amoonguss
|-damage|p2a: Amoonguss|0 fnt
|faint|p2a: Amoonguss
|-damage|p1a: Charizard|27/100|[from] item: Life Orb
|
|win|Pickle315
|raw|Pickle315's rating: 1026 → 1062(+36 for winning)
|raw|detoxfilms's rating: 1027 → 1013(-14 for losing)
|l|☆detoxfilms
|player|p2|
|c|☆Pickle315|gg
