|j|☆swag morra
|j|☆cobalt6767
|html|swag morracobalt6767    
|uhtml|bestof|Game 1 of a best-of-3
|t:|1757717393
|gametype|doubles
|player|p1|swag morra|maylene|1096
|player|p2|cobalt6767|102|1120
|gen|9
|tier|[Gen 9] VGC 2025 Reg H (Bo3)
|rated|
|rule|Species Clause: Limit one of each Pokémon
|rule|Item Clause: Limit 1 of each item
|clearpoke
|poke|p1|Archaludon, L50, M|
|poke|p1|Dragonite, L50, M|
|poke|p1|Salazzle, L50, F|
|poke|p1|Kingdra, L50, M|
|poke|p1|Dragapult, L50, F|
|poke|p1|Hydreigon, L50, F|
|poke|p2|Sneasler, L50, F|
|poke|p2|Primarina, L50, M|
|poke|p2|Kingambit, L50, M|
|poke|p2|Rillaboom, L50, M|
|poke|p2|Electabuzz, L50, M|
|poke|p2|Dragapult, L50, M|
|teampreview|4
|showteam|p1|Archaludon||AssaultVest|Stamina|BodyPress,Snarl,FlashCannon,DracoMeteor|||M|||50|,,,,,Bug]Dragonite||LoadedDice|Multiscale|ScaleShot,Tailwind,Haze,Protect|||M|||50|,,,,,Fairy]Salazzle||CovertCloak|Corrosion|DragonCheer,FakeOut,SludgeBomb,Protect|||F|||50|,,,,,Flying]Kingdra||ScopeLens|Sniper|DracoMeteor,MuddyWater,FlashCannon,Protect|||M|||50|,,,,,Steel]Dragapult||FocusSash|ClearBody|DragonCheer,DragonDarts,Uturn,PhantomForce|||F|||50|,,,,,Stellar]Hydreigon||RazorClaw|Levitate|DracoMeteor,DarkPulse,FlashCannon,Protect|||F|||50|,,,,,Steel
|showteam|p2|Sneasler||FocusSash|PoisonTouch|DireClaw,CloseCombat,Protect,FakeOut|||F|||50|,,,,,Stellar]Primarina||ThroatSpray|LiquidVoice|Protect,HyperVoice,Moonblast,Haze|||M|||50|,,,,,Poison]Kingambit||BlackGlasses|Defiant|KowtowCleave,SwordsDance,SuckerPunch,Protect|||M|||50|,,,,,Dark]Rillaboom||AssaultVest|GrassySurge|WoodHammer,Uturn,GrassyGlide,FakeOut|||M|||50|,,,,,Fire]Electabuzz||Eviolite|VitalSpirit|Electroweb,Taunt,Protect,FollowMe|||M|||50|,,,,,Fairy]Dragapult||ChoiceBand|ClearBody|DragonDarts,Uturn,PhantomForce,Outrage|||M|||50|,,,,,Dragon
|inactive|Battle timer is ON: inactive players will automatically lose when time's up. (requested by cobalt6767)
|inactive|swag morra has 60 seconds left.
|
|t:|1757717471
|teamsize|p1|4
|teamsize|p2|4
|start
|switch|p1a: Salazzle|Salazzle, L50, F|100/100
|switch|p1b: Dragonite|Dragonite, L50, M|100/100
|switch|p2a: Sneasler|Sneasler, L50, F|100/100
|switch|p2b: Kingambit|Kingambit, L50, M|100/100
|turn|1
|
|t:|1757717491
|move|p2a: Sneasler|Fake Out|p1a: Salazzle
|-damage|p1a: Salazzle|76/100
|move|p1a: Salazzle|Fake Out|p2a: Sneasler
|-damage|p2a: Sneasler|91/100
|move|p1b: Dragonite|Tailwind|p1b: Dragonite
|-sidestart|p1: swag morra|move: Tailwind
|move|p2b: Kingambit|Swords Dance|p2b: Kingambit
|-boost|p2b: Kingambit|atk|2
|
|upkeep
|turn|2
|
|t:|1757717509
|move|p2b: Kingambit|Protect|p2b: Kingambit
|-singleturn|p2b: Kingambit|Protect
|move|p1a: Salazzle|Dragon Cheer|p1b: Dragonite
|-start|p1b: Dragonite|move: Dragon Cheer
|move|p1b: Dragonite|Scale Shot|p2a: Sneasler
|-crit|p2a: Sneasler
|-damage|p2a: Sneasler|56/100
|-crit|p2a: Sneasler
|-damage|p2a: Sneasler|22/100
|-damage|p2a: Sneasler|0 fnt
|faint|p2a: Sneasler
|-hitcount|p2: Sneasler|3
|-unboost|p1b: Dragonite|def|1
|-boost|p1b: Dragonite|spe|1
|
|upkeep
|
|t:|1757717519
|switch|p2a: Primarina|Primarina, L50, M|100/100
|turn|3
|
|t:|1757717542
|move|p1b: Dragonite|Protect|p1b: Dragonite
|-singleturn|p1b: Dragonite|Protect
|move|p2b: Kingambit|Sucker Punch||[still]
|-fail|p2b: Kingambit
|move|p1a: Salazzle|Sludge Bomb|p2a: Primarina
|-supereffective|p2a: Primarina
|-crit|p2a: Primarina
|-damage|p2a: Primarina|13/100
|move|p2a: Primarina|Hyper Voice|p1a: Salazzle|[spread] p1a
|-activate|p1b: Dragonite|move: Protect
|-supereffective|p1a: Salazzle
|-damage|p1a: Salazzle|0 fnt
|faint|p1a: Salazzle
|-enditem|p2a: Primarina|Throat Spray
|-boost|p2a: Primarina|spa|1|[from] item: Throat Spray
|
|upkeep
|
|t:|1757717555
|switch|p1a: Archaludon|Archaludon, L50, M|100/100
|turn|4
|
|t:|1757717571
|move|p2a: Primarina|Protect|p2a: Primarina
|-singleturn|p2a: Primarina|Protect
|move|p2b: Kingambit|Protect|p2b: Kingambit
|-singleturn|p2b: Kingambit|Protect
|move|p1b: Dragonite|Haze|p1b: Dragonite
|-clearallboost
|move|p1a: Archaludon|Flash Cannon|p2a: Primarina
|-activate|p2a: Primarina|move: Protect
|
|-sideend|p1: swag morra|move: Tailwind
|upkeep
|turn|5
|
|t:|1757717594
|-terastallize|p2b: Kingambit|Dark
|move|p1b: Dragonite|Tailwind|p1b: Dragonite
|-sidestart|p1: swag morra|move: Tailwind
|move|p1a: Archaludon|Flash Cannon|p2a: Primarina
|-damage|p2a: Primarina|0 fnt
|faint|p2a: Primarina
|move|p2b: Kingambit|Swords Dance|p2b: Kingambit
|-boost|p2b: Kingambit|atk|2
|
|upkeep
|
|t:|1757717602
|switch|p2a: Dragapult|Dragapult, L50, M|100/100
|turn|6
|inactive|swag morra has 30 seconds left.
|
|t:|1757717634
|switch|p1a: Kingdra|Kingdra, L50, M|100/100
|-terastallize|p1b: Dragonite|Fairy
|move|p2b: Kingambit|Sucker Punch||[still]
|-fail|p2b: Kingambit
|move|p1b: Dragonite|Scale Shot|p2a: Dragapult
|-supereffective|p2a: Dragapult
|-damage|p2a: Dragapult|60/100
|-supereffective|p2a: Dragapult
|-crit|p2a: Dragapult
|-damage|p2a: Dragapult|4/100
|-supereffective|p2a: Dragapult
|-crit|p2a: Dragapult
|-damage|p2a: Dragapult|0 fnt
|faint|p2a: Dragapult
|-hitcount|p2: Dragapult|3
|-unboost|p1b: Dragonite|def|1
|-boost|p1b: Dragonite|spe|1
|
|upkeep
|turn|7
|-message|cobalt6767 forfeited.
|
|win|swag morra
|l|☆cobalt6767
|player|p2|
||swag morra is ready for game 2.
||cobalt6767 is ready for game 2.
|uhtml|next|Next: Game 2 of 3
