|j|☆ggb0065
|j|☆thefozguy
|html|ggb0065thefozguy    
|uhtml|bestof|Game 2 of a best-of-3
|t:|1783465749
|gametype|doubles
|player|p1|ggb0065|265|
|player|p2|thefozguy|steven|
|gen|9
|tier|[Gen 9 Champions] VGC 2026 Reg M-B (Bo3)
|rule|Species Clause: Limit one of each Pokémon
|rule|Item Clause: Limit 1 of each item
|clearpoke
|poke|p1|Tyranitar, L50, F|
|poke|p1|Talonflame, L50, M|
|poke|p1|Excadrill, L50, F|
|poke|p1|Orthworm, L50, F, shiny|
|poke|p1|Mawile, L50, F|
|poke|p1|Musharna, L50, F, shiny|
|poke|p2|Raichu, L50, M|
|poke|p2|Primarina, L50, M|
|poke|p2|Gholdengo, L50|
|poke|p2|Gallade, L50, M|
|poke|p2|Trevenant, L50, M|
|poke|p2|Meowscarada, L50, M|
|teampreview|4
|showteam|p1|Tyranitar||Tyranitarite|SandStream|RockSlide,KnockOff,Earthquake,DragonDance|Jolly||F|||50|]Talonflame||LifeOrb|GaleWings|Tailwind,BraveBird,FireBlast,Protect|Adamant||M|||50|]Excadrill||FocusSash|SandRush|DrillRun,IronHead,RockSlide,Protect|Adamant||F|||50|]Orthworm||SitrusBerry|EarthEater|BodyPress,HeavySlam,ShedTail,Protect|Careful||F|||50|]Mawile||Mawilite|Intimidate|PlayRough,IronHead,SuckerPunch,Protect|Brave||F|||50|]Musharna||MentalHerb|Telepathy|TrickRoom,HelpingHand,LightScreen,Psychic|Sassy||F|||50|
|showteam|p2|Raichu||RaichuniteY|Static|ZapCannon,FocusBlast,Protect,FakeOut|Timid||M|||50|]Primarina||LifeOrb|LiquidVoice|HyperVoice,Moonblast,Protect,CalmMind|Modest||M|||50|]Gholdengo||MetalCoat|GoodasGold|NastyPlot,MakeItRain,ShadowBall,Protect|Modest|||||50|]Gallade||MentalHerb|Sharpness|WideGuard,WillOWisp,SacredSword,Protect|Impish||M|||50|]Trevenant||SitrusBerry|Frisk|TrickRoom,WoodHammer,Protect,Imprison|Relaxed||M|||50|]Meowscarada||FocusSash|Protean|FlowerTrick,PlayRough,TripleAxel,Protect|Jolly||M|||50|
|inactive|Battle timer is ON: inactive players will automatically lose when time's up. (requested by thefozguy)
|j| greatox17!
|inactive|thefozguy has 60 seconds left.
|
|t:|1783465786
|teamsize|p1|4
|teamsize|p2|4
|start
|switch|p1a: Tyranitar|Tyranitar, L50, F|100/100
|switch|p1b: Excadrill|Excadrill, L50, F|100/100
|switch|p2a: Raichu|Raichu, L50, M|100/100
|switch|p2b: Primarina|Primarina, L50, M|100/100
|-weather|Sandstorm|[from] ability: Sand Stream|[of] p1a: Tyranitar
|turn|1
|j| sinduhquil
|j| trypy
|inactive|thefozguy has 30 seconds left.
|
|t:|1783465813
|switch|p2a: Trevenant|Trevenant, L50, M|100/100
|-item|p1a: Tyranitar|Tyranitarite|[from] ability: Frisk|[of] p2a: Trevenant
|-item|p1b: Excadrill|Focus Sash|[from] ability: Frisk|[of] p2a: Trevenant
|move|p1b: Excadrill|Iron Head|p2b: Primarina
|-damage|p2b: Primarina|49/100
|move|p1a: Tyranitar|Dragon Dance|p1a: Tyranitar
|-boost|p1a: Tyranitar|atk|1
|-boost|p1a: Tyranitar|spe|1
|cant|p2b: Primarina|flinch
|
|-weather|Sandstorm|[upkeep]
|-damage|p2b: Primarina|43/100|[from] Sandstorm
|-damage|p2a: Trevenant|93/100|[from] Sandstorm
|upkeep
|turn|2
|inactive|ggb0065 has 30 seconds left.
|inactive|thefozguy has 30 seconds left.
|
|t:|1783465842
|move|p1b: Excadrill|Drill Run|p2a: Trevenant
|-resisted|p2a: Trevenant|1
|-damage|p2a: Trevenant|73/100
|move|p1a: Tyranitar|Rock Slide|p2b: Primarina|[spread] p2a
|-miss|p1a: Tyranitar|p2b: Primarina
|-damage|p2a: Trevenant|35/100
|-enditem|p2a: Trevenant|Sitrus Berry|[eat]
|-heal|p2a: Trevenant|60/100|[from] item: Sitrus Berry
|move|p2b: Primarina|Hyper Voice|p1a: Tyranitar|[spread] p1a,p1b
|-supereffective|p1a: Tyranitar|1
|-supereffective|p1b: Excadrill|1
|-damage|p1a: Tyranitar|41/100
|-enditem|p1b: Excadrill|Focus Sash
|-damage|p1b: Excadrill|1/100
|-damage|p2b: Primarina|34/100|[from] item: Life Orb
|cant|p2a: Trevenant|flinch
|
|-weather|Sandstorm|[upkeep]
|-damage|p2b: Primarina|28/100|[from] Sandstorm
|-damage|p2a: Trevenant|54/100|[from] Sandstorm
|upkeep
|turn|3
|inactive|ggb0065 has 30 seconds left.
|
|t:|1783465877
|move|p2b: Primarina|Protect|p2b: Primarina
|-singleturn|p2b: Primarina|Protect
|move|p1b: Excadrill|Rock Slide|p2b: Primarina|[spread] p2a
|-activate|p2b: Primarina|move: Protect
|-damage|p2a: Trevenant|34/100
|move|p1a: Tyranitar|Knock Off|p2a: Trevenant
|-supereffective|p2a: Trevenant|1
|-damage|p2a: Trevenant|0 fnt
|faint|p2a: Trevenant
|
|-weather|Sandstorm|[upkeep]
|-damage|p2b: Primarina|22/100|[from] Sandstorm
|upkeep
|
|t:|1783465887
|switch|p2a: Gallade|Gallade, L50, M|100/100
|turn|4
|
|t:|1783465908
|move|p1b: Excadrill|Rock Slide|p2b: Primarina|[spread] p2a,p2b
|-resisted|p2a: Gallade|1
|-damage|p2a: Gallade|90/100
|-damage|p2b: Primarina|0 fnt
|faint|p2b: Primarina
|move|p1a: Tyranitar|Rock Slide|p2a: Gallade
|-resisted|p2a: Gallade|1
|-damage|p2a: Gallade|62/100
|move|p2a: Gallade|Sacred Sword|p1a: Tyranitar
|-supereffective|p1a: Tyranitar|2
|-damage|p1a: Tyranitar|0 fnt
|faint|p1a: Tyranitar
|
|-weather|Sandstorm|[upkeep]
|-damage|p2a: Gallade|57/100|[from] Sandstorm
|upkeep
|
|t:|1783465922
|switch|p1a: Orthworm|Orthworm, L50, F, shiny|100/100
|switch|p2b: Raichu|Raichu, L50, M|100/100
|turn|5
|inactive|ggb0065 has 30 seconds left.
|
|t:|1783465953
|detailschange|p2b: Raichu|Raichu-Mega-Y, L50, M
|-mega|p2b: Raichu|Raichu|Raichunite Y
|move|p2b: Raichu|Fake Out|p1b: Excadrill
|-resisted|p1b: Excadrill|1
|-crit|p1b: Excadrill
|-damage|p1b: Excadrill|0 fnt
|faint|p1b: Excadrill
|move|p2a: Gallade|Sacred Sword|p1a: Orthworm
|-supereffective|p1a: Orthworm|1
|-damage|p1a: Orthworm|23/100
|-enditem|p1a: Orthworm|Sitrus Berry|[eat]
|-heal|p1a: Orthworm|48/100|[from] item: Sitrus Berry
|move|p1a: Orthworm|Body Press|p2b: Raichu
|-damage|p2b: Raichu|49/100
|
|-weather|none
|upkeep
|
|t:|1783465966
|switch|p1b: Talonflame|Talonflame, L50, M|100/100
|turn|6
|
|t:|1783465988
|move|p2b: Raichu|Protect|p2b: Raichu
|-singleturn|p2b: Raichu|Protect
|move|p1b: Talonflame|Tailwind|p1b: Talonflame
|-sidestart|p1: ggb0065|move: Tailwind
|move|p1a: Orthworm|Body Press|p2b: Raichu
|-activate|p2b: Raichu|move: Protect
|move|p2a: Gallade|Sacred Sword|p1a: Orthworm
|-supereffective|p1a: Orthworm|1
|-damage|p1a: Orthworm|0 fnt
|faint|p1a: Orthworm
|
|upkeep
|turn|7
|
|t:|1783466012
|move|p1b: Talonflame|Fire Blast|p2b: Raichu
|-damage|p2b: Raichu|0 fnt
|faint|p2b: Raichu
|-damage|p1b: Talonflame|90/100|[from] item: Life Orb
|move|p2a: Gallade|Sacred Sword|p1b: Talonflame
|-resisted|p1b: Talonflame|1
|-damage|p1b: Talonflame|48/100
|
|upkeep
|turn|8
|
|t:|1783466027
|move|p2a: Gallade|Protect|p2a: Gallade
|-singleturn|p2a: Gallade|Protect
|move|p1b: Talonflame|Brave Bird|p2a: Gallade
|-activate|p2a: Gallade|move: Protect
|
|upkeep
|turn|9
|
|t:|1783466041
|move|p1b: Talonflame|Brave Bird|p2a: Gallade
|-supereffective|p2a: Gallade|1
|-damage|p2a: Gallade|0 fnt
|faint|p2a: Gallade
|-damage|p1b: Talonflame|29/100|[from] Recoil
|-damage|p1b: Talonflame|19/100|[from] item: Life Orb
|
|win|ggb0065
||thefozguy is ready for game 3.
||ggb0065 is ready for game 3.
|uhtml|next|Next: Game 3 of 3
