|j|☆Kunojan
|j|☆Comeonbruv
|html|KunojanComeonbruv    
|uhtml|bestof|Game 1 of a best-of-3
|t:|1783486044
|gametype|doubles
|player|p1|Kunojan|depotagent|1072
|player|p2|Comeonbruv|youngster|1130
|gen|9
|tier|[Gen 9 Champions] VGC 2026 Reg M-B (Bo3)
|rated|
|rule|Species Clause: Limit one of each Pokémon
|rule|Item Clause: Limit 1 of each item
|clearpoke
|poke|p1|Incineroar, L50, F|
|poke|p1|Clefable, L50, F|
|poke|p1|Sableye, L50, F, shiny|
|poke|p1|Sinistcha, L50|
|poke|p1|Talonflame, L50, F|
|poke|p1|Delphox, L50, F, shiny|
|poke|p2|Sceptile, L50, M|
|poke|p2|Infernape, L50, M|
|poke|p2|Blastoise, L50, M|
|poke|p2|Empoleon, L50, M|
|poke|p2|Venusaur, L50, F|
|poke|p2|Charizard, L50, M, shiny|
|teampreview|4
|showteam|p1|Incineroar||SitrusBerry|Intimidate|CloseCombat,Roar,PartingShot,FakeOut|Careful||F|||50|]Clefable||KebiaBerry|Unaware|Moonblast,HelpingHand,FollowMe,Protect|Bold||F|||50|]Sableye||RoseliBerry|Prankster|ThunderWave,Encore,SunnyDay,FakeOut|Calm||F|||50|]Sinistcha||FocusSash|Hospitality|MatchaGotcha,StrengthSap,RagePowder,Protect|Bold|||||50|]Talonflame|||GaleWings|Acrobatics,QuickGuard,Tailwind,Protect|Serious||F|||50|]Delphox||Delphoxite|Blaze|HeatWave,Psychic,NastyPlot,Protect|Timid||F|||50|
|showteam|p2|Sceptile||WhiteHerb|Overgrow|LeafStorm,DragonPulse,Protect,Detect|Timid||M|||50|]Infernape||LifeOrb|IronFist|FakeOut,CloseCombat,Protect,FlareBlitz|Jolly||M|||50|]Blastoise||ShellBell|Torrent|WaterPulse,IceBeam,AuraSphere,DarkPulse|Modest||M|||50|]Empoleon||Leftovers|Competitive|HydroPump,FlashCannon,IcyWind,Protect|Modest||M|||50|]Venusaur||FocusSash|Chlorophyll|SludgeBomb,Protect,SleepPowder,GigaDrain|Modest||F|||50|]Charizard||CharizarditeY|Blaze|HeatWave,SolarBeam,Protect,Overheat|Timid||M|||50|
|inactive|Battle timer is ON: inactive players will automatically lose when time's up. (requested by Comeonbruv)
|l|☆Comeonbruv
|inactive|Comeonbruv disconnected and has a minute to reconnect!
|player|p2|
|inactive|Kunojan has 60 seconds left.
|inactive|Comeonbruv has 30 seconds to reconnect!
|inactive|Comeonbruv has 20 seconds to reconnect!
|inactive|Kunojan has 30 seconds left.
|inactive|Comeonbruv has 15 seconds to reconnect!
|j|☆Comeonbruv
|inactive|Comeonbruv reconnected and has 30 seconds left.
|player|p2|Comeonbruv|youngster|
|
|t:|1783486112
|teamsize|p1|4
|teamsize|p2|4
|start
|switch|p1a: Clefable|Clefable, L50, F|100/100
|switch|p1b: Delphox|Delphox, L50, F, shiny|100/100
|switch|p2a: Mono|Infernape, L50, M|100/100
|switch|p2b: El Padrino|Empoleon, L50, M|100/100
|turn|1
|inactive|Kunojan has 30 seconds left.
|
|t:|1783486137
|detailschange|p1b: Delphox|Delphox-Mega, L50, F, shiny
|-mega|p1b: Delphox|Delphox|Delphoxite
|move|p2a: Mono|Fake Out|p1b: Delphox
|-damage|p1b: Delphox|77/100
|-damage|p2a: Mono|90/100|[from] item: Life Orb
|move|p1a: Clefable|Follow Me|p1a: Clefable
|-singleturn|p1a: Clefable|move: Follow Me
|cant|p1b: Delphox|flinch
|move|p2b: El Padrino|Icy Wind|p1b: Delphox|[spread] p1a,p1b
|-resisted|p1b: Delphox|1
|-damage|p1a: Clefable|88/100
|-damage|p1b: Delphox|71/100
|-unboost|p1a: Clefable|spe|1
|-unboost|p1b: Delphox|spe|1
|
|upkeep
|turn|2
|inactive|Comeonbruv has 30 seconds left.
|inactive|Comeonbruv has 20 seconds left.
|
|t:|1783486176
|move|p1a: Clefable|Follow Me|p1a: Clefable
|-singleturn|p1a: Clefable|move: Follow Me
|move|p2a: Mono|Flare Blitz|p1a: Clefable
|-damage|p1a: Clefable|28/100
|-status|p1a: Clefable|brn
|-damage|p2a: Mono|64/100|[from] Recoil
|-damage|p2a: Mono|54/100|[from] item: Life Orb
|move|p1b: Delphox|Psychic|p2a: Mono
|-supereffective|p2a: Mono|1
|-crit|p2a: Mono
|-damage|p2a: Mono|0 fnt
|faint|p2a: Mono
|move|p2b: El Padrino|Icy Wind|p1a: Clefable|[spread] p1a,p1b
|-resisted|p1b: Delphox|1
|-damage|p1a: Clefable|14/100 brn
|-damage|p1b: Delphox|64/100
|-unboost|p1a: Clefable|spe|1
|-unboost|p1b: Delphox|spe|1
|
|-damage|p1a: Clefable|8/100 brn|[from] brn
|upkeep
|
|t:|1783486198
|switch|p2a: Chorizo|Charizard, L50, M, shiny|100/100
|turn|3
|inactive|Kunojan has 30 seconds left.
|
|t:|1783486230
|detailschange|p2a: Chorizo|Charizard-Mega-Y, L50, M, shiny
|-mega|p2a: Chorizo|Charizard|Charizardite Y
|-weather|SunnyDay|[from] ability: Drought|[of] p2a: Chorizo
|move|p1b: Delphox|Protect|p1b: Delphox
|-singleturn|p1b: Delphox|Protect
|move|p1a: Clefable|Follow Me|p1a: Clefable
|-singleturn|p1a: Clefable|move: Follow Me
|move|p2a: Chorizo|Heat Wave|p1b: Delphox|[spread] p1a
|-activate|p1b: Delphox|move: Protect
|-damage|p1a: Clefable|0 fnt
|faint|p1a: Clefable
|move|p2b: El Padrino|Icy Wind|p1b: Delphox
|-activate|p1b: Delphox|move: Protect
|
|-weather|SunnyDay|[upkeep]
|upkeep
|
|t:|1783486243
|switch|p1a: Sinistcha|Sinistcha, L50|100/100
|-heal|p1b: Delphox|89/100|[from] ability: Hospitality|[of] p1a: Sinistcha
|turn|4
|
|t:|1783486257
|move|p1a: Sinistcha|Rage Powder|p1a: Sinistcha
|-singleturn|p1a: Sinistcha|move: Rage Powder
|move|p2a: Chorizo|Heat Wave|p1b: Delphox|[spread] p1a,p1b
|-supereffective|p1a: Sinistcha|1
|-resisted|p1b: Delphox|1
|-enditem|p1a: Sinistcha|Focus Sash
|-damage|p1a: Sinistcha|1/100
|-damage|p1b: Delphox|56/100
|move|p1b: Delphox|Nasty Plot|p1b: Delphox
|-boost|p1b: Delphox|spa|2
|move|p2b: El Padrino|Icy Wind|p1a: Sinistcha|[spread] p1a,p1b
|-supereffective|p1a: Sinistcha|1
|-resisted|p1b: Delphox|1
|-damage|p1a: Sinistcha|0 fnt
|-damage|p1b: Delphox|50/100g
|-unboost|p1b: Delphox|spe|1
|faint|p1a: Sinistcha
|
|-weather|SunnyDay|[upkeep]
|upkeep
|
|t:|1783486271
|switch|p1a: Talonflame|Talonflame, L50, F|100/100
|turn|5
|
|t:|1783486292
|move|p1a: Talonflame|Tailwind|p1a: Talonflame
|-sidestart|p1: Kunojan|move: Tailwind
|move|p2a: Chorizo|Heat Wave|p1a: Talonflame|[spread] p1a,p1b
|-resisted|p1a: Talonflame|1
|-resisted|p1b: Delphox|1
|-damage|p1a: Talonflame|61/100
|-damage|p1b: Delphox|17/100
|move|p1b: Delphox|Psychic|p2a: Chorizo
|-crit|p2a: Chorizo
|-damage|p2a: Chorizo|0 fnt
|faint|p2a: Chorizo
|move|p2b: El Padrino|Hydro Pump|p1a: Talonflame
|-supereffective|p1a: Talonflame|1
|-damage|p1a: Talonflame|0 fnt
|faint|p1a: Talonflame
|
|-weather|SunnyDay|[upkeep]
|upkeep
|
|t:|1783486304
|switch|p2a: Gloria|Venusaur, L50, F|100/100
|turn|6
|
|t:|1783486312
|move|p2a: Gloria|Sludge Bomb|p1b: Delphox
|-damage|p1b: Delphox|0 fnt
|faint|p1b: Delphox
|
|win|Comeonbruv
