|j|☆Zacian too strong
|j|☆ToastedArt
|html|Zacian too strongToastedArt    
|uhtml|bestof|Game 2 of a best-of-3
|t:|1785609186
|gametype|doubles
|player|p1|Zacian too strong|170|1122
|player|p2|ToastedArt|iris|1046
|gen|9
|tier|[Gen 9 Champions] VGC 2026 Reg M-B (Bo3)
|rated|
|rule|Species Clause: Limit one of each Pokémon
|rule|Item Clause: Limit 1 of each item
|clearpoke
|poke|p1|Aerodactyl, L50, M|
|poke|p1|Kingambit, L50, M|
|poke|p1|Sylveon, L50, M|
|poke|p1|Garchomp, L50, M|
|poke|p1|Charizard, L50, M|
|poke|p1|Incineroar, L50, M|
|poke|p2|Floette-Eternal, L50, F|
|poke|p2|Alcremie-Ruby-Swirl, L50, F, shiny|
|poke|p2|Incineroar, L50, M|
|poke|p2|Sinistcha, L50|
|poke|p2|Staraptor, L50, M|
|poke|p2|Sneasler, L50, F|
|teampreview|4
|showteam|p1|Aerodactyl||Aerodactylite|Unnerve|RockSlide,IceFang,Tailwind,WideGuard|Jolly||M|||50|]Kingambit||FocusSash|Defiant|KowtowCleave,SuckerPunch,IronHead,Protect|Adamant||M|||50|]Sylveon||FairyFeather|Pixilate|Detect,HyperVoice,HyperBeam,QuickAttack|Modest||M|||50|]Garchomp||LifeOrb|RoughSkin|Earthquake,DragonClaw,StompingTantrum,Protect|Jolly||M|||50|]Charizard||CharizarditeY|Blaze|Protect,HeatWave,SolarBeam,WeatherBall|Modest||M|||50|]Incineroar||SitrusBerry|Intimidate|DarkestLariat,FlareBlitz,FakeOut,PartingShot|Impish||M|||50|
|showteam|p2|Floette-Eternal||Floettite|FlowerVeil|DazzlingGleam,Moonblast,LightofRuin,Protect|Modest||F|||50|]Alcremie-Ruby-Swirl||ChoiceScarf|AromaVeil|Decorate,MistyExplosion,Charm,FakeTears|Timid||F|||50|]Incineroar||SitrusBerry|Intimidate|FlareBlitz,DarkestLariat,PartingShot,FakeOut|Impish||M|||50|]Sinistcha||OccaBerry|Hospitality|MatchaGotcha,RagePowder,TrickRoom,Protect|Relaxed|||||50|]Staraptor||Staraptite|Intimidate|CloseCombat,BraveBird,Roost,Protect|Careful||M|||50|]Sneasler||FocusSash|PoisonTouch|FakeOut,CloseCombat,PoisonJab,Protect|Adamant||F|||50|
|inactive|Battle timer is ON: inactive players will automatically lose when time's up. (requested by ToastedArt)
|
|t:|1785609207
|teamsize|p1|4
|teamsize|p2|4
|start
|switch|p1a: Incineroar|Incineroar, L50, M|100/100
|switch|p1b: Sylveon|Sylveon, L50, M|100/100
|switch|p2a: Floette|Floette-Eternal, L50, F|100/100
|switch|p2b: Alcremie|Alcremie-Ruby-Swirl, L50, F, shiny|100/100
|-ability|p1a: Incineroar|Intimidate|boost
|-unboost|p2a: Floette|atk|1
|-unboost|p2b: Alcremie|atk|1
|turn|1
|
|t:|1785609216
|detailschange|p2a: Floette|Floette-Mega, L50, F
|-mega|p2a: Floette|Floette|Floettite
|-ability|p2a: Floette|Fairy Aura
|move|p2a: Floette|Protect|p2a: Floette
|-singleturn|p2a: Floette|Protect
|move|p1a: Incineroar|Fake Out|p2b: Alcremie
|-damage|p2b: Alcremie|86/100
|cant|p2b: Alcremie|flinch
|move|p1b: Sylveon|Hyper Voice|p2b: Alcremie|[spread] p2b
|-activate|p2a: Floette|move: Protect
|-damage|p2b: Alcremie|33/100
|
|upkeep
|turn|2
|inactive|Zacian too strong has 30 seconds left.
|
|t:|1785609247
|move|p2b: Alcremie|Decorate|p2a: Floette
|-boost|p2a: Floette|atk|2
|-boost|p2a: Floette|spa|2
|move|p2a: Floette|Dazzling Gleam|p1b: Sylveon|[spread] p1a,p1b
|-damage|p1a: Incineroar|22/100
|-damage|p1b: Sylveon|25/100
|-enditem|p1a: Incineroar|Sitrus Berry|[eat]
|-heal|p1a: Incineroar|47/100|[from] item: Sitrus Berry
|move|p1b: Sylveon|Hyper Voice|p2a: Floette|[spread] p2a,p2b
|-damage|p2a: Floette|58/100
|-damage|p2b: Alcremie|0 fnt
|faint|p2b: Alcremie
|move|p1a: Incineroar|Flare Blitz|p2a: Floette
|-damage|p2a: Floette|5/100
|-damage|p1a: Incineroar|31/100|[from] Recoil
|
|upkeep
|
|t:|1785609253
|switch|p2b: Sinistcha|Sinistcha, L50|100/100
|-heal|p2a: Floette|29/100|[from] ability: Hospitality|[of] p2b: Sinistcha
|turn|3
|
|t:|1785609271
|move|p1b: Sylveon|Detect|p1b: Sylveon
|-singleturn|p1b: Sylveon|Protect
|move|p2b: Sinistcha|Rage Powder|p2b: Sinistcha
|-singleturn|p2b: Sinistcha|move: Rage Powder
|move|p2a: Floette|Dazzling Gleam|p1b: Sylveon|[spread] p1a
|-activate|p1b: Sylveon|move: Protect
|-damage|p1a: Incineroar|0 fnt
|faint|p1a: Incineroar
|
|upkeep
|
|t:|1785609280
|switch|p1a: Charizard|Charizard, L50, M|100/100
|turn|4
|
|t:|1785609299
|detailschange|p1a: Charizard|Charizard-Mega-Y, L50, M
|-mega|p1a: Charizard|Charizard|Charizardite Y
|-weather|SunnyDay|[from] ability: Drought|[of] p1a: Charizard
|move|p2a: Floette|Light of Ruin|p1a: Charizard
|-resisted|p1a: Charizard|1
|-damage|p1a: Charizard|0 fnt
|faint|p1a: Charizard
|-damage|p2a: Floette|0 fnt|[from] Recoil
|faint|p2a: Floette
|move|p1b: Sylveon|Hyper Voice|p2b: Sinistcha
|-damage|p2b: Sinistcha|41/100
|move|p2b: Sinistcha|Matcha Gotcha|p1b: Sylveon|[miss]
|-miss|p2b: Sinistcha|p1b: Sylveon
|
|-weather|SunnyDay|[upkeep]
|upkeep
|
|t:|1785609311
|switch|p2a: Incineroar|Incineroar, L50, M|100/100
|switch|p1a: Garchomp|Garchomp, L50, M|100/100
|-ability|p2a: Incineroar|Intimidate|boost
|-unboost|p1a: Garchomp|atk|1
|-unboost|p1b: Sylveon|atk|1
|turn|5
|
|t:|1785609323
|move|p2a: Incineroar|Fake Out|p1a: Garchomp
|-damage|p1a: Garchomp|88/100
|-damage|p2a: Incineroar|87/100|[from] ability: Rough Skin|[of] p1a: Garchomp
|cant|p1a: Garchomp|flinch
|move|p1b: Sylveon|Hyper Voice|p2a: Incineroar|[spread] p2a,p2b
|-crit|p2a: Incineroar
|-damage|p2a: Incineroar|24/100
|-damage|p2b: Sinistcha|1/100
|-enditem|p2a: Incineroar|Sitrus Berry|[eat]
|-heal|p2a: Incineroar|49/100|[from] item: Sitrus Berry
|move|p2b: Sinistcha|Matcha Gotcha|p1a: Garchomp|[spread] p1a,p1b
|-damage|p1a: Garchomp|63/100
|-heal|p2b: Sinistcha|13/100|[from] drain|[of] p1a: Garchomp
|-damage|p1b: Sylveon|7/100
|-heal|p2b: Sinistcha|23/100|[from] drain|[of] p1b: Sylveon
|
|-weather|SunnyDay|[upkeep]
|upkeep
|turn|6
|-message|ToastedArt forfeited.
|
|win|Zacian too strong
