|j|☆milkandcereals
|j|☆mjs_12
|html|milkandcerealsmjs_12    
|uhtml|bestof|Game 1 of a best-of-3
|t:|1756558258
|gametype|doubles
|player|p1|milkandcereals|blue|1078
|player|p2|mjs_12|102|1012
|gen|9
|tier|[Gen 9] VGC 2025 Reg H (Bo3)
|rated|
|rule|Species Clause: Limit one of each Pokémon
|rule|Item Clause: Limit 1 of each item
|clearpoke
|poke|p1|Porygon2, L50|
|poke|p1|Rillaboom, L50, M|
|poke|p1|Ursaluna, L50, M|
|poke|p1|Jumpluff, L50, F|
|poke|p1|Charizard, L50, M|
|poke|p1|Torkoal, L50, M|
|poke|p2|Tyranitar, L50, F|
|poke|p2|Kommo-o, L50, M|
|poke|p2|Sinistcha, L50|
|poke|p2|Talonflame, L50, M|
|poke|p2|Annihilape, L50, F|
|poke|p2|Ursaluna-Bloodmoon, L50, M|
|teampreview|4
|showteam|p1|Porygon2||Eviolite|Download|TeraBlast,IceBeam,TrickRoom,Recover||||||50|,,,,,Fighting]Rillaboom||AssaultVest|GrassySurge|FakeOut,GrassyGlide,WoodHammer,HighHorsepower|||M|||50|,,,,,Water]Ursaluna||FlameOrb|Guts|Protect,Facade,Earthquake,HeadlongRush|||M|||50|,,,,,Ghost]Jumpluff||CovertCloak|Chlorophyll|SleepPowder,SunnyDay,Tailwind,RagePowder|||F|||50|,,,,,Fire]Charizard||ChoiceSpecs|SolarPower|HeatWave,Overheat,WeatherBall,DragonPulse|||M|||50|,,,,,Ghost]Torkoal||EjectPack|Drought|Overheat,Eruption,HelpingHand,Protect|||M|||50|,,,,,Fire
|showteam|p2|Tyranitar||AssaultVest|SandStream|RockSlide,KnockOff,HeavySlam,Snarl|||F|||50|,,,,,Ghost]Kommo-o||ThroatSpray|Overcoat|ClangorousSoul,ClangingScales,AuraSphere,Protect|||M|||50|,,,,,Fire]Sinistcha||RockyHelmet|Hospitality|StrengthSap,RagePowder,MatchaGotcha,Protect||||||50|,,,,,Dark]Talonflame||MentalHerb|GaleWings|Tailwind,BraveBird,FlareBlitz,FlameCharge|||M|||50|,,,,,Ghost]Annihilape||ChoiceScarf|Defiant|FinalGambit,Coaching,RageFist,Uturn|||F|||50|,,,,,Fire]Ursaluna-Bloodmoon||CovertCloak|MindsEye|HyperVoice,BloodMoon,EarthPower,Protect|||M|||50|,,,,,Normal
|inactive|Battle timer is ON: inactive players will automatically lose when time's up. (requested by milkandcereals)
|c|☆milkandcereals|glhf
|
|t:|1756558294
|teamsize|p1|4
|teamsize|p2|4
|start
|switch|p1a: Jumpluff|Jumpluff, L50, F|100/100
|switch|p1b: Torkoal|Torkoal, L50, M|100/100
|switch|p2a: Annihilape|Annihilape, L50, F|100/100
|switch|p2b: Kommo-o|Kommo-o, L50, M|100/100
|-weather|SunnyDay|[from] ability: Drought|[of] p1b: Torkoal
|turn|1
|inactive|mjs_12 has 30 seconds left.
|
|t:|1756558325
|move|p1a: Jumpluff|Sleep Powder|p2a: Annihilape
|-status|p2a: Annihilape|slp|[from] move: Sleep Powder
|cant|p2a: Annihilape|slp
|move|p2b: Kommo-o|Clangorous Soul|p2b: Kommo-o
|-boost|p2b: Kommo-o|atk|1
|-boost|p2b: Kommo-o|def|1
|-boost|p2b: Kommo-o|spa|1
|-boost|p2b: Kommo-o|spd|1
|-boost|p2b: Kommo-o|spe|1
|-damage|p2b: Kommo-o|68/100
|-enditem|p2b: Kommo-o|Throat Spray
|-boost|p2b: Kommo-o|spa|1|[from] item: Throat Spray
|move|p1b: Torkoal|Overheat|p2a: Annihilape
|-damage|p2a: Annihilape|30/100 slp
|-unboost|p1b: Torkoal|spa|2
|-enditem|p1b: Torkoal|Eject Pack
|
|t:|1756558341
|switch|p1b: Porygon2|Porygon2, L50|100/100
|-ability|p1b: Porygon2|Download|boost
|-boost|p1b: Porygon2|spa|1
|
|-weather|SunnyDay|[upkeep]
|upkeep
|turn|2
|inactive|mjs_12 has 30 seconds left.
|
|t:|1756558373
|-terastallize|p2b: Kommo-o|Fire
|move|p1a: Jumpluff|Sleep Powder|p2b: Kommo-o
|-immune|p2b: Kommo-o|[from] ability: Overcoat
|-curestatus|p2a: Annihilape|slp|[msg]
|move|p2a: Annihilape|U-turn|p1b: Porygon2
|-damage|p1b: Porygon2|89/100
|
|t:|1756558380
|switch|p2a: Sinistcha|Sinistcha, L50|100/100|[from] U-turn
|-heal|p2b: Kommo-o|93/100|[from] ability: Hospitality|[of] p2a: Sinistcha
|move|p2b: Kommo-o|Clangorous Soul|p2b: Kommo-o
|-boost|p2b: Kommo-o|atk|1
|-boost|p2b: Kommo-o|def|1
|-boost|p2b: Kommo-o|spa|1
|-boost|p2b: Kommo-o|spd|1
|-boost|p2b: Kommo-o|spe|1
|-damage|p2b: Kommo-o|60/100
|move|p1b: Porygon2|Ice Beam|p2a: Sinistcha
|-supereffective|p2a: Sinistcha
|-damage|p2a: Sinistcha|7/100
|
|-weather|SunnyDay|[upkeep]
|upkeep
|turn|3
|inactive|milkandcereals has 30 seconds left.
|inactive|milkandcereals has 20 seconds left.
|inactive|milkandcereals has 15 seconds left.
|inactive|milkandcereals has 10 seconds left.
|
|t:|1756558426
|move|p1a: Jumpluff|Rage Powder|p1a: Jumpluff
|-singleturn|p1a: Jumpluff|move: Rage Powder
|move|p2a: Sinistcha|Rage Powder|p2a: Sinistcha
|-singleturn|p2a: Sinistcha|move: Rage Powder
|move|p2b: Kommo-o|Clanging Scales|p1b: Porygon2|[spread] p1a,p1b
|-damage|p1a: Jumpluff|14/100
|-damage|p1b: Porygon2|33/100
|-unboost|p2b: Kommo-o|def|1
|move|p1b: Porygon2|Trick Room|p1b: Porygon2
|-fieldstart|move: Trick Room|[of] p1b: Porygon2
|
|-weather|SunnyDay|[upkeep]
|upkeep
|turn|4
|inactive|milkandcereals has 30 seconds left.
|inactive|milkandcereals has 20 seconds left.
|inactive|milkandcereals has 15 seconds left.
|inactive|milkandcereals has 10 seconds left.
|inactive|milkandcereals has 5 seconds left.
|
|t:|1756558480
|move|p2a: Sinistcha|Rage Powder|p2a: Sinistcha
|-singleturn|p2a: Sinistcha|move: Rage Powder
|move|p1a: Jumpluff|Rage Powder|p1a: Jumpluff
|-singleturn|p1a: Jumpluff|move: Rage Powder
|move|p1b: Porygon2|Tera Blast|p2a: Sinistcha
|-immune|p2a: Sinistcha
|move|p2b: Kommo-o|Clanging Scales|p1b: Porygon2|[spread] p1a,p1b
|-damage|p1a: Jumpluff|0 fnt
|-damage|p1b: Porygon2|0 fnt
|faint|p1a: Jumpluff
|faint|p1b: Porygon2
|-unboost|p2b: Kommo-o|def|1
|
|-weather|SunnyDay|[upkeep]
|upkeep
|
|t:|1756558484
|switch|p1b: Torkoal|Torkoal, L50, M|100/100
|switch|p1a: Charizard|Charizard, L50, M|100/100
|turn|5
|inactive|milkandcereals has 30 seconds left.
|inactive|milkandcereals has 20 seconds left.
|
|t:|1756558524
|switch|p2a: Annihilape|Annihilape, L50, F|30/100
|move|p2b: Kommo-o|Protect|p2b: Kommo-o
|-singleturn|p2b: Kommo-o|Protect
|move|p1b: Torkoal|Eruption|p2b: Kommo-o|[spread] p2a
|-activate|p2b: Kommo-o|move: Protect
|-damage|p2a: Annihilape|0 fnt
|faint|p2a: Annihilape
|move|p1a: Charizard|Overheat|p2b: Kommo-o
|-activate|p2b: Kommo-o|move: Protect
|
|-weather|none
|upkeep
|
|t:|1756558537
|switch|p2a: Sinistcha|Sinistcha, L50|7/100
|-heal|p2b: Kommo-o|85/100|[from] ability: Hospitality|[of] p2a: Sinistcha
|turn|6
|
|t:|1756558559
|-terastallize|p1b: Torkoal|Fire
|move|p2a: Sinistcha|Rage Powder|p2a: Sinistcha
|-singleturn|p2a: Sinistcha|move: Rage Powder
|move|p1b: Torkoal|Eruption|p2b: Kommo-o|[spread] p2a,p2b
|-supereffective|p2a: Sinistcha
|-resisted|p2b: Kommo-o
|-damage|p2a: Sinistcha|0 fnt
|-damage|p2b: Kommo-o|69/100
|faint|p2a: Sinistcha
|move|p1a: Charizard|Overheat|p2b: Kommo-o
|-resisted|p2b: Kommo-o
|-damage|p2b: Kommo-o|47/100
|-unboost|p1a: Charizard|spa|2
|move|p2b: Kommo-o|Clanging Scales|p1b: Torkoal|[spread] p1a,p1b
|-damage|p1a: Charizard|0 fnt
|-damage|p1b: Torkoal|0 fnt
|faint|p1a: Charizard
|faint|p1b: Torkoal
|
|win|mjs_12
