|j|☆BardBard056
|j|☆lilrainteamwahoo
|html|BardBard056lilrainteamwahoo    
|uhtml|bestof|Game 1 of a best-of-3
|t:|1757002500
|gametype|doubles
|player|p1|BardBard056|170|1095
|player|p2|lilrainteamwahoo|baker|1159
|gen|9
|tier|[Gen 9] VGC 2025 Reg H (Bo3)
|rated|
|rule|Species Clause: Limit one of each Pokémon
|rule|Item Clause: Limit 1 of each item
|clearpoke
|poke|p1|Gholdengo, L50|
|poke|p1|Amoonguss, L50, M|
|poke|p1|Basculegion, L50, M|
|poke|p1|Pelipper, L50, M|
|poke|p1|Incineroar, L50, M|
|poke|p1|Archaludon, L50, F|
|poke|p2|Archaludon, L50, M|
|poke|p2|Pelipper, L50, F|
|poke|p2|Indeedee, L50, M|
|poke|p2|Amoonguss, L50, M|
|poke|p2|Basculegion, L50, M|
|poke|p2|Hydreigon, L50, F|
|teampreview|4
|showteam|p1|Gholdengo||LifeOrb|GoodasGold|MakeItRain,ShadowBall,NastyPlot,Protect||||||50|,,,,,Water]Amoonguss||SitrusBerry|Regenerator|Spore,RagePowder,PollenPuff,Protect|||M|||50|,,,,,Psychic]Basculegion||ChoiceBand|SwiftSwim|WaveCrash,FlipTurn,LastRespects,AquaJet|||M|||50|,,,,,Water]Pelipper||FocusSash|Drizzle|WeatherBall,Hurricane,Tailwind,Protect|||M|||50|,,,,,Ground]Incineroar||SafetyGoggles|Intimidate|FlareBlitz,KnockOff,PartingShot,FakeOut|||M|||50|,,,,,Ghost]Archaludon||AssaultVest|Stamina|ElectroShot,FlashCannon,DracoMeteor,BodyPress|||F|||50|,,,,,Bug
|showteam|p2|Archaludon||AssaultVest|Stamina|ElectroShot,DracoMeteor,BodyPress,FlashCannon|||M|||50|,,,,,Grass]Pelipper||FocusSash|Drizzle|WeatherBall,Hurricane,Tailwind,Protect|||F|||50|,,,,,Ghost]Indeedee||ChoiceScarf|PsychicSurge|ExpandingForce,TeraBlast,Trick,DazzlingGleam|||M|||50|,,,,,Ground]Amoonguss||SitrusBerry|Regenerator|Spore,SludgeBomb,Protect,RagePowder|||M|||50|,,,,,Water]Basculegion||ChoiceBand|SwiftSwim|FlipTurn,WaveCrash,LastRespects,AquaJet|||M|||50|,,,,,Poison]Hydreigon||CovertCloak|Levitate|Taunt,Snarl,DracoMeteor,EarthPower|||F|||50|,,,,,Fairy
|inactive|Battle timer is ON: inactive players will automatically lose when time's up. (requested by BardBard056)
|inactive|BardBard056 has 60 seconds left.
|
|t:|1757002557
|teamsize|p1|4
|teamsize|p2|4
|start
|switch|p1a: Amoonguss|Amoonguss, L50, M|100/100
|switch|p1b: Gholdengo|Gholdengo, L50|100/100
|switch|p2a: Piedragon|Hydreigon, L50, F|100/100
|switch|p2b: Empire|Basculegion, L50, M|100/100
|turn|1
|inactive|BardBard056 has 30 seconds left.
|inactive|lilrainteamwahoo has 30 seconds left.
|
|t:|1757002590
|move|p1b: Gholdengo|Protect|p1b: Gholdengo
|-singleturn|p1b: Gholdengo|Protect
|move|p2a: Piedragon|Taunt|p1a: Amoonguss
|-start|p1a: Amoonguss|move: Taunt
|move|p2b: Empire|Flip Turn|p1b: Gholdengo
|-activate|p1b: Gholdengo|move: Protect
|cant|p1a: Amoonguss|move: Taunt|Spore
|
|upkeep
|turn|2
|
|t:|1757002614
|switch|p2b: Schmooner|Amoonguss, L50, M|100/100
|-terastallize|p1b: Gholdengo|Water
|move|p2a: Piedragon|Snarl|p1a: Amoonguss|[spread] p1a,p1b
|-damage|p1a: Amoonguss|84/100
|-damage|p1b: Gholdengo|81/100
|-unboost|p1a: Amoonguss|spa|1
|-unboost|p1b: Gholdengo|spa|1
|move|p1b: Gholdengo|Make It Rain|p2b: Schmooner|[spread] p2a,p2b
|-damage|p2a: Piedragon|61/100
|-damage|p2b: Schmooner|67/100
|-unboost|p1b: Gholdengo|spa|1
|-damage|p1b: Gholdengo|72/100|[from] item: Life Orb
|move|p1a: Amoonguss|Pollen Puff|p1b: Gholdengo
|-heal|p1b: Gholdengo|100/100
|
|upkeep
|turn|3
|
|t:|1757002635
|move|p2a: Piedragon|Snarl|p1a: Amoonguss|[spread] p1a,p1b
|-damage|p1a: Amoonguss|66/100
|-damage|p1b: Gholdengo|79/100
|-unboost|p1a: Amoonguss|spa|1
|-unboost|p1b: Gholdengo|spa|1
|move|p1b: Gholdengo|Nasty Plot|p1b: Gholdengo
|-boost|p1b: Gholdengo|spa|2
|move|p1a: Amoonguss|Pollen Puff|p2a: Piedragon
|-supereffective|p2a: Piedragon
|-damage|p2a: Piedragon|42/100
|move|p2b: Schmooner|Sludge Bomb|p1b: Gholdengo
|-damage|p1b: Gholdengo|48/100
|-status|p1b: Gholdengo|psn
|
|-damage|p1b: Gholdengo|36/100 psn|[from] psn
|-end|p1a: Amoonguss|move: Taunt
|upkeep
|turn|4
|
|t:|1757002657
|move|p2a: Piedragon|Snarl|p1b: Gholdengo|[spread] p1a,p1b
|-damage|p1a: Amoonguss|48/100
|-damage|p1b: Gholdengo|16/100 psn
|-unboost|p1a: Amoonguss|spa|1
|-unboost|p1b: Gholdengo|spa|1
|-enditem|p1a: Amoonguss|Sitrus Berry|[eat]
|-heal|p1a: Amoonguss|73/100|[from] item: Sitrus Berry
|move|p1b: Gholdengo|Make It Rain|p2a: Piedragon|[spread] p2a,p2b
|-crit|p2b: Schmooner
|-damage|p2a: Piedragon|10/100
|-damage|p2b: Schmooner|0 fnt
|-unboost|p1b: Gholdengo|spa|1
|faint|p2b: Schmooner
|-damage|p1b: Gholdengo|6/100 psn|[from] item: Life Orb
|move|p1a: Amoonguss|Pollen Puff|p1b: Gholdengo
|-heal|p1b: Gholdengo|56/100 psn
|
|-damage|p1b: Gholdengo|44/100 psn|[from] psn
|upkeep
|
|t:|1757002677
|switch|p2b: Empire|Basculegion, L50, M|100/100
|turn|5
|
|t:|1757002689
|move|p1a: Amoonguss|Rage Powder|p1a: Amoonguss
|-singleturn|p1a: Amoonguss|move: Rage Powder
|move|p2a: Piedragon|Taunt|p1a: Amoonguss
|-start|p1a: Amoonguss|move: Taunt
|move|p1b: Gholdengo|Shadow Ball|p2b: Empire
|-supereffective|p2b: Empire
|-damage|p2b: Empire|52/100
|-damage|p1b: Gholdengo|34/100 psn|[from] item: Life Orb
|move|p2b: Empire|Last Respects|p1a: Amoonguss
|-damage|p1a: Amoonguss|15/100
|
|-damage|p1b: Gholdengo|22/100 psn|[from] psn
|upkeep
|turn|6
|
|t:|1757002706
|switch|p2b: Arching|Archaludon, L50, M|100/100
|switch|p1a: Archaludon|Archaludon, L50, F|100/100
|move|p2a: Piedragon|Snarl|p1a: Archaludon|[spread] p1a,p1b
|-damage|p1a: Archaludon|85/100
|-damage|p1b: Gholdengo|0 fnt
|-unboost|p1a: Archaludon|spa|1
|-ability|p1a: Archaludon|Stamina|boost
|-boost|p1a: Archaludon|def|1
|faint|p1b: Gholdengo
|
|upkeep
|inactive|BardBard056 has 30 seconds left.
|
|t:|1757002737
|switch|p1b: Amoonguss|Amoonguss, L50, M|49/100
|turn|7
|inactive|BardBard056 has 30 seconds left.
|inactive|BardBard056 has 20 seconds left.
|inactive|BardBard056 has 15 seconds left.
|inactive|BardBard056 has 10 seconds left.
|
|t:|1757002784
|-terastallize|p2b: Arching|Grass
|move|p1b: Amoonguss|Rage Powder|p1b: Amoonguss
|-singleturn|p1b: Amoonguss|move: Rage Powder
|move|p2a: Piedragon|Draco Meteor|p1b: Amoonguss
|-damage|p1b: Amoonguss|0 fnt
|-unboost|p2a: Piedragon|spa|2
|faint|p1b: Amoonguss
|move|p1a: Archaludon|Body Press|p2a: Piedragon
|-supereffective|p2a: Piedragon
|-damage|p2a: Piedragon|0 fnt
|faint|p2a: Piedragon
|move|p2b: Arching|Draco Meteor|p1a: Archaludon
|-damage|p1a: Archaludon|36/100
|-unboost|p2b: Arching|spa|2
|-ability|p1a: Archaludon|Stamina|boost
|-boost|p1a: Archaludon|def|1
|
|upkeep
|
|t:|1757002800
|switch|p2a: Empire|Basculegion, L50, M|52/100
|switch|p1b: Basculegion|Basculegion, L50, M|100/100
|turn|8
|
|t:|1757002814
|move|p2a: Empire|Last Respects|p1b: Basculegion
|-supereffective|p1b: Basculegion
|-damage|p1b: Basculegion|0 fnt
|faint|p1b: Basculegion
|move|p1a: Archaludon|Body Press|p2b: Arching
|-damage|p2b: Arching|64/100
|-ability|p2b: Arching|Stamina|boost
|-boost|p2b: Arching|def|1
|move|p2b: Arching|Draco Meteor|p1a: Archaludon
|-damage|p1a: Archaludon|11/100
|-unboost|p2b: Arching|spa|2
|-ability|p1a: Archaludon|Stamina|boost
|-boost|p1a: Archaludon|def|1
|
|upkeep
|turn|9
|-message|BardBard056 forfeited.
|
|win|lilrainteamwahoo
|l|☆BardBard056
|player|p1|
||BardBard056 is ready for game 2.
||lilrainteamwahoo is ready for game 2.
|uhtml|next|Next: Game 2 of 3
