|j|☆FunkleVGC
|j|☆Barozj1
|html|FunkleVGCBarozj1    
|uhtml|bestof|Game 1 of a best-of-3
|t:|1783001672
|gametype|doubles
|player|p1|FunkleVGC|fisherman-gen4|1219
|player|p2|Barozj1|1|1181
|gen|9
|tier|[Gen 9 Champions] VGC 2026 Reg M-B (Bo3)
|rated|
|rule|Species Clause: Limit one of each Pokémon
|rule|Item Clause: Limit 1 of each item
|clearpoke
|poke|p1|Froslass, L50, F, shiny|
|poke|p1|Scovillain, L50, F, shiny|
|poke|p1|Lycanroc-Dusk, L50, F, shiny|
|poke|p1|Kingambit, L50, M, shiny|
|poke|p1|Basculegion, L50, M, shiny|
|poke|p1|Sneasler, L50, F, shiny|
|poke|p2|Kingambit, L50, M, shiny|
|poke|p2|Sylveon, L50, F, shiny|
|poke|p2|Garchomp, L50, F, shiny|
|poke|p2|Aerodactyl, L50, M, shiny|
|poke|p2|Farigiraf, L50, F, shiny|
|poke|p2|Charizard, L50, F, shiny|
|teampreview|4
|showteam|p1|Froslass||Froslassite|CursedBody|Blizzard,ShadowBall,AuroraVeil,Protect|Modest||F|||50|]Scovillain||Scovillainite|Moody|Overheat,GigaDrain,RagePowder,Protect|Bold||F|||50|]Lycanroc-Dusk||FocusSash|ToughClaws|RockSlide,CloseCombat,Accelerock,Protect|Jolly||F|||50|]Kingambit||BlackGlasses|Defiant|KowtowCleave,SuckerPunch,SwordsDance,Protect|Adamant||M|||50|]Basculegion||SitrusBerry|Adaptability|WaveCrash,LastRespects,AquaJet,Protect|Adamant||M|||50|]Sneasler||WhiteHerb|Unburden|GunkShot,CloseCombat,FakeOut,Protect|Adamant||F|||50|
|showteam|p2|Kingambit||FocusSash|Defiant|IronHead,SuckerPunch,KowtowCleave,LowKick|Adamant||M|||50|]Sylveon||FairyFeather|Pixilate|Detect,HyperVoice,HyperBeam,QuickAttack|Modest||F|||50|]Garchomp||LifeOrb|RoughSkin|Protect,DragonClaw,Earthquake,StompingTantrum|Jolly||F|||50|]Aerodactyl||Aerodactylite|RockHead|IceFang,RockSlide,Tailwind,DualWingbeat|Jolly||M|||50|]Farigiraf||SitrusBerry|ArmorTail|TrickRoom,TwinBeam,Thunderbolt,Roar|Bold||F|||50|]Charizard||CharizarditeY|Blaze|Protect,HeatWave,SolarBeam,WeatherBall|Modest||F|||50|
|inactive|Battle timer is ON: inactive players will automatically lose when time's up. (requested by FunkleVGC)
|
|t:|1783001702
|teamsize|p1|4
|teamsize|p2|4
|start
|switch|p1a: Lycanroc|Lycanroc-Dusk, L50, F, shiny|100/100
|switch|p1b: Froslass|Froslass, L50, F, shiny|100/100
|switch|p2a: Aerodactyl|Aerodactyl, L50, M, shiny|100/100
|switch|p2b: Kingambit|Kingambit, L50, M, shiny|100/100
|turn|1
|
|t:|1783001720
|switch|p2a: Farigiraf|Farigiraf, L50, F, shiny|100/100
|detailschange|p1b: Froslass|Froslass-Mega, L50, F, shiny
|-mega|p1b: Froslass|Froslass|Froslassite
|-weather|Snowscape|[from] ability: Snow Warning|[of] p1b: Froslass
|move|p1a: Lycanroc|Close Combat|p2b: Kingambit
|-supereffective|p2b: Kingambit|2
|-enditem|p2b: Kingambit|Focus Sash
|-damage|p2b: Kingambit|1/100
|-unboost|p1a: Lycanroc|def|1
|-unboost|p1a: Lycanroc|spd|1
|move|p1b: Froslass|Blizzard|p2a: Farigiraf|[spread] p2a,p2b
|-resisted|p2b: Kingambit|1
|-damage|p2a: Farigiraf|53/100
|-damage|p2b: Kingambit|0 fnt
|faint|p2b: Kingambit
|
|-weather|Snowscape|[upkeep]
|upkeep
|
|t:|1783001733
|switch|p2b: Aerodactyl|Aerodactyl, L50, M, shiny|100/100
|turn|2
|
|t:|1783001745
|detailschange|p2b: Aerodactyl|Aerodactyl-Mega, L50, M, shiny
|-mega|p2b: Aerodactyl|Aerodactyl|Aerodactylite
|move|p2b: Aerodactyl|Rock Slide|p1b: Froslass|[spread] p1a,p1b
|-supereffective|p1b: Froslass|1
|-crit|p1b: Froslass
|-damage|p1a: Lycanroc|32/100
|-damage|p1b: Froslass|18/100
|move|p1a: Lycanroc|Rock Slide|p2a: Farigiraf|[spread] p2a,p2b
|-supereffective|p2b: Aerodactyl|1
|-damage|p2a: Farigiraf|32/100
|-damage|p2b: Aerodactyl|38/100
|-enditem|p2a: Farigiraf|Sitrus Berry|[eat]
|-heal|p2a: Farigiraf|57/100|[from] item: Sitrus Berry
|cant|p1b: Froslass|flinch
|cant|p2a: Farigiraf|flinch
|
|-weather|Snowscape|[upkeep]
|upkeep
|turn|3
|
|t:|1783001766
|switch|p1a: Basculegion|Basculegion, L50, M, shiny|100/100
|switch|p1b: Sneasler|Sneasler, L50, F, shiny|100/100
|move|p2b: Aerodactyl|Rock Slide|p1b: Sneasler|[spread] p1a,p1b
|-resisted|p1b: Sneasler|1
|-damage|p1a: Basculegion|76/100
|-damage|p1b: Sneasler|83/100
|move|p2a: Farigiraf|Trick Room|p2a: Farigiraf
|-fieldstart|move: Trick Room|[of] p2a: Farigiraf
|
|-weather|Snowscape|[upkeep]
|upkeep
|turn|4
|
|t:|1783001784
|switch|p1b: Lycanroc|Lycanroc-Dusk, L50, F, shiny|32/100
|move|p2a: Farigiraf|Twin Beam|p1b: Lycanroc
|-damage|p1b: Lycanroc|7/100
|-damage|p1b: Lycanroc|0 fnt
|faint|p1b: Lycanroc
|-hitcount|p1: Lycanroc|2
|move|p1a: Basculegion|Wave Crash|p2b: Aerodactyl
|-supereffective|p2b: Aerodactyl|1
|-damage|p2b: Aerodactyl|0 fnt
|faint|p2b: Aerodactyl
|-damage|p1a: Basculegion|66/100|[from] Recoil
|
|-weather|Snowscape|[upkeep]
|upkeep
|
|t:|1783001798
|switch|p1b: Sneasler|Sneasler, L50, F, shiny|83/100
|switch|p2b: Sylveon|Sylveon, L50, F, shiny|100/100
|turn|5
|
|t:|1783001807
|move|p2a: Farigiraf|Twin Beam|p1b: Sneasler
|-supereffective|p1b: Sneasler|2
|-damage|p1b: Sneasler|14/100
|-supereffective|p1b: Sneasler|2
|-damage|p1b: Sneasler|0 fnt
|faint|p1b: Sneasler
|-hitcount|p1: Sneasler|2
|move|p2b: Sylveon|Hyper Voice|p1a: Basculegion
|-damage|p1a: Basculegion|0 fnt
|faint|p1a: Basculegion
|
|-weather|none
|upkeep
|-message|FunkleVGC forfeited.
|
|win|Barozj1
