|j|☆riegeljr
|j|‽meow68764
|html|riegeljrmeow68764    
|uhtml|bestof|Game 1 of a best-of-3
|t:|1756970252
|gametype|doubles
|player|p1|riegeljr|infielder|1098
|player|p2|meow68764|1|1000
|gen|9
|tier|[Gen 9] VGC 2025 Reg H (Bo3)
|rated|
|rule|Species Clause: Limit one of each Pokémon
|rule|Item Clause: Limit 1 of each item
|clearpoke
|poke|p1|Primarina, L50, M|
|poke|p1|Volcarona, L50, M|
|poke|p1|Baxcalibur, L50, M|
|poke|p1|Incineroar, L50, F|
|poke|p1|Rillaboom, L50, M|
|poke|p1|Gholdengo, L50|
|poke|p2|Gastrodon, L50, F|
|poke|p2|Gholdengo, L50|
|poke|p2|Politoed, L50, F|
|poke|p2|Volcarona, L50, M|
|poke|p2|Rillaboom, L50, M|
|poke|p2|Hydreigon, L50, F|
|teampreview|4
|showteam|p1|Primarina||SitrusBerry|LiquidVoice|HyperVoice,Moonblast,Haze,Protect|||M|||50|,,,,,Poison]Volcarona||GrassySeed|FlameBody|HeatWave,GigaDrain,QuiverDance,Protect|||M|||50|,,,,,Grass]Baxcalibur||LoadedDice|ThermalExchange|IcicleSpear,IceShard,ScaleShot,Protect|||M|||50|,,,,,Dragon]Incineroar||SafetyGoggles|Intimidate|FakeOut,KnockOff,FlareBlitz,PartingShot|||F|||50|,,,,,Ghost]Rillaboom||AssaultVest|GrassySurge|FakeOut,GrassyGlide,WoodHammer,HighHorsepower|||M|||50|,,,,,Ground]Gholdengo||ChoiceSpecs|GoodasGold|MakeItRain,ShadowBall,PowerGem,Thunderbolt||||||50|,,,,,Steel
|showteam|p2|Gastrodon||Leftovers|StormDrain|IceBeam,MuddyWater,EarthPower,Protect|||F|||50|,,,,,Poison]Gholdengo||IronPlate|GoodasGold|NastyPlot,MakeItRain,ShadowBall,Protect||||||50|,,,,,Water]Politoed||DampRock|Drizzle|Surf,WeatherBall,Haze,Protect|||F|||50|,,,,,Grass]Volcarona||RockyHelmet|FlameBody|QuiverDance,HeatWave,BugBuzz,Protect|||M|||50|,,,,,Bug]Rillaboom||MiracleSeed|GrassySurge|FakeOut,GrassyGlide,WoodHammer,Protect|||M|||50|,,,,,Grass]Hydreigon||CovertCloak|Levitate|Surf,DracoMeteor,Snarl,Protect|||F|||50|,,,,,Steel
|inactive|Battle timer is ON: inactive players will automatically lose when time's up. (requested by riegeljr)
|inactive|riegeljr has 60 seconds left.
|inactive|meow68764 has 60 seconds left.
|inactive|riegeljr has 30 seconds left.
|
|t:|1756970317
|teamsize|p1|4
|teamsize|p2|4
|start
|switch|p1a: Rillaboom|Rillaboom, L50, M|100/100
|switch|p1b: Versingetrix|Baxcalibur, L50, M|100/100
|switch|p2a: Politoed|Politoed, L50, F|100/100
|switch|p2b: Rillaboom|Rillaboom, L50, M|100/100
|-fieldstart|move: Grassy Terrain|[from] ability: Grassy Surge|[of] p2b: Rillaboom
|-weather|RainDance|[from] ability: Drizzle|[of] p2a: Politoed
|turn|1
|inactive|riegeljr has 30 seconds left.
|inactive|meow68764 has 30 seconds left.
|inactive|riegeljr has 20 seconds left.
|
|t:|1756970353
|move|p1b: Versingetrix|Protect|p1b: Versingetrix
|-singleturn|p1b: Versingetrix|Protect
|move|p2a: Politoed|Protect|p2a: Politoed
|-singleturn|p2a: Politoed|Protect
|move|p2b: Rillaboom|Fake Out|p1b: Versingetrix
|-activate|p1b: Versingetrix|move: Protect
|move|p1a: Rillaboom|Wood Hammer|p2a: Politoed
|-activate|p2a: Politoed|move: Protect
|
|-weather|RainDance|[upkeep]
|upkeep
|turn|2
|inactive|riegeljr has 30 seconds left.
|inactive|riegeljr has 20 seconds left.
|inactive|riegeljr has 15 seconds left.
|
|t:|1756970398
|switch|p2b: Gastrodon|Gastrodon, L50, F|100/100
|switch|p1a: I owe Nikita|Gholdengo, L50|100/100
|switch|p2a: Gholdengo|Gholdengo, L50|100/100
|move|p1b: Versingetrix|Scale Shot|p2a: Gholdengo|[miss]
|-miss|p1b: Versingetrix|p2a: Gholdengo
|
|-weather|RainDance|[upkeep]
|upkeep
|turn|3
|inactive|riegeljr has 30 seconds left.
|inactive|meow68764 has 30 seconds left.
|inactive|riegeljr has 20 seconds left.
|inactive|meow68764 has 20 seconds left.
|inactive|riegeljr has 15 seconds left.
|inactive|meow68764 has 15 seconds left.
|inactive|riegeljr has 10 seconds left.
|inactive|meow68764 has 10 seconds left.
|
|t:|1756970447
|-terastallize|p2a: Gholdengo|Water
|move|p2a: Gholdengo|Nasty Plot|p2a: Gholdengo
|-boost|p2a: Gholdengo|spa|2
|move|p1a: I owe Nikita|Shadow Ball|p2b: Gastrodon
|-damage|p2b: Gastrodon|52/100
|-unboost|p2b: Gastrodon|spd|1
|move|p1b: Versingetrix|Scale Shot|p2b: Gastrodon
|-damage|p2b: Gastrodon|39/100
|-damage|p2b: Gastrodon|25/100
|-damage|p2b: Gastrodon|12/100
|-damage|p2b: Gastrodon|0 fnt
|faint|p2b: Gastrodon
|-hitcount|p2: Gastrodon|4
|-unboost|p1b: Versingetrix|def|1
|-boost|p1b: Versingetrix|spe|1
|
|-weather|RainDance|[upkeep]
|upkeep
|
|t:|1756970470
|switch|p2b: Rillaboom|Rillaboom, L50, M|100/100
|turn|4
|
|t:|1756970490
|switch|p1a: Rillaboom|Rillaboom, L50, M|100/100
|move|p1b: Versingetrix|Protect|p1b: Versingetrix
|-singleturn|p1b: Versingetrix|Protect
|move|p2b: Rillaboom|Fake Out|p1b: Versingetrix
|-activate|p1b: Versingetrix|move: Protect
|move|p2a: Gholdengo|Shadow Ball|p1a: Rillaboom
|-damage|p1a: Rillaboom|32/100
|
|-weather|RainDance|[upkeep]
|-heal|p1a: Rillaboom|39/100|[from] Grassy Terrain
|upkeep
|turn|5
|inactive|riegeljr has 30 seconds left.
|inactive|meow68764 has 30 seconds left.
|
|t:|1756970521
|move|p1a: Rillaboom|Fake Out|p2a: Gholdengo
|-damage|p2a: Gholdengo|85/100
|move|p2b: Rillaboom|Grassy Glide|p1a: Rillaboom
|-resisted|p1a: Rillaboom
|-damage|p1a: Rillaboom|20/100
|move|p1b: Versingetrix|Icicle Spear|p2b: Rillaboom
|-supereffective|p2b: Rillaboom
|-damage|p2b: Rillaboom|68/100
|-supereffective|p2b: Rillaboom
|-damage|p2b: Rillaboom|33/100
|-supereffective|p2b: Rillaboom
|-damage|p2b: Rillaboom|0 fnt
|faint|p2b: Rillaboom
|-hitcount|p2: Rillaboom|3
|cant|p2a: Gholdengo|flinch
|
|-weather|RainDance|[upkeep]
|-heal|p2a: Gholdengo|91/100|[from] Grassy Terrain
|-heal|p1a: Rillaboom|26/100|[from] Grassy Terrain
|-fieldend|move: Grassy Terrain
|upkeep
|
|t:|1756970526
|switch|p2b: Politoed|Politoed, L50, F|100/100
|turn|6
|inactive|riegeljr has 30 seconds left.
|inactive|riegeljr has 20 seconds left.
|inactive|riegeljr has 15 seconds left.
|inactive|riegeljr has 10 seconds left.
|
|t:|1756970573
|switch|p1a: I owe Nikita|Gholdengo, L50|100/100
|move|p1b: Versingetrix|Protect|p1b: Versingetrix
|-singleturn|p1b: Versingetrix|Protect
|move|p2a: Gholdengo|Make It Rain|p1a: I owe Nikita|[spread] p1a
|-activate|p1b: Versingetrix|move: Protect
|-resisted|p1a: I owe Nikita
|-damage|p1a: I owe Nikita|31/100
|-unboost|p2a: Gholdengo|spa|1
|move|p2b: Politoed|Weather Ball|p1b: Versingetrix
|-activate|p1b: Versingetrix|move: Protect
|
|-weather|RainDance|[upkeep]
|upkeep
|turn|7
|inactive|riegeljr has 30 seconds left.
|inactive|riegeljr has 20 seconds left.
|inactive|riegeljr has 15 seconds left.
|
|t:|1756970617
|-terastallize|p1b: Versingetrix|Dragon
|move|p1b: Versingetrix|Scale Shot|p2a: Gholdengo|[miss]
|-miss|p1b: Versingetrix|p2a: Gholdengo
|move|p2a: Gholdengo|Make It Rain|p1a: I owe Nikita|[spread] p1a,p1b
|-resisted|p1a: I owe Nikita
|-damage|p1a: I owe Nikita|0 fnt
|-damage|p1b: Versingetrix|29/100
|-unboost|p2a: Gholdengo|spa|1
|faint|p1a: I owe Nikita
|move|p2b: Politoed|Weather Ball|p1b: Versingetrix
|-resisted|p1b: Versingetrix
|-damage|p1b: Versingetrix|7/100
|
|-weather|RainDance|[upkeep]
|upkeep
|inactive|riegeljr has 30 seconds left.
|
|t:|1756970645
|switch|p1a: Rillaboom|Rillaboom, L50, M|26/100
|-fieldstart|move: Grassy Terrain|[from] ability: Grassy Surge|[of] p1a: Rillaboom
|turn|8
|-message|meow68764 forfeited.
|
|win|riegeljr
|l|‽meow68764
|player|p2|
||meow68764 is ready for game 2.
|inactive|riegeljr has 30 seconds to confirm battle start!
