|j|â˜†JayJayAG
|j|â˜†taka89
|html|JayJayAGtaka89    
|uhtml|bestof|Game 2 of a best-of-3
|t:|1756815083
|gametype|doubles
|player|p1|JayJayAG|paxton|1156
|player|p2|taka89|clerk-boss|1158
|gen|9
|tier|[Gen 9] VGC 2025 Reg H (Bo3)
|rated|
|rule|Species Clause: Limit one of each PokÃ©mon
|rule|Item Clause: Limit 1 of each item
|clearpoke
|poke|p1|Dragapult, L50, M|
|poke|p1|Arcanine-Hisui, L50, F|
|poke|p1|Rillaboom, L50, M|
|poke|p1|Primarina, L50, F|
|poke|p1|Electabuzz, L50, F|
|poke|p1|Sneasler, L50, F|
|poke|p2|Flamigo, L50, F|
|poke|p2|Porygon2, L50|
|poke|p2|Ursaluna, L50, F|
|poke|p2|Archaludon, L50, F|
|poke|p2|Tyranitar, L50, F|
|poke|p2|Incineroar, L50, M|
|teampreview|4
|showteam|p1|Dragapult||FocusSash|ClearBody|DragonDarts,WillOWisp,PhantomForce,Uturn|||M|||50|,,,,,Steel]Arcanine-Hisui||ClearAmulet|Intimidate|FlareBlitz,RockSlide,ExtremeSpeed,Protect|||F|||50|,,,,,Grass]Rillaboom||MiracleSeed|GrassySurge|FakeOut,HighHorsepower,WoodHammer,GrassyGlide|||M|||50|,,,,,Fire]Primarina||ThroatSpray|LiquidVoice|HyperVoice,Moonblast,Protect,Haze|||F|||50|,,,,,Poison]Electabuzz||Eviolite|Static|FollowMe,Electroweb,Taunt,VoltSwitch|||F|||50|,,,,,Grass]Sneasler||WhiteHerb|Unburden|CloseCombat,FakeOut,ThroatChop,DireClaw|||F|||50|,,,,,Dark
|showteam|p2|Flamigo||ChoiceScarf|Scrappy|BraveBird,DualWingbeat,CloseCombat,Uturn|||F|||50|,,,,,Grass]Porygon2||Eviolite|Download|Thunderbolt,TeraBlast,TrickRoom,Protect||||||50|,,,,,Flying]Ursaluna||FlameOrb|Guts|Facade,Earthquake,HeadlongRush,Protect|||F|||50|,,,,,Ghost]Archaludon||AssaultVest|Stamina|ElectroShot,DarkPulse,BodyPress,DracoMeteor|||F|||50|,,,,,Grass]Tyranitar||FocusSash|SandStream|RockSlide,LowKick,KnockOff,Protect|||F|||50|,,,,,Flying]Incineroar||PasshoBerry|Intimidate|KnockOff,FlareBlitz,FakeOut,PartingShot|||M|||50|,,,,,Ghost
|inactive|Battle timer is ON: inactive players will automatically lose when time's up. (requested by taka89)
|inactive|taka89 has 60 seconds left.
|
|t:|1756815130
|teamsize|p1|4
|teamsize|p2|4
|start
|switch|p1a: Mountaineer|Sneasler, L50, F, shiny|100/100
|switch|p1b: Majesty|Arcanine-Hisui, L50, F, shiny|100/100
|switch|p2a: Winglade|Flamigo, L50, F|100/100
|switch|p2b: swatchling|Porygon2, L50|100/100
|-ability|p1b: Majesty|Intimidate|boost
|-fail|p2a: Winglade|unboost|Attack|[from] ability: Scrappy|[of] p2a: Winglade
|-unboost|p2b: swatchling|atk|1
|-ability|p2b: swatchling|Download|boost
|-boost|p2b: swatchling|atk|1
|turn|1
|inactive|JayJayAG has 30 seconds left.
|inactive|JayJayAG has 20 seconds left.
|inactive|JayJayAG has 15 seconds left.
|
|t:|1756815171
|move|p2b: swatchling|Protect|p2b: swatchling
|-singleturn|p2b: swatchling|Protect
|move|p2a: Winglade|Brave Bird|p1a: Mountaineer
|-supereffective|p1a: Mountaineer
|-damage|p1a: Mountaineer|0 fnt
|faint|p1a: Mountaineer
|-damage|p2a: Winglade|68/100|[from] Recoil
|move|p1b: Majesty|Flare Blitz|p2a: Winglade
|-damage|p2a: Winglade|0 fnt
|faint|p2a: Winglade
|-damage|p1b: Majesty|80/100|[from] Recoil
|
|upkeep
|
|t:|1756815190
|switch|p1a: Williams|Primarina, L50, F, shiny|100/100
|switch|p2a: Jackenstein|Incineroar, L50, M, shiny|100/100
|-ability|p2a: Jackenstein|Intimidate|boost
|-unboost|p1a: Williams|atk|1
|-fail|p1b: Majesty|unboost|[from] item: Clear Amulet|[of] p1b: Majesty
|turn|2
|inactive|taka89 has 30 seconds left.
|c|â˜†JayJayAG|Oh all your nicknames are from deltarune
|c|â˜†JayJayAG|sick
|inactive|taka89 has 20 seconds left.
|
|t:|1756815226
|move|p2a: Jackenstein|Fake Out|p1b: Majesty
|-resisted|p1b: Majesty
|-damage|p1b: Majesty|73/100
|cant|p1b: Majesty|flinch
|move|p1a: Williams|Hyper Voice|p2b: swatchling|[spread] p2a,p2b
|-supereffective|p2a: Jackenstein
|-enditem|p2a: Jackenstein|Passho Berry|[eat]
|-enditem|p2a: Jackenstein|Passho Berry|[weaken]
|-damage|p2a: Jackenstein|69/100
|-damage|p2b: swatchling|82/100
|-enditem|p1a: Williams|Throat Spray
|-boost|p1a: Williams|spa|1|[from] item: Throat Spray
|move|p2b: swatchling|Trick Room|p2b: swatchling
|-fieldstart|move: Trick Room|[of] p2b: swatchling
|
|upkeep
|turn|3
|inactive|JayJayAG has 30 seconds left.
|
|t:|1756815261
|move|p2b: swatchling|Thunderbolt|p1a: Williams
|-supereffective|p1a: Williams
|-damage|p1a: Williams|63/100
|-status|p1a: Williams|par
|move|p1a: Williams|Hyper Voice|p2b: swatchling|[spread] p2a,p2b
|-supereffective|p2a: Jackenstein
|-damage|p2a: Jackenstein|0 fnt
|-damage|p2b: swatchling|50/100
|faint|p2a: Jackenstein
|move|p1b: Majesty|Rock Slide|p2b: swatchling
|-damage|p2b: swatchling|29/100
|
|upkeep
|
|t:|1756815273
|switch|p2a: Balthizard|Ursaluna, L50, F, shiny|100/100
|turn|4
|inactive|taka89 has 30 seconds left.
|
|t:|1756815300
|switch|p1b: Phillips|Rillaboom, L50, M, shiny|100/100
|-fieldstart|move: Grassy Terrain|[from] ability: Grassy Surge|[of] p1b: Phillips
|move|p2a: Balthizard|Protect|p2a: Balthizard
|-singleturn|p2a: Balthizard|Protect
|move|p1a: Williams|Hyper Voice|p2a: Balthizard|[spread] p2b
|-activate|p2a: Balthizard|move: Protect
|-damage|p2b: swatchling|0 fnt
|faint|p2b: swatchling
|
|-heal|p1a: Williams|69/100 par|[from] Grassy Terrain
|-status|p2a: Balthizard|brn|[from] item: Flame Orb
|upkeep
|turn|5
|
|t:|1756815320
|-terastallize|p2a: Balthizard|Ghost
|move|p1b: Phillips|Grassy Glide|p2a: Balthizard
|-damage|p2a: Balthizard|68/100 brn
|move|p1a: Williams|Hyper Voice|p2a: Balthizard
|-damage|p2a: Balthizard|0 fnt
|faint|p2a: Balthizard
|
|win|JayJayAG
|raw|JayJayAG's rating: 1156 → 1181(+25 for winning)
|raw|taka89's rating: 1158 → 1133(-25 for losing)
|c|â˜†JayJayAG|Ggs
