|j|☆Voltage Gaming101
|j|☆BasedRen
|html|Voltage Gaming101BasedRen    
|uhtml|bestof|Game 2 of a best-of-3
|t:|1757108999
|gametype|doubles
|player|p1|Voltage Gaming101|red|1111
|player|p2|BasedRen|169|1094
|gen|9
|tier|[Gen 9] VGC 2025 Reg H (Bo3)
|rated|
|rule|Species Clause: Limit one of each Pokémon
|rule|Item Clause: Limit 1 of each item
|clearpoke
|poke|p1|Tyranitar, L50, M|
|poke|p1|Houndstone, L50, M|
|poke|p1|Gholdengo, L50|
|poke|p1|Garchomp, L50, M|
|poke|p1|Incineroar, L50, F|
|poke|p1|Amoonguss, L50, M|
|poke|p2|Corviknight, L50, M|
|poke|p2|Sneasler, L50, M|
|poke|p2|Ceruledge, L50, F|
|poke|p2|Primarina, L50, F|
|poke|p2|Murkrow, L50, F|
|poke|p2|Zoroark-Hisui, L50, F|
|teampreview|4
|showteam|p1|Tyranitar||AssaultVest|SandStream|RockSlide,KnockOff,LowKick,TeraBlast|||M|||50|,,,,,Flying]Houndstone||SpellTag|SandRush|LastRespects,ShadowSneak,PlayRough,FireFang|||M|||50|,,,,,Ghost]Gholdengo||LifeOrb|GoodasGold|MakeItRain,ShadowBall,NastyPlot,Protect||||||50|,,,,,Water]Garchomp||LoadedDice|RoughSkin|ScaleShot,Earthquake,SwordsDance,Protect|||M|||50|,,,,,Fire]Incineroar||SafetyGoggles|Intimidate|FakeOut,KnockOff,FlareBlitz,PartingShot|||F|||50|,,,,,Water]Amoonguss||SitrusBerry|Regenerator|Spore,RagePowder,PollenPuff,Protect|||M|||50|,,,,,Water
|showteam|p2|Corviknight||SafetyGoggles|MirrorArmor|IronHead,BraveBird,Roost,Taunt|||M|||50|,,,,,Dragon]Sneasler||FocusSash|Unburden|Coaching,FakeOut,DireClaw,CloseCombat|||M|||50|,,,,,Poison]Ceruledge||AssaultVest|FlashFire|BitterBlade,SolarBlade,ShadowSneak,CloseCombat|||F|||50|,,,,,Grass]Primarina||ThroatSpray|LiquidVoice|Moonblast,HyperVoice,MistyTerrain,Protect|||F|||50|,,,,,Fairy]Murkrow||Eviolite|Prankster|Tailwind,FoulPlay,Haze,SunnyDay|||F|||50|,,,,,Ghost]Zoroark-Hisui||ChoiceSpecs|Illusion|BitterMalice,HyperVoice,HyperBeam,FocusBlast|||F|||50|,,,,,Normal
|inactive|Battle timer is ON: inactive players will automatically lose when time's up. (requested by BasedRen)
|inactive|Voltage Gaming101 has 60 seconds left.
|inactive|BasedRen has 60 seconds left.
|
|t:|1757109040
|teamsize|p1|4
|teamsize|p2|4
|start
|switch|p1a: Tyranitar|Tyranitar, L50, M, shiny|100/100
|switch|p1b: Incineroar|Incineroar, L50, F, shiny|100/100
|switch|p2a: Sneasler|Sneasler, L50, M|100/100
|switch|p2b: Corviknight|Corviknight, L50, M|100/100
|-weather|Sandstorm|[from] ability: Sand Stream|[of] p1a: Tyranitar
|-ability|p1b: Incineroar|Intimidate|boost
|-unboost|p2a: Sneasler|atk|1
|-ability|p2b: Corviknight|Mirror Armor
|-unboost|p1b: Incineroar|atk|1
|turn|1
|inactive|BasedRen has 30 seconds left.
|
|t:|1757109066
|switch|p2a: Murkrow|Murkrow, L50, F|100/100
|-terastallize|p1a: Tyranitar|Flying
|move|p1b: Incineroar|Fake Out|p2a: Murkrow
|-damage|p2a: Murkrow|90/100
|move|p2b: Corviknight|Iron Head|p1a: Tyranitar
|-damage|p1a: Tyranitar|78/100
|move|p1a: Tyranitar|Knock Off|p2b: Corviknight
|-damage|p2b: Corviknight|53/100
|-enditem|p2b: Corviknight|Safety Goggles|[from] move: Knock Off|[of] p1a: Tyranitar
|
|-weather|Sandstorm|[upkeep]
|-damage|p2a: Murkrow|84/100|[from] Sandstorm
|-damage|p1a: Tyranitar|72/100|[from] Sandstorm
|upkeep
|turn|2
|inactive|BasedRen has 30 seconds left.
|
|t:|1757109092
|move|p2a: Murkrow|Foul Play|p1a: Tyranitar
|-damage|p1a: Tyranitar|28/100
|move|p2b: Corviknight|Roost|p2b: Corviknight
|-heal|p2b: Corviknight|100/100
|-singleturn|p2b: Corviknight|move: Roost
|move|p1b: Incineroar|Knock Off|p2a: Murkrow
|-resisted|p2a: Murkrow
|-damage|p2a: Murkrow|68/100
|-enditem|p2a: Murkrow|Eviolite|[from] move: Knock Off|[of] p1b: Incineroar
|move|p1a: Tyranitar|Rock Slide|p2a: Murkrow|[spread] p2a,p2b
|-supereffective|p2a: Murkrow
|-resisted|p2b: Corviknight
|-damage|p2a: Murkrow|0 fnt
|-damage|p2b: Corviknight|86/100
|faint|p2a: Murkrow
|
|-weather|Sandstorm|[upkeep]
|-damage|p1a: Tyranitar|22/100|[from] Sandstorm
|upkeep
|
|t:|1757109106
|switch|p2a: Primarina|Primarina, L50, F|100/100
|turn|3
|
|t:|1757109121
|switch|p1a: Amoonguss|Amoonguss, L50, M, shiny|100/100
|move|p2b: Corviknight|Taunt|p1b: Incineroar
|-start|p1b: Incineroar|move: Taunt
|move|p2a: Primarina|Hyper Voice|p1a: Amoonguss|[spread] p1a,p1b
|-resisted|p1a: Amoonguss
|-supereffective|p1b: Incineroar
|-damage|p1a: Amoonguss|87/100
|-damage|p1b: Incineroar|54/100
|-enditem|p2a: Primarina|Throat Spray
|-boost|p2a: Primarina|spa|1|[from] item: Throat Spray
|cant|p1b: Incineroar|move: Taunt|Parting Shot
|
|-weather|Sandstorm|[upkeep]
|-damage|p2a: Primarina|95/100|[from] Sandstorm
|-damage|p1a: Amoonguss|81/100|[from] Sandstorm
|upkeep
|turn|4
|
|t:|1757109144
|-terastallize|p2b: Corviknight|Dragon
|move|p1a: Amoonguss|Protect|p1a: Amoonguss
|-singleturn|p1a: Amoonguss|Protect
|move|p2b: Corviknight|Brave Bird|p1b: Incineroar
|-damage|p1b: Incineroar|7/100
|-damage|p2b: Corviknight|71/100|[from] Recoil
|move|p2a: Primarina|Misty Terrain|p2a: Primarina
|-fieldstart|move: Misty Terrain
|move|p1b: Incineroar|Flare Blitz|p2b: Corviknight
|-resisted|p2b: Corviknight
|-damage|p2b: Corviknight|55/100
|-damage|p1b: Incineroar|2/100|[from] Recoil
|
|-weather|Sandstorm|[upkeep]
|-damage|p2a: Primarina|89/100|[from] Sandstorm
|-damage|p2b: Corviknight|49/100|[from] Sandstorm
|-damage|p1a: Amoonguss|75/100|[from] Sandstorm
|upkeep
|turn|5
|
|t:|1757109162
|move|p1a: Amoonguss|Rage Powder|p1a: Amoonguss
|-singleturn|p1a: Amoonguss|move: Rage Powder
|move|p2b: Corviknight|Roost|p2b: Corviknight
|-heal|p2b: Corviknight|99/100
|move|p2a: Primarina|Hyper Voice|p1b: Incineroar|[spread] p1a,p1b
|-resisted|p1a: Amoonguss
|-crit|p1a: Amoonguss
|-supereffective|p1b: Incineroar
|-damage|p1a: Amoonguss|48/100
|-damage|p1b: Incineroar|0 fnt
|-enditem|p1a: Amoonguss|Sitrus Berry|[eat]
|-heal|p1a: Amoonguss|73/100|[from] item: Sitrus Berry
|faint|p1b: Incineroar
|
|-weather|none
|upkeep
|
|t:|1757109166
|switch|p1b: Garchomp|Garchomp, L50, M, shiny|100/100
|turn|6
|
|t:|1757109183
|move|p1a: Amoonguss|Rage Powder|p1a: Amoonguss
|-singleturn|p1a: Amoonguss|move: Rage Powder
|move|p1b: Garchomp|Swords Dance|p1b: Garchomp
|-boost|p1b: Garchomp|atk|2
|move|p2a: Primarina|Moonblast|p1a: Amoonguss
|-resisted|p1a: Amoonguss
|-damage|p1a: Amoonguss|47/100
|-unboost|p1a: Amoonguss|spa|1
|move|p2b: Corviknight|Taunt|p1a: Amoonguss
|-start|p1a: Amoonguss|move: Taunt
|
|upkeep
|turn|7
|inactive|BasedRen has 30 seconds left.
|
|t:|1757109209
|switch|p1a: Tyranitar|Tyranitar, L50, M, shiny, tera:Flying|22/100
|-weather|Sandstorm|[from] ability: Sand Stream|[of] p1a: Tyranitar
|move|p1b: Garchomp|Earthquake|p2b: Corviknight|[spread] p2a,p2b
|-immune|p1a: Tyranitar
|-damage|p2a: Primarina|2/100
|-damage|p2b: Corviknight|21/100
|move|p2b: Corviknight|Brave Bird|p1b: Garchomp
|-damage|p1b: Garchomp|56/100
|-damage|p2b: Corviknight|8/100|[from] ability: Rough Skin|[of] p1b: Garchomp
|-damage|p2b: Corviknight|0 fnt|[from] Recoil
|faint|p2b: Corviknight
|move|p2a: Primarina|Moonblast|p1b: Garchomp
|-supereffective|p1b: Garchomp
|-damage|p1b: Garchomp|0 fnt
|faint|p1b: Garchomp
|
|-weather|Sandstorm|[upkeep]
|-damage|p2a: Primarina|0 fnt|[from] Sandstorm
|-damage|p1a: Tyranitar|16/100|[from] Sandstorm
|faint|p2a: Primarina
|upkeep
|
|t:|1757109225
|switch|p1b: Amoonguss|Amoonguss, L50, M, shiny|80/100
|switch|p2b: Sneasler|Sneasler, L50, M|100/100
|turn|8
|
|t:|1757109240
|move|p2b: Sneasler|Fake Out|p1a: Tyranitar
|-damage|p1a: Tyranitar|4/100
|move|p1b: Amoonguss|Rage Powder|p1b: Amoonguss
|-singleturn|p1b: Amoonguss|move: Rage Powder
|cant|p1a: Tyranitar|flinch
|
|-weather|Sandstorm|[upkeep]
|-damage|p2b: Sneasler|95/100|[from] Sandstorm
|-damage|p1a: Tyranitar|0 fnt|[from] Sandstorm
|-damage|p1b: Amoonguss|75/100|[from] Sandstorm
|faint|p1a: Tyranitar
|-fieldend|Misty Terrain
|upkeep
|turn|9
|
|t:|1757109251
|move|p2b: Sneasler|Dire Claw|p1b: Amoonguss
|-damage|p1b: Amoonguss|39/100
|move|p1b: Amoonguss|Spore|p2b: Sneasler
|-status|p2b: Sneasler|slp|[from] move: Spore
|
|-weather|Sandstorm|[upkeep]
|-damage|p2b: Sneasler|89/100 slp|[from] Sandstorm
|-damage|p1b: Amoonguss|33/100|[from] Sandstorm
|upkeep
|turn|10
|
|t:|1757109259
|cant|p2b: Sneasler|slp
|move|p1b: Amoonguss|Pollen Puff|p2b: Sneasler
|-resisted|p2b: Sneasler
|-damage|p2b: Sneasler|82/100 slp
|
|-weather|Sandstorm|[upkeep]
|-damage|p2b: Sneasler|77/100 slp|[from] Sandstorm
|-damage|p1b: Amoonguss|27/100|[from] Sandstorm
|upkeep
|turn|11
|
|t:|1757109265
|-curestatus|p2b: Sneasler|slp|[msg]
|move|p2b: Sneasler|Dire Claw|p1b: Amoonguss
|-damage|p1b: Amoonguss|0 fnt
|faint|p1b: Amoonguss
|
|win|BasedRen
|raw|Voltage Gaming101's rating: 1111 → 1085(-26 for losing)
|raw|BasedRen's rating: 1094 → 1121(+27 for winning)
