|j|☆kommo-o hater
|j|☆Jrjrjfjfjfjf
|html|kommo-o haterJrjrjfjfjfjf    
|uhtml|bestof|Game 1 of a best-of-3
|t:|1784387728
|gametype|doubles
|player|p1|kommo-o hater|ethan|1098
|player|p2|Jrjrjfjfjfjf|102|1040
|gen|9
|tier|[Gen 9 Champions] VGC 2026 Reg M-B (Bo3)
|rated|
|rule|Species Clause: Limit one of each Pokémon
|rule|Item Clause: Limit 1 of each item
|clearpoke
|poke|p1|Blaziken, L50, M|
|poke|p1|Incineroar, L50, M|
|poke|p1|Kingambit, L50, F|
|poke|p1|Annihilape, L50, F|
|poke|p1|Sneasler, L50, M|
|poke|p1|Gholdengo, L50|
|poke|p2|Rotom-Heat, L50|
|poke|p2|Ninetales-Alola, L50, M|
|poke|p2|Politoed, L50, M|
|poke|p2|Annihilape, L50, M|
|poke|p2|Scovillain, L50, M|
|poke|p2|Sableye, L50, M|
|teampreview|4
|showteam|p1|Blaziken||Blazikenite|SpeedBoost|CloseCombat,FlareBlitz,Protect,RockSlide|Adamant||M|||50|]Incineroar||SitrusBerry|Intimidate|WillOWisp,PartingShot,ThroatChop,FakeOut|Careful||M|||50|]Kingambit||BlackGlasses|Defiant|KowtowCleave,SuckerPunch,IronHead,Protect|Adamant||F|||50|]Annihilape|||Defiant|DrainPunch,Protect,BulkUp,RageFist|Adamant||F|||50|]Sneasler||WhiteHerb|Unburden|Acrobatics,FakeOut,CloseCombat,DireClaw|Adamant||M|||50|]Gholdengo||ChoiceScarf|GoodasGold|FlashCannon,ShadowBall,DazzlingGleam,Thunderbolt|Timid|||||50|
|showteam|p2|Rotom-Heat||FocusSash|Levitate|NastyPlot,Thunder,Overheat,VoltSwitch|Timid|||||50|]Ninetales-Alola||LightClay|SnowWarning|Blizzard,FreezeDry,AuroraVeil,DazzlingGleam|Modest||M|||50|]Politoed||MysticWater|Drizzle|Protect,Haze,WeatherBall,MuddyWater|Bold||M|||50|]Annihilape||ChoiceScarf|Defiant|ShadowClaw,PoisonJab,CloseCombat,BrickBreak|Adamant||M|||50|]Scovillain||Scovillainite|Moody|GigaDrain,RagePowder,Protect,BurningJealousy|Bold||M|||50|]Sableye||Leftovers|Prankster|Encore,LightScreen,Reflect,Snarl|Calm||M|||50|
|inactive|Battle timer is ON: inactive players will automatically lose when time's up. (requested by kommo-o hater)
|
|t:|1784387755
|teamsize|p1|4
|teamsize|p2|4
|start
|switch|p1a: Sneasler|Sneasler, L50, M|100/100
|switch|p1b: Incineroar|Incineroar, L50, M|100/100
|switch|p2a: Annihilape|Annihilape, L50, M|100/100
|switch|p2b: Sableye|Sableye, L50, M|100/100
|-ability|p1b: Incineroar|Intimidate|boost
|-unboost|p2a: Annihilape|atk|1
|-ability|p2a: Annihilape|Defiant|boost
|-boost|p2a: Annihilape|atk|2
|-unboost|p2b: Sableye|atk|1
|turn|1
|inactive|Jrjrjfjfjfjf has 30 seconds left.
|
|t:|1784387782
|move|p2b: Sableye|Reflect|p2b: Sableye
|-sidestart|p2: Jrjrjfjfjfjf|Reflect
|move|p2a: Annihilape|Close Combat|p1b: Incineroar
|-supereffective|p1b: Incineroar|1
|-damage|p1b: Incineroar|0 fnt
|-unboost|p2a: Annihilape|def|1
|-unboost|p2a: Annihilape|spd|1
|faint|p1b: Incineroar
|move|p1a: Sneasler|Dire Claw|p2b: Sableye
|-resisted|p2b: Sableye|1
|-damage|p2b: Sableye|84/100
|
|-heal|p2b: Sableye|89/100|[from] item: Leftovers
|upkeep
|
|t:|1784387786
|switch|p1b: Gholdengo|Gholdengo, L50|100/100
|turn|2
|
|t:|1784387805
|switch|p2a: Politoed|Politoed, L50, M|100/100
|-weather|RainDance|[from] ability: Drizzle|[of] p2a: Politoed
|move|p1b: Gholdengo|Shadow Ball|p2a: Politoed
|-damage|p2a: Politoed|50/100g
|move|p1a: Sneasler|Dire Claw|p2b: Sableye
|-resisted|p2b: Sableye|1
|-damage|p2b: Sableye|75/100
|move|p2b: Sableye|Snarl|p1a: Sneasler|[spread] p1a,p1b
|-resisted|p1a: Sneasler|1
|-supereffective|p1b: Gholdengo|1
|-damage|p1a: Sneasler|94/100
|-damage|p1b: Gholdengo|76/100
|-unboost|p1a: Sneasler|spa|1
|-unboost|p1b: Gholdengo|spa|1
|-enditem|p1a: Sneasler|White Herb
|-clearnegativeboost|p1a: Sneasler|[silent]
|
|-weather|RainDance|[upkeep]
|-heal|p2b: Sableye|81/100|[from] item: Leftovers
|upkeep
|turn|3
|
|t:|1784387826
|switch|p1b: Kingambit|Kingambit, L50, F|100/100
|move|p2a: Politoed|Protect|p2a: Politoed
|-singleturn|p2a: Politoed|Protect
|move|p1a: Sneasler|Close Combat|p2a: Politoed
|-activate|p2a: Politoed|move: Protect
|move|p2b: Sableye|Snarl|p1b: Kingambit|[spread] p1a,p1b
|-resisted|p1a: Sneasler|1
|-resisted|p1b: Kingambit|1
|-damage|p1a: Sneasler|89/100
|-damage|p1b: Kingambit|94/100
|-unboost|p1a: Sneasler|spa|1
|-unboost|p1b: Kingambit|spa|1
|-ability|p1b: Kingambit|Defiant|boost
|-boost|p1b: Kingambit|atk|2
|
|-weather|RainDance|[upkeep]
|-heal|p2b: Sableye|87/100|[from] item: Leftovers
|upkeep
|turn|4
|inactive|Jrjrjfjfjfjf has 30 seconds left.
|
|t:|1784387861
|switch|p2b: Annihilape|Annihilape, L50, M|100/100
|move|p1a: Sneasler|Close Combat|p2a: Politoed
|-damage|p2a: Politoed|13/100
|-unboost|p1a: Sneasler|def|1
|-unboost|p1a: Sneasler|spd|1
|move|p2a: Politoed|Haze|p2a: Politoed
|-clearallboost
|move|p1b: Kingambit|Kowtow Cleave|p2b: Annihilape
|-damage|p2b: Annihilape|50/100g
|
|-weather|RainDance|[upkeep]
|upkeep
|turn|5
|
|t:|1784387879
|move|p1b: Kingambit|Sucker Punch|p2a: Politoed
|-damage|p2a: Politoed|0 fnt
|faint|p2a: Politoed
|move|p1a: Sneasler|Acrobatics|p2b: Annihilape
|-supereffective|p2b: Annihilape|1
|-damage|p2b: Annihilape|1/100
|move|p2b: Annihilape|Close Combat|p1b: Kingambit
|-supereffective|p1b: Kingambit|2
|-crit|p1b: Kingambit
|-damage|p1b: Kingambit|0 fnt
|-unboost|p2b: Annihilape|def|1
|-unboost|p2b: Annihilape|spd|1
|faint|p1b: Kingambit
|
|-weather|RainDance|[upkeep]
|-sideend|p2: Jrjrjfjfjfjf|Reflect
|upkeep
|
|t:|1784387895
|switch|p2a: Sableye|Sableye, L50, M|87/100
|switch|p1b: Gholdengo|Gholdengo, L50|76/100
|turn|6
|
|t:|1784387907
|move|p2a: Sableye|Light Screen|p2a: Sableye
|-sidestart|p2: Jrjrjfjfjfjf|move: Light Screen
|move|p1a: Sneasler|Acrobatics|p2a: Sableye
|-damage|p2a: Sableye|43/100
|move|p1b: Gholdengo|Dazzling Gleam|p2a: Sableye|[spread] p2a,p2b
|-supereffective|p2a: Sableye|1
|-supereffective|p2b: Annihilape|1
|-damage|p2a: Sableye|10/100
|-damage|p2b: Annihilape|0 fnt
|faint|p2b: Annihilape
|
|-weather|none
|-heal|p2a: Sableye|15/100|[from] item: Leftovers
|upkeep
|
|t:|1784387919
|switch|p2b: Scovillain|Scovillain, L50, M|100/100
|turn|7
|inactive|Jrjrjfjfjfjf has 30 seconds left.
|
|t:|1784387947
|detailschange|p2b: Scovillain|Scovillain-Mega, L50, M
|-mega|p2b: Scovillain|Scovillain|Scovillainite
|move|p2a: Sableye|Reflect|p2a: Sableye
|-sidestart|p2: Jrjrjfjfjfjf|Reflect
|move|p1a: Sneasler|Dire Claw|p2b: Scovillain
|-supereffective|p2b: Scovillain|1
|-damage|p2b: Scovillain|45/100
|-status|p2b: Scovillain|slp
|-status|p1a: Sneasler|brn|[from] ability: Spicy Spray|[of] p2b: Scovillain
|move|p1b: Gholdengo|Dazzling Gleam|p2b: Scovillain|[spread] p2a,p2b
|-supereffective|p2a: Sableye|1
|-resisted|p2b: Scovillain|1
|-damage|p2a: Sableye|0 fnt
|-damage|p2b: Scovillain|38/100 slp
|-status|p1b: Gholdengo|brn|[from] ability: Spicy Spray|[of] p2b: Scovillain
|faint|p2a: Sableye
|cant|p2b: Scovillain|slp
|
|-damage|p1a: Sneasler|83/100 brn|[from] brn
|-damage|p1b: Gholdengo|70/100 brn|[from] brn
|upkeep
|turn|8
|
|t:|1784387967
|-curestatus|p2b: Scovillain|slp|[msg]
|move|p2b: Scovillain|Protect|p2b: Scovillain
|-singleturn|p2b: Scovillain|Protect
|move|p1a: Sneasler|Dire Claw|p2b: Scovillain
|-activate|p2b: Scovillain|move: Protect
|move|p1b: Gholdengo|Dazzling Gleam|p2b: Scovillain
|-activate|p2b: Scovillain|move: Protect
|
|-damage|p1a: Sneasler|77/100 brn|[from] brn
|-damage|p1b: Gholdengo|64/100 brn|[from] brn
|upkeep
|turn|9
|
|t:|1784387983
|move|p1a: Sneasler|Dire Claw|p2b: Scovillain
|-supereffective|p2b: Scovillain|1
|-damage|p2b: Scovillain|13/100
|move|p1b: Gholdengo|Dazzling Gleam|p2b: Scovillain
|-resisted|p2b: Scovillain|1
|-damage|p2b: Scovillain|2/100
|move|p2b: Scovillain|Giga Drain|p1b: Gholdengo
|-resisted|p1b: Gholdengo|1
|-damage|p1b: Gholdengo|45/100 brn
|-heal|p2b: Scovillain|12/100|[from] drain|[of] p1b: Gholdengo
|
|-damage|p1a: Sneasler|71/100 brn|[from] brn
|-damage|p1b: Gholdengo|39/100 brn|[from] brn
|upkeep
|turn|10
|
|t:|1784387997
|move|p1a: Sneasler|Dire Claw|p2b: Scovillain
|-supereffective|p2b: Scovillain|1
|-damage|p2b: Scovillain|0 fnt
|faint|p2b: Scovillain
|
|win|kommo-o hater
