|j|‽Ebznax02
|j|☆Prepucio Santos
|html|Ebznax02Prepucio Santos    
|uhtml|bestof|Game 2 of a best-of-3
|t:|1784652430
|gametype|doubles
|player|p1|Ebznax02|1|1251
|player|p2|Prepucio Santos|striker|1342
|gen|9
|tier|[Gen 9 Champions] VGC 2026 Reg M-B (Bo3)
|rated|
|rule|Species Clause: Limit one of each Pokémon
|rule|Item Clause: Limit 1 of each item
|clearpoke
|poke|p1|Froslass, L50, F|
|poke|p1|Sneasler, L50, M|
|poke|p1|Ceruledge, L50, F|
|poke|p1|Aerodactyl, L50, F|
|poke|p1|Kommo-o, L50, M|
|poke|p1|Kingambit, L50, F|
|poke|p2|Tyranitar, L50, M|
|poke|p2|Excadrill, L50, M|
|poke|p2|Gholdengo, L50|
|poke|p2|Sinistcha, L50|
|poke|p2|Staraptor, L50, M|
|poke|p2|Milotic, L50, F|
|teampreview|4
|showteam|p1|Froslass||Froslassite|SnowCloak|Protect,AuroraVeil,Blizzard,ShadowBall|Timid||F|||50|]Sneasler||WhiteHerb|Unburden|QuickGuard,FakeOut,DireClaw,CloseCombat|Adamant||M|||50|]Ceruledge||LifeOrb|FlashFire|Protect,BulkUp,BitterBlade,ShadowSneak|Adamant||F|||50|]Aerodactyl||FocusSash|Unnerve|RockSlide,Tailwind,Protect,WideGuard|Jolly||F|||50|]Kommo-o||DragonFang|Soundproof|Protect,ClangingScales,ClangorousSoul,DrainPunch|Naive||M|||50|]Kingambit||BlackGlasses|Defiant|KowtowCleave,SuckerPunch,IronHead,Protect|Adamant||F|||50|
|showteam|p2|Tyranitar||Tyranitarite|SandStream|RockSlide,KnockOff,LowKick,Protect|Adamant||M|||50|]Excadrill||FocusSash|SandRush|IronHead,HighHorsepower,RockSlide,Protect|Adamant||M|||50|]Gholdengo||LifeOrb|GoodasGold|ShadowBall,MakeItRain,NastyPlot,Protect|Modest|||||50|]Sinistcha||ColburBerry|Hospitality|MatchaGotcha,RagePowder,TrickRoom,Protect|Bold|||||50|]Staraptor||Staraptite|Intimidate|BraveBird,CloseCombat,Tailwind,Protect|Jolly||M|||50|]Milotic||Leftovers|Competitive|MuddyWater,Hypnosis,Coil,Recover|Calm||F|||50|
|inactive|Battle timer is ON: inactive players will automatically lose when time's up. (requested by Ebznax02)
|inactive|Ebznax02 has 60 seconds left.
|inactive|Prepucio Santos has 60 seconds left.
|
|t:|1784652481
|teamsize|p1|4
|teamsize|p2|4
|start
|switch|p1a: Aerodactyl|Aerodactyl, L50, F|100/100
|switch|p1b: Kommo-o|Kommo-o, L50, M|100/100
|switch|p2a: Staraptor|Staraptor, L50, M|100/100
|switch|p2b: Gholdengo|Gholdengo, L50|100/100
|-ability|p1a: Aerodactyl|Unnerve
|-ability|p2a: Staraptor|Intimidate|boost
|-unboost|p1a: Aerodactyl|atk|1
|-unboost|p1b: Kommo-o|atk|1
|turn|1
|inactive|Ebznax02 has 30 seconds left.
|inactive|Prepucio Santos has 30 seconds left.
|inactive|Ebznax02 has 20 seconds left.
|inactive|Ebznax02 has 15 seconds left.
|
|t:|1784652527
|detailschange|p2a: Staraptor|Staraptor-Mega, L50, M
|-mega|p2a: Staraptor|Staraptor|Staraptite
|move|p1b: Kommo-o|Protect|p1b: Kommo-o
|-singleturn|p1b: Kommo-o|Protect
|move|p1a: Aerodactyl|Rock Slide|p2a: Staraptor|[spread] p2a,p2b
|-resisted|p2b: Gholdengo|1
|-damage|p2a: Staraptor|83/100
|-damage|p2b: Gholdengo|91/100
|cant|p2a: Staraptor|flinch
|move|p2b: Gholdengo|Nasty Plot|p2b: Gholdengo
|-boost|p2b: Gholdengo|spa|2
|
|upkeep
|turn|2
|inactive|Prepucio Santos has 30 seconds left.
|inactive|Ebznax02 has 30 seconds left.
|
|t:|1784652560
|move|p1b: Kommo-o|Protect||[still]
|-fail|p1b: Kommo-o
|move|p1a: Aerodactyl|Tailwind|p1a: Aerodactyl
|-sidestart|p1: Ebznax02|move: Tailwind
|move|p2a: Staraptor|Tailwind|p2a: Staraptor
|-sidestart|p2: Prepucio Santos|move: Tailwind
|move|p2b: Gholdengo|Shadow Ball|p1b: Kommo-o
|-damage|p1b: Kommo-o|0 fnt
|faint|p1b: Kommo-o
|-damage|p2b: Gholdengo|81/100|[from] item: Life Orb
|
|upkeep
|
|t:|1784652569
|switch|p1b: Froslass|Froslass, L50, F|100/100
|turn|3
|inactive|Prepucio Santos has 30 seconds left.
|inactive|Prepucio Santos has 20 seconds left.
|
|t:|1784652606
|detailschange|p1b: Froslass|Froslass-Mega, L50, F
|-mega|p1b: Froslass|Froslass|Froslassite
|-weather|Snowscape|[from] ability: Snow Warning|[of] p1b: Froslass
|move|p2b: Gholdengo|Protect|p2b: Gholdengo
|-singleturn|p2b: Gholdengo|Protect
|move|p1a: Aerodactyl|Rock Slide|p2a: Staraptor|[spread] p2a
|-activate|p2b: Gholdengo|move: Protect
|-damage|p2a: Staraptor|67/100
|move|p1b: Froslass|Shadow Ball|p2b: Gholdengo
|-activate|p2b: Gholdengo|move: Protect
|move|p2a: Staraptor|Close Combat|p1a: Aerodactyl
|-damage|p1a: Aerodactyl|8/100
|-boost|p2a: Staraptor|def|1
|-boost|p2a: Staraptor|spd|1
|
|-weather|Snowscape|[upkeep]
|upkeep
|turn|4
|
|t:|1784652629
|switch|p2b: Tyranitar|Tyranitar, L50, M|100/100
|-weather|Sandstorm|[from] ability: Sand Stream|[of] p2b: Tyranitar
|move|p1a: Aerodactyl|Protect|p1a: Aerodactyl
|-singleturn|p1a: Aerodactyl|Protect
|move|p1b: Froslass|Shadow Ball|p2b: Tyranitar
|-resisted|p2b: Tyranitar|1
|-damage|p2b: Tyranitar|86/100
|move|p2a: Staraptor|Close Combat|p1a: Aerodactyl
|-activate|p1a: Aerodactyl|move: Protect
|
|-weather|Sandstorm|[upkeep]
|-damage|p1b: Froslass|94/100|[from] Sandstorm
|-damage|p2a: Staraptor|61/100|[from] Sandstorm
|upkeep
|turn|5
|
|t:|1784652641
|switch|p1b: Sneasler|Sneasler, L50, M|100/100
|move|p1a: Aerodactyl|Rock Slide|p2a: Staraptor|[spread] p2a
|-miss|p1a: Aerodactyl|p2b: Tyranitar
|-damage|p2a: Staraptor|49/100
|move|p2a: Staraptor|Close Combat|p1a: Aerodactyl
|-damage|p1a: Aerodactyl|0 fnt
|-boost|p2a: Staraptor|def|1
|-boost|p2a: Staraptor|spd|1
|faint|p1a: Aerodactyl
|move|p2b: Tyranitar|Rock Slide|p1b: Sneasler
|-resisted|p1b: Sneasler|1
|-damage|p1b: Sneasler|64/100
|
|-weather|Sandstorm|[upkeep]
|-damage|p2a: Staraptor|43/100|[from] Sandstorm
|-damage|p1b: Sneasler|59/100|[from] Sandstorm
|-sideend|p2: Prepucio Santos|move: Tailwind
|-sideend|p1: Ebznax02|move: Tailwind
|upkeep
|
|t:|1784652650
|switch|p1a: Froslass|Froslass-Mega, L50, F|94/100
|-weather|Snowscape|[from] ability: Snow Warning|[of] p1a: Froslass
|turn|6
|
|t:|1784652671
|switch|p2b: Gholdengo|Gholdengo, L50|81/100
|move|p2a: Staraptor|Protect|p2a: Staraptor
|-singleturn|p2a: Staraptor|Protect
|move|p1b: Sneasler|Fake Out|p2a: Staraptor
|-activate|p2a: Staraptor|move: Protect
|move|p1a: Froslass|Shadow Ball|p2b: Gholdengo
|-supereffective|p2b: Gholdengo|1
|-damage|p2b: Gholdengo|0 fnt
|faint|p2b: Gholdengo
|
|-weather|Snowscape|[upkeep]
|upkeep
|
|t:|1784652688
|switch|p2b: Excadrill|Excadrill, L50, M|100/100
|turn|7
|
|t:|1784652704
|switch|p2a: Tyranitar|Tyranitar, L50, M|86/100
|-weather|Sandstorm|[from] ability: Sand Stream|[of] p2a: Tyranitar
|move|p2b: Excadrill|High Horsepower|p1b: Sneasler
|-supereffective|p1b: Sneasler|1
|-damage|p1b: Sneasler|0 fnt
|faint|p1b: Sneasler
|move|p1a: Froslass|Blizzard|p2a: Tyranitar|[spread] p2a
|-miss|p1a: Froslass|p2b: Excadrill
|-damage|p2a: Tyranitar|62/100
|
|-weather|Sandstorm|[upkeep]
|-damage|p1a: Froslass|88/100|[from] Sandstorm
|upkeep
|turn|8
|-message|Ebznax02 forfeited.
|
|win|Prepucio Santos
