|j|☆Ossi1590
|j|☆yinobo
|html|Ossi1590yinobo    
|uhtml|bestof|Game 2 of a best-of-3
|t:|1783435631
|gametype|doubles
|player|p1|Ossi1590|colress|1339
|player|p2|yinobo|lucas|1315
|gen|9
|tier|[Gen 9 Champions] VGC 2026 Reg M-B (Bo3)
|rated|
|rule|Species Clause: Limit one of each Pokémon
|rule|Item Clause: Limit 1 of each item
|clearpoke
|poke|p1|Raichu, L50, F|
|poke|p1|Mawile, L50, M|
|poke|p1|Sinistcha, L50|
|poke|p1|Ceruledge, L50, F|
|poke|p1|Milotic, L50, F|
|poke|p1|Incineroar, L50, M|
|poke|p2|Charizard, L50, M, shiny|
|poke|p2|Garchomp, L50, M, shiny|
|poke|p2|Sylveon, L50, M, shiny|
|poke|p2|Kingambit, L50, F, shiny|
|poke|p2|Farigiraf, L50, M, shiny|
|poke|p2|Aerodactyl, L50, M|
|teampreview|4
|showteam|p1|Raichu||RaichuniteY|LightningRod|ZapCannon,FocusBlast,FakeOut,Protect|Timid||F|||50|]Mawile||Mawilite|HyperCutter|PlayRough,SuckerPunch,SwordsDance,Protect|Adamant||M|||50|]Sinistcha||KasibBerry|Hospitality|MatchaGotcha,LifeDew,RagePowder,Protect|Relaxed|||||50|]Ceruledge||ColburBerry|FlashFire|BitterBlade,ShadowSneak,BulkUp,Protect|Adamant||F|||50|]Milotic||Leftovers|Competitive|MuddyWater,Coil,Hypnosis,Protect|Calm||F|||50|]Incineroar||SitrusBerry|Intimidate|FlareBlitz,ThroatChop,FakeOut,PartingShot|Impish||M|||50|
|showteam|p2|Charizard||CharizarditeY|SolarPower|Protect,HeatWave,SolarBeam,WeatherBall|Modest||M|||50|]Garchomp||LifeOrb|RoughSkin|Protect,DragonClaw,Earthquake,RockSlide|Jolly||M|||50|]Sylveon||FairyFeather|Pixilate|Detect,HyperVoice,HyperBeam,QuickAttack|Modest||M|||50|]Kingambit||FocusSash|Defiant|KowtowCleave,SuckerPunch,IronHead,LowKick|Adamant||F|||50|]Farigiraf||SitrusBerry|ArmorTail|Psychic,Thunderbolt,TrickRoom,Protect|Bold||M|||50|]Aerodactyl||Aerodactylite|Unnerve|IceFang,RockSlide,DualWingbeat,Tailwind|Jolly||M|||50|
|inactive|Battle timer is ON: inactive players will automatically lose when time's up. (requested by yinobo)
|inactive|Ossi1590 has 60 seconds left.
|inactive|yinobo has 60 seconds left.
|inactive|Ossi1590 has 30 seconds left.
|inactive|yinobo has 30 seconds left.
|inactive|yinobo has 20 seconds left.
|inactive|yinobo has 15 seconds left.
|inactive|yinobo has 10 seconds left.
|inactive|yinobo has 5 seconds left.
|
|t:|1783435717
|teamsize|p1|4
|teamsize|p2|4
|start
|switch|p1a: Milotic|Milotic, L50, F|100/100
|switch|p1b: Incineroar|Incineroar, L50, M|100/100
|switch|p2a: AEROY|Aerodactyl, L50, M|100/100
|switch|p2b: Garchomp|Garchomp, L50, M, shiny|100/100
|-ability|p2a: AEROY|Unnerve
|-ability|p1b: Incineroar|Intimidate|boost
|-unboost|p2a: AEROY|atk|1
|-unboost|p2b: Garchomp|atk|1
|turn|1
|inactive|Ossi1590 has 30 seconds left.
|
|t:|1783435744
|switch|p1b: Sinistcha|Sinistcha, L50|100/100
|move|p2a: AEROY|Rock Slide|p1b: Sinistcha|[spread] p1a,p1b
|-damage|p1a: Milotic|87/100
|-damage|p1b: Sinistcha|85/100
|move|p2b: Garchomp|Earthquake|p1a: Milotic|[spread] p1a,p1b
|-immune|p2a: AEROY
|-resisted|p1b: Sinistcha|1
|-damage|p1a: Milotic|58/100
|-damage|p1b: Sinistcha|73/100
|-damage|p2b: Garchomp|90/100|[from] item: Life Orb
|move|p1a: Milotic|Coil|p1a: Milotic
|-boost|p1a: Milotic|atk|1
|-boost|p1a: Milotic|def|1
|-boost|p1a: Milotic|accuracy|1
|
|-heal|p1a: Milotic|64/100|[from] item: Leftovers
|upkeep
|turn|2
|inactive|yinobo has 30 seconds left.
|inactive|yinobo has 20 seconds left.
|
|t:|1783435780
|move|p2a: AEROY|Dual Wingbeat|p1b: Sinistcha
|-supereffective|p1b: Sinistcha|1
|-damage|p1b: Sinistcha|55/100
|-supereffective|p1b: Sinistcha|1
|-damage|p1b: Sinistcha|34/100
|-hitcount|p1b: Sinistcha|2
|move|p2b: Garchomp|Dragon Claw|p1b: Sinistcha
|-damage|p1b: Sinistcha|2/100
|-damage|p2b: Garchomp|80/100|[from] item: Life Orb
|move|p1a: Milotic|Coil|p1a: Milotic
|-boost|p1a: Milotic|atk|1
|-boost|p1a: Milotic|def|1
|-boost|p1a: Milotic|accuracy|1
|move|p1b: Sinistcha|Life Dew|p1b: Sinistcha|[spread] p1a,p1b
|-heal|p1a: Milotic|90/100
|-heal|p1b: Sinistcha|27/100
|
|-heal|p1a: Milotic|96/100|[from] item: Leftovers
|upkeep
|turn|3
|
|t:|1783435801
|switch|p1b: Incineroar|Incineroar, L50, M|100/100
|-ability|p1b: Incineroar|Intimidate|boost
|-unboost|p2a: AEROY|atk|1
|-unboost|p2b: Garchomp|atk|1
|move|p2a: AEROY|Rock Slide|p1a: Milotic|[spread] p1a,p1b
|-supereffective|p1b: Incineroar|1
|-damage|p1a: Milotic|92/100
|-damage|p1b: Incineroar|82/100
|move|p2b: Garchomp|Earthquake|p1a: Milotic|[spread] p1a,p1b
|-immune|p2a: AEROY
|-supereffective|p1b: Incineroar|1
|-damage|p1a: Milotic|81/100
|-damage|p1b: Incineroar|46/100
|-damage|p2b: Garchomp|70/100|[from] item: Life Orb
|move|p1a: Milotic|Muddy Water|p2b: Garchomp|[spread] p2a,p2b
|-supereffective|p2a: AEROY|1
|-damage|p2a: AEROY|44/100
|-damage|p2b: Garchomp|44/100
|
|-heal|p1a: Milotic|87/100|[from] item: Leftovers
|upkeep
|turn|4
|inactive|Ossi1590 has 30 seconds left.
|
|t:|1783435830
|switch|p2b: Farigiraf|Farigiraf, L50, M, shiny|100/100
|move|p1b: Incineroar|Fake Out||[still]
|cant|p2b: Farigiraf|ability: Armor Tail|Fake Out|[of] p1b: Incineroar
|move|p2a: AEROY|Rock Slide|p1a: Milotic|[spread] p1a,p1b
|-supereffective|p1b: Incineroar|1
|-damage|p1a: Milotic|82/100
|-damage|p1b: Incineroar|27/100
|cant|p1a: Milotic|flinch
|
|-heal|p1a: Milotic|88/100|[from] item: Leftovers
|upkeep
|turn|5
|
|t:|1783435850
|switch|p1b: Sinistcha|Sinistcha, L50|27/100
|-heal|p1a: Milotic|100/100|[from] ability: Hospitality|[of] p1b: Sinistcha
|move|p2a: AEROY|Rock Slide|p1a: Milotic|[spread] p1a,p1b
|-damage|p1a: Milotic|95/100
|-damage|p1b: Sinistcha|17/100
|move|p1a: Milotic|Muddy Water|p2b: Farigiraf|[spread] p2a,p2b
|-supereffective|p2a: AEROY|1
|-damage|p2a: AEROY|0 fnt
|-damage|p2b: Farigiraf|79/100
|faint|p2a: AEROY
|move|p2b: Farigiraf|Thunderbolt|p1a: Milotic
|-supereffective|p1a: Milotic|1
|-damage|p1a: Milotic|66/100
|
|-heal|p1a: Milotic|72/100|[from] item: Leftovers
|upkeep
|
|t:|1783435870
|switch|p2a: Charizard|Charizard, L50, M, shiny|100/100
|turn|6
|
|t:|1783435883
|detailschange|p2a: Charizard|Charizard-Mega-Y, L50, M, shiny
|-mega|p2a: Charizard|Charizard|Charizardite Y
|-weather|SunnyDay|[from] ability: Drought|[of] p2a: Charizard
|move|p1b: Sinistcha|Protect|p1b: Sinistcha
|-singleturn|p1b: Sinistcha|Protect
|move|p2a: Charizard|Solar Beam||[still]
|-prepare|p2a: Charizard|Solar Beam
|-anim|p2a: Charizard|Solar Beam|p1a: Milotic
|-supereffective|p1a: Milotic|1
|-damage|p1a: Milotic|11/100
|move|p1a: Milotic|Hypnosis|p2a: Charizard
|-status|p2a: Charizard|slp|[from] move: Hypnosis
|move|p2b: Farigiraf|Psychic|p1b: Sinistcha
|-activate|p1b: Sinistcha|move: Protect
|
|-weather|SunnyDay|[upkeep]
|-heal|p1a: Milotic|17/100|[from] item: Leftovers
|upkeep
|turn|7
|
|t:|1783435908
|cant|p2a: Charizard|slp
|move|p1a: Milotic|Hypnosis|p2b: Farigiraf
|-status|p2b: Farigiraf|slp|[from] move: Hypnosis
|move|p1b: Sinistcha|Life Dew|p1b: Sinistcha|[spread] p1a,p1b
|-heal|p1a: Milotic|42/100
|-heal|p1b: Sinistcha|42/100
|cant|p2b: Farigiraf|slp
|
|-weather|SunnyDay|[upkeep]
|-heal|p1a: Milotic|48/100|[from] item: Leftovers
|upkeep
|turn|8
|
|t:|1783435926
|switch|p1b: Raichu|Raichu, L50, F|100/100
|move|p1a: Milotic|Protect|p1a: Milotic
|-singleturn|p1a: Milotic|Protect
|cant|p2a: Charizard|slp
|cant|p2b: Farigiraf|slp
|
|-weather|SunnyDay|[upkeep]
|-heal|p1a: Milotic|54/100|[from] item: Leftovers
|upkeep
|turn|9
|
|t:|1783435951
|switch|p2a: Garchomp|Garchomp, L50, M, shiny|44/100
|detailschange|p1b: Raichu|Raichu-Mega-Y, L50, F
|-mega|p1b: Raichu|Raichu|Raichunite Y
|move|p1b: Raichu|Zap Cannon|p2b: Farigiraf
|-damage|p2b: Farigiraf|24/100 slp
|-enditem|p2b: Farigiraf|Sitrus Berry|[eat]
|-heal|p2b: Farigiraf|49/100 slp|[from] item: Sitrus Berry
|move|p1a: Milotic|Muddy Water|p2a: Garchomp|[spread] p2a,p2b
|-damage|p2a: Garchomp|31/100
|-damage|p2b: Farigiraf|40/100 slp
|-unboost|p2b: Farigiraf|accuracy|1
|-curestatus|p2b: Farigiraf|slp|[msg]
|move|p2b: Farigiraf|Thunderbolt|p1a: Milotic|[miss]
|-miss|p2b: Farigiraf|p1a: Milotic
|
|-weather|SunnyDay|[upkeep]
|-heal|p1a: Milotic|60/100|[from] item: Leftovers
|upkeep
|turn|10
|inactive|yinobo has 30 seconds left.
|
|t:|1783435985
|move|p2b: Farigiraf|Protect|p2b: Farigiraf
|-singleturn|p2b: Farigiraf|Protect
|move|p1b: Raichu|Focus Blast|p2a: Garchomp
|-damage|p2a: Garchomp|0 fnt
|faint|p2a: Garchomp
|move|p1a: Milotic|Hypnosis|p2b: Farigiraf
|-activate|p2b: Farigiraf|move: Protect
|
|-weather|none
|-heal|p1a: Milotic|66/100|[from] item: Leftovers
|upkeep
|
|t:|1783436001
|switch|p2a: Charizard|Charizard-Mega-Y, L50, M, shiny|100/100 slp
|-weather|SunnyDay|[from] ability: Drought|[of] p2a: Charizard
|turn|11
|
|t:|1783436012
|move|p1b: Raichu|Zap Cannon|p2a: Charizard
|-supereffective|p2a: Charizard|1
|-damage|p2a: Charizard|0 fnt
|faint|p2a: Charizard
|move|p1a: Milotic|Hypnosis|p2b: Farigiraf
|-status|p2b: Farigiraf|slp|[from] move: Hypnosis
|cant|p2b: Farigiraf|slp
|
|-weather|SunnyDay|[upkeep]
|-heal|p1a: Milotic|72/100|[from] item: Leftovers
|upkeep
|turn|12
|-message|yinobo forfeited.
|
|win|Ossi1590
|raw|Ossi1590's rating: 1339 → 1358(+19 for winning)
|raw|yinobo's rating: 1315 → 1296(-19 for losing)
