|j|☆SHyperdestroyerVGC
|j|☆master 792
|html|SHyperdestroyerVGCmaster 792    
|uhtml|bestof|Game 2 of a best-of-3
|t:|1784482156
|gametype|doubles
|player|p1|SHyperdestroyerVGC|lady|1218
|player|p2|master 792|red|1331
|gen|9
|tier|[Gen 9 Champions] VGC 2026 Reg M-B (Bo3)
|rated|
|rule|Species Clause: Limit one of each Pokémon
|rule|Item Clause: Limit 1 of each item
|clearpoke
|poke|p1|Gengar, L50, F|
|poke|p1|Politoed, L50, F|
|poke|p1|Archaludon, L50, M|
|poke|p1|Grimmsnarl, L50, M|
|poke|p1|Sinistcha, L50|
|poke|p1|Sneasler, L50, M|
|poke|p2|Gengar, L50, M, shiny|
|poke|p2|Swampert, L50, M|
|poke|p2|Politoed, L50, M|
|poke|p2|Grimmsnarl, L50, M|
|poke|p2|Archaludon, L50, F|
|poke|p2|Incineroar, L50, F|
|teampreview|4
|showteam|p1|Gengar||Gengarite|CursedBody|ShadowBall,PerishSong,Disable,Protect|Timid||F|||50|]Politoed||SitrusBerry|Drizzle|WeatherBall,PerishSong,Encore,Protect|Bold||F|||50|]Archaludon||Leftovers|Stamina|ElectroShot,FlashCannon,DragonPulse,Protect|Modest||M|||50|]Grimmsnarl||LightClay|Prankster|FakeOut,PartingShot,Reflect,LightScreen|Bold||M|||50|]Sinistcha||OccaBerry|Hospitality|MatchaGotcha,RagePowder,TrickRoom,Protect|Calm|||||50|]Sneasler||WhiteHerb|Unburden|DireClaw,FakeOut,CloseCombat,Protect|Adamant||M|||50|
|showteam|p2|Gengar||Gengarite|CursedBody|ShadowBall,PerishSong,Disable,Protect|Timid||M|||50|]Swampert||Swampertite|Torrent|HighHorsepower,WaveCrash,IcePunch,Protect|Adamant||M|||50|]Politoed||SitrusBerry|Drizzle|WeatherBall,PerishSong,Protect,Encore|Bold||M|||50|]Grimmsnarl||LightClay|Prankster|Reflect,SpiritBreak,LightScreen,PartingShot|Careful||M|||50|]Archaludon||Leftovers|Stamina|ElectroShot,FlashCannon,AuraSphere,Protect|Modest||F|||50|]Incineroar||ChopleBerry|Intimidate|FakeOut,Protect,PartingShot,ThroatChop|Careful||F|||50|
|
|t:|1784482183
|teamsize|p1|4
|teamsize|p2|4
|start
|switch|p1a: Gengar|Gengar, L50, F|100/100
|switch|p1b: Grimmsnarl|Grimmsnarl, L50, M|100/100
|switch|p2a: Archaludon|Archaludon, L50, F|100/100
|switch|p2b: Incineroar|Incineroar, L50, F|100/100
|-ability|p2b: Incineroar|Intimidate|boost
|-unboost|p1a: Gengar|atk|1
|-unboost|p1b: Grimmsnarl|atk|1
|turn|1
|
|t:|1784482199
|detailschange|p1a: Gengar|Gengar-Mega, L50, F
|-mega|p1a: Gengar|Gengar|Gengarite
|move|p1b: Grimmsnarl|Fake Out|p2b: Incineroar
|-damage|p2b: Incineroar|94/100
|move|p1a: Gengar|Perish Song|p1a: Gengar
|-start|p1a: Gengar|perish3|[silent]
|-start|p1b: Grimmsnarl|perish3|[silent]
|-start|p2a: Archaludon|perish3|[silent]
|-start|p2b: Incineroar|perish3|[silent]
|-fieldactivate|move: Perish Song
|move|p2a: Archaludon|Flash Cannon|p1b: Grimmsnarl
|-supereffective|p1b: Grimmsnarl|1
|-damage|p1b: Grimmsnarl|21/100
|cant|p2b: Incineroar|flinch
|
|-start|p1a: Gengar|perish3
|-start|p2a: Archaludon|perish3
|-start|p2b: Incineroar|perish3
|-start|p1b: Grimmsnarl|perish3
|upkeep
|turn|2
|
|t:|1784482219
|switch|p1a: Sneasler|Sneasler, L50, M|100/100
|move|p1b: Grimmsnarl|Parting Shot|p2a: Archaludon
|-unboost|p2a: Archaludon|atk|1
|-unboost|p2a: Archaludon|spa|1
|
|t:|1784482225
|switch|p1b: Gengar|Gengar-Mega, L50, F|100/100|[from] Parting Shot
|move|p2a: Archaludon|Flash Cannon|p1b: Gengar
|-damage|p1b: Gengar|67/100
|move|p2b: Incineroar|Parting Shot|p1a: Sneasler
|-unboost|p1a: Sneasler|atk|1
|-unboost|p1a: Sneasler|spa|1
|
|t:|1784482230
|switch|p2b: Politoed|Politoed, L50, M|100/100|[from] Parting Shot
|-enditem|p1a: Sneasler|White Herb
|-clearnegativeboost|p1a: Sneasler|[silent]
|-weather|RainDance|[from] ability: Drizzle|[of] p2b: Politoed
|
|-weather|RainDance|[upkeep]
|-start|p2a: Archaludon|perish2
|upkeep
|turn|3
|
|t:|1784482250
|move|p1a: Sneasler|Fake Out|p2a: Archaludon
|-resisted|p2a: Archaludon|1
|-damage|p2a: Archaludon|94/100
|-ability|p2a: Archaludon|Stamina|boost
|-boost|p2a: Archaludon|def|1
|move|p1b: Gengar|Shadow Ball|p2b: Politoed
|-damage|p2b: Politoed|65/100
|cant|p2a: Archaludon|flinch
|move|p2b: Politoed|Weather Ball|p1b: Gengar
|-damage|p1b: Gengar|17/100
|
|-weather|RainDance|[upkeep]
|-heal|p2a: Archaludon|100/100|[from] item: Leftovers
|-start|p2a: Archaludon|perish1
|upkeep
|turn|4
|
|t:|1784482268
|move|p1b: Gengar|Protect|p1b: Gengar
|-singleturn|p1b: Gengar|Protect
|move|p1a: Sneasler|Close Combat|p2b: Politoed
|-damage|p2b: Politoed|5/100
|-unboost|p1a: Sneasler|def|1
|-unboost|p1a: Sneasler|spd|1
|-enditem|p2b: Politoed|Sitrus Berry|[eat]
|-heal|p2b: Politoed|30/100|[from] item: Sitrus Berry
|move|p2a: Archaludon|Electro Shot||[still]
|-prepare|p2a: Archaludon|Electro Shot
|-boost|p2a: Archaludon|spa|1
|-anim|p2a: Archaludon|Electro Shot|p1a: Sneasler
|-damage|p1a: Sneasler|7/100
|move|p2b: Politoed|Weather Ball|p1b: Gengar
|-activate|p1b: Gengar|move: Protect
|
|-weather|RainDance|[upkeep]
|-start|p2a: Archaludon|perish0
|faint|p2a: Archaludon
|upkeep
|
|t:|1784482272
|switch|p2a: Swampert|Swampert, L50, M|100/100
|turn|5
|
|t:|1784482295
|switch|p1b: Politoed|Politoed, L50, F|100/100
|detailschange|p2a: Swampert|Swampert-Mega, L50, M
|-mega|p2a: Swampert|Swampert|Swampertite
|move|p1a: Sneasler|Dire Claw|p2b: Politoed
|-damage|p2b: Politoed|0 fnt
|faint|p2b: Politoed
|move|p2a: Swampert|Ice Punch|p1b: Politoed
|-resisted|p1b: Politoed|1
|-damage|p1b: Politoed|84/100
|-status|p1b: Politoed|frz
|
|-weather|RainDance|[upkeep]
|upkeep
|
|t:|1784482298
|switch|p2b: Incineroar|Incineroar, L50, F|94/100
|-ability|p2b: Incineroar|Intimidate|boost
|-unboost|p1a: Sneasler|atk|1
|-unboost|p1b: Politoed|atk|1
|turn|6
|
|t:|1784482306
|switch|p1a: Grimmsnarl|Grimmsnarl, L50, M|21/100
|move|p2b: Incineroar|Fake Out|p1a: Grimmsnarl
|-damage|p1a: Grimmsnarl|12/100
|move|p2a: Swampert|High Horsepower|p1b: Politoed
|-damage|p1b: Politoed|30/100 frz
|-enditem|p1b: Politoed|Sitrus Berry|[eat]
|-heal|p1b: Politoed|55/100 frz|[from] item: Sitrus Berry
|cant|p1b: Politoed|frz
|
|-weather|none
|upkeep
|turn|7
|
|t:|1784482322
|move|p1a: Grimmsnarl|Fake Out|p2b: Incineroar
|-damage|p2b: Incineroar|85/100
|cant|p1b: Politoed|frz
|move|p2a: Swampert|High Horsepower|p1b: Politoed
|-damage|p1b: Politoed|0 fnt
|faint|p1b: Politoed
|cant|p2b: Incineroar|flinch
|
|upkeep
|
|t:|1784482329
|switch|p1b: Gengar|Gengar-Mega, L50, F|17/100
|turn|8
|
|t:|1784482341
|move|p1a: Grimmsnarl|Parting Shot|p2a: Swampert
|-unboost|p2a: Swampert|atk|1
|-unboost|p2a: Swampert|spa|1
|
|t:|1784482344
|switch|p1a: Sneasler|Sneasler, L50, M|7/100|[from] Parting Shot
|move|p1b: Gengar|Shadow Ball|p2a: Swampert
|-damage|p2a: Swampert|64/100
|move|p2a: Swampert|High Horsepower|p1a: Sneasler
|-supereffective|p1a: Sneasler|1
|-damage|p1a: Sneasler|0 fnt
|faint|p1a: Sneasler
|move|p2b: Incineroar|Throat Chop|p1b: Gengar
|-supereffective|p1b: Gengar|1
|-damage|p1b: Gengar|0 fnt
|faint|p1b: Gengar
|
|upkeep
|-message|SHyperdestroyerVGC forfeited.
|
|win|master 792
||SHyperdestroyerVGC is ready for game 3.
||master 792 is ready for game 3.
|uhtml|next|Next: Game 3 of 3
