|j|☆aseyo
|j|☆Frakub
|html|aseyoFrakub    
|uhtml|bestof|Game 1 of a best-of-3
|t:|1756462022
|gametype|doubles
|player|p1|aseyo|101|1303
|player|p2|Frakub|acetrainer-gen4dp|1232
|gen|9
|tier|[Gen 9] VGC 2025 Reg H (Bo3)
|rated|
|rule|Species Clause: Limit one of each Pokémon
|rule|Item Clause: Limit 1 of each item
|clearpoke
|poke|p1|Archaludon, L50, M|
|poke|p1|Pelipper, L50, F|
|poke|p1|Rillaboom, L50, M|
|poke|p1|Basculegion, L50, M|
|poke|p1|Electabuzz, L50, F|
|poke|p1|Kingambit, L50, M|
|poke|p2|Kingambit, L50, M|
|poke|p2|Rillaboom, L50, F|
|poke|p2|Ninetales-Alola, L50, F|
|poke|p2|Dragonite, L50, F|
|poke|p2|Magmar, L50, M|
|poke|p2|Sneasler, L50, F|
|teampreview|4
|showteam|p1|Archaludon||AssaultVest|Stamina|DragonPulse,FlashCannon,ElectroShot,BodyPress|||M|||50|,,,,,Bug]Pelipper||FocusSash|Drizzle|WeatherBall,Hurricane,Tailwind,Protect|||F|||50|,,,,,Ground]Rillaboom||LoadedDice|GrassySurge|BulletSeed,GrassyGlide,HighHorsepower,FakeOut|||M|||50|,,,,,Fire]Basculegion||ChoiceBand|SwiftSwim|WaveCrash,FlipTurn,AquaJet,LastRespects|||M|||50|,,,,,Water]Electabuzz||Eviolite|VitalSpirit|Electroweb,Taunt,Protect,FollowMe|||F|||50|,,,,,Ghost]Kingambit||BlackGlasses|Defiant|KowtowCleave,SwordsDance,SuckerPunch,Protect|||M|||50|,,,,,Dark
|showteam|p2|Kingambit||BlackGlasses|Defiant|KowtowCleave,SuckerPunch,SwordsDance,Protect|||M|||50|,,,,,Dark]Rillaboom||AssaultVest|GrassySurge|WoodHammer,GrassyGlide,HighHorsepower,FakeOut|||F|||50|,,,,,Fire]Ninetales-Alola||LightClay|SnowWarning|Blizzard,FreezeDry,Protect,AuroraVeil|||F|||50|,,,,,Ghost]Dragonite||LoadedDice|Multiscale|ScaleShot,ExtremeSpeed,Haze,Protect|||F|||50|,,,,,Steel]Magmar||Eviolite|VitalSpirit|Taunt,Overheat,FollowMe,Protect|||M|||50|,,,,,Ghost]Sneasler||FocusSash|PoisonTouch|FakeOut,DireClaw,CloseCombat,Protect|||F|||50|,,,,,Ghost
|inactive|Battle timer is ON: inactive players will automatically lose when time's up. (requested by Frakub)
|inactive|aseyo also wants the timer to be on.
|inactive|aseyo has 60 seconds left.
|inactive|aseyo has 30 seconds left.
|inactive|aseyo has 20 seconds left.
|inactive|aseyo has 15 seconds left.
|
|t:|1756462102
|teamsize|p1|4
|teamsize|p2|4
|start
|switch|p1a: Archaludon|Archaludon, L50, M|100/100
|switch|p1b: Rillaboom|Rillaboom, L50, M|100/100
|switch|p2a: Kingambit|Kingambit, L50, M|100/100
|switch|p2b: Magmar|Magmar, L50, M|100/100
|-fieldstart|move: Grassy Terrain|[from] ability: Grassy Surge|[of] p1b: Rillaboom
|turn|1
|
|t:|1756462116
|switch|p1b: Pelipper|Pelipper, L50, F|100/100
|-weather|RainDance|[from] ability: Drizzle|[of] p1b: Pelipper
|move|p2b: Magmar|Follow Me|p2b: Magmar
|-singleturn|p2b: Magmar|move: Follow Me
|move|p1a: Archaludon|Electro Shot||[still]
|-prepare|p1a: Archaludon|Electro Shot
|-boost|p1a: Archaludon|spa|1
|-anim|p1a: Archaludon|Electro Shot|p2b: Magmar
|-damage|p2b: Magmar|51/100
|move|p2a: Kingambit|Swords Dance|p2a: Kingambit
|-boost|p2a: Kingambit|atk|2
|
|-weather|RainDance|[upkeep]
|-heal|p2b: Magmar|57/100|[from] Grassy Terrain
|upkeep
|turn|2
|inactive|aseyo has 30 seconds left.
|inactive|aseyo has 20 seconds left.
|inactive|aseyo has 15 seconds left.
|inactive|aseyo has 10 seconds left.
|inactive|aseyo has 5 seconds left.
|
|t:|1756462168
|-terastallize|p2a: Kingambit|Dark
|move|p2b: Magmar|Follow Me|p2b: Magmar
|-singleturn|p2b: Magmar|move: Follow Me
|move|p2a: Kingambit|Sucker Punch|p1a: Archaludon
|-damage|p1a: Archaludon|0 fnt
|faint|p1a: Archaludon
|move|p1b: Pelipper|Weather Ball|p2b: Magmar
|-supereffective|p2b: Magmar
|-damage|p2b: Magmar|0 fnt
|faint|p2b: Magmar
|
|-weather|RainDance|[upkeep]
|upkeep
|
|t:|1756462184
|switch|p2b: Ninetales|Ninetales-Alola, L50, F|100/100
|switch|p1a: Rillaboom|Rillaboom, L50, M|100/100
|-weather|Snowscape|[from] ability: Snow Warning|[of] p2b: Ninetales
|turn|3
|inactive|aseyo has 30 seconds left.
|inactive|aseyo has 20 seconds left.
|inactive|aseyo has 15 seconds left.
|inactive|aseyo has 10 seconds left.
|inactive|aseyo has 5 seconds left.
|
|t:|1756462239
|switch|p2b: Sneasler|Sneasler, L50, F|100/100
|move|p2a: Kingambit|Protect|p2a: Kingambit
|-singleturn|p2a: Kingambit|Protect
|move|p1a: Rillaboom|Bullet Seed|p2b: Sneasler
|-resisted|p2b: Sneasler
|-damage|p2b: Sneasler|86/100
|-resisted|p2b: Sneasler
|-damage|p2b: Sneasler|73/100
|-resisted|p2b: Sneasler
|-damage|p2b: Sneasler|57/100
|-resisted|p2b: Sneasler
|-damage|p2b: Sneasler|42/100
|-resisted|p2b: Sneasler
|-damage|p2b: Sneasler|28/100
|-hitcount|p2b: Sneasler|5
|move|p1b: Pelipper|Weather Ball|p2b: Sneasler
|-damage|p2b: Sneasler|0 fnt
|faint|p2b: Sneasler
|
|-weather|Snowscape|[upkeep]
|upkeep
|
|t:|1756462247
|switch|p2b: Ninetales|Ninetales-Alola, L50, F|100/100
|turn|4
|
|t:|1756462261
|move|p2b: Ninetales|Blizzard|p1a: Rillaboom|[spread] p1a,p1b
|-supereffective|p1a: Rillaboom
|-damage|p1a: Rillaboom|21/100
|-damage|p1b: Pelipper|45/100
|move|p1a: Rillaboom|Bullet Seed|p2a: Kingambit
|-damage|p2a: Kingambit|87/100
|-damage|p2a: Kingambit|74/100
|-damage|p2a: Kingambit|59/100
|-damage|p2a: Kingambit|46/100
|-hitcount|p2a: Kingambit|4
|move|p1b: Pelipper|Hurricane|p2a: Kingambit
|-damage|p2a: Kingambit|0 fnt
|faint|p2a: Kingambit
|
|-weather|Snowscape|[upkeep]
|-heal|p1a: Rillaboom|28/100|[from] Grassy Terrain
|upkeep
|turn|5
|inactive|aseyo has 30 seconds left.
|
|t:|1756462287
|switch|p1b: Basculegion|Basculegion, L50, M|100/100
|-terastallize|p1a: Rillaboom|Fire
|move|p2b: Ninetales|Blizzard|p1a: Rillaboom|[spread] p1a,p1b
|-resisted|p1a: Rillaboom
|-resisted|p1b: Basculegion
|-damage|p1a: Rillaboom|9/100
|-damage|p1b: Basculegion|82/100
|-status|p1a: Rillaboom|frz
|-status|p1b: Basculegion|frz
|cant|p1a: Rillaboom|frz
|
|-weather|Snowscape|[upkeep]
|-heal|p1a: Rillaboom|15/100 frz|[from] Grassy Terrain
|-heal|p1b: Basculegion|88/100 frz|[from] Grassy Terrain
|-fieldend|move: Grassy Terrain
|upkeep
|turn|6
|
|t:|1756462306
|switch|p1a: Pelipper|Pelipper, L50, F|45/100
|-weather|RainDance|[from] ability: Drizzle|[of] p1a: Pelipper
|cant|p1b: Basculegion|frz
|move|p2b: Ninetales|Blizzard|p1a: Pelipper|[spread] p1a,p1b
|-resisted|p1b: Basculegion
|-damage|p1a: Pelipper|0 fnt
|-damage|p1b: Basculegion|70/100 frz
|faint|p1a: Pelipper
|
|-weather|RainDance|[upkeep]
|upkeep
|
|t:|1756462311
|switch|p1a: Rillaboom|Rillaboom, L50, M, tera:Fire|15/100 frz
|-fieldstart|move: Grassy Terrain|[from] ability: Grassy Surge|[of] p1a: Rillaboom
|turn|7
|
|t:|1756462315
|cant|p1b: Basculegion|frz
|move|p2b: Ninetales|Freeze-Dry|p1b: Basculegion
|-supereffective|p1b: Basculegion
|-damage|p1b: Basculegion|10/100 frz
|cant|p1a: Rillaboom|frz
|
|-weather|RainDance|[upkeep]
|-heal|p1b: Basculegion|16/100 frz|[from] Grassy Terrain
|-heal|p1a: Rillaboom|21/100 frz|[from] Grassy Terrain
|upkeep
|turn|8
|
|t:|1756462322
|cant|p1b: Basculegion|frz
|move|p2b: Ninetales|Blizzard|p1b: Basculegion|[spread] p1a
|-miss|p2b: Ninetales|p1b: Basculegion
|-resisted|p1a: Rillaboom
|-damage|p1a: Rillaboom|1/100 frz
|cant|p1a: Rillaboom|frz
|
|-weather|RainDance|[upkeep]
|-heal|p1b: Basculegion|22/100 frz|[from] Grassy Terrain
|-heal|p1a: Rillaboom|7/100 frz|[from] Grassy Terrain
|upkeep
|turn|9
|
|t:|1756462330
|cant|p1b: Basculegion|frz
|move|p2b: Ninetales|Freeze-Dry|p1b: Basculegion
|-supereffective|p1b: Basculegion
|-damage|p1b: Basculegion|0 fnt
|faint|p1b: Basculegion
|-curestatus|p1a: Rillaboom|frz|[msg]
|move|p1a: Rillaboom|Bullet Seed|p2b: Ninetales
|-damage|p2b: Ninetales|76/100
|-damage|p2b: Ninetales|49/100
|-damage|p2b: Ninetales|23/100
|-damage|p2b: Ninetales|0 fnt
|faint|p2b: Ninetales
|-hitcount|p2: Ninetales|4
|
|win|aseyo
||Frakub is ready for game 2.
|inactive|aseyo has 30 seconds to confirm battle start!
|inactive|aseyo has 20 seconds to confirm battle start!
||aseyo is ready for game 2.
|uhtml|next|Next: Game 2 of 3
