|j|☆raksbach
|j|☆SomeKidJon
|html|raksbachSomeKidJon    
|uhtml|bestof|Game 2 of a best-of-3
|t:|1783424588
|gametype|doubles
|player|p1|raksbach|265|1180
|player|p2|SomeKidJon|scientistf|1273
|gen|9
|tier|[Gen 9 Champions] VGC 2026 Reg M-B (Bo3)
|rated|
|rule|Species Clause: Limit one of each Pokémon
|rule|Item Clause: Limit 1 of each item
|clearpoke
|poke|p1|Incineroar, L50, F|
|poke|p1|Maushold, L50|
|poke|p1|Sinistcha, L50|
|poke|p1|Sneasler, L50, M|
|poke|p1|Blastoise, L50, M|
|poke|p1|Delphox, L50, M|
|poke|p2|Camerupt, L50, M|
|poke|p2|Farigiraf, L50, M|
|poke|p2|Primarina, L50, M|
|poke|p2|Hatterene, L50, F|
|poke|p2|Lopunny, L50, M|
|poke|p2|Staraptor, L50, M|
|teampreview|4
|showteam|p1|Incineroar||SitrusBerry|Intimidate|FakeOut,FlareBlitz,DarkestLariat,PartingShot|Impish||F|||50|]Maushold||ChopleBerry|FriendGuard|SuperFang,FollowMe,Protect,Feint|Impish|||||50|]Sinistcha||OccaBerry|Hospitality|MatchaGotcha,LifeDew,RagePowder,Protect|Bold|||||50|]Sneasler||FocusSash|PoisonTouch|FakeOut,CloseCombat,DireClaw,QuickGuard|Jolly||M|||50|]Blastoise||Blastoisinite|Torrent|WaterSpout,DarkPulse,ShellSmash,Protect|Modest||M|||50|]Delphox||Delphoxite|Blaze|HeatWave,Psychic,NastyPlot,Protect|Timid||M|||50|
|showteam|p2|Camerupt||Cameruptite|SolidRock|AncientPower,HeatWave,EarthPower,Protect|Quiet||M|||50|]Farigiraf||SitrusBerry|ArmorTail|Protect,HelpingHand,DazzlingGleam,TrickRoom|Bold||M|||50|]Primarina||Leftovers|LiquidVoice|HyperVoice,Protect,Moonblast,CalmMind|Modest||M|||50|]Hatterene||FocusSash|MagicBounce|Psychic,Protect,DazzlingGleam,TrickRoom|Quiet||F|||50|]Lopunny||Lopunnite|Klutz|FakeOut,CloseCombat,AfterYou,TripleAxel|Jolly||M|||50|]Staraptor||ChoiceScarf|Intimidate|FinalGambit,DoubleEdge,BraveBird,Uturn|Adamant||M|||50|
|inactive|Battle timer is ON: inactive players will automatically lose when time's up. (requested by raksbach)
|inactive|SomeKidJon has 60 seconds left.
|
|t:|1783424627
|teamsize|p1|4
|teamsize|p2|4
|start
|switch|p1a: Blastoise|Blastoise, L50, M|100/100
|switch|p1b: Maushold|Maushold, L50|100/100
|switch|p2a: Lopunny|Lopunny, L50, M|100/100
|switch|p2b: Primarina|Primarina, L50, M|100/100
|turn|1
|
|t:|1783424643
|detailschange|p2a: Lopunny|Lopunny-Mega, L50, M
|-mega|p2a: Lopunny|Lopunny|Lopunnite
|move|p1a: Blastoise|Protect|p1a: Blastoise
|-singleturn|p1a: Blastoise|Protect
|move|p2a: Lopunny|Fake Out|p1a: Blastoise
|-activate|p1a: Blastoise|move: Protect
|move|p1b: Maushold|Super Fang|p2b: Primarina
|-damage|p2b: Primarina|50/100g
|move|p2b: Primarina|Calm Mind|p2b: Primarina
|-boost|p2b: Primarina|spa|1
|-boost|p2b: Primarina|spd|1
|
|-heal|p2b: Primarina|56/100|[from] item: Leftovers
|upkeep
|turn|2
|
|t:|1783424664
|detailschange|p1a: Blastoise|Blastoise-Mega, L50, M
|-mega|p1a: Blastoise|Blastoise|Blastoisinite
|move|p1b: Maushold|Follow Me|p1b: Maushold
|-singleturn|p1b: Maushold|move: Follow Me
|move|p2a: Lopunny|Close Combat|p1b: Maushold
|-supereffective|p1b: Maushold|1
|-enditem|p1b: Maushold|Chople Berry|[eat]
|-enditem|p1b: Maushold|Chople Berry|[weaken]
|-damage|p1b: Maushold|38/100
|-unboost|p2a: Lopunny|def|1
|-unboost|p2a: Lopunny|spd|1
|move|p1a: Blastoise|Shell Smash|p1a: Blastoise
|-unboost|p1a: Blastoise|def|1
|-unboost|p1a: Blastoise|spd|1
|-boost|p1a: Blastoise|atk|2
|-boost|p1a: Blastoise|spa|2
|-boost|p1a: Blastoise|spe|2
|move|p2b: Primarina|Hyper Voice|p1b: Maushold|[spread] p1a,p1b
|-resisted|p1a: Blastoise|1
|-damage|p1a: Blastoise|74/100
|-damage|p1b: Maushold|0 fnt
|faint|p1b: Maushold
|
|-heal|p2b: Primarina|62/100|[from] item: Leftovers
|upkeep
|
|t:|1783424682
|switch|p1b: Sinistcha|Sinistcha, L50|100/100
|-heal|p1a: Blastoise|98/100|[from] ability: Hospitality|[of] p1b: Sinistcha
|turn|3
|
|t:|1783424694
|move|p2b: Primarina|Protect|p2b: Primarina
|-singleturn|p2b: Primarina|Protect
|move|p1a: Blastoise|Water Spout|p2a: Lopunny|[spread] p2a
|-activate|p2b: Primarina|move: Protect
|-damage|p2a: Lopunny|0 fnt
|faint|p2a: Lopunny
|move|p1b: Sinistcha|Matcha Gotcha|p2b: Primarina
|-activate|p2b: Primarina|move: Protect
|
|-heal|p2b: Primarina|67/100|[from] item: Leftovers
|upkeep
|
|t:|1783424700
|switch|p2a: Staraptor|Staraptor, L50, M|100/100
|-ability|p2a: Staraptor|Intimidate|boost
|-unboost|p1a: Blastoise|atk|1
|-unboost|p1b: Sinistcha|atk|1
|turn|4
|
|t:|1783424711
|move|p1b: Sinistcha|Rage Powder|p1b: Sinistcha
|-singleturn|p1b: Sinistcha|move: Rage Powder
|move|p1a: Blastoise|Water Spout|p2b: Primarina|[spread] p2a,p2b
|-resisted|p2b: Primarina|1
|-damage|p2a: Staraptor|0 fnt
|-damage|p2b: Primarina|33/100
|faint|p2a: Staraptor
|move|p2b: Primarina|Hyper Voice|p1b: Sinistcha|[spread] p1a,p1b
|-resisted|p1a: Blastoise|1
|-resisted|p1b: Sinistcha|1
|-damage|p1a: Blastoise|63/100
|-damage|p1b: Sinistcha|77/100
|
|-heal|p2b: Primarina|39/100|[from] item: Leftovers
|upkeep
|
|t:|1783424716
|switch|p2a: Farigiraf|Farigiraf, L50, M|100/100
|turn|5
|
|t:|1783424727
|switch|p1b: Sneasler|Sneasler, L50, M|100/100
|move|p1a: Blastoise|Protect|p1a: Blastoise
|-singleturn|p1a: Blastoise|Protect
|move|p2b: Primarina|Protect|p2b: Primarina
|-singleturn|p2b: Primarina|Protect
|move|p2a: Farigiraf|Trick Room|p2a: Farigiraf
|-fieldstart|move: Trick Room|[of] p2a: Farigiraf
|
|-heal|p2b: Primarina|44/100|[from] item: Leftovers
|upkeep
|turn|6
|
|t:|1783424744
|move|p2a: Farigiraf|Dazzling Gleam|p1b: Sneasler|[spread] p1a,p1b
|-damage|p1a: Blastoise|41/100
|-damage|p1b: Sneasler|81/100
|move|p2b: Primarina|Hyper Voice|p1b: Sneasler|[spread] p1a,p1b
|-resisted|p1a: Blastoise|1
|-damage|p1a: Blastoise|5/100
|-damage|p1b: Sneasler|16/100
|move|p1b: Sneasler|Dire Claw|p2b: Primarina
|-supereffective|p2b: Primarina|1
|-damage|p2b: Primarina|0 fnt
|faint|p2b: Primarina
|move|p1a: Blastoise|Dark Pulse|p2a: Farigiraf
|-supereffective|p2a: Farigiraf|1
|-damage|p2a: Farigiraf|0 fnt
|faint|p2a: Farigiraf
|
|win|raksbach
