|j|☆nicven
|j|☆That_Leek
|html|nicvenThat_Leek    
|uhtml|bestof|Game 2 of a best-of-3
|t:|1756262251
|gametype|doubles
|player|p1|nicven|265|1307
|player|p2|That_Leek|blue-masters|1302
|gen|9
|tier|[Gen 9] VGC 2025 Reg H (Bo3)
|rated|
|rule|Species Clause: Limit one of each Pokémon
|rule|Item Clause: Limit 1 of each item
|clearpoke
|poke|p1|Gholdengo, L50|
|poke|p1|Rillaboom, L50, M|
|poke|p1|Maushold, L50|
|poke|p1|Volcarona, L50, F|
|poke|p1|Dragonite, L50, M|
|poke|p1|Annihilape, L50, M|
|poke|p2|Incineroar, L50, F|
|poke|p2|Gholdengo, L50|
|poke|p2|Dragonite, L50, M|
|poke|p2|Amoonguss, L50, M|
|poke|p2|Ursaluna-Bloodmoon, L50, M|
|poke|p2|Gallade, L50, M|
|teampreview|4
|showteam|p1|Gholdengo||SitrusBerry|GoodasGold|MakeItRain,ShadowBall,NastyPlot,Protect||||||50|,,,,,Water]Rillaboom||AssaultVest|GrassySurge|DrumBeating,GrassyGlide,FakeOut,Uturn|||M|||50|,,,,,Fire]Maushold||RockyHelmet|FriendGuard|FollowMe,SuperFang,Protect,BeatUp||||||50|,,,,,Ghost]Volcarona||GrassySeed|FlameBody|HeatWave,QuiverDance,TeraBlast,Protect|||F|||50|,,,,,Fairy]Dragonite||LoadedDice|Multiscale|ScaleShot,Haze,ExtremeSpeed,Protect|||M|||50|,,,,,Steel]Annihilape||FocusSash|Defiant|RageFist,CloseCombat,Taunt,FinalGambit|||M|||50|,,,,,Stellar
|showteam|p2|Incineroar||SafetyGoggles|Intimidate|FakeOut,FlareBlitz,KnockOff,PartingShot|||F|||50|,,,,,Water]Gholdengo||LifeOrb|GoodasGold|MakeItRain,ShadowBall,NastyPlot,Protect||||||50|,,,,,Dragon]Dragonite||LoadedDice|Multiscale|Tailwind,StompingTantrum,ScaleShot,Protect|||M|||50|,,,,,Fairy]Amoonguss||SitrusBerry|Regenerator|PollenPuff,Spore,RagePowder,Protect|||M|||50|,,,,,Fairy]Ursaluna-Bloodmoon||AssaultVest|MindsEye|VacuumWave,BloodMoon,HyperVoice,EarthPower|||M|||50|,,,,,Ghost]Gallade||FocusSash|Sharpness|TrickRoom,SacredSword,WideGuard,PsychoCut|||M|||50|,,,,,Fairy
|
|t:|1756262277
|teamsize|p1|4
|teamsize|p2|4
|start
|switch|p1a: Gholdengo|Gholdengo, L50|100/100
|switch|p1b: Maushold|Maushold, L50|100/100
|switch|p2a: Amoonguss|Amoonguss, L50, M|100/100
|switch|p2b: Dragonite|Dragonite, L50, M|100/100
|turn|1
|
|t:|1756262299
|switch|p2a: Incineroar|Incineroar, L50, F|100/100
|-ability|p2a: Incineroar|Intimidate|boost
|-unboost|p1a: Gholdengo|atk|1
|-unboost|p1b: Maushold|atk|1
|move|p1b: Maushold|Super Fang|p2b: Dragonite|[miss]
|-miss|p1b: Maushold|p2b: Dragonite
|move|p2b: Dragonite|Scale Shot|p1b: Maushold
|-damage|p1b: Maushold|81/100
|-damage|p1b: Maushold|62/100
|-damage|p1b: Maushold|44/100
|-damage|p1b: Maushold|25/100
|-damage|p1b: Maushold|8/100
|-hitcount|p1b: Maushold|5
|-unboost|p2b: Dragonite|def|1
|-boost|p2b: Dragonite|spe|1
|move|p1a: Gholdengo|Nasty Plot|p1a: Gholdengo
|-boost|p1a: Gholdengo|spa|2
|
|upkeep
|turn|2
|inactive|Battle timer is ON: inactive players will automatically lose when time's up. (requested by That_Leek)
|
|t:|1756262371
|move|p1a: Gholdengo|Protect|p1a: Gholdengo
|-singleturn|p1a: Gholdengo|Protect
|move|p2b: Dragonite|Tailwind|p2b: Dragonite
|-sidestart|p2: That_Leek|move: Tailwind
|move|p1b: Maushold|Super Fang|p2b: Dragonite
|-damage|p2b: Dragonite|51/100
|move|p2a: Incineroar|Knock Off|p1b: Maushold
|-damage|p1b: Maushold|0 fnt
|-damage|p2a: Incineroar|84/100|[from] item: Rocky Helmet|[of] p1b: Maushold
|-enditem|p1b: Maushold|Rocky Helmet|[from] move: Knock Off|[of] p2a: Incineroar
|faint|p1b: Maushold
|
|upkeep
|inactive|nicven has 30 seconds left.
|
|t:|1756262397
|switch|p1b: Volcarona|Volcarona, L50, F|100/100
|turn|3
|
|t:|1756262416
|-terastallize|p1b: Volcarona|Fairy
|move|p2b: Dragonite|Scale Shot|p1a: Gholdengo
|-resisted|p1a: Gholdengo
|-damage|p1a: Gholdengo|93/100
|-resisted|p1a: Gholdengo
|-crit|p1a: Gholdengo
|-damage|p1a: Gholdengo|82/100
|-resisted|p1a: Gholdengo
|-damage|p1a: Gholdengo|76/100
|-resisted|p1a: Gholdengo
|-damage|p1a: Gholdengo|70/100
|-hitcount|p1a: Gholdengo|4
|-unboost|p2b: Dragonite|def|1
|-boost|p2b: Dragonite|spe|1
|move|p2a: Incineroar|Knock Off|p1a: Gholdengo
|-supereffective|p1a: Gholdengo
|-damage|p1a: Gholdengo|0 fnt
|-enditem|p1a: Gholdengo|Sitrus Berry|[from] move: Knock Off|[of] p2a: Incineroar
|faint|p1a: Gholdengo
|move|p1b: Volcarona|Quiver Dance|p1b: Volcarona
|-boost|p1b: Volcarona|spa|1
|-boost|p1b: Volcarona|spd|1
|-boost|p1b: Volcarona|spe|1
|
|upkeep
|
|t:|1756262435
|switch|p1a: Annihilape|Annihilape, L50, M|100/100
|turn|4
|
|t:|1756262455
|move|p2b: Dragonite|Protect|p2b: Dragonite
|-singleturn|p2b: Dragonite|Protect
|move|p1b: Volcarona|Quiver Dance|p1b: Volcarona
|-boost|p1b: Volcarona|spa|1
|-boost|p1b: Volcarona|spd|1
|-boost|p1b: Volcarona|spe|1
|move|p2a: Incineroar|Parting Shot|p1b: Volcarona
|-unboost|p1b: Volcarona|atk|1
|-unboost|p1b: Volcarona|spa|1
|
|t:|1756262461
|switch|p2a: Amoonguss|Amoonguss, L50, M|100/100|[from] Parting Shot
|move|p1a: Annihilape|Close Combat|p2a: Amoonguss
|-resisted|p2a: Amoonguss
|-damage|p2a: Amoonguss|79/100
|-unboost|p1a: Annihilape|def|1
|-unboost|p1a: Annihilape|spd|1
|
|upkeep
|turn|5
|inactive|nicven has 30 seconds left.
|inactive|nicven has 20 seconds left.
|
|t:|1756262500
|-terastallize|p2a: Amoonguss|Fairy
|move|p2b: Dragonite|Scale Shot|p1a: Annihilape
|-damage|p1a: Annihilape|74/100
|-damage|p1a: Annihilape|49/100
|-damage|p1a: Annihilape|24/100
|-damage|p1a: Annihilape|0 fnt
|faint|p1a: Annihilape
|-hitcount|p1: Annihilape|4
|-unboost|p2b: Dragonite|def|1
|-boost|p2b: Dragonite|spe|1
|move|p1b: Volcarona|Heat Wave|p2b: Dragonite|[spread] p2a,p2b
|-crit|p2a: Amoonguss
|-resisted|p2b: Dragonite
|-damage|p2a: Amoonguss|16/100
|-damage|p2b: Dragonite|25/100
|-enditem|p2a: Amoonguss|Sitrus Berry|[eat]
|-heal|p2a: Amoonguss|41/100|[from] item: Sitrus Berry
|move|p2a: Amoonguss|Spore|p1b: Volcarona
|-status|p1b: Volcarona|slp|[from] move: Spore
|
|-sideend|p2: That_Leek|move: Tailwind
|upkeep
|turn|6
|inactive|That_Leek has 30 seconds left.
|
|t:|1756262535
|move|p2b: Dragonite|Tailwind|p2b: Dragonite
|-sidestart|p2: That_Leek|move: Tailwind
|cant|p1b: Volcarona|slp
|move|p2a: Amoonguss|Pollen Puff|p2b: Dragonite
|-heal|p2b: Dragonite|75/100
|
|upkeep
|turn|7
|
|t:|1756262544
|switch|p2a: Incineroar|Incineroar, L50, F|84/100
|-ability|p2a: Incineroar|Intimidate|boost
|-unboost|p1b: Volcarona|atk|1
|move|p2b: Dragonite|Stomping Tantrum|p1b: Volcarona
|-damage|p1b: Volcarona|69/100 slp
|-curestatus|p1b: Volcarona|slp|[msg]
|move|p1b: Volcarona|Heat Wave|p2b: Dragonite|[spread] p2a
|-miss|p1b: Volcarona|p2b: Dragonite
|-resisted|p2a: Incineroar
|-damage|p2a: Incineroar|64/100
|
|upkeep
|turn|8
|
|t:|1756262566
|move|p2a: Incineroar|Fake Out|p1b: Volcarona
|-crit|p1b: Volcarona
|-damage|p1b: Volcarona|48/100
|move|p2b: Dragonite|Stomping Tantrum|p1b: Volcarona
|-damage|p1b: Volcarona|21/100
|cant|p1b: Volcarona|flinch
|
|upkeep
|turn|9
|
|t:|1756262576
|move|p2b: Dragonite|Stomping Tantrum|p1b: Volcarona
|-damage|p1b: Volcarona|0 fnt
|-status|p2b: Dragonite|brn|[from] ability: Flame Body|[of] p1b: Volcarona
|faint|p1b: Volcarona
|
|win|That_Leek
|raw|nicven's rating: 1307 → 1287(-20 for losing)
|raw|That_Leek's rating: 1302 → 1322(+20 for winning)
