|j|☆chawieeee
|j|☆RangerVictor16
|html|chawieeeeRangerVictor16    
|uhtml|bestof|Game 1 of a best-of-3
|t:|1757048469
|gametype|doubles
|player|p1|chawieeee|266|1050
|player|p2|RangerVictor16|pokemonranger-gen4|1075
|gen|9
|tier|[Gen 9] VGC 2025 Reg H (Bo3)
|rated|
|rule|Species Clause: Limit one of each Pokémon
|rule|Item Clause: Limit 1 of each item
|clearpoke
|poke|p1|Tinkaton, L50, F|
|poke|p1|Ursaluna-Bloodmoon, L50, M|
|poke|p1|Rillaboom, L50, M|
|poke|p1|Incineroar, L50, M|
|poke|p1|Sneasler, L50, F|
|poke|p1|Politoed, L50, F|
|poke|p2|Indeedee, L50, M|
|poke|p2|Delphox, L50, F|
|poke|p2|Sneasler, L50, F|
|poke|p2|Murkrow, L50, F|
|poke|p2|Dragapult, L50, M|
|poke|p2|Maushold-Four, L50|
|teampreview|4
|showteam|p1|Tinkaton||WideLens|MoldBreaker|FakeOut,ThunderWave,Encore,PlayRough|||F|||50|,,,,,Grass]Ursaluna-Bloodmoon||LifeOrb|MindsEye|BloodMoon,EarthPower,HyperVoice,Protect|||M|||50|,,,,,Ghost]Rillaboom||AssaultVest|GrassySurge|FakeOut,Uturn,WoodHammer,GrassyGlide|||M|||50|,,,,,Fire]Incineroar||SafetyGoggles|Intimidate|FakeOut,PartingShot,KnockOff,Taunt|||M|||50|,,,,,Bug]Sneasler||WhiteHerb|Unburden|CloseCombat,DireClaw,SwordsDance,Protect|||F|||50|,,,,,Stellar]Politoed||SitrusBerry|Drizzle|WeatherBall,Protect,HelpingHand,IcyWind|||F|||50|,,,,,Grass
|showteam|p2|Indeedee||FocusSash|PsychicSurge|ExpandingForce,TeraBlast,Imprison,TrickRoom|||M|||50|,,,,,Fighting]Delphox||LifeOrb|Blaze|HeatWave,ExpandingForce,Overheat,Protect|||F|||50|,,,,,Fire]Sneasler||PsychicSeed|Unburden|DireClaw,CloseCombat,ThroatChop,Protect|||F|||50|,,,,,Dark]Murkrow||Eviolite|Prankster|Tailwind,Haze,SunnyDay,FoulPlay|||F|||50|,,,,,Ghost]Dragapult||ChoiceBand|ClearBody|DragonDarts,Outrage,Uturn,BreakingSwipe|||M|||50|,,,,,Dragon]Maushold-Four||WideLens|Technician|PopulationBomb,Taunt,FollowMe,Protect||||||50|,,,,,Ghost
|inactive|Battle timer is ON: inactive players will automatically lose when time's up. (requested by RangerVictor16)
|
|t:|1757048497
|teamsize|p1|4
|teamsize|p2|4
|start
|switch|p1a: Tinkaton|Tinkaton, L50, F|100/100
|switch|p1b: Ursaluna|Ursaluna-Bloodmoon, L50, M|100/100
|switch|p2a: Dragapult|Dragapult, L50, M|100/100
|switch|p2b: Delphox|Delphox, L50, F|100/100
|-ability|p1a: Tinkaton|Mold Breaker
|turn|1
|inactive|RangerVictor16 has 30 seconds left.
|
|t:|1757048530
|switch|p1b: Politoed|Politoed, L50, F|100/100
|-weather|RainDance|[from] ability: Drizzle|[of] p1b: Politoed
|move|p2b: Delphox|Protect|p2b: Delphox
|-singleturn|p2b: Delphox|Protect
|move|p2a: Dragapult|U-turn|p1b: Politoed
|-damage|p1b: Politoed|69/100
|
|t:|1757048545
|switch|p2a: Indeedee|Indeedee, L50, M|100/100|[from] U-turn
|-fieldstart|move: Psychic Terrain|[from] ability: Psychic Surge|[of] p2a: Indeedee
|move|p1a: Tinkaton|Thunder Wave|p2b: Delphox
|-activate|p2b: Delphox|move: Protect
|
|-weather|RainDance|[upkeep]
|upkeep
|turn|2
|inactive|RangerVictor16 has 30 seconds left.
|
|t:|1757048573
|switch|p2b: Sneasler|Sneasler, L50, F|100/100
|-enditem|p2b: Sneasler|Psychic Seed
|-boost|p2b: Sneasler|spd|1|[from] item: Psychic Seed
|switch|p1a: Incineroar|Incineroar, L50, M|100/100
|-ability|p1a: Incineroar|Intimidate|boost
|-unboost|p2a: Indeedee|atk|1
|-unboost|p2b: Sneasler|atk|1
|move|p2a: Indeedee|Expanding Force|p1b: Politoed|[spread] p1b
|-immune|p1a: Incineroar
|-damage|p1b: Politoed|28/100
|-enditem|p1b: Politoed|Sitrus Berry|[eat]
|-heal|p1b: Politoed|53/100|[from] item: Sitrus Berry
|move|p1b: Politoed|Icy Wind|p2b: Sneasler|[spread] p2a,p2b
|-damage|p2a: Indeedee|87/100
|-damage|p2b: Sneasler|92/100
|-unboost|p2a: Indeedee|spe|1
|-unboost|p2b: Sneasler|spe|1
|
|-weather|RainDance|[upkeep]
|upkeep
|turn|3
|inactive|chawieeee has 30 seconds left.
|
|t:|1757048605
|-terastallize|p2a: Indeedee|Fighting
|move|p1b: Politoed|Protect|p1b: Politoed
|-singleturn|p1b: Politoed|Protect
|move|p2b: Sneasler|Dire Claw|p1b: Politoed
|-activate|p1b: Politoed|move: Protect
|move|p2a: Indeedee|Tera Blast|p1a: Incineroar|[anim] Tera Blast Fighting
|-supereffective|p1a: Incineroar
|-damage|p1a: Incineroar|37/100
|move|p1a: Incineroar|Knock Off|p2a: Indeedee
|-resisted|p2a: Indeedee
|-damage|p2a: Indeedee|49/100
|-enditem|p2a: Indeedee|Focus Sash|[from] move: Knock Off|[of] p1a: Incineroar
|
|-weather|RainDance|[upkeep]
|upkeep
|turn|4
|inactive|RangerVictor16 has 30 seconds left.
|
|t:|1757048644
|switch|p1b: Tinkaton|Tinkaton, L50, F|100/100
|-ability|p1b: Tinkaton|Mold Breaker
|-terastallize|p1a: Incineroar|Bug
|move|p2b: Sneasler|Close Combat|p1a: Incineroar
|-resisted|p1a: Incineroar
|-damage|p1a: Incineroar|20/100
|-unboost|p2b: Sneasler|def|1
|-unboost|p2b: Sneasler|spd|1
|move|p2a: Indeedee|Expanding Force|p1b: Tinkaton|[spread] p1a,p1b
|-resisted|p1b: Tinkaton
|-damage|p1a: Incineroar|0 fnt
|-damage|p1b: Tinkaton|77/100
|faint|p1a: Incineroar
|
|-weather|RainDance|[upkeep]
|upkeep
|
|t:|1757048664
|switch|p1a: Politoed|Politoed, L50, F|53/100
|turn|5
|
|t:|1757048684
|move|p2b: Sneasler|Close Combat|p1b: Tinkaton
|-damage|p1b: Tinkaton|30/100
|-unboost|p2b: Sneasler|def|1
|-unboost|p2b: Sneasler|spd|1
|move|p1b: Tinkaton|Thunder Wave|p2b: Sneasler
|-status|p2b: Sneasler|par
|move|p2a: Indeedee|Expanding Force|p1b: Tinkaton|[spread] p1a,p1b
|-resisted|p1b: Tinkaton
|-damage|p1a: Politoed|14/100
|-damage|p1b: Tinkaton|8/100
|move|p1a: Politoed|Weather Ball|p2a: Indeedee
|-damage|p2a: Indeedee|0 fnt
|faint|p2a: Indeedee
|
|-weather|none
|-fieldend|move: Psychic Terrain
|upkeep
|
|t:|1757048697
|switch|p2a: Delphox|Delphox, L50, F|100/100
|turn|6
|
|t:|1757048717
|switch|p1a: Ursaluna|Ursaluna-Bloodmoon, L50, M|100/100
|move|p2a: Delphox|Heat Wave|p1a: Ursaluna|[spread] p1a,p1b
|-supereffective|p1b: Tinkaton
|-damage|p1a: Ursaluna|47/100
|-damage|p1b: Tinkaton|0 fnt
|-status|p1a: Ursaluna|brn
|faint|p1b: Tinkaton
|-damage|p2a: Delphox|90/100|[from] item: Life Orb
|move|p2b: Sneasler|Close Combat|p1a: Ursaluna
|-supereffective|p1a: Ursaluna
|-damage|p1a: Ursaluna|0 fnt
|-unboost|p2b: Sneasler|def|1
|-unboost|p2b: Sneasler|spd|1
|faint|p1a: Ursaluna
|
|upkeep
|
|t:|1757048724
|switch|p1b: Politoed|Politoed, L50, F|14/100
|-weather|RainDance|[from] ability: Drizzle|[of] p1b: Politoed
|turn|7
|
|t:|1757048734
|switch|p2b: Dragapult|Dragapult, L50, M|100/100
|move|p2a: Delphox|Expanding Force|p1b: Politoed
|-damage|p1b: Politoed|0 fnt
|faint|p1b: Politoed
|-damage|p2a: Delphox|80/100|[from] item: Life Orb
|
|win|RangerVictor16
||chawieeee is ready for game 2.
||RangerVictor16 is ready for game 2.
|uhtml|next|Next: Game 2 of 3
|l|☆chawieeee
|player|p1|
