|j|☆sbhaga34
|j|☆marcosdeltasena31
|html|sbhaga34marcosdeltasena31    
|uhtml|bestof|Game 2 of a best-of-3
|t:|1784327959
|gametype|doubles
|player|p1|sbhaga34|hugh|1333
|player|p2|marcosdeltasena31|hilbert|1464
|gen|9
|tier|[Gen 9 Champions] VGC 2026 Reg M-B (Bo3)
|rated|
|rule|Species Clause: Limit one of each Pokémon
|rule|Item Clause: Limit 1 of each item
|clearpoke
|poke|p1|Excadrill, L50, F|
|poke|p1|Tyranitar, L50, M|
|poke|p1|Corviknight, L50, M|
|poke|p1|Rotom-Wash, L50|
|poke|p1|Chandelure, L50, M|
|poke|p1|Clefable, L50, M|
|poke|p2|Charizard, L50, M, shiny|
|poke|p2|Venusaur, L50, M|
|poke|p2|Garchomp, L50, M|
|poke|p2|Incineroar, L50, F|
|poke|p2|Toxapex, L50, F|
|poke|p2|Annihilape, L50, F|
|teampreview|4
|showteam|p1|Excadrill||FocusSash|SandRush|Earthquake,IronHead,SwordsDance,Protect|Adamant||F|||50|]Tyranitar||Tyranitarite|SandStream|RockSlide,KnockOff,LowKick,Protect|Adamant||M|||50|]Corviknight||SharpBeak|MirrorArmor|BraveBird,Tailwind,BulkUp,Roost|Careful||M|||50|]Rotom-Wash||ChoiceScarf|Levitate|VoltSwitch,Thunderbolt,Electroweb,HydroPump|Timid|||||50|]Chandelure||ShucaBerry|FlashFire|HeatWave,ShadowBall,TrickRoom,Protect|Modest||M|||50|]Clefable||Clefablite|MagicGuard|FollowMe,Moonblast,HealPulse,Protect|Modest||M|||50|
|showteam|p2|Charizard||CharizarditeY|Blaze|HeatWave,WeatherBall,Protect,HelpingHand|Modest||M|||50|]Venusaur||LifeOrb|Chlorophyll|SludgeBomb,SolarBeam,EarthPower,Protect|Modest||M|||50|]Garchomp||ChoiceScarf|RoughSkin|Earthquake,RockSlide,DragonClaw,StompingTantrum|Adamant||M|||50|]Incineroar||SitrusBerry|Intimidate|FakeOut,FlareBlitz,ThroatChop,PartingShot|Impish||F|||50|]Toxapex||Leftovers|Regenerator|Infestation,Toxic,WideGuard,BanefulBunker|Impish||F|||50|]Annihilape||FocusSash|Defiant|CloseCombat,PhantomForce,RockTomb,Protect|Jolly||F|||50|
|inactive|Battle timer is ON: inactive players will automatically lose when time's up. (requested by sbhaga34)
|inactive|sbhaga34 has 60 seconds left.
|inactive|marcosdeltasena31 has 60 seconds left.
|
|t:|1784328017
|teamsize|p1|4
|teamsize|p2|4
|start
|switch|p1a: Rotom|Rotom-Wash, L50|100/100
|switch|p1b: Chandelure|Chandelure, L50, M|100/100
|switch|p2a: Garchomp|Garchomp, L50, M|100/100
|switch|p2b: Charizard|Charizard, L50, M, shiny|100/100
|turn|1
|
|t:|1784328038
|detailschange|p2b: Charizard|Charizard-Mega-Y, L50, M, shiny
|-mega|p2b: Charizard|Charizard|Charizardite Y
|-weather|SunnyDay|[from] ability: Drought|[of] p2b: Charizard
|move|p2a: Garchomp|Rock Slide|p1a: Rotom|[spread] 
|-miss|p2a: Garchomp|p1a: Rotom
|-miss|p2a: Garchomp|p1b: Chandelure
|move|p1a: Rotom|Volt Switch|p2b: Charizard
|-supereffective|p2b: Charizard|1
|-damage|p2b: Charizard|55/100
|
|t:|1784328047
|switch|p1a: Tyranitar|Tyranitar, L50, M|100/100|[from] Volt Switch
|-weather|Sandstorm|[from] ability: Sand Stream|[of] p1a: Tyranitar
|move|p2b: Charizard|Weather Ball|p1a: Tyranitar
|-damage|p1a: Tyranitar|79/100
|move|p1b: Chandelure|Trick Room|p1b: Chandelure
|-fieldstart|move: Trick Room|[of] p1b: Chandelure
|
|-weather|Sandstorm|[upkeep]
|-damage|p1b: Chandelure|94/100|[from] Sandstorm
|-damage|p2b: Charizard|49/100|[from] Sandstorm
|upkeep
|turn|2
|
|t:|1784328065
|switch|p1b: Corviknight|Corviknight, L50, M|100/100
|switch|p2b: Incineroar|Incineroar, L50, F|100/100
|-ability|p2b: Incineroar|Intimidate|boost
|-unboost|p1a: Tyranitar|atk|1
|-ability|p1b: Corviknight|Mirror Armor
|-unboost|p2b: Incineroar|atk|1
|move|p1a: Tyranitar|Rock Slide|p2b: Incineroar|[spread] p2a,p2b
|-resisted|p2a: Garchomp|1
|-supereffective|p2b: Incineroar|1
|-damage|p2a: Garchomp|90/100
|-damage|p2b: Incineroar|70/100
|move|p2a: Garchomp|Rock Slide|p1a: Tyranitar|[spread] p1b
|-miss|p2a: Garchomp|p1a: Tyranitar
|-damage|p1b: Corviknight|82/100
|
|-weather|Sandstorm|[upkeep]
|-damage|p2b: Incineroar|64/100|[from] Sandstorm
|upkeep
|turn|3
|
|t:|1784328084
|switch|p2a: Venusaur|Venusaur, L50, M|100/100
|move|p2b: Incineroar|Parting Shot|p1a: Tyranitar
|-unboost|p1a: Tyranitar|atk|1
|-unboost|p1a: Tyranitar|spa|1
|
|t:|1784328090
|switch|p2b: Garchomp|Garchomp, L50, M|90/100|[from] Parting Shot
|move|p1a: Tyranitar|Rock Slide|p2a: Venusaur|[spread] p2a,p2b
|-resisted|p2b: Garchomp|1
|-damage|p2a: Venusaur|82/100
|-damage|p2b: Garchomp|84/100
|move|p1b: Corviknight|Bulk Up|p1b: Corviknight
|-boost|p1b: Corviknight|atk|1
|-boost|p1b: Corviknight|def|1
|
|-weather|Sandstorm|[upkeep]
|-damage|p2a: Venusaur|76/100|[from] Sandstorm
|upkeep
|turn|4
|
|t:|1784328104
|move|p2a: Venusaur|Protect|p2a: Venusaur
|-singleturn|p2a: Venusaur|Protect
|move|p1a: Tyranitar|Knock Off|p2b: Garchomp
|-damage|p2b: Garchomp|63/100
|-damage|p1a: Tyranitar|67/100|[from] ability: Rough Skin|[of] p2b: Garchomp
|-enditem|p2b: Garchomp|Choice Scarf|[from] move: Knock Off|[of] p1a: Tyranitar
|move|p1b: Corviknight|Brave Bird|p2b: Garchomp
|-damage|p2b: Garchomp|0 fnt
|-damage|p1b: Corviknight|69/100|[from] ability: Rough Skin|[of] p2b: Garchomp
|faint|p2b: Garchomp
|-damage|p1b: Corviknight|49/100|[from] Recoil
|
|-weather|Sandstorm|[upkeep]
|-damage|p2a: Venusaur|71/100|[from] Sandstorm
|upkeep
|
|t:|1784328116
|switch|p2b: Incineroar|Incineroar, L50, F|64/100
|-ability|p2b: Incineroar|Intimidate|boost
|-unboost|p1a: Tyranitar|atk|1
|-ability|p1b: Corviknight|Mirror Armor
|-unboost|p2b: Incineroar|atk|1
|turn|5
|
|t:|1784328133
|move|p1a: Tyranitar|Protect|p1a: Tyranitar
|-singleturn|p1a: Tyranitar|Protect
|move|p2b: Incineroar|Fake Out|p1b: Corviknight
|-resisted|p1b: Corviknight|1
|-damage|p1b: Corviknight|47/100
|cant|p1b: Corviknight|flinch
|move|p2a: Venusaur|Earth Power|p1a: Tyranitar
|-activate|p1a: Tyranitar|move: Protect
|
|-weather|none
|-fieldend|move: Trick Room
|upkeep
|turn|6
|
|t:|1784328145
|switch|p1a: Chandelure|Chandelure, L50, M|94/100
|move|p2a: Venusaur|Earth Power|p1a: Chandelure
|-supereffective|p1a: Chandelure|1
|-enditem|p1a: Chandelure|Shuca Berry|[eat]
|-enditem|p1a: Chandelure|Shuca Berry|[weaken]
|-damage|p1a: Chandelure|46/100
|-damage|p2a: Venusaur|61/100|[from] item: Life Orb
|move|p1b: Corviknight|Tailwind|p1b: Corviknight
|-sidestart|p1: sbhaga34|move: Tailwind
|move|p2b: Incineroar|Flare Blitz|p1b: Corviknight
|-supereffective|p1b: Corviknight|1
|-damage|p1b: Corviknight|13/100
|-damage|p2b: Incineroar|53/100|[from] Recoil
|
|upkeep
|turn|7
|
|t:|1784328162
|switch|p2b: Charizard|Charizard-Mega-Y, L50, M, shiny|49/100
|-weather|SunnyDay|[from] ability: Drought|[of] p2b: Charizard
|move|p2a: Venusaur|Earth Power|p1a: Chandelure
|-supereffective|p1a: Chandelure|1
|-damage|p1a: Chandelure|0 fnt
|faint|p1a: Chandelure
|-damage|p2a: Venusaur|52/100|[from] item: Life Orb
|move|p1b: Corviknight|Brave Bird|p2b: Charizard
|-damage|p2b: Charizard|0 fnt
|faint|p2b: Charizard
|-damage|p1b: Corviknight|0 fnt|[from] Recoil
|faint|p1b: Corviknight
|
|-weather|SunnyDay|[upkeep]
|upkeep
|
|t:|1784328173
|switch|p2b: Incineroar|Incineroar, L50, F|53/100
|switch|p1a: Tyranitar|Tyranitar, L50, M|67/100
|switch|p1b: Rotom|Rotom-Wash, L50|100/100
|-weather|Sandstorm|[from] ability: Sand Stream|[of] p1a: Tyranitar
|-ability|p2b: Incineroar|Intimidate|boost
|-unboost|p1a: Tyranitar|atk|1
|-unboost|p1b: Rotom|atk|1
|turn|8
|
|t:|1784328195
|detailschange|p1a: Tyranitar|Tyranitar-Mega, L50, M
|-mega|p1a: Tyranitar|Tyranitar|Tyranitarite
|move|p2b: Incineroar|Fake Out|p1b: Rotom
|-damage|p1b: Rotom|89/100
|cant|p1b: Rotom|flinch
|move|p1a: Tyranitar|Rock Slide|p2a: Venusaur|[spread] p2a,p2b
|-supereffective|p2b: Incineroar|1
|-damage|p2a: Venusaur|27/100
|-damage|p2b: Incineroar|20/100y
|-enditem|p2b: Incineroar|Sitrus Berry|[eat]
|-heal|p2b: Incineroar|45/100|[from] item: Sitrus Berry
|cant|p2a: Venusaur|flinch
|
|-weather|Sandstorm|[upkeep]
|-damage|p1b: Rotom|83/100|[from] Sandstorm
|-damage|p2a: Venusaur|21/100|[from] Sandstorm
|-damage|p2b: Incineroar|39/100|[from] Sandstorm
|upkeep
|turn|9
|
|t:|1784328207
|move|p1b: Rotom|Thunderbolt|p2b: Incineroar
|-damage|p2b: Incineroar|7/100
|move|p1a: Tyranitar|Rock Slide|p2a: Venusaur|[spread] p2a,p2b
|-crit|p2a: Venusaur
|-supereffective|p2b: Incineroar|1
|-damage|p2a: Venusaur|0 fnt
|-damage|p2b: Incineroar|0 fnt
|faint|p2a: Venusaur
|faint|p2b: Incineroar
|
|win|sbhaga34
|raw|sbhaga34's rating: 1333 → 1360(+27 for winning)
|raw|marcosdeltasena31's rating: 1464 → 1437(-27 for losing)
|l|☆marcosdeltasena31
|player|p2|
|l|☆sbhaga34
|player|p1|
|j|☆sbhaga34
|player|p1|sbhaga34|hugh|
