|j|☆Harbinger Aegis
|j|☆Bludahusky
|html|Harbinger AegisBludahusky    
|uhtml|bestof|Game 1 of a best-of-3
|t:|1784953790
|gametype|doubles
|player|p1|Harbinger Aegis|170|1138
|player|p2|Bludahusky|lucas|1117
|gen|9
|tier|[Gen 9 Champions] VGC 2026 Reg M-B (Bo3)
|rated|
|rule|Species Clause: Limit one of each Pokémon
|rule|Item Clause: Limit 1 of each item
|clearpoke
|poke|p1|Garchomp, L50, M|
|poke|p1|Whimsicott, L50, M|
|poke|p1|Incineroar, L50, F|
|poke|p1|Basculegion, L50, M|
|poke|p1|Charizard, L50, M|
|poke|p1|Sylveon, L50, F|
|poke|p2|Mr. Rime, L50, M|
|poke|p2|Slowking-Galar, L50, M|
|poke|p2|Decidueye, L50, F|
|poke|p2|Araquanid, L50, F|
|poke|p2|Camerupt, L50, M|
|poke|p2|Eelektross, L50, M|
|teampreview|4
|showteam|p1|Garchomp||LifeOrb|RoughSkin|Earthquake,DragonClaw,RockSlide,Protect|Jolly||M|||50|]Whimsicott||FocusSash|Prankster|Moonblast,Tailwind,Encore,Protect|Timid||M|||50|]Incineroar||SitrusBerry|Intimidate|FlareBlitz,DarkestLariat,FakeOut,PartingShot|Careful||F|||50|]Basculegion||MysticWater|Adaptability|WaveCrash,LastRespects,AquaJet,Protect|Adamant||M|||50|]Charizard||CharizarditeY|Blaze|HeatWave,WeatherBall,SolarBeam,Protect|Modest||M|||50|]Sylveon||FairyFeather|Pixilate|HyperVoice,HyperBeam,QuickAttack,Detect|Modest||F|||50|
|showteam|p2|Mr. Rime||FocusSash|ScreenCleaner|FakeOut,TrickRoom,FreezeDry,SlackOff|Quiet||M|||50|]Slowking-Galar||Leftovers|Regenerator|Protect,Yawn,Psychic,SludgeWave|Calm||M|||50|]Decidueye||IronBall|LongReach|Roost,SpiritShackle,Protect,LeafBlade|Careful||F|||50|]Araquanid||MysticWater|WaterBubble|LeechLife,Liquidation,Protect,AquaRing|Careful||F|||50|]Camerupt||Cameruptite|SolidRock|Protect,Eruption,EarthPower,HeatWave|Modest||M|||50|]Eelektross||Eelektrossite|Levitate|Protect,ThunderPunch,KnockOff,DrainPunch|Serious||M|||50|
|inactive|Battle timer is ON: inactive players will automatically lose when time's up. (requested by Bludahusky)
|inactive|Harbinger Aegis has 60 seconds left.
|inactive|Bludahusky has 60 seconds left.
|
|t:|1784953859
|teamsize|p1|4
|teamsize|p2|4
|start
|switch|p1a: Basculegion|Basculegion, L50, M|100/100
|switch|p1b: Incineroar|Incineroar, L50, F|100/100
|switch|p2a: Mr. Rime|Mr. Rime, L50, M|100/100
|switch|p2b: Araquanid|Araquanid, L50, F|100/100
|-ability|p1b: Incineroar|Intimidate|boost
|-unboost|p2a: Mr. Rime|atk|1
|-unboost|p2b: Araquanid|atk|1
|turn|1
|inactive|Harbinger Aegis has 30 seconds left.
|
|t:|1784953891
|move|p2a: Mr. Rime|Fake Out|p1b: Incineroar
|-damage|p1b: Incineroar|94/100
|move|p1a: Basculegion|Wave Crash|p2a: Mr. Rime
|-enditem|p2a: Mr. Rime|Focus Sash
|-damage|p2a: Mr. Rime|1/100
|-damage|p1a: Basculegion|69/100|[from] Recoil
|cant|p1b: Incineroar|flinch
|move|p2b: Araquanid|Liquidation|p1b: Incineroar
|-supereffective|p1b: Incineroar|1
|-damage|p1b: Incineroar|26/100
|-enditem|p1b: Incineroar|Sitrus Berry|[eat]
|-heal|p1b: Incineroar|50/100g|[from] item: Sitrus Berry
|
|upkeep
|turn|2
|inactive|Harbinger Aegis has 30 seconds left.
|inactive|Bludahusky has 30 seconds left.
|inactive|Harbinger Aegis has 20 seconds left.
|
|t:|1784953927
|move|p1a: Basculegion|Last Respects|p2a: Mr. Rime
|-supereffective|p2a: Mr. Rime|1
|-damage|p2a: Mr. Rime|0 fnt
|faint|p2a: Mr. Rime
|move|p1b: Incineroar|Parting Shot|p2b: Araquanid
|-unboost|p2b: Araquanid|atk|1
|-unboost|p2b: Araquanid|spa|1
|
|t:|1784953934
|switch|p1b: Garchomp|Garchomp, L50, M|100/100|[from] Parting Shot
|move|p2b: Araquanid|Liquidation|p1b: Garchomp
|-damage|p1b: Garchomp|75/100
|-damage|p2b: Araquanid|88/100|[from] ability: Rough Skin|[of] p1b: Garchomp
|
|upkeep
|
|t:|1784953943
|switch|p2a: Slowking|Slowking-Galar, L50, M|100/100
|turn|3
|
|t:|1784953952
|switch|p2b: Camerupt|Camerupt, L50, M|100/100
|move|p1b: Garchomp|Dragon Claw|p2a: Slowking
|-damage|p2a: Slowking|48/100
|-damage|p1b: Garchomp|65/100|[from] item: Life Orb
|move|p1a: Basculegion|Wave Crash|p2a: Slowking
|-damage|p2a: Slowking|0 fnt
|faint|p2a: Slowking
|-damage|p1a: Basculegion|53/100|[from] Recoil
|
|upkeep
|
|t:|1784953962
|switch|p2a: Araquanid|Araquanid, L50, F|88/100
|turn|4
|
|t:|1784953978
|detailschange|p2b: Camerupt|Camerupt-Mega, L50, M
|-mega|p2b: Camerupt|Camerupt|Cameruptite
|move|p1a: Basculegion|Protect|p1a: Basculegion
|-singleturn|p1a: Basculegion|Protect
|move|p1b: Garchomp|Rock Slide|p2a: Araquanid|[spread] p2a,p2b
|-supereffective|p2a: Araquanid|1
|-damage|p2a: Araquanid|37/100
|-damage|p2b: Camerupt|77/100
|-damage|p1b: Garchomp|56/100|[from] item: Life Orb
|move|p2a: Araquanid|Liquidation|p1b: Garchomp
|-damage|p1b: Garchomp|9/100
|-damage|p2a: Araquanid|25/100|[from] ability: Rough Skin|[of] p1b: Garchomp
|move|p2b: Camerupt|Eruption|p1b: Garchomp|[spread] p1b
|-activate|p1a: Basculegion|move: Protect
|-resisted|p1b: Garchomp|1
|-damage|p1b: Garchomp|0 fnt
|faint|p1b: Garchomp
|
|upkeep
|
|t:|1784953995
|switch|p1b: Sylveon|Sylveon, L50, F|100/100
|turn|5
|
|t:|1784954003
|move|p2a: Araquanid|Protect|p2a: Araquanid
|-singleturn|p2a: Araquanid|Protect
|move|p1a: Basculegion|Wave Crash|p2b: Camerupt
|-supereffective|p2b: Camerupt|2
|-damage|p2b: Camerupt|0 fnt
|faint|p2b: Camerupt
|-damage|p1a: Basculegion|30/100|[from] Recoil
|move|p1b: Sylveon|Hyper Voice|p2a: Araquanid
|-activate|p2a: Araquanid|move: Protect
|
|upkeep
|turn|6
|
|t:|1784954016
|move|p1a: Basculegion|Wave Crash|p2a: Araquanid
|-resisted|p2a: Araquanid|1
|-damage|p2a: Araquanid|0 fnt
|faint|p2a: Araquanid
|-damage|p1a: Basculegion|23/100|[from] Recoil
|
|win|Harbinger Aegis
