|j|☆fernsthedruids
|j|☆huntr/x rumi
|html|fernsthedruidshuntr/x rumi    
|uhtml|bestof|Game 3 of a best-of-3
|t:|1756777984
|gametype|doubles
|player|p1|fernsthedruids|dawn|1309
|player|p2|huntr/x rumi|guitarist|1325
|gen|9
|tier|[Gen 9] VGC 2025 Reg H (Bo3)
|rated|
|rule|Species Clause: Limit one of each Pokémon
|rule|Item Clause: Limit 1 of each item
|clearpoke
|poke|p1|Rillaboom, L50, F|
|poke|p1|Kommo-o, L50, M|
|poke|p1|Tyranitar, L50, F|
|poke|p1|Lycanroc, L50, M|
|poke|p1|Gholdengo, L50|
|poke|p1|Corviknight, L50, F|
|poke|p2|Grimmsnarl, L50, M|
|poke|p2|Incineroar, L50, M|
|poke|p2|Gliscor, L50, M|
|poke|p2|Archaludon, L50, M|
|poke|p2|Sinistcha, L50|
|poke|p2|Pelipper, L50, F|
|teampreview|4
|showteam|p1|Rillaboom||AssaultVest|GrassySurge|WoodHammer,FakeOut,HighHorsepower,GrassyGlide|||F|||50|,,,,,Grass]Kommo-o||GrassySeed|Overcoat|IronDefense,BodyPress,DracoMeteor,Protect|||M|||50|,,,,,Steel]Tyranitar||ClearAmulet|SandStream|Protect,KnockOff,DragonDance,RockSlide|||F|||50|,,,,,Water]Lycanroc||FocusSash|SandRush|StompingTantrum,RockSlide,CloseCombat,Protect|||M|||50|,,,,,Stellar]Gholdengo||ChoiceScarf|GoodasGold|MakeItRain,Protect,ShadowBall,Trick||||||50|,,,,,Steel]Corviknight||RockyHelmet|MirrorArmor|BulkUp,BraveBird,Roost,Tailwind|||F|||50|,,,,,Fire
|showteam|p2|Grimmsnarl||LightClay|Prankster|ThunderWave,LightScreen,Reflect,SpiritBreak|||M|||50|,,,,,Ghost]Incineroar||SafetyGoggles|Intimidate|FakeOut,KnockOff,FlareBlitz,PartingShot|||M|||50|,,,,,Ghost]Gliscor||ToxicOrb|PoisonHeal|DualWingbeat,SwordsDance,Protect,HighHorsepower|||M|||50|,,,,,Water]Archaludon||PowerHerb|Stalwart|ElectroShot,DracoMeteor,Thunderbolt,Protect|||M|||50|,,,,,Electric]Sinistcha||AssaultVest|Hospitality|MatchaGotcha,ShadowBall,Scald,Hex||||||50|,,,,,Water]Pelipper||FocusSash|Drizzle|WeatherBall,Hurricane,Tailwind,Protect|||F|||50|,,,,,Ghost
|
|t:|1756778002
|teamsize|p1|4
|teamsize|p2|4
|start
|switch|p1a: Gholdengo|Gholdengo, L50|100/100
|switch|p1b: Lycanroc|Lycanroc, L50, M|100/100
|switch|p2a: Grimmsnarl|Grimmsnarl, L50, M|100/100
|switch|p2b: Archaludon|Archaludon, L50, M|100/100
|turn|1
|
|t:|1756778030
|-terastallize|p2b: Archaludon|Electric
|move|p2a: Grimmsnarl|Light Screen|p2a: Grimmsnarl
|-sidestart|p2: huntr/x rumi|move: Light Screen
|move|p1a: Gholdengo|Trick|p2a: Grimmsnarl
|-activate|p1a: Gholdengo|move: Trick|[of] p2a: Grimmsnarl
|-item|p2a: Grimmsnarl|Choice Scarf|[from] move: Trick
|-item|p1a: Gholdengo|Light Clay|[from] move: Trick
|move|p1b: Lycanroc|Rock Slide|p2b: Archaludon|[spread] p2b
|-miss|p1b: Lycanroc|p2a: Grimmsnarl
|-damage|p2b: Archaludon|79/100
|cant|p2b: Archaludon|flinch
|
|upkeep
|turn|2
|
|t:|1756778053
|move|p1a: Gholdengo|Protect|p1a: Gholdengo
|-singleturn|p1a: Gholdengo|Protect
|move|p2b: Archaludon|Protect|p2b: Archaludon
|-singleturn|p2b: Archaludon|Protect
|move|p2a: Grimmsnarl|Reflect|p2a: Grimmsnarl
|-sidestart|p2: huntr/x rumi|Reflect
|move|p1b: Lycanroc|Rock Slide|p2b: Archaludon|[spread] p2a
|-activate|p2b: Archaludon|move: Protect
|-damage|p2a: Grimmsnarl|81/100
|
|upkeep
|turn|3
|
|t:|1756778071
|switch|p1a: Tyranitar|Tyranitar, L50, F|100/100
|-weather|Sandstorm|[from] ability: Sand Stream|[of] p1a: Tyranitar
|switch|p2a: Sinistcha|Sinistcha, L50|100/100
|-heal|p2b: Archaludon|100/100|[from] ability: Hospitality|[of] p2a: Sinistcha
|move|p1b: Lycanroc|Rock Slide|p2a: Sinistcha|[spread] p2a,p2b
|-damage|p2a: Sinistcha|80/100
|-damage|p2b: Archaludon|87/100
|move|p2b: Archaludon|Electro Shot||[still]
|-prepare|p2b: Archaludon|Electro Shot
|-boost|p2b: Archaludon|spa|1
|-enditem|p2b: Archaludon|Power Herb
|-anim|p2b: Archaludon|Electro Shot|p1a: Tyranitar
|-damage|p1a: Tyranitar|37/100
|
|-weather|Sandstorm|[upkeep]
|-damage|p2b: Archaludon|81/100|[from] Sandstorm
|-damage|p2a: Sinistcha|74/100|[from] Sandstorm
|upkeep
|turn|4
|
|t:|1756778095
|switch|p2a: Pelipper|Pelipper, L50, F|100/100
|-weather|RainDance|[from] ability: Drizzle|[of] p2a: Pelipper
|move|p1a: Tyranitar|Protect|p1a: Tyranitar
|-singleturn|p1a: Tyranitar|Protect
|move|p1b: Lycanroc|Rock Slide|p2b: Archaludon|[spread] p2b
|-miss|p1b: Lycanroc|p2a: Pelipper
|-damage|p2b: Archaludon|66/100
|cant|p2b: Archaludon|flinch
|
|-weather|RainDance|[upkeep]
|upkeep
|turn|5
|
|t:|1756778120
|switch|p1a: Corviknight|Corviknight, L50, F|100/100
|move|p1b: Lycanroc|Rock Slide|p2a: Pelipper|[spread] p2a,p2b
|-supereffective|p2a: Pelipper
|-damage|p2a: Pelipper|48/100
|-damage|p2b: Archaludon|52/100
|cant|p2a: Pelipper|flinch
|move|p2b: Archaludon|Electro Shot||[still]
|-prepare|p2b: Archaludon|Electro Shot
|-boost|p2b: Archaludon|spa|1
|-anim|p2b: Archaludon|Electro Shot|p1a: Corviknight
|-supereffective|p1a: Corviknight
|-damage|p1a: Corviknight|0 fnt
|faint|p1a: Corviknight
|
|-weather|RainDance|[upkeep]
|upkeep
|
|t:|1756778133
|switch|p1a: Tyranitar|Tyranitar, L50, F|37/100
|-weather|Sandstorm|[from] ability: Sand Stream|[of] p1a: Tyranitar
|turn|6
|
|t:|1756778152
|switch|p2a: Sinistcha|Sinistcha, L50|74/100
|-heal|p2b: Archaludon|77/100|[from] ability: Hospitality|[of] p2a: Sinistcha
|move|p1a: Tyranitar|Protect|p1a: Tyranitar
|-singleturn|p1a: Tyranitar|Protect
|move|p1b: Lycanroc|Rock Slide|p2b: Archaludon|[spread] p2a,p2b
|-damage|p2a: Sinistcha|53/100
|-damage|p2b: Archaludon|62/100
|cant|p2b: Archaludon|flinch
|
|-weather|Sandstorm|[upkeep]
|-damage|p2b: Archaludon|56/100|[from] Sandstorm
|-damage|p2a: Sinistcha|47/100|[from] Sandstorm
|-sideend|p2: huntr/x rumi|Reflect
|upkeep
|turn|7
|
|t:|1756778176
|switch|p1a: Gholdengo|Gholdengo, L50|100/100
|switch|p2a: Grimmsnarl|Grimmsnarl, L50, M|81/100
|move|p1b: Lycanroc|Rock Slide|p2a: Grimmsnarl|[spread] p2a,p2b
|-damage|p2a: Grimmsnarl|49/100
|-damage|p2b: Archaludon|33/100
|move|p2b: Archaludon|Thunderbolt|p1a: Gholdengo
|-damage|p1a: Gholdengo|3/100
|
|-weather|Sandstorm|[upkeep]
|-damage|p2a: Grimmsnarl|43/100|[from] Sandstorm
|-damage|p2b: Archaludon|27/100|[from] Sandstorm
|upkeep
|turn|8
|
|t:|1756778212
|move|p2b: Archaludon|Protect|p2b: Archaludon
|-singleturn|p2b: Archaludon|Protect
|move|p2a: Grimmsnarl|Thunder Wave|p1b: Lycanroc
|-status|p1b: Lycanroc|par
|move|p1b: Lycanroc|Rock Slide|p2b: Archaludon|[spread] p2a
|-activate|p2b: Archaludon|move: Protect
|-damage|p2a: Grimmsnarl|11/100
|move|p1a: Gholdengo|Make It Rain|p2a: Grimmsnarl|[spread] p2a
|-activate|p2b: Archaludon|move: Protect
|-supereffective|p2a: Grimmsnarl
|-damage|p2a: Grimmsnarl|0 fnt
|-unboost|p1a: Gholdengo|spa|1
|faint|p2a: Grimmsnarl
|
|-weather|Sandstorm|[upkeep]
|-damage|p2b: Archaludon|21/100|[from] Sandstorm
|-sideend|p2: huntr/x rumi|move: Light Screen
|upkeep
|
|t:|1756778219
|switch|p2a: Pelipper|Pelipper, L50, F|48/100
|-weather|RainDance|[from] ability: Drizzle|[of] p2a: Pelipper
|turn|9
|
|t:|1756778230
|switch|p2a: Sinistcha|Sinistcha, L50|47/100
|-heal|p2b: Archaludon|46/100|[from] ability: Hospitality|[of] p2a: Sinistcha
|switch|p1a: Tyranitar|Tyranitar, L50, F|37/100
|-weather|Sandstorm|[from] ability: Sand Stream|[of] p1a: Tyranitar
|move|p1b: Lycanroc|Rock Slide|p2a: Sinistcha|[spread] p2a,p2b
|-damage|p2a: Sinistcha|18/100
|-damage|p2b: Archaludon|26/100
|move|p2b: Archaludon|Thunderbolt|p1a: Tyranitar
|-damage|p1a: Tyranitar|0 fnt
|faint|p1a: Tyranitar
|
|-weather|Sandstorm|[upkeep]
|-damage|p2b: Archaludon|20/100|[from] Sandstorm
|-damage|p2a: Sinistcha|11/100|[from] Sandstorm
|upkeep
|
|t:|1756778243
|switch|p1a: Gholdengo|Gholdengo, L50|3/100
|turn|10
|
|t:|1756778253
|switch|p2a: Pelipper|Pelipper, L50, F|48/100
|-weather|RainDance|[from] ability: Drizzle|[of] p2a: Pelipper
|move|p2b: Archaludon|Protect|p2b: Archaludon
|-singleturn|p2b: Archaludon|Protect
|move|p1a: Gholdengo|Shadow Ball|p2b: Archaludon
|-activate|p2b: Archaludon|move: Protect
|move|p1b: Lycanroc|Rock Slide|p2b: Archaludon|[spread] p2a
|-activate|p2b: Archaludon|move: Protect
|-supereffective|p2a: Pelipper
|-damage|p2a: Pelipper|0 fnt
|faint|p2a: Pelipper
|
|-weather|RainDance|[upkeep]
|upkeep
|
|t:|1756778257
|switch|p2a: Sinistcha|Sinistcha, L50|11/100
|-heal|p2b: Archaludon|45/100|[from] ability: Hospitality|[of] p2a: Sinistcha
|turn|11
|
|t:|1756778278
|move|p1a: Gholdengo|Make It Rain|p2a: Sinistcha|[spread] p2a,p2b
|-resisted|p2b: Archaludon
|-damage|p2a: Sinistcha|0 fnt
|-damage|p2b: Archaludon|17/100
|-unboost|p1a: Gholdengo|spa|1
|faint|p2a: Sinistcha
|move|p2b: Archaludon|Thunderbolt|p1a: Gholdengo
|-damage|p1a: Gholdengo|0 fnt
|faint|p1a: Gholdengo
|move|p1b: Lycanroc|Stomping Tantrum|p2b: Archaludon
|-supereffective|p2b: Archaludon
|-crit|p2b: Archaludon
|-damage|p2b: Archaludon|0 fnt
|faint|p2b: Archaludon
|
|win|fernsthedruids
|raw|fernsthedruids's rating: 1309 → 1330(+21 for winning)
|raw|huntr/x rumi's rating: 1325 → 1304(-21 for losing)
|l|☆huntr/x rumi
|player|p2|
|l|☆fernsthedruids
|player|p1|
|j|☆huntr/x rumi
|player|p2|huntr/x rumi|guitarist|
