|j|☆JareMase
|j|☆kaiverychill
|html|JareMasekaiverychill    
|uhtml|bestof|Game 1 of a best-of-3
|t:|1786086597
|gametype|doubles
|player|p1|JareMase|265|1254
|player|p2|kaiverychill|169|1201
|gen|9
|tier|[Gen 9 Champions] VGC 2026 Reg M-B (Bo3)
|rated|
|rule|Species Clause: Limit one of each Pokémon
|rule|Item Clause: Limit 1 of each item
|clearpoke
|poke|p1|Scrafty, L50, M|
|poke|p1|Talonflame, L50, M|
|poke|p1|Glimmora, L50, F|
|poke|p1|Metagross, L50|
|poke|p1|Ninetales-Alola, L50, M|
|poke|p1|Farigiraf, L50, M|
|poke|p2|Tinkaton, L50, F|
|poke|p2|Floette-Eternal, L50, F|
|poke|p2|Delphox, L50, F|
|poke|p2|Talonflame, L50, F|
|poke|p2|Kleavor, L50, M|
|poke|p2|Kingambit, L50, F|
|teampreview|4
|showteam|p1|Scrafty||Scraftinite|Intimidate|CloseCombat,KnockOff,FakeOut,IcePunch|Adamant||M|||50|]Talonflame||SharpBeak|GaleWings|Protect,Tailwind,DualWingbeat,FlareBlitz|Jolly||M|||50|]Glimmora||FocusSash|ToxicDebris|SpikyShield,EarthPower,SludgeBomb,PowerGem|Modest||F|||50|]Metagross||Metagrossite|ClearBody|Protect,HardPress,PsychicFangs,StompingTantrum|Jolly|||||50|]Ninetales-Alola||NeverMeltIce|SnowWarning|Protect,Encore,FreezeDry,Blizzard|Timid||M|||50|]Farigiraf||SitrusBerry|ArmorTail|Protect,HelpingHand,Roar,Psychic|Bold||M|||50|
|showteam|p2|Tinkaton||OccaBerry|MoldBreaker|Protect,FakeOut,GigatonHammer,Feint|Adamant||F|||50|]Floette-Eternal||Floettite|FlowerVeil|Protect,DazzlingGleam,Moonblast,LightofRuin|Timid||F|||50|]Delphox||Delphoxite|Blaze|Protect,HeatWave,Psychic,Substitute|Timid||F|||50|]Talonflame||SharpBeak|GaleWings|BraveBird,Protect,QuickGuard,Tailwind|Adamant||F|||50|]Kleavor||FocusSash|Sharpness|XScissor,Protect,CloseCombat,StoneAxe|Jolly||M|||50|]Kingambit||LifeOrb|Defiant|Protect,KowtowCleave,SuckerPunch,SwordsDance|Adamant||F|||50|
|inactive|Battle timer is ON: inactive players will automatically lose when time's up. (requested by kaiverychill)
|inactive|JareMase has 60 seconds left.
|inactive|kaiverychill has 60 seconds left.
|inactive|JareMase has 30 seconds left.
|inactive|JareMase has 20 seconds left.
|inactive|JareMase has 15 seconds left.
|inactive|JareMase has 10 seconds left.
|
|t:|1786086680
|teamsize|p1|4
|teamsize|p2|4
|start
|switch|p1a: Scrafty|Scrafty, L50, M|100/100
|switch|p1b: Glimmora|Glimmora, L50, F|100/100
|switch|p2a: Tinkaton|Tinkaton, L50, F|100/100
|switch|p2b: Delphox|Delphox, L50, F|100/100
|-ability|p2a: Tinkaton|Mold Breaker
|-ability|p1a: Scrafty|Intimidate|boost
|-unboost|p2a: Tinkaton|atk|1
|-unboost|p2b: Delphox|atk|1
|turn|1
|inactive|kaiverychill has 30 seconds left.
|inactive|JareMase has 30 seconds left.
|
|t:|1786086716
|switch|p1b: Farigiraf|Farigiraf, L50, M|100/100
|detailschange|p2b: Delphox|Delphox-Mega, L50, F
|-mega|p2b: Delphox|Delphox|Delphoxite
|detailschange|p1a: Scrafty|Scrafty-Mega, L50, M
|-mega|p1a: Scrafty|Scrafty|Scraftinite
|-ability|p1a: Scrafty|Intimidate|boost
|-unboost|p2a: Tinkaton|atk|1
|-unboost|p2b: Delphox|atk|1
|move|p2a: Tinkaton|Fake Out|p1a: Scrafty
|-damage|p1a: Scrafty|95/100
|move|p2b: Delphox|Heat Wave|p1b: Farigiraf|[spread] p1a
|-miss|p2b: Delphox|p1b: Farigiraf
|-damage|p1a: Scrafty|64/100
|cant|p1a: Scrafty|flinch
|
|upkeep
|turn|2
|c|☆JareMase|i am so stupif
|
|t:|1786086738
|switch|p2a: Kleavor|Kleavor, L50, M|100/100
|switch|p1b: Glimmora|Glimmora, L50, F|100/100
|move|p2b: Delphox|Substitute|p2b: Delphox
|-start|p2b: Delphox|Substitute
|-damage|p2b: Delphox|75/100
|move|p1a: Scrafty|Knock Off|p2b: Delphox
|-supereffective|p2b: Delphox|1
|-end|p2b: Delphox|Substitute
|
|upkeep
|turn|3
|
|t:|1786086761
|switch|p2b: Tinkaton|Tinkaton, L50, F|100/100
|-ability|p2b: Tinkaton|Mold Breaker
|switch|p1a: Farigiraf|Farigiraf, L50, M|100/100
|move|p2a: Kleavor|Close Combat|p1a: Farigiraf
|-damage|p1a: Farigiraf|63/100
|-unboost|p2a: Kleavor|def|1
|-unboost|p2a: Kleavor|spd|1
|move|p1b: Glimmora|Power Gem|p2a: Kleavor
|-supereffective|p2a: Kleavor|1
|-enditem|p2a: Kleavor|Focus Sash
|-damage|p2a: Kleavor|1/100
|
|upkeep
|turn|4
|
|t:|1786086786
|switch|p1a: Scrafty|Scrafty-Mega, L50, M|64/100
|-ability|p1a: Scrafty|Intimidate|boost
|-unboost|p2a: Kleavor|atk|1
|-unboost|p2b: Tinkaton|atk|1
|move|p1b: Glimmora|Spiky Shield|p1b: Glimmora
|-singleturn|p1b: Glimmora|move: Protect
|move|p2b: Tinkaton|Fake Out|p1b: Glimmora
|-activate|p1b: Glimmora|move: Protect
|-damage|p2b: Tinkaton|87/100|[from] Spiky Shield|[of] p1b: Glimmora
|move|p2a: Kleavor|X-Scissor|p1a: Scrafty
|-damage|p1a: Scrafty|29/100
|
|upkeep
|turn|5
|inactive|kaiverychill has 30 seconds left.
|inactive|kaiverychill has 20 seconds left.
|
|t:|1786086824
|move|p2a: Kleavor|Protect|p2a: Kleavor
|-singleturn|p2a: Kleavor|Protect
|move|p1a: Scrafty|Fake Out|p2b: Tinkaton
|-resisted|p2b: Tinkaton|1
|-damage|p2b: Tinkaton|80/100
|move|p1b: Glimmora|Earth Power|p2b: Tinkaton
|-supereffective|p2b: Tinkaton|1
|-damage|p2b: Tinkaton|22/100
|cant|p2b: Tinkaton|flinch
|
|upkeep
|turn|6
|
|t:|1786086843
|switch|p1a: Ninetales|Ninetales-Alola, L50, M|100/100
|-weather|Snowscape|[from] ability: Snow Warning|[of] p1a: Ninetales
|move|p1b: Glimmora|Spiky Shield|p1b: Glimmora
|-singleturn|p1b: Glimmora|move: Protect
|move|p2a: Kleavor|X-Scissor|p1a: Ninetales
|-resisted|p1a: Ninetales|1
|-damage|p1a: Ninetales|82/100
|move|p2b: Tinkaton|Gigaton Hammer|p1b: Glimmora
|-activate|p1b: Glimmora|move: Protect
|
|-weather|Snowscape|[upkeep]
|upkeep
|turn|7
|c|☆JareMase|gigaton hammer isnt contact?
|inactive|JareMase has 30 seconds left.
|inactive|JareMase has 20 seconds left.
|
|t:|1786086879
|move|p1a: Ninetales|Protect|p1a: Ninetales
|-singleturn|p1a: Ninetales|Protect
|move|p2a: Kleavor|Protect|p2a: Kleavor
|-singleturn|p2a: Kleavor|Protect
|move|p2b: Tinkaton|Protect|p2b: Tinkaton
|-singleturn|p2b: Tinkaton|Protect
|move|p1b: Glimmora|Earth Power|p2b: Tinkaton
|-activate|p2b: Tinkaton|move: Protect
|
|-weather|Snowscape|[upkeep]
|upkeep
|turn|8
|
|t:|1786086897
|switch|p1b: Scrafty|Scrafty-Mega, L50, M|29/100
|-ability|p1b: Scrafty|Intimidate|boost
|-unboost|p2a: Kleavor|atk|1
|-unboost|p2b: Tinkaton|atk|1
|switch|p2b: Delphox|Delphox-Mega, L50, F|75/100
|move|p1a: Ninetales|Blizzard|p2b: Delphox|[spread] p2a,p2b
|-resisted|p2b: Delphox|1
|-damage|p2a: Kleavor|0 fnt
|-damage|p2b: Delphox|59/100
|faint|p2a: Kleavor
|
|-weather|Snowscape|[upkeep]
|upkeep
|
|t:|1786086917
|switch|p2a: Tinkaton|Tinkaton, L50, F|22/100
|-ability|p2a: Tinkaton|Mold Breaker
|turn|9
|
|t:|1786086929
|move|p1a: Ninetales|Protect|p1a: Ninetales
|-singleturn|p1a: Ninetales|Protect
|move|p1b: Scrafty|Fake Out|p2b: Delphox
|-damage|p2b: Delphox|37/100
|move|p2a: Tinkaton|Feint|p1a: Ninetales
|-activate|p1a: Ninetales|move: Feint
|-damage|p1a: Ninetales|75/100
|cant|p2b: Delphox|flinch
|
|-weather|Snowscape|[upkeep]
|upkeep
|turn|10
|
|t:|1786086952
|switch|p1a: Farigiraf|Farigiraf, L50, M|63/100
|move|p2b: Delphox|Heat Wave|p1b: Scrafty|[spread] p1b
|-miss|p2b: Delphox|p1a: Farigiraf
|-damage|p1b: Scrafty|0 fnt
|faint|p1b: Scrafty
|move|p2a: Tinkaton|Gigaton Hammer|p1a: Farigiraf
|-damage|p1a: Farigiraf|22/100
|-enditem|p1a: Farigiraf|Sitrus Berry|[eat]
|-heal|p1a: Farigiraf|47/100|[from] item: Sitrus Berry
|
|-weather|none
|upkeep
|
|t:|1786086972
|switch|p1b: Glimmora|Glimmora, L50, F|100/100
|turn|11
|
|t:|1786086990
|switch|p1b: Ninetales|Ninetales-Alola, L50, M|75/100
|-weather|Snowscape|[from] ability: Snow Warning|[of] p1b: Ninetales
|move|p2a: Tinkaton|Feint|p1b: Ninetales
|-damage|p1b: Ninetales|68/100
|move|p2b: Delphox|Psychic|p1b: Ninetales
|-damage|p1b: Ninetales|14/100
|move|p1a: Farigiraf|Roar|p2b: Delphox
|drag|p2b: Talonflame|Talonflame, L50, F|100/100
|
|-weather|Snowscape|[upkeep]
|upkeep
|turn|12
|inactive|JareMase has 30 seconds left.
|
|t:|1786087016
|move|p1b: Ninetales|Protect|p1b: Ninetales
|-singleturn|p1b: Ninetales|Protect
|move|p2b: Talonflame|Tailwind|p2b: Talonflame
|-sidestart|p2: kaiverychill|move: Tailwind
|move|p2a: Tinkaton|Gigaton Hammer|p1b: Ninetales
|-activate|p1b: Ninetales|move: Protect
|move|p1a: Farigiraf|Psychic|p2b: Talonflame
|-crit|p2b: Talonflame
|-damage|p2b: Talonflame|24/100
|
|-weather|Snowscape|[upkeep]
|upkeep
|turn|13
|
|t:|1786087039
|move|p2a: Tinkaton|Protect|p2a: Tinkaton
|-singleturn|p2a: Tinkaton|Protect
|move|p2b: Talonflame|Brave Bird|p1b: Ninetales
|-damage|p1b: Ninetales|0 fnt
|faint|p1b: Ninetales
|-damage|p2b: Talonflame|19/100|[from] Recoil
|move|p1a: Farigiraf|Psychic|p2b: Talonflame
|-damage|p2b: Talonflame|0 fnt
|faint|p2b: Talonflame
|
|-weather|Snowscape|[upkeep]
|upkeep
|
|t:|1786087044
|switch|p2b: Delphox|Delphox-Mega, L50, F|37/100
|switch|p1b: Glimmora|Glimmora, L50, F|100/100
|turn|14
|
|t:|1786087062
|move|p2a: Tinkaton|Feint|p1b: Glimmora
|-resisted|p1b: Glimmora|1
|-damage|p1b: Glimmora|96/100
|-activate|p1b: Glimmora|ability: Toxic Debris
|-sidestart|p2: kaiverychill|move: Toxic Spikes
|move|p2b: Delphox|Psychic|p1b: Glimmora
|-supereffective|p1b: Glimmora|1
|-damage|p1b: Glimmora|0 fnt
|faint|p1b: Glimmora
|move|p1a: Farigiraf|Psychic|p2a: Tinkaton
|-resisted|p2a: Tinkaton|1
|-damage|p2a: Tinkaton|10/100
|
|-weather|Snowscape|[upkeep]
|upkeep
|turn|15
|
|t:|1786087077
|move|p2b: Delphox|Heat Wave|p1a: Farigiraf
|-damage|p1a: Farigiraf|0 fnt
|faint|p1a: Farigiraf
|
|win|kaiverychill
||kaiverychill is ready for game 2.
||JareMase is ready for game 2.
|uhtml|next|Next: Game 2 of 3
