|j|☆Shishio_Ax
|j|☆CrystalGem02
|html|Shishio_AxCrystalGem02    
|uhtml|bestof|Game 1 of a best-of-3
|t:|1756748096
|gametype|doubles
|player|p1|Shishio_Ax|gambler|1277
|player|p2|CrystalGem02|valerie|1342
|gen|9
|tier|[Gen 9] VGC 2025 Reg H (Bo3)
|rated|
|rule|Species Clause: Limit one of each Pokémon
|rule|Item Clause: Limit 1 of each item
|clearpoke
|poke|p1|Volcarona, L50, M|
|poke|p1|Dragapult, L50, M|
|poke|p1|Sneasler, L50, F|
|poke|p1|Milotic, L50, F|
|poke|p1|Ursaluna-Bloodmoon, L50, M|
|poke|p1|Whimsicott, L50, F|
|poke|p2|Toedscruel, L50, F|
|poke|p2|Weezing-Galar, L50, M|
|poke|p2|Corviknight, L50, M|
|poke|p2|Pawmot, L50, F|
|poke|p2|Garchomp, L50, F|
|poke|p2|Typhlosion-Hisui, L50, F|
|teampreview|4
|showteam|p1|Volcarona||SitrusBerry|FlameBody|HeatWave,TeraBlast,QuiverDance,Protect|||M|||50|,,,,,Fairy]Dragapult||ChoiceBand|ClearBody|DragonDarts,Outrage,PhantomForce,Uturn|||M|||50|,,,,,Dragon]Sneasler||FocusSash|Unburden|DireClaw,CloseCombat,FakeOut,Protect|||F|||50|,,,,,Dark]Milotic||FlameOrb|MarvelScale|Scald,IceBeam,Haze,Protect|||F|||50|,,,,,Fairy]Ursaluna-Bloodmoon||LifeOrb|MindsEye|BloodMoon,HyperVoice,EarthPower,Protect|||M|||50|,,,,,Normal]Whimsicott||CovertCloak|Prankster|Moonblast,Tailwind,Encore,SunnyDay|||F|||50|,,,,,Poison
|showteam|p2|Toedscruel||CovertCloak|MyceliumMight|EarthPower,AcidSpray,Spore,RagePowder|||F|||50|,,,,,Water]Weezing-Galar||ChoiceSpecs|NeutralizingGas|SludgeBomb,StrangeSteam,DazzlingGleam,Flamethrower|||M|||50|,,,,,Fire]Corviknight||SitrusBerry|MirrorArmor|BraveBird,Tailwind,Roost,Protect|||M|||50|,,,,,Dragon]Pawmot||FocusSash|NaturalCure|CloseCombat,DoubleShock,FakeOut,Protect|||F|||50|,,,,,Electric]Garchomp||LifeOrb|RoughSkin|DragonClaw,StompingTantrum,Earthquake,Protect|||F|||50|,,,,,Ground]Typhlosion-Hisui||ChoiceScarf|Blaze|Eruption,HeatWave,ShadowBall,SleepTalk|||F|||50|,,,,,Fire
|
|t:|1756748133
|teamsize|p1|4
|teamsize|p2|4
|start
|switch|p1a: Rudra|Dragapult, L50, M|100/100
|switch|p1b: Mary|Whimsicott, L50, F|100/100
|switch|p2a: Typhlosion|Typhlosion-Hisui, L50, F|100/100
|switch|p2b: Pawmot|Pawmot, L50, F|100/100
|turn|1
|inactive|Battle timer is ON: inactive players will automatically lose when time's up. (requested by CrystalGem02)
|inactive|Shishio_Ax has 60 seconds left.
|inactive|CrystalGem02 has 60 seconds left.
|
|t:|1756748180
|move|p1b: Mary|Tailwind|p1b: Mary
|-sidestart|p1: Shishio_Ax|move: Tailwind
|move|p1a: Rudra|Dragon Darts|p2a: Typhlosion
|-damage|p2a: Typhlosion|38/100
|-anim|p1a: Rudra|Dragon Darts|p2b: Pawmot
|-damage|p2b: Pawmot|38/100
|move|p2a: Typhlosion|Heat Wave|p1a: Rudra|[spread] p1a,p1b
|-resisted|p1a: Rudra
|-supereffective|p1b: Mary
|-damage|p1a: Rudra|73/100
|-damage|p1b: Mary|5/100
|move|p2b: Pawmot|Close Combat|p1a: Rudra
|-immune|p1a: Rudra
|
|upkeep
|turn|2
|
|t:|1756748192
|switch|p1b: Shāhmat|Ursaluna-Bloodmoon, L50, M|100/100
|move|p2b: Pawmot|Protect|p2b: Pawmot
|-singleturn|p2b: Pawmot|Protect
|move|p1a: Rudra|Dragon Darts|p2a: Typhlosion
|-damage|p2a: Typhlosion|0 fnt
|faint|p2a: Typhlosion
|
|upkeep
|
|t:|1756748198
|switch|p2a: Corviknight|Corviknight, L50, M|100/100
|turn|3
|
|t:|1756748203
|-terastallize|p1b: Shāhmat|Normal
|move|p2b: Pawmot|Protect|p2b: Pawmot
|-singleturn|p2b: Pawmot|Protect
|move|p1a: Rudra|Dragon Darts|p2a: Corviknight
|-resisted|p2a: Corviknight
|-damage|p2a: Corviknight|84/100
|-anim|p1a: Rudra|Dragon Darts|p2a: Corviknight
|-resisted|p2a: Corviknight
|-damage|p2a: Corviknight|67/100
|move|p1b: Shāhmat|Blood Moon|p2a: Corviknight
|-resisted|p2a: Corviknight
|-damage|p2a: Corviknight|2/100
|-enditem|p2a: Corviknight|Sitrus Berry|[eat]
|-heal|p2a: Corviknight|27/100|[from] item: Sitrus Berry
|-damage|p1b: Shāhmat|91/100|[from] item: Life Orb
|move|p2a: Corviknight|Tailwind|p2a: Corviknight
|-sidestart|p2: CrystalGem02|move: Tailwind
|
|upkeep
|turn|4
|
|t:|1756748223
|switch|p1b: Mary|Whimsicott, L50, F|5/100
|move|p1a: Rudra|Dragon Darts|p2b: Pawmot
|-damage|p2b: Pawmot|0 fnt
|-anim|p1a: Rudra|Dragon Darts|p2a: Corviknight
|-resisted|p2a: Corviknight
|-damage|p2a: Corviknight|11/100
|faint|p2b: Pawmot
|move|p2a: Corviknight|Roost|p2a: Corviknight
|-heal|p2a: Corviknight|61/100
|-singleturn|p2a: Corviknight|move: Roost
|
|-sideend|p1: Shishio_Ax|move: Tailwind
|upkeep
|
|t:|1756748234
|switch|p2b: Garchomp|Garchomp, L50, F|100/100
|turn|5
|
|t:|1756748250
|-terastallize|p2b: Garchomp|Ground
|move|p1b: Mary|Tailwind|p1b: Mary
|-sidestart|p1: Shishio_Ax|move: Tailwind
|move|p1a: Rudra|Dragon Darts|p2b: Garchomp
|-damage|p2b: Garchomp|56/100
|-anim|p1a: Rudra|Dragon Darts|p2a: Corviknight
|-resisted|p2a: Corviknight
|-damage|p2a: Corviknight|45/100
|move|p2b: Garchomp|Earthquake|p1b: Mary|[spread] p1a,p1b
|-immune|p2a: Corviknight
|-resisted|p1b: Mary
|-damage|p1a: Rudra|0 fnt
|-damage|p1b: Mary|0 fnt
|faint|p1a: Rudra
|faint|p1b: Mary
|-damage|p2b: Garchomp|47/100|[from] item: Life Orb
|move|p2a: Corviknight|Roost|p2a: Corviknight
|-heal|p2a: Corviknight|95/100
|-singleturn|p2a: Corviknight|move: Roost
|
|upkeep
|
|t:|1756748257
|switch|p1a: Shāhmat|Ursaluna-Bloodmoon, L50, M, tera:Normal|91/100
|switch|p1b: D'oro|Sneasler, L50, F|100/100
|turn|6
|inactive|CrystalGem02 has 30 seconds left.
|
|t:|1756748285
|move|p1b: D'oro|Fake Out|p2a: Corviknight
|-resisted|p2a: Corviknight
|-damage|p2a: Corviknight|89/100
|move|p2b: Garchomp|Earthquake|p1a: Shāhmat|[spread] p1a,p1b
|-immune|p2a: Corviknight
|-crit|p1a: Shāhmat
|-supereffective|p1b: D'oro
|-damage|p1a: Shāhmat|16/100
|-enditem|p1b: D'oro|Focus Sash
|-damage|p1b: D'oro|1/100
|-damage|p2b: Garchomp|37/100|[from] item: Life Orb
|cant|p2a: Corviknight|flinch
|move|p1a: Shāhmat|Hyper Voice|p2a: Corviknight|[spread] p2a,p2b
|-resisted|p2a: Corviknight
|-damage|p2a: Corviknight|59/100
|-damage|p2b: Garchomp|0 fnt
|faint|p2b: Garchomp
|-damage|p1a: Shāhmat|6/100|[from] item: Life Orb
|
|-sideend|p2: CrystalGem02|move: Tailwind
|upkeep
|turn|7
|
|t:|1756748304
|move|p2a: Corviknight|Protect|p2a: Corviknight
|-singleturn|p2a: Corviknight|Protect
|move|p1b: D'oro|Close Combat|p2a: Corviknight
|-activate|p2a: Corviknight|move: Protect
|move|p1a: Shāhmat|Blood Moon|p2a: Corviknight
|-activate|p2a: Corviknight|move: Protect
|
|upkeep
|turn|8
|
|t:|1756748316
|move|p1b: D'oro|Close Combat|p2a: Corviknight
|-damage|p2a: Corviknight|0 fnt
|-unboost|p1b: D'oro|def|1
|-unboost|p1b: D'oro|spd|1
|faint|p2a: Corviknight
|
|win|Shishio_Ax
