|j|☆jakalallaaa
|j|☆homerj71
|html|jakalallaaahomerj71    
|uhtml|bestof|Game 1 of a best-of-3
|t:|1784225846
|gametype|doubles
|player|p1|jakalallaaa|170|1040
|player|p2|homerj71|265|1063
|gen|9
|tier|[Gen 9 Champions] VGC 2026 Reg M-B (Bo3)
|rated|
|rule|Species Clause: Limit one of each Pokémon
|rule|Item Clause: Limit 1 of each item
|clearpoke
|poke|p1|Tyranitar, L50, F|
|poke|p1|Cofagrigus, L50, M, shiny|
|poke|p1|Reuniclus, L50, M, shiny|
|poke|p1|Sylveon, L50, M|
|poke|p1|Clawitzer, L50, F|
|poke|p1|Excadrill, L50, F|
|poke|p2|Sneasler, L50, F|
|poke|p2|Sinistcha, L50|
|poke|p2|Incineroar, L50, F|
|poke|p2|Kingambit, L50, M|
|poke|p2|Delphox, L50, F|
|poke|p2|Blastoise, L50, F|
|teampreview|4
|showteam|p1|Tyranitar||Tyranitarite|SandStream|LowKick,RockSlide,KnockOff,IcePunch|Brave||F|||50|]Cofagrigus|||Mummy|BodyPress,IronDefense,WillOWisp,TrickRoom|Relaxed||M|||50|]Reuniclus||LifeOrb|MagicGuard|Protect,Psychic,ShadowBall,FocusBlast|Relaxed||M|||50|]Sylveon||FairyFeather|Pixilate|HyperVoice,HyperBeam,CalmMind,Protect|Modest||M|||50|]Clawitzer||MysticWater|MegaLauncher|IceBeam,WaterPulse,AuraSphere,FlashCannon|Sassy||F|||50|]Excadrill||FocusSash|SandForce|HighHorsepower,IronHead,RockSlide,BrickBreak|Adamant||F|||50|
|showteam|p2|Sneasler||FocusSash|PoisonTouch|QuickGuard,FakeOut,DireClaw,CloseCombat|Jolly||F|||50|]Sinistcha||OccaBerry|Hospitality|Protect,RagePowder,MatchaGotcha,TrickRoom|Relaxed|||||50|]Incineroar||SitrusBerry|Intimidate|FakeOut,FlareBlitz,ThroatChop,PartingShot|Careful||F|||50|]Kingambit||BlackGlasses|Defiant|KowtowCleave,SwordsDance,SuckerPunch,Protect|Adamant||M|||50|]Delphox||Delphoxite|Blaze|Protect,NastyPlot,HeatWave,Psyshock|Timid||F|||50|]Blastoise||Blastoisinite|RainDish|WaterSpout,DarkPulse,ShellSmash,Protect|Modest||F|||50|
|inactive|Battle timer is ON: inactive players will automatically lose when time's up. (requested by homerj71)
|inactive|homerj71 has 60 seconds left.
|
|t:|1784225881
|teamsize|p1|4
|teamsize|p2|4
|start
|switch|p1a: Cofagrigus|Cofagrigus, L50, M, shiny|100/100
|switch|p1b: Clawitzer|Clawitzer, L50, F|100/100
|switch|p2a: Blastoise|Blastoise, L50, F|100/100
|switch|p2b: Incineroar|Incineroar, L50, F|100/100
|-ability|p2b: Incineroar|Intimidate|boost
|-unboost|p1a: Cofagrigus|atk|1
|-unboost|p1b: Clawitzer|atk|1
|turn|1
|
|t:|1784225906
|detailschange|p2a: Blastoise|Blastoise-Mega, L50, F
|-mega|p2a: Blastoise|Blastoise|Blastoisinite
|move|p2b: Incineroar|Fake Out|p1b: Clawitzer
|-damage|p1b: Clawitzer|85/100
|move|p2a: Blastoise|Shell Smash|p2a: Blastoise
|-unboost|p2a: Blastoise|def|1
|-unboost|p2a: Blastoise|spd|1
|-boost|p2a: Blastoise|atk|2
|-boost|p2a: Blastoise|spa|2
|-boost|p2a: Blastoise|spe|2
|cant|p1b: Clawitzer|flinch
|move|p1a: Cofagrigus|Trick Room|p1a: Cofagrigus
|-fieldstart|move: Trick Room|[of] p1a: Cofagrigus
|
|upkeep
|turn|2
|inactive|jakalallaaa has 30 seconds left.
|inactive|jakalallaaa has 20 seconds left.
|inactive|jakalallaaa has 15 seconds left.
|inactive|jakalallaaa has 10 seconds left.
|
|t:|1784225955
|move|p2a: Blastoise|Protect|p2a: Blastoise
|-singleturn|p2a: Blastoise|Protect
|move|p1a: Cofagrigus|Iron Defense|p1a: Cofagrigus
|-boost|p1a: Cofagrigus|def|2
|move|p1b: Clawitzer|Water Pulse|p2b: Incineroar
|-supereffective|p2b: Incineroar|1
|-damage|p2b: Incineroar|15/100
|-enditem|p2b: Incineroar|Sitrus Berry|[eat]
|-heal|p2b: Incineroar|40/100|[from] item: Sitrus Berry
|move|p2b: Incineroar|Parting Shot|p1b: Clawitzer
|-unboost|p1b: Clawitzer|atk|1
|-unboost|p1b: Clawitzer|spa|1
|
|t:|1784225966
|switch|p2b: Sinistcha|Sinistcha, L50|100/100|[from] Parting Shot
|
|upkeep
|turn|3
|inactive|jakalallaaa has 30 seconds left.
|inactive|jakalallaaa has 20 seconds left.
|inactive|jakalallaaa has 15 seconds left.
|
|t:|1784226007
|move|p2b: Sinistcha|Rage Powder|p2b: Sinistcha
|-singleturn|p2b: Sinistcha|move: Rage Powder
|move|p1a: Cofagrigus|Body Press|p2b: Sinistcha
|-immune|p2b: Sinistcha
|move|p1b: Clawitzer|Ice Beam|p2b: Sinistcha
|-supereffective|p2b: Sinistcha|1
|-damage|p2b: Sinistcha|59/100
|move|p2a: Blastoise|Water Spout|p1a: Cofagrigus|[spread] p1a,p1b
|-resisted|p1b: Clawitzer|1
|-damage|p1a: Cofagrigus|0 fnt
|-damage|p1b: Clawitzer|19/100
|faint|p1a: Cofagrigus
|
|upkeep
|inactive|jakalallaaa has 30 seconds left.
|
|t:|1784226033
|switch|p1a: Tyranitar|Tyranitar, L50, F|100/100
|-weather|Sandstorm|[from] ability: Sand Stream|[of] p1a: Tyranitar
|turn|4
|
|t:|1784226048
|switch|p2b: Incineroar|Incineroar, L50, F|40/100
|-ability|p2b: Incineroar|Intimidate|boost
|-unboost|p1a: Tyranitar|atk|1
|-unboost|p1b: Clawitzer|atk|1
|detailschange|p1a: Tyranitar|Tyranitar-Mega, L50, F
|-mega|p1a: Tyranitar|Tyranitar|Tyranitarite
|move|p2a: Blastoise|Protect|p2a: Blastoise
|-singleturn|p2a: Blastoise|Protect
|move|p1b: Clawitzer|Ice Beam|p2b: Incineroar
|-resisted|p2b: Incineroar|1
|-damage|p2b: Incineroar|32/100
|move|p1a: Tyranitar|Knock Off|p2a: Blastoise
|-activate|p2a: Blastoise|move: Protect
|
|-weather|Sandstorm|[upkeep]
|-damage|p1b: Clawitzer|13/100|[from] Sandstorm
|-damage|p2b: Incineroar|26/100|[from] Sandstorm
|-damage|p2a: Blastoise|94/100|[from] Sandstorm
|upkeep
|turn|5
|inactive|jakalallaaa has 30 seconds left.
|inactive|jakalallaaa has 20 seconds left.
|inactive|jakalallaaa has 15 seconds left.
|inactive|jakalallaaa has 10 seconds left.
|inactive|jakalallaaa has 5 seconds left.
|
|t:|1784226101
|move|p2b: Incineroar|Fake Out|p1a: Tyranitar
|-resisted|p1a: Tyranitar|1
|-damage|p1a: Tyranitar|96/100
|move|p1b: Clawitzer|Water Pulse|p2b: Incineroar
|-supereffective|p2b: Incineroar|1
|-damage|p2b: Incineroar|0 fnt
|faint|p2b: Incineroar
|cant|p1a: Tyranitar|flinch
|move|p2a: Blastoise|Water Spout|p1a: Tyranitar|[spread] p1a,p1b
|-supereffective|p1a: Tyranitar|1
|-resisted|p1b: Clawitzer|1
|-damage|p1a: Tyranitar|0 fnt
|-damage|p1b: Clawitzer|0 fnt
|faint|p1a: Tyranitar
|faint|p1b: Clawitzer
|
|-weather|Sandstorm|[upkeep]
|-damage|p2a: Blastoise|88/100|[from] Sandstorm
|-fieldend|move: Trick Room
|upkeep
|inactive|jakalallaaa has 30 seconds left.
|inactive|jakalallaaa has 20 seconds left.
|inactive|jakalallaaa has 15 seconds left.
|inactive|jakalallaaa has 10 seconds left.
|inactive|jakalallaaa has 5 seconds left.
|
|t:|1784226156
|switch|p2b: Sinistcha|Sinistcha, L50|59/100
|switch|p1a: Excadrill|Excadrill, L50, F|100/100
|-heal|p2a: Blastoise|100/100|[from] ability: Hospitality|[of] p2b: Sinistcha
|turn|6
|inactive|jakalallaaa has 30 seconds left.
|
|t:|1784226183
|move|p2b: Sinistcha|Rage Powder|p2b: Sinistcha
|-singleturn|p2b: Sinistcha|move: Rage Powder
|move|p2a: Blastoise|Dark Pulse|p1a: Excadrill
|-enditem|p1a: Excadrill|Focus Sash
|-damage|p1a: Excadrill|1/100
|move|p1a: Excadrill|High Horsepower|p2b: Sinistcha
|-resisted|p2b: Sinistcha|1
|-damage|p2b: Sinistcha|30/100
|
|-weather|Sandstorm|[upkeep]
|-damage|p2a: Blastoise|94/100|[from] Sandstorm
|-damage|p2b: Sinistcha|24/100|[from] Sandstorm
|upkeep
|turn|7
|
|t:|1784226191
|move|p2a: Blastoise|Dark Pulse|p1a: Excadrill
|-damage|p1a: Excadrill|0 fnt
|faint|p1a: Excadrill
|
|win|homerj71
