|j|☆ethical sga
|j|☆Gorka1971
|html|ethical sgaGorka1971    
|uhtml|bestof|Game 1 of a best-of-3
|t:|1783435420
|gametype|doubles
|player|p1|ethical sga|lass-gen4dp|1166
|player|p2|Gorka1971|170|1115
|gen|9
|tier|[Gen 9 Champions] VGC 2026 Reg M-B (Bo3)
|rated|
|rule|Species Clause: Limit one of each Pokémon
|rule|Item Clause: Limit 1 of each item
|clearpoke
|poke|p1|Scrafty, L50, M, shiny|
|poke|p1|Ceruledge, L50, M|
|poke|p1|Ninetales-Alola, L50, M|
|poke|p1|Sinistcha, L50|
|poke|p1|Garchomp, L50, F|
|poke|p1|Raichu, L50, M|
|poke|p2|Charizard, L50, F|
|poke|p2|Aerodactyl, L50, M|
|poke|p2|Sylveon, L50, F|
|poke|p2|Farigiraf, L50, F|
|poke|p2|Garchomp, L50, M|
|poke|p2|Kingambit, L50, M|
|teampreview|4
|showteam|p1|Scrafty||Scraftinite|Intimidate|Detect,DrainPunch,KnockOff,FakeOut|Adamant||M|||50|]Ceruledge||ColburBerry|FlashFire|Protect,BitterBlade,ShadowSneak,BulkUp|Adamant||M|||50|]Ninetales-Alola||NeverMeltIce|SnowWarning|Protect,FreezeDry,IcyWind,AuroraVeil|Timid||M|||50|]Sinistcha||FocusSash|Hospitality|Protect,MatchaGotcha,Hex,RagePowder|Modest|||||50|]Garchomp||LifeOrb|RoughSkin|Protect,DragonClaw,StompingTantrum,RockTomb|Jolly||F|||50|]Raichu||RaichuniteY|LightningRod|Protect,ZapCannon,FocusBlast,FakeOut|Timid||M|||50|
|showteam|p2|Charizard||CharizarditeY|SolarPower|HeatWave,WeatherBall,SolarBeam,Protect|Modest||F|||50|]Aerodactyl||Aerodactylite|Unnerve|RockSlide,DualWingbeat,Tailwind,IceFang|Jolly||M|||50|]Sylveon||FairyFeather|Pixilate|HyperVoice,HyperBeam,QuickAttack,Detect|Modest||F|||50|]Farigiraf||SitrusBerry|ArmorTail|TwinBeam,Protect,Roar,Thunderbolt|Bold||F|||50|]Garchomp||SoftSand|RoughSkin|Earthquake,DragonClaw,StompingTantrum,Protect|Adamant||M|||50|]Kingambit||FocusSash|Defiant|KowtowCleave,LowKick,SuckerPunch,IronHead|Adamant||M|||50|
|
|t:|1783435473
|teamsize|p1|4
|teamsize|p2|4
|start
|switch|p1a: Ceruledge|Ceruledge, L50, M|100/100
|switch|p1b: Raichu|Raichu, L50, M|100/100
|switch|p2a: Aerodactyl|Aerodactyl, L50, M|100/100
|switch|p2b: Kingambit|Kingambit, L50, M|100/100
|-ability|p2a: Aerodactyl|Unnerve
|turn|1
|
|t:|1783435522
|detailschange|p2a: Aerodactyl|Aerodactyl-Mega, L50, M
|-mega|p2a: Aerodactyl|Aerodactyl|Aerodactylite
|detailschange|p1b: Raichu|Raichu-Mega-Y, L50, M
|-mega|p1b: Raichu|Raichu|Raichunite Y
|move|p1b: Raichu|Fake Out|p2a: Aerodactyl
|-resisted|p2a: Aerodactyl|1
|-damage|p2a: Aerodactyl|94/100
|cant|p2a: Aerodactyl|flinch
|move|p1a: Ceruledge|Bulk Up|p1a: Ceruledge
|-boost|p1a: Ceruledge|atk|1
|-boost|p1a: Ceruledge|def|1
|move|p2b: Kingambit|Kowtow Cleave|p1b: Raichu
|-damage|p1b: Raichu|1/100
|
|upkeep
|turn|2
|
|t:|1783435543
|move|p1b: Raichu|Protect|p1b: Raichu
|-singleturn|p1b: Raichu|Protect
|move|p2b: Kingambit|Sucker Punch|p1a: Ceruledge
|-supereffective|p1a: Ceruledge|1
|-enditem|p1a: Ceruledge|Colbur Berry|[eat]
|-enditem|p1a: Ceruledge|Colbur Berry|[weaken]
|-damage|p1a: Ceruledge|71/100
|move|p2a: Aerodactyl|Rock Slide|p1a: Ceruledge|[spread] p1a
|-activate|p1b: Raichu|move: Protect
|-supereffective|p1a: Ceruledge|1
|-damage|p1a: Ceruledge|36/100
|move|p1a: Ceruledge|Bitter Blade|p2b: Kingambit
|-supereffective|p2b: Kingambit|1
|-damage|p2b: Kingambit|3/100
|-heal|p1a: Ceruledge|92/100|[from] drain|[of] p2b: Kingambit
|
|upkeep
|turn|3
|
|t:|1783435562
|switch|p1b: Sinistcha|Sinistcha, L50|100/100
|-heal|p1a: Ceruledge|100/100|[from] ability: Hospitality|[of] p1b: Sinistcha
|move|p1a: Ceruledge|Shadow Sneak|p2b: Kingambit
|-resisted|p2b: Kingambit|1
|-damage|p2b: Kingambit|0 fnt
|faint|p2b: Kingambit
|move|p2a: Aerodactyl|Rock Slide|p1b: Sinistcha|[spread] p1a,p1b
|-supereffective|p1a: Ceruledge|1
|-damage|p1a: Ceruledge|63/100
|-damage|p1b: Sinistcha|70/100
|
|upkeep
|
|t:|1783435573
|switch|p2b: Garchomp|Garchomp, L50, M|100/100
|turn|4
|
|t:|1783435591
|move|p1a: Ceruledge|Protect|p1a: Ceruledge
|-singleturn|p1a: Ceruledge|Protect
|move|p2a: Aerodactyl|Rock Slide|p1b: Sinistcha|[spread] p1b
|-activate|p1a: Ceruledge|move: Protect
|-damage|p1b: Sinistcha|38/100
|move|p2b: Garchomp|Earthquake|p1b: Sinistcha|[spread] p1b
|-activate|p1a: Ceruledge|move: Protect
|-immune|p2a: Aerodactyl
|-resisted|p1b: Sinistcha|1
|-damage|p1b: Sinistcha|11/100
|move|p1b: Sinistcha|Matcha Gotcha|p2b: Garchomp|[spread] p2a,p2b
|-damage|p2a: Aerodactyl|62/100
|-heal|p1b: Sinistcha|29/100|[from] drain|[of] p2a: Aerodactyl
|-damage|p2b: Garchomp|64/100
|-heal|p1b: Sinistcha|50/100g|[from] drain|[of] p2b: Garchomp
|
|upkeep
|turn|5
|
|t:|1783435612
|move|p1a: Ceruledge|Shadow Sneak|p2a: Aerodactyl
|-damage|p2a: Aerodactyl|28/100
|move|p2a: Aerodactyl|Tailwind|p2a: Aerodactyl
|-sidestart|p2: Gorka1971|move: Tailwind
|move|p2b: Garchomp|Earthquake|p1a: Ceruledge|[spread] p1a,p1b
|-immune|p2a: Aerodactyl
|-supereffective|p1a: Ceruledge|1
|-resisted|p1b: Sinistcha|1
|-damage|p1a: Ceruledge|0 fnt
|-damage|p1b: Sinistcha|25/100
|faint|p1a: Ceruledge
|move|p1b: Sinistcha|Matcha Gotcha|p2a: Aerodactyl|[spread] p2a,p2b
|-damage|p2a: Aerodactyl|0 fnt
|-heal|p1b: Sinistcha|41/100|[from] drain|[of] p2a: Aerodactyl
|-damage|p2b: Garchomp|28/100
|-heal|p1b: Sinistcha|63/100|[from] drain|[of] p2b: Garchomp
|faint|p2a: Aerodactyl
|
|upkeep
|
|t:|1783435625
|switch|p2a: Sylveon|Sylveon, L50, F|100/100
|switch|p1a: Raichu|Raichu-Mega-Y, L50, M|1/100
|turn|6
|
|t:|1783435639
|move|p2a: Sylveon|Detect|p2a: Sylveon
|-singleturn|p2a: Sylveon|Protect
|move|p1a: Raichu|Fake Out|p2a: Sylveon
|-activate|p2a: Sylveon|move: Protect
|move|p2b: Garchomp|Earthquake|p1a: Raichu|[spread] p1a,p1b
|-activate|p2a: Sylveon|move: Protect
|-supereffective|p1a: Raichu|1
|-resisted|p1b: Sinistcha|1
|-damage|p1a: Raichu|0 fnt
|-damage|p1b: Sinistcha|36/100
|faint|p1a: Raichu
|move|p1b: Sinistcha|Matcha Gotcha|p2a: Sylveon|[spread] p2b
|-activate|p2a: Sylveon|move: Protect
|-damage|p2b: Garchomp|0 fnt
|-heal|p1b: Sinistcha|53/100|[from] drain|[of] p2b: Garchomp
|faint|p2b: Garchomp
|
|upkeep
|
|t:|1783435646
|switch|p1a: Ninetales|Ninetales-Alola, L50, M|100/100
|-weather|Snowscape|[from] ability: Snow Warning|[of] p1a: Ninetales
|turn|7
|
|t:|1783435662
|move|p1b: Sinistcha|Protect|p1b: Sinistcha
|-singleturn|p1b: Sinistcha|Protect
|move|p1a: Ninetales|Aurora Veil|p1a: Ninetales
|-sidestart|p1: ethical sga|move: Aurora Veil
|move|p2a: Sylveon|Hyper Voice|p1a: Ninetales|[spread] p1a
|-activate|p1b: Sinistcha|move: Protect
|-damage|p1a: Ninetales|62/100
|
|-weather|Snowscape|[upkeep]
|upkeep
|turn|8
|
|t:|1783435675
|move|p1a: Ninetales|Icy Wind|p2a: Sylveon
|-damage|p2a: Sylveon|82/100
|-unboost|p2a: Sylveon|spe|1
|move|p1b: Sinistcha|Matcha Gotcha|p2a: Sylveon
|-damage|p2a: Sylveon|47/100
|-heal|p1b: Sinistcha|73/100|[from] drain|[of] p2a: Sylveon
|move|p2a: Sylveon|Hyper Beam|p1b: Sinistcha
|-damage|p1b: Sinistcha|0 fnt
|-mustrecharge|p2a: Sylveon
|faint|p1b: Sinistcha
|
|-weather|Snowscape|[upkeep]
|-sideend|p2: Gorka1971|move: Tailwind
|upkeep
|turn|9
|
|t:|1783435685
|move|p1a: Ninetales|Freeze-Dry|p2a: Sylveon
|-damage|p2a: Sylveon|21/100
|cant|p2a: Sylveon|recharge
|
|-weather|Snowscape|[upkeep]
|upkeep
|turn|10
|
|t:|1783435689
|move|p1a: Ninetales|Freeze-Dry|p2a: Sylveon
|-damage|p2a: Sylveon|0 fnt
|faint|p2a: Sylveon
|
|win|ethical sga
