|j|☆MikeShinobu
|j|☆ElravinoZ
|html|MikeShinobuElravinoZ    
|uhtml|bestof|Game 1 of a best-of-3
|t:|1783086932
|gametype|doubles
|player|p1|MikeShinobu|ethan|1077
|player|p2|ElravinoZ|102|1000
|gen|9
|tier|[Gen 9 Champions] VGC 2026 Reg M-B (Bo3)
|rated|
|rule|Species Clause: Limit one of each Pokémon
|rule|Item Clause: Limit 1 of each item
|clearpoke
|poke|p1|Whimsicott, L50, F|
|poke|p1|Garchomp, L50, M|
|poke|p1|Staraptor, L50, M|
|poke|p1|Blaziken, L50, M|
|poke|p1|Ninetales-Alola, L50, F|
|poke|p1|Excadrill, L50, F|
|poke|p2|Lucario, L50, F|
|poke|p2|Maushold-Four, L50|
|poke|p2|Samurott-Hisui, L50, F|
|poke|p2|Zoroark-Hisui, L50, F|
|poke|p2|Meganium, L50, M|
|poke|p2|Skarmory, L50, F|
|teampreview|4
|showteam|p1|Whimsicott||FocusSash|Prankster|Protect,Tailwind,Moonblast,Charm|Timid||F|||50|]Garchomp||LifeOrb|RoughSkin|DragonClaw,Earthquake,Protect,RockSlide|Jolly||M|||50|]Staraptor||Staraptite|Intimidate|CloseCombat,BraveBird,Roost,Protect|Jolly||M|||50|]Blaziken||Blazikenite|SpeedBoost|Coaching,Protect,CloseCombat,FlareBlitz|Adamant||M|||50|]Ninetales-Alola||LightClay|SnowWarning|Blizzard,Moonblast,AuroraVeil,Protect|Modest||F|||50|]Excadrill||Excadrite|MoldBreaker|Earthquake,HighHorsepower,IronHead,Protect|Jolly||F|||50|
|showteam|p2|Lucario||Lucarionite|Justified|BulletPunch,DrainPunch,ExtremeSpeed,Protect|Adamant||F|||50|]Maushold-Four||SitrusBerry|FriendGuard|SuperFang,HelpingHand,FollowMe,BeatUp|Timid|||||50|]Samurott-Hisui||ChoiceScarf|Sharpness|RazorShell,CeaselessEdge,SuckerPunch,SacredSword|Adamant||F|||50|]Zoroark-Hisui||FocusSash|Illusion|BitterMalice,Roar,HyperVoice,NastyPlot|Timid||F|||50|]Meganium||Meganiumite|Overgrow|SolarBeam,DazzlingGleam,WeatherBall,Protect|Modest||M|||50|]Skarmory||Skarmorite|Sturdy|Tailwind,IronHead,RockSlide,DrillPeck|Jolly||F|||50|
|inactive|Battle timer is ON: inactive players will automatically lose when time's up. (requested by MikeShinobu)
|inactive|MikeShinobu has 60 seconds left.
|inactive|ElravinoZ has 60 seconds left.
|inactive|MikeShinobu has 30 seconds left.
|inactive|ElravinoZ has 30 seconds left.
|inactive|ElravinoZ has 20 seconds left.
|inactive|ElravinoZ has 15 seconds left.
|
|t:|1783087010
|teamsize|p1|4
|teamsize|p2|4
|start
|switch|p1a: Blaziken|Blaziken, L50, M|100/100
|switch|p1b: Excadrill|Excadrill, L50, F|100/100
|switch|p2a: Samurott|Samurott-Hisui, L50, F|100/100
|switch|p2b: Skarmory|Skarmory, L50, F|100/100
|-ability|p1b: Excadrill|Mold Breaker
|turn|1
|
|t:|1783087020
|detailschange|p1b: Excadrill|Excadrill-Mega, L50, F
|-mega|p1b: Excadrill|Excadrill|Excadrite
|move|p1b: Excadrill|Protect|p1b: Excadrill
|-singleturn|p1b: Excadrill|Protect
|move|p2a: Samurott|Nasty Plot|p2a: Samurott
|-boost|p2a: Samurott|spa|2
|move|p2b: Skarmory|Tailwind|p2b: Skarmory
|-sidestart|p2: ElravinoZ|move: Tailwind
|move|p1a: Blaziken|Coaching|p1b: Excadrill
|-boost|p1b: Excadrill|atk|1
|-boost|p1b: Excadrill|def|1
|
|-ability|p1a: Blaziken|Speed Boost|boost
|-boost|p1a: Blaziken|spe|1
|upkeep
|turn|2
|inactive|MikeShinobu has 30 seconds left.
|inactive|MikeShinobu has 20 seconds left.
|inactive|MikeShinobu has 15 seconds left.
|inactive|ElravinoZ has 30 seconds left.
|inactive|ElravinoZ has 20 seconds left.
|inactive|ElravinoZ has 15 seconds left.
|
|t:|1783087078
|switch|p1b: Whimsicott|Whimsicott, L50, F|100/100
|move|p2b: Skarmory|Rock Slide|p1a: Blaziken|[spread] p1a
|-miss|p2b: Skarmory|p1b: Whimsicott
|-damage|p1a: Blaziken|78/100
|move|p1a: Blaziken|Flare Blitz|p2a: Samurott
|-enditem|p2a: Samurott|Focus Sash
|-damage|p2a: Samurott|1/100
|replace|p2a: Zoroark|Zoroark-Hisui, L50, F
|-end|p2a: Zoroark|Illusion
|-damage|p1a: Blaziken|51/100|[from] Recoil
|move|p2a: Zoroark|Roar|p1b: Whimsicott
|drag|p1b: Ninetales|Ninetales-Alola, L50, F|100/100
|-weather|Snowscape|[from] ability: Snow Warning|[of] p1b: Ninetales
|
|-weather|Snowscape|[upkeep]
|-ability|p1a: Blaziken|Speed Boost|boost
|-boost|p1a: Blaziken|spe|1
|upkeep
|turn|3
|inactive|ElravinoZ has 30 seconds left.
|
|t:|1783087106
|move|p1a: Blaziken|Protect|p1a: Blaziken
|-singleturn|p1a: Blaziken|Protect
|move|p1b: Ninetales|Protect|p1b: Ninetales
|-singleturn|p1b: Ninetales|Protect
|move|p2a: Zoroark|Bitter Malice|p1a: Blaziken
|-activate|p1a: Blaziken|move: Protect
|move|p2b: Skarmory|Iron Head|p1b: Ninetales
|-activate|p1b: Ninetales|move: Protect
|
|-weather|Snowscape|[upkeep]
|-ability|p1a: Blaziken|Speed Boost|boost
|-boost|p1a: Blaziken|spe|1
|upkeep
|turn|4
|
|t:|1783087120
|switch|p1b: Excadrill|Excadrill-Mega, L50, F|100/100
|move|p2a: Zoroark|Bitter Malice|p1a: Blaziken
|-damage|p1a: Blaziken|0 fnt
|faint|p1a: Blaziken
|move|p2b: Skarmory|Iron Head|p1b: Excadrill
|-resisted|p1b: Excadrill|1
|-damage|p1b: Excadrill|84/100
|
|-weather|Snowscape|[upkeep]
|-sideend|p2: ElravinoZ|move: Tailwind
|upkeep
|
|t:|1783087134
|switch|p1a: Whimsicott|Whimsicott, L50, F|100/100
|turn|5
|
|t:|1783087142
|move|p1a: Whimsicott|Tailwind|p1a: Whimsicott
|-sidestart|p1: MikeShinobu|move: Tailwind
|move|p1b: Excadrill|Iron Head|p2a: Zoroark
|-damage|p2a: Zoroark|0 fnt
|faint|p2a: Zoroark
|move|p2b: Skarmory|Tailwind|p2b: Skarmory
|-sidestart|p2: ElravinoZ|move: Tailwind
|
|-weather|Snowscape|[upkeep]
|upkeep
|inactive|ElravinoZ has 30 seconds left.
|
|t:|1783087170
|switch|p2a: Samurott|Samurott-Hisui, L50, F|100/100
|turn|6
|inactive|ElravinoZ has 30 seconds left.
|
|t:|1783087195
|move|p1b: Excadrill|Protect|p1b: Excadrill
|-singleturn|p1b: Excadrill|Protect
|move|p2a: Samurott|Sacred Sword|p1b: Excadrill
|-activate|p1b: Excadrill|move: Protect
|move|p1a: Whimsicott|Moonblast|p2a: Samurott
|-supereffective|p2a: Samurott|1
|-damage|p2a: Samurott|0 fnt
|faint|p2a: Samurott
|move|p2b: Skarmory|Iron Head|p1a: Whimsicott
|-supereffective|p1a: Whimsicott|1
|-damage|p1a: Whimsicott|2/100
|
|-weather|none
|upkeep
|
|t:|1783087198
|switch|p2a: Maushold|Maushold-Four, L50|100/100
|turn|7
|
|t:|1783087222
|move|p1a: Whimsicott|Charm|p2b: Skarmory
|-unboost|p2b: Skarmory|atk|2
|move|p2a: Maushold|Super Fang|p1b: Excadrill
|-damage|p1b: Excadrill|42/100
|move|p1b: Excadrill|Iron Head|p2a: Maushold
|-damage|p2a: Maushold|31/100
|-enditem|p2a: Maushold|Sitrus Berry|[eat]
|-heal|p2a: Maushold|56/100|[from] item: Sitrus Berry
|move|p2b: Skarmory|Rock Slide|p1b: Excadrill|[spread] p1a,p1b
|-resisted|p1b: Excadrill|2
|-damage|p1a: Whimsicott|0 fnt
|-damage|p1b: Excadrill|40/100
|faint|p1a: Whimsicott
|
|upkeep
|
|t:|1783087226
|switch|p1a: Ninetales|Ninetales-Alola, L50, F|100/100
|-weather|Snowscape|[from] ability: Snow Warning|[of] p1a: Ninetales
|turn|8
|
|t:|1783087248
|move|p2a: Maushold|Helping Hand|p2b: Skarmory
|-singleturn|p2b: Skarmory|Helping Hand|[of] p2a: Maushold
|move|p1b: Excadrill|Iron Head|p2a: Maushold
|-damage|p2a: Maushold|0 fnt
|faint|p2a: Maushold
|move|p1a: Ninetales|Blizzard|p2b: Skarmory
|-damage|p2b: Skarmory|19/100
|move|p2b: Skarmory|Iron Head|p1a: Ninetales
|-supereffective|p1a: Ninetales|2
|-damage|p1a: Ninetales|8/100
|
|-weather|Snowscape|[upkeep]
|-sideend|p2: ElravinoZ|move: Tailwind
|-sideend|p1: MikeShinobu|move: Tailwind
|upkeep
|turn|9
|
|t:|1783087260
|detailschange|p2b: Skarmory|Skarmory-Mega, L50, F
|-mega|p2b: Skarmory|Skarmory|Skarmorite
|move|p2b: Skarmory|Rock Slide|p1b: Excadrill|[spread] p1a,p1b
|-supereffective|p1a: Ninetales|1
|-resisted|p1b: Excadrill|2
|-damage|p1a: Ninetales|0 fnt
|-damage|p1b: Excadrill|37/100
|faint|p1a: Ninetales
|move|p1b: Excadrill|Iron Head|p2b: Skarmory
|-resisted|p2b: Skarmory|1
|-damage|p2b: Skarmory|0 fnt
|faint|p2b: Skarmory
|
|win|MikeShinobu
