|j|☆Carlos Giraldez
|j|☆No.1AnicredibleFan
|html|Carlos GiraldezNo.1AnicredibleFan    
|uhtml|bestof|Game 1 of a best-of-3
|t:|1756420591
|gametype|doubles
|player|p1|Carlos Giraldez|wattson|1135
|player|p2|No.1AnicredibleFan|hilbert|1095
|gen|9
|tier|[Gen 9] VGC 2025 Reg H (Bo3)
|rated|
|rule|Species Clause: Limit one of each Pokémon
|rule|Item Clause: Limit 1 of each item
|clearpoke
|poke|p1|Indeedee-F, L50, F|
|poke|p1|Hatterene, L50, F|
|poke|p1|Gallade, L50, M|
|poke|p1|Ursaluna, L50, M|
|poke|p1|Lilligant-Hisui, L50, F|
|poke|p1|Torkoal, L50, M|
|poke|p2|Baxcalibur, L50, M|
|poke|p2|Ursaluna-Bloodmoon, L50, M|
|poke|p2|Farigiraf, L50, F|
|poke|p2|Murkrow, L50, M|
|poke|p2|Arcanine-Hisui, L50, F|
|poke|p2|Amoonguss, L50, M|
|teampreview|4
|showteam|p1|Indeedee-F||PsychicSeed|PsychicSurge|TrickRoom,FollowMe,HelpingHand,DazzlingGleam|||F|||50|,,,,,Fire]Hatterene||LifeOrb|MagicBounce|ExpandingForce,TrickRoom,DazzlingGleam,Protect|||F|||50|,,,,,Psychic]Gallade||ClearAmulet|Sharpness|PsychoCut,TrickRoom,SacredSword,WideGuard|||M|||50|,,,,,Grass]Ursaluna||FlameOrb|Guts|HeadlongRush,Facade,SwordsDance,Protect|||M|||50|,,,,,Ghost]Lilligant-Hisui||FocusSash|Chlorophyll|SolarBlade,SleepPowder,CloseCombat,AfterYou|||F|||50|,,,,,Ghost]Torkoal||ChoiceSpecs|Drought|Eruption,HeatWave,WeatherBall,EarthPower|||M|||50|,,,,,Fire
|showteam|p2|Baxcalibur||LoadedDice|ThermalExchange|Protect,SwordsDance,ScaleShot,IcicleSpear|||M|||50|,,,,,Poison]Ursaluna-Bloodmoon||LifeOrb|MindsEye|Protect,EarthPower,HyperVoice,BloodMoon|||M|||50|,,,,,Normal]Farigiraf||ThroatSpray|ArmorTail|Protect,TrickRoom,HyperVoice,Psychic|||F|||50|,,,,,Grass]Murkrow||Eviolite|Prankster|Protect,Tailwind,Snarl,Haze|||M|||50|,,,,,Ghost]Arcanine-Hisui||ChoiceBand|Intimidate|FlareBlitz,RockSlide,ExtremeSpeed,WildCharge|||F|||50|,,,,,Grass]Amoonguss||SitrusBerry|Regenerator|Protect,RagePowder,PollenPuff,Spore|||M|||50|,,,,,Water
|
|t:|1756420654
|teamsize|p1|4
|teamsize|p2|4
|start
|switch|p1a: SHEEEEEE|Lilligant-Hisui, L50, F, shiny|100/100
|switch|p1b: Smokye|Torkoal, L50, M, shiny|100/100
|switch|p2a: Murkrow|Murkrow, L50, M|100/100
|switch|p2b: Farigiraf|Farigiraf, L50, F|100/100
|-weather|SunnyDay|[from] ability: Drought|[of] p1b: Smokye
|turn|1
|inactive|Battle timer is ON: inactive players will automatically lose when time's up. (requested by No.1AnicredibleFan)
|inactive|No.1AnicredibleFan has 60 seconds left.
|
|t:|1756420691
|move|p2b: Farigiraf|Protect|p2b: Farigiraf
|-singleturn|p2b: Farigiraf|Protect
|move|p2a: Murkrow|Tailwind|p2a: Murkrow
|-sidestart|p2: No.1AnicredibleFan|move: Tailwind
|move|p1a: SHEEEEEE|Sleep Powder|p2a: Murkrow|[miss]
|-miss|p1a: SHEEEEEE|p2a: Murkrow
|move|p1b: Smokye|Heat Wave|p2a: Murkrow|[spread] p2a
|-activate|p2b: Farigiraf|move: Protect
|-damage|p2a: Murkrow|26/100
|
|-weather|SunnyDay|[upkeep]
|upkeep
|turn|2
|inactive|Carlos Giraldez has 30 seconds left.
|inactive|No.1AnicredibleFan has 30 seconds left.
|
|t:|1756420719
|move|p1a: SHEEEEEE|Sleep Powder|p2b: Farigiraf|[miss]
|-miss|p1a: SHEEEEEE|p2b: Farigiraf
|move|p2a: Murkrow|Snarl|p1b: Smokye|[spread] p1a,p1b
|-resisted|p1a: SHEEEEEE
|-damage|p1a: SHEEEEEE|91/100
|-damage|p1b: Smokye|85/100
|-unboost|p1a: SHEEEEEE|spa|1
|-unboost|p1b: Smokye|spa|1
|move|p2b: Farigiraf|Hyper Voice|p1b: Smokye|[spread] p1a,p1b
|-damage|p1a: SHEEEEEE|47/100
|-damage|p1b: Smokye|49/100
|-enditem|p2b: Farigiraf|Throat Spray
|-boost|p2b: Farigiraf|spa|1|[from] item: Throat Spray
|move|p1b: Smokye|Heat Wave|p2a: Murkrow|[spread] p2a,p2b
|-damage|p2a: Murkrow|0 fnt
|-damage|p2b: Farigiraf|55/100
|faint|p2a: Murkrow
|
|-weather|SunnyDay|[upkeep]
|upkeep
|
|t:|1756420734
|switch|p2a: Arcanine|Arcanine-Hisui, L50, F|100/100
|-ability|p2a: Arcanine|Intimidate|boost
|-unboost|p1a: SHEEEEEE|atk|1
|-unboost|p1b: Smokye|atk|1
|turn|3
|inactive|No.1AnicredibleFan has 30 seconds left.
|inactive|No.1AnicredibleFan has 20 seconds left.
|inactive|No.1AnicredibleFan has 15 seconds left.
|inactive|No.1AnicredibleFan has 10 seconds left.
|
|t:|1756420779
|-terastallize|p2b: Farigiraf|Grass
|move|p1a: SHEEEEEE|Close Combat|p2a: Arcanine
|-supereffective|p2a: Arcanine
|-damage|p2a: Arcanine|13/100
|-unboost|p1a: SHEEEEEE|def|1
|-unboost|p1a: SHEEEEEE|spd|1
|move|p2a: Arcanine|Flare Blitz|p1b: Smokye
|-resisted|p1b: Smokye
|-damage|p1b: Smokye|0 fnt
|faint|p1b: Smokye
|-damage|p2a: Arcanine|0 fnt|[from] Recoil
|faint|p2a: Arcanine
|move|p2b: Farigiraf|Hyper Voice|p1a: SHEEEEEE
|-damage|p1a: SHEEEEEE|0 fnt
|faint|p1a: SHEEEEEE
|
|-weather|SunnyDay|[upkeep]
|upkeep
|inactive|Carlos Giraldez has 30 seconds left.
|
|t:|1756420811
|switch|p1a: Salam Malecum|Indeedee-F, L50, F, shiny|100/100
|switch|p2a: Ursaluna|Ursaluna-Bloodmoon, L50, M|100/100
|switch|p1b: Malecum Salam|Hatterene, L50, F, shiny|100/100
|-fieldstart|move: Psychic Terrain|[from] ability: Psychic Surge|[of] p1a: Salam Malecum
|-enditem|p1a: Salam Malecum|Psychic Seed
|-boost|p1a: Salam Malecum|spd|1|[from] item: Psychic Seed
|turn|4
|
|t:|1756420825
|move|p1a: Salam Malecum|Follow Me|p1a: Salam Malecum
|-singleturn|p1a: Salam Malecum|move: Follow Me
|move|p2b: Farigiraf|Hyper Voice|p1a: Salam Malecum|[spread] p1a,p1b
|-damage|p1a: Salam Malecum|71/100
|-damage|p1b: Malecum Salam|57/100
|move|p2a: Ursaluna|Hyper Voice|p1b: Malecum Salam|[spread] p1a,p1b
|-damage|p1a: Salam Malecum|42/100
|-damage|p1b: Malecum Salam|7/100
|-damage|p2a: Ursaluna|91/100|[from] item: Life Orb
|move|p1b: Malecum Salam|Trick Room|p1b: Malecum Salam
|-fieldstart|move: Trick Room|[of] p1b: Malecum Salam
|
|-weather|SunnyDay|[upkeep]
|-sideend|p2: No.1AnicredibleFan|move: Tailwind
|upkeep
|turn|5
|
|t:|1756420843
|-terastallize|p1b: Malecum Salam|Psychic
|move|p1b: Malecum Salam|Expanding Force|p2a: Ursaluna|[spread] p2a,p2b
|-damage|p2a: Ursaluna|0 fnt
|-damage|p2b: Farigiraf|0 fnt
|faint|p2a: Ursaluna
|faint|p2b: Farigiraf
|-damage|p1b: Malecum Salam|0 fnt|[from] item: Life Orb
|faint|p1b: Malecum Salam
|
|win|Carlos Giraldez
||Carlos Giraldez is ready for game 2.
