|j|☆KPR21
|j|☆MaxwellBaker
|html|KPR21MaxwellBaker    
|uhtml|bestof|Game 3 of a best-of-3
|t:|1784925097
|gametype|doubles
|player|p1|KPR21|marshal|1166
|player|p2|MaxwellBaker|102|1067
|gen|9
|tier|[Gen 9 Champions] VGC 2026 Reg M-B (Bo3)
|rated|
|rule|Species Clause: Limit one of each Pokémon
|rule|Item Clause: Limit 1 of each item
|clearpoke
|poke|p1|Annihilape, L50, M|
|poke|p1|Milotic, L50, F|
|poke|p1|Aerodactyl, L50, F, shiny|
|poke|p1|Farigiraf, L50, M, shiny|
|poke|p1|Mawile, L50, M|
|poke|p1|Sinistcha, L50|
|poke|p2|Decidueye-Hisui, L50, M|
|poke|p2|Florges, L50, F|
|poke|p2|Raichu, L50, M|
|poke|p2|Incineroar, L50, M|
|poke|p2|Staraptor, L50, F|
|poke|p2|Milotic, L50, F|
|teampreview|4
|showteam|p1|Annihilape||ExpertBelt|Defiant|Protect,RockTomb,PhantomForce,DrainPunch|Adamant||M|||50|]Milotic||Leftovers|Competitive|IceBeam,MuddyWater,Protect,Scald|Modest||F|||50|]Aerodactyl||FocusSash|Unnerve|Protect,Tailwind,DualWingbeat,RockSlide|Jolly||F|||50|]Farigiraf||SitrusBerry|ArmorTail|Protect,Imprison,TrickRoom,Thunderbolt|Serious||M|||50|]Mawile||Mawilite|Intimidate|Protect,PlayRough,IronHead,SuckerPunch|Adamant||M|||50|]Sinistcha||OccaBerry|Hospitality|ShadowBall,RagePowder,MatchaGotcha,Protect|Bold|||||50|
|showteam|p2|Decidueye-Hisui||ScopeLens|Scrappy|TripleArrows,LeafBlade,SuckerPunch,Protect|Jolly||M|||50|]Florges||LifeOrb|FlowerVeil|Moonblast,Psychic,PollenPuff,Protect|Modest||F|||50|]Raichu||RaichuniteY|LightningRod|FakeOut,ZapCannon,FocusBlast,Protect|Timid||M|||50|]Incineroar||SitrusBerry|Intimidate|FakeOut,FlareBlitz,ThroatChop,PartingShot|Careful||M|||50|]Staraptor||Staraptite|Intimidate|BraveBird,CloseCombat,Tailwind,Protect|Jolly||F|||50|]Milotic||Leftovers|Competitive|Scald,IceBeam,Haze,Protect|Bold||F|||50|
|
|t:|1784925155
|teamsize|p1|4
|teamsize|p2|4
|start
|switch|p1a: Farigiraf|Farigiraf, L50, M, shiny|100/100
|switch|p1b: Milotic|Milotic, L50, F|100/100
|switch|p2a: Florges|Florges, L50, F|100/100
|switch|p2b: Milotic|Milotic, L50, F|100/100
|turn|1
|
|t:|1784925184
|move|p1a: Farigiraf|Protect|p1a: Farigiraf
|-singleturn|p1a: Farigiraf|Protect
|move|p1b: Milotic|Muddy Water|p2a: Florges|[spread] p2b
|-miss|p1b: Milotic|p2a: Florges
|-resisted|p2b: Milotic|1
|-damage|p2b: Milotic|89/100
|move|p2b: Milotic|Scald|p1a: Farigiraf
|-activate|p1a: Farigiraf|move: Protect
|move|p2a: Florges|Moonblast|p1a: Farigiraf
|-activate|p1a: Farigiraf|move: Protect
|
|-heal|p2b: Milotic|95/100|[from] item: Leftovers
|upkeep
|turn|2
|
|t:|1784925219
|move|p2b: Milotic|Ice Beam|p1a: Farigiraf
|-damage|p1a: Farigiraf|80/100
|move|p1b: Milotic|Muddy Water|p2a: Florges|[spread] p2b
|-miss|p1b: Milotic|p2a: Florges
|-resisted|p2b: Milotic|1
|-damage|p2b: Milotic|86/100
|move|p2a: Florges|Moonblast|p1a: Farigiraf
|-damage|p1a: Farigiraf|17/100
|-enditem|p1a: Farigiraf|Sitrus Berry|[eat]
|-heal|p1a: Farigiraf|42/100|[from] item: Sitrus Berry
|-damage|p2a: Florges|90/100|[from] item: Life Orb
|move|p1a: Farigiraf|Trick Room|p1a: Farigiraf
|-fieldstart|move: Trick Room|[of] p1a: Farigiraf
|
|-heal|p2b: Milotic|92/100|[from] item: Leftovers
|upkeep
|turn|3
|
|t:|1784925261
|move|p1a: Farigiraf|Thunderbolt|p2b: Milotic
|-supereffective|p2b: Milotic|1
|-damage|p2b: Milotic|57/100
|-status|p2b: Milotic|par
|move|p2b: Milotic|Scald|p1b: Milotic
|-resisted|p1b: Milotic|1
|-damage|p1b: Milotic|88/100
|move|p2a: Florges|Moonblast|p1a: Farigiraf
|-damage|p1a: Farigiraf|0 fnt
|faint|p1a: Farigiraf
|-damage|p2a: Florges|80/100|[from] item: Life Orb
|move|p1b: Milotic|Scald|p2a: Florges
|-damage|p2a: Florges|53/100
|
|-heal|p2b: Milotic|63/100 par|[from] item: Leftovers
|-heal|p1b: Milotic|94/100|[from] item: Leftovers
|upkeep
|
|t:|1784925280
|switch|p1a: Mawile|Mawile, L50, M|100/100
|-ability|p1a: Mawile|Intimidate|boost
|-unboost|p2a: Florges|atk|1
|-unboost|p2b: Milotic|atk|1
|-ability|p2b: Milotic|Competitive|boost
|-boost|p2b: Milotic|spa|2
|turn|4
|
|t:|1784925315
|detailschange|p1a: Mawile|Mawile-Mega, L50, M
|-mega|p1a: Mawile|Mawile|Mawilite
|move|p2a: Florges|Protect|p2a: Florges
|-singleturn|p2a: Florges|Protect
|move|p2b: Milotic|Scald|p1a: Mawile
|-damage|p1a: Mawile|31/100
|move|p1a: Mawile|Play Rough|p2b: Milotic
|-damage|p2b: Milotic|0 fnt
|faint|p2b: Milotic
|move|p1b: Milotic|Scald|p2a: Florges
|-activate|p2a: Florges|move: Protect
|
|-heal|p1b: Milotic|100/100|[from] item: Leftovers
|upkeep
|
|t:|1784925334
|switch|p2b: Incineroar|Incineroar, L50, M|100/100
|-ability|p2b: Incineroar|Intimidate|boost
|-unboost|p1a: Mawile|atk|1
|-unboost|p1b: Milotic|atk|1
|-ability|p1b: Milotic|Competitive|boost
|-boost|p1b: Milotic|spa|2
|turn|5
|
|t:|1784925356
|switch|p1a: Annihilape|Annihilape, L50, M|100/100
|move|p2b: Incineroar|Fake Out|p1a: Annihilape
|-immune|p1a: Annihilape
|move|p2a: Florges|Moonblast|p1b: Milotic
|-damage|p1b: Milotic|52/100
|-damage|p2a: Florges|43/100|[from] item: Life Orb
|move|p1b: Milotic|Muddy Water|p2a: Florges|[spread] p2a,p2b
|-supereffective|p2b: Incineroar|1
|-damage|p2a: Florges|0 fnt
|-damage|p2b: Incineroar|19/100
|-unboost|p2b: Incineroar|accuracy|1
|-enditem|p2b: Incineroar|Sitrus Berry|[eat]
|-heal|p2b: Incineroar|44/100|[from] item: Sitrus Berry
|faint|p2a: Florges
|
|-heal|p1b: Milotic|58/100|[from] item: Leftovers
|upkeep
|
|t:|1784925372
|switch|p2a: Staraptor|Staraptor, L50, F|100/100
|-ability|p2a: Staraptor|Intimidate|boost
|-unboost|p1a: Annihilape|atk|1
|-ability|p1a: Annihilape|Defiant|boost
|-boost|p1a: Annihilape|atk|2
|-unboost|p1b: Milotic|atk|1
|-ability|p1b: Milotic|Competitive|boost
|-boost|p1b: Milotic|spa|2
|turn|6
|
|t:|1784925399
|detailschange|p2a: Staraptor|Staraptor-Mega, L50, F
|-mega|p2a: Staraptor|Staraptor|Staraptite
|move|p2b: Incineroar|Throat Chop|p1b: Milotic|[miss]
|-miss|p2b: Incineroar|p1b: Milotic
|move|p1b: Milotic|Scald|p2b: Incineroar
|-supereffective|p2b: Incineroar|1
|-damage|p2b: Incineroar|0 fnt
|faint|p2b: Incineroar
|move|p1a: Annihilape|Rock Tomb|p2a: Staraptor
|-damage|p2a: Staraptor|69/100
|-boost|p2a: Staraptor|spe|1
|move|p2a: Staraptor|Close Combat|p1b: Milotic
|-damage|p1b: Milotic|8/100
|-boost|p2a: Staraptor|def|1
|-boost|p2a: Staraptor|spd|1
|
|-heal|p1b: Milotic|14/100|[from] item: Leftovers
|-fieldend|move: Trick Room
|upkeep
|turn|7
|
|t:|1784925446
|move|p1b: Milotic|Protect|p1b: Milotic
|-singleturn|p1b: Milotic|Protect
|move|p2a: Staraptor|Brave Bird|p1a: Annihilape
|-supereffective|p1a: Annihilape|1
|-damage|p1a: Annihilape|0 fnt
|faint|p1a: Annihilape
|-damage|p2a: Staraptor|31/100|[from] Recoil
|
|-heal|p1b: Milotic|20/100y|[from] item: Leftovers
|upkeep
|
|t:|1784925451
|switch|p1a: Mawile|Mawile-Mega, L50, M|31/100
|turn|8
|
|t:|1784925461
|move|p2a: Staraptor|Protect|p2a: Staraptor
|-singleturn|p2a: Staraptor|Protect
|move|p1b: Milotic|Ice Beam|p2a: Staraptor
|-activate|p2a: Staraptor|move: Protect
|move|p1a: Mawile|Play Rough|p2a: Staraptor
|-activate|p2a: Staraptor|move: Protect
|
|-heal|p1b: Milotic|26/100|[from] item: Leftovers
|upkeep
|turn|9
|
|t:|1784925476
|move|p2a: Staraptor|Close Combat|p1b: Milotic
|-damage|p1b: Milotic|0 fnt
|-boost|p2a: Staraptor|def|1
|-boost|p2a: Staraptor|spd|1
|faint|p1b: Milotic
|move|p1a: Mawile|Play Rough|p2a: Staraptor
|-supereffective|p2a: Staraptor|1
|-damage|p2a: Staraptor|0 fnt
|faint|p2a: Staraptor
|
|win|KPR21
|raw|KPR21's rating: 1166 → 1184(+18 for winning)
|raw|MaxwellBaker's rating: 1067 → 1053(-14 for losing)
