|j|☆mr_cool_banger
|j|☆Pietplezier7
|html|mr_cool_bangerPietplezier7    
|uhtml|bestof|Game 3 of a best-of-3
|t:|1785950838
|gametype|doubles
|player|p1|mr_cool_banger|1|
|player|p2|Pietplezier7|zinnia|
|gen|9
|tier|[Gen 9 Champions] VGC 2026 Reg M-B (Bo3)
|rule|Species Clause: Limit one of each Pokémon
|rule|Item Clause: Limit 1 of each item
|clearpoke
|poke|p1|Farigiraf, L50, M|
|poke|p1|Incineroar, L50, F|
|poke|p1|Hatterene, L50, F|
|poke|p1|Torkoal, L50, M|
|poke|p1|Mawile, L50, F|
|poke|p1|Armarouge, L50, M|
|poke|p2|Raichu, L50, F|
|poke|p2|Staraptor, L50, F|
|poke|p2|Arcanine-Hisui, L50, M|
|poke|p2|Farigiraf, L50, M|
|poke|p2|Sylveon, L50, F|
|poke|p2|Kingambit, L50, M|
|teampreview|4
|showteam|p1|Farigiraf||SitrusBerry|ArmorTail|Psychic,TrickRoom,HelpingHand,HyperVoice|Modest||M|||50|]Incineroar||Leftovers|Intimidate|FakeOut,PartingShot,ThroatChop,FlareBlitz|Adamant||F|||50|]Hatterene||LifeOrb|MagicBounce|Protect,DazzlingGleam,TrickRoom,Psychic|Quiet||F|||50|]Torkoal||Charcoal|Drought|Protect,SolarBeam,HeatCrash,Eruption|Quiet||M|||50|]Mawile||Mawilite|Intimidate|IronHead,SuckerPunch,Protect,PlayRough|Brave||F|||50|]Armarouge||FocusSash|FlashFire|WideGuard,TrickRoom,Psychic,ArmorCannon|Quiet||M|||50|
|showteam|p2|Raichu||RaichuniteY|LightningRod|ZapCannon,FocusBlast,FakeOut,Protect|Timid||F|||50|]Staraptor||Staraptite|Intimidate|CloseCombat,DualWingbeat,Tailwind,Protect|Jolly||F|||50|]Arcanine-Hisui||FocusSash|RockHead|FlareBlitz,HeadSmash,ExtremeSpeed,Protect|Jolly||M|||50|]Farigiraf||SitrusBerry|ArmorTail|Psychic,HelpingHand,TrickRoom,Protect|Calm||M|||50|]Sylveon||FairyFeather|Pixilate|HyperVoice,QuickAttack,HyperBeam,Detect|Modest||F|||50|]Kingambit||LifeOrb|Defiant|KowtowCleave,SuckerPunch,SwordsDance,Protect|Adamant||M|||50|
|inactive|Battle timer is ON: inactive players will automatically lose when time's up. (requested by mr_cool_banger)
|inactive|mr_cool_banger has 60 seconds left.
|
|t:|1785950879
|teamsize|p1|4
|teamsize|p2|4
|start
|switch|p1a: Hatterene|Hatterene, L50, F|100/100
|switch|p1b: Incineroar|Incineroar, L50, F|100/100
|switch|p2a: Sylveon|Sylveon, L50, F|100/100
|switch|p2b: Kingambit|Kingambit, L50, M|100/100
|-ability|p1b: Incineroar|Intimidate|boost
|-unboost|p2a: Sylveon|atk|1
|-unboost|p2b: Kingambit|atk|1
|-ability|p2b: Kingambit|Defiant|boost
|-boost|p2b: Kingambit|atk|2
|turn|1
|inactive|Pietplezier7 has 30 seconds left.
|inactive|Pietplezier7 has 20 seconds left.
|
|t:|1785950929
|move|p2b: Kingambit|Protect|p2b: Kingambit
|-singleturn|p2b: Kingambit|Protect
|move|p2a: Sylveon|Hyper Beam|p1a: Hatterene
|-damage|p1a: Hatterene|0 fnt
|-mustrecharge|p2a: Sylveon
|faint|p1a: Hatterene
|move|p1b: Incineroar|Flare Blitz|p2b: Kingambit
|-activate|p2b: Kingambit|move: Protect
|
|upkeep
|
|t:|1785950932
|switch|p1a: Farigiraf|Farigiraf, L50, M|100/100
|turn|2
|inactive|Pietplezier7 has 30 seconds left.
|inactive|Pietplezier7 has 20 seconds left.
|
|t:|1785950968
|switch|p2b: Arcanine|Arcanine-Hisui, L50, M|100/100
|cant|p2a: Sylveon|recharge
|move|p1b: Incineroar|Flare Blitz|p2b: Arcanine
|-resisted|p2b: Arcanine|2
|-damage|p2b: Arcanine|84/100
|-damage|p1b: Incineroar|95/100|[from] Recoil
|move|p1a: Farigiraf|Trick Room|p1a: Farigiraf
|-fieldstart|move: Trick Room|[of] p1a: Farigiraf
|
|-heal|p1b: Incineroar|100/100|[from] item: Leftovers
|upkeep
|turn|3
|
|t:|1785950991
|move|p1b: Incineroar|Throat Chop|p2b: Arcanine
|-damage|p2b: Arcanine|38/100
|-start|p2b: Arcanine|Throat Chop|[silent]
|move|p1a: Farigiraf|Psychic|p2b: Arcanine
|-damage|p2b: Arcanine|0 fnt
|faint|p2b: Arcanine
|move|p2a: Sylveon|Hyper Voice|p1b: Incineroar|[spread] p1a,p1b
|-damage|p1a: Farigiraf|65/100
|-damage|p1b: Incineroar|64/100
|
|-heal|p1b: Incineroar|70/100|[from] item: Leftovers
|upkeep
|
|t:|1785951009
|switch|p2b: Kingambit|Kingambit, L50, M|100/100
|turn|4
|
|t:|1785951019
|move|p1a: Farigiraf|Helping Hand|p1b: Incineroar
|-singleturn|p1b: Incineroar|Helping Hand|[of] p1a: Farigiraf
|move|p2b: Kingambit|Kowtow Cleave|p1a: Farigiraf
|-supereffective|p1a: Farigiraf|1
|-damage|p1a: Farigiraf|0 fnt
|faint|p1a: Farigiraf
|-damage|p2b: Kingambit|90/100|[from] item: Life Orb
|move|p1b: Incineroar|Flare Blitz|p2a: Sylveon
|-damage|p2a: Sylveon|12/100
|-damage|p1b: Incineroar|44/100|[from] Recoil
|move|p2a: Sylveon|Hyper Voice|p1b: Incineroar
|-damage|p1b: Incineroar|0 fnt
|faint|p1b: Incineroar
|
|upkeep
|
|t:|1785951033
|switch|p1b: Mawile|Mawile, L50, F|100/100
|-ability|p1b: Mawile|Intimidate|boost
|-unboost|p2a: Sylveon|atk|1
|-unboost|p2b: Kingambit|atk|1
|-ability|p2b: Kingambit|Defiant|boost
|-boost|p2b: Kingambit|atk|2
|turn|5
|
|t:|1785951053
|detailschange|p1b: Mawile|Mawile-Mega, L50, F
|-mega|p1b: Mawile|Mawile|Mawilite
|move|p2b: Kingambit|Protect|p2b: Kingambit
|-singleturn|p2b: Kingambit|Protect
|move|p2a: Sylveon|Detect|p2a: Sylveon
|-singleturn|p2a: Sylveon|Protect
|move|p1b: Mawile|Play Rough|p2b: Kingambit
|-activate|p2b: Kingambit|move: Protect
|
|upkeep
|turn|6
|
|t:|1785951067
|move|p2b: Kingambit|Sucker Punch|p1b: Mawile
|-resisted|p1b: Mawile|1
|-damage|p1b: Mawile|59/100
|-damage|p2b: Kingambit|80/100|[from] item: Life Orb
|move|p1b: Mawile|Play Rough|p2b: Kingambit
|-damage|p2b: Kingambit|16/100
|move|p2a: Sylveon|Hyper Voice|p1b: Mawile
|-resisted|p1b: Mawile|1
|-damage|p1b: Mawile|21/100
|
|-fieldend|move: Trick Room
|upkeep
|turn|7
|
|t:|1785951079
|move|p2b: Kingambit|Sucker Punch|p1b: Mawile
|-resisted|p1b: Mawile|1
|-damage|p1b: Mawile|0 fnt
|faint|p1b: Mawile
|-damage|p2b: Kingambit|6/100|[from] item: Life Orb
|
|win|Pietplezier7
