|j|☆slopmachine
|j|☆FrostyDogMobile
|html|slopmachineFrostyDogMobile    
|uhtml|bestof|Game 3 of a best-of-3
|t:|1785744298
|gametype|doubles
|player|p1|slopmachine|medium|1031
|player|p2|FrostyDogMobile|169|1198
|gen|9
|tier|[Gen 9 Champions] VGC 2026 Reg M-B (Bo3)
|rated|
|rule|Species Clause: Limit one of each Pokémon
|rule|Item Clause: Limit 1 of each item
|clearpoke
|poke|p1|Floette-Eternal, L50, F|
|poke|p1|Whimsicott, L50, F|
|poke|p1|Charizard, L50, M|
|poke|p1|Basculegion, L50, M|
|poke|p1|Garchomp, L50, F|
|poke|p1|Incineroar, L50, M|
|poke|p2|Pelipper, L50, F|
|poke|p2|Swampert, L50, M|
|poke|p2|Gholdengo, L50|
|poke|p2|Incineroar, L50, F|
|poke|p2|Aerodactyl, L50, F|
|poke|p2|Kingambit, L50, F|
|teampreview|4
|showteam|p1|Floette-Eternal||Floettite|FlowerVeil|Protect,DazzlingGleam,DrainingKiss,CalmMind|Modest||F|||50|]Whimsicott||FocusSash|Prankster|Protect,Moonblast,Tailwind,Encore|Timid||F|||50|]Charizard||CharizarditeY|Blaze|Protect,WeatherBall,SolarBeam,HeatWave|Modest||M|||50|]Basculegion||ChoiceScarf|Adaptability|FlipTurn,WaveCrash,LastRespects,AquaJet|Jolly||M|||50|]Garchomp||LifeOrb|RoughSkin|Protect,Earthquake,DragonClaw,RockSlide|Jolly||F|||50|]Incineroar||SitrusBerry|Intimidate|FlareBlitz,ThroatChop,FakeOut,PartingShot|Careful||M|||50|
|showteam|p2|Pelipper||SitrusBerry|Drizzle|WeatherBall,Hurricane,Protect,Tailwind|Modest||F|||50|]Swampert||Swampertite|Torrent|WaveCrash,Earthquake,IcePunch,Protect|Jolly||M|||50|]Gholdengo||LifeOrb|GoodasGold|MakeItRain,ShadowBall,NastyPlot,Protect|Modest|||||50|]Incineroar||Leftovers|Intimidate|FlareBlitz,DarkestLariat,FakeOut,PartingShot|Careful||F|||50|]Aerodactyl||FocusSash|Unnerve|RockSlide,WideGuard,Protect,Tailwind|Jolly||F|||50|]Kingambit||ChopleBerry|Defiant|KowtowCleave,IronHead,LowKick,SuckerPunch|Adamant||F|||50|
|inactive|Battle timer is ON: inactive players will automatically lose when time's up. (requested by FrostyDogMobile)
|
|t:|1785744350
|teamsize|p1|4
|teamsize|p2|4
|start
|switch|p1a: Charizard|Charizard, L50, M|100/100
|switch|p1b: Incineroar|Incineroar, L50, M|100/100
|switch|p2a: Kingambit|Kingambit, L50, F|100/100
|switch|p2b: Aerodactyl|Aerodactyl, L50, F|100/100
|-ability|p2b: Aerodactyl|Unnerve
|-ability|p1b: Incineroar|Intimidate|boost
|-unboost|p2a: Kingambit|atk|1
|-ability|p2a: Kingambit|Defiant|boost
|-boost|p2a: Kingambit|atk|2
|-unboost|p2b: Aerodactyl|atk|1
|turn|1
|inactive|slopmachine has 30 seconds left.
|inactive|FrostyDogMobile has 30 seconds left.
|inactive|slopmachine has 20 seconds left.
|inactive|slopmachine has 15 seconds left.
|inactive|slopmachine has 10 seconds left.
|inactive|slopmachine has 5 seconds left.
|
|t:|1785744404
|detailschange|p1a: Charizard|Charizard-Mega-Y, L50, M
|-mega|p1a: Charizard|Charizard|Charizardite Y
|-weather|SunnyDay|[from] ability: Drought|[of] p1a: Charizard
|move|p2a: Kingambit|Sucker Punch|p1a: Charizard
|-damage|p1a: Charizard|45/100
|move|p2b: Aerodactyl|Rock Slide|p1b: Incineroar|[spread] p1a,p1b
|-supereffective|p1a: Charizard|2
|-supereffective|p1b: Incineroar|1
|-damage|p1a: Charizard|0 fnt
|-damage|p1b: Incineroar|67/100
|faint|p1a: Charizard
|move|p1b: Incineroar|Flare Blitz|p2a: Kingambit
|-supereffective|p2a: Kingambit|1
|-damage|p2a: Kingambit|0 fnt
|faint|p2a: Kingambit
|-damage|p1b: Incineroar|33/100|[from] Recoil
|
|-weather|SunnyDay|[upkeep]
|upkeep
|
|t:|1785744420
|switch|p1a: Garchomp|Garchomp, L50, F|100/100
|switch|p2a: Incineroar|Incineroar, L50, F|100/100
|-ability|p2a: Incineroar|Intimidate|boost
|-unboost|p1a: Garchomp|atk|1
|-unboost|p1b: Incineroar|atk|1
|turn|2
|
|t:|1785744443
|move|p2b: Aerodactyl|Tailwind|p2b: Aerodactyl
|-sidestart|p2: FrostyDogMobile|move: Tailwind
|move|p1a: Garchomp|Rock Slide|p2b: Aerodactyl|[spread] p2a,p2b
|-supereffective|p2a: Incineroar|1
|-supereffective|p2b: Aerodactyl|1
|-damage|p2a: Incineroar|72/100
|-damage|p2b: Aerodactyl|43/100
|-damage|p1a: Garchomp|90/100|[from] item: Life Orb
|move|p2a: Incineroar|Parting Shot|p1b: Incineroar
|-unboost|p1b: Incineroar|atk|1
|-unboost|p1b: Incineroar|spa|1
|
|t:|1785744453
|switch|p2a: Gholdengo|Gholdengo, L50|100/100|[from] Parting Shot
|move|p1b: Incineroar|Parting Shot|p2a: Gholdengo
|-immune|p2a: Gholdengo|[from] ability: Good as Gold
|
|-weather|SunnyDay|[upkeep]
|upkeep
|turn|3
|inactive|FrostyDogMobile has 30 seconds left.
|
|t:|1785744482
|switch|p2b: Incineroar|Incineroar, L50, F|72/100
|-enditem|p1b: Incineroar|Sitrus Berry|[eat]
|-heal|p1b: Incineroar|58/100|[from] item: Sitrus Berry
|-ability|p2b: Incineroar|Intimidate|boost
|-unboost|p1a: Garchomp|atk|1
|-unboost|p1b: Incineroar|atk|1
|move|p2a: Gholdengo|Protect|p2a: Gholdengo
|-singleturn|p2a: Gholdengo|Protect
|move|p1a: Garchomp|Rock Slide|p2a: Gholdengo|[spread] 
|-activate|p2a: Gholdengo|move: Protect
|-miss|p1a: Garchomp|p2b: Incineroar
|move|p1b: Incineroar|Flare Blitz|p2a: Gholdengo
|-activate|p2a: Gholdengo|move: Protect
|
|-weather|SunnyDay|[upkeep]
|-heal|p2b: Incineroar|78/100|[from] item: Leftovers
|upkeep
|turn|4
|inactive|slopmachine has 30 seconds left.
|inactive|slopmachine has 20 seconds left.
|inactive|slopmachine has 15 seconds left.
|inactive|slopmachine has 10 seconds left.
|
|t:|1785744530
|move|p2b: Incineroar|Fake Out|p1b: Incineroar
|-damage|p1b: Incineroar|50/100y
|move|p2a: Gholdengo|Nasty Plot|p2a: Gholdengo
|-boost|p2a: Gholdengo|spa|2
|move|p1a: Garchomp|Rock Slide|p2a: Gholdengo|[spread] p2a,p2b
|-resisted|p2a: Gholdengo|1
|-crit|p2a: Gholdengo
|-supereffective|p2b: Incineroar|1
|-damage|p2a: Gholdengo|81/100
|-damage|p2b: Incineroar|56/100
|-damage|p1a: Garchomp|80/100|[from] item: Life Orb
|cant|p1b: Incineroar|flinch
|
|-weather|SunnyDay|[upkeep]
|-heal|p2b: Incineroar|62/100|[from] item: Leftovers
|upkeep
|turn|5
|
|t:|1785744548
|switch|p1a: Basculegion|Basculegion, L50, M|100/100
|move|p2a: Gholdengo|Protect|p2a: Gholdengo
|-singleturn|p2a: Gholdengo|Protect
|move|p2b: Incineroar|Parting Shot|p1b: Incineroar
|-unboost|p1b: Incineroar|atk|1
|-unboost|p1b: Incineroar|spa|1
|
|t:|1785744555
|switch|p2b: Aerodactyl|Aerodactyl, L50, F|43/100|[from] Parting Shot
|-ability|p2b: Aerodactyl|Unnerve
|move|p1b: Incineroar|Flare Blitz|p2a: Gholdengo
|-activate|p2a: Gholdengo|move: Protect
|
|-weather|none
|-sideend|p2: FrostyDogMobile|move: Tailwind
|upkeep
|turn|6
|l|☆FrostyDogMobile
|inactive|FrostyDogMobile disconnected and has a minute to reconnect!
|player|p2|
|j|☆FrostyDogMobile
|inactive|FrostyDogMobile reconnected and has 35 seconds left.
|player|p2|FrostyDogMobile|169|
|inactive|slopmachine has 30 seconds left.
|inactive|FrostyDogMobile has 30 seconds left.
|inactive|slopmachine has 20 seconds left.
|inactive|FrostyDogMobile has 20 seconds left.
|inactive|slopmachine has 15 seconds left.
|inactive|slopmachine has 10 seconds left.
|
|t:|1785744601
|switch|p2b: Incineroar|Incineroar, L50, F|62/100
|-ability|p2b: Incineroar|Intimidate|boost
|-unboost|p1a: Basculegion|atk|1
|-unboost|p1b: Incineroar|atk|1
|move|p1a: Basculegion|Last Respects|p2a: Gholdengo
|-supereffective|p2a: Gholdengo|1
|-damage|p2a: Gholdengo|3/100
|move|p2a: Gholdengo|Shadow Ball|p1a: Basculegion
|-supereffective|p1a: Basculegion|1
|-damage|p1a: Basculegion|0 fnt
|faint|p1a: Basculegion
|-damage|p2a: Gholdengo|0 fnt|[from] item: Life Orb
|faint|p2a: Gholdengo
|move|p1b: Incineroar|Parting Shot|p2b: Incineroar
|-unboost|p2b: Incineroar|atk|1
|-unboost|p2b: Incineroar|spa|1
|
|t:|1785744616
|switch|p1b: Garchomp|Garchomp, L50, F|80/100|[from] Parting Shot
|
|-heal|p2b: Incineroar|68/100|[from] item: Leftovers
|upkeep
|
|t:|1785744621
|switch|p1a: Incineroar|Incineroar, L50, M|50/100y
|switch|p2a: Aerodactyl|Aerodactyl, L50, F|43/100
|-ability|p2a: Aerodactyl|Unnerve
|-ability|p1a: Incineroar|Intimidate|boost
|-unboost|p2a: Aerodactyl|atk|1
|-unboost|p2b: Incineroar|atk|1
|turn|7
|
|t:|1785744642
|move|p2a: Aerodactyl|Protect|p2a: Aerodactyl
|-singleturn|p2a: Aerodactyl|Protect
|move|p2b: Incineroar|Fake Out|p1b: Garchomp
|-damage|p1b: Garchomp|74/100
|-damage|p2b: Incineroar|56/100|[from] ability: Rough Skin|[of] p1b: Garchomp
|move|p1a: Incineroar|Fake Out|p2a: Aerodactyl
|-activate|p2a: Aerodactyl|move: Protect
|cant|p1b: Garchomp|flinch
|
|-heal|p2b: Incineroar|62/100|[from] item: Leftovers
|upkeep
|turn|8
|
|t:|1785744660
|move|p2a: Aerodactyl|Rock Slide|p1b: Garchomp|[spread] p1a,p1b
|-supereffective|p1a: Incineroar|1
|-resisted|p1b: Garchomp|1
|-damage|p1a: Incineroar|20/100y
|-damage|p1b: Garchomp|66/100
|move|p1b: Garchomp|Dragon Claw|p2b: Incineroar
|-damage|p2b: Incineroar|15/100
|-damage|p1b: Garchomp|56/100|[from] item: Life Orb
|move|p2b: Incineroar|Darkest Lariat|p1b: Garchomp
|-damage|p1b: Garchomp|40/100
|-damage|p2b: Incineroar|2/100|[from] ability: Rough Skin|[of] p1b: Garchomp
|move|p1a: Incineroar|Throat Chop|p2a: Aerodactyl
|-damage|p2a: Aerodactyl|0 fnt
|faint|p2a: Aerodactyl
|
|-heal|p2b: Incineroar|8/100|[from] item: Leftovers
|upkeep
|turn|9
|-message|FrostyDogMobile forfeited.
|raw|slopmachine's rating: 1031 → 1082(+51 for winning)
|raw|FrostyDogMobile's rating: 1198 → 1162(-36 for losing)
|
|win|slopmachine
|l|☆FrostyDogMobile
|player|p2|
|j|☆FrostyDogMobile
|player|p2|FrostyDogMobile|169|
|l|☆FrostyDogMobile
|player|p2|
|j|☆FrostyDogMobile
|player|p2|FrostyDogMobile|169|
