|j|â˜†Notaplaceofhonor
|j|â˜†Slo-mmo-o
|html|NotaplaceofhonorSlo-mmo-o    
|uhtml|bestof|Game 1 of a best-of-3
|t:|1756487060
|gametype|doubles
|player|p1|Notaplaceofhonor|juan-gen3|1186
|player|p2|Slo-mmo-o|lance|1192
|gen|9
|tier|[Gen 9] VGC 2025 Reg H (Bo3)
|rated|
|rule|Species Clause: Limit one of each PokÃ©mon
|rule|Item Clause: Limit 1 of each item
|clearpoke
|poke|p1|Indeedee, L50, M|
|poke|p1|Sneasler, L50, F|
|poke|p1|Excadrill, L50, M|
|poke|p1|Magmar, L50, M|
|poke|p1|Corviknight, L50, M|
|poke|p1|Tyranitar, L50, F|
|poke|p2|Kommo-o, L50, F|
|poke|p2|Ninetales-Alola, L50, F|
|poke|p2|Rillaboom, L50, M|
|poke|p2|Electabuzz, L50, M|
|poke|p2|Annihilape, L50, M|
|poke|p2|Kingambit, L50, F|
|teampreview|4
|showteam|p1|Indeedee||ChoiceScarf|PsychicSurge|ExpandingForce,TeraBlast,Trick,Protect|||M|||50|,,,,,Psychic]Sneasler||WhiteHerb|Unburden|FakeOut,CloseCombat,DireClaw,Coaching|||F|||50|,,,,,Flying]Excadrill||FocusSash|SandRush|Earthquake,IronHead,SwordsDance,Protect|||M|||50|,,,,,Ground]Magmar||Eviolite|VitalSpirit|HeatWave,FollowMe,HelpingHand,Protect|||M|||50|,,,,,Flying]Corviknight||PsychicSeed|MirrorArmor|BraveBird,PowerTrip,BulkUp,Roost|||M|||50|,,,,,Water]Tyranitar||AssaultVest|SandStream|RockSlide,KnockOff,LowKick,TeraBlast|||F|||50|,,,,,Flying
|showteam|p2|Kommo-o||LifeOrb|Soundproof|ClangingScales,AuraSphere,Flamethrower,Protect|||F|||50|,,,,,Fire]Ninetales-Alola||NeverMeltIce|SnowWarning|Blizzard,FreezeDry,Encore,Protect|||F|||50|,,,,,Ice]Rillaboom||AssaultVest|GrassySurge|WoodHammer,GrassyGlide,HighHorsepower,FakeOut|||M|||50|,,,,,Poison]Electabuzz||Eviolite|VitalSpirit|Electroweb,HelpingHand,FollowMe,Protect|||M|||50|,,,,,Ghost]Annihilape||FocusSash|Defiant|CloseCombat,ShadowClaw,FinalGambit,Taunt|||M|||50|,,,,,Stellar]Kingambit||BlackGlasses|Defiant|KowtowCleave,SuckerPunch,SwordsDance,Protect|||F|||50|,,,,,Dark
|inactive|Battle timer is ON: inactive players will automatically lose when time's up. (requested by Slo-mmo-o)
|inactive|Notaplaceofhonor has 60 seconds left.
|inactive|Slo-mmo-o has 60 seconds left.
|
|t:|1756487105
|teamsize|p1|4
|teamsize|p2|4
|start
|switch|p1a: Sneasler|Sneasler, L50, F|100/100
|switch|p1b: Corviknight|Corviknight, L50, M|100/100
|switch|p2a: Monkey Gong|Rillaboom, L50, M|100/100
|switch|p2b: Queen Goober|Kingambit, L50, F, shiny|100/100
|-fieldstart|move: Grassy Terrain|[from] ability: Grassy Surge|[of] p2a: Monkey Gong
|turn|1
|
|t:|1756487123
|switch|p1b: Indeedee|Indeedee, L50, M|100/100
|-fieldstart|move: Psychic Terrain|[from] ability: Psychic Surge|[of] p1b: Indeedee
|switch|p2b: Lumi|Ninetales-Alola, L50, F, shiny|100/100
|-weather|Snowscape|[from] ability: Snow Warning|[of] p2b: Lumi
|-terastallize|p2a: Monkey Gong|Poison
|move|p1a: Sneasler|Close Combat|p2b: Lumi
|-damage|p2b: Lumi|36/100
|-unboost|p1a: Sneasler|def|1
|-unboost|p1a: Sneasler|spd|1
|-enditem|p1a: Sneasler|White Herb
|-clearnegativeboost|p1a: Sneasler|[silent]
|move|p2a: Monkey Gong|High Horsepower|p1a: Sneasler
|-supereffective|p1a: Sneasler
|-damage|p1a: Sneasler|0 fnt
|faint|p1a: Sneasler
|
|-weather|Snowscape|[upkeep]
|upkeep
|
|t:|1756487140
|switch|p1a: Corviknight|Corviknight, L50, M|100/100
|-enditem|p1a: Corviknight|Psychic Seed
|-boost|p1a: Corviknight|spd|1|[from] item: Psychic Seed
|turn|2
|inactive|Slo-mmo-o has 30 seconds left.
|
|t:|1756487170
|switch|p2a: Queen Goober|Kingambit, L50, F, shiny|100/100
|move|p2b: Lumi|Protect|p2b: Lumi
|-singleturn|p2b: Lumi|Protect
|move|p1b: Indeedee|Expanding Force|p2b: Lumi|[spread] 
|-activate|p2b: Lumi|move: Protect
|-immune|p2a: Queen Goober
|move|p1a: Corviknight|Bulk Up|p1a: Corviknight
|-boost|p1a: Corviknight|atk|1
|-boost|p1a: Corviknight|def|1
|
|-weather|Snowscape|[upkeep]
|upkeep
|turn|3
|inactive|Notaplaceofhonor has 30 seconds left.
|
|t:|1756487197
|switch|p2a: Monkey Gong|Rillaboom, L50, M, tera:Poison|100/100
|-fieldstart|move: Grassy Terrain|[from] ability: Grassy Surge|[of] p2a: Monkey Gong
|move|p1b: Indeedee|Expanding Force|p2b: Lumi
|-damage|p2b: Lumi|0 fnt
|faint|p2b: Lumi
|move|p1a: Corviknight|Bulk Up|p1a: Corviknight
|-boost|p1a: Corviknight|atk|1
|-boost|p1a: Corviknight|def|1
|
|-weather|Snowscape|[upkeep]
|upkeep
|
|t:|1756487206
|switch|p2b: Kommodo-MoÊ»o|Kommo-o, L50, F, shiny|100/100
|turn|4
|
|t:|1756487213
|switch|p1b: Magmar|Magmar, L50, M|100/100
|move|p2b: Kommodo-MoÊ»o|Protect|p2b: Kommodo-MoÊ»o
|-singleturn|p2b: Kommodo-MoÊ»o|Protect
|move|p2a: Monkey Gong|Wood Hammer|p1b: Magmar
|-resisted|p1b: Magmar
|-damage|p1b: Magmar|56/100
|-damage|p2a: Monkey Gong|88/100|[from] Recoil
|move|p1a: Corviknight|Brave Bird|p2b: Kommodo-MoÊ»o
|-activate|p2b: Kommodo-MoÊ»o|move: Protect
|
|-weather|Snowscape|[upkeep]
|-heal|p2a: Monkey Gong|94/100|[from] Grassy Terrain
|-heal|p1b: Magmar|62/100|[from] Grassy Terrain
|upkeep
|turn|5
|
|t:|1756487226
|switch|p2b: Queen Goober|Kingambit, L50, F, shiny|100/100
|move|p1b: Magmar|Follow Me|p1b: Magmar
|-singleturn|p1b: Magmar|move: Follow Me
|move|p2a: Monkey Gong|High Horsepower|p1b: Magmar
|-supereffective|p1b: Magmar
|-damage|p1b: Magmar|0 fnt
|faint|p1b: Magmar
|move|p1a: Corviknight|Brave Bird|p2b: Queen Goober
|-resisted|p2b: Queen Goober
|-damage|p2b: Queen Goober|64/100
|-damage|p1a: Corviknight|88/100|[from] Recoil
|
|-weather|none
|-heal|p2a: Monkey Gong|99/100|[from] Grassy Terrain
|-heal|p2b: Queen Goober|70/100|[from] Grassy Terrain
|upkeep
|
|t:|1756487233
|switch|p1b: Indeedee|Indeedee, L50, M|100/100
|-fieldstart|move: Psychic Terrain|[from] ability: Psychic Surge|[of] p1b: Indeedee
|turn|6
|inactive|Notaplaceofhonor has 30 seconds left.
|
|t:|1756487266
|move|p1b: Indeedee|Trick|p2b: Queen Goober
|-activate|p1b: Indeedee|move: Trick|[of] p2b: Queen Goober
|-item|p2b: Queen Goober|Choice Scarf|[from] move: Trick
|-item|p1b: Indeedee|Black Glasses|[from] move: Trick
|move|p2a: Monkey Gong|Wood Hammer|p1b: Indeedee
|-damage|p1b: Indeedee|0 fnt
|faint|p1b: Indeedee
|-damage|p2a: Monkey Gong|77/100|[from] Recoil
|move|p1a: Corviknight|Brave Bird|p2a: Monkey Gong
|-damage|p2a: Monkey Gong|0 fnt
|faint|p2a: Monkey Gong
|-damage|p1a: Corviknight|63/100|[from] Recoil
|move|p2b: Queen Goober|Kowtow Cleave|p1a: Corviknight
|-damage|p1a: Corviknight|42/100
|
|upkeep
|
|t:|1756487272
|switch|p2a: Kommodo-MoÊ»o|Kommo-o, L50, F, shiny|100/100
|turn|7
|
|t:|1756487287
|-terastallize|p1a: Corviknight|Water
|move|p2a: Kommodo-MoÊ»o|Aura Sphere|p1a: Corviknight
|-damage|p1a: Corviknight|11/100
|-damage|p2a: Kommodo-MoÊ»o|91/100|[from] item: Life Orb
|move|p1a: Corviknight|Roost|p1a: Corviknight
|-heal|p1a: Corviknight|61/100
|move|p2b: Queen Goober|Kowtow Cleave|p1a: Corviknight
|-damage|p1a: Corviknight|41/100
|
|upkeep
|turn|8
|
|t:|1756487295
|move|p2a: Kommodo-MoÊ»o|Aura Sphere|p1a: Corviknight
|-damage|p1a: Corviknight|6/100
|-damage|p2a: Kommodo-MoÊ»o|82/100|[from] item: Life Orb
|move|p1a: Corviknight|Roost|p1a: Corviknight
|-heal|p1a: Corviknight|57/100
|move|p2b: Queen Goober|Kowtow Cleave|p1a: Corviknight
|-damage|p1a: Corviknight|36/100
|
|upkeep
|turn|9
|
|t:|1756487303
|move|p2a: Kommodo-MoÊ»o|Aura Sphere|p1a: Corviknight
|-damage|p1a: Corviknight|2/100
|-damage|p2a: Kommodo-MoÊ»o|72/100|[from] item: Life Orb
|move|p1a: Corviknight|Roost|p1a: Corviknight
|-heal|p1a: Corviknight|53/100
|move|p2b: Queen Goober|Kowtow Cleave|p1a: Corviknight
|-damage|p1a: Corviknight|33/100
|
|upkeep
|turn|10
|
|t:|1756487313
|move|p2a: Kommodo-MoÊ»o|Aura Sphere|p1a: Corviknight
|-damage|p1a: Corviknight|0 fnt
|faint|p1a: Corviknight
|-damage|p2a: Kommodo-MoÊ»o|63/100|[from] item: Life Orb
|
|win|Slo-mmo-o
