|j|☆Pelosis
|j|☆irongiant9214
|html|Pelosisirongiant9214    
|uhtml|bestof|Game 1 of a best-of-3
|t:|1784906341
|gametype|doubles
|player|p1|Pelosis|2|1207
|player|p2|irongiant9214|265|1186
|gen|9
|tier|[Gen 9 Champions] VGC 2026 Reg M-B (Bo3)
|rated|
|rule|Species Clause: Limit one of each Pokémon
|rule|Item Clause: Limit 1 of each item
|clearpoke
|poke|p1|Mawile, L50, M|
|poke|p1|Farigiraf, L50, M|
|poke|p1|Incineroar, L50, F|
|poke|p1|Torkoal, L50, M|
|poke|p1|Venusaur, L50, F|
|poke|p1|Scrafty, L50, F|
|poke|p2|Charizard, L50, F, shiny|
|poke|p2|Garchomp, L50, M, shiny|
|poke|p2|Incineroar, L50, F, shiny|
|poke|p2|Venusaur, L50, F, shiny|
|poke|p2|Glimmora, L50, M|
|poke|p2|Metagross, L50, shiny|
|teampreview|4
|showteam|p1|Mawile||Mawilite|HyperCutter|Protect,PlayRough,RockSlide,SuckerPunch|Brave||M|||50|]Farigiraf||SitrusBerry|ArmorTail|TrickRoom,TwinBeam,Thunderbolt,HelpingHand|Quiet||M|||50|]Incineroar||WhiteHerb|Intimidate|FakeOut,CloseCombat,FlareBlitz,DarkestLariat|Brave||F|||50|]Torkoal||Charcoal|Drought|HelpingHand,Eruption,HeatWave,WeatherBall|Quiet||M|||50|]Venusaur||FocusSash|Chlorophyll|SleepPowder,EarthPower,EnergyBall,SludgeBomb|Modest||F|||50|]Scrafty||Scraftinite|Intimidate|FakeOut,CloseCombat,KnockOff,IcePunch|Brave||F|||50|
|showteam|p2|Charizard||CharizarditeY|SolarPower|WeatherBall,HeatWave,AncientPower,Protect|Modest||F|||50|]Garchomp||ChoiceScarf|RoughSkin|RockSlide,DragonClaw,Earthquake,StompingTantrum|Adamant||M|||50|]Incineroar||SitrusBerry|Intimidate|FlareBlitz,FakeOut,DarkestLariat,PartingShot|Impish||F|||50|]Venusaur||LifeOrb|Chlorophyll|SludgeBomb,LeafStorm,EarthPower,Protect|Modest||F|||50|]Glimmora||FocusSash|ToxicDebris|PowerGem,EarthPower,EnergyBall,SpikyShield|Timid||M|||50|]Metagross||Metagrossite|ClearBody|PsychicFangs,IronHead,ThunderPunch,Protect|Jolly|||||50|
|j| tyho45
|inactive|Battle timer is ON: inactive players will automatically lose when time's up. (requested by Pelosis)
|inactive|Pelosis has 60 seconds left.
|
|t:|1784906415
|teamsize|p1|4
|teamsize|p2|4
|start
|switch|p1a: Farigiraf|Farigiraf, L50, M|100/100
|switch|p1b: Incineroar|Incineroar, L50, F|100/100
|switch|p2a: Incineroar|Incineroar, L50, F, shiny|100/100
|switch|p2b: Metagross|Metagross, L50, shiny|100/100
|-ability|p2a: Incineroar|Intimidate|boost
|-unboost|p1a: Farigiraf|atk|1
|-unboost|p1b: Incineroar|atk|1
|-ability|p1b: Incineroar|Intimidate|boost
|-unboost|p2a: Incineroar|atk|1
|-fail|p2b: Metagross|unboost|[from] ability: Clear Body|[of] p2b: Metagross
|-enditem|p1b: Incineroar|White Herb
|-clearnegativeboost|p1b: Incineroar|[silent]
|turn|1
|inactive|irongiant9214 has 30 seconds left.
|inactive|Pelosis has 30 seconds left.
|inactive|irongiant9214 has 20 seconds left.
|inactive|irongiant9214 has 15 seconds left.
|inactive|irongiant9214 has 10 seconds left.
|
|t:|1784906464
|switch|p2b: Glimmora|Glimmora, L50, M|100/100
|move|p1b: Incineroar|Fake Out|p2a: Incineroar
|-damage|p2a: Incineroar|90/100
|cant|p2a: Incineroar|flinch
|move|p1a: Farigiraf|Trick Room|p1a: Farigiraf
|-fieldstart|move: Trick Room|[of] p1a: Farigiraf
|
|upkeep
|turn|2
|
|t:|1784906478
|move|p1a: Farigiraf|Twin Beam|p2b: Glimmora
|-supereffective|p2b: Glimmora|1
|-damage|p2b: Glimmora|56/100
|-supereffective|p2b: Glimmora|1
|-damage|p2b: Glimmora|11/100
|-hitcount|p2b: Glimmora|2
|move|p1b: Incineroar|Close Combat|p2a: Incineroar
|-supereffective|p2a: Incineroar|1
|-damage|p2a: Incineroar|26/100
|-unboost|p1b: Incineroar|def|1
|-unboost|p1b: Incineroar|spd|1
|-enditem|p2a: Incineroar|Sitrus Berry|[eat]
|-heal|p2a: Incineroar|51/100|[from] item: Sitrus Berry
|move|p2a: Incineroar|Darkest Lariat|p1a: Farigiraf
|-supereffective|p1a: Farigiraf|1
|-crit|p1a: Farigiraf
|-damage|p1a: Farigiraf|3/100
|-enditem|p1a: Farigiraf|Sitrus Berry|[eat]
|-heal|p1a: Farigiraf|28/100|[from] item: Sitrus Berry
|move|p2b: Glimmora|Earth Power|p1b: Incineroar
|-supereffective|p1b: Incineroar|1
|-damage|p1b: Incineroar|8/100
|
|upkeep
|turn|3
|inactive|Pelosis has 30 seconds left.
|inactive|irongiant9214 has 30 seconds left.
|inactive|irongiant9214 has 20 seconds left.
|inactive|irongiant9214 has 15 seconds left.
|inactive|irongiant9214 has 10 seconds left.
|
|t:|1784906524
|switch|p2a: Charizard|Charizard, L50, F, shiny|100/100
|move|p2b: Glimmora|Spiky Shield|p2b: Glimmora
|-singleturn|p2b: Glimmora|move: Protect
|move|p1a: Farigiraf|Twin Beam|p2b: Glimmora
|-activate|p2b: Glimmora|move: Protect
|move|p1b: Incineroar|Close Combat|p2a: Charizard
|-resisted|p2a: Charizard|1
|-damage|p2a: Charizard|80/100
|-unboost|p1b: Incineroar|def|1
|-unboost|p1b: Incineroar|spd|1
|
|upkeep
|turn|4
|
|t:|1784906539
|switch|p2b: Metagross|Metagross, L50, shiny|100/100
|detailschange|p2a: Charizard|Charizard-Mega-Y, L50, F, shiny
|-mega|p2a: Charizard|Charizard|Charizardite Y
|-weather|SunnyDay|[from] ability: Drought|[of] p2a: Charizard
|move|p2a: Charizard|Protect|p2a: Charizard
|-singleturn|p2a: Charizard|Protect
|move|p1b: Incineroar|Close Combat|p2b: Metagross
|-damage|p2b: Metagross|61/100
|-unboost|p1b: Incineroar|def|1
|-unboost|p1b: Incineroar|spd|1
|move|p1a: Farigiraf|Thunderbolt|p2a: Charizard
|-activate|p2a: Charizard|move: Protect
|
|-weather|SunnyDay|[upkeep]
|upkeep
|turn|5
|inactive|Pelosis has 30 seconds left.
|
|t:|1784906572
|switch|p1b: Mawile|Mawile, L50, M|100/100
|switch|p2a: Incineroar|Incineroar, L50, F, shiny|51/100
|-ability|p2a: Incineroar|Intimidate|boost
|-unboost|p1a: Farigiraf|atk|1
|-fail|p1b: Mawile|unboost|Attack|[from] ability: Hyper Cutter|[of] p1b: Mawile
|move|p2b: Metagross|Protect|p2b: Metagross
|-singleturn|p2b: Metagross|Protect
|move|p1a: Farigiraf|Thunderbolt|p2a: Incineroar
|-damage|p2a: Incineroar|28/100
|
|-weather|SunnyDay|[upkeep]
|-fieldend|move: Trick Room
|upkeep
|turn|6
|inactive|Pelosis has 30 seconds left.
|inactive|irongiant9214 has 30 seconds left.
|inactive|Pelosis has 20 seconds left.
|inactive|Pelosis has 15 seconds left.
|inactive|irongiant9214 has 20 seconds left.
|
|t:|1784906617
|switch|p1b: Torkoal|Torkoal, L50, M|100/100
|move|p2b: Metagross|Iron Head|p1a: Farigiraf
|-damage|p1a: Farigiraf|0 fnt
|faint|p1a: Farigiraf
|move|p2a: Incineroar|Flare Blitz|p1b: Torkoal
|-resisted|p1b: Torkoal|1
|-damage|p1b: Torkoal|71/100
|-damage|p2a: Incineroar|19/100|[from] Recoil
|
|-weather|SunnyDay|[upkeep]
|upkeep
|
|t:|1784906628
|switch|p1a: Incineroar|Incineroar, L50, F|8/100
|-ability|p1a: Incineroar|Intimidate|boost
|-unboost|p2a: Incineroar|atk|1
|-fail|p2b: Metagross|unboost|[from] ability: Clear Body|[of] p2b: Metagross
|turn|7
|
|t:|1784906652
|move|p2b: Metagross|Protect|p2b: Metagross
|-singleturn|p2b: Metagross|Protect
|move|p1a: Incineroar|Fake Out|p2a: Incineroar
|-damage|p2a: Incineroar|8/100
|cant|p2a: Incineroar|flinch
|move|p1b: Torkoal|Heat Wave|p2b: Metagross|[spread] p2a
|-activate|p2b: Metagross|move: Protect
|-resisted|p2a: Incineroar|1
|-damage|p2a: Incineroar|0 fnt
|faint|p2a: Incineroar
|
|-weather|SunnyDay|[upkeep]
|upkeep
|
|t:|1784906664
|switch|p2a: Glimmora|Glimmora, L50, M|11/100
|turn|8
|inactive|irongiant9214 has 30 seconds left.
|inactive|irongiant9214 has 20 seconds left.
|inactive|irongiant9214 has 15 seconds left.
|
|t:|1784906707
|switch|p1a: Mawile|Mawile, L50, M|100/100
|move|p2a: Glimmora|Power Gem|p1b: Torkoal
|-supereffective|p1b: Torkoal|1
|-damage|p1b: Torkoal|0 fnt
|faint|p1b: Torkoal
|move|p2b: Metagross|Psychic Fangs|p1a: Mawile
|-resisted|p1a: Mawile|1
|-damage|p1a: Mawile|71/100
|
|-weather|none
|upkeep
|
|t:|1784906716
|switch|p1b: Incineroar|Incineroar, L50, F|8/100
|-ability|p1b: Incineroar|Intimidate|boost
|-unboost|p2a: Glimmora|atk|1
|-fail|p2b: Metagross|unboost|[from] ability: Clear Body|[of] p2b: Metagross
|turn|9
|
|t:|1784906734
|detailschange|p1a: Mawile|Mawile-Mega, L50, M
|-mega|p1a: Mawile|Mawile|Mawilite
|move|p2a: Glimmora|Spiky Shield|p2a: Glimmora
|-singleturn|p2a: Glimmora|move: Protect
|move|p2b: Metagross|Protect|p2b: Metagross
|-singleturn|p2b: Metagross|Protect
|move|p1a: Mawile|Sucker Punch||[still]
|-fail|p1a: Mawile
|move|p1b: Incineroar|Flare Blitz|p2b: Metagross
|-activate|p2b: Metagross|move: Protect
|
|upkeep
|turn|10
|
|t:|1784906753
|move|p1a: Mawile|Sucker Punch|p2a: Glimmora
|-damage|p2a: Glimmora|0 fnt
|-activate|p2a: Glimmora|ability: Toxic Debris
|-sidestart|p1: Pelosis|move: Toxic Spikes
|faint|p2a: Glimmora
|move|p2b: Metagross|Iron Head|p1a: Mawile
|-damage|p1a: Mawile|28/100
|move|p1b: Incineroar|Flare Blitz|p2b: Metagross
|-supereffective|p2b: Metagross|1
|-damage|p2b: Metagross|0 fnt
|faint|p2b: Metagross
|-damage|p1b: Incineroar|0 fnt|[from] Recoil
|faint|p1b: Incineroar
|
|upkeep
|
|t:|1784906757
|switch|p2a: Charizard|Charizard-Mega-Y, L50, F, shiny|80/100
|-weather|SunnyDay|[from] ability: Drought|[of] p2a: Charizard
|turn|11
|
|t:|1784906776
|move|p2a: Charizard|Weather Ball|p1a: Mawile
|-supereffective|p1a: Mawile|1
|-damage|p1a: Mawile|0 fnt
|faint|p1a: Mawile
|
|win|irongiant9214
||irongiant9214 is ready for game 2.
||Pelosis is ready for game 2.
|uhtml|next|Next: Game 2 of 3
