|j|☆Nonowaos
|j|☆Magic Girl Sab
|html|NonowaosMagic Girl Sab    
|uhtml|bestof|Game 1 of a best-of-3
|t:|1782664654
|gametype|doubles
|player|p1|Nonowaos|2|1082
|player|p2|Magic Girl Sab|gardenia|1087
|gen|9
|tier|[Gen 9 Champions] VGC 2026 Reg M-B (Bo3)
|rated|
|rule|Species Clause: Limit one of each Pokémon
|rule|Item Clause: Limit 1 of each item
|clearpoke
|poke|p1|Swampert, L50, M|
|poke|p1|Incineroar, L50, F|
|poke|p1|Sylveon, L50, F|
|poke|p1|Archaludon, L50, M|
|poke|p1|Sinistcha, L50|
|poke|p1|Pelipper, L50, M|
|poke|p2|Eelektross, L50, M|
|poke|p2|Sinistcha, L50|
|poke|p2|Garchomp, L50, F|
|poke|p2|Sneasler, L50, F|
|poke|p2|Whimsicott, L50, M, shiny|
|poke|p2|Incineroar, L50, F|
|teampreview|4
|showteam|p1|Swampert||Swampertite|Torrent|Earthquake,WaveCrash,IcePunch,Protect|Adamant||M|||50|]Incineroar||SitrusBerry|Intimidate|FakeOut,FlareBlitz,PartingShot,ThroatChop|Adamant||F|||50|]Sylveon||FairyFeather|Pixilate|QuickAttack,HyperVoice,Moonblast,Protect|Modest||F|||50|]Archaludon||WhiteHerb|Stamina|DracoMeteor,FlashCannon,Protect,ElectroShot|Modest||M|||50|]Sinistcha||CobaBerry|Hospitality|MatchaGotcha,LifeDew,RagePowder,StrengthSap|Bold|||||50|]Pelipper||FocusSash|Drizzle|Hurricane,Protect,WideGuard,WeatherBall|Bold||M|||50|
|showteam|p2|Eelektross||Eelektrossite|Levitate|Protect,Discharge,Flamethrower,DragonPulse|Quiet||M|||50|]Sinistcha||KasibBerry|Hospitality|MatchaGotcha,TrickRoom,RagePowder,LifeDew|Bold|||||50|]Garchomp||ChoiceScarf|RoughSkin|RockSlide,Earthquake,Bulldoze,DragonClaw|Adamant||F|||50|]Sneasler||WhiteHerb|Unburden|CloseCombat,DireClaw,FakeOut,Protect|Jolly||F|||50|]Whimsicott||FocusSash|Prankster|Tailwind,Encore,Moonblast,Protect|Timid||M|||50|]Incineroar||SitrusBerry|Intimidate|FakeOut,PartingShot,FlareBlitz,ThroatChop|Careful||F|||50|
|inactive|Battle timer is ON: inactive players will automatically lose when time's up. (requested by Nonowaos)
|inactive|Magic Girl Sab has 60 seconds left.
|inactive|Magic Girl Sab has 30 seconds left.
|
|t:|1782664740
|teamsize|p1|4
|teamsize|p2|4
|start
|switch|p1a: Pelipper|Pelipper, L50, M|100/100
|switch|p1b: Swampert|Swampert, L50, M|100/100
|switch|p2a: Eelektross|Eelektross, L50, M|100/100
|switch|p2b: Sneasler|Sneasler, L50, F|100/100
|-weather|RainDance|[from] ability: Drizzle|[of] p1a: Pelipper
|turn|1
|inactive|Nonowaos has 30 seconds left.
|inactive|Magic Girl Sab has 30 seconds left.
|inactive|Magic Girl Sab has 20 seconds left.
|inactive|Magic Girl Sab has 15 seconds left.
|inactive|Magic Girl Sab has 10 seconds left.
|inactive|Magic Girl Sab has 5 seconds left.
|
|t:|1782664795
|switch|p2b: Sinistcha|Sinistcha, L50|100/100
|detailschange|p1b: Swampert|Swampert-Mega, L50, M
|-mega|p1b: Swampert|Swampert|Swampertite
|detailschange|p2a: Eelektross|Eelektross-Mega, L50, M
|-mega|p2a: Eelektross|Eelektross|Eelektrossite
|move|p1b: Swampert|Wave Crash|p2a: Eelektross
|-damage|p2a: Eelektross|0 fnt
|faint|p2a: Eelektross
|-damage|p1b: Swampert|69/100|[from] Recoil
|move|p1a: Pelipper|Hurricane|p2b: Sinistcha
|-supereffective|p2b: Sinistcha|1
|-damage|p2b: Sinistcha|25/100
|-start|p2b: Sinistcha|confusion
|
|-weather|RainDance|[upkeep]
|upkeep
|j| Fiveguy12
|
|t:|1782664809
|switch|p2a: Sneasler|Sneasler, L50, F|100/100
|turn|2
|
|t:|1782664816
|move|p2a: Sneasler|Fake Out|p1b: Swampert
|-damage|p1b: Swampert|57/100
|cant|p1b: Swampert|flinch
|-activate|p2b: Sinistcha|confusion
|move|p2b: Sinistcha|Matcha Gotcha|p1b: Swampert|[spread] p1a,p1b
|-supereffective|p1b: Swampert|2
|-damage|p1a: Pelipper|63/100
|-heal|p2b: Sinistcha|43/100|[from] drain|[of] p1a: Pelipper
|-damage|p1b: Swampert|0 fnt
|-heal|p2b: Sinistcha|76/100|[from] drain|[of] p1b: Swampert
|faint|p1b: Swampert
|move|p1a: Pelipper|Hurricane|p2a: Sneasler
|-supereffective|p2a: Sneasler|1
|-crit|p2a: Sneasler
|-damage|p2a: Sneasler|0 fnt
|faint|p2a: Sneasler
|
|-weather|RainDance|[upkeep]
|upkeep
|
|t:|1782664832
|switch|p2a: Garchomp|Garchomp, L50, F|100/100
|switch|p1b: Sylveon|Sylveon, L50, F|100/100
|turn|3
|inactive|Magic Girl Sab has 30 seconds left.
|
|t:|1782664864
|move|p2a: Garchomp|Rock Slide|p1b: Sylveon|[spread] p1a,p1b
|-supereffective|p1a: Pelipper|1
|-damage|p1a: Pelipper|27/100
|-damage|p1b: Sylveon|75/100
|-activate|p2b: Sinistcha|confusion
|move|p2b: Sinistcha|Matcha Gotcha|p1b: Sylveon|[spread] p1a,p1b
|-damage|p1a: Pelipper|0 fnt
|-heal|p2b: Sinistcha|89/100|[from] drain|[of] p1a: Pelipper
|-damage|p1b: Sylveon|58/100
|-heal|p2b: Sinistcha|98/100|[from] drain|[of] p1b: Sylveon
|faint|p1a: Pelipper
|cant|p1b: Sylveon|flinch
|
|-weather|RainDance|[upkeep]
|upkeep
|
|t:|1782664878
|switch|p1a: Incineroar|Incineroar, L50, F|100/100
|-ability|p1a: Incineroar|Intimidate|boost
|-unboost|p2a: Garchomp|atk|1
|-unboost|p2b: Sinistcha|atk|1
|turn|4
|
|t:|1782664889
|move|p1a: Incineroar|Fake Out|p2a: Garchomp
|-damage|p2a: Garchomp|85/100
|-damage|p1a: Incineroar|87/100|[from] ability: Rough Skin|[of] p2a: Garchomp
|-activate|p2b: Sinistcha|confusion
|move|p2b: Sinistcha|Rage Powder|p2b: Sinistcha
|-singleturn|p2b: Sinistcha|move: Rage Powder
|cant|p2a: Garchomp|flinch
|move|p1b: Sylveon|Hyper Voice|p2a: Garchomp|[spread] p2a,p2b
|-supereffective|p2a: Garchomp|1
|-damage|p2a: Garchomp|0 fnt
|-damage|p2b: Sinistcha|46/100
|faint|p2a: Garchomp
|
|-weather|RainDance|[upkeep]
|upkeep
|turn|5
|
|t:|1782664907
|move|p1b: Sylveon|Quick Attack|p2b: Sinistcha
|-damage|p2b: Sinistcha|35/100
|-end|p2b: Sinistcha|confusion
|move|p2b: Sinistcha|Matcha Gotcha|p1a: Incineroar|[spread] p1b
|-miss|p2b: Sinistcha|p1a: Incineroar
|-damage|p1b: Sylveon|41/100
|-heal|p2b: Sinistcha|44/100|[from] drain|[of] p1b: Sylveon
|move|p1a: Incineroar|Throat Chop|p2b: Sinistcha
|-supereffective|p2b: Sinistcha|1
|-damage|p2b: Sinistcha|0 fnt
|faint|p2b: Sinistcha
|
|win|Nonowaos
|inactive|Nonowaos has 30 seconds to confirm battle start!
|inactive|Magic Girl Sab has 30 seconds to confirm battle start!
