|j|☆Caporosso74
|j|☆RamonTheKiller
|html|Caporosso74RamonTheKiller    
|uhtml|bestof|Game 1 of a best-of-3
|t:|1756419836
|gametype|doubles
|player|p1|Caporosso74|101|1150
|player|p2|RamonTheKiller|palmer|1109
|gen|9
|tier|[Gen 9] VGC 2025 Reg H (Bo3)
|rated|
|rule|Species Clause: Limit one of each Pokémon
|rule|Item Clause: Limit 1 of each item
|clearpoke
|poke|p1|Pelipper, L50, F|
|poke|p1|Basculegion, L50, M|
|poke|p1|Archaludon, L50, M|
|poke|p1|Rillaboom, L50, F|
|poke|p1|Dragonite, L50, F|
|poke|p1|Gholdengo, L50|
|poke|p2|Incineroar, L50, F|
|poke|p2|Amoonguss, L50, F|
|poke|p2|Gholdengo, L50|
|poke|p2|Dragonite, L50, M|
|poke|p2|Sneasler, L50, F|
|poke|p2|Primarina, L50, M|
|teampreview|4
|showteam|p1|Pelipper||CovertCloak|Drizzle|Hurricane,Protect,WeatherBall,Tailwind|||F|||50|,,,,,Flying]Basculegion||LifeOrb|SwiftSwim|LastRespects,AquaJet,WaveCrash,PsychicFangs|||M|||50|,,,,,Water]Archaludon||SafetyGoggles|Stamina|DragonPulse,ElectroShot,FlashCannon,Protect|||M|||50|,,,,,Electric]Rillaboom||AssaultVest|GrassySurge|FakeOut,WoodHammer,GrassyGlide,Uturn|||F|||50|,,,,,Water]Dragonite||ChoiceBand|Multiscale|IceSpinner,ExtremeSpeed,LowKick,StompingTantrum|||F|||50|,,,,,Normal]Gholdengo||FocusSash|GoodasGold|Protect,ShadowBall,MakeItRain,NastyPlot||||||50|,,,,,Steel
|showteam|p2|Incineroar||SafetyGoggles|Intimidate|KnockOff,FakeOut,PartingShot,FlareBlitz|||F|||50|,,,,,Ghost]Amoonguss||RockyHelmet|Regenerator|RagePowder,PollenPuff,Spore,Protect|||F|||50|,,,,,Fairy]Gholdengo||LifeOrb|GoodasGold|MakeItRain,ShadowBall,NastyPlot,Protect||||||50|,,,,,Water]Dragonite||LoadedDice|Multiscale|ScaleShot,Protect,Tailwind,Haze|||M|||50|,,,,,Fairy]Sneasler||FocusSash|Unburden|DireClaw,CloseCombat,Protect,ThroatChop|||F|||50|,,,,,Stellar]Primarina||AssaultVest|LiquidVoice|HyperVoice,Moonblast,IcyWind,TeraBlast|||M|||50|,,,,,Poison
|
|t:|1756419871
|teamsize|p1|4
|teamsize|p2|4
|start
|switch|p1a: Pelipper|Pelipper, L50, F|100/100
|switch|p1b: Basculegion|Basculegion, L50, M|100/100
|switch|p2a: Dragonite|Dragonite, L50, M|100/100
|switch|p2b: Gholdengo|Gholdengo, L50|100/100
|-weather|RainDance|[from] ability: Drizzle|[of] p1a: Pelipper
|turn|1
|inactive|Battle timer is ON: inactive players will automatically lose when time's up. (requested by RamonTheKiller)
|inactive|Caporosso74 has 60 seconds left.
|
|t:|1756419919
|move|p2b: Gholdengo|Protect|p2b: Gholdengo
|-singleturn|p2b: Gholdengo|Protect
|move|p1b: Basculegion|Last Respects|p2b: Gholdengo
|-activate|p2b: Gholdengo|move: Protect
|move|p2a: Dragonite|Tailwind|p2a: Dragonite
|-sidestart|p2: RamonTheKiller|move: Tailwind
|move|p1a: Pelipper|Tailwind|p1a: Pelipper
|-sidestart|p1: Caporosso74|move: Tailwind
|
|-weather|RainDance|[upkeep]
|upkeep
|turn|2
|
|t:|1756419941
|switch|p2b: Amoonguss|Amoonguss, L50, F|100/100
|move|p1b: Basculegion|Psychic Fangs|p2b: Amoonguss
|-supereffective|p2b: Amoonguss
|-damage|p2b: Amoonguss|35/100
|-damage|p1b: Basculegion|84/100|[from] item: Rocky Helmet|[of] p2b: Amoonguss
|-damage|p1b: Basculegion|74/100|[from] item: Life Orb
|move|p2a: Dragonite|Scale Shot|p1b: Basculegion
|-damage|p1b: Basculegion|57/100
|-damage|p1b: Basculegion|40/100
|-damage|p1b: Basculegion|23/100
|-damage|p1b: Basculegion|6/100
|-hitcount|p1b: Basculegion|4
|-unboost|p2a: Dragonite|def|1
|-boost|p2a: Dragonite|spe|1
|move|p1a: Pelipper|Weather Ball|p2a: Dragonite
|-resisted|p2a: Dragonite
|-damage|p2a: Dragonite|82/100
|
|-weather|RainDance|[upkeep]
|upkeep
|turn|3
|inactive|Caporosso74 has 30 seconds left.
|inactive|RamonTheKiller has 30 seconds left.
|
|t:|1756419970
|switch|p1b: Rillaboom|Rillaboom, L50, F|100/100
|-fieldstart|move: Grassy Terrain|[from] ability: Grassy Surge|[of] p1b: Rillaboom
|move|p2a: Dragonite|Scale Shot|p1a: Pelipper
|-damage|p1a: Pelipper|86/100
|-damage|p1a: Pelipper|71/100
|-damage|p1a: Pelipper|56/100
|-damage|p1a: Pelipper|43/100
|-hitcount|p1a: Pelipper|4
|-unboost|p2a: Dragonite|def|1
|-boost|p2a: Dragonite|spe|1
|move|p1a: Pelipper|Hurricane|p2b: Amoonguss
|-supereffective|p2b: Amoonguss
|-damage|p2b: Amoonguss|0 fnt
|faint|p2b: Amoonguss
|
|-weather|RainDance|[upkeep]
|upkeep
|
|t:|1756419989
|switch|p2b: Gholdengo|Gholdengo, L50|100/100
|turn|4
|
|t:|1756420003
|move|p2a: Dragonite|Protect|p2a: Dragonite
|-singleturn|p2a: Dragonite|Protect
|move|p1b: Rillaboom|U-turn|p2b: Gholdengo
|-resisted|p2b: Gholdengo
|-damage|p2b: Gholdengo|95/100
|
|t:|1756420008
|switch|p1b: Archaludon|Archaludon, L50, M|100/100|[from] U-turn
|move|p2b: Gholdengo|Shadow Ball|p1a: Pelipper
|-damage|p1a: Pelipper|0 fnt
|faint|p1a: Pelipper
|-damage|p2b: Gholdengo|85/100|[from] item: Life Orb
|
|-weather|RainDance|[upkeep]
|-heal|p2b: Gholdengo|91/100|[from] Grassy Terrain
|-sideend|p2: RamonTheKiller|move: Tailwind
|-sideend|p1: Caporosso74|move: Tailwind
|upkeep
|
|t:|1756420023
|switch|p1a: Basculegion|Basculegion, L50, M|6/100
|turn|5
|inactive|RamonTheKiller has 30 seconds left.
|
|t:|1756420054
|switch|p2a: Primarina|Primarina, L50, M|100/100
|-terastallize|p1b: Archaludon|Electric
|move|p2b: Gholdengo|Protect|p2b: Gholdengo
|-singleturn|p2b: Gholdengo|Protect
|move|p1a: Basculegion|Aqua Jet|p2b: Gholdengo
|-activate|p2b: Gholdengo|move: Protect
|move|p1b: Archaludon|Electro Shot||[still]
|-prepare|p1b: Archaludon|Electro Shot
|-boost|p1b: Archaludon|spa|1
|-anim|p1b: Archaludon|Electro Shot|p2a: Primarina
|-supereffective|p2a: Primarina
|-damage|p2a: Primarina|0 fnt
|faint|p2a: Primarina
|
|-weather|none
|-heal|p1a: Basculegion|12/100|[from] Grassy Terrain
|-heal|p2b: Gholdengo|97/100|[from] Grassy Terrain
|upkeep
|
|t:|1756420074
|switch|p2a: Dragonite|Dragonite, L50, M|82/100
|turn|6
|
|t:|1756420093
|-terastallize|p2a: Dragonite|Fairy
|move|p2b: Gholdengo|Nasty Plot|p2b: Gholdengo
|-boost|p2b: Gholdengo|spa|2
|move|p2a: Dragonite|Scale Shot|p1a: Basculegion
|-damage|p1a: Basculegion|0 fnt
|faint|p1a: Basculegion
|-hitcount|p1: Basculegion|1
|-unboost|p2a: Dragonite|def|1
|-boost|p2a: Dragonite|spe|1
|move|p1b: Archaludon|Dragon Pulse|p2b: Gholdengo
|-resisted|p2b: Gholdengo
|-damage|p2b: Gholdengo|57/100
|
|-heal|p2a: Dragonite|88/100|[from] Grassy Terrain
|-heal|p2b: Gholdengo|63/100|[from] Grassy Terrain
|upkeep
|
|t:|1756420111
|switch|p1a: Rillaboom|Rillaboom, L50, F|100/100
|turn|7
|
|t:|1756420126
|move|p1a: Rillaboom|Fake Out|p2a: Dragonite
|-damage|p2a: Dragonite|64/100
|cant|p2a: Dragonite|flinch
|move|p2b: Gholdengo|Shadow Ball|p1b: Archaludon
|-damage|p1b: Archaludon|0 fnt
|faint|p1b: Archaludon
|-damage|p2b: Gholdengo|54/100|[from] item: Life Orb
|
|-heal|p2a: Dragonite|70/100|[from] Grassy Terrain
|-heal|p2b: Gholdengo|60/100|[from] Grassy Terrain
|-fieldend|move: Grassy Terrain
|upkeep
|turn|8
|
|t:|1756420142
|move|p2a: Dragonite|Scale Shot|p1a: Rillaboom
|-damage|p1a: Rillaboom|84/100
|-damage|p1a: Rillaboom|70/100
|-damage|p1a: Rillaboom|56/100
|-damage|p1a: Rillaboom|40/100
|-hitcount|p1a: Rillaboom|4
|-unboost|p2a: Dragonite|def|1
|-boost|p2a: Dragonite|spe|1
|move|p1a: Rillaboom|Wood Hammer|p2a: Dragonite
|-damage|p2a: Dragonite|0 fnt
|faint|p2a: Dragonite
|-damage|p1a: Rillaboom|19/100|[from] Recoil
|move|p2b: Gholdengo|Make It Rain|p1a: Rillaboom
|-damage|p1a: Rillaboom|0 fnt
|-unboost|p2b: Gholdengo|spa|1
|faint|p1a: Rillaboom
|-damage|p2b: Gholdengo|50/100|[from] item: Life Orb
|
|win|RamonTheKiller
||Caporosso74 is ready for game 2.
|inactive|RamonTheKiller has 30 seconds to confirm battle start!
|inactive|RamonTheKiller has 20 seconds to confirm battle start!
