|j|☆vuelve chusooo
|j|☆Blindfistin
|html|vuelve chusoooBlindfistin    
|uhtml|bestof|Game 3 of a best-of-3
|t:|1782592752
|gametype|doubles
|player|p1|vuelve chusooo|fisherman-gen4|1130
|player|p2|Blindfistin|101|1174
|gen|9
|tier|[Gen 9 Champions] VGC 2026 Reg M-B (Bo3)
|rated|
|rule|Species Clause: Limit one of each Pokémon
|rule|Item Clause: Limit 1 of each item
|clearpoke
|poke|p1|Whimsicott, L50, F|
|poke|p1|Swampert, L50, M|
|poke|p1|Pelipper, L50, M|
|poke|p1|Archaludon, L50, F|
|poke|p1|Floette-Eternal, L50, F|
|poke|p1|Basculegion, L50, M|
|poke|p2|Sableye, L50, F|
|poke|p2|Basculegion-F, L50, F|
|poke|p2|Lopunny, L50, F|
|poke|p2|Archaludon, L50, F|
|poke|p2|Glimmora, L50, F|
|poke|p2|Meganium, L50, F|
|teampreview|4
|showteam|p1|Whimsicott||CobaBerry|Prankster|Moonblast,Tailwind,Encore,Protect|Bold||F|||50|]Swampert||Swampertite|Torrent|WaveCrash,Earthquake,IcePunch,Protect|Adamant||M|||50|]Pelipper||FocusSash|Drizzle|WeatherBall,Hurricane,Tailwind,Protect|Modest||M|||50|]Archaludon||Leftovers|Stamina|DracoMeteor,FlashCannon,ElectroShot,Protect|Modest||F|||50|]Floette-Eternal||Floettite|FlowerVeil|Moonblast,DazzlingGleam,LightofRuin,Protect|Modest||F|||50|]Basculegion||LifeOrb|Adaptability|Liquidation,LastRespects,AquaJet,Protect|Adamant||M|||50|
|showteam|p2|Sableye||RoseliBerry|Prankster|WillOWisp,RainDance,Encore,Disable|Sassy||F|||50|]Basculegion-F||ChoiceScarf|Adaptability|MuddyWater,ShadowBall,Hex,IceBeam|Timid||F|||50|]Lopunny||Lopunnite|CuteCharm|CloseCombat,TripleAxel,FakeOut,Protect|Adamant||F|||50|]Archaludon||Leftovers|Stamina|ElectroShot,DragonPulse,FlashCannon,Protect|Bold||F|||50|]Glimmora||FocusSash|ToxicDebris|PowerGem,SludgeBomb,EarthPower,SpikyShield|Modest||F|||50|]Meganium||Meganiumite|Overgrow|SolarBeam,DazzlingGleam,WeatherBall,Protect|Modest||F|||50|
|inactive|Battle timer is ON: inactive players will automatically lose when time's up. (requested by Blindfistin)
|inactive|vuelve chusooo has 60 seconds left.
|inactive|Blindfistin has 30 seconds left.
|inactive|vuelve chusooo has 30 seconds left.
|inactive|Blindfistin has 20 seconds left.
|inactive|Blindfistin has 15 seconds left.
|
|t:|1782592869
|teamsize|p1|4
|teamsize|p2|4
|start
|switch|p1a: Whimsicott|Whimsicott, L50, F|100/100
|switch|p1b: Floette|Floette-Eternal, L50, F|100/100
|switch|p2a: Sableye|Sableye, L50, F|100/100
|switch|p2b: Archaludon|Archaludon, L50, F|100/100
|turn|1
|inactive|vuelve chusooo has 30 seconds left.
|
|t:|1782592897
|detailschange|p1b: Floette|Floette-Mega, L50, F
|-mega|p1b: Floette|Floette|Floettite
|-ability|p1b: Floette|Fairy Aura
|move|p1a: Whimsicott|Tailwind|p1a: Whimsicott
|-sidestart|p1: vuelve chusooo|move: Tailwind
|move|p2a: Sableye|Rain Dance|p2a: Sableye
|-weather|RainDance
|move|p1b: Floette|Light of Ruin|p2b: Archaludon
|-damage|p2b: Archaludon|0 fnt
|faint|p2b: Archaludon
|-damage|p1b: Floette|34/100|[from] Recoil
|
|-weather|RainDance|[upkeep]
|upkeep
|
|t:|1782592913
|switch|p2b: Lopunny|Lopunny, L50, F|100/100
|turn|2
|inactive|vuelve chusooo has 30 seconds left.
|inactive|vuelve chusooo has 20 seconds left.
|
|t:|1782592952
|detailschange|p2b: Lopunny|Lopunny-Mega, L50, F
|-mega|p2b: Lopunny|Lopunny|Lopunnite
|move|p1b: Floette|Protect|p1b: Floette
|-singleturn|p1b: Floette|Protect
|move|p2a: Sableye|Encore|p1a: Whimsicott
|-start|p1a: Whimsicott|Encore
|move|p1a: Whimsicott|Tailwind||[still]
|-fail|p1a: Whimsicott
|move|p2b: Lopunny|Close Combat|p1b: Floette
|-activate|p1b: Floette|move: Protect
|
|-weather|RainDance|[upkeep]
|upkeep
|turn|3
|
|t:|1782592975
|switch|p1a: Archaludon|Archaludon, L50, F|100/100
|move|p2a: Sableye|Encore|p1b: Floette
|-start|p1b: Floette|Encore
|move|p1b: Floette|Protect||[still]
|-fail|p1b: Floette
|move|p2b: Lopunny|Triple Axel|p1b: Floette
|-damage|p1b: Floette|23/100
|-damage|p1b: Floette|1/100
|-damage|p1b: Floette|0 fnt
|faint|p1b: Floette
|-hitcount|p1: Floette|3
|
|-weather|RainDance|[upkeep]
|upkeep
|
|t:|1782592991
|switch|p1b: Whimsicott|Whimsicott, L50, F|100/100
|turn|4
|inactive|Blindfistin has 30 seconds left.
|
|t:|1782593026
|move|p2b: Lopunny|Protect|p2b: Lopunny
|-singleturn|p2b: Lopunny|Protect
|move|p2a: Sableye|Disable||[still]
|-fail|p2a: Sableye
|move|p1b: Whimsicott|Moonblast|p2a: Sableye
|-supereffective|p2a: Sableye|1
|-enditem|p2a: Sableye|Roseli Berry|[eat]
|-enditem|p2a: Sableye|Roseli Berry|[weaken]
|-damage|p2a: Sableye|71/100
|-unboost|p2a: Sableye|spa|1
|move|p1a: Archaludon|Electro Shot||[still]
|-prepare|p1a: Archaludon|Electro Shot
|-boost|p1a: Archaludon|spa|1
|-anim|p1a: Archaludon|Electro Shot|p2b: Lopunny
|-activate|p2b: Lopunny|move: Protect
|
|-weather|RainDance|[upkeep]
|-sideend|p1: vuelve chusooo|move: Tailwind
|upkeep
|turn|5
|
|t:|1782593042
|switch|p2b: Basculegion|Basculegion-F, L50, F|100/100
|move|p1b: Whimsicott|Tailwind|p1b: Whimsicott
|-sidestart|p1: vuelve chusooo|move: Tailwind
|move|p2a: Sableye|Disable|p1b: Whimsicott
|-start|p1b: Whimsicott|Disable|Tailwind
|move|p1a: Archaludon|Electro Shot||[still]
|-prepare|p1a: Archaludon|Electro Shot
|-boost|p1a: Archaludon|spa|1
|-anim|p1a: Archaludon|Electro Shot|p2b: Basculegion
|-supereffective|p2b: Basculegion|1
|-damage|p2b: Basculegion|0 fnt
|faint|p2b: Basculegion
|
|-weather|none
|upkeep
|
|t:|1782593052
|switch|p2b: Lopunny|Lopunny-Mega, L50, F|100/100
|turn|6
|inactive|Blindfistin has 30 seconds left.
|
|t:|1782593078
|switch|p1b: Pelipper|Pelipper, L50, M|100/100
|-weather|RainDance|[from] ability: Drizzle|[of] p1b: Pelipper
|move|p2a: Sableye|Encore||[still]
|-fail|p2a: Sableye
|move|p1a: Archaludon|Flash Cannon|p2b: Lopunny
|-damage|p2b: Lopunny|2/100
|move|p2b: Lopunny|Close Combat|p1a: Archaludon
|-supereffective|p1a: Archaludon|1
|-damage|p1a: Archaludon|0 fnt
|-unboost|p2b: Lopunny|def|1
|-unboost|p2b: Lopunny|spd|1
|faint|p1a: Archaludon
|
|-weather|RainDance|[upkeep]
|upkeep
|
|t:|1782593088
|switch|p1a: Whimsicott|Whimsicott, L50, F|100/100
|turn|7
|
|t:|1782593112
|move|p2b: Lopunny|Protect|p2b: Lopunny
|-singleturn|p2b: Lopunny|Protect
|move|p2a: Sableye|Will-O-Wisp|p1b: Pelipper
|-status|p1b: Pelipper|brn
|move|p1a: Whimsicott|Moonblast|p2a: Sableye
|-supereffective|p2a: Sableye|1
|-damage|p2a: Sableye|10/100
|move|p1b: Pelipper|Weather Ball|p2b: Lopunny
|-activate|p2b: Lopunny|move: Protect
|
|-weather|RainDance|[upkeep]
|-damage|p1b: Pelipper|93/100 brn|[from] brn
|upkeep
|turn|8
|
|t:|1782593128
|move|p2a: Sableye|Disable|p1a: Whimsicott
|-start|p1a: Whimsicott|Disable|Moonblast
|cant|p1a: Whimsicott|Disable|Moonblast
|move|p1b: Pelipper|Weather Ball|p2b: Lopunny
|-damage|p2b: Lopunny|0 fnt
|faint|p2b: Lopunny
|
|-weather|RainDance|[upkeep]
|-damage|p1b: Pelipper|87/100 brn|[from] brn
|-sideend|p1: vuelve chusooo|move: Tailwind
|upkeep
|turn|9
|-message|Blindfistin forfeited.
|
|win|vuelve chusooo
|raw|vuelve chusooo's rating: 1130 → 1158(+28 for winning)
|raw|Blindfistin's rating: 1174 → 1146(-28 for losing)
|l|☆Blindfistin
|player|p2|
