|j|☆Daravones Soup
|j|☆AGreatRobot
|html|Daravones SoupAGreatRobot    
|uhtml|bestof|Game 2 of a best-of-3
|t:|1783197159
|gametype|doubles
|player|p1|Daravones Soup|lady-gen4|
|player|p2|AGreatRobot|medium|
|gen|9
|tier|[Gen 9 Champions] VGC 2026 Reg M-B (Bo3)
|rule|Species Clause: Limit one of each Pokémon
|rule|Item Clause: Limit 1 of each item
|clearpoke
|poke|p1|Gengar, L50, F|
|poke|p1|Tyranitar, L50, F|
|poke|p1|Excadrill, L50, M|
|poke|p1|Corviknight, L50, M|
|poke|p1|Rotom-Wash, L50|
|poke|p1|Clefable, L50, M|
|poke|p2|Annihilape, L50, M|
|poke|p2|Aerodactyl, L50, F|
|poke|p2|Blaziken, L50, M|
|poke|p2|Roserade, L50, M|
|poke|p2|Rotom-Wash, L50|
|poke|p2|Scizor, L50, M|
|teampreview|4
|showteam|p1|Gengar||Gengarite|CursedBody|ShadowBall,SludgeBomb,IcyWind,Protect|Modest||F|||50|]Tyranitar||Tyranitarite|SandStream|DragonDance,KnockOff,RockSlide,Protect|Jolly||F|||50|]Excadrill||FocusSash|SandRush|Earthquake,IronHead,RockSlide,Protect|Adamant||M|||50|]Corviknight||Leftovers|MirrorArmor|Tailwind,BulkUp,BraveBird,BodyPress|Adamant||M|||50|]Rotom-Wash||SitrusBerry|Levitate|HydroPump,WillOWisp,VoltSwitch,LightScreen|Bold|||||50|]Clefable||KebiaBerry|Unaware|FollowMe,HelpingHand,Moonblast,Protect|Bold||M|||50|
|showteam|p2|Annihilape||SitrusBerry|Defiant|RageFist,DrainPunch,BulkUp,Protect|Careful||M|||50|]Aerodactyl||FocusSash|Pressure|RockSlide,WideGuard,Tailwind,Taunt|Jolly||F|||50|]Blaziken||Blazikenite|SpeedBoost|FlareBlitz,CloseCombat,SwordsDance,Detect|Adamant||M|||50|]Roserade||WideLens|PoisonPoint|PinMissile,SleepPowder,LifeDew,LeafStorm|Timid||M|||50|]Rotom-Wash||ChoiceScarf|Levitate|HydroPump,Electroweb,VoltSwitch,Thunderbolt|Modest|||||50|]Scizor||LifeOrb|Technician|Assurance,BulletPunch,Uturn,Protect|Adamant||M|||50|
|inactive|Battle timer is ON: inactive players will automatically lose when time's up. (requested by Daravones Soup)
|inactive|Daravones Soup has 60 seconds left.
|inactive|AGreatRobot has 60 seconds left.
|
|t:|1783197218
|teamsize|p1|4
|teamsize|p2|4
|start
|switch|p1a: Corviknight|Corviknight, L50, M|100/100
|switch|p1b: Clefable|Clefable, L50, M|100/100
|switch|p2a: Scizor|Scizor, L50, M|100/100
|switch|p2b: Rotom|Rotom-Wash, L50|100/100
|turn|1
|inactive|Daravones Soup has 30 seconds left.
|inactive|AGreatRobot has 30 seconds left.
|inactive|Daravones Soup has 20 seconds left.
|inactive|Daravones Soup has 15 seconds left.
|
|t:|1783197258
|switch|p1b: Rotom|Rotom-Wash, L50|100/100
|move|p2a: Scizor|Bullet Punch|p1b: Rotom
|-resisted|p1b: Rotom|2
|-damage|p1b: Rotom|91/100
|-damage|p2a: Scizor|90/100|[from] item: Life Orb
|move|p2b: Rotom|Hydro Pump|p1a: Corviknight
|-crit|p1a: Corviknight
|-damage|p1a: Corviknight|34/100
|move|p1a: Corviknight|Tailwind|p1a: Corviknight
|-sidestart|p1: Daravones Soup|move: Tailwind
|
|-heal|p1a: Corviknight|40/100|[from] item: Leftovers
|upkeep
|turn|2
|inactive|Daravones Soup has 30 seconds left.
|
|t:|1783197291
|switch|p1a: Clefable|Clefable, L50, M|100/100
|switch|p2a: Roserade|Roserade, L50, M|100/100
|move|p1b: Rotom|Hydro Pump|p2a: Roserade
|-resisted|p2a: Roserade|1
|-damage|p2a: Roserade|79/100
|move|p2b: Rotom|Hydro Pump|p1a: Clefable
|-damage|p1a: Clefable|55/100
|
|upkeep
|turn|3
|
|t:|1783197314
|move|p1a: Clefable|Follow Me|p1a: Clefable
|-singleturn|p1a: Clefable|move: Follow Me
|move|p1b: Rotom|Light Screen|p1b: Rotom
|-sidestart|p1: Daravones Soup|move: Light Screen
|move|p2b: Rotom|Hydro Pump|p1a: Clefable|[miss]
|-miss|p2b: Rotom|p1a: Clefable
|move|p2a: Roserade|Leaf Storm|p1a: Clefable
|-damage|p1a: Clefable|19/100
|-unboost|p2a: Roserade|spa|2
|
|upkeep
|turn|4
|
|t:|1783197331
|move|p1a: Clefable|Helping Hand|p1b: Rotom
|-singleturn|p1b: Rotom|Helping Hand|[of] p1a: Clefable
|move|p1b: Rotom|Volt Switch|p2b: Rotom
|-damage|p2b: Rotom|59/100
|
|t:|1783197337
|switch|p1b: Corviknight|Corviknight, L50, M|40/100|[from] Volt Switch
|move|p2b: Rotom|Hydro Pump|p1a: Clefable
|-damage|p1a: Clefable|0 fnt
|faint|p1a: Clefable
|move|p2a: Roserade|Sleep Powder|p1b: Corviknight
|-status|p1b: Corviknight|slp|[from] move: Sleep Powder
|
|-heal|p1b: Corviknight|45/100 slp|[from] item: Leftovers
|-sideend|p1: Daravones Soup|move: Tailwind
|upkeep
|
|t:|1783197346
|switch|p1a: Gengar|Gengar, L50, F|100/100
|turn|5
|
|t:|1783197361
|detailschange|p1a: Gengar|Gengar-Mega, L50, F
|-mega|p1a: Gengar|Gengar|Gengarite
|move|p1a: Gengar|Protect|p1a: Gengar
|-singleturn|p1a: Gengar|Protect
|move|p2b: Rotom|Hydro Pump|p1a: Gengar
|-activate|p1a: Gengar|move: Protect
|move|p2a: Roserade|Life Dew|p2a: Roserade|[spread] p2a,p2b
|-heal|p2a: Roserade|100/100
|-heal|p2b: Rotom|84/100
|cant|p1b: Corviknight|slp
|
|-heal|p1b: Corviknight|51/100 slp|[from] item: Leftovers
|upkeep
|turn|6
|
|t:|1783197384
|move|p1a: Gengar|Protect||[still]
|-fail|p1a: Gengar
|move|p2b: Rotom|Hydro Pump|p1a: Gengar
|-damage|p1a: Gengar|64/100
|move|p2a: Roserade|Sleep Powder|p1a: Gengar
|-status|p1a: Gengar|slp|[from] move: Sleep Powder
|cant|p1b: Corviknight|slp
|
|-heal|p1b: Corviknight|57/100 slp|[from] item: Leftovers
|upkeep
|turn|7
|
|t:|1783197399
|move|p2b: Rotom|Hydro Pump|p1a: Gengar
|-damage|p1a: Gengar|26/100 slp
|cant|p1a: Gengar|slp
|move|p2a: Roserade|Leaf Storm|p1a: Gengar
|-resisted|p1a: Gengar|1
|-crit|p1a: Gengar
|-damage|p1a: Gengar|0 fnt
|-unboost|p2a: Roserade|spa|2
|faint|p1a: Gengar
|-curestatus|p1b: Corviknight|slp|[msg]
|move|p1b: Corviknight|Tailwind|p1b: Corviknight
|-sidestart|p1: Daravones Soup|move: Tailwind
|
|-heal|p1b: Corviknight|63/100|[from] item: Leftovers
|-sideend|p1: Daravones Soup|move: Light Screen
|upkeep
|c|☆AGreatRobot|Mb
|-message|Daravones Soup forfeited.
|
|win|AGreatRobot
|c|☆Daravones Soup|Ur good lol
|c|☆Daravones Soup|I was busy with work so I played so frantic lmao
|c|☆AGreatRobot|Ggs
|c|☆Daravones Soup|Ggs
|l|☆Daravones Soup
|player|p1|
