|j|☆markknight05
|j|☆testdigi
|html|markknight05testdigi    
|uhtml|bestof|Game 2 of a best-of-3
|t:|1784218650
|gametype|doubles
|player|p1|markknight05|101|1098
|player|p2|testdigi|1|1076
|gen|9
|tier|[Gen 9 Champions] VGC 2026 Reg M-B (Bo3)
|rated|
|rule|Species Clause: Limit one of each Pokémon
|rule|Item Clause: Limit 1 of each item
|clearpoke
|poke|p1|Raichu, L50, F|
|poke|p1|Ceruledge, L50, F|
|poke|p1|Milotic, L50, M|
|poke|p1|Weavile, L50, M|
|poke|p1|Sinistcha, L50|
|poke|p1|Scolipede, L50, F|
|poke|p2|Sneasler, L50, F|
|poke|p2|Delphox, L50, F, shiny|
|poke|p2|Kingambit, L50, M, shiny|
|poke|p2|Sinistcha, L50|
|poke|p2|Incineroar, L50, F|
|poke|p2|Blastoise, L50, M|
|teampreview|4
|showteam|p1|Raichu||RaichuniteY|LightningRod|ZapCannon,FocusBlast,Protect,FakeOut|Timid||F|||50|]Ceruledge||ColburBerry|FlashFire|BitterBlade,ShadowSneak,BulkUp,Protect|Adamant||F|||50|]Milotic||Leftovers|Competitive|Coil,MuddyWater,Hypnosis,Protect|Calm||M|||50|]Weavile||FocusSash|Pickpocket|TripleAxel,KnockOff,FakeOut,LowKick|Jolly||M|||50|]Sinistcha||KasibBerry|Hospitality|LifeDew,RagePowder,Protect,MatchaGotcha|Relaxed|||||50|]Scolipede||Scolipite|SpeedBoost|SwordsDance,Protect,PoisonJab,LeechLife|Jolly||F|||50|
|showteam|p2|Sneasler||FocusSash|PoisonTouch|PoisonJab,QuickGuard,CloseCombat,FakeOut|Jolly||F|||50|]Delphox||Delphoxite|Blaze|HeatWave,Psychic,NastyPlot,Protect|Timid||F|||50|]Kingambit||LifeOrb|Defiant|KowtowCleave,SuckerPunch,SwordsDance,Protect|Adamant||M|||50|]Sinistcha||ColburBerry|Hospitality|MatchaGotcha,RagePowder,TrickRoom,Protect|Bold|||||50|]Incineroar||SitrusBerry|Intimidate|FlareBlitz,HelpingHand,PartingShot,FakeOut|Impish||F|||50|]Blastoise||Blastoisinite|RainDish|WaterSpout,DarkPulse,ShellSmash,Protect|Modest||M|||50|
|
|t:|1784218671
|teamsize|p1|4
|teamsize|p2|4
|start
|switch|p1a: Weavile|Weavile, L50, M|100/100
|switch|p1b: Milotic|Milotic, L50, M|100/100
|switch|p2a: Sneasler|Sneasler, L50, F|100/100
|switch|p2b: Kingambit|Kingambit, L50, M, shiny|100/100
|turn|1
|inactive|Battle timer is ON: inactive players will automatically lose when time's up. (requested by markknight05)
|
|t:|1784218688
|move|p2a: Sneasler|Fake Out|p1b: Milotic
|-damage|p1b: Milotic|86/100
|-status|p1b: Milotic|psn|[from] ability: Poison Touch|[of] p2a: Sneasler
|move|p1a: Weavile|Low Kick|p2b: Kingambit
|-supereffective|p2b: Kingambit|2
|-damage|p2b: Kingambit|2/100
|cant|p1b: Milotic|flinch
|move|p2b: Kingambit|Swords Dance|p2b: Kingambit
|-boost|p2b: Kingambit|atk|2
|
|-heal|p1b: Milotic|92/100 psn|[from] item: Leftovers
|-damage|p1b: Milotic|80/100 psn|[from] psn
|upkeep
|turn|2
|inactive|markknight05 has 30 seconds left.
|inactive|testdigi has 30 seconds left.
|inactive|testdigi has 20 seconds left.
|
|t:|1784218726
|move|p1b: Milotic|Protect|p1b: Milotic
|-singleturn|p1b: Milotic|Protect
|move|p2b: Kingambit|Protect|p2b: Kingambit
|-singleturn|p2b: Kingambit|Protect
|move|p1a: Weavile|Knock Off|p2b: Kingambit
|-activate|p2b: Kingambit|move: Protect
|move|p2a: Sneasler|Close Combat|p1a: Weavile
|-supereffective|p1a: Weavile|2
|-enditem|p1a: Weavile|Focus Sash
|-damage|p1a: Weavile|1/100
|-unboost|p2a: Sneasler|def|1
|-unboost|p2a: Sneasler|spd|1
|-status|p1a: Weavile|psn|[from] ability: Poison Touch|[of] p2a: Sneasler
|-enditem|p2a: Sneasler|Focus Sash|[silent]|[from] ability: Pickpocket|[of] p2a: Sneasler
|-item|p1a: Weavile|Focus Sash|[from] ability: Pickpocket|[of] p2a: Sneasler
|
|-heal|p1b: Milotic|86/100 psn|[from] item: Leftovers
|-damage|p1a: Weavile|0 fnt|[from] psn
|faint|p1a: Weavile
|-damage|p1b: Milotic|73/100 psn|[from] psn
|upkeep
|inactive|markknight05 has 30 seconds left.
|
|t:|1784218752
|switch|p1a: Raichu|Raichu, L50, F|100/100
|turn|3
|
|t:|1784218764
|switch|p2a: Sinistcha|Sinistcha, L50|100/100
|-heal|p2b: Kingambit|27/100|[from] ability: Hospitality|[of] p2a: Sinistcha
|detailschange|p1a: Raichu|Raichu-Mega-Y, L50, F
|-mega|p1a: Raichu|Raichu|Raichunite Y
|move|p1a: Raichu|Fake Out|p2b: Kingambit
|-resisted|p2b: Kingambit|1
|-damage|p2b: Kingambit|24/100
|cant|p2b: Kingambit|flinch
|move|p1b: Milotic|Coil|p1b: Milotic
|-boost|p1b: Milotic|atk|1
|-boost|p1b: Milotic|def|1
|-boost|p1b: Milotic|accuracy|1
|
|-heal|p1b: Milotic|79/100 psn|[from] item: Leftovers
|-damage|p1b: Milotic|67/100 psn|[from] psn
|upkeep
|turn|4
|inactive|testdigi has 30 seconds left.
|
|t:|1784218793
|move|p1a: Raichu|Protect|p1a: Raichu
|-singleturn|p1a: Raichu|Protect
|move|p2b: Kingambit|Sucker Punch||[still]
|-fail|p2b: Kingambit
|move|p1b: Milotic|Hypnosis|p2b: Kingambit|[miss]
|-miss|p1b: Milotic|p2b: Kingambit
|move|p2a: Sinistcha|Matcha Gotcha|p1b: Milotic|[spread] p1b
|-activate|p1a: Raichu|move: Protect
|-supereffective|p1b: Milotic|1
|-damage|p1b: Milotic|34/100 psn
|
|-heal|p1b: Milotic|40/100 psn|[from] item: Leftovers
|-damage|p1b: Milotic|27/100 psn|[from] psn
|upkeep
|turn|5
|
|t:|1784218815
|move|p2b: Kingambit|Sucker Punch|p1a: Raichu
|-damage|p1a: Raichu|0 fnt
|faint|p1a: Raichu
|-damage|p2b: Kingambit|15/100|[from] item: Life Orb
|move|p1b: Milotic|Muddy Water|p2a: Sinistcha|[spread] p2a,p2b
|-resisted|p2a: Sinistcha|1
|-damage|p2a: Sinistcha|88/100
|-damage|p2b: Kingambit|0 fnt
|faint|p2b: Kingambit
|move|p2a: Sinistcha|Matcha Gotcha|p1b: Milotic
|-supereffective|p1b: Milotic|1
|-damage|p1b: Milotic|0 fnt
|-heal|p2a: Sinistcha|100/100|[from] drain|[of] p1b: Milotic
|faint|p1b: Milotic
|
|upkeep
|
|t:|1784218830
|switch|p1b: Ceruledge|Ceruledge, L50, F|100/100
|switch|p2b: Blastoise|Blastoise, L50, M|100/100
|turn|6
|
|t:|1784218842
|detailschange|p2b: Blastoise|Blastoise-Mega, L50, M
|-mega|p2b: Blastoise|Blastoise|Blastoisinite
|move|p2a: Sinistcha|Rage Powder|p2a: Sinistcha
|-singleturn|p2a: Sinistcha|move: Rage Powder
|move|p2b: Blastoise|Shell Smash|p2b: Blastoise
|-unboost|p2b: Blastoise|def|1
|-unboost|p2b: Blastoise|spd|1
|-boost|p2b: Blastoise|atk|2
|-boost|p2b: Blastoise|spa|2
|-boost|p2b: Blastoise|spe|2
|move|p1b: Ceruledge|Bulk Up|p1b: Ceruledge
|-boost|p1b: Ceruledge|atk|1
|-boost|p1b: Ceruledge|def|1
|
|upkeep
|turn|7
|
|t:|1784218856
|move|p2a: Sinistcha|Rage Powder|p2a: Sinistcha
|-singleturn|p2a: Sinistcha|move: Rage Powder
|move|p1b: Ceruledge|Shadow Sneak|p2a: Sinistcha
|-supereffective|p2a: Sinistcha|1
|-damage|p2a: Sinistcha|49/100
|move|p2b: Blastoise|Water Spout|p1b: Ceruledge
|-supereffective|p1b: Ceruledge|1
|-damage|p1b: Ceruledge|0 fnt
|faint|p1b: Ceruledge
|
|win|testdigi
||testdigi is ready for game 3.
||markknight05 is ready for game 3.
|uhtml|next|Next: Game 3 of 3
