|j|☆upchicken
|j|☆palle synchro
|html|upchickenpalle synchro    
|uhtml|bestof|Game 2 of a best-of-3
|t:|1754075419
|gametype|doubles
|player|p1|upchicken|roxie|1196
|player|p2|palle synchro|volkner|1298
|gen|9
|tier|[Gen 9] VGC 2025 Reg H (Bo3)
|rated|
|rule|Species Clause: Limit one of each Pokémon
|rule|Item Clause: Limit 1 of each item
|clearpoke
|poke|p1|Whimsicott, L50, F|
|poke|p1|Annihilape, L50, F|
|poke|p1|Blaziken, L50, M|
|poke|p1|Grimmsnarl, L50, M|
|poke|p1|Archaludon, L50, M|
|poke|p1|Politoed, L50, M|
|poke|p2|Whimsicott, L50, M|
|poke|p2|Arcanine-Hisui, L50, M|
|poke|p2|Indeedee, L50, M|
|poke|p2|Sneasler, L50, M|
|poke|p2|Ursaluna-Bloodmoon, L50, M|
|poke|p2|Archaludon, L50, F|
|teampreview|4
|showteam|p1|Whimsicott||CovertCloak|Prankster|Tailwind,Moonblast,Encore,BeatUp|||F|||50|,,,,,Dark]Annihilape||Leftovers|Defiant|DrainPunch,BulkUp,RageFist,Protect|||F|||50|,,,,,Fire]Blaziken||FocusSash|SpeedBoost|Coaching,AuraSphere,Flamethrower,Protect|||M|||50|,,,,,Ghost]Grimmsnarl||LightClay|Prankster|FakeOut,Reflect,LightScreen,SpiritBreak|||M|||50|,,,,,Dark]Archaludon||AssaultVest|Stamina|ElectroShot,Snarl,DragonPulse,BodyPress|||M|||50|,,,,,Fairy]Politoed||SitrusBerry|Drizzle|Protect,WeatherBall,HelpingHand,Encore|||M|||50|,,,,,Grass
|showteam|p2|Whimsicott||CovertCloak|Prankster|Moonblast,Taunt,Tailwind,FakeTears|||M|||50|,,,,,Water]Arcanine-Hisui||ClearAmulet|Intimidate|FlareBlitz,RockSlide,HeadSmash,Protect|||M|||50|,,,,,Ghost]Indeedee||FocusSash|PsychicSurge|ExpandingForce,TeraBlast,Imprison,TrickRoom|||M|||50|,,,,,Psychic]Sneasler||PsychicSeed|Unburden|CloseCombat,DireClaw,ThroatChop,Protect|||M|||50|,,,,,Dark]Ursaluna-Bloodmoon||LifeOrb|MindsEye|HyperVoice,BloodMoon,EarthPower,Protect|||M|||50|,,,,,Normal]Archaludon||PowerHerb|Stalwart|ElectroShot,DragonPulse,Thunderbolt,Protect|||F|||50|,,,,,Electric
|inactive|Battle timer is ON: inactive players will automatically lose when time's up. (requested by palle synchro)
|
|t:|1754075432
|teamsize|p1|4
|teamsize|p2|4
|start
|switch|p1a: Archaludon|Archaludon, L50, M|100/100
|switch|p1b: Grimmsnarl|Grimmsnarl, L50, M|100/100
|switch|p2a: Ursaluna|Ursaluna-Bloodmoon, L50, M|100/100
|switch|p2b: Sneasler|Sneasler, L50, M|100/100
|turn|1
|
|t:|1754075448
|-terastallize|p1a: Archaludon|Fairy
|-terastallize|p2a: Ursaluna|Normal
|move|p1b: Grimmsnarl|Fake Out|p2a: Ursaluna
|-damage|p2a: Ursaluna|92/100
|move|p2b: Sneasler|Dire Claw|p1b: Grimmsnarl
|-supereffective|p1b: Grimmsnarl
|-damage|p1b: Grimmsnarl|1/100
|-status|p1b: Grimmsnarl|slp
|move|p1a: Archaludon|Snarl|p2a: Ursaluna|[spread] p2a,p2b
|-resisted|p2b: Sneasler
|-damage|p2a: Ursaluna|76/100
|-damage|p2b: Sneasler|92/100
|-unboost|p2a: Ursaluna|spa|1
|-unboost|p2b: Sneasler|spa|1
|cant|p2a: Ursaluna|flinch
|
|upkeep
|turn|2
|
|t:|1754075465
|switch|p1b: Politoed|Politoed, L50, M|100/100
|-weather|RainDance|[from] ability: Drizzle|[of] p1b: Politoed
|move|p2b: Sneasler|Dire Claw|p1a: Archaludon
|-supereffective|p1a: Archaludon
|-damage|p1a: Archaludon|39/100
|-ability|p1a: Archaludon|Stamina|boost
|-boost|p1a: Archaludon|def|1
|move|p1a: Archaludon|Electro Shot||[still]
|-prepare|p1a: Archaludon|Electro Shot
|-boost|p1a: Archaludon|spa|1
|-anim|p1a: Archaludon|Electro Shot|p2b: Sneasler
|-damage|p2b: Sneasler|4/100
|move|p2a: Ursaluna|Hyper Voice|p1b: Politoed|[spread] p1a,p1b
|-damage|p1a: Archaludon|8/100
|-damage|p1b: Politoed|66/100
|-ability|p1a: Archaludon|Stamina|boost
|-boost|p1a: Archaludon|def|1
|-damage|p2a: Ursaluna|66/100|[from] item: Life Orb
|
|-weather|RainDance|[upkeep]
|upkeep
|turn|3
|
|t:|1754075485
|switch|p1a: Annihilape|Annihilape, L50, F|100/100
|move|p2b: Sneasler|Dire Claw|p1a: Annihilape
|-resisted|p1a: Annihilape
|-damage|p1a: Annihilape|83/100
|move|p1b: Politoed|Weather Ball|p2b: Sneasler
|-damage|p2b: Sneasler|0 fnt
|faint|p2b: Sneasler
|move|p2a: Ursaluna|Blood Moon|p1b: Politoed
|-damage|p1b: Politoed|0 fnt
|faint|p1b: Politoed
|-damage|p2a: Ursaluna|57/100|[from] item: Life Orb
|
|-weather|RainDance|[upkeep]
|-heal|p1a: Annihilape|89/100|[from] item: Leftovers
|upkeep
|
|t:|1754075502
|switch|p2b: Indeedee|Indeedee, L50, M|100/100
|switch|p1b: Grimmsnarl|Grimmsnarl, L50, M|1/100 slp
|-fieldstart|move: Psychic Terrain|[from] ability: Psychic Surge|[of] p2b: Indeedee
|turn|4
|
|t:|1754075511
|switch|p2a: Whimsicott|Whimsicott, L50, M|100/100
|cant|p1b: Grimmsnarl|slp
|move|p2b: Indeedee|Tera Blast|p1b: Grimmsnarl
|-damage|p1b: Grimmsnarl|0 fnt
|faint|p1b: Grimmsnarl
|move|p1a: Annihilape|Drain Punch|p2a: Whimsicott
|-resisted|p2a: Whimsicott
|-damage|p2a: Whimsicott|82/100
|-heal|p1a: Annihilape|96/100|[from] drain|[of] p2a: Whimsicott
|
|-weather|RainDance|[upkeep]
|-heal|p1a: Annihilape|100/100|[from] item: Leftovers
|upkeep
|
|t:|1754075514
|switch|p1b: Archaludon|Archaludon, L50, M, tera:Fairy|8/100
|turn|5
|
|t:|1754075522
|move|p2a: Whimsicott|Tailwind|p2a: Whimsicott
|-sidestart|p2: palle synchro|move: Tailwind
|move|p2b: Indeedee|Expanding Force|p1b: Archaludon|[spread] p1a,p1b
|-supereffective|p1a: Annihilape
|-damage|p1a: Annihilape|31/100
|-damage|p1b: Archaludon|0 fnt
|faint|p1b: Archaludon
|move|p1a: Annihilape|Drain Punch|p2b: Indeedee
|-damage|p2b: Indeedee|43/100
|-heal|p1a: Annihilape|49/100|[from] drain|[of] p2b: Indeedee
|
|-weather|RainDance|[upkeep]
|-heal|p1a: Annihilape|55/100|[from] item: Leftovers
|upkeep
|turn|6
|
|t:|1754075533
|move|p1a: Annihilape|Protect|p1a: Annihilape
|-singleturn|p1a: Annihilape|Protect
|move|p2a: Whimsicott|Moonblast|p1a: Annihilape
|-activate|p1a: Annihilape|move: Protect
|move|p2b: Indeedee|Expanding Force|p1a: Annihilape
|-activate|p1a: Annihilape|move: Protect
|
|-weather|none
|-heal|p1a: Annihilape|61/100|[from] item: Leftovers
|upkeep
|turn|7
|
|t:|1754075537
|move|p2a: Whimsicott|Moonblast|p1a: Annihilape
|-supereffective|p1a: Annihilape
|-crit|p1a: Annihilape
|-damage|p1a: Annihilape|8/100
|move|p2b: Indeedee|Expanding Force|p1a: Annihilape
|-supereffective|p1a: Annihilape
|-damage|p1a: Annihilape|0 fnt
|faint|p1a: Annihilape
|
|win|palle synchro
|raw|upchicken's rating: 1196 → 1178(-18 for losing)
|raw|palle synchro's rating: 1298 → 1316(+18 for winning)
