|j|☆lillyrosethedemon
|j|☆gundnub
|html|lillyrosethedemongundnub    
|uhtml|bestof|Game 3 of a best-of-3
|t:|1783357647
|gametype|doubles
|player|p1|lillyrosethedemon|madame|
|player|p2|gundnub|pokemonranger-gen4|
|gen|9
|tier|[Gen 9 Champions] VGC 2026 Reg M-B (Bo3)
|rule|Species Clause: Limit one of each Pokémon
|rule|Item Clause: Limit 1 of each item
|clearpoke
|poke|p1|Rhyperior, L50, F|
|poke|p1|Ariados, L50, F|
|poke|p1|Houndoom, L50, F|
|poke|p1|Feraligatr, L50, M|
|poke|p1|Florges, L50, F|
|poke|p1|Banette, L50, F|
|poke|p2|Pidgeot, L50, M|
|poke|p2|Krookodile, L50, M|
|poke|p2|Floette-Eternal, L50, F|
|poke|p2|Toxicroak, L50, F|
|poke|p2|Chandelure, L50, M|
|poke|p2|Abomasnow, L50, M|
|teampreview|4
|showteam|p1|Rhyperior||PasshoBerry|SolidRock|RockSlide,HighHorsepower,Protect,HeatCrash|Brave||F|||50|]Ariados||SitrusBerry|Insomnia|RagePowder,KnockOff,ToxicThread,Protect|Careful||F|||50|]Houndoom||FocusSash|FlashFire|Snarl,DarkPulse,HeatWave,Protect|Timid||F|||50|]Feraligatr||LifeOrb|SheerForce|DragonDance,Liquidation,IcePunch,Protect|Adamant||M|||50|]Florges||ChoiceScarf|FlowerVeil|Moonblast,DazzlingGleam,Trick,Psychic|Timid||F|||50|]Banette||Banettite|Insomnia|WillOWisp,Encore,TrickRoom,Poltergeist|Brave||F|||50|
|showteam|p2|Pidgeot||Pidgeotite|BigPecks|Protect,Hurricane,HeatWave,Tailwind|Timid||M|||50|]Krookodile||PasshoBerry|Intimidate|Protect,HighHorsepower,LashOut,Earthquake|Adamant||M|||50|]Floette-Eternal||LifeOrb|FlowerVeil|Protect,Moonblast,DazzlingGleam,LightofRuin|Modest||F|||50|]Toxicroak||WhiteHerb|DrySkin|Protect,PoisonJab,CloseCombat,FakeOut|Jolly||F|||50|]Chandelure||Chandelurite|FlashFire|Protect,HeatWave,ShadowBall,TrickRoom|Modest||M|||50|]Abomasnow||FocusSash|SnowWarning|Protect,Blizzard,EnergyBall,EarthPower|Modest||M|||50|
|inactive|Battle timer is ON: inactive players will automatically lose when time's up. (requested by gundnub)
|inactive|lillyrosethedemon has 60 seconds left.
|
|t:|1783357680
|teamsize|p1|4
|teamsize|p2|4
|start
|switch|p1a: Feraligatr|Feraligatr, L50, M|100/100
|switch|p1b: Florges|Florges, L50, F|100/100
|switch|p2a: Krookodile|Krookodile, L50, M|100/100
|switch|p2b: Pidgeot|Pidgeot, L50, M|100/100
|-ability|p2a: Krookodile|Intimidate|boost
|-unboost|p1a: Feraligatr|atk|1
|-unboost|p1b: Florges|atk|1
|turn|1
|inactive|gundnub has 30 seconds left.
|
|t:|1783357708
|detailschange|p2b: Pidgeot|Pidgeot-Mega, L50, M
|-mega|p2b: Pidgeot|Pidgeot|Pidgeotite
|move|p2a: Krookodile|Protect|p2a: Krookodile
|-singleturn|p2a: Krookodile|Protect
|move|p1b: Florges|Moonblast|p2a: Krookodile
|-activate|p2a: Krookodile|move: Protect
|move|p2b: Pidgeot|Tailwind|p2b: Pidgeot
|-sidestart|p2: gundnub|move: Tailwind
|move|p1a: Feraligatr|Dragon Dance|p1a: Feraligatr
|-boost|p1a: Feraligatr|atk|1
|-boost|p1a: Feraligatr|spe|1
|
|upkeep
|turn|2
|
|t:|1783357730
|switch|p1b: Rhyperior|Rhyperior, L50, F|100/100
|move|p2b: Pidgeot|Hurricane|p1a: Feraligatr
|-damage|p1a: Feraligatr|54/100
|move|p2a: Krookodile|High Horsepower|p1a: Feraligatr
|-damage|p1a: Feraligatr|5/100
|move|p1a: Feraligatr|Liquidation|p2a: Krookodile
|-supereffective|p2a: Krookodile|1
|-enditem|p2a: Krookodile|Passho Berry|[eat]
|-enditem|p2a: Krookodile|Passho Berry|[weaken]
|-damage|p2a: Krookodile|34/100
|
|upkeep
|turn|3
|inactive|gundnub has 30 seconds left.
|inactive|gundnub has 20 seconds left.
|
|t:|1783357765
|switch|p2a: Toxicroak|Toxicroak, L50, F|100/100
|move|p1a: Feraligatr|Protect|p1a: Feraligatr
|-singleturn|p1a: Feraligatr|Protect
|move|p2b: Pidgeot|Heat Wave|p1b: Rhyperior|[spread] p1b
|-activate|p1a: Feraligatr|move: Protect
|-resisted|p1b: Rhyperior|1
|-damage|p1b: Rhyperior|86/100
|move|p1b: Rhyperior|Rock Slide|p2b: Pidgeot|[spread] p2a,p2b
|-resisted|p2a: Toxicroak|1
|-supereffective|p2b: Pidgeot|1
|-damage|p2a: Toxicroak|73/100
|-damage|p2b: Pidgeot|17/100
|
|upkeep
|turn|4
|
|t:|1783357788
|move|p2b: Pidgeot|Protect|p2b: Pidgeot
|-singleturn|p2b: Pidgeot|Protect
|move|p1b: Rhyperior|Protect|p1b: Rhyperior
|-singleturn|p1b: Rhyperior|Protect
|move|p2a: Toxicroak|Poison Jab|p1a: Feraligatr
|-damage|p1a: Feraligatr|0 fnt
|faint|p1a: Feraligatr
|
|-sideend|p2: gundnub|move: Tailwind
|upkeep
|
|t:|1783357800
|switch|p1a: Banette|Banette, L50, F|100/100
|turn|5
|
|t:|1783357813
|detailschange|p1a: Banette|Banette-Mega, L50, F
|-mega|p1a: Banette|Banette|Banettite
|move|p1a: Banette|Will-O-Wisp|p2a: Toxicroak
|-status|p2a: Toxicroak|brn
|move|p2b: Pidgeot|Tailwind|p2b: Pidgeot
|-sidestart|p2: gundnub|move: Tailwind
|move|p2a: Toxicroak|Close Combat|p1b: Rhyperior
|-supereffective|p1b: Rhyperior|1
|-damage|p1b: Rhyperior|60/100
|-unboost|p2a: Toxicroak|def|1
|-unboost|p2a: Toxicroak|spd|1
|-enditem|p2a: Toxicroak|White Herb
|-clearnegativeboost|p2a: Toxicroak|[silent]
|move|p1b: Rhyperior|Rock Slide|p2b: Pidgeot|[spread] p2a,p2b
|-resisted|p2a: Toxicroak|1
|-supereffective|p2b: Pidgeot|1
|-damage|p2a: Toxicroak|46/100 brn
|-damage|p2b: Pidgeot|0 fnt
|faint|p2b: Pidgeot
|
|-damage|p2a: Toxicroak|40/100 brn|[from] brn
|upkeep
|
|t:|1783357830
|switch|p2b: Krookodile|Krookodile, L50, M|34/100
|-ability|p2b: Krookodile|Intimidate|boost
|-unboost|p1a: Banette|atk|1
|-unboost|p1b: Rhyperior|atk|1
|turn|6
|
|t:|1783357853
|move|p2a: Toxicroak|Poison Jab|p1a: Banette
|-resisted|p1a: Banette|1
|-damage|p1a: Banette|88/100
|move|p2b: Krookodile|Lash Out|p1a: Banette
|-supereffective|p1a: Banette|1
|-damage|p1a: Banette|0 fnt
|faint|p1a: Banette
|move|p1b: Rhyperior|High Horsepower|p2b: Krookodile|[miss]
|-miss|p1b: Rhyperior|p2b: Krookodile
|
|-damage|p2a: Toxicroak|34/100 brn|[from] brn
|upkeep
|
|t:|1783357863
|switch|p1a: Florges|Florges, L50, F|100/100
|turn|7
|inactive|gundnub has 30 seconds left.
|
|t:|1783357890
|move|p2b: Krookodile|Protect|p2b: Krookodile
|-singleturn|p2b: Krookodile|Protect
|move|p2a: Toxicroak|Poison Jab|p1a: Florges
|-supereffective|p1a: Florges|1
|-damage|p1a: Florges|39/100
|move|p1a: Florges|Dazzling Gleam|p2a: Toxicroak|[spread] p2a
|-activate|p2b: Krookodile|move: Protect
|-damage|p2a: Toxicroak|0 fnt
|faint|p2a: Toxicroak
|move|p1b: Rhyperior|High Horsepower|p2b: Krookodile
|-activate|p2b: Krookodile|move: Protect
|
|upkeep
|
|t:|1783357897
|switch|p2a: Floette|Floette-Eternal, L50, F|100/100
|turn|8
|inactive|gundnub has 30 seconds left.
|
|t:|1783357928
|move|p2a: Floette|Moonblast|p1a: Florges
|-damage|p1a: Florges|0 fnt
|faint|p1a: Florges
|-damage|p2a: Floette|90/100|[from] item: Life Orb
|move|p2b: Krookodile|High Horsepower|p1b: Rhyperior
|-supereffective|p1b: Rhyperior|1
|-damage|p1b: Rhyperior|7/100
|move|p1b: Rhyperior|High Horsepower|p2b: Krookodile
|-damage|p2b: Krookodile|0 fnt
|faint|p2b: Krookodile
|
|-sideend|p2: gundnub|move: Tailwind
|upkeep
|turn|9
|
|t:|1783357940
|move|p2a: Floette|Moonblast|p1b: Rhyperior
|-damage|p1b: Rhyperior|0 fnt
|faint|p1b: Rhyperior
|-damage|p2a: Floette|81/100|[from] item: Life Orb
|
|win|gundnub
