|j|☆A Regu1ar Guy
|j|☆Spottedwoot
|html|A Regu1ar GuySpottedwoot    
|uhtml|bestof|Game 2 of a best-of-3
|t:|1755188791
|gametype|doubles
|player|p1|A Regu1ar Guy|elesa|1362
|player|p2|Spottedwoot|1|1300
|gen|9
|tier|[Gen 9] VGC 2025 Reg H (Bo3)
|rated|
|rule|Species Clause: Limit one of each Pokémon
|rule|Item Clause: Limit 1 of each item
|clearpoke
|poke|p1|Volcarona, L50, F|
|poke|p1|Rillaboom, L50, F|
|poke|p1|Electabuzz, L50, F|
|poke|p1|Primarina, L50, M|
|poke|p1|Incineroar, L50, F|
|poke|p1|Sneasler, L50, F|
|poke|p2|Kingambit, L50, M|
|poke|p2|Primarina, L50, M|
|poke|p2|Salamence, L50, M|
|poke|p2|Gholdengo, L50|
|poke|p2|Sneasler, L50, F|
|poke|p2|Electabuzz, L50, F|
|teampreview|4
|showteam|p1|Volcarona||GrassySeed|FlameBody|HeatWave,GigaDrain,QuiverDance,Protect|||F|||50|,,,,,Grass]Rillaboom||AssaultVest|GrassySurge|FakeOut,WoodHammer,GrassyGlide,HighHorsepower|||F|||50|,,,,,Fire]Electabuzz||Eviolite|VitalSpirit|Thunderbolt,FollowMe,Taunt,Protect|||F|||50|,,,,,Ghost]Primarina||ThroatSpray|LiquidVoice|HyperVoice,Moonblast,Haze,Protect|||M|||50|,,,,,Poison]Incineroar||SafetyGoggles|Intimidate|FakeOut,KnockOff,FlareBlitz,PartingShot|||F|||50|,,,,,Ghost]Sneasler||FocusSash|PoisonTouch|DireClaw,CloseCombat,ThroatChop,Protect|||F|||50|,,,,,Dark
|showteam|p2|Kingambit||BlackGlasses|Defiant|KowtowCleave,Protect,SuckerPunch,SwordsDance|||M|||50|,,,,,Dark]Primarina||ThroatSpray|LiquidVoice|Haze,HyperVoice,Protect,Moonblast|||M|||50|,,,,,Poison]Salamence||LifeOrb|Intimidate|Tailwind,Protect,DracoMeteor,Hurricane|||M|||50|,,,,,Fairy]Gholdengo||ChoiceSpecs|GoodasGold|MakeItRain,Trick,ShadowBall,FocusBlast||||||50|,,,,,Steel]Sneasler||FocusSash|Unburden|FakeOut,Protect,CloseCombat,DireClaw|||F|||50|,,,,,Steel]Electabuzz||Eviolite|VitalSpirit|FollowMe,Thunderbolt,Taunt,Protect|||F|||50|,,,,,Water
|
|t:|1755188805
|teamsize|p1|4
|teamsize|p2|4
|start
|switch|p1a: Primarina|Primarina, L50, M|100/100
|switch|p1b: Rillaboom|Rillaboom, L50, F|100/100
|switch|p2a: Kingambit|Kingambit, L50, M|100/100
|switch|p2b: Electabuzz|Electabuzz, L50, F|100/100
|-fieldstart|move: Grassy Terrain|[from] ability: Grassy Surge|[of] p1b: Rillaboom
|turn|1
|
|t:|1755188812
|move|p2b: Electabuzz|Thunderbolt|p1a: Primarina
|-supereffective|p1a: Primarina
|-damage|p1a: Primarina|49/100
|move|p1b: Rillaboom|Wood Hammer|p2b: Electabuzz
|-damage|p2b: Electabuzz|15/100
|-damage|p1b: Rillaboom|77/100|[from] Recoil
|move|p1a: Primarina|Hyper Voice|p2b: Electabuzz|[spread] p2a,p2b
|-damage|p2a: Kingambit|70/100
|-damage|p2b: Electabuzz|0 fnt
|faint|p2b: Electabuzz
|-enditem|p1a: Primarina|Throat Spray
|-boost|p1a: Primarina|spa|1|[from] item: Throat Spray
|move|p2a: Kingambit|Swords Dance|p2a: Kingambit
|-boost|p2a: Kingambit|atk|2
|
|-heal|p1b: Rillaboom|83/100|[from] Grassy Terrain
|-heal|p1a: Primarina|55/100|[from] Grassy Terrain
|-heal|p2a: Kingambit|75/100|[from] Grassy Terrain
|upkeep
|
|t:|1755188821
|switch|p2b: Sneasler|Sneasler, L50, F|100/100
|turn|2
|
|t:|1755188833
|move|p1a: Primarina|Protect|p1a: Primarina
|-singleturn|p1a: Primarina|Protect
|move|p2b: Sneasler|Fake Out|p1a: Primarina
|-activate|p1a: Primarina|move: Protect
|move|p2a: Kingambit|Sucker Punch|p1b: Rillaboom
|-damage|p1b: Rillaboom|0 fnt
|faint|p1b: Rillaboom
|
|-heal|p1a: Primarina|60/100|[from] Grassy Terrain
|-heal|p2a: Kingambit|81/100|[from] Grassy Terrain
|upkeep
|
|t:|1755188842
|switch|p1b: Incineroar|Incineroar, L50, F|100/100
|-ability|p1b: Incineroar|Intimidate|boost
|-unboost|p2a: Kingambit|atk|1
|-ability|p2a: Kingambit|Defiant|boost
|-boost|p2a: Kingambit|atk|2
|-unboost|p2b: Sneasler|atk|1
|turn|3
|
|t:|1755188851
|-terastallize|p2a: Kingambit|Dark
|move|p1b: Incineroar|Fake Out|p2b: Sneasler
|-damage|p2b: Sneasler|81/100
|cant|p2b: Sneasler|flinch
|move|p1a: Primarina|Haze|p1a: Primarina
|-clearallboost
|move|p2a: Kingambit|Kowtow Cleave|p1a: Primarina
|-resisted|p1a: Primarina
|-damage|p1a: Primarina|13/100
|
|-heal|p2b: Sneasler|87/100|[from] Grassy Terrain
|-heal|p1a: Primarina|19/100|[from] Grassy Terrain
|-heal|p2a: Kingambit|87/100|[from] Grassy Terrain
|upkeep
|turn|4
|
|t:|1755188863
|-terastallize|p1b: Incineroar|Ghost
|move|p1a: Primarina|Protect|p1a: Primarina
|-singleturn|p1a: Primarina|Protect
|move|p2a: Kingambit|Sucker Punch||[still]
|-fail|p2a: Kingambit
|move|p2b: Sneasler|Close Combat|p1b: Incineroar
|-immune|p1b: Incineroar
|move|p1b: Incineroar|Flare Blitz|p2b: Sneasler
|-damage|p2b: Sneasler|0 fnt
|faint|p2b: Sneasler
|-damage|p1b: Incineroar|78/100|[from] Recoil
|
|-heal|p1a: Primarina|25/100|[from] Grassy Terrain
|-heal|p1b: Incineroar|84/100|[from] Grassy Terrain
|-heal|p2a: Kingambit|93/100|[from] Grassy Terrain
|upkeep
|
|t:|1755188868
|switch|p2b: Salamence|Salamence, L50, M|100/100
|-ability|p2b: Salamence|Intimidate|boost
|-unboost|p1a: Primarina|atk|1
|-unboost|p1b: Incineroar|atk|1
|turn|5
|
|t:|1755188881
|move|p2b: Salamence|Tailwind|p2b: Salamence
|-sidestart|p2: Spottedwoot|move: Tailwind
|move|p2a: Kingambit|Kowtow Cleave|p1a: Primarina
|-resisted|p1a: Primarina
|-damage|p1a: Primarina|0 fnt
|faint|p1a: Primarina
|move|p1b: Incineroar|Knock Off|p2b: Salamence
|-damage|p2b: Salamence|66/100
|-enditem|p2b: Salamence|Life Orb|[from] move: Knock Off|[of] p1b: Incineroar
|
|-heal|p2a: Kingambit|99/100|[from] Grassy Terrain
|-heal|p1b: Incineroar|90/100|[from] Grassy Terrain
|-fieldend|move: Grassy Terrain
|upkeep
|
|t:|1755188886
|switch|p1a: Volcarona|Volcarona, L50, F, shiny|100/100
|turn|6
|
|t:|1755188891
|move|p1a: Volcarona|Protect|p1a: Volcarona
|-singleturn|p1a: Volcarona|Protect
|move|p2b: Salamence|Hurricane|p1a: Volcarona
|-activate|p1a: Volcarona|move: Protect
|move|p2a: Kingambit|Kowtow Cleave|p1b: Incineroar
|-supereffective|p1b: Incineroar
|-damage|p1b: Incineroar|0 fnt
|faint|p1b: Incineroar
|
|upkeep
|turn|7
|
|t:|1755188903
|move|p2b: Salamence|Hurricane|p1a: Volcarona|[miss]
|-miss|p2b: Salamence|p1a: Volcarona
|move|p2a: Kingambit|Kowtow Cleave|p1a: Volcarona
|-damage|p1a: Volcarona|8/100
|move|p1a: Volcarona|Quiver Dance|p1a: Volcarona
|-boost|p1a: Volcarona|spa|1
|-boost|p1a: Volcarona|spd|1
|-boost|p1a: Volcarona|spe|1
|
|upkeep
|turn|8
|
|t:|1755188907
|move|p2a: Kingambit|Sucker Punch|p1a: Volcarona
|-damage|p1a: Volcarona|0 fnt
|faint|p1a: Volcarona
|
|win|Spottedwoot
|raw|A Regu1ar Guy's rating: 1362 → 1338(-24 for losing)
|raw|Spottedwoot's rating: 1300 → 1329(+29 for winning)
