|j|☆robinrambles
|j|☆C0ozer
|html|robinramblesC0ozer    
|uhtml|bestof|Game 2 of a best-of-3
|t:|1785162351
|gametype|doubles
|player|p1|robinrambles|dawn-gen4pt|1126
|player|p2|C0ozer|lucas|1231
|gen|9
|tier|[Gen 9 Champions] VGC 2026 Reg M-B (Bo3)
|rated|
|rule|Species Clause: Limit one of each Pokémon
|rule|Item Clause: Limit 1 of each item
|clearpoke
|poke|p1|Staraptor, L50, M|
|poke|p1|Aegislash, L50, F|
|poke|p1|Kangaskhan, L50, F|
|poke|p1|Farigiraf, L50, M|
|poke|p1|Whimsicott, L50, M|
|poke|p1|Aerodactyl, L50, M|
|poke|p2|Charizard, L50, F|
|poke|p2|Garchomp, L50, M|
|poke|p2|Whimsicott, L50, F|
|poke|p2|Tsareena, L50, F|
|poke|p2|Incineroar, L50, F|
|poke|p2|Basculegion, L50, M|
|teampreview|4
|showteam|p1|Staraptor||Staraptite|Intimidate|Roost,Protect,CloseCombat,BraveBird|Adamant||M|||50|]Aegislash||ColburBerry|StanceChange|KingsShield,IronHead,SacredSword,Poltergeist|Adamant||F|||50|]Kangaskhan||SilkScarf|Scrappy|FakeOut,LastResort|Jolly||F|||50|]Farigiraf||SitrusBerry|ArmorTail|Thunderbolt,TwinBeam,HelpingHand,Protect|Calm||M|||50|]Whimsicott||FocusSash|Prankster|Tailwind,Taunt,Charm,Moonblast|Timid||M|||50|]Aerodactyl||WideLens|Unnerve|DualWingbeat,RockSlide,Protect,Tailwind|Jolly||M|||50|
|showteam|p2|Charizard||CharizarditeY|Blaze|HeatWave,WeatherBall,SolarBeam,Protect|Modest||F|||50|]Garchomp||LifeOrb|RoughSkin|Earthquake,RockSlide,DragonClaw,Protect|Jolly||M|||50|]Whimsicott||FocusSash|Prankster|Moonblast,Tailwind,Encore,Protect|Timid||F|||50|]Tsareena||WideLens|QueenlyMajesty|TripleAxel,PowerWhip,KnockOff,Protect|Jolly||F|||50|]Incineroar||SitrusBerry|Intimidate|FakeOut,FlareBlitz,ThroatChop,PartingShot|Impish||F|||50|]Basculegion||MysticWater|Adaptability|LastRespects,AquaJet,WaveCrash,Protect|Adamant||M|||50|
|inactive|Battle timer is ON: inactive players will automatically lose when time's up. (requested by C0ozer)
|
|t:|1785162370
|teamsize|p1|4
|teamsize|p2|4
|start
|switch|p1a: Staraptor|Staraptor, L50, M|100/100
|switch|p1b: Aerodactyl|Aerodactyl, L50, M|100/100
|switch|p2a: Floofy|Whimsicott, L50, F|100/100
|switch|p2b: HIgh EQ|Garchomp, L50, M|100/100
|-ability|p1b: Aerodactyl|Unnerve
|-ability|p1a: Staraptor|Intimidate|boost
|-unboost|p2a: Floofy|atk|1
|-unboost|p2b: HIgh EQ|atk|1
|turn|1
|
|t:|1785162390
|detailschange|p1a: Staraptor|Staraptor-Mega, L50, M
|-mega|p1a: Staraptor|Staraptor|Staraptite
|move|p2a: Floofy|Tailwind|p2a: Floofy
|-sidestart|p2: C0ozer|move: Tailwind
|move|p2b: HIgh EQ|Rock Slide|p1a: Staraptor|[spread] p1a,p1b
|-supereffective|p1b: Aerodactyl|1
|-damage|p1a: Staraptor|83/100
|-damage|p1b: Aerodactyl|45/100
|-damage|p2b: HIgh EQ|90/100|[from] item: Life Orb
|cant|p1b: Aerodactyl|flinch
|move|p1a: Staraptor|Close Combat|p2b: HIgh EQ
|-damage|p2b: HIgh EQ|14/100
|-boost|p1a: Staraptor|def|1
|-boost|p1a: Staraptor|spd|1
|-damage|p1a: Staraptor|71/100|[from] ability: Rough Skin|[of] p2b: HIgh EQ
|
|upkeep
|turn|2
|inactive|C0ozer has 30 seconds left.
|
|t:|1785162421
|switch|p1b: Farigiraf|Farigiraf, L50, M|100/100
|move|p1a: Staraptor|Protect|p1a: Staraptor
|-singleturn|p1a: Staraptor|Protect
|move|p2a: Floofy|Moonblast|p1a: Staraptor
|-activate|p1a: Staraptor|move: Protect
|move|p2b: HIgh EQ|Rock Slide|p1a: Staraptor|[spread] p1b
|-activate|p1a: Staraptor|move: Protect
|-damage|p1b: Farigiraf|82/100
|-damage|p2b: HIgh EQ|4/100|[from] item: Life Orb
|
|upkeep
|turn|3
|inactive|robinrambles has 30 seconds left.
|
|t:|1785162455
|move|p2a: Floofy|Moonblast|p1a: Staraptor
|-supereffective|p1a: Staraptor|1
|-damage|p1a: Staraptor|23/100
|move|p2b: HIgh EQ|Dragon Claw|p1a: Staraptor
|-damage|p1a: Staraptor|0 fnt
|faint|p1a: Staraptor
|-damage|p2b: HIgh EQ|0 fnt|[from] item: Life Orb
|faint|p2b: HIgh EQ
|move|p1b: Farigiraf|Twin Beam|p2a: Floofy
|-damage|p2a: Floofy|74/100
|-damage|p2a: Floofy|45/100
|-hitcount|p2a: Floofy|2
|
|upkeep
|
|t:|1785162468
|switch|p2b: Chariyard|Charizard, L50, F|100/100
|switch|p1a: Aerodactyl|Aerodactyl, L50, M|45/100
|-ability|p1a: Aerodactyl|Unnerve
|turn|4
|
|t:|1785162484
|switch|p1b: Whimsicott|Whimsicott, L50, M|100/100
|move|p2a: Floofy|Protect|p2a: Floofy
|-singleturn|p2a: Floofy|Protect
|move|p2b: Chariyard|Protect|p2b: Chariyard
|-singleturn|p2b: Chariyard|Protect
|move|p1a: Aerodactyl|Protect||[still]
|-fail|p1a: Aerodactyl
|
|-sideend|p2: C0ozer|move: Tailwind
|upkeep
|turn|5
|
|t:|1785162503
|switch|p2b: No Respect|Basculegion, L50, M|100/100
|move|p1b: Whimsicott|Tailwind|p1b: Whimsicott
|-sidestart|p1: robinrambles|move: Tailwind
|move|p2a: Floofy|Tailwind|p2a: Floofy
|-sidestart|p2: C0ozer|move: Tailwind
|move|p1a: Aerodactyl|Rock Slide|p2b: No Respect|[spread] p2a,p2b
|-damage|p2a: Floofy|7/100
|-damage|p2b: No Respect|70/100
|
|upkeep
|turn|6
|
|t:|1785162520
|switch|p1b: Farigiraf|Farigiraf, L50, M|82/100
|move|p2b: No Respect|Aqua Jet||[still]
|cant|p1b: Farigiraf|ability: Armor Tail|Aqua Jet|[of] p2b: No Respect
|move|p1a: Aerodactyl|Rock Slide|p2b: No Respect|[spread] p2a,p2b
|-damage|p2a: Floofy|0 fnt
|-damage|p2b: No Respect|44/100
|faint|p2a: Floofy
|
|upkeep
|
|t:|1785162528
|switch|p2a: Chariyard|Charizard, L50, F|100/100
|turn|7
|
|t:|1785162544
|detailschange|p2a: Chariyard|Charizard-Mega-Y, L50, F
|-mega|p2a: Chariyard|Charizard|Charizardite Y
|-weather|SunnyDay|[from] ability: Drought|[of] p2a: Chariyard
|move|p1b: Farigiraf|Helping Hand|p1a: Aerodactyl
|-singleturn|p1a: Aerodactyl|Helping Hand|[of] p1b: Farigiraf
|move|p1a: Aerodactyl|Rock Slide|p2b: No Respect|[spread] p2a,p2b
|-supereffective|p2a: Chariyard|2
|-damage|p2a: Chariyard|0 fnt
|-damage|p2b: No Respect|2/100
|faint|p2a: Chariyard
|move|p2b: No Respect|Wave Crash|p1a: Aerodactyl
|-supereffective|p1a: Aerodactyl|1
|-damage|p1a: Aerodactyl|0 fnt
|faint|p1a: Aerodactyl
|-damage|p2b: No Respect|0 fnt|[from] Recoil
|faint|p2b: No Respect
|
|win|robinrambles
|raw|robinrambles's rating: 1126 → 1158(+32 for winning)
|raw|C0ozer's rating: 1231 → 1199(-32 for losing)
|l|☆C0ozer
|player|p2|
