|j|☆Tickle monster vgc
|j|☆Yinzo
|html|Tickle monster vgcYinzo    
|uhtml|bestof|Game 3 of a best-of-3
|t:|1755905880
|gametype|doubles
|player|p1|Tickle monster vgc|hilbert|1310
|player|p2|Yinzo|drayden|1364
|gen|9
|tier|[Gen 9] VGC 2025 Reg H (Bo3)
|rated|
|rule|Species Clause: Limit one of each Pokémon
|rule|Item Clause: Limit 1 of each item
|clearpoke
|poke|p1|Whimsicott, L50, M|
|poke|p1|Dragapult, L50, M|
|poke|p1|Gholdengo, L50|
|poke|p1|Ursaluna-Bloodmoon, L50, M|
|poke|p1|Incineroar, L50, M|
|poke|p1|Amoonguss, L50, M|
|poke|p2|Amoonguss, L50, M|
|poke|p2|Ursaluna, L50, M|
|poke|p2|Incineroar, L50, M|
|poke|p2|Bronzong, L50|
|poke|p2|Porygon2, L50|
|poke|p2|Torkoal, L50, F|
|teampreview|4
|showteam|p1|Whimsicott||CovertCloak|Prankster|Moonblast,Tailwind,HelpingHand,Encore|||M|||50|,,,,,Water]Dragapult||ChoiceBand|ClearBody|DragonDarts,Outrage,Uturn,PhantomForce|||M|||50|,,,,,Dragon]Gholdengo||ChoiceSpecs|GoodasGold|MakeItRain,DazzlingGleam,ShadowBall,Thunderbolt||||||50|,,,,,Fairy]Ursaluna-Bloodmoon||LifeOrb|MindsEye|HyperVoice,BloodMoon,EarthPower,Protect|||M|||50|,,,,,Normal]Incineroar||SafetyGoggles|Intimidate|FakeOut,KnockOff,PartingShot,FlareBlitz|||M|||50|,,,,,Ghost]Amoonguss||SitrusBerry|Regenerator|Protect,Spore,RagePowder,PollenPuff|||M|||50|,,,,,Fairy
|showteam|p2|Amoonguss||SitrusBerry|Regenerator|PollenPuff,Spore,RagePowder,Protect|||M|||50|,,,,,Water]Ursaluna||FlameOrb|Guts|Facade,HeadlongRush,Earthquake,Protect|||M|||50|,,,,,Ghost]Incineroar||AssaultVest|Intimidate|FlareBlitz,KnockOff,Uturn,FakeOut|||M|||50|,,,,,Grass]Bronzong||SafetyGoggles|Levitate|IceSpinner,BodyPress,TrickRoom,SunnyDay||||||50|,,,,,Water]Porygon2||Eviolite|Download|TeraBlast,ShadowBall,Protect,TrickRoom||||||50|,,,,,Fighting]Torkoal||Charcoal|Drought|Eruption,WeatherBall,ClearSmog,Protect|||F|||50|,,,,,Ghost
|inactive|Battle timer is ON: inactive players will automatically lose when time's up. (requested by Yinzo)
|inactive|Yinzo has 60 seconds left.
|
|t:|1755905932
|teamsize|p1|4
|teamsize|p2|4
|start
|switch|p1a: Incineroar|Incineroar, L50, M|100/100
|switch|p1b: Ursaluna|Ursaluna-Bloodmoon, L50, M|100/100
|switch|p2a: Porygon2|Porygon2, L50|100/100
|switch|p2b: Incineroar|Incineroar, L50, M, shiny|100/100
|-ability|p2b: Incineroar|Intimidate|boost
|-unboost|p1a: Incineroar|atk|1
|-unboost|p1b: Ursaluna|atk|1
|-ability|p1a: Incineroar|Intimidate|boost
|-unboost|p2a: Porygon2|atk|1
|-unboost|p2b: Incineroar|atk|1
|-ability|p2a: Porygon2|Download|boost
|-boost|p2a: Porygon2|spa|1
|turn|1
|inactive|Tickle monster vgc has 30 seconds left.
|inactive|Yinzo has 30 seconds left.
|
|t:|1755905966
|-terastallize|p1b: Ursaluna|Normal
|move|p2a: Porygon2|Protect|p2a: Porygon2
|-singleturn|p2a: Porygon2|Protect
|move|p1a: Incineroar|Fake Out|p2a: Porygon2
|-activate|p2a: Porygon2|move: Protect
|move|p1b: Ursaluna|Blood Moon|p2a: Porygon2
|-activate|p2a: Porygon2|move: Protect
|move|p2b: Incineroar|Knock Off|p1b: Ursaluna
|-damage|p1b: Ursaluna|76/100
|-enditem|p1b: Ursaluna|Life Orb|[from] move: Knock Off|[of] p2b: Incineroar
|
|upkeep
|turn|2
|inactive|Tickle monster vgc has 30 seconds left.
|inactive|Yinzo has 30 seconds left.
|inactive|Tickle monster vgc has 20 seconds left.
|
|t:|1755906002
|switch|p1b: Amoonguss|Amoonguss, L50, M|100/100
|move|p2b: Incineroar|U-turn|p1a: Incineroar
|-damage|p1a: Incineroar|88/100
|
|t:|1755906009
|switch|p2b: Torkoal|Torkoal, L50, F|100/100|[from] U-turn
|-weather|SunnyDay|[from] ability: Drought|[of] p2b: Torkoal
|move|p1a: Incineroar|Knock Off|p2b: Torkoal
|-damage|p2b: Torkoal|80/100
|-enditem|p2b: Torkoal|Charcoal|[from] move: Knock Off|[of] p1a: Incineroar
|move|p2a: Porygon2|Trick Room|p2a: Porygon2
|-fieldstart|move: Trick Room|[of] p2a: Porygon2
|
|-weather|SunnyDay|[upkeep]
|upkeep
|turn|3
|
|t:|1755906023
|switch|p2a: Ursaluna|Ursaluna, L50, M|100/100
|move|p1b: Amoonguss|Protect|p1b: Amoonguss
|-singleturn|p1b: Amoonguss|Protect
|move|p2b: Torkoal|Eruption|p1b: Amoonguss|[spread] p1a
|-activate|p1b: Amoonguss|move: Protect
|-resisted|p1a: Incineroar
|-damage|p1a: Incineroar|67/100
|move|p1a: Incineroar|Parting Shot|p2b: Torkoal
|-unboost|p2b: Torkoal|atk|1
|-unboost|p2b: Torkoal|spa|1
|
|t:|1755906033
|switch|p1a: Ursaluna|Ursaluna-Bloodmoon, L50, M, tera:Normal|76/100|[from] Parting Shot
|
|-weather|SunnyDay|[upkeep]
|-status|p2a: Ursaluna|brn|[from] item: Flame Orb
|upkeep
|turn|4
|
|t:|1755906048
|move|p1a: Ursaluna|Protect|p1a: Ursaluna
|-singleturn|p1a: Ursaluna|Protect
|move|p2b: Torkoal|Eruption|p1b: Amoonguss|[spread] p1b
|-activate|p1a: Ursaluna|move: Protect
|-supereffective|p1b: Amoonguss
|-damage|p1b: Amoonguss|31/100
|-enditem|p1b: Amoonguss|Sitrus Berry|[eat]
|-heal|p1b: Amoonguss|56/100|[from] item: Sitrus Berry
|move|p2a: Ursaluna|Facade|p1a: Ursaluna
|-activate|p1a: Ursaluna|move: Protect
|move|p1b: Amoonguss|Spore|p2b: Torkoal
|-status|p2b: Torkoal|slp|[from] move: Spore
|
|-weather|SunnyDay|[upkeep]
|-damage|p2a: Ursaluna|95/100 brn|[from] brn
|upkeep
|turn|5
|
|t:|1755906072
|move|p1b: Amoonguss|Rage Powder|p1b: Amoonguss
|-singleturn|p1b: Amoonguss|move: Rage Powder
|cant|p2b: Torkoal|slp
|move|p2a: Ursaluna|Earthquake|p1a: Ursaluna|[spread] p2b,p1a,p1b
|-supereffective|p2b: Torkoal
|-damage|p2b: Torkoal|0 fnt
|-damage|p1a: Ursaluna|21/100
|-damage|p1b: Amoonguss|5/100
|faint|p2b: Torkoal
|move|p1a: Ursaluna|Earth Power|p2a: Ursaluna
|-damage|p2a: Ursaluna|51/100 brn
|
|-weather|SunnyDay|[upkeep]
|-damage|p2a: Ursaluna|45/100 brn|[from] brn
|upkeep
|
|t:|1755906097
|switch|p2b: Porygon2|Porygon2, L50|100/100
|-ability|p2b: Porygon2|Download|boost
|-boost|p2b: Porygon2|spa|1
|turn|6
|inactive|Yinzo has 30 seconds left.
|
|t:|1755906123
|move|p1a: Ursaluna|Protect|p1a: Ursaluna
|-singleturn|p1a: Ursaluna|Protect
|move|p2a: Ursaluna|Headlong Rush|p1b: Amoonguss
|-damage|p1b: Amoonguss|0 fnt
|-unboost|p2a: Ursaluna|def|1
|-unboost|p2a: Ursaluna|spd|1
|faint|p1b: Amoonguss
|move|p2b: Porygon2|Tera Blast|p1a: Ursaluna
|-activate|p1a: Ursaluna|move: Protect
|
|-weather|none
|-damage|p2a: Ursaluna|39/100 brn|[from] brn
|-fieldend|move: Trick Room
|upkeep
|
|t:|1755906134
|switch|p1b: Incineroar|Incineroar, L50, M|67/100
|-ability|p1b: Incineroar|Intimidate|boost
|-unboost|p2a: Ursaluna|atk|1
|-unboost|p2b: Porygon2|atk|1
|turn|7
|
|t:|1755906152
|move|p2b: Porygon2|Protect|p2b: Porygon2
|-singleturn|p2b: Porygon2|Protect
|move|p1b: Incineroar|Fake Out|p2b: Porygon2
|-activate|p2b: Porygon2|move: Protect
|move|p1a: Ursaluna|Hyper Voice|p2a: Ursaluna|[spread] p2a
|-activate|p2b: Porygon2|move: Protect
|-damage|p2a: Ursaluna|0 fnt
|faint|p2a: Ursaluna
|
|upkeep
|
|t:|1755906161
|switch|p2a: Incineroar|Incineroar, L50, M, shiny|100/100
|-ability|p2a: Incineroar|Intimidate|boost
|-unboost|p1a: Ursaluna|atk|1
|-unboost|p1b: Incineroar|atk|1
|turn|8
|
|t:|1755906175
|-terastallize|p2b: Porygon2|Fighting
|move|p2a: Incineroar|Fake Out|p1a: Ursaluna
|-damage|p1a: Ursaluna|10/100
|cant|p1a: Ursaluna|flinch
|move|p1b: Incineroar|Parting Shot|p2b: Porygon2
|-unboost|p2b: Porygon2|atk|1
|-unboost|p2b: Porygon2|spa|1
|
|t:|1755906184
|switch|p1b: Gholdengo|Gholdengo, L50|100/100|[from] Parting Shot
|move|p2b: Porygon2|Trick Room|p2b: Porygon2
|-fieldstart|move: Trick Room|[of] p2b: Porygon2
|
|upkeep
|turn|9
|
|t:|1755906207
|switch|p1b: Incineroar|Incineroar, L50, M|67/100
|-ability|p1b: Incineroar|Intimidate|boost
|-unboost|p2a: Incineroar|atk|1
|-unboost|p2b: Porygon2|atk|1
|move|p1a: Ursaluna|Protect|p1a: Ursaluna
|-singleturn|p1a: Ursaluna|Protect
|move|p2b: Porygon2|Tera Blast|p1a: Ursaluna|[anim] Tera Blast Fighting
|-activate|p1a: Ursaluna|move: Protect
|move|p2a: Incineroar|Knock Off|p1b: Incineroar
|-resisted|p1b: Incineroar
|-damage|p1b: Incineroar|53/100
|-enditem|p1b: Incineroar|Safety Goggles|[from] move: Knock Off|[of] p2a: Incineroar
|
|upkeep
|turn|10
|inactive|Tickle monster vgc has 30 seconds left.
|inactive|Yinzo has 30 seconds left.
|inactive|Tickle monster vgc has 20 seconds left.
|inactive|Yinzo has 20 seconds left.
|inactive|Tickle monster vgc has 15 seconds left.
|
|t:|1755906249
|move|p1b: Incineroar|Fake Out|p2a: Incineroar
|-damage|p2a: Incineroar|91/100
|move|p2b: Porygon2|Tera Blast|p1b: Incineroar|[anim] Tera Blast Fighting
|-supereffective|p1b: Incineroar
|-damage|p1b: Incineroar|0 fnt
|faint|p1b: Incineroar
|cant|p2a: Incineroar|flinch
|move|p1a: Ursaluna|Blood Moon|p2b: Porygon2
|-damage|p2b: Porygon2|34/100
|
|upkeep
|
|t:|1755906254
|switch|p1b: Gholdengo|Gholdengo, L50|100/100
|turn|11
|inactive|Yinzo has 30 seconds left.
|inactive|Yinzo has 20 seconds left.
|inactive|Yinzo has 15 seconds left.
|
|t:|1755906298
|move|p1a: Ursaluna|Protect|p1a: Ursaluna
|-singleturn|p1a: Ursaluna|Protect
|move|p2b: Porygon2|Tera Blast|p1a: Ursaluna|[anim] Tera Blast Fighting
|-activate|p1a: Ursaluna|move: Protect
|move|p2a: Incineroar|Flare Blitz|p1b: Gholdengo
|-supereffective|p1b: Gholdengo
|-damage|p1b: Gholdengo|18/100
|-status|p1b: Gholdengo|brn
|-damage|p2a: Incineroar|69/100|[from] Recoil
|move|p1b: Gholdengo|Dazzling Gleam|p2b: Porygon2|[spread] p2a,p2b
|-supereffective|p2b: Porygon2
|-damage|p2a: Incineroar|46/100
|-damage|p2b: Porygon2|0 fnt
|faint|p2b: Porygon2
|
|-damage|p1b: Gholdengo|12/100 brn|[from] brn
|upkeep
|turn|12
|
|t:|1755906317
|move|p2a: Incineroar|Knock Off|p1a: Ursaluna
|-damage|p1a: Ursaluna|0 fnt
|faint|p1a: Ursaluna
|move|p1b: Gholdengo|Dazzling Gleam|p2a: Incineroar
|-damage|p2a: Incineroar|17/100
|
|-damage|p1b: Gholdengo|6/100 brn|[from] brn
|-fieldend|move: Trick Room
|upkeep
|turn|13
|
|t:|1755906327
|move|p1b: Gholdengo|Dazzling Gleam|p2a: Incineroar
|-damage|p2a: Incineroar|0 fnt
|faint|p2a: Incineroar
|
|win|Tickle monster vgc
|raw|Tickle monster vgc's rating: 1310 → 1333(+23 for winning)
|raw|Yinzo's rating: 1364 → 1341(-23 for losing)
|c|☆Tickle monster vgc|Ggwp
|c|☆Yinzo|ggs!
|l|☆Tickle monster vgc
|player|p1|
|j|☆Tickle monster vgc
|player|p1|Tickle monster vgc|hilbert|
