|j|☆000ogle
|j|☆k0nvit
|html|000oglek0nvit    
|uhtml|bestof|Game 3 of a best-of-3
|t:|1786073211
|gametype|doubles
|player|p1|000ogle|170|
|player|p2|k0nvit|266|
|gen|9
|tier|[Gen 9 Champions] VGC 2026 Reg M-B (Bo3)
|rule|Species Clause: Limit one of each Pokémon
|rule|Item Clause: Limit 1 of each item
|clearpoke
|poke|p1|Tyranitar, L50, F|
|poke|p1|Sneasler, L50, F|
|poke|p1|Aerodactyl, L50, M, shiny|
|poke|p1|Excadrill, L50, M|
|poke|p1|Heliolisk, L50, M|
|poke|p1|Audino, L50, F|
|poke|p2|Mimikyu, L50, F|
|poke|p2|Torkoal, L50, F|
|poke|p2|Glimmora, L50, M|
|poke|p2|Tsareena, L50, F|
|poke|p2|Clefable, L50, F|
|poke|p2|Araquanid, L50, M|
|teampreview|4
|showteam|p1|Tyranitar||Tyranitarite|SandStream|KnockOff,RockSlide,HighHorsepower,Protect|Adamant||F|||50|]Sneasler||WhiteHerb|Pressure|CloseCombat,FakeOut,DireClaw,Protect|Jolly||F|||50|]Aerodactyl||PasshoBerry|Unnerve|WideGuard,RockSlide,DualWingbeat,Protect|Jolly||M|||50|]Excadrill||FocusSash|SandRush|Earthquake,IronHead,RockSlide,Protect|Adamant||M|||50|]Heliolisk||ChoiceScarf|DrySkin|VoltSwitch,Thunderbolt,HyperVoice,Protect|Timid||M|||50|]Audino||SitrusBerry|Regenerator|LifeDew,TrickRoom,AllySwitch,SimpleBeam|Sassy||F|||50|
|showteam|p2|Mimikyu||KasibBerry|Disguise|ShadowSneak,TrickRoom,PlayRough,SwordsDance|Brave||F|||50|]Torkoal||LifeOrb|Drought|Eruption,SolarBeam,Protect,WillOWisp|Quiet||F|||50|]Glimmora||Glimmoranite|ToxicDebris|SludgeBomb,SpikyShield,DazzlingGleam,EarthPower|Quiet||M|||50|]Tsareena||WideLens|QueenlyMajesty|PowerWhip,TripleAxel,HighJumpKick,Protect|Brave||F|||50|]Clefable||BabiriBerry|Unaware|Moonblast,FollowMe,Protect,Encore|Sassy||F|||50|]Araquanid||MysticWater|WaterBubble|Protect,WideGuard,Liquidation,StickyWeb|Quiet||M|||50|
|
|t:|1786073231
|teamsize|p1|4
|teamsize|p2|4
|start
|switch|p1a: Lance Stephenson|Aerodactyl, L50, M, shiny|100/100
|switch|p1b: Julliam|Audino, L50, F|100/100
|switch|p2a: Araquanid|Araquanid, L50, M|100/100
|switch|p2b: Tsareena|Tsareena, L50, F|100/100
|-ability|p1a: Lance Stephenson|Unnerve
|turn|1
|
|t:|1786073260
|move|p2a: Araquanid|Wide Guard|p2a: Araquanid
|-singleturn|p2a: Araquanid|Wide Guard
|move|p1a: Lance Stephenson|Rock Slide|p2b: Tsareena|[spread] 
|-activate|p2a: Araquanid|move: Wide Guard
|-activate|p2b: Tsareena|move: Wide Guard
|move|p2b: Tsareena|Triple Axel|p1b: Julliam
|-damage|p1b: Julliam|92/100
|-damage|p1b: Julliam|75/100
|-damage|p1b: Julliam|48/100
|-enditem|p1b: Julliam|Sitrus Berry|[eat]
|-heal|p1b: Julliam|73/100|[from] item: Sitrus Berry
|-hitcount|p1b: Julliam|3
|move|p1b: Julliam|Simple Beam|p2b: Tsareena
|-ability|p2b: Tsareena|Simple|Queenly Majesty|[from] move: Simple Beam
|
|upkeep
|turn|2
|
|t:|1786073294
|switch|p1a: plz save my team|Tyranitar, L50, F|100/100
|-weather|Sandstorm|[from] ability: Sand Stream|[of] p1a: plz save my team
|move|p1b: Julliam|Ally Switch|p1b: Julliam
|swap|p1b: Julliam|0|[from] move: Ally Switch
|move|p2b: Tsareena|High Jump Kick|p1a: Julliam
|-supereffective|p1a: Julliam|1
|-damage|p1a: Julliam|0 fnt
|faint|p1a: Julliam
|move|p2a: Araquanid|Liquidation|p1b: plz save my team
|-supereffective|p1b: plz save my team|1
|-damage|p1b: plz save my team|0 fnt
|faint|p1b: plz save my team
|
|-weather|Sandstorm|[upkeep]
|-damage|p2b: Tsareena|93/100|[from] Sandstorm
|-damage|p2a: Araquanid|94/100|[from] Sandstorm
|upkeep
|
|t:|1786073308
|switch|p1b: Black + Decker|Excadrill, L50, M|100/100
|switch|p1a: Lance Stephenson|Aerodactyl, L50, M, shiny|100/100
|-ability|p1a: Lance Stephenson|Unnerve
|turn|3
|
|t:|1786073323
|move|p1b: Black + Decker|Protect|p1b: Black + Decker
|-singleturn|p1b: Black + Decker|Protect
|move|p2a: Araquanid|Wide Guard|p2a: Araquanid
|-singleturn|p2a: Araquanid|Wide Guard
|move|p1a: Lance Stephenson|Dual Wingbeat|p2b: Tsareena
|-supereffective|p2b: Tsareena|1
|-damage|p2b: Tsareena|59/100
|-supereffective|p2b: Tsareena|1
|-damage|p2b: Tsareena|29/100
|-hitcount|p2b: Tsareena|2
|move|p2b: Tsareena|High Jump Kick|p1b: Black + Decker
|-activate|p1b: Black + Decker|move: Protect
|-damage|p2b: Tsareena|0 fnt|[from] highjumpkick
|faint|p2b: Tsareena
|
|-weather|Sandstorm|[upkeep]
|-damage|p2a: Araquanid|88/100|[from] Sandstorm
|upkeep
|
|t:|1786073344
|switch|p2b: Clefable|Clefable, L50, F|100/100
|turn|4
|
|t:|1786073358
|move|p1b: Black + Decker|Rock Slide|p2a: Araquanid|[spread] p2a,p2b
|-supereffective|p2a: Araquanid|1
|-damage|p2a: Araquanid|37/100
|-damage|p2b: Clefable|77/100
|move|p1a: Lance Stephenson|Rock Slide|p2a: Araquanid|[spread] p2a,p2b
|-supereffective|p2a: Araquanid|1
|-damage|p2a: Araquanid|0 fnt
|-damage|p2b: Clefable|51/100
|faint|p2a: Araquanid
|move|p2b: Clefable|Encore|p1b: Black + Decker
|-start|p1b: Black + Decker|Encore
|
|-weather|Sandstorm|[upkeep]
|-damage|p2b: Clefable|45/100|[from] Sandstorm
|upkeep
|
|t:|1786073369
|switch|p2a: Torkoal|Torkoal, L50, F|100/100
|-weather|SunnyDay|[from] ability: Drought|[of] p2a: Torkoal
|turn|5
|
|t:|1786073383
|move|p1a: Lance Stephenson|Wide Guard|p1a: Lance Stephenson
|-singleturn|p1a: Lance Stephenson|Wide Guard
|move|p1b: Black + Decker|Rock Slide|p2a: Torkoal|[spread] p2a
|-miss|p1b: Black + Decker|p2b: Clefable
|-supereffective|p2a: Torkoal|1
|-damage|p2a: Torkoal|68/100
|move|p2b: Clefable|Moonblast|p1a: Lance Stephenson
|-damage|p1a: Lance Stephenson|45/100
|move|p2a: Torkoal|Eruption|p1a: Lance Stephenson|[spread] 
|-activate|p1a: Lance Stephenson|move: Wide Guard
|-activate|p1b: Black + Decker|move: Wide Guard
|
|-weather|SunnyDay|[upkeep]
|upkeep
|turn|6
|
|t:|1786073407
|move|p2a: Torkoal|Protect|p2a: Torkoal
|-singleturn|p2a: Torkoal|Protect
|move|p1a: Lance Stephenson|Rock Slide|p2b: Clefable|[spread] p2b
|-activate|p2a: Torkoal|move: Protect
|-damage|p2b: Clefable|20/100y
|move|p1b: Black + Decker|Rock Slide|p2b: Clefable|[spread] 
|-activate|p2a: Torkoal|move: Protect
|-miss|p1b: Black + Decker|p2b: Clefable
|move|p2b: Clefable|Moonblast|p1a: Lance Stephenson
|-crit|p1a: Lance Stephenson
|-damage|p1a: Lance Stephenson|0 fnt
|faint|p1a: Lance Stephenson
|
|-weather|SunnyDay|[upkeep]
|upkeep
|turn|7
|
|t:|1786073423
|move|p2b: Clefable|Follow Me|p2b: Clefable
|-singleturn|p2b: Clefable|move: Follow Me
|move|p1b: Black + Decker|Rock Slide|p2a: Torkoal|[spread] p2a,p2b
|-supereffective|p2a: Torkoal|1
|-damage|p2a: Torkoal|39/100
|-damage|p2b: Clefable|0 fnt
|faint|p2b: Clefable
|move|p2a: Torkoal|Eruption|p1b: Black + Decker
|-supereffective|p1b: Black + Decker|1
|-enditem|p1b: Black + Decker|Focus Sash
|-damage|p1b: Black + Decker|1/100
|-damage|p2a: Torkoal|29/100|[from] item: Life Orb
|
|-weather|SunnyDay|[upkeep]
|-end|p1b: Black + Decker|Encore
|upkeep
|turn|8
|
|t:|1786073442
|move|p1b: Black + Decker|Rock Slide|p2a: Torkoal
|-supereffective|p2a: Torkoal|1
|-damage|p2a: Torkoal|0 fnt
|faint|p2a: Torkoal
|
|win|000ogle
|l|☆k0nvit
|player|p2|
|j|☆k0nvit
|player|p2|k0nvit|266|
