|j|☆znivs
|j|☆OssiGT
|html|znivsOssiGT    
|uhtml|bestof|Game 2 of a best-of-3
|t:|1784628213
|gametype|doubles
|player|p1|znivs|169|1229
|player|p2|OssiGT|hilbert-wonderlauncher|1308
|gen|9
|tier|[Gen 9 Champions] VGC 2026 Reg M-B (Bo3)
|rated|
|rule|Species Clause: Limit one of each Pokémon
|rule|Item Clause: Limit 1 of each item
|clearpoke
|poke|p1|Venusaur, L50, F|
|poke|p1|Charizard, L50, F|
|poke|p1|Grimmsnarl, L50, M|
|poke|p1|Archaludon, L50, M|
|poke|p1|Basculegion, L50, M|
|poke|p1|Pelipper, L50, M|
|poke|p2|Raichu, L50, M|
|poke|p2|Mawile, L50, M|
|poke|p2|Sinistcha, L50|
|poke|p2|Ceruledge, L50, F|
|poke|p2|Milotic, L50, F|
|poke|p2|Incineroar, L50, F|
|teampreview|4
|showteam|p1|Venusaur||FocusSash|Chlorophyll|SludgeBomb,EarthPower,Protect,SleepPowder|Modest||F|||50|]Charizard||CharizarditeY|SolarPower|Protect,HeatWave,SolarBeam,WeatherBall|Modest||F|||50|]Grimmsnarl||LightClay|Prankster|SpiritBreak,Reflect,LightScreen,PartingShot|Sassy||M|||50|]Archaludon||Leftovers|Stamina|ElectroShot,Protect,FlashCannon,DragonPulse|Calm||M|||50|]Basculegion||ChoiceScarf|Adaptability|WaveCrash,LastRespects,AquaJet,FlipTurn|Jolly||M|||50|]Pelipper||SitrusBerry|Drizzle|WeatherBall,Hurricane,Tailwind,WideGuard|Modest||M|||50|
|showteam|p2|Raichu||RaichuniteY|LightningRod|ZapCannon,FocusBlast,FakeOut,Protect|Timid||M|||50|]Mawile||Mawilite|HyperCutter|PlayRough,SuckerPunch,SwordsDance,Protect|Adamant||M|||50|]Sinistcha||KasibBerry|Hospitality|MatchaGotcha,LifeDew,RagePowder,Protect|Relaxed|||||50|]Ceruledge||ColburBerry|FlashFire|BitterBlade,ShadowSneak,BulkUp,Protect|Adamant||F|||50|]Milotic||Leftovers|Competitive|MuddyWater,Coil,Hypnosis,Protect|Calm||F|||50|]Incineroar||SitrusBerry|Intimidate|FlareBlitz,ThroatChop,FakeOut,PartingShot|Impish||F|||50|
|inactive|Battle timer is ON: inactive players will automatically lose when time's up. (requested by OssiGT)
|
|t:|1784628226
|teamsize|p1|4
|teamsize|p2|4
|start
|switch|p1a: Grimmsnarl|Grimmsnarl, L50, M|100/100
|switch|p1b: Archaludon|Archaludon, L50, M|100/100
|switch|p2a: Milotic|Milotic, L50, F|100/100
|switch|p2b: Incineroar|Incineroar, L50, F|100/100
|-ability|p2b: Incineroar|Intimidate|boost
|-unboost|p1a: Grimmsnarl|atk|1
|-unboost|p1b: Archaludon|atk|1
|turn|1
|
|t:|1784628236
|move|p2b: Incineroar|Fake Out|p1b: Archaludon
|-resisted|p1b: Archaludon|1
|-crit|p1b: Archaludon
|-damage|p1b: Archaludon|93/100
|-ability|p1b: Archaludon|Stamina|boost
|-boost|p1b: Archaludon|def|1
|move|p1a: Grimmsnarl|Light Screen|p1a: Grimmsnarl
|-sidestart|p1: znivs|move: Light Screen
|cant|p1b: Archaludon|flinch
|move|p2a: Milotic|Coil|p2a: Milotic
|-boost|p2a: Milotic|atk|1
|-boost|p2a: Milotic|def|1
|-boost|p2a: Milotic|accuracy|1
|
|-heal|p1b: Archaludon|100/100|[from] item: Leftovers
|upkeep
|turn|2
|
|t:|1784628257
|switch|p2b: Raichu|Raichu, L50, M|100/100
|switch|p1a: Pelipper|Pelipper, L50, M|100/100
|-weather|RainDance|[from] ability: Drizzle|[of] p1a: Pelipper
|move|p1b: Archaludon|Electro Shot||[still]
|-prepare|p1b: Archaludon|Electro Shot
|-boost|p1b: Archaludon|spa|1
|-anim|p1b: Archaludon|Electro Shot|p2b: Raichu
|-ability|p2b: Raichu|Lightning Rod|boost
|-boost|p2b: Raichu|spa|1
|move|p2a: Milotic|Coil|p2a: Milotic
|-boost|p2a: Milotic|atk|1
|-boost|p2a: Milotic|def|1
|-boost|p2a: Milotic|accuracy|1
|
|-weather|RainDance|[upkeep]
|upkeep
|turn|3
|
|t:|1784628280
|switch|p1a: Grimmsnarl|Grimmsnarl, L50, M|100/100
|move|p1b: Archaludon|Protect|p1b: Archaludon
|-singleturn|p1b: Archaludon|Protect
|move|p2b: Raichu|Fake Out|p1b: Archaludon
|-activate|p1b: Archaludon|move: Protect
|move|p2a: Milotic|Hypnosis|p1b: Archaludon
|-activate|p1b: Archaludon|move: Protect
|
|-weather|RainDance|[upkeep]
|upkeep
|turn|4
|
|t:|1784628299
|move|p2b: Raichu|Protect|p2b: Raichu
|-singleturn|p2b: Raichu|Protect
|move|p1a: Grimmsnarl|Parting Shot|p2b: Raichu
|-activate|p2b: Raichu|move: Protect
|move|p1b: Archaludon|Dragon Pulse|p2b: Raichu
|-activate|p2b: Raichu|move: Protect
|move|p2a: Milotic|Hypnosis|p1b: Archaludon
|-status|p1b: Archaludon|slp|[from] move: Hypnosis
|
|-weather|RainDance|[upkeep]
|upkeep
|turn|5
|
|t:|1784628311
|detailschange|p2b: Raichu|Raichu-Mega-Y, L50, M
|-mega|p2b: Raichu|Raichu|Raichunite Y
|move|p1a: Grimmsnarl|Parting Shot|p2b: Raichu
|-unboost|p2b: Raichu|atk|1
|-unboost|p2b: Raichu|spa|1
|
|t:|1784628317
|switch|p1a: Pelipper|Pelipper, L50, M|100/100|[from] Parting Shot
|move|p2b: Raichu|Focus Blast|p1b: Archaludon
|-supereffective|p1b: Archaludon|1
|-damage|p1b: Archaludon|53/100 slp
|-ability|p1b: Archaludon|Stamina|boost
|-boost|p1b: Archaludon|def|1
|cant|p1b: Archaludon|slp
|move|p2a: Milotic|Hypnosis|p1a: Pelipper
|-status|p1a: Pelipper|slp|[from] move: Hypnosis
|
|-weather|RainDance|[upkeep]
|-heal|p1b: Archaludon|59/100 slp|[from] item: Leftovers
|upkeep
|turn|6
|
|t:|1784628331
|switch|p1a: Grimmsnarl|Grimmsnarl, L50, M|100/100
|move|p2b: Raichu|Focus Blast|p1b: Archaludon
|-supereffective|p1b: Archaludon|1
|-damage|p1b: Archaludon|10/100 slp
|-ability|p1b: Archaludon|Stamina|boost
|-boost|p1b: Archaludon|def|1
|cant|p1b: Archaludon|slp
|move|p2a: Milotic|Muddy Water|p1a: Grimmsnarl|[spread] p1a,p1b
|-resisted|p1b: Archaludon|1
|-damage|p1a: Grimmsnarl|79/100
|-damage|p1b: Archaludon|1/100 slp
|-unboost|p1b: Archaludon|accuracy|1
|-ability|p1b: Archaludon|Stamina|boost
|-boost|p1b: Archaludon|def|1
|
|-weather|none
|-heal|p1b: Archaludon|6/100 slp|[from] item: Leftovers
|upkeep
|turn|7
|inactive|znivs has 30 seconds left.
|
|t:|1784628358
|switch|p1b: Charizard|Charizard, L50, F|100/100
|move|p2b: Raichu|Zap Cannon|p1b: Charizard
|-supereffective|p1b: Charizard|1
|-damage|p1b: Charizard|9/100
|-status|p1b: Charizard|par
|move|p2a: Milotic|Muddy Water|p1a: Grimmsnarl|[spread] p1a,p1b
|-supereffective|p1b: Charizard|1
|-damage|p1a: Grimmsnarl|66/100
|-damage|p1b: Charizard|0 fnt
|faint|p1b: Charizard
|move|p1a: Grimmsnarl|Spirit Break|p2b: Raichu
|-damage|p2b: Raichu|59/100
|-unboost|p2b: Raichu|spa|1
|
|upkeep
|-message|znivs forfeited.
|
|win|OssiGT
|l|☆znivs
|player|p1|
||OssiGT is ready for game 3.
|j|☆znivs
|player|p1|znivs|169|
||znivs is ready for game 3.
|uhtml|next|Next: Game 3 of 3
