|j|☆sbhaga34
|j|‽tryson69
|html|sbhaga34tryson69    
|uhtml|bestof|Game 3 of a best-of-3
|t:|1784579313
|gametype|doubles
|player|p1|sbhaga34|hugh|1333
|player|p2|tryson69|crasherwake|1408
|gen|9
|tier|[Gen 9 Champions] VGC 2026 Reg M-B (Bo3)
|rated|
|rule|Species Clause: Limit one of each Pokémon
|rule|Item Clause: Limit 1 of each item
|clearpoke
|poke|p1|Excadrill, L50, F|
|poke|p1|Tyranitar, L50, F|
|poke|p1|Corviknight, L50, F|
|poke|p1|Rotom-Wash, L50|
|poke|p1|Chandelure, L50, F|
|poke|p1|Scovillain, L50, F|
|poke|p2|Raichu, L50, F|
|poke|p2|Gholdengo, L50|
|poke|p2|Garchomp, L50, F|
|poke|p2|Incineroar, L50, F|
|poke|p2|Milotic, L50, M|
|poke|p2|Whimsicott, L50, F|
|teampreview|4
|showteam|p1|Excadrill||FocusSash|SandRush|Earthquake,IronHead,SwordsDance,Protect|Adamant||F|||50|]Tyranitar||Tyranitarite|SandStream|RockSlide,KnockOff,LowKick,Protect|Adamant||F|||50|]Corviknight||SharpBeak|MirrorArmor|BraveBird,Tailwind,BulkUp,Roost|Careful||F|||50|]Rotom-Wash||ChoiceScarf|Levitate|VoltSwitch,Thunderbolt,Electroweb,HydroPump|Timid|||||50|]Chandelure||ShucaBerry|FlashFire|HeatWave,ShadowBall,TrickRoom,Protect|Modest||F|||50|]Scovillain||Scovillainite|Chlorophyll|RagePowder,Overheat,GigaDrain,Protect|Calm||F|||50|
|showteam|p2|Raichu||RaichuniteY|LightningRod|ZapCannon,FocusBlast,Protect,FakeOut|Timid||F|||50|]Gholdengo||SpellTag|GoodasGold|NastyPlot,ShadowBall,Protect,MakeItRain|Modest|||||50|]Garchomp||LifeOrb|RoughSkin|Earthquake,RockSlide,Protect,DragonClaw|Adamant||F|||50|]Incineroar||SitrusBerry|Intimidate|FakeOut,FlareBlitz,DarkestLariat,PartingShot|Impish||F|||50|]Milotic||Leftovers|Competitive|Coil,HydroPump,Hypnosis,Recover|Calm||M|||50|]Whimsicott||FocusSash|Prankster|Tailwind,Moonblast,Encore,Protect|Timid||F|||50|
|inactive|Battle timer is ON: inactive players will automatically lose when time's up. (requested by tryson69)
|
|t:|1784579365
|teamsize|p1|4
|teamsize|p2|4
|start
|switch|p1a: Excadrill|Excadrill, L50, F|100/100
|switch|p1b: Rotom|Rotom-Wash, L50|100/100
|switch|p2a: Raichu|Raichu, L50, F|100/100
|switch|p2b: Incineroar|Incineroar, L50, F|100/100
|-ability|p2b: Incineroar|Intimidate|boost
|-unboost|p1a: Excadrill|atk|1
|-unboost|p1b: Rotom|atk|1
|turn|1
|inactive|sbhaga34 has 30 seconds left.
|
|t:|1784579394
|switch|p1b: Tyranitar|Tyranitar, L50, F|100/100
|-weather|Sandstorm|[from] ability: Sand Stream|[of] p1b: Tyranitar
|detailschange|p2a: Raichu|Raichu-Mega-Y, L50, F
|-mega|p2a: Raichu|Raichu|Raichunite Y
|move|p2b: Incineroar|Fake Out|p1a: Excadrill
|-resisted|p1a: Excadrill|1
|-damage|p1a: Excadrill|92/100
|cant|p1a: Excadrill|flinch
|move|p2a: Raichu|Zap Cannon|p1b: Tyranitar
|-damage|p1b: Tyranitar|56/100
|-status|p1b: Tyranitar|par
|
|-weather|Sandstorm|[upkeep]
|-damage|p2a: Raichu|94/100|[from] Sandstorm
|-damage|p2b: Incineroar|94/100|[from] Sandstorm
|upkeep
|turn|2
|
|t:|1784579415
|switch|p1b: Rotom|Rotom-Wash, L50|100/100
|move|p1a: Excadrill|Protect|p1a: Excadrill
|-singleturn|p1a: Excadrill|Protect
|move|p2a: Raichu|Protect|p2a: Raichu
|-singleturn|p2a: Raichu|Protect
|move|p2b: Incineroar|Flare Blitz|p1a: Excadrill
|-activate|p1a: Excadrill|move: Protect
|
|-weather|Sandstorm|[upkeep]
|-damage|p1b: Rotom|94/100|[from] Sandstorm
|-damage|p2a: Raichu|88/100|[from] Sandstorm
|-damage|p2b: Incineroar|88/100|[from] Sandstorm
|upkeep
|turn|3
|
|t:|1784579428
|switch|p2a: Garchomp|Garchomp, L50, F|100/100
|move|p1a: Excadrill|Earthquake|p2b: Incineroar|[spread] p2a,p2b
|-immune|p1b: Rotom|[from] ability: Levitate
|-supereffective|p2b: Incineroar|1
|-damage|p2a: Garchomp|77/100
|-damage|p2b: Incineroar|39/100
|-enditem|p2b: Incineroar|Sitrus Berry|[eat]
|-heal|p2b: Incineroar|64/100|[from] item: Sitrus Berry
|move|p1b: Rotom|Hydro Pump|p2b: Incineroar
|-supereffective|p2b: Incineroar|1
|-damage|p2b: Incineroar|0 fnt
|faint|p2b: Incineroar
|
|-weather|Sandstorm|[upkeep]
|-damage|p1b: Rotom|88/100|[from] Sandstorm
|upkeep
|
|t:|1784579441
|switch|p2b: Milotic|Milotic, L50, M|100/100
|turn|4
|
|t:|1784579456
|switch|p1a: Corviknight|Corviknight, L50, F|100/100
|move|p2a: Garchomp|Protect|p2a: Garchomp
|-singleturn|p2a: Garchomp|Protect
|move|p1b: Rotom|Hydro Pump|p2a: Garchomp
|-activate|p2a: Garchomp|move: Protect
|move|p2b: Milotic|Coil|p2b: Milotic
|-boost|p2b: Milotic|atk|1
|-boost|p2b: Milotic|def|1
|-boost|p2b: Milotic|accuracy|1
|
|-weather|Sandstorm|[upkeep]
|-damage|p1b: Rotom|82/100|[from] Sandstorm
|-damage|p2b: Milotic|94/100|[from] Sandstorm
|-heal|p2b: Milotic|100/100|[from] item: Leftovers
|upkeep
|turn|5
|
|t:|1784579484
|move|p1b: Rotom|Hydro Pump|p2a: Garchomp
|-damage|p2a: Garchomp|35/100
|move|p2a: Garchomp|Dragon Claw|p1b: Rotom
|-damage|p1b: Rotom|27/100
|-damage|p2a: Garchomp|25/100|[from] item: Life Orb
|move|p1a: Corviknight|Tailwind|p1a: Corviknight
|-sidestart|p1: sbhaga34|move: Tailwind
|move|p2b: Milotic|Hypnosis|p1a: Corviknight
|-status|p1a: Corviknight|slp|[from] move: Hypnosis
|
|-weather|none
|upkeep
|turn|6
|
|t:|1784579501
|move|p2a: Garchomp|Protect|p2a: Garchomp
|-singleturn|p2a: Garchomp|Protect
|move|p1b: Rotom|Hydro Pump|p2a: Garchomp
|-activate|p2a: Garchomp|move: Protect
|cant|p1a: Corviknight|slp
|move|p2b: Milotic|Hypnosis|p1b: Rotom
|-status|p1b: Rotom|slp|[from] move: Hypnosis
|
|upkeep
|turn|7
|
|t:|1784579512
|cant|p1b: Rotom|slp
|-curestatus|p1a: Corviknight|slp|[msg]
|move|p1a: Corviknight|Brave Bird|p2a: Garchomp
|-damage|p2a: Garchomp|0 fnt
|-damage|p1a: Corviknight|87/100|[from] ability: Rough Skin|[of] p2a: Garchomp
|faint|p2a: Garchomp
|-damage|p1a: Corviknight|78/100|[from] Recoil
|move|p2b: Milotic|Coil|p2b: Milotic
|-boost|p2b: Milotic|atk|1
|-boost|p2b: Milotic|def|1
|-boost|p2b: Milotic|accuracy|1
|
|upkeep
|
|t:|1784579519
|switch|p2a: Raichu|Raichu-Mega-Y, L50, F|88/100
|turn|8
|
|t:|1784579534
|switch|p1b: Tyranitar|Tyranitar, L50, F|56/100 par
|-weather|Sandstorm|[from] ability: Sand Stream|[of] p1b: Tyranitar
|move|p1a: Corviknight|Brave Bird|p2b: Milotic
|-damage|p2b: Milotic|76/100
|-damage|p1a: Corviknight|70/100|[from] Recoil
|move|p2a: Raichu|Zap Cannon|p1b: Tyranitar
|-damage|p1b: Tyranitar|11/100 par
|move|p2b: Milotic|Hypnosis|p1a: Corviknight
|-status|p1a: Corviknight|slp|[from] move: Hypnosis
|
|-weather|Sandstorm|[upkeep]
|-damage|p2a: Raichu|82/100|[from] Sandstorm
|-damage|p2b: Milotic|70/100|[from] Sandstorm
|-heal|p2b: Milotic|76/100|[from] item: Leftovers
|-sideend|p1: sbhaga34|move: Tailwind
|upkeep
|turn|9
|
|t:|1784579551
|detailschange|p1b: Tyranitar|Tyranitar-Mega, L50, F
|-mega|p1b: Tyranitar|Tyranitar|Tyranitarite
|move|p2a: Raichu|Zap Cannon|p1a: Corviknight
|-supereffective|p1a: Corviknight|1
|-damage|p1a: Corviknight|0 fnt
|faint|p1a: Corviknight
|move|p2b: Milotic|Hydro Pump|p1b: Tyranitar
|-supereffective|p1b: Tyranitar|1
|-damage|p1b: Tyranitar|0 fnt
|faint|p1b: Tyranitar
|
|-weather|Sandstorm|[upkeep]
|-damage|p2a: Raichu|76/100|[from] Sandstorm
|-damage|p2b: Milotic|70/100|[from] Sandstorm
|-heal|p2b: Milotic|76/100|[from] item: Leftovers
|upkeep
|
|t:|1784579557
|switch|p1b: Rotom|Rotom-Wash, L50|27/100 slp
|switch|p1a: Excadrill|Excadrill, L50, F|92/100
|turn|10
|
|t:|1784579563
|move|p1a: Excadrill|Protect|p1a: Excadrill
|-singleturn|p1a: Excadrill|Protect
|move|p2a: Raichu|Protect|p2a: Raichu
|-singleturn|p2a: Raichu|Protect
|cant|p1b: Rotom|slp
|move|p2b: Milotic|Hydro Pump|p1a: Excadrill
|-activate|p1a: Excadrill|move: Protect
|
|-weather|Sandstorm|[upkeep]
|-damage|p1b: Rotom|21/100 slp|[from] Sandstorm
|-damage|p2a: Raichu|70/100|[from] Sandstorm
|-damage|p2b: Milotic|70/100|[from] Sandstorm
|-heal|p2b: Milotic|76/100|[from] item: Leftovers
|upkeep
|turn|11
|
|t:|1784579579
|move|p1a: Excadrill|Earthquake|p2a: Raichu|[spread] p2a,p2b
|-immune|p1b: Rotom|[from] ability: Levitate
|-supereffective|p2a: Raichu|1
|-damage|p2a: Raichu|0 fnt
|-damage|p2b: Milotic|56/100
|faint|p2a: Raichu
|-curestatus|p1b: Rotom|slp|[msg]
|move|p1b: Rotom|Thunderbolt|p2b: Milotic
|-supereffective|p2b: Milotic|1
|-damage|p2b: Milotic|13/100
|move|p2b: Milotic|Hydro Pump|p1b: Rotom
|-resisted|p1b: Rotom|1
|-crit|p1b: Rotom
|-damage|p1b: Rotom|0 fnt
|faint|p1b: Rotom
|
|-weather|Sandstorm|[upkeep]
|-damage|p2b: Milotic|7/100|[from] Sandstorm
|-heal|p2b: Milotic|13/100|[from] item: Leftovers
|upkeep
|turn|12
|
|t:|1784579597
|move|p1a: Excadrill|Earthquake|p2b: Milotic
|-crit|p2b: Milotic
|-damage|p2b: Milotic|0 fnt
|faint|p2b: Milotic
|
|win|sbhaga34
|raw|sbhaga34's rating: 1333 → 1357(+24 for winning)
|raw|tryson69's rating: 1408 → 1384(-24 for losing)
