|j|☆xiaoliyunVGC
|j|☆mil0battles
|html|xiaoliyunVGCmil0battles    
|uhtml|bestof|Game 2 of a best-of-3
|t:|1756599873
|gametype|doubles
|player|p1|xiaoliyunVGC|liko|1207
|player|p2|mil0battles|pokemonranger-gen4|1135
|gen|9
|tier|[Gen 9] VGC 2025 Reg H (Bo3)
|rated|
|rule|Species Clause: Limit one of each Pokémon
|rule|Item Clause: Limit 1 of each item
|clearpoke
|poke|p1|Smeargle, L50, F|
|poke|p1|Hatterene, L50, F|
|poke|p1|Torkoal, L50, M|
|poke|p1|Lilligant-Hisui, L50, F|
|poke|p1|Ursaluna, L50, F|
|poke|p1|Indeedee-F, L50, F|
|poke|p2|Incineroar, L50, M|
|poke|p2|Primarina, L50, M|
|poke|p2|Gholdengo, L50|
|poke|p2|Sneasler, L50, F|
|poke|p2|Kilowattrel, L50, M|
|poke|p2|Rillaboom, L50, M|
|teampreview|4
|showteam|p1|Smeargle||EjectPack|Moody|FakeOut,FollowMe,Spore,WideGuard|||F|||50|,,,,,Ghost]Hatterene||LifeOrb|MagicBounce|DazzlingGleam,ExpandingForce,Protect,TrickRoom|||F|||50|,,,,,Water]Torkoal||ChoiceSpecs|Drought|Eruption,HeatWave,WeatherBall,EarthPower|||M|||50|,,,,,Fire]Lilligant-Hisui||ClearAmulet|Chlorophyll|CloseCombat,SolarBlade,AfterYou,SleepPowder|||F|||50|,,,,,Fire]Ursaluna||FlameOrb|Guts|Facade,Earthquake,HeadlongRush,Protect|||F|||50|,,,,,Normal]Indeedee-F||RockyHelmet|PsychicSurge|AlluringVoice,TrickRoom,FollowMe,HelpingHand|||F|||50|,,,,,Fairy
|showteam|p2|Incineroar||SafetyGoggles|Intimidate|FakeOut,KnockOff,PartingShot,FlareBlitz|||M|||50|,,,,,Ghost]Primarina||ThroatSpray|LiquidVoice|HyperVoice,Moonblast,Haze,Protect|||M|||50|,,,,,Poison]Gholdengo||LifeOrb|GoodasGold|NastyPlot,MakeItRain,ShadowBall,Protect||||||50|,,,,,Water]Sneasler||WhiteHerb|Unburden|DireClaw,CloseCombat,FakeOut,Protect|||F|||50|,,,,,Stellar]Kilowattrel||FocusSash|Competitive|AirSlash,Thunderbolt,Tailwind,Protect|||M|||50|,,,,,Ghost]Rillaboom||AssaultVest|GrassySurge|GrassyGlide,WoodHammer,FakeOut,Uturn|||M|||50|,,,,,Fire
|inactive|Battle timer is ON: inactive players will automatically lose when time's up. (requested by xiaoliyunVGC)
|
|t:|1756599898
|teamsize|p1|4
|teamsize|p2|4
|start
|switch|p1a: Indeedee|Indeedee-F, L50, F, shiny|100/100
|switch|p1b: Smeargle|Smeargle, L50, F|100/100
|switch|p2a: Primarina|Primarina, L50, M|100/100
|switch|p2b: Gholdengo|Gholdengo, L50|100/100
|-fieldstart|move: Psychic Terrain|[from] ability: Psychic Surge|[of] p1a: Indeedee
|turn|1
|
|t:|1756599920
|switch|p2b: Incineroar|Incineroar, L50, M|100/100
|-ability|p2b: Incineroar|Intimidate|boost
|-unboost|p1a: Indeedee|atk|1
|-unboost|p1b: Smeargle|atk|1
|-enditem|p1b: Smeargle|Eject Pack
|
|t:|1756599929
|switch|p1b: Ursaluna|Ursaluna, L50, F, shiny|100/100
|move|p2a: Primarina|Hyper Voice|p1a: Indeedee|[spread] p1a,p1b
|-supereffective|p1b: Ursaluna
|-damage|p1a: Indeedee|66/100
|-damage|p1b: Ursaluna|43/100
|-enditem|p2a: Primarina|Throat Spray
|-boost|p2a: Primarina|spa|1|[from] item: Throat Spray
|move|p1a: Indeedee|Trick Room|p1a: Indeedee
|-fieldstart|move: Trick Room|[of] p1a: Indeedee
|
|-status|p1b: Ursaluna|brn|[from] item: Flame Orb
|upkeep
|turn|2
|
|t:|1756599949
|switch|p1a: Torkoal|Torkoal, L50, M, shiny|100/100
|-weather|SunnyDay|[from] ability: Drought|[of] p1a: Torkoal
|switch|p2b: Rillaboom|Rillaboom, L50, M|100/100
|-fieldstart|move: Grassy Terrain|[from] ability: Grassy Surge|[of] p2b: Rillaboom
|move|p1b: Ursaluna|Protect|p1b: Ursaluna
|-singleturn|p1b: Ursaluna|Protect
|move|p2a: Primarina|Protect||[still]
|-fail|p2a: Primarina
|
|-weather|SunnyDay|[upkeep]
|-heal|p1b: Ursaluna|49/100 brn|[from] Grassy Terrain
|-damage|p1b: Ursaluna|43/100 brn|[from] brn
|upkeep
|turn|3
|inactive|xiaoliyunVGC has 30 seconds left.
|
|t:|1756599976
|switch|p1a: Indeedee|Indeedee-F, L50, F, shiny|66/100
|-fieldstart|move: Psychic Terrain|[from] ability: Psychic Surge|[of] p1a: Indeedee
|switch|p2b: Incineroar|Incineroar, L50, M|100/100
|-ability|p2b: Incineroar|Intimidate|boost
|-unboost|p1a: Indeedee|atk|1
|-unboost|p1b: Ursaluna|atk|1
|-terastallize|p1b: Ursaluna|Normal
|move|p2a: Primarina|Protect|p2a: Primarina
|-singleturn|p2a: Primarina|Protect
|move|p1b: Ursaluna|Facade|p2b: Incineroar
|-damage|p2b: Incineroar|0 fnt
|faint|p2b: Incineroar
|
|-weather|SunnyDay|[upkeep]
|-damage|p1b: Ursaluna|37/100 brn|[from] brn
|upkeep
|
|t:|1756599991
|switch|p2b: Rillaboom|Rillaboom, L50, M|100/100
|-fieldstart|move: Grassy Terrain|[from] ability: Grassy Surge|[of] p2b: Rillaboom
|turn|4
|
|t:|1756599999
|switch|p1b: Smeargle|Smeargle, L50, F|100/100
|move|p1a: Indeedee|Alluring Voice|p2a: Primarina
|-damage|p2a: Primarina|86/100
|move|p2a: Primarina|Hyper Voice|p1a: Indeedee|[spread] p1a,p1b
|-damage|p1a: Indeedee|41/100
|-damage|p1b: Smeargle|35/100
|move|p2b: Rillaboom|U-turn|p1a: Indeedee
|-supereffective|p1a: Indeedee
|-damage|p1a: Indeedee|0 fnt
|-damage|p2b: Rillaboom|84/100|[from] item: Rocky Helmet|[of] p1a: Indeedee
|faint|p1a: Indeedee
|
|t:|1756600009
|switch|p2b: Gholdengo|Gholdengo, L50|100/100|[from] U-turn
|
|-weather|SunnyDay|[upkeep]
|-heal|p2a: Primarina|92/100|[from] Grassy Terrain
|-heal|p1b: Smeargle|41/100|[from] Grassy Terrain
|-ability|p1b: Smeargle|Moody|boost
|-boost|p1b: Smeargle|spd|2
|-unboost|p1b: Smeargle|def|1
|upkeep
|
|t:|1756600013
|switch|p1a: Torkoal|Torkoal, L50, M, shiny|100/100
|turn|5
|
|t:|1756600028
|-terastallize|p2b: Gholdengo|Water
|move|p2a: Primarina|Protect|p2a: Primarina
|-singleturn|p2a: Primarina|Protect
|move|p1b: Smeargle|Fake Out|p2b: Gholdengo
|-damage|p2b: Gholdengo|95/100
|move|p1a: Torkoal|Eruption|p2a: Primarina|[spread] p2b
|-activate|p2a: Primarina|move: Protect
|-resisted|p2b: Gholdengo
|-damage|p2b: Gholdengo|38/100
|cant|p2b: Gholdengo|flinch
|
|-weather|SunnyDay|[upkeep]
|-heal|p2a: Primarina|98/100|[from] Grassy Terrain
|-heal|p1b: Smeargle|47/100|[from] Grassy Terrain
|-heal|p2b: Gholdengo|45/100|[from] Grassy Terrain
|-fieldend|move: Trick Room
|-ability|p1b: Smeargle|Moody|boost
|-boost|p1b: Smeargle|spe|2
|-unboost|p1b: Smeargle|def|1
|upkeep
|turn|6
|
|t:|1756600042
|move|p2b: Gholdengo|Protect|p2b: Gholdengo
|-singleturn|p2b: Gholdengo|Protect
|move|p1b: Smeargle|Wide Guard|p1b: Smeargle
|-singleturn|p1b: Smeargle|Wide Guard
|move|p2a: Primarina|Moonblast|p1b: Smeargle
|-damage|p1b: Smeargle|0 fnt
|faint|p1b: Smeargle
|move|p1a: Torkoal|Eruption|p2b: Gholdengo|[spread] p2a
|-activate|p2b: Gholdengo|move: Protect
|-resisted|p2a: Primarina
|-damage|p2a: Primarina|55/100
|
|-weather|none
|-heal|p2b: Gholdengo|51/100|[from] Grassy Terrain
|-heal|p2a: Primarina|61/100|[from] Grassy Terrain
|upkeep
|
|t:|1756600049
|switch|p1b: Ursaluna|Ursaluna, L50, F, shiny, tera:Normal|37/100 brn
|turn|7
|-message|xiaoliyunVGC forfeited.
|
|win|mil0battles
|raw|xiaoliyunVGC's rating: 1207 → 1177(-30 for losing)
|raw|mil0battles's rating: 1135 → 1165(+30 for winning)
|l|☆xiaoliyunVGC
|player|p1|
