|j|☆Nikemada
|j|☆geardox
|html|Nikemadageardox    
|uhtml|bestof|Game 1 of a best-of-3
|t:|1756346425
|gametype|doubles
|player|p1|Nikemada|ethan|1080
|player|p2|geardox|cyclist|1149
|gen|9
|tier|[Gen 9] VGC 2025 Reg H (Bo3)
|rated|
|rule|Species Clause: Limit one of each Pokémon
|rule|Item Clause: Limit 1 of each item
|clearpoke
|poke|p1|Dondozo, L50, M|
|poke|p1|Tatsugiri, L50, F|
|poke|p1|Dragonite, L50, F|
|poke|p1|Ursaluna-Bloodmoon, L50, M|
|poke|p1|Gholdengo, L50|
|poke|p1|Comfey, L50, M|
|poke|p2|Sneasler, L50, M|
|poke|p2|Garchomp, L50, M|
|poke|p2|Corviknight, L50, F|
|poke|p2|Amoonguss, L50, F|
|poke|p2|Incineroar, L50, F|
|poke|p2|Dragonite, L50, M|
|teampreview|4
|showteam|p1|Dondozo||Leftovers|Unaware|WaveCrash,OrderUp,Earthquake,Protect|||M|||50|,,,,,Grass]Tatsugiri||ChoiceSpecs|Commander|DracoMeteor,MuddyWater,IcyWind,DragonPulse|||F|||50|,,,,,Ghost]Dragonite||AssaultVest|Multiscale|TeraBlast,IceSpinner,LowKick,ThunderPunch|||F|||50|,,,,,Flying]Ursaluna-Bloodmoon||SafetyGoggles|MindsEye|BloodMoon,HyperVoice,EarthPower,Protect|||M|||50|,,,,,Ghost]Gholdengo||LifeOrb|GoodasGold|MakeItRain,ShadowBall,NastyPlot,Protect||||||50|,,,,,Dark]Comfey||FocusSash|Triage|DrainingKiss,FloralHealing,TrickRoom,Protect|||M|||50|,,,,,Steel
|showteam|p2|Sneasler||FocusSash|Unburden|DireClaw,CloseCombat,FakeOut,Coaching|||M|||50|,,,,,Ghost]Garchomp||LifeOrb|RoughSkin|Protect,Earthquake,DragonClaw,StompingTantrum|||M|||50|,,,,,Ground]Corviknight||SitrusBerry|MirrorArmor|BraveBird,Tailwind,Roost,Taunt|||F|||50|,,,,,Fire]Amoonguss||RockyHelmet|Regenerator|ClearSmog,RagePowder,Spore,PollenPuff|||F|||50|,,,,,Water]Incineroar||AssaultVest|Intimidate|KnockOff,FlareBlitz,FakeOut,Uturn|||F|||50|,,,,,Ghost]Dragonite||LoadedDice|Multiscale|ScaleShot,Tailwind,Haze,ExtremeSpeed|||M|||50|,,,,,Fairy
|c|☆Nikemada|glhf!
|c|☆geardox|u2!!
|inactive|Battle timer is ON: inactive players will automatically lose when time's up. (requested by geardox)
|inactive|geardox has 60 seconds left.
|
|t:|1756346483
|teamsize|p1|4
|teamsize|p2|4
|start
|switch|p1a: Dondozo|Dondozo, L50, M|100/100
|switch|p1b: Tatsugiri|Tatsugiri, L50, F|100/100
|switch|p2a: Riku|Sneasler, L50, M|100/100
|switch|p2b: Chica|Corviknight, L50, F|100/100
|-activate|p1b: Tatsugiri|ability: Commander|[of] p1a: Dondozo
|-boost|p1a: Dondozo|atk|2
|-boost|p1a: Dondozo|spa|2
|-boost|p1a: Dondozo|spe|2
|-boost|p1a: Dondozo|def|2
|-boost|p1a: Dondozo|spd|2
|turn|1
|inactive|Nikemada has 30 seconds left.
|inactive|geardox has 30 seconds left.
|inactive|geardox has 20 seconds left.
|
|t:|1756346526
|move|p2a: Riku|Fake Out|p1a: Dondozo
|-damage|p1a: Dondozo|96/100
|cant|p1a: Dondozo|flinch
|move|p2b: Chica|Tailwind|p2b: Chica
|-sidestart|p2: geardox|move: Tailwind
|
|-heal|p1a: Dondozo|100/100|[from] item: Leftovers
|upkeep
|turn|2
|inactive|geardox has 30 seconds left.
|
|t:|1756346558
|move|p1a: Dondozo|Protect|p1a: Dondozo
|-singleturn|p1a: Dondozo|Protect
|move|p2a: Riku|Coaching|p2b: Chica
|-boost|p2b: Chica|atk|1
|-boost|p2b: Chica|def|1
|move|p2b: Chica|Taunt|p1a: Dondozo
|-activate|p1a: Dondozo|move: Protect
|
|upkeep
|turn|3
|
|t:|1756346570
|move|p2a: Riku|Coaching|p2b: Chica
|-boost|p2b: Chica|atk|1
|-boost|p2b: Chica|def|1
|move|p2b: Chica|Taunt|p1a: Dondozo
|-start|p1a: Dondozo|move: Taunt
|move|p1a: Dondozo|Order Up|p2a: Riku
|-damage|p2a: Riku|27/100
|-boost|p1a: Dondozo|atk|1
|
|upkeep
|turn|4
|
|t:|1756346585
|move|p2a: Riku|Dire Claw|p1a: Dondozo
|-damage|p1a: Dondozo|87/100
|-status|p1a: Dondozo|par
|move|p2b: Chica|Brave Bird|p1a: Dondozo
|-damage|p1a: Dondozo|75/100 par
|-damage|p2b: Chica|96/100|[from] Recoil
|move|p1a: Dondozo|Order Up|p2a: Riku
|-crit|p2a: Riku
|-damage|p2a: Riku|0 fnt
|faint|p2a: Riku
|-boost|p1a: Dondozo|atk|1
|
|-heal|p1a: Dondozo|81/100 par|[from] item: Leftovers
|-sideend|p2: geardox|move: Tailwind
|upkeep
|
|t:|1756346599
|switch|p2a: Moonster|Amoonguss, L50, F, shiny|100/100
|turn|5
|
|t:|1756346616
|move|p2b: Chica|Brave Bird|p1a: Dondozo
|-damage|p1a: Dondozo|70/100 par
|-damage|p2b: Chica|91/100|[from] Recoil
|move|p1a: Dondozo|Order Up|p2a: Moonster
|-damage|p2a: Moonster|47/100
|-boost|p1a: Dondozo|atk|1
|move|p2a: Moonster|Clear Smog|p1a: Dondozo
|-damage|p1a: Dondozo|64/100 par
|-clearboost|p1a: Dondozo
|
|-heal|p1a: Dondozo|70/100 par|[from] item: Leftovers
|-end|p1a: Dondozo|move: Taunt
|upkeep
|turn|6
|
|t:|1756346636
|move|p2b: Chica|Brave Bird|p1a: Dondozo
|-damage|p1a: Dondozo|45/100 par
|-damage|p2b: Chica|80/100|[from] Recoil
|move|p2a: Moonster|Pollen Puff|p1a: Dondozo
|-damage|p1a: Dondozo|31/100 par
|move|p1a: Dondozo|Order Up|p2a: Moonster
|-crit|p2a: Moonster
|-damage|p2a: Moonster|21/100
|-boost|p1a: Dondozo|atk|1
|
|-heal|p1a: Dondozo|37/100 par|[from] item: Leftovers
|upkeep
|turn|7
|inactive|geardox has 30 seconds left.
|
|t:|1756346668
|move|p1a: Dondozo|Protect|p1a: Dondozo
|-singleturn|p1a: Dondozo|Protect
|move|p2b: Chica|Tailwind|p2b: Chica
|-sidestart|p2: geardox|move: Tailwind
|move|p2a: Moonster|Clear Smog|p1a: Dondozo
|-activate|p1a: Dondozo|move: Protect
|
|-heal|p1a: Dondozo|44/100 par|[from] item: Leftovers
|upkeep
|turn|8
|
|t:|1756346679
|move|p2b: Chica|Taunt|p1a: Dondozo
|-start|p1a: Dondozo|move: Taunt
|move|p2a: Moonster|Clear Smog|p1a: Dondozo
|-damage|p1a: Dondozo|30/100 par
|-clearboost|p1a: Dondozo
|move|p1a: Dondozo|Order Up|p2a: Moonster
|-damage|p2a: Moonster|2/100
|-boost|p1a: Dondozo|atk|1
|
|-heal|p1a: Dondozo|36/100 par|[from] item: Leftovers
|upkeep
|turn|9
|
|t:|1756346692
|move|p2b: Chica|Brave Bird|p1a: Dondozo
|-damage|p1a: Dondozo|13/100 par
|-damage|p2b: Chica|71/100|[from] Recoil
|move|p2a: Moonster|Clear Smog|p1a: Dondozo
|-damage|p1a: Dondozo|0 fnt
|-clearboost|p1a: Dondozo
|faint|p1a: Dondozo
|
|upkeep
|
|t:|1756346702
|switch|p1a: Comfey|Comfey, L50, M|100/100
|turn|10
|
|t:|1756346722
|move|p1a: Comfey|Draining Kiss|p2a: Moonster
|-resisted|p2a: Moonster
|-damage|p2a: Moonster|0 fnt
|-damage|p1a: Comfey|84/100|[from] item: Rocky Helmet|[of] p2a: Moonster
|faint|p2a: Moonster
|move|p2b: Chica|Taunt|p1a: Comfey
|-start|p1a: Comfey|move: Taunt
|move|p1b: Tatsugiri|Muddy Water|p2b: Chica
|-damage|p2b: Chica|21/100
|-ability|p2b: Chica|Mirror Armor
|-unboost|p1b: Tatsugiri|accuracy|1
|-enditem|p2b: Chica|Sitrus Berry|[eat]
|-heal|p2b: Chica|46/100|[from] item: Sitrus Berry
|
|-sideend|p2: geardox|move: Tailwind
|upkeep
|
|t:|1756346736
|switch|p2a: Stinky Pete|Garchomp, L50, M|100/100
|turn|11
|
|t:|1756346747
|-terastallize|p2a: Stinky Pete|Ground
|-terastallize|p1b: Tatsugiri|Ghost
|move|p1a: Comfey|Draining Kiss|p2a: Stinky Pete
|-damage|p2a: Stinky Pete|81/100
|-heal|p1a: Comfey|100/100|[from] drain|[of] p2a: Stinky Pete
|-damage|p1a: Comfey|89/100|[from] ability: Rough Skin|[of] p2a: Stinky Pete
|move|p2a: Stinky Pete|Earthquake|p1b: Tatsugiri|[spread] p1a,p1b
|-immune|p2b: Chica
|-damage|p1a: Comfey|0 fnt
|-damage|p1b: Tatsugiri|11/100
|faint|p1a: Comfey
|-damage|p2a: Stinky Pete|71/100|[from] item: Life Orb
|move|p1b: Tatsugiri|Muddy Water|p2a: Stinky Pete|[spread] p2a,p2b
|-supereffective|p2a: Stinky Pete
|-damage|p2a: Stinky Pete|0 fnt
|-damage|p2b: Chica|10/100
|-ability|p2b: Chica|Mirror Armor
|-unboost|p1b: Tatsugiri|accuracy|1
|faint|p2a: Stinky Pete
|move|p2b: Chica|Roost|p2b: Chica
|-heal|p2b: Chica|60/100
|-singleturn|p2b: Chica|move: Roost
|
|upkeep
|
|t:|1756346768
|switch|p1a: Dragonite|Dragonite, L50, F|100/100
|turn|12
|
|t:|1756346773
|move|p1b: Tatsugiri|Muddy Water|p2b: Chica|[miss]
|-miss|p1b: Tatsugiri|p2b: Chica
|move|p1a: Dragonite|Thunder Punch|p2b: Chica
|-supereffective|p2b: Chica
|-damage|p2b: Chica|35/100
|move|p2b: Chica|Brave Bird|p1b: Tatsugiri
|-damage|p1b: Tatsugiri|0 fnt
|faint|p1b: Tatsugiri
|-damage|p2b: Chica|32/100|[from] Recoil
|
|upkeep
|turn|13
|
|t:|1756346785
|move|p1a: Dragonite|Thunder Punch|p2b: Chica
|-supereffective|p2b: Chica
|-damage|p2b: Chica|9/100
|move|p2b: Chica|Roost|p2b: Chica
|-heal|p2b: Chica|59/100
|-singleturn|p2b: Chica|move: Roost
|
|upkeep
|turn|14
|
|t:|1756346797
|move|p1a: Dragonite|Thunder Punch|p2b: Chica
|-supereffective|p2b: Chica
|-damage|p2b: Chica|33/100
|move|p2b: Chica|Roost|p2b: Chica
|-heal|p2b: Chica|83/100
|-singleturn|p2b: Chica|move: Roost
|
|upkeep
|turn|15
|
|t:|1756346808
|move|p1a: Dragonite|Thunder Punch|p2b: Chica
|-supereffective|p2b: Chica
|-damage|p2b: Chica|58/100
|move|p2b: Chica|Brave Bird|p1a: Dragonite
|-damage|p1a: Dragonite|68/100
|-damage|p2b: Chica|48/100|[from] Recoil
|
|upkeep
|turn|16
|
|t:|1756346827
|move|p1a: Dragonite|Thunder Punch|p2b: Chica
|-supereffective|p2b: Chica
|-damage|p2b: Chica|25/100
|move|p2b: Chica|Roost|p2b: Chica
|-heal|p2b: Chica|75/100
|-singleturn|p2b: Chica|move: Roost
|
|upkeep
|turn|17
|
|t:|1756346836
|move|p1a: Dragonite|Thunder Punch|p2b: Chica
|-supereffective|p2b: Chica
|-damage|p2b: Chica|50/100
|move|p2b: Chica|Brave Bird|p1a: Dragonite
|-damage|p1a: Dragonite|0 fnt
|faint|p1a: Dragonite
|-damage|p2b: Chica|29/100|[from] Recoil
|
|win|geardox
||Nikemada is ready for game 2.
|inactive|geardox has 30 seconds to confirm battle start!
||geardox is ready for game 2.
|uhtml|next|Next: Game 2 of 3
|l|☆Nikemada
|player|p1|
