|j|☆Ferran Tiburon
|j|☆al917
|html|Ferran Tiburonal917    
|uhtml|bestof|Game 1 of a best-of-3
|t:|1782987330
|gametype|doubles
|player|p1|Ferran Tiburon|102|1094
|player|p2|al917|boarder|1148
|gen|9
|tier|[Gen 9 Champions] VGC 2026 Reg M-B (Bo3)
|rated|
|rule|Species Clause: Limit one of each Pokémon
|rule|Item Clause: Limit 1 of each item
|clearpoke
|poke|p1|Charizard, L50, M|
|poke|p1|Kingambit, L50, M|
|poke|p1|Sylveon, L50, F|
|poke|p1|Garchomp, L50, M|
|poke|p1|Aerodactyl, L50, F|
|poke|p1|Farigiraf, L50, F|
|poke|p2|Staraptor, L50, M|
|poke|p2|Grimmsnarl, L50, M|
|poke|p2|Garchomp, L50, M|
|poke|p2|Sinistcha, L50|
|poke|p2|Incineroar, L50, M|
|poke|p2|Corviknight, L50, M|
|teampreview|4
|showteam|p1|Charizard||CharizarditeY|SolarPower|Protect,HeatWave,SolarBeam,WeatherBall|Modest||M|||50|]Kingambit||FocusSash|Defiant|IronHead,SuckerPunch,KowtowCleave,LowKick|Adamant||M|||50|]Sylveon||FairyFeather|Pixilate|Detect,HyperVoice,HyperBeam,QuickAttack|Modest||F|||50|]Garchomp||LifeOrb|RoughSkin|Protect,DragonClaw,Earthquake,StompingTantrum|Jolly||M|||50|]Aerodactyl||Aerodactylite|RockHead|IceFang,RockSlide,Tailwind,DualWingbeat|Jolly||F|||50|]Farigiraf||SitrusBerry|ArmorTail|TrickRoom,Psychic,Thunderbolt,Roar|Bold||F|||50|
|showteam|p2|Staraptor||Staraptite|Intimidate|DualWingbeat,CloseCombat,Roost,Protect|Jolly||M|||50|]Grimmsnarl||RoseliBerry|Prankster|FakeOut,FakeTears,PartingShot,SuckerPunch|Impish||M|||50|]Garchomp||LifeOrb|RoughSkin|DragonClaw,Earthquake,RockSlide,Bulldoze|Adamant||M|||50|]Sinistcha||KasibBerry|Hospitality|MatchaGotcha,TrickRoom,LifeDew,RagePowder|Calm|||||50|]Incineroar||SitrusBerry|Intimidate|FlareBlitz,WillOWisp,PartingShot,FakeOut|Impish||M|||50|]Corviknight||Leftovers|MirrorArmor|IronHead,BulkUp,Roost,Tailwind|Adamant||M|||50|
|inactive|Battle timer is ON: inactive players will automatically lose when time's up. (requested by Ferran Tiburon)
|inactive|Ferran Tiburon has 60 seconds left.
|inactive|al917 has 60 seconds left.
|
|t:|1782987390
|teamsize|p1|4
|teamsize|p2|4
|start
|switch|p1a: Sylveon|Sylveon, L50, F|100/100
|switch|p1b: Kingambit|Kingambit, L50, M|100/100
|switch|p2a: Garchomp|Garchomp, L50, M|100/100
|switch|p2b: Staraptor|Staraptor, L50, M|100/100
|-ability|p2b: Staraptor|Intimidate|boost
|-unboost|p1a: Sylveon|atk|1
|-unboost|p1b: Kingambit|atk|1
|-ability|p1b: Kingambit|Defiant|boost
|-boost|p1b: Kingambit|atk|2
|turn|1
|inactive|Ferran Tiburon has 30 seconds left.
|
|t:|1782987422
|switch|p1b: Charizard|Charizard, L50, M|100/100
|detailschange|p2b: Staraptor|Staraptor-Mega, L50, M
|-mega|p2b: Staraptor|Staraptor|Staraptite
|move|p2b: Staraptor|Protect|p2b: Staraptor
|-singleturn|p2b: Staraptor|Protect
|move|p2a: Garchomp|Earthquake|p1a: Sylveon|[spread] p1a
|-activate|p2b: Staraptor|move: Protect
|-immune|p1b: Charizard
|-damage|p1a: Sylveon|39/100
|-damage|p2a: Garchomp|90/100|[from] item: Life Orb
|move|p1a: Sylveon|Hyper Voice|p2b: Staraptor|[spread] p2a
|-activate|p2b: Staraptor|move: Protect
|-supereffective|p2a: Garchomp|1
|-damage|p2a: Garchomp|3/100
|
|upkeep
|turn|2
|
|t:|1782987430
|switch|p2b: Incineroar|Incineroar, L50, M|100/100
|-ability|p2b: Incineroar|Intimidate|boost
|-unboost|p1a: Sylveon|atk|1
|-unboost|p1b: Charizard|atk|1
|detailschange|p1b: Charizard|Charizard-Mega-Y, L50, M
|-mega|p1b: Charizard|Charizard|Charizardite Y
|-weather|SunnyDay|[from] ability: Drought|[of] p1b: Charizard
|move|p1a: Sylveon|Quick Attack|p2a: Garchomp
|-supereffective|p2a: Garchomp|1
|-crit|p2a: Garchomp
|-damage|p2a: Garchomp|0 fnt
|-damage|p1a: Sylveon|26/100|[from] ability: Rough Skin|[of] p2a: Garchomp
|faint|p2a: Garchomp
|move|p1b: Charizard|Weather Ball|p2b: Incineroar
|-resisted|p2b: Incineroar|1
|-damage|p2b: Incineroar|57/100
|
|-weather|SunnyDay|[upkeep]
|upkeep
|
|t:|1782987437
|switch|p2a: Staraptor|Staraptor-Mega, L50, M|100/100
|turn|3
|
|t:|1782987444
|move|p1b: Charizard|Protect|p1b: Charizard
|-singleturn|p1b: Charizard|Protect
|move|p1a: Sylveon|Detect|p1a: Sylveon
|-singleturn|p1a: Sylveon|Protect
|move|p2b: Incineroar|Fake Out|p1b: Charizard
|-activate|p1b: Charizard|move: Protect
|move|p2a: Staraptor|Close Combat|p1a: Sylveon
|-activate|p1a: Sylveon|move: Protect
|
|-weather|SunnyDay|[upkeep]
|upkeep
|turn|4
|
|t:|1782987454
|move|p2a: Staraptor|Close Combat|p1a: Sylveon
|-resisted|p1a: Sylveon|1
|-damage|p1a: Sylveon|0 fnt
|-boost|p2a: Staraptor|def|1
|-boost|p2a: Staraptor|spd|1
|faint|p1a: Sylveon
|move|p1b: Charizard|Weather Ball|p2a: Staraptor
|-damage|p2a: Staraptor|35/100
|move|p2b: Incineroar|Parting Shot|p1b: Charizard
|-unboost|p1b: Charizard|atk|1
|-unboost|p1b: Charizard|spa|1
|
|t:|1782987458
|switch|p2b: Corviknight|Corviknight, L50, M|100/100|[from] Parting Shot
|
|-weather|SunnyDay|[upkeep]
|upkeep
|
|t:|1782987463
|switch|p1a: Kingambit|Kingambit, L50, M|100/100
|turn|5
|inactive|Ferran Tiburon has 30 seconds left.
|
|t:|1782987491
|move|p1a: Kingambit|Sucker Punch||[still]
|-fail|p1a: Kingambit
|move|p2a: Staraptor|Roost|p2a: Staraptor
|-heal|p2a: Staraptor|85/100
|-singleturn|p2a: Staraptor|move: Roost
|move|p1b: Charizard|Heat Wave|p2b: Corviknight|[spread] p2a,p2b
|-supereffective|p2b: Corviknight|1
|-damage|p2a: Staraptor|58/100
|-damage|p2b: Corviknight|26/100
|move|p2b: Corviknight|Tailwind|p2b: Corviknight
|-sidestart|p2: al917|move: Tailwind
|
|-weather|SunnyDay|[upkeep]
|-heal|p2b: Corviknight|32/100|[from] item: Leftovers
|upkeep
|turn|6
|
|t:|1782987507
|move|p1a: Kingambit|Sucker Punch|p2a: Staraptor
|-resisted|p2a: Staraptor|1
|-damage|p2a: Staraptor|45/100
|move|p2a: Staraptor|Close Combat|p1a: Kingambit
|-supereffective|p1a: Kingambit|2
|-enditem|p1a: Kingambit|Focus Sash
|-damage|p1a: Kingambit|1/100
|-boost|p2a: Staraptor|def|1
|-boost|p2a: Staraptor|spd|1
|move|p2b: Corviknight|Roost|p2b: Corviknight
|-heal|p2b: Corviknight|82/100
|-singleturn|p2b: Corviknight|move: Roost
|move|p1b: Charizard|Heat Wave|p2a: Staraptor|[spread] p2a
|-miss|p1b: Charizard|p2b: Corviknight
|-damage|p2a: Staraptor|23/100
|
|-weather|none
|-heal|p2b: Corviknight|88/100|[from] item: Leftovers
|upkeep
|turn|7
|inactive|Ferran Tiburon has 30 seconds left.
|
|t:|1782987541
|switch|p1b: Farigiraf|Farigiraf, L50, F|100/100
|move|p2a: Staraptor|Roost|p2a: Staraptor
|-heal|p2a: Staraptor|73/100
|-singleturn|p2a: Staraptor|move: Roost
|move|p2b: Corviknight|Iron Head|p1a: Kingambit
|-resisted|p1a: Kingambit|1
|-damage|p1a: Kingambit|0 fnt
|faint|p1a: Kingambit
|
|-heal|p2b: Corviknight|94/100|[from] item: Leftovers
|upkeep
|
|t:|1782987543
|switch|p1a: Charizard|Charizard-Mega-Y, L50, M|100/100
|-weather|SunnyDay|[from] ability: Drought|[of] p1a: Charizard
|turn|8
|inactive|Ferran Tiburon has 30 seconds left.
|
|t:|1782987569
|move|p2a: Staraptor|Close Combat|p1b: Farigiraf
|-damage|p1b: Farigiraf|58/100
|-boost|p2a: Staraptor|def|1
|-boost|p2a: Staraptor|spd|1
|move|p2b: Corviknight|Iron Head|p1b: Farigiraf
|-damage|p1b: Farigiraf|37/100
|-enditem|p1b: Farigiraf|Sitrus Berry|[eat]
|-heal|p1b: Farigiraf|62/100|[from] item: Sitrus Berry
|move|p1a: Charizard|Heat Wave|p2b: Corviknight|[spread] p2a,p2b
|-supereffective|p2b: Corviknight|1
|-damage|p2a: Staraptor|49/100
|-damage|p2b: Corviknight|0 fnt
|faint|p2b: Corviknight
|move|p1b: Farigiraf|Psychic|p2a: Staraptor
|-supereffective|p2a: Staraptor|1
|-damage|p2a: Staraptor|19/100
|
|-weather|SunnyDay|[upkeep]
|-sideend|p2: al917|move: Tailwind
|upkeep
|
|t:|1782987580
|switch|p2b: Incineroar|Incineroar, L50, M|57/100
|-ability|p2b: Incineroar|Intimidate|boost
|-unboost|p1a: Charizard|atk|1
|-unboost|p1b: Farigiraf|atk|1
|turn|9
|inactive|Ferran Tiburon has 30 seconds left.
|inactive|Ferran Tiburon has 20 seconds left.
|inactive|Ferran Tiburon has 15 seconds left.
|
|t:|1782987621
|move|p2a: Staraptor|Roost|p2a: Staraptor
|-heal|p2a: Staraptor|69/100
|-singleturn|p2a: Staraptor|move: Roost
|move|p1a: Charizard|Heat Wave|p2a: Staraptor|[spread] p2a,p2b
|-resisted|p2b: Incineroar|1
|-damage|p2a: Staraptor|43/100
|-damage|p2b: Incineroar|29/100
|-enditem|p2b: Incineroar|Sitrus Berry|[eat]
|-heal|p2b: Incineroar|54/100|[from] item: Sitrus Berry
|move|p2b: Incineroar|Flare Blitz|p1b: Farigiraf
|-damage|p1b: Farigiraf|10/100
|-damage|p2b: Incineroar|35/100|[from] Recoil
|move|p1b: Farigiraf|Thunderbolt|p2b: Incineroar
|-damage|p2b: Incineroar|14/100
|
|-weather|SunnyDay|[upkeep]
|upkeep
|turn|10
|
|t:|1782987640
|move|p2a: Staraptor|Close Combat|p1b: Farigiraf
|-damage|p1b: Farigiraf|0 fnt
|-boost|p2a: Staraptor|def|1
|-boost|p2a: Staraptor|spd|1
|faint|p1b: Farigiraf
|move|p1a: Charizard|Heat Wave|p2b: Incineroar|[spread] p2a,p2b
|-resisted|p2b: Incineroar|1
|-damage|p2a: Staraptor|21/100
|-damage|p2b: Incineroar|0 fnt
|faint|p2b: Incineroar
|
|-weather|SunnyDay|[upkeep]
|upkeep
|turn|11
|
|t:|1782987649
|move|p2a: Staraptor|Roost|p2a: Staraptor
|-heal|p2a: Staraptor|71/100
|-singleturn|p2a: Staraptor|move: Roost
|move|p1a: Charizard|Weather Ball|p2a: Staraptor
|-damage|p2a: Staraptor|39/100
|
|-weather|SunnyDay|[upkeep]
|upkeep
|turn|12
|
|t:|1782987656
|move|p2a: Staraptor|Roost|p2a: Staraptor
|-heal|p2a: Staraptor|89/100
|-singleturn|p2a: Staraptor|move: Roost
|move|p1a: Charizard|Weather Ball|p2a: Staraptor
|-damage|p2a: Staraptor|58/100
|
|-weather|none
|upkeep
|turn|13
|
|t:|1782987668
|move|p2a: Staraptor|Dual Wingbeat|p1a: Charizard
|-damage|p1a: Charizard|80/100
|-damage|p1a: Charizard|61/100
|-hitcount|p1a: Charizard|2
|move|p1a: Charizard|Heat Wave|p2a: Staraptor
|-damage|p2a: Staraptor|38/100
|
|upkeep
|turn|14
|
|t:|1782987674
|move|p2a: Staraptor|Roost|p2a: Staraptor
|-heal|p2a: Staraptor|88/100
|-singleturn|p2a: Staraptor|move: Roost
|move|p1a: Charizard|Heat Wave|p2a: Staraptor
|-damage|p2a: Staraptor|69/100
|
|upkeep
|turn|15
|
|t:|1782987677
|move|p2a: Staraptor|Close Combat|p1a: Charizard
|-resisted|p1a: Charizard|1
|-damage|p1a: Charizard|35/100
|-boost|p2a: Staraptor|def|1
|-boost|p2a: Staraptor|spd|1
|move|p1a: Charizard|Heat Wave|p2a: Staraptor
|-damage|p2a: Staraptor|53/100
|
|upkeep
|turn|16
|
|t:|1782987682
|move|p2a: Staraptor|Dual Wingbeat|p1a: Charizard
|-crit|p1a: Charizard
|-damage|p1a: Charizard|7/100
|-damage|p1a: Charizard|0 fnt
|faint|p1a: Charizard
|-hitcount|p1: Charizard|2
|
|win|al917
||Ferran Tiburon is ready for game 2.
||al917 is ready for game 2.
|uhtml|next|Next: Game 2 of 3
