|j|☆Iceriderplayer370
|j|☆Bergmann VGC
|html|Iceriderplayer370Bergmann VGC    
|uhtml|bestof|Game 2 of a best-of-3
|t:|1755104396
|gametype|doubles
|player|p1|Iceriderplayer370|wattson|1311
|player|p2|Bergmann VGC|roark|1263
|gen|9
|tier|[Gen 9] VGC 2025 Reg H (Bo3)
|rated|
|rule|Species Clause: Limit one of each Pokémon
|rule|Item Clause: Limit 1 of each item
|clearpoke
|poke|p1|Ursaluna, L50, M|
|poke|p1|Kilowattrel, L50, F|
|poke|p1|Gholdengo, L50|
|poke|p1|Incineroar, L50, F|
|poke|p1|Amoonguss, L50, F|
|poke|p1|Porygon2, L50|
|poke|p2|Charizard, L50, F|
|poke|p2|Torkoal, L50, M|
|poke|p2|Porygon2, L50|
|poke|p2|Incineroar, L50, F|
|poke|p2|Jumpluff, L50, F|
|poke|p2|Ursaluna, L50, F|
|teampreview|4
|showteam|p1|Ursaluna||FlameOrb|Guts|Facade,HeadlongRush,Earthquake,Protect|||M|||50|,,,,,Fairy]Kilowattrel||FocusSash|Competitive|Thunderbolt,AirSlash,Tailwind,Protect|||F|||50|,,,,,Ghost]Gholdengo||LifeOrb|GoodasGold|MakeItRain,ShadowBall,NastyPlot,Protect||||||50|,,,,,Flying]Incineroar||SafetyGoggles|Intimidate|KnockOff,FlareBlitz,PartingShot,FakeOut|||F|||50|,,,,,Grass]Amoonguss||SitrusBerry|Regenerator|Spore,RagePowder,SludgeBomb,Protect|||F|||50|,,,,,Psychic]Porygon2||Eviolite|Download|TeraBlast,IceBeam,Recover,TrickRoom||||||50|,,,,,Fighting
|showteam|p2|Charizard||ChoiceSpecs|SolarPower|HeatWave,Overheat,WeatherBall,AirSlash|||F|||50|,,,,,Ghost]Torkoal||EjectPack|Drought|Eruption,Overheat,HelpingHand,Protect|||M|||50|,,,,,Fire]Porygon2||Eviolite|Download|TeraBlast,IceBeam,Recover,TrickRoom||||||50|,,,,,Fighting]Incineroar||SafetyGoggles|Intimidate|FlareBlitz,KnockOff,FakeOut,PartingShot|||F|||50|,,,,,Ghost]Jumpluff||CovertCloak|Chlorophyll|SleepPowder,SunnyDay,RagePowder,Tailwind|||F|||50|,,,,,Water]Ursaluna||FlameOrb|Guts|HeadlongRush,Facade,Earthquake,Protect|||F|||50|,,,,,Ghost
|inactive|Battle timer is ON: inactive players will automatically lose when time's up. (requested by Iceriderplayer370)
|
|t:|1755104425
|teamsize|p1|4
|teamsize|p2|4
|start
|switch|p1a: Big Bird|Kilowattrel, L50, F|100/100
|switch|p1b: Mr Worldwide|Gholdengo, L50|100/100
|switch|p2a: Ryo|Torkoal, L50, M|100/100
|switch|p2b: Charizard|Charizard, L50, F, shiny|100/100
|-weather|SunnyDay|[from] ability: Drought|[of] p2a: Ryo
|turn|1
|
|t:|1755104448
|switch|p2b: Jumpluff|Jumpluff, L50, F|100/100
|switch|p1b: LeBron|Incineroar, L50, F, shiny|100/100
|-ability|p1b: LeBron|Intimidate|boost
|-unboost|p2a: Ryo|atk|1
|-unboost|p2b: Jumpluff|atk|1
|-enditem|p2a: Ryo|Eject Pack
|
|t:|1755104456
|switch|p2a: Charizard|Charizard, L50, F, shiny|100/100
|move|p1a: Big Bird|Thunderbolt|p2b: Jumpluff
|-damage|p2b: Jumpluff|59/100
|
|-weather|SunnyDay|[upkeep]
|-damage|p2a: Charizard|88/100|[from] ability: Solar Power|[of] p2a: Charizard
|upkeep
|turn|2
|
|t:|1755104478
|move|p1a: Big Bird|Protect|p1a: Big Bird
|-singleturn|p1a: Big Bird|Protect
|move|p2b: Jumpluff|Sleep Powder|p1a: Big Bird
|-activate|p1a: Big Bird|move: Protect
|move|p2a: Charizard|Heat Wave|p1b: LeBron|[spread] p1b
|-activate|p1a: Big Bird|move: Protect
|-resisted|p1b: LeBron
|-damage|p1b: LeBron|50/100
|move|p1b: LeBron|Flare Blitz|p2a: Charizard
|-resisted|p2a: Charizard
|-damage|p2a: Charizard|30/100
|-damage|p1b: LeBron|34/100|[from] Recoil
|
|-weather|SunnyDay|[upkeep]
|-damage|p2a: Charizard|17/100|[from] ability: Solar Power|[of] p2a: Charizard
|upkeep
|turn|3
|
|t:|1755104499
|move|p2b: Jumpluff|Sleep Powder|p1a: Big Bird|[miss]
|-miss|p2b: Jumpluff|p1a: Big Bird
|move|p1a: Big Bird|Thunderbolt|p2a: Charizard
|-supereffective|p2a: Charizard
|-damage|p2a: Charizard|0 fnt
|faint|p2a: Charizard
|move|p1b: LeBron|Flare Blitz|p2b: Jumpluff
|-supereffective|p2b: Jumpluff
|-damage|p2b: Jumpluff|0 fnt
|faint|p2b: Jumpluff
|-damage|p1b: LeBron|16/100|[from] Recoil
|
|-weather|SunnyDay|[upkeep]
|upkeep
|
|t:|1755104507
|switch|p2b: Incineroar|Incineroar, L50, F|100/100
|switch|p2a: Ryo|Torkoal, L50, M|100/100
|-ability|p2b: Incineroar|Intimidate|boost
|-unboost|p1a: Big Bird|atk|1
|-ability|p1a: Big Bird|Competitive|boost
|-boost|p1a: Big Bird|spa|2
|-unboost|p1b: LeBron|atk|1
|turn|4
|
|t:|1755104517
|move|p1a: Big Bird|Protect|p1a: Big Bird
|-singleturn|p1a: Big Bird|Protect
|move|p2b: Incineroar|Fake Out|p1a: Big Bird
|-activate|p1a: Big Bird|move: Protect
|move|p1b: LeBron|Knock Off|p2a: Ryo
|-damage|p2a: Ryo|85/100
|move|p2a: Ryo|Eruption|p1a: Big Bird|[spread] p1b
|-activate|p1a: Big Bird|move: Protect
|-resisted|p1b: LeBron
|-damage|p1b: LeBron|0 fnt
|faint|p1b: LeBron
|
|-weather|SunnyDay|[upkeep]
|upkeep
|
|t:|1755104522
|switch|p1b: 뽀록나|Amoonguss, L50, F, shiny|100/100
|turn|5
|
|t:|1755104534
|-terastallize|p1b: 뽀록나|Psychic
|move|p1a: Big Bird|Thunderbolt|p2b: Incineroar
|-damage|p2b: Incineroar|23/100
|move|p2b: Incineroar|Flare Blitz|p1b: 뽀록나
|-damage|p1b: 뽀록나|31/100
|-enditem|p1b: 뽀록나|Sitrus Berry|[eat]
|-heal|p1b: 뽀록나|56/100|[from] item: Sitrus Berry
|-damage|p2b: Incineroar|0 fnt|[from] Recoil
|faint|p2b: Incineroar
|move|p1b: 뽀록나|Spore|p2a: Ryo
|-status|p2a: Ryo|slp|[from] move: Spore
|cant|p2a: Ryo|slp
|
|-weather|none
|upkeep
|turn|6
|-message|Bergmann VGC forfeited.
|
|win|Iceriderplayer370
|raw|Iceriderplayer370's rating: 1311 → 1328(+17 for winning)
|raw|Bergmann VGC's rating: 1263 → 1241(-22 for losing)
