|j|☆odio esta reg
|j|☆gingembre230197
|html|odio esta reggingembre230197    
|uhtml|bestof|Game 3 of a best-of-3
|t:|1785506333
|gametype|doubles
|player|p1|odio esta reg|101|1130
|player|p2|gingembre230197|266|1143
|gen|9
|tier|[Gen 9 Champions] VGC 2026 Reg M-B (Bo3)
|rated|
|rule|Species Clause: Limit one of each Pokémon
|rule|Item Clause: Limit 1 of each item
|clearpoke
|poke|p1|Charizard, L50, M|
|poke|p1|Garchomp, L50, F|
|poke|p1|Incineroar, L50, M|
|poke|p1|Venusaur, L50, M|
|poke|p1|Toxapex, L50, F|
|poke|p1|Sylveon, L50, M|
|poke|p2|Charizard, L50, F, shiny|
|poke|p2|Toxapex, L50, M, shiny|
|poke|p2|Incineroar, L50, M, shiny|
|poke|p2|Whimsicott, L50, F, shiny|
|poke|p2|Basculegion, L50, M, shiny|
|poke|p2|Garchomp, L50, M, shiny|
|teampreview|4
|showteam|p1|Charizard||CharizarditeY|SolarPower|WeatherBall,HeatWave,AncientPower,Protect|Modest||M|||50|]Garchomp||ChoiceScarf|RoughSkin|RockSlide,DragonClaw,Earthquake,StompingTantrum|Adamant||F|||50|]Incineroar||SitrusBerry|Intimidate|FlareBlitz,FakeOut,DarkestLariat,PartingShot|Impish||M|||50|]Venusaur||LifeOrb|Chlorophyll|SludgeBomb,LeafStorm,EarthPower,Protect|Modest||M|||50|]Toxapex||Leftovers|Regenerator|Infestation,Toxic,WideGuard,BanefulBunker|Bold||F|||50|]Sylveon||FairyFeather|Pixilate|HyperVoice,QuickAttack,Yawn,Detect|Modest||M|||50|
|showteam|p2|Charizard||CharizarditeY|Blaze|Protect,SolarBeam,HeatWave,WeatherBall|Timid||F|||50|]Toxapex||Leftovers|Regenerator|Toxic,BanefulBunker,Infestation,WideGuard|Calm||M|||50|]Incineroar||SitrusBerry|Intimidate|FakeOut,DarkestLariat,PartingShot,FlareBlitz|Careful||M|||50|]Whimsicott||FocusSash|Prankster|Tailwind,Encore,Moonblast,HelpingHand|Timid||F|||50|]Basculegion||ChoiceScarf|Adaptability|AquaJet,WaveCrash,FlipTurn,LastRespects|Adamant||M|||50|]Garchomp||Garchompite|RoughSkin|DragonClaw,Earthquake,RockSlide,Protect|Jolly||M|||50|
|inactive|Battle timer is ON: inactive players will automatically lose when time's up. (requested by odio esta reg)
|
|t:|1785506364
|teamsize|p1|4
|teamsize|p2|4
|start
|switch|p1a: Charizard|Charizard, L50, M|100/100
|switch|p1b: Venusaur|Venusaur, L50, M|100/100
|switch|p2a: Toxapex|Toxapex, L50, M, shiny|100/100
|switch|p2b: big fish|Basculegion, L50, M, shiny|100/100
|turn|1
|inactive|odio esta reg has 30 seconds left.
|inactive|odio esta reg has 20 seconds left.
|inactive|odio esta reg has 15 seconds left.
|
|t:|1785506406
|detailschange|p1a: Charizard|Charizard-Mega-Y, L50, M
|-mega|p1a: Charizard|Charizard|Charizardite Y
|-weather|SunnyDay|[from] ability: Drought|[of] p1a: Charizard
|move|p2a: Toxapex|Baneful Bunker|p2a: Toxapex
|-singleturn|p2a: Toxapex|move: Protect
|move|p1b: Venusaur|Leaf Storm|p2b: big fish
|-supereffective|p2b: big fish|1
|-damage|p2b: big fish|0 fnt
|-unboost|p1b: Venusaur|spa|2
|faint|p2b: big fish
|-damage|p1b: Venusaur|90/100|[from] item: Life Orb
|move|p1a: Charizard|Ancient Power|p2a: Toxapex
|-activate|p2a: Toxapex|move: Protect
|
|-weather|SunnyDay|[upkeep]
|upkeep
|
|t:|1785506420
|switch|p2b: pitch black|Garchomp, L50, M, shiny|100/100
|turn|2
|
|t:|1785506438
|switch|p1b: Incineroar|Incineroar, L50, M|100/100
|-ability|p1b: Incineroar|Intimidate|boost
|-unboost|p2a: Toxapex|atk|1
|-unboost|p2b: pitch black|atk|1
|detailschange|p2b: pitch black|Garchomp-Mega, L50, M, shiny
|-mega|p2b: pitch black|Garchomp|Garchompite
|move|p1a: Charizard|Protect|p1a: Charizard
|-singleturn|p1a: Charizard|Protect
|move|p2b: pitch black|Rock Slide|p1b: Incineroar|[spread] p1b
|-activate|p1a: Charizard|move: Protect
|-supereffective|p1b: Incineroar|1
|-damage|p1b: Incineroar|77/100
|move|p2a: Toxapex|Infestation|p1b: Incineroar
|-damage|p1b: Incineroar|74/100
|-activate|p1b: Incineroar|move: Infestation|[of] p2a: Toxapex
|
|-weather|SunnyDay|[upkeep]
|-damage|p1b: Incineroar|61/100|[from] move: Infestation|[partiallytrapped]
|upkeep
|turn|3
|inactive|odio esta reg has 30 seconds left.
|
|t:|1785506466
|switch|p1a: Garchomp|Garchomp, L50, F|100/100
|move|p2b: pitch black|Protect|p2b: pitch black
|-singleturn|p2b: pitch black|Protect
|move|p2a: Toxapex|Baneful Bunker|p2a: Toxapex
|-singleturn|p2a: Toxapex|move: Protect
|move|p1b: Incineroar|Parting Shot|p2a: Toxapex
|-activate|p2a: Toxapex|move: Protect
|
|-weather|SunnyDay|[upkeep]
|-damage|p1b: Incineroar|49/100|[from] move: Infestation|[partiallytrapped]
|upkeep
|-enditem|p1b: Incineroar|Sitrus Berry|[eat]
|-heal|p1b: Incineroar|74/100|[from] item: Sitrus Berry
|turn|4
|
|t:|1785506483
|switch|p2b: too fast|Whimsicott, L50, F, shiny|100/100
|move|p1a: Garchomp|Dragon Claw|p2b: too fast
|-immune|p2b: too fast
|move|p1b: Incineroar|Darkest Lariat|p2b: too fast
|-resisted|p2b: too fast|1
|-damage|p2b: too fast|75/100
|move|p2a: Toxapex|Toxic|p1b: Incineroar
|-status|p1b: Incineroar|tox
|
|-weather|SunnyDay|[upkeep]
|-damage|p1b: Incineroar|68/100 tox|[from] psn
|-damage|p1b: Incineroar|55/100 tox|[from] move: Infestation|[partiallytrapped]
|upkeep
|turn|5
|
|t:|1785506501
|switch|p1a: Venusaur|Venusaur, L50, M|90/100
|move|p2a: Toxapex|Baneful Bunker|p2a: Toxapex
|-singleturn|p2a: Toxapex|move: Protect
|move|p2b: too fast|Moonblast|p1a: Venusaur
|-resisted|p1a: Venusaur|1
|-damage|p1a: Venusaur|71/100
|-unboost|p1a: Venusaur|spa|1
|move|p1b: Incineroar|Flare Blitz|p2b: too fast
|-supereffective|p2b: too fast|1
|-damage|p2b: too fast|0 fnt
|faint|p2b: too fast
|-damage|p1b: Incineroar|39/100 tox|[from] Recoil
|
|-weather|none
|-damage|p1b: Incineroar|27/100 tox|[from] psn
|-damage|p1b: Incineroar|14/100 tox|[from] move: Infestation|[partiallytrapped]
|upkeep
|
|t:|1785506517
|switch|p2b: pitch black|Garchomp-Mega, L50, M, shiny|100/100
|turn|6
|inactive|odio esta reg has 30 seconds left.
|inactive|odio esta reg has 20 seconds left.
|inactive|odio esta reg has 15 seconds left.
|inactive|odio esta reg has 10 seconds left.
|inactive|odio esta reg has 5 seconds left.
|
|t:|1785506570
|switch|p1a: Garchomp|Garchomp, L50, F|100/100
|move|p2b: pitch black|Dragon Claw|p1a: Garchomp
|-supereffective|p1a: Garchomp|1
|-damage|p1a: Garchomp|1/100
|-damage|p2b: pitch black|87/100|[from] ability: Rough Skin|[of] p1a: Garchomp
|move|p1b: Incineroar|Parting Shot|p2b: pitch black
|-unboost|p2b: pitch black|atk|1
|-unboost|p2b: pitch black|spa|1
|
|t:|1785506579
|switch|p1b: Charizard|Charizard-Mega-Y, L50, M|100/100|[from] Parting Shot
|-weather|SunnyDay|[from] ability: Drought|[of] p1b: Charizard
|move|p2a: Toxapex|Infestation|p1a: Garchomp
|-damage|p1a: Garchomp|0 fnt
|-damage|p2a: Toxapex|88/100|[from] ability: Rough Skin|[of] p1a: Garchomp
|faint|p1a: Garchomp
|
|-weather|SunnyDay|[upkeep]
|-heal|p2a: Toxapex|93/100|[from] item: Leftovers
|upkeep
|
|t:|1785506590
|switch|p1a: Incineroar|Incineroar, L50, M|14/100 tox
|-ability|p1a: Incineroar|Intimidate|boost
|-unboost|p2a: Toxapex|atk|1
|-unboost|p2b: pitch black|atk|1
|turn|7
|
|t:|1785506602
|move|p1a: Incineroar|Fake Out|p2b: pitch black
|-damage|p2b: pitch black|78/100
|cant|p2b: pitch black|flinch
|move|p1b: Charizard|Weather Ball|p2a: Toxapex
|-resisted|p2a: Toxapex|1
|-damage|p2a: Toxapex|59/100
|move|p2a: Toxapex|Toxic|p1b: Charizard
|-status|p1b: Charizard|tox
|
|-weather|SunnyDay|[upkeep]
|-heal|p2a: Toxapex|64/100|[from] item: Leftovers
|-damage|p1b: Charizard|94/100 tox|[from] psn
|-damage|p1a: Incineroar|8/100 tox|[from] psn
|upkeep
|turn|8
|
|t:|1785506623
|move|p2a: Toxapex|Baneful Bunker|p2a: Toxapex
|-singleturn|p2a: Toxapex|move: Protect
|move|p2b: pitch black|Rock Slide|p1a: Incineroar|[spread] p1a,p1b
|-supereffective|p1a: Incineroar|1
|-supereffective|p1b: Charizard|2
|-damage|p1a: Incineroar|0 fnt
|-damage|p1b: Charizard|48/100 tox
|faint|p1a: Incineroar
|cant|p1b: Charizard|flinch
|
|-weather|SunnyDay|[upkeep]
|-heal|p2a: Toxapex|70/100|[from] item: Leftovers
|-damage|p1b: Charizard|36/100 tox|[from] psn
|upkeep
|
|t:|1785506630
|switch|p1a: Venusaur|Venusaur, L50, M|71/100
|turn|9
|
|t:|1785506647
|move|p1a: Venusaur|Leaf Storm|p2b: pitch black
|-damage|p2b: pitch black|0 fnt
|-unboost|p1a: Venusaur|spa|2
|faint|p2b: pitch black
|-damage|p1a: Venusaur|62/100|[from] item: Life Orb
|move|p1b: Charizard|Weather Ball|p2a: Toxapex
|-resisted|p2a: Toxapex|1
|-damage|p2a: Toxapex|36/100
|move|p2a: Toxapex|Infestation|p1a: Venusaur
|-damage|p1a: Venusaur|58/100
|-activate|p1a: Venusaur|move: Infestation|[of] p2a: Toxapex
|
|-weather|SunnyDay|[upkeep]
|-heal|p2a: Toxapex|41/100|[from] item: Leftovers
|-damage|p1b: Charizard|18/100 tox|[from] psn
|-damage|p1a: Venusaur|46/100|[from] move: Infestation|[partiallytrapped]
|upkeep
|turn|10
|
|t:|1785506667
|move|p2a: Toxapex|Baneful Bunker|p2a: Toxapex
|-singleturn|p2a: Toxapex|move: Protect
|move|p1a: Venusaur|Earth Power|p2a: Toxapex
|-activate|p2a: Toxapex|move: Protect
|move|p1b: Charizard|Weather Ball|p2a: Toxapex
|-activate|p2a: Toxapex|move: Protect
|
|-weather|none
|-heal|p2a: Toxapex|47/100|[from] item: Leftovers
|-damage|p1b: Charizard|0 fnt|[from] psn
|faint|p1b: Charizard
|-damage|p1a: Venusaur|34/100|[from] move: Infestation|[partiallytrapped]
|upkeep
|turn|11
|
|t:|1785506689
|move|p1a: Venusaur|Earth Power|p2a: Toxapex
|-supereffective|p2a: Toxapex|1
|-damage|p2a: Toxapex|16/100
|-damage|p1a: Venusaur|25/100|[from] item: Life Orb
|move|p2a: Toxapex|Infestation|p1a: Venusaur
|-damage|p1a: Venusaur|21/100
|
|-heal|p2a: Toxapex|22/100|[from] item: Leftovers
|-damage|p1a: Venusaur|9/100|[from] move: Infestation|[partiallytrapped]
|upkeep
|turn|12
|
|t:|1785506699
|move|p2a: Toxapex|Baneful Bunker|p2a: Toxapex
|-singleturn|p2a: Toxapex|move: Protect
|move|p1a: Venusaur|Earth Power|p2a: Toxapex
|-activate|p2a: Toxapex|move: Protect
|
|-heal|p2a: Toxapex|27/100|[from] item: Leftovers
|-damage|p1a: Venusaur|0 fnt|[from] move: Infestation|[partiallytrapped]
|faint|p1a: Venusaur
|
|win|gingembre230197
|raw|odio esta reg's rating: 1130 → 1106(-24 for losing)
|raw|gingembre230197's rating: 1143 → 1167(+24 for winning)
