|j|☆chaoticfarmer
|j|☆emptinessmach
|html|chaoticfarmeremptinessmach    
|uhtml|bestof|Game 1 of a best-of-3
|t:|1757121220
|gametype|doubles
|player|p1|chaoticfarmer|norman|1215
|player|p2|emptinessmach|red|1097
|gen|9
|tier|[Gen 9] VGC 2025 Reg H (Bo3)
|rated|
|rule|Species Clause: Limit one of each Pokémon
|rule|Item Clause: Limit 1 of each item
|clearpoke
|poke|p1|Rillaboom, L50, F|
|poke|p1|Pelipper, L50, F|
|poke|p1|Sneasler, L50, M|
|poke|p1|Cetitan, L50, F|
|poke|p1|Malamar, L50, M|
|poke|p1|Ursaluna-Bloodmoon, L50, M|
|poke|p2|Porygon2, L50|
|poke|p2|Incineroar, L50, F|
|poke|p2|Sneasler, L50, M|
|poke|p2|Amoonguss, L50, F|
|poke|p2|Gholdengo, L50|
|poke|p2|Garchomp, L50, M|
|teampreview|4
|showteam|p1|Rillaboom||AssaultVest|GrassySurge|FakeOut,GrassyGlide,WoodHammer,Uturn|||F|||50|,,,,,Fire]Pelipper||FocusSash|Drizzle|Tailwind,Hurricane,Protect,WeatherBall|||F|||50|,,,,,Fairy]Sneasler||GrassySeed|Unburden|CloseCombat,DireClaw,ThroatChop,Protect|||M|||50|,,,,,Dark]Cetitan||LifeOrb|SheerForce|IcicleCrash,Liquidation,IceShard,Protect|||F|||50|,,,,,Water]Malamar||CovertCloak|Contrary|TopsyTurvy,KnockOff,Superpower,TrickRoom|||M|||50|,,,,,Steel]Ursaluna-Bloodmoon||SilkScarf|MindsEye|BloodMoon,HyperVoice,EarthPower,Protect|||M|||50|,,,,,Ghost
|showteam|p2|Porygon2||Eviolite|Download|TeraBlast,IceBeam,Recover,TrickRoom||||||50|,,,,,Ground]Incineroar||SafetyGoggles|Intimidate|FlareBlitz,KnockOff,FakeOut,PartingShot|||F|||50|,,,,,Ghost]Sneasler||FocusSash|PoisonTouch|DireClaw,CloseCombat,Coaching,Protect|||M|||50|,,,,,Flying]Amoonguss||SitrusBerry|Regenerator|Spore,RagePowder,Protect,PollenPuff|||F|||50|,,,,,Fairy]Gholdengo||LifeOrb|GoodasGold|Protect,NastyPlot,MakeItRain,ShadowBall||||||50|,,,,,Water]Garchomp||ClearAmulet|RoughSkin|Earthquake,Protect,StompingTantrum,DragonClaw|||M|||50|,,,,,Water
|inactive|Battle timer is ON: inactive players will automatically lose when time's up. (requested by chaoticfarmer)
|inactive|chaoticfarmer has 60 seconds left.
|inactive|emptinessmach has 60 seconds left.
|
|t:|1757121268
|teamsize|p1|4
|teamsize|p2|4
|start
|switch|p1a: Rillaboom|Rillaboom, L50, F|100/100
|switch|p1b: Malamar|Malamar, L50, M|100/100
|switch|p2a: Sneasler|Sneasler, L50, M|100/100
|switch|p2b: Gholdengo|Gholdengo, L50|100/100
|-fieldstart|move: Grassy Terrain|[from] ability: Grassy Surge|[of] p1a: Rillaboom
|turn|1
|inactive|emptinessmach has 30 seconds left.
|
|t:|1757121295
|switch|p2b: Porygon2|Porygon2, L50|100/100
|-ability|p2b: Porygon2|Download|boost
|-boost|p2b: Porygon2|spa|1
|move|p2a: Sneasler|Protect|p2a: Sneasler
|-singleturn|p2a: Sneasler|Protect
|move|p1a: Rillaboom|Fake Out|p2a: Sneasler
|-activate|p2a: Sneasler|move: Protect
|move|p1b: Malamar|Trick Room|p1b: Malamar
|-fieldstart|move: Trick Room|[of] p1b: Malamar
|
|upkeep
|turn|2
|
|t:|1757121318
|switch|p2a: Amoonguss|Amoonguss, L50, F|100/100
|move|p2b: Porygon2|Ice Beam|p1a: Rillaboom
|-supereffective|p1a: Rillaboom
|-damage|p1a: Rillaboom|45/100
|move|p1b: Malamar|Superpower|p2b: Porygon2
|-supereffective|p2b: Porygon2
|-damage|p2b: Porygon2|61/100
|-boost|p1b: Malamar|atk|1
|-boost|p1b: Malamar|def|1
|move|p1a: Rillaboom|Wood Hammer|p2a: Amoonguss
|-resisted|p2a: Amoonguss
|-damage|p2a: Amoonguss|85/100
|-damage|p1a: Rillaboom|40/100|[from] Recoil
|
|-heal|p2a: Amoonguss|91/100|[from] Grassy Terrain
|-heal|p2b: Porygon2|67/100|[from] Grassy Terrain
|-heal|p1a: Rillaboom|45/100|[from] Grassy Terrain
|upkeep
|turn|3
|inactive|chaoticfarmer has 30 seconds left.
|inactive|emptinessmach has 30 seconds left.
|inactive|chaoticfarmer has 20 seconds left.
|
|t:|1757121354
|switch|p1a: Cetitan|Cetitan, L50, F|100/100
|move|p2a: Amoonguss|Spore|p1b: Malamar
|-status|p1b: Malamar|slp|[from] move: Spore
|move|p2b: Porygon2|Ice Beam|p1a: Cetitan
|-resisted|p1a: Cetitan
|-damage|p1a: Cetitan|83/100
|cant|p1b: Malamar|slp
|
|-heal|p2a: Amoonguss|97/100|[from] Grassy Terrain
|-heal|p2b: Porygon2|73/100|[from] Grassy Terrain
|-heal|p1a: Cetitan|90/100|[from] Grassy Terrain
|upkeep
|turn|4
|
|t:|1757121378
|switch|p2a: Gholdengo|Gholdengo, L50|100/100
|move|p2b: Porygon2|Tera Blast|p1a: Cetitan
|-damage|p1a: Cetitan|43/100
|cant|p1b: Malamar|slp
|move|p1a: Cetitan|Icicle Crash|p2a: Gholdengo
|-resisted|p2a: Gholdengo
|-damage|p2a: Gholdengo|71/100
|
|-heal|p2b: Porygon2|80/100|[from] Grassy Terrain
|-heal|p1a: Cetitan|49/100|[from] Grassy Terrain
|-heal|p2a: Gholdengo|77/100|[from] Grassy Terrain
|upkeep
|turn|5
|inactive|chaoticfarmer has 30 seconds left.
|
|t:|1757121410
|move|p2b: Porygon2|Tera Blast|p1a: Cetitan
|-damage|p1a: Cetitan|0 fnt
|faint|p1a: Cetitan
|-curestatus|p1b: Malamar|slp|[msg]
|move|p1b: Malamar|Knock Off|p2b: Porygon2
|-damage|p2b: Porygon2|48/100
|-enditem|p2b: Porygon2|Eviolite|[from] move: Knock Off|[of] p1b: Malamar
|move|p2a: Gholdengo|Make It Rain|p1b: Malamar
|-damage|p1b: Malamar|16/100
|-unboost|p2a: Gholdengo|spa|1
|-damage|p2a: Gholdengo|68/100|[from] item: Life Orb
|
|-heal|p2b: Porygon2|54/100|[from] Grassy Terrain
|-heal|p1b: Malamar|22/100|[from] Grassy Terrain
|-heal|p2a: Gholdengo|74/100|[from] Grassy Terrain
|-fieldend|move: Trick Room
|-fieldend|move: Grassy Terrain
|upkeep
|
|t:|1757121419
|switch|p1a: Rillaboom|Rillaboom, L50, F|45/100
|-fieldstart|move: Grassy Terrain|[from] ability: Grassy Surge|[of] p1a: Rillaboom
|turn|6
|
|t:|1757121436
|switch|p2b: Amoonguss|Amoonguss, L50, F|100/100
|-terastallize|p1b: Malamar|Steel
|move|p2a: Gholdengo|Protect|p2a: Gholdengo
|-singleturn|p2a: Gholdengo|Protect
|move|p1a: Rillaboom|Fake Out|p2b: Amoonguss
|-damage|p2b: Amoonguss|88/100
|move|p1b: Malamar|Knock Off|p2a: Gholdengo
|-activate|p2a: Gholdengo|move: Protect
|
|-heal|p2a: Gholdengo|79/100|[from] Grassy Terrain
|-heal|p1a: Rillaboom|51/100|[from] Grassy Terrain
|-heal|p1b: Malamar|28/100|[from] Grassy Terrain
|-heal|p2b: Amoonguss|94/100|[from] Grassy Terrain
|upkeep
|turn|7
|
|t:|1757121453
|switch|p2a: Porygon2|Porygon2, L50|54/100
|-ability|p2a: Porygon2|Download|boost
|-boost|p2a: Porygon2|spa|1
|move|p1a: Rillaboom|U-turn|p2b: Amoonguss
|-damage|p2b: Amoonguss|74/100
|
|t:|1757121460
|switch|p1a: Ursaluna|Ursaluna-Bloodmoon, L50, M|100/100|[from] U-turn
|move|p1b: Malamar|Knock Off|p2b: Amoonguss
|-damage|p2b: Amoonguss|23/100
|-enditem|p2b: Amoonguss|Sitrus Berry|[from] move: Knock Off|[of] p1b: Malamar
|move|p2b: Amoonguss|Spore|p1b: Malamar
|-status|p1b: Malamar|slp|[from] move: Spore
|
|-heal|p1b: Malamar|33/100 slp|[from] Grassy Terrain
|-heal|p2a: Porygon2|60/100|[from] Grassy Terrain
|-heal|p2b: Amoonguss|29/100|[from] Grassy Terrain
|upkeep
|turn|8
|
|t:|1757121477
|move|p2b: Amoonguss|Protect|p2b: Amoonguss
|-singleturn|p2b: Amoonguss|Protect
|cant|p1b: Malamar|slp
|move|p1a: Ursaluna|Hyper Voice|p2a: Porygon2|[spread] p2a
|-activate|p2b: Amoonguss|move: Protect
|-damage|p2a: Porygon2|18/100
|move|p2a: Porygon2|Trick Room|p2a: Porygon2
|-fieldstart|move: Trick Room|[of] p2a: Porygon2
|
|-heal|p2b: Amoonguss|35/100|[from] Grassy Terrain
|-heal|p2a: Porygon2|24/100|[from] Grassy Terrain
|-heal|p1b: Malamar|39/100 slp|[from] Grassy Terrain
|upkeep
|turn|9
|
|t:|1757121496
|move|p1a: Ursaluna|Protect|p1a: Ursaluna
|-singleturn|p1a: Ursaluna|Protect
|move|p2b: Amoonguss|Spore|p1a: Ursaluna
|-activate|p1a: Ursaluna|move: Protect
|move|p2a: Porygon2|Ice Beam|p1a: Ursaluna
|-activate|p1a: Ursaluna|move: Protect
|cant|p1b: Malamar|slp
|
|-heal|p2b: Amoonguss|41/100|[from] Grassy Terrain
|-heal|p2a: Porygon2|31/100|[from] Grassy Terrain
|-heal|p1b: Malamar|45/100 slp|[from] Grassy Terrain
|upkeep
|turn|10
|
|t:|1757121510
|switch|p1a: Rillaboom|Rillaboom, L50, F|51/100
|move|p2b: Amoonguss|Spore|p1a: Rillaboom
|-immune|p1a: Rillaboom
|move|p2a: Porygon2|Recover|p2a: Porygon2
|-heal|p2a: Porygon2|81/100
|cant|p1b: Malamar|slp
|
|-heal|p2b: Amoonguss|47/100|[from] Grassy Terrain
|-heal|p2a: Porygon2|87/100|[from] Grassy Terrain
|-heal|p1b: Malamar|51/100 slp|[from] Grassy Terrain
|-heal|p1a: Rillaboom|57/100|[from] Grassy Terrain
|-fieldend|move: Grassy Terrain
|upkeep
|turn|11
|
|t:|1757121529
|switch|p2a: Gholdengo|Gholdengo, L50|79/100
|move|p1a: Rillaboom|Fake Out|p2a: Gholdengo
|-immune|p2a: Gholdengo
|move|p2b: Amoonguss|Pollen Puff|p1a: Rillaboom
|-supereffective|p1a: Rillaboom
|-damage|p1a: Rillaboom|31/100
|-curestatus|p1b: Malamar|slp|[msg]
|move|p1b: Malamar|Trick Room|p1b: Malamar
|-fieldend|move: Trick Room
|
|upkeep
|turn|12
|
|t:|1757121550
|switch|p2b: Porygon2|Porygon2, L50|87/100
|-ability|p2b: Porygon2|Download|boost
|-boost|p2b: Porygon2|spa|1
|move|p2a: Gholdengo|Shadow Ball|p1b: Malamar
|-damage|p1b: Malamar|0 fnt
|faint|p1b: Malamar
|-damage|p2a: Gholdengo|70/100|[from] item: Life Orb
|move|p1a: Rillaboom|U-turn|p2b: Porygon2
|-damage|p2b: Porygon2|64/100
|
|t:|1757121560
|switch|p1a: Ursaluna|Ursaluna-Bloodmoon, L50, M|100/100|[from] U-turn
|
|upkeep
|
|t:|1757121563
|switch|p1b: Rillaboom|Rillaboom, L50, F|31/100
|-fieldstart|move: Grassy Terrain|[from] ability: Grassy Surge|[of] p1b: Rillaboom
|turn|13
|
|t:|1757121579
|-terastallize|p2a: Gholdengo|Water
|move|p1b: Rillaboom|Fake Out|p2b: Porygon2
|-damage|p2b: Porygon2|50/100
|move|p2a: Gholdengo|Nasty Plot|p2a: Gholdengo
|-boost|p2a: Gholdengo|spa|2
|move|p1a: Ursaluna|Earth Power|p2a: Gholdengo
|-damage|p2a: Gholdengo|17/100
|cant|p2b: Porygon2|flinch
|
|-heal|p2a: Gholdengo|23/100|[from] Grassy Terrain
|-heal|p1b: Rillaboom|36/100|[from] Grassy Terrain
|-heal|p2b: Porygon2|56/100|[from] Grassy Terrain
|upkeep
|turn|14
|
|t:|1757121592
|move|p2a: Gholdengo|Protect|p2a: Gholdengo
|-singleturn|p2a: Gholdengo|Protect
|move|p1b: Rillaboom|Grassy Glide|p2a: Gholdengo
|-activate|p2a: Gholdengo|move: Protect
|move|p1a: Ursaluna|Blood Moon|p2b: Porygon2
|-damage|p2b: Porygon2|0 fnt
|faint|p2b: Porygon2
|
|-heal|p2a: Gholdengo|29/100|[from] Grassy Terrain
|-heal|p1b: Rillaboom|42/100|[from] Grassy Terrain
|upkeep
|
|t:|1757121596
|switch|p2b: Sneasler|Sneasler, L50, M|100/100
|turn|15
|
|t:|1757121617
|move|p1b: Rillaboom|Grassy Glide|p2b: Sneasler
|-resisted|p2b: Sneasler
|-damage|p2b: Sneasler|68/100
|move|p2b: Sneasler|Close Combat|p1a: Ursaluna
|-supereffective|p1a: Ursaluna
|-damage|p1a: Ursaluna|4/100
|-unboost|p2b: Sneasler|def|1
|-unboost|p2b: Sneasler|spd|1
|-status|p1a: Ursaluna|psn|[from] ability: Poison Touch|[of] p2b: Sneasler
|move|p2a: Gholdengo|Make It Rain|p1b: Rillaboom|[spread] p1a,p1b
|-damage|p1a: Ursaluna|0 fnt
|-damage|p1b: Rillaboom|0 fnt
|-unboost|p2a: Gholdengo|spa|1
|faint|p1a: Ursaluna
|faint|p1b: Rillaboom
|-damage|p2a: Gholdengo|20/100|[from] item: Life Orb
|
|win|emptinessmach
||emptinessmach is ready for game 2.
||chaoticfarmer is ready for game 2.
|uhtml|next|Next: Game 2 of 3
|l|☆chaoticfarmer
|player|p1|
