|j|☆ilikemurkrow
|j|☆standardamerican
|html|ilikemurkrowstandardamerican    
|uhtml|bestof|Game 1 of a best-of-3
|t:|1784887542
|gametype|doubles
|player|p1|ilikemurkrow|unknown|1086
|player|p2|standardamerican|170|1297
|gen|9
|tier|[Gen 9 Champions] VGC 2026 Reg M-B (Bo3)
|rated|
|rule|Species Clause: Limit one of each Pokémon
|rule|Item Clause: Limit 1 of each item
|clearpoke
|poke|p1|Aerodactyl, L50, F|
|poke|p1|Gholdengo, L50|
|poke|p1|Whimsicott, L50, M|
|poke|p1|Staraptor, L50, M|
|poke|p1|Rotom-Wash, L50|
|poke|p1|Delphox, L50, F|
|poke|p2|Sinistcha, L50|
|poke|p2|Incineroar, L50, M|
|poke|p2|Milotic, L50, F|
|poke|p2|Raichu, L50, M|
|poke|p2|Gardevoir, L50, M|
|poke|p2|Ceruledge, L50, F|
|teampreview|4
|showteam|p1|Aerodactyl||HardStone|Pressure|RockSlide,DualWingbeat,Protect,Tailwind|Jolly||F|||50|]Gholdengo||MetalCoat|GoodasGold|MakeItRain,ShadowBall,NastyPlot,Protect|Timid|||||50|]Whimsicott||FocusSash|Prankster|Moonblast,Tailwind,Charm,Protect|Bold||M|||50|]Staraptor||Staraptite|Intimidate|BraveBird,CloseCombat,Roost,Protect|Adamant||M|||50|]Rotom-Wash||SitrusBerry|Levitate|Thunderbolt,VoltSwitch,HydroPump,WillOWisp|Timid|||||50|]Delphox||Delphoxite|Blaze|HeatWave,Psyshock,GrassKnot,Protect|Timid||F|||50|
|showteam|p2|Sinistcha||KasibBerry|Hospitality|MatchaGotcha,TrickRoom,RagePowder,Protect|Bold|||||50|]Incineroar||SitrusBerry|Intimidate|FlareBlitz,DarkestLariat,FakeOut,PartingShot|Careful||M|||50|]Milotic||Leftovers|Competitive|MuddyWater,Coil,Hypnosis,Protect|Calm||F|||50|]Raichu||RaichuniteY|LightningRod|ZapCannon,FocusBlast,FakeOut,Protect|Timid||M|||50|]Gardevoir||Gardevoirite|Trace|HyperVoice,Psyshock,TrickRoom,Protect|Modest||M|||50|]Ceruledge||ColburBerry|FlashFire|BitterBlade,ShadowSneak,BulkUp,Protect|Adamant||F|||50|
|
|t:|1784887594
|teamsize|p1|4
|teamsize|p2|4
|start
|switch|p1a: Staraptor|Staraptor, L50, M|100/100
|switch|p1b: Whimsicott|Whimsicott, L50, M|100/100
|switch|p2a: Milotic|Milotic, L50, F|100/100
|switch|p2b: Incineroar|Incineroar, L50, M|100/100
|-ability|p1a: Staraptor|Intimidate|boost
|-unboost|p2a: Milotic|atk|1
|-ability|p2a: Milotic|Competitive|boost
|-boost|p2a: Milotic|spa|2
|-unboost|p2b: Incineroar|atk|1
|-ability|p2b: Incineroar|Intimidate|boost
|-unboost|p1a: Staraptor|atk|1
|-unboost|p1b: Whimsicott|atk|1
|turn|1
|
|t:|1784887622
|detailschange|p1a: Staraptor|Staraptor-Mega, L50, M
|-mega|p1a: Staraptor|Staraptor|Staraptite
|move|p1a: Staraptor|Protect|p1a: Staraptor
|-singleturn|p1a: Staraptor|Protect
|move|p2b: Incineroar|Fake Out|p1b: Whimsicott
|-damage|p1b: Whimsicott|94/100
|cant|p1b: Whimsicott|flinch
|move|p2a: Milotic|Coil|p2a: Milotic
|-boost|p2a: Milotic|atk|1
|-boost|p2a: Milotic|def|1
|-boost|p2a: Milotic|accuracy|1
|
|upkeep
|turn|2
|
|t:|1784887642
|move|p1b: Whimsicott|Charm|p1a: Staraptor
|-boost|p1a: Staraptor|atk|2
|move|p1a: Staraptor|Close Combat|p2b: Incineroar
|-supereffective|p2b: Incineroar|1
|-damage|p2b: Incineroar|0 fnt
|-boost|p1a: Staraptor|def|1
|-boost|p1a: Staraptor|spd|1
|faint|p2b: Incineroar
|move|p2a: Milotic|Hypnosis|p1a: Staraptor
|-status|p1a: Staraptor|slp|[from] move: Hypnosis
|
|upkeep
|
|t:|1784887651
|switch|p2b: Raichu|Raichu, L50, M|100/100
|turn|3
|
|t:|1784887674
|switch|p1a: Rotom|Rotom-Wash, L50|100/100
|detailschange|p2b: Raichu|Raichu-Mega-Y, L50, M
|-mega|p2b: Raichu|Raichu|Raichunite Y
|move|p1b: Whimsicott|Tailwind|p1b: Whimsicott
|-sidestart|p1: ilikemurkrow|move: Tailwind
|move|p2b: Raichu|Zap Cannon|p1a: Rotom
|-damage|p1a: Rotom|18/100
|-enditem|p1a: Rotom|Sitrus Berry|[eat]
|-heal|p1a: Rotom|43/100|[from] item: Sitrus Berry
|move|p2a: Milotic|Muddy Water|p1b: Whimsicott|[spread] p1a,p1b
|-resisted|p1a: Rotom|1
|-resisted|p1b: Whimsicott|1
|-damage|p1a: Rotom|14/100
|-damage|p1b: Whimsicott|61/100
|-unboost|p1a: Rotom|accuracy|1
|
|upkeep
|turn|4
|
|t:|1784887698
|move|p2a: Milotic|Protect|p2a: Milotic
|-singleturn|p2a: Milotic|Protect
|move|p1a: Rotom|Hydro Pump|p2b: Raichu
|-crit|p2b: Raichu
|-damage|p2b: Raichu|0 fnt
|faint|p2b: Raichu
|move|p1b: Whimsicott|Moonblast|p2a: Milotic
|-activate|p2a: Milotic|move: Protect
|
|upkeep
|
|t:|1784887706
|switch|p2b: Ceruledge|Ceruledge, L50, F|100/100
|turn|5
|
|t:|1784887723
|move|p1a: Rotom|Hydro Pump|p2b: Ceruledge
|-supereffective|p2b: Ceruledge|1
|-damage|p2b: Ceruledge|0 fnt
|faint|p2b: Ceruledge
|move|p1b: Whimsicott|Moonblast|p2a: Milotic
|-damage|p2a: Milotic|80/100
|-unboost|p2a: Milotic|spa|1
|-ability|p2a: Milotic|Competitive|boost
|-boost|p2a: Milotic|spa|2
|move|p2a: Milotic|Muddy Water|p1a: Rotom|[spread] p1a,p1b
|-resisted|p1a: Rotom|1
|-resisted|p1b: Whimsicott|1
|-damage|p1a: Rotom|0 fnt
|-damage|p1b: Whimsicott|23/100
|faint|p1a: Rotom
|
|-heal|p2a: Milotic|86/100|[from] item: Leftovers
|upkeep
|
|t:|1784887739
|switch|p1a: Staraptor|Staraptor-Mega, L50, M|100/100 slp
|turn|6
|
|t:|1784887748
|move|p1b: Whimsicott|Protect|p1b: Whimsicott
|-singleturn|p1b: Whimsicott|Protect
|cant|p1a: Staraptor|slp
|move|p2a: Milotic|Muddy Water|p1b: Whimsicott|[spread] p1a
|-activate|p1b: Whimsicott|move: Protect
|-damage|p1a: Staraptor|43/100 slp
|
|-heal|p2a: Milotic|92/100|[from] item: Leftovers
|-sideend|p1: ilikemurkrow|move: Tailwind
|upkeep
|turn|7
|
|t:|1784887764
|move|p1b: Whimsicott|Charm|p1a: Staraptor
|-boost|p1a: Staraptor|atk|2
|cant|p1a: Staraptor|slp
|move|p2a: Milotic|Muddy Water|p1b: Whimsicott|[spread] p1a,p1b
|-resisted|p1b: Whimsicott|1
|-damage|p1a: Staraptor|0 fnt
|-damage|p1b: Whimsicott|0 fnt
|faint|p1a: Staraptor
|faint|p1b: Whimsicott
|
|-heal|p2a: Milotic|98/100|[from] item: Leftovers
|upkeep
|
|t:|1784887775
|switch|p1a: Gholdengo|Gholdengo, L50|100/100
|turn|8
|
|t:|1784887779
|move|p1a: Gholdengo|Nasty Plot|p1a: Gholdengo
|-boost|p1a: Gholdengo|spa|2
|move|p2a: Milotic|Muddy Water|p1a: Gholdengo
|-damage|p1a: Gholdengo|2/100
|
|-heal|p2a: Milotic|100/100|[from] item: Leftovers
|upkeep
|turn|9
|
|t:|1784887787
|move|p1a: Gholdengo|Shadow Ball|p2a: Milotic
|-damage|p2a: Milotic|40/100
|move|p2a: Milotic|Muddy Water|p1a: Gholdengo
|-damage|p1a: Gholdengo|0 fnt
|faint|p1a: Gholdengo
|
|win|standardamerican
||ilikemurkrow is ready for game 2.
|inactive|standardamerican has 30 seconds to confirm battle start!
||standardamerican is ready for game 2.
|uhtml|next|Next: Game 2 of 3
|l|☆ilikemurkrow
|player|p1|
