|j|☆mystabloom
|j|☆eevee1ynn
|html|mystabloomeevee1ynn    
|uhtml|bestof|Game 1 of a best-of-3
|t:|1783539468
|gametype|doubles
|player|p1|mystabloom|101|
|player|p2|eevee1ynn|serena-masters3|
|gen|9
|tier|[Gen 9 Champions] VGC 2026 Reg M-B (Bo3)
|rule|Species Clause: Limit one of each Pokémon
|rule|Item Clause: Limit 1 of each item
|clearpoke
|poke|p1|Sneasler, L50, M|
|poke|p1|Blastoise, L50, M|
|poke|p1|Kingambit, L50, F|
|poke|p1|Incineroar, L50, M|
|poke|p1|Delphox, L50, M|
|poke|p1|Sinistcha, L50|
|poke|p2|Scrafty, L50, F, shiny|
|poke|p2|Ceruledge, L50, F|
|poke|p2|Ninetales-Alola, L50, F|
|poke|p2|Sinistcha, L50|
|poke|p2|Dragonite, L50, M|
|poke|p2|Raichu, L50, M|
|teampreview|4
|showteam|p1|Sneasler||FocusSash|PoisonTouch|CloseCombat,PoisonJab,FakeOut,QuickGuard|Jolly||M|||50|]Blastoise||Blastoisinite|RainDish|Protect,WaterSpout,DarkPulse,ShellSmash|Modest||M|||50|]Kingambit||BlackGlasses|Defiant|Protect,KowtowCleave,SuckerPunch,SwordsDance|Adamant||F|||50|]Incineroar||SitrusBerry|Intimidate|FlareBlitz,PartingShot,HelpingHand,FakeOut|Careful||M|||50|]Delphox||Delphoxite|Blaze|Protect,HeatWave,Psyshock,NastyPlot|Modest||M|||50|]Sinistcha||OccaBerry|Hospitality|Protect,MatchaGotcha,RagePowder,TrickRoom|Bold|||||50|
|showteam|p2|Scrafty||Scraftinite|Intimidate|Detect,DrainPunch,KnockOff,FakeOut|Adamant||F|||50|]Ceruledge||ColburBerry|FlashFire|Protect,BitterBlade,ShadowSneak,BulkUp|Adamant||F|||50|]Ninetales-Alola||NeverMeltIce|SnowWarning|Protect,FreezeDry,IcyWind,AuroraVeil|Timid||F|||50|]Sinistcha||FocusSash|Hospitality|Protect,MatchaGotcha,Hex,RagePowder|Modest|||||50|]Dragonite||LifeOrb|InnerFocus|Protect,DragonClaw,RockSlide,ExtremeSpeed|Adamant||M|||50|]Raichu||RaichuniteY|LightningRod|Protect,ZapCannon,FocusBlast,FakeOut|Timid||M|||50|
|
|t:|1783539567
|teamsize|p1|4
|teamsize|p2|4
|start
|switch|p1a: Delphox|Delphox, L50, M|100/100
|switch|p1b: Sneasler|Sneasler, L50, M|100/100
|switch|p2a: Raichu|Raichu, L50, M|100/100
|switch|p2b: Ninetales|Ninetales-Alola, L50, F|100/100
|-weather|Snowscape|[from] ability: Snow Warning|[of] p2b: Ninetales
|turn|1
|
|t:|1783539607
|detailschange|p2a: Raichu|Raichu-Mega-Y, L50, M
|-mega|p2a: Raichu|Raichu|Raichunite Y
|detailschange|p1a: Delphox|Delphox-Mega, L50, M
|-mega|p1a: Delphox|Delphox|Delphoxite
|move|p2a: Raichu|Fake Out|p1b: Sneasler
|-damage|p1b: Sneasler|84/100
|cant|p1b: Sneasler|flinch
|move|p1a: Delphox|Heat Wave|p2a: Raichu|[spread] p2a
|-miss|p1a: Delphox|p2b: Ninetales
|-damage|p2a: Raichu|32/100
|move|p2b: Ninetales|Icy Wind|p1b: Sneasler|[spread] p1a,p1b
|-resisted|p1a: Delphox|1
|-damage|p1a: Delphox|90/100
|-damage|p1b: Sneasler|56/100
|-unboost|p1a: Delphox|spe|1
|-unboost|p1b: Sneasler|spe|1
|
|-weather|Snowscape|[upkeep]
|upkeep
|turn|2
|
|t:|1783539660
|switch|p2a: Dragonite|Dragonite, L50, M|100/100
|move|p1a: Delphox|Protect|p1a: Delphox
|-singleturn|p1a: Delphox|Protect
|move|p2b: Ninetales|Aurora Veil|p2b: Ninetales
|-sidestart|p2: eevee1ynn|move: Aurora Veil
|move|p1b: Sneasler|Poison Jab|p2a: Dragonite
|-damage|p2a: Dragonite|66/100
|-status|p2a: Dragonite|psn|[from] ability: Poison Touch|[of] p1b: Sneasler
|
|-weather|Snowscape|[upkeep]
|-damage|p2a: Dragonite|54/100 psn|[from] psn
|upkeep
|turn|3
|
|t:|1783539684
|switch|p1a: Kingambit|Kingambit, L50, F|100/100
|move|p2b: Ninetales|Freeze-Dry|p1b: Sneasler
|-damage|p1b: Sneasler|10/100
|move|p2a: Dragonite|Rock Slide|p1b: Sneasler|[spread] p1a,p1b
|-resisted|p1a: Kingambit|1
|-resisted|p1b: Sneasler|1
|-damage|p1a: Kingambit|89/100
|-damage|p1b: Sneasler|0 fnt
|faint|p1b: Sneasler
|-damage|p2a: Dragonite|44/100 psn|[from] item: Life Orb
|
|-weather|Snowscape|[upkeep]
|-damage|p2a: Dragonite|32/100 psn|[from] psn
|upkeep
|
|t:|1783539701
|switch|p1b: Delphox|Delphox-Mega, L50, M|90/100
|turn|4
|
|t:|1783539737
|move|p1b: Delphox|Protect|p1b: Delphox
|-singleturn|p1b: Delphox|Protect
|move|p2a: Dragonite|Extreme Speed|p1b: Delphox
|-activate|p1b: Delphox|move: Protect
|move|p2b: Ninetales|Freeze-Dry|p1b: Delphox
|-activate|p1b: Delphox|move: Protect
|move|p1a: Kingambit|Swords Dance|p1a: Kingambit
|-boost|p1a: Kingambit|atk|2
|
|-weather|Snowscape|[upkeep]
|-damage|p2a: Dragonite|20/100y psn|[from] psn
|upkeep
|turn|5
|
|t:|1783539781
|move|p2a: Dragonite|Extreme Speed|p1b: Delphox
|-damage|p1b: Delphox|26/100
|-damage|p2a: Dragonite|10/100 psn|[from] item: Life Orb
|move|p1b: Delphox|Heat Wave|p2a: Dragonite|[spread] p2a,p2b
|-resisted|p2a: Dragonite|1
|-supereffective|p2b: Ninetales|1
|-damage|p2a: Dragonite|0 fnt
|-damage|p2b: Ninetales|27/100
|faint|p2a: Dragonite
|move|p2b: Ninetales|Icy Wind|p1a: Kingambit|[spread] p1a,p1b
|-resisted|p1a: Kingambit|1
|-resisted|p1b: Delphox|1
|-damage|p1a: Kingambit|80/100
|-damage|p1b: Delphox|16/100
|-unboost|p1a: Kingambit|spe|1
|-ability|p1a: Kingambit|Defiant|boost
|-boost|p1a: Kingambit|atk|2
|-unboost|p1b: Delphox|spe|1
|move|p1a: Kingambit|Kowtow Cleave|p2b: Ninetales
|-resisted|p2b: Ninetales|1
|-damage|p2b: Ninetales|0 fnt
|faint|p2b: Ninetales
|
|-weather|none
|upkeep
|
|t:|1783539788
|switch|p2b: Raichu|Raichu-Mega-Y, L50, M|32/100
|switch|p2a: Sinistcha|Sinistcha, L50|100/100
|-heal|p2b: Raichu|57/100|[from] ability: Hospitality|[of] p2a: Sinistcha
|turn|6
|
|t:|1783539827
|move|p1a: Kingambit|Protect|p1a: Kingambit
|-singleturn|p1a: Kingambit|Protect
|move|p2b: Raichu|Fake Out|p1a: Kingambit
|-activate|p1a: Kingambit|move: Protect
|move|p1b: Delphox|Heat Wave|p2a: Sinistcha|[spread] p2a,p2b
|-supereffective|p2a: Sinistcha|1
|-damage|p2a: Sinistcha|8/100
|-damage|p2b: Raichu|14/100
|move|p2a: Sinistcha|Hex|p1b: Delphox
|-supereffective|p1b: Delphox|1
|-damage|p1b: Delphox|0 fnt
|faint|p1b: Delphox
|
|-sideend|p2: eevee1ynn|move: Aurora Veil
|upkeep
|
|t:|1783539838
|switch|p1b: Sinistcha|Sinistcha, L50|100/100
|-heal|p1a: Kingambit|100/100|[from] ability: Hospitality|[of] p1b: Sinistcha
|turn|7
|
|t:|1783539863
|move|p2a: Sinistcha|Protect|p2a: Sinistcha
|-singleturn|p2a: Sinistcha|Protect
|move|p1a: Kingambit|Sucker Punch|p2b: Raichu
|-damage|p2b: Raichu|0 fnt
|faint|p2b: Raichu
|move|p1b: Sinistcha|Matcha Gotcha|p2a: Sinistcha
|-activate|p2a: Sinistcha|move: Protect
|
|upkeep
|turn|8
|
|t:|1783539879
|move|p1b: Sinistcha|Rage Powder|p1b: Sinistcha
|-singleturn|p1b: Sinistcha|move: Rage Powder
|move|p2a: Sinistcha|Matcha Gotcha|p1b: Sinistcha|[spread] p1a,p1b
|-resisted|p1a: Kingambit|1
|-resisted|p1b: Sinistcha|1
|-damage|p1a: Kingambit|84/100
|-heal|p2a: Sinistcha|19/100|[from] drain|[of] p1a: Kingambit
|-damage|p1b: Sinistcha|83/100
|-heal|p2a: Sinistcha|28/100|[from] drain|[of] p1b: Sinistcha
|-status|p1b: Sinistcha|brn
|move|p1a: Kingambit|Kowtow Cleave|p2a: Sinistcha
|-supereffective|p2a: Sinistcha|1
|-damage|p2a: Sinistcha|0 fnt
|faint|p2a: Sinistcha
|
|win|mystabloom
