|j|☆Usernamecdat
|j|☆138mysx
|html|Usernamecdat138mysx    
|uhtml|bestof|Game 1 of a best-of-3
|t:|1786065649
|gametype|doubles
|player|p1|Usernamecdat|170|1037
|player|p2|138mysx|2|1108
|gen|9
|tier|[Gen 9 Champions] VGC 2026 Reg M-B (Bo3)
|rated|
|rule|Species Clause: Limit one of each Pokémon
|rule|Item Clause: Limit 1 of each item
|clearpoke
|poke|p1|Kommo-o, L50, M|
|poke|p1|Sinistcha, L50|
|poke|p1|Blaziken, L50, M|
|poke|p1|Grimmsnarl, L50, M|
|poke|p1|Pelipper, L50, F|
|poke|p1|Archaludon, L50, M|
|poke|p2|Froslass, L50, F|
|poke|p2|Palafin, L50, F|
|poke|p2|Sneasler, L50, F|
|poke|p2|Kingambit, L50, M|
|poke|p2|Rotom-Wash, L50|
|poke|p2|Aerodactyl, L50, M|
|teampreview|4
|showteam|p1|Kommo-o||Leftovers|Soundproof|IronDefense,BodyPress,ThroatChop,Protect|Impish||M|||50|]Sinistcha||SitrusBerry|Hospitality|MatchaGotcha,RagePowder,Protect,LifeDew|Calm|||||50|]Blaziken||Blazikenite|SpeedBoost|FlareBlitz,RockSlide,Detect,CloseCombat|Adamant||M|||50|]Grimmsnarl||LightClay|Prankster|LightScreen,Reflect,ScaryFace,SpiritBreak|Impish||M|||50|]Pelipper||DampRock|Drizzle|Tailwind,WideGuard,HydroPump,Protect|Calm||F|||50|]Archaludon||RoseliBerry|Stamina|FlashCannon,ElectroShot,Protect,DragonPulse|Calm||M|||50|
|showteam|p2|Froslass||Froslassite|CursedBody|Blizzard,ShadowBall,NastyPlot,Protect|Timid||F|||50|]Palafin||MysticWater|ZerotoHero|WaveCrash,JetPunch,BulkUp,Protect|Adamant||F|||50|]Sneasler||FocusSash|Unburden|FakeOut,CloseCombat,GunkShot,Coaching|Naive||F|||50|]Kingambit||BlackGlasses|Defiant|IronHead,KowtowCleave,SuckerPunch,Protect|Brave||M|||50|]Rotom-Wash||Leftovers|Levitate|Electroweb,Thunderbolt,WillOWisp,Protect|Bold|||||50|]Aerodactyl||Aerodactylite|Unnerve|RockSlide,DualWingbeat,Tailwind,Protect|Jolly||M|||50|
|
|t:|1786065747
|teamsize|p1|4
|teamsize|p2|4
|start
|switch|p1a: Blaziken|Blaziken, L50, M|100/100
|switch|p1b: Grimmsnarl|Grimmsnarl, L50, M|100/100
|switch|p2a: Chudfin|Palafin, L50, F|100/100
|switch|p2b: Mother|Froslass, L50, F|100/100
|turn|1
|
|t:|1786065774
|detailschange|p2a: Chudfin|Palafin-Hero, L50, F
|switch|p2a: Wash Wash|Rotom-Wash, L50|100/100
|detailschange|p1a: Blaziken|Blaziken-Mega, L50, M
|-mega|p1a: Blaziken|Blaziken|Blazikenite
|move|p1a: Blaziken|Detect|p1a: Blaziken
|-singleturn|p1a: Blaziken|Protect
|move|p1b: Grimmsnarl|Light Screen|p1b: Grimmsnarl
|-sidestart|p1: Usernamecdat|move: Light Screen
|move|p2b: Mother|Nasty Plot|p2b: Mother
|-boost|p2b: Mother|spa|2
|
|-ability|p1a: Blaziken|Speed Boost|boost
|-boost|p1a: Blaziken|spe|1
|upkeep
|turn|2
|
|t:|1786065798
|switch|p2a: Chudfin|Palafin-Hero, L50, F|100/100
|-activate|p2a: Chudfin|ability: Zero to Hero
|move|p2b: Mother|Protect|p2b: Mother
|-singleturn|p2b: Mother|Protect
|move|p1b: Grimmsnarl|Scary Face|p2a: Chudfin
|-unboost|p2a: Chudfin|spe|2
|move|p1a: Blaziken|Flare Blitz|p2b: Mother
|-activate|p2b: Mother|move: Protect
|
|-ability|p1a: Blaziken|Speed Boost|boost
|-boost|p1a: Blaziken|spe|1
|upkeep
|turn|3
|
|t:|1786065820
|move|p1a: Blaziken|Detect|p1a: Blaziken
|-singleturn|p1a: Blaziken|Protect
|move|p2a: Chudfin|Jet Punch|p1a: Blaziken
|-activate|p1a: Blaziken|move: Protect
|move|p2b: Mother|Nasty Plot|p2b: Mother
|-boost|p2b: Mother|spa|2
|move|p1b: Grimmsnarl|Spirit Break|p2a: Chudfin
|-damage|p2a: Chudfin|72/100
|-unboost|p2a: Chudfin|spa|1
|
|-ability|p1a: Blaziken|Speed Boost|boost
|-boost|p1a: Blaziken|spe|1
|upkeep
|turn|4
|
|t:|1786065854
|move|p1b: Grimmsnarl|Scary Face|p2b: Mother
|-unboost|p2b: Mother|spe|2
|move|p2a: Chudfin|Jet Punch|p1a: Blaziken
|-supereffective|p1a: Blaziken|1
|-damage|p1a: Blaziken|0 fnt
|faint|p1a: Blaziken
|move|p2b: Mother|Nasty Plot|p2b: Mother
|-boost|p2b: Mother|spa|2
|
|upkeep
|
|t:|1786065865
|switch|p1a: Kommo-o|Kommo-o, L50, M|100/100
|turn|5
|
|t:|1786065892
|detailschange|p2b: Mother|Froslass-Mega, L50, F
|-mega|p2b: Mother|Froslass|Froslassite
|-weather|Snowscape|[from] ability: Snow Warning|[of] p2b: Mother
|move|p1a: Kommo-o|Iron Defense|p1a: Kommo-o
|-boost|p1a: Kommo-o|def|2
|move|p2b: Mother|Blizzard|p1b: Grimmsnarl|[spread] p1a,p1b
|-supereffective|p1a: Kommo-o|1
|-damage|p1a: Kommo-o|0 fnt
|-damage|p1b: Grimmsnarl|3/100
|faint|p1a: Kommo-o
|move|p1b: Grimmsnarl|Spirit Break|p2b: Mother
|-damage|p2b: Mother|68/100
|-unboost|p2b: Mother|spa|1
|move|p2a: Chudfin|Bulk Up|p2a: Chudfin
|-boost|p2a: Chudfin|atk|1
|-boost|p2a: Chudfin|def|1
|
|-weather|Snowscape|[upkeep]
|upkeep
|
|t:|1786065913
|switch|p1a: Sinistcha|Sinistcha, L50|100/100
|-heal|p1b: Grimmsnarl|28/100|[from] ability: Hospitality|[of] p1a: Sinistcha
|turn|6
|-message|Usernamecdat forfeited.
|raw|Usernamecdat's rating: 1037 → 1025(-12 for losing)
|raw|138mysx's rating: 1108 → 1128(+20 for winning)
|
|win|138mysx
