|j|☆ThierryVGC
|j|☆DragoniteMega149
|html|ThierryVGCDragoniteMega149    
|uhtml|bestof|Game 2 of a best-of-3
|t:|1756169365
|gametype|doubles
|player|p1|ThierryVGC|265|1066
|player|p2|DragoniteMega149|red-lgpe|1178
|gen|9
|tier|[Gen 9] VGC 2025 Reg H (Bo3)
|rated|
|rule|Species Clause: Limit one of each Pokémon
|rule|Item Clause: Limit 1 of each item
|clearpoke
|poke|p1|Porygon2, L50|
|poke|p1|Ursaluna, L50, M|
|poke|p1|Annihilape, L50, M|
|poke|p1|Maushold-Four, L50|
|poke|p1|Rillaboom, L50, M|
|poke|p1|Dragapult, L50, F|
|poke|p2|Sneasler, L50, M|
|poke|p2|Indeedee, L50, M|
|poke|p2|Dragonite, L50, F|
|poke|p2|Incineroar, L50, F|
|poke|p2|Electabuzz, L50, M|
|poke|p2|Ursaluna-Bloodmoon, L50, M|
|teampreview|4
|showteam|p1|Porygon2||Eviolite|Download|ShadowBall,TeraBlast,Recover,TrickRoom||||||50|,,,,,Flying]Ursaluna||FlameOrb|Guts|Facade,Earthquake,HeadlongRush,Protect|||M|||50|,,,,,Fairy]Annihilape||Leftovers|Defiant|RageFist,CloseCombat,BulkUp,Protect|||M|||50|,,,,,Water]Maushold-Four||SafetyGoggles|FriendGuard|BeatUp,Taunt,FollowMe,Protect||||||50|,,,,,Ghost]Rillaboom||AssaultVest|GrassySurge|GrassyGlide,WoodHammer,Uturn,FakeOut|||M|||50|,,,,,Fire]Dragapult||ChoiceBand|ClearBody|Outrage,DragonDarts,TeraBlast,Uturn|||F|||50|,,,,,Ghost
|showteam|p2|Sneasler||PsychicSeed|Unburden|DireClaw,CloseCombat,Protect,ThroatChop|||M|||50|,,,,,Dark]Indeedee||FocusSash|PsychicSurge|Imprison,Protect,ExpandingForce,TrickRoom|||M|||50|,,,,,Psychic]Dragonite||LoadedDice|Multiscale|ScaleShot,Tailwind,Haze,Protect|||F|||50|,,,,,Fairy]Incineroar||SafetyGoggles|Intimidate|FakeOut,FlareBlitz,KnockOff,PartingShot|||F|||50|,,,,,Ghost]Electabuzz||Eviolite|VitalSpirit|FollowMe,Electroweb,Taunt,Protect|||M|||50|,,,,,Fairy]Ursaluna-Bloodmoon||LifeOrb|MindsEye|BloodMoon,HyperVoice,EarthPower,Protect|||M|||50|,,,,,Normal
|
|t:|1756169438
|teamsize|p1|4
|teamsize|p2|4
|start
|switch|p1a: Ursaluna|Ursaluna, L50, M|100/100
|switch|p1b: Porygon2|Porygon2, L50|100/100
|switch|p2a: Indeedee|Indeedee, L50, M|100/100
|switch|p2b: Sneasler|Sneasler, L50, M|100/100
|-fieldstart|move: Psychic Terrain|[from] ability: Psychic Surge|[of] p2a: Indeedee
|-enditem|p2b: Sneasler|Psychic Seed
|-boost|p2b: Sneasler|spd|1|[from] item: Psychic Seed
|-ability|p1b: Porygon2|Download|boost
|-boost|p1b: Porygon2|atk|1
|turn|1
|inactive|Battle timer is ON: inactive players will automatically lose when time's up. (requested by ThierryVGC)
|
|t:|1756169489
|-terastallize|p2a: Indeedee|Psychic
|-terastallize|p1b: Porygon2|Flying
|move|p2b: Sneasler|Close Combat|p1a: Ursaluna
|-supereffective|p1a: Ursaluna
|-damage|p1a: Ursaluna|0 fnt
|-unboost|p2b: Sneasler|def|1
|-unboost|p2b: Sneasler|spd|1
|faint|p1a: Ursaluna
|move|p2a: Indeedee|Expanding Force|p1b: Porygon2
|-damage|p1b: Porygon2|42/100
|move|p1b: Porygon2|Tera Blast|p2a: Indeedee|[anim] Tera Blast Flying
|-damage|p2a: Indeedee|53/100
|
|upkeep
|
|t:|1756169502
|switch|p1a: Rillaboom|Rillaboom, L50, M|100/100
|-fieldstart|move: Grassy Terrain|[from] ability: Grassy Surge|[of] p1a: Rillaboom
|turn|2
|
|t:|1756169521
|move|p2b: Sneasler|Dire Claw|p1b: Porygon2
|-crit|p1b: Porygon2
|-damage|p1b: Porygon2|0 fnt
|faint|p1b: Porygon2
|move|p2a: Indeedee|Imprison|p2a: Indeedee
|-start|p2a: Indeedee|move: Imprison
|move|p1a: Rillaboom|Wood Hammer|p2a: Indeedee
|-damage|p2a: Indeedee|0 fnt
|faint|p2a: Indeedee
|-damage|p1a: Rillaboom|89/100|[from] Recoil
|
|-heal|p1a: Rillaboom|95/100|[from] Grassy Terrain
|upkeep
|
|t:|1756169526
|switch|p2a: Electabuzz|Electabuzz, L50, M|100/100
|switch|p1b: Dragapult|Dragapult, L50, F|100/100
|turn|3
|
|t:|1756169544
|move|p2b: Sneasler|Protect|p2b: Sneasler
|-singleturn|p2b: Sneasler|Protect
|move|p2a: Electabuzz|Protect|p2a: Electabuzz
|-singleturn|p2a: Electabuzz|Protect
|move|p1b: Dragapult|Dragon Darts|p2b: Sneasler
|-activate|p2a: Electabuzz|move: Protect
|move|p1a: Rillaboom|Wood Hammer|p2a: Electabuzz
|-activate|p2a: Electabuzz|move: Protect
|
|-heal|p1a: Rillaboom|100/100|[from] Grassy Terrain
|upkeep
|turn|4
|
|t:|1756169565
|move|p2a: Electabuzz|Follow Me|p2a: Electabuzz
|-singleturn|p2a: Electabuzz|move: Follow Me
|move|p2b: Sneasler|Dire Claw|p1a: Rillaboom
|-supereffective|p1a: Rillaboom
|-damage|p1a: Rillaboom|13/100
|move|p1b: Dragapult|Dragon Darts|p2a: Electabuzz
|-damage|p2a: Electabuzz|63/100
|-anim|p1b: Dragapult|Dragon Darts|p2a: Electabuzz
|-damage|p2a: Electabuzz|21/100
|move|p1a: Rillaboom|Wood Hammer|p2a: Electabuzz
|-damage|p2a: Electabuzz|0 fnt
|faint|p2a: Electabuzz
|-damage|p1a: Rillaboom|8/100|[from] Recoil
|
|-heal|p1a: Rillaboom|14/100|[from] Grassy Terrain
|upkeep
|
|t:|1756169574
|switch|p2a: Ursaluna|Ursaluna-Bloodmoon, L50, M|100/100
|turn|5
|
|t:|1756169585
|move|p2a: Ursaluna|Protect|p2a: Ursaluna
|-singleturn|p2a: Ursaluna|Protect
|move|p1a: Rillaboom|Grassy Glide|p2a: Ursaluna
|-activate|p2a: Ursaluna|move: Protect
|move|p2b: Sneasler|Dire Claw|p1a: Rillaboom
|-supereffective|p1a: Rillaboom
|-damage|p1a: Rillaboom|0 fnt
|faint|p1a: Rillaboom
|move|p1b: Dragapult|Dragon Darts|p2b: Sneasler
|-damage|p2b: Sneasler|2/100
|-anim|p1b: Dragapult|Dragon Darts|p2b: Sneasler
|-damage|p2b: Sneasler|0 fnt
|faint|p2b: Sneasler
|
|upkeep
|turn|6
|
|t:|1756169598
|move|p1b: Dragapult|Dragon Darts|p2a: Ursaluna
|-damage|p2a: Ursaluna|66/100
|-anim|p1b: Dragapult|Dragon Darts|p2a: Ursaluna
|-damage|p2a: Ursaluna|30/100
|move|p2a: Ursaluna|Blood Moon|p1b: Dragapult
|-damage|p1b: Dragapult|0 fnt
|faint|p1b: Dragapult
|-damage|p2a: Ursaluna|21/100|[from] item: Life Orb
|
|win|DragoniteMega149
|raw|ThierryVGC's rating: 1066 → 1052(-14 for losing)
|raw|DragoniteMega149's rating: 1178 → 1195(+17 for winning)
