|j|☆cqanqka
|j|☆giimbe
|html|cqanqkagiimbe    
|uhtml|bestof|Game 1 of a best-of-3
|t:|1757774962
|gametype|doubles
|player|p1|cqanqka|169|
|player|p2|giimbe|cynthia|
|gen|9
|tier|[Gen 9] VGC 2025 Reg H (Bo3)
|rule|Species Clause: Limit one of each Pokémon
|rule|Item Clause: Limit 1 of each item
|clearpoke
|poke|p1|Incineroar, L50, F|
|poke|p1|Ursaluna-Bloodmoon, L50, M|
|poke|p1|Amoonguss, L50, M|
|poke|p1|Porygon2, L50|
|poke|p1|Gholdengo, L50|
|poke|p1|Farigiraf, L50, M|
|poke|p2|Annihilape, L50, M|
|poke|p2|Ninetales-Alola, L50, F|
|poke|p2|Talonflame, L50, F|
|poke|p2|Garchomp, L50, M|
|poke|p2|Vivillon-Ocean, L50, F|
|poke|p2|Gholdengo, L50|
|teampreview|4
|showteam|p1|Incineroar||SafetyGoggles|Intimidate|FakeOut,FlareBlitz,PartingShot,KnockOff|||F|||50|,,,,,Ghost]Ursaluna-Bloodmoon||LifeOrb|MindsEye|Protect,HyperVoice,BloodMoon,EarthPower|||M|||50|,,,,,Normal]Amoonguss||RockyHelmet|Regenerator|Spore,RagePowder,PollenPuff,SludgeBomb|||M|||50|,,,,,Water]Porygon2||Eviolite|Download|TrickRoom,IceBeam,Recover,TeraBlast||||||50|,,,,,Electric]Gholdengo||FocusSash|GoodasGold|MakeItRain,NastyPlot,ShadowBall,Protect||||||50|,,,,,Water]Farigiraf||MentalHerb|ArmorTail|TrickRoom,HelpingHand,Protect,Psychic|||M|||50|,,,,,Dark
|showteam|p2|Annihilape||SafetyGoggles|Defiant|RageFist,DrainPunch,BulkUp,Protect|||M|||50|,,,,,Water]Ninetales-Alola||CovertCloak|SnowWarning|Blizzard,FreezeDry,AuroraVeil,Protect|||F|||50|,,,,,Ice]Talonflame||SharpBeak|GaleWings|DualWingbeat,Tailwind,WillOWisp,Protect|||F|||50|,,,,,Ghost]Garchomp||LifeOrb|RoughSkin|Earthquake,StompingTantrum,DragonClaw,Protect|||M|||50|,,,,,Steel]Vivillon-Ocean||FocusSash|CompoundEyes|SleepPowder,Hurricane,RagePowder,Protect|||F|||50|,,,,,Ghost]Gholdengo||IronPlate|GoodasGold|MakeItRain,ShadowBall,NastyPlot,Protect||||||50|,,,,,Steel
|inactive|Battle timer is ON: inactive players will automatically lose when time's up. (requested by giimbe)
|inactive|cqanqka has 60 seconds left.
|
|t:|1757775003
|teamsize|p1|4
|teamsize|p2|4
|start
|switch|p1a: Porygon2|Porygon2, L50|100/100
|switch|p1b: Incineroar|Incineroar, L50, F|100/100
|switch|p2a: Garchomp|Garchomp, L50, M|100/100
|switch|p2b: Ninetales|Ninetales-Alola, L50, F, shiny|100/100
|-weather|Snowscape|[from] ability: Snow Warning|[of] p2b: Ninetales
|-ability|p1b: Incineroar|Intimidate|boost
|-unboost|p2a: Garchomp|atk|1
|-unboost|p2b: Ninetales|atk|1
|-ability|p1a: Porygon2|Download|boost
|-boost|p1a: Porygon2|atk|1
|turn|1
|
|t:|1757775028
|move|p1b: Incineroar|Fake Out|p2a: Garchomp
|-damage|p2a: Garchomp|90/100
|-damage|p1b: Incineroar|88/100|[from] ability: Rough Skin|[of] p2a: Garchomp
|move|p2b: Ninetales|Aurora Veil|p2b: Ninetales
|-sidestart|p2: giimbe|move: Aurora Veil
|cant|p2a: Garchomp|flinch
|move|p1a: Porygon2|Trick Room|p1a: Porygon2
|-fieldstart|move: Trick Room|[of] p1a: Porygon2
|
|-weather|Snowscape|[upkeep]
|upkeep
|turn|2
|
|t:|1757775048
|move|p1a: Porygon2|Ice Beam|p2a: Garchomp
|-supereffective|p2a: Garchomp
|-damage|p2a: Garchomp|22/100
|move|p1b: Incineroar|Flare Blitz|p2b: Ninetales
|-supereffective|p2b: Ninetales
|-damage|p2b: Ninetales|36/100
|-damage|p1b: Incineroar|70/100|[from] Recoil
|move|p2a: Garchomp|Stomping Tantrum|p1b: Incineroar
|-supereffective|p1b: Incineroar
|-damage|p1b: Incineroar|0 fnt
|faint|p1b: Incineroar
|-damage|p2a: Garchomp|13/100|[from] item: Life Orb
|move|p2b: Ninetales|Blizzard|p1a: Porygon2
|-damage|p1a: Porygon2|80/100
|
|-weather|Snowscape|[upkeep]
|upkeep
|
|t:|1757775063
|switch|p1b: Ursaluna|Ursaluna-Bloodmoon, L50, M|100/100
|turn|3
|
|t:|1757775077
|switch|p1a: Amoonguss|Amoonguss, L50, M|100/100
|move|p2a: Garchomp|Protect|p2a: Garchomp
|-singleturn|p2a: Garchomp|Protect
|move|p1b: Ursaluna|Hyper Voice|p2a: Garchomp|[spread] p2b
|-activate|p2a: Garchomp|move: Protect
|-damage|p2b: Ninetales|0 fnt
|faint|p2b: Ninetales
|-damage|p1b: Ursaluna|90/100|[from] item: Life Orb
|
|-weather|Snowscape|[upkeep]
|upkeep
|
|t:|1757775088
|switch|p2b: Annihilape|Annihilape, L50, M, shiny|100/100
|turn|4
|
|t:|1757775111
|move|p1a: Amoonguss|Spore|p2a: Garchomp
|-status|p2a: Garchomp|slp|[from] move: Spore
|move|p1b: Ursaluna|Blood Moon|p2b: Annihilape
|-damage|p2b: Annihilape|34/100
|-damage|p1b: Ursaluna|80/100|[from] item: Life Orb
|move|p2b: Annihilape|Rage Fist|p1a: Amoonguss
|-damage|p1a: Amoonguss|69/100
|-damage|p2b: Annihilape|18/100|[from] item: Rocky Helmet|[of] p1a: Amoonguss
|cant|p2a: Garchomp|slp
|
|-weather|Snowscape|[upkeep]
|upkeep
|turn|5
|inactive|cqanqka has 30 seconds left.
|inactive|giimbe has 30 seconds left.
|inactive|cqanqka has 20 seconds left.
|inactive|cqanqka has 15 seconds left.
|inactive|cqanqka has 10 seconds left.
|
|t:|1757775159
|move|p2b: Annihilape|Protect|p2b: Annihilape
|-singleturn|p2b: Annihilape|Protect
|move|p1a: Amoonguss|Pollen Puff|p1b: Ursaluna
|-heal|p1b: Ursaluna|100/100
|move|p1b: Ursaluna|Hyper Voice|p2a: Garchomp|[spread] p2a
|-activate|p2b: Annihilape|move: Protect
|-damage|p2a: Garchomp|0 fnt
|faint|p2a: Garchomp
|-damage|p1b: Ursaluna|90/100|[from] item: Life Orb
|
|-weather|none
|-sideend|p2: giimbe|move: Aurora Veil
|-fieldend|move: Trick Room
|upkeep
|
|t:|1757775171
|switch|p2a: Gholdengo|Gholdengo, L50|100/100
|turn|6
|inactive|cqanqka has 30 seconds left.
|inactive|cqanqka has 20 seconds left.
|
|t:|1757775209
|move|p1b: Ursaluna|Protect|p1b: Ursaluna
|-singleturn|p1b: Ursaluna|Protect
|move|p2b: Annihilape|Drain Punch|p1b: Ursaluna
|-activate|p1b: Ursaluna|move: Protect
|move|p2a: Gholdengo|Nasty Plot|p2a: Gholdengo
|-boost|p2a: Gholdengo|spa|2
|move|p1a: Amoonguss|Sludge Bomb|p2b: Annihilape
|-resisted|p2b: Annihilape
|-damage|p2b: Annihilape|5/100
|
|upkeep
|turn|7
|
|t:|1757775234
|move|p2b: Annihilape|Drain Punch|p1b: Ursaluna
|-supereffective|p1b: Ursaluna
|-damage|p1b: Ursaluna|47/100
|-heal|p2b: Annihilape|27/100|[from] drain|[of] p1b: Ursaluna
|move|p2a: Gholdengo|Make It Rain|p1b: Ursaluna|[spread] p1a,p1b
|-damage|p1a: Amoonguss|0 fnt
|-damage|p1b: Ursaluna|0 fnt
|-unboost|p2a: Gholdengo|spa|1
|faint|p1a: Amoonguss
|faint|p1b: Ursaluna
|
|upkeep
|
|t:|1757775252
|switch|p1a: Porygon2|Porygon2, L50|80/100
|-ability|p1a: Porygon2|Download|boost
|-boost|p1a: Porygon2|atk|1
|turn|8
|
|t:|1757775259
|-terastallize|p1a: Porygon2|Electric
|move|p2b: Annihilape|Drain Punch|p1a: Porygon2
|-damage|p1a: Porygon2|59/100
|-heal|p2b: Annihilape|36/100|[from] drain|[of] p1a: Porygon2
|move|p2a: Gholdengo|Make It Rain|p1a: Porygon2
|-resisted|p1a: Porygon2
|-damage|p1a: Porygon2|31/100
|-unboost|p2a: Gholdengo|spa|1
|move|p1a: Porygon2|Trick Room|p1a: Porygon2
|-fieldstart|move: Trick Room|[of] p1a: Porygon2
|
|upkeep
|turn|9
|
|t:|1757775274
|move|p2b: Annihilape|Protect|p2b: Annihilape
|-singleturn|p2b: Annihilape|Protect
|move|p1a: Porygon2|Recover|p1a: Porygon2
|-heal|p1a: Porygon2|82/100
|move|p2a: Gholdengo|Shadow Ball|p1a: Porygon2
|-damage|p1a: Porygon2|62/100
|
|upkeep
|turn|10
|
|t:|1757775285
|move|p1a: Porygon2|Tera Blast|p2b: Annihilape|[anim] Tera Blast Electric
|-damage|p2b: Annihilape|4/100
|move|p2a: Gholdengo|Nasty Plot|p2a: Gholdengo
|-boost|p2a: Gholdengo|spa|2
|move|p2b: Annihilape|Rage Fist|p1a: Porygon2
|-damage|p1a: Porygon2|9/100
|
|upkeep
|turn|11
|
|t:|1757775297
|move|p2b: Annihilape|Protect|p2b: Annihilape
|-singleturn|p2b: Annihilape|Protect
|move|p1a: Porygon2|Recover|p1a: Porygon2
|-heal|p1a: Porygon2|59/100
|move|p2a: Gholdengo|Nasty Plot|p2a: Gholdengo
|-boost|p2a: Gholdengo|spa|2
|
|upkeep
|turn|12
|
|t:|1757775308
|move|p1a: Porygon2|Ice Beam|p2b: Annihilape
|-damage|p2b: Annihilape|0 fnt
|faint|p2b: Annihilape
|move|p2a: Gholdengo|Nasty Plot|p2a: Gholdengo
|-boost|p2a: Gholdengo|spa|2
|
|-fieldend|move: Trick Room
|upkeep
|turn|13
|
|t:|1757775317
|move|p2a: Gholdengo|Shadow Ball|p1a: Porygon2
|-damage|p1a: Porygon2|0 fnt
|faint|p1a: Porygon2
|
|win|giimbe
||cqanqka is ready for game 2.
||giimbe is ready for game 2.
|uhtml|next|Next: Game 2 of 3
