|j|☆Raijin and Tonic
|j|☆Raining in Hoenn
|html|Raijin and TonicRaining in Hoenn    
|uhtml|bestof|Game 1 of a best-of-3
|t:|1757636963
|gametype|doubles
|player|p1|Raijin and Tonic|169|1103
|player|p2|Raining in Hoenn|2|1119
|gen|9
|tier|[Gen 9] VGC 2025 Reg H (Bo3)
|rated|
|rule|Species Clause: Limit one of each Pokémon
|rule|Item Clause: Limit 1 of each item
|clearpoke
|poke|p1|Torkoal, L50, M|
|poke|p1|Jumpluff, L50, F|
|poke|p1|Typhlosion-Hisui, L50, M|
|poke|p1|Kingambit, L50, M|
|poke|p1|Dragonite, L50, M|
|poke|p1|Garchomp, L50, M|
|poke|p2|Rillaboom, L50, M|
|poke|p2|Magmar, L50, M|
|poke|p2|Kingambit, L50, M|
|poke|p2|Ninetales-Alola, L50, F|
|poke|p2|Basculegion, L50, M|
|poke|p2|Sneasler, L50, F|
|teampreview|4
|showteam|p1|Torkoal||EjectPack|Drought|Overheat,BurningJealousy,HelpingHand,Protect|||M|||50|,,,,,Flying]Jumpluff||CovertCloak|Chlorophyll|LeafStorm,SleepPowder,Encore,Tailwind|||F|||50|,,,,,Poison]Typhlosion-Hisui||ChoiceSpecs|Blaze|Eruption,ShadowBall,HeatWave,Overheat|||M|||50|,,,,,Fire]Kingambit||AssaultVest|Defiant|Assurance,IronHead,SuckerPunch,LowKick|||M|||50|,,,,,Flying]Dragonite||LoadedDice|Multiscale|ScaleShot,ExtremeSpeed,IceSpinner,Protect|||M|||50|,,,,,Fairy]Garchomp||LifeOrb|RoughSkin|DragonClaw,StompingTantrum,Earthquake,Protect|||M|||50|,,,,,Fire
|showteam|p2|Rillaboom||AssaultVest|GrassySurge|DrumBeating,GrassyGlide,FakeOut,HighHorsepower|||M|||50|,,,,,Fire]Magmar||Eviolite|VitalSpirit|Overheat,FollowMe,Taunt,Protect|||M|||50|,,,,,Ghost]Kingambit||BlackGlasses|Defiant|KowtowCleave,SuckerPunch,SwordsDance,Protect|||M|||50|,,,,,Fire]Ninetales-Alola||LifeOrb|SnowWarning|Blizzard,FreezeDry,Encore,Protect|||F|||50|,,,,,Ghost]Basculegion||ChoiceScarf|Adaptability|WaveCrash,LastRespects,TeraBlast,FlipTurn|||M|||50|,,,,,Fighting]Sneasler||FocusSash|PoisonTouch|DireClaw,CloseCombat,FakeOut,Protect|||F|||50|,,,,,Ghost
|inactive|Battle timer is ON: inactive players will automatically lose when time's up. (requested by Raijin and Tonic)
|inactive|Raijin and Tonic has 60 seconds left.
|inactive|Raining in Hoenn has 60 seconds left.
|inactive|Raining in Hoenn has 30 seconds left.
|
|t:|1757637029
|teamsize|p1|4
|teamsize|p2|4
|start
|switch|p1a: Jumpluff|Jumpluff, L50, F, shiny|100/100
|switch|p1b: Torkoal|Torkoal, L50, M, shiny|100/100
|switch|p2a: Magmar|Magmar, L50, M, shiny|100/100
|switch|p2b: Basculegion|Basculegion, L50, M|100/100
|-weather|SunnyDay|[from] ability: Drought|[of] p1b: Torkoal
|turn|1
|inactive|Raining in Hoenn has 30 seconds left.
|inactive|Raining in Hoenn has 20 seconds left.
|inactive|Raining in Hoenn has 15 seconds left.
|
|t:|1757637073
|move|p1b: Torkoal|Protect|p1b: Torkoal
|-singleturn|p1b: Torkoal|Protect
|move|p2a: Magmar|Follow Me|p2a: Magmar
|-singleturn|p2a: Magmar|move: Follow Me
|move|p1a: Jumpluff|Tailwind|p1a: Jumpluff
|-sidestart|p1: Raijin and Tonic|move: Tailwind
|move|p2b: Basculegion|Flip Turn|p1b: Torkoal
|-activate|p1b: Torkoal|move: Protect
|
|-weather|SunnyDay|[upkeep]
|upkeep
|turn|2
|inactive|Raijin and Tonic has 30 seconds left.
|
|t:|1757637099
|move|p2a: Magmar|Follow Me|p2a: Magmar
|-singleturn|p2a: Magmar|move: Follow Me
|move|p1a: Jumpluff|Encore|p2a: Magmar
|-start|p2a: Magmar|Encore
|move|p2b: Basculegion|Flip Turn|p1b: Torkoal
|-supereffective|p1b: Torkoal
|-crit|p1b: Torkoal
|-damage|p1b: Torkoal|55/100
|
|t:|1757637113
|switch|p2b: Ninetales|Ninetales-Alola, L50, F, shiny|100/100|[from] Flip Turn
|-weather|Snowscape|[from] ability: Snow Warning|[of] p2b: Ninetales
|move|p1b: Torkoal|Overheat|p2a: Magmar|[miss]
|-miss|p1b: Torkoal|p2a: Magmar
|
|-weather|Snowscape|[upkeep]
|upkeep
|turn|3
|inactive|Raining in Hoenn has 30 seconds left.
|inactive|Raining in Hoenn has 20 seconds left.
|
|t:|1757637153
|switch|p1a: Typhlosion|Typhlosion-Hisui, L50, M, shiny|100/100
|move|p2a: Magmar|Follow Me|p2a: Magmar
|-singleturn|p2a: Magmar|move: Follow Me
|move|p2b: Ninetales|Blizzard|p1a: Typhlosion|[spread] p1a,p1b
|-resisted|p1a: Typhlosion
|-resisted|p1b: Torkoal
|-damage|p1a: Typhlosion|72/100
|-damage|p1b: Torkoal|32/100
|-damage|p2b: Ninetales|91/100|[from] item: Life Orb
|move|p1b: Torkoal|Overheat|p2a: Magmar|[miss]
|-miss|p1b: Torkoal|p2a: Magmar
|
|-weather|Snowscape|[upkeep]
|upkeep
|turn|4
|inactive|Raining in Hoenn has 30 seconds left.
|
|t:|1757637182
|switch|p2b: Basculegion|Basculegion, L50, M|100/100
|move|p2a: Magmar|Follow Me|p2a: Magmar
|-singleturn|p2a: Magmar|move: Follow Me
|move|p1a: Typhlosion|Heat Wave|p2b: Basculegion|[spread] p2a,p2b
|-resisted|p2a: Magmar
|-resisted|p2b: Basculegion
|-damage|p2a: Magmar|82/100
|-damage|p2b: Basculegion|71/100
|move|p1b: Torkoal|Overheat|p2a: Magmar|[miss]
|-miss|p1b: Torkoal|p2a: Magmar
|
|-weather|Snowscape|[upkeep]
|-sideend|p1: Raijin and Tonic|move: Tailwind
|upkeep
|turn|5
|c|☆Raijin and Tonic|1/1000 btw
|inactive|Raijin and Tonic has 30 seconds left.
|c|☆Raining in Hoenn|insane
|inactive|Raijin and Tonic has 20 seconds left.
|
|t:|1757637220
|switch|p1a: Jumpluff|Jumpluff, L50, F, shiny|100/100
|move|p2a: Magmar|Follow Me|p2a: Magmar
|-singleturn|p2a: Magmar|move: Follow Me
|move|p2b: Basculegion|Flip Turn|p1b: Torkoal
|-supereffective|p1b: Torkoal
|-damage|p1b: Torkoal|0 fnt
|faint|p1b: Torkoal
|
|t:|1757637232
|switch|p2b: Kingambit|Kingambit, L50, M, shiny|100/100|[from] Flip Turn
|
|-weather|Snowscape|[upkeep]
|-end|p2a: Magmar|Encore
|upkeep
|inactive|Raijin and Tonic has 30 seconds left.
|
|t:|1757637266
|switch|p1b: Typhlosion|Typhlosion-Hisui, L50, M, shiny|72/100
|turn|6
|inactive|Raijin and Tonic has 30 seconds left.
|inactive|Raining in Hoenn has 30 seconds left.
|
|t:|1757637306
|-terastallize|p1b: Typhlosion|Fire
|-terastallize|p2b: Kingambit|Fire
|move|p2a: Magmar|Follow Me|p2a: Magmar
|-singleturn|p2a: Magmar|move: Follow Me
|move|p1a: Jumpluff|Sleep Powder|p2a: Magmar
|-immune|p2a: Magmar|[from] ability: Vital Spirit
|move|p1b: Typhlosion|Heat Wave|p2b: Kingambit|[spread] p2a,p2b
|-resisted|p2a: Magmar
|-resisted|p2b: Kingambit
|-crit|p2b: Kingambit
|-damage|p2a: Magmar|59/100
|-damage|p2b: Kingambit|50/100
|move|p2b: Kingambit|Kowtow Cleave|p1a: Jumpluff
|-damage|p1a: Jumpluff|21/100
|
|-weather|none
|upkeep
|turn|7
|inactive|Raining in Hoenn has 30 seconds left.
|inactive|Raining in Hoenn has 20 seconds left.
|
|t:|1757637341
|switch|p1a: Kingambit|Kingambit, L50, M, shiny|100/100
|move|p2b: Kingambit|Protect|p2b: Kingambit
|-singleturn|p2b: Kingambit|Protect
|move|p1b: Typhlosion|Heat Wave|p2b: Kingambit|[spread] p2a
|-activate|p2b: Kingambit|move: Protect
|-resisted|p2a: Magmar
|-damage|p2a: Magmar|36/100
|move|p2a: Magmar|Taunt|p1a: Kingambit
|-start|p1a: Kingambit|move: Taunt
|
|upkeep
|turn|8
|inactive|Raining in Hoenn has 30 seconds left.
|
|t:|1757637366
|move|p2a: Magmar|Follow Me|p2a: Magmar
|-singleturn|p2a: Magmar|move: Follow Me
|move|p1a: Kingambit|Sucker Punch||[still]
|-fail|p1a: Kingambit
|move|p1b: Typhlosion|Heat Wave|p2a: Magmar|[spread] p2a,p2b
|-resisted|p2a: Magmar
|-resisted|p2b: Kingambit
|-damage|p2a: Magmar|12/100
|-damage|p2b: Kingambit|14/100
|move|p2b: Kingambit|Swords Dance|p2b: Kingambit
|-boost|p2b: Kingambit|atk|2
|
|upkeep
|turn|9
|inactive|Raining in Hoenn has 30 seconds left.
|
|t:|1757637393
|switch|p1b: Jumpluff|Jumpluff, L50, F, shiny|21/100
|move|p2b: Kingambit|Protect|p2b: Kingambit
|-singleturn|p2b: Kingambit|Protect
|move|p2a: Magmar|Overheat|p1a: Kingambit
|-supereffective|p1a: Kingambit
|-damage|p1a: Kingambit|37/100
|-unboost|p2a: Magmar|spa|2
|move|p1a: Kingambit|Assurance|p2a: Magmar
|-damage|p2a: Magmar|0 fnt
|faint|p2a: Magmar
|
|-end|p1a: Kingambit|move: Taunt
|upkeep
|
|t:|1757637407
|switch|p2a: Ninetales|Ninetales-Alola, L50, F, shiny|91/100
|-weather|Snowscape|[from] ability: Snow Warning|[of] p2a: Ninetales
|turn|10
|inactive|Raining in Hoenn has 30 seconds left.
|inactive|Raining in Hoenn has 20 seconds left.
|inactive|Raining in Hoenn has 15 seconds left.
|inactive|Raining in Hoenn has 10 seconds left.
|
|t:|1757637454
|move|p2b: Kingambit|Protect||[still]
|-fail|p2b: Kingambit
|move|p1b: Jumpluff|Tailwind|p1b: Jumpluff
|-sidestart|p1: Raijin and Tonic|move: Tailwind
|move|p1a: Kingambit|Iron Head|p2a: Ninetales
|-supereffective|p2a: Ninetales
|-damage|p2a: Ninetales|0 fnt
|faint|p2a: Ninetales
|
|-weather|Snowscape|[upkeep]
|upkeep
|
|t:|1757637462
|switch|p2a: Basculegion|Basculegion, L50, M|71/100
|turn|11
|inactive|Raijin and Tonic has 30 seconds left.
|
|t:|1757637494
|move|p1a: Kingambit|Sucker Punch|p2a: Basculegion
|-supereffective|p2a: Basculegion
|-damage|p2a: Basculegion|0 fnt
|faint|p2a: Basculegion
|move|p2b: Kingambit|Sucker Punch||[still]
|-fail|p2b: Kingambit
|move|p1b: Jumpluff|Encore|p2b: Kingambit
|-start|p2b: Kingambit|Encore
|
|-weather|Snowscape|[upkeep]
|upkeep
|turn|12
|-message|Raining in Hoenn forfeited.
|
|win|Raijin and Tonic
|l|☆Raining in Hoenn
|player|p2|
||Raining in Hoenn is ready for game 2.
||Raijin and Tonic is ready for game 2.
|uhtml|next|Next: Game 2 of 3
