|j|☆mew mew season 2
|j|☆Shmon
|html|mew mew season 2Shmon    
|uhtml|bestof|Game 1 of a best-of-3
|t:|1782472389
|gametype|doubles
|player|p1|mew mew season 2|miku-psychic|1080
|player|p2|Shmon|169|1106
|gen|9
|tier|[Gen 9 Champions] VGC 2026 Reg M-B (Bo3)
|rated|
|rule|Species Clause: Limit one of each Pokémon
|rule|Item Clause: Limit 1 of each item
|clearpoke
|poke|p1|Floette-Eternal, L50, F|
|poke|p1|Delphox, L50, M|
|poke|p1|Kingambit, L50, F|
|poke|p1|Sneasler, L50, M|
|poke|p1|Sinistcha, L50|
|poke|p1|Incineroar, L50, F|
|poke|p2|Metagross, L50|
|poke|p2|Annihilape, L50, F|
|poke|p2|Ninetales-Alola, L50, F|
|poke|p2|Ceruledge, L50, F|
|poke|p2|Incineroar, L50, F|
|poke|p2|Sinistcha-Masterpiece, L50|
|teampreview|4
|showteam|p1|Floette-Eternal||Floettite|FlowerVeil|Protect,CalmMind,DazzlingGleam,DrainingKiss|Modest||F|||50|]Delphox||Delphoxite|Blaze|HeatWave,Psychic,NastyPlot,Protect|Timid||M|||50|]Kingambit||BlackGlasses|Defiant|SuckerPunch,KowtowCleave,SwordsDance,Protect|Adamant||F|||50|]Sneasler||FocusSash|PoisonTouch|FakeOut,PoisonJab,CloseCombat,QuickGuard|Jolly||M|||50|]Sinistcha||CobaBerry|Hospitality|MatchaGotcha,RagePowder,LifeDew,TrickRoom|Bold|||||50|]Incineroar||SitrusBerry|Intimidate|FakeOut,FlareBlitz,ThroatChop,PartingShot|Bold||F|||50|
|showteam|p2|Metagross||Metagrossite|ClearBody|IronHead,PsychicFangs,BodyPress,Protect|Adamant|||||50|]Annihilape||ChoiceScarf|Defiant|CloseCombat,ShadowClaw,Coaching,RockTomb|Jolly||F|||50|]Ninetales-Alola||FocusSash|SnowWarning|Blizzard,FreezeDry,AuroraVeil,Protect|Timid||F|||50|]Ceruledge||ColburBerry|FlashFire|BitterBlade,ShadowSneak,BulkUp,Protect|Adamant||F|||50|]Incineroar||SitrusBerry|Intimidate|FakeOut,DarkestLariat,FlareBlitz,PartingShot|Careful||F|||50|]Sinistcha-Masterpiece||KasibBerry|Hospitality|MatchaGotcha,RagePowder,LifeDew,Protect|Calm|||||50|
|j| icarus543
|l| icarus543
|
|t:|1782472456
|teamsize|p1|4
|teamsize|p2|4
|start
|switch|p1a: Delphox|Delphox, L50, M|100/100
|switch|p1b: Sinistcha|Sinistcha, L50|100/100
|switch|p2a: Ceruledge|Ceruledge, L50, F|100/100
|switch|p2b: Annihilape|Annihilape, L50, F|100/100
|turn|1
|
|t:|1782472528
|detailschange|p1a: Delphox|Delphox-Mega, L50, M
|-mega|p1a: Delphox|Delphox|Delphoxite
|move|p1b: Sinistcha|Rage Powder|p1b: Sinistcha
|-singleturn|p1b: Sinistcha|move: Rage Powder
|move|p2b: Annihilape|Shadow Claw|p1b: Sinistcha
|-supereffective|p1b: Sinistcha|1
|-damage|p1b: Sinistcha|51/100
|move|p1a: Delphox|Nasty Plot|p1a: Delphox
|-boost|p1a: Delphox|spa|2
|move|p2a: Ceruledge|Bulk Up|p2a: Ceruledge
|-boost|p2a: Ceruledge|atk|1
|-boost|p2a: Ceruledge|def|1
|
|upkeep
|turn|2
|
|t:|1782472552
|move|p1b: Sinistcha|Rage Powder|p1b: Sinistcha
|-singleturn|p1b: Sinistcha|move: Rage Powder
|move|p2a: Ceruledge|Shadow Sneak|p1b: Sinistcha
|-supereffective|p1b: Sinistcha|1
|-damage|p1b: Sinistcha|3/100
|move|p2b: Annihilape|Shadow Claw|p1b: Sinistcha
|-supereffective|p1b: Sinistcha|1
|-damage|p1b: Sinistcha|0 fnt
|faint|p1b: Sinistcha
|move|p1a: Delphox|Psychic|p2b: Annihilape
|-supereffective|p2b: Annihilape|1
|-damage|p2b: Annihilape|0 fnt
|faint|p2b: Annihilape
|
|upkeep
|
|t:|1782472573
|switch|p2b: Incineroar|Incineroar, L50, F|100/100
|switch|p1b: Incineroar|Incineroar, L50, F|100/100
|-ability|p1b: Incineroar|Intimidate|boost
|-unboost|p2a: Ceruledge|atk|1
|-unboost|p2b: Incineroar|atk|1
|-ability|p2b: Incineroar|Intimidate|boost
|-unboost|p1a: Delphox|atk|1
|-unboost|p1b: Incineroar|atk|1
|turn|3
|
|t:|1782472589
|move|p1b: Incineroar|Fake Out|p2b: Incineroar
|-damage|p2b: Incineroar|93/100
|move|p2a: Ceruledge|Shadow Sneak|p1a: Delphox
|-supereffective|p1a: Delphox|1
|-damage|p1a: Delphox|50/100y
|move|p1a: Delphox|Psychic|p2a: Ceruledge
|-damage|p2a: Ceruledge|3/100
|cant|p2b: Incineroar|flinch
|
|upkeep
|turn|4
|
|t:|1782472601
|move|p1a: Delphox|Protect|p1a: Delphox
|-singleturn|p1a: Delphox|Protect
|move|p2a: Ceruledge|Bitter Blade|p1b: Incineroar
|-resisted|p1b: Incineroar|1
|-damage|p1b: Incineroar|81/100
|-heal|p2a: Ceruledge|14/100|[from] drain|[of] p1b: Incineroar
|move|p1b: Incineroar|Parting Shot|p2b: Incineroar
|-unboost|p2b: Incineroar|atk|1
|-unboost|p2b: Incineroar|spa|1
|
|t:|1782472606
|switch|p1b: Sneasler|Sneasler, L50, M|100/100|[from] Parting Shot
|move|p2b: Incineroar|Darkest Lariat|p1a: Delphox
|-activate|p1a: Delphox|move: Protect
|
|upkeep
|turn|5
|
|t:|1782472624
|switch|p1a: Incineroar|Incineroar, L50, F|81/100
|-ability|p1a: Incineroar|Intimidate|boost
|-unboost|p2a: Ceruledge|atk|1
|-unboost|p2b: Incineroar|atk|1
|move|p2a: Ceruledge|Protect|p2a: Ceruledge
|-singleturn|p2a: Ceruledge|Protect
|move|p1b: Sneasler|Close Combat|p2b: Incineroar
|-supereffective|p2b: Incineroar|1
|-damage|p2b: Incineroar|0 fnt
|-unboost|p1b: Sneasler|def|1
|-unboost|p1b: Sneasler|spd|1
|faint|p2b: Incineroar
|
|upkeep
|
|t:|1782472627
|switch|p2b: Sinistcha|Sinistcha-Masterpiece, L50|100/100
|-heal|p2a: Ceruledge|39/100|[from] ability: Hospitality|[of] p2b: Sinistcha
|turn|6
|
|t:|1782472655
|move|p2b: Sinistcha|Rage Powder|p2b: Sinistcha
|-singleturn|p2b: Sinistcha|move: Rage Powder
|move|p1b: Sneasler|Poison Jab|p2b: Sinistcha
|-damage|p2b: Sinistcha|62/100
|-status|p2b: Sinistcha|psn|[from] ability: Poison Touch|[of] p1b: Sneasler
|move|p2a: Ceruledge|Bitter Blade|p1b: Sneasler
|-damage|p1b: Sneasler|21/100
|-heal|p2a: Ceruledge|73/100|[from] drain|[of] p1b: Sneasler
|move|p1a: Incineroar|Throat Chop|p2b: Sinistcha
|-supereffective|p2b: Sinistcha|1
|-damage|p2b: Sinistcha|15/100 psn
|-start|p2b: Sinistcha|Throat Chop|[silent]
|
|-damage|p2b: Sinistcha|3/100 psn|[from] psn
|upkeep
|turn|7
|
|t:|1782472671
|move|p2a: Ceruledge|Shadow Sneak|p1b: Sneasler
|-damage|p1b: Sneasler|0 fnt
|faint|p1b: Sneasler
|move|p2b: Sinistcha|Life Dew|p2b: Sinistcha|[spread] p2a,p2b
|-heal|p2a: Ceruledge|98/100
|-heal|p2b: Sinistcha|28/100 psn
|move|p1a: Incineroar|Throat Chop|p2a: Ceruledge
|-supereffective|p2a: Ceruledge|1
|-crit|p2a: Ceruledge
|-enditem|p2a: Ceruledge|Colbur Berry|[eat]
|-enditem|p2a: Ceruledge|Colbur Berry|[weaken]
|-damage|p2a: Ceruledge|51/100
|-start|p2a: Ceruledge|Throat Chop|[silent]
|
|-damage|p2b: Sinistcha|16/100 psn|[from] psn
|-end|p2b: Sinistcha|Throat Chop|[silent]
|upkeep
|
|t:|1782472674
|switch|p1b: Delphox|Delphox-Mega, L50, M|50/100y
|turn|8
|
|t:|1782472691
|move|p1b: Delphox|Psychic|p2a: Ceruledge
|-damage|p2a: Ceruledge|4/100
|-unboost|p2a: Ceruledge|spd|1
|move|p2a: Ceruledge|Bulk Up|p2a: Ceruledge
|-boost|p2a: Ceruledge|atk|1
|-boost|p2a: Ceruledge|def|1
|move|p2b: Sinistcha|Life Dew|p2b: Sinistcha|[spread] p2a,p2b
|-heal|p2a: Ceruledge|29/100
|-heal|p2b: Sinistcha|41/100 psn
|move|p1a: Incineroar|Throat Chop|p2a: Ceruledge
|-supereffective|p2a: Ceruledge|1
|-damage|p2a: Ceruledge|0 fnt
|faint|p2a: Ceruledge
|
|-damage|p2b: Sinistcha|29/100 psn|[from] psn
|upkeep
|turn|9
|
|t:|1782472699
|move|p1b: Delphox|Psychic|p2b: Sinistcha
|-damage|p2b: Sinistcha|0 fnt
|faint|p2b: Sinistcha
|
|win|mew mew season 2
