|j|☆raineyluvsu
|j|☆raginghuman
|html|raineyluvsuraginghuman    
|uhtml|bestof|Game 2 of a best-of-3
|t:|1782658453
|gametype|doubles
|player|p1|raineyluvsu|102|1105
|player|p2|raginghuman|102|1171
|gen|9
|tier|[Gen 9 Champions] VGC 2026 Reg M-B (Bo3)
|rated|
|rule|Species Clause: Limit one of each Pokémon
|rule|Item Clause: Limit 1 of each item
|clearpoke
|poke|p1|Metagross, L50|
|poke|p1|Basculegion, L50, M|
|poke|p1|Blaziken, L50, F|
|poke|p1|Politoed, L50, M|
|poke|p1|Tsareena, L50, F|
|poke|p1|Kingambit, L50, F|
|poke|p2|Swampert, L50, M|
|poke|p2|Grimmsnarl, L50, M|
|poke|p2|Archaludon, L50, F|
|poke|p2|Pelipper, L50, F|
|poke|p2|Sneasler, L50, F|
|poke|p2|Metagross, L50|
|teampreview|4
|showteam|p1|Metagross||Metagrossite|ClearBody|IronHead,PsychicFangs,StompingTantrum,Protect|Jolly|||||50|]Basculegion||LifeOrb|Adaptability|WaveCrash,LastRespects,AquaJet,Protect|Jolly||M|||50|]Blaziken||FocusSash|SpeedBoost|Overheat,AuraSphere,Coaching,Detect|Modest||F|||50|]Politoed||SitrusBerry|Drizzle|WeatherBall,IceBeam,PerishSong,Protect|Bold||M|||50|]Tsareena||ChoiceScarf|QueenlyMajesty|TropKick,TripleAxel,LowKick,Uturn|Jolly||F|||50|]Kingambit||BlackGlasses|Defiant|KowtowCleave,SuckerPunch,SwordsDance,Protect|Brave||F|||50|
|showteam|p2|Swampert||Swampertite|Torrent|Protect,FlipTurn,WaveCrash,Earthquake|Adamant||M|||50|]Grimmsnarl||LightClay|Prankster|LightScreen,Reflect,SpiritBreak,PartingShot|Impish||M|||50|]Archaludon||FocusSash|Stamina|ElectroShot,Protect,FlashCannon,DracoMeteor|Modest||F|||50|]Pelipper||SitrusBerry|Drizzle|Tailwind,WeatherBall,Hurricane,Protect|Modest||F|||50|]Sneasler||WhiteHerb|Unburden|Coaching,Protect,CloseCombat,DireClaw|Jolly||F|||50|]Metagross||Metagrossite|ClearBody|PsychicFangs,MeteorMash,Protect,BodyPress|Adamant|||||50|
|inactive|Battle timer is ON: inactive players will automatically lose when time's up. (requested by raginghuman)
|
|t:|1782658471
|teamsize|p1|4
|teamsize|p2|4
|start
|switch|p1a: Blaziken|Blaziken, L50, F|100/100
|switch|p1b: Metagross|Metagross, L50|100/100
|switch|p2a: Grimmsnarl|Grimmsnarl, L50, M|100/100
|switch|p2b: Pelipper|Pelipper, L50, F|100/100
|-weather|RainDance|[from] ability: Drizzle|[of] p2b: Pelipper
|turn|1
|
|t:|1782658488
|switch|p1a: Tsareena|Tsareena, L50, F|100/100
|detailschange|p1b: Metagross|Metagross-Mega, L50
|-mega|p1b: Metagross|Metagross|Metagrossite
|move|p2a: Grimmsnarl|Reflect|p2a: Grimmsnarl
|-sidestart|p2: raginghuman|Reflect
|move|p1b: Metagross|Iron Head|p2a: Grimmsnarl
|-supereffective|p2a: Grimmsnarl|1
|-damage|p2a: Grimmsnarl|34/100
|move|p2b: Pelipper|Tailwind|p2b: Pelipper
|-sidestart|p2: raginghuman|move: Tailwind
|
|-weather|RainDance|[upkeep]
|upkeep
|turn|2
|inactive|raineyluvsu has 30 seconds left.
|
|t:|1782658515
|switch|p1a: Basculegion|Basculegion, L50, M|100/100
|move|p2a: Grimmsnarl|Light Screen|p2a: Grimmsnarl
|-sidestart|p2: raginghuman|move: Light Screen
|move|p2b: Pelipper|Hurricane|p1a: Basculegion
|-crit|p1a: Basculegion
|-damage|p1a: Basculegion|24/100
|move|p1b: Metagross|Psychic Fangs|p2b: Pelipper
|-sideend|p2: raginghuman|Reflect
|-sideend|p2: raginghuman|move: Light Screen
|-damage|p2b: Pelipper|31/100
|-enditem|p2b: Pelipper|Sitrus Berry|[eat]
|-heal|p2b: Pelipper|55/100|[from] item: Sitrus Berry
|
|-weather|RainDance|[upkeep]
|upkeep
|turn|3
|inactive|raginghuman has 30 seconds left.
|
|t:|1782658544
|move|p2a: Grimmsnarl|Parting Shot|p1b: Metagross
|-unboost|p1b: Metagross|atk|1
|-unboost|p1b: Metagross|spa|1
|
|t:|1782658548
|switch|p2a: Archaludon|Archaludon, L50, F|100/100|[from] Parting Shot
|move|p1a: Basculegion|Aqua Jet|p2a: Archaludon
|-resisted|p2a: Archaludon|1
|-damage|p2a: Archaludon|79/100
|-ability|p2a: Archaludon|Stamina|boost
|-boost|p2a: Archaludon|def|1
|-damage|p1a: Basculegion|15/100|[from] item: Life Orb
|move|p2b: Pelipper|Weather Ball|p1b: Metagross
|-damage|p1b: Metagross|37/100
|move|p1b: Metagross|Psychic Fangs|p2b: Pelipper
|-damage|p2b: Pelipper|13/100
|
|-weather|RainDance|[upkeep]
|upkeep
|turn|4
|
|t:|1782658571
|switch|p2b: Grimmsnarl|Grimmsnarl, L50, M|34/100
|switch|p1b: Tsareena|Tsareena, L50, F|100/100
|move|p1a: Basculegion|Aqua Jet|p2b: Grimmsnarl
|-crit|p2b: Grimmsnarl
|-damage|p2b: Grimmsnarl|0 fnt
|faint|p2b: Grimmsnarl
|-damage|p1a: Basculegion|5/100|[from] item: Life Orb
|move|p2a: Archaludon|Electro Shot||[still]
|-prepare|p2a: Archaludon|Electro Shot
|-boost|p2a: Archaludon|spa|1
|-anim|p2a: Archaludon|Electro Shot|p1a: Basculegion
|-supereffective|p1a: Basculegion|1
|-damage|p1a: Basculegion|0 fnt
|faint|p1a: Basculegion
|
|-weather|RainDance|[upkeep]
|-sideend|p2: raginghuman|move: Tailwind
|upkeep
|
|t:|1782658585
|switch|p1a: Blaziken|Blaziken, L50, F|100/100
|switch|p2b: Swampert|Swampert, L50, M|100/100
|turn|5
|inactive|raginghuman has 30 seconds left.
|
|t:|1782658611
|detailschange|p2b: Swampert|Swampert-Mega, L50, M
|-mega|p2b: Swampert|Swampert|Swampertite
|move|p2b: Swampert|Flip Turn|p1a: Blaziken
|-supereffective|p1a: Blaziken|1
|-enditem|p1a: Blaziken|Focus Sash
|-damage|p1a: Blaziken|1/100
|
|t:|1782658617
|switch|p2b: Pelipper|Pelipper, L50, F|13/100|[from] Flip Turn
|move|p1b: Tsareena|Trop Kick|p2b: Pelipper
|-damage|p2b: Pelipper|0 fnt
|faint|p2b: Pelipper
|move|p1a: Blaziken|Aura Sphere|p2a: Archaludon
|-supereffective|p2a: Archaludon|1
|-damage|p2a: Archaludon|0 fnt
|faint|p2a: Archaludon
|
|-weather|none
|-ability|p1a: Blaziken|Speed Boost|boost
|-boost|p1a: Blaziken|spe|1
|upkeep
|-message|raginghuman forfeited.
|
|win|raineyluvsu
|raw|raineyluvsu's rating: 1105 → 1135(+30 for winning)
|raw|raginghuman's rating: 1171 → 1141(-30 for losing)
