|j|☆123e45
|j|☆Jdawgin13
|html|123e45Jdawgin13    
|uhtml|bestof|Game 2 of a best-of-3
|t:|1755542759
|gametype|doubles
|player|p1|123e45|101|1124
|player|p2|Jdawgin13|nate|1197
|gen|9
|tier|[Gen 9] VGC 2025 Reg H (Bo3)
|rated|
|rule|Species Clause: Limit one of each Pokémon
|rule|Item Clause: Limit 1 of each item
|clearpoke
|poke|p1|Sneasler, L50, M|
|poke|p1|Primarina, L50, M|
|poke|p1|Garchomp, L50, F|
|poke|p1|Vivillon, L50, M|
|poke|p1|Porygon2, L50|
|poke|p1|Gholdengo, L50|
|poke|p2|Porygon2, L50|
|poke|p2|Incineroar, L50, F|
|poke|p2|Ursaluna, L50, M|
|poke|p2|Amoonguss, L50, F|
|poke|p2|Gholdengo, L50|
|poke|p2|Dragonite, L50, F|
|teampreview|4
|showteam|p1|Sneasler||CovertCloak|PoisonTouch|DireClaw,CloseCombat,FakeOut,Protect|||M|||50|,,,,,Stellar]Primarina||ThroatSpray|LiquidVoice|Protect,Moonblast,HyperVoice,Haze|||M|||50|,,,,,Steel]Garchomp||LifeOrb|RoughSkin|Protect,StompingTantrum,DragonClaw,Earthquake|||F|||50|,,,,,Fire]Vivillon||FocusSash|CompoundEyes|Protect,Hurricane,RagePowder,SleepPowder|||M|||50|,,,,,Ghost]Porygon2||Eviolite|Download|TeraBlast,IceBeam,Recover,TrickRoom||||||50|,,,,,Fighting]Gholdengo||MetalCoat|GoodasGold|Protect,MakeItRain,ShadowBall,NastyPlot||||||50|,,,,,Dragon
|showteam|p2|Porygon2||Eviolite|Download|TeraBlast,IceBeam,Recover,TrickRoom||||||50|,,,,,Fighting]Incineroar||SafetyGoggles|Intimidate|FakeOut,KnockOff,FlareBlitz,PartingShot|||F|||50|,,,,,Ghost]Ursaluna||FlameOrb|Guts|HeadlongRush,Facade,Earthquake,Protect|||M|||50|,,,,,Ghost]Amoonguss||SitrusBerry|Regenerator|PollenPuff,Spore,RagePowder,Protect|||F|||50|,,,,,Water]Gholdengo||LifeOrb|GoodasGold|MakeItRain,ShadowBall,NastyPlot,Protect||||||50|,,,,,Water]Dragonite||LoadedDice|Multiscale|ScaleShot,Haze,Tailwind,Protect|||F|||50|,,,,,Steel
|inactive|Battle timer is ON: inactive players will automatically lose when time's up. (requested by 123e45)
|
|t:|1755542788
|teamsize|p1|4
|teamsize|p2|4
|start
|switch|p1a: Primarina|Primarina, L50, M|100/100
|switch|p1b: Sneasler|Sneasler, L50, M|100/100
|switch|p2a: Amoonguss|Amoonguss, L50, F|100/100
|switch|p2b: Incineroar|Incineroar, L50, F|100/100
|-ability|p2b: Incineroar|Intimidate|boost
|-unboost|p1a: Primarina|atk|1
|-unboost|p1b: Sneasler|atk|1
|turn|1
|
|t:|1755542800
|switch|p1a: Garchomp|Garchomp, L50, F|100/100
|move|p1b: Sneasler|Fake Out|p2a: Amoonguss
|-damage|p2a: Amoonguss|92/100
|move|p2b: Incineroar|Fake Out|p1a: Garchomp
|-damage|p1a: Garchomp|90/100
|-damage|p2b: Incineroar|88/100|[from] ability: Rough Skin|[of] p1a: Garchomp
|cant|p2a: Amoonguss|flinch
|
|upkeep
|turn|2
|inactive|123e45 has 30 seconds left.
|inactive|123e45 has 20 seconds left.
|inactive|123e45 has 15 seconds left.
|inactive|123e45 has 10 seconds left.
|
|t:|1755542847
|switch|p2b: Dragonite|Dragonite, L50, F|100/100
|move|p1b: Sneasler|Dire Claw|p2a: Amoonguss
|-damage|p2a: Amoonguss|68/100
|-status|p2a: Amoonguss|slp
|move|p1a: Garchomp|Dragon Claw|p2a: Amoonguss
|-damage|p2a: Amoonguss|25/100 slp
|-enditem|p2a: Amoonguss|Sitrus Berry|[eat]
|-heal|p2a: Amoonguss|50/100 slp|[from] item: Sitrus Berry
|-damage|p1a: Garchomp|80/100|[from] item: Life Orb
|cant|p2a: Amoonguss|slp
|
|upkeep
|turn|3
|inactive|123e45 has 30 seconds left.
|inactive|Jdawgin13 has 30 seconds left.
|
|t:|1755542876
|switch|p1a: Primarina|Primarina, L50, M|100/100
|switch|p2a: Incineroar|Incineroar, L50, F|88/100
|-ability|p2a: Incineroar|Intimidate|boost
|-unboost|p1a: Primarina|atk|1
|-unboost|p1b: Sneasler|atk|1
|move|p2b: Dragonite|Protect|p2b: Dragonite
|-singleturn|p2b: Dragonite|Protect
|move|p1b: Sneasler|Dire Claw|p2b: Dragonite
|-activate|p2b: Dragonite|move: Protect
|
|upkeep
|turn|4
|
|t:|1755542896
|move|p2a: Incineroar|Fake Out|p1a: Primarina
|-damage|p1a: Primarina|90/100
|move|p1b: Sneasler|Dire Claw|p2b: Dragonite
|-damage|p2b: Dragonite|88/100
|-status|p2b: Dragonite|par
|cant|p1a: Primarina|flinch
|move|p2b: Dragonite|Tailwind|p2b: Dragonite
|-sidestart|p2: Jdawgin13|move: Tailwind
|
|upkeep
|turn|5
|
|t:|1755542915
|move|p1b: Sneasler|Protect|p1b: Sneasler
|-singleturn|p1b: Sneasler|Protect
|move|p1a: Primarina|Protect|p1a: Primarina
|-singleturn|p1a: Primarina|Protect
|move|p2a: Incineroar|Parting Shot|p1a: Primarina
|-activate|p1a: Primarina|move: Protect
|move|p2b: Dragonite|Scale Shot|p1b: Sneasler
|-activate|p1b: Sneasler|move: Protect
|
|upkeep
|turn|6
|
|t:|1755542926
|move|p2a: Incineroar|Parting Shot|p1a: Primarina
|-unboost|p1a: Primarina|atk|1
|-unboost|p1a: Primarina|spa|1
|
|t:|1755542931
|switch|p2a: Amoonguss|Amoonguss, L50, F|83/100 slp|[from] Parting Shot
|move|p1b: Sneasler|Dire Claw|p2b: Dragonite
|-damage|p2b: Dragonite|66/100 par
|move|p2b: Dragonite|Scale Shot|p1b: Sneasler
|-damage|p1b: Sneasler|73/100
|-damage|p1b: Sneasler|46/100
|-damage|p1b: Sneasler|19/100
|-damage|p1b: Sneasler|0 fnt
|faint|p1b: Sneasler
|-hitcount|p1: Sneasler|4
|-unboost|p2b: Dragonite|def|1
|-boost|p2b: Dragonite|spe|1
|move|p1a: Primarina|Hyper Voice|p2a: Amoonguss|[spread] p2a,p2b
|-resisted|p2a: Amoonguss
|-resisted|p2b: Dragonite
|-damage|p2a: Amoonguss|73/100 slp
|-damage|p2b: Dragonite|54/100 par
|-enditem|p1a: Primarina|Throat Spray
|-boost|p1a: Primarina|spa|1|[from] item: Throat Spray
|
|upkeep
|
|t:|1755542942
|switch|p1b: Vivillon|Vivillon, L50, M|100/100
|turn|7
|
|t:|1755542955
|cant|p2a: Amoonguss|slp
|cant|p2b: Dragonite|par
|move|p1b: Vivillon|Hurricane|p2a: Amoonguss
|-supereffective|p2a: Amoonguss
|-damage|p2a: Amoonguss|0 fnt
|faint|p2a: Amoonguss
|move|p1a: Primarina|Hyper Voice|p2b: Dragonite
|-resisted|p2b: Dragonite
|-damage|p2b: Dragonite|30/100 par
|
|-sideend|p2: Jdawgin13|move: Tailwind
|upkeep
|
|t:|1755542966
|switch|p2a: Porygon2|Porygon2, L50|100/100
|-ability|p2a: Porygon2|Download|boost
|-boost|p2a: Porygon2|atk|1
|turn|8
|
|t:|1755542979
|move|p1b: Vivillon|Sleep Powder|p2a: Porygon2
|-status|p2a: Porygon2|slp|[from] move: Sleep Powder
|cant|p2b: Dragonite|par
|cant|p2a: Porygon2|slp
|move|p1a: Primarina|Moonblast|p2b: Dragonite
|-supereffective|p2b: Dragonite
|-damage|p2b: Dragonite|0 fnt
|faint|p2b: Dragonite
|
|upkeep
|
|t:|1755542981
|switch|p2b: Incineroar|Incineroar, L50, F|88/100
|-ability|p2b: Incineroar|Intimidate|boost
|-unboost|p1a: Primarina|atk|1
|-unboost|p1b: Vivillon|atk|1
|turn|9
|c|☆Jdawgin13|Bruh
|
|t:|1755542993
|switch|p1a: Garchomp|Garchomp, L50, F|80/100
|move|p1b: Vivillon|Protect|p1b: Vivillon
|-singleturn|p1b: Vivillon|Protect
|move|p2b: Incineroar|Fake Out|p1a: Garchomp
|-damage|p1a: Garchomp|69/100
|-damage|p2b: Incineroar|76/100|[from] ability: Rough Skin|[of] p1a: Garchomp
|cant|p2a: Porygon2|slp
|
|upkeep
|turn|10
|
|t:|1755543004
|-terastallize|p2b: Incineroar|Ghost
|move|p1b: Vivillon|Rage Powder|p1b: Vivillon
|-singleturn|p1b: Vivillon|move: Rage Powder
|move|p1a: Garchomp|Earthquake|p2b: Incineroar|[spread] p2a,p2b
|-immune|p1b: Vivillon
|-damage|p2a: Porygon2|69/100 slp
|-damage|p2b: Incineroar|28/100
|-damage|p1a: Garchomp|59/100|[from] item: Life Orb
|move|p2b: Incineroar|Knock Off|p1b: Vivillon
|-damage|p1b: Vivillon|29/100
|-enditem|p1b: Vivillon|Focus Sash|[from] move: Knock Off|[of] p2b: Incineroar
|cant|p2a: Porygon2|slp
|
|upkeep
|turn|11
|
|t:|1755543024
|move|p1b: Vivillon|Rage Powder|p1b: Vivillon
|-singleturn|p1b: Vivillon|move: Rage Powder
|move|p1a: Garchomp|Earthquake|p2b: Incineroar|[spread] p2a,p2b
|-immune|p1b: Vivillon
|-damage|p2a: Porygon2|34/100 slp
|-damage|p2b: Incineroar|0 fnt
|faint|p2b: Incineroar
|-damage|p1a: Garchomp|49/100|[from] item: Life Orb
|-curestatus|p2a: Porygon2|slp|[msg]
|move|p2a: Porygon2|Ice Beam|p1b: Vivillon
|-supereffective|p1b: Vivillon
|-damage|p1b: Vivillon|0 fnt
|faint|p1b: Vivillon
|
|upkeep
|
|t:|1755543026
|switch|p1b: Primarina|Primarina, L50, M|90/100
|turn|12
|
|t:|1755543033
|move|p1a: Garchomp|Dragon Claw|p2a: Porygon2
|-damage|p2a: Porygon2|0 fnt
|faint|p2a: Porygon2
|-damage|p1a: Garchomp|39/100|[from] item: Life Orb
|
|win|123e45
|raw|123e45's rating: 1124 → 1154(+30 for winning)
|raw|Jdawgin13's rating: 1197 → 1167(-30 for losing)
|l|☆123e45
|player|p1|
