|j|☆panijc
|j|☆josius111
|html|panijcjosius111    
|uhtml|bestof|Game 3 of a best-of-3
|t:|1785982907
|gametype|doubles
|player|p1|panijc|102|1185
|player|p2|josius111|102|1093
|gen|9
|tier|[Gen 9 Champions] VGC 2026 Reg M-B (Bo3)
|rated|
|rule|Species Clause: Limit one of each Pokémon
|rule|Item Clause: Limit 1 of each item
|clearpoke
|poke|p1|Raichu, L50, F|
|poke|p1|Mamoswine, L50, M|
|poke|p1|Sylveon, L50, F|
|poke|p1|Incineroar, L50, F|
|poke|p1|Basculegion, L50, M|
|poke|p1|Whimsicott, L50, F|
|poke|p2|Delphox, L50, M|
|poke|p2|Garchomp, L50, M|
|poke|p2|Clefable, L50, M|
|poke|p2|Sneasler, L50, F|
|poke|p2|Gyarados, L50, M|
|poke|p2|Kingambit, L50, M|
|teampreview|4
|showteam|p1|Raichu||RaichuniteY|LightningRod|ZapCannon,FocusBlast,FakeOut,Protect|Timid||F|||50|]Mamoswine||LifeOrb|Oblivious|IcicleCrash,HighHorsepower,IceShard,Protect|Adamant||M|||50|]Sylveon||FairyFeather|Pixilate|HyperVoice,HyperBeam,Detect,Yawn|Modest||F|||50|]Incineroar||SitrusBerry|Intimidate|ThroatChop,FlareBlitz,FakeOut,PartingShot|Impish||F|||50|]Basculegion||MysticWater|Adaptability|WaveCrash,LastRespects,AquaJet,Protect|Adamant||M|||50|]Whimsicott||FocusSash|Prankster|Moonblast,Tailwind,Protect,Encore|Timid||F|||50|
|showteam|p2|Delphox||Delphoxite|Blaze|Protect,Psychic,CalmMind,HeatWave|Bold||M|||50|]Garchomp||ChoiceScarf|RoughSkin|RockSlide,StompingTantrum,Earthquake,DragonClaw|Jolly||M|||50|]Clefable||SitrusBerry|MagicGuard|Protect,FollowMe,HelpingHand,Moonblast|Calm||M|||50|]Sneasler||WhiteHerb|Unburden|Protect,CloseCombat,FakeOut,DireClaw|Adamant||F|||50|]Gyarados||Gyaradosite|Intimidate|DragonDance,Crunch,Waterfall,Protect|Adamant||M|||50|]Kingambit||FocusSash|Defiant|Protect,IronHead,LowKick,SuckerPunch|Adamant||M|||50|
|
|t:|1785982940
|teamsize|p1|4
|teamsize|p2|4
|start
|switch|p1a: Raichu|Raichu, L50, F|100/100
|switch|p1b: Basculegion|Basculegion, L50, M|100/100
|switch|p2a: Garchomp|Garchomp, L50, M|100/100
|switch|p2b: Sneasler|Sneasler, L50, F|100/100
|turn|1
|
|t:|1785982966
|switch|p2b: Gyarados|Gyarados, L50, M|100/100
|-ability|p2b: Gyarados|Intimidate|boost
|-unboost|p1a: Raichu|atk|1
|-unboost|p1b: Basculegion|atk|1
|move|p1a: Raichu|Protect|p1a: Raichu
|-singleturn|p1a: Raichu|Protect
|move|p2a: Garchomp|Earthquake|p1b: Basculegion|[spread] p1b
|-activate|p1a: Raichu|move: Protect
|-immune|p2b: Gyarados
|-damage|p1b: Basculegion|58/100
|move|p1b: Basculegion|Wave Crash|p2b: Gyarados
|-resisted|p2b: Gyarados|1
|-damage|p2b: Gyarados|61/100
|-damage|p1b: Basculegion|48/100|[from] Recoil
|
|upkeep
|turn|2
|
|t:|1785982989
|switch|p1a: Sylveon|Sylveon, L50, F|100/100
|move|p1b: Basculegion|Protect|p1b: Basculegion
|-singleturn|p1b: Basculegion|Protect
|move|p2a: Garchomp|Earthquake|p1b: Basculegion|[spread] p1a
|-activate|p1b: Basculegion|move: Protect
|-immune|p2b: Gyarados
|-damage|p1a: Sylveon|61/100
|move|p2b: Gyarados|Crunch|p1b: Basculegion
|-activate|p1b: Basculegion|move: Protect
|
|upkeep
|turn|3
|
|t:|1785983005
|switch|p1b: Mamoswine|Mamoswine, L50, M|100/100
|move|p2a: Garchomp|Earthquake|p1a: Sylveon|[spread] p1a,p1b
|-immune|p2b: Gyarados
|-damage|p1a: Sylveon|15/100
|-damage|p1b: Mamoswine|56/100
|move|p2b: Gyarados|Crunch|p1b: Mamoswine
|-damage|p1b: Mamoswine|24/100
|move|p1a: Sylveon|Hyper Voice|p2b: Gyarados|[spread] p2a,p2b
|-supereffective|p2a: Garchomp|1
|-damage|p2a: Garchomp|2/100
|-damage|p2b: Gyarados|14/100
|
|upkeep
|turn|4
|
|t:|1785983025
|detailschange|p2b: Gyarados|Gyarados-Mega, L50, M
|-mega|p2b: Gyarados|Gyarados|Gyaradosite
|-ability|p2b: Gyarados|Mold Breaker
|move|p1b: Mamoswine|Ice Shard|p2a: Garchomp
|-supereffective|p2a: Garchomp|2
|-damage|p2a: Garchomp|0 fnt
|faint|p2a: Garchomp
|-damage|p1b: Mamoswine|14/100|[from] item: Life Orb
|move|p2b: Gyarados|Waterfall|p1a: Sylveon
|-damage|p1a: Sylveon|0 fnt
|faint|p1a: Sylveon
|
|upkeep
|
|t:|1785983047
|switch|p2a: Sneasler|Sneasler, L50, F|100/100
|switch|p1a: Raichu|Raichu, L50, F|100/100
|turn|5
|
|t:|1785983062
|detailschange|p1a: Raichu|Raichu-Mega-Y, L50, F
|-mega|p1a: Raichu|Raichu|Raichunite Y
|move|p1a: Raichu|Fake Out|p2a: Sneasler
|-damage|p2a: Sneasler|86/100
|cant|p2a: Sneasler|flinch
|move|p1b: Mamoswine|Ice Shard|p2b: Gyarados
|-resisted|p2b: Gyarados|1
|-damage|p2b: Gyarados|0 fnt
|faint|p2b: Gyarados
|-damage|p1b: Mamoswine|4/100|[from] item: Life Orb
|
|upkeep
|
|t:|1785983066
|switch|p2b: Clefable|Clefable, L50, M|100/100
|turn|6
|
|t:|1785983080
|move|p2b: Clefable|Follow Me|p2b: Clefable
|-singleturn|p2b: Clefable|move: Follow Me
|move|p1a: Raichu|Zap Cannon|p2b: Clefable
|-damage|p2b: Clefable|53/100
|-status|p2b: Clefable|par
|move|p2a: Sneasler|Close Combat|p1b: Mamoswine
|-supereffective|p1b: Mamoswine|1
|-damage|p1b: Mamoswine|0 fnt
|-unboost|p2a: Sneasler|def|1
|-unboost|p2a: Sneasler|spd|1
|faint|p1b: Mamoswine
|-enditem|p2a: Sneasler|White Herb
|-clearnegativeboost|p2a: Sneasler|[silent]
|
|upkeep
|
|t:|1785983092
|switch|p1b: Basculegion|Basculegion, L50, M|48/100
|turn|7
|
|t:|1785983099
|move|p2a: Sneasler|Close Combat|p1a: Raichu
|-damage|p1a: Raichu|0 fnt
|-unboost|p2a: Sneasler|def|1
|-unboost|p2a: Sneasler|spd|1
|faint|p1a: Raichu
|move|p1b: Basculegion|Last Respects|p2a: Sneasler
|-damage|p2a: Sneasler|0 fnt
|faint|p2a: Sneasler
|cant|p2b: Clefable|par
|
|upkeep
|turn|8
|
|t:|1785983111
|move|p1b: Basculegion|Last Respects|p2b: Clefable
|-damage|p2b: Clefable|0 fnt
|faint|p2b: Clefable
|
|win|panijc
|raw|panijc's rating: 1185 → 1204(+19 for winning)
|raw|josius111's rating: 1093 → 1075(-18 for losing)
|l|☆josius111
|player|p2|
