|j|☆selene915
|j|☆new mental
|html|selene915new mental    
|uhtml|bestof|Game 1 of a best-of-3
|t:|1783592026
|gametype|doubles
|player|p1|selene915|cynthia|1181
|player|p2|new mental|volkner|1301
|gen|9
|tier|[Gen 9 Champions] VGC 2026 Reg M-B (Bo3)
|rated|
|rule|Species Clause: Limit one of each Pokémon
|rule|Item Clause: Limit 1 of each item
|clearpoke
|poke|p1|Medicham, L50, F|
|poke|p1|Gholdengo, L50|
|poke|p1|Whimsicott, L50, F|
|poke|p1|Charizard, L50, F|
|poke|p1|Tyranitar, L50, M|
|poke|p1|Tsareena, L50, F|
|poke|p2|Charizard, L50, F|
|poke|p2|Kingambit, L50, F|
|poke|p2|Sylveon, L50, F|
|poke|p2|Garchomp, L50, F|
|poke|p2|Aerodactyl, L50, M|
|poke|p2|Farigiraf, L50, F|
|teampreview|4
|showteam|p1|Medicham||Medichamite|PurePower|FakeOut,Trailblaze,DrainPunch,PsychoCut|Jolly||F|||50|]Gholdengo||ChoiceScarf|GoodasGold|MakeItRain,ShadowBall,PowerGem,Psychic|Timid|||||50|]Whimsicott||FocusSash|Prankster|Moonblast,Encore,FakeTears,Tailwind|Bold||F|||50|]Charizard||CharizarditeY|Blaze|HeatWave,SolarBeam,DragonPulse,Protect|Modest||F|||50|]Tyranitar||LifeOrb|SandStream|IcePunch,RockSlide,KnockOff,Protect|Adamant||M|||50|]Tsareena||ExpertBelt|QueenlyMajesty|TropKick,TripleAxel,LowKick,Protect|Adamant||F|||50|
|showteam|p2|Charizard||CharizarditeY|SolarPower|Protect,HeatWave,SolarBeam,WeatherBall|Modest||F|||50|]Kingambit||FocusSash|Defiant|IronHead,SuckerPunch,KowtowCleave,LowKick|Adamant||F|||50|]Sylveon||FairyFeather|Pixilate|Detect,HyperVoice,HyperBeam,QuickAttack|Modest||F|||50|]Garchomp||LifeOrb|RoughSkin|Protect,DragonClaw,Earthquake,RockSlide|Jolly||F|||50|]Aerodactyl||Aerodactylite|Unnerve|IceFang,RockSlide,Tailwind,DualWingbeat|Jolly||M|||50|]Farigiraf||SitrusBerry|ArmorTail|TrickRoom,Psychic,Thunderbolt,Roar|Bold||F|||50|
|
|t:|1783592112
|teamsize|p1|4
|teamsize|p2|4
|start
|switch|p1a: Tyranitar|Tyranitar, L50, M|100/100
|switch|p1b: Whimsicott|Whimsicott, L50, F|100/100
|switch|p2a: Charizard|Charizard, L50, F|100/100
|switch|p2b: Sylveon|Sylveon, L50, F|100/100
|-weather|Sandstorm|[from] ability: Sand Stream|[of] p1a: Tyranitar
|turn|1
|inactive|Battle timer is ON: inactive players will automatically lose when time's up. (requested by new mental)
|
|t:|1783592152
|detailschange|p2a: Charizard|Charizard-Mega-Y, L50, F
|-mega|p2a: Charizard|Charizard|Charizardite Y
|-weather|SunnyDay|[from] ability: Drought|[of] p2a: Charizard
|move|p2a: Charizard|Protect|p2a: Charizard
|-singleturn|p2a: Charizard|Protect
|move|p1a: Tyranitar|Protect|p1a: Tyranitar
|-singleturn|p1a: Tyranitar|Protect
|move|p1b: Whimsicott|Tailwind|p1b: Whimsicott
|-sidestart|p1: selene915|move: Tailwind
|move|p2b: Sylveon|Hyper Voice|p1a: Tyranitar|[spread] p1b
|-activate|p1a: Tyranitar|move: Protect
|-damage|p1b: Whimsicott|25/100
|
|-weather|SunnyDay|[upkeep]
|upkeep
|turn|2
|
|t:|1783592170
|switch|p2a: Kingambit|Kingambit, L50, F|100/100
|move|p1b: Whimsicott|Moonblast|p2b: Sylveon
|-damage|p2b: Sylveon|79/100
|move|p1a: Tyranitar|Rock Slide|p2b: Sylveon|[spread] p2a,p2b
|-resisted|p2a: Kingambit|1
|-damage|p2a: Kingambit|82/100
|-damage|p2b: Sylveon|35/100
|-damage|p1a: Tyranitar|90/100|[from] item: Life Orb
|move|p2b: Sylveon|Hyper Voice|p1b: Whimsicott|[spread] p1a,p1b
|-supereffective|p1a: Tyranitar|1
|-damage|p1a: Tyranitar|0 fnt
|-damage|p1b: Whimsicott|0 fnt
|faint|p1a: Tyranitar
|faint|p1b: Whimsicott
|
|-weather|SunnyDay|[upkeep]
|upkeep
|
|t:|1783592186
|switch|p1b: Medicham|Medicham, L50, F|100/100
|switch|p1a: Gholdengo|Gholdengo, L50|100/100
|turn|3
|
|t:|1783592204
|detailschange|p1b: Medicham|Medicham-Mega, L50, F
|-mega|p1b: Medicham|Medicham|Medichamite
|move|p1b: Medicham|Fake Out|p2a: Kingambit
|-resisted|p2a: Kingambit|1
|-damage|p2a: Kingambit|71/100
|cant|p2a: Kingambit|flinch
|move|p1a: Gholdengo|Power Gem|p2b: Sylveon
|-damage|p2b: Sylveon|12/100
|move|p2b: Sylveon|Hyper Beam|p1b: Medicham|[miss]
|-miss|p2b: Sylveon|p1b: Medicham
|
|-weather|SunnyDay|[upkeep]
|upkeep
|turn|4
|
|t:|1783592220
|move|p2b: Sylveon|Detect|p2b: Sylveon
|-singleturn|p2b: Sylveon|Protect
|move|p2a: Kingambit|Sucker Punch|p1a: Gholdengo
|-supereffective|p1a: Gholdengo|1
|-damage|p1a: Gholdengo|4/100
|move|p1a: Gholdengo|Power Gem|p2b: Sylveon
|-activate|p2b: Sylveon|move: Protect
|move|p1b: Medicham|Drain Punch|p2a: Kingambit
|-supereffective|p2a: Kingambit|2
|-damage|p2a: Kingambit|0 fnt
|faint|p2a: Kingambit
|
|-weather|SunnyDay|[upkeep]
|-sideend|p1: selene915|move: Tailwind
|upkeep
|
|t:|1783592226
|switch|p2a: Garchomp|Garchomp, L50, F|100/100
|turn|5
|
|t:|1783592245
|move|p2b: Sylveon|Quick Attack|p1b: Medicham
|-supereffective|p1b: Medicham|1
|-crit|p1b: Medicham
|-damage|p1b: Medicham|34/100
|move|p1a: Gholdengo|Power Gem|p2b: Sylveon
|-damage|p2b: Sylveon|0 fnt
|faint|p2b: Sylveon
|move|p2a: Garchomp|Earthquake|p1a: Gholdengo|[spread] p1a,p1b
|-supereffective|p1a: Gholdengo|1
|-damage|p1a: Gholdengo|0 fnt
|-damage|p1b: Medicham|0 fnt
|faint|p1a: Gholdengo
|faint|p1b: Medicham
|-damage|p2a: Garchomp|90/100|[from] item: Life Orb
|
|win|new mental
||new mental is ready for game 2.
|inactive|selene915 has 30 seconds to confirm battle start!
|raw|selene915's rating: 1181 → 1164(-17 for losing)
|raw|new mental's rating: 1301 → 1314(+13 for winning)
|l|☆selene915
|player|p1|
