|j|☆Ethan's Bleakmiss
|j|‽Path0fShad0ws
|html|Ethan's BleakmissPath0fShad0ws    
|uhtml|bestof|Game 1 of a best-of-3
|t:|1784558344
|gametype|doubles
|player|p1|Ethan's Bleakmiss|unknown|1110
|player|p2|Path0fShad0ws|rocketgrunt|1061
|gen|9
|tier|[Gen 9 Champions] VGC 2026 Reg M-B (Bo3)
|rated|
|rule|Species Clause: Limit one of each Pokémon
|rule|Item Clause: Limit 1 of each item
|clearpoke
|poke|p1|Blaziken, L50, M|
|poke|p1|Ninetales-Alola, L50, F|
|poke|p1|Kingambit, L50, F, shiny|
|poke|p1|Basculegion, L50, M, shiny|
|poke|p1|Farigiraf, L50, F, shiny|
|poke|p1|Slowbro, L50, M, shiny|
|poke|p2|Bellibolt, L50, F|
|poke|p2|Sceptile, L50, F|
|poke|p2|Slowbro-Galar, L50, M|
|poke|p2|Talonflame, L50, M|
|poke|p2|Kleavor, L50, M|
|poke|p2|Glimmora, L50, F|
|teampreview|4
|showteam|p1|Blaziken||Blazikenite|SpeedBoost|CloseCombat,FlareBlitz,StoneEdge,Detect|Adamant||M|||50|]Ninetales-Alola||NeverMeltIce|SnowWarning|Blizzard,FreezeDry,Encore,Protect|Timid||F|||50|]Kingambit||LifeOrb|Defiant|SuckerPunch,KowtowCleave,IronHead,Protect|Brave||F|||50|]Basculegion||ChoiceScarf|Adaptability|WaveCrash,LastRespects,FlipTurn,AquaJet|Adamant||M|||50|]Farigiraf||SitrusBerry|ArmorTail|HyperVoice,Psychic,TrickRoom,HelpingHand|Sassy||F|||50|]Slowbro||Slowbronite|Regenerator|BodyPress,Protect,Scald,Psychic|Quiet||M|||50|
|showteam|p2|Bellibolt||ShellBell|Electromorphosis|Soak,ParabolicCharge,Discharge,Protect|Serious||F|||50|]Sceptile||Sceptilite|Overgrow|DragonPulse,GigaDrain,Protect,EarthPower|Modest||F|||50|]Slowbro-Galar||ExpertBelt|OwnTempo|ShellSideArm,ZenHeadbutt,IcePunch,SlackOff|Relaxed||M|||50|]Talonflame||WhiteHerb|FlameBody|Tailwind,Acrobatics,FlareBlitz,Uturn|Jolly||M|||50|]Kleavor||ChoiceScarf|Sharpness|StoneAxe,Uturn,CloseCombat,NightSlash|Serious||M|||50|]Glimmora||FocusSash|Corrosion|Toxic,PowerGem,SpikyShield,DazzlingGleam|Timid||F|||50|
|inactive|Battle timer is ON: inactive players will automatically lose when time's up. (requested by Ethan's Bleakmiss)
|inactive|Ethan's Bleakmiss has 60 seconds left.
|inactive|Ethan's Bleakmiss has 30 seconds left.
|
|t:|1784558410
|teamsize|p1|4
|teamsize|p2|4
|start
|switch|p1a: Ninetales|Ninetales-Alola, L50, F|100/100
|switch|p1b: Basculegion|Basculegion, L50, M, shiny|100/100
|switch|p2a: Bellibolt|Bellibolt, L50, F|100/100
|switch|p2b: Sceptile|Sceptile, L50, F|100/100
|-weather|Snowscape|[from] ability: Snow Warning|[of] p1a: Ninetales
|turn|1
|
|t:|1784558431
|move|p2b: Sceptile|Protect|p2b: Sceptile
|-singleturn|p2b: Sceptile|Protect
|move|p1b: Basculegion|Flip Turn|p2a: Bellibolt
|-damage|p2a: Bellibolt|66/100
|-start|p2a: Bellibolt|Charge|Flip Turn|[from] ability: Electromorphosis
|
|t:|1784558438
|switch|p1b: Farigiraf|Farigiraf, L50, F, shiny|100/100|[from] Flip Turn
|move|p1a: Ninetales|Blizzard|p2a: Bellibolt|[spread] p2a
|-activate|p2b: Sceptile|move: Protect
|-damage|p2a: Bellibolt|36/100
|-start|p2a: Bellibolt|Charge|Blizzard|[from] ability: Electromorphosis
|move|p2a: Bellibolt|Discharge|p1a: Ninetales|[spread] p1a,p1b
|-activate|p2b: Sceptile|move: Protect
|-crit|p1a: Ninetales
|-damage|p1a: Ninetales|25/100
|-damage|p1b: Farigiraf|58/100
|-status|p1b: Farigiraf|par
|-heal|p2a: Bellibolt|49/100|[from] item: Shell Bell|[of] p1b: Farigiraf
|-end|p2a: Bellibolt|Charge|[silent]
|
|-weather|Snowscape|[upkeep]
|upkeep
|turn|2
|inactive|Ethan's Bleakmiss has 30 seconds left.
|inactive|Path0fShad0ws has 30 seconds left.
|
|t:|1784558467
|switch|p2b: Glimmora|Glimmora, L50, F|100/100
|move|p1a: Ninetales|Protect|p1a: Ninetales
|-singleturn|p1a: Ninetales|Protect
|move|p2a: Bellibolt|Discharge|p1a: Ninetales|[spread] p2b,p1b
|-activate|p1a: Ninetales|move: Protect
|-damage|p2b: Glimmora|73/100
|-damage|p1b: Farigiraf|39/100 par
|-status|p2b: Glimmora|par
|-enditem|p1b: Farigiraf|Sitrus Berry|[eat]
|-heal|p1b: Farigiraf|64/100 par|[from] item: Sitrus Berry
|-heal|p2a: Bellibolt|54/100|[from] item: Shell Bell|[of] p1b: Farigiraf
|move|p1b: Farigiraf|Trick Room|p1b: Farigiraf
|-fieldstart|move: Trick Room|[of] p1b: Farigiraf
|
|-weather|Snowscape|[upkeep]
|upkeep
|turn|3
|
|t:|1784558488
|move|p2b: Glimmora|Spiky Shield|p2b: Glimmora
|-singleturn|p2b: Glimmora|move: Protect
|move|p1b: Farigiraf|Psychic|p2b: Glimmora
|-activate|p2b: Glimmora|move: Protect
|move|p2a: Bellibolt|Parabolic Charge|p1a: Ninetales|[spread] p1a,p1b
|-activate|p2b: Glimmora|move: Protect
|-damage|p1a: Ninetales|3/100
|-heal|p2a: Bellibolt|62/100|[from] drain|[of] p1a: Ninetales
|-damage|p1b: Farigiraf|48/100 par
|-heal|p2a: Bellibolt|71/100|[from] drain|[of] p1b: Farigiraf
|-heal|p2a: Bellibolt|74/100|[from] item: Shell Bell|[of] p1b: Farigiraf
|move|p1a: Ninetales|Blizzard|p2b: Glimmora|[spread] p2a
|-activate|p2b: Glimmora|move: Protect
|-damage|p2a: Bellibolt|41/100
|-start|p2a: Bellibolt|Charge|Blizzard|[from] ability: Electromorphosis
|
|-weather|Snowscape|[upkeep]
|upkeep
|turn|4
|inactive|Path0fShad0ws has 30 seconds left.
|inactive|Path0fShad0ws has 20 seconds left.
|
|t:|1784558525
|move|p2b: Glimmora|Spiky Shield||[still]
|-fail|p2b: Glimmora
|move|p1a: Ninetales|Protect|p1a: Ninetales
|-singleturn|p1a: Ninetales|Protect
|move|p1b: Farigiraf|Psychic|p2b: Glimmora
|-supereffective|p2b: Glimmora|1
|-damage|p2b: Glimmora|1/100 par
|-unboost|p2b: Glimmora|spd|1
|move|p2a: Bellibolt|Parabolic Charge|p1a: Ninetales|[spread] p2b,p1b
|-activate|p1a: Ninetales|move: Protect
|-damage|p2b: Glimmora|0 fnt
|-heal|p2a: Bellibolt|41/100|[from] drain|[of] p2b: Glimmora
|-damage|p1b: Farigiraf|18/100 par
|-heal|p2a: Bellibolt|57/100|[from] drain|[of] p1b: Farigiraf
|faint|p2b: Glimmora
|-heal|p2a: Bellibolt|60/100|[from] item: Shell Bell|[of] p1b: Farigiraf
|-end|p2a: Bellibolt|Charge|[silent]
|
|-weather|Snowscape|[upkeep]
|upkeep
|
|t:|1784558545
|switch|p2b: Sceptile|Sceptile, L50, F|100/100
|turn|5
|
|t:|1784558562
|move|p2b: Sceptile|Protect|p2b: Sceptile
|-singleturn|p2b: Sceptile|Protect
|cant|p1b: Farigiraf|par
|move|p2a: Bellibolt|Discharge|p1b: Farigiraf|[spread] p1a,p1b
|-activate|p2b: Sceptile|move: Protect
|-damage|p1a: Ninetales|0 fnt
|-damage|p1b: Farigiraf|0 fnt
|faint|p1a: Ninetales
|faint|p1b: Farigiraf
|-heal|p2a: Bellibolt|63/100|[from] item: Shell Bell|[of] p1: Farigiraf
|
|-weather|none
|upkeep
|
|t:|1784558575
|switch|p1b: Slowbro|Slowbro, L50, M, shiny|100/100
|switch|p1a: Basculegion|Basculegion, L50, M, shiny|100/100
|turn|6
|
|t:|1784558590
|detailschange|p1b: Slowbro|Slowbro-Mega, L50, M, shiny
|-mega|p1b: Slowbro|Slowbro|Slowbronite
|detailschange|p2b: Sceptile|Sceptile-Mega, L50, F
|-mega|p2b: Sceptile|Sceptile|Sceptilite
|move|p1a: Basculegion|Aqua Jet|p2a: Bellibolt
|-damage|p2a: Bellibolt|41/100
|-start|p2a: Bellibolt|Charge|Aqua Jet|[from] ability: Electromorphosis
|move|p1b: Slowbro|Body Press|p2b: Sceptile
|-crit|p2b: Sceptile
|-damage|p2b: Sceptile|24/100
|move|p2a: Bellibolt|Parabolic Charge|p1b: Slowbro|[spread] p1a,p1b
|-ability|p2b: Sceptile|Lightning Rod|boost
|-boost|p2b: Sceptile|spa|1
|-supereffective|p1a: Basculegion|1
|-supereffective|p1b: Slowbro|1
|-damage|p1a: Basculegion|13/100
|-heal|p2a: Bellibolt|80/100|[from] drain|[of] p1a: Basculegion
|-damage|p1b: Slowbro|15/100
|-heal|p2a: Bellibolt|100/100|[from] drain|[of] p1b: Slowbro
|-end|p2a: Bellibolt|Charge|[silent]
|move|p2b: Sceptile|Giga Drain|p1a: Basculegion
|-supereffective|p1a: Basculegion|1
|-damage|p1a: Basculegion|0 fnt
|-heal|p2b: Sceptile|33/100|[from] drain|[of] p1a: Basculegion
|faint|p1a: Basculegion
|
|-fieldend|move: Trick Room
|upkeep
|turn|7
|-message|Ethan's Bleakmiss forfeited.
|
|win|Path0fShad0ws
