|j|☆mikelpoyarzabal
|j|☆KopeensHobbyShop
|html|mikelpoyarzabalKopeensHobbyShop    
|uhtml|bestof|Game 1 of a best-of-3
|t:|1785852176
|gametype|doubles
|player|p1|mikelpoyarzabal|arven-s|1319
|player|p2|KopeensHobbyShop|266|1365
|gen|9
|tier|[Gen 9 Champions] VGC 2026 Reg M-B (Bo3)
|rated|
|rule|Species Clause: Limit one of each Pokémon
|rule|Item Clause: Limit 1 of each item
|clearpoke
|poke|p1|Gengar, L50, M|
|poke|p1|Swampert, L50, M|
|poke|p1|Incineroar, L50, M|
|poke|p1|Politoed, L50, F|
|poke|p1|Archaludon, L50, M|
|poke|p1|Vivillon, L50, M|
|poke|p2|Hydreigon, L50, M|
|poke|p2|Charizard, L50, F|
|poke|p2|Incineroar, L50, M|
|poke|p2|Toxapex, L50, M|
|poke|p2|Gengar, L50, M|
|poke|p2|Garchomp, L50, M|
|teampreview|4
|showteam|p1|Gengar||Gengarite|CursedBody|ShadowBall,SludgeBomb,Protect,PerishSong|Timid||M|||50|]Swampert||Swampertite|Torrent|WaveCrash,Earthquake,IcePunch,Protect|Adamant||M|||50|]Incineroar||PasshoBerry|Intimidate|ThroatChop,PartingShot,FakeOut,Protect|Sassy||M|||50|]Politoed||SitrusBerry|Drizzle|WeatherBall,PerishSong,Encore,Protect|Calm||F|||50|]Archaludon||Leftovers|Stamina|DragonPulse,FlashCannon,ElectroShot,Protect|Bold||M|||50|]Vivillon||FocusSash|CompoundEyes|Hurricane,SleepPowder,RagePowder,Protect|Timid||M|||50|
|showteam|p2|Hydreigon||ChopleBerry|Levitate|Protect,DracoMeteor,Snarl,DarkPulse|Timid||M|||50|]Charizard||CharizarditeY|Blaze|Protect,HeatWave,SolarBeam,WeatherBall|Timid||F|||50|]Incineroar||PasshoBerry|Intimidate|FakeOut,ThroatChop,PartingShot,Protect|Impish||M|||50|]Toxapex||Leftovers|Regenerator|Infestation,Toxic,BanefulBunker,WideGuard|Bold||M|||50|]Gengar||Gengarite|CursedBody|ShadowBall,PerishSong,Disable,Protect|Timid||M|||50|]Garchomp||SitrusBerry|RoughSkin|Earthquake,RockSlide,DragonClaw,Protect|Adamant||M|||50|
|inactive|Battle timer is ON: inactive players will automatically lose when time's up. (requested by mikelpoyarzabal)
|inactive|mikelpoyarzabal has 60 seconds left.
|inactive|KopeensHobbyShop has 60 seconds left.
|
|t:|1785852213
|teamsize|p1|4
|teamsize|p2|4
|start
|switch|p1a: Incineroar|Incineroar, L50, M|100/100
|switch|p1b: Swampert|Swampert, L50, M|100/100
|switch|p2a: Incineroar|Incineroar, L50, M|100/100
|switch|p2b: Gengar|Gengar, L50, M|100/100
|-ability|p2a: Incineroar|Intimidate|boost
|-unboost|p1a: Incineroar|atk|1
|-unboost|p1b: Swampert|atk|1
|-ability|p1a: Incineroar|Intimidate|boost
|-unboost|p2a: Incineroar|atk|1
|-unboost|p2b: Gengar|atk|1
|turn|1
|
|t:|1785852231
|switch|p1b: Politoed|Politoed, L50, F|100/100
|-weather|RainDance|[from] ability: Drizzle|[of] p1b: Politoed
|detailschange|p2b: Gengar|Gengar-Mega, L50, M
|-mega|p2b: Gengar|Gengar|Gengarite
|move|p2a: Incineroar|Fake Out|p1b: Politoed
|-damage|p1b: Politoed|92/100
|move|p2b: Gengar|Perish Song|p2b: Gengar
|-start|p1a: Incineroar|perish3|[silent]
|-start|p1b: Politoed|perish3|[silent]
|-start|p2a: Incineroar|perish3|[silent]
|-start|p2b: Gengar|perish3|[silent]
|-fieldactivate|move: Perish Song
|move|p1a: Incineroar|Parting Shot|p2b: Gengar
|-unboost|p2b: Gengar|atk|1
|-unboost|p2b: Gengar|spa|1
|
|t:|1785852238
|switch|p1a: Swampert|Swampert, L50, M|100/100|[from] Parting Shot
|
|-weather|RainDance|[upkeep]
|-start|p2b: Gengar|perish3
|-start|p1b: Politoed|perish3
|-start|p2a: Incineroar|perish3
|upkeep
|turn|2
|
|t:|1785852253
|switch|p2a: Hydreigon|Hydreigon, L50, M|100/100
|detailschange|p1a: Swampert|Swampert-Mega, L50, M
|-mega|p1a: Swampert|Swampert|Swampertite
|move|p2b: Gengar|Protect|p2b: Gengar
|-singleturn|p2b: Gengar|Protect
|move|p1a: Swampert|Wave Crash|p2a: Hydreigon
|-resisted|p2a: Hydreigon|1
|-damage|p2a: Hydreigon|36/100
|-damage|p1a: Swampert|79/100|[from] Recoil
|move|p1b: Politoed|Weather Ball|p2a: Hydreigon
|-resisted|p2a: Hydreigon|1
|-damage|p2a: Hydreigon|9/100
|
|-weather|RainDance|[upkeep]
|-start|p2b: Gengar|perish2
|-start|p1b: Politoed|perish2
|upkeep
|turn|3
|inactive|KopeensHobbyShop has 30 seconds left.
|
|t:|1785852284
|switch|p2b: Incineroar|Incineroar, L50, M|100/100
|-ability|p2b: Incineroar|Intimidate|boost
|-unboost|p1a: Swampert|atk|1
|-unboost|p1b: Politoed|atk|1
|switch|p2a: Toxapex|Toxapex, L50, M|100/100
|move|p1a: Swampert|Ice Punch|p2a: Toxapex
|-resisted|p2a: Toxapex|1
|-damage|p2a: Toxapex|92/100
|move|p1b: Politoed|Encore||[still]
|-fail|p1b: Politoed
|
|-weather|RainDance|[upkeep]
|-heal|p2a: Toxapex|98/100|[from] item: Leftovers
|-start|p1b: Politoed|perish1
|upkeep
|turn|4
|inactive|KopeensHobbyShop has 30 seconds left.
|
|t:|1785852310
|switch|p1a: Archaludon|Archaludon, L50, M|100/100
|switch|p1b: Incineroar|Incineroar, L50, M|100/100
|-ability|p1b: Incineroar|Intimidate|boost
|-unboost|p2a: Toxapex|atk|1
|-unboost|p2b: Incineroar|atk|1
|move|p2b: Incineroar|Fake Out|p1a: Archaludon
|-resisted|p1a: Archaludon|1
|-damage|p1a: Archaludon|97/100
|-ability|p1a: Archaludon|Stamina|boost
|-boost|p1a: Archaludon|def|1
|move|p2a: Toxapex|Toxic|p1b: Incineroar
|-status|p1b: Incineroar|tox
|
|-weather|RainDance|[upkeep]
|-heal|p1a: Archaludon|100/100|[from] item: Leftovers
|-heal|p2a: Toxapex|100/100|[from] item: Leftovers
|-damage|p1b: Incineroar|94/100 tox|[from] psn
|upkeep
|turn|5
|inactive|KopeensHobbyShop has 30 seconds left.
|
|t:|1785852337
|move|p1a: Archaludon|Electro Shot||[still]
|-prepare|p1a: Archaludon|Electro Shot
|-boost|p1a: Archaludon|spa|1
|-anim|p1a: Archaludon|Electro Shot|p2a: Toxapex
|-supereffective|p2a: Toxapex|1
|-damage|p2a: Toxapex|15/100
|move|p2b: Incineroar|Parting Shot|p1a: Archaludon
|-unboost|p1a: Archaludon|atk|1
|-unboost|p1a: Archaludon|spa|1
|
|t:|1785852345
|switch|p2b: Gengar|Gengar-Mega, L50, M|100/100|[from] Parting Shot
|move|p1b: Incineroar|Throat Chop|p2b: Gengar
|-supereffective|p2b: Gengar|1
|-damage|p2b: Gengar|29/100
|-start|p2b: Gengar|Throat Chop|[silent]
|move|p2a: Toxapex|Infestation|p1a: Archaludon
|-resisted|p1a: Archaludon|1
|-crit|p1a: Archaludon
|-damage|p1a: Archaludon|97/100
|-activate|p1a: Archaludon|move: Infestation|[of] p2a: Toxapex
|-ability|p1a: Archaludon|Stamina|boost
|-boost|p1a: Archaludon|def|1
|
|-weather|none
|-heal|p1a: Archaludon|100/100|[from] item: Leftovers
|-heal|p2a: Toxapex|21/100|[from] item: Leftovers
|-damage|p1b: Incineroar|82/100 tox|[from] psn
|-damage|p1a: Archaludon|87/100|[from] move: Infestation|[partiallytrapped]
|upkeep
|turn|6
|
|t:|1785852362
|-heal|p2a: Toxapex|54/100|[from] ability: Regenerator|[silent]
|switch|p2a: Incineroar|Incineroar, L50, M|100/100
|-ability|p2a: Incineroar|Intimidate|boost
|-unboost|p1a: Archaludon|atk|1
|-unboost|p1b: Incineroar|atk|1
|move|p2b: Gengar|Protect|p2b: Gengar
|-singleturn|p2b: Gengar|Protect
|move|p1a: Archaludon|Electro Shot||[still]
|-prepare|p1a: Archaludon|Electro Shot
|-boost|p1a: Archaludon|spa|1
|move|p1b: Incineroar|Parting Shot|p1a: Archaludon
|-unboost|p1a: Archaludon|atk|1
|-unboost|p1a: Archaludon|spa|1
|
|t:|1785852377
|switch|p1b: Politoed|Politoed, L50, F|92/100|[from] Parting Shot
|-weather|RainDance|[from] ability: Drizzle|[of] p1b: Politoed
|
|-weather|RainDance|[upkeep]
|-heal|p1a: Archaludon|93/100|[from] item: Leftovers
|-end|p1a: Archaludon|Infestation|[partiallytrapped]|[silent]
|-end|p2b: Gengar|Throat Chop|[silent]
|upkeep
|turn|7
|
|t:|1785852391
|move|p2a: Incineroar|Fake Out|p1b: Politoed
|-damage|p1b: Politoed|83/100
|move|p2b: Gengar|Disable|p1a: Archaludon
|-start|p1a: Archaludon|Disable|Electro Shot
|cant|p1a: Archaludon|Disable|Electro Shot
|cant|p1b: Politoed|flinch
|
|-weather|RainDance|[upkeep]
|-heal|p1a: Archaludon|100/100|[from] item: Leftovers
|upkeep
|turn|8
|
|t:|1785852407
|switch|p2b: Toxapex|Toxapex, L50, M|54/100
|move|p1a: Archaludon|Dragon Pulse|p2b: Toxapex
|-damage|p2b: Toxapex|29/100
|move|p1b: Politoed|Encore|p2a: Incineroar
|-start|p2a: Incineroar|Encore
|move|p2a: Incineroar|Fake Out||[still]
|-hint|Fake Out only works on your first turn out.
|-fail|p2a: Incineroar
|
|-weather|RainDance|[upkeep]
|-heal|p2b: Toxapex|35/100|[from] item: Leftovers
|upkeep
|turn|9
|
|t:|1785852423
|switch|p2a: Hydreigon|Hydreigon, L50, M|9/100
|move|p1a: Archaludon|Dragon Pulse|p2a: Hydreigon
|-supereffective|p2a: Hydreigon|1
|-damage|p2a: Hydreigon|0 fnt
|faint|p2a: Hydreigon
|move|p1b: Politoed|Weather Ball|p2b: Toxapex
|-resisted|p2b: Toxapex|1
|-damage|p2b: Toxapex|15/100
|move|p2b: Toxapex|Infestation|p1a: Archaludon
|-resisted|p1a: Archaludon|1
|-damage|p1a: Archaludon|98/100
|-activate|p1a: Archaludon|move: Infestation|[of] p2b: Toxapex
|-ability|p1a: Archaludon|Stamina|boost
|-boost|p1a: Archaludon|def|1
|
|-weather|RainDance|[upkeep]
|-heal|p1a: Archaludon|100/100|[from] item: Leftovers
|-heal|p2b: Toxapex|21/100|[from] item: Leftovers
|-damage|p1a: Archaludon|87/100|[from] move: Infestation|[partiallytrapped]
|upkeep
|
|t:|1785852439
|switch|p2a: Gengar|Gengar-Mega, L50, M|29/100
|turn|10
|
|t:|1785852457
|move|p2a: Gengar|Protect|p2a: Gengar
|-singleturn|p2a: Gengar|Protect
|move|p1a: Archaludon|Dragon Pulse|p2b: Toxapex
|-damage|p2b: Toxapex|0 fnt
|faint|p2b: Toxapex
|move|p1b: Politoed|Weather Ball|p2a: Gengar
|-activate|p2a: Gengar|move: Protect
|
|-weather|none
|-heal|p1a: Archaludon|93/100|[from] item: Leftovers
|-end|p1a: Archaludon|Infestation|[partiallytrapped]|[silent]
|-end|p1a: Archaludon|Disable
|upkeep
|-message|KopeensHobbyShop forfeited.
|
|win|mikelpoyarzabal
