|j|☆Arkhept
|j|☆TheMismatcher
|html|ArkheptTheMismatcher    
|uhtml|bestof|Game 2 of a best-of-3
|t:|1756792106
|gametype|doubles
|player|p1|Arkhept|misty|1390
|player|p2|TheMismatcher|102|1420
|gen|9
|tier|[Gen 9] VGC 2025 Reg H (Bo3)
|rated|
|rule|Species Clause: Limit one of each Pokémon
|rule|Item Clause: Limit 1 of each item
|clearpoke
|poke|p1|Ninetales-Alola, L50, F|
|poke|p1|Annihilape, L50, F|
|poke|p1|Frosmoth, L50, F|
|poke|p1|Electabuzz, L50, M|
|poke|p1|Rillaboom, L50, M|
|poke|p1|Incineroar, L50, M|
|poke|p2|Pelipper, L50, M|
|poke|p2|Basculegion, L50, M|
|poke|p2|Amoonguss, L50, F|
|poke|p2|Archaludon, L50, M|
|poke|p2|Greninja-*, L50, F|
|poke|p2|Annihilape, L50, F|
|teampreview|4
|showteam|p1|Ninetales-Alola||LightClay|SnowWarning|Blizzard,IcicleSpear,IcyWind,AuroraVeil|||F|||50|,,,,,Ghost]Annihilape||SitrusBerry|Defiant|DrainPunch,RageFist,BulkUp,Protect|||F|||50|,,,,,Fire]Frosmoth||Leftovers|IceScales|QuiverDance,Blizzard,TeraBlast,Protect|||F|||50|,,,,,Water]Electabuzz||Eviolite|VitalSpirit|Thunderbolt,Taunt,Protect,FollowMe|||M|||50|,,,,,Fairy]Rillaboom||AssaultVest|GrassySurge|GrassyGlide,WoodHammer,FakeOut,HighHorsepower|||M|||50|,,,,,Fire]Incineroar||SafetyGoggles|Intimidate|FlareBlitz,KnockOff,FakeOut,PartingShot|||M|||50|,,,,,Ghost
|showteam|p2|Pelipper||FocusSash|Drizzle|WeatherBall,Hurricane,Tailwind,WideGuard|||M|||50|,,,,,Stellar]Basculegion||ChoiceBand|SwiftSwim|WaveCrash,FlipTurn,LastRespects,AquaJet|||M|||50|,,,,,Grass]Amoonguss||SitrusBerry|Regenerator|Spore,RagePowder,PollenPuff,ClearSmog|||F|||50|,,,,,Dark]Archaludon||AssaultVest|Stamina|DragonPulse,FlashCannon,ElectroShot,BodyPress|||M|||50|,,,,,Grass]Greninja||LoadedDice|Torrent|WaterShuriken,Protect,Taunt,RainDance|||F|||50|,,,,,Ghost]Annihilape||ChoiceScarf|Defiant|CloseCombat,RageFist,Uturn,FinalGambit|||F|||50|,,,,,Grass
|
|t:|1756792138
|teamsize|p1|4
|teamsize|p2|4
|start
|switch|p1a: Ninetales|Ninetales-Alola, L50, F|100/100
|switch|p1b: Frosmoth|Frosmoth, L50, F|100/100
|switch|p2a: Greninja|Greninja, L50, F|100/100
|switch|p2b: Annihilape|Annihilape, L50, F|100/100
|-weather|Snowscape|[from] ability: Snow Warning|[of] p1a: Ninetales
|turn|1
|
|t:|1756792169
|switch|p1b: Annihilape|Annihilape, L50, F|100/100
|move|p2a: Greninja|Water Shuriken|p2b: Annihilape
|-damage|p2b: Annihilape|96/100
|-damage|p2b: Annihilape|91/100
|-damage|p2b: Annihilape|85/100
|-damage|p2b: Annihilape|80/100
|-hitcount|p2b: Annihilape|4
|move|p2b: Annihilape|Rage Fist|p1a: Ninetales
|-damage|p1a: Ninetales|12/100
|move|p1a: Ninetales|Icicle Spear|p1b: Annihilape
|-damage|p1b: Annihilape|94/100
|-damage|p1b: Annihilape|88/100
|-damage|p1b: Annihilape|82/100
|-damage|p1b: Annihilape|76/100
|-hitcount|p1b: Annihilape|4
|
|-weather|Snowscape|[upkeep]
|upkeep
|turn|2
|
|t:|1756792184
|move|p1b: Annihilape|Protect|p1b: Annihilape
|-singleturn|p1b: Annihilape|Protect
|move|p2a: Greninja|Water Shuriken|p1a: Ninetales
|-damage|p1a: Ninetales|6/100
|-damage|p1a: Ninetales|0 fnt
|faint|p1a: Ninetales
|-hitcount|p1: Ninetales|2
|move|p2b: Annihilape|Rage Fist|p1b: Annihilape
|-activate|p1b: Annihilape|move: Protect
|
|-weather|Snowscape|[upkeep]
|upkeep
|
|t:|1756792189
|switch|p1a: Electabuzz|Electabuzz, L50, M|100/100
|turn|3
|
|t:|1756792204
|switch|p2b: Pelipper|Pelipper, L50, M|100/100
|-weather|RainDance|[from] ability: Drizzle|[of] p2b: Pelipper
|move|p1a: Electabuzz|Follow Me|p1a: Electabuzz
|-singleturn|p1a: Electabuzz|move: Follow Me
|move|p2a: Greninja|Taunt|p1a: Electabuzz
|-start|p1a: Electabuzz|move: Taunt
|move|p1b: Annihilape|Rage Fist|p2b: Pelipper
|-enditem|p2b: Pelipper|Focus Sash
|-damage|p2b: Pelipper|1/100
|
|-weather|RainDance|[upkeep]
|upkeep
|turn|4
|
|t:|1756792213
|switch|p2b: Archaludon|Archaludon, L50, M|100/100
|move|p2a: Greninja|Water Shuriken|p2b: Archaludon
|-resisted|p2b: Archaludon
|-damage|p2b: Archaludon|97/100
|-ability|p2b: Archaludon|Stamina|boost
|-boost|p2b: Archaludon|def|1
|-resisted|p2b: Archaludon
|-damage|p2b: Archaludon|94/100
|-ability|p2b: Archaludon|Stamina|boost
|-boost|p2b: Archaludon|def|1
|-resisted|p2b: Archaludon
|-crit|p2b: Archaludon
|-damage|p2b: Archaludon|90/100
|-ability|p2b: Archaludon|Stamina|boost
|-boost|p2b: Archaludon|def|1
|-resisted|p2b: Archaludon
|-damage|p2b: Archaludon|86/100
|-ability|p2b: Archaludon|Stamina|boost
|-boost|p2b: Archaludon|def|1
|-resisted|p2b: Archaludon
|-damage|p2b: Archaludon|83/100
|-ability|p2b: Archaludon|Stamina|boost
|-boost|p2b: Archaludon|def|1
|-hitcount|p2b: Archaludon|5
|move|p1a: Electabuzz|Thunderbolt|p2a: Greninja
|-supereffective|p2a: Greninja
|-damage|p2a: Greninja|17/100
|move|p1b: Annihilape|Rage Fist|p2b: Archaludon
|-damage|p2b: Archaludon|62/100
|-ability|p2b: Archaludon|Stamina|boost
|-boost|p2b: Archaludon|def|1
|
|-weather|RainDance|[upkeep]
|upkeep
|turn|5
|
|t:|1756792231
|move|p2a: Greninja|Water Shuriken|p1a: Electabuzz
|-damage|p1a: Electabuzz|91/100
|-damage|p1a: Electabuzz|81/100
|-damage|p1a: Electabuzz|69/100
|-damage|p1a: Electabuzz|58/100
|-damage|p1a: Electabuzz|48/100
|-hitcount|p1a: Electabuzz|5
|move|p1a: Electabuzz|Thunderbolt|p2a: Greninja
|-supereffective|p2a: Greninja
|-damage|p2a: Greninja|0 fnt
|faint|p2a: Greninja
|move|p1b: Annihilape|Bulk Up|p1b: Annihilape
|-boost|p1b: Annihilape|atk|1
|-boost|p1b: Annihilape|def|1
|move|p2b: Archaludon|Body Press|p1a: Electabuzz
|-damage|p1a: Electabuzz|0 fnt
|faint|p1a: Electabuzz
|
|-weather|RainDance|[upkeep]
|upkeep
|
|t:|1756792241
|switch|p2a: Annihilape|Annihilape, L50, F|80/100
|switch|p1a: Frosmoth|Frosmoth, L50, F|100/100
|turn|6
|
|t:|1756792255
|move|p1b: Annihilape|Protect|p1b: Annihilape
|-singleturn|p1b: Annihilape|Protect
|move|p2a: Annihilape|Rage Fist|p1a: Frosmoth
|-damage|p1a: Frosmoth|0 fnt
|faint|p1a: Frosmoth
|move|p2b: Archaludon|Electro Shot||[still]
|-prepare|p2b: Archaludon|Electro Shot
|-boost|p2b: Archaludon|spa|1
|-anim|p2b: Archaludon|Electro Shot|p1b: Annihilape
|-activate|p1b: Annihilape|move: Protect
|
|-weather|RainDance|[upkeep]
|upkeep
|turn|7
|-message|Arkhept forfeited.
|
|win|TheMismatcher
|raw|Arkhept's rating: 1390 → 1372(-18 for losing)
|raw|TheMismatcher's rating: 1420 → 1438(+18 for winning)
|l|☆Arkhept
|player|p1|
