|j|☆Alecat
|j|☆DrXJ13
|html|AlecatDrXJ13    
|uhtml|bestof|Game 2 of a best-of-3
|t:|1757245883
|gametype|doubles
|player|p1|Alecat|scientistf|1213
|player|p2|DrXJ13|2|1131
|gen|9
|tier|[Gen 9] VGC 2025 Reg H (Bo3)
|rated|
|rule|Species Clause: Limit one of each Pokémon
|rule|Item Clause: Limit 1 of each item
|clearpoke
|poke|p1|Sneasler, L50, F|
|poke|p1|Rillaboom, L50, F|
|poke|p1|Magmar, L50, M|
|poke|p1|Espathra, L50, F|
|poke|p1|Kingambit, L50, F|
|poke|p1|Arcanine-Hisui, L50, M|
|poke|p2|Sinistcha, L50|
|poke|p2|Ursaluna-Bloodmoon, L50, M|
|poke|p2|Incineroar, L50, F|
|poke|p2|Sneasler, L50, F|
|poke|p2|Dragonite, L50, M|
|poke|p2|Corviknight, L50, F|
|teampreview|4
|showteam|p1|Sneasler||FocusSash|Unburden|FakeOut,CloseCombat,DireClaw,Coaching|||F|||50|,,,,,Ghost]Rillaboom||AssaultVest|GrassySurge|FakeOut,WoodHammer,GrassyGlide,HighHorsepower|||F|||50|,,,,,Fire]Magmar||Eviolite|VitalSpirit|Protect,HeatWave,Taunt,FollowMe|||M|||50|,,,,,Dragon]Espathra||GrassySeed|SpeedBoost|Protect,StoredPower,TeraBlast,CalmMind|||F|||50|,,,,,Fighting]Kingambit||SafetyGoggles|Defiant|Protect,KowtowCleave,SuckerPunch,SwordsDance|||F|||50|,,,,,Dark]Arcanine-Hisui||LoadedDice|Intimidate|Protect,FlareBlitz,RockBlast,ExtremeSpeed|||M|||50|,,,,,Ghost
|showteam|p2|Sinistcha||RockyHelmet|Hospitality|MatchaGotcha,ShadowBall,TrickRoom,RagePowder||||||50|,,,,,Water]Ursaluna-Bloodmoon||Leftovers|MindsEye|HyperVoice,EarthPower,CalmMind,Protect|||M|||50|,,,,,Water]Incineroar||SafetyGoggles|Intimidate|FakeOut,KnockOff,FlareBlitz,PartingShot|||F|||50|,,,,,Ghost]Sneasler||FocusSash|Unburden|Coaching,DireClaw,CloseCombat,Protect|||F|||50|,,,,,Stellar]Dragonite||LoadedDice|Multiscale|ScaleShot,ExtremeSpeed,Haze,Protect|||M|||50|,,,,,Fairy]Corviknight||CovertCloak|MirrorArmor|DualWingbeat,Tailwind,IronHead,Taunt|||F|||50|,,,,,Dragon
|inactive|Battle timer is ON: inactive players will automatically lose when time's up. (requested by DrXJ13)
|inactive|Alecat also wants the timer to be on.
|
|t:|1757245896
|teamsize|p1|4
|teamsize|p2|4
|start
|switch|p1a: Arcanine|Arcanine-Hisui, L50, M|100/100
|switch|p1b: Kingambit|Kingambit, L50, F|100/100
|switch|p2a: Tuex|Sneasler, L50, F|100/100
|switch|p2b: Onichan|Dragonite, L50, M|100/100
|-ability|p1a: Arcanine|Intimidate|boost
|-unboost|p2a: Tuex|atk|1
|-unboost|p2b: Onichan|atk|1
|turn|1
|
|t:|1757245915
|-terastallize|p1a: Arcanine|Ghost
|move|p1b: Kingambit|Protect|p1b: Kingambit
|-singleturn|p1b: Kingambit|Protect
|move|p2a: Tuex|Close Combat|p1b: Kingambit
|-activate|p1b: Kingambit|move: Protect
|move|p2b: Onichan|Haze|p2b: Onichan
|-clearallboost
|move|p1a: Arcanine|Rock Blast|p2b: Onichan
|-supereffective|p2b: Onichan
|-damage|p2b: Onichan|87/100
|-supereffective|p2b: Onichan
|-damage|p2b: Onichan|61/100
|-supereffective|p2b: Onichan
|-damage|p2b: Onichan|35/100
|-supereffective|p2b: Onichan
|-damage|p2b: Onichan|9/100
|-hitcount|p2b: Onichan|4
|
|upkeep
|turn|2
|
|t:|1757245936
|switch|p2b: Wellington|Ursaluna-Bloodmoon, L50, M|100/100
|-terastallize|p2a: Tuex|Stellar
|move|p1a: Arcanine|Extreme Speed|p2b: Wellington
|-damage|p2b: Wellington|80/100
|move|p2a: Tuex|Close Combat|p1b: Kingambit
|-supereffective|p1b: Kingambit
|-damage|p1b: Kingambit|0 fnt
|-unboost|p2a: Tuex|def|1
|-unboost|p2a: Tuex|spd|1
|faint|p1b: Kingambit
|
|-heal|p2b: Wellington|86/100|[from] item: Leftovers
|upkeep
|
|t:|1757245955
|switch|p1b: Magmar|Magmar, L50, M|100/100
|turn|3
|
|t:|1757245966
|move|p1a: Arcanine|Extreme Speed|p2a: Tuex
|-damage|p2a: Tuex|38/100
|move|p2a: Tuex|Dire Claw|p1b: Magmar
|-damage|p1b: Magmar|36/100
|move|p1b: Magmar|Heat Wave|p2a: Tuex|[spread] p2a,p2b
|-damage|p2a: Tuex|0 fnt
|-damage|p2b: Wellington|63/100
|faint|p2a: Tuex
|move|p2b: Wellington|Hyper Voice|p1a: Arcanine|[spread] p1a,p1b
|-damage|p1a: Arcanine|61/100
|-damage|p1b: Magmar|13/100
|
|-heal|p2b: Wellington|69/100|[from] item: Leftovers
|upkeep
|
|t:|1757245979
|switch|p2a: Té (en) tazas|Sinistcha, L50|100/100
|-heal|p2b: Wellington|94/100|[from] ability: Hospitality|[of] p2a: Té (en) tazas
|turn|4
|
|t:|1757245993
|move|p2a: Té (en) tazas|Rage Powder|p2a: Té (en) tazas
|-singleturn|p2a: Té (en) tazas|move: Rage Powder
|move|p1b: Magmar|Heat Wave|p2a: Té (en) tazas|[spread] p2a,p2b
|-supereffective|p2a: Té (en) tazas
|-damage|p2a: Té (en) tazas|53/100
|-damage|p2b: Wellington|70/100
|move|p1a: Arcanine|Rock Blast|p2a: Té (en) tazas
|-damage|p2a: Té (en) tazas|43/100
|-damage|p2a: Té (en) tazas|31/100
|-damage|p2a: Té (en) tazas|18/100
|-damage|p2a: Té (en) tazas|7/100
|-crit|p2a: Té (en) tazas
|-damage|p2a: Té (en) tazas|0 fnt
|faint|p2a: Té (en) tazas
|-hitcount|p2: Té (en) tazas|5
|move|p2b: Wellington|Hyper Voice|p1b: Magmar|[spread] p1a,p1b
|-damage|p1a: Arcanine|27/100
|-damage|p1b: Magmar|0 fnt
|faint|p1b: Magmar
|
|-heal|p2b: Wellington|76/100|[from] item: Leftovers
|upkeep
|
|t:|1757246011
|switch|p1b: Sneasler|Sneasler, L50, F|100/100
|switch|p2a: Onichan|Dragonite, L50, M|9/100
|turn|5
|
|t:|1757246021
|move|p1b: Sneasler|Fake Out|p2a: Onichan
|-damage|p2a: Onichan|0 fnt
|faint|p2a: Onichan
|move|p1a: Arcanine|Flare Blitz|p2b: Wellington
|-damage|p2b: Wellington|33/100
|-damage|p1a: Arcanine|12/100|[from] Recoil
|move|p2b: Wellington|Hyper Voice|p1a: Arcanine|[spread] p1a,p1b
|-damage|p1a: Arcanine|0 fnt
|-damage|p1b: Sneasler|54/100
|faint|p1a: Arcanine
|
|-heal|p2b: Wellington|39/100|[from] item: Leftovers
|upkeep
|turn|6
|
|t:|1757246034
|move|p2b: Wellington|Protect|p2b: Wellington
|-singleturn|p2b: Wellington|Protect
|move|p1b: Sneasler|Close Combat|p2b: Wellington
|-activate|p2b: Wellington|move: Protect
|
|-heal|p2b: Wellington|46/100|[from] item: Leftovers
|upkeep
|turn|7
|
|t:|1757246039
|move|p1b: Sneasler|Close Combat|p2b: Wellington
|-supereffective|p2b: Wellington
|-damage|p2b: Wellington|0 fnt
|-unboost|p1b: Sneasler|def|1
|-unboost|p1b: Sneasler|spd|1
|faint|p2b: Wellington
|
|win|Alecat
||DrXJ13 is ready for game 3.
|inactive|Alecat has 30 seconds to confirm battle start!
||Alecat is ready for game 3.
|uhtml|next|Next: Game 3 of 3
