|j|☆cj8121
|j|☆breloomb01
|html|cj8121breloomb01    
|uhtml|bestof|Game 1 of a best-of-3
|t:|1785350304
|gametype|doubles
|player|p1|cj8121|169|1104
|player|p2|breloomb01|roughneck|1158
|gen|9
|tier|[Gen 9 Champions] VGC 2026 Reg M-B (Bo3)
|rated|
|rule|Species Clause: Limit one of each Pokémon
|rule|Item Clause: Limit 1 of each item
|clearpoke
|poke|p1|Charizard, L50, M|
|poke|p1|Whimsicott, L50, M|
|poke|p1|Sneasler, L50, M|
|poke|p1|Basculegion-F, L50, F|
|poke|p1|Aerodactyl, L50, F|
|poke|p1|Incineroar, L50, M|
|poke|p2|Floette-Eternal, L50, F|
|poke|p2|Incineroar, L50, M|
|poke|p2|Sinistcha, L50|
|poke|p2|Garchomp, L50, M|
|poke|p2|Sneasler, L50, F|
|poke|p2|Rotom-Wash, L50|
|teampreview|4
|showteam|p1|Charizard||CharizarditeY|SolarPower|Protect,HeatWave,SolarBeam,AirSlash|Modest||M|||50|]Whimsicott||FocusSash|Prankster|Tailwind,Encore,Taunt,Moonblast|Timid||M|||50|]Sneasler||WhiteHerb|Unburden|CloseCombat,DireClaw,FakeOut,Protect|Adamant||M|||50|]Basculegion-F||ChoiceScarf|Adaptability|WaveCrash,LastRespects,IceFang,AquaJet|Adamant||F|||50|]Aerodactyl||WideLens|Unnerve|Tailwind,RockSlide,DualWingbeat,WideGuard|Jolly||F|||50|]Incineroar||SitrusBerry|Intimidate|FlareBlitz,DarkestLariat,FakeOut,PartingShot|Adamant||M|||50|
|showteam|p2|Floette-Eternal||Floettite|FlowerVeil|DrainingKiss,DazzlingGleam,CalmMind,Protect|Modest||F|||50|]Incineroar||SitrusBerry|Intimidate|FakeOut,FlareBlitz,ThroatChop,PartingShot|Careful||M|||50|]Sinistcha||KasibBerry|Hospitality|MatchaGotcha,RagePowder,LifeDew,TrickRoom|Calm|||||50|]Garchomp||LifeOrb|RoughSkin|Earthquake,DragonClaw,RockSlide,Protect|Jolly||M|||50|]Sneasler||FocusSash|PoisonTouch|FakeOut,DireClaw,CloseCombat,Protect|Jolly||F|||50|]Rotom-Wash||Leftovers|Levitate|HydroPump,VoltSwitch,WillOWisp,Electroweb|Modest|||||50|
|
|t:|1785350343
|teamsize|p1|4
|teamsize|p2|4
|start
|switch|p1a: Sneasler|Sneasler, L50, M|100/100
|switch|p1b: Whimsicott|Whimsicott, L50, M|100/100
|switch|p2a: Garchomp|Garchomp, L50, M|100/100
|switch|p2b: Rotom|Rotom-Wash, L50|100/100
|turn|1
|
|t:|1785350365
|move|p1a: Sneasler|Fake Out|p2a: Garchomp
|-damage|p2a: Garchomp|83/100
|-damage|p1a: Sneasler|87/100|[from] ability: Rough Skin|[of] p2a: Garchomp
|move|p1b: Whimsicott|Taunt|p2b: Rotom
|-start|p2b: Rotom|move: Taunt
|cant|p2a: Garchomp|flinch
|cant|p2b: Rotom|move: Taunt|Will-O-Wisp
|
|upkeep
|turn|2
|
|t:|1785350399
|move|p1b: Whimsicott|Encore||[still]
|-fail|p1b: Whimsicott
|move|p1a: Sneasler|Close Combat|p2a: Garchomp
|-damage|p2a: Garchomp|13/100
|-unboost|p1a: Sneasler|def|1
|-unboost|p1a: Sneasler|spd|1
|-damage|p1a: Sneasler|75/100|[from] ability: Rough Skin|[of] p2a: Garchomp
|-enditem|p1a: Sneasler|White Herb
|-clearnegativeboost|p1a: Sneasler|[silent]
|move|p2a: Garchomp|Earthquake|p1a: Sneasler|[spread] p1a,p1b
|-immune|p2b: Rotom|[from] ability: Levitate
|-supereffective|p1a: Sneasler|1
|-resisted|p1b: Whimsicott|1
|-damage|p1a: Sneasler|0 fnt
|-damage|p1b: Whimsicott|59/100
|faint|p1a: Sneasler
|-damage|p2a: Garchomp|3/100|[from] item: Life Orb
|move|p2b: Rotom|Volt Switch|p1b: Whimsicott
|-resisted|p1b: Whimsicott|1
|-damage|p1b: Whimsicott|33/100
|
|t:|1785350405
|switch|p2b: Sinistcha|Sinistcha, L50|100/100|[from] Volt Switch
|-heal|p2a: Garchomp|27/100|[from] ability: Hospitality|[of] p2b: Sinistcha
|
|upkeep
|
|t:|1785350421
|switch|p1a: Charizard|Charizard, L50, M|100/100
|turn|3
|
|t:|1785350431
|switch|p2b: Incineroar|Incineroar, L50, M|100/100
|-ability|p2b: Incineroar|Intimidate|boost
|-unboost|p1a: Charizard|atk|1
|-unboost|p1b: Whimsicott|atk|1
|detailschange|p1a: Charizard|Charizard-Mega-Y, L50, M
|-mega|p1a: Charizard|Charizard|Charizardite Y
|-weather|SunnyDay|[from] ability: Drought|[of] p1a: Charizard
|move|p2a: Garchomp|Protect|p2a: Garchomp
|-singleturn|p2a: Garchomp|Protect
|move|p1b: Whimsicott|Tailwind|p1b: Whimsicott
|-sidestart|p1: cj8121|move: Tailwind
|move|p1a: Charizard|Heat Wave|p2a: Garchomp|[spread] p2b
|-activate|p2a: Garchomp|move: Protect
|-resisted|p2b: Incineroar|1
|-damage|p2b: Incineroar|71/100
|
|-weather|SunnyDay|[upkeep]
|upkeep
|turn|4
|
|t:|1785350457
|move|p2b: Incineroar|Fake Out|p1b: Whimsicott
|-damage|p1b: Whimsicott|17/100
|cant|p1b: Whimsicott|flinch
|move|p1a: Charizard|Heat Wave|p2a: Garchomp|[spread] p2a,p2b
|-resisted|p2a: Garchomp|1
|-resisted|p2b: Incineroar|1
|-damage|p2a: Garchomp|0 fnt
|-damage|p2b: Incineroar|43/100
|-enditem|p2b: Incineroar|Sitrus Berry|[eat]
|-heal|p2b: Incineroar|68/100|[from] item: Sitrus Berry
|faint|p2a: Garchomp
|
|-weather|SunnyDay|[upkeep]
|upkeep
|
|t:|1785350464
|switch|p2a: Sinistcha|Sinistcha, L50|100/100
|-heal|p2b: Incineroar|93/100|[from] ability: Hospitality|[of] p2a: Sinistcha
|turn|5
|
|t:|1785350486
|switch|p2a: Rotom|Rotom-Wash, L50|100/100
|move|p1b: Whimsicott|Taunt|p2a: Rotom
|-start|p2a: Rotom|move: Taunt
|move|p1a: Charizard|Heat Wave|p2b: Incineroar|[spread] p2a,p2b
|-resisted|p2a: Rotom|1
|-resisted|p2b: Incineroar|1
|-damage|p2a: Rotom|60/100
|-damage|p2b: Incineroar|66/100
|move|p2b: Incineroar|Parting Shot|p1a: Charizard
|-unboost|p1a: Charizard|atk|1
|-unboost|p1a: Charizard|spa|1
|
|t:|1785350488
|switch|p2b: Sinistcha|Sinistcha, L50|100/100|[from] Parting Shot
|-heal|p2a: Rotom|85/100|[from] ability: Hospitality|[of] p2b: Sinistcha
|
|-weather|SunnyDay|[upkeep]
|-heal|p2a: Rotom|91/100|[from] item: Leftovers
|upkeep
|turn|6
|
|t:|1785350508
|switch|p2b: Incineroar|Incineroar, L50, M|66/100
|-ability|p2b: Incineroar|Intimidate|boost
|-unboost|p1a: Charizard|atk|1
|-unboost|p1b: Whimsicott|atk|1
|move|p1b: Whimsicott|Moonblast|p2b: Incineroar
|-damage|p2b: Incineroar|37/100
|move|p1a: Charizard|Solar Beam||[still]
|-prepare|p1a: Charizard|Solar Beam
|-anim|p1a: Charizard|Solar Beam|p2a: Rotom
|-supereffective|p2a: Rotom|1
|-damage|p2a: Rotom|10/100
|move|p2a: Rotom|Electroweb|p1a: Charizard|[spread] p1a,p1b
|-supereffective|p1a: Charizard|1
|-resisted|p1b: Whimsicott|1
|-damage|p1a: Charizard|61/100
|-damage|p1b: Whimsicott|1/100
|-unboost|p1a: Charizard|spe|1
|-unboost|p1b: Whimsicott|spe|1
|
|-weather|SunnyDay|[upkeep]
|-heal|p2a: Rotom|16/100|[from] item: Leftovers
|-sideend|p1: cj8121|move: Tailwind
|upkeep
|turn|7
|
|t:|1785350531
|move|p2b: Incineroar|Fake Out|p1b: Whimsicott
|-damage|p1b: Whimsicott|0 fnt
|faint|p1b: Whimsicott
|move|p2a: Rotom|Volt Switch|p1a: Charizard
|-supereffective|p1a: Charizard|1
|-damage|p1a: Charizard|0 fnt
|faint|p1a: Charizard
|
|t:|1785350533
|switch|p2a: Sinistcha|Sinistcha, L50|100/100|[from] Volt Switch
|-heal|p2b: Incineroar|62/100|[from] ability: Hospitality|[of] p2a: Sinistcha
|
|-weather|none
|upkeep
|
|t:|1785350544
|switch|p1b: Basculegion|Basculegion-F, L50, F|100/100
|turn|8
|
|t:|1785350558
|move|p1b: Basculegion|Last Respects|p2b: Incineroar
|-resisted|p2b: Incineroar|1
|-damage|p2b: Incineroar|13/100
|move|p2a: Sinistcha|Matcha Gotcha|p1b: Basculegion
|-supereffective|p1b: Basculegion|1
|-damage|p1b: Basculegion|23/100
|move|p2b: Incineroar|Parting Shot|p1b: Basculegion
|-unboost|p1b: Basculegion|atk|1
|-unboost|p1b: Basculegion|spa|1
|
|t:|1785350561
|switch|p2b: Rotom|Rotom-Wash, L50|16/100|[from] Parting Shot
|
|-heal|p2b: Rotom|22/100|[from] item: Leftovers
|upkeep
|turn|9
|
|t:|1785350572
|move|p1b: Basculegion|Last Respects|p2a: Sinistcha
|-supereffective|p2a: Sinistcha|1
|-enditem|p2a: Sinistcha|Kasib Berry|[eat]
|-enditem|p2a: Sinistcha|Kasib Berry|[weaken]
|-damage|p2a: Sinistcha|32/100
|move|p2b: Rotom|Volt Switch|p1b: Basculegion
|-supereffective|p1b: Basculegion|1
|-damage|p1b: Basculegion|0 fnt
|faint|p1b: Basculegion
|
|win|breloomb01
||breloomb01 is ready for game 2.
