|j|☆Chochito Pelao
|j|☆Imreesithink
|html|Chochito PelaoImreesithink    
|uhtml|bestof|Game 1 of a best-of-3
|t:|1784742426
|gametype|doubles
|player|p1|Chochito Pelao|striker|1144
|player|p2|Imreesithink|blackbelt-gen4dp|1178
|gen|9
|tier|[Gen 9 Champions] VGC 2026 Reg M-B (Bo3)
|rated|
|rule|Species Clause: Limit one of each Pokémon
|rule|Item Clause: Limit 1 of each item
|clearpoke
|poke|p1|Charizard, L50, M|
|poke|p1|Venusaur, L50, F|
|poke|p1|Pelipper, L50, F|
|poke|p1|Grimmsnarl, L50, M|
|poke|p1|Basculegion, L50, M|
|poke|p1|Archaludon, L50, M|
|poke|p2|Garchomp, L50, F|
|poke|p2|Venusaur, L50, M|
|poke|p2|Incineroar, L50, F|
|poke|p2|Charizard, L50, F|
|poke|p2|Toxapex, L50, F|
|poke|p2|Annihilape, L50, M|
|teampreview|4
|showteam|p1|Charizard||CharizarditeY|Blaze|HeatWave,WeatherBall,SolarBeam,Protect|Modest||M|||50|]Venusaur||FocusSash|Chlorophyll|SludgeBomb,EarthPower,SleepPowder,Protect|Modest||F|||50|]Pelipper||SitrusBerry|Drizzle|Hurricane,WeatherBall,WideGuard,Tailwind|Modest||F|||50|]Grimmsnarl||LightClay|Prankster|SpiritBreak,Reflect,LightScreen,PartingShot|Sassy||M|||50|]Basculegion||ChoiceScarf|Adaptability|WaveCrash,LastRespects,FlipTurn,AquaJet|Jolly||M|||50|]Archaludon||Leftovers|Stamina|DragonPulse,FlashCannon,ElectroShot,Protect|Calm||M|||50|
|showteam|p2|Garchomp||ChoiceScarf|RoughSkin|Earthquake,RockSlide,DragonClaw,StompingTantrum|Adamant||F|||50|]Venusaur||LifeOrb|Chlorophyll|SludgeBomb,SolarBeam,EarthPower,Protect|Modest||M|||50|]Incineroar||SitrusBerry|Intimidate|FakeOut,FlareBlitz,ThroatChop,PartingShot|Impish||F|||50|]Charizard||CharizarditeY|Blaze|HeatWave,WeatherBall,Protect,HelpingHand|Modest||F|||50|]Toxapex||Leftovers|Regenerator|Infestation,Toxic,WideGuard,BanefulBunker|Bold||F|||50|]Annihilape||FocusSash|Defiant|CloseCombat,PhantomForce,RockTomb,Protect|Jolly||M|||50|
|inactive|Battle timer is ON: inactive players will automatically lose when time's up. (requested by Imreesithink)
|inactive|Chochito Pelao has 60 seconds left.
|inactive|Imreesithink has 60 seconds left.
|inactive|Chochito Pelao has 30 seconds left.
|inactive|Chochito Pelao has 20 seconds left.
|inactive|Chochito Pelao has 15 seconds left.
|inactive|Chochito Pelao has 10 seconds left.
|inactive|Chochito Pelao has 5 seconds left.
|
|t:|1784742513
|teamsize|p1|4
|teamsize|p2|4
|start
|switch|p1a: Pelipper|Pelipper, L50, F|100/100
|switch|p1b: Archaludon|Archaludon, L50, M|100/100
|switch|p2a: Charizard|Charizard, L50, F|100/100
|switch|p2b: Venusaur|Venusaur, L50, M|100/100
|-weather|RainDance|[from] ability: Drizzle|[of] p1a: Pelipper
|turn|1
|inactive|Chochito Pelao has 30 seconds left.
|inactive|Imreesithink has 30 seconds left.
|inactive|Imreesithink has 20 seconds left.
|
|t:|1784742549
|switch|p1b: Venusaur|Venusaur, L50, F|100/100
|detailschange|p2a: Charizard|Charizard-Mega-Y, L50, F
|-mega|p2a: Charizard|Charizard|Charizardite Y
|-weather|SunnyDay|[from] ability: Drought|[of] p2a: Charizard
|move|p2b: Venusaur|Solar Beam||[still]
|-prepare|p2b: Venusaur|Solar Beam
|-anim|p2b: Venusaur|Solar Beam|p1a: Pelipper
|-damage|p1a: Pelipper|4/100
|-enditem|p1a: Pelipper|Sitrus Berry|[eat]
|-heal|p1a: Pelipper|28/100|[from] item: Sitrus Berry
|-damage|p2b: Venusaur|90/100|[from] item: Life Orb
|move|p2a: Charizard|Weather Ball|p1a: Pelipper
|-resisted|p1a: Pelipper|1
|-damage|p1a: Pelipper|0 fnt
|faint|p1a: Pelipper
|
|-weather|SunnyDay|[upkeep]
|upkeep
|
|t:|1784742568
|switch|p1a: Charizard|Charizard, L50, M|100/100
|turn|2
|
|t:|1784742582
|detailschange|p1a: Charizard|Charizard-Mega-Y, L50, M
|-mega|p1a: Charizard|Charizard|Charizardite Y
|move|p2b: Venusaur|Protect|p2b: Venusaur
|-singleturn|p2b: Venusaur|Protect
|move|p1b: Venusaur|Sleep Powder|p2a: Charizard
|-status|p2a: Charizard|slp|[from] move: Sleep Powder
|cant|p2a: Charizard|slp
|move|p1a: Charizard|Heat Wave|p2a: Charizard|[spread] p2a
|-activate|p2b: Venusaur|move: Protect
|-resisted|p2a: Charizard|1
|-damage|p2a: Charizard|74/100 slp
|
|-weather|SunnyDay|[upkeep]
|upkeep
|turn|3
|inactive|Imreesithink has 30 seconds left.
|inactive|Imreesithink has 20 seconds left.
|inactive|Imreesithink has 15 seconds left.
|inactive|Imreesithink has 10 seconds left.
|
|t:|1784742631
|switch|p2b: Garchomp|Garchomp, L50, F|100/100
|move|p1b: Venusaur|Sludge Bomb|p2a: Charizard
|-damage|p2a: Charizard|34/100 slp
|cant|p2a: Charizard|slp
|move|p1a: Charizard|Heat Wave|p2b: Garchomp|[spread] p2a,p2b
|-resisted|p2a: Charizard|1
|-resisted|p2b: Garchomp|1
|-damage|p2a: Charizard|7/100 slp
|-damage|p2b: Garchomp|68/100
|
|-weather|SunnyDay|[upkeep]
|upkeep
|turn|4
|inactive|Chochito Pelao has 30 seconds left.
|inactive|Chochito Pelao has 20 seconds left.
|inactive|Chochito Pelao has 15 seconds left.
|
|t:|1784742673
|move|p1b: Venusaur|Sludge Bomb|p2a: Charizard
|-damage|p2a: Charizard|0 fnt
|faint|p2a: Charizard
|move|p2b: Garchomp|Rock Slide|p1b: Venusaur|[spread] p1a,p1b
|-supereffective|p1a: Charizard|2
|-crit|p1a: Charizard
|-damage|p1a: Charizard|0 fnt
|-damage|p1b: Venusaur|75/100
|faint|p1a: Charizard
|
|-weather|SunnyDay|[upkeep]
|upkeep
|
|t:|1784742683
|switch|p2a: Venusaur|Venusaur, L50, M|90/100
|switch|p1a: Archaludon|Archaludon, L50, M|100/100
|turn|5
|inactive|Imreesithink has 30 seconds left.
|inactive|Imreesithink has 20 seconds left.
|
|t:|1784742719
|switch|p2b: Toxapex|Toxapex, L50, F|100/100
|move|p1b: Venusaur|Sleep Powder|p2b: Toxapex
|-status|p2b: Toxapex|slp|[from] move: Sleep Powder
|move|p2a: Venusaur|Earth Power|p1a: Archaludon
|-supereffective|p1a: Archaludon|1
|-damage|p1a: Archaludon|39/100
|-ability|p1a: Archaludon|Stamina|boost
|-boost|p1a: Archaludon|def|1
|-damage|p2a: Venusaur|81/100|[from] item: Life Orb
|move|p1a: Archaludon|Dragon Pulse|p2a: Venusaur
|-damage|p2a: Venusaur|42/100
|
|-weather|none
|-heal|p1a: Archaludon|45/100|[from] item: Leftovers
|upkeep
|turn|6
|inactive|Imreesithink has 30 seconds left.
|
|t:|1784742748
|move|p2a: Venusaur|Protect|p2a: Venusaur
|-singleturn|p2a: Venusaur|Protect
|move|p1a: Archaludon|Protect|p1a: Archaludon
|-singleturn|p1a: Archaludon|Protect
|move|p1b: Venusaur|Sludge Bomb|p2a: Venusaur
|-activate|p2a: Venusaur|move: Protect
|cant|p2b: Toxapex|slp
|
|-heal|p1a: Archaludon|51/100|[from] item: Leftovers
|upkeep
|turn|7
|
|t:|1784742764
|move|p1b: Venusaur|Sludge Bomb|p2a: Venusaur
|-crit|p2a: Venusaur
|-damage|p2a: Venusaur|0 fnt
|faint|p2a: Venusaur
|move|p1a: Archaludon|Electro Shot||[still]
|-prepare|p1a: Archaludon|Electro Shot
|-boost|p1a: Archaludon|spa|1
|cant|p2b: Toxapex|slp
|
|-heal|p1a: Archaludon|57/100|[from] item: Leftovers
|upkeep
|
|t:|1784742775
|switch|p2a: Garchomp|Garchomp, L50, F|68/100
|turn|8
|
|t:|1784742790
|-curestatus|p2b: Toxapex|slp|[msg]
|move|p2b: Toxapex|Baneful Bunker|p2b: Toxapex
|-singleturn|p2b: Toxapex|move: Protect
|move|p2a: Garchomp|Stomping Tantrum|p1a: Archaludon
|-supereffective|p1a: Archaludon|1
|-damage|p1a: Archaludon|19/100
|-ability|p1a: Archaludon|Stamina|boost
|-boost|p1a: Archaludon|def|1
|move|p1b: Venusaur|Sleep Powder|p2a: Garchomp
|-status|p2a: Garchomp|slp|[from] move: Sleep Powder
|move|p1a: Archaludon|Electro Shot|p2b: Toxapex|[from] lockedmove
|-activate|p2b: Toxapex|move: Protect
|
|-heal|p1a: Archaludon|25/100|[from] item: Leftovers
|upkeep
|turn|9
|
|t:|1784742805
|cant|p2a: Garchomp|slp
|move|p1b: Venusaur|Sleep Powder|p2b: Toxapex
|-status|p2b: Toxapex|slp|[from] move: Sleep Powder
|move|p1a: Archaludon|Dragon Pulse|p2a: Garchomp
|-supereffective|p2a: Garchomp|1
|-damage|p2a: Garchomp|0 fnt
|faint|p2a: Garchomp
|cant|p2b: Toxapex|slp
|
|-heal|p1a: Archaludon|31/100|[from] item: Leftovers
|upkeep
|turn|10
|
|t:|1784742814
|move|p1b: Venusaur|Earth Power|p2b: Toxapex
|-supereffective|p2b: Toxapex|1
|-damage|p2b: Toxapex|55/100 slp
|move|p1a: Archaludon|Electro Shot||[still]
|-prepare|p1a: Archaludon|Electro Shot
|-boost|p1a: Archaludon|spa|1
|-curestatus|p2b: Toxapex|slp|[msg]
|move|p2b: Toxapex|Infestation|p1b: Venusaur
|-damage|p1b: Venusaur|71/100
|-activate|p1b: Venusaur|move: Infestation|[of] p2b: Toxapex
|
|-heal|p1a: Archaludon|38/100|[from] item: Leftovers
|-heal|p2b: Toxapex|61/100|[from] item: Leftovers
|-damage|p1b: Venusaur|59/100|[from] move: Infestation|[partiallytrapped]
|upkeep
|turn|11
|-message|Imreesithink forfeited.
|
|win|Chochito Pelao
||Imreesithink is ready for game 2.
||Chochito Pelao is ready for game 2.
|uhtml|next|Next: Game 2 of 3
