|j|☆rogerthaAlien
|j|☆PursatiEvol
|html|rogerthaAlienPursatiEvol    
|uhtml|bestof|Game 2 of a best-of-3
|t:|1757713291
|gametype|doubles
|player|p1|rogerthaAlien|blaine|1285
|player|p2|PursatiEvol|101|1355
|gen|9
|tier|[Gen 9] VGC 2025 Reg H (Bo3)
|rated|
|rule|Species Clause: Limit one of each Pokémon
|rule|Item Clause: Limit 1 of each item
|clearpoke
|poke|p1|Porygon2, L50|
|poke|p1|Ursaluna, L50, M|
|poke|p1|Incineroar, L50, F|
|poke|p1|Amoonguss, L50, M|
|poke|p1|Flamigo, L50, F|
|poke|p1|Gholdengo, L50|
|poke|p2|Dragonite, L50, F|
|poke|p2|Ursaluna-Bloodmoon, L50, M|
|poke|p2|Amoonguss, L50, F|
|poke|p2|Sneasler, L50, F|
|poke|p2|Incineroar, L50, F|
|poke|p2|Gholdengo, L50|
|teampreview|4
|showteam|p1|Porygon2||Eviolite|Download|TeraBlast,TrickRoom,Recover,IceBeam||||||50|,,,,,Fighting]Ursaluna||FlameOrb|Guts|HeadlongRush,Facade,Protect,Earthquake|||M|||50|,,,,,Ground]Incineroar||SafetyGoggles|Intimidate|FakeOut,KnockOff,FlareBlitz,PartingShot|||F|||50|,,,,,Ghost]Amoonguss||SitrusBerry|Regenerator|Spore,RagePowder,Protect,ClearSmog|||M|||50|,,,,,Water]Flamigo||FocusSash|Scrappy|BraveBird,CloseCombat,Protect,Tailwind|||F|||50|,,,,,Ghost]Gholdengo||LifeOrb|GoodasGold|MakeItRain,ShadowBall,Protect,NastyPlot||||||50|,,,,,Steel
|showteam|p2|Dragonite||LoadedDice|Multiscale|ScaleShot,ExtremeSpeed,Haze,Tailwind|||F|||50|,,,,,Fairy]Ursaluna-Bloodmoon||AssaultVest|MindsEye|HyperVoice,BloodMoon,EarthPower,VacuumWave|||M|||50|,,,,,Normal]Amoonguss||SitrusBerry|Regenerator|Spore,RagePowder,SludgeBomb,Protect|||F|||50|,,,,,Water]Sneasler||FocusSash|PoisonTouch|FakeOut,CloseCombat,DireClaw,Protect|||F|||50|,,,,,Stellar]Incineroar||SafetyGoggles|Intimidate|FakeOut,FlareBlitz,KnockOff,PartingShot|||F|||50|,,,,,Ghost]Gholdengo||LifeOrb|GoodasGold|MakeItRain,ShadowBall,NastyPlot,Protect||||||50|,,,,,Steel
|j| Agent_999_999
|inactive|Battle timer is ON: inactive players will automatically lose when time's up. (requested by rogerthaAlien)
|inactive|PursatiEvol has 60 seconds left.
|l| Agent_999_999
|
|t:|1757713376
|teamsize|p1|4
|teamsize|p2|4
|start
|switch|p1a: Flamigo|Flamigo, L50, F|100/100
|switch|p1b: Porygon2|Porygon2, L50|100/100
|switch|p2a: Amoonguss|Amoonguss, L50, F|100/100
|switch|p2b: Incineroar|Incineroar, L50, F|100/100
|-ability|p2b: Incineroar|Intimidate|boost
|-fail|p1a: Flamigo|unboost|Attack|[from] ability: Scrappy|[of] p1a: Flamigo
|-unboost|p1b: Porygon2|atk|1
|-ability|p1b: Porygon2|Download|boost
|-boost|p1b: Porygon2|spa|1
|turn|1
|inactive|rogerthaAlien has 30 seconds left.
|inactive|PursatiEvol has 30 seconds left.
|inactive|rogerthaAlien has 20 seconds left.
|inactive|PursatiEvol has 20 seconds left.
|inactive|rogerthaAlien has 15 seconds left.
|inactive|PursatiEvol has 15 seconds left.
|inactive|rogerthaAlien has 10 seconds left.
|inactive|PursatiEvol has 10 seconds left.
|
|t:|1757713424
|move|p2b: Incineroar|Fake Out|p1a: Flamigo
|-damage|p1a: Flamigo|81/100
|cant|p1a: Flamigo|flinch
|move|p1b: Porygon2|Ice Beam|p2a: Amoonguss
|-supereffective|p2a: Amoonguss
|-damage|p2a: Amoonguss|43/100
|-enditem|p2a: Amoonguss|Sitrus Berry|[eat]
|-heal|p2a: Amoonguss|68/100|[from] item: Sitrus Berry
|move|p2a: Amoonguss|Spore|p1b: Porygon2
|-status|p1b: Porygon2|slp|[from] move: Spore
|
|upkeep
|turn|2
|inactive|PursatiEvol has 30 seconds left.
|
|t:|1757713452
|switch|p2a: Gholdengo|Gholdengo, L50|100/100
|-terastallize|p2b: Incineroar|Ghost
|move|p1a: Flamigo|Protect|p1a: Flamigo
|-singleturn|p1a: Flamigo|Protect
|move|p2b: Incineroar|Flare Blitz|p1a: Flamigo
|-activate|p1a: Flamigo|move: Protect
|cant|p1b: Porygon2|slp
|
|upkeep
|turn|3
|inactive|rogerthaAlien has 30 seconds left.
|
|t:|1757713480
|switch|p1a: Ursaluna|Ursaluna, L50, M|100/100
|switch|p2a: Amoonguss|Amoonguss, L50, F|100/100
|move|p2b: Incineroar|Flare Blitz|p1a: Ursaluna
|-damage|p1a: Ursaluna|59/100
|-damage|p2b: Incineroar|82/100|[from] Recoil
|cant|p1b: Porygon2|slp
|
|-status|p1a: Ursaluna|brn|[from] item: Flame Orb
|upkeep
|turn|4
|inactive|PursatiEvol has 30 seconds left.
|inactive|PursatiEvol has 20 seconds left.
|inactive|PursatiEvol has 15 seconds left.
|
|t:|1757713521
|switch|p1b: Flamigo|Flamigo, L50, F|81/100
|-terastallize|p1a: Ursaluna|Ground
|move|p2a: Amoonguss|Rage Powder|p2a: Amoonguss
|-singleturn|p2a: Amoonguss|move: Rage Powder
|move|p2b: Incineroar|Knock Off|p1b: Flamigo
|-resisted|p1b: Flamigo
|-damage|p1b: Flamigo|49/100
|-enditem|p1b: Flamigo|Focus Sash|[from] move: Knock Off|[of] p2b: Incineroar
|move|p1a: Ursaluna|Earthquake|p2b: Incineroar|[spread] p2a,p2b
|-immune|p1b: Flamigo
|-damage|p2a: Amoonguss|27/100
|-damage|p2b: Incineroar|0 fnt
|faint|p2b: Incineroar
|
|-damage|p1a: Ursaluna|53/100 brn|[from] brn
|upkeep
|
|t:|1757713539
|switch|p2b: Gholdengo|Gholdengo, L50|100/100
|turn|5
|inactive|PursatiEvol has 30 seconds left.
|
|t:|1757713565
|move|p1b: Flamigo|Protect|p1b: Flamigo
|-singleturn|p1b: Flamigo|Protect
|move|p2b: Gholdengo|Protect|p2b: Gholdengo
|-singleturn|p2b: Gholdengo|Protect
|move|p2a: Amoonguss|Protect|p2a: Amoonguss
|-singleturn|p2a: Amoonguss|Protect
|move|p1a: Ursaluna|Earthquake|p2b: Gholdengo|[spread] 
|-activate|p1b: Flamigo|move: Protect
|-activate|p2a: Amoonguss|move: Protect
|-activate|p2b: Gholdengo|move: Protect
|
|-damage|p1a: Ursaluna|47/100 brn|[from] brn
|upkeep
|turn|6
|inactive|rogerthaAlien has 30 seconds left.
|inactive|PursatiEvol has 30 seconds left.
|inactive|rogerthaAlien has 20 seconds left.
|inactive|PursatiEvol has 20 seconds left.
|inactive|rogerthaAlien has 15 seconds left.
|inactive|PursatiEvol has 15 seconds left.
|
|t:|1757713614
|switch|p1b: Porygon2|Porygon2, L50|100/100 slp
|-ability|p1b: Porygon2|Download|boost
|-boost|p1b: Porygon2|spa|1
|move|p2a: Amoonguss|Rage Powder|p2a: Amoonguss
|-singleturn|p2a: Amoonguss|move: Rage Powder
|move|p2b: Gholdengo|Make It Rain|p1a: Ursaluna|[spread] p1a,p1b
|-damage|p1a: Ursaluna|0 fnt
|-damage|p1b: Porygon2|74/100 slp
|-unboost|p2b: Gholdengo|spa|1
|faint|p1a: Ursaluna
|-damage|p2b: Gholdengo|91/100|[from] item: Life Orb
|
|upkeep
|
|t:|1757713632
|switch|p1a: Flamigo|Flamigo, L50, F|49/100
|turn|7
|
|t:|1757713643
|switch|p2a: Ursaluna|Ursaluna-Bloodmoon, L50, M|100/100
|move|p1a: Flamigo|Protect|p1a: Flamigo
|-singleturn|p1a: Flamigo|Protect
|move|p2b: Gholdengo|Protect|p2b: Gholdengo
|-singleturn|p2b: Gholdengo|Protect
|cant|p1b: Porygon2|slp
|
|upkeep
|turn|8
|inactive|PursatiEvol has 30 seconds left.
|inactive|rogerthaAlien has 30 seconds left.
|
|t:|1757713682
|switch|p1a: Amoonguss|Amoonguss, L50, M|100/100
|switch|p2a: Amoonguss|Amoonguss, L50, F|60/100
|move|p2b: Gholdengo|Shadow Ball|p1a: Amoonguss
|-damage|p1a: Amoonguss|75/100
|-damage|p2b: Gholdengo|82/100|[from] item: Life Orb
|-curestatus|p1b: Porygon2|slp|[msg]
|move|p1b: Porygon2|Ice Beam|p2a: Amoonguss
|-supereffective|p2a: Amoonguss
|-damage|p2a: Amoonguss|6/100
|
|upkeep
|turn|9
|inactive|rogerthaAlien has 30 seconds left.
|
|t:|1757713717
|switch|p1a: Flamigo|Flamigo, L50, F|49/100
|move|p2a: Amoonguss|Protect|p2a: Amoonguss
|-singleturn|p2a: Amoonguss|Protect
|move|p2b: Gholdengo|Nasty Plot|p2b: Gholdengo
|-boost|p2b: Gholdengo|spa|2
|move|p1b: Porygon2|Ice Beam|p2a: Amoonguss
|-activate|p2a: Amoonguss|move: Protect
|
|upkeep
|turn|10
|inactive|rogerthaAlien has 30 seconds left.
|
|t:|1757713742
|move|p2a: Amoonguss|Rage Powder|p2a: Amoonguss
|-singleturn|p2a: Amoonguss|move: Rage Powder
|move|p1a: Flamigo|Close Combat|p2a: Amoonguss
|-resisted|p2a: Amoonguss
|-damage|p2a: Amoonguss|0 fnt
|-unboost|p1a: Flamigo|def|1
|-unboost|p1a: Flamigo|spd|1
|faint|p2a: Amoonguss
|move|p2b: Gholdengo|Make It Rain|p1b: Porygon2|[spread] p1a,p1b
|-damage|p1a: Flamigo|0 fnt
|-damage|p1b: Porygon2|35/100
|-unboost|p2b: Gholdengo|spa|1
|faint|p1a: Flamigo
|-damage|p2b: Gholdengo|72/100|[from] item: Life Orb
|move|p1b: Porygon2|Ice Beam|p2b: Gholdengo
|-resisted|p2b: Gholdengo
|-damage|p2b: Gholdengo|57/100
|
|upkeep
|c|☆rogerthaAlien|whyy
|-message|rogerthaAlien forfeited.
|
|win|PursatiEvol
|l|☆rogerthaAlien
|player|p1|
||rogerthaAlien is ready for game 3.
||PursatiEvol is ready for game 3.
|uhtml|next|Next: Game 3 of 3
