|j|☆Beeetch
|j|☆rorain fearow
|html|Beeetchrorain fearow    
|uhtml|bestof|Game 1 of a best-of-3
|t:|1756859642
|gametype|doubles
|player|p1|Beeetch|beauty-gen4dp|1258
|player|p2|rorain fearow|birdkeeper|1230
|gen|9
|tier|[Gen 9] VGC 2025 Reg H (Bo3)
|rated|
|rule|Species Clause: Limit one of each Pokémon
|rule|Item Clause: Limit 1 of each item
|clearpoke
|poke|p1|Excadrill, L50, F|
|poke|p1|Tyranitar, L50, F|
|poke|p1|Sneasler, L50, F|
|poke|p1|Indeedee, L50, M|
|poke|p1|Corviknight, L50, F|
|poke|p1|Annihilape, L50, M|
|poke|p2|Gholdengo, L50|
|poke|p2|Conkeldurr, L50, M|
|poke|p2|Porygon2, L50|
|poke|p2|Milotic, L50, M|
|poke|p2|Amoonguss, L50, M|
|poke|p2|Incineroar, L50, F|
|teampreview|4
|showteam|p1|Excadrill||FocusSash|SandRush|IronHead,HighHorsepower,Earthquake,Protect|||F|||50|,,,,,Stellar]Tyranitar||AssaultVest|SandStream|RockSlide,KnockOff,TeraBlast,LowKick|||F|||50|,,,,,Flying]Sneasler||PsychicSeed|Unburden|DireClaw,CloseCombat,ThroatChop,Protect|||F|||50|,,,,,Dark]Indeedee||ChoiceScarf|PsychicSurge|ExpandingForce,TeraBlast,Protect,Trick|||M|||50|,,,,,Psychic]Corviknight||Leftovers|MirrorArmor|BraveBird,BulkUp,Roost,Tailwind|||F|||50|,,,,,Dragon]Annihilape||SafetyGoggles|Defiant|CloseCombat,FinalGambit,RageFist,Taunt|||M|||50|,,,,,Water
|showteam|p2|Gholdengo||MetalCoat|GoodasGold|MakeItRain,ShadowBall,NastyPlot,Protect||||||50|,,,,,Water]Conkeldurr||AssaultVest|Guts|HammerArm,MachPunch,KnockOff,IcePunch|||M|||50|,,,,,Dark]Porygon2||Eviolite|Download|IceBeam,TeraBlast,Recover,TrickRoom||||||50|,,,,,Flying]Milotic||MysticWater|Competitive|MuddyWater,Scald,Haze,Protect|||M|||50|,,,,,Grass]Amoonguss||SitrusBerry|Regenerator|Spore,SludgeBomb,RagePowder,Protect|||M|||50|,,,,,Water]Incineroar||MirrorHerb|Intimidate|FlareBlitz,KnockOff,Uturn,FakeOut|||F|||50|,,,,,Poison
|
|t:|1756859677
|teamsize|p1|4
|teamsize|p2|4
|start
|switch|p1a: Annihilape|Annihilape, L50, M|100/100
|switch|p1b: Excadrill|Excadrill, L50, F, shiny|100/100
|switch|p2a: Gholdengo|Gholdengo, L50|100/100
|switch|p2b: Porygon2|Porygon2, L50|100/100
|-ability|p2b: Porygon2|Download|boost
|-boost|p2b: Porygon2|atk|1
|turn|1
|
|t:|1756859695
|-terastallize|p1a: Annihilape|Water
|move|p2a: Gholdengo|Protect|p2a: Gholdengo
|-singleturn|p2a: Gholdengo|Protect
|move|p1a: Annihilape|Taunt|p2b: Porygon2
|-start|p2b: Porygon2|move: Taunt
|move|p1b: Excadrill|High Horsepower|p2a: Gholdengo
|-activate|p2a: Gholdengo|move: Protect
|cant|p2b: Porygon2|move: Taunt|Trick Room
|
|upkeep
|turn|2
|
|t:|1756859715
|move|p1a: Annihilape|Rage Fist|p2a: Gholdengo
|-supereffective|p2a: Gholdengo
|-damage|p2a: Gholdengo|56/100
|move|p1b: Excadrill|High Horsepower|p2a: Gholdengo
|-supereffective|p2a: Gholdengo
|-damage|p2a: Gholdengo|0 fnt
|faint|p2a: Gholdengo
|move|p2b: Porygon2|Tera Blast|p1a: Annihilape
|-damage|p1a: Annihilape|66/100
|
|upkeep
|
|t:|1756859721
|switch|p2a: Conkeldurr|Conkeldurr, L50, M|100/100
|turn|3
|
|t:|1756859751
|switch|p1b: Corviknight|Corviknight, L50, F|100/100
|move|p1a: Annihilape|Close Combat|p2b: Porygon2
|-supereffective|p2b: Porygon2
|-damage|p2b: Porygon2|31/100
|-unboost|p1a: Annihilape|def|1
|-unboost|p1a: Annihilape|spd|1
|move|p2b: Porygon2|Tera Blast|p1a: Annihilape
|-damage|p1a: Annihilape|14/100
|move|p2a: Conkeldurr|Hammer Arm|p1b: Corviknight
|-damage|p1b: Corviknight|45/100
|-unboost|p2a: Conkeldurr|spe|1
|
|-heal|p1b: Corviknight|51/100|[from] item: Leftovers
|-end|p2b: Porygon2|move: Taunt
|upkeep
|turn|4
|
|t:|1756859777
|move|p2a: Conkeldurr|Mach Punch|p1a: Annihilape
|-damage|p1a: Annihilape|0 fnt
|faint|p1a: Annihilape
|move|p1b: Corviknight|Brave Bird|p2b: Porygon2
|-damage|p2b: Porygon2|0 fnt
|faint|p2b: Porygon2
|-damage|p1b: Corviknight|41/100|[from] Recoil
|
|-heal|p1b: Corviknight|47/100|[from] item: Leftovers
|upkeep
|
|t:|1756859789
|switch|p1a: Excadrill|Excadrill, L50, F, shiny|100/100
|switch|p2b: Incineroar|Incineroar, L50, F|100/100
|-ability|p2b: Incineroar|Intimidate|boost
|-unboost|p1a: Excadrill|atk|1
|-ability|p1b: Corviknight|Mirror Armor
|-unboost|p2b: Incineroar|atk|1
|turn|5
|
|t:|1756859800
|switch|p1a: Tyranitar|Tyranitar, L50, F, shiny|100/100
|-weather|Sandstorm|[from] ability: Sand Stream|[of] p1a: Tyranitar
|move|p2b: Incineroar|Fake Out|p1a: Tyranitar
|-resisted|p1a: Tyranitar
|-damage|p1a: Tyranitar|97/100
|move|p1b: Corviknight|Roost|p1b: Corviknight
|-heal|p1b: Corviknight|97/100
|-singleturn|p1b: Corviknight|move: Roost
|move|p2a: Conkeldurr|Hammer Arm|p1b: Corviknight
|-supereffective|p1b: Corviknight
|-damage|p1b: Corviknight|0 fnt
|-unboost|p2a: Conkeldurr|spe|1
|faint|p1b: Corviknight
|
|-weather|Sandstorm|[upkeep]
|-damage|p2b: Incineroar|95/100|[from] Sandstorm
|-damage|p2a: Conkeldurr|94/100|[from] Sandstorm
|upkeep
|
|t:|1756859813
|switch|p1b: Excadrill|Excadrill, L50, F, shiny|100/100
|turn|6
|
|t:|1756859837
|move|p2a: Conkeldurr|Mach Punch|p1a: Tyranitar
|-supereffective|p1a: Tyranitar
|-damage|p1a: Tyranitar|18/100
|move|p1b: Excadrill|High Horsepower|p2a: Conkeldurr|[miss]
|-miss|p1b: Excadrill|p2a: Conkeldurr
|move|p2b: Incineroar|Flare Blitz|p1b: Excadrill
|-supereffective|p1b: Excadrill
|-enditem|p1b: Excadrill|Focus Sash
|-damage|p1b: Excadrill|1/100
|-damage|p2b: Incineroar|59/100|[from] Recoil
|move|p1a: Tyranitar|Rock Slide|p2b: Incineroar|[spread] p2a,p2b
|-resisted|p2a: Conkeldurr
|-supereffective|p2b: Incineroar
|-damage|p2a: Conkeldurr|81/100
|-damage|p2b: Incineroar|0 fnt
|faint|p2b: Incineroar
|
|-weather|Sandstorm|[upkeep]
|-damage|p2a: Conkeldurr|75/100|[from] Sandstorm
|upkeep
|turn|7
|
|t:|1756859866
|move|p2a: Conkeldurr|Mach Punch|p1b: Excadrill
|-supereffective|p1b: Excadrill
|-damage|p1b: Excadrill|0 fnt
|faint|p1b: Excadrill
|move|p1a: Tyranitar|Low Kick|p2a: Conkeldurr
|-damage|p2a: Conkeldurr|47/100
|
|-weather|Sandstorm|[upkeep]
|-damage|p2a: Conkeldurr|41/100|[from] Sandstorm
|upkeep
|turn|8
|
|t:|1756859876
|move|p2a: Conkeldurr|Mach Punch|p1a: Tyranitar
|-supereffective|p1a: Tyranitar
|-damage|p1a: Tyranitar|0 fnt
|faint|p1a: Tyranitar
|
|win|rorain fearow
