|j|☆DominicVGC07
|j|☆partigiano jonny
|html|DominicVGC07partigiano jonny    
|uhtml|bestof|Game 3 of a best-of-3
|t:|1756824180
|gametype|doubles
|player|p1|DominicVGC07|ghetsis|1468
|player|p2|partigiano jonny|volkner|1541
|gen|9
|tier|[Gen 9] VGC 2025 Reg H (Bo3)
|rated|
|rule|Species Clause: Limit one of each Pokémon
|rule|Item Clause: Limit 1 of each item
|clearpoke
|poke|p1|Kingambit, L50, M|
|poke|p1|Sneasler, L50, F|
|poke|p1|Rillaboom, L50, M|
|poke|p1|Dragonite, L50, M|
|poke|p1|Volcarona, L50, F|
|poke|p1|Electabuzz, L50, F|
|poke|p2|Whimsicott, L50, M|
|poke|p2|Corviknight, L50, F|
|poke|p2|Indeedee, L50, M|
|poke|p2|Sneasler, L50, F|
|poke|p2|Ursaluna-Bloodmoon, L50, M|
|poke|p2|Archaludon, L50, F|
|teampreview|4
|showteam|p1|Kingambit||BlackGlasses|Defiant|KowtowCleave,SuckerPunch,SwordsDance,Protect|||M|||50|,,,,,Dark]Sneasler||FocusSash|Unburden|FakeOut,CloseCombat,DireClaw,Coaching|||F|||50|,,,,,Stellar]Rillaboom||AssaultVest|GrassySurge|FakeOut,WoodHammer,GrassyGlide,HighHorsepower|||M|||50|,,,,,Fire]Dragonite||LoadedDice|Multiscale|ScaleShot,ExtremeSpeed,Haze,Protect|||M|||50|,,,,,Steel]Volcarona||Leftovers|FlameBody|HeatWave,TeraBlast,QuiverDance,Protect|||F|||50|,,,,,Fairy]Electabuzz||Eviolite|VitalSpirit|Electroweb,FollowMe,Taunt,Protect|||F|||50|,,,,,Dragon
|showteam|p2|Whimsicott||CovertCloak|Prankster|Moonblast,Taunt,Tailwind,FakeTears|||M|||50|,,,,,Water]Corviknight||Leftovers|MirrorArmor|BraveBird,BulkUp,Tailwind,Roost|||F|||50|,,,,,Dragon]Indeedee||FocusSash|PsychicSurge|ExpandingForce,TeraBlast,Imprison,TrickRoom|||M|||50|,,,,,Psychic]Sneasler||PsychicSeed|Unburden|CloseCombat,DireClaw,ThroatChop,Protect|||F|||50|,,,,,Dark]Ursaluna-Bloodmoon||LifeOrb|MindsEye|HyperVoice,BloodMoon,EarthPower,Protect|||M|||50|,,,,,Normal]Archaludon||PowerHerb|Stalwart|ElectroShot,DragonPulse,Thunderbolt,Protect|||F|||50|,,,,,Electric
|inactive|Battle timer is ON: inactive players will automatically lose when time's up. (requested by partigiano jonny)
|
|t:|1756824209
|teamsize|p1|4
|teamsize|p2|4
|start
|switch|p1a: Skydragon|Dragonite, L50, M|100/100
|switch|p1b: 1000volt|Electabuzz, L50, F|100/100
|switch|p2a: Whimsicott|Whimsicott, L50, M|100/100
|switch|p2b: Ursaluna|Ursaluna-Bloodmoon, L50, M|100/100
|turn|1
|
|t:|1756824233
|switch|p1b: Kong|Rillaboom, L50, M|100/100
|-fieldstart|move: Grassy Terrain|[from] ability: Grassy Surge|[of] p1b: Kong
|move|p1a: Skydragon|Protect|p1a: Skydragon
|-singleturn|p1a: Skydragon|Protect
|move|p2a: Whimsicott|Tailwind|p2a: Whimsicott
|-sidestart|p2: partigiano jonny|move: Tailwind
|move|p2b: Ursaluna|Earth Power|p1b: Kong
|-resisted|p1b: Kong
|-damage|p1b: Kong|76/100
|-damage|p2b: Ursaluna|91/100|[from] item: Life Orb
|
|-heal|p2b: Ursaluna|97/100|[from] Grassy Terrain
|-heal|p1b: Kong|82/100|[from] Grassy Terrain
|upkeep
|turn|2
|inactive|DominicVGC07 has 30 seconds left.
|inactive|DominicVGC07 has 20 seconds left.
|inactive|DominicVGC07 has 15 seconds left.
|
|t:|1756824278
|-terastallize|p2b: Ursaluna|Normal
|move|p1a: Skydragon|Extreme Speed|p2a: Whimsicott
|-damage|p2a: Whimsicott|63/100
|move|p2a: Whimsicott|Moonblast|p1a: Skydragon
|-supereffective|p1a: Skydragon
|-damage|p1a: Skydragon|69/100
|move|p2b: Ursaluna|Blood Moon|p1b: Kong
|-damage|p1b: Kong|0 fnt
|faint|p1b: Kong
|-damage|p2b: Ursaluna|87/100|[from] item: Life Orb
|
|-heal|p2a: Whimsicott|69/100|[from] Grassy Terrain
|-heal|p2b: Ursaluna|93/100|[from] Grassy Terrain
|upkeep
|inactive|DominicVGC07 has 30 seconds left.
|inactive|DominicVGC07 has 20 seconds left.
|inactive|DominicVGC07 has 15 seconds left.
|inactive|DominicVGC07 has 10 seconds left.
|
|t:|1756824325
|switch|p1b: 1000volt|Electabuzz, L50, F|100/100
|turn|3
|inactive|DominicVGC07 has 30 seconds left.
|
|t:|1756824353
|-terastallize|p1a: Skydragon|Steel
|move|p1b: 1000volt|Protect|p1b: 1000volt
|-singleturn|p1b: 1000volt|Protect
|move|p2a: Whimsicott|Fake Tears|p1a: Skydragon
|-unboost|p1a: Skydragon|spd|2
|move|p2b: Ursaluna|Hyper Voice|p1a: Skydragon|[spread] p1a
|-activate|p1b: 1000volt|move: Protect
|-resisted|p1a: Skydragon
|-damage|p1a: Skydragon|7/100
|-damage|p2b: Ursaluna|84/100|[from] item: Life Orb
|move|p1a: Skydragon|Scale Shot|p2b: Ursaluna
|-damage|p2b: Ursaluna|72/100
|-damage|p2b: Ursaluna|58/100
|-damage|p2b: Ursaluna|43/100
|-damage|p2b: Ursaluna|32/100
|-damage|p2b: Ursaluna|19/100
|-hitcount|p2b: Ursaluna|5
|-unboost|p1a: Skydragon|def|1
|-boost|p1a: Skydragon|spe|1
|
|-heal|p2a: Whimsicott|75/100|[from] Grassy Terrain
|-heal|p2b: Ursaluna|25/100|[from] Grassy Terrain
|-heal|p1a: Skydragon|13/100|[from] Grassy Terrain
|upkeep
|turn|4
|
|t:|1756824372
|move|p2b: Ursaluna|Protect|p2b: Ursaluna
|-singleturn|p2b: Ursaluna|Protect
|move|p1a: Skydragon|Extreme Speed|p2b: Ursaluna
|-activate|p2b: Ursaluna|move: Protect
|move|p2a: Whimsicott|Moonblast|p1a: Skydragon
|-resisted|p1a: Skydragon
|-damage|p1a: Skydragon|0 fnt
|faint|p1a: Skydragon
|move|p1b: 1000volt|Taunt|p2a: Whimsicott
|-start|p2a: Whimsicott|move: Taunt
|
|-heal|p2a: Whimsicott|80/100|[from] Grassy Terrain
|-heal|p2b: Ursaluna|31/100|[from] Grassy Terrain
|-sideend|p2: partigiano jonny|move: Tailwind
|upkeep
|
|t:|1756824376
|switch|p1a: Nightmare|Sneasler, L50, F|100/100
|turn|5
|
|t:|1756824395
|switch|p2a: Corviknight|Corviknight, L50, F|100/100
|move|p1b: 1000volt|Follow Me|p1b: 1000volt
|-singleturn|p1b: 1000volt|move: Follow Me
|move|p1a: Nightmare|Close Combat|p2b: Ursaluna
|-supereffective|p2b: Ursaluna
|-crit|p2b: Ursaluna
|-damage|p2b: Ursaluna|0 fnt
|-unboost|p1a: Nightmare|def|1
|-unboost|p1a: Nightmare|spd|1
|faint|p2b: Ursaluna
|
|-fieldend|move: Grassy Terrain
|upkeep
|
|t:|1756824404
|switch|p2b: Whimsicott|Whimsicott, L50, M|80/100
|turn|6
|inactive|DominicVGC07 has 30 seconds left.
|
|t:|1756824429
|move|p2b: Whimsicott|Tailwind|p2b: Whimsicott
|-sidestart|p2: partigiano jonny|move: Tailwind
|move|p2a: Corviknight|Bulk Up|p2a: Corviknight
|-boost|p2a: Corviknight|atk|1
|-boost|p2a: Corviknight|def|1
|move|p1a: Nightmare|Dire Claw|p2b: Whimsicott
|-supereffective|p2b: Whimsicott
|-damage|p2b: Whimsicott|0 fnt
|faint|p2b: Whimsicott
|move|p1b: 1000volt|Taunt|p2a: Corviknight
|-start|p2a: Corviknight|move: Taunt
|
|upkeep
|
|t:|1756824436
|switch|p2b: Sneasler|Sneasler, L50, F|100/100
|turn|7
|inactive|DominicVGC07 has 30 seconds left.
|
|t:|1756824463
|move|p1b: 1000volt|Follow Me|p1b: 1000volt
|-singleturn|p1b: 1000volt|move: Follow Me
|move|p2b: Sneasler|Dire Claw|p1b: 1000volt
|-damage|p1b: 1000volt|65/100
|move|p2a: Corviknight|Brave Bird|p1b: 1000volt
|-resisted|p1b: 1000volt
|-damage|p1b: 1000volt|43/100
|-damage|p2a: Corviknight|94/100|[from] Recoil
|move|p1a: Nightmare|Close Combat|p2b: Sneasler
|-resisted|p2b: Sneasler
|-damage|p2b: Sneasler|57/100
|-unboost|p1a: Nightmare|def|1
|-unboost|p1a: Nightmare|spd|1
|
|-heal|p2a: Corviknight|99/100|[from] item: Leftovers
|upkeep
|turn|8
|inactive|DominicVGC07 has 30 seconds left.
|inactive|DominicVGC07 has 20 seconds left.
|inactive|DominicVGC07 has 15 seconds left.
|
|t:|1756824504
|move|p1b: 1000volt|Follow Me|p1b: 1000volt
|-singleturn|p1b: 1000volt|move: Follow Me
|move|p2b: Sneasler|Dire Claw|p1b: 1000volt
|-damage|p1b: 1000volt|11/100
|move|p2a: Corviknight|Brave Bird|p1b: 1000volt
|-resisted|p1b: 1000volt
|-damage|p1b: 1000volt|0 fnt
|faint|p1b: 1000volt
|-damage|p2a: Corviknight|97/100|[from] Recoil
|move|p1a: Nightmare|Close Combat|p2b: Sneasler
|-resisted|p2b: Sneasler
|-damage|p2b: Sneasler|14/100
|-unboost|p1a: Nightmare|def|1
|-unboost|p1a: Nightmare|spd|1
|
|-heal|p2a: Corviknight|100/100|[from] item: Leftovers
|upkeep
|turn|9
|
|t:|1756824518
|move|p2b: Sneasler|Throat Chop|p1a: Nightmare
|-resisted|p1a: Nightmare
|-damage|p1a: Nightmare|44/100
|-start|p1a: Nightmare|Throat Chop|[silent]
|move|p2a: Corviknight|Brave Bird|p1a: Nightmare
|-supereffective|p1a: Nightmare
|-damage|p1a: Nightmare|0 fnt
|faint|p1a: Nightmare
|-damage|p2a: Corviknight|90/100|[from] Recoil
|
|win|partigiano jonny
|raw|DominicVGC07's rating: 1468 → 1452(-16 for losing)
|raw|partigiano jonny's rating: 1541 → 1557(+16 for winning)
