|j|☆dvdevilduke
|j|☆Dough0418
|html|dvdevildukeDough0418    
|uhtml|bestof|Game 1 of a best-of-3
|t:|1783750944
|gametype|doubles
|player|p1|dvdevilduke|ghetsis-gen5bw|1000
|player|p2|Dough0418|cilan|1000
|gen|9
|tier|[Gen 9 Champions] VGC 2026 Reg M-B (Bo3)
|rated|
|rule|Species Clause: Limit one of each Pokémon
|rule|Item Clause: Limit 1 of each item
|clearpoke
|poke|p1|Tyranitar, L50, M|
|poke|p1|Garchomp, L50, F|
|poke|p1|Sneasler, L50, M|
|poke|p1|Whimsicott, L50, F|
|poke|p1|Incineroar, L50, M|
|poke|p1|Delphox, L50, M|
|poke|p2|Vileplume, L50, F, shiny|
|poke|p2|Torkoal, L50, F, shiny|
|poke|p2|Basculegion, L50, M, shiny|
|poke|p2|Froslass, L50, F, shiny|
|poke|p2|Arcanine-Hisui, L50, F, shiny|
|poke|p2|Whimsicott, L50, F, shiny|
|teampreview|4
|showteam|p1|Tyranitar||Tyranitarite|SandStream|KnockOff,RockSlide,Earthquake,Protect|Adamant||M|||50|]Garchomp||BrightPowder|SandVeil|Earthquake,Protect,DragonClaw,RockSlide|Adamant||F|||50|]Sneasler||WideLens|PoisonTouch|GunkShot,FakeOut,RockSlide,Protect|Jolly||M|||50|]Whimsicott||FocusSash|Prankster|Moonblast,Protect,Tailwind,TrickRoom|Timid||F|||50|]Incineroar||SitrusBerry|Intimidate|FakeOut,FlareBlitz,PartingShot,Protect|Careful||M|||50|]Delphox||Delphoxite|Blaze|HeatWave,MysticalFire,Psychic,Protect|Modest||M|||50|
|showteam|p2|Vileplume||WideLens|Chlorophyll|EnergyBall,AcidSpray,AfterYou,SleepPowder|Timid||F|||50|]Torkoal||Charcoal|Drought|Eruption,EarthPower,Overheat,Protect|Modest||F|||50|]Basculegion||ChoiceScarf|Adaptability|WaveCrash,LastRespects,AquaJet,FlipTurn|Jolly||M|||50|]Froslass||Froslassite|SnowCloak|Blizzard,ShadowBall,Thunderbolt,Protect|Modest||F|||50|]Arcanine-Hisui||FocusSash|RockHead|HeadSmash,FlareBlitz,WildCharge,Protect|Adamant||F|||50|]Whimsicott||LifeOrb|Prankster|Moonblast,TrickRoom,Tailwind,Protect|Timid||F|||50|
|
|t:|1783750995
|teamsize|p1|4
|teamsize|p2|4
|start
|switch|p1a: Incineroar|Incineroar, L50, M|100/100
|switch|p1b: Delphox|Delphox, L50, M|100/100
|switch|p2a: Whimsicott|Whimsicott, L50, F, shiny|100/100
|switch|p2b: Basculegion|Basculegion, L50, M, shiny|100/100
|-ability|p1a: Incineroar|Intimidate|boost
|-unboost|p2a: Whimsicott|atk|1
|-unboost|p2b: Basculegion|atk|1
|turn|1
|
|t:|1783751031
|detailschange|p1b: Delphox|Delphox-Mega, L50, M
|-mega|p1b: Delphox|Delphox|Delphoxite
|move|p2a: Whimsicott|Protect|p2a: Whimsicott
|-singleturn|p2a: Whimsicott|Protect
|move|p1a: Incineroar|Fake Out|p2a: Whimsicott
|-activate|p2a: Whimsicott|move: Protect
|move|p2b: Basculegion|Flip Turn|p1a: Incineroar
|-supereffective|p1a: Incineroar|1
|-damage|p1a: Incineroar|48/100
|-enditem|p1a: Incineroar|Sitrus Berry|[eat]
|-heal|p1a: Incineroar|73/100|[from] item: Sitrus Berry
|
|t:|1783751044
|switch|p2b: Arcanine|Arcanine-Hisui, L50, F, shiny|100/100|[from] Flip Turn
|move|p1b: Delphox|Psychic|p2b: Arcanine
|-damage|p2b: Arcanine|26/100
|
|upkeep
|turn|2
|
|t:|1783751065
|move|p2b: Arcanine|Protect|p2b: Arcanine
|-singleturn|p2b: Arcanine|Protect
|move|p2a: Whimsicott|Tailwind|p2a: Whimsicott
|-sidestart|p2: Dough0418|move: Tailwind
|move|p1b: Delphox|Heat Wave|p2a: Whimsicott|[spread] p2a
|-activate|p2b: Arcanine|move: Protect
|-supereffective|p2a: Whimsicott|1
|-damage|p2a: Whimsicott|0 fnt
|faint|p2a: Whimsicott
|move|p1a: Incineroar|Parting Shot|p2b: Arcanine
|-activate|p2b: Arcanine|move: Protect
|
|upkeep
|
|t:|1783751077
|switch|p2a: Froslass|Froslass, L50, F, shiny|100/100
|turn|3
|
|t:|1783751102
|move|p2a: Froslass|Protect|p2a: Froslass
|-singleturn|p2a: Froslass|Protect
|move|p1b: Delphox|Protect|p1b: Delphox
|-singleturn|p1b: Delphox|Protect
|move|p2b: Arcanine|Head Smash|p1b: Delphox
|-activate|p1b: Delphox|move: Protect
|move|p1a: Incineroar|Parting Shot|p2a: Froslass
|-activate|p2a: Froslass|move: Protect
|
|upkeep
|turn|4
|
|t:|1783751136
|switch|p1b: Garchomp|Garchomp, L50, F|100/100
|detailschange|p2a: Froslass|Froslass-Mega, L50, F, shiny
|-mega|p2a: Froslass|Froslass|Froslassite
|-weather|Snowscape|[from] ability: Snow Warning|[of] p2a: Froslass
|move|p2b: Arcanine|Head Smash|p1a: Incineroar
|-supereffective|p1a: Incineroar|1
|-damage|p1a: Incineroar|0 fnt
|faint|p1a: Incineroar
|move|p2a: Froslass|Shadow Ball|p1b: Garchomp
|-damage|p1b: Garchomp|55/100
|
|-weather|Snowscape|[upkeep]
|upkeep
|
|t:|1783751149
|switch|p1a: Delphox|Delphox-Mega, L50, M|100/100
|turn|5
|
|t:|1783751163
|move|p1a: Delphox|Protect|p1a: Delphox
|-singleturn|p1a: Delphox|Protect
|move|p2b: Arcanine|Head Smash|p1a: Delphox
|-activate|p1a: Delphox|move: Protect
|move|p2a: Froslass|Blizzard|p1a: Delphox|[spread] p1b
|-activate|p1a: Delphox|move: Protect
|-supereffective|p1b: Garchomp|2
|-damage|p1b: Garchomp|0 fnt
|faint|p1b: Garchomp
|
|-weather|Snowscape|[upkeep]
|-sideend|p2: Dough0418|move: Tailwind
|upkeep
|
|t:|1783751174
|switch|p1b: Sneasler|Sneasler, L50, M|100/100
|turn|6
|
|t:|1783751194
|move|p2b: Arcanine|Protect|p2b: Arcanine
|-singleturn|p2b: Arcanine|Protect
|move|p1b: Sneasler|Fake Out|p2b: Arcanine
|-activate|p2b: Arcanine|move: Protect
|move|p1a: Delphox|Heat Wave|p2b: Arcanine|[spread] 
|-activate|p2b: Arcanine|move: Protect
|-miss|p1a: Delphox|p2a: Froslass
|move|p2a: Froslass|Blizzard|p1b: Sneasler|[spread] p1a,p1b
|-resisted|p1a: Delphox|1
|-damage|p1a: Delphox|76/100
|-damage|p1b: Sneasler|29/100
|
|-weather|Snowscape|[upkeep]
|upkeep
|turn|7
|
|t:|1783751213
|move|p2a: Froslass|Protect|p2a: Froslass
|-singleturn|p2a: Froslass|Protect
|move|p1b: Sneasler|Rock Slide|p2a: Froslass|[spread] p2b
|-activate|p2a: Froslass|move: Protect
|-supereffective|p2b: Arcanine|1
|-damage|p2b: Arcanine|0 fnt
|faint|p2b: Arcanine
|move|p1a: Delphox|Heat Wave|p2a: Froslass
|-activate|p2a: Froslass|move: Protect
|
|-weather|Snowscape|[upkeep]
|upkeep
|
|t:|1783751226
|switch|p2b: Basculegion|Basculegion, L50, M, shiny|100/100
|turn|8
|
|t:|1783751236
|move|p2b: Basculegion|Last Respects|p1a: Delphox
|-supereffective|p1a: Delphox|1
|-damage|p1a: Delphox|0 fnt
|faint|p1a: Delphox
|move|p1b: Sneasler|Rock Slide|p2a: Froslass|[spread] p2a,p2b
|-supereffective|p2a: Froslass|1
|-damage|p2a: Froslass|63/100
|-damage|p2b: Basculegion|72/100
|move|p2a: Froslass|Blizzard|p1b: Sneasler
|-damage|p1b: Sneasler|0 fnt
|faint|p1b: Sneasler
|
|win|Dough0418
|inactive|dvdevilduke has 30 seconds to confirm battle start!
|inactive|Dough0418 has 30 seconds to confirm battle start!
||dvdevilduke is ready for game 2.
