|j|☆teamfollower
|j|☆ultraclaw1
|html|teamfollowerultraclaw1    
|uhtml|bestof|Game 2 of a best-of-3
|t:|1783931978
|gametype|doubles
|player|p1|teamfollower|cheren|1314
|player|p2|ultraclaw1|brycenman|1320
|gen|9
|tier|[Gen 9 Champions] VGC 2026 Reg M-B (Bo3)
|rated|
|rule|Species Clause: Limit one of each Pokémon
|rule|Item Clause: Limit 1 of each item
|clearpoke
|poke|p1|Froslass, L50, F|
|poke|p1|Dragonite, L50, F|
|poke|p1|Toxapex, L50, F|
|poke|p1|Sneasler, L50, M|
|poke|p1|Kingambit, L50, M|
|poke|p1|Blaziken, L50, M|
|poke|p2|Maushold, L50|
|poke|p2|Kingambit, L50, F|
|poke|p2|Garchomp, L50, M|
|poke|p2|Basculegion, L50, M|
|poke|p2|Talonflame, L50, M|
|poke|p2|Floette-Eternal, L50, F|
|teampreview|4
|showteam|p1|Froslass||Froslassite|CursedBody|Blizzard,ShadowBall,AuroraVeil,Protect|Timid||F|||50|]Dragonite||LifeOrb|InnerFocus|DragonClaw,ExtremeSpeed,LowKick,Protect|Adamant||F|||50|]Toxapex||Leftovers|Regenerator|Infestation,Toxic,WideGuard,BanefulBunker|Bold||F|||50|]Sneasler||FocusSash|PoisonTouch|PoisonJab,CloseCombat,FakeOut,Protect|Jolly||M|||50|]Kingambit||BlackGlasses|Defiant|KowtowCleave,IronHead,SuckerPunch,Protect|Adamant||M|||50|]Blaziken||Blazikenite|SpeedBoost|FlareBlitz,CloseCombat,RockSlide,Protect|Adamant||M|||50|
|showteam|p2|Maushold||FocusSash|FriendGuard|SuperFang,Feint,FollowMe,Protect|Timid|||||50|]Kingambit||ChopleBerry|Defiant|KowtowCleave,SuckerPunch,LowKick,IronHead|Adamant||F|||50|]Garchomp||LifeOrb|RoughSkin|RockSlide,Earthquake,DragonClaw,Protect|Jolly||M|||50|]Basculegion||MysticWater|Adaptability|WaveCrash,LastRespects,AquaJet,Protect|Adamant||M|||50|]Talonflame||SharpBeak|GaleWings|QuickGuard,DualWingbeat,Tailwind,Protect|Jolly||M|||50|]Floette-Eternal||Floettite|FlowerVeil|LightofRuin,Protect,Moonblast,DazzlingGleam|Modest||F|||50|
|inactive|Battle timer is ON: inactive players will automatically lose when time's up. (requested by ultraclaw1)
|
|t:|1783932000
|teamsize|p1|4
|teamsize|p2|4
|start
|switch|p1a: Toxapex|Toxapex, L50, F|100/100
|switch|p1b: Sneasler|Sneasler, L50, M|100/100
|switch|p2a: Floette|Floette-Eternal, L50, F|100/100
|switch|p2b: Talonflame|Talonflame, L50, M|100/100
|turn|1
|
|t:|1783932017
|move|p2b: Talonflame|Protect|p2b: Talonflame
|-singleturn|p2b: Talonflame|Protect
|move|p2a: Floette|Protect|p2a: Floette
|-singleturn|p2a: Floette|Protect
|move|p1b: Sneasler|Fake Out|p2b: Talonflame
|-activate|p2b: Talonflame|move: Protect
|move|p1a: Toxapex|Toxic|p2a: Floette
|-activate|p2a: Floette|move: Protect
|
|upkeep
|turn|2
|
|t:|1783932027
|detailschange|p2a: Floette|Floette-Mega, L50, F
|-mega|p2a: Floette|Floette|Floettite
|-ability|p2a: Floette|Fairy Aura
|move|p1b: Sneasler|Protect|p1b: Sneasler
|-singleturn|p1b: Sneasler|Protect
|move|p2b: Talonflame|Dual Wingbeat|p1b: Sneasler
|-activate|p1b: Sneasler|move: Protect
|move|p2a: Floette|Light of Ruin|p1a: Toxapex|[miss]
|-miss|p2a: Floette|p1a: Toxapex
|move|p1a: Toxapex|Infestation|p2b: Talonflame
|-resisted|p2b: Talonflame|2
|-damage|p2b: Talonflame|98/100
|-activate|p2b: Talonflame|move: Infestation|[of] p1a: Toxapex
|
|-damage|p2b: Talonflame|86/100|[from] move: Infestation|[partiallytrapped]
|upkeep
|turn|3
|inactive|teamfollower has 30 seconds left.
|inactive|teamfollower has 20 seconds left.
|
|t:|1783932064
|move|p2b: Talonflame|Dual Wingbeat|p1b: Sneasler
|-supereffective|p1b: Sneasler|1
|-damage|p1b: Sneasler|29/100
|-supereffective|p1b: Sneasler|1
|-damage|p1b: Sneasler|0 fnt
|faint|p1b: Sneasler
|-hitcount|p1: Sneasler|2
|move|p2a: Floette|Light of Ruin|p1a: Toxapex
|-resisted|p1a: Toxapex|1
|-crit|p1a: Toxapex
|-damage|p1a: Toxapex|33/100
|-damage|p2a: Floette|64/100|[from] Recoil
|move|p1a: Toxapex|Toxic|p2a: Floette
|-status|p2a: Floette|tox
|
|-heal|p1a: Toxapex|38/100|[from] item: Leftovers
|-damage|p2a: Floette|58/100 tox|[from] psn
|-damage|p2b: Talonflame|74/100|[from] move: Infestation|[partiallytrapped]
|upkeep
|
|t:|1783932079
|switch|p1b: Froslass|Froslass, L50, F|100/100
|turn|4
|
|t:|1783932089
|detailschange|p1b: Froslass|Froslass-Mega, L50, F
|-mega|p1b: Froslass|Froslass|Froslassite
|-weather|Snowscape|[from] ability: Snow Warning|[of] p1b: Froslass
|move|p1a: Toxapex|Wide Guard|p1a: Toxapex
|-singleturn|p1a: Toxapex|Wide Guard
|move|p2b: Talonflame|Tailwind|p2b: Talonflame
|-sidestart|p2: ultraclaw1|move: Tailwind
|move|p2a: Floette|Light of Ruin|p1a: Toxapex
|-resisted|p1a: Toxapex|1
|-damage|p1a: Toxapex|0 fnt
|faint|p1a: Toxapex
|-damage|p2a: Floette|38/100 tox|[from] Recoil
|move|p1b: Froslass|Blizzard|p2b: Talonflame|[spread] p2a,p2b
|-damage|p2a: Floette|4/100 tox
|-damage|p2b: Talonflame|4/100
|-status|p2b: Talonflame|frz
|
|-weather|Snowscape|[upkeep]
|-damage|p2a: Floette|0 fnt|[from] psn
|faint|p2a: Floette
|-end|p2b: Talonflame|Infestation|[partiallytrapped]|[silent]
|upkeep
|
|t:|1783932101
|switch|p2a: Basculegion|Basculegion, L50, M|100/100
|switch|p1a: Blaziken|Blaziken, L50, M|100/100
|turn|5
|
|t:|1783932107
|move|p1b: Froslass|Protect|p1b: Froslass
|-singleturn|p1b: Froslass|Protect
|-curestatus|p2b: Talonflame|frz|[msg]
|move|p2b: Talonflame|Dual Wingbeat|p1a: Blaziken
|-supereffective|p1a: Blaziken|1
|-damage|p1a: Blaziken|46/100
|-supereffective|p1a: Blaziken|1
|-damage|p1a: Blaziken|0 fnt
|faint|p1a: Blaziken
|-hitcount|p1: Blaziken|2
|move|p2a: Basculegion|Last Respects|p1b: Froslass
|-activate|p1b: Froslass|move: Protect
|
|-weather|Snowscape|[upkeep]
|upkeep
|turn|6
|-message|teamfollower forfeited.
|
|win|ultraclaw1
|raw|teamfollower's rating: 1314 → 1294(-20 for losing)
|raw|ultraclaw1's rating: 1320 → 1340(+20 for winning)
|c|☆ultraclaw1|gg
