|j|☆Sparklucario
|j|‽CaratroncoSun
|html|SparklucarioCaratroncoSun    
|uhtml|bestof|Game 1 of a best-of-3
|t:|1784107345
|gametype|doubles
|player|p1|Sparklucario|102|1200
|player|p2|CaratroncoSun|juan|1296
|gen|9
|tier|[Gen 9 Champions] VGC 2026 Reg M-B (Bo3)
|rated|
|rule|Species Clause: Limit one of each Pokémon
|rule|Item Clause: Limit 1 of each item
|clearpoke
|poke|p1|Hydreigon, L50, M|
|poke|p1|Garchomp, L50, F|
|poke|p1|Metagross, L50|
|poke|p1|Charizard, L50, M|
|poke|p1|Grimmsnarl, L50, M|
|poke|p1|Toxapex, L50, F|
|poke|p2|Charizard, L50, M, shiny|
|poke|p2|Venusaur, L50, M, shiny|
|poke|p2|Whimsicott, L50, F, shiny|
|poke|p2|Basculegion, L50, M|
|poke|p2|Garchomp, L50, F, shiny|
|poke|p2|Tyranitar, L50, M|
|teampreview|4
|showteam|p1|Hydreigon||ChoiceScarf|Levitate|HeatWave,DarkPulse,DracoMeteor,Snarl|Modest||M|||50|]Garchomp||SitrusBerry|RoughSkin|Earthquake,RockSlide,DragonClaw,Protect|Adamant||F|||50|]Metagross||Metagrossite|ClearBody|IronHead,HammerArm,BulletPunch,Protect|Adamant|||||50|]Charizard||CharizarditeY|Blaze|Protect,HeatWave,SolarBeam,WeatherBall|Timid||M|||50|]Grimmsnarl||RoseliBerry|Prankster|FakeOut,FoulPlay,Reflect,PartingShot|Sassy||M|||50|]Toxapex||Leftovers|Regenerator|Infestation,Toxic,BanefulBunker,WideGuard|Bold||F|||50|
|showteam|p2|Charizard||CharizarditeY|Blaze|Protect,SolarBeam,HeatWave,AirSlash|Modest||M|||50|]Venusaur||WideLens|Chlorophyll|Protect,GigaDrain,EarthPower,SleepPowder|Modest||M|||50|]Whimsicott||FocusSash|Prankster|Protect,Moonblast,Tailwind,Encore|Timid||F|||50|]Basculegion||MysticWater|Adaptability|Protect,AquaJet,WaveCrash,LastRespects|Adamant||M|||50|]Garchomp||RoseliBerry|RoughSkin|Protect,PoisonJab,StompingTantrum,StoneEdge|Jolly||F|||50|]Tyranitar||Tyranitarite|SandStream|Protect,RockSlide,KnockOff,LowKick|Adamant||M|||50|
|c|☆Sparklucario|Glhf
|inactive|Battle timer is ON: inactive players will automatically lose when time's up. (requested by Sparklucario)
|
|t:|1784107405
|teamsize|p1|4
|teamsize|p2|4
|start
|switch|p1a: Charizard|Charizard, L50, M|100/100
|switch|p1b: Garchomp|Garchomp, L50, F|100/100
|switch|p2a: Whimsicott|Whimsicott, L50, F, shiny|100/100
|switch|p2b: Garchomp|Garchomp, L50, F, shiny|100/100
|turn|1
|
|t:|1784107423
|switch|p1b: Toxapex|Toxapex, L50, F|100/100
|move|p1a: Charizard|Protect|p1a: Charizard
|-singleturn|p1a: Charizard|Protect
|move|p2a: Whimsicott|Moonblast|p1b: Toxapex
|-resisted|p1b: Toxapex|1
|-damage|p1b: Toxapex|86/100
|move|p2b: Garchomp|Stone Edge|p1a: Charizard
|-activate|p1a: Charizard|move: Protect
|
|-heal|p1b: Toxapex|92/100|[from] item: Leftovers
|upkeep
|turn|2
|
|t:|1784107443
|-heal|p1b: Toxapex|100/100|[from] ability: Regenerator|[silent]
|switch|p1b: Hydreigon|Hydreigon, L50, M|100/100
|detailschange|p1a: Charizard|Charizard-Mega-Y, L50, M
|-mega|p1a: Charizard|Charizard|Charizardite Y
|-weather|SunnyDay|[from] ability: Drought|[of] p1a: Charizard
|move|p2a: Whimsicott|Moonblast|p1a: Charizard
|-resisted|p1a: Charizard|1
|-damage|p1a: Charizard|83/100
|move|p1a: Charizard|Solar Beam||[still]
|-prepare|p1a: Charizard|Solar Beam
|-anim|p1a: Charizard|Solar Beam|p2b: Garchomp
|-damage|p2b: Garchomp|52/100
|move|p2b: Garchomp|Stomping Tantrum|p1b: Hydreigon
|-immune|p1b: Hydreigon|[from] ability: Levitate
|
|-weather|SunnyDay|[upkeep]
|upkeep
|turn|3
|inactive|CaratroncoSun has 30 seconds left.
|
|t:|1784107469
|switch|p1b: Toxapex|Toxapex, L50, F|100/100
|move|p1a: Charizard|Protect|p1a: Charizard
|-singleturn|p1a: Charizard|Protect
|move|p2b: Garchomp|Protect|p2b: Garchomp
|-singleturn|p2b: Garchomp|Protect
|move|p2a: Whimsicott|Moonblast|p1b: Toxapex
|-resisted|p1b: Toxapex|1
|-damage|p1b: Toxapex|85/100
|
|-weather|SunnyDay|[upkeep]
|-heal|p1b: Toxapex|91/100|[from] item: Leftovers
|upkeep
|turn|4
|
|t:|1784107486
|switch|p1a: Garchomp|Garchomp, L50, F|100/100
|move|p2a: Whimsicott|Tailwind|p2a: Whimsicott
|-sidestart|p2: CaratroncoSun|move: Tailwind
|move|p2b: Garchomp|Stone Edge|p1a: Garchomp
|-resisted|p1a: Garchomp|1
|-damage|p1a: Garchomp|85/100
|move|p1b: Toxapex|Toxic|p2b: Garchomp
|-status|p2b: Garchomp|tox
|
|-weather|SunnyDay|[upkeep]
|-heal|p1b: Toxapex|97/100|[from] item: Leftovers
|-damage|p2b: Garchomp|46/100 tox|[from] psn
|upkeep
|turn|5
|
|t:|1784107506
|-heal|p1b: Toxapex|100/100|[from] ability: Regenerator|[silent]
|switch|p1b: Charizard|Charizard-Mega-Y, L50, M|83/100
|move|p1a: Garchomp|Protect|p1a: Garchomp
|-singleturn|p1a: Garchomp|Protect
|move|p2a: Whimsicott|Moonblast|p1a: Garchomp
|-activate|p1a: Garchomp|move: Protect
|move|p2b: Garchomp|Stomping Tantrum|p1b: Charizard
|-immune|p1b: Charizard
|
|-weather|SunnyDay|[upkeep]
|-damage|p2b: Garchomp|33/100 tox|[from] psn
|upkeep
|turn|6
|inactive|Sparklucario has 30 seconds left.
|
|t:|1784107539
|switch|p1a: Toxapex|Toxapex, L50, F|100/100
|move|p2a: Whimsicott|Moonblast|p1a: Toxapex
|-resisted|p1a: Toxapex|1
|-damage|p1a: Toxapex|87/100
|move|p2b: Garchomp|Stone Edge|p1b: Charizard|[miss]
|-miss|p2b: Garchomp|p1b: Charizard
|move|p1b: Charizard|Heat Wave|p2a: Whimsicott|[spread] p2a,p2b
|-supereffective|p2a: Whimsicott|1
|-resisted|p2b: Garchomp|1
|-enditem|p2a: Whimsicott|Focus Sash
|-damage|p2a: Whimsicott|1/100
|-damage|p2b: Garchomp|2/100 tox
|
|-weather|none
|-heal|p1a: Toxapex|92/100|[from] item: Leftovers
|-damage|p2b: Garchomp|0 fnt|[from] psn
|faint|p2b: Garchomp
|upkeep
|
|t:|1784107560
|switch|p2b: Venusaur|Venusaur, L50, M, shiny|100/100
|turn|7
|
|t:|1784107572
|move|p2a: Whimsicott|Protect|p2a: Whimsicott
|-singleturn|p2a: Whimsicott|Protect
|move|p1b: Charizard|Protect|p1b: Charizard
|-singleturn|p1b: Charizard|Protect
|move|p2b: Venusaur|Sleep Powder|p1b: Charizard
|-activate|p1b: Charizard|move: Protect
|move|p1a: Toxapex|Infestation|p2b: Venusaur
|-damage|p2b: Venusaur|96/100
|-activate|p2b: Venusaur|move: Infestation|[of] p1a: Toxapex
|
|-heal|p1a: Toxapex|98/100|[from] item: Leftovers
|-damage|p2b: Venusaur|83/100|[from] move: Infestation|[partiallytrapped]
|-sideend|p2: CaratroncoSun|move: Tailwind
|upkeep
|turn|8
|inactive|Sparklucario has 30 seconds left.
|
|t:|1784107600
|switch|p1b: Hydreigon|Hydreigon, L50, M|100/100
|move|p2a: Whimsicott|Encore|p1b: Hydreigon
|-hint|Since gen 7, Dark is immune to Prankster moves.
|-immune|p1b: Hydreigon
|move|p2b: Venusaur|Sleep Powder|p1a: Toxapex
|-status|p1a: Toxapex|slp|[from] move: Sleep Powder
|cant|p1a: Toxapex|slp
|
|-heal|p1a: Toxapex|100/100 slp|[from] item: Leftovers
|-damage|p2b: Venusaur|71/100|[from] move: Infestation|[partiallytrapped]
|upkeep
|turn|9
|
|t:|1784107615
|move|p2a: Whimsicott|Tailwind|p2a: Whimsicott
|-sidestart|p2: CaratroncoSun|move: Tailwind
|move|p2b: Venusaur|Sleep Powder|p1b: Hydreigon|[miss]
|-miss|p2b: Venusaur|p1b: Hydreigon
|move|p1b: Hydreigon|Heat Wave|p2b: Venusaur|[spread] p2a,p2b
|-supereffective|p2a: Whimsicott|1
|-supereffective|p2b: Venusaur|1
|-damage|p2a: Whimsicott|0 fnt
|-damage|p2b: Venusaur|19/100
|faint|p2a: Whimsicott
|-curestatus|p1a: Toxapex|slp|[msg]
|move|p1a: Toxapex|Toxic|p2b: Venusaur
|-immune|p2b: Venusaur
|
|-damage|p2b: Venusaur|7/100|[from] move: Infestation|[partiallytrapped]
|upkeep
|
|t:|1784107629
|switch|p2a: Charizard|Charizard, L50, M, shiny|100/100
|turn|10
|
|t:|1784107641
|detailschange|p2a: Charizard|Charizard-Mega-Y, L50, M, shiny
|-mega|p2a: Charizard|Charizard|Charizardite Y
|-weather|SunnyDay|[from] ability: Drought|[of] p2a: Charizard
|move|p1a: Toxapex|Baneful Bunker|p1a: Toxapex
|-singleturn|p1a: Toxapex|move: Protect
|move|p2b: Venusaur|Sleep Powder|p1b: Hydreigon
|-status|p1b: Hydreigon|slp|[from] move: Sleep Powder
|move|p2a: Charizard|Air Slash|p1a: Toxapex
|-activate|p1a: Toxapex|move: Protect
|cant|p1b: Hydreigon|slp
|
|-weather|SunnyDay|[upkeep]
|-damage|p2b: Venusaur|0 fnt|[from] move: Infestation|[partiallytrapped]
|faint|p2b: Venusaur
|upkeep
|turn|11
|c|☆Sparklucario|Gg
|
|t:|1784107658
|switch|p1b: Garchomp|Garchomp, L50, F|85/100
|move|p2a: Charizard|Air Slash|p1b: Garchomp
|-damage|p1b: Garchomp|46/100
|-enditem|p1b: Garchomp|Sitrus Berry|[eat]
|-heal|p1b: Garchomp|71/100|[from] item: Sitrus Berry
|move|p1a: Toxapex|Toxic|p2a: Charizard
|-status|p2a: Charizard|tox
|
|-weather|SunnyDay|[upkeep]
|-damage|p2a: Charizard|94/100 tox|[from] psn
|upkeep
|turn|12
|
|t:|1784107671
|move|p1b: Garchomp|Protect|p1b: Garchomp
|-singleturn|p1b: Garchomp|Protect
|move|p1a: Toxapex|Baneful Bunker|p1a: Toxapex
|-singleturn|p1a: Toxapex|move: Protect
|move|p2a: Charizard|Solar Beam||[still]
|-prepare|p2a: Charizard|Solar Beam
|-anim|p2a: Charizard|Solar Beam|p1b: Garchomp
|-activate|p1b: Garchomp|move: Protect
|
|-weather|SunnyDay|[upkeep]
|-damage|p2a: Charizard|82/100 tox|[from] psn
|-sideend|p2: CaratroncoSun|move: Tailwind
|upkeep
|turn|13
|-message|CaratroncoSun forfeited.
|
|win|Sparklucario
