|j|☆escapadian
|j|☆Inteligent8pro
|html|escapadianInteligent8pro    
|uhtml|bestof|Game 3 of a best-of-3
|t:|1786206094
|gametype|doubles
|player|p1|escapadian|rocketgruntf|1186
|player|p2|Inteligent8pro|elesa|1320
|gen|9
|tier|[Gen 9 Champions] VGC 2026 Reg M-B (Bo3)
|rated|
|rule|Species Clause: Limit one of each Pokémon
|rule|Item Clause: Limit 1 of each item
|clearpoke
|poke|p1|Incineroar, L50, M, shiny|
|poke|p1|Sinistcha, L50, shiny|
|poke|p1|Floette-Eternal, L50, F|
|poke|p1|Delphox, L50, F, shiny|
|poke|p1|Sneasler, L50, M, shiny|
|poke|p1|Kingambit, L50, M, shiny|
|poke|p2|Blaziken, L50, F|
|poke|p2|Venusaur, L50, F|
|poke|p2|Kingambit, L50, F|
|poke|p2|Ninetales-Alola, L50, M|
|poke|p2|Lycanroc-Dusk, L50, M|
|poke|p2|Basculegion, L50, M|
|teampreview|4
|showteam|p1|Incineroar||SitrusBerry|Intimidate|FlareBlitz,DarkestLariat,PartingShot,FakeOut|Careful||M|||50|]Sinistcha||OccaBerry|Hospitality|MatchaGotcha,RagePowder,TrickRoom,Protect|Bold|||||50|]Floette-Eternal||Floettite|FlowerVeil|DazzlingGleam,DrainingKiss,CalmMind,Protect|Bold||F|||50|]Delphox||Delphoxite|Blaze|HeatWave,Psyshock,NastyPlot,Protect|Modest||F|||50|]Sneasler||FocusSash|PoisonTouch|CloseCombat,PoisonJab,Coaching,FakeOut|Jolly||M|||50|]Kingambit||BlackGlasses|Defiant|KowtowCleave,SuckerPunch,SwordsDance,Protect|Adamant||M|||50|
|showteam|p2|Blaziken||Blazikenite|SpeedBoost|FlareBlitz,CloseCombat,RockSlide,Detect|Adamant||F|||50|]Venusaur||Venusaurite|Chlorophyll|GigaDrain,SludgeBomb,EarthPower,Protect|Modest||F|||50|]Kingambit||LifeOrb|Defiant|KowtowCleave,SuckerPunch,IronHead,Protect|Adamant||F|||50|]Ninetales-Alola||NeverMeltIce|SnowWarning|Blizzard,FreezeDry,Encore,Protect|Timid||M|||50|]Lycanroc-Dusk||FocusSash|ToughClaws|RockSlide,Accelerock,CloseCombat,Protect|Adamant||M|||50|]Basculegion||ChoiceScarf|Adaptability|LastRespects,WaveCrash,AquaJet,FlipTurn|Jolly||M|||50|
|inactive|Battle timer is ON: inactive players will automatically lose when time's up. (requested by Inteligent8pro)
|
|t:|1786206123
|teamsize|p1|4
|teamsize|p2|4
|start
|switch|p1a: Delphox|Delphox, L50, F, shiny|100/100
|switch|p1b: Sneasler|Sneasler, L50, M, shiny|100/100
|switch|p2a: Venusaur|Venusaur, L50, F|100/100
|switch|p2b: Basculegion|Basculegion, L50, M|100/100
|turn|1
|inactive|escapadian has 30 seconds left.
|inactive|Inteligent8pro has 30 seconds left.
|inactive|escapadian has 20 seconds left.
|
|t:|1786206162
|detailschange|p1a: Delphox|Delphox-Mega, L50, F, shiny
|-mega|p1a: Delphox|Delphox|Delphoxite
|detailschange|p2a: Venusaur|Venusaur-Mega, L50, F
|-mega|p2a: Venusaur|Venusaur|Venusaurite
|move|p1b: Sneasler|Fake Out|p2a: Venusaur
|-damage|p2a: Venusaur|88/100
|move|p2b: Basculegion|Flip Turn|p1b: Sneasler
|-damage|p1b: Sneasler|40/100
|
|t:|1786206170
|switch|p2b: Blaziken|Blaziken, L50, F|100/100|[from] Flip Turn
|move|p1a: Delphox|Nasty Plot|p1a: Delphox
|-boost|p1a: Delphox|spa|2
|cant|p2a: Venusaur|flinch
|
|upkeep
|turn|2
|
|t:|1786206191
|move|p1b: Sneasler|Coaching|p1a: Delphox
|-boost|p1a: Delphox|atk|1
|-boost|p1a: Delphox|def|1
|move|p1a: Delphox|Heat Wave|p2b: Blaziken|[spread] p2a,p2b
|-supereffective|p2a: Venusaur|1
|-resisted|p2b: Blaziken|1
|-damage|p2a: Venusaur|29/100
|-damage|p2b: Blaziken|42/100
|move|p2b: Blaziken|Rock Slide|p1b: Sneasler|[spread] p1a,p1b
|-supereffective|p1a: Delphox|1
|-resisted|p1b: Sneasler|1
|-damage|p1a: Delphox|70/100
|-damage|p1b: Sneasler|25/100
|move|p2a: Venusaur|Earth Power|p1b: Sneasler
|-supereffective|p1b: Sneasler|1
|-damage|p1b: Sneasler|0 fnt
|faint|p1b: Sneasler
|
|-ability|p2b: Blaziken|Speed Boost|boost
|-boost|p2b: Blaziken|spe|1
|upkeep
|
|t:|1786206207
|switch|p1b: Incineroar|Incineroar, L50, M, shiny|100/100
|-ability|p1b: Incineroar|Intimidate|boost
|-unboost|p2a: Venusaur|atk|1
|-unboost|p2b: Blaziken|atk|1
|turn|3
|
|t:|1786206229
|switch|p2a: Kingambit|Kingambit, L50, F|100/100
|move|p2b: Blaziken|Detect|p2b: Blaziken
|-singleturn|p2b: Blaziken|Protect
|move|p1b: Incineroar|Fake Out|p2b: Blaziken
|-activate|p2b: Blaziken|move: Protect
|move|p1a: Delphox|Psyshock|p2a: Kingambit
|-immune|p2a: Kingambit
|
|-ability|p2b: Blaziken|Speed Boost|boost
|-boost|p2b: Blaziken|spe|1
|upkeep
|turn|4
|inactive|Inteligent8pro has 30 seconds left.
|
|t:|1786206257
|move|p2a: Kingambit|Sucker Punch|p1a: Delphox
|-supereffective|p1a: Delphox|1
|-damage|p1a: Delphox|0 fnt
|faint|p1a: Delphox
|-damage|p2a: Kingambit|90/100|[from] item: Life Orb
|move|p2b: Blaziken|Rock Slide|p1b: Incineroar|[miss]
|-miss|p2b: Blaziken|p1b: Incineroar
|move|p1b: Incineroar|Flare Blitz|p2a: Kingambit
|-supereffective|p2a: Kingambit|1
|-damage|p2a: Kingambit|26/100
|-damage|p1b: Incineroar|78/100|[from] Recoil
|
|-ability|p2b: Blaziken|Speed Boost|boost
|-boost|p2b: Blaziken|spe|1
|upkeep
|
|t:|1786206269
|switch|p1a: Sinistcha|Sinistcha, L50, shiny|100/100
|-heal|p1b: Incineroar|100/100|[from] ability: Hospitality|[of] p1a: Sinistcha
|turn|5
|
|t:|1786206284
|move|p2a: Kingambit|Protect|p2a: Kingambit
|-singleturn|p2a: Kingambit|Protect
|move|p1a: Sinistcha|Rage Powder|p1a: Sinistcha
|-singleturn|p1a: Sinistcha|move: Rage Powder
|move|p2b: Blaziken|Flare Blitz|p1a: Sinistcha
|-supereffective|p1a: Sinistcha|1
|-enditem|p1a: Sinistcha|Occa Berry|[eat]
|-enditem|p1a: Sinistcha|Occa Berry|[weaken]
|-damage|p1a: Sinistcha|69/100
|-damage|p2b: Blaziken|30/100|[from] Recoil
|move|p1b: Incineroar|Flare Blitz|p2b: Blaziken
|-resisted|p2b: Blaziken|1
|-damage|p2b: Blaziken|4/100
|-damage|p1b: Incineroar|93/100|[from] Recoil
|
|-ability|p2b: Blaziken|Speed Boost|boost
|-boost|p2b: Blaziken|spe|1
|upkeep
|turn|6
|inactive|Inteligent8pro has 30 seconds left.
|inactive|Inteligent8pro has 20 seconds left.
|
|t:|1786206321
|switch|p2a: Basculegion|Basculegion, L50, M|100/100
|move|p2b: Blaziken|Detect|p2b: Blaziken
|-singleturn|p2b: Blaziken|Protect
|move|p1a: Sinistcha|Matcha Gotcha|p2a: Basculegion|[spread] p2a
|-activate|p2b: Blaziken|move: Protect
|-supereffective|p2a: Basculegion|1
|-damage|p2a: Basculegion|44/100
|-heal|p1a: Sinistcha|100/100|[from] drain|[of] p2a: Basculegion
|-status|p2a: Basculegion|brn
|move|p1b: Incineroar|Flare Blitz|p2a: Basculegion
|-resisted|p2a: Basculegion|1
|-damage|p2a: Basculegion|20/100y brn
|-damage|p1b: Incineroar|85/100|[from] Recoil
|
|-damage|p2a: Basculegion|14/100 brn|[from] brn
|-ability|p2b: Blaziken|Speed Boost|boost
|-boost|p2b: Blaziken|spe|1
|upkeep
|turn|7
|inactive|Inteligent8pro has 30 seconds left.
|inactive|Inteligent8pro has 20 seconds left.
|
|t:|1786206359
|move|p2b: Blaziken|Flare Blitz|p1a: Sinistcha
|-supereffective|p1a: Sinistcha|1
|-damage|p1a: Sinistcha|41/100
|-damage|p2b: Blaziken|0 fnt|[from] Recoil
|faint|p2b: Blaziken
|move|p2a: Basculegion|Wave Crash|p1b: Incineroar
|-supereffective|p1b: Incineroar|1
|-damage|p1b: Incineroar|21/100
|-enditem|p1b: Incineroar|Sitrus Berry|[eat]
|-heal|p1b: Incineroar|46/100|[from] item: Sitrus Berry
|-damage|p2a: Basculegion|0 fnt|[from] Recoil
|faint|p2a: Basculegion
|move|p1a: Sinistcha|Matcha Gotcha|p2: Basculegion|[notarget]
|-fail|p1a: Sinistcha
|move|p1b: Incineroar|Flare Blitz|p2: Basculegion|[notarget]
|-fail|p1b: Incineroar
|
|upkeep
|
|t:|1786206374
|switch|p2a: Kingambit|Kingambit, L50, F|26/100
|switch|p2b: Venusaur|Venusaur-Mega, L50, F|29/100
|turn|8
|inactive|Inteligent8pro has 30 seconds left.
|
|t:|1786206406
|move|p2a: Kingambit|Sucker Punch|p1b: Incineroar
|-resisted|p1b: Incineroar|1
|-damage|p1b: Incineroar|24/100
|-damage|p2a: Kingambit|16/100|[from] item: Life Orb
|move|p2b: Venusaur|Earth Power|p1b: Incineroar
|-supereffective|p1b: Incineroar|1
|-damage|p1b: Incineroar|0 fnt
|faint|p1b: Incineroar
|move|p1a: Sinistcha|Matcha Gotcha|p2a: Kingambit|[spread] p2a,p2b
|-resisted|p2a: Kingambit|1
|-resisted|p2b: Venusaur|2
|-damage|p2a: Kingambit|6/100
|-heal|p1a: Sinistcha|47/100|[from] drain|[of] p2a: Kingambit
|-damage|p2b: Venusaur|24/100
|-heal|p1a: Sinistcha|50/100g|[from] drain|[of] p2b: Venusaur
|
|upkeep
|turn|9
|
|t:|1786206430
|move|p2a: Kingambit|Sucker Punch|p1a: Sinistcha
|-supereffective|p1a: Sinistcha|1
|-damage|p1a: Sinistcha|0 fnt
|faint|p1a: Sinistcha
|-damage|p2a: Kingambit|0 fnt|[from] item: Life Orb
|faint|p2a: Kingambit
|
|win|Inteligent8pro
|raw|escapadian's rating: 1186 → 1170(-16 for losing)
|raw|Inteligent8pro's rating: 1320 → 1333(+13 for winning)
