|j|☆Lagv
|j|☆wade connects
|html|Lagvwade connects    
|uhtml|bestof|Game 1 of a best-of-3
|t:|1785641650
|gametype|doubles
|player|p1|Lagv|265|1122
|player|p2|wade connects|101|1222
|gen|9
|tier|[Gen 9 Champions] VGC 2026 Reg M-B (Bo3)
|rated|
|rule|Species Clause: Limit one of each Pokémon
|rule|Item Clause: Limit 1 of each item
|clearpoke
|poke|p1|Maushold-Four, L50|
|poke|p1|Sableye, L50, F|
|poke|p1|Dragonite, L50, M|
|poke|p1|Delphox, L50, F|
|poke|p1|Ninetales, L50, F|
|poke|p1|Milotic, L50, F|
|poke|p2|Gholdengo, L50|
|poke|p2|Clefable, L50, M|
|poke|p2|Blaziken, L50, M, shiny|
|poke|p2|Sceptile, L50, M|
|poke|p2|Gyarados, L50, M, shiny|
|poke|p2|Aerodactyl, L50, F|
|teampreview|4
|showteam|p1|Maushold-Four||SilkScarf|Technician|PopulationBomb,FollowMe,BulletSeed,Protect|Jolly|||||50|]Sableye||RoseliBerry|Prankster|FakeOut,Encore,Disable,Gravity|Calm||F|||50|]Dragonite||Dragoninite|InnerFocus|Thunder,Blizzard,FocusBlast,Tailwind|Modest||M|||50|]Delphox||Delphoxite|Blaze|HeatWave,ExpandingForce,Hypnosis,Protect|Timid||F|||50|]Ninetales||ChoiceScarf|Drought|SolarBeam,WeatherBall,HeatWave,ShadowBall|Modest||F|||50|]Milotic||Leftovers|Competitive|MuddyWater,Hypnosis,IcyWind,Protect|Bold||F|||50|
|showteam|p2|Gholdengo||MetalCoat|GoodasGold|Protect,NastyPlot,ShadowBall,MakeItRain|Modest|||||50|]Clefable||Leftovers|Unaware|Protect,FollowMe,LifeDew,Moonblast|Bold||M|||50|]Blaziken||LifeOrb|SpeedBoost|Detect,CloseCombat,FlareBlitz,RockSlide|Adamant||M|||50|]Sceptile||Sceptilite|Overgrow|Detect,EnergyBall,DragonPulse,EarthPower|Timid||M|||50|]Gyarados||Gyaradosite|Intimidate|Protect,DragonDance,Waterfall,Crunch|Adamant||M|||50|]Aerodactyl||FocusSash|Unnerve|Protect,Tailwind,DualWingbeat,RockSlide|Jolly||F|||50|
|c|☆wade connects|Glhf
|inactive|Battle timer is ON: inactive players will automatically lose when time's up. (requested by wade connects)
|
|t:|1785641689
|teamsize|p1|4
|teamsize|p2|4
|start
|switch|p1a: Sableye|Sableye, L50, F|100/100
|switch|p1b: Dragonite|Dragonite, L50, M|100/100
|switch|p2a: Gyarados|Gyarados, L50, M, shiny|100/100
|switch|p2b: Clefable|Clefable, L50, M|100/100
|-ability|p2a: Gyarados|Intimidate|boost
|-unboost|p1a: Sableye|atk|1
|-fail|p1b: Dragonite|unboost|Attack|[from] ability: Inner Focus|[of] p1b: Dragonite
|turn|1
|inactive|Lagv has 30 seconds left.
|
|t:|1785641717
|detailschange|p2a: Gyarados|Gyarados-Mega, L50, M, shiny
|-mega|p2a: Gyarados|Gyarados|Gyaradosite
|-ability|p2a: Gyarados|Mold Breaker
|detailschange|p1b: Dragonite|Dragonite-Mega, L50, M
|-mega|p1b: Dragonite|Dragonite|Dragoninite
|move|p1a: Sableye|Fake Out|p2b: Clefable
|-damage|p2b: Clefable|94/100
|cant|p2b: Clefable|flinch
|move|p2a: Gyarados|Dragon Dance|p2a: Gyarados
|-boost|p2a: Gyarados|atk|1
|-boost|p2a: Gyarados|spe|1
|move|p1b: Dragonite|Tailwind|p1b: Dragonite
|-sidestart|p1: Lagv|move: Tailwind
|
|-heal|p2b: Clefable|100/100|[from] item: Leftovers
|upkeep
|turn|2
|
|t:|1785641738
|move|p2b: Clefable|Follow Me|p2b: Clefable
|-singleturn|p2b: Clefable|move: Follow Me
|move|p1a: Sableye|Disable|p2b: Clefable
|-start|p2b: Clefable|Disable|Follow Me
|move|p1b: Dragonite|Focus Blast|p2b: Clefable
|-resisted|p2b: Clefable|1
|-damage|p2b: Clefable|77/100
|move|p2a: Gyarados|Dragon Dance|p2a: Gyarados
|-boost|p2a: Gyarados|atk|1
|-boost|p2a: Gyarados|spe|1
|
|-heal|p2b: Clefable|83/100|[from] item: Leftovers
|upkeep
|turn|3
|
|t:|1785641755
|move|p2b: Clefable|Protect|p2b: Clefable
|-singleturn|p2b: Clefable|Protect
|move|p1a: Sableye|Gravity|p1a: Sableye
|-fieldstart|move: Gravity
|move|p2a: Gyarados|Waterfall|p1a: Sableye
|-damage|p1a: Sableye|0 fnt
|faint|p1a: Sableye
|move|p1b: Dragonite|Focus Blast|p2a: Gyarados
|-supereffective|p2a: Gyarados|1
|-crit|p2a: Gyarados
|-damage|p2a: Gyarados|0 fnt
|faint|p2a: Gyarados
|
|-heal|p2b: Clefable|89/100|[from] item: Leftovers
|upkeep
|
|t:|1785641771
|switch|p2a: Gholdengo|Gholdengo, L50|100/100
|switch|p1a: Maushold|Maushold-Four, L50|100/100
|turn|4
|
|t:|1785641783
|move|p1a: Maushold|Population Bomb|p2b: Clefable
|-damage|p2b: Clefable|78/100
|-damage|p2b: Clefable|69/100
|-damage|p2b: Clefable|58/100
|-damage|p2b: Clefable|48/100
|-crit|p2b: Clefable
|-damage|p2b: Clefable|32/100
|-damage|p2b: Clefable|22/100
|-damage|p2b: Clefable|11/100
|-damage|p2b: Clefable|1/100
|-damage|p2b: Clefable|0 fnt
|faint|p2b: Clefable
|-hitcount|p2: Clefable|9
|move|p1b: Dragonite|Thunder|p2a: Gholdengo
|-damage|p2a: Gholdengo|50/100g
|move|p2a: Gholdengo|Nasty Plot|p2a: Gholdengo
|-boost|p2a: Gholdengo|spa|2
|
|-sideend|p1: Lagv|move: Tailwind
|upkeep
|
|t:|1785641804
|switch|p2b: Aerodactyl|Aerodactyl, L50, F|100/100
|-ability|p2b: Aerodactyl|Unnerve
|turn|5
|
|t:|1785641821
|move|p2b: Aerodactyl|Rock Slide|p1a: Maushold|[spread] p1a,p1b
|-supereffective|p1b: Dragonite|1
|-damage|p1a: Maushold|61/100
|-damage|p1b: Dragonite|76/100
|cant|p1a: Maushold|flinch
|cant|p1b: Dragonite|flinch
|move|p2a: Gholdengo|Make It Rain|p1a: Maushold|[spread] p1a,p1b
|-damage|p1a: Maushold|0 fnt
|-damage|p1b: Dragonite|0 fnt
|-unboost|p2a: Gholdengo|spa|2
|faint|p1a: Maushold
|faint|p1b: Dragonite
|
|upkeep
|
|t:|1785641836
|switch|p1b: Ninetales|Ninetales, L50, F|100/100
|-weather|SunnyDay|[from] ability: Drought|[of] p1b: Ninetales
|turn|6
|
|t:|1785641847
|move|p2a: Gholdengo|Protect|p2a: Gholdengo
|-singleturn|p2a: Gholdengo|Protect
|move|p1b: Ninetales|Heat Wave|p2a: Gholdengo|[spread] p2b
|-activate|p2a: Gholdengo|move: Protect
|-resisted|p2b: Aerodactyl|1
|-damage|p2b: Aerodactyl|70/100
|-status|p2b: Aerodactyl|brn
|move|p2b: Aerodactyl|Tailwind|p2b: Aerodactyl
|-sidestart|p2: wade connects|move: Tailwind
|
|-weather|SunnyDay|[upkeep]
|-damage|p2b: Aerodactyl|64/100 brn|[from] brn
|upkeep
|turn|7
|
|t:|1785641861
|move|p2b: Aerodactyl|Rock Slide|p1b: Ninetales
|-supereffective|p1b: Ninetales|1
|-damage|p1b: Ninetales|50/100y
|cant|p1b: Ninetales|flinch
|move|p2a: Gholdengo|Shadow Ball|p1b: Ninetales
|-damage|p1b: Ninetales|0 fnt
|faint|p1b: Ninetales
|
|win|wade connects
|inactive|Lagv has 30 seconds to confirm battle start!
|inactive|wade connects has 30 seconds to confirm battle start!
||Lagv is ready for game 2.
||wade connects is ready for game 2.
|uhtml|next|Next: Game 2 of 3
|l|☆Lagv
|player|p1|
