|j|☆pinheadwh
|j|☆Broey_jiggs
|html|pinheadwhBroey_jiggs    
|uhtml|bestof|Game 1 of a best-of-3
|t:|1783846721
|gametype|doubles
|player|p1|pinheadwh|170|1000
|player|p2|Broey_jiggs|266|1059
|gen|9
|tier|[Gen 9 Champions] VGC 2026 Reg M-B (Bo3)
|rated|
|rule|Species Clause: Limit one of each Pokémon
|rule|Item Clause: Limit 1 of each item
|clearpoke
|poke|p1|Staraptor, L50, M|
|poke|p1|Torkoal, L50, M|
|poke|p1|Farigiraf, L50, M|
|poke|p1|Incineroar, L50, F|
|poke|p1|Sinistcha-Masterpiece, L50|
|poke|p1|Mawile, L50, M|
|poke|p2|Toxapex, L50, F|
|poke|p2|Rotom-Wash, L50|
|poke|p2|Sinistcha-Masterpiece, L50|
|poke|p2|Venusaur, L50, M|
|poke|p2|Incineroar, L50, M|
|poke|p2|Primarina, L50, M|
|teampreview|4
|showteam|p1|Staraptor||ChoiceScarf|Intimidate|Uturn,FinalGambit,CloseCombat,BraveBird|Adamant||M|||50|]Torkoal||Charcoal|Drought|Protect,Eruption,BodyPress,StoneEdge|Brave||M|||50|]Farigiraf||ColburBerry|ArmorTail|FoulPlay,HyperVoice,TrickRoom,Protect|Serious||M|||50|]Incineroar||SitrusBerry|Intimidate|FlareBlitz,ThroatChop,PartingShot,FakeOut|Serious||F|||50|]Sinistcha-Masterpiece||KasibBerry|Hospitality|ShadowBall,TrickRoom,StrengthSap,MatchaGotcha|Quiet|||||50|]Mawile||Mawilite|Intimidate|Protect,IronHead,PlayRough,SuckerPunch|Serious||M|||50|
|showteam|p2|Toxapex||Leftovers|Regenerator|Toxic,BanefulBunker,Infestation,WideGuard|Bold||F|||50|]Rotom-Wash||Magnet|Levitate|HydroPump,VoltSwitch,WillOWisp,Electroweb|Calm|||||50|]Sinistcha-Masterpiece||SitrusBerry|Hospitality|MatchaGotcha,Hex,TrickRoom,RagePowder|Timid|||||50|]Venusaur||Venusaurite|Chlorophyll|GigaDrain,LeechSeed,SludgeBomb,Protect|Bold||M|||50|]Incineroar||ChopleBerry|Intimidate|FlareBlitz,DarkestLariat,PartingShot,FakeOut|Adamant||M|||50|]Primarina||BabiriBerry|LiquidVoice|HyperVoice,Moonblast,PerishSong,Protect|Modest||M|||50|
|inactive|Battle timer is ON: inactive players will automatically lose when time's up. (requested by pinheadwh)
|
|t:|1783846743
|teamsize|p1|4
|teamsize|p2|4
|start
|switch|p1a: Farigiraf|Farigiraf, L50, M|100/100
|switch|p1b: Staraptor|Staraptor, L50, M|100/100
|switch|p2a: Rotom|Rotom-Wash, L50|100/100
|switch|p2b: Toxapex|Toxapex, L50, F|100/100
|-ability|p1b: Staraptor|Intimidate|boost
|-unboost|p2a: Rotom|atk|1
|-unboost|p2b: Toxapex|atk|1
|turn|1
|
|t:|1783846752
|move|p1b: Staraptor|Final Gambit|p2b: Toxapex
|-damage|p2b: Toxapex|0 fnt
|faint|p1b: Staraptor
|faint|p2b: Toxapex
|move|p2a: Rotom|Will-O-Wisp|p1a: Farigiraf
|-status|p1a: Farigiraf|brn
|move|p1a: Farigiraf|Trick Room|p1a: Farigiraf
|-fieldstart|move: Trick Room|[of] p1a: Farigiraf
|
|-damage|p1a: Farigiraf|93/100 brn|[from] brn
|upkeep
|
|t:|1783846763
|switch|p2b: Primarina|Primarina, L50, M|100/100
|switch|p1b: Sinistcha|Sinistcha-Masterpiece, L50|100/100
|-heal|p1a: Farigiraf|100/100 brn|[from] ability: Hospitality|[of] p1b: Sinistcha
|turn|2
|
|t:|1783846771
|move|p2b: Primarina|Perish Song|p2b: Primarina
|-start|p1a: Farigiraf|perish3|[silent]
|-start|p1b: Sinistcha|perish3|[silent]
|-start|p2a: Rotom|perish3|[silent]
|-start|p2b: Primarina|perish3|[silent]
|-fieldactivate|move: Perish Song
|move|p1a: Farigiraf|Hyper Voice|p2a: Rotom|[spread] p2a,p2b
|-damage|p2a: Rotom|75/100
|-damage|p2b: Primarina|80/100
|move|p1b: Sinistcha|Matcha Gotcha|p2b: Primarina|[spread] p2a,p2b
|-supereffective|p2a: Rotom|1
|-supereffective|p2b: Primarina|1
|-damage|p2a: Rotom|21/100
|-damage|p2b: Primarina|39/100
|move|p2a: Rotom|Volt Switch|p1a: Farigiraf
|-damage|p1a: Farigiraf|65/100 brn
|
|t:|1783846783
|switch|p2a: Venusaur|Venusaur, L50, M|100/100|[from] Volt Switch
|
|-damage|p1a: Farigiraf|59/100 brn|[from] brn
|-start|p2b: Primarina|perish3
|-start|p1a: Farigiraf|perish3
|-start|p1b: Sinistcha|perish3
|upkeep
|turn|3
|
|t:|1783846789
|detailschange|p2a: Venusaur|Venusaur-Mega, L50, M
|-mega|p2a: Venusaur|Venusaur|Venusaurite
|move|p2b: Primarina|Protect|p2b: Primarina
|-singleturn|p2b: Primarina|Protect
|move|p1a: Farigiraf|Hyper Voice|p2a: Venusaur|[spread] p2a
|-activate|p2b: Primarina|move: Protect
|-damage|p2a: Venusaur|80/100
|move|p1b: Sinistcha|Shadow Ball|p2a: Venusaur
|-damage|p2a: Venusaur|52/100
|move|p2a: Venusaur|Sludge Bomb|p1b: Sinistcha
|-damage|p1b: Sinistcha|62/100
|-status|p1b: Sinistcha|psn
|
|-damage|p1b: Sinistcha|50/100g psn|[from] psn
|-damage|p1a: Farigiraf|53/100 brn|[from] brn
|-start|p1a: Farigiraf|perish2
|-start|p2b: Primarina|perish2
|-start|p1b: Sinistcha|perish2
|upkeep
|turn|4
|inactive|Broey_jiggs has 30 seconds left.
|
|t:|1783846818
|switch|p2b: Rotom|Rotom-Wash, L50|21/100
|move|p1a: Farigiraf|Hyper Voice|p2a: Venusaur|[spread] p2a,p2b
|-damage|p2a: Venusaur|31/100
|-damage|p2b: Rotom|0 fnt
|faint|p2b: Rotom
|move|p1b: Sinistcha|Shadow Ball|p2a: Venusaur
|-damage|p2a: Venusaur|2/100
|move|p2a: Venusaur|Leech Seed|p1a: Farigiraf
|-start|p1a: Farigiraf|move: Leech Seed
|
|-damage|p1a: Farigiraf|41/100 brn|[from] Leech Seed|[of] p2a: Venusaur
|-heal|p2a: Venusaur|14/100|[silent]
|-damage|p1b: Sinistcha|38/100 psn|[from] psn
|-damage|p1a: Farigiraf|34/100 brn|[from] brn
|-start|p1a: Farigiraf|perish1
|-start|p1b: Sinistcha|perish1
|upkeep
|
|t:|1783846823
|switch|p2b: Primarina|Primarina, L50, M|39/100
|turn|5
|
|t:|1783846840
|switch|p1b: Mawile|Mawile, L50, M|100/100
|-ability|p1b: Mawile|Intimidate|boost
|-unboost|p2a: Venusaur|atk|1
|-unboost|p2b: Primarina|atk|1
|move|p2a: Venusaur|Protect|p2a: Venusaur
|-singleturn|p2a: Venusaur|Protect
|move|p1a: Farigiraf|Hyper Voice|p2a: Venusaur|[spread] p2b
|-activate|p2a: Venusaur|move: Protect
|-damage|p2b: Primarina|19/100
|move|p2b: Primarina|Hyper Voice|p1b: Mawile|[spread] p1a,p1b
|-damage|p1a: Farigiraf|5/100 brn
|-damage|p1b: Mawile|36/100
|
|-damage|p1a: Farigiraf|0 fnt|[from] Leech Seed|[of] p2a: Venusaur
|-heal|p2a: Venusaur|20/100y|[silent]
|faint|p1a: Farigiraf
|-fieldend|move: Trick Room
|upkeep
|
|t:|1783846842
|switch|p1a: Sinistcha|Sinistcha-Masterpiece, L50|38/100 psn
|-heal|p1b: Mawile|61/100|[from] ability: Hospitality|[of] p1a: Sinistcha
|turn|6
|inactive|Broey_jiggs has 30 seconds left.
|
|t:|1783846873
|detailschange|p1b: Mawile|Mawile-Mega, L50, M
|-mega|p1b: Mawile|Mawile|Mawilite
|move|p1b: Mawile|Sucker Punch|p2a: Venusaur
|-damage|p2a: Venusaur|0 fnt
|faint|p2a: Venusaur
|move|p1a: Sinistcha|Matcha Gotcha|p2b: Primarina
|-supereffective|p2b: Primarina|1
|-damage|p2b: Primarina|0 fnt
|-heal|p1a: Sinistcha|48/100 psn|[from] drain|[of] p2b: Primarina
|faint|p2b: Primarina
|
|win|pinheadwh
||Broey_jiggs is ready for game 2.
|inactive|pinheadwh has 30 seconds to confirm battle start!
||pinheadwh is ready for game 2.
|uhtml|next|Next: Game 2 of 3
|l|☆Broey_jiggs
|player|p2|
|l|☆pinheadwh
|player|p1|
|j|☆pinheadwh
|player|p1|pinheadwh|170|
