|j|☆Lorido
|j|☆MrManlyMeep
|html|LoridoMrManlyMeep    
|uhtml|bestof|Game 3 of a best-of-3
|t:|1785771194
|gametype|doubles
|player|p1|Lorido|266|1195
|player|p2|MrManlyMeep|101|1066
|gen|9
|tier|[Gen 9 Champions] VGC 2026 Reg M-B (Bo3)
|rated|
|rule|Species Clause: Limit one of each Pokémon
|rule|Item Clause: Limit 1 of each item
|clearpoke
|poke|p1|Delphox, L50, F|
|poke|p1|Sneasler, L50, F|
|poke|p1|Incineroar, L50, F|
|poke|p1|Floette-Eternal, L50, F|
|poke|p1|Kingambit, L50, F|
|poke|p1|Sinistcha, L50|
|poke|p2|Clefable, L50, F|
|poke|p2|Tyranitar, L50, F|
|poke|p2|Gholdengo, L50|
|poke|p2|Lucario, L50, F|
|poke|p2|Hydreigon, L50, F|
|poke|p2|Azumarill, L50, F|
|teampreview|4
|showteam|p1|Delphox||Delphoxite|Blaze|HeatWave,Psychic,NastyPlot,Protect|Timid||F|||50|]Sneasler||FocusSash|PoisonTouch|CloseCombat,PoisonJab,FakeOut,QuickGuard|Jolly||F|||50|]Incineroar||SitrusBerry|Intimidate|FlareBlitz,DarkestLariat,FakeOut,PartingShot|Careful||F|||50|]Floette-Eternal||Floettite|FlowerVeil|DazzlingGleam,DrainingKiss,CalmMind,Protect|Bold||F|||50|]Kingambit||BlackGlasses|Defiant|KowtowCleave,SuckerPunch,SwordsDance,Protect|Adamant||F|||50|]Sinistcha||OccaBerry|Hospitality|MatchaGotcha,RagePowder,TrickRoom,Protect|Bold|||||50|
|showteam|p2|Clefable||Clefablite|Unaware|FollowMe,CalmMind,Moonblast,Protect|Bold||F|||50|]Tyranitar||LumBerry|SandStream|StealthRock,KnockOff,RockSlide,Protect|Careful||F|||50|]Gholdengo||LifeOrb|GoodasGold|NastyPlot,MakeItRain,ShadowBall,Protect|Modest|||||50|]Lucario||Lucarionite|InnerFocus|AuraSphere,VacuumWave,FlashCannon,Protect|Timid||F|||50|]Hydreigon||ChoiceScarf|Levitate|DracoMeteor,DarkPulse,EarthPower,HeatWave|Timid||F|||50|]Azumarill||MysticWater|HugePower|AquaJet,Liquidation,IceSpinner,Protect|Adamant||F|||50|
|
|t:|1785771219
|teamsize|p1|4
|teamsize|p2|4
|start
|switch|p1a: Sneasler|Sneasler, L50, F|100/100
|switch|p1b: Kingambit|Kingambit, L50, F|100/100
|switch|p2a: Clefable|Clefable, L50, F|100/100
|switch|p2b: Lucario|Lucario, L50, F|100/100
|turn|1
|
|t:|1785771234
|switch|p1b: Sinistcha|Sinistcha, L50|100/100
|move|p1a: Sneasler|Close Combat|p2b: Lucario
|-supereffective|p2b: Lucario|1
|-damage|p2b: Lucario|0 fnt
|-unboost|p1a: Sneasler|def|1
|-unboost|p1a: Sneasler|spd|1
|faint|p2b: Lucario
|move|p2a: Clefable|Moonblast|p1a: Sneasler
|-damage|p1a: Sneasler|54/100
|
|upkeep
|
|t:|1785771251
|switch|p2b: Hydreigon|Hydreigon, L50, F|100/100
|turn|2
|
|t:|1785771265
|switch|p1a: Kingambit|Kingambit, L50, F|100/100
|detailschange|p2a: Clefable|Clefable-Mega, L50, F
|-mega|p2a: Clefable|Clefable|Clefablite
|move|p2b: Hydreigon|Dark Pulse|p1b: Sinistcha
|-supereffective|p1b: Sinistcha|1
|-damage|p1b: Sinistcha|12/100
|move|p2a: Clefable|Moonblast|p1a: Kingambit
|-damage|p1a: Kingambit|61/100
|move|p1b: Sinistcha|Trick Room|p1b: Sinistcha
|-fieldstart|move: Trick Room|[of] p1b: Sinistcha
|
|upkeep
|turn|3
|
|t:|1785771282
|switch|p1b: Floette|Floette-Eternal, L50, F|100/100
|move|p1a: Kingambit|Swords Dance|p1a: Kingambit
|-boost|p1a: Kingambit|atk|2
|move|p2a: Clefable|Moonblast|p1a: Kingambit
|-damage|p1a: Kingambit|21/100
|-unboost|p1a: Kingambit|spa|1
|-ability|p1a: Kingambit|Defiant|boost
|-boost|p1a: Kingambit|atk|2
|move|p2b: Hydreigon|Dark Pulse|p1b: Floette
|-resisted|p1b: Floette|1
|-damage|p1b: Floette|83/100
|
|upkeep
|turn|4
|
|t:|1785771299
|detailschange|p1b: Floette|Floette-Mega, L50, F
|-mega|p1b: Floette|Floette|Floettite
|-ability|p1b: Floette|Fairy Aura
|move|p1a: Kingambit|Kowtow Cleave|p2a: Clefable
|-resisted|p2a: Clefable|1
|-damage|p2a: Clefable|42/100
|move|p2a: Clefable|Moonblast|p1a: Kingambit
|-damage|p1a: Kingambit|0 fnt
|faint|p1a: Kingambit
|move|p1b: Floette|Dazzling Gleam|p2b: Hydreigon|[spread] p2a,p2b
|-crit|p2a: Clefable
|-supereffective|p2b: Hydreigon|2
|-damage|p2a: Clefable|0 fnt
|-damage|p2b: Hydreigon|0 fnt
|faint|p2a: Clefable
|faint|p2b: Hydreigon
|
|upkeep
|
|t:|1785771326
|switch|p1a: Sinistcha|Sinistcha, L50|12/100
|switch|p2b: Gholdengo|Gholdengo, L50|100/100
|-heal|p1b: Floette|100/100|[from] ability: Hospitality|[of] p1a: Sinistcha
|turn|5
|
|t:|1785771343
|move|p1b: Floette|Protect|p1b: Floette
|-singleturn|p1b: Floette|Protect
|move|p1a: Sinistcha|Matcha Gotcha|p2b: Gholdengo|[miss]
|-miss|p1a: Sinistcha|p2b: Gholdengo
|move|p2b: Gholdengo|Nasty Plot|p2b: Gholdengo
|-boost|p2b: Gholdengo|spa|2
|
|upkeep
|turn|6
|
|t:|1785771364
|switch|p1b: Sneasler|Sneasler, L50, F|54/100
|move|p1a: Sinistcha|Matcha Gotcha|p2b: Gholdengo
|-resisted|p2b: Gholdengo|1
|-damage|p2b: Gholdengo|83/100
|-heal|p1a: Sinistcha|21/100|[from] drain|[of] p2b: Gholdengo
|move|p2b: Gholdengo|Make It Rain|p1a: Sinistcha|[spread] p1a,p1b
|-damage|p1a: Sinistcha|0 fnt
|-damage|p1b: Sneasler|0 fnt
|-unboost|p2b: Gholdengo|spa|2
|faint|p1a: Sinistcha
|faint|p1b: Sneasler
|-damage|p2b: Gholdengo|73/100|[from] item: Life Orb
|
|-fieldend|move: Trick Room
|upkeep
|
|t:|1785771367
|switch|p1b: Floette|Floette-Mega, L50, F|100/100
|-ability|p1b: Floette|Fairy Aura
|turn|7
|
|t:|1785771380
|move|p1b: Floette|Calm Mind|p1b: Floette
|-boost|p1b: Floette|spa|1
|-boost|p1b: Floette|spd|1
|move|p2b: Gholdengo|Make It Rain|p1b: Floette
|-supereffective|p1b: Floette|1
|-damage|p1b: Floette|10/100
|-unboost|p2b: Gholdengo|spa|2
|-damage|p2b: Gholdengo|64/100|[from] item: Life Orb
|
|upkeep
|turn|8
|
|t:|1785771387
|move|p1b: Floette|Dazzling Gleam|p2b: Gholdengo
|-resisted|p2b: Gholdengo|1
|-damage|p2b: Gholdengo|25/100
|move|p2b: Gholdengo|Make It Rain|p1b: Floette
|-supereffective|p1b: Floette|1
|-damage|p1b: Floette|0 fnt
|-unboost|p2b: Gholdengo|spa|2
|faint|p1b: Floette
|-damage|p2b: Gholdengo|15/100|[from] item: Life Orb
|
|win|MrManlyMeep
|raw|Lorido's rating: 1195 → 1161(-34 for losing)
|raw|MrManlyMeep's rating: 1066 → 1107(+41 for winning)
