|j|☆damage63
|j|☆Sammy Chung
|html|damage63Sammy Chung    
|uhtml|bestof|Game 3 of a best-of-3
|t:|1754615735
|gametype|doubles
|player|p1|damage63|fisherman-gen4|1271
|player|p2|Sammy Chung|preschooler|1347
|gen|9
|tier|[Gen 9] VGC 2025 Reg H (Bo3)
|rated|
|rule|Species Clause: Limit one of each Pokémon
|rule|Item Clause: Limit 1 of each item
|clearpoke
|poke|p1|Charizard, L50, M|
|poke|p1|Torkoal, L50, M|
|poke|p1|Porygon2, L50|
|poke|p1|Incineroar, L50, F|
|poke|p1|Jumpluff, L50, M|
|poke|p1|Ursaluna, L50, F|
|poke|p2|Whimsicott, L50, F|
|poke|p2|Garchomp, L50, M|
|poke|p2|Gholdengo, L50|
|poke|p2|Incineroar, L50, M|
|poke|p2|Sneasler, L50, M|
|poke|p2|Dragonite, L50, M|
|teampreview|4
|showteam|p1|Charizard||ChoiceSpecs|SolarPower|HeatWave,Overheat,WeatherBall,AirSlash|||M|||50|,,,,,Ghost]Torkoal||EjectPack|Drought|Eruption,Overheat,HelpingHand,Protect|||M|||50|,,,,,Fire]Porygon2||Eviolite|Download|IceBeam,TeraBlast,TrickRoom,Recover||||||50|,,,,,Fighting]Incineroar||SafetyGoggles|Intimidate|FlareBlitz,KnockOff,FakeOut,PartingShot|||F|||50|,,,,,Ghost]Jumpluff||CovertCloak|Chlorophyll|SleepPowder,SunnyDay,RagePowder,Tailwind|||M|||50|,,,,,Water]Ursaluna||FlameOrb|Guts|HeadlongRush,Facade,Earthquake,Protect|||F|||50|,,,,,Ghost
|showteam|p2|Whimsicott||FocusSash|Prankster|Moonblast,Tailwind,Encore,Protect|||F|||50|,,,,,Ghost]Garchomp||LifeOrb|RoughSkin|Earthquake,DragonClaw,StompingTantrum,Protect|||M|||50|,,,,,Ground]Gholdengo||ChoiceSpecs|GoodasGold|MakeItRain,ShadowBall,Trick,Protect||||||50|,,,,,Steel]Incineroar||AssaultVest|Intimidate|FakeOut,FlareBlitz,KnockOff,Uturn|||M|||50|,,,,,Grass]Sneasler||WhiteHerb|Unburden|FakeOut,DireClaw,CloseCombat,Protect|||M|||50|,,,,,Stellar]Dragonite||ChoiceBand|InnerFocus|ExtremeSpeed,Outrage,IceSpinner,StompingTantrum|||M|||50|,,,,,Normal
|
|t:|1754615746
|teamsize|p1|4
|teamsize|p2|4
|start
|switch|p1a: Porygon2|Porygon2, L50|100/100
|switch|p1b: Charizard|Charizard, L50, M|100/100
|switch|p2a: Whimsicott|Whimsicott, L50, F|100/100
|switch|p2b: Gholdengo|Gholdengo, L50|100/100
|-ability|p1a: Porygon2|Download|boost
|-boost|p1a: Porygon2|spa|1
|turn|1
|
|t:|1754615761
|switch|p2b: Incineroar|Incineroar, L50, M|100/100
|-ability|p2b: Incineroar|Intimidate|boost
|-unboost|p1a: Porygon2|atk|1
|-unboost|p1b: Charizard|atk|1
|move|p2a: Whimsicott|Protect|p2a: Whimsicott
|-singleturn|p2a: Whimsicott|Protect
|move|p1b: Charizard|Heat Wave|p2a: Whimsicott|[spread] 
|-activate|p2a: Whimsicott|move: Protect
|-miss|p1b: Charizard|p2b: Incineroar
|move|p1a: Porygon2|Trick Room|p1a: Porygon2
|-fieldstart|move: Trick Room|[of] p1a: Porygon2
|
|upkeep
|turn|2
|
|t:|1754615782
|switch|p1a: Incineroar|Incineroar, L50, F|100/100
|-ability|p1a: Incineroar|Intimidate|boost
|-unboost|p2a: Whimsicott|atk|1
|-unboost|p2b: Incineroar|atk|1
|switch|p1b: Ursaluna|Ursaluna, L50, F|100/100
|move|p2a: Whimsicott|Encore|p1a: Incineroar
|-hint|Since gen 7, Dark is immune to Prankster moves.
|-immune|p1a: Incineroar
|move|p2b: Incineroar|Knock Off|p1b: Ursaluna
|-damage|p1b: Ursaluna|76/100
|-enditem|p1b: Ursaluna|Flame Orb|[from] move: Knock Off|[of] p2b: Incineroar
|
|upkeep
|turn|3
|
|t:|1754615793
|switch|p2b: Dragonite|Dragonite, L50, M|100/100
|move|p2a: Whimsicott|Protect|p2a: Whimsicott
|-singleturn|p2a: Whimsicott|Protect
|move|p1b: Ursaluna|Headlong Rush|p2b: Dragonite
|-immune|p2b: Dragonite
|move|p1a: Incineroar|Flare Blitz|p2b: Dragonite
|-resisted|p2b: Dragonite
|-damage|p2b: Dragonite|74/100
|-damage|p1a: Incineroar|92/100|[from] Recoil
|
|upkeep
|turn|4
|
|t:|1754615804
|switch|p2a: Incineroar|Incineroar, L50, M|100/100
|-ability|p2a: Incineroar|Intimidate|boost
|-unboost|p1a: Incineroar|atk|1
|-unboost|p1b: Ursaluna|atk|1
|move|p1b: Ursaluna|Headlong Rush|p2a: Incineroar
|-supereffective|p2a: Incineroar
|-damage|p2a: Incineroar|0 fnt
|-unboost|p1b: Ursaluna|def|1
|-unboost|p1b: Ursaluna|spd|1
|faint|p2a: Incineroar
|move|p1a: Incineroar|Flare Blitz|p2b: Dragonite
|-resisted|p2b: Dragonite
|-damage|p2b: Dragonite|55/100
|-damage|p1a: Incineroar|86/100|[from] Recoil
|move|p2b: Dragonite|Outrage|p1b: Ursaluna
|-crit|p1b: Ursaluna
|-damage|p1b: Ursaluna|0 fnt
|faint|p1b: Ursaluna
|
|upkeep
|
|t:|1754615827
|switch|p1b: Porygon2|Porygon2, L50|100/100
|switch|p2a: Gholdengo|Gholdengo, L50|100/100
|-ability|p1b: Porygon2|Download|boost
|-boost|p1b: Porygon2|atk|1
|turn|5
|
|t:|1754615849
|move|p1b: Porygon2|Ice Beam|p2b: Dragonite
|-supereffective|p2b: Dragonite
|-damage|p2b: Dragonite|0 fnt
|faint|p2b: Dragonite
|move|p1a: Incineroar|Knock Off|p2a: Gholdengo
|-supereffective|p2a: Gholdengo
|-damage|p2a: Gholdengo|34/100
|-enditem|p2a: Gholdengo|Choice Specs|[from] move: Knock Off|[of] p1a: Incineroar
|move|p2a: Gholdengo|Trick|p1b: Porygon2
|-activate|p2a: Gholdengo|move: Trick|[of] p1b: Porygon2
|-enditem|p1b: Porygon2|Eviolite|[silent]|[from] move: Trick
|-item|p2a: Gholdengo|Eviolite|[from] move: Trick
|
|-fieldend|move: Trick Room
|upkeep
|
|t:|1754615860
|switch|p2b: Whimsicott|Whimsicott, L50, F|100/100
|turn|6
|
|t:|1754615872
|-terastallize|p2b: Whimsicott|Ghost
|move|p2a: Gholdengo|Protect|p2a: Gholdengo
|-singleturn|p2a: Gholdengo|Protect
|move|p2b: Whimsicott|Moonblast|p1a: Incineroar
|-damage|p1a: Incineroar|53/100
|move|p1a: Incineroar|Flare Blitz|p2b: Whimsicott
|-damage|p2b: Whimsicott|49/100
|-damage|p1a: Incineroar|42/100|[from] Recoil
|move|p1b: Porygon2|Ice Beam|p2b: Whimsicott
|-damage|p2b: Whimsicott|3/100
|
|upkeep
|turn|7
|
|t:|1754615893
|move|p2b: Whimsicott|Moonblast|p1a: Incineroar
|-damage|p1a: Incineroar|10/100
|-unboost|p1a: Incineroar|spa|1
|move|p2a: Gholdengo|Make It Rain|p1b: Porygon2|[spread] p1a,p1b
|-resisted|p1a: Incineroar
|-damage|p1a: Incineroar|0 fnt
|-damage|p1b: Porygon2|56/100
|-unboost|p2a: Gholdengo|spa|1
|faint|p1a: Incineroar
|move|p1b: Porygon2|Ice Beam|p2b: Whimsicott
|-damage|p2b: Whimsicott|0 fnt
|faint|p2b: Whimsicott
|
|upkeep
|
|t:|1754615905
|switch|p1a: Charizard|Charizard, L50, M|100/100
|turn|8
|
|t:|1754615913
|move|p1a: Charizard|Heat Wave|p2a: Gholdengo
|-supereffective|p2a: Gholdengo
|-damage|p2a: Gholdengo|0 fnt
|faint|p2a: Gholdengo
|
|win|damage63
|raw|damage63's rating: 1243 → 1275(+32 for winning)
|raw|Sammy Chung's rating: 1347 → 1321(-26 for losing)
|l|☆damage63
|player|p1|
