|j|☆ui90op
|j|☆castoriceball
|html|ui90opcastoriceball    
|uhtml|bestof|Game 2 of a best-of-3
|t:|1785651222
|gametype|doubles
|player|p1|ui90op|pokemonbreeder-gen4|1231
|player|p2|castoriceball|miku-flying|1286
|gen|9
|tier|[Gen 9 Champions] VGC 2026 Reg M-B (Bo3)
|rated|
|rule|Species Clause: Limit one of each Pokémon
|rule|Item Clause: Limit 1 of each item
|clearpoke
|poke|p1|Incineroar, L50, F|
|poke|p1|Azumarill, L50, M|
|poke|p1|Raichu, L50, F|
|poke|p1|Altaria, L50, F|
|poke|p1|Sinistcha, L50|
|poke|p1|Sneasler, L50, M|
|poke|p2|Raichu, L50, M, shiny|
|poke|p2|Mamoswine, L50, M|
|poke|p2|Basculegion, L50, M, shiny|
|poke|p2|Farigiraf, L50, M|
|poke|p2|Sylveon, L50, F|
|poke|p2|Torkoal, L50, F|
|teampreview|4
|showteam|p1|Incineroar||PasshoBerry|Intimidate|FlareBlitz,DarkestLariat,PartingShot,FakeOut|Adamant||F|||50|]Azumarill||SitrusBerry|HugePower|PlayRough,AquaJet,BellyDrum,Protect|Brave||M|||50|]Raichu||RaichuniteY|LightningRod|ZapCannon,FocusBlast,FakeOut,Protect|Timid||F|||50|]Altaria||HabanBerry|CloudNine|BraveBird,Tailwind,WillOWisp,HelpingHand|Jolly||F|||50|]Sinistcha||FocusSash|Hospitality|MatchaGotcha,ShadowBall,RagePowder,Protect|Modest|||||50|]Sneasler||WhiteHerb|Unburden|DireClaw,CloseCombat,FakeOut,Protect|Jolly||M|||50|
|showteam|p2|Raichu||RaichuniteY|LightningRod|ZapCannon,FocusBlast,FakeOut,Protect|Timid||M|||50|]Mamoswine||FocusSash|Oblivious|IcicleCrash,HighHorsepower,IceShard,Protect|Adamant||M|||50|]Basculegion||LifeOrb|Adaptability|LastRespects,WaveCrash,AquaJet,Protect|Adamant||M|||50|]Farigiraf||SitrusBerry|ArmorTail|Psychic,HelpingHand,TrickRoom,Protect|Bold||M|||50|]Sylveon||FairyFeather|Pixilate|HyperVoice,QuickAttack,HyperBeam,Detect|Modest||F|||50|]Torkoal||Charcoal|Drought|Eruption,WeatherBall,SolarBeam,Protect|Quiet||F|||50|
|
|t:|1785651260
|teamsize|p1|4
|teamsize|p2|4
|start
|switch|p1a: Sneasler|Sneasler, L50, M|100/100
|switch|p1b: Raichu|Raichu, L50, F|100/100
|switch|p2a: WHYYCHU|Raichu, L50, M, shiny|100/100
|switch|p2b: WolfeyFriend|Mamoswine, L50, M|100/100
|turn|1
|
|t:|1785651293
|switch|p1b: Azumarill|Azumarill, L50, M|100/100
|move|p2a: WHYYCHU|Fake Out|p1a: Sneasler
|-damage|p1a: Sneasler|85/100
|cant|p1a: Sneasler|flinch
|move|p2b: WolfeyFriend|High Horsepower|p1b: Azumarill
|-damage|p1b: Azumarill|39/100
|-enditem|p1b: Azumarill|Sitrus Berry|[eat]
|-heal|p1b: Azumarill|64/100|[from] item: Sitrus Berry
|
|upkeep
|turn|2
|
|t:|1785651319
|detailschange|p2a: WHYYCHU|Raichu-Mega-Y, L50, M, shiny
|-mega|p2a: WHYYCHU|Raichu|Raichunite Y
|move|p1a: Sneasler|Protect|p1a: Sneasler
|-singleturn|p1a: Sneasler|Protect
|move|p1b: Azumarill|Aqua Jet|p2b: WolfeyFriend
|-supereffective|p2b: WolfeyFriend|1
|-damage|p2b: WolfeyFriend|39/100
|move|p2a: WHYYCHU|Focus Blast|p1b: Azumarill
|-resisted|p1b: Azumarill|1
|-damage|p1b: Azumarill|43/100
|-unboost|p1b: Azumarill|spd|1
|move|p2b: WolfeyFriend|High Horsepower|p1a: Sneasler
|-activate|p1a: Sneasler|move: Protect
|
|upkeep
|turn|3
|
|t:|1785651335
|switch|p2b: Basculegend|Basculegion, L50, M, shiny|100/100
|switch|p1b: Raichu|Raichu, L50, F|100/100
|move|p2a: WHYYCHU|Zap Cannon|p1b: Raichu
|-activate|p1b: Raichu|ability: Lightning Rod
|-ability|p1b: Raichu|Lightning Rod|boost
|-boost|p1b: Raichu|spa|1
|move|p1a: Sneasler|Close Combat|p2b: Basculegend
|-immune|p2b: Basculegend
|
|upkeep
|turn|4
|
|t:|1785651360
|detailschange|p1b: Raichu|Raichu-Mega-Y, L50, F
|-mega|p1b: Raichu|Raichu|Raichunite Y
|move|p2b: Basculegend|Aqua Jet|p1b: Raichu
|-damage|p1b: Raichu|32/100
|-damage|p2b: Basculegend|90/100|[from] item: Life Orb
|move|p1b: Raichu|Zap Cannon|p2b: Basculegend
|-supereffective|p2b: Basculegend|1
|-damage|p2b: Basculegend|0 fnt
|faint|p2b: Basculegend
|move|p2a: WHYYCHU|Focus Blast|p1b: Raichu
|-damage|p1b: Raichu|0 fnt
|faint|p1b: Raichu
|move|p1a: Sneasler|Close Combat|p2a: WHYYCHU
|-damage|p2a: WHYYCHU|11/100
|-unboost|p1a: Sneasler|def|1
|-unboost|p1a: Sneasler|spd|1
|-enditem|p1a: Sneasler|White Herb
|-clearnegativeboost|p1a: Sneasler|[silent]
|
|upkeep
|
|t:|1785651376
|switch|p1b: Azumarill|Azumarill, L50, M|43/100
|switch|p2b: WolfeyFriend|Mamoswine, L50, M|39/100
|turn|5
|
|t:|1785651384
|move|p2a: WHYYCHU|Protect|p2a: WHYYCHU
|-singleturn|p2a: WHYYCHU|Protect
|move|p2b: WolfeyFriend|Ice Shard|p1a: Sneasler
|-damage|p1a: Sneasler|46/100
|move|p1b: Azumarill|Aqua Jet|p2b: WolfeyFriend
|-supereffective|p2b: WolfeyFriend|1
|-damage|p2b: WolfeyFriend|0 fnt
|faint|p2b: WolfeyFriend
|move|p1a: Sneasler|Dire Claw|p2a: WHYYCHU
|-activate|p2a: WHYYCHU|move: Protect
|
|upkeep
|
|t:|1785651390
|switch|p2b: budget floette|Sylveon, L50, F|100/100
|turn|6
|-message|castoriceball forfeited.
|
|win|ui90op
|raw|ui90op's rating: 1231 → 1260(+29 for winning)
|raw|castoriceball's rating: 1286 → 1257(-29 for losing)
