|j|☆Manitarenios ht
|j|☆xeb41
|html|Manitarenios htxeb41    
|uhtml|bestof|Game 2 of a best-of-3
|t:|1756640542
|gametype|doubles
|player|p1|Manitarenios ht|169|
|player|p2|xeb41|170|
|gen|9
|tier|[Gen 9] VGC 2025 Reg H (Bo3)
|rule|Species Clause: Limit one of each Pokémon
|rule|Item Clause: Limit 1 of each item
|clearpoke
|poke|p1|Archaludon, L50, M|
|poke|p1|Rillaboom, L50, M|
|poke|p1|Basculegion, L50, M|
|poke|p1|Kingambit, L50, M|
|poke|p1|Pelipper, L50, F|
|poke|p1|Electabuzz, L50, M|
|poke|p2|Politoed, L50, F|
|poke|p2|Gothitelle, L50, M|
|poke|p2|Incineroar, L50, F|
|poke|p2|Amoonguss, L50, F|
|poke|p2|Kingdra, L50, F|
|poke|p2|Archaludon, L50, F|
|teampreview|4
|showteam|p1|Archaludon||AssaultVest|Stamina|ElectroShot,DracoMeteor,FlashCannon,BodyPress|||M|||50|,,,,,Fairy]Rillaboom||GrassySeed|GrassySurge|WoodHammer,GrassyGlide,FakeOut,HighHorsepower|||M|||50|,,,,,Fire]Basculegion||ChoiceBand|SwiftSwim|WaveCrash,LastRespects,FlipTurn,AquaJet|||M|||50|,,,,,Grass]Kingambit||BlackGlasses|Defiant|KowtowCleave,SuckerPunch,SwordsDance,Protect|||M|||50|,,,,,Dark]Pelipper||FocusSash|Drizzle|WeatherBall,Hurricane,Tailwind,Protect|||F|||50|,,,,,Ghost]Electabuzz||Eviolite|VitalSpirit|Electroweb,Taunt,FollowMe,Protect|||M|||50|,,,,,Ghost
|showteam|p2|Politoed||Leftovers|Drizzle|Protect,WeatherBall,PerishSong,Encore|||F|||50|,,,,,Grass]Gothitelle||SitrusBerry|ShadowTag|Protect,Psychic,FakeOut,TrickRoom|||M|||50|,,,,,Dark]Incineroar||SafetyGoggles|Intimidate|Protect,KnockOff,FakeOut,PartingShot|||F|||50|,,,,,Ghost]Amoonguss||EjectButton|Regenerator|Protect,RagePowder,PollenPuff,Spore|||F|||50|,,,,,Fairy]Kingdra||LifeOrb|SwiftSwim|Protect,WeatherBall,DracoMeteor,MuddyWater|||F|||50|,,,,,Stellar]Archaludon||PowerHerb|Sturdy|Protect,ElectroShot,DragonPulse,FlashCannon|||F|||50|,,,,,Electric
|inactive|Battle timer is ON: inactive players will automatically lose when time's up. (requested by Manitarenios ht)
|j| WHERE IS MY WALLET
|c|☆xeb41|persih trap me baby
|inactive|xeb41 has 60 seconds left.
|inactive|Manitarenios ht has 60 seconds left.
|
|t:|1756640582
|teamsize|p1|4
|teamsize|p2|4
|start
|switch|p1a: Rillaboom|Rillaboom, L50, M|100/100
|switch|p1b: Kingambit|Kingambit, L50, M|100/100
|switch|p2a: Kingdra|Kingdra, L50, F|100/100
|switch|p2b: Archaludon|Archaludon, L50, F|100/100
|-fieldstart|move: Grassy Terrain|[from] ability: Grassy Surge|[of] p1a: Rillaboom
|-enditem|p1a: Rillaboom|Grassy Seed
|-boost|p1a: Rillaboom|def|1|[from] item: Grassy Seed
|turn|1
|l| WHERE IS MY WALLET
|j| WHERE IS MY WALLET
|inactive|Manitarenios ht has 30 seconds left.
|inactive|xeb41 has 30 seconds left.
|inactive|xeb41 has 20 seconds left.
|
|t:|1756640618
|-terastallize|p2a: Kingdra|Stellar
|move|p1a: Rillaboom|Fake Out|p2a: Kingdra
|-crit|p2a: Kingdra
|-damage|p2a: Kingdra|74/100
|move|p2b: Archaludon|Electro Shot||[still]
|-prepare|p2b: Archaludon|Electro Shot
|-boost|p2b: Archaludon|spa|1
|-enditem|p2b: Archaludon|Power Herb
|-anim|p2b: Archaludon|Electro Shot|p1b: Kingambit
|-damage|p1b: Kingambit|37/100
|cant|p2a: Kingdra|flinch
|move|p1b: Kingambit|Swords Dance|p1b: Kingambit
|-boost|p1b: Kingambit|atk|2
|
|-heal|p2a: Kingdra|80/100|[from] Grassy Terrain
|-heal|p1b: Kingambit|43/100|[from] Grassy Terrain
|upkeep
|turn|2
|c|☆xeb41|fuck ηθελα το tera
|inactive|Manitarenios ht has 30 seconds left.
|inactive|xeb41 has 30 seconds left.
|inactive|xeb41 has 20 seconds left.
|
|t:|1756640657
|switch|p2a: Amoonguss|Amoonguss, L50, F|100/100
|-terastallize|p1b: Kingambit|Dark
|move|p2b: Archaludon|Protect|p2b: Archaludon
|-singleturn|p2b: Archaludon|Protect
|move|p1a: Rillaboom|Grassy Glide|p2a: Amoonguss
|-resisted|p2a: Amoonguss
|-damage|p2a: Amoonguss|93/100
|-enditem|p2a: Amoonguss|Eject Button
|
|t:|1756640671
|switch|p2a: Kingdra|Kingdra, L50, F, tera:Stellar|80/100
|move|p1b: Kingambit|Sucker Punch||[still]
|-fail|p1b: Kingambit
|
|-heal|p2a: Kingdra|86/100|[from] Grassy Terrain
|-heal|p1b: Kingambit|49/100|[from] Grassy Terrain
|upkeep
|turn|3
|
|t:|1756640690
|move|p1b: Kingambit|Protect|p1b: Kingambit
|-singleturn|p1b: Kingambit|Protect
|move|p2b: Archaludon|Dragon Pulse|p1b: Kingambit
|-activate|p1b: Kingambit|move: Protect
|move|p2a: Kingdra|Draco Meteor|p1a: Rillaboom
|-damage|p1a: Rillaboom|0 fnt
|-unboost|p2a: Kingdra|spa|2
|faint|p1a: Rillaboom
|-damage|p2a: Kingdra|76/100|[from] item: Life Orb
|
|-heal|p2a: Kingdra|82/100|[from] Grassy Terrain
|-heal|p1b: Kingambit|55/100|[from] Grassy Terrain
|upkeep
|
|t:|1756640704
|switch|p1a: Basculegion|Basculegion, L50, M|100/100
|turn|4
|c|☆xeb41|no av no survive
|l| WHERE IS MY WALLET
|j| WHERE IS MY WALLET
|inactive|xeb41 has 30 seconds left.
|
|t:|1756640738
|move|p2b: Archaludon|Flash Cannon|p1b: Kingambit
|-damage|p1b: Kingambit|0 fnt
|faint|p1b: Kingambit
|move|p2a: Kingdra|Muddy Water|p1a: Basculegion
|-resisted|p1a: Basculegion
|-damage|p1a: Basculegion|80/100
|-unboost|p1a: Basculegion|accuracy|1
|-damage|p2a: Kingdra|72/100|[from] item: Life Orb
|move|p1a: Basculegion|Wave Crash|p2a: Kingdra
|-resisted|p2a: Kingdra
|-damage|p2a: Kingdra|46/100
|-damage|p1a: Basculegion|74/100|[from] Recoil
|
|-heal|p2a: Kingdra|52/100|[from] Grassy Terrain
|-heal|p1a: Basculegion|80/100|[from] Grassy Terrain
|upkeep
|
|t:|1756640750
|switch|p1b: Archaludon|Archaludon, L50, M|100/100
|turn|5
|l| WHERE IS MY WALLET
|j| el toroo
|inactive|xeb41 has 30 seconds left.
|
|t:|1756640775
|switch|p2a: Incineroar|Incineroar, L50, F|100/100
|-ability|p2a: Incineroar|Intimidate|boost
|-unboost|p1a: Basculegion|atk|1
|-unboost|p1b: Archaludon|atk|1
|move|p2b: Archaludon|Protect|p2b: Archaludon
|-singleturn|p2b: Archaludon|Protect
|move|p1a: Basculegion|Wave Crash|p2b: Archaludon
|-activate|p2b: Archaludon|move: Protect
|move|p1b: Archaludon|Draco Meteor|p2b: Archaludon
|-activate|p2b: Archaludon|move: Protect
|
|-heal|p1a: Basculegion|86/100|[from] Grassy Terrain
|-fieldend|move: Grassy Terrain
|upkeep
|turn|6
|j| WHERE IS MY WALLET
|l| WHERE IS MY WALLET
|inactive|xeb41 has 30 seconds left.
|
|t:|1756640802
|move|p2a: Incineroar|Fake Out|p1b: Archaludon
|-resisted|p1b: Archaludon
|-damage|p1b: Archaludon|97/100
|-ability|p1b: Archaludon|Stamina|boost
|-boost|p1b: Archaludon|def|1
|move|p2b: Archaludon|Electro Shot||[still]
|-prepare|p2b: Archaludon|Electro Shot
|-boost|p2b: Archaludon|spa|1
|move|p1a: Basculegion|Wave Crash|p2a: Incineroar|[miss]
|-miss|p1a: Basculegion|p2a: Incineroar
|cant|p1b: Archaludon|flinch
|
|upkeep
|turn|7
|l| el toroo
|j| WHERE IS MY WALLET
|j| el toroo
|c|☆xeb41|Accuracy drop pays
|inactive|Manitarenios ht has 30 seconds left.
|inactive|xeb41 has 30 seconds left.
|l| el toroo
|inactive|xeb41 has 20 seconds left.
|
|t:|1756640841
|move|p2b: Archaludon|Electro Shot|p1a: Basculegion|[from] lockedmove
|-supereffective|p1a: Basculegion
|-damage|p1a: Basculegion|0 fnt
|faint|p1a: Basculegion
|move|p1b: Archaludon|Body Press|p2a: Incineroar
|-supereffective|p2a: Incineroar
|-damage|p2a: Incineroar|24/100
|move|p2a: Incineroar|Parting Shot|p1b: Archaludon
|-unboost|p1b: Archaludon|atk|1
|-unboost|p1b: Archaludon|spa|1
|
|t:|1756640850
|switch|p2a: Amoonguss|Amoonguss, L50, F|100/100|[from] Parting Shot
|
|upkeep
|turn|8
|-message|Manitarenios ht forfeited.
|
|win|xeb41
