|j|☆patata navidenya
|j|☆luckyross
|html|patata navidenyaluckyross    
|uhtml|bestof|Game 1 of a best-of-3
|t:|1756901020
|gametype|doubles
|player|p1|patata navidenya|cilan|1206
|player|p2|luckyross|fisherman-gen4|1162
|gen|9
|tier|[Gen 9] VGC 2025 Reg H (Bo3)
|rated|
|rule|Species Clause: Limit one of each Pokémon
|rule|Item Clause: Limit 1 of each item
|clearpoke
|poke|p1|Pelipper, L50, M|
|poke|p1|Archaludon, L50, M|
|poke|p1|Sinistcha, L50|
|poke|p1|Incineroar, L50, M|
|poke|p1|Dragonite, L50, F|
|poke|p1|Ursaluna, L50, F|
|poke|p2|Tyranitar, L50, M|
|poke|p2|Excadrill, L50, F|
|poke|p2|Indeedee, L50, M|
|poke|p2|Sneasler, L50, F|
|poke|p2|Corviknight, L50, F|
|poke|p2|Hydreigon, L50, F|
|teampreview|4
|showteam|p1|Pelipper||FocusSash|Drizzle|MuddyWater,Hurricane,Tailwind,Protect|||M|||50|,,,,,Ghost]Archaludon||AssaultVest|Stamina|ElectroShot,DracoMeteor,BodyPress,Snarl|||M|||50|,,,,,Bug]Sinistcha||SitrusBerry|Hospitality|MatchaGotcha,RagePowder,LifeDew,TrickRoom||||||50|,,,,,Fire]Incineroar||SafetyGoggles|Intimidate|KnockOff,Taunt,PartingShot,FakeOut|||M|||50|,,,,,Ghost]Dragonite||LoadedDice|Multiscale|ScaleShot,Tailwind,Haze,Protect|||F|||50|,,,,,Steel]Ursaluna||FlameOrb|Guts|HeadlongRush,Earthquake,Facade,Protect|||F|||50|,,,,,Ghost
|showteam|p2|Tyranitar||AssaultVest|SandStream|KnockOff,RockSlide,TeraBlast,LowKick|||M|||50|,,,,,Flying]Excadrill||FocusSash|SandRush|Earthquake,IronHead,HighHorsepower,Protect|||F|||50|,,,,,Stellar]Indeedee||ChoiceScarf|PsychicSurge|ExpandingForce,TeraBlast,Trick,Protect|||M|||50|,,,,,Psychic]Sneasler||WhiteHerb|Unburden|DireClaw,CloseCombat,Coaching,FakeOut|||F|||50|,,,,,Stellar]Corviknight||PsychicSeed|MirrorArmor|BraveBird,PowerTrip,BulkUp,Roost|||F|||50|,,,,,Water]Hydreigon||LifeOrb|Levitate|DracoMeteor,DarkPulse,Protect,Tailwind|||F|||50|,,,,,Ghost
|inactive|Battle timer is ON: inactive players will automatically lose when time's up. (requested by patata navidenya)
|inactive|patata navidenya has 60 seconds left.
|inactive|luckyross has 60 seconds left.
|inactive|patata navidenya has 30 seconds left.
|
|t:|1756901083
|teamsize|p1|4
|teamsize|p2|4
|start
|switch|p1a: Incineroar|Incineroar, L50, M|100/100
|switch|p1b: Archaludon|Archaludon, L50, M|100/100
|switch|p2a: Tyranitar|Tyranitar, L50, M|100/100
|switch|p2b: Excadrill|Excadrill, L50, F|100/100
|-weather|Sandstorm|[from] ability: Sand Stream|[of] p2a: Tyranitar
|-ability|p1a: Incineroar|Intimidate|boost
|-unboost|p2a: Tyranitar|atk|1
|-unboost|p2b: Excadrill|atk|1
|turn|1
|inactive|luckyross has 30 seconds left.
|
|t:|1756901120
|switch|p1a: Pelipper|Pelipper, L50, M|100/100
|-weather|RainDance|[from] ability: Drizzle|[of] p1a: Pelipper
|move|p2b: Excadrill|High Horsepower|p1b: Archaludon
|-supereffective|p1b: Archaludon
|-damage|p1b: Archaludon|48/100
|-ability|p1b: Archaludon|Stamina|boost
|-boost|p1b: Archaludon|def|1
|move|p1b: Archaludon|Electro Shot||[still]
|-prepare|p1b: Archaludon|Electro Shot
|-boost|p1b: Archaludon|spa|1
|-anim|p1b: Archaludon|Electro Shot|p2a: Tyranitar
|-damage|p2a: Tyranitar|61/100
|move|p2a: Tyranitar|Knock Off|p1b: Archaludon
|-damage|p1b: Archaludon|28/100
|-ability|p1b: Archaludon|Stamina|boost
|-boost|p1b: Archaludon|def|1
|-enditem|p1b: Archaludon|Assault Vest|[from] move: Knock Off|[of] p2a: Tyranitar
|
|-weather|RainDance|[upkeep]
|upkeep
|turn|2
|inactive|patata navidenya has 30 seconds left.
|inactive|luckyross has 30 seconds left.
|inactive|luckyross has 20 seconds left.
|
|t:|1756901155
|switch|p2a: My Goat|Hydreigon, L50, F|100/100
|-terastallize|p1b: Archaludon|Bug
|move|p2b: Excadrill|Protect|p2b: Excadrill
|-singleturn|p2b: Excadrill|Protect
|move|p1b: Archaludon|Body Press|p2b: Excadrill
|-activate|p2b: Excadrill|move: Protect
|move|p1a: Pelipper|Muddy Water|p2b: Excadrill|[spread] p2a
|-activate|p2b: Excadrill|move: Protect
|-resisted|p2a: My Goat
|-damage|p2a: My Goat|73/100
|
|-weather|RainDance|[upkeep]
|upkeep
|turn|3
|inactive|luckyross has 30 seconds left.
|
|t:|1756901182
|switch|p1b: Incineroar|Incineroar, L50, M|100/100
|-ability|p1b: Incineroar|Intimidate|boost
|-unboost|p2a: My Goat|atk|1
|-unboost|p2b: Excadrill|atk|1
|move|p2a: My Goat|Tailwind|p2a: My Goat
|-sidestart|p2: luckyross|move: Tailwind
|move|p2b: Excadrill|Iron Head|p1a: Pelipper
|-resisted|p1a: Pelipper
|-damage|p1a: Pelipper|87/100
|cant|p1a: Pelipper|flinch
|
|-weather|RainDance|[upkeep]
|upkeep
|turn|4
|inactive|luckyross has 30 seconds left.
|
|t:|1756901208
|switch|p2b: Indeedee|Indeedee, L50, M|100/100
|-fieldstart|move: Psychic Terrain|[from] ability: Psychic Surge|[of] p2b: Indeedee
|move|p2a: My Goat|Draco Meteor|p1a: Pelipper
|-damage|p1a: Pelipper|0 fnt
|-unboost|p2a: My Goat|spa|2
|faint|p1a: Pelipper
|-damage|p2a: My Goat|64/100|[from] item: Life Orb
|move|p1b: Incineroar|Parting Shot|p2a: My Goat
|-unboost|p2a: My Goat|atk|1
|-unboost|p2a: My Goat|spa|1
|
|t:|1756901227
|switch|p1b: Ursaluna|Ursaluna, L50, F|100/100|[from] Parting Shot
|
|-weather|RainDance|[upkeep]
|-status|p1b: Ursaluna|brn|[from] item: Flame Orb
|upkeep
|
|t:|1756901229
|switch|p1a: Incineroar|Incineroar, L50, M|100/100
|-ability|p1a: Incineroar|Intimidate|boost
|-unboost|p2a: My Goat|atk|1
|-unboost|p2b: Indeedee|atk|1
|turn|5
|
|t:|1756901244
|switch|p2a: Tyranitar|Tyranitar, L50, M|61/100
|-weather|Sandstorm|[from] ability: Sand Stream|[of] p2a: Tyranitar
|move|p2b: Indeedee|Protect|p2b: Indeedee
|-singleturn|p2b: Indeedee|Protect
|move|p1b: Ursaluna|Facade|p2a: Tyranitar
|-resisted|p2a: Tyranitar
|-damage|p2a: Tyranitar|4/100
|move|p1a: Incineroar|Knock Off|p2b: Indeedee
|-activate|p2b: Indeedee|move: Protect
|
|-weather|Sandstorm|[upkeep]
|-damage|p2b: Indeedee|95/100|[from] Sandstorm
|-damage|p1b: Ursaluna|95/100 brn|[from] brn
|upkeep
|turn|6
|inactive|patata navidenya has 30 seconds left.
|
|t:|1756901270
|switch|p2b: My Goat|Hydreigon, L50, F|64/100
|move|p2a: Tyranitar|Rock Slide|p1b: Ursaluna|[spread] p1a,p1b
|-supereffective|p1a: Incineroar
|-resisted|p1b: Ursaluna
|-damage|p1a: Incineroar|47/100
|-damage|p1b: Ursaluna|80/100 brn
|cant|p1b: Ursaluna|flinch
|move|p1a: Incineroar|Knock Off|p2b: My Goat
|-resisted|p2b: My Goat
|-crit|p2b: My Goat
|-damage|p2b: My Goat|32/100
|-enditem|p2b: My Goat|Life Orb|[from] move: Knock Off|[of] p1a: Incineroar
|
|-weather|Sandstorm|[upkeep]
|-damage|p2b: My Goat|26/100|[from] Sandstorm
|-damage|p1b: Ursaluna|74/100 brn|[from] brn
|-sideend|p2: luckyross|move: Tailwind
|upkeep
|turn|7
|
|t:|1756901287
|switch|p1a: Archaludon|Archaludon, L50, M, tera:Bug|28/100
|move|p2b: My Goat|Draco Meteor|p1b: Ursaluna
|-damage|p1b: Ursaluna|9/100 brn
|-unboost|p2b: My Goat|spa|2
|move|p2a: Tyranitar|Rock Slide|p1a: Archaludon|[spread] p1b
|-miss|p2a: Tyranitar|p1a: Archaludon
|-resisted|p1b: Ursaluna
|-damage|p1b: Ursaluna|0 fnt
|faint|p1b: Ursaluna
|
|-weather|Sandstorm|[upkeep]
|-damage|p2b: My Goat|20/100|[from] Sandstorm
|-damage|p1a: Archaludon|22/100|[from] Sandstorm
|upkeep
|
|t:|1756901298
|switch|p1b: Incineroar|Incineroar, L50, M|47/100
|-ability|p1b: Incineroar|Intimidate|boost
|-unboost|p2a: Tyranitar|atk|1
|-unboost|p2b: My Goat|atk|1
|turn|8
|
|t:|1756901312
|switch|p2b: Indeedee|Indeedee, L50, M|95/100
|move|p1a: Archaludon|Snarl|p2a: Tyranitar|[spread] p2a,p2b
|-resisted|p2a: Tyranitar
|-supereffective|p2b: Indeedee
|-damage|p2a: Tyranitar|1/100
|-damage|p2b: Indeedee|60/100
|-unboost|p2a: Tyranitar|spa|1
|-unboost|p2b: Indeedee|spa|1
|move|p2a: Tyranitar|Rock Slide|p1a: Archaludon|[spread] p1a,p1b
|-supereffective|p1a: Archaludon
|-supereffective|p1b: Incineroar
|-damage|p1a: Archaludon|0 fnt
|-damage|p1b: Incineroar|16/100
|faint|p1a: Archaludon
|cant|p1b: Incineroar|flinch
|
|-weather|Sandstorm|[upkeep]
|-damage|p2b: Indeedee|55/100|[from] Sandstorm
|-fieldend|move: Psychic Terrain
|upkeep
|turn|9
|-message|patata navidenya forfeited.
|
|win|luckyross
||patata navidenya is ready for game 2.
|inactive|luckyross has 30 seconds to confirm battle start!
||luckyross is ready for game 2.
|uhtml|next|Next: Game 2 of 3
|l|☆luckyross
|player|p2|
