|j|☆temporary name 3
|j|☆vilan333
|html|temporary name 3vilan333    
|uhtml|bestof|Game 2 of a best-of-3
|t:|1786045858
|gametype|doubles
|player|p1|temporary name 3|170|1159
|player|p2|vilan333|marshal|1301
|gen|9
|tier|[Gen 9 Champions] VGC 2026 Reg M-B (Bo3)
|rated|
|rule|Species Clause: Limit one of each Pokémon
|rule|Item Clause: Limit 1 of each item
|clearpoke
|poke|p1|Tyranitar, L50, F|
|poke|p1|Corviknight, L50, M|
|poke|p1|Garchomp, L50, M|
|poke|p1|Farigiraf, L50, M|
|poke|p1|Toxapex, L50, M|
|poke|p1|Sinistcha, L50|
|poke|p2|Tyranitar, L50, M, shiny|
|poke|p2|Excadrill, L50, F, shiny|
|poke|p2|Floette-Eternal, L50, F|
|poke|p2|Whimsicott, L50, M|
|poke|p2|Incineroar, L50, M|
|poke|p2|Sinistcha, L50|
|teampreview|4
|showteam|p1|Tyranitar||Tyranitarite|SandStream|RockSlide,KnockOff,DragonDance,Protect|Adamant||F|||50|]Corviknight||SitrusBerry|MirrorArmor|Tailwind,Roost,IronHead,BodyPress|Adamant||M|||50|]Garchomp||FocusSash|RoughSkin|ScaleShot,Earthquake,StompingTantrum,Protect|Jolly||M|||50|]Farigiraf||ColburBerry|ArmorTail|TrickRoom,Thunderbolt,Protect,Psychic|Bold||M|||50|]Toxapex||Leftovers|Regenerator|Infestation,Toxic,BanefulBunker,WideGuard|Bold||M|||50|]Sinistcha||CobaBerry|Hospitality|MatchaGotcha,RagePowder,TrickRoom,LifeDew|Calm|||||50|
|showteam|p2|Tyranitar||FocusSash|SandStream|Protect,RockSlide,KnockOff,LowKick|Adamant||M|||50|]Excadrill||LifeOrb|SandRush|RockSlide,Protect,IronHead,Earthquake|Adamant||F|||50|]Floette-Eternal||Floettite|FlowerVeil|Protect,Moonblast,DazzlingGleam,CalmMind|Modest||F|||50|]Whimsicott||OccaBerry|Prankster|Moonblast,Encore,Tailwind,Protect|Calm||M|||50|]Incineroar||SitrusBerry|Intimidate|PartingShot,FakeOut,FlareBlitz,HelpingHand|Adamant||M|||50|]Sinistcha||Leftovers|Hospitality|ShadowBall,RagePowder,TrickRoom,Protect|Calm|||||50|
|
|t:|1786045894
|teamsize|p1|4
|teamsize|p2|4
|start
|switch|p1a: Toxapex|Toxapex, L50, M|100/100
|switch|p1b: Farigiraf|Farigiraf, L50, M|100/100
|switch|p2a: Floette|Floette-Eternal, L50, F|100/100
|switch|p2b: Incineroar|Incineroar, L50, M|100/100
|-ability|p2b: Incineroar|Intimidate|boost
|-unboost|p1a: Toxapex|atk|1
|-unboost|p1b: Farigiraf|atk|1
|turn|1
|
|t:|1786045923
|detailschange|p2a: Floette|Floette-Mega, L50, F
|-mega|p2a: Floette|Floette|Floettite
|-ability|p2a: Floette|Fairy Aura
|move|p2a: Floette|Calm Mind|p2a: Floette
|-boost|p2a: Floette|spa|1
|-boost|p2a: Floette|spd|1
|move|p2b: Incineroar|Parting Shot|p1b: Farigiraf
|-unboost|p1b: Farigiraf|atk|1
|-unboost|p1b: Farigiraf|spa|1
|inactive|Battle timer is ON: inactive players will automatically lose when time's up. (requested by temporary name 3)
|
|t:|1786045932
|switch|p2b: Excadrill|Excadrill, L50, F, shiny|100/100|[from] Parting Shot
|move|p1a: Toxapex|Toxic|p2a: Floette
|-status|p2a: Floette|tox
|move|p1b: Farigiraf|Trick Room|p1b: Farigiraf
|-fieldstart|move: Trick Room|[of] p1b: Farigiraf
|
|-damage|p2a: Floette|94/100 tox|[from] psn
|upkeep
|turn|2
|inactive|temporary name 3 has 30 seconds left.
|
|t:|1786045957
|move|p1a: Toxapex|Infestation|p2b: Excadrill
|-resisted|p2b: Excadrill|1
|-damage|p2b: Excadrill|97/100
|-activate|p2b: Excadrill|move: Infestation|[of] p1a: Toxapex
|move|p1b: Farigiraf|Thunderbolt|p2a: Floette
|-damage|p2a: Floette|86/100 tox
|move|p2b: Excadrill|Rock Slide|p1a: Toxapex|[spread] p1a,p1b
|-crit|p1b: Farigiraf
|-damage|p1a: Toxapex|80/100
|-damage|p1b: Farigiraf|68/100
|-damage|p2b: Excadrill|88/100|[from] item: Life Orb
|move|p2a: Floette|Moonblast|p1a: Toxapex
|-resisted|p1a: Toxapex|1
|-damage|p1a: Toxapex|35/100
|
|-heal|p1a: Toxapex|40/100|[from] item: Leftovers
|-damage|p2a: Floette|74/100 tox|[from] psn
|-damage|p2b: Excadrill|76/100|[from] move: Infestation|[partiallytrapped]
|upkeep
|turn|3
|
|t:|1786045978
|switch|p1b: Sinistcha|Sinistcha, L50|100/100
|-heal|p1a: Toxapex|65/100|[from] ability: Hospitality|[of] p1b: Sinistcha
|move|p2a: Floette|Protect|p2a: Floette
|-singleturn|p2a: Floette|Protect
|move|p1a: Toxapex|Infestation|p2a: Floette
|-activate|p2a: Floette|move: Protect
|move|p2b: Excadrill|Earthquake|p1b: Sinistcha|[spread] p1a,p1b
|-activate|p2a: Floette|move: Protect
|-supereffective|p1a: Toxapex|1
|-resisted|p1b: Sinistcha|1
|-damage|p1a: Toxapex|0 fnt
|-damage|p1b: Sinistcha|75/100
|faint|p1a: Toxapex
|-damage|p2b: Excadrill|66/100|[from] item: Life Orb
|
|-damage|p2a: Floette|57/100 tox|[from] psn
|-end|p2b: Excadrill|Infestation|[partiallytrapped]|[silent]
|upkeep
|
|t:|1786045985
|switch|p1a: Tyranitar|Tyranitar, L50, F|100/100
|-weather|Sandstorm|[from] ability: Sand Stream|[of] p1a: Tyranitar
|turn|4
|
|t:|1786046003
|switch|p2b: Incineroar|Incineroar, L50, M|100/100
|-ability|p2b: Incineroar|Intimidate|boost
|-unboost|p1a: Tyranitar|atk|1
|-unboost|p1b: Sinistcha|atk|1
|move|p1b: Sinistcha|Matcha Gotcha|p2a: Floette|[spread] p2a
|-miss|p1b: Sinistcha|p2b: Incineroar
|-damage|p2a: Floette|45/100 tox
|-heal|p1b: Sinistcha|81/100|[from] drain|[of] p2a: Floette
|move|p1a: Tyranitar|Rock Slide|p2a: Floette|[spread] p2a,p2b
|-supereffective|p2b: Incineroar|1
|-damage|p2a: Floette|26/100 tox
|-damage|p2b: Incineroar|66/100
|move|p2a: Floette|Dazzling Gleam|p1a: Tyranitar|[spread] p1a,p1b
|-supereffective|p1a: Tyranitar|1
|-damage|p1a: Tyranitar|21/100
|-damage|p1b: Sinistcha|16/100
|
|-weather|Sandstorm|[upkeep]
|-damage|p1b: Sinistcha|10/100|[from] Sandstorm
|-damage|p2b: Incineroar|60/100|[from] Sandstorm
|-damage|p2a: Floette|20/100y tox|[from] Sandstorm
|-damage|p2a: Floette|0 fnt|[from] psn
|faint|p2a: Floette
|upkeep
|l|☆vilan333
|inactive|vilan333 disconnected and has a minute to reconnect!
|player|p2|
|j|☆vilan333
|inactive|vilan333 reconnected and has 35 seconds left.
|player|p2|vilan333|marshal|
|inactive|vilan333 has 30 seconds left.
|
|t:|1786046036
|switch|p2a: Whimsicott|Whimsicott, L50, M|100/100
|turn|5
|
|t:|1786046057
|switch|p1b: Farigiraf|Farigiraf, L50, M|68/100
|detailschange|p1a: Tyranitar|Tyranitar-Mega, L50, F
|-mega|p1a: Tyranitar|Tyranitar|Tyranitarite
|move|p2b: Incineroar|Flare Blitz|p1a: Tyranitar
|-resisted|p1a: Tyranitar|1
|-damage|p1a: Tyranitar|7/100
|-damage|p2b: Incineroar|55/100|[from] Recoil
|move|p1a: Tyranitar|Rock Slide|p2a: Whimsicott|[spread] p2a,p2b
|-supereffective|p2b: Incineroar|1
|-damage|p2a: Whimsicott|76/100
|-damage|p2b: Incineroar|12/100
|-enditem|p2b: Incineroar|Sitrus Berry|[eat]
|-heal|p2b: Incineroar|37/100|[from] item: Sitrus Berry
|cant|p2a: Whimsicott|flinch
|
|-weather|Sandstorm|[upkeep]
|-damage|p1b: Farigiraf|62/100|[from] Sandstorm
|-damage|p2b: Incineroar|31/100|[from] Sandstorm
|-damage|p2a: Whimsicott|70/100|[from] Sandstorm
|-fieldend|move: Trick Room
|upkeep
|turn|6
|inactive|temporary name 3 has 30 seconds left.
|inactive|vilan333 has 30 seconds left.
|
|t:|1786046085
|move|p2b: Incineroar|Helping Hand|p2a: Whimsicott
|-singleturn|p2a: Whimsicott|Helping Hand|[of] p2b: Incineroar
|move|p1a: Tyranitar|Protect|p1a: Tyranitar
|-singleturn|p1a: Tyranitar|Protect
|move|p2a: Whimsicott|Moonblast|p1b: Farigiraf
|-damage|p1b: Farigiraf|21/100
|move|p1b: Farigiraf|Thunderbolt|p2b: Incineroar
|-damage|p2b: Incineroar|11/100
|
|-weather|Sandstorm|[upkeep]
|-damage|p2a: Whimsicott|64/100|[from] Sandstorm
|-damage|p2b: Incineroar|5/100|[from] Sandstorm
|-damage|p1b: Farigiraf|15/100|[from] Sandstorm
|upkeep
|turn|7
|
|t:|1786046106
|switch|p1a: Sinistcha|Sinistcha, L50|10/100
|-heal|p1b: Farigiraf|40/100|[from] ability: Hospitality|[of] p1a: Sinistcha
|move|p1b: Farigiraf|Protect|p1b: Farigiraf
|-singleturn|p1b: Farigiraf|Protect
|move|p2a: Whimsicott|Tailwind|p2a: Whimsicott
|-sidestart|p2: vilan333|move: Tailwind
|move|p2b: Incineroar|Parting Shot|p1a: Sinistcha
|-unboost|p1a: Sinistcha|atk|1
|-unboost|p1a: Sinistcha|spa|1
|
|t:|1786046117
|switch|p2b: Excadrill|Excadrill, L50, F, shiny|66/100|[from] Parting Shot
|
|-weather|Sandstorm|[upkeep]
|-damage|p2a: Whimsicott|58/100|[from] Sandstorm
|-damage|p1a: Sinistcha|4/100|[from] Sandstorm
|-damage|p1b: Farigiraf|35/100|[from] Sandstorm
|upkeep
|turn|8
|
|t:|1786046126
|move|p2b: Excadrill|Rock Slide|p1a: Sinistcha|[spread] p1a
|-miss|p2b: Excadrill|p1b: Farigiraf
|-damage|p1a: Sinistcha|0 fnt
|faint|p1a: Sinistcha
|-damage|p2b: Excadrill|57/100|[from] item: Life Orb
|move|p2a: Whimsicott|Moonblast|p1b: Farigiraf
|-damage|p1b: Farigiraf|10/100
|move|p1b: Farigiraf|Trick Room|p1b: Farigiraf
|-fieldstart|move: Trick Room|[of] p1b: Farigiraf
|
|-weather|none
|upkeep
|
|t:|1786046128
|switch|p1a: Tyranitar|Tyranitar-Mega, L50, F|7/100
|-weather|Sandstorm|[from] ability: Sand Stream|[of] p1a: Tyranitar
|turn|9
|
|t:|1786046148
|switch|p2a: Incineroar|Incineroar, L50, M|5/100
|-ability|p2a: Incineroar|Intimidate|boost
|-unboost|p1a: Tyranitar|atk|1
|-unboost|p1b: Farigiraf|atk|1
|move|p1b: Farigiraf|Psychic|p2a: Incineroar
|-immune|p2a: Incineroar
|move|p1a: Tyranitar|Rock Slide|p2b: Excadrill|[spread] p2a
|-miss|p1a: Tyranitar|p2b: Excadrill
|-supereffective|p2a: Incineroar|1
|-damage|p2a: Incineroar|0 fnt
|faint|p2a: Incineroar
|move|p2b: Excadrill|Rock Slide|p1a: Tyranitar|[spread] p1a,p1b
|-damage|p1a: Tyranitar|0 fnt
|-damage|p1b: Farigiraf|0 fnt
|faint|p1a: Tyranitar
|faint|p1b: Farigiraf
|-damage|p2b: Excadrill|47/100|[from] item: Life Orb
|
|win|vilan333
||temporary name 3 is ready for game 3.
|inactive|vilan333 has 30 seconds to confirm battle start!
