|j|☆a9106174
|j|☆huanyu0.0
|html|a9106174huanyu0.0    
|uhtml|bestof|Game 2 of a best-of-3
|t:|1785158863
|gametype|doubles
|player|p1|a9106174|101|1180
|player|p2|huanyu0.0|169|1208
|gen|9
|tier|[Gen 9 Champions] VGC 2026 Reg M-B (Bo3)
|rated|
|rule|Species Clause: Limit one of each Pokémon
|rule|Item Clause: Limit 1 of each item
|clearpoke
|poke|p1|Garchomp, L50, M|
|poke|p1|Talonflame, L50, M|
|poke|p1|Oranguru, L50, M|
|poke|p1|Floette-Eternal, L50, F|
|poke|p1|Basculegion, L50, M|
|poke|p1|Eelektross, L50, F|
|poke|p2|Staraptor, L50, M|
|poke|p2|Tyranitar, L50, F|
|poke|p2|Excadrill, L50, F|
|poke|p2|Gholdengo, L50|
|poke|p2|Milotic, L50, F|
|poke|p2|Sinistcha, L50|
|teampreview|4
|showteam|p1|Garchomp||ChoiceScarf|RoughSkin|RockTomb,Earthquake,StompingTantrum,DragonClaw|Adamant||M|||50|]Talonflame||FocusSash|GaleWings|Tailwind,QuickGuard,DualWingbeat,FlareBlitz|Jolly||M|||50|]Oranguru||ColburBerry|Telepathy|FoulPlay,TrickRoom,Encore,Instruct|Calm||M|||50|]Floette-Eternal||Floettite|FlowerVeil|LightofRuin,Moonblast,DazzlingGleam,Protect|Modest||F|||50|]Basculegion||LifeOrb|Adaptability|LastRespects,WaveCrash,AquaJet,Protect|Adamant||M|||50|]Eelektross||Eelektrossite|Levitate|Discharge,Thunderbolt,GigaDrain,Protect|Timid||F|||50|
|showteam|p2|Staraptor||Staraptite|Intimidate|CloseCombat,BraveBird,Tailwind,Protect|Jolly||M|||50|]Tyranitar||Tyranitarite|SandStream|RockSlide,KnockOff,LowKick,Protect|Adamant||F|||50|]Excadrill||FocusSash|SandRush|IronHead,HighHorsepower,RockSlide,Protect|Adamant||F|||50|]Gholdengo||LifeOrb|GoodasGold|MakeItRain,ShadowBall,NastyPlot,Protect|Modest|||||50|]Milotic||SitrusBerry|Competitive|Scald,IceBeam,IcyWind,Protect|Modest||F|||50|]Sinistcha||ColburBerry|Hospitality|MatchaGotcha,RagePowder,TrickRoom,Protect|Calm|||||50|
|inactive|Battle timer is ON: inactive players will automatically lose when time's up. (requested by huanyu0.0)
|
|t:|1785158882
|teamsize|p1|4
|teamsize|p2|4
|start
|switch|p1a: Garchomp|Garchomp, L50, M|100/100
|switch|p1b: Talonflame|Talonflame, L50, M|100/100
|switch|p2a: Tyranitar|Tyranitar, L50, F|100/100
|switch|p2b: Excadrill|Excadrill, L50, F|100/100
|-weather|Sandstorm|[from] ability: Sand Stream|[of] p2a: Tyranitar
|turn|1
|
|t:|1785158904
|switch|p2a: Staraptor|Staraptor, L50, M|100/100
|-ability|p2a: Staraptor|Intimidate|boost
|-unboost|p1a: Garchomp|atk|1
|-unboost|p1b: Talonflame|atk|1
|move|p1b: Talonflame|Tailwind|p1b: Talonflame
|-sidestart|p1: a9106174|move: Tailwind
|move|p1a: Garchomp|Earthquake|p2a: Staraptor|[spread] p2b
|-immune|p1b: Talonflame
|-immune|p2a: Staraptor
|-supereffective|p2b: Excadrill|1
|-damage|p2b: Excadrill|19/100
|move|p2b: Excadrill|Rock Slide|p1a: Garchomp|[spread] p1b
|-miss|p2b: Excadrill|p1a: Garchomp
|-supereffective|p1b: Talonflame|2
|-enditem|p1b: Talonflame|Focus Sash
|-damage|p1b: Talonflame|1/100
|
|-weather|Sandstorm|[upkeep]
|-damage|p1b: Talonflame|0 fnt|[from] Sandstorm
|-damage|p2a: Staraptor|94/100|[from] Sandstorm
|faint|p1b: Talonflame
|upkeep
|
|t:|1785158922
|switch|p1b: Eelektross|Eelektross, L50, F|100/100
|turn|2
|inactive|huanyu0.0 has 30 seconds left.
|inactive|huanyu0.0 has 20 seconds left.
|inactive|huanyu0.0 has 15 seconds left.
|inactive|huanyu0.0 has 10 seconds left.
|
|t:|1785158972
|detailschange|p1b: Eelektross|Eelektross-Mega, L50, F
|-mega|p1b: Eelektross|Eelektross|Eelektrossite
|move|p2a: Staraptor|Protect|p2a: Staraptor
|-singleturn|p2a: Staraptor|Protect
|move|p1a: Garchomp|Earthquake|p2a: Staraptor|[spread] p2b
|-activate|p2a: Staraptor|move: Protect
|-immune|p1b: Eelektross|[from] ability: Eelevate
|-supereffective|p2b: Excadrill|1
|-damage|p2b: Excadrill|0 fnt
|faint|p2b: Excadrill
|move|p1b: Eelektross|Thunderbolt|p2a: Staraptor
|-activate|p2a: Staraptor|move: Protect
|
|-weather|Sandstorm|[upkeep]
|-damage|p1b: Eelektross|93/100|[from] Sandstorm
|-damage|p2a: Staraptor|88/100|[from] Sandstorm
|upkeep
|
|t:|1785158986
|switch|p2b: Tyranitar|Tyranitar, L50, F|100/100
|turn|3
|inactive|huanyu0.0 has 30 seconds left.
|inactive|huanyu0.0 has 20 seconds left.
|inactive|huanyu0.0 has 15 seconds left.
|
|t:|1785159027
|detailschange|p2b: Tyranitar|Tyranitar-Mega, L50, F
|-mega|p2b: Tyranitar|Tyranitar|Tyranitarite
|move|p1a: Garchomp|Earthquake|p2a: Staraptor|[spread] p2b
|-immune|p1b: Eelektross|[from] ability: Eelevate
|-immune|p2a: Staraptor
|-supereffective|p2b: Tyranitar|1
|-damage|p2b: Tyranitar|64/100
|move|p1b: Eelektross|Thunderbolt|p2a: Staraptor
|-supereffective|p2a: Staraptor|1
|-damage|p2a: Staraptor|0 fnt
|faint|p2a: Staraptor
|-ability|p1b: Eelektross|Eelevate|boost
|-boost|p1b: Eelektross|spa|1
|move|p2b: Tyranitar|Rock Slide|p1b: Eelektross|[spread] p1a,p1b
|-resisted|p1a: Garchomp|1
|-damage|p1a: Garchomp|80/100
|-damage|p1b: Eelektross|45/100
|
|-weather|Sandstorm|[upkeep]
|-damage|p1b: Eelektross|38/100|[from] Sandstorm
|upkeep
|
|t:|1785159036
|switch|p2a: Gholdengo|Gholdengo, L50|100/100
|turn|4
|
|t:|1785159058
|switch|p1a: Basculegion|Basculegion, L50, M|100/100
|move|p2a: Gholdengo|Protect|p2a: Gholdengo
|-singleturn|p2a: Gholdengo|Protect
|move|p2b: Tyranitar|Protect|p2b: Tyranitar
|-singleturn|p2b: Tyranitar|Protect
|move|p1b: Eelektross|Giga Drain|p2b: Tyranitar
|-activate|p2b: Tyranitar|move: Protect
|
|-weather|Sandstorm|[upkeep]
|-damage|p1b: Eelektross|32/100|[from] Sandstorm
|-damage|p1a: Basculegion|93/100|[from] Sandstorm
|-sideend|p1: a9106174|move: Tailwind
|upkeep
|turn|5
|
|t:|1785159080
|move|p1b: Eelektross|Protect|p1b: Eelektross
|-singleturn|p1b: Eelektross|Protect
|move|p1a: Basculegion|Aqua Jet|p2b: Tyranitar
|-supereffective|p2b: Tyranitar|1
|-damage|p2b: Tyranitar|23/100
|-damage|p1a: Basculegion|84/100|[from] item: Life Orb
|move|p2a: Gholdengo|Shadow Ball|p1a: Basculegion
|-supereffective|p1a: Basculegion|1
|-damage|p1a: Basculegion|0 fnt
|faint|p1a: Basculegion
|-damage|p2a: Gholdengo|90/100|[from] item: Life Orb
|move|p2b: Tyranitar|Rock Slide|p1b: Eelektross
|-activate|p1b: Eelektross|move: Protect
|
|-weather|none
|upkeep
|
|t:|1785159094
|switch|p1a: Garchomp|Garchomp, L50, M|80/100
|turn|6
|inactive|huanyu0.0 has 30 seconds left.
|
|t:|1785159124
|move|p2b: Tyranitar|Protect|p2b: Tyranitar
|-singleturn|p2b: Tyranitar|Protect
|move|p1a: Garchomp|Earthquake|p2b: Tyranitar|[spread] p2a
|-activate|p2b: Tyranitar|move: Protect
|-immune|p1b: Eelektross|[from] ability: Eelevate
|-supereffective|p2a: Gholdengo|1
|-damage|p2a: Gholdengo|16/100
|move|p1b: Eelektross|Thunderbolt|p2a: Gholdengo
|-damage|p2a: Gholdengo|0 fnt
|faint|p2a: Gholdengo
|-ability|p1b: Eelektross|Eelevate|boost
|-boost|p1b: Eelektross|spa|1
|
|upkeep
|turn|7
|-message|huanyu0.0 forfeited.
|
|win|a9106174
||huanyu0.0 is ready for game 3.
||a9106174 is ready for game 3.
|uhtml|next|Next: Game 3 of 3
|l|☆a9106174
|player|p1|
