|j|☆CCmanny
|j|☆OreburghRanger
|html|CCmannyOreburghRanger    
|uhtml|bestof|Game 3 of a best-of-3
|t:|1756404722
|gametype|doubles
|player|p1|CCmanny|ethan|
|player|p2|OreburghRanger|pokemonranger-gen4|
|gen|9
|tier|[Gen 9] VGC 2025 Reg H (Bo3)
|rule|Species Clause: Limit one of each Pokémon
|rule|Item Clause: Limit 1 of each item
|clearpoke
|poke|p1|Ninetales-Alola, L50, M|
|poke|p1|Corviknight, L50, M|
|poke|p1|Incineroar, L50, F|
|poke|p1|Garchomp, L50, M|
|poke|p1|Amoonguss, L50, M|
|poke|p1|Flamigo, L50, F|
|poke|p2|Charizard, L50, M|
|poke|p2|Torkoal, L50, F|
|poke|p2|Porygon2, L50|
|poke|p2|Incineroar, L50, M|
|poke|p2|Jumpluff, L50, F|
|poke|p2|Ursaluna, L50, M|
|teampreview|4
|showteam|p1|Ninetales-Alola||LightClay|SnowWarning|Blizzard,FreezeDry,AuroraVeil,Protect|||M|||50|,,,,,Ghost]Corviknight||SitrusBerry|MirrorArmor|BraveBird,BulkUp,Tailwind,Roost|||M|||50|,,,,,Fire]Incineroar||AssaultVest|Intimidate|FlareBlitz,KnockOff,Uturn,FakeOut|||F|||50|,,,,,Ghost]Garchomp||LifeOrb|RoughSkin|Earthquake,DragonClaw,SwordsDance,Protect|||M|||50|,,,,,Fire]Amoonguss||RockyHelmet|Regenerator|PollenPuff,RagePowder,Spore,Protect|||M|||50|,,,,,Dark]Flamigo||FocusSash|Scrappy|BraveBird,CloseCombat,Detect,WideGuard|||F|||50|,,,,,Ghost
|showteam|p2|Charizard||ChoiceSpecs|SolarPower|HeatWave,Overheat,WeatherBall,AirSlash|||M|||50|,,,,,Ghost]Torkoal||EjectPack|Drought|Eruption,Overheat,HelpingHand,Protect|||F|||50|,,,,,Fire]Porygon2||Eviolite|Download|TeraBlast,IceBeam,Recover,TrickRoom||||||50|,,,,,Fighting]Incineroar||SafetyGoggles|Intimidate|FlareBlitz,KnockOff,FakeOut,PartingShot|||M|||50|,,,,,Ghost]Jumpluff||CovertCloak|Chlorophyll|SleepPowder,SunnyDay,RagePowder,Tailwind|||F|||50|,,,,,Water]Ursaluna||FlameOrb|Guts|HeadlongRush,Facade,Earthquake,Protect|||M|||50|,,,,,Ghost
|inactive|Battle timer is ON: inactive players will automatically lose when time's up. (requested by OreburghRanger)
|
|t:|1756404745
|teamsize|p1|4
|teamsize|p2|4
|start
|switch|p1a: Incineroar|Incineroar, L50, F|100/100
|switch|p1b: Garchomp|Garchomp, L50, M|100/100
|switch|p2a: Shōnagon|Jumpluff, L50, F|100/100
|switch|p2b: Ayanami|Porygon2, L50, shiny|100/100
|-ability|p1a: Incineroar|Intimidate|boost
|-unboost|p2a: Shōnagon|atk|1
|-unboost|p2b: Ayanami|atk|1
|-ability|p2b: Ayanami|Download|boost
|-boost|p2b: Ayanami|spa|1
|turn|1
|inactive|CCmanny has 30 seconds left.
|inactive|OreburghRanger has 30 seconds left.
|
|t:|1756404777
|switch|p1b: Ninetales|Ninetales-Alola, L50, M|100/100
|-weather|Snowscape|[from] ability: Snow Warning|[of] p1b: Ninetales
|move|p2a: Shōnagon|Sleep Powder|p1b: Ninetales
|-status|p1b: Ninetales|slp|[from] move: Sleep Powder
|move|p1a: Incineroar|Flare Blitz|p2a: Shōnagon
|-supereffective|p2a: Shōnagon
|-damage|p2a: Shōnagon|0 fnt
|faint|p2a: Shōnagon
|-damage|p1a: Incineroar|70/100|[from] Recoil
|move|p2b: Ayanami|Trick Room|p2b: Ayanami
|-fieldstart|move: Trick Room|[of] p2b: Ayanami
|
|-weather|Snowscape|[upkeep]
|upkeep
|
|t:|1756404787
|switch|p2a: Ryo the Stern|Torkoal, L50, F|100/100
|-weather|SunnyDay|[from] ability: Drought|[of] p2a: Ryo the Stern
|turn|2
|inactive|CCmanny has 30 seconds left.
|inactive|CCmanny has 20 seconds left.
|
|t:|1756404825
|-terastallize|p2b: Ayanami|Fighting
|move|p2a: Ryo the Stern|Eruption|p1a: Incineroar|[spread] p1a,p1b
|-resisted|p1a: Incineroar
|-supereffective|p1b: Ninetales
|-crit|p1b: Ninetales
|-damage|p1a: Incineroar|45/100
|-damage|p1b: Ninetales|0 fnt
|faint|p1b: Ninetales
|move|p2b: Ayanami|Tera Blast|p1a: Incineroar|[anim] Tera Blast Fighting
|-supereffective|p1a: Incineroar
|-damage|p1a: Incineroar|0 fnt
|faint|p1a: Incineroar
|
|-weather|SunnyDay|[upkeep]
|upkeep
|
|t:|1756404837
|switch|p1a: Garchomp|Garchomp, L50, M|100/100
|switch|p1b: Flamigo|Flamigo, L50, F|100/100
|turn|3
|
|t:|1756404855
|move|p1b: Flamigo|Detect|p1b: Flamigo
|-singleturn|p1b: Flamigo|Protect
|move|p1a: Garchomp|Protect|p1a: Garchomp
|-singleturn|p1a: Garchomp|Protect
|move|p2a: Ryo the Stern|Overheat|p1b: Flamigo
|-activate|p1b: Flamigo|move: Protect
|move|p2b: Ayanami|Ice Beam|p1a: Garchomp
|-activate|p1a: Garchomp|move: Protect
|
|-weather|SunnyDay|[upkeep]
|upkeep
|turn|4
|
|t:|1756404879
|-terastallize|p1a: Garchomp|Fire
|move|p2a: Ryo the Stern|Eruption|p1a: Garchomp|[spread] p1a,p1b
|-resisted|p1a: Garchomp
|-damage|p1a: Garchomp|61/100
|-enditem|p1b: Flamigo|Focus Sash
|-damage|p1b: Flamigo|1/100
|move|p2b: Ayanami|Ice Beam|p1b: Flamigo
|-supereffective|p1b: Flamigo
|-damage|p1b: Flamigo|0 fnt
|faint|p1b: Flamigo
|move|p1a: Garchomp|Swords Dance|p1a: Garchomp
|-boost|p1a: Garchomp|atk|2
|
|-weather|SunnyDay|[upkeep]
|upkeep
|turn|5
|
|t:|1756404900
|switch|p2a: Koshamain|Ursaluna, L50, M|100/100
|move|p1a: Garchomp|Protect|p1a: Garchomp
|-singleturn|p1a: Garchomp|Protect
|move|p2b: Ayanami|Tera Blast|p1a: Garchomp|[anim] Tera Blast Fighting
|-activate|p1a: Garchomp|move: Protect
|
|-weather|SunnyDay|[upkeep]
|-fieldend|move: Trick Room
|-status|p2a: Koshamain|brn|[from] item: Flame Orb
|upkeep
|turn|6
|
|t:|1756404919
|move|p1a: Garchomp|Earthquake|p2b: Ayanami|[spread] p2a,p2b
|-damage|p2a: Koshamain|18/100 brn
|-damage|p2b: Ayanami|39/100
|-damage|p1a: Garchomp|51/100|[from] item: Life Orb
|move|p2a: Koshamain|Facade|p1a: Garchomp
|-damage|p1a: Garchomp|0 fnt
|-damage|p2a: Koshamain|6/100 brn|[from] ability: Rough Skin|[of] p1a: Garchomp
|faint|p1a: Garchomp
|
|win|OreburghRanger
