|j|☆galloway2001
|j|☆8787878i
|html|galloway20018787878i    
|uhtml|bestof|Game 2 of a best-of-3
|t:|1785690895
|gametype|doubles
|player|p1|galloway2001|1|1204
|player|p2|8787878i|tuberf|1230
|gen|9
|tier|[Gen 9 Champions] VGC 2026 Reg M-B (Bo3)
|rated|
|rule|Species Clause: Limit one of each Pokémon
|rule|Item Clause: Limit 1 of each item
|clearpoke
|poke|p1|Whimsicott, L50, M|
|poke|p1|Basculegion, L50, M|
|poke|p1|Floette-Eternal, L50, F|
|poke|p1|Garchomp, L50, F|
|poke|p1|Kingambit, L50, F|
|poke|p1|Charizard, L50, M|
|poke|p2|Froslass, L50, F|
|poke|p2|Sneasler, L50, M|
|poke|p2|Kingambit, L50, M|
|poke|p2|Basculegion, L50, M|
|poke|p2|Scovillain, L50, M|
|poke|p2|Lycanroc-Dusk, L50, F|
|teampreview|4
|showteam|p1|Whimsicott||FocusSash|Prankster|Protect,Tailwind,Moonblast,Encore|Timid||M|||50|]Basculegion||LifeOrb|Adaptability|Protect,WaveCrash,LastRespects,AquaJet|Adamant||M|||50|]Floette-Eternal||Floettite|FlowerVeil|Protect,HelpingHand,Moonblast,DazzlingGleam|Timid||F|||50|]Garchomp||SitrusBerry|RoughSkin|DragonClaw,Earthquake,PoisonJab,RockSlide|Adamant||F|||50|]Kingambit||ChopleBerry|Defiant|IronHead,KowtowCleave,SuckerPunch,LowKick|Adamant||F|||50|]Charizard||CharizarditeY|Blaze|Protect,HeatWave,WeatherBall,SolarBeam|Modest||M|||50|
|showteam|p2|Froslass||Froslassite|CursedBody|Protect,Blizzard,AuroraVeil,ShadowBall|Modest||F|||50|]Sneasler||WhiteHerb|Unburden|Protect,CloseCombat,FakeOut,GunkShot|Adamant||M|||50|]Kingambit||LifeOrb|Defiant|KowtowCleave,SuckerPunch,SwordsDance,Protect|Adamant||M|||50|]Basculegion||SitrusBerry|Adaptability|Protect,WaveCrash,LastRespects,AquaJet|Adamant||M|||50|]Scovillain||Scovillainite|Moody|Protect,GigaDrain,Overheat,RagePowder|Bold||M|||50|]Lycanroc-Dusk||FocusSash|ToughClaws|Protect,Accelerock,RockSlide,CloseCombat|Adamant||F|||50|
|inactive|Battle timer is ON: inactive players will automatically lose when time's up. (requested by galloway2001)
|
|t:|1785690915
|teamsize|p1|4
|teamsize|p2|4
|start
|switch|p1a: Whimsicott|Whimsicott, L50, M|100/100
|switch|p1b: Basculegion|Basculegion, L50, M|100/100
|switch|p2a: Zara|Lycanroc-Dusk, L50, F|100/100
|switch|p2b: Nella|Froslass, L50, F|100/100
|turn|1
|
|t:|1785690931
|detailschange|p2b: Nella|Froslass-Mega, L50, F
|-mega|p2b: Nella|Froslass|Froslassite
|-weather|Snowscape|[from] ability: Snow Warning|[of] p2b: Nella
|move|p1b: Basculegion|Aqua Jet|p2a: Zara
|-supereffective|p2a: Zara|1
|-enditem|p2a: Zara|Focus Sash
|-damage|p2a: Zara|1/100
|-damage|p1b: Basculegion|90/100|[from] item: Life Orb
|move|p1a: Whimsicott|Moonblast|p2a: Zara
|-damage|p2a: Zara|0 fnt
|faint|p2a: Zara
|move|p2b: Nella|Blizzard|p1a: Whimsicott|[spread] p1a,p1b
|-supereffective|p1a: Whimsicott|1
|-resisted|p1b: Basculegion|1
|-enditem|p1a: Whimsicott|Focus Sash
|-damage|p1a: Whimsicott|1/100
|-damage|p1b: Basculegion|66/100
|
|-weather|Snowscape|[upkeep]
|upkeep
|
|t:|1785690946
|switch|p2a: Sneasler|Sneasler, L50, M|100/100
|turn|2
|
|t:|1785690961
|move|p1a: Whimsicott|Protect|p1a: Whimsicott
|-singleturn|p1a: Whimsicott|Protect
|move|p1b: Basculegion|Protect|p1b: Basculegion
|-singleturn|p1b: Basculegion|Protect
|move|p2b: Nella|Shadow Ball|p1b: Basculegion
|-activate|p1b: Basculegion|move: Protect
|move|p2a: Sneasler|Close Combat|p1a: Whimsicott
|-activate|p1a: Whimsicott|move: Protect
|
|-weather|Snowscape|[upkeep]
|upkeep
|turn|3
|
|t:|1785690975
|switch|p2a: Basculegion|Basculegion, L50, M|100/100
|move|p1a: Whimsicott|Tailwind|p1a: Whimsicott
|-sidestart|p1: galloway2001|move: Tailwind
|move|p1b: Basculegion|Wave Crash|p2a: Basculegion
|-resisted|p2a: Basculegion|1
|-damage|p2a: Basculegion|53/100
|-damage|p1b: Basculegion|49/100|[from] Recoil
|-damage|p1b: Basculegion|39/100|[from] item: Life Orb
|move|p2b: Nella|Shadow Ball|p1b: Basculegion
|-supereffective|p1b: Basculegion|1
|-damage|p1b: Basculegion|0 fnt
|faint|p1b: Basculegion
|
|-weather|Snowscape|[upkeep]
|upkeep
|
|t:|1785690984
|switch|p1b: Kingambit|Kingambit, L50, F|100/100
|turn|4
|
|t:|1785690999
|switch|p2a: Sneasler|Sneasler, L50, M|100/100
|move|p1a: Whimsicott|Encore|p2b: Nella
|-start|p2b: Nella|Encore
|move|p2b: Nella|Shadow Ball|p1b: Kingambit
|-resisted|p1b: Kingambit|1
|-damage|p1b: Kingambit|79/100
|move|p1b: Kingambit|Kowtow Cleave|p2a: Sneasler
|-resisted|p2a: Sneasler|1
|-damage|p2a: Sneasler|73/100
|
|-weather|Snowscape|[upkeep]
|upkeep
|turn|5
|
|t:|1785691016
|move|p1a: Whimsicott|Moonblast|p2a: Sneasler
|-damage|p2a: Sneasler|31/100
|move|p2b: Nella|Shadow Ball|p1a: Whimsicott
|-damage|p1a: Whimsicott|0 fnt
|faint|p1a: Whimsicott
|move|p2a: Sneasler|Close Combat|p1b: Kingambit
|-supereffective|p1b: Kingambit|2
|-enditem|p1b: Kingambit|Chople Berry|[eat]
|-enditem|p1b: Kingambit|Chople Berry|[weaken]
|-damage|p1b: Kingambit|0 fnt
|-unboost|p2a: Sneasler|def|1
|-unboost|p2a: Sneasler|spd|1
|faint|p1b: Kingambit
|-enditem|p2a: Sneasler|White Herb
|-clearnegativeboost|p2a: Sneasler|[silent]
|
|-weather|none
|upkeep
|
|t:|1785691026
|switch|p1b: Floette|Floette-Eternal, L50, F|100/100
|turn|6
|
|t:|1785691044
|switch|p2b: Basculegion|Basculegion, L50, M|53/100
|detailschange|p1b: Floette|Floette-Mega, L50, F
|-mega|p1b: Floette|Floette|Floettite
|-ability|p1b: Floette|Fairy Aura
|move|p2a: Sneasler|Protect|p2a: Sneasler
|-singleturn|p2a: Sneasler|Protect
|move|p1b: Floette|Dazzling Gleam|p2a: Sneasler|[spread] p2b
|-activate|p2a: Sneasler|move: Protect
|-damage|p2b: Basculegion|9/100
|-enditem|p2b: Basculegion|Sitrus Berry|[eat]
|-heal|p2b: Basculegion|34/100|[from] item: Sitrus Berry
|
|-sideend|p1: galloway2001|move: Tailwind
|upkeep
|turn|7
|
|t:|1785691057
|move|p2a: Sneasler|Gunk Shot|p1b: Floette
|-supereffective|p1b: Floette|1
|-damage|p1b: Floette|0 fnt
|faint|p1b: Floette
|
|win|8787878i
||galloway2001 is ready for game 3.
||8787878i is ready for game 3.
|uhtml|next|Next: Game 3 of 3
|l|☆8787878i
|player|p2|
