|j|☆Pressinblades
|j|☆Bay13
|html|PressinbladesBay13    
|uhtml|bestof|Game 3 of a best-of-3
|t:|1785812121
|gametype|doubles
|player|p1|Pressinblades|101|1108
|player|p2|Bay13|101|1104
|gen|9
|tier|[Gen 9 Champions] VGC 2026 Reg M-B (Bo3)
|rated|
|rule|Species Clause: Limit one of each Pokémon
|rule|Item Clause: Limit 1 of each item
|clearpoke
|poke|p1|Talonflame, L50, M|
|poke|p1|Garchomp, L50, F, shiny|
|poke|p1|Maushold, L50|
|poke|p1|Gardevoir, L50, F, shiny|
|poke|p1|Gyarados, L50, M, shiny|
|poke|p1|Metagross, L50, shiny|
|poke|p2|Raichu, L50, M|
|poke|p2|Farigiraf, L50, M|
|poke|p2|Basculegion, L50, M|
|poke|p2|Kingambit, L50, M|
|poke|p2|Golurk, L50|
|poke|p2|Heliolisk, L50, M|
|teampreview|4
|showteam|p1|Talonflame||SharpBeak|GaleWings|Protect,Tailwind,DualWingbeat,Overheat|Naive||M|||50|]Garchomp||LifeOrb|RoughSkin|Protect,RockSlide,Earthquake,StompingTantrum|Adamant||F|||50|]Maushold||FocusSash|FriendGuard|Protect,SuperFang,FollowMe,Encore|Timid|||||50|]Gardevoir||Gardevoirite|Telepathy|Protect,TrickRoom,HyperVoice,Psychic|Modest||F|||50|]Gyarados||Gyaradosite|Intimidate|Protect,DragonDance,Waterfall,Crunch|Jolly||M|||50|]Metagross||ColburBerry|ClearBody|Protect,BulletPunch,PsychicFangs,HammerArm|Adamant|||||50|
|showteam|p2|Raichu||RaichuniteY|LightningRod|FakeOut,FocusBlast,ZapCannon,Protect|Hasty||M|||50|]Farigiraf||SitrusBerry|ArmorTail|Psychic,Thunderbolt,TrickRoom,HelpingHand|Quiet||M|||50|]Basculegion||LifeOrb|Adaptability|WaveCrash,AquaJet,LastRespects,Protect|Jolly||M|||50|]Kingambit||ChopleBerry|Defiant|SuckerPunch,KowtowCleave,IronHead,Protect|Adamant||M|||50|]Golurk||Golurkite|NoGuard|HeadlongRush,DrainPunch,Poltergeist,Protect|Adamant|||||50|]Heliolisk||ChoiceScarf|DrySkin|Discharge,WeatherBall,Electroweb,GrassKnot|Timid||M|||50|
|l|☆Pressinblades
|player|p1|
|j|☆Pressinblades
|player|p1|Pressinblades|101|
|inactive|Battle timer is ON: inactive players will automatically lose when time's up. (requested by Bay13)
|
|t:|1785812198
|teamsize|p1|4
|teamsize|p2|4
|start
|switch|p1a: Metagross|Metagross, L50, shiny|100/100
|switch|p1b: Gyarados|Gyarados, L50, M, shiny|100/100
|switch|p2a: Farigiraf|Farigiraf, L50, M|100/100
|switch|p2b: Golurk|Golurk, L50|100/100
|-ability|p1b: Gyarados|Intimidate|boost
|-unboost|p2a: Farigiraf|atk|1
|-unboost|p2b: Golurk|atk|1
|turn|1
|
|t:|1785812208
|move|p1a: Metagross|Protect|p1a: Metagross
|-singleturn|p1a: Metagross|Protect
|move|p1b: Gyarados|Dragon Dance|p1b: Gyarados
|-boost|p1b: Gyarados|atk|1
|-boost|p1b: Gyarados|spe|1
|move|p2b: Golurk|Poltergeist|p1a: Metagross
|-activate|p1a: Metagross|move: Protect
|move|p2a: Farigiraf|Thunderbolt|p1b: Gyarados
|-supereffective|p1b: Gyarados|2
|-damage|p1b: Gyarados|0 fnt
|faint|p1b: Gyarados
|
|upkeep
|
|t:|1785812220
|switch|p1b: Gardevoir|Gardevoir, L50, F, shiny|100/100
|turn|2
|
|t:|1785812225
|detailschange|p1b: Gardevoir|Gardevoir-Mega, L50, F, shiny
|-mega|p1b: Gardevoir|Gardevoir|Gardevoirite
|move|p1a: Metagross|Psychic Fangs|p2b: Golurk
|-crit|p2b: Golurk
|-damage|p2b: Golurk|16/100
|move|p1b: Gardevoir|Hyper Voice|p2a: Farigiraf|[spread] p2a,p2b
|-damage|p2a: Farigiraf|48/100
|-damage|p2b: Golurk|0 fnt
|-enditem|p2a: Farigiraf|Sitrus Berry|[eat]
|-heal|p2a: Farigiraf|72/100|[from] item: Sitrus Berry
|faint|p2b: Golurk
|move|p2a: Farigiraf|Trick Room|p2a: Farigiraf
|-fieldstart|move: Trick Room|[of] p2a: Farigiraf
|
|upkeep
|
|t:|1785812233
|switch|p2b: Kingambit|Kingambit, L50, M|100/100
|turn|3
|
|t:|1785812247
|move|p1b: Gardevoir|Protect|p1b: Gardevoir
|-singleturn|p1b: Gardevoir|Protect
|move|p2b: Kingambit|Kowtow Cleave|p1a: Metagross
|-supereffective|p1a: Metagross|1
|-crit|p1a: Metagross
|-enditem|p1a: Metagross|Colbur Berry|[eat]
|-enditem|p1a: Metagross|Colbur Berry|[weaken]
|-damage|p1a: Metagross|37/100
|move|p2a: Farigiraf|Thunderbolt|p1a: Metagross
|-damage|p1a: Metagross|4/100
|-status|p1a: Metagross|par
|move|p1a: Metagross|Hammer Arm|p2b: Kingambit
|-supereffective|p2b: Kingambit|2
|-enditem|p2b: Kingambit|Chople Berry|[eat]
|-enditem|p2b: Kingambit|Chople Berry|[weaken]
|-damage|p2b: Kingambit|48/100
|-unboost|p1a: Metagross|spe|1
|
|upkeep
|turn|4
|
|t:|1785812268
|move|p1a: Metagross|Hammer Arm|p2b: Kingambit
|-supereffective|p2b: Kingambit|2
|-damage|p2b: Kingambit|0 fnt
|-unboost|p1a: Metagross|spe|1
|faint|p2b: Kingambit
|move|p2a: Farigiraf|Thunderbolt|p1a: Metagross
|-damage|p1a: Metagross|0 fnt
|faint|p1a: Metagross
|move|p1b: Gardevoir|Hyper Voice|p2a: Farigiraf
|-damage|p2a: Farigiraf|2/100
|
|upkeep
|
|t:|1785812280
|switch|p2b: Raichu|Raichu, L50, M|100/100
|switch|p1a: Garchomp|Garchomp, L50, F, shiny|100/100
|turn|5
|
|t:|1785812292
|detailschange|p2b: Raichu|Raichu-Mega-Y, L50, M
|-mega|p2b: Raichu|Raichu|Raichunite Y
|move|p2b: Raichu|Protect|p2b: Raichu
|-singleturn|p2b: Raichu|Protect
|move|p2a: Farigiraf|Psychic|p1a: Garchomp
|-damage|p1a: Garchomp|44/100
|move|p1b: Gardevoir|Hyper Voice|p2a: Farigiraf|[spread] p2a
|-activate|p2b: Raichu|move: Protect
|-damage|p2a: Farigiraf|0 fnt
|faint|p2a: Farigiraf
|move|p1a: Garchomp|Stomping Tantrum|p2b: Raichu
|-activate|p2b: Raichu|move: Protect
|
|upkeep
|turn|6
|
|t:|1785812305
|move|p2b: Raichu|Protect||[still]
|-fail|p2b: Raichu
|move|p1b: Gardevoir|Hyper Voice|p2b: Raichu
|-damage|p2b: Raichu|0 fnt
|faint|p2b: Raichu
|
|win|Pressinblades
|raw|Pressinblades's rating: 1108 → 1133(+25 for winning)
|raw|Bay13's rating: 1104 → 1079(-25 for losing)
