|j|вҳҶ2whitefl
|j|вҳҶGyra78
|html|2whiteflGyra78    
|uhtml|bestof|Game 2 of a best-of-3
|t:|1756175573
|gametype|doubles
|player|p1|2whitefl|blue|1240
|player|p2|Gyra78|volkner|1256
|gen|9
|tier|[Gen 9] VGC 2025 Reg H (Bo3)
|rated|
|rule|Species Clause: Limit one of each PokГ©mon
|rule|Item Clause: Limit 1 of each item
|clearpoke
|poke|p1|Basculegion, L50, M|
|poke|p1|Archaludon, L50, M|
|poke|p1|Incineroar, L50, F|
|poke|p1|Gholdengo, L50|
|poke|p1|Rillaboom, L50, F|
|poke|p1|Pelipper, L50, M|
|poke|p2|Basculegion, L50, M|
|poke|p2|Pelipper, L50, M|
|poke|p2|Archaludon, L50, M|
|poke|p2|Incineroar, L50, M|
|poke|p2|Gholdengo, L50|
|poke|p2|Amoonguss, L50, M|
|teampreview|4
|showteam|p1|Basculegion||ChoiceScarf|Adaptability|LastRespects,WaveCrash,AquaJet,FlipTurn|||M|||50|,,,,,Water]Archaludon||AssaultVest|Stamina|DracoMeteor,ElectroShot,BodyPress,FlashCannon|||M|||50|,,,,,Grass]Incineroar||SafetyGoggles|Intimidate|FakeOut,KnockOff,FlareBlitz,PartingShot|||F|||50|,,,,,Water]Gholdengo||LifeOrb|GoodasGold|MakeItRain,ShadowBall,NastyPlot,Protect||||||50|,,,,,Water]Rillaboom||ClearAmulet|GrassySurge|FakeOut,GrassyGlide,WoodHammer,Uturn|||F|||50|,,,,,Fire]Pelipper||FocusSash|Drizzle|Hurricane,MuddyWater,Tailwind,Protect|||M|||50|,,,,,Ghost
|showteam|p2|Basculegion||LifeOrb|SwiftSwim|WaveCrash,LastRespects,Protect,FlipTurn|||M|||50|,,,,,Grass]Pelipper||FocusSash|Drizzle|Protect,Hurricane,WeatherBall,Tailwind|||M|||50|,,,,,Ghost]Archaludon||AssaultVest|Stamina|ElectroShot,DracoMeteor,Snarl,BodyPress|||M|||50|,,,,,Grass]Incineroar||SafetyGoggles|Intimidate|FakeOut,PartingShot,Taunt,KnockOff|||M|||50|,,,,,Bug]Gholdengo||SitrusBerry|GoodasGold|MakeItRain,ShadowBall,NastyPlot,Protect||||||50|,,,,,Flying]Amoonguss||RockyHelmet|Regenerator|Spore,RagePowder,PollenPuff,Protect|||M|||50|,,,,,Water
|inactive|Battle timer is ON: inactive players will automatically lose when time's up. (requested by Gyra78)
|inactive|2whitefl also wants the timer to be on.
|inactive|Gyra78 has 60 seconds left.
|
|t:|1756175627
|teamsize|p1|4
|teamsize|p2|4
|start
|switch|p1a: Archaludon|Archaludon, L50, M|100/100
|switch|p1b: Basculegion|Basculegion, L50, M|100/100
|switch|p2a: PennyBoard|Gholdengo, L50, shiny|100/100
|switch|p2b: Tarik Skubal|Incineroar, L50, M, shiny|100/100
|-ability|p2b: Tarik Skubal|Intimidate|boost
|-unboost|p1a: Archaludon|atk|1
|-unboost|p1b: Basculegion|atk|1
|turn|1
|
|t:|1756175649
|move|p1b: Basculegion|Flip Turn|p2b: Tarik Skubal
|-supereffective|p2b: Tarik Skubal
|-damage|p2b: Tarik Skubal|55/100
|
|t:|1756175655
|switch|p1b: Pelipper|Pelipper, L50, M|100/100|[from] Flip Turn
|-weather|RainDance|[from] ability: Drizzle|[of] p1b: Pelipper
|move|p1a: Archaludon|Electro Shot||[still]
|-prepare|p1a: Archaludon|Electro Shot
|-boost|p1a: Archaludon|spa|1
|-anim|p1a: Archaludon|Electro Shot|p2a: PennyBoard
|-damage|p2a: PennyBoard|47/100
|-enditem|p2a: PennyBoard|Sitrus Berry|[eat]
|-heal|p2a: PennyBoard|71/100|[from] item: Sitrus Berry
|move|p2a: PennyBoard|Nasty Plot|p2a: PennyBoard
|-boost|p2a: PennyBoard|spa|2
|move|p2b: Tarik Skubal|Parting Shot|p1a: Archaludon
|-unboost|p1a: Archaludon|atk|1
|-unboost|p1a: Archaludon|spa|1
|
|t:|1756175672
|switch|p2b: ACвҡЎпёҺDC|Archaludon, L50, M, shiny|100/100|[from] Parting Shot
|
|-weather|RainDance|[upkeep]
|upkeep
|turn|2
|inactive|2whitefl has 30 seconds left.
|
|t:|1756175701
|move|p1b: Pelipper|Hurricane|p2a: PennyBoard
|-resisted|p2a: PennyBoard
|-damage|p2a: PennyBoard|47/100
|-start|p2a: PennyBoard|confusion
|move|p1a: Archaludon|Electro Shot||[still]
|-prepare|p1a: Archaludon|Electro Shot
|-boost|p1a: Archaludon|spa|1
|-anim|p1a: Archaludon|Electro Shot|p2a: PennyBoard
|-damage|p2a: PennyBoard|0 fnt
|faint|p2a: PennyBoard
|move|p2b: ACвҡЎпёҺDC|Snarl|p1a: Archaludon|[spread] p1a,p1b
|-damage|p1a: Archaludon|91/100
|-damage|p1b: Pelipper|73/100
|-unboost|p1a: Archaludon|spa|1
|-unboost|p1b: Pelipper|spa|1
|-ability|p1a: Archaludon|Stamina|boost
|-boost|p1a: Archaludon|def|1
|
|-weather|RainDance|[upkeep]
|upkeep
|
|t:|1756175714
|switch|p2a: Davy Jones|Basculegion, L50, M, shiny|100/100
|turn|3
|
|t:|1756175737
|-terastallize|p2a: Davy Jones|Grass
|move|p2a: Davy Jones|Last Respects|p1b: Pelipper
|-damage|p1b: Pelipper|0 fnt
|faint|p1b: Pelipper
|-damage|p2a: Davy Jones|90/100|[from] item: Life Orb
|move|p1a: Archaludon|Electro Shot||[still]
|-prepare|p1a: Archaludon|Electro Shot
|-boost|p1a: Archaludon|spa|1
|-anim|p1a: Archaludon|Electro Shot|p2a: Davy Jones
|-resisted|p2a: Davy Jones
|-damage|p2a: Davy Jones|61/100
|move|p2b: ACвҡЎпёҺDC|Draco Meteor|p1a: Archaludon
|-damage|p1a: Archaludon|45/100
|-unboost|p2b: ACвҡЎпёҺDC|spa|2
|-ability|p1a: Archaludon|Stamina|boost
|-boost|p1a: Archaludon|def|1
|
|-weather|RainDance|[upkeep]
|upkeep
|
|t:|1756175755
|switch|p1b: Gholdengo|Gholdengo, L50|100/100
|turn|4
|inactive|2whitefl has 30 seconds left.
|
|t:|1756175788
|switch|p2b: Tarik Skubal|Incineroar, L50, M, shiny|55/100
|-ability|p2b: Tarik Skubal|Intimidate|boost
|-unboost|p1a: Archaludon|atk|1
|-unboost|p1b: Gholdengo|atk|1
|-terastallize|p1b: Gholdengo|Water
|move|p2a: Davy Jones|Flip Turn|p1a: Archaludon
|-resisted|p1a: Archaludon
|-damage|p1a: Archaludon|35/100
|-ability|p1a: Archaludon|Stamina|boost
|-boost|p1a: Archaludon|def|1
|-damage|p2a: Davy Jones|51/100|[from] item: Life Orb
|
|t:|1756175799
|switch|p2a: ACвҡЎпёҺDC|Archaludon, L50, M, shiny|100/100|[from] Flip Turn
|move|p1b: Gholdengo|Shadow Ball|p2a: ACвҡЎпёҺDC
|-damage|p2a: ACвҡЎпёҺDC|63/100
|-unboost|p2a: ACвҡЎпёҺDC|spd|1
|-ability|p2a: ACвҡЎпёҺDC|Stamina|boost
|-boost|p2a: ACвҡЎпёҺDC|def|1
|-damage|p1b: Gholdengo|91/100|[from] item: Life Orb
|move|p1a: Archaludon|Body Press|p2b: Tarik Skubal
|-supereffective|p2b: Tarik Skubal
|-damage|p2b: Tarik Skubal|0 fnt
|faint|p2b: Tarik Skubal
|
|-weather|RainDance|[upkeep]
|upkeep
|
|t:|1756175810
|switch|p2b: Davy Jones|Basculegion, L50, M, shiny, tera:Grass|51/100
|turn|5
|
|t:|1756175819
|move|p2b: Davy Jones|Last Respects|p1a: Archaludon
|-damage|p1a: Archaludon|9/100
|-ability|p1a: Archaludon|Stamina|boost
|-boost|p1a: Archaludon|def|1
|-damage|p2b: Davy Jones|41/100|[from] item: Life Orb
|move|p1b: Gholdengo|Shadow Ball|p2a: ACвҡЎпёҺDC
|-damage|p2a: ACвҡЎпёҺDC|3/100
|-ability|p2a: ACвҡЎпёҺDC|Stamina|boost
|-boost|p2a: ACвҡЎпёҺDC|def|1
|-damage|p1b: Gholdengo|82/100|[from] item: Life Orb
|move|p1a: Archaludon|Body Press|p2a: ACвҡЎпёҺDC
|-supereffective|p2a: ACвҡЎпёҺDC
|-damage|p2a: ACвҡЎпёҺDC|0 fnt
|faint|p2a: ACвҡЎпёҺDC
|
|-weather|none
|upkeep
|turn|6
|
|t:|1756175837
|move|p1b: Gholdengo|Shadow Ball|p2b: Davy Jones
|-damage|p2b: Davy Jones|0 fnt
|faint|p2b: Davy Jones
|-damage|p1b: Gholdengo|72/100|[from] item: Life Orb
|
|win|2whitefl
||Gyra78 is ready for game 3.
||2whitefl is ready for game 3.
|uhtml|next|Next: Game 3 of 3
