|j|☆Punihina
|j|☆Ederzuri
|html|PunihinaEderzuri    
|uhtml|bestof|Game 3 of a best-of-3
|t:|1784597106
|gametype|doubles
|player|p1|Punihina|lacey|1354
|player|p2|Ederzuri|bugsy|1396
|gen|9
|tier|[Gen 9 Champions] VGC 2026 Reg M-B (Bo3)
|rated|
|rule|Species Clause: Limit one of each Pokémon
|rule|Item Clause: Limit 1 of each item
|clearpoke
|poke|p1|Charizard, L50, M|
|poke|p1|Incineroar, L50, M|
|poke|p1|Garchomp, L50, F|
|poke|p1|Farigiraf, L50, M|
|poke|p1|Mawile, L50, M|
|poke|p1|Basculegion, L50, M|
|poke|p2|Froslass, L50, F|
|poke|p2|Dragonite, L50, M|
|poke|p2|Toxapex, L50, F|
|poke|p2|Sneasler, L50, M|
|poke|p2|Kingambit, L50, M|
|poke|p2|Blaziken, L50, M|
|teampreview|4
|showteam|p1|Charizard||CharizarditeY|Blaze|HeatWave,WeatherBall,Protect,SolarBeam|Modest||M|||50|]Incineroar||PasshoBerry|Intimidate|FakeOut,ThroatChop,FlareBlitz,PartingShot|Careful||M|||50|]Garchomp||LifeOrb|RoughSkin|StompingTantrum,DragonClaw,RockSlide,Protect|Jolly||F|||50|]Farigiraf||SitrusBerry|ArmorTail|TwinBeam,TrickRoom,Thunderbolt,HelpingHand|Modest||M|||50|]Mawile||Mawilite|HyperCutter|PlayRough,IronHead,SuckerPunch,Protect|Adamant||M|||50|]Basculegion||ChoiceScarf|Adaptability|WaveCrash,LastRespects,FlipTurn,AquaJet|Jolly||M|||50|
|showteam|p2|Froslass||Froslassite|CursedBody|Blizzard,ShadowBall,AuroraVeil,Protect|Timid||F|||50|]Dragonite||LifeOrb|InnerFocus|DragonClaw,ExtremeSpeed,LowKick,Protect|Adamant||M|||50|]Toxapex||Leftovers|Regenerator|Infestation,Toxic,WideGuard,BanefulBunker|Bold||F|||50|]Sneasler||FocusSash|PoisonTouch|CloseCombat,PoisonJab,FakeOut,Protect|Jolly||M|||50|]Kingambit||BlackGlasses|Defiant|KowtowCleave,IronHead,SuckerPunch,Protect|Adamant||M|||50|]Blaziken||Blazikenite|SpeedBoost|CloseCombat,FlareBlitz,RockTomb,Protect|Adamant||M|||50|
|inactive|Battle timer is ON: inactive players will automatically lose when time's up. (requested by Ederzuri)
|inactive|Punihina has 60 seconds left.
|inactive|Ederzuri has 60 seconds left.
|
|t:|1784597154
|teamsize|p1|4
|teamsize|p2|4
|start
|switch|p1a: Farigiraf|Farigiraf, L50, M|100/100
|switch|p1b: Mawile|Mawile, L50, M|100/100
|switch|p2a: Kingambit|Kingambit, L50, M|100/100
|switch|p2b: Sneasler|Sneasler, L50, M|100/100
|turn|1
|inactive|Punihina has 30 seconds left.
|inactive|Punihina has 20 seconds left.
|inactive|Punihina has 15 seconds left.
|
|t:|1784597199
|detailschange|p1b: Mawile|Mawile-Mega, L50, M
|-mega|p1b: Mawile|Mawile|Mawilite
|move|p2b: Sneasler|Close Combat|p1b: Mawile
|-damage|p1b: Mawile|40/100
|-unboost|p2b: Sneasler|def|1
|-unboost|p2b: Sneasler|spd|1
|move|p1a: Farigiraf|Twin Beam|p2b: Sneasler
|-supereffective|p2b: Sneasler|2
|-enditem|p2b: Sneasler|Focus Sash
|-damage|p2b: Sneasler|1/100
|-supereffective|p2b: Sneasler|2
|-damage|p2b: Sneasler|0 fnt
|faint|p2b: Sneasler
|-hitcount|p2: Sneasler|2
|move|p2a: Kingambit|Kowtow Cleave|p1a: Farigiraf
|-supereffective|p1a: Farigiraf|1
|-damage|p1a: Farigiraf|0 fnt
|faint|p1a: Farigiraf
|move|p1b: Mawile|Play Rough|p2a: Kingambit
|-damage|p2a: Kingambit|33/100
|
|upkeep
|
|t:|1784597212
|switch|p2b: Blaziken|Blaziken, L50, M|100/100
|switch|p1a: Garchomp|Garchomp, L50, F|100/100
|turn|2
|
|t:|1784597223
|switch|p1b: Basculegion|Basculegion, L50, M|100/100
|detailschange|p2b: Blaziken|Blaziken-Mega, L50, M
|-mega|p2b: Blaziken|Blaziken|Blazikenite
|move|p2b: Blaziken|Protect|p2b: Blaziken
|-singleturn|p2b: Blaziken|Protect
|move|p2a: Kingambit|Protect|p2a: Kingambit
|-singleturn|p2a: Kingambit|Protect
|move|p1a: Garchomp|Stomping Tantrum|p2a: Kingambit
|-activate|p2a: Kingambit|move: Protect
|
|-ability|p2b: Blaziken|Speed Boost|boost
|-boost|p2b: Blaziken|spe|1
|upkeep
|turn|3
|
|t:|1784597241
|move|p1a: Garchomp|Protect|p1a: Garchomp
|-singleturn|p1a: Garchomp|Protect
|move|p1b: Basculegion|Aqua Jet|p2b: Blaziken
|-supereffective|p2b: Blaziken|1
|-damage|p2b: Blaziken|37/100
|move|p2a: Kingambit|Sucker Punch||[still]
|-fail|p2a: Kingambit
|move|p2b: Blaziken|Close Combat|p1a: Garchomp
|-activate|p1a: Garchomp|move: Protect
|
|-ability|p2b: Blaziken|Speed Boost|boost
|-boost|p2b: Blaziken|spe|1
|upkeep
|turn|4
|inactive|Ederzuri has 30 seconds left.
|
|t:|1784597275
|switch|p2b: Dragonite|Dragonite, L50, M|100/100
|move|p1b: Basculegion|Aqua Jet|p2b: Dragonite
|-resisted|p2b: Dragonite|1
|-damage|p2b: Dragonite|88/100
|move|p2a: Kingambit|Sucker Punch|p1a: Garchomp
|-damage|p1a: Garchomp|49/100
|-damage|p2a: Kingambit|21/100|[from] ability: Rough Skin|[of] p1a: Garchomp
|move|p1a: Garchomp|Stomping Tantrum|p2a: Kingambit
|-supereffective|p2a: Kingambit|1
|-damage|p2a: Kingambit|0 fnt
|faint|p2a: Kingambit
|-damage|p1a: Garchomp|39/100|[from] item: Life Orb
|
|upkeep
|
|t:|1784597286
|switch|p2a: Blaziken|Blaziken-Mega, L50, M|37/100
|turn|5
|
|t:|1784597295
|move|p2a: Blaziken|Protect|p2a: Blaziken
|-singleturn|p2a: Blaziken|Protect
|move|p2b: Dragonite|Extreme Speed|p1a: Garchomp
|-damage|p1a: Garchomp|0 fnt
|-damage|p2b: Dragonite|76/100|[from] ability: Rough Skin|[of] p1a: Garchomp
|faint|p1a: Garchomp
|-damage|p2b: Dragonite|66/100|[from] item: Life Orb
|move|p1b: Basculegion|Aqua Jet|p2a: Blaziken
|-activate|p2a: Blaziken|move: Protect
|
|-ability|p2a: Blaziken|Speed Boost|boost
|-boost|p2a: Blaziken|spe|1
|upkeep
|
|t:|1784597302
|switch|p1a: Mawile|Mawile-Mega, L50, M|40/100
|turn|6
|
|t:|1784597318
|move|p1a: Mawile|Protect|p1a: Mawile
|-singleturn|p1a: Mawile|Protect
|move|p1b: Basculegion|Aqua Jet|p2a: Blaziken
|-supereffective|p2a: Blaziken|1
|-damage|p2a: Blaziken|0 fnt
|faint|p2a: Blaziken
|move|p2b: Dragonite|Low Kick|p1a: Mawile
|-activate|p1a: Mawile|move: Protect
|
|upkeep
|turn|7
|
|t:|1784597327
|move|p1b: Basculegion|Aqua Jet|p2b: Dragonite
|-resisted|p2b: Dragonite|1
|-damage|p2b: Dragonite|54/100
|move|p1a: Mawile|Sucker Punch|p2b: Dragonite
|-damage|p2b: Dragonite|14/100
|move|p2b: Dragonite|Low Kick|p1a: Mawile
|-damage|p1a: Mawile|19/100
|-damage|p2b: Dragonite|4/100|[from] item: Life Orb
|
|upkeep
|turn|8
|
|t:|1784597342
|move|p2b: Dragonite|Extreme Speed|p1a: Mawile
|-resisted|p1a: Mawile|1
|-damage|p1a: Mawile|0 fnt
|faint|p1a: Mawile
|-damage|p2b: Dragonite|0 fnt|[from] item: Life Orb
|faint|p2b: Dragonite
|
|win|Punihina
|raw|Punihina's rating: 1354 → 1376(+22 for winning)
|raw|Ederzuri's rating: 1396 → 1374(-22 for losing)
|c|☆Ederzuri|Ggs
|c|☆Punihina|ggs
|l|☆Ederzuri
|player|p2|
|l|☆Punihina
|player|p1|
|j|☆Punihina
|player|p1|Punihina|lacey|
