|j|☆RagCheese
|j|☆UmamusumeDerby
|html|RagCheeseUmamusumeDerby    
|uhtml|bestof|Game 2 of a best-of-3
|t:|1757801324
|gametype|doubles
|player|p1|RagCheese|bellelba|1119
|player|p2|UmamusumeDerby|bugcatcher-gen4dp|1117
|gen|9
|tier|[Gen 9] VGC 2025 Reg H (Bo3)
|rated|
|rule|Species Clause: Limit one of each Pokémon
|rule|Item Clause: Limit 1 of each item
|clearpoke
|poke|p1|Tyranitar, L50, F|
|poke|p1|Gholdengo, L50|
|poke|p1|Salamence, L50, F|
|poke|p1|Gallade, L50, M|
|poke|p1|Whimsicott, L50, F|
|poke|p1|Clefairy, L50, F|
|poke|p2|Ninetales-Alola, L50, F|
|poke|p2|Archaludon, L50, F|
|poke|p2|Gholdengo, L50|
|poke|p2|Salamence, L50, F|
|teampreview|4
|showteam|p1|Tyranitar||ClearAmulet|SandStream|Protect,DragonDance,KnockOff,RockSlide|||F|||50|,,,,,Ghost]Gholdengo||AirBalloon|GoodasGold|Protect,NastyPlot,MakeItRain,ShadowBall||||||50|,,,,,Ghost]Salamence||SitrusBerry|Intimidate|DualWingbeat,Earthquake,Tailwind,DracoMeteor|||F|||50|,,,,,Ground]Gallade||ChoiceScarf|Sharpness|Coaching,PsychoCut,IcyWind,Trick|||M|||50|,,,,,Fairy]Whimsicott||CovertCloak|Prankster|LightScreen,Tailwind,Moonblast,Encore|||F|||50|,,,,,Dark]Clefairy||Eviolite|FriendGuard|FollowMe,AfterYou,HelpingHand,Protect|||F|||50|,,,,,Fairy
|showteam|p2|Ninetales-Alola||CovertCloak|SnowWarning|FakeTears,AuroraVeil,Blizzard,FreezeDry|||F|||50|,,,,,Water]Archaludon||PowerHerb|Sturdy|ElectroShot,DracoMeteor,Thunderbolt,Protect|||F|||50|,,,,,Electric]Gholdengo||ChoiceSpecs|GoodasGold|MakeItRain,ShadowBall,Trick,Protect||||||50|,,,,,Water]Salamence||LifeOrb|Intimidate|AirSlash,DracoMeteor,Tailwind,Protect|||F|||50|,,,,,Fairy
|
|t:|1757801373
|teamsize|p1|4
|teamsize|p2|4
|start
|switch|p1a: Tyranitar|Tyranitar, L50, F|100/100
|switch|p1b: Whimsicott|Whimsicott, L50, F|100/100
|switch|p2a: Gholdengo|Gholdengo, L50|100/100
|switch|p2b: Ninetales|Ninetales-Alola, L50, F|100/100
|-weather|Snowscape|[from] ability: Snow Warning|[of] p2b: Ninetales
|-weather|Sandstorm|[from] ability: Sand Stream|[of] p1a: Tyranitar
|turn|1
|
|t:|1757801424
|switch|p2b: Archaludon|Archaludon, L50, F, shiny|100/100
|-terastallize|p2a: Gholdengo|Water
|-terastallize|p1a: Tyranitar|Ghost
|move|p1b: Whimsicott|Light Screen|p1b: Whimsicott
|-sidestart|p1: RagCheese|move: Light Screen
|move|p2a: Gholdengo|Make It Rain|p1b: Whimsicott|[spread] p1a,p1b
|-supereffective|p1b: Whimsicott
|-crit|p1b: Whimsicott
|-damage|p1a: Tyranitar|56/100
|-damage|p1b: Whimsicott|0 fnt
|-unboost|p2a: Gholdengo|spa|1
|faint|p1b: Whimsicott
|move|p1a: Tyranitar|Dragon Dance|p1a: Tyranitar
|-boost|p1a: Tyranitar|atk|1
|-boost|p1a: Tyranitar|spe|1
|
|-weather|Sandstorm|[upkeep]
|-damage|p2a: Gholdengo|94/100|[from] Sandstorm
|-damage|p1a: Tyranitar|50/100|[from] Sandstorm
|upkeep
|
|t:|1757801456
|switch|p1b: Clefairy|Clefairy, L50, F|100/100
|turn|2
|
|t:|1757801464
|move|p1b: Clefairy|Follow Me|p1b: Clefairy
|-singleturn|p1b: Clefairy|move: Follow Me
|move|p2b: Archaludon|Electro Shot||[still]
|-prepare|p2b: Archaludon|Electro Shot
|-boost|p2b: Archaludon|spa|1
|-enditem|p2b: Archaludon|Power Herb
|-anim|p2b: Archaludon|Electro Shot|p1b: Clefairy
|-damage|p1b: Clefairy|65/100
|move|p2a: Gholdengo|Make It Rain|p1b: Clefairy|[spread] p1a,p1b
|-supereffective|p1b: Clefairy
|-damage|p1a: Tyranitar|28/100
|-damage|p1b: Clefairy|12/100
|-unboost|p2a: Gholdengo|spa|1
|move|p1a: Tyranitar|Rock Slide|p2a: Gholdengo|[spread] p2a,p2b
|-resisted|p2b: Archaludon
|-damage|p2a: Gholdengo|41/100
|-damage|p2b: Archaludon|79/100
|
|-weather|Sandstorm|[upkeep]
|-damage|p2a: Gholdengo|35/100|[from] Sandstorm
|-damage|p1a: Tyranitar|22/100|[from] Sandstorm
|-damage|p1b: Clefairy|6/100|[from] Sandstorm
|upkeep
|turn|3
|
|t:|1757801498
|move|p1b: Clefairy|Follow Me|p1b: Clefairy
|-singleturn|p1b: Clefairy|move: Follow Me
|move|p2b: Archaludon|Thunderbolt|p1b: Clefairy
|-damage|p1b: Clefairy|0 fnt
|faint|p1b: Clefairy
|move|p2a: Gholdengo|Make It Rain|p1a: Tyranitar
|-damage|p1a: Tyranitar|0 fnt
|-unboost|p2a: Gholdengo|spa|1
|faint|p1a: Tyranitar
|
|-weather|Sandstorm|[upkeep]
|-damage|p2a: Gholdengo|29/100|[from] Sandstorm
|upkeep
|
|t:|1757801511
|switch|p1b: Gholdengo|Gholdengo, L50|100/100
|-item|p1b: Gholdengo|Air Balloon
|turn|4
|
|t:|1757801522
|switch|p2a: Salamence|Salamence, L50, F|100/100
|-ability|p2a: Salamence|Intimidate|boost
|-unboost|p1b: Gholdengo|atk|1
|move|p2b: Archaludon|Thunderbolt|p1b: Gholdengo
|-damage|p1b: Gholdengo|67/100
|-enditem|p1b: Gholdengo|Air Balloon
|move|p1b: Gholdengo|Shadow Ball|p2b: Archaludon
|-damage|p2b: Archaludon|15/100
|
|-weather|Sandstorm|[upkeep]
|-damage|p2a: Salamence|95/100|[from] Sandstorm
|upkeep
|turn|5
|-message|RagCheese forfeited.
|
|win|UmamusumeDerby
|raw|RagCheese's rating: 1119 → 1094(-25 for losing)
|raw|UmamusumeDerby's rating: 1117 → 1142(+25 for winning)
