|j|☆3rdPlaceTennis
|j|☆matrod
|html|3rdPlaceTennismatrod    
|uhtml|bestof|Game 1 of a best-of-3
|t:|1756686822
|gametype|doubles
|player|p1|3rdPlaceTennis|bugcatcher-gen4dp|1110
|player|p2|matrod|steven|1220
|gen|9
|tier|[Gen 9] VGC 2025 Reg H (Bo3)
|rated|
|rule|Species Clause: Limit one of each Pokémon
|rule|Item Clause: Limit 1 of each item
|clearpoke
|poke|p1|Dragonite, L50, M|
|poke|p1|Gholdengo, L50|
|poke|p1|Rillaboom, L50, F|
|poke|p1|Ursaluna-Bloodmoon, L50, M|
|poke|p1|Maushold-Four, L50|
|poke|p1|Annihilape, L50, F|
|poke|p2|Politoed, L50, M|
|poke|p2|Gothitelle, L50, F|
|poke|p2|Kingdra, L50, M|
|poke|p2|Archaludon, L50, M|
|poke|p2|Amoonguss, L50, M|
|poke|p2|Incineroar, L50, M|
|teampreview|4
|showteam|p1|Dragonite||LoadedDice|Multiscale|Tailwind,Haze,Protect,ScaleShot|||M|||50|,,,,,Fairy]Gholdengo||LifeOrb|GoodasGold|MakeItRain,ShadowBall,NastyPlot,Protect||||||50|,,,,,Water]Rillaboom||MiracleSeed|GrassySurge|WoodHammer,GrassyGlide,FakeOut,HighHorsepower|||F|||50|,,,,,Fire]Ursaluna-Bloodmoon||AssaultVest|MindsEye|BloodMoon,EarthPower,VacuumWave,HyperVoice|||M|||50|,,,,,Water]Maushold-Four||FocusSash|FriendGuard|SuperFang,FollowMe,BeatUp,Protect||||||50|,,,,,Ghost]Annihilape||SitrusBerry|Defiant|RageFist,DrainPunch,BulkUp,Protect|||F|||50|,,,,,Fire
|showteam|p2|Politoed||Leftovers|Drizzle|WeatherBall,PerishSong,Encore,Protect|||M|||50|,,,,,Grass]Gothitelle||SitrusBerry|ShadowTag|FakeOut,TrickRoom,Psychic,Protect|||F|||50|,,,,,Dark]Kingdra||LifeOrb|SwiftSwim|WeatherBall,DracoMeteor,MuddyWater,Protect|||M|||50|,,,,,Stellar]Archaludon||PowerHerb|Sturdy|ElectroShot,DragonPulse,Thunderbolt,Protect|||M|||50|,,,,,Electric]Amoonguss||EjectButton|Regenerator|Spore,RagePowder,PollenPuff,Protect|||M|||50|,,,,,Fairy]Incineroar||SafetyGoggles|Intimidate|KnockOff,FakeOut,PartingShot,Protect|||M|||50|,,,,,Ghost
|inactive|Battle timer is ON: inactive players will automatically lose when time's up. (requested by matrod)
|inactive|matrod has 60 seconds left.
|inactive|matrod has 30 seconds left.
|
|t:|1756686972
|teamsize|p1|4
|teamsize|p2|4
|start
|switch|p1a: Maushold|Maushold-Four, L50|100/100
|switch|p1b: Annihilape|Annihilape, L50, F|100/100
|switch|p2a: Archaludon|Archaludon, L50, M|100/100
|switch|p2b: Amoonguss|Amoonguss, L50, M|100/100
|turn|1
|inactive|matrod has 30 seconds left.
|
|t:|1756686998
|move|p1a: Maushold|Beat Up|p1b: Annihilape
|-damage|p1b: Annihilape|99/100
|-damage|p1b: Annihilape|96/100
|-damage|p1b: Annihilape|94/100
|-damage|p1b: Annihilape|92/100
|-hitcount|p1b: Annihilape|4
|move|p2a: Archaludon|Electro Shot||[still]
|-prepare|p2a: Archaludon|Electro Shot
|-boost|p2a: Archaludon|spa|1
|-enditem|p2a: Archaludon|Power Herb
|-anim|p2a: Archaludon|Electro Shot|p1a: Maushold
|-damage|p1a: Maushold|15/100
|move|p1b: Annihilape|Rage Fist|p2b: Amoonguss
|-damage|p2b: Amoonguss|17/100
|-enditem|p2b: Amoonguss|Eject Button
|
|t:|1756687019
|switch|p2b: Kingdra|Kingdra, L50, M|100/100
|
|upkeep
|turn|2
|
|t:|1756687036
|move|p1b: Annihilape|Protect|p1b: Annihilape
|-singleturn|p1b: Annihilape|Protect
|move|p2b: Kingdra|Protect|p2b: Kingdra
|-singleturn|p2b: Kingdra|Protect
|move|p1a: Maushold|Beat Up|p2a: Archaludon
|-damage|p2a: Archaludon|98/100
|-damage|p2a: Archaludon|95/100
|-damage|p2a: Archaludon|93/100
|-damage|p2a: Archaludon|90/100
|-hitcount|p2a: Archaludon|4
|move|p2a: Archaludon|Thunderbolt|p1a: Maushold
|-damage|p1a: Maushold|0 fnt
|faint|p1a: Maushold
|
|upkeep
|
|t:|1756687048
|switch|p1a: Ursaluna|Ursaluna-Bloodmoon, L50, M|100/100
|turn|3
|inactive|matrod has 30 seconds left.
|
|t:|1756687075
|switch|p2a: Politoed|Politoed, L50, M|100/100
|-weather|RainDance|[from] ability: Drizzle|[of] p2a: Politoed
|-terastallize|p2b: Kingdra|Stellar
|-terastallize|p1a: Ursaluna|Water
|move|p2b: Kingdra|Weather Ball|p1b: Annihilape
|-damage|p1b: Annihilape|0 fnt
|faint|p1b: Annihilape
|-damage|p2b: Kingdra|91/100|[from] item: Life Orb
|move|p1a: Ursaluna|Hyper Voice|p2b: Kingdra|[spread] p2a,p2b
|-damage|p2a: Politoed|73/100
|-damage|p2b: Kingdra|44/100
|
|-weather|RainDance|[upkeep]
|-heal|p2a: Politoed|79/100|[from] item: Leftovers
|upkeep
|
|t:|1756687084
|switch|p1b: Gholdengo|Gholdengo, L50|100/100
|turn|4
|
|t:|1756687105
|move|p2b: Kingdra|Protect|p2b: Kingdra
|-singleturn|p2b: Kingdra|Protect
|move|p1b: Gholdengo|Shadow Ball|p2a: Politoed
|-damage|p2a: Politoed|41/100
|-damage|p1b: Gholdengo|91/100|[from] item: Life Orb
|move|p2a: Politoed|Perish Song|p2a: Politoed
|-start|p1a: Ursaluna|perish3|[silent]
|-immune|p1b: Gholdengo|[from] ability: Good as Gold
|-start|p2a: Politoed|perish3|[silent]
|-start|p2b: Kingdra|perish3|[silent]
|-fieldactivate|move: Perish Song
|move|p1a: Ursaluna|Hyper Voice|p2a: Politoed|[spread] p2a
|-activate|p2b: Kingdra|move: Protect
|-damage|p2a: Politoed|15/100
|
|-weather|RainDance|[upkeep]
|-heal|p2a: Politoed|21/100|[from] item: Leftovers
|-start|p2b: Kingdra|perish3
|-start|p2a: Politoed|perish3
|-start|p1a: Ursaluna|perish3
|upkeep
|turn|5
|
|t:|1756687125
|move|p1b: Gholdengo|Protect|p1b: Gholdengo
|-singleturn|p1b: Gholdengo|Protect
|move|p2b: Kingdra|Weather Ball|p1b: Gholdengo
|-activate|p1b: Gholdengo|move: Protect
|move|p2a: Politoed|Weather Ball|p1b: Gholdengo
|-activate|p1b: Gholdengo|move: Protect
|move|p1a: Ursaluna|Hyper Voice|p2b: Kingdra|[spread] p2a,p2b
|-damage|p2a: Politoed|0 fnt
|-damage|p2b: Kingdra|0 fnt
|faint|p2a: Politoed
|faint|p2b: Kingdra
|
|-weather|RainDance|[upkeep]
|-start|p1a: Ursaluna|perish2
|upkeep
|
|t:|1756687129
|switch|p2b: Archaludon|Archaludon, L50, M|90/100
|switch|p2a: Amoonguss|Amoonguss, L50, M|50/100
|turn|6
|
|t:|1756687143
|move|p2b: Archaludon|Protect|p2b: Archaludon
|-singleturn|p2b: Archaludon|Protect
|move|p2a: Amoonguss|Protect|p2a: Amoonguss
|-singleturn|p2a: Amoonguss|Protect
|move|p1b: Gholdengo|Make It Rain|p2a: Amoonguss|[spread] 
|-activate|p2a: Amoonguss|move: Protect
|-activate|p2b: Archaludon|move: Protect
|move|p1a: Ursaluna|Earth Power|p2a: Amoonguss
|-activate|p2a: Amoonguss|move: Protect
|
|-weather|RainDance|[upkeep]
|-start|p1a: Ursaluna|perish1
|upkeep
|turn|7
|
|t:|1756687159
|move|p2a: Amoonguss|Rage Powder|p2a: Amoonguss
|-singleturn|p2a: Amoonguss|move: Rage Powder
|move|p2b: Archaludon|Electro Shot||[still]
|-prepare|p2b: Archaludon|Electro Shot
|-boost|p2b: Archaludon|spa|1
|-anim|p2b: Archaludon|Electro Shot|p1b: Gholdengo
|-damage|p1b: Gholdengo|16/100
|move|p1b: Gholdengo|Make It Rain|p2b: Archaludon|[spread] p2a,p2b
|-resisted|p2b: Archaludon
|-damage|p2a: Amoonguss|0 fnt
|-damage|p2b: Archaludon|51/100
|-unboost|p1b: Gholdengo|spa|1
|faint|p2a: Amoonguss
|-damage|p1b: Gholdengo|6/100|[from] item: Life Orb
|move|p1a: Ursaluna|Earth Power|p2b: Archaludon
|-supereffective|p2b: Archaludon
|-damage|p2b: Archaludon|0 fnt
|faint|p2b: Archaludon
|
|win|3rdPlaceTennis
