|j|☆dotKuro
|j|☆inoshikacho2
|html|dotKuroinoshikacho2    
|uhtml|bestof|Game 2 of a best-of-3
|t:|1755424146
|gametype|doubles
|player|p1|dotKuro|266|1276
|player|p2|inoshikacho2|169|1200
|gen|9
|tier|[Gen 9] VGC 2025 Reg H (Bo3)
|rated|
|rule|Species Clause: Limit one of each Pokémon
|rule|Item Clause: Limit 1 of each item
|clearpoke
|poke|p1|Garchomp, L50, F|
|poke|p1|Tyranitar, L50, M|
|poke|p1|Corviknight, L50, F|
|poke|p1|Gholdengo, L50|
|poke|p1|Kilowattrel, L50, M|
|poke|p1|Dragapult, L50, F|
|poke|p2|Gholdengo, L50|
|poke|p2|Incineroar, L50, M|
|poke|p2|Porygon2, L50|
|poke|p2|Ursaluna, L50, M|
|poke|p2|Primarina, L50, F|
|poke|p2|Vivillon, L50, F|
|teampreview|4
|showteam|p1|Garchomp||Leftovers|SandVeil|Earthquake,DragonClaw,Substitute,Protect|||F|||50|,,,,,Steel]Tyranitar||AssaultVest|SandStream|KnockOff,RockSlide,LowKick,TeraBlast|||M|||50|,,,,,Grass]Corviknight||SitrusBerry|MirrorArmor|BraveBird,BodyPress,Tailwind,Roost|||F|||50|,,,,,Fighting]Gholdengo||ChoiceSpecs|GoodasGold|MakeItRain,ShadowBall,Trick,Protect||||||50|,,,,,Steel]Kilowattrel||FocusSash|Competitive|AirSlash,Thunderbolt,Protect,Tailwind|||M|||50|,,,,,Ghost]Dragapult||LifeOrb|Infiltrator|DracoMeteor,ShadowBall,Flamethrower,Protect|||F|||50|,,,,,Stellar
|showteam|p2|Gholdengo||MetalCoat|GoodasGold|MakeItRain,ShadowBall,NastyPlot,Protect||||||50|,,,,,Steel]Incineroar||AssaultVest|Intimidate|FlareBlitz,KnockOff,Uturn,FakeOut|||M|||50|,,,,,Grass]Porygon2||Eviolite|Download|TeraBlast,IceBeam,Recover,TrickRoom||||||50|,,,,,Fighting]Ursaluna||FlameOrb|Guts|Facade,Earthquake,HeadlongRush,Protect|||M|||50|,,,,,Poison]Primarina||LifeOrb|LiquidVoice|Protect,HyperVoice,Moonblast,Haze|||F|||50|,,,,,Poison]Vivillon||FocusSash|CompoundEyes|Protect,Tailwind,SleepPowder,Hurricane|||F|||50|,,,,,Ghost
|
|t:|1755424162
|teamsize|p1|4
|teamsize|p2|4
|start
|switch|p1a: Corviknight|Corviknight, L50, F|100/100
|switch|p1b: Gholdengo|Gholdengo, L50|100/100
|switch|p2a: Incineroar|Incineroar, L50, M|100/100
|switch|p2b: Porygon2|Porygon2, L50|100/100
|-ability|p2a: Incineroar|Intimidate|boost
|-ability|p1a: Corviknight|Mirror Armor
|-unboost|p2a: Incineroar|atk|1
|-unboost|p1b: Gholdengo|atk|1
|-ability|p2b: Porygon2|Download|boost
|-boost|p2b: Porygon2|spa|1
|turn|1
|inactive|Battle timer is ON: inactive players will automatically lose when time's up. (requested by inoshikacho2)
|inactive|dotKuro has 60 seconds left.
|
|t:|1755424201
|switch|p1b: Tyranitar|Tyranitar, L50, M|100/100
|-weather|Sandstorm|[from] ability: Sand Stream|[of] p1b: Tyranitar
|move|p1a: Corviknight|Body Press|p2b: Porygon2
|-supereffective|p2b: Porygon2
|-damage|p2b: Porygon2|67/100
|move|p2a: Incineroar|Knock Off|p1b: Tyranitar
|-resisted|p1b: Tyranitar
|-damage|p1b: Tyranitar|88/100
|-enditem|p1b: Tyranitar|Assault Vest|[from] move: Knock Off|[of] p2a: Incineroar
|move|p2b: Porygon2|Trick Room|p2b: Porygon2
|-fieldstart|move: Trick Room|[of] p2b: Porygon2
|
|-weather|Sandstorm|[upkeep]
|-damage|p2b: Porygon2|61/100|[from] Sandstorm
|-damage|p2a: Incineroar|94/100|[from] Sandstorm
|upkeep
|turn|2
|inactive|dotKuro has 30 seconds left.
|inactive|dotKuro has 20 seconds left.
|
|t:|1755424239
|-terastallize|p2b: Porygon2|Fighting
|-terastallize|p1a: Corviknight|Fighting
|move|p2b: Porygon2|Tera Blast|p1b: Tyranitar|[anim] Tera Blast Fighting
|-supereffective|p1b: Tyranitar
|-damage|p1b: Tyranitar|1/100
|move|p1b: Tyranitar|Knock Off|p2b: Porygon2
|-resisted|p2b: Porygon2
|-damage|p2b: Porygon2|47/100
|-enditem|p2b: Porygon2|Eviolite|[from] move: Knock Off|[of] p1b: Tyranitar
|move|p2a: Incineroar|U-turn|p1b: Tyranitar
|-supereffective|p1b: Tyranitar
|-damage|p1b: Tyranitar|0 fnt
|faint|p1b: Tyranitar
|
|t:|1755424251
|switch|p2a: Ursaluna|Ursaluna, L50, M|100/100|[from] U-turn
|move|p1a: Corviknight|Body Press|p2b: Porygon2
|-damage|p2b: Porygon2|9/100
|
|-weather|Sandstorm|[upkeep]
|-damage|p2b: Porygon2|3/100|[from] Sandstorm
|-damage|p1a: Corviknight|95/100|[from] Sandstorm
|-status|p2a: Ursaluna|brn|[from] item: Flame Orb
|upkeep
|
|t:|1755424260
|switch|p1b: Garchomp|Garchomp, L50, F|100/100
|turn|3
|
|t:|1755424285
|move|p2b: Porygon2|Recover|p2b: Porygon2
|-heal|p2b: Porygon2|53/100
|move|p1a: Corviknight|Body Press|p2b: Porygon2
|-crit|p2b: Porygon2
|-damage|p2b: Porygon2|1/100
|move|p2a: Ursaluna|Headlong Rush|p1a: Corviknight
|-crit|p1a: Corviknight
|-damage|p1a: Corviknight|0 fnt
|-unboost|p2a: Ursaluna|def|1
|-unboost|p2a: Ursaluna|spd|1
|faint|p1a: Corviknight
|move|p1b: Garchomp|Substitute|p1b: Garchomp
|-start|p1b: Garchomp|Substitute
|-damage|p1b: Garchomp|75/100
|
|-weather|Sandstorm|[upkeep]
|-damage|p2b: Porygon2|0 fnt|[from] Sandstorm
|faint|p2b: Porygon2
|-heal|p1b: Garchomp|82/100|[from] item: Leftovers
|-damage|p2a: Ursaluna|95/100 brn|[from] brn
|upkeep
|
|t:|1755424302
|switch|p2b: Primarina|Primarina, L50, F|100/100
|switch|p1a: Gholdengo|Gholdengo, L50|100/100
|turn|4
|
|t:|1755424315
|move|p2a: Ursaluna|Headlong Rush|p1a: Gholdengo
|-supereffective|p1a: Gholdengo
|-damage|p1a: Gholdengo|0 fnt
|-unboost|p2a: Ursaluna|def|1
|-unboost|p2a: Ursaluna|spd|1
|faint|p1a: Gholdengo
|move|p2b: Primarina|Moonblast|p1b: Garchomp
|-supereffective|p1b: Garchomp
|-end|p1b: Garchomp|Substitute
|-damage|p2b: Primarina|91/100|[from] item: Life Orb
|move|p1b: Garchomp|Earthquake|p2a: Ursaluna|[spread] p2a,p2b
|-damage|p2a: Ursaluna|30/100 brn
|-damage|p2b: Primarina|42/100
|
|-weather|Sandstorm|[upkeep]
|-damage|p2b: Primarina|36/100|[from] Sandstorm
|-heal|p1b: Garchomp|88/100|[from] item: Leftovers
|-damage|p2a: Ursaluna|25/100 brn|[from] brn
|upkeep
|turn|5
|
|t:|1755424331
|switch|p2a: Incineroar|Incineroar, L50, M|94/100
|-ability|p2a: Incineroar|Intimidate|boost
|-unboost|p1b: Garchomp|atk|1
|move|p1b: Garchomp|Protect|p1b: Garchomp
|-singleturn|p1b: Garchomp|Protect
|move|p2b: Primarina|Moonblast|p1b: Garchomp
|-activate|p1b: Garchomp|move: Protect
|
|-weather|none
|-heal|p1b: Garchomp|94/100|[from] item: Leftovers
|-fieldend|move: Trick Room
|upkeep
|turn|6
|
|t:|1755424342
|move|p1b: Garchomp|Protect||[still]
|-fail|p1b: Garchomp
|move|p2a: Incineroar|Fake Out|p1b: Garchomp
|-damage|p1b: Garchomp|81/100
|move|p2b: Primarina|Moonblast|p1b: Garchomp
|-supereffective|p1b: Garchomp
|-damage|p1b: Garchomp|0 fnt
|faint|p1b: Garchomp
|-damage|p2b: Primarina|27/100|[from] item: Life Orb
|
|win|inoshikacho2
|raw|dotKuro's rating: 1276 → 1246(-30 for losing)
|raw|inoshikacho2's rating: 1200 → 1230(+30 for winning)
