|j|☆HikariVT
|j|☆bighamsterbaseball
|html|HikariVTbighamsterbaseball    
|uhtml|bestof|Game 2 of a best-of-3
|t:|1783561430
|gametype|doubles
|player|p1|HikariVT|lillie-masters2|1127
|player|p2|bighamsterbaseball|pokemaniac|1139
|gen|9
|tier|[Gen 9 Champions] VGC 2026 Reg M-B (Bo3)
|rated|
|rule|Species Clause: Limit one of each Pokémon
|rule|Item Clause: Limit 1 of each item
|clearpoke
|poke|p1|Charizard, L50, M|
|poke|p1|Garchomp, L50, M|
|poke|p1|Whimsicott, L50, F|
|poke|p1|Lycanroc-Dusk, L50, M|
|poke|p1|Toxapex, L50, F|
|poke|p1|Hydreigon, L50, M|
|poke|p2|Pyroar, L50, M|
|poke|p2|Scrafty, L50, F|
|poke|p2|Torkoal, L50, F|
|poke|p2|Farigiraf, L50, M|
|poke|p2|Venusaur, L50, F|
|poke|p2|Mamoswine, L50, M|
|teampreview|4
|showteam|p1|Charizard||CharizarditeY|Blaze|Protect,HeatWave,SolarBeam,WeatherBall|Timid||M|||50|]Garchomp||LifeOrb|RoughSkin|Protect,Earthquake,RockSlide,DragonClaw|Jolly||M|||50|]Whimsicott||FocusSash|Prankster|Protect,Tailwind,Moonblast,Encore|Timid||F|||50|]Lycanroc-Dusk||ExpertBelt|ToughClaws|Protect,CloseCombat,Accelerock,Taunt|Jolly||M|||50|]Toxapex||Leftovers|Regenerator|BanefulBunker,Infestation,Toxic,WideGuard|Sassy||F|||50|]Hydreigon||ChoiceScarf|Levitate|DracoMeteor,DarkPulse,Snarl,EarthPower|Modest||M|||50|
|showteam|p2|Pyroar||Pyroarite|Unnerve|HeatWave,Overheat,Yawn,Protect|Timid||M|||50|]Scrafty||Scraftinite|Intimidate|FakeOut,DrainPunch,KnockOff,IcePunch|Adamant||F|||50|]Torkoal||HeatRock|Drought|Eruption,WeatherBall,HelpingHand,Protect|Quiet||F|||50|]Farigiraf||SitrusBerry|ArmorTail|Psychic,Thunderbolt,TrickRoom,Protect|Quiet||M|||50|]Venusaur||LifeOrb|Chlorophyll|LeafStorm,SludgeBomb,EarthPower,Protect|Modest||F|||50|]Mamoswine||FocusSash|Oblivious|IceShard,HighHorsepower,RockSlide,Protect|Adamant||M|||50|
|inactive|Battle timer is ON: inactive players will automatically lose when time's up. (requested by HikariVT)
|inactive|bighamsterbaseball has 60 seconds left.
|inactive|bighamsterbaseball has 30 seconds left.
|inactive|bighamsterbaseball has 20 seconds left.
|inactive|bighamsterbaseball has 15 seconds left.
|inactive|bighamsterbaseball has 10 seconds left.
|
|t:|1783561511
|teamsize|p1|4
|teamsize|p2|4
|start
|switch|p1a: Charizard|Charizard, L50, M|100/100
|switch|p1b: Lycanroc|Lycanroc-Dusk, L50, M|100/100
|switch|p2a: Scrafty|Scrafty, L50, F|100/100
|switch|p2b: Mamoswine|Mamoswine, L50, M|100/100
|-ability|p2a: Scrafty|Intimidate|boost
|-unboost|p1a: Charizard|atk|1
|-unboost|p1b: Lycanroc|atk|1
|turn|1
|inactive|bighamsterbaseball has 30 seconds left.
|
|t:|1783561541
|switch|p2b: Venusaur|Venusaur, L50, F|100/100
|detailschange|p2a: Scrafty|Scrafty-Mega, L50, F
|-mega|p2a: Scrafty|Scrafty|Scraftinite
|-ability|p2a: Scrafty|Intimidate|boost
|-unboost|p1a: Charizard|atk|1
|-unboost|p1b: Lycanroc|atk|1
|move|p1b: Lycanroc|Protect|p1b: Lycanroc
|-singleturn|p1b: Lycanroc|Protect
|move|p1a: Charizard|Protect|p1a: Charizard
|-singleturn|p1a: Charizard|Protect
|move|p2a: Scrafty|Fake Out|p1a: Charizard
|-activate|p1a: Charizard|move: Protect
|
|upkeep
|turn|2
|inactive|bighamsterbaseball has 30 seconds left.
|inactive|bighamsterbaseball has 20 seconds left.
|
|t:|1783561578
|switch|p1b: Toxapex|Toxapex, L50, F|100/100
|move|p1a: Charizard|Heat Wave|p2b: Venusaur|[spread] p2a,p2b
|-supereffective|p2b: Venusaur|1
|-damage|p2a: Scrafty|73/100
|-damage|p2b: Venusaur|18/100
|move|p2b: Venusaur|Sludge Bomb|p1a: Charizard
|-damage|p1a: Charizard|28/100
|-damage|p2b: Venusaur|9/100|[from] item: Life Orb
|move|p2a: Scrafty|Drain Punch|p1b: Toxapex
|-resisted|p1b: Toxapex|1
|-damage|p1b: Toxapex|84/100
|-heal|p2a: Scrafty|81/100|[from] drain|[of] p1b: Toxapex
|
|-heal|p1b: Toxapex|89/100|[from] item: Leftovers
|upkeep
|turn|3
|inactive|bighamsterbaseball has 30 seconds left.
|
|t:|1783561604
|move|p2b: Venusaur|Protect|p2b: Venusaur
|-singleturn|p2b: Venusaur|Protect
|move|p1a: Charizard|Heat Wave|p2a: Scrafty|[spread] p2a
|-activate|p2b: Venusaur|move: Protect
|-damage|p2a: Scrafty|40/100
|move|p2a: Scrafty|Knock Off|p1a: Charizard
|-damage|p1a: Charizard|0 fnt
|faint|p1a: Charizard
|move|p1b: Toxapex|Toxic|p2a: Scrafty
|-status|p2a: Scrafty|tox
|
|-heal|p1b: Toxapex|95/100|[from] item: Leftovers
|-damage|p2a: Scrafty|34/100 tox|[from] psn
|upkeep
|
|t:|1783561620
|switch|p1a: Lycanroc|Lycanroc-Dusk, L50, M|100/100
|turn|4
|
|t:|1783561637
|switch|p2a: Farigiraf|Farigiraf, L50, M|100/100
|-heal|p1b: Toxapex|100/100|[from] ability: Regenerator|[silent]
|switch|p1b: Hydreigon|Hydreigon, L50, M|100/100
|move|p1a: Lycanroc|Close Combat|p2a: Farigiraf
|-damage|p2a: Farigiraf|51/100
|-unboost|p1a: Lycanroc|def|1
|-unboost|p1a: Lycanroc|spd|1
|move|p2b: Venusaur|Earth Power|p1a: Lycanroc
|-supereffective|p1a: Lycanroc|1
|-damage|p1a: Lycanroc|0 fnt
|faint|p1a: Lycanroc
|-damage|p2b: Venusaur|0 fnt|[from] item: Life Orb
|faint|p2b: Venusaur
|
|upkeep
|
|t:|1783561652
|switch|p1a: Toxapex|Toxapex, L50, F|100/100
|switch|p2b: Scrafty|Scrafty-Mega, L50, F|34/100 tox
|-ability|p2b: Scrafty|Intimidate|boost
|-unboost|p1a: Toxapex|atk|1
|-unboost|p1b: Hydreigon|atk|1
|turn|5
|
|t:|1783561668
|move|p2b: Scrafty|Fake Out|p1b: Hydreigon
|-damage|p1b: Hydreigon|81/100
|cant|p1b: Hydreigon|flinch
|move|p1a: Toxapex|Toxic|p2a: Farigiraf
|-status|p2a: Farigiraf|tox
|move|p2a: Farigiraf|Trick Room|p2a: Farigiraf
|-fieldstart|move: Trick Room|[of] p2a: Farigiraf
|
|-damage|p2a: Farigiraf|45/100 tox|[from] psn
|-damage|p2b: Scrafty|29/100 tox|[from] psn
|upkeep
|-enditem|p2a: Farigiraf|Sitrus Berry|[eat]
|-heal|p2a: Farigiraf|69/100 tox|[from] item: Sitrus Berry
|turn|6
|
|t:|1783561682
|move|p1a: Toxapex|Infestation|p2a: Farigiraf
|-supereffective|p2a: Farigiraf|1
|-damage|p2a: Farigiraf|64/100 tox
|-activate|p2a: Farigiraf|move: Infestation|[of] p1a: Toxapex
|move|p2a: Farigiraf|Psychic|p1a: Toxapex
|-supereffective|p1a: Toxapex|1
|-damage|p1a: Toxapex|42/100
|move|p2b: Scrafty|Drain Punch|p1b: Hydreigon
|-supereffective|p1b: Hydreigon|1
|-damage|p1b: Hydreigon|0 fnt
|-heal|p2b: Scrafty|69/100 tox|[from] drain|[of] p1b: Hydreigon
|faint|p1b: Hydreigon
|
|-heal|p1a: Toxapex|48/100|[from] item: Leftovers
|-damage|p2a: Farigiraf|52/100 tox|[from] psn
|-damage|p2b: Scrafty|57/100 tox|[from] psn
|-damage|p2a: Farigiraf|39/100 tox|[from] move: Infestation|[partiallytrapped]
|upkeep
|turn|7
|
|t:|1783561698
|move|p1a: Toxapex|Baneful Bunker|p1a: Toxapex
|-singleturn|p1a: Toxapex|move: Protect
|move|p2a: Farigiraf|Psychic|p1a: Toxapex
|-activate|p1a: Toxapex|move: Protect
|move|p2b: Scrafty|Knock Off|p1a: Toxapex
|-activate|p1a: Toxapex|move: Protect
|
|-heal|p1a: Toxapex|54/100|[from] item: Leftovers
|-damage|p2a: Farigiraf|21/100 tox|[from] psn
|-damage|p2b: Scrafty|40/100 tox|[from] psn
|-damage|p2a: Farigiraf|8/100 tox|[from] move: Infestation|[partiallytrapped]
|upkeep
|turn|8
|
|t:|1783561711
|move|p1a: Toxapex|Infestation|p2a: Farigiraf
|-supereffective|p2a: Farigiraf|1
|-damage|p2a: Farigiraf|3/100 tox
|move|p2a: Farigiraf|Psychic|p1a: Toxapex
|-supereffective|p1a: Toxapex|1
|-damage|p1a: Toxapex|0 fnt
|faint|p1a: Toxapex
|
|win|bighamsterbaseball
||HikariVT is ready for game 3.
|inactive|bighamsterbaseball has 30 seconds to confirm battle start!
