|j|☆FlareIsSolar
|j|☆dont make me walk
|html|FlareIsSolardont make me walk    
|uhtml|bestof|Game 1 of a best-of-3
|t:|1757020767
|gametype|doubles
|player|p1|FlareIsSolar|volkner|1318
|player|p2|dont make me walk|red-masters3|1382
|gen|9
|tier|[Gen 9] VGC 2025 Reg H (Bo3)
|rated|
|rule|Species Clause: Limit one of each Pokémon
|rule|Item Clause: Limit 1 of each item
|clearpoke
|poke|p1|Tyranitar, L50, M|
|poke|p1|Excadrill, L50, F|
|poke|p1|Kommo-o, L50, F|
|poke|p1|Basculegion, L50, M|
|poke|p1|Amoonguss, L50, F|
|poke|p1|Incineroar, L50, M|
|poke|p2|Ursaluna-Bloodmoon, L50, M|
|poke|p2|Indeedee, L50, M|
|poke|p2|Sneasler, L50, M|
|poke|p2|Incineroar, L50, M|
|poke|p2|Talonflame, L50, F|
|poke|p2|Garchomp, L50, F|
|teampreview|4
|showteam|p1|Tyranitar||AssaultVest|SandStream|KnockOff,RockSlide,LowKick,TeraBlast|||M|||50|,,,,,Flying]Excadrill||FocusSash|SandRush|Earthquake,HighHorsepower,IronHead,Protect|||F|||50|,,,,,Ground]Kommo-o||ThroatSpray|Overcoat|ClangorousSoul,ClangingScales,AuraSphere,Protect|||F|||50|,,,,,Steel]Basculegion||ChoiceScarf|Adaptability|WaveCrash,LastRespects,FlipTurn,AquaJet|||M|||50|,,,,,Grass]Amoonguss||SitrusBerry|Regenerator|PollenPuff,Spore,RagePowder,Protect|||F|||50|,,,,,Water]Incineroar||SafetyGoggles|Intimidate|KnockOff,FlareBlitz,PartingShot,FakeOut|||M|||50|,,,,,Ghost
|showteam|p2|Ursaluna-Bloodmoon||LifeOrb|MindsEye|Protect,EarthPower,HyperVoice,BloodMoon|||M|||50|,,,,,Normal]Indeedee||FocusSash|PsychicSurge|ExpandingForce,Protect,TrickRoom,Imprison|||M|||50|,,,,,Psychic]Sneasler||PsychicSeed|Unburden|DireClaw,CloseCombat,ThroatChop,Protect|||M|||50|,,,,,Dark]Incineroar||SafetyGoggles|Intimidate|FakeOut,KnockOff,FlareBlitz,PartingShot|||M|||50|,,,,,Ghost]Talonflame||CovertCloak|GaleWings|FlareBlitz,DualWingbeat,WillOWisp,Tailwind|||F|||50|,,,,,Fairy]Garchomp||ClearAmulet|RoughSkin|Earthquake,StompingTantrum,DragonClaw,Protect|||F|||50|,,,,,Fairy
|inactive|Battle timer is ON: inactive players will automatically lose when time's up. (requested by dont make me walk)
|
|t:|1757020788
|teamsize|p1|4
|teamsize|p2|4
|start
|switch|p1a: Excadrill|Excadrill, L50, F|100/100
|switch|p1b: Tyranitar|Tyranitar, L50, M|100/100
|switch|p2a: Talonflame|Talonflame, L50, F|100/100
|switch|p2b: Garchomp|Garchomp, L50, F|100/100
|-weather|Sandstorm|[from] ability: Sand Stream|[of] p1b: Tyranitar
|turn|1
|
|t:|1757020795
|switch|p1a: Incineroar|Incineroar, L50, M|100/100
|-ability|p1a: Incineroar|Intimidate|boost
|-unboost|p2a: Talonflame|atk|1
|-fail|p2b: Garchomp|unboost|[from] item: Clear Amulet|[of] p2b: Garchomp
|move|p2a: Talonflame|Tailwind|p2a: Talonflame
|-sidestart|p2: dont make me walk|move: Tailwind
|move|p2b: Garchomp|Earthquake|p1a: Incineroar|[spread] p1a,p1b
|-immune|p2a: Talonflame
|-supereffective|p1a: Incineroar
|-supereffective|p1b: Tyranitar
|-damage|p1a: Incineroar|36/100
|-damage|p1b: Tyranitar|41/100
|move|p1b: Tyranitar|Rock Slide|p2b: Garchomp|[spread] p2a,p2b
|-supereffective|p2a: Talonflame
|-resisted|p2b: Garchomp
|-damage|p2a: Talonflame|0 fnt
|-damage|p2b: Garchomp|85/100
|faint|p2a: Talonflame
|
|-weather|Sandstorm|[upkeep]
|upkeep
|
|t:|1757020809
|switch|p2a: Sneasler|Sneasler, L50, M|100/100
|turn|2
|
|t:|1757020833
|switch|p1b: Kommo-o|Kommo-o, L50, F|100/100
|move|p2a: Sneasler|Protect|p2a: Sneasler
|-singleturn|p2a: Sneasler|Protect
|move|p2b: Garchomp|Protect|p2b: Garchomp
|-singleturn|p2b: Garchomp|Protect
|move|p1a: Incineroar|Parting Shot|p2a: Sneasler
|-activate|p2a: Sneasler|move: Protect
|
|-weather|Sandstorm|[upkeep]
|-damage|p2a: Sneasler|95/100|[from] Sandstorm
|upkeep
|turn|3
|
|t:|1757020847
|switch|p1a: Tyranitar|Tyranitar, L50, M|41/100
|-terastallize|p2a: Sneasler|Dark
|move|p1b: Kommo-o|Protect|p1b: Kommo-o
|-singleturn|p1b: Kommo-o|Protect
|move|p2a: Sneasler|Close Combat|p1a: Tyranitar
|-supereffective|p1a: Tyranitar
|-damage|p1a: Tyranitar|0 fnt
|-unboost|p2a: Sneasler|def|1
|-unboost|p2a: Sneasler|spd|1
|faint|p1a: Tyranitar
|move|p2b: Garchomp|Dragon Claw|p1b: Kommo-o
|-activate|p1b: Kommo-o|move: Protect
|
|-weather|Sandstorm|[upkeep]
|-damage|p2a: Sneasler|89/100|[from] Sandstorm
|upkeep
|
|t:|1757020855
|switch|p1a: Incineroar|Incineroar, L50, M|36/100
|-ability|p1a: Incineroar|Intimidate|boost
|-unboost|p2a: Sneasler|atk|1
|-fail|p2b: Garchomp|unboost|[from] item: Clear Amulet|[of] p2b: Garchomp
|turn|4
|
|t:|1757020864
|switch|p2a: Indeedee|Indeedee, L50, M|100/100
|-fieldstart|move: Psychic Terrain|[from] ability: Psychic Surge|[of] p2a: Indeedee
|-terastallize|p1b: Kommo-o|Steel
|move|p1a: Incineroar|Fake Out|p2b: Garchomp
|-activate|p2b: Garchomp|move: Psychic Terrain
|move|p2b: Garchomp|Dragon Claw|p1b: Kommo-o
|-resisted|p1b: Kommo-o
|-damage|p1b: Kommo-o|79/100
|move|p1b: Kommo-o|Clangorous Soul|p1b: Kommo-o
|-boost|p1b: Kommo-o|atk|1
|-boost|p1b: Kommo-o|def|1
|-boost|p1b: Kommo-o|spa|1
|-boost|p1b: Kommo-o|spd|1
|-boost|p1b: Kommo-o|spe|1
|-damage|p1b: Kommo-o|46/100
|-enditem|p1b: Kommo-o|Throat Spray
|-boost|p1b: Kommo-o|spa|1|[from] item: Throat Spray
|
|-weather|Sandstorm|[upkeep]
|-damage|p2a: Indeedee|95/100|[from] Sandstorm
|-sideend|p2: dont make me walk|move: Tailwind
|upkeep
|turn|5
|
|t:|1757020885
|move|p2a: Indeedee|Protect|p2a: Indeedee
|-singleturn|p2a: Indeedee|Protect
|move|p1b: Kommo-o|Clanging Scales|p2b: Garchomp|[spread] p2b
|-activate|p2a: Indeedee|move: Protect
|-supereffective|p2b: Garchomp
|-damage|p2b: Garchomp|0 fnt
|faint|p2b: Garchomp
|-unboost|p1b: Kommo-o|def|1
|move|p1a: Incineroar|Knock Off|p2a: Indeedee
|-activate|p2a: Indeedee|move: Protect
|
|-weather|none
|upkeep
|
|t:|1757020889
|switch|p2b: Sneasler|Sneasler, L50, M, tera:Dark|89/100
|-enditem|p2b: Sneasler|Psychic Seed
|-boost|p2b: Sneasler|spd|1|[from] item: Psychic Seed
|turn|6
|
|t:|1757020909
|move|p2b: Sneasler|Close Combat|p1a: Incineroar
|-supereffective|p1a: Incineroar
|-damage|p1a: Incineroar|0 fnt
|-unboost|p2b: Sneasler|def|1
|-unboost|p2b: Sneasler|spd|1
|faint|p1a: Incineroar
|move|p1b: Kommo-o|Clanging Scales|p2b: Sneasler|[spread] p2a,p2b
|-damage|p2a: Indeedee|0 fnt
|-damage|p2b: Sneasler|0 fnt
|faint|p2a: Indeedee
|faint|p2b: Sneasler
|
|win|FlareIsSolar
||dont make me walk is ready for game 2.
|inactive|FlareIsSolar has 30 seconds to confirm battle start!
||FlareIsSolar is ready for game 2.
|uhtml|next|Next: Game 2 of 3
|l|☆FlareIsSolar
|player|p1|
