|j|☆naibot2814
|j|☆bumbumsujo
|html|naibot2814bumbumsujo    
|uhtml|bestof|Game 1 of a best-of-3
|t:|1784606002
|gametype|doubles
|player|p1|naibot2814|colress|1477
|player|p2|bumbumsujo|lucas|1451
|gen|9
|tier|[Gen 9 Champions] VGC 2026 Reg M-B (Bo3)
|rated|
|rule|Species Clause: Limit one of each Pokémon
|rule|Item Clause: Limit 1 of each item
|clearpoke
|poke|p1|Blastoise, L50, M|
|poke|p1|Incineroar, L50, M|
|poke|p1|Sneasler, L50, M|
|poke|p1|Sinistcha, L50|
|poke|p1|Kingambit, L50, M, shiny|
|poke|p1|Delphox, L50, F|
|poke|p2|Gardevoir, L50, F|
|poke|p2|Basculegion, L50, M|
|poke|p2|Talonflame, L50, F|
|poke|p2|Maushold, L50|
|poke|p2|Kingambit, L50, M|
|poke|p2|Kommo-o, L50, F|
|teampreview|4
|showteam|p1|Blastoise||Blastoisinite|Torrent|WaterSpout,DarkPulse,ShellSmash,Protect|Modest||M|||50|]Incineroar||SitrusBerry|Intimidate|FakeOut,FlareBlitz,DarkestLariat,PartingShot|Careful||M|||50|]Sneasler||FocusSash|PoisonTouch|FakeOut,CloseCombat,PoisonJab,RockTomb|Jolly||M|||50|]Sinistcha||KasibBerry|Hospitality|MatchaGotcha,TrickRoom,RagePowder,Protect|Bold|||||50|]Kingambit||BlackGlasses|Defiant|KowtowCleave,SuckerPunch,SwordsDance,Protect|Adamant||M|||50|]Delphox||Delphoxite|Blaze|HeatWave,Psyshock,NastyPlot,Protect|Timid||F|||50|
|showteam|p2|Gardevoir||Gardevoirite|Trace|HyperVoice,Psychic,Thunderbolt,Protect|Modest||F|||50|]Basculegion||ChoiceScarf|Adaptability|WaveCrash,LastRespects,FlipTurn,AquaJet|Jolly||M|||50|]Talonflame||SharpBeak|GaleWings|DualWingbeat,FlareBlitz,Tailwind,Protect|Jolly||F|||50|]Maushold||FocusSash|FriendGuard|SuperFang,Feint,FollowMe,Protect|Jolly|||||50|]Kingambit||ExpertBelt|Defiant|KowtowCleave,SuckerPunch,IronHead,LowKick|Jolly||M|||50|]Kommo-o||LifeOrb|Soundproof|ClangingScales,DracoMeteor,AuraSphere,Protect|Modest||F|||50|
|
|t:|1784606036
|teamsize|p1|4
|teamsize|p2|4
|start
|switch|p1a: Kingambit|Kingambit, L50, M, shiny|100/100
|switch|p1b: Sneasler|Sneasler, L50, M|100/100
|switch|p2a: Kommo-o|Kommo-o, L50, F|100/100
|switch|p2b: Maushold|Maushold, L50|100/100
|turn|1
|
|t:|1784606061
|move|p1b: Sneasler|Fake Out|p2a: Kommo-o
|-damage|p2a: Kommo-o|89/100
|move|p2b: Maushold|Super Fang|p1b: Sneasler
|-damage|p1b: Sneasler|50/100g
|cant|p2a: Kommo-o|flinch
|move|p1a: Kingambit|Kowtow Cleave|p2b: Maushold
|-damage|p2b: Maushold|24/100
|
|upkeep
|turn|2
|
|t:|1784606085
|switch|p1a: Sinistcha|Sinistcha, L50|100/100
|-heal|p1b: Sneasler|74/100|[from] ability: Hospitality|[of] p1a: Sinistcha
|move|p2b: Maushold|Feint|p1a: Sinistcha
|-immune|p1a: Sinistcha
|move|p1b: Sneasler|Close Combat|p2a: Kommo-o
|-damage|p2a: Kommo-o|44/100
|-unboost|p1b: Sneasler|def|1
|-unboost|p1b: Sneasler|spd|1
|move|p2a: Kommo-o|Aura Sphere|p1a: Sinistcha
|-immune|p1a: Sinistcha
|
|upkeep
|turn|3
|
|t:|1784606114
|switch|p1b: Kingambit|Kingambit, L50, M, shiny|100/100
|switch|p2a: Gardevoir|Gardevoir, L50, F|100/100
|-ability|p2a: Gardevoir|Defiant|Trace|[from] ability: Trace|[of] p1b: Kingambit
|move|p2b: Maushold|Protect|p2b: Maushold
|-singleturn|p2b: Maushold|Protect
|move|p1a: Sinistcha|Matcha Gotcha|p2a: Gardevoir|[spread] p2a
|-activate|p2b: Maushold|move: Protect
|-damage|p2a: Gardevoir|81/100
|
|upkeep
|turn|4
|
|t:|1784606138
|detailschange|p2a: Gardevoir|Gardevoir-Mega, L50, F
|-mega|p2a: Gardevoir|Gardevoir|Gardevoirite
|move|p1b: Kingambit|Sucker Punch|p2b: Maushold
|-damage|p2b: Maushold|0 fnt
|faint|p2b: Maushold
|move|p2a: Gardevoir|Hyper Voice|p1b: Kingambit|[spread] p1a,p1b
|-damage|p1a: Sinistcha|46/100
|-damage|p1b: Kingambit|47/100
|move|p1a: Sinistcha|Trick Room|p1a: Sinistcha
|-fieldstart|move: Trick Room|[of] p1a: Sinistcha
|
|upkeep
|
|t:|1784606142
|switch|p2b: Talonflame|Talonflame, L50, F|100/100
|turn|5
|
|t:|1784606159
|move|p1b: Kingambit|Protect|p1b: Kingambit
|-singleturn|p1b: Kingambit|Protect
|move|p2a: Gardevoir|Protect|p2a: Gardevoir
|-singleturn|p2a: Gardevoir|Protect
|move|p2b: Talonflame|Dual Wingbeat|p1a: Sinistcha
|-supereffective|p1a: Sinistcha|1
|-damage|p1a: Sinistcha|14/100
|-supereffective|p1a: Sinistcha|1
|-damage|p1a: Sinistcha|0 fnt
|faint|p1a: Sinistcha
|-hitcount|p1: Sinistcha|2
|
|upkeep
|
|t:|1784606172
|switch|p1a: Delphox|Delphox, L50, F|100/100
|turn|6
|
|t:|1784606185
|switch|p2a: Kommo-o|Kommo-o, L50, F|44/100
|detailschange|p1a: Delphox|Delphox-Mega, L50, F
|-mega|p1a: Delphox|Delphox|Delphoxite
|move|p1b: Kingambit|Kowtow Cleave|p2a: Kommo-o
|-resisted|p2a: Kommo-o|1
|-damage|p2a: Kommo-o|13/100
|move|p2b: Talonflame|Flare Blitz|p1b: Kingambit
|-supereffective|p1b: Kingambit|1
|-damage|p1b: Kingambit|0 fnt
|faint|p1b: Kingambit
|-damage|p2b: Talonflame|78/100|[from] Recoil
|move|p1a: Delphox|Heat Wave|p2b: Talonflame|[spread] p2a,p2b
|-resisted|p2a: Kommo-o|1
|-resisted|p2b: Talonflame|1
|-damage|p2a: Kommo-o|0 fnt
|-damage|p2b: Talonflame|47/100
|faint|p2a: Kommo-o
|
|upkeep
|
|t:|1784606193
|switch|p1b: Sneasler|Sneasler, L50, M|74/100
|switch|p2a: Gardevoir|Gardevoir-Mega, L50, F|81/100
|turn|7
|inactive|Battle timer is ON: inactive players will automatically lose when time's up. (requested by bumbumsujo)
|
|t:|1784606213
|move|p2a: Gardevoir|Protect|p2a: Gardevoir
|-singleturn|p2a: Gardevoir|Protect
|move|p2b: Talonflame|Protect|p2b: Talonflame
|-singleturn|p2b: Talonflame|Protect
|move|p1b: Sneasler|Fake Out|p2a: Gardevoir
|-activate|p2a: Gardevoir|move: Protect
|move|p1a: Delphox|Psyshock|p2b: Talonflame
|-activate|p2b: Talonflame|move: Protect
|
|upkeep
|turn|8
|
|t:|1784606229
|move|p2a: Gardevoir|Hyper Voice|p1b: Sneasler|[spread] p1a,p1b
|-resisted|p1a: Delphox|1
|-crit|p1a: Delphox
|-damage|p1a: Delphox|66/100
|-damage|p1b: Sneasler|4/100
|move|p1b: Sneasler|Poison Jab|p2a: Gardevoir
|-supereffective|p2a: Gardevoir|1
|-damage|p2a: Gardevoir|0 fnt
|faint|p2a: Gardevoir
|move|p2b: Talonflame|Dual Wingbeat|p1a: Delphox
|-damage|p1a: Delphox|40/100
|-damage|p1a: Delphox|16/100
|-hitcount|p1a: Delphox|2
|move|p1a: Delphox|Nasty Plot|p1a: Delphox
|-boost|p1a: Delphox|spa|2
|
|-fieldend|move: Trick Room
|upkeep
|turn|9
|-message|bumbumsujo forfeited.
|
|win|naibot2814
||bumbumsujo is ready for game 2.
||naibot2814 is ready for game 2.
|uhtml|next|Next: Game 2 of 3
|l|☆bumbumsujo
|player|p2|
