|j|☆chaewonstany
|j|☆trchlt1
|html|chaewonstanytrchlt1    
|uhtml|bestof|Game 3 of a best-of-3
|t:|1757703562
|gametype|doubles
|player|p1|chaewonstany|101|1445
|player|p2|trchlt1|265|1375
|gen|9
|tier|[Gen 9] VGC 2025 Reg H (Bo3)
|rated|
|rule|Species Clause: Limit one of each Pokémon
|rule|Item Clause: Limit 1 of each item
|clearpoke
|poke|p1|Whimsicott, L50, M|
|poke|p1|Gholdengo, L50|
|poke|p1|Ursaluna-Bloodmoon, L50, M|
|poke|p1|Pelipper, L50, F|
|poke|p1|Archaludon, L50, F|
|poke|p1|Basculegion, L50, M|
|poke|p2|Whimsicott, L50, M|
|poke|p2|Gholdengo, L50|
|poke|p2|Sneasler, L50, M|
|poke|p2|Garchomp, L50, F|
|poke|p2|Dragonite, L50, F|
|poke|p2|Incineroar, L50, F|
|teampreview|4
|showteam|p1|Whimsicott||CovertCloak|Prankster|Moonblast,Taunt,FakeTears,Tailwind|||M|||50|,,,,,Steel]Gholdengo||LifeOrb|GoodasGold|MakeItRain,ShadowBall,TeraBlast,Protect||||||50|,,,,,Fighting]Ursaluna-Bloodmoon||AssaultVest|MindsEye|HyperVoice,BloodMoon,EarthPower,VacuumWave|||M|||50|,,,,,Ghost]Pelipper||SafetyGoggles|Drizzle|WeatherBall,Hurricane,WideGuard,Protect|||F|||50|,,,,,Steel]Archaludon||PowerHerb|Sturdy|ElectroShot,DracoMeteor,FlashCannon,Protect|||F|||50|,,,,,Electric]Basculegion||FocusSash|Adaptability|Liquidation,LastRespects,AquaJet,Protect|||M|||50|,,,,,Ghost
|showteam|p2|Whimsicott||FocusSash|Prankster|Protect,Moonblast,Tailwind,Encore|||M|||50|,,,,,Ghost]Gholdengo||ChoiceSpecs|GoodasGold|MakeItRain,ShadowBall,Trick,PowerGem||||||50|,,,,,Steel]Sneasler||WhiteHerb|Unburden|Protect,DireClaw,CloseCombat,FakeOut|||M|||50|,,,,,Stellar]Garchomp||LifeOrb|RoughSkin|Protect,Earthquake,StompingTantrum,DragonClaw|||F|||50|,,,,,Ground]Dragonite||ChoiceBand|InnerFocus|ExtremeSpeed,Outrage,IceSpinner,StompingTantrum|||F|||50|,,,,,Normal]Incineroar||AssaultVest|Intimidate|FlareBlitz,KnockOff,Uturn,FakeOut|||F|||50|,,,,,Grass
|inactive|Battle timer is ON: inactive players will automatically lose when time's up. (requested by trchlt1)
|
|t:|1757703574
|teamsize|p1|4
|teamsize|p2|4
|start
|switch|p1a: Whimsicott|Whimsicott, L50, M|100/100
|switch|p1b: Gholdengo|Gholdengo, L50|100/100
|switch|p2a: Whimsicott|Whimsicott, L50, M|100/100
|switch|p2b: Gholdengo|Gholdengo, L50|100/100
|turn|1
|inactive|chaewonstany has 30 seconds left.
|
|t:|1757703599
|-terastallize|p1a: Whimsicott|Steel
|move|p2a: Whimsicott|Tailwind|p2a: Whimsicott
|-sidestart|p2: trchlt1|move: Tailwind
|move|p1a: Whimsicott|Tailwind|p1a: Whimsicott
|-sidestart|p1: chaewonstany|move: Tailwind
|move|p1b: Gholdengo|Make It Rain|p2a: Whimsicott|[spread] p2a,p2b
|-supereffective|p2a: Whimsicott
|-resisted|p2b: Gholdengo
|-enditem|p2a: Whimsicott|Focus Sash
|-damage|p2a: Whimsicott|1/100
|-damage|p2b: Gholdengo|60/100
|-unboost|p1b: Gholdengo|spa|1
|-damage|p1b: Gholdengo|91/100|[from] item: Life Orb
|move|p2b: Gholdengo|Shadow Ball|p1b: Gholdengo
|-supereffective|p1b: Gholdengo
|-damage|p1b: Gholdengo|0 fnt
|faint|p1b: Gholdengo
|
|upkeep
|
|t:|1757703610
|switch|p1b: Archaludon|Archaludon, L50, F|100/100
|turn|2
|
|t:|1757703633
|switch|p1a: Basculegion|Basculegion, L50, M|100/100
|switch|p2b: Garchomp|Garchomp, L50, F|100/100
|move|p2a: Whimsicott|Moonblast|p1b: Archaludon
|-damage|p1b: Archaludon|44/100
|-unboost|p1b: Archaludon|spa|1
|move|p1b: Archaludon|Draco Meteor|p2b: Garchomp
|-supereffective|p2b: Garchomp
|-damage|p2b: Garchomp|6/100
|-unboost|p1b: Archaludon|spa|2
|
|upkeep
|turn|3
|
|t:|1757703654
|switch|p1b: Whimsicott|Whimsicott, L50, M, tera:Steel|100/100
|move|p1a: Basculegion|Aqua Jet|p2b: Garchomp
|-damage|p2b: Garchomp|0 fnt
|-damage|p1a: Basculegion|88/100|[from] ability: Rough Skin|[of] p2b: Garchomp
|faint|p2b: Garchomp
|move|p2a: Whimsicott|Moonblast|p1b: Whimsicott
|-resisted|p1b: Whimsicott
|-damage|p1b: Whimsicott|80/100
|
|upkeep
|
|t:|1757703661
|switch|p2b: Gholdengo|Gholdengo, L50|60/100
|turn|4
|
|t:|1757703679
|move|p2a: Whimsicott|Encore|p1a: Basculegion
|-start|p1a: Basculegion|Encore
|move|p1b: Whimsicott|Moonblast|p2b: Gholdengo
|-resisted|p2b: Gholdengo
|-damage|p2b: Gholdengo|43/100
|move|p2b: Gholdengo|Shadow Ball|p1b: Whimsicott
|-damage|p1b: Whimsicott|0 fnt
|faint|p1b: Whimsicott
|move|p1a: Basculegion|Aqua Jet|p2b: Gholdengo
|-damage|p2b: Gholdengo|13/100
|
|-sideend|p1: chaewonstany|move: Tailwind
|-sideend|p2: trchlt1|move: Tailwind
|upkeep
|
|t:|1757703683
|switch|p1b: Archaludon|Archaludon, L50, F|44/100
|turn|5
|inactive|trchlt1 has 30 seconds left.
|
|t:|1757703716
|move|p2a: Whimsicott|Tailwind|p2a: Whimsicott
|-sidestart|p2: trchlt1|move: Tailwind
|move|p1a: Basculegion|Aqua Jet|p2a: Whimsicott
|-resisted|p2a: Whimsicott
|-damage|p2a: Whimsicott|0 fnt
|faint|p2a: Whimsicott
|move|p2b: Gholdengo|Shadow Ball|p1a: Basculegion
|-supereffective|p1a: Basculegion
|-damage|p1a: Basculegion|0 fnt
|faint|p1a: Basculegion
|move|p1b: Archaludon|Electro Shot||[still]
|-prepare|p1b: Archaludon|Electro Shot
|-boost|p1b: Archaludon|spa|1
|-enditem|p1b: Archaludon|Power Herb
|-anim|p1b: Archaludon|Electro Shot|p2b: Gholdengo
|-damage|p2b: Gholdengo|0 fnt
|faint|p2b: Gholdengo
|
|upkeep
|
|t:|1757703725
|switch|p2b: Dragonite|Dragonite, L50, F|100/100
|turn|6
|
|t:|1757703734
|move|p1b: Archaludon|Protect|p1b: Archaludon
|-singleturn|p1b: Archaludon|Protect
|move|p2b: Dragonite|Outrage|p1b: Archaludon
|-activate|p1b: Archaludon|move: Protect
|
|upkeep
|turn|7
|
|t:|1757703744
|move|p1b: Archaludon|Protect|p1b: Archaludon
|-singleturn|p1b: Archaludon|Protect
|move|p2b: Dragonite|Outrage|p1b: Archaludon
|-activate|p1b: Archaludon|move: Protect
|
|upkeep
|turn|8
|
|t:|1757703750
|move|p1b: Archaludon|Protect||[still]
|-fail|p1b: Archaludon
|move|p2b: Dragonite|Outrage|p1b: Archaludon
|-damage|p1b: Archaludon|0 fnt
|faint|p1b: Archaludon
|
|win|trchlt1
|raw|chaewonstany's rating: 1445 → 1421(-24 for losing)
|raw|trchlt1's rating: 1375 → 1399(+24 for winning)
