|j|☆beeetch
|j|☆Schroombert
|html|beeetchSchroombert    
|uhtml|bestof|Game 2 of a best-of-3
|t:|1754832745
|gametype|doubles
|player|p1|beeetch|beauty-gen4dp|1245
|player|p2|Schroombert|rancher|1240
|gen|9
|tier|[Gen 9] VGC 2025 Reg H (Bo3)
|rated|
|rule|Species Clause: Limit one of each Pokémon
|rule|Item Clause: Limit 1 of each item
|clearpoke
|poke|p1|Toedscruel, L50, M|
|poke|p1|Weezing-Galar, L50, F|
|poke|p1|Corviknight, L50, M|
|poke|p1|Pawmot, L50, F|
|poke|p1|Garchomp, L50, F|
|poke|p1|Typhlosion-Hisui, L50, F|
|poke|p2|Ursaluna-Bloodmoon, L50, M|
|poke|p2|Electabuzz, L50, M|
|poke|p2|Sneasler, L50, M|
|poke|p2|Indeedee, L50, M|
|poke|p2|Annihilape, L50, M|
|poke|p2|Whimsicott, L50, M|
|teampreview|4
|showteam|p1|Toedscruel||CovertCloak|MyceliumMight|Spore,EarthPower,AcidSpray,RagePowder|||M|||50|,,,,,Water]Weezing-Galar||ChoiceSpecs|NeutralizingGas|DazzlingGleam,SludgeBomb,StrangeSteam,Flamethrower|||F|||50|,,,,,Fire]Corviknight||SitrusBerry|MirrorArmor|Protect,Tailwind,Roost,BraveBird|||M|||50|,,,,,Dragon]Pawmot||FocusSash|NaturalCure|Protect,CloseCombat,DoubleShock,FakeOut|||F|||50|,,,,,Electric]Garchomp||LifeOrb|RoughSkin|Protect,Earthquake,DragonClaw,StompingTantrum|||F|||50|,,,,,Ground]Typhlosion-Hisui||ChoiceScarf|Blaze|Eruption,SleepTalk,HeatWave,ShadowBall|||F|||50|,,,,,Fire
|showteam|p2|Ursaluna-Bloodmoon||LifeOrb|MindsEye|BloodMoon,HyperVoice,EarthPower,Protect|||M|||50|,,,,,Normal]Electabuzz||Eviolite|VitalSpirit|Thunderbolt,FollowMe,HelpingHand,Protect|||M|||50|,,,,,Fairy]Sneasler||PsychicSeed|Unburden|CloseCombat,DireClaw,ThroatChop,Protect|||M|||50|,,,,,Dark]Indeedee||FocusSash|PsychicSurge|ExpandingForce,Imprison,TrickRoom,Protect|||M|||50|,,,,,Psychic]Annihilape||SafetyGoggles|Defiant|CloseCombat,RageFist,FinalGambit,Protect|||M|||50|,,,,,Fire]Whimsicott||CovertCloak|Prankster|Moonblast,Tailwind,BeatUp,Encore|||M|||50|,,,,,Steel
|inactive|Battle timer is ON: inactive players will automatically lose when time's up. (requested by Schroombert)
|inactive|Schroombert has 60 seconds left.
|
|t:|1754832781
|teamsize|p1|4
|teamsize|p2|4
|start
|switch|p1a: Weezing|Weezing-Galar, L50, F|100/100
|switch|p1b: Typhlosion|Typhlosion-Hisui, L50, F|100/100
|switch|p2a: Annihilape|Annihilape, L50, M, shiny|100/100
|switch|p2b: Electabuzz|Electabuzz, L50, M, shiny|100/100
|-ability|p1a: Weezing|Neutralizing Gas
|turn|1
|
|t:|1754832798
|move|p2a: Annihilape|Protect|p2a: Annihilape
|-singleturn|p2a: Annihilape|Protect
|move|p1b: Typhlosion|Shadow Ball|p2a: Annihilape
|-activate|p2a: Annihilape|move: Protect
|move|p2b: Electabuzz|Thunderbolt|p1b: Typhlosion
|-damage|p1b: Typhlosion|56/100
|-status|p1b: Typhlosion|par
|move|p1a: Weezing|Sludge Bomb|p2a: Annihilape
|-activate|p2a: Annihilape|move: Protect
|
|upkeep
|turn|2
|inactive|Schroombert has 30 seconds left.
|
|t:|1754832827
|-terastallize|p2a: Annihilape|Fire
|move|p2a: Annihilape|Rage Fist|p1a: Weezing
|-damage|p1a: Weezing|79/100
|move|p2b: Electabuzz|Thunderbolt|p1a: Weezing
|-damage|p1a: Weezing|39/100
|move|p1b: Typhlosion|Shadow Ball|p2a: Annihilape
|-damage|p2a: Annihilape|60/100
|move|p1a: Weezing|Sludge Bomb|p2b: Electabuzz
|-damage|p2b: Electabuzz|65/100
|
|upkeep
|turn|3
|
|t:|1754832845
|switch|p2b: Whimsicott|Whimsicott, L50, M, shiny|100/100
|move|p2a: Annihilape|Rage Fist|p1a: Weezing
|-damage|p1a: Weezing|0 fnt
|faint|p1a: Weezing
|-end|p1a: Weezing|ability: Neutralizing Gas
|cant|p1b: Typhlosion|par
|
|upkeep
|
|t:|1754832853
|switch|p1a: Garchomp|Garchomp, L50, F|100/100
|turn|4
|
|t:|1754832867
|switch|p1b: Corviknight|Corviknight, L50, M|100/100
|-terastallize|p1a: Garchomp|Ground
|move|p2a: Annihilape|Protect|p2a: Annihilape
|-singleturn|p2a: Annihilape|Protect
|move|p2b: Whimsicott|Tailwind|p2b: Whimsicott
|-sidestart|p2: Schroombert|move: Tailwind
|move|p1a: Garchomp|Earthquake|p2a: Annihilape|[spread] p2b
|-activate|p2a: Annihilape|move: Protect
|-immune|p1b: Corviknight
|-resisted|p2b: Whimsicott
|-damage|p2b: Whimsicott|58/100
|-damage|p1a: Garchomp|91/100|[from] item: Life Orb
|
|upkeep
|turn|5
|inactive|Schroombert has 30 seconds left.
|inactive|Schroombert has 20 seconds left.
|
|t:|1754832905
|move|p1a: Garchomp|Protect|p1a: Garchomp
|-singleturn|p1a: Garchomp|Protect
|move|p2b: Whimsicott|Beat Up|p2a: Annihilape
|-damage|p2a: Annihilape|58/100
|-damage|p2a: Annihilape|56/100
|-damage|p2a: Annihilape|53/100
|-damage|p2a: Annihilape|51/100
|-hitcount|p2a: Annihilape|4
|move|p2a: Annihilape|Rage Fist|p1a: Garchomp
|-activate|p1a: Garchomp|move: Protect
|move|p1b: Corviknight|Brave Bird|p2b: Whimsicott
|-supereffective|p2b: Whimsicott
|-damage|p2b: Whimsicott|0 fnt
|faint|p2b: Whimsicott
|-damage|p1b: Corviknight|86/100|[from] Recoil
|
|upkeep
|
|t:|1754832910
|switch|p2b: Electabuzz|Electabuzz, L50, M, shiny|65/100
|turn|6
|
|t:|1754832927
|switch|p1a: Typhlosion|Typhlosion-Hisui, L50, F|56/100 par
|move|p2a: Annihilape|Rage Fist|p1a: Typhlosion
|-supereffective|p1a: Typhlosion
|-damage|p1a: Typhlosion|0 fnt
|faint|p1a: Typhlosion
|move|p2b: Electabuzz|Thunderbolt|p1b: Corviknight
|-supereffective|p1b: Corviknight
|-damage|p1b: Corviknight|34/100
|-enditem|p1b: Corviknight|Sitrus Berry|[eat]
|-heal|p1b: Corviknight|59/100|[from] item: Sitrus Berry
|move|p1b: Corviknight|Tailwind|p1b: Corviknight
|-sidestart|p1: beeetch|move: Tailwind
|
|upkeep
|
|t:|1754832940
|switch|p1a: Garchomp|Garchomp, L50, F, tera:Ground|91/100
|turn|7
|
|t:|1754832954
|move|p1a: Garchomp|Earthquake|p2b: Electabuzz|[spread] p2a,p2b
|-immune|p1b: Corviknight
|-supereffective|p2a: Annihilape
|-supereffective|p2b: Electabuzz
|-damage|p2a: Annihilape|0 fnt
|-damage|p2b: Electabuzz|0 fnt
|faint|p2a: Annihilape
|faint|p2b: Electabuzz
|-damage|p1a: Garchomp|81/100|[from] item: Life Orb
|move|p1b: Corviknight|Roost|p1b: Corviknight
|-heal|p1b: Corviknight|100/100
|-singleturn|p1b: Corviknight|move: Roost
|
|-sideend|p2: Schroombert|move: Tailwind
|upkeep
|-message|Schroombert forfeited.
|raw|beeetch's rating: 1245 → 1270(+25 for winning)
|raw|Schroombert's rating: 1240 → 1215(-25 for losing)
|
|win|beeetch
|l|☆Schroombert
|player|p2|
