|j|☆daikyh
|j|☆dingle bong
|html|daikyhdingle bong    
|uhtml|bestof|Game 1 of a best-of-3
|t:|1783534651
|gametype|doubles
|player|p1|daikyh|101|1105
|player|p2|dingle bong|265|1119
|gen|9
|tier|[Gen 9 Champions] VGC 2026 Reg M-B (Bo3)
|rated|
|rule|Species Clause: Limit one of each Pokémon
|rule|Item Clause: Limit 1 of each item
|clearpoke
|poke|p1|Charizard, L50, M|
|poke|p1|Garchomp, L50, M, shiny|
|poke|p1|Incineroar, L50, F, shiny|
|poke|p1|Annihilape, L50, M|
|poke|p1|Toxapex, L50, F|
|poke|p1|Venusaur, L50, M|
|poke|p2|Mawile, L50, F|
|poke|p2|Basculegion, L50, M|
|poke|p2|Garchomp, L50, M|
|poke|p2|Whimsicott, L50, M|
|poke|p2|Farigiraf, L50, M|
|poke|p2|Charizard, L50, M|
|teampreview|4
|showteam|p1|Charizard||CharizarditeY|SolarPower|WeatherBall,HeatWave,Protect,HelpingHand|Modest||M|||50|]Garchomp||ChoiceScarf|RoughSkin|RockSlide,Earthquake,StompingTantrum,DragonClaw|Adamant||M|||50|]Incineroar||SitrusBerry|Intimidate|PartingShot,FakeOut,FlareBlitz,ThroatChop|Careful||F|||50|]Annihilape||FocusSash|Defiant|ShadowClaw,Protect,CloseCombat,StoneEdge|Jolly||M|||50|]Toxapex||Leftovers|Regenerator|BanefulBunker,Infestation,Toxic,WideGuard|Bold||F|||50|]Venusaur||LifeOrb|Chlorophyll|LeafStorm,Protect,SludgeBomb,EarthPower|Modest||M|||50|
|showteam|p2|Mawile||Mawilite|HyperCutter|PlayRough,SuckerPunch,IronHead,Protect|Adamant||F|||50|]Basculegion||MysticWater|Adaptability|WaveCrash,LastRespects,AquaJet,Protect|Adamant||M|||50|]Garchomp||LifeOrb|RoughSkin|Earthquake,DragonClaw,RockSlide,Protect|Jolly||M|||50|]Whimsicott||FocusSash|Prankster|Moonblast,Encore,Tailwind,Protect|Timid||M|||50|]Farigiraf||SitrusBerry|ArmorTail|TwinBeam,Thunderbolt,TrickRoom,HelpingHand|Bold||M|||50|]Charizard||CharizarditeY|Blaze|HeatWave,WeatherBall,SolarBeam,Protect|Modest||M|||50|
|inactive|Battle timer is ON: inactive players will automatically lose when time's up. (requested by daikyh)
|
|t:|1783534701
|teamsize|p1|4
|teamsize|p2|4
|start
|switch|p1a: Incineroar|Incineroar, L50, F, shiny|100/100
|switch|p1b: Toxapex|Toxapex, L50, F|100/100
|switch|p2a: Garchomp|Garchomp, L50, M|100/100
|switch|p2b: Farigiraf|Farigiraf, L50, M|100/100
|-ability|p1a: Incineroar|Intimidate|boost
|-unboost|p2a: Garchomp|atk|1
|-unboost|p2b: Farigiraf|atk|1
|turn|1
|inactive|daikyh has 30 seconds left.
|
|t:|1783534727
|switch|p2a: Charizard|Charizard, L50, M|100/100
|move|p1b: Toxapex|Wide Guard|p1b: Toxapex
|-singleturn|p1b: Toxapex|Wide Guard
|move|p1a: Incineroar|Parting Shot|p2a: Charizard
|-unboost|p2a: Charizard|atk|1
|-unboost|p2a: Charizard|spa|1
|
|t:|1783534734
|switch|p1a: Garchomp|Garchomp, L50, M, shiny|100/100|[from] Parting Shot
|move|p2b: Farigiraf|Twin Beam|p1b: Toxapex
|-supereffective|p1b: Toxapex|1
|-damage|p1b: Toxapex|79/100
|-supereffective|p1b: Toxapex|1
|-damage|p1b: Toxapex|55/100
|-hitcount|p1b: Toxapex|2
|
|-heal|p1b: Toxapex|61/100|[from] item: Leftovers
|upkeep
|turn|2
|
|t:|1783534754
|switch|p2a: Basculegion|Basculegion, L50, M|100/100
|-heal|p1b: Toxapex|94/100|[from] ability: Regenerator|[silent]
|switch|p1b: Incineroar|Incineroar, L50, F, shiny|100/100
|-ability|p1b: Incineroar|Intimidate|boost
|-unboost|p2a: Basculegion|atk|1
|-unboost|p2b: Farigiraf|atk|1
|move|p1a: Garchomp|Rock Slide|p2a: Basculegion|[spread] p2a,p2b
|-damage|p2a: Basculegion|76/100
|-damage|p2b: Farigiraf|83/100
|cant|p2b: Farigiraf|flinch
|
|upkeep
|turn|3
|
|t:|1783534775
|switch|p1a: Toxapex|Toxapex, L50, F|94/100
|move|p2b: Farigiraf|Helping Hand|p2a: Basculegion
|-singleturn|p2a: Basculegion|Helping Hand|[of] p2b: Farigiraf
|move|p2a: Basculegion|Wave Crash|p1b: Incineroar
|-supereffective|p1b: Incineroar|1
|-damage|p1b: Incineroar|0 fnt
|faint|p1b: Incineroar
|-damage|p2a: Basculegion|43/100|[from] Recoil
|
|-heal|p1a: Toxapex|100/100|[from] item: Leftovers
|upkeep
|
|t:|1783534788
|switch|p1b: Garchomp|Garchomp, L50, M, shiny|100/100
|turn|4
|
|t:|1783534802
|move|p2a: Basculegion|Protect|p2a: Basculegion
|-singleturn|p2a: Basculegion|Protect
|move|p1b: Garchomp|Dragon Claw|p2a: Basculegion
|-activate|p2a: Basculegion|move: Protect
|move|p1a: Toxapex|Toxic|p2b: Farigiraf
|-status|p2b: Farigiraf|tox
|move|p2b: Farigiraf|Trick Room|p2b: Farigiraf
|-fieldstart|move: Trick Room|[of] p2b: Farigiraf
|
|-damage|p2b: Farigiraf|77/100 tox|[from] psn
|upkeep
|turn|5
|
|t:|1783534821
|switch|p2a: Charizard|Charizard, L50, M|100/100
|move|p1a: Toxapex|Infestation|p2b: Farigiraf
|-supereffective|p2b: Farigiraf|1
|-damage|p2b: Farigiraf|71/100 tox
|-activate|p2b: Farigiraf|move: Infestation|[of] p1a: Toxapex
|move|p2b: Farigiraf|Twin Beam|p1b: Garchomp
|-damage|p1b: Garchomp|82/100
|-damage|p1b: Garchomp|64/100
|-hitcount|p1b: Garchomp|2
|move|p1b: Garchomp|Dragon Claw|p2a: Charizard
|-damage|p2a: Charizard|60/100
|
|-damage|p2b: Farigiraf|59/100 tox|[from] psn
|-damage|p2b: Farigiraf|47/100 tox|[from] move: Infestation|[partiallytrapped]
|upkeep
|-enditem|p2b: Farigiraf|Sitrus Berry|[eat]
|-heal|p2b: Farigiraf|72/100 tox|[from] item: Sitrus Berry
|turn|6
|inactive|daikyh has 30 seconds left.
|
|t:|1783534847
|switch|p1b: Charizard|Charizard, L50, M|100/100
|detailschange|p2a: Charizard|Charizard-Mega-Y, L50, M
|-mega|p2a: Charizard|Charizard|Charizardite Y
|-weather|SunnyDay|[from] ability: Drought|[of] p2a: Charizard
|move|p1a: Toxapex|Infestation|p2a: Charizard
|-resisted|p2a: Charizard|2
|-damage|p2a: Charizard|59/100
|-activate|p2a: Charizard|move: Infestation|[of] p1a: Toxapex
|move|p2b: Farigiraf|Twin Beam|p1b: Charizard
|-damage|p1b: Charizard|82/100
|-damage|p1b: Charizard|62/100
|-hitcount|p1b: Charizard|2
|move|p2a: Charizard|Solar Beam||[still]
|-prepare|p2a: Charizard|Solar Beam
|-anim|p2a: Charizard|Solar Beam|p1b: Charizard
|-resisted|p1b: Charizard|2
|-damage|p1b: Charizard|48/100
|
|-weather|SunnyDay|[upkeep]
|-damage|p1b: Charizard|36/100|[from] ability: Solar Power|[of] p1b: Charizard
|-damage|p2b: Farigiraf|53/100 tox|[from] psn
|-damage|p2b: Farigiraf|41/100 tox|[from] move: Infestation|[partiallytrapped]
|-damage|p2a: Charizard|47/100|[from] move: Infestation|[partiallytrapped]
|upkeep
|turn|7
|inactive|dingle bong has 30 seconds left.
|inactive|dingle bong has 20 seconds left.
|inactive|dingle bong has 15 seconds left.
|
|t:|1783534890
|detailschange|p1b: Charizard|Charizard-Mega-Y, L50, M
|-mega|p1b: Charizard|Charizard|Charizardite Y
|move|p1b: Charizard|Protect|p1b: Charizard
|-singleturn|p1b: Charizard|Protect
|move|p1a: Toxapex|Toxic|p2a: Charizard
|-status|p2a: Charizard|tox
|move|p2b: Farigiraf|Twin Beam|p1a: Toxapex
|-supereffective|p1a: Toxapex|1
|-damage|p1a: Toxapex|75/100
|-supereffective|p1a: Toxapex|1
|-damage|p1a: Toxapex|52/100
|-hitcount|p1a: Toxapex|2
|move|p2a: Charizard|Solar Beam||[still]
|-prepare|p2a: Charizard|Solar Beam
|-anim|p2a: Charizard|Solar Beam|p1a: Toxapex
|-damage|p1a: Toxapex|18/100
|
|-weather|SunnyDay|[upkeep]
|-heal|p1a: Toxapex|24/100|[from] item: Leftovers
|-damage|p2b: Farigiraf|17/100 tox|[from] psn
|-damage|p2a: Charizard|41/100 tox|[from] psn
|-damage|p2b: Farigiraf|5/100 tox|[from] move: Infestation|[partiallytrapped]
|-damage|p2a: Charizard|29/100 tox|[from] move: Infestation|[partiallytrapped]
|upkeep
|turn|8
|inactive|daikyh has 30 seconds left.
|
|t:|1783534922
|move|p1a: Toxapex|Baneful Bunker|p1a: Toxapex
|-singleturn|p1a: Toxapex|move: Protect
|move|p2b: Farigiraf|Twin Beam|p1b: Charizard
|-damage|p1b: Charizard|21/100
|-damage|p1b: Charizard|8/100
|-hitcount|p1b: Charizard|2
|move|p2a: Charizard|Solar Beam||[still]
|-prepare|p2a: Charizard|Solar Beam
|-anim|p2a: Charizard|Solar Beam|p1b: Charizard
|-resisted|p1b: Charizard|2
|-damage|p1b: Charizard|0 fnt
|faint|p1b: Charizard
|
|-weather|SunnyDay|[upkeep]
|-heal|p1a: Toxapex|29/100|[from] item: Leftovers
|-damage|p2b: Farigiraf|0 fnt|[from] psn
|faint|p2b: Farigiraf
|-damage|p2a: Charizard|17/100 tox|[from] psn
|-damage|p2a: Charizard|5/100 tox|[from] move: Infestation|[partiallytrapped]
|-fieldend|move: Trick Room
|upkeep
|
|t:|1783534946
|switch|p1b: Garchomp|Garchomp, L50, M, shiny|64/100
|switch|p2b: Garchomp|Garchomp, L50, M|100/100
|turn|9
|
|t:|1783534968
|move|p1b: Garchomp|Dragon Claw|p2b: Garchomp
|-supereffective|p2b: Garchomp|1
|-damage|p2b: Garchomp|15/100
|-damage|p1b: Garchomp|51/100|[from] ability: Rough Skin|[of] p2b: Garchomp
|move|p2b: Garchomp|Dragon Claw|p1b: Garchomp
|-supereffective|p1b: Garchomp|1
|-damage|p1b: Garchomp|0 fnt
|-damage|p2b: Garchomp|3/100|[from] ability: Rough Skin|[of] p1b: Garchomp
|faint|p1b: Garchomp
|-damage|p2b: Garchomp|0 fnt|[from] item: Life Orb
|faint|p2b: Garchomp
|move|p2a: Charizard|Solar Beam||[still]
|-prepare|p2a: Charizard|Solar Beam
|-anim|p2a: Charizard|Solar Beam|p1a: Toxapex
|-crit|p1a: Toxapex
|-damage|p1a: Toxapex|0 fnt
|faint|p1a: Toxapex
|
|win|dingle bong
|inactive|daikyh has 30 seconds to confirm battle start!
|inactive|dingle bong has 30 seconds to confirm battle start!
||daikyh is ready for game 2.
||dingle bong is ready for game 2.
|uhtml|next|Next: Game 2 of 3
|l|☆daikyh
|player|p1|
