|j|☆discobarbarella1
|j|☆cronizxl
|html|discobarbarella1cronizxl    
|uhtml|bestof|Game 1 of a best-of-3
|t:|1783111396
|gametype|doubles
|player|p1|discobarbarella1|lance|1000
|player|p2|cronizxl|169|1000
|gen|9
|tier|[Gen 9 Champions] VGC 2026 Reg M-B (Bo3)
|rated|
|rule|Species Clause: Limit one of each Pokémon
|rule|Item Clause: Limit 1 of each item
|clearpoke
|poke|p1|Floette-Eternal, L50, F|
|poke|p1|Delphox, L50, F|
|poke|p1|Kingambit, L50, M|
|poke|p1|Incineroar, L50, M|
|poke|p1|Sinistcha, L50|
|poke|p1|Sneasler, L50, F|
|poke|p2|Palafin, L50, F|
|poke|p2|Swampert, L50, M|
|poke|p2|Basculegion, L50, M|
|poke|p2|Blastoise, L50, F|
|poke|p2|Pelipper, L50, M, shiny|
|poke|p2|Toxapex, L50, F, shiny|
|teampreview|4
|showteam|p1|Floette-Eternal||Floettite|FlowerVeil|DazzlingGleam,DrainingKiss,CalmMind,Protect|Timid||F|||50|]Delphox||Delphoxite|Blaze|HeatWave,Psyshock,NastyPlot,Protect|Timid||F|||50|]Kingambit||BlackGlasses|Defiant|KowtowCleave,SuckerPunch,SwordsDance,Protect|Adamant||M|||50|]Incineroar||SitrusBerry|Intimidate|FakeOut,FlareBlitz,ThroatChop,PartingShot|Careful||M|||50|]Sinistcha||KasibBerry|Hospitality|MatchaGotcha,RagePowder,TrickRoom,Protect|Bold|||||50|]Sneasler||FocusSash|PoisonTouch|FakeOut,DireClaw,CloseCombat,QuickAttack|Jolly||F|||50|
|showteam|p2|Palafin||ChoiceScarf|ZerotoHero|FlipTurn,WaveCrash,CloseCombat,Acrobatics|Adamant||F|||50|]Swampert||Swampertite|Torrent|FlipTurn,WaveCrash,Earthquake,BulkUp|Adamant||M|||50|]Basculegion||LifeOrb|Adaptability|WaveCrash,HeadSmash,Outrage,PhantomForce|Jolly||M|||50|]Blastoise||Blastoisinite|Torrent|HydroPump,Blizzard,Surf,AuraSphere|Modest||F|||50|]Pelipper||DampRock|Drizzle|Tailwind,IceBeam,Hurricane,KnockOff|Sassy||M|||50|]Toxapex||Leftovers|Regenerator|BanefulBunker,Hex,Recover,LightScreen|Relaxed||F|||50|
|
|t:|1783111434
|teamsize|p1|4
|teamsize|p2|4
|start
|switch|p1a: Floette|Floette-Eternal, L50, F|100/100
|switch|p1b: Incineroar|Incineroar, L50, M|100/100
|switch|p2a: Pelipper|Pelipper, L50, M, shiny|100/100
|switch|p2b: Swampert|Swampert, L50, M|100/100
|-ability|p1b: Incineroar|Intimidate|boost
|-unboost|p2a: Pelipper|atk|1
|-unboost|p2b: Swampert|atk|1
|-weather|RainDance|[from] ability: Drizzle|[of] p2a: Pelipper
|turn|1
|inactive|Battle timer is ON: inactive players will automatically lose when time's up. (requested by discobarbarella1)
|
|t:|1783111452
|detailschange|p1a: Floette|Floette-Mega, L50, F
|-mega|p1a: Floette|Floette|Floettite
|-ability|p1a: Floette|Fairy Aura
|detailschange|p2b: Swampert|Swampert-Mega, L50, M
|-mega|p2b: Swampert|Swampert|Swampertite
|move|p1b: Incineroar|Fake Out|p2b: Swampert
|-damage|p2b: Swampert|91/100
|cant|p2b: Swampert|flinch
|move|p1a: Floette|Calm Mind|p1a: Floette
|-boost|p1a: Floette|spa|1
|-boost|p1a: Floette|spd|1
|move|p2a: Pelipper|Tailwind|p2a: Pelipper
|-sidestart|p2: cronizxl|move: Tailwind
|
|-weather|RainDance|[upkeep]
|upkeep
|turn|2
|inactive|discobarbarella1 has 30 seconds left.
|
|t:|1783111477
|switch|p1b: Sinistcha|Sinistcha, L50|100/100
|move|p1a: Floette|Protect|p1a: Floette
|-singleturn|p1a: Floette|Protect
|move|p2b: Swampert|Flip Turn|p1b: Sinistcha
|-resisted|p1b: Sinistcha|1
|-damage|p1b: Sinistcha|84/100
|
|t:|1783111485
|switch|p2b: Palafin|Palafin, L50, F|100/100|[from] Flip Turn
|move|p2a: Pelipper|Hurricane|p1a: Floette
|-activate|p1a: Floette|move: Protect
|
|-weather|RainDance|[upkeep]
|upkeep
|turn|3
|
|t:|1783111495
|switch|p1b: Incineroar|Incineroar, L50, M|100/100
|-ability|p1b: Incineroar|Intimidate|boost
|-unboost|p2a: Pelipper|atk|1
|-unboost|p2b: Palafin|atk|1
|move|p2b: Palafin|Flip Turn|p1a: Floette
|-damage|p1a: Floette|75/100
|
|t:|1783111504
|detailschange|p2b: Palafin|Palafin-Hero, L50, F
|switch|p2b: Swampert|Swampert-Mega, L50, M|91/100|[from] Flip Turn
|move|p1a: Floette|Dazzling Gleam|p2b: Swampert|[spread] p2a,p2b
|-damage|p2a: Pelipper|42/100
|-damage|p2b: Swampert|42/100
|move|p2a: Pelipper|Hurricane|p1b: Incineroar
|-damage|p1b: Incineroar|70/100
|
|-weather|RainDance|[upkeep]
|upkeep
|turn|4
|
|t:|1783111516
|move|p1b: Incineroar|Fake Out|p2b: Swampert
|-damage|p2b: Swampert|34/100
|cant|p2b: Swampert|flinch
|move|p1a: Floette|Calm Mind|p1a: Floette
|-boost|p1a: Floette|spa|1
|-boost|p1a: Floette|spd|1
|move|p2a: Pelipper|Hurricane|p1a: Floette
|-damage|p1a: Floette|58/100
|
|-weather|RainDance|[upkeep]
|-sideend|p2: cronizxl|move: Tailwind
|upkeep
|turn|5
|
|t:|1783111528
|switch|p1b: Sinistcha|Sinistcha, L50|84/100
|-heal|p1a: Floette|83/100|[from] ability: Hospitality|[of] p1b: Sinistcha
|move|p2b: Swampert|Earthquake|p1b: Sinistcha|[spread] p1a,p1b
|-immune|p2a: Pelipper
|-resisted|p1b: Sinistcha|1
|-damage|p1a: Floette|33/100
|-damage|p1b: Sinistcha|67/100
|move|p1a: Floette|Dazzling Gleam|p2b: Swampert|[spread] p2a,p2b
|-damage|p2a: Pelipper|0 fnt
|-damage|p2b: Swampert|0 fnt
|faint|p2a: Pelipper
|faint|p2b: Swampert
|
|-weather|RainDance|[upkeep]
|upkeep
|inactive|cronizxl has 30 seconds left.
|
|t:|1783111563
|switch|p2b: Basculegion|Basculegion, L50, M|100/100
|switch|p2a: Palafin|Palafin-Hero, L50, F|100/100
|-activate|p2a: Palafin|ability: Zero to Hero
|turn|6
|
|t:|1783111580
|switch|p1b: Incineroar|Incineroar, L50, M|70/100
|-ability|p1b: Incineroar|Intimidate|boost
|-unboost|p2a: Palafin|atk|1
|-unboost|p2b: Basculegion|atk|1
|move|p1a: Floette|Protect|p1a: Floette
|-singleturn|p1a: Floette|Protect
|move|p2a: Palafin|Acrobatics|p1b: Incineroar
|-damage|p1b: Incineroar|55/100
|move|p2b: Basculegion|Head Smash|p1a: Floette
|-activate|p1a: Floette|move: Protect
|
|-weather|RainDance|[upkeep]
|upkeep
|turn|7
|
|t:|1783111598
|switch|p1b: Sinistcha|Sinistcha, L50|67/100
|-heal|p1a: Floette|57/100|[from] ability: Hospitality|[of] p1b: Sinistcha
|move|p2a: Palafin|Acrobatics|p1b: Sinistcha
|-supereffective|p1b: Sinistcha|1
|-damage|p1b: Sinistcha|44/100
|move|p1a: Floette|Dazzling Gleam|p2a: Palafin|[spread] p2a,p2b
|-damage|p2a: Palafin|3/100
|-damage|p2b: Basculegion|14/100
|move|p2b: Basculegion|Head Smash|p1a: Floette
|-damage|p1a: Floette|16/100
|-damage|p2b: Basculegion|0 fnt|[from] Recoil
|faint|p2b: Basculegion
|
|-weather|RainDance|[upkeep]
|upkeep
|turn|8
|-message|cronizxl forfeited.
|
|win|discobarbarella1
