|j|☆Low Tier Goodra
|j|☆eggtophat_real
|html|Low Tier Goodraeggtophat_real    
|uhtml|bestof|Game 2 of a best-of-3
|t:|1757090128
|gametype|doubles
|player|p1|Low Tier Goodra|jasmine|1233
|player|p2|eggtophat_real|miku-fire|1120
|gen|9
|tier|[Gen 9] VGC 2025 Reg H (Bo3)
|rated|
|rule|Species Clause: Limit one of each Pokémon
|rule|Item Clause: Limit 1 of each item
|clearpoke
|poke|p1|Indeedee, L50, F|
|poke|p1|Torkoal, L50, M|
|poke|p1|Sinistcha-Masterpiece, L50|
|poke|p1|Rillaboom, L50, M|
|poke|p1|Ursaluna, L50, M|
|poke|p1|Incineroar, L50, M|
|poke|p2|Gholdengo, L50|
|poke|p2|Sneasler, L50, M|
|poke|p2|Rillaboom, L50, M|
|poke|p2|Dragonite, L50, F|
|poke|p2|Ninetales-Alola, L50, M|
|poke|p2|Arcanine-Hisui, L50, F|
|teampreview|4
|showteam|p1|Indeedee||PsychicSeed|PsychicSurge|ExpandingForce,Imprison,TrickRoom,Protect|||F|||50|,,,,,Psychic]Torkoal||Leftovers|Drought|Eruption,HeatWave,EarthPower,Protect|||M|||50|,,,,,Fire]Sinistcha-Masterpiece||GrassySeed|Heatproof|MatchaGotcha,ShadowBall,CalmMind,TrickRoom||||||50|,,,,,Fairy]Rillaboom||CovertCloak|GrassySurge|WoodHammer,Uturn,Taunt,FakeOut|||M|||50|,,,,,Water]Ursaluna||FlameOrb|Guts|HeadlongRush,Facade,Substitute,Protect|||M|||50|,,,,,Ghost]Incineroar||SafetyGoggles|Intimidate|FlareBlitz,KnockOff,Taunt,FakeOut|||M|||50|,,,,,Ghost
|showteam|p2|Gholdengo||GrassySeed|GoodasGold|NastyPlot,MakeItRain,ShadowBall,Protect||||||50|,,,,,Water]Sneasler||WhiteHerb|Unburden|CloseCombat,DireClaw,Coaching,Protect|||M|||50|,,,,,Ghost]Rillaboom||AssaultVest|GrassySurge|FakeOut,GrassyGlide,DrumBeating,HighHorsepower|||M|||50|,,,,,Fire]Dragonite||LoadedDice|Multiscale|ScaleShot,StompingTantrum,Tailwind,Protect|||F|||50|,,,,,Ground]Ninetales-Alola||FocusSash|SnowWarning|Blizzard,IcyWind,Encore,AuroraVeil|||M|||50|,,,,,Ghost]Arcanine-Hisui||ClearAmulet|Intimidate|RockSlide,FlareBlitz,ExtremeSpeed,Protect|||F|||50|,,,,,Water
|inactive|Battle timer is ON: inactive players will automatically lose when time's up. (requested by eggtophat_real)
|inactive|eggtophat_real has 60 seconds left.
|
|t:|1757090167
|teamsize|p1|4
|teamsize|p2|4
|start
|switch|p1a: Sinistcha|Sinistcha-Masterpiece, L50|100/100
|switch|p1b: Rillaboom|Rillaboom, L50, M|100/100
|switch|p2a: Arcanine|Arcanine-Hisui, L50, F|100/100
|switch|p2b: Sneasler|Sneasler, L50, M|100/100
|-ability|p2a: Arcanine|Intimidate|boost
|-unboost|p1a: Sinistcha|atk|1
|-unboost|p1b: Rillaboom|atk|1
|-fieldstart|move: Grassy Terrain|[from] ability: Grassy Surge|[of] p1b: Rillaboom
|-enditem|p1a: Sinistcha|Grassy Seed
|-boost|p1a: Sinistcha|def|1|[from] item: Grassy Seed
|turn|1
|inactive|eggtophat_real has 30 seconds left.
|
|t:|1757090194
|move|p2a: Arcanine|Protect|p2a: Arcanine
|-singleturn|p2a: Arcanine|Protect
|move|p1b: Rillaboom|Fake Out|p2a: Arcanine
|-activate|p2a: Arcanine|move: Protect
|move|p2b: Sneasler|Coaching|p2a: Arcanine
|-boost|p2a: Arcanine|atk|1
|-boost|p2a: Arcanine|def|1
|move|p1a: Sinistcha|Trick Room|p1a: Sinistcha
|-fieldstart|move: Trick Room|[of] p1a: Sinistcha
|
|upkeep
|turn|2
|
|t:|1757090215
|move|p1a: Sinistcha|Matcha Gotcha|p2a: Arcanine|[spread] p2a,p2b
|-resisted|p2b: Sneasler
|-damage|p2a: Arcanine|44/100
|-damage|p2b: Sneasler|73/100
|move|p1b: Rillaboom|Wood Hammer|p2a: Arcanine
|-damage|p2a: Arcanine|0 fnt
|faint|p2a: Arcanine
|-damage|p1b: Rillaboom|87/100|[from] Recoil
|move|p2b: Sneasler|Coaching|p2: Arcanine|[notarget]
|-fail|p2b: Sneasler
|
|-heal|p1b: Rillaboom|93/100|[from] Grassy Terrain
|-heal|p2b: Sneasler|80/100|[from] Grassy Terrain
|upkeep
|
|t:|1757090223
|switch|p2a: Ninetales|Ninetales-Alola, L50, M|100/100
|-weather|Snowscape|[from] ability: Snow Warning|[of] p2a: Ninetales
|turn|3
|
|t:|1757090239
|switch|p1b: Torkoal|Torkoal, L50, M|100/100
|-weather|SunnyDay|[from] ability: Drought|[of] p1b: Torkoal
|move|p1a: Sinistcha|Calm Mind|p1a: Sinistcha
|-boost|p1a: Sinistcha|spa|1
|-boost|p1a: Sinistcha|spd|1
|move|p2b: Sneasler|Dire Claw|p1b: Torkoal
|-damage|p1b: Torkoal|71/100
|move|p2a: Ninetales|Blizzard|p1b: Torkoal|[spread] p1a,p1b
|-supereffective|p1a: Sinistcha
|-resisted|p1b: Torkoal
|-damage|p1a: Sinistcha|47/100
|-damage|p1b: Torkoal|52/100
|
|-weather|SunnyDay|[upkeep]
|-heal|p1b: Torkoal|58/100|[from] Grassy Terrain
|-heal|p1b: Torkoal|64/100|[from] item: Leftovers
|-heal|p1a: Sinistcha|53/100|[from] Grassy Terrain
|-heal|p2b: Sneasler|86/100|[from] Grassy Terrain
|upkeep
|turn|4
|
|t:|1757090260
|move|p1b: Torkoal|Earth Power|p2b: Sneasler
|-supereffective|p2b: Sneasler
|-damage|p2b: Sneasler|18/100
|move|p1a: Sinistcha|Matcha Gotcha|p2a: Ninetales|[spread] p2a,p2b
|-resisted|p2b: Sneasler
|-damage|p2a: Ninetales|23/100
|-heal|p1a: Sinistcha|85/100|[from] drain|[of] p2a: Ninetales
|-damage|p2b: Sneasler|0 fnt
|-heal|p1a: Sinistcha|94/100|[from] drain|[of] p2b: Sneasler
|faint|p2b: Sneasler
|move|p2a: Ninetales|Blizzard|p1a: Sinistcha|[spread] p1a,p1b
|-supereffective|p1a: Sinistcha
|-resisted|p1b: Torkoal
|-crit|p1b: Torkoal
|-damage|p1a: Sinistcha|43/100
|-damage|p1b: Torkoal|34/100
|
|-weather|SunnyDay|[upkeep]
|-heal|p1b: Torkoal|41/100|[from] Grassy Terrain
|-heal|p1b: Torkoal|47/100|[from] item: Leftovers
|-heal|p1a: Sinistcha|49/100|[from] Grassy Terrain
|-heal|p2a: Ninetales|29/100|[from] Grassy Terrain
|upkeep
|
|t:|1757090266
|switch|p2b: Rillaboom|Rillaboom, L50, M|100/100
|turn|5
|
|t:|1757090285
|move|p2b: Rillaboom|Fake Out|p1b: Torkoal
|-damage|p1b: Torkoal|38/100
|cant|p1b: Torkoal|flinch
|move|p1a: Sinistcha|Matcha Gotcha|p2a: Ninetales|[spread] p2a,p2b
|-resisted|p2b: Rillaboom
|-damage|p2a: Ninetales|0 fnt
|-heal|p1a: Sinistcha|61/100|[from] drain|[of] p2a: Ninetales
|-damage|p2b: Rillaboom|72/100
|-heal|p1a: Sinistcha|76/100|[from] drain|[of] p2b: Rillaboom
|faint|p2a: Ninetales
|
|-weather|SunnyDay|[upkeep]
|-heal|p1b: Torkoal|44/100|[from] Grassy Terrain
|-heal|p1b: Torkoal|50/100|[from] item: Leftovers
|-heal|p1a: Sinistcha|83/100|[from] Grassy Terrain
|-heal|p2b: Rillaboom|78/100|[from] Grassy Terrain
|-fieldend|move: Trick Room
|-fieldend|move: Grassy Terrain
|upkeep
|turn|6
|-message|eggtophat_real forfeited.
|
|win|Low Tier Goodra
