|j|☆PiablosVGC
|j|☆kommander
|html|PiablosVGCkommander    
|uhtml|bestof|Game 2 of a best-of-3
|t:|1784394339
|gametype|doubles
|player|p1|PiablosVGC|169|
|player|p2|kommander|#smogonxnpa2025winner|
|gen|9
|tier|[Gen 9 Champions] VGC 2026 Reg M-B (Bo3)
|rule|Species Clause: Limit one of each Pokémon
|rule|Item Clause: Limit 1 of each item
|clearpoke
|poke|p1|Incineroar, L50, M|
|poke|p1|Sneasler, L50, F|
|poke|p1|Kingambit, L50, M|
|poke|p1|Basculegion, L50, M|
|poke|p1|Dragonite, L50, M|
|poke|p1|Froslass, L50, F|
|poke|p2|Delphox, L50, M|
|poke|p2|Blastoise, L50, F|
|poke|p2|Sneasler, L50, F|
|poke|p2|Incineroar, L50, M|
|poke|p2|Sinistcha, L50|
|poke|p2|Kingambit, L50, F|
|teampreview|4
|showteam|p1|Incineroar||SitrusBerry|Intimidate|FakeOut,PartingShot,FlareBlitz,DarkestLariat|Careful||M|||50|]Sneasler||WhiteHerb|Unburden|Protect,FakeOut,DireClaw,CloseCombat|Jolly||F|||50|]Kingambit||BlackGlasses|Defiant|SuckerPunch,IronHead,Protect,KowtowCleave|Adamant||M|||50|]Basculegion||LifeOrb|Adaptability|Protect,LastRespects,WaveCrash,AquaJet|Jolly||M|||50|]Dragonite||Dragoninite|InnerFocus|Tailwind,Protect,DragonPulse,Flamethrower|Timid||M|||50|]Froslass||Froslassite|CursedBody|Protect,Blizzard,ShadowBall,AuroraVeil|Timid||F|||50|
|showteam|p2|Delphox||Delphoxite|Blaze|HeatWave,Psyshock,NastyPlot,Protect|Timid||M|||50|]Blastoise||Blastoisinite|RainDish|WaterSpout,DarkPulse,ShellSmash,Protect|Modest||F|||50|]Sneasler||FocusSash|PoisonTouch|DireClaw,CloseCombat,FakeOut,QuickGuard|Jolly||F|||50|]Incineroar||SitrusBerry|Intimidate|ThroatChop,FlareBlitz,FakeOut,PartingShot|Impish||M|||50|]Sinistcha||OccaBerry|Hospitality|MatchaGotcha,RagePowder,TrickRoom,Protect|Relaxed|||||50|]Kingambit||BlackGlasses|Defiant|KowtowCleave,SuckerPunch,SwordsDance,Protect|Adamant||F|||50|
|j| rooftni
|j| charliezard7
|j| Lugia▼▲²JP
|j| woopre
|j| haxlolo
|inactive|Battle timer is ON: inactive players will automatically lose when time's up. (requested by PiablosVGC)
|
|t:|1784394414
|teamsize|p1|4
|teamsize|p2|4
|start
|switch|p1a: Dragonite|Dragonite, L50, M|100/100
|switch|p1b: Sneasler|Sneasler, L50, F|100/100
|switch|p2a: Sneasler|Sneasler, L50, F|100/100
|switch|p2b: Delphox|Delphox, L50, M|100/100
|turn|1
|inactive|PiablosVGC has 30 seconds left.
|
|t:|1784394450
|detailschange|p2b: Delphox|Delphox-Mega, L50, M
|-mega|p2b: Delphox|Delphox|Delphoxite
|move|p2a: Sneasler|Fake Out|p1a: Dragonite
|-damage|p1a: Dragonite|85/100
|move|p1b: Sneasler|Fake Out|p2b: Delphox
|-damage|p2b: Delphox|84/100
|cant|p2b: Delphox|flinch
|move|p1a: Dragonite|Tailwind|p1a: Dragonite
|-sidestart|p1: PiablosVGC|move: Tailwind
|
|upkeep
|turn|2
|
|t:|1784394473
|switch|p2a: Incineroar|Incineroar, L50, M|100/100
|-ability|p2a: Incineroar|Intimidate|boost
|-fail|p1a: Dragonite|unboost|Attack|[from] ability: Inner Focus|[of] p1a: Dragonite
|-unboost|p1b: Sneasler|atk|1
|-enditem|p1b: Sneasler|White Herb
|-clearnegativeboost|p1b: Sneasler|[silent]
|detailschange|p1a: Dragonite|Dragonite-Mega, L50, M
|-mega|p1a: Dragonite|Dragonite|Dragoninite
|move|p1b: Sneasler|Dire Claw|p2a: Incineroar
|-damage|p2a: Incineroar|68/100
|move|p1a: Dragonite|Dragon Pulse|p2a: Incineroar
|-damage|p2a: Incineroar|26/100
|-enditem|p2a: Incineroar|Sitrus Berry|[eat]
|-heal|p2a: Incineroar|51/100|[from] item: Sitrus Berry
|move|p2b: Delphox|Psyshock|p1b: Sneasler
|-supereffective|p1b: Sneasler|2
|-damage|p1b: Sneasler|0 fnt
|faint|p1b: Sneasler
|
|upkeep
|
|t:|1784394497
|switch|p1b: Basculegion|Basculegion, L50, M|100/100
|turn|3
|inactive|PiablosVGC has 30 seconds left.
|j| peum
|inactive|PiablosVGC has 20 seconds left.
|j| greninja-war-bond
|inactive|PiablosVGC has 15 seconds left.
|inactive|PiablosVGC has 10 seconds left.
|
|t:|1784394546
|move|p2b: Delphox|Protect|p2b: Delphox
|-singleturn|p2b: Delphox|Protect
|move|p1a: Dragonite|Dragon Pulse|p2b: Delphox
|-activate|p2b: Delphox|move: Protect
|move|p1b: Basculegion|Wave Crash|p2a: Incineroar
|-supereffective|p2a: Incineroar|1
|-damage|p2a: Incineroar|0 fnt
|faint|p2a: Incineroar
|-damage|p1b: Basculegion|82/100|[from] Recoil
|-damage|p1b: Basculegion|73/100|[from] item: Life Orb
|
|upkeep
|
|t:|1784394555
|switch|p2a: Sinistcha|Sinistcha, L50|100/100
|-heal|p2b: Delphox|100/100|[from] ability: Hospitality|[of] p2a: Sinistcha
|turn|4
|inactive|kommander has 30 seconds left.
|inactive|PiablosVGC has 30 seconds left.
|
|t:|1784394587
|move|p2a: Sinistcha|Rage Powder|p2a: Sinistcha
|-singleturn|p2a: Sinistcha|move: Rage Powder
|move|p1a: Dragonite|Dragon Pulse|p2a: Sinistcha
|-crit|p2a: Sinistcha
|-damage|p2a: Sinistcha|28/100
|move|p1b: Basculegion|Last Respects|p2a: Sinistcha
|-supereffective|p2a: Sinistcha|1
|-damage|p2a: Sinistcha|0 fnt
|faint|p2a: Sinistcha
|-damage|p1b: Basculegion|63/100|[from] item: Life Orb
|move|p2b: Delphox|Nasty Plot|p2b: Delphox
|-boost|p2b: Delphox|spa|2
|
|-sideend|p1: PiablosVGC|move: Tailwind
|upkeep
|
|t:|1784394593
|switch|p2a: Sneasler|Sneasler, L50, F|100/100
|turn|5
|
|t:|1784394617
|move|p2a: Sneasler|Fake Out|p1a: Dragonite
|-damage|p1a: Dragonite|71/100
|move|p1b: Basculegion|Aqua Jet|p2b: Delphox
|-supereffective|p2b: Delphox|1
|-damage|p2b: Delphox|24/100
|-damage|p1b: Basculegion|53/100|[from] item: Life Orb
|move|p2b: Delphox|Psyshock|p1b: Basculegion
|-crit|p1b: Basculegion
|-damage|p1b: Basculegion|0 fnt
|faint|p1b: Basculegion
|cant|p1a: Dragonite|flinch
|
|upkeep
|
|t:|1784394623
|switch|p1b: Kingambit|Kingambit, L50, M|100/100
|turn|6
|inactive|PiablosVGC has 30 seconds left.
|inactive|kommander has 30 seconds left.
|
|t:|1784394661
|move|p2a: Sneasler|Quick Guard|p2a: Sneasler
|-singleturn|p2a: Sneasler|Quick Guard
|move|p1b: Kingambit|Sucker Punch||[still]
|-fail|p1b: Kingambit
|move|p2b: Delphox|Psyshock|p1a: Dragonite
|-damage|p1a: Dragonite|0 fnt
|faint|p1a: Dragonite
|
|upkeep
|turn|7
|c|☆PiablosVGC|gg
|
|t:|1784394675
|move|p2b: Delphox|Heat Wave|p1b: Kingambit
|-supereffective|p1b: Kingambit|1
|-damage|p1b: Kingambit|0 fnt
|faint|p1b: Kingambit
|
|win|kommander
||PiablosVGC is ready for game 3.
||kommander is ready for game 3.
|uhtml|next|Next: Game 3 of 3
|j| Destro16
|l|☆PiablosVGC
|player|p1|
|l| rooftni
|l|☆kommander
|player|p2|
|l| charliezard7
|j|☆kommander
|player|p2|kommander|#smogonxnpa2025winner|
