|j|☆Reynordg
|j|☆Bonetico16
|html|ReynordgBonetico16    
|uhtml|bestof|Game 2 of a best-of-3
|t:|1782528092
|gametype|doubles
|player|p1|Reynordg|266|
|player|p2|Bonetico16|266|
|gen|9
|tier|[Gen 9 Champions] VGC 2026 Reg M-B (Bo3)
|rule|Species Clause: Limit one of each Pokémon
|rule|Item Clause: Limit 1 of each item
|clearpoke
|poke|p1|Whimsicott, L50, M|
|poke|p1|Swampert, L50, M|
|poke|p1|Pelipper, L50, M|
|poke|p1|Archaludon, L50, F|
|poke|p1|Floette-Eternal, L50, F|
|poke|p1|Basculegion, L50, M|
|poke|p2|Scrafty, L50, M|
|poke|p2|Farigiraf, L50, F|
|poke|p2|Kingambit, L50, F|
|poke|p2|Pyroar, L50, M|
|poke|p2|Garchomp, L50, M|
|poke|p2|Torkoal, L50, F|
|teampreview|4
|showteam|p1|Whimsicott||CobaBerry|Prankster|Moonblast,Tailwind,Encore,Protect|Bold||M|||50|]Swampert||Swampertite|Torrent|WaveCrash,Earthquake,IcePunch,Protect|Adamant||M|||50|]Pelipper||LifeOrb|Drizzle|WeatherBall,Hurricane,Tailwind,Protect|Modest||M|||50|]Archaludon||Leftovers|Stamina|DracoMeteor,FlashCannon,ElectroShot,Protect|Modest||F|||50|]Floette-Eternal||Floettite|FlowerVeil|Moonblast,DazzlingGleam,LightofRuin,Protect|Modest||F|||50|]Basculegion||FocusSash|Adaptability|Liquidation,LastRespects,AquaJet,Protect|Adamant||M|||50|
|showteam|p2|Scrafty||Scraftinite|Intimidate|KnockOff,DrainPunch,IcePunch,FakeOut|Adamant||M|||50|]Farigiraf||SitrusBerry|ArmorTail|Psychic,Thunderbolt,TrickRoom,HelpingHand|Relaxed||F|||50|]Kingambit||FocusSash|Defiant|KowtowCleave,LowKick,SuckerPunch,Protect|Adamant||F|||50|]Pyroar||Pyroarite|Rivalry|Overheat,HeatWave,SolarBeam,Protect|Timid||M|||50|]Garchomp||LifeOrb|RoughSkin|Earthquake,DragonClaw,RockSlide,Protect|Jolly||M|||50|]Torkoal||Leftovers|Drought|HeatWave,Yawn,Protect,HelpingHand|Relaxed||F|||50|
|
|t:|1782528155
|teamsize|p1|4
|teamsize|p2|4
|start
|switch|p1a: Archaludon|Archaludon, L50, F|100/100
|switch|p1b: Whimsicott|Whimsicott, L50, M|100/100
|switch|p2a: Torkoal|Torkoal, L50, F|100/100
|switch|p2b: Farigiraf|Farigiraf, L50, F|100/100
|-weather|SunnyDay|[from] ability: Drought|[of] p2a: Torkoal
|turn|1
|
|t:|1782528190
|switch|p1b: Pelipper|Pelipper, L50, M|100/100
|-weather|RainDance|[from] ability: Drizzle|[of] p1b: Pelipper
|move|p1a: Archaludon|Electro Shot||[still]
|-prepare|p1a: Archaludon|Electro Shot
|-boost|p1a: Archaludon|spa|1
|-anim|p1a: Archaludon|Electro Shot|p2b: Farigiraf
|-damage|p2b: Farigiraf|41/100
|-enditem|p2b: Farigiraf|Sitrus Berry|[eat]
|-heal|p2b: Farigiraf|66/100|[from] item: Sitrus Berry
|move|p2b: Farigiraf|Thunderbolt|p1b: Pelipper
|-supereffective|p1b: Pelipper|2
|-damage|p1b: Pelipper|0 fnt
|faint|p1b: Pelipper
|move|p2a: Torkoal|Yawn|p1a: Archaludon
|-start|p1a: Archaludon|move: Yawn|[of] p2a: Torkoal
|
|-weather|RainDance|[upkeep]
|upkeep
|
|t:|1782528210
|switch|p1b: Swampert|Swampert, L50, M|100/100
|turn|2
|
|t:|1782528225
|switch|p2a: Kingambit|Kingambit, L50, F|100/100
|detailschange|p1b: Swampert|Swampert-Mega, L50, M
|-mega|p1b: Swampert|Swampert|Swampertite
|move|p1b: Swampert|Wave Crash|p2b: Farigiraf
|-damage|p2b: Farigiraf|0 fnt
|faint|p2b: Farigiraf
|-damage|p1b: Swampert|75/100|[from] Recoil
|move|p1a: Archaludon|Electro Shot||[still]
|-prepare|p1a: Archaludon|Electro Shot
|-boost|p1a: Archaludon|spa|1
|-anim|p1a: Archaludon|Electro Shot|p2a: Kingambit
|-damage|p2a: Kingambit|2/100
|
|-weather|RainDance|[upkeep]
|-end|p1a: Archaludon|move: Yawn|[silent]
|-status|p1a: Archaludon|slp
|upkeep
|
|t:|1782528242
|switch|p2b: Pyroar|Pyroar, L50, M|100/100
|turn|3
|
|t:|1782528266
|switch|p1b: Whimsicott|Whimsicott, L50, M|100/100
|switch|p2a: Torkoal|Torkoal, L50, F|100/100
|-weather|SunnyDay|[from] ability: Drought|[of] p2a: Torkoal
|detailschange|p2b: Pyroar|Pyroar-Mega, L50, M
|-mega|p2b: Pyroar|Pyroar|Pyroarite
|move|p2b: Pyroar|Solar Beam||[still]
|-prepare|p2b: Pyroar|Solar Beam
|-anim|p2b: Pyroar|Solar Beam|p1b: Whimsicott
|-resisted|p1b: Whimsicott|1
|-damage|p1b: Whimsicott|76/100
|cant|p1a: Archaludon|slp
|
|-weather|SunnyDay|[upkeep]
|upkeep
|turn|4
|
|t:|1782528283
|move|p1b: Whimsicott|Encore|p2b: Pyroar
|-start|p2b: Pyroar|Encore
|move|p2b: Pyroar|Solar Beam||[still]
|-prepare|p2b: Pyroar|Solar Beam
|-anim|p2b: Pyroar|Solar Beam|p1b: Whimsicott
|-resisted|p1b: Whimsicott|1
|-damage|p1b: Whimsicott|52/100
|cant|p1a: Archaludon|slp
|move|p2a: Torkoal|Heat Wave|p1a: Archaludon|[spread] p1a
|-miss|p2a: Torkoal|p1b: Whimsicott
|-damage|p1a: Archaludon|64/100 slp
|-ability|p1a: Archaludon|Stamina|boost
|-boost|p1a: Archaludon|def|1
|
|-weather|SunnyDay|[upkeep]
|-heal|p1a: Archaludon|71/100 slp|[from] item: Leftovers
|upkeep
|turn|5
|c|☆Bonetico16|:'v
|
|t:|1782528314
|move|p1b: Whimsicott|Tailwind|p1b: Whimsicott
|-sidestart|p1: Reynordg|move: Tailwind
|-curestatus|p1a: Archaludon|slp|[msg]
|move|p1a: Archaludon|Draco Meteor|p2a: Torkoal
|-damage|p2a: Torkoal|0 fnt
|-unboost|p1a: Archaludon|spa|2
|faint|p2a: Torkoal
|move|p2b: Pyroar|Solar Beam||[still]
|-prepare|p2b: Pyroar|Solar Beam
|-anim|p2b: Pyroar|Solar Beam|p1b: Whimsicott
|-resisted|p1b: Whimsicott|1
|-damage|p1b: Whimsicott|26/100
|
|-weather|SunnyDay|[upkeep]
|-heal|p1a: Archaludon|77/100|[from] item: Leftovers
|upkeep
|
|t:|1782528327
|switch|p2a: Kingambit|Kingambit, L50, F|2/100
|turn|6
|
|t:|1782528341
|move|p1b: Whimsicott|Protect|p1b: Whimsicott
|-singleturn|p1b: Whimsicott|Protect
|move|p2a: Kingambit|Sucker Punch||[still]
|-fail|p2a: Kingambit
|move|p1a: Archaludon|Flash Cannon|p2a: Kingambit
|-resisted|p2a: Kingambit|1
|-damage|p2a: Kingambit|0 fnt
|faint|p2a: Kingambit
|move|p2b: Pyroar|Solar Beam||[still]
|-prepare|p2b: Pyroar|Solar Beam
|-anim|p2b: Pyroar|Solar Beam|p1a: Archaludon
|-resisted|p1a: Archaludon|2
|-damage|p1a: Archaludon|67/100
|-ability|p1a: Archaludon|Stamina|boost
|-boost|p1a: Archaludon|def|1
|
|-weather|SunnyDay|[upkeep]
|-heal|p1a: Archaludon|73/100|[from] item: Leftovers
|-end|p2b: Pyroar|Encore
|upkeep
|turn|7
|
|t:|1782528361
|move|p2b: Pyroar|Protect|p2b: Pyroar
|-singleturn|p2b: Pyroar|Protect
|move|p1b: Whimsicott|Encore|p2b: Pyroar
|-activate|p2b: Pyroar|move: Protect
|move|p1a: Archaludon|Draco Meteor|p2b: Pyroar
|-activate|p2b: Pyroar|move: Protect
|
|-weather|none
|-heal|p1a: Archaludon|79/100|[from] item: Leftovers
|upkeep
|turn|8
|
|t:|1782528376
|switch|p1a: Swampert|Swampert-Mega, L50, M|75/100
|move|p2b: Pyroar|Protect||[still]
|-fail|p2b: Pyroar
|move|p1b: Whimsicott|Encore|p2b: Pyroar
|-start|p2b: Pyroar|Encore
|
|-sideend|p1: Reynordg|move: Tailwind
|upkeep
|turn|9
|
|t:|1782528385
|move|p2b: Pyroar|Protect|p2b: Pyroar
|-singleturn|p2b: Pyroar|Protect
|move|p1b: Whimsicott|Tailwind|p1b: Whimsicott
|-sidestart|p1: Reynordg|move: Tailwind
|move|p1a: Swampert|Wave Crash|p2b: Pyroar
|-activate|p2b: Pyroar|move: Protect
|
|upkeep
|turn|10
|
|t:|1782528395
|move|p2b: Pyroar|Protect||[still]
|-fail|p2b: Pyroar
|move|p1b: Whimsicott|Moonblast|p2b: Pyroar
|-resisted|p2b: Pyroar|1
|-damage|p2b: Pyroar|83/100
|move|p1a: Swampert|Wave Crash|p2b: Pyroar
|-supereffective|p2b: Pyroar|1
|-damage|p2b: Pyroar|0 fnt
|faint|p2b: Pyroar
|-damage|p1a: Swampert|52/100|[from] Recoil
|
|win|Reynordg
|c|☆Reynordg|gg mae, bien jugado!
