|j|☆Poloorco
|j|☆lolgz
|html|Poloorcololgz    
|uhtml|bestof|Game 3 of a best-of-3
|t:|1783959085
|gametype|doubles
|player|p1|Poloorco|shadowtriad|1061
|player|p2|lolgz|dawn|1145
|gen|9
|tier|[Gen 9 Champions] VGC 2026 Reg M-B (Bo3)
|rated|
|rule|Species Clause: Limit one of each Pokémon
|rule|Item Clause: Limit 1 of each item
|clearpoke
|poke|p1|Floette-Eternal, L50, F|
|poke|p1|Ceruledge, L50, M|
|poke|p1|Milotic, L50, F|
|poke|p1|Raichu, L50, F|
|poke|p1|Sinistcha, L50|
|poke|p1|Incineroar, L50, F|
|poke|p2|Annihilape, L50, F|
|poke|p2|Vivillon, L50, M|
|poke|p2|Incineroar, L50, F|
|poke|p2|Sinistcha, L50|
|poke|p2|Delphox, L50, M|
|poke|p2|Blastoise, L50, F|
|teampreview|4
|showteam|p1|Floette-Eternal||Floettite|FlowerVeil|DrainingKiss,CalmMind,DazzlingGleam,Protect|Modest||F|||50|]Ceruledge||ColburBerry|FlashFire|BitterBlade,ShadowSneak,BulkUp,Protect|Adamant||M|||50|]Milotic||Leftovers|Competitive|MuddyWater,Coil,Hypnosis,Protect|Calm||F|||50|]Raichu||RaichuniteY|LightningRod|ZapCannon,FocusBlast,Protect,FakeOut|Timid||F|||50|]Sinistcha||KasibBerry|Hospitality|MatchaGotcha,LifeDew,RagePowder,Protect|Bold|||||50|]Incineroar||SitrusBerry|Intimidate|FlareBlitz,ThroatChop,FakeOut,PartingShot|Careful||F|||50|
|showteam|p2|Annihilape||FocusSash|Defiant|CloseCombat,PhantomForce,RockTomb,Protect|Jolly||F|||50|]Vivillon||ChoiceScarf|CompoundEyes|SleepPowder,Hurricane,RagePowder,Tailwind|Timid||M|||50|]Incineroar||PasshoBerry|Intimidate|PartingShot,FakeOut,ThroatChop,FlareBlitz|Careful||F|||50|]Sinistcha||KasibBerry|Hospitality|MatchaGotcha,RagePowder,TrickRoom,Protect|Serious|||||50|]Delphox||Delphoxite|Blaze|HeatWave,Psychic,Protect,NastyPlot|Timid||M|||50|]Blastoise||Blastoisinite|RainDish|WaterSpout,Protect,DarkPulse,ShellSmash|Timid||F|||50|
|inactive|Battle timer is ON: inactive players will automatically lose when time's up. (requested by lolgz)
|
|t:|1783959107
|teamsize|p1|4
|teamsize|p2|4
|start
|switch|p1a: Raichu|Raichu, L50, F|100/100
|switch|p1b: Sinistcha|Sinistcha, L50|100/100
|switch|p2a: Vivillon|Vivillon, L50, M|100/100
|switch|p2b: Annihilape|Annihilape, L50, F|100/100
|turn|1
|
|t:|1783959118
|detailschange|p1a: Raichu|Raichu-Mega-Y, L50, F
|-mega|p1a: Raichu|Raichu|Raichunite Y
|move|p1b: Sinistcha|Rage Powder|p1b: Sinistcha
|-singleturn|p1b: Sinistcha|move: Rage Powder
|move|p2a: Vivillon|Hurricane|p1b: Sinistcha
|-supereffective|p1b: Sinistcha|1
|-damage|p1b: Sinistcha|31/100
|move|p1a: Raichu|Zap Cannon|p2a: Vivillon
|-supereffective|p2a: Vivillon|1
|-damage|p2a: Vivillon|0 fnt
|faint|p2a: Vivillon
|move|p2b: Annihilape|Phantom Force||[still]
|-prepare|p2b: Annihilape|Phantom Force
|
|upkeep
|
|t:|1783959128
|switch|p2a: Blastoise|Blastoise, L50, F|100/100
|turn|2
|
|t:|1783959136
|detailschange|p2a: Blastoise|Blastoise-Mega, L50, F
|-mega|p2a: Blastoise|Blastoise|Blastoisinite
|move|p2a: Blastoise|Protect|p2a: Blastoise
|-singleturn|p2a: Blastoise|Protect
|move|p1b: Sinistcha|Protect|p1b: Sinistcha
|-singleturn|p1b: Sinistcha|Protect
|move|p1a: Raichu|Zap Cannon|p2a: Blastoise
|-activate|p2a: Blastoise|move: Protect
|move|p2b: Annihilape|Phantom Force|p1a: Raichu|[from] lockedmove
|-damage|p1a: Raichu|8/100
|
|upkeep
|turn|3
|
|t:|1783959151
|switch|p2a: Sinistcha|Sinistcha, L50|100/100
|move|p1a: Raichu|Zap Cannon|p2a: Sinistcha
|-resisted|p2a: Sinistcha|1
|-damage|p2a: Sinistcha|58/100
|-status|p2a: Sinistcha|par
|move|p2b: Annihilape|Phantom Force||[still]
|-prepare|p2b: Annihilape|Phantom Force
|move|p1b: Sinistcha|Life Dew|p1b: Sinistcha|[spread] p1a,p1b
|-heal|p1a: Raichu|32/100
|-heal|p1b: Sinistcha|56/100
|
|upkeep
|turn|4
|
|t:|1783959169
|switch|p1b: Ceruledge|Ceruledge, L50, M|100/100
|move|p1a: Raichu|Protect|p1a: Raichu
|-singleturn|p1a: Raichu|Protect
|move|p2b: Annihilape|Phantom Force|p1a: Raichu|[from] lockedmove
|-activate|p1a: Raichu|move: Phantom Force|[broken]
|-crit|p1a: Raichu
|-damage|p1a: Raichu|0 fnt
|faint|p1a: Raichu
|move|p2a: Sinistcha|Matcha Gotcha|p1b: Ceruledge
|-resisted|p1b: Ceruledge|1
|-damage|p1b: Ceruledge|84/100
|-heal|p2a: Sinistcha|66/100 par|[from] drain|[of] p1b: Ceruledge
|
|upkeep
|
|t:|1783959184
|switch|p1a: Sinistcha|Sinistcha, L50|56/100
|-heal|p1b: Ceruledge|100/100|[from] ability: Hospitality|[of] p1a: Sinistcha
|turn|5
|
|t:|1783959198
|cant|p2a: Sinistcha|par
|move|p1a: Sinistcha|Rage Powder|p1a: Sinistcha
|-singleturn|p1a: Sinistcha|move: Rage Powder
|move|p1b: Ceruledge|Shadow Sneak|p2b: Annihilape
|-supereffective|p2b: Annihilape|1
|-damage|p2b: Annihilape|48/100
|move|p2b: Annihilape|Phantom Force||[still]
|-prepare|p2b: Annihilape|Phantom Force
|
|upkeep
|turn|6
|
|t:|1783959209
|move|p1a: Sinistcha|Rage Powder|p1a: Sinistcha
|-singleturn|p1a: Sinistcha|move: Rage Powder
|move|p2a: Sinistcha|Rage Powder|p2a: Sinistcha
|-singleturn|p2a: Sinistcha|move: Rage Powder
|move|p1b: Ceruledge|Shadow Sneak|p2a: Sinistcha
|-supereffective|p2a: Sinistcha|1
|-enditem|p2a: Sinistcha|Kasib Berry|[eat]
|-enditem|p2a: Sinistcha|Kasib Berry|[weaken]
|-damage|p2a: Sinistcha|48/100 par
|move|p2b: Annihilape|Phantom Force|p1a: Sinistcha|[from] lockedmove
|-supereffective|p1a: Sinistcha|1
|-enditem|p1a: Sinistcha|Kasib Berry|[eat]
|-enditem|p1a: Sinistcha|Kasib Berry|[weaken]
|-damage|p1a: Sinistcha|20/100y
|
|upkeep
|turn|7
|
|t:|1783959223
|move|p2a: Sinistcha|Rage Powder|p2a: Sinistcha
|-singleturn|p2a: Sinistcha|move: Rage Powder
|move|p1b: Ceruledge|Shadow Sneak|p2a: Sinistcha
|-supereffective|p2a: Sinistcha|1
|-damage|p2a: Sinistcha|10/100 par
|move|p2b: Annihilape|Phantom Force||[still]
|-prepare|p2b: Annihilape|Phantom Force
|move|p1a: Sinistcha|Life Dew||[still]|[spread] p1a,p1b
|-heal|p1a: Sinistcha|46/100
|-fail|p1b: Ceruledge|heal
|
|upkeep
|turn|8
|
|t:|1783959235
|cant|p2a: Sinistcha|par
|move|p1a: Sinistcha|Rage Powder|p1a: Sinistcha
|-singleturn|p1a: Sinistcha|move: Rage Powder
|move|p1b: Ceruledge|Shadow Sneak|p2a: Sinistcha
|-supereffective|p2a: Sinistcha|1
|-damage|p2a: Sinistcha|0 fnt
|faint|p2a: Sinistcha
|move|p2b: Annihilape|Phantom Force|p1a: Sinistcha|[from] lockedmove
|-supereffective|p1a: Sinistcha|1
|-damage|p1a: Sinistcha|0 fnt
|faint|p1a: Sinistcha
|
|upkeep
|
|t:|1783959248
|switch|p2a: Blastoise|Blastoise-Mega, L50, F|100/100
|switch|p1a: Milotic|Milotic, L50, F|100/100
|turn|9
|
|t:|1783959257
|move|p1b: Ceruledge|Protect|p1b: Ceruledge
|-singleturn|p1b: Ceruledge|Protect
|move|p2b: Annihilape|Phantom Force||[still]
|-prepare|p2b: Annihilape|Phantom Force
|move|p2a: Blastoise|Shell Smash|p2a: Blastoise
|-unboost|p2a: Blastoise|def|1
|-unboost|p2a: Blastoise|spd|1
|-boost|p2a: Blastoise|atk|2
|-boost|p2a: Blastoise|spa|2
|-boost|p2a: Blastoise|spe|2
|move|p1a: Milotic|Coil|p1a: Milotic
|-boost|p1a: Milotic|atk|1
|-boost|p1a: Milotic|def|1
|-boost|p1a: Milotic|accuracy|1
|
|upkeep
|turn|10
|
|t:|1783959273
|move|p2a: Blastoise|Protect|p2a: Blastoise
|-singleturn|p2a: Blastoise|Protect
|move|p1b: Ceruledge|Shadow Sneak|p2a: Blastoise
|-activate|p2a: Blastoise|move: Protect
|move|p2b: Annihilape|Phantom Force|p1b: Ceruledge|[from] lockedmove
|-supereffective|p1b: Ceruledge|1
|-damage|p1b: Ceruledge|12/100
|move|p1a: Milotic|Hypnosis|p2a: Blastoise
|-activate|p2a: Blastoise|move: Protect
|
|upkeep
|turn|11
|
|t:|1783959283
|move|p1b: Ceruledge|Shadow Sneak|p2b: Annihilape
|-supereffective|p2b: Annihilape|1
|-damage|p2b: Annihilape|1/100
|move|p2a: Blastoise|Water Spout|p1a: Milotic|[spread] p1a,p1b
|-resisted|p1a: Milotic|1
|-supereffective|p1b: Ceruledge|1
|-damage|p1a: Milotic|58/100
|-damage|p1b: Ceruledge|0 fnt
|faint|p1b: Ceruledge
|move|p2b: Annihilape|Phantom Force||[still]
|-prepare|p2b: Annihilape|Phantom Force
|move|p1a: Milotic|Hypnosis|p2a: Blastoise
|-status|p2a: Blastoise|slp|[from] move: Hypnosis
|
|-heal|p1a: Milotic|64/100|[from] item: Leftovers
|upkeep
|turn|12
|
|t:|1783959297
|move|p1a: Milotic|Protect|p1a: Milotic
|-singleturn|p1a: Milotic|Protect
|cant|p2a: Blastoise|slp
|move|p2b: Annihilape|Phantom Force|p1a: Milotic|[from] lockedmove
|-activate|p1a: Milotic|move: Phantom Force|[broken]
|-damage|p1a: Milotic|41/100
|
|-heal|p1a: Milotic|47/100|[from] item: Leftovers
|upkeep
|turn|13
|
|t:|1783959307
|-curestatus|p2a: Blastoise|slp|[msg]
|move|p2a: Blastoise|Dark Pulse|p1a: Milotic
|-damage|p1a: Milotic|0 fnt
|faint|p1a: Milotic
|
|win|lolgz
|raw|Poloorco's rating: 1061 → 1046(-15 for losing)
|raw|lolgz's rating: 1145 → 1164(+19 for winning)
