|j|☆TalonMasterJ
|j|☆Seris03
|html|TalonMasterJSeris03    
|uhtml|bestof|Game 2 of a best-of-3
|t:|1756342590
|gametype|doubles
|player|p1|TalonMasterJ|steven|1133
|player|p2|Seris03|serena|1051
|gen|9
|tier|[Gen 9] VGC 2025 Reg H (Bo3)
|rated|
|rule|Species Clause: Limit one of each Pokémon
|rule|Item Clause: Limit 1 of each item
|clearpoke
|poke|p1|Incineroar, L50, M|
|poke|p1|Dragonite, L50, M|
|poke|p1|Porygon2, L50|
|poke|p1|Ursaluna-Bloodmoon, L50, M|
|poke|p1|Ninetales-Alola, L50, F|
|poke|p1|Annihilape, L50, M|
|poke|p2|Dragonite, L50, M|
|poke|p2|Sneasler, L50, F|
|poke|p2|Electabuzz, L50, M|
|poke|p2|Rillaboom, L50, M|
|poke|p2|Volcarona, L50, M|
|poke|p2|Kingambit, L50, M|
|teampreview|4
|showteam|p1|Incineroar||ChopleBerry|Intimidate|FlareBlitz,KnockOff,FakeOut,PartingShot|||M|||50|,,,,,Grass]Dragonite||LoadedDice|Multiscale|ScaleShot,Tailwind,Haze,Protect|||M|||50|,,,,,Steel]Porygon2||Eviolite|Download|TeraBlast,IceBeam,Recover,TrickRoom||||||50|,,,,,Fighting]Ursaluna-Bloodmoon||AssaultVest|MindsEye|HyperVoice,BloodMoon,VacuumWave,EarthPower|||M|||50|,,,,,Water]Ninetales-Alola||LightClay|SnowWarning|IcicleSpear,Encore,IcyWind,AuroraVeil|||F|||50|,,,,,Ghost]Annihilape||SafetyGoggles|Defiant|DrainPunch,RageFist,BulkUp,Protect|||M|||50|,,,,,Fire
|showteam|p2|Dragonite||LoadedDice|Multiscale|ScaleShot,ExtremeSpeed,Haze,Protect|||M|||50|,,,,,Fairy]Sneasler||FocusSash|Unburden|DireClaw,CloseCombat,FakeOut,Coaching|||F|||50|,,,,,Ghost]Electabuzz||Eviolite|VitalSpirit|Electroweb,FollowMe,Taunt,Protect|||M|||50|,,,,,Ghost]Rillaboom||AssaultVest|GrassySurge|WoodHammer,GrassyGlide,FakeOut,Uturn|||M|||50|,,,,,Fire]Volcarona||GrassySeed|FlameBody|HeatWave,TeraBlast,QuiverDance,Protect|||M|||50|,,,,,Fairy]Kingambit||BlackGlasses|Defiant|KowtowCleave,SuckerPunch,SwordsDance,Protect|||M|||50|,,,,,Fire
|inactive|Battle timer is ON: inactive players will automatically lose when time's up. (requested by Seris03)
|
|t:|1756342673
|teamsize|p1|4
|teamsize|p2|4
|start
|switch|p1a: Incineroar|Incineroar, L50, M|100/100
|switch|p1b: Ursaluna|Ursaluna-Bloodmoon, L50, M|100/100
|switch|p2a: Sneasler|Sneasler, L50, F|100/100
|switch|p2b: Kingambit|Kingambit, L50, M|100/100
|-ability|p1a: Incineroar|Intimidate|boost
|-unboost|p2a: Sneasler|atk|1
|-unboost|p2b: Kingambit|atk|1
|-ability|p2b: Kingambit|Defiant|boost
|-boost|p2b: Kingambit|atk|2
|turn|1
|inactive|Seris03 has 30 seconds left.
|
|t:|1756342698
|move|p2a: Sneasler|Fake Out|p1b: Ursaluna
|-damage|p1b: Ursaluna|93/100
|move|p1a: Incineroar|Fake Out|p2b: Kingambit
|-resisted|p2b: Kingambit
|-damage|p2b: Kingambit|96/100
|cant|p1b: Ursaluna|flinch
|cant|p2b: Kingambit|flinch
|
|upkeep
|turn|2
|
|t:|1756342721
|-terastallize|p2b: Kingambit|Fire
|move|p2a: Sneasler|Coaching|p2b: Kingambit
|-boost|p2b: Kingambit|atk|1
|-boost|p2b: Kingambit|def|1
|move|p1a: Incineroar|Flare Blitz|p2b: Kingambit
|-resisted|p2b: Kingambit
|-damage|p2b: Kingambit|83/100
|-damage|p1a: Incineroar|96/100|[from] Recoil
|move|p1b: Ursaluna|Earth Power|p2b: Kingambit
|-supereffective|p2b: Kingambit
|-damage|p2b: Kingambit|0 fnt
|faint|p2b: Kingambit
|
|upkeep
|inactive|Seris03 has 30 seconds left.
|
|t:|1756342747
|switch|p2b: Dragonite|Dragonite, L50, M|100/100
|turn|3
|
|t:|1756342770
|move|p2a: Sneasler|Coaching|p2b: Dragonite
|-boost|p2b: Dragonite|atk|1
|-boost|p2b: Dragonite|def|1
|move|p2b: Dragonite|Scale Shot|p1b: Ursaluna
|-damage|p1b: Ursaluna|77/100
|-damage|p1b: Ursaluna|63/100
|-damage|p1b: Ursaluna|45/100
|-damage|p1b: Ursaluna|29/100
|-hitcount|p1b: Ursaluna|4
|-unboost|p2b: Dragonite|def|1
|-boost|p2b: Dragonite|spe|1
|move|p1a: Incineroar|Flare Blitz|p2a: Sneasler
|-damage|p2a: Sneasler|15/100
|-damage|p1a: Incineroar|73/100|[from] Recoil
|move|p1b: Ursaluna|Earth Power|p2a: Sneasler
|-supereffective|p2a: Sneasler
|-damage|p2a: Sneasler|0 fnt
|faint|p2a: Sneasler
|
|upkeep
|
|t:|1756342787
|switch|p2a: Rillaboom|Rillaboom, L50, M|100/100
|-fieldstart|move: Grassy Terrain|[from] ability: Grassy Surge|[of] p2a: Rillaboom
|turn|4
|
|t:|1756342807
|switch|p1a: Ninetales|Ninetales-Alola, L50, F|100/100
|-weather|Snowscape|[from] ability: Snow Warning|[of] p1a: Ninetales
|move|p2a: Rillaboom|Fake Out|p1a: Ninetales
|-damage|p1a: Ninetales|89/100
|move|p2b: Dragonite|Extreme Speed|p1b: Ursaluna
|-damage|p1b: Ursaluna|0 fnt
|faint|p1b: Ursaluna
|
|-weather|Snowscape|[upkeep]
|-heal|p1a: Ninetales|96/100|[from] Grassy Terrain
|upkeep
|
|t:|1756342824
|switch|p1b: Incineroar|Incineroar, L50, M|73/100
|-ability|p1b: Incineroar|Intimidate|boost
|-unboost|p2a: Rillaboom|atk|1
|-unboost|p2b: Dragonite|atk|1
|turn|5
|inactive|Seris03 has 30 seconds left.
|
|t:|1756342854
|move|p1b: Incineroar|Fake Out|p2a: Rillaboom
|-damage|p2a: Rillaboom|90/100
|move|p2b: Dragonite|Scale Shot|p1b: Incineroar
|-damage|p1b: Incineroar|58/100
|-damage|p1b: Incineroar|44/100
|-damage|p1b: Incineroar|29/100
|-crit|p1b: Incineroar
|-damage|p1b: Incineroar|6/100
|-damage|p1b: Incineroar|0 fnt
|faint|p1b: Incineroar
|-hitcount|p1: Incineroar|5
|-unboost|p2b: Dragonite|def|1
|-boost|p2b: Dragonite|spe|1
|move|p1a: Ninetales|Encore|p2a: Rillaboom
|-start|p2a: Rillaboom|Encore
|cant|p2a: Rillaboom|flinch
|
|-weather|Snowscape|[upkeep]
|-heal|p1a: Ninetales|100/100|[from] Grassy Terrain
|-heal|p2a: Rillaboom|96/100|[from] Grassy Terrain
|upkeep
|
|t:|1756342871
|switch|p1b: Annihilape|Annihilape, L50, M|100/100
|turn|6
|
|t:|1756342893
|move|p2b: Dragonite|Protect|p2b: Dragonite
|-singleturn|p2b: Dragonite|Protect
|move|p2a: Rillaboom|Fake Out||[still]
|-hint|Fake Out only works on your first turn out.
|-fail|p2a: Rillaboom
|move|p1a: Ninetales|Icicle Spear|p2b: Dragonite
|-activate|p2b: Dragonite|move: Protect
|move|p1b: Annihilape|Rage Fist|p2b: Dragonite
|-activate|p2b: Dragonite|move: Protect
|
|-weather|Snowscape|[upkeep]
|-heal|p2a: Rillaboom|100/100|[from] Grassy Terrain
|upkeep
|turn|7
|inactive|Seris03 has 30 seconds left.
|
|t:|1756342919
|move|p2a: Rillaboom|Fake Out||[still]
|-hint|Fake Out only works on your first turn out.
|-fail|p2a: Rillaboom
|move|p2b: Dragonite|Extreme Speed|p1a: Ninetales
|-damage|p1a: Ninetales|74/100
|move|p1a: Ninetales|Icicle Spear|p2b: Dragonite
|-supereffective|p2b: Dragonite
|-damage|p2b: Dragonite|82/100
|-supereffective|p2b: Dragonite
|-damage|p2b: Dragonite|51/100
|-hitcount|p2b: Dragonite|2
|move|p1b: Annihilape|Rage Fist|p2b: Dragonite
|-damage|p2b: Dragonite|19/100
|
|-weather|Snowscape|[upkeep]
|-heal|p1a: Ninetales|80/100|[from] Grassy Terrain
|-end|p2a: Rillaboom|Encore
|upkeep
|turn|8
|inactive|TalonMasterJ has 30 seconds left.
|inactive|TalonMasterJ has 20 seconds left.
|inactive|TalonMasterJ has 15 seconds left.
|
|t:|1756342961
|-terastallize|p1b: Annihilape|Fire
|move|p2a: Rillaboom|Grassy Glide|p1a: Ninetales
|-damage|p1a: Ninetales|61/100
|move|p2b: Dragonite|Haze|p2b: Dragonite
|-clearallboost
|move|p1a: Ninetales|Icy Wind|p2b: Dragonite|[spread] p2a,p2b
|-supereffective|p2a: Rillaboom
|-supereffective|p2b: Dragonite
|-damage|p2a: Rillaboom|85/100
|-damage|p2b: Dragonite|0 fnt
|-unboost|p2a: Rillaboom|spe|1
|faint|p2b: Dragonite
|move|p1b: Annihilape|Bulk Up|p1b: Annihilape
|-boost|p1b: Annihilape|atk|1
|-boost|p1b: Annihilape|def|1
|
|-weather|none
|-heal|p1a: Ninetales|68/100|[from] Grassy Terrain
|-heal|p2a: Rillaboom|91/100|[from] Grassy Terrain
|-fieldend|move: Grassy Terrain
|upkeep
|turn|9
|-message|Seris03 forfeited.
|
|win|TalonMasterJ
||Seris03 is ready for game 3.
||TalonMasterJ is ready for game 3.
|uhtml|next|Next: Game 3 of 3
|l|☆Seris03
|player|p2|
