|j|☆Astterio
|j|☆marcusquinn
|html|Astteriomarcusquinn    
|uhtml|bestof|Game 2 of a best-of-3
|t:|1756062570
|gametype|doubles
|player|p1|Astterio|eusine|1409
|player|p2|marcusquinn|hilbert-wonderlauncher|1368
|gen|9
|tier|[Gen 9] VGC 2025 Reg H (Bo3)
|rated|
|rule|Species Clause: Limit one of each Pokémon
|rule|Item Clause: Limit 1 of each item
|clearpoke
|poke|p1|Magmar, L50, M|
|poke|p1|Kingambit, L50, M|
|poke|p1|Dragapult, L50, M|
|poke|p1|Gastrodon-East, L50, F|
|poke|p1|Rillaboom, L50, F|
|poke|p1|Sneasler, L50, F|
|poke|p2|Archaludon, L50, M|
|poke|p2|Porygon2, L50|
|poke|p2|Incineroar, L50, M|
|poke|p2|Ursaluna, L50, M|
|poke|p2|Sneasler, L50, M|
|poke|p2|Dragonite, L50, M|
|teampreview|4
|showteam|p1|Magmar||Eviolite|VitalSpirit|HeatWave,WillOWisp,FollowMe,Protect|||M|||50|,,,,,Ghost]Kingambit||BlackGlasses|Defiant|KowtowCleave,SuckerPunch,SwordsDance,Protect|||M|||50|,,,,,Ghost]Dragapult||ChoiceBand|ClearBody|DragonDarts,TeraBlast,PhantomForce,Uturn|||M|||50|,,,,,Ghost]Gastrodon-East||SitrusBerry|StormDrain|EarthPower,IceBeam,Yawn,Protect|||F|||50|,,,,,Poison]Rillaboom||AssaultVest|GrassySurge|WoodHammer,GrassyGlide,HighHorsepower,FakeOut|||F|||50|,,,,,Fire]Sneasler||FocusSash|PoisonTouch|CloseCombat,DireClaw,FakeOut,Protect|||F|||50|,,,,,Stellar
|showteam|p2|Archaludon||PowerHerb|Sturdy|Protect,ElectroShot,DracoMeteor,FlashCannon|||M|||50|,,,,,Electric]Porygon2||Eviolite|Download|TeraBlast,IceBeam,Recover,TrickRoom||||||50|,,,,,Fighting]Incineroar||SitrusBerry|Intimidate|FlareBlitz,KnockOff,FakeOut,PartingShot|||M|||50|,,,,,Ghost]Ursaluna||FlameOrb|Guts|HeadlongRush,Facade,Earthquake,Protect|||M|||50|,,,,,Ghost]Sneasler||FocusSash|Unburden|Protect,CloseCombat,DireClaw,ThroatChop|||M|||50|,,,,,Stellar]Dragonite||LoadedDice|Multiscale|ScaleShot,Tailwind,Haze,Protect|||M|||50|,,,,,Steel
|inactive|Battle timer is ON: inactive players will automatically lose when time's up. (requested by marcusquinn)
|inactive|marcusquinn has 60 seconds left.
|
|t:|1756062602
|teamsize|p1|4
|teamsize|p2|4
|start
|switch|p1a: Dragapult|Dragapult, L50, M, shiny|100/100
|switch|p1b: Kingambit|Kingambit, L50, M|100/100
|switch|p2a: Archaludon|Archaludon, L50, M|100/100
|switch|p2b: Dragonite|Dragonite, L50, M, shiny|100/100
|turn|1
|inactive|marcusquinn has 30 seconds left.
|inactive|marcusquinn has 20 seconds left.
|inactive|marcusquinn has 15 seconds left.
|inactive|marcusquinn has 10 seconds left.
|
|t:|1756062648
|-terastallize|p1a: Dragapult|Ghost
|-terastallize|p2a: Archaludon|Electric
|move|p1b: Kingambit|Sucker Punch|p2b: Dragonite
|-damage|p2b: Dragonite|75/100
|move|p1a: Dragapult|Tera Blast|p2b: Dragonite|[anim] Tera Blast Ghost
|-damage|p2b: Dragonite|0 fnt
|faint|p2b: Dragonite
|move|p2a: Archaludon|Electro Shot||[still]
|-prepare|p2a: Archaludon|Electro Shot
|-boost|p2a: Archaludon|spa|1
|-enditem|p2a: Archaludon|Power Herb
|-anim|p2a: Archaludon|Electro Shot|p1b: Kingambit
|-damage|p1b: Kingambit|11/100
|
|upkeep
|
|t:|1756062673
|switch|p2b: Ursaluna|Ursaluna, L50, M|100/100
|turn|2
|
|t:|1756062685
|switch|p1a: Rillaboom|Rillaboom, L50, F|100/100
|-fieldstart|move: Grassy Terrain|[from] ability: Grassy Surge|[of] p1a: Rillaboom
|move|p2a: Archaludon|Protect|p2a: Archaludon
|-singleturn|p2a: Archaludon|Protect
|move|p2b: Ursaluna|Earthquake|p1b: Kingambit|[spread] p1a,p1b
|-activate|p2a: Archaludon|move: Protect
|-resisted|p1a: Rillaboom
|-supereffective|p1b: Kingambit
|-damage|p1a: Rillaboom|89/100
|-damage|p1b: Kingambit|0 fnt
|faint|p1b: Kingambit
|
|-heal|p1a: Rillaboom|95/100|[from] Grassy Terrain
|-status|p2b: Ursaluna|brn|[from] item: Flame Orb
|upkeep
|
|t:|1756062698
|switch|p1b: Dragapult|Dragapult, L50, M, shiny, tera:Ghost|100/100
|turn|3
|inactive|marcusquinn has 30 seconds left.
|inactive|marcusquinn has 20 seconds left.
|
|t:|1756062744
|move|p1a: Rillaboom|Grassy Glide|p2a: Archaludon
|-damage|p2a: Archaludon|70/100
|move|p1b: Dragapult|Phantom Force||[still]
|-prepare|p1b: Dragapult|Phantom Force
|move|p2a: Archaludon|Draco Meteor|p1b: Dragapult|[miss]
|-miss|p2a: Archaludon|p1b: Dragapult
|move|p2b: Ursaluna|Facade|p1a: Rillaboom
|-damage|p1a: Rillaboom|0 fnt
|faint|p1a: Rillaboom
|
|-heal|p2a: Archaludon|76/100|[from] Grassy Terrain
|-damage|p2b: Ursaluna|95/100 brn|[from] brn
|upkeep
|
|t:|1756062751
|switch|p1a: Sneasler|Sneasler, L50, F|100/100
|turn|4
|inactive|marcusquinn has 30 seconds left.
|
|t:|1756062783
|switch|p2a: Sneasler|Sneasler, L50, M|100/100
|move|p2b: Ursaluna|Protect|p2b: Ursaluna
|-singleturn|p2b: Ursaluna|Protect
|move|p1b: Dragapult|Phantom Force|p2a: Sneasler|[from] lockedmove
|-enditem|p2a: Sneasler|Focus Sash
|-damage|p2a: Sneasler|1/100
|move|p1a: Sneasler|Close Combat|p2b: Ursaluna
|-activate|p2b: Ursaluna|move: Protect
|
|-heal|p2a: Sneasler|7/100|[from] Grassy Terrain
|-heal|p2b: Ursaluna|100/100 brn|[from] Grassy Terrain
|-damage|p2b: Ursaluna|95/100 brn|[from] brn
|upkeep
|turn|5
|inactive|marcusquinn has 30 seconds left.
|
|t:|1756062811
|switch|p2b: Archaludon|Archaludon, L50, M, tera:Electric|76/100
|move|p1a: Sneasler|Protect|p1a: Sneasler
|-singleturn|p1a: Sneasler|Protect
|move|p2a: Sneasler|Throat Chop|p1b: Dragapult
|-supereffective|p1b: Dragapult
|-damage|p1b: Dragapult|11/100
|-start|p1b: Dragapult|Throat Chop|[silent]
|move|p1b: Dragapult|Phantom Force||[still]
|-prepare|p1b: Dragapult|Phantom Force
|
|-heal|p2a: Sneasler|13/100|[from] Grassy Terrain
|-heal|p2b: Archaludon|82/100|[from] Grassy Terrain
|upkeep
|turn|6
|inactive|marcusquinn has 30 seconds left.
|
|t:|1756062838
|switch|p2a: Ursaluna|Ursaluna, L50, M|95/100 brn
|move|p1b: Dragapult|Phantom Force|p2a: Ursaluna|[from] lockedmove
|-immune|p2a: Ursaluna
|move|p1a: Sneasler|Dire Claw|p2b: Archaludon
|-damage|p2b: Archaludon|44/100
|move|p2b: Archaludon|Draco Meteor|p1a: Sneasler
|-damage|p1a: Sneasler|16/100
|-unboost|p2b: Archaludon|spa|2
|
|-heal|p1b: Dragapult|18/100|[from] Grassy Terrain
|-heal|p1a: Sneasler|22/100|[from] Grassy Terrain
|-heal|p2b: Archaludon|50/100|[from] Grassy Terrain
|-heal|p2a: Ursaluna|100/100 brn|[from] Grassy Terrain
|-damage|p2a: Ursaluna|95/100 brn|[from] brn
|-end|p1b: Dragapult|Throat Chop|[silent]
|-fieldend|move: Grassy Terrain
|upkeep
|turn|7
|
|t:|1756062858
|move|p1a: Sneasler|Protect|p1a: Sneasler
|-singleturn|p1a: Sneasler|Protect
|move|p2a: Ursaluna|Protect|p2a: Ursaluna
|-singleturn|p2a: Ursaluna|Protect
|move|p1b: Dragapult|Phantom Force||[still]
|-prepare|p1b: Dragapult|Phantom Force
|move|p2b: Archaludon|Draco Meteor|p1a: Sneasler
|-activate|p1a: Sneasler|move: Protect
|
|-damage|p2a: Ursaluna|89/100 brn|[from] brn
|upkeep
|turn|8
|inactive|marcusquinn has 30 seconds left.
|inactive|marcusquinn has 20 seconds left.
|inactive|marcusquinn has 15 seconds left.
|
|t:|1756062900
|move|p2a: Ursaluna|Protect||[still]
|-fail|p2a: Ursaluna
|move|p1b: Dragapult|Phantom Force|p2b: Archaludon|[from] lockedmove
|-damage|p2b: Archaludon|0 fnt
|faint|p2b: Archaludon
|move|p1a: Sneasler|Close Combat|p2a: Ursaluna
|-supereffective|p2a: Ursaluna
|-damage|p2a: Ursaluna|0 fnt
|-unboost|p1a: Sneasler|def|1
|-unboost|p1a: Sneasler|spd|1
|faint|p2a: Ursaluna
|
|upkeep
|
|t:|1756062913
|switch|p2b: Sneasler|Sneasler, L50, M|13/100
|turn|9
|
|t:|1756062920
|move|p1b: Dragapult|Phantom Force||[still]
|-prepare|p1b: Dragapult|Phantom Force
|move|p1a: Sneasler|Dire Claw|p2b: Sneasler
|-resisted|p2b: Sneasler
|-damage|p2b: Sneasler|0 fnt
|faint|p2b: Sneasler
|
|win|Astterio
|raw|Astterio's rating: 1409 → 1427(+18 for winning)
|raw|marcusquinn's rating: 1368 → 1350(-18 for losing)
