|j|☆thatlookglope
|j|☆DttDMarce
|html|thatlookglopeDttDMarce    
|uhtml|bestof|Game 1 of a best-of-3
|t:|1783533558
|gametype|doubles
|player|p1|thatlookglope|liza|1141
|player|p2|DttDMarce|169|1081
|gen|9
|tier|[Gen 9 Champions] VGC 2026 Reg M-B (Bo3)
|rated|
|rule|Species Clause: Limit one of each Pokémon
|rule|Item Clause: Limit 1 of each item
|clearpoke
|poke|p1|Delphox, L50, F|
|poke|p1|Sneasler, L50, F|
|poke|p1|Aerodactyl, L50, M|
|poke|p1|Mawile, L50, F, shiny|
|poke|p1|Sinistcha-Masterpiece, L50|
|poke|p1|Vanilluxe, L50, M|
|poke|p2|Charizard, L50, M|
|poke|p2|Kingambit, L50, M|
|poke|p2|Sylveon, L50, F|
|poke|p2|Garchomp, L50, F|
|poke|p2|Aerodactyl, L50, M|
|poke|p2|Farigiraf, L50, F|
|teampreview|4
|showteam|p1|Delphox||Delphoxite|Blaze|HeatWave,Psyshock,NastyPlot,Protect|Modest||F|||50|]Sneasler||WhiteHerb|Unburden|Protect,Coaching,CloseCombat,FakeOut|Jolly||F|||50|]Aerodactyl||FocusSash|Unnerve|RockSlide,DualWingbeat,Tailwind,WideGuard|Jolly||M|||50|]Mawile||Mawilite|Intimidate|PlayRough,SuckerPunch,IronHead,Protect|Adamant||F|||50|]Sinistcha-Masterpiece||SitrusBerry|Hospitality|MatchaGotcha,RagePowder,TrickRoom,Imprison|Bold|||||50|]Vanilluxe||ChoiceScarf|SnowWarning|Blizzard,FreezeDry,FlashCannon,AuroraVeil|Timid||M|||50|
|showteam|p2|Charizard||CharizarditeY|SolarPower|Protect,HeatWave,SolarBeam,WeatherBall|Modest||M|||50|]Kingambit||FocusSash|Defiant|IronHead,SuckerPunch,KowtowCleave,LowKick|Adamant||M|||50|]Sylveon||FairyFeather|Pixilate|Detect,HyperVoice,HyperBeam,QuickAttack|Modest||F|||50|]Garchomp||LifeOrb|RoughSkin|Protect,DragonClaw,StompingTantrum,RockSlide|Jolly||F|||50|]Aerodactyl||Aerodactylite|RockHead|IceFang,RockSlide,Tailwind,DualWingbeat|Jolly||M|||50|]Farigiraf||SitrusBerry|ArmorTail|TrickRoom,Psychic,Thunder,Roar|Bold||F|||50|
|inactive|Battle timer is ON: inactive players will automatically lose when time's up. (requested by DttDMarce)
|
|t:|1783533668
|teamsize|p1|4
|teamsize|p2|4
|start
|switch|p1a: Delphox|Delphox, L50, F|100/100
|switch|p1b: Aerodactyl|Aerodactyl, L50, M|100/100
|switch|p2a: Farigiraf|Farigiraf, L50, F|100/100
|switch|p2b: Garchomp|Garchomp, L50, F|100/100
|-ability|p1b: Aerodactyl|Unnerve
|turn|1
|inactive|thatlookglope has 30 seconds left.
|
|t:|1783533697
|detailschange|p1a: Delphox|Delphox-Mega, L50, F
|-mega|p1a: Delphox|Delphox|Delphoxite
|move|p1a: Delphox|Protect|p1a: Delphox
|-singleturn|p1a: Delphox|Protect
|move|p1b: Aerodactyl|Tailwind|p1b: Aerodactyl
|-sidestart|p1: thatlookglope|move: Tailwind
|move|p2b: Garchomp|Rock Slide|p1b: Aerodactyl|[spread] p1b
|-activate|p1a: Delphox|move: Protect
|-supereffective|p1b: Aerodactyl|1
|-damage|p1b: Aerodactyl|22/100
|-damage|p2b: Garchomp|90/100|[from] item: Life Orb
|move|p2a: Farigiraf|Trick Room|p2a: Farigiraf
|-fieldstart|move: Trick Room|[of] p2a: Farigiraf
|
|upkeep
|turn|2
|inactive|DttDMarce has 30 seconds left.
|inactive|DttDMarce has 20 seconds left.
|inactive|DttDMarce has 15 seconds left.
|inactive|DttDMarce has 10 seconds left.
|inactive|DttDMarce has 5 seconds left.
|
|t:|1783533752
|move|p2b: Garchomp|Protect|p2b: Garchomp
|-singleturn|p2b: Garchomp|Protect
|move|p1b: Aerodactyl|Wide Guard|p1b: Aerodactyl
|-singleturn|p1b: Aerodactyl|Wide Guard
|move|p1a: Delphox|Heat Wave|p2b: Garchomp|[spread] p2a
|-activate|p2b: Garchomp|move: Protect
|-crit|p2a: Farigiraf
|-damage|p2a: Farigiraf|40/100
|-status|p2a: Farigiraf|brn
|move|p2a: Farigiraf|Trick Room|p2a: Farigiraf
|-fieldend|move: Trick Room
|
|-damage|p2a: Farigiraf|35/100 brn|[from] brn
|upkeep
|turn|3
|inactive|thatlookglope has 30 seconds left.
|
|t:|1783533781
|move|p1b: Aerodactyl|Dual Wingbeat|p2a: Farigiraf
|-damage|p2a: Farigiraf|20/100r brn
|-damage|p2a: Farigiraf|5/100 brn
|-hitcount|p2a: Farigiraf|2
|move|p1a: Delphox|Nasty Plot|p1a: Delphox
|-boost|p1a: Delphox|spa|2
|move|p2b: Garchomp|Rock Slide|p1a: Delphox|[spread] p1a,p1b
|-supereffective|p1a: Delphox|1
|-supereffective|p1b: Aerodactyl|1
|-damage|p1a: Delphox|39/100
|-damage|p1b: Aerodactyl|0 fnt
|-enditem|p2a: Farigiraf|Sitrus Berry|[eat]
|-heal|p2a: Farigiraf|30/100 brn|[from] item: Sitrus Berry
|faint|p1b: Aerodactyl
|-damage|p2b: Garchomp|80/100|[from] item: Life Orb
|move|p2a: Farigiraf|Trick Room|p2a: Farigiraf
|-fieldstart|move: Trick Room|[of] p2a: Farigiraf
|
|-damage|p2a: Farigiraf|25/100 brn|[from] brn
|upkeep
|
|t:|1783533801
|switch|p1b: Vanilluxe|Vanilluxe, L50, M|100/100
|-weather|Snowscape|[from] ability: Snow Warning|[of] p1b: Vanilluxe
|turn|4
|
|t:|1783533816
|move|p1a: Delphox|Protect|p1a: Delphox
|-singleturn|p1a: Delphox|Protect
|move|p2b: Garchomp|Rock Slide|p1a: Delphox|[spread] p1b
|-activate|p1a: Delphox|move: Protect
|-supereffective|p1b: Vanilluxe|1
|-damage|p1b: Vanilluxe|50/100g
|-damage|p2b: Garchomp|70/100|[from] item: Life Orb
|move|p1b: Vanilluxe|Blizzard|p2b: Garchomp|[spread] p2a,p2b
|-supereffective|p2b: Garchomp|2
|-damage|p2a: Farigiraf|0 fnt
|-damage|p2b: Garchomp|0 fnt
|faint|p2a: Farigiraf
|faint|p2b: Garchomp
|
|-weather|Snowscape|[upkeep]
|-sideend|p1: thatlookglope|move: Tailwind
|upkeep
|
|t:|1783533834
|switch|p2a: Sylveon|Sylveon, L50, F|100/100
|switch|p2b: Kingambit|Kingambit, L50, M|100/100
|turn|5
|
|t:|1783533849
|move|p2b: Kingambit|Sucker Punch|p1a: Delphox
|-supereffective|p1a: Delphox|1
|-damage|p1a: Delphox|0 fnt
|faint|p1a: Delphox
|move|p2a: Sylveon|Hyper Voice|p1b: Vanilluxe
|-damage|p1b: Vanilluxe|0 fnt
|faint|p1b: Vanilluxe
|
|-weather|Snowscape|[upkeep]
|upkeep
|-message|thatlookglope forfeited.
|
|win|DttDMarce
|l|☆thatlookglope
|player|p1|
||thatlookglope is ready for game 2.
