|j|☆LunarLooser
|j|☆nicodemus3
|html|LunarLoosernicodemus3    
|uhtml|bestof|Game 2 of a best-of-3
|t:|1757786067
|gametype|doubles
|player|p1|LunarLooser|101|1205
|player|p2|nicodemus3|102|1212
|gen|9
|tier|[Gen 9] VGC 2025 Reg H (Bo3)
|rated|
|rule|Species Clause: Limit one of each Pokémon
|rule|Item Clause: Limit 1 of each item
|clearpoke
|poke|p1|Indeedee, L50, M|
|poke|p1|Kleavor, L50, F|
|poke|p1|Gholdengo, L50|
|poke|p1|Murkrow, L50, F|
|poke|p1|Sneasler, L50, M|
|poke|p1|Charizard, L50, F|
|poke|p2|Dondozo, L50, F|
|poke|p2|Tatsugiri, L50, M|
|poke|p2|Maushold-Four, L50|
|poke|p2|Annihilape, L50, M|
|poke|p2|Glimmora, L50, F|
|poke|p2|Talonflame, L50, F|
|teampreview|4
|showteam|p1|Indeedee||FocusSash|PsychicSurge|ExpandingForce,TrickRoom,Imprison,TeraBlast|||M|||50|,,,,,Psychic]Kleavor||ClearAmulet|Sharpness|StoneAxe,XScissor,Protect,CloseCombat|||F|||50|,,,,,Dragon]Gholdengo||ChoiceSpecs|GoodasGold|MakeItRain,ShadowBall,Thunderbolt,PowerGem||||||50|,,,,,Steel]Murkrow||Eviolite|Prankster|Tailwind,FoulPlay,SunnyDay,Haze|||F|||50|,,,,,Ghost]Sneasler||PsychicSeed|Unburden|DireClaw,CloseCombat,Protect,ThroatChop|||M|||50|,,,,,Dark]Charizard||Charcoal|SolarPower|HeatWave,Flamethrower,Protect,DragonPulse|||F|||50|,,,,,Dragon
|showteam|p2|Dondozo||Leftovers|Unaware|WaveCrash,Earthquake,OrderUp,Protect|||F|||50|,,,,,Grass]Tatsugiri||AbilityShield|Commander|DracoMeteor,MuddyWater,Protect,HelpingHand|||M|||50|,,,,,Steel]Maushold-Four||WideLens|FriendGuard|PopulationBomb,Taunt,FollowMe,Protect||||||50|,,,,,Ghost]Annihilape||ChoiceScarf|Defiant|RageFist,CloseCombat,FinalGambit,Coaching|||M|||50|,,,,,Fire]Glimmora||PowerHerb|ToxicDebris|MeteorBeam,EarthPower,MortalSpin,SpikyShield|||F|||50|,,,,,Grass]Talonflame||CovertCloak|GaleWings|Taunt,DualWingbeat,Tailwind,WillOWisp|||F|||50|,,,,,Grass
|inactive|Battle timer is ON: inactive players will automatically lose when time's up. (requested by LunarLooser)
|
|t:|1757786083
|teamsize|p1|4
|teamsize|p2|4
|start
|switch|p1a: Indeedee|Indeedee, L50, M|100/100
|switch|p1b: Sneasler|Sneasler, L50, M|100/100
|switch|p2a: Maushold|Maushold-Four, L50|100/100
|switch|p2b: Annihilape|Annihilape, L50, M|100/100
|-fieldstart|move: Psychic Terrain|[from] ability: Psychic Surge|[of] p1a: Indeedee
|-enditem|p1b: Sneasler|Psychic Seed
|-boost|p1b: Sneasler|spd|1|[from] item: Psychic Seed
|turn|1
|inactive|nicodemus3 has 30 seconds left.
|
|t:|1757786111
|-terastallize|p2a: Maushold|Ghost
|-terastallize|p1a: Indeedee|Psychic
|move|p1b: Sneasler|Throat Chop|p2a: Maushold
|-supereffective|p2a: Maushold
|-damage|p2a: Maushold|25/100
|-start|p2a: Maushold|Throat Chop|[silent]
|move|p2b: Annihilape|Rage Fist|p1b: Sneasler
|-damage|p1b: Sneasler|64/100
|move|p2a: Maushold|Population Bomb|p1a: Indeedee
|-damage|p1a: Indeedee|89/100
|-damage|p1a: Indeedee|75/100
|-damage|p1a: Indeedee|63/100
|-damage|p1a: Indeedee|52/100
|-damage|p1a: Indeedee|38/100
|-damage|p1a: Indeedee|26/100
|-damage|p1a: Indeedee|15/100
|-damage|p1a: Indeedee|3/100
|-damage|p1a: Indeedee|0 fnt
|faint|p1a: Indeedee
|-hitcount|p1: Indeedee|9
|
|upkeep
|
|t:|1757786123
|switch|p1a: Gholdengo|Gholdengo, L50|100/100
|turn|2
|
|t:|1757786142
|move|p2a: Maushold|Protect|p2a: Maushold
|-singleturn|p2a: Maushold|Protect
|move|p1b: Sneasler|Throat Chop|p2a: Maushold
|-activate|p2a: Maushold|move: Protect
|move|p2b: Annihilape|Rage Fist|p1b: Sneasler
|-damage|p1b: Sneasler|30/100
|move|p1a: Gholdengo|Make It Rain|p2b: Annihilape|[spread] p2b
|-activate|p2a: Maushold|move: Protect
|-damage|p2b: Annihilape|53/100
|-unboost|p1a: Gholdengo|spa|1
|
|-end|p2a: Maushold|Throat Chop|[silent]
|upkeep
|turn|3
|inactive|nicodemus3 has 30 seconds left.
|
|t:|1757786167
|move|p2a: Maushold|Follow Me|p2a: Maushold
|-singleturn|p2a: Maushold|move: Follow Me
|move|p1b: Sneasler|Throat Chop|p2a: Maushold
|-supereffective|p2a: Maushold
|-damage|p2a: Maushold|0 fnt
|faint|p2a: Maushold
|move|p2b: Annihilape|Rage Fist|p1a: Gholdengo
|-supereffective|p1a: Gholdengo
|-damage|p1a: Gholdengo|18/100
|move|p1a: Gholdengo|Make It Rain|p2b: Annihilape
|-damage|p2b: Annihilape|2/100
|-unboost|p1a: Gholdengo|spa|1
|
|upkeep
|
|t:|1757786176
|switch|p2a: Dondozo|Dondozo, L50, F|100/100
|turn|4
|
|t:|1757786194
|switch|p2b: Tatsugiri|Tatsugiri, L50, M|100/100
|-activate|p2b: Tatsugiri|ability: Commander|[of] p2a: Dondozo
|-boost|p2a: Dondozo|atk|2
|-boost|p2a: Dondozo|spa|2
|-boost|p2a: Dondozo|spe|2
|-boost|p2a: Dondozo|def|2
|-boost|p2a: Dondozo|spd|2
|switch|p1a: Murkrow|Murkrow, L50, F|100/100
|move|p1b: Sneasler|Protect|p1b: Sneasler
|-singleturn|p1b: Sneasler|Protect
|move|p2a: Dondozo|Wave Crash|p1a: Murkrow
|-damage|p1a: Murkrow|0 fnt
|faint|p1a: Murkrow
|-damage|p2a: Dondozo|76/100|[from] Recoil
|
|-heal|p2a: Dondozo|82/100|[from] item: Leftovers
|upkeep
|
|t:|1757786197
|switch|p1a: Gholdengo|Gholdengo, L50|18/100
|turn|5
|
|t:|1757786208
|move|p1b: Sneasler|Dire Claw|p2a: Dondozo
|-damage|p2a: Dondozo|68/100
|move|p2a: Dondozo|Earthquake|p1a: Gholdengo|[spread] p1a,p1b
|-miss|p2a: Dondozo|p2b: Tatsugiri
|-supereffective|p1a: Gholdengo
|-supereffective|p1b: Sneasler
|-damage|p1a: Gholdengo|0 fnt
|-damage|p1b: Sneasler|0 fnt
|faint|p1a: Gholdengo
|faint|p1b: Sneasler
|
|win|nicodemus3
||nicodemus3 is ready for game 3.
|l|☆LunarLooser
|player|p1|
||LunarLooser is ready for game 3.
|uhtml|next|Next: Game 3 of 3
|l|☆nicodemus3
|player|p2|
