|j|☆FireKing002
|j|☆CorkscrewRacer
|html|FireKing002CorkscrewRacer    
|uhtml|bestof|Game 2 of a best-of-3
|t:|1756170011
|gametype|doubles
|player|p1|FireKing002|roxie|1065
|player|p2|CorkscrewRacer|266|1144
|gen|9
|tier|[Gen 9] VGC 2025 Reg H (Bo3)
|rated|
|rule|Species Clause: Limit one of each Pokémon
|rule|Item Clause: Limit 1 of each item
|clearpoke
|poke|p1|Kommo-o, L50, F|
|poke|p1|Drifblim, L50, F|
|poke|p1|Hydreigon, L50, F|
|poke|p1|Toxtricity-Low-Key, L50, F|
|poke|p1|Volcarona, L50, F|
|poke|p1|Indeedee, L50, M|
|poke|p2|Sneasler, L50, F|
|poke|p2|Dragapult, L50, F|
|poke|p2|Dondozo, L50, M|
|poke|p2|Tatsugiri, L50, F|
|poke|p2|Incineroar, L50, F|
|poke|p2|Rillaboom, L50, F|
|teampreview|4
|showteam|p1|Kommo-o||Leftovers|Soundproof|BodyPress,Flamethrower,IronDefense,Protect|||F|||50|,,,,,Fire]Drifblim||PsychicSeed|Unburden|Acrobatics,WillOWisp,StrengthSap,Tailwind|||F|||50|,,,,,Grass]Hydreigon||AssaultVest|Levitate|DarkPulse,DracoMeteor,EarthPower,Snarl|||F|||50|,,,,,Ghost]Toxtricity-Low-Key||ChoiceSpecs|PunkRock|Boomburst,VoltSwitch,Overdrive,SludgeWave|||F|||50|,,,,,Normal]Volcarona||LifeOrb|FlameBody|BugBuzz,HeatWave,TeraBlast,Protect|||F|||50|,,,,,Fairy]Indeedee||FocusSash|PsychicSurge|ExpandingForce,TeraBlast,Imprison,TrickRoom|||M|||50|,,,,,Ground
|showteam|p2|Sneasler||GrassySeed|Unburden|DireClaw,CloseCombat,Protect,FakeOut|||F|||50|,,,,,Ghost]Dragapult||ChoiceBand|ClearBody|DragonDarts,Outrage,PhantomForce,Uturn|||F|||50|,,,,,Dragon]Dondozo||Leftovers|Unaware|WaveCrash,HeavySlam,OrderUp,Protect|||M|||50|,,,,,Grass]Tatsugiri||LifeOrb|Commander|DracoMeteor,MuddyWater,IcyWind,Protect|||F|||50|,,,,,Stellar]Incineroar||AssaultVest|Intimidate|FakeOut,FlareBlitz,KnockOff,Uturn|||F|||50|,,,,,Ghost]Rillaboom||MiracleSeed|GrassySurge|GrassyGlide,WoodHammer,FakeOut,Taunt|||F|||50|,,,,,Fire
|j| BLiiNDProdiigy
|
|t:|1756170049
|teamsize|p1|4
|teamsize|p2|4
|start
|switch|p1a: Pinkshift|Toxtricity-Low-Key, L50, F, shiny|100/100
|switch|p1b: Drifblim|Drifblim, L50, F|100/100
|switch|p2a: Sneasler|Sneasler, L50, F|100/100
|switch|p2b: Dragapult|Dragapult, L50, F|100/100
|turn|1
|inactive|Battle timer is ON: inactive players will automatically lose when time's up. (requested by FireKing002)
|
|t:|1756170104
|-terastallize|p2a: Sneasler|Ghost
|move|p2b: Dragapult|Dragon Darts|p1a: Pinkshift
|-damage|p1a: Pinkshift|46/100
|-anim|p2b: Dragapult|Dragon Darts|p1b: Drifblim
|-damage|p1b: Drifblim|51/100
|move|p2a: Sneasler|Close Combat|p1a: Pinkshift
|-resisted|p1a: Pinkshift
|-damage|p1a: Pinkshift|4/100
|-unboost|p2a: Sneasler|def|1
|-unboost|p2a: Sneasler|spd|1
|move|p1b: Drifblim|Tailwind|p1b: Drifblim
|-sidestart|p1: FireKing002|move: Tailwind
|move|p1a: Pinkshift|Overdrive|p2b: Dragapult|[spread] p2a,p2b
|-resisted|p2b: Dragapult
|-damage|p2a: Sneasler|0 fnt
|-damage|p2b: Dragapult|57/100
|faint|p2a: Sneasler
|
|upkeep
|
|t:|1756170125
|switch|p2a: Dondozo|Dondozo, L50, M|100/100
|turn|2
|inactive|CorkscrewRacer has 30 seconds left.
|
|t:|1756170153
|switch|p2b: Tatsugiri|Tatsugiri, L50, F|100/100
|-activate|p2b: Tatsugiri|ability: Commander|[of] p2a: Dondozo
|-boost|p2a: Dondozo|atk|2
|-boost|p2a: Dondozo|spa|2
|-boost|p2a: Dondozo|spe|2
|-boost|p2a: Dondozo|def|2
|-boost|p2a: Dondozo|spd|2
|move|p1b: Drifblim|Will-O-Wisp|p2b: Tatsugiri|[miss]
|-miss|p1b: Drifblim|p2b: Tatsugiri
|move|p1a: Pinkshift|Overdrive|p2b: Tatsugiri|[spread] p2a
|-miss|p1a: Pinkshift|p2b: Tatsugiri
|-supereffective|p2a: Dondozo
|-damage|p2a: Dondozo|29/100
|move|p2a: Dondozo|Order Up|p1b: Drifblim
|-damage|p1b: Drifblim|0 fnt
|faint|p1b: Drifblim
|-boost|p2a: Dondozo|atk|1
|
|-heal|p2a: Dondozo|35/100|[from] item: Leftovers
|upkeep
|
|t:|1756170177
|switch|p1b: Hydreigon|Hydreigon, L50, F|100/100
|turn|3
|
|t:|1756170185
|move|p2a: Dondozo|Protect|p2a: Dondozo
|-singleturn|p2a: Dondozo|Protect
|move|p1b: Hydreigon|Dark Pulse|p2a: Dondozo
|-activate|p2a: Dondozo|move: Protect
|move|p1a: Pinkshift|Overdrive|p2b: Tatsugiri|[spread] 
|-miss|p1a: Pinkshift|p2b: Tatsugiri
|-activate|p2a: Dondozo|move: Protect
|
|-heal|p2a: Dondozo|41/100|[from] item: Leftovers
|upkeep
|turn|4
|inactive|CorkscrewRacer has 30 seconds left.
|inactive|CorkscrewRacer has 20 seconds left.
|inactive|CorkscrewRacer has 15 seconds left.
|
|t:|1756170229
|move|p1b: Hydreigon|Dark Pulse|p2a: Dondozo
|-damage|p2a: Dondozo|20/100
|move|p1a: Pinkshift|Overdrive|p2b: Tatsugiri|[spread] p2a
|-miss|p1a: Pinkshift|p2b: Tatsugiri
|-supereffective|p2a: Dondozo
|-damage|p2a: Dondozo|0 fnt
|faint|p2a: Dondozo
|
|-sideend|p1: FireKing002|move: Tailwind
|upkeep
|
|t:|1756170239
|switch|p2a: Dragapult|Dragapult, L50, F|57/100
|turn|5
|
|t:|1756170257
|move|p2a: Dragapult|Dragon Darts|p1b: Hydreigon
|-supereffective|p1b: Hydreigon
|-damage|p1b: Hydreigon|11/100
|-anim|p2a: Dragapult|Dragon Darts|p1a: Pinkshift
|-damage|p1a: Pinkshift|0 fnt
|faint|p1a: Pinkshift
|move|p1b: Hydreigon|Draco Meteor|p2a: Dragapult|[miss]
|-miss|p1b: Hydreigon|p2a: Dragapult
|move|p2b: Tatsugiri|Draco Meteor|p1b: Hydreigon
|-supereffective|p1b: Hydreigon
|-damage|p1b: Hydreigon|0 fnt
|-unboost|p2b: Tatsugiri|spa|2
|faint|p1b: Hydreigon
|-damage|p2b: Tatsugiri|91/100|[from] item: Life Orb
|
|upkeep
|
|t:|1756170268
|switch|p1b: Kommo-o|Kommo-o, L50, F|100/100
|turn|6
|-message|FireKing002 forfeited.
|raw|FireKing002's rating: 1065 → 1050(-15 for losing)
|raw|CorkscrewRacer's rating: 1144 → 1163(+19 for winning)
|
|win|CorkscrewRacer
|l|☆FireKing002
|player|p1|
|l| BLiiNDProdiigy
