|j|☆CALAMELLA
|j|☆vinzdagoat
|html|CALAMELLAvinzdagoat    
|uhtml|bestof|Game 1 of a best-of-3
|t:|1782226989
|gametype|doubles
|player|p1|CALAMELLA|li|1094
|player|p2|vinzdagoat|102|1000
|gen|9
|tier|[Gen 9 Champions] VGC 2026 Reg M-B (Bo3)
|rated|
|rule|Species Clause: Limit one of each Pokémon
|rule|Item Clause: Limit 1 of each item
|clearpoke
|poke|p1|Archaludon, L50, F|
|poke|p1|Pelipper, L50, F|
|poke|p1|Grimmsnarl, L50, M|
|poke|p1|Sylveon, L50, F|
|poke|p1|Metagross, L50|
|poke|p1|Swampert, L50, F|
|poke|p2|Pelipper, L50, F|
|poke|p2|Swampert, L50, M|
|poke|p2|Sableye, L50, M|
|poke|p2|Sinistcha, L50|
|poke|p2|Archaludon, L50, M|
|poke|p2|Kingambit, L50, F|
|teampreview|4
|showteam|p1|Archaludon||Leftovers|Stamina|Protect,ElectroShot,DragonPulse,AuraSphere|Modest||F|||50|]Pelipper||DampRock|Drizzle|WeatherBall,Hurricane,WideGuard,Tailwind|Modest||F|||50|]Grimmsnarl||LightClay|Prankster|SpiritBreak,LightScreen,Reflect,PartingShot|Careful||M|||50|]Sylveon||FairyFeather|Pixilate|HyperVoice,HyperBeam,QuickAttack,Detect|Modest||F|||50|]Metagross||Metagrossite|ClearBody|IronHead,RockSlide,PsychicFangs,Protect|Adamant|||||50|]Swampert||Swampertite|Torrent|WaveCrash,Earthquake,RockTomb,Protect|Adamant||F|||50|
|showteam|p2|Pelipper||FocusSash|Drizzle|WeatherBall,Tailwind,Hurricane,WideGuard|Timid||F|||50|]Swampert||Swampertite|Torrent|HighHorsepower,Protect,WaveCrash,IcePunch|Adamant||M|||50|]Sableye||LightClay|Prankster|RainDance,LightScreen,Reflect,Quash|Calm||M|||50|]Sinistcha||KasibBerry|Hospitality|RagePowder,MatchaGotcha,LifeDew,TrickRoom|Bold|||||50|]Archaludon||Leftovers|Stamina|ElectroShot,DragonPulse,FlashCannon,Protect|Modest||M|||50|]Kingambit||ChopleBerry|Defiant|SuckerPunch,IronHead,KowtowCleave,LowKick|Adamant||F|||50|
|
|t:|1782227020
|teamsize|p1|4
|teamsize|p2|4
|start
|switch|p1a: Grimmsnarl|Grimmsnarl, L50, M|100/100
|switch|p1b: Sylveon|Sylveon, L50, F|100/100
|switch|p2a: Pelipper|Pelipper, L50, F|100/100
|switch|p2b: Swampert|Swampert, L50, M|100/100
|-weather|RainDance|[from] ability: Drizzle|[of] p2a: Pelipper
|turn|1
|inactive|Battle timer is ON: inactive players will automatically lose when time's up. (requested by CALAMELLA)
|
|t:|1782227068
|detailschange|p2b: Swampert|Swampert-Mega, L50, M
|-mega|p2b: Swampert|Swampert|Swampertite
|move|p2a: Pelipper|Wide Guard|p2a: Pelipper
|-singleturn|p2a: Pelipper|Wide Guard
|move|p1a: Grimmsnarl|Reflect|p1a: Grimmsnarl
|-sidestart|p1: CALAMELLA|Reflect
|move|p2b: Swampert|Ice Punch|p1b: Sylveon
|-damage|p1b: Sylveon|79/100
|move|p1b: Sylveon|Hyper Voice|p2a: Pelipper|[spread] 
|-activate|p2a: Pelipper|move: Wide Guard
|-activate|p2b: Swampert|move: Wide Guard
|
|-weather|RainDance|[upkeep]
|upkeep
|turn|2
|inactive|CALAMELLA has 30 seconds left.
|inactive|vinzdagoat has 30 seconds left.
|inactive|vinzdagoat has 20 seconds left.
|
|t:|1782227105
|move|p1a: Grimmsnarl|Parting Shot|p2b: Swampert
|-unboost|p2b: Swampert|atk|1
|-unboost|p2b: Swampert|spa|1
|
|t:|1782227108
|switch|p1a: Archaludon|Archaludon, L50, F|100/100|[from] Parting Shot
|move|p2b: Swampert|Ice Punch|p1a: Archaludon
|-damage|p1a: Archaludon|88/100
|-ability|p1a: Archaludon|Stamina|boost
|-boost|p1a: Archaludon|def|1
|move|p2a: Pelipper|Hurricane|p1b: Sylveon
|-damage|p1b: Sylveon|45/100
|move|p1b: Sylveon|Hyper Beam|p2b: Swampert
|-damage|p2b: Swampert|9/100
|-mustrecharge|p1b: Sylveon
|
|-weather|RainDance|[upkeep]
|-heal|p1a: Archaludon|94/100|[from] item: Leftovers
|upkeep
|turn|3
|
|t:|1782227125
|switch|p2a: Sinistcha|Sinistcha, L50|100/100
|-heal|p2b: Swampert|34/100|[from] ability: Hospitality|[of] p2a: Sinistcha
|move|p2b: Swampert|Protect|p2b: Swampert
|-singleturn|p2b: Swampert|Protect
|move|p1a: Archaludon|Electro Shot||[still]
|-prepare|p1a: Archaludon|Electro Shot
|-boost|p1a: Archaludon|spa|1
|-anim|p1a: Archaludon|Electro Shot|p2a: Sinistcha
|-resisted|p2a: Sinistcha|1
|-damage|p2a: Sinistcha|64/100
|cant|p1b: Sylveon|recharge
|
|-weather|RainDance|[upkeep]
|-heal|p1a: Archaludon|100/100|[from] item: Leftovers
|upkeep
|turn|4
|inactive|vinzdagoat has 30 seconds left.
|
|t:|1782227154
|move|p2b: Swampert|High Horsepower|p1a: Archaludon
|-supereffective|p1a: Archaludon|1
|-damage|p1a: Archaludon|71/100
|-ability|p1a: Archaludon|Stamina|boost
|-boost|p1a: Archaludon|def|1
|move|p1a: Archaludon|Dragon Pulse|p2a: Sinistcha
|-damage|p2a: Sinistcha|0 fnt
|faint|p2a: Sinistcha
|move|p1b: Sylveon|Hyper Voice|p2b: Swampert
|-damage|p2b: Swampert|0 fnt
|faint|p2b: Swampert
|
|-weather|RainDance|[upkeep]
|-heal|p1a: Archaludon|77/100|[from] item: Leftovers
|upkeep
|
|t:|1782227167
|switch|p2b: Pelipper|Pelipper, L50, F|100/100
|switch|p2a: Kingambit|Kingambit, L50, F|100/100
|turn|5
|
|t:|1782227178
|move|p1b: Sylveon|Quick Attack|p2b: Pelipper
|-damage|p2b: Pelipper|83/100
|move|p2b: Pelipper|Tailwind|p2b: Pelipper
|-sidestart|p2: vinzdagoat|move: Tailwind
|move|p2a: Kingambit|Low Kick|p1a: Archaludon
|-supereffective|p1a: Archaludon|1
|-damage|p1a: Archaludon|62/100
|-ability|p1a: Archaludon|Stamina|boost
|-boost|p1a: Archaludon|def|1
|move|p1a: Archaludon|Electro Shot||[still]
|-prepare|p1a: Archaludon|Electro Shot
|-boost|p1a: Archaludon|spa|1
|-anim|p1a: Archaludon|Electro Shot|p2b: Pelipper
|-supereffective|p2b: Pelipper|2
|-damage|p2b: Pelipper|0 fnt
|faint|p2b: Pelipper
|
|-weather|none
|-heal|p1a: Archaludon|69/100|[from] item: Leftovers
|upkeep
|turn|6
|
|t:|1782227203
|move|p2a: Kingambit|Iron Head|p1b: Sylveon
|-supereffective|p1b: Sylveon|1
|-damage|p1b: Sylveon|0 fnt
|faint|p1b: Sylveon
|move|p1a: Archaludon|Aura Sphere|p2a: Kingambit
|-supereffective|p2a: Kingambit|2
|-enditem|p2a: Kingambit|Chople Berry|[eat]
|-enditem|p2a: Kingambit|Chople Berry|[weaken]
|-damage|p2a: Kingambit|0 fnt
|faint|p2a: Kingambit
|
|win|CALAMELLA
|l|☆vinzdagoat
|player|p2|
||CALAMELLA is ready for game 2.
|inactive|vinzdagoat has 30 seconds to confirm battle start!
|inactive|vinzdagoat has 20 seconds to confirm battle start!
|inactive|vinzdagoat has 10 seconds to confirm battle start!
|uhtml|next|Next: Game 2 of 3
