|j|☆sorecruiser
|j|☆DrManbeast
|html|sorecruiserDrManbeast    
|uhtml|bestof|Game 2 of a best-of-3
|t:|1756523821
|gametype|doubles
|player|p1|sorecruiser|furisodegirl-black|1000
|player|p2|DrManbeast|101|1030
|gen|9
|tier|[Gen 9] VGC 2025 Reg H (Bo3)
|rated|
|rule|Species Clause: Limit one of each Pokémon
|rule|Item Clause: Limit 1 of each item
|clearpoke
|poke|p1|Clefable, L50, F|
|poke|p1|Garchomp, L50, F|
|poke|p1|Whimsicott, L50, F|
|poke|p1|Hydreigon, L50, M|
|poke|p1|Annihilape, L50, M|
|poke|p1|Gholdengo, L50|
|poke|p2|Sneasler, L50, F|
|poke|p2|Indeedee, L50, M|
|poke|p2|Baxcalibur, L50, M|
|poke|p2|Krookodile, L50, M|
|poke|p2|Magmortar, L50, M|
|poke|p2|Pawmot, L50, M|
|teampreview|4
|showteam|p1|Clefable||SitrusBerry|Unaware|FollowMe,Moonblast,MistyTerrain,Protect|||F|||50|,,,,,Water]Garchomp||LifeOrb|RoughSkin|StompingTantrum,DragonClaw,Earthquake,Protect|||F|||50|,,,,,Ground]Whimsicott||FocusSash|Prankster|Moonblast,Encore,Tailwind,SunnyDay|||F|||50|,,,,,Ghost]Hydreigon||ChoiceSpecs|Levitate|DarkPulse,DracoMeteor,Snarl,HeatWave|||M|||50|,,,,,Fire]Annihilape||Leftovers|Defiant|RageFist,DrainPunch,BulkUp,Protect|||M|||50|,,,,,Water]Gholdengo||IronPlate|GoodasGold|MakeItRain,ShadowBall,NastyPlot,Protect||||||50|,,,,,Steel
|showteam|p2|Sneasler||PsychicSeed|Unburden|CloseCombat,ThroatChop,Protect,Coaching|||F|||50|,,,,,Dark]Indeedee||ChoiceScarf|PsychicSurge|ExpandingForce,DazzlingGleam,ShadowBall,Trick|||M|||50|,,,,,Fairy]Baxcalibur||LoadedDice|ThermalExchange|IcicleSpear,ScaleShot,Protect,IceShard|||M|||50|,,,,,Poison]Krookodile||AssaultVest|Intimidate|CloseCombat,KnockOff,HighHorsepower,RockSlide|||M|||50|,,,,,Fire]Magmortar||SitrusBerry|FlameBody|FollowMe,WillOWisp,Overheat,Thunderbolt|||M|||50|,,,,,Grass]Pawmot||FocusSash|VoltAbsorb|FakeOut,CloseCombat,DoubleShock,RevivalBlessing|||M|||50|,,,,,Electric
|inactive|Battle timer is ON: inactive players will automatically lose when time's up. (requested by DrManbeast)
|
|t:|1756523850
|teamsize|p1|4
|teamsize|p2|4
|start
|switch|p1a: Whimsicott|Whimsicott, L50, F|100/100
|switch|p1b: Gholdengo|Gholdengo, L50|100/100
|switch|p2a: Sneasler|Sneasler, L50, F|100/100
|switch|p2b: Indeedee|Indeedee, L50, M|100/100
|-fieldstart|move: Psychic Terrain|[from] ability: Psychic Surge|[of] p2b: Indeedee
|-enditem|p2a: Sneasler|Psychic Seed
|-boost|p2a: Sneasler|spd|1|[from] item: Psychic Seed
|turn|1
|
|t:|1756523865
|-terastallize|p1b: Gholdengo|Steel
|move|p1a: Whimsicott|Tailwind|p1a: Whimsicott
|-sidestart|p1: sorecruiser|move: Tailwind
|move|p2a: Sneasler|Throat Chop|p1b: Gholdengo
|-damage|p1b: Gholdengo|67/100
|-start|p1b: Gholdengo|Throat Chop|[silent]
|move|p1b: Gholdengo|Make It Rain|p2b: Indeedee|[spread] p2a,p2b
|-damage|p2a: Sneasler|33/100
|-damage|p2b: Indeedee|0 fnt
|-unboost|p1b: Gholdengo|spa|1
|faint|p2b: Indeedee
|
|upkeep
|
|t:|1756523882
|switch|p2b: Baxcalibur|Baxcalibur, L50, M|100/100
|turn|2
|
|t:|1756523888
|-terastallize|p2b: Baxcalibur|Poison
|move|p1a: Whimsicott|Moonblast|p2b: Baxcalibur
|-resisted|p2b: Baxcalibur
|-damage|p2b: Baxcalibur|83/100
|move|p2a: Sneasler|Close Combat|p1b: Gholdengo
|-supereffective|p1b: Gholdengo
|-damage|p1b: Gholdengo|0 fnt
|-unboost|p2a: Sneasler|def|1
|-unboost|p2a: Sneasler|spd|1
|faint|p1b: Gholdengo
|move|p2b: Baxcalibur|Icicle Spear|p1a: Whimsicott
|-supereffective|p1a: Whimsicott
|-damage|p1a: Whimsicott|59/100
|-supereffective|p1a: Whimsicott
|-damage|p1a: Whimsicott|11/100
|-supereffective|p1a: Whimsicott
|-damage|p1a: Whimsicott|0 fnt
|faint|p1a: Whimsicott
|-hitcount|p1: Whimsicott|3
|
|upkeep
|
|t:|1756523898
|switch|p1a: Hydreigon|Hydreigon, L50, M|100/100
|switch|p1b: Garchomp|Garchomp, L50, F|100/100
|turn|3
|
|t:|1756523914
|move|p2a: Sneasler|Protect|p2a: Sneasler
|-singleturn|p2a: Sneasler|Protect
|move|p2b: Baxcalibur|Protect|p2b: Baxcalibur
|-singleturn|p2b: Baxcalibur|Protect
|move|p1b: Garchomp|Earthquake|p2b: Baxcalibur|[spread] 
|-activate|p2a: Sneasler|move: Protect
|-activate|p2b: Baxcalibur|move: Protect
|-immune|p1a: Hydreigon|[from] ability: Levitate
|move|p1a: Hydreigon|Heat Wave|p2a: Sneasler|[spread] 
|-activate|p2a: Sneasler|move: Protect
|-activate|p2b: Baxcalibur|move: Protect
|
|upkeep
|turn|4
|
|t:|1756523930
|move|p2b: Baxcalibur|Ice Shard|p1b: Garchomp
|-activate|p1b: Garchomp|move: Psychic Terrain
|move|p2a: Sneasler|Close Combat|p1b: Garchomp
|-damage|p1b: Garchomp|28/100
|-unboost|p2a: Sneasler|def|1
|-unboost|p2a: Sneasler|spd|1
|-damage|p2a: Sneasler|21/100|[from] ability: Rough Skin|[of] p1b: Garchomp
|move|p1b: Garchomp|Earthquake|p2a: Sneasler|[spread] p2a,p2b
|-immune|p1a: Hydreigon|[from] ability: Levitate
|-supereffective|p2a: Sneasler
|-supereffective|p2b: Baxcalibur
|-damage|p2a: Sneasler|0 fnt
|-damage|p2b: Baxcalibur|0 fnt
|faint|p2a: Sneasler
|faint|p2b: Baxcalibur
|-damage|p1b: Garchomp|18/100|[from] item: Life Orb
|move|p1a: Hydreigon|Heat Wave|p2: Sneasler|[notarget]
|-fail|p1a: Hydreigon
|
|-sideend|p1: sorecruiser|move: Tailwind
|upkeep
|
|t:|1756523933
|switch|p2a: Krookodile|Krookodile, L50, M|100/100
|-ability|p2a: Krookodile|Intimidate|boost
|-unboost|p1a: Hydreigon|atk|1
|-unboost|p1b: Garchomp|atk|1
|turn|5
|
|t:|1756523944
|move|p1b: Garchomp|Earthquake|p2a: Krookodile|[spread] p2a
|-immune|p1a: Hydreigon|[from] ability: Levitate
|-damage|p2a: Krookodile|59/100
|-damage|p1b: Garchomp|8/100|[from] item: Life Orb
|move|p1a: Hydreigon|Heat Wave|p2a: Krookodile
|-crit|p2a: Krookodile
|-damage|p2a: Krookodile|0 fnt
|faint|p2a: Krookodile
|
|win|sorecruiser
