|j|☆fergalhopper
|j|☆gemsdavinci
|html|fergalhoppergemsdavinci    
|uhtml|bestof|Game 1 of a best-of-3
|t:|1784823051
|gametype|doubles
|player|p1|fergalhopper|101|1065
|player|p2|gemsdavinci|170|1044
|gen|9
|tier|[Gen 9 Champions] VGC 2026 Reg M-B (Bo3)
|rated|
|rule|Species Clause: Limit one of each Pokémon
|rule|Item Clause: Limit 1 of each item
|clearpoke
|poke|p1|Blaziken, L50, M|
|poke|p1|Whimsicott, L50, F|
|poke|p1|Maushold-Four, L50|
|poke|p1|Gholdengo, L50|
|poke|p1|Tsareena, L50, F|
|poke|p1|Annihilape, L50, M|
|poke|p2|Meowstic, L50, M, shiny|
|poke|p2|Alakazam, L50, M, shiny|
|poke|p2|Greninja, L50, M, shiny|
|poke|p2|Ninetales-Alola, L50, M, shiny|
|poke|p2|Talonflame, L50, M, shiny|
|poke|p2|Toxicroak, L50, M, shiny|
|teampreview|4
|showteam|p1|Blaziken||Blazikenite|SpeedBoost|FlareBlitz,CloseCombat,RockSlide,Protect|Adamant||M|||50|]Whimsicott||FocusSash|Prankster|Moonblast,Tailwind,Charm,Protect|Timid||F|||50|]Maushold-Four||WideLens|Technician|Protect,PopulationBomb,FollowMe,Feint|Adamant|||||50|]Gholdengo||LifeOrb|GoodasGold|MakeItRain,ShadowBall,NastyPlot,Protect|Modest|||||50|]Tsareena||LightClay|QueenlyMajesty|TropKick,LightScreen,Reflect,Taunt|Careful||F|||50|]Annihilape||SitrusBerry|Defiant|PhantomForce,CloseCombat,RockTomb,Protect|Adamant||M|||50|
|showteam|p2|Meowstic||Leftovers|Prankster|Protect,FakeOut,HelpingHand,PsychicTerrain|Timid||M|||50|]Alakazam||SitrusBerry|MagicGuard|Protect,ExpandingForce,DazzlingGleam,EnergyBall|Timid||M|||50|]Greninja||Greninjite|Protean|DarkPulse,Extrasensory,Blizzard,HydroPump|Timid||M|||50|]Ninetales-Alola||OccaBerry|SnowWarning|AuroraVeil,Blizzard,FreezeDry,Protect|Serious||M|||50|]Talonflame||LifeOrb|GaleWings|Protect,Tailwind,Uturn,BraveBird|Serious||M|||50|]Toxicroak||FocusSash|DrySkin|DrainPunch,KnockOff,Protect,GunkShot|Jolly||M|||50|
|
|t:|1784823098
|teamsize|p1|4
|teamsize|p2|4
|start
|switch|p1a: Tsareena|Tsareena, L50, F|100/100
|switch|p1b: Gholdengo|Gholdengo, L50|100/100
|switch|p2a: Ninetales|Ninetales-Alola, L50, M, shiny|100/100
|switch|p2b: Greninja|Greninja, L50, M, shiny|100/100
|-weather|Snowscape|[from] ability: Snow Warning|[of] p2a: Ninetales
|turn|1
|
|t:|1784823125
|detailschange|p2b: Greninja|Greninja-Mega, L50, M, shiny
|-mega|p2b: Greninja|Greninja|Greninjite
|move|p2b: Greninja|Dark Pulse|p1b: Gholdengo
|-start|p2b: Greninja|typechange|Dark|[from] ability: Protean
|-supereffective|p1b: Gholdengo|1
|-damage|p1b: Gholdengo|26/100
|move|p2a: Ninetales|Blizzard|p1a: Tsareena|[spread] p1a,p1b
|-supereffective|p1a: Tsareena|1
|-resisted|p1b: Gholdengo|1
|-damage|p1a: Tsareena|53/100
|-damage|p1b: Gholdengo|12/100
|move|p1b: Gholdengo|Make It Rain|p2b: Greninja|[spread] p2a,p2b
|-supereffective|p2a: Ninetales|2
|-damage|p2a: Ninetales|0 fnt
|-damage|p2b: Greninja|18/100
|-unboost|p1b: Gholdengo|spa|2
|faint|p2a: Ninetales
|-damage|p1b: Gholdengo|3/100|[from] item: Life Orb
|move|p1a: Tsareena|Light Screen|p1a: Tsareena
|-sidestart|p1: fergalhopper|move: Light Screen
|
|-weather|Snowscape|[upkeep]
|upkeep
|
|t:|1784823150
|switch|p2a: Meowstic|Meowstic, L50, M, shiny|100/100
|turn|2
|
|t:|1784823179
|move|p2a: Meowstic|Fake Out||[still]
|cant|p1a: Tsareena|ability: Queenly Majesty|Fake Out|[of] p2a: Meowstic
|move|p2b: Greninja|Blizzard|p1a: Tsareena|[spread] p1a,p1b
|-supereffective|p1a: Tsareena|1
|-resisted|p1b: Gholdengo|1
|-damage|p1a: Tsareena|24/100
|-damage|p1b: Gholdengo|0 fnt
|faint|p1b: Gholdengo
|move|p1a: Tsareena|Taunt|p2a: Meowstic
|-start|p2a: Meowstic|move: Taunt
|
|-weather|Snowscape|[upkeep]
|upkeep
|
|t:|1784823194
|switch|p1b: Maushold|Maushold-Four, L50|100/100
|turn|3
|
|t:|1784823208
|switch|p2a: Alakazam|Alakazam, L50, M, shiny|100/100
|move|p1b: Maushold|Feint|p2b: Greninja
|-damage|p2b: Greninja|0 fnt
|faint|p2b: Greninja
|move|p1a: Tsareena|Trop Kick|p2a: Alakazam
|-damage|p2a: Alakazam|10/100
|-unboost|p2a: Alakazam|atk|1
|-enditem|p2a: Alakazam|Sitrus Berry|[eat]
|-heal|p2a: Alakazam|35/100|[from] item: Sitrus Berry
|
|-weather|Snowscape|[upkeep]
|upkeep
|
|t:|1784823222
|switch|p2b: Meowstic|Meowstic, L50, M, shiny|100/100
|turn|4
|
|t:|1784823244
|move|p1b: Maushold|Feint|p2a: Alakazam
|-damage|p2a: Alakazam|0 fnt
|faint|p2a: Alakazam
|move|p2b: Meowstic|Psychic Terrain|p2b: Meowstic
|-fieldstart|move: Psychic Terrain
|move|p1a: Tsareena|Taunt|p2b: Meowstic
|-start|p2b: Meowstic|move: Taunt
|
|-weather|Snowscape|[upkeep]
|upkeep
|turn|5
|
|t:|1784823255
|-activate|p2b: Meowstic|move: Struggle
|move|p2b: Meowstic|Struggle|p1b: Maushold
|-damage|p1b: Maushold|90/100
|-damage|p2b: Meowstic|74/100|[from] recoil
|move|p1b: Maushold|Population Bomb|p2b: Meowstic
|-damage|p2b: Meowstic|58/100
|-damage|p2b: Meowstic|43/100
|-damage|p2b: Meowstic|28/100
|-damage|p2b: Meowstic|12/100
|-damage|p2b: Meowstic|0 fnt
|faint|p2b: Meowstic
|-hitcount|p2: Meowstic|5
|
|win|fergalhopper
|l|☆gemsdavinci
|player|p2|
|inactive|fergalhopper has 30 seconds to confirm battle start!
|inactive|gemsdavinci has 30 seconds to confirm battle start!
