|j|☆Slayermen34
|j|☆GetSlagged
|html|Slayermen34GetSlagged    
|uhtml|bestof|Game 3 of a best-of-3
|t:|1783562867
|gametype|doubles
|player|p1|Slayermen34|alder|
|player|p2|GetSlagged|miku-water|
|gen|9
|tier|[Gen 9 Champions] VGC 2026 Reg M-B (Bo3)
|rule|Species Clause: Limit one of each Pokémon
|rule|Item Clause: Limit 1 of each item
|clearpoke
|poke|p1|Gardevoir, L50, F, shiny|
|poke|p1|Ceruledge, L50, F|
|poke|p1|Goodra, L50, M|
|poke|p1|Mamoswine, L50, M|
|poke|p1|Musharna, L50, F, shiny|
|poke|p1|Aggron, L50, M|
|poke|p2|Glalie, L50, F|
|poke|p2|Venusaur, L50, F|
|poke|p2|Empoleon, L50, F|
|poke|p2|Lycanroc, L50, M|
|poke|p2|Swampert, L50, M|
|poke|p2|Tyrantrum, L50, F, shiny|
|teampreview|4
|showteam|p1|Gardevoir||Gardevoirite|Trace|CalmMind,HyperVoice,AuraSphere,EnergyBall|Timid||F|||50|]Ceruledge||FocusSash|FlashFire|SwordsDance,BitterBlade,DestinyBond,ShadowSneak|Jolly||F|||50|]Goodra||Leftovers|Gooey|AcidArmor,GigaDrain,BodyPress,DragonPulse|Bold||M|||50|]Mamoswine||LifeOrb|ThickFat|Earthquake,RockSlide,IceShard,KnockOff|Jolly||M|||50|]Musharna||LightClay|Telepathy|LightScreen,Reflect,EnergyBall,ThunderWave|Modest||F|||50|]Aggron||QuickClaw|Sturdy|RockSlide,IronHead,StealthRock,Outrage|Adamant||M|||50|
|showteam|p2|Glalie||Glalitite|Moody|Explosion,Trailblaze,Protect,BodySlam|Jolly||F|||50|]Venusaur||BrightPowder|Chlorophyll|SludgeBomb,SleepPowder,HelpingHand,Protect|Timid||F|||50|]Empoleon||SitrusBerry|Competitive|Yawn,HydroPump,HelpingHand,Roost|Calm||F|||50|]Lycanroc||HardStone|Steadfast|RockSlide,Accelerock,SwordsDance,DrillRun|Jolly||M|||50|]Swampert||Swampertite|Damp|RainDance,WaveCrash,Earthquake,RockSlide|Adamant||M|||50|]Tyrantrum||ChoiceScarf|RockHead|Outrage,RockSlide,HeadSmash,PlayRough|Jolly||F|||50|
|inactive|Battle timer is ON: inactive players will automatically lose when time's up. (requested by GetSlagged)
|
|t:|1783562894
|teamsize|p1|4
|teamsize|p2|4
|start
|switch|p1a: JOD|Musharna, L50, F, shiny|100/100
|switch|p1b: Gheeeeew|Goodra, L50, M|100/100
|switch|p2a: Glalie|Glalie, L50, F|100/100
|switch|p2b: Venusaur|Venusaur, L50, F|100/100
|turn|1
|
|t:|1783562914
|move|p2a: Glalie|Protect|p2a: Glalie
|-singleturn|p2a: Glalie|Protect
|move|p2b: Venusaur|Sleep Powder|p1b: Gheeeeew|[miss]
|-miss|p2b: Venusaur|p1b: Gheeeeew
|move|p1b: Gheeeeew|Acid Armor|p1b: Gheeeeew
|-boost|p1b: Gheeeeew|def|2
|move|p1a: JOD|Reflect|p1a: JOD
|-sidestart|p1: Slayermen34|Reflect
|
|-ability|p2a: Glalie|Moody|boost
|-boost|p2a: Glalie|spd|2
|-unboost|p2a: Glalie|spe|1
|upkeep
|turn|2
|
|t:|1783562933
|move|p2b: Venusaur|Sleep Powder|p1b: Gheeeeew|[miss]
|-miss|p2b: Venusaur|p1b: Gheeeeew
|move|p1b: Gheeeeew|Body Press|p2a: Glalie
|-supereffective|p2a: Glalie|1
|-damage|p2a: Glalie|0 fnt
|faint|p2a: Glalie
|move|p1a: JOD|Light Screen|p1a: JOD
|-sidestart|p1: Slayermen34|move: Light Screen
|
|upkeep
|
|t:|1783562945
|switch|p2a: Lycanroc|Lycanroc, L50, M|100/100
|turn|3
|
|t:|1783562951
|move|p2a: Lycanroc|Swords Dance|p2a: Lycanroc
|-boost|p2a: Lycanroc|atk|2
|move|p2b: Venusaur|Sleep Powder|p1b: Gheeeeew|[miss]
|-miss|p2b: Venusaur|p1b: Gheeeeew
|move|p1b: Gheeeeew|Body Press|p2a: Lycanroc
|-supereffective|p2a: Lycanroc|1
|-damage|p2a: Lycanroc|0 fnt
|faint|p2a: Lycanroc
|move|p1a: JOD|Thunder Wave|p2b: Venusaur
|-status|p2b: Venusaur|par
|
|upkeep
|
|t:|1783562959
|switch|p2a: Empoleon|Empoleon, L50, F|100/100
|turn|4
|
|t:|1783562971
|switch|p1a: Alter|Ceruledge, L50, F|100/100
|move|p1b: Gheeeeew|Body Press|p2a: Empoleon
|-supereffective|p2a: Empoleon|1
|-damage|p2a: Empoleon|20/100y
|-enditem|p2a: Empoleon|Sitrus Berry|[eat]
|-heal|p2a: Empoleon|45/100|[from] item: Sitrus Berry
|move|p2a: Empoleon|Yawn|p1b: Gheeeeew
|-start|p1b: Gheeeeew|move: Yawn|[of] p2a: Empoleon
|move|p2b: Venusaur|Sleep Powder|p1b: Gheeeeew
|-status|p1b: Gheeeeew|slp|[from] move: Sleep Powder
|
|upkeep
|turn|5
|
|t:|1783562992
|cant|p2b: Venusaur|par
|move|p1a: Alter|Destiny Bond|p1a: Alter
|-singlemove|p1a: Alter|Destiny Bond
|cant|p1b: Gheeeeew|slp
|move|p2a: Empoleon|Hydro Pump|p1a: Alter
|-supereffective|p1a: Alter|1
|-damage|p1a: Alter|30/100
|
|-end|p1b: Gheeeeew|move: Yawn|[silent]
|upkeep
|turn|6
|
|t:|1783563005
|move|p1a: Alter|Bitter Blade|p2b: Venusaur
|-supereffective|p2b: Venusaur|1
|-damage|p2b: Venusaur|3/100 par
|-heal|p1a: Alter|90/100|[from] drain|[of] p2b: Venusaur
|-curestatus|p1b: Gheeeeew|slp|[msg]
|move|p1b: Gheeeeew|Body Press|p2a: Empoleon
|-supereffective|p2a: Empoleon|1
|-damage|p2a: Empoleon|0 fnt
|faint|p2a: Empoleon
|move|p2b: Venusaur|Sleep Powder|p1a: Alter
|-status|p1a: Alter|slp|[from] move: Sleep Powder
|
|upkeep
|turn|7
|
|t:|1783563018
|cant|p1a: Alter|slp
|move|p1b: Gheeeeew|Body Press|p2b: Venusaur
|-resisted|p2b: Venusaur|1
|-damage|p2b: Venusaur|0 fnt
|faint|p2b: Venusaur
|
|win|Slayermen34
|l|☆GetSlagged
|player|p2|
