|j|☆mikelpoyarzabal
|j|☆lalalaing
|html|mikelpoyarzaballalalaing    
|uhtml|bestof|Game 2 of a best-of-3
|t:|1785774315
|gametype|doubles
|player|p1|mikelpoyarzabal|arven-s|1303
|player|p2|lalalaing|chili|1471
|gen|9
|tier|[Gen 9 Champions] VGC 2026 Reg M-B (Bo3)
|rated|
|rule|Species Clause: Limit one of each Pokémon
|rule|Item Clause: Limit 1 of each item
|clearpoke
|poke|p1|Gengar, L50, F|
|poke|p1|Swampert, L50, F|
|poke|p1|Incineroar, L50, M|
|poke|p1|Politoed, L50, M|
|poke|p1|Vivillon, L50, F|
|poke|p1|Kommo-o, L50, M|
|poke|p2|Charizard, L50, M|
|poke|p2|Floette-Eternal, L50, F|
|poke|p2|Aerodactyl, L50, M|
|poke|p2|Garchomp, L50, M|
|poke|p2|Sneasler, L50, F|
|poke|p2|Kingambit, L50, M|
|teampreview|4
|showteam|p1|Gengar||Gengarite|CursedBody|ShadowBall,SludgeBomb,Protect,PerishSong|Timid||F|||50|]Swampert||Swampertite|Torrent|WaveCrash,Earthquake,IcePunch,Protect|Adamant||F|||50|]Incineroar||PasshoBerry|Intimidate|ThroatChop,PartingShot,FakeOut,Protect|Sassy||M|||50|]Politoed||SitrusBerry|Drizzle|WeatherBall,PerishSong,Encore,Protect|Calm||M|||50|]Vivillon||FocusSash|CompoundEyes|Hurricane,SleepPowder,RagePowder,Protect|Timid||F|||50|]Kommo-o||Leftovers|Overcoat|ClangorousSoul,ClangingScales,AuraSphere,Protect|Modest||M|||50|
|showteam|p2|Charizard||CharizarditeY|Blaze|HeatWave,WeatherBall,SolarBeam,Protect|Timid||M|||50|]Floette-Eternal||Floettite|FlowerVeil|Moonblast,DazzlingGleam,LightofRuin,Protect|Timid||F|||50|]Aerodactyl||FocusSash|Unnerve|RockSlide,DualWingbeat,Tailwind,WideGuard|Jolly||M|||50|]Garchomp||LifeOrb|RoughSkin|DragonClaw,Earthquake,StompingTantrum,Protect|Jolly||M|||50|]Sneasler||WhiteHerb|Unburden|DireClaw,CloseCombat,FakeOut,Protect|Adamant||F|||50|]Kingambit||BlackGlasses|Defiant|KowtowCleave,SuckerPunch,SwordsDance,Protect|Adamant||M|||50|
|inactive|Battle timer is ON: inactive players will automatically lose when time's up. (requested by mikelpoyarzabal)
|
|t:|1785774335
|teamsize|p1|4
|teamsize|p2|4
|start
|switch|p1a: Swampert|Swampert, L50, F|100/100
|switch|p1b: Vivillon|Vivillon, L50, F|100/100
|switch|p2a: Aerodactyl|Aerodactyl, L50, M|100/100
|switch|p2b: Sneasler|Sneasler, L50, F|100/100
|-ability|p2a: Aerodactyl|Unnerve
|turn|1
|
|t:|1785774343
|detailschange|p1a: Swampert|Swampert-Mega, L50, F
|-mega|p1a: Swampert|Swampert|Swampertite
|move|p2b: Sneasler|Fake Out|p1a: Swampert
|-damage|p1a: Swampert|86/100
|move|p2a: Aerodactyl|Tailwind|p2a: Aerodactyl
|-sidestart|p2: lalalaing|move: Tailwind
|move|p1b: Vivillon|Hurricane|p2b: Sneasler
|-supereffective|p2b: Sneasler|1
|-damage|p2b: Sneasler|0 fnt
|faint|p2b: Sneasler
|cant|p1a: Swampert|flinch
|
|upkeep
|
|t:|1785774349
|switch|p2b: Kingambit|Kingambit, L50, M|100/100
|turn|2
|
|t:|1785774354
|switch|p1b: Politoed|Politoed, L50, M|100/100
|-weather|RainDance|[from] ability: Drizzle|[of] p1b: Politoed
|move|p2a: Aerodactyl|Dual Wingbeat|p1b: Politoed|[miss]
|-miss|p2a: Aerodactyl|p1b: Politoed
|move|p1a: Swampert|Wave Crash|p2a: Aerodactyl
|-supereffective|p2a: Aerodactyl|1
|-enditem|p2a: Aerodactyl|Focus Sash
|-damage|p2a: Aerodactyl|1/100
|-damage|p1a: Swampert|59/100|[from] Recoil
|move|p2b: Kingambit|Kowtow Cleave|p1a: Swampert
|-damage|p1a: Swampert|3/100
|
|-weather|RainDance|[upkeep]
|upkeep
|turn|3
|
|t:|1785774365
|move|p2a: Aerodactyl|Rock Slide|p1b: Politoed|[spread] p1a,p1b
|-resisted|p1a: Swampert|1
|-damage|p1a: Swampert|0 fnt
|-damage|p1b: Politoed|76/100
|faint|p1a: Swampert
|move|p2b: Kingambit|Kowtow Cleave|p1b: Politoed
|-damage|p1b: Politoed|22/100
|move|p1b: Politoed|Weather Ball|p2a: Aerodactyl
|-supereffective|p2a: Aerodactyl|1
|-damage|p2a: Aerodactyl|0 fnt
|-enditem|p1b: Politoed|Sitrus Berry|[eat]
|-heal|p1b: Politoed|47/100|[from] item: Sitrus Berry
|faint|p2a: Aerodactyl
|
|-weather|RainDance|[upkeep]
|upkeep
|
|t:|1785774377
|switch|p2a: Charizard|Charizard, L50, M|100/100
|switch|p1a: Vivillon|Vivillon, L50, F|100/100
|turn|4
|
|t:|1785774389
|detailschange|p2a: Charizard|Charizard-Mega-Y, L50, M
|-mega|p2a: Charizard|Charizard|Charizardite Y
|-weather|SunnyDay|[from] ability: Drought|[of] p2a: Charizard
|move|p1a: Vivillon|Protect|p1a: Vivillon
|-singleturn|p1a: Vivillon|Protect
|move|p1b: Politoed|Protect|p1b: Politoed
|-singleturn|p1b: Politoed|Protect
|move|p2a: Charizard|Heat Wave|p1b: Politoed|[spread] 
|-activate|p1a: Vivillon|move: Protect
|-activate|p1b: Politoed|move: Protect
|move|p2b: Kingambit|Kowtow Cleave|p1b: Politoed
|-activate|p1b: Politoed|move: Protect
|
|-weather|SunnyDay|[upkeep]
|-sideend|p2: lalalaing|move: Tailwind
|upkeep
|turn|5
|
|t:|1785774399
|move|p1a: Vivillon|Rage Powder|p1a: Vivillon
|-singleturn|p1a: Vivillon|move: Rage Powder
|move|p2a: Charizard|Solar Beam||[still]
|-prepare|p2a: Charizard|Solar Beam
|-anim|p2a: Charizard|Solar Beam|p1a: Vivillon
|-resisted|p1a: Vivillon|2
|-damage|p1a: Vivillon|78/100
|move|p1b: Politoed|Perish Song|p1b: Politoed
|-start|p1a: Vivillon|perish3|[silent]
|-start|p1b: Politoed|perish3|[silent]
|-start|p2a: Charizard|perish3|[silent]
|-start|p2b: Kingambit|perish3|[silent]
|-fieldactivate|move: Perish Song
|move|p2b: Kingambit|Kowtow Cleave|p1a: Vivillon
|-damage|p1a: Vivillon|0 fnt
|faint|p1a: Vivillon
|
|-weather|SunnyDay|[upkeep]
|-start|p2a: Charizard|perish3
|-start|p1b: Politoed|perish3
|-start|p2b: Kingambit|perish3
|upkeep
|
|t:|1785774408
|switch|p1a: Kommo-o|Kommo-o, L50, M|100/100
|turn|6
|
|t:|1785774421
|move|p1b: Politoed|Protect|p1b: Politoed
|-singleturn|p1b: Politoed|Protect
|move|p2b: Kingambit|Protect|p2b: Kingambit
|-singleturn|p2b: Kingambit|Protect
|move|p2a: Charizard|Weather Ball|p1a: Kommo-o
|-resisted|p1a: Kommo-o|1
|-damage|p1a: Kommo-o|55/100
|move|p1a: Kommo-o|Aura Sphere|p2b: Kingambit
|-activate|p2b: Kingambit|move: Protect
|
|-weather|SunnyDay|[upkeep]
|-heal|p1a: Kommo-o|61/100|[from] item: Leftovers
|-start|p2a: Charizard|perish2
|-start|p1b: Politoed|perish2
|-start|p2b: Kingambit|perish2
|upkeep
|turn|7
|
|t:|1785774430
|move|p1a: Kommo-o|Protect|p1a: Kommo-o
|-singleturn|p1a: Kommo-o|Protect
|move|p2b: Kingambit|Sucker Punch||[still]
|-fail|p2b: Kingambit
|move|p2a: Charizard|Weather Ball|p1a: Kommo-o
|-activate|p1a: Kommo-o|move: Protect
|move|p1b: Politoed|Encore|p2b: Kingambit
|-start|p2b: Kingambit|Encore
|
|-weather|SunnyDay|[upkeep]
|-heal|p1a: Kommo-o|67/100|[from] item: Leftovers
|-start|p2a: Charizard|perish1
|-start|p1b: Politoed|perish1
|-start|p2b: Kingambit|perish1
|upkeep
|turn|8
|
|t:|1785774443
|move|p2b: Kingambit|Sucker Punch|p1a: Kommo-o
|-resisted|p1a: Kommo-o|1
|-damage|p1a: Kommo-o|45/100
|move|p2a: Charizard|Weather Ball|p1a: Kommo-o
|-resisted|p1a: Kommo-o|1
|-damage|p1a: Kommo-o|0 fnt
|faint|p1a: Kommo-o
|move|p1b: Politoed|Weather Ball|p2a: Charizard
|-resisted|p2a: Charizard|1
|-damage|p2a: Charizard|85/100
|
|-weather|none
|-start|p2a: Charizard|perish0
|-start|p1b: Politoed|perish0
|-start|p2b: Kingambit|perish0
|upkeep
|faint|p2a: Charizard
|faint|p1b: Politoed
|faint|p2b: Kingambit
|
|win|lalalaing
|raw|mikelpoyarzabal's rating: 1303 → 1292(-11 for losing)
|raw|lalalaing's rating: 1471 → 1482(+11 for winning)
