|j|☆Olvidonaaaa
|j|☆breloomb01
|html|Olvidonaaaabreloomb01    
|uhtml|bestof|Game 3 of a best-of-3
|t:|1783012303
|gametype|doubles
|player|p1|Olvidonaaaa|2|1265
|player|p2|breloomb01|roughneck|1248
|gen|9
|tier|[Gen 9 Champions] VGC 2026 Reg M-B (Bo3)
|rated|
|rule|Species Clause: Limit one of each Pokémon
|rule|Item Clause: Limit 1 of each item
|clearpoke
|poke|p1|Blastoise, L50, F|
|poke|p1|Kingambit, L50, F|
|poke|p1|Sinistcha, L50|
|poke|p1|Incineroar, L50, F|
|poke|p1|Sneasler, L50, M|
|poke|p1|Delphox, L50, M|
|poke|p2|Gengar, L50, M, shiny|
|poke|p2|Swampert, L50, M, shiny|
|poke|p2|Incineroar, L50, M, shiny|
|poke|p2|Politoed, L50, M, shiny|
|poke|p2|Archaludon, L50, M, shiny|
|poke|p2|Vivillon-Polar, L50, M|
|teampreview|4
|showteam|p1|Blastoise||Blastoisinite|Torrent|WaterSpout,DarkPulse,ShellSmash,Protect|Calm||F|||50|]Kingambit||BlackGlasses|Defiant|KowtowCleave,Protect,SuckerPunch,SwordsDance|Adamant||F|||50|]Sinistcha||OccaBerry|Hospitality|MatchaGotcha,Protect,TrickRoom,RagePowder|Bold|||||50|]Incineroar||SitrusBerry|Intimidate|FakeOut,PartingShot,FlareBlitz,HelpingHand|Calm||F|||50|]Sneasler||FocusSash|PoisonTouch|CloseCombat,DireClaw,FakeOut,QuickGuard|Jolly||M|||50|]Delphox||Delphoxite|Blaze|HeatWave,NastyPlot,Protect,Psyshock|Timid||M|||50|
|showteam|p2|Gengar||Gengarite|CursedBody|ShadowBall,PerishSong,SludgeBomb,Protect|Timid||M|||50|]Swampert||Swampertite|Torrent|WaveCrash,Earthquake,IcePunch,Protect|Adamant||M|||50|]Incineroar||PasshoBerry|Intimidate|ThroatChop,PartingShot,FakeOut,Protect|Sassy||M|||50|]Politoed||SitrusBerry|Drizzle|WeatherBall,PerishSong,Encore,Protect|Calm||M|||50|]Archaludon||Leftovers|Stamina|DragonPulse,FlashCannon,ElectroShot,Protect|Bold||M|||50|]Vivillon-Polar||FocusSash|CompoundEyes|Hurricane,SleepPowder,RagePowder,Protect|Timid||M|||50|
|
|t:|1783012319
|teamsize|p1|4
|teamsize|p2|4
|start
|switch|p1a: Incineroar|Incineroar, L50, F|100/100
|switch|p1b: Sinistcha|Sinistcha, L50|100/100
|switch|p2a: Swampert|Swampert, L50, M, shiny|100/100
|switch|p2b: Vivillon|Vivillon-Polar, L50, M|100/100
|-ability|p1a: Incineroar|Intimidate|boost
|-unboost|p2a: Swampert|atk|1
|-unboost|p2b: Vivillon|atk|1
|turn|1
|
|t:|1783012336
|switch|p2a: Archaludon|Archaludon, L50, M, shiny|100/100
|switch|p1a: Sneasler|Sneasler, L50, M|100/100
|move|p2b: Vivillon|Protect|p2b: Vivillon
|-singleturn|p2b: Vivillon|Protect
|move|p1b: Sinistcha|Matcha Gotcha|p2b: Vivillon|[spread] p2a
|-activate|p2b: Vivillon|move: Protect
|-resisted|p2a: Archaludon|2
|-damage|p2a: Archaludon|93/100
|-ability|p2a: Archaludon|Stamina|boost
|-boost|p2a: Archaludon|def|1
|
|-heal|p2a: Archaludon|100/100|[from] item: Leftovers
|upkeep
|turn|2
|
|t:|1783012354
|move|p1b: Sinistcha|Rage Powder|p1b: Sinistcha
|-singleturn|p1b: Sinistcha|move: Rage Powder
|move|p1a: Sneasler|Close Combat|p2a: Archaludon
|-supereffective|p2a: Archaludon|1
|-damage|p2a: Archaludon|42/100
|-unboost|p1a: Sneasler|def|1
|-unboost|p1a: Sneasler|spd|1
|-ability|p2a: Archaludon|Stamina|boost
|-boost|p2a: Archaludon|def|1
|move|p2b: Vivillon|Hurricane|p1b: Sinistcha
|-supereffective|p1b: Sinistcha|1
|-damage|p1b: Sinistcha|11/100
|move|p2a: Archaludon|Dragon Pulse|p1b: Sinistcha
|-crit|p1b: Sinistcha
|-damage|p1b: Sinistcha|0 fnt
|faint|p1b: Sinistcha
|
|-heal|p2a: Archaludon|48/100|[from] item: Leftovers
|upkeep
|
|t:|1783012372
|switch|p1b: Incineroar|Incineroar, L50, F|100/100
|-ability|p1b: Incineroar|Intimidate|boost
|-unboost|p2a: Archaludon|atk|1
|-unboost|p2b: Vivillon|atk|1
|turn|3
|
|t:|1783012381
|switch|p1a: Blastoise|Blastoise, L50, F|100/100
|move|p2b: Vivillon|Protect|p2b: Vivillon
|-singleturn|p2b: Vivillon|Protect
|move|p2a: Archaludon|Protect|p2a: Archaludon
|-singleturn|p2a: Archaludon|Protect
|move|p1b: Incineroar|Parting Shot|p2a: Archaludon
|-activate|p2a: Archaludon|move: Protect
|
|-heal|p2a: Archaludon|54/100|[from] item: Leftovers
|upkeep
|turn|4
|
|t:|1783012396
|switch|p1b: Sneasler|Sneasler, L50, M|100/100
|detailschange|p1a: Blastoise|Blastoise-Mega, L50, F
|-mega|p1a: Blastoise|Blastoise|Blastoisinite
|move|p1a: Blastoise|Protect|p1a: Blastoise
|-singleturn|p1a: Blastoise|Protect
|move|p2b: Vivillon|Sleep Powder|p1b: Sneasler
|-status|p1b: Sneasler|slp|[from] move: Sleep Powder
|move|p2a: Archaludon|Dragon Pulse|p1a: Blastoise
|-activate|p1a: Blastoise|move: Protect
|
|-heal|p2a: Archaludon|60/100|[from] item: Leftovers
|upkeep
|turn|5
|
|t:|1783012411
|switch|p1b: Incineroar|Incineroar, L50, F|100/100
|-ability|p1b: Incineroar|Intimidate|boost
|-unboost|p2a: Archaludon|atk|1
|-unboost|p2b: Vivillon|atk|1
|move|p1a: Blastoise|Protect||[still]
|-fail|p1a: Blastoise
|move|p2b: Vivillon|Sleep Powder|p1a: Blastoise
|-status|p1a: Blastoise|slp|[from] move: Sleep Powder
|move|p2a: Archaludon|Dragon Pulse|p1a: Blastoise
|-damage|p1a: Blastoise|63/100 slp
|
|-heal|p2a: Archaludon|66/100|[from] item: Leftovers
|upkeep
|turn|6
|-message|Olvidonaaaa forfeited.
|raw|Olvidonaaaa's rating: 1265 → 1239(-26 for losing)
|raw|breloomb01's rating: 1248 → 1274(+26 for winning)
|
|win|breloomb01
|l|☆Olvidonaaaa
|player|p1|
