|j|☆KudenaVGC
|j|☆tryson69
|html|KudenaVGCtryson69    
|uhtml|bestof|Game 2 of a best-of-3
|t:|1756730094
|gametype|doubles
|player|p1|KudenaVGC|ethan|1126
|player|p2|tryson69|crasherwake|1219
|gen|9
|tier|[Gen 9] VGC 2025 Reg H (Bo3)
|rated|
|rule|Species Clause: Limit one of each Pokémon
|rule|Item Clause: Limit 1 of each item
|clearpoke
|poke|p1|Maushold, L50|
|poke|p1|Grimmsnarl, L50, M|
|poke|p1|Dragonite, L50, M|
|poke|p1|Pelipper, L50, M|
|poke|p1|Archaludon, L50, M|
|poke|p1|Gholdengo, L50|
|poke|p2|Typhlosion-Hisui, L50, F|
|poke|p2|Rillaboom, L50, M|
|poke|p2|Primarina, L50, F|
|poke|p2|Archaludon, L50, M|
|poke|p2|Whimsicott, L50, F|
|poke|p2|Pelipper, L50, M|
|teampreview|4
|showteam|p1|Maushold||SafetyGoggles|FriendGuard|Protect,SuperFang,BeatUp,FollowMe||||||50|,,,,,Ghost]Grimmsnarl||LightClay|Prankster|FoulPlay,ThunderWave,LightScreen,Reflect|||M|||50|,,,,,Ghost]Dragonite||LoadedDice|InnerFocus|ScaleShot,Protect,Haze,ExtremeSpeed|||M|||50|,,,,,Steel]Pelipper||FocusSash|Drizzle|MuddyWater,Hurricane,Protect,Tailwind|||M|||50|,,,,,Ground]Archaludon||AssaultVest|Stamina|DracoMeteor,ElectroShot,Snarl,BodyPress|||M|||50|,,,,,Bug]Gholdengo||LifeOrb|GoodasGold|MakeItRain,ShadowBall,Protect,NastyPlot||||||50|,,,,,Water
|showteam|p2|Typhlosion-Hisui||ChoiceScarf|Blaze|Eruption,HeatWave,Overheat,ShadowBall|||F|||50|,,,,,Fire]Rillaboom||AssaultVest|GrassySurge|WoodHammer,GrassyGlide,HighHorsepower,FakeOut|||M|||50|,,,,,Fire]Primarina||ThroatSpray|LiquidVoice|HyperVoice,Moonblast,Haze,Protect|||F|||50|,,,,,Poison]Archaludon||Leftovers|Stamina|ElectroShot,BodyPress,Protect,DracoMeteor|||M|||50|,,,,,Grass]Whimsicott||CovertCloak|Prankster|Tailwind,Taunt,Moonblast,SunnyDay|||F|||50|,,,,,Water]Pelipper||FocusSash|Drizzle|WeatherBall,Hurricane,WideGuard,Protect|||M|||50|,,,,,Steel
|inactive|Battle timer is ON: inactive players will automatically lose when time's up. (requested by KudenaVGC)
|inactive|tryson69 has 60 seconds left.
|
|t:|1756730153
|teamsize|p1|4
|teamsize|p2|4
|start
|switch|p1a: Grimmsnarl|Grimmsnarl, L50, M|100/100
|switch|p1b: Gholdengo|Gholdengo, L50|100/100
|switch|p2a: Primarina|Primarina, L50, F|100/100
|switch|p2b: Whimsicott|Whimsicott, L50, F|100/100
|turn|1
|
|t:|1756730176
|-terastallize|p1b: Gholdengo|Water
|-terastallize|p2a: Primarina|Poison
|move|p2b: Whimsicott|Tailwind|p2b: Whimsicott
|-sidestart|p2: tryson69|move: Tailwind
|move|p1a: Grimmsnarl|Light Screen|p1a: Grimmsnarl
|-sidestart|p1: KudenaVGC|move: Light Screen
|move|p2a: Primarina|Hyper Voice|p1a: Grimmsnarl|[spread] p1a,p1b
|-resisted|p1b: Gholdengo
|-damage|p1a: Grimmsnarl|80/100
|-damage|p1b: Gholdengo|89/100
|-enditem|p2a: Primarina|Throat Spray
|-boost|p2a: Primarina|spa|1|[from] item: Throat Spray
|move|p1b: Gholdengo|Nasty Plot|p1b: Gholdengo
|-boost|p1b: Gholdengo|spa|2
|
|upkeep
|turn|2
|
|t:|1756730197
|switch|p2b: Rillaboom|Rillaboom, L50, M|100/100
|-fieldstart|move: Grassy Terrain|[from] ability: Grassy Surge|[of] p2b: Rillaboom
|move|p1a: Grimmsnarl|Thunder Wave|p2a: Primarina|[miss]
|-miss|p1a: Grimmsnarl|p2a: Primarina
|move|p2a: Primarina|Moonblast|p1b: Gholdengo
|-damage|p1b: Gholdengo|35/100
|move|p1b: Gholdengo|Shadow Ball|p2a: Primarina
|-damage|p2a: Primarina|15/100
|-unboost|p2a: Primarina|spd|1
|-damage|p1b: Gholdengo|26/100|[from] item: Life Orb
|
|-heal|p2a: Primarina|21/100|[from] Grassy Terrain
|-heal|p1b: Gholdengo|32/100|[from] Grassy Terrain
|-heal|p1a: Grimmsnarl|86/100|[from] Grassy Terrain
|upkeep
|turn|3
|
|t:|1756730215
|move|p1b: Gholdengo|Protect|p1b: Gholdengo
|-singleturn|p1b: Gholdengo|Protect
|move|p2b: Rillaboom|Grassy Glide|p1b: Gholdengo
|-activate|p1b: Gholdengo|move: Protect
|move|p1a: Grimmsnarl|Thunder Wave|p2b: Rillaboom
|-status|p2b: Rillaboom|par
|move|p2a: Primarina|Moonblast|p1a: Grimmsnarl
|-supereffective|p1a: Grimmsnarl
|-damage|p1a: Grimmsnarl|0 fnt
|faint|p1a: Grimmsnarl
|
|-heal|p2a: Primarina|27/100|[from] Grassy Terrain
|-heal|p1b: Gholdengo|38/100|[from] Grassy Terrain
|upkeep
|
|t:|1756730230
|switch|p1a: Pelipper|Pelipper, L50, M|100/100
|-weather|RainDance|[from] ability: Drizzle|[of] p1a: Pelipper
|turn|4
|
|t:|1756730246
|switch|p1b: Archaludon|Archaludon, L50, M|100/100
|move|p2b: Rillaboom|Grassy Glide|p1b: Archaludon
|-resisted|p1b: Archaludon
|-damage|p1b: Archaludon|94/100
|-ability|p1b: Archaludon|Stamina|boost
|-boost|p1b: Archaludon|def|1
|move|p2a: Primarina|Moonblast|p1a: Pelipper
|-damage|p1a: Pelipper|9/100
|-unboost|p1a: Pelipper|spa|1
|move|p1a: Pelipper|Tailwind|p1a: Pelipper
|-sidestart|p1: KudenaVGC|move: Tailwind
|
|-weather|RainDance|[upkeep]
|-heal|p1b: Archaludon|99/100|[from] Grassy Terrain
|-heal|p2a: Primarina|34/100|[from] Grassy Terrain
|-sideend|p2: tryson69|move: Tailwind
|upkeep
|turn|5
|
|t:|1756730263
|move|p2b: Rillaboom|Grassy Glide|p1a: Pelipper
|-damage|p1a: Pelipper|0 fnt
|faint|p1a: Pelipper
|move|p1b: Archaludon|Electro Shot||[still]
|-prepare|p1b: Archaludon|Electro Shot
|-boost|p1b: Archaludon|spa|1
|-anim|p1b: Archaludon|Electro Shot|p2a: Primarina
|-damage|p2a: Primarina|0 fnt
|faint|p2a: Primarina
|
|-weather|RainDance|[upkeep]
|-heal|p1b: Archaludon|100/100|[from] Grassy Terrain
|upkeep
|
|t:|1756730274
|switch|p1a: Gholdengo|Gholdengo, L50, tera:Water|38/100
|switch|p2a: Whimsicott|Whimsicott, L50, F|100/100
|turn|6
|inactive|KudenaVGC has 30 seconds left.
|
|t:|1756730300
|move|p1a: Gholdengo|Protect|p1a: Gholdengo
|-singleturn|p1a: Gholdengo|Protect
|move|p2a: Whimsicott|Sunny Day|p2a: Whimsicott
|-weather|SunnyDay
|move|p1b: Archaludon|Body Press|p2b: Rillaboom
|-damage|p2b: Rillaboom|69/100 par
|move|p2b: Rillaboom|Wood Hammer|p1a: Gholdengo
|-activate|p1a: Gholdengo|move: Protect
|
|-weather|SunnyDay|[upkeep]
|-heal|p1a: Gholdengo|44/100|[from] Grassy Terrain
|-heal|p2b: Rillaboom|75/100 par|[from] Grassy Terrain
|-fieldend|move: Grassy Terrain
|upkeep
|turn|7
|
|t:|1756730311
|move|p2a: Whimsicott|Tailwind|p2a: Whimsicott
|-sidestart|p2: tryson69|move: Tailwind
|move|p1b: Archaludon|Body Press|p2b: Rillaboom
|-damage|p2b: Rillaboom|43/100 par
|move|p1a: Gholdengo|Make It Rain|p2b: Rillaboom|[spread] p2a,p2b
|-supereffective|p2a: Whimsicott
|-damage|p2a: Whimsicott|0 fnt
|-damage|p2b: Rillaboom|0 fnt
|-unboost|p1a: Gholdengo|spa|1
|faint|p2a: Whimsicott
|faint|p2b: Rillaboom
|-damage|p1a: Gholdengo|34/100|[from] item: Life Orb
|
|-weather|SunnyDay|[upkeep]
|-sideend|p1: KudenaVGC|move: Tailwind
|upkeep
|
|t:|1756730319
|switch|p2b: Typhlosion|Typhlosion-Hisui, L50, F|100/100
|turn|8
|
|t:|1756730331
|move|p2b: Typhlosion|Heat Wave|p1a: Gholdengo|[spread] p1b
|-miss|p2b: Typhlosion|p1a: Gholdengo
|-damage|p1b: Archaludon|70/100
|-ability|p1b: Archaludon|Stamina|boost
|-boost|p1b: Archaludon|def|1
|move|p1b: Archaludon|Draco Meteor|p2b: Typhlosion
|-damage|p2b: Typhlosion|0 fnt
|-unboost|p1b: Archaludon|spa|2
|faint|p2b: Typhlosion
|
|win|KudenaVGC
||tryson69 is ready for game 3.
