|j|☆Sizzle2466
|j|☆LaF101
|html|Sizzle2466LaF101    
|uhtml|bestof|Game 1 of a best-of-3
|t:|1757714056
|gametype|doubles
|player|p1|Sizzle2466|2|1101
|player|p2|LaF101|rood|1189
|gen|9
|tier|[Gen 9] VGC 2025 Reg H (Bo3)
|rated|
|rule|Species Clause: Limit one of each Pokémon
|rule|Item Clause: Limit 1 of each item
|clearpoke
|poke|p1|Galvantula, L50, M|
|poke|p1|Incineroar, L50, F|
|poke|p1|Amoonguss, L50, M|
|poke|p1|Gholdengo, L50|
|poke|p1|Palafin, L50, M|
|poke|p1|Sneasler, L50, F|
|poke|p2|Pelipper, L50, M|
|poke|p2|Archaludon, L50, F|
|poke|p2|Annihilape, L50, M|
|poke|p2|Maushold, L50|
|poke|p2|Sinistcha, L50|
|poke|p2|Kingambit, L50, M|
|teampreview|4
|showteam|p1|Galvantula||AssaultVest|CompoundEyes|Electroweb,BugBuzz,Thunder,VoltSwitch|||M|||50|,,,,,Electric]Incineroar||SafetyGoggles|Intimidate|FakeOut,FlareBlitz,KnockOff,PartingShot|||F|||50|,,,,,Ghost]Amoonguss||CovertCloak|Regenerator|Spore,RagePowder,SludgeBomb,PollenPuff|||M|||50|,,,,,Ghost]Gholdengo||SitrusBerry|GoodasGold|NastyPlot,MakeItRain,ShadowBall,Protect||||||50|,,,,,Water]Palafin||MysticWater|ZerotoHero|JetPunch,WaveCrash,Protect,FlipTurn|||M|||50|,,,,,Water]Sneasler||WhiteHerb|Unburden|Protect,CloseCombat,DireClaw,ThroatChop|||F|||50|,,,,,Dark
|showteam|p2|Pelipper||FocusSash|Drizzle|WeatherBall,Hurricane,Tailwind,Protect|||M|||50|,,,,,Ghost]Archaludon||AssaultVest|Stamina|ElectroShot,BodyPress,FlashCannon,Snarl|||F|||50|,,,,,Bug]Annihilape||Leftovers|Defiant|RageFist,DrainPunch,BulkUp,Protect|||M|||50|,,,,,Water]Maushold||SafetyGoggles|FriendGuard|FollowMe,BeatUp,Taunt,Protect||||||50|,,,,,Grass]Sinistcha||SitrusBerry|Hospitality|MatchaGotcha,RagePowder,Curse,LifeDew||||||50|,,,,,Water]Kingambit||BlackGlasses|Defiant|SuckerPunch,KowtowCleave,SwordsDance,Protect|||M|||50|,,,,,Dark
|inactive|Battle timer is ON: inactive players will automatically lose when time's up. (requested by LaF101)
|
|t:|1757714081
|teamsize|p1|4
|teamsize|p2|4
|start
|switch|p1a: Amoonguss|Amoonguss, L50, M|100/100
|switch|p1b: Gholdengo|Gholdengo, L50|100/100
|switch|p2a: Annihilape|Annihilape, L50, M|100/100
|switch|p2b: Maushold|Maushold, L50|100/100
|turn|1
|
|t:|1757714095
|move|p1a: Amoonguss|Rage Powder|p1a: Amoonguss
|-singleturn|p1a: Amoonguss|move: Rage Powder
|move|p2b: Maushold|Taunt|p1a: Amoonguss
|-start|p1a: Amoonguss|move: Taunt
|move|p2a: Annihilape|Rage Fist|p1a: Amoonguss
|-damage|p1a: Amoonguss|80/100
|move|p1b: Gholdengo|Nasty Plot|p1b: Gholdengo
|-boost|p1b: Gholdengo|spa|2
|
|upkeep
|turn|2
|inactive|Sizzle2466 has 30 seconds left.
|inactive|Sizzle2466 has 20 seconds left.
|inactive|Sizzle2466 has 15 seconds left.
|
|t:|1757714138
|-terastallize|p1b: Gholdengo|Water
|move|p2b: Maushold|Follow Me|p2b: Maushold
|-singleturn|p2b: Maushold|move: Follow Me
|move|p2a: Annihilape|Rage Fist|p1b: Gholdengo
|-damage|p1b: Gholdengo|82/100
|move|p1b: Gholdengo|Shadow Ball|p2b: Maushold
|-immune|p2b: Maushold
|move|p1a: Amoonguss|Pollen Puff|p2b: Maushold
|-damage|p2b: Maushold|75/100
|
|upkeep
|turn|3
|inactive|LaF101 has 30 seconds left.
|
|t:|1757714164
|switch|p1a: Galvantula|Galvantula, L50, M|100/100
|move|p2b: Maushold|Follow Me|p2b: Maushold
|-singleturn|p2b: Maushold|move: Follow Me
|move|p2a: Annihilape|Bulk Up|p2a: Annihilape
|-boost|p2a: Annihilape|atk|1
|-boost|p2a: Annihilape|def|1
|move|p1b: Gholdengo|Make It Rain|p2a: Annihilape|[spread] p2a,p2b
|-damage|p2a: Annihilape|40/100
|-damage|p2b: Maushold|0 fnt
|-unboost|p1b: Gholdengo|spa|1
|faint|p2b: Maushold
|
|-heal|p2a: Annihilape|46/100|[from] item: Leftovers
|upkeep
|
|t:|1757714181
|switch|p2b: Pelipper|Pelipper, L50, M|100/100
|-weather|RainDance|[from] ability: Drizzle|[of] p2b: Pelipper
|turn|4
|
|t:|1757714188
|move|p2a: Annihilape|Protect|p2a: Annihilape
|-singleturn|p2a: Annihilape|Protect
|move|p1a: Galvantula|Electroweb|p2a: Annihilape|[spread] p2b
|-activate|p2a: Annihilape|move: Protect
|-supereffective|p2b: Pelipper
|-enditem|p2b: Pelipper|Focus Sash
|-damage|p2b: Pelipper|1/100
|-unboost|p2b: Pelipper|spe|1
|move|p1b: Gholdengo|Make It Rain|p2a: Annihilape|[spread] p2b
|-activate|p2a: Annihilape|move: Protect
|-resisted|p2b: Pelipper
|-damage|p2b: Pelipper|0 fnt
|-unboost|p1b: Gholdengo|spa|1
|faint|p2b: Pelipper
|
|-weather|RainDance|[upkeep]
|-heal|p2a: Annihilape|52/100|[from] item: Leftovers
|upkeep
|
|t:|1757714200
|switch|p2b: Archaludon|Archaludon, L50, F|100/100
|turn|5
|
|t:|1757714215
|move|p1a: Galvantula|Thunder|p2a: Annihilape
|-damage|p2a: Annihilape|16/100
|move|p2a: Annihilape|Rage Fist|p1a: Galvantula
|-damage|p1a: Galvantula|0 fnt
|faint|p1a: Galvantula
|move|p2b: Archaludon|Electro Shot||[still]
|-prepare|p2b: Archaludon|Electro Shot
|-boost|p2b: Archaludon|spa|1
|-anim|p2b: Archaludon|Electro Shot|p1b: Gholdengo
|-supereffective|p1b: Gholdengo
|-damage|p1b: Gholdengo|0 fnt
|faint|p1b: Gholdengo
|
|-weather|RainDance|[upkeep]
|-heal|p2a: Annihilape|22/100|[from] item: Leftovers
|upkeep
|
|t:|1757714230
|switch|p1a: Sneasler|Sneasler, L50, F|100/100
|switch|p1b: Amoonguss|Amoonguss, L50, M|100/100
|turn|6
|
|t:|1757714253
|-terastallize|p2b: Archaludon|Bug
|move|p1a: Sneasler|Dire Claw|p2a: Annihilape
|-resisted|p2a: Annihilape
|-damage|p2a: Annihilape|8/100
|-status|p2a: Annihilape|psn
|move|p2a: Annihilape|Rage Fist|p1b: Amoonguss
|-damage|p1b: Amoonguss|0 fnt
|faint|p1b: Amoonguss
|move|p2b: Archaludon|Electro Shot||[still]
|-prepare|p2b: Archaludon|Electro Shot
|-boost|p2b: Archaludon|spa|1
|-anim|p2b: Archaludon|Electro Shot|p1a: Sneasler
|-damage|p1a: Sneasler|3/100
|
|-weather|RainDance|[upkeep]
|-heal|p2a: Annihilape|14/100 psn|[from] item: Leftovers
|-damage|p2a: Annihilape|2/100 psn|[from] psn
|upkeep
|turn|7
|
|t:|1757714278
|move|p1a: Sneasler|Protect|p1a: Sneasler
|-singleturn|p1a: Sneasler|Protect
|move|p2a: Annihilape|Drain Punch|p1a: Sneasler
|-activate|p1a: Sneasler|move: Protect
|move|p2b: Archaludon|Electro Shot||[still]
|-prepare|p2b: Archaludon|Electro Shot
|-boost|p2b: Archaludon|spa|1
|-anim|p2b: Archaludon|Electro Shot|p1a: Sneasler
|-activate|p1a: Sneasler|move: Protect
|
|-weather|RainDance|[upkeep]
|-heal|p2a: Annihilape|8/100 psn|[from] item: Leftovers
|-damage|p2a: Annihilape|0 fnt|[from] psn
|faint|p2a: Annihilape
|upkeep
|turn|8
|-message|Sizzle2466 forfeited.
|
|win|LaF101
|l|☆LaF101
|player|p2|
||Sizzle2466 is ready for game 2.
||LaF101 is ready for game 2.
|uhtml|next|Next: Game 2 of 3
|l|☆Sizzle2466
|player|p1|
