|j|☆angusgrind13
|j|☆thecrazur
|html|angusgrind13thecrazur    
|uhtml|bestof|Game 1 of a best-of-3
|t:|1784819429
|gametype|doubles
|player|p1|angusgrind13|steven|1190
|player|p2|thecrazur|266|1224
|gen|9
|tier|[Gen 9 Champions] VGC 2026 Reg M-B (Bo3)
|rated|
|rule|Species Clause: Limit one of each Pokémon
|rule|Item Clause: Limit 1 of each item
|clearpoke
|poke|p1|Primarina, L50, F|
|poke|p1|Kingambit, L50, M|
|poke|p1|Froslass, L50, F|
|poke|p1|Sneasler, L50, F|
|poke|p1|Lycanroc-Dusk, L50, F|
|poke|p1|Dragonite, L50, M|
|poke|p2|Blaziken, L50, M|
|poke|p2|Ninetales-Alola, L50, F|
|poke|p2|Sinistcha, L50|
|poke|p2|Aerodactyl, L50, F|
|poke|p2|Kingambit, L50, M|
|poke|p2|Basculegion, L50, M|
|teampreview|4
|showteam|p1|Primarina||LifeOrb|LiquidVoice|HyperVoice,Moonblast,Haze,Protect|Modest||F|||50|]Kingambit||BlackGlasses|Defiant|KowtowCleave,SuckerPunch,SwordsDance,Protect|Adamant||M|||50|]Froslass||Froslassite|CursedBody|Blizzard,ShadowBall,AuroraVeil,Protect|Timid||F|||50|]Sneasler||WhiteHerb|Unburden|GunkShot,CloseCombat,FakeOut,Protect|Adamant||F|||50|]Lycanroc-Dusk||FocusSash|ToughClaws|RockSlide,Accelerock,CloseCombat,Protect|Adamant||F|||50|]Dragonite||Dragoninite|Multiscale|DragonPulse,Flamethrower,Tailwind,Protect|Modest||M|||50|
|showteam|p2|Blaziken||Blazikenite|SpeedBoost|AuraSphere,HeatWave,ScorchingSands,Detect|Modest||M|||50|]Ninetales-Alola||LifeOrb|SnowWarning|Blizzard,FreezeDry,Moonblast,Protect|Timid||F|||50|]Sinistcha||ColburBerry|Hospitality|MatchaGotcha,Protect,TrickRoom,RagePowder|Bold|||||50|]Aerodactyl||Aerodactylite|Unnerve|RockSlide,DualWingbeat,Protect,Tailwind|Jolly||F|||50|]Kingambit||FocusSash|Defiant|SuckerPunch,IronHead,LowKick,KowtowCleave|Adamant||M|||50|]Basculegion||ChoiceScarf|Adaptability|LastRespects,WaveCrash,AquaJet,FlipTurn|Jolly||M|||50|
|inactive|Battle timer is ON: inactive players will automatically lose when time's up. (requested by angusgrind13)
|
|t:|1784819510
|teamsize|p1|4
|teamsize|p2|4
|start
|switch|p1a: Froslass|Froslass, L50, F|100/100
|switch|p1b: Sneasler|Sneasler, L50, F|100/100
|switch|p2a: Blaziken|Blaziken, L50, M|100/100
|switch|p2b: Sinistcha|Sinistcha, L50|100/100
|turn|1
|inactive|thecrazur has 30 seconds left.
|
|t:|1784819542
|detailschange|p1a: Froslass|Froslass-Mega, L50, F
|-mega|p1a: Froslass|Froslass|Froslassite
|-weather|Snowscape|[from] ability: Snow Warning|[of] p1a: Froslass
|detailschange|p2a: Blaziken|Blaziken-Mega, L50, M
|-mega|p2a: Blaziken|Blaziken|Blazikenite
|move|p2a: Blaziken|Detect|p2a: Blaziken
|-singleturn|p2a: Blaziken|Protect
|move|p2b: Sinistcha|Protect|p2b: Sinistcha
|-singleturn|p2b: Sinistcha|Protect
|move|p1a: Froslass|Aurora Veil|p1a: Froslass
|-sidestart|p1: angusgrind13|move: Aurora Veil
|move|p1b: Sneasler|Gunk Shot|p2b: Sinistcha
|-activate|p2b: Sinistcha|move: Protect
|
|-weather|Snowscape|[upkeep]
|-ability|p2a: Blaziken|Speed Boost|boost
|-boost|p2a: Blaziken|spe|1
|upkeep
|turn|2
|
|t:|1784819565
|switch|p2b: Kingambit|Kingambit, L50, M|100/100
|move|p2a: Blaziken|Heat Wave|p1b: Sneasler|[spread] p1a
|-miss|p2a: Blaziken|p1b: Sneasler
|-supereffective|p1a: Froslass|1
|-damage|p1a: Froslass|38/100
|move|p1a: Froslass|Shadow Ball|p2b: Kingambit
|-resisted|p2b: Kingambit|1
|-damage|p2b: Kingambit|77/100
|move|p1b: Sneasler|Gunk Shot|p2a: Blaziken
|-damage|p2a: Blaziken|16/100
|-status|p2a: Blaziken|psn
|
|-weather|Snowscape|[upkeep]
|-damage|p2a: Blaziken|4/100 psn|[from] psn
|-ability|p2a: Blaziken|Speed Boost|boost
|-boost|p2a: Blaziken|spe|1
|upkeep
|turn|3
|inactive|thecrazur has 30 seconds left.
|
|t:|1784819595
|move|p1a: Froslass|Protect|p1a: Froslass
|-singleturn|p1a: Froslass|Protect
|move|p2a: Blaziken|Scorching Sands|p1b: Sneasler
|-supereffective|p1b: Sneasler|1
|-crit|p1b: Sneasler
|-damage|p1b: Sneasler|9/100
|-status|p1b: Sneasler|brn
|move|p1b: Sneasler|Close Combat|p2b: Kingambit
|-supereffective|p2b: Kingambit|2
|-damage|p2b: Kingambit|0 fnt
|-unboost|p1b: Sneasler|def|1
|-unboost|p1b: Sneasler|spd|1
|faint|p2b: Kingambit
|-enditem|p1b: Sneasler|White Herb
|-clearnegativeboost|p1b: Sneasler|[silent]
|
|-weather|Snowscape|[upkeep]
|-damage|p2a: Blaziken|0 fnt|[from] psn
|faint|p2a: Blaziken
|-damage|p1b: Sneasler|3/100 brn|[from] brn
|upkeep
|
|t:|1784819612
|switch|p2a: Basculegion|Basculegion, L50, M|100/100
|switch|p2b: Sinistcha|Sinistcha, L50|100/100
|turn|4
|
|t:|1784819637
|switch|p1b: Kingambit|Kingambit, L50, M|100/100
|move|p2b: Sinistcha|Protect|p2b: Sinistcha
|-singleturn|p2b: Sinistcha|Protect
|move|p2a: Basculegion|Last Respects|p1a: Froslass
|-supereffective|p1a: Froslass|1
|-damage|p1a: Froslass|0 fnt
|faint|p1a: Froslass
|
|-weather|Snowscape|[upkeep]
|upkeep
|
|t:|1784819641
|switch|p1a: Primarina|Primarina, L50, F|100/100
|turn|5
|inactive|thecrazur has 30 seconds left.
|
|t:|1784819668
|move|p1b: Kingambit|Sucker Punch|p2a: Basculegion
|-supereffective|p2a: Basculegion|1
|-damage|p2a: Basculegion|0 fnt
|faint|p2a: Basculegion
|move|p1a: Primarina|Moonblast|p2b: Sinistcha
|-damage|p2b: Sinistcha|24/100
|-damage|p1a: Primarina|90/100|[from] item: Life Orb
|move|p2b: Sinistcha|Matcha Gotcha|p1b: Kingambit|[spread] p1a,p1b
|-supereffective|p1a: Primarina|1
|-resisted|p1b: Kingambit|1
|-damage|p1a: Primarina|57/100
|-heal|p2b: Sinistcha|38/100|[from] drain|[of] p1a: Primarina
|-damage|p1b: Kingambit|91/100
|-heal|p2b: Sinistcha|44/100|[from] drain|[of] p1b: Kingambit
|-status|p1a: Primarina|brn
|
|-weather|none
|-damage|p1a: Primarina|51/100 brn|[from] brn
|-sideend|p1: angusgrind13|move: Aurora Veil
|upkeep
|turn|6
|-message|thecrazur forfeited.
|
|win|angusgrind13
||thecrazur is ready for game 2.
||angusgrind13 is ready for game 2.
|uhtml|next|Next: Game 2 of 3
