|j|☆castoriceball
|j|☆jrizzo7576
|html|castoriceballjrizzo7576    
|uhtml|bestof|Game 2 of a best-of-3
|t:|1783813969
|gametype|doubles
|player|p1|castoriceball|miku-flying|1324
|player|p2|jrizzo7576|harlequin|1226
|gen|9
|tier|[Gen 9 Champions] VGC 2026 Reg M-B (Bo3)
|rated|
|rule|Species Clause: Limit one of each Pokémon
|rule|Item Clause: Limit 1 of each item
|clearpoke
|poke|p1|Garchomp, L50, F|
|poke|p1|Floette-Eternal, L50, F|
|poke|p1|Talonflame, L50, F|
|poke|p1|Rotom-Wash, L50, shiny|
|poke|p1|Sinistcha, L50|
|poke|p1|Glimmora, L50, F|
|poke|p2|Blastoise, L50, F, shiny|
|poke|p2|Incineroar, L50, F|
|poke|p2|Kingambit, L50, F|
|poke|p2|Sinistcha, L50|
|poke|p2|Sneasler, L50, M|
|poke|p2|Aerodactyl, L50, F|
|teampreview|4
|showteam|p1|Garchomp||LifeOrb|RoughSkin|DragonClaw,Earthquake,RockSlide,Protect|Adamant||F|||50|]Floette-Eternal||Floettite|FlowerVeil|Moonblast,DazzlingGleam,LightofRuin,Protect|Modest||F|||50|]Talonflame||SharpBeak|GaleWings|Tailwind,DualWingbeat,QuickGuard,Protect|Jolly||F|||50|]Rotom-Wash||Magnet|Levitate|Thunderbolt,HydroPump,Electroweb,Protect|Modest|||||50|]Sinistcha||OccaBerry|Hospitality|TrickRoom,ShadowBall,RagePowder,MatchaGotcha|Calm|||||50|]Glimmora||FocusSash|ToxicDebris|PowerGem,SludgeBomb,EarthPower,SpikyShield|Timid||F|||50|
|showteam|p2|Blastoise||Blastoisinite|RainDish|WaterSpout,DarkPulse,ShellSmash,Protect|Modest||F|||50|]Incineroar||SitrusBerry|Intimidate|FlareBlitz,HelpingHand,PartingShot,FakeOut|Careful||F|||50|]Kingambit||BlackGlasses|Defiant|SuckerPunch,KowtowCleave,SwordsDance,Protect|Adamant||F|||50|]Sinistcha||OccaBerry|Hospitality|MatchaGotcha,RagePowder,TrickRoom,Protect|Bold|||||50|]Sneasler||FocusSash|PoisonTouch|PoisonJab,CloseCombat,FakeOut,QuickGuard|Jolly||M|||50|]Aerodactyl||Aerodactylite|RockHead|IceFang,DualWingbeat,RockSlide,Protect|Adamant||F|||50|
|inactive|Battle timer is ON: inactive players will automatically lose when time's up. (requested by jrizzo7576)
|inactive|jrizzo7576 has 60 seconds left.
|
|t:|1783814033
|teamsize|p1|4
|teamsize|p2|4
|start
|switch|p1a: BIRDD|Talonflame, L50, F|100/100
|switch|p1b: Laundry List|Rotom-Wash, L50, shiny|100/100
|switch|p2a: Blastoise|Blastoise, L50, F, shiny|100/100
|switch|p2b: Sinistcha|Sinistcha, L50|100/100
|turn|1
|inactive|jrizzo7576 has 30 seconds left.
|inactive|jrizzo7576 has 20 seconds left.
|inactive|jrizzo7576 has 15 seconds left.
|
|t:|1783814074
|detailschange|p2a: Blastoise|Blastoise-Mega, L50, F, shiny
|-mega|p2a: Blastoise|Blastoise|Blastoisinite
|move|p2a: Blastoise|Protect|p2a: Blastoise
|-singleturn|p2a: Blastoise|Protect
|move|p1a: BIRDD|Dual Wingbeat|p2b: Sinistcha
|-supereffective|p2b: Sinistcha|1
|-damage|p2b: Sinistcha|66/100
|-supereffective|p2b: Sinistcha|1
|-damage|p2b: Sinistcha|34/100
|-hitcount|p2b: Sinistcha|2
|move|p1b: Laundry List|Electroweb|p2b: Sinistcha|[spread] p2b
|-activate|p2a: Blastoise|move: Protect
|-resisted|p2b: Sinistcha|1
|-damage|p2b: Sinistcha|23/100
|-unboost|p2b: Sinistcha|spe|1
|move|p2b: Sinistcha|Matcha Gotcha|p1a: BIRDD|[spread] p1a,p1b
|-resisted|p1a: BIRDD|2
|-supereffective|p1b: Laundry List|1
|-damage|p1a: BIRDD|90/100
|-heal|p2b: Sinistcha|26/100|[from] drain|[of] p1a: BIRDD
|-damage|p1b: Laundry List|42/100
|-heal|p2b: Sinistcha|52/100|[from] drain|[of] p1b: Laundry List
|
|upkeep
|turn|2
|inactive|jrizzo7576 has 30 seconds left.
|
|t:|1783814101
|move|p2b: Sinistcha|Rage Powder|p2b: Sinistcha
|-singleturn|p2b: Sinistcha|move: Rage Powder
|move|p1a: BIRDD|Dual Wingbeat|p2b: Sinistcha
|-supereffective|p2b: Sinistcha|1
|-damage|p2b: Sinistcha|20/100y
|-supereffective|p2b: Sinistcha|1
|-damage|p2b: Sinistcha|0 fnt
|faint|p2b: Sinistcha
|-hitcount|p2: Sinistcha|2
|move|p2a: Blastoise|Dark Pulse|p1b: Laundry List
|-damage|p1b: Laundry List|0 fnt
|faint|p1b: Laundry List
|
|upkeep
|
|t:|1783814115
|switch|p1b: $70 flutter|Floette-Eternal, L50, F|100/100
|switch|p2b: Incineroar|Incineroar, L50, F|100/100
|-ability|p2b: Incineroar|Intimidate|boost
|-unboost|p1a: BIRDD|atk|1
|-unboost|p1b: $70 flutter|atk|1
|turn|3
|
|t:|1783814133
|detailschange|p1b: $70 flutter|Floette-Mega, L50, F
|-mega|p1b: $70 flutter|Floette|Floettite
|-ability|p1b: $70 flutter|Fairy Aura
|move|p2a: Blastoise|Protect|p2a: Blastoise
|-singleturn|p2a: Blastoise|Protect
|move|p1a: BIRDD|Quick Guard|p1a: BIRDD
|-singleturn|p1a: BIRDD|Quick Guard
|move|p1b: $70 flutter|Dazzling Gleam|p2b: Incineroar|[spread] p2b
|-activate|p2a: Blastoise|move: Protect
|-damage|p2b: Incineroar|56/100
|move|p2b: Incineroar|Parting Shot|p1b: $70 flutter
|-unboost|p1b: $70 flutter|atk|1
|-unboost|p1b: $70 flutter|spa|1
|
|t:|1783814145
|switch|p2b: Sneasler|Sneasler, L50, M|100/100|[from] Parting Shot
|
|upkeep
|turn|4
|
|t:|1783814160
|move|p1b: $70 flutter|Protect|p1b: $70 flutter
|-singleturn|p1b: $70 flutter|Protect
|move|p1a: BIRDD|Dual Wingbeat|p2b: Sneasler
|-supereffective|p2b: Sneasler|1
|-damage|p2b: Sneasler|56/100
|-supereffective|p2b: Sneasler|1
|-damage|p2b: Sneasler|10/100
|-hitcount|p2b: Sneasler|2
|move|p2b: Sneasler|Poison Jab|p1b: $70 flutter
|-activate|p1b: $70 flutter|move: Protect
|move|p2a: Blastoise|Water Spout|p1b: $70 flutter|[spread] p1a
|-activate|p1b: $70 flutter|move: Protect
|-supereffective|p1a: BIRDD|1
|-damage|p1a: BIRDD|0 fnt
|faint|p1a: BIRDD
|
|upkeep
|
|t:|1783814170
|switch|p1a: jarchomp|Garchomp, L50, F|100/100
|turn|5
|
|t:|1783814184
|move|p1b: $70 flutter|Protect|p1b: $70 flutter
|-singleturn|p1b: $70 flutter|Protect
|move|p2a: Blastoise|Protect|p2a: Blastoise
|-singleturn|p2a: Blastoise|Protect
|move|p2b: Sneasler|Poison Jab|p1b: $70 flutter
|-activate|p1b: $70 flutter|move: Protect
|move|p1a: jarchomp|Earthquake|p2b: Sneasler|[spread] p2b
|-activate|p1b: $70 flutter|move: Protect
|-activate|p2a: Blastoise|move: Protect
|-supereffective|p2b: Sneasler|1
|-damage|p2b: Sneasler|0 fnt
|faint|p2b: Sneasler
|-damage|p1a: jarchomp|90/100|[from] item: Life Orb
|
|upkeep
|
|t:|1783814198
|switch|p2b: Incineroar|Incineroar, L50, F|56/100
|-ability|p2b: Incineroar|Intimidate|boost
|-unboost|p1a: jarchomp|atk|1
|-unboost|p1b: $70 flutter|atk|1
|turn|6
|
|t:|1783814217
|move|p2b: Incineroar|Fake Out|p1a: jarchomp
|-damage|p1a: jarchomp|79/100
|-damage|p2b: Incineroar|44/100|[from] ability: Rough Skin|[of] p1a: jarchomp
|-enditem|p2b: Incineroar|Sitrus Berry|[eat]
|-heal|p2b: Incineroar|68/100|[from] item: Sitrus Berry
|cant|p1a: jarchomp|flinch
|move|p1b: $70 flutter|Moonblast|p2a: Blastoise
|-damage|p2a: Blastoise|45/100
|move|p2a: Blastoise|Water Spout|p1b: $70 flutter|[spread] p1a,p1b
|-damage|p1a: jarchomp|47/100
|-damage|p1b: $70 flutter|75/100
|
|upkeep
|turn|7
|
|t:|1783814237
|move|p1b: $70 flutter|Dazzling Gleam|p2b: Incineroar|[spread] p2a,p2b
|-damage|p2a: Blastoise|14/100
|-damage|p2b: Incineroar|42/100
|move|p1a: jarchomp|Earthquake|p2b: Incineroar|[spread] p1b,p2a,p2b
|-supereffective|p2b: Incineroar|1
|-damage|p1b: $70 flutter|27/100
|-damage|p2a: Blastoise|0 fnt
|-damage|p2b: Incineroar|0 fnt
|faint|p2a: Blastoise
|faint|p2b: Incineroar
|-damage|p1a: jarchomp|37/100|[from] item: Life Orb
|
|win|castoriceball
|raw|castoriceball's rating: 1324 → 1339(+15 for winning)
|raw|jrizzo7576's rating: 1226 → 1208(-18 for losing)
