|j|☆belinvgc
|j|☆aqoursfan1
|html|belinvgcaqoursfan1    
|uhtml|bestof|Game 2 of a best-of-3
|t:|1786172133
|gametype|doubles
|player|p1|belinvgc|101|1282
|player|p2|aqoursfan1|anabel-gen7|1384
|gen|9
|tier|[Gen 9 Champions] VGC 2026 Reg M-B (Bo3)
|rated|
|rule|Species Clause: Limit one of each Pokémon
|rule|Item Clause: Limit 1 of each item
|clearpoke
|poke|p1|Raichu, L50, M|
|poke|p1|Tyranitar, L50, F|
|poke|p1|Kingambit, L50, M|
|poke|p1|Sylveon, L50, M|
|poke|p1|Sinistcha, L50|
|poke|p1|Sneasler, L50, F|
|poke|p2|Sylveon, L50, M, shiny|
|poke|p2|Incineroar, L50, F|
|poke|p2|Garchomp, L50, M|
|poke|p2|Aerodactyl, L50, M|
|poke|p2|Charizard, L50, M, shiny|
|poke|p2|Basculegion, L50, M|
|teampreview|4
|showteam|p1|Raichu||RaichuniteY|LightningRod|ZapCannon,FocusBlast,FakeOut,Protect|Timid||M|||50|]Tyranitar||Tyranitarite|SandStream|RockSlide,KnockOff,DragonDance,Protect|Jolly||F|||50|]Kingambit||BlackGlasses|Defiant|KowtowCleave,SuckerPunch,SwordsDance,Protect|Adamant||M|||50|]Sylveon||FairyFeather|Pixilate|HyperVoice,QuickAttack,Yawn,Protect|Quiet||M|||50|]Sinistcha||KasibBerry|Hospitality|MatchaGotcha,RagePowder,TrickRoom,Protect|Bold|||||50|]Sneasler||WhiteHerb|Unburden|CloseCombat,DireClaw,FakeOut,Coaching|Adamant||F|||50|
|showteam|p2|Sylveon||FairyFeather|Pixilate|HyperVoice,HyperBeam,QuickAttack,Detect|Modest||M|||50|]Incineroar||SitrusBerry|Intimidate|FlareBlitz,ThroatChop,PartingShot,FakeOut|Careful||F|||50|]Garchomp||LifeOrb|RoughSkin|DragonClaw,Earthquake,StompingTantrum,Protect|Adamant||M|||50|]Aerodactyl||Aerodactylite|RockHead|RockSlide,DualWingbeat,Tailwind,Protect|Jolly||M|||50|]Charizard||CharizarditeY|SolarPower|HeatWave,WeatherBall,SolarBeam,Protect|Modest||M|||50|]Basculegion||MysticWater|Adaptability|WaveCrash,LastRespects,AquaJet,Protect|Adamant||M|||50|
|inactive|Battle timer is ON: inactive players will automatically lose when time's up. (requested by aqoursfan1)
|
|t:|1786172145
|teamsize|p1|4
|teamsize|p2|4
|start
|switch|p1a: Tyranitar|Tyranitar, L50, F|100/100
|switch|p1b: Sneasler|Sneasler, L50, F|100/100
|switch|p2a: Garchomp|Garchomp, L50, M|100/100
|switch|p2b: Charizard|Charizard, L50, M, shiny|100/100
|-weather|Sandstorm|[from] ability: Sand Stream|[of] p1a: Tyranitar
|turn|1
|
|t:|1786172157
|switch|p2a: Incineroar|Incineroar, L50, F|100/100
|-ability|p2a: Incineroar|Intimidate|boost
|-unboost|p1a: Tyranitar|atk|1
|-unboost|p1b: Sneasler|atk|1
|-enditem|p1b: Sneasler|White Herb
|-clearnegativeboost|p1b: Sneasler|[silent]
|detailschange|p1a: Tyranitar|Tyranitar-Mega, L50, F
|-mega|p1a: Tyranitar|Tyranitar|Tyranitarite
|move|p1b: Sneasler|Fake Out|p2a: Incineroar
|-damage|p2a: Incineroar|86/100
|move|p1a: Tyranitar|Dragon Dance|p1a: Tyranitar
|-boost|p1a: Tyranitar|atk|1
|-boost|p1a: Tyranitar|spe|1
|move|p2b: Charizard|Weather Ball|p1b: Sneasler
|-resisted|p1b: Sneasler|1
|-damage|p1b: Sneasler|80/100
|
|-weather|Sandstorm|[upkeep]
|-damage|p1b: Sneasler|73/100|[from] Sandstorm
|-damage|p2b: Charizard|93/100|[from] Sandstorm
|-damage|p2a: Incineroar|80/100|[from] Sandstorm
|upkeep
|turn|2
|
|t:|1786172180
|switch|p2b: Garchomp|Garchomp, L50, M|100/100
|move|p1a: Tyranitar|Protect|p1a: Tyranitar
|-singleturn|p1a: Tyranitar|Protect
|move|p2a: Incineroar|Fake Out|p1b: Sneasler
|-damage|p1b: Sneasler|56/100
|cant|p1b: Sneasler|flinch
|
|-weather|Sandstorm|[upkeep]
|-damage|p1b: Sneasler|50/100g|[from] Sandstorm
|-damage|p2a: Incineroar|74/100|[from] Sandstorm
|upkeep
|turn|3
|inactive|belinvgc has 30 seconds left.
|
|t:|1786172214
|switch|p2a: Charizard|Charizard, L50, M, shiny|93/100
|move|p1b: Sneasler|Coaching|p1a: Tyranitar
|-boost|p1a: Tyranitar|atk|1
|-boost|p1a: Tyranitar|def|1
|move|p1a: Tyranitar|Rock Slide|p2a: Charizard|[spread] p2a
|-miss|p1a: Tyranitar|p2b: Garchomp
|-supereffective|p2a: Charizard|2
|-damage|p2a: Charizard|0 fnt
|faint|p2a: Charizard
|move|p2b: Garchomp|Earthquake|p1b: Sneasler|[spread] p1a,p1b
|-supereffective|p1a: Tyranitar|1
|-supereffective|p1b: Sneasler|1
|-damage|p1a: Tyranitar|54/100
|-damage|p1b: Sneasler|0 fnt
|faint|p1b: Sneasler
|-damage|p2b: Garchomp|90/100|[from] item: Life Orb
|
|-weather|Sandstorm|[upkeep]
|upkeep
|inactive|belinvgc has 30 seconds left.
|inactive|belinvgc has 20 seconds left.
|inactive|belinvgc has 15 seconds left.
|
|t:|1786172258
|switch|p1b: Sylveon|Sylveon, L50, M|100/100
|switch|p2a: Sylveon|Sylveon, L50, M, shiny|100/100
|turn|4
|
|t:|1786172264
|switch|p2b: Incineroar|Incineroar, L50, F|74/100
|-ability|p2b: Incineroar|Intimidate|boost
|-unboost|p1a: Tyranitar|atk|1
|-unboost|p1b: Sylveon|atk|1
|move|p1a: Tyranitar|Rock Slide|p2b: Incineroar|[spread] p2a,p2b
|-supereffective|p2b: Incineroar|1
|-damage|p2a: Sylveon|52/100
|-damage|p2b: Incineroar|12/100
|-enditem|p2b: Incineroar|Sitrus Berry|[eat]
|-heal|p2b: Incineroar|37/100|[from] item: Sitrus Berry
|cant|p2a: Sylveon|flinch
|move|p1b: Sylveon|Hyper Voice|p2b: Incineroar|[spread] p2a,p2b
|-damage|p2a: Sylveon|11/100
|-damage|p2b: Incineroar|0 fnt
|faint|p2b: Incineroar
|
|-weather|Sandstorm|[upkeep]
|-damage|p2a: Sylveon|5/100|[from] Sandstorm
|-damage|p1b: Sylveon|93/100|[from] Sandstorm
|upkeep
|
|t:|1786172279
|switch|p2b: Garchomp|Garchomp, L50, M|90/100
|turn|5
|
|t:|1786172289
|move|p2a: Sylveon|Detect|p2a: Sylveon
|-singleturn|p2a: Sylveon|Protect
|move|p1a: Tyranitar|Knock Off|p2a: Sylveon
|-activate|p2a: Sylveon|move: Protect
|move|p2b: Garchomp|Earthquake|p1a: Tyranitar|[spread] p1a,p1b
|-activate|p2a: Sylveon|move: Protect
|-supereffective|p1a: Tyranitar|1
|-damage|p1a: Tyranitar|6/100
|-damage|p1b: Sylveon|26/100
|-damage|p2b: Garchomp|80/100|[from] item: Life Orb
|move|p1b: Sylveon|Hyper Voice|p2b: Garchomp|[spread] p2b
|-activate|p2a: Sylveon|move: Protect
|-supereffective|p2b: Garchomp|1
|-crit|p2b: Garchomp
|-damage|p2b: Garchomp|0 fnt
|faint|p2b: Garchomp
|
|-weather|none
|upkeep
|turn|6
|
|t:|1786172305
|move|p2a: Sylveon|Quick Attack|p1a: Tyranitar
|-supereffective|p1a: Tyranitar|1
|-damage|p1a: Tyranitar|0 fnt
|faint|p1a: Tyranitar
|move|p1b: Sylveon|Quick Attack|p2a: Sylveon
|-damage|p2a: Sylveon|0 fnt
|faint|p2a: Sylveon
|
|win|belinvgc
