|j|☆Oscarm92
|j|☆TheDark69420
|html|Oscarm92TheDark69420    
|uhtml|bestof|Game 3 of a best-of-3
|t:|1783011213
|gametype|doubles
|player|p1|Oscarm92|170|1287
|player|p2|TheDark69420|ghetsis-gen5bw|1292
|gen|9
|tier|[Gen 9 Champions] VGC 2026 Reg M-B (Bo3)
|rated|
|rule|Species Clause: Limit one of each Pokémon
|rule|Item Clause: Limit 1 of each item
|clearpoke
|poke|p1|Charizard, L50, M, shiny|
|poke|p1|Aerodactyl, L50, M|
|poke|p1|Garchomp, L50, M, shiny|
|poke|p1|Kingambit, L50, F|
|poke|p1|Sylveon, L50, F|
|poke|p1|Farigiraf, L50, F|
|poke|p2|Incineroar, L50, M|
|poke|p2|Kingambit, L50, M|
|poke|p2|Sneasler, L50, M|
|poke|p2|Floette-Eternal, L50, F|
|poke|p2|Sinistcha, L50|
|poke|p2|Dragonite, L50, M|
|teampreview|4
|showteam|p1|Charizard||CharizarditeY|Blaze|HeatWave,WeatherBall,SolarBeam,Protect|Modest||M|||50|]Aerodactyl||Aerodactylite|RockHead|IceFang,RockSlide,Tailwind,DualWingbeat|Jolly||M|||50|]Garchomp||LifeOrb|RoughSkin|DragonClaw,StompingTantrum,Earthquake,Protect|Jolly||M|||50|]Kingambit||FocusSash|Defiant|SuckerPunch,KowtowCleave,IronHead,LowKick|Adamant||F|||50|]Sylveon||FairyFeather|Pixilate|QuickAttack,HyperVoice,HyperBeam,Protect|Modest||F|||50|]Farigiraf||SitrusBerry|ArmorTail|TrickRoom,Thunderbolt,GrassKnot,TwinBeam|Bold||F|||50|
|showteam|p2|Incineroar||SitrusBerry|Intimidate|FakeOut,FlareBlitz,DarkestLariat,PartingShot|Careful||M|||50|]Kingambit||ChopleBerry|Defiant|KowtowCleave,SuckerPunch,SwordsDance,Protect|Adamant||M|||50|]Sneasler||FocusSash|PoisonTouch|FakeOut,Coaching,CloseCombat,PoisonJab|Jolly||M|||50|]Floette-Eternal||Floettite|FlowerVeil|CalmMind,Protect,DrainingKiss,DazzlingGleam|Bold||F|||50|]Sinistcha||Leftovers|Hospitality|TrickRoom,RagePowder,MatchaGotcha,Protect|Bold|||||50|]Dragonite||LumBerry|Multiscale|ExtremeSpeed,DragonClaw,Protect,FirePunch|Adamant||M|||50|
|inactive|Battle timer is ON: inactive players will automatically lose when time's up. (requested by TheDark69420)
|
|t:|1783011234
|teamsize|p1|4
|teamsize|p2|4
|start
|switch|p1a: Aerodactyl|Aerodactyl, L50, M|100/100
|switch|p1b: Kingambit|Kingambit, L50, F|100/100
|switch|p2a: Sneasler|Sneasler, L50, M|100/100
|switch|p2b: Dragonite|Dragonite, L50, M|100/100
|turn|1
|inactive|Oscarm92 has 30 seconds left.
|inactive|TheDark69420 has 30 seconds left.
|inactive|TheDark69420 has 20 seconds left.
|
|t:|1783011269
|switch|p2a: Kingambit|Kingambit, L50, M|100/100
|switch|p1b: Farigiraf|Farigiraf, L50, F|100/100
|detailschange|p1a: Aerodactyl|Aerodactyl-Mega, L50, M
|-mega|p1a: Aerodactyl|Aerodactyl|Aerodactylite
|move|p1a: Aerodactyl|Dual Wingbeat|p2a: Kingambit
|-resisted|p2a: Kingambit|1
|-damage|p2a: Kingambit|90/100
|-resisted|p2a: Kingambit|1
|-damage|p2a: Kingambit|82/100
|-hitcount|p2a: Kingambit|2
|move|p2b: Dragonite|Fire Punch|p1b: Farigiraf
|-damage|p1b: Farigiraf|79/100
|
|upkeep
|turn|2
|
|t:|1783011287
|move|p1a: Aerodactyl|Rock Slide|p2b: Dragonite|[spread] p2a,p2b
|-resisted|p2a: Kingambit|1
|-supereffective|p2b: Dragonite|1
|-damage|p2a: Kingambit|72/100
|-damage|p2b: Dragonite|72/100
|move|p2b: Dragonite|Dragon Claw|p1a: Aerodactyl
|-damage|p1a: Aerodactyl|49/100
|cant|p2a: Kingambit|flinch
|move|p1b: Farigiraf|Trick Room|p1b: Farigiraf
|-fieldstart|move: Trick Room|[of] p1b: Farigiraf
|
|upkeep
|turn|3
|inactive|Oscarm92 has 30 seconds left.
|
|t:|1783011316
|switch|p1b: Sylveon|Sylveon, L50, F|100/100
|move|p2b: Dragonite|Protect|p2b: Dragonite
|-singleturn|p2b: Dragonite|Protect
|move|p2a: Kingambit|Swords Dance|p2a: Kingambit
|-boost|p2a: Kingambit|atk|2
|move|p1a: Aerodactyl|Ice Fang|p2b: Dragonite
|-activate|p2b: Dragonite|move: Protect
|
|upkeep
|turn|4
|
|t:|1783011328
|move|p2b: Dragonite|Extreme Speed|p1b: Sylveon
|-damage|p1b: Sylveon|65/100
|move|p2a: Kingambit|Kowtow Cleave|p1b: Sylveon
|-resisted|p1b: Sylveon|1
|-damage|p1b: Sylveon|10/100
|move|p1b: Sylveon|Hyper Beam|p2a: Kingambit
|-damage|p2a: Kingambit|0 fnt
|-mustrecharge|p1b: Sylveon
|faint|p2a: Kingambit
|move|p1a: Aerodactyl|Ice Fang|p2b: Dragonite
|-supereffective|p2b: Dragonite|2
|-damage|p2b: Dragonite|0 fnt
|faint|p2b: Dragonite
|
|upkeep
|
|t:|1783011336
|switch|p2a: Floette|Floette-Eternal, L50, F|100/100
|switch|p2b: Sneasler|Sneasler, L50, M|100/100
|turn|5
|
|t:|1783011368
|switch|p1a: Farigiraf|Farigiraf, L50, F|79/100
|detailschange|p2a: Floette|Floette-Mega, L50, F
|-mega|p2a: Floette|Floette|Floettite
|-ability|p2a: Floette|Fairy Aura
|cant|p1b: Sylveon|recharge
|move|p2a: Floette|Dazzling Gleam|p1b: Sylveon|[spread] p1a,p1b
|-damage|p1a: Farigiraf|44/100
|-damage|p1b: Sylveon|0 fnt
|-enditem|p1a: Farigiraf|Sitrus Berry|[eat]
|-heal|p1a: Farigiraf|69/100|[from] item: Sitrus Berry
|faint|p1b: Sylveon
|move|p2b: Sneasler|Close Combat|p1a: Farigiraf
|-damage|p1a: Farigiraf|22/100
|-unboost|p2b: Sneasler|def|1
|-unboost|p2b: Sneasler|spd|1
|
|upkeep
|
|t:|1783011385
|switch|p1b: Kingambit|Kingambit, L50, F|100/100
|turn|6
|
|t:|1783011397
|move|p1a: Farigiraf|Twin Beam|p2b: Sneasler
|-supereffective|p2b: Sneasler|2
|-enditem|p2b: Sneasler|Focus Sash
|-damage|p2b: Sneasler|1/100
|-supereffective|p2b: Sneasler|2
|-damage|p2b: Sneasler|0 fnt
|faint|p2b: Sneasler
|-hitcount|p2: Sneasler|2
|move|p1b: Kingambit|Iron Head|p2a: Floette
|-supereffective|p2a: Floette|1
|-damage|p2a: Floette|20/100y
|move|p2a: Floette|Calm Mind|p2a: Floette
|-boost|p2a: Floette|spa|1
|-boost|p2a: Floette|spd|1
|
|-fieldend|move: Trick Room
|upkeep
|turn|7
|
|t:|1783011413
|move|p1b: Kingambit|Sucker Punch|p2a: Floette
|-resisted|p2a: Floette|1
|-damage|p2a: Floette|4/100
|move|p2a: Floette|Draining Kiss|p1b: Kingambit
|-damage|p1b: Kingambit|39/100
|-heal|p2a: Floette|49/100|[from] drain|[of] p1b: Kingambit
|move|p1a: Farigiraf|Twin Beam|p2a: Floette
|-damage|p2a: Floette|41/100
|-damage|p2a: Floette|35/100
|-hitcount|p2a: Floette|2
|
|upkeep
|turn|8
|inactive|Oscarm92 has 30 seconds left.
|inactive|TheDark69420 has 30 seconds left.
|inactive|Oscarm92 has 20 seconds left.
|inactive|TheDark69420 has 20 seconds left.
|inactive|TheDark69420 has 15 seconds left.
|
|t:|1783011455
|move|p1b: Kingambit|Sucker Punch|p2a: Floette
|-resisted|p2a: Floette|1
|-damage|p2a: Floette|18/100
|move|p2a: Floette|Draining Kiss|p1b: Kingambit
|-damage|p1b: Kingambit|0 fnt
|-heal|p2a: Floette|48/100|[from] drain|[of] p1b: Kingambit
|faint|p1b: Kingambit
|move|p1a: Farigiraf|Twin Beam|p2a: Floette
|-damage|p2a: Floette|40/100
|-damage|p2a: Floette|33/100
|-hitcount|p2a: Floette|2
|
|upkeep
|
|t:|1783011458
|switch|p1b: Aerodactyl|Aerodactyl-Mega, L50, M|49/100
|turn|9
|
|t:|1783011471
|move|p1b: Aerodactyl|Dual Wingbeat|p2a: Floette
|-damage|p2a: Floette|13/100
|-damage|p2a: Floette|0 fnt
|faint|p2a: Floette
|-hitcount|p2: Floette|2
|
|win|Oscarm92
|raw|Oscarm92's rating: 1287 → 1312(+25 for winning)
|raw|TheDark69420's rating: 1292 → 1267(-25 for losing)
|l|☆TheDark69420
|player|p2|
