|j|☆CostlessGem1
|j|☆Dosa16
|html|CostlessGem1Dosa16    
|uhtml|bestof|Game 1 of a best-of-3
|t:|1757636239
|gametype|doubles
|player|p1|CostlessGem1|steven|1047
|player|p2|Dosa16|unknown|1044
|gen|9
|tier|[Gen 9] VGC 2025 Reg H (Bo3)
|rated|
|rule|Species Clause: Limit one of each Pokémon
|rule|Item Clause: Limit 1 of each item
|clearpoke
|poke|p1|Kingambit, L50, M|
|poke|p1|Rillaboom, L50, F|
|poke|p1|Archaludon, L50, F|
|poke|p1|Pelipper, L50, F|
|poke|p1|Sneasler, L50, M|
|poke|p1|Palafin, L50, M|
|poke|p2|Flapple, L50, M|
|poke|p2|Sableye, L50, M|
|poke|p2|Yanmega, L50, M|
|poke|p2|Oranguru, L50, M|
|poke|p2|Ursaluna, L50, M|
|poke|p2|Volcarona, L50, M|
|teampreview|4
|showteam|p1|Kingambit||BlackGlasses|Defiant|SuckerPunch,KowtowCleave,SwordsDance,Protect|||M|||50|,,,,,Dark]Rillaboom||MiracleSeed|GrassySurge|FakeOut,GrassyGlide,Uturn,WoodHammer|||F|||50|,,,,,Fire]Archaludon||AssaultVest|Sturdy|ElectroShot,FlashCannon,DracoMeteor,DragonPulse|||F|||50|,,,,,Electric]Pelipper||CovertCloak|Drizzle|Tailwind,Protect,Hurricane,HelpingHand|||F|||50|,,,,,Grass]Sneasler||FocusSash|Unburden|CloseCombat,DireClaw,Protect,FakeOut|||M|||50|,,,,,Ghost]Palafin||MysticWater|ZerotoHero|JetPunch,WaveCrash,Protect,FlipTurn|||M|||50|,,,,,Water
|showteam|p2|Flapple||ChoiceBand|Hustle|GravApple,DragonRush,SuckerPunch,Uturn|||M|||50|,,,,,Fire]Sableye||MentalHerb|Prankster|Quash,Gravity,Encore,Disable|||M|||50|,,,,,Dark]Yanmega||CovertCloak|SpeedBoost|Tailwind,Hypnosis,BugBuzz,Protect|||M|||50|,,,,,Water]Oranguru||SafetyGoggles|Telepathy|TrickRoom,Instruct,Psychic,Protect|||M|||50|,,,,,Fairy]Ursaluna||FlameOrb|Guts|HeadlongRush,Facade,Protect,Earthquake|||M|||50|,,,,,Ghost]Volcarona||ChoiceSpecs|FlameBody|HeatWave,FireBlast,BugBuzz,TeraBlast|||M|||50|,,,,,Fairy
|inactive|Battle timer is ON: inactive players will automatically lose when time's up. (requested by Dosa16)
|inactive|CostlessGem1 has 60 seconds left.
|
|t:|1757636274
|teamsize|p1|4
|teamsize|p2|4
|start
|switch|p1a: Kingambit|Kingambit, L50, M, shiny|100/100
|switch|p1b: Palafin|Palafin, L50, M, shiny|100/100
|switch|p2a: Sableye|Sableye, L50, M|100/100
|switch|p2b: Yanmega|Yanmega, L50, M|100/100
|turn|1
|inactive|CostlessGem1 has 30 seconds left.
|
|t:|1757636302
|move|p2a: Sableye|Gravity|p2a: Sableye
|-fieldstart|move: Gravity
|move|p2b: Yanmega|Hypnosis|p1b: Palafin
|-status|p1b: Palafin|slp|[from] move: Hypnosis
|cant|p1b: Palafin|slp
|move|p1a: Kingambit|Swords Dance|p1a: Kingambit
|-boost|p1a: Kingambit|atk|2
|
|-ability|p2b: Yanmega|Speed Boost|boost
|-boost|p2b: Yanmega|spe|1
|upkeep
|turn|2
|
|t:|1757636328
|switch|p2a: Volcarona|Volcarona, L50, M|100/100
|move|p1a: Kingambit|Protect|p1a: Kingambit
|-singleturn|p1a: Kingambit|Protect
|move|p2b: Yanmega|Hypnosis|p1a: Kingambit
|-activate|p1a: Kingambit|move: Protect
|cant|p1b: Palafin|slp
|
|-ability|p2b: Yanmega|Speed Boost|boost
|-boost|p2b: Yanmega|spe|1
|upkeep
|turn|3
|inactive|CostlessGem1 has 30 seconds left.
|
|t:|1757636360
|move|p1a: Kingambit|Sucker Punch|p2a: Volcarona
|-damage|p2a: Volcarona|0 fnt
|-status|p1a: Kingambit|brn|[from] ability: Flame Body|[of] p2a: Volcarona
|faint|p2a: Volcarona
|move|p2b: Yanmega|Tailwind|p2b: Yanmega
|-sidestart|p2: Dosa16|move: Tailwind
|cant|p1b: Palafin|slp
|
|-damage|p1a: Kingambit|95/100 brn|[from] brn
|-ability|p2b: Yanmega|Speed Boost|boost
|-boost|p2b: Yanmega|spe|1
|upkeep
|
|t:|1757636368
|switch|p2a: Flapple|Flapple, L50, M|100/100
|turn|4
|
|t:|1757636383
|move|p2b: Yanmega|Hypnosis||[still]
|-fail|p2b: Yanmega
|move|p2a: Flapple|Grav Apple|p1a: Kingambit
|-resisted|p1a: Kingambit
|-crit|p1a: Kingambit
|-damage|p1a: Kingambit|22/100 brn
|-unboost|p1a: Kingambit|def|1
|-ability|p1a: Kingambit|Defiant|boost
|-boost|p1a: Kingambit|atk|2
|-curestatus|p1b: Palafin|slp|[msg]
|move|p1b: Palafin|Flip Turn|p2b: Yanmega
|-damage|p2b: Yanmega|77/100
|
|t:|1757636402
|detailschange|p1b: Palafin|Palafin-Hero, L50, M, shiny
|switch|p1b: Pelipper|Pelipper, L50, F, shiny|100/100|[from] Flip Turn
|-weather|RainDance|[from] ability: Drizzle|[of] p1b: Pelipper
|move|p1a: Kingambit|Swords Dance|p1a: Kingambit
|-boost|p1a: Kingambit|atk|2
|
|-weather|RainDance|[upkeep]
|-damage|p1a: Kingambit|16/100 brn|[from] brn
|-ability|p2b: Yanmega|Speed Boost|boost
|-boost|p2b: Yanmega|spe|1
|upkeep
|turn|5
|inactive|Dosa16 has 30 seconds left.
|inactive|Dosa16 has 20 seconds left.
|
|t:|1757636439
|-terastallize|p1b: Pelipper|Grass
|move|p1a: Kingambit|Sucker Punch|p2a: Flapple
|-damage|p2a: Flapple|0 fnt
|faint|p2a: Flapple
|move|p2b: Yanmega|Hypnosis||[still]
|-fail|p2b: Yanmega
|move|p1b: Pelipper|Hurricane|p2b: Yanmega
|-supereffective|p2b: Yanmega
|-damage|p2b: Yanmega|0 fnt
|faint|p2b: Yanmega
|
|-weather|RainDance|[upkeep]
|-damage|p1a: Kingambit|10/100 brn|[from] brn
|-fieldend|move: Gravity
|upkeep
|
|t:|1757636449
|switch|p2b: Sableye|Sableye, L50, M|100/100
|turn|6
|inactive|Dosa16 has 30 seconds left.
|inactive|Dosa16 has 20 seconds left.
|inactive|Dosa16 has 15 seconds left.
|inactive|Dosa16 has 10 seconds left.
|
|t:|1757636496
|move|p2b: Sableye|Quash|p1a: Kingambit
|-hint|Since gen 7, Dark is immune to Prankster moves.
|-immune|p1a: Kingambit
|move|p1b: Pelipper|Tailwind|p1b: Pelipper
|-sidestart|p1: CostlessGem1|move: Tailwind
|move|p1a: Kingambit|Kowtow Cleave|p2b: Sableye
|-damage|p2b: Sableye|0 fnt
|faint|p2b: Sableye
|
|win|CostlessGem1
|l|☆Dosa16
|player|p2|
||Dosa16 is ready for game 2.
|inactive|CostlessGem1 has 30 seconds to confirm battle start!
||CostlessGem1 is ready for game 2.
|uhtml|next|Next: Game 2 of 3
