|j|☆sorecruiser
|j|☆zoan lover
|html|sorecruiserzoan lover    
|uhtml|bestof|Game 3 of a best-of-3
|t:|1756932010
|gametype|doubles
|player|p1|sorecruiser|furisodegirl-black|1058
|player|p2|zoan lover|blackbelt-gen4dp|1112
|gen|9
|tier|[Gen 9] VGC 2025 Reg H (Bo3)
|rated|
|rule|Species Clause: Limit one of each Pokémon
|rule|Item Clause: Limit 1 of each item
|clearpoke
|poke|p1|Gholdengo, L50|
|poke|p1|Whimsicott, L50, M|
|poke|p1|Sneasler, L50, M|
|poke|p1|Basculegion, L50, M|
|poke|p1|Hydreigon, L50, F|
|poke|p1|Magmar, L50, M|
|poke|p2|Sneasler, L50, F|
|poke|p2|Indeedee, L50, M|
|poke|p2|Volcarona, L50, M|
|poke|p2|Ursaluna-Bloodmoon, L50, M|
|poke|p2|Annihilape, L50, F|
|poke|p2|Tyranitar, L50, M|
|teampreview|4
|showteam|p1|Gholdengo||MetalCoat|GoodasGold|MakeItRain,ShadowBall,NastyPlot,Protect||||||50|,,,,,Steel]Whimsicott||CovertCloak|Prankster|Tailwind,Encore,FakeTears,Moonblast|||M|||50|,,,,,Dark]Sneasler||FocusSash|PoisonTouch|Protect,CloseCombat,DireClaw,ThroatChop|||M|||50|,,,,,Dark]Basculegion||ChoiceScarf|Adaptability|LastRespects,WaveCrash,AquaJet,FlipTurn|||M|||50|,,,,,Ghost]Hydreigon||ChoiceSpecs|Levitate|DarkPulse,DracoMeteor,Snarl,HeatWave|||F|||50|,,,,,Fire]Magmar||Eviolite|VitalSpirit|Protect,FollowMe,HeatWave,Taunt|||M|||50|,,,,,Water
|showteam|p2|Sneasler||PsychicSeed|Unburden|CloseCombat,DireClaw,ThroatChop,Protect|||F|||50|,,,,,Dark]Indeedee||ChoiceScarf|PsychicSurge|ExpandingForce,TeraBlast,Trick,Protect|||M|||50|,,,,,Psychic]Volcarona||SitrusBerry|FlameBody|Overheat,StruggleBug,RagePowder,Tailwind|||M|||50|,,,,,Grass]Ursaluna-Bloodmoon||LifeOrb|MindsEye|BloodMoon,HyperVoice,EarthPower,Protect|||M|||50|,,,,,Normal]Annihilape||SafetyGoggles|Defiant|CloseCombat,RageFist,Taunt,FinalGambit|||F|||50|,,,,,Fairy]Tyranitar||AssaultVest|SandStream|RockSlide,KnockOff,TeraBlast,LowKick|||M|||50|,,,,,Flying
|inactive|Battle timer is ON: inactive players will automatically lose when time's up. (requested by zoan lover)
|inactive|sorecruiser has 60 seconds left.
|inactive|zoan lover has 60 seconds left.
|inactive|zoan lover has 30 seconds left.
|inactive|zoan lover has 20 seconds left.
|inactive|zoan lover has 15 seconds left.
|inactive|zoan lover has 10 seconds left.
|
|t:|1756932094
|teamsize|p1|4
|teamsize|p2|4
|start
|switch|p1a: Gholdengo|Gholdengo, L50|100/100
|switch|p1b: Magmar|Magmar, L50, M|100/100
|switch|p2a: Tyranitar|Tyranitar, L50, M|100/100
|switch|p2b: Volcarona|Volcarona, L50, M|100/100
|-weather|Sandstorm|[from] ability: Sand Stream|[of] p2a: Tyranitar
|turn|1
|inactive|sorecruiser has 30 seconds left.
|inactive|sorecruiser has 20 seconds left.
|inactive|sorecruiser has 15 seconds left.
|
|t:|1756932135
|-terastallize|p2a: Tyranitar|Flying
|move|p1b: Magmar|Follow Me|p1b: Magmar
|-singleturn|p1b: Magmar|move: Follow Me
|move|p2b: Volcarona|Struggle Bug|p1a: Gholdengo|[spread] p1a,p1b
|-resisted|p1a: Gholdengo
|-resisted|p1b: Magmar
|-damage|p1a: Gholdengo|96/100
|-damage|p1b: Magmar|95/100
|-unboost|p1a: Gholdengo|spa|1
|-unboost|p1b: Magmar|spa|1
|move|p1a: Gholdengo|Nasty Plot|p1a: Gholdengo
|-boost|p1a: Gholdengo|spa|2
|move|p2a: Tyranitar|Knock Off|p1b: Magmar
|-damage|p1b: Magmar|57/100
|-enditem|p1b: Magmar|Eviolite|[from] move: Knock Off|[of] p2a: Tyranitar
|
|-weather|Sandstorm|[upkeep]
|-damage|p2b: Volcarona|94/100|[from] Sandstorm
|-damage|p1b: Magmar|51/100|[from] Sandstorm
|-damage|p2a: Tyranitar|95/100|[from] Sandstorm
|upkeep
|turn|2
|inactive|sorecruiser has 30 seconds left.
|inactive|zoan lover has 30 seconds left.
|inactive|sorecruiser has 20 seconds left.
|
|t:|1756932171
|-terastallize|p1a: Gholdengo|Steel
|move|p2b: Volcarona|Struggle Bug|p1b: Magmar|[spread] p1a,p1b
|-resisted|p1a: Gholdengo
|-resisted|p1b: Magmar
|-damage|p1a: Gholdengo|88/100
|-damage|p1b: Magmar|42/100
|-unboost|p1a: Gholdengo|spa|1
|-unboost|p1b: Magmar|spa|1
|move|p1a: Gholdengo|Make It Rain|p2b: Volcarona|[spread] p2a,p2b
|-crit|p2a: Tyranitar
|-resisted|p2b: Volcarona
|-damage|p2a: Tyranitar|24/100
|-damage|p2b: Volcarona|62/100
|-unboost|p1a: Gholdengo|spa|1
|move|p1b: Magmar|Heat Wave|p2b: Volcarona|[spread] p2a,p2b
|-damage|p2a: Tyranitar|16/100
|-damage|p2b: Volcarona|50/100
|-enditem|p2b: Volcarona|Sitrus Berry|[eat]
|-heal|p2b: Volcarona|75/100|[from] item: Sitrus Berry
|move|p2a: Tyranitar|Rock Slide|p1b: Magmar|[spread] p1a,p1b
|-resisted|p1a: Gholdengo
|-supereffective|p1b: Magmar
|-crit|p1b: Magmar
|-damage|p1a: Gholdengo|72/100
|-damage|p1b: Magmar|0 fnt
|faint|p1b: Magmar
|
|-weather|Sandstorm|[upkeep]
|-damage|p2b: Volcarona|69/100|[from] Sandstorm
|-damage|p2a: Tyranitar|10/100|[from] Sandstorm
|upkeep
|
|t:|1756932183
|switch|p1b: Whimsicott|Whimsicott, L50, M|100/100
|turn|3
|inactive|zoan lover has 30 seconds left.
|inactive|zoan lover has 20 seconds left.
|inactive|zoan lover has 15 seconds left.
|
|t:|1756932232
|move|p1a: Gholdengo|Protect|p1a: Gholdengo
|-singleturn|p1a: Gholdengo|Protect
|move|p1b: Whimsicott|Encore|p2b: Volcarona
|-start|p2b: Volcarona|Encore
|move|p2b: Volcarona|Struggle Bug|p1a: Gholdengo|[spread] p1b
|-activate|p1a: Gholdengo|move: Protect
|-damage|p1b: Whimsicott|81/100
|move|p2a: Tyranitar|Tera Blast|p1b: Whimsicott|[anim] Tera Blast Flying
|-supereffective|p1b: Whimsicott
|-damage|p1b: Whimsicott|0 fnt
|faint|p1b: Whimsicott
|
|-weather|Sandstorm|[upkeep]
|-damage|p2b: Volcarona|63/100|[from] Sandstorm
|-damage|p2a: Tyranitar|5/100|[from] Sandstorm
|upkeep
|
|t:|1756932241
|switch|p1b: Hydreigon|Hydreigon, L50, F|100/100
|turn|4
|
|t:|1756932270
|move|p2b: Volcarona|Struggle Bug|p1a: Gholdengo|[spread] p1a,p1b
|-resisted|p1a: Gholdengo
|-supereffective|p1b: Hydreigon
|-damage|p1a: Gholdengo|64/100
|-damage|p1b: Hydreigon|63/100
|-unboost|p1a: Gholdengo|spa|1
|-unboost|p1b: Hydreigon|spa|1
|move|p1b: Hydreigon|Dark Pulse|p2b: Volcarona
|-damage|p2b: Volcarona|22/100
|move|p1a: Gholdengo|Make It Rain|p2b: Volcarona|[spread] p2a,p2b
|-resisted|p2b: Volcarona
|-damage|p2a: Tyranitar|0 fnt
|-damage|p2b: Volcarona|7/100
|-unboost|p1a: Gholdengo|spa|1
|faint|p2a: Tyranitar
|
|-weather|Sandstorm|[upkeep]
|-damage|p2b: Volcarona|0 fnt|[from] Sandstorm
|-damage|p1b: Hydreigon|57/100|[from] Sandstorm
|faint|p2b: Volcarona
|upkeep
|
|t:|1756932284
|switch|p2b: Annihilape|Annihilape, L50, F|100/100
|switch|p2a: Ursaluna|Ursaluna-Bloodmoon, L50, M|100/100
|turn|5
|c|☆sorecruiser|gg
|c|☆sorecruiser|i was too passive
|inactive|sorecruiser has 30 seconds left.
|inactive|sorecruiser has 20 seconds left.
|inactive|sorecruiser has 15 seconds left.
|inactive|sorecruiser has 10 seconds left.
|
|t:|1756932333
|move|p2b: Annihilape|Close Combat|p1b: Hydreigon
|-supereffective|p1b: Hydreigon
|-damage|p1b: Hydreigon|0 fnt
|-unboost|p2b: Annihilape|def|1
|-unboost|p2b: Annihilape|spd|1
|faint|p1b: Hydreigon
|move|p1a: Gholdengo|Make It Rain|p2a: Ursaluna|[spread] p2a,p2b
|-damage|p2a: Ursaluna|63/100
|-damage|p2b: Annihilape|58/100
|-unboost|p1a: Gholdengo|spa|1
|move|p2a: Ursaluna|Earth Power|p1a: Gholdengo
|-supereffective|p1a: Gholdengo
|-damage|p1a: Gholdengo|0 fnt
|faint|p1a: Gholdengo
|-damage|p2a: Ursaluna|54/100|[from] item: Life Orb
|
|win|zoan lover
|raw|sorecruiser's rating: 1058 → 1042(-16 for losing)
|raw|zoan lover's rating: 1112 → 1133(+21 for winning)
|c|☆zoan lover|ggs that encore was the play if you hit tailwind u win
|c|☆sorecruiser|yeah I played too passive
|l|☆zoan lover
|player|p2|
