|j|☆teyvgc
|j|☆Rickopher
|html|teyvgcRickopher    
|uhtml|bestof|Game 3 of a best-of-3
|t:|1782613165
|gametype|doubles
|player|p1|teyvgc|rood|1147
|player|p2|Rickopher|scientist|1223
|gen|9
|tier|[Gen 9 Champions] VGC 2026 Reg M-B (Bo3)
|rated|
|rule|Species Clause: Limit one of each Pokémon
|rule|Item Clause: Limit 1 of each item
|clearpoke
|poke|p1|Houndstone, L50, F|
|poke|p1|Tyranitar, L50, M|
|poke|p1|Incineroar, L50, F|
|poke|p1|Farigiraf, L50, F, shiny|
|poke|p1|Garchomp, L50, F, shiny|
|poke|p1|Gholdengo, L50|
|poke|p2|Grimmsnarl, L50, M, shiny|
|poke|p2|Swampert, L50, F|
|poke|p2|Pelipper, L50, F, shiny|
|poke|p2|Archaludon, L50, F|
|poke|p2|Sinistcha, L50|
|poke|p2|Metagross, L50, shiny|
|teampreview|4
|showteam|p1|Houndstone||FocusSash|SandRush|PsychicFangs,StompingTantrum,LastRespects,Protect|Adamant||F|||50|]Tyranitar||Tyranitarite|SandStream|RockSlide,KnockOff,LowKick,Protect|Adamant||M|||50|]Incineroar||PasshoBerry|Intimidate|FlareBlitz,DarkestLariat,FakeOut,PartingShot|Adamant||F|||50|]Farigiraf||TwistedSpoon|ArmorTail|HyperVoice,TwinBeam,TrickRoom,HelpingHand|Quiet||F|||50|]Garchomp||Garchompite|RoughSkin|StompingTantrum,DragonClaw,RockSlide,Protect|Brave||F|||50|]Gholdengo||ChoiceScarf|GoodasGold|MakeItRain,ShadowBall,Trick,PowerGem|Timid|||||50|
|showteam|p2|Grimmsnarl||LightClay|Prankster|FoulPlay,PartingShot,Reflect,LightScreen|Calm||M|||50|]Swampert||Swampertite|Damp|WaveCrash,Earthquake,IcePunch,Protect|Adamant||F|||50|]Pelipper||SitrusBerry|Drizzle|Hurricane,WeatherBall,Tailwind,WideGuard|Modest||F|||50|]Archaludon||Leftovers|Stamina|ElectroShot,DragonPulse,FlashCannon,Protect|Modest||F|||50|]Sinistcha||CobaBerry|Hospitality|MatchaGotcha,RagePowder,TrickRoom,Protect|Relaxed|||||50|]Metagross||Metagrossite|ClearBody|IronHead,PsychicFangs,BodyPress,Protect|Jolly|||||50|
|
|t:|1782613207
|teamsize|p1|4
|teamsize|p2|4
|start
|switch|p1a: Tyranitar|Tyranitar, L50, M|100/100
|switch|p1b: Gholdengo|Gholdengo, L50|100/100
|switch|p2a: Grimmsnarl|Grimmsnarl, L50, M, shiny|100/100
|switch|p2b: Archaludon|Archaludon, L50, F|100/100
|-weather|Sandstorm|[from] ability: Sand Stream|[of] p1a: Tyranitar
|turn|1
|
|t:|1782613232
|move|p2b: Archaludon|Protect|p2b: Archaludon
|-singleturn|p2b: Archaludon|Protect
|move|p2a: Grimmsnarl|Light Screen|p2a: Grimmsnarl
|-sidestart|p2: Rickopher|move: Light Screen
|move|p1b: Gholdengo|Shadow Ball|p2b: Archaludon
|-activate|p2b: Archaludon|move: Protect
|move|p1a: Tyranitar|Low Kick|p2b: Archaludon
|-activate|p2b: Archaludon|move: Protect
|
|-weather|Sandstorm|[upkeep]
|-damage|p2a: Grimmsnarl|94/100|[from] Sandstorm
|upkeep
|turn|2
|
|t:|1782613257
|move|p2a: Grimmsnarl|Reflect|p2a: Grimmsnarl
|-sidestart|p2: Rickopher|Reflect
|move|p1b: Gholdengo|Shadow Ball|p2b: Archaludon
|-damage|p2b: Archaludon|71/100
|-ability|p2b: Archaludon|Stamina|boost
|-boost|p2b: Archaludon|def|1
|move|p2b: Archaludon|Flash Cannon|p1a: Tyranitar
|-supereffective|p1a: Tyranitar|1
|-damage|p1a: Tyranitar|53/100
|-unboost|p1a: Tyranitar|spd|1
|move|p1a: Tyranitar|Low Kick|p2b: Archaludon
|-supereffective|p2b: Archaludon|1
|-damage|p2b: Archaludon|52/100
|-ability|p2b: Archaludon|Stamina|boost
|-boost|p2b: Archaludon|def|1
|
|-weather|Sandstorm|[upkeep]
|-damage|p2a: Grimmsnarl|88/100|[from] Sandstorm
|-heal|p2b: Archaludon|58/100|[from] item: Leftovers
|upkeep
|turn|3
|
|t:|1782613284
|switch|p1a: Incineroar|Incineroar, L50, F|100/100
|-ability|p1a: Incineroar|Intimidate|boost
|-unboost|p2a: Grimmsnarl|atk|1
|-unboost|p2b: Archaludon|atk|1
|move|p1b: Gholdengo|Shadow Ball|p2b: Archaludon
|-damage|p2b: Archaludon|32/100
|-ability|p2b: Archaludon|Stamina|boost
|-boost|p2b: Archaludon|def|1
|move|p2b: Archaludon|Flash Cannon|p1a: Incineroar
|-resisted|p1a: Incineroar|1
|-damage|p1a: Incineroar|83/100
|move|p2a: Grimmsnarl|Foul Play|p1b: Gholdengo
|-supereffective|p1b: Gholdengo|1
|-crit|p1b: Gholdengo
|-damage|p1b: Gholdengo|34/100
|
|-weather|Sandstorm|[upkeep]
|-damage|p2a: Grimmsnarl|82/100|[from] Sandstorm
|-damage|p1a: Incineroar|77/100|[from] Sandstorm
|-heal|p2b: Archaludon|39/100|[from] item: Leftovers
|upkeep
|turn|4
|
|t:|1782613334
|move|p1b: Gholdengo|Shadow Ball|p2b: Archaludon
|-damage|p2b: Archaludon|13/100
|-ability|p2b: Archaludon|Stamina|boost
|-boost|p2b: Archaludon|def|1
|move|p2b: Archaludon|Dragon Pulse|p1a: Incineroar
|-damage|p1a: Incineroar|38/100
|move|p2a: Grimmsnarl|Foul Play|p1b: Gholdengo
|-supereffective|p1b: Gholdengo|1
|-damage|p1b: Gholdengo|0 fnt
|faint|p1b: Gholdengo
|move|p1a: Incineroar|Parting Shot|p2b: Archaludon
|-unboost|p2b: Archaludon|atk|1
|-unboost|p2b: Archaludon|spa|1
|
|t:|1782613341
|switch|p1a: Tyranitar|Tyranitar, L50, M|53/100|[from] Parting Shot
|
|-weather|Sandstorm|[upkeep]
|-damage|p2a: Grimmsnarl|76/100|[from] Sandstorm
|-heal|p2b: Archaludon|19/100|[from] item: Leftovers
|upkeep
|
|t:|1782613349
|switch|p1b: Incineroar|Incineroar, L50, F|38/100
|-ability|p1b: Incineroar|Intimidate|boost
|-unboost|p2a: Grimmsnarl|atk|1
|-unboost|p2b: Archaludon|atk|1
|turn|5
|
|t:|1782613375
|switch|p2a: Pelipper|Pelipper, L50, F, shiny|100/100
|-weather|RainDance|[from] ability: Drizzle|[of] p2a: Pelipper
|move|p1a: Tyranitar|Protect|p1a: Tyranitar
|-singleturn|p1a: Tyranitar|Protect
|move|p2b: Archaludon|Electro Shot||[still]
|-prepare|p2b: Archaludon|Electro Shot
|-boost|p2b: Archaludon|spa|1
|-anim|p2b: Archaludon|Electro Shot|p1a: Tyranitar
|-activate|p1a: Tyranitar|move: Protect
|move|p1b: Incineroar|Parting Shot|p2b: Archaludon
|-unboost|p2b: Archaludon|atk|1
|-unboost|p2b: Archaludon|spa|1
|
|t:|1782613388
|switch|p1b: Houndstone|Houndstone, L50, F|100/100|[from] Parting Shot
|
|-weather|RainDance|[upkeep]
|-heal|p2b: Archaludon|25/100|[from] item: Leftovers
|upkeep
|turn|6
|
|t:|1782613418
|detailschange|p1a: Tyranitar|Tyranitar-Mega, L50, M
|-mega|p1a: Tyranitar|Tyranitar|Tyranitarite
|-weather|Sandstorm|[from] ability: Sand Stream|[of] p1a: Tyranitar
|move|p1b: Houndstone|Psychic Fangs|p2b: Archaludon
|-sideend|p2: Rickopher|Reflect
|-sideend|p2: Rickopher|move: Light Screen
|-resisted|p2b: Archaludon|1
|-damage|p2b: Archaludon|22/100
|-ability|p2b: Archaludon|Stamina|boost
|-boost|p2b: Archaludon|def|1
|move|p2b: Archaludon|Electro Shot||[still]
|-prepare|p2b: Archaludon|Electro Shot
|-boost|p2b: Archaludon|spa|1
|move|p2a: Pelipper|Tailwind|p2a: Pelipper
|-sidestart|p2: Rickopher|move: Tailwind
|move|p1a: Tyranitar|Low Kick|p2b: Archaludon
|-supereffective|p2b: Archaludon|1
|-damage|p2b: Archaludon|7/100
|-ability|p2b: Archaludon|Stamina|boost
|-boost|p2b: Archaludon|def|1
|
|-weather|Sandstorm|[upkeep]
|-damage|p2a: Pelipper|94/100|[from] Sandstorm
|-heal|p2b: Archaludon|13/100|[from] item: Leftovers
|upkeep
|turn|7
|
|t:|1782613452
|switch|p2a: Grimmsnarl|Grimmsnarl, L50, M, shiny|76/100
|move|p1b: Houndstone|Last Respects|p2b: Archaludon
|-damage|p2b: Archaludon|4/100
|move|p2b: Archaludon|Electro Shot|p1a: Tyranitar|[from] lockedmove
|-damage|p1a: Tyranitar|33/100
|move|p1a: Tyranitar|Rock Slide|p2b: Archaludon|[spread] p2a,p2b
|-resisted|p2b: Archaludon|1
|-damage|p2a: Grimmsnarl|40/100
|-damage|p2b: Archaludon|1/100
|
|-weather|Sandstorm|[upkeep]
|-damage|p2a: Grimmsnarl|34/100|[from] Sandstorm
|-heal|p2b: Archaludon|7/100|[from] item: Leftovers
|upkeep
|turn|8
|
|t:|1782613482
|switch|p2a: Pelipper|Pelipper, L50, F, shiny|94/100
|-weather|RainDance|[from] ability: Drizzle|[of] p2a: Pelipper
|switch|p1a: Incineroar|Incineroar, L50, F|38/100
|-ability|p1a: Incineroar|Intimidate|boost
|-unboost|p2a: Pelipper|atk|1
|-unboost|p2b: Archaludon|atk|1
|move|p2b: Archaludon|Electro Shot||[still]
|-prepare|p2b: Archaludon|Electro Shot
|-boost|p2b: Archaludon|spa|1
|-anim|p2b: Archaludon|Electro Shot|p1a: Incineroar
|-damage|p1a: Incineroar|0 fnt
|faint|p1a: Incineroar
|move|p1b: Houndstone|Last Respects|p2b: Archaludon
|-damage|p2b: Archaludon|0 fnt
|faint|p2b: Archaludon
|
|-weather|RainDance|[upkeep]
|upkeep
|
|t:|1782613502
|switch|p2b: Metagross|Metagross, L50, shiny|100/100
|switch|p1a: Tyranitar|Tyranitar-Mega, L50, M|33/100
|-weather|Sandstorm|[from] ability: Sand Stream|[of] p1a: Tyranitar
|turn|9
|
|t:|1782613533
|detailschange|p2b: Metagross|Metagross-Mega, L50, shiny
|-mega|p2b: Metagross|Metagross|Metagrossite
|move|p2b: Metagross|Iron Head|p1b: Houndstone
|-damage|p1b: Houndstone|37/100
|move|p1b: Houndstone|Last Respects|p2b: Metagross
|-supereffective|p2b: Metagross|1
|-crit|p2b: Metagross
|-damage|p2b: Metagross|0 fnt
|faint|p2b: Metagross
|move|p2a: Pelipper|Weather Ball|p1a: Tyranitar
|-damage|p1a: Tyranitar|20/100y
|move|p1a: Tyranitar|Rock Slide|p2a: Pelipper|[miss]
|-miss|p1a: Tyranitar|p2a: Pelipper
|
|-weather|Sandstorm|[upkeep]
|-damage|p2a: Pelipper|88/100|[from] Sandstorm
|-sideend|p2: Rickopher|move: Tailwind
|upkeep
|
|t:|1782613548
|switch|p2b: Grimmsnarl|Grimmsnarl, L50, M, shiny|34/100
|turn|10
|
|t:|1782613562
|move|p1b: Houndstone|Last Respects|p2a: Pelipper
|-damage|p2a: Pelipper|15/100
|-enditem|p2a: Pelipper|Sitrus Berry|[eat]
|-heal|p2a: Pelipper|40/100|[from] item: Sitrus Berry
|move|p2a: Pelipper|Weather Ball|p1b: Houndstone
|-damage|p1b: Houndstone|8/100
|move|p1a: Tyranitar|Rock Slide|p2b: Grimmsnarl|[spread] p2a,p2b
|-supereffective|p2a: Pelipper|1
|-damage|p2a: Pelipper|0 fnt
|-damage|p2b: Grimmsnarl|0 fnt
|faint|p2a: Pelipper
|faint|p2b: Grimmsnarl
|
|win|teyvgc
|raw|teyvgc's rating: 1147 → 1177(+30 for winning)
|raw|Rickopher's rating: 1223 → 1193(-30 for losing)
