|j|☆hello for none
|j|☆That1Morpecko
|html|hello for noneThat1Morpecko    
|uhtml|bestof|Game 2 of a best-of-3
|t:|1782759202
|gametype|doubles
|player|p1|hello for none|169|1085
|player|p2|That1Morpecko|hiker-gen4|1157
|gen|9
|tier|[Gen 9 Champions] VGC 2026 Reg M-B (Bo3)
|rated|
|rule|Species Clause: Limit one of each Pokémon
|rule|Item Clause: Limit 1 of each item
|clearpoke
|poke|p1|Dragapult, L50, F|
|poke|p1|Sinistcha-Masterpiece, L50|
|poke|p1|Samurott-Hisui, L50, M|
|poke|p1|Scizor, L50, F|
|poke|p1|Gallade, L50, M|
|poke|p1|Feraligatr, L50, F|
|poke|p2|Whimsicott, L50, M|
|poke|p2|Garchomp, L50, M|
|poke|p2|Kingambit, L50, F|
|poke|p2|Charizard, L50, F|
|poke|p2|Floette-Eternal, L50, F|
|poke|p2|Basculegion, L50, M|
|teampreview|4
|showteam|p1|Dragapult||LifeOrb|Infiltrator|Protect,WillOWisp,Hex,DracoMeteor|Modest||F|||50|]Sinistcha-Masterpiece||Leftovers|Hospitality|RagePowder,Protect,MatchaGotcha,TrickRoom|Timid|||||50|]Samurott-Hisui||ChoiceScarf|Torrent|DarkPulse,VacuumWave,Surf,IceBeam|Timid||M|||50|]Scizor||MentalHerb|Technician|Tailwind,BulletPunch,Protect,Uturn|Impish||F|||50|]Gallade||Galladite|Sharpness|KnockOff,PsychoCut,Protect,DrainPunch|Jolly||M|||50|]Feraligatr||Feraligite|SheerForce|Liquidation,Protect,Earthquake,DoubleEdge|Adamant||F|||50|
|showteam|p2|Whimsicott||FocusSash|Prankster|Moonblast,Tailwind,Encore,Protect|Timid||M|||50|]Garchomp||SitrusBerry|RoughSkin|DragonClaw,RockSlide,Earthquake,Protect|Jolly||M|||50|]Kingambit||ChopleBerry|Defiant|SuckerPunch,KowtowCleave,IronHead,LowKick|Adamant||F|||50|]Charizard||CharizarditeY|Blaze|Protect,WeatherBall,HeatWave,SolarBeam|Modest||F|||50|]Floette-Eternal||Floettite|FlowerVeil|Moonblast,DazzlingGleam,LightofRuin,Protect|Modest||F|||50|]Basculegion||LifeOrb|Adaptability|WaveCrash,LastRespects,AquaJet,Protect|Adamant||M|||50|
|inactive|Battle timer is ON: inactive players will automatically lose when time's up. (requested by That1Morpecko)
|
|t:|1782759221
|teamsize|p1|4
|teamsize|p2|4
|start
|switch|p1a: Scizor|Scizor, L50, F|100/100
|switch|p1b: Samurott|Samurott-Hisui, L50, M|100/100
|switch|p2a: Garchomp|Garchomp, L50, M|100/100
|switch|p2b: Kingambit|Kingambit, L50, F|100/100
|turn|1
|
|t:|1782759236
|switch|p2b: Basculegion|Basculegion, L50, M|100/100
|move|p1b: Samurott|Ice Beam|p2a: Garchomp
|-supereffective|p2a: Garchomp|2
|-damage|p2a: Garchomp|0 fnt
|faint|p2a: Garchomp
|move|p1a: Scizor|Tailwind|p1a: Scizor
|-sidestart|p1: hello for none|move: Tailwind
|
|upkeep
|
|t:|1782759244
|switch|p2a: Charizard|Charizard, L50, F|100/100
|turn|2
|
|t:|1782759264
|switch|p1b: Sinistcha|Sinistcha-Masterpiece, L50|100/100
|detailschange|p2a: Charizard|Charizard-Mega-Y, L50, F
|-mega|p2a: Charizard|Charizard|Charizardite Y
|-weather|SunnyDay|[from] ability: Drought|[of] p2a: Charizard
|move|p1a: Scizor|Protect|p1a: Scizor
|-singleturn|p1a: Scizor|Protect
|move|p2a: Charizard|Solar Beam||[still]
|-prepare|p2a: Charizard|Solar Beam
|-anim|p2a: Charizard|Solar Beam|p1b: Sinistcha
|-resisted|p1b: Sinistcha|1
|-damage|p1b: Sinistcha|75/100
|move|p2b: Basculegion|Last Respects|p1a: Scizor
|-activate|p1a: Scizor|move: Protect
|
|-weather|SunnyDay|[upkeep]
|-heal|p1b: Sinistcha|81/100|[from] item: Leftovers
|upkeep
|turn|3
|inactive|hello for none has 30 seconds left.
|
|t:|1782759294
|move|p1b: Sinistcha|Protect|p1b: Sinistcha
|-singleturn|p1b: Sinistcha|Protect
|move|p1a: Scizor|U-turn|p2b: Basculegion
|-resisted|p2b: Basculegion|1
|-damage|p2b: Basculegion|79/100
|
|t:|1782759302
|switch|p1a: Samurott|Samurott-Hisui, L50, M|100/100|[from] U-turn
|move|p2a: Charizard|Solar Beam||[still]
|-prepare|p2a: Charizard|Solar Beam
|-anim|p2a: Charizard|Solar Beam|p1a: Samurott
|-supereffective|p1a: Samurott|1
|-damage|p1a: Samurott|0 fnt
|faint|p1a: Samurott
|move|p2b: Basculegion|Last Respects|p1b: Sinistcha
|-activate|p1b: Sinistcha|move: Protect
|
|-weather|SunnyDay|[upkeep]
|-heal|p1b: Sinistcha|87/100|[from] item: Leftovers
|upkeep
|
|t:|1782759313
|switch|p1a: Feraligatr|Feraligatr, L50, F|100/100
|turn|4
|
|t:|1782759330
|detailschange|p1a: Feraligatr|Feraligatr-Mega, L50, F
|-mega|p1a: Feraligatr|Feraligatr|Feraligite
|move|p1a: Feraligatr|Protect|p1a: Feraligatr
|-singleturn|p1a: Feraligatr|Protect
|move|p2a: Charizard|Protect|p2a: Charizard
|-singleturn|p2a: Charizard|Protect
|move|p1b: Sinistcha|Matcha Gotcha|p2b: Basculegion|[spread] p2b
|-activate|p2a: Charizard|move: Protect
|-supereffective|p2b: Basculegion|1
|-damage|p2b: Basculegion|6/100
|-heal|p1b: Sinistcha|100/100|[from] drain|[of] p2b: Basculegion
|move|p2b: Basculegion|Last Respects|p1a: Feraligatr
|-activate|p1a: Feraligatr|move: Protect
|
|-weather|SunnyDay|[upkeep]
|-sideend|p1: hello for none|move: Tailwind
|upkeep
|turn|5
|
|t:|1782759348
|move|p1b: Sinistcha|Rage Powder|p1b: Sinistcha
|-singleturn|p1b: Sinistcha|move: Rage Powder
|move|p2a: Charizard|Heat Wave|p1a: Feraligatr|[spread] p1a,p1b
|-resisted|p1a: Feraligatr|2
|-supereffective|p1b: Sinistcha|1
|-damage|p1a: Feraligatr|84/100
|-damage|p1b: Sinistcha|0 fnt
|faint|p1b: Sinistcha
|move|p2b: Basculegion|Last Respects|p1a: Feraligatr
|-damage|p1a: Feraligatr|8/100
|-damage|p2b: Basculegion|0 fnt|[from] item: Life Orb
|faint|p2b: Basculegion
|move|p1a: Feraligatr|Liquidation|p2a: Charizard
|-supereffective|p2a: Charizard|1
|-damage|p2a: Charizard|44/100
|
|-weather|SunnyDay|[upkeep]
|upkeep
|
|t:|1782759362
|switch|p2b: Kingambit|Kingambit, L50, F|100/100
|switch|p1b: Scizor|Scizor, L50, F|100/100
|turn|6
|
|t:|1782759370
|move|p1a: Feraligatr|Protect|p1a: Feraligatr
|-singleturn|p1a: Feraligatr|Protect
|move|p1b: Scizor|Protect|p1b: Scizor
|-singleturn|p1b: Scizor|Protect
|move|p2b: Kingambit|Sucker Punch||[still]
|-fail|p2b: Kingambit
|move|p2a: Charizard|Heat Wave|p1a: Feraligatr|[spread] 
|-activate|p1a: Feraligatr|move: Protect
|-activate|p1b: Scizor|move: Protect
|
|-weather|none
|upkeep
|turn|7
|
|t:|1782759383
|move|p2b: Kingambit|Sucker Punch|p1a: Feraligatr
|-damage|p1a: Feraligatr|0 fnt
|faint|p1a: Feraligatr
|move|p2a: Charizard|Heat Wave|p1b: Scizor
|-supereffective|p1b: Scizor|2
|-damage|p1b: Scizor|0 fnt
|faint|p1b: Scizor
|
|win|That1Morpecko
|raw|hello for none's rating: 1085 → 1067(-18 for losing)
|raw|That1Morpecko's rating: 1157 → 1177(+20 for winning)
|l|☆hello for none
|player|p1|
