|j|☆testandoteste
|j|☆IsRainingPerish
|html|testandotesteIsRainingPerish    
|uhtml|bestof|Game 1 of a best-of-3
|t:|1785957250
|gametype|doubles
|player|p1|testandoteste|265|1075
|player|p2|IsRainingPerish|li|1089
|gen|9
|tier|[Gen 9 Champions] VGC 2026 Reg M-B (Bo3)
|rated|
|rule|Species Clause: Limit one of each Pokémon
|rule|Item Clause: Limit 1 of each item
|clearpoke
|poke|p1|Staraptor, L50, F|
|poke|p1|Whimsicott, L50, M|
|poke|p1|Farigiraf, L50, M|
|poke|p1|Incineroar, L50, M|
|poke|p1|Rhyperior, L50, M|
|poke|p1|Charizard, L50, F|
|poke|p2|Raichu, L50, M, shiny|
|poke|p2|Decidueye-Hisui, L50, M|
|poke|p2|Aerodactyl, L50, M, shiny|
|poke|p2|Kingambit, L50, M, shiny|
|poke|p2|Basculegion, L50, M, shiny|
|poke|p2|Sneasler, L50, F|
|teampreview|4
|showteam|p1|Staraptor||Staraptite|Intimidate|CloseCombat,BraveBird,Roost,Protect|Adamant||F|||50|]Whimsicott||FocusSash|Prankster|Moonblast,Charm,Tailwind,Protect|Timid||M|||50|]Farigiraf||SitrusBerry|ArmorTail|TrickRoom,Psychic,HelpingHand,Protect|Bold||M|||50|]Incineroar||ChopleBerry|Intimidate|FakeOut,FlareBlitz,PartingShot,ThroatChop|Adamant||M|||50|]Rhyperior||LifeOrb|LightningRod|RockWrecker,HighHorsepower,Protect,IcePunch|Brave||M|||50|]Charizard||CharizarditeY|Blaze|HeatWave,SolarBeam,WeatherBall,Protect|Modest||F|||50|
|showteam|p2|Raichu||RaichuniteY|LightningRod|ZapCannon,FocusBlast,FakeOut,Protect|Timid||M|||50|]Decidueye-Hisui||ScopeLens|Scrappy|TripleArrows,LeafBlade,Protect,Taunt|Adamant||M|||50|]Aerodactyl||FocusSash|Unnerve|RockSlide,DualWingbeat,Tailwind,Protect|Jolly||M|||50|]Kingambit||BlackGlasses|Defiant|KowtowCleave,SuckerPunch,SwordsDance,Protect|Adamant||M|||50|]Basculegion||LifeOrb|Adaptability|WaveCrash,AquaJet,LastRespects,Protect|Adamant||M|||50|]Sneasler||WhiteHerb|Unburden|DireClaw,CloseCombat,FakeOut,Protect|Jolly||F|||50|
|inactive|Battle timer is ON: inactive players will automatically lose when time's up. (requested by IsRainingPerish)
|inactive|testandoteste has 60 seconds left.
|
|t:|1785957307
|teamsize|p1|4
|teamsize|p2|4
|start
|switch|p1a: Farigiraf|Farigiraf, L50, M|100/100
|switch|p1b: Incineroar|Incineroar, L50, M|100/100
|switch|p2a: Aerodactyl|Aerodactyl, L50, M, shiny|100/100
|switch|p2b: Raichu|Raichu, L50, M, shiny|100/100
|-ability|p2a: Aerodactyl|Unnerve
|-ability|p1b: Incineroar|Intimidate|boost
|-unboost|p2a: Aerodactyl|atk|1
|-unboost|p2b: Raichu|atk|1
|turn|1
|
|t:|1785957329
|detailschange|p2b: Raichu|Raichu-Mega-Y, L50, M, shiny
|-mega|p2b: Raichu|Raichu|Raichunite Y
|move|p1b: Incineroar|Fake Out|p2b: Raichu
|-damage|p2b: Raichu|77/100
|move|p2a: Aerodactyl|Rock Slide|p1b: Incineroar|[spread] p1a,p1b
|-supereffective|p1b: Incineroar|1
|-damage|p1a: Farigiraf|86/100
|-damage|p1b: Incineroar|69/100
|cant|p2b: Raichu|flinch
|move|p1a: Farigiraf|Trick Room|p1a: Farigiraf
|-fieldstart|move: Trick Room|[of] p1a: Farigiraf
|
|upkeep
|turn|2
|
|t:|1785957353
|move|p2b: Raichu|Protect|p2b: Raichu
|-singleturn|p2b: Raichu|Protect
|move|p2a: Aerodactyl|Protect|p2a: Aerodactyl
|-singleturn|p2a: Aerodactyl|Protect
|move|p1a: Farigiraf|Psychic|p2a: Aerodactyl
|-activate|p2a: Aerodactyl|move: Protect
|move|p1b: Incineroar|Flare Blitz|p2b: Raichu
|-activate|p2b: Raichu|move: Protect
|
|upkeep
|turn|3
|inactive|testandoteste has 30 seconds left.
|
|t:|1785957378
|switch|p1a: Staraptor|Staraptor, L50, F|100/100
|-ability|p1a: Staraptor|Intimidate|boost
|-unboost|p2a: Aerodactyl|atk|1
|-unboost|p2b: Raichu|atk|1
|switch|p2b: Basculegion|Basculegion, L50, M, shiny|100/100
|move|p1b: Incineroar|Flare Blitz|p2b: Basculegion
|-resisted|p2b: Basculegion|1
|-crit|p2b: Basculegion
|-damage|p2b: Basculegion|53/100
|-damage|p1b: Incineroar|53/100|[from] Recoil
|move|p2a: Aerodactyl|Rock Slide|p1a: Staraptor|[spread] p1a,p1b
|-supereffective|p1a: Staraptor|1
|-supereffective|p1b: Incineroar|1
|-damage|p1a: Staraptor|68/100
|-damage|p1b: Incineroar|27/100
|
|upkeep
|turn|4
|
|t:|1785957401
|detailschange|p1a: Staraptor|Staraptor-Mega, L50, F
|-mega|p1a: Staraptor|Staraptor|Staraptite
|move|p2b: Basculegion|Protect|p2b: Basculegion
|-singleturn|p2b: Basculegion|Protect
|move|p1b: Incineroar|Parting Shot|p2b: Basculegion
|-activate|p2b: Basculegion|move: Protect
|move|p1a: Staraptor|Close Combat|p2a: Aerodactyl
|-enditem|p2a: Aerodactyl|Focus Sash
|-damage|p2a: Aerodactyl|1/100
|-boost|p1a: Staraptor|def|1
|-boost|p1a: Staraptor|spd|1
|move|p2a: Aerodactyl|Rock Slide|p1b: Incineroar|[spread] p1a,p1b
|-supereffective|p1b: Incineroar|1
|-damage|p1a: Staraptor|60/100
|-damage|p1b: Incineroar|2/100
|
|upkeep
|turn|5
|
|t:|1785957424
|move|p2a: Aerodactyl|Protect|p2a: Aerodactyl
|-singleturn|p2a: Aerodactyl|Protect
|move|p2b: Basculegion|Aqua Jet|p1b: Incineroar
|-supereffective|p1b: Incineroar|1
|-damage|p1b: Incineroar|0 fnt
|faint|p1b: Incineroar
|-damage|p2b: Basculegion|43/100|[from] item: Life Orb
|move|p1a: Staraptor|Roost|p1a: Staraptor
|-heal|p1a: Staraptor|100/100
|-singleturn|p1a: Staraptor|move: Roost
|
|-fieldend|move: Trick Room
|upkeep
|
|t:|1785957440
|switch|p1b: Farigiraf|Farigiraf, L50, M|86/100
|turn|6
|
|t:|1785957456
|move|p2a: Aerodactyl|Tailwind|p2a: Aerodactyl
|-sidestart|p2: IsRainingPerish|move: Tailwind
|move|p2b: Basculegion|Wave Crash|p1b: Farigiraf
|-damage|p1b: Farigiraf|0 fnt
|faint|p1b: Farigiraf
|-damage|p2b: Basculegion|11/100|[from] Recoil
|-damage|p2b: Basculegion|1/100|[from] item: Life Orb
|move|p1a: Staraptor|Brave Bird|p2b: Basculegion
|-damage|p2b: Basculegion|0 fnt
|faint|p2b: Basculegion
|-damage|p1a: Staraptor|99/100|[from] Recoil
|
|upkeep
|
|t:|1785957470
|switch|p2b: Raichu|Raichu-Mega-Y, L50, M, shiny|77/100
|switch|p1b: Rhyperior|Rhyperior, L50, M|100/100
|turn|7
|
|t:|1785957483
|switch|p2a: Decidueye|Decidueye-Hisui, L50, M|100/100
|move|p2b: Raichu|Protect|p2b: Raichu
|-singleturn|p2b: Raichu|Protect
|move|p1a: Staraptor|Close Combat|p2b: Raichu
|-activate|p2b: Raichu|move: Protect
|move|p1b: Rhyperior|Ice Punch|p2a: Decidueye
|-supereffective|p2a: Decidueye|1
|-damage|p2a: Decidueye|1/100
|-damage|p1b: Rhyperior|90/100|[from] item: Life Orb
|
|upkeep
|turn|8
|
|t:|1785957505
|move|p2b: Raichu|Focus Blast|p1a: Staraptor
|-resisted|p1a: Staraptor|1
|-damage|p1a: Staraptor|86/100
|move|p2a: Decidueye|Triple Arrows|p1a: Staraptor
|-resisted|p1a: Staraptor|1
|-damage|p1a: Staraptor|73/100
|-boost|p1a: Staraptor|def|1
|cant|p1a: Staraptor|flinch
|move|p1b: Rhyperior|Ice Punch|p2a: Decidueye
|-supereffective|p2a: Decidueye|1
|-damage|p2a: Decidueye|0 fnt
|faint|p2a: Decidueye
|-damage|p1b: Rhyperior|80/100|[from] item: Life Orb
|
|upkeep
|
|t:|1785957508
|switch|p2a: Aerodactyl|Aerodactyl, L50, M, shiny|1/100
|-ability|p2a: Aerodactyl|Unnerve
|turn|9
|-message|IsRainingPerish forfeited.
|
|win|testandoteste
