|j|☆Blop_24
|j|☆Soraarara
|html|Blop_24Soraarara    
|uhtml|bestof|Game 1 of a best-of-3
|t:|1757840523
|gametype|doubles
|player|p1|Blop_24|artist|1239
|player|p2|Soraarara|169|1133
|gen|9
|tier|[Gen 9] VGC 2025 Reg H (Bo3)
|rated|
|rule|Species Clause: Limit one of each Pokémon
|rule|Item Clause: Limit 1 of each item
|clearpoke
|poke|p1|Excadrill, L50, F|
|poke|p1|Tyranitar, L50, F|
|poke|p1|Sneasler, L50, M|
|poke|p1|Indeedee, L50, M|
|poke|p1|Corviknight, L50, M|
|poke|p1|Annihilape, L50, M|
|poke|p2|Garchomp, L50, F|
|poke|p2|Tyranitar, L50, F|
|poke|p2|Rotom-Heat, L50|
|poke|p2|Rillaboom, L50, M|
|poke|p2|Dragonite, L50, F|
|poke|p2|Gholdengo, L50|
|teampreview|4
|showteam|p1|Excadrill||FocusSash|SandRush|IronHead,HighHorsepower,Earthquake,Protect|||F|||50|,,,,,Stellar]Tyranitar||AssaultVest|SandStream|RockSlide,KnockOff,TeraBlast,LowKick|||F|||50|,,,,,Flying]Sneasler||PsychicSeed|Unburden|DireClaw,CloseCombat,ThroatChop,Protect|||M|||50|,,,,,Stellar]Indeedee||ChoiceScarf|PsychicSurge|ExpandingForce,TeraBlast,Protect,Trick|||M|||50|,,,,,Psychic]Corviknight||Leftovers|MirrorArmor|BraveBird,BulkUp,Roost,Tailwind|||M|||50|,,,,,Dragon]Annihilape||SafetyGoggles|Defiant|CloseCombat,FinalGambit,RageFist,Taunt|||M|||50|,,,,,Water
|showteam|p2|Garchomp||CovertCloak|SandVeil|DragonClaw,Earthquake,Crunch,Protect|||F|||50|,,,,,Fire]Tyranitar||AssaultVest|SandStream|RockSlide,KnockOff,IcePunch,LowKick|||F|||50|,,,,,Flying]Rotom-Heat||SafetyGoggles|Levitate|Discharge,Thunderbolt,Protect,Overheat||||||50|,,,,,Electric]Rillaboom||Leftovers|GrassySurge|FakeOut,GrassyGlide,Protect,WoodHammer|||M|||50|,,,,,Fire]Dragonite||LoadedDice|Multiscale|Tailwind,Protect,ExtremeSpeed,ScaleShot|||F|||50|,,,,,Fairy]Gholdengo||ChoiceSpecs|GoodasGold|MakeItRain,NastyPlot,Trick,ShadowBall||||||50|,,,,,Water
|inactive|Battle timer is ON: inactive players will automatically lose when time's up. (requested by Soraarara)
|inactive|Soraarara has 60 seconds left.
|inactive|Soraarara has 30 seconds left.
|inactive|Soraarara has 20 seconds left.
|
|t:|1757840595
|teamsize|p1|4
|teamsize|p2|4
|start
|switch|p1a: Horrocrux|Sneasler, L50, M|100/100
|switch|p1b: Calima|Indeedee, L50, M|100/100
|switch|p2a: Garchomp|Garchomp, L50, F|100/100
|switch|p2b: Rillaboom|Rillaboom, L50, M|100/100
|-fieldstart|move: Psychic Terrain|[from] ability: Psychic Surge|[of] p1b: Calima
|-enditem|p1a: Horrocrux|Psychic Seed
|-boost|p1a: Horrocrux|spd|1|[from] item: Psychic Seed
|-fieldstart|move: Grassy Terrain|[from] ability: Grassy Surge|[of] p2b: Rillaboom
|turn|1
|inactive|Blop_24 has 30 seconds left.
|inactive|Soraarara has 30 seconds left.
|
|t:|1757840627
|switch|p1b: Un que?|Excadrill, L50, F|100/100
|move|p2b: Rillaboom|Fake Out|p1a: Horrocrux
|-damage|p1a: Horrocrux|79/100
|cant|p1a: Horrocrux|flinch
|move|p2a: Garchomp|Crunch|p1b: Un que?
|-damage|p1b: Un que?|66/100
|
|-heal|p1a: Horrocrux|85/100|[from] Grassy Terrain
|-heal|p1b: Un que?|72/100|[from] Grassy Terrain
|upkeep
|turn|2
|inactive|Blop_24 has 30 seconds left.
|inactive|Soraarara has 30 seconds left.
|inactive|Soraarara has 20 seconds left.
|
|t:|1757840666
|switch|p2b: Tyranitar|Tyranitar, L50, F|100/100
|-weather|Sandstorm|[from] ability: Sand Stream|[of] p2b: Tyranitar
|switch|p1b: Calima|Indeedee, L50, M|100/100
|-fieldstart|move: Psychic Terrain|[from] ability: Psychic Surge|[of] p1b: Calima
|move|p2a: Garchomp|Protect|p2a: Garchomp
|-singleturn|p2a: Garchomp|Protect
|move|p1a: Horrocrux|Dire Claw|p2b: Tyranitar
|-resisted|p2b: Tyranitar
|-damage|p2b: Tyranitar|83/100
|-status|p2b: Tyranitar|par
|
|-weather|Sandstorm|[upkeep]
|-damage|p1a: Horrocrux|79/100|[from] Sandstorm
|-damage|p1b: Calima|95/100|[from] Sandstorm
|upkeep
|turn|3
|inactive|Soraarara has 30 seconds left.
|inactive|Soraarara has 20 seconds left.
|inactive|Blop_24 has 30 seconds left.
|inactive|Soraarara has 15 seconds left.
|inactive|Soraarara has 10 seconds left.
|
|t:|1757840712
|-terastallize|p2b: Tyranitar|Flying
|move|p1a: Horrocrux|Dire Claw|p2b: Tyranitar
|-damage|p2b: Tyranitar|48/100 par
|move|p1b: Calima|Expanding Force|p2a: Garchomp|[spread] p2a,p2b
|-damage|p2a: Garchomp|45/100
|-damage|p2b: Tyranitar|19/100 par
|move|p2a: Garchomp|Earthquake|p1b: Calima|[spread] p1a,p1b
|-immune|p2b: Tyranitar
|-supereffective|p1a: Horrocrux
|-damage|p1a: Horrocrux|0 fnt
|-damage|p1b: Calima|25/100
|faint|p1a: Horrocrux
|move|p2b: Tyranitar|Knock Off|p1b: Calima
|-supereffective|p1b: Calima
|-crit|p1b: Calima
|-damage|p1b: Calima|0 fnt
|-enditem|p1b: Calima|Choice Scarf|[from] move: Knock Off|[of] p2b: Tyranitar
|faint|p1b: Calima
|
|-weather|Sandstorm|[upkeep]
|-damage|p2b: Tyranitar|14/100 par|[from] Sandstorm
|upkeep
|
|t:|1757840734
|switch|p1a: Un que?|Excadrill, L50, F|72/100
|switch|p1b: Un grrr|Tyranitar, L50, F|100/100
|turn|4
|inactive|Soraarara has 30 seconds left.
|inactive|Soraarara has 20 seconds left.
|inactive|Soraarara has 15 seconds left.
|inactive|Soraarara has 10 seconds left.
|
|t:|1757840783
|move|p1a: Un que?|High Horsepower|p2a: Garchomp
|-damage|p2a: Garchomp|0 fnt
|faint|p2a: Garchomp
|move|p1b: Un grrr|Rock Slide|p2b: Tyranitar
|-supereffective|p2b: Tyranitar
|-damage|p2b: Tyranitar|0 fnt
|faint|p2b: Tyranitar
|
|-weather|Sandstorm|[upkeep]
|upkeep
|
|t:|1757840789
|switch|p2a: Rillaboom|Rillaboom, L50, M|100/100
|switch|p2b: Gholdengo|Gholdengo, L50|100/100
|-fieldstart|move: Grassy Terrain|[from] ability: Grassy Surge|[of] p2a: Rillaboom
|turn|5
|inactive|Soraarara has 30 seconds left.
|
|t:|1757840819
|-terastallize|p1b: Un grrr|Flying
|move|p2a: Rillaboom|Fake Out|p1a: Un que?
|-resisted|p1a: Un que?
|-damage|p1a: Un que?|64/100
|cant|p1a: Un que?|flinch
|move|p2b: Gholdengo|Trick|p1b: Un grrr
|-activate|p2b: Gholdengo|move: Trick|[of] p1b: Un grrr
|-item|p1b: Un grrr|Choice Specs|[from] move: Trick
|-item|p2b: Gholdengo|Assault Vest|[from] move: Trick
|move|p1b: Un grrr|Knock Off|p2b: Gholdengo
|-supereffective|p2b: Gholdengo
|-damage|p2b: Gholdengo|0 fnt
|-enditem|p2b: Gholdengo|Assault Vest|[from] move: Knock Off|[of] p1b: Un grrr
|faint|p2b: Gholdengo
|
|-weather|Sandstorm|[upkeep]
|-damage|p2a: Rillaboom|95/100|[from] Sandstorm
|-damage|p1b: Un grrr|95/100|[from] Sandstorm
|-heal|p1a: Un que?|70/100|[from] Grassy Terrain
|-heal|p2a: Rillaboom|100/100|[from] Grassy Terrain
|upkeep
|turn|6
|
|t:|1757840841
|move|p1a: Un que?|Iron Head|p2a: Rillaboom
|-damage|p2a: Rillaboom|46/100
|move|p2a: Rillaboom|Wood Hammer|p1a: Un que?
|-damage|p1a: Un que?|0 fnt
|faint|p1a: Un que?
|-damage|p2a: Rillaboom|22/100|[from] Recoil
|move|p1b: Un grrr|Knock Off|p2a: Rillaboom
|-crit|p2a: Rillaboom
|-damage|p2a: Rillaboom|0 fnt
|-enditem|p2a: Rillaboom|Leftovers|[from] move: Knock Off|[of] p1b: Un grrr
|faint|p2a: Rillaboom
|
|win|Blop_24
|inactive|Blop_24 has 30 seconds to confirm battle start!
|inactive|Soraarara has 30 seconds to confirm battle start!
||Soraarara is ready for game 2.
||Blop_24 is ready for game 2.
|uhtml|next|Next: Game 2 of 3
