|j|☆fumomarlboro
|j|☆spearow's nest
|html|fumomarlborospearow's nest    
|uhtml|bestof|Game 1 of a best-of-3
|t:|1756774563
|gametype|doubles
|player|p1|fumomarlboro|1|1305
|player|p2|spearow's nest|lance|1310
|gen|9
|tier|[Gen 9] VGC 2025 Reg H (Bo3)
|rated|
|rule|Species Clause: Limit one of each Pokémon
|rule|Item Clause: Limit 1 of each item
|clearpoke
|poke|p1|Rillaboom, L50, F|
|poke|p1|Basculegion, L50, M|
|poke|p1|Volcarona, L50, M|
|poke|p1|Tyranitar, L50, M|
|poke|p1|Dragonite, L50, F|
|poke|p1|Incineroar, L50, M|
|poke|p2|Dragonite, L50, M|
|poke|p2|Annihilape, L50, M|
|poke|p2|Glimmora, L50, F|
|poke|p2|Incineroar, L50, F|
|poke|p2|Dondozo, L50, M|
|poke|p2|Tatsugiri-Droopy, L50, M|
|teampreview|4
|showteam|p1|Rillaboom||MiracleSeed|GrassySurge|WoodHammer,GrassyGlide,HighHorsepower,FakeOut|||F|||50|,,,,,Fire]Basculegion||ChoiceScarf|Adaptability|WaveCrash,LastRespects,FlipTurn,TeraBlast|||M|||50|,,,,,Grass]Volcarona||Leftovers|FlameBody|HeatWave,TeraBlast,QuiverDance,Protect|||M|||50|,,,,,Fairy]Tyranitar||AssaultVest|SandStream|RockSlide,KnockOff,TeraBlast,LowKick|||M|||50|,,,,,Flying]Dragonite||LoadedDice|Multiscale|ExtremeSpeed,ScaleShot,Protect,Haze|||F|||50|,,,,,Fairy]Incineroar||SafetyGoggles|Intimidate|FakeOut,FlareBlitz,KnockOff,PartingShot|||M|||50|,,,,,Ghost
|showteam|p2|Dragonite||LoadedDice|Multiscale|Protect,ScaleShot,Tailwind,Haze|||M|||50|,,,,,Fairy]Annihilape||SafetyGoggles|Defiant|DrainPunch,RageFist,FinalGambit,Coaching|||M|||50|,,,,,Fighting]Glimmora||PowerHerb|ToxicDebris|SpikyShield,MeteorBeam,SludgeBomb,PowerGem|||F|||50|,,,,,Grass]Incineroar||AssaultVest|Intimidate|FlareBlitz,KnockOff,FakeOut,Uturn|||F|||50|,,,,,Water]Dondozo||CovertCloak|Oblivious|Protect,WaveCrash,Earthquake,Substitute|||M|||50|,,,,,Dark]Tatsugiri-Droopy||ChoiceScarf|Commander|DracoMeteor,MuddyWater,IcyWind,DragonPulse|||M|||50|,,,,,Dragon
|inactive|Battle timer is ON: inactive players will automatically lose when time's up. (requested by fumomarlboro)
|inactive|fumomarlboro has 60 seconds left.
|
|t:|1756774613
|teamsize|p1|4
|teamsize|p2|4
|start
|switch|p1a: Basculegion|Basculegion, L50, M|100/100
|switch|p1b: Dragonite|Dragonite, L50, F|100/100
|switch|p2a: Glimmora|Glimmora, L50, F, shiny|100/100
|switch|p2b: Annihilape|Annihilape, L50, M|100/100
|turn|1
|inactive|spearow's nest has 30 seconds left.
|
|t:|1756774645
|-terastallize|p2a: Glimmora|Grass
|move|p1b: Dragonite|Protect|p1b: Dragonite
|-singleturn|p1b: Dragonite|Protect
|move|p1a: Basculegion|Flip Turn|p2b: Annihilape
|-damage|p2b: Annihilape|65/100
|
|t:|1756774656
|switch|p1a: Rillaboom|Rillaboom, L50, F|100/100|[from] Flip Turn
|-fieldstart|move: Grassy Terrain|[from] ability: Grassy Surge|[of] p1a: Rillaboom
|move|p2b: Annihilape|Rage Fist|p1a: Rillaboom
|-damage|p1a: Rillaboom|67/100
|move|p2a: Glimmora|Meteor Beam||[still]
|-prepare|p2a: Glimmora|Meteor Beam
|-boost|p2a: Glimmora|spa|1
|-enditem|p2a: Glimmora|Power Herb
|-anim|p2a: Glimmora|Meteor Beam|p1b: Dragonite
|-activate|p1b: Dragonite|move: Protect
|
|-heal|p2b: Annihilape|71/100|[from] Grassy Terrain
|-heal|p1a: Rillaboom|72/100|[from] Grassy Terrain
|upkeep
|turn|2
|inactive|spearow's nest has 30 seconds left.
|
|t:|1756774686
|move|p2a: Glimmora|Spiky Shield|p2a: Glimmora
|-singleturn|p2a: Glimmora|move: Protect
|move|p2b: Annihilape|Drain Punch|p1a: Rillaboom
|-damage|p1a: Rillaboom|43/100
|-heal|p2b: Annihilape|86/100|[from] drain|[of] p1a: Rillaboom
|move|p1b: Dragonite|Scale Shot|p2a: Glimmora
|-activate|p2a: Glimmora|move: Protect
|move|p1a: Rillaboom|Wood Hammer|p2b: Annihilape
|-damage|p2b: Annihilape|0 fnt
|faint|p2b: Annihilape
|-damage|p1a: Rillaboom|14/100|[from] Recoil
|
|-heal|p1a: Rillaboom|19/100|[from] Grassy Terrain
|upkeep
|
|t:|1756774699
|switch|p2b: Tatsugiri|Tatsugiri-Droopy, L50, M|100/100
|turn|3
|
|t:|1756774708
|switch|p1a: Incineroar|Incineroar, L50, M|100/100
|-ability|p1a: Incineroar|Intimidate|boost
|-unboost|p2a: Glimmora|atk|1
|-unboost|p2b: Tatsugiri|atk|1
|move|p2b: Tatsugiri|Icy Wind|p1a: Incineroar|[spread] p1a,p1b
|-resisted|p1a: Incineroar
|-supereffective|p1b: Dragonite
|-damage|p1a: Incineroar|94/100
|-damage|p1b: Dragonite|72/100
|-unboost|p1a: Incineroar|spe|1
|-unboost|p1b: Dragonite|spe|1
|move|p2a: Glimmora|Power Gem|p1b: Dragonite
|-supereffective|p1b: Dragonite
|-damage|p1b: Dragonite|0 fnt
|faint|p1b: Dragonite
|
|-heal|p1a: Incineroar|99/100|[from] Grassy Terrain
|upkeep
|
|t:|1756774722
|switch|p1b: Basculegion|Basculegion, L50, M|100/100
|turn|4
|
|t:|1756774738
|-terastallize|p1b: Basculegion|Grass
|move|p2b: Tatsugiri|Icy Wind|p1b: Basculegion|[spread] p1a,p1b
|-resisted|p1a: Incineroar
|-supereffective|p1b: Basculegion
|-damage|p1a: Incineroar|94/100
|-damage|p1b: Basculegion|68/100
|-unboost|p1a: Incineroar|spe|1
|-unboost|p1b: Basculegion|spe|1
|move|p2a: Glimmora|Power Gem|p1a: Incineroar
|-supereffective|p1a: Incineroar
|-damage|p1a: Incineroar|0 fnt
|faint|p1a: Incineroar
|move|p1b: Basculegion|Flip Turn|p2b: Tatsugiri
|-resisted|p2b: Tatsugiri
|-damage|p2b: Tatsugiri|89/100
|
|t:|1756774750
|switch|p1b: Rillaboom|Rillaboom, L50, F|19/100|[from] Flip Turn
|
|-heal|p2b: Tatsugiri|95/100|[from] Grassy Terrain
|-heal|p1b: Rillaboom|25/100|[from] Grassy Terrain
|upkeep
|
|t:|1756774752
|switch|p1a: Basculegion|Basculegion, L50, M, tera:Grass|68/100
|turn|5
|inactive|spearow's nest has 30 seconds left.
|inactive|spearow's nest has 20 seconds left.
|inactive|spearow's nest has 15 seconds left.
|
|t:|1756774793
|move|p2b: Tatsugiri|Icy Wind|p1b: Rillaboom|[spread] p1a,p1b
|-supereffective|p1a: Basculegion
|-supereffective|p1b: Rillaboom
|-damage|p1a: Basculegion|37/100
|-damage|p1b: Rillaboom|0 fnt
|-unboost|p1a: Basculegion|spe|1
|faint|p1b: Rillaboom
|move|p2a: Glimmora|Sludge Bomb|p1a: Basculegion
|-supereffective|p1a: Basculegion
|-damage|p1a: Basculegion|0 fnt
|faint|p1a: Basculegion
|
|win|spearow's nest
||fumomarlboro is ready for game 2.
||fumomarlboro is ready for game 2.
||spearow's nest is ready for game 2.
|uhtml|next|Next: Game 2 of 3
|l|☆fumomarlboro
|player|p1|
