|j|☆nologrey
|j|‽Boltz916
|html|nologreyBoltz916    
|uhtml|bestof|Game 3 of a best-of-3
|t:|1785897707
|gametype|doubles
|player|p1|nologrey|102|
|player|p2|Boltz916|2|
|gen|9
|tier|[Gen 9 Champions] VGC 2026 Reg M-B (Bo3)
|rule|Species Clause: Limit one of each Pokémon
|rule|Item Clause: Limit 1 of each item
|clearpoke
|poke|p1|Garganacl, L50, M|
|poke|p1|Machamp, L50, F|
|poke|p1|Audino, L50, F|
|poke|p1|Slowbro, L50, M|
|poke|p1|Decidueye-Hisui, L50, M|
|poke|p1|Vileplume, L50, M|
|poke|p2|Staraptor, L50, M|
|poke|p2|Garchomp, L50, M|
|poke|p2|Whimsicott, L50, M|
|poke|p2|Delphox, L50, F|
|poke|p2|Glimmora, L50, F|
|poke|p2|Kingambit, L50, F|
|teampreview|4
|showteam|p1|Garganacl||Leftovers|PurifyingSalt|IronDefense,BodyPress,Protect,SaltCure|Relaxed||M|||50|]Machamp||LifeOrb|NoGuard|DynamicPunch,RockSlide,DrainPunch,BulletPunch|Brave||F|||50|]Audino||SilkScarf|Regenerator|TrickRoom,Protect,LifeDew,HyperVoice|Quiet||F|||50|]Slowbro||BrightPowder|Regenerator|BodyPress,IronDefense,SlackOff,HealPulse|Sassy||M|||50|]Decidueye-Hisui||FocusSash|Scrappy|TripleArrows,LeafBlade,Protect,SuckerPunch|Brave||M|||50|]Vileplume||MentalHerb|EffectSpore|Protect,Toxic,StrengthSap,LeechSeed|Quiet||M|||50|
|showteam|p2|Staraptor||Staraptite|Intimidate|Protect,Roost,CloseCombat,BraveBird|Jolly||M|||50|]Garchomp||LifeOrb|RoughSkin|Protect,RockSlide,Earthquake,DragonClaw|Jolly||M|||50|]Whimsicott||OccaBerry|Prankster|Moonblast,Tailwind,Charm,LightScreen|Timid||M|||50|]Delphox||Delphoxite|Blaze|Protect,Psychic,HeatWave,Substitute|Modest||F|||50|]Glimmora||FocusSash|ToxicDebris|SpikyShield,EarthPower,PowerGem,SludgeBomb|Timid||F|||50|]Kingambit||ChopleBerry|Defiant|KowtowCleave,IronHead,SuckerPunch,LowKick|Adamant||F|||50|
|
|t:|1785897739
|teamsize|p1|4
|teamsize|p2|4
|start
|switch|p1a: Audino|Audino, L50, F|100/100
|switch|p1b: Slowbro|Slowbro, L50, M|100/100
|switch|p2a: Staraptor|Staraptor, L50, M|100/100
|switch|p2b: Garchomp|Garchomp, L50, M|100/100
|-ability|p2a: Staraptor|Intimidate|boost
|-unboost|p1a: Audino|atk|1
|-unboost|p1b: Slowbro|atk|1
|turn|1
|
|t:|1785897767
|detailschange|p2a: Staraptor|Staraptor-Mega, L50, M
|-mega|p2a: Staraptor|Staraptor|Staraptite
|move|p2a: Staraptor|Close Combat|p1a: Audino
|-supereffective|p1a: Audino|1
|-damage|p1a: Audino|0 fnt
|-boost|p2a: Staraptor|def|1
|-boost|p2a: Staraptor|spd|1
|faint|p1a: Audino
|move|p2b: Garchomp|Earthquake|p1b: Slowbro|[spread] p1b
|-immune|p2a: Staraptor
|-damage|p1b: Slowbro|68/100
|-damage|p2b: Garchomp|90/100|[from] item: Life Orb
|move|p1b: Slowbro|Iron Defense|p1b: Slowbro
|-boost|p1b: Slowbro|def|2
|
|upkeep
|
|t:|1785897789
|switch|p1a: Garganacl|Garganacl, L50, M|100/100
|turn|2
|
|t:|1785897806
|switch|p1a: Vileplume|Vileplume, L50, M|100/100
|move|p2a: Staraptor|Close Combat|p1a: Vileplume
|-resisted|p1a: Vileplume|1
|-damage|p1a: Vileplume|64/100
|-boost|p2a: Staraptor|def|1
|-boost|p2a: Staraptor|spd|1
|move|p2b: Garchomp|Earthquake|p1a: Vileplume|[spread] p1a,p1b
|-immune|p2a: Staraptor
|-damage|p1a: Vileplume|12/100
|-damage|p1b: Slowbro|52/100
|-damage|p2b: Garchomp|80/100|[from] item: Life Orb
|move|p1b: Slowbro|Slack Off|p1b: Slowbro
|-heal|p1b: Slowbro|100/100
|
|upkeep
|turn|3
|
|t:|1785897838
|move|p1a: Vileplume|Protect|p1a: Vileplume
|-singleturn|p1a: Vileplume|Protect
|move|p2a: Staraptor|Close Combat|p1a: Vileplume
|-activate|p1a: Vileplume|move: Protect
|move|p2b: Garchomp|Earthquake|p1a: Vileplume|[spread] p1b
|-activate|p1a: Vileplume|move: Protect
|-immune|p2a: Staraptor
|-damage|p1b: Slowbro|84/100
|-damage|p2b: Garchomp|70/100|[from] item: Life Orb
|move|p1b: Slowbro|Iron Defense|p1b: Slowbro
|-boost|p1b: Slowbro|def|2
|
|upkeep
|turn|4
|
|t:|1785897863
|move|p1a: Vileplume|Protect||[still]
|-fail|p1a: Vileplume
|move|p2a: Staraptor|Close Combat|p1a: Vileplume
|-resisted|p1a: Vileplume|1
|-damage|p1a: Vileplume|0 fnt
|-boost|p2a: Staraptor|def|1
|-boost|p2a: Staraptor|spd|1
|-status|p2a: Staraptor|psn|[from] ability: Effect Spore|[of] p1a: Vileplume
|faint|p1a: Vileplume
|move|p2b: Garchomp|Earthquake|p1b: Slowbro|[spread] p1b
|-immune|p2a: Staraptor
|-damage|p1b: Slowbro|73/100
|-damage|p2b: Garchomp|61/100|[from] item: Life Orb
|move|p1b: Slowbro|Iron Defense|p1b: Slowbro
|-boost|p1b: Slowbro|def|2
|
|-damage|p2a: Staraptor|87/100 psn|[from] psn
|upkeep
|
|t:|1785897880
|switch|p1a: Garganacl|Garganacl, L50, M|100/100
|turn|5
|
|t:|1785897921
|move|p1a: Garganacl|Protect|p1a: Garganacl
|-singleturn|p1a: Garganacl|Protect
|move|p2a: Staraptor|Close Combat|p1a: Garganacl
|-activate|p1a: Garganacl|move: Protect
|move|p2b: Garchomp|Earthquake|p1a: Garganacl|[spread] 
|-activate|p1a: Garganacl|move: Protect
|-immune|p2a: Staraptor
|-miss|p2b: Garchomp|p1b: Slowbro
|move|p1b: Slowbro|Body Press|p2b: Garchomp
|-damage|p2b: Garchomp|0 fnt
|-damage|p1b: Slowbro|60/100|[from] ability: Rough Skin|[of] p2b: Garchomp
|faint|p2b: Garchomp
|
|-damage|p2a: Staraptor|75/100 psn|[from] psn
|upkeep
|
|t:|1785897942
|switch|p2b: Kingambit|Kingambit, L50, F|100/100
|turn|6
|
|t:|1785897982
|move|p2a: Staraptor|Close Combat|p1a: Garganacl
|-supereffective|p1a: Garganacl|1
|-damage|p1a: Garganacl|23/100
|-boost|p2a: Staraptor|def|1
|-boost|p2a: Staraptor|spd|1
|move|p2b: Kingambit|Kowtow Cleave|p1b: Slowbro
|-supereffective|p1b: Slowbro|1
|-damage|p1b: Slowbro|45/100
|move|p1a: Garganacl|Body Press|p2b: Kingambit
|-supereffective|p2b: Kingambit|2
|-enditem|p2b: Kingambit|Chople Berry|[eat]
|-enditem|p2b: Kingambit|Chople Berry|[weaken]
|-damage|p2b: Kingambit|63/100
|move|p1b: Slowbro|Body Press|p2b: Kingambit
|-supereffective|p2b: Kingambit|2
|-damage|p2b: Kingambit|0 fnt
|faint|p2b: Kingambit
|
|-heal|p1a: Garganacl|29/100|[from] item: Leftovers
|-damage|p2a: Staraptor|62/100 psn|[from] psn
|upkeep
|
|t:|1785898000
|switch|p2b: Delphox|Delphox, L50, F|100/100
|turn|7
|
|t:|1785898016
|move|p1a: Garganacl|Protect|p1a: Garganacl
|-singleturn|p1a: Garganacl|Protect
|move|p2a: Staraptor|Close Combat|p1b: Slowbro
|-resisted|p1b: Slowbro|1
|-damage|p1b: Slowbro|39/100
|-boost|p2a: Staraptor|def|1
|-boost|p2a: Staraptor|spd|1
|move|p2b: Delphox|Substitute|p2b: Delphox
|-start|p2b: Delphox|Substitute
|-damage|p2b: Delphox|75/100
|move|p1b: Slowbro|Slack Off|p1b: Slowbro
|-heal|p1b: Slowbro|89/100
|
|-heal|p1a: Garganacl|35/100|[from] item: Leftovers
|-damage|p2a: Staraptor|50/100g psn|[from] psn
|upkeep
|turn|8
|
|t:|1785898041
|move|p2a: Staraptor|Roost|p2a: Staraptor
|-heal|p2a: Staraptor|100/100 psn
|-singleturn|p2a: Staraptor|move: Roost
|move|p2b: Delphox|Psychic|p1a: Garganacl
|-damage|p1a: Garganacl|1/100
|move|p1a: Garganacl|Salt Cure|p2a: Staraptor
|-resisted|p2a: Staraptor|1
|-damage|p2a: Staraptor|97/100 psn
|-start|p2a: Staraptor|Salt Cure
|move|p1b: Slowbro|Body Press|p2b: Delphox
|-resisted|p2b: Delphox|1
|-end|p2b: Delphox|Substitute
|
|-heal|p1a: Garganacl|7/100|[from] item: Leftovers
|-damage|p2a: Staraptor|85/100 psn|[from] psn
|-damage|p2a: Staraptor|79/100 psn|[from] Salt Cure
|upkeep
|turn|9
|
|t:|1785898078
|move|p2a: Staraptor|Brave Bird|p1b: Slowbro
|-damage|p1b: Slowbro|76/100
|-damage|p2a: Staraptor|74/100 psn|[from] Recoil
|move|p2b: Delphox|Psychic|p1b: Slowbro
|-resisted|p1b: Slowbro|1
|-damage|p1b: Slowbro|54/100
|move|p1a: Garganacl|Salt Cure|p2b: Delphox
|-supereffective|p2b: Delphox|1
|-damage|p2b: Delphox|30/100
|-start|p2b: Delphox|Salt Cure
|move|p1b: Slowbro|Body Press|p2b: Delphox
|-resisted|p2b: Delphox|1
|-damage|p2b: Delphox|0 fnt
|faint|p2b: Delphox
|
|-heal|p1a: Garganacl|13/100|[from] item: Leftovers
|-damage|p2a: Staraptor|61/100 psn|[from] psn
|-damage|p2a: Staraptor|55/100 psn|[from] Salt Cure
|upkeep
|turn|10
|
|t:|1785898103
|move|p1a: Garganacl|Protect|p1a: Garganacl
|-singleturn|p1a: Garganacl|Protect
|move|p2a: Staraptor|Close Combat|p1a: Garganacl
|-activate|p1a: Garganacl|move: Protect
|move|p1b: Slowbro|Slack Off|p1b: Slowbro
|-heal|p1b: Slowbro|100/100
|
|-heal|p1a: Garganacl|19/100|[from] item: Leftovers
|-damage|p2a: Staraptor|43/100 psn|[from] psn
|-damage|p2a: Staraptor|37/100 psn|[from] Salt Cure
|upkeep
|turn|11
|
|t:|1785898122
|move|p2a: Staraptor|Roost|p2a: Staraptor
|-heal|p2a: Staraptor|87/100 psn
|-singleturn|p2a: Staraptor|move: Roost
|move|p1a: Garganacl|Iron Defense|p1a: Garganacl
|-boost|p1a: Garganacl|def|2
|move|p1b: Slowbro|Body Press|p2a: Staraptor
|-damage|p2a: Staraptor|56/100 psn
|
|-heal|p1a: Garganacl|25/100|[from] item: Leftovers
|-damage|p2a: Staraptor|44/100 psn|[from] psn
|-damage|p2a: Staraptor|38/100 psn|[from] Salt Cure
|upkeep
|turn|12
|
|t:|1785898155
|move|p2a: Staraptor|Brave Bird|p1a: Garganacl
|-resisted|p1a: Garganacl|1
|-damage|p1a: Garganacl|14/100
|-damage|p2a: Staraptor|33/100 psn|[from] Recoil
|move|p1a: Garganacl|Iron Defense|p1a: Garganacl
|-boost|p1a: Garganacl|def|2
|move|p1b: Slowbro|Heal Pulse|p1a: Garganacl
|-heal|p1a: Garganacl|65/100
|
|-heal|p1a: Garganacl|71/100|[from] item: Leftovers
|-damage|p2a: Staraptor|21/100 psn|[from] psn
|-damage|p2a: Staraptor|15/100 psn|[from] Salt Cure
|upkeep
|turn|13
|
|t:|1785898173
|move|p2a: Staraptor|Roost|p2a: Staraptor
|-heal|p2a: Staraptor|65/100 psn
|-singleturn|p2a: Staraptor|move: Roost
|move|p1a: Garganacl|Body Press|p2a: Staraptor
|-damage|p2a: Staraptor|42/100 psn
|move|p1b: Slowbro|Body Press|p2a: Staraptor
|-damage|p2a: Staraptor|9/100 psn
|
|-heal|p1a: Garganacl|76/100|[from] item: Leftovers
|-damage|p2a: Staraptor|0 fnt|[from] psn
|faint|p2a: Staraptor
|
|win|nologrey
