|j|☆Lacossg
|j|☆fuggdafogg
|html|Lacossgfuggdafogg    
|uhtml|bestof|Game 3 of a best-of-3
|t:|1754337170
|gametype|doubles
|player|p1|Lacossg|266|1262
|player|p2|fuggdafogg|gordie|1295
|gen|9
|tier|[Gen 9] VGC 2025 Reg H (Bo3)
|rated|
|rule|Species Clause: Limit one of each Pokémon
|rule|Item Clause: Limit 1 of each item
|clearpoke
|poke|p1|Espathra, L50, M|
|poke|p1|Annihilape, L50, F|
|poke|p1|Amoonguss, L50, F|
|poke|p1|Pelipper, L50, M|
|poke|p1|Indeedee-F, L50, F|
|poke|p1|Glimmora, L50, M|
|poke|p2|Sneasler, L50, F|
|poke|p2|Primarina, L50, M|
|poke|p2|Dragapult, L50, M|
|poke|p2|Corviknight, L50, M|
|poke|p2|Indeedee, L50, M|
|poke|p2|Magmar, L50, F|
|teampreview|4
|showteam|p1|Espathra||FocusSash|SpeedBoost|LuminaCrash,Protect,ExpandingForce,DazzlingGleam|||M|||50|,,,,,Psychic]Annihilape||CovertCloak|Defiant|DrainPunch,RageFist,BulkUp,Protect|||F|||50|,,,,,Fairy]Amoonguss||RockyHelmet|Regenerator|Spore,Protect,SludgeBomb,RagePowder|||F|||50|,,,,,Water]Pelipper||ChoiceScarf|Drizzle|MuddyWater,WeatherBall,Hurricane,RainDance|||M|||50|,,,,,Stellar]Indeedee-F||PsychicSeed|PsychicSurge|DazzlingGleam,FollowMe,TrickRoom,HelpingHand|||F|||50|,,,,,Fairy]Glimmora||LifeOrb|ToxicDebris|SpikyShield,SludgeBomb,EarthPower,PowerGem|||M|||50|,,,,,Ground
|showteam|p2|Sneasler||FocusSash|Unburden|CloseCombat,DireClaw,Coaching,ThroatChop|||F|||50|,,,,,Stellar]Primarina||SitrusBerry|LiquidVoice|HyperVoice,Moonblast,Protect,Haze|||M|||50|,,,,,Steel]Dragapult||ChoiceBand|ClearBody|DragonDarts,Outrage,PhantomForce,TeraBlast|||M|||50|,,,,,Ghost]Corviknight||PsychicSeed|MirrorArmor|IronHead,BulkUp,PowerTrip,Roost|||M|||50|,,,,,Dragon]Indeedee||ChoiceScarf|PsychicSurge|ExpandingForce,TeraBlast,Trick,DazzlingGleam|||M|||50|,,,,,Psychic]Magmar||Eviolite|VitalSpirit|Protect,WillOWisp,FollowMe,HeatWave|||F|||50|,,,,,Ghost
|
|t:|1754337194
|teamsize|p1|4
|teamsize|p2|4
|start
|switch|p1a: Indeedee|Indeedee-F, L50, F|100/100
|switch|p1b: Espathra|Espathra, L50, M|100/100
|switch|p2a: Indeedee|Indeedee, L50, M|100/100
|switch|p2b: Dragapult|Dragapult, L50, M|100/100
|-fieldstart|move: Psychic Terrain|[from] ability: Psychic Surge|[of] p2a: Indeedee
|-enditem|p1a: Indeedee|Psychic Seed
|-boost|p1a: Indeedee|spd|1|[from] item: Psychic Seed
|turn|1
|
|t:|1754337206
|-terastallize|p1b: Espathra|Psychic
|move|p1a: Indeedee|Follow Me|p1a: Indeedee
|-singleturn|p1a: Indeedee|move: Follow Me
|move|p2a: Indeedee|Expanding Force|p1a: Indeedee|[spread] p1a,p1b
|-resisted|p1a: Indeedee
|-resisted|p1b: Espathra
|-damage|p1a: Indeedee|81/100
|-damage|p1b: Espathra|59/100
|move|p2b: Dragapult|Phantom Force||[still]
|-prepare|p2b: Dragapult|Phantom Force
|move|p1b: Espathra|Expanding Force|p2b: Dragapult|[spread] p2a
|-miss|p1b: Espathra|p2b: Dragapult
|-resisted|p2a: Indeedee
|-damage|p2a: Indeedee|50/100
|
|-ability|p1b: Espathra|Speed Boost|boost
|-boost|p1b: Espathra|spe|1
|upkeep
|turn|2
|
|t:|1754337222
|move|p1a: Indeedee|Follow Me|p1a: Indeedee
|-singleturn|p1a: Indeedee|move: Follow Me
|move|p1b: Espathra|Expanding Force|p2b: Dragapult|[spread] p2a
|-miss|p1b: Espathra|p2b: Dragapult
|-resisted|p2a: Indeedee
|-damage|p2a: Indeedee|2/100
|move|p2a: Indeedee|Expanding Force|p1a: Indeedee|[spread] p1a,p1b
|-resisted|p1a: Indeedee
|-resisted|p1b: Espathra
|-damage|p1a: Indeedee|63/100
|-damage|p1b: Espathra|14/100
|move|p2b: Dragapult|Phantom Force|p1a: Indeedee|[from] lockedmove
|-immune|p1a: Indeedee
|
|-ability|p1b: Espathra|Speed Boost|boost
|-boost|p1b: Espathra|spe|1
|upkeep
|turn|3
|
|t:|1754337230
|switch|p2b: Corviknight|Corviknight, L50, M|100/100
|-enditem|p2b: Corviknight|Psychic Seed
|-boost|p2b: Corviknight|spd|1|[from] item: Psychic Seed
|move|p1a: Indeedee|Helping Hand|p1b: Espathra
|-singleturn|p1b: Espathra|Helping Hand|[of] p1a: Indeedee
|move|p1b: Espathra|Expanding Force|p2a: Indeedee|[spread] p2a,p2b
|-resisted|p2a: Indeedee
|-resisted|p2b: Corviknight
|-damage|p2a: Indeedee|0 fnt
|-damage|p2b: Corviknight|66/100
|faint|p2a: Indeedee
|
|-ability|p1b: Espathra|Speed Boost|boost
|-boost|p1b: Espathra|spe|1
|upkeep
|
|t:|1754337240
|switch|p2a: Magmar|Magmar, L50, F|100/100
|turn|4
|
|t:|1754337249
|move|p1a: Indeedee|Helping Hand|p1b: Espathra
|-singleturn|p1b: Espathra|Helping Hand|[of] p1a: Indeedee
|move|p1b: Espathra|Expanding Force|p2a: Magmar|[spread] p2a,p2b
|-resisted|p2b: Corviknight
|-damage|p2a: Magmar|10/100
|-damage|p2b: Corviknight|24/100
|move|p2a: Magmar|Heat Wave|p1b: Espathra|[spread] p1a,p1b
|-damage|p1a: Indeedee|47/100
|-damage|p1b: Espathra|0 fnt
|faint|p1b: Espathra
|move|p2b: Corviknight|Roost|p2b: Corviknight
|-heal|p2b: Corviknight|74/100
|-singleturn|p2b: Corviknight|move: Roost
|
|upkeep
|
|t:|1754337257
|switch|p1b: Pelipper|Pelipper, L50, M|100/100
|-weather|RainDance|[from] ability: Drizzle|[of] p1b: Pelipper
|turn|5
|
|t:|1754337286
|move|p1a: Indeedee|Helping Hand|p1b: Pelipper
|-singleturn|p1b: Pelipper|Helping Hand|[of] p1a: Indeedee
|move|p1b: Pelipper|Muddy Water|p2b: Corviknight|[spread] p2a
|-miss|p1b: Pelipper|p2b: Corviknight
|-supereffective|p2a: Magmar
|-damage|p2a: Magmar|0 fnt
|faint|p2a: Magmar
|move|p2b: Corviknight|Roost|p2b: Corviknight
|-heal|p2b: Corviknight|100/100
|-singleturn|p2b: Corviknight|move: Roost
|
|-weather|RainDance|[upkeep]
|-fieldend|move: Psychic Terrain
|upkeep
|
|t:|1754337290
|switch|p2a: Dragapult|Dragapult, L50, M|100/100
|turn|6
|
|t:|1754337301
|-terastallize|p2b: Corviknight|Dragon
|move|p1a: Indeedee|Follow Me|p1a: Indeedee
|-singleturn|p1a: Indeedee|move: Follow Me
|move|p2a: Dragapult|Dragon Darts|p1a: Indeedee
|-damage|p1a: Indeedee|11/100
|-anim|p2a: Dragapult|Dragon Darts|p1a: Indeedee
|-damage|p1a: Indeedee|0 fnt
|faint|p1a: Indeedee
|move|p1b: Pelipper|Muddy Water|p2b: Corviknight|[spread] p2a,p2b
|-resisted|p2a: Dragapult
|-resisted|p2b: Corviknight
|-damage|p2a: Dragapult|75/100
|-damage|p2b: Corviknight|85/100
|-ability|p2b: Corviknight|Mirror Armor
|-unboost|p1b: Pelipper|accuracy|1
|move|p2b: Corviknight|Bulk Up|p2b: Corviknight
|-boost|p2b: Corviknight|atk|1
|-boost|p2b: Corviknight|def|1
|
|-weather|RainDance|[upkeep]
|upkeep
|
|t:|1754337308
|switch|p1a: Glimmora|Glimmora, L50, M|100/100
|turn|7
|
|t:|1754337320
|move|p2a: Dragapult|Dragon Darts|p1a: Glimmora
|-damage|p1a: Glimmora|58/100
|-activate|p1a: Glimmora|ability: Toxic Debris
|-sidestart|p2: fuggdafogg|move: Toxic Spikes
|-anim|p2a: Dragapult|Dragon Darts|p1b: Pelipper
|-damage|p1b: Pelipper|54/100
|move|p1b: Pelipper|Muddy Water|p2b: Corviknight|[spread] p2a,p2b
|-resisted|p2a: Dragapult
|-resisted|p2b: Corviknight
|-damage|p2a: Dragapult|48/100
|-damage|p2b: Corviknight|72/100
|-ability|p2b: Corviknight|Mirror Armor
|-unboost|p1b: Pelipper|accuracy|1
|move|p1a: Glimmora|Power Gem|p2a: Dragapult
|-damage|p2a: Dragapult|0 fnt
|faint|p2a: Dragapult
|-damage|p1a: Glimmora|49/100|[from] item: Life Orb
|move|p2b: Corviknight|Roost|p2b: Corviknight
|-heal|p2b: Corviknight|100/100
|
|-weather|RainDance|[upkeep]
|upkeep
|turn|8
|
|t:|1754337332
|move|p1b: Pelipper|Muddy Water|p2b: Corviknight|[miss]
|-miss|p1b: Pelipper|p2b: Corviknight
|move|p1a: Glimmora|Sludge Bomb|p2b: Corviknight
|-damage|p2b: Corviknight|58/100
|-damage|p1a: Glimmora|39/100|[from] item: Life Orb
|move|p2b: Corviknight|Power Trip|p1a: Glimmora
|-damage|p1a: Glimmora|0 fnt
|-activate|p1a: Glimmora|ability: Toxic Debris
|-sidestart|p2: fuggdafogg|move: Toxic Spikes
|faint|p1a: Glimmora
|
|-weather|RainDance|[upkeep]
|upkeep
|turn|9
|
|t:|1754337341
|move|p1b: Pelipper|Muddy Water|p2b: Corviknight|[miss]
|-miss|p1b: Pelipper|p2b: Corviknight
|move|p2b: Corviknight|Roost|p2b: Corviknight
|-heal|p2b: Corviknight|100/100
|
|-weather|none
|upkeep
|turn|10
|
|t:|1754337345
|move|p1b: Pelipper|Muddy Water|p2b: Corviknight
|-resisted|p2b: Corviknight
|-damage|p2b: Corviknight|88/100
|move|p2b: Corviknight|Power Trip|p1b: Pelipper
|-damage|p1b: Pelipper|12/100
|
|upkeep
|turn|11
|
|t:|1754337350
|move|p1b: Pelipper|Muddy Water|p2b: Corviknight
|-resisted|p2b: Corviknight
|-damage|p2b: Corviknight|74/100
|-ability|p2b: Corviknight|Mirror Armor
|-unboost|p1b: Pelipper|accuracy|1
|move|p2b: Corviknight|Power Trip|p1b: Pelipper
|-damage|p1b: Pelipper|0 fnt
|faint|p1b: Pelipper
|
|win|fuggdafogg
|raw|Lacossg's rating: 1262 → 1239(-23 for losing)
|raw|fuggdafogg's rating: 1295 → 1318(+23 for winning)
