|j|☆KD35Splash
|j|☆Beep-boop12345
|html|KD35SplashBeep-boop12345    
|uhtml|bestof|Game 2 of a best-of-3
|t:|1756404640
|gametype|doubles
|player|p1|KD35Splash|dancer|1086
|player|p2|Beep-boop12345|hilbert-wonderlauncher|1122
|gen|9
|tier|[Gen 9] VGC 2025 Reg H (Bo3)
|rated|
|rule|Species Clause: Limit one of each Pokémon
|rule|Item Clause: Limit 1 of each item
|clearpoke
|poke|p1|Archaludon, L50, M|
|poke|p1|Pelipper, L50, M|
|poke|p1|Rillaboom, L50, F|
|poke|p1|Basculegion, L50, M|
|poke|p1|Volcarona, L50, M|
|poke|p1|Electabuzz, L50, M|
|poke|p2|Ninetales-Alola, L50, F|
|poke|p2|Rillaboom, L50, F|
|poke|p2|Magmar, L50, F|
|poke|p2|Sneasler, L50, M|
|poke|p2|Kingambit, L50, M|
|poke|p2|Basculegion, L50, M|
|teampreview|4
|showteam|p1|Archaludon||AssaultVest|Stamina|BodyPress,DracoMeteor,FlashCannon,ElectroShot|||M|||50|,,,,,Grass]Pelipper||FocusSash|Drizzle|Hurricane,MuddyWater,Tailwind,Protect|||M|||50|,,,,,Ghost]Rillaboom||LoadedDice|GrassySurge|BulletSeed,GrassyGlide,Uturn,FakeOut|||F|||50|,,,,,Fire]Basculegion||LifeOrb|SwiftSwim|WaveCrash,LastRespects,AquaJet,FlipTurn|||M|||50|,,,,,Water]Volcarona||GrassySeed|FlameBody|GigaDrain,Flamethrower,QuiverDance,Protect|||M|||50|,,,,,Grass]Electabuzz||Eviolite|VitalSpirit|Electroweb,FollowMe,Taunt,HelpingHand|||M|||50|,,,,,Ghost
|showteam|p2|Ninetales-Alola||NeverMeltIce|SnowWarning|Blizzard,FreezeDry,Encore,Protect|||F|||50|,,,,,Ghost]Rillaboom||AssaultVest|GrassySurge|WoodHammer,FakeOut,Uturn,GrassyGlide|||F|||50|,,,,,Ghost]Magmar||Eviolite|VitalSpirit|Protect,HeatWave,WillOWisp,FollowMe|||F|||50|,,,,,Ghost]Sneasler||FocusSash|PoisonTouch|FakeOut,DireClaw,CloseCombat,Protect|||M|||50|,,,,,Ghost]Kingambit||BlackGlasses|Defiant|KowtowCleave,SwordsDance,SuckerPunch,Protect|||M|||50|,,,,,Fire]Basculegion||ChoiceScarf|Adaptability|WaveCrash,FlipTurn,TeraBlast,LastRespects|||M|||50|,,,,,Fighting
|inactive|Battle timer is ON: inactive players will automatically lose when time's up. (requested by Beep-boop12345)
|inactive|KD35Splash has 60 seconds left.
|
|t:|1756404733
|teamsize|p1|4
|teamsize|p2|4
|start
|switch|p1a: Electabuzz|Electabuzz, L50, M, shiny|100/100
|switch|p1b: Volcarona|Volcarona, L50, M, shiny|100/100
|switch|p2a: Sneasler|Sneasler, L50, M|100/100
|switch|p2b: Kingambit|Kingambit, L50, M|100/100
|turn|1
|inactive|Beep-boop12345 has 30 seconds left.
|inactive|Beep-boop12345 has 20 seconds left.
|inactive|Beep-boop12345 has 15 seconds left.
|inactive|Beep-boop12345 has 10 seconds left.
|inactive|Beep-boop12345 has 5 seconds left.
|
|t:|1756404785
|-terastallize|p2b: Kingambit|Fire
|move|p2a: Sneasler|Dire Claw|p1a: Electabuzz
|-damage|p1a: Electabuzz|66/100
|move|p1b: Volcarona|Quiver Dance|p1b: Volcarona
|-boost|p1b: Volcarona|spa|1
|-boost|p1b: Volcarona|spd|1
|-boost|p1b: Volcarona|spe|1
|move|p1a: Electabuzz|Taunt|p2b: Kingambit
|-start|p2b: Kingambit|move: Taunt
|move|p2b: Kingambit|Kowtow Cleave|p1a: Electabuzz
|-damage|p1a: Electabuzz|13/100
|
|upkeep
|turn|2
|inactive|Beep-boop12345 has 30 seconds left.
|inactive|KD35Splash has 30 seconds left.
|inactive|Beep-boop12345 has 20 seconds left.
|inactive|Beep-boop12345 has 15 seconds left.
|inactive|Beep-boop12345 has 10 seconds left.
|inactive|Beep-boop12345 has 5 seconds left.
|
|t:|1756404839
|move|p1a: Electabuzz|Follow Me|p1a: Electabuzz
|-singleturn|p1a: Electabuzz|move: Follow Me
|move|p1b: Volcarona|Quiver Dance|p1b: Volcarona
|-boost|p1b: Volcarona|spa|1
|-boost|p1b: Volcarona|spd|1
|-boost|p1b: Volcarona|spe|1
|move|p2a: Sneasler|Dire Claw|p1a: Electabuzz
|-damage|p1a: Electabuzz|0 fnt
|faint|p1a: Electabuzz
|move|p2b: Kingambit|Kowtow Cleave|p1b: Volcarona
|-damage|p1b: Volcarona|28/100
|
|upkeep
|
|t:|1756404851
|switch|p1a: Rillaboom|Rillaboom, L50, F, shiny|100/100
|-fieldstart|move: Grassy Terrain|[from] ability: Grassy Surge|[of] p1a: Rillaboom
|-enditem|p1b: Volcarona|Grassy Seed
|-boost|p1b: Volcarona|def|1|[from] item: Grassy Seed
|turn|3
|
|t:|1756404871
|switch|p2b: Basculegion|Basculegion, L50, M|100/100
|move|p2a: Sneasler|Protect|p2a: Sneasler
|-singleturn|p2a: Sneasler|Protect
|move|p1a: Rillaboom|Fake Out|p2a: Sneasler
|-activate|p2a: Sneasler|move: Protect
|move|p1b: Volcarona|Giga Drain|p2a: Sneasler
|-activate|p2a: Sneasler|move: Protect
|
|-heal|p1b: Volcarona|34/100|[from] Grassy Terrain
|upkeep
|turn|4
|inactive|Beep-boop12345 has 30 seconds left.
|inactive|KD35Splash has 30 seconds left.
|inactive|Beep-boop12345 has 20 seconds left.
|inactive|Beep-boop12345 has 15 seconds left.
|inactive|Beep-boop12345 has 10 seconds left.
|
|t:|1756404916
|move|p1a: Rillaboom|Grassy Glide|p2a: Sneasler
|-resisted|p2a: Sneasler
|-damage|p2a: Sneasler|70/100
|move|p1b: Volcarona|Flamethrower|p2a: Sneasler
|-damage|p2a: Sneasler|0 fnt
|faint|p2a: Sneasler
|move|p2b: Basculegion|Wave Crash|p1b: Volcarona
|-supereffective|p1b: Volcarona
|-damage|p1b: Volcarona|0 fnt
|faint|p1b: Volcarona
|-damage|p2b: Basculegion|90/100|[from] Recoil
|
|-heal|p2b: Basculegion|96/100|[from] Grassy Terrain
|upkeep
|
|t:|1756404933
|switch|p2a: Ninetales|Ninetales-Alola, L50, F|100/100
|switch|p1b: Archaludon|Archaludon, L50, M, shiny|100/100
|-weather|Snowscape|[from] ability: Snow Warning|[of] p2a: Ninetales
|turn|5
|
|t:|1756404954
|move|p1a: Rillaboom|Grassy Glide|p2b: Basculegion
|-supereffective|p2b: Basculegion
|-damage|p2b: Basculegion|16/100
|move|p2b: Basculegion|Wave Crash|p1b: Archaludon
|-resisted|p1b: Archaludon
|-damage|p1b: Archaludon|71/100
|-ability|p1b: Archaludon|Stamina|boost
|-boost|p1b: Archaludon|def|1
|-damage|p2b: Basculegion|7/100|[from] Recoil
|move|p2a: Ninetales|Blizzard|p1b: Archaludon|[spread] p1a,p1b
|-supereffective|p1a: Rillaboom
|-damage|p1a: Rillaboom|21/100
|-damage|p1b: Archaludon|44/100
|-ability|p1b: Archaludon|Stamina|boost
|-boost|p1b: Archaludon|def|1
|move|p1b: Archaludon|Flash Cannon|p2a: Ninetales
|-supereffective|p2a: Ninetales
|-damage|p2a: Ninetales|0 fnt
|faint|p2a: Ninetales
|
|-weather|Snowscape|[upkeep]
|-heal|p2b: Basculegion|13/100|[from] Grassy Terrain
|-heal|p1a: Rillaboom|27/100|[from] Grassy Terrain
|-heal|p1b: Archaludon|50/100|[from] Grassy Terrain
|upkeep
|
|t:|1756404978
|switch|p2a: Kingambit|Kingambit, L50, M, tera:Fire|100/100
|turn|6
|
|t:|1756404991
|move|p1a: Rillaboom|Grassy Glide|p2b: Basculegion
|-supereffective|p2b: Basculegion
|-damage|p2b: Basculegion|0 fnt
|faint|p2b: Basculegion
|move|p2a: Kingambit|Sucker Punch|p1b: Archaludon
|-damage|p1b: Archaludon|33/100
|-ability|p1b: Archaludon|Stamina|boost
|-boost|p1b: Archaludon|def|1
|move|p1b: Archaludon|Body Press|p2a: Kingambit
|-damage|p2a: Kingambit|49/100
|
|-weather|Snowscape|[upkeep]
|-heal|p1a: Rillaboom|33/100|[from] Grassy Terrain
|-heal|p1b: Archaludon|39/100|[from] Grassy Terrain
|-heal|p2a: Kingambit|55/100|[from] Grassy Terrain
|upkeep
|turn|7
|
|t:|1756405013
|move|p1a: Rillaboom|Grassy Glide|p2a: Kingambit
|-resisted|p2a: Kingambit
|-damage|p2a: Kingambit|41/100
|move|p2a: Kingambit|Sucker Punch||[still]
|-fail|p2a: Kingambit
|move|p1b: Archaludon|Body Press|p2a: Kingambit
|-damage|p2a: Kingambit|0 fnt
|faint|p2a: Kingambit
|
|win|KD35Splash
|raw|KD35Splash's rating: 1086 → 1116(+30 for winning)
|raw|Beep-boop12345's rating: 1122 → 1094(-28 for losing)
