|j|☆meikh_neiht
|j|☆leafeontothemoon
|html|meikh_neihtleafeontothemoon    
|uhtml|bestof|Game 1 of a best-of-3
|t:|1782530242
|gametype|doubles
|player|p1|meikh_neiht|lucas|1093
|player|p2|leafeontothemoon|265|1000
|gen|9
|tier|[Gen 9 Champions] VGC 2026 Reg M-B (Bo3)
|rated|
|rule|Species Clause: Limit one of each Pokémon
|rule|Item Clause: Limit 1 of each item
|clearpoke
|poke|p1|Staraptor, L50, F|
|poke|p1|Sinistcha, L50|
|poke|p1|Maushold, L50|
|poke|p1|Kingambit, L50, F|
|poke|p1|Sneasler, L50, M|
|poke|p1|Delphox, L50, F|
|poke|p2|Leafeon, L50, F, shiny|
|poke|p2|Charizard, L50, F, shiny|
|poke|p2|Garchomp, L50, F, shiny|
|poke|p2|Rotom-Wash, L50, shiny|
|poke|p2|Incineroar, L50, M, shiny|
|poke|p2|Sneasler, L50, M, shiny|
|teampreview|4
|showteam|p1|Staraptor||Staraptite|Intimidate|CloseCombat,BraveBird,Roost,Protect|Adamant||F|||50|]Sinistcha||SitrusBerry|Hospitality|RagePowder,MatchaGotcha,TrickRoom,LifeDew|Calm|||||50|]Maushold||ChopleBerry|FriendGuard|Encore,Charm,FollowMe,Protect|Timid|||||50|]Kingambit||OccaBerry|Defiant|KowtowCleave,SuckerPunch,SwordsDance,Protect|Adamant||F|||50|]Sneasler||WhiteHerb|Unburden|DireClaw,Protect,FakeOut,CloseCombat|Jolly||M|||50|]Delphox||Delphoxite|Blaze|HeatWave,Psyshock,NastyPlot,Protect|Timid||F|||50|
|showteam|p2|Leafeon||FocusSash|Chlorophyll|LeafBlade,SolarBlade,SwordsDance,KnockOff|Adamant||F|||50|]Charizard||CharizarditeY|SolarPower|HeatWave,SolarBeam,WeatherBall,Protect|Timid||F|||50|]Garchomp||LifeOrb|RoughSkin|Earthquake,DragonClaw,RockSlide,Protect|Adamant||F|||50|]Rotom-Wash||Leftovers|Levitate|Thunderbolt,WillOWisp,HydroPump,Protect|Calm|||||50|]Incineroar||SitrusBerry|Blaze|Protect,FakeOut,FlareBlitz,PartingShot|Careful||M|||50|]Sneasler||WhiteHerb|Unburden|DireClaw,NightSlash,CloseCombat,FakeOut|Adamant||M|||50|
|j| tyho45
|l| tyho45
|inactive|Battle timer is ON: inactive players will automatically lose when time's up. (requested by leafeontothemoon)
|
|t:|1782530339
|teamsize|p1|4
|teamsize|p2|4
|start
|switch|p1a: Delphox|Delphox, L50, F|100/100
|switch|p1b: Maushold|Maushold, L50|100/100
|switch|p2a: Rotom|Rotom-Wash, L50, shiny|100/100
|switch|p2b: Sneasler|Sneasler, L50, M, shiny|100/100
|turn|1
|inactive|leafeontothemoon has 30 seconds left.
|
|t:|1782530380
|detailschange|p1a: Delphox|Delphox-Mega, L50, F
|-mega|p1a: Delphox|Delphox|Delphoxite
|move|p1a: Delphox|Protect|p1a: Delphox
|-singleturn|p1a: Delphox|Protect
|move|p2b: Sneasler|Fake Out|p1a: Delphox
|-activate|p1a: Delphox|move: Protect
|move|p1b: Maushold|Encore|p2b: Sneasler
|-start|p2b: Sneasler|Encore
|move|p2a: Rotom|Thunderbolt|p1b: Maushold
|-damage|p1b: Maushold|61/100
|
|upkeep
|turn|2
|c|☆meikh_neiht|insane read jeez
|
|t:|1782530404
|switch|p2b: Charizard|Charizard, L50, F, shiny|100/100
|move|p1b: Maushold|Follow Me|p1b: Maushold
|-singleturn|p1b: Maushold|move: Follow Me
|move|p1a: Delphox|Nasty Plot|p1a: Delphox
|-boost|p1a: Delphox|spa|2
|move|p2a: Rotom|Hydro Pump|p1b: Maushold
|-damage|p1b: Maushold|7/100
|
|upkeep
|turn|3
|inactive|leafeontothemoon has 30 seconds left.
|
|t:|1782530434
|detailschange|p2b: Charizard|Charizard-Mega-Y, L50, F, shiny
|-mega|p2b: Charizard|Charizard|Charizardite Y
|-weather|SunnyDay|[from] ability: Drought|[of] p2b: Charizard
|move|p1b: Maushold|Protect|p1b: Maushold
|-singleturn|p1b: Maushold|Protect
|move|p2a: Rotom|Protect|p2a: Rotom
|-singleturn|p2a: Rotom|Protect
|move|p1a: Delphox|Psyshock|p2b: Charizard
|-damage|p2b: Charizard|0 fnt
|faint|p2b: Charizard
|
|-weather|SunnyDay|[upkeep]
|upkeep
|
|t:|1782530449
|switch|p2b: Leafeon|Leafeon, L50, F, shiny|100/100
|turn|4
|
|t:|1782530459
|move|p1b: Maushold|Follow Me|p1b: Maushold
|-singleturn|p1b: Maushold|move: Follow Me
|move|p2b: Leafeon|Knock Off|p1b: Maushold
|-damage|p1b: Maushold|0 fnt
|-enditem|p1b: Maushold|Chople Berry|[from] move: Knock Off|[of] p2b: Leafeon
|faint|p1b: Maushold
|move|p1a: Delphox|Heat Wave|p2a: Rotom|[spread] p2b
|-miss|p1a: Delphox|p2a: Rotom
|-supereffective|p2b: Leafeon|1
|-enditem|p2b: Leafeon|Focus Sash
|-damage|p2b: Leafeon|1/100
|move|p2a: Rotom|Thunderbolt|p1a: Delphox
|-damage|p1a: Delphox|71/100
|
|-weather|SunnyDay|[upkeep]
|upkeep
|
|t:|1782530473
|switch|p1b: Sneasler|Sneasler, L50, M|100/100
|turn|5
|
|t:|1782530483
|move|p1b: Sneasler|Fake Out|p2b: Leafeon
|-damage|p2b: Leafeon|0 fnt
|faint|p2b: Leafeon
|move|p1a: Delphox|Psyshock|p2a: Rotom
|-damage|p2a: Rotom|3/100
|move|p2a: Rotom|Will-O-Wisp|p1b: Sneasler
|-status|p1b: Sneasler|brn
|
|-weather|SunnyDay|[upkeep]
|-heal|p2a: Rotom|9/100|[from] item: Leftovers
|-damage|p1b: Sneasler|94/100 brn|[from] brn
|upkeep
|
|t:|1782530498
|switch|p2b: Sneasler|Sneasler, L50, M, shiny|100/100
|turn|6
|
|t:|1782530512
|switch|p1b: Sinistcha|Sinistcha, L50|100/100
|-heal|p1a: Delphox|96/100|[from] ability: Hospitality|[of] p1b: Sinistcha
|move|p1a: Delphox|Protect|p1a: Delphox
|-singleturn|p1a: Delphox|Protect
|move|p2b: Sneasler|Night Slash|p1a: Delphox
|-activate|p1a: Delphox|move: Protect
|move|p2a: Rotom|Thunderbolt|p1a: Delphox
|-activate|p1a: Delphox|move: Protect
|
|-weather|SunnyDay|[upkeep]
|-heal|p2a: Rotom|15/100|[from] item: Leftovers
|upkeep
|turn|7
|
|t:|1782530535
|move|p1b: Sinistcha|Rage Powder|p1b: Sinistcha
|-singleturn|p1b: Sinistcha|move: Rage Powder
|move|p1a: Delphox|Heat Wave|p2b: Sneasler|[spread] p2b
|-miss|p1a: Delphox|p2a: Rotom
|-damage|p2b: Sneasler|0 fnt
|faint|p2b: Sneasler
|move|p2a: Rotom|Hydro Pump|p1b: Sinistcha
|-resisted|p1b: Sinistcha|1
|-damage|p1b: Sinistcha|90/100
|
|-weather|none
|-heal|p2a: Rotom|21/100|[from] item: Leftovers
|upkeep
|turn|8
|
|t:|1782530554
|move|p1a: Delphox|Psyshock|p2a: Rotom
|-damage|p2a: Rotom|0 fnt
|faint|p2a: Rotom
|
|win|meikh_neiht
||meikh_neiht is ready for game 2.
|inactive|leafeontothemoon has 30 seconds to confirm battle start!
||leafeontothemoon is ready for game 2.
|uhtml|next|Next: Game 2 of 3
