|j|☆epom158
|j|☆RagCheese
|html|epom158RagCheese    
|uhtml|bestof|Game 2 of a best-of-3
|t:|1756783465
|gametype|doubles
|player|p1|epom158|n|1169
|player|p2|RagCheese|bellelba|1104
|gen|9
|tier|[Gen 9] VGC 2025 Reg H (Bo3)
|rated|
|rule|Species Clause: Limit one of each Pokémon
|rule|Item Clause: Limit 1 of each item
|clearpoke
|poke|p1|Sneasler, L50, F|
|poke|p1|Rillaboom, L50, M|
|poke|p1|Dragonite, L50, M|
|poke|p1|Incineroar, L50, F|
|poke|p1|Kingambit, L50, M|
|poke|p1|Volcarona, L50, M|
|poke|p2|Lurantis, L50, F|
|poke|p2|Incineroar, L50, F|
|poke|p2|Grimmsnarl, L50, M|
|poke|p2|Torkoal, L50, F|
|poke|p2|Whimsicott, L50, M|
|poke|p2|Oranguru, L50, F|
|teampreview|4
|showteam|p1|Sneasler||FocusSash|Unburden|CloseCombat,DireClaw,Coaching,Protect|||F|||50|,,,,,Stellar]Rillaboom||AssaultVest|GrassySurge|WoodHammer,Uturn,FakeOut,GrassyGlide|||M|||50|,,,,,Fire]Dragonite||LoadedDice|Multiscale|ScaleShot,ExtremeSpeed,Haze,Protect|||M|||50|,,,,,Steel]Incineroar||SafetyGoggles|Intimidate|FlareBlitz,KnockOff,FakeOut,PartingShot|||F|||50|,,,,,Ghost]Kingambit||BlackGlasses|Defiant|KowtowCleave,SuckerPunch,SwordsDance,Protect|||M|||50|,,,,,Dark]Volcarona||CovertCloak|FlameBody|HeatWave,TeraBlast,QuiverDance,Protect|||M|||50|,,,,,Fairy
|showteam|p2|Lurantis||Leftovers|Contrary|KnockOff,Superpower,Substitute,Protect|||F|||50|,,,,,Fighting]Incineroar||RockyHelmet|Intimidate|FakeOut,FlameCharge,FlareBlitz,TeraBlast|||F|||50|,,,,,Fairy]Grimmsnarl||LightClay|Prankster|FakeTears,SpiritBreak,FakeOut,Reflect|||M|||50|,,,,,Dark]Torkoal||EjectPack|Drought|Overheat,Eruption,Protect,HeatWave|||F|||50|,,,,,Fire]Whimsicott||CovertCloak|Prankster|SunnyDay,Tailwind,Protect,Moonblast|||M|||50|,,,,,Grass]Oranguru||MentalHerb|InnerFocus|TrickRoom,FoulPlay,Instruct,Protect|||F|||50|,,,,,Dark
|inactive|Battle timer is ON: inactive players will automatically lose when time's up. (requested by epom158)
|
|t:|1756783509
|teamsize|p1|4
|teamsize|p2|4
|start
|switch|p1a: Volcarona|Volcarona, L50, M|100/100
|switch|p1b: Incineroar|Incineroar, L50, F|100/100
|switch|p2a: Oranguru|Oranguru, L50, F|100/100
|switch|p2b: Torkoal|Torkoal, L50, F|100/100
|-ability|p1b: Incineroar|Intimidate|boost
|-fail|p2a: Oranguru|unboost|Attack|[from] ability: Inner Focus|[of] p2a: Oranguru
|-unboost|p2b: Torkoal|atk|1
|-weather|SunnyDay|[from] ability: Drought|[of] p2b: Torkoal
|-enditem|p2b: Torkoal|Eject Pack
|
|t:|1756783523
|switch|p2b: Grimmsnarl|Grimmsnarl, L50, M|100/100
|turn|1
|
|t:|1756783538
|move|p1b: Incineroar|Fake Out|p2b: Grimmsnarl
|-damage|p2b: Grimmsnarl|89/100
|cant|p2b: Grimmsnarl|flinch
|move|p1a: Volcarona|Quiver Dance|p1a: Volcarona
|-boost|p1a: Volcarona|spa|1
|-boost|p1a: Volcarona|spd|1
|-boost|p1a: Volcarona|spe|1
|move|p2a: Oranguru|Trick Room|p2a: Oranguru
|-fieldstart|move: Trick Room|[of] p2a: Oranguru
|
|-weather|SunnyDay|[upkeep]
|upkeep
|turn|2
|inactive|RagCheese has 30 seconds left.
|
|t:|1756783568
|move|p2a: Oranguru|Protect|p2a: Oranguru
|-singleturn|p2a: Oranguru|Protect
|move|p2b: Grimmsnarl|Fake Tears|p1a: Volcarona
|-unboost|p1a: Volcarona|spd|2
|move|p1b: Incineroar|Knock Off|p2a: Oranguru
|-activate|p2a: Oranguru|move: Protect
|move|p1a: Volcarona|Heat Wave|p2b: Grimmsnarl|[spread] p2b
|-activate|p2a: Oranguru|move: Protect
|-damage|p2b: Grimmsnarl|0 fnt
|faint|p2b: Grimmsnarl
|
|-weather|SunnyDay|[upkeep]
|upkeep
|
|t:|1756783586
|switch|p2b: Torkoal|Torkoal, L50, F|100/100
|turn|3
|
|t:|1756783592
|-terastallize|p2b: Torkoal|Fire
|move|p1a: Volcarona|Protect|p1a: Volcarona
|-singleturn|p1a: Volcarona|Protect
|move|p2b: Torkoal|Eruption|p1b: Incineroar|[spread] p1b
|-activate|p1a: Volcarona|move: Protect
|-resisted|p1b: Incineroar
|-damage|p1b: Incineroar|59/100
|move|p2a: Oranguru|Instruct|p2b: Torkoal
|-singleturn|p2b: Torkoal|move: Instruct|[of] p2a: Oranguru
|move|p2b: Torkoal|Eruption|p1b: Incineroar|[spread] p1b
|-activate|p1a: Volcarona|move: Protect
|-resisted|p1b: Incineroar
|-damage|p1b: Incineroar|16/100
|move|p1b: Incineroar|Parting Shot|p2b: Torkoal
|-unboost|p2b: Torkoal|atk|1
|-unboost|p2b: Torkoal|spa|1
|
|t:|1756783608
|switch|p1b: Rillaboom|Rillaboom, L50, M|100/100|[from] Parting Shot
|-fieldstart|move: Grassy Terrain|[from] ability: Grassy Surge|[of] p1b: Rillaboom
|
|-weather|SunnyDay|[upkeep]
|upkeep
|turn|4
|inactive|RagCheese has 30 seconds left.
|
|t:|1756783635
|move|p2b: Torkoal|Protect|p2b: Torkoal
|-singleturn|p2b: Torkoal|Protect
|move|p2a: Oranguru|Protect|p2a: Oranguru
|-singleturn|p2a: Oranguru|Protect
|move|p1b: Rillaboom|Fake Out|p2b: Torkoal
|-activate|p2b: Torkoal|move: Protect
|move|p1a: Volcarona|Quiver Dance|p1a: Volcarona
|-boost|p1a: Volcarona|spa|1
|-boost|p1a: Volcarona|spd|1
|-boost|p1a: Volcarona|spe|1
|
|-weather|SunnyDay|[upkeep]
|upkeep
|turn|5
|
|t:|1756783647
|-terastallize|p1b: Rillaboom|Fire
|move|p1a: Volcarona|Protect|p1a: Volcarona
|-singleturn|p1a: Volcarona|Protect
|move|p2b: Torkoal|Eruption|p1b: Rillaboom|[spread] p1b
|-activate|p1a: Volcarona|move: Protect
|-resisted|p1b: Rillaboom
|-damage|p1b: Rillaboom|77/100
|move|p2a: Oranguru|Instruct|p2b: Torkoal
|-singleturn|p2b: Torkoal|move: Instruct|[of] p2a: Oranguru
|move|p2b: Torkoal|Eruption|p1a: Volcarona|[spread] p1b
|-activate|p1a: Volcarona|move: Protect
|-resisted|p1b: Rillaboom
|-damage|p1b: Rillaboom|55/100
|move|p1b: Rillaboom|U-turn|p2a: Oranguru
|-supereffective|p2a: Oranguru
|-damage|p2a: Oranguru|50/100
|
|t:|1756783663
|switch|p1b: Sneasler|Sneasler, L50, F|100/100|[from] U-turn
|
|-weather|none
|-heal|p2a: Oranguru|56/100|[from] Grassy Terrain
|-fieldend|move: Trick Room
|upkeep
|turn|6
|
|t:|1756783676
|move|p2a: Oranguru|Protect|p2a: Oranguru
|-singleturn|p2a: Oranguru|Protect
|move|p1a: Volcarona|Heat Wave|p2a: Oranguru|[spread] p2b
|-activate|p2a: Oranguru|move: Protect
|-resisted|p2b: Torkoal
|-damage|p2b: Torkoal|58/100
|move|p1b: Sneasler|Dire Claw|p2b: Torkoal
|-damage|p2b: Torkoal|28/100
|-status|p2b: Torkoal|slp
|cant|p2b: Torkoal|slp
|
|-heal|p2a: Oranguru|62/100|[from] Grassy Terrain
|-heal|p2b: Torkoal|33/100 slp|[from] Grassy Terrain
|upkeep
|turn|7
|inactive|RagCheese has 30 seconds left.
|
|t:|1756783707
|cant|p2b: Torkoal|slp
|move|p1a: Volcarona|Heat Wave|p2a: Oranguru|[spread] p2a,p2b
|-resisted|p2b: Torkoal
|-damage|p2a: Oranguru|19/100
|-damage|p2b: Torkoal|0 fnt
|faint|p2b: Torkoal
|move|p1b: Sneasler|Dire Claw|p2a: Oranguru
|-damage|p2a: Oranguru|0 fnt
|faint|p2a: Oranguru
|
|-fieldend|move: Grassy Terrain
|upkeep
|
|t:|1756783715
|switch|p2b: Lurantis|Lurantis, L50, F|100/100
|turn|8
|-message|RagCheese forfeited.
|
|win|epom158
|raw|epom158's rating: 1169 → 1189(+20 for winning)
|raw|RagCheese's rating: 1104 → 1084(-20 for losing)
