|j|‽ziggleroid_don
|j|‽LovelyDovelyMoment
|html|ziggleroid_donLovelyDovelyMoment    
|uhtml|bestof|Game 1 of a best-of-3
|t:|1785663003
|gametype|doubles
|player|p1|ziggleroid_don|265|
|player|p2|LovelyDovelyMoment|iris-gen5bw2|
|gen|9
|tier|[Gen 9 Champions] VGC 2026 Reg M-B (Bo3)
|rule|Species Clause: Limit one of each Pokémon
|rule|Item Clause: Limit 1 of each item
|clearpoke
|poke|p1|Heliolisk, L50, F|
|poke|p1|Simisear, L50, F|
|poke|p1|Zoroark, L50, M|
|poke|p1|Tinkaton, L50, F|
|poke|p1|Simipour, L50, M|
|poke|p1|Runerigus, L50, M|
|poke|p2|Tinkaton, L50, F|
|poke|p2|Mr. Rime, L50, M|
|poke|p2|Heliolisk, L50, F|
|poke|p2|Simipour, L50, M|
|poke|p2|Simisear, L50, M|
|poke|p2|Runerigus, L50, M|
|teampreview|4
|showteam|p1|Heliolisk||ChoiceScarf|SolarPower|Thunderbolt,VoltSwitch,Uturn,GrassKnot|Timid||F|||50|]Simisear||LifeOrb|Gluttony|RockSlide,FlameCharge,FlareBlitz,Protect|Jolly||F|||50|]Zoroark||HeatRock|Illusion|SunnyDay,Crunch,Protect,Uturn|Jolly||M|||50|]Tinkaton||Leftovers|MoldBreaker|FakeOut,GigatonHammer,KnockOff,Encore|Serious||F|||50|]Simipour||SitrusBerry|Gluttony|FakeOut,ChillingWater,Scald,Protect|Modest||M|||50|]Runerigus||RindoBerry|WanderingSpirit|BodyPress,IronDefense,WillOWisp,Protect|Bold||M|||50|
|showteam|p2|Tinkaton||SitrusBerry|Pickpocket|FakeOut,GigatonHammer,IceHammer,Protect|Adamant||F|||50|]Mr. Rime||LightClay|ScreenCleaner|TeeterDance,FreezeDry,FocusBlast,FakeOut|Timid||M|||50|]Heliolisk||LifeOrb|DrySkin|HyperVoice,Thunder,Protect,WeatherBall|Timid||F|||50|]Simipour||DampRock|Torrent|RainDance,FlipTurn,FakeOut,ThroatChop|Jolly||M|||50|]Simisear||ChoiceScarf|Blaze|Overheat,FocusBlast,SunnyDay,HeatWave|Modest||M|||50|]Runerigus||Leftovers|WanderingSpirit|GuardSwap,BodyPress,Protect,Bulldoze|Sassy||M|||50|
|
|t:|1785663036
|teamsize|p1|4
|teamsize|p2|4
|start
|switch|p1a: Simisear|Simisear, L50, F|100/100
|switch|p1b: Runerigus|Runerigus, L50, M|100/100
|switch|p2a: Runerigus|Runerigus, L50, M|100/100
|switch|p2b: Tinkaton|Tinkaton, L50, F|100/100
|turn|1
|
|t:|1785663072
|switch|p2b: Simisear|Simisear, L50, M|100/100
|move|p1a: Simisear|Protect|p1a: Simisear
|-singleturn|p1a: Simisear|Protect
|move|p1b: Runerigus|Sunny Day|p1b: Runerigus
|-weather|SunnyDay
|move|p2a: Runerigus|Guard Swap|p2b: Simisear
|-swapboost|p2a: Runerigus|p2b: Simisear|def, spd|[from] move: Guard Swap
|
|-weather|SunnyDay|[upkeep]
|upkeep
|turn|2
|
|t:|1785663102
|switch|p1a: Runerigus|Runerigus, L50, M|100/100
|move|p2b: Simisear|Heat Wave|p1a: Runerigus|[spread] p1a,p1b
|-damage|p1a: Runerigus|48/100
|-damage|p1b: Runerigus|3/100
|replace|p1b: Zoroark|Zoroark, L50, M
|-end|p1b: Zoroark|Illusion
|move|p1b: Zoroark|Crunch|p2a: Runerigus
|-supereffective|p2a: Runerigus|1
|-damage|p2a: Runerigus|44/100
|move|p2a: Runerigus|Body Press|p1a: Runerigus
|-immune|p1a: Runerigus
|
|-weather|SunnyDay|[upkeep]
|-heal|p2a: Runerigus|50/100g|[from] item: Leftovers
|upkeep
|turn|3
|
|t:|1785663119
|move|p1b: Zoroark|Protect|p1b: Zoroark
|-singleturn|p1b: Zoroark|Protect
|move|p1a: Runerigus|Protect|p1a: Runerigus
|-singleturn|p1a: Runerigus|Protect
|move|p2a: Runerigus|Protect|p2a: Runerigus
|-singleturn|p2a: Runerigus|Protect
|move|p2b: Simisear|Heat Wave|p1a: Runerigus|[spread] 
|-activate|p1a: Runerigus|move: Protect
|-activate|p1b: Zoroark|move: Protect
|
|-weather|SunnyDay|[upkeep]
|-heal|p2a: Runerigus|56/100|[from] item: Leftovers
|upkeep
|turn|4
|
|t:|1785663140
|move|p2b: Simisear|Heat Wave|p1b: Zoroark|[spread] p1a,p1b
|-damage|p1a: Runerigus|0 fnt
|-damage|p1b: Zoroark|0 fnt
|faint|p1a: Runerigus
|faint|p1b: Zoroark
|move|p2a: Runerigus|Body Press|p1: Runerigus|[notarget]
|-fail|p2a: Runerigus
|
|-weather|SunnyDay|[upkeep]
|-heal|p2a: Runerigus|62/100|[from] item: Leftovers
|upkeep
|
|t:|1785663152
|switch|p1b: Tinkaton|Tinkaton, L50, F|100/100
|switch|p1a: Simisear|Simisear, L50, F|100/100
|-ability|p1b: Tinkaton|Mold Breaker
|turn|5
|
|t:|1785663162
|move|p1b: Tinkaton|Fake Out|p2b: Simisear
|-damage|p2b: Simisear|86/100
|cant|p2b: Simisear|flinch
|move|p1a: Simisear|Flare Blitz|p2a: Runerigus
|-damage|p2a: Runerigus|0 fnt
|-activate|p1a: Simisear|Skill Swap|Wandering Spirit|Gluttony|[of] p2a: Runerigus
|faint|p2a: Runerigus
|-damage|p1a: Simisear|77/100|[from] Recoil
|-damage|p1a: Simisear|67/100|[from] item: Life Orb
|
|-weather|SunnyDay|[upkeep]
|upkeep
|
|t:|1785663171
|switch|p2a: Mr. Rime|Mr. Rime, L50, M|100/100
|turn|6
|
|t:|1785663183
|move|p2a: Mr. Rime|Fake Out|p1a: Simisear
|-damage|p1a: Simisear|55/100
|-activate|p2a: Mr. Rime|Skill Swap|Wandering Spirit|Screen Cleaner|[of] p1a: Simisear
|move|p2b: Simisear|Heat Wave|p1b: Tinkaton|[spread] p1b
|-miss|p2b: Simisear|p1a: Simisear
|-supereffective|p1b: Tinkaton|1
|-damage|p1b: Tinkaton|12/100
|cant|p1a: Simisear|flinch
|move|p1b: Tinkaton|Knock Off|p2b: Simisear
|-damage|p2b: Simisear|53/100
|-enditem|p2b: Simisear|Choice Scarf|[from] move: Knock Off|[of] p1b: Tinkaton
|
|-weather|SunnyDay|[upkeep]
|-heal|p1b: Tinkaton|18/100|[from] item: Leftovers
|upkeep
|turn|7
|
|t:|1785663206
|move|p1a: Simisear|Rock Slide|p2a: Mr. Rime|[spread] p2a,p2b
|-supereffective|p2a: Mr. Rime|1
|-supereffective|p2b: Simisear|1
|-damage|p2a: Mr. Rime|40/100
|-damage|p2b: Simisear|0 fnt
|faint|p2b: Simisear
|-damage|p1a: Simisear|45/100|[from] item: Life Orb
|move|p1b: Tinkaton|Gigaton Hammer|p2a: Mr. Rime
|-supereffective|p2a: Mr. Rime|1
|-damage|p2a: Mr. Rime|0 fnt
|faint|p2a: Mr. Rime
|
|-weather|SunnyDay|[upkeep]
|-heal|p1b: Tinkaton|25/100|[from] item: Leftovers
|upkeep
|
|t:|1785663210
|switch|p2b: Tinkaton|Tinkaton, L50, F|100/100
|turn|8
|
|t:|1785663233
|move|p2b: Tinkaton|Fake Out|p1a: Simisear
|-damage|p1a: Simisear|27/100
|cant|p1a: Simisear|flinch
|move|p1b: Tinkaton|Knock Off|p2b: Tinkaton
|-resisted|p2b: Tinkaton|1
|-damage|p2b: Tinkaton|90/100
|-enditem|p2b: Tinkaton|Sitrus Berry|[from] move: Knock Off|[of] p1b: Tinkaton
|-enditem|p1b: Tinkaton|Leftovers|[silent]|[from] ability: Pickpocket|[of] p1b: Tinkaton
|-item|p2b: Tinkaton|Leftovers|[from] ability: Pickpocket|[of] p1b: Tinkaton
|
|-weather|none
|-heal|p2b: Tinkaton|96/100|[from] item: Leftovers
|upkeep
|turn|9
|
|t:|1785663249
|move|p1a: Simisear|Flare Blitz|p2b: Tinkaton
|-supereffective|p2b: Tinkaton|1
|-damage|p2b: Tinkaton|0 fnt
|faint|p2b: Tinkaton
|-damage|p1a: Simisear|0 fnt|[from] Recoil
|faint|p1a: Simisear
|
|win|ziggleroid_don
||LovelyDovelyMoment is ready for game 2.
|inactive|ziggleroid_don has 30 seconds to confirm battle start!
||ziggleroid_don is ready for game 2.
|uhtml|next|Next: Game 2 of 3
