|j|☆Capfoo
|j|☆randomguy1114s
|html|Capfoorandomguy1114s    
|uhtml|bestof|Game 3 of a best-of-3
|t:|1756934064
|gametype|doubles
|player|p1|Capfoo|brawly|1117
|player|p2|randomguy1114s|lillie-masters|1145
|gen|9
|tier|[Gen 9] VGC 2025 Reg H (Bo3)
|rated|
|rule|Species Clause: Limit one of each Pokémon
|rule|Item Clause: Limit 1 of each item
|clearpoke
|poke|p1|Whimsicott, L50, M|
|poke|p1|Annihilape, L50, M|
|poke|p1|Archaludon, L50, M|
|poke|p1|Meowscarada, L50, F|
|poke|p1|Pelipper, L50, M|
|poke|p1|Indeedee-F, L50, F|
|poke|p2|Talonflame, L50, F|
|poke|p2|Garchomp, L50, M|
|poke|p2|Tyranitar, L50, M|
|poke|p2|Ursaluna-Bloodmoon, L50, M|
|poke|p2|Amoonguss, L50, F|
|poke|p2|Chandelure, L50, F|
|teampreview|4
|showteam|p1|Whimsicott||CovertCloak|Prankster|Tailwind,DazzlingGleam,Taunt,BeatUp|||M|||50|,,,,,Water]Annihilape||Leftovers|Defiant|DrainPunch,RageFist,BulkUp,Protect|||M|||50|,,,,,Fire]Archaludon||AssaultVest|Stamina|BodyPress,FlashCannon,DragonPulse,ElectroShot|||M|||50|,,,,,Ghost]Meowscarada||ChoiceBand|Protean|FlowerTrick,KnockOff,TripleAxel,Uturn|||F|||50|,,,,,Grass]Pelipper||FocusSash|Drizzle|Hurricane,WeatherBall,WideGuard,Protect|||M|||50|,,,,,Grass]Indeedee-F||SafetyGoggles|PsychicSurge|FollowMe,Psychic,Imprison,TrickRoom|||F|||50|,,,,,Fairy
|showteam|p2|Talonflame||SafetyGoggles|GaleWings|Tailwind,FlareBlitz,BraveBird,WillOWisp|||F|||50|,,,,,Ghost]Garchomp||ClearAmulet|SandVeil|Earthquake,DragonClaw,StompingTantrum,Protect|||M|||50|,,,,,Steel]Tyranitar||AssaultVest|SandStream|RockSlide,KnockOff,TeraBlast,LowKick|||M|||50|,,,,,Flying]Ursaluna-Bloodmoon||LifeOrb|MindsEye|BloodMoon,HyperVoice,EarthPower,Protect|||M|||50|,,,,,Normal]Amoonguss||MentalHerb|Regenerator|RagePowder,PollenPuff,Spore,Protect|||F|||50|,,,,,Water]Chandelure||SitrusBerry|FlashFire|HeatWave,ShadowBall,TrickRoom,Protect|||F|||50|,,,,,Grass
|
|t:|1756934080
|teamsize|p1|4
|teamsize|p2|4
|start
|switch|p1a: Indeedee|Indeedee-F, L50, F|100/100
|switch|p1b: Meowscarada|Meowscarada, L50, F|100/100
|switch|p2a: BIRDD|Talonflame, L50, F, shiny|100/100
|switch|p2b: BEARRRRRR|Ursaluna-Bloodmoon, L50, M|100/100
|-fieldstart|move: Psychic Terrain|[from] ability: Psychic Surge|[of] p1a: Indeedee
|turn|1
|
|t:|1756934109
|switch|p2a: SHROOMSSSS|Amoonguss, L50, F, shiny|100/100
|move|p2b: BEARRRRRR|Protect|p2b: BEARRRRRR
|-singleturn|p2b: BEARRRRRR|Protect
|move|p1b: Meowscarada|Triple Axel|p2b: BEARRRRRR
|-start|p1b: Meowscarada|typechange|Ice|[from] ability: Protean
|-activate|p2b: BEARRRRRR|move: Protect
|move|p1a: Indeedee|Psychic|p2a: SHROOMSSSS
|-supereffective|p2a: SHROOMSSSS
|-damage|p2a: SHROOMSSSS|32/100
|
|upkeep
|turn|2
|
|t:|1756934129
|switch|p1b: Pelipper|Pelipper, L50, M|100/100
|-weather|RainDance|[from] ability: Drizzle|[of] p1b: Pelipper
|-terastallize|p2b: BEARRRRRR|Normal
|move|p1a: Indeedee|Psychic|p2a: SHROOMSSSS
|-supereffective|p2a: SHROOMSSSS
|-damage|p2a: SHROOMSSSS|0 fnt
|faint|p2a: SHROOMSSSS
|move|p2b: BEARRRRRR|Blood Moon|p1a: Indeedee
|-damage|p1a: Indeedee|0 fnt
|faint|p1a: Indeedee
|-damage|p2b: BEARRRRRR|91/100|[from] item: Life Orb
|
|-weather|RainDance|[upkeep]
|upkeep
|
|t:|1756934142
|switch|p1a: Meowscarada|Meowscarada, L50, F|100/100
|switch|p2a: BIRDD|Talonflame, L50, F, shiny|100/100
|turn|3
|
|t:|1756934158
|move|p2a: BIRDD|Tailwind|p2a: BIRDD
|-sidestart|p2: randomguy1114s|move: Tailwind
|move|p2b: BEARRRRRR|Hyper Voice|p1b: Pelipper|[spread] p1a,p1b
|-damage|p1a: Meowscarada|0 fnt
|-enditem|p1b: Pelipper|Focus Sash
|-damage|p1b: Pelipper|1/100
|faint|p1a: Meowscarada
|-damage|p2b: BEARRRRRR|81/100|[from] item: Life Orb
|move|p1b: Pelipper|Weather Ball|p2b: BEARRRRRR
|-damage|p2b: BEARRRRRR|0 fnt
|faint|p2b: BEARRRRRR
|
|-weather|RainDance|[upkeep]
|upkeep
|
|t:|1756934184
|switch|p1a: Archaludon|Archaludon, L50, M|100/100
|switch|p2b: DINOOOO|Tyranitar, L50, M, shiny|100/100
|-weather|Sandstorm|[from] ability: Sand Stream|[of] p2b: DINOOOO
|turn|4
|
|t:|1756934222
|move|p2a: BIRDD|Will-O-Wisp|p1a: Archaludon|[miss]
|-miss|p2a: BIRDD|p1a: Archaludon
|move|p2b: DINOOOO|Rock Slide|p1a: Archaludon|[spread] p1a,p1b
|-resisted|p1a: Archaludon
|-supereffective|p1b: Pelipper
|-damage|p1a: Archaludon|88/100
|-damage|p1b: Pelipper|0 fnt
|-ability|p1a: Archaludon|Stamina|boost
|-boost|p1a: Archaludon|def|1
|faint|p1b: Pelipper
|move|p1a: Archaludon|Electro Shot||[still]
|-prepare|p1a: Archaludon|Electro Shot
|-boost|p1a: Archaludon|spa|1
|
|-weather|Sandstorm|[upkeep]
|upkeep
|turn|5
|
|t:|1756934232
|move|p2a: BIRDD|Will-O-Wisp|p1a: Archaludon
|-status|p1a: Archaludon|brn
|move|p2b: DINOOOO|Low Kick|p1a: Archaludon
|-supereffective|p1a: Archaludon
|-damage|p1a: Archaludon|57/100 brn
|-ability|p1a: Archaludon|Stamina|boost
|-boost|p1a: Archaludon|def|1
|move|p1a: Archaludon|Electro Shot|p2b: DINOOOO|[from] lockedmove
|-damage|p2b: DINOOOO|70/100
|
|-weather|Sandstorm|[upkeep]
|-damage|p1a: Archaludon|51/100 brn|[from] brn
|-fieldend|move: Psychic Terrain
|upkeep
|turn|6
|
|t:|1756934250
|move|p2a: BIRDD|Flare Blitz|p1a: Archaludon
|-damage|p1a: Archaludon|32/100 brn
|-ability|p1a: Archaludon|Stamina|boost
|-boost|p1a: Archaludon|def|1
|-damage|p2a: BIRDD|93/100|[from] Recoil
|move|p2b: DINOOOO|Low Kick|p1a: Archaludon
|-supereffective|p1a: Archaludon
|-damage|p1a: Archaludon|13/100 brn
|-ability|p1a: Archaludon|Stamina|boost
|-boost|p1a: Archaludon|def|1
|move|p1a: Archaludon|Dragon Pulse|p2a: BIRDD
|-damage|p2a: BIRDD|0 fnt
|faint|p2a: BIRDD
|
|-weather|Sandstorm|[upkeep]
|-damage|p1a: Archaludon|7/100 brn|[from] brn
|-sideend|p2: randomguy1114s|move: Tailwind
|upkeep
|turn|7
|
|t:|1756934281
|-terastallize|p1a: Archaludon|Ghost
|move|p1a: Archaludon|Body Press|p2b: DINOOOO
|-supereffective|p2b: DINOOOO
|-damage|p2b: DINOOOO|0 fnt
|faint|p2b: DINOOOO
|
|win|Capfoo
|raw|Capfoo's rating: 1117 → 1144(+27 for winning)
|raw|randomguy1114s's rating: 1145 → 1118(-27 for losing)
|c|☆Capfoo|gg
