|j|☆T0123456789
|j|☆MrKiran
|html|T0123456789MrKiran    
|uhtml|bestof|Game 2 of a best-of-3
|t:|1754992192
|gametype|doubles
|player|p1|T0123456789|dawn|1145
|player|p2|MrKiran|n|1200
|gen|9
|tier|[Gen 9] VGC 2025 Reg H (Bo3)
|rated|
|rule|Species Clause: Limit one of each Pokémon
|rule|Item Clause: Limit 1 of each item
|clearpoke
|poke|p1|Weezing-Galar, L50, F|
|poke|p1|Toedscruel, L50, F|
|poke|p1|Typhlosion-Hisui, L50, M|
|poke|p1|Kommo-o, L50, M|
|poke|p1|Talonflame, L50, M|
|poke|p1|Dragapult, L50, F|
|poke|p2|Annihilape, L50, F|
|poke|p2|Dragonite, L50, F|
|poke|p2|Kommo-o, L50, F|
|poke|p2|Rillaboom, L50, F|
|poke|p2|Electabuzz, L50, F|
|poke|p2|Basculegion, L50, M|
|teampreview|4
|showteam|p1|Weezing-Galar||ChoiceSpecs|NeutralizingGas|StrangeSteam,SludgeBomb,Flamethrower,DazzlingGleam|||F|||50|,,,,,Fire]Toedscruel||CovertCloak|MyceliumMight|Spore,RagePowder,TrickRoom,EarthPower|||F|||50|,,,,,Water]Typhlosion-Hisui||ChoiceScarf|Blaze|Eruption,HeatWave,Flamethrower,ShadowBall|||M|||50|,,,,,Fire]Kommo-o||Leftovers|Overcoat|Protect,BodyPress,Flamethrower,IronDefense|||M|||50|,,,,,Fire]Talonflame||SharpBeak|GaleWings|Protect,BraveBird,WillOWisp,Tailwind|||M|||50|,,,,,Ghost]Dragapult||FocusSash|ClearBody|Protect,DragonDarts,SuckerPunch,PhantomForce|||F|||50|,,,,,Dragon
|showteam|p2|Annihilape||FocusSash|Defiant|CloseCombat,RageFist,Coaching,Taunt|||F|||50|,,,,,Grass]Dragonite||LoadedDice|Multiscale|ScaleShot,ExtremeSpeed,Haze,Protect|||F|||50|,,,,,Fairy]Kommo-o||ThroatSpray|Overcoat|ClangorousSoul,ClangingScales,Flamethrower,Protect|||F|||50|,,,,,Fire]Rillaboom||AssaultVest|GrassySurge|FakeOut,GrassyGlide,WoodHammer,Uturn|||F|||50|,,,,,Fire]Electabuzz||Eviolite|Static|Electroweb,VoltSwitch,FollowMe,Protect|||F|||50|,,,,,Ghost]Basculegion||ChoiceScarf|Adaptability|WaveCrash,LastRespects,AquaJet,FlipTurn|||M|||50|,,,,,Water
|inactive|Battle timer is ON: inactive players will automatically lose when time's up. (requested by T0123456789)
|j| Arkhept
|l| Arkhept
|
|t:|1754992221
|teamsize|p1|4
|teamsize|p2|4
|start
|switch|p1a: Weezing|Weezing-Galar, L50, F|100/100
|switch|p1b: Toedscruel|Toedscruel, L50, F|100/100
|switch|p2a: Dragonite|Dragonite, L50, F|100/100
|switch|p2b: Electabuzz|Electabuzz, L50, F|100/100
|-ability|p1a: Weezing|Neutralizing Gas
|turn|1
|
|t:|1754992233
|-terastallize|p2a: Dragonite|Fairy
|move|p2b: Electabuzz|Follow Me|p2b: Electabuzz
|-singleturn|p2b: Electabuzz|move: Follow Me
|move|p1b: Toedscruel|Spore|p2b: Electabuzz
|-status|p2b: Electabuzz|slp|[from] move: Spore
|move|p2a: Dragonite|Scale Shot|p1b: Toedscruel
|-damage|p1b: Toedscruel|80/100
|-crit|p1b: Toedscruel
|-damage|p1b: Toedscruel|48/100
|-damage|p1b: Toedscruel|28/100
|-damage|p1b: Toedscruel|10/100
|-damage|p1b: Toedscruel|0 fnt
|faint|p1b: Toedscruel
|-hitcount|p1: Toedscruel|5
|-unboost|p2a: Dragonite|def|1
|-boost|p2a: Dragonite|spe|1
|move|p1a: Weezing|Dazzling Gleam|p2a: Dragonite|[spread] p2a,p2b
|-damage|p2a: Dragonite|60/100
|-damage|p2b: Electabuzz|71/100 slp
|
|upkeep
|
|t:|1754992252
|switch|p1b: Kommo-o|Kommo-o, L50, M|100/100
|turn|2
|inactive|MrKiran has 30 seconds left.
|
|t:|1754992278
|-terastallize|p1b: Kommo-o|Fire
|cant|p2b: Electabuzz|slp
|move|p2a: Dragonite|Scale Shot|p1b: Kommo-o|[miss]
|-miss|p2a: Dragonite|p1b: Kommo-o
|move|p1b: Kommo-o|Iron Defense|p1b: Kommo-o
|-boost|p1b: Kommo-o|def|2
|move|p1a: Weezing|Dazzling Gleam|p2a: Dragonite|[spread] p2a,p2b
|-damage|p2a: Dragonite|22/100
|-damage|p2b: Electabuzz|41/100 slp
|
|upkeep
|turn|3
|
|t:|1754992289
|move|p2a: Dragonite|Protect|p2a: Dragonite
|-singleturn|p2a: Dragonite|Protect
|-curestatus|p2b: Electabuzz|slp|[msg]
|move|p2b: Electabuzz|Volt Switch|p1b: Kommo-o
|-damage|p1b: Kommo-o|81/100
|
|t:|1754992296
|switch|p2b: Rillaboom|Rillaboom, L50, F|100/100|[from] Volt Switch
|move|p1b: Kommo-o|Iron Defense|p1b: Kommo-o
|-boost|p1b: Kommo-o|def|2
|move|p1a: Weezing|Dazzling Gleam|p2a: Dragonite|[spread] p2b
|-activate|p2a: Dragonite|move: Protect
|-damage|p2b: Rillaboom|76/100
|
|-heal|p1b: Kommo-o|87/100|[from] item: Leftovers
|upkeep
|turn|4
|
|t:|1754992308
|move|p2b: Rillaboom|Fake Out|p1a: Weezing
|-damage|p1a: Weezing|88/100
|move|p2a: Dragonite|Haze|p2a: Dragonite
|-clearallboost
|move|p1b: Kommo-o|Body Press|p2b: Rillaboom
|-damage|p2b: Rillaboom|40/100
|cant|p1a: Weezing|flinch
|
|-heal|p1b: Kommo-o|93/100|[from] item: Leftovers
|upkeep
|turn|5
|
|t:|1754992320
|move|p2a: Dragonite|Scale Shot|p1b: Kommo-o
|-damage|p1b: Kommo-o|81/100
|-damage|p1b: Kommo-o|71/100
|-damage|p1b: Kommo-o|59/100
|-damage|p1b: Kommo-o|49/100
|-hitcount|p1b: Kommo-o|4
|-unboost|p2a: Dragonite|def|1
|-boost|p2a: Dragonite|spe|1
|move|p2b: Rillaboom|U-turn|p1b: Kommo-o
|-resisted|p1b: Kommo-o
|-damage|p1b: Kommo-o|41/100
|
|t:|1754992325
|switch|p2b: Electabuzz|Electabuzz, L50, F|41/100|[from] U-turn
|move|p1b: Kommo-o|Iron Defense|p1b: Kommo-o
|-boost|p1b: Kommo-o|def|2
|move|p1a: Weezing|Dazzling Gleam|p2a: Dragonite|[spread] p2a,p2b
|-damage|p2a: Dragonite|0 fnt
|-damage|p2b: Electabuzz|10/100
|faint|p2a: Dragonite
|
|-heal|p1b: Kommo-o|47/100|[from] item: Leftovers
|upkeep
|
|t:|1754992334
|switch|p2a: Rillaboom|Rillaboom, L50, F|40/100
|turn|6
|
|t:|1754992343
|move|p2a: Rillaboom|Fake Out|p1b: Kommo-o
|-damage|p1b: Kommo-o|42/100
|move|p2b: Electabuzz|Electroweb|p1a: Weezing|[spread] p1a,p1b
|-damage|p1a: Weezing|68/100
|-damage|p1b: Kommo-o|30/100
|-unboost|p1a: Weezing|spe|1
|-unboost|p1b: Kommo-o|spe|1
|cant|p1b: Kommo-o|flinch
|move|p1a: Weezing|Dazzling Gleam|p2b: Electabuzz|[spread] p2a,p2b
|-damage|p2a: Rillaboom|10/100
|-damage|p2b: Electabuzz|0 fnt
|faint|p2b: Electabuzz
|
|-heal|p1b: Kommo-o|36/100|[from] item: Leftovers
|upkeep
|
|t:|1754992353
|switch|p2b: Annihilape|Annihilape, L50, F, shiny|100/100
|turn|7
|
|t:|1754992362
|move|p2b: Annihilape|Close Combat|p1b: Kommo-o
|-damage|p1b: Kommo-o|16/100
|-unboost|p2b: Annihilape|def|1
|-unboost|p2b: Annihilape|spd|1
|move|p2a: Rillaboom|Wood Hammer|p1a: Weezing
|-resisted|p1a: Weezing
|-damage|p1a: Weezing|40/100
|-damage|p2a: Rillaboom|3/100|[from] Recoil
|move|p1b: Kommo-o|Iron Defense|p1b: Kommo-o
|-boost|p1b: Kommo-o|def|2
|move|p1a: Weezing|Dazzling Gleam|p2b: Annihilape|[spread] p2a,p2b
|-supereffective|p2b: Annihilape
|-damage|p2a: Rillaboom|0 fnt
|-enditem|p2b: Annihilape|Focus Sash
|-damage|p2b: Annihilape|1/100
|faint|p2a: Rillaboom
|
|-heal|p1b: Kommo-o|22/100|[from] item: Leftovers
|upkeep
|turn|8
|-message|MrKiran forfeited.
|
|win|T0123456789
|raw|T0123456789's rating: 1145 → 1174(+29 for winning)
|raw|MrKiran's rating: 1200 → 1171(-29 for losing)
|l|☆MrKiran
|player|p2|
