|j|‽undershucklee
|j|☆MrMrvz
|html|undershuckleeMrMrvz    
|uhtml|bestof|Game 2 of a best-of-3
|t:|1785945578
|gametype|doubles
|player|p1|undershucklee|elesa|1174
|player|p2|MrMrvz|ethan|1173
|gen|9
|tier|[Gen 9 Champions] VGC 2026 Reg M-B (Bo3)
|rated|
|rule|Species Clause: Limit one of each Pokémon
|rule|Item Clause: Limit 1 of each item
|clearpoke
|poke|p1|Blaziken, L50, F|
|poke|p1|Kingambit, L50, F|
|poke|p1|Sinistcha, L50|
|poke|p1|Raichu, L50, M|
|poke|p1|Incineroar, L50, M|
|poke|p1|Garchomp, L50, M|
|poke|p2|Feraligatr, L50, M, shiny|
|poke|p2|Staraptor, L50, M|
|poke|p2|Whimsicott, L50, F|
|poke|p2|Glimmora, L50, F|
|poke|p2|Delphox, L50, M|
|poke|p2|Kingambit, L50, M, shiny|
|teampreview|4
|showteam|p1|Blaziken||Blazikenite|SpeedBoost|CloseCombat,FlareBlitz,RockSlide,Protect|Adamant||F|||50|]Kingambit||FocusSash|Defiant|SuckerPunch,KowtowCleave,IronHead,LowKick|Adamant||F|||50|]Sinistcha||Leftovers|Hospitality|MatchaGotcha,LifeDew,RagePowder,TrickRoom|Calm|||||50|]Raichu||RaichuniteY|LightningRod|FakeOut,ZapCannon,FocusBlast,Protect|Timid||M|||50|]Incineroar||SitrusBerry|Intimidate|FlareBlitz,FakeOut,ThroatChop,PartingShot|Impish||M|||50|]Garchomp||LifeOrb|RoughSkin|Earthquake,DragonClaw,RockSlide,Protect|Jolly||M|||50|
|showteam|p2|Feraligatr||LifeOrb|SheerForce|Liquidation,RockSlide,IcePunch,AquaJet|Adamant||M|||50|]Staraptor||Staraptite|Intimidate|BraveBird,CloseCombat,Roost,Protect|Jolly||M|||50|]Whimsicott||OccaBerry|Prankster|Tailwind,Moonblast,Charm,LightScreen|Timid||F|||50|]Glimmora||FocusSash|ToxicDebris|PowerGem,SludgeBomb,EarthPower,SpikyShield|Modest||F|||50|]Delphox||Delphoxite|Blaze|HeatWave,Psychic,Encore,Protect|Timid||M|||50|]Kingambit||ChopleBerry|Defiant|KowtowCleave,IronHead,LowKick,SuckerPunch|Adamant||M|||50|
|inactive|Battle timer is ON: inactive players will automatically lose when time's up. (requested by undershucklee)
|
|t:|1785945605
|teamsize|p1|4
|teamsize|p2|4
|start
|switch|p1a: Raichu|Raichu, L50, M|100/100
|switch|p1b: Sinistcha|Sinistcha, L50|100/100
|switch|p2a: Whimsicott|Whimsicott, L50, F|100/100
|switch|p2b: Delphox|Delphox, L50, M|100/100
|turn|1
|inactive|MrMrvz has 30 seconds left.
|inactive|MrMrvz has 20 seconds left.
|inactive|MrMrvz has 15 seconds left.
|
|t:|1785945648
|detailschange|p1a: Raichu|Raichu-Mega-Y, L50, M
|-mega|p1a: Raichu|Raichu|Raichunite Y
|detailschange|p2b: Delphox|Delphox-Mega, L50, M
|-mega|p2b: Delphox|Delphox|Delphoxite
|move|p1a: Raichu|Fake Out|p2b: Delphox
|-damage|p2b: Delphox|87/100
|move|p2a: Whimsicott|Light Screen|p2a: Whimsicott
|-sidestart|p2: MrMrvz|move: Light Screen
|cant|p2b: Delphox|flinch
|move|p1b: Sinistcha|Trick Room|p1b: Sinistcha
|-fieldstart|move: Trick Room|[of] p1b: Sinistcha
|
|upkeep
|turn|2
|inactive|undershucklee has 30 seconds left.
|
|t:|1785945677
|move|p1b: Sinistcha|Matcha Gotcha|p2a: Whimsicott|[spread] p2a,p2b
|-resisted|p2a: Whimsicott|1
|-resisted|p2b: Delphox|1
|-damage|p2a: Whimsicott|88/100
|-damage|p2b: Delphox|78/100
|move|p2a: Whimsicott|Moonblast|p1b: Sinistcha
|-damage|p1b: Sinistcha|74/100
|move|p1a: Raichu|Zap Cannon|p2b: Delphox
|-damage|p2b: Delphox|29/100
|-status|p2b: Delphox|par
|move|p2b: Delphox|Encore|p1a: Raichu
|-start|p1a: Raichu|Encore
|
|-heal|p1b: Sinistcha|80/100|[from] item: Leftovers
|upkeep
|turn|3
|inactive|undershucklee has 30 seconds left.
|inactive|MrMrvz has 30 seconds left.
|
|t:|1785945706
|move|p2b: Delphox|Protect|p2b: Delphox
|-singleturn|p2b: Delphox|Protect
|move|p1b: Sinistcha|Rage Powder|p1b: Sinistcha
|-singleturn|p1b: Sinistcha|move: Rage Powder
|move|p2a: Whimsicott|Moonblast|p1b: Sinistcha
|-damage|p1b: Sinistcha|55/100
|move|p1a: Raichu|Zap Cannon|p2b: Delphox
|-activate|p2b: Delphox|move: Protect
|
|-heal|p1b: Sinistcha|61/100|[from] item: Leftovers
|upkeep
|turn|4
|
|t:|1785945727
|switch|p2b: Glimmora|Glimmora, L50, F|100/100
|move|p1b: Sinistcha|Rage Powder|p1b: Sinistcha
|-singleturn|p1b: Sinistcha|move: Rage Powder
|move|p2a: Whimsicott|Moonblast|p1b: Sinistcha
|-damage|p1b: Sinistcha|35/100
|move|p1a: Raichu|Zap Cannon|p2b: Glimmora
|-damage|p2b: Glimmora|32/100
|-status|p2b: Glimmora|par
|
|-heal|p1b: Sinistcha|42/100|[from] item: Leftovers
|upkeep
|turn|5
|
|t:|1785945750
|move|p2b: Glimmora|Spiky Shield|p2b: Glimmora
|-singleturn|p2b: Glimmora|move: Protect
|move|p1b: Sinistcha|Rage Powder|p1b: Sinistcha
|-singleturn|p1b: Sinistcha|move: Rage Powder
|move|p2a: Whimsicott|Moonblast|p1b: Sinistcha
|-damage|p1b: Sinistcha|14/100
|move|p1a: Raichu|Zap Cannon|p2b: Glimmora
|-activate|p2b: Glimmora|move: Protect
|
|-heal|p1b: Sinistcha|20/100y|[from] item: Leftovers
|-end|p1a: Raichu|Encore
|-sideend|p2: MrMrvz|move: Light Screen
|-fieldend|move: Trick Room
|upkeep
|turn|6
|inactive|MrMrvz has 30 seconds left.
|
|t:|1785945778
|move|p2a: Whimsicott|Tailwind|p2a: Whimsicott
|-sidestart|p2: MrMrvz|move: Tailwind
|move|p1a: Raichu|Zap Cannon|p2b: Glimmora
|-damage|p2b: Glimmora|0 fnt
|faint|p2b: Glimmora
|move|p1b: Sinistcha|Life Dew||[still]|[spread] p1a,p1b
|-fail|p1a: Raichu|heal
|-heal|p1b: Sinistcha|46/100
|
|-heal|p1b: Sinistcha|52/100|[from] item: Leftovers
|upkeep
|
|t:|1785945797
|switch|p2b: Feraligatr|Feraligatr, L50, M, shiny|100/100
|turn|7
|
|t:|1785945817
|move|p1a: Raichu|Protect|p1a: Raichu
|-singleturn|p1a: Raichu|Protect
|move|p2a: Whimsicott|Light Screen|p2a: Whimsicott
|-sidestart|p2: MrMrvz|move: Light Screen
|move|p2b: Feraligatr|Liquidation|p1a: Raichu
|-activate|p1a: Raichu|move: Protect
|move|p1b: Sinistcha|Matcha Gotcha|p2a: Whimsicott|[spread] p2a,p2b
|-resisted|p2a: Whimsicott|1
|-supereffective|p2b: Feraligatr|1
|-damage|p2a: Whimsicott|77/100
|-heal|p1b: Sinistcha|57/100|[from] drain|[of] p2a: Whimsicott
|-damage|p2b: Feraligatr|68/100
|-heal|p1b: Sinistcha|75/100|[from] drain|[of] p2b: Feraligatr
|-status|p2a: Whimsicott|brn
|
|-heal|p1b: Sinistcha|81/100|[from] item: Leftovers
|-damage|p2a: Whimsicott|71/100 brn|[from] brn
|upkeep
|turn|8
|
|t:|1785945838
|move|p1b: Sinistcha|Rage Powder|p1b: Sinistcha
|-singleturn|p1b: Sinistcha|move: Rage Powder
|move|p2a: Whimsicott|Moonblast|p1b: Sinistcha
|-damage|p1b: Sinistcha|57/100
|move|p1a: Raichu|Zap Cannon|p2b: Feraligatr
|-supereffective|p2b: Feraligatr|1
|-damage|p2b: Feraligatr|0 fnt
|faint|p2b: Feraligatr
|
|-heal|p1b: Sinistcha|63/100|[from] item: Leftovers
|-damage|p2a: Whimsicott|65/100 brn|[from] brn
|upkeep
|
|t:|1785945847
|switch|p2b: Delphox|Delphox-Mega, L50, M|29/100 par
|turn|9
|
|t:|1785945856
|move|p1a: Raichu|Protect|p1a: Raichu
|-singleturn|p1a: Raichu|Protect
|move|p2a: Whimsicott|Moonblast|p1b: Sinistcha
|-damage|p1b: Sinistcha|37/100
|move|p2b: Delphox|Heat Wave|p1b: Sinistcha|[spread] p1b
|-activate|p1a: Raichu|move: Protect
|-supereffective|p1b: Sinistcha|1
|-crit|p1b: Sinistcha
|-damage|p1b: Sinistcha|0 fnt
|faint|p1b: Sinistcha
|
|-damage|p2a: Whimsicott|58/100 brn|[from] brn
|-sideend|p2: MrMrvz|move: Tailwind
|upkeep
|
|t:|1785945866
|switch|p1b: Kingambit|Kingambit, L50, F|100/100
|turn|10
|
|t:|1785945885
|move|p1a: Raichu|Zap Cannon|p2b: Delphox
|-damage|p2b: Delphox|0 fnt
|faint|p2b: Delphox
|move|p2a: Whimsicott|Moonblast|p1a: Raichu
|-damage|p1a: Raichu|58/100
|move|p1b: Kingambit|Iron Head|p2a: Whimsicott
|-supereffective|p2a: Whimsicott|1
|-damage|p2a: Whimsicott|0 fnt
|faint|p2a: Whimsicott
|
|win|undershucklee
|raw|undershucklee's rating: 1174 → 1199(+25 for winning)
|raw|MrMrvz's rating: 1173 → 1148(-25 for losing)
