|j|☆TheParasectKing
|j|☆MagickeySY
|html|TheParasectKingMagickeySY    
|uhtml|bestof|Game 2 of a best-of-3
|t:|1756745847
|gametype|doubles
|player|p1|TheParasectKing|acetrainer-gen4dp|1082
|player|p2|MagickeySY|steven|1051
|gen|9
|tier|[Gen 9] VGC 2025 Reg H (Bo3)
|rated|
|rule|Species Clause: Limit one of each Pokémon
|rule|Item Clause: Limit 1 of each item
|clearpoke
|poke|p1|Sneasler, L50, F|
|poke|p1|Dragonite, L50, M|
|poke|p1|Incineroar, L50, F|
|poke|p1|Ursaluna-Bloodmoon, L50, M|
|poke|p1|Gholdengo, L50|
|poke|p1|Amoonguss, L50, F|
|poke|p2|Ursaluna-Bloodmoon, L50, M|
|poke|p2|Whimsicott, L50, F|
|poke|p2|Sneasler, L50, F|
|poke|p2|Annihilape, L50, M|
|poke|p2|Rillaboom, L50, M|
|poke|p2|Dragonite, L50, F|
|teampreview|4
|showteam|p1|Sneasler||FocusSash|Unburden|DireClaw,CloseCombat,FakeOut,Protect|||F|||50|,,,,,Fairy]Dragonite||LoadedDice|InnerFocus|Haze,ScaleShot,Tailwind,ExtremeSpeed|||M|||50|,,,,,Fairy]Incineroar||SafetyGoggles|Intimidate|FakeOut,FlareBlitz,KnockOff,PartingShot|||F|||50|,,,,,Grass]Ursaluna-Bloodmoon||AssaultVest|MindsEye|BloodMoon,EarthPower,HyperVoice,Snarl|||M|||50|,,,,,Water]Gholdengo||GrassySeed|GoodasGold|MakeItRain,ShadowBall,NastyPlot,Protect||||||50|,,,,,Dragon]Amoonguss||RoomService|Regenerator|Spore,RagePowder,PollenPuff,Protect|||F|||50|,,,,,Water
|showteam|p2|Ursaluna-Bloodmoon||LifeOrb|MindsEye|BloodMoon,HyperVoice,EarthPower,Protect|||M|||50|,,,,,Normal]Whimsicott||CovertCloak|Prankster|Moonblast,Endeavor,LightScreen,Tailwind|||F|||50|,,,,,Dark]Sneasler||FocusSash|Unburden|FakeOut,Coaching,CloseCombat,DireClaw|||F|||50|,,,,,Fighting]Annihilape||Leftovers|Defiant|DrainPunch,RageFist,BulkUp,Protect|||M|||50|,,,,,Water]Rillaboom||AssaultVest|GrassySurge|FakeOut,GrassyGlide,WoodHammer,HighHorsepower|||M|||50|,,,,,Fire]Dragonite||LoadedDice|InnerFocus|ExtremeSpeed,ScaleShot,Haze,Protect|||F|||50|,,,,,Normal
|inactive|Battle timer is ON: inactive players will automatically lose when time's up. (requested by TheParasectKing)
|inactive|MagickeySY has 60 seconds left.
|inactive|TheParasectKing has 60 seconds left.
|
|t:|1756745883
|teamsize|p1|4
|teamsize|p2|4
|start
|switch|p1a: Free|Dragonite, L50, M|100/100
|switch|p1b: Takedown|Sneasler, L50, F|100/100
|switch|p2a: Dragonite|Dragonite, L50, F|100/100
|switch|p2b: Sneasler|Sneasler, L50, F|100/100
|turn|1
|
|t:|1756745906
|switch|p1a: Golden|Gholdengo, L50|100/100
|move|p1b: Takedown|Fake Out|p2b: Sneasler
|-damage|p2b: Sneasler|77/100
|cant|p2b: Sneasler|flinch
|move|p2a: Dragonite|Scale Shot|p1b: Takedown
|-damage|p1b: Takedown|76/100
|-damage|p1b: Takedown|51/100
|-damage|p1b: Takedown|29/100
|-damage|p1b: Takedown|4/100
|-damage|p1b: Takedown|0 fnt
|faint|p1b: Takedown
|-hitcount|p1: Takedown|5
|-unboost|p2a: Dragonite|def|1
|-boost|p2a: Dragonite|spe|1
|
|upkeep
|
|t:|1756745914
|switch|p1b: Free|Dragonite, L50, M|100/100
|turn|2
|
|t:|1756745929
|-terastallize|p1b: Free|Fairy
|move|p2a: Dragonite|Scale Shot|p1b: Free
|-immune|p1b: Free
|move|p2b: Sneasler|Dire Claw|p1b: Free
|-supereffective|p1b: Free
|-damage|p1b: Free|7/100
|-status|p1b: Free|par
|move|p1a: Golden|Nasty Plot|p1a: Golden
|-boost|p1a: Golden|spa|2
|cant|p1b: Free|par
|
|upkeep
|turn|3
|inactive|MagickeySY has 30 seconds left.
|
|t:|1756745960
|move|p2a: Dragonite|Haze|p2a: Dragonite
|-clearallboost
|move|p2b: Sneasler|Dire Claw|p1b: Free
|-supereffective|p1b: Free
|-damage|p1b: Free|0 fnt
|faint|p1b: Free
|move|p1a: Golden|Make It Rain|p2b: Sneasler|[spread] p2a,p2b
|-damage|p2a: Dragonite|46/100
|-damage|p2b: Sneasler|13/100
|-unboost|p1a: Golden|spa|1
|
|upkeep
|
|t:|1756745964
|switch|p1b: Soda Pop|Amoonguss, L50, F|100/100
|turn|4
|
|t:|1756745988
|move|p1b: Soda Pop|Protect|p1b: Soda Pop
|-singleturn|p1b: Soda Pop|Protect
|move|p2b: Sneasler|Dire Claw|p1b: Soda Pop
|-activate|p1b: Soda Pop|move: Protect
|move|p2a: Dragonite|Scale Shot|p1b: Soda Pop
|-activate|p1b: Soda Pop|move: Protect
|move|p1a: Golden|Make It Rain|p2b: Sneasler|[spread] p2a,p2b
|-damage|p2a: Dragonite|11/100
|-damage|p2b: Sneasler|0 fnt
|-unboost|p1a: Golden|spa|1
|faint|p2b: Sneasler
|
|upkeep
|inactive|MagickeySY has 30 seconds left.
|inactive|MagickeySY has 20 seconds left.
|
|t:|1756746027
|switch|p2b: Annihilape|Annihilape, L50, M|100/100
|turn|5
|
|t:|1756746039
|-terastallize|p2b: Annihilape|Water
|move|p2b: Annihilape|Rage Fist|p1b: Soda Pop
|-damage|p1b: Soda Pop|85/100
|move|p2a: Dragonite|Scale Shot|p2b: Annihilape
|-damage|p2b: Annihilape|85/100
|-damage|p2b: Annihilape|68/100
|-damage|p2b: Annihilape|51/100
|-damage|p2b: Annihilape|34/100
|-hitcount|p2b: Annihilape|4
|-unboost|p2a: Dragonite|def|1
|-boost|p2a: Dragonite|spe|1
|move|p1a: Golden|Nasty Plot|p1a: Golden
|-boost|p1a: Golden|spa|2
|move|p1b: Soda Pop|Spore|p2b: Annihilape
|-status|p2b: Annihilape|slp|[from] move: Spore
|
|-heal|p2b: Annihilape|40/100 slp|[from] item: Leftovers
|upkeep
|turn|6
|inactive|TheParasectKing has 30 seconds left.
|inactive|MagickeySY has 30 seconds left.
|
|t:|1756746072
|switch|p2a: Rillaboom|Rillaboom, L50, M|100/100
|-fieldstart|move: Grassy Terrain|[from] ability: Grassy Surge|[of] p2a: Rillaboom
|-enditem|p1a: Golden|Grassy Seed
|-boost|p1a: Golden|def|1|[from] item: Grassy Seed
|cant|p2b: Annihilape|slp
|move|p1a: Golden|Shadow Ball|p2b: Annihilape
|-damage|p2b: Annihilape|0 fnt
|faint|p2b: Annihilape
|move|p1b: Soda Pop|Spore|p2a: Rillaboom
|-immune|p2a: Rillaboom
|
|-heal|p1b: Soda Pop|91/100|[from] Grassy Terrain
|upkeep
|
|t:|1756746086
|switch|p2b: Dragonite|Dragonite, L50, F|11/100
|turn|7
|
|t:|1756746107
|move|p2b: Dragonite|Scale Shot|p1a: Golden
|-resisted|p1a: Golden
|-damage|p1a: Golden|95/100
|-resisted|p1a: Golden
|-damage|p1a: Golden|90/100
|-resisted|p1a: Golden
|-damage|p1a: Golden|85/100
|-resisted|p1a: Golden
|-damage|p1a: Golden|80/100
|-hitcount|p1a: Golden|4
|-unboost|p2b: Dragonite|def|1
|-boost|p2b: Dragonite|spe|1
|move|p1a: Golden|Make It Rain|p2b: Dragonite|[spread] p2a,p2b
|-damage|p2a: Rillaboom|64/100
|-damage|p2b: Dragonite|0 fnt
|-unboost|p1a: Golden|spa|1
|faint|p2b: Dragonite
|move|p2a: Rillaboom|High Horsepower|p1a: Golden
|-supereffective|p1a: Golden
|-damage|p1a: Golden|39/100
|move|p1b: Soda Pop|Pollen Puff|p1a: Golden
|-heal|p1a: Golden|89/100
|
|-heal|p1a: Golden|95/100|[from] Grassy Terrain
|-heal|p2a: Rillaboom|70/100|[from] Grassy Terrain
|-heal|p1b: Soda Pop|97/100|[from] Grassy Terrain
|upkeep
|turn|8
|-message|MagickeySY forfeited.
|
|win|TheParasectKing
|raw|TheParasectKing's rating: 1082 → 1107(+25 for winning)
|raw|MagickeySY's rating: 1051 → 1035(-16 for losing)
|l|☆MagickeySY
|player|p2|
