|j|Ōśåkingambitstan
|j|ŌśåJ4rda
|html|kingambitstanJ4rda    
|uhtml|bestof|Game 3 of a best-of-3
|t:|1783791680
|gametype|doubles
|player|p1|kingambitstan|rika|1090
|player|p2|J4rda|scientist|1121
|gen|9
|tier|[Gen 9 Champions] VGC 2026 Reg M-B (Bo3)
|rated|
|rule|Species Clause: Limit one of each Pok├®mon
|rule|Item Clause: Limit 1 of each item
|clearpoke
|poke|p1|Charizard, L50, F|
|poke|p1|Kangaskhan, L50, F|
|poke|p1|Basculegion, L50, M|
|poke|p1|Garchomp, L50, F|
|poke|p1|Whimsicott, L50, F|
|poke|p1|Farigiraf, L50, M|
|poke|p2|Charizard, L50, F|
|poke|p2|Garchomp, L50, F|
|poke|p2|Sylveon, L50, F|
|poke|p2|Farigiraf, L50, M|
|poke|p2|Kingambit, L50, M|
|poke|p2|Aerodactyl, L50, F|
|teampreview|4
|showteam|p1|Charizard||CharizarditeY|Blaze|HeatWave,WeatherBall,SolarBeam,Protect|Timid||F|||50|]Kangaskhan||Kangaskhanite|Scrappy|FakeOut,SuckerPunch,DoubleEdge,DrainPunch|Adamant||F|||50|]Basculegion||MysticWater|Adaptability|WaveCrash,LastRespects,AquaJet,Protect|Adamant||M|||50|]Garchomp||LifeOrb|RoughSkin|Earthquake,DragonClaw,RockSlide,Protect|Jolly||F|||50|]Whimsicott||FocusSash|Prankster|Moonblast,Encore,Tailwind,Protect|Timid||F|||50|]Farigiraf||SitrusBerry|ArmorTail|TwinBeam,Thunderbolt,TrickRoom,HelpingHand|Quiet||M|||50|
|showteam|p2|Charizard||CharizarditeY|Blaze|Protect,HeatWave,WeatherBall,SolarBeam|Timid||F|||50|]Garchomp||LifeOrb|RoughSkin|Protect,DragonClaw,StompingTantrum,Earthquake|Jolly||F|||50|]Sylveon||FairyFeather|Pixilate|Detect,QuickAttack,HyperVoice,HyperBeam|Modest||F|||50|]Farigiraf||SitrusBerry|ArmorTail|TwinBeam,Thunderbolt,SunnyDay,TrickRoom|Bold||M|||50|]Kingambit||FocusSash|Defiant|KowtowCleave,IronHead,SuckerPunch,LowKick|Adamant||M|||50|]Aerodactyl||Aerodactylite|RockHead|RockSlide,DualWingbeat,IceFang,Tailwind|Jolly||F|||50|
|inactive|Battle timer is ON: inactive players will automatically lose when time's up. (requested by J4rda)
|inactive|kingambitstan also wants the timer to be on.
|inactive|kingambitstan has 60 seconds left.
|
|t:|1783791719
|teamsize|p1|4
|teamsize|p2|4
|start
|switch|p1a: Kangaskhan|Kangaskhan, L50, F|100/100
|switch|p1b: Farigiraf|Farigiraf, L50, M|100/100
|switch|p2a: Aerodactyl|Aerodactyl, L50, F|100/100
|switch|p2b: Garchomp|Garchomp, L50, F|100/100
|turn|1
|inactive|kingambitstan has 30 seconds left.
|inactive|kingambitstan has 20 seconds left.
|
|t:|1783791758
|detailschange|p2a: Aerodactyl|Aerodactyl-Mega, L50, F
|-mega|p2a: Aerodactyl|Aerodactyl|Aerodactylite
|detailschange|p1a: Kangaskhan|Kangaskhan-Mega, L50, F
|-mega|p1a: Kangaskhan|Kangaskhan|Kangaskhanite
|move|p1a: Kangaskhan|Fake Out|p2a: Aerodactyl
|-resisted|p2a: Aerodactyl|1
|-damage|p2a: Aerodactyl|85/100
|-resisted|p2a: Aerodactyl|1
|-damage|p2a: Aerodactyl|82/100
|-hitcount|p2a: Aerodactyl|2
|cant|p2a: Aerodactyl|flinch
|move|p2b: Garchomp|Earthquake|p1a: Kangaskhan|[spread] p1a,p1b
|-immune|p2a: Aerodactyl
|-damage|p1a: Kangaskhan|57/100
|-damage|p1b: Farigiraf|47/100
|-enditem|p1b: Farigiraf|Sitrus Berry|[eat]
|-heal|p1b: Farigiraf|72/100|[from] item: Sitrus Berry
|-damage|p2b: Garchomp|90/100|[from] item: Life Orb
|move|p1b: Farigiraf|Trick Room|p1b: Farigiraf
|-fieldstart|move: Trick Room|[of] p1b: Farigiraf
|
|upkeep
|turn|2
|inactive|J4rda has 30 seconds left.
|
|t:|1783791788
|move|p1b: Farigiraf|Thunderbolt|p2a: Aerodactyl
|-supereffective|p2a: Aerodactyl|1
|-damage|p2a: Aerodactyl|8/100
|move|p1a: Kangaskhan|Double-Edge|p2b: Garchomp
|-damage|p2b: Garchomp|22/100
|-damage|p1a: Kangaskhan|44/100|[from] ability: Rough Skin|[of] p2b: Garchomp
|-damage|p2b: Garchomp|5/100
|-damage|p1a: Kangaskhan|32/100|[from] ability: Rough Skin|[of] p2b: Garchomp
|-hitcount|p2b: Garchomp|2
|-damage|p1a: Kangaskhan|8/100|[from] Recoil
|move|p2b: Garchomp|Earthquake|p1a: Kangaskhan|[spread] p1a,p1b
|-immune|p2a: Aerodactyl
|-damage|p1a: Kangaskhan|0 fnt
|-damage|p1b: Farigiraf|19/100
|faint|p1a: Kangaskhan
|-damage|p2b: Garchomp|0 fnt|[from] item: Life Orb
|faint|p2b: Garchomp
|move|p2a: Aerodactyl|Rock Slide|p1b: Farigiraf
|-damage|p1b: Farigiraf|0 fnt
|faint|p1b: Farigiraf
|
|upkeep
|inactive|J4rda has 30 seconds left.
|
|t:|1783791813
|switch|p1b: Garchomp|Garchomp, L50, F|100/100
|switch|p1a: Basculegion|Basculegion, L50, M|100/100
|switch|p2b: Farigiraf|Farigiraf, L50, M|100/100
|turn|3
|l|Ōśåkingambitstan
|inactive|kingambitstan disconnected and has a minute to reconnect!
|player|p1|
|inactive|kingambitstan has 30 seconds left.
|inactive|kingambitstan has 20 seconds left.
|inactive|kingambitstan has 15 seconds left.
|j|Ōśåkingambitstan
|inactive|kingambitstan reconnected and has 15 seconds left.
|player|p1|kingambitstan|rika|
|inactive|kingambitstan has 10 seconds left.
|inactive|J4rda has 30 seconds left.
|
|t:|1783791866
|move|p1a: Basculegion|Protect|p1a: Basculegion
|-singleturn|p1a: Basculegion|Protect
|move|p2b: Farigiraf|Thunderbolt|p1a: Basculegion
|-activate|p1a: Basculegion|move: Protect
|move|p1b: Garchomp|Rock Slide|p2a: Aerodactyl|[spread] p2a,p2b
|-supereffective|p2a: Aerodactyl|1
|-damage|p2a: Aerodactyl|0 fnt
|-damage|p2b: Farigiraf|80/100
|faint|p2a: Aerodactyl
|-damage|p1b: Garchomp|90/100|[from] item: Life Orb
|
|upkeep
|
|t:|1783791878
|switch|p2a: Kingambit|Kingambit, L50, M|100/100
|turn|4
|
|t:|1783791887
|move|p1a: Basculegion|Protect|p1a: Basculegion
|-singleturn|p1a: Basculegion|Protect
|move|p2b: Farigiraf|Twin Beam|p1b: Garchomp
|-damage|p1b: Garchomp|74/100
|-damage|p1b: Garchomp|57/100
|-hitcount|p1b: Garchomp|2
|move|p2a: Kingambit|Kowtow Cleave|p1a: Basculegion
|-activate|p1a: Basculegion|move: Protect
|move|p1b: Garchomp|Earthquake|p2b: Farigiraf|[spread] p2a,p2b
|-activate|p1a: Basculegion|move: Protect
|-supereffective|p2a: Kingambit|1
|-damage|p2a: Kingambit|8/100
|-damage|p2b: Farigiraf|38/100
|-enditem|p2b: Farigiraf|Sitrus Berry|[eat]
|-heal|p2b: Farigiraf|62/100|[from] item: Sitrus Berry
|-damage|p1b: Garchomp|47/100|[from] item: Life Orb
|
|upkeep
|turn|5
|
|t:|1783791911
|move|p1a: Basculegion|Protect|p1a: Basculegion
|-singleturn|p1a: Basculegion|Protect
|move|p1b: Garchomp|Protect|p1b: Garchomp
|-singleturn|p1b: Garchomp|Protect
|move|p2a: Kingambit|Sucker Punch||[still]
|-fail|p2a: Kingambit
|move|p2b: Farigiraf|Twin Beam|p1b: Garchomp
|-activate|p1b: Garchomp|move: Protect
|
|-fieldend|move: Trick Room
|upkeep
|turn|6
|c|ŌśåJ4rda|Yo are lucky man
|c|ŌśåJ4rda|three times protect?
|inactive|J4rda has 30 seconds left.
|c|Ōśåkingambitstan|yeah for sure
|inactive|J4rda has 20 seconds left.
|inactive|J4rda has 15 seconds left.
|inactive|J4rda has 10 seconds left.
|inactive|J4rda has 5 seconds left.
|
|t:|1783791963
|move|p1a: Basculegion|Aqua Jet||[still]
|cant|p2b: Farigiraf|ability: Armor Tail|Aqua Jet|[of] p1a: Basculegion
|move|p2a: Kingambit|Sucker Punch||[still]
|-fail|p2a: Kingambit
|move|p1b: Garchomp|Rock Slide|p2a: Kingambit|[spread] p2a,p2b
|-resisted|p2a: Kingambit|1
|-damage|p2a: Kingambit|0 fnt
|-damage|p2b: Farigiraf|44/100
|faint|p2a: Kingambit
|-damage|p1b: Garchomp|37/100|[from] item: Life Orb
|move|p2b: Farigiraf|Twin Beam|p1b: Garchomp
|-damage|p1b: Garchomp|19/100
|-damage|p1b: Garchomp|1/100
|-hitcount|p1b: Garchomp|2
|
|upkeep
|turn|7
|c|Ōśåkingambitstan|gg, you deserved this one
|inactive|J4rda has 30 seconds left.
|inactive|J4rda has 20 seconds left.
|
|t:|1783791999
|move|p1b: Garchomp|Dragon Claw|p2b: Farigiraf
|-damage|p2b: Farigiraf|0 fnt
|faint|p2b: Farigiraf
|-damage|p1b: Garchomp|0 fnt|[from] item: Life Orb
|faint|p1b: Garchomp
|
|win|kingambitstan
|raw|kingambitstan's rating: 1090 → 1119(+29 for winning)
|raw|J4rda's rating: 1121 → 1094(-27 for losing)
|l|Ōśåkingambitstan
|player|p1|
