|j|☆Awammy
|j|☆JoJoel&Jesus
|html|AwammyJoJoel&Jesus    
|uhtml|bestof|Game 2 of a best-of-3
|t:|1782568357
|gametype|doubles
|player|p1|Awammy|colress|1000
|player|p2|JoJoel&Jesus|roughneck-gen4|1007
|gen|9
|tier|[Gen 9 Champions] VGC 2026 Reg M-B (Bo3)
|rated|
|rule|Species Clause: Limit one of each Pokémon
|rule|Item Clause: Limit 1 of each item
|clearpoke
|poke|p1|Mawile, L50, F|
|poke|p1|Staraptor, L50, M|
|poke|p1|Torkoal, L50, F|
|poke|p1|Farigiraf, L50, M|
|poke|p1|Mudsdale, L50, M|
|poke|p1|Abomasnow, L50, F|
|poke|p2|Farigiraf, L50, F|
|poke|p2|Garchomp, L50, M|
|poke|p2|Grimmsnarl, L50, M|
|poke|p2|Gholdengo, L50|
|poke|p2|Kangaskhan, L50, F|
|poke|p2|Charizard, L50, F|
|teampreview|4
|showteam|p1|Mawile||Mawilite|Intimidate|PlayRough,RockSlide,SuckerPunch,Protect|Brave||F|||50|]Staraptor||ChoiceScarf|Intimidate|FinalGambit,BraveBird,CloseCombat,Uturn|Jolly||M|||50|]Torkoal||Charcoal|Drought|Eruption,WeatherBall,SolarBeam,Protect|Quiet||F|||50|]Farigiraf||SitrusBerry|ArmorTail|Psychic,Thunderbolt,TrickRoom,HelpingHand|Sassy||M|||50|]Mudsdale||LifeOrb|InnerFocus|HighHorsepower,RockSlide,HeavySlam,Protect|Brave||M|||50|]Abomasnow||Abomasite|SnowWarning|Blizzard,EnergyBall,EarthPower,Protect|Quiet||F|||50|
|showteam|p2|Farigiraf||Leftovers|ArmorTail|HelpingHand,Roar,TrickRoom,TwinBeam|Bold||F|||50|]Garchomp||SitrusBerry|RoughSkin|SwordsDance,Earthquake,DragonClaw,RockSlide|Adamant||M|||50|]Grimmsnarl||LightClay|Prankster|Reflect,LightScreen,PartingShot,SpiritBreak|Bold||M|||50|]Gholdengo||LifeOrb|GoodasGold|MakeItRain,ShadowBall,Thunderbolt,Protect|Modest|||||50|]Kangaskhan||SilkScarf|Scrappy|DoubleEdge,FakeOut,IcePunch,HammerArm|Adamant||F|||50|]Charizard||CharizarditeX|Blaze|BrutalSwing,FlareBlitz,BrickBreak,Protect|Brave||F|||50|
|
|t:|1782568405
|teamsize|p1|4
|teamsize|p2|4
|start
|switch|p1a: Staraptor|Staraptor, L50, M|100/100
|switch|p1b: Farigiraf|Farigiraf, L50, M|100/100
|switch|p2a: Kangaskhan|Kangaskhan, L50, F|100/100
|switch|p2b: Guts|Farigiraf, L50, F|100/100
|-ability|p1a: Staraptor|Intimidate|boost
|-fail|p2a: Kangaskhan|unboost|Attack|[from] ability: Scrappy|[of] p2a: Kangaskhan
|-unboost|p2b: Guts|atk|1
|turn|1
|
|t:|1782568437
|switch|p2a: Nika|Gholdengo, L50|100/100
|move|p1b: Farigiraf|Helping Hand|p1a: Staraptor
|-singleturn|p1a: Staraptor|Helping Hand|[of] p1b: Farigiraf
|move|p1a: Staraptor|Close Combat|p2a: Nika
|-immune|p2a: Nika
|move|p2b: Guts|Roar|p1b: Farigiraf
|drag|p1b: Mudsdale|Mudsdale, L50, M|100/100
|
|upkeep
|turn|2
|
|t:|1782568475
|switch|p1a: Farigiraf|Farigiraf, L50, M|100/100
|move|p2a: Nika|Make It Rain|p1b: Mudsdale|[spread] p1a,p1b
|-crit|p1a: Farigiraf
|-damage|p1a: Farigiraf|20/100y
|-damage|p1b: Mudsdale|37/100
|-unboost|p2a: Nika|spa|2
|-enditem|p1a: Farigiraf|Sitrus Berry|[eat]
|-heal|p1a: Farigiraf|45/100|[from] item: Sitrus Berry
|-damage|p2a: Nika|90/100|[from] item: Life Orb
|move|p2b: Guts|Twin Beam|p1a: Farigiraf
|-resisted|p1a: Farigiraf|1
|-damage|p1a: Farigiraf|38/100
|-resisted|p1a: Farigiraf|1
|-damage|p1a: Farigiraf|31/100
|-hitcount|p1a: Farigiraf|2
|move|p1b: Mudsdale|High Horsepower|p2a: Nika
|-supereffective|p2a: Nika|1
|-damage|p2a: Nika|0 fnt
|faint|p2a: Nika
|-damage|p1b: Mudsdale|27/100|[from] item: Life Orb
|
|upkeep
|
|t:|1782568494
|switch|p2a: Charizard|Charizard, L50, F|100/100
|turn|3
|
|t:|1782568506
|detailschange|p2a: Charizard|Charizard-Mega-X, L50, F
|-mega|p2a: Charizard|Charizard|Charizardite X
|move|p1b: Mudsdale|Protect|p1b: Mudsdale
|-singleturn|p1b: Mudsdale|Protect
|move|p2a: Charizard|Flare Blitz|p1b: Mudsdale
|-activate|p1b: Mudsdale|move: Protect
|move|p2b: Guts|Roar|p1a: Farigiraf
|drag|p1a: Staraptor|Staraptor, L50, M|100/100
|-ability|p1a: Staraptor|Intimidate|boost
|-unboost|p2a: Charizard|atk|1
|-unboost|p2b: Guts|atk|1
|
|upkeep
|turn|4
|
|t:|1782568530
|move|p2a: Charizard|Protect|p2a: Charizard
|-singleturn|p2a: Charizard|Protect
|move|p1a: Staraptor|Final Gambit|p2a: Charizard
|-activate|p2a: Charizard|move: Protect
|move|p2b: Guts|Twin Beam|p1a: Staraptor
|-damage|p1a: Staraptor|76/100
|-damage|p1a: Staraptor|53/100
|-hitcount|p1a: Staraptor|2
|move|p1b: Mudsdale|Rock Slide|p2a: Charizard|[spread] p2b
|-activate|p2a: Charizard|move: Protect
|-crit|p2b: Guts
|-damage|p2b: Guts|64/100
|-damage|p1b: Mudsdale|17/100|[from] item: Life Orb
|
|-heal|p2b: Guts|70/100|[from] item: Leftovers
|upkeep
|turn|5
|
|t:|1782568556
|switch|p2a: Kangaskhan|Kangaskhan, L50, F|100/100
|move|p1a: Staraptor|Final Gambit|p2a: Kangaskhan
|-damage|p2a: Kangaskhan|44/100
|faint|p1a: Staraptor
|move|p2b: Guts|Twin Beam|p1b: Mudsdale
|-damage|p1b: Mudsdale|1/100
|-damage|p1b: Mudsdale|0 fnt
|faint|p1b: Mudsdale
|-hitcount|p1: Mudsdale|2
|
|-heal|p2b: Guts|76/100|[from] item: Leftovers
|upkeep
|
|t:|1782568564
|switch|p1a: Mawile|Mawile, L50, F|100/100
|switch|p1b: Farigiraf|Farigiraf, L50, M|31/100
|-ability|p1a: Mawile|Intimidate|boost
|-fail|p2a: Kangaskhan|unboost|Attack|[from] ability: Scrappy|[of] p2a: Kangaskhan
|-unboost|p2b: Guts|atk|1
|turn|6
|
|t:|1782568592
|detailschange|p1a: Mawile|Mawile-Mega, L50, F
|-mega|p1a: Mawile|Mawile|Mawilite
|move|p2b: Guts|Helping Hand|p2a: Kangaskhan
|-singleturn|p2a: Kangaskhan|Helping Hand|[of] p2b: Guts
|move|p2a: Kangaskhan|Hammer Arm|p1b: Farigiraf
|-damage|p1b: Farigiraf|0 fnt
|-unboost|p2a: Kangaskhan|spe|1
|faint|p1b: Farigiraf
|move|p1a: Mawile|Rock Slide|p2b: Guts|[spread] p2a,p2b
|-damage|p2a: Kangaskhan|5/100
|-damage|p2b: Guts|47/100
|
|-heal|p2b: Guts|53/100|[from] item: Leftovers
|upkeep
|turn|7
|
|t:|1782568615
|move|p2b: Guts|Helping Hand|p2a: Kangaskhan
|-singleturn|p2a: Kangaskhan|Helping Hand|[of] p2b: Guts
|move|p2a: Kangaskhan|Hammer Arm|p1a: Mawile
|-damage|p1a: Mawile|53/100
|-unboost|p2a: Kangaskhan|spe|1
|move|p1a: Mawile|Rock Slide|p2b: Guts|[spread] p2a,p2b
|-damage|p2a: Kangaskhan|0 fnt
|-damage|p2b: Guts|23/100
|faint|p2a: Kangaskhan
|
|-heal|p2b: Guts|29/100|[from] item: Leftovers
|upkeep
|
|t:|1782568616
|switch|p2a: Charizard|Charizard-Mega-X, L50, F|100/100
|turn|8
|
|t:|1782568625
|move|p2b: Guts|Helping Hand|p2a: Charizard
|-singleturn|p2a: Charizard|Helping Hand|[of] p2b: Guts
|move|p2a: Charizard|Flare Blitz|p1a: Mawile
|-supereffective|p1a: Mawile|1
|-damage|p1a: Mawile|0 fnt
|faint|p1a: Mawile
|-damage|p2a: Charizard|83/100|[from] Recoil
|
|win|JoJoel&Jesus
