|j|☆mikoksor
|j|☆ariel.mr_
|html|mikoksorariel.mr_    
|uhtml|bestof|Game 3 of a best-of-3
|t:|1783974412
|gametype|doubles
|player|p1|mikoksor|101|1230
|player|p2|ariel.mr_|hilbert|1180
|gen|9
|tier|[Gen 9 Champions] VGC 2026 Reg M-B (Bo3)
|rated|
|rule|Species Clause: Limit one of each Pokémon
|rule|Item Clause: Limit 1 of each item
|clearpoke
|poke|p1|Froslass, L50, F|
|poke|p1|Tsareena, L50, F|
|poke|p1|Garchomp, L50, F|
|poke|p1|Lycanroc-Dusk, L50, F|
|poke|p1|Metagross, L50|
|poke|p1|Whimsicott, L50, M|
|poke|p2|Charizard, L50, M, shiny|
|poke|p2|Kingambit, L50, M|
|poke|p2|Sylveon, L50, M|
|poke|p2|Garchomp, L50, M|
|poke|p2|Aerodactyl, L50, M|
|poke|p2|Farigiraf, L50, M|
|teampreview|4
|showteam|p1|Froslass||Froslassite|SnowCloak|IceBeam,ShadowBall,Blizzard,Protect|Modest||F|||50|]Tsareena||SitrusBerry|QueenlyMajesty|TropKick,LowKick,Taunt,Uturn|Adamant||F|||50|]Garchomp||LifeOrb|RoughSkin|StompingTantrum,DragonClaw,RockSlide,Protect|Jolly||F|||50|]Lycanroc-Dusk||FocusSash|ToughClaws|RockSlide,CloseCombat,Accelerock,Protect|Adamant||F|||50|]Metagross||Metagrossite|ClearBody|IronHead,PsychicFangs,StompingTantrum,Protect|Adamant|||||50|]Whimsicott||FairyFeather|Prankster|Moonblast,Tailwind,Encore,Protect|Timid||M|||50|
|showteam|p2|Charizard||CharizarditeY|SolarPower|Protect,HeatWave,SolarBeam,WeatherBall|Modest||M|||50|]Kingambit||FocusSash|Defiant|IronHead,SuckerPunch,KowtowCleave,LowKick|Adamant||M|||50|]Sylveon||FairyFeather|Pixilate|Protect,HyperVoice,HyperBeam,QuickAttack|Modest||M|||50|]Garchomp||LifeOrb|RoughSkin|Protect,DragonClaw,Earthquake,RockSlide|Jolly||M|||50|]Aerodactyl||Aerodactylite|Unnerve|IceFang,RockSlide,Tailwind,DualWingbeat|Jolly||M|||50|]Farigiraf||SitrusBerry|ArmorTail|TrickRoom,Psychic,Thunderbolt,Roar|Bold||M|||50|
|inactive|Battle timer is ON: inactive players will automatically lose when time's up. (requested by ariel.mr_)
|
|t:|1783974439
|teamsize|p1|4
|teamsize|p2|4
|start
|switch|p1a: Whimsicott|Whimsicott, L50, M|100/100
|switch|p1b: Garchomp|Garchomp, L50, F|100/100
|switch|p2a: Charizard|Charizard, L50, M, shiny|100/100
|switch|p2b: Sylveon|Sylveon, L50, M|100/100
|turn|1
|inactive|ariel.mr_ has 30 seconds left.
|
|t:|1783974471
|detailschange|p2a: Charizard|Charizard-Mega-Y, L50, M, shiny
|-mega|p2a: Charizard|Charizard|Charizardite Y
|-weather|SunnyDay|[from] ability: Drought|[of] p2a: Charizard
|move|p1b: Garchomp|Protect|p1b: Garchomp
|-singleturn|p1b: Garchomp|Protect
|move|p1a: Whimsicott|Moonblast|p2b: Sylveon
|-damage|p2b: Sylveon|72/100
|move|p2a: Charizard|Weather Ball|p1a: Whimsicott
|-supereffective|p1a: Whimsicott|1
|-damage|p1a: Whimsicott|0 fnt
|faint|p1a: Whimsicott
|move|p2b: Sylveon|Hyper Voice|p1b: Garchomp
|-activate|p1b: Garchomp|move: Protect
|
|-weather|SunnyDay|[upkeep]
|upkeep
|
|t:|1783974476
|switch|p1a: Metagross|Metagross, L50|100/100
|turn|2
|
|t:|1783974496
|detailschange|p1a: Metagross|Metagross-Mega, L50
|-mega|p1a: Metagross|Metagross|Metagrossite
|move|p1b: Garchomp|Rock Slide|p2b: Sylveon|[spread] p2a,p2b
|-supereffective|p2a: Charizard|2
|-damage|p2a: Charizard|9/100
|-damage|p2b: Sylveon|42/100
|-damage|p1b: Garchomp|90/100|[from] item: Life Orb
|move|p1a: Metagross|Stomping Tantrum|p2a: Charizard
|-immune|p2a: Charizard
|cant|p2a: Charizard|flinch
|move|p2b: Sylveon|Hyper Voice|p1b: Garchomp|[spread] p1a,p1b
|-resisted|p1a: Metagross|1
|-supereffective|p1b: Garchomp|1
|-damage|p1a: Metagross|73/100
|-damage|p1b: Garchomp|0 fnt
|faint|p1b: Garchomp
|
|-weather|SunnyDay|[upkeep]
|upkeep
|
|t:|1783974501
|switch|p1b: Tsareena|Tsareena, L50, F|100/100
|turn|3
|inactive|ariel.mr_ has 30 seconds left.
|
|t:|1783974529
|move|p2a: Charizard|Protect|p2a: Charizard
|-singleturn|p2a: Charizard|Protect
|move|p1a: Metagross|Iron Head|p2a: Charizard
|-activate|p2a: Charizard|move: Protect
|move|p1b: Tsareena|Trop Kick|p2b: Sylveon
|-damage|p2b: Sylveon|0 fnt
|faint|p2b: Sylveon
|
|-weather|SunnyDay|[upkeep]
|upkeep
|
|t:|1783974542
|switch|p2b: Farigiraf|Farigiraf, L50, M|100/100
|turn|4
|
|t:|1783974551
|move|p1a: Metagross|Iron Head|p2a: Charizard
|-resisted|p2a: Charizard|1
|-damage|p2a: Charizard|0 fnt
|faint|p2a: Charizard
|move|p1b: Tsareena|Taunt|p2b: Farigiraf
|-start|p2b: Farigiraf|move: Taunt
|move|p2b: Farigiraf|Psychic|p1b: Tsareena
|-damage|p1b: Tsareena|63/100
|
|-weather|SunnyDay|[upkeep]
|upkeep
|
|t:|1783974553
|switch|p2a: Kingambit|Kingambit, L50, M|100/100
|turn|5
|
|t:|1783974572
|move|p1a: Metagross|Protect|p1a: Metagross
|-singleturn|p1a: Metagross|Protect
|move|p2a: Kingambit|Kowtow Cleave|p1b: Tsareena
|-damage|p1b: Tsareena|22/100
|-enditem|p1b: Tsareena|Sitrus Berry|[eat]
|-heal|p1b: Tsareena|47/100|[from] item: Sitrus Berry
|move|p1b: Tsareena|Low Kick|p2a: Kingambit
|-supereffective|p2a: Kingambit|2
|-enditem|p2a: Kingambit|Focus Sash
|-damage|p2a: Kingambit|1/100
|move|p2b: Farigiraf|Psychic|p1b: Tsareena
|-damage|p1b: Tsareena|13/100
|
|-weather|none
|upkeep
|turn|6
|
|t:|1783974585
|move|p1a: Metagross|Iron Head|p2a: Kingambit
|-resisted|p2a: Kingambit|1
|-damage|p2a: Kingambit|0 fnt
|faint|p2a: Kingambit
|move|p1b: Tsareena|Trop Kick|p2b: Farigiraf
|-damage|p2b: Farigiraf|67/100
|-unboost|p2b: Farigiraf|atk|1
|move|p2b: Farigiraf|Psychic|p1b: Tsareena
|-damage|p1b: Tsareena|0 fnt
|faint|p1b: Tsareena
|
|-end|p2b: Farigiraf|move: Taunt
|upkeep
|turn|7
|
|t:|1783974595
|move|p1a: Metagross|Iron Head|p2b: Farigiraf
|-damage|p2b: Farigiraf|15/100
|-enditem|p2b: Farigiraf|Sitrus Berry|[eat]
|-heal|p2b: Farigiraf|40/100|[from] item: Sitrus Berry
|cant|p2b: Farigiraf|flinch
|
|upkeep
|turn|8
|c|☆ariel.mr_|gg
|c|☆mikoksor|Ggwp
|
|t:|1783974605
|move|p1a: Metagross|Iron Head|p2b: Farigiraf
|-crit|p2b: Farigiraf
|-damage|p2b: Farigiraf|0 fnt
|faint|p2b: Farigiraf
|
|win|mikoksor
|raw|mikoksor's rating: 1230 → 1251(+21 for winning)
|raw|ariel.mr_'s rating: 1180 → 1159(-21 for losing)
