|j|☆IsraelKuro
|j|☆beeetch
|html|IsraelKurobeeetch    
|uhtml|bestof|Game 2 of a best-of-3
|t:|1755466063
|gametype|doubles
|player|p1|IsraelKuro|102|1276
|player|p2|beeetch|beauty-gen4dp|1397
|gen|9
|tier|[Gen 9] VGC 2025 Reg H (Bo3)
|rated|
|rule|Species Clause: Limit one of each Pokémon
|rule|Item Clause: Limit 1 of each item
|clearpoke
|poke|p1|Volcarona, L50, F|
|poke|p1|Rillaboom, L50, M|
|poke|p1|Kingambit, L50, M|
|poke|p1|Sneasler, L50, M|
|poke|p1|Dragonite, L50, M|
|poke|p1|Electabuzz, L50, F|
|poke|p2|Toedscruel, L50, M|
|poke|p2|Weezing-Galar, L50, M|
|poke|p2|Corviknight, L50, M|
|poke|p2|Pawmot, L50, F|
|poke|p2|Garchomp, L50, F|
|poke|p2|Typhlosion-Hisui, L50, M|
|teampreview|4
|showteam|p1|Volcarona||GrassySeed|FlameBody|QuiverDance,HeatWave,TeraBlast,Protect|||F|||50|,,,,,Fairy]Rillaboom||AssaultVest|GrassySurge|GrassyGlide,WoodHammer,Uturn,FakeOut|||M|||50|,,,,,Fire]Kingambit||BlackGlasses|Defiant|KowtowCleave,SuckerPunch,SwordsDance,Protect|||M|||50|,,,,,Dark]Sneasler||FocusSash|PoisonTouch|FakeOut,DireClaw,CloseCombat,Protect|||M|||50|,,,,,Stellar]Dragonite||LoadedDice|Multiscale|ScaleShot,ExtremeSpeed,Haze,Protect|||M|||50|,,,,,Fairy]Electabuzz||Eviolite|VitalSpirit|FollowMe,Taunt,Electroweb,Protect|||F|||50|,,,,,Ghost
|showteam|p2|Toedscruel||CovertCloak|MyceliumMight|Spore,EarthPower,AcidSpray,RagePowder|||M|||50|,,,,,Water]Weezing-Galar||ChoiceSpecs|NeutralizingGas|DazzlingGleam,SludgeBomb,StrangeSteam,Flamethrower|||M|||50|,,,,,Fire]Corviknight||SitrusBerry|MirrorArmor|Protect,Tailwind,Roost,BraveBird|||M|||50|,,,,,Dragon]Pawmot||FocusSash|NaturalCure|Protect,CloseCombat,DoubleShock,FakeOut|||F|||50|,,,,,Electric]Garchomp||LifeOrb|RoughSkin|Protect,Earthquake,DragonClaw,StompingTantrum|||F|||50|,,,,,Ground]Typhlosion-Hisui||ChoiceScarf|Blaze|Eruption,SleepTalk,HeatWave,ShadowBall|||M|||50|,,,,,Fire
|
|t:|1755466094
|teamsize|p1|4
|teamsize|p2|4
|start
|switch|p1a: Ignis|Volcarona, L50, F, shiny|100/100
|switch|p1b: Electabuzz|Electabuzz, L50, F, shiny|100/100
|switch|p2a: Garchomp|Garchomp, L50, F|100/100
|switch|p2b: Corviknight|Corviknight, L50, M|100/100
|turn|1
|
|t:|1755466115
|switch|p1b: Russel Hobbs|Rillaboom, L50, M|100/100
|-fieldstart|move: Grassy Terrain|[from] ability: Grassy Surge|[of] p1b: Russel Hobbs
|-enditem|p1a: Ignis|Grassy Seed
|-boost|p1a: Ignis|def|1|[from] item: Grassy Seed
|-terastallize|p2a: Garchomp|Ground
|move|p2a: Garchomp|Earthquake|p1a: Ignis|[spread] p1a,p1b
|-immune|p2b: Corviknight
|-resisted|p1b: Russel Hobbs
|-damage|p1a: Ignis|69/100
|-damage|p1b: Russel Hobbs|82/100
|-damage|p2a: Garchomp|91/100|[from] item: Life Orb
|move|p1a: Ignis|Quiver Dance|p1a: Ignis
|-boost|p1a: Ignis|spa|1
|-boost|p1a: Ignis|spd|1
|-boost|p1a: Ignis|spe|1
|move|p2b: Corviknight|Tailwind|p2b: Corviknight
|-sidestart|p2: beeetch|move: Tailwind
|
|-heal|p2a: Garchomp|97/100|[from] Grassy Terrain
|-heal|p1a: Ignis|75/100|[from] Grassy Terrain
|-heal|p1b: Russel Hobbs|88/100|[from] Grassy Terrain
|upkeep
|turn|2
|
|t:|1755466142
|-terastallize|p1a: Ignis|Fairy
|move|p1b: Russel Hobbs|Fake Out|p2b: Corviknight
|-resisted|p2b: Corviknight
|-damage|p2b: Corviknight|95/100
|move|p2a: Garchomp|Stomping Tantrum|p1a: Ignis
|-damage|p1a: Ignis|25/100
|-damage|p2a: Garchomp|87/100|[from] item: Life Orb
|move|p1a: Ignis|Quiver Dance|p1a: Ignis
|-boost|p1a: Ignis|spa|1
|-boost|p1a: Ignis|spd|1
|-boost|p1a: Ignis|spe|1
|cant|p2b: Corviknight|flinch
|
|-heal|p2a: Garchomp|93/100|[from] Grassy Terrain
|-heal|p1a: Ignis|32/100|[from] Grassy Terrain
|-heal|p1b: Russel Hobbs|94/100|[from] Grassy Terrain
|upkeep
|turn|3
|
|t:|1755466175
|switch|p1b: Electabuzz|Electabuzz, L50, F, shiny|100/100
|move|p1a: Ignis|Protect|p1a: Ignis
|-singleturn|p1a: Ignis|Protect
|move|p2a: Garchomp|Earthquake|p1a: Ignis|[spread] p1b
|-activate|p1a: Ignis|move: Protect
|-immune|p2b: Corviknight
|-supereffective|p1b: Electabuzz
|-damage|p1b: Electabuzz|37/100
|-damage|p2a: Garchomp|83/100|[from] item: Life Orb
|move|p2b: Corviknight|Brave Bird|p1a: Ignis
|-activate|p1a: Ignis|move: Protect
|
|-heal|p2a: Garchomp|89/100|[from] Grassy Terrain
|-heal|p1a: Ignis|38/100|[from] Grassy Terrain
|-heal|p1b: Electabuzz|43/100|[from] Grassy Terrain
|upkeep
|turn|4
|
|t:|1755466194
|move|p2b: Corviknight|Protect|p2b: Corviknight
|-singleturn|p2b: Corviknight|Protect
|move|p1b: Electabuzz|Follow Me|p1b: Electabuzz
|-singleturn|p1b: Electabuzz|move: Follow Me
|move|p2a: Garchomp|Earthquake|p1b: Electabuzz|[spread] p1a,p1b
|-activate|p2b: Corviknight|move: Protect
|-supereffective|p1b: Electabuzz
|-damage|p1a: Ignis|9/100
|-damage|p1b: Electabuzz|0 fnt
|faint|p1b: Electabuzz
|-damage|p2a: Garchomp|79/100|[from] item: Life Orb
|move|p1a: Ignis|Heat Wave|p2a: Garchomp|[spread] p2a
|-activate|p2b: Corviknight|move: Protect
|-damage|p2a: Garchomp|7/100
|
|-heal|p2a: Garchomp|13/100|[from] Grassy Terrain
|-heal|p1a: Ignis|16/100|[from] Grassy Terrain
|-sideend|p2: beeetch|move: Tailwind
|upkeep
|
|t:|1755466208
|switch|p1b: Russel Hobbs|Rillaboom, L50, M|94/100
|turn|5
|
|t:|1755466219
|switch|p2a: Typhlosion|Typhlosion-Hisui, L50, M|100/100
|move|p1b: Russel Hobbs|Fake Out|p2b: Corviknight
|-resisted|p2b: Corviknight
|-damage|p2b: Corviknight|89/100
|move|p1a: Ignis|Heat Wave|p2a: Typhlosion|[spread] p2a,p2b
|-resisted|p2a: Typhlosion
|-crit|p2a: Typhlosion
|-supereffective|p2b: Corviknight
|-damage|p2a: Typhlosion|34/100
|-damage|p2b: Corviknight|0 fnt
|faint|p2b: Corviknight
|
|-heal|p1a: Ignis|22/100|[from] Grassy Terrain
|-heal|p2a: Typhlosion|40/100|[from] Grassy Terrain
|-heal|p1b: Russel Hobbs|99/100|[from] Grassy Terrain
|-fieldend|move: Grassy Terrain
|upkeep
|
|t:|1755466230
|switch|p2b: Pawmot|Pawmot, L50, F|100/100
|turn|6
|
|t:|1755466244
|switch|p1b: Noodle|Sneasler, L50, M|100/100
|move|p1a: Ignis|Protect|p1a: Ignis
|-singleturn|p1a: Ignis|Protect
|move|p2b: Pawmot|Fake Out|p1b: Noodle
|-damage|p1b: Noodle|77/100
|move|p2a: Typhlosion|Heat Wave|p1b: Noodle|[spread] p1b
|-activate|p1a: Ignis|move: Protect
|-damage|p1b: Noodle|25/100
|
|upkeep
|turn|7
|
|t:|1755466265
|move|p1b: Noodle|Fake Out|p2b: Pawmot
|-damage|p2b: Pawmot|77/100
|move|p1a: Ignis|Tera Blast|p2a: Typhlosion|[anim] Tera Blast Fairy
|-resisted|p2a: Typhlosion
|-damage|p2a: Typhlosion|0 fnt
|faint|p2a: Typhlosion
|cant|p2b: Pawmot|flinch
|
|upkeep
|
|t:|1755466270
|switch|p2a: Garchomp|Garchomp, L50, F, tera:Ground|13/100
|turn|8
|
|t:|1755466276
|move|p2a: Garchomp|Protect|p2a: Garchomp
|-singleturn|p2a: Garchomp|Protect
|move|p1a: Ignis|Tera Blast|p2b: Pawmot|[anim] Tera Blast Fairy
|-supereffective|p2b: Pawmot
|-damage|p2b: Pawmot|0 fnt
|faint|p2b: Pawmot
|move|p1b: Noodle|Close Combat|p2a: Garchomp
|-activate|p2a: Garchomp|move: Protect
|
|upkeep
|turn|9
|
|t:|1755466288
|move|p1a: Ignis|Tera Blast|p2a: Garchomp|[anim] Tera Blast Fairy
|-damage|p2a: Garchomp|0 fnt
|faint|p2a: Garchomp
|
|win|IsraelKuro
|raw|IsraelKuro's rating: 1276 → 1309(+33 for winning)
|raw|beeetch's rating: 1397 → 1370(-27 for losing)
