|j|☆BlRD BOY
|j|☆CrazyComet37
|html|BlRD BOYCrazyComet37    
|uhtml|bestof|Game 1 of a best-of-3
|t:|1783739879
|gametype|doubles
|player|p1|BlRD BOY|brycen|1209
|player|p2|CrazyComet37|flint|1310
|gen|9
|tier|[Gen 9 Champions] VGC 2026 Reg M-B (Bo3)
|rated|
|rule|Species Clause: Limit one of each Pokémon
|rule|Item Clause: Limit 1 of each item
|clearpoke
|poke|p1|Torkoal, L50, F|
|poke|p1|Avalugg-Hisui, L50, F|
|poke|p1|Farigiraf, L50, F|
|poke|p1|Scrafty, L50, F|
|poke|p1|Typhlosion-Hisui, L50, F|
|poke|p1|Sinistcha-Masterpiece, L50|
|poke|p2|Whimsicott, L50, M|
|poke|p2|Garchomp, L50, F|
|poke|p2|Charizard, L50, M|
|poke|p2|Floette-Eternal, L50, F|
|poke|p2|Kingambit, L50, M|
|poke|p2|Basculegion, L50, M|
|teampreview|4
|showteam|p1|Torkoal||Charcoal|Drought|Protect,Eruption,WeatherBall,EarthPower|Quiet||F|||50|]Avalugg-Hisui||WideLens|Sturdy|MountainGale,RockSlide,BodyPress,WideGuard|Brave||F|||50|]Farigiraf||SitrusBerry|ArmorTail|PsychicFangs,Thunderbolt,HelpingHand,TrickRoom|Relaxed||F|||50|]Scrafty||Scraftinite|Intimidate|Detect,KnockOff,CloseCombat,FakeOut|Brave||F|||50|]Typhlosion-Hisui||ChoiceScarf|Frisk|Eruption,HeatWave,ShadowBall,SolarBeam|Modest||F|||50|]Sinistcha-Masterpiece||KasibBerry|Hospitality|MatchaGotcha,ShadowBall,RagePowder,TrickRoom|Sassy|||||50|
|showteam|p2|Whimsicott||FocusSash|Prankster|Protect,Tailwind,Moonblast,Encore|Timid||M|||50|]Garchomp||LifeOrb|RoughSkin|Protect,Earthquake,DragonClaw,RockSlide|Jolly||F|||50|]Charizard||CharizarditeY|Blaze|Protect,HeatWave,WeatherBall,SolarBeam|Modest||M|||50|]Floette-Eternal||Floettite|FlowerVeil|Protect,LightofRuin,DazzlingGleam,Moonblast|Modest||F|||50|]Kingambit||ChopleBerry|Defiant|IronHead,SuckerPunch,KowtowCleave,LowKick|Adamant||M|||50|]Basculegion||MysticWater|Adaptability|Protect,AquaJet,LastRespects,WaveCrash|Adamant||M|||50|
|
|t:|1783739970
|teamsize|p1|4
|teamsize|p2|4
|start
|switch|p1a: Farigiraf|Farigiraf, L50, F|100/100
|switch|p1b: Scrafty|Scrafty, L50, F|100/100
|switch|p2a: Garchomp|Garchomp, L50, F|100/100
|switch|p2b: Charizard|Charizard, L50, M|100/100
|-ability|p1b: Scrafty|Intimidate|boost
|-unboost|p2a: Garchomp|atk|1
|-unboost|p2b: Charizard|atk|1
|turn|1
|
|t:|1783739982
|switch|p2a: Kingambit|Kingambit, L50, M|100/100
|detailschange|p2b: Charizard|Charizard-Mega-Y, L50, M
|-mega|p2b: Charizard|Charizard|Charizardite Y
|-weather|SunnyDay|[from] ability: Drought|[of] p2b: Charizard
|detailschange|p1b: Scrafty|Scrafty-Mega, L50, F
|-mega|p1b: Scrafty|Scrafty|Scraftinite
|-ability|p1b: Scrafty|Intimidate|boost
|-unboost|p2a: Kingambit|atk|1
|-ability|p2a: Kingambit|Defiant|boost
|-boost|p2a: Kingambit|atk|2
|-unboost|p2b: Charizard|atk|1
|move|p1b: Scrafty|Fake Out|p2b: Charizard
|-damage|p2b: Charizard|78/100
|cant|p2b: Charizard|flinch
|move|p1a: Farigiraf|Trick Room|p1a: Farigiraf
|-fieldstart|move: Trick Room|[of] p1a: Farigiraf
|
|-weather|SunnyDay|[upkeep]
|upkeep
|turn|2
|
|t:|1783740009
|move|p1a: Farigiraf|Thunderbolt|p2a: Kingambit
|-damage|p2a: Kingambit|78/100
|move|p2a: Kingambit|Kowtow Cleave|p1a: Farigiraf
|-supereffective|p1a: Farigiraf|1
|-damage|p1a: Farigiraf|0 fnt
|faint|p1a: Farigiraf
|move|p1b: Scrafty|Close Combat|p2a: Kingambit
|-supereffective|p2a: Kingambit|2
|-enditem|p2a: Kingambit|Chople Berry|[eat]
|-enditem|p2a: Kingambit|Chople Berry|[weaken]
|-damage|p2a: Kingambit|0 fnt
|-unboost|p1b: Scrafty|def|1
|-unboost|p1b: Scrafty|spd|1
|faint|p2a: Kingambit
|move|p2b: Charizard|Weather Ball|p1b: Scrafty
|-damage|p1b: Scrafty|0 fnt
|faint|p1b: Scrafty
|
|-weather|SunnyDay|[upkeep]
|upkeep
|
|t:|1783740031
|switch|p1a: Torkoal|Torkoal, L50, F|100/100
|switch|p2a: Garchomp|Garchomp, L50, F|100/100
|switch|p1b: Avalugg|Avalugg-Hisui, L50, F|100/100
|turn|3
|inactive|Battle timer is ON: inactive players will automatically lose when time's up. (requested by CrazyComet37)
|
|t:|1783740043
|move|p2b: Charizard|Protect|p2b: Charizard
|-singleturn|p2b: Charizard|Protect
|move|p2a: Garchomp|Protect|p2a: Garchomp
|-singleturn|p2a: Garchomp|Protect
|move|p1a: Torkoal|Eruption|p2b: Charizard|[spread] 
|-activate|p2a: Garchomp|move: Protect
|-activate|p2b: Charizard|move: Protect
|move|p1b: Avalugg|Rock Slide|p2a: Garchomp|[spread] 
|-activate|p2a: Garchomp|move: Protect
|-activate|p2b: Charizard|move: Protect
|
|-weather|SunnyDay|[upkeep]
|upkeep
|turn|4
|inactive|CrazyComet37 has 30 seconds left.
|inactive|CrazyComet37 has 20 seconds left.
|inactive|CrazyComet37 has 15 seconds left.
|inactive|CrazyComet37 has 10 seconds left.
|
|t:|1783740092
|switch|p2b: Basculegion|Basculegion, L50, M|100/100
|move|p1a: Torkoal|Eruption|p2a: Garchomp|[spread] p2a,p2b
|-resisted|p2a: Garchomp|1
|-resisted|p2b: Basculegion|1
|-damage|p2a: Garchomp|48/100
|-damage|p2b: Basculegion|53/100
|move|p1b: Avalugg|Mountain Gale|p2a: Garchomp
|-supereffective|p2a: Garchomp|2
|-damage|p2a: Garchomp|0 fnt
|faint|p2a: Garchomp
|
|-weather|SunnyDay|[upkeep]
|upkeep
|
|t:|1783740102
|switch|p2a: Charizard|Charizard-Mega-Y, L50, M|78/100
|turn|5
|
|t:|1783740109
|move|p2b: Basculegion|Protect|p2b: Basculegion
|-singleturn|p2b: Basculegion|Protect
|move|p2a: Charizard|Protect|p2a: Charizard
|-singleturn|p2a: Charizard|Protect
|move|p1a: Torkoal|Eruption|p2a: Charizard|[spread] 
|-activate|p2a: Charizard|move: Protect
|-activate|p2b: Basculegion|move: Protect
|move|p1b: Avalugg|Rock Slide|p2a: Charizard|[spread] 
|-activate|p2a: Charizard|move: Protect
|-activate|p2b: Basculegion|move: Protect
|
|-weather|none
|-fieldend|move: Trick Room
|upkeep
|turn|6
|inactive|CrazyComet37 has 30 seconds left.
|inactive|CrazyComet37 has 20 seconds left.
|inactive|CrazyComet37 has 15 seconds left.
|inactive|CrazyComet37 has 10 seconds left.
|
|t:|1783740156
|move|p2a: Charizard|Heat Wave|p1a: Torkoal|[spread] p1a,p1b
|-resisted|p1a: Torkoal|1
|-damage|p1a: Torkoal|69/100
|-damage|p1b: Avalugg|1/100
|move|p2b: Basculegion|Wave Crash|p1b: Avalugg
|-supereffective|p1b: Avalugg|1
|-damage|p1b: Avalugg|0 fnt
|faint|p1b: Avalugg
|-damage|p2b: Basculegion|52/100|[from] Recoil
|move|p1a: Torkoal|Earth Power|p2b: Basculegion
|-damage|p2b: Basculegion|21/100
|
|upkeep
|turn|7
|
|t:|1783740168
|move|p2a: Charizard|Heat Wave|p1a: Torkoal
|-resisted|p1a: Torkoal|1
|-damage|p1a: Torkoal|27/100
|move|p2b: Basculegion|Wave Crash|p1a: Torkoal
|-supereffective|p1a: Torkoal|1
|-damage|p1a: Torkoal|0 fnt
|faint|p1a: Torkoal
|-damage|p2b: Basculegion|13/100|[from] Recoil
|
|win|CrazyComet37
||CrazyComet37 is ready for game 2.
||BlRD BOY is ready for game 2.
|uhtml|next|Next: Game 2 of 3
