|j|☆CheesyTime
|j|☆x5414
|html|CheesyTimex5414    
|uhtml|bestof|Game 2 of a best-of-3
|t:|1782474298
|gametype|doubles
|player|p1|CheesyTime|colress|1254
|player|p2|x5414|265|1201
|gen|9
|tier|[Gen 9 Champions] VGC 2026 Reg M-B (Bo3)
|rated|
|rule|Species Clause: Limit one of each Pokémon
|rule|Item Clause: Limit 1 of each item
|clearpoke
|poke|p1|Grimmsnarl, L50, M, shiny|
|poke|p1|Swampert, L50, M|
|poke|p1|Pelipper, L50, M|
|poke|p1|Archaludon, L50, M|
|poke|p1|Sinistcha, L50|
|poke|p1|Metagross, L50|
|poke|p2|Pelipper, L50, F|
|poke|p2|Basculegion, L50, M|
|poke|p2|Incineroar, L50, F|
|poke|p2|Raichu, L50, M|
|poke|p2|Scizor, L50, M|
|poke|p2|Sinistcha, L50|
|teampreview|4
|showteam|p1|Grimmsnarl||LightClay|Prankster|FoulPlay,PartingShot,Reflect,LightScreen|Calm||M|||50|]Swampert||Swampertite|Damp|WaveCrash,Earthquake,IcePunch,Protect|Adamant||M|||50|]Pelipper||SitrusBerry|Drizzle|Hurricane,WeatherBall,Tailwind,WideGuard|Modest||M|||50|]Archaludon||Leftovers|Stamina|ElectroShot,DragonPulse,FlashCannon,Protect|Modest||M|||50|]Sinistcha||CobaBerry|Hospitality|MatchaGotcha,RagePowder,TrickRoom,Protect|Relaxed|||||50|]Metagross||Metagrossite|ClearBody|IronHead,PsychicFangs,BodyPress,Protect|Jolly|||||50|
|showteam|p2|Pelipper||FocusSash|Drizzle|Hurricane,Tailwind,WeatherBall,Protect|Timid||F|||50|]Basculegion||ChoiceScarf|Adaptability|FlipTurn,LastRespects,WaveCrash,AquaJet|Jolly||M|||50|]Incineroar||SitrusBerry|Intimidate|FlareBlitz,PartingShot,FakeOut,DarkestLariat|Relaxed||F|||50|]Raichu||RaichuniteY|LightningRod|Encore,FocusBlast,ZapCannon,Protect|Timid||M|||50|]Scizor||Leftovers|Technician|Curse,Protect,BugBite,BulletPunch|Adamant||M|||50|]Sinistcha||OccaBerry|Hospitality|MatchaGotcha,RagePowder,TrickRoom,LifeDew|Sassy|||||50|
|inactive|Battle timer is ON: inactive players will automatically lose when time's up. (requested by x5414)
|inactive|CheesyTime has 60 seconds left.
|
|t:|1782474343
|teamsize|p1|4
|teamsize|p2|4
|start
|switch|p1a: Pelipper|Pelipper, L50, M|100/100
|switch|p1b: Archaludon|Archaludon, L50, M|100/100
|switch|p2a: Incineroar|Incineroar, L50, F|100/100
|switch|p2b: Sinistcha|Sinistcha, L50|100/100
|-weather|RainDance|[from] ability: Drizzle|[of] p1a: Pelipper
|-ability|p2a: Incineroar|Intimidate|boost
|-unboost|p1a: Pelipper|atk|1
|-unboost|p1b: Archaludon|atk|1
|turn|1
|inactive|x5414 has 30 seconds left.
|
|t:|1782474369
|switch|p2b: Raichu|Raichu, L50, M|100/100
|move|p1b: Archaludon|Electro Shot||[still]
|-activate|p2b: Raichu|ability: Lightning Rod
|-prepare|p1b: Archaludon|Electro Shot
|-boost|p1b: Archaludon|spa|1
|-anim|p1b: Archaludon|Electro Shot|p2b: Raichu
|-ability|p2b: Raichu|Lightning Rod|boost
|-boost|p2b: Raichu|spa|1
|move|p1a: Pelipper|Tailwind|p1a: Pelipper
|-sidestart|p1: CheesyTime|move: Tailwind
|move|p2a: Incineroar|Parting Shot|p1a: Pelipper
|-unboost|p1a: Pelipper|atk|1
|-unboost|p1a: Pelipper|spa|1
|
|t:|1782474380
|switch|p2a: Sinistcha|Sinistcha, L50|100/100|[from] Parting Shot
|
|-weather|RainDance|[upkeep]
|upkeep
|turn|2
|
|t:|1782474390
|switch|p1a: Swampert|Swampert, L50, M|100/100
|detailschange|p2b: Raichu|Raichu-Mega-Y, L50, M
|-mega|p2b: Raichu|Raichu|Raichunite Y
|move|p1b: Archaludon|Protect|p1b: Archaludon
|-singleturn|p1b: Archaludon|Protect
|move|p2a: Sinistcha|Rage Powder|p2a: Sinistcha
|-singleturn|p2a: Sinistcha|move: Rage Powder
|move|p2b: Raichu|Focus Blast|p1b: Archaludon
|-activate|p1b: Archaludon|move: Protect
|
|-weather|RainDance|[upkeep]
|upkeep
|turn|3
|
|t:|1782474404
|detailschange|p1a: Swampert|Swampert-Mega, L50, M
|-mega|p1a: Swampert|Swampert|Swampertite
|move|p2a: Sinistcha|Rage Powder|p2a: Sinistcha
|-singleturn|p2a: Sinistcha|move: Rage Powder
|move|p1a: Swampert|Earthquake|p2a: Sinistcha|[spread] p1b,p2a,p2b
|-supereffective|p1b: Archaludon|1
|-resisted|p2a: Sinistcha|1
|-supereffective|p2b: Raichu|1
|-damage|p1b: Archaludon|32/100
|-damage|p2a: Sinistcha|78/100
|-damage|p2b: Raichu|0 fnt
|-ability|p1b: Archaludon|Stamina|boost
|-boost|p1b: Archaludon|def|1
|faint|p2b: Raichu
|move|p1b: Archaludon|Dragon Pulse|p2a: Sinistcha
|-damage|p2a: Sinistcha|23/100
|
|-weather|RainDance|[upkeep]
|-heal|p1b: Archaludon|39/100|[from] item: Leftovers
|upkeep
|
|t:|1782474427
|switch|p2b: Incineroar|Incineroar, L50, F|100/100
|-ability|p2b: Incineroar|Intimidate|boost
|-unboost|p1a: Swampert|atk|1
|-unboost|p1b: Archaludon|atk|1
|turn|4
|
|t:|1782474434
|move|p2b: Incineroar|Fake Out|p1b: Archaludon
|-resisted|p1b: Archaludon|1
|-damage|p1b: Archaludon|36/100
|-ability|p1b: Archaludon|Stamina|boost
|-boost|p1b: Archaludon|def|1
|move|p1a: Swampert|Wave Crash|p2b: Incineroar
|-supereffective|p2b: Incineroar|1
|-damage|p2b: Incineroar|0 fnt
|faint|p2b: Incineroar
|-damage|p1a: Swampert|65/100|[from] Recoil
|cant|p1b: Archaludon|flinch
|move|p2a: Sinistcha|Matcha Gotcha|p1b: Archaludon|[spread] p1a,p1b
|-supereffective|p1a: Swampert|2
|-resisted|p1b: Archaludon|2
|-damage|p1a: Swampert|0 fnt
|-heal|p2a: Sinistcha|58/100|[from] drain|[of] p1a: Swampert
|-damage|p1b: Archaludon|30/100
|-heal|p2a: Sinistcha|61/100|[from] drain|[of] p1b: Archaludon
|-ability|p1b: Archaludon|Stamina|boost
|-boost|p1b: Archaludon|def|1
|faint|p1a: Swampert
|
|-weather|RainDance|[upkeep]
|-heal|p1b: Archaludon|37/100|[from] item: Leftovers
|-sideend|p1: CheesyTime|move: Tailwind
|upkeep
|
|t:|1782474441
|switch|p1a: Grimmsnarl|Grimmsnarl, L50, M, shiny|100/100
|switch|p2b: Scizor|Scizor, L50, M|100/100
|turn|5
|
|t:|1782474447
|move|p2b: Scizor|Bullet Punch|p1a: Grimmsnarl
|-supereffective|p1a: Grimmsnarl|1
|-damage|p1a: Grimmsnarl|33/100
|move|p1a: Grimmsnarl|Reflect|p1a: Grimmsnarl
|-sidestart|p1: CheesyTime|Reflect
|move|p1b: Archaludon|Electro Shot||[still]
|-prepare|p1b: Archaludon|Electro Shot
|-boost|p1b: Archaludon|spa|1
|-anim|p1b: Archaludon|Electro Shot|p2b: Scizor
|-damage|p2b: Scizor|0 fnt
|faint|p2b: Scizor
|move|p2a: Sinistcha|Matcha Gotcha|p1b: Archaludon|[spread] p1a,p1b
|-resisted|p1b: Archaludon|2
|-damage|p1a: Grimmsnarl|13/100
|-heal|p2a: Sinistcha|73/100|[from] drain|[of] p1a: Grimmsnarl
|-damage|p1b: Archaludon|30/100
|-heal|p2a: Sinistcha|76/100|[from] drain|[of] p1b: Archaludon
|-ability|p1b: Archaludon|Stamina|boost
|-boost|p1b: Archaludon|def|1
|
|-weather|none
|-heal|p1b: Archaludon|37/100|[from] item: Leftovers
|upkeep
|turn|6
|-message|x5414 forfeited.
|
|win|CheesyTime
