|j|☆C0ozer
|j|☆Bolsa_25
|html|C0ozerBolsa_25    
|uhtml|bestof|Game 3 of a best-of-3
|t:|1757089556
|gametype|doubles
|player|p1|C0ozer|2|1027
|player|p2|Bolsa_25|psychicf|1046
|gen|9
|tier|[Gen 9] VGC 2025 Reg H (Bo3)
|rated|
|rule|Species Clause: Limit one of each Pokémon
|rule|Item Clause: Limit 1 of each item
|clearpoke
|poke|p1|Ursaluna-Bloodmoon, L50, M|
|poke|p1|Gholdengo, L50|
|poke|p1|Dragonite, L50, M|
|poke|p1|Sneasler, L50, F|
|poke|p1|Incineroar, L50, M|
|poke|p1|Amoonguss, L50, M|
|poke|p2|Gholdengo, L50|
|poke|p2|Magmar, L50, F|
|poke|p2|Dragonite, L50, M|
|poke|p2|Rillaboom, L50, M|
|poke|p2|Annihilape, L50, M|
|poke|p2|Sylveon, L50, M|
|teampreview|4
|showteam|p1|Ursaluna-Bloodmoon||AssaultVest|MindsEye|BloodMoon,EarthPower,VacuumWave,HyperVoice|||M|||50|,,,,,Water]Gholdengo||LifeOrb|GoodasGold|Protect,MakeItRain,ShadowBall,NastyPlot||||||50|,,,,,Water]Dragonite||LoadedDice|Multiscale|ScaleShot,Tailwind,Haze,Protect|||M|||50|,,,,,Fairy]Sneasler||FocusSash|Unburden|Protect,DireClaw,CloseCombat,ThroatChop|||F|||50|,,,,,Stellar]Incineroar||SafetyGoggles|Intimidate|KnockOff,PartingShot,FlareBlitz,FakeOut|||M|||50|,,,,,Ghost]Amoonguss||SitrusBerry|Regenerator|RagePowder,Spore,PollenPuff,Protect|||M|||50|,,,,,Water
|showteam|p2|Gholdengo||LifeOrb|GoodasGold|Protect,NastyPlot,MakeItRain,ShadowBall||||||50|,,,,,Water]Magmar||Eviolite|VitalSpirit|Taunt,WillOWisp,FollowMe,HeatWave|||F|||50|,,,,,Ghost]Dragonite||LoadedDice|Multiscale|Protect,Haze,Tailwind,ScaleShot|||M|||50|,,,,,Fairy]Rillaboom||AssaultVest|GrassySurge|FakeOut,GrassyGlide,WoodHammer,HighHorsepower|||M|||50|,,,,,Fire]Annihilape||SafetyGoggles|Defiant|Protect,BulkUp,RageFist,DrainPunch|||M|||50|,,,,,Steel]Sylveon||ThroatSpray|Pixilate|TeraBlast,HyperBeam,Protect,BabyDollEyes|||M|||50|,,,,,Water
|inactive|Battle timer is ON: inactive players will automatically lose when time's up. (requested by Bolsa_25)
|inactive|C0ozer also wants the timer to be on.
|
|t:|1757089579
|teamsize|p1|4
|teamsize|p2|4
|start
|switch|p1a: Gholdengo|Gholdengo, L50, shiny|100/100
|switch|p1b: Incineroar|Incineroar, L50, M, shiny|100/100
|switch|p2a: Magmar|Magmar, L50, F|100/100
|switch|p2b: Annihilape|Annihilape, L50, M|100/100
|-ability|p1b: Incineroar|Intimidate|boost
|-unboost|p2a: Magmar|atk|1
|-unboost|p2b: Annihilape|atk|1
|-ability|p2b: Annihilape|Defiant|boost
|-boost|p2b: Annihilape|atk|2
|turn|1
|
|t:|1757089596
|-terastallize|p1a: Gholdengo|Water
|move|p2b: Annihilape|Protect|p2b: Annihilape
|-singleturn|p2b: Annihilape|Protect
|move|p1b: Incineroar|Fake Out|p2a: Magmar
|-crit|p2a: Magmar
|-damage|p2a: Magmar|85/100
|move|p1a: Gholdengo|Nasty Plot|p1a: Gholdengo
|-boost|p1a: Gholdengo|spa|2
|cant|p2a: Magmar|flinch
|
|upkeep
|turn|2
|inactive|C0ozer has 30 seconds left.
|
|t:|1757089624
|-terastallize|p2b: Annihilape|Steel
|move|p2a: Magmar|Follow Me|p2a: Magmar
|-singleturn|p2a: Magmar|move: Follow Me
|move|p1a: Gholdengo|Make It Rain|p2b: Annihilape|[spread] p2a,p2b
|-resisted|p2a: Magmar
|-resisted|p2b: Annihilape
|-damage|p2a: Magmar|49/100
|-damage|p2b: Annihilape|48/100
|-unboost|p1a: Gholdengo|spa|1
|-damage|p1a: Gholdengo|91/100|[from] item: Life Orb
|move|p2b: Annihilape|Rage Fist|p1a: Gholdengo
|-damage|p1a: Gholdengo|16/100
|move|p1b: Incineroar|Knock Off|p2a: Magmar
|-damage|p2a: Magmar|16/100
|-enditem|p2a: Magmar|Eviolite|[from] move: Knock Off|[of] p1b: Incineroar
|
|upkeep
|turn|3
|
|t:|1757089646
|move|p1a: Gholdengo|Protect|p1a: Gholdengo
|-singleturn|p1a: Gholdengo|Protect
|move|p2b: Annihilape|Protect|p2b: Annihilape
|-singleturn|p2b: Annihilape|Protect
|move|p2a: Magmar|Taunt|p1b: Incineroar
|-start|p1b: Incineroar|move: Taunt
|move|p1b: Incineroar|Flare Blitz|p2a: Magmar
|-resisted|p2a: Magmar
|-damage|p2a: Magmar|0 fnt
|faint|p2a: Magmar
|-damage|p1b: Incineroar|96/100|[from] Recoil
|
|upkeep
|
|t:|1757089649
|switch|p2a: Rillaboom|Rillaboom, L50, M|100/100
|-fieldstart|move: Grassy Terrain|[from] ability: Grassy Surge|[of] p2a: Rillaboom
|turn|4
|
|t:|1757089666
|switch|p1a: Ursaluna|Ursaluna-Bloodmoon, L50, M|100/100
|move|p2a: Rillaboom|Grassy Glide|p1a: Ursaluna
|-supereffective|p1a: Ursaluna
|-damage|p1a: Ursaluna|44/100
|move|p2b: Annihilape|Drain Punch|p1b: Incineroar
|-supereffective|p1b: Incineroar
|-damage|p1b: Incineroar|0 fnt
|-heal|p2b: Annihilape|97/100|[from] drain|[of] p1b: Incineroar
|faint|p1b: Incineroar
|
|-heal|p2b: Annihilape|100/100|[from] Grassy Terrain
|-heal|p1a: Ursaluna|50/100|[from] Grassy Terrain
|upkeep
|
|t:|1757089678
|switch|p1b: Sneasler|Sneasler, L50, F, shiny|100/100
|turn|5
|
|t:|1757089687
|move|p2a: Rillaboom|Grassy Glide|p1a: Ursaluna
|-supereffective|p1a: Ursaluna
|-crit|p1a: Ursaluna
|-damage|p1a: Ursaluna|0 fnt
|faint|p1a: Ursaluna
|move|p1b: Sneasler|Dire Claw|p2a: Rillaboom
|-supereffective|p2a: Rillaboom
|-damage|p2a: Rillaboom|12/100
|move|p2b: Annihilape|Drain Punch|p1b: Sneasler
|-resisted|p1b: Sneasler
|-damage|p1b: Sneasler|59/100
|
|-heal|p1b: Sneasler|64/100|[from] Grassy Terrain
|-heal|p2a: Rillaboom|18/100|[from] Grassy Terrain
|upkeep
|
|t:|1757089699
|switch|p1a: Gholdengo|Gholdengo, L50, shiny, tera:Water|16/100
|turn|6
|
|t:|1757089709
|move|p1b: Sneasler|Close Combat|p2b: Annihilape
|-supereffective|p2b: Annihilape
|-damage|p2b: Annihilape|0 fnt
|-unboost|p1b: Sneasler|def|1
|-unboost|p1b: Sneasler|spd|1
|faint|p2b: Annihilape
|move|p1a: Gholdengo|Make It Rain|p2a: Rillaboom
|-damage|p2a: Rillaboom|0 fnt
|-unboost|p1a: Gholdengo|spa|1
|faint|p2a: Rillaboom
|-damage|p1a: Gholdengo|6/100|[from] item: Life Orb
|
|-heal|p1b: Sneasler|70/100|[from] Grassy Terrain
|-heal|p1a: Gholdengo|12/100|[from] Grassy Terrain
|upkeep
|
|t:|1757089712
|switch|p2b: Dragonite|Dragonite, L50, M|100/100
|turn|7
|
|t:|1757089732
|move|p1b: Sneasler|Dire Claw|p2b: Dragonite
|-damage|p2b: Dragonite|78/100
|-status|p2b: Dragonite|par
|move|p1a: Gholdengo|Shadow Ball|p2b: Dragonite
|-damage|p2b: Dragonite|47/100 par
|-unboost|p2b: Dragonite|spd|1
|-damage|p1a: Gholdengo|3/100|[from] item: Life Orb
|move|p2b: Dragonite|Scale Shot|p1a: Gholdengo
|-damage|p1a: Gholdengo|0 fnt
|faint|p1a: Gholdengo
|-hitcount|p1: Gholdengo|1
|-unboost|p2b: Dragonite|def|1
|-boost|p2b: Dragonite|spe|1
|
|-heal|p1b: Sneasler|76/100|[from] Grassy Terrain
|upkeep
|turn|8
|inactive|C0ozer has 30 seconds left.
|
|t:|1757089757
|move|p1b: Sneasler|Dire Claw|p2b: Dragonite
|-damage|p2b: Dragonite|0 fnt
|faint|p2b: Dragonite
|
|win|C0ozer
|raw|C0ozer's rating: 1027 → 1065(+38 for winning)
|raw|Bolsa_25's rating: 1046 → 1028(-18 for losing)
|c|☆C0ozer|SHit
|c|☆C0ozer|On
|c|☆C0ozer|BAD
|l|☆C0ozer
|player|p1|
|c|☆Bolsa_25|que hablas oe
