|j|☆Shalude
|j|☆dambro222
|html|Shaludedambro222    
|uhtml|bestof|Game 2 of a best-of-3
|t:|1756813045
|gametype|doubles
|player|p1|Shalude|bugcatcher-gen4dp|1201
|player|p2|dambro222|ethan|1121
|gen|9
|tier|[Gen 9] VGC 2025 Reg H (Bo3)
|rated|
|rule|Species Clause: Limit one of each Pokémon
|rule|Item Clause: Limit 1 of each item
|clearpoke
|poke|p1|Rillaboom, L50, M|
|poke|p1|Gholdengo, L50|
|poke|p1|Incineroar, L50, F|
|poke|p1|Annihilape, L50, F|
|poke|p1|Tyranitar, L50, F|
|poke|p1|Electabuzz, L50, F|
|poke|p2|Dragonite, L50, M|
|poke|p2|Volcarona, L50, F|
|poke|p2|Sneasler, L50, M|
|poke|p2|Rillaboom, L50, M|
|poke|p2|Electabuzz, L50, M|
|poke|p2|Kingambit, L50, M|
|teampreview|4
|showteam|p1|Rillaboom||AssaultVest|GrassySurge|GrassyGlide,WoodHammer,FakeOut,Uturn|||M|||50|,,,,,Fire]Gholdengo||GrassySeed|GoodasGold|MakeItRain,ShadowBall,NastyPlot,Protect||||||50|,,,,,Water]Incineroar||SitrusBerry|Intimidate|FakeOut,KnockOff,FlareBlitz,PartingShot|||F|||50|,,,,,Ghost]Annihilape||ChoiceScarf|Defiant|RageFist,FinalGambit,CloseCombat,Coaching|||F|||50|,,,,,Stellar]Tyranitar||ChoiceBand|SandStream|TeraBlast,RockSlide,KnockOff,LowKick|||F|||50|,,,,,Flying]Electabuzz||Eviolite|VitalSpirit|FollowMe,Protect,Taunt,Electroweb|||F|||50|,,,,,Ghost
|showteam|p2|Dragonite||LoadedDice|Multiscale|ScaleShot,ExtremeSpeed,Haze,Protect|||M|||50|,,,,,Fairy]Volcarona||CovertCloak|FlameBody|HeatWave,TeraBlast,QuiverDance,Protect|||F|||50|,,,,,Fairy]Sneasler||FocusSash|Unburden|CloseCombat,DireClaw,RockSlide,Protect|||M|||50|,,,,,Stellar]Rillaboom||AssaultVest|GrassySurge|WoodHammer,GrassyGlide,HighHorsepower,FakeOut|||M|||50|,,,,,Water]Electabuzz||Eviolite|VitalSpirit|Electroweb,FollowMe,Taunt,Protect|||M|||50|,,,,,Ghost]Kingambit||BlackGlasses|Defiant|KowtowCleave,SuckerPunch,SwordsDance,Protect|||M|||50|,,,,,Dark
|inactive|Battle timer is ON: inactive players will automatically lose when time's up. (requested by Shalude)
|inactive|dambro222 also wants the timer to be on.
|inactive|dambro222 has 60 seconds left.
|
|t:|1756813077
|teamsize|p1|4
|teamsize|p2|4
|start
|switch|p1a: Electabuzz|Electabuzz, L50, F, shiny|100/100
|switch|p1b: Annihilape|Annihilape, L50, F, shiny|100/100
|switch|p2a: Electabuzz|Electabuzz, L50, M|100/100
|switch|p2b: Volcarona|Volcarona, L50, F|100/100
|turn|1
|inactive|Shalude has 30 seconds left.
|inactive|Shalude has 20 seconds left.
|inactive|Shalude has 15 seconds left.
|inactive|Shalude has 10 seconds left.
|
|t:|1756813125
|switch|p1b: Tyranitar|Tyranitar, L50, F, shiny|100/100
|-weather|Sandstorm|[from] ability: Sand Stream|[of] p1b: Tyranitar
|-terastallize|p2a: Electabuzz|Ghost
|move|p2a: Electabuzz|Follow Me|p2a: Electabuzz
|-singleturn|p2a: Electabuzz|move: Follow Me
|move|p2b: Volcarona|Quiver Dance|p2b: Volcarona
|-boost|p2b: Volcarona|spa|1
|-boost|p2b: Volcarona|spd|1
|-boost|p2b: Volcarona|spe|1
|move|p1a: Electabuzz|Taunt|p2a: Electabuzz
|-start|p2a: Electabuzz|move: Taunt
|
|-weather|Sandstorm|[upkeep]
|-damage|p2b: Volcarona|94/100|[from] Sandstorm
|-damage|p1a: Electabuzz|95/100|[from] Sandstorm
|-damage|p2a: Electabuzz|95/100|[from] Sandstorm
|upkeep
|turn|2
|
|t:|1756813149
|switch|p2a: Rillaboom|Rillaboom, L50, M|100/100
|-fieldstart|move: Grassy Terrain|[from] ability: Grassy Surge|[of] p2a: Rillaboom
|move|p2b: Volcarona|Protect|p2b: Volcarona
|-singleturn|p2b: Volcarona|Protect
|move|p1a: Electabuzz|Electroweb|p2a: Rillaboom|[spread] p2a
|-activate|p2b: Volcarona|move: Protect
|-resisted|p2a: Rillaboom
|-damage|p2a: Rillaboom|95/100
|-unboost|p2a: Rillaboom|spe|1
|move|p1b: Tyranitar|Rock Slide|p2a: Rillaboom|[spread] p2a
|-activate|p2b: Volcarona|move: Protect
|-damage|p2a: Rillaboom|45/100
|
|-weather|Sandstorm|[upkeep]
|-damage|p2b: Volcarona|88/100|[from] Sandstorm
|-damage|p1a: Electabuzz|89/100|[from] Sandstorm
|-damage|p2a: Rillaboom|39/100|[from] Sandstorm
|-heal|p2b: Volcarona|94/100|[from] Grassy Terrain
|-heal|p1a: Electabuzz|95/100|[from] Grassy Terrain
|-heal|p2a: Rillaboom|45/100|[from] Grassy Terrain
|upkeep
|turn|3
|
|t:|1756813172
|move|p2a: Rillaboom|Fake Out|p1b: Tyranitar
|-resisted|p1b: Tyranitar
|-damage|p1b: Tyranitar|94/100
|move|p1a: Electabuzz|Follow Me|p1a: Electabuzz
|-singleturn|p1a: Electabuzz|move: Follow Me
|move|p2b: Volcarona|Heat Wave|p1b: Tyranitar|[spread] p1a,p1b
|-resisted|p1b: Tyranitar
|-damage|p1a: Electabuzz|52/100
|-damage|p1b: Tyranitar|74/100
|cant|p1b: Tyranitar|flinch
|
|-weather|Sandstorm|[upkeep]
|-damage|p2b: Volcarona|88/100|[from] Sandstorm
|-damage|p1a: Electabuzz|46/100|[from] Sandstorm
|-damage|p2a: Rillaboom|39/100|[from] Sandstorm
|-heal|p2b: Volcarona|94/100|[from] Grassy Terrain
|-heal|p1a: Electabuzz|52/100|[from] Grassy Terrain
|-heal|p1b: Tyranitar|81/100|[from] Grassy Terrain
|-heal|p2a: Rillaboom|45/100|[from] Grassy Terrain
|upkeep
|turn|4
|inactive|dambro222 has 30 seconds left.
|
|t:|1756813200
|move|p2b: Volcarona|Protect|p2b: Volcarona
|-singleturn|p2b: Volcarona|Protect
|move|p1a: Electabuzz|Follow Me|p1a: Electabuzz
|-singleturn|p1a: Electabuzz|move: Follow Me
|move|p1b: Tyranitar|Rock Slide|p2a: Rillaboom|[spread] p2a
|-activate|p2b: Volcarona|move: Protect
|-damage|p2a: Rillaboom|0 fnt
|faint|p2a: Rillaboom
|
|-weather|Sandstorm|[upkeep]
|-damage|p2b: Volcarona|88/100|[from] Sandstorm
|-damage|p1a: Electabuzz|46/100|[from] Sandstorm
|-heal|p2b: Volcarona|94/100|[from] Grassy Terrain
|-heal|p1a: Electabuzz|52/100|[from] Grassy Terrain
|-heal|p1b: Tyranitar|87/100|[from] Grassy Terrain
|upkeep
|
|t:|1756813215
|switch|p2a: Sneasler|Sneasler, L50, M|100/100
|turn|5
|
|t:|1756813221
|move|p1a: Electabuzz|Follow Me|p1a: Electabuzz
|-singleturn|p1a: Electabuzz|move: Follow Me
|move|p2b: Volcarona|Heat Wave|p1b: Tyranitar|[spread] p1a,p1b
|-resisted|p1b: Tyranitar
|-damage|p1a: Electabuzz|8/100
|-damage|p1b: Tyranitar|68/100
|move|p2a: Sneasler|Rock Slide|p1b: Tyranitar|[spread] p1a,p1b
|-damage|p1a: Electabuzz|0 fnt
|-damage|p1b: Tyranitar|48/100
|faint|p1a: Electabuzz
|move|p1b: Tyranitar|Rock Slide|p2a: Sneasler|[spread] p2a,p2b
|-resisted|p2a: Sneasler
|-supereffective|p2b: Volcarona
|-damage|p2a: Sneasler|57/100
|-damage|p2b: Volcarona|0 fnt
|faint|p2b: Volcarona
|
|-weather|none
|-heal|p2a: Sneasler|63/100|[from] Grassy Terrain
|-heal|p1b: Tyranitar|54/100|[from] Grassy Terrain
|upkeep
|
|t:|1756813239
|switch|p2b: Electabuzz|Electabuzz, L50, M, tera:Ghost|95/100
|switch|p1a: Gholdengo|Gholdengo, L50|100/100
|-enditem|p1a: Gholdengo|Grassy Seed
|-boost|p1a: Gholdengo|def|1|[from] item: Grassy Seed
|turn|6
|
|t:|1756813248
|switch|p1b: Annihilape|Annihilape, L50, F, shiny|100/100
|move|p2a: Sneasler|Close Combat|p1b: Annihilape
|-immune|p1b: Annihilape
|move|p2b: Electabuzz|Electroweb|p1b: Annihilape|[spread] p1a,p1b
|-damage|p1a: Gholdengo|91/100
|-damage|p1b: Annihilape|88/100
|-unboost|p1a: Gholdengo|spe|1
|-unboost|p1b: Annihilape|spe|1
|-ability|p1b: Annihilape|Defiant|boost
|-boost|p1b: Annihilape|atk|2
|move|p1a: Gholdengo|Nasty Plot|p1a: Gholdengo
|-boost|p1a: Gholdengo|spa|2
|
|-heal|p2a: Sneasler|69/100|[from] Grassy Terrain
|-heal|p1b: Annihilape|94/100|[from] Grassy Terrain
|-heal|p2b: Electabuzz|100/100|[from] Grassy Terrain
|-heal|p1a: Gholdengo|97/100|[from] Grassy Terrain
|-fieldend|move: Grassy Terrain
|upkeep
|turn|7
|-message|dambro222 forfeited.
|
|win|Shalude
|l|☆dambro222
|player|p2|
||Shalude is ready for game 3.
||Shalude is ready for game 3.
||dambro222 is ready for game 3.
|uhtml|next|Next: Game 3 of 3
|l|☆Shalude
|player|p1|
|j|☆dambro222
|player|p2|dambro222|ethan|
