|j|☆homerj71
|j|☆ambitiousAutistic
|html|homerj71ambitiousAutistic    
|uhtml|bestof|Game 3 of a best-of-3
|t:|1785869618
|gametype|doubles
|player|p1|homerj71|266|1220
|player|p2|ambitiousAutistic|101|1017
|gen|9
|tier|[Gen 9 Champions] VGC 2026 Reg M-B (Bo3)
|rated|
|rule|Species Clause: Limit one of each Pokémon
|rule|Item Clause: Limit 1 of each item
|clearpoke
|poke|p1|Tyranitar, L50, F|
|poke|p1|Staraptor, L50, M|
|poke|p1|Gholdengo, L50|
|poke|p1|Excadrill, L50, F|
|poke|p1|Sinistcha, L50|
|poke|p1|Milotic, L50, M|
|poke|p2|Meowstic, L50, M|
|poke|p2|Reuniclus, L50, F|
|poke|p2|Ninetales-Alola, L50, M|
|poke|p2|Garchomp, L50, F|
|poke|p2|Scrafty, L50, M|
|poke|p2|Delphox, L50, F|
|teampreview|4
|showteam|p1|Tyranitar||Tyranitarite|SandStream|KnockOff,RockSlide,Protect,LowKick|Jolly||F|||50|]Staraptor||Staraptite|Intimidate|DualWingbeat,CloseCombat,Protect,Tailwind|Jolly||M|||50|]Gholdengo||LifeOrb|GoodasGold|MakeItRain,NastyPlot,Protect,ShadowBall|Timid|||||50|]Excadrill||FocusSash|SandRush|HighHorsepower,IronHead,RockSlide,Protect|Adamant||F|||50|]Sinistcha||SitrusBerry|Hospitality|MatchaGotcha,RagePowder,ShadowBall,Protect|Calm|||||50|]Milotic||Leftovers|Competitive|Scald,IcyWind,Protect,IceBeam|Modest||M|||50|
|showteam|p2|Meowstic||FocusSash|Prankster|SkillSwap,FakeOut,PsychicTerrain,ExpandingForce|Calm||M|||50|]Reuniclus||LifeOrb|Regenerator|ExpandingForce,ShadowBall,PsychicTerrain,Recover|Modest||F|||50|]Ninetales-Alola||LightClay|SnowWarning|AuroraVeil,Blizzard,Moonblast,Disable|Modest||M|||50|]Garchomp||SitrusBerry|RoughSkin|Earthquake,DragonClaw,Protect,RockSlide|Jolly||F|||50|]Scrafty||Scraftinite|Intimidate|FakeOut,Crunch,DrainPunch,SwordsDance|Adamant||M|||50|]Delphox||Delphoxite|Blaze|ExpandingForce,HeatWave,Protect,Wish|Modest||F|||50|
|inactive|Battle timer is ON: inactive players will automatically lose when time's up. (requested by homerj71)
|
|t:|1785869628
|teamsize|p1|4
|teamsize|p2|4
|start
|switch|p1a: Staraptor|Staraptor, L50, M|100/100
|switch|p1b: Milotic|Milotic, L50, M|100/100
|switch|p2a: Scrafty|Scrafty, L50, M|100/100
|switch|p2b: Ninetales|Ninetales-Alola, L50, M|100/100
|-ability|p1a: Staraptor|Intimidate|boost
|-unboost|p2a: Scrafty|atk|1
|-unboost|p2b: Ninetales|atk|1
|-weather|Snowscape|[from] ability: Snow Warning|[of] p2b: Ninetales
|-ability|p2a: Scrafty|Intimidate|boost
|-unboost|p1a: Staraptor|atk|1
|-unboost|p1b: Milotic|atk|1
|-ability|p1b: Milotic|Competitive|boost
|-boost|p1b: Milotic|spa|2
|turn|1
|
|t:|1785869640
|detailschange|p1a: Staraptor|Staraptor-Mega, L50, M
|-mega|p1a: Staraptor|Staraptor|Staraptite
|move|p2a: Scrafty|Fake Out|p1a: Staraptor
|-damage|p1a: Staraptor|91/100
|cant|p1a: Staraptor|flinch
|move|p2b: Ninetales|Aurora Veil|p2b: Ninetales
|-sidestart|p2: ambitiousAutistic|move: Aurora Veil
|move|p1b: Milotic|Scald|p2a: Scrafty
|-damage|p2a: Scrafty|58/100
|
|-weather|Snowscape|[upkeep]
|upkeep
|turn|2
|inactive|ambitiousAutistic has 30 seconds left.
|
|t:|1785869668
|switch|p2a: Reuniclus|Reuniclus, L50, F|100/100
|move|p1a: Staraptor|Close Combat|p2a: Reuniclus
|-resisted|p2a: Reuniclus|1
|-damage|p2a: Reuniclus|86/100
|-boost|p1a: Staraptor|def|1
|-boost|p1a: Staraptor|spd|1
|move|p2b: Ninetales|Blizzard|p1b: Milotic|[spread] p1a,p1b
|-supereffective|p1a: Staraptor|1
|-resisted|p1b: Milotic|1
|-damage|p1a: Staraptor|42/100
|-damage|p1b: Milotic|88/100
|-status|p1b: Milotic|frz
|-curestatus|p1b: Milotic|frz|[from] move: Scald
|move|p1b: Milotic|Scald|p2a: Reuniclus
|-damage|p2a: Reuniclus|46/100
|
|-weather|Snowscape|[upkeep]
|-heal|p1b: Milotic|94/100|[from] item: Leftovers
|upkeep
|turn|3
|inactive|ambitiousAutistic has 30 seconds left.
|
|t:|1785869695
|switch|p1a: Tyranitar|Tyranitar, L50, F|100/100
|-weather|Sandstorm|[from] ability: Sand Stream|[of] p1a: Tyranitar
|move|p2b: Ninetales|Blizzard|p1a: Tyranitar|[spread] p1a,p1b
|-resisted|p1b: Milotic|1
|-damage|p1a: Tyranitar|75/100
|-damage|p1b: Milotic|81/100
|move|p1b: Milotic|Ice Beam|p2a: Reuniclus
|-damage|p2a: Reuniclus|17/100
|move|p2a: Reuniclus|Recover|p2a: Reuniclus
|-heal|p2a: Reuniclus|67/100
|
|-weather|Sandstorm|[upkeep]
|-damage|p2b: Ninetales|93/100|[from] Sandstorm
|-damage|p1b: Milotic|75/100|[from] Sandstorm
|-damage|p2a: Reuniclus|61/100|[from] Sandstorm
|-heal|p1b: Milotic|81/100|[from] item: Leftovers
|upkeep
|turn|4
|
|t:|1785869706
|-heal|p2a: Reuniclus|94/100|[from] ability: Regenerator|[silent]
|switch|p2a: Scrafty|Scrafty, L50, M|58/100
|-ability|p2a: Scrafty|Intimidate|boost
|-unboost|p1a: Tyranitar|atk|1
|-unboost|p1b: Milotic|atk|1
|-ability|p1b: Milotic|Competitive|boost
|-boost|p1b: Milotic|spa|2
|move|p2b: Ninetales|Moonblast|p1a: Tyranitar
|-supereffective|p1a: Tyranitar|1
|-damage|p1a: Tyranitar|29/100
|move|p1a: Tyranitar|Knock Off|p2a: Scrafty
|-resisted|p2a: Scrafty|2
|-damage|p2a: Scrafty|55/100
|move|p1b: Milotic|Scald|p2b: Ninetales
|-damage|p2b: Ninetales|9/100
|-status|p2b: Ninetales|brn
|
|-weather|Sandstorm|[upkeep]
|-damage|p2b: Ninetales|3/100 brn|[from] Sandstorm
|-damage|p1b: Milotic|75/100|[from] Sandstorm
|-damage|p2a: Scrafty|49/100|[from] Sandstorm
|-heal|p1b: Milotic|81/100|[from] item: Leftovers
|-damage|p2b: Ninetales|0 fnt|[from] brn
|faint|p2b: Ninetales
|upkeep
|inactive|ambitiousAutistic has 30 seconds left.
|
|t:|1785869734
|switch|p2b: Garchomp|Garchomp, L50, F|100/100
|turn|5
|
|t:|1785869747
|move|p2a: Scrafty|Fake Out|p1b: Milotic
|-damage|p1b: Milotic|70/100
|move|p2b: Garchomp|Earthquake|p1b: Milotic|[spread] p2a,p1a,p1b
|-supereffective|p1a: Tyranitar|1
|-damage|p2a: Scrafty|26/100
|-damage|p1a: Tyranitar|0 fnt
|-damage|p1b: Milotic|36/100
|faint|p1a: Tyranitar
|cant|p1b: Milotic|flinch
|
|-weather|Sandstorm|[upkeep]
|-damage|p1b: Milotic|30/100|[from] Sandstorm
|-damage|p2a: Scrafty|20/100y|[from] Sandstorm
|-heal|p1b: Milotic|36/100|[from] item: Leftovers
|upkeep
|
|t:|1785869755
|switch|p1a: Staraptor|Staraptor-Mega, L50, M|42/100
|turn|6
|
|t:|1785869769
|switch|p2a: Reuniclus|Reuniclus, L50, F|94/100
|move|p1a: Staraptor|Close Combat|p2a: Reuniclus
|-resisted|p2a: Reuniclus|1
|-damage|p2a: Reuniclus|73/100
|-boost|p1a: Staraptor|def|1
|-boost|p1a: Staraptor|spd|1
|move|p2b: Garchomp|Rock Slide|p1b: Milotic|[spread] p1a,p1b
|-crit|p1b: Milotic
|-damage|p1a: Staraptor|28/100
|-damage|p1b: Milotic|8/100
|move|p1b: Milotic|Ice Beam|p2b: Garchomp
|-supereffective|p2b: Garchomp|2
|-damage|p2b: Garchomp|0 fnt
|faint|p2b: Garchomp
|
|-weather|Sandstorm|[upkeep]
|-damage|p1a: Staraptor|23/100|[from] Sandstorm
|-damage|p1b: Milotic|2/100|[from] Sandstorm
|-damage|p2a: Reuniclus|67/100|[from] Sandstorm
|-heal|p1b: Milotic|8/100|[from] item: Leftovers
|upkeep
|
|t:|1785869782
|switch|p2b: Scrafty|Scrafty, L50, M|20/100y
|-ability|p2b: Scrafty|Intimidate|boost
|-boost|p1a: Staraptor|atk|1
|-unboost|p1b: Milotic|atk|1
|-ability|p1b: Milotic|Competitive|boost
|-boost|p1b: Milotic|spa|2
|turn|7
|
|t:|1785869791
|move|p1a: Staraptor|Protect|p1a: Staraptor
|-singleturn|p1a: Staraptor|Protect
|move|p1b: Milotic|Protect|p1b: Milotic
|-singleturn|p1b: Milotic|Protect
|move|p2b: Scrafty|Fake Out|p1a: Staraptor
|-activate|p1a: Staraptor|move: Protect
|move|p2a: Reuniclus|Psychic Terrain|p2a: Reuniclus
|-fieldstart|move: Psychic Terrain
|
|-weather|none
|-heal|p1b: Milotic|14/100|[from] item: Leftovers
|upkeep
|turn|8
|
|t:|1785869806
|move|p1a: Staraptor|Close Combat|p2b: Scrafty
|-supereffective|p2b: Scrafty|1
|-damage|p2b: Scrafty|0 fnt
|-boost|p1a: Staraptor|def|1
|-boost|p1a: Staraptor|spd|1
|faint|p2b: Scrafty
|move|p1b: Milotic|Scald|p2a: Reuniclus
|-damage|p2a: Reuniclus|0 fnt
|faint|p2a: Reuniclus
|
|win|homerj71
|raw|homerj71's rating: 1220 → 1232(+12 for winning)
|raw|ambitiousAutistic's rating: 1017 → 1011(-6 for losing)
