|j|☆Plopy14
|j|☆longlegs828
|html|Plopy14longlegs828    
|uhtml|bestof|Game 2 of a best-of-3
|t:|1783131966
|gametype|doubles
|player|p1|Plopy14|bugcatcher|1125
|player|p2|longlegs828|2|1152
|gen|9
|tier|[Gen 9 Champions] VGC 2026 Reg M-B (Bo3)
|rated|
|rule|Species Clause: Limit one of each Pokémon
|rule|Item Clause: Limit 1 of each item
|clearpoke
|poke|p1|Floette-Eternal, L50, F|
|poke|p1|Incineroar, L50, M|
|poke|p1|Sinistcha, L50|
|poke|p1|Delphox, L50, M|
|poke|p1|Sneasler, L50, M|
|poke|p1|Kingambit, L50, F|
|poke|p2|Froslass, L50, F|
|poke|p2|Incineroar, L50, F|
|poke|p2|Sneasler, L50, F|
|poke|p2|Kingambit, L50, M|
|poke|p2|Vivillon-Tundra, L50, F|
|poke|p2|Hydreigon, L50, M|
|teampreview|4
|showteam|p1|Floette-Eternal||Floettite|FlowerVeil|DazzlingGleam,Moonblast,CalmMind,Protect|Modest||F|||50|]Incineroar||SitrusBerry|Intimidate|FakeOut,FlareBlitz,ThroatChop,PartingShot|Careful||M|||50|]Sinistcha||OccaBerry|Hospitality|MatchaGotcha,RagePowder,TrickRoom,Protect|Bold|||||50|]Delphox||Delphoxite|Blaze|HeatWave,Psyshock,NastyPlot,Protect|Timid||M|||50|]Sneasler||FocusSash|PoisonTouch|FakeOut,PoisonJab,CloseCombat,QuickGuard|Jolly||M|||50|]Kingambit||BlackGlasses|Defiant|KowtowCleave,SuckerPunch,SwordsDance,Protect|Adamant||F|||50|
|showteam|p2|Froslass||Froslassite|SnowCloak|NastyPlot,Blizzard,ShadowBall,Protect|Timid||F|||50|]Incineroar||PasshoBerry|Intimidate|FlareBlitz,ThroatChop,FakeOut,PartingShot|Careful||F|||50|]Sneasler||WhiteHerb|Unburden|DireClaw,CloseCombat,FakeOut,Protect|Jolly||F|||50|]Kingambit||ChopleBerry|Defiant|SwordsDance,KowtowCleave,SuckerPunch,Protect|Adamant||M|||50|]Vivillon-Tundra||FocusSash|CompoundEyes|SleepPowder,StruggleBug,Tailwind,Protect|Timid||F|||50|]Hydreigon||ChoiceScarf|Levitate|Snarl,DarkPulse,DracoMeteor,Uturn|Modest||M|||50|
|
|t:|1783132012
|teamsize|p1|4
|teamsize|p2|4
|start
|switch|p1a: Delphox|Delphox, L50, M|100/100
|switch|p1b: Sneasler|Sneasler, L50, M|100/100
|switch|p2a: Vivillon|Vivillon-Tundra, L50, F|100/100
|switch|p2b: Sneasler|Sneasler, L50, F|100/100
|turn|1
|
|t:|1783132035
|switch|p2b: Incineroar|Incineroar, L50, F|100/100
|-ability|p2b: Incineroar|Intimidate|boost
|-unboost|p1a: Delphox|atk|1
|-unboost|p1b: Sneasler|atk|1
|detailschange|p1a: Delphox|Delphox-Mega, L50, M
|-mega|p1a: Delphox|Delphox|Delphoxite
|move|p2a: Vivillon|Protect|p2a: Vivillon
|-singleturn|p2a: Vivillon|Protect
|move|p1b: Sneasler|Fake Out|p2a: Vivillon
|-activate|p2a: Vivillon|move: Protect
|move|p1a: Delphox|Heat Wave|p2b: Incineroar|[spread] p2b
|-activate|p2a: Vivillon|move: Protect
|-resisted|p2b: Incineroar|1
|-damage|p2b: Incineroar|85/100
|
|upkeep
|turn|2
|
|t:|1783132059
|move|p1b: Sneasler|Quick Guard|p1b: Sneasler
|-singleturn|p1b: Sneasler|Quick Guard
|move|p2b: Incineroar|Fake Out|p1a: Delphox
|-activate|p1a: Delphox|move: Quick Guard
|move|p1a: Delphox|Heat Wave|p2b: Incineroar|[spread] p2a,p2b
|-supereffective|p2a: Vivillon|1
|-resisted|p2b: Incineroar|1
|-enditem|p2a: Vivillon|Focus Sash
|-damage|p2a: Vivillon|1/100
|-damage|p2b: Incineroar|70/100
|move|p2a: Vivillon|Tailwind|p2a: Vivillon
|-sidestart|p2: longlegs828|move: Tailwind
|
|upkeep
|turn|3
|
|t:|1783132085
|switch|p1a: Incineroar|Incineroar, L50, M|100/100
|-ability|p1a: Incineroar|Intimidate|boost
|-unboost|p2a: Vivillon|atk|1
|-unboost|p2b: Incineroar|atk|1
|move|p2a: Vivillon|Sleep Powder|p1a: Incineroar
|-status|p1a: Incineroar|slp|[from] move: Sleep Powder
|move|p1b: Sneasler|Close Combat|p2b: Incineroar
|-supereffective|p2b: Incineroar|1
|-damage|p2b: Incineroar|1/100
|-unboost|p1b: Sneasler|def|1
|-unboost|p1b: Sneasler|spd|1
|move|p2b: Incineroar|Throat Chop|p1a: Incineroar
|-resisted|p1a: Incineroar|1
|-damage|p1a: Incineroar|92/100 slp
|-start|p1a: Incineroar|Throat Chop|[silent]
|
|upkeep
|turn|4
|
|t:|1783132125
|cant|p1a: Incineroar|slp
|move|p2a: Vivillon|Sleep Powder|p1b: Sneasler
|-status|p1b: Sneasler|slp|[from] move: Sleep Powder
|cant|p1b: Sneasler|slp
|move|p2b: Incineroar|Flare Blitz|p1b: Sneasler
|-damage|p1b: Sneasler|23/100 slp
|-damage|p2b: Incineroar|0 fnt|[from] Recoil
|faint|p2b: Incineroar
|
|-end|p1a: Incineroar|Throat Chop|[silent]
|upkeep
|
|t:|1783132137
|switch|p2b: Froslass|Froslass, L50, F|100/100
|turn|5
|
|t:|1783132155
|switch|p2a: Sneasler|Sneasler, L50, F|100/100
|switch|p1b: Kingambit|Kingambit, L50, F|100/100
|detailschange|p2b: Froslass|Froslass-Mega, L50, F
|-mega|p2b: Froslass|Froslass|Froslassite
|-weather|Snowscape|[from] ability: Snow Warning|[of] p2b: Froslass
|move|p2b: Froslass|Nasty Plot|p2b: Froslass
|-boost|p2b: Froslass|spa|2
|-curestatus|p1a: Incineroar|slp|[msg]
|move|p1a: Incineroar|Parting Shot|p2b: Froslass
|-unboost|p2b: Froslass|atk|1
|-unboost|p2b: Froslass|spa|1
|
|t:|1783132166
|switch|p1a: Delphox|Delphox-Mega, L50, M|100/100|[from] Parting Shot
|
|-weather|Snowscape|[upkeep]
|-sideend|p2: longlegs828|move: Tailwind
|upkeep
|turn|6
|
|t:|1783132202
|move|p1a: Delphox|Protect|p1a: Delphox
|-singleturn|p1a: Delphox|Protect
|move|p1b: Kingambit|Protect|p1b: Kingambit
|-singleturn|p1b: Kingambit|Protect
|move|p2b: Froslass|Shadow Ball|p1a: Delphox
|-activate|p1a: Delphox|move: Protect
|move|p2a: Sneasler|Close Combat|p1b: Kingambit
|-activate|p1b: Kingambit|move: Protect
|
|-weather|Snowscape|[upkeep]
|upkeep
|turn|7
|
|t:|1783132216
|move|p2b: Froslass|Protect|p2b: Froslass
|-singleturn|p2b: Froslass|Protect
|move|p1a: Delphox|Psyshock|p2a: Sneasler
|-supereffective|p2a: Sneasler|2
|-damage|p2a: Sneasler|0 fnt
|faint|p2a: Sneasler
|move|p1b: Kingambit|Kowtow Cleave|p2b: Froslass
|-activate|p2b: Froslass|move: Protect
|
|-weather|Snowscape|[upkeep]
|upkeep
|
|t:|1783132225
|switch|p2a: Vivillon|Vivillon-Tundra, L50, F|1/100
|turn|8
|
|t:|1783132234
|move|p1a: Delphox|Psyshock|p2a: Vivillon
|-damage|p2a: Vivillon|0 fnt
|faint|p2a: Vivillon
|move|p2b: Froslass|Shadow Ball|p1a: Delphox
|-supereffective|p1a: Delphox|1
|-damage|p1a: Delphox|1/100
|move|p1b: Kingambit|Kowtow Cleave|p2b: Froslass
|-supereffective|p2b: Froslass|1
|-damage|p2b: Froslass|0 fnt
|faint|p2b: Froslass
|
|win|Plopy14
