|j|☆Chochito Pelao
|j|☆Imreesithink
|html|Chochito PelaoImreesithink    
|uhtml|bestof|Game 2 of a best-of-3
|t:|1784742830
|gametype|doubles
|player|p1|Chochito Pelao|striker|1144
|player|p2|Imreesithink|blackbelt-gen4dp|1178
|gen|9
|tier|[Gen 9 Champions] VGC 2026 Reg M-B (Bo3)
|rated|
|rule|Species Clause: Limit one of each Pokémon
|rule|Item Clause: Limit 1 of each item
|clearpoke
|poke|p1|Charizard, L50, M|
|poke|p1|Venusaur, L50, M|
|poke|p1|Pelipper, L50, M|
|poke|p1|Grimmsnarl, L50, M|
|poke|p1|Basculegion, L50, M|
|poke|p1|Archaludon, L50, F|
|poke|p2|Garchomp, L50, F|
|poke|p2|Venusaur, L50, F|
|poke|p2|Incineroar, L50, F|
|poke|p2|Charizard, L50, M|
|poke|p2|Toxapex, L50, M|
|poke|p2|Annihilape, L50, F|
|teampreview|4
|showteam|p1|Charizard||CharizarditeY|Blaze|HeatWave,WeatherBall,SolarBeam,Protect|Modest||M|||50|]Venusaur||FocusSash|Chlorophyll|SludgeBomb,EarthPower,SleepPowder,Protect|Modest||M|||50|]Pelipper||SitrusBerry|Drizzle|Hurricane,WeatherBall,WideGuard,Tailwind|Modest||M|||50|]Grimmsnarl||LightClay|Prankster|SpiritBreak,Reflect,LightScreen,PartingShot|Sassy||M|||50|]Basculegion||ChoiceScarf|Adaptability|WaveCrash,LastRespects,FlipTurn,AquaJet|Jolly||M|||50|]Archaludon||Leftovers|Stamina|DragonPulse,FlashCannon,ElectroShot,Protect|Calm||F|||50|
|showteam|p2|Garchomp||ChoiceScarf|RoughSkin|Earthquake,RockSlide,DragonClaw,StompingTantrum|Adamant||F|||50|]Venusaur||LifeOrb|Chlorophyll|SludgeBomb,SolarBeam,EarthPower,Protect|Modest||F|||50|]Incineroar||SitrusBerry|Intimidate|FakeOut,FlareBlitz,ThroatChop,PartingShot|Impish||F|||50|]Charizard||CharizarditeY|Blaze|HeatWave,WeatherBall,Protect,HelpingHand|Modest||M|||50|]Toxapex||Leftovers|Regenerator|Infestation,Toxic,WideGuard,BanefulBunker|Bold||M|||50|]Annihilape||FocusSash|Defiant|CloseCombat,PhantomForce,RockTomb,Protect|Jolly||F|||50|
|inactive|Battle timer is ON: inactive players will automatically lose when time's up. (requested by Imreesithink)
|inactive|Chochito Pelao has 60 seconds left.
|inactive|Imreesithink has 60 seconds left.
|inactive|Chochito Pelao has 30 seconds left.
|inactive|Chochito Pelao has 20 seconds left.
|inactive|Chochito Pelao has 15 seconds left.
|inactive|Chochito Pelao has 10 seconds left.
|
|t:|1784742913
|teamsize|p1|4
|teamsize|p2|4
|start
|switch|p1a: Charizard|Charizard, L50, M|100/100
|switch|p1b: Venusaur|Venusaur, L50, M|100/100
|switch|p2a: Charizard|Charizard, L50, M|100/100
|switch|p2b: Venusaur|Venusaur, L50, F|100/100
|turn|1
|inactive|Imreesithink has 30 seconds left.
|
|t:|1784742938
|switch|p2b: Garchomp|Garchomp, L50, F|100/100
|detailschange|p1a: Charizard|Charizard-Mega-Y, L50, M
|-mega|p1a: Charizard|Charizard|Charizardite Y
|-weather|SunnyDay|[from] ability: Drought|[of] p1a: Charizard
|move|p2a: Charizard|Protect|p2a: Charizard
|-singleturn|p2a: Charizard|Protect
|move|p1b: Venusaur|Sleep Powder|p2a: Charizard
|-activate|p2a: Charizard|move: Protect
|move|p1a: Charizard|Heat Wave|p2b: Garchomp|[spread] p2b
|-activate|p2a: Charizard|move: Protect
|-resisted|p2b: Garchomp|1
|-damage|p2b: Garchomp|69/100
|
|-weather|SunnyDay|[upkeep]
|upkeep
|turn|2
|inactive|Imreesithink has 30 seconds left.
|
|t:|1784742963
|detailschange|p2a: Charizard|Charizard-Mega-Y, L50, M
|-mega|p2a: Charizard|Charizard|Charizardite Y
|move|p1b: Venusaur|Sleep Powder|p2a: Charizard
|-status|p2a: Charizard|slp|[from] move: Sleep Powder
|move|p2b: Garchomp|Rock Slide|p1b: Venusaur|[spread] p1a,p1b
|-supereffective|p1a: Charizard|2
|-damage|p1a: Charizard|23/100
|-damage|p1b: Venusaur|71/100
|cant|p2a: Charizard|slp
|move|p1a: Charizard|Solar Beam||[still]
|-prepare|p1a: Charizard|Solar Beam
|-anim|p1a: Charizard|Solar Beam|p2b: Garchomp
|-damage|p2b: Garchomp|20/100y
|
|-weather|SunnyDay|[upkeep]
|upkeep
|turn|3
|inactive|Chochito Pelao has 30 seconds left.
|
|t:|1784742996
|move|p1b: Venusaur|Earth Power|p2b: Garchomp
|-damage|p2b: Garchomp|0 fnt
|faint|p2b: Garchomp
|cant|p2a: Charizard|slp
|move|p1a: Charizard|Weather Ball|p2a: Charizard
|-resisted|p2a: Charizard|1
|-damage|p2a: Charizard|62/100 slp
|
|-weather|SunnyDay|[upkeep]
|upkeep
|
|t:|1784743006
|switch|p2b: Venusaur|Venusaur, L50, F|100/100
|turn|4
|
|t:|1784743023
|switch|p1a: Pelipper|Pelipper, L50, M|100/100
|-weather|RainDance|[from] ability: Drizzle|[of] p1a: Pelipper
|move|p1b: Venusaur|Protect|p1b: Venusaur
|-singleturn|p1b: Venusaur|Protect
|-curestatus|p2a: Charizard|slp|[msg]
|move|p2a: Charizard|Heat Wave|p1a: Pelipper|[spread] p1a
|-activate|p1b: Venusaur|move: Protect
|-resisted|p1a: Pelipper|1
|-damage|p1a: Pelipper|89/100
|-status|p1a: Pelipper|brn
|move|p2b: Venusaur|Sludge Bomb|p1a: Pelipper
|-damage|p1a: Pelipper|18/100 brn
|-enditem|p1a: Pelipper|Sitrus Berry|[eat]
|-heal|p1a: Pelipper|43/100 brn|[from] item: Sitrus Berry
|-damage|p2b: Venusaur|90/100|[from] item: Life Orb
|
|-weather|RainDance|[upkeep]
|-damage|p1a: Pelipper|37/100 brn|[from] brn
|upkeep
|turn|5
|inactive|Chochito Pelao has 30 seconds left.
|inactive|Imreesithink has 30 seconds left.
|inactive|Imreesithink has 20 seconds left.
|inactive|Imreesithink has 15 seconds left.
|inactive|Chochito Pelao has 20 seconds left.
|inactive|Imreesithink has 10 seconds left.
|inactive|Imreesithink has 5 seconds left.
|
|t:|1784743073
|switch|p1a: Archaludon|Archaludon, L50, F|100/100
|move|p2a: Charizard|Heat Wave|p1b: Venusaur|[spread] p1a,p1b
|-supereffective|p1b: Venusaur|1
|-crit|p1b: Venusaur
|-damage|p1a: Archaludon|84/100
|-damage|p1b: Venusaur|3/100
|-status|p1a: Archaludon|brn
|-ability|p1a: Archaludon|Stamina|boost
|-boost|p1a: Archaludon|def|1
|move|p1b: Venusaur|Sleep Powder|p2a: Charizard
|-status|p2a: Charizard|slp|[from] move: Sleep Powder
|move|p2b: Venusaur|Sludge Bomb|p1a: Archaludon
|-immune|p1a: Archaludon
|
|-weather|RainDance|[upkeep]
|-heal|p1a: Archaludon|90/100 brn|[from] item: Leftovers
|-damage|p1a: Archaludon|84/100 brn|[from] brn
|upkeep
|turn|6
|inactive|Imreesithink has 30 seconds left.
|
|t:|1784743107
|cant|p2a: Charizard|slp
|move|p1b: Venusaur|Sludge Bomb|p2b: Venusaur
|-damage|p2b: Venusaur|41/100
|move|p2b: Venusaur|Earth Power|p1a: Archaludon
|-supereffective|p1a: Archaludon|1
|-damage|p1a: Archaludon|14/100 brn
|-ability|p1a: Archaludon|Stamina|boost
|-boost|p1a: Archaludon|def|1
|-damage|p2b: Venusaur|32/100|[from] item: Life Orb
|move|p1a: Archaludon|Electro Shot||[still]
|-prepare|p1a: Archaludon|Electro Shot
|-boost|p1a: Archaludon|spa|1
|-anim|p1a: Archaludon|Electro Shot|p2a: Charizard
|-supereffective|p2a: Charizard|1
|-damage|p2a: Charizard|0 fnt
|faint|p2a: Charizard
|
|-weather|RainDance|[upkeep]
|-heal|p1a: Archaludon|20/100y brn|[from] item: Leftovers
|-damage|p1a: Archaludon|14/100 brn|[from] brn
|upkeep
|
|t:|1784743123
|switch|p2a: Annihilape|Annihilape, L50, F|100/100
|turn|7
|
|t:|1784743138
|move|p2a: Annihilape|Rock Tomb|p1b: Venusaur
|-damage|p1b: Venusaur|0 fnt
|faint|p1b: Venusaur
|move|p2b: Venusaur|Earth Power|p1a: Archaludon
|-supereffective|p1a: Archaludon|1
|-damage|p1a: Archaludon|0 fnt
|faint|p1a: Archaludon
|-damage|p2b: Venusaur|22/100|[from] item: Life Orb
|
|-weather|RainDance|[upkeep]
|upkeep
|
|t:|1784743142
|switch|p1b: Pelipper|Pelipper, L50, M|37/100 brn
|switch|p1a: Charizard|Charizard-Mega-Y, L50, M|23/100
|-weather|SunnyDay|[from] ability: Drought|[of] p1a: Charizard
|-weather|RainDance|[from] ability: Drizzle|[of] p1b: Pelipper
|turn|8
|inactive|Imreesithink has 30 seconds left.
|
|t:|1784743170
|move|p1a: Charizard|Protect|p1a: Charizard
|-singleturn|p1a: Charizard|Protect
|move|p2b: Venusaur|Protect|p2b: Venusaur
|-singleturn|p2b: Venusaur|Protect
|move|p2a: Annihilape|Phantom Force||[still]
|-prepare|p2a: Annihilape|Phantom Force
|move|p1b: Pelipper|Tailwind|p1b: Pelipper
|-sidestart|p1: Chochito Pelao|move: Tailwind
|
|-weather|RainDance|[upkeep]
|-damage|p1b: Pelipper|31/100 brn|[from] brn
|upkeep
|turn|9
|
|t:|1784743192
|move|p2b: Venusaur|Protect||[still]
|-fail|p2b: Venusaur
|move|p1a: Charizard|Heat Wave|p2b: Venusaur|[spread] p2b
|-miss|p1a: Charizard|p2a: Annihilape
|-supereffective|p2b: Venusaur|1
|-damage|p2b: Venusaur|0 fnt
|faint|p2b: Venusaur
|move|p1b: Pelipper|Hurricane|p2a: Annihilape|[miss]
|-miss|p1b: Pelipper|p2a: Annihilape
|move|p2a: Annihilape|Phantom Force|p1a: Charizard|[from] lockedmove
|-damage|p1a: Charizard|0 fnt
|faint|p1a: Charizard
|
|-weather|RainDance|[upkeep]
|-damage|p1b: Pelipper|25/100 brn|[from] brn
|upkeep
|turn|10
|
|t:|1784743207
|move|p2a: Annihilape|Protect|p2a: Annihilape
|-singleturn|p2a: Annihilape|Protect
|move|p1b: Pelipper|Hurricane|p2a: Annihilape
|-activate|p2a: Annihilape|move: Protect
|
|-weather|RainDance|[upkeep]
|-damage|p1b: Pelipper|19/100 brn|[from] brn
|upkeep
|turn|11
|
|t:|1784743220
|move|p1b: Pelipper|Hurricane|p2a: Annihilape
|-supereffective|p2a: Annihilape|1
|-damage|p2a: Annihilape|14/100
|move|p2a: Annihilape|Phantom Force||[still]
|-prepare|p2a: Annihilape|Phantom Force
|
|-weather|RainDance|[upkeep]
|-damage|p1b: Pelipper|13/100 brn|[from] brn
|-sideend|p1: Chochito Pelao|move: Tailwind
|upkeep
|turn|12
|-message|Chochito Pelao forfeited.
|
|win|Imreesithink
