|j|☆lox1sm
|j|☆TheDark69420
|html|lox1smTheDark69420    
|uhtml|bestof|Game 2 of a best-of-3
|t:|1783185459
|gametype|doubles
|player|p1|lox1sm|veteran|1220
|player|p2|TheDark69420|ghetsis-gen5bw|1217
|gen|9
|tier|[Gen 9 Champions] VGC 2026 Reg M-B (Bo3)
|rated|
|rule|Species Clause: Limit one of each Pokémon
|rule|Item Clause: Limit 1 of each item
|clearpoke
|poke|p1|Charizard, L50, F|
|poke|p1|Aerodactyl, L50, F|
|poke|p1|Garchomp, L50, F|
|poke|p1|Kingambit, L50, M|
|poke|p1|Farigiraf, L50, M|
|poke|p1|Primarina, L50, M|
|poke|p2|Blaziken, L50, M|
|poke|p2|Kingambit, L50, F|
|poke|p2|Basculegion, L50, M|
|poke|p2|Ninetales-Alola, L50, M|
|poke|p2|Incineroar, L50, F|
|poke|p2|Floette-Eternal, L50, F|
|teampreview|4
|showteam|p1|Charizard||CharizarditeY|Blaze|HeatWave,WeatherBall,SolarBeam,Protect|Modest||F|||50|]Aerodactyl||Aerodactylite|Unnerve|RockSlide,IceFang,Tailwind,Protect|Jolly||F|||50|]Garchomp||LifeOrb|RoughSkin|DragonClaw,Earthquake,RockSlide,Protect|Jolly||F|||50|]Kingambit||FocusSash|Defiant|KowtowCleave,SuckerPunch,IronHead,LowKick|Adamant||M|||50|]Farigiraf||ExpertBelt|ArmorTail|Psychic,DazzlingGleam,Thunderbolt,TrickRoom|Modest||M|||50|]Primarina||MysticWater|LiquidVoice|HyperVoice,Moonblast,Haze,Protect|Modest||M|||50|
|showteam|p2|Blaziken||Blazikenite|SpeedBoost|CloseCombat,RockSlide,FlareBlitz,Detect|Adamant||M|||50|]Kingambit||LifeOrb|Defiant|KowtowCleave,SuckerPunch,Protect,IronHead|Adamant||F|||50|]Basculegion||FocusSash|Adaptability|Liquidation,LastRespects,AquaJet,Protect|Adamant||M|||50|]Ninetales-Alola||NeverMeltIce|SnowWarning|Blizzard,FreezeDry,AuroraVeil,Protect|Timid||M|||50|]Incineroar||PasshoBerry|Intimidate|FakeOut,PartingShot,FlareBlitz,ThroatChop|Relaxed||F|||50|]Floette-Eternal||Floettite|FlowerVeil|Moonblast,DazzlingGleam,EnergyBall,Protect|Timid||F|||50|
|inactive|Battle timer is ON: inactive players will automatically lose when time's up. (requested by TheDark69420)
|inactive|lox1sm has 60 seconds left.
|
|t:|1783185496
|teamsize|p1|4
|teamsize|p2|4
|start
|switch|p1a: Farigiraf|Farigiraf, L50, M|100/100
|switch|p1b: Kingambit|Kingambit, L50, M|100/100
|switch|p2a: Ninetales|Ninetales-Alola, L50, M|100/100
|switch|p2b: Blaziken|Blaziken, L50, M|100/100
|-weather|Snowscape|[from] ability: Snow Warning|[of] p2a: Ninetales
|turn|1
|inactive|lox1sm has 30 seconds left.
|
|t:|1783185530
|switch|p1a: Primarina|Primarina, L50, M|100/100
|detailschange|p2b: Blaziken|Blaziken-Mega, L50, M
|-mega|p2b: Blaziken|Blaziken|Blazikenite
|move|p2a: Ninetales|Blizzard|p1a: Primarina|[spread] p1a,p1b
|-resisted|p1a: Primarina|1
|-resisted|p1b: Kingambit|1
|-damage|p1a: Primarina|82/100
|-damage|p1b: Kingambit|77/100
|move|p2b: Blaziken|Flare Blitz|p1b: Kingambit
|-supereffective|p1b: Kingambit|1
|-damage|p1b: Kingambit|0 fnt
|faint|p1b: Kingambit
|-damage|p2b: Blaziken|71/100|[from] Recoil
|
|-weather|Snowscape|[upkeep]
|-ability|p2b: Blaziken|Speed Boost|boost
|-boost|p2b: Blaziken|spe|1
|upkeep
|
|t:|1783185542
|switch|p1b: Farigiraf|Farigiraf, L50, M|100/100
|turn|2
|
|t:|1783185549
|move|p2b: Blaziken|Rock Slide|p1a: Primarina|[spread] p1a,p1b
|-damage|p1a: Primarina|49/100
|-damage|p1b: Farigiraf|73/100
|move|p2a: Ninetales|Freeze-Dry|p1a: Primarina
|-supereffective|p1a: Primarina|1
|-damage|p1a: Primarina|0 fnt
|faint|p1a: Primarina
|move|p1b: Farigiraf|Trick Room|p1b: Farigiraf
|-fieldstart|move: Trick Room|[of] p1b: Farigiraf
|
|-weather|Snowscape|[upkeep]
|-ability|p2b: Blaziken|Speed Boost|boost
|-boost|p2b: Blaziken|spe|1
|upkeep
|
|t:|1783185559
|switch|p1a: Charizard|Charizard, L50, F|100/100
|turn|3
|
|t:|1783185580
|detailschange|p1a: Charizard|Charizard-Mega-Y, L50, F
|-mega|p1a: Charizard|Charizard|Charizardite Y
|-weather|SunnyDay|[from] ability: Drought|[of] p1a: Charizard
|move|p2b: Blaziken|Detect|p2b: Blaziken
|-singleturn|p2b: Blaziken|Protect
|move|p1b: Farigiraf|Psychic|p2a: Ninetales
|-damage|p2a: Ninetales|40/100
|move|p1a: Charizard|Weather Ball|p2b: Blaziken
|-activate|p2b: Blaziken|move: Protect
|move|p2a: Ninetales|Aurora Veil||[still]
|-fail|p2a: Ninetales
|
|-weather|SunnyDay|[upkeep]
|-ability|p2b: Blaziken|Speed Boost|boost
|-boost|p2b: Blaziken|spe|1
|upkeep
|turn|4
|inactive|lox1sm has 30 seconds left.
|
|t:|1783185611
|switch|p2b: Basculegion|Basculegion, L50, M|100/100
|move|p2a: Ninetales|Protect|p2a: Ninetales
|-singleturn|p2a: Ninetales|Protect
|move|p1b: Farigiraf|Psychic|p2b: Basculegion
|-damage|p2b: Basculegion|42/100
|move|p1a: Charizard|Weather Ball|p2a: Ninetales
|-activate|p2a: Ninetales|move: Protect
|
|-weather|SunnyDay|[upkeep]
|upkeep
|turn|5
|inactive|lox1sm has 30 seconds left.
|inactive|lox1sm has 20 seconds left.
|
|t:|1783185647
|move|p2b: Basculegion|Liquidation|p1a: Charizard
|-supereffective|p1a: Charizard|1
|-damage|p1a: Charizard|36/100
|move|p1a: Charizard|Weather Ball|p2a: Ninetales
|-supereffective|p2a: Ninetales|1
|-damage|p2a: Ninetales|0 fnt
|faint|p2a: Ninetales
|move|p1b: Farigiraf|Trick Room|p1b: Farigiraf
|-fieldend|move: Trick Room
|
|-weather|SunnyDay|[upkeep]
|upkeep
|
|t:|1783185660
|switch|p2a: Blaziken|Blaziken-Mega, L50, M|71/100
|turn|6
|
|t:|1783185669
|move|p1a: Charizard|Protect|p1a: Charizard
|-singleturn|p1a: Charizard|Protect
|move|p2a: Blaziken|Rock Slide|p1b: Farigiraf|[spread] p1b
|-activate|p1a: Charizard|move: Protect
|-damage|p1b: Farigiraf|48/100
|move|p2b: Basculegion|Liquidation|p1b: Farigiraf
|-damage|p1b: Farigiraf|19/100
|move|p1b: Farigiraf|Trick Room|p1b: Farigiraf
|-fieldstart|move: Trick Room|[of] p1b: Farigiraf
|
|-weather|SunnyDay|[upkeep]
|-ability|p2a: Blaziken|Speed Boost|boost
|-boost|p2a: Blaziken|spe|1
|upkeep
|turn|7
|
|t:|1783185692
|move|p2b: Basculegion|Protect|p2b: Basculegion
|-singleturn|p2b: Basculegion|Protect
|move|p2a: Blaziken|Detect|p2a: Blaziken
|-singleturn|p2a: Blaziken|Protect
|move|p1b: Farigiraf|Thunderbolt|p2b: Basculegion
|-activate|p2b: Basculegion|move: Protect
|move|p1a: Charizard|Weather Ball|p2a: Blaziken
|-activate|p2a: Blaziken|move: Protect
|
|-weather|none
|-ability|p2a: Blaziken|Speed Boost|boost
|-boost|p2a: Blaziken|spe|1
|upkeep
|turn|8
|
|t:|1783185713
|move|p1a: Charizard|Protect|p1a: Charizard
|-singleturn|p1a: Charizard|Protect
|move|p1b: Farigiraf|Psychic|p2a: Blaziken
|-supereffective|p2a: Blaziken|1
|-damage|p2a: Blaziken|0 fnt
|faint|p2a: Blaziken
|move|p2b: Basculegion|Liquidation|p1b: Farigiraf
|-damage|p1b: Farigiraf|0 fnt
|faint|p1b: Farigiraf
|
|upkeep
|
|t:|1783185718
|switch|p2a: Kingambit|Kingambit, L50, F|100/100
|turn|9
|-message|lox1sm forfeited.
|
|win|TheDark69420
|raw|lox1sm's rating: 1220 → 1195(-25 for losing)
|raw|TheDark69420's rating: 1217 → 1242(+25 for winning)
