|j|☆Nasch1312
|j|☆kk1pper1314
|html|Nasch1312kk1pper1314    
|uhtml|bestof|Game 1 of a best-of-3
|t:|1783212525
|gametype|doubles
|player|p1|Nasch1312|hilbert|1241
|player|p2|kk1pper1314|101|1338
|gen|9
|tier|[Gen 9 Champions] VGC 2026 Reg M-B (Bo3)
|rated|
|rule|Species Clause: Limit one of each Pokémon
|rule|Item Clause: Limit 1 of each item
|clearpoke
|poke|p1|Dragonite, L50, M|
|poke|p1|Pelipper, L50, F|
|poke|p1|Basculegion, L50, M|
|poke|p1|Archaludon, L50, F|
|poke|p1|Sinistcha, L50|
|poke|p1|Gholdengo, L50, shiny|
|poke|p2|Metagross, L50|
|poke|p2|Sneasler, L50, F|
|poke|p2|Sinistcha-Masterpiece, L50|
|poke|p2|Pelipper, L50, F|
|poke|p2|Hydreigon, L50, F|
|poke|p2|Primarina, L50, M|
|teampreview|4
|showteam|p1|Dragonite||Dragoninite|InnerFocus|DragonPulse,Thunderbolt,Hurricane,Protect|Modest||M|||50|]Pelipper||SitrusBerry|Drizzle|Hurricane,WeatherBall,Tailwind,WideGuard|Modest||F|||50|]Basculegion||LifeOrb|SwiftSwim|WaveCrash,LastRespects,AquaJet,Protect|Adamant||M|||50|]Archaludon||Leftovers|Stamina|ElectroShot,DragonPulse,FlashCannon,Protect|Modest||F|||50|]Sinistcha||KasibBerry|Hospitality|RagePowder,MatchaGotcha,TrickRoom,LifeDew|Bold|||||50|]Gholdengo||ChoiceScarf|GoodasGold|MakeItRain,ShadowBall,PowerGem,Trick|Modest|||||50|
|showteam|p2|Metagross||Metagrossite|ClearBody|Protect,PsychicFangs,IronHead,BodyPress|Jolly|||||50|]Sneasler||FocusSash|PoisonTouch|FakeOut,PoisonJab,Coaching,CloseCombat|Jolly||F|||50|]Sinistcha-Masterpiece||KasibBerry|Hospitality|Protect,MatchaGotcha,RagePowder,TrickRoom|Calm|||||50|]Pelipper||SitrusBerry|Drizzle|WideGuard,WeatherBall,Tailwind,Hurricane|Calm||F|||50|]Hydreigon||LifeOrb|Levitate|Protect,DragonPulse,EarthPower,DarkPulse|Modest||F|||50|]Primarina||MysticWater|LiquidVoice|Protect,Moonblast,EnergyBall,HyperVoice|Modest||M|||50|
|inactive|Battle timer is ON: inactive players will automatically lose when time's up. (requested by kk1pper1314)
|inactive|kk1pper1314 has 60 seconds left.
|
|t:|1783212570
|teamsize|p1|4
|teamsize|p2|4
|start
|switch|p1a: Archaly|Archaludon, L50, F|100/100
|switch|p1b: Pely|Pelipper, L50, F|100/100
|switch|p2a: Hydreigon|Hydreigon, L50, F|100/100
|switch|p2b: Sneasler|Sneasler, L50, F|100/100
|-weather|RainDance|[from] ability: Drizzle|[of] p1b: Pely
|turn|1
|
|t:|1783212583
|move|p2b: Sneasler|Fake Out|p1b: Pely
|-damage|p1b: Pely|84/100
|move|p2a: Hydreigon|Earth Power|p1a: Archaly
|-supereffective|p1a: Archaly|1
|-damage|p1a: Archaly|16/100
|-ability|p1a: Archaly|Stamina|boost
|-boost|p1a: Archaly|def|1
|-damage|p2a: Hydreigon|90/100|[from] item: Life Orb
|move|p1a: Archaly|Electro Shot||[still]
|-prepare|p1a: Archaly|Electro Shot
|-boost|p1a: Archaly|spa|1
|-anim|p1a: Archaly|Electro Shot|p2b: Sneasler
|-damage|p2b: Sneasler|10/100
|cant|p1b: Pely|flinch
|
|-weather|RainDance|[upkeep]
|-heal|p1a: Archaly|22/100|[from] item: Leftovers
|upkeep
|turn|2
|inactive|kk1pper1314 has 30 seconds left.
|
|t:|1783212612
|move|p1a: Archaly|Protect|p1a: Archaly
|-singleturn|p1a: Archaly|Protect
|move|p2b: Sneasler|Poison Jab|p1b: Pely
|-damage|p1b: Pely|39/100
|-enditem|p1b: Pely|Sitrus Berry|[eat]
|-heal|p1b: Pely|63/100|[from] item: Sitrus Berry
|move|p2a: Hydreigon|Dragon Pulse|p1b: Pely
|-damage|p1b: Pely|0 fnt
|faint|p1b: Pely
|-damage|p2a: Hydreigon|80/100|[from] item: Life Orb
|
|-weather|RainDance|[upkeep]
|-heal|p1a: Archaly|28/100|[from] item: Leftovers
|upkeep
|
|t:|1783212626
|switch|p1b: Dragonite|Dragonite, L50, M|100/100
|turn|3
|
|t:|1783212638
|detailschange|p1b: Dragonite|Dragonite-Mega, L50, M
|-mega|p1b: Dragonite|Dragonite|Dragoninite
|move|p2b: Sneasler|Poison Jab|p1b: Dragonite
|-damage|p1b: Dragonite|80/100
|move|p1b: Dragonite|Hurricane|p2b: Sneasler
|-supereffective|p2b: Sneasler|1
|-damage|p2b: Sneasler|0 fnt
|faint|p2b: Sneasler
|move|p2a: Hydreigon|Dragon Pulse|p1b: Dragonite
|-supereffective|p1b: Dragonite|1
|-damage|p1b: Dragonite|0 fnt
|faint|p1b: Dragonite
|-damage|p2a: Hydreigon|70/100|[from] item: Life Orb
|move|p1a: Archaly|Dragon Pulse|p2a: Hydreigon
|-supereffective|p2a: Hydreigon|1
|-damage|p2a: Hydreigon|0 fnt
|faint|p2a: Hydreigon
|
|-weather|RainDance|[upkeep]
|-heal|p1a: Archaly|34/100|[from] item: Leftovers
|upkeep
|
|t:|1783212655
|switch|p2b: Metagross|Metagross, L50|100/100
|switch|p1b: Sinisty|Sinistcha, L50|100/100
|switch|p2a: Primarina|Primarina, L50, M|100/100
|-heal|p1a: Archaly|59/100|[from] ability: Hospitality|[of] p1b: Sinisty
|turn|4
|
|t:|1783212673
|detailschange|p2b: Metagross|Metagross-Mega, L50
|-mega|p2b: Metagross|Metagross|Metagrossite
|move|p1b: Sinisty|Rage Powder|p1b: Sinisty
|-singleturn|p1b: Sinisty|move: Rage Powder
|move|p2b: Metagross|Psychic Fangs|p1b: Sinisty
|-crit|p1b: Sinisty
|-damage|p1b: Sinisty|28/100
|move|p1a: Archaly|Electro Shot||[still]
|-prepare|p1a: Archaly|Electro Shot
|-boost|p1a: Archaly|spa|1
|-anim|p1a: Archaly|Electro Shot|p2a: Primarina
|-supereffective|p2a: Primarina|1
|-damage|p2a: Primarina|0 fnt
|faint|p2a: Primarina
|
|-weather|RainDance|[upkeep]
|-heal|p1a: Archaly|66/100|[from] item: Leftovers
|upkeep
|turn|5
|
|t:|1783212697
|move|p2b: Metagross|Psychic Fangs|p1b: Sinisty
|-damage|p1b: Sinisty|0 fnt
|faint|p1b: Sinisty
|move|p1a: Archaly|Electro Shot||[still]
|-prepare|p1a: Archaly|Electro Shot
|-boost|p1a: Archaly|spa|1
|-anim|p1a: Archaly|Electro Shot|p2b: Metagross
|-damage|p2b: Metagross|7/100
|
|-weather|none
|-heal|p1a: Archaly|72/100|[from] item: Leftovers
|upkeep
|turn|6
|
|t:|1783212707
|move|p1a: Archaly|Protect|p1a: Archaly
|-singleturn|p1a: Archaly|Protect
|move|p2b: Metagross|Body Press|p1a: Archaly
|-activate|p1a: Archaly|move: Protect
|
|-heal|p1a: Archaly|78/100|[from] item: Leftovers
|upkeep
|turn|7
|
|t:|1783212717
|move|p2b: Metagross|Body Press|p1a: Archaly
|-supereffective|p1a: Archaly|1
|-damage|p1a: Archaly|46/100
|-ability|p1a: Archaly|Stamina|boost
|-boost|p1a: Archaly|def|1
|move|p1a: Archaly|Dragon Pulse|p2b: Metagross
|-resisted|p2b: Metagross|1
|-damage|p2b: Metagross|0 fnt
|faint|p2b: Metagross
|
|win|Nasch1312
||kk1pper1314 is ready for game 2.
||Nasch1312 is ready for game 2.
|uhtml|next|Next: Game 2 of 3
|l|☆kk1pper1314
|player|p2|
