|j|☆ledinoleo
|j|☆pix3000
|html|ledinoleopix3000    
|uhtml|bestof|Game 1 of a best-of-3
|t:|1757796036
|gametype|doubles
|player|p1|ledinoleo|boarder-gen2|
|player|p2|pix3000|170|
|gen|9
|tier|[Gen 9] VGC 2025 Reg H (Bo3)
|rule|Species Clause: Limit one of each Pokémon
|rule|Item Clause: Limit 1 of each item
|clearpoke
|poke|p1|Dragonite, L50, F|
|poke|p1|Incineroar, L50, F|
|poke|p1|Sinistcha, L50|
|poke|p1|Gholdengo, L50|
|poke|p1|Ursaluna, L50, F|
|poke|p1|Ninetales-Alola, L50, M|
|poke|p2|Ursaluna-Bloodmoon, L50, M|
|poke|p2|Kingambit, L50, F|
|poke|p2|Electabuzz, L50, M|
|poke|p2|Dragonite, L50, M|
|poke|p2|Sneasler, L50, M|
|poke|p2|Ninetales-Alola, L50, M|
|teampreview|4
|showteam|p1|Dragonite||LoadedDice|Multiscale|ScaleShot,Haze,Tailwind,Protect|||F|||50|,,,,,Fairy]Incineroar||AssaultVest|Intimidate|FlareBlitz,KnockOff,FakeOut,Uturn|||F|||50|,,,,,Grass]Sinistcha||SitrusBerry|Hospitality|MatchaGotcha,LifeDew,RagePowder,TrickRoom||||||50|,,,,,Dark]Gholdengo||LifeOrb|GoodasGold|MakeItRain,ShadowBall,NastyPlot,Protect||||||50|,,,,,Water]Ursaluna||FlameOrb|Guts|HeadlongRush,Facade,Earthquake,Protect|||F|||50|,,,,,Ghost]Ninetales-Alola||FocusSash|SnowWarning|Blizzard,FreezeDry,Encore,AuroraVeil|||M|||50|,,,,,Ghost
|showteam|p2|Ursaluna-Bloodmoon||LifeOrb|MindsEye|BloodMoon,HyperVoice,EarthPower,Protect|||M|||50|,,,,,Normal]Kingambit||AssaultVest|Defiant|KowtowCleave,SuckerPunch,LowKick,IronHead|||F|||50|,,,,,Dark]Electabuzz||Eviolite|VitalSpirit|Electroweb,Taunt,FollowMe,Protect|||M|||50|,,,,,Ghost]Dragonite||LoadedDice|Multiscale|ScaleShot,Haze,Tailwind,Protect|||M|||50|,,,,,Fire]Sneasler||WhiteHerb|Unburden|CloseCombat,DireClaw,Coaching,Protect|||M|||50|,,,,,Ghost]Ninetales-Alola||FocusSash|SnowWarning|Blizzard,Moonblast,FreezeDry,Protect|||M|||50|,,,,,Water
|
|t:|1757796159
|teamsize|p1|4
|teamsize|p2|4
|start
|switch|p1a: Dragonite|Dragonite, L50, F|100/100
|switch|p1b: Ninetales|Ninetales-Alola, L50, M|100/100
|switch|p2a: Electabuzz|Electabuzz, L50, M|100/100
|switch|p2b: Dragonite|Dragonite, L50, M|100/100
|-weather|Snowscape|[from] ability: Snow Warning|[of] p1b: Ninetales
|turn|1
|
|t:|1757796181
|move|p1b: Ninetales|Aurora Veil|p1b: Ninetales
|-sidestart|p1: ledinoleo|move: Aurora Veil
|move|p2a: Electabuzz|Taunt|p1a: Dragonite
|-start|p1a: Dragonite|move: Taunt
|move|p1a: Dragonite|Scale Shot|p2a: Electabuzz
|-damage|p2a: Electabuzz|84/100
|-damage|p2a: Electabuzz|69/100
|-damage|p2a: Electabuzz|51/100
|-damage|p2a: Electabuzz|35/100
|-hitcount|p2a: Electabuzz|4
|-unboost|p1a: Dragonite|def|1
|-boost|p1a: Dragonite|spe|1
|move|p2b: Dragonite|Tailwind|p2b: Dragonite
|-sidestart|p2: pix3000|move: Tailwind
|
|-weather|Snowscape|[upkeep]
|upkeep
|turn|2
|
|t:|1757796219
|switch|p2b: Kingambit|Kingambit, L50, F|100/100
|move|p2a: Electabuzz|Electroweb|p1b: Ninetales|[spread] p1a,p1b
|-crit|p1a: Dragonite
|-damage|p1a: Dragonite|89/100
|-damage|p1b: Ninetales|88/100
|-unboost|p1a: Dragonite|spe|1
|-unboost|p1b: Ninetales|spe|1
|move|p1a: Dragonite|Scale Shot|p2a: Electabuzz
|-damage|p2a: Electabuzz|18/100
|-damage|p2a: Electabuzz|2/100
|-damage|p2a: Electabuzz|0 fnt
|faint|p2a: Electabuzz
|-hitcount|p2: Electabuzz|3
|-unboost|p1a: Dragonite|def|1
|-boost|p1a: Dragonite|spe|1
|move|p1b: Ninetales|Blizzard|p2b: Kingambit
|-resisted|p2b: Kingambit
|-damage|p2b: Kingambit|87/100
|-status|p2b: Kingambit|frz
|
|-weather|Snowscape|[upkeep]
|upkeep
|
|t:|1757796244
|switch|p2a: Ursaluna|Ursaluna-Bloodmoon, L50, M|100/100
|turn|3
|
|t:|1757796271
|switch|p1a: Sinistcha|Sinistcha, L50|100/100
|-heal|p1b: Ninetales|100/100|[from] ability: Hospitality|[of] p1a: Sinistcha
|-terastallize|p2a: Ursaluna|Normal
|cant|p2b: Kingambit|frz
|move|p2a: Ursaluna|Hyper Voice|p1a: Sinistcha|[spread] p1a,p1b
|-damage|p1a: Sinistcha|58/100
|-damage|p1b: Ninetales|43/100
|-damage|p2a: Ursaluna|91/100|[from] item: Life Orb
|move|p1b: Ninetales|Blizzard|p2a: Ursaluna|[spread] p2a,p2b
|-resisted|p2b: Kingambit
|-damage|p2a: Ursaluna|47/100
|-damage|p2b: Kingambit|78/100 frz
|
|-weather|Snowscape|[upkeep]
|upkeep
|turn|4
|
|t:|1757796309
|switch|p1a: Dragonite|Dragonite, L50, F|89/100
|move|p2a: Ursaluna|Hyper Voice|p1b: Ninetales|[spread] p1a,p1b
|-crit|p1a: Dragonite
|-damage|p1a: Dragonite|0 fnt
|-damage|p1b: Ninetales|0 fnt
|faint|p1a: Dragonite
|faint|p1b: Ninetales
|-damage|p2a: Ursaluna|37/100|[from] item: Life Orb
|cant|p2b: Kingambit|frz
|
|-weather|Snowscape|[upkeep]
|-sideend|p2: pix3000|move: Tailwind
|upkeep
|
|t:|1757796321
|switch|p1b: Sinistcha|Sinistcha, L50|58/100
|switch|p1a: Ursaluna|Ursaluna, L50, F|100/100
|turn|5
|
|t:|1757796375
|move|p2a: Ursaluna|Blood Moon|p1b: Sinistcha
|-damage|p1b: Sinistcha|0 fnt
|faint|p1b: Sinistcha
|-damage|p2a: Ursaluna|27/100|[from] item: Life Orb
|move|p1a: Ursaluna|Headlong Rush|p2a: Ursaluna
|-damage|p2a: Ursaluna|0 fnt
|-unboost|p1a: Ursaluna|def|1
|-unboost|p1a: Ursaluna|spd|1
|faint|p2a: Ursaluna
|cant|p2b: Kingambit|frz
|
|-weather|none
|-sideend|p1: ledinoleo|move: Aurora Veil
|-status|p1a: Ursaluna|brn|[from] item: Flame Orb
|upkeep
|
|t:|1757796390
|switch|p2a: Dragonite|Dragonite, L50, M|100/100
|turn|6
|
|t:|1757796406
|cant|p2b: Kingambit|frz
|move|p2a: Dragonite|Scale Shot|p1a: Ursaluna
|-damage|p1a: Ursaluna|86/100 brn
|-damage|p1a: Ursaluna|71/100 brn
|-crit|p1a: Ursaluna
|-damage|p1a: Ursaluna|48/100 brn
|-damage|p1a: Ursaluna|33/100 brn
|-hitcount|p1a: Ursaluna|4
|-unboost|p2a: Dragonite|def|1
|-boost|p2a: Dragonite|spe|1
|move|p1a: Ursaluna|Facade|p2a: Dragonite
|-damage|p2a: Dragonite|17/100
|
|-damage|p1a: Ursaluna|27/100 brn|[from] brn
|upkeep
|turn|7
|
|t:|1757796427
|move|p1a: Ursaluna|Protect|p1a: Ursaluna
|-singleturn|p1a: Ursaluna|Protect
|cant|p2b: Kingambit|frz
|move|p2a: Dragonite|Scale Shot|p1a: Ursaluna
|-activate|p1a: Ursaluna|move: Protect
|
|-damage|p1a: Ursaluna|21/100 brn|[from] brn
|upkeep
|turn|8
|
|t:|1757796439
|cant|p2b: Kingambit|frz
|move|p2a: Dragonite|Scale Shot|p1a: Ursaluna
|-damage|p1a: Ursaluna|5/100 brn
|-damage|p1a: Ursaluna|0 fnt
|faint|p1a: Ursaluna
|-hitcount|p1: Ursaluna|2
|
|win|pix3000
||ledinoleo is ready for game 2.
|inactive|pix3000 has 30 seconds to confirm battle start!
||pix3000 is ready for game 2.
|uhtml|next|Next: Game 2 of 3
