|j|☆andiom123
|j|☆dolphin629
|html|andiom123dolphin629    
|uhtml|bestof|Game 2 of a best-of-3
|t:|1784391840
|gametype|doubles
|player|p1|andiom123|red|1199
|player|p2|dolphin629|ballguy|1198
|gen|9
|tier|[Gen 9 Champions] VGC 2026 Reg M-B (Bo3)
|rated|
|rule|Species Clause: Limit one of each Pokémon
|rule|Item Clause: Limit 1 of each item
|clearpoke
|poke|p1|Incineroar, L50, F|
|poke|p1|Farigiraf, L50, F|
|poke|p1|Sylveon, L50, F|
|poke|p1|Torkoal, L50, F|
|poke|p1|Kangaskhan, L50, F|
|poke|p1|Mawile, L50, F|
|poke|p2|Staraptor, L50, F|
|poke|p2|Rotom-Heat, L50|
|poke|p2|Grimmsnarl, L50, M|
|poke|p2|Garchomp, L50, F|
|poke|p2|Basculegion, L50, M|
|poke|p2|Gholdengo, L50|
|teampreview|4
|showteam|p1|Incineroar||MuscleBand|Intimidate|ThroatChop,FlareBlitz,FakeOut,PartingShot|Brave||F|||50|]Farigiraf||SitrusBerry|ArmorTail|FoulPlay,PsychicNoise,TrickRoom,HelpingHand|Relaxed||F|||50|]Sylveon||FairyFeather|Pixilate|HyperVoice,HyperBeam,Yawn,Detect|Modest||F|||50|]Torkoal||Charcoal|Drought|Eruption,EarthPower,Flamethrower,Protect|Quiet||F|||50|]Kangaskhan||Kangaskhanite|Scrappy|DoubleEdge,FakeOut,IcePunch,HammerArm|Brave||F|||50|]Mawile||Mawilite|HyperCutter|RockSlide,PlayRough,SuckerPunch,Protect|Brave||F|||50|
|showteam|p2|Staraptor||Staraptite|Intimidate|CloseCombat,BraveBird,Roost,Protect|Jolly||F|||50|]Rotom-Heat||SitrusBerry|Levitate|Thunderbolt,Overheat,WillOWisp,Protect|Modest|||||50|]Grimmsnarl||LightClay|Prankster|SpiritBreak,PartingShot,Reflect,LightScreen|Careful||M|||50|]Garchomp||LifeOrb|RoughSkin|Earthquake,DragonClaw,RockSlide,Protect|Jolly||F|||50|]Basculegion||ChoiceScarf|Adaptability|WaveCrash,LastRespects,AquaJet,FlipTurn|Adamant||M|||50|]Gholdengo||MetalCoat|GoodasGold|NastyPlot,MakeItRain,ShadowBall,Protect|Modest|||||50|
|
|t:|1784391856
|teamsize|p1|4
|teamsize|p2|4
|start
|switch|p1a: Farigiraf|Farigiraf, L50, F|100/100
|switch|p1b: Incineroar|Incineroar, L50, F|100/100
|switch|p2a: Basculegion|Basculegion, L50, M|100/100
|switch|p2b: Grimmsnarl|Grimmsnarl, L50, M|100/100
|-ability|p1b: Incineroar|Intimidate|boost
|-unboost|p2a: Basculegion|atk|1
|-unboost|p2b: Grimmsnarl|atk|1
|turn|1
|
|t:|1784391877
|move|p2b: Grimmsnarl|Light Screen|p2b: Grimmsnarl
|-sidestart|p2: dolphin629|move: Light Screen
|move|p2a: Basculegion|Wave Crash|p1b: Incineroar
|-supereffective|p1b: Incineroar|1
|-damage|p1b: Incineroar|0 fnt
|faint|p1b: Incineroar
|-damage|p2a: Basculegion|65/100|[from] Recoil
|move|p1a: Farigiraf|Trick Room|p1a: Farigiraf
|-fieldstart|move: Trick Room|[of] p1a: Farigiraf
|
|upkeep
|
|t:|1784391891
|switch|p1b: Sylveon|Sylveon, L50, F|100/100
|turn|2
|
|t:|1784391899
|switch|p2a: Rotom|Rotom-Heat, L50|100/100
|move|p1a: Farigiraf|Foul Play|p2a: Rotom
|-damage|p2a: Rotom|85/100
|move|p1b: Sylveon|Hyper Voice|p2b: Grimmsnarl|[spread] p2a,p2b
|-resisted|p2a: Rotom|1
|-supereffective|p2b: Grimmsnarl|1
|-damage|p2a: Rotom|69/100
|-damage|p2b: Grimmsnarl|52/100
|move|p2b: Grimmsnarl|Spirit Break|p1b: Sylveon
|-damage|p1b: Sylveon|77/100
|-unboost|p1b: Sylveon|spa|1
|
|upkeep
|turn|3
|
|t:|1784391928
|move|p1a: Farigiraf|Psychic Noise|p2a: Rotom
|-damage|p2a: Rotom|49/100
|-start|p2a: Rotom|move: Heal Block
|move|p2b: Grimmsnarl|Spirit Break|p1b: Sylveon
|-damage|p1b: Sylveon|58/100
|-unboost|p1b: Sylveon|spa|1
|move|p1b: Sylveon|Hyper Voice|p2a: Rotom|[spread] p2a,p2b
|-resisted|p2a: Rotom|1
|-supereffective|p2b: Grimmsnarl|1
|-damage|p2a: Rotom|42/100
|-damage|p2b: Grimmsnarl|26/100
|move|p2a: Rotom|Thunderbolt|p1a: Farigiraf
|-crit|p1a: Farigiraf
|-damage|p1a: Farigiraf|50/100y
|-enditem|p1a: Farigiraf|Sitrus Berry|[eat]
|-heal|p1a: Farigiraf|75/100|[from] item: Sitrus Berry
|
|upkeep
|turn|4
|
|t:|1784391950
|move|p2a: Rotom|Protect|p2a: Rotom
|-singleturn|p2a: Rotom|Protect
|move|p1a: Farigiraf|Psychic Noise|p2a: Rotom
|-activate|p2a: Rotom|move: Protect
|move|p2b: Grimmsnarl|Spirit Break|p1b: Sylveon
|-damage|p1b: Sylveon|37/100
|-unboost|p1b: Sylveon|spa|1
|move|p1b: Sylveon|Hyper Voice|p2b: Grimmsnarl|[spread] p2b
|-activate|p2a: Rotom|move: Protect
|-supereffective|p2b: Grimmsnarl|1
|-damage|p2b: Grimmsnarl|6/100
|
|-end|p2a: Rotom|move: Heal Block
|upkeep
|-enditem|p2a: Rotom|Sitrus Berry|[eat]
|-heal|p2a: Rotom|66/100|[from] item: Sitrus Berry
|turn|5
|
|t:|1784391978
|move|p1a: Farigiraf|Foul Play|p2b: Grimmsnarl
|-resisted|p2b: Grimmsnarl|2
|-damage|p2b: Grimmsnarl|1/100
|move|p2b: Grimmsnarl|Spirit Break|p1b: Sylveon
|-damage|p1b: Sylveon|17/100
|-unboost|p1b: Sylveon|spa|1
|move|p1b: Sylveon|Yawn|p2a: Rotom
|-start|p2a: Rotom|move: Yawn|[of] p1b: Sylveon
|move|p2a: Rotom|Thunderbolt|p1b: Sylveon
|-damage|p1b: Sylveon|0 fnt
|faint|p1b: Sylveon
|
|-fieldend|move: Trick Room
|upkeep
|
|t:|1784391993
|switch|p1b: Torkoal|Torkoal, L50, F|100/100
|-weather|SunnyDay|[from] ability: Drought|[of] p1b: Torkoal
|turn|6
|
|t:|1784392003
|move|p1b: Torkoal|Protect|p1b: Torkoal
|-singleturn|p1b: Torkoal|Protect
|move|p2a: Rotom|Overheat|p1a: Farigiraf
|-damage|p1a: Farigiraf|0 fnt
|-unboost|p2a: Rotom|spa|2
|faint|p1a: Farigiraf
|move|p2b: Grimmsnarl|Spirit Break|p1b: Torkoal
|-activate|p1b: Torkoal|move: Protect
|
|-weather|SunnyDay|[upkeep]
|-end|p2a: Rotom|move: Yawn|[silent]
|-status|p2a: Rotom|slp
|upkeep
|turn|7
|-message|andiom123 forfeited.
|
|win|dolphin629
|l|☆dolphin629
|player|p2|
||andiom123 is ready for game 3.
||dolphin629 is ready for game 3.
|uhtml|next|Next: Game 3 of 3
