|j|☆ayoadjkln
|j|☆BergerKing29
|html|ayoadjklnBergerKing29    
|uhtml|bestof|Game 2 of a best-of-3
|t:|1784411481
|gametype|doubles
|player|p1|ayoadjkln|170|
|player|p2|BergerKing29|1|
|gen|9
|tier|[Gen 9 Champions] VGC 2026 Reg M-B (Bo3)
|rule|Species Clause: Limit one of each Pokémon
|rule|Item Clause: Limit 1 of each item
|clearpoke
|poke|p1|Scovillain, L50, M|
|poke|p1|Reuniclus, L50, M|
|poke|p1|Rhyperior, L50, F|
|poke|p1|Runerigus, L50, F|
|poke|p1|Charizard, L50, F|
|poke|p1|Kommo-o, L50, F|
|poke|p2|Charizard, L50, F|
|poke|p2|Mamoswine, L50, M|
|poke|p2|Slowbro-Galar, L50, M|
|poke|p2|Raichu-Alola, L50, M|
|poke|p2|Gourgeist, L50, M|
|poke|p2|Vaporeon, L50, M|
|teampreview|4
|showteam|p1|Scovillain||LifeOrb|Chlorophyll|SolarBeam,Flamethrower,Protect,RagePowder|Timid||M|||50|]Reuniclus||FocusSash|MagicGuard|Psychic,AllySwitch,TrickRoom,FocusBlast|Quiet||M|||50|]Rhyperior||KingsRock|SolidRock|Counter,DrillRun,StealthRock,RockSlide|Adamant||F|||50|]Runerigus||Leftovers|WanderingSpirit|BodyPress,DestinyBond,Memento,Earthquake|Impish||F|||50|]Charizard||CharizarditeY|SolarPower|HeatWave,ScorchingSands,AirSlash,Protect|Timid||F|||50|]Kommo-o||ExpertBelt|Overcoat|BodyPress,IronDefense,Protect,DragonClaw|Jolly||F|||50|
|showteam|p2|Charizard||CharizarditeX|Blaze|Acrobatics,BodySlam,DragonTail,FireBlast|Serious||F|||50|]Mamoswine||Leftovers|Oblivious|FreezeDry,HighHorsepower,HeavySlam,IceShard|Serious||M|||50|]Slowbro-Galar||ChoiceScarf|QuickDraw|DrainPunch,CalmMind,FoulPlay,Disable|Serious||M|||50|]Raichu-Alola||ExpertBelt|SurgeSurfer|Discharge,FocusPunch,GrassKnot,AlluringVoice|Serious||M|||50|]Gourgeist||FocusSash|Pickup|DestinyBond,LeechSeed,Explosion,FireBlast|Serious||M|||50|]Vaporeon||MentalHerb|WaterAbsorb|Facade,IronTail,LastResort,HydroPump|Serious||M|||50|
|
|t:|1784411511
|teamsize|p1|4
|teamsize|p2|4
|start
|switch|p1a: Charizard|Charizard, L50, F|100/100
|switch|p1b: Scovillain|Scovillain, L50, M|100/100
|switch|p2a: Charizard|Charizard, L50, F|100/100
|switch|p2b: Gourgeist|Gourgeist, L50, M|100/100
|turn|1
|
|t:|1784411534
|detailschange|p1a: Charizard|Charizard-Mega-Y, L50, F
|-mega|p1a: Charizard|Charizard|Charizardite Y
|-weather|SunnyDay|[from] ability: Drought|[of] p1a: Charizard
|detailschange|p2a: Charizard|Charizard-Mega-X, L50, F
|-mega|p2a: Charizard|Charizard|Charizardite X
|move|p1b: Scovillain|Flamethrower|p2b: Gourgeist
|-supereffective|p2b: Gourgeist|1
|-enditem|p2b: Gourgeist|Focus Sash
|-damage|p2b: Gourgeist|1/100
|-damage|p1b: Scovillain|90/100|[from] item: Life Orb
|move|p1a: Charizard|Heat Wave|p2b: Gourgeist|[spread] p2a,p2b
|-resisted|p2a: Charizard|2
|-supereffective|p2b: Gourgeist|1
|-damage|p2a: Charizard|84/100
|-damage|p2b: Gourgeist|0 fnt
|faint|p2b: Gourgeist
|move|p2a: Charizard|Dragon Tail|p1b: Scovillain
|-damage|p1b: Scovillain|28/100
|drag|p1b: Kommo-o|Kommo-o, L50, F|100/100
|
|-weather|SunnyDay|[upkeep]
|upkeep
|
|t:|1784411556
|switch|p2b: Raichu|Raichu-Alola, L50, M|100/100
|turn|2
|
|t:|1784411590
|move|p1a: Charizard|Scorching Sands|p2b: Raichu
|-supereffective|p2b: Raichu|1
|-damage|p2b: Raichu|32/100
|move|p1b: Kommo-o|Iron Defense|p1b: Kommo-o
|-boost|p1b: Kommo-o|def|2
|move|p2b: Raichu|Discharge|p1b: Kommo-o|[spread] p2a,p1a,p1b
|-resisted|p2a: Charizard|1
|-supereffective|p1a: Charizard|1
|-resisted|p1b: Kommo-o|1
|-damage|p2a: Charizard|76/100
|-damage|p1a: Charizard|56/100
|-damage|p1b: Kommo-o|88/100
|move|p2a: Charizard|Acrobatics|p1b: Kommo-o
|-supereffective|p1b: Kommo-o|1
|-damage|p1b: Kommo-o|65/100
|
|-weather|SunnyDay|[upkeep]
|upkeep
|turn|3
|
|t:|1784411614
|move|p1a: Charizard|Scorching Sands|p2b: Raichu
|-supereffective|p2b: Raichu|1
|-damage|p2b: Raichu|0 fnt
|faint|p2b: Raichu
|move|p1b: Kommo-o|Dragon Claw|p2a: Charizard
|-supereffective|p2a: Charizard|1
|-damage|p2a: Charizard|12/100
|move|p2a: Charizard|Acrobatics|p1b: Kommo-o
|-supereffective|p1b: Kommo-o|1
|-damage|p1b: Kommo-o|44/100
|
|-weather|SunnyDay|[upkeep]
|upkeep
|
|t:|1784411627
|switch|p2b: Vaporeon|Vaporeon, L50, M|100/100
|turn|4
|
|t:|1784411651
|move|p1a: Charizard|Scorching Sands|p2a: Charizard
|-supereffective|p2a: Charizard|1
|-damage|p2a: Charizard|0 fnt
|faint|p2a: Charizard
|move|p1b: Kommo-o|Body Press|p2b: Vaporeon
|-damage|p2b: Vaporeon|34/100
|move|p2b: Vaporeon|Hydro Pump|p1a: Charizard
|-supereffective|p1a: Charizard|1
|-damage|p1a: Charizard|18/100
|
|-weather|SunnyDay|[upkeep]
|upkeep
|turn|5
|
|t:|1784411670
|move|p1a: Charizard|Scorching Sands|p2b: Vaporeon
|-damage|p2b: Vaporeon|10/100
|-status|p2b: Vaporeon|brn
|move|p1b: Kommo-o|Body Press|p2b: Vaporeon
|-damage|p2b: Vaporeon|0 fnt
|faint|p2b: Vaporeon
|
|win|ayoadjkln
