|j|☆salvulcano24
|j|☆ethical sga
|html|salvulcano24ethical sga    
|uhtml|bestof|Game 2 of a best-of-3
|t:|1784821887
|gametype|doubles
|player|p1|salvulcano24|pokemonbreederf|1080
|player|p2|ethical sga|lass-gen4dp|1179
|gen|9
|tier|[Gen 9 Champions] VGC 2026 Reg M-B (Bo3)
|rated|
|rule|Species Clause: Limit one of each Pokémon
|rule|Item Clause: Limit 1 of each item
|clearpoke
|poke|p1|Farigiraf, L50, M|
|poke|p1|Gardevoir, L50, M|
|poke|p1|Venusaur, L50, M|
|poke|p1|Aerodactyl, L50, M|
|poke|p1|Garchomp, L50, M|
|poke|p1|Rampardos, L50, M, shiny|
|poke|p2|Charizard, L50, F|
|poke|p2|Venusaur, L50, M|
|poke|p2|Mamoswine, L50, F|
|poke|p2|Garchomp, L50, M|
|poke|p2|Incineroar, L50, M|
|poke|p2|Toxapex, L50, M|
|teampreview|4
|showteam|p1|Farigiraf||SitrusBerry|ArmorTail|Psychic,TrickRoom,Protect,HelpingHand|Bold||M|||50|]Gardevoir||Gardevoirite|Synchronize|Protect,AuraSphere,HyperVoice,TrickRoom|Modest||M|||50|]Venusaur||Venusaurite|Overgrow|Protect,GigaDrain,SludgeBomb,EarthPower|Modest||M|||50|]Aerodactyl||FocusSash|Unnerve|RockSlide,DualWingbeat,Tailwind,WideGuard|Jolly||M|||50|]Garchomp||RoseliBerry|RoughSkin|StompingTantrum,DragonClaw,SwordsDance,Protect|Jolly||M|||50|]Rampardos||LifeOrb|SheerForce|RockSlide,FirePunch,ThunderPunch,Protect|Adamant||M|||50|
|showteam|p2|Charizard||CharizarditeY|Blaze|Protect,WeatherBall,HeatWave,HelpingHand|Modest||F|||50|]Venusaur||LifeOrb|Chlorophyll|Protect,SludgeBomb,EarthPower,LeafStorm|Modest||M|||50|]Mamoswine||FocusSash|Oblivious|Protect,RockTomb,IceShard,HighHorsepower|Jolly||F|||50|]Garchomp||ChoiceScarf|RoughSkin|DragonClaw,Earthquake,RockSlide,StompingTantrum|Adamant||M|||50|]Incineroar||SitrusBerry|Intimidate|PartingShot,FlareBlitz,ThroatChop,FakeOut|Impish||M|||50|]Toxapex||Leftovers|Regenerator|BanefulBunker,Infestation,Toxic,WideGuard|Bold||M|||50|
|
|t:|1784821921
|teamsize|p1|4
|teamsize|p2|4
|start
|switch|p1a: Gardevoir|Gardevoir, L50, M|100/100
|switch|p1b: Aerodactyl|Aerodactyl, L50, M|100/100
|switch|p2a: Charizard|Charizard, L50, F|100/100
|switch|p2b: Venusaur|Venusaur, L50, M|100/100
|-ability|p1b: Aerodactyl|Unnerve
|turn|1
|
|t:|1784821965
|switch|p2a: Incineroar|Incineroar, L50, M|100/100
|-ability|p2a: Incineroar|Intimidate|boost
|-unboost|p1a: Gardevoir|atk|1
|-unboost|p1b: Aerodactyl|atk|1
|detailschange|p1a: Gardevoir|Gardevoir-Mega, L50, M
|-mega|p1a: Gardevoir|Gardevoir|Gardevoirite
|move|p1a: Gardevoir|Protect|p1a: Gardevoir
|-singleturn|p1a: Gardevoir|Protect
|move|p1b: Aerodactyl|Dual Wingbeat|p2b: Venusaur
|-supereffective|p2b: Venusaur|1
|-damage|p2b: Venusaur|68/100
|-supereffective|p2b: Venusaur|1
|-damage|p2b: Venusaur|36/100
|-hitcount|p2b: Venusaur|2
|move|p2b: Venusaur|Sludge Bomb|p1a: Gardevoir
|-activate|p1a: Gardevoir|move: Protect
|
|upkeep
|turn|2
|
|t:|1784822022
|switch|p1b: Farigiraf|Farigiraf, L50, M|100/100
|move|p2b: Venusaur|Protect|p2b: Venusaur
|-singleturn|p2b: Venusaur|Protect
|move|p1a: Gardevoir|Hyper Voice|p2a: Incineroar|[spread] p2a
|-activate|p2b: Venusaur|move: Protect
|-damage|p2a: Incineroar|51/100
|move|p2a: Incineroar|Parting Shot|p1b: Farigiraf
|-unboost|p1b: Farigiraf|atk|1
|-unboost|p1b: Farigiraf|spa|1
|
|t:|1784822030
|switch|p2a: Charizard|Charizard, L50, F|100/100|[from] Parting Shot
|
|upkeep
|turn|3
|
|t:|1784822124
|detailschange|p2a: Charizard|Charizard-Mega-Y, L50, F
|-mega|p2a: Charizard|Charizard|Charizardite Y
|-weather|SunnyDay|[from] ability: Drought|[of] p2a: Charizard
|move|p2b: Venusaur|Sludge Bomb|p1a: Gardevoir
|-supereffective|p1a: Gardevoir|1
|-damage|p1a: Gardevoir|18/100
|-damage|p2b: Venusaur|26/100|[from] item: Life Orb
|move|p2a: Charizard|Heat Wave|p1a: Gardevoir|[spread] p1a,p1b
|-damage|p1a: Gardevoir|0 fnt
|-damage|p1b: Farigiraf|43/100
|-enditem|p1b: Farigiraf|Sitrus Berry|[eat]
|-heal|p1b: Farigiraf|67/100|[from] item: Sitrus Berry
|faint|p1a: Gardevoir
|move|p1b: Farigiraf|Trick Room|p1b: Farigiraf
|-fieldstart|move: Trick Room|[of] p1b: Farigiraf
|
|-weather|SunnyDay|[upkeep]
|upkeep
|
|t:|1784822138
|switch|p1a: Rampardos|Rampardos, L50, M, shiny|100/100
|turn|4
|
|t:|1784822146
|move|p1b: Farigiraf|Helping Hand|p1a: Rampardos
|-singleturn|p1a: Rampardos|Helping Hand|[of] p1b: Farigiraf
|move|p2a: Charizard|Protect|p2a: Charizard
|-singleturn|p2a: Charizard|Protect
|move|p1a: Rampardos|Rock Slide|p2a: Charizard|[spread] p2b
|-activate|p2a: Charizard|move: Protect
|-damage|p2b: Venusaur|0 fnt
|faint|p2b: Venusaur
|
|-weather|SunnyDay|[upkeep]
|upkeep
|
|t:|1784822153
|switch|p2b: Incineroar|Incineroar, L50, M|51/100
|-ability|p2b: Incineroar|Intimidate|boost
|-unboost|p1a: Rampardos|atk|1
|-unboost|p1b: Farigiraf|atk|1
|turn|5
|
|t:|1784822167
|move|p1b: Farigiraf|Helping Hand|p1a: Rampardos
|-singleturn|p1a: Rampardos|Helping Hand|[of] p1b: Farigiraf
|move|p1a: Rampardos|Rock Slide|p2a: Charizard|[spread] p2a,p2b
|-supereffective|p2a: Charizard|2
|-supereffective|p2b: Incineroar|1
|-damage|p2a: Charizard|0 fnt
|-damage|p2b: Incineroar|0 fnt
|faint|p2a: Charizard
|faint|p2b: Incineroar
|
|-weather|SunnyDay|[upkeep]
|upkeep
|
|t:|1784822171
|switch|p2b: Mamoswine|Mamoswine, L50, F|100/100
|turn|6
|-message|ethical sga forfeited.
|
|win|salvulcano24
|raw|salvulcano24's rating: 1080 → 1116(+36 for winning)
|raw|ethical sga's rating: 1179 → 1147(-32 for losing)
|l|☆ethical sga
|player|p2|
