|j|☆DireCow
|j|☆blackstorm games
|html|DireCowblackstorm games    
|uhtml|bestof|Game 3 of a best-of-3
|t:|1754595927
|gametype|doubles
|player|p1|DireCow|harmony|1216
|player|p2|blackstorm games|102|1199
|gen|9
|tier|[Gen 9] VGC 2025 Reg H (Bo3)
|rated|
|rule|Species Clause: Limit one of each Pokémon
|rule|Item Clause: Limit 1 of each item
|clearpoke
|poke|p1|Incineroar, L50, M|
|poke|p1|Amoonguss, L50, M|
|poke|p1|Annihilape, L50, M|
|poke|p1|Ninetales-Alola, L50, M|
|poke|p1|Rillaboom, L50, M|
|poke|p1|Glimmora, L50, M|
|poke|p2|Incineroar, L50, M|
|poke|p2|Amoonguss, L50, M|
|poke|p2|Gholdengo, L50|
|poke|p2|Dragonite, L50, M|
|poke|p2|Pelipper, L50, F|
|poke|p2|Archaludon, L50, F|
|teampreview|4
|showteam|p1|Incineroar||AssaultVest|Intimidate|FakeOut,KnockOff,FlareBlitz,Uturn|||M|||50|,,,,,Ghost]Amoonguss||RockyHelmet|Regenerator|PollenPuff,ClearSmog,RagePowder,Spore|||M|||50|,,,,,Fairy]Annihilape||Leftovers|Defiant|RageFist,DrainPunch,BulkUp,Protect|||M|||50|,,,,,Fire]Ninetales-Alola||CovertCloak|SnowWarning|Blizzard,Encore,Moonblast,AuroraVeil|||M|||50|,,,,,Fire]Rillaboom||MiracleSeed|GrassySurge|Uturn,WoodHammer,GrassyGlide,FakeOut|||M|||50|,,,,,Fire]Glimmora||PowerHerb|ToxicDebris|MeteorBeam,EarthPower,SludgeBomb,SpikyShield|||M|||50|,,,,,Grass
|showteam|p2|Incineroar||SafetyGoggles|Intimidate|FlareBlitz,KnockOff,PartingShot,FakeOut|||M|||50|,,,,,Ghost]Amoonguss||RockyHelmet|Regenerator|Spore,RagePowder,PollenPuff,Protect|||M|||50|,,,,,Dark]Gholdengo||LifeOrb|GoodasGold|MakeItRain,ShadowBall,NastyPlot,Protect||||||50|,,,,,Water]Dragonite||LoadedDice|Multiscale|ScaleShot,Tailwind,Haze,Protect|||M|||50|,,,,,Fairy]Pelipper||FocusSash|Drizzle|Hurricane,WideGuard,WeatherBall,Protect|||F|||50|,,,,,Ghost]Archaludon||AssaultVest|Stamina|ElectroShot,BodyPress,DracoMeteor,FlashCannon|||F|||50|,,,,,Grass
|inactive|Battle timer is ON: inactive players will automatically lose when time's up. (requested by DireCow)
|
|t:|1754595956
|teamsize|p1|4
|teamsize|p2|4
|start
|switch|p1a: Glimmora|Glimmora, L50, M|100/100
|switch|p1b: Incineroar|Incineroar, L50, M, shiny|100/100
|switch|p2a: Gholdengo|Gholdengo, L50|100/100
|switch|p2b: Amoonguss|Amoonguss, L50, M|100/100
|-ability|p1b: Incineroar|Intimidate|boost
|-unboost|p2a: Gholdengo|atk|1
|-unboost|p2b: Amoonguss|atk|1
|turn|1
|inactive|blackstorm games has 30 seconds left.
|
|t:|1754595982
|-terastallize|p1a: Glimmora|Grass
|-terastallize|p2a: Gholdengo|Water
|move|p1a: Glimmora|Meteor Beam||[still]
|-prepare|p1a: Glimmora|Meteor Beam
|-boost|p1a: Glimmora|spa|1
|-enditem|p1a: Glimmora|Power Herb
|-anim|p1a: Glimmora|Meteor Beam|p2b: Amoonguss
|-damage|p2b: Amoonguss|34/100
|move|p2a: Gholdengo|Make It Rain|p1a: Glimmora|[spread] p1a,p1b
|-resisted|p1b: Incineroar
|-damage|p1a: Glimmora|17/100
|-damage|p1b: Incineroar|85/100
|-unboost|p2a: Gholdengo|spa|1
|-damage|p2a: Gholdengo|91/100|[from] item: Life Orb
|move|p1b: Incineroar|Knock Off|p2a: Gholdengo
|-damage|p2a: Gholdengo|50/100
|-enditem|p2a: Gholdengo|Life Orb|[from] move: Knock Off|[of] p1b: Incineroar
|move|p2b: Amoonguss|Spore|p1b: Incineroar
|-status|p1b: Incineroar|slp|[from] move: Spore
|
|upkeep
|turn|2
|
|t:|1754596006
|switch|p1b: Rillaboom|Rillaboom, L50, M, shiny|100/100
|-fieldstart|move: Grassy Terrain|[from] ability: Grassy Surge|[of] p1b: Rillaboom
|switch|p2b: Archaludon|Archaludon, L50, F|100/100
|move|p1a: Glimmora|Spiky Shield|p1a: Glimmora
|-singleturn|p1a: Glimmora|move: Protect
|move|p2a: Gholdengo|Make It Rain|p1b: Rillaboom|[spread] p1b
|-activate|p1a: Glimmora|move: Protect
|-damage|p1b: Rillaboom|69/100
|-unboost|p2a: Gholdengo|spa|1
|
|-heal|p1a: Glimmora|23/100|[from] Grassy Terrain
|-heal|p2a: Gholdengo|56/100|[from] Grassy Terrain
|-heal|p1b: Rillaboom|75/100|[from] Grassy Terrain
|upkeep
|turn|3
|inactive|blackstorm games has 30 seconds left.
|
|t:|1754596033
|switch|p2b: Amoonguss|Amoonguss, L50, M|68/100
|move|p1b: Rillaboom|Fake Out|p2b: Amoonguss
|-damage|p2b: Amoonguss|55/100
|-damage|p1b: Rillaboom|59/100|[from] item: Rocky Helmet|[of] p2b: Amoonguss
|move|p1a: Glimmora|Sludge Bomb|p2a: Gholdengo
|-damage|p2a: Gholdengo|0 fnt
|faint|p2a: Gholdengo
|
|-heal|p1a: Glimmora|28/100|[from] Grassy Terrain
|-heal|p1b: Rillaboom|65/100|[from] Grassy Terrain
|-heal|p2b: Amoonguss|61/100|[from] Grassy Terrain
|upkeep
|
|t:|1754596045
|switch|p2a: Archaludon|Archaludon, L50, F|100/100
|turn|4
|
|t:|1754596060
|switch|p2a: Pelipper|Pelipper, L50, F|100/100
|-weather|RainDance|[from] ability: Drizzle|[of] p2a: Pelipper
|move|p1a: Glimmora|Earth Power|p2a: Pelipper
|-immune|p2a: Pelipper
|move|p1b: Rillaboom|U-turn|p2a: Pelipper
|-resisted|p2a: Pelipper
|-crit|p2a: Pelipper
|-damage|p2a: Pelipper|77/100
|
|t:|1754596064
|switch|p1b: Ninetales|Ninetales-Alola, L50, M|100/100|[from] U-turn
|-weather|Snowscape|[from] ability: Snow Warning|[of] p1b: Ninetales
|move|p2b: Amoonguss|Pollen Puff|p1a: Glimmora
|-supereffective|p1a: Glimmora
|-damage|p1a: Glimmora|0 fnt
|faint|p1a: Glimmora
|
|-weather|Snowscape|[upkeep]
|-heal|p2b: Amoonguss|67/100|[from] Grassy Terrain
|upkeep
|
|t:|1754596068
|switch|p1a: Rillaboom|Rillaboom, L50, M, shiny|65/100
|turn|5
|inactive|DireCow has 30 seconds left.
|inactive|DireCow has 20 seconds left.
|
|t:|1754596103
|switch|p2a: Archaludon|Archaludon, L50, F|100/100
|move|p2b: Amoonguss|Protect|p2b: Amoonguss
|-singleturn|p2b: Amoonguss|Protect
|move|p1a: Rillaboom|Fake Out|p2b: Amoonguss
|-activate|p2b: Amoonguss|move: Protect
|move|p1b: Ninetales|Blizzard|p2a: Archaludon|[spread] p2a
|-activate|p2b: Amoonguss|move: Protect
|-damage|p2a: Archaludon|75/100
|-ability|p2a: Archaludon|Stamina|boost
|-boost|p2a: Archaludon|def|1
|
|-weather|Snowscape|[upkeep]
|-heal|p1a: Rillaboom|71/100|[from] Grassy Terrain
|-heal|p2a: Archaludon|82/100|[from] Grassy Terrain
|-heal|p2b: Amoonguss|73/100|[from] Grassy Terrain
|upkeep
|turn|6
|inactive|blackstorm games has 30 seconds left.
|
|t:|1754596134
|switch|p1b: Incineroar|Incineroar, L50, M, shiny|85/100 slp
|-ability|p1b: Incineroar|Intimidate|boost
|-unboost|p2a: Archaludon|atk|1
|-unboost|p2b: Amoonguss|atk|1
|move|p1a: Rillaboom|Wood Hammer|p2b: Amoonguss
|-resisted|p2b: Amoonguss
|-damage|p2b: Amoonguss|49/100
|-damage|p1a: Rillaboom|55/100|[from] item: Rocky Helmet|[of] p2b: Amoonguss
|-damage|p1a: Rillaboom|46/100|[from] Recoil
|move|p2a: Archaludon|Flash Cannon|p1b: Incineroar
|-resisted|p1b: Incineroar
|-damage|p1b: Incineroar|72/100 slp
|move|p2b: Amoonguss|Spore|p1b: Incineroar
|-fail|p1b: Incineroar|slp
|
|-weather|Snowscape|[upkeep]
|-heal|p1a: Rillaboom|52/100|[from] Grassy Terrain
|-heal|p2a: Archaludon|88/100|[from] Grassy Terrain
|-heal|p1b: Incineroar|78/100 slp|[from] Grassy Terrain
|-heal|p2b: Amoonguss|55/100|[from] Grassy Terrain
|-fieldend|move: Grassy Terrain
|upkeep
|turn|7
|
|t:|1754596157
|switch|p2b: Pelipper|Pelipper, L50, F|77/100
|-weather|RainDance|[from] ability: Drizzle|[of] p2b: Pelipper
|move|p1a: Rillaboom|U-turn|p2b: Pelipper
|-resisted|p2b: Pelipper
|-damage|p2b: Pelipper|60/100
|
|t:|1754596162
|switch|p1a: Ninetales|Ninetales-Alola, L50, M|100/100|[from] U-turn
|-weather|Snowscape|[from] ability: Snow Warning|[of] p1a: Ninetales
|move|p2a: Archaludon|Flash Cannon|p1a: Ninetales
|-supereffective|p1a: Ninetales
|-damage|p1a: Ninetales|0 fnt
|faint|p1a: Ninetales
|cant|p1b: Incineroar|slp
|
|-weather|Snowscape|[upkeep]
|upkeep
|-message|DireCow forfeited.
|
|win|blackstorm games
|raw|DireCow's rating: 1216 → 1190(-26 for losing)
|raw|blackstorm games's rating: 1199 → 1225(+26 for winning)
|l|☆DireCow
|player|p1|
