|j|☆temp10
|j|☆Chandeliere
|html|temp10Chandeliere    
|uhtml|bestof|Game 3 of a best-of-3
|t:|1756623973
|gametype|doubles
|player|p1|temp10|lucas|1102
|player|p2|Chandeliere|ethan|1073
|gen|9
|tier|[Gen 9] VGC 2025 Reg H (Bo3)
|rated|
|rule|Species Clause: Limit one of each Pokémon
|rule|Item Clause: Limit 1 of each item
|clearpoke
|poke|p1|Gothitelle, L50, M|
|poke|p1|Politoed, L50, F|
|poke|p1|Incineroar, L50, F|
|poke|p1|Amoonguss, L50, M|
|poke|p1|Kingdra, L50, M|
|poke|p1|Archaludon, L50, F|
|poke|p2|Ninetales-Alola, L50, F|
|poke|p2|Gholdengo, L50|
|poke|p2|Garchomp, L50, F|
|poke|p2|Incineroar, L50, M|
|poke|p2|Sneasler, L50, F|
|poke|p2|Corviknight, L50, M|
|teampreview|4
|showteam|p1|Gothitelle||SitrusBerry|ShadowTag|Protect,FakeOut,Psychic,TrickRoom|||M|||50|,,,,,Dark]Politoed||Leftovers|Drizzle|Protect,WeatherBall,Encore,PerishSong|||F|||50|,,,,,Grass]Incineroar||SafetyGoggles|Intimidate|FakeOut,KnockOff,PartingShot,Protect|||F|||50|,,,,,Ghost]Amoonguss||EjectButton|Regenerator|Protect,Spore,PollenPuff,RagePowder|||M|||50|,,,,,Fairy]Kingdra||LifeOrb|SwiftSwim|MuddyWater,DracoMeteor,WeatherBall,Protect|||M|||50|,,,,,Stellar]Archaludon||PowerHerb|Sturdy|ElectroShot,DragonPulse,Protect,FlashCannon|||F|||50|,,,,,Electric
|showteam|p2|Ninetales-Alola||LightClay|SnowWarning|AuroraVeil,Blizzard,FreezeDry,Protect|||F|||50|,,,,,Ghost]Gholdengo||LifeOrb|GoodasGold|MakeItRain,ShadowBall,NastyPlot,Protect||||||50|,,,,,Water]Garchomp||ClearAmulet|RoughSkin|Earthquake,StompingTantrum,DragonClaw,Protect|||F|||50|,,,,,Ground]Incineroar||SafetyGoggles|Intimidate|FakeOut,KnockOff,FlareBlitz,PartingShot|||M|||50|,,,,,Ghost]Sneasler||WhiteHerb|Unburden|Coaching,CloseCombat,DireClaw,Protect|||F|||50|,,,,,Ghost]Corviknight||SitrusBerry|MirrorArmor|BodyPress,BraveBird,Tailwind,Protect|||M|||50|,,,,,Fire
|inactive|Battle timer is ON: inactive players will automatically lose when time's up. (requested by temp10)
|inactive|Chandeliere has 60 seconds left.
|
|t:|1756624012
|teamsize|p1|4
|teamsize|p2|4
|start
|switch|p1a: Kingdra|Kingdra, L50, M|100/100
|switch|p1b: Incineroar|Incineroar, L50, F|100/100
|switch|p2a: Sneasler|Sneasler, L50, F|100/100
|switch|p2b: Garchomp|Garchomp, L50, F|100/100
|-ability|p1b: Incineroar|Intimidate|boost
|-unboost|p2a: Sneasler|atk|1
|-fail|p2b: Garchomp|unboost|[from] item: Clear Amulet|[of] p2b: Garchomp
|-enditem|p2a: Sneasler|White Herb
|-clearnegativeboost|p2a: Sneasler|[silent]
|turn|1
|
|t:|1756624023
|move|p2a: Sneasler|Protect|p2a: Sneasler
|-singleturn|p2a: Sneasler|Protect
|move|p2b: Garchomp|Protect|p2b: Garchomp
|-singleturn|p2b: Garchomp|Protect
|move|p1a: Kingdra|Protect|p1a: Kingdra
|-singleturn|p1a: Kingdra|Protect
|move|p1b: Incineroar|Protect||[still]
|-fail|p1b: Incineroar
|
|upkeep
|turn|2
|inactive|temp10 has 30 seconds left.
|inactive|Chandeliere has 30 seconds left.
|inactive|Chandeliere has 20 seconds left.
|inactive|Chandeliere has 15 seconds left.
|
|t:|1756624067
|switch|p1a: Gothitelle|Gothitelle, L50, M|100/100
|move|p2a: Sneasler|Close Combat|p1b: Incineroar
|-supereffective|p1b: Incineroar
|-damage|p1b: Incineroar|0 fnt
|-unboost|p2a: Sneasler|def|1
|-unboost|p2a: Sneasler|spd|1
|faint|p1b: Incineroar
|move|p2b: Garchomp|Dragon Claw|p1a: Gothitelle
|-damage|p1a: Gothitelle|64/100
|
|upkeep
|
|t:|1756624076
|switch|p1b: Kingdra|Kingdra, L50, M|100/100
|turn|3
|
|t:|1756624093
|switch|p1a: Politoed|Politoed, L50, F|100/100
|-weather|RainDance|[from] ability: Drizzle|[of] p1a: Politoed
|-terastallize|p1b: Kingdra|Stellar
|move|p2a: Sneasler|Protect|p2a: Sneasler
|-singleturn|p2a: Sneasler|Protect
|move|p2b: Garchomp|Protect|p2b: Garchomp
|-singleturn|p2b: Garchomp|Protect
|move|p1b: Kingdra|Weather Ball|p2a: Sneasler
|-activate|p2a: Sneasler|move: Protect
|
|-weather|RainDance|[upkeep]
|upkeep
|turn|4
|inactive|Chandeliere has 30 seconds left.
|
|t:|1756624124
|switch|p2a: Ninetales|Ninetales-Alola, L50, F|100/100
|-weather|Snowscape|[from] ability: Snow Warning|[of] p2a: Ninetales
|switch|p1b: Gothitelle|Gothitelle, L50, M|64/100
|switch|p2b: Gholdengo|Gholdengo, L50|100/100
|move|p1a: Politoed|Perish Song|p1a: Politoed
|-start|p1a: Politoed|perish3|[silent]
|-start|p1b: Gothitelle|perish3|[silent]
|-start|p2a: Ninetales|perish3|[silent]
|-immune|p2b: Gholdengo|[from] ability: Good as Gold
|-fieldactivate|move: Perish Song
|
|-weather|Snowscape|[upkeep]
|-start|p2a: Ninetales|perish3
|-start|p1a: Politoed|perish3
|-start|p1b: Gothitelle|perish3
|upkeep
|turn|5
|inactive|temp10 has 30 seconds left.
|inactive|Chandeliere has 30 seconds left.
|
|t:|1756624157
|switch|p1a: Kingdra|Kingdra, L50, M, tera:Stellar|100/100
|-terastallize|p2a: Ninetales|Ghost
|move|p2a: Ninetales|Freeze-Dry|p1a: Kingdra
|-supereffective|p1a: Kingdra
|-damage|p1a: Kingdra|0 fnt
|faint|p1a: Kingdra
|move|p2b: Gholdengo|Nasty Plot|p2b: Gholdengo
|-boost|p2b: Gholdengo|spa|2
|move|p1b: Gothitelle|Trick Room|p1b: Gothitelle
|-fieldstart|move: Trick Room|[of] p1b: Gothitelle
|
|-weather|Snowscape|[upkeep]
|-start|p1b: Gothitelle|perish2
|-start|p2a: Ninetales|perish2
|upkeep
|
|t:|1756624167
|switch|p1a: Politoed|Politoed, L50, F|100/100
|-weather|RainDance|[from] ability: Drizzle|[of] p1a: Politoed
|turn|6
|
|t:|1756624189
|switch|p2a: Garchomp|Garchomp, L50, F|100/100
|move|p1b: Gothitelle|Psychic|p2b: Gholdengo
|-resisted|p2b: Gholdengo
|-damage|p2b: Gholdengo|84/100
|move|p1a: Politoed|Weather Ball|p2b: Gholdengo
|-damage|p2b: Gholdengo|19/100
|move|p2b: Gholdengo|Shadow Ball|p1a: Politoed
|-damage|p1a: Politoed|0 fnt
|faint|p1a: Politoed
|-damage|p2b: Gholdengo|10/100|[from] item: Life Orb
|
|-weather|RainDance|[upkeep]
|-start|p1b: Gothitelle|perish1
|upkeep
|turn|7
|inactive|temp10 has 30 seconds left.
|inactive|temp10 has 20 seconds left.
|inactive|temp10 has 15 seconds left.
|inactive|temp10 has 10 seconds left.
|inactive|temp10 has 5 seconds left.
|
|t:|1756624244
|move|p1b: Gothitelle|Protect|p1b: Gothitelle
|-singleturn|p1b: Gothitelle|Protect
|move|p2b: Gholdengo|Protect|p2b: Gholdengo
|-singleturn|p2b: Gholdengo|Protect
|move|p2a: Garchomp|Protect||[still]
|-fail|p2a: Garchomp
|
|-weather|RainDance|[upkeep]
|-start|p1b: Gothitelle|perish0
|faint|p1b: Gothitelle
|
|win|Chandeliere
|raw|temp10's rating: 1102 → 1075(-27 for losing)
|raw|Chandeliere's rating: 1073 → 1104(+31 for winning)
|c|☆Chandeliere|gg
