|j|☆Reeene
|j|☆playrornds
|html|Reeeneplayrornds    
|uhtml|bestof|Game 1 of a best-of-3
|t:|1757200379
|gametype|doubles
|player|p1|Reeene|265|1148
|player|p2|playrornds|giovanni-gen1rb|1062
|gen|9
|tier|[Gen 9] VGC 2025 Reg H (Bo3)
|rated|
|rule|Species Clause: Limit one of each Pokémon
|rule|Item Clause: Limit 1 of each item
|clearpoke
|poke|p1|Whimsicott, L50, F|
|poke|p1|Gholdengo, L50|
|poke|p1|Ursaluna-Bloodmoon, L50, M|
|poke|p1|Pelipper, L50, F|
|poke|p1|Archaludon, L50, F|
|poke|p1|Basculegion, L50, M|
|poke|p2|Ursaluna, L50, F|
|poke|p2|Porygon2, L50|
|poke|p2|Gholdengo, L50|
|poke|p2|Kilowattrel, L50, M|
|poke|p2|Amoonguss, L50, F|
|poke|p2|Incineroar, L50, M|
|teampreview|4
|showteam|p1|Whimsicott||CovertCloak|Prankster|Moonblast,Taunt,FakeTears,Tailwind|||F|||50|,,,,,Steel]Gholdengo||LifeOrb|GoodasGold|MakeItRain,ShadowBall,TeraBlast,Protect||||||50|,,,,,Fighting]Ursaluna-Bloodmoon||AssaultVest|MindsEye|HyperVoice,BloodMoon,EarthPower,VacuumWave|||M|||50|,,,,,Fighting]Pelipper||JabocaBerry|Drizzle|WeatherBall,Hurricane,MuddyWater,WideGuard|||F|||50|,,,,,Steel]Archaludon||PowerHerb|Sturdy|ElectroShot,DracoMeteor,FlashCannon,Protect|||F|||50|,,,,,Electric]Basculegion||FocusSash|Adaptability|Liquidation,LastRespects,AquaJet,Protect|||M|||50|,,,,,Ghost
|showteam|p2|Ursaluna||FlameOrb|Guts|Facade,HeadlongRush,Earthquake,Protect|||F|||50|,,,,,Ghost]Porygon2||Eviolite|Download|TeraBlast,IceBeam,Recover,TrickRoom||||||50|,,,,,Fighting]Gholdengo||MetalCoat|GoodasGold|MakeItRain,ShadowBall,NastyPlot,Protect||||||50|,,,,,Flying]Kilowattrel||FocusSash|Competitive|Thunderbolt,AirSlash,Tailwind,Protect|||M|||50|,,,,,Ghost]Amoonguss||SitrusBerry|Regenerator|PollenPuff,Spore,RagePowder,Protect|||F|||50|,,,,,Water]Incineroar||SafetyGoggles|Intimidate|FakeOut,FlareBlitz,KnockOff,PartingShot|||M|||50|,,,,,Ghost
|inactive|Battle timer is ON: inactive players will automatically lose when time's up. (requested by playrornds)
|inactive|Reeene has 60 seconds left.
|inactive|playrornds has 60 seconds left.
|inactive|playrornds has 30 seconds left.
|inactive|playrornds has 20 seconds left.
|inactive|playrornds has 15 seconds left.
|inactive|playrornds has 10 seconds left.
|inactive|playrornds has 5 seconds left.
|
|t:|1757200469
|teamsize|p1|4
|teamsize|p2|4
|start
|switch|p1a: Pelipper|Pelipper, L50, F|100/100
|switch|p1b: Archaludon|Archaludon, L50, F|100/100
|switch|p2a: Kilowattrel|Kilowattrel, L50, M|100/100
|switch|p2b: Ursaluna|Ursaluna, L50, F, shiny|100/100
|-weather|RainDance|[from] ability: Drizzle|[of] p1a: Pelipper
|turn|1
|inactive|Reeene has 30 seconds left.
|inactive|playrornds has 30 seconds left.
|inactive|playrornds has 20 seconds left.
|inactive|playrornds has 15 seconds left.
|inactive|playrornds has 10 seconds left.
|
|t:|1757200515
|switch|p1a: Ursaluna|Ursaluna-Bloodmoon, L50, M|100/100
|move|p2a: Kilowattrel|Protect|p2a: Kilowattrel
|-singleturn|p2a: Kilowattrel|Protect
|move|p2b: Ursaluna|Protect|p2b: Ursaluna
|-singleturn|p2b: Ursaluna|Protect
|move|p1b: Archaludon|Electro Shot||[still]
|-prepare|p1b: Archaludon|Electro Shot
|-boost|p1b: Archaludon|spa|1
|-anim|p1b: Archaludon|Electro Shot|p2a: Kilowattrel
|-activate|p2a: Kilowattrel|move: Protect
|
|-weather|RainDance|[upkeep]
|-status|p2b: Ursaluna|brn|[from] item: Flame Orb
|upkeep
|turn|2
|inactive|Reeene has 30 seconds left.
|inactive|playrornds has 30 seconds left.
|inactive|playrornds has 20 seconds left.
|inactive|playrornds has 15 seconds left.
|inactive|playrornds has 10 seconds left.
|inactive|playrornds has 5 seconds left.
|
|t:|1757200568
|move|p1b: Archaludon|Protect|p1b: Archaludon
|-singleturn|p1b: Archaludon|Protect
|move|p2a: Kilowattrel|Tailwind|p2a: Kilowattrel
|-sidestart|p2: playrornds|move: Tailwind
|move|p2b: Ursaluna|Facade|p1a: Ursaluna
|-damage|p1a: Ursaluna|5/100
|move|p1a: Ursaluna|Blood Moon|p2b: Ursaluna
|-damage|p2b: Ursaluna|23/100 brn
|
|-weather|RainDance|[upkeep]
|-damage|p2b: Ursaluna|17/100 brn|[from] brn
|upkeep
|turn|3
|inactive|playrornds has 30 seconds left.
|
|t:|1757200596
|-terastallize|p2b: Ursaluna|Ghost
|move|p1a: Ursaluna|Vacuum Wave|p2b: Ursaluna
|-damage|p2b: Ursaluna|2/100 brn
|move|p2a: Kilowattrel|Thunderbolt|p1b: Archaludon
|-resisted|p1b: Archaludon
|-damage|p1b: Archaludon|68/100
|move|p2b: Ursaluna|Earthquake|p1a: Ursaluna|[spread] p1a,p1b
|-immune|p2a: Kilowattrel
|-supereffective|p1b: Archaludon
|-damage|p1a: Ursaluna|0 fnt
|-damage|p1b: Archaludon|0 fnt
|faint|p1a: Ursaluna
|faint|p1b: Archaludon
|
|-weather|RainDance|[upkeep]
|-damage|p2b: Ursaluna|0 fnt|[from] brn
|faint|p2b: Ursaluna
|upkeep
|
|t:|1757200612
|switch|p1b: Pelipper|Pelipper, L50, F|100/100
|switch|p1a: Basculegion|Basculegion, L50, M|100/100
|switch|p2b: Incineroar|Incineroar, L50, M|100/100
|-ability|p2b: Incineroar|Intimidate|boost
|-unboost|p1a: Basculegion|atk|1
|-unboost|p1b: Pelipper|atk|1
|turn|4
|inactive|Reeene has 30 seconds left.
|inactive|playrornds has 30 seconds left.
|inactive|playrornds has 20 seconds left.
|inactive|playrornds has 15 seconds left.
|
|t:|1757200657
|switch|p2b: Amoonguss|Amoonguss, L50, F|100/100
|-terastallize|p1b: Pelipper|Steel
|move|p2a: Kilowattrel|Protect|p2a: Kilowattrel
|-singleturn|p2a: Kilowattrel|Protect
|move|p1a: Basculegion|Aqua Jet|p2b: Amoonguss
|-resisted|p2b: Amoonguss
|-damage|p2b: Amoonguss|90/100
|move|p1b: Pelipper|Muddy Water|p2b: Amoonguss|[spread] p2b
|-activate|p2a: Kilowattrel|move: Protect
|-resisted|p2b: Amoonguss
|-damage|p2b: Amoonguss|70/100
|
|-weather|RainDance|[upkeep]
|upkeep
|turn|5
|inactive|Reeene has 30 seconds left.
|inactive|playrornds has 30 seconds left.
|inactive|playrornds has 20 seconds left.
|inactive|playrornds has 15 seconds left.
|
|t:|1757200699
|move|p2b: Amoonguss|Protect|p2b: Amoonguss
|-singleturn|p2b: Amoonguss|Protect
|move|p2a: Kilowattrel|Tailwind||[still]
|-fail|p2a: Kilowattrel
|move|p1a: Basculegion|Last Respects|p2b: Amoonguss
|-activate|p2b: Amoonguss|move: Protect
|move|p1b: Pelipper|Muddy Water|p2b: Amoonguss|[spread] p2a
|-activate|p2b: Amoonguss|move: Protect
|-damage|p2a: Kilowattrel|21/100
|
|-weather|none
|-sideend|p2: playrornds|move: Tailwind
|upkeep
|turn|6
|c|☆playrornds|oh it just fails lmao
|inactive|playrornds has 30 seconds left.
|
|t:|1757200736
|move|p2a: Kilowattrel|Tailwind|p2a: Kilowattrel
|-sidestart|p2: playrornds|move: Tailwind
|move|p1a: Basculegion|Last Respects|p2b: Amoonguss
|-damage|p2b: Amoonguss|18/100
|-enditem|p2b: Amoonguss|Sitrus Berry|[eat]
|-heal|p2b: Amoonguss|43/100|[from] item: Sitrus Berry
|move|p2b: Amoonguss|Spore|p1a: Basculegion
|-status|p1a: Basculegion|slp|[from] move: Spore
|move|p1b: Pelipper|Muddy Water|p2a: Kilowattrel|[spread] p2a,p2b
|-resisted|p2b: Amoonguss
|-damage|p2a: Kilowattrel|0 fnt
|-damage|p2b: Amoonguss|30/100
|faint|p2a: Kilowattrel
|
|upkeep
|
|t:|1757200740
|switch|p2a: Incineroar|Incineroar, L50, M|100/100
|-ability|p2a: Incineroar|Intimidate|boost
|-unboost|p1a: Basculegion|atk|1
|-unboost|p1b: Pelipper|atk|1
|turn|7
|
|t:|1757200756
|move|p2a: Incineroar|Fake Out|p1b: Pelipper
|-resisted|p1b: Pelipper
|-damage|p1b: Pelipper|93/100
|-enditem|p1b: Pelipper|Jaboca Berry|[eat]
|-damage|p2a: Incineroar|88/100|[from] item: Jaboca Berry|[of] p1b: Pelipper
|cant|p1a: Basculegion|slp
|move|p2b: Amoonguss|Spore|p1b: Pelipper
|-status|p1b: Pelipper|slp|[from] move: Spore
|cant|p1b: Pelipper|slp
|
|upkeep
|turn|8
|inactive|playrornds has 30 seconds left.
|inactive|playrornds has 20 seconds left.
|inactive|playrornds has 15 seconds left.
|
|t:|1757200799
|move|p2a: Incineroar|Knock Off|p1a: Basculegion
|-supereffective|p1a: Basculegion
|-enditem|p1a: Basculegion|Focus Sash
|-damage|p1a: Basculegion|1/100 slp
|cant|p1a: Basculegion|slp
|move|p2b: Amoonguss|Pollen Puff|p2a: Incineroar
|-heal|p2a: Incineroar|100/100
|-curestatus|p1b: Pelipper|slp|[msg]
|move|p1b: Pelipper|Muddy Water|p2b: Amoonguss|[spread] p2a,p2b
|-supereffective|p2a: Incineroar
|-resisted|p2b: Amoonguss
|-damage|p2a: Incineroar|44/100
|-damage|p2b: Amoonguss|19/100
|-unboost|p2a: Incineroar|accuracy|1
|
|upkeep
|turn|9
|inactive|Reeene has 30 seconds left.
|inactive|playrornds has 30 seconds left.
|
|t:|1757200831
|cant|p1a: Basculegion|slp
|move|p2a: Incineroar|Flare Blitz|p1b: Pelipper
|-supereffective|p1b: Pelipper
|-damage|p1b: Pelipper|0 fnt
|faint|p1b: Pelipper
|-damage|p2a: Incineroar|21/100|[from] Recoil
|move|p2b: Amoonguss|Pollen Puff|p1a: Basculegion
|-resisted|p1a: Basculegion
|-damage|p1a: Basculegion|0 fnt
|faint|p1a: Basculegion
|
|win|playrornds
