|j|☆PatMatrick
|j|☆UndeadParadox
|html|PatMatrickUndeadParadox    
|uhtml|bestof|Game 1 of a best-of-3
|t:|1756785305
|gametype|doubles
|player|p1|PatMatrick|169|1040
|player|p2|UndeadParadox|guitarist|1164
|gen|9
|tier|[Gen 9] VGC 2025 Reg H (Bo3)
|rated|
|rule|Species Clause: Limit one of each Pokémon
|rule|Item Clause: Limit 1 of each item
|clearpoke
|poke|p1|Lilligant-Hisui, L50, F|
|poke|p1|Torkoal, L50, F|
|poke|p1|Indeedee-F, L50, F|
|poke|p1|Armarouge, L50, M|
|poke|p1|Ursaluna, L50, M|
|poke|p1|Hatterene, L50, F|
|poke|p2|Sneasler, L50, F|
|poke|p2|Rillaboom, L50, M|
|poke|p2|Incineroar, L50, M|
|poke|p2|Gholdengo, L50|
|poke|p2|Hydreigon, L50, F|
|poke|p2|Gengar, L50, F|
|teampreview|4
|showteam|p1|Lilligant-Hisui||FocusSash|Chlorophyll|SolarBlade,CloseCombat,SleepPowder,AfterYou|||F|||50|,,,,,Ghost]Torkoal||ChoiceSpecs|Drought|Eruption,HeatWave,Flamethrower,EarthPower|||F|||50|,,,,,Fire]Indeedee-F||PsychicSeed|PsychicSurge|DazzlingGleam,TrickRoom,HelpingHand,FollowMe|||F|||50|,,,,,Fairy]Armarouge||PowerHerb|FlashFire|ArmorCannon,ExpandingForce,MeteorBeam,TrickRoom|||M|||50|,,,,,Grass]Ursaluna||FlameOrb|Guts|HeadlongRush,Facade,BrickBreak,Protect|||M|||50|,,,,,Normal]Hatterene||LifeOrb|MagicBounce|ExpandingForce,MysticalFire,DazzlingGleam,TrickRoom|||F|||50|,,,,,Fairy
|showteam|p2|Sneasler||GrassySeed|Unburden|CloseCombat,DireClaw,Acrobatics,Protect|||F|||50|,,,,,Flying]Rillaboom||AssaultVest|GrassySurge|WoodHammer,GrassyGlide,FakeOut,HighHorsepower|||M|||50|,,,,,Fire]Incineroar||SafetyGoggles|Intimidate|FlareBlitz,KnockOff,PartingShot,FakeOut|||M|||50|,,,,,Ghost]Gholdengo||MetalCoat|GoodasGold|Protect,MakeItRain,ShadowBall,NastyPlot||||||50|,,,,,Water]Hydreigon||LifeOrb|Levitate|Flamethrower,DracoMeteor,DarkPulse,Protect|||F|||50|,,,,,Fire]Gengar||FocusSash|CursedBody|ShadowBall,Haze,Taunt,IcyWind|||F|||50|,,,,,Ghost
|
|t:|1756785337
|teamsize|p1|4
|teamsize|p2|4
|start
|switch|p1a: Lilligant|Lilligant-Hisui, L50, F|100/100
|switch|p1b: Torkoal|Torkoal, L50, F|100/100
|switch|p2a: Gholdengo|Gholdengo, L50, shiny|100/100
|switch|p2b: Gengar|Gengar, L50, F|100/100
|-weather|SunnyDay|[from] ability: Drought|[of] p1b: Torkoal
|turn|1
|inactive|Battle timer is ON: inactive players will automatically lose when time's up. (requested by PatMatrick)
|
|t:|1756785383
|-terastallize|p1b: Torkoal|Fire
|move|p2a: Gholdengo|Protect|p2a: Gholdengo
|-singleturn|p2a: Gholdengo|Protect
|move|p1a: Lilligant|After You|p1b: Torkoal
|-activate|p1b: Torkoal|move: After You
|move|p1b: Torkoal|Eruption|p2a: Gholdengo|[spread] p2b
|-activate|p2a: Gholdengo|move: Protect
|-enditem|p2b: Gengar|Focus Sash
|-damage|p2b: Gengar|1/100
|move|p2b: Gengar|Taunt|p1a: Lilligant
|-start|p1a: Lilligant|move: Taunt
|
|-weather|SunnyDay|[upkeep]
|upkeep
|turn|2
|inactive|PatMatrick has 30 seconds left.
|inactive|UndeadParadox has 30 seconds left.
|inactive|UndeadParadox has 20 seconds left.
|
|t:|1756785419
|switch|p1a: Ursaluna|Ursaluna, L50, M|100/100
|-terastallize|p2a: Gholdengo|Water
|move|p2b: Gengar|Shadow Ball|p1b: Torkoal
|-damage|p1b: Torkoal|46/100
|move|p2a: Gholdengo|Shadow Ball|p1b: Torkoal
|-damage|p1b: Torkoal|0 fnt
|faint|p1b: Torkoal
|
|-weather|SunnyDay|[upkeep]
|-status|p1a: Ursaluna|brn|[from] item: Flame Orb
|upkeep
|
|t:|1756785436
|switch|p1b: Lilligant|Lilligant-Hisui, L50, F|100/100
|turn|3
|
|t:|1756785460
|switch|p2b: Hydreigon|Hydreigon, L50, F, shiny|100/100
|move|p1b: Lilligant|Solar Blade||[still]
|-prepare|p1b: Lilligant|Solar Blade
|-anim|p1b: Lilligant|Solar Blade|p2a: Gholdengo
|-supereffective|p2a: Gholdengo
|-damage|p2a: Gholdengo|0 fnt
|faint|p2a: Gholdengo
|move|p1a: Ursaluna|Headlong Rush|p2b: Hydreigon
|-immune|p2b: Hydreigon|[from] ability: Levitate
|
|-weather|SunnyDay|[upkeep]
|-damage|p1a: Ursaluna|95/100 brn|[from] brn
|upkeep
|
|t:|1756785469
|switch|p2a: Incineroar|Incineroar, L50, M, shiny|100/100
|-ability|p2a: Incineroar|Intimidate|boost
|-unboost|p1a: Ursaluna|atk|1
|-unboost|p1b: Lilligant|atk|1
|turn|4
|
|t:|1756785485
|move|p1a: Ursaluna|Protect|p1a: Ursaluna
|-singleturn|p1a: Ursaluna|Protect
|move|p2a: Incineroar|Fake Out|p1b: Lilligant
|-damage|p1b: Lilligant|81/100
|cant|p1b: Lilligant|flinch
|move|p2b: Hydreigon|Draco Meteor|p1a: Ursaluna
|-activate|p1a: Ursaluna|move: Protect
|
|-weather|SunnyDay|[upkeep]
|-damage|p1a: Ursaluna|89/100 brn|[from] brn
|upkeep
|turn|5
|
|t:|1756785506
|switch|p2a: Gengar|Gengar, L50, F|1/100
|move|p2b: Hydreigon|Protect|p2b: Hydreigon
|-singleturn|p2b: Hydreigon|Protect
|move|p1b: Lilligant|Sleep Powder|p2b: Hydreigon
|-activate|p2b: Hydreigon|move: Protect
|move|p1a: Ursaluna|Headlong Rush|p2a: Gengar
|-supereffective|p2a: Gengar
|-damage|p2a: Gengar|0 fnt
|-unboost|p1a: Ursaluna|def|1
|-unboost|p1a: Ursaluna|spd|1
|-start|p1a: Ursaluna|Disable|Headlong Rush|[from] ability: Cursed Body|[of] p2a: Gengar
|faint|p2a: Gengar
|
|-weather|none
|-damage|p1a: Ursaluna|83/100 brn|[from] brn
|upkeep
|
|t:|1756785516
|switch|p2a: Incineroar|Incineroar, L50, M, shiny|100/100
|-ability|p2a: Incineroar|Intimidate|boost
|-unboost|p1a: Ursaluna|atk|1
|-unboost|p1b: Lilligant|atk|1
|turn|6
|inactive|UndeadParadox has 30 seconds left.
|
|t:|1756785546
|move|p2a: Incineroar|Fake Out|p1a: Ursaluna
|-damage|p1a: Ursaluna|68/100 brn
|move|p1b: Lilligant|Close Combat|p2a: Incineroar
|-supereffective|p2a: Incineroar
|-damage|p2a: Incineroar|47/100
|-unboost|p1b: Lilligant|def|1
|-unboost|p1b: Lilligant|spd|1
|move|p2b: Hydreigon|Flamethrower|p1b: Lilligant
|-supereffective|p1b: Lilligant
|-damage|p1b: Lilligant|0 fnt
|faint|p1b: Lilligant
|-damage|p2b: Hydreigon|91/100|[from] item: Life Orb
|cant|p1a: Ursaluna|flinch
|
|-damage|p1a: Ursaluna|62/100 brn|[from] brn
|upkeep
|
|t:|1756785560
|switch|p1b: Hatterene|Hatterene, L50, F|100/100
|turn|7
|
|t:|1756785581
|move|p2b: Hydreigon|Dark Pulse|p1b: Hatterene
|-damage|p1b: Hatterene|46/100
|-damage|p2b: Hydreigon|82/100|[from] item: Life Orb
|move|p2a: Incineroar|Flare Blitz|p1b: Hatterene
|-damage|p1b: Hatterene|0 fnt
|faint|p1b: Hatterene
|-damage|p2a: Incineroar|35/100|[from] Recoil
|move|p1a: Ursaluna|Facade|p2b: Hydreigon
|-damage|p2b: Hydreigon|13/100
|
|-damage|p1a: Ursaluna|56/100 brn|[from] brn
|upkeep
|turn|8
|
|t:|1756785597
|move|p2b: Hydreigon|Dark Pulse|p1a: Ursaluna
|-damage|p1a: Ursaluna|0 fnt
|faint|p1a: Ursaluna
|-damage|p2b: Hydreigon|3/100|[from] item: Life Orb
|
|win|UndeadParadox
||UndeadParadox is ready for game 2.
||PatMatrick is ready for game 2.
|uhtml|next|Next: Game 2 of 3
|l|☆PatMatrick
|player|p1|
