|j|☆Hemz0 0
|j|☆I am the Sweeper
|html|Hemz0 0I am the Sweeper    
|uhtml|bestof|Game 2 of a best-of-3
|t:|1756538769
|gametype|doubles
|player|p1|Hemz0 0|depotagent|1214
|player|p2|I am the Sweeper|janitor|1188
|gen|9
|tier|[Gen 9] VGC 2025 Reg H (Bo3)
|rated|
|rule|Species Clause: Limit one of each Pokémon
|rule|Item Clause: Limit 1 of each item
|clearpoke
|poke|p1|Pelipper, L50, F|
|poke|p1|Archaludon, L50, M|
|poke|p1|Incineroar, L50, M|
|poke|p1|Sneasler, L50, M|
|poke|p1|Rillaboom, L50, M|
|poke|p1|Gholdengo, L50|
|poke|p2|Garganacl, L50, F|
|poke|p2|Dondozo, L50, M|
|poke|p2|Sneasler, L50, F|
|poke|p2|Gholdengo, L50|
|poke|p2|Ninetales-Alola, L50, F|
|poke|p2|Incineroar, L50, M|
|teampreview|4
|showteam|p1|Pelipper||ChoiceScarf|Drizzle|WeatherBall,Hurricane,Tailwind,Uturn|||F|||50|,,,,,Ghost]Archaludon||PowerHerb|Sturdy|ElectroShot,DragonPulse,FlashCannon,Protect|||M|||50|,,,,,Electric]Incineroar||SafetyGoggles|Intimidate|Taunt,FakeOut,KnockOff,PartingShot|||M|||50|,,,,,Ghost]Sneasler||GrassySeed|Unburden|CloseCombat,DireClaw,ThroatChop,Protect|||M|||50|,,,,,Dark]Rillaboom||AssaultVest|GrassySurge|WoodHammer,GrassyGlide,FakeOut,HighHorsepower|||M|||50|,,,,,Fire]Gholdengo||MetalCoat|GoodasGold|ShadowBall,MakeItRain,NastyPlot,Protect||||||50|,,,,,Fighting
|showteam|p2|Garganacl||MarangaBerry|PurifyingSalt|SaltCure,StealthRock,Protect,Recover|||F|||50|,,,,,Flying]Dondozo||Leftovers|Unaware|Liquidation,Yawn,Curse,Protect|||M|||50|,,,,,Poison]Sneasler||FocusSash|PoisonTouch|DireClaw,CloseCombat,Coaching,Protect|||F|||50|,,,,,Ghost]Gholdengo||ChoiceScarf|GoodasGold|MakeItRain,ShadowBall,Trick,PowerGem||||||50|,,,,,Steel]Ninetales-Alola||NeverMeltIce|SnowWarning|Blizzard,FreezeDry,Protect,AuroraVeil|||F|||50|,,,,,Ice]Incineroar||AssaultVest|Intimidate|FlareBlitz,KnockOff,FakeOut,DrainPunch|||M|||50|,,,,,Grass
|
|t:|1756538825
|teamsize|p1|4
|teamsize|p2|4
|start
|switch|p1a: Gholdengo|Gholdengo, L50|100/100
|switch|p1b: Archaludon|Archaludon, L50, M|100/100
|switch|p2a: Garganacl|Garganacl, L50, F|100/100
|switch|p2b: Incineroar|Incineroar, L50, M|100/100
|-ability|p2b: Incineroar|Intimidate|boost
|-unboost|p1a: Gholdengo|atk|1
|-unboost|p1b: Archaludon|atk|1
|turn|1
|
|t:|1756538876
|-terastallize|p2a: Garganacl|Flying
|move|p1a: Gholdengo|Protect|p1a: Gholdengo
|-singleturn|p1a: Gholdengo|Protect
|move|p1b: Archaludon|Flash Cannon|p2a: Garganacl
|-damage|p2a: Garganacl|73/100
|-unboost|p2a: Garganacl|spd|1
|-enditem|p2a: Garganacl|Maranga Berry|[eat]
|-boost|p2a: Garganacl|spd|1|[from] item: Maranga Berry
|move|p2b: Incineroar|Flare Blitz|p1a: Gholdengo
|-activate|p1a: Gholdengo|move: Protect
|move|p2a: Garganacl|Salt Cure|p1b: Archaludon
|-resisted|p1b: Archaludon
|-damage|p1b: Archaludon|94/100
|-start|p1b: Archaludon|Salt Cure
|
|-damage|p1b: Archaludon|70/100|[from] Salt Cure
|upkeep
|turn|2
|inactive|Battle timer is ON: inactive players will automatically lose when time's up. (requested by Hemz0 0)
|inactive|Hemz0 0 has 60 seconds left.
|inactive|I am the Sweeper has 60 seconds left.
|
|t:|1756538916
|-terastallize|p1b: Archaludon|Electric
|move|p1b: Archaludon|Electro Shot||[still]
|-prepare|p1b: Archaludon|Electro Shot
|-boost|p1b: Archaludon|spa|1
|-enditem|p1b: Archaludon|Power Herb
|-anim|p1b: Archaludon|Electro Shot|p2b: Incineroar
|-damage|p2b: Incineroar|32/100
|move|p1a: Gholdengo|Nasty Plot|p1a: Gholdengo
|-boost|p1a: Gholdengo|spa|2
|move|p2b: Incineroar|Flare Blitz|p1a: Gholdengo
|-supereffective|p1a: Gholdengo
|-damage|p1a: Gholdengo|0 fnt
|faint|p1a: Gholdengo
|-damage|p2b: Incineroar|0 fnt|[from] Recoil
|faint|p2b: Incineroar
|move|p2a: Garganacl|Salt Cure|p1b: Archaludon
|-damage|p1b: Archaludon|58/100
|
|-damage|p1b: Archaludon|46/100|[from] Salt Cure
|upkeep
|
|t:|1756538936
|switch|p1a: Sabzi Wala|Rillaboom, L50, M, shiny|100/100
|switch|p2b: Gholdengo|Gholdengo, L50|100/100
|-fieldstart|move: Grassy Terrain|[from] ability: Grassy Surge|[of] p1a: Sabzi Wala
|turn|3
|inactive|I am the Sweeper has 30 seconds left.
|inactive|I am the Sweeper has 20 seconds left.
|inactive|I am the Sweeper has 15 seconds left.
|inactive|I am the Sweeper has 10 seconds left.
|
|t:|1756538985
|move|p2a: Garganacl|Protect|p2a: Garganacl
|-singleturn|p2a: Garganacl|Protect
|move|p1a: Sabzi Wala|Fake Out|p2b: Gholdengo
|-immune|p2b: Gholdengo
|move|p2b: Gholdengo|Trick|p1a: Sabzi Wala
|-activate|p2b: Gholdengo|move: Trick|[of] p1a: Sabzi Wala
|-item|p1a: Sabzi Wala|Choice Scarf|[from] move: Trick
|-item|p2b: Gholdengo|Assault Vest|[from] move: Trick
|move|p1b: Archaludon|Electro Shot||[still]
|-prepare|p1b: Archaludon|Electro Shot
|-boost|p1b: Archaludon|spa|1
|
|-heal|p1b: Archaludon|52/100|[from] Grassy Terrain
|-damage|p1b: Archaludon|40/100|[from] Salt Cure
|upkeep
|turn|4
|inactive|Hemz0 0 has 30 seconds left.
|inactive|I am the Sweeper has 30 seconds left.
|inactive|Hemz0 0 has 20 seconds left.
|inactive|I am the Sweeper has 20 seconds left.
|inactive|Hemz0 0 has 15 seconds left.
|inactive|I am the Sweeper has 15 seconds left.
|inactive|Hemz0 0 has 10 seconds left.
|inactive|I am the Sweeper has 10 seconds left.
|inactive|Hemz0 0 has 5 seconds left.
|inactive|I am the Sweeper has 5 seconds left.
|
|t:|1756539037
|move|p1a: Sabzi Wala|High Horsepower|p2b: Gholdengo
|-supereffective|p2b: Gholdengo
|-damage|p2b: Gholdengo|26/100
|move|p1b: Archaludon|Electro Shot|p2a: Garganacl|[from] lockedmove
|-supereffective|p2a: Garganacl
|-damage|p2a: Garganacl|0 fnt
|faint|p2a: Garganacl
|move|p2b: Gholdengo|Make It Rain|p1a: Sabzi Wala|[spread] p1a,p1b
|-resisted|p1b: Archaludon
|-damage|p1a: Sabzi Wala|50/100
|-damage|p1b: Archaludon|4/100
|-unboost|p2b: Gholdengo|spa|1
|
|-heal|p1a: Sabzi Wala|56/100|[from] Grassy Terrain
|-heal|p1b: Archaludon|10/100|[from] Grassy Terrain
|-heal|p2b: Gholdengo|32/100|[from] Grassy Terrain
|-damage|p1b: Archaludon|0 fnt|[from] Salt Cure
|faint|p1b: Archaludon
|upkeep
|
|t:|1756539061
|switch|p1b: Sneasler|Sneasler, L50, M|100/100
|switch|p2a: Ninetales|Ninetales-Alola, L50, F|100/100
|-weather|Snowscape|[from] ability: Snow Warning|[of] p2a: Ninetales
|-enditem|p1b: Sneasler|Grassy Seed
|-boost|p1b: Sneasler|def|1|[from] item: Grassy Seed
|turn|5
|inactive|Hemz0 0 has 30 seconds left.
|inactive|Hemz0 0 has 20 seconds left.
|
|t:|1756539100
|move|p1b: Sneasler|Dire Claw|p2a: Ninetales
|-supereffective|p2a: Ninetales
|-damage|p2a: Ninetales|22/100
|-status|p2a: Ninetales|par
|move|p1a: Sabzi Wala|High Horsepower|p2b: Gholdengo
|-supereffective|p2b: Gholdengo
|-damage|p2b: Gholdengo|0 fnt
|faint|p2b: Gholdengo
|move|p2a: Ninetales|Blizzard|p1b: Sneasler|[spread] p1a,p1b
|-supereffective|p1a: Sabzi Wala
|-damage|p1a: Sabzi Wala|0 fnt
|-damage|p1b: Sneasler|48/100
|faint|p1a: Sabzi Wala
|
|-weather|Snowscape|[upkeep]
|-heal|p1b: Sneasler|54/100|[from] Grassy Terrain
|-heal|p2a: Ninetales|28/100 par|[from] Grassy Terrain
|upkeep
|turn|6
|c|☆Hemz0 0|gg
|
|t:|1756539117
|move|p1b: Sneasler|Dire Claw|p2a: Ninetales
|-supereffective|p2a: Ninetales
|-damage|p2a: Ninetales|0 fnt
|faint|p2a: Ninetales
|
|win|Hemz0 0
|raw|Hemz0 0's rating: 1214 → 1237(+23 for winning)
|raw|I am the Sweeper's rating: 1188 → 1165(-23 for losing)
|c|☆I am the Sweeper|gg
|l|☆Hemz0 0
|player|p1|
