|j|☆Nero22dd
|j|☆MafiaPolar6242
|html|Nero22ddMafiaPolar6242    
|uhtml|bestof|Game 2 of a best-of-3
|t:|1782409903
|gametype|doubles
|player|p1|Nero22dd|266|
|player|p2|MafiaPolar6242|pokemaniac|
|gen|9
|tier|[Gen 9 Champions] VGC 2026 Reg M-B (Bo3)
|rule|Species Clause: Limit one of each Pokémon
|rule|Item Clause: Limit 1 of each item
|clearpoke
|poke|p1|Glimmora, L50, M|
|poke|p1|Staraptor, L50, F|
|poke|p1|Sinistcha, L50|
|poke|p1|Blaziken, L50, F|
|poke|p1|Meowscarada, L50, M|
|poke|p1|Incineroar, L50, F|
|poke|p2|Starmie, L50|
|poke|p2|Tyranitar, L50, M|
|poke|p2|Aegislash, L50, F|
|poke|p2|Excadrill, L50, F|
|poke|p2|Kingambit, L50, M|
|poke|p2|Incineroar, L50, F|
|teampreview|4
|showteam|p1|Glimmora||FocusSash|ToxicDebris|MortalSpin,Protect,MeteorBeam,StealthRock|Relaxed||M|||50|]Staraptor||Staraptite|Intimidate|CloseCombat,Fly,BlazeKick|Adamant||F|||50|]Sinistcha||SitrusBerry|Hospitality|Memento,EnergyBall,ShadowBall,StrengthSap|Modest|||||50|]Blaziken||Charcoal|SpeedBoost|BlazeKick,BrickBreak,StoneEdge,ThunderPunch|Adamant||F|||50|]Meowscarada||LifeOrb|Protean|FlowerTrick,PlayRough,KnockOff,Uturn|Jolly||M|||50|]Incineroar||Leftovers|Intimidate|FirePunch,CrossChop,Earthquake,FakeOut|Adamant||F|||50|
|showteam|p2|Starmie||Starminite|Illuminate|Protect,AquaJet,FlipTurn,PsychoCut|Jolly|||||50|]Tyranitar||KingsRock|SandStream|Protect,Crunch,RockSlide,Earthquake|Adamant||M|||50|]Aegislash||Leftovers|StanceChange|KingsShield,WideGuard,Poltergeist,SacredSword|Careful||F|||50|]Excadrill||LifeOrb|SandRush|Earthquake,RockSlide,Protect,IronHead|Adamant||F|||50|]Kingambit||ChopleBerry|Defiant|Protect,SuckerPunch,BrickBreak,IronHead|Impish||M|||50|]Incineroar||Charcoal|Intimidate|Protect,PartingShot,FakeOut,FlareBlitz|Careful||F|||50|
|inactive|Battle timer is ON: inactive players will automatically lose when time's up. (requested by Nero22dd)
|
|t:|1782409950
|teamsize|p1|4
|teamsize|p2|4
|start
|switch|p1a: Glimmora|Glimmora, L50, M|100/100
|switch|p1b: Incineroar|Incineroar, L50, F|100/100
|switch|p2a: Incineroar|Incineroar, L50, F|100/100
|switch|p2b: Kingambit|Kingambit, L50, M|100/100
|-ability|p2a: Incineroar|Intimidate|boost
|-unboost|p1a: Glimmora|atk|1
|-unboost|p1b: Incineroar|atk|1
|-ability|p1b: Incineroar|Intimidate|boost
|-unboost|p2a: Incineroar|atk|1
|-unboost|p2b: Kingambit|atk|1
|-ability|p2b: Kingambit|Defiant|boost
|-boost|p2b: Kingambit|atk|2
|turn|1
|inactive|MafiaPolar6242 has 30 seconds left.
|
|t:|1782409978
|move|p1b: Incineroar|Fake Out|p2a: Incineroar
|-damage|p2a: Incineroar|90/100
|cant|p2a: Incineroar|flinch
|move|p1a: Glimmora|Mortal Spin|p2b: Kingambit|[spread] p2a
|-immune|p2b: Kingambit
|-damage|p2a: Incineroar|87/100
|-status|p2a: Incineroar|psn
|move|p2b: Kingambit|Brick Break|p1b: Incineroar
|-supereffective|p1b: Incineroar|1
|-damage|p1b: Incineroar|34/100
|
|-heal|p1b: Incineroar|40/100|[from] item: Leftovers
|-damage|p2a: Incineroar|74/100 psn|[from] psn
|upkeep
|turn|2
|
|t:|1782409996
|move|p2b: Kingambit|Protect|p2b: Kingambit
|-singleturn|p2b: Kingambit|Protect
|move|p1a: Glimmora|Meteor Beam||[still]
|-prepare|p1a: Glimmora|Meteor Beam
|-boost|p1a: Glimmora|spa|1
|move|p2a: Incineroar|Parting Shot|p1b: Incineroar
|-unboost|p1b: Incineroar|atk|1
|-unboost|p1b: Incineroar|spa|1
|
|t:|1782410007
|switch|p2a: Tyranitar|Tyranitar, L50, M|100/100|[from] Parting Shot
|-weather|Sandstorm|[from] ability: Sand Stream|[of] p2a: Tyranitar
|move|p1b: Incineroar|Cross Chop|p2b: Kingambit
|-activate|p2b: Kingambit|move: Protect
|
|-weather|Sandstorm|[upkeep]
|-damage|p1b: Incineroar|34/100|[from] Sandstorm
|-heal|p1b: Incineroar|40/100|[from] item: Leftovers
|upkeep
|turn|3
|
|t:|1782410020
|move|p2a: Tyranitar|Rock Slide|p1b: Incineroar|[spread] p1a,p1b
|-supereffective|p1b: Incineroar|1
|-damage|p1a: Glimmora|75/100
|-damage|p1b: Incineroar|0 fnt
|-activate|p1a: Glimmora|ability: Toxic Debris
|-sidestart|p2: MafiaPolar6242|move: Toxic Spikes
|faint|p1b: Incineroar
|move|p1a: Glimmora|Meteor Beam|p2a: Tyranitar|[from] lockedmove
|-damage|p2a: Tyranitar|46/100
|move|p2b: Kingambit|Iron Head|p1a: Glimmora
|-supereffective|p1a: Glimmora|1
|-damage|p1a: Glimmora|0 fnt
|-activate|p1a: Glimmora|ability: Toxic Debris
|-sidestart|p2: MafiaPolar6242|move: Toxic Spikes
|faint|p1a: Glimmora
|
|-weather|Sandstorm|[upkeep]
|upkeep
|
|t:|1782410024
|switch|p1a: Meowscarada|Meowscarada, L50, M|100/100
|switch|p1b: Blaziken|Blaziken, L50, F|100/100
|turn|4
|inactive|MafiaPolar6242 has 30 seconds left.
|
|t:|1782410058
|switch|p2a: Incineroar|Incineroar, L50, F|74/100 psn
|-ability|p2a: Incineroar|Intimidate|boost
|-unboost|p1a: Meowscarada|atk|1
|-unboost|p1b: Blaziken|atk|1
|move|p2b: Kingambit|Protect|p2b: Kingambit
|-singleturn|p2b: Kingambit|Protect
|move|p1a: Meowscarada|Flower Trick|p2a: Incineroar
|-start|p1a: Meowscarada|typechange|Grass|[from] ability: Protean
|-resisted|p2a: Incineroar|1
|-crit|p2a: Incineroar
|-damage|p2a: Incineroar|46/100 psn
|-damage|p1a: Meowscarada|90/100|[from] item: Life Orb
|move|p1b: Blaziken|Brick Break|p2b: Kingambit
|-activate|p2b: Kingambit|move: Protect
|
|-weather|Sandstorm|[upkeep]
|-damage|p1a: Meowscarada|84/100|[from] Sandstorm
|-damage|p1b: Blaziken|94/100|[from] Sandstorm
|-damage|p2a: Incineroar|40/100 psn|[from] Sandstorm
|-damage|p2a: Incineroar|28/100 psn|[from] psn
|-ability|p1b: Blaziken|Speed Boost|boost
|-boost|p1b: Blaziken|spe|1
|upkeep
|turn|5
|inactive|MafiaPolar6242 has 30 seconds left.
|
|t:|1782410092
|move|p2a: Incineroar|Fake Out|p1b: Blaziken
|-damage|p1b: Blaziken|77/100
|cant|p1b: Blaziken|flinch
|move|p1a: Meowscarada|Play Rough|p2a: Incineroar
|-damage|p2a: Incineroar|3/100 psn
|-damage|p1a: Meowscarada|74/100|[from] item: Life Orb
|move|p2b: Kingambit|Iron Head|p1a: Meowscarada
|-damage|p1a: Meowscarada|0 fnt
|faint|p1a: Meowscarada
|
|-weather|Sandstorm|[upkeep]
|-damage|p1b: Blaziken|71/100|[from] Sandstorm
|-damage|p2a: Incineroar|0 fnt|[from] Sandstorm
|faint|p2a: Incineroar
|-ability|p1b: Blaziken|Speed Boost|boost
|-boost|p1b: Blaziken|spe|1
|upkeep
|
|t:|1782410105
|switch|p2a: Excadrill|Excadrill, L50, F|100/100
|turn|6
|inactive|MafiaPolar6242 has 30 seconds left.
|inactive|MafiaPolar6242 has 20 seconds left.
|
|t:|1782410141
|move|p2a: Excadrill|Protect|p2a: Excadrill
|-singleturn|p2a: Excadrill|Protect
|move|p1b: Blaziken|Brick Break|p2b: Kingambit
|-supereffective|p2b: Kingambit|2
|-enditem|p2b: Kingambit|Chople Berry|[eat]
|-enditem|p2b: Kingambit|Chople Berry|[weaken]
|-damage|p2b: Kingambit|70/100
|move|p2b: Kingambit|Brick Break|p1b: Blaziken
|-damage|p1b: Blaziken|15/100
|
|-weather|none
|-ability|p1b: Blaziken|Speed Boost|boost
|-boost|p1b: Blaziken|spe|1
|upkeep
|turn|7
|
|t:|1782410153
|move|p2b: Kingambit|Sucker Punch|p1b: Blaziken
|-resisted|p1b: Blaziken|1
|-damage|p1b: Blaziken|0 fnt
|faint|p1b: Blaziken
|
|win|MafiaPolar6242
