|j|☆chineseobama
|j|☆mcat sh1tt3r
|html|chineseobamamcat sh1tt3r    
|uhtml|bestof|Game 2 of a best-of-3
|t:|1757634791
|gametype|doubles
|player|p1|chineseobama|lucas|1000
|player|p2|mcat sh1tt3r|170|1072
|gen|9
|tier|[Gen 9] VGC 2025 Reg H (Bo3)
|rated|
|rule|Species Clause: Limit one of each Pokémon
|rule|Item Clause: Limit 1 of each item
|clearpoke
|poke|p1|Ursaluna, L50, F|
|poke|p1|Porygon2, L50|
|poke|p1|Amoonguss, L50, M|
|poke|p1|Incineroar, L50, M|
|poke|p1|Archaludon, L50, M|
|poke|p1|Sneasler, L50, F|
|poke|p2|Dragonite, L50, M|
|poke|p2|Sneasler, L50, M|
|poke|p2|Indeedee, L50, M|
|poke|p2|Ursaluna-Bloodmoon, L50, M|
|poke|p2|Archaludon, L50, M|
|poke|p2|Weezing-Galar, L50, F|
|teampreview|4
|showteam|p1|Ursaluna||FlameOrb|Guts|Facade,HeadlongRush,Earthquake,Protect|||F|||50|,,,,,Ghost]Porygon2||Eviolite|Download|TeraBlast,IceBeam,Recover,TrickRoom||||||50|,,,,,Flying]Amoonguss||SitrusBerry|Regenerator|Spore,RagePowder,PollenPuff,Protect|||M|||50|,,,,,Water]Incineroar||SafetyGoggles|Intimidate|KnockOff,FakeOut,PartingShot,FlareBlitz|||M|||50|,,,,,Ghost]Archaludon||PowerHerb|Stalwart|ElectroShot,Thunderbolt,DracoMeteor,Protect|||M|||50|,,,,,Electric]Sneasler||FocusSash|Unburden|CloseCombat,DireClaw,ThroatChop,Protect|||F|||50|,,,,,Dark
|showteam|p2|Dragonite||LoadedDice|Multiscale|ScaleShot,Encore,Tailwind,Protect|||M|||50|,,,,,Fairy]Sneasler||PsychicSeed|Unburden|CloseCombat,DireClaw,ThroatChop,Protect|||M|||50|,,,,,Stellar]Indeedee||ChoiceScarf|PsychicSurge|ExpandingForce,Psyshock,Trick,TeraBlast|||M|||50|,,,,,Psychic]Ursaluna-Bloodmoon||LifeOrb|MindsEye|BloodMoon,EarthPower,HyperVoice,Protect|||M|||50|,,,,,Water]Archaludon||PowerHerb|Sturdy|ElectroShot,DracoMeteor,FlashCannon,Protect|||M|||50|,,,,,Grass]Weezing-Galar||ChoiceSpecs|NeutralizingGas|StrangeSteam,SludgeBomb,DazzlingGleam,Taunt|||F|||50|,,,,,Water
|inactive|Battle timer is ON: inactive players will automatically lose when time's up. (requested by mcat sh1tt3r)
|
|t:|1757634810
|teamsize|p1|4
|teamsize|p2|4
|start
|switch|p1a: Incineroar|Incineroar, L50, M|100/100
|switch|p1b: Porygon2|Porygon2, L50|100/100
|switch|p2a: Sneasler|Sneasler, L50, M, shiny|100/100
|switch|p2b: Indeedee|Indeedee, L50, M, shiny|100/100
|-fieldstart|move: Psychic Terrain|[from] ability: Psychic Surge|[of] p2b: Indeedee
|-enditem|p2a: Sneasler|Psychic Seed
|-boost|p2a: Sneasler|spd|1|[from] item: Psychic Seed
|-ability|p1b: Porygon2|Download|boost
|-boost|p1b: Porygon2|atk|1
|-ability|p1a: Incineroar|Intimidate|boost
|-unboost|p2a: Sneasler|atk|1
|-unboost|p2b: Indeedee|atk|1
|turn|1
|inactive|chineseobama has 30 seconds left.
|inactive|chineseobama has 20 seconds left.
|inactive|chineseobama has 15 seconds left.
|inactive|chineseobama has 10 seconds left.
|inactive|chineseobama has 5 seconds left.
|
|t:|1757634861
|switch|p1b: Amoonguss|Amoonguss, L50, M|100/100
|move|p2a: Sneasler|Close Combat|p1a: Incineroar
|-supereffective|p1a: Incineroar
|-damage|p1a: Incineroar|10/100
|-unboost|p2a: Sneasler|def|1
|-unboost|p2a: Sneasler|spd|1
|move|p2b: Indeedee|Trick|p1b: Amoonguss
|-activate|p2b: Indeedee|move: Trick|[of] p1b: Amoonguss
|-item|p1b: Amoonguss|Choice Scarf|[from] move: Trick
|-item|p2b: Indeedee|Sitrus Berry|[from] move: Trick
|move|p1a: Incineroar|Knock Off|p2b: Indeedee
|-supereffective|p2b: Indeedee
|-damage|p2b: Indeedee|0 fnt
|-enditem|p2b: Indeedee|Sitrus Berry|[from] move: Knock Off|[of] p1a: Incineroar
|faint|p2b: Indeedee
|
|upkeep
|
|t:|1757634876
|switch|p2b: Ursaluna|Ursaluna-Bloodmoon, L50, M|100/100
|turn|2
|
|t:|1757634882
|switch|p2a: Archaludon|Archaludon, L50, M, shiny|100/100
|move|p2b: Ursaluna|Protect|p2b: Ursaluna
|-singleturn|p2b: Ursaluna|Protect
|move|p1b: Amoonguss|Spore|p2b: Ursaluna
|-activate|p2b: Ursaluna|move: Protect
|move|p1a: Incineroar|Flare Blitz|p2a: Archaludon
|-damage|p2a: Archaludon|50/100
|-status|p2a: Archaludon|brn
|-damage|p1a: Incineroar|0 fnt|[from] Recoil
|faint|p1a: Incineroar
|
|-damage|p2a: Archaludon|44/100 brn|[from] brn
|upkeep
|
|t:|1757634889
|switch|p1a: Porygon2|Porygon2, L50|100/100
|-ability|p1a: Porygon2|Download|boost
|-boost|p1a: Porygon2|spa|1
|turn|3
|
|t:|1757634908
|move|p2a: Archaludon|Draco Meteor|p1a: Porygon2
|-damage|p1a: Porygon2|58/100
|-unboost|p2a: Archaludon|spa|2
|move|p2b: Ursaluna|Blood Moon|p1a: Porygon2
|-damage|p1a: Porygon2|0 fnt
|faint|p1a: Porygon2
|-damage|p2b: Ursaluna|91/100|[from] item: Life Orb
|move|p1b: Amoonguss|Spore|p2b: Ursaluna
|-status|p2b: Ursaluna|slp|[from] move: Spore
|
|-damage|p2a: Archaludon|37/100 brn|[from] brn
|upkeep
|
|t:|1757634915
|switch|p1a: Ursaluna|Ursaluna, L50, F|100/100
|turn|4
|
|t:|1757634938
|switch|p2a: Sneasler|Sneasler, L50, M, shiny|100/100
|cant|p2b: Ursaluna|slp
|move|p1b: Amoonguss|Spore|p2b: Ursaluna
|-fail|p2b: Ursaluna|slp
|move|p1a: Ursaluna|Earthquake|p2a: Sneasler|[spread] p1b,p2a,p2b
|-supereffective|p2a: Sneasler
|-damage|p1b: Amoonguss|67/100
|-damage|p2a: Sneasler|0 fnt
|-damage|p2b: Ursaluna|58/100 slp
|faint|p2a: Sneasler
|
|-status|p1a: Ursaluna|brn|[from] item: Flame Orb
|upkeep
|
|t:|1757634948
|switch|p2a: Archaludon|Archaludon, L50, M, shiny|37/100 brn
|turn|5
|
|t:|1757634965
|-terastallize|p2a: Archaludon|Grass
|cant|p2b: Ursaluna|slp
|move|p1a: Ursaluna|Protect|p1a: Ursaluna
|-singleturn|p1a: Ursaluna|Protect
|move|p2a: Archaludon|Draco Meteor|p1b: Amoonguss
|-crit|p1b: Amoonguss
|-damage|p1b: Amoonguss|0 fnt
|-unboost|p2a: Archaludon|spa|2
|faint|p1b: Amoonguss
|
|-damage|p2a: Archaludon|31/100 brn|[from] brn
|-damage|p1a: Ursaluna|95/100 brn|[from] brn
|-fieldend|move: Psychic Terrain
|upkeep
|turn|6
|
|t:|1757634985
|move|p2a: Archaludon|Draco Meteor|p1a: Ursaluna
|-damage|p1a: Ursaluna|64/100 brn
|-unboost|p2a: Archaludon|spa|2
|-curestatus|p2b: Ursaluna|slp|[msg]
|move|p2b: Ursaluna|Hyper Voice|p1a: Ursaluna
|-damage|p1a: Ursaluna|1/100 brn
|-damage|p2b: Ursaluna|48/100|[from] item: Life Orb
|move|p1a: Ursaluna|Earthquake|p2a: Archaludon|[spread] p2a,p2b
|-resisted|p2a: Archaludon
|-damage|p2a: Archaludon|3/100 brn
|-damage|p2b: Ursaluna|0 fnt
|faint|p2b: Ursaluna
|
|-damage|p2a: Archaludon|0 fnt|[from] brn
|faint|p2a: Archaludon
|
|win|chineseobama
|raw|chineseobama's rating: 1000 → 1048(+48 for winning)
|raw|mcat sh1tt3r's rating: 1072 → 1047(-25 for losing)
