|j|☆Bujero A subir
|j|☆PlayzNSlayz
|html|Bujero A subirPlayzNSlayz    
|uhtml|bestof|Game 1 of a best-of-3
|t:|1756491442
|gametype|doubles
|player|p1|Bujero A subir|acetrainercouple|1076
|player|p2|PlayzNSlayz|parasollady|1000
|gen|9
|tier|[Gen 9] VGC 2025 Reg H (Bo3)
|rated|
|rule|Species Clause: Limit one of each Pokémon
|rule|Item Clause: Limit 1 of each item
|clearpoke
|poke|p1|Rillaboom, L50, M|
|poke|p1|Kingambit, L50, M|
|poke|p1|Sneasler, L50, M|
|poke|p1|Electabuzz, L50, M|
|poke|p1|Dragonite, L50, M|
|poke|p1|Volcarona, L50, M|
|poke|p2|Indeedee-F, L50, F|
|poke|p2|Hatterene, L50, F|
|poke|p2|Gallade, L50, M|
|poke|p2|Ursaluna, L50, M|
|poke|p2|Lilligant-Hisui, L50, F|
|poke|p2|Torkoal, L50, M|
|teampreview|4
|showteam|p1|Rillaboom||AssaultVest|GrassySurge|FakeOut,WoodHammer,HighHorsepower,GrassyGlide|||M|||50|,,,,,Fire]Kingambit||BlackGlasses|Defiant|KowtowCleave,SuckerPunch,SwordsDance,Protect|||M|||50|,,,,,Dark]Sneasler||GrassySeed|Unburden|CloseCombat,DireClaw,Protect,Coaching|||M|||50|,,,,,Stellar]Electabuzz||Eviolite|VitalSpirit|Electroweb,Taunt,FollowMe,Protect|||M|||50|,,,,,Dragon]Dragonite||LoadedDice|Multiscale|ScaleShot,Tailwind,Protect,Haze|||M|||50|,,,,,Fairy]Volcarona||CovertCloak|FlameBody|QuiverDance,TeraBlast,HeatWave,Protect|||M|||50|,,,,,Fairy
|showteam|p2|Indeedee-F||PsychicSeed|PsychicSurge|TrickRoom,FollowMe,HelpingHand,DazzlingGleam|||F|||50|,,,,,Fire]Hatterene||LifeOrb|MagicBounce|ExpandingForce,TrickRoom,DazzlingGleam,Protect|||F|||50|,,,,,Psychic]Gallade||ClearAmulet|Sharpness|PsychoCut,TrickRoom,SacredSword,WideGuard|||M|||50|,,,,,Grass]Ursaluna||FlameOrb|Guts|HeadlongRush,Facade,SwordsDance,Protect|||M|||50|,,,,,Ghost]Lilligant-Hisui||FocusSash|Chlorophyll|SolarBlade,SleepPowder,CloseCombat,AfterYou|||F|||50|,,,,,Ghost]Torkoal||ChoiceSpecs|Drought|Eruption,HeatWave,WeatherBall,EarthPower|||M|||50|,,,,,Fire
|inactive|Battle timer is ON: inactive players will automatically lose when time's up. (requested by PlayzNSlayz)
|
|t:|1756491491
|teamsize|p1|4
|teamsize|p2|4
|start
|switch|p1a: Kingambit|Kingambit, L50, M, shiny|100/100
|switch|p1b: Rillaboom|Rillaboom, L50, M, shiny|100/100
|switch|p2a: Torkoal|Torkoal, L50, M, shiny|100/100
|switch|p2b: Lilligant|Lilligant-Hisui, L50, F, shiny|100/100
|-fieldstart|move: Grassy Terrain|[from] ability: Grassy Surge|[of] p1b: Rillaboom
|-weather|SunnyDay|[from] ability: Drought|[of] p2a: Torkoal
|turn|1
|inactive|Bujero A subir has 30 seconds left.
|inactive|Bujero A subir has 20 seconds left.
|inactive|Bujero A subir has 15 seconds left.
|
|t:|1756491535
|-terastallize|p1a: Kingambit|Dark
|-terastallize|p2a: Torkoal|Fire
|move|p1b: Rillaboom|Fake Out|p2b: Lilligant
|-damage|p2b: Lilligant|79/100
|cant|p2b: Lilligant|flinch
|move|p1a: Kingambit|Kowtow Cleave|p2a: Torkoal
|-damage|p2a: Torkoal|41/100
|move|p2a: Torkoal|Eruption|p1b: Rillaboom|[spread] p1a,p1b
|-supereffective|p1b: Rillaboom
|-damage|p1a: Kingambit|37/100
|-damage|p1b: Rillaboom|14/100
|
|-weather|SunnyDay|[upkeep]
|-heal|p2b: Lilligant|85/100|[from] Grassy Terrain
|-heal|p1b: Rillaboom|20/100|[from] Grassy Terrain
|-heal|p1a: Kingambit|43/100|[from] Grassy Terrain
|-heal|p2a: Torkoal|47/100|[from] Grassy Terrain
|upkeep
|turn|2
|inactive|Bujero A subir has 30 seconds left.
|
|t:|1756491566
|move|p1a: Kingambit|Protect|p1a: Kingambit
|-singleturn|p1a: Kingambit|Protect
|move|p2b: Lilligant|Close Combat|p1b: Rillaboom
|-damage|p1b: Rillaboom|0 fnt
|-unboost|p2b: Lilligant|def|1
|-unboost|p2b: Lilligant|spd|1
|faint|p1b: Rillaboom
|move|p2a: Torkoal|Eruption|p1a: Kingambit
|-activate|p1a: Kingambit|move: Protect
|
|-weather|SunnyDay|[upkeep]
|-heal|p2b: Lilligant|91/100|[from] Grassy Terrain
|-heal|p1a: Kingambit|49/100|[from] Grassy Terrain
|-heal|p2a: Torkoal|53/100|[from] Grassy Terrain
|upkeep
|
|t:|1756491582
|switch|p1b: Volcarona|Volcarona, L50, M|100/100
|turn|3
|inactive|PlayzNSlayz has 30 seconds left.
|
|t:|1756491611
|switch|p1a: Dragonite|Dragonite, L50, M, shiny|100/100
|move|p2b: Lilligant|Solar Blade||[still]
|-prepare|p2b: Lilligant|Solar Blade
|-anim|p2b: Lilligant|Solar Blade|p1a: Dragonite
|-resisted|p1a: Dragonite
|-damage|p1a: Dragonite|90/100
|move|p1b: Volcarona|Heat Wave|p2a: Torkoal|[spread] p2a,p2b
|-resisted|p2a: Torkoal
|-supereffective|p2b: Lilligant
|-damage|p2a: Torkoal|20/100
|-damage|p2b: Lilligant|0 fnt
|faint|p2b: Lilligant
|move|p2a: Torkoal|Eruption|p1b: Volcarona|[spread] p1a,p1b
|-resisted|p1a: Dragonite
|-damage|p1a: Dragonite|74/100
|-damage|p1b: Volcarona|74/100
|
|-weather|SunnyDay|[upkeep]
|-heal|p1b: Volcarona|80/100|[from] Grassy Terrain
|-heal|p2a: Torkoal|26/100|[from] Grassy Terrain
|upkeep
|
|t:|1756491627
|switch|p2b: Indeedee|Indeedee-F, L50, F, shiny|100/100
|-fieldstart|move: Psychic Terrain|[from] ability: Psychic Surge|[of] p2b: Indeedee
|-enditem|p2b: Indeedee|Psychic Seed
|-boost|p2b: Indeedee|spd|1|[from] item: Psychic Seed
|turn|4
|
|t:|1756491640
|move|p1b: Volcarona|Heat Wave|p2b: Indeedee|[spread] p2a,p2b
|-resisted|p2a: Torkoal
|-crit|p2b: Indeedee
|-damage|p2a: Torkoal|0 fnt
|-damage|p2b: Indeedee|17/100
|-status|p2b: Indeedee|brn
|faint|p2a: Torkoal
|move|p1a: Dragonite|Scale Shot|p2b: Indeedee
|-damage|p2b: Indeedee|2/100 brn
|-damage|p2b: Indeedee|0 fnt
|faint|p2b: Indeedee
|-hitcount|p2: Indeedee|2
|-unboost|p1a: Dragonite|def|1
|-boost|p1a: Dragonite|spe|1
|
|-weather|SunnyDay|[upkeep]
|upkeep
|
|t:|1756491654
|switch|p2b: Hatterene|Hatterene, L50, F, shiny|100/100
|turn|5
|
|t:|1756491675
|move|p1a: Dragonite|Tailwind|p1a: Dragonite
|-sidestart|p1: Bujero A subir|move: Tailwind
|move|p1b: Volcarona|Heat Wave|p2b: Hatterene
|-damage|p2b: Hatterene|21/100
|move|p2b: Hatterene|Expanding Force|p1b: Volcarona|[spread] p1a,p1b
|-damage|p1a: Dragonite|0 fnt
|-damage|p1b: Volcarona|0 fnt
|faint|p1a: Dragonite
|faint|p1b: Volcarona
|-damage|p2b: Hatterene|11/100|[from] item: Life Orb
|
|-weather|none
|upkeep
|
|t:|1756491684
|switch|p1b: Kingambit|Kingambit, L50, M, shiny, tera:Dark|49/100
|turn|6
|
|t:|1756491691
|move|p1b: Kingambit|Kowtow Cleave|p2b: Hatterene
|-damage|p2b: Hatterene|0 fnt
|faint|p2b: Hatterene
|
|win|Bujero A subir
||Bujero A subir is ready for game 2.
||PlayzNSlayz is ready for game 2.
|uhtml|next|Next: Game 2 of 3
|l|☆PlayzNSlayz
|player|p2|
