|j|☆Treit_3
|j|☆BeatrizPinzon
|html|Treit_3BeatrizPinzon    
|uhtml|bestof|Game 2 of a best-of-3
|t:|1783480040
|gametype|doubles
|player|p1|Treit_3|marshal|1207
|player|p2|BeatrizPinzon|clerkf|1321
|gen|9
|tier|[Gen 9 Champions] VGC 2026 Reg M-B (Bo3)
|rated|
|rule|Species Clause: Limit one of each Pokémon
|rule|Item Clause: Limit 1 of each item
|clearpoke
|poke|p1|Scrafty, L50, F|
|poke|p1|Blaziken, L50, F|
|poke|p1|Torterra, L50, F|
|poke|p1|Milotic, L50, M|
|poke|p1|Gholdengo, L50|
|poke|p1|Farigiraf, L50, M|
|poke|p2|Swampert, L50, M|
|poke|p2|Sableye, L50, F|
|poke|p2|Pelipper, L50, M|
|poke|p2|Archaludon, L50, F|
|poke|p2|Venusaur, L50, F|
|poke|p2|Sylveon, L50, M|
|teampreview|4
|showteam|p1|Scrafty||Scraftinite|Intimidate|FakeOut,Coaching,DrainPunch,ThroatChop|Adamant||F|||50|]Blaziken||Blazikenite|SpeedBoost|Detect,RockSlide,FlareBlitz,CloseCombat|Adamant||F|||50|]Torterra||Leftovers|ShellArmor|Protect,WideGuard,HeadlongRush,WoodHammer|Brave||F|||50|]Milotic||MysticWater|Competitive|Protect,Scald,MuddyWater,IceBeam|Modest||M|||50|]Gholdengo||LifeOrb|GoodasGold|Protect,NastyPlot,MakeItRain,ShadowBall|Modest|||||50|]Farigiraf||SitrusBerry|ArmorTail|Protect,TrickRoom,Thunderbolt,HyperVoice|Bold||M|||50|
|showteam|p2|Swampert||Swampertite|Torrent|WaveCrash,HighHorsepower,RockSlide,Protect|Adamant||M|||50|]Sableye||RoseliBerry|Prankster|Encore,LightScreen,Reflect,RainDance|Calm||F|||50|]Pelipper||LifeOrb|Drizzle|Hurricane,WeatherBall,Tailwind,HelpingHand|Modest||M|||50|]Archaludon||Leftovers|Stamina|DragonPulse,ElectroShot,FlashCannon,Protect|Calm||F|||50|]Venusaur||Venusaurite|Chlorophyll|SludgeBomb,GigaDrain,EarthPower,Protect|Modest||F|||50|]Sylveon||FairyFeather|Pixilate|HyperVoice,HyperBeam,QuickAttack,Protect|Modest||M|||50|
|inactive|Battle timer is ON: inactive players will automatically lose when time's up. (requested by Treit_3)
|
|t:|1783480057
|teamsize|p1|4
|teamsize|p2|4
|start
|switch|p1a: Scrafty|Scrafty, L50, F|100/100
|switch|p1b: Farigiraf|Farigiraf, L50, M|100/100
|switch|p2a: Ororo|Pelipper, L50, M|100/100
|switch|p2b: Duarte|Archaludon, L50, F|100/100
|-weather|RainDance|[from] ability: Drizzle|[of] p2a: Ororo
|-ability|p1a: Scrafty|Intimidate|boost
|-unboost|p2a: Ororo|atk|1
|-unboost|p2b: Duarte|atk|1
|turn|1
|inactive|Treit_3 has 30 seconds left.
|inactive|BeatrizPinzon has 30 seconds left.
|
|t:|1783480083
|detailschange|p1a: Scrafty|Scrafty-Mega, L50, F
|-mega|p1a: Scrafty|Scrafty|Scraftinite
|-ability|p1a: Scrafty|Intimidate|boost
|-unboost|p2a: Ororo|atk|1
|-unboost|p2b: Duarte|atk|1
|move|p1a: Scrafty|Fake Out|p2a: Ororo
|-damage|p2a: Ororo|83/100
|move|p2b: Duarte|Electro Shot||[still]
|-prepare|p2b: Duarte|Electro Shot
|-boost|p2b: Duarte|spa|1
|-anim|p2b: Duarte|Electro Shot|p1a: Scrafty
|-damage|p1a: Scrafty|59/100
|cant|p2a: Ororo|flinch
|move|p1b: Farigiraf|Trick Room|p1b: Farigiraf
|-fieldstart|move: Trick Room|[of] p1b: Farigiraf
|
|-weather|RainDance|[upkeep]
|upkeep
|turn|2
|inactive|BeatrizPinzon has 30 seconds left.
|
|t:|1783480114
|move|p2a: Ororo|Helping Hand|p2b: Duarte
|-singleturn|p2b: Duarte|Helping Hand|[of] p2a: Ororo
|move|p1b: Farigiraf|Thunderbolt|p2a: Ororo
|-supereffective|p2a: Ororo|2
|-damage|p2a: Ororo|0 fnt
|faint|p2a: Ororo
|move|p1a: Scrafty|Drain Punch|p2b: Duarte
|-supereffective|p2b: Duarte|1
|-damage|p2b: Duarte|33/100
|-heal|p1a: Scrafty|96/100|[from] drain|[of] p2b: Duarte
|-ability|p2b: Duarte|Stamina|boost
|-boost|p2b: Duarte|def|1
|move|p2b: Duarte|Electro Shot||[still]
|-prepare|p2b: Duarte|Electro Shot
|-boost|p2b: Duarte|spa|1
|-anim|p2b: Duarte|Electro Shot|p1b: Farigiraf
|-damage|p1b: Farigiraf|0 fnt
|faint|p1b: Farigiraf
|
|-weather|RainDance|[upkeep]
|-heal|p2b: Duarte|39/100|[from] item: Leftovers
|upkeep
|
|t:|1783480133
|switch|p1b: Gholdengo|Gholdengo, L50|100/100
|switch|p2a: Natalia|Sylveon, L50, M|100/100
|turn|3
|inactive|BeatrizPinzon has 30 seconds left.
|
|t:|1783480165
|switch|p1a: Torterra|Torterra, L50, F|100/100
|move|p2a: Natalia|Hyper Voice|p1a: Torterra|[spread] p1a,p1b
|-resisted|p1b: Gholdengo|1
|-damage|p1a: Torterra|50/100g
|-damage|p1b: Gholdengo|75/100
|move|p1b: Gholdengo|Shadow Ball|p2b: Duarte
|-damage|p2b: Duarte|0 fnt
|faint|p2b: Duarte
|-damage|p1b: Gholdengo|65/100|[from] item: Life Orb
|
|-weather|RainDance|[upkeep]
|-heal|p1a: Torterra|56/100|[from] item: Leftovers
|upkeep
|
|t:|1783480177
|switch|p2b: Naruto|Venusaur, L50, F|100/100
|turn|4
|
|t:|1783480200
|detailschange|p2b: Naruto|Venusaur-Mega, L50, F
|-mega|p2b: Naruto|Venusaur|Venusaurite
|move|p2a: Natalia|Protect|p2a: Natalia
|-singleturn|p2a: Natalia|Protect
|move|p1b: Gholdengo|Protect|p1b: Gholdengo
|-singleturn|p1b: Gholdengo|Protect
|move|p1a: Torterra|Headlong Rush|p2b: Naruto
|-damage|p2b: Naruto|48/100
|-unboost|p1a: Torterra|def|1
|-unboost|p1a: Torterra|spd|1
|move|p2b: Naruto|Earth Power|p1b: Gholdengo
|-activate|p1b: Gholdengo|move: Protect
|
|-weather|RainDance|[upkeep]
|-heal|p1a: Torterra|62/100|[from] item: Leftovers
|upkeep
|turn|5
|inactive|Treit_3 has 30 seconds left.
|inactive|BeatrizPinzon has 30 seconds left.
|
|t:|1783480230
|switch|p1b: Scrafty|Scrafty-Mega, L50, F|96/100
|-ability|p1b: Scrafty|Intimidate|boost
|-unboost|p2a: Natalia|atk|1
|-unboost|p2b: Naruto|atk|1
|move|p1a: Torterra|Wide Guard|p1a: Torterra
|-singleturn|p1a: Torterra|Wide Guard
|move|p2a: Natalia|Hyper Beam|p1a: Torterra
|-damage|p1a: Torterra|0 fnt
|-mustrecharge|p2a: Natalia
|faint|p1a: Torterra
|move|p2b: Naruto|Earth Power|p1b: Scrafty
|-damage|p1b: Scrafty|68/100
|
|-weather|none
|-fieldend|move: Trick Room
|upkeep
|
|t:|1783480240
|switch|p1a: Gholdengo|Gholdengo, L50|65/100
|turn|6
|
|t:|1783480258
|move|p2b: Naruto|Protect|p2b: Naruto
|-singleturn|p2b: Naruto|Protect
|move|p1a: Gholdengo|Make It Rain|p2b: Naruto|[spread] p2a
|-activate|p2b: Naruto|move: Protect
|-supereffective|p2a: Natalia|1
|-damage|p2a: Natalia|0 fnt
|-unboost|p1a: Gholdengo|spa|2
|faint|p2a: Natalia
|-damage|p1a: Gholdengo|55/100|[from] item: Life Orb
|move|p1b: Scrafty|Throat Chop|p2b: Naruto
|-activate|p2b: Naruto|move: Protect
|
|upkeep
|turn|7
|
|t:|1783480278
|move|p1a: Gholdengo|Protect|p1a: Gholdengo
|-singleturn|p1a: Gholdengo|Protect
|move|p2b: Naruto|Giga Drain|p1b: Scrafty
|-damage|p1b: Scrafty|36/100
|-heal|p2b: Naruto|64/100|[from] drain|[of] p1b: Scrafty
|move|p1b: Scrafty|Throat Chop|p2b: Naruto
|-damage|p2b: Naruto|24/100
|-start|p2b: Naruto|Throat Chop|[silent]
|
|upkeep
|turn|8
|
|t:|1783480293
|move|p2b: Naruto|Sludge Bomb|p1b: Scrafty
|-damage|p1b: Scrafty|0 fnt
|faint|p1b: Scrafty
|move|p1a: Gholdengo|Shadow Ball|p2b: Naruto
|-damage|p2b: Naruto|2/100
|-unboost|p2b: Naruto|spd|1
|-damage|p1a: Gholdengo|45/100|[from] item: Life Orb
|
|-end|p2b: Naruto|Throat Chop|[silent]
|upkeep
|turn|9
|
|t:|1783480306
|move|p2b: Naruto|Earth Power|p1a: Gholdengo
|-supereffective|p1a: Gholdengo|1
|-damage|p1a: Gholdengo|0 fnt
|faint|p1a: Gholdengo
|
|win|BeatrizPinzon
||BeatrizPinzon is ready for game 3.
||Treit_3 is ready for game 3.
|uhtml|next|Next: Game 3 of 3
|l|☆BeatrizPinzon
|player|p2|
