|j|☆Ninjacoox
|j|☆castoriceball
|html|Ninjacooxcastoriceball    
|uhtml|bestof|Game 1 of a best-of-3
|t:|1784085024
|gametype|doubles
|player|p1|Ninjacoox|170|
|player|p2|castoriceball|miku-flying|
|gen|9
|tier|[Gen 9 Champions] VGC 2026 Reg M-B (Bo3)
|rule|Species Clause: Limit one of each Pokémon
|rule|Item Clause: Limit 1 of each item
|clearpoke
|poke|p1|Floette-Eternal, L50, F|
|poke|p1|Charizard, L50, F|
|poke|p1|Whimsicott, L50, M|
|poke|p1|Garchomp, L50, F|
|poke|p1|Basculegion, L50, M|
|poke|p1|Kingambit, L50, M|
|poke|p2|Garchomp, L50, M|
|poke|p2|Floette-Eternal, L50, F|
|poke|p2|Talonflame, L50, F|
|poke|p2|Rotom-Wash, L50, shiny|
|poke|p2|Venusaur, L50, M|
|poke|p2|Kingambit, L50, M, shiny|
|teampreview|4
|showteam|p1|Floette-Eternal||Floettite|FlowerVeil|Moonblast,LightofRuin,DazzlingGleam,Protect|Modest||F|||50|]Charizard||CharizarditeY|Blaze|HeatWave,WeatherBall,SolarBeam,Protect|Timid||F|||50|]Whimsicott||FocusSash|Prankster|Tailwind,Moonblast,Encore,Protect|Timid||M|||50|]Garchomp||RoseliBerry|RoughSkin|DragonClaw,StompingTantrum,RockSlide,PoisonJab|Jolly||F|||50|]Basculegion||MysticWater|Adaptability|AquaJet,WaveCrash,LastRespects,Protect|Adamant||M|||50|]Kingambit||OccaBerry|Defiant|SuckerPunch,KowtowCleave,IronHead,Protect|Adamant||M|||50|
|showteam|p2|Garchomp||LifeOrb|RoughSkin|DragonClaw,Earthquake,RockSlide,Protect|Adamant||M|||50|]Floette-Eternal||Floettite|FlowerVeil|Moonblast,DazzlingGleam,LightofRuin,Protect|Modest||F|||50|]Talonflame||SharpBeak|GaleWings|Tailwind,DualWingbeat,FlareBlitz,Protect|Jolly||F|||50|]Rotom-Wash||Magnet|Levitate|Thunderbolt,HydroPump,Electroweb,Protect|Modest|||||50|]Venusaur||Venusaurite|Chlorophyll|GigaDrain,SludgeBomb,EarthPower,Protect|Modest||M|||50|]Kingambit||FocusSash|Defiant|KowtowCleave,SuckerPunch,IronHead,Protect|Adamant||M|||50|
|c|☆Ninjacoox|who are you
|c|☆castoriceball|cast
|c|☆castoriceball|or
|c|☆castoriceball|rice
|c|☆castoriceball|ball
|c|☆Ninjacoox|cast or rice ball?
|c|☆Ninjacoox|are you rice's alt
|c|☆castoriceball|nah rice has other alts
|c|☆castoriceball|lmao
|c|☆castoriceball|they have nothing to do w his normal user
|c|☆Ninjacoox|then who are you
|c|☆castoriceball|alts wouldn't be alts if you could guess who owns them, would they now
|c|☆Ninjacoox|wait smart
|c|☆castoriceball|ofc I'm smart, i'm a ball
|
|t:|1784085111
|teamsize|p1|4
|teamsize|p2|4
|start
|switch|p1a: Basculegion|Basculegion, L50, M|100/100
|switch|p1b: Floette|Floette-Eternal, L50, F|100/100
|switch|p2a: BIRDD|Talonflame, L50, F|100/100
|switch|p2b: Fwog|Venusaur, L50, M|100/100
|turn|1
|
|t:|1784085132
|switch|p1b: Garchomp|Garchomp, L50, F|100/100
|detailschange|p2b: Fwog|Venusaur-Mega, L50, M
|-mega|p2b: Fwog|Venusaur|Venusaurite
|move|p2a: BIRDD|Protect|p2a: BIRDD
|-singleturn|p2a: BIRDD|Protect
|move|p1a: Basculegion|Wave Crash|p2a: BIRDD
|-activate|p2a: BIRDD|move: Protect
|move|p2b: Fwog|Sludge Bomb|p1b: Garchomp
|-resisted|p1b: Garchomp|1
|-damage|p1b: Garchomp|73/100
|
|upkeep
|turn|2
|
|t:|1784085150
|move|p1a: Basculegion|Protect|p1a: Basculegion
|-singleturn|p1a: Basculegion|Protect
|move|p2a: BIRDD|Tailwind|p2a: BIRDD
|-sidestart|p2: castoriceball|move: Tailwind
|move|p2b: Fwog|Giga Drain|p1a: Basculegion
|-activate|p1a: Basculegion|move: Protect
|move|p1b: Garchomp|Rock Slide|p2b: Fwog|[spread] p2a
|-miss|p1b: Garchomp|p2b: Fwog
|-supereffective|p2a: BIRDD|2
|-damage|p2a: BIRDD|0 fnt
|faint|p2a: BIRDD
|
|upkeep
|
|t:|1784085154
|switch|p2a: Laundry List|Rotom-Wash, L50, shiny|100/100
|turn|3
|
|t:|1784085183
|switch|p1a: Whimsicott|Whimsicott, L50, M|100/100
|move|p2a: Laundry List|Thunderbolt|p1a: Whimsicott
|-resisted|p1a: Whimsicott|1
|-damage|p1a: Whimsicott|56/100
|move|p2b: Fwog|Giga Drain|p1b: Garchomp
|-damage|p1b: Garchomp|33/100
|move|p1b: Garchomp|Stomping Tantrum|p2b: Fwog
|-damage|p2b: Fwog|70/100
|
|upkeep
|turn|4
|
|t:|1784085212
|move|p1a: Whimsicott|Encore|p2b: Fwog
|-start|p2b: Fwog|Encore
|move|p2a: Laundry List|Thunderbolt|p1b: Garchomp
|-immune|p1b: Garchomp
|move|p2b: Fwog|Giga Drain|p1b: Garchomp
|-damage|p1b: Garchomp|0 fnt
|-heal|p2b: Fwog|87/100|[from] drain|[of] p1b: Garchomp
|faint|p1b: Garchomp
|
|upkeep
|
|t:|1784085221
|switch|p1b: Floette|Floette-Eternal, L50, F|100/100
|turn|5
|c|☆Ninjacoox|I played horibly
|
|t:|1784085239
|detailschange|p1b: Floette|Floette-Mega, L50, F
|-mega|p1b: Floette|Floette|Floettite
|-ability|p1b: Floette|Fairy Aura
|move|p2a: Laundry List|Electroweb|p1b: Floette|[spread] p1a,p1b
|-resisted|p1a: Whimsicott|1
|-damage|p1a: Whimsicott|37/100
|-damage|p1b: Floette|82/100
|-unboost|p1a: Whimsicott|spe|1
|-unboost|p1b: Floette|spe|1
|move|p2b: Fwog|Giga Drain|p1b: Floette
|-damage|p1b: Floette|52/100
|-heal|p2b: Fwog|99/100|[from] drain|[of] p1b: Floette
|move|p1a: Whimsicott|Moonblast|p2a: Laundry List
|-damage|p2a: Laundry List|51/100
|move|p1b: Floette|Dazzling Gleam|p2a: Laundry List|[spread] p2a,p2b
|-resisted|p2b: Fwog|1
|-damage|p2a: Laundry List|0 fnt
|-damage|p2b: Fwog|78/100
|faint|p2a: Laundry List
|
|-sideend|p2: castoriceball|move: Tailwind
|upkeep
|
|t:|1784085251
|switch|p2a: jarchomp|Garchomp, L50, M|100/100
|turn|6
|
|t:|1784085257
|move|p2a: jarchomp|Protect|p2a: jarchomp
|-singleturn|p2a: jarchomp|Protect
|move|p1b: Floette|Protect|p1b: Floette
|-singleturn|p1b: Floette|Protect
|move|p1a: Whimsicott|Tailwind|p1a: Whimsicott
|-sidestart|p1: Ninjacoox|move: Tailwind
|move|p2b: Fwog|Giga Drain|p1b: Floette
|-activate|p1b: Floette|move: Protect
|
|-end|p2b: Fwog|Encore
|upkeep
|turn|7
|
|t:|1784085269
|move|p2a: jarchomp|Protect|p2a: jarchomp
|-singleturn|p2a: jarchomp|Protect
|move|p1a: Whimsicott|Encore|p2b: Fwog
|-start|p2b: Fwog|Encore
|move|p1b: Floette|Moonblast|p2a: jarchomp
|-activate|p2a: jarchomp|move: Protect
|move|p2b: Fwog|Giga Drain|p1a: Whimsicott
|-resisted|p1a: Whimsicott|1
|-damage|p1a: Whimsicott|4/100
|-heal|p2b: Fwog|90/100|[from] drain|[of] p1a: Whimsicott
|
|upkeep
|turn|8
|
|t:|1784085284
|move|p1a: Whimsicott|Moonblast|p2a: jarchomp
|-supereffective|p2a: jarchomp|1
|-damage|p2a: jarchomp|0 fnt
|faint|p2a: jarchomp
|move|p1b: Floette|Dazzling Gleam|p2b: Fwog
|-resisted|p2b: Fwog|1
|-damage|p2b: Fwog|65/100
|move|p2b: Fwog|Giga Drain|p1b: Floette
|-damage|p1b: Floette|19/100
|-heal|p2b: Fwog|79/100|[from] drain|[of] p1b: Floette
|
|upkeep
|turn|9
|
|t:|1784085295
|move|p1a: Whimsicott|Moonblast|p2b: Fwog
|-resisted|p2b: Fwog|1
|-damage|p2b: Fwog|58/100
|move|p1b: Floette|Light of Ruin|p2b: Fwog
|-resisted|p2b: Fwog|1
|-damage|p2b: Fwog|9/100
|-damage|p1b: Floette|0 fnt|[from] Recoil
|faint|p1b: Floette
|move|p2b: Fwog|Giga Drain|p1a: Whimsicott
|-resisted|p1a: Whimsicott|1
|-damage|p1a: Whimsicott|0 fnt
|-heal|p2b: Fwog|10/100|[from] drain|[of] p1a: Whimsicott
|faint|p1a: Whimsicott
|
|-end|p2b: Fwog|Encore
|-sideend|p1: Ninjacoox|move: Tailwind
|upkeep
|
|t:|1784085301
|switch|p1b: Basculegion|Basculegion, L50, M|100/100
|turn|10
|
|t:|1784085318
|move|p1b: Basculegion|Aqua Jet|p2b: Fwog
|-resisted|p2b: Fwog|1
|-damage|p2b: Fwog|0 fnt
|faint|p2b: Fwog
|
|win|Ninjacoox
||Ninjacoox is ready for game 2.
