|j|☆gunkqing
|j|☆Dot1Q
|html|gunkqingDot1Q    
|uhtml|bestof|Game 2 of a best-of-3
|t:|1756928960
|gametype|doubles
|player|p1|gunkqing|striker|
|player|p2|Dot1Q|veteran|
|gen|9
|tier|[Gen 9] VGC 2025 Reg H (Bo3)
|rule|Species Clause: Limit one of each Pokémon
|rule|Item Clause: Limit 1 of each item
|clearpoke
|poke|p1|Rillaboom, L50, M|
|poke|p1|Electabuzz, L50, M|
|poke|p1|Kommo-o, L50, M|
|poke|p1|Incineroar, L50, M|
|poke|p1|Basculegion, L50, M|
|poke|p1|Sylveon, L50, F|
|poke|p2|Dondozo, L50, F|
|poke|p2|Tatsugiri, L50, M|
|poke|p2|Maushold-Four, L50|
|poke|p2|Annihilape, L50, M|
|poke|p2|Whimsicott, L50, F|
|poke|p2|Typhlosion-Hisui, L50, M|
|teampreview|4
|showteam|p1|Rillaboom||MeadowPlate|GrassySurge|FakeOut,WoodHammer,GrassyGlide,Uturn|||M|||50|,,,,,Fire]Electabuzz||Eviolite|VitalSpirit|FollowMe,Thunderbolt,Taunt,Protect|||M|||50|,,,,,Dragon]Kommo-o||Leftovers|Soundproof|ClangingScales,ClangorousSoul,Flamethrower,Protect|||M|||50|,,,,,Fire]Incineroar||AssaultVest|Intimidate|FakeOut,FlareBlitz,KnockOff,Uturn|||M|||50|,,,,,Ghost]Basculegion||ChoiceScarf|Adaptability|WaveCrash,AquaJet,LastRespects,FlipTurn|||M|||50|,,,,,Grass]Sylveon||LifeOrb|Pixilate|HyperVoice,Moonblast,Reflect,Detect|||F|||50|,,,,,Fairy
|showteam|p2|Dondozo||Leftovers|Unaware|WaveCrash,Earthquake,OrderUp,Protect|||F|||50|,,,,,Dragon]Tatsugiri||SitrusBerry|Commander|DracoMeteor,MuddyWater,HelpingHand,Protect|||M|||50|,,,,,Steel]Maushold-Four||WideLens|Technician|PopulationBomb,Bite,FollowMe,Protect||||||50|,,,,,Normal]Annihilape||ChoiceScarf|Defiant|ShadowClaw,CloseCombat,FinalGambit,Uturn|||M|||50|,,,,,Fighting]Whimsicott||CovertCloak|Prankster|Tailwind,SunnyDay,Moonblast,Encore|||F|||50|,,,,,Rock]Typhlosion-Hisui||Charcoal|Blaze|Eruption,HeatWave,ShadowBall,Protect|||M|||50|,,,,,Fairy
|inactive|Battle timer is ON: inactive players will automatically lose when time's up. (requested by gunkqing)
|
|t:|1756928987
|teamsize|p1|4
|teamsize|p2|4
|start
|switch|p1a: Basculegion|Basculegion, L50, M|100/100
|switch|p1b: Electabuzz|Electabuzz, L50, M|100/100
|switch|p2a: Whimsicott|Whimsicott, L50, F|100/100
|switch|p2b: Typhlosion|Typhlosion-Hisui, L50, M|100/100
|turn|1
|
|t:|1756929000
|-terastallize|p2b: Typhlosion|Fairy
|move|p1b: Electabuzz|Follow Me|p1b: Electabuzz
|-singleturn|p1b: Electabuzz|move: Follow Me
|move|p2a: Whimsicott|Sunny Day|p2a: Whimsicott
|-weather|SunnyDay
|move|p1a: Basculegion|Wave Crash|p2b: Typhlosion
|-damage|p2b: Typhlosion|37/100
|-damage|p1a: Basculegion|85/100|[from] Recoil
|move|p2b: Typhlosion|Heat Wave|p1b: Electabuzz|[spread] p1a,p1b
|-resisted|p1a: Basculegion
|-damage|p1a: Basculegion|48/100
|-damage|p1b: Electabuzz|55/100
|
|-weather|SunnyDay|[upkeep]
|upkeep
|turn|2
|inactive|gunkqing has 30 seconds left.
|inactive|gunkqing has 20 seconds left.
|inactive|gunkqing has 15 seconds left.
|
|t:|1756929041
|move|p2a: Whimsicott|Tailwind|p2a: Whimsicott
|-sidestart|p2: Dot1Q|move: Tailwind
|move|p2b: Typhlosion|Heat Wave|p1a: Basculegion|[spread] p1a,p1b
|-resisted|p1a: Basculegion
|-damage|p1a: Basculegion|15/100
|-damage|p1b: Electabuzz|6/100
|move|p1a: Basculegion|Wave Crash|p2b: Typhlosion
|-damage|p2b: Typhlosion|0 fnt
|faint|p2b: Typhlosion
|-damage|p1a: Basculegion|6/100|[from] Recoil
|move|p1b: Electabuzz|Thunderbolt|p2a: Whimsicott
|-resisted|p2a: Whimsicott
|-damage|p2a: Whimsicott|81/100
|
|-weather|SunnyDay|[upkeep]
|upkeep
|
|t:|1756929054
|switch|p2b: Maushold|Maushold-Four, L50|100/100
|turn|3
|inactive|gunkqing has 30 seconds left.
|inactive|gunkqing has 20 seconds left.
|inactive|gunkqing has 15 seconds left.
|inactive|gunkqing has 10 seconds left.
|inactive|gunkqing has 5 seconds left.
|
|t:|1756929105
|switch|p1a: Rillaboom|Rillaboom, L50, M|100/100
|-fieldstart|move: Grassy Terrain|[from] ability: Grassy Surge|[of] p1a: Rillaboom
|move|p2a: Whimsicott|Moonblast|p1b: Electabuzz
|-damage|p1b: Electabuzz|0 fnt
|faint|p1b: Electabuzz
|move|p2b: Maushold|Bite|p1a: Rillaboom
|-damage|p1a: Rillaboom|82/100
|
|-weather|SunnyDay|[upkeep]
|-heal|p2a: Whimsicott|87/100|[from] Grassy Terrain
|-heal|p1a: Rillaboom|88/100|[from] Grassy Terrain
|upkeep
|
|t:|1756929115
|switch|p1b: Sylveon|Sylveon, L50, F|100/100
|turn|4
|
|t:|1756929129
|-terastallize|p1b: Sylveon|Fairy
|move|p2b: Maushold|Protect|p2b: Maushold
|-singleturn|p2b: Maushold|Protect
|move|p1a: Rillaboom|Fake Out|p2b: Maushold
|-activate|p2b: Maushold|move: Protect
|move|p2a: Whimsicott|Moonblast|p1b: Sylveon
|-damage|p1b: Sylveon|78/100
|move|p1b: Sylveon|Hyper Voice|p2a: Whimsicott|[spread] p2a
|-activate|p2b: Maushold|move: Protect
|-damage|p2a: Whimsicott|0 fnt
|faint|p2a: Whimsicott
|-damage|p1b: Sylveon|68/100|[from] item: Life Orb
|
|-weather|SunnyDay|[upkeep]
|-heal|p1a: Rillaboom|94/100|[from] Grassy Terrain
|-heal|p1b: Sylveon|74/100|[from] Grassy Terrain
|upkeep
|
|t:|1756929147
|switch|p2a: Annihilape|Annihilape, L50, M|100/100
|turn|5
|inactive|gunkqing has 30 seconds left.
|inactive|Dot1Q has 30 seconds left.
|
|t:|1756929181
|switch|p1a: Basculegion|Basculegion, L50, M|6/100
|move|p1b: Sylveon|Detect|p1b: Sylveon
|-singleturn|p1b: Sylveon|Protect
|move|p2a: Annihilape|U-turn|p1a: Basculegion
|-resisted|p1a: Basculegion
|-damage|p1a: Basculegion|0 fnt
|faint|p1a: Basculegion
|move|p2b: Maushold|Population Bomb|p1b: Sylveon
|-activate|p1b: Sylveon|move: Protect
|
|-weather|none
|-heal|p1b: Sylveon|80/100|[from] Grassy Terrain
|-sideend|p2: Dot1Q|move: Tailwind
|upkeep
|
|t:|1756929185
|switch|p1a: Rillaboom|Rillaboom, L50, M|94/100
|turn|6
|
|t:|1756929206
|move|p2b: Maushold|Protect|p2b: Maushold
|-singleturn|p2b: Maushold|Protect
|move|p1a: Rillaboom|Fake Out|p2b: Maushold
|-activate|p2b: Maushold|move: Protect
|move|p2a: Annihilape|U-turn|p1a: Rillaboom
|-supereffective|p1a: Rillaboom
|-damage|p1a: Rillaboom|54/100
|move|p1b: Sylveon|Hyper Voice|p2a: Annihilape|[spread] p2a
|-activate|p2b: Maushold|move: Protect
|-supereffective|p2a: Annihilape
|-damage|p2a: Annihilape|0 fnt
|faint|p2a: Annihilape
|-damage|p1b: Sylveon|70/100|[from] item: Life Orb
|
|-heal|p1a: Rillaboom|60/100|[from] Grassy Terrain
|-heal|p1b: Sylveon|76/100|[from] Grassy Terrain
|upkeep
|turn|7
|
|t:|1756929224
|move|p2b: Maushold|Protect||[still]
|-fail|p2b: Maushold
|move|p1a: Rillaboom|Wood Hammer|p2b: Maushold
|-damage|p2b: Maushold|0 fnt
|faint|p2b: Maushold
|-damage|p1a: Rillaboom|36/100|[from] Recoil
|
|win|gunkqing
|c|☆Dot1Q|ggs
|c|☆gunkqing|ggs
|l|☆Dot1Q
|player|p2|
