|j|☆8787878i
|j|☆natsukivgc
|html|8787878inatsukivgc    
|uhtml|bestof|Game 1 of a best-of-3
|t:|1785688582
|gametype|doubles
|player|p1|8787878i|tuberf|1260
|player|p2|natsukivgc|265|1246
|gen|9
|tier|[Gen 9 Champions] VGC 2026 Reg M-B (Bo3)
|rated|
|rule|Species Clause: Limit one of each Pokémon
|rule|Item Clause: Limit 1 of each item
|clearpoke
|poke|p1|Froslass, L50, F|
|poke|p1|Sneasler, L50, F|
|poke|p1|Kingambit, L50, M|
|poke|p1|Basculegion, L50, M|
|poke|p1|Scovillain, L50, M|
|poke|p1|Lycanroc-Dusk, L50, M|
|poke|p2|Garchomp, L50, F|
|poke|p2|Charizard, L50, F|
|poke|p2|Kingambit, L50, M|
|poke|p2|Basculegion, L50, M|
|poke|p2|Whimsicott, L50, F|
|poke|p2|Floette-Eternal, L50, F|
|teampreview|4
|showteam|p1|Froslass||Froslassite|CursedBody|Protect,Blizzard,AuroraVeil,ShadowBall|Modest||F|||50|]Sneasler||WhiteHerb|Unburden|Protect,CloseCombat,FakeOut,GunkShot|Adamant||F|||50|]Kingambit||LifeOrb|Defiant|KowtowCleave,SuckerPunch,SwordsDance,Protect|Adamant||M|||50|]Basculegion||SitrusBerry|Adaptability|Protect,WaveCrash,LastRespects,AquaJet|Adamant||M|||50|]Scovillain||Scovillainite|Moody|Protect,GigaDrain,Overheat,RagePowder|Bold||M|||50|]Lycanroc-Dusk||FocusSash|ToughClaws|Protect,Accelerock,RockSlide,CloseCombat|Adamant||M|||50|
|showteam|p2|Garchomp||SitrusBerry|RoughSkin|RockSlide,DragonTail,StompingTantrum,PoisonJab|Adamant||F|||50|]Charizard||CharizarditeY|Blaze|HeatWave,SolarBeam,WeatherBall,Protect|Modest||F|||50|]Kingambit||LifeOrb|Defiant|KowtowCleave,IronHead,SuckerPunch,LowKick|Adamant||M|||50|]Basculegion||ChoiceScarf|Adaptability|LastRespects,WaveCrash,FlipTurn,AquaJet|Jolly||M|||50|]Whimsicott||FocusSash|Prankster|Tailwind,Moonblast,Encore,Protect|Timid||F|||50|]Floette-Eternal||Floettite|FlowerVeil|DazzlingGleam,Moonblast,LightofRuin,Protect|Modest||F|||50|
|inactive|Battle timer is ON: inactive players will automatically lose when time's up. (requested by 8787878i)
|
|t:|1785688638
|teamsize|p1|4
|teamsize|p2|4
|start
|switch|p1a: Zara|Lycanroc-Dusk, L50, M|100/100
|switch|p1b: Nella|Froslass, L50, F|100/100
|switch|p2a: Whimsicott|Whimsicott, L50, F|100/100
|switch|p2b: Charizard|Charizard, L50, F|100/100
|turn|1
|inactive|8787878i has 30 seconds left.
|inactive|natsukivgc has 30 seconds left.
|inactive|8787878i has 20 seconds left.
|inactive|natsukivgc has 20 seconds left.
|
|t:|1785688677
|switch|p2b: Garchomp|Garchomp, L50, F|100/100
|move|p2a: Whimsicott|Moonblast|p1a: Zara
|-damage|p1a: Zara|38/100
|move|p1a: Zara|Rock Slide|p2a: Whimsicott|[spread] p2a,p2b
|-resisted|p2b: Garchomp|1
|-damage|p2a: Whimsicott|59/100
|-damage|p2b: Garchomp|88/100
|move|p1b: Nella|Shadow Ball|p2a: Whimsicott
|-damage|p2a: Whimsicott|14/100
|-unboost|p2a: Whimsicott|spd|1
|
|upkeep
|turn|2
|inactive|natsukivgc has 30 seconds left.
|
|t:|1785688703
|detailschange|p1b: Nella|Froslass-Mega, L50, F
|-mega|p1b: Nella|Froslass|Froslassite
|-weather|Snowscape|[from] ability: Snow Warning|[of] p1b: Nella
|move|p1a: Zara|Protect|p1a: Zara
|-singleturn|p1a: Zara|Protect
|move|p2a: Whimsicott|Tailwind|p2a: Whimsicott
|-sidestart|p2: natsukivgc|move: Tailwind
|move|p2b: Garchomp|Rock Slide|p1a: Zara|[spread] p1b
|-activate|p1a: Zara|move: Protect
|-supereffective|p1b: Nella|1
|-damage|p1b: Nella|63/100
|cant|p1b: Nella|flinch
|
|-weather|Snowscape|[upkeep]
|upkeep
|turn|3
|inactive|natsukivgc has 30 seconds left.
|
|t:|1785688734
|switch|p1a: Basculegion|Basculegion, L50, M|100/100
|move|p2a: Whimsicott|Encore||[still]
|-fail|p2a: Whimsicott
|move|p2b: Garchomp|Rock Slide|p1b: Nella|[spread] p1a,p1b
|-supereffective|p1b: Nella|1
|-damage|p1a: Basculegion|81/100
|-damage|p1b: Nella|26/100
|cant|p1b: Nella|flinch
|
|-weather|Snowscape|[upkeep]
|upkeep
|turn|4
|
|t:|1785688758
|switch|p2a: Basculegion|Basculegion, L50, M|100/100
|move|p2b: Garchomp|Rock Slide|p1b: Nella|[spread] p1a
|-miss|p2b: Garchomp|p1b: Nella
|-damage|p1a: Basculegion|60/100
|move|p1b: Nella|Blizzard|p2b: Garchomp|[spread] p2a,p2b
|-resisted|p2a: Basculegion|1
|-supereffective|p2b: Garchomp|2
|-damage|p2a: Basculegion|75/100
|-damage|p2b: Garchomp|0 fnt
|faint|p2b: Garchomp
|move|p1a: Basculegion|Last Respects|p2a: Basculegion
|-supereffective|p2a: Basculegion|1
|-damage|p2a: Basculegion|0 fnt
|faint|p2a: Basculegion
|
|-weather|Snowscape|[upkeep]
|upkeep
|
|t:|1785688773
|switch|p2a: Whimsicott|Whimsicott, L50, F|14/100
|switch|p2b: Charizard|Charizard, L50, F|100/100
|turn|5
|
|t:|1785688789
|detailschange|p2b: Charizard|Charizard-Mega-Y, L50, F
|-mega|p2b: Charizard|Charizard|Charizardite Y
|-weather|SunnyDay|[from] ability: Drought|[of] p2b: Charizard
|move|p2a: Whimsicott|Protect|p2a: Whimsicott
|-singleturn|p2a: Whimsicott|Protect
|move|p1a: Basculegion|Aqua Jet|p2a: Whimsicott
|-activate|p2a: Whimsicott|move: Protect
|move|p2b: Charizard|Solar Beam||[still]
|-prepare|p2b: Charizard|Solar Beam
|-anim|p2b: Charizard|Solar Beam|p1a: Basculegion
|-supereffective|p1a: Basculegion|1
|-damage|p1a: Basculegion|0 fnt
|faint|p1a: Basculegion
|move|p1b: Nella|Blizzard|p2b: Charizard|[spread] p2b
|-activate|p2a: Whimsicott|move: Protect
|-damage|p2b: Charizard|61/100
|
|-weather|SunnyDay|[upkeep]
|-sideend|p2: natsukivgc|move: Tailwind
|upkeep
|inactive|8787878i has 30 seconds left.
|
|t:|1785688821
|switch|p1a: Zara|Lycanroc-Dusk, L50, M|38/100
|turn|6
|
|t:|1785688826
|move|p2b: Charizard|Protect|p2b: Charizard
|-singleturn|p2b: Charizard|Protect
|move|p1a: Zara|Accelerock|p2b: Charizard
|-activate|p2b: Charizard|move: Protect
|move|p2a: Whimsicott|Moonblast|p1a: Zara
|-crit|p1a: Zara
|-damage|p1a: Zara|0 fnt
|faint|p1a: Zara
|move|p1b: Nella|Shadow Ball|p2a: Whimsicott
|-damage|p2a: Whimsicott|0 fnt
|faint|p2a: Whimsicott
|
|-weather|SunnyDay|[upkeep]
|upkeep
|
|t:|1785688828
|switch|p1a: Kingambit|Kingambit, L50, M|100/100
|turn|7
|
|t:|1785688840
|move|p1a: Kingambit|Sucker Punch|p2b: Charizard
|-damage|p2b: Charizard|18/100
|-damage|p1a: Kingambit|90/100|[from] item: Life Orb
|move|p1b: Nella|Shadow Ball|p2b: Charizard
|-damage|p2b: Charizard|0 fnt
|faint|p2b: Charizard
|
|win|8787878i
