|j|☆mike6972
|j|☆olly457
|html|mike6972olly457    
|uhtml|bestof|Game 1 of a best-of-3
|t:|1756662530
|gametype|doubles
|player|p1|mike6972|169|1053
|player|p2|olly457|170|1031
|gen|9
|tier|[Gen 9] VGC 2025 Reg H (Bo3)
|rated|
|rule|Species Clause: Limit one of each Pokémon
|rule|Item Clause: Limit 1 of each item
|clearpoke
|poke|p1|Basculegion, L50, M|
|poke|p1|Archaludon, L50, M|
|poke|p1|Pelipper, L50, F|
|poke|p1|Dragonite, L50, F|
|poke|p1|Gholdengo, L50|
|poke|p1|Incineroar, L50, F|
|poke|p2|Ursaluna, L50, M|
|poke|p2|Amoonguss, L50, M|
|poke|p2|Porygon2, L50|
|poke|p2|Incineroar, L50, M|
|poke|p2|Gholdengo, L50|
|poke|p2|Mienshao, L50, F|
|teampreview|4
|showteam|p1|Basculegion||LifeOrb|SwiftSwim|FlipTurn,WaveCrash,LastRespects,Protect|||M|||50|,,,,,Water]Archaludon||AssaultVest|Stamina|DracoMeteor,ElectroShot,FlashCannon,BodyPress|||M|||50|,,,,,Grass]Pelipper||FocusSash|Drizzle|Protect,Tailwind,WeatherBall,Hurricane|||F|||50|,,,,,Steel]Dragonite||LoadedDice|Multiscale|Haze,Protect,ScaleShot,ExtremeSpeed|||F|||50|,,,,,Fairy]Gholdengo||MetalCoat|GoodasGold|NastyPlot,ShadowBall,MakeItRain,Protect||||||50|,,,,,Dragon]Incineroar||SafetyGoggles|Intimidate|FakeOut,KnockOff,FlareBlitz,PartingShot|||F|||50|,,,,,Ghost
|showteam|p2|Ursaluna||FlameOrb|Guts|Protect,Facade,HeadlongRush,Substitute|||M|||50|,,,,,Ghost]Amoonguss||CovertCloak|Regenerator|RagePowder,ClearSmog,PollenPuff,Spore|||M|||50|,,,,,Electric]Porygon2||Eviolite|Download|Recover,TeraBlast,IceBeam,TrickRoom||||||50|,,,,,Fighting]Incineroar||AssaultVest|Intimidate|Uturn,FlareBlitz,KnockOff,FakeOut|||M|||50|,,,,,Grass]Gholdengo||LifeOrb|GoodasGold|Protect,MakeItRain,ShadowBall,NastyPlot||||||50|,,,,,Water]Mienshao||FocusSash|InnerFocus|CloseCombat,KnockOff,IceSpinner,WideGuard|||F|||50|,,,,,Stellar
|
|t:|1756662598
|teamsize|p1|4
|teamsize|p2|4
|start
|switch|p1a: Basculegion|Basculegion, L50, M|100/100
|switch|p1b: Pelipper|Pelipper, L50, F|100/100
|switch|p2a: Ursaluna|Ursaluna, L50, M, shiny|100/100
|switch|p2b: Porygon2|Porygon2, L50, shiny|100/100
|-weather|RainDance|[from] ability: Drizzle|[of] p1b: Pelipper
|-ability|p2b: Porygon2|Download|boost
|-boost|p2b: Porygon2|spa|1
|turn|1
|
|t:|1756662612
|-terastallize|p1a: Basculegion|Water
|move|p1a: Basculegion|Wave Crash|p2b: Porygon2
|-damage|p2b: Porygon2|8/100
|-damage|p1a: Basculegion|71/100|[from] Recoil
|-damage|p1a: Basculegion|61/100|[from] item: Life Orb
|move|p1b: Pelipper|Weather Ball|p2b: Porygon2
|-damage|p2b: Porygon2|0 fnt
|faint|p2b: Porygon2
|move|p2a: Ursaluna|Substitute|p2a: Ursaluna
|-start|p2a: Ursaluna|Substitute
|-damage|p2a: Ursaluna|76/100
|
|-weather|RainDance|[upkeep]
|-status|p2a: Ursaluna|brn|[from] item: Flame Orb
|upkeep
|
|t:|1756662623
|switch|p2b: Amoonguss|Amoonguss, L50, M, shiny|100/100
|turn|2
|
|t:|1756662645
|switch|p1a: Incineroar|Incineroar, L50, F|100/100
|-ability|p1a: Incineroar|Intimidate|boost
|-immune|p2a: Ursaluna
|-unboost|p2b: Amoonguss|atk|1
|move|p1b: Pelipper|Hurricane|p2b: Amoonguss
|-supereffective|p2b: Amoonguss
|-damage|p2b: Amoonguss|37/100
|move|p2b: Amoonguss|Pollen Puff|p2a: Ursaluna
|-heal|p2a: Ursaluna|100/100 brn
|move|p2a: Ursaluna|Facade|p1a: Incineroar
|-damage|p1a: Incineroar|10/100
|
|-weather|RainDance|[upkeep]
|-damage|p2a: Ursaluna|95/100 brn|[from] brn
|upkeep
|turn|3
|
|t:|1756662670
|switch|p1a: Archaludon|Archaludon, L50, M|100/100
|move|p2a: Ursaluna|Protect|p2a: Ursaluna
|-singleturn|p2a: Ursaluna|Protect
|move|p1b: Pelipper|Hurricane|p2b: Amoonguss
|-supereffective|p2b: Amoonguss
|-damage|p2b: Amoonguss|0 fnt
|faint|p2b: Amoonguss
|
|-weather|RainDance|[upkeep]
|-damage|p2a: Ursaluna|89/100 brn|[from] brn
|upkeep
|
|t:|1756662677
|switch|p2b: Mienshao|Mienshao, L50, F, shiny|100/100
|turn|4
|
|t:|1756662684
|switch|p1a: Incineroar|Incineroar, L50, F|10/100
|-ability|p1a: Incineroar|Intimidate|boost
|-immune|p2a: Ursaluna
|-fail|p2b: Mienshao|unboost|Attack|[from] ability: Inner Focus|[of] p2b: Mienshao
|-terastallize|p2b: Mienshao|Stellar
|move|p2b: Mienshao|Close Combat|p1a: Incineroar
|-supereffective|p1a: Incineroar
|-damage|p1a: Incineroar|0 fnt
|-unboost|p2b: Mienshao|def|1
|-unboost|p2b: Mienshao|spd|1
|faint|p1a: Incineroar
|move|p1b: Pelipper|Tailwind|p1b: Pelipper
|-sidestart|p1: mike6972|move: Tailwind
|move|p2a: Ursaluna|Facade|p1b: Pelipper
|-enditem|p1b: Pelipper|Focus Sash
|-damage|p1b: Pelipper|1/100
|
|-weather|RainDance|[upkeep]
|-damage|p2a: Ursaluna|83/100 brn|[from] brn
|upkeep
|
|t:|1756662700
|switch|p1a: Basculegion|Basculegion, L50, M, tera:Water|61/100
|turn|5
|inactive|Battle timer is ON: inactive players will automatically lose when time's up. (requested by olly457)
|
|t:|1756662712
|move|p1a: Basculegion|Flip Turn|p2b: Mienshao
|-enditem|p2b: Mienshao|Focus Sash
|-damage|p2b: Mienshao|1/100
|-damage|p1a: Basculegion|51/100|[from] item: Life Orb
|
|t:|1756662716
|switch|p1a: Archaludon|Archaludon, L50, M|100/100|[from] Flip Turn
|move|p1b: Pelipper|Weather Ball|p2b: Mienshao
|-damage|p2b: Mienshao|0 fnt
|faint|p2b: Mienshao
|move|p2a: Ursaluna|Facade|p1a: Archaludon
|-resisted|p1a: Archaludon
|-damage|p1a: Archaludon|56/100
|-ability|p1a: Archaludon|Stamina|boost
|-boost|p1a: Archaludon|def|1
|
|-weather|none
|-damage|p2a: Ursaluna|77/100 brn|[from] brn
|upkeep
|turn|6
|
|t:|1756662730
|move|p1a: Archaludon|Body Press|p2a: Ursaluna
|-supereffective|p2a: Ursaluna
|-end|p2a: Ursaluna|Substitute
|move|p1b: Pelipper|Weather Ball|p2a: Ursaluna
|-damage|p2a: Ursaluna|66/100 brn
|move|p2a: Ursaluna|Headlong Rush|p1a: Archaludon
|-supereffective|p1a: Archaludon
|-damage|p1a: Archaludon|0 fnt
|-unboost|p2a: Ursaluna|def|1
|-unboost|p2a: Ursaluna|spd|1
|faint|p1a: Archaludon
|
|-damage|p2a: Ursaluna|60/100 brn|[from] brn
|upkeep
|
|t:|1756662738
|switch|p1a: Basculegion|Basculegion, L50, M, tera:Water|51/100
|turn|7
|
|t:|1756662744
|move|p2a: Ursaluna|Protect|p2a: Ursaluna
|-singleturn|p2a: Ursaluna|Protect
|move|p1a: Basculegion|Wave Crash|p2a: Ursaluna
|-activate|p2a: Ursaluna|move: Protect
|move|p1b: Pelipper|Weather Ball|p2a: Ursaluna
|-activate|p2a: Ursaluna|move: Protect
|
|-damage|p2a: Ursaluna|54/100 brn|[from] brn
|-sideend|p1: mike6972|move: Tailwind
|upkeep
|turn|8
|
|t:|1756662748
|move|p1a: Basculegion|Wave Crash|p2a: Ursaluna
|-supereffective|p2a: Ursaluna
|-damage|p2a: Ursaluna|0 fnt
|faint|p2a: Ursaluna
|-damage|p1a: Basculegion|30/100|[from] Recoil
|-damage|p1a: Basculegion|20/100|[from] item: Life Orb
|
|win|mike6972
||olly457 is ready for game 2.
||mike6972 is ready for game 2.
|uhtml|next|Next: Game 2 of 3
|l|☆mike6972
|player|p1|
