|j|☆goatdengo80
|j|☆viatles
|html|goatdengo80viatles    
|uhtml|bestof|Game 2 of a best-of-3
|t:|1784059324
|gametype|doubles
|player|p1|goatdengo80|artist|1070
|player|p2|viatles|hiker|1092
|gen|9
|tier|[Gen 9 Champions] VGC 2026 Reg M-B (Bo3)
|rated|
|rule|Species Clause: Limit one of each Pokémon
|rule|Item Clause: Limit 1 of each item
|clearpoke
|poke|p1|Floette-Eternal, L50, F|
|poke|p1|Incineroar, L50, F|
|poke|p1|Charizard, L50, M|
|poke|p1|Milotic, L50, M|
|poke|p1|Farigiraf, L50, F|
|poke|p1|Sinistcha, L50|
|poke|p2|Beedrill, L50, F, shiny|
|poke|p2|Milotic, L50, F, shiny|
|poke|p2|Ceruledge, L50, M|
|poke|p2|Sinistcha, L50|
|poke|p2|Hydreigon, L50, M|
|poke|p2|Lycanroc-Dusk, L50, M|
|teampreview|4
|showteam|p1|Floette-Eternal||Floettite|FlowerVeil|DrainingKiss,DazzlingGleam,CalmMind,Protect|Timid||F|||50|]Incineroar||ChopleBerry|Intimidate|FakeOut,ThroatChop,FlareBlitz,PartingShot|Adamant||F|||50|]Charizard||CharizarditeY|Blaze|HeatWave,WeatherBall,SolarBeam,Protect|Timid||M|||50|]Milotic||Leftovers|Competitive|MuddyWater,Hypnosis,Recover,Coil|Serious||M|||50|]Farigiraf||SitrusBerry|ArmorTail|TwinBeam,ShadowBall,Roar,TrickRoom|Quiet||F|||50|]Sinistcha||OccaBerry|Hospitality|MatchaGotcha,RagePowder,TrickRoom,Protect|Calm|||||50|
|showteam|p2|Beedrill||Beedrillite|Swarm|Uturn,DrillRun,PoisonJab,Protect|Jolly||F|||50|]Milotic||Leftovers|Competitive|IcyWind,Scald,Protect,LifeDew|Bold||F|||50|]Ceruledge||ColburBerry|FlashFire|Protect,BitterBlade,BulkUp,ShadowSneak|Adamant||M|||50|]Sinistcha||SitrusBerry|Hospitality|MatchaGotcha,RagePowder,Imprison,TrickRoom|Bold|||||50|]Hydreigon||ChoiceScarf|Levitate|DracoMeteor,DarkPulse,HeatWave,EarthPower|Modest||M|||50|]Lycanroc-Dusk||FocusSash|ToughClaws|Accelerock,CloseCombat,Protect,BrickBreak|Jolly||M|||50|
|inactive|Battle timer is ON: inactive players will automatically lose when time's up. (requested by viatles)
|
|t:|1784059345
|teamsize|p1|4
|teamsize|p2|4
|start
|switch|p1a: Floette|Floette-Eternal, L50, F|100/100
|switch|p1b: Milotic|Milotic, L50, M|100/100
|switch|p2a: Pentious|Milotic, L50, F, shiny|100/100
|switch|p2b: Malsumas|Beedrill, L50, F, shiny|100/100
|turn|1
|
|t:|1784059368
|detailschange|p2b: Malsumas|Beedrill-Mega, L50, F, shiny
|-mega|p2b: Malsumas|Beedrill|Beedrillite
|move|p1a: Floette|Protect|p1a: Floette
|-singleturn|p1a: Floette|Protect
|move|p2b: Malsumas|Poison Jab|p1a: Floette
|-activate|p1a: Floette|move: Protect
|move|p2a: Pentious|Scald|p1b: Milotic
|-resisted|p1b: Milotic|1
|-damage|p1b: Milotic|89/100
|move|p1b: Milotic|Coil|p1b: Milotic
|-boost|p1b: Milotic|atk|1
|-boost|p1b: Milotic|def|1
|-boost|p1b: Milotic|accuracy|1
|
|-heal|p1b: Milotic|96/100|[from] item: Leftovers
|upkeep
|turn|2
|inactive|goatdengo80 has 30 seconds left.
|inactive|goatdengo80 has 20 seconds left.
|
|t:|1784059405
|switch|p1a: Farigiraf|Farigiraf, L50, F|100/100
|move|p2b: Malsumas|Poison Jab|p1a: Farigiraf
|-damage|p1a: Farigiraf|36/100
|-enditem|p1a: Farigiraf|Sitrus Berry|[eat]
|-heal|p1a: Farigiraf|61/100|[from] item: Sitrus Berry
|move|p2a: Pentious|Scald|p1a: Farigiraf
|-damage|p1a: Farigiraf|29/100
|move|p1b: Milotic|Coil|p1b: Milotic
|-boost|p1b: Milotic|atk|1
|-boost|p1b: Milotic|def|1
|-boost|p1b: Milotic|accuracy|1
|
|-heal|p1b: Milotic|100/100|[from] item: Leftovers
|upkeep
|turn|3
|inactive|goatdengo80 has 30 seconds left.
|
|t:|1784059433
|move|p2b: Malsumas|U-turn|p1a: Farigiraf
|-supereffective|p1a: Farigiraf|1
|-damage|p1a: Farigiraf|0 fnt
|faint|p1a: Farigiraf
|
|t:|1784059437
|switch|p2b: Sinistcha|Sinistcha, L50|100/100|[from] U-turn
|move|p2a: Pentious|Scald|p1b: Milotic
|-resisted|p1b: Milotic|1
|-damage|p1b: Milotic|89/100
|move|p1b: Milotic|Hypnosis|p2a: Pentious
|-status|p2a: Pentious|slp|[from] move: Hypnosis
|
|-heal|p1b: Milotic|96/100|[from] item: Leftovers
|upkeep
|
|t:|1784059444
|switch|p1a: Floette|Floette-Eternal, L50, F|100/100
|turn|4
|
|t:|1784059452
|detailschange|p1a: Floette|Floette-Mega, L50, F
|-mega|p1a: Floette|Floette|Floettite
|-ability|p1a: Floette|Fairy Aura
|move|p1a: Floette|Calm Mind|p1a: Floette
|-boost|p1a: Floette|spa|1
|-boost|p1a: Floette|spd|1
|move|p1b: Milotic|Hypnosis|p2b: Sinistcha
|-status|p2b: Sinistcha|slp|[from] move: Hypnosis
|cant|p2a: Pentious|slp
|cant|p2b: Sinistcha|slp
|
|-heal|p1b: Milotic|100/100|[from] item: Leftovers
|upkeep
|turn|5
|
|t:|1784059467
|move|p1a: Floette|Calm Mind|p1a: Floette
|-boost|p1a: Floette|spa|1
|-boost|p1a: Floette|spd|1
|-curestatus|p2a: Pentious|slp|[msg]
|move|p2a: Pentious|Scald|p1b: Milotic
|-resisted|p1b: Milotic|1
|-damage|p1b: Milotic|89/100
|move|p1b: Milotic|Muddy Water|p2a: Pentious|[spread] p2a,p2b
|-resisted|p2a: Pentious|1
|-resisted|p2b: Sinistcha|1
|-damage|p2a: Pentious|92/100
|-damage|p2b: Sinistcha|88/100 slp
|cant|p2b: Sinistcha|slp
|
|-heal|p2a: Pentious|98/100|[from] item: Leftovers
|-heal|p1b: Milotic|95/100|[from] item: Leftovers
|upkeep
|turn|6
|
|t:|1784059485
|move|p1a: Floette|Dazzling Gleam|p2a: Pentious|[spread] p2a,p2b
|-damage|p2a: Pentious|35/100
|-damage|p2b: Sinistcha|1/100 slp
|-enditem|p2b: Sinistcha|Sitrus Berry|[eat]
|-heal|p2b: Sinistcha|25/100 slp|[from] item: Sitrus Berry
|move|p2a: Pentious|Scald|p1a: Floette
|-damage|p1a: Floette|87/100
|move|p1b: Milotic|Hypnosis|p2a: Pentious
|-status|p2a: Pentious|slp|[from] move: Hypnosis
|-curestatus|p2b: Sinistcha|slp|[msg]
|move|p2b: Sinistcha|Matcha Gotcha|p1a: Floette|[spread] p1a,p1b
|-supereffective|p1b: Milotic|1
|-crit|p1b: Milotic
|-damage|p1a: Floette|78/100
|-heal|p2b: Sinistcha|29/100|[from] drain|[of] p1a: Floette
|-damage|p1b: Milotic|40/100
|-heal|p2b: Sinistcha|56/100|[from] drain|[of] p1b: Milotic
|
|-heal|p1b: Milotic|47/100|[from] item: Leftovers
|-heal|p2a: Pentious|41/100 slp|[from] item: Leftovers
|upkeep
|turn|7
|inactive|viatles has 30 seconds left.
|
|t:|1784059512
|switch|p2b: Ceruledge|Ceruledge, L50, M|100/100
|cant|p2a: Pentious|slp
|move|p1a: Floette|Dazzling Gleam|p2a: Pentious|[spread] p2a,p2b
|-resisted|p2b: Ceruledge|1
|-damage|p2a: Pentious|0 fnt
|-damage|p2b: Ceruledge|54/100
|faint|p2a: Pentious
|move|p1b: Milotic|Recover|p1b: Milotic
|-heal|p1b: Milotic|97/100
|
|-heal|p1b: Milotic|100/100|[from] item: Leftovers
|upkeep
|
|t:|1784059523
|switch|p2a: Sinistcha|Sinistcha, L50|56/100
|-heal|p2b: Ceruledge|79/100|[from] ability: Hospitality|[of] p2a: Sinistcha
|turn|8
|
|t:|1784059541
|move|p1a: Floette|Dazzling Gleam|p2b: Ceruledge|[spread] p2a,p2b
|-resisted|p2b: Ceruledge|1
|-damage|p2a: Sinistcha|0 fnt
|-damage|p2b: Ceruledge|38/100
|faint|p2a: Sinistcha
|move|p2b: Ceruledge|Bitter Blade|p1a: Floette
|-damage|p1a: Floette|17/100
|-heal|p2b: Ceruledge|66/100|[from] drain|[of] p1a: Floette
|move|p1b: Milotic|Muddy Water|p2b: Ceruledge
|-supereffective|p2b: Ceruledge|1
|-damage|p2b: Ceruledge|9/100
|
|upkeep
|
|t:|1784059552
|switch|p2a: Malsumas|Beedrill-Mega, L50, F, shiny|100/100
|turn|9
|
|t:|1784059566
|move|p2a: Malsumas|Protect|p2a: Malsumas
|-singleturn|p2a: Malsumas|Protect
|move|p2b: Ceruledge|Protect|p2b: Ceruledge
|-singleturn|p2b: Ceruledge|Protect
|move|p1a: Floette|Dazzling Gleam|p2b: Ceruledge|[spread] 
|-activate|p2a: Malsumas|move: Protect
|-activate|p2b: Ceruledge|move: Protect
|move|p1b: Milotic|Muddy Water|p2b: Ceruledge|[spread] 
|-activate|p2a: Malsumas|move: Protect
|-activate|p2b: Ceruledge|move: Protect
|
|upkeep
|turn|10
|
|t:|1784059586
|move|p2a: Malsumas|Poison Jab|p1b: Milotic
|-damage|p1b: Milotic|71/100
|move|p1a: Floette|Draining Kiss|p2a: Malsumas
|-resisted|p2a: Malsumas|1
|-damage|p2a: Malsumas|41/100
|-heal|p1a: Floette|54/100|[from] drain|[of] p2a: Malsumas
|move|p2b: Ceruledge|Bitter Blade|p1a: Floette
|-damage|p1a: Floette|0 fnt
|-heal|p2b: Ceruledge|34/100|[from] drain|[of] p1a: Floette
|faint|p1a: Floette
|move|p1b: Milotic|Muddy Water|p2b: Ceruledge|[spread] p2a,p2b
|-supereffective|p2b: Ceruledge|1
|-damage|p2a: Malsumas|2/100
|-damage|p2b: Ceruledge|0 fnt
|faint|p2b: Ceruledge
|
|-heal|p1b: Milotic|77/100|[from] item: Leftovers
|upkeep
|
|t:|1784059600
|switch|p1a: Incineroar|Incineroar, L50, F|100/100
|-ability|p1a: Incineroar|Intimidate|boost
|-unboost|p2a: Malsumas|atk|1
|turn|11
|
|t:|1784059605
|move|p2a: Malsumas|Drill Run|p1a: Incineroar
|-supereffective|p1a: Incineroar|1
|-damage|p1a: Incineroar|60/100
|move|p1b: Milotic|Muddy Water|p2a: Malsumas
|-damage|p2a: Malsumas|0 fnt
|faint|p2a: Malsumas
|
|win|goatdengo80
|raw|goatdengo80's rating: 1070 → 1101(+31 for winning)
|raw|viatles's rating: 1092 → 1067(-25 for losing)
|c|☆goatdengo80|Gg
|c|☆viatles|gg wp
