|j|☆FFLastResort
|j|☆Blaze7989
|html|FFLastResortBlaze7989    
|uhtml|bestof|Game 1 of a best-of-3
|t:|1757023871
|gametype|doubles
|player|p1|FFLastResort|ethan|1273
|player|p2|Blaze7989|170|1290
|gen|9
|tier|[Gen 9] VGC 2025 Reg H (Bo3)
|rated|
|rule|Species Clause: Limit one of each Pokémon
|rule|Item Clause: Limit 1 of each item
|clearpoke
|poke|p1|Gholdengo, L50|
|poke|p1|Dragonite, L50, F|
|poke|p1|Maushold-Four, L50|
|poke|p1|Rillaboom, L50, F|
|poke|p1|Ursaluna-Bloodmoon, L50, M|
|poke|p1|Annihilape, L50, M|
|poke|p2|Armarouge, L50, M|
|poke|p2|Ursaluna-Bloodmoon, L50, M|
|poke|p2|Smeargle, L50, M|
|poke|p2|Scyther, L50, F|
|poke|p2|Ninetales-Alola, L50, F|
|poke|p2|Rillaboom, L50, F|
|teampreview|4
|showteam|p1|Gholdengo||LifeOrb|GoodasGold|MakeItRain,ShadowBall,NastyPlot,Protect||||||50|,,,,,Water]Dragonite||LoadedDice|Multiscale|Tailwind,Haze,Protect,ScaleShot|||F|||50|,,,,,Fairy]Maushold-Four||FocusSash|FriendGuard|Taunt,FollowMe,BeatUp,Protect||||||50|,,,,,Ghost]Rillaboom||MiracleSeed|GrassySurge|FakeOut,WoodHammer,GrassyGlide,HighHorsepower|||F|||50|,,,,,Grass]Ursaluna-Bloodmoon||AssaultVest|MindsEye|BloodMoon,EarthPower,HyperVoice,VacuumWave|||M|||50|,,,,,Water]Annihilape||SitrusBerry|Defiant|DrainPunch,RageFist,BulkUp,Protect|||M|||50|,,,,,Fire
|showteam|p2|Armarouge||PowerHerb|FlashFire|Psychic,ArmorCannon,MeteorBeam,TrickRoom|||M|||50|,,,,,Grass]Ursaluna-Bloodmoon||LifeOrb|MindsEye|HyperVoice,BloodMoon,EarthPower,Protect|||M|||50|,,,,,Normal]Smeargle||FocusSash|Moody|Spore,Decorate,FakeOut,FollowMe|||M|||50|,,,,,Ghost]Scyther||Eviolite|Technician|BugBite,DualWingbeat,Tailwind,Protect|||F|||50|,,,,,Steel]Ninetales-Alola||ChoiceSpecs|SnowWarning|Blizzard,Moonblast,FreezeDry,IceBeam|||F|||50|,,,,,Ice]Rillaboom||AssaultVest|GrassySurge|WoodHammer,GrassyGlide,HighHorsepower,FakeOut|||F|||50|,,,,,Fire
|inactive|Battle timer is ON: inactive players will automatically lose when time's up. (requested by FFLastResort)
|inactive|Blaze7989 has 60 seconds left.
|inactive|Blaze7989 has 30 seconds left.
|
|t:|1757024014
|teamsize|p1|4
|teamsize|p2|4
|start
|switch|p1a: Gholdengo|Gholdengo, L50|100/100
|switch|p1b: Maushold|Maushold-Four, L50|100/100
|switch|p2a: Smeargle|Smeargle, L50, M|100/100
|switch|p2b: Scyther|Scyther, L50, F|100/100
|turn|1
|
|t:|1757024030
|switch|p2a: Ursaluna|Ursaluna-Bloodmoon, L50, M|100/100
|move|p1b: Maushold|Taunt|p2a: Ursaluna
|-start|p2a: Ursaluna|move: Taunt
|move|p2b: Scyther|Tailwind|p2b: Scyther
|-sidestart|p2: Blaze7989|move: Tailwind
|move|p1a: Gholdengo|Nasty Plot|p1a: Gholdengo
|-boost|p1a: Gholdengo|spa|2
|
|upkeep
|turn|2
|inactive|Blaze7989 has 30 seconds left.
|inactive|Blaze7989 has 20 seconds left.
|
|t:|1757024070
|move|p1b: Maushold|Follow Me|p1b: Maushold
|-singleturn|p1b: Maushold|move: Follow Me
|move|p2b: Scyther|Dual Wingbeat|p1b: Maushold
|-damage|p1b: Maushold|69/100
|-damage|p1b: Maushold|38/100
|-hitcount|p1b: Maushold|2
|move|p2a: Ursaluna|Earth Power|p1b: Maushold
|-damage|p1b: Maushold|0 fnt
|faint|p1b: Maushold
|-damage|p2a: Ursaluna|91/100|[from] item: Life Orb
|move|p1a: Gholdengo|Make It Rain|p2b: Scyther|[spread] p2a,p2b
|-damage|p2a: Ursaluna|0 fnt
|-damage|p2b: Scyther|5/100
|-unboost|p1a: Gholdengo|spa|1
|faint|p2a: Ursaluna
|-damage|p1a: Gholdengo|91/100|[from] item: Life Orb
|
|upkeep
|
|t:|1757024085
|switch|p1b: Ursaluna|Ursaluna-Bloodmoon, L50, M|100/100
|switch|p2a: Armarouge|Armarouge, L50, M|100/100
|turn|3
|
|t:|1757024108
|-terastallize|p1a: Gholdengo|Water
|move|p1b: Ursaluna|Vacuum Wave|p2b: Scyther
|-resisted|p2b: Scyther
|-damage|p2b: Scyther|2/100
|move|p2b: Scyther|Dual Wingbeat|p1b: Ursaluna
|-damage|p1b: Ursaluna|83/100
|-damage|p1b: Ursaluna|62/100
|-hitcount|p1b: Ursaluna|2
|move|p2a: Armarouge|Psychic|p1b: Ursaluna
|-damage|p1b: Ursaluna|29/100
|move|p1a: Gholdengo|Shadow Ball|p2a: Armarouge
|-supereffective|p2a: Armarouge
|-damage|p2a: Armarouge|0 fnt
|faint|p2a: Armarouge
|-damage|p1a: Gholdengo|81/100|[from] item: Life Orb
|
|upkeep
|
|t:|1757024114
|switch|p2a: Smeargle|Smeargle, L50, M|100/100
|turn|4
|
|t:|1757024135
|move|p2a: Smeargle|Fake Out|p1b: Ursaluna
|-damage|p1b: Ursaluna|24/100
|cant|p1b: Ursaluna|flinch
|move|p2b: Scyther|Dual Wingbeat|p1a: Gholdengo
|-damage|p1a: Gholdengo|52/100
|-damage|p1a: Gholdengo|24/100
|-hitcount|p1a: Gholdengo|2
|move|p1a: Gholdengo|Make It Rain|p2b: Scyther|[spread] p2a,p2b
|-enditem|p2a: Smeargle|Focus Sash
|-damage|p2a: Smeargle|1/100
|-damage|p2b: Scyther|0 fnt
|-unboost|p1a: Gholdengo|spa|1
|faint|p2b: Scyther
|-damage|p1a: Gholdengo|14/100|[from] item: Life Orb
|
|-sideend|p2: Blaze7989|move: Tailwind
|-ability|p2a: Smeargle|Moody|boost
|-boost|p2a: Smeargle|spd|2
|-unboost|p2a: Smeargle|spa|1
|upkeep
|turn|5
|-message|Blaze7989 forfeited.
|
|win|FFLastResort
|l|☆Blaze7989
|player|p2|
||FFLastResort is ready for game 2.
||Blaze7989 is ready for game 2.
|uhtml|next|Next: Game 2 of 3
