|j|☆bighamsterbaseball
|j|☆teal_knight
|html|bighamsterbaseballteal_knight    
|uhtml|bestof|Game 3 of a best-of-3
|t:|1783209614
|gametype|doubles
|player|p1|bighamsterbaseball|pokemaniac|1128
|player|p2|teal_knight|169|1036
|gen|9
|tier|[Gen 9 Champions] VGC 2026 Reg M-B (Bo3)
|rated|
|rule|Species Clause: Limit one of each Pokémon
|rule|Item Clause: Limit 1 of each item
|clearpoke
|poke|p1|Pyroar, L50, M|
|poke|p1|Scrafty, L50, F|
|poke|p1|Torkoal, L50, M|
|poke|p1|Farigiraf, L50, F|
|poke|p1|Venusaur, L50, F|
|poke|p1|Mamoswine, L50, M|
|poke|p2|Charizard, L50, F|
|poke|p2|Whimsicott, L50, M|
|poke|p2|Garchomp, L50, F|
|poke|p2|Aerodactyl, L50, M|
|poke|p2|Basculegion, L50, M|
|poke|p2|Sylveon, L50, M|
|teampreview|4
|showteam|p1|Pyroar||Pyroarite|Unnerve|HeatWave,Overheat,Yawn,Protect|Timid||M|||50|]Scrafty||Scraftinite|Intimidate|FakeOut,DrainPunch,KnockOff,IcePunch|Adamant||F|||50|]Torkoal||HeatRock|Drought|Eruption,WeatherBall,HelpingHand,Protect|Quiet||M|||50|]Farigiraf||SitrusBerry|ArmorTail|Psychic,Thunderbolt,TrickRoom,Protect|Quiet||F|||50|]Venusaur||LifeOrb|Chlorophyll|LeafStorm,SludgeBomb,EarthPower,Protect|Modest||F|||50|]Mamoswine||FocusSash|Oblivious|IceShard,HighHorsepower,RockSlide,Protect|Adamant||M|||50|
|showteam|p2|Charizard||CharizarditeY|SolarPower|HeatWave,Protect,WeatherBall,SolarBeam|Modest||F|||50|]Whimsicott||FocusSash|Prankster|Moonblast,Protect,Tailwind,Encore|Timid||M|||50|]Garchomp||LifeOrb|RoughSkin|Earthquake,Protect,DragonClaw,RockSlide|Adamant||F|||50|]Aerodactyl||Aerodactylite|Unnerve|RockSlide,Protect,Tailwind,DualWingbeat|Jolly||M|||50|]Basculegion||ChoiceScarf|Adaptability|WaveCrash,LastRespects,FlipTurn,AquaJet|Jolly||M|||50|]Sylveon||FairyFeather|Pixilate|HyperVoice,Protect,HyperBeam,QuickAttack|Modest||M|||50|
|inactive|Battle timer is ON: inactive players will automatically lose when time's up. (requested by teal_knight)
|inactive|bighamsterbaseball has 60 seconds left.
|inactive|bighamsterbaseball has 30 seconds left.
|
|t:|1783209698
|teamsize|p1|4
|teamsize|p2|4
|start
|switch|p1a: Scrafty|Scrafty, L50, F|100/100
|switch|p1b: Farigiraf|Farigiraf, L50, F|100/100
|switch|p2a: Sylveon|Sylveon, L50, M|100/100
|switch|p2b: Aerodactyl|Aerodactyl, L50, M|100/100
|-ability|p2b: Aerodactyl|Unnerve
|-ability|p1a: Scrafty|Intimidate|boost
|-unboost|p2a: Sylveon|atk|1
|-unboost|p2b: Aerodactyl|atk|1
|turn|1
|inactive|bighamsterbaseball has 30 seconds left.
|inactive|teal_knight has 30 seconds left.
|
|t:|1783209732
|switch|p1a: Torkoal|Torkoal, L50, M|100/100
|-weather|SunnyDay|[from] ability: Drought|[of] p1a: Torkoal
|switch|p1b: Venusaur|Venusaur, L50, F|100/100
|detailschange|p2b: Aerodactyl|Aerodactyl-Mega, L50, M
|-mega|p2b: Aerodactyl|Aerodactyl|Aerodactylite
|move|p2b: Aerodactyl|Rock Slide|p1b: Venusaur|[spread] p1a,p1b
|-supereffective|p1a: Torkoal|1
|-damage|p1a: Torkoal|71/100
|-damage|p1b: Venusaur|77/100
|move|p2a: Sylveon|Hyper Voice|p1a: Torkoal|[spread] p1a,p1b
|-resisted|p1a: Torkoal|1
|-resisted|p1b: Venusaur|1
|-damage|p1a: Torkoal|41/100
|-damage|p1b: Venusaur|51/100
|
|-weather|SunnyDay|[upkeep]
|upkeep
|turn|2
|
|t:|1783209755
|move|p1a: Torkoal|Helping Hand|p1b: Venusaur
|-singleturn|p1b: Venusaur|Helping Hand|[of] p1a: Torkoal
|move|p2a: Sylveon|Protect|p2a: Sylveon
|-singleturn|p2a: Sylveon|Protect
|move|p1b: Venusaur|Leaf Storm|p2b: Aerodactyl
|-damage|p2b: Aerodactyl|0 fnt
|-unboost|p1b: Venusaur|spa|2
|faint|p2b: Aerodactyl
|-damage|p1b: Venusaur|42/100|[from] item: Life Orb
|
|-weather|SunnyDay|[upkeep]
|upkeep
|
|t:|1783209765
|switch|p2b: Garchomp|Garchomp, L50, F|100/100
|turn|3
|inactive|bighamsterbaseball has 30 seconds left.
|
|t:|1783209797
|move|p1a: Torkoal|Helping Hand|p1b: Venusaur
|-singleturn|p1b: Venusaur|Helping Hand|[of] p1a: Torkoal
|move|p1b: Venusaur|Sludge Bomb|p2a: Sylveon
|-supereffective|p2a: Sylveon|1
|-damage|p2a: Sylveon|37/100
|-damage|p1b: Venusaur|32/100|[from] item: Life Orb
|move|p2b: Garchomp|Rock Slide|p1b: Venusaur|[spread] p1b
|-miss|p2b: Garchomp|p1a: Torkoal
|-damage|p1b: Venusaur|0 fnt
|faint|p1b: Venusaur
|-damage|p2b: Garchomp|90/100|[from] item: Life Orb
|move|p2a: Sylveon|Hyper Voice|p1a: Torkoal
|-resisted|p1a: Torkoal|1
|-damage|p1a: Torkoal|0 fnt
|faint|p1a: Torkoal
|
|-weather|SunnyDay|[upkeep]
|upkeep
|
|t:|1783209803
|switch|p1b: Farigiraf|Farigiraf, L50, F|100/100
|switch|p1a: Scrafty|Scrafty, L50, F|100/100
|-ability|p1a: Scrafty|Intimidate|boost
|-unboost|p2a: Sylveon|atk|1
|-unboost|p2b: Garchomp|atk|1
|turn|4
|
|t:|1783209823
|detailschange|p1a: Scrafty|Scrafty-Mega, L50, F
|-mega|p1a: Scrafty|Scrafty|Scraftinite
|-ability|p1a: Scrafty|Intimidate|boost
|-unboost|p2a: Sylveon|atk|1
|-unboost|p2b: Garchomp|atk|1
|move|p1a: Scrafty|Fake Out|p2a: Sylveon
|-crit|p2a: Sylveon
|-damage|p2a: Sylveon|12/100
|move|p2b: Garchomp|Rock Slide|p1a: Scrafty|[spread] p1a,p1b
|-resisted|p1a: Scrafty|1
|-damage|p1a: Scrafty|94/100
|-damage|p1b: Farigiraf|86/100
|-damage|p2b: Garchomp|80/100|[from] item: Life Orb
|cant|p2a: Sylveon|flinch
|move|p1b: Farigiraf|Trick Room|p1b: Farigiraf
|-fieldstart|move: Trick Room|[of] p1b: Farigiraf
|
|-weather|SunnyDay|[upkeep]
|upkeep
|turn|5
|
|t:|1783209845
|switch|p2a: Basculegion|Basculegion, L50, M|100/100
|move|p1b: Farigiraf|Psychic|p2a: Basculegion
|-damage|p2a: Basculegion|51/100
|move|p1a: Scrafty|Ice Punch|p2b: Garchomp
|-supereffective|p2b: Garchomp|2
|-damage|p2b: Garchomp|0 fnt
|-damage|p1a: Scrafty|82/100|[from] ability: Rough Skin|[of] p2b: Garchomp
|faint|p2b: Garchomp
|
|-weather|SunnyDay|[upkeep]
|upkeep
|
|t:|1783209848
|switch|p2b: Sylveon|Sylveon, L50, M|12/100
|turn|6
|
|t:|1783209854
|move|p1b: Farigiraf|Psychic|p2b: Sylveon
|-damage|p2b: Sylveon|0 fnt
|faint|p2b: Sylveon
|move|p1a: Scrafty|Knock Off|p2a: Basculegion
|-supereffective|p2a: Basculegion|1
|-damage|p2a: Basculegion|0 fnt
|-enditem|p2a: Basculegion|Choice Scarf|[from] move: Knock Off|[of] p1a: Scrafty
|faint|p2a: Basculegion
|
|win|bighamsterbaseball
|raw|bighamsterbaseball's rating: 1128 → 1147(+19 for winning)
|raw|teal_knight's rating: 1036 → 1025(-11 for losing)
|c|☆teal_knight|gg
|c|☆bighamsterbaseball|gg
|l|☆teal_knight
|player|p2|
|l|☆bighamsterbaseball
|player|p1|
|j|☆bighamsterbaseball
|player|p1|bighamsterbaseball|pokemaniac|
