|j|☆Atc13
|j|☆feedback9946
|html|Atc13feedback9946    
|uhtml|bestof|Game 1 of a best-of-3
|t:|1784883149
|gametype|doubles
|player|p1|Atc13|2|1040
|player|p2|feedback9946|grimsley-gen7|1034
|gen|9
|tier|[Gen 9 Champions] VGC 2026 Reg M-B (Bo3)
|rated|
|rule|Species Clause: Limit one of each Pokémon
|rule|Item Clause: Limit 1 of each item
|clearpoke
|poke|p1|Annihilape, L50, M|
|poke|p1|Raichu, L50, M|
|poke|p1|Whimsicott, L50, M|
|poke|p1|Incineroar, L50, F|
|poke|p1|Skarmory, L50, F|
|poke|p1|Milotic, L50, M|
|poke|p2|Glimmora, L50, M|
|poke|p2|Swampert, L50, F|
|poke|p2|Kingambit, L50, F|
|poke|p2|Pelipper, L50, M|
|poke|p2|Rotom-Mow, L50|
|poke|p2|Noivern, L50, M|
|teampreview|4
|showteam|p1|Annihilape||ExpertBelt|Defiant|RageFist,DrainPunch,Protect,IcePunch|Adamant||M|||50|]Raichu||RaichuniteY|LightningRod|FakeOut,ZapCannon,AlluringVoice,Protect|Timid||M|||50|]Whimsicott||FocusSash|Prankster|BeatUp,Tailwind,Moonblast,Protect|Timid||M|||50|]Incineroar||SitrusBerry|Intimidate|FlareBlitz,DarkestLariat,FakeOut,PartingShot|Adamant||F|||50|]Skarmory||Skarmorite|Sturdy|Spikes,StealthRock,BraveBird,IronHead|Jolly||F|||50|]Milotic||Leftovers|Competitive|Recover,Coil,MuddyWater,LifeDew|Bold||M|||50|
|showteam|p2|Glimmora||Glimmoranite|ToxicDebris|PowerGem,SludgeWave,EarthPower,SpikyShield|Modest||M|||50|]Swampert||Swampertite|Torrent|WaveCrash,Earthquake,IcePunch,Protect|Adamant||F|||50|]Kingambit||ChopleBerry|Defiant|SuckerPunch,KowtowCleave,IronHead,Protect|Adamant||F|||50|]Pelipper||SitrusBerry|Drizzle|Hurricane,WeatherBall,WideGuard,Protect|Modest||M|||50|]Rotom-Mow||ChoiceScarf|Levitate|LeafStorm,VoltSwitch,Discharge,Electroweb|Timid|||||50|]Noivern||FocusSash|Telepathy|DracoMeteor,SuperFang,Tailwind,Protect|Timid||M|||50|
|inactive|Battle timer is ON: inactive players will automatically lose when time's up. (requested by feedback9946)
|inactive|Atc13 has 60 seconds left.
|inactive|feedback9946 has 60 seconds left.
|inactiveoff|Battle timer is now OFF.
|
|t:|1784883218
|teamsize|p1|4
|teamsize|p2|4
|start
|switch|p1a: Raichu|Raichu, L50, M|100/100
|switch|p1b: Milotic|Milotic, L50, M|100/100
|switch|p2a: Noivern|Noivern, L50, M|100/100
|switch|p2b: Rotom|Rotom-Mow, L50|100/100
|turn|1
|
|t:|1784883275
|detailschange|p1a: Raichu|Raichu-Mega-Y, L50, M
|-mega|p1a: Raichu|Raichu|Raichunite Y
|move|p2b: Rotom|Electroweb|p1b: Milotic|[spread] p1a,p1b
|-resisted|p1a: Raichu|1
|-crit|p1a: Raichu
|-supereffective|p1b: Milotic|1
|-damage|p1a: Raichu|78/100
|-damage|p1b: Milotic|73/100
|-unboost|p1a: Raichu|spe|1
|-unboost|p1b: Milotic|spe|1
|-ability|p1b: Milotic|Competitive|boost
|-boost|p1b: Milotic|spa|2
|move|p2a: Noivern|Super Fang|p1b: Milotic
|-damage|p1b: Milotic|36/100
|move|p1a: Raichu|Zap Cannon|p2a: Noivern
|-crit|p2a: Noivern
|-enditem|p2a: Noivern|Focus Sash
|-damage|p2a: Noivern|1/100
|-status|p2a: Noivern|par
|move|p1b: Milotic|Coil|p1b: Milotic
|-boost|p1b: Milotic|atk|1
|-boost|p1b: Milotic|def|1
|-boost|p1b: Milotic|accuracy|1
|
|-heal|p1b: Milotic|42/100|[from] item: Leftovers
|upkeep
|turn|2
|
|t:|1784883308
|switch|p1a: Skarmory|Skarmory, L50, F|100/100
|move|p2b: Rotom|Electroweb|p1b: Milotic|[spread] p1a,p1b
|-supereffective|p1a: Skarmory|1
|-supereffective|p1b: Milotic|1
|-damage|p1a: Skarmory|47/100
|-damage|p1b: Milotic|15/100
|-unboost|p1a: Skarmory|spe|1
|-unboost|p1b: Milotic|spe|1
|-ability|p1b: Milotic|Competitive|boost
|-boost|p1b: Milotic|spa|2
|move|p2a: Noivern|Super Fang|p1b: Milotic
|-damage|p1b: Milotic|7/100
|move|p1b: Milotic|Recover|p1b: Milotic
|-heal|p1b: Milotic|57/100
|
|-heal|p1b: Milotic|63/100|[from] item: Leftovers
|upkeep
|turn|3
|
|t:|1784883337
|move|p2b: Rotom|Electroweb|p1a: Skarmory|[spread] p1a,p1b
|-supereffective|p1a: Skarmory|1
|-crit|p1a: Skarmory
|-supereffective|p1b: Milotic|1
|-damage|p1a: Skarmory|0 fnt
|-damage|p1b: Milotic|40/100
|-unboost|p1b: Milotic|spe|1
|-ability|p1b: Milotic|Competitive|boost
|-boost|p1b: Milotic|spa|2
|faint|p1a: Skarmory
|move|p2a: Noivern|Super Fang|p1b: Milotic
|-damage|p1b: Milotic|20/100y
|move|p1b: Milotic|Recover|p1b: Milotic
|-heal|p1b: Milotic|70/100
|
|-heal|p1b: Milotic|76/100|[from] item: Leftovers
|upkeep
|
|t:|1784883355
|switch|p1a: Raichu|Raichu-Mega-Y, L50, M|78/100
|turn|4
|
|t:|1784883378
|move|p1a: Raichu|Fake Out|p2a: Noivern
|-damage|p2a: Noivern|0 fnt
|faint|p2a: Noivern
|move|p2b: Rotom|Electroweb|p1b: Milotic|[spread] p1a,p1b
|-resisted|p1a: Raichu|1
|-supereffective|p1b: Milotic|1
|-damage|p1a: Raichu|65/100
|-damage|p1b: Milotic|49/100
|-unboost|p1a: Raichu|spe|1
|-unboost|p1b: Milotic|spe|1
|-boost|p1b: Milotic|spa|0
|move|p1b: Milotic|Muddy Water|p2b: Rotom
|-resisted|p2b: Rotom|1
|-damage|p2b: Rotom|31/100
|
|-heal|p1b: Milotic|55/100|[from] item: Leftovers
|upkeep
|
|t:|1784883408
|switch|p2a: Swampert|Swampert, L50, F|100/100
|turn|5
|
|t:|1784883422
|detailschange|p2a: Swampert|Swampert-Mega, L50, F
|-mega|p2a: Swampert|Swampert|Swampertite
|move|p2b: Rotom|Electroweb|p1b: Milotic|[spread] p1a,p1b
|-resisted|p1a: Raichu|1
|-supereffective|p1b: Milotic|1
|-damage|p1a: Raichu|51/100
|-damage|p1b: Milotic|31/100
|-unboost|p1a: Raichu|spe|1
|-unboost|p1b: Milotic|spe|1
|-boost|p1b: Milotic|spa|0
|move|p2a: Swampert|Earthquake|p1b: Milotic|[spread] p1a,p1b
|-immune|p2b: Rotom|[from] ability: Levitate
|-supereffective|p1a: Raichu|1
|-damage|p1a: Raichu|0 fnt
|-damage|p1b: Milotic|7/100
|faint|p1a: Raichu
|move|p1b: Milotic|Recover|p1b: Milotic
|-heal|p1b: Milotic|57/100
|
|-heal|p1b: Milotic|63/100|[from] item: Leftovers
|upkeep
|
|t:|1784883441
|switch|p1a: Annihilape|Annihilape, L50, M|100/100
|turn|6
|
|t:|1784883459
|move|p2b: Rotom|Electroweb|p1a: Annihilape|[spread] p1a,p1b
|-supereffective|p1b: Milotic|1
|-damage|p1a: Annihilape|82/100
|-damage|p1b: Milotic|40/100
|-unboost|p1a: Annihilape|spe|1
|-ability|p1a: Annihilape|Defiant|boost
|-boost|p1a: Annihilape|atk|2
|-unboost|p1b: Milotic|spe|1
|-boost|p1b: Milotic|spa|0
|move|p2a: Swampert|Earthquake|p1a: Annihilape|[spread] p1a,p1b
|-immune|p2b: Rotom|[from] ability: Levitate
|-damage|p1a: Annihilape|34/100
|-damage|p1b: Milotic|19/100
|move|p1a: Annihilape|Ice Punch|p2b: Rotom
|-supereffective|p2b: Rotom|1
|-damage|p2b: Rotom|0 fnt
|faint|p2b: Rotom
|move|p1b: Milotic|Recover|p1b: Milotic
|-heal|p1b: Milotic|69/100
|
|-heal|p1b: Milotic|75/100|[from] item: Leftovers
|upkeep
|
|t:|1784883466
|switch|p2b: Pelipper|Pelipper, L50, M|100/100
|-weather|RainDance|[from] ability: Drizzle|[of] p2b: Pelipper
|turn|7
|
|t:|1784883494
|move|p1a: Annihilape|Protect|p1a: Annihilape
|-singleturn|p1a: Annihilape|Protect
|move|p2a: Swampert|Earthquake|p1b: Milotic|[spread] p1b
|-activate|p1a: Annihilape|move: Protect
|-immune|p2b: Pelipper
|-damage|p1b: Milotic|53/100
|move|p2b: Pelipper|Hurricane|p1b: Milotic
|-damage|p1b: Milotic|16/100
|move|p1b: Milotic|Life Dew|p1b: Milotic|[spread] p1a,p1b
|-heal|p1a: Annihilape|59/100
|-heal|p1b: Milotic|41/100
|
|-weather|RainDance|[upkeep]
|-heal|p1b: Milotic|47/100|[from] item: Leftovers
|upkeep
|turn|8
|
|t:|1784883520
|move|p2a: Swampert|Earthquake|p1b: Milotic|[spread] p1a,p1b
|-immune|p2b: Pelipper
|-damage|p1a: Annihilape|12/100
|-damage|p1b: Milotic|25/100
|move|p2b: Pelipper|Hurricane|p1b: Milotic
|-damage|p1b: Milotic|0 fnt
|faint|p1b: Milotic
|move|p1a: Annihilape|Rage Fist|p2b: Pelipper
|-damage|p2b: Pelipper|0 fnt
|faint|p2b: Pelipper
|
|-weather|RainDance|[upkeep]
|upkeep
|turn|9
|
|t:|1784883557
|move|p2a: Swampert|Wave Crash|p1a: Annihilape
|-damage|p1a: Annihilape|0 fnt
|faint|p1a: Annihilape
|-damage|p2a: Swampert|95/100|[from] Recoil
|
|win|feedback9946
|l|☆feedback9946
|player|p2|
||feedback9946 is ready for game 2.
|l|☆Atc13
|player|p1|
|inactive|Atc13 has 30 seconds to confirm battle start!
||Atc13 is ready for game 2.
|uhtml|next|Next: Game 2 of 3
|j|☆feedback9946
|player|p2|feedback9946|grimsley-gen7|
