|j|☆sttuarrt
|html|sttuarrtdimee    
|uhtml|bestof|Game 2 of a best-of-3
|t:|1782686449
|gametype|doubles
|player|p1|sttuarrt|skier|
|player|p2|dimee|lance|
|gen|9
|tier|[Gen 9 Champions] VGC 2026 Reg M-B (Bo3)
|rule|Species Clause: Limit one of each Pokémon
|rule|Item Clause: Limit 1 of each item
|clearpoke
|poke|p1|Sneasler, L50, F, shiny|
|poke|p1|Blastoise, L50, M|
|poke|p1|Vivillon-Monsoon, L50, F, shiny|
|poke|p1|Farigiraf, L50, M|
|poke|p1|Skarmory, L50, M, shiny|
|poke|p1|Pelipper, L50, F|
|poke|p2|Metagross, L50|
|poke|p2|Mawile, L50, M|
|poke|p2|Pelipper, L50, M|
|poke|p2|Archaludon, L50, F|
|poke|p2|Klefki, L50, F|
|poke|p2|Incineroar, L50, F|
|teampreview|4
|showteam|p1|Sneasler||WhiteHerb|Unburden|FakeOut,DireClaw,CloseCombat,Feint|Jolly||F|||50|]Blastoise||Blastoisinite|Torrent|WaterSpout,DarkPulse,ShellSmash,FakeOut|Modest||M|||50|]Vivillon-Monsoon||ChoiceScarf|CompoundEyes|SleepPowder,Hurricane,RainDance,RagePowder|Timid||F|||50|]Farigiraf||LifeOrb|ArmorTail|TrickRoom,Psychic,HyperVoice,Protect|Modest||M|||50|]Skarmory||Skarmorite|Sturdy|BraveBird,IronHead,RockTomb,Tailwind|Jolly||M|||50|]Pelipper||FocusSash|Drizzle|Tailwind,Hurricane,WeatherBall,Protect|Modest||F|||50|
|showteam|p2|Metagross||Metagrossite|ClearBody|IronHead,BulletPunch,PsychicFangs,Protect|Adamant|||||50|]Mawile||Mawilite|HyperCutter|PlayRough,Protect,IronHead,SuckerPunch|Brave||M|||50|]Pelipper||FocusSash|Drizzle|Tailwind,WeatherBall,Hurricane,WideGuard|Modest||M|||50|]Archaludon||WiseGlasses|Stamina|ElectroShot,DragonPulse,FlashCannon,Protect|Modest||F|||50|]Klefki||Leftovers|Prankster|DazzlingGleam,LightScreen,MetalSound,TrickRoom|Serious||F|||50|]Incineroar||ChopleBerry|Blaze|LowKick,PartingShot,FlareBlitz,DarkestLariat|Impish||F|||50|
|j|☆dimee
|player|p2|dimee|lance|
|
|t:|1782686691
|teamsize|p1|4
|teamsize|p2|4
|start
|switch|p1a: Sneasler|Sneasler, L50, F, shiny|100/100
|switch|p1b: Blastoise|Blastoise, L50, M|100/100
|switch|p2a: Mawile|Mawile, L50, M|100/100
|switch|p2b: Incineroar|Incineroar, L50, F|100/100
|turn|1
|
|t:|1782686758
|detailschange|p1b: Blastoise|Blastoise-Mega, L50, M
|-mega|p1b: Blastoise|Blastoise|Blastoisinite
|detailschange|p2a: Mawile|Mawile-Mega, L50, M
|-mega|p2a: Mawile|Mawile|Mawilite
|move|p1a: Sneasler|Fake Out|p2b: Incineroar
|-damage|p2b: Incineroar|90/100
|move|p1b: Blastoise|Shell Smash|p1b: Blastoise
|-unboost|p1b: Blastoise|def|1
|-unboost|p1b: Blastoise|spd|1
|-boost|p1b: Blastoise|atk|2
|-boost|p1b: Blastoise|spa|2
|-boost|p1b: Blastoise|spe|2
|cant|p2b: Incineroar|flinch
|move|p2a: Mawile|Play Rough|p1b: Blastoise
|-damage|p1b: Blastoise|0 fnt
|faint|p1b: Blastoise
|
|upkeep
|
|t:|1782686775
|switch|p1b: Vivillon|Vivillon-Monsoon, L50, F, shiny|100/100
|turn|2
|
|t:|1782686796
|move|p2a: Mawile|Protect|p2a: Mawile
|-singleturn|p2a: Mawile|Protect
|move|p1b: Vivillon|Sleep Powder|p2a: Mawile
|-activate|p2a: Mawile|move: Protect
|move|p1a: Sneasler|Close Combat|p2b: Incineroar
|-supereffective|p2b: Incineroar|1
|-enditem|p2b: Incineroar|Chople Berry|[eat]
|-enditem|p2b: Incineroar|Chople Berry|[weaken]
|-damage|p2b: Incineroar|45/100
|-unboost|p1a: Sneasler|def|1
|-unboost|p1a: Sneasler|spd|1
|-enditem|p1a: Sneasler|White Herb
|-clearnegativeboost|p1a: Sneasler|[silent]
|move|p2b: Incineroar|Parting Shot|p1a: Sneasler
|-unboost|p1a: Sneasler|atk|1
|-unboost|p1a: Sneasler|spa|1
|
|t:|1782686814
|switch|p2b: Klefki|Klefki, L50, F|100/100|[from] Parting Shot
|
|upkeep
|turn|3
|
|t:|1782686841
|switch|p2a: Incineroar|Incineroar, L50, F|45/100
|move|p1a: Sneasler|Close Combat|p2a: Incineroar
|-supereffective|p2a: Incineroar|1
|-damage|p2a: Incineroar|0 fnt
|-unboost|p1a: Sneasler|def|1
|-unboost|p1a: Sneasler|spd|1
|faint|p2a: Incineroar
|move|p1b: Vivillon|Sleep Powder|p2b: Klefki
|-status|p2b: Klefki|slp|[from] move: Sleep Powder
|cant|p2b: Klefki|slp
|
|upkeep
|
|t:|1782686857
|switch|p2a: Mawile|Mawile-Mega, L50, M|100/100
|turn|4
|
|t:|1782686875
|switch|p1a: Pelipper|Pelipper, L50, F|100/100
|-weather|RainDance|[from] ability: Drizzle|[of] p1a: Pelipper
|move|p2a: Mawile|Protect|p2a: Mawile
|-singleturn|p2a: Mawile|Protect
|move|p1b: Vivillon|Sleep Powder|p2a: Mawile
|-activate|p2a: Mawile|move: Protect
|cant|p2b: Klefki|slp
|
|-weather|RainDance|[upkeep]
|upkeep
|turn|5
|
|t:|1782686905
|move|p1b: Vivillon|Sleep Powder|p2a: Mawile
|-status|p2a: Mawile|slp|[from] move: Sleep Powder
|move|p1a: Pelipper|Weather Ball|p2b: Klefki
|-damage|p2b: Klefki|28/100 slp
|cant|p2a: Mawile|slp
|-curestatus|p2b: Klefki|slp|[msg]
|move|p2b: Klefki|Trick Room|p2b: Klefki
|-fieldstart|move: Trick Room|[of] p2b: Klefki
|
|-weather|RainDance|[upkeep]
|-heal|p2b: Klefki|34/100|[from] item: Leftovers
|upkeep
|turn|6
|
|t:|1782686936
|switch|p2a: Archaludon|Archaludon, L50, F|100/100
|move|p2b: Klefki|Dazzling Gleam|p1b: Vivillon|[spread] p1a,p1b
|-damage|p1a: Pelipper|64/100
|-damage|p1b: Vivillon|64/100
|move|p1a: Pelipper|Weather Ball|p2a: Archaludon
|-resisted|p2a: Archaludon|1
|-damage|p2a: Archaludon|50/100g
|-ability|p2a: Archaludon|Stamina|boost
|-boost|p2a: Archaludon|def|1
|move|p1b: Vivillon|Sleep Powder|p2b: Klefki
|-status|p2b: Klefki|slp|[from] move: Sleep Powder
|
|-weather|RainDance|[upkeep]
|-heal|p2b: Klefki|40/100 slp|[from] item: Leftovers
|upkeep
|turn|7
|
|t:|1782686968
|cant|p2b: Klefki|slp
|move|p2a: Archaludon|Dragon Pulse|p1b: Vivillon
|-damage|p1b: Vivillon|0 fnt
|faint|p1b: Vivillon
|move|p1a: Pelipper|Weather Ball|p2a: Archaludon
|-resisted|p2a: Archaludon|1
|-damage|p2a: Archaludon|0 fnt
|faint|p2a: Archaludon
|
|-weather|RainDance|[upkeep]
|-heal|p2b: Klefki|46/100 slp|[from] item: Leftovers
|upkeep
|
|t:|1782686980
|switch|p2a: Mawile|Mawile-Mega, L50, M|100/100 slp
|switch|p1b: Sneasler|Sneasler, L50, F, shiny|100/100
|turn|8
|
|t:|1782687025
|cant|p2a: Mawile|slp
|cant|p2b: Klefki|slp
|move|p1a: Pelipper|Weather Ball|p2b: Klefki
|-damage|p2b: Klefki|0 fnt
|faint|p2b: Klefki
|move|p1b: Sneasler|Close Combat|p2a: Mawile
|-damage|p2a: Mawile|46/100 slp
|-unboost|p1b: Sneasler|def|1
|-unboost|p1b: Sneasler|spd|1
|
|-weather|none
|upkeep
|turn|9
|
|t:|1782687070
|-curestatus|p2a: Mawile|slp|[msg]
|move|p2a: Mawile|Play Rough|p1b: Sneasler|[miss]
|-miss|p2a: Mawile|p1b: Sneasler
|move|p1a: Pelipper|Hurricane|p2a: Mawile|[miss]
|-miss|p1a: Pelipper|p2a: Mawile
|move|p1b: Sneasler|Close Combat|p2a: Mawile
|-damage|p2a: Mawile|0 fnt
|-unboost|p1b: Sneasler|def|1
|-unboost|p1b: Sneasler|spd|1
|faint|p2a: Mawile
|
|win|sttuarrt
