|j|☆googymoon
|j|☆metalblackknight
|html|googymoonmetalblackknight    
|uhtml|bestof|Game 2 of a best-of-3
|t:|1784296411
|gametype|doubles
|player|p1|googymoon|brawly|1066
|player|p2|metalblackknight|clerk|1135
|gen|9
|tier|[Gen 9 Champions] VGC 2026 Reg M-B (Bo3)
|rated|
|rule|Species Clause: Limit one of each Pokémon
|rule|Item Clause: Limit 1 of each item
|clearpoke
|poke|p1|Aggron, L50, M, shiny|
|poke|p1|Grimmsnarl, L50, M, shiny|
|poke|p1|Drampa, L50, M|
|poke|p1|Farigiraf, L50, F|
|poke|p1|Oranguru, L50, M|
|poke|p1|Pangoro, L50, F|
|poke|p2|Araquanid, L50, M|
|poke|p2|Pelipper, L50, F|
|poke|p2|Charizard, L50, M|
|poke|p2|Garchomp, L50, M|
|poke|p2|Annihilape, L50, F|
|poke|p2|Kingambit, L50, M|
|teampreview|4
|showteam|p1|Aggron||Aggronite|HeavyMetal|BodyPress,Rest,IronDefense,SleepTalk|Adamant||M|||50|]Grimmsnarl||LightClay|Prankster|LightScreen,SpiritBreak,FakeOut,Reflect|Adamant||M|||50|]Drampa||Drampanite|CloudNine|DracoMeteor,Blizzard,EnergyBall,Protect|Modest||M|||50|]Farigiraf||FocusSash|ArmorTail|TrickRoom,DazzlingGleam,NastyPlot,Protect|Modest||F|||50|]Oranguru||Leftovers|InnerFocus|Instruct,CalmMind,KnockOff,HyperVoice|Quiet||M|||50|]Pangoro||RoseliBerry|Scrappy|Entrainment,BulletPunch,CloseCombat,DrainPunch|Careful||F|||50|
|showteam|p2|Araquanid||MysticWater|WaterBubble|Liquidation,IcyWind,WideGuard,Entrainment|Adamant||M|||50|]Pelipper||SitrusBerry|Drizzle|Tailwind,WeatherBall,Hurricane,Protect|Modest||F|||50|]Charizard||CharizarditeY|Blaze|WeatherBall,HeatWave,SolarBeam,Protect|Timid||M|||50|]Garchomp||LifeOrb|RoughSkin|Earthquake,DragonClaw,RockSlide,Protect|Jolly||M|||50|]Annihilape||FocusSash|Defiant|CloseCombat,PhantomForce,RockTomb,Protect|Jolly||F|||50|]Kingambit||ChopleBerry|Defiant|KowtowCleave,IronHead,SuckerPunch,Protect|Brave||M|||50|
|inactive|Battle timer is ON: inactive players will automatically lose when time's up. (requested by metalblackknight)
|
|t:|1784296433
|teamsize|p1|4
|teamsize|p2|4
|start
|switch|p1a: Lofi|Grimmsnarl, L50, M, shiny|100/100
|switch|p1b: Diamonds 2|Farigiraf, L50, F|100/100
|switch|p2a: Charizard|Charizard, L50, M|100/100
|switch|p2b: Garchomp|Garchomp, L50, M|100/100
|turn|1
|
|t:|1784296457
|detailschange|p2a: Charizard|Charizard-Mega-Y, L50, M
|-mega|p2a: Charizard|Charizard|Charizardite Y
|-weather|SunnyDay|[from] ability: Drought|[of] p2a: Charizard
|move|p1a: Lofi|Fake Out|p2a: Charizard
|-damage|p2a: Charizard|80/100
|move|p2b: Garchomp|Earthquake|p1a: Lofi|[spread] p1a,p1b
|-immune|p2a: Charizard
|-damage|p1a: Lofi|28/100
|-damage|p1b: Diamonds 2|38/100
|-damage|p2b: Garchomp|90/100|[from] item: Life Orb
|cant|p2a: Charizard|flinch
|move|p1b: Diamonds 2|Trick Room|p1b: Diamonds 2
|-fieldstart|move: Trick Room|[of] p1b: Diamonds 2
|
|-weather|SunnyDay|[upkeep]
|upkeep
|turn|2
|
|t:|1784296478
|switch|p2a: Kingambit|Kingambit, L50, M|100/100
|move|p1a: Lofi|Light Screen|p1a: Lofi
|-sidestart|p1: googymoon|move: Light Screen
|move|p1b: Diamonds 2|Dazzling Gleam|p2a: Kingambit|[spread] p2a,p2b
|-supereffective|p2b: Garchomp|1
|-damage|p2a: Kingambit|81/100
|-damage|p2b: Garchomp|45/100
|move|p2b: Garchomp|Dragon Claw|p1b: Diamonds 2
|-damage|p1b: Diamonds 2|0 fnt
|faint|p1b: Diamonds 2
|-damage|p2b: Garchomp|36/100|[from] item: Life Orb
|
|-weather|SunnyDay|[upkeep]
|upkeep
|
|t:|1784296492
|switch|p1b: Captain Davies|Aggron, L50, M, shiny|100/100
|turn|3
|inactive|googymoon has 30 seconds left.
|j| Dyaaaaa
|
|t:|1784296519
|detailschange|p1b: Captain Davies|Aggron-Mega, L50, M, shiny
|-mega|p1b: Captain Davies|Aggron|Aggronite
|move|p2a: Kingambit|Protect|p2a: Kingambit
|-singleturn|p2a: Kingambit|Protect
|move|p1b: Captain Davies|Iron Defense|p1b: Captain Davies
|-boost|p1b: Captain Davies|def|2
|move|p1a: Lofi|Spirit Break|p2b: Garchomp
|-supereffective|p2b: Garchomp|1
|-damage|p2b: Garchomp|0 fnt
|-damage|p1a: Lofi|15/100|[from] ability: Rough Skin|[of] p2b: Garchomp
|faint|p2b: Garchomp
|
|-weather|SunnyDay|[upkeep]
|upkeep
|
|t:|1784296527
|switch|p2b: Araquanid|Araquanid, L50, M|100/100
|turn|4
|c|☆googymoon|oh no
|c|☆googymoon|im being specttated
|c|☆metalblackknight|some spectates?
|inactive|googymoon has 30 seconds left.
|inactive|googymoon has 20 seconds left.
|c|☆metalblackknight|spect the unespected
|inactive|googymoon has 15 seconds left.
|
|t:|1784296568
|move|p1a: Lofi|Reflect|p1a: Lofi
|-sidestart|p1: googymoon|Reflect
|move|p2a: Kingambit|Kowtow Cleave|p1b: Captain Davies
|-damage|p1b: Captain Davies|91/100
|move|p2b: Araquanid|Liquidation|p1a: Lofi
|-damage|p1a: Lofi|0 fnt
|faint|p1a: Lofi
|move|p1b: Captain Davies|Body Press|p2a: Kingambit
|-supereffective|p2a: Kingambit|2
|-enditem|p2a: Kingambit|Chople Berry|[eat]
|-enditem|p2a: Kingambit|Chople Berry|[weaken]
|-damage|p2a: Kingambit|0 fnt
|faint|p2a: Kingambit
|
|-weather|SunnyDay|[upkeep]
|upkeep
|
|t:|1784296580
|switch|p2a: Charizard|Charizard-Mega-Y, L50, M|80/100
|switch|p1a: Contingency Panda|Pangoro, L50, F|100/100
|turn|5
|inactive|googymoon has 30 seconds left.
|
|t:|1784296610
|move|p2a: Charizard|Protect|p2a: Charizard
|-singleturn|p2a: Charizard|Protect
|move|p2b: Araquanid|Icy Wind|p1b: Captain Davies|[spread] p1a,p1b
|-resisted|p1b: Captain Davies|1
|-damage|p1a: Contingency Panda|96/100
|-damage|p1b: Captain Davies|88/100
|-unboost|p1a: Contingency Panda|spe|1
|-unboost|p1b: Captain Davies|spe|1
|move|p1b: Captain Davies|Body Press|p2a: Charizard
|-activate|p2a: Charizard|move: Protect
|move|p1a: Contingency Panda|Close Combat|p2a: Charizard
|-activate|p2a: Charizard|move: Protect
|
|-weather|none
|-fieldend|move: Trick Room
|upkeep
|turn|6
|
|t:|1784296628
|move|p2a: Charizard|Heat Wave|p1a: Contingency Panda|[spread] p1a,p1b
|-supereffective|p1b: Captain Davies|1
|-damage|p1a: Contingency Panda|70/100
|-damage|p1b: Captain Davies|40/100
|move|p2b: Araquanid|Liquidation|p1b: Captain Davies
|-damage|p1b: Captain Davies|27/100
|move|p1a: Contingency Panda|Close Combat|p2a: Charizard
|-resisted|p2a: Charizard|1
|-damage|p2a: Charizard|45/100
|-unboost|p1a: Contingency Panda|def|1
|-unboost|p1a: Contingency Panda|spd|1
|move|p1b: Captain Davies|Body Press|p2a: Charizard
|-resisted|p2a: Charizard|1
|-damage|p2a: Charizard|0 fnt
|faint|p2a: Charizard
|
|upkeep
|turn|7
|
|t:|1784296649
|move|p2b: Araquanid|Liquidation|p1a: Contingency Panda
|-damage|p1a: Contingency Panda|0 fnt
|faint|p1a: Contingency Panda
|move|p1b: Captain Davies|Body Press|p2b: Araquanid
|-resisted|p2b: Araquanid|1
|-damage|p2b: Araquanid|57/100
|
|upkeep
|turn|8
|
|t:|1784296656
|move|p2b: Araquanid|Liquidation|p1b: Captain Davies
|-damage|p1b: Captain Davies|13/100
|move|p1b: Captain Davies|Rest|p1b: Captain Davies
|-status|p1b: Captain Davies|slp|[from] move: Rest
|-heal|p1b: Captain Davies|100/100 slp|[silent]
|
|upkeep
|turn|9
|
|t:|1784296664
|move|p2b: Araquanid|Liquidation|p1b: Captain Davies
|-damage|p1b: Captain Davies|86/100 slp
|cant|p1b: Captain Davies|slp
|move|p1b: Captain Davies|Sleep Talk|p1b: Captain Davies
|move|p1b: Captain Davies|Iron Defense|p1b: Captain Davies|[from] move: Sleep Talk
|-boost|p1b: Captain Davies|def|2
|
|-sideend|p1: googymoon|move: Light Screen
|upkeep
|turn|10
|
|t:|1784296672
|move|p2b: Araquanid|Liquidation|p1b: Captain Davies
|-damage|p1b: Captain Davies|76/100 slp
|-unboost|p1b: Captain Davies|def|1
|cant|p1b: Captain Davies|slp
|move|p1b: Captain Davies|Sleep Talk|p1b: Captain Davies
|move|p1b: Captain Davies|Rest||[from] move: Sleep Talk|[still]
|-fail|p1b: Captain Davies
|
|upkeep
|turn|11
|
|t:|1784296681
|move|p2b: Araquanid|Liquidation|p1b: Captain Davies
|-damage|p1b: Captain Davies|64/100 slp
|-curestatus|p1b: Captain Davies|slp|[msg]
|move|p1b: Captain Davies|Sleep Talk||[still]
|-fail|p1b: Captain Davies
|
|-sideend|p1: googymoon|Reflect
|upkeep
|turn|12
|
|t:|1784296691
|move|p2b: Araquanid|Liquidation|p1b: Captain Davies
|-damage|p1b: Captain Davies|47/100
|move|p1b: Captain Davies|Body Press|p2b: Araquanid
|-resisted|p2b: Araquanid|1
|-damage|p2b: Araquanid|0 fnt
|faint|p2b: Araquanid
|
|win|googymoon
