|j|☆thecoolestfridge
|j|☆Mr. Kessler
|html|thecoolestfridgeMr. Kessler    
|uhtml|bestof|Game 2 of a best-of-3
|t:|1785690408
|gametype|doubles
|player|p1|thecoolestfridge|102|
|player|p2|Mr. Kessler|266|
|gen|9
|tier|[Gen 9 Champions] VGC 2026 Reg M-B (Bo3)
|rule|Species Clause: Limit one of each Pokémon
|rule|Item Clause: Limit 1 of each item
|clearpoke
|poke|p1|Weavile, L50, F|
|poke|p1|Decidueye-Hisui, L50, M|
|poke|p1|Charizard, L50, M|
|poke|p1|Gardevoir, L50, F|
|poke|p1|Sableye, L50, M|
|poke|p1|Lycanroc-Midnight, L50, M|
|poke|p2|Gliscor, L50, F|
|poke|p2|Greninja, L50, F|
|poke|p2|Tyrantrum, L50, M|
|poke|p2|Arcanine, L50, M|
|poke|p2|Rotom-Wash, L50|
|poke|p2|Mamoswine, L50, M|
|teampreview|4
|showteam|p1|Weavile||FocusSash|Pressure|TripleAxel,ThroatChop,FakeOut,BrickBreak|Jolly||F|||50|]Decidueye-Hisui||OccaBerry|Scrappy|TripleArrows,LeafBlade,Tailwind,Protect|Adamant||M|||50|]Charizard||CharizarditeY|Blaze|HeatWave,SolarBeam,WeatherBall,Protect|Timid||M|||50|]Gardevoir||Gardevoirite|Trace|HyperVoice,Psyshock,Protect,IcyWind|Timid||F|||50|]Sableye||LightClay|Prankster|Reflect,LightScreen,FoulPlay,FakeOut|Impish||M|||50|]Lycanroc-Midnight||ChoiceScarf|NoGuard|StoneEdge,StompingTantrum,CloseCombat,PsychicFangs|Jolly||M|||50|
|showteam|p2|Gliscor||Leftovers|PoisonHeal|Tailwind,RockSlide,HighHorsepower,StealthRock|Careful||F|||50|]Greninja||Greninjite|Protean|RainDance,HydroPump,DarkPulse,SludgeWave|Timid||F|||50|]Tyrantrum||ChoiceScarf|RockHead|RockSlide,HeadSmash,BreakingSwipe,PlayRough|Jolly||M|||50|]Arcanine||SitrusBerry|FlashFire|Protect,WillOWisp,FlareBlitz,Crunch|Adamant||M|||50|]Rotom-Wash||RindoBerry|Levitate|Discharge,VoltSwitch,HydroPump,Protect|Bold|||||50|]Mamoswine||OccaBerry|ThickFat|RockSlide,Earthquake,IceShard,IcicleCrash|Adamant||M|||50|
|inactive|Battle timer is ON: inactive players will automatically lose when time's up. (requested by Mr. Kessler)
|j| Theaminus
|
|t:|1785690442
|teamsize|p1|4
|teamsize|p2|4
|start
|switch|p1a: Weavile|Weavile, L50, F|100/100
|switch|p1b: Lycanroc|Lycanroc-Midnight, L50, M|100/100
|switch|p2a: Gliscor|Gliscor, L50, F|100/100
|switch|p2b: Greninja|Greninja, L50, F|100/100
|-ability|p1a: Weavile|Pressure
|turn|1
|inactive|thecoolestfridge has 30 seconds left.
|inactive|thecoolestfridge has 20 seconds left.
|inactive|thecoolestfridge has 15 seconds left.
|
|t:|1785690484
|switch|p2a: Mamoswine|Mamoswine, L50, M|100/100
|detailschange|p2b: Greninja|Greninja-Mega, L50, F
|-mega|p2b: Greninja|Greninja|Greninjite
|move|p1a: Weavile|Fake Out|p2b: Greninja
|-damage|p2b: Greninja|78/100
|move|p1b: Lycanroc|Close Combat|p2b: Greninja
|-supereffective|p2b: Greninja|1
|-damage|p2b: Greninja|0 fnt
|-unboost|p1b: Lycanroc|def|1
|-unboost|p1b: Lycanroc|spd|1
|faint|p2b: Greninja
|
|upkeep
|
|t:|1785690492
|switch|p2b: Tyrantrum|Tyrantrum, L50, M|100/100
|turn|2
|
|t:|1785690504
|move|p1b: Lycanroc|Close Combat|p2b: Tyrantrum
|-supereffective|p2b: Tyrantrum|1
|-damage|p2b: Tyrantrum|32/100
|-unboost|p1b: Lycanroc|def|1
|-unboost|p1b: Lycanroc|spd|1
|move|p2b: Tyrantrum|Head Smash|p1b: Lycanroc
|-damage|p1b: Lycanroc|0 fnt
|faint|p1b: Lycanroc
|move|p1a: Weavile|Triple Axel|p2a: Mamoswine
|-damage|p2a: Mamoswine|95/100
|-damage|p2a: Mamoswine|84/100
|-damage|p2a: Mamoswine|70/100
|-hitcount|p2a: Mamoswine|3
|move|p2a: Mamoswine|Rock Slide|p1a: Weavile
|-supereffective|p1a: Weavile|1
|-enditem|p1a: Weavile|Focus Sash
|-damage|p1a: Weavile|1/100
|
|upkeep
|
|t:|1785690526
|switch|p1b: Decidueye|Decidueye-Hisui, L50, M|100/100
|turn|3
|
|t:|1785690540
|move|p2a: Mamoswine|Ice Shard|p1b: Decidueye
|-supereffective|p1b: Decidueye|1
|-damage|p1b: Decidueye|58/100
|move|p2b: Tyrantrum|Head Smash|p1a: Weavile
|-supereffective|p1a: Weavile|1
|-damage|p1a: Weavile|0 fnt
|faint|p1a: Weavile
|move|p1b: Decidueye|Triple Arrows|p2b: Tyrantrum
|-supereffective|p2b: Tyrantrum|1
|-damage|p2b: Tyrantrum|0 fnt
|faint|p2b: Tyrantrum
|
|upkeep
|
|t:|1785690548
|switch|p1a: Gardevoir|Gardevoir, L50, F|100/100
|switch|p2b: Gliscor|Gliscor, L50, F|100/100
|-ability|p1a: Gardevoir|Thick Fat|Trace|[from] ability: Trace|[of] p2a: Mamoswine
|turn|4
|
|t:|1785690557
|detailschange|p1a: Gardevoir|Gardevoir-Mega, L50, F
|-mega|p1a: Gardevoir|Gardevoir|Gardevoirite
|move|p1a: Gardevoir|Icy Wind|p2b: Gliscor|[spread] p2a,p2b
|-supereffective|p2b: Gliscor|2
|-damage|p2a: Mamoswine|60/100
|-damage|p2b: Gliscor|42/100
|-unboost|p2a: Mamoswine|spe|1
|-unboost|p2b: Gliscor|spe|1
|move|p1b: Decidueye|Triple Arrows|p2a: Mamoswine
|-supereffective|p2a: Mamoswine|1
|-damage|p2a: Mamoswine|0 fnt
|faint|p2a: Mamoswine
|move|p2b: Gliscor|Tailwind|p2b: Gliscor
|-sidestart|p2: Mr. Kessler|move: Tailwind
|
|-heal|p2b: Gliscor|48/100|[from] item: Leftovers
|upkeep
|turn|5
|
|t:|1785690575
|move|p1a: Gardevoir|Hyper Voice|p2b: Gliscor
|-damage|p2b: Gliscor|0 fnt
|faint|p2b: Gliscor
|
|win|thecoolestfridge
||thecoolestfridge is ready for game 3.
||Mr. Kessler is ready for game 3.
|uhtml|next|Next: Game 3 of 3
