|j|☆L3git Pro
|j|☆marcusquinn
|html|L3git Promarcusquinn    
|uhtml|bestof|Game 1 of a best-of-3
|t:|1757649321
|gametype|doubles
|player|p1|L3git Pro|cynthia-gen7|1172
|player|p2|marcusquinn|hilbert-wonderlauncher|1160
|gen|9
|tier|[Gen 9] VGC 2025 Reg H (Bo3)
|rated|
|rule|Species Clause: Limit one of each Pokémon
|rule|Item Clause: Limit 1 of each item
|clearpoke
|poke|p1|Dragonite, L50, M|
|poke|p1|Volcarona, L50, M|
|poke|p1|Kingambit, L50, F|
|poke|p1|Gholdengo, L50|
|poke|p1|Electabuzz, L50, M|
|poke|p1|Ursaluna-Bloodmoon, L50, M|
|poke|p2|Archaludon, L50, M|
|poke|p2|Porygon2, L50|
|poke|p2|Incineroar, L50, M|
|poke|p2|Ursaluna, L50, M|
|poke|p2|Sneasler, L50, M|
|poke|p2|Dragonite, L50, M|
|teampreview|4
|showteam|p1|Dragonite||ClearAmulet|Multiscale|DragonDance,DragonClaw,TeraBlast,Protect|||M|||50|,,,,,Flying]Volcarona||CovertCloak|FlameBody|StruggleBug,FieryDance,RagePowder,Tailwind|||M|||50|,,,,,Fairy]Kingambit||BlackGlasses|Defiant|KowtowCleave,SuckerPunch,SwordsDance,Protect|||F|||50|,,,,,Dark]Gholdengo||LifeOrb|GoodasGold|NastyPlot,ShadowBall,MakeItRain,Protect||||||50|,,,,,Steel]Electabuzz||Eviolite|Static|FollowMe,HelpingHand,VoltSwitch,ThunderWave|||M|||50|,,,,,Grass]Ursaluna-Bloodmoon||AssaultVest|MindsEye|BloodMoon,HyperVoice,EarthPower,VacuumWave|||M|||50|,,,,,Water
|showteam|p2|Archaludon||PowerHerb|Sturdy|Protect,ElectroShot,DracoMeteor,FlashCannon|||M|||50|,,,,,Electric]Porygon2||Eviolite|Download|TeraBlast,IceBeam,Recover,TrickRoom||||||50|,,,,,Fighting]Incineroar||SafetyGoggles|Intimidate|FlareBlitz,KnockOff,FakeOut,PartingShot|||M|||50|,,,,,Ghost]Ursaluna||FlameOrb|Guts|HeadlongRush,Facade,Earthquake,Protect|||M|||50|,,,,,Ghost]Sneasler||FocusSash|Unburden|Protect,CloseCombat,DireClaw,ThroatChop|||M|||50|,,,,,Stellar]Dragonite||LoadedDice|Multiscale|ScaleShot,Tailwind,Haze,Protect|||M|||50|,,,,,Fairy
|inactive|Battle timer is ON: inactive players will automatically lose when time's up. (requested by marcusquinn)
|inactive|L3git Pro has 60 seconds left.
|inactive|marcusquinn has 60 seconds left.
|inactive|marcusquinn has 30 seconds left.
|inactive|marcusquinn has 20 seconds left.
|inactive|marcusquinn has 15 seconds left.
|inactive|marcusquinn has 10 seconds left.
|inactive|marcusquinn has 5 seconds left.
|
|t:|1757649409
|teamsize|p1|4
|teamsize|p2|4
|start
|switch|p1a: Volcarona|Volcarona, L50, M|100/100
|switch|p1b: Ursaluna|Ursaluna-Bloodmoon, L50, M|100/100
|switch|p2a: Dragonite|Dragonite, L50, M, shiny|100/100
|switch|p2b: Ursaluna|Ursaluna, L50, M|100/100
|turn|1
|
|t:|1757649432
|move|p2a: Dragonite|Tailwind|p2a: Dragonite
|-sidestart|p2: marcusquinn|move: Tailwind
|move|p2b: Ursaluna|Headlong Rush|p1a: Volcarona
|-damage|p1a: Volcarona|33/100
|-unboost|p2b: Ursaluna|def|1
|-unboost|p2b: Ursaluna|spd|1
|move|p1a: Volcarona|Fiery Dance|p2a: Dragonite
|-resisted|p2a: Dragonite
|-damage|p2a: Dragonite|92/100
|-boost|p1a: Volcarona|spa|1
|move|p1b: Ursaluna|Blood Moon|p2a: Dragonite
|-damage|p2a: Dragonite|2/100
|
|-status|p2b: Ursaluna|brn|[from] item: Flame Orb
|upkeep
|turn|2
|inactive|L3git Pro has 30 seconds left.
|inactive|marcusquinn has 30 seconds left.
|
|t:|1757649466
|move|p2a: Dragonite|Protect|p2a: Dragonite
|-singleturn|p2a: Dragonite|Protect
|move|p1a: Volcarona|Rage Powder|p1a: Volcarona
|-singleturn|p1a: Volcarona|move: Rage Powder
|move|p2b: Ursaluna|Earthquake|p1b: Ursaluna|[spread] p1a,p1b
|-activate|p2a: Dragonite|move: Protect
|-damage|p1a: Volcarona|0 fnt
|-damage|p1b: Ursaluna|43/100
|faint|p1a: Volcarona
|move|p1b: Ursaluna|Hyper Voice|p2b: Ursaluna|[spread] p2b
|-activate|p2a: Dragonite|move: Protect
|-damage|p2b: Ursaluna|46/100 brn
|
|-damage|p2b: Ursaluna|40/100 brn|[from] brn
|upkeep
|
|t:|1757649483
|switch|p1a: Dragonite|Dragonite, L50, M|100/100
|turn|3
|
|t:|1757649500
|switch|p2a: Incineroar|Incineroar, L50, M, shiny|100/100
|-ability|p2a: Incineroar|Intimidate|boost
|-fail|p1a: Dragonite|unboost|[from] item: Clear Amulet|[of] p1a: Dragonite
|-unboost|p1b: Ursaluna|atk|1
|move|p2b: Ursaluna|Facade|p1b: Ursaluna
|-damage|p1b: Ursaluna|0 fnt
|faint|p1b: Ursaluna
|move|p1a: Dragonite|Dragon Dance|p1a: Dragonite
|-boost|p1a: Dragonite|atk|1
|-boost|p1a: Dragonite|spe|1
|
|-damage|p2b: Ursaluna|35/100 brn|[from] brn
|upkeep
|
|t:|1757649510
|switch|p1b: Gholdengo|Gholdengo, L50|100/100
|turn|4
|
|t:|1757649520
|switch|p2a: Dragonite|Dragonite, L50, M, shiny|2/100
|move|p1b: Gholdengo|Protect|p1b: Gholdengo
|-singleturn|p1b: Gholdengo|Protect
|move|p2b: Ursaluna|Earthquake|p1a: Dragonite|[spread] 
|-activate|p1b: Gholdengo|move: Protect
|-immune|p2a: Dragonite
|-immune|p1a: Dragonite
|move|p1a: Dragonite|Dragon Claw|p2b: Ursaluna
|-damage|p2b: Ursaluna|0 fnt
|faint|p2b: Ursaluna
|
|-sideend|p2: marcusquinn|move: Tailwind
|upkeep
|
|t:|1757649537
|switch|p2b: Incineroar|Incineroar, L50, M, shiny|100/100
|-ability|p2b: Incineroar|Intimidate|boost
|-fail|p1a: Dragonite|unboost|[from] item: Clear Amulet|[of] p1a: Dragonite
|-unboost|p1b: Gholdengo|atk|1
|turn|5
|
|t:|1757649559
|move|p2a: Dragonite|Protect|p2a: Dragonite
|-singleturn|p2a: Dragonite|Protect
|move|p1a: Dragonite|Dragon Claw|p2a: Dragonite
|-activate|p2a: Dragonite|move: Protect
|move|p1b: Gholdengo|Make It Rain|p2b: Incineroar|[spread] p2b
|-activate|p2a: Dragonite|move: Protect
|-resisted|p2b: Incineroar
|-damage|p2b: Incineroar|66/100
|-unboost|p1b: Gholdengo|spa|1
|-damage|p1b: Gholdengo|91/100|[from] item: Life Orb
|move|p2b: Incineroar|Flare Blitz|p1b: Gholdengo
|-supereffective|p1b: Gholdengo
|-damage|p1b: Gholdengo|0 fnt
|faint|p1b: Gholdengo
|-damage|p2b: Incineroar|39/100|[from] Recoil
|
|upkeep
|turn|6
|
|t:|1757649579
|-terastallize|p2a: Dragonite|Fairy
|move|p1a: Dragonite|Dragon Claw|p2a: Dragonite
|-immune|p2a: Dragonite
|move|p2a: Dragonite|Scale Shot|p1a: Dragonite
|-supereffective|p1a: Dragonite
|-damage|p1a: Dragonite|85/100
|-supereffective|p1a: Dragonite
|-damage|p1a: Dragonite|56/100
|-supereffective|p1a: Dragonite
|-damage|p1a: Dragonite|30/100
|-supereffective|p1a: Dragonite
|-damage|p1a: Dragonite|0 fnt
|faint|p1a: Dragonite
|-hitcount|p1: Dragonite|4
|
|win|marcusquinn
||L3git Pro is ready for game 2.
|inactive|marcusquinn has 30 seconds to confirm battle start!
||marcusquinn is ready for game 2.
|uhtml|next|Next: Game 2 of 3
|l|☆marcusquinn
|player|p2|
|j|☆marcusquinn
|player|p2|marcusquinn|hilbert-wonderlauncher|
