|j|☆Fell Blue
|j|☆Balaapizza
|html|Fell BlueBalaapizza    
|uhtml|bestof|Game 1 of a best-of-3
|t:|1783456934
|gametype|doubles
|player|p1|Fell Blue|fantina|1189
|player|p2|Balaapizza|2|1235
|gen|9
|tier|[Gen 9 Champions] VGC 2026 Reg M-B (Bo3)
|rated|
|rule|Species Clause: Limit one of each Pokémon
|rule|Item Clause: Limit 1 of each item
|clearpoke
|poke|p1|Mawile, L50, M|
|poke|p1|Hydreigon, L50, F|
|poke|p1|Delphox, L50, F|
|poke|p1|Sneasler, L50, F|
|poke|p1|Sinistcha, L50|
|poke|p1|Incineroar, L50, M|
|poke|p2|Hawlucha, L50, F|
|poke|p2|Snorlax, L50, M|
|poke|p2|Sinistcha, L50|
|poke|p2|Incineroar, L50, M|
|poke|p2|Ninetales-Alola, L50, M|
|poke|p2|Gengar, L50, F|
|teampreview|4
|showteam|p1|Mawile||Mawilite|HyperCutter|SuckerPunch,PlayRough,SwordsDance,Protect|Brave||M|||50|]Hydreigon||ChoiceScarf|Levitate|DarkPulse,DracoMeteor,EarthPower,Snarl|Modest||F|||50|]Delphox||Delphoxite|Blaze|HeatWave,Psychic,NastyPlot,Protect|Timid||F|||50|]Sneasler||FocusSash|PoisonTouch|DireClaw,CloseCombat,QuickGuard,FakeOut|Adamant||F|||50|]Sinistcha||KasibBerry|Hospitality|Hex,TrickRoom,MatchaGotcha,RagePowder|Bold|||||50|]Incineroar||SitrusBerry|Intimidate|FlareBlitz,ThroatChop,PartingShot,FakeOut|Impish||M|||50|
|showteam|p2|Hawlucha||Hawluchanite|Limber|Entrainment,BraveBird,Protect,CloseCombat|Jolly||F|||50|]Snorlax||Leftovers|ThickFat|Stockpile,Protect,Fissure,BodyPress|Impish||M|||50|]Sinistcha||ColburBerry|Hospitality|RagePowder,TrickRoom,MatchaGotcha,Protect|Modest|||||50|]Incineroar||Charcoal|Intimidate|FakeOut,FlareBlitz,PartingShot,Protect|Impish||M|||50|]Ninetales-Alola||LightClay|SnowWarning|AuroraVeil,Blizzard,Encore,Protect|Timid||M|||50|]Gengar||Gengarite|CursedBody|PerishSong,Protect,ShadowBall,Disable|Timid||F|||50|
|
|t:|1783456996
|teamsize|p1|4
|teamsize|p2|4
|start
|switch|p1a: Incineroar|Incineroar, L50, M|100/100
|switch|p1b: Delphox|Delphox, L50, F|100/100
|switch|p2a: Snorlax|Snorlax, L50, M|100/100
|switch|p2b: Incineroar|Incineroar, L50, M|100/100
|-ability|p1a: Incineroar|Intimidate|boost
|-unboost|p2a: Snorlax|atk|1
|-unboost|p2b: Incineroar|atk|1
|-ability|p2b: Incineroar|Intimidate|boost
|-unboost|p1a: Incineroar|atk|1
|-unboost|p1b: Delphox|atk|1
|turn|1
|
|t:|1783457007
|detailschange|p1b: Delphox|Delphox-Mega, L50, F
|-mega|p1b: Delphox|Delphox|Delphoxite
|move|p1a: Incineroar|Fake Out|p2b: Incineroar
|-damage|p2b: Incineroar|94/100
|cant|p2b: Incineroar|flinch
|move|p1b: Delphox|Nasty Plot|p1b: Delphox
|-boost|p1b: Delphox|spa|2
|move|p2a: Snorlax|Stockpile|p2a: Snorlax
|-start|p2a: Snorlax|stockpile1
|-boost|p2a: Snorlax|def|1
|-boost|p2a: Snorlax|spd|1
|
|upkeep
|turn|2
|
|t:|1783457026
|move|p1b: Delphox|Psychic|p2a: Snorlax
|-damage|p2a: Snorlax|66/100
|move|p1a: Incineroar|Parting Shot|p2b: Incineroar
|-unboost|p2b: Incineroar|atk|1
|-unboost|p2b: Incineroar|spa|1
|
|t:|1783457029
|switch|p1a: Sneasler|Sneasler, L50, F|100/100|[from] Parting Shot
|move|p2b: Incineroar|Parting Shot|p1b: Delphox
|-unboost|p1b: Delphox|atk|1
|-unboost|p1b: Delphox|spa|1
|
|t:|1783457042
|switch|p2b: Sinistcha|Sinistcha, L50|100/100|[from] Parting Shot
|-heal|p2a: Snorlax|91/100|[from] ability: Hospitality|[of] p2b: Sinistcha
|move|p2a: Snorlax|Stockpile|p2a: Snorlax
|-start|p2a: Snorlax|stockpile2
|-boost|p2a: Snorlax|def|1
|-boost|p2a: Snorlax|spd|1
|
|-heal|p2a: Snorlax|97/100|[from] item: Leftovers
|upkeep
|turn|3
|
|t:|1783457068
|switch|p2b: Incineroar|Incineroar, L50, M|94/100
|-ability|p2b: Incineroar|Intimidate|boost
|-unboost|p1a: Sneasler|atk|1
|-unboost|p1b: Delphox|atk|1
|move|p1b: Delphox|Heat Wave|p2b: Incineroar|[spread] p2a
|-miss|p1b: Delphox|p2b: Incineroar
|-damage|p2a: Snorlax|88/100
|move|p1a: Sneasler|Close Combat|p2a: Snorlax
|-supereffective|p2a: Snorlax|1
|-damage|p2a: Snorlax|53/100
|-unboost|p1a: Sneasler|def|1
|-unboost|p1a: Sneasler|spd|1
|-status|p2a: Snorlax|psn|[from] ability: Poison Touch|[of] p1a: Sneasler
|move|p2a: Snorlax|Body Press|p1a: Sneasler
|-resisted|p1a: Sneasler|1
|-damage|p1a: Sneasler|49/100
|
|-heal|p2a: Snorlax|59/100 psn|[from] item: Leftovers
|-damage|p2a: Snorlax|47/100 psn|[from] psn
|upkeep
|turn|4
|
|t:|1783457107
|switch|p2b: Sinistcha|Sinistcha, L50|100/100
|-heal|p2a: Snorlax|72/100 psn|[from] ability: Hospitality|[of] p2b: Sinistcha
|move|p1b: Delphox|Heat Wave|p2a: Snorlax|[spread] p2a,p2b
|-supereffective|p2b: Sinistcha|1
|-damage|p2a: Snorlax|64/100 psn
|-damage|p2b: Sinistcha|0 fnt
|faint|p2b: Sinistcha
|move|p1a: Sneasler|Close Combat|p2a: Snorlax
|-supereffective|p2a: Snorlax|1
|-damage|p2a: Snorlax|30/100 psn
|-unboost|p1a: Sneasler|def|1
|-unboost|p1a: Sneasler|spd|1
|move|p2a: Snorlax|Body Press|p1a: Sneasler
|-resisted|p1a: Sneasler|1
|-crit|p1a: Sneasler
|-damage|p1a: Sneasler|0 fnt
|faint|p1a: Sneasler
|
|-heal|p2a: Snorlax|36/100 psn|[from] item: Leftovers
|-damage|p2a: Snorlax|24/100 psn|[from] psn
|upkeep
|
|t:|1783457127
|switch|p1a: Incineroar|Incineroar, L50, M|100/100
|switch|p2b: Hawlucha|Hawlucha, L50, F|100/100
|-ability|p1a: Incineroar|Intimidate|boost
|-unboost|p2a: Snorlax|atk|1
|-unboost|p2b: Hawlucha|atk|1
|turn|5
|
|t:|1783457137
|switch|p2b: Incineroar|Incineroar, L50, M|94/100
|-ability|p2b: Incineroar|Intimidate|boost
|-unboost|p1a: Incineroar|atk|1
|-unboost|p1b: Delphox|atk|1
|move|p2a: Snorlax|Protect|p2a: Snorlax
|-singleturn|p2a: Snorlax|Protect
|move|p1a: Incineroar|Fake Out|p2b: Incineroar
|-damage|p2b: Incineroar|88/100
|move|p1b: Delphox|Nasty Plot|p1b: Delphox
|-boost|p1b: Delphox|spa|2
|
|-heal|p2a: Snorlax|30/100 psn|[from] item: Leftovers
|-damage|p2a: Snorlax|17/100 psn|[from] psn
|upkeep
|turn|6
|
|t:|1783457164
|switch|p1a: Hydreigon|Hydreigon, L50, F|100/100
|move|p1b: Delphox|Protect|p1b: Delphox
|-singleturn|p1b: Delphox|Protect
|move|p2b: Incineroar|Parting Shot|p1a: Hydreigon
|-unboost|p1a: Hydreigon|atk|1
|-unboost|p1a: Hydreigon|spa|1
|
|t:|1783457170
|switch|p2b: Hawlucha|Hawlucha, L50, F|100/100|[from] Parting Shot
|move|p2a: Snorlax|Body Press|p1a: Hydreigon
|-supereffective|p1a: Hydreigon|1
|-damage|p1a: Hydreigon|13/100
|
|-heal|p2a: Snorlax|24/100 psn|[from] item: Leftovers
|-damage|p2a: Snorlax|11/100 psn|[from] psn
|upkeep
|turn|7
|
|t:|1783457187
|detailschange|p2b: Hawlucha|Hawlucha-Mega, L50, F
|-mega|p2b: Hawlucha|Hawlucha|Hawluchanite
|move|p1a: Hydreigon|Dark Pulse|p2a: Snorlax
|-damage|p2a: Snorlax|3/100 psn
|move|p1b: Delphox|Psychic|p2b: Hawlucha
|-supereffective|p2b: Hawlucha|1
|-crit|p2b: Hawlucha
|-damage|p2b: Hawlucha|0 fnt
|faint|p2b: Hawlucha
|move|p2a: Snorlax|Body Press|p1b: Delphox
|-resisted|p1b: Delphox|1
|-damage|p1b: Delphox|79/100
|
|-heal|p2a: Snorlax|9/100 psn|[from] item: Leftovers
|-damage|p2a: Snorlax|0 fnt|[from] psn
|faint|p2a: Snorlax
|upkeep
|-message|Balaapizza forfeited.
|
|win|Fell Blue
|l|☆Balaapizza
|player|p2|
||Balaapizza is ready for game 2.
