|j|☆blueperseu
|j|☆masterhax3
|html|blueperseumasterhax3    
|uhtml|bestof|Game 1 of a best-of-3
|t:|1756748574
|gametype|doubles
|player|p1|blueperseu|sabrina|1059
|player|p2|masterhax3|scientist-gen4dp|1077
|gen|9
|tier|[Gen 9] VGC 2025 Reg H (Bo3)
|rated|
|rule|Species Clause: Limit one of each Pokémon
|rule|Item Clause: Limit 1 of each item
|clearpoke
|poke|p1|Rillaboom, L50, F|
|poke|p1|Porygon2, L50|
|poke|p1|Primarina, L50, F|
|poke|p1|Sneasler, L50, F|
|poke|p1|Pachirisu, L50, F|
|poke|p1|Ursaluna, L50, M|
|poke|p2|Incineroar, L50, F|
|poke|p2|Porygon2, L50|
|poke|p2|Ursaluna, L50, M|
|poke|p2|Vivillon-Polar, L50, M|
|poke|p2|Gholdengo, L50|
|poke|p2|Sneasler, L50, M|
|teampreview|4
|showteam|p1|Rillaboom||AssaultVest|GrassySurge|WoodHammer,GrassyGlide,FakeOut,HighHorsepower|||F|||50|,,,,,Water]Porygon2||Eviolite|Download|TrickRoom,IceBeam,TeraBlast,Protect||||||50|,,,,,Flying]Primarina||LifeOrb|LiquidVoice|HyperVoice,DazzlingGleam,Moonblast,Protect|||F|||50|,,,,,Poison]Sneasler||FocusSash|PoisonTouch|Protect,DireClaw,CloseCombat,FakeOut|||F|||50|,,,,,Stellar]Pachirisu||SafetyGoggles|VoltAbsorb|Nuzzle,FollowMe,Protect,VoltSwitch|||F|||50|,,,,,Flying]Ursaluna||FlameOrb|Guts|Facade,Earthquake,HeadlongRush,Protect|||M|||50|,,,,,Ghost
|showteam|p2|Incineroar||SafetyGoggles|Intimidate|FakeOut,FlareBlitz,KnockOff,PartingShot|||F|||50|,,,,,Ghost]Porygon2||Eviolite|Download|TeraBlast,IceBeam,TrickRoom,Recover||||||50|,,,,,Fighting]Ursaluna||FlameOrb|Guts|HeadlongRush,Facade,Earthquake,Protect|||M|||50|,,,,,Poison]Vivillon-Polar||FocusSash|CompoundEyes|Hurricane,SleepPowder,Tailwind,Protect|||M|||50|,,,,,Ghost]Gholdengo||LifeOrb|GoodasGold|MakeItRain,ShadowBall,NastyPlot,Protect||||||50|,,,,,Water]Sneasler||WhiteHerb|Unburden|CloseCombat,DireClaw,ThroatChop,Protect|||M|||50|,,,,,Dark
|inactive|Battle timer is ON: inactive players will automatically lose when time's up. (requested by blueperseu)
|inactive|blueperseu has 30 seconds left.
|
|t:|1756748637
|teamsize|p1|4
|teamsize|p2|4
|start
|switch|p1a: Porygon2|Porygon2, L50, shiny|100/100
|switch|p1b: Pachirisu|Pachirisu, L50, F, shiny|100/100
|switch|p2a: Sneasler|Sneasler, L50, M|100/100
|switch|p2b: Vivillon|Vivillon-Polar, L50, M|100/100
|-ability|p1a: Porygon2|Download|boost
|-boost|p1a: Porygon2|atk|1
|turn|1
|
|t:|1756748663
|-terastallize|p1b: Pachirisu|Flying
|move|p1b: Pachirisu|Follow Me|p1b: Pachirisu
|-singleturn|p1b: Pachirisu|move: Follow Me
|move|p2a: Sneasler|Dire Claw|p1b: Pachirisu
|-damage|p1b: Pachirisu|57/100
|-status|p1b: Pachirisu|slp
|move|p2b: Vivillon|Sleep Powder|p1b: Pachirisu
|-activate|p1b: Pachirisu|item: Safety Goggles|Sleep Powder
|move|p1a: Porygon2|Trick Room|p1a: Porygon2
|-fieldstart|move: Trick Room|[of] p1a: Porygon2
|
|upkeep
|turn|2
|
|t:|1756748687
|switch|p2a: Ursaluna|Ursaluna, L50, M|100/100
|cant|p1b: Pachirisu|slp
|move|p1a: Porygon2|Ice Beam|p2b: Vivillon
|-supereffective|p2b: Vivillon
|-damage|p2b: Vivillon|18/100
|-status|p2b: Vivillon|frz
|cant|p2b: Vivillon|frz
|
|-status|p2a: Ursaluna|brn|[from] item: Flame Orb
|upkeep
|turn|3
|
|t:|1756748710
|-curestatus|p1b: Pachirisu|slp|[msg]
|move|p1b: Pachirisu|Follow Me|p1b: Pachirisu
|-singleturn|p1b: Pachirisu|move: Follow Me
|move|p1a: Porygon2|Ice Beam|p2a: Ursaluna
|-supereffective|p2a: Ursaluna
|-damage|p2a: Ursaluna|58/100 brn
|move|p2a: Ursaluna|Facade|p1b: Pachirisu
|-damage|p1b: Pachirisu|0 fnt
|faint|p1b: Pachirisu
|cant|p2b: Vivillon|frz
|
|-damage|p2a: Ursaluna|53/100 brn|[from] brn
|upkeep
|
|t:|1756748722
|switch|p1b: Rillaboom|Rillaboom, L50, F|100/100
|-fieldstart|move: Grassy Terrain|[from] ability: Grassy Surge|[of] p1b: Rillaboom
|turn|4
|
|t:|1756748736
|switch|p2a: Sneasler|Sneasler, L50, M|100/100
|move|p1b: Rillaboom|Fake Out|p2a: Sneasler
|-damage|p2a: Sneasler|80/100
|move|p1a: Porygon2|Ice Beam|p2b: Vivillon
|-supereffective|p2b: Vivillon
|-damage|p2b: Vivillon|0 fnt
|faint|p2b: Vivillon
|
|-heal|p2a: Sneasler|87/100|[from] Grassy Terrain
|upkeep
|
|t:|1756748752
|switch|p2b: Gholdengo|Gholdengo, L50|100/100
|turn|5
|
|t:|1756748768
|move|p1a: Porygon2|Ice Beam|p2a: Sneasler
|-damage|p2a: Sneasler|55/100
|move|p1b: Rillaboom|High Horsepower|p2b: Gholdengo
|-supereffective|p2b: Gholdengo
|-damage|p2b: Gholdengo|36/100
|move|p2b: Gholdengo|Nasty Plot|p2b: Gholdengo
|-boost|p2b: Gholdengo|spa|2
|move|p2a: Sneasler|Dire Claw|p1b: Rillaboom
|-supereffective|p1b: Rillaboom
|-damage|p1b: Rillaboom|23/100
|-status|p1b: Rillaboom|par
|
|-heal|p1b: Rillaboom|29/100 par|[from] Grassy Terrain
|-heal|p2b: Gholdengo|42/100|[from] Grassy Terrain
|-heal|p2a: Sneasler|61/100|[from] Grassy Terrain
|-fieldend|move: Trick Room
|upkeep
|turn|6
|
|t:|1756748788
|move|p2a: Sneasler|Close Combat|p1a: Porygon2
|-supereffective|p1a: Porygon2
|-damage|p1a: Porygon2|32/100
|-unboost|p2a: Sneasler|def|1
|-unboost|p2a: Sneasler|spd|1
|-enditem|p2a: Sneasler|White Herb
|-clearnegativeboost|p2a: Sneasler|[silent]
|move|p2b: Gholdengo|Make It Rain|p1a: Porygon2|[spread] p1a,p1b
|-damage|p1a: Porygon2|0 fnt
|-damage|p1b: Rillaboom|0 fnt
|-unboost|p2b: Gholdengo|spa|1
|faint|p1a: Porygon2
|faint|p1b: Rillaboom
|-damage|p2b: Gholdengo|32/100|[from] item: Life Orb
|
|-heal|p2a: Sneasler|67/100|[from] Grassy Terrain
|-heal|p2b: Gholdengo|38/100|[from] Grassy Terrain
|upkeep
|
|t:|1756748798
|switch|p1b: Primarina|Primarina, L50, F|100/100
|turn|7
|
|t:|1756748812
|move|p2a: Sneasler|Dire Claw|p1b: Primarina
|-supereffective|p1b: Primarina
|-damage|p1b: Primarina|7/100
|move|p2b: Gholdengo|Make It Rain|p1b: Primarina
|-damage|p1b: Primarina|0 fnt
|-unboost|p2b: Gholdengo|spa|1
|faint|p1b: Primarina
|-damage|p2b: Gholdengo|29/100|[from] item: Life Orb
|
|win|masterhax3
||blueperseu is ready for game 2.
|inactive|masterhax3 has 30 seconds to confirm battle start!
||masterhax3 is ready for game 2.
|uhtml|next|Next: Game 2 of 3
|l|☆blueperseu
|player|p1|
