|j|☆Slowerik9
|j|☆FunAxel64
|html|Slowerik9FunAxel64    
|uhtml|bestof|Game 1 of a best-of-3
|t:|1785792698
|gametype|doubles
|player|p1|Slowerik9|riley|
|player|p2|FunAxel64|102|
|gen|9
|tier|[Gen 9 Champions] VGC 2026 Reg M-B (Bo3)
|rule|Species Clause: Limit one of each Pokémon
|rule|Item Clause: Limit 1 of each item
|clearpoke
|poke|p1|Tyranitar, L50, M|
|poke|p1|Excadrill, L50, F|
|poke|p1|Gholdengo, L50|
|poke|p1|Milotic, L50, F|
|poke|p1|Sinistcha-Masterpiece, L50|
|poke|p1|Staraptor, L50, F|
|poke|p2|Aggron, L50, M|
|poke|p2|Sinistcha, L50|
|poke|p2|Tyranitar, L50, F|
|poke|p2|Excadrill, L50, M|
|poke|p2|Aegislash, L50, F|
|poke|p2|Mr. Rime, L50, M|
|teampreview|4
|showteam|p1|Tyranitar||Tyranitarite|SandStream|RockSlide,KnockOff,LowKick,Protect|Jolly||M|||50|]Excadrill||FocusSash|SandRush|HighHorsepower,IronHead,RockSlide,Protect|Adamant||F|||50|]Gholdengo||LifeOrb|GoodasGold|ShadowBall,MakeItRain,NastyPlot,Protect|Serious|||||50|]Milotic||SitrusBerry|Competitive|Scald,IceBeam,IcyWind,Protect|Calm||F|||50|]Sinistcha-Masterpiece||ColburBerry|Hospitality|ShadowBall,MatchaGotcha,RagePowder,Protect|Bold|||||50|]Staraptor||Staraptite|Intimidate|CloseCombat,BraveBird,Tailwind,Protect|Jolly||F|||50|
|showteam|p2|Aggron||Aggronite|Sturdy|HeavySlam,BodyPress,IronDefense,Protect|Careful||M|||50|]Sinistcha||Leftovers|Heatproof|TrickRoom,MatchaGotcha,ShadowBall,RagePowder|Bold|||||50|]Tyranitar||ChoiceScarf|SandStream|RockSlide,KnockOff,IcePunch,LowKick|Adamant||F|||50|]Excadrill||FocusSash|SandRush|RockSlide,IronHead,Protect,HighHorsepower|Adamant||M|||50|]Aegislash||OccaBerry|StanceChange|KingsShield,WideGuard,ShadowBall,FlashCannon|Modest||F|||50|]Mr. Rime||SitrusBerry|ScreenCleaner|FreezeDry,FakeOut,Psychic,Protect|Timid||M|||50|
|inactive|Battle timer is ON: inactive players will automatically lose when time's up. (requested by Slowerik9)
|inactive|FunAxel64 has 60 seconds left.
|
|t:|1785792730
|teamsize|p1|4
|teamsize|p2|4
|start
|switch|p1a: Milotic|Milotic, L50, F|100/100
|switch|p1b: Gholdengo|Gholdengo, L50|100/100
|switch|p2a: Excadrill|Excadrill, L50, M|100/100
|switch|p2b: Mr. Rime|Mr. Rime, L50, M|100/100
|turn|1
|inactive|Slowerik9 has 30 seconds left.
|
|t:|1785792760
|move|p1b: Gholdengo|Protect|p1b: Gholdengo
|-singleturn|p1b: Gholdengo|Protect
|move|p2b: Mr. Rime|Fake Out|p1a: Milotic
|-damage|p1a: Milotic|91/100
|move|p2a: Excadrill|High Horsepower|p1b: Gholdengo
|-activate|p1b: Gholdengo|move: Protect
|cant|p1a: Milotic|flinch
|
|upkeep
|turn|2
|inactive|Slowerik9 has 30 seconds left.
|
|t:|1785792789
|switch|p1b: Sinistcha|Sinistcha-Masterpiece, L50|100/100
|-heal|p1a: Milotic|100/100|[from] ability: Hospitality|[of] p1b: Sinistcha
|move|p2a: Excadrill|Protect|p2a: Excadrill
|-singleturn|p2a: Excadrill|Protect
|move|p2b: Mr. Rime|Freeze-Dry|p1a: Milotic
|-supereffective|p1a: Milotic|1
|-damage|p1a: Milotic|67/100
|move|p1a: Milotic|Icy Wind|p2a: Excadrill|[spread] p2b
|-activate|p2a: Excadrill|move: Protect
|-resisted|p2b: Mr. Rime|1
|-damage|p2b: Mr. Rime|95/100
|-unboost|p2b: Mr. Rime|spe|1
|
|upkeep
|turn|3
|inactive|FunAxel64 has 30 seconds left.
|
|t:|1785792822
|move|p1b: Sinistcha|Rage Powder|p1b: Sinistcha
|-singleturn|p1b: Sinistcha|move: Rage Powder
|move|p2a: Excadrill|High Horsepower|p1b: Sinistcha
|-resisted|p1b: Sinistcha|1
|-damage|p1b: Sinistcha|79/100
|move|p1a: Milotic|Scald|p2a: Excadrill
|-supereffective|p2a: Excadrill|1
|-damage|p2a: Excadrill|25/100
|move|p2b: Mr. Rime|Freeze-Dry|p1b: Sinistcha
|-supereffective|p1b: Sinistcha|1
|-damage|p1b: Sinistcha|11/100
|
|upkeep
|turn|4
|inactive|Slowerik9 has 30 seconds left.
|inactive|Slowerik9 has 20 seconds left.
|
|t:|1785792861
|move|p2a: Excadrill|Protect|p2a: Excadrill
|-singleturn|p2a: Excadrill|Protect
|move|p1b: Sinistcha|Protect|p1b: Sinistcha
|-singleturn|p1b: Sinistcha|Protect
|move|p1a: Milotic|Scald|p2a: Excadrill
|-activate|p2a: Excadrill|move: Protect
|move|p2b: Mr. Rime|Freeze-Dry|p1b: Sinistcha
|-activate|p1b: Sinistcha|move: Protect
|
|upkeep
|turn|5
|
|t:|1785792879
|switch|p1b: Staraptor|Staraptor, L50, F|100/100
|-ability|p1b: Staraptor|Intimidate|boost
|-unboost|p2a: Excadrill|atk|1
|-unboost|p2b: Mr. Rime|atk|1
|switch|p2b: Sinistcha|Sinistcha, L50|100/100
|move|p2a: Excadrill|Rock Slide|p1a: Milotic|[spread] p1a,p1b
|-supereffective|p1b: Staraptor|1
|-damage|p1a: Milotic|52/100
|-damage|p1b: Staraptor|54/100
|move|p1a: Milotic|Scald|p2a: Excadrill
|-supereffective|p2a: Excadrill|1
|-damage|p2a: Excadrill|0 fnt
|faint|p2a: Excadrill
|
|upkeep
|
|t:|1785792897
|switch|p2a: Mr. Rime|Mr. Rime, L50, M|95/100
|turn|6
|
|t:|1785792913
|detailschange|p1b: Staraptor|Staraptor-Mega, L50, F
|-mega|p1b: Staraptor|Staraptor|Staraptite
|move|p2a: Mr. Rime|Fake Out|p1b: Staraptor
|-damage|p1b: Staraptor|45/100
|cant|p1b: Staraptor|flinch
|move|p1a: Milotic|Ice Beam|p2b: Sinistcha
|-supereffective|p2b: Sinistcha|1
|-crit|p2b: Sinistcha
|-damage|p2b: Sinistcha|33/100
|move|p2b: Sinistcha|Trick Room|p2b: Sinistcha
|-fieldstart|move: Trick Room|[of] p2b: Sinistcha
|
|-heal|p2b: Sinistcha|39/100|[from] item: Leftovers
|upkeep
|turn|7
|inactive|Slowerik9 has 30 seconds left.
|
|t:|1785792944
|switch|p1a: Sinistcha|Sinistcha-Masterpiece, L50|11/100
|-heal|p1b: Staraptor|69/100|[from] ability: Hospitality|[of] p1a: Sinistcha
|move|p2a: Mr. Rime|Protect|p2a: Mr. Rime
|-singleturn|p2a: Mr. Rime|Protect
|move|p2b: Sinistcha|Matcha Gotcha|p1a: Sinistcha|[spread] p1a,p1b
|-resisted|p1a: Sinistcha|1
|-resisted|p1b: Staraptor|1
|-damage|p1a: Sinistcha|0 fnt
|-heal|p2b: Sinistcha|45/100|[from] drain|[of] p1a: Sinistcha
|-damage|p1b: Staraptor|55/100
|-heal|p2b: Sinistcha|52/100|[from] drain|[of] p1b: Staraptor
|-status|p1b: Staraptor|brn
|faint|p1a: Sinistcha
|move|p1b: Staraptor|Close Combat|p2a: Mr. Rime
|-activate|p2a: Mr. Rime|move: Protect
|
|-heal|p2b: Sinistcha|58/100|[from] item: Leftovers
|-damage|p1b: Staraptor|49/100 brn|[from] brn
|upkeep
|
|t:|1785792953
|switch|p1a: Gholdengo|Gholdengo, L50|100/100
|turn|8
|c|☆FunAxel64|Por accidente le puse la habilidad equivocada a mi sinistcha XD
|
|t:|1785792973
|switch|p2a: Aggron|Aggron, L50, M|100/100
|move|p1b: Staraptor|Protect|p1b: Staraptor
|-singleturn|p1b: Staraptor|Protect
|move|p2b: Sinistcha|Rage Powder|p2b: Sinistcha
|-singleturn|p2b: Sinistcha|move: Rage Powder
|move|p1a: Gholdengo|Nasty Plot|p1a: Gholdengo
|-boost|p1a: Gholdengo|spa|2
|
|-heal|p2b: Sinistcha|64/100|[from] item: Leftovers
|-damage|p1b: Staraptor|43/100 brn|[from] brn
|upkeep
|turn|9
|
|t:|1785792993
|switch|p1b: Milotic|Milotic, L50, F|52/100
|detailschange|p2a: Aggron|Aggron-Mega, L50, M
|-mega|p2a: Aggron|Aggron|Aggronite
|move|p2a: Aggron|Iron Defense|p2a: Aggron
|-boost|p2a: Aggron|def|2
|move|p2b: Sinistcha|Shadow Ball|p1a: Gholdengo
|-supereffective|p1a: Gholdengo|1
|-damage|p1a: Gholdengo|32/100
|move|p1a: Gholdengo|Shadow Ball|p2b: Sinistcha
|-supereffective|p2b: Sinistcha|1
|-damage|p2b: Sinistcha|0 fnt
|faint|p2b: Sinistcha
|-damage|p1a: Gholdengo|23/100|[from] item: Life Orb
|
|upkeep
|
|t:|1785793006
|switch|p2b: Mr. Rime|Mr. Rime, L50, M|95/100
|turn|10
|
|t:|1785793018
|move|p1b: Milotic|Protect|p1b: Milotic
|-singleturn|p1b: Milotic|Protect
|move|p1a: Gholdengo|Protect|p1a: Gholdengo
|-singleturn|p1a: Gholdengo|Protect
|move|p2b: Mr. Rime|Fake Out|p1b: Milotic
|-activate|p1b: Milotic|move: Protect
|move|p2a: Aggron|Iron Defense|p2a: Aggron
|-boost|p2a: Aggron|def|2
|
|-fieldend|move: Trick Room
|upkeep
|turn|11
|inactive|FunAxel64 has 30 seconds left.
|inactive|Slowerik9 has 30 seconds left.
|
|t:|1785793054
|move|p2a: Aggron|Protect|p2a: Aggron
|-singleturn|p2a: Aggron|Protect
|move|p2b: Mr. Rime|Psychic|p1a: Gholdengo
|-resisted|p1a: Gholdengo|1
|-damage|p1a: Gholdengo|4/100
|move|p1a: Gholdengo|Make It Rain|p2a: Aggron|[spread] p2b
|-activate|p2a: Aggron|move: Protect
|-supereffective|p2b: Mr. Rime|1
|-damage|p2b: Mr. Rime|0 fnt
|-unboost|p1a: Gholdengo|spa|2
|faint|p2b: Mr. Rime
|-damage|p1a: Gholdengo|0 fnt|[from] item: Life Orb
|faint|p1a: Gholdengo
|move|p1b: Milotic|Scald|p2a: Aggron
|-activate|p2a: Aggron|move: Protect
|
|upkeep
|
|t:|1785793069
|switch|p1a: Staraptor|Staraptor-Mega, L50, F|43/100 brn
|turn|12
|
|t:|1785793088
|move|p1a: Staraptor|Protect|p1a: Staraptor
|-singleturn|p1a: Staraptor|Protect
|move|p1b: Milotic|Ice Beam|p2a: Aggron
|-resisted|p2a: Aggron|1
|-damage|p2a: Aggron|90/100
|move|p2a: Aggron|Body Press|p1a: Staraptor
|-activate|p1a: Staraptor|move: Protect
|
|-damage|p1a: Staraptor|37/100 brn|[from] brn
|upkeep
|turn|13
|
|t:|1785793105
|move|p1a: Staraptor|Close Combat|p2a: Aggron
|-supereffective|p2a: Aggron|1
|-damage|p2a: Aggron|81/100
|-boost|p1a: Staraptor|def|1
|-boost|p1a: Staraptor|spd|1
|move|p1b: Milotic|Scald|p2a: Aggron
|-damage|p2a: Aggron|57/100
|-status|p2a: Aggron|brn
|move|p2a: Aggron|Body Press|p1a: Staraptor
|-resisted|p1a: Staraptor|1
|-damage|p1a: Staraptor|16/100 brn
|
|-damage|p1a: Staraptor|10/100 brn|[from] brn
|-damage|p2a: Aggron|50/100g brn|[from] brn
|upkeep
|turn|14
|
|t:|1785793121
|move|p2a: Aggron|Protect|p2a: Aggron
|-singleturn|p2a: Aggron|Protect
|move|p1a: Staraptor|Close Combat|p2a: Aggron
|-activate|p2a: Aggron|move: Protect
|move|p1b: Milotic|Scald|p2a: Aggron
|-activate|p2a: Aggron|move: Protect
|
|-damage|p1a: Staraptor|4/100 brn|[from] brn
|-damage|p2a: Aggron|44/100 brn|[from] brn
|upkeep
|turn|15
|
|t:|1785793132
|move|p1a: Staraptor|Close Combat|p2a: Aggron
|-supereffective|p2a: Aggron|1
|-damage|p2a: Aggron|35/100 brn
|-boost|p1a: Staraptor|def|1
|-boost|p1a: Staraptor|spd|1
|move|p1b: Milotic|Scald|p2a: Aggron
|-damage|p2a: Aggron|11/100 brn
|move|p2a: Aggron|Body Press|p1b: Milotic
|-damage|p1b: Milotic|0 fnt
|faint|p1b: Milotic
|
|-damage|p1a: Staraptor|0 fnt|[from] brn
|faint|p1a: Staraptor
|
|win|FunAxel64
|inactive|Slowerik9 has 30 seconds to confirm battle start!
|inactive|FunAxel64 has 30 seconds to confirm battle start!
|l|☆FunAxel64
|player|p2|
|inactive|Slowerik9 has 20 seconds to confirm battle start!
|inactive|FunAxel64 has 20 seconds to confirm battle start!
||FunAxel64 is ready for game 2.
|l|☆Slowerik9
|player|p1|
|inactive|Slowerik9 has 10 seconds to confirm battle start!
|j|☆Slowerik9
|player|p1|Slowerik9|riley|
||Slowerik9 is ready for game 2.
|uhtml|next|Next: Game 2 of 3
|l|☆Slowerik9
|player|p1|
|j|☆FunAxel64
|player|p2|FunAxel64|102|
