|j|☆okes30
|j|☆C.blaze
|html|okes30C.blaze    
|uhtml|bestof|Game 2 of a best-of-3
|t:|1784215988
|gametype|doubles
|player|p1|okes30|1|1142
|player|p2|C.blaze|2|1042
|gen|9
|tier|[Gen 9 Champions] VGC 2026 Reg M-B (Bo3)
|rated|
|rule|Species Clause: Limit one of each Pokémon
|rule|Item Clause: Limit 1 of each item
|clearpoke
|poke|p1|Delphox, L50, M|
|poke|p1|Blastoise, L50, F|
|poke|p1|Sinistcha-Masterpiece, L50|
|poke|p1|Sneasler, L50, F|
|poke|p1|Incineroar, L50, M, shiny|
|poke|p1|Kingambit, L50, M|
|poke|p2|Kingambit, L50, M|
|poke|p2|Hydreigon, L50, F|
|poke|p2|Pelipper, L50, M|
|poke|p2|Swampert, L50, M|
|poke|p2|Sableye, L50, M|
|poke|p2|Sinistcha-Masterpiece, L50|
|teampreview|4
|showteam|p1|Delphox||Delphoxite|Blaze|HeatWave,Psyshock,NastyPlot,Protect|Modest||M|||50|]Blastoise||Blastoisinite|RainDish|WaterSpout,DarkPulse,ShellSmash,Protect|Modest||F|||50|]Sinistcha-Masterpiece||MentalHerb|Hospitality|TrickRoom,MatchaGotcha,RagePowder,Imprison|Calm|||||50|]Sneasler||FocusSash|PoisonTouch|PoisonJab,FakeOut,QuickGuard,CloseCombat|Jolly||F|||50|]Incineroar||SitrusBerry|Intimidate|PartingShot,FakeOut,FlareBlitz,ThroatChop|Careful||M|||50|]Kingambit||BlackGlasses|Defiant|LowKick,SuckerPunch,KowtowCleave,Protect|Adamant||M|||50|
|showteam|p2|Kingambit||BlackGlasses|Defiant|KowtowCleave,SuckerPunch,Protect,IronHead|Adamant||M|||50|]Hydreigon||HabanBerry|Levitate|DracoMeteor,DarkPulse,Protect,Snarl|Timid||F|||50|]Pelipper||FocusSash|Drizzle|Hurricane,WeatherBall,Protect,Tailwind|Timid||M|||50|]Swampert||Swampertite|Torrent|WaveCrash,HighHorsepower,Protect,IcePunch|Adamant||M|||50|]Sableye||RoseliBerry|Prankster|FoulPlay,WillOWisp,RainDance,FakeOut|Careful||M|||50|]Sinistcha-Masterpiece||SitrusBerry|Hospitality|MatchaGotcha,RagePowder,Protect,TrickRoom|Quiet|||||50|
|l|☆okes30
|player|p1|
|inactive|Battle timer is ON: inactive players will automatically lose when time's up. (requested by C.blaze)
|j|☆okes30
|inactive|okes30 reconnected and has 85 seconds left.
|player|p1|okes30|1|
|inactive|okes30 has 60 seconds left.
|
|t:|1784216050
|teamsize|p1|4
|teamsize|p2|4
|start
|switch|p1a: Blastoise|Blastoise, L50, F|100/100
|switch|p1b: Sneasler|Sneasler, L50, F|100/100
|switch|p2a: Hydreigon|Hydreigon, L50, F|100/100
|switch|p2b: Sableye|Sableye, L50, M|100/100
|turn|1
|
|t:|1784216073
|switch|p2a: Sinistcha|Sinistcha-Masterpiece, L50|100/100
|detailschange|p1a: Blastoise|Blastoise-Mega, L50, F
|-mega|p1a: Blastoise|Blastoise|Blastoisinite
|move|p1a: Blastoise|Protect|p1a: Blastoise
|-singleturn|p1a: Blastoise|Protect
|move|p2b: Sableye|Fake Out|p1a: Blastoise
|-activate|p1a: Blastoise|move: Protect
|move|p1b: Sneasler|Close Combat|p2a: Sinistcha
|-immune|p2a: Sinistcha
|
|upkeep
|turn|2
|
|t:|1784216096
|switch|p1b: Kingambit|Kingambit, L50, M|100/100
|switch|p2b: Hydreigon|Hydreigon, L50, F|100/100
|move|p1a: Blastoise|Dark Pulse|p2a: Sinistcha
|-supereffective|p2a: Sinistcha|1
|-crit|p2a: Sinistcha
|-damage|p2a: Sinistcha|0 fnt
|faint|p2a: Sinistcha
|
|upkeep
|
|t:|1784216105
|switch|p2a: Swampert|Swampert, L50, M|100/100
|turn|3
|inactive|okes30 has 30 seconds left.
|inactive|okes30 has 20 seconds left.
|
|t:|1784216142
|detailschange|p2a: Swampert|Swampert-Mega, L50, M
|-mega|p2a: Swampert|Swampert|Swampertite
|move|p1a: Blastoise|Protect|p1a: Blastoise
|-singleturn|p1a: Blastoise|Protect
|move|p2b: Hydreigon|Dark Pulse|p1b: Kingambit
|-resisted|p1b: Kingambit|1
|-damage|p1b: Kingambit|79/100
|move|p2a: Swampert|High Horsepower|p1b: Kingambit
|-supereffective|p1b: Kingambit|1
|-damage|p1b: Kingambit|0 fnt
|faint|p1b: Kingambit
|
|upkeep
|
|t:|1784216151
|switch|p1b: Sneasler|Sneasler, L50, F|100/100
|turn|4
|
|t:|1784216161
|switch|p2b: Sableye|Sableye, L50, M|100/100
|move|p1b: Sneasler|Fake Out|p2a: Swampert
|-damage|p2a: Swampert|88/100
|cant|p2a: Swampert|flinch
|move|p1a: Blastoise|Shell Smash|p1a: Blastoise
|-unboost|p1a: Blastoise|def|1
|-unboost|p1a: Blastoise|spd|1
|-boost|p1a: Blastoise|atk|2
|-boost|p1a: Blastoise|spa|2
|-boost|p1a: Blastoise|spe|2
|
|upkeep
|turn|5
|l|☆okes30
|inactive|okes30 disconnected and has a minute to reconnect!
|player|p1|
|inactive|okes30 has 30 seconds left.
|j|☆okes30
|inactive|okes30 reconnected and has 25 seconds left.
|player|p1|okes30|1|
|inactive|okes30 has 20 seconds left.
|
|t:|1784216199
|switch|p1b: Sinistcha|Sinistcha-Masterpiece, L50|100/100
|move|p1a: Blastoise|Protect|p1a: Blastoise
|-singleturn|p1a: Blastoise|Protect
|move|p2b: Sableye|Fake Out|p1a: Blastoise
|-activate|p1a: Blastoise|move: Protect
|move|p2a: Swampert|Ice Punch|p1b: Sinistcha
|-supereffective|p1b: Sinistcha|1
|-crit|p1b: Sinistcha
|-damage|p1b: Sinistcha|13/100
|
|upkeep
|turn|6
|
|t:|1784216213
|move|p2a: Swampert|Protect|p2a: Swampert
|-singleturn|p2a: Swampert|Protect
|move|p1b: Sinistcha|Rage Powder|p1b: Sinistcha
|-singleturn|p1b: Sinistcha|move: Rage Powder
|move|p1a: Blastoise|Water Spout|p2a: Swampert|[spread] p2b
|-activate|p2a: Swampert|move: Protect
|-damage|p2b: Sableye|0 fnt
|faint|p2b: Sableye
|
|upkeep
|
|t:|1784216221
|switch|p2b: Hydreigon|Hydreigon, L50, F|100/100
|turn|7
|
|t:|1784216232
|move|p1b: Sinistcha|Rage Powder|p1b: Sinistcha
|-singleturn|p1b: Sinistcha|move: Rage Powder
|move|p1a: Blastoise|Water Spout|p2b: Hydreigon|[spread] p2a,p2b
|-resisted|p2b: Hydreigon|1
|-damage|p2a: Swampert|0 fnt
|-damage|p2b: Hydreigon|27/100
|faint|p2a: Swampert
|move|p2b: Hydreigon|Snarl|p1b: Sinistcha|[spread] p1b
|-miss|p2b: Hydreigon|p1a: Blastoise
|-supereffective|p1b: Sinistcha|1
|-damage|p1b: Sinistcha|0 fnt
|faint|p1b: Sinistcha
|
|upkeep
|
|t:|1784216237
|switch|p1b: Sneasler|Sneasler, L50, F|100/100
|turn|8
|
|t:|1784216241
|move|p1a: Blastoise|Water Spout|p2b: Hydreigon
|-resisted|p2b: Hydreigon|1
|-damage|p2b: Hydreigon|0 fnt
|faint|p2b: Hydreigon
|
|win|okes30
|raw|okes30's rating: 1142 → 1160(+18 for winning)
|raw|C.blaze's rating: 1042 → 1030(-12 for losing)
