|j|☆ranakos
|j|☆CyanMepuru
|html|ranakosCyanMepuru    
|uhtml|bestof|Game 1 of a best-of-3
|t:|1757851772
|gametype|doubles
|player|p1|ranakos|scientist-gen4|1156
|player|p2|CyanMepuru|juan|1105
|gen|9
|tier|[Gen 9] VGC 2025 Reg H (Bo3)
|rated|
|rule|Species Clause: Limit one of each Pokémon
|rule|Item Clause: Limit 1 of each item
|clearpoke
|poke|p1|Gholdengo, L50|
|poke|p1|Sneasler, L50, M|
|poke|p1|Rillaboom, L50, M|
|poke|p1|Dragonite, L50, F|
|poke|p1|Ninetales-Alola, L50, F|
|poke|p1|Arcanine-Hisui, L50, F|
|poke|p2|Tatsugiri, L50, M|
|poke|p2|Dondozo, L50, M|
|poke|p2|Incineroar, L50, M|
|poke|p2|Rillaboom, L50, M|
|poke|p2|Sneasler, L50, M|
|poke|p2|Raichu, L50, F|
|teampreview|4
|showteam|p1|Gholdengo||GrassySeed|GoodasGold|NastyPlot,MakeItRain,ShadowBall,Protect||||||50|,,,,,Water]Sneasler||WhiteHerb|Unburden|CloseCombat,DireClaw,Coaching,Protect|||M|||50|,,,,,Ghost]Rillaboom||AssaultVest|GrassySurge|FakeOut,GrassyGlide,DrumBeating,HighHorsepower|||M|||50|,,,,,Fire]Dragonite||LoadedDice|Multiscale|ScaleShot,StompingTantrum,Tailwind,Protect|||F|||50|,,,,,Ground]Ninetales-Alola||LifeOrb|SnowWarning|Blizzard,Protect,Encore,AuroraVeil|||F|||50|,,,,,Ghost]Arcanine-Hisui||ClearAmulet|Intimidate|RockSlide,FlareBlitz,ExtremeSpeed,Protect|||F|||50|,,,,,Water
|showteam|p2|Tatsugiri||EjectPack|Commander|DracoMeteor,MirrorCoat,MuddyWater,IcyWind|||M|||50|,,,,,Dragon]Dondozo||Leftovers|Oblivious|Protect,OrderUp,Earthquake,RockSlide|||M|||50|,,,,,Dragon]Incineroar||CovertCloak|Intimidate|FakeOut,KnockOff,PartingShot,Protect|||M|||50|,,,,,Fire]Rillaboom||LifeOrb|GrassySurge|GrassyGlide,FakeOut,HighHorsepower,Protect|||M|||50|,,,,,Grass]Sneasler||GrassySeed|Unburden|FakeOut,DireClaw,CloseCombat,Protect|||M|||50|,,,,,Dark]Raichu||AssaultVest|LightningRod|Nuzzle,VoltSwitch,FakeOut,Endeavor|||F|||50|,,,,,Fairy
|inactive|Battle timer is ON: inactive players will automatically lose when time's up. (requested by CyanMepuru)
|inactive|ranakos has 60 seconds left.
|
|t:|1757851812
|teamsize|p1|4
|teamsize|p2|4
|start
|switch|p1a: Uretro|Gholdengo, L50|100/100
|switch|p1b: Arcanine|Arcanine-Hisui, L50, F|100/100
|switch|p2a: Incineroar|Incineroar, L50, M|100/100
|switch|p2b: Sneasler|Sneasler, L50, M, shiny|100/100
|-ability|p1b: Arcanine|Intimidate|boost
|-unboost|p2a: Incineroar|atk|1
|-unboost|p2b: Sneasler|atk|1
|-ability|p2a: Incineroar|Intimidate|boost
|-unboost|p1a: Uretro|atk|1
|-fail|p1b: Arcanine|unboost|[from] item: Clear Amulet|[of] p1b: Arcanine
|turn|1
|
|t:|1757851829
|switch|p1b: Rillaboom|Rillaboom, L50, M|100/100
|-fieldstart|move: Grassy Terrain|[from] ability: Grassy Surge|[of] p1b: Rillaboom
|-enditem|p2b: Sneasler|Grassy Seed
|-boost|p2b: Sneasler|def|1|[from] item: Grassy Seed
|-enditem|p1a: Uretro|Grassy Seed
|-boost|p1a: Uretro|def|1|[from] item: Grassy Seed
|move|p2b: Sneasler|Fake Out|p1b: Rillaboom
|-damage|p1b: Rillaboom|89/100
|move|p1a: Uretro|Nasty Plot|p1a: Uretro
|-boost|p1a: Uretro|spa|2
|move|p2a: Incineroar|Knock Off|p1a: Uretro
|-supereffective|p1a: Uretro
|-damage|p1a: Uretro|75/100
|
|-heal|p1b: Rillaboom|95/100|[from] Grassy Terrain
|-heal|p1a: Uretro|82/100|[from] Grassy Terrain
|upkeep
|turn|2
|
|t:|1757851851
|move|p2a: Incineroar|Protect|p2a: Incineroar
|-singleturn|p2a: Incineroar|Protect
|move|p2b: Sneasler|Dire Claw|p1b: Rillaboom
|-supereffective|p1b: Rillaboom
|-damage|p1b: Rillaboom|31/100
|-status|p1b: Rillaboom|par
|move|p1a: Uretro|Make It Rain|p2a: Incineroar|[spread] p2b
|-activate|p2a: Incineroar|move: Protect
|-damage|p2b: Sneasler|0 fnt
|-unboost|p1a: Uretro|spa|1
|faint|p2b: Sneasler
|move|p1b: Rillaboom|High Horsepower|p2a: Incineroar
|-activate|p2a: Incineroar|move: Protect
|
|-heal|p1a: Uretro|88/100|[from] Grassy Terrain
|-heal|p1b: Rillaboom|36/100 par|[from] Grassy Terrain
|upkeep
|
|t:|1757851868
|switch|p2b: Tatsugiri|Tatsugiri, L50, M, shiny|100/100
|turn|3
|
|t:|1757851899
|move|p2b: Tatsugiri|Draco Meteor|p1b: Rillaboom
|-damage|p1b: Rillaboom|0 fnt
|-unboost|p2b: Tatsugiri|spa|2
|faint|p1b: Rillaboom
|-enditem|p2b: Tatsugiri|Eject Pack
|
|t:|1757851911
|switch|p2b: Dondozo|Dondozo, L50, M, shiny|100/100
|move|p1a: Uretro|Shadow Ball|p2a: Incineroar
|-resisted|p2a: Incineroar
|-damage|p2a: Incineroar|80/100
|move|p2a: Incineroar|Parting Shot|p1a: Uretro
|-immune|p1a: Uretro|[from] ability: Good as Gold
|
|-heal|p1a: Uretro|94/100|[from] Grassy Terrain
|-heal|p2a: Incineroar|86/100|[from] Grassy Terrain
|upkeep
|
|t:|1757851916
|switch|p1b: Arcanine|Arcanine-Hisui, L50, F|100/100
|-ability|p1b: Arcanine|Intimidate|boost
|-unboost|p2a: Incineroar|atk|1
|-fail|p2b: Dondozo|unboost|Attack|[from] ability: Oblivious|[of] p2b: Dondozo
|turn|4
|
|t:|1757851935
|switch|p1b: Dragonite|Dragonite, L50, F|100/100
|-terastallize|p1a: Uretro|Water
|move|p2b: Dondozo|Protect|p2b: Dondozo
|-singleturn|p2b: Dondozo|Protect
|move|p1a: Uretro|Shadow Ball|p2b: Dondozo
|-activate|p2b: Dondozo|move: Protect
|move|p2a: Incineroar|Knock Off|p1b: Dragonite
|-damage|p1b: Dragonite|89/100
|-enditem|p1b: Dragonite|Loaded Dice|[from] move: Knock Off|[of] p2a: Incineroar
|
|-heal|p1a: Uretro|100/100|[from] Grassy Terrain
|-heal|p2a: Incineroar|92/100|[from] Grassy Terrain
|upkeep
|turn|5
|
|t:|1757851957
|move|p1a: Uretro|Nasty Plot|p1a: Uretro
|-boost|p1a: Uretro|spa|2
|move|p1b: Dragonite|Stomping Tantrum|p2a: Incineroar
|-supereffective|p2a: Incineroar
|-damage|p2a: Incineroar|30/100
|move|p2a: Incineroar|Parting Shot|p1b: Dragonite
|-unboost|p1b: Dragonite|atk|1
|-unboost|p1b: Dragonite|spa|1
|
|t:|1757851965
|switch|p2a: Tatsugiri|Tatsugiri, L50, M, shiny|100/100|[from] Parting Shot
|-activate|p2a: Tatsugiri|ability: Commander|[of] p2b: Dondozo
|-boost|p2b: Dondozo|atk|2
|-boost|p2b: Dondozo|spa|2
|-boost|p2b: Dondozo|spe|2
|-boost|p2b: Dondozo|def|2
|-boost|p2b: Dondozo|spd|2
|move|p2b: Dondozo|Order Up|p1b: Dragonite
|-supereffective|p1b: Dragonite
|-damage|p1b: Dragonite|0 fnt
|faint|p1b: Dragonite
|-boost|p2b: Dondozo|atk|1
|
|-fieldend|move: Grassy Terrain
|upkeep
|
|t:|1757851971
|switch|p1b: Arcanine|Arcanine-Hisui, L50, F|100/100
|-ability|p1b: Arcanine|Intimidate|boost
|-unboost|p2a: Tatsugiri|atk|1
|-fail|p2b: Dondozo|unboost|Attack|[from] ability: Oblivious|[of] p2b: Dondozo
|turn|6
|
|t:|1757851990
|move|p1b: Arcanine|Protect|p1b: Arcanine
|-singleturn|p1b: Arcanine|Protect
|move|p1a: Uretro|Shadow Ball|p2b: Dondozo
|-damage|p2b: Dondozo|57/100
|move|p2b: Dondozo|Earthquake|p1a: Uretro|[spread] p1a
|-miss|p2b: Dondozo|p2a: Tatsugiri
|-activate|p1b: Arcanine|move: Protect
|-damage|p1a: Uretro|67/100
|
|-heal|p2b: Dondozo|63/100|[from] item: Leftovers
|upkeep
|turn|7
|
|t:|1757852004
|move|p2b: Dondozo|Protect|p2b: Dondozo
|-singleturn|p2b: Dondozo|Protect
|move|p1b: Arcanine|Extreme Speed|p2b: Dondozo
|-activate|p2b: Dondozo|move: Protect
|move|p1a: Uretro|Shadow Ball|p2b: Dondozo
|-activate|p2b: Dondozo|move: Protect
|
|-heal|p2b: Dondozo|69/100|[from] item: Leftovers
|upkeep
|turn|8
|
|t:|1757852014
|move|p1b: Arcanine|Protect|p1b: Arcanine
|-singleturn|p1b: Arcanine|Protect
|move|p1a: Uretro|Shadow Ball|p2b: Dondozo
|-damage|p2b: Dondozo|26/100
|move|p2b: Dondozo|Order Up|p1a: Uretro
|-crit|p1a: Uretro
|-damage|p1a: Uretro|0 fnt
|faint|p1a: Uretro
|-boost|p2b: Dondozo|atk|1
|
|-heal|p2b: Dondozo|32/100|[from] item: Leftovers
|upkeep
|turn|9
|-message|ranakos forfeited.
|raw|ranakos's rating: 1156 → 1127(-29 for losing)
|raw|CyanMepuru's rating: 1105 → 1134(+29 for winning)
|
|win|CyanMepuru
|l|☆ranakos
|player|p1|
|l|☆CyanMepuru
|player|p2|
