|j|☆camala64
|j|☆battle sim trainer
|html|camala64battle sim trainer    
|uhtml|bestof|Game 1 of a best-of-3
|t:|1783298647
|gametype|doubles
|player|p1|camala64|lance-masters2|
|player|p2|battle sim trainer|turo|
|gen|9
|tier|[Gen 9 Champions] VGC 2026 Reg M-B (Bo3)
|rule|Species Clause: Limit one of each Pokémon
|rule|Item Clause: Limit 1 of each item
|clearpoke
|poke|p1|Floette-Eternal, L50, F|
|poke|p1|Glimmora, L50, M, shiny|
|poke|p1|Talonflame, L50, M, shiny|
|poke|p1|Garchomp, L50, M, shiny|
|poke|p1|Basculegion, L50, M, shiny|
|poke|p1|Kingambit, L50, F, shiny|
|poke|p2|Swampert, L50, F|
|poke|p2|Pelipper, L50, F|
|poke|p2|Archaludon, L50, F|
|poke|p2|Grimmsnarl, L50, M|
|poke|p2|Venusaur, L50, F|
|poke|p2|Zoroark-Hisui, L50, F|
|teampreview|4
|showteam|p1|Floette-Eternal||Floettite|FlowerVeil|Moonblast,DazzlingGleam,LightofRuin,Protect|Modest||F|||50|]Glimmora||Glimmoranite|ToxicDebris|PowerGem,SludgeBomb,EarthPower,SpikyShield|Modest||M|||50|]Talonflame||SharpBeak|GaleWings|DualWingbeat,Tailwind,FlareBlitz,Protect|Jolly||M|||50|]Garchomp||LifeOrb|RoughSkin|Earthquake,RockSlide,DragonClaw,Protect|Adamant||M|||50|]Basculegion||FocusSash|Adaptability|Liquidation,AquaJet,LastRespects,Protect|Adamant||M|||50|]Kingambit||BlackGlasses|Defiant|KowtowCleave,SuckerPunch,IronHead,LowKick|Adamant||F|||50|
|showteam|p2|Swampert||Swampertite|Damp|WaveCrash,Earthquake,IcePunch,Protect|Adamant||F|||50|]Pelipper||SitrusBerry|Drizzle|Hurricane,WeatherBall,Tailwind,Protect|Modest||F|||50|]Archaludon||Leftovers|Stamina|ElectroShot,DragonPulse,FlashCannon,Protect|Modest||F|||50|]Grimmsnarl||LightClay|Prankster|SpiritBreak,Reflect,LightScreen,PartingShot|Careful||M|||50|]Venusaur||Venusaurite|Chlorophyll|GigaDrain,EarthPower,SludgeBomb,Protect|Modest||F|||50|]Zoroark-Hisui||ChoiceScarf|Illusion|BitterMalice,HyperVoice,Flamethrower,Uturn|Modest||F|||50|
|c|☆battle sim trainer|fhlg
|c|☆camala64|Glhf
|
|t:|1783298715
|teamsize|p1|4
|teamsize|p2|4
|start
|switch|p1a: Captain Falcon|Talonflame, L50, M, shiny|100/100
|switch|p1b: Jawesome|Garchomp, L50, M, shiny|100/100
|switch|p2a: Venusaur|Venusaur, L50, F|100/100
|switch|p2b: Swampert|Swampert, L50, F|100/100
|turn|1
|
|t:|1783298747
|switch|p2a: Pelipper|Pelipper, L50, F|100/100
|-weather|RainDance|[from] ability: Drizzle|[of] p2a: Pelipper
|detailschange|p2b: Swampert|Swampert-Mega, L50, F
|-mega|p2b: Swampert|Swampert|Swampertite
|move|p1a: Captain Falcon|Dual Wingbeat|p2a: Pelipper
|-damage|p2a: Pelipper|79/100
|-damage|p2a: Pelipper|61/100
|-hitcount|p2a: Pelipper|2
|move|p2b: Swampert|Wave Crash|p1a: Captain Falcon
|-supereffective|p1a: Captain Falcon|1
|-damage|p1a: Captain Falcon|0 fnt
|faint|p1a: Captain Falcon
|-damage|p2b: Swampert|71/100|[from] Recoil
|move|p1b: Jawesome|Earthquake|p2b: Swampert|[spread] p2b
|-immune|p2a: Pelipper
|-damage|p2b: Swampert|24/100
|-damage|p1b: Jawesome|90/100|[from] item: Life Orb
|
|-weather|RainDance|[upkeep]
|upkeep
|
|t:|1783298772
|switch|p1a: Void Blossom|Floette-Eternal, L50, F|100/100
|turn|2
|
|t:|1783298792
|detailschange|p1a: Void Blossom|Floette-Mega, L50, F
|-mega|p1a: Void Blossom|Floette|Floettite
|-ability|p1a: Void Blossom|Fairy Aura
|move|p2b: Swampert|Protect|p2b: Swampert
|-singleturn|p2b: Swampert|Protect
|move|p1a: Void Blossom|Dazzling Gleam|p2b: Swampert|[spread] p2a
|-activate|p2b: Swampert|move: Protect
|-damage|p2a: Pelipper|1/100
|-enditem|p2a: Pelipper|Sitrus Berry|[eat]
|-heal|p2a: Pelipper|26/100|[from] item: Sitrus Berry
|move|p1b: Jawesome|Rock Slide|p2a: Pelipper|[spread] p2a
|-activate|p2b: Swampert|move: Protect
|-supereffective|p2a: Pelipper|1
|-damage|p2a: Pelipper|0 fnt
|faint|p2a: Pelipper
|-damage|p1b: Jawesome|80/100|[from] item: Life Orb
|
|-weather|RainDance|[upkeep]
|upkeep
|c|☆battle sim trainer|out of curiousity
|c|☆battle sim trainer|why not protect on floette?
|c|☆camala64|It does have protect
|c|☆battle sim trainer|like why no protect on that turn?
|c|☆battle sim trainer|wanna understand the thought process
|c|☆camala64|Because
|c|☆camala64|if you oneshot floette
|c|☆camala64|pert dies
|c|☆camala64|from recoil
|c|☆camala64|also
|c|☆battle sim trainer|ahhh true
|c|☆camala64|If I did protect
|c|☆camala64|and you wave crashed
|c|☆camala64|and chomp KOd
|c|☆camala64|you would lose a ton of ground
|c|☆camala64|I also don’t want to let peli get tw up
|
|t:|1783298894
|switch|p2a: Venusaur|Venusaur, L50, F|100/100
|turn|3
|
|t:|1783298908
|move|p2b: Swampert|Ice Punch|p1b: Jawesome
|-supereffective|p1b: Jawesome|2
|-damage|p1b: Jawesome|0 fnt
|-damage|p2b: Swampert|12/100|[from] ability: Rough Skin|[of] p1b: Jawesome
|faint|p1b: Jawesome
|move|p1a: Void Blossom|Light of Ruin|p2a: Venusaur
|-resisted|p2a: Venusaur|1
|-damage|p2a: Venusaur|39/100
|-damage|p1a: Void Blossom|62/100|[from] Recoil
|move|p2a: Venusaur|Sludge Bomb|p1a: Void Blossom
|-supereffective|p1a: Void Blossom|1
|-damage|p1a: Void Blossom|0 fnt
|faint|p1a: Void Blossom
|
|-weather|RainDance|[upkeep]
|upkeep
|
|t:|1783298923
|switch|p1b: Masculin|Basculegion, L50, M, shiny|100/100
|turn|4
|
|t:|1783298940
|move|p2b: Swampert|Wave Crash|p1b: Masculin
|-resisted|p1b: Masculin|1
|-damage|p1b: Masculin|32/100
|-damage|p2b: Swampert|0 fnt|[from] Recoil
|faint|p2b: Swampert
|move|p1b: Masculin|Last Respects|p2a: Venusaur
|-damage|p2a: Venusaur|0 fnt
|faint|p2a: Venusaur
|
|-weather|RainDance|[upkeep]
|upkeep
|
|t:|1783298949
|switch|p2a: Zoroark|Zoroark-Hisui, L50, F|100/100
|turn|5
|
|t:|1783298957
|move|p1b: Masculin|Aqua Jet|p2a: Zoroark
|-damage|p2a: Zoroark|7/100
|move|p2a: Zoroark|Bitter Malice|p1b: Masculin
|-supereffective|p1b: Masculin|1
|-damage|p1b: Masculin|0 fnt
|faint|p1b: Masculin
|
|win|battle sim trainer
