|j|☆sadnessvgc
|j|☆angelicangel12
|html|sadnessvgcangelicangel12    
|uhtml|bestof|Game 3 of a best-of-3
|t:|1786203024
|gametype|doubles
|player|p1|sadnessvgc|gladion|1461
|player|p2|angelicangel12|elesa|1340
|gen|9
|tier|[Gen 9 Champions] VGC 2026 Reg M-B (Bo3)
|rated|
|rule|Species Clause: Limit one of each Pokémon
|rule|Item Clause: Limit 1 of each item
|clearpoke
|poke|p1|Tyranitar, L50, M, shiny|
|poke|p1|Excadrill, L50, F, shiny|
|poke|p1|Floette-Eternal, L50, F|
|poke|p1|Whimsicott, L50, M, shiny|
|poke|p1|Sinistcha, L50, shiny|
|poke|p1|Incineroar, L50, M, shiny|
|poke|p2|Metagross, L50, shiny|
|poke|p2|Aerodactyl, L50, M, shiny|
|poke|p2|Sneasler, L50, F, shiny|
|poke|p2|Kommo-o, L50, F, shiny|
|poke|p2|Basculegion, L50, M, shiny|
|poke|p2|Ninetales-Alola, L50, F, shiny|
|teampreview|4
|showteam|p1|Tyranitar||FocusSash|SandStream|RockSlide,LowKick,KnockOff,Protect|Adamant||M|||50|]Excadrill||LifeOrb|SandRush|IronHead,HighHorsepower,RockTomb,Protect|Adamant||F|||50|]Floette-Eternal||Floettite|FlowerVeil|Moonblast,DazzlingGleam,Protect,CalmMind|Modest||F|||50|]Whimsicott||OccaBerry|Prankster|Tailwind,Moonblast,LightScreen,Encore|Calm||M|||50|]Sinistcha||Leftovers|Hospitality|RagePowder,ShadowBall,Protect,TrickRoom|Calm|||||50|]Incineroar||SitrusBerry|Intimidate|FakeOut,PartingShot,HelpingHand,FlareBlitz|Impish||M|||50|
|showteam|p2|Metagross||Metagrossite|ClearBody|BulletPunch,PsychicFangs,StompingTantrum,Protect|Jolly|||||50|]Aerodactyl||Aerodactylite|Unnerve|RockSlide,DualWingbeat,Tailwind,Protect|Jolly||M|||50|]Sneasler||WhiteHerb|Unburden|DireClaw,CloseCombat,FakeOut,Coaching|Jolly||F|||50|]Kommo-o||LifeOrb|Soundproof|ClangingScales,AuraSphere,VacuumWave,Protect|Modest||F|||50|]Basculegion||MysticWater|Adaptability|WaveCrash,LastRespects,AquaJet,Protect|Adamant||M|||50|]Ninetales-Alola||FocusSash|SnowWarning|Blizzard,FreezeDry,Disable,Protect|Timid||F|||50|
|inactive|Battle timer is ON: inactive players will automatically lose when time's up. (requested by sadnessvgc)
|inactive|angelicangel12 has 60 seconds left.
|
|t:|1786203063
|teamsize|p1|4
|teamsize|p2|4
|start
|switch|p1a: Sinistcha|Sinistcha, L50, shiny|100/100
|switch|p1b: Incineroar|Incineroar, L50, M, shiny|100/100
|switch|p2a: Kommo-o|Kommo-o, L50, F, shiny|100/100
|switch|p2b: Sneasler|Sneasler, L50, F, shiny|100/100
|-ability|p1b: Incineroar|Intimidate|boost
|-unboost|p2a: Kommo-o|atk|1
|-unboost|p2b: Sneasler|atk|1
|-enditem|p2b: Sneasler|White Herb
|-clearnegativeboost|p2b: Sneasler|[silent]
|turn|1
|
|t:|1786203079
|move|p2b: Sneasler|Fake Out|p1b: Incineroar
|-damage|p1b: Incineroar|90/100
|cant|p1b: Incineroar|flinch
|move|p2a: Kommo-o|Clanging Scales|p1b: Incineroar|[spread] p1a,p1b
|-damage|p1a: Sinistcha|58/100
|-damage|p1b: Incineroar|42/100
|-enditem|p1b: Incineroar|Sitrus Berry|[eat]
|-heal|p1b: Incineroar|66/100|[from] item: Sitrus Berry
|-unboost|p2a: Kommo-o|def|1
|-damage|p2a: Kommo-o|90/100|[from] item: Life Orb
|move|p1a: Sinistcha|Trick Room|p1a: Sinistcha
|-fieldstart|move: Trick Room|[of] p1a: Sinistcha
|
|-heal|p1a: Sinistcha|64/100|[from] item: Leftovers
|upkeep
|turn|2
|
|t:|1786203098
|move|p1b: Incineroar|Helping Hand|p1a: Sinistcha
|-singleturn|p1a: Sinistcha|Helping Hand|[of] p1b: Incineroar
|move|p1a: Sinistcha|Shadow Ball|p2a: Kommo-o
|-damage|p2a: Kommo-o|38/100
|-unboost|p2a: Kommo-o|spd|1
|move|p2a: Kommo-o|Clanging Scales|p1a: Sinistcha|[spread] p1a,p1b
|-damage|p1a: Sinistcha|18/100
|-damage|p1b: Incineroar|22/100
|-unboost|p2a: Kommo-o|def|1
|-damage|p2a: Kommo-o|28/100|[from] item: Life Orb
|move|p2b: Sneasler|Dire Claw|p1b: Incineroar
|-damage|p1b: Incineroar|0 fnt
|faint|p1b: Incineroar
|
|-heal|p1a: Sinistcha|24/100|[from] item: Leftovers
|upkeep
|
|t:|1786203109
|switch|p1b: Floette|Floette-Eternal, L50, F|100/100
|turn|3
|
|t:|1786203134
|switch|p2b: Aerodactyl|Aerodactyl, L50, M, shiny|100/100
|-ability|p2b: Aerodactyl|Unnerve
|detailschange|p1b: Floette|Floette-Mega, L50, F
|-mega|p1b: Floette|Floette|Floettite
|-ability|p1b: Floette|Fairy Aura
|move|p1a: Sinistcha|Shadow Ball|p2b: Aerodactyl
|-damage|p2b: Aerodactyl|58/100
|-unboost|p2b: Aerodactyl|spd|1
|move|p1b: Floette|Dazzling Gleam|p2b: Aerodactyl|[spread] p2a,p2b
|-supereffective|p2a: Kommo-o|2
|-damage|p2a: Kommo-o|0 fnt
|-damage|p2b: Aerodactyl|0 fnt
|faint|p2a: Kommo-o
|faint|p2b: Aerodactyl
|
|-heal|p1a: Sinistcha|30/100|[from] item: Leftovers
|upkeep
|
|t:|1786203145
|switch|p2a: Sneasler|Sneasler, L50, F, shiny|100/100
|switch|p2b: Metagross|Metagross, L50, shiny|100/100
|turn|4
|inactive|sadnessvgc has 30 seconds left.
|
|t:|1786203175
|detailschange|p2b: Metagross|Metagross-Mega, L50, shiny
|-mega|p2b: Metagross|Metagross|Metagrossite
|move|p2a: Sneasler|Fake Out|p1b: Floette
|-damage|p1b: Floette|83/100
|move|p2b: Metagross|Bullet Punch|p1a: Sinistcha
|-damage|p1a: Sinistcha|3/100
|move|p1a: Sinistcha|Shadow Ball|p2b: Metagross
|-supereffective|p2b: Metagross|1
|-damage|p2b: Metagross|31/100
|cant|p1b: Floette|flinch
|
|-heal|p1a: Sinistcha|10/100|[from] item: Leftovers
|upkeep
|turn|5
|inactive|sadnessvgc has 30 seconds left.
|inactive|sadnessvgc has 20 seconds left.
|inactive|sadnessvgc has 15 seconds left.
|inactive|sadnessvgc has 10 seconds left.
|
|t:|1786203221
|move|p1a: Sinistcha|Rage Powder|p1a: Sinistcha
|-singleturn|p1a: Sinistcha|move: Rage Powder
|move|p2b: Metagross|Bullet Punch|p1a: Sinistcha
|-damage|p1a: Sinistcha|0 fnt
|faint|p1a: Sinistcha
|move|p1b: Floette|Moonblast|p2a: Sneasler
|-damage|p2a: Sneasler|0 fnt
|faint|p2a: Sneasler
|
|-fieldend|move: Trick Room
|upkeep
|
|t:|1786203228
|switch|p1a: Excadrill|Excadrill, L50, F, shiny|100/100
|turn|6
|-message|angelicangel12 forfeited.
|
|win|sadnessvgc
|raw|sadnessvgc's rating: 1461 → 1474(+13 for winning)
|raw|angelicangel12's rating: 1340 → 1327(-13 for losing)
|l|☆angelicangel12
|player|p2|
