|j|☆PaquitoelBollito
|j|☆FatherPenguin
|html|PaquitoelBollitoFatherPenguin    
|uhtml|bestof|Game 2 of a best-of-3
|t:|1785097411
|gametype|doubles
|player|p1|PaquitoelBollito|170|1119
|player|p2|FatherPenguin|acetrainersnow|1180
|gen|9
|tier|[Gen 9 Champions] VGC 2026 Reg M-B (Bo3)
|rated|
|rule|Species Clause: Limit one of each Pokémon
|rule|Item Clause: Limit 1 of each item
|clearpoke
|poke|p1|Aerodactyl, L50, M|
|poke|p1|Kingambit, L50, M|
|poke|p1|Garchomp, L50, M|
|poke|p1|Farigiraf, L50, M|
|poke|p1|Charizard, L50, M|
|poke|p1|Sylveon, L50, M|
|poke|p2|Tyranitar, L50, F|
|poke|p2|Excadrill, L50, F|
|poke|p2|Milotic, L50, M|
|poke|p2|Sinistcha, L50|
|poke|p2|Staraptor, L50, M|
|poke|p2|Gholdengo, L50|
|teampreview|4
|showteam|p1|Aerodactyl||Aerodactylite|Unnerve|Tailwind,DualWingbeat,IceFang,RockSlide|Jolly||M|||50|]Kingambit||BlackGlasses|Defiant|SuckerPunch,KowtowCleave,IronHead,LowKick|Adamant||M|||50|]Garchomp||LifeOrb|RoughSkin|Protect,DragonClaw,RockSlide,StompingTantrum|Jolly||M|||50|]Farigiraf||SitrusBerry|ArmorTail|PsychicFangs,Thunderbolt,TrickRoom,SunnyDay|Relaxed||M|||50|]Charizard||CharizarditeY|Blaze|Protect,HeatWave,WeatherBall,SolarBeam|Modest||M|||50|]Sylveon||FairyFeather|Pixilate|HyperVoice,Protect,QuickAttack,HyperBeam|Modest||M|||50|
|showteam|p2|Tyranitar||Tyranitarite|SandStream|KnockOff,RockSlide,HighHorsepower,Protect|Jolly||F|||50|]Excadrill||FocusSash|SandRush|Earthquake,IronHead,RockSlide,Protect|Adamant||F|||50|]Milotic||SitrusBerry|Competitive|Scald,IcyWind,Haze,Protect|Calm||M|||50|]Sinistcha||ColburBerry|Hospitality|MatchaGotcha,ShadowBall,Protect,RagePowder|Bold|||||50|]Staraptor||Staraptite|Intimidate|CloseCombat,BraveBird,Tailwind,Protect|Jolly||M|||50|]Gholdengo||LifeOrb|GoodasGold|MakeItRain,ShadowBall,NastyPlot,Protect|Modest|||||50|
|inactive|Battle timer is ON: inactive players will automatically lose when time's up. (requested by PaquitoelBollito)
|
|t:|1785097435
|teamsize|p1|4
|teamsize|p2|4
|start
|switch|p1a: Garchomp|Garchomp, L50, M|100/100
|switch|p1b: Aerodactyl|Aerodactyl, L50, M|100/100
|switch|p2a: Milotic|Milotic, L50, M|100/100
|switch|p2b: Gholdengo|Gholdengo, L50|100/100
|-ability|p1b: Aerodactyl|Unnerve
|turn|1
|inactive|PaquitoelBollito has 30 seconds left.
|inactive|FatherPenguin has 30 seconds left.
|
|t:|1785097464
|switch|p1b: Kingambit|Kingambit, L50, M|100/100
|move|p2b: Gholdengo|Protect|p2b: Gholdengo
|-singleturn|p2b: Gholdengo|Protect
|move|p1a: Garchomp|Stomping Tantrum|p2b: Gholdengo
|-activate|p2b: Gholdengo|move: Protect
|move|p2a: Milotic|Icy Wind|p1a: Garchomp|[spread] p1a,p1b
|-supereffective|p1a: Garchomp|2
|-resisted|p1b: Kingambit|1
|-damage|p1a: Garchomp|59/100
|-damage|p1b: Kingambit|94/100
|-unboost|p1a: Garchomp|spe|1
|-unboost|p1b: Kingambit|spe|1
|-ability|p1b: Kingambit|Defiant|boost
|-boost|p1b: Kingambit|atk|2
|
|upkeep
|turn|2
|inactive|PaquitoelBollito has 30 seconds left.
|inactive|FatherPenguin has 30 seconds left.
|inactive|FatherPenguin has 20 seconds left.
|inactive|FatherPenguin has 15 seconds left.
|
|t:|1785097508
|switch|p2b: Staraptor|Staraptor, L50, M|100/100
|-ability|p2b: Staraptor|Intimidate|boost
|-unboost|p1a: Garchomp|atk|1
|-unboost|p1b: Kingambit|atk|1
|-ability|p1b: Kingambit|Defiant|boost
|-boost|p1b: Kingambit|atk|2
|move|p2a: Milotic|Scald|p1b: Kingambit
|-damage|p1b: Kingambit|62/100
|-status|p1b: Kingambit|brn
|move|p1a: Garchomp|Stomping Tantrum|p2b: Staraptor
|-immune|p2b: Staraptor
|move|p1b: Kingambit|Kowtow Cleave|p2b: Staraptor
|-damage|p2b: Staraptor|6/100
|
|-damage|p1b: Kingambit|56/100 brn|[from] brn
|upkeep
|turn|3
|inactive|PaquitoelBollito has 30 seconds left.
|inactive|PaquitoelBollito has 20 seconds left.
|
|t:|1785097546
|move|p2b: Staraptor|Tailwind|p2b: Staraptor
|-sidestart|p2: FatherPenguin|move: Tailwind
|move|p2a: Milotic|Haze|p2a: Milotic
|-clearallboost
|move|p1a: Garchomp|Dragon Claw|p2b: Staraptor
|-crit|p2b: Staraptor
|-damage|p2b: Staraptor|0 fnt
|faint|p2b: Staraptor
|-damage|p1a: Garchomp|50/100g|[from] item: Life Orb
|move|p1b: Kingambit|Kowtow Cleave|p2a: Milotic
|-damage|p2a: Milotic|70/100
|
|-damage|p1b: Kingambit|50/100y brn|[from] brn
|upkeep
|
|t:|1785097571
|switch|p2b: Tyranitar|Tyranitar, L50, F|100/100
|-weather|Sandstorm|[from] ability: Sand Stream|[of] p2b: Tyranitar
|turn|4
|
|t:|1785097595
|detailschange|p2b: Tyranitar|Tyranitar-Mega, L50, F
|-mega|p2b: Tyranitar|Tyranitar|Tyranitarite
|move|p2b: Tyranitar|High Horsepower|p1b: Kingambit
|-supereffective|p1b: Kingambit|1
|-damage|p1b: Kingambit|0 fnt
|faint|p1b: Kingambit
|move|p2a: Milotic|Icy Wind|p1a: Garchomp
|-supereffective|p1a: Garchomp|2
|-damage|p1a: Garchomp|0 fnt
|faint|p1a: Garchomp
|
|-weather|Sandstorm|[upkeep]
|-damage|p2a: Milotic|64/100|[from] Sandstorm
|upkeep
|
|t:|1785097602
|switch|p1a: Aerodactyl|Aerodactyl, L50, M|100/100
|switch|p1b: Sylveon|Sylveon, L50, M|100/100
|-ability|p1a: Aerodactyl|Unnerve
|turn|5
|inactive|PaquitoelBollito has 30 seconds left.
|inactive|FatherPenguin has 30 seconds left.
|inactive|PaquitoelBollito has 20 seconds left.
|inactive|PaquitoelBollito has 15 seconds left.
|
|t:|1785097647
|detailschange|p1a: Aerodactyl|Aerodactyl-Mega, L50, M
|-mega|p1a: Aerodactyl|Aerodactyl|Aerodactylite
|move|p2b: Tyranitar|Rock Slide|p1a: Aerodactyl|[spread] p1a,p1b
|-supereffective|p1a: Aerodactyl|1
|-damage|p1a: Aerodactyl|28/100
|-damage|p1b: Sylveon|59/100
|move|p2a: Milotic|Scald|p1a: Aerodactyl
|-supereffective|p1a: Aerodactyl|1
|-damage|p1a: Aerodactyl|0 fnt
|faint|p1a: Aerodactyl
|move|p1b: Sylveon|Hyper Beam|p2b: Tyranitar
|-supereffective|p2b: Tyranitar|1
|-damage|p2b: Tyranitar|0 fnt
|-mustrecharge|p1b: Sylveon
|faint|p2b: Tyranitar
|
|-weather|Sandstorm|[upkeep]
|-damage|p2a: Milotic|58/100|[from] Sandstorm
|-damage|p1b: Sylveon|53/100|[from] Sandstorm
|upkeep
|
|t:|1785097664
|switch|p2b: Gholdengo|Gholdengo, L50|100/100
|turn|6
|
|t:|1785097673
|move|p2a: Milotic|Scald|p1b: Sylveon
|-damage|p1b: Sylveon|31/100
|move|p2b: Gholdengo|Shadow Ball|p1b: Sylveon
|-damage|p1b: Sylveon|0 fnt
|faint|p1b: Sylveon
|-damage|p2b: Gholdengo|90/100|[from] item: Life Orb
|
|win|FatherPenguin
|raw|PaquitoelBollito's rating: 1119 → 1098(-21 for losing)
|raw|FatherPenguin's rating: 1180 → 1201(+21 for winning)
