|j|☆NemoAK
|j|☆Plopy14
|html|NemoAKPlopy14    
|uhtml|bestof|Game 1 of a best-of-3
|t:|1783136912
|gametype|doubles
|player|p1|NemoAK|170|1206
|player|p2|Plopy14|bugcatcher|1193
|gen|9
|tier|[Gen 9 Champions] VGC 2026 Reg M-B (Bo3)
|rated|
|rule|Species Clause: Limit one of each Pokémon
|rule|Item Clause: Limit 1 of each item
|clearpoke
|poke|p1|Charizard, L50, M|
|poke|p1|Whimsicott, L50, M|
|poke|p1|Basculegion, L50, M|
|poke|p1|Farigiraf, L50, M|
|poke|p1|Garchomp, L50, M|
|poke|p1|Staraptor, L50, M|
|poke|p2|Floette-Eternal, L50, F|
|poke|p2|Incineroar, L50, F|
|poke|p2|Sinistcha, L50|
|poke|p2|Delphox, L50, F|
|poke|p2|Sneasler, L50, M|
|poke|p2|Kingambit, L50, M|
|teampreview|4
|showteam|p1|Charizard||CharizarditeY|Blaze|HeatWave,WeatherBall,SolarBeam,Protect|Modest||M|||50|]Whimsicott||MentalHerb|Prankster|Moonblast,Tailwind,Protect,Tickle|Timid||M|||50|]Basculegion||ChoiceScarf|Adaptability|LastRespects,WaveCrash,AquaJet,FlipTurn|Adamant||M|||50|]Farigiraf||SitrusBerry|ArmorTail|Psychic,HyperVoice,TrickRoom,HelpingHand|Quiet||M|||50|]Garchomp||LifeOrb|RoughSkin|Earthquake,RockSlide,ScaleShot,Protect|Jolly||M|||50|]Staraptor||Staraptite|Intimidate|CloseCombat,BraveBird,Roost,Protect|Jolly||M|||50|
|showteam|p2|Floette-Eternal||Floettite|FlowerVeil|DazzlingGleam,Moonblast,CalmMind,Protect|Modest||F|||50|]Incineroar||SitrusBerry|Intimidate|FakeOut,FlareBlitz,ThroatChop,PartingShot|Careful||F|||50|]Sinistcha||OccaBerry|Hospitality|MatchaGotcha,RagePowder,TrickRoom,Protect|Bold|||||50|]Delphox||Delphoxite|Blaze|HeatWave,Psyshock,NastyPlot,Protect|Timid||F|||50|]Sneasler||FocusSash|PoisonTouch|FakeOut,PoisonJab,CloseCombat,QuickGuard|Jolly||M|||50|]Kingambit||BlackGlasses|Defiant|KowtowCleave,SuckerPunch,SwordsDance,Protect|Adamant||M|||50|
|inactive|Battle timer is ON: inactive players will automatically lose when time's up. (requested by NemoAK)
|inactive|NemoAK has 60 seconds left.
|
|t:|1783136948
|teamsize|p1|4
|teamsize|p2|4
|start
|switch|p1a: Fluffy|Whimsicott, L50, M|100/100
|switch|p1b: The Biggest Bird|Staraptor, L50, M|100/100
|switch|p2a: Kingambit|Kingambit, L50, M|100/100
|switch|p2b: Incineroar|Incineroar, L50, F|100/100
|-ability|p1b: The Biggest Bird|Intimidate|boost
|-unboost|p2a: Kingambit|atk|1
|-ability|p2a: Kingambit|Defiant|boost
|-boost|p2a: Kingambit|atk|2
|-unboost|p2b: Incineroar|atk|1
|-ability|p2b: Incineroar|Intimidate|boost
|-unboost|p1a: Fluffy|atk|1
|-unboost|p1b: The Biggest Bird|atk|1
|turn|1
|
|t:|1783136964
|detailschange|p1b: The Biggest Bird|Staraptor-Mega, L50, M
|-mega|p1b: The Biggest Bird|Staraptor|Staraptite
|move|p1a: Fluffy|Protect|p1a: Fluffy
|-singleturn|p1a: Fluffy|Protect
|move|p1b: The Biggest Bird|Protect|p1b: The Biggest Bird
|-singleturn|p1b: The Biggest Bird|Protect
|move|p2a: Kingambit|Protect|p2a: Kingambit
|-singleturn|p2a: Kingambit|Protect
|move|p2b: Incineroar|Parting Shot|p1a: Fluffy
|-activate|p1a: Fluffy|move: Protect
|
|upkeep
|turn|2
|
|t:|1783136978
|switch|p2a: Sinistcha|Sinistcha, L50|100/100
|move|p1a: Fluffy|Tickle|p1b: The Biggest Bird
|-boost|p1b: The Biggest Bird|atk|1
|-boost|p1b: The Biggest Bird|def|1
|move|p1b: The Biggest Bird|Close Combat|p2b: Incineroar
|-supereffective|p2b: Incineroar|1
|-damage|p2b: Incineroar|0 fnt
|-boost|p1b: The Biggest Bird|def|1
|-boost|p1b: The Biggest Bird|spd|1
|faint|p2b: Incineroar
|
|upkeep
|
|t:|1783136986
|switch|p2b: Delphox|Delphox, L50, F|100/100
|turn|3
|
|t:|1783136998
|detailschange|p2b: Delphox|Delphox-Mega, L50, F
|-mega|p2b: Delphox|Delphox|Delphoxite
|move|p2a: Sinistcha|Protect|p2a: Sinistcha
|-singleturn|p2a: Sinistcha|Protect
|move|p1a: Fluffy|Tickle|p1b: The Biggest Bird
|-boost|p1b: The Biggest Bird|atk|1
|-boost|p1b: The Biggest Bird|def|1
|move|p2b: Delphox|Nasty Plot|p2b: Delphox
|-boost|p2b: Delphox|spa|2
|move|p1b: The Biggest Bird|Brave Bird|p2a: Sinistcha
|-activate|p2a: Sinistcha|move: Protect
|
|upkeep
|turn|4
|inactive|Plopy14 has 30 seconds left.
|
|t:|1783137027
|move|p1b: The Biggest Bird|Protect|p1b: The Biggest Bird
|-singleturn|p1b: The Biggest Bird|Protect
|move|p2a: Sinistcha|Rage Powder|p2a: Sinistcha
|-singleturn|p2a: Sinistcha|move: Rage Powder
|move|p1a: Fluffy|Tailwind|p1a: Fluffy
|-sidestart|p1: NemoAK|move: Tailwind
|move|p2b: Delphox|Heat Wave|p1a: Fluffy|[spread] p1a
|-activate|p1b: The Biggest Bird|move: Protect
|-supereffective|p1a: Fluffy|1
|-damage|p1a: Fluffy|0 fnt
|faint|p1a: Fluffy
|
|upkeep
|
|t:|1783137033
|switch|p1a: Toothless|Garchomp, L50, M|100/100
|turn|5
|inactive|Plopy14 has 30 seconds left.
|
|t:|1783137060
|move|p2a: Sinistcha|Rage Powder|p2a: Sinistcha
|-singleturn|p2a: Sinistcha|move: Rage Powder
|move|p1b: The Biggest Bird|Brave Bird|p2a: Sinistcha
|-supereffective|p2a: Sinistcha|1
|-damage|p2a: Sinistcha|0 fnt
|faint|p2a: Sinistcha
|-damage|p1b: The Biggest Bird|63/100|[from] Recoil
|move|p1a: Toothless|Rock Slide|p2b: Delphox|[miss]
|-miss|p1a: Toothless|p2b: Delphox
|move|p2b: Delphox|Heat Wave|p1b: The Biggest Bird|[spread] p1a,p1b
|-resisted|p1a: Toothless|1
|-damage|p1a: Toothless|57/100
|-damage|p1b: The Biggest Bird|3/100
|
|upkeep
|
|t:|1783137072
|switch|p2a: Kingambit|Kingambit, L50, M|100/100
|turn|6
|
|t:|1783137085
|move|p2a: Kingambit|Sucker Punch||[still]
|-fail|p2a: Kingambit
|move|p1b: The Biggest Bird|Roost|p1b: The Biggest Bird
|-heal|p1b: The Biggest Bird|53/100
|-singleturn|p1b: The Biggest Bird|move: Roost
|move|p1a: Toothless|Rock Slide|p2b: Delphox|[spread] p2a,p2b
|-resisted|p2a: Kingambit|1
|-supereffective|p2b: Delphox|1
|-damage|p2a: Kingambit|90/100
|-damage|p2b: Delphox|32/100
|-damage|p1a: Toothless|47/100|[from] item: Life Orb
|move|p2b: Delphox|Heat Wave|p1b: The Biggest Bird|[spread] p1a,p1b
|-resisted|p1a: Toothless|1
|-damage|p1a: Toothless|3/100
|-damage|p1b: The Biggest Bird|0 fnt
|-status|p1a: Toothless|brn
|faint|p1b: The Biggest Bird
|
|-damage|p1a: Toothless|0 fnt|[from] brn
|faint|p1a: Toothless
|upkeep
|
|t:|1783137097
|switch|p1b: Gary’s Raticate|Basculegion, L50, M|100/100
|turn|7
|inactive|Plopy14 has 30 seconds left.
|
|t:|1783137127
|move|p2b: Delphox|Protect|p2b: Delphox
|-singleturn|p2b: Delphox|Protect
|move|p2a: Kingambit|Sucker Punch|p1b: Gary’s Raticate
|-supereffective|p1b: Gary’s Raticate|1
|-damage|p1b: Gary’s Raticate|0 fnt
|faint|p1b: Gary’s Raticate
|
|win|Plopy14
