|j|☆Lucariocrown
|j|☆dubbies
|html|Lucariocrowndubbies    
|uhtml|bestof|Game 2 of a best-of-3
|t:|1756649945
|gametype|doubles
|player|p1|Lucariocrown|2|1000
|player|p2|dubbies|hoopster|1043
|gen|9
|tier|[Gen 9] VGC 2025 Reg H (Bo3)
|rated|
|rule|Species Clause: Limit one of each Pokémon
|rule|Item Clause: Limit 1 of each item
|clearpoke
|poke|p1|Conkeldurr, L50, F|
|poke|p1|Ursaluna, L50, F|
|poke|p1|Arcanine-Hisui, L50, F|
|poke|p1|Primarina, L50, M|
|poke|p1|Volcarona, L50, M|
|poke|p1|Whimsicott, L50, F|
|poke|p2|Gholdengo, L50|
|poke|p2|Grimmsnarl, L50, M|
|poke|p2|Maushold, L50|
|poke|p2|Dragonite, L50, M|
|poke|p2|Pelipper, L50, M|
|poke|p2|Archaludon, L50, F|
|teampreview|4
|showteam|p1|Conkeldurr||LifeOrb|SheerForce|RockSlide,CloseCombat,HammerArm,Protect|||F|||50|,,,,,Fighting]Ursaluna||FlameOrb|Guts|HeadlongRush,Facade,Curse,Protect|||F|||50|,,,,,Ground]Arcanine-Hisui||Leftovers|Intimidate|FlareBlitz,Protect,StealthRock,RockSlide|||F|||50|,,,,,Ghost]Primarina||EjectPack|LiquidVoice|Moonblast,HyperVoice,Haze,Protect|||M|||50|,,,,,Poison]Volcarona||AssaultVest|FlameBody|StruggleBug,HeatWave,Protect,RagePowder|||M|||50|,,,,,Bug]Whimsicott||FocusSash|Prankster|TeraBlast,Tailwind,Protect,CottonSpore|||F|||50|,,,,,Ground
|showteam|p2|Gholdengo||LifeOrb|GoodasGold|MakeItRain,ShadowBall,NastyPlot,Protect||||||50|,,,,,Water]Grimmsnarl||LightClay|Prankster|FoulPlay,LightScreen,Reflect,ThunderWave|||M|||50|,,,,,Ghost]Maushold||SafetyGoggles|FriendGuard|Protect,SuperFang,FollowMe,BeatUp||||||50|,,,,,Ghost]Dragonite||LoadedDice|Multiscale|Protect,ScaleShot,ExtremeSpeed,Tailwind|||M|||50|,,,,,Steel]Pelipper||FocusSash|Drizzle|Protect,MuddyWater,Hurricane,Tailwind|||M|||50|,,,,,Ground]Archaludon||AssaultVest|Stamina|DracoMeteor,ElectroShot,BodyPress,Snarl|||F|||50|,,,,,Bug
|inactive|Battle timer is ON: inactive players will automatically lose when time's up. (requested by dubbies)
|inactive|Lucariocrown has 60 seconds left.
|
|t:|1756649983
|teamsize|p1|4
|teamsize|p2|4
|start
|switch|p1a: Volcarona|Volcarona, L50, M|100/100
|switch|p1b: Whimsicott|Whimsicott, L50, F|100/100
|switch|p2a: Pelipper|Pelipper, L50, M, shiny|100/100
|switch|p2b: Maushold|Maushold, L50, shiny|100/100
|-weather|RainDance|[from] ability: Drizzle|[of] p2a: Pelipper
|turn|1
|inactive|dubbies has 30 seconds left.
|
|t:|1756650009
|move|p1b: Whimsicott|Cotton Spore|p2a: Pelipper|[spread] p2a
|-activate|p2b: Maushold|item: Safety Goggles|Cotton Spore
|-unboost|p2a: Pelipper|spe|2
|move|p1a: Volcarona|Struggle Bug|p2a: Pelipper|[spread] p2a,p2b
|-resisted|p2a: Pelipper
|-damage|p2a: Pelipper|87/100
|-damage|p2b: Maushold|73/100
|-unboost|p2a: Pelipper|spa|1
|-unboost|p2b: Maushold|spa|1
|move|p2b: Maushold|Super Fang|p1a: Volcarona
|-damage|p1a: Volcarona|51/100
|move|p2a: Pelipper|Hurricane|p1b: Whimsicott
|-supereffective|p1b: Whimsicott
|-damage|p1b: Whimsicott|31/100
|
|-weather|RainDance|[upkeep]
|upkeep
|turn|2
|
|t:|1756650033
|move|p2b: Maushold|Follow Me|p2b: Maushold
|-singleturn|p2b: Maushold|move: Follow Me
|move|p1b: Whimsicott|Tailwind|p1b: Whimsicott
|-sidestart|p1: Lucariocrown|move: Tailwind
|move|p1a: Volcarona|Heat Wave|p2b: Maushold|[spread] p2a,p2b
|-resisted|p2a: Pelipper
|-damage|p2a: Pelipper|75/100
|-damage|p2b: Maushold|52/100
|move|p2a: Pelipper|Muddy Water|p1a: Volcarona|[spread] p1a,p1b
|-supereffective|p1a: Volcarona
|-resisted|p1b: Whimsicott
|-damage|p1a: Volcarona|13/100
|-damage|p1b: Whimsicott|15/100
|
|-weather|RainDance|[upkeep]
|upkeep
|turn|3
|
|t:|1756650062
|move|p2b: Maushold|Follow Me|p2b: Maushold
|-singleturn|p2b: Maushold|move: Follow Me
|move|p1a: Volcarona|Heat Wave|p2a: Pelipper|[spread] p2a,p2b
|-resisted|p2a: Pelipper
|-damage|p2a: Pelipper|64/100
|-damage|p2b: Maushold|27/100
|move|p1b: Whimsicott|Tera Blast|p2b: Maushold
|-damage|p2b: Maushold|5/100
|move|p2a: Pelipper|Muddy Water|p1a: Volcarona|[spread] p1a
|-miss|p2a: Pelipper|p1b: Whimsicott
|-supereffective|p1a: Volcarona
|-damage|p1a: Volcarona|0 fnt
|faint|p1a: Volcarona
|
|-weather|RainDance|[upkeep]
|upkeep
|
|t:|1756650082
|switch|p1a: Conkeldurr|Conkeldurr, L50, F|100/100
|turn|4
|
|t:|1756650105
|switch|p2a: Archaludon|Archaludon, L50, F, shiny|100/100
|move|p1b: Whimsicott|Tera Blast|p2a: Archaludon
|-resisted|p2a: Archaludon
|-damage|p2a: Archaludon|94/100
|-ability|p2a: Archaludon|Stamina|boost
|-boost|p2a: Archaludon|def|1
|move|p1a: Conkeldurr|Rock Slide|p2b: Maushold|[spread] p2b
|-miss|p1a: Conkeldurr|p2a: Archaludon
|-damage|p2b: Maushold|0 fnt
|faint|p2b: Maushold
|
|-weather|RainDance|[upkeep]
|upkeep
|
|t:|1756650117
|switch|p2b: Pelipper|Pelipper, L50, M, shiny|64/100
|turn|5
|inactive|dubbies has 30 seconds left.
|
|t:|1756650149
|move|p1b: Whimsicott|Cotton Spore|p2b: Pelipper|[spread] p2a,p2b
|-unboost|p2a: Archaludon|spe|2
|-unboost|p2b: Pelipper|spe|2
|move|p1a: Conkeldurr|Close Combat|p2a: Archaludon
|-supereffective|p2a: Archaludon
|-damage|p2a: Archaludon|0 fnt
|-unboost|p1a: Conkeldurr|def|1
|-unboost|p1a: Conkeldurr|spd|1
|faint|p2a: Archaludon
|-damage|p1a: Conkeldurr|91/100|[from] item: Life Orb
|move|p2b: Pelipper|Tailwind|p2b: Pelipper
|-sidestart|p2: dubbies|move: Tailwind
|
|-weather|none
|-sideend|p1: Lucariocrown|move: Tailwind
|upkeep
|
|t:|1756650159
|switch|p2a: Gholdengo|Gholdengo, L50|100/100
|turn|6
|inactive|dubbies has 30 seconds left.
|
|t:|1756650188
|move|p1b: Whimsicott|Tailwind|p1b: Whimsicott
|-sidestart|p1: Lucariocrown|move: Tailwind
|move|p2a: Gholdengo|Nasty Plot|p2a: Gholdengo
|-boost|p2a: Gholdengo|spa|2
|move|p1a: Conkeldurr|Rock Slide|p2a: Gholdengo|[spread] p2a,p2b
|-resisted|p2a: Gholdengo
|-supereffective|p2b: Pelipper
|-damage|p2a: Gholdengo|82/100
|-damage|p2b: Pelipper|0 fnt
|faint|p2b: Pelipper
|
|upkeep
|turn|7
|inactive|Lucariocrown has 30 seconds left.
|
|t:|1756650222
|switch|p1b: Ursaluna|Ursaluna, L50, F|100/100
|move|p2a: Gholdengo|Make It Rain|p1a: Conkeldurr|[spread] p1a,p1b
|-damage|p1a: Conkeldurr|0 fnt
|-damage|p1b: Ursaluna|0 fnt
|-unboost|p2a: Gholdengo|spa|1
|faint|p1a: Conkeldurr
|faint|p1b: Ursaluna
|-damage|p2a: Gholdengo|72/100|[from] item: Life Orb
|
|upkeep
|
|t:|1756650243
|switch|p1b: Whimsicott|Whimsicott, L50, F|15/100
|turn|8
|c|☆dubbies|ggs
|
|t:|1756650257
|-terastallize|p1b: Whimsicott|Ground
|move|p1b: Whimsicott|Tera Blast|p2a: Gholdengo|[anim] Tera Blast Ground
|-supereffective|p2a: Gholdengo
|-damage|p2a: Gholdengo|12/100
|move|p2a: Gholdengo|Make It Rain|p1b: Whimsicott
|-damage|p1b: Whimsicott|0 fnt
|-unboost|p2a: Gholdengo|spa|1
|faint|p1b: Whimsicott
|-damage|p2a: Gholdengo|2/100|[from] item: Life Orb
|
|win|dubbies
|raw|Lucariocrown's rating: 1000 → 1000(+0 for losing)
|raw|dubbies's rating: 1043 → 1072(+29 for winning)
