|j|☆elmono11
|j|☆lalalaing
|html|elmono11lalalaing    
|uhtml|bestof|Game 1 of a best-of-3
|t:|1785791828
|gametype|doubles
|player|p1|elmono11|1|1402
|player|p2|lalalaing|chili|1443
|gen|9
|tier|[Gen 9 Champions] VGC 2026 Reg M-B (Bo3)
|rated|
|rule|Species Clause: Limit one of each Pokémon
|rule|Item Clause: Limit 1 of each item
|clearpoke
|poke|p1|Kingambit, L50, F|
|poke|p1|Sneasler, L50, M|
|poke|p1|Froslass, L50, F|
|poke|p1|Lycanroc-Dusk, L50, F|
|poke|p1|Basculegion, L50, M|
|poke|p1|Scovillain, L50, M|
|poke|p2|Gengar, L50, M|
|poke|p2|Maushold-Four, L50|
|poke|p2|Incineroar, L50, F|
|poke|p2|Sneasler, L50, F|
|poke|p2|Kingambit, L50, M|
|poke|p2|Kommo-o, L50, F|
|teampreview|4
|showteam|p1|Kingambit||LifeOrb|Defiant|KowtowCleave,SuckerPunch,SwordsDance,Protect|Adamant||F|||50|]Sneasler||WhiteHerb|Unburden|FakeOut,CloseCombat,DireClaw,Protect|Adamant||M|||50|]Froslass||Froslassite|SnowCloak|Blizzard,ShadowBall,Thunderbolt,Protect|Modest||F|||50|]Lycanroc-Dusk||FocusSash|ToughClaws|CloseCombat,RockSlide,Accelerock,Protect|Adamant||F|||50|]Basculegion||MysticWater|Adaptability|LastRespects,AquaJet,WaveCrash,Protect|Adamant||M|||50|]Scovillain||Scovillainite|Moody|Overheat,GigaDrain,RagePowder,Protect|Bold||M|||50|
|showteam|p2|Gengar||Gengarite|CursedBody|ShadowBall,PerishSong,Disable,Protect|Modest||M|||50|]Maushold-Four||FocusSash|FriendGuard|SuperFang,FollowMe,Encore,Protect|Timid|||||50|]Incineroar||SitrusBerry|Intimidate|FlareBlitz,FakeOut,PartingShot,Protect|Careful||F|||50|]Sneasler||WhiteHerb|Unburden|DireClaw,CloseCombat,FakeOut,Protect|Adamant||F|||50|]Kingambit||BlackGlasses|Defiant|KowtowCleave,SuckerPunch,SwordsDance,Protect|Adamant||M|||50|]Kommo-o||Leftovers|Soundproof|ClangingScales,AuraSphere,ClangorousSoul,Protect|Modest||F|||50|
|inactive|Battle timer is ON: inactive players will automatically lose when time's up. (requested by elmono11)
|inactive|elmono11 has 60 seconds left.
|inactive|lalalaing has 60 seconds left.
|
|t:|1785791883
|teamsize|p1|4
|teamsize|p2|4
|start
|switch|p1a: Froslass|Froslass, L50, F|100/100
|switch|p1b: Kingambit|Kingambit, L50, F|100/100
|switch|p2a: Gengar|Gengar, L50, M|100/100
|switch|p2b: Maushold|Maushold-Four, L50|100/100
|turn|1
|
|t:|1785791900
|switch|p2b: Sneasler|Sneasler, L50, F|100/100
|switch|p1b: Basculegion|Basculegion, L50, M|100/100
|detailschange|p1a: Froslass|Froslass-Mega, L50, F
|-mega|p1a: Froslass|Froslass|Froslassite
|-weather|Snowscape|[from] ability: Snow Warning|[of] p1a: Froslass
|detailschange|p2a: Gengar|Gengar-Mega, L50, M
|-mega|p2a: Gengar|Gengar|Gengarite
|move|p2a: Gengar|Protect|p2a: Gengar
|-singleturn|p2a: Gengar|Protect
|move|p1a: Froslass|Blizzard|p2b: Sneasler|[spread] p2b
|-activate|p2a: Gengar|move: Protect
|-damage|p2b: Sneasler|40/100
|
|-weather|Snowscape|[upkeep]
|upkeep
|turn|2
|inactive|lalalaing has 30 seconds left.
|inactive|elmono11 has 30 seconds left.
|
|t:|1785791937
|switch|p2b: Maushold|Maushold-Four, L50|100/100
|switch|p1b: Kingambit|Kingambit, L50, F|100/100
|move|p2a: Gengar|Shadow Ball|p1b: Kingambit
|-resisted|p1b: Kingambit|1
|-damage|p1b: Kingambit|72/100
|move|p1a: Froslass|Blizzard|p2a: Gengar|[spread] p2a,p2b
|-damage|p2a: Gengar|61/100
|-damage|p2b: Maushold|34/100
|
|-weather|Snowscape|[upkeep]
|upkeep
|turn|3
|inactive|elmono11 has 30 seconds left.
|
|t:|1785791963
|move|p2b: Maushold|Follow Me|p2b: Maushold
|-singleturn|p2b: Maushold|move: Follow Me
|move|p2a: Gengar|Shadow Ball|p1a: Froslass
|-supereffective|p1a: Froslass|1
|-damage|p1a: Froslass|0 fnt
|faint|p1a: Froslass
|move|p1b: Kingambit|Kowtow Cleave|p2b: Maushold
|-damage|p2b: Maushold|0 fnt
|faint|p2b: Maushold
|-damage|p1b: Kingambit|62/100|[from] item: Life Orb
|
|-weather|Snowscape|[upkeep]
|upkeep
|
|t:|1785791974
|switch|p2b: Kingambit|Kingambit, L50, M|100/100
|switch|p1a: Basculegion|Basculegion, L50, M|100/100
|turn|4
|
|t:|1785791994
|switch|p1a: Sneasler|Sneasler, L50, M|100/100
|move|p1b: Kingambit|Sucker Punch|p2b: Kingambit
|-resisted|p2b: Kingambit|1
|-crit|p2b: Kingambit
|-damage|p2b: Kingambit|70/100
|-damage|p1b: Kingambit|53/100|[from] item: Life Orb
|move|p2b: Kingambit|Sucker Punch||[still]
|-fail|p2b: Kingambit
|move|p2a: Gengar|Disable|p1b: Kingambit
|-start|p1b: Kingambit|Disable|Sucker Punch
|
|-weather|Snowscape|[upkeep]
|upkeep
|turn|5
|inactive|lalalaing has 30 seconds left.
|
|t:|1785792023
|move|p2a: Gengar|Protect|p2a: Gengar
|-singleturn|p2a: Gengar|Protect
|move|p2b: Kingambit|Protect|p2b: Kingambit
|-singleturn|p2b: Kingambit|Protect
|move|p1a: Sneasler|Close Combat|p2b: Kingambit
|-activate|p2b: Kingambit|move: Protect
|move|p1b: Kingambit|Kowtow Cleave|p2a: Gengar
|-activate|p2a: Gengar|move: Protect
|
|-weather|none
|upkeep
|turn|6
|
|t:|1785792040
|move|p1a: Sneasler|Protect|p1a: Sneasler
|-singleturn|p1a: Sneasler|Protect
|move|p2a: Gengar|Disable|p1a: Sneasler
|-activate|p1a: Sneasler|move: Protect
|move|p1b: Kingambit|Kowtow Cleave|p2a: Gengar
|-supereffective|p2a: Gengar|1
|-damage|p2a: Gengar|0 fnt
|faint|p2a: Gengar
|-damage|p1b: Kingambit|43/100|[from] item: Life Orb
|move|p2b: Kingambit|Swords Dance|p2b: Kingambit
|-boost|p2b: Kingambit|atk|2
|
|upkeep
|
|t:|1785792041
|switch|p2a: Sneasler|Sneasler, L50, F|40/100
|turn|7
|inactive|elmono11 has 30 seconds left.
|
|t:|1785792070
|switch|p1a: Basculegion|Basculegion, L50, M|100/100
|move|p2a: Sneasler|Fake Out|p1a: Basculegion
|-immune|p1a: Basculegion
|move|p1b: Kingambit|Swords Dance|p1b: Kingambit
|-boost|p1b: Kingambit|atk|2
|move|p2b: Kingambit|Kowtow Cleave|p1a: Basculegion
|-supereffective|p1a: Basculegion|1
|-damage|p1a: Basculegion|0 fnt
|faint|p1a: Basculegion
|
|upkeep
|
|t:|1785792072
|switch|p1a: Sneasler|Sneasler, L50, M|100/100
|turn|8
|inactive|elmono11 has 30 seconds left.
|inactive|lalalaing has 30 seconds left.
|
|t:|1785792104
|move|p2a: Sneasler|Protect|p2a: Sneasler
|-singleturn|p2a: Sneasler|Protect
|move|p2b: Kingambit|Protect|p2b: Kingambit
|-singleturn|p2b: Kingambit|Protect
|move|p1a: Sneasler|Fake Out|p2a: Sneasler
|-activate|p2a: Sneasler|move: Protect
|move|p1b: Kingambit|Kowtow Cleave|p2b: Kingambit
|-activate|p2b: Kingambit|move: Protect
|
|-end|p1b: Kingambit|Disable
|upkeep
|turn|9
|inactive|lalalaing has 30 seconds left.
|
|t:|1785792131
|move|p1b: Kingambit|Sucker Punch|p2a: Sneasler
|-resisted|p2a: Sneasler|1
|-damage|p2a: Sneasler|0 fnt
|faint|p2a: Sneasler
|-damage|p1b: Kingambit|33/100|[from] item: Life Orb
|move|p2b: Kingambit|Sucker Punch||[still]
|-fail|p2b: Kingambit
|move|p1a: Sneasler|Close Combat|p2b: Kingambit
|-supereffective|p2b: Kingambit|2
|-damage|p2b: Kingambit|0 fnt
|-unboost|p1a: Sneasler|def|1
|-unboost|p1a: Sneasler|spd|1
|faint|p2b: Kingambit
|
|win|elmono11
||lalalaing is ready for game 2.
||elmono11 is ready for game 2.
|uhtml|next|Next: Game 2 of 3
