|j|☆ZaVGC
|j|☆ignorance1sbliss
|html|ZaVGCignorance1sbliss    
|uhtml|bestof|Game 2 of a best-of-3
|t:|1783398694
|gametype|doubles
|player|p1|ZaVGC|steven|1031
|player|p2|ignorance1sbliss|170|1000
|gen|9
|tier|[Gen 9 Champions] VGC 2026 Reg M-B (Bo3)
|rated|
|rule|Species Clause: Limit one of each Pokémon
|rule|Item Clause: Limit 1 of each item
|clearpoke
|poke|p1|Pyroar, L50, M|
|poke|p1|Whimsicott, L50, F|
|poke|p1|Ninetales, L50, M|
|poke|p1|Farigiraf, L50, M|
|poke|p1|Basculegion, L50, M|
|poke|p1|Gardevoir, L50, M|
|poke|p2|Meowstic, L50, M, shiny|
|poke|p2|Flapple, L50, F, shiny|
|poke|p2|Milotic, L50, F, shiny|
|poke|p2|Delphox, L50, M, shiny|
|poke|p2|Garchomp, L50, M|
|poke|p2|Kingambit, L50, M, shiny|
|teampreview|4
|showteam|p1|Pyroar||Pyroarite|Unnerve|Flamethrower,BurningJealousy,SolarBeam,Protect|Timid||M|||50|]Whimsicott||FocusSash|Prankster|Moonblast,Tailwind,SunnyDay,Protect|Timid||F|||50|]Ninetales||ChoiceScarf|Drought|Flamethrower,BurningJealousy,SolarBeam,FakeTears|Modest||M|||50|]Farigiraf||SitrusBerry|ArmorTail|Thunderbolt,TwinBeam,TrickRoom,HelpingHand|Bold||M|||50|]Basculegion||LifeOrb|Adaptability|WaveCrash,LastRespects,AquaJet,Protect|Adamant||M|||50|]Gardevoir||Gardevoirite|Synchronize|HyperVoice,Moonblast,Psyshock,Protect|Modest||M|||50|
|showteam|p2|Meowstic||FocusSash|Prankster|Gravity,PsychicTerrain,TrickRoom,HelpingHand|Calm||M|||50|]Flapple||ChoiceScarf|Hustle|GravApple,DualWingbeat,SuckerPunch,Uturn|Jolly||F|||50|]Milotic||Leftovers|Competitive|Hypnosis,Recover,Protect,Scald|Bold||F|||50|]Delphox||Delphoxite|Magician|ExpandingForce,HeatWave,Protect,Hypnosis|Modest||M|||50|]Garchomp||LifeOrb|SandVeil|DragonClaw,Protect,RockSlide,StompingTantrum|Jolly||M|||50|]Kingambit||ChopleBerry|Defiant|KowtowCleave,SuckerPunch,Protect,IronHead|Adamant||M|||50|
|
|t:|1783398738
|teamsize|p1|4
|teamsize|p2|4
|start
|switch|p1a: Gardevoir|Gardevoir, L50, M|100/100
|switch|p1b: Whimsicott|Whimsicott, L50, F|100/100
|switch|p2a: sharky cat|Garchomp, L50, M|100/100
|switch|p2b: snek cat|Milotic, L50, F, shiny|100/100
|turn|1
|
|t:|1783398787
|detailschange|p1a: Gardevoir|Gardevoir-Mega, L50, M
|-mega|p1a: Gardevoir|Gardevoir|Gardevoirite
|move|p2a: sharky cat|Protect|p2a: sharky cat
|-singleturn|p2a: sharky cat|Protect
|move|p1b: Whimsicott|Tailwind|p1b: Whimsicott
|-sidestart|p1: ZaVGC|move: Tailwind
|move|p1a: Gardevoir|Hyper Voice|p2b: snek cat|[spread] p2b
|-activate|p2a: sharky cat|move: Protect
|-damage|p2b: snek cat|61/100
|move|p2b: snek cat|Hypnosis|p1a: Gardevoir|[miss]
|-miss|p2b: snek cat|p1a: Gardevoir
|
|-heal|p2b: snek cat|67/100|[from] item: Leftovers
|upkeep
|turn|2
|
|t:|1783398816
|switch|p2a: magic cat|Delphox, L50, M, shiny|100/100
|move|p1b: Whimsicott|Moonblast|p2b: snek cat
|-damage|p2b: snek cat|42/100
|move|p1a: Gardevoir|Hyper Voice|p2a: magic cat|[spread] p2a,p2b
|-resisted|p2a: magic cat|1
|-damage|p2a: magic cat|65/100
|-damage|p2b: snek cat|5/100
|move|p2b: snek cat|Hypnosis|p1a: Gardevoir|[miss]
|-miss|p2b: snek cat|p1a: Gardevoir
|
|-heal|p2b: snek cat|11/100|[from] item: Leftovers
|upkeep
|turn|3
|
|t:|1783398850
|detailschange|p2a: magic cat|Delphox-Mega, L50, M, shiny
|-mega|p2a: magic cat|Delphox|Delphoxite
|move|p2b: snek cat|Protect|p2b: snek cat
|-singleturn|p2b: snek cat|Protect
|move|p1b: Whimsicott|Moonblast|p2b: snek cat
|-activate|p2b: snek cat|move: Protect
|move|p1a: Gardevoir|Psyshock|p2a: magic cat
|-resisted|p2a: magic cat|1
|-damage|p2a: magic cat|23/100
|move|p2a: magic cat|Heat Wave|p1a: Gardevoir|[spread] p1a,p1b
|-supereffective|p1b: Whimsicott|1
|-damage|p1a: Gardevoir|55/100
|-enditem|p1b: Whimsicott|Focus Sash
|-damage|p1b: Whimsicott|1/100
|
|-heal|p2b: snek cat|17/100|[from] item: Leftovers
|upkeep
|turn|4
|
|t:|1783398937
|switch|p2b: samurai cat|Kingambit, L50, M, shiny|100/100
|move|p2a: magic cat|Protect|p2a: magic cat
|-singleturn|p2a: magic cat|Protect
|move|p1b: Whimsicott|Moonblast|p2b: samurai cat
|-damage|p2b: samurai cat|66/100
|move|p1a: Gardevoir|Hyper Voice|p2a: magic cat|[spread] p2b
|-activate|p2a: magic cat|move: Protect
|-damage|p2b: samurai cat|16/100
|
|-sideend|p1: ZaVGC|move: Tailwind
|upkeep
|turn|5
|
|t:|1783398957
|move|p1b: Whimsicott|Tailwind|p1b: Whimsicott
|-sidestart|p1: ZaVGC|move: Tailwind
|move|p2b: samurai cat|Sucker Punch|p1a: Gardevoir
|-damage|p1a: Gardevoir|0 fnt
|faint|p1a: Gardevoir
|move|p2a: magic cat|Heat Wave|p1b: Whimsicott
|-supereffective|p1b: Whimsicott|1
|-damage|p1b: Whimsicott|0 fnt
|faint|p1b: Whimsicott
|
|upkeep
|
|t:|1783398964
|switch|p1b: Basculegion|Basculegion, L50, M|100/100
|switch|p1a: Ninetales|Ninetales, L50, M|100/100
|-weather|SunnyDay|[from] ability: Drought|[of] p1a: Ninetales
|turn|6
|
|t:|1783399010
|switch|p2a: sharky cat|Garchomp, L50, M|100/100
|move|p1b: Basculegion|Protect|p1b: Basculegion
|-singleturn|p1b: Basculegion|Protect
|move|p2b: samurai cat|Sucker Punch|p1a: Ninetales
|-damage|p1a: Ninetales|34/100
|move|p1a: Ninetales|Burning Jealousy|p2a: sharky cat|[spread] p2a,p2b
|-resisted|p2a: sharky cat|1
|-supereffective|p2b: samurai cat|1
|-damage|p2a: sharky cat|82/100
|-damage|p2b: samurai cat|0 fnt
|faint|p2b: samurai cat
|
|-weather|SunnyDay|[upkeep]
|upkeep
|
|t:|1783399053
|switch|p2b: snek cat|Milotic, L50, F, shiny|17/100
|turn|7
|
|t:|1783399074
|move|p2b: snek cat|Protect|p2b: snek cat
|-singleturn|p2b: snek cat|Protect
|move|p1a: Ninetales|Burning Jealousy|p2b: snek cat|[spread] p2a
|-activate|p2b: snek cat|move: Protect
|-resisted|p2a: sharky cat|1
|-damage|p2a: sharky cat|64/100
|move|p1b: Basculegion|Last Respects|p2a: sharky cat
|-damage|p2a: sharky cat|0 fnt
|faint|p2a: sharky cat
|-damage|p1b: Basculegion|90/100|[from] item: Life Orb
|
|-weather|SunnyDay|[upkeep]
|-heal|p2b: snek cat|23/100|[from] item: Leftovers
|upkeep
|
|t:|1783399087
|switch|p2a: magic cat|Delphox-Mega, L50, M, shiny|23/100
|turn|8
|
|t:|1783399100
|move|p2a: magic cat|Protect|p2a: magic cat
|-singleturn|p2a: magic cat|Protect
|move|p1a: Ninetales|Burning Jealousy|p2b: snek cat|[spread] p2b
|-activate|p2a: magic cat|move: Protect
|-resisted|p2b: snek cat|1
|-damage|p2b: snek cat|11/100
|move|p1b: Basculegion|Last Respects|p2b: snek cat
|-damage|p2b: snek cat|0 fnt
|faint|p2b: snek cat
|-damage|p1b: Basculegion|80/100|[from] item: Life Orb
|
|-weather|SunnyDay|[upkeep]
|-sideend|p1: ZaVGC|move: Tailwind
|upkeep
|turn|9
|
|t:|1783399116
|move|p1b: Basculegion|Aqua Jet|p2a: magic cat
|-supereffective|p2a: magic cat|1
|-damage|p2a: magic cat|0 fnt
|faint|p2a: magic cat
|-damage|p1b: Basculegion|71/100|[from] item: Life Orb
|
|win|ZaVGC
||ZaVGC is ready for game 3.
||ignorance1sbliss is ready for game 3.
|uhtml|next|Next: Game 3 of 3
|l|☆ignorance1sbliss
|player|p2|
