|j|☆ElronMcBong
|j|☆MrTedno
|html|ElronMcBongMrTedno    
|uhtml|bestof|Game 3 of a best-of-3
|t:|1756727671
|gametype|doubles
|player|p1|ElronMcBong|red|1217
|player|p2|MrTedno|barry|1122
|gen|9
|tier|[Gen 9] VGC 2025 Reg H (Bo3)
|rated|
|rule|Species Clause: Limit one of each Pokémon
|rule|Item Clause: Limit 1 of each item
|clearpoke
|poke|p1|Archaludon, L50, M|
|poke|p1|Rillaboom, L50, F|
|poke|p1|Basculegion, L50, M|
|poke|p1|Weezing-Galar, L50, F|
|poke|p1|Pelipper, L50, F|
|poke|p1|Toedscruel, L50, F|
|poke|p2|Dondozo, L50, F|
|poke|p2|Tatsugiri, L50, M|
|poke|p2|Politoed, L50, M|
|poke|p2|Archaludon, L50, F|
|poke|p2|Rillaboom, L50, F|
|poke|p2|Sneasler, L50, F|
|teampreview|4
|showteam|p1|Archaludon||AssaultVest|Stamina|ElectroShot,DracoMeteor,FlashCannon,BodyPress|||M|||50|,,,,,Bug]Rillaboom||LoadedDice|GrassySurge|BulletSeed,GrassyGlide,FakeOut,HighHorsepower|||F|||50|,,,,,Fire]Basculegion||ChoiceBand|SwiftSwim|WaveCrash,LastRespects,FlipTurn,AquaJet|||M|||50|,,,,,Grass]Weezing-Galar||Leftovers|NeutralizingGas|SludgeBomb,Taunt,WillOWisp,Protect|||F|||50|,,,,,Dark]Pelipper||FocusSash|Drizzle|WeatherBall,Hurricane,Tailwind,Protect|||F|||50|,,,,,Ghost]Toedscruel||CovertCloak|MyceliumMight|Spore,EarthPower,RagePowder,Protect|||F|||50|,,,,,Water
|showteam|p2|Dondozo||LifeOrb|Unaware|Surf,SleepTalk,Protect|||F|||50|,,,,,Water]Tatsugiri||FocusSash|Commander|MuddyWater,DracoMeteor,Taunt,Protect|||M|||50|,,,,,Stellar]Politoed||SitrusBerry|Drizzle|WeatherBall,IceBeam,Haze,Protect|||M|||50|,,,,,Steel]Archaludon||AssaultVest|Stamina|ElectroShot,FlashCannon,DragonPulse,BodyPress|||F|||50|,,,,,Grass]Rillaboom||LoadedDice|GrassySurge|FakeOut,GrassyGlide,HighHorsepower,BulletSeed|||F|||50|,,,,,Grass]Sneasler||GrassySeed|Unburden|DireClaw,CloseCombat,ThroatChop,Protect|||F|||50|,,,,,Dark
|inactive|Battle timer is ON: inactive players will automatically lose when time's up. (requested by ElronMcBong)
|inactive|MrTedno has 60 seconds left.
|
|t:|1756727708
|teamsize|p1|4
|teamsize|p2|4
|start
|switch|p1a: Basculegion|Basculegion, L50, M|100/100
|switch|p1b: Rillaboom|Rillaboom, L50, F|100/100
|switch|p2a: Barnacles|Archaludon, L50, F|100/100
|switch|p2b: Shellington|Sneasler, L50, F|100/100
|-fieldstart|move: Grassy Terrain|[from] ability: Grassy Surge|[of] p1b: Rillaboom
|-enditem|p2b: Shellington|Grassy Seed
|-boost|p2b: Shellington|def|1|[from] item: Grassy Seed
|turn|1
|inactive|ElronMcBong has 30 seconds left.
|inactive|MrTedno has 30 seconds left.
|inactive|ElronMcBong has 20 seconds left.
|inactive|ElronMcBong has 15 seconds left.
|inactive|MrTedno has 20 seconds left.
|inactive|ElronMcBong has 10 seconds left.
|inactive|MrTedno has 15 seconds left.
|
|t:|1756727756
|switch|p1b: Pelipper|Pelipper, L50, F|100/100
|-weather|RainDance|[from] ability: Drizzle|[of] p1b: Pelipper
|move|p2b: Shellington|Protect|p2b: Shellington
|-singleturn|p2b: Shellington|Protect
|move|p1a: Basculegion|Flip Turn|p2b: Shellington
|-activate|p2b: Shellington|move: Protect
|move|p2a: Barnacles|Electro Shot||[still]
|-prepare|p2a: Barnacles|Electro Shot
|-boost|p2a: Barnacles|spa|1
|-anim|p2a: Barnacles|Electro Shot|p1a: Basculegion
|-supereffective|p1a: Basculegion
|-damage|p1a: Basculegion|0 fnt
|faint|p1a: Basculegion
|
|-weather|RainDance|[upkeep]
|upkeep
|
|t:|1756727772
|switch|p1a: Archaludon|Archaludon, L50, M|100/100
|turn|2
|
|t:|1756727790
|-terastallize|p1a: Archaludon|Bug
|move|p2b: Shellington|Close Combat|p1a: Archaludon
|-resisted|p1a: Archaludon
|-damage|p1a: Archaludon|82/100
|-unboost|p2b: Shellington|def|1
|-unboost|p2b: Shellington|spd|1
|-ability|p1a: Archaludon|Stamina|boost
|-boost|p1a: Archaludon|def|1
|move|p1a: Archaludon|Electro Shot||[still]
|-prepare|p1a: Archaludon|Electro Shot
|-boost|p1a: Archaludon|spa|1
|-anim|p1a: Archaludon|Electro Shot|p2b: Shellington
|-damage|p2b: Shellington|0 fnt
|faint|p2b: Shellington
|move|p2a: Barnacles|Electro Shot||[still]
|-prepare|p2a: Barnacles|Electro Shot
|-boost|p2a: Barnacles|spa|1
|-anim|p2a: Barnacles|Electro Shot|p1a: Archaludon
|-damage|p1a: Archaludon|19/100
|-ability|p1a: Archaludon|Stamina|boost
|-boost|p1a: Archaludon|def|1
|move|p1b: Pelipper|Tailwind|p1b: Pelipper
|-sidestart|p1: ElronMcBong|move: Tailwind
|
|-weather|RainDance|[upkeep]
|-heal|p1a: Archaludon|25/100|[from] Grassy Terrain
|upkeep
|
|t:|1756727808
|switch|p2b: Turnip|Rillaboom, L50, F|100/100
|turn|3
|
|t:|1756727832
|move|p2b: Turnip|Fake Out|p1a: Archaludon
|-damage|p1a: Archaludon|20/100
|-ability|p1a: Archaludon|Stamina|boost
|-boost|p1a: Archaludon|def|1
|cant|p1a: Archaludon|flinch
|move|p1b: Pelipper|Hurricane|p2a: Barnacles
|-resisted|p2a: Barnacles
|-damage|p2a: Barnacles|81/100
|-ability|p2a: Barnacles|Stamina|boost
|-boost|p2a: Barnacles|def|1
|move|p2a: Barnacles|Dragon Pulse|p1a: Archaludon
|-damage|p1a: Archaludon|0 fnt
|faint|p1a: Archaludon
|
|-weather|RainDance|[upkeep]
|-heal|p2a: Barnacles|88/100|[from] Grassy Terrain
|upkeep
|
|t:|1756727845
|switch|p1a: Rillaboom|Rillaboom, L50, F|100/100
|turn|4
|inactive|MrTedno has 30 seconds left.
|inactive|MrTedno has 20 seconds left.
|inactive|MrTedno has 15 seconds left.
|
|t:|1756727886
|move|p1a: Rillaboom|High Horsepower|p2a: Barnacles
|-supereffective|p2a: Barnacles
|-damage|p2a: Barnacles|57/100
|-ability|p2a: Barnacles|Stamina|boost
|-boost|p2a: Barnacles|def|1
|move|p1b: Pelipper|Hurricane|p2a: Barnacles
|-resisted|p2a: Barnacles
|-damage|p2a: Barnacles|38/100
|-ability|p2a: Barnacles|Stamina|boost
|-boost|p2a: Barnacles|def|1
|move|p2b: Turnip|Bullet Seed|p1b: Pelipper
|-damage|p1b: Pelipper|78/100
|-damage|p1b: Pelipper|56/100
|-damage|p1b: Pelipper|32/100
|-damage|p1b: Pelipper|8/100
|-damage|p1b: Pelipper|0 fnt
|faint|p1b: Pelipper
|-hitcount|p1: Pelipper|5
|move|p2a: Barnacles|Dragon Pulse|p1a: Rillaboom
|-damage|p1a: Rillaboom|7/100
|
|-weather|RainDance|[upkeep]
|-heal|p1a: Rillaboom|13/100|[from] Grassy Terrain
|-heal|p2a: Barnacles|44/100|[from] Grassy Terrain
|upkeep
|turn|5
|inactive|ElronMcBong has 30 seconds left.
|
|t:|1756727911
|move|p1a: Rillaboom|Bullet Seed|p2b: Turnip
|-resisted|p2b: Turnip
|-crit|p2b: Turnip
|-damage|p2b: Turnip|88/100
|-resisted|p2b: Turnip
|-damage|p2b: Turnip|79/100
|-resisted|p2b: Turnip
|-damage|p2b: Turnip|70/100
|-resisted|p2b: Turnip
|-damage|p2b: Turnip|61/100
|-hitcount|p2b: Turnip|4
|move|p2b: Turnip|Bullet Seed|p1a: Rillaboom
|-resisted|p1a: Rillaboom
|-damage|p1a: Rillaboom|3/100
|-resisted|p1a: Rillaboom
|-damage|p1a: Rillaboom|0 fnt
|faint|p1a: Rillaboom
|-hitcount|p1: Rillaboom|2
|
|win|MrTedno
|raw|ElronMcBong's rating: 1217 → 1185(-32 for losing)
|raw|MrTedno's rating: 1122 → 1154(+32 for winning)
|c|☆ElronMcBong|ggs
|l|☆ElronMcBong
|player|p1|
|c|☆MrTedno|ggs
