|j|☆bruh.mov
|j|☆new mental
|html|bruh.movnew mental    
|uhtml|bestof|Game 2 of a best-of-3
|t:|1786128515
|gametype|doubles
|player|p1|bruh.mov|shadowtriad|1097
|player|p2|new mental|volkner|1148
|gen|9
|tier|[Gen 9 Champions] VGC 2026 Reg M-B (Bo3)
|rated|
|rule|Species Clause: Limit one of each Pokémon
|rule|Item Clause: Limit 1 of each item
|clearpoke
|poke|p1|Scizor, L50, M|
|poke|p1|Tyranitar, L50, M, shiny|
|poke|p1|Kangaskhan, L50, F|
|poke|p1|Sinistcha, L50, shiny|
|poke|p1|Milotic, L50, F, shiny|
|poke|p1|Infernape, L50, M|
|poke|p2|Charizard, L50, M|
|poke|p2|Garchomp, L50, F|
|poke|p2|Incineroar, L50, F|
|poke|p2|Venusaur, L50, F|
|poke|p2|Toxapex, L50, F|
|poke|p2|Sylveon, L50, F|
|teampreview|4
|showteam|p1|Scizor||LifeOrb|Technician|BulletPunch,Uturn,DualWingbeat,BrickBreak|Adamant||M|||50|]Tyranitar||Leftovers|SandStream|Protect,LowKick,RockSlide,KnockOff|Adamant||M|||50|]Kangaskhan||Kangaskhanite|Scrappy|DrainPunch,SuckerPunch,BodySlam,FakeOut|Adamant||F|||50|]Sinistcha||SitrusBerry|Hospitality|LifeDew,MatchaGotcha,RagePowder,Curse|Bold|||||50|]Milotic||ShellBell|Competitive|Coil,MuddyWater,LifeDew,Hypnosis|Bold||F|||50|]Infernape||WhiteHerb|IronFist|CloseCombat,Overheat,ThunderPunch,FirePunch|Naive||M|||50|
|showteam|p2|Charizard||CharizarditeY|Blaze|WeatherBall,HeatWave,AncientPower,Protect|Modest||M|||50|]Garchomp||ChoiceScarf|RoughSkin|RockSlide,DragonClaw,Earthquake,StompingTantrum|Adamant||F|||50|]Incineroar||SitrusBerry|Intimidate|FlareBlitz,FakeOut,DarkestLariat,PartingShot|Impish||F|||50|]Venusaur||LifeOrb|Chlorophyll|SludgeBomb,LeafStorm,EarthPower,Protect|Modest||F|||50|]Toxapex||Leftovers|Regenerator|Infestation,Toxic,WideGuard,BanefulBunker|Bold||F|||50|]Sylveon||FairyFeather|Pixilate|HyperVoice,QuickAttack,Yawn,Detect|Modest||F|||50|
|
|t:|1786128532
|teamsize|p1|4
|teamsize|p2|4
|start
|switch|p1a: Kangaskhan|Kangaskhan, L50, F|100/100
|switch|p1b: Infernape|Infernape, L50, M|100/100
|switch|p2a: Charizard|Charizard, L50, M|100/100
|switch|p2b: Toxapex|Toxapex, L50, F|100/100
|turn|1
|inactive|Battle timer is ON: inactive players will automatically lose when time's up. (requested by new mental)
|
|t:|1786128552
|detailschange|p2a: Charizard|Charizard-Mega-Y, L50, M
|-mega|p2a: Charizard|Charizard|Charizardite Y
|-weather|SunnyDay|[from] ability: Drought|[of] p2a: Charizard
|detailschange|p1a: Kangaskhan|Kangaskhan-Mega, L50, F
|-mega|p1a: Kangaskhan|Kangaskhan|Kangaskhanite
|move|p2a: Charizard|Protect|p2a: Charizard
|-singleturn|p2a: Charizard|Protect
|move|p1a: Kangaskhan|Fake Out|p2b: Toxapex
|-damage|p2b: Toxapex|85/100
|-damage|p2b: Toxapex|83/100
|-hitcount|p2b: Toxapex|2
|move|p1b: Infernape|Thunder Punch|p2b: Toxapex
|-supereffective|p2b: Toxapex|1
|-damage|p2b: Toxapex|50/100g
|cant|p2b: Toxapex|flinch
|
|-weather|SunnyDay|[upkeep]
|-heal|p2b: Toxapex|56/100|[from] item: Leftovers
|upkeep
|turn|2
|
|t:|1786128571
|switch|p2a: Incineroar|Incineroar, L50, F|100/100
|-ability|p2a: Incineroar|Intimidate|boost
|-unboost|p1a: Kangaskhan|atk|1
|-unboost|p1b: Infernape|atk|1
|-enditem|p1b: Infernape|White Herb
|-clearnegativeboost|p1b: Infernape|[silent]
|move|p1a: Kangaskhan|Sucker Punch||[still]
|-fail|p1a: Kangaskhan
|move|p1b: Infernape|Thunder Punch|p2a: Incineroar
|-damage|p2a: Incineroar|80/100
|move|p2b: Toxapex|Infestation|p1a: Kangaskhan
|-damage|p1a: Kangaskhan|97/100
|-activate|p1a: Kangaskhan|move: Infestation|[of] p2b: Toxapex
|
|-weather|SunnyDay|[upkeep]
|-heal|p2b: Toxapex|61/100|[from] item: Leftovers
|-damage|p1a: Kangaskhan|84/100|[from] move: Infestation|[partiallytrapped]
|upkeep
|turn|3
|
|t:|1786128578
|switch|p1b: Tyranitar|Tyranitar, L50, M, shiny|100/100
|-weather|Sandstorm|[from] ability: Sand Stream|[of] p1b: Tyranitar
|move|p2a: Incineroar|Fake Out|p1b: Tyranitar
|-resisted|p1b: Tyranitar|1
|-damage|p1b: Tyranitar|96/100
|move|p1a: Kangaskhan|Drain Punch|p2a: Incineroar
|-supereffective|p2a: Incineroar|1
|-damage|p2a: Incineroar|50/100g
|-heal|p1a: Kangaskhan|99/100|[from] drain|[of] p2a: Incineroar
|-supereffective|p2a: Incineroar|1
|-damage|p2a: Incineroar|43/100
|-heal|p1a: Kangaskhan|100/100|[from] drain|[of] p2a: Incineroar
|-enditem|p2a: Incineroar|Sitrus Berry|[eat]
|-heal|p2a: Incineroar|68/100|[from] item: Sitrus Berry
|-hitcount|p2a: Incineroar|2
|move|p2b: Toxapex|Toxic|p1b: Tyranitar
|-status|p1b: Tyranitar|tox
|
|-weather|Sandstorm|[upkeep]
|-damage|p1a: Kangaskhan|93/100|[from] Sandstorm
|-damage|p2a: Incineroar|62/100|[from] Sandstorm
|-damage|p2b: Toxapex|56/100|[from] Sandstorm
|-heal|p1b: Tyranitar|100/100 tox|[from] item: Leftovers
|-heal|p2b: Toxapex|61/100|[from] item: Leftovers
|-damage|p1b: Tyranitar|94/100 tox|[from] psn
|-damage|p1a: Kangaskhan|81/100|[from] move: Infestation|[partiallytrapped]
|upkeep
|turn|4
|
|t:|1786128591
|switch|p2a: Charizard|Charizard-Mega-Y, L50, M|100/100
|-weather|SunnyDay|[from] ability: Drought|[of] p2a: Charizard
|move|p2b: Toxapex|Baneful Bunker|p2b: Toxapex
|-singleturn|p2b: Toxapex|move: Protect
|move|p1a: Kangaskhan|Drain Punch|p2a: Charizard
|-resisted|p2a: Charizard|1
|-damage|p2a: Charizard|89/100
|-heal|p1a: Kangaskhan|85/100|[from] drain|[of] p2a: Charizard
|-resisted|p2a: Charizard|1
|-damage|p2a: Charizard|86/100
|-heal|p1a: Kangaskhan|86/100|[from] drain|[of] p2a: Charizard
|-hitcount|p2a: Charizard|2
|move|p1b: Tyranitar|Knock Off|p2a: Charizard
|-damage|p2a: Charizard|43/100
|
|-weather|SunnyDay|[upkeep]
|-heal|p1b: Tyranitar|100/100 tox|[from] item: Leftovers
|-heal|p2b: Toxapex|67/100|[from] item: Leftovers
|-damage|p1b: Tyranitar|88/100 tox|[from] psn
|-damage|p1a: Kangaskhan|74/100|[from] move: Infestation|[partiallytrapped]
|upkeep
|turn|5
|
|t:|1786128606
|move|p1a: Kangaskhan|Sucker Punch|p2a: Charizard
|-damage|p2a: Charizard|24/100
|-damage|p2a: Charizard|20/100y
|-hitcount|p2a: Charizard|2
|move|p2a: Charizard|Heat Wave|p1a: Kangaskhan|[spread] p1a,p1b
|-resisted|p1b: Tyranitar|1
|-damage|p1a: Kangaskhan|24/100
|-damage|p1b: Tyranitar|60/100 tox
|move|p1b: Tyranitar|Rock Slide|p2b: Toxapex|[spread] p2a,p2b
|-supereffective|p2a: Charizard|2
|-damage|p2a: Charizard|0 fnt
|-damage|p2b: Toxapex|46/100
|faint|p2a: Charizard
|cant|p2b: Toxapex|flinch
|
|-weather|SunnyDay|[upkeep]
|-heal|p1b: Tyranitar|66/100 tox|[from] item: Leftovers
|-heal|p2b: Toxapex|52/100|[from] item: Leftovers
|-damage|p1b: Tyranitar|49/100 tox|[from] psn
|-damage|p1a: Kangaskhan|12/100|[from] move: Infestation|[partiallytrapped]
|upkeep
|
|t:|1786128612
|switch|p2a: Incineroar|Incineroar, L50, F|62/100
|-ability|p2a: Incineroar|Intimidate|boost
|-unboost|p1a: Kangaskhan|atk|1
|-unboost|p1b: Tyranitar|atk|1
|turn|6
|
|t:|1786128620
|switch|p1b: Scizor|Scizor, L50, M|100/100
|move|p2a: Incineroar|Fake Out|p1a: Kangaskhan
|-damage|p1a: Kangaskhan|3/100
|cant|p1a: Kangaskhan|flinch
|move|p2b: Toxapex|Infestation|p1b: Scizor
|-resisted|p1b: Scizor|1
|-damage|p1b: Scizor|98/100
|-activate|p1b: Scizor|move: Infestation|[of] p2b: Toxapex
|
|-weather|SunnyDay|[upkeep]
|-heal|p2b: Toxapex|57/100|[from] item: Leftovers
|-end|p1a: Kangaskhan|Infestation|[partiallytrapped]
|-damage|p1b: Scizor|86/100|[from] move: Infestation|[partiallytrapped]
|upkeep
|turn|7
|
|t:|1786128637
|switch|p1a: Tyranitar|Tyranitar, L50, M, shiny|49/100 tox
|-weather|Sandstorm|[from] ability: Sand Stream|[of] p1a: Tyranitar
|switch|p2a: Garchomp|Garchomp, L50, F|100/100
|move|p1b: Scizor|U-turn|p2a: Garchomp
|-damage|p2a: Garchomp|46/100
|-damage|p1b: Scizor|74/100|[from] ability: Rough Skin|[of] p2a: Garchomp
|-damage|p1b: Scizor|64/100|[from] item: Life Orb
|
|t:|1786128647
|switch|p1b: Kangaskhan|Kangaskhan-Mega, L50, F|3/100|[from] U-turn
|move|p2b: Toxapex|Infestation|p1a: Tyranitar
|-supereffective|p1a: Tyranitar|1
|-damage|p1a: Tyranitar|44/100 tox
|-activate|p1a: Tyranitar|move: Infestation|[of] p2b: Toxapex
|
|-weather|Sandstorm|[upkeep]
|-damage|p1b: Kangaskhan|0 fnt|[from] Sandstorm
|-damage|p2b: Toxapex|52/100|[from] Sandstorm
|faint|p1b: Kangaskhan
|-heal|p1a: Tyranitar|50/100g tox|[from] item: Leftovers
|-heal|p2b: Toxapex|57/100|[from] item: Leftovers
|-damage|p1a: Tyranitar|44/100 tox|[from] psn
|-damage|p1a: Tyranitar|32/100 tox|[from] move: Infestation|[partiallytrapped]
|upkeep
|
|t:|1786128654
|switch|p1b: Infernape|Infernape, L50, M|100/100
|turn|8
|
|t:|1786128668
|move|p2b: Toxapex|Wide Guard|p2b: Toxapex
|-singleturn|p2b: Toxapex|Wide Guard
|move|p2a: Garchomp|Earthquake|p1a: Tyranitar|[spread] p1a,p1b
|-activate|p2b: Toxapex|move: Wide Guard
|-supereffective|p1a: Tyranitar|1
|-supereffective|p1b: Infernape|1
|-damage|p1a: Tyranitar|0 fnt
|-damage|p1b: Infernape|0 fnt
|faint|p1a: Tyranitar
|faint|p1b: Infernape
|
|-weather|Sandstorm|[upkeep]
|-damage|p2b: Toxapex|52/100|[from] Sandstorm
|-heal|p2b: Toxapex|57/100|[from] item: Leftovers
|upkeep
|
|t:|1786128675
|switch|p1b: Scizor|Scizor, L50, M|64/100
|turn|9
|
|t:|1786128679
|switch|p2a: Incineroar|Incineroar, L50, F|62/100
|-ability|p2a: Incineroar|Intimidate|boost
|-unboost|p1b: Scizor|atk|1
|move|p1b: Scizor|Bullet Punch|p2a: Incineroar
|-resisted|p2a: Incineroar|1
|-damage|p2a: Incineroar|51/100
|-damage|p1b: Scizor|55/100|[from] item: Life Orb
|move|p2b: Toxapex|Infestation|p1b: Scizor
|-resisted|p1b: Scizor|1
|-damage|p1b: Scizor|53/100
|-activate|p1b: Scizor|move: Infestation|[of] p2b: Toxapex
|
|-weather|Sandstorm|[upkeep]
|-damage|p2a: Incineroar|45/100|[from] Sandstorm
|-damage|p2b: Toxapex|52/100|[from] Sandstorm
|-heal|p2b: Toxapex|57/100|[from] item: Leftovers
|-damage|p1b: Scizor|41/100|[from] move: Infestation|[partiallytrapped]
|upkeep
|turn|10
|-message|bruh.mov forfeited.
|
|win|new mental
|raw|bruh.mov's rating: 1097 → 1076(-21 for losing)
|raw|new mental's rating: 1148 → 1169(+21 for winning)
