|j|☆Nitchii
|j|☆Eduard738838
|html|NitchiiEduard738838    
|uhtml|bestof|Game 2 of a best-of-3
|t:|1783296178
|gametype|doubles
|player|p1|Nitchii|n|1012
|player|p2|Eduard738838|266|1089
|gen|9
|tier|[Gen 9 Champions] VGC 2026 Reg M-B (Bo3)
|rated|
|rule|Species Clause: Limit one of each Pokémon
|rule|Item Clause: Limit 1 of each item
|clearpoke
|poke|p1|Maushold, L50|
|poke|p1|Archaludon, L50, M|
|poke|p1|Absol, L50, F|
|poke|p1|Pelipper, L50, M|
|poke|p1|Beartic, L50, F|
|poke|p1|Klefki, L50, M|
|poke|p2|Raichu, L50, F|
|poke|p2|Incineroar, L50, F, shiny|
|poke|p2|Ceruledge, L50, F|
|poke|p2|Sinistcha, L50, shiny|
|poke|p2|Sneasler, L50, M, shiny|
|poke|p2|Froslass, L50, F, shiny|
|teampreview|4
|showteam|p1|Maushold||WideLens|FriendGuard|BeatUp,HelpingHand,Encore,PopulationBomb|Jolly|||||50|]Archaludon||Leftovers|Stamina|ElectroShot,DragonPulse,FlashCannon,Protect|Modest||M|||50|]Absol||Absolite|Justified|SwordsDance,PhantomForce,Protect,KnockOff|Jolly||F|||50|]Pelipper||FocusSash|Drizzle|Tailwind,WeatherBall,WideGuard,Hurricane|Modest||M|||50|]Beartic||ExpertBelt|SwiftSwim|Earthquake,AquaJet,IcicleCrash,RockSlide|Adamant||F|||50|]Klefki||LightClay|Prankster|RainDance,DazzlingGleam,LightScreen,ThunderWave|Bold||M|||50|
|showteam|p2|Raichu||RaichuniteY|Static|FakeOut,ZapCannon,FocusBlast,Protect|Timid||F|||50|]Incineroar||SitrusBerry|Intimidate|FakeOut,FlareBlitz,ThroatChop,PartingShot|Impish||F|||50|]Ceruledge||ColburBerry|FlashFire|Protect,BitterBlade,ShadowSneak,BulkUp|Adamant||F|||50|]Sinistcha||KasibBerry|Hospitality|TrickRoom,MatchaGotcha,RagePowder,Protect|Bold|||||50|]Sneasler||FocusSash|PoisonTouch|FakeOut,DireClaw,CloseCombat,Protect|Jolly||M|||50|]Froslass||Froslassite|SnowCloak|Protect,Blizzard,ShadowBall,AuroraVeil|Timid||F|||50|
|inactive|Battle timer is ON: inactive players will automatically lose when time's up. (requested by Nitchii)
|
|t:|1783296193
|teamsize|p1|4
|teamsize|p2|4
|start
|switch|p1a: Absol|Absol, L50, F|100/100
|switch|p1b: Maushold|Maushold, L50|100/100
|switch|p2a: Raichu|Raichu, L50, F|100/100
|switch|p2b: Ceruledge|Ceruledge, L50, F|100/100
|turn|1
|inactive|Nitchii has 30 seconds left.
|
|t:|1783296222
|detailschange|p2a: Raichu|Raichu-Mega-Y, L50, F
|-mega|p2a: Raichu|Raichu|Raichunite Y
|move|p2a: Raichu|Fake Out|p1a: Absol
|-damage|p1a: Absol|88/100
|move|p1b: Maushold|Beat Up|p1a: Absol
|-resisted|p1a: Absol|1
|-damage|p1a: Absol|85/100
|-ability|p1a: Absol|Justified|boost
|-boost|p1a: Absol|atk|1
|-resisted|p1a: Absol|1
|-damage|p1a: Absol|83/100
|-ability|p1a: Absol|Justified|boost
|-boost|p1a: Absol|atk|1
|-resisted|p1a: Absol|1
|-damage|p1a: Absol|82/100
|-ability|p1a: Absol|Justified|boost
|-boost|p1a: Absol|atk|1
|-resisted|p1a: Absol|1
|-damage|p1a: Absol|79/100
|-ability|p1a: Absol|Justified|boost
|-boost|p1a: Absol|atk|1
|-hitcount|p1a: Absol|4
|cant|p1a: Absol|flinch
|move|p2b: Ceruledge|Bulk Up|p2b: Ceruledge
|-boost|p2b: Ceruledge|atk|1
|-boost|p2b: Ceruledge|def|1
|
|upkeep
|turn|2
|inactive|Nitchii has 30 seconds left.
|inactive|Eduard738838 has 30 seconds left.
|inactive|Nitchii has 20 seconds left.
|
|t:|1783296262
|move|p2a: Raichu|Protect|p2a: Raichu
|-singleturn|p2a: Raichu|Protect
|move|p1a: Absol|Protect|p1a: Absol
|-singleturn|p1a: Absol|Protect
|move|p1b: Maushold|Encore|p2b: Ceruledge
|-start|p2b: Ceruledge|Encore
|move|p2b: Ceruledge|Bulk Up|p2b: Ceruledge
|-boost|p2b: Ceruledge|atk|1
|-boost|p2b: Ceruledge|def|1
|
|upkeep
|turn|3
|
|t:|1783296278
|switch|p2a: Sneasler|Sneasler, L50, M, shiny|100/100
|detailschange|p1a: Absol|Absol-Mega, L50, F
|-mega|p1a: Absol|Absol|Absolite
|move|p1a: Absol|Phantom Force||[still]
|-prepare|p1a: Absol|Phantom Force
|move|p1b: Maushold|Population Bomb|p2a: Sneasler
|-damage|p2a: Sneasler|87/100
|-damage|p2a: Sneasler|75/100
|-damage|p2a: Sneasler|63/100
|-damage|p2a: Sneasler|50/100g
|-damage|p2a: Sneasler|36/100
|-damage|p2a: Sneasler|23/100
|-damage|p2a: Sneasler|10/100
|-damage|p2a: Sneasler|0 fnt
|faint|p2a: Sneasler
|-hitcount|p2: Sneasler|8
|move|p2b: Ceruledge|Bulk Up|p2b: Ceruledge
|-boost|p2b: Ceruledge|atk|1
|-boost|p2b: Ceruledge|def|1
|
|upkeep
|
|t:|1783296290
|switch|p2a: Raichu|Raichu-Mega-Y, L50, F|100/100
|turn|4
|
|t:|1783296301
|move|p1b: Maushold|Helping Hand|p1a: Absol
|-singleturn|p1a: Absol|Helping Hand|[of] p1b: Maushold
|move|p2a: Raichu|Focus Blast|p1b: Maushold
|-supereffective|p1b: Maushold|1
|-damage|p1b: Maushold|0 fnt
|faint|p1b: Maushold
|move|p1a: Absol|Phantom Force|p2a: Raichu|[from] lockedmove
|-damage|p2a: Raichu|0 fnt
|faint|p2a: Raichu
|move|p2b: Ceruledge|Bulk Up|p2b: Ceruledge
|-boost|p2b: Ceruledge|atk|1
|-boost|p2b: Ceruledge|def|1
|
|-end|p2b: Ceruledge|Encore
|upkeep
|
|t:|1783296314
|switch|p2a: Sinistcha|Sinistcha, L50, shiny|100/100
|switch|p1b: Pelipper|Pelipper, L50, M|100/100
|-weather|RainDance|[from] ability: Drizzle|[of] p1b: Pelipper
|turn|5
|
|t:|1783296335
|move|p2b: Ceruledge|Protect|p2b: Ceruledge
|-singleturn|p2b: Ceruledge|Protect
|move|p1b: Pelipper|Wide Guard|p1b: Pelipper
|-singleturn|p1b: Pelipper|Wide Guard
|move|p1a: Absol|Knock Off|p2b: Ceruledge
|-activate|p2b: Ceruledge|move: Protect
|move|p2a: Sinistcha|Matcha Gotcha|p1a: Absol|[spread] 
|-activate|p1a: Absol|move: Wide Guard
|-activate|p1b: Pelipper|move: Wide Guard
|
|-weather|RainDance|[upkeep]
|upkeep
|turn|6
|
|t:|1783296349
|move|p2a: Sinistcha|Rage Powder|p2a: Sinistcha
|-singleturn|p2a: Sinistcha|move: Rage Powder
|move|p1a: Absol|Knock Off|p2a: Sinistcha
|-supereffective|p2a: Sinistcha|1
|-damage|p2a: Sinistcha|0 fnt
|-enditem|p2a: Sinistcha|Kasib Berry|[from] move: Knock Off|[of] p1a: Absol
|faint|p2a: Sinistcha
|move|p2b: Ceruledge|Bitter Blade|p1a: Absol
|-damage|p1a: Absol|0 fnt
|faint|p1a: Absol
|move|p1b: Pelipper|Hurricane|p2b: Ceruledge
|-damage|p2b: Ceruledge|50/100g
|
|-weather|RainDance|[upkeep]
|upkeep
|
|t:|1783296361
|switch|p1a: Archaludon|Archaludon, L50, M|100/100
|turn|7
|
|t:|1783296365
|move|p2b: Ceruledge|Shadow Sneak|p1b: Pelipper
|-damage|p1b: Pelipper|29/100
|move|p1a: Archaludon|Electro Shot||[still]
|-prepare|p1a: Archaludon|Electro Shot
|-boost|p1a: Archaludon|spa|1
|-anim|p1a: Archaludon|Electro Shot|p2b: Ceruledge
|-damage|p2b: Ceruledge|0 fnt
|faint|p2b: Ceruledge
|
|win|Nitchii
|raw|Nitchii's rating: 1012 → 1059(+47 for winning)
|raw|Eduard738838's rating: 1089 → 1061(-28 for losing)
