|j|☆54rook54
|j|☆shiroblast
|html|54rook54shiroblast    
|uhtml|bestof|Game 1 of a best-of-3
|t:|1785607902
|gametype|doubles
|player|p1|54rook54|1|1108
|player|p2|shiroblast|benga|1190
|gen|9
|tier|[Gen 9 Champions] VGC 2026 Reg M-B (Bo3)
|rated|
|rule|Species Clause: Limit one of each Pokémon
|rule|Item Clause: Limit 1 of each item
|clearpoke
|poke|p1|Pelipper, L50, M|
|poke|p1|Swampert, L50, M|
|poke|p1|Basculegion, L50, M|
|poke|p1|Archaludon, L50, M|
|poke|p1|Sinistcha, L50|
|poke|p1|Kingambit, L50, M|
|poke|p2|Staraptor, L50, M|
|poke|p2|Garchomp, L50, M|
|poke|p2|Whimsicott, L50, M|
|poke|p2|Delphox, L50, M|
|poke|p2|Glimmora, L50, M|
|poke|p2|Kingambit, L50, M|
|teampreview|4
|showteam|p1|Pelipper||DampRock|Drizzle|Hurricane,WeatherBall,WideGuard,Protect|Bold||M|||50|]Swampert||Swampertite|Torrent|Liquidation,HighHorsepower,IcePunch,Protect|Adamant||M|||50|]Basculegion||MysticWater|Adaptability|WaveCrash,LastRespects,AquaJet,FlipTurn|Adamant||M|||50|]Archaludon||SitrusBerry|Stamina|ElectroShot,FlashCannon,DragonPulse,Protect|Timid||M|||50|]Sinistcha||Leftovers|Hospitality|MatchaGotcha,RagePowder,StrengthSap,Protect|Bold|||||50|]Kingambit||BlackGlasses|Defiant|KowtowCleave,SuckerPunch,IronHead,Protect|Adamant||M|||50|
|showteam|p2|Staraptor||Staraptite|Intimidate|Protect,Roost,CloseCombat,BraveBird|Jolly||M|||50|]Garchomp||LifeOrb|RoughSkin|Protect,RockSlide,Earthquake,DragonClaw|Jolly||M|||50|]Whimsicott||OccaBerry|Prankster|Moonblast,Tailwind,Charm,LightScreen|Timid||M|||50|]Delphox||Delphoxite|Magician|Protect,Psychic,HeatWave,Substitute|Timid||M|||50|]Glimmora||FocusSash|ToxicDebris|SpikyShield,SludgeBomb,EarthPower,PowerGem|Timid||M|||50|]Kingambit||ChopleBerry|Defiant|SuckerPunch,LowKick,IronHead,KowtowCleave|Adamant||M|||50|
|inactive|Battle timer is ON: inactive players will automatically lose when time's up. (requested by 54rook54)
|inactive|54rook54 has 60 seconds left.
|inactive|shiroblast has 60 seconds left.
|
|t:|1785607961
|teamsize|p1|4
|teamsize|p2|4
|start
|switch|p1a: Kingambit|Kingambit, L50, M|100/100
|switch|p1b: Archaludon|Archaludon, L50, M|100/100
|switch|p2a: Garchomp|Garchomp, L50, M|100/100
|switch|p2b: Delphox|Delphox, L50, M|100/100
|turn|1
|inactive|54rook54 has 30 seconds left.
|inactive|54rook54 has 20 seconds left.
|inactive|54rook54 has 15 seconds left.
|inactive|shiroblast has 30 seconds left.
|inactive|shiroblast has 20 seconds left.
|
|t:|1785608012
|detailschange|p2b: Delphox|Delphox-Mega, L50, M
|-mega|p2b: Delphox|Delphox|Delphoxite
|move|p2b: Delphox|Protect|p2b: Delphox
|-singleturn|p2b: Delphox|Protect
|move|p1b: Archaludon|Protect|p1b: Archaludon
|-singleturn|p1b: Archaludon|Protect
|move|p1a: Kingambit|Protect|p1a: Kingambit
|-singleturn|p1a: Kingambit|Protect
|move|p2a: Garchomp|Earthquake|p1b: Archaludon|[spread] 
|-activate|p2b: Delphox|move: Protect
|-activate|p1a: Kingambit|move: Protect
|-activate|p1b: Archaludon|move: Protect
|
|upkeep
|turn|2
|inactive|54rook54 has 30 seconds left.
|
|t:|1785608041
|switch|p1a: Pelipper|Pelipper, L50, M|100/100
|-weather|RainDance|[from] ability: Drizzle|[of] p1a: Pelipper
|move|p2b: Delphox|Heat Wave|p1a: Pelipper|[spread] p1a,p1b
|-resisted|p1a: Pelipper|1
|-damage|p1a: Pelipper|87/100
|-damage|p1b: Archaludon|75/100
|-ability|p1b: Archaludon|Stamina|boost
|-boost|p1b: Archaludon|def|1
|move|p2a: Garchomp|Earthquake|p1b: Archaludon|[spread] p1b
|-immune|p2b: Delphox|[from] ability: Levitate
|-immune|p1a: Pelipper
|-supereffective|p1b: Archaludon|1
|-damage|p1b: Archaludon|23/100
|-ability|p1b: Archaludon|Stamina|boost
|-boost|p1b: Archaludon|def|1
|-enditem|p1b: Archaludon|Sitrus Berry|[eat]
|-heal|p1b: Archaludon|48/100|[from] item: Sitrus Berry
|-damage|p2a: Garchomp|90/100|[from] item: Life Orb
|move|p1b: Archaludon|Electro Shot||[still]
|-prepare|p1b: Archaludon|Electro Shot
|-boost|p1b: Archaludon|spa|1
|-anim|p1b: Archaludon|Electro Shot|p2b: Delphox
|-damage|p2b: Delphox|39/100
|
|-weather|RainDance|[upkeep]
|upkeep
|turn|3
|inactive|54rook54 has 30 seconds left.
|inactive|shiroblast has 30 seconds left.
|inactive|shiroblast has 20 seconds left.
|
|t:|1785608077
|move|p2b: Delphox|Protect|p2b: Delphox
|-singleturn|p2b: Delphox|Protect
|move|p1a: Pelipper|Wide Guard|p1a: Pelipper
|-singleturn|p1a: Pelipper|Wide Guard
|move|p2a: Garchomp|Earthquake|p1a: Pelipper|[spread] 
|-activate|p1a: Pelipper|move: Wide Guard
|-activate|p1b: Archaludon|move: Wide Guard
|-activate|p2b: Delphox|move: Protect
|move|p1b: Archaludon|Dragon Pulse|p2a: Garchomp
|-supereffective|p2a: Garchomp|1
|-damage|p2a: Garchomp|0 fnt
|faint|p2a: Garchomp
|
|-weather|RainDance|[upkeep]
|upkeep
|
|t:|1785608091
|switch|p2a: Glimmora|Glimmora, L50, M|100/100
|turn|4
|
|t:|1785608100
|move|p2b: Delphox|Psychic|p1a: Pelipper
|-damage|p1a: Pelipper|20/100y
|move|p2a: Glimmora|Earth Power|p1b: Archaludon
|-supereffective|p1b: Archaludon|1
|-damage|p1b: Archaludon|0 fnt
|faint|p1b: Archaludon
|move|p1a: Pelipper|Weather Ball|p2a: Glimmora
|-supereffective|p2a: Glimmora|1
|-enditem|p2a: Glimmora|Focus Sash
|-damage|p2a: Glimmora|1/100
|
|-weather|RainDance|[upkeep]
|upkeep
|
|t:|1785608111
|switch|p1b: Kingambit|Kingambit, L50, M|100/100
|turn|5
|
|t:|1785608119
|move|p2b: Delphox|Protect|p2b: Delphox
|-singleturn|p2b: Delphox|Protect
|move|p2a: Glimmora|Earth Power|p1b: Kingambit
|-supereffective|p1b: Kingambit|1
|-damage|p1b: Kingambit|35/100
|move|p1a: Pelipper|Weather Ball|p2a: Glimmora
|-supereffective|p2a: Glimmora|1
|-damage|p2a: Glimmora|0 fnt
|faint|p2a: Glimmora
|move|p1b: Kingambit|Kowtow Cleave|p2b: Delphox
|-activate|p2b: Delphox|move: Protect
|
|-weather|RainDance|[upkeep]
|upkeep
|
|t:|1785608131
|switch|p2a: Kingambit|Kingambit, L50, M|100/100
|turn|6
|inactive|shiroblast has 30 seconds left.
|
|t:|1785608165
|move|p1b: Kingambit|Sucker Punch|p2b: Delphox
|-supereffective|p2b: Delphox|1
|-damage|p2b: Delphox|0 fnt
|faint|p2b: Delphox
|move|p1a: Pelipper|Weather Ball|p2a: Kingambit
|-damage|p2a: Kingambit|55/100
|move|p2a: Kingambit|Low Kick|p1b: Kingambit
|-supereffective|p1b: Kingambit|2
|-damage|p1b: Kingambit|0 fnt
|faint|p1b: Kingambit
|
|-weather|RainDance|[upkeep]
|upkeep
|
|t:|1785608174
|switch|p1b: Swampert|Swampert, L50, M|100/100
|turn|7
|
|t:|1785608183
|detailschange|p1b: Swampert|Swampert-Mega, L50, M
|-mega|p1b: Swampert|Swampert|Swampertite
|move|p2a: Kingambit|Sucker Punch|p1b: Swampert
|-damage|p1b: Swampert|62/100
|move|p1b: Swampert|High Horsepower|p2a: Kingambit
|-supereffective|p2a: Kingambit|1
|-damage|p2a: Kingambit|0 fnt
|faint|p2a: Kingambit
|
|win|54rook54
||shiroblast is ready for game 2.
|inactive|54rook54 has 30 seconds to confirm battle start!
||54rook54 is ready for game 2.
|uhtml|next|Next: Game 2 of 3
|l|☆54rook54
|player|p1|
|j|☆54rook54
|player|p1|54rook54|1|
|l|☆54rook54
|player|p1|
|j|☆54rook54
|player|p1|54rook54|1|
