|j|☆thegreatestnone
|j|☆joyfulwizard
|html|thegreatestnonejoyfulwizard    
|uhtml|bestof|Game 1 of a best-of-3
|t:|1783614682
|gametype|doubles
|player|p1|thegreatestnone|170|1259
|player|p2|joyfulwizard|cheren-gen5bw2|1237
|gen|9
|tier|[Gen 9 Champions] VGC 2026 Reg M-B (Bo3)
|rated|
|rule|Species Clause: Limit one of each Pokémon
|rule|Item Clause: Limit 1 of each item
|clearpoke
|poke|p1|Grimmsnarl, L50, M|
|poke|p1|Toxapex, L50, F|
|poke|p1|Rotom-Wash, L50|
|poke|p1|Garchomp, L50, F|
|poke|p1|Garganacl, L50, F|
|poke|p1|Scovillain, L50, M|
|poke|p2|Charizard, L50, M|
|poke|p2|Garchomp, L50, F|
|poke|p2|Aerodactyl, L50, F|
|poke|p2|Farigiraf, L50, M|
|poke|p2|Sylveon, L50, F|
|poke|p2|Kingambit, L50, F|
|teampreview|4
|showteam|p1|Grimmsnarl||LightClay|Prankster|Taunt,Reflect,PartingShot,LightScreen|Sassy||M|||50|]Toxapex||Leftovers|Regenerator|BanefulBunker,Infestation,Toxic,Recover|Relaxed||F|||50|]Rotom-Wash||Magnet|Levitate|WillOWisp,Thunderbolt,Protect,HydroPump|Bold|||||50|]Garchomp||YacheBerry|RoughSkin|Protect,RockSlide,StompingTantrum,SandTomb|Impish||F|||50|]Garganacl||SitrusBerry|PurifyingSalt|Recover,SaltCure,Protect,WideGuard|Relaxed||F|||50|]Scovillain||Scovillainite|Chlorophyll|LeechSeed,RagePowder,Protect,Flamethrower|Calm||M|||50|
|showteam|p2|Charizard||CharizarditeY|Blaze|Protect,SolarBeam,HeatWave,WeatherBall|Modest||M|||50|]Garchomp||LifeOrb|SandVeil|Protect,Earthquake,DragonClaw,StompingTantrum|Jolly||F|||50|]Aerodactyl||Aerodactylite|Unnerve|IceFang,RockSlide,DualWingbeat,Tailwind|Jolly||F|||50|]Farigiraf||SitrusBerry|ArmorTail|SunnyDay,PsychicFangs,TrickRoom,Thunderbolt|Relaxed||M|||50|]Sylveon||FairyFeather|Pixilate|Detect,HyperBeam,HyperVoice,QuickAttack|Modest||F|||50|]Kingambit||FocusSash|Defiant|SuckerPunch,LowKick,IronHead,KowtowCleave|Adamant||F|||50|
|
|t:|1783614762
|teamsize|p1|4
|teamsize|p2|4
|start
|switch|p1a: Grimmsnarl|Grimmsnarl, L50, M|100/100
|switch|p1b: Toxapex|Toxapex, L50, F|100/100
|switch|p2a: Sylveon|Sylveon, L50, F|100/100
|switch|p2b: Aerodactyl|Aerodactyl, L50, F|100/100
|-ability|p2b: Aerodactyl|Unnerve
|turn|1
|
|t:|1783614774
|move|p1a: Grimmsnarl|Light Screen|p1a: Grimmsnarl
|-sidestart|p1: thegreatestnone|move: Light Screen
|move|p2b: Aerodactyl|Rock Slide|p1a: Grimmsnarl|[spread] p1a,p1b
|-damage|p1a: Grimmsnarl|77/100
|-damage|p1b: Toxapex|84/100
|move|p2a: Sylveon|Hyper Voice|p1b: Toxapex|[spread] p1a,p1b
|-supereffective|p1a: Grimmsnarl|1
|-resisted|p1b: Toxapex|1
|-damage|p1a: Grimmsnarl|13/100
|-damage|p1b: Toxapex|72/100
|move|p1b: Toxapex|Infestation|p2a: Sylveon
|-resisted|p2a: Sylveon|1
|-damage|p2a: Sylveon|98/100
|-activate|p2a: Sylveon|move: Infestation|[of] p1b: Toxapex
|
|-heal|p1b: Toxapex|78/100|[from] item: Leftovers
|-damage|p2a: Sylveon|86/100|[from] move: Infestation|[partiallytrapped]
|upkeep
|turn|2
|
|t:|1783614788
|move|p1a: Grimmsnarl|Reflect|p1a: Grimmsnarl
|-sidestart|p1: thegreatestnone|Reflect
|move|p2b: Aerodactyl|Rock Slide|p1b: Toxapex|[spread] p1b
|-miss|p2b: Aerodactyl|p1a: Grimmsnarl
|-damage|p1b: Toxapex|68/100
|move|p2a: Sylveon|Hyper Voice|p1b: Toxapex|[spread] p1a,p1b
|-supereffective|p1a: Grimmsnarl|1
|-resisted|p1b: Toxapex|1
|-damage|p1a: Grimmsnarl|0 fnt
|-damage|p1b: Toxapex|55/100
|faint|p1a: Grimmsnarl
|cant|p1b: Toxapex|flinch
|
|-heal|p1b: Toxapex|61/100|[from] item: Leftovers
|-damage|p2a: Sylveon|73/100|[from] move: Infestation|[partiallytrapped]
|upkeep
|
|t:|1783614799
|switch|p1a: Scovillain|Scovillain, L50, M|100/100
|turn|3
|
|t:|1783614816
|detailschange|p1a: Scovillain|Scovillain-Mega, L50, M
|-mega|p1a: Scovillain|Scovillain|Scovillainite
|move|p2b: Aerodactyl|Rock Slide|p1a: Scovillain|[spread] p1a,p1b
|-supereffective|p1a: Scovillain|1
|-damage|p1a: Scovillain|72/100
|-damage|p1b: Toxapex|50/100g
|-status|p2b: Aerodactyl|brn|[from] ability: Spicy Spray|[of] p1a: Scovillain
|move|p1a: Scovillain|Leech Seed|p2a: Sylveon
|-start|p2a: Sylveon|move: Leech Seed
|move|p2a: Sylveon|Hyper Beam|p1a: Scovillain
|-resisted|p1a: Scovillain|1
|-damage|p1a: Scovillain|38/100
|-mustrecharge|p2a: Sylveon
|-status|p2a: Sylveon|brn|[from] ability: Spicy Spray|[of] p1a: Scovillain
|move|p1b: Toxapex|Recover|p1b: Toxapex
|-heal|p1b: Toxapex|100/100
|
|-damage|p2a: Sylveon|61/100 brn|[from] Leech Seed|[of] p1a: Scovillain
|-heal|p1a: Scovillain|51/100|[silent]
|-damage|p2b: Aerodactyl|93/100 brn|[from] brn
|-damage|p2a: Sylveon|55/100 brn|[from] brn
|-damage|p2a: Sylveon|43/100 brn|[from] move: Infestation|[partiallytrapped]
|upkeep
|turn|4
|
|t:|1783614833
|move|p2b: Aerodactyl|Rock Slide|p1a: Scovillain|[spread] p1a
|-miss|p2b: Aerodactyl|p1b: Toxapex
|-supereffective|p1a: Scovillain|1
|-damage|p1a: Scovillain|37/100
|move|p1a: Scovillain|Leech Seed|p2b: Aerodactyl
|-start|p2b: Aerodactyl|move: Leech Seed
|cant|p2a: Sylveon|recharge
|move|p1b: Toxapex|Infestation|p2b: Aerodactyl
|-resisted|p2b: Aerodactyl|1
|-damage|p2b: Aerodactyl|92/100 brn
|-activate|p2b: Aerodactyl|move: Infestation|[of] p1b: Toxapex
|
|-damage|p2b: Aerodactyl|79/100 brn|[from] Leech Seed|[of] p1a: Scovillain
|-heal|p1a: Scovillain|50/100g|[silent]
|-damage|p2a: Sylveon|30/100 brn|[from] Leech Seed|[of] p1a: Scovillain
|-heal|p1a: Scovillain|63/100|[silent]
|-damage|p2b: Aerodactyl|73/100 brn|[from] brn
|-damage|p2a: Sylveon|24/100 brn|[from] brn
|-damage|p2b: Aerodactyl|61/100 brn|[from] move: Infestation|[partiallytrapped]
|-damage|p2a: Sylveon|12/100 brn|[from] move: Infestation|[partiallytrapped]
|upkeep
|turn|5
|
|t:|1783614852
|move|p1a: Scovillain|Protect|p1a: Scovillain
|-singleturn|p1a: Scovillain|Protect
|move|p1b: Toxapex|Baneful Bunker|p1b: Toxapex
|-singleturn|p1b: Toxapex|move: Protect
|move|p2b: Aerodactyl|Rock Slide|p1a: Scovillain|[spread] 
|-activate|p1a: Scovillain|move: Protect
|-activate|p1b: Toxapex|move: Protect
|move|p2a: Sylveon|Hyper Beam|p1a: Scovillain
|-activate|p1a: Scovillain|move: Protect
|
|-damage|p2b: Aerodactyl|48/100 brn|[from] Leech Seed|[of] p1a: Scovillain
|-heal|p1a: Scovillain|76/100|[silent]
|-damage|p2a: Sylveon|0 fnt|[from] Leech Seed|[of] p1a: Scovillain
|-heal|p1a: Scovillain|88/100|[silent]
|faint|p2a: Sylveon
|-damage|p2b: Aerodactyl|42/100 brn|[from] brn
|-damage|p2b: Aerodactyl|29/100 brn|[from] move: Infestation|[partiallytrapped]
|upkeep
|
|t:|1783614861
|switch|p2a: Charizard|Charizard, L50, M|100/100
|turn|6
|
|t:|1783614878
|move|p2a: Charizard|Protect|p2a: Charizard
|-singleturn|p2a: Charizard|Protect
|move|p2b: Aerodactyl|Rock Slide|p1b: Toxapex|[spread] p1a,p1b
|-supereffective|p1a: Scovillain|1
|-damage|p1a: Scovillain|75/100
|-damage|p1b: Toxapex|95/100
|move|p1a: Scovillain|Leech Seed|p2a: Charizard
|-activate|p2a: Charizard|move: Protect
|move|p1b: Toxapex|Toxic|p2a: Charizard
|-activate|p2a: Charizard|move: Protect
|
|-heal|p1b: Toxapex|100/100|[from] item: Leftovers
|-damage|p2b: Aerodactyl|17/100 brn|[from] Leech Seed|[of] p1a: Scovillain
|-heal|p1a: Scovillain|87/100|[silent]
|-damage|p2b: Aerodactyl|11/100 brn|[from] brn
|-damage|p2b: Aerodactyl|0 fnt|[from] move: Infestation|[partiallytrapped]
|faint|p2b: Aerodactyl
|upkeep
|
|t:|1783614892
|switch|p2b: Garchomp|Garchomp, L50, F|100/100
|turn|7
|
|t:|1783614911
|detailschange|p2a: Charizard|Charizard-Mega-Y, L50, M
|-mega|p2a: Charizard|Charizard|Charizardite Y
|-weather|SunnyDay|[from] ability: Drought|[of] p2a: Charizard
|move|p2b: Garchomp|Stomping Tantrum|p1b: Toxapex
|-supereffective|p1b: Toxapex|1
|-crit|p1b: Toxapex
|-damage|p1b: Toxapex|8/100
|-damage|p2b: Garchomp|90/100|[from] item: Life Orb
|move|p2a: Charizard|Heat Wave|p1b: Toxapex|[spread] p1b
|-miss|p2a: Charizard|p1a: Scovillain
|-resisted|p1b: Toxapex|1
|-damage|p1b: Toxapex|0 fnt
|faint|p1b: Toxapex
|move|p1a: Scovillain|Leech Seed|p2b: Garchomp
|-start|p2b: Garchomp|move: Leech Seed
|
|-weather|SunnyDay|[upkeep]
|-damage|p2b: Garchomp|78/100|[from] Leech Seed|[of] p1a: Scovillain
|-heal|p1a: Scovillain|100/100|[silent]
|upkeep
|
|t:|1783614927
|switch|p1b: Garganacl|Garganacl, L50, F|100/100
|turn|8
|
|t:|1783614948
|move|p2b: Garchomp|Protect|p2b: Garchomp
|-singleturn|p2b: Garchomp|Protect
|move|p2a: Charizard|Solar Beam||[still]
|-prepare|p2a: Charizard|Solar Beam
|-anim|p2a: Charizard|Solar Beam|p1b: Garganacl
|-supereffective|p1b: Garganacl|1
|-damage|p1b: Garganacl|42/100
|-enditem|p1b: Garganacl|Sitrus Berry|[eat]
|-heal|p1b: Garganacl|67/100|[from] item: Sitrus Berry
|move|p1a: Scovillain|Leech Seed|p2a: Charizard
|-start|p2a: Charizard|move: Leech Seed
|move|p1b: Garganacl|Salt Cure|p2b: Garchomp
|-activate|p2b: Garchomp|move: Protect
|
|-weather|SunnyDay|[upkeep]
|-damage|p2b: Garchomp|66/100|[from] Leech Seed|[of] p1a: Scovillain
|-damage|p2a: Charizard|87/100|[from] Leech Seed|[of] p1a: Scovillain
|-sideend|p1: thegreatestnone|move: Light Screen
|upkeep
|turn|9
|
|t:|1783614987
|move|p1a: Scovillain|Rage Powder|p1a: Scovillain
|-singleturn|p1a: Scovillain|move: Rage Powder
|move|p2b: Garchomp|Earthquake|p1b: Garganacl|[spread] p1a,p1b
|-immune|p2a: Charizard
|-supereffective|p1b: Garganacl|1
|-damage|p1a: Scovillain|66/100
|-damage|p1b: Garganacl|33/100
|-status|p2b: Garchomp|brn|[from] ability: Spicy Spray|[of] p1a: Scovillain
|-damage|p2b: Garchomp|56/100 brn|[from] item: Life Orb
|move|p2a: Charizard|Heat Wave|p1b: Garganacl|[spread] p1a,p1b
|-resisted|p1b: Garganacl|1
|-damage|p1a: Scovillain|10/100
|-damage|p1b: Garganacl|4/100
|-immune|p2a: Charizard
|move|p1b: Garganacl|Salt Cure|p2b: Garchomp
|-resisted|p2b: Garchomp|1
|-damage|p2b: Garchomp|49/100 brn
|-start|p2b: Garchomp|Salt Cure
|
|-weather|SunnyDay|[upkeep]
|-damage|p2b: Garchomp|37/100 brn|[from] Leech Seed|[of] p1a: Scovillain
|-heal|p1a: Scovillain|23/100|[silent]
|-damage|p2a: Charizard|75/100|[from] Leech Seed|[of] p1a: Scovillain
|-heal|p1a: Scovillain|36/100|[silent]
|-damage|p2b: Garchomp|31/100 brn|[from] brn
|-damage|p2b: Garchomp|25/100 brn|[from] Salt Cure
|-sideend|p1: thegreatestnone|Reflect
|upkeep
|turn|10
|
|t:|1783615016
|move|p1a: Scovillain|Protect|p1a: Scovillain
|-singleturn|p1a: Scovillain|Protect
|move|p1b: Garganacl|Protect|p1b: Garganacl
|-singleturn|p1b: Garganacl|Protect
|move|p2b: Garchomp|Stomping Tantrum|p1b: Garganacl
|-activate|p1b: Garganacl|move: Protect
|move|p2a: Charizard|Weather Ball|p1a: Scovillain
|-activate|p1a: Scovillain|move: Protect
|
|-weather|SunnyDay|[upkeep]
|-damage|p2b: Garchomp|13/100 brn|[from] Leech Seed|[of] p1a: Scovillain
|-heal|p1a: Scovillain|50/100y|[silent]
|-damage|p2a: Charizard|63/100|[from] Leech Seed|[of] p1a: Scovillain
|-heal|p1a: Scovillain|62/100|[silent]
|-damage|p2b: Garchomp|7/100 brn|[from] brn
|-damage|p2b: Garchomp|2/100 brn|[from] Salt Cure
|upkeep
|turn|11
|inactive|Battle timer is ON: inactive players will automatically lose when time's up. (requested by joyfulwizard)
|
|t:|1783615043
|move|p1b: Garganacl|Wide Guard|p1b: Garganacl
|-singleturn|p1b: Garganacl|Wide Guard
|move|p1a: Scovillain|Rage Powder|p1a: Scovillain
|-singleturn|p1a: Scovillain|move: Rage Powder
|move|p2b: Garchomp|Dragon Claw|p1a: Scovillain
|-damage|p1a: Scovillain|35/100
|-damage|p2b: Garchomp|0 fnt|[from] item: Life Orb
|faint|p2b: Garchomp
|move|p2a: Charizard|Weather Ball|p1a: Scovillain
|-damage|p1a: Scovillain|0 fnt
|-immune|p2a: Charizard
|faint|p1a: Scovillain
|
|-weather|none
|upkeep
|turn|12
|
|t:|1783615064
|move|p1b: Garganacl|Protect||[still]
|-fail|p1b: Garganacl
|move|p2a: Charizard|Weather Ball|p1b: Garganacl
|-resisted|p1b: Garganacl|1
|-damage|p1b: Garganacl|0 fnt
|faint|p1b: Garganacl
|
|win|joyfulwizard
||joyfulwizard is ready for game 2.
|inactive|thegreatestnone has 30 seconds to confirm battle start!
||thegreatestnone is ready for game 2.
|uhtml|next|Next: Game 2 of 3
