|j|☆TheGayOne420
|j|☆Ahaaa
|html|TheGayOne420Ahaaa    
|uhtml|bestof|Game 2 of a best-of-3
|t:|1785965089
|gametype|doubles
|player|p1|TheGayOne420|170|1077
|player|p2|Ahaaa|2|1028
|gen|9
|tier|[Gen 9 Champions] VGC 2026 Reg M-B (Bo3)
|rated|
|rule|Species Clause: Limit one of each Pokémon
|rule|Item Clause: Limit 1 of each item
|clearpoke
|poke|p1|Eelektross, L50, M|
|poke|p1|Sinistcha, L50|
|poke|p1|Staraptor, L50, M|
|poke|p1|Talonflame, L50, F|
|poke|p1|Incineroar, L50, M|
|poke|p1|Garchomp, L50, M|
|poke|p2|Sinistcha, L50|
|poke|p2|Incineroar, L50, M|
|poke|p2|Glimmora, L50, F|
|poke|p2|Venusaur, L50, F|
|poke|p2|Toxapex, L50, F|
|poke|p2|Rotom-Wash, L50|
|teampreview|4
|showteam|p1|Eelektross||LifeOrb|Levitate|Thunderbolt,Flamethrower,Protect,GigaDrain|Modest||M|||50|]Sinistcha||OccaBerry|Hospitality|ShadowBall,MatchaGotcha,LifeDew,RagePowder|Modest|||||50|]Staraptor||Staraptite|Intimidate|CloseCombat,Roost,Protect,BraveBird|Jolly||M|||50|]Talonflame||FocusSash|GaleWings|DualWingbeat,FeatherDance,Protect,Tailwind|Adamant||F|||50|]Incineroar||SitrusBerry|Intimidate|FakeOut,FlareBlitz,PartingShot,DarkestLariat|Adamant||M|||50|]Garchomp||WideLens|SandVeil|RockSlide,DragonRush,Protect,Earthquake|Jolly||M|||50|
|showteam|p2|Sinistcha||Leftovers|Hospitality|RagePowder,MatchaGotcha,TrickRoom,Hex|Bold|||||50|]Incineroar||ChopleBerry|Intimidate|FakeOut,PartingShot,DarkestLariat,WillOWisp|Calm||M|||50|]Glimmora||FocusSash|ToxicDebris|EarthPower,SpikyShield,MortalSpin,Venoshock|Modest||F|||50|]Venusaur||Venusaurite|Overgrow|GigaDrain,LeechSeed,Protect,SludgeBomb|Modest||F|||50|]Toxapex||SitrusBerry|Regenerator|Infestation,Toxic,BanefulBunker,WideGuard|Bold||F|||50|]Rotom-Wash||ChoiceScarf|Levitate|HydroPump,Trick,Thunderbolt,VoltSwitch|Modest|||||50|
|
|t:|1785965119
|teamsize|p1|4
|teamsize|p2|4
|start
|switch|p1a: Garchomp|Garchomp, L50, M|100/100
|switch|p1b: Talonflame|Talonflame, L50, F|100/100
|switch|p2a: Glimmora|Glimmora, L50, F|100/100
|switch|p2b: Rotom|Rotom-Wash, L50|100/100
|turn|1
|
|t:|1785965160
|move|p1b: Talonflame|Protect|p1b: Talonflame
|-singleturn|p1b: Talonflame|Protect
|move|p2a: Glimmora|Spiky Shield|p2a: Glimmora
|-singleturn|p2a: Glimmora|move: Protect
|move|p2b: Rotom|Trick|p1b: Talonflame
|-activate|p1b: Talonflame|move: Protect
|move|p1a: Garchomp|Earthquake|p2b: Rotom|[spread] 
|-activate|p1b: Talonflame|move: Protect
|-activate|p2a: Glimmora|move: Protect
|-immune|p2b: Rotom|[from] ability: Levitate
|
|upkeep
|turn|2
|
|t:|1785965188
|move|p1b: Talonflame|Tailwind|p1b: Talonflame
|-sidestart|p1: TheGayOne420|move: Tailwind
|move|p1a: Garchomp|Earthquake|p2b: Rotom|[spread] p2a
|-immune|p1b: Talonflame
|-immune|p2b: Rotom|[from] ability: Levitate
|-supereffective|p2a: Glimmora|2
|-enditem|p2a: Glimmora|Focus Sash
|-damage|p2a: Glimmora|1/100
|-activate|p2a: Glimmora|ability: Toxic Debris
|-sidestart|p1: TheGayOne420|move: Toxic Spikes
|move|p2b: Rotom|Trick|p1b: Talonflame
|-activate|p2b: Rotom|move: Trick|[of] p1b: Talonflame
|-item|p1b: Talonflame|Choice Scarf|[from] move: Trick
|-item|p2b: Rotom|Focus Sash|[from] move: Trick
|move|p2a: Glimmora|Mortal Spin|p1a: Garchomp|[spread] p1a,p1b
|-resisted|p1a: Garchomp|1
|-damage|p1a: Garchomp|97/100
|-damage|p1b: Talonflame|94/100
|-status|p1a: Garchomp|psn
|-status|p1b: Talonflame|psn
|
|-damage|p1b: Talonflame|81/100 psn|[from] psn
|-damage|p1a: Garchomp|85/100 psn|[from] psn
|upkeep
|turn|3
|
|t:|1785965223
|switch|p1b: Sinistcha|Sinistcha, L50|100/100
|-status|p1b: Sinistcha|psn
|-heal|p1a: Garchomp|100/100 psn|[from] ability: Hospitality|[of] p1b: Sinistcha
|move|p2a: Glimmora|Spiky Shield|p2a: Glimmora
|-singleturn|p2a: Glimmora|move: Protect
|move|p1a: Garchomp|Rock Slide|p2a: Glimmora|[spread] p2b
|-activate|p2a: Glimmora|move: Protect
|-damage|p2b: Rotom|72/100
|move|p2b: Rotom|Volt Switch|p1b: Sinistcha
|-resisted|p1b: Sinistcha|1
|-damage|p1b: Sinistcha|81/100 psn
|
|t:|1785965236
|switch|p2b: Venusaur|Venusaur, L50, F|100/100|[from] Volt Switch
|
|-damage|p1a: Garchomp|87/100 psn|[from] psn
|-damage|p1b: Sinistcha|68/100 psn|[from] psn
|upkeep
|turn|4
|
|t:|1785965265
|detailschange|p2b: Venusaur|Venusaur-Mega, L50, F
|-mega|p2b: Venusaur|Venusaur|Venusaurite
|move|p1a: Garchomp|Rock Slide|p2b: Venusaur|[spread] p2a,p2b
|-damage|p2a: Glimmora|0 fnt
|-damage|p2b: Venusaur|84/100
|-activate|p2a: Glimmora|ability: Toxic Debris
|-sidestart|p1: TheGayOne420|move: Toxic Spikes
|faint|p2a: Glimmora
|move|p1b: Sinistcha|Shadow Ball|p2b: Venusaur
|-damage|p2b: Venusaur|49/100
|-unboost|p2b: Venusaur|spd|1
|move|p2b: Venusaur|Giga Drain|p1a: Garchomp
|-damage|p1a: Garchomp|43/100 psn
|-heal|p2b: Venusaur|71/100|[from] drain|[of] p1a: Garchomp
|
|-damage|p1a: Garchomp|30/100 psn|[from] psn
|-damage|p1b: Sinistcha|56/100 psn|[from] psn
|upkeep
|
|t:|1785965283
|switch|p2a: Incineroar|Incineroar, L50, M|100/100
|-ability|p2a: Incineroar|Intimidate|boost
|-unboost|p1a: Garchomp|atk|1
|-unboost|p1b: Sinistcha|atk|1
|turn|5
|
|t:|1785965303
|move|p1a: Garchomp|Protect|p1a: Garchomp
|-singleturn|p1a: Garchomp|Protect
|move|p2a: Incineroar|Fake Out|p1a: Garchomp
|-activate|p1a: Garchomp|move: Protect
|move|p1b: Sinistcha|Life Dew|p1b: Sinistcha|[spread] p1a,p1b
|-heal|p1a: Garchomp|55/100 psn
|-heal|p1b: Sinistcha|81/100 psn
|move|p2b: Venusaur|Sludge Bomb|p1b: Sinistcha
|-damage|p1b: Sinistcha|22/100 psn
|
|-damage|p1a: Garchomp|43/100 psn|[from] psn
|-damage|p1b: Sinistcha|10/100 psn|[from] psn
|-sideend|p1: TheGayOne420|move: Tailwind
|upkeep
|turn|6
|
|t:|1785965342
|switch|p1a: Talonflame|Talonflame, L50, F|81/100 psn
|move|p2b: Venusaur|Giga Drain|p1a: Talonflame
|-resisted|p1a: Talonflame|2
|-damage|p1a: Talonflame|66/100 psn
|-heal|p2b: Venusaur|77/100|[from] drain|[of] p1a: Talonflame
|move|p1b: Sinistcha|Shadow Ball|p2b: Venusaur
|-damage|p2b: Venusaur|22/100
|move|p2a: Incineroar|Parting Shot|p1a: Talonflame
|-unboost|p1a: Talonflame|atk|1
|-unboost|p1a: Talonflame|spa|1
|
|t:|1785965353
|switch|p2a: Rotom|Rotom-Wash, L50|72/100|[from] Parting Shot
|
|-damage|p1a: Talonflame|53/100 psn|[from] psn
|-damage|p1b: Sinistcha|0 fnt|[from] psn
|faint|p1b: Sinistcha
|upkeep
|
|t:|1785965364
|switch|p1b: Staraptor|Staraptor, L50, M|100/100
|-ability|p1b: Staraptor|Intimidate|boost
|-unboost|p2a: Rotom|atk|1
|-unboost|p2b: Venusaur|atk|1
|turn|7
|
|t:|1785965399
|detailschange|p1b: Staraptor|Staraptor-Mega, L50, M
|-mega|p1b: Staraptor|Staraptor|Staraptite
|move|p2b: Venusaur|Protect|p2b: Venusaur
|-singleturn|p2b: Venusaur|Protect
|move|p1a: Talonflame|Dual Wingbeat|p2a: Rotom
|-resisted|p2a: Rotom|1
|-damage|p2a: Rotom|65/100
|-resisted|p2a: Rotom|1
|-damage|p2a: Rotom|58/100
|-hitcount|p2a: Rotom|2
|move|p1b: Staraptor|Close Combat|p2a: Rotom
|-crit|p2a: Rotom
|-damage|p2a: Rotom|0 fnt
|-boost|p1b: Staraptor|def|1
|-boost|p1b: Staraptor|spd|1
|faint|p2a: Rotom
|
|-damage|p1a: Talonflame|41/100 psn|[from] psn
|upkeep
|
|t:|1785965414
|switch|p2a: Incineroar|Incineroar, L50, M|100/100
|-ability|p2a: Incineroar|Intimidate|boost
|-unboost|p1a: Talonflame|atk|1
|-boost|p1b: Staraptor|atk|1
|turn|8
|
|t:|1785965424
|move|p2a: Incineroar|Fake Out|p1b: Staraptor
|-damage|p1b: Staraptor|93/100
|move|p1a: Talonflame|Dual Wingbeat|p2b: Venusaur
|-supereffective|p2b: Venusaur|1
|-damage|p2b: Venusaur|6/100
|-supereffective|p2b: Venusaur|1
|-damage|p2b: Venusaur|0 fnt
|faint|p2b: Venusaur
|-hitcount|p2: Venusaur|2
|cant|p1b: Staraptor|flinch
|
|-damage|p1a: Talonflame|28/100 psn|[from] psn
|upkeep
|turn|9
|
|t:|1785965443
|move|p1a: Talonflame|Dual Wingbeat|p2a: Incineroar|[miss]
|-miss|p1a: Talonflame|p2a: Incineroar
|move|p1b: Staraptor|Close Combat|p2a: Incineroar
|-supereffective|p2a: Incineroar|1
|-enditem|p2a: Incineroar|Chople Berry|[eat]
|-enditem|p2a: Incineroar|Chople Berry|[weaken]
|-damage|p2a: Incineroar|13/100
|-boost|p1b: Staraptor|def|1
|-boost|p1b: Staraptor|spd|1
|move|p2a: Incineroar|Will-O-Wisp|p1b: Staraptor|[miss]
|-miss|p2a: Incineroar|p1b: Staraptor
|
|-damage|p1a: Talonflame|16/100 psn|[from] psn
|upkeep
|turn|10
|-message|Ahaaa forfeited.
|
|win|TheGayOne420
|raw|TheGayOne420's rating: 1077 → 1101(+24 for winning)
|raw|Ahaaa's rating: 1028 → 1016(-12 for losing)
|l|☆Ahaaa
|player|p2|
