|j|☆scizormetimbers07
|j|☆taykheed007
|html|scizormetimbers07taykheed007    
|uhtml|bestof|Game 1 of a best-of-3
|t:|1783907810
|gametype|doubles
|player|p1|scizormetimbers07|gambler|
|player|p2|taykheed007|acetrainer-gen4dp|
|gen|9
|tier|[Gen 9 Champions] VGC 2026 Reg M-B (Bo3)
|rule|Species Clause: Limit one of each Pokémon
|rule|Item Clause: Limit 1 of each item
|clearpoke
|poke|p1|Blastoise, L50, M, shiny|
|poke|p1|Rotom, L50|
|poke|p1|Mudsdale, L50, M|
|poke|p1|Kangaskhan, L50, F, shiny|
|poke|p1|Whimsicott, L50, M|
|poke|p1|Sinistcha, L50, shiny|
|poke|p2|Blaziken, L50, M|
|poke|p2|Torkoal, L50, M|
|poke|p2|Lucario, L50, M|
|poke|p2|Tyranitar, L50, M|
|poke|p2|Rotom-Frost, L50, shiny|
|poke|p2|Greninja, L50, M, shiny|
|teampreview|4
|showteam|p1|Blastoise||Blastoisinite|RainDish|FakeOut,FlashCannon,WaterSpout,AuraSphere|Modest||M|||50|]Rotom||FocusSash|Levitate|Discharge,NastyPlot,Protect,VoltSwitch|Timid|||||50|]Mudsdale||Leftovers|Stamina|BodyPress,Earthquake,HeavySlam,Bulldoze|Impish||M|||50|]Kangaskhan||Kangaskhanite|Scrappy|BodySlam,DrainPunch,FakeOut,DoubleEdge|Jolly||F|||50|]Whimsicott||QuickClaw|Prankster|Moonblast,GigaDrain,Tailwind,FakeTears|Bold||M|||50|]Sinistcha||SitrusBerry|Hospitality|MatchaGotcha,Scald,LifeDew,RagePowder|Modest|||||50|
|showteam|p2|Blaziken||Blazikenite|SpeedBoost|Protect,FirePunch,CloseCombat,KnockOff|Adamant||M|||50|]Torkoal||Charcoal|Drought|Eruption,SelfDestruct,LavaPlume,ScorchingSands|Quiet||M|||50|]Lucario||Lucarionite|InnerFocus|AuraSphere,DarkPulse,FlashCannon,ExtremeSpeed|Hasty||M|||50|]Tyranitar||LifeOrb|SandStream|Earthquake,DragonClaw,RockSlide,KnockOff|Adamant||M|||50|]Rotom-Frost||Leftovers|Levitate|Thunderbolt,NastyPlot,ShadowBall,Reflect|Modest|||||50|]Greninja||Greninjite|Protean|IceBeam,WaterShuriken,SludgeWave,Extrasensory|Timid||M|||50|
|
|t:|1783907881
|teamsize|p1|4
|teamsize|p2|4
|start
|switch|p1a: Rotom|Rotom, L50|100/100
|switch|p1b: Mudsdale|Mudsdale, L50, M|100/100
|switch|p2a: Greninja|Greninja, L50, M, shiny|100/100
|switch|p2b: Rotom|Rotom-Frost, L50, shiny|100/100
|turn|1
|
|t:|1783907915
|switch|p1b: Kangaskhan|Kangaskhan, L50, F, shiny|100/100
|move|p2a: Greninja|Sludge Wave|p1a: Rotom|[spread] p2b,p1a,p1b
|-start|p2a: Greninja|typechange|Poison|[from] ability: Protean
|-resisted|p1a: Rotom|1
|-damage|p2b: Rotom|66/100
|-damage|p1a: Rotom|73/100
|-damage|p1b: Kangaskhan|62/100
|-status|p1b: Kangaskhan|psn
|move|p1a: Rotom|Volt Switch|p2a: Greninja
|-damage|p2a: Greninja|59/100
|
|t:|1783907930
|switch|p1a: Mudsdale|Mudsdale, L50, M|100/100|[from] Volt Switch
|move|p2b: Rotom|Reflect|p2b: Rotom
|-sidestart|p2: taykheed007|Reflect
|
|-heal|p2b: Rotom|72/100|[from] item: Leftovers
|-damage|p1b: Kangaskhan|50/100y psn|[from] psn
|upkeep
|turn|2
|
|t:|1783907949
|move|p1b: Kangaskhan|Fake Out|p2b: Rotom
|-damage|p2b: Rotom|61/100
|move|p2a: Greninja|Ice Beam|p1b: Kangaskhan
|-damage|p1b: Kangaskhan|19/100 psn
|cant|p2b: Rotom|flinch
|move|p1a: Mudsdale|Bulldoze|p2a: Greninja|[spread] p1b,p2a
|-immune|p2b: Rotom|[from] ability: Levitate
|-supereffective|p2a: Greninja|1
|-damage|p1b: Kangaskhan|0 fnt
|-damage|p2a: Greninja|23/100
|-unboost|p2a: Greninja|spe|1
|faint|p1b: Kangaskhan
|
|-heal|p2b: Rotom|66/100|[from] item: Leftovers
|upkeep
|
|t:|1783907972
|switch|p1b: Blastoise|Blastoise, L50, M, shiny|100/100
|turn|3
|
|t:|1783907990
|move|p1b: Blastoise|Fake Out|p2a: Greninja
|-damage|p2a: Greninja|15/100
|move|p2b: Rotom|Thunderbolt|p1b: Blastoise
|-supereffective|p1b: Blastoise|1
|-damage|p1b: Blastoise|29/100
|cant|p2a: Greninja|flinch
|move|p1a: Mudsdale|Body Press|p2b: Rotom
|-supereffective|p2b: Rotom|1
|-damage|p2b: Rotom|38/100
|
|-heal|p2b: Rotom|44/100|[from] item: Leftovers
|upkeep
|turn|4
|
|t:|1783908023
|switch|p1b: Rotom|Rotom, L50|73/100
|move|p2b: Rotom|Thunderbolt|p1b: Rotom
|-resisted|p1b: Rotom|1
|-damage|p1b: Rotom|38/100
|move|p2a: Greninja|Extrasensory|p1a: Mudsdale
|-damage|p1a: Mudsdale|81/100
|-ability|p1a: Mudsdale|Stamina|boost
|-boost|p1a: Mudsdale|def|1
|move|p1a: Mudsdale|Earthquake|p2b: Rotom|[spread] p2a
|-immune|p1b: Rotom|[from] ability: Levitate
|-immune|p2b: Rotom|[from] ability: Levitate
|-supereffective|p2a: Greninja|1
|-damage|p2a: Greninja|0 fnt
|faint|p2a: Greninja
|
|-heal|p2b: Rotom|50/100g|[from] item: Leftovers
|-heal|p1a: Mudsdale|86/100|[from] item: Leftovers
|upkeep
|
|t:|1783908045
|switch|p2a: Torkoal|Torkoal, L50, M|100/100
|-weather|SunnyDay|[from] ability: Drought|[of] p2a: Torkoal
|turn|5
|
|t:|1783908058
|move|p1b: Rotom|Discharge|p2a: Torkoal|[spread] p2a,p2b
|-immune|p1a: Mudsdale
|-resisted|p2b: Rotom|1
|-crit|p2b: Rotom
|-damage|p2a: Torkoal|72/100
|-damage|p2b: Rotom|29/100
|move|p2b: Rotom|Shadow Ball|p1a: Mudsdale
|-damage|p1a: Mudsdale|69/100
|-ability|p1a: Mudsdale|Stamina|boost
|-boost|p1a: Mudsdale|def|1
|move|p1a: Mudsdale|Earthquake|p2a: Torkoal|[spread] p2a
|-immune|p1b: Rotom|[from] ability: Levitate
|-immune|p2b: Rotom|[from] ability: Levitate
|-supereffective|p2a: Torkoal|1
|-damage|p2a: Torkoal|40/100
|move|p2a: Torkoal|Eruption|p1a: Mudsdale|[spread] p1a,p1b
|-damage|p1a: Mudsdale|42/100
|-damage|p1b: Rotom|0 fnt
|-ability|p1a: Mudsdale|Stamina|boost
|-boost|p1a: Mudsdale|def|1
|faint|p1b: Rotom
|
|-weather|SunnyDay|[upkeep]
|-heal|p2b: Rotom|35/100|[from] item: Leftovers
|-heal|p1a: Mudsdale|48/100|[from] item: Leftovers
|-sideend|p2: taykheed007|Reflect
|upkeep
|
|t:|1783908081
|switch|p1b: Blastoise|Blastoise, L50, M, shiny|29/100
|turn|6
|
|t:|1783908117
|detailschange|p1b: Blastoise|Blastoise-Mega, L50, M, shiny
|-mega|p1b: Blastoise|Blastoise|Blastoisinite
|move|p1b: Blastoise|Fake Out|p2b: Rotom
|-damage|p2b: Rotom|25/100
|cant|p2b: Rotom|flinch
|move|p1a: Mudsdale|Body Press|p2a: Torkoal
|-damage|p2a: Torkoal|3/100
|move|p2a: Torkoal|Lava Plume|p1b: Blastoise|[spread] p2b,p1a,p1b
|-supereffective|p2b: Rotom|1
|-crit|p2b: Rotom
|-resisted|p1b: Blastoise|1
|-damage|p2b: Rotom|0 fnt
|-damage|p1a: Mudsdale|14/100
|-damage|p1b: Blastoise|11/100
|-ability|p1a: Mudsdale|Stamina|boost
|-boost|p1a: Mudsdale|def|1
|faint|p2b: Rotom
|
|-weather|SunnyDay|[upkeep]
|-heal|p1a: Mudsdale|20/100y|[from] item: Leftovers
|upkeep
|
|t:|1783908137
|switch|p2b: Blaziken|Blaziken, L50, M|100/100
|turn|7
|
|t:|1783908152
|move|p2b: Blaziken|Close Combat|p1b: Blastoise
|-damage|p1b: Blastoise|0 fnt
|-unboost|p2b: Blaziken|def|1
|-unboost|p2b: Blaziken|spd|1
|faint|p1b: Blastoise
|move|p1a: Mudsdale|Earthquake|p2b: Blaziken|[spread] p2a,p2b
|-supereffective|p2a: Torkoal|1
|-supereffective|p2b: Blaziken|1
|-damage|p2a: Torkoal|0 fnt
|-damage|p2b: Blaziken|0 fnt
|faint|p2a: Torkoal
|faint|p2b: Blaziken
|
|win|scizormetimbers07
|inactive|scizormetimbers07 has 30 seconds to confirm battle start!
|inactive|taykheed007 has 30 seconds to confirm battle start!
|l|☆taykheed007
|player|p2|
|inactive|scizormetimbers07 has 20 seconds to confirm battle start!
|inactive|taykheed007 has 20 seconds to confirm battle start!
||scizormetimbers07 is ready for game 2.
|inactive|taykheed007 has 10 seconds to confirm battle start!
|uhtml|next|Next: Game 2 of 3
