|j|☆lolgz
|j|☆syshj
|html|lolgzsyshj    
|uhtml|bestof|Game 3 of a best-of-3
|t:|1784379900
|gametype|doubles
|player|p1|lolgz|dawn|1098
|player|p2|syshj|dawn|1159
|gen|9
|tier|[Gen 9 Champions] VGC 2026 Reg M-B (Bo3)
|rated|
|rule|Species Clause: Limit one of each Pokémon
|rule|Item Clause: Limit 1 of each item
|clearpoke
|poke|p1|Blastoise, L50, M|
|poke|p1|Vivillon, L50, M|
|poke|p1|Farigiraf, L50, F|
|poke|p1|Gallade, L50, M|
|poke|p1|Mawile, L50, M|
|poke|p1|Torkoal, L50, M|
|poke|p2|Charizard, L50, F|
|poke|p2|Pelipper, L50, F|
|poke|p2|Venusaur, L50, F|
|poke|p2|Archaludon, L50, F|
|poke|p2|Grimmsnarl, L50, M|
|poke|p2|Basculegion, L50, M|
|teampreview|4
|showteam|p1|Blastoise||Blastoisinite|Torrent|WaterSpout,DarkPulse,FakeOut,ShellSmash|Modest||M|||50|]Vivillon||ChoiceScarf|CompoundEyes|SleepPowder,RagePowder,Tailwind,Hurricane|Timid||M|||50|]Farigiraf||SitrusBerry|ArmorTail|TrickRoom,Psychic,HelpingHand,Protect|Relaxed||F|||50|]Gallade||IronBall|Sharpness|SacredSword,PsychoCut,LeafBlade,TrickRoom|Brave||M|||50|]Mawile||Mawilite|HyperCutter|SuckerPunch,PlayRough,RockSlide,Protect|Brave||M|||50|]Torkoal||Charcoal|Drought|WeatherBall,Eruption,EarthPower,Protect|Quiet||M|||50|
|showteam|p2|Charizard||CharizarditeY|Blaze|HeatWave,WeatherBall,HelpingHand,Protect|Modest||F|||50|]Pelipper||SitrusBerry|Drizzle|Hurricane,WeatherBall,WideGuard,Tailwind|Modest||F|||50|]Venusaur||LifeOrb|Chlorophyll|EarthPower,SludgeBomb,LeafStorm,Protect|Modest||F|||50|]Archaludon||Leftovers|Stamina|FlashCannon,DragonPulse,ElectroShot,Protect|Calm||F|||50|]Grimmsnarl||LightClay|Prankster|SpiritBreak,Reflect,LightScreen,PartingShot|Careful||M|||50|]Basculegion||ChoiceScarf|Adaptability|WaveCrash,LastRespects,FlipTurn,AquaJet|Jolly||M|||50|
|inactive|Battle timer is ON: inactive players will automatically lose when time's up. (requested by lolgz)
|
|t:|1784379921
|teamsize|p1|4
|teamsize|p2|4
|start
|switch|p1a: Farigiraf|Farigiraf, L50, F|100/100
|switch|p1b: Gallade|Gallade, L50, M|100/100
|switch|p2a: Charizard|Charizard, L50, F|100/100
|switch|p2b: Venusaur|Venusaur, L50, F|100/100
|turn|1
|inactive|lolgz has 30 seconds left.
|
|t:|1784379956
|detailschange|p2a: Charizard|Charizard-Mega-Y, L50, F
|-mega|p2a: Charizard|Charizard|Charizardite Y
|-weather|SunnyDay|[from] ability: Drought|[of] p2a: Charizard
|move|p2b: Venusaur|Sludge Bomb|p1b: Gallade
|-damage|p1b: Gallade|50/100g
|-status|p1b: Gallade|psn
|-damage|p2b: Venusaur|90/100|[from] item: Life Orb
|move|p2a: Charizard|Heat Wave|p1a: Farigiraf|[spread] p1a,p1b
|-damage|p1a: Farigiraf|48/100
|-damage|p1b: Gallade|0 fnt
|-enditem|p1a: Farigiraf|Sitrus Berry|[eat]
|-heal|p1a: Farigiraf|72/100|[from] item: Sitrus Berry
|faint|p1b: Gallade
|move|p1a: Farigiraf|Trick Room|p1a: Farigiraf
|-fieldstart|move: Trick Room|[of] p1a: Farigiraf
|
|-weather|SunnyDay|[upkeep]
|upkeep
|
|t:|1784379958
|switch|p1b: Torkoal|Torkoal, L50, M|100/100
|turn|2
|
|t:|1784379968
|switch|p2b: Pelipper|Pelipper, L50, F|100/100
|-weather|RainDance|[from] ability: Drizzle|[of] p2b: Pelipper
|move|p2a: Charizard|Protect|p2a: Charizard
|-singleturn|p2a: Charizard|Protect
|move|p1b: Torkoal|Eruption|p2a: Charizard|[spread] p2b
|-activate|p2a: Charizard|move: Protect
|-resisted|p2b: Pelipper|1
|-damage|p2b: Pelipper|81/100
|move|p1a: Farigiraf|Psychic|p2a: Charizard
|-activate|p2a: Charizard|move: Protect
|
|-weather|RainDance|[upkeep]
|upkeep
|turn|3
|
|t:|1784379974
|move|p2b: Pelipper|Wide Guard|p2b: Pelipper
|-singleturn|p2b: Pelipper|Wide Guard
|move|p1b: Torkoal|Weather Ball|p2a: Charizard
|-supereffective|p2a: Charizard|1
|-damage|p2a: Charizard|18/100
|move|p1a: Farigiraf|Psychic|p2a: Charizard
|-damage|p2a: Charizard|0 fnt
|faint|p2a: Charizard
|
|-weather|RainDance|[upkeep]
|upkeep
|
|t:|1784379980
|switch|p2a: Archaludon|Archaludon, L50, F|100/100
|turn|4
|
|t:|1784379991
|move|p1a: Farigiraf|Helping Hand|p1b: Torkoal
|-singleturn|p1b: Torkoal|Helping Hand|[of] p1a: Farigiraf
|move|p1b: Torkoal|Earth Power|p2a: Archaludon
|-supereffective|p2a: Archaludon|1
|-damage|p2a: Archaludon|35/100
|-ability|p2a: Archaludon|Stamina|boost
|-boost|p2a: Archaludon|def|1
|move|p2b: Pelipper|Weather Ball|p1b: Torkoal
|-supereffective|p1b: Torkoal|1
|-damage|p1b: Torkoal|0 fnt
|faint|p1b: Torkoal
|move|p2a: Archaludon|Electro Shot||[still]
|-prepare|p2a: Archaludon|Electro Shot
|-boost|p2a: Archaludon|spa|1
|-anim|p2a: Archaludon|Electro Shot|p1a: Farigiraf
|-damage|p1a: Farigiraf|20/100y
|
|-weather|RainDance|[upkeep]
|-heal|p2a: Archaludon|41/100|[from] item: Leftovers
|upkeep
|
|t:|1784379997
|switch|p1b: Mawile|Mawile, L50, M|100/100
|turn|5
|
|t:|1784380011
|switch|p2b: Venusaur|Venusaur, L50, F|90/100
|detailschange|p1b: Mawile|Mawile-Mega, L50, M
|-mega|p1b: Mawile|Mawile|Mawilite
|move|p2a: Archaludon|Protect|p2a: Archaludon
|-singleturn|p2a: Archaludon|Protect
|move|p1b: Mawile|Play Rough|p2a: Archaludon
|-activate|p2a: Archaludon|move: Protect
|move|p1a: Farigiraf|Psychic|p2b: Venusaur
|-supereffective|p2b: Venusaur|1
|-damage|p2b: Venusaur|8/100
|
|-weather|RainDance|[upkeep]
|-heal|p2a: Archaludon|47/100|[from] item: Leftovers
|-fieldend|move: Trick Room
|upkeep
|turn|6
|
|t:|1784380031
|move|p1a: Farigiraf|Protect|p1a: Farigiraf
|-singleturn|p1a: Farigiraf|Protect
|move|p2b: Venusaur|Sludge Bomb|p1a: Farigiraf
|-activate|p1a: Farigiraf|move: Protect
|move|p2a: Archaludon|Electro Shot||[still]
|-prepare|p2a: Archaludon|Electro Shot
|-boost|p2a: Archaludon|spa|1
|-anim|p2a: Archaludon|Electro Shot|p1b: Mawile
|-damage|p1b: Mawile|10/100
|move|p1b: Mawile|Play Rough|p2a: Archaludon
|-damage|p2a: Archaludon|1/100
|-ability|p2a: Archaludon|Stamina|boost
|-boost|p2a: Archaludon|def|1
|
|-weather|none
|-heal|p2a: Archaludon|7/100|[from] item: Leftovers
|upkeep
|turn|7
|
|t:|1784380046
|move|p1b: Mawile|Sucker Punch|p2a: Archaludon
|-damage|p2a: Archaludon|0 fnt
|faint|p2a: Archaludon
|move|p2b: Venusaur|Sludge Bomb|p1a: Farigiraf
|-damage|p1a: Farigiraf|0 fnt
|faint|p1a: Farigiraf
|-damage|p2b: Venusaur|0 fnt|[from] item: Life Orb
|faint|p2b: Venusaur
|
|upkeep
|
|t:|1784380049
|switch|p2b: Pelipper|Pelipper, L50, F|81/100
|-weather|RainDance|[from] ability: Drizzle|[of] p2b: Pelipper
|turn|8
|
|t:|1784380054
|move|p1b: Mawile|Sucker Punch|p2b: Pelipper
|-damage|p2b: Pelipper|36/100
|-enditem|p2b: Pelipper|Sitrus Berry|[eat]
|-heal|p2b: Pelipper|61/100|[from] item: Sitrus Berry
|move|p2b: Pelipper|Weather Ball|p1b: Mawile
|-damage|p1b: Mawile|0 fnt
|faint|p1b: Mawile
|
|win|syshj
|raw|lolgz's rating: 1098 → 1078(-20 for losing)
|raw|syshj's rating: 1159 → 1180(+21 for winning)
