|j|☆musse67
|j|☆KrystalKiwii
|html|musse67KrystalKiwii    
|uhtml|bestof|Game 1 of a best-of-3
|t:|1785511550
|gametype|doubles
|player|p1|musse67|skier|1090
|player|p2|KrystalKiwii|acetrainerf-gen4dp|1166
|gen|9
|tier|[Gen 9 Champions] VGC 2026 Reg M-B (Bo3)
|rated|
|rule|Species Clause: Limit one of each Pokémon
|rule|Item Clause: Limit 1 of each item
|clearpoke
|poke|p1|Tyranitar, L50, F|
|poke|p1|Garchomp, L50, M|
|poke|p1|Sinistcha-Masterpiece, L50|
|poke|p1|Rotom-Wash, L50|
|poke|p1|Sneasler, L50, M|
|poke|p1|Talonflame, L50, F|
|poke|p2|Audino, L50, F|
|poke|p2|Kingambit, L50, F|
|poke|p2|Incineroar, L50, M|
|poke|p2|Farigiraf, L50, F|
|poke|p2|Torkoal, L50, F|
|poke|p2|Blastoise, L50, F|
|teampreview|4
|showteam|p1|Tyranitar||ChopleBerry|SandStream|LowKick,KnockOff,RockSlide,Protect|Adamant||F|||50|]Garchomp||Garchompite|RoughSkin|EarthPower,PowerGem,DracoMeteor,Protect|Timid||M|||50|]Sinistcha-Masterpiece||SitrusBerry|Hospitality|TrickRoom,MatchaGotcha,RagePowder,Protect|Relaxed|||||50|]Rotom-Wash||MysticWater|Levitate|HydroPump,Thunderbolt,WillOWisp,Protect|Calm|||||50|]Sneasler||WhiteHerb|Unburden|DireClaw,CloseCombat,FakeOut,Protect|Jolly||M|||50|]Talonflame||SharpBeak|GaleWings|Tailwind,BraveBird,FlareBlitz,Protect|Jolly||F|||50|
|showteam|p2|Audino||Audinite|Healer|HelpingHand,TrickRoom,LifeDew,DazzlingGleam|Relaxed||F|||50|]Kingambit||BlackGlasses|Defiant|Protect,IronHead,KowtowCleave,SuckerPunch|Brave||F|||50|]Incineroar||SitrusBerry|Intimidate|FakeOut,ThroatChop,PartingShot,FlareBlitz|Adamant||M|||50|]Farigiraf||ColburBerry|ArmorTail|Psyshock,Thunderbolt,TrickRoom,HelpingHand|Relaxed||F|||50|]Torkoal||Charcoal|Drought|Protect,Eruption,WeatherBall,EarthPower|Quiet||F|||50|]Blastoise||Blastoisinite|Torrent|FakeOut,WaterSpout,DarkPulse,AuraSphere|Quiet||F|||50|
|inactive|Battle timer is ON: inactive players will automatically lose when time's up. (requested by KrystalKiwii)
|
|t:|1785511577
|teamsize|p1|4
|teamsize|p2|4
|start
|switch|p1a: Tyranitar|Tyranitar, L50, F|100/100
|switch|p1b: Garchomp|Garchomp, L50, M|100/100
|switch|p2a: Audino|Audino, L50, F|100/100
|switch|p2b: Incineroar|Incineroar, L50, M|100/100
|-weather|Sandstorm|[from] ability: Sand Stream|[of] p1a: Tyranitar
|-ability|p2b: Incineroar|Intimidate|boost
|-unboost|p1a: Tyranitar|atk|1
|-unboost|p1b: Garchomp|atk|1
|turn|1
|
|t:|1785511594
|switch|p1a: Rotom|Rotom-Wash, L50|100/100
|detailschange|p1b: Garchomp|Garchomp-Mega, L50, M
|-mega|p1b: Garchomp|Garchomp|Garchompite
|detailschange|p2a: Audino|Audino-Mega, L50, F
|-mega|p2a: Audino|Audino|Audinite
|move|p1b: Garchomp|Earth Power|p2b: Incineroar
|-supereffective|p2b: Incineroar|1
|-damage|p2b: Incineroar|3/100
|-enditem|p2b: Incineroar|Sitrus Berry|[eat]
|-heal|p2b: Incineroar|28/100|[from] item: Sitrus Berry
|move|p2b: Incineroar|Parting Shot|p1a: Rotom
|-unboost|p1a: Rotom|atk|1
|-unboost|p1a: Rotom|spa|1
|
|t:|1785511605
|switch|p2b: Torkoal|Torkoal, L50, F|100/100|[from] Parting Shot
|-weather|SunnyDay|[from] ability: Drought|[of] p2b: Torkoal
|move|p2a: Audino|Trick Room|p2a: Audino
|-fieldstart|move: Trick Room|[of] p2a: Audino
|
|-weather|SunnyDay|[upkeep]
|upkeep
|turn|2
|
|t:|1785511630
|switch|p1a: Tyranitar|Tyranitar, L50, F|100/100
|-weather|Sandstorm|[from] ability: Sand Stream|[of] p1a: Tyranitar
|move|p1b: Garchomp|Protect|p1b: Garchomp
|-singleturn|p1b: Garchomp|Protect
|move|p2b: Torkoal|Eruption|p1a: Tyranitar|[spread] p1a
|-activate|p1b: Garchomp|move: Protect
|-resisted|p1a: Tyranitar|1
|-damage|p1a: Tyranitar|84/100
|move|p2a: Audino|Dazzling Gleam|p1a: Tyranitar|[spread] p1a
|-activate|p1b: Garchomp|move: Protect
|-supereffective|p1a: Tyranitar|1
|-damage|p1a: Tyranitar|65/100
|
|-weather|Sandstorm|[upkeep]
|-damage|p2b: Torkoal|93/100|[from] Sandstorm
|-damage|p2a: Audino|94/100|[from] Sandstorm
|upkeep
|turn|3
|
|t:|1785511641
|switch|p2b: Incineroar|Incineroar, L50, M|28/100
|-ability|p2b: Incineroar|Intimidate|boost
|-unboost|p1a: Tyranitar|atk|1
|-unboost|p1b: Garchomp|atk|1
|move|p2a: Audino|Dazzling Gleam|p1b: Garchomp|[spread] p1a,p1b
|-supereffective|p1a: Tyranitar|1
|-crit|p1a: Tyranitar
|-supereffective|p1b: Garchomp|1
|-damage|p1a: Tyranitar|35/100
|-damage|p1b: Garchomp|66/100
|move|p1a: Tyranitar|Rock Slide|p2a: Audino|[spread] p2a,p2b
|-supereffective|p2b: Incineroar|1
|-damage|p2a: Audino|82/100
|-damage|p2b: Incineroar|0 fnt
|faint|p2b: Incineroar
|move|p1b: Garchomp|Earth Power|p2a: Audino
|-damage|p2a: Audino|42/100
|
|-weather|Sandstorm|[upkeep]
|-damage|p2a: Audino|36/100|[from] Sandstorm
|upkeep
|
|t:|1785511645
|switch|p2b: Torkoal|Torkoal, L50, F|93/100
|-weather|SunnyDay|[from] ability: Drought|[of] p2b: Torkoal
|turn|4
|
|t:|1785511668
|switch|p1a: Rotom|Rotom-Wash, L50|100/100
|move|p2b: Torkoal|Eruption|p1a: Rotom|[spread] p1a,p1b
|-resisted|p1a: Rotom|1
|-resisted|p1b: Garchomp|1
|-damage|p1a: Rotom|63/100
|-damage|p1b: Garchomp|26/100
|move|p2a: Audino|Life Dew|p2a: Audino|[spread] p2a,p2b
|-heal|p2a: Audino|61/100
|-heal|p2b: Torkoal|100/100
|move|p1b: Garchomp|Draco Meteor|p2b: Torkoal
|-damage|p2b: Torkoal|18/100
|-unboost|p1b: Garchomp|spa|2
|
|-weather|SunnyDay|[upkeep]
|upkeep
|turn|5
|
|t:|1785511692
|switch|p1a: Sinistcha|Sinistcha-Masterpiece, L50|100/100
|-heal|p1b: Garchomp|51/100|[from] ability: Hospitality|[of] p1a: Sinistcha
|switch|p1b: Tyranitar|Tyranitar, L50, F|35/100
|-weather|Sandstorm|[from] ability: Sand Stream|[of] p1b: Tyranitar
|move|p2b: Torkoal|Earth Power|p1b: Tyranitar
|-supereffective|p1b: Tyranitar|1
|-damage|p1b: Tyranitar|5/100
|move|p2a: Audino|Life Dew|p2a: Audino|[spread] p2a,p2b
|-heal|p2a: Audino|86/100
|-heal|p2b: Torkoal|42/100
|
|-weather|Sandstorm|[upkeep]
|-damage|p2b: Torkoal|36/100|[from] Sandstorm
|-damage|p2a: Audino|80/100|[from] Sandstorm
|-damage|p1a: Sinistcha|93/100|[from] Sandstorm
|-fieldend|move: Trick Room
|upkeep
|turn|6
|
|t:|1785511707
|move|p2b: Torkoal|Protect|p2b: Torkoal
|-singleturn|p2b: Torkoal|Protect
|move|p1b: Tyranitar|Rock Slide|p2b: Torkoal|[spread] p2a
|-activate|p2b: Torkoal|move: Protect
|-damage|p2a: Audino|63/100
|move|p1a: Sinistcha|Matcha Gotcha|p2b: Torkoal|[spread] p2a
|-activate|p2b: Torkoal|move: Protect
|-damage|p2a: Audino|47/100
|-heal|p1a: Sinistcha|100/100|[from] drain|[of] p2a: Audino
|move|p2a: Audino|Dazzling Gleam|p1a: Sinistcha|[spread] p1a,p1b
|-supereffective|p1b: Tyranitar|1
|-damage|p1a: Sinistcha|83/100
|-damage|p1b: Tyranitar|0 fnt
|faint|p1b: Tyranitar
|
|-weather|Sandstorm|[upkeep]
|-damage|p1a: Sinistcha|76/100|[from] Sandstorm
|-damage|p2a: Audino|41/100|[from] Sandstorm
|-damage|p2b: Torkoal|30/100|[from] Sandstorm
|upkeep
|
|t:|1785511722
|switch|p1b: Garchomp|Garchomp-Mega, L50, M|51/100
|turn|7
|
|t:|1785511744
|switch|p1a: Rotom|Rotom-Wash, L50|63/100
|switch|p2b: Farigiraf|Farigiraf, L50, F|100/100
|move|p1b: Garchomp|Earth Power|p2b: Farigiraf
|-damage|p2b: Farigiraf|50/100g
|move|p2a: Audino|Trick Room|p2a: Audino
|-fieldstart|move: Trick Room|[of] p2a: Audino
|
|-weather|Sandstorm|[upkeep]
|-damage|p2a: Audino|35/100|[from] Sandstorm
|-damage|p2b: Farigiraf|44/100|[from] Sandstorm
|-damage|p1a: Rotom|57/100|[from] Sandstorm
|upkeep
|turn|8
|inactive|musse67 has 30 seconds left.
|
|t:|1785511770
|move|p2a: Audino|Dazzling Gleam|p1a: Rotom|[spread] p1a,p1b
|-supereffective|p1b: Garchomp|1
|-damage|p1a: Rotom|42/100
|-damage|p1b: Garchomp|17/100
|move|p2b: Farigiraf|Psyshock|p1b: Garchomp
|-damage|p1b: Garchomp|0 fnt
|faint|p1b: Garchomp
|move|p1a: Rotom|Hydro Pump|p2a: Audino
|-damage|p2a: Audino|3/100
|
|-weather|Sandstorm|[upkeep]
|-damage|p2a: Audino|0 fnt|[from] Sandstorm
|-damage|p2b: Farigiraf|38/100|[from] Sandstorm
|-damage|p1a: Rotom|36/100|[from] Sandstorm
|faint|p2a: Audino
|upkeep
|
|t:|1785511779
|switch|p2a: Torkoal|Torkoal, L50, F|30/100
|switch|p1b: Sinistcha|Sinistcha-Masterpiece, L50|76/100
|-weather|SunnyDay|[from] ability: Drought|[of] p2a: Torkoal
|-heal|p1a: Rotom|61/100|[from] ability: Hospitality|[of] p1b: Sinistcha
|turn|9
|
|t:|1785511802
|move|p1b: Sinistcha|Protect|p1b: Sinistcha
|-singleturn|p1b: Sinistcha|Protect
|move|p2a: Torkoal|Weather Ball|p1a: Rotom
|-resisted|p1a: Rotom|1
|-damage|p1a: Rotom|26/100
|move|p2b: Farigiraf|Psyshock|p1a: Rotom
|-damage|p1a: Rotom|0 fnt
|faint|p1a: Rotom
|
|-weather|SunnyDay|[upkeep]
|upkeep
|turn|10
|
|t:|1785511811
|move|p2a: Torkoal|Weather Ball|p1b: Sinistcha
|-supereffective|p1b: Sinistcha|1
|-damage|p1b: Sinistcha|0 fnt
|faint|p1b: Sinistcha
|
|win|KrystalKiwii
||musse67 is ready for game 2.
|inactive|KrystalKiwii has 30 seconds to confirm battle start!
||KrystalKiwii is ready for game 2.
|uhtml|next|Next: Game 2 of 3
