|j|☆dcheng24
|j|☆dynamo22
|html|dcheng24dynamo22    
|uhtml|bestof|Game 1 of a best-of-3
|t:|1757828147
|gametype|doubles
|player|p1|dcheng24|170|1061
|player|p2|dynamo22|265|1195
|gen|9
|tier|[Gen 9] VGC 2025 Reg H (Bo3)
|rated|
|rule|Species Clause: Limit one of each Pokémon
|rule|Item Clause: Limit 1 of each item
|clearpoke
|poke|p1|Amoonguss, L50, F|
|poke|p1|Archaludon, L50, F|
|poke|p1|Maushold-Four, L50|
|poke|p1|Primarina, L50, M|
|poke|p1|Incineroar, L50, F|
|poke|p1|Ursaluna-Bloodmoon, L50, M|
|poke|p2|Typhlosion, L50, F|
|poke|p2|Torkoal, L50, F|
|poke|p2|Porygon2, L50|
|poke|p2|Incineroar, L50, F|
|poke|p2|Jumpluff, L50, F|
|poke|p2|Ursaluna, L50, M|
|teampreview|4
|showteam|p1|Amoonguss||QuickClaw|Regenerator|ClearSmog,Spore,PollenPuff,RagePowder|||F|||50|,,,,,Ghost]Archaludon||AssaultVest|Stamina|Thunderbolt,Snarl,BodyPress,DragonPulse|||F|||50|,,,,,Dragon]Maushold-Four||CovertCloak|FriendGuard|FollowMe,PopulationBomb,Taunt,Encore||||||50|,,,,,Ghost]Primarina||Leftovers|Torrent|HelpingHand,Charm,LightScreen,Surf|||M|||50|,,,,,Water]Incineroar||RockyHelmet|Intimidate|KnockOff,Taunt,FakeOut,PartingShot|||F|||50|,,,,,Grass]Ursaluna-Bloodmoon||LifeOrb|MindsEye|BloodMoon,EarthPower,Protect,HyperVoice|||M|||50|,,,,,Ground
|showteam|p2|Typhlosion||ChoiceSpecs|FlashFire|Eruption,Overheat,Flamethrower,ScorchingSands|||F|||50|,,,,,Fire]Torkoal||EjectPack|Drought|Eruption,Overheat,HelpingHand,Protect|||F|||50|,,,,,Fire]Porygon2||Eviolite|Download|TeraBlast,IceBeam,Recover,TrickRoom||||||50|,,,,,Fighting]Incineroar||SitrusBerry|Intimidate|FlareBlitz,KnockOff,FakeOut,PartingShot|||F|||50|,,,,,Ghost]Jumpluff||CovertCloak|Chlorophyll|SleepPowder,SunnyDay,RagePowder,Tailwind|||F|||50|,,,,,Water]Ursaluna||FlameOrb|Guts|HeadlongRush,Facade,Earthquake,Protect|||M|||50|,,,,,Ghost
|inactive|Battle timer is ON: inactive players will automatically lose when time's up. (requested by dynamo22)
|
|t:|1757828243
|teamsize|p1|4
|teamsize|p2|4
|start
|switch|p1a: Amoonguss|Amoonguss, L50, F|100/100
|switch|p1b: Maushold|Maushold-Four, L50|100/100
|switch|p2a: Torkoal|Torkoal, L50, F|100/100
|switch|p2b: Typhlosion|Typhlosion, L50, F|100/100
|-weather|SunnyDay|[from] ability: Drought|[of] p2a: Torkoal
|turn|1
|inactive|dcheng24 has 30 seconds left.
|inactive|dynamo22 has 30 seconds left.
|
|t:|1757828277
|switch|p2b: Incineroar|Incineroar, L50, F|100/100
|-ability|p2b: Incineroar|Intimidate|boost
|-unboost|p1a: Amoonguss|atk|1
|-unboost|p1b: Maushold|atk|1
|-terastallize|p1a: Amoonguss|Ghost
|move|p1b: Maushold|Population Bomb|p2b: Incineroar
|-damage|p2b: Incineroar|96/100
|-damage|p2b: Incineroar|92/100
|-damage|p2b: Incineroar|87/100
|-crit|p2b: Incineroar
|-damage|p2b: Incineroar|77/100
|-damage|p2b: Incineroar|72/100
|-damage|p2b: Incineroar|68/100
|-damage|p2b: Incineroar|64/100
|-damage|p2b: Incineroar|60/100
|-damage|p2b: Incineroar|55/100
|-damage|p2b: Incineroar|51/100
|-hitcount|p2b: Incineroar|10
|move|p1a: Amoonguss|Spore|p2a: Torkoal
|-status|p2a: Torkoal|slp|[from] move: Spore
|cant|p2a: Torkoal|slp
|
|-weather|SunnyDay|[upkeep]
|upkeep
|turn|2
|inactive|dcheng24 has 30 seconds left.
|inactive|dynamo22 has 30 seconds left.
|inactive|dcheng24 has 20 seconds left.
|inactive|dcheng24 has 15 seconds left.
|inactive|dcheng24 has 10 seconds left.
|inactive|dynamo22 has 20 seconds left.
|
|t:|1757828327
|switch|p1b: Primarina|Primarina, L50, M|100/100
|move|p2b: Incineroar|Flare Blitz|p1b: Primarina
|-resisted|p1b: Primarina
|-damage|p1b: Primarina|58/100
|-damage|p2b: Incineroar|38/100|[from] Recoil
|-enditem|p2b: Incineroar|Sitrus Berry|[eat]
|-heal|p2b: Incineroar|63/100|[from] item: Sitrus Berry
|move|p1a: Amoonguss|Spore|p2b: Incineroar
|-status|p2b: Incineroar|slp|[from] move: Spore
|cant|p2a: Torkoal|slp
|
|-weather|SunnyDay|[upkeep]
|-heal|p1b: Primarina|64/100|[from] item: Leftovers
|upkeep
|turn|3
|
|t:|1757828348
|-curestatus|p2a: Torkoal|slp|[msg]
|move|p2a: Torkoal|Protect|p2a: Torkoal
|-singleturn|p2a: Torkoal|Protect
|cant|p2b: Incineroar|slp
|move|p1a: Amoonguss|Pollen Puff|p1b: Primarina
|-heal|p1b: Primarina|100/100
|move|p1b: Primarina|Surf|p2b: Incineroar|[spread] p1a,p2b
|-activate|p2a: Torkoal|move: Protect
|-supereffective|p2b: Incineroar
|-damage|p1a: Amoonguss|89/100
|-damage|p2b: Incineroar|38/100 slp
|
|-weather|SunnyDay|[upkeep]
|upkeep
|turn|4
|
|t:|1757828369
|cant|p2b: Incineroar|slp
|move|p1a: Amoonguss|Spore|p2a: Torkoal
|-status|p2a: Torkoal|slp|[from] move: Spore
|move|p1b: Primarina|Light Screen|p1b: Primarina
|-sidestart|p1: dcheng24|move: Light Screen
|cant|p2a: Torkoal|slp
|
|-weather|SunnyDay|[upkeep]
|upkeep
|turn|5
|inactive|dcheng24 has 30 seconds left.
|inactive|dcheng24 has 20 seconds left.
|
|t:|1757828408
|switch|p2a: Ursaluna|Ursaluna, L50, M|100/100
|move|p1a: Amoonguss|Rage Powder|p1a: Amoonguss
|-singleturn|p1a: Amoonguss|move: Rage Powder
|-curestatus|p2b: Incineroar|slp|[msg]
|move|p2b: Incineroar|Knock Off|p1a: Amoonguss
|-supereffective|p1a: Amoonguss
|-damage|p1a: Amoonguss|0 fnt
|-enditem|p1a: Amoonguss|Quick Claw|[from] move: Knock Off|[of] p2b: Incineroar
|faint|p1a: Amoonguss
|move|p1b: Primarina|Surf|p2b: Incineroar|[spread] p2a,p2b
|-supereffective|p2a: Ursaluna
|-supereffective|p2b: Incineroar
|-damage|p2a: Ursaluna|73/100
|-damage|p2b: Incineroar|10/100
|
|-weather|none
|-status|p2a: Ursaluna|brn|[from] item: Flame Orb
|upkeep
|inactive|dcheng24 has 30 seconds left.
|
|t:|1757828436
|switch|p1a: Maushold|Maushold-Four, L50|100/100
|turn|6
|
|t:|1757828456
|switch|p2b: Torkoal|Torkoal, L50, F|100/100 slp
|-weather|SunnyDay|[from] ability: Drought|[of] p2b: Torkoal
|move|p1b: Primarina|Helping Hand|p1a: Maushold
|-singleturn|p1a: Maushold|Helping Hand|[of] p1b: Primarina
|move|p1a: Maushold|Population Bomb|p2a: Ursaluna
|-crit|p2a: Ursaluna
|-damage|p2a: Ursaluna|61/100 brn
|-damage|p2a: Ursaluna|53/100 brn
|-damage|p2a: Ursaluna|44/100 brn
|-damage|p2a: Ursaluna|36/100 brn
|-damage|p2a: Ursaluna|29/100 brn
|-damage|p2a: Ursaluna|22/100 brn
|-damage|p2a: Ursaluna|14/100 brn
|-damage|p2a: Ursaluna|6/100 brn
|-damage|p2a: Ursaluna|0 fnt
|faint|p2a: Ursaluna
|-hitcount|p2: Ursaluna|9
|
|-weather|SunnyDay|[upkeep]
|upkeep
|
|t:|1757828480
|switch|p2a: Incineroar|Incineroar, L50, F|10/100
|-ability|p2a: Incineroar|Intimidate|boost
|-unboost|p1a: Maushold|atk|1
|-unboost|p1b: Primarina|atk|1
|turn|7
|inactive|dcheng24 has 30 seconds left.
|inactive|dynamo22 has 30 seconds left.
|inactive|dcheng24 has 20 seconds left.
|
|t:|1757828517
|move|p1b: Primarina|Helping Hand|p1a: Maushold
|-singleturn|p1a: Maushold|Helping Hand|[of] p1b: Primarina
|move|p2a: Incineroar|Fake Out|p1b: Primarina
|-damage|p1b: Primarina|90/100
|move|p1a: Maushold|Population Bomb|p2b: Torkoal
|-damage|p2b: Torkoal|95/100 slp
|-damage|p2b: Torkoal|90/100 slp
|-damage|p2b: Torkoal|85/100 slp
|-damage|p2b: Torkoal|80/100 slp
|-damage|p2b: Torkoal|75/100 slp
|-damage|p2b: Torkoal|69/100 slp
|-damage|p2b: Torkoal|64/100 slp
|-damage|p2b: Torkoal|59/100 slp
|-damage|p2b: Torkoal|54/100 slp
|-damage|p2b: Torkoal|49/100 slp
|-hitcount|p2b: Torkoal|10
|cant|p2b: Torkoal|slp
|
|-weather|SunnyDay|[upkeep]
|-heal|p1b: Primarina|96/100|[from] item: Leftovers
|upkeep
|turn|8
|inactive|dcheng24 has 30 seconds left.
|inactive|dynamo22 has 30 seconds left.
|
|t:|1757828547
|move|p1b: Primarina|Helping Hand|p1a: Maushold
|-singleturn|p1a: Maushold|Helping Hand|[of] p1b: Primarina
|move|p1a: Maushold|Population Bomb|p2b: Torkoal
|-damage|p2b: Torkoal|44/100 slp
|-damage|p2b: Torkoal|39/100 slp
|-damage|p2b: Torkoal|34/100 slp
|-damage|p2b: Torkoal|29/100 slp
|-damage|p2b: Torkoal|24/100 slp
|-damage|p2b: Torkoal|19/100 slp
|-damage|p2b: Torkoal|13/100 slp
|-crit|p2b: Torkoal
|-damage|p2b: Torkoal|1/100 slp
|-damage|p2b: Torkoal|0 fnt
|faint|p2b: Torkoal
|-hitcount|p2: Torkoal|9
|move|p2a: Incineroar|Knock Off|p1b: Primarina
|-resisted|p1b: Primarina
|-damage|p1b: Primarina|78/100
|-enditem|p1b: Primarina|Leftovers|[from] move: Knock Off|[of] p2a: Incineroar
|
|-weather|SunnyDay|[upkeep]
|-sideend|p1: dcheng24|move: Light Screen
|upkeep
|
|t:|1757828566
|switch|p2b: Typhlosion|Typhlosion, L50, F|100/100
|turn|9
|
|t:|1757828584
|-terastallize|p2b: Typhlosion|Fire
|move|p2b: Typhlosion|Eruption|p1a: Maushold|[spread] p1a,p1b
|-resisted|p1b: Primarina
|-damage|p1a: Maushold|0 fnt
|-damage|p1b: Primarina|41/100
|faint|p1a: Maushold
|move|p2a: Incineroar|Flare Blitz|p1b: Primarina
|-resisted|p1b: Primarina
|-damage|p1b: Primarina|0 fnt
|faint|p1b: Primarina
|-damage|p2a: Incineroar|0 fnt|[from] Recoil
|faint|p2a: Incineroar
|
|-weather|SunnyDay|[upkeep]
|upkeep
|
|t:|1757828597
|switch|p1a: Ursaluna|Ursaluna-Bloodmoon, L50, M|100/100
|turn|10
|
|t:|1757828610
|move|p2b: Typhlosion|Eruption|p1a: Ursaluna
|-damage|p1a: Ursaluna|0 fnt
|faint|p1a: Ursaluna
|
|win|dynamo22
||dynamo22 is ready for game 2.
|c|☆dcheng24|yoooo
|inactive|dcheng24 has 30 seconds to confirm battle start!
|c|☆dcheng24|close
||dcheng24 is ready for game 2.
|uhtml|next|Next: Game 2 of 3
