|j|☆balancedungeon
|j|☆praytothispoppy
|html|balancedungeonpraytothispoppy    
|uhtml|bestof|Game 2 of a best-of-3
|t:|1783367635
|gametype|doubles
|player|p1|balancedungeon|265|1040
|player|p2|praytothispoppy|erika|1060
|gen|9
|tier|[Gen 9 Champions] VGC 2026 Reg M-B (Bo3)
|rated|
|rule|Species Clause: Limit one of each Pokémon
|rule|Item Clause: Limit 1 of each item
|clearpoke
|poke|p1|Floette-Eternal, L50, F|
|poke|p1|Blastoise, L50, M|
|poke|p1|Kingambit, L50, M|
|poke|p1|Sneasler, L50, F|
|poke|p1|Sinistcha, L50|
|poke|p1|Incineroar, L50, F|
|poke|p2|Scizor, L50, F|
|poke|p2|Garchomp, L50, F|
|poke|p2|Pelipper, L50, M, shiny|
|poke|p2|Basculegion-F, L50, F|
|poke|p2|Weavile, L50, M|
|poke|p2|Incineroar, L50, M, shiny|
|teampreview|4
|showteam|p1|Floette-Eternal||Floettite|FlowerVeil|Protect,CalmMind,DazzlingGleam,DrainingKiss|Modest||F|||50|]Blastoise||Blastoisinite|Torrent|ShellSmash,WaterSpout,AuraSphere,Protect|Modest||M|||50|]Kingambit||BlackGlasses|Defiant|SuckerPunch,KowtowCleave,SwordsDance,Protect|Adamant||M|||50|]Sneasler||FocusSash|PoisonTouch|FakeOut,PoisonJab,CloseCombat,QuickGuard|Jolly||F|||50|]Sinistcha||CobaBerry|Hospitality|MatchaGotcha,RagePowder,LifeDew,TrickRoom|Calm|||||50|]Incineroar||SitrusBerry|Intimidate|FakeOut,FlareBlitz,ThroatChop,PartingShot|Bold||F|||50|
|showteam|p2|Scizor||Scizorite|Technician|CloseCombat,BulletPunch,Assurance,Protect|Adamant||F|||50|]Garchomp||YacheBerry|RoughSkin|RockSlide,Earthquake,BrickBreak,Protect|Jolly||F|||50|]Pelipper||DampRock|Drizzle|Hurricane,Tailwind,Protect,WideGuard|Bold||M|||50|]Basculegion-F||LifeOrb|SwiftSwim|Surf,IceBeam,ShadowBall,Protect|Modest||F|||50|]Weavile||FocusSash|Pickpocket|IceShard,FakeOut,UpperHand,KnockOff|Jolly||M|||50|]Incineroar||SitrusBerry|Intimidate|FakeOut,FlareBlitz,Protect,DarkestLariat|Impish||M|||50|
|
|t:|1783367646
|teamsize|p1|4
|teamsize|p2|4
|start
|switch|p1a: Sneasler|Sneasler, L50, F|100/100
|switch|p1b: Floette|Floette-Eternal, L50, F|100/100
|switch|p2a: OG RageBait|Weavile, L50, M|100/100
|switch|p2b: Bowling|Pelipper, L50, M, shiny|100/100
|-weather|RainDance|[from] ability: Drizzle|[of] p2b: Bowling
|turn|1
|
|t:|1783367662
|detailschange|p1b: Floette|Floette-Mega, L50, F
|-mega|p1b: Floette|Floette|Floettite
|-ability|p1b: Floette|Fairy Aura
|move|p2a: OG RageBait|Upper Hand|p1a: Sneasler
|-resisted|p1a: Sneasler|1
|-damage|p1a: Sneasler|82/100
|cant|p1a: Sneasler|flinch
|move|p1b: Floette|Calm Mind|p1b: Floette
|-boost|p1b: Floette|spa|1
|-boost|p1b: Floette|spd|1
|move|p2b: Bowling|Tailwind|p2b: Bowling
|-sidestart|p2: praytothispoppy|move: Tailwind
|
|-weather|RainDance|[upkeep]
|upkeep
|turn|2
|
|t:|1783367688
|switch|p2a: W Kaseye|Scizor, L50, F|100/100
|move|p2b: Bowling|Wide Guard|p2b: Bowling
|-singleturn|p2b: Bowling|Wide Guard
|move|p1a: Sneasler|Poison Jab|p2a: W Kaseye
|-immune|p2a: W Kaseye
|move|p1b: Floette|Draining Kiss|p2a: W Kaseye
|-resisted|p2a: W Kaseye|1
|-damage|p2a: W Kaseye|66/100
|
|-weather|RainDance|[upkeep]
|upkeep
|turn|3
|
|t:|1783367704
|detailschange|p2a: W Kaseye|Scizor-Mega, L50, F
|-mega|p2a: W Kaseye|Scizor|Scizorite
|move|p1b: Floette|Protect|p1b: Floette
|-singleturn|p1b: Floette|Protect
|move|p2a: W Kaseye|Bullet Punch|p1b: Floette
|-activate|p1b: Floette|move: Protect
|move|p1a: Sneasler|Close Combat|p2a: W Kaseye
|-damage|p2a: W Kaseye|20/100y
|-unboost|p1a: Sneasler|def|1
|-unboost|p1a: Sneasler|spd|1
|move|p2b: Bowling|Hurricane|p1a: Sneasler
|-supereffective|p1a: Sneasler|1
|-crit|p1a: Sneasler
|-damage|p1a: Sneasler|0 fnt
|faint|p1a: Sneasler
|
|-weather|RainDance|[upkeep]
|upkeep
|
|t:|1783367714
|switch|p1a: Incineroar|Incineroar, L50, F|100/100
|-ability|p1a: Incineroar|Intimidate|boost
|-unboost|p2a: W Kaseye|atk|1
|-unboost|p2b: Bowling|atk|1
|turn|4
|
|t:|1783367728
|move|p2a: W Kaseye|Protect|p2a: W Kaseye
|-singleturn|p2a: W Kaseye|Protect
|move|p2b: Bowling|Protect|p2b: Bowling
|-singleturn|p2b: Bowling|Protect
|move|p1a: Incineroar|Fake Out|p2a: W Kaseye
|-activate|p2a: W Kaseye|move: Protect
|move|p1b: Floette|Draining Kiss|p2b: Bowling
|-activate|p2b: Bowling|move: Protect
|
|-weather|RainDance|[upkeep]
|-sideend|p2: praytothispoppy|move: Tailwind
|upkeep
|turn|5
|
|t:|1783367746
|switch|p2a: Basculegion-F Tier|Basculegion-F, L50, F|100/100
|move|p1b: Floette|Dazzling Gleam|p2b: Bowling|[spread] p2a,p2b
|-damage|p2a: Basculegion-F Tier|18/100
|-damage|p2b: Bowling|4/100
|move|p1a: Incineroar|Flare Blitz|p2a: Basculegion-F Tier
|-resisted|p2a: Basculegion-F Tier|1
|-damage|p2a: Basculegion-F Tier|5/100
|-damage|p1a: Incineroar|95/100|[from] Recoil
|move|p2b: Bowling|Tailwind|p2b: Bowling
|-sidestart|p2: praytothispoppy|move: Tailwind
|
|-weather|RainDance|[upkeep]
|upkeep
|turn|6
|
|t:|1783367765
|move|p2b: Bowling|Protect|p2b: Bowling
|-singleturn|p2b: Bowling|Protect
|move|p2a: Basculegion-F Tier|Surf|p1b: Floette|[spread] p1a,p1b
|-activate|p2b: Bowling|move: Protect
|-supereffective|p1a: Incineroar|1
|-damage|p1a: Incineroar|0 fnt
|-damage|p1b: Floette|65/100
|faint|p1a: Incineroar
|-damage|p2a: Basculegion-F Tier|0 fnt|[from] item: Life Orb
|faint|p2a: Basculegion-F Tier
|move|p1b: Floette|Draining Kiss|p2b: Bowling
|-activate|p2b: Bowling|move: Protect
|
|-weather|RainDance|[upkeep]
|upkeep
|
|t:|1783367772
|switch|p2a: W Kaseye|Scizor-Mega, L50, F|20/100y
|switch|p1a: Sinistcha|Sinistcha, L50|100/100
|-heal|p1b: Floette|90/100|[from] ability: Hospitality|[of] p1a: Sinistcha
|turn|7
|
|t:|1783367784
|move|p1a: Sinistcha|Rage Powder|p1a: Sinistcha
|-singleturn|p1a: Sinistcha|move: Rage Powder
|move|p2a: W Kaseye|Assurance|p1a: Sinistcha
|-supereffective|p1a: Sinistcha|1
|-damage|p1a: Sinistcha|35/100
|move|p2b: Bowling|Hurricane|p1a: Sinistcha
|-supereffective|p1a: Sinistcha|1
|-enditem|p1a: Sinistcha|Coba Berry|[eat]
|-enditem|p1a: Sinistcha|Coba Berry|[weaken]
|-damage|p1a: Sinistcha|3/100
|move|p1b: Floette|Draining Kiss|p2a: W Kaseye
|-resisted|p2a: W Kaseye|1
|-damage|p2a: W Kaseye|0 fnt
|-heal|p1b: Floette|100/100|[from] drain|[of] p2a: W Kaseye
|faint|p2a: W Kaseye
|
|-weather|RainDance|[upkeep]
|upkeep
|
|t:|1783367795
|switch|p2a: OG RageBait|Weavile, L50, M|100/100
|turn|8
|
|t:|1783367806
|move|p1b: Floette|Protect|p1b: Floette
|-singleturn|p1b: Floette|Protect
|move|p2a: OG RageBait|Fake Out|p1b: Floette
|-activate|p1b: Floette|move: Protect
|move|p2b: Bowling|Hurricane|p1b: Floette
|-activate|p1b: Floette|move: Protect
|move|p1a: Sinistcha|Trick Room|p1a: Sinistcha
|-fieldstart|move: Trick Room|[of] p1a: Sinistcha
|
|-weather|none
|-sideend|p2: praytothispoppy|move: Tailwind
|upkeep
|turn|9
|
|t:|1783367833
|move|p2a: OG RageBait|Ice Shard|p1a: Sinistcha
|-supereffective|p1a: Sinistcha|1
|-damage|p1a: Sinistcha|0 fnt
|faint|p1a: Sinistcha
|move|p2b: Bowling|Hurricane|p1b: Floette|[miss]
|-miss|p2b: Bowling|p1b: Floette
|move|p1b: Floette|Draining Kiss|p2a: OG RageBait
|-supereffective|p2a: OG RageBait|1
|-enditem|p2a: OG RageBait|Focus Sash
|-damage|p2a: OG RageBait|1/100
|
|upkeep
|turn|10
|
|t:|1783367848
|move|p2a: OG RageBait|Ice Shard|p1b: Floette
|-damage|p1b: Floette|77/100
|move|p2b: Bowling|Hurricane|p1b: Floette|[miss]
|-miss|p2b: Bowling|p1b: Floette
|move|p1b: Floette|Draining Kiss|p2b: Bowling
|-damage|p2b: Bowling|0 fnt
|-heal|p1b: Floette|80/100|[from] drain|[of] p2b: Bowling
|faint|p2b: Bowling
|
|upkeep
|turn|11
|
|t:|1783367856
|move|p2a: OG RageBait|Ice Shard|p1b: Floette
|-damage|p1b: Floette|60/100
|move|p1b: Floette|Draining Kiss|p2a: OG RageBait
|-supereffective|p2a: OG RageBait|1
|-damage|p2a: OG RageBait|0 fnt
|-heal|p1b: Floette|60/100|[from] drain|[of] p2a: OG RageBait
|faint|p2a: OG RageBait
|
|win|balancedungeon
