|j|☆fou jedi jedi
|j|☆hydropee
|html|fou jedi jedihydropee    
|uhtml|bestof|Game 1 of a best-of-3
|t:|1757839114
|gametype|doubles
|player|p1|fou jedi jedi|170|1085
|player|p2|hydropee|policeman-gen4|1074
|gen|9
|tier|[Gen 9] VGC 2025 Reg H (Bo3)
|rated|
|rule|Species Clause: Limit one of each Pokémon
|rule|Item Clause: Limit 1 of each item
|clearpoke
|poke|p1|Kommo-o, L50, M|
|poke|p1|Rillaboom, L50, M|
|poke|p1|Sinistcha, L50|
|poke|p1|Smeargle, L50, M|
|poke|p1|Salamence, L50, M|
|poke|p1|Ursaluna-Bloodmoon, L50, M|
|poke|p2|Archaludon, L50, F|
|poke|p2|Volcarona, L50, F|
|poke|p2|Amoonguss, L50, M|
|poke|p2|Grimmsnarl, L50, M|
|poke|p2|Dragapult, L50, F|
|poke|p2|Gholdengo, L50|
|teampreview|4
|showteam|p1|Kommo-o||Leftovers|Overcoat|ClangorousSoul,ClangingScales,AuraSphere,Protect|||M|||50|,,,,,Steel]Rillaboom||GrassySeed|GrassySurge|GrassyGlide,FakeOut,WoodHammer,Uturn|||M|||50|,,,,,Grass]Sinistcha||SitrusBerry|Hospitality|LifeDew,MatchaGotcha,StrengthSap,RagePowder||||||50|,,,,,Fire]Smeargle||FocusSash|Moody|FakeOut,Spore,Decorate,LifeDew|||M|||50|,,,,,Ghost]Salamence||LifeOrb|Intimidate|HeatWave,DracoMeteor,Roost,Protect|||M|||50|,,,,,Fire]Ursaluna-Bloodmoon||AssaultVest|MindsEye|VacuumWave,BloodMoon,HyperVoice,EarthPower|||M|||50|,,,,,Electric
|showteam|p2|Archaludon||AssaultVest|Stamina|BodyPress,Snarl,ElectroShot,DracoMeteor|||F|||50|,,,,,Flying]Volcarona||Leftovers|FlameBody|Protect,QuiverDance,HeatWave,AirSlash|||F|||50|,,,,,Normal]Amoonguss||SitrusBerry|Regenerator|Spore,PollenPuff,RagePowder,Protect|||M|||50|,,,,,Water]Grimmsnarl||MentalHerb|Prankster|FoulPlay,PartingShot,Taunt,FakeOut|||M|||50|,,,,,Steel]Dragapult||ChoiceBand|ClearBody|DragonDarts,Uturn,SuckerPunch,DoubleEdge|||F|||50|,,,,,Fairy]Gholdengo||LifeOrb|GoodasGold|NastyPlot,Protect,MakeItRain,ShadowBall||||||50|,,,,,Water
|inactive|Battle timer is ON: inactive players will automatically lose when time's up. (requested by fou jedi jedi)
|inactive|fou jedi jedi has 60 seconds left.
|inactive|hydropee has 60 seconds left.
|
|t:|1757839162
|teamsize|p1|4
|teamsize|p2|4
|start
|switch|p1a: Kommo-o|Kommo-o, L50, M|100/100
|switch|p1b: Smeargle|Smeargle, L50, M|100/100
|switch|p2a: Grimmsnarl|Grimmsnarl, L50, M|100/100
|switch|p2b: Volcarona|Volcarona, L50, F, shiny|100/100
|turn|1
|inactive|fou jedi jedi has 30 seconds left.
|
|t:|1757839188
|move|p1b: Smeargle|Fake Out|p2b: Volcarona
|-damage|p2b: Volcarona|97/100
|-status|p1b: Smeargle|brn|[from] ability: Flame Body|[of] p2b: Volcarona
|move|p2a: Grimmsnarl|Fake Out|p1b: Smeargle
|-damage|p1b: Smeargle|76/100 brn
|cant|p2b: Volcarona|flinch
|move|p1a: Kommo-o|Clangorous Soul|p1a: Kommo-o
|-boost|p1a: Kommo-o|atk|1
|-boost|p1a: Kommo-o|def|1
|-boost|p1a: Kommo-o|spa|1
|-boost|p1a: Kommo-o|spd|1
|-boost|p1a: Kommo-o|spe|1
|-damage|p1a: Kommo-o|68/100
|
|-heal|p1a: Kommo-o|74/100|[from] item: Leftovers
|-heal|p2b: Volcarona|100/100|[from] item: Leftovers
|-damage|p1b: Smeargle|70/100 brn|[from] brn
|-ability|p1b: Smeargle|Moody|boost
|-boost|p1b: Smeargle|atk|2
|-unboost|p1b: Smeargle|spd|1
|upkeep
|turn|2
|inactive|hydropee has 30 seconds left.
|inactive|hydropee has 20 seconds left.
|
|t:|1757839225
|-terastallize|p1a: Kommo-o|Steel
|move|p2a: Grimmsnarl|Parting Shot|p1a: Kommo-o
|-unboost|p1a: Kommo-o|atk|1
|-unboost|p1a: Kommo-o|spa|1
|
|t:|1757839230
|switch|p2a: Archaludon|Archaludon, L50, F, shiny|100/100|[from] Parting Shot
|move|p1a: Kommo-o|Clangorous Soul|p1a: Kommo-o
|-boost|p1a: Kommo-o|atk|1
|-boost|p1a: Kommo-o|def|1
|-boost|p1a: Kommo-o|spa|1
|-boost|p1a: Kommo-o|spd|1
|-boost|p1a: Kommo-o|spe|1
|-damage|p1a: Kommo-o|41/100
|move|p1b: Smeargle|Decorate|p1a: Kommo-o
|-boost|p1a: Kommo-o|atk|2
|-boost|p1a: Kommo-o|spa|2
|move|p2b: Volcarona|Quiver Dance|p2b: Volcarona
|-boost|p2b: Volcarona|spa|1
|-boost|p2b: Volcarona|spd|1
|-boost|p2b: Volcarona|spe|1
|
|-heal|p1a: Kommo-o|47/100|[from] item: Leftovers
|-damage|p1b: Smeargle|64/100 brn|[from] brn
|-ability|p1b: Smeargle|Moody|boost
|-boost|p1b: Smeargle|spd|2
|-unboost|p1b: Smeargle|def|1
|upkeep
|turn|3
|inactive|hydropee has 30 seconds left.
|
|t:|1757839262
|move|p1a: Kommo-o|Protect|p1a: Kommo-o
|-singleturn|p1a: Kommo-o|Protect
|move|p2b: Volcarona|Heat Wave|p1a: Kommo-o|[spread] p1b
|-activate|p1a: Kommo-o|move: Protect
|-damage|p1b: Smeargle|2/100 brn
|move|p1b: Smeargle|Life Dew|p1b: Smeargle|[spread] p1a,p1b
|-heal|p1a: Kommo-o|72/100
|-heal|p1b: Smeargle|28/100 brn
|move|p2a: Archaludon|Body Press|p1a: Kommo-o
|-activate|p1a: Kommo-o|move: Protect
|
|-heal|p1a: Kommo-o|78/100|[from] item: Leftovers
|-damage|p1b: Smeargle|21/100 brn|[from] brn
|-ability|p1b: Smeargle|Moody|boost
|-boost|p1b: Smeargle|def|2
|-unboost|p1b: Smeargle|atk|1
|upkeep
|turn|4
|inactive|fou jedi jedi has 30 seconds left.
|
|t:|1757839291
|move|p1a: Kommo-o|Aura Sphere|p2a: Archaludon
|-supereffective|p2a: Archaludon
|-damage|p2a: Archaludon|3/100
|-ability|p2a: Archaludon|Stamina|boost
|-boost|p2a: Archaludon|def|1
|move|p2b: Volcarona|Heat Wave|p1b: Smeargle|[spread] p1a,p1b
|-supereffective|p1a: Kommo-o
|-damage|p1a: Kommo-o|34/100
|-damage|p1b: Smeargle|0 fnt
|faint|p1b: Smeargle
|move|p2a: Archaludon|Body Press|p1a: Kommo-o
|-supereffective|p1a: Kommo-o
|-damage|p1a: Kommo-o|0 fnt
|faint|p1a: Kommo-o
|
|upkeep
|
|t:|1757839295
|switch|p1b: Ursaluna|Ursaluna-Bloodmoon, L50, M|100/100
|switch|p1a: Sinistcha|Sinistcha, L50|100/100
|turn|5
|inactive|hydropee has 30 seconds left.
|
|t:|1757839322
|move|p2b: Volcarona|Heat Wave|p1a: Sinistcha|[spread] p1a,p1b
|-supereffective|p1a: Sinistcha
|-damage|p1a: Sinistcha|0 fnt
|-damage|p1b: Ursaluna|67/100
|faint|p1a: Sinistcha
|move|p2a: Archaludon|Body Press|p1b: Ursaluna
|-supereffective|p1b: Ursaluna
|-damage|p1b: Ursaluna|0 fnt
|faint|p1b: Ursaluna
|
|win|hydropee
|l|☆fou jedi jedi
|player|p1|
||fou jedi jedi is ready for game 2.
|inactive|hydropee has 30 seconds to confirm battle start!
|inactive|hydropee has 20 seconds to confirm battle start!
|inactive|hydropee has 10 seconds to confirm battle start!
|uhtml|next|Next: Game 2 of 3
|l|☆hydropee
|player|p2|
