|j|☆mechabicho_14
|j|☆Prepucio Santos
|html|mechabicho_14Prepucio Santos    
|uhtml|bestof|Game 1 of a best-of-3
|t:|1783105882
|gametype|doubles
|player|p1|mechabicho_14|1|1230
|player|p2|Prepucio Santos|striker|1126
|gen|9
|tier|[Gen 9 Champions] VGC 2026 Reg M-B (Bo3)
|rated|
|rule|Species Clause: Limit one of each Pokémon
|rule|Item Clause: Limit 1 of each item
|clearpoke
|poke|p1|Incineroar, L50, F|
|poke|p1|Delphox, L50, F|
|poke|p1|Sneasler, L50, M|
|poke|p1|Sinistcha, L50|
|poke|p1|Maushold-Four, L50|
|poke|p1|Garchomp, L50, F|
|poke|p2|Incineroar, L50, F|
|poke|p2|Sinistcha-Masterpiece, L50, shiny|
|poke|p2|Floette-Eternal, L50, F|
|poke|p2|Kingambit, L50, M|
|poke|p2|Sneasler, L50, F|
|poke|p2|Delphox, L50, F, shiny|
|teampreview|4
|showteam|p1|Incineroar||SitrusBerry|Intimidate|FlareBlitz,DarkestLariat,PartingShot,FakeOut|Careful||F|||50|]Delphox||Delphoxite|Blaze|Protect,HeatWave,Psychic,NastyPlot|Timid||F|||50|]Sneasler||WhiteHerb|Unburden|Protect,DireClaw,CloseCombat,FakeOut|Adamant||M|||50|]Sinistcha||ColburBerry|Hospitality|Protect,TrickRoom,MatchaGotcha,RagePowder|Bold|||||50|]Maushold-Four||FocusSash|FriendGuard|Protect,FollowMe,SunnyDay,PopulationBomb|Jolly|||||50|]Garchomp||LifeOrb|RoughSkin|Protect,Earthquake,DragonClaw,RockSlide|Jolly||F|||50|
|showteam|p2|Incineroar||SitrusBerry|Intimidate|FakeOut,PartingShot,ThroatChop,FlareBlitz|Careful||F|||50|]Sinistcha-Masterpiece||KasibBerry|Hospitality|MatchaGotcha,LifeDew,RagePowder,TrickRoom|Bold|||||50|]Floette-Eternal||Floettite|FlowerVeil|Moonblast,DazzlingGleam,CalmMind,Protect|Modest||F|||50|]Kingambit||BlackGlasses|Defiant|KowtowCleave,SuckerPunch,SwordsDance,Protect|Adamant||M|||50|]Sneasler||FocusSash|PoisonTouch|FakeOut,CloseCombat,DireClaw,QuickGuard|Jolly||F|||50|]Delphox||Delphoxite|Blaze|HeatWave,Psyshock,NastyPlot,Protect|Timid||F|||50|
|
|t:|1783105972
|teamsize|p1|4
|teamsize|p2|4
|start
|switch|p1a: Sneasler|Sneasler, L50, M|100/100
|switch|p1b: Delphox|Delphox, L50, F|100/100
|switch|p2a: Incineroar|Incineroar, L50, F|100/100
|switch|p2b: Delphox|Delphox, L50, F, shiny|100/100
|-ability|p2a: Incineroar|Intimidate|boost
|-unboost|p1a: Sneasler|atk|1
|-unboost|p1b: Delphox|atk|1
|-enditem|p1a: Sneasler|White Herb
|-clearnegativeboost|p1a: Sneasler|[silent]
|turn|1
|
|t:|1783105999
|detailschange|p1b: Delphox|Delphox-Mega, L50, F
|-mega|p1b: Delphox|Delphox|Delphoxite
|detailschange|p2b: Delphox|Delphox-Mega, L50, F, shiny
|-mega|p2b: Delphox|Delphox|Delphoxite
|move|p1a: Sneasler|Fake Out|p2b: Delphox
|-damage|p2b: Delphox|81/100
|move|p2a: Incineroar|Fake Out|p1b: Delphox
|-damage|p1b: Delphox|87/100
|cant|p1b: Delphox|flinch
|cant|p2b: Delphox|flinch
|
|upkeep
|turn|2
|
|t:|1783106012
|move|p1a: Sneasler|Close Combat|p2a: Incineroar
|-supereffective|p2a: Incineroar|1
|-damage|p2a: Incineroar|0 fnt
|-unboost|p1a: Sneasler|def|1
|-unboost|p1a: Sneasler|spd|1
|faint|p2a: Incineroar
|move|p1b: Delphox|Nasty Plot|p1b: Delphox
|-boost|p1b: Delphox|spa|2
|move|p2b: Delphox|Psyshock|p1a: Sneasler
|-supereffective|p1a: Sneasler|2
|-damage|p1a: Sneasler|0 fnt
|faint|p1a: Sneasler
|
|upkeep
|inactive|Battle timer is ON: inactive players will automatically lose when time's up. (requested by Prepucio Santos)
|
|t:|1783106028
|switch|p1a: Maushold|Maushold-Four, L50|100/100
|switch|p2a: Kingambit|Kingambit, L50, M|100/100
|turn|3
|
|t:|1783106052
|move|p2a: Kingambit|Protect|p2a: Kingambit
|-singleturn|p2a: Kingambit|Protect
|move|p1a: Maushold|Follow Me|p1a: Maushold
|-singleturn|p1a: Maushold|move: Follow Me
|move|p1b: Delphox|Heat Wave|p2b: Delphox|[spread] p2b
|-activate|p2a: Kingambit|move: Protect
|-resisted|p2b: Delphox|1
|-damage|p2b: Delphox|51/100
|move|p2b: Delphox|Heat Wave|p1a: Maushold|[spread] p1b
|-miss|p2b: Delphox|p1a: Maushold
|-resisted|p1b: Delphox|1
|-damage|p1b: Delphox|76/100
|
|upkeep
|turn|4
|
|t:|1783106064
|switch|p2a: Sinistcha|Sinistcha-Masterpiece, L50, shiny|100/100
|-heal|p2b: Delphox|75/100|[from] ability: Hospitality|[of] p2a: Sinistcha
|move|p1a: Maushold|Follow Me|p1a: Maushold
|-singleturn|p1a: Maushold|move: Follow Me
|move|p1b: Delphox|Heat Wave|p2b: Delphox|[spread] p2a,p2b
|-supereffective|p2a: Sinistcha|1
|-resisted|p2b: Delphox|1
|-damage|p2a: Sinistcha|0 fnt
|-damage|p2b: Delphox|44/100
|faint|p2a: Sinistcha
|move|p2b: Delphox|Heat Wave|p1b: Delphox|[spread] p1a,p1b
|-resisted|p1b: Delphox|1
|-damage|p1a: Maushold|38/100
|-damage|p1b: Delphox|65/100
|
|upkeep
|
|t:|1783106067
|switch|p2a: Kingambit|Kingambit, L50, M|100/100
|turn|5
|
|t:|1783106073
|move|p2a: Kingambit|Protect|p2a: Kingambit
|-singleturn|p2a: Kingambit|Protect
|move|p1a: Maushold|Follow Me|p1a: Maushold
|-singleturn|p1a: Maushold|move: Follow Me
|move|p1b: Delphox|Heat Wave|p2b: Delphox|[spread] p2b
|-activate|p2a: Kingambit|move: Protect
|-resisted|p2b: Delphox|1
|-damage|p2b: Delphox|13/100
|move|p2b: Delphox|Heat Wave|p1b: Delphox|[spread] p1a,p1b
|-resisted|p1b: Delphox|1
|-damage|p1a: Maushold|0 fnt
|-damage|p1b: Delphox|52/100
|faint|p1a: Maushold
|
|upkeep
|
|t:|1783106077
|switch|p1a: Garchomp|Garchomp, L50, F|100/100
|turn|6
|
|t:|1783106086
|move|p2a: Kingambit|Sucker Punch|p1a: Garchomp
|-damage|p1a: Garchomp|50/100g
|-damage|p2a: Kingambit|87/100|[from] ability: Rough Skin|[of] p1a: Garchomp
|move|p1b: Delphox|Heat Wave|p2a: Kingambit|[spread] p2a,p2b
|-supereffective|p2a: Kingambit|1
|-resisted|p2b: Delphox|1
|-damage|p2a: Kingambit|0 fnt
|-damage|p2b: Delphox|0 fnt
|faint|p2a: Kingambit
|faint|p2b: Delphox
|
|win|mechabicho_14
||Prepucio Santos is ready for game 2.
|inactive|mechabicho_14 has 30 seconds to confirm battle start!
|l|☆mechabicho_14
|player|p1|
||mechabicho_14 is ready for game 2.
|uhtml|next|Next: Game 2 of 3
