|j|☆mochamecha
|j|☆Ribombees believer
|html|mochamechaRibombees believer    
|uhtml|bestof|Game 2 of a best-of-3
|t:|1757648437
|gametype|doubles
|player|p1|mochamecha|170|1301
|player|p2|Ribombees believer|skier|1494
|gen|9
|tier|[Gen 9] VGC 2025 Reg H (Bo3)
|rated|
|rule|Species Clause: Limit one of each Pokémon
|rule|Item Clause: Limit 1 of each item
|clearpoke
|poke|p1|Ursaluna, L50, M|
|poke|p1|Jumpluff, L50, F|
|poke|p1|Charizard, L50, M|
|poke|p1|Torkoal, L50, M|
|poke|p1|Incineroar, L50, F|
|poke|p1|Porygon2, L50|
|poke|p2|Dondozo, L50, F|
|poke|p2|Tatsugiri, L50, F|
|poke|p2|Indeedee, L50, M|
|poke|p2|Dragapult, L50, F|
|poke|p2|Ribombee, L50, M|
|poke|p2|Gholdengo, L50|
|teampreview|4
|showteam|p1|Ursaluna||FlameOrb|Guts|HeadlongRush,Facade,Earthquake,Protect|||M|||50|,,,,,Ghost]Jumpluff||CovertCloak|Chlorophyll|SleepPowder,SunnyDay,Tailwind,RagePowder|||F|||50|,,,,,Water]Charizard||ChoiceSpecs|SolarPower|AirSlash,HeatWave,Overheat,WeatherBall|||M|||50|,,,,,Ghost]Torkoal||EjectPack|Drought|HelpingHand,Eruption,Overheat,Protect|||M|||50|,,,,,Fire]Incineroar||SitrusBerry|Intimidate|FlareBlitz,KnockOff,FakeOut,PartingShot|||F|||50|,,,,,Ghost]Porygon2||Eviolite|Download|TeraBlast,IceBeam,Recover,TrickRoom||||||50|,,,,,Fighting
|showteam|p2|Dondozo||Leftovers|Unaware|WaveCrash,Earthquake,OrderUp,Protect|||F|||50|,,,,,Grass]Tatsugiri||ChoiceScarf|Commander|MuddyWater,DracoMeteor,DragonPulse,TeraBlast|||F|||50|,,,,,Fairy]Indeedee||FocusSash|PsychicSurge|ExpandingForce,TeraBlast,HyperVoice,Protect|||M|||50|,,,,,Fighting]Dragapult||ChoiceBand|ClearBody|DragonDarts,Outrage,PhantomForce,Uturn|||F|||50|,,,,,Dragon]Ribombee||ChoiceSpecs|ShieldDust|Moonblast,PollenPuff,DazzlingGleam,TeraBlast|||M|||50|,,,,,Ground]Gholdengo||LifeOrb|GoodasGold|MakeItRain,ShadowBall,Thunderbolt,Protect||||||50|,,,,,Water
|inactive|Battle timer is ON: inactive players will automatically lose when time's up. (requested by Ribombees believer)
|
|t:|1757648464
|teamsize|p1|4
|teamsize|p2|4
|start
|switch|p1a: Incineroar|Incineroar, L50, F|100/100
|switch|p1b: Porygon2|Porygon2, L50|100/100
|switch|p2a: Indeedee|Indeedee, L50, M|100/100
|switch|p2b: ilaunchmybro|Dragapult, L50, F|100/100
|-fieldstart|move: Psychic Terrain|[from] ability: Psychic Surge|[of] p2a: Indeedee
|-ability|p1b: Porygon2|Download|boost
|-boost|p1b: Porygon2|atk|1
|-ability|p1a: Incineroar|Intimidate|boost
|-unboost|p2a: Indeedee|atk|1
|-fail|p2b: ilaunchmybro|unboost|[from] ability: Clear Body|[of] p2b: ilaunchmybro
|turn|1
|
|t:|1757648484
|-terastallize|p2b: ilaunchmybro|Dragon
|move|p2b: ilaunchmybro|Outrage|p1b: Porygon2
|-damage|p1b: Porygon2|18/100
|move|p2a: Indeedee|Hyper Voice|p1b: Porygon2|[spread] p1a,p1b
|-damage|p1a: Incineroar|74/100
|-damage|p1b: Porygon2|0 fnt
|faint|p1b: Porygon2
|move|p1a: Incineroar|Knock Off|p2a: Indeedee
|-supereffective|p2a: Indeedee
|-enditem|p2a: Indeedee|Focus Sash
|-damage|p2a: Indeedee|1/100
|
|upkeep
|
|t:|1757648495
|switch|p1b: Ursaluna|Ursaluna, L50, M|100/100
|turn|2
|
|t:|1757648504
|move|p2a: Indeedee|Protect|p2a: Indeedee
|-singleturn|p2a: Indeedee|Protect
|move|p1b: Ursaluna|Protect|p1b: Ursaluna
|-singleturn|p1b: Ursaluna|Protect
|move|p2b: ilaunchmybro|Outrage|p1a: Incineroar|[from] lockedmove
|-damage|p1a: Incineroar|0 fnt
|faint|p1a: Incineroar
|-start|p2b: ilaunchmybro|confusion|[fatigue]
|
|-status|p1b: Ursaluna|brn|[from] item: Flame Orb
|upkeep
|
|t:|1757648508
|switch|p1a: Jumpluff|Jumpluff, L50, F|100/100
|turn|3
|
|t:|1757648518
|switch|p2b: Alaskan Roll|Tatsugiri, L50, F|100/100
|switch|p2a: Big Back|Dondozo, L50, F|100/100
|-activate|p2b: Alaskan Roll|ability: Commander|[of] p2a: Big Back
|-boost|p2a: Big Back|atk|2
|-boost|p2a: Big Back|spa|2
|-boost|p2a: Big Back|spe|2
|-boost|p2a: Big Back|def|2
|-boost|p2a: Big Back|spd|2
|move|p1a: Jumpluff|Tailwind|p1a: Jumpluff
|-sidestart|p1: mochamecha|move: Tailwind
|move|p1b: Ursaluna|Earthquake|p2a: Big Back|[spread] p2a
|-miss|p1b: Ursaluna|p2b: Alaskan Roll
|-immune|p1a: Jumpluff
|-damage|p2a: Big Back|78/100
|
|-heal|p2a: Big Back|84/100|[from] item: Leftovers
|-damage|p1b: Ursaluna|94/100 brn|[from] brn
|upkeep
|turn|4
|
|t:|1757648538
|move|p1a: Jumpluff|Rage Powder|p1a: Jumpluff
|-singleturn|p1a: Jumpluff|move: Rage Powder
|move|p2a: Big Back|Order Up|p1a: Jumpluff
|-damage|p1a: Jumpluff|35/100
|-boost|p2a: Big Back|atk|1
|move|p1b: Ursaluna|Facade|p2a: Big Back
|-damage|p2a: Big Back|44/100
|
|-heal|p2a: Big Back|50/100|[from] item: Leftovers
|-damage|p1b: Ursaluna|88/100 brn|[from] brn
|upkeep
|turn|5
|
|t:|1757648550
|move|p1a: Jumpluff|Sleep Powder|p2a: Big Back
|-status|p2a: Big Back|slp|[from] move: Sleep Powder
|cant|p2a: Big Back|slp
|move|p1b: Ursaluna|Facade|p2a: Big Back
|-damage|p2a: Big Back|4/100 slp
|
|-heal|p2a: Big Back|10/100 slp|[from] item: Leftovers
|-damage|p1b: Ursaluna|82/100 brn|[from] brn
|-fieldend|move: Psychic Terrain
|upkeep
|turn|6
|
|t:|1757648556
|move|p1a: Jumpluff|Sunny Day|p1a: Jumpluff
|-weather|SunnyDay
|cant|p2a: Big Back|slp
|move|p1b: Ursaluna|Facade|p2a: Big Back
|-damage|p2a: Big Back|0 fnt
|faint|p2a: Big Back
|
|-weather|SunnyDay|[upkeep]
|-damage|p1b: Ursaluna|76/100 brn|[from] brn
|-sideend|p1: mochamecha|move: Tailwind
|upkeep
|
|t:|1757648569
|switch|p2a: Indeedee|Indeedee, L50, M|1/100
|-fieldstart|move: Psychic Terrain|[from] ability: Psychic Surge|[of] p2a: Indeedee
|turn|7
|
|t:|1757648576
|-terastallize|p1b: Ursaluna|Ghost
|move|p1a: Jumpluff|Tailwind|p1a: Jumpluff
|-sidestart|p1: mochamecha|move: Tailwind
|move|p2b: Alaskan Roll|Dragon Pulse|p1a: Jumpluff
|-damage|p1a: Jumpluff|0 fnt
|faint|p1a: Jumpluff
|move|p1b: Ursaluna|Earthquake|p2a: Indeedee|[spread] p2a,p2b
|-damage|p2a: Indeedee|0 fnt
|-damage|p2b: Alaskan Roll|0 fnt
|faint|p2a: Indeedee
|faint|p2b: Alaskan Roll
|
|-weather|SunnyDay|[upkeep]
|-damage|p1b: Ursaluna|70/100 brn|[from] brn
|upkeep
|
|t:|1757648590
|switch|p2b: ilaunchmybro|Dragapult, L50, F, tera:Dragon|100/100
|turn|8
|
|t:|1757648596
|move|p2b: ilaunchmybro|Outrage|p1b: Ursaluna
|-damage|p1b: Ursaluna|0 fnt
|faint|p1b: Ursaluna
|
|win|Ribombees believer
|raw|mochamecha's rating: 1301 → 1291(-10 for losing)
|raw|Ribombees believer's rating: 1494 → 1504(+10 for winning)
|l|☆mochamecha
|player|p1|
