|j|☆Storm206
|j|☆rojitas4844n
|html|Storm206rojitas4844n    
|uhtml|bestof|Game 1 of a best-of-3
|t:|1784134118
|gametype|doubles
|player|p1|Storm206|iris-gen5bw2|1078
|player|p2|rojitas4844n|102|1006
|gen|9
|tier|[Gen 9 Champions] VGC 2026 Reg M-B (Bo3)
|rated|
|rule|Species Clause: Limit one of each Pokémon
|rule|Item Clause: Limit 1 of each item
|clearpoke
|poke|p1|Scrafty, L50, M, shiny|
|poke|p1|Farigiraf, L50, M, shiny|
|poke|p1|Mamoswine, L50, F, shiny|
|poke|p1|Torkoal, L50, M, shiny|
|poke|p1|Pyroar, L50, F, shiny|
|poke|p1|Venusaur, L50, M, shiny|
|poke|p2|Greninja, L50, F|
|poke|p2|Ninetales-Alola, L50, M|
|poke|p2|Incineroar, L50, F, shiny|
|poke|p2|Sinistcha, L50|
|poke|p2|Garchomp, L50, F|
|poke|p2|Kingambit, L50, F|
|teampreview|4
|showteam|p1|Scrafty||Scraftinite|Intimidate|DrainPunch,ThroatChop,IcePunch,FakeOut|Adamant||M|||50|]Farigiraf||SitrusBerry|ArmorTail|TwinBeam,Thunderbolt,TrickRoom,Protect|Quiet||M|||50|]Mamoswine||FocusSash|Oblivious|IceShard,HighHorsepower,RockSlide,Protect|Jolly||F|||50|]Torkoal||HeatRock|Drought|Eruption,WeatherBall,HelpingHand,Protect|Quiet||M|||50|]Pyroar||Pyroarite|Unnerve|HeatWave,Overheat,ScorchingSands,Protect|Timid||F|||50|]Venusaur||LifeOrb|Overgrow|EnergyBall,SludgeBomb,EarthPower,Protect|Modest||M|||50|
|showteam|p2|Greninja||Greninjite|Protean|Blizzard,HydroPump,Protect,SludgeWave|Timid||F|||50|]Ninetales-Alola||LightClay|SnowWarning|AuroraVeil,FreezeDry,Protect,Moonblast|Timid||M|||50|]Incineroar||SitrusBerry|Intimidate|PartingShot,ThroatChop,FlareBlitz,FakeOut|Careful||F|||50|]Sinistcha||Leftovers|Hospitality|Protect,LifeDew,MatchaGotcha,RagePowder|Calm|||||50|]Garchomp||LifeOrb|RoughSkin|StompingTantrum,DragonClaw,RockSlide,Protect|Jolly||F|||50|]Kingambit||BlackGlasses|Defiant|Protect,IronHead,SuckerPunch,KowtowCleave|Adamant||F|||50|
|inactive|Battle timer is ON: inactive players will automatically lose when time's up. (requested by rojitas4844n)
|inactive|Storm206 has 60 seconds left.
|inactive|rojitas4844n has 60 seconds left.
|inactive|rojitas4844n has 30 seconds left.
|
|t:|1784134190
|teamsize|p1|4
|teamsize|p2|4
|start
|switch|p1a: Pyroar|Pyroar, L50, F, shiny|100/100
|switch|p1b: Mamoswine|Mamoswine, L50, F, shiny|100/100
|switch|p2a: Garchomp|Garchomp, L50, F|100/100
|switch|p2b: Greninja|Greninja, L50, F|100/100
|-ability|p1a: Pyroar|Unnerve
|turn|1
|inactive|rojitas4844n has 30 seconds left.
|
|t:|1784134221
|switch|p2a: Incineroar|Incineroar, L50, F, shiny|100/100
|-ability|p2a: Incineroar|Intimidate|boost
|-unboost|p1a: Pyroar|atk|1
|-fail|p1b: Mamoswine|unboost|Attack|[from] ability: Oblivious|[of] p1b: Mamoswine
|detailschange|p2b: Greninja|Greninja-Mega, L50, F
|-mega|p2b: Greninja|Greninja|Greninjite
|move|p1a: Pyroar|Protect|p1a: Pyroar
|-singleturn|p1a: Pyroar|Protect
|move|p1b: Mamoswine|Ice Shard|p2a: Incineroar
|-resisted|p2a: Incineroar|1
|-damage|p2a: Incineroar|91/100
|move|p2b: Greninja|Hydro Pump|p1b: Mamoswine
|-start|p2b: Greninja|typechange|Water|[from] ability: Protean
|-supereffective|p1b: Mamoswine|1
|-enditem|p1b: Mamoswine|Focus Sash
|-damage|p1b: Mamoswine|1/100
|
|upkeep
|turn|2
|inactive|Storm206 has 30 seconds left.
|inactive|rojitas4844n has 30 seconds left.
|
|t:|1784134250
|switch|p1a: Farigiraf|Farigiraf, L50, M, shiny|100/100
|move|p2a: Incineroar|Fake Out||[still]
|cant|p1a: Farigiraf|ability: Armor Tail|Fake Out|[of] p2a: Incineroar
|move|p2b: Greninja|Hydro Pump|p1a: Farigiraf
|-damage|p1a: Farigiraf|46/100
|-enditem|p1a: Farigiraf|Sitrus Berry|[eat]
|-heal|p1a: Farigiraf|71/100|[from] item: Sitrus Berry
|move|p1b: Mamoswine|High Horsepower|p2a: Incineroar
|-supereffective|p2a: Incineroar|1
|-damage|p2a: Incineroar|12/100
|-enditem|p2a: Incineroar|Sitrus Berry|[eat]
|-heal|p2a: Incineroar|37/100|[from] item: Sitrus Berry
|
|upkeep
|turn|3
|inactive|Storm206 has 30 seconds left.
|inactive|rojitas4844n has 30 seconds left.
|
|t:|1784134279
|switch|p2b: Garchomp|Garchomp, L50, F|100/100
|move|p1a: Farigiraf|Protect|p1a: Farigiraf
|-singleturn|p1a: Farigiraf|Protect
|move|p1b: Mamoswine|Rock Slide|p2b: Garchomp|[spread] p2a,p2b
|-supereffective|p2a: Incineroar|1
|-resisted|p2b: Garchomp|1
|-damage|p2a: Incineroar|3/100
|-damage|p2b: Garchomp|90/100
|cant|p2a: Incineroar|flinch
|
|upkeep
|turn|4
|
|t:|1784134302
|move|p1b: Mamoswine|Ice Shard|p2b: Garchomp
|-supereffective|p2b: Garchomp|2
|-damage|p2b: Garchomp|0 fnt
|faint|p2b: Garchomp
|move|p2a: Incineroar|Throat Chop|p1a: Farigiraf
|-supereffective|p1a: Farigiraf|1
|-damage|p1a: Farigiraf|17/100
|-start|p1a: Farigiraf|Throat Chop|[silent]
|move|p1a: Farigiraf|Thunderbolt|p2a: Incineroar
|-damage|p2a: Incineroar|0 fnt
|faint|p2a: Incineroar
|
|upkeep
|
|t:|1784134314
|switch|p2b: Greninja|Greninja-Mega, L50, F|100/100
|switch|p2a: Ninetales|Ninetales-Alola, L50, M|100/100
|-weather|Snowscape|[from] ability: Snow Warning|[of] p2a: Ninetales
|turn|5
|inactive|rojitas4844n has 30 seconds left.
|inactive|rojitas4844n has 20 seconds left.
|
|t:|1784134351
|switch|p1b: Torkoal|Torkoal, L50, M, shiny|100/100
|-weather|SunnyDay|[from] ability: Drought|[of] p1b: Torkoal
|move|p2b: Greninja|Hydro Pump|p1a: Farigiraf
|-start|p2b: Greninja|typechange|Water|[from] ability: Protean
|-damage|p1a: Farigiraf|0 fnt
|faint|p1a: Farigiraf
|move|p2a: Ninetales|Freeze-Dry|p1b: Torkoal
|-resisted|p1b: Torkoal|1
|-damage|p1b: Torkoal|81/100
|
|-weather|SunnyDay|[upkeep]
|upkeep
|
|t:|1784134366
|switch|p1a: Pyroar|Pyroar, L50, F, shiny|100/100
|-ability|p1a: Pyroar|Unnerve
|turn|6
|
|t:|1784134385
|detailschange|p1a: Pyroar|Pyroar-Mega, L50, F, shiny
|-mega|p1a: Pyroar|Pyroar|Pyroarite
|move|p1b: Torkoal|Helping Hand|p1a: Pyroar
|-singleturn|p1a: Pyroar|Helping Hand|[of] p1b: Torkoal
|move|p2a: Ninetales|Protect|p2a: Ninetales
|-singleturn|p2a: Ninetales|Protect
|move|p2b: Greninja|Hydro Pump|p1a: Pyroar|[miss]
|-miss|p2b: Greninja|p1a: Pyroar
|move|p1a: Pyroar|Heat Wave|p2a: Ninetales|[spread] p2b
|-activate|p2a: Ninetales|move: Protect
|-resisted|p2b: Greninja|1
|-damage|p2b: Greninja|19/100
|
|-weather|SunnyDay|[upkeep]
|upkeep
|turn|7
|
|t:|1784134404
|move|p1b: Torkoal|Helping Hand|p1a: Pyroar
|-singleturn|p1a: Pyroar|Helping Hand|[of] p1b: Torkoal
|move|p2b: Greninja|Hydro Pump|p1a: Pyroar|[miss]
|-miss|p2b: Greninja|p1a: Pyroar
|move|p1a: Pyroar|Heat Wave|p2a: Ninetales|[spread] p2a,p2b
|-supereffective|p2a: Ninetales|1
|-resisted|p2b: Greninja|1
|-damage|p2a: Ninetales|0 fnt
|-damage|p2b: Greninja|0 fnt
|faint|p2a: Ninetales
|faint|p2b: Greninja
|
|win|Storm206
|inactive|Storm206 has 30 seconds to confirm battle start!
|inactive|rojitas4844n has 30 seconds to confirm battle start!
||rojitas4844n is ready for game 2.
||Storm206 is ready for game 2.
|uhtml|next|Next: Game 2 of 3
|l|☆rojitas4844n
|player|p2|
