|j|☆stevie.bot
|j|☆Cristante terabug
|html|stevie.botCristante terabug    
|uhtml|bestof|Game 1 of a best-of-3
|t:|1756244050
|gametype|doubles
|player|p1|stevie.bot|liza|1199
|player|p2|Cristante terabug|kieran-champion|1146
|gen|9
|tier|[Gen 9] VGC 2025 Reg H (Bo3)
|rated|
|rule|Species Clause: Limit one of each Pokémon
|rule|Item Clause: Limit 1 of each item
|clearpoke
|poke|p1|Sneasler, L50, M|
|poke|p1|Dragapult, L50, M|
|poke|p1|Primarina, L50, M|
|poke|p1|Rillaboom, L50, M|
|poke|p1|Kingambit, L50, M|
|poke|p1|Magmar, L50, F|
|poke|p2|Kommo-o, L50, F|
|poke|p2|Gholdengo, L50|
|poke|p2|Sneasler, L50, F|
|poke|p2|Rillaboom, L50, F|
|poke|p2|Dondozo, L50, F|
|poke|p2|Electabuzz, L50, M|
|teampreview|4
|showteam|p1|Sneasler||FocusSash|PoisonTouch|CloseCombat,DireClaw,FakeOut,Protect|||M|||50|,,,,,Stellar]Dragapult||ChoiceBand|ClearBody|DragonDarts,TeraBlast,PhantomForce,Uturn|||M|||50|,,,,,Ghost]Primarina||SitrusBerry|LiquidVoice|HyperVoice,Moonblast,Haze,Protect|||M|||50|,,,,,Water]Rillaboom||AssaultVest|GrassySurge|WoodHammer,GrassyGlide,HighHorsepower,FakeOut|||M|||50|,,,,,Fire]Kingambit||BlackGlasses|Defiant|KowtowCleave,SuckerPunch,SwordsDance,Protect|||M|||50|,,,,,Ghost]Magmar||Eviolite|VitalSpirit|Overheat,WillOWisp,FollowMe,Protect|||F|||50|,,,,,Fairy
|showteam|p2|Kommo-o||ThroatSpray|Overcoat|ClangorousSoul,ClangingScales,Flamethrower,Protect|||F|||50|,,,,,Fire]Gholdengo||ChoiceSpecs|GoodasGold|MakeItRain,Thunderbolt,DazzlingGleam,ShadowBall||||||50|,,,,,Fairy]Sneasler||FocusSash|PoisonTouch|FakeOut,DireClaw,CloseCombat,Protect|||F|||50|,,,,,Stellar]Rillaboom||AssaultVest|GrassySurge|FakeOut,GrassyGlide,DrumBeating,HighHorsepower|||F|||50|,,,,,Fire]Dondozo||Leftovers|Unaware|WaveCrash,Fissure,Yawn,Protect|||F|||50|,,,,,Poison]Electabuzz||Eviolite|VitalSpirit|Electroweb,FollowMe,Taunt,Protect|||M|||50|,,,,,Ghost
|inactive|Battle timer is ON: inactive players will automatically lose when time's up. (requested by Cristante terabug)
|
|t:|1756244100
|teamsize|p1|4
|teamsize|p2|4
|start
|switch|p1a: Dragapult|Dragapult, L50, M|100/100
|switch|p1b: Sneasler|Sneasler, L50, M|100/100
|switch|p2a: Rillaboom|Rillaboom, L50, F|100/100
|switch|p2b: Kommo-o|Kommo-o, L50, F|100/100
|-fieldstart|move: Grassy Terrain|[from] ability: Grassy Surge|[of] p2a: Rillaboom
|turn|1
|
|t:|1756244115
|-terastallize|p1a: Dragapult|Ghost
|-terastallize|p2b: Kommo-o|Fire
|move|p1b: Sneasler|Protect|p1b: Sneasler
|-singleturn|p1b: Sneasler|Protect
|move|p1a: Dragapult|Tera Blast|p2b: Kommo-o|[anim] Tera Blast Ghost
|-damage|p2b: Kommo-o|35/100
|move|p2a: Rillaboom|Drum Beating|p1a: Dragapult
|-damage|p1a: Dragapult|32/100
|move|p2b: Kommo-o|Clanging Scales|p1a: Dragapult|[spread] p1a
|-activate|p1b: Sneasler|move: Protect
|-damage|p1a: Dragapult|0 fnt
|faint|p1a: Dragapult
|-unboost|p2b: Kommo-o|def|1
|-enditem|p2b: Kommo-o|Throat Spray
|-boost|p2b: Kommo-o|spa|1|[from] item: Throat Spray
|
|-heal|p2b: Kommo-o|41/100|[from] Grassy Terrain
|upkeep
|
|t:|1756244133
|switch|p1a: Kingambit|Kingambit, L50, M|100/100
|turn|2
|
|t:|1756244147
|move|p2b: Kommo-o|Protect|p2b: Kommo-o
|-singleturn|p2b: Kommo-o|Protect
|move|p1b: Sneasler|Dire Claw|p2b: Kommo-o
|-activate|p2b: Kommo-o|move: Protect
|move|p2a: Rillaboom|High Horsepower|p1b: Sneasler
|-supereffective|p1b: Sneasler
|-enditem|p1b: Sneasler|Focus Sash
|-damage|p1b: Sneasler|1/100
|move|p1a: Kingambit|Swords Dance|p1a: Kingambit
|-boost|p1a: Kingambit|atk|2
|
|-heal|p1b: Sneasler|7/100|[from] Grassy Terrain
|-heal|p2b: Kommo-o|47/100|[from] Grassy Terrain
|upkeep
|turn|3
|
|t:|1756244160
|switch|p2b: Dondozo|Dondozo, L50, F|100/100
|move|p1b: Sneasler|Protect|p1b: Sneasler
|-singleturn|p1b: Sneasler|Protect
|move|p2a: Rillaboom|Grassy Glide|p1b: Sneasler
|-activate|p1b: Sneasler|move: Protect
|move|p1a: Kingambit|Sucker Punch||[still]
|-fail|p1a: Kingambit
|
|-heal|p1b: Sneasler|13/100|[from] Grassy Terrain
|upkeep
|turn|4
|
|t:|1756244173
|move|p2a: Rillaboom|Grassy Glide|p1b: Sneasler
|-resisted|p1b: Sneasler
|-damage|p1b: Sneasler|0 fnt
|faint|p1b: Sneasler
|move|p1a: Kingambit|Kowtow Cleave|p2a: Rillaboom
|-damage|p2a: Rillaboom|0 fnt
|faint|p2a: Rillaboom
|move|p2b: Dondozo|Yawn|p1a: Kingambit
|-start|p1a: Kingambit|move: Yawn|[of] p2b: Dondozo
|
|upkeep
|
|t:|1756244187
|switch|p1b: Primarina|Primarina, L50, M|100/100
|switch|p2a: Sneasler|Sneasler, L50, F|100/100
|turn|5
|
|t:|1756244202
|move|p2a: Sneasler|Fake Out|p1a: Kingambit
|-resisted|p1a: Kingambit
|-damage|p1a: Kingambit|95/100
|move|p1b: Primarina|Hyper Voice|p2a: Sneasler|[spread] p2a,p2b
|-resisted|p2b: Dondozo
|-damage|p2a: Sneasler|56/100
|-damage|p2b: Dondozo|87/100
|cant|p1a: Kingambit|flinch
|move|p2b: Dondozo|Yawn|p1b: Primarina
|-start|p1b: Primarina|move: Yawn|[of] p2b: Dondozo
|
|-heal|p2a: Sneasler|62/100|[from] Grassy Terrain
|-heal|p1a: Kingambit|100/100|[from] Grassy Terrain
|-heal|p2b: Dondozo|93/100|[from] Grassy Terrain
|-heal|p2b: Dondozo|99/100|[from] item: Leftovers
|-end|p1a: Kingambit|move: Yawn|[silent]
|-status|p1a: Kingambit|slp
|-fieldend|move: Grassy Terrain
|upkeep
|turn|6
|
|t:|1756244220
|move|p2a: Sneasler|Close Combat|p1a: Kingambit
|-supereffective|p1a: Kingambit
|-damage|p1a: Kingambit|0 fnt
|-unboost|p2a: Sneasler|def|1
|-unboost|p2a: Sneasler|spd|1
|faint|p1a: Kingambit
|move|p1b: Primarina|Moonblast|p2a: Sneasler
|-damage|p2a: Sneasler|0 fnt
|faint|p2a: Sneasler
|move|p2b: Dondozo|Wave Crash|p1b: Primarina
|-resisted|p1b: Primarina
|-damage|p1b: Primarina|73/100
|-damage|p2b: Dondozo|92/100|[from] Recoil
|
|-heal|p2b: Dondozo|98/100|[from] item: Leftovers
|-end|p1b: Primarina|move: Yawn|[silent]
|-status|p1b: Primarina|slp
|upkeep
|
|t:|1756244224
|switch|p2a: Kommo-o|Kommo-o, L50, F, tera:Fire|47/100
|turn|7
|
|t:|1756244230
|move|p2a: Kommo-o|Flamethrower|p1b: Primarina
|-resisted|p1b: Primarina
|-damage|p1b: Primarina|59/100 slp
|cant|p1b: Primarina|slp
|move|p2b: Dondozo|Wave Crash|p1b: Primarina
|-resisted|p1b: Primarina
|-damage|p1b: Primarina|34/100 slp
|-enditem|p1b: Primarina|Sitrus Berry|[eat]
|-heal|p1b: Primarina|59/100 slp|[from] item: Sitrus Berry
|-damage|p2b: Dondozo|92/100|[from] Recoil
|
|-heal|p2b: Dondozo|98/100|[from] item: Leftovers
|upkeep
|turn|8
|
|t:|1756244241
|move|p2a: Kommo-o|Flamethrower|p1b: Primarina
|-resisted|p1b: Primarina
|-damage|p1b: Primarina|44/100 slp
|cant|p1b: Primarina|slp
|move|p2b: Dondozo|Wave Crash|p1b: Primarina
|-resisted|p1b: Primarina
|-damage|p1b: Primarina|18/100 slp
|-damage|p2b: Dondozo|92/100|[from] Recoil
|
|-heal|p2b: Dondozo|98/100|[from] item: Leftovers
|upkeep
|turn|9
|
|t:|1756244251
|move|p2a: Kommo-o|Flamethrower|p1b: Primarina
|-resisted|p1b: Primarina
|-damage|p1b: Primarina|4/100 slp
|-curestatus|p1b: Primarina|slp|[msg]
|move|p1b: Primarina|Hyper Voice|p2a: Kommo-o|[spread] p2a,p2b
|-supereffective|p2a: Kommo-o
|-resisted|p2b: Dondozo
|-damage|p2a: Kommo-o|0 fnt
|-damage|p2b: Dondozo|85/100
|faint|p2a: Kommo-o
|move|p2b: Dondozo|Wave Crash|p1b: Primarina
|-resisted|p1b: Primarina
|-damage|p1b: Primarina|0 fnt
|faint|p1b: Primarina
|-damage|p2b: Dondozo|85/100|[from] Recoil
|
|win|Cristante terabug
||stevie.bot is ready for game 2.
