|j|☆huntr/x rumi
|j|☆ryoshino
|html|huntr/x rumiryoshino    
|uhtml|bestof|Game 2 of a best-of-3
|t:|1756732697
|gametype|doubles
|player|p1|huntr/x rumi|guitarist|1295
|player|p2|ryoshino|169|1358
|gen|9
|tier|[Gen 9] VGC 2025 Reg H (Bo3)
|rated|
|rule|Species Clause: Limit one of each Pokémon
|rule|Item Clause: Limit 1 of each item
|clearpoke
|poke|p1|Palafin, L50, F|
|poke|p1|Incineroar, L50, M|
|poke|p1|Sinistcha, L50|
|poke|p1|Archaludon, L50, F|
|poke|p1|Stonjourner, L50, F|
|poke|p1|Ninetales-Alola, L50, M|
|poke|p2|Murkrow, L50, F|
|poke|p2|Gholdengo, L50|
|poke|p2|Dondozo, L50, M|
|poke|p2|Tatsugiri, L50, M|
|poke|p2|Incineroar, L50, F|
|poke|p2|Clefable, L50, M|
|teampreview|4
|showteam|p1|Palafin||MysticWater|ZerotoHero|Protect,JetPunch,WaveCrash,Haze|||F|||50|,,,,,Water]Incineroar||SafetyGoggles|Intimidate|FakeOut,FlareBlitz,KnockOff,PartingShot|||M|||50|,,,,,Ghost]Sinistcha||AssaultVest|Hospitality|MatchaGotcha,ShadowBall,Scald,GigaDrain||||||50|,,,,,Water]Archaludon||PowerHerb|Sturdy|Protect,ElectroShot,DragonPulse,Thunderbolt|||F|||50|,,,,,Electric]Stonjourner||FocusSash|PowerSpot|Protect,WideGuard,RockSlide,LowKick|||F|||50|,,,,,Ghost]Ninetales-Alola||CovertCloak|SnowWarning|Protect,AuroraVeil,Blizzard,Moonblast|||M|||50|,,,,,Water
|showteam|p2|Murkrow||Eviolite|Prankster|Tailwind,FoulPlay,RainDance,Haze|||F|||50|,,,,,Ghost]Gholdengo||ChoiceSpecs|GoodasGold|MakeItRain,Trick,ShadowBall,Thunderbolt||||||50|,,,,,Steel]Dondozo||Leftovers|Unaware|WaveCrash,HeavySlam,OrderUp,Protect|||M|||50|,,,,,Grass]Tatsugiri||FocusSash|Commander|DracoMeteor,IcyWind,MuddyWater,Protect|||M|||50|,,,,,Stellar]Incineroar||SafetyGoggles|Intimidate|FlareBlitz,KnockOff,PartingShot,FakeOut|||F|||50|,,,,,Ghost]Clefable||RockyHelmet|Unaware|Moonblast,FollowMe,Encore,Protect|||M|||50|,,,,,Ghost
|inactive|Battle timer is ON: inactive players will automatically lose when time's up. (requested by ryoshino)
|
|t:|1756732715
|teamsize|p1|4
|teamsize|p2|4
|start
|switch|p1a: Palafin|Palafin, L50, F|100/100
|switch|p1b: Archaludon|Archaludon, L50, F, shiny|100/100
|switch|p2a: Gholdengo|Gholdengo, L50|100/100
|switch|p2b: Clefable|Clefable, L50, M|100/100
|turn|1
|
|t:|1756732734
|detailschange|p1a: Palafin|Palafin-Hero, L50, F
|switch|p1a: I'm Fakin|Incineroar, L50, M|100/100
|-ability|p1a: I'm Fakin|Intimidate|boost
|-unboost|p2a: Gholdengo|atk|1
|-unboost|p2b: Clefable|atk|1
|switch|p2a: Tatsugiri|Tatsugiri, L50, M|100/100
|move|p1b: Archaludon|Protect|p1b: Archaludon
|-singleturn|p1b: Archaludon|Protect
|move|p2b: Clefable|Moonblast|p1b: Archaludon
|-activate|p1b: Archaludon|move: Protect
|
|upkeep
|turn|2
|inactive|ryoshino has 30 seconds left.
|
|t:|1756732765
|move|p2a: Tatsugiri|Protect|p2a: Tatsugiri
|-singleturn|p2a: Tatsugiri|Protect
|move|p1a: I'm Fakin|Fake Out|p2a: Tatsugiri
|-activate|p2a: Tatsugiri|move: Protect
|move|p1b: Archaludon|Electro Shot||[still]
|-prepare|p1b: Archaludon|Electro Shot
|-boost|p1b: Archaludon|spa|1
|-enditem|p1b: Archaludon|Power Herb
|-anim|p1b: Archaludon|Electro Shot|p2a: Tatsugiri
|-activate|p2a: Tatsugiri|move: Protect
|move|p2b: Clefable|Moonblast|p1b: Archaludon
|-damage|p1b: Archaludon|50/100
|
|upkeep
|turn|3
|
|t:|1756732776
|move|p1b: Archaludon|Protect|p1b: Archaludon
|-singleturn|p1b: Archaludon|Protect
|move|p2b: Clefable|Follow Me|p2b: Clefable
|-singleturn|p2b: Clefable|move: Follow Me
|move|p2a: Tatsugiri|Icy Wind|p1a: I'm Fakin|[spread] p1a
|-activate|p1b: Archaludon|move: Protect
|-resisted|p1a: I'm Fakin
|-damage|p1a: I'm Fakin|95/100
|-unboost|p1a: I'm Fakin|spe|1
|move|p1a: I'm Fakin|Parting Shot|p2b: Clefable
|-unboost|p2b: Clefable|atk|1
|-unboost|p2b: Clefable|spa|1
|
|t:|1756732779
|switch|p1a: Sinistcha|Sinistcha, L50|100/100|[from] Parting Shot
|-heal|p1b: Archaludon|74/100|[from] ability: Hospitality|[of] p1a: Sinistcha
|
|upkeep
|turn|4
|
|t:|1756732790
|switch|p1b: I'm Fakin|Incineroar, L50, M|95/100
|-ability|p1b: I'm Fakin|Intimidate|boost
|-unboost|p2a: Tatsugiri|atk|1
|-unboost|p2b: Clefable|atk|1
|move|p2b: Clefable|Follow Me|p2b: Clefable
|-singleturn|p2b: Clefable|move: Follow Me
|move|p2a: Tatsugiri|Icy Wind|p1a: Sinistcha|[spread] p1a,p1b
|-supereffective|p1a: Sinistcha
|-resisted|p1b: I'm Fakin
|-damage|p1a: Sinistcha|82/100
|-damage|p1b: I'm Fakin|88/100
|-unboost|p1a: Sinistcha|spe|1
|-unboost|p1b: I'm Fakin|spe|1
|move|p1a: Sinistcha|Matcha Gotcha|p2b: Clefable|[spread] p2a
|-miss|p1a: Sinistcha|p2b: Clefable
|-crit|p2a: Tatsugiri
|-damage|p2a: Tatsugiri|46/100
|-heal|p1a: Sinistcha|100/100|[from] drain|[of] p2a: Tatsugiri
|-status|p2a: Tatsugiri|brn
|
|-damage|p2a: Tatsugiri|40/100 brn|[from] brn
|upkeep
|turn|5
|inactive|huntr/x rumi has 30 seconds left.
|
|t:|1756732821
|move|p2a: Tatsugiri|Protect|p2a: Tatsugiri
|-singleturn|p2a: Tatsugiri|Protect
|move|p2b: Clefable|Moonblast|p1b: I'm Fakin
|-damage|p1b: I'm Fakin|67/100
|-unboost|p1b: I'm Fakin|spa|1
|move|p1a: Sinistcha|Matcha Gotcha|p2a: Tatsugiri|[spread] p2b
|-activate|p2a: Tatsugiri|move: Protect
|-damage|p2b: Clefable|81/100
|move|p1b: I'm Fakin|Parting Shot|p2b: Clefable
|-unboost|p2b: Clefable|atk|1
|-unboost|p2b: Clefable|spa|1
|
|t:|1756732836
|switch|p1b: Palafin|Palafin-Hero, L50, F|100/100|[from] Parting Shot
|-activate|p1b: Palafin|ability: Zero to Hero
|
|-damage|p2a: Tatsugiri|35/100 brn|[from] brn
|upkeep
|turn|6
|
|t:|1756732842
|switch|p2a: Gholdengo|Gholdengo, L50|100/100
|move|p1b: Palafin|Protect|p1b: Palafin
|-singleturn|p1b: Palafin|Protect
|move|p2b: Clefable|Moonblast|p1b: Palafin
|-activate|p1b: Palafin|move: Protect
|move|p1a: Sinistcha|Matcha Gotcha|p2a: Gholdengo|[spread] p2a,p2b
|-resisted|p2a: Gholdengo
|-damage|p2a: Gholdengo|83/100
|-damage|p2b: Clefable|61/100
|
|upkeep
|turn|7
|inactive|huntr/x rumi has 30 seconds left.
|
|t:|1756732870
|switch|p1b: Archaludon|Archaludon, L50, F, shiny|74/100
|switch|p1a: I'm Fakin|Incineroar, L50, M|67/100
|-ability|p1a: I'm Fakin|Intimidate|boost
|-unboost|p2a: Gholdengo|atk|1
|-unboost|p2b: Clefable|atk|1
|move|p2b: Clefable|Follow Me|p2b: Clefable
|-singleturn|p2b: Clefable|move: Follow Me
|move|p2a: Gholdengo|Make It Rain|p1a: I'm Fakin|[spread] p1a,p1b
|-resisted|p1a: I'm Fakin
|-resisted|p1b: Archaludon
|-damage|p1a: I'm Fakin|31/100
|-damage|p1b: Archaludon|14/100
|-unboost|p2a: Gholdengo|spa|1
|
|upkeep
|turn|8
|
|t:|1756732893
|switch|p2a: Dondozo|Dondozo, L50, M|100/100
|switch|p2b: Tatsugiri|Tatsugiri, L50, M|35/100 brn
|-activate|p2b: Tatsugiri|ability: Commander|[of] p2a: Dondozo
|-boost|p2a: Dondozo|atk|2
|-boost|p2a: Dondozo|spa|2
|-boost|p2a: Dondozo|spe|2
|-boost|p2a: Dondozo|def|2
|-boost|p2a: Dondozo|spd|2
|-terastallize|p1b: Archaludon|Electric
|move|p1a: I'm Fakin|Fake Out|p2b: Tatsugiri|[miss]
|-miss|p1a: I'm Fakin|p2b: Tatsugiri
|move|p1b: Archaludon|Thunderbolt|p2a: Dondozo
|-supereffective|p2a: Dondozo
|-damage|p2a: Dondozo|55/100
|
|-heal|p2a: Dondozo|62/100|[from] item: Leftovers
|-damage|p2b: Tatsugiri|29/100 brn|[from] brn
|upkeep
|turn|9
|
|t:|1756732898
|switch|p1a: Sinistcha|Sinistcha, L50|100/100
|-heal|p1b: Archaludon|39/100|[from] ability: Hospitality|[of] p1a: Sinistcha
|move|p1b: Archaludon|Protect|p1b: Archaludon
|-singleturn|p1b: Archaludon|Protect
|move|p2a: Dondozo|Wave Crash|p1a: Sinistcha
|-resisted|p1a: Sinistcha
|-damage|p1a: Sinistcha|55/100
|-damage|p2a: Dondozo|51/100|[from] Recoil
|
|-heal|p2a: Dondozo|58/100|[from] item: Leftovers
|-damage|p2b: Tatsugiri|24/100 brn|[from] brn
|upkeep
|turn|10
|
|t:|1756732903
|switch|p1b: I'm Fakin|Incineroar, L50, M|31/100
|-ability|p1b: I'm Fakin|Intimidate|boost
|-unboost|p2a: Dondozo|atk|1
|-unboost|p2b: Tatsugiri|atk|1
|-terastallize|p2a: Dondozo|Grass
|move|p2a: Dondozo|Wave Crash|p1b: I'm Fakin
|-supereffective|p1b: I'm Fakin
|-damage|p1b: I'm Fakin|0 fnt
|faint|p1b: I'm Fakin
|-damage|p2a: Dondozo|50/100|[from] Recoil
|move|p1a: Sinistcha|Giga Drain|p2a: Dondozo
|-resisted|p2a: Dondozo
|-damage|p2a: Dondozo|41/100
|-heal|p1a: Sinistcha|61/100|[from] drain|[of] p2a: Dondozo
|
|-heal|p2a: Dondozo|48/100|[from] item: Leftovers
|-damage|p2b: Tatsugiri|18/100 brn|[from] brn
|upkeep
|
|t:|1756732915
|switch|p1b: Palafin|Palafin-Hero, L50, F|100/100
|turn|11
|
|t:|1756732920
|move|p2a: Dondozo|Order Up|p1a: Sinistcha
|-damage|p1a: Sinistcha|29/100
|-boost|p2a: Dondozo|atk|1
|move|p1b: Palafin|Haze|p1b: Palafin
|-clearallboost
|move|p1a: Sinistcha|Matcha Gotcha|p2a: Dondozo|[spread] p2a
|-miss|p1a: Sinistcha|p2b: Tatsugiri
|-resisted|p2a: Dondozo
|-damage|p2a: Dondozo|34/100
|-heal|p1a: Sinistcha|39/100|[from] drain|[of] p2a: Dondozo
|
|-heal|p2a: Dondozo|40/100|[from] item: Leftovers
|-damage|p2b: Tatsugiri|12/100 brn|[from] brn
|upkeep
|turn|12
|
|t:|1756732935
|move|p1b: Palafin|Wave Crash|p2a: Dondozo
|-resisted|p2a: Dondozo
|-damage|p2a: Dondozo|9/100
|-damage|p1b: Palafin|87/100|[from] Recoil
|move|p1a: Sinistcha|Matcha Gotcha|p2a: Dondozo|[spread] p2a
|-miss|p1a: Sinistcha|p2b: Tatsugiri
|-resisted|p2a: Dondozo
|-damage|p2a: Dondozo|0 fnt
|-heal|p1a: Sinistcha|45/100|[from] drain|[of] p2a: Dondozo
|faint|p2a: Dondozo
|
|-damage|p2b: Tatsugiri|7/100 brn|[from] brn
|upkeep
|
|t:|1756732943
|switch|p2a: Clefable|Clefable, L50, M|61/100
|turn|13
|
|t:|1756732951
|move|p2a: Clefable|Follow Me|p2a: Clefable
|-singleturn|p2a: Clefable|move: Follow Me
|move|p1b: Palafin|Jet Punch|p2a: Clefable
|-damage|p2a: Clefable|3/100
|-damage|p1b: Palafin|70/100|[from] item: Rocky Helmet|[of] p2a: Clefable
|move|p2b: Tatsugiri|Icy Wind|p1a: Sinistcha|[spread] p1a,p1b
|-supereffective|p1a: Sinistcha
|-resisted|p1b: Palafin
|-damage|p1a: Sinistcha|26/100
|-damage|p1b: Palafin|64/100
|-unboost|p1a: Sinistcha|spe|1
|-unboost|p1b: Palafin|spe|1
|move|p1a: Sinistcha|Matcha Gotcha|p2a: Clefable|[spread] p2a,p2b
|-damage|p2a: Clefable|0 fnt
|-heal|p1a: Sinistcha|28/100|[from] drain|[of] p2a: Clefable
|-damage|p2b: Tatsugiri|0 fnt
|-heal|p1a: Sinistcha|31/100|[from] drain|[of] p2b: Tatsugiri
|faint|p2a: Clefable
|faint|p2b: Tatsugiri
|
|upkeep
|
|t:|1756732953
|switch|p2b: Gholdengo|Gholdengo, L50|83/100
|turn|14
|
|t:|1756732960
|switch|p1a: Archaludon|Archaludon, L50, F, shiny, tera:Electric|39/100
|move|p1b: Palafin|Protect|p1b: Palafin
|-singleturn|p1b: Palafin|Protect
|move|p2b: Gholdengo|Make It Rain|p1b: Palafin|[spread] p1a
|-activate|p1b: Palafin|move: Protect
|-resisted|p1a: Archaludon
|-damage|p1a: Archaludon|0 fnt
|-unboost|p2b: Gholdengo|spa|1
|faint|p1a: Archaludon
|
|upkeep
|
|t:|1756732961
|switch|p1a: Sinistcha|Sinistcha, L50|31/100
|-heal|p1b: Palafin|89/100|[from] ability: Hospitality|[of] p1a: Sinistcha
|turn|15
|
|t:|1756732966
|move|p1b: Palafin|Jet Punch|p2b: Gholdengo
|-damage|p2b: Gholdengo|31/100
|move|p2b: Gholdengo|Make It Rain|p1b: Palafin|[spread] p1a,p1b
|-resisted|p1b: Palafin
|-damage|p1a: Sinistcha|0 fnt
|-damage|p1b: Palafin|62/100
|-unboost|p2b: Gholdengo|spa|1
|faint|p1a: Sinistcha
|
|upkeep
|turn|16
|
|t:|1756732969
|move|p1b: Palafin|Jet Punch|p2b: Gholdengo
|-damage|p2b: Gholdengo|0 fnt
|faint|p2b: Gholdengo
|
|win|huntr/x rumi
|raw|huntr/x rumi's rating: 1295 → 1324(+29 for winning)
|raw|ryoshino's rating: 1358 → 1334(-24 for losing)
|c|☆huntr/x rumi|Gg
|l|☆ryoshino
|player|p2|
|l|☆huntr/x rumi
|player|p1|
|j|☆huntr/x rumi
|player|p1|huntr/x rumi|guitarist|
