|j|☆freudianbreath
|j|☆AzzaD123
|html|freudianbreathAzzaD123    
|uhtml|bestof|Game 2 of a best-of-3
|t:|1786056974
|gametype|doubles
|player|p1|freudianbreath|266|1108
|player|p2|AzzaD123|swimmerf-gen4dp|1025
|gen|9
|tier|[Gen 9 Champions] VGC 2026 Reg M-B (Bo3)
|rated|
|rule|Species Clause: Limit one of each Pokémon
|rule|Item Clause: Limit 1 of each item
|clearpoke
|poke|p1|Gholdengo, L50|
|poke|p1|Whimsicott, L50, F|
|poke|p1|Sneasler, L50, F|
|poke|p1|Politoed, L50, F|
|poke|p1|Swampert, L50, M|
|poke|p1|Rotom-Wash, L50|
|poke|p2|Clawitzer, L50, F|
|poke|p2|Oranguru, L50, M|
|poke|p2|Scrafty, L50, M|
|poke|p2|Sinistcha, L50|
|poke|p2|Incineroar, L50, F|
|poke|p2|Abomasnow, L50, F|
|teampreview|4
|showteam|p1|Gholdengo||LifeOrb|GoodasGold|NastyPlot,MakeItRain,Protect,ShadowBall|Timid|||||50|]Whimsicott||SitrusBerry|Prankster|Moonblast,Encore,Tailwind,Protect|Bold||F|||50|]Sneasler||FocusSash|Unburden|FakeOut,DireClaw,CloseCombat,ThroatChop|Jolly||F|||50|]Politoed||Leftovers|Drizzle|Whirlpool,Protect,EarthPower,WeatherBall|Modest||F|||50|]Swampert||Swampertite|Torrent|WaveCrash,Protect,HighHorsepower,IcePunch|Adamant||M|||50|]Rotom-Wash||RindoBerry|Levitate|WillOWisp,RainDance,Thunder,HydroPump|Modest|||||50|
|showteam|p2|Clawitzer||LifeOrb|MegaLauncher|WaterPulse,IceBeam,FlashCannon,Protect|Modest||F|||50|]Oranguru||MentalHerb|InnerFocus|TrickRoom,Instruct,Protect,Extrasensory|Calm||M|||50|]Scrafty||Scraftinite|Intimidate|Detect,FakeOut,KnockOff,DrainPunch|Adamant||M|||50|]Sinistcha||ColburBerry|Hospitality|TrickRoom,RagePowder,MatchaGotcha,Protect|Bold|||||50|]Incineroar||SitrusBerry|Intimidate|FakeOut,PartingShot,ThroatChop,FlareBlitz|Careful||F|||50|]Abomasnow||Abomasite|SnowWarning|Protect,Blizzard,EarthPower,GigaDrain|Modest||F|||50|
|
|t:|1786057034
|teamsize|p1|4
|teamsize|p2|4
|start
|switch|p1a: Politoed|Politoed, L50, F|100/100
|switch|p1b: Rotom|Rotom-Wash, L50|100/100
|switch|p2a: Oranguru|Oranguru, L50, M|100/100
|switch|p2b: Abomasnow|Abomasnow, L50, F|100/100
|-weather|RainDance|[from] ability: Drizzle|[of] p1a: Politoed
|-weather|Snowscape|[from] ability: Snow Warning|[of] p2b: Abomasnow
|turn|1
|
|t:|1786057085
|move|p2b: Abomasnow|Protect|p2b: Abomasnow
|-singleturn|p2b: Abomasnow|Protect
|move|p1b: Rotom|Rain Dance|p1b: Rotom
|-weather|RainDance
|move|p1a: Politoed|Whirlpool|p2b: Abomasnow
|-activate|p2b: Abomasnow|move: Protect
|move|p2a: Oranguru|Trick Room|p2a: Oranguru
|-fieldstart|move: Trick Room|[of] p2a: Oranguru
|
|-weather|RainDance|[upkeep]
|upkeep
|turn|2
|
|t:|1786057113
|detailschange|p2b: Abomasnow|Abomasnow-Mega, L50, F
|-mega|p2b: Abomasnow|Abomasnow|Abomasite
|-weather|Snowscape|[from] ability: Snow Warning|[of] p2b: Abomasnow
|move|p1a: Politoed|Protect|p1a: Politoed
|-singleturn|p1a: Politoed|Protect
|move|p2b: Abomasnow|Giga Drain|p1b: Rotom
|-supereffective|p1b: Rotom|1
|-enditem|p1b: Rotom|Rindo Berry|[eat]
|-enditem|p1b: Rotom|Rindo Berry|[weaken]
|-damage|p1b: Rotom|55/100
|move|p2a: Oranguru|Instruct|p2b: Abomasnow
|-singleturn|p2b: Abomasnow|move: Instruct|[of] p2a: Oranguru
|move|p2b: Abomasnow|Giga Drain|p1b: Rotom
|-supereffective|p1b: Rotom|1
|-damage|p1b: Rotom|0 fnt
|faint|p1b: Rotom
|
|-weather|Snowscape|[upkeep]
|upkeep
|
|t:|1786057137
|switch|p1b: Sneasler|Sneasler, L50, F|100/100
|turn|3
|
|t:|1786057167
|switch|p1a: Gholdengo|Gholdengo, L50|100/100
|move|p2b: Abomasnow|Protect|p2b: Abomasnow
|-singleturn|p2b: Abomasnow|Protect
|move|p1b: Sneasler|Fake Out|p2b: Abomasnow
|-activate|p2b: Abomasnow|move: Protect
|move|p2a: Oranguru|Extrasensory|p1a: Gholdengo
|-resisted|p1a: Gholdengo|1
|-damage|p1a: Gholdengo|86/100
|
|-weather|Snowscape|[upkeep]
|upkeep
|turn|4
|
|t:|1786057200
|switch|p2b: Incineroar|Incineroar, L50, F|100/100
|-ability|p2b: Incineroar|Intimidate|boost
|-unboost|p1a: Gholdengo|atk|1
|-unboost|p1b: Sneasler|atk|1
|move|p1a: Gholdengo|Protect|p1a: Gholdengo
|-singleturn|p1a: Gholdengo|Protect
|move|p2a: Oranguru|Extrasensory|p1b: Sneasler
|-supereffective|p1b: Sneasler|2
|-enditem|p1b: Sneasler|Focus Sash
|-damage|p1b: Sneasler|1/100
|move|p1b: Sneasler|Throat Chop|p2a: Oranguru
|-supereffective|p2a: Oranguru|1
|-damage|p2a: Oranguru|69/100
|-start|p2a: Oranguru|Throat Chop|[silent]
|
|-weather|Snowscape|[upkeep]
|upkeep
|turn|5
|
|t:|1786057247
|switch|p1b: Politoed|Politoed, L50, F|100/100
|-weather|RainDance|[from] ability: Drizzle|[of] p1b: Politoed
|move|p2a: Oranguru|Protect|p2a: Oranguru
|-singleturn|p2a: Oranguru|Protect
|move|p2b: Incineroar|Fake Out|p1b: Politoed
|-damage|p1b: Politoed|87/100
|move|p1a: Gholdengo|Nasty Plot|p1a: Gholdengo
|-boost|p1a: Gholdengo|spa|2
|
|-weather|RainDance|[upkeep]
|-heal|p1b: Politoed|93/100|[from] item: Leftovers
|-end|p2a: Oranguru|Throat Chop|[silent]
|-fieldend|move: Trick Room
|upkeep
|turn|6
|
|t:|1786057280
|move|p1a: Gholdengo|Make It Rain|p2a: Oranguru|[spread] p2a,p2b
|-resisted|p2b: Incineroar|1
|-damage|p2a: Oranguru|0 fnt
|-damage|p2b: Incineroar|59/100
|-unboost|p1a: Gholdengo|spa|2
|faint|p2a: Oranguru
|-damage|p1a: Gholdengo|76/100|[from] item: Life Orb
|move|p1b: Politoed|Earth Power|p2b: Incineroar
|-supereffective|p2b: Incineroar|1
|-damage|p2b: Incineroar|23/100
|-enditem|p2b: Incineroar|Sitrus Berry|[eat]
|-heal|p2b: Incineroar|48/100|[from] item: Sitrus Berry
|move|p2b: Incineroar|Flare Blitz|p1a: Gholdengo
|-supereffective|p1a: Gholdengo|1
|-damage|p1a: Gholdengo|28/100
|-damage|p2b: Incineroar|35/100|[from] Recoil
|
|-weather|RainDance|[upkeep]
|-heal|p1b: Politoed|99/100|[from] item: Leftovers
|upkeep
|
|t:|1786057300
|switch|p2a: Sinistcha|Sinistcha, L50|100/100
|-heal|p2b: Incineroar|60/100|[from] ability: Hospitality|[of] p2a: Sinistcha
|turn|7
|
|t:|1786057346
|move|p1a: Gholdengo|Shadow Ball|p2a: Sinistcha
|-supereffective|p2a: Sinistcha|1
|-damage|p2a: Sinistcha|0 fnt
|faint|p2a: Sinistcha
|-damage|p1a: Gholdengo|18/100|[from] item: Life Orb
|move|p1b: Politoed|Weather Ball|p2b: Incineroar
|-supereffective|p2b: Incineroar|1
|-damage|p2b: Incineroar|0 fnt
|faint|p2b: Incineroar
|
|-weather|RainDance|[upkeep]
|-heal|p1b: Politoed|100/100|[from] item: Leftovers
|upkeep
|
|t:|1786057359
|switch|p2a: Abomasnow|Abomasnow-Mega, L50, F|100/100
|-weather|Snowscape|[from] ability: Snow Warning|[of] p2a: Abomasnow
|turn|8
|inactive|Battle timer is ON: inactive players will automatically lose when time's up. (requested by AzzaD123)
|
|t:|1786057404
|move|p1a: Gholdengo|Make It Rain|p2a: Abomasnow
|-supereffective|p2a: Abomasnow|1
|-damage|p2a: Abomasnow|0 fnt
|-unboost|p1a: Gholdengo|spa|2
|faint|p2a: Abomasnow
|-damage|p1a: Gholdengo|8/100|[from] item: Life Orb
|
|win|freudianbreath
