|j|☆SirSpiderVGC
|j|☆satandagiii2005
|html|SirSpiderVGCsatandagiii2005    
|uhtml|bestof|Game 2 of a best-of-3
|t:|1783105461
|gametype|doubles
|player|p1|SirSpiderVGC|lusamine-nihilego|1083
|player|p2|satandagiii2005|byron|1074
|gen|9
|tier|[Gen 9 Champions] VGC 2026 Reg M-B (Bo3)
|rated|
|rule|Species Clause: Limit one of each Pokémon
|rule|Item Clause: Limit 1 of each item
|clearpoke
|poke|p1|Manectric, L50, M|
|poke|p1|Scovillain, L50, F|
|poke|p1|Weavile, L50, M|
|poke|p1|Espathra, L50, F|
|poke|p1|Charizard, L50, M, shiny|
|poke|p1|Venusaur, L50, F, shiny|
|poke|p2|Venusaur, L50, M|
|poke|p2|Swampert, L50, M|
|poke|p2|Pelipper, L50, F|
|poke|p2|Archaludon, L50, F|
|poke|p2|Maushold, L50|
|poke|p2|Gholdengo, L50|
|teampreview|4
|showteam|p1|Manectric||Manectite|LightningRod|Thunderbolt,Flamethrower,VoltSwitch,Protect|Timid||M|||50|]Scovillain||Scovillainite|Moody|Overheat,LeechSeed,RagePowder,Protect|Calm||F|||50|]Weavile||FocusSash|Pickpocket|TripleAxel,LowKick,FakeOut,Protect|Jolly||M|||50|]Espathra||ColburBerry|SpeedBoost|LuminaCrash,CalmMind,BatonPass,Protect|Timid||F|||50|]Charizard||CharizarditeY|Blaze|HeatWave,SolarBeam,WeatherBall,Protect|Modest||M|||50|]Venusaur||LifeOrb|Chlorophyll|EarthPower,GigaDrain,SludgeBomb,Protect|Modest||F|||50|
|showteam|p2|Venusaur||Venusaurite|Overgrow|SludgeBomb,EarthPower,GigaDrain,Protect|Modest||M|||50|]Swampert||Swampertite|Torrent|WaveCrash,Earthquake,IcePunch,Protect|Adamant||M|||50|]Pelipper||SitrusBerry|Drizzle|Hurricane,WeatherBall,Tailwind,WideGuard|Modest||F|||50|]Archaludon||Leftovers|Stamina|ElectroShot,DragonPulse,FlashCannon,Protect|Modest||F|||50|]Maushold||FocusSash|FriendGuard|FollowMe,SuperFang,RainDance,Protect|Jolly|||||50|]Gholdengo||LifeOrb|GoodasGold|MakeItRain,ShadowBall,PowerGem,Protect|Timid|||||50|
|inactive|Battle timer is ON: inactive players will automatically lose when time's up. (requested by satandagiii2005)
|
|t:|1783105494
|teamsize|p1|4
|teamsize|p2|4
|start
|switch|p1a: Weavile|Weavile, L50, M|100/100
|switch|p1b: Charizard|Charizard, L50, M, shiny|100/100
|switch|p2a: Gholdengo|Gholdengo, L50|100/100
|switch|p2b: Maushold|Maushold, L50|100/100
|turn|1
|
|t:|1783105513
|detailschange|p1b: Charizard|Charizard-Mega-Y, L50, M, shiny
|-mega|p1b: Charizard|Charizard|Charizardite Y
|-weather|SunnyDay|[from] ability: Drought|[of] p1b: Charizard
|move|p2b: Maushold|Protect|p2b: Maushold
|-singleturn|p2b: Maushold|Protect
|move|p2a: Gholdengo|Protect|p2a: Gholdengo
|-singleturn|p2a: Gholdengo|Protect
|move|p1a: Weavile|Fake Out|p2b: Maushold
|-activate|p2b: Maushold|move: Protect
|move|p1b: Charizard|Heat Wave|p2b: Maushold|[spread] 
|-activate|p2a: Gholdengo|move: Protect
|-activate|p2b: Maushold|move: Protect
|
|-weather|SunnyDay|[upkeep]
|upkeep
|turn|2
|
|t:|1783105529
|switch|p1b: Espathra|Espathra, L50, F|100/100
|move|p1a: Weavile|Triple Axel|p2b: Maushold
|-damage|p2b: Maushold|86/100
|-damage|p2b: Maushold|62/100
|-damage|p2b: Maushold|27/100
|-hitcount|p2b: Maushold|3
|move|p2b: Maushold|Rain Dance|p2b: Maushold
|-weather|RainDance
|move|p2a: Gholdengo|Power Gem|p1b: Espathra
|-damage|p1b: Espathra|48/100
|-damage|p2a: Gholdengo|90/100|[from] item: Life Orb
|
|-weather|RainDance|[upkeep]
|upkeep
|turn|3
|
|t:|1783105548
|move|p1b: Espathra|Protect|p1b: Espathra
|-singleturn|p1b: Espathra|Protect
|move|p1a: Weavile|Triple Axel|p2b: Maushold
|-damage|p2b: Maushold|14/100
|-damage|p2b: Maushold|0 fnt
|faint|p2b: Maushold
|-hitcount|p2: Maushold|2
|move|p2a: Gholdengo|Shadow Ball|p1b: Espathra
|-activate|p1b: Espathra|move: Protect
|
|-weather|RainDance|[upkeep]
|-ability|p1b: Espathra|Speed Boost|boost
|-boost|p1b: Espathra|spe|1
|upkeep
|
|t:|1783105560
|switch|p2b: Swampert|Swampert, L50, M|100/100
|turn|4
|inactive|SirSpiderVGC has 30 seconds left.
|inactive|satandagiii2005 has 30 seconds left.
|
|t:|1783105591
|detailschange|p2b: Swampert|Swampert-Mega, L50, M
|-mega|p2b: Swampert|Swampert|Swampertite
|move|p2b: Swampert|Wave Crash|p1b: Espathra
|-damage|p1b: Espathra|0 fnt
|faint|p1b: Espathra
|-damage|p2b: Swampert|85/100|[from] Recoil
|move|p1a: Weavile|Triple Axel|p2b: Swampert
|-crit|p2b: Swampert
|-damage|p2b: Swampert|72/100
|-damage|p2b: Swampert|54/100
|-damage|p2b: Swampert|29/100
|-hitcount|p2b: Swampert|3
|move|p2a: Gholdengo|Power Gem|p1a: Weavile
|-supereffective|p1a: Weavile|1
|-enditem|p1a: Weavile|Focus Sash
|-damage|p1a: Weavile|1/100
|-damage|p2a: Gholdengo|81/100|[from] item: Life Orb
|
|-weather|RainDance|[upkeep]
|upkeep
|
|t:|1783105607
|switch|p1b: Venusaur|Venusaur, L50, F, shiny|100/100
|turn|5
|
|t:|1783105625
|switch|p2a: Pelipper|Pelipper, L50, F|100/100
|move|p1b: Venusaur|Protect|p1b: Venusaur
|-singleturn|p1b: Venusaur|Protect
|move|p2b: Swampert|Ice Punch|p1b: Venusaur
|-activate|p1b: Venusaur|move: Protect
|move|p1a: Weavile|Triple Axel|p2b: Swampert
|-damage|p2b: Swampert|19/100
|-damage|p2b: Swampert|1/100
|-hitcount|p2b: Swampert|2
|
|-weather|RainDance|[upkeep]
|upkeep
|turn|6
|c|☆SirSpiderVGC|tragic
|inactive|SirSpiderVGC has 30 seconds left.
|
|t:|1783105655
|switch|p2b: Gholdengo|Gholdengo, L50|81/100
|switch|p1a: Charizard|Charizard-Mega-Y, L50, M, shiny|100/100
|-weather|SunnyDay|[from] ability: Drought|[of] p1a: Charizard
|move|p1b: Venusaur|Sludge Bomb|p2b: Gholdengo
|-immune|p2b: Gholdengo
|move|p2a: Pelipper|Weather Ball|p1b: Venusaur
|-supereffective|p1b: Venusaur|1
|-damage|p1b: Venusaur|25/100
|
|-weather|SunnyDay|[upkeep]
|upkeep
|turn|7
|
|t:|1783105676
|move|p1b: Venusaur|Giga Drain|p2a: Pelipper
|-damage|p2a: Pelipper|37/100
|-heal|p1b: Venusaur|52/100|[from] drain|[of] p2a: Pelipper
|-enditem|p2a: Pelipper|Sitrus Berry|[eat]
|-heal|p2a: Pelipper|62/100|[from] item: Sitrus Berry
|-damage|p1b: Venusaur|43/100|[from] item: Life Orb
|move|p1a: Charizard|Heat Wave|p2b: Gholdengo|[spread] p2a
|-miss|p1a: Charizard|p2b: Gholdengo
|-resisted|p2a: Pelipper|1
|-damage|p2a: Pelipper|22/100
|-status|p2a: Pelipper|brn
|move|p2b: Gholdengo|Power Gem|p1a: Charizard
|-supereffective|p1a: Charizard|2
|-damage|p1a: Charizard|0 fnt
|faint|p1a: Charizard
|-damage|p2b: Gholdengo|71/100|[from] item: Life Orb
|move|p2a: Pelipper|Tailwind|p2a: Pelipper
|-sidestart|p2: satandagiii2005|move: Tailwind
|
|-weather|SunnyDay|[upkeep]
|-damage|p2a: Pelipper|16/100 brn|[from] brn
|upkeep
|
|t:|1783105687
|switch|p1a: Weavile|Weavile, L50, M|1/100
|turn|8
|
|t:|1783105699
|move|p1a: Weavile|Fake Out|p2a: Pelipper
|-crit|p2a: Pelipper
|-damage|p2a: Pelipper|0 fnt
|faint|p2a: Pelipper
|move|p2b: Gholdengo|Make It Rain|p1b: Venusaur|[spread] p1b
|-miss|p2b: Gholdengo|p1a: Weavile
|-damage|p1b: Venusaur|0 fnt
|-unboost|p2b: Gholdengo|spa|2
|faint|p1b: Venusaur
|-damage|p2b: Gholdengo|62/100|[from] item: Life Orb
|
|-weather|SunnyDay|[upkeep]
|upkeep
|
|t:|1783105711
|switch|p2a: Swampert|Swampert-Mega, L50, M|1/100
|turn|9
|-message|SirSpiderVGC forfeited.
|
|win|satandagiii2005
|l|☆SirSpiderVGC
|player|p1|
||SirSpiderVGC is ready for game 3.
|c|☆satandagiii2005|xd
||satandagiii2005 is ready for game 3.
|uhtml|next|Next: Game 3 of 3
