|j|☆Salmon4777
|j|☆yenjang
|html|Salmon4777yenjang    
|uhtml|bestof|Game 3 of a best-of-3
|t:|1785678062
|gametype|doubles
|player|p1|Salmon4777|rosa|
|player|p2|yenjang|cynthia-gen4|
|gen|9
|tier|[Gen 9 Champions] VGC 2026 Reg M-B (Bo3)
|rule|Species Clause: Limit one of each Pokémon
|rule|Item Clause: Limit 1 of each item
|clearpoke
|poke|p1|Charizard, L50, M|
|poke|p1|Farigiraf, L50, M|
|poke|p1|Venusaur, L50, F|
|poke|p1|Garchomp, L50, M|
|poke|p1|Incineroar, L50, F|
|poke|p1|Sylveon, L50, M|
|poke|p2|Raichu, L50, M, shiny|
|poke|p2|Garchomp, L50, M, shiny|
|poke|p2|Ninetales-Alola, L50, F, shiny|
|poke|p2|Basculegion, L50, M, shiny|
|poke|p2|Tsareena, L50, F, shiny|
|poke|p2|Talonflame, L50, F, shiny|
|teampreview|4
|showteam|p1|Charizard||CharizarditeY|Blaze|HeatWave,WeatherBall,SolarBeam,Protect|Modest||M|||50|]Farigiraf||ColburBerry|ArmorTail|Psychic,Thunderbolt,HelpingHand,TrickRoom|Modest||M|||50|]Venusaur||FocusSash|Chlorophyll|LeafStorm,SludgeBomb,SleepPowder,Protect|Modest||F|||50|]Garchomp||LifeOrb|RoughSkin|RockSlide,DragonClaw,Earthquake,Protect|Jolly||M|||50|]Incineroar||SitrusBerry|Intimidate|FlareBlitz,DarkestLariat,PartingShot,FakeOut|Careful||F|||50|]Sylveon||FairyFeather|Pixilate|HyperVoice,HyperBeam,QuickAttack,Protect|Modest||M|||50|
|showteam|p2|Raichu||RaichuniteY|LightningRod|ZapCannon,FocusBlast,FakeOut,Protect|Timid||M|||50|]Garchomp||LifeOrb|RoughSkin|DragonClaw,Earthquake,RockSlide,Protect|Jolly||M|||50|]Ninetales-Alola||FocusSash|SnowWarning|Blizzard,FreezeDry,Roar,Protect|Timid||F|||50|]Basculegion||ChoiceScarf|Adaptability|LastRespects,WaveCrash,AquaJet,FlipTurn|Jolly||M|||50|]Tsareena||WideLens|QueenlyMajesty|PowerWhip,TripleAxel,HighJumpKick,Taunt|Adamant||F|||50|]Talonflame||ExpertBelt|GaleWings|DualWingbeat,FlareBlitz,Tailwind,Protect|Jolly||F|||50|
|j| FongSC
|j| Eggy’sDad
|j| DiGuaaa
|j| Hankk1995
|l| FongSC
|l| DiGuaaa
|inactive|Battle timer is ON: inactive players will automatically lose when time's up. (requested by Salmon4777)
|j| limilin
|j| Midoria100
|inactive|yenjang has 60 seconds left.
|
|t:|1785678122
|teamsize|p1|4
|teamsize|p2|4
|start
|switch|p1a: Incineroar|Incineroar, L50, F|100/100
|switch|p1b: Farigiraf|Farigiraf, L50, M|100/100
|switch|p2a: Garchomp|Garchomp, L50, M, shiny|100/100
|switch|p2b: Tsareena|Tsareena, L50, F, shiny|100/100
|-ability|p1a: Incineroar|Intimidate|boost
|-unboost|p2a: Garchomp|atk|1
|-unboost|p2b: Tsareena|atk|1
|turn|1
|j| DiGuaaa
|j| kuoli00021
|inactive|Salmon4777 has 30 seconds left.
|inactive|Salmon4777 has 20 seconds left.
|
|t:|1785678160
|move|p1b: Farigiraf|Helping Hand|p1a: Incineroar
|-singleturn|p1a: Incineroar|Helping Hand|[of] p1b: Farigiraf
|move|p2a: Garchomp|Rock Slide|p1a: Incineroar|[spread] p1a
|-miss|p2a: Garchomp|p1b: Farigiraf
|-supereffective|p1a: Incineroar|1
|-damage|p1a: Incineroar|72/100
|-damage|p2a: Garchomp|90/100|[from] item: Life Orb
|move|p2b: Tsareena|Taunt|p1b: Farigiraf
|-start|p1b: Farigiraf|move: Taunt
|move|p1a: Incineroar|Flare Blitz|p2b: Tsareena
|-supereffective|p2b: Tsareena|1
|-damage|p2b: Tsareena|0 fnt
|faint|p2b: Tsareena
|-damage|p1a: Incineroar|44/100|[from] Recoil
|-enditem|p1a: Incineroar|Sitrus Berry|[eat]
|-heal|p1a: Incineroar|69/100|[from] item: Sitrus Berry
|
|upkeep
|
|t:|1785678181
|switch|p2b: Raichu|Raichu, L50, M, shiny|100/100
|turn|2
|inactive|Salmon4777 has 30 seconds left.
|inactive|yenjang has 30 seconds left.
|
|t:|1785678211
|switch|p1a: Garchomp|Garchomp, L50, M|100/100
|detailschange|p2b: Raichu|Raichu-Mega-Y, L50, M, shiny
|-mega|p2b: Raichu|Raichu|Raichunite Y
|move|p2b: Raichu|Zap Cannon|p1a: Garchomp
|-immune|p1a: Garchomp
|move|p2a: Garchomp|Dragon Claw|p1a: Garchomp
|-supereffective|p1a: Garchomp|1
|-damage|p1a: Garchomp|28/100
|-damage|p2a: Garchomp|78/100|[from] ability: Rough Skin|[of] p1a: Garchomp
|-damage|p2a: Garchomp|68/100|[from] item: Life Orb
|move|p1b: Farigiraf|Psychic|p2a: Garchomp
|-damage|p2a: Garchomp|27/100
|-unboost|p2a: Garchomp|spd|1
|
|upkeep
|turn|3
|j| FongSC
|inactive|Salmon4777 has 30 seconds left.
|inactive|yenjang has 30 seconds left.
|inactive|yenjang has 20 seconds left.
|inactive|yenjang has 15 seconds left.
|inactive|yenjang has 10 seconds left.
|inactive|yenjang has 5 seconds left.
|
|t:|1785678261
|switch|p1b: Incineroar|Incineroar, L50, F|69/100
|-ability|p1b: Incineroar|Intimidate|boost
|-unboost|p2a: Garchomp|atk|1
|-unboost|p2b: Raichu|atk|1
|move|p1a: Garchomp|Protect|p1a: Garchomp
|-singleturn|p1a: Garchomp|Protect
|move|p2b: Raichu|Focus Blast|p1a: Garchomp
|-activate|p1a: Garchomp|move: Protect
|move|p2a: Garchomp|Dragon Claw|p1a: Garchomp
|-activate|p1a: Garchomp|move: Protect
|
|upkeep
|turn|4
|
|t:|1785678285
|switch|p2a: Basculegion|Basculegion, L50, M, shiny|100/100
|move|p2b: Raichu|Protect|p2b: Raichu
|-singleturn|p2b: Raichu|Protect
|move|p1b: Incineroar|Fake Out|p2b: Raichu
|-activate|p2b: Raichu|move: Protect
|move|p1a: Garchomp|Dragon Claw|p2a: Basculegion
|-damage|p2a: Basculegion|31/100
|-damage|p1a: Garchomp|18/100|[from] item: Life Orb
|
|upkeep
|turn|5
|inactive|Salmon4777 has 30 seconds left.
|inactive|yenjang has 30 seconds left.
|inactive|yenjang has 20 seconds left.
|
|t:|1785678322
|switch|p1b: Farigiraf|Farigiraf, L50, M|100/100
|move|p2a: Basculegion|Wave Crash|p1a: Garchomp
|-damage|p1a: Garchomp|0 fnt
|-damage|p2a: Basculegion|19/100|[from] ability: Rough Skin|[of] p1a: Garchomp
|faint|p1a: Garchomp
|-damage|p2a: Basculegion|14/100|[from] Recoil
|move|p2b: Raichu|Focus Blast|p1b: Farigiraf
|-crit|p1b: Farigiraf
|-damage|p1b: Farigiraf|41/100
|-unboost|p1b: Farigiraf|spd|1
|
|upkeep
|inactive|Salmon4777 has 30 seconds left.
|j| slaking-champions
|inactive|Salmon4777 has 20 seconds left.
|inactive|Salmon4777 has 15 seconds left.
|
|t:|1785678367
|switch|p1a: Sylveon|Sylveon, L50, M|100/100
|turn|6
|inactive|yenjang has 30 seconds left.
|inactive|yenjang has 20 seconds left.
|
|t:|1785678404
|move|p1a: Sylveon|Quick Attack|p2a: Basculegion
|-damage|p2a: Basculegion|0 fnt
|faint|p2a: Basculegion
|move|p2b: Raichu|Zap Cannon|p1b: Farigiraf
|-damage|p1b: Farigiraf|0 fnt
|faint|p1b: Farigiraf
|
|upkeep
|
|t:|1785678412
|switch|p2a: Garchomp|Garchomp, L50, M, shiny|27/100
|switch|p1b: Incineroar|Incineroar, L50, F|69/100
|-ability|p1b: Incineroar|Intimidate|boost
|-unboost|p2a: Garchomp|atk|1
|-unboost|p2b: Raichu|atk|1
|turn|7
|j| Kkkkkkkh
|
|t:|1785678433
|move|p2b: Raichu|Protect|p2b: Raichu
|-singleturn|p2b: Raichu|Protect
|move|p2a: Garchomp|Protect|p2a: Garchomp
|-singleturn|p2a: Garchomp|Protect
|move|p1b: Incineroar|Fake Out|p2b: Raichu
|-activate|p2b: Raichu|move: Protect
|move|p1a: Sylveon|Hyper Voice|p2b: Raichu|[spread] 
|-activate|p2a: Garchomp|move: Protect
|-activate|p2b: Raichu|move: Protect
|
|upkeep
|turn|8
|inactive|yenjang has 30 seconds left.
|inactive|yenjang has 20 seconds left.
|inactive|yenjang has 15 seconds left.
|
|t:|1785678476
|move|p1a: Sylveon|Quick Attack|p2a: Garchomp
|-supereffective|p2a: Garchomp|1
|-damage|p2a: Garchomp|2/100
|-damage|p1a: Sylveon|87/100|[from] ability: Rough Skin|[of] p2a: Garchomp
|move|p2b: Raichu|Focus Blast|p1b: Incineroar
|-supereffective|p1b: Incineroar|1
|-damage|p1b: Incineroar|7/100
|move|p2a: Garchomp|Rock Slide|p1b: Incineroar|[spread] p1a,p1b
|-supereffective|p1b: Incineroar|1
|-damage|p1a: Sylveon|70/100
|-damage|p1b: Incineroar|0 fnt
|faint|p1b: Incineroar
|-damage|p2a: Garchomp|0 fnt|[from] item: Life Orb
|faint|p2a: Garchomp
|
|upkeep
|turn|9
|j| yizhongchang
|
|t:|1785678499
|move|p2b: Raichu|Zap Cannon|p1a: Sylveon
|-damage|p1a: Sylveon|18/100
|-status|p1a: Sylveon|par
|move|p1a: Sylveon|Hyper Beam|p2b: Raichu
|-damage|p2b: Raichu|0 fnt
|-mustrecharge|p1a: Sylveon
|faint|p2b: Raichu
|
|win|Salmon4777
|l| DiGuaaa
|c|☆Salmon4777|GG
|l| Kkkkkkkh
|l| Eggy’sDad
|l| FongSC
|c|☆yenjang|謝謝指教
|l|☆Salmon4777
|player|p1|
|l| yizhongchang
|j| double112233
|l| Hankk1995
|j|☆Salmon4777
|player|p1|Salmon4777|rosa|
