|j|☆jdawgin13
|j|☆mr no sauce
|html|jdawgin13mr no sauce    
|uhtml|bestof|Game 2 of a best-of-3
|t:|1756325083
|gametype|doubles
|player|p1|jdawgin13|1|1139
|player|p2|mr no sauce|courtney|1101
|gen|9
|tier|[Gen 9] VGC 2025 Reg H (Bo3)
|rated|
|rule|Species Clause: Limit one of each Pokémon
|rule|Item Clause: Limit 1 of each item
|clearpoke
|poke|p1|Rillaboom, L50, F|
|poke|p1|Ninetales-Alola, L50, F|
|poke|p1|Gholdengo, L50|
|poke|p1|Dragonite, L50, F|
|poke|p1|Annihilape, L50, F|
|poke|p1|Ursaluna-Bloodmoon, L50, M|
|poke|p2|Illumise, L50, F|
|poke|p2|Archaludon, L50, M|
|poke|p2|Pelipper, L50, M|
|poke|p2|Basculegion, L50, M|
|poke|p2|Amoonguss, L50, M|
|poke|p2|Ursaluna, L50, M|
|teampreview|4
|showteam|p1|Rillaboom||MiracleSeed|GrassySurge|WoodHammer,FakeOut,GrassyGlide,Taunt|||F|||50|,,,,,Fire]Ninetales-Alola||LightClay|SnowWarning|IcicleSpear,Blizzard,AuroraVeil,IcyWind|||F|||50|,,,,,Ghost]Gholdengo||ChoiceScarf|GoodasGold|MakeItRain,ShadowBall,Trick,NastyPlot||||||50|,,,,,Steel]Dragonite||LoadedDice|Multiscale|ScaleShot,ExtremeSpeed,Protect,LowKick|||F|||50|,,,,,Normal]Annihilape||SafetyGoggles|Defiant|DrainPunch,RageFist,BulkUp,Protect|||F|||50|,,,,,Fire]Ursaluna-Bloodmoon||AssaultVest|MindsEye|HyperVoice,BloodMoon,EarthPower,VacuumWave|||M|||50|,,,,,Water
|showteam|p2|Illumise||CovertCloak|Prankster|StruggleBug,Tailwind,RainDance,Encore|||F|||50|,,,,,Dark]Archaludon||AssaultVest|Stamina|DragonPulse,FlashCannon,ElectroShot,BodyPress|||M|||50|,,,,,Bug]Pelipper||FocusSash|Drizzle|Hurricane,WeatherBall,WideGuard,Protect|||M|||50|,,,,,Stellar]Basculegion||ChoiceBand|SwiftSwim|WaveCrash,LastRespects,FlipTurn,AquaJet|||M|||50|,,,,,Water]Amoonguss||SitrusBerry|Regenerator|PollenPuff,Spore,RagePowder,Protect|||M|||50|,,,,,Water]Ursaluna||FlameOrb|Guts|Facade,HeadlongRush,Substitute,Protect|||M|||50|,,,,,Poison
|inactive|Battle timer is ON: inactive players will automatically lose when time's up. (requested by jdawgin13)
|inactive|jdawgin13 has 60 seconds left.
|
|t:|1756325168
|teamsize|p1|4
|teamsize|p2|4
|start
|switch|p1a: Rillaboom|Rillaboom, L50, F|100/100
|switch|p1b: Gholdengo|Gholdengo, L50|100/100
|switch|p2a: Pelipper|Pelipper, L50, M|100/100
|switch|p2b: Basculegion|Basculegion, L50, M, shiny|100/100
|-weather|RainDance|[from] ability: Drizzle|[of] p2a: Pelipper
|-fieldstart|move: Grassy Terrain|[from] ability: Grassy Surge|[of] p1a: Rillaboom
|turn|1
|inactive|jdawgin13 has 30 seconds left.
|inactive|jdawgin13 has 20 seconds left.
|inactive|jdawgin13 has 15 seconds left.
|
|t:|1756325210
|switch|p2b: Amoonguss|Amoonguss, L50, M, shiny|100/100
|switch|p1b: Ninetales|Ninetales-Alola, L50, F|100/100
|-weather|Snowscape|[from] ability: Snow Warning|[of] p1b: Ninetales
|move|p2a: Pelipper|Hurricane|p1a: Rillaboom
|-supereffective|p1a: Rillaboom
|-damage|p1a: Rillaboom|0 fnt
|faint|p1a: Rillaboom
|
|-weather|Snowscape|[upkeep]
|upkeep
|
|t:|1756325220
|switch|p1a: Ursaluna|Ursaluna-Bloodmoon, L50, M|100/100
|turn|2
|inactive|mr no sauce has 30 seconds left.
|
|t:|1756325245
|switch|p2a: Archaludon|Archaludon, L50, M|100/100
|-terastallize|p2b: Amoonguss|Water
|move|p1b: Ninetales|Blizzard|p2a: Archaludon|[spread] p2a,p2b
|-resisted|p2b: Amoonguss
|-damage|p2a: Archaludon|82/100
|-damage|p2b: Amoonguss|90/100
|-ability|p2a: Archaludon|Stamina|boost
|-boost|p2a: Archaludon|def|1
|move|p1a: Ursaluna|Blood Moon|p2b: Amoonguss
|-damage|p2b: Amoonguss|25/100
|-enditem|p2b: Amoonguss|Sitrus Berry|[eat]
|-heal|p2b: Amoonguss|50/100|[from] item: Sitrus Berry
|move|p2b: Amoonguss|Spore|p1a: Ursaluna
|-status|p1a: Ursaluna|slp|[from] move: Spore
|
|-weather|Snowscape|[upkeep]
|-heal|p2a: Archaludon|88/100|[from] Grassy Terrain
|-heal|p2b: Amoonguss|56/100|[from] Grassy Terrain
|upkeep
|turn|3
|inactive|jdawgin13 has 30 seconds left.
|inactive|mr no sauce has 30 seconds left.
|
|t:|1756325282
|switch|p1b: Gholdengo|Gholdengo, L50|100/100
|switch|p2b: Pelipper|Pelipper, L50, M|100/100
|-weather|RainDance|[from] ability: Drizzle|[of] p2b: Pelipper
|move|p2a: Archaludon|Electro Shot||[still]
|-prepare|p2a: Archaludon|Electro Shot
|-boost|p2a: Archaludon|spa|1
|-anim|p2a: Archaludon|Electro Shot|p1b: Gholdengo
|-damage|p1b: Gholdengo|21/100
|cant|p1a: Ursaluna|slp
|
|-weather|RainDance|[upkeep]
|-heal|p1b: Gholdengo|27/100|[from] Grassy Terrain
|-heal|p2a: Archaludon|94/100|[from] Grassy Terrain
|upkeep
|turn|4
|
|t:|1756325301
|switch|p1a: Ninetales|Ninetales-Alola, L50, F|100/100
|-weather|Snowscape|[from] ability: Snow Warning|[of] p1a: Ninetales
|move|p1b: Gholdengo|Trick|p2a: Archaludon
|-activate|p1b: Gholdengo|move: Trick|[of] p2a: Archaludon
|-item|p2a: Archaludon|Choice Scarf|[from] move: Trick
|-item|p1b: Gholdengo|Assault Vest|[from] move: Trick
|move|p2a: Archaludon|Body Press|p1a: Ninetales
|-damage|p1a: Ninetales|70/100
|move|p2b: Pelipper|Weather Ball|p1a: Ninetales
|-resisted|p1a: Ninetales
|-damage|p1a: Ninetales|52/100
|
|-weather|Snowscape|[upkeep]
|-heal|p1a: Ninetales|58/100|[from] Grassy Terrain
|-heal|p2a: Archaludon|100/100|[from] Grassy Terrain
|-heal|p1b: Gholdengo|34/100|[from] Grassy Terrain
|upkeep
|turn|5
|
|t:|1756325323
|switch|p2b: Amoonguss|Amoonguss, L50, M, shiny, tera:Water|89/100
|move|p1a: Ninetales|Icicle Spear|p2b: Amoonguss
|-resisted|p2b: Amoonguss
|-damage|p2b: Amoonguss|87/100
|-resisted|p2b: Amoonguss
|-damage|p2b: Amoonguss|85/100
|-resisted|p2b: Amoonguss
|-damage|p2b: Amoonguss|83/100
|-resisted|p2b: Amoonguss
|-damage|p2b: Amoonguss|81/100
|-resisted|p2b: Amoonguss
|-damage|p2b: Amoonguss|79/100
|-hitcount|p2b: Amoonguss|5
|move|p2a: Archaludon|Body Press|p1a: Ninetales
|-damage|p1a: Ninetales|28/100
|move|p1b: Gholdengo|Shadow Ball|p2b: Amoonguss
|-damage|p2b: Amoonguss|36/100
|
|-weather|Snowscape|[upkeep]
|-heal|p1a: Ninetales|34/100|[from] Grassy Terrain
|-heal|p1b: Gholdengo|40/100|[from] Grassy Terrain
|-heal|p2b: Amoonguss|42/100|[from] Grassy Terrain
|-fieldend|move: Grassy Terrain
|upkeep
|turn|6
|inactive|jdawgin13 has 30 seconds left.
|
|t:|1756325353
|switch|p2b: Pelipper|Pelipper, L50, M|100/100
|-weather|RainDance|[from] ability: Drizzle|[of] p2b: Pelipper
|move|p1a: Ninetales|Blizzard|p2b: Pelipper|[spread] 
|-miss|p1a: Ninetales|p2a: Archaludon
|-miss|p1a: Ninetales|p2b: Pelipper
|move|p2a: Archaludon|Body Press|p1a: Ninetales
|-damage|p1a: Ninetales|0 fnt
|faint|p1a: Ninetales
|move|p1b: Gholdengo|Shadow Ball|p2b: Pelipper
|-crit|p2b: Pelipper
|-enditem|p2b: Pelipper|Focus Sash
|-damage|p2b: Pelipper|1/100
|
|-weather|RainDance|[upkeep]
|upkeep
|
|t:|1756325366
|switch|p1a: Ursaluna|Ursaluna-Bloodmoon, L50, M|100/100 slp
|turn|7
|
|t:|1756325387
|-terastallize|p1a: Ursaluna|Water
|move|p2a: Archaludon|Body Press|p1a: Ursaluna
|-damage|p1a: Ursaluna|73/100 slp
|move|p1b: Gholdengo|Shadow Ball|p2b: Pelipper
|-damage|p2b: Pelipper|0 fnt
|faint|p2b: Pelipper
|cant|p1a: Ursaluna|slp
|
|-weather|RainDance|[upkeep]
|upkeep
|
|t:|1756325395
|switch|p2b: Basculegion|Basculegion, L50, M, shiny|100/100
|turn|8
|
|t:|1756325413
|move|p2b: Basculegion|Last Respects|p1b: Gholdengo
|-supereffective|p1b: Gholdengo
|-damage|p1b: Gholdengo|0 fnt
|faint|p1b: Gholdengo
|move|p2a: Archaludon|Body Press|p1a: Ursaluna
|-damage|p1a: Ursaluna|47/100 slp
|-curestatus|p1a: Ursaluna|slp|[msg]
|move|p1a: Ursaluna|Blood Moon|p2b: Basculegion
|-damage|p2b: Basculegion|11/100
|
|-weather|RainDance|[upkeep]
|upkeep
|turn|9
|
|t:|1756325427
|move|p1a: Ursaluna|Vacuum Wave|p2b: Basculegion
|-damage|p2b: Basculegion|0 fnt
|faint|p2b: Basculegion
|move|p2a: Archaludon|Body Press|p1a: Ursaluna
|-damage|p1a: Ursaluna|20/100
|
|-weather|RainDance|[upkeep]
|upkeep
|
|t:|1756325429
|switch|p2b: Amoonguss|Amoonguss, L50, M, shiny, tera:Water|75/100
|turn|10
|
|t:|1756325441
|move|p2a: Archaludon|Body Press|p1a: Ursaluna
|-damage|p1a: Ursaluna|0 fnt
|faint|p1a: Ursaluna
|
|win|mr no sauce
|raw|jdawgin13's rating: 1139 → 1111(-28 for losing)
|raw|mr no sauce's rating: 1101 → 1129(+28 for winning)
|l|☆jdawgin13
|player|p1|
