|j|☆mikelpoyarzabal
|j|☆caevz027
|html|mikelpoyarzabalcaevz027    
|uhtml|bestof|Game 2 of a best-of-3
|t:|1784741091
|gametype|doubles
|player|p1|mikelpoyarzabal|arven-s|1304
|player|p2|caevz027|265|1221
|gen|9
|tier|[Gen 9 Champions] VGC 2026 Reg M-B (Bo3)
|rated|
|rule|Species Clause: Limit one of each Pokémon
|rule|Item Clause: Limit 1 of each item
|clearpoke
|poke|p1|Garchomp, L50, M|
|poke|p1|Venusaur, L50, M|
|poke|p1|Incineroar, L50, M|
|poke|p1|Charizard, L50, F|
|poke|p1|Toxapex, L50, F|
|poke|p1|Annihilape, L50, F|
|poke|p2|Maushold-Four, L50|
|poke|p2|Annihilape, L50, F|
|poke|p2|Samurott-Hisui, L50, F|
|poke|p2|Glimmora, L50, M|
|poke|p2|Froslass, L50, F|
|poke|p2|Talonflame, L50, M|
|teampreview|4
|showteam|p1|Garchomp||ChoiceScarf|RoughSkin|Earthquake,RockSlide,DragonClaw,StompingTantrum|Adamant||M|||50|]Venusaur||LifeOrb|Chlorophyll|SludgeBomb,SolarBeam,EarthPower,Protect|Modest||M|||50|]Incineroar||SitrusBerry|Intimidate|FakeOut,FlareBlitz,ThroatChop,PartingShot|Impish||M|||50|]Charizard||CharizarditeY|Blaze|HeatWave,WeatherBall,Protect,HelpingHand|Modest||F|||50|]Toxapex||Leftovers|Regenerator|Infestation,Toxic,WideGuard,BanefulBunker|Impish||F|||50|]Annihilape||FocusSash|Defiant|CloseCombat,PhantomForce,RageFist,Protect|Jolly||F|||50|
|showteam|p2|Maushold-Four||ChopleBerry|FriendGuard|FollowMe,Protect,BeatUp,SuperFang|Jolly|||||50|]Annihilape||Leftovers|Defiant|DrainPunch,RageFist,BulkUp,Protect|Adamant||F|||50|]Samurott-Hisui||LifeOrb|Sharpness|CeaselessEdge,RazorShell,SacredSword,Protect|Jolly||F|||50|]Glimmora||FocusSash|ToxicDebris|EarthPower,PowerGem,SludgeBomb,SpikyShield|Timid||M|||50|]Froslass||Froslassite|SnowCloak|Blizzard,ShadowBall,AuroraVeil,Protect|Timid||F|||50|]Talonflame|||GaleWings|Acrobatics,Tailwind,Protect,WillOWisp|Jolly||M|||50|
|inactive|Battle timer is ON: inactive players will automatically lose when time's up. (requested by mikelpoyarzabal)
|inactive|mikelpoyarzabal has 60 seconds left.
|
|t:|1784741123
|teamsize|p1|4
|teamsize|p2|4
|start
|switch|p1a: Garchomp|Garchomp, L50, M|100/100
|switch|p1b: Venusaur|Venusaur, L50, M|100/100
|switch|p2a: Talonflame|Talonflame, L50, M|100/100
|switch|p2b: Froslass|Froslass, L50, F|100/100
|turn|1
|
|t:|1784741141
|switch|p1a: Charizard|Charizard, L50, F|100/100
|switch|p1b: Toxapex|Toxapex, L50, F|100/100
|detailschange|p2b: Froslass|Froslass-Mega, L50, F
|-mega|p2b: Froslass|Froslass|Froslassite
|-weather|Snowscape|[from] ability: Snow Warning|[of] p2b: Froslass
|move|p2a: Talonflame|Tailwind|p2a: Talonflame
|-sidestart|p2: caevz027|move: Tailwind
|move|p2b: Froslass|Blizzard|p1b: Toxapex|[spread] p1a,p1b
|-resisted|p1b: Toxapex|1
|-damage|p1a: Charizard|46/100
|-damage|p1b: Toxapex|82/100
|
|-weather|Snowscape|[upkeep]
|-heal|p1b: Toxapex|88/100|[from] item: Leftovers
|upkeep
|turn|2
|inactive|caevz027 has 30 seconds left.
|
|t:|1784741172
|move|p1a: Charizard|Protect|p1a: Charizard
|-singleturn|p1a: Charizard|Protect
|move|p2a: Talonflame|Acrobatics|p1a: Charizard
|-activate|p1a: Charizard|move: Protect
|move|p2b: Froslass|Shadow Ball|p1a: Charizard
|-activate|p1a: Charizard|move: Protect
|move|p1b: Toxapex|Infestation|p2b: Froslass
|-resisted|p2b: Froslass|1
|-damage|p2b: Froslass|98/100
|-activate|p2b: Froslass|move: Infestation|[of] p1b: Toxapex
|
|-weather|Snowscape|[upkeep]
|-heal|p1b: Toxapex|94/100|[from] item: Leftovers
|-damage|p2b: Froslass|86/100|[from] move: Infestation|[partiallytrapped]
|upkeep
|turn|3
|inactive|mikelpoyarzabal has 30 seconds left.
|
|t:|1784741198
|detailschange|p1a: Charizard|Charizard-Mega-Y, L50, F
|-mega|p1a: Charizard|Charizard|Charizardite Y
|-weather|SunnyDay|[from] ability: Drought|[of] p1a: Charizard
|move|p2a: Talonflame|Acrobatics|p1a: Charizard
|-damage|p1a: Charizard|16/100
|move|p2b: Froslass|Blizzard|p1a: Charizard|[spread] p1a
|-miss|p2b: Froslass|p1b: Toxapex
|-damage|p1a: Charizard|0 fnt
|faint|p1a: Charizard
|move|p1b: Toxapex|Toxic|p2a: Talonflame
|-status|p2a: Talonflame|tox
|
|-weather|SunnyDay|[upkeep]
|-heal|p1b: Toxapex|100/100|[from] item: Leftovers
|-damage|p2a: Talonflame|94/100 tox|[from] psn
|-damage|p2b: Froslass|74/100|[from] move: Infestation|[partiallytrapped]
|upkeep
|
|t:|1784741211
|switch|p1a: Garchomp|Garchomp, L50, M|100/100
|turn|4
|
|t:|1784741217
|move|p2b: Froslass|Protect|p2b: Froslass
|-singleturn|p2b: Froslass|Protect
|move|p1b: Toxapex|Wide Guard|p1b: Toxapex
|-singleturn|p1b: Toxapex|Wide Guard
|move|p2a: Talonflame|Will-O-Wisp|p1a: Garchomp
|-status|p1a: Garchomp|brn
|move|p1a: Garchomp|Rock Slide|p2a: Talonflame|[spread] 
|-activate|p2b: Froslass|move: Protect
|-miss|p1a: Garchomp|p2a: Talonflame
|
|-weather|SunnyDay|[upkeep]
|-damage|p2a: Talonflame|82/100 tox|[from] psn
|-damage|p1a: Garchomp|93/100 brn|[from] brn
|-damage|p2b: Froslass|61/100|[from] move: Infestation|[partiallytrapped]
|-sideend|p2: caevz027|move: Tailwind
|upkeep
|turn|5
|inactive|caevz027 has 30 seconds left.
|
|t:|1784741243
|move|p1a: Garchomp|Rock Slide|p2a: Talonflame|[spread] p2a,p2b
|-supereffective|p2a: Talonflame|2
|-supereffective|p2b: Froslass|1
|-damage|p2a: Talonflame|32/100 tox
|-damage|p2b: Froslass|31/100
|cant|p2a: Talonflame|flinch
|cant|p2b: Froslass|flinch
|move|p1b: Toxapex|Infestation|p2a: Talonflame
|-resisted|p2a: Talonflame|2
|-damage|p2a: Talonflame|31/100 tox
|-activate|p2a: Talonflame|move: Infestation|[of] p1b: Toxapex
|
|-weather|SunnyDay|[upkeep]
|-damage|p2a: Talonflame|13/100 tox|[from] psn
|-damage|p1a: Garchomp|87/100 brn|[from] brn
|-damage|p2a: Talonflame|1/100 tox|[from] move: Infestation|[partiallytrapped]
|-damage|p2b: Froslass|19/100|[from] move: Infestation|[partiallytrapped]
|upkeep
|turn|6
|
|t:|1784741261
|move|p1b: Toxapex|Wide Guard|p1b: Toxapex
|-singleturn|p1b: Toxapex|Wide Guard
|move|p1a: Garchomp|Rock Slide|p2a: Talonflame|[spread] p2a,p2b
|-supereffective|p2a: Talonflame|2
|-supereffective|p2b: Froslass|1
|-damage|p2a: Talonflame|0 fnt
|-damage|p2b: Froslass|0 fnt
|faint|p2a: Talonflame
|faint|p2b: Froslass
|
|-weather|SunnyDay|[upkeep]
|-damage|p1a: Garchomp|81/100 brn|[from] brn
|upkeep
|
|t:|1784741271
|switch|p2a: Maushold|Maushold-Four, L50|100/100
|switch|p2b: Annihilape|Annihilape, L50, F|100/100
|turn|7
|
|t:|1784741279
|move|p1a: Garchomp|Rock Slide|p2b: Annihilape|[spread] p2a,p2b
|-resisted|p2b: Annihilape|1
|-damage|p2a: Maushold|85/100
|-damage|p2b: Annihilape|96/100
|cant|p2a: Maushold|flinch
|move|p2b: Annihilape|Rage Fist|p1b: Toxapex
|-damage|p1b: Toxapex|66/100
|move|p1b: Toxapex|Toxic|p2b: Annihilape
|-status|p2b: Annihilape|tox
|
|-weather|none
|-heal|p2b: Annihilape|100/100 tox|[from] item: Leftovers
|-heal|p1b: Toxapex|72/100|[from] item: Leftovers
|-damage|p2b: Annihilape|94/100 tox|[from] psn
|-damage|p1a: Garchomp|75/100 brn|[from] brn
|upkeep
|turn|8
|
|t:|1784741296
|-heal|p1b: Toxapex|100/100|[from] ability: Regenerator|[silent]
|switch|p1b: Venusaur|Venusaur, L50, M|100/100
|move|p1a: Garchomp|Rock Slide|p2a: Maushold|[spread] p2b
|-miss|p1a: Garchomp|p2a: Maushold
|-resisted|p2b: Annihilape|1
|-damage|p2b: Annihilape|90/100 tox
|move|p2a: Maushold|Beat Up|p2b: Annihilape
|-damage|p2b: Annihilape|88/100 tox
|-hitcount|p2b: Annihilape|1
|move|p2b: Annihilape|Rage Fist|p1a: Garchomp
|-damage|p1a: Garchomp|0 fnt
|-damage|p2b: Annihilape|76/100 tox|[from] ability: Rough Skin|[of] p1a: Garchomp
|faint|p1a: Garchomp
|
|-heal|p2b: Annihilape|82/100 tox|[from] item: Leftovers
|-damage|p2b: Annihilape|70/100 tox|[from] psn
|upkeep
|
|t:|1784741301
|switch|p1a: Toxapex|Toxapex, L50, F|100/100
|turn|9
|
|t:|1784741318
|move|p2a: Maushold|Follow Me|p2a: Maushold
|-singleturn|p2a: Maushold|move: Follow Me
|move|p1b: Venusaur|Sludge Bomb|p2a: Maushold
|-damage|p2a: Maushold|18/100
|-damage|p1b: Venusaur|90/100|[from] item: Life Orb
|move|p2b: Annihilape|Rage Fist|p1b: Venusaur
|-damage|p1b: Venusaur|0 fnt
|faint|p1b: Venusaur
|move|p1a: Toxapex|Infestation|p2a: Maushold
|-damage|p2a: Maushold|14/100
|-activate|p2a: Maushold|move: Infestation|[of] p1a: Toxapex
|
|-heal|p2b: Annihilape|76/100 tox|[from] item: Leftovers
|-damage|p2b: Annihilape|58/100 tox|[from] psn
|-damage|p2a: Maushold|2/100|[from] move: Infestation|[partiallytrapped]
|upkeep
|turn|10
|
|t:|1784741337
|move|p1a: Toxapex|Baneful Bunker|p1a: Toxapex
|-singleturn|p1a: Toxapex|move: Protect
|move|p2a: Maushold|Super Fang|p1a: Toxapex
|-activate|p1a: Toxapex|move: Protect
|-status|p2a: Maushold|psn
|move|p2b: Annihilape|Rage Fist|p1a: Toxapex
|-activate|p1a: Toxapex|move: Protect
|
|-heal|p2b: Annihilape|64/100 tox|[from] item: Leftovers
|-damage|p2a: Maushold|0 fnt|[from] psn
|faint|p2a: Maushold
|-damage|p2b: Annihilape|40/100 tox|[from] psn
|upkeep
|turn|11
|
|t:|1784741352
|move|p2b: Annihilape|Rage Fist|p1a: Toxapex
|-damage|p1a: Toxapex|24/100
|move|p1a: Toxapex|Infestation|p2b: Annihilape
|-resisted|p2b: Annihilape|2
|-damage|p2b: Annihilape|40/100 tox
|-activate|p2b: Annihilape|move: Infestation|[of] p1a: Toxapex
|
|-heal|p2b: Annihilape|46/100 tox|[from] item: Leftovers
|-heal|p1a: Toxapex|30/100|[from] item: Leftovers
|-damage|p2b: Annihilape|16/100 tox|[from] psn
|-damage|p2b: Annihilape|3/100 tox|[from] move: Infestation|[partiallytrapped]
|upkeep
|turn|12
|inactive|caevz027 has 30 seconds left.
|c|☆caevz027|ggs
|c|☆caevz027|toxapex mvp
|c|☆mikelpoyarzabal|so op
|-message|caevz027 forfeited.
|
|win|mikelpoyarzabal
|raw|mikelpoyarzabal's rating: 1304 → 1319(+15 for winning)
|raw|caevz027's rating: 1221 → 1202(-19 for losing)
