|j|☆namboyVGC
|j|☆Giraffes in Gdansk
|html|namboyVGCGiraffes in Gdansk    
|uhtml|bestof|Game 2 of a best-of-3
|t:|1755966873
|gametype|doubles
|player|p1|namboyVGC|ethan|1347
|player|p2|Giraffes in Gdansk|acetrainer-gen4dp|1359
|gen|9
|tier|[Gen 9] VGC 2025 Reg H (Bo3)
|rated|
|rule|Species Clause: Limit one of each Pokémon
|rule|Item Clause: Limit 1 of each item
|clearpoke
|poke|p1|Sneasler, L50, F|
|poke|p1|Indeedee, L50, M|
|poke|p1|Tyranitar, L50, M|
|poke|p1|Excadrill, L50, F|
|poke|p1|Annihilape, L50, M|
|poke|p1|Hydreigon, L50, F|
|poke|p2|Dragonite, L50, F|
|poke|p2|Amoonguss, L50, M|
|poke|p2|Incineroar, L50, M|
|poke|p2|Ursaluna, L50, M|
|poke|p2|Sneasler, L50, M|
|poke|p2|Farigiraf, L50, F|
|teampreview|4
|showteam|p1|Sneasler||PsychicSeed|Unburden|CloseCombat,DireClaw,ThroatChop,Protect|||F|||50|,,,,,Dark]Indeedee||ChoiceScarf|PsychicSurge|ExpandingForce,TeraBlast,Trick,DazzlingGleam|||M|||50|,,,,,Fire]Tyranitar||AssaultVest|SandStream|RockSlide,KnockOff,TeraBlast,LowKick|||M|||50|,,,,,Flying]Excadrill||FocusSash|SandRush|HighHorsepower,Earthquake,IronHead,Protect|||F|||50|,,,,,Ground]Annihilape||SafetyGoggles|Defiant|CloseCombat,RageFist,Taunt,FinalGambit|||M|||50|,,,,,Psychic]Hydreigon||CovertCloak|Levitate|Snarl,Tailwind,DracoMeteor,Roar|||F|||50|,,,,,Poison
|showteam|p2|Dragonite||LoadedDice|Multiscale|ScaleShot,Tailwind,Haze,Protect|||F|||50|,,,,,Fairy]Amoonguss||SitrusBerry|Regenerator|Spore,RagePowder,PollenPuff,Protect|||M|||50|,,,,,Psychic]Incineroar||SafetyGoggles|Intimidate|FlareBlitz,KnockOff,FakeOut,PartingShot|||M|||50|,,,,,Ghost]Ursaluna||FlameOrb|Guts|Earthquake,HeadlongRush,Facade,Protect|||M|||50|,,,,,Normal]Sneasler||FocusSash|Unburden|CloseCombat,DireClaw,Coaching,Protect|||M|||50|,,,,,Stellar]Farigiraf||ThroatSpray|ArmorTail|HyperVoice,TwinBeam,TrickRoom,Protect|||F|||50|,,,,,Fire
|inactive|Battle timer is ON: inactive players will automatically lose when time's up. (requested by namboyVGC)
|
|t:|1755966885
|teamsize|p1|4
|teamsize|p2|4
|start
|switch|p1a: Tyranitar|Tyranitar, L50, M|100/100
|switch|p1b: Annihilape|Annihilape, L50, M|100/100
|switch|p2a: Jbungo|Dragonite, L50, F, shiny|100/100
|switch|p2b: Shblingus|Sneasler, L50, M, shiny|100/100
|-weather|Sandstorm|[from] ability: Sand Stream|[of] p1a: Tyranitar
|turn|1
|
|t:|1755966909
|move|p2b: Shblingus|Coaching|p2a: Jbungo
|-boost|p2a: Jbungo|atk|1
|-boost|p2a: Jbungo|def|1
|move|p1b: Annihilape|Rage Fist|p2a: Jbungo
|-damage|p2a: Jbungo|92/100
|move|p2a: Jbungo|Scale Shot|p1b: Annihilape
|-damage|p1b: Annihilape|76/100
|-damage|p1b: Annihilape|53/100
|-damage|p1b: Annihilape|30/100
|-damage|p1b: Annihilape|5/100
|-hitcount|p1b: Annihilape|4
|-unboost|p2a: Jbungo|def|1
|-boost|p2a: Jbungo|spe|1
|move|p1a: Tyranitar|Knock Off|p2a: Jbungo
|-damage|p2a: Jbungo|30/100
|-enditem|p2a: Jbungo|Loaded Dice|[from] move: Knock Off|[of] p1a: Tyranitar
|
|-weather|Sandstorm|[upkeep]
|-damage|p2a: Jbungo|24/100|[from] Sandstorm
|-damage|p2b: Shblingus|95/100|[from] Sandstorm
|upkeep
|turn|2
|inactive|namboyVGC has 30 seconds left.
|inactive|Giraffes in Gdansk has 30 seconds left.
|
|t:|1755966935
|-terastallize|p1a: Tyranitar|Flying
|move|p2a: Jbungo|Scale Shot|p1a: Tyranitar
|-crit|p1a: Tyranitar
|-damage|p1a: Tyranitar|69/100
|-damage|p1a: Tyranitar|49/100
|-damage|p1a: Tyranitar|29/100
|-damage|p1a: Tyranitar|10/100
|-hitcount|p1a: Tyranitar|4
|-unboost|p2a: Jbungo|def|1
|-boost|p2a: Jbungo|spe|1
|move|p2b: Shblingus|Dire Claw|p1a: Tyranitar
|-damage|p1a: Tyranitar|0 fnt
|faint|p1a: Tyranitar
|move|p1b: Annihilape|Rage Fist|p2b: Shblingus
|-damage|p2b: Shblingus|0 fnt
|faint|p2b: Shblingus
|
|-weather|Sandstorm|[upkeep]
|-damage|p2a: Jbungo|18/100|[from] Sandstorm
|upkeep
|
|t:|1755966954
|switch|p2b: No Idea|Ursaluna, L50, M, shiny|100/100
|switch|p1a: Sneasler|Sneasler, L50, F|100/100
|turn|3
|
|t:|1755966967
|switch|p1b: Indeedee|Indeedee, L50, M|100/100
|-fieldstart|move: Psychic Terrain|[from] ability: Psychic Surge|[of] p1b: Indeedee
|-enditem|p1a: Sneasler|Psychic Seed
|-boost|p1a: Sneasler|spd|1|[from] item: Psychic Seed
|move|p2b: No Idea|Protect|p2b: No Idea
|-singleturn|p2b: No Idea|Protect
|move|p1a: Sneasler|Close Combat|p2b: No Idea
|-activate|p2b: No Idea|move: Protect
|move|p2a: Jbungo|Tailwind|p2a: Jbungo
|-sidestart|p2: Giraffes in Gdansk|move: Tailwind
|
|-weather|Sandstorm|[upkeep]
|-damage|p2a: Jbungo|12/100|[from] Sandstorm
|-damage|p1a: Sneasler|95/100|[from] Sandstorm
|-damage|p1b: Indeedee|95/100|[from] Sandstorm
|-status|p2b: No Idea|brn|[from] item: Flame Orb
|upkeep
|turn|4
|inactive|Giraffes in Gdansk has 30 seconds left.
|
|t:|1755966995
|move|p2a: Jbungo|Protect|p2a: Jbungo
|-singleturn|p2a: Jbungo|Protect
|move|p1a: Sneasler|Close Combat|p2b: No Idea
|-supereffective|p2b: No Idea
|-crit|p2b: No Idea
|-damage|p2b: No Idea|0 fnt
|-unboost|p1a: Sneasler|def|1
|-unboost|p1a: Sneasler|spd|1
|faint|p2b: No Idea
|move|p1b: Indeedee|Expanding Force|p2a: Jbungo
|-activate|p2a: Jbungo|move: Protect
|
|-weather|Sandstorm|[upkeep]
|-damage|p2a: Jbungo|6/100|[from] Sandstorm
|-damage|p1a: Sneasler|89/100|[from] Sandstorm
|-damage|p1b: Indeedee|89/100|[from] Sandstorm
|upkeep
|
|t:|1755967000
|switch|p2b: The Incident|Incineroar, L50, M, shiny|100/100
|-ability|p2b: The Incident|Intimidate|boost
|-unboost|p1a: Sneasler|atk|1
|-unboost|p1b: Indeedee|atk|1
|turn|5
|
|t:|1755967019
|move|p1a: Sneasler|Protect|p1a: Sneasler
|-singleturn|p1a: Sneasler|Protect
|move|p2a: Jbungo|Scale Shot|p1a: Sneasler
|-activate|p1a: Sneasler|move: Protect
|move|p1b: Indeedee|Expanding Force|p2a: Jbungo|[spread] p2a
|-immune|p2b: The Incident
|-damage|p2a: Jbungo|0 fnt
|faint|p2a: Jbungo
|move|p2b: The Incident|Knock Off|p1b: Indeedee
|-supereffective|p1b: Indeedee
|-damage|p1b: Indeedee|0 fnt
|-enditem|p1b: Indeedee|Choice Scarf|[from] move: Knock Off|[of] p2b: The Incident
|faint|p1b: Indeedee
|
|-weather|none
|upkeep
|
|t:|1755967035
|switch|p1b: Annihilape|Annihilape, L50, M|5/100
|turn|6
|
|t:|1755967050
|-terastallize|p2b: The Incident|Ghost
|move|p1a: Sneasler|Dire Claw|p2b: The Incident
|-resisted|p2b: The Incident
|-damage|p2b: The Incident|86/100
|-status|p2b: The Incident|par
|move|p1b: Annihilape|Rage Fist|p2b: The Incident
|-supereffective|p2b: The Incident
|-damage|p2b: The Incident|0 fnt
|faint|p2b: The Incident
|
|win|namboyVGC
|raw|namboyVGC's rating: 1347 → 1368(+21 for winning)
|raw|Giraffes in Gdansk's rating: 1359 → 1338(-21 for losing)
|l|☆namboyVGC
|player|p1|
