|j|☆Krohnos
|j|☆25th_mang
|html|Krohnos25th_mang    
|uhtml|bestof|Game 2 of a best-of-3
|t:|1757906441
|gametype|doubles
|player|p1|Krohnos|worker|1117
|player|p2|25th_mang|ballguy|1086
|gen|9
|tier|[Gen 9] VGC 2025 Reg H (Bo3)
|rated|
|rule|Species Clause: Limit one of each Pokémon
|rule|Item Clause: Limit 1 of each item
|clearpoke
|poke|p1|Sneasler, L50, F|
|poke|p1|Indeedee, L50, M|
|poke|p1|Volcarona, L50, F|
|poke|p1|Ursaluna-Bloodmoon, L50, M|
|poke|p1|Annihilape, L50, F|
|poke|p1|Tyranitar, L50, M|
|poke|p2|Pelipper, L50, F|
|poke|p2|Archaludon, L50, F|
|poke|p2|Quaquaval, L50, F|
|poke|p2|Kingambit, L50, F|
|poke|p2|Rillaboom, L50, F|
|poke|p2|Dragapult, L50, F|
|teampreview|4
|showteam|p1|Sneasler||PsychicSeed|Unburden|CloseCombat,DireClaw,ThroatChop,Protect|||F|||50|,,,,,Dark]Indeedee||ChoiceScarf|PsychicSurge|ExpandingForce,TeraBlast,Trick,Protect|||M|||50|,,,,,Psychic]Volcarona||SitrusBerry|FlameBody|Overheat,StruggleBug,RagePowder,Tailwind|||F|||50|,,,,,Grass]Ursaluna-Bloodmoon||LifeOrb|MindsEye|BloodMoon,HyperVoice,EarthPower,Protect|||M|||50|,,,,,Normal]Annihilape||SafetyGoggles|Defiant|CloseCombat,RageFist,Taunt,FinalGambit|||F|||50|,,,,,Fairy]Tyranitar||AssaultVest|SandStream|RockSlide,KnockOff,TeraBlast,LowKick|||M|||50|,,,,,Flying
|showteam|p2|Pelipper||ChoiceScarf|Drizzle|Hurricane,WeatherBall,Tailwind,Uturn|||F|||50|,,,,,Ghost]Archaludon||ChoiceSpecs|Sturdy|ElectroShot,FlashCannon,DracoMeteor,DragonPulse|||F|||50|,,,,,Electric]Quaquaval||FocusSash|Moxie|AquaStep,UpperHand,CloseCombat,Protect|||F|||50|,,,,,Water]Kingambit||BlackGlasses|Defiant|KowtowCleave,SuckerPunch,IronHead,Protect|||F|||50|,,,,,Dark]Rillaboom||AssaultVest|GrassySurge|FakeOut,WoodHammer,GrassyGlide,Uturn|||F|||50|,,,,,Fire]Dragapult||ChoiceBand|ClearBody|DragonDarts,Outrage,PhantomForce,Uturn|||F|||50|,,,,,Dragon
|inactive|Battle timer is ON: inactive players will automatically lose when time's up. (requested by 25th_mang)
|inactive|Krohnos has 60 seconds left.
|
|t:|1757906479
|teamsize|p1|4
|teamsize|p2|4
|start
|switch|p1a: Sneasler|Sneasler, L50, F|100/100
|switch|p1b: Indeedee|Indeedee, L50, M|100/100
|switch|p2a: jeongsachaeng|Dragapult, L50, F, shiny|100/100
|switch|p2b: momo|Quaquaval, L50, F, shiny|100/100
|-fieldstart|move: Psychic Terrain|[from] ability: Psychic Surge|[of] p1b: Indeedee
|-enditem|p1a: Sneasler|Psychic Seed
|-boost|p1a: Sneasler|spd|1|[from] item: Psychic Seed
|turn|1
|inactive|25th_mang has 30 seconds left.
|inactive|Krohnos has 30 seconds left.
|inactive|25th_mang has 20 seconds left.
|inactive|25th_mang has 15 seconds left.
|
|t:|1757906528
|-terastallize|p2a: jeongsachaeng|Dragon
|move|p2b: momo|Protect|p2b: momo
|-singleturn|p2b: momo|Protect
|move|p1a: Sneasler|Dire Claw|p2a: jeongsachaeng
|-damage|p2a: jeongsachaeng|40/100
|move|p1b: Indeedee|Expanding Force|p2a: jeongsachaeng|[spread] p2a
|-activate|p2b: momo|move: Protect
|-damage|p2a: jeongsachaeng|0 fnt
|faint|p2a: jeongsachaeng
|
|upkeep
|
|t:|1757906539
|switch|p2a: jihyo|Rillaboom, L50, F, shiny|100/100
|-fieldstart|move: Grassy Terrain|[from] ability: Grassy Surge|[of] p2a: jihyo
|turn|2
|
|t:|1757906549
|switch|p1b: Volcarona|Volcarona, L50, F|100/100
|move|p2a: jihyo|Fake Out|p1b: Volcarona
|-damage|p1b: Volcarona|83/100
|-status|p2a: jihyo|brn|[from] ability: Flame Body|[of] p1b: Volcarona
|move|p1a: Sneasler|Dire Claw|p2a: jihyo
|-supereffective|p2a: jihyo
|-damage|p2a: jihyo|13/100 brn
|move|p2b: momo|Aqua Step|p1b: Volcarona
|-supereffective|p1b: Volcarona
|-damage|p1b: Volcarona|0 fnt
|-boost|p2b: momo|spe|1
|faint|p1b: Volcarona
|-ability|p2b: momo|Moxie|boost
|-boost|p2b: momo|atk|1
|
|-heal|p2a: jihyo|18/100 brn|[from] Grassy Terrain
|-damage|p2a: jihyo|13/100 brn|[from] brn
|upkeep
|inactive|Krohnos has 30 seconds left.
|
|t:|1757906583
|switch|p1b: Indeedee|Indeedee, L50, M|100/100
|-fieldstart|move: Psychic Terrain|[from] ability: Psychic Surge|[of] p1b: Indeedee
|turn|3
|
|t:|1757906598
|switch|p2a: dahyun|Pelipper, L50, F|100/100
|-weather|RainDance|[from] ability: Drizzle|[of] p2a: dahyun
|move|p2b: momo|Protect|p2b: momo
|-singleturn|p2b: momo|Protect
|move|p1a: Sneasler|Close Combat|p2b: momo
|-activate|p2b: momo|move: Protect
|move|p1b: Indeedee|Expanding Force|p2a: dahyun|[spread] p2a
|-activate|p2b: momo|move: Protect
|-damage|p2a: dahyun|0 fnt
|faint|p2a: dahyun
|
|-weather|RainDance|[upkeep]
|upkeep
|
|t:|1757906610
|switch|p2a: jihyo|Rillaboom, L50, F, shiny|13/100 brn
|-fieldstart|move: Grassy Terrain|[from] ability: Grassy Surge|[of] p2a: jihyo
|turn|4
|
|t:|1757906623
|move|p2a: jihyo|Fake Out|p1a: Sneasler
|-damage|p1a: Sneasler|88/100
|cant|p1a: Sneasler|flinch
|move|p1b: Indeedee|Expanding Force|p2b: momo
|-supereffective|p2b: momo
|-enditem|p2b: momo|Focus Sash
|-damage|p2b: momo|1/100
|move|p2b: momo|Aqua Step|p1b: Indeedee
|-damage|p1b: Indeedee|0 fnt
|-boost|p2b: momo|spe|1
|faint|p1b: Indeedee
|-ability|p2b: momo|Moxie|boost
|-boost|p2b: momo|atk|1
|
|-weather|RainDance|[upkeep]
|-heal|p1a: Sneasler|93/100|[from] Grassy Terrain
|-heal|p2b: momo|7/100|[from] Grassy Terrain
|-heal|p2a: jihyo|18/100 brn|[from] Grassy Terrain
|-damage|p2a: jihyo|13/100 brn|[from] brn
|upkeep
|
|t:|1757906634
|switch|p1b: Tyranitar|Tyranitar, L50, M|100/100
|-weather|Sandstorm|[from] ability: Sand Stream|[of] p1b: Tyranitar
|turn|5
|inactive|25th_mang has 30 seconds left.
|
|t:|1757906660
|move|p1a: Sneasler|Dire Claw|p2b: momo
|-damage|p2b: momo|0 fnt
|faint|p2b: momo
|move|p2a: jihyo|Wood Hammer|p1b: Tyranitar
|-supereffective|p1b: Tyranitar
|-damage|p1b: Tyranitar|29/100
|-damage|p2a: jihyo|0 fnt|[from] Recoil
|faint|p2a: jihyo
|
|win|Krohnos
||Krohnos is ready for game 3.
|inactive|25th_mang has 30 seconds to confirm battle start!
|c|☆25th_mang|Wow its still faster
||25th_mang is ready for game 3.
|uhtml|next|Next: Game 3 of 3
|l|☆25th_mang
|player|p2|
|l|☆Krohnos
|player|p1|
|j|☆25th_mang
|player|p2|25th_mang|ballguy|
