|j|☆mygreat
|j|☆Verycreativname
|html|mygreatVerycreativname    
|uhtml|bestof|Game 2 of a best-of-3
|t:|1783076259
|gametype|doubles
|player|p1|mygreat|veteran|1179
|player|p2|Verycreativname|hilbert-wonderlauncher|1162
|gen|9
|tier|[Gen 9 Champions] VGC 2026 Reg M-B (Bo3)
|rated|
|rule|Species Clause: Limit one of each Pokémon
|rule|Item Clause: Limit 1 of each item
|clearpoke
|poke|p1|Whimsicott, L50, F|
|poke|p1|Charizard, L50, M|
|poke|p1|Garchomp, L50, F|
|poke|p1|Sneasler, L50, M|
|poke|p1|Kingambit, L50, F|
|poke|p1|Basculegion, L50, M|
|poke|p2|Kingambit, L50, M|
|poke|p2|Whimsicott, L50, M|
|poke|p2|Staraptor, L50, M|
|poke|p2|Ceruledge, L50, F|
|poke|p2|Milotic, L50, F|
|poke|p2|Scizor, L50, M|
|teampreview|4
|showteam|p1|Whimsicott||FocusSash|Prankster|Tailwind,Moonblast,Encore,Protect|Timid||F|||50|]Charizard||CharizarditeY|Blaze|SolarBeam,WeatherBall,HeatWave,Protect|Modest||M|||50|]Garchomp||LifeOrb|RoughSkin|DragonClaw,RockSlide,Earthquake,Protect|Jolly||F|||50|]Sneasler||WhiteHerb|Unburden|DireClaw,CloseCombat,FakeOut,Protect|Adamant||M|||50|]Kingambit||BlackGlasses|Defiant|KowtowCleave,SuckerPunch,SwordsDance,Protect|Adamant||F|||50|]Basculegion||ChoiceScarf|Adaptability|WaveCrash,AquaJet,FlipTurn,LastRespects|Jolly||M|||50|
|showteam|p2|Kingambit||BlackGlasses|Defiant|SuckerPunch,KowtowCleave,IronHead,Protect|Adamant||M|||50|]Whimsicott||FocusSash|Prankster|Protect,Charm,Moonblast,Tailwind|Calm||M|||50|]Staraptor||Staraptite|Intimidate|BraveBird,CloseCombat,Roost,Protect|Adamant||M|||50|]Ceruledge||ColburBerry|FlashFire|BitterBlade,Protect,Poltergeist,ShadowSneak|Adamant||F|||50|]Milotic||Leftovers|Competitive|IceBeam,HydroPump,Recover,Protect|Bold||F|||50|]Scizor||Scizorite|Technician|BulletPunch,BugBite,SwordsDance,Protect|Adamant||M|||50|
|
|t:|1783076268
|teamsize|p1|4
|teamsize|p2|4
|start
|switch|p1a: Whimsicott|Whimsicott, L50, F|100/100
|switch|p1b: Basculegion|Basculegion, L50, M|100/100
|switch|p2a: Staraptor|Staraptor, L50, M|100/100
|switch|p2b: Whimsicott|Whimsicott, L50, M|100/100
|-ability|p2a: Staraptor|Intimidate|boost
|-unboost|p1a: Whimsicott|atk|1
|-unboost|p1b: Basculegion|atk|1
|turn|1
|
|t:|1783076287
|switch|p2a: Milotic|Milotic, L50, F|100/100
|move|p2b: Whimsicott|Tailwind|p2b: Whimsicott
|-sidestart|p2: Verycreativname|move: Tailwind
|move|p1b: Basculegion|Wave Crash|p2a: Milotic
|-resisted|p2a: Milotic|1
|-damage|p2a: Milotic|77/100
|-damage|p1b: Basculegion|92/100|[from] Recoil
|move|p1a: Whimsicott|Moonblast|p2a: Milotic
|-damage|p2a: Milotic|55/100
|-unboost|p2a: Milotic|spa|1
|-ability|p2a: Milotic|Competitive|boost
|-boost|p2a: Milotic|spa|2
|
|-heal|p2a: Milotic|61/100|[from] item: Leftovers
|upkeep
|turn|2
|
|t:|1783076309
|move|p2b: Whimsicott|Charm|p1b: Basculegion
|-unboost|p1b: Basculegion|atk|2
|move|p1b: Basculegion|Wave Crash|p2b: Whimsicott
|-resisted|p2b: Whimsicott|1
|-damage|p2b: Whimsicott|82/100
|-damage|p1b: Basculegion|87/100|[from] Recoil
|move|p2a: Milotic|Ice Beam|p1a: Whimsicott
|-supereffective|p1a: Whimsicott|1
|-damage|p1a: Whimsicott|3/100
|move|p1a: Whimsicott|Moonblast|p2b: Whimsicott
|-damage|p2b: Whimsicott|50/100g
|
|-heal|p2a: Milotic|67/100|[from] item: Leftovers
|upkeep
|turn|3
|
|t:|1783076333
|switch|p1b: Charizard|Charizard, L50, M|100/100
|move|p2b: Whimsicott|Protect|p2b: Whimsicott
|-singleturn|p2b: Whimsicott|Protect
|move|p1a: Whimsicott|Tailwind|p1a: Whimsicott
|-sidestart|p1: mygreat|move: Tailwind
|move|p2a: Milotic|Recover|p2a: Milotic
|-heal|p2a: Milotic|100/100
|
|upkeep
|turn|4
|
|t:|1783076352
|detailschange|p1b: Charizard|Charizard-Mega-Y, L50, M
|-mega|p1b: Charizard|Charizard|Charizardite Y
|-weather|SunnyDay|[from] ability: Drought|[of] p1b: Charizard
|move|p2a: Milotic|Protect|p2a: Milotic
|-singleturn|p2a: Milotic|Protect
|move|p1a: Whimsicott|Encore|p2b: Whimsicott
|-start|p2b: Whimsicott|Encore
|move|p2b: Whimsicott|Protect||[still]
|-fail|p2b: Whimsicott
|move|p1b: Charizard|Solar Beam||[still]
|-prepare|p1b: Charizard|Solar Beam
|-anim|p1b: Charizard|Solar Beam|p2a: Milotic
|-activate|p2a: Milotic|move: Protect
|
|-weather|SunnyDay|[upkeep]
|-sideend|p2: Verycreativname|move: Tailwind
|upkeep
|turn|5
|
|t:|1783076369
|switch|p2a: Ceruledge|Ceruledge, L50, F|100/100
|move|p2b: Whimsicott|Protect|p2b: Whimsicott
|-singleturn|p2b: Whimsicott|Protect
|move|p1a: Whimsicott|Encore||[still]
|-fail|p1a: Whimsicott
|move|p1b: Charizard|Heat Wave|p2a: Ceruledge|[spread] 
|-activate|p2b: Whimsicott|move: Protect
|-start|p2a: Ceruledge|ability: Flash Fire
|
|-weather|SunnyDay|[upkeep]
|upkeep
|turn|6
|
|t:|1783076388
|switch|p1a: Garchomp|Garchomp, L50, F|100/100
|move|p2b: Whimsicott|Protect||[still]
|-fail|p2b: Whimsicott
|move|p1b: Charizard|Heat Wave|p2b: Whimsicott|[spread] p2b
|-immune|p2a: Ceruledge|[from] ability: Flash Fire
|-supereffective|p2b: Whimsicott|1
|-damage|p2b: Whimsicott|0 fnt
|faint|p2b: Whimsicott
|move|p2a: Ceruledge|Poltergeist|p1b: Charizard
|-activate|p1b: Charizard|move: Poltergeist|Charizardite Y
|-damage|p1b: Charizard|12/100
|
|-weather|SunnyDay|[upkeep]
|-sideend|p1: mygreat|move: Tailwind
|upkeep
|
|t:|1783076406
|switch|p2b: Milotic|Milotic, L50, F|100/100
|turn|7
|
|t:|1783076419
|move|p1b: Charizard|Protect|p1b: Charizard
|-singleturn|p1b: Charizard|Protect
|move|p2a: Ceruledge|Shadow Sneak|p1b: Charizard
|-activate|p1b: Charizard|move: Protect
|move|p1a: Garchomp|Earthquake|p2a: Ceruledge|[spread] p2a,p2b
|-activate|p1b: Charizard|move: Protect
|-supereffective|p2a: Ceruledge|1
|-damage|p2a: Ceruledge|0 fnt
|-damage|p2b: Milotic|51/100
|faint|p2a: Ceruledge
|-damage|p1a: Garchomp|90/100|[from] item: Life Orb
|move|p2b: Milotic|Ice Beam|p1a: Garchomp
|-supereffective|p1a: Garchomp|2
|-damage|p1a: Garchomp|0 fnt
|faint|p1a: Garchomp
|
|-weather|SunnyDay|[upkeep]
|-heal|p2b: Milotic|57/100|[from] item: Leftovers
|upkeep
|
|t:|1783076434
|switch|p1a: Whimsicott|Whimsicott, L50, F|3/100
|switch|p2a: Staraptor|Staraptor, L50, M|100/100
|-ability|p2a: Staraptor|Intimidate|boost
|-unboost|p1a: Whimsicott|atk|1
|-unboost|p1b: Charizard|atk|1
|turn|8
|
|t:|1783076450
|move|p2a: Staraptor|Protect|p2a: Staraptor
|-singleturn|p2a: Staraptor|Protect
|move|p1a: Whimsicott|Tailwind|p1a: Whimsicott
|-sidestart|p1: mygreat|move: Tailwind
|move|p1b: Charizard|Solar Beam||[still]
|-prepare|p1b: Charizard|Solar Beam
|-anim|p1b: Charizard|Solar Beam|p2b: Milotic
|-supereffective|p2b: Milotic|1
|-damage|p2b: Milotic|0 fnt
|faint|p2b: Milotic
|
|-weather|none
|upkeep
|turn|9
|
|t:|1783076467
|switch|p1b: Basculegion|Basculegion, L50, M|87/100
|detailschange|p2a: Staraptor|Staraptor-Mega, L50, M
|-mega|p2a: Staraptor|Staraptor|Staraptite
|move|p1a: Whimsicott|Encore|p2a: Staraptor
|-start|p2a: Staraptor|Encore
|move|p2a: Staraptor|Protect||[still]
|-fail|p2a: Staraptor
|
|upkeep
|turn|10
|-message|Verycreativname forfeited.
|
|win|mygreat
