|j|☆davidxrt
|j|☆ground tera
|html|davidxrtground tera    
|uhtml|bestof|Game 2 of a best-of-3
|t:|1784392112
|gametype|doubles
|player|p1|davidxrt|hilbert-wonderlauncher|1274
|player|p2|ground tera|102|1339
|gen|9
|tier|[Gen 9 Champions] VGC 2026 Reg M-B (Bo3)
|rated|
|rule|Species Clause: Limit one of each Pokémon
|rule|Item Clause: Limit 1 of each item
|clearpoke
|poke|p1|Klefki, L50, M|
|poke|p1|Lycanroc-Dusk, L50, M|
|poke|p1|Pelipper, L50, F|
|poke|p1|Archaludon, L50, F|
|poke|p1|Basculegion, L50, M|
|poke|p1|Floette-Eternal, L50, F|
|poke|p2|Whimsicott, L50, F, shiny|
|poke|p2|Garchomp, L50, M|
|poke|p2|Basculegion, L50, M|
|poke|p2|Charizard, L50, F|
|poke|p2|Floette-Eternal, L50, F|
|poke|p2|Kingambit, L50, M|
|teampreview|4
|showteam|p1|Klefki||LightClay|Prankster|Reflect,LightScreen,RainDance,TrickRoom|Bold||M|||50|]Lycanroc-Dusk||FocusSash|ToughClaws|Accelerock,PsychicFangs,CloseCombat,RockSlide|Adamant||M|||50|]Pelipper||SitrusBerry|Drizzle|Protect,Tailwind,WeatherBall,Hurricane|Modest||F|||50|]Archaludon||QuickClaw|Stamina|Protect,ElectroShot,DracoMeteor,FlashCannon|Modest||F|||50|]Basculegion||LifeOrb|SwiftSwim|Protect,AquaJet,WaveCrash,LastRespects|Adamant||M|||50|]Floette-Eternal||Floettite|FlowerVeil|Protect,DazzlingGleam,Moonblast,LightofRuin|Modest||F|||50|
|showteam|p2|Whimsicott||FocusSash|Prankster|Protect,Tailwind,SunnyDay,Moonblast|Timid||F|||50|]Garchomp||LifeOrb|RoughSkin|Protect,RockSlide,Earthquake,DragonClaw|Jolly||M|||50|]Basculegion||MysticWater|Adaptability|Protect,WaveCrash,LastRespects,AquaJet|Adamant||M|||50|]Charizard||CharizarditeY|Blaze|Protect,HeatWave,WeatherBall,SolarBeam|Modest||F|||50|]Floette-Eternal||Floettite|FlowerVeil|Protect,LightofRuin,DazzlingGleam,Moonblast|Timid||F|||50|]Kingambit||ChopleBerry|Defiant|LowKick,SuckerPunch,KowtowCleave,IronHead|Adamant||M|||50|
|inactive|Battle timer is ON: inactive players will automatically lose when time's up. (requested by ground tera)
|
|t:|1784392129
|teamsize|p1|4
|teamsize|p2|4
|start
|switch|p1a: Klefki|Klefki, L50, M|100/100
|switch|p1b: Pelipper|Pelipper, L50, F|100/100
|switch|p2a: Whimsicott|Whimsicott, L50, F, shiny|100/100
|switch|p2b: Floette|Floette-Eternal, L50, F|100/100
|-weather|RainDance|[from] ability: Drizzle|[of] p1b: Pelipper
|turn|1
|
|t:|1784392145
|detailschange|p2b: Floette|Floette-Mega, L50, F
|-mega|p2b: Floette|Floette|Floettite
|-ability|p2b: Floette|Fairy Aura
|move|p1a: Klefki|Light Screen|p1a: Klefki
|-sidestart|p1: davidxrt|move: Light Screen
|move|p2a: Whimsicott|Moonblast|p1b: Pelipper
|-damage|p1b: Pelipper|49/100
|-enditem|p1b: Pelipper|Sitrus Berry|[eat]
|-heal|p1b: Pelipper|74/100|[from] item: Sitrus Berry
|move|p2b: Floette|Moonblast|p1b: Pelipper
|-damage|p1b: Pelipper|0 fnt
|faint|p1b: Pelipper
|
|-weather|RainDance|[upkeep]
|upkeep
|
|t:|1784392157
|switch|p1b: Floette|Floette-Eternal, L50, F|100/100
|turn|2
|
|t:|1784392170
|switch|p1a: Archaludon|Archaludon, L50, F|100/100
|detailschange|p1b: Floette|Floette-Mega, L50, F
|-mega|p1b: Floette|Floette|Floettite
|-ability|p1b: Floette|Fairy Aura
|move|p2a: Whimsicott|Moonblast|p1b: Floette
|-damage|p1b: Floette|75/100
|move|p2b: Floette|Moonblast|p1b: Floette
|-damage|p1b: Floette|43/100
|-unboost|p1b: Floette|spa|1
|move|p1b: Floette|Light of Ruin|p2b: Floette
|-damage|p2b: Floette|32/100
|-damage|p1b: Floette|14/100|[from] Recoil
|
|-weather|RainDance|[upkeep]
|upkeep
|turn|3
|
|t:|1784392187
|move|p2a: Whimsicott|Moonblast|p1b: Floette
|-damage|p1b: Floette|0 fnt
|faint|p1b: Floette
|move|p2b: Floette|Light of Ruin|p1a: Archaludon
|-damage|p1a: Archaludon|34/100
|-ability|p1a: Archaludon|Stamina|boost
|-boost|p1a: Archaludon|def|1
|-damage|p2b: Floette|0 fnt|[from] Recoil
|faint|p2b: Floette
|move|p1a: Archaludon|Flash Cannon|p2a: Whimsicott
|-supereffective|p2a: Whimsicott|1
|-enditem|p2a: Whimsicott|Focus Sash
|-damage|p2a: Whimsicott|1/100
|
|-weather|RainDance|[upkeep]
|upkeep
|
|t:|1784392200
|switch|p2b: Basculegion|Basculegion, L50, M|100/100
|switch|p1b: Klefki|Klefki, L50, M|100/100
|turn|4
|
|t:|1784392218
|move|p2a: Whimsicott|Moonblast|p1a: Archaludon
|-damage|p1a: Archaludon|9/100
|-ability|p1a: Archaludon|Stamina|boost
|-boost|p1a: Archaludon|def|1
|move|p2b: Basculegion|Wave Crash|p1a: Archaludon
|-resisted|p1a: Archaludon|1
|-damage|p1a: Archaludon|0 fnt
|faint|p1a: Archaludon
|-damage|p2b: Basculegion|96/100|[from] Recoil
|move|p1b: Klefki|Trick Room|p1b: Klefki
|-fieldstart|move: Trick Room|[of] p1b: Klefki
|
|-weather|RainDance|[upkeep]
|upkeep
|turn|5
|-message|davidxrt forfeited.
|
|win|ground tera
|raw|davidxrt's rating: 1274 → 1254(-20 for losing)
|raw|ground tera's rating: 1339 → 1355(+16 for winning)
|l|☆davidxrt
|player|p1|
