|j|☆IscoDIMES
|j|☆katatatat_
|html|IscoDIMESkatatatat_    
|uhtml|bestof|Game 2 of a best-of-3
|t:|1785187173
|gametype|doubles
|player|p1|IscoDIMES|striker|1017
|player|p2|katatatat_|cowgirl|1000
|gen|9
|tier|[Gen 9 Champions] VGC 2026 Reg M-B (Bo3)
|rated|
|rule|Species Clause: Limit one of each Pokémon
|rule|Item Clause: Limit 1 of each item
|clearpoke
|poke|p1|Lucario, L50, F|
|poke|p1|Hydrapple, L50, M|
|poke|p1|Dragapult, L50, F|
|poke|p1|Incineroar, L50, M|
|poke|p1|Primarina, L50, M|
|poke|p1|Scolipede, L50, F|
|poke|p2|Vanilluxe, L50, M|
|poke|p2|Blaziken, L50, F|
|poke|p2|Whimsicott, L50, F|
|poke|p2|Farigiraf, L50, M|
|poke|p2|Basculegion, L50, M|
|poke|p2|Kingambit, L50, F|
|teampreview|4
|showteam|p1|Lucario||Lucarionite|InnerFocus|ExtremeSpeed,HighJumpKick,MeteorMash,Protect|Adamant||F|||50|]Hydrapple||SitrusBerry|SupersweetSyrup|Protect,SweetScent,SyrupBomb,DracoMeteor|Bold||M|||50|]Dragapult||ChoiceScarf|ClearBody|DragonDarts,Uturn,WillOWisp,PhantomForce|Jolly||F|||50|]Incineroar||ShellBell|Intimidate|FakeOut,FlareBlitz,PartingShot,DarkestLariat|Adamant||M|||50|]Primarina||Leftovers|LiquidVoice|Moonblast,DazzlingGleam,HyperVoice,Protect|Modest||M|||50|]Scolipede||Scolipite|SpeedBoost|BatonPass,SwordsDance,RockSlide,Protect|Serious||F|||50|
|showteam|p2|Vanilluxe||ChoiceScarf|SnowWarning|FreezeDry,Blizzard,IcyWind,SheerCold|Timid||M|||50|]Blaziken||Blazikenite|SpeedBoost|CloseCombat,FlareBlitz,Protect,RockSlide|Adamant||F|||50|]Whimsicott||FocusSash|Prankster|Moonblast,Tailwind,Protect,Encore|Timid||F|||50|]Farigiraf||SitrusBerry|ArmorTail|Psychic,Thunderbolt,TrickRoom,Protect|Modest||M|||50|]Basculegion||LifeOrb|Adaptability|WaveCrash,AquaJet,LastRespects,Protect|Adamant||M|||50|]Kingambit||BlackGlasses|Defiant|KowtowCleave,SuckerPunch,IronHead,Protect|Adamant||F|||50|
|inactive|Battle timer is ON: inactive players will automatically lose when time's up. (requested by katatatat_)
|
|t:|1785187198
|teamsize|p1|4
|teamsize|p2|4
|start
|switch|p1a: Incineroar|Incineroar, L50, M|100/100
|switch|p1b: Scolipede|Scolipede, L50, F|100/100
|switch|p2a: Blaziken|Blaziken, L50, F|100/100
|switch|p2b: Kingambit|Kingambit, L50, F|100/100
|-ability|p1a: Incineroar|Intimidate|boost
|-unboost|p2a: Blaziken|atk|1
|-unboost|p2b: Kingambit|atk|1
|-ability|p2b: Kingambit|Defiant|boost
|-boost|p2b: Kingambit|atk|2
|turn|1
|
|t:|1785187220
|switch|p1b: Dragapult|Dragapult, L50, F|100/100
|switch|p2a: Basculegion|Basculegion, L50, M|100/100
|move|p1a: Incineroar|Fake Out|p2b: Kingambit
|-resisted|p2b: Kingambit|1
|-damage|p2b: Kingambit|95/100
|cant|p2b: Kingambit|flinch
|
|upkeep
|turn|2
|
|t:|1785187242
|switch|p1a: Scolipede|Scolipede, L50, F|100/100
|move|p2a: Basculegion|Protect|p2a: Basculegion
|-singleturn|p2a: Basculegion|Protect
|move|p1b: Dragapult|Will-O-Wisp|p2a: Basculegion
|-activate|p2a: Basculegion|move: Protect
|move|p2b: Kingambit|Kowtow Cleave|p1b: Dragapult
|-supereffective|p1b: Dragapult|1
|-damage|p1b: Dragapult|0 fnt
|faint|p1b: Dragapult
|
|upkeep
|
|t:|1785187253
|switch|p1b: Lucario|Lucario, L50, F|100/100
|turn|3
|
|t:|1785187261
|detailschange|p1b: Lucario|Lucario-Mega, L50, F
|-mega|p1b: Lucario|Lucario|Lucarionite
|move|p2b: Kingambit|Protect|p2b: Kingambit
|-singleturn|p2b: Kingambit|Protect
|move|p1a: Scolipede|Swords Dance|p1a: Scolipede
|-boost|p1a: Scolipede|atk|2
|move|p1b: Lucario|High Jump Kick|p2b: Kingambit
|-activate|p2b: Kingambit|move: Protect
|-damage|p1b: Lucario|50/100g|[from] highjumpkick
|move|p2a: Basculegion|Wave Crash|p1b: Lucario
|-damage|p1b: Lucario|0 fnt
|faint|p1b: Lucario
|-damage|p2a: Basculegion|85/100|[from] Recoil
|-damage|p2a: Basculegion|75/100|[from] item: Life Orb
|
|-ability|p1a: Scolipede|Speed Boost|boost
|-boost|p1a: Scolipede|spe|1
|upkeep
|
|t:|1785187277
|switch|p1b: Incineroar|Incineroar, L50, M|100/100
|-ability|p1b: Incineroar|Intimidate|boost
|-unboost|p2a: Basculegion|atk|1
|-unboost|p2b: Kingambit|atk|1
|-ability|p2b: Kingambit|Defiant|boost
|-boost|p2b: Kingambit|atk|2
|turn|4
|
|t:|1785187289
|move|p1b: Incineroar|Fake Out|p2b: Kingambit
|-resisted|p2b: Kingambit|1
|-damage|p2b: Kingambit|90/100
|cant|p2b: Kingambit|flinch
|move|p1a: Scolipede|Rock Slide|p2b: Kingambit|[spread] p2a,p2b
|-resisted|p2b: Kingambit|1
|-damage|p2a: Basculegion|46/100
|-damage|p2b: Kingambit|81/100
|move|p2a: Basculegion|Wave Crash|p1b: Incineroar
|-supereffective|p1b: Incineroar|1
|-damage|p1b: Incineroar|0 fnt
|faint|p1b: Incineroar
|-damage|p2a: Basculegion|11/100|[from] Recoil
|-damage|p2a: Basculegion|2/100|[from] item: Life Orb
|
|-ability|p1a: Scolipede|Speed Boost|boost
|-boost|p1a: Scolipede|spe|1
|upkeep
|turn|5
|-message|IscoDIMES forfeited.
|
|win|katatatat_
|raw|IscoDIMES's rating: 1017 → 1004(-13 for losing)
|raw|katatatat_'s rating: 1000 → 1042(+42 for winning)
|l|☆IscoDIMES
|player|p1|
