|j|☆bachira.lock
|j|☆johnilbello
|html|bachira.lockjohnilbello    
|uhtml|bestof|Game 3 of a best-of-3
|t:|1757930925
|gametype|doubles
|player|p1|bachira.lock|alec-anime|1000
|player|p2|johnilbello|alder|1065
|gen|9
|tier|[Gen 9] VGC 2025 Reg H (Bo3)
|rated|
|rule|Species Clause: Limit one of each Pokémon
|rule|Item Clause: Limit 1 of each item
|clearpoke
|poke|p1|Dragonite, L50, F|
|poke|p1|Ursaluna-Bloodmoon, L50, M|
|poke|p1|Gholdengo, L50|
|poke|p1|Maushold-Four, L50|
|poke|p1|Annihilape, L50, F|
|poke|p1|Rillaboom, L50, F|
|poke|p2|Ursaluna-Bloodmoon, L50, M|
|poke|p2|Electabuzz, L50, F|
|poke|p2|Sneasler, L50, F|
|poke|p2|Rillaboom, L50, F|
|poke|p2|Annihilape, L50, M|
|poke|p2|Dragonite, L50, M|
|teampreview|4
|showteam|p1|Dragonite||LoadedDice|Multiscale|ScaleShot,Tailwind,Haze,Protect|||F|||50|,,,,,Fairy]Ursaluna-Bloodmoon||AssaultVest|MindsEye|BloodMoon,EarthPower,HyperVoice,VacuumWave|||M|||50|,,,,,Water]Gholdengo||LifeOrb|GoodasGold|MakeItRain,ShadowBall,NastyPlot,Protect||||||50|,,,,,Water]Maushold-Four||FocusSash|FriendGuard|SuperFang,FollowMe,BeatUp,Protect||||||50|,,,,,Ghost]Annihilape||SitrusBerry|Defiant|RageFist,DrainPunch,BulkUp,Protect|||F|||50|,,,,,Fire]Rillaboom||MiracleSeed|GrassySurge|WoodHammer,GrassyGlide,HighHorsepower,FakeOut|||F|||50|,,,,,Fire
|showteam|p2|Ursaluna-Bloodmoon||LifeOrb|MindsEye|Protect,BloodMoon,Yawn,EarthPower|||M|||50|,,,,,Electric]Electabuzz||Eviolite|VitalSpirit|Protect,Electroweb,Taunt,FollowMe|||F|||50|,,,,,Dragon]Sneasler||GrassySeed|Unburden|Protect,DireClaw,Acrobatics,CloseCombat|||F|||50|,,,,,Stellar]Rillaboom||AssaultVest|GrassySurge|FakeOut,WoodHammer,GrassyGlide,HighHorsepower|||F|||50|,,,,,Fire]Annihilape||SafetyGoggles|Defiant|Protect,RageFist,DrainPunch,BulkUp|||M|||50|,,,,,Water]Dragonite||LoadedDice|Multiscale|ScaleShot,Tailwind,Haze,Protect|||M|||50|,,,,,Fairy
|inactive|Battle timer is ON: inactive players will automatically lose when time's up. (requested by johnilbello)
|
|t:|1757930941
|teamsize|p1|4
|teamsize|p2|4
|start
|switch|p1a: Maushold|Maushold-Four, L50|100/100
|switch|p1b: Gholdengo|Gholdengo, L50|100/100
|switch|p2a: Ursaluna|Ursaluna-Bloodmoon, L50, M|100/100
|switch|p2b: Electabuzz|Electabuzz, L50, F|100/100
|turn|1
|inactive|bachira.lock has 30 seconds left.
|inactive|johnilbello has 30 seconds left.
|
|t:|1757930980
|move|p1a: Maushold|Follow Me|p1a: Maushold
|-singleturn|p1a: Maushold|move: Follow Me
|move|p1b: Gholdengo|Nasty Plot|p1b: Gholdengo
|-boost|p1b: Gholdengo|spa|2
|move|p2b: Electabuzz|Taunt|p1a: Maushold
|-start|p1a: Maushold|move: Taunt
|move|p2a: Ursaluna|Earth Power|p1a: Maushold
|-damage|p1a: Maushold|16/100
|-damage|p2a: Ursaluna|91/100|[from] item: Life Orb
|
|upkeep
|turn|2
|
|t:|1757931005
|-terastallize|p2a: Ursaluna|Electric
|move|p1a: Maushold|Super Fang|p2a: Ursaluna
|-damage|p2a: Ursaluna|46/100
|move|p1b: Gholdengo|Make It Rain|p2b: Electabuzz|[spread] p2a,p2b
|-resisted|p2a: Ursaluna
|-resisted|p2b: Electabuzz
|-damage|p2a: Ursaluna|0 fnt
|-damage|p2b: Electabuzz|56/100
|-unboost|p1b: Gholdengo|spa|1
|faint|p2a: Ursaluna
|-damage|p1b: Gholdengo|91/100|[from] item: Life Orb
|move|p2b: Electabuzz|Electroweb|p1a: Maushold|[spread] p1a,p1b
|-damage|p1a: Maushold|0 fnt
|-damage|p1b: Gholdengo|79/100
|-unboost|p1b: Gholdengo|spe|1
|faint|p1a: Maushold
|
|upkeep
|l|☆johnilbello
|inactive|johnilbello disconnected and has a minute to reconnect!
|player|p2|
|j|☆johnilbello
|inactive|johnilbello reconnected and has 35 seconds left.
|player|p2|johnilbello|alder|
|inactive|johnilbello has 30 seconds left.
|
|t:|1757931034
|switch|p1a: Annihilape|Annihilape, L50, F|100/100
|switch|p2a: Sneasler|Sneasler, L50, F|100/100
|turn|3
|inactive|johnilbello has 30 seconds left.
|
|t:|1757931062
|-terastallize|p1a: Annihilape|Fire
|move|p1a: Annihilape|Rage Fist|p2a: Sneasler
|-crit|p2a: Sneasler
|-damage|p2a: Sneasler|50/100
|move|p2a: Sneasler|Close Combat|p1a: Annihilape
|-damage|p1a: Annihilape|28/100
|-unboost|p2a: Sneasler|def|1
|-unboost|p2a: Sneasler|spd|1
|-enditem|p1a: Annihilape|Sitrus Berry|[eat]
|-heal|p1a: Annihilape|53/100|[from] item: Sitrus Berry
|move|p2b: Electabuzz|Taunt|p1a: Annihilape
|-start|p1a: Annihilape|move: Taunt
|move|p1b: Gholdengo|Make It Rain|p2a: Sneasler|[spread] p2a,p2b
|-resisted|p2b: Electabuzz
|-damage|p2a: Sneasler|0 fnt
|-damage|p2b: Electabuzz|22/100
|-unboost|p1b: Gholdengo|spa|1
|faint|p2a: Sneasler
|-damage|p1b: Gholdengo|69/100|[from] item: Life Orb
|
|upkeep
|
|t:|1757931082
|switch|p2a: Rillaboom|Rillaboom, L50, F|100/100
|-fieldstart|move: Grassy Terrain|[from] ability: Grassy Surge|[of] p2a: Rillaboom
|turn|4
|l|☆johnilbello
|inactive|johnilbello disconnected and has a minute to reconnect!
|player|p2|
|j|☆johnilbello
|inactive|johnilbello reconnected and has 35 seconds left.
|player|p2|johnilbello|alder|
|inactive|johnilbello has 30 seconds left.
|inactive|johnilbello has 20 seconds left.
|
|t:|1757931118
|switch|p1a: Rillaboom|Rillaboom, L50, F|100/100
|move|p2b: Electabuzz|Follow Me|p2b: Electabuzz
|-singleturn|p2b: Electabuzz|move: Follow Me
|move|p2a: Rillaboom|High Horsepower|p1b: Gholdengo
|-supereffective|p1b: Gholdengo
|-damage|p1b: Gholdengo|0 fnt
|faint|p1b: Gholdengo
|
|-heal|p2b: Electabuzz|28/100|[from] Grassy Terrain
|upkeep
|
|t:|1757931129
|switch|p1b: Annihilape|Annihilape, L50, F, tera:Fire|53/100
|turn|5
|
|t:|1757931145
|move|p1b: Annihilape|Bulk Up|p1b: Annihilape
|-boost|p1b: Annihilape|atk|1
|-boost|p1b: Annihilape|def|1
|move|p2b: Electabuzz|Taunt|p1b: Annihilape
|-start|p1b: Annihilape|move: Taunt
|move|p2a: Rillaboom|High Horsepower|p1b: Annihilape
|-supereffective|p1b: Annihilape
|-damage|p1b: Annihilape|9/100
|move|p1a: Rillaboom|High Horsepower|p2b: Electabuzz
|-supereffective|p2b: Electabuzz
|-damage|p2b: Electabuzz|0 fnt
|faint|p2b: Electabuzz
|
|-heal|p1b: Annihilape|15/100|[from] Grassy Terrain
|upkeep
|turn|6
|
|t:|1757931169
|move|p2a: Rillaboom|Grassy Glide|p1b: Annihilape
|-resisted|p1b: Annihilape
|-damage|p1b: Annihilape|2/100
|move|p1b: Annihilape|Rage Fist|p2a: Rillaboom
|-damage|p2a: Rillaboom|0 fnt
|faint|p2a: Rillaboom
|
|win|bachira.lock
|raw|bachira.lock's rating: 1000 → 1047(+47 for winning)
|raw|johnilbello's rating: 1065 → 1042(-23 for losing)
|c|☆johnilbello|gg
|c|☆bachira.lock|Gg
|l|☆johnilbello
|player|p2|
