|j|☆Reubz123
|j|‽pentagonfoot
|html|Reubz123pentagonfoot    
|uhtml|bestof|Game 1 of a best-of-3
|t:|1757697484
|gametype|doubles
|player|p1|Reubz123|265|1189
|player|p2|pentagonfoot|caitlin|1136
|gen|9
|tier|[Gen 9] VGC 2025 Reg H (Bo3)
|rated|
|rule|Species Clause: Limit one of each Pokémon
|rule|Item Clause: Limit 1 of each item
|clearpoke
|poke|p1|Archaludon, L50, F|
|poke|p1|Weavile, L50, F|
|poke|p1|Pelipper, L50, F|
|poke|p1|Basculegion, L50, M|
|poke|p1|Farigiraf, L50, F|
|poke|p1|Amoonguss, L50, F|
|poke|p2|Indeedee-F, L50, F|
|poke|p2|Hatterene, L50, F|
|poke|p2|Gallade, L50, M|
|poke|p2|Ursaluna, L50, M|
|poke|p2|Lilligant-Hisui, L50, F|
|poke|p2|Torkoal, L50, M|
|teampreview|4
|showteam|p1|Archaludon||AssaultVest|Stamina|ElectroShot,BodyPress,DracoMeteor,FlashCannon|||F|||50|,,,,,Bug]Weavile||FocusSash|Pickpocket|FakeOut,Snarl,IceSpinner,BeatUp|||F|||50|,,,,,Ghost]Pelipper||CovertCloak|Drizzle|Hurricane,WeatherBall,WideGuard,Tailwind|||F|||50|,,,,,Grass]Basculegion||ChoiceBand|SwiftSwim|WaveCrash,FlipTurn,AquaJet,LastRespects|||M|||50|,,,,,Water]Farigiraf||SafetyGoggles|ArmorTail|TwinBeam,HelpingHand,TrickRoom,Imprison|||F|||50|,,,,,Fairy]Amoonguss||SitrusBerry|Regenerator|Spore,RagePowder,PollenPuff,Protect|||F|||50|,,,,,Water
|showteam|p2|Indeedee-F||PsychicSeed|PsychicSurge|TrickRoom,FollowMe,HelpingHand,DazzlingGleam|||F|||50|,,,,,Fire]Hatterene||LifeOrb|MagicBounce|ExpandingForce,TrickRoom,DazzlingGleam,Protect|||F|||50|,,,,,Psychic]Gallade||ClearAmulet|Sharpness|PsychoCut,TrickRoom,SacredSword,WideGuard|||M|||50|,,,,,Grass]Ursaluna||FlameOrb|Guts|HeadlongRush,Facade,SwordsDance,Protect|||M|||50|,,,,,Ghost]Lilligant-Hisui||FocusSash|Chlorophyll|SolarBlade,SleepPowder,CloseCombat,AfterYou|||F|||50|,,,,,Ghost]Torkoal||ChoiceSpecs|Drought|Eruption,HeatWave,WeatherBall,EarthPower|||M|||50|,,,,,Fire
|inactive|Battle timer is ON: inactive players will automatically lose when time's up. (requested by pentagonfoot)
|inactive|Reubz123 has 60 seconds left.
|
|t:|1757697543
|teamsize|p1|4
|teamsize|p2|4
|start
|switch|p1a: Farigiraf|Farigiraf, L50, F|100/100
|switch|p1b: Basculegion|Basculegion, L50, M|100/100
|switch|p2a: Indeedee|Indeedee-F, L50, F|100/100
|switch|p2b: Hatterene|Hatterene, L50, F|100/100
|-fieldstart|move: Psychic Terrain|[from] ability: Psychic Surge|[of] p2a: Indeedee
|-enditem|p2a: Indeedee|Psychic Seed
|-boost|p2a: Indeedee|spd|1|[from] item: Psychic Seed
|turn|1
|inactive|pentagonfoot has 30 seconds left.
|
|t:|1757697570
|-terastallize|p1b: Basculegion|Water
|-terastallize|p2b: Hatterene|Psychic
|move|p2a: Indeedee|Follow Me|p2a: Indeedee
|-singleturn|p2a: Indeedee|move: Follow Me
|move|p1b: Basculegion|Flip Turn|p2a: Indeedee
|-damage|p2a: Indeedee|41/100
|
|t:|1757697582
|switch|p1b: Weavile|Weavile, L50, F|100/100|[from] Flip Turn
|move|p1a: Farigiraf|Imprison|p1a: Farigiraf
|-start|p1a: Farigiraf|move: Imprison
|move|p2b: Hatterene|Expanding Force|p1b: Weavile|[spread] p1a
|-immune|p1b: Weavile
|-resisted|p1a: Farigiraf
|-damage|p1a: Farigiraf|39/100
|-damage|p2b: Hatterene|91/100|[from] item: Life Orb
|
|upkeep
|turn|2
|
|t:|1757697600
|switch|p1a: Pelipper|Pelipper, L50, F|100/100
|-weather|RainDance|[from] ability: Drizzle|[of] p1a: Pelipper
|move|p2a: Indeedee|Follow Me|p2a: Indeedee
|-singleturn|p2a: Indeedee|move: Follow Me
|move|p1b: Weavile|Beat Up|p2a: Indeedee
|-supereffective|p2a: Indeedee
|-damage|p2a: Indeedee|30/100
|-supereffective|p2a: Indeedee
|-damage|p2a: Indeedee|13/100
|-supereffective|p2a: Indeedee
|-damage|p2a: Indeedee|0 fnt
|faint|p2a: Indeedee
|-hitcount|p2: Indeedee|3
|move|p2b: Hatterene|Dazzling Gleam|p1b: Weavile|[spread] p1a,p1b
|-supereffective|p1b: Weavile
|-damage|p1a: Pelipper|38/100
|-enditem|p1b: Weavile|Focus Sash
|-damage|p1b: Weavile|1/100
|-damage|p2b: Hatterene|82/100|[from] item: Life Orb
|
|-weather|RainDance|[upkeep]
|upkeep
|
|t:|1757697610
|switch|p2a: Torkoal|Torkoal, L50, M|100/100
|-weather|SunnyDay|[from] ability: Drought|[of] p2a: Torkoal
|turn|3
|
|t:|1757697627
|switch|p1a: Farigiraf|Farigiraf, L50, F|39/100
|move|p2b: Hatterene|Protect|p2b: Hatterene
|-singleturn|p2b: Hatterene|Protect
|move|p1b: Weavile|Ice Spinner|p2b: Hatterene
|-activate|p2b: Hatterene|move: Protect
|move|p2a: Torkoal|Heat Wave|p1a: Farigiraf|[spread] p1a,p1b
|-supereffective|p1b: Weavile
|-damage|p1a: Farigiraf|0 fnt
|-damage|p1b: Weavile|0 fnt
|faint|p1a: Farigiraf
|faint|p1b: Weavile
|
|-weather|SunnyDay|[upkeep]
|upkeep
|
|t:|1757697632
|switch|p1b: Basculegion|Basculegion, L50, M, tera:Water|100/100
|switch|p1a: Pelipper|Pelipper, L50, F|38/100
|-weather|RainDance|[from] ability: Drizzle|[of] p1a: Pelipper
|turn|4
|
|t:|1757697656
|switch|p2a: Ursaluna|Ursaluna, L50, M|100/100
|move|p2b: Hatterene|Protect||[still]
|-fail|p2b: Hatterene
|move|p1a: Pelipper|Wide Guard|p1a: Pelipper
|-singleturn|p1a: Pelipper|Wide Guard
|move|p1b: Basculegion|Last Respects|p2b: Hatterene
|-supereffective|p2b: Hatterene
|-damage|p2b: Hatterene|0 fnt
|faint|p2b: Hatterene
|
|-weather|RainDance|[upkeep]
|-status|p2a: Ursaluna|brn|[from] item: Flame Orb
|upkeep
|
|t:|1757697658
|switch|p2b: Torkoal|Torkoal, L50, M|100/100
|-weather|SunnyDay|[from] ability: Drought|[of] p2b: Torkoal
|turn|5
|inactive|Reubz123 has 30 seconds left.
|c|☆Reubz123|wp
|inactive|Reubz123 has 20 seconds left.
|
|t:|1757697694
|move|p1b: Basculegion|Last Respects|p2b: Torkoal
|-damage|p2b: Torkoal|13/100
|move|p1a: Pelipper|Hurricane|p2a: Ursaluna|[miss]
|-miss|p1a: Pelipper|p2a: Ursaluna
|move|p2a: Ursaluna|Facade|p1a: Pelipper
|-damage|p1a: Pelipper|0 fnt
|faint|p1a: Pelipper
|move|p2b: Torkoal|Weather Ball|p1b: Basculegion
|-resisted|p1b: Basculegion
|-damage|p1b: Basculegion|50/100
|
|-weather|SunnyDay|[upkeep]
|-damage|p2a: Ursaluna|95/100 brn|[from] brn
|-fieldend|move: Psychic Terrain
|upkeep
|turn|6
|-message|Reubz123 forfeited.
|
|win|pentagonfoot
||Reubz123 is ready for game 2.
||pentagonfoot is ready for game 2.
|uhtml|next|Next: Game 2 of 3
