|j|☆SeeYouInSf
|j|☆yassineVGC
|html|SeeYouInSfyassineVGC    
|uhtml|bestof|Game 1 of a best-of-3
|t:|1756241223
|gametype|doubles
|player|p1|SeeYouInSf|unknown|1205
|player|p2|yassineVGC|hilbert|1090
|gen|9
|tier|[Gen 9] VGC 2025 Reg H (Bo3)
|rated|
|rule|Species Clause: Limit one of each Pokémon
|rule|Item Clause: Limit 1 of each item
|clearpoke
|poke|p1|Grimmsnarl, L50, M|
|poke|p1|Gholdengo, L50|
|poke|p1|Porygon2, L50|
|poke|p1|Incineroar, L50, F|
|poke|p1|Ursaluna, L50, M|
|poke|p1|Tyranitar, L50, F|
|poke|p2|Yanmega, L50, F|
|poke|p2|Samurott-Hisui, L50, M|
|poke|p2|Garchomp, L50, M|
|poke|p2|Ninetales-Alola, L50, F|
|poke|p2|Sneasler, L50, M|
|poke|p2|Volcarona, L50, F|
|teampreview|4
|showteam|p1|Grimmsnarl||LightClay|Prankster|SpiritBreak,Reflect,LightScreen,Taunt|||M|||50|,,,,,Steel]Gholdengo||LifeOrb|GoodasGold|MakeItRain,ShadowBall,NastyPlot,Protect||||||50|,,,,,Dragon]Porygon2||Eviolite|Download|TeraBlast,TrickRoom,Recover,IceBeam||||||50|,,,,,Fighting]Incineroar||SafetyGoggles|Intimidate|PartingShot,KnockOff,FlareBlitz,FakeOut|||F|||50|,,,,,Ghost]Ursaluna||FlameOrb|Guts|Facade,HeadlongRush,Substitute,Protect|||M|||50|,,,,,Ghost]Tyranitar||AssaultVest|SandStream|LowKick,TeraBlast,RockSlide,KnockOff|||F|||50|,,,,,Fairy
|showteam|p2|Yanmega||FocusSash|SpeedBoost|Detect,Tailwind,AirSlash,BugBuzz|||F|||50|,,,,,Ghost]Samurott-Hisui||AssaultVest|Sharpness|SuckerPunch,AquaCutter,KnockOff,SacredSword|||M|||50|,,,,,Bug]Garchomp||LifeOrb|RoughSkin|Protect,Earthquake,StompingTantrum,DragonClaw|||M|||50|,,,,,Ground]Ninetales-Alola||CovertCloak|SnowWarning|Blizzard,FreezeDry,IcyWind,Encore|||F|||50|,,,,,Fire]Sneasler||WhiteHerb|Unburden|DireClaw,CloseCombat,Protect|||M|||50|,,,,,Stellar]Volcarona||SafetyGoggles|FlameBody|RagePowder,QuiverDance,TeraBlast,HeatWave|||F|||50|,,,,,Fairy
|inactive|Battle timer is ON: inactive players will automatically lose when time's up. (requested by SeeYouInSf)
|inactive|yassineVGC also wants the timer to be on.
|inactive|SeeYouInSf has 60 seconds left.
|inactive|yassineVGC has 60 seconds left.
|
|t:|1756241269
|teamsize|p1|4
|teamsize|p2|4
|start
|switch|p1a: Porygon2|Porygon2, L50|100/100
|switch|p1b: Ursaluna|Ursaluna, L50, M|100/100
|switch|p2a: Yanmega|Yanmega, L50, F|100/100
|switch|p2b: Sneasler|Sneasler, L50, M|100/100
|-ability|p1a: Porygon2|Download|boost
|-boost|p1a: Porygon2|spa|1
|turn|1
|inactive|yassineVGC has 30 seconds left.
|inactive|yassineVGC has 20 seconds left.
|inactive|yassineVGC has 15 seconds left.
|inactive|yassineVGC has 10 seconds left.
|
|t:|1756241319
|move|p1b: Ursaluna|Protect|p1b: Ursaluna
|-singleturn|p1b: Ursaluna|Protect
|move|p2b: Sneasler|Close Combat|p1a: Porygon2
|-supereffective|p1a: Porygon2
|-damage|p1a: Porygon2|31/100
|-unboost|p2b: Sneasler|def|1
|-unboost|p2b: Sneasler|spd|1
|-enditem|p2b: Sneasler|White Herb
|-clearnegativeboost|p2b: Sneasler|[silent]
|move|p2a: Yanmega|Air Slash|p1a: Porygon2
|-damage|p1a: Porygon2|11/100
|move|p1a: Porygon2|Trick Room|p1a: Porygon2
|-fieldstart|move: Trick Room|[of] p1a: Porygon2
|
|-status|p1b: Ursaluna|brn|[from] item: Flame Orb
|-ability|p2a: Yanmega|Speed Boost|boost
|-boost|p2a: Yanmega|spe|1
|upkeep
|turn|2
|inactive|SeeYouInSf has 30 seconds left.
|inactive|yassineVGC has 30 seconds left.
|inactive|yassineVGC has 20 seconds left.
|inactive|yassineVGC has 15 seconds left.
|inactive|yassineVGC has 10 seconds left.
|
|t:|1756241368
|-terastallize|p1b: Ursaluna|Ghost
|move|p1a: Porygon2|Ice Beam|p2a: Yanmega
|-supereffective|p2a: Yanmega
|-enditem|p2a: Yanmega|Focus Sash
|-damage|p2a: Yanmega|1/100
|move|p1b: Ursaluna|Facade|p2b: Sneasler
|-damage|p2b: Sneasler|0 fnt
|faint|p2b: Sneasler
|move|p2a: Yanmega|Bug Buzz|p1b: Ursaluna
|-resisted|p1b: Ursaluna
|-damage|p1b: Ursaluna|83/100 brn
|
|-damage|p1b: Ursaluna|77/100 brn|[from] brn
|-ability|p2a: Yanmega|Speed Boost|boost
|-boost|p2a: Yanmega|spe|1
|upkeep
|
|t:|1756241383
|switch|p2b: Samurott|Samurott-Hisui, L50, M|100/100
|turn|3
|
|t:|1756241399
|switch|p1b: Tyranitar|Tyranitar, L50, F|100/100
|-weather|Sandstorm|[from] ability: Sand Stream|[of] p1b: Tyranitar
|switch|p2a: Ninetales|Ninetales-Alola, L50, F|100/100
|-weather|Snowscape|[from] ability: Snow Warning|[of] p2a: Ninetales
|move|p2b: Samurott|Sucker Punch||[still]
|-fail|p2b: Samurott
|move|p1a: Porygon2|Tera Blast|p2a: Ninetales
|-damage|p2a: Ninetales|49/100
|
|-weather|Snowscape|[upkeep]
|upkeep
|turn|4
|inactive|SeeYouInSf has 30 seconds left.
|inactive|yassineVGC has 30 seconds left.
|inactive|yassineVGC has 20 seconds left.
|inactive|yassineVGC has 15 seconds left.
|inactive|yassineVGC has 10 seconds left.
|inactive|yassineVGC has 5 seconds left.
|
|t:|1756241450
|switch|p1b: Gholdengo|Gholdengo, L50|100/100
|move|p1a: Porygon2|Tera Blast|p2a: Ninetales
|-damage|p2a: Ninetales|1/100
|move|p2b: Samurott|Sacred Sword|p1b: Gholdengo
|-immune|p1b: Gholdengo
|move|p2a: Ninetales|Encore|p1a: Porygon2
|-start|p1a: Porygon2|Encore
|
|-weather|Snowscape|[upkeep]
|upkeep
|turn|5
|inactive|SeeYouInSf has 30 seconds left.
|inactive|yassineVGC has 30 seconds left.
|inactive|SeeYouInSf has 20 seconds left.
|inactive|SeeYouInSf has 15 seconds left.
|inactive|SeeYouInSf has 10 seconds left.
|inactive|SeeYouInSf has 5 seconds left.
|
|t:|1756241502
|move|p2b: Samurott|Sucker Punch|p1a: Porygon2
|-damage|p1a: Porygon2|0 fnt
|faint|p1a: Porygon2
|move|p1b: Gholdengo|Nasty Plot|p1b: Gholdengo
|-boost|p1b: Gholdengo|spa|2
|move|p2a: Ninetales|Icy Wind|p1b: Gholdengo
|-resisted|p1b: Gholdengo
|-damage|p1b: Gholdengo|89/100
|-unboost|p1b: Gholdengo|spe|1
|
|-weather|Snowscape|[upkeep]
|-fieldend|move: Trick Room
|upkeep
|
|t:|1756241513
|switch|p1a: Tyranitar|Tyranitar, L50, F|100/100
|-weather|Sandstorm|[from] ability: Sand Stream|[of] p1a: Tyranitar
|turn|6
|inactive|yassineVGC has 30 seconds left.
|
|t:|1756241546
|-terastallize|p2b: Samurott|Bug
|move|p2a: Ninetales|Freeze-Dry|p1b: Gholdengo
|-resisted|p1b: Gholdengo
|-damage|p1b: Gholdengo|74/100
|-status|p1b: Gholdengo|frz
|move|p2b: Samurott|Knock Off|p1b: Gholdengo
|-supereffective|p1b: Gholdengo
|-damage|p1b: Gholdengo|0 fnt
|-enditem|p1b: Gholdengo|Life Orb|[from] move: Knock Off|[of] p2b: Samurott
|faint|p1b: Gholdengo
|move|p1a: Tyranitar|Low Kick|p2b: Samurott
|-resisted|p2b: Samurott
|-damage|p2b: Samurott|82/100
|
|-weather|Sandstorm|[upkeep]
|-damage|p2a: Ninetales|0 fnt|[from] Sandstorm
|-damage|p2b: Samurott|76/100|[from] Sandstorm
|faint|p2a: Ninetales
|upkeep
|
|t:|1756241563
|switch|p2a: Yanmega|Yanmega, L50, F|1/100
|switch|p1b: Ursaluna|Ursaluna, L50, M, tera:Ghost|77/100 brn
|turn|7
|
|t:|1756241578
|move|p2a: Yanmega|Air Slash|p1b: Ursaluna
|-damage|p1b: Ursaluna|45/100 brn
|move|p2b: Samurott|Sacred Sword|p1a: Tyranitar
|-supereffective|p1a: Tyranitar
|-damage|p1a: Tyranitar|0 fnt
|faint|p1a: Tyranitar
|move|p1b: Ursaluna|Substitute|p1b: Ursaluna
|-start|p1b: Ursaluna|Substitute
|-damage|p1b: Ursaluna|20/100 brn
|
|-weather|Sandstorm|[upkeep]
|-damage|p2a: Yanmega|0 fnt|[from] Sandstorm
|-damage|p2b: Samurott|70/100|[from] Sandstorm
|-damage|p1b: Ursaluna|14/100 brn|[from] Sandstorm
|faint|p2a: Yanmega
|-damage|p1b: Ursaluna|9/100 brn|[from] brn
|upkeep
|turn|8
|
|t:|1756241600
|move|p2b: Samurott|Sucker Punch|p1b: Ursaluna
|-supereffective|p1b: Ursaluna
|-end|p1b: Ursaluna|Substitute
|move|p1b: Ursaluna|Facade|p2b: Samurott
|-damage|p2b: Samurott|0 fnt
|faint|p2b: Samurott
|
|win|SeeYouInSf
||SeeYouInSf is ready for game 2.
|inactive|yassineVGC has 30 seconds to confirm battle start!
||yassineVGC is ready for game 2.
|uhtml|next|Next: Game 2 of 3
|l|☆yassineVGC
|player|p2|
