|j|☆kcb.rodrii
|j|☆lux raymundi
|html|kcb.rodriilux raymundi    
|uhtml|bestof|Game 1 of a best-of-3
|t:|1783024843
|gametype|doubles
|player|p1|kcb.rodrii|ethan|1153
|player|p2|lux raymundi|2|1145
|gen|9
|tier|[Gen 9 Champions] VGC 2026 Reg M-B (Bo3)
|rated|
|rule|Species Clause: Limit one of each Pokémon
|rule|Item Clause: Limit 1 of each item
|clearpoke
|poke|p1|Garchomp, L50, M, shiny|
|poke|p1|Metagross, L50, shiny|
|poke|p1|Talonflame, L50, M|
|poke|p1|Incineroar, L50, M, shiny|
|poke|p1|Sinistcha, L50|
|poke|p1|Sneasler, L50, F|
|poke|p2|Mawile, L50, M|
|poke|p2|Farigiraf, L50, F|
|poke|p2|Delphox, L50, F|
|poke|p2|Incineroar, L50, M|
|poke|p2|Sinistcha, L50|
|poke|p2|Garchomp, L50, F|
|teampreview|4
|showteam|p1|Garchomp||LifeOrb|RoughSkin|Protect,DragonClaw,Earthquake,RockSlide|Jolly||M|||50|]Metagross||Metagrossite|ClearBody|BulletPunch,PsychicFangs,BodyPress,Protect|Jolly|||||50|]Talonflame||Charcoal|GaleWings|Tailwind,BraveBird,Overheat,QuickGuard|Hasty||M|||50|]Incineroar||PasshoBerry|Intimidate|FakeOut,PartingShot,DarkestLariat,FlareBlitz|Careful||M|||50|]Sinistcha||SitrusBerry|Hospitality|MatchaGotcha,TrickRoom,LifeDew,RagePowder|Bold|||||50|]Sneasler||FocusSash|PoisonTouch|FakeOut,PoisonJab,CloseCombat,Coaching|Jolly||F|||50|
|showteam|p2|Mawile||Mawilite|HyperCutter|SwordsDance,PlayRough,IronHead,Protect|Brave||M|||50|]Farigiraf||SitrusBerry|ArmorTail|Protect,TwinBeam,TrickRoom,Thunderbolt|Bold||F|||50|]Delphox||Delphoxite|Blaze|NastyPlot,HeatWave,Psychic,Protect|Timid||F|||50|]Incineroar||PasshoBerry|Intimidate|FakeOut,ThroatChop,FlareBlitz,PartingShot|Adamant||M|||50|]Sinistcha||ColburBerry|Hospitality|MatchaGotcha,TrickRoom,RagePowder,Protect|Relaxed|||||50|]Garchomp||LifeOrb|RoughSkin|DragonClaw,Earthquake,RockSlide,Protect|Jolly||F|||50|
|
|t:|1783024879
|teamsize|p1|4
|teamsize|p2|4
|start
|switch|p1a: Talonflame|Talonflame, L50, M|100/100
|switch|p1b: Garchomp|Garchomp, L50, M, shiny|100/100
|switch|p2a: Garchomp|Garchomp, L50, F|100/100
|switch|p2b: Delphox|Delphox, L50, F|100/100
|turn|1
|
|t:|1783024898
|switch|p2a: Incineroar|Incineroar, L50, M|100/100
|-ability|p2a: Incineroar|Intimidate|boost
|-unboost|p1a: Talonflame|atk|1
|-unboost|p1b: Garchomp|atk|1
|detailschange|p2b: Delphox|Delphox-Mega, L50, F
|-mega|p2b: Delphox|Delphox|Delphoxite
|move|p1a: Talonflame|Tailwind|p1a: Talonflame
|-sidestart|p1: kcb.rodrii|move: Tailwind
|move|p1b: Garchomp|Rock Slide|p2a: Incineroar|[spread] p2a,p2b
|-supereffective|p2a: Incineroar|1
|-supereffective|p2b: Delphox|1
|-damage|p2a: Incineroar|66/100
|-damage|p2b: Delphox|51/100
|-damage|p1b: Garchomp|90/100|[from] item: Life Orb
|move|p2b: Delphox|Nasty Plot|p2b: Delphox
|-boost|p2b: Delphox|spa|2
|
|upkeep
|turn|2
|
|t:|1783024917
|move|p2b: Delphox|Protect|p2b: Delphox
|-singleturn|p2b: Delphox|Protect
|move|p1a: Talonflame|Quick Guard|p1a: Talonflame
|-singleturn|p1a: Talonflame|Quick Guard
|move|p1b: Garchomp|Rock Slide|p2b: Delphox|[spread] p2a
|-activate|p2b: Delphox|move: Protect
|-supereffective|p2a: Incineroar|1
|-damage|p2a: Incineroar|31/100
|-damage|p1b: Garchomp|80/100|[from] item: Life Orb
|move|p2a: Incineroar|Parting Shot|p1b: Garchomp
|-unboost|p1b: Garchomp|atk|1
|-unboost|p1b: Garchomp|spa|1
|
|t:|1783024930
|switch|p2a: Garchomp|Garchomp, L50, F|100/100|[from] Parting Shot
|
|upkeep
|turn|3
|
|t:|1783024945
|switch|p1b: Metagross|Metagross, L50, shiny|100/100
|switch|p2a: Farigiraf|Farigiraf, L50, F|100/100
|move|p1a: Talonflame|Brave Bird||[still]
|cant|p2a: Farigiraf|ability: Armor Tail|Brave Bird|[of] p1a: Talonflame
|move|p2b: Delphox|Psychic|p1b: Metagross
|-resisted|p1b: Metagross|2
|-damage|p1b: Metagross|68/100
|
|upkeep
|turn|4
|
|t:|1783024975
|detailschange|p1b: Metagross|Metagross-Mega, L50, shiny
|-mega|p1b: Metagross|Metagross|Metagrossite
|move|p2b: Delphox|Protect|p2b: Delphox
|-singleturn|p2b: Delphox|Protect
|move|p1a: Talonflame|Overheat|p2a: Farigiraf
|-damage|p2a: Farigiraf|49/100
|-unboost|p1a: Talonflame|spa|2
|-enditem|p2a: Farigiraf|Sitrus Berry|[eat]
|-heal|p2a: Farigiraf|74/100|[from] item: Sitrus Berry
|move|p1b: Metagross|Body Press|p2a: Farigiraf
|-damage|p2a: Farigiraf|48/100
|move|p2a: Farigiraf|Thunderbolt|p1a: Talonflame
|-supereffective|p1a: Talonflame|1
|-damage|p1a: Talonflame|22/100
|
|-sideend|p1: kcb.rodrii|move: Tailwind
|upkeep
|turn|5
|
|t:|1783024998
|switch|p1a: Garchomp|Garchomp, L50, M, shiny|80/100
|switch|p2a: Incineroar|Incineroar, L50, M|31/100
|-ability|p2a: Incineroar|Intimidate|boost
|-unboost|p1a: Garchomp|atk|1
|-unboost|p1b: Metagross|atk|1
|move|p1b: Metagross|Protect|p1b: Metagross
|-singleturn|p1b: Metagross|Protect
|move|p2b: Delphox|Heat Wave|p1a: Garchomp|[spread] p1a
|-activate|p1b: Metagross|move: Protect
|-resisted|p1a: Garchomp|1
|-damage|p1a: Garchomp|33/100
|
|upkeep
|turn|6
|
|t:|1783025017
|move|p2a: Incineroar|Fake Out|p1a: Garchomp
|-damage|p1a: Garchomp|19/100
|-damage|p2a: Incineroar|19/100|[from] ability: Rough Skin|[of] p1a: Garchomp
|move|p1b: Metagross|Bullet Punch|p2b: Delphox
|-resisted|p2b: Delphox|1
|-damage|p2b: Delphox|37/100
|move|p2b: Delphox|Heat Wave|p1b: Metagross|[spread] p1a,p1b
|-resisted|p1a: Garchomp|1
|-supereffective|p1b: Metagross|1
|-damage|p1a: Garchomp|0 fnt
|-damage|p1b: Metagross|0 fnt
|faint|p1a: Garchomp
|faint|p1b: Metagross
|
|upkeep
|
|t:|1783025025
|switch|p1b: Talonflame|Talonflame, L50, M|22/100
|switch|p1a: Sneasler|Sneasler, L50, F|100/100
|turn|7
|
|t:|1783025038
|switch|p2a: Farigiraf|Farigiraf, L50, F|48/100
|move|p2b: Delphox|Heat Wave|p1b: Talonflame|[spread] p1a,p1b
|-resisted|p1b: Talonflame|1
|-enditem|p1a: Sneasler|Focus Sash
|-damage|p1a: Sneasler|1/100
|-damage|p1b: Talonflame|0 fnt
|faint|p1b: Talonflame
|move|p1a: Sneasler|Poison Jab|p2b: Delphox
|-damage|p2b: Delphox|0 fnt
|faint|p2b: Delphox
|
|upkeep
|
|t:|1783025048
|switch|p2b: Garchomp|Garchomp, L50, F|100/100
|turn|8
|
|t:|1783025053
|move|p1a: Sneasler|Close Combat|p2b: Garchomp
|-damage|p2b: Garchomp|36/100
|-unboost|p1a: Sneasler|def|1
|-unboost|p1a: Sneasler|spd|1
|-damage|p1a: Sneasler|0 fnt|[from] ability: Rough Skin|[of] p2b: Garchomp
|-status|p2b: Garchomp|psn|[from] ability: Poison Touch|[of] p1a: Sneasler
|faint|p1a: Sneasler
|
|win|lux raymundi
