|j|☆ShadowArachne
|j|☆redjaguar
|html|ShadowArachneredjaguar    
|uhtml|bestof|Game 3 of a best-of-3
|t:|1784573231
|gametype|doubles
|player|p1|ShadowArachne|sabrina|1092
|player|p2|redjaguar|gambler|1000
|gen|9
|tier|[Gen 9 Champions] VGC 2026 Reg M-B (Bo3)
|rated|
|rule|Species Clause: Limit one of each Pokémon
|rule|Item Clause: Limit 1 of each item
|clearpoke
|poke|p1|Sinistcha, L50|
|poke|p1|Camerupt, L50, M|
|poke|p1|Milotic, L50, M|
|poke|p1|Sylveon, L50, F|
|poke|p1|Armarouge, L50, F|
|poke|p1|Chesnaught, L50, M|
|poke|p2|Dragonite, L50, M|
|poke|p2|Gardevoir, L50, M|
|poke|p2|Raichu, L50, M|
|poke|p2|Kingambit, L50, F|
|poke|p2|Incineroar, L50, F|
|poke|p2|Empoleon, L50, M|
|teampreview|4
|showteam|p1|Sinistcha||ColburBerry|Hospitality|MatchaGotcha,TrickRoom,LifeDew,Protect|Relaxed|||||50|]Camerupt||Cameruptite|SolidRock|EarthPower,RockSlide,Overheat,Protect|Modest||M|||50|]Milotic||Leftovers|Competitive|MuddyWater,Coil,Hypnosis,Protect|Quiet||M|||50|]Sylveon||FairyFeather|Pixilate|HyperVoice,ShadowBall,Moonblast,Protect|Quiet||F|||50|]Armarouge||LifeOrb|FlashFire|BurnUp,TrickRoom,Psyshock,Protect|Quiet||F|||50|]Chesnaught||Chesnaughtite|Bulletproof|BodyPress,IronDefense,SpikyShield,WoodHammer|Brave||M|||50|
|showteam|p2|Dragonite||ExpertBelt|Multiscale|IceSpinner,StompingTantrum,ExtremeSpeed,Protect|Adamant||M|||50|]Gardevoir||Gardevoirite|Trace|HyperVoice,MysticalFire,Protect,Psychic|Timid||M|||50|]Raichu||SitrusBerry|LightningRod|FakeOut,HelpingHand,Nuzzle,Encore|Timid||M|||50|]Kingambit||BlackGlasses|SupremeOverlord|KowtowCleave,SuckerPunch,Protect,IronHead|Adamant||F|||50|]Incineroar||WhiteHerb|Intimidate|FakeOut,FlareBlitz,PartingShot,Taunt|Impish||F|||50|]Empoleon||Leftovers|Competitive|IcyWind,Protect,FlashCannon,HydroCannon|Modest||M|||50|
|
|t:|1784573266
|teamsize|p1|4
|teamsize|p2|4
|start
|switch|p1a: Chesnaught|Chesnaught, L50, M|100/100
|switch|p1b: Sylveon|Sylveon, L50, F|100/100
|switch|p2a: Incineroar|Incineroar, L50, F|100/100
|switch|p2b: Empoleon|Empoleon, L50, M|100/100
|-ability|p2a: Incineroar|Intimidate|boost
|-unboost|p1a: Chesnaught|atk|1
|-unboost|p1b: Sylveon|atk|1
|turn|1
|
|t:|1784573293
|detailschange|p1a: Chesnaught|Chesnaught-Mega, L50, M
|-mega|p1a: Chesnaught|Chesnaught|Chesnaughtite
|move|p1a: Chesnaught|Spiky Shield|p1a: Chesnaught
|-singleturn|p1a: Chesnaught|move: Protect
|move|p2a: Incineroar|Fake Out|p1b: Sylveon
|-damage|p1b: Sylveon|89/100
|move|p2b: Empoleon|Icy Wind|p1a: Chesnaught|[spread] p1b
|-activate|p1a: Chesnaught|move: Protect
|-damage|p1b: Sylveon|78/100
|-unboost|p1b: Sylveon|spe|1
|cant|p1b: Sylveon|flinch
|
|upkeep
|turn|2
|
|t:|1784573317
|move|p2a: Incineroar|Flare Blitz|p1a: Chesnaught
|-supereffective|p1a: Chesnaught|1
|-damage|p1a: Chesnaught|39/100
|-damage|p2a: Incineroar|83/100|[from] Recoil
|move|p2b: Empoleon|Flash Cannon|p1b: Sylveon
|-supereffective|p1b: Sylveon|1
|-damage|p1b: Sylveon|14/100
|move|p1a: Chesnaught|Body Press|p2a: Incineroar
|-supereffective|p2a: Incineroar|1
|-damage|p2a: Incineroar|11/100
|move|p1b: Sylveon|Hyper Voice|p2b: Empoleon|[spread] p2a,p2b
|-resisted|p2b: Empoleon|1
|-damage|p2a: Incineroar|0 fnt
|-damage|p2b: Empoleon|80/100
|faint|p2a: Incineroar
|
|-heal|p2b: Empoleon|85/100|[from] item: Leftovers
|upkeep
|
|t:|1784573340
|switch|p2a: Gardevoir|Gardevoir, L50, M|100/100
|-ability|p2a: Gardevoir|Pixilate|Trace|[from] ability: Trace|[of] p1b: Sylveon
|turn|3
|
|t:|1784573351
|detailschange|p2a: Gardevoir|Gardevoir-Mega, L50, M
|-mega|p2a: Gardevoir|Gardevoir|Gardevoirite
|move|p2a: Gardevoir|Hyper Voice|p1b: Sylveon|[spread] p1a,p1b
|-supereffective|p1a: Chesnaught|1
|-damage|p1a: Chesnaught|0 fnt
|-damage|p1b: Sylveon|0 fnt
|faint|p1a: Chesnaught
|faint|p1b: Sylveon
|move|p2b: Empoleon|Icy Wind|p1: Chesnaught|[notarget]
|-fail|p2b: Empoleon
|
|-heal|p2b: Empoleon|91/100|[from] item: Leftovers
|upkeep
|
|t:|1784573363
|switch|p1b: Camerupt|Camerupt, L50, M|100/100
|switch|p1a: Sinistcha|Sinistcha, L50|100/100
|turn|4
|
|t:|1784573389
|move|p1b: Camerupt|Protect|p1b: Camerupt
|-singleturn|p1b: Camerupt|Protect
|move|p2a: Gardevoir|Mystical Fire|p1a: Sinistcha
|-supereffective|p1a: Sinistcha|1
|-damage|p1a: Sinistcha|44/100
|-unboost|p1a: Sinistcha|spa|1
|move|p2b: Empoleon|Flash Cannon|p1a: Sinistcha
|-damage|p1a: Sinistcha|11/100
|move|p1a: Sinistcha|Trick Room|p1a: Sinistcha
|-fieldstart|move: Trick Room|[of] p1a: Sinistcha
|
|-heal|p2b: Empoleon|97/100|[from] item: Leftovers
|upkeep
|turn|5
|
|t:|1784573425
|switch|p2a: Dragonite|Dragonite, L50, M|100/100
|move|p1b: Camerupt|Overheat|p2a: Dragonite
|-resisted|p2a: Dragonite|1
|-damage|p2a: Dragonite|87/100
|-unboost|p1b: Camerupt|spa|2
|move|p2b: Empoleon|Flash Cannon|p1a: Sinistcha
|-damage|p1a: Sinistcha|0 fnt
|faint|p1a: Sinistcha
|
|-heal|p2b: Empoleon|100/100|[from] item: Leftovers
|upkeep
|turn|6
|
|t:|1784573440
|move|p1b: Camerupt|Rock Slide|p2b: Empoleon|[spread] p2a,p2b
|-supereffective|p2a: Dragonite|1
|-resisted|p2b: Empoleon|1
|-damage|p2a: Dragonite|64/100
|-damage|p2b: Empoleon|94/100
|cant|p2b: Empoleon|flinch
|cant|p2a: Dragonite|flinch
|
|-heal|p2b: Empoleon|100/100|[from] item: Leftovers
|upkeep
|turn|7
|
|t:|1784573459
|move|p1b: Camerupt|Rock Slide|p2b: Empoleon|[spread] p2a,p2b
|-supereffective|p2a: Dragonite|1
|-resisted|p2b: Empoleon|1
|-damage|p2a: Dragonite|44/100
|-damage|p2b: Empoleon|93/100
|move|p2b: Empoleon|Hydro Cannon|p1b: Camerupt
|-supereffective|p1b: Camerupt|2
|-damage|p1b: Camerupt|0 fnt
|-mustrecharge|p2b: Empoleon
|faint|p1b: Camerupt
|
|win|redjaguar
|raw|ShadowArachne's rating: 1092 → 1062(-30 for losing)
|raw|redjaguar's rating: 1000 → 1050(+50 for winning)
|l|☆ShadowArachne
|player|p1|
