|j|☆zpoogi
|j|☆MoodyMukVGC
|html|zpoogiMoodyMukVGC    
|uhtml|bestof|Game 3 of a best-of-3
|t:|1757702800
|gametype|doubles
|player|p1|zpoogi|az|1156
|player|p2|MoodyMukVGC|bugsy|1240
|gen|9
|tier|[Gen 9] VGC 2025 Reg H (Bo3)
|rated|
|rule|Species Clause: Limit one of each Pokémon
|rule|Item Clause: Limit 1 of each item
|clearpoke
|poke|p1|Chesnaught, L50, M|
|poke|p1|Indeedee, L50, M|
|poke|p1|Sneasler, L50, F|
|poke|p1|Jumpluff, L50, M|
|poke|p1|Charizard, L50, M|
|poke|p1|Torkoal, L50, M|
|poke|p2|Ursaluna, L50, M|
|poke|p2|Jumpluff, L50, M|
|poke|p2|Charizard, L50, M|
|poke|p2|Torkoal, L50, M|
|poke|p2|Incineroar, L50, M|
|poke|p2|Porygon2, L50|
|teampreview|4
|showteam|p1|Chesnaught||PsychicSeed|Bulletproof|BulkUp,KnockOff,BodyPress,Synthesis|||M|||50|,,,,,Dragon]Indeedee||ChoiceScarf|PsychicSurge|ExpandingForce,TeraBlast,Trick,Protect|||M|||50|,,,,,Psychic]Sneasler||WhiteHerb|Unburden|CloseCombat,DireClaw,FakeOut,Coaching|||F|||50|,,,,,Stellar]Jumpluff||CovertCloak|Chlorophyll|Tailwind,SleepPowder,RagePowder,SunnyDay|||M|||50|,,,,,Ghost]Charizard||ChoiceSpecs|SolarPower|WeatherBall,HeatWave,DragonPulse,AirSlash|||M|||50|,,,,,Ghost]Torkoal||EjectPack|Drought|Overheat,HelpingHand,WeatherBall,Protect|||M|||50|,,,,,Fire
|showteam|p2|Ursaluna||FlameOrb|Guts|HeadlongRush,Facade,Earthquake,Protect|||M|||50|,,,,,Ghost]Jumpluff||CovertCloak|Chlorophyll|SleepPowder,SunnyDay,Tailwind,RagePowder|||M|||50|,,,,,Water]Charizard||ChoiceSpecs|SolarPower|AirSlash,HeatWave,Overheat,WeatherBall|||M|||50|,,,,,Ghost]Torkoal||EjectPack|Drought|ClearSmog,Eruption,Overheat,Protect|||M|||50|,,,,,Fire]Incineroar||SafetyGoggles|Intimidate|FakeOut,FlareBlitz,KnockOff,PartingShot|||M|||50|,,,,,Ghost]Porygon2||Eviolite|Download|TeraBlast,IceBeam,Recover,TrickRoom||||||50|,,,,,Fighting
|
|t:|1757702853
|teamsize|p1|4
|teamsize|p2|4
|start
|switch|p1a: Jumpluff|Jumpluff, L50, M|100/100
|switch|p1b: Chesnaught|Chesnaught, L50, M|100/100
|switch|p2a: Jumpluff|Jumpluff, L50, M, shiny|100/100
|switch|p2b: Ursaluna|Ursaluna, L50, M, shiny|100/100
|turn|1
|
|t:|1757702868
|move|p2b: Ursaluna|Protect|p2b: Ursaluna
|-singleturn|p2b: Ursaluna|Protect
|move|p1a: Jumpluff|Sleep Powder|p2b: Ursaluna
|-activate|p2b: Ursaluna|move: Protect
|move|p2a: Jumpluff|Tailwind|p2a: Jumpluff
|-sidestart|p2: MoodyMukVGC|move: Tailwind
|move|p1b: Chesnaught|Bulk Up|p1b: Chesnaught
|-boost|p1b: Chesnaught|atk|1
|-boost|p1b: Chesnaught|def|1
|
|-status|p2b: Ursaluna|brn|[from] item: Flame Orb
|upkeep
|turn|2
|
|t:|1757702885
|-terastallize|p2b: Ursaluna|Ghost
|-terastallize|p1a: Jumpluff|Ghost
|move|p1a: Jumpluff|Rage Powder|p1a: Jumpluff
|-singleturn|p1a: Jumpluff|move: Rage Powder
|move|p2a: Jumpluff|Sleep Powder|p1a: Jumpluff
|-status|p1a: Jumpluff|slp|[from] move: Sleep Powder
|move|p2b: Ursaluna|Facade|p1a: Jumpluff
|-immune|p1a: Jumpluff
|move|p1b: Chesnaught|Bulk Up|p1b: Chesnaught
|-boost|p1b: Chesnaught|atk|1
|-boost|p1b: Chesnaught|def|1
|
|-damage|p2b: Ursaluna|94/100 brn|[from] brn
|upkeep
|turn|3
|
|t:|1757702910
|switch|p2a: Porygon2|Porygon2, L50, shiny|100/100
|-ability|p2a: Porygon2|Download|boost
|-boost|p2a: Porygon2|spa|1
|cant|p1a: Jumpluff|slp
|move|p2b: Ursaluna|Headlong Rush|p1a: Jumpluff
|-damage|p1a: Jumpluff|0 fnt
|-unboost|p2b: Ursaluna|def|1
|-unboost|p2b: Ursaluna|spd|1
|faint|p1a: Jumpluff
|move|p1b: Chesnaught|Knock Off|p2b: Ursaluna
|-supereffective|p2b: Ursaluna
|-damage|p2b: Ursaluna|0 fnt
|-enditem|p2b: Ursaluna|Flame Orb|[from] move: Knock Off|[of] p1b: Chesnaught
|faint|p2b: Ursaluna
|
|upkeep
|
|t:|1757702929
|switch|p1a: Charizard|Charizard, L50, M|100/100
|switch|p2b: Torkoal|Torkoal, L50, M, shiny|100/100
|-weather|SunnyDay|[from] ability: Drought|[of] p2b: Torkoal
|turn|4
|
|t:|1757702942
|switch|p2a: Jumpluff|Jumpluff, L50, M, shiny|100/100
|move|p1a: Charizard|Dragon Pulse|p2b: Torkoal
|-damage|p2b: Torkoal|21/100
|move|p1b: Chesnaught|Body Press|p2b: Torkoal
|-damage|p2b: Torkoal|0 fnt
|faint|p2b: Torkoal
|
|-weather|SunnyDay|[upkeep]
|-damage|p1a: Charizard|88/100|[from] ability: Solar Power|[of] p1a: Charizard
|-sideend|p2: MoodyMukVGC|move: Tailwind
|upkeep
|
|t:|1757702948
|switch|p2b: Porygon2|Porygon2, L50, shiny|100/100
|-ability|p2b: Porygon2|Download|boost
|-boost|p2b: Porygon2|spa|1
|turn|5
|
|t:|1757702957
|move|p2a: Jumpluff|Sleep Powder|p1a: Charizard
|-status|p1a: Charizard|slp|[from] move: Sleep Powder
|cant|p1a: Charizard|slp
|move|p1b: Chesnaught|Body Press|p2b: Porygon2
|-supereffective|p2b: Porygon2
|-damage|p2b: Porygon2|18/100
|move|p2b: Porygon2|Ice Beam|p1b: Chesnaught
|-supereffective|p1b: Chesnaught
|-damage|p1b: Chesnaught|9/100
|
|-weather|SunnyDay|[upkeep]
|-damage|p1a: Charizard|76/100 slp|[from] ability: Solar Power|[of] p1a: Charizard
|upkeep
|turn|6
|
|t:|1757702984
|move|p2a: Jumpluff|Tailwind|p2a: Jumpluff
|-sidestart|p2: MoodyMukVGC|move: Tailwind
|cant|p1a: Charizard|slp
|move|p2b: Porygon2|Tera Blast|p1b: Chesnaught
|-damage|p1b: Chesnaught|0 fnt
|faint|p1b: Chesnaught
|
|-weather|SunnyDay|[upkeep]
|-damage|p1a: Charizard|63/100 slp|[from] ability: Solar Power|[of] p1a: Charizard
|upkeep
|
|t:|1757702995
|switch|p1b: Torkoal|Torkoal, L50, M|100/100
|turn|7
|
|t:|1757703014
|move|p2a: Jumpluff|Sleep Powder|p1b: Torkoal
|-status|p1b: Torkoal|slp|[from] move: Sleep Powder
|-curestatus|p1a: Charizard|slp|[msg]
|move|p1a: Charizard|Dragon Pulse|p2b: Porygon2
|-damage|p2b: Porygon2|0 fnt
|faint|p2b: Porygon2
|cant|p1b: Torkoal|slp
|
|-weather|SunnyDay|[upkeep]
|-damage|p1a: Charizard|51/100|[from] ability: Solar Power|[of] p1a: Charizard
|upkeep
|turn|8
|c|☆MoodyMukVGC|ggs
|-message|MoodyMukVGC forfeited.
|
|win|zpoogi
|raw|zpoogi's rating: 1156 → 1187(+31 for winning)
|raw|MoodyMukVGC's rating: 1240 → 1209(-31 for losing)
|l|☆MoodyMukVGC
|player|p2|
|j|☆MoodyMukVGC
|player|p2|MoodyMukVGC|bugsy|
