|j|☆justaguestiguess
|j|☆nocturnallynoct
|html|justaguestiguessnocturnallynoct    
|uhtml|bestof|Game 1 of a best-of-3
|t:|1756247674
|gametype|doubles
|player|p1|justaguestiguess|1|1190
|player|p2|nocturnallynoct|265|1137
|gen|9
|tier|[Gen 9] VGC 2025 Reg H (Bo3)
|rated|
|rule|Species Clause: Limit one of each Pokémon
|rule|Item Clause: Limit 1 of each item
|clearpoke
|poke|p1|Ursaluna, L50, F|
|poke|p1|Gholdengo, L50|
|poke|p1|Porygon2, L50|
|poke|p1|Amoonguss, L50, F|
|poke|p1|Incineroar, L50, M|
|poke|p1|Hydreigon, L50, F|
|poke|p2|Sneasler, L50, F|
|poke|p2|Indeedee, L50, M|
|poke|p2|Tyranitar, L50, M|
|poke|p2|Ursaluna-Bloodmoon, L50, M|
|poke|p2|Electabuzz, L50, M|
|poke|p2|Talonflame, L50, F|
|teampreview|4
|showteam|p1|Ursaluna||FlameOrb|Guts|Facade,Earthquake,HeadlongRush,Protect|||F|||50|,,,,,Ghost]Gholdengo||LifeOrb|GoodasGold|MakeItRain,ShadowBall,NastyPlot,Protect||||||50|,,,,,Water]Porygon2||Eviolite|Download|TeraBlast,IceBeam,TrickRoom,Recover||||||50|,,,,,Fighting]Amoonguss||CovertCloak|Regenerator|Spore,RagePowder,PollenPuff,Protect|||F|||50|,,,,,Water]Incineroar||SitrusBerry|Intimidate|FlareBlitz,KnockOff,FakeOut,PartingShot|||M|||50|,,,,,Ghost]Hydreigon||SafetyGoggles|Levitate|DracoMeteor,Snarl,Tailwind,Protect|||F|||50|,,,,,Ghost
|showteam|p2|Sneasler||PsychicSeed|Unburden|DireClaw,CloseCombat,ThroatChop,Protect|||F|||50|,,,,,Dark]Indeedee||FocusSash|PsychicSurge|ExpandingForce,TeraBlast,Protect,TrickRoom|||M|||50|,,,,,Fighting]Tyranitar||AssaultVest|SandStream|RockSlide,KnockOff,LowKick,TeraBlast|||M|||50|,,,,,Flying]Ursaluna-Bloodmoon||LifeOrb|MindsEye|BloodMoon,HyperVoice,EarthPower,Protect|||M|||50|,,,,,Normal]Electabuzz||Eviolite|VitalSpirit|Electroweb,FollowMe,Taunt,Protect|||M|||50|,,,,,Dragon]Talonflame||CovertCloak|GaleWings|DualWingbeat,FlareBlitz,Tailwind,WillOWisp|||F|||50|,,,,,Fairy
|inactive|Battle timer is ON: inactive players will automatically lose when time's up. (requested by nocturnallynoct)
|c|☆nocturnallynoct|glhf
|inactive|justaguestiguess has 60 seconds left.
|inactive|nocturnallynoct has 60 seconds left.
|
|t:|1756247724
|teamsize|p1|4
|teamsize|p2|4
|start
|switch|p1a: Incineroar|Incineroar, L50, M|100/100
|switch|p1b: Hydreigon|Hydreigon, L50, F|100/100
|switch|p2a: Talonflame|Talonflame, L50, F|100/100
|switch|p2b: Ursaluna|Ursaluna-Bloodmoon, L50, M|100/100
|-ability|p1a: Incineroar|Intimidate|boost
|-unboost|p2a: Talonflame|atk|1
|-unboost|p2b: Ursaluna|atk|1
|turn|1
|
|t:|1756247744
|move|p1a: Incineroar|Fake Out|p2b: Ursaluna
|-damage|p2b: Ursaluna|91/100
|move|p2a: Talonflame|Tailwind|p2a: Talonflame
|-sidestart|p2: nocturnallynoct|move: Tailwind
|cant|p2b: Ursaluna|flinch
|move|p1b: Hydreigon|Tailwind|p1b: Hydreigon
|-sidestart|p1: justaguestiguess|move: Tailwind
|
|upkeep
|turn|2
|inactive|nocturnallynoct has 30 seconds left.
|inactive|nocturnallynoct has 20 seconds left.
|inactive|nocturnallynoct has 15 seconds left.
|inactive|nocturnallynoct has 10 seconds left.
|
|t:|1756247794
|-terastallize|p2b: Ursaluna|Normal
|move|p2a: Talonflame|Dual Wingbeat|p1b: Hydreigon
|-damage|p1b: Hydreigon|88/100
|-damage|p1b: Hydreigon|75/100
|-hitcount|p1b: Hydreigon|2
|move|p1b: Hydreigon|Snarl|p2a: Talonflame|[spread] p2a,p2b
|-damage|p2a: Talonflame|71/100
|-damage|p2b: Ursaluna|65/100
|-unboost|p2b: Ursaluna|spa|1
|move|p2b: Ursaluna|Hyper Voice|p1a: Incineroar|[spread] p1a,p1b
|-damage|p1a: Incineroar|66/100
|-damage|p1b: Hydreigon|20/100
|-damage|p2b: Ursaluna|55/100|[from] item: Life Orb
|move|p1a: Incineroar|Parting Shot|p2a: Talonflame
|-unboost|p2a: Talonflame|atk|1
|-unboost|p2a: Talonflame|spa|1
|
|t:|1756247808
|switch|p1a: Gholdengo|Gholdengo, L50|100/100|[from] Parting Shot
|
|upkeep
|turn|3
|inactive|justaguestiguess has 30 seconds left.
|inactive|nocturnallynoct has 30 seconds left.
|inactive|justaguestiguess has 20 seconds left.
|inactive|nocturnallynoct has 20 seconds left.
|inactive|justaguestiguess has 15 seconds left.
|inactive|justaguestiguess has 10 seconds left.
|inactive|nocturnallynoct has 15 seconds left.
|
|t:|1756247862
|switch|p2a: Indeedee|Indeedee, L50, M|100/100
|-fieldstart|move: Psychic Terrain|[from] ability: Psychic Surge|[of] p2a: Indeedee
|move|p1b: Hydreigon|Draco Meteor|p2a: Indeedee
|-crit|p2a: Indeedee
|-enditem|p2a: Indeedee|Focus Sash
|-damage|p2a: Indeedee|1/100
|-unboost|p1b: Hydreigon|spa|2
|move|p1a: Gholdengo|Make It Rain|p2a: Indeedee|[spread] p2a,p2b
|-damage|p2a: Indeedee|0 fnt
|-damage|p2b: Ursaluna|0 fnt
|-unboost|p1a: Gholdengo|spa|1
|faint|p2a: Indeedee
|faint|p2b: Ursaluna
|-damage|p1a: Gholdengo|91/100|[from] item: Life Orb
|
|upkeep
|
|t:|1756247878
|switch|p2a: Sneasler|Sneasler, L50, F|100/100
|switch|p2b: Talonflame|Talonflame, L50, F|71/100
|-enditem|p2a: Sneasler|Psychic Seed
|-boost|p2a: Sneasler|spd|1|[from] item: Psychic Seed
|turn|4
|inactive|nocturnallynoct has 30 seconds left.
|
|t:|1756247908
|switch|p1a: Incineroar|Incineroar, L50, M|66/100
|-ability|p1a: Incineroar|Intimidate|boost
|-unboost|p2a: Sneasler|atk|1
|-unboost|p2b: Talonflame|atk|1
|move|p2a: Sneasler|Close Combat|p1a: Incineroar
|-supereffective|p1a: Incineroar
|-damage|p1a: Incineroar|0 fnt
|-unboost|p2a: Sneasler|def|1
|-unboost|p2a: Sneasler|spd|1
|faint|p1a: Incineroar
|move|p1b: Hydreigon|Draco Meteor|p2a: Sneasler
|-damage|p2a: Sneasler|59/100
|-unboost|p1b: Hydreigon|spa|2
|move|p2b: Talonflame|Dual Wingbeat|p1b: Hydreigon|[miss]
|-miss|p2b: Talonflame|p1b: Hydreigon
|
|-sideend|p2: nocturnallynoct|move: Tailwind
|-sideend|p1: justaguestiguess|move: Tailwind
|upkeep
|
|t:|1756247927
|switch|p1a: Gholdengo|Gholdengo, L50|91/100
|turn|5
|inactive|justaguestiguess has 30 seconds left.
|inactive|nocturnallynoct has 30 seconds left.
|inactive|justaguestiguess has 20 seconds left.
|inactive|nocturnallynoct has 20 seconds left.
|inactive|justaguestiguess has 15 seconds left.
|inactive|nocturnallynoct has 15 seconds left.
|inactive|justaguestiguess has 10 seconds left.
|
|t:|1756247981
|move|p2a: Sneasler|Close Combat|p1a: Gholdengo
|-immune|p1a: Gholdengo
|move|p1b: Hydreigon|Tailwind|p1b: Hydreigon
|-sidestart|p1: justaguestiguess|move: Tailwind
|move|p1a: Gholdengo|Nasty Plot|p1a: Gholdengo
|-boost|p1a: Gholdengo|spa|2
|move|p2b: Talonflame|Flare Blitz|p1a: Gholdengo
|-supereffective|p1a: Gholdengo
|-damage|p1a: Gholdengo|34/100
|-damage|p2b: Talonflame|50/100|[from] Recoil
|
|upkeep
|turn|6
|
|t:|1756248004
|move|p1a: Gholdengo|Protect|p1a: Gholdengo
|-singleturn|p1a: Gholdengo|Protect
|move|p2a: Sneasler|Throat Chop|p1a: Gholdengo
|-activate|p1a: Gholdengo|move: Protect
|move|p1b: Hydreigon|Draco Meteor|p2b: Talonflame
|-crit|p2b: Talonflame
|-damage|p2b: Talonflame|0 fnt
|-unboost|p1b: Hydreigon|spa|2
|faint|p2b: Talonflame
|
|upkeep
|turn|7
|c|☆nocturnallynoct|no wayyyyy
|
|t:|1756248016
|switch|p1b: Amoonguss|Amoonguss, L50, F|100/100
|move|p2a: Sneasler|Throat Chop|p1a: Gholdengo
|-supereffective|p1a: Gholdengo
|-damage|p1a: Gholdengo|1/100
|-start|p1a: Gholdengo|Throat Chop|[silent]
|move|p1a: Gholdengo|Make It Rain|p2a: Sneasler
|-damage|p2a: Sneasler|0 fnt
|-unboost|p1a: Gholdengo|spa|1
|faint|p2a: Sneasler
|-damage|p1a: Gholdengo|0 fnt|[from] item: Life Orb
|faint|p1a: Gholdengo
|
|win|justaguestiguess
||nocturnallynoct is ready for game 2.
|inactive|justaguestiguess has 30 seconds to confirm battle start!
||justaguestiguess is ready for game 2.
|uhtml|next|Next: Game 2 of 3
|l|☆justaguestiguess
|player|p1|
