|j|☆Mircat222
|j|☆mil0battles
|html|Mircat222mil0battles    
|uhtml|bestof|Game 1 of a best-of-3
|t:|1756429730
|gametype|doubles
|player|p1|Mircat222|veteran|1126
|player|p2|mil0battles|pokemonranger-gen4|1101
|gen|9
|tier|[Gen 9] VGC 2025 Reg H (Bo3)
|rated|
|rule|Species Clause: Limit one of each Pokémon
|rule|Item Clause: Limit 1 of each item
|clearpoke
|poke|p1|Toxtricity, L50, F|
|poke|p1|Incineroar, L50, M|
|poke|p1|Indeedee, L50, M|
|poke|p1|Sneasler, L50, F|
|poke|p1|Dragonite, L50, M|
|poke|p1|Kommo-o, L50, M|
|poke|p2|Incineroar, L50, F|
|poke|p2|Primarina, L50, F|
|poke|p2|Gholdengo, L50|
|poke|p2|Sneasler, L50, M|
|poke|p2|Rillaboom, L50, M|
|poke|p2|Dragonite, L50, M|
|teampreview|4
|showteam|p1|Toxtricity||ChoiceSpecs|PunkRock|Boomburst,Overdrive,SludgeBomb,VoltSwitch|||F|||50|,,,,,Ghost]Incineroar||AssaultVest|Intimidate|Uturn,FakeOut,FlareBlitz,KnockOff|||M|||50|,,,,,Water]Indeedee||FocusSash|PsychicSurge|ExpandingForce,TrickRoom,Imprison,TeraBlast|||M|||50|,,,,,Fairy]Sneasler||PsychicSeed|Unburden|DireClaw,CloseCombat,Coaching,Protect|||F|||50|,,,,,Stellar]Dragonite||LoadedDice|Multiscale|Tailwind,ExtremeSpeed,ScaleShot,Protect|||M|||50|,,,,,Normal]Kommo-o||SitrusBerry|Soundproof|IronDefense,BodyPress,Protect,FlashCannon|||M|||50|,,,,,Steel
|showteam|p2|Incineroar||SafetyGoggles|Intimidate|FakeOut,KnockOff,PartingShot,FlareBlitz|||F|||50|,,,,,Ghost]Primarina||ThroatSpray|LiquidVoice|HyperVoice,Moonblast,Haze,Protect|||F|||50|,,,,,Poison]Gholdengo||LifeOrb|GoodasGold|NastyPlot,MakeItRain,ShadowBall,Protect||||||50|,,,,,Water]Sneasler||WhiteHerb|Unburden|DireClaw,CloseCombat,FakeOut,Protect|||M|||50|,,,,,Stellar]Rillaboom||AssaultVest|GrassySurge|GrassyGlide,WoodHammer,FakeOut,Uturn|||M|||50|,,,,,Fire]Dragonite||LoadedDice|Multiscale|ScaleShot,Tailwind,ExtremeSpeed,Protect|||M|||50|,,,,,Fairy
|
|t:|1756429787
|teamsize|p1|4
|teamsize|p2|4
|start
|switch|p1a: Dragonite|Dragonite, L50, M|100/100
|switch|p1b: Incineroar|Incineroar, L50, M|100/100
|switch|p2a: Dragonite|Dragonite, L50, M|100/100
|switch|p2b: Gholdengo|Gholdengo, L50|100/100
|-ability|p1b: Incineroar|Intimidate|boost
|-unboost|p2a: Dragonite|atk|1
|-unboost|p2b: Gholdengo|atk|1
|turn|1
|inactive|Battle timer is ON: inactive players will automatically lose when time's up. (requested by mil0battles)
|inactive|Mircat222 has 60 seconds left.
|
|t:|1756429821
|-terastallize|p1a: Dragonite|Normal
|move|p2a: Dragonite|Protect|p2a: Dragonite
|-singleturn|p2a: Dragonite|Protect
|move|p2b: Gholdengo|Nasty Plot|p2b: Gholdengo
|-boost|p2b: Gholdengo|spa|2
|move|p1a: Dragonite|Tailwind|p1a: Dragonite
|-sidestart|p1: Mircat222|move: Tailwind
|move|p1b: Incineroar|Knock Off|p2b: Gholdengo
|-supereffective|p2b: Gholdengo
|-damage|p2b: Gholdengo|17/100
|-enditem|p2b: Gholdengo|Life Orb|[from] move: Knock Off|[of] p1b: Incineroar
|
|upkeep
|turn|2
|
|t:|1756429839
|-terastallize|p2a: Dragonite|Fairy
|move|p2b: Gholdengo|Protect|p2b: Gholdengo
|-singleturn|p2b: Gholdengo|Protect
|move|p1a: Dragonite|Scale Shot|p2b: Gholdengo
|-activate|p2b: Gholdengo|move: Protect
|move|p1b: Incineroar|U-turn|p2a: Dragonite
|-resisted|p2a: Dragonite
|-damage|p2a: Dragonite|96/100
|
|t:|1756429847
|switch|p1b: Toxtricity|Toxtricity, L50, F|100/100|[from] U-turn
|move|p2a: Dragonite|Tailwind|p2a: Dragonite
|-sidestart|p2: mil0battles|move: Tailwind
|
|upkeep
|turn|3
|
|t:|1756429866
|switch|p1b: Incineroar|Incineroar, L50, M|100/100
|-ability|p1b: Incineroar|Intimidate|boost
|-unboost|p2a: Dragonite|atk|1
|-unboost|p2b: Gholdengo|atk|1
|move|p2b: Gholdengo|Shadow Ball|p1b: Incineroar
|-resisted|p1b: Incineroar
|-damage|p1b: Incineroar|76/100
|move|p2a: Dragonite|Scale Shot|p1b: Incineroar
|-crit|p1b: Incineroar
|-damage|p1b: Incineroar|57/100
|-damage|p1b: Incineroar|51/100
|-damage|p1b: Incineroar|45/100
|-damage|p1b: Incineroar|38/100
|-hitcount|p1b: Incineroar|4
|-unboost|p2a: Dragonite|def|1
|-boost|p2a: Dragonite|spe|1
|move|p1a: Dragonite|Scale Shot|p2b: Gholdengo
|-resisted|p2b: Gholdengo
|-damage|p2b: Gholdengo|9/100
|-resisted|p2b: Gholdengo
|-damage|p2b: Gholdengo|2/100
|-resisted|p2b: Gholdengo
|-damage|p2b: Gholdengo|0 fnt
|faint|p2b: Gholdengo
|-hitcount|p2: Gholdengo|3
|-unboost|p1a: Dragonite|def|1
|-boost|p1a: Dragonite|spe|1
|
|upkeep
|inactive|mil0battles has 30 seconds left.
|
|t:|1756429894
|switch|p2b: Primarina|Primarina, L50, F|100/100
|turn|4
|inactive|Mircat222 has 30 seconds left.
|inactive|Mircat222 has 20 seconds left.
|
|t:|1756429932
|move|p1a: Dragonite|Protect|p1a: Dragonite
|-singleturn|p1a: Dragonite|Protect
|move|p2a: Dragonite|Protect|p2a: Dragonite
|-singleturn|p2a: Dragonite|Protect
|move|p2b: Primarina|Protect|p2b: Primarina
|-singleturn|p2b: Primarina|Protect
|move|p1b: Incineroar|Knock Off|p2b: Primarina
|-activate|p2b: Primarina|move: Protect
|
|-sideend|p1: Mircat222|move: Tailwind
|upkeep
|turn|5
|
|t:|1756429954
|switch|p1b: Sneasler|Sneasler, L50, F|100/100
|move|p2a: Dragonite|Extreme Speed|p1a: Dragonite
|-crit|p1a: Dragonite
|-damage|p1a: Dragonite|60/100
|move|p1a: Dragonite|Extreme Speed|p2a: Dragonite
|-damage|p2a: Dragonite|16/100
|move|p2b: Primarina|Hyper Voice|p1a: Dragonite|[spread] p1a,p1b
|-damage|p1a: Dragonite|25/100
|-damage|p1b: Sneasler|51/100
|-enditem|p2b: Primarina|Throat Spray
|-boost|p2b: Primarina|spa|1|[from] item: Throat Spray
|
|-sideend|p2: mil0battles|move: Tailwind
|upkeep
|turn|6
|
|t:|1756429977
|switch|p1b: Incineroar|Incineroar, L50, M|38/100
|-ability|p1b: Incineroar|Intimidate|boost
|-unboost|p2a: Dragonite|atk|1
|-unboost|p2b: Primarina|atk|1
|move|p1a: Dragonite|Tailwind|p1a: Dragonite
|-sidestart|p1: Mircat222|move: Tailwind
|move|p2a: Dragonite|Tailwind|p2a: Dragonite
|-sidestart|p2: mil0battles|move: Tailwind
|move|p2b: Primarina|Hyper Voice|p1b: Incineroar|[spread] p1a,p1b
|-supereffective|p1b: Incineroar
|-damage|p1a: Dragonite|0 fnt
|-damage|p1b: Incineroar|0 fnt
|faint|p1a: Dragonite
|faint|p1b: Incineroar
|
|upkeep
|
|t:|1756429994
|switch|p1a: Toxtricity|Toxtricity, L50, F|100/100
|switch|p1b: Sneasler|Sneasler, L50, F|51/100
|turn|7
|
|t:|1756430010
|move|p2a: Dragonite|Protect|p2a: Dragonite
|-singleturn|p2a: Dragonite|Protect
|move|p2b: Primarina|Protect|p2b: Primarina
|-singleturn|p2b: Primarina|Protect
|move|p1b: Sneasler|Dire Claw|p2b: Primarina
|-activate|p2b: Primarina|move: Protect
|move|p1a: Toxtricity|Overdrive|p2a: Dragonite|[spread] 
|-activate|p2a: Dragonite|move: Protect
|-activate|p2b: Primarina|move: Protect
|
|upkeep
|turn|8
|inactive|mil0battles has 30 seconds left.
|
|t:|1756430036
|switch|p2b: Rillaboom|Rillaboom, L50, M|100/100
|-fieldstart|move: Grassy Terrain|[from] ability: Grassy Surge|[of] p2b: Rillaboom
|move|p1b: Sneasler|Protect|p1b: Sneasler
|-singleturn|p1b: Sneasler|Protect
|move|p2a: Dragonite|Scale Shot|p1b: Sneasler
|-activate|p1b: Sneasler|move: Protect
|move|p1a: Toxtricity|Overdrive|p2a: Dragonite|[spread] p2a,p2b
|-resisted|p2b: Rillaboom
|-damage|p2a: Dragonite|0 fnt
|-damage|p2b: Rillaboom|80/100
|faint|p2a: Dragonite
|
|-heal|p1b: Sneasler|57/100|[from] Grassy Terrain
|-heal|p2b: Rillaboom|86/100|[from] Grassy Terrain
|upkeep
|
|t:|1756430042
|switch|p2a: Primarina|Primarina, L50, F|100/100
|turn|9
|
|t:|1756430063
|move|p2b: Rillaboom|Fake Out|p1a: Toxtricity
|-damage|p1a: Toxtricity|81/100
|move|p1b: Sneasler|Dire Claw|p2a: Primarina
|-supereffective|p2a: Primarina
|-damage|p2a: Primarina|0 fnt
|faint|p2a: Primarina
|cant|p1a: Toxtricity|flinch
|
|-heal|p1b: Sneasler|63/100|[from] Grassy Terrain
|-heal|p1a: Toxtricity|87/100|[from] Grassy Terrain
|-heal|p2b: Rillaboom|92/100|[from] Grassy Terrain
|-sideend|p1: Mircat222|move: Tailwind
|-sideend|p2: mil0battles|move: Tailwind
|upkeep
|turn|10
|-message|mil0battles forfeited.
|
|win|Mircat222
