|j|☆gunkqing
|j|☆BeauLavorre
|html|gunkqingBeauLavorre    
|uhtml|bestof|Game 1 of a best-of-3
|t:|1756407527
|gametype|doubles
|player|p1|gunkqing|striker|
|player|p2|BeauLavorre|rocketgruntf|
|gen|9
|tier|[Gen 9] VGC 2025 Reg H (Bo3)
|rule|Species Clause: Limit one of each Pokémon
|rule|Item Clause: Limit 1 of each item
|clearpoke
|poke|p1|Charizard, L50, M|
|poke|p1|Jumpluff, L50, M|
|poke|p1|Torkoal, L50, F|
|poke|p1|Ursaluna, L50, M|
|poke|p1|Incineroar, L50, F|
|poke|p1|Duskull, L50, M|
|poke|p2|Basculegion, L50, M|
|poke|p2|Politoed, L50, M|
|poke|p2|Gothitelle, L50, M|
|poke|p2|Sinistcha-Masterpiece, L50|
|poke|p2|Incineroar, L50, M|
|poke|p2|Gyarados, L50, F|
|teampreview|4
|showteam|p1|Charizard||ChoiceSpecs|SolarPower|HeatWave,Overheat,WeatherBall,DragonPulse|||M|||50|,,,,,Ghost]Jumpluff||CovertCloak|Chlorophyll|SleepPowder,Tailwind,RagePowder,SunnyDay|||M|||50|,,,,,Water]Torkoal||EjectPack|Drought|Overheat,Eruption,ClearSmog,Protect|||F|||50|,,,,,Fire]Ursaluna||FlameOrb|Guts|Facade,HeadlongRush,Earthquake,Protect|||M|||50|,,,,,Ghost]Incineroar||AssaultVest|Intimidate|FakeOut,FlareBlitz,KnockOff,Uturn|||F|||50|,,,,,Grass]Duskull||Eviolite|Levitate|NightShade,TrickRoom,HelpingHand,PainSplit|||M|||50|,,,,,Steel
|showteam|p2|Basculegion||FocusSash|SwiftSwim|WaveCrash,AquaJet,FlipTurn,LastRespects|||M|||50|,,,,,Water]Politoed||Leftovers|Drizzle|Protect,PerishSong,Encore,WeatherBall|||M|||50|,,,,,Steel]Gothitelle||SitrusBerry|ShadowTag|FakeOut,Protect,TrickRoom,Psychic|||M|||50|,,,,,Water]Sinistcha-Masterpiece||RockyHelmet|Hospitality|LifeDew,Protect,RagePowder,MatchaGotcha||||||50|,,,,,Water]Incineroar||SafetyGoggles|Intimidate|FakeOut,FlareBlitz,KnockOff,PartingShot|||M|||50|,,,,,Water]Gyarados||ClearAmulet|Intimidate|Earthquake,Waterfall,Protect,LashOut|||F|||50|,,,,,Ground
|inactive|Battle timer is ON: inactive players will automatically lose when time's up. (requested by gunkqing)
|c|☆gunkqing|glhf
|inactive|gunkqing has 60 seconds left.
|inactive|BeauLavorre has 60 seconds left.
|
|t:|1756407566
|teamsize|p1|4
|teamsize|p2|4
|start
|switch|p1a: Incineroar|Incineroar, L50, F|100/100
|switch|p1b: Jumpluff|Jumpluff, L50, M|100/100
|switch|p2a: Politoed|Politoed, L50, M|100/100
|switch|p2b: Basculegion|Basculegion, L50, M|100/100
|-weather|RainDance|[from] ability: Drizzle|[of] p2a: Politoed
|-ability|p1a: Incineroar|Intimidate|boost
|-unboost|p2a: Politoed|atk|1
|-unboost|p2b: Basculegion|atk|1
|turn|1
|inactive|gunkqing has 30 seconds left.
|inactive|BeauLavorre has 30 seconds left.
|inactive|gunkqing has 20 seconds left.
|inactive|gunkqing has 15 seconds left.
|inactive|gunkqing has 10 seconds left.
|inactive|gunkqing has 5 seconds left.
|
|t:|1756407619
|move|p2a: Politoed|Protect|p2a: Politoed
|-singleturn|p2a: Politoed|Protect
|move|p2b: Basculegion|Flip Turn|p1a: Incineroar
|-supereffective|p1a: Incineroar
|-damage|p1a: Incineroar|40/100
|
|t:|1756407625
|switch|p2b: Incineroar|Incineroar, L50, M|100/100|[from] Flip Turn
|-ability|p2b: Incineroar|Intimidate|boost
|-unboost|p1a: Incineroar|atk|1
|-unboost|p1b: Jumpluff|atk|1
|move|p1b: Jumpluff|Sunny Day|p1b: Jumpluff
|-weather|SunnyDay
|move|p1a: Incineroar|U-turn|p2b: Incineroar
|-damage|p2b: Incineroar|89/100
|
|t:|1756407641
|switch|p1a: Charizard|Charizard, L50, M, shiny|100/100|[from] U-turn
|
|-weather|SunnyDay|[upkeep]
|-damage|p1a: Charizard|88/100|[from] ability: Solar Power|[of] p1a: Charizard
|upkeep
|turn|2
|inactive|gunkqing has 30 seconds left.
|inactive|BeauLavorre has 30 seconds left.
|
|t:|1756407675
|-terastallize|p1a: Charizard|Ghost
|move|p2b: Incineroar|Fake Out|p1a: Charizard
|-immune|p1a: Charizard
|move|p1b: Jumpluff|Sleep Powder|p2a: Politoed
|-status|p2a: Politoed|slp|[from] move: Sleep Powder
|move|p1a: Charizard|Overheat|p2b: Incineroar
|-resisted|p2b: Incineroar
|-damage|p2b: Incineroar|0 fnt
|-unboost|p1a: Charizard|spa|2
|faint|p2b: Incineroar
|cant|p2a: Politoed|slp
|
|-weather|SunnyDay|[upkeep]
|-damage|p1a: Charizard|76/100|[from] ability: Solar Power|[of] p1a: Charizard
|upkeep
|
|t:|1756407694
|switch|p2b: Gyarados|Gyarados, L50, F|100/100
|-ability|p2b: Gyarados|Intimidate|boost
|-unboost|p1a: Charizard|atk|1
|-unboost|p1b: Jumpluff|atk|1
|turn|3
|
|t:|1756407705
|switch|p1a: Incineroar|Incineroar, L50, F|40/100
|-ability|p1a: Incineroar|Intimidate|boost
|-unboost|p2a: Politoed|atk|1
|-fail|p2b: Gyarados|unboost|[from] item: Clear Amulet|[of] p2b: Gyarados
|switch|p2a: Basculegion|Basculegion, L50, M|100/100
|move|p2b: Gyarados|Protect|p2b: Gyarados
|-singleturn|p2b: Gyarados|Protect
|move|p1b: Jumpluff|Sleep Powder|p2b: Gyarados
|-activate|p2b: Gyarados|move: Protect
|
|-weather|SunnyDay|[upkeep]
|upkeep
|turn|4
|inactive|gunkqing has 30 seconds left.
|inactive|BeauLavorre has 30 seconds left.
|
|t:|1756407738
|switch|p2b: Politoed|Politoed, L50, M|100/100 slp
|-weather|RainDance|[from] ability: Drizzle|[of] p2b: Politoed
|switch|p1a: Torkoal|Torkoal, L50, F, shiny|100/100
|-weather|SunnyDay|[from] ability: Drought|[of] p1a: Torkoal
|move|p1b: Jumpluff|Sleep Powder|p2a: Basculegion
|-status|p2a: Basculegion|slp|[from] move: Sleep Powder
|cant|p2a: Basculegion|slp
|
|-weather|SunnyDay|[upkeep]
|upkeep
|turn|5
|
|t:|1756407753
|switch|p2b: Gyarados|Gyarados, L50, F|100/100
|-ability|p2b: Gyarados|Intimidate|boost
|-unboost|p1a: Torkoal|atk|1
|-unboost|p1b: Jumpluff|atk|1
|-enditem|p1a: Torkoal|Eject Pack
|
|t:|1756407758
|switch|p1a: Charizard|Charizard, L50, M, shiny, tera:Ghost|76/100
|move|p1b: Jumpluff|Tailwind|p1b: Jumpluff
|-sidestart|p1: gunkqing|move: Tailwind
|cant|p2a: Basculegion|slp
|
|-weather|SunnyDay|[upkeep]
|-damage|p1a: Charizard|63/100|[from] ability: Solar Power|[of] p1a: Charizard
|upkeep
|turn|6
|inactive|gunkqing has 30 seconds left.
|inactive|gunkqing has 20 seconds left.
|
|t:|1756407793
|move|p1b: Jumpluff|Sunny Day||[still]
|-fail|p1b: Jumpluff
|move|p1a: Charizard|Overheat|p2b: Gyarados
|-resisted|p2b: Gyarados
|-damage|p2b: Gyarados|9/100
|-unboost|p1a: Charizard|spa|2
|cant|p2a: Basculegion|slp
|move|p2b: Gyarados|Lash Out|p1a: Charizard
|-supereffective|p1a: Charizard
|-damage|p1a: Charizard|0 fnt
|faint|p1a: Charizard
|
|-weather|SunnyDay|[upkeep]
|upkeep
|
|t:|1756407803
|switch|p1a: Incineroar|Incineroar, L50, F|40/100
|-ability|p1a: Incineroar|Intimidate|boost
|-unboost|p2a: Basculegion|atk|1
|-fail|p2b: Gyarados|unboost|[from] item: Clear Amulet|[of] p2b: Gyarados
|turn|7
|
|t:|1756407816
|move|p2b: Gyarados|Protect|p2b: Gyarados
|-singleturn|p2b: Gyarados|Protect
|-curestatus|p2a: Basculegion|slp|[msg]
|move|p2a: Basculegion|Aqua Jet|p1a: Incineroar
|-supereffective|p1a: Incineroar
|-damage|p1a: Incineroar|28/100
|move|p1b: Jumpluff|Sunny Day||[still]
|-fail|p1b: Jumpluff
|move|p1a: Incineroar|Knock Off|p2a: Basculegion
|-supereffective|p2a: Basculegion
|-enditem|p2a: Basculegion|Focus Sash
|-damage|p2a: Basculegion|1/100
|
|-weather|SunnyDay|[upkeep]
|upkeep
|turn|8
|inactive|gunkqing has 30 seconds left.
|inactive|gunkqing has 20 seconds left.
|
|t:|1756407854
|switch|p2b: Politoed|Politoed, L50, M|100/100 slp
|-weather|RainDance|[from] ability: Drizzle|[of] p2b: Politoed
|move|p1b: Jumpluff|Rage Powder|p1b: Jumpluff
|-singleturn|p1b: Jumpluff|move: Rage Powder
|move|p2a: Basculegion|Aqua Jet|p1b: Jumpluff
|-resisted|p1b: Jumpluff
|-damage|p1b: Jumpluff|88/100
|move|p1a: Incineroar|U-turn|p2a: Basculegion
|-resisted|p2a: Basculegion
|-damage|p2a: Basculegion|0 fnt
|faint|p2a: Basculegion
|
|t:|1756407861
|switch|p1a: Torkoal|Torkoal, L50, F, shiny|100/100|[from] U-turn
|-weather|SunnyDay|[from] ability: Drought|[of] p1a: Torkoal
|
|-weather|SunnyDay|[upkeep]
|-sideend|p1: gunkqing|move: Tailwind
|upkeep
|
|t:|1756407871
|switch|p2a: Gyarados|Gyarados, L50, F|9/100
|-ability|p2a: Gyarados|Intimidate|boost
|-unboost|p1a: Torkoal|atk|1
|-unboost|p1b: Jumpluff|atk|1
|turn|9
|
|t:|1756407890
|-terastallize|p2a: Gyarados|Ground
|move|p1b: Jumpluff|Rage Powder|p1b: Jumpluff
|-singleturn|p1b: Jumpluff|move: Rage Powder
|move|p2a: Gyarados|Earthquake|p1a: Torkoal|[spread] p2b,p1a
|-immune|p1b: Jumpluff
|-supereffective|p1a: Torkoal
|-damage|p2b: Politoed|54/100 slp
|-damage|p1a: Torkoal|36/100
|-curestatus|p2b: Politoed|slp|[msg]
|move|p2b: Politoed|Weather Ball|p1b: Jumpluff
|-supereffective|p1b: Jumpluff
|-damage|p1b: Jumpluff|20/100
|move|p1a: Torkoal|Eruption|p2a: Gyarados|[spread] p2a,p2b
|-resisted|p2b: Politoed
|-damage|p2a: Gyarados|0 fnt
|-damage|p2b: Politoed|45/100
|faint|p2a: Gyarados
|
|-weather|SunnyDay|[upkeep]
|-heal|p2b: Politoed|51/100|[from] item: Leftovers
|upkeep
|turn|10
|
|t:|1756407909
|move|p1b: Jumpluff|Sleep Powder|p2b: Politoed
|-status|p2b: Politoed|slp|[from] move: Sleep Powder
|cant|p2b: Politoed|slp
|move|p1a: Torkoal|Overheat|p2b: Politoed
|-resisted|p2b: Politoed
|-damage|p2b: Politoed|19/100 slp
|-unboost|p1a: Torkoal|spa|2
|
|-weather|SunnyDay|[upkeep]
|-heal|p2b: Politoed|25/100 slp|[from] item: Leftovers
|upkeep
|turn|11
|-message|BeauLavorre forfeited.
|
|win|gunkqing
|l|☆BeauLavorre
|player|p2|
||gunkqing is ready for game 2.
|inactive|BeauLavorre has 30 seconds to confirm battle start!
||BeauLavorre is ready for game 2.
|uhtml|next|Next: Game 2 of 3
