|j|☆FrancoilCieco777
|j|‽beckaivgccoach
|html|FrancoilCieco777beckaivgccoach    
|uhtml|bestof|Game 3 of a best-of-3
|t:|1756246837
|gametype|doubles
|player|p1|FrancoilCieco777|baker|1025
|player|p2|beckaivgccoach|265|1057
|gen|9
|tier|[Gen 9] VGC 2025 Reg H (Bo3)
|rated|
|rule|Species Clause: Limit one of each Pokémon
|rule|Item Clause: Limit 1 of each item
|clearpoke
|poke|p1|Arcanine, L50, F|
|poke|p1|Haxorus, L50, M|
|poke|p1|Sneasler, L50, F|
|poke|p1|Samurott-Hisui, L50, M|
|poke|p1|Gholdengo, L50|
|poke|p1|Amoonguss, L50, M|
|poke|p2|Garganacl, L50, M|
|poke|p2|Volcarona, L50, F|
|poke|p2|Dondozo, L50, F|
|poke|p2|Grimmsnarl, L50, M|
|poke|p2|Rillaboom, L50, F|
|poke|p2|Tyranitar, L50, M|
|teampreview|4
|showteam|p1|Arcanine||MirrorHerb|Intimidate|ExtremeSpeed,FlareBlitz,Protect,WillOWisp|||F|||50|,,,,,Normal]Haxorus||ClearAmulet|MoldBreaker|DragonClaw,FirstImpression,IronHead,Protect|||M|||50|,,,,,Steel]Sneasler||FocusSash|PoisonTouch|FakeOut,CloseCombat,DireClaw,Coaching|||F|||50|,,,,,Ghost]Samurott-Hisui||AssaultVest|Sharpness|AquaCutter,SacredSword,NightSlash,SuckerPunch|||M|||50|,,,,,Ghost]Gholdengo||ChoiceScarf|GoodasGold|MakeItRain,ShadowBall,Trick,Protect||||||50|,,,,,Steel]Amoonguss||CovertCloak|Regenerator|Spore,RagePowder,ClearSmog,Protect|||M|||50|,,,,,Electric
|showteam|p2|Garganacl||SitrusBerry|PurifyingSalt|SaltCure,Recover,WideGuard,Protect|||M|||50|,,,,,Poison]Volcarona||Leftovers|FlameBody|HeatWave,GigaDrain,QuiverDance,Protect|||F|||50|,,,,,Dragon]Dondozo||SafetyGoggles|Unaware|WaveCrash,Fissure,Yawn,Protect|||F|||50|,,,,,Dragon]Grimmsnarl||LightClay|Prankster|SpiritBreak,ThunderWave,Reflect,LightScreen|||M|||50|,,,,,Ghost]Rillaboom||MiracleSeed|GrassySurge|WoodHammer,GrassyGlide,Uturn,FakeOut|||F|||50|,,,,,Grass]Tyranitar||AssaultVest|SandStream|RockSlide,KnockOff,TeraBlast,SandTomb|||M|||50|,,,,,Flying
|inactive|Battle timer is ON: inactive players will automatically lose when time's up. (requested by FrancoilCieco777)
|
|t:|1756246856
|teamsize|p1|4
|teamsize|p2|4
|start
|switch|p1a: Arcanine|Arcanine, L50, F|100/100
|switch|p1b: Sneasler|Sneasler, L50, F|100/100
|switch|p2a: Volcarona|Volcarona, L50, F|100/100
|switch|p2b: Grimmsnarl|Grimmsnarl, L50, M|100/100
|-ability|p1a: Arcanine|Intimidate|boost
|-unboost|p2a: Volcarona|atk|1
|-unboost|p2b: Grimmsnarl|atk|1
|turn|1
|
|t:|1756246874
|move|p2a: Volcarona|Protect|p2a: Volcarona
|-singleturn|p2a: Volcarona|Protect
|move|p2b: Grimmsnarl|Reflect|p2b: Grimmsnarl
|-sidestart|p2: beckaivgccoach|Reflect
|move|p1b: Sneasler|Dire Claw|p2b: Grimmsnarl
|-supereffective|p2b: Grimmsnarl
|-damage|p2b: Grimmsnarl|45/100
|-status|p2b: Grimmsnarl|psn|[from] ability: Poison Touch|[of] p1b: Sneasler
|move|p1a: Arcanine|Flare Blitz|p2a: Volcarona
|-activate|p2a: Volcarona|move: Protect
|
|-damage|p2b: Grimmsnarl|33/100 psn|[from] psn
|upkeep
|turn|2
|
|t:|1756246889
|move|p1a: Arcanine|Extreme Speed|p2a: Volcarona
|-damage|p2a: Volcarona|84/100
|move|p2b: Grimmsnarl|Thunder Wave|p1b: Sneasler|[miss]
|-miss|p2b: Grimmsnarl|p1b: Sneasler
|move|p1b: Sneasler|Close Combat|p2a: Volcarona
|-resisted|p2a: Volcarona
|-damage|p2a: Volcarona|66/100
|-unboost|p1b: Sneasler|def|1
|-unboost|p1b: Sneasler|spd|1
|-status|p1b: Sneasler|brn|[from] ability: Flame Body|[of] p2a: Volcarona
|move|p2a: Volcarona|Quiver Dance|p2a: Volcarona
|-boost|p2a: Volcarona|spa|1
|-boost|p2a: Volcarona|spd|1
|-boost|p2a: Volcarona|spe|1
|-enditem|p1a: Arcanine|Mirror Herb
|-boost|p1a: Arcanine|spa|1|[from] item: Mirror Herb
|-boost|p1a: Arcanine|spd|1|[from] item: Mirror Herb
|-boost|p1a: Arcanine|spe|1|[from] item: Mirror Herb
|
|-heal|p2a: Volcarona|72/100|[from] item: Leftovers
|-damage|p2b: Grimmsnarl|20/100 psn|[from] psn
|-damage|p1b: Sneasler|95/100 brn|[from] brn
|upkeep
|turn|3
|
|t:|1756246910
|move|p2a: Volcarona|Protect|p2a: Volcarona
|-singleturn|p2a: Volcarona|Protect
|move|p1a: Arcanine|Extreme Speed|p2a: Volcarona
|-activate|p2a: Volcarona|move: Protect
|move|p2b: Grimmsnarl|Thunder Wave|p1a: Arcanine|[miss]
|-miss|p2b: Grimmsnarl|p1a: Arcanine
|move|p1b: Sneasler|Dire Claw|p2a: Volcarona
|-activate|p2a: Volcarona|move: Protect
|
|-heal|p2a: Volcarona|78/100|[from] item: Leftovers
|-damage|p2b: Grimmsnarl|8/100 psn|[from] psn
|-damage|p1b: Sneasler|89/100 brn|[from] brn
|upkeep
|turn|4
|
|t:|1756246935
|move|p1a: Arcanine|Extreme Speed|p2b: Grimmsnarl
|-damage|p2b: Grimmsnarl|0 fnt
|faint|p2b: Grimmsnarl
|move|p1b: Sneasler|Dire Claw|p2a: Volcarona
|-damage|p2a: Volcarona|65/100
|-status|p2a: Volcarona|psn
|move|p2a: Volcarona|Quiver Dance|p2a: Volcarona
|-boost|p2a: Volcarona|spa|1
|-boost|p2a: Volcarona|spd|1
|-boost|p2a: Volcarona|spe|1
|
|-heal|p2a: Volcarona|71/100 psn|[from] item: Leftovers
|-damage|p2a: Volcarona|59/100 psn|[from] psn
|-damage|p1b: Sneasler|83/100 brn|[from] brn
|upkeep
|
|t:|1756246940
|switch|p2b: Dondozo|Dondozo, L50, F|100/100
|turn|5
|
|t:|1756246953
|move|p1a: Arcanine|Protect|p1a: Arcanine
|-singleturn|p1a: Arcanine|Protect
|move|p2a: Volcarona|Heat Wave|p1b: Sneasler|[spread] p1b
|-activate|p1a: Arcanine|move: Protect
|-damage|p1b: Sneasler|0 fnt
|faint|p1b: Sneasler
|move|p2b: Dondozo|Wave Crash|p1a: Arcanine
|-activate|p1a: Arcanine|move: Protect
|
|-heal|p2a: Volcarona|65/100 psn|[from] item: Leftovers
|-damage|p2a: Volcarona|53/100 psn|[from] psn
|upkeep
|
|t:|1756246959
|switch|p1b: Samurott|Samurott-Hisui, L50, M|100/100
|turn|6
|
|t:|1756246970
|-terastallize|p2a: Volcarona|Dragon
|-terastallize|p1a: Arcanine|Normal
|move|p1a: Arcanine|Extreme Speed|p2a: Volcarona
|-damage|p2a: Volcarona|30/100 psn
|move|p2a: Volcarona|Giga Drain|p1b: Samurott
|-supereffective|p1b: Samurott
|-damage|p1b: Samurott|14/100
|-heal|p2a: Volcarona|69/100 psn|[from] drain|[of] p1b: Samurott
|move|p1b: Samurott|Sacred Sword|p2b: Dondozo
|-damage|p2b: Dondozo|82/100
|move|p2b: Dondozo|Wave Crash|p1a: Arcanine
|-crit|p1a: Arcanine
|-damage|p1a: Arcanine|13/100
|-damage|p2b: Dondozo|63/100|[from] Recoil
|
|-heal|p2a: Volcarona|74/100 psn|[from] item: Leftovers
|-damage|p2a: Volcarona|62/100 psn|[from] psn
|upkeep
|turn|7
|
|t:|1756246994
|move|p1a: Arcanine|Extreme Speed|p2a: Volcarona
|-damage|p2a: Volcarona|38/100 psn
|move|p1b: Samurott|Sucker Punch|p2a: Volcarona
|-damage|p2a: Volcarona|19/100 psn
|move|p2a: Volcarona|Heat Wave|p1b: Samurott|[spread] p1b
|-miss|p2a: Volcarona|p1a: Arcanine
|-resisted|p1b: Samurott
|-damage|p1b: Samurott|0 fnt
|faint|p1b: Samurott
|move|p2b: Dondozo|Yawn|p1a: Arcanine
|-start|p1a: Arcanine|move: Yawn|[of] p2b: Dondozo
|
|-heal|p2a: Volcarona|25/100 psn|[from] item: Leftovers
|-damage|p2a: Volcarona|13/100 psn|[from] psn
|upkeep
|
|t:|1756247003
|switch|p1b: Haxorus|Haxorus, L50, M|100/100
|-ability|p1b: Haxorus|Mold Breaker
|turn|8
|
|t:|1756247013
|move|p1a: Arcanine|Protect|p1a: Arcanine
|-singleturn|p1a: Arcanine|Protect
|move|p1b: Haxorus|First Impression|p2b: Dondozo
|-damage|p2b: Dondozo|50/100
|move|p2a: Volcarona|Heat Wave|p1b: Haxorus|[spread] p1b
|-activate|p1a: Arcanine|move: Protect
|-resisted|p1b: Haxorus
|-damage|p1b: Haxorus|57/100
|move|p2b: Dondozo|Yawn|p1b: Haxorus
|-start|p1b: Haxorus|move: Yawn|[of] p2b: Dondozo
|
|-heal|p2a: Volcarona|18/100 psn|[from] item: Leftovers
|-damage|p2a: Volcarona|6/100 psn|[from] psn
|-end|p1a: Arcanine|move: Yawn|[silent]
|-status|p1a: Arcanine|slp
|-sideend|p2: beckaivgccoach|Reflect
|upkeep
|turn|9
|
|t:|1756247029
|move|p1b: Haxorus|Protect|p1b: Haxorus
|-singleturn|p1b: Haxorus|Protect
|cant|p1a: Arcanine|slp
|move|p2a: Volcarona|Heat Wave|p1a: Arcanine|[spread] p1a
|-activate|p1b: Haxorus|move: Protect
|-damage|p1a: Arcanine|0 fnt
|faint|p1a: Arcanine
|move|p2b: Dondozo|Fissure|p1b: Haxorus
|-activate|p1b: Haxorus|move: Protect
|
|-heal|p2a: Volcarona|12/100 psn|[from] item: Leftovers
|-damage|p2a: Volcarona|0 fnt|[from] psn
|faint|p2a: Volcarona
|-end|p1b: Haxorus|move: Yawn|[silent]
|-status|p1b: Haxorus|slp
|upkeep
|
|t:|1756247036
|switch|p2a: Garganacl|Garganacl, L50, M|100/100
|turn|10
|
|t:|1756247058
|cant|p1b: Haxorus|slp
|move|p2b: Dondozo|Fissure|p1b: Haxorus
|-damage|p1b: Haxorus|0 fnt
|faint|p1b: Haxorus
|-ohko
|
|win|beckaivgccoach
|raw|FrancoilCieco777's rating: 1025 → 1013(-12 for losing)
|raw|beckaivgccoach's rating: 1057 → 1086(+29 for winning)
