|j|☆kattathy
|j|☆ancientson
|html|kattathyancientson    
|uhtml|bestof|Game 3 of a best-of-3
|t:|1756868463
|gametype|doubles
|player|p1|kattathy|elesa|1075
|player|p2|ancientson|n|1111
|gen|9
|tier|[Gen 9] VGC 2025 Reg H (Bo3)
|rated|
|rule|Species Clause: Limit one of each Pokémon
|rule|Item Clause: Limit 1 of each item
|clearpoke
|poke|p1|Sneasler, L50, F|
|poke|p1|Indeedee, L50, M|
|poke|p1|Volcarona, L50, M|
|poke|p1|Ursaluna-Bloodmoon, L50, M|
|poke|p1|Annihilape, L50, F|
|poke|p1|Tyranitar, L50, M|
|poke|p2|Dragapult, L50, F|
|poke|p2|Gholdengo, L50|
|poke|p2|Murkrow, L50, M|
|poke|p2|Sneasler, L50, M|
|poke|p2|Armarouge, L50, F|
|poke|p2|Indeedee-F, L50, F|
|teampreview|4
|showteam|p1|Sneasler||PsychicSeed|Unburden|ThroatChop,DireClaw,CloseCombat,Protect|||F|||50|,,,,,Dark]Indeedee||ChoiceScarf|PsychicSurge|ExpandingForce,TeraBlast,Trick,Protect|||M|||50|,,,,,Psychic]Volcarona||SitrusBerry|FlameBody|Overheat,StruggleBug,RagePowder,Tailwind|||M|||50|,,,,,Grass]Ursaluna-Bloodmoon||LifeOrb|MindsEye|BloodMoon,HyperVoice,EarthPower,Protect|||M|||50|,,,,,Normal]Annihilape||SafetyGoggles|Defiant|CloseCombat,RageFist,Taunt,FinalGambit|||F|||50|,,,,,Fairy]Tyranitar||AssaultVest|SandStream|RockSlide,KnockOff,TeraBlast,LowKick|||M|||50|,,,,,Flying
|showteam|p2|Dragapult||LifeOrb|ClearBody|DragonDarts,Uturn,PhantomForce,SuckerPunch|||F|||50|,,,,,Dragon]Gholdengo||Leftovers|GoodasGold|Protect,ShadowBall,MakeItRain,NastyPlot||||||50|,,,,,Fighting]Murkrow||Eviolite|Prankster|FoulPlay,Tailwind,Haze,SunnyDay|||M|||50|,,,,,Dark]Sneasler||PsychicSeed|Unburden|DireClaw,CloseCombat,Protect,ThroatChop|||M|||50|,,,,,Dark]Armarouge||CovertCloak|FlashFire|ExpandingForce,HeatWave,Protect,TeraBlast|||F|||50|,,,,,Fighting]Indeedee-F||RockyHelmet|PsychicSurge|FollowMe,HelpingHand,TrickRoom,Psychic|||F|||50|,,,,,Dark
|
|t:|1756868501
|teamsize|p1|4
|teamsize|p2|4
|start
|switch|p1a: Ursaluna|Ursaluna-Bloodmoon, L50, M|100/100
|switch|p1b: Volcarona|Volcarona, L50, M|100/100
|switch|p2a: Indeedee|Indeedee-F, L50, F|100/100
|switch|p2b: Sneasler|Sneasler, L50, M|100/100
|-fieldstart|move: Psychic Terrain|[from] ability: Psychic Surge|[of] p2a: Indeedee
|-enditem|p2b: Sneasler|Psychic Seed
|-boost|p2b: Sneasler|spd|1|[from] item: Psychic Seed
|turn|1
|inactive|Battle timer is ON: inactive players will automatically lose when time's up. (requested by ancientson)
|inactive|ancientson has 60 seconds left.
|
|t:|1756868537
|switch|p1a: Annihilape|Annihilape, L50, F|100/100
|move|p2b: Sneasler|Protect|p2b: Sneasler
|-singleturn|p2b: Sneasler|Protect
|move|p1b: Volcarona|Overheat|p2b: Sneasler
|-activate|p2b: Sneasler|move: Protect
|move|p2a: Indeedee|Trick Room|p2a: Indeedee
|-fieldstart|move: Trick Room|[of] p2a: Indeedee
|
|upkeep
|turn|2
|inactive|kattathy has 30 seconds left.
|inactive|ancientson has 30 seconds left.
|
|t:|1756868565
|move|p2a: Indeedee|Psychic|p1a: Annihilape
|-supereffective|p1a: Annihilape
|-damage|p1a: Annihilape|22/100
|move|p1a: Annihilape|Taunt|p2a: Indeedee
|-start|p2a: Indeedee|move: Taunt
|move|p1b: Volcarona|Struggle Bug|p2b: Sneasler|[spread] p2a,p2b
|-supereffective|p2a: Indeedee
|-resisted|p2b: Sneasler
|-damage|p2a: Indeedee|69/100
|-damage|p2b: Sneasler|97/100
|-unboost|p2a: Indeedee|spa|1
|-unboost|p2b: Sneasler|spa|1
|move|p2b: Sneasler|Dire Claw|p1a: Annihilape
|-resisted|p1a: Annihilape
|-damage|p1a: Annihilape|0 fnt
|faint|p1a: Annihilape
|
|upkeep
|
|t:|1756868582
|switch|p1a: Indeedee|Indeedee, L50, M|100/100
|turn|3
|
|t:|1756868596
|switch|p2a: Murkrow|Murkrow, L50, M|100/100
|-terastallize|p2b: Sneasler|Dark
|move|p1b: Volcarona|Rage Powder|p1b: Volcarona
|-singleturn|p1b: Volcarona|move: Rage Powder
|move|p1a: Indeedee|Trick|p2a: Murkrow
|-activate|p1a: Indeedee|move: Trick|[of] p2a: Murkrow
|-item|p2a: Murkrow|Choice Scarf|[from] move: Trick
|-item|p1a: Indeedee|Eviolite|[from] move: Trick
|move|p2b: Sneasler|Throat Chop|p1b: Volcarona
|-damage|p1b: Volcarona|47/100
|-start|p1b: Volcarona|Throat Chop|[silent]
|-enditem|p1b: Volcarona|Sitrus Berry|[eat]
|-heal|p1b: Volcarona|72/100|[from] item: Sitrus Berry
|
|upkeep
|turn|4
|inactive|kattathy has 30 seconds left.
|inactive|kattathy has 20 seconds left.
|inactive|kattathy has 15 seconds left.
|
|t:|1756868637
|move|p1a: Indeedee|Protect|p1a: Indeedee
|-singleturn|p1a: Indeedee|Protect
|move|p1b: Volcarona|Tailwind|p1b: Volcarona
|-sidestart|p1: kattathy|move: Tailwind
|move|p2a: Murkrow|Foul Play|p1a: Indeedee
|-activate|p1a: Indeedee|move: Protect
|move|p2b: Sneasler|Dire Claw|p1b: Volcarona
|-damage|p1b: Volcarona|25/100
|-status|p1b: Volcarona|par
|-status|p2b: Sneasler|brn|[from] ability: Flame Body|[of] p1b: Volcarona
|
|-damage|p2b: Sneasler|91/100 brn|[from] brn
|-end|p1b: Volcarona|Throat Chop|[silent]
|upkeep
|turn|5
|
|t:|1756868654
|move|p1a: Indeedee|Protect||[still]
|-fail|p1a: Indeedee
|move|p1b: Volcarona|Rage Powder|p1b: Volcarona
|-singleturn|p1b: Volcarona|move: Rage Powder
|move|p2a: Murkrow|Foul Play|p1b: Volcarona
|-damage|p1b: Volcarona|3/100 par
|move|p2b: Sneasler|Dire Claw|p1b: Volcarona
|-damage|p1b: Volcarona|0 fnt
|faint|p1b: Volcarona
|
|-damage|p2b: Sneasler|85/100 brn|[from] brn
|-fieldend|move: Trick Room
|-fieldend|move: Psychic Terrain
|upkeep
|
|t:|1756868664
|switch|p1b: Ursaluna|Ursaluna-Bloodmoon, L50, M|100/100
|turn|6
|
|t:|1756868677
|-terastallize|p1b: Ursaluna|Normal
|move|p2b: Sneasler|Protect|p2b: Sneasler
|-singleturn|p2b: Sneasler|Protect
|move|p1a: Indeedee|Expanding Force|p2a: Murkrow
|-immune|p2a: Murkrow
|move|p1b: Ursaluna|Blood Moon|p2b: Sneasler
|-activate|p2b: Sneasler|move: Protect
|move|p2a: Murkrow|Foul Play|p1a: Indeedee
|-supereffective|p1a: Indeedee
|-damage|p1a: Indeedee|20/100
|
|-damage|p2b: Sneasler|79/100 brn|[from] brn
|upkeep
|turn|7
|inactive|ancientson has 30 seconds left.
|inactive|ancientson has 20 seconds left.
|
|t:|1756868715
|switch|p2b: Indeedee|Indeedee-F, L50, F|69/100
|-fieldstart|move: Psychic Terrain|[from] ability: Psychic Surge|[of] p2b: Indeedee
|move|p1a: Indeedee|Expanding Force|p2b: Indeedee|[spread] p2b
|-immune|p2a: Murkrow
|-resisted|p2b: Indeedee
|-damage|p2b: Indeedee|43/100
|move|p1b: Ursaluna|Hyper Voice|p2a: Murkrow|[spread] p2a,p2b
|-damage|p2a: Murkrow|0 fnt
|-damage|p2b: Indeedee|0 fnt
|faint|p2a: Murkrow
|faint|p2b: Indeedee
|-damage|p1b: Ursaluna|91/100|[from] item: Life Orb
|
|-sideend|p1: kattathy|move: Tailwind
|upkeep
|
|t:|1756868720
|switch|p2a: Sneasler|Sneasler, L50, M, tera:Dark|79/100 brn
|switch|p2b: Armarouge|Armarouge, L50, F|100/100
|turn|8
|
|t:|1756868745
|move|p2a: Sneasler|Close Combat|p1b: Ursaluna
|-supereffective|p1b: Ursaluna
|-damage|p1b: Ursaluna|38/100
|-unboost|p2a: Sneasler|def|1
|-unboost|p2a: Sneasler|spd|1
|move|p1a: Indeedee|Expanding Force|p2a: Sneasler|[spread] p2b
|-immune|p2a: Sneasler
|-resisted|p2b: Armarouge
|-damage|p2b: Armarouge|73/100
|move|p1b: Ursaluna|Hyper Voice|p2a: Sneasler|[spread] p2a,p2b
|-damage|p2a: Sneasler|0 fnt
|-damage|p2b: Armarouge|3/100
|faint|p2a: Sneasler
|-damage|p1b: Ursaluna|29/100|[from] item: Life Orb
|move|p2b: Armarouge|Expanding Force|p1a: Indeedee|[spread] p1a,p1b
|-resisted|p1a: Indeedee
|-damage|p1a: Indeedee|0 fnt
|-damage|p1b: Ursaluna|0 fnt
|faint|p1a: Indeedee
|faint|p1b: Ursaluna
|
|win|ancientson
|raw|kattathy's rating: 1075 → 1056(-19 for losing)
|raw|ancientson's rating: 1111 → 1133(+22 for winning)
|l|☆ancientson
|player|p2|
|j|☆ancientson
|player|p2|ancientson|n|
