|j|☆snailboss
|j|☆arrascaxeira
|html|snailbossarrascaxeira    
|uhtml|bestof|Game 1 of a best-of-3
|t:|1757711524
|gametype|doubles
|player|p1|snailboss|hilda-wonderlauncher|1174
|player|p2|arrascaxeira|1|1257
|gen|9
|tier|[Gen 9] VGC 2025 Reg H (Bo3)
|rated|
|rule|Species Clause: Limit one of each Pokémon
|rule|Item Clause: Limit 1 of each item
|clearpoke
|poke|p1|Kingambit, L50, M|
|poke|p1|Rillaboom, L50, M|
|poke|p1|Volcarona, L50, M|
|poke|p1|Tauros-Paldea-Aqua, L50, M|
|poke|p1|Electabuzz, L50, F|
|poke|p1|Ninetales-Alola, L50, M|
|poke|p2|Dragonite, L50, M|
|poke|p2|Ursaluna-Bloodmoon, L50, M|
|poke|p2|Amoonguss, L50, M|
|poke|p2|Sneasler, L50, M|
|poke|p2|Incineroar, L50, M|
|poke|p2|Gholdengo, L50|
|teampreview|4
|showteam|p1|Kingambit||BlackGlasses|Defiant|SuckerPunch,KowtowCleave,SwordsDance,Protect|||M|||50|,,,,,Fire]Rillaboom||AssaultVest|GrassySurge|FakeOut,GrassyGlide,WoodHammer,HighHorsepower|||M|||50|,,,,,Fire]Volcarona||CovertCloak|FlameBody|QuiverDance,HeatWave,GigaDrain,Protect|||M|||50|,,,,,Grass]Tauros-Paldea-Aqua||GrassySeed|Intimidate|WaveCrash,BodyPress,Protect,AquaJet|||M|||50|,,,,,Fire]Electabuzz||Eviolite|VitalSpirit|Taunt,Thunderbolt,Protect,FollowMe|||F|||50|,,,,,Ghost]Ninetales-Alola||FocusSash|SnowWarning|Protect,Encore,FreezeDry,Disable|||M|||50|,,,,,Ghost
|showteam|p2|Dragonite||LoadedDice|Multiscale|ScaleShot,ExtremeSpeed,Haze,Tailwind|||M|||50|,,,,,Fairy]Ursaluna-Bloodmoon||AssaultVest|MindsEye|HyperVoice,BloodMoon,EarthPower,VacuumWave|||M|||50|,,,,,Normal]Amoonguss||SitrusBerry|Regenerator|Spore,RagePowder,SludgeBomb,Protect|||M|||50|,,,,,Water]Sneasler||FocusSash|PoisonTouch|FakeOut,CloseCombat,DireClaw,Protect|||M|||50|,,,,,Stellar]Incineroar||SafetyGoggles|Intimidate|FakeOut,FlareBlitz,KnockOff,PartingShot|||M|||50|,,,,,Ghost]Gholdengo||LifeOrb|GoodasGold|MakeItRain,ShadowBall,NastyPlot,Protect||||||50|,,,,,Steel
|j| hatsune p2
|
|t:|1757711571
|teamsize|p1|4
|teamsize|p2|4
|start
|switch|p1a: Electabuzz|Electabuzz, L50, F|100/100
|switch|p1b: Kingambit|Kingambit, L50, M|100/100
|switch|p2a: Sneasler|Sneasler, L50, M|100/100
|switch|p2b: Ursaluna|Ursaluna-Bloodmoon, L50, M|100/100
|turn|1
|
|t:|1757711601
|-terastallize|p1a: Electabuzz|Ghost
|move|p2a: Sneasler|Fake Out|p1b: Kingambit
|-resisted|p1b: Kingambit
|-damage|p1b: Kingambit|95/100
|move|p1a: Electabuzz|Follow Me|p1a: Electabuzz
|-singleturn|p1a: Electabuzz|move: Follow Me
|move|p2b: Ursaluna|Earth Power|p1a: Electabuzz
|-damage|p1a: Electabuzz|59/100
|cant|p1b: Kingambit|flinch
|
|upkeep
|turn|2
|
|t:|1757711643
|move|p1a: Electabuzz|Protect|p1a: Electabuzz
|-singleturn|p1a: Electabuzz|Protect
|move|p2a: Sneasler|Dire Claw|p1a: Electabuzz
|-activate|p1a: Electabuzz|move: Protect
|move|p2b: Ursaluna|Hyper Voice|p1a: Electabuzz|[spread] p1b
|-activate|p1a: Electabuzz|move: Protect
|-resisted|p1b: Kingambit
|-damage|p1b: Kingambit|77/100
|move|p1b: Kingambit|Swords Dance|p1b: Kingambit
|-boost|p1b: Kingambit|atk|2
|
|upkeep
|turn|3
|
|t:|1757711665
|-terastallize|p2b: Ursaluna|Normal
|move|p2a: Sneasler|Protect|p2a: Sneasler
|-singleturn|p2a: Sneasler|Protect
|move|p1b: Kingambit|Protect|p1b: Kingambit
|-singleturn|p1b: Kingambit|Protect
|move|p1a: Electabuzz|Thunderbolt|p2a: Sneasler
|-activate|p2a: Sneasler|move: Protect
|move|p2b: Ursaluna|Hyper Voice|p1b: Kingambit|[spread] p1a
|-activate|p1b: Kingambit|move: Protect
|-damage|p1a: Electabuzz|16/100
|
|upkeep
|turn|4
|
|t:|1757711703
|move|p1b: Kingambit|Protect||[still]
|-fail|p1b: Kingambit
|move|p2a: Sneasler|Dire Claw|p1a: Electabuzz
|-resisted|p1a: Electabuzz
|-damage|p1a: Electabuzz|0 fnt
|faint|p1a: Electabuzz
|move|p2b: Ursaluna|Earth Power|p1b: Kingambit
|-supereffective|p1b: Kingambit
|-damage|p1b: Kingambit|0 fnt
|faint|p1b: Kingambit
|
|upkeep
|
|t:|1757711711
|switch|p1a: Rillaboom|Rillaboom, L50, M|100/100
|switch|p1b: Volcarona|Volcarona, L50, M|100/100
|-fieldstart|move: Grassy Terrain|[from] ability: Grassy Surge|[of] p1a: Rillaboom
|turn|5
|
|t:|1757711723
|move|p1a: Rillaboom|Fake Out|p2a: Sneasler
|-damage|p2a: Sneasler|75/100
|cant|p2a: Sneasler|flinch
|move|p1b: Volcarona|Quiver Dance|p1b: Volcarona
|-boost|p1b: Volcarona|spa|1
|-boost|p1b: Volcarona|spd|1
|-boost|p1b: Volcarona|spe|1
|move|p2b: Ursaluna|Blood Moon|p1a: Rillaboom
|-damage|p1a: Rillaboom|18/100
|
|-heal|p2a: Sneasler|81/100|[from] Grassy Terrain
|-heal|p1a: Rillaboom|24/100|[from] Grassy Terrain
|upkeep
|turn|6
|
|t:|1757711774
|move|p1a: Rillaboom|Grassy Glide|p2b: Ursaluna
|-damage|p2b: Ursaluna|74/100
|move|p1b: Volcarona|Heat Wave|p2a: Sneasler|[spread] p2b
|-miss|p1b: Volcarona|p2a: Sneasler
|-damage|p2b: Ursaluna|37/100
|move|p2a: Sneasler|Dire Claw|p1a: Rillaboom
|-supereffective|p1a: Rillaboom
|-damage|p1a: Rillaboom|0 fnt
|faint|p1a: Rillaboom
|move|p2b: Ursaluna|Hyper Voice|p1b: Volcarona
|-damage|p1b: Volcarona|62/100
|
|-heal|p1b: Volcarona|68/100|[from] Grassy Terrain
|-heal|p2a: Sneasler|87/100|[from] Grassy Terrain
|-heal|p2b: Ursaluna|43/100|[from] Grassy Terrain
|upkeep
|turn|7
|
|t:|1757711784
|move|p1b: Volcarona|Heat Wave|p2b: Ursaluna|[spread] p2a,p2b
|-damage|p2a: Sneasler|21/100
|-damage|p2b: Ursaluna|7/100
|move|p2a: Sneasler|Dire Claw|p1b: Volcarona
|-damage|p1b: Volcarona|22/100
|move|p2b: Ursaluna|Blood Moon|p1b: Volcarona
|-damage|p1b: Volcarona|0 fnt
|faint|p1b: Volcarona
|
|win|arrascaxeira
||arrascaxeira is ready for game 2.
||snailboss is ready for game 2.
|uhtml|next|Next: Game 2 of 3
