|j|ŌśåWarlogFV
|j|ŌśåPoe Jar
|html|WarlogFVPoe Jar    
|uhtml|bestof|Game 1 of a best-of-3
|t:|1783195323
|gametype|doubles
|player|p1|WarlogFV|erika|
|player|p2|Poe Jar|101|
|gen|9
|tier|[Gen 9 Champions] VGC 2026 Reg M-B (Bo3)
|rule|Species Clause: Limit one of each Pok├®mon
|rule|Item Clause: Limit 1 of each item
|clearpoke
|poke|p1|Swampert, L50, M|
|poke|p1|Pelipper, L50, M|
|poke|p1|Archaludon, L50, F|
|poke|p1|Grimmsnarl, L50, M|
|poke|p1|Metagross, L50|
|poke|p1|Sneasler, L50, F|
|poke|p2|Gholdengo, L50|
|poke|p2|Garchomp, L50, M|
|poke|p2|Whimsicott, L50, M|
|poke|p2|Sneasler, L50, F|
|poke|p2|Charizard, L50, F|
|poke|p2|Basculegion, L50, M|
|teampreview|4
|showteam|p1|Swampert||Swampertite|Torrent|WaveCrash,Earthquake,IcePunch,Protect|Adamant||M|||50|]Pelipper||SitrusBerry|Drizzle|WeatherBall,Hurricane,Tailwind,WideGuard|Bold||M|||50|]Archaludon||Leftovers|Stamina|ElectroShot,DragonPulse,FlashCannon,Protect|Modest||F|||50|]Grimmsnarl||LightClay|Prankster|LightScreen,Reflect,FoulPlay,PartingShot|Careful||M|||50|]Metagross||Metagrossite|ClearBody|MeteorMash,PsychicFangs,StompingTantrum,Protect|Adamant|||||50|]Sneasler||FocusSash|Unburden|FakeOut,CloseCombat,Coaching,DireClaw|Naive||F|||50|
|showteam|p2|Gholdengo||ColburBerry|GoodasGold|MakeItRain,ShadowBall,NastyPlot,Protect|Modest|||||50|]Garchomp||LifeOrb|RoughSkin|Earthquake,DragonClaw,RockSlide,Protect|Jolly||M|||50|]Whimsicott||FocusSash|Prankster|Moonblast,Tailwind,Encore,Protect|Timid||M|||50|]Sneasler||WhiteHerb|Unburden|FakeOut,CloseCombat,DireClaw,Protect|Adamant||F|||50|]Charizard||CharizarditeY|Blaze|WeatherBall,HeatWave,SolarBeam,Protect|Modest||F|||50|]Basculegion||ChoiceScarf|Adaptability|WaveCrash,LastRespects,AquaJet,FlipTurn|Jolly||M|||50|
|c|ŌśåWarlogFV|gimme a sec ill send replays
|c|ŌśåWarlogFV|i mean live links lol
|c|ŌśåPoe Jar|Yeah im on mobile it might take me a minute
|j| Draxolotl
|c|ŌśåWarlogFV|lemme know when ur ready and turn on timer
|j| Coldflame2802
|c|ŌśåWarlogFV|glhf
|j| nkgill1101
|l| Draxolotl
|c|ŌśåPoe Jar|glhf
|inactive|Battle timer is ON: inactive players will automatically lose when time's up. (requested by WarlogFV)
|l| Coldflame2802
|j| Coldflame2802
|inactive|Poe Jar has 60 seconds left.
|
|t:|1783195494
|teamsize|p1|4
|teamsize|p2|4
|start
|switch|p1a: Legendary Lovers|Grimmsnarl, L50, M|100/100
|switch|p1b: California Gurls|Swampert, L50, M|100/100
|switch|p2a: Charizard|Charizard, L50, F|100/100
|switch|p2b: Sneasler|Sneasler, L50, F|100/100
|turn|1
|inactive|WarlogFV has 30 seconds left.
|inactive|Poe Jar has 30 seconds left.
|j| FBIsurveillanceman
|l| FBIsurveillanceman
|inactive|Poe Jar has 20 seconds left.
|inactive|Poe Jar has 15 seconds left.
|inactive|Poe Jar has 10 seconds left.
|
|t:|1783195540
|detailschange|p2a: Charizard|Charizard-Mega-Y, L50, F
|-mega|p2a: Charizard|Charizard|Charizardite Y
|-weather|SunnyDay|[from] ability: Drought|[of] p2a: Charizard
|move|p1b: California Gurls|Protect|p1b: California Gurls
|-singleturn|p1b: California Gurls|Protect
|move|p2b: Sneasler|Fake Out|p1a: Legendary Lovers
|-damage|p1a: Legendary Lovers|83/100
|cant|p1a: Legendary Lovers|flinch
|move|p2a: Charizard|Solar Beam||[still]
|-prepare|p2a: Charizard|Solar Beam
|-anim|p2a: Charizard|Solar Beam|p1b: California Gurls
|-activate|p1b: California Gurls|move: Protect
|
|-weather|SunnyDay|[upkeep]
|upkeep
|turn|2
|inactive|Poe Jar has 30 seconds left.
|
|t:|1783195567
|switch|p2a: Whimsicott|Whimsicott, L50, M|100/100
|switch|p1a: Lifetimes|Pelipper, L50, M|100/100
|-weather|RainDance|[from] ability: Drizzle|[of] p1a: Lifetimes
|detailschange|p1b: California Gurls|Swampert-Mega, L50, M
|-mega|p1b: California Gurls|Swampert|Swampertite
|move|p2b: Sneasler|Protect|p2b: Sneasler
|-singleturn|p2b: Sneasler|Protect
|move|p1b: California Gurls|Earthquake|p2b: Sneasler|[spread] p2a
|-activate|p2b: Sneasler|move: Protect
|-immune|p1a: Lifetimes
|-resisted|p2a: Whimsicott|1
|-damage|p2a: Whimsicott|64/100
|
|-weather|RainDance|[upkeep]
|upkeep
|turn|3
|inactive|Poe Jar has 30 seconds left.
|
|t:|1783195601
|switch|p2b: Charizard|Charizard-Mega-Y, L50, F|100/100
|-weather|SunnyDay|[from] ability: Drought|[of] p2b: Charizard
|switch|p1a: Legendary Lovers|Grimmsnarl, L50, M|83/100
|move|p2a: Whimsicott|Encore|p1b: California Gurls
|-start|p1b: California Gurls|Encore
|move|p1b: California Gurls|Earthquake|p2a: Whimsicott|[spread] p1a,p2a
|-immune|p2b: Charizard
|-resisted|p2a: Whimsicott|1
|-damage|p1a: Legendary Lovers|35/100
|-damage|p2a: Whimsicott|30/100
|
|-weather|SunnyDay|[upkeep]
|upkeep
|turn|4
|j| sealeo fan
|j| WahlbandHutsassa
|inactive|Poe Jar has 30 seconds left.
|inactive|Poe Jar has 20 seconds left.
|inactive|Poe Jar has 15 seconds left.
|inactive|Poe Jar has 10 seconds left.
|
|t:|1783195650
|switch|p1b: Lifetimes|Pelipper, L50, M|100/100
|-weather|RainDance|[from] ability: Drizzle|[of] p1b: Lifetimes
|move|p2a: Whimsicott|Tailwind|p2a: Whimsicott
|-sidestart|p2: Poe Jar|move: Tailwind
|move|p1a: Legendary Lovers|Reflect|p1a: Legendary Lovers
|-sidestart|p1: WarlogFV|Reflect
|move|p2b: Charizard|Weather Ball|p1b: Lifetimes
|-resisted|p1b: Lifetimes|1
|-damage|p1b: Lifetimes|67/100
|
|-weather|RainDance|[upkeep]
|upkeep
|turn|5
|l| sealeofan
|inactive|WarlogFV has 30 seconds left.
|inactive|Poe Jar has 30 seconds left.
|
|t:|1783195683
|move|p1a: Legendary Lovers|Parting Shot|p2a: Whimsicott
|-unboost|p2a: Whimsicott|atk|1
|-unboost|p2a: Whimsicott|spa|1
|
|t:|1783195697
|switch|p1a: California Gurls|Swampert-Mega, L50, M|100/100|[from] Parting Shot
|move|p2a: Whimsicott|Moonblast|p1b: Lifetimes
|-damage|p1b: Lifetimes|38/100
|-enditem|p1b: Lifetimes|Sitrus Berry|[eat]
|-heal|p1b: Lifetimes|63/100|[from] item: Sitrus Berry
|move|p2b: Charizard|Weather Ball|p1b: Lifetimes
|-resisted|p1b: Lifetimes|1
|-damage|p1b: Lifetimes|30/100
|move|p1b: Lifetimes|Tailwind|p1b: Lifetimes
|-sidestart|p1: WarlogFV|move: Tailwind
|
|-weather|RainDance|[upkeep]
|upkeep
|turn|6
|inactive|Poe Jar has 30 seconds left.
|inactive|Poe Jar has 20 seconds left.
|inactive|Poe Jar has 15 seconds left.
|inactive|Poe Jar has 10 seconds left.
|
|t:|1783195747
|switch|p2b: Garchomp|Garchomp, L50, M|100/100
|switch|p1b: Legendary Lovers|Grimmsnarl, L50, M|35/100
|move|p1a: California Gurls|Ice Punch|p2a: Whimsicott
|-supereffective|p2a: Whimsicott|1
|-damage|p2a: Whimsicott|0 fnt
|faint|p2a: Whimsicott
|
|-weather|RainDance|[upkeep]
|upkeep
|j| Autumnal Rein
|inactive|Poe Jar has 30 seconds left.
|
|t:|1783195780
|switch|p2a: Sneasler|Sneasler, L50, F|100/100
|turn|7
|inactive|Poe Jar has 30 seconds left.
|
|t:|1783195808
|move|p2b: Garchomp|Protect|p2b: Garchomp
|-singleturn|p2b: Garchomp|Protect
|move|p1b: Legendary Lovers|Parting Shot|p2b: Garchomp
|-activate|p2b: Garchomp|move: Protect
|move|p1a: California Gurls|Ice Punch|p2b: Garchomp
|-activate|p2b: Garchomp|move: Protect
|move|p2a: Sneasler|Dire Claw|p1b: Legendary Lovers
|-supereffective|p1b: Legendary Lovers|1
|-damage|p1b: Legendary Lovers|0 fnt
|faint|p1b: Legendary Lovers
|
|-weather|RainDance|[upkeep]
|-sideend|p2: Poe Jar|move: Tailwind
|upkeep
|
|t:|1783195813
|switch|p1b: T.G.I.F.|Archaludon, L50, F|100/100
|turn|8
|inactive|Poe Jar has 30 seconds left.
|inactive|Poe Jar has 20 seconds left.
|inactive|Poe Jar has 15 seconds left.
|inactive|Poe Jar has 10 seconds left.
|inactive|Poe Jar has 5 seconds left.
|
|t:|1783195864
|switch|p2b: Charizard|Charizard-Mega-Y, L50, F|100/100
|-weather|SunnyDay|[from] ability: Drought|[of] p2b: Charizard
|move|p1b: T.G.I.F.|Protect|p1b: T.G.I.F.
|-singleturn|p1b: T.G.I.F.|Protect
|move|p1a: California Gurls|Earthquake|p2b: Charizard|[spread] p2a
|-activate|p1b: T.G.I.F.|move: Protect
|-immune|p2b: Charizard
|-supereffective|p2a: Sneasler|1
|-damage|p2a: Sneasler|0 fnt
|faint|p2a: Sneasler
|
|-weather|SunnyDay|[upkeep]
|-sideend|p1: WarlogFV|move: Tailwind
|upkeep
|
|t:|1783195871
|switch|p2a: Garchomp|Garchomp, L50, M|100/100
|turn|9
|
|t:|1783195889
|switch|p1b: Lifetimes|Pelipper, L50, M|30/100
|-weather|RainDance|[from] ability: Drizzle|[of] p1b: Lifetimes
|move|p2a: Garchomp|Protect|p2a: Garchomp
|-singleturn|p2a: Garchomp|Protect
|move|p1a: California Gurls|Ice Punch|p2a: Garchomp
|-activate|p2a: Garchomp|move: Protect
|move|p2b: Charizard|Weather Ball|p1a: California Gurls
|-damage|p1a: California Gurls|47/100
|
|-weather|RainDance|[upkeep]
|upkeep
|turn|10
|
|t:|1783195903
|move|p2a: Garchomp|Protect||[still]
|-fail|p2a: Garchomp
|move|p1a: California Gurls|Ice Punch|p2a: Garchomp
|-supereffective|p2a: Garchomp|2
|-damage|p2a: Garchomp|0 fnt
|-damage|p1a: California Gurls|35/100|[from] ability: Rough Skin|[of] p2a: Garchomp
|faint|p2a: Garchomp
|move|p2b: Charizard|Weather Ball|p1a: California Gurls
|-damage|p1a: California Gurls|0 fnt
|faint|p1a: California Gurls
|move|p1b: Lifetimes|Tailwind|p1b: Lifetimes
|-sidestart|p1: WarlogFV|move: Tailwind
|
|-weather|RainDance|[upkeep]
|upkeep
|
|t:|1783195905
|switch|p1a: T.G.I.F.|Archaludon, L50, F|100/100
|turn|11
|
|t:|1783195922
|move|p1a: T.G.I.F.|Electro Shot||[still]
|-prepare|p1a: T.G.I.F.|Electro Shot
|-boost|p1a: T.G.I.F.|spa|1
|-anim|p1a: T.G.I.F.|Electro Shot|p2b: Charizard
|-supereffective|p2b: Charizard|1
|-damage|p2b: Charizard|0 fnt
|faint|p2b: Charizard
|
|win|WarlogFV
||WarlogFV is ready for game 2.
|inactive|Poe Jar has 30 seconds to confirm battle start!
|inactive|Poe Jar has 20 seconds to confirm battle start!
|l| Coldflame2802
||Poe Jar is ready for game 2.
|uhtml|next|Next: Game 2 of 3
|j| Coldflame2802
|l| Autumnal Rein
|j| Combustandy
|l| Combustandy
|j| munchie2ff
|l| Coldflame2802
|j| Coldflame2802
|j| Le Biiiiiiig Monke
|l| Le Biiiiiiig Monke
|l| munchie2ff
|l| Coldflame2802
|l| nkgill1101
|l|ŌśåPoe Jar
|player|p2|
