|j|☆dogggybears
|j|☆Flatbread42
|html|dogggybearsFlatbread42    
|uhtml|bestof|Game 3 of a best-of-3
|t:|1757207320
|gametype|doubles
|player|p1|dogggybears|roxie|1240
|player|p2|Flatbread42|169|1145
|gen|9
|tier|[Gen 9] VGC 2025 Reg H (Bo3)
|rated|
|rule|Species Clause: Limit one of each Pokémon
|rule|Item Clause: Limit 1 of each item
|clearpoke
|poke|p1|Sneasler, L50, M|
|poke|p1|Indeedee, L50, M|
|poke|p1|Volcarona, L50, F|
|poke|p1|Ursaluna-Bloodmoon, L50, M|
|poke|p1|Annihilape, L50, M|
|poke|p1|Tyranitar, L50, M|
|poke|p2|Rillaboom, L50, F|
|poke|p2|Gyarados, L50, F|
|poke|p2|Incineroar, L50, F|
|poke|p2|Gholdengo, L50|
|poke|p2|Farigiraf, L50, M|
|poke|p2|Kingambit, L50, F|
|teampreview|4
|showteam|p1|Sneasler||PsychicSeed|Unburden|CloseCombat,DireClaw,ThroatChop,Protect|||M|||50|,,,,,Dark]Indeedee||ChoiceScarf|PsychicSurge|ExpandingForce,TeraBlast,Trick,Protect|||M|||50|,,,,,Psychic]Volcarona||SitrusBerry|FlameBody|Overheat,StruggleBug,RagePowder,Tailwind|||F|||50|,,,,,Grass]Ursaluna-Bloodmoon||LifeOrb|MindsEye|BloodMoon,HyperVoice,EarthPower,Protect|||M|||50|,,,,,Normal]Annihilape||SafetyGoggles|Defiant|CloseCombat,RageFist,Taunt,FinalGambit|||M|||50|,,,,,Fairy]Tyranitar||AssaultVest|SandStream|RockSlide,KnockOff,TeraBlast,LowKick|||M|||50|,,,,,Flying
|showteam|p2|Rillaboom||AssaultVest|GrassySurge|WoodHammer,FakeOut,GrassyGlide,Uturn|||F|||50|,,,,,Poison]Gyarados||MirrorHerb|Intimidate|Protect,DragonDance,TeraBlast,Waterfall|||F|||50|,,,,,Flying]Incineroar||SafetyGoggles|Intimidate|FlareBlitz,FakeOut,KnockOff,PartingShot|||F|||50|,,,,,Ghost]Gholdengo||Leftovers|GoodasGold|Protect,NastyPlot,ShadowBall,MakeItRain||||||50|,,,,,Water]Farigiraf||ThroatSpray|ArmorTail|Protect,TrickRoom,Psychic,HyperVoice|||M|||50|,,,,,Fairy]Kingambit||BlackGlasses|Defiant|Protect,SwordsDance,SuckerPunch,KowtowCleave|||F|||50|,,,,,Dark
|inactive|Battle timer is ON: inactive players will automatically lose when time's up. (requested by Flatbread42)
|inactive|dogggybears has 60 seconds left.
|inactive|Flatbread42 has 60 seconds left.
|inactive|Flatbread42 has 30 seconds left.
|
|t:|1757207384
|teamsize|p1|4
|teamsize|p2|4
|start
|switch|p1a: Annihilape|Annihilape, L50, M|100/100
|switch|p1b: Tyranitar|Tyranitar, L50, M|100/100
|switch|p2a: Gyarados|Gyarados, L50, F|100/100
|switch|p2b: Kingambit|Kingambit, L50, F|100/100
|-ability|p2a: Gyarados|Intimidate|boost
|-unboost|p1a: Annihilape|atk|1
|-ability|p1a: Annihilape|Defiant|boost
|-boost|p1a: Annihilape|atk|2
|-unboost|p1b: Tyranitar|atk|1
|-weather|Sandstorm|[from] ability: Sand Stream|[of] p1b: Tyranitar
|-enditem|p2a: Gyarados|Mirror Herb
|-boost|p2a: Gyarados|atk|2|[from] item: Mirror Herb
|turn|1
|
|t:|1757207401
|move|p2b: Kingambit|Sucker Punch|p1a: Annihilape
|-damage|p1a: Annihilape|45/100
|move|p1a: Annihilape|Final Gambit|p2a: Gyarados
|-damage|p2a: Gyarados|46/100
|faint|p1a: Annihilape
|move|p2a: Gyarados|Waterfall|p1b: Tyranitar
|-supereffective|p1b: Tyranitar
|-damage|p1b: Tyranitar|0 fnt
|faint|p1b: Tyranitar
|
|-weather|Sandstorm|[upkeep]
|-damage|p2a: Gyarados|40/100|[from] Sandstorm
|upkeep
|
|t:|1757207406
|switch|p1a: Volcarona|Volcarona, L50, F|100/100
|switch|p1b: Ursaluna|Ursaluna-Bloodmoon, L50, M|100/100
|turn|2
|inactive|Flatbread42 has 30 seconds left.
|inactive|Flatbread42 has 20 seconds left.
|inactive|Flatbread42 has 15 seconds left.
|inactive|Flatbread42 has 10 seconds left.
|
|t:|1757207454
|switch|p2b: Incineroar|Incineroar, L50, F|100/100
|-ability|p2b: Incineroar|Intimidate|boost
|-unboost|p1a: Volcarona|atk|1
|-unboost|p1b: Ursaluna|atk|1
|-terastallize|p1b: Ursaluna|Normal
|move|p2a: Gyarados|Protect|p2a: Gyarados
|-singleturn|p2a: Gyarados|Protect
|move|p1a: Volcarona|Tailwind|p1a: Volcarona
|-sidestart|p1: dogggybears|move: Tailwind
|move|p1b: Ursaluna|Hyper Voice|p2b: Incineroar|[spread] p2b
|-activate|p2a: Gyarados|move: Protect
|-damage|p2b: Incineroar|41/100
|-damage|p1b: Ursaluna|91/100|[from] item: Life Orb
|
|-weather|Sandstorm|[upkeep]
|-damage|p1a: Volcarona|94/100|[from] Sandstorm
|-damage|p1b: Ursaluna|85/100|[from] Sandstorm
|-damage|p2a: Gyarados|34/100|[from] Sandstorm
|upkeep
|turn|3
|inactive|dogggybears has 30 seconds left.
|
|t:|1757207486
|move|p2b: Incineroar|Fake Out|p1b: Ursaluna
|-damage|p1b: Ursaluna|76/100
|move|p1a: Volcarona|Overheat|p2a: Gyarados
|-resisted|p2a: Gyarados
|-damage|p2a: Gyarados|4/100
|-unboost|p1a: Volcarona|spa|2
|cant|p1b: Ursaluna|flinch
|move|p2a: Gyarados|Waterfall|p1a: Volcarona
|-supereffective|p1a: Volcarona
|-damage|p1a: Volcarona|0 fnt
|-status|p2a: Gyarados|brn|[from] ability: Flame Body|[of] p1a: Volcarona
|faint|p1a: Volcarona
|
|-weather|Sandstorm|[upkeep]
|-damage|p1b: Ursaluna|70/100|[from] Sandstorm
|-damage|p2a: Gyarados|0 fnt|[from] Sandstorm
|faint|p2a: Gyarados
|upkeep
|inactive|Flatbread42 has 30 seconds left.
|inactive|Flatbread42 has 20 seconds left.
|inactive|Flatbread42 has 15 seconds left.
|
|t:|1757207530
|switch|p2a: Kingambit|Kingambit, L50, F|100/100
|turn|4
|
|t:|1757207537
|move|p2a: Kingambit|Protect|p2a: Kingambit
|-singleturn|p2a: Kingambit|Protect
|move|p1b: Ursaluna|Hyper Voice|p2a: Kingambit|[spread] p2b
|-activate|p2a: Kingambit|move: Protect
|-damage|p2b: Incineroar|0 fnt
|faint|p2b: Incineroar
|-damage|p1b: Ursaluna|61/100|[from] item: Life Orb
|
|-weather|Sandstorm|[upkeep]
|-damage|p1b: Ursaluna|55/100|[from] Sandstorm
|upkeep
|
|t:|1757207544
|switch|p2b: Gholdengo|Gholdengo, L50|100/100
|turn|5
|
|t:|1757207552
|-terastallize|p2a: Kingambit|Dark
|move|p2b: Gholdengo|Protect|p2b: Gholdengo
|-singleturn|p2b: Gholdengo|Protect
|move|p2a: Kingambit|Sucker Punch|p1b: Ursaluna
|-damage|p1b: Ursaluna|2/100
|move|p1b: Ursaluna|Blood Moon|p2a: Kingambit
|-damage|p2a: Kingambit|0 fnt
|faint|p2a: Kingambit
|-damage|p1b: Ursaluna|0 fnt|[from] item: Life Orb
|faint|p1b: Ursaluna
|
|win|Flatbread42
|raw|dogggybears's rating: 1240 → 1208(-32 for losing)
|raw|Flatbread42's rating: 1145 → 1177(+32 for winning)
