|j|☆pantsuit
|j|☆dogggybears
|html|pantsuitdogggybears    
|uhtml|bestof|Game 2 of a best-of-3
|t:|1757207835
|gametype|doubles
|player|p1|pantsuit|102|1249
|player|p2|dogggybears|roxie|1208
|gen|9
|tier|[Gen 9] VGC 2025 Reg H (Bo3)
|rated|
|rule|Species Clause: Limit one of each Pokémon
|rule|Item Clause: Limit 1 of each item
|clearpoke
|poke|p1|Sneasler, L50, F|
|poke|p1|Indeedee, L50, M|
|poke|p1|Annihilape, L50, M|
|poke|p1|Tyranitar, L50, M|
|poke|p1|Corviknight, L50, F|
|poke|p1|Excadrill, L50, M|
|poke|p2|Sneasler, L50, F|
|poke|p2|Indeedee, L50, M|
|poke|p2|Volcarona, L50, F|
|poke|p2|Ursaluna-Bloodmoon, L50, M|
|poke|p2|Annihilape, L50, F|
|poke|p2|Tyranitar, L50, M|
|teampreview|4
|showteam|p1|Sneasler||PsychicSeed|Unburden|CloseCombat,DireClaw,ThroatChop,Protect|||F|||50|,,,,,Dark]Indeedee||ChoiceScarf|PsychicSurge|ExpandingForce,TeraBlast,Trick,Protect|||M|||50|,,,,,Psychic]Annihilape||SafetyGoggles|Defiant|CloseCombat,RageFist,Taunt,FinalGambit|||M|||50|,,,,,Water]Tyranitar||AssaultVest|SandStream|RockSlide,KnockOff,TeraBlast,LowKick|||M|||50|,,,,,Flying]Corviknight||Leftovers|MirrorArmor|BraveBird,BulkUp,Roost,Tailwind|||F|||50|,,,,,Dragon]Excadrill||FocusSash|SandRush|IronHead,HighHorsepower,Earthquake,Protect|||M|||50|,,,,,Stellar
|showteam|p2|Sneasler||PsychicSeed|Unburden|CloseCombat,DireClaw,ThroatChop,Protect|||F|||50|,,,,,Dark]Indeedee||ChoiceScarf|PsychicSurge|ExpandingForce,TeraBlast,Trick,Protect|||M|||50|,,,,,Psychic]Volcarona||SitrusBerry|FlameBody|Overheat,StruggleBug,RagePowder,Tailwind|||F|||50|,,,,,Grass]Ursaluna-Bloodmoon||LifeOrb|MindsEye|BloodMoon,HyperVoice,EarthPower,Protect|||M|||50|,,,,,Normal]Annihilape||SafetyGoggles|Defiant|CloseCombat,RageFist,Taunt,FinalGambit|||F|||50|,,,,,Fairy]Tyranitar||AssaultVest|SandStream|RockSlide,KnockOff,TeraBlast,LowKick|||M|||50|,,,,,Flying
|inactive|Battle timer is ON: inactive players will automatically lose when time's up. (requested by pantsuit)
|
|t:|1757207895
|teamsize|p1|4
|teamsize|p2|4
|start
|switch|p1a: Tyranitar|Tyranitar, L50, M|100/100
|switch|p1b: Excadrill|Excadrill, L50, M|100/100
|switch|p2a: Annihilape|Annihilape, L50, F|100/100
|switch|p2b: Tyranitar|Tyranitar, L50, M|100/100
|-weather|Sandstorm|[from] ability: Sand Stream|[of] p1a: Tyranitar
|turn|1
|inactive|dogggybears has 30 seconds left.
|
|t:|1757207923
|-terastallize|p1a: Tyranitar|Flying
|move|p1b: Excadrill|Earthquake|p2a: Annihilape|[spread] p2a,p2b
|-immune|p1a: Tyranitar
|-crit|p2a: Annihilape
|-supereffective|p2b: Tyranitar
|-damage|p2a: Annihilape|30/100
|-damage|p2b: Tyranitar|17/100
|move|p2a: Annihilape|Close Combat|p1b: Excadrill
|-supereffective|p1b: Excadrill
|-crit|p1b: Excadrill
|-enditem|p1b: Excadrill|Focus Sash
|-damage|p1b: Excadrill|1/100
|-unboost|p2a: Annihilape|def|1
|-unboost|p2a: Annihilape|spd|1
|move|p2b: Tyranitar|Rock Slide|p1a: Tyranitar|[spread] p1a,p1b
|-supereffective|p1a: Tyranitar
|-crit|p1a: Tyranitar
|-resisted|p1b: Excadrill
|-damage|p1a: Tyranitar|12/100
|-damage|p1b: Excadrill|0 fnt
|faint|p1b: Excadrill
|move|p1a: Tyranitar|Low Kick|p2b: Tyranitar
|-supereffective|p2b: Tyranitar
|-damage|p2b: Tyranitar|0 fnt
|faint|p2b: Tyranitar
|
|-weather|Sandstorm|[upkeep]
|-damage|p1a: Tyranitar|6/100|[from] Sandstorm
|upkeep
|
|t:|1757207938
|switch|p1b: Corviknight|Corviknight, L50, F|100/100
|switch|p2b: Volcarona|Volcarona, L50, F|100/100
|turn|2
|
|t:|1757207947
|switch|p1b: Sneasler|Sneasler, L50, F|100/100
|move|p2b: Volcarona|Overheat|p1b: Sneasler|[miss]
|-miss|p2b: Volcarona|p1b: Sneasler
|move|p2a: Annihilape|Rage Fist|p1a: Tyranitar
|-damage|p1a: Tyranitar|0 fnt
|faint|p1a: Tyranitar
|
|-weather|Sandstorm|[upkeep]
|-damage|p1b: Sneasler|95/100|[from] Sandstorm
|-damage|p2b: Volcarona|94/100|[from] Sandstorm
|upkeep
|
|t:|1757207955
|switch|p1a: Corviknight|Corviknight, L50, F|100/100
|turn|3
|
|t:|1757207978
|move|p1b: Sneasler|Dire Claw|p2b: Volcarona
|-damage|p2b: Volcarona|40/100
|-enditem|p2b: Volcarona|Sitrus Berry|[eat]
|-heal|p2b: Volcarona|65/100|[from] item: Sitrus Berry
|move|p2b: Volcarona|Overheat|p1a: Corviknight
|-supereffective|p1a: Corviknight
|-crit|p1a: Corviknight
|-damage|p1a: Corviknight|0 fnt
|-unboost|p2b: Volcarona|spa|2
|faint|p1a: Corviknight
|move|p2a: Annihilape|Rage Fist|p1b: Sneasler
|-damage|p1b: Sneasler|30/100
|
|-weather|Sandstorm|[upkeep]
|-damage|p1b: Sneasler|24/100|[from] Sandstorm
|-damage|p2b: Volcarona|59/100|[from] Sandstorm
|upkeep
|turn|4
|
|t:|1757207989
|move|p1b: Sneasler|Dire Claw|p2a: Annihilape
|-resisted|p2a: Annihilape
|-damage|p2a: Annihilape|0 fnt
|faint|p2a: Annihilape
|move|p2b: Volcarona|Tailwind|p2b: Volcarona
|-sidestart|p2: dogggybears|move: Tailwind
|
|-weather|Sandstorm|[upkeep]
|-damage|p2b: Volcarona|53/100|[from] Sandstorm
|-damage|p1b: Sneasler|18/100|[from] Sandstorm
|upkeep
|
|t:|1757207993
|switch|p2a: Ursaluna|Ursaluna-Bloodmoon, L50, M|100/100
|turn|5
|
|t:|1757207998
|move|p2b: Volcarona|Rage Powder|p2b: Volcarona
|-singleturn|p2b: Volcarona|move: Rage Powder
|move|p2a: Ursaluna|Blood Moon|p1b: Sneasler
|-damage|p1b: Sneasler|0 fnt
|faint|p1b: Sneasler
|-damage|p2a: Ursaluna|91/100|[from] item: Life Orb
|
|win|dogggybears
||pantsuit is ready for game 3.
||dogggybears is ready for game 3.
|uhtml|next|Next: Game 3 of 3
|l|☆pantsuit
|player|p1|
