|j|☆direclawexperience
|j|☆spacesnake11
|html|direclawexperiencespacesnake11    
|uhtml|bestof|Game 2 of a best-of-3
|t:|1757689039
|gametype|doubles
|player|p1|direclawexperience|benga|1423
|player|p2|spacesnake11|ghetsis|1376
|gen|9
|tier|[Gen 9] VGC 2025 Reg H (Bo3)
|rated|
|rule|Species Clause: Limit one of each Pokémon
|rule|Item Clause: Limit 1 of each item
|clearpoke
|poke|p1|Ursaluna-Bloodmoon, L50, M|
|poke|p1|Rillaboom, L50, F|
|poke|p1|Incineroar, L50, F|
|poke|p1|Sneasler, L50, M|
|poke|p1|Annihilape, L50, M|
|poke|p1|Gholdengo, L50|
|poke|p2|Baxcalibur, L50, F|
|poke|p2|Sneasler, L50, F|
|poke|p2|Rillaboom, L50, M|
|poke|p2|Kingambit, L50, F|
|poke|p2|Volcarona, L50, F|
|poke|p2|Dondozo, L50, F|
|teampreview|4
|showteam|p1|Ursaluna-Bloodmoon||Leftovers|MindsEye|BloodMoon,EarthPower,CalmMind,Protect|||M|||50|,,,,,Water]Rillaboom||AssaultVest|GrassySurge|DrumBeating,GrassyGlide,HighHorsepower,FakeOut|||F|||50|,,,,,Fire]Incineroar||SitrusBerry|Intimidate|KnockOff,PartingShot,FlareBlitz,FakeOut|||F|||50|,,,,,Ghost]Sneasler||GrassySeed|Unburden|CloseCombat,DireClaw,Acrobatics,Protect|||M|||50|,,,,,Flying]Annihilape||SafetyGoggles|Defiant|CloseCombat,RageFist,FinalGambit,Coaching|||M|||50|,,,,,Grass]Gholdengo||ChoiceScarf|GoodasGold|MakeItRain,ShadowBall,Trick,Protect||||||50|,,,,,Steel
|showteam|p2|Baxcalibur||LoadedDice|ThermalExchange|ScaleShot,IcicleSpear,IceShard,Protect|||F|||50|,,,,,Ghost]Sneasler||FocusSash|Unburden|DireClaw,CloseCombat,Coaching,Protect|||F|||50|,,,,,Ghost]Rillaboom||AssaultVest|GrassySurge|FakeOut,GrassyGlide,WoodHammer,HighHorsepower|||M|||50|,,,,,Fire]Kingambit||SafetyGoggles|Defiant|KowtowCleave,SuckerPunch,SwordsDance,Protect|||F|||50|,,,,,Ghost]Volcarona||CovertCloak|FlameBody|HeatWave,TeraBlast,QuiverDance,RagePowder|||F|||50|,,,,,Fairy]Dondozo||Leftovers|Unaware|WaveCrash,Fissure,Yawn,Protect|||F|||50|,,,,,Poison
|inactive|Battle timer is ON: inactive players will automatically lose when time's up. (requested by direclawexperience)
|inactive|direclawexperience has 60 seconds left.
|inactive|spacesnake11 has 60 seconds left.
|inactive|direclawexperience has 30 seconds left.
|inactive|direclawexperience has 20 seconds left.
|inactive|direclawexperience has 15 seconds left.
|inactive|direclawexperience has 10 seconds left.
|
|t:|1757689120
|teamsize|p1|4
|teamsize|p2|4
|start
|switch|p1a: Incineroar|Incineroar, L50, F|100/100
|switch|p1b: Annihilape|Annihilape, L50, M|100/100
|switch|p2a: Sneasler|Sneasler, L50, F|100/100
|switch|p2b: Dondozo|Dondozo, L50, F|100/100
|-ability|p1a: Incineroar|Intimidate|boost
|-unboost|p2a: Sneasler|atk|1
|-unboost|p2b: Dondozo|atk|1
|turn|1
|inactive|spacesnake11 has 30 seconds left.
|inactive|direclawexperience has 30 seconds left.
|inactive|spacesnake11 has 20 seconds left.
|inactive|spacesnake11 has 15 seconds left.
|inactive|spacesnake11 has 10 seconds left.
|
|t:|1757689167
|move|p2a: Sneasler|Coaching|p2b: Dondozo
|-boost|p2b: Dondozo|atk|1
|-boost|p2b: Dondozo|def|1
|move|p1b: Annihilape|Rage Fist|p2a: Sneasler
|-damage|p2a: Sneasler|66/100
|move|p1a: Incineroar|Knock Off|p2b: Dondozo
|-damage|p2b: Dondozo|81/100
|-enditem|p2b: Dondozo|Leftovers|[from] move: Knock Off|[of] p1a: Incineroar
|move|p2b: Dondozo|Fissure|p1b: Annihilape|[miss]
|-miss|p2b: Dondozo|p1b: Annihilape
|
|upkeep
|turn|2
|inactive|direclawexperience has 30 seconds left.
|inactive|direclawexperience has 20 seconds left.
|inactive|direclawexperience has 15 seconds left.
|inactive|direclawexperience has 10 seconds left.
|inactive|direclawexperience has 5 seconds left.
|
|t:|1757689219
|switch|p1a: Sneasler|Sneasler, L50, M|100/100
|move|p2b: Dondozo|Protect|p2b: Dondozo
|-singleturn|p2b: Dondozo|Protect
|move|p2a: Sneasler|Dire Claw|p1b: Annihilape
|-resisted|p1b: Annihilape
|-damage|p1b: Annihilape|86/100
|move|p1b: Annihilape|Final Gambit|p2b: Dondozo
|-activate|p2b: Dondozo|move: Protect
|
|upkeep
|turn|3
|inactive|spacesnake11 has 30 seconds left.
|inactive|spacesnake11 has 20 seconds left.
|inactive|spacesnake11 has 15 seconds left.
|inactive|spacesnake11 has 10 seconds left.
|
|t:|1757689264
|switch|p1b: Rillaboom|Rillaboom, L50, F|100/100
|-fieldstart|move: Grassy Terrain|[from] ability: Grassy Surge|[of] p1b: Rillaboom
|-enditem|p1a: Sneasler|Grassy Seed
|-boost|p1a: Sneasler|def|1|[from] item: Grassy Seed
|move|p1a: Sneasler|Acrobatics|p2a: Sneasler
|-supereffective|p2a: Sneasler
|-damage|p2a: Sneasler|0 fnt
|faint|p2a: Sneasler
|move|p2b: Dondozo|Fissure|p1b: Rillaboom|[miss]
|-miss|p2b: Dondozo|p1b: Rillaboom
|
|-heal|p2b: Dondozo|88/100|[from] Grassy Terrain
|upkeep
|
|t:|1757689279
|switch|p2a: Baxcalibur|Baxcalibur, L50, F|100/100
|turn|4
|
|t:|1757689302
|switch|p1b: Incineroar|Incineroar, L50, F|100/100
|-ability|p1b: Incineroar|Intimidate|boost
|-unboost|p2a: Baxcalibur|atk|1
|-unboost|p2b: Dondozo|atk|1
|-terastallize|p2b: Dondozo|Poison
|move|p2a: Baxcalibur|Protect|p2a: Baxcalibur
|-singleturn|p2a: Baxcalibur|Protect
|move|p1a: Sneasler|Dire Claw|p2b: Dondozo
|-resisted|p2b: Dondozo
|-damage|p2b: Dondozo|79/100
|move|p2b: Dondozo|Yawn|p1a: Sneasler
|-start|p1a: Sneasler|move: Yawn|[of] p2b: Dondozo
|
|-heal|p2b: Dondozo|85/100|[from] Grassy Terrain
|upkeep
|turn|5
|
|t:|1757689327
|switch|p2a: Rillaboom|Rillaboom, L50, M|100/100
|move|p1a: Sneasler|Close Combat|p2a: Rillaboom
|-damage|p2a: Rillaboom|43/100
|-unboost|p1a: Sneasler|def|1
|-unboost|p1a: Sneasler|spd|1
|move|p1b: Incineroar|Parting Shot|p2b: Dondozo
|-unboost|p2b: Dondozo|atk|1
|-unboost|p2b: Dondozo|spa|1
|
|t:|1757689340
|switch|p1b: Rillaboom|Rillaboom, L50, F|100/100|[from] Parting Shot
|move|p2b: Dondozo|Fissure|p1b: Rillaboom|[miss]
|-miss|p2b: Dondozo|p1b: Rillaboom
|
|-heal|p2a: Rillaboom|49/100|[from] Grassy Terrain
|-heal|p2b: Dondozo|91/100|[from] Grassy Terrain
|-end|p1a: Sneasler|move: Yawn|[silent]
|-status|p1a: Sneasler|slp
|upkeep
|turn|6
|inactive|direclawexperience has 30 seconds left.
|
|t:|1757689370
|switch|p1a: Incineroar|Incineroar, L50, F|100/100
|-ability|p1a: Incineroar|Intimidate|boost
|-unboost|p2a: Rillaboom|atk|1
|-unboost|p2b: Dondozo|atk|1
|move|p1b: Rillaboom|High Horsepower|p2b: Dondozo
|-supereffective|p2b: Dondozo
|-damage|p2b: Dondozo|67/100
|move|p2a: Rillaboom|High Horsepower|p1a: Incineroar
|-supereffective|p1a: Incineroar
|-damage|p1a: Incineroar|55/100
|move|p2b: Dondozo|Fissure|p1b: Rillaboom|[miss]
|-miss|p2b: Dondozo|p1b: Rillaboom
|
|-heal|p2a: Rillaboom|55/100|[from] Grassy Terrain
|-heal|p1a: Incineroar|61/100|[from] Grassy Terrain
|-heal|p2b: Dondozo|73/100|[from] Grassy Terrain
|upkeep
|turn|7
|
|t:|1757689390
|switch|p2a: Baxcalibur|Baxcalibur, L50, F|100/100
|move|p2b: Dondozo|Protect|p2b: Dondozo
|-singleturn|p2b: Dondozo|Protect
|move|p1b: Rillaboom|High Horsepower|p2b: Dondozo
|-activate|p2b: Dondozo|move: Protect
|move|p1a: Incineroar|Knock Off|p2a: Baxcalibur
|-damage|p2a: Baxcalibur|56/100
|-enditem|p2a: Baxcalibur|Loaded Dice|[from] move: Knock Off|[of] p1a: Incineroar
|
|-heal|p2a: Baxcalibur|62/100|[from] Grassy Terrain
|-heal|p1a: Incineroar|67/100|[from] Grassy Terrain
|-heal|p2b: Dondozo|80/100|[from] Grassy Terrain
|-fieldend|move: Grassy Terrain
|upkeep
|turn|8
|inactive|direclawexperience has 30 seconds left.
|
|t:|1757689418
|move|p2a: Baxcalibur|Scale Shot|p1a: Incineroar
|-damage|p1a: Incineroar|52/100
|-damage|p1a: Incineroar|37/100
|-enditem|p1a: Incineroar|Sitrus Berry|[eat]
|-heal|p1a: Incineroar|62/100|[from] item: Sitrus Berry
|-hitcount|p1a: Incineroar|2
|-unboost|p2a: Baxcalibur|def|1
|-boost|p2a: Baxcalibur|spe|1
|move|p1b: Rillaboom|High Horsepower|p2b: Dondozo
|-supereffective|p2b: Dondozo
|-damage|p2b: Dondozo|56/100
|move|p1a: Incineroar|Parting Shot|p2a: Baxcalibur
|-unboost|p2a: Baxcalibur|atk|1
|-unboost|p2a: Baxcalibur|spa|1
|
|t:|1757689431
|switch|p1a: Sneasler|Sneasler, L50, M|100/100 slp|[from] Parting Shot
|move|p2b: Dondozo|Wave Crash|p1a: Sneasler
|-damage|p1a: Sneasler|71/100 slp
|-damage|p2b: Dondozo|49/100|[from] Recoil
|
|upkeep
|turn|9
|
|t:|1757689448
|-terastallize|p1b: Rillaboom|Fire
|move|p2a: Baxcalibur|Icicle Spear|p1a: Sneasler
|-damage|p1a: Sneasler|57/100 slp
|-damage|p1a: Sneasler|43/100 slp
|-damage|p1a: Sneasler|28/100 slp
|-hitcount|p1a: Sneasler|3
|cant|p1a: Sneasler|slp
|move|p1b: Rillaboom|High Horsepower|p2a: Baxcalibur
|-damage|p2a: Baxcalibur|21/100
|move|p2b: Dondozo|Fissure|p1b: Rillaboom|[miss]
|-miss|p2b: Dondozo|p1b: Rillaboom
|
|upkeep
|turn|10
|inactive|spacesnake11 has 30 seconds left.
|inactive|spacesnake11 has 20 seconds left.
|
|t:|1757689487
|switch|p2a: Rillaboom|Rillaboom, L50, M|55/100
|-fieldstart|move: Grassy Terrain|[from] ability: Grassy Surge|[of] p2a: Rillaboom
|switch|p1a: Incineroar|Incineroar, L50, F|62/100
|-ability|p1a: Incineroar|Intimidate|boost
|-unboost|p2a: Rillaboom|atk|1
|-unboost|p2b: Dondozo|atk|1
|move|p1b: Rillaboom|High Horsepower|p2b: Dondozo
|-supereffective|p2b: Dondozo
|-damage|p2b: Dondozo|26/100
|move|p2b: Dondozo|Fissure|p1b: Rillaboom|[miss]
|-miss|p2b: Dondozo|p1b: Rillaboom
|
|-heal|p2a: Rillaboom|61/100|[from] Grassy Terrain
|-heal|p1a: Incineroar|68/100|[from] Grassy Terrain
|-heal|p2b: Dondozo|32/100|[from] Grassy Terrain
|upkeep
|turn|11
|inactive|spacesnake11 has 30 seconds left.
|
|t:|1757689520
|move|p2b: Dondozo|Protect|p2b: Dondozo
|-singleturn|p2b: Dondozo|Protect
|move|p1b: Rillaboom|High Horsepower|p2b: Dondozo
|-activate|p2b: Dondozo|move: Protect
|move|p2a: Rillaboom|Wood Hammer|p1a: Incineroar
|-resisted|p1a: Incineroar
|-damage|p1a: Incineroar|39/100
|-damage|p2a: Rillaboom|51/100|[from] Recoil
|move|p1a: Incineroar|Flare Blitz|p2a: Rillaboom
|-supereffective|p2a: Rillaboom
|-damage|p2a: Rillaboom|0 fnt
|faint|p2a: Rillaboom
|-damage|p1a: Incineroar|22/100|[from] Recoil
|
|-heal|p1a: Incineroar|28/100|[from] Grassy Terrain
|-heal|p2b: Dondozo|38/100|[from] Grassy Terrain
|upkeep
|
|t:|1757689530
|switch|p2a: Baxcalibur|Baxcalibur, L50, F|21/100
|turn|12
|
|t:|1757689551
|move|p2a: Baxcalibur|Protect|p2a: Baxcalibur
|-singleturn|p2a: Baxcalibur|Protect
|move|p1b: Rillaboom|Drum Beating|p2a: Baxcalibur
|-activate|p2a: Baxcalibur|move: Protect
|move|p1a: Incineroar|Knock Off|p2b: Dondozo
|-damage|p2b: Dondozo|26/100
|move|p2b: Dondozo|Fissure|p1b: Rillaboom|[miss]
|-miss|p2b: Dondozo|p1b: Rillaboom
|
|-heal|p2a: Baxcalibur|27/100|[from] Grassy Terrain
|-heal|p1a: Incineroar|34/100|[from] Grassy Terrain
|-heal|p2b: Dondozo|32/100|[from] Grassy Terrain
|upkeep
|turn|13
|inactive|spacesnake11 has 30 seconds left.
|
|t:|1757689584
|move|p2a: Baxcalibur|Scale Shot|p1a: Incineroar
|-damage|p1a: Incineroar|22/100
|-damage|p1a: Incineroar|8/100
|-damage|p1a: Incineroar|0 fnt
|faint|p1a: Incineroar
|-hitcount|p1: Incineroar|3
|-unboost|p2a: Baxcalibur|def|1
|-boost|p2a: Baxcalibur|spe|1
|move|p1b: Rillaboom|Drum Beating|p2a: Baxcalibur
|-resisted|p2a: Baxcalibur
|-crit|p2a: Baxcalibur
|-damage|p2a: Baxcalibur|0 fnt
|faint|p2a: Baxcalibur
|move|p2b: Dondozo|Fissure|p1b: Rillaboom|[miss]
|-miss|p2b: Dondozo|p1b: Rillaboom
|
|-heal|p2b: Dondozo|38/100|[from] Grassy Terrain
|upkeep
|
|t:|1757689593
|switch|p1a: Annihilape|Annihilape, L50, M|86/100
|turn|14
|
|t:|1757689606
|move|p2b: Dondozo|Protect|p2b: Dondozo
|-singleturn|p2b: Dondozo|Protect
|move|p1a: Annihilape|Final Gambit|p2b: Dondozo
|-activate|p2b: Dondozo|move: Protect
|move|p1b: Rillaboom|Drum Beating|p2b: Dondozo
|-activate|p2b: Dondozo|move: Protect
|
|-heal|p1a: Annihilape|92/100|[from] Grassy Terrain
|-heal|p2b: Dondozo|45/100|[from] Grassy Terrain
|-fieldend|move: Grassy Terrain
|upkeep
|turn|15
|
|t:|1757689612
|switch|p1b: Sneasler|Sneasler, L50, M|28/100 slp
|move|p1a: Annihilape|Final Gambit|p2b: Dondozo
|-damage|p2b: Dondozo|0 fnt
|faint|p1a: Annihilape
|faint|p2b: Dondozo
|
|win|direclawexperience
|l|☆direclawexperience
|player|p1|
||direclawexperience is ready for game 3.
|inactive|spacesnake11 has 30 seconds to confirm battle start!
||spacesnake11 is ready for game 3.
|uhtml|next|Next: Game 3 of 3
