|j|☆dantoaster
|j|☆FlubberMane
|html|dantoasterFlubberMane    
|uhtml|bestof|Game 2 of a best-of-3
|t:|1783455229
|gametype|doubles
|player|p1|dantoaster|n|1097
|player|p2|FlubberMane|miku-psychic|1000
|gen|9
|tier|[Gen 9 Champions] VGC 2026 Reg M-B (Bo3)
|rated|
|rule|Species Clause: Limit one of each Pokémon
|rule|Item Clause: Limit 1 of each item
|clearpoke
|poke|p1|Araquanid, L50, F|
|poke|p1|Incineroar, L50, F|
|poke|p1|Decidueye, L50, M|
|poke|p1|Hydreigon, L50, F|
|poke|p1|Lucario, L50, F|
|poke|p1|Aerodactyl, L50, F|
|poke|p2|Floette-Eternal, L50, F|
|poke|p2|Delphox, L50, F|
|poke|p2|Kingambit, L50, M|
|poke|p2|Sneasler, L50, M|
|poke|p2|Sinistcha, L50|
|poke|p2|Incineroar, L50, F|
|teampreview|4
|showteam|p1|Araquanid||MysticWater|WaterBubble|Liquidation,Lunge,WideGuard,Protect|Adamant||F|||50|]Incineroar||ChopleBerry|Intimidate|FakeOut,FlareBlitz,DarkestLariat,PartingShot|Careful||F|||50|]Decidueye||SpellTag|LongReach|Protect,SpiritShackle,LeafBlade,ShadowSneak|Adamant||M|||50|]Hydreigon||ChoiceScarf|Levitate|DragonPulse,EarthPower,DarkPulse,Snarl|Modest||F|||50|]Lucario||Lucarionite|InnerFocus|AuraSphere,FlashCannon,VacuumWave,Protect|Timid||F|||50|]Aerodactyl||FocusSash|Unnerve|DualWingbeat,RockSlide,Tailwind,Protect|Jolly||F|||50|
|showteam|p2|Floette-Eternal||Floettite|FlowerVeil|Protect,CalmMind,DazzlingGleam,DrainingKiss|Modest||F|||50|]Delphox||Delphoxite|Blaze|HeatWave,Psychic,NastyPlot,Protect|Timid||F|||50|]Kingambit||BlackGlasses|Defiant|SuckerPunch,KowtowCleave,SwordsDance,Protect|Adamant||M|||50|]Sneasler||FocusSash|PoisonTouch|FakeOut,PoisonJab,CloseCombat,QuickGuard|Jolly||M|||50|]Sinistcha||KasibBerry|Hospitality|MatchaGotcha,RagePowder,Protect,TrickRoom|Calm|||||50|]Incineroar||SitrusBerry|Intimidate|FakeOut,FlareBlitz,ThroatChop,PartingShot|Bold||F|||50|
|
|t:|1783455252
|teamsize|p1|4
|teamsize|p2|4
|start
|switch|p1a: Pete|Aerodactyl, L50, F|100/100
|switch|p1b: Bloop|Lucario, L50, F|100/100
|switch|p2a: Floette|Floette-Eternal, L50, F|100/100
|switch|p2b: Incineroar|Incineroar, L50, F|100/100
|-ability|p1a: Pete|Unnerve
|-ability|p2b: Incineroar|Intimidate|boost
|-unboost|p1a: Pete|atk|1
|-fail|p1b: Bloop|unboost|Attack|[from] ability: Inner Focus|[of] p1b: Bloop
|turn|1
|inactive|Battle timer is ON: inactive players will automatically lose when time's up. (requested by dantoaster)
|inactive|dantoaster has 60 seconds left.
|
|t:|1783455290
|detailschange|p1b: Bloop|Lucario-Mega, L50, F
|-mega|p1b: Bloop|Lucario|Lucarionite
|detailschange|p2a: Floette|Floette-Mega, L50, F
|-mega|p2a: Floette|Floette|Floettite
|-ability|p2a: Floette|Fairy Aura
|move|p2b: Incineroar|Fake Out|p1a: Pete
|-resisted|p1a: Pete|1
|-damage|p1a: Pete|92/100
|cant|p1a: Pete|flinch
|move|p1b: Bloop|Flash Cannon|p2a: Floette
|-supereffective|p2a: Floette|1
|-crit|p2a: Floette
|-damage|p2a: Floette|0 fnt
|faint|p2a: Floette
|
|upkeep
|
|t:|1783455301
|switch|p2a: Sneasler|Sneasler, L50, M|100/100
|turn|2
|inactive|dantoaster has 30 seconds left.
|inactive|dantoaster has 20 seconds left.
|
|t:|1783455336
|move|p1b: Bloop|Protect|p1b: Bloop
|-singleturn|p1b: Bloop|Protect
|move|p2a: Sneasler|Fake Out|p1a: Pete
|-resisted|p1a: Pete|1
|-damage|p1a: Pete|81/100
|cant|p1a: Pete|flinch
|move|p2b: Incineroar|Flare Blitz|p1b: Bloop
|-activate|p1b: Bloop|move: Protect
|
|upkeep
|turn|3
|
|t:|1783455360
|switch|p1b: Huey!|Incineroar, L50, F|100/100
|-ability|p1b: Huey!|Intimidate|boost
|-unboost|p2a: Sneasler|atk|1
|-unboost|p2b: Incineroar|atk|1
|move|p1a: Pete|Rock Slide|p2a: Sneasler|[spread] p2a,p2b
|-resisted|p2a: Sneasler|1
|-supereffective|p2b: Incineroar|1
|-damage|p2a: Sneasler|84/100
|-damage|p2b: Incineroar|73/100
|cant|p2a: Sneasler|flinch
|move|p2b: Incineroar|Parting Shot|p1a: Pete
|-unboost|p1a: Pete|atk|1
|-unboost|p1a: Pete|spa|1
|
|t:|1783455363
|switch|p2b: Sinistcha|Sinistcha, L50|100/100|[from] Parting Shot
|-heal|p2a: Sneasler|100/100|[from] ability: Hospitality|[of] p2b: Sinistcha
|
|upkeep
|turn|4
|inactive|dantoaster has 30 seconds left.
|
|t:|1783455389
|switch|p1a: Flower|Hydreigon, L50, F|100/100
|switch|p2a: Incineroar|Incineroar, L50, F|73/100
|-ability|p2a: Incineroar|Intimidate|boost
|-unboost|p1a: Flower|atk|1
|-unboost|p1b: Huey!|atk|1
|move|p2b: Sinistcha|Protect|p2b: Sinistcha
|-singleturn|p2b: Sinistcha|Protect
|move|p1b: Huey!|Fake Out|p2a: Incineroar
|-damage|p2a: Incineroar|67/100
|
|upkeep
|turn|5
|
|t:|1783455413
|move|p2b: Sinistcha|Protect|p2b: Sinistcha
|-singleturn|p2b: Sinistcha|Protect
|move|p1a: Flower|Dark Pulse|p2b: Sinistcha
|-activate|p2b: Sinistcha|move: Protect
|move|p2a: Incineroar|Parting Shot|p1b: Huey!
|-unboost|p1b: Huey!|atk|1
|-unboost|p1b: Huey!|spa|1
|
|t:|1783455420
|switch|p2a: Sneasler|Sneasler, L50, M|100/100|[from] Parting Shot
|move|p1b: Huey!|Flare Blitz|p2b: Sinistcha
|-activate|p2b: Sinistcha|move: Protect
|
|upkeep
|turn|6
|
|t:|1783455430
|switch|p2b: Incineroar|Incineroar, L50, F|67/100
|-ability|p2b: Incineroar|Intimidate|boost
|-unboost|p1a: Flower|atk|1
|-unboost|p1b: Huey!|atk|1
|move|p1a: Flower|Dark Pulse|p2b: Incineroar
|-resisted|p2b: Incineroar|1
|-damage|p2b: Incineroar|46/100
|-enditem|p2b: Incineroar|Sitrus Berry|[eat]
|-heal|p2b: Incineroar|71/100|[from] item: Sitrus Berry
|move|p2a: Sneasler|Close Combat|p1a: Flower
|-supereffective|p1a: Flower|1
|-damage|p1a: Flower|0 fnt
|-unboost|p2a: Sneasler|def|1
|-unboost|p2a: Sneasler|spd|1
|faint|p1a: Flower
|move|p1b: Huey!|Flare Blitz|p2a: Sneasler
|-damage|p2a: Sneasler|49/100
|-damage|p1b: Huey!|87/100|[from] Recoil
|
|upkeep
|
|t:|1783455448
|switch|p1a: Pete|Aerodactyl, L50, F|81/100
|-ability|p1a: Pete|Unnerve
|turn|7
|
|t:|1783455472
|switch|p2a: Sinistcha|Sinistcha, L50|100/100
|-heal|p2b: Incineroar|96/100|[from] ability: Hospitality|[of] p2a: Sinistcha
|move|p1a: Pete|Protect|p1a: Pete
|-singleturn|p1a: Pete|Protect
|move|p2b: Incineroar|Fake Out|p1a: Pete
|-activate|p1a: Pete|move: Protect
|move|p1b: Huey!|Flare Blitz|p2a: Sinistcha
|-supereffective|p2a: Sinistcha|1
|-damage|p2a: Sinistcha|68/100
|-damage|p1b: Huey!|78/100|[from] Recoil
|
|upkeep
|turn|8
|
|t:|1783455490
|move|p2a: Sinistcha|Protect|p2a: Sinistcha
|-singleturn|p2a: Sinistcha|Protect
|move|p1a: Pete|Dual Wingbeat|p2a: Sinistcha
|-activate|p2a: Sinistcha|move: Protect
|move|p2b: Incineroar|Parting Shot|p1a: Pete
|-unboost|p1a: Pete|atk|1
|-unboost|p1a: Pete|spa|1
|
|t:|1783455496
|switch|p2b: Sneasler|Sneasler, L50, M|49/100|[from] Parting Shot
|move|p1b: Huey!|Flare Blitz|p2a: Sinistcha
|-activate|p2a: Sinistcha|move: Protect
|
|upkeep
|turn|9
|inactive|dantoaster has 30 seconds left.
|
|t:|1783455526
|move|p2b: Sneasler|Fake Out|p1a: Pete
|-resisted|p1a: Pete|1
|-damage|p1a: Pete|70/100
|cant|p1a: Pete|flinch
|move|p2a: Sinistcha|Matcha Gotcha|p1a: Pete|[spread] p1a,p1b
|-resisted|p1b: Huey!|1
|-damage|p1a: Pete|35/100
|-heal|p2a: Sinistcha|84/100|[from] drain|[of] p1a: Pete
|-damage|p1b: Huey!|69/100
|-heal|p2a: Sinistcha|89/100|[from] drain|[of] p1b: Huey!
|move|p1b: Huey!|Flare Blitz|p2a: Sinistcha
|-supereffective|p2a: Sinistcha|1
|-damage|p2a: Sinistcha|54/100
|-damage|p1b: Huey!|59/100|[from] Recoil
|
|upkeep
|turn|10
|
|t:|1783455545
|move|p2a: Sinistcha|Rage Powder|p2a: Sinistcha
|-singleturn|p2a: Sinistcha|move: Rage Powder
|move|p1a: Pete|Tailwind|p1a: Pete
|-sidestart|p1: dantoaster|move: Tailwind
|move|p2b: Sneasler|Poison Jab|p1a: Pete
|-resisted|p1a: Pete|1
|-damage|p1a: Pete|3/100
|move|p1b: Huey!|Flare Blitz|p2a: Sinistcha
|-supereffective|p2a: Sinistcha|1
|-damage|p2a: Sinistcha|23/100
|-damage|p1b: Huey!|50/100g|[from] Recoil
|
|upkeep
|turn|11
|
|t:|1783455564
|switch|p2b: Incineroar|Incineroar, L50, F|96/100
|-ability|p2b: Incineroar|Intimidate|boost
|-unboost|p1a: Pete|atk|1
|-unboost|p1b: Huey!|atk|1
|move|p2a: Sinistcha|Protect|p2a: Sinistcha
|-singleturn|p2a: Sinistcha|Protect
|move|p1a: Pete|Rock Slide|p2b: Incineroar|[spread] p2b
|-activate|p2a: Sinistcha|move: Protect
|-supereffective|p2b: Incineroar|1
|-damage|p2b: Incineroar|74/100
|move|p1b: Huey!|Flare Blitz|p2a: Sinistcha
|-activate|p2a: Sinistcha|move: Protect
|
|upkeep
|turn|12
|
|t:|1783455587
|move|p2b: Incineroar|Fake Out|p1a: Pete
|-resisted|p1a: Pete|1
|-damage|p1a: Pete|0 fnt
|faint|p1a: Pete
|move|p1b: Huey!|Flare Blitz|p2a: Sinistcha
|-supereffective|p2a: Sinistcha|1
|-damage|p2a: Sinistcha|0 fnt
|faint|p2a: Sinistcha
|-damage|p1b: Huey!|43/100|[from] Recoil
|
|upkeep
|
|t:|1783455592
|switch|p1a: Bloop|Lucario-Mega, L50, F|100/100
|switch|p2a: Sneasler|Sneasler, L50, M|49/100
|turn|13
|inactive|dantoaster has 30 seconds left.
|inactive|dantoaster has 20 seconds left.
|
|t:|1783455628
|move|p2a: Sneasler|Fake Out|p1a: Bloop
|-resisted|p1a: Bloop|1
|-damage|p1a: Bloop|89/100
|cant|p1a: Bloop|flinch
|move|p1b: Huey!|Flare Blitz|p2a: Sneasler
|-damage|p2a: Sneasler|22/100
|-damage|p1b: Huey!|36/100|[from] Recoil
|move|p2b: Incineroar|Flare Blitz|p1a: Bloop
|-supereffective|p1a: Bloop|1
|-damage|p1a: Bloop|0 fnt
|faint|p1a: Bloop
|-damage|p2b: Incineroar|52/100|[from] Recoil
|
|-sideend|p1: dantoaster|move: Tailwind
|upkeep
|turn|14
|inactiveoff|Battle timer is now OFF.
|inactive|Battle timer is ON: inactive players will automatically lose when time's up. (requested by FlubberMane)
|inactive|dantoaster has 30 seconds left.
|inactive|dantoaster has 20 seconds left.
|inactive|dantoaster has 15 seconds left.
|inactive|dantoaster has 10 seconds left.
|inactive|dantoaster has 5 seconds left.
|
|t:|1783455709
|move|p2a: Sneasler|Close Combat|p1b: Huey!
|-supereffective|p1b: Huey!|1
|-enditem|p1b: Huey!|Chople Berry|[eat]
|-enditem|p1b: Huey!|Chople Berry|[weaken]
|-damage|p1b: Huey!|0 fnt
|-unboost|p2a: Sneasler|def|1
|-unboost|p2a: Sneasler|spd|1
|faint|p1b: Huey!
|
|win|FlubberMane
|raw|dantoaster's rating: 1097 → 1066(-31 for losing)
|raw|FlubberMane's rating: 1000 → 1051(+51 for winning)
