|j|☆KrisDeltarun
|j|‽browt.bonnet.
|html|KrisDeltarunbrowt.bonnet.    
|uhtml|bestof|Game 1 of a best-of-3
|t:|1784902866
|gametype|doubles
|player|p1|KrisDeltarun|cowgirl|1368
|player|p2|browt.bonnet.|dancer|1226
|gen|9
|tier|[Gen 9 Champions] VGC 2026 Reg M-B (Bo3)
|rated|
|rule|Species Clause: Limit one of each Pokémon
|rule|Item Clause: Limit 1 of each item
|clearpoke
|poke|p1|Raichu, L50, F|
|poke|p1|Gyarados, L50, M|
|poke|p1|Gholdengo, L50|
|poke|p1|Sinistcha, L50|
|poke|p1|Sneasler, L50, F|
|poke|p1|Pelipper, L50, F|
|poke|p2|Delphox, L50, F|
|poke|p2|Incineroar, L50, F|
|poke|p2|Sinistcha, L50|
|poke|p2|Sneasler, L50, M|
|poke|p2|Kommo-o, L50, F|
|poke|p2|Kingambit, L50, M|
|teampreview|4
|showteam|p1|Raichu||RaichuniteY|LightningRod|FakeOut,ZapCannon,FocusBlast,Protect|Timid||F|||50|]Gyarados||Gyaradosite|Intimidate|Waterfall,Crunch,DragonDance,Protect|Adamant||M|||50|]Gholdengo||Leftovers|GoodasGold|MakeItRain,ShadowBall,NastyPlot,Protect|Modest|||||50|]Sinistcha||ColburBerry|Hospitality|MatchaGotcha,RagePowder,LifeDew,TrickRoom|Sassy|||||50|]Sneasler||FocusSash|Unburden|FakeOut,CloseCombat,DireClaw,Coaching|Jolly||F|||50|]Pelipper||SitrusBerry|Drizzle|WeatherBall,Tailwind,Hurricane,WideGuard|Calm||F|||50|
|showteam|p2|Delphox||Delphoxite|Blaze|HeatWave,Psyshock,Protect,NastyPlot|Timid||F|||50|]Incineroar||SitrusBerry|Intimidate|FakeOut,PartingShot,FlareBlitz,HelpingHand|Careful||F|||50|]Sinistcha||OccaBerry|Hospitality|MatchaGotcha,RagePowder,Protect,TrickRoom|Bold|||||50|]Sneasler||FocusSash|Unburden|CloseCombat,FakeOut,QuickGuard,DireClaw|Jolly||M|||50|]Kommo-o||Leftovers|Overcoat|Protect,ClangingScales,ClangorousSoul,AuraSphere|Modest||F|||50|]Kingambit||LifeOrb|Defiant|SuckerPunch,KowtowCleave,IronHead,Protect|Brave||M|||50|
|inactive|Battle timer is ON: inactive players will automatically lose when time's up. (requested by browt.bonnet.)
|
|t:|1784902948
|teamsize|p1|4
|teamsize|p2|4
|start
|switch|p1a: Sneasler|Sneasler, L50, F|100/100
|switch|p1b: Gyarados|Gyarados, L50, M|100/100
|switch|p2a: Incineroar|Incineroar, L50, F|100/100
|switch|p2b: Kommo-o|Kommo-o, L50, F|100/100
|-ability|p1b: Gyarados|Intimidate|boost
|-unboost|p2a: Incineroar|atk|1
|-unboost|p2b: Kommo-o|atk|1
|-ability|p2a: Incineroar|Intimidate|boost
|-unboost|p1a: Sneasler|atk|1
|-unboost|p1b: Gyarados|atk|1
|turn|1
|
|t:|1784902961
|switch|p1b: Pelipper|Pelipper, L50, F|100/100
|-weather|RainDance|[from] ability: Drizzle|[of] p1b: Pelipper
|move|p1a: Sneasler|Fake Out|p2b: Kommo-o
|-damage|p2b: Kommo-o|91/100
|move|p2a: Incineroar|Fake Out|p1b: Pelipper
|-damage|p1b: Pelipper|91/100
|cant|p2b: Kommo-o|flinch
|
|-weather|RainDance|[upkeep]
|-heal|p2b: Kommo-o|97/100|[from] item: Leftovers
|upkeep
|turn|2
|
|t:|1784902973
|move|p2b: Kommo-o|Protect|p2b: Kommo-o
|-singleturn|p2b: Kommo-o|Protect
|move|p1a: Sneasler|Close Combat|p2a: Incineroar
|-supereffective|p2a: Incineroar|1
|-damage|p2a: Incineroar|33/100
|-unboost|p1a: Sneasler|def|1
|-unboost|p1a: Sneasler|spd|1
|-enditem|p2a: Incineroar|Sitrus Berry|[eat]
|-heal|p2a: Incineroar|58/100|[from] item: Sitrus Berry
|move|p1b: Pelipper|Weather Ball|p2a: Incineroar
|-supereffective|p2a: Incineroar|1
|-damage|p2a: Incineroar|0 fnt
|faint|p2a: Incineroar
|
|-weather|RainDance|[upkeep]
|-heal|p2b: Kommo-o|100/100|[from] item: Leftovers
|upkeep
|
|t:|1784902986
|switch|p2a: Sinistcha|Sinistcha, L50|100/100
|turn|3
|
|t:|1784902995
|move|p2a: Sinistcha|Rage Powder|p2a: Sinistcha
|-singleturn|p2a: Sinistcha|move: Rage Powder
|move|p1a: Sneasler|Dire Claw|p2a: Sinistcha
|-damage|p2a: Sinistcha|75/100
|move|p2b: Kommo-o|Clangorous Soul|p2b: Kommo-o
|-boost|p2b: Kommo-o|atk|1
|-boost|p2b: Kommo-o|def|1
|-boost|p2b: Kommo-o|spa|1
|-boost|p2b: Kommo-o|spd|1
|-boost|p2b: Kommo-o|spe|1
|-damage|p2b: Kommo-o|67/100
|move|p1b: Pelipper|Hurricane|p2a: Sinistcha
|-supereffective|p2a: Sinistcha|1
|-damage|p2a: Sinistcha|1/100
|
|-weather|RainDance|[upkeep]
|-heal|p2b: Kommo-o|73/100|[from] item: Leftovers
|upkeep
|turn|4
|
|t:|1784903006
|switch|p2a: Kingambit|Kingambit, L50, M|100/100
|move|p1b: Pelipper|Wide Guard|p1b: Pelipper
|-singleturn|p1b: Pelipper|Wide Guard
|move|p1a: Sneasler|Dire Claw|p2a: Kingambit
|-immune|p2a: Kingambit
|move|p2b: Kommo-o|Clanging Scales|p1a: Sneasler|[spread] 
|-activate|p1a: Sneasler|move: Wide Guard
|-activate|p1b: Pelipper|move: Wide Guard
|
|-weather|RainDance|[upkeep]
|-heal|p2b: Kommo-o|79/100|[from] item: Leftovers
|upkeep
|turn|5
|
|t:|1784903018
|move|p2a: Kingambit|Protect|p2a: Kingambit
|-singleturn|p2a: Kingambit|Protect
|move|p1a: Sneasler|Close Combat|p2a: Kingambit
|-activate|p2a: Kingambit|move: Protect
|move|p2b: Kommo-o|Clangorous Soul|p2b: Kommo-o
|-boost|p2b: Kommo-o|atk|1
|-boost|p2b: Kommo-o|def|1
|-boost|p2b: Kommo-o|spa|1
|-boost|p2b: Kommo-o|spd|1
|-boost|p2b: Kommo-o|spe|1
|-damage|p2b: Kommo-o|46/100
|move|p1b: Pelipper|Tailwind|p1b: Pelipper
|-sidestart|p1: KrisDeltarun|move: Tailwind
|
|-weather|none
|-heal|p2b: Kommo-o|52/100|[from] item: Leftovers
|upkeep
|turn|6
|
|t:|1784903038
|switch|p1b: Gholdengo|Gholdengo, L50|100/100
|switch|p2a: Sinistcha|Sinistcha, L50|1/100
|-heal|p2b: Kommo-o|77/100|[from] ability: Hospitality|[of] p2a: Sinistcha
|move|p1a: Sneasler|Close Combat|p2a: Sinistcha
|-immune|p2a: Sinistcha
|move|p2b: Kommo-o|Clanging Scales|p1a: Sneasler|[spread] p1a,p1b
|-resisted|p1b: Gholdengo|1
|-enditem|p1a: Sneasler|Focus Sash
|-damage|p1a: Sneasler|1/100
|-damage|p1b: Gholdengo|65/100
|-unboost|p2b: Kommo-o|def|1
|
|-heal|p1b: Gholdengo|71/100|[from] item: Leftovers
|-heal|p2b: Kommo-o|83/100|[from] item: Leftovers
|upkeep
|turn|7
|inactive|browt.bonnet. has 30 seconds left.
|
|t:|1784903065
|move|p2a: Sinistcha|Protect|p2a: Sinistcha
|-singleturn|p2a: Sinistcha|Protect
|move|p1a: Sneasler|Close Combat|p2a: Sinistcha
|-activate|p2a: Sinistcha|move: Protect
|move|p1b: Gholdengo|Nasty Plot|p1b: Gholdengo
|-boost|p1b: Gholdengo|spa|2
|move|p2b: Kommo-o|Clanging Scales|p1a: Sneasler|[spread] p1a,p1b
|-resisted|p1b: Gholdengo|1
|-damage|p1a: Sneasler|0 fnt
|-damage|p1b: Gholdengo|38/100
|faint|p1a: Sneasler
|-unboost|p2b: Kommo-o|def|1
|
|-heal|p1b: Gholdengo|44/100|[from] item: Leftovers
|-heal|p2b: Kommo-o|90/100|[from] item: Leftovers
|upkeep
|
|t:|1784903073
|switch|p1a: Pelipper|Pelipper, L50, F|91/100
|-weather|RainDance|[from] ability: Drizzle|[of] p1a: Pelipper
|turn|8
|
|t:|1784903085
|move|p2b: Kommo-o|Protect|p2b: Kommo-o
|-singleturn|p2b: Kommo-o|Protect
|move|p1b: Gholdengo|Make It Rain|p2b: Kommo-o|[spread] p2a
|-activate|p2b: Kommo-o|move: Protect
|-damage|p2a: Sinistcha|0 fnt
|-unboost|p1b: Gholdengo|spa|2
|faint|p2a: Sinistcha
|move|p1a: Pelipper|Hurricane|p2b: Kommo-o
|-activate|p2b: Kommo-o|move: Protect
|
|-weather|RainDance|[upkeep]
|-heal|p1b: Gholdengo|50/100y|[from] item: Leftovers
|-heal|p2b: Kommo-o|96/100|[from] item: Leftovers
|-sideend|p1: KrisDeltarun|move: Tailwind
|upkeep
|
|t:|1784903091
|switch|p2a: Kingambit|Kingambit, L50, M|100/100
|turn|9
|
|t:|1784903104
|move|p2b: Kommo-o|Clangorous Soul|p2b: Kommo-o
|-boost|p2b: Kommo-o|atk|1
|-boost|p2b: Kommo-o|def|1
|-boost|p2b: Kommo-o|spa|1
|-boost|p2b: Kommo-o|spd|1
|-boost|p2b: Kommo-o|spe|1
|-damage|p2b: Kommo-o|63/100
|move|p1b: Gholdengo|Make It Rain|p2b: Kommo-o|[spread] p2b
|-miss|p1b: Gholdengo|p2a: Kingambit
|-damage|p2b: Kommo-o|46/100
|-unboost|p1b: Gholdengo|spa|2
|move|p1a: Pelipper|Hurricane|p2b: Kommo-o
|-supereffective|p2b: Kommo-o|1
|-damage|p2b: Kommo-o|18/100
|move|p2a: Kingambit|Kowtow Cleave|p1a: Pelipper
|-damage|p1a: Pelipper|18/100
|-enditem|p1a: Pelipper|Sitrus Berry|[eat]
|-heal|p1a: Pelipper|43/100|[from] item: Sitrus Berry
|-damage|p2a: Kingambit|90/100|[from] item: Life Orb
|
|-weather|RainDance|[upkeep]
|-heal|p2b: Kommo-o|25/100|[from] item: Leftovers
|-heal|p1b: Gholdengo|55/100|[from] item: Leftovers
|upkeep
|turn|10
|-message|KrisDeltarun forfeited.
|
|win|browt.bonnet.
||KrisDeltarun is ready for game 2.
|inactive|browt.bonnet. has 30 seconds to confirm battle start!
||browt.bonnet. is ready for game 2.
|uhtml|next|Next: Game 2 of 3
|l|☆KrisDeltarun
|player|p1|
