|j|☆beeetch
|j|☆elmono11
|html|beeetchelmono11    
|uhtml|bestof|Game 1 of a best-of-3
|t:|1783955368
|gametype|doubles
|player|p1|beeetch|piers-masters|1241
|player|p2|elmono11|266|1353
|gen|9
|tier|[Gen 9 Champions] VGC 2026 Reg M-B (Bo3)
|rated|
|rule|Species Clause: Limit one of each Pokémon
|rule|Item Clause: Limit 1 of each item
|clearpoke
|poke|p1|Milotic, L50, F|
|poke|p1|Volcarona, L50, F|
|poke|p1|Hydreigon, L50, M|
|poke|p1|Sylveon, L50, F|
|poke|p1|Sneasler, L50, F|
|poke|p1|Aerodactyl, L50, F|
|poke|p2|Incineroar, L50, M|
|poke|p2|Charizard, L50, M|
|poke|p2|Venusaur, L50, M|
|poke|p2|Mamoswine, L50, M|
|poke|p2|Garchomp, L50, F|
|poke|p2|Sylveon, L50, M|
|teampreview|4
|showteam|p1|Milotic||Leftovers|Competitive|MuddyWater,Coil,Hypnosis,Protect|Bold||F|||50|]Volcarona||SitrusBerry|FlameBody|RagePowder,GigaDrain,HeatWave,Protect|Modest||F|||50|]Hydreigon||ChoiceScarf|Levitate|HeatWave,Snarl,DarkPulse,EarthPower|Modest||M|||50|]Sylveon||FairyFeather|Pixilate|HyperBeam,HyperVoice,QuickAttack,Protect|Modest||F|||50|]Sneasler||WhiteHerb|Unburden|Protect,DireClaw,CloseCombat,FakeOut|Adamant||F|||50|]Aerodactyl||Aerodactylite|Unnerve|Protect,RockSlide,DualWingbeat,Tailwind|Jolly||F|||50|
|showteam|p2|Incineroar||SitrusBerry|Intimidate|FlareBlitz,DarkestLariat,PartingShot,FakeOut|Careful||M|||50|]Charizard||CharizarditeY|Blaze|HeatWave,WeatherBall,HelpingHand,Protect|Modest||M|||50|]Venusaur||LifeOrb|Chlorophyll|SolarBeam,SludgeBomb,EarthPower,Protect|Modest||M|||50|]Mamoswine||FocusSash|Oblivious|HighHorsepower,IceShard,RockTomb,Protect|Jolly||M|||50|]Garchomp||ChoiceScarf|RoughSkin|Earthquake,DragonClaw,RockSlide,StompingTantrum|Adamant||F|||50|]Sylveon||FairyFeather|Pixilate|HyperVoice,HyperBeam,QuickAttack,Protect|Modest||M|||50|
|
|t:|1783955407
|teamsize|p1|4
|teamsize|p2|4
|start
|switch|p1a: Milotic|Milotic, L50, F|100/100
|switch|p1b: Aerodactyl|Aerodactyl, L50, F|100/100
|switch|p2a: Charizard|Charizard, L50, M|100/100
|switch|p2b: Venusaur|Venusaur, L50, M|100/100
|-ability|p1b: Aerodactyl|Unnerve
|turn|1
|
|t:|1783955425
|switch|p1a: Hydreigon|Hydreigon, L50, M|100/100
|detailschange|p1b: Aerodactyl|Aerodactyl-Mega, L50, F
|-mega|p1b: Aerodactyl|Aerodactyl|Aerodactylite
|detailschange|p2a: Charizard|Charizard-Mega-Y, L50, M
|-mega|p2a: Charizard|Charizard|Charizardite Y
|-weather|SunnyDay|[from] ability: Drought|[of] p2a: Charizard
|move|p2a: Charizard|Helping Hand|p2b: Venusaur
|-singleturn|p2b: Venusaur|Helping Hand|[of] p2a: Charizard
|move|p2b: Venusaur|Solar Beam||[still]
|-prepare|p2b: Venusaur|Solar Beam
|-anim|p2b: Venusaur|Solar Beam|p1b: Aerodactyl
|-damage|p1b: Aerodactyl|0 fnt
|faint|p1b: Aerodactyl
|-damage|p2b: Venusaur|90/100|[from] item: Life Orb
|
|-weather|SunnyDay|[upkeep]
|upkeep
|
|t:|1783955438
|switch|p1b: Milotic|Milotic, L50, F|100/100
|turn|2
|
|t:|1783955472
|switch|p2a: Sylveon|Sylveon, L50, M|100/100
|move|p2b: Venusaur|Protect|p2b: Venusaur
|-singleturn|p2b: Venusaur|Protect
|move|p1a: Hydreigon|Heat Wave|p2a: Sylveon|[spread] p2a
|-activate|p2b: Venusaur|move: Protect
|-damage|p2a: Sylveon|66/100
|move|p1b: Milotic|Coil|p1b: Milotic
|-boost|p1b: Milotic|atk|1
|-boost|p1b: Milotic|def|1
|-boost|p1b: Milotic|accuracy|1
|
|-weather|SunnyDay|[upkeep]
|upkeep
|turn|3
|
|t:|1783955493
|switch|p1a: Sylveon|Sylveon, L50, F|100/100
|move|p2b: Venusaur|Solar Beam||[still]
|-prepare|p2b: Venusaur|Solar Beam
|-anim|p2b: Venusaur|Solar Beam|p1b: Milotic
|-supereffective|p1b: Milotic|1
|-damage|p1b: Milotic|0 fnt
|faint|p1b: Milotic
|-damage|p2b: Venusaur|80/100|[from] item: Life Orb
|move|p2a: Sylveon|Hyper Voice|p1a: Sylveon
|-damage|p1a: Sylveon|51/100
|
|-weather|SunnyDay|[upkeep]
|upkeep
|
|t:|1783955501
|switch|p1b: Hydreigon|Hydreigon, L50, M|100/100
|turn|4
|
|t:|1783955509
|switch|p2b: Mamoswine|Mamoswine, L50, M|100/100
|move|p1b: Hydreigon|Heat Wave|p2a: Sylveon|[spread] p2a,p2b
|-supereffective|p2b: Mamoswine|1
|-damage|p2a: Sylveon|36/100
|-enditem|p2b: Mamoswine|Focus Sash
|-damage|p2b: Mamoswine|1/100
|move|p1a: Sylveon|Hyper Voice|p2a: Sylveon|[spread] p2a,p2b
|-damage|p2a: Sylveon|0 fnt
|-damage|p2b: Mamoswine|0 fnt
|faint|p2a: Sylveon
|faint|p2b: Mamoswine
|
|-weather|SunnyDay|[upkeep]
|upkeep
|
|t:|1783955515
|switch|p2b: Venusaur|Venusaur, L50, M|80/100
|switch|p2a: Charizard|Charizard-Mega-Y, L50, M|100/100
|turn|5
|
|t:|1783955533
|move|p2b: Venusaur|Sludge Bomb|p1b: Hydreigon
|-damage|p1b: Hydreigon|30/100
|-damage|p2b: Venusaur|71/100|[from] item: Life Orb
|move|p1b: Hydreigon|Heat Wave|p2b: Venusaur|[spread] p2a,p2b
|-resisted|p2a: Charizard|1
|-supereffective|p2b: Venusaur|1
|-damage|p2a: Charizard|82/100
|-damage|p2b: Venusaur|0 fnt
|faint|p2b: Venusaur
|move|p2a: Charizard|Weather Ball|p1b: Hydreigon
|-resisted|p1b: Hydreigon|1
|-damage|p1b: Hydreigon|0 fnt
|faint|p1b: Hydreigon
|move|p1a: Sylveon|Hyper Voice|p2a: Charizard
|-resisted|p2a: Charizard|1
|-damage|p2a: Charizard|53/100
|
|-weather|none
|upkeep
|turn|6
|
|t:|1783955551
|move|p2a: Charizard|Heat Wave|p1a: Sylveon
|-damage|p1a: Sylveon|11/100
|-status|p1a: Sylveon|brn
|move|p1a: Sylveon|Hyper Beam|p2a: Charizard
|-resisted|p2a: Charizard|1
|-damage|p2a: Charizard|10/100
|-mustrecharge|p1a: Sylveon
|
|-damage|p1a: Sylveon|5/100 brn|[from] brn
|upkeep
|turn|7
|
|t:|1783955560
|move|p2a: Charizard|Weather Ball|p1a: Sylveon
|-damage|p1a: Sylveon|0 fnt
|faint|p1a: Sylveon
|
|win|elmono11
