|j|☆ben harpic
|j|☆dracojackson
|html|ben harpicdracojackson    
|uhtml|bestof|Game 3 of a best-of-3
|t:|1754231306
|gametype|doubles
|player|p1|ben harpic|102|1180
|player|p2|dracojackson|veteranf|1201
|gen|9
|tier|[Gen 9] VGC 2025 Reg H (Bo3)
|rated|
|rule|Species Clause: Limit one of each Pokémon
|rule|Item Clause: Limit 1 of each item
|clearpoke
|poke|p1|Volcarona, L50, M|
|poke|p1|Dragapult, L50, F|
|poke|p1|Kilowattrel, L50, M|
|poke|p1|Weezing, L50, F|
|poke|p1|Annihilape, L50, M|
|poke|p1|Rillaboom, L50, M|
|poke|p2|Kommo-o, L50, F|
|poke|p2|Rillaboom, L50, M|
|poke|p2|Clefairy, L50, F|
|poke|p2|Ninetales-Alola, L50, M|
|poke|p2|Kingambit, L50, F|
|poke|p2|Sneasler, L50, F|
|teampreview|4
|showteam|p1|Volcarona||ClearAmulet|FlameBody|HeatWave,Protect,QuiverDance,TeraBlast|||M|||50|,,,,,Water]Dragapult||LightClay|ClearBody|DragonDarts,Reflect,LightScreen,ThunderWave|||F|||50|,,,,,Steel]Kilowattrel||Magnet|VoltAbsorb|Thunderbolt,Protect,Tailwind,AirSlash|||M|||50|,,,,,Water]Weezing||WikiBerry|NeutralizingGas|SludgeBomb,Protect,Taunt,WillOWisp|||F|||50|,,,,,Ghost]Annihilape||Leftovers|Defiant|RageFist,Protect,BulkUp,DrainPunch|||M|||50|,,,,,Normal]Rillaboom||MiracleSeed|GrassySurge|WoodHammer,FakeOut,WorrySeed,KnockOff|||M|||50|,,,,,Fire
|showteam|p2|Kommo-o||ThroatSpray|Overcoat|ClangorousSoul,ClangingScales,Flamethrower,Protect|||F|||50|,,,,,Fire]Rillaboom||AssaultVest|GrassySurge|FakeOut,WoodHammer,GrassyGlide,Uturn|||M|||50|,,,,,Fire]Clefairy||Eviolite|FriendGuard|FollowMe,HelpingHand,Protect,AfterYou|||F|||50|,,,,,Grass]Ninetales-Alola||FocusSash|SnowWarning|Blizzard,IcyWind,Encore,AuroraVeil|||M|||50|,,,,,Ghost]Kingambit||BlackGlasses|Defiant|KowtowCleave,SuckerPunch,IronHead,Protect|||F|||50|,,,,,Ghost]Sneasler||GrassySeed|Unburden|FakeOut,CloseCombat,DireClaw,Coaching|||F|||50|,,,,,Stellar
|inactive|Battle timer is ON: inactive players will automatically lose when time's up. (requested by dracojackson)
|
|t:|1754231315
|teamsize|p1|4
|teamsize|p2|4
|start
|switch|p1a: Dragapult|Dragapult, L50, F|100/100
|switch|p1b: Weezing|Weezing, L50, F|100/100
|switch|p2a: Seam|Clefairy, L50, F|100/100
|switch|p2b: Blake|Kommo-o, L50, F|100/100
|-ability|p1b: Weezing|Neutralizing Gas
|turn|1
|
|t:|1754231319
|move|p2a: Seam|Follow Me|p2a: Seam
|-singleturn|p2a: Seam|move: Follow Me
|move|p1a: Dragapult|Light Screen|p1a: Dragapult
|-sidestart|p1: ben harpic|move: Light Screen
|move|p2b: Blake|Clangorous Soul|p2b: Blake
|-boost|p2b: Blake|atk|1
|-boost|p2b: Blake|def|1
|-boost|p2b: Blake|spa|1
|-boost|p2b: Blake|spd|1
|-boost|p2b: Blake|spe|1
|-damage|p2b: Blake|68/100
|-enditem|p2b: Blake|Throat Spray
|-boost|p2b: Blake|spa|1|[from] item: Throat Spray
|move|p1b: Weezing|Sludge Bomb|p2a: Seam
|-supereffective|p2a: Seam
|-damage|p2a: Seam|56/100
|
|upkeep
|turn|2
|
|t:|1754231341
|move|p2a: Seam|Follow Me|p2a: Seam
|-singleturn|p2a: Seam|move: Follow Me
|move|p2b: Blake|Clanging Scales|p1b: Weezing|[spread] p1a,p1b
|-supereffective|p1a: Dragapult
|-damage|p1a: Dragapult|0 fnt
|-damage|p1b: Weezing|41/100
|faint|p1a: Dragapult
|-unboost|p2b: Blake|def|1
|move|p1b: Weezing|Sludge Bomb|p2a: Seam
|-supereffective|p2a: Seam
|-damage|p2a: Seam|11/100
|
|upkeep
|
|t:|1754231351
|switch|p1a: Annihilape|Annihilape, L50, M|100/100
|turn|3
|
|t:|1754231358
|move|p1b: Weezing|Protect|p1b: Weezing
|-singleturn|p1b: Weezing|Protect
|move|p2a: Seam|Follow Me|p2a: Seam
|-singleturn|p2a: Seam|move: Follow Me
|move|p2b: Blake|Clanging Scales|p1b: Weezing|[spread] p1a
|-activate|p1b: Weezing|move: Protect
|-damage|p1a: Annihilape|67/100
|-unboost|p2b: Blake|def|1
|move|p1a: Annihilape|Bulk Up|p1a: Annihilape
|-boost|p1a: Annihilape|atk|1
|-boost|p1a: Annihilape|def|1
|
|-heal|p1a: Annihilape|73/100|[from] item: Leftovers
|upkeep
|turn|4
|
|t:|1754231381
|move|p2a: Seam|Follow Me|p2a: Seam
|-singleturn|p2a: Seam|move: Follow Me
|move|p2b: Blake|Clanging Scales|p1a: Annihilape|[spread] p1a,p1b
|-damage|p1a: Annihilape|38/100
|-damage|p1b: Weezing|0 fnt
|faint|p1b: Weezing
|-end|p1b: Weezing|ability: Neutralizing Gas
|-unboost|p2b: Blake|def|1
|move|p1a: Annihilape|Drain Punch|p2a: Seam
|-resisted|p2a: Seam
|-damage|p2a: Seam|0 fnt
|-heal|p1a: Annihilape|43/100|[from] drain|[of] p2a: Seam
|faint|p2a: Seam
|
|-heal|p1a: Annihilape|49/100|[from] item: Leftovers
|upkeep
|
|t:|1754231395
|switch|p1b: Volcarona|Volcarona, L50, M|100/100
|switch|p2a: Ninetales|Ninetales-Alola, L50, M|100/100
|-weather|Snowscape|[from] ability: Snow Warning|[of] p2a: Ninetales
|turn|5
|
|t:|1754231407
|-terastallize|p1a: Annihilape|Normal
|move|p2b: Blake|Clanging Scales|p1b: Volcarona|[spread] p1a,p1b
|-damage|p1a: Annihilape|14/100
|-damage|p1b: Volcarona|57/100
|-unboost|p2b: Blake|def|1
|move|p2a: Ninetales|Blizzard|p1b: Volcarona|[spread] p1a,p1b
|-resisted|p1b: Volcarona
|-damage|p1a: Annihilape|0 fnt
|-damage|p1b: Volcarona|48/100
|faint|p1a: Annihilape
|move|p1b: Volcarona|Quiver Dance|p1b: Volcarona
|-boost|p1b: Volcarona|spa|1
|-boost|p1b: Volcarona|spd|1
|-boost|p1b: Volcarona|spe|1
|
|-weather|Snowscape|[upkeep]
|upkeep
|turn|6
|
|t:|1754231423
|move|p2b: Blake|Clanging Scales|p1b: Volcarona
|-damage|p1b: Volcarona|11/100
|-unboost|p2b: Blake|def|1
|move|p1b: Volcarona|Heat Wave|p2a: Ninetales|[spread] p2a,p2b
|-supereffective|p2a: Ninetales
|-resisted|p2b: Blake
|-enditem|p2a: Ninetales|Focus Sash
|-damage|p2a: Ninetales|1/100
|-damage|p2b: Blake|50/100
|move|p2a: Ninetales|Aurora Veil|p2a: Ninetales
|-sidestart|p2: dracojackson|move: Aurora Veil
|
|-weather|Snowscape|[upkeep]
|upkeep
|turn|7
|-message|ben harpic forfeited.
|
|win|dracojackson
|raw|ben harpic's rating: 1180 → 1157(-23 for losing)
|raw|dracojackson's rating: 1201 → 1224(+23 for winning)
|l|☆ben harpic
|player|p1|
