|j|☆sheeliteonmyfour
|j|☆Miguedeth
|html|sheeliteonmyfourMiguedeth    
|uhtml|bestof|Game 1 of a best-of-3
|t:|1756574791
|gametype|doubles
|player|p1|sheeliteonmyfour|lady|1060
|player|p2|Miguedeth|266|1059
|gen|9
|tier|[Gen 9] VGC 2025 Reg H (Bo3)
|rated|
|rule|Species Clause: Limit one of each Pokémon
|rule|Item Clause: Limit 1 of each item
|clearpoke
|poke|p1|Archaludon, L50, M|
|poke|p1|Politoed, L50, F|
|poke|p1|Indeedee-F, L50, F|
|poke|p1|Braviary-Hisui, L50, M|
|poke|p1|Amoonguss, L50, M|
|poke|p1|Decidueye-Hisui, L50, M|
|poke|p2|Volcarona, L50, F|
|poke|p2|Gholdengo, L50|
|poke|p2|Dragonite, L50, F|
|poke|p2|Incineroar, L50, F|
|poke|p2|Sneasler, L50, M|
|poke|p2|Tyranitar, L50, M|
|teampreview|4
|showteam|p1|Archaludon||PowerHerb|Stalwart|Protect,ElectroShot,Snarl,DragonPulse|||M|||50|,,,,,Grass]Politoed||EjectButton|Drizzle|Protect,IcyWind,MuddyWater,WeatherBall|||F|||50|,,,,,Dragon]Indeedee-F||SafetyGoggles|PsychicSurge|AlluringVoice,HelpingHand,TrickRoom,FollowMe|||F|||50|,,,,,Fairy]Braviary-Hisui||LifeOrb|TintedLens|Protect,EsperWing,Hurricane,ExpandingForce|||M|||50|,,,,,Psychic]Amoonguss||SitrusBerry|Regenerator|Protect,RagePowder,PollenPuff,Spore|||M|||50|,,,,,Water]Decidueye-Hisui||ScopeLens|Scrappy|Protect,TripleArrows,LeafBlade,Haze|||M|||50|,,,,,Steel
|showteam|p2|Volcarona||CovertCloak|FlameBody|QuiverDance,TeraBlast,HeatWave,Protect|||F|||50|,,,,,Fairy]Gholdengo||ChoiceSpecs|GoodasGold|MakeItRain,PowerGem,Thunderbolt,ShadowBall||||||50|,,,,,Steel]Dragonite||LoadedDice|Multiscale|Tailwind,ExtremeSpeed,ScaleShot,Haze|||F|||50|,,,,,Fairy]Incineroar||MirrorHerb|Intimidate|FakeOut,KnockOff,FlareBlitz,PartingShot|||F|||50|,,,,,Ghost]Sneasler||FocusSash|Unburden|DireClaw,CloseCombat,FakeOut,RockSlide|||M|||50|,,,,,Rock]Tyranitar||AssaultVest|SandStream|KnockOff,RockSlide,LowKick,TeraBlast|||M|||50|,,,,,Flying
|inactive|Battle timer is ON: inactive players will automatically lose when time's up. (requested by sheeliteonmyfour)
|inactive|Miguedeth has 60 seconds left.
|
|t:|1756574839
|teamsize|p1|4
|teamsize|p2|4
|start
|switch|p1a: Decidueye|Decidueye-Hisui, L50, M|100/100
|switch|p1b: Politoed|Politoed, L50, F|100/100
|switch|p2a: Incineroar|Incineroar, L50, F, shiny|100/100
|switch|p2b: Sneasler|Sneasler, L50, M|100/100
|-ability|p2a: Incineroar|Intimidate|boost
|-fail|p1a: Decidueye|unboost|Attack|[from] ability: Scrappy|[of] p1a: Decidueye
|-unboost|p1b: Politoed|atk|1
|-weather|RainDance|[from] ability: Drizzle|[of] p1b: Politoed
|turn|1
|inactive|Miguedeth has 30 seconds left.
|
|t:|1756574871
|move|p1a: Decidueye|Protect|p1a: Decidueye
|-singleturn|p1a: Decidueye|Protect
|move|p2b: Sneasler|Dire Claw|p1b: Politoed
|-damage|p1b: Politoed|48/100
|-enditem|p1b: Politoed|Eject Button
|
|t:|1756574881
|switch|p1b: Indeedee|Indeedee-F, L50, F|100/100
|-fieldstart|move: Psychic Terrain|[from] ability: Psychic Surge|[of] p1b: Indeedee
|move|p2a: Incineroar|Knock Off|p1a: Decidueye
|-activate|p1a: Decidueye|move: Protect
|
|-weather|RainDance|[upkeep]
|upkeep
|turn|2
|
|t:|1756574896
|move|p2b: Sneasler|Dire Claw|p1b: Indeedee
|-damage|p1b: Indeedee|56/100
|move|p1a: Decidueye|Triple Arrows|p2a: Incineroar
|-supereffective|p2a: Incineroar
|-damage|p2a: Incineroar|9/100
|-unboost|p2a: Incineroar|def|1
|cant|p2a: Incineroar|flinch
|move|p1b: Indeedee|Trick Room|p1b: Indeedee
|-fieldstart|move: Trick Room|[of] p1b: Indeedee
|
|-weather|RainDance|[upkeep]
|upkeep
|turn|3
|
|t:|1756574917
|move|p1b: Indeedee|Follow Me|p1b: Indeedee
|-singleturn|p1b: Indeedee|move: Follow Me
|move|p2a: Incineroar|Knock Off|p1b: Indeedee
|-supereffective|p1b: Indeedee
|-damage|p1b: Indeedee|0 fnt
|-enditem|p1b: Indeedee|Safety Goggles|[from] move: Knock Off|[of] p2a: Incineroar
|faint|p1b: Indeedee
|move|p1a: Decidueye|Triple Arrows|p2b: Sneasler
|-resisted|p2b: Sneasler
|-crit|p2b: Sneasler
|-damage|p2b: Sneasler|40/100
|move|p2b: Sneasler|Dire Claw|p1a: Decidueye
|-supereffective|p1a: Decidueye
|-damage|p1a: Decidueye|1/100
|
|-weather|RainDance|[upkeep]
|upkeep
|
|t:|1756574928
|switch|p1b: Braviary|Braviary-Hisui, L50, M|100/100
|turn|4
|
|t:|1756574938
|switch|p2a: Tyranitar|Tyranitar, L50, M, shiny|100/100
|-weather|Sandstorm|[from] ability: Sand Stream|[of] p2a: Tyranitar
|move|p1b: Braviary|Protect|p1b: Braviary
|-singleturn|p1b: Braviary|Protect
|move|p1a: Decidueye|Triple Arrows|p2a: Tyranitar
|-supereffective|p2a: Tyranitar
|-damage|p2a: Tyranitar|0 fnt
|faint|p2a: Tyranitar
|move|p2b: Sneasler|Rock Slide|p1a: Decidueye|[spread] p1a
|-activate|p1b: Braviary|move: Protect
|-resisted|p1a: Decidueye
|-crit|p1a: Decidueye
|-damage|p1a: Decidueye|0 fnt
|faint|p1a: Decidueye
|
|-weather|Sandstorm|[upkeep]
|-damage|p1b: Braviary|95/100|[from] Sandstorm
|-damage|p2b: Sneasler|35/100|[from] Sandstorm
|upkeep
|
|t:|1756574956
|switch|p2a: Volcarona|Volcarona, L50, F, shiny|100/100
|switch|p1a: Politoed|Politoed, L50, F|48/100
|-weather|RainDance|[from] ability: Drizzle|[of] p1a: Politoed
|turn|5
|
|t:|1756574967
|-terastallize|p1b: Braviary|Psychic
|-terastallize|p2a: Volcarona|Fairy
|move|p1a: Politoed|Weather Ball|p2a: Volcarona
|-damage|p2a: Volcarona|36/100
|move|p1b: Braviary|Expanding Force|p2b: Sneasler|[spread] p2a,p2b
|-supereffective|p2b: Sneasler
|-damage|p2a: Volcarona|0 fnt
|-damage|p2b: Sneasler|0 fnt
|faint|p2a: Volcarona
|faint|p2b: Sneasler
|-damage|p1b: Braviary|85/100|[from] item: Life Orb
|
|-weather|RainDance|[upkeep]
|-fieldend|move: Psychic Terrain
|upkeep
|-message|Miguedeth forfeited.
|
|win|sheeliteonmyfour
