|j|☆pawmifleet
|j|☆bathoven
|html|pawmifleetbathoven    
|uhtml|bestof|Game 3 of a best-of-3
|t:|1784072566
|gametype|doubles
|player|p1|pawmifleet|fisherman-gen4|1207
|player|p2|bathoven|pokemaniac|1129
|gen|9
|tier|[Gen 9 Champions] VGC 2026 Reg M-B (Bo3)
|rated|
|rule|Species Clause: Limit one of each Pokémon
|rule|Item Clause: Limit 1 of each item
|clearpoke
|poke|p1|Incineroar, L50, M|
|poke|p1|Venusaur, L50, M|
|poke|p1|Charizard, L50, M|
|poke|p1|Garchomp, L50, M|
|poke|p1|Toxapex, L50, M|
|poke|p1|Annihilape, L50, F|
|poke|p2|Typhlosion, L50, F|
|poke|p2|Froslass, L50, F|
|poke|p2|Aerodactyl, L50, F|
|poke|p2|Raichu, L50, M|
|poke|p2|Tsareena, L50, F|
|poke|p2|Corviknight, L50, M|
|teampreview|4
|showteam|p1|Incineroar||SitrusBerry|Intimidate|FakeOut,ThroatChop,FlareBlitz,PartingShot|Impish||M|||50|]Venusaur||LifeOrb|Chlorophyll|SolarBeam,SludgeBomb,EarthPower,Protect|Modest||M|||50|]Charizard||CharizarditeY|Blaze|HeatWave,WeatherBall,HelpingHand,Protect|Modest||M|||50|]Garchomp||ChoiceScarf|RoughSkin|DragonClaw,Earthquake,RockSlide,StompingTantrum|Adamant||M|||50|]Toxapex||Leftovers|Regenerator|Infestation,Toxic,BanefulBunker,WideGuard|Bold||M|||50|]Annihilape||FocusSash|Defiant|PhantomForce,CloseCombat,RockTomb,Protect|Jolly||F|||50|
|showteam|p2|Typhlosion||ChoiceScarf|FlashFire|Eruption,HeatWave,ScorchingSands,Overheat|Modest||F|||50|]Froslass||Froslassite|CursedBody|ShadowBall,AuroraVeil,Protect,Blizzard|Timid||F|||50|]Aerodactyl||Aerodactylite|Unnerve|Tailwind,RockSlide,DualWingbeat,Protect|Jolly||F|||50|]Raichu||MentalHerb|LightningRod|FakeOut,HelpingHand,Encore,Thunderbolt|Hasty||M|||50|]Tsareena||SitrusBerry|QueenlyMajesty|Uturn,TropKick,Taunt,KnockOff|Adamant||F|||50|]Corviknight||OccaBerry|MirrorArmor|Tailwind,Uturn,IronHead,BodyPress|Jolly||M|||50|
|inactive|Battle timer is ON: inactive players will automatically lose when time's up. (requested by pawmifleet)
|inactive|pawmifleet has 60 seconds left.
|inactive|bathoven has 60 seconds left.
|
|t:|1784072602
|teamsize|p1|4
|teamsize|p2|4
|start
|switch|p1a: Annihilape|Annihilape, L50, F|100/100
|switch|p1b: Venusaur|Venusaur, L50, M|100/100
|switch|p2a: Froslass|Froslass, L50, F|100/100
|switch|p2b: Typhlosion|Typhlosion, L50, F|100/100
|turn|1
|
|t:|1784072616
|switch|p1b: Charizard|Charizard, L50, M|100/100
|detailschange|p2a: Froslass|Froslass-Mega, L50, F
|-mega|p2a: Froslass|Froslass|Froslassite
|-weather|Snowscape|[from] ability: Snow Warning|[of] p2a: Froslass
|move|p1a: Annihilape|Protect|p1a: Annihilape
|-singleturn|p1a: Annihilape|Protect
|move|p2b: Typhlosion|Eruption|p1b: Charizard|[spread] p1b
|-activate|p1a: Annihilape|move: Protect
|-resisted|p1b: Charizard|1
|-damage|p1b: Charizard|65/100
|move|p2a: Froslass|Shadow Ball|p1a: Annihilape
|-activate|p1a: Annihilape|move: Protect
|
|-weather|Snowscape|[upkeep]
|upkeep
|turn|2
|
|t:|1784072637
|switch|p2a: Aerodactyl|Aerodactyl, L50, F|100/100
|-ability|p2a: Aerodactyl|Unnerve
|switch|p1a: Garchomp|Garchomp, L50, M|100/100
|detailschange|p1b: Charizard|Charizard-Mega-Y, L50, M
|-mega|p1b: Charizard|Charizard|Charizardite Y
|-weather|SunnyDay|[from] ability: Drought|[of] p1b: Charizard
|move|p2b: Typhlosion|Eruption|p1a: Garchomp|[spread] p1a,p1b
|-resisted|p1a: Garchomp|1
|-resisted|p1b: Charizard|1
|-damage|p1a: Garchomp|58/100
|-damage|p1b: Charizard|26/100
|move|p1b: Charizard|Weather Ball|p2a: Aerodactyl
|-resisted|p2a: Aerodactyl|1
|-damage|p2a: Aerodactyl|38/100
|
|-weather|SunnyDay|[upkeep]
|upkeep
|turn|3
|inactive|bathoven has 30 seconds left.
|
|t:|1784072662
|move|p1b: Charizard|Helping Hand|p1a: Garchomp
|-singleturn|p1a: Garchomp|Helping Hand|[of] p1b: Charizard
|move|p1a: Garchomp|Rock Slide|p2b: Typhlosion|[spread] p2a,p2b
|-supereffective|p2a: Aerodactyl|1
|-supereffective|p2b: Typhlosion|1
|-damage|p2a: Aerodactyl|0 fnt
|-damage|p2b: Typhlosion|13/100
|faint|p2a: Aerodactyl
|move|p2b: Typhlosion|Eruption|p1b: Charizard|[spread] p1a,p1b
|-resisted|p1a: Garchomp|1
|-resisted|p1b: Charizard|1
|-damage|p1a: Garchomp|52/100
|-damage|p1b: Charizard|20/100y
|
|-weather|SunnyDay|[upkeep]
|upkeep
|
|t:|1784072670
|switch|p2a: Froslass|Froslass-Mega, L50, F|100/100
|-weather|Snowscape|[from] ability: Snow Warning|[of] p2a: Froslass
|turn|4
|
|t:|1784072679
|switch|p2b: Tsareena|Tsareena, L50, F|100/100
|switch|p1b: Venusaur|Venusaur, L50, M|100/100
|move|p1a: Garchomp|Rock Slide|p2b: Tsareena|[spread] p2a,p2b
|-supereffective|p2a: Froslass|1
|-damage|p2a: Froslass|56/100
|-damage|p2b: Tsareena|79/100
|cant|p2a: Froslass|flinch
|
|-weather|Snowscape|[upkeep]
|upkeep
|turn|5
|inactive|bathoven has 30 seconds left.
|
|t:|1784072704
|move|p1a: Garchomp|Rock Slide|p2a: Froslass|[spread] p2a,p2b
|-supereffective|p2a: Froslass|1
|-damage|p2a: Froslass|11/100
|-damage|p2b: Tsareena|58/100
|move|p2a: Froslass|Blizzard|p1a: Garchomp|[spread] p1a,p1b
|-supereffective|p1a: Garchomp|2
|-supereffective|p1b: Venusaur|1
|-damage|p1a: Garchomp|0 fnt
|-damage|p1b: Venusaur|0 fnt
|faint|p1a: Garchomp
|faint|p1b: Venusaur
|move|p2b: Tsareena|Knock Off|p1: Garchomp|[notarget]
|-fail|p2b: Tsareena
|
|-weather|Snowscape|[upkeep]
|upkeep
|
|t:|1784072712
|switch|p1a: Charizard|Charizard-Mega-Y, L50, M|20/100y
|switch|p1b: Annihilape|Annihilape, L50, F|100/100
|-weather|SunnyDay|[from] ability: Drought|[of] p1a: Charizard
|turn|6
|
|t:|1784072723
|switch|p2a: Typhlosion|Typhlosion, L50, F|13/100
|move|p1b: Annihilape|Phantom Force||[still]
|-prepare|p1b: Annihilape|Phantom Force
|move|p1a: Charizard|Heat Wave|p2b: Tsareena|[spread] p2b
|-start|p2a: Typhlosion|ability: Flash Fire
|-supereffective|p2b: Tsareena|1
|-damage|p2b: Tsareena|0 fnt
|faint|p2b: Tsareena
|
|-weather|SunnyDay|[upkeep]
|upkeep
|
|t:|1784072731
|switch|p2b: Froslass|Froslass-Mega, L50, F|11/100
|-weather|Snowscape|[from] ability: Snow Warning|[of] p2b: Froslass
|turn|7
|
|t:|1784072738
|move|p1a: Charizard|Protect|p1a: Charizard
|-singleturn|p1a: Charizard|Protect
|move|p2a: Typhlosion|Heat Wave|p1a: Charizard|[spread] 
|-miss|p2a: Typhlosion|p1b: Annihilape
|-activate|p1a: Charizard|move: Protect
|move|p2b: Froslass|Blizzard|p1b: Annihilape|[spread] 
|-miss|p2b: Froslass|p1b: Annihilape
|-activate|p1a: Charizard|move: Protect
|move|p1b: Annihilape|Phantom Force|p2b: Froslass|[from] lockedmove
|-supereffective|p2b: Froslass|1
|-damage|p2b: Froslass|0 fnt
|faint|p2b: Froslass
|
|-weather|Snowscape|[upkeep]
|upkeep
|turn|8
|c|☆bathoven|Gg
|
|t:|1784072755
|move|p2a: Typhlosion|Heat Wave|p1a: Charizard|[spread] p1a,p1b
|-resisted|p1a: Charizard|1
|-damage|p1a: Charizard|0 fnt
|-damage|p1b: Annihilape|42/100
|faint|p1a: Charizard
|move|p1b: Annihilape|Close Combat|p2a: Typhlosion
|-damage|p2a: Typhlosion|0 fnt
|-unboost|p1b: Annihilape|def|1
|-unboost|p1b: Annihilape|spd|1
|faint|p2a: Typhlosion
|
|win|pawmifleet
|raw|pawmifleet's rating: 1207 → 1226(+19 for winning)
|raw|bathoven's rating: 1129 → 1110(-19 for losing)
