|j|☆Slackermaru
|j|☆ronansting
|html|Slackermaruronansting    
|uhtml|bestof|Game 2 of a best-of-3
|t:|1754936217
|gametype|doubles
|player|p1|Slackermaru|workerice|1478
|player|p2|ronansting|baker|1387
|gen|9
|tier|[Gen 9] VGC 2025 Reg H (Bo3)
|rated|
|rule|Species Clause: Limit one of each Pokémon
|rule|Item Clause: Limit 1 of each item
|clearpoke
|poke|p1|Incineroar, L50, M|
|poke|p1|Amoonguss, L50, M|
|poke|p1|Ursaluna-Bloodmoon, L50, M|
|poke|p1|Sneasler, L50, F|
|poke|p1|Gholdengo, L50|
|poke|p1|Dragonite, L50, M|
|poke|p2|Archaludon, L50, F|
|poke|p2|Pelipper, L50, F|
|poke|p2|Indeedee, L50, M|
|poke|p2|Amoonguss, L50, M|
|poke|p2|Basculegion, L50, M|
|poke|p2|Hydreigon, L50, F|
|teampreview|4
|showteam|p1|Incineroar||SafetyGoggles|Intimidate|FlareBlitz,KnockOff,PartingShot,FakeOut|||M|||50|,,,,,Ghost]Amoonguss||SitrusBerry|Regenerator|Spore,RagePowder,SludgeBomb,Protect|||M|||50|,,,,,Water]Ursaluna-Bloodmoon||AssaultVest|MindsEye|HyperVoice,BloodMoon,EarthPower,VacuumWave|||M|||50|,,,,,Ghost]Sneasler||FocusSash|Unburden|CloseCombat,DireClaw,ThroatChop,Protect|||F|||50|,,,,,Stellar]Gholdengo||LifeOrb|GoodasGold|MakeItRain,ShadowBall,NastyPlot,Protect||||||50|,,,,,Steel]Dragonite||LoadedDice|Multiscale|ScaleShot,Tailwind,Haze,Protect|||M|||50|,,,,,Fairy
|showteam|p2|Archaludon||AssaultVest|Stamina|ElectroShot,DracoMeteor,BodyPress,FlashCannon|||F|||50|,,,,,Grass]Pelipper||FocusSash|Drizzle|WeatherBall,Hurricane,Tailwind,Protect|||F|||50|,,,,,Ghost]Indeedee||ChoiceScarf|PsychicSurge|ExpandingForce,TeraBlast,Trick,DazzlingGleam|||M|||50|,,,,,Ground]Amoonguss||SitrusBerry|Regenerator|Spore,SludgeBomb,Protect,RagePowder|||M|||50|,,,,,Water]Basculegion||ChoiceBand|SwiftSwim|FlipTurn,WaveCrash,LastRespects,AquaJet|||M|||50|,,,,,Poison]Hydreigon||CovertCloak|Levitate|Taunt,Snarl,DracoMeteor,EarthPower|||F|||50|,,,,,Fairy
|
|t:|1754936245
|teamsize|p1|4
|teamsize|p2|4
|start
|switch|p1a: Sneasler|Sneasler, L50, F|100/100
|switch|p1b: Gholdengo|Gholdengo, L50|100/100
|switch|p2a: Piedragon|Hydreigon, L50, F|100/100
|switch|p2b: Empire|Basculegion, L50, M|100/100
|turn|1
|
|t:|1754936268
|switch|p2a: Smellypper|Pelipper, L50, F|100/100
|-weather|RainDance|[from] ability: Drizzle|[of] p2a: Smellypper
|move|p2b: Empire|Wave Crash|p1b: Gholdengo
|-damage|p1b: Gholdengo|0 fnt
|faint|p1b: Gholdengo
|-damage|p2b: Empire|73/100|[from] Recoil
|move|p1a: Sneasler|Throat Chop|p2b: Empire
|-supereffective|p2b: Empire
|-damage|p2b: Empire|2/100
|-start|p2b: Empire|Throat Chop|[silent]
|
|-weather|RainDance|[upkeep]
|upkeep
|
|t:|1754936279
|switch|p1b: Dragonite|Dragonite, L50, M, shiny|100/100
|turn|2
|
|t:|1754936291
|move|p2a: Smellypper|Protect|p2a: Smellypper
|-singleturn|p2a: Smellypper|Protect
|move|p2b: Empire|Wave Crash|p1a: Sneasler
|-enditem|p1a: Sneasler|Focus Sash
|-damage|p1a: Sneasler|1/100
|-damage|p2b: Empire|0 fnt|[from] Recoil
|faint|p2b: Empire
|move|p1a: Sneasler|Close Combat|p2a: Smellypper
|-activate|p2a: Smellypper|move: Protect
|move|p1b: Dragonite|Scale Shot|p2a: Smellypper
|-activate|p2a: Smellypper|move: Protect
|
|-weather|RainDance|[upkeep]
|upkeep
|
|t:|1754936309
|switch|p2b: Arching|Archaludon, L50, F|100/100
|turn|3
|
|t:|1754936334
|-terastallize|p1a: Sneasler|Stellar
|-terastallize|p2b: Arching|Grass
|move|p1a: Sneasler|Close Combat|p2b: Arching
|-damage|p2b: Arching|41/100
|-unboost|p1a: Sneasler|def|1
|-unboost|p1a: Sneasler|spd|1
|-ability|p2b: Arching|Stamina|boost
|-boost|p2b: Arching|def|1
|move|p1b: Dragonite|Scale Shot|p2a: Smellypper
|-damage|p2a: Smellypper|81/100
|-damage|p2a: Smellypper|60/100
|-damage|p2a: Smellypper|40/100
|-damage|p2a: Smellypper|20/100
|-hitcount|p2a: Smellypper|4
|-unboost|p1b: Dragonite|def|1
|-boost|p1b: Dragonite|spe|1
|move|p2a: Smellypper|Tailwind|p2a: Smellypper
|-sidestart|p2: ronansting|move: Tailwind
|move|p2b: Arching|Electro Shot||[still]
|-prepare|p2b: Arching|Electro Shot
|-boost|p2b: Arching|spa|1
|-anim|p2b: Arching|Electro Shot|p1a: Sneasler
|-damage|p1a: Sneasler|0 fnt
|faint|p1a: Sneasler
|
|-weather|RainDance|[upkeep]
|upkeep
|
|t:|1754936357
|switch|p1a: Amoonguss|Amoonguss, L50, M, shiny|100/100
|turn|4
|
|t:|1754936366
|move|p2a: Smellypper|Hurricane|p1a: Amoonguss
|-supereffective|p1a: Amoonguss
|-damage|p1a: Amoonguss|9/100
|-enditem|p1a: Amoonguss|Sitrus Berry|[eat]
|-heal|p1a: Amoonguss|34/100|[from] item: Sitrus Berry
|move|p2b: Arching|Electro Shot||[still]
|-prepare|p2b: Arching|Electro Shot
|-boost|p2b: Arching|spa|1
|-anim|p2b: Arching|Electro Shot|p1a: Amoonguss
|-resisted|p1a: Amoonguss
|-damage|p1a: Amoonguss|0 fnt
|faint|p1a: Amoonguss
|move|p1b: Dragonite|Scale Shot|p2a: Smellypper
|-damage|p2a: Smellypper|1/100
|-damage|p2a: Smellypper|0 fnt
|faint|p2a: Smellypper
|-hitcount|p2: Smellypper|2
|-unboost|p1b: Dragonite|def|1
|-boost|p1b: Dragonite|spe|1
|
|-weather|RainDance|[upkeep]
|upkeep
|
|t:|1754936379
|switch|p2a: Piedragon|Hydreigon, L50, F|100/100
|turn|5
|
|t:|1754936386
|move|p1b: Dragonite|Protect|p1b: Dragonite
|-singleturn|p1b: Dragonite|Protect
|move|p2a: Piedragon|Draco Meteor|p1b: Dragonite
|-activate|p1b: Dragonite|move: Protect
|move|p2b: Arching|Electro Shot||[still]
|-prepare|p2b: Arching|Electro Shot
|-boost|p2b: Arching|spa|1
|-anim|p2b: Arching|Electro Shot|p1b: Dragonite
|-activate|p1b: Dragonite|move: Protect
|
|-weather|none
|upkeep
|turn|6
|
|t:|1754936403
|move|p2a: Piedragon|Draco Meteor|p1b: Dragonite|[miss]
|-miss|p2a: Piedragon|p1b: Dragonite
|move|p1b: Dragonite|Scale Shot|p2a: Piedragon
|-supereffective|p2a: Piedragon
|-damage|p2a: Piedragon|74/100
|-supereffective|p2a: Piedragon
|-damage|p2a: Piedragon|45/100
|-supereffective|p2a: Piedragon
|-crit|p2a: Piedragon
|-damage|p2a: Piedragon|0 fnt
|faint|p2a: Piedragon
|-hitcount|p2: Piedragon|3
|-unboost|p1b: Dragonite|def|1
|-boost|p1b: Dragonite|spe|1
|move|p2b: Arching|Draco Meteor|p1b: Dragonite
|-supereffective|p1b: Dragonite
|-damage|p1b: Dragonite|0 fnt
|-unboost|p2b: Arching|spa|2
|faint|p1b: Dragonite
|
|win|ronansting
|raw|Slackermaru's rating: 1478 → 1453(-25 for losing)
|raw|ronansting's rating: 1387 → 1412(+25 for winning)
|c|☆ronansting|gg
