|j|☆Chelicerate1
|j|☆huynguy
|html|Chelicerate1huynguy    
|uhtml|bestof|Game 3 of a best-of-3
|t:|1783693002
|gametype|doubles
|player|p1|Chelicerate1|ethan|1127
|player|p2|huynguy|170|1072
|gen|9
|tier|[Gen 9 Champions] VGC 2026 Reg M-B (Bo3)
|rated|
|rule|Species Clause: Limit one of each Pokémon
|rule|Item Clause: Limit 1 of each item
|clearpoke
|poke|p1|Gholdengo, L50, shiny|
|poke|p1|Incineroar, L50, M, shiny|
|poke|p1|Charizard, L50, M, shiny|
|poke|p1|Floette-Eternal, L50, F|
|poke|p1|Sinistcha-Masterpiece, L50, shiny|
|poke|p1|Garchomp, L50, M, shiny|
|poke|p2|Whimsicott, L50, M|
|poke|p2|Lucario, L50, F|
|poke|p2|Staraptor, L50, F|
|poke|p2|Tsareena, L50, F|
|poke|p2|Garchomp, L50, F|
|poke|p2|Greninja, L50, F|
|teampreview|4
|showteam|p1|Gholdengo||ChoiceScarf|GoodasGold|MakeItRain,Thunderbolt,ShadowBall,Trick|Timid|||||50|]Incineroar||SitrusBerry|Intimidate|FakeOut,ThroatChop,PartingShot,FlareBlitz|Careful||M|||50|]Charizard||CharizarditeY|SolarPower|HeatWave,WeatherBall,SolarBeam,Protect|Modest||M|||50|]Floette-Eternal||Floettite|FlowerVeil|Moonblast,DazzlingGleam,CalmMind,Protect|Modest||F|||50|]Sinistcha-Masterpiece||FocusSash|Hospitality|LeafStorm,RagePowder,TrickRoom,Protect|Bold|||||50|]Garchomp||LifeOrb|RoughSkin|DragonClaw,RockSlide,Earthquake,Protect|Adamant||M|||50|
|showteam|p2|Whimsicott||FocusSash|Prankster|Moonblast,Tailwind,BeatUp,Encore|Timid||M|||50|]Lucario||Lucarionite|Justified|BulletPunch,DrainPunch,RockSlide,Protect|Adamant||F|||50|]Staraptor||ChoiceScarf|Intimidate|FinalGambit,CloseCombat,BraveBird,Uturn|Adamant||F|||50|]Tsareena||WideLens|QueenlyMajesty|Taunt,PowerWhip,HighJumpKick,Protect|Adamant||F|||50|]Garchomp||LifeOrb|RoughSkin|DragonClaw,Earthquake,StompingTantrum,Protect|Jolly||F|||50|]Greninja||Greninjite|Protean|Surf,IceBeam,DarkPulse,Protect|Timid||F|||50|
|inactive|Battle timer is ON: inactive players will automatically lose when time's up. (requested by Chelicerate1)
|inactive|Chelicerate1 has 60 seconds left.
|inactive|huynguy has 60 seconds left.
|inactive|Chelicerate1 has 30 seconds left.
|
|t:|1783693071
|teamsize|p1|4
|teamsize|p2|4
|start
|switch|p1a: Floette|Floette-Eternal, L50, F|100/100
|switch|p1b: Sinistcha|Sinistcha-Masterpiece, L50, shiny|100/100
|switch|p2a: Whimsicott|Whimsicott, L50, M|100/100
|switch|p2b: Staraptor|Staraptor, L50, F|100/100
|-ability|p2b: Staraptor|Intimidate|boost
|-unboost|p1a: Floette|atk|1
|-block|p1b: Sinistcha|ability: Flower Veil|[of] p1a: Floette
|turn|1
|inactive|Chelicerate1 has 30 seconds left.
|inactive|huynguy has 30 seconds left.
|inactive|Chelicerate1 has 20 seconds left.
|inactive|huynguy has 20 seconds left.
|inactive|huynguy has 15 seconds left.
|
|t:|1783693113
|detailschange|p1a: Floette|Floette-Mega, L50, F
|-mega|p1a: Floette|Floette|Floettite
|-ability|p1a: Floette|Fairy Aura
|move|p1b: Sinistcha|Rage Powder|p1b: Sinistcha
|-singleturn|p1b: Sinistcha|move: Rage Powder
|move|p2a: Whimsicott|Tailwind|p2a: Whimsicott
|-sidestart|p2: huynguy|move: Tailwind
|move|p2b: Staraptor|Brave Bird|p1b: Sinistcha
|-supereffective|p1b: Sinistcha|1
|-enditem|p1b: Sinistcha|Focus Sash
|-damage|p1b: Sinistcha|1/100
|-damage|p2b: Staraptor|69/100|[from] Recoil
|move|p1a: Floette|Dazzling Gleam|p2b: Staraptor|[spread] p2a,p2b
|-damage|p2a: Whimsicott|14/100
|-damage|p2b: Staraptor|8/100
|
|upkeep
|turn|2
|inactive|Chelicerate1 has 30 seconds left.
|inactive|huynguy has 30 seconds left.
|
|t:|1783693147
|switch|p1b: Incineroar|Incineroar, L50, M, shiny|100/100
|-ability|p1b: Incineroar|Intimidate|boost
|-unboost|p2a: Whimsicott|atk|1
|-unboost|p2b: Staraptor|atk|1
|move|p2a: Whimsicott|Moonblast|p1b: Incineroar
|-damage|p1b: Incineroar|62/100
|move|p2b: Staraptor|Brave Bird|p1a: Floette
|-damage|p1a: Floette|55/100
|-damage|p2b: Staraptor|0 fnt|[from] Recoil
|faint|p2b: Staraptor
|move|p1a: Floette|Dazzling Gleam|p2a: Whimsicott
|-damage|p2a: Whimsicott|0 fnt
|faint|p2a: Whimsicott
|
|upkeep
|
|t:|1783693161
|switch|p2a: Lucario|Lucario, L50, F|100/100
|switch|p2b: Greninja|Greninja, L50, F|100/100
|turn|3
|inactive|Chelicerate1 has 30 seconds left.
|inactive|Chelicerate1 has 20 seconds left.
|inactive|Chelicerate1 has 15 seconds left.
|inactive|Chelicerate1 has 10 seconds left.
|inactive|Chelicerate1 has 5 seconds left.
|
|t:|1783693212
|move|p2b: Greninja|Protect|p2b: Greninja
|-start|p2b: Greninja|typechange|Normal|[from] ability: Protean
|-singleturn|p2b: Greninja|Protect
|move|p2a: Lucario|Protect|p2a: Lucario
|-singleturn|p2a: Lucario|Protect
|move|p1b: Incineroar|Fake Out|p2a: Lucario
|-activate|p2a: Lucario|move: Protect
|move|p1a: Floette|Dazzling Gleam|p2b: Greninja|[spread] 
|-activate|p2a: Lucario|move: Protect
|-activate|p2b: Greninja|move: Protect
|
|upkeep
|turn|4
|inactive|Chelicerate1 has 30 seconds left.
|inactive|huynguy has 30 seconds left.
|inactive|Chelicerate1 has 20 seconds left.
|inactive|huynguy has 20 seconds left.
|inactive|Chelicerate1 has 15 seconds left.
|inactive|huynguy has 15 seconds left.
|inactive|Chelicerate1 has 10 seconds left.
|
|t:|1783693258
|switch|p1b: Sinistcha|Sinistcha-Masterpiece, L50, shiny|1/100
|-heal|p1a: Floette|80/100|[from] ability: Hospitality|[of] p1b: Sinistcha
|detailschange|p2a: Lucario|Lucario-Mega, L50, F
|-mega|p2a: Lucario|Lucario|Lucarionite
|move|p1a: Floette|Protect|p1a: Floette
|-singleturn|p1a: Floette|Protect
|move|p2b: Greninja|Ice Beam|p1b: Sinistcha
|-supereffective|p1b: Sinistcha|1
|-crit|p1b: Sinistcha
|-damage|p1b: Sinistcha|0 fnt
|faint|p1b: Sinistcha
|move|p2a: Lucario|Rock Slide|p1a: Floette
|-activate|p1a: Floette|move: Protect
|
|-sideend|p2: huynguy|move: Tailwind
|upkeep
|inactive|Chelicerate1 has 30 seconds left.
|
|t:|1783693286
|switch|p1b: Incineroar|Incineroar, L50, M, shiny|62/100
|-ability|p1b: Incineroar|Intimidate|boost
|-unboost|p2a: Lucario|atk|1
|-unboost|p2b: Greninja|atk|1
|turn|5
|
|t:|1783693306
|move|p2b: Greninja|Protect|p2b: Greninja
|-singleturn|p2b: Greninja|Protect
|move|p2a: Lucario|Protect|p2a: Lucario
|-singleturn|p2a: Lucario|Protect
|move|p1b: Incineroar|Fake Out|p2a: Lucario
|-activate|p2a: Lucario|move: Protect
|move|p1a: Floette|Calm Mind|p1a: Floette
|-boost|p1a: Floette|spa|1
|-boost|p1a: Floette|spd|1
|
|upkeep
|turn|6
|inactive|Chelicerate1 has 30 seconds left.
|inactive|huynguy has 30 seconds left.
|inactive|Chelicerate1 has 20 seconds left.
|inactive|Chelicerate1 has 15 seconds left.
|inactive|Chelicerate1 has 10 seconds left.
|inactive|Chelicerate1 has 5 seconds left.
|
|t:|1783693359
|move|p2a: Lucario|Bullet Punch|p1a: Floette
|-supereffective|p1a: Floette|1
|-damage|p1a: Floette|27/100
|move|p2b: Greninja|Ice Beam|p1b: Incineroar
|-resisted|p1b: Incineroar|1
|-damage|p1b: Incineroar|52/100
|move|p1a: Floette|Dazzling Gleam|p2b: Greninja|[spread] p2a,p2b
|-damage|p2a: Lucario|1/100
|-damage|p2b: Greninja|0 fnt
|faint|p2b: Greninja
|move|p1b: Incineroar|Flare Blitz|p2a: Lucario
|-supereffective|p2a: Lucario|1
|-damage|p2a: Lucario|0 fnt
|faint|p2a: Lucario
|-damage|p1b: Incineroar|52/100|[from] Recoil
|
|win|Chelicerate1
|raw|Chelicerate1's rating: 1127 → 1148(+21 for winning)
|raw|huynguy's rating: 1072 → 1054(-18 for losing)
