|j|☆gundi8
|j|☆maikage
|html|gundi8maikage    
|uhtml|bestof|Game 3 of a best-of-3
|t:|1757673012
|gametype|doubles
|player|p1|gundi8|ethan-gen2|1114
|player|p2|maikage|firebreather|1159
|gen|9
|tier|[Gen 9] VGC 2025 Reg H (Bo3)
|rated|
|rule|Species Clause: Limit one of each Pokémon
|rule|Item Clause: Limit 1 of each item
|clearpoke
|poke|p1|Garchomp, L50, M|
|poke|p1|Jumpluff, L50, F|
|poke|p1|Torkoal, L50, M|
|poke|p1|Dragonite, L50, F|
|poke|p1|Kingambit, L50, M|
|poke|p1|Typhlosion-Hisui, L50, M|
|poke|p2|Maushold, L50|
|poke|p2|Annihilape, L50, F|
|poke|p2|Incineroar, L50, F|
|poke|p2|Rillaboom, L50, F|
|poke|p2|Dragonite, L50, M|
|poke|p2|Gholdengo, L50|
|teampreview|4
|showteam|p1|Garchomp||LifeOrb|RoughSkin|DragonClaw,StompingTantrum,Earthquake,Protect|||M|||50|,,,,,Fire]Jumpluff||CovertCloak|Chlorophyll|LeafStorm,SleepPowder,Encore,Tailwind|||F|||50|,,,,,Dark]Torkoal||EjectPack|Drought|Overheat,BurningJealousy,HelpingHand,Protect|||M|||50|,,,,,Flying]Dragonite||LoadedDice|InnerFocus|ScaleShot,ExtremeSpeed,Haze,Protect|||F|||50|,,,,,Fairy]Kingambit||AssaultVest|Defiant|IronHead,SuckerPunch,Assurance,LowKick|||M|||50|,,,,,Flying]Typhlosion-Hisui||ChoiceSpecs|Blaze|Eruption,ShadowBall,HeatWave,Overheat|||M|||50|,,,,,Fire
|showteam|p2|Maushold||WideLens|Technician|PopulationBomb,BeatUp,Protect,FollowMe||||||50|,,,,,Ghost]Annihilape||Leftovers|Defiant|RageFist,DrainPunch,Protect,BulkUp|||F|||50|,,,,,Fire]Incineroar||SitrusBerry|Intimidate|FakeOut,KnockOff,PartingShot,FlareBlitz|||F|||50|,,,,,Grass]Rillaboom||AssaultVest|GrassySurge|FakeOut,GrassyGlide,Uturn,WoodHammer|||F|||50|,,,,,Fire]Dragonite||LoadedDice|Multiscale|ScaleShot,Tailwind,Protect,Haze|||M|||50|,,,,,Fairy]Gholdengo||LifeOrb|GoodasGold|MakeItRain,ShadowBall,Protect,NastyPlot||||||50|,,,,,Water
|inactive|Battle timer is ON: inactive players will automatically lose when time's up. (requested by maikage)
|inactive|gundi8 also wants the timer to be on.
|inactive|maikage has 60 seconds left.
|
|t:|1757673050
|teamsize|p1|4
|teamsize|p2|4
|start
|switch|p1a: Garchomp|Garchomp, L50, M|100/100
|switch|p1b: Kingambit|Kingambit, L50, M|100/100
|switch|p2a: homosexual dog|Dragonite, L50, M|100/100
|switch|p2b: homosexual monkey|Rillaboom, L50, F|100/100
|-fieldstart|move: Grassy Terrain|[from] ability: Grassy Surge|[of] p2b: homosexual monkey
|turn|1
|inactive|gundi8 has 30 seconds left.
|inactive|maikage has 30 seconds left.
|
|t:|1757673082
|switch|p1a: Torkoal|Torkoal, L50, M, shiny|100/100
|-weather|SunnyDay|[from] ability: Drought|[of] p1a: Torkoal
|-terastallize|p2a: homosexual dog|Fairy
|move|p2b: homosexual monkey|Fake Out|p1b: Kingambit
|-resisted|p1b: Kingambit
|-damage|p1b: Kingambit|94/100
|move|p2a: homosexual dog|Scale Shot|p1a: Torkoal
|-damage|p1a: Torkoal|90/100
|-damage|p1a: Torkoal|79/100
|-damage|p1a: Torkoal|67/100
|-damage|p1a: Torkoal|56/100
|-hitcount|p1a: Torkoal|4
|-unboost|p2a: homosexual dog|def|1
|-boost|p2a: homosexual dog|spe|1
|cant|p1b: Kingambit|flinch
|
|-weather|SunnyDay|[upkeep]
|-heal|p1b: Kingambit|100/100|[from] Grassy Terrain
|-heal|p1a: Torkoal|62/100|[from] Grassy Terrain
|upkeep
|turn|2
|
|t:|1757673106
|move|p2a: homosexual dog|Scale Shot|p1a: Torkoal
|-damage|p1a: Torkoal|51/100
|-damage|p1a: Torkoal|39/100
|-damage|p1a: Torkoal|28/100
|-damage|p1a: Torkoal|16/100
|-hitcount|p1a: Torkoal|4
|-unboost|p2a: homosexual dog|def|1
|-boost|p2a: homosexual dog|spe|1
|move|p2b: homosexual monkey|U-turn|p1a: Torkoal
|-resisted|p1a: Torkoal
|-damage|p1a: Torkoal|6/100
|
|t:|1757673121
|switch|p2b: angsty teenage son|Annihilape, L50, F|100/100|[from] U-turn
|move|p1b: Kingambit|Iron Head|p2a: homosexual dog
|-supereffective|p2a: homosexual dog
|-damage|p2a: homosexual dog|0 fnt
|faint|p2a: homosexual dog
|move|p1a: Torkoal|Burning Jealousy|p2b: angsty teenage son
|-damage|p2b: angsty teenage son|67/100
|
|-weather|SunnyDay|[upkeep]
|-heal|p2b: angsty teenage son|73/100|[from] Grassy Terrain
|-heal|p2b: angsty teenage son|79/100|[from] item: Leftovers
|-heal|p1a: Torkoal|12/100|[from] Grassy Terrain
|upkeep
|
|t:|1757673133
|switch|p2a: homosexual monkey|Rillaboom, L50, F|100/100
|turn|3
|
|t:|1757673152
|switch|p1b: Typhlosion|Typhlosion-Hisui, L50, M|100/100
|move|p1a: Torkoal|Protect|p1a: Torkoal
|-singleturn|p1a: Torkoal|Protect
|move|p2a: homosexual monkey|Fake Out|p1a: Torkoal
|-activate|p1a: Torkoal|move: Protect
|move|p2b: angsty teenage son|Bulk Up|p2b: angsty teenage son
|-boost|p2b: angsty teenage son|atk|1
|-boost|p2b: angsty teenage son|def|1
|
|-weather|SunnyDay|[upkeep]
|-heal|p2b: angsty teenage son|85/100|[from] Grassy Terrain
|-heal|p2b: angsty teenage son|91/100|[from] item: Leftovers
|-heal|p1a: Torkoal|18/100|[from] Grassy Terrain
|upkeep
|turn|4
|
|t:|1757673173
|-terastallize|p1b: Typhlosion|Fire
|move|p1a: Torkoal|Helping Hand|p1b: Typhlosion
|-singleturn|p1b: Typhlosion|Helping Hand|[of] p1a: Torkoal
|move|p2a: homosexual monkey|Grassy Glide|p1a: Torkoal
|-resisted|p1a: Torkoal
|-damage|p1a: Torkoal|4/100
|move|p1b: Typhlosion|Eruption|p2a: homosexual monkey|[spread] p2a,p2b
|-supereffective|p2a: homosexual monkey
|-damage|p2a: homosexual monkey|0 fnt
|-damage|p2b: angsty teenage son|0 fnt
|faint|p2a: homosexual monkey
|faint|p2b: angsty teenage son
|
|-weather|SunnyDay|[upkeep]
|-heal|p1a: Torkoal|10/100|[from] Grassy Terrain
|upkeep
|
|t:|1757673183
|switch|p2b: capitalism|Gholdengo, L50|100/100
|turn|5
|
|t:|1757673190
|move|p1a: Torkoal|Helping Hand|p1b: Typhlosion
|-singleturn|p1b: Typhlosion|Helping Hand|[of] p1a: Torkoal
|move|p1b: Typhlosion|Eruption|p2b: capitalism
|-supereffective|p2b: capitalism
|-damage|p2b: capitalism|0 fnt
|faint|p2b: capitalism
|
|win|gundi8
|raw|gundi8's rating: 1114 → 1142(+28 for winning)
|raw|maikage's rating: 1159 → 1131(-28 for losing)
|l|☆maikage
|player|p2|
