|j|☆PidoveQ
|j|☆Ujan_Ujon
|html|PidoveQUjan_Ujon    
|uhtml|bestof|Game 3 of a best-of-3
|t:|1754396828
|gametype|doubles
|player|p1|PidoveQ|akari|1157
|player|p2|Ujan_Ujon|clown|1210
|gen|9
|tier|[Gen 9] VGC 2025 Reg H (Bo3)
|rated|
|rule|Species Clause: Limit one of each Pokémon
|rule|Item Clause: Limit 1 of each item
|clearpoke
|poke|p1|Incineroar, L50, F|
|poke|p1|Farigiraf, L50, F|
|poke|p1|Ursaluna, L50, F|
|poke|p1|Sneasler, L50, M|
|poke|p1|Dragapult, L50, M|
|poke|p1|Gholdengo, L50|
|poke|p2|Annihilape, L50, M|
|poke|p2|Ninetales-Alola, L50, F|
|poke|p2|Talonflame, L50, F|
|poke|p2|Garchomp, L50, M|
|poke|p2|Vivillon-Ocean, L50, F|
|poke|p2|Gholdengo, L50|
|teampreview|4
|showteam|p1|Incineroar||AssaultVest|Intimidate|FlareBlitz,KnockOff,FakeOut,Uturn|||F|||50|,,,,,Grass]Farigiraf||ThroatSpray|ArmorTail|HyperVoice,Psychic,TrickRoom,Protect|||F|||50|,,,,,Fairy]Ursaluna||FlameOrb|Guts|Facade,HeadlongRush,Substitute,Protect|||F|||50|,,,,,Poison]Sneasler||FocusSash|Unburden|DireClaw,CloseCombat,ThroatChop,Protect|||M|||50|,,,,,Stellar]Dragapult||ChoiceBand|ClearBody|DragonDarts,PhantomForce,Outrage,Uturn|||M|||50|,,,,,Dragon]Gholdengo||Leftovers|GoodasGold|MakeItRain,ShadowBall,NastyPlot,Protect||||||50|,,,,,Water
|showteam|p2|Annihilape||SafetyGoggles|Defiant|RageFist,DrainPunch,BulkUp,Protect|||M|||50|,,,,,Water]Ninetales-Alola||CovertCloak|SnowWarning|Blizzard,FreezeDry,AuroraVeil,Protect|||F|||50|,,,,,Ice]Talonflame||SharpBeak|GaleWings|DualWingbeat,Tailwind,WillOWisp,Protect|||F|||50|,,,,,Ghost]Garchomp||LifeOrb|RoughSkin|Earthquake,StompingTantrum,DragonClaw,Protect|||M|||50|,,,,,Steel]Vivillon-Ocean||FocusSash|CompoundEyes|SleepPowder,Hurricane,RagePowder,Protect|||F|||50|,,,,,Ghost]Gholdengo||IronPlate|GoodasGold|MakeItRain,ShadowBall,NastyPlot,Protect||||||50|,,,,,Steel
|inactive|Battle timer is ON: inactive players will automatically lose when time's up. (requested by PidoveQ)
|inactive|Ujan_Ujon also wants the timer to be on.
|
|t:|1754396852
|teamsize|p1|4
|teamsize|p2|4
|start
|switch|p1a: Dragapult|Dragapult, L50, M, shiny|100/100
|switch|p1b: Gholdengo|Gholdengo, L50|100/100
|switch|p2a: Vivillon|Vivillon-Ocean, L50, F|100/100
|switch|p2b: Ninetales|Ninetales-Alola, L50, F, shiny|100/100
|-weather|Snowscape|[from] ability: Snow Warning|[of] p2b: Ninetales
|turn|1
|inactive|Ujan_Ujon has 30 seconds left.
|inactive|Ujan_Ujon has 20 seconds left.
|inactive|Ujan_Ujon has 15 seconds left.
|inactive|Ujan_Ujon has 10 seconds left.
|
|t:|1754396902
|move|p1a: Dragapult|Phantom Force||[still]
|-prepare|p1a: Dragapult|Phantom Force
|move|p2b: Ninetales|Aurora Veil|p2b: Ninetales
|-sidestart|p2: Ujan_Ujon|move: Aurora Veil
|move|p2a: Vivillon|Sleep Powder|p1a: Dragapult|[miss]
|-miss|p2a: Vivillon|p1a: Dragapult
|move|p1b: Gholdengo|Make It Rain|p2b: Ninetales|[spread] p2a,p2b
|-supereffective|p2b: Ninetales
|-damage|p2a: Vivillon|45/100
|-damage|p2b: Ninetales|0 fnt
|-unboost|p1b: Gholdengo|spa|1
|faint|p2b: Ninetales
|
|-weather|Snowscape|[upkeep]
|upkeep
|
|t:|1754396917
|switch|p2b: Garchomp|Garchomp, L50, M|100/100
|turn|2
|
|t:|1754396941
|-terastallize|p2b: Garchomp|Steel
|-terastallize|p1b: Gholdengo|Water
|move|p1a: Dragapult|Phantom Force|p2b: Garchomp|[from] lockedmove
|-damage|p2b: Garchomp|49/100
|-damage|p1a: Dragapult|88/100|[from] ability: Rough Skin|[of] p2b: Garchomp
|move|p2b: Garchomp|Dragon Claw|p1a: Dragapult
|-supereffective|p1a: Dragapult
|-damage|p1a: Dragapult|0 fnt
|faint|p1a: Dragapult
|-damage|p2b: Garchomp|39/100|[from] item: Life Orb
|move|p2a: Vivillon|Sleep Powder|p1b: Gholdengo
|-immune|p1b: Gholdengo|[from] ability: Good as Gold
|move|p1b: Gholdengo|Make It Rain|p2b: Garchomp|[spread] p2a,p2b
|-resisted|p2b: Garchomp
|-damage|p2a: Vivillon|9/100
|-damage|p2b: Garchomp|28/100
|-unboost|p1b: Gholdengo|spa|1
|
|-weather|Snowscape|[upkeep]
|upkeep
|
|t:|1754396950
|switch|p1a: Sassy|Sneasler, L50, M, shiny|100/100
|turn|3
|
|t:|1754396957
|move|p1a: Sassy|Protect|p1a: Sassy
|-singleturn|p1a: Sassy|Protect
|move|p2a: Vivillon|Rage Powder|p2a: Vivillon
|-singleturn|p2a: Vivillon|move: Rage Powder
|move|p2b: Garchomp|Earthquake|p1a: Sassy|[spread] p1b
|-activate|p1a: Sassy|move: Protect
|-immune|p2a: Vivillon
|-damage|p1b: Gholdengo|53/100
|-damage|p2b: Garchomp|19/100|[from] item: Life Orb
|move|p1b: Gholdengo|Make It Rain|p2a: Vivillon|[spread] p2a,p2b
|-resisted|p2b: Garchomp
|-damage|p2a: Vivillon|0 fnt
|-damage|p2b: Garchomp|11/100
|-unboost|p1b: Gholdengo|spa|1
|faint|p2a: Vivillon
|
|-weather|Snowscape|[upkeep]
|-heal|p1b: Gholdengo|59/100|[from] item: Leftovers
|upkeep
|
|t:|1754396962
|switch|p2a: Gholdengo|Gholdengo, L50|100/100
|turn|4
|
|t:|1754396987
|switch|p1b: Yggalag|Incineroar, L50, F, shiny|100/100
|-ability|p1b: Yggalag|Intimidate|boost
|-unboost|p2a: Gholdengo|atk|1
|-unboost|p2b: Garchomp|atk|1
|move|p2b: Garchomp|Protect|p2b: Garchomp
|-singleturn|p2b: Garchomp|Protect
|move|p1a: Sassy|Close Combat|p2b: Garchomp
|-activate|p2b: Garchomp|move: Protect
|move|p2a: Gholdengo|Make It Rain|p1a: Sassy|[spread] p1a,p1b
|-resisted|p1b: Yggalag
|-damage|p1a: Sassy|22/100
|-damage|p1b: Yggalag|84/100
|-unboost|p2a: Gholdengo|spa|1
|
|-weather|Snowscape|[upkeep]
|upkeep
|turn|5
|inactive|Ujan_Ujon has 30 seconds left.
|inactive|Ujan_Ujon has 20 seconds left.
|inactive|Ujan_Ujon has 15 seconds left.
|
|t:|1754397031
|switch|p1b: Gholdengo|Gholdengo, L50, tera:Water|59/100
|move|p2b: Garchomp|Protect||[still]
|-fail|p2b: Garchomp
|move|p1a: Sassy|Close Combat|p2b: Garchomp
|-supereffective|p2b: Garchomp
|-damage|p2b: Garchomp|0 fnt
|-unboost|p1a: Sassy|def|1
|-unboost|p1a: Sassy|spd|1
|-damage|p1a: Sassy|9/100|[from] ability: Rough Skin|[of] p2b: Garchomp
|faint|p2b: Garchomp
|move|p2a: Gholdengo|Shadow Ball|p1a: Sassy
|-damage|p1a: Sassy|0 fnt
|faint|p1a: Sassy
|
|-weather|none
|-heal|p1b: Gholdengo|66/100|[from] item: Leftovers
|-sideend|p2: Ujan_Ujon|move: Aurora Veil
|upkeep
|
|t:|1754397040
|switch|p1a: Yggalag|Incineroar, L50, F, shiny|84/100
|-ability|p1a: Yggalag|Intimidate|boost
|-unboost|p2a: Gholdengo|atk|1
|turn|6
|
|t:|1754397056
|move|p2a: Gholdengo|Nasty Plot|p2a: Gholdengo
|-boost|p2a: Gholdengo|spa|2
|move|p1b: Gholdengo|Shadow Ball|p2a: Gholdengo
|-supereffective|p2a: Gholdengo
|-damage|p2a: Gholdengo|5/100
|-unboost|p2a: Gholdengo|spd|1
|move|p1a: Yggalag|Flare Blitz|p2a: Gholdengo
|-supereffective|p2a: Gholdengo
|-damage|p2a: Gholdengo|0 fnt
|faint|p2a: Gholdengo
|-damage|p1a: Yggalag|83/100|[from] Recoil
|
|win|PidoveQ
|raw|PidoveQ's rating: 1157 → 1186(+29 for winning)
|raw|Ujan_Ujon's rating: 1210 → 1181(-29 for losing)
|l|☆Ujan_Ujon
|player|p2|
|l|☆PidoveQ
|player|p1|
|j|☆PidoveQ
|player|p1|PidoveQ|akari|
