|j|☆lolgz
|j|☆candice001
|html|lolgzcandice001    
|uhtml|bestof|Game 2 of a best-of-3
|t:|1782194748
|gametype|doubles
|player|p1|lolgz|dawn|1188
|player|p2|candice001|candice|1160
|gen|9
|tier|[Gen 9 Champions] VGC 2026 Reg M-B (Bo3)
|rated|
|rule|Species Clause: Limit one of each Pokémon
|rule|Item Clause: Limit 1 of each item
|clearpoke
|poke|p1|Torkoal, L50, F|
|poke|p1|Vileplume, L50, M|
|poke|p1|Farigiraf, L50, F|
|poke|p1|Scrafty, L50, F|
|poke|p1|Gallade, L50, M|
|poke|p1|Mawile, L50, F|
|poke|p2|Pidgeot, L50, M|
|poke|p2|Sylveon, L50, F|
|poke|p2|Sneasler, L50, M|
|poke|p2|Tyranitar, L50, M|
|poke|p2|Basculegion, L50, M|
|poke|p2|Kingambit, L50, M|
|teampreview|4
|showteam|p1|Torkoal||Charcoal|Drought|Eruption,WeatherBall,EarthPower,Protect|Quiet||F|||50|]Vileplume||FocusSash|Chlorophyll|EnergyBall,SludgeBomb,SleepPowder,AfterYou|Timid||M|||50|]Farigiraf||SitrusBerry|ArmorTail|TrickRoom,Protect,Psychic,HelpingHand|Bold||F|||50|]Scrafty||Scraftinite|Intimidate|CloseCombat,KnockOff,FakeOut,RockSlide|Brave||F|||50|]Gallade||IronBall|Sharpness|SacredSword,PsychoCut,WideGuard,TrickRoom|Brave||M|||50|]Mawile||Mawilite|Intimidate|SuckerPunch,PlayRough,SwordsDance,Protect|Brave||F|||50|
|showteam|p2|Pidgeot||Pidgeotite|KeenEye|Hurricane,Round,HeatWave,Protect|Timid||M|||50|]Sylveon||FairyFeather|Pixilate|Round,HyperVoice,HyperBeam,Detect|Modest||F|||50|]Sneasler||WhiteHerb|Unburden|FakeOut,CloseCombat,DireClaw,Feint|Jolly||M|||50|]Tyranitar||Tyranitarite|SandStream|DragonDance,Protect,KnockOff,RockSlide|Adamant||M|||50|]Basculegion||ChoiceScarf|Adaptability|WaveCrash,AquaJet,LastRespects,FlipTurn|Jolly||M|||50|]Kingambit||LifeOrb|Defiant|SuckerPunch,LowKick,IronHead,Protect|Adamant||M|||50|
|inactive|Battle timer is ON: inactive players will automatically lose when time's up. (requested by lolgz)
|
|t:|1782194763
|teamsize|p1|4
|teamsize|p2|4
|start
|switch|p1a: Farigiraf|Farigiraf, L50, F|100/100
|switch|p1b: Mawile|Mawile, L50, F|100/100
|switch|p2a: Pidgeot|Pidgeot, L50, M|100/100
|switch|p2b: Sylveon|Sylveon, L50, F|100/100
|-ability|p1b: Mawile|Intimidate|boost
|-unboost|p2a: Pidgeot|atk|1
|-unboost|p2b: Sylveon|atk|1
|turn|1
|inactive|lolgz has 30 seconds left.
|inactive|lolgz has 20 seconds left.
|inactive|lolgz has 15 seconds left.
|inactive|lolgz has 10 seconds left.
|inactive|lolgz has 5 seconds left.
|
|t:|1782194818
|detailschange|p2a: Pidgeot|Pidgeot-Mega, L50, M
|-mega|p2a: Pidgeot|Pidgeot|Pidgeotite
|move|p1b: Mawile|Sucker Punch|p2b: Sylveon
|-resisted|p2b: Sylveon|1
|-damage|p2b: Sylveon|87/100
|move|p2a: Pidgeot|Round|p1a: Farigiraf
|-damage|p1a: Farigiraf|66/100
|move|p2b: Sylveon|Round|p1a: Farigiraf|[from] move: Round
|-damage|p1a: Farigiraf|0 fnt
|faint|p1a: Farigiraf
|
|upkeep
|
|t:|1782194823
|switch|p1a: Gallade|Gallade, L50, M|100/100
|turn|2
|
|t:|1782194832
|switch|p1a: Torkoal|Torkoal, L50, F|100/100
|-weather|SunnyDay|[from] ability: Drought|[of] p1a: Torkoal
|detailschange|p1b: Mawile|Mawile-Mega, L50, F
|-mega|p1b: Mawile|Mawile|Mawilite
|move|p2a: Pidgeot|Round|p1a: Torkoal
|-damage|p1a: Torkoal|57/100
|move|p2b: Sylveon|Round|p1a: Torkoal|[from] move: Round
|-resisted|p1a: Torkoal|1
|-damage|p1a: Torkoal|1/100
|move|p1b: Mawile|Swords Dance|p1b: Mawile
|-boost|p1b: Mawile|atk|2
|
|-weather|SunnyDay|[upkeep]
|upkeep
|turn|3
|
|t:|1782194848
|move|p1b: Mawile|Sucker Punch|p2a: Pidgeot
|-damage|p2a: Pidgeot|0 fnt
|faint|p2a: Pidgeot
|move|p2b: Sylveon|Hyper Voice|p1b: Mawile|[spread] p1a,p1b
|-resisted|p1a: Torkoal|1
|-resisted|p1b: Mawile|1
|-damage|p1a: Torkoal|0 fnt
|-damage|p1b: Mawile|69/100
|faint|p1a: Torkoal
|
|-weather|SunnyDay|[upkeep]
|upkeep
|
|t:|1782194858
|switch|p2a: Tyranitar|Tyranitar, L50, M|100/100
|switch|p1a: Gallade|Gallade, L50, M|100/100
|-weather|Sandstorm|[from] ability: Sand Stream|[of] p2a: Tyranitar
|turn|4
|
|t:|1782194868
|move|p2a: Tyranitar|Protect|p2a: Tyranitar
|-singleturn|p2a: Tyranitar|Protect
|move|p1a: Gallade|Wide Guard|p1a: Gallade
|-singleturn|p1a: Gallade|Wide Guard
|move|p2b: Sylveon|Hyper Voice|p1b: Mawile|[spread] 
|-activate|p1a: Gallade|move: Wide Guard
|-activate|p1b: Mawile|move: Wide Guard
|move|p1b: Mawile|Play Rough|p2b: Sylveon|[miss]
|-miss|p1b: Mawile|p2b: Sylveon
|
|-weather|Sandstorm|[upkeep]
|-damage|p2b: Sylveon|81/100|[from] Sandstorm
|-damage|p1a: Gallade|94/100|[from] Sandstorm
|upkeep
|turn|5
|
|t:|1782194886
|move|p1a: Gallade|Wide Guard|p1a: Gallade
|-singleturn|p1a: Gallade|Wide Guard
|move|p2a: Tyranitar|Rock Slide|p1a: Gallade|[spread] 
|-activate|p1a: Gallade|move: Wide Guard
|-activate|p1b: Mawile|move: Wide Guard
|move|p2b: Sylveon|Hyper Voice|p1a: Gallade|[spread] 
|-activate|p1a: Gallade|move: Wide Guard
|-activate|p1b: Mawile|move: Wide Guard
|move|p1b: Mawile|Play Rough|p2b: Sylveon
|-damage|p2b: Sylveon|0 fnt
|faint|p2b: Sylveon
|
|-weather|Sandstorm|[upkeep]
|-damage|p1a: Gallade|88/100|[from] Sandstorm
|upkeep
|
|t:|1782194901
|switch|p2b: Kingambit|Kingambit, L50, M|100/100
|turn|6
|
|t:|1782194912
|move|p2a: Tyranitar|Knock Off|p1a: Gallade
|-damage|p1a: Gallade|9/100
|-enditem|p1a: Gallade|Iron Ball|[from] move: Knock Off|[of] p2a: Tyranitar
|move|p2b: Kingambit|Iron Head|p1b: Mawile
|-damage|p1b: Mawile|11/100
|-damage|p2b: Kingambit|90/100|[from] item: Life Orb
|cant|p1b: Mawile|flinch
|move|p1a: Gallade|Trick Room|p1a: Gallade
|-fieldstart|move: Trick Room|[of] p1a: Gallade
|
|-weather|Sandstorm|[upkeep]
|-damage|p1a: Gallade|3/100|[from] Sandstorm
|upkeep
|turn|7
|
|t:|1782194932
|move|p2b: Kingambit|Sucker Punch|p1a: Gallade
|-damage|p1a: Gallade|0 fnt
|faint|p1a: Gallade
|-damage|p2b: Kingambit|80/100|[from] item: Life Orb
|move|p1b: Mawile|Play Rough|p2a: Tyranitar
|-supereffective|p2a: Tyranitar|1
|-damage|p2a: Tyranitar|0 fnt
|faint|p2a: Tyranitar
|
|-weather|Sandstorm|[upkeep]
|upkeep
|turn|8
|
|t:|1782194948
|move|p1b: Mawile|Play Rough|p2b: Kingambit
|-damage|p2b: Kingambit|0 fnt
|faint|p2b: Kingambit
|
|win|lolgz
