|j|☆Icarus#UPAD
|j|☆AnriVGC
|html|Icarus#UPADAnriVGC    
|uhtml|bestof|Game 2 of a best-of-3
|t:|1756497012
|gametype|doubles
|player|p1|Icarus#UPAD|grimsley|1090
|player|p2|AnriVGC|hilda-masters3|1128
|gen|9
|tier|[Gen 9] VGC 2025 Reg H (Bo3)
|rated|
|rule|Species Clause: Limit one of each Pokémon
|rule|Item Clause: Limit 1 of each item
|clearpoke
|poke|p1|Gholdengo, L50|
|poke|p1|Dragonite, L50, F|
|poke|p1|Porygon2, L50|
|poke|p1|Ursaluna-Bloodmoon, L50, M|
|poke|p1|Primarina, L50, M|
|poke|p1|Incineroar, L50, F|
|poke|p2|Gholdengo, L50|
|poke|p2|Sneasler, L50, F|
|poke|p2|Rillaboom, L50, M|
|poke|p2|Dragonite, L50, F|
|poke|p2|Ninetales-Alola, L50, F|
|poke|p2|Arcanine-Hisui, L50, M|
|teampreview|4
|showteam|p1|Gholdengo||LifeOrb|GoodasGold|ShadowBall,MakeItRain,Reflect,LightScreen||||||50|,,,,,Steel]Dragonite||LoadedDice|Multiscale|Tailwind,ScaleShot,ExtremeSpeed,Haze|||F|||50|,,,,,Fairy]Porygon2||Eviolite|Download|Recover,IceBeam,TrickRoom,TeraBlast||||||50|,,,,,Fighting]Ursaluna-Bloodmoon||AssaultVest|MindsEye|VacuumWave,EarthPower,HyperVoice,BloodMoon|||M|||50|,,,,,Ghost]Primarina||SitrusBerry|LiquidVoice|HyperVoice,Haze,Moonblast,Protect|||M|||50|,,,,,Steel]Incineroar||SafetyGoggles|Intimidate|FakeOut,KnockOff,PartingShot,FlareBlitz|||F|||50|,,,,,Ghost
|showteam|p2|Gholdengo||GrassySeed|GoodasGold|NastyPlot,MakeItRain,ShadowBall,Protect||||||50|,,,,,Water]Sneasler||FocusSash|Unburden|CloseCombat,DireClaw,Coaching,FakeOut|||F|||50|,,,,,Ghost]Rillaboom||AssaultVest|GrassySurge|FakeOut,DrumBeating,HighHorsepower,GrassyGlide|||M|||50|,,,,,Fire]Dragonite||LoadedDice|Multiscale|ScaleShot,StompingTantrum,Haze,Protect|||F|||50|,,,,,Steel]Ninetales-Alola||LightClay|SnowWarning|IcyWind,Blizzard,Moonblast,AuroraVeil|||F|||50|,,,,,Water]Arcanine-Hisui||ClearAmulet|Intimidate|RockSlide,FlareBlitz,ExtremeSpeed,Protect|||M|||50|,,,,,Grass
|inactive|Battle timer is ON: inactive players will automatically lose when time's up. (requested by AnriVGC)
|
|t:|1756497090
|teamsize|p1|4
|teamsize|p2|4
|start
|switch|p1a: Incineroar|Incineroar, L50, F|100/100
|switch|p1b: Dragonite|Dragonite, L50, F|100/100
|switch|p2a: Sneasler|Sneasler, L50, F|100/100
|switch|p2b: Arcanine|Arcanine-Hisui, L50, M|100/100
|-ability|p2b: Arcanine|Intimidate|boost
|-unboost|p1a: Incineroar|atk|1
|-unboost|p1b: Dragonite|atk|1
|-ability|p1a: Incineroar|Intimidate|boost
|-unboost|p2a: Sneasler|atk|1
|-fail|p2b: Arcanine|unboost|[from] item: Clear Amulet|[of] p2b: Arcanine
|turn|1
|inactive|Icarus#UPAD has 30 seconds left.
|inactive|Icarus#UPAD has 20 seconds left.
|inactive|AnriVGC has 30 seconds left.
|
|t:|1756497136
|switch|p1a: Porygon2|Porygon2, L50|100/100
|-ability|p1a: Porygon2|Download|boost
|-boost|p1a: Porygon2|atk|1
|-terastallize|p1b: Dragonite|Fairy
|move|p2a: Sneasler|Dire Claw|p1b: Dragonite
|-supereffective|p1b: Dragonite
|-damage|p1b: Dragonite|67/100
|-status|p1b: Dragonite|par
|move|p2b: Arcanine|Rock Slide|p1a: Porygon2|[spread] p1a
|-miss|p2b: Arcanine|p1b: Dragonite
|-damage|p1a: Porygon2|81/100
|move|p1b: Dragonite|Scale Shot|p2a: Sneasler
|-damage|p2a: Sneasler|84/100
|-damage|p2a: Sneasler|69/100
|-damage|p2a: Sneasler|54/100
|-damage|p2a: Sneasler|36/100
|-hitcount|p2a: Sneasler|4
|-unboost|p1b: Dragonite|def|1
|-boost|p1b: Dragonite|spe|1
|
|upkeep
|turn|2
|inactive|Icarus#UPAD has 30 seconds left.
|inactive|AnriVGC has 30 seconds left.
|
|t:|1756497170
|switch|p2b: Dragonite|Dragonite, L50, F|100/100
|cant|p1b: Dragonite|par
|move|p2a: Sneasler|Dire Claw|p1b: Dragonite
|-supereffective|p1b: Dragonite
|-damage|p1b: Dragonite|0 fnt
|faint|p1b: Dragonite
|move|p1a: Porygon2|Trick Room|p1a: Porygon2
|-fieldstart|move: Trick Room|[of] p1a: Porygon2
|
|upkeep
|
|t:|1756497175
|switch|p1b: Gholdengo|Gholdengo, L50|100/100
|turn|3
|
|t:|1756497191
|-terastallize|p2b: Dragonite|Steel
|move|p1a: Porygon2|Ice Beam|p2b: Dragonite
|-resisted|p2b: Dragonite
|-damage|p2b: Dragonite|93/100
|move|p1b: Gholdengo|Make It Rain|p2b: Dragonite|[spread] p2a,p2b
|-resisted|p2b: Dragonite
|-damage|p2a: Sneasler|0 fnt
|-damage|p2b: Dragonite|57/100
|-unboost|p1b: Gholdengo|spa|1
|faint|p2a: Sneasler
|-damage|p1b: Gholdengo|91/100|[from] item: Life Orb
|move|p2b: Dragonite|Stomping Tantrum|p1b: Gholdengo
|-supereffective|p1b: Gholdengo
|-damage|p1b: Gholdengo|37/100
|
|upkeep
|
|t:|1756497206
|switch|p2a: Rillaboom|Rillaboom, L50, M|100/100
|-fieldstart|move: Grassy Terrain|[from] ability: Grassy Surge|[of] p2a: Rillaboom
|turn|4
|inactive|Icarus#UPAD has 30 seconds left.
|
|t:|1756497232
|move|p2a: Rillaboom|Fake Out|p1a: Porygon2
|-damage|p1a: Porygon2|72/100
|cant|p1a: Porygon2|flinch
|move|p1b: Gholdengo|Reflect|p1b: Gholdengo
|-sidestart|p1: Icarus#UPAD|Reflect
|move|p2b: Dragonite|Stomping Tantrum|p1b: Gholdengo
|-supereffective|p1b: Gholdengo
|-damage|p1b: Gholdengo|2/100
|
|-heal|p1a: Porygon2|78/100|[from] Grassy Terrain
|-heal|p1b: Gholdengo|8/100|[from] Grassy Terrain
|-heal|p2b: Dragonite|63/100|[from] Grassy Terrain
|upkeep
|turn|5
|
|t:|1756497249
|switch|p1b: Incineroar|Incineroar, L50, F|100/100
|-ability|p1b: Incineroar|Intimidate|boost
|-unboost|p2a: Rillaboom|atk|1
|-unboost|p2b: Dragonite|atk|1
|move|p2b: Dragonite|Protect|p2b: Dragonite
|-singleturn|p2b: Dragonite|Protect
|move|p2a: Rillaboom|Grassy Glide|p1b: Incineroar
|-resisted|p1b: Incineroar
|-damage|p1b: Incineroar|94/100
|move|p1a: Porygon2|Ice Beam|p2a: Rillaboom
|-supereffective|p2a: Rillaboom
|-damage|p2a: Rillaboom|56/100
|
|-heal|p1a: Porygon2|84/100|[from] Grassy Terrain
|-heal|p1b: Incineroar|99/100|[from] Grassy Terrain
|-heal|p2b: Dragonite|69/100|[from] Grassy Terrain
|-heal|p2a: Rillaboom|62/100|[from] Grassy Terrain
|upkeep
|turn|6
|inactive|Icarus#UPAD has 30 seconds left.
|
|t:|1756497275
|switch|p2a: Arcanine|Arcanine-Hisui, L50, M|100/100
|-ability|p2a: Arcanine|Intimidate|boost
|-unboost|p1a: Porygon2|atk|1
|-unboost|p1b: Incineroar|atk|1
|move|p1a: Porygon2|Ice Beam|p2b: Dragonite
|-resisted|p2b: Dragonite
|-damage|p2b: Dragonite|55/100
|move|p1b: Incineroar|Flare Blitz|p2b: Dragonite
|-supereffective|p2b: Dragonite
|-damage|p2b: Dragonite|0 fnt
|faint|p2b: Dragonite
|-damage|p1b: Incineroar|85/100|[from] Recoil
|
|-heal|p1a: Porygon2|91/100|[from] Grassy Terrain
|-heal|p1b: Incineroar|91/100|[from] Grassy Terrain
|-fieldend|move: Trick Room
|upkeep
|
|t:|1756497284
|switch|p2b: Rillaboom|Rillaboom, L50, M|62/100
|turn|7
|
|t:|1756497299
|move|p2a: Arcanine|Rock Slide|p1b: Incineroar|[spread] p1b
|-miss|p2a: Arcanine|p1a: Porygon2
|-supereffective|p1b: Incineroar
|-damage|p1b: Incineroar|58/100
|move|p2b: Rillaboom|High Horsepower|p1b: Incineroar
|-supereffective|p1b: Incineroar
|-damage|p1b: Incineroar|24/100
|cant|p1b: Incineroar|flinch
|move|p1a: Porygon2|Trick Room|p1a: Porygon2
|-fieldstart|move: Trick Room|[of] p1a: Porygon2
|
|-heal|p1a: Porygon2|97/100|[from] Grassy Terrain
|-heal|p1b: Incineroar|30/100|[from] Grassy Terrain
|-heal|p2b: Rillaboom|68/100|[from] Grassy Terrain
|upkeep
|turn|8
|
|t:|1756497317
|move|p1a: Porygon2|Ice Beam|p2b: Rillaboom
|-supereffective|p2b: Rillaboom
|-damage|p2b: Rillaboom|22/100
|move|p1b: Incineroar|Flare Blitz|p2b: Rillaboom
|-supereffective|p2b: Rillaboom
|-damage|p2b: Rillaboom|0 fnt
|faint|p2b: Rillaboom
|-damage|p1b: Incineroar|23/100|[from] Recoil
|move|p2a: Arcanine|Rock Slide|p1b: Incineroar|[spread] p1a,p1b
|-supereffective|p1b: Incineroar
|-damage|p1a: Porygon2|84/100
|-damage|p1b: Incineroar|0 fnt
|faint|p1b: Incineroar
|
|-heal|p1a: Porygon2|91/100|[from] Grassy Terrain
|-sideend|p1: Icarus#UPAD|Reflect
|-fieldend|move: Grassy Terrain
|upkeep
|
|t:|1756497321
|switch|p1b: Gholdengo|Gholdengo, L50|8/100
|turn|9
|
|t:|1756497328
|move|p2a: Arcanine|Extreme Speed|p1b: Gholdengo
|-immune|p1b: Gholdengo
|move|p1a: Porygon2|Ice Beam|p2a: Arcanine
|-resisted|p2a: Arcanine
|-damage|p2a: Arcanine|83/100
|move|p1b: Gholdengo|Make It Rain|p2a: Arcanine
|-damage|p2a: Arcanine|0 fnt
|-unboost|p1b: Gholdengo|spa|1
|faint|p2a: Arcanine
|-damage|p1b: Gholdengo|0 fnt|[from] item: Life Orb
|faint|p1b: Gholdengo
|
|win|Icarus#UPAD
||AnriVGC is ready for game 3.
|inactive|Icarus#UPAD has 30 seconds to confirm battle start!
