|j|☆is_katabo
|j|☆frenchnails
|html|is_katabofrenchnails    
|uhtml|bestof|Game 3 of a best-of-3
|t:|1755652422
|gametype|doubles
|player|p1|is_katabo|101|1197
|player|p2|frenchnails|lady|1230
|gen|9
|tier|[Gen 9] VGC 2025 Reg H (Bo3)
|rated|
|rule|Species Clause: Limit one of each Pokémon
|rule|Item Clause: Limit 1 of each item
|clearpoke
|poke|p1|Dondozo, L50, F|
|poke|p1|Sneasler, L50, F|
|poke|p1|Incineroar, L50, F|
|poke|p1|Dragapult, L50, F|
|poke|p1|Kingambit, L50, F|
|poke|p1|Rillaboom, L50, M|
|poke|p2|Garchomp, L50, M|
|poke|p2|Ninetales-Alola, L50, F|
|poke|p2|Kingambit, L50, M|
|poke|p2|Annihilape, L50, M|
|poke|p2|Dragonite, L50, F|
|poke|p2|Sneasler, L50, M|
|teampreview|4
|showteam|p1|Dondozo||Leftovers|Unaware|Liquidation,Fissure,Yawn,Protect|||F|||50|,,,,,Flying]Sneasler||FocusSash|Unburden|DireClaw,CloseCombat,Coaching,Protect|||F|||50|,,,,,Stellar]Incineroar||SafetyGoggles|Intimidate|FakeOut,KnockOff,FlareBlitz,PartingShot|||F|||50|,,,,,Ghost]Dragapult||ChoiceSpecs|Infiltrator|DracoMeteor,ShadowBall,Uturn,TeraBlast|||F|||50|,,,,,Fairy]Kingambit||DreadPlate|Defiant|KowtowCleave,SuckerPunch,SwordsDance,Protect|||F|||50|,,,,,Dark]Rillaboom||AssaultVest|GrassySurge|FakeOut,WoodHammer,GrassyGlide,HighHorsepower|||M|||50|,,,,,Fire
|showteam|p2|Garchomp||LifeOrb|RoughSkin|DragonClaw,Earthquake,StompingTantrum,Protect|||M|||50|,,,,,Steel]Ninetales-Alola||LightClay|SnowWarning|Blizzard,FreezeDry,AuroraVeil,Protect|||F|||50|,,,,,Ghost]Kingambit||SafetyGoggles|Defiant|KowtowCleave,SuckerPunch,SwordsDance,Protect|||M|||50|,,,,,Fairy]Annihilape||AssaultVest|Defiant|CloseCombat,FinalGambit,RageFist,RockTomb|||M|||50|,,,,,Fighting]Dragonite||LoadedDice|Multiscale|ScaleShot,Tailwind,Haze,Protect|||F|||50|,,,,,Fairy]Sneasler||FocusSash|Unburden|CloseCombat,DireClaw,FakeOut,Coaching|||M|||50|,,,,,Stellar
|
|t:|1755652455
|teamsize|p1|4
|teamsize|p2|4
|start
|switch|p1a: Incineroar|Incineroar, L50, F|100/100
|switch|p1b: Kingambit|Kingambit, L50, F|100/100
|switch|p2a: Sneasler|Sneasler, L50, M|100/100
|switch|p2b: Dragonite|Dragonite, L50, F|100/100
|-ability|p1a: Incineroar|Intimidate|boost
|-unboost|p2a: Sneasler|atk|1
|-unboost|p2b: Dragonite|atk|1
|turn|1
|
|t:|1755652486
|switch|p2b: Annihilape|Annihilape, L50, M|100/100
|move|p2a: Sneasler|Fake Out|p1b: Kingambit
|-resisted|p1b: Kingambit
|-damage|p1b: Kingambit|97/100
|move|p1a: Incineroar|Fake Out|p2a: Sneasler
|-damage|p2a: Sneasler|79/100
|cant|p1b: Kingambit|flinch
|
|upkeep
|turn|2
|
|t:|1755652516
|switch|p1b: Dragapult|Dragapult, L50, F|100/100
|move|p2a: Sneasler|Coaching|p2b: Annihilape
|-boost|p2b: Annihilape|atk|1
|-boost|p2b: Annihilape|def|1
|move|p2b: Annihilape|Close Combat|p1a: Incineroar
|-supereffective|p1a: Incineroar
|-damage|p1a: Incineroar|0 fnt
|-unboost|p2b: Annihilape|def|1
|-unboost|p2b: Annihilape|spd|1
|faint|p1a: Incineroar
|
|upkeep
|
|t:|1755652528
|switch|p1a: Sneasler|Sneasler, L50, F|100/100
|turn|3
|
|t:|1755652570
|-terastallize|p2b: Annihilape|Fighting
|move|p1b: Dragapult|Draco Meteor|p2b: Annihilape
|-damage|p2b: Annihilape|23/100
|-unboost|p1b: Dragapult|spa|2
|move|p1a: Sneasler|Dire Claw|p2b: Annihilape
|-damage|p2b: Annihilape|0 fnt
|faint|p2b: Annihilape
|move|p2a: Sneasler|Coaching|p2: Annihilape|[notarget]
|-fail|p2a: Sneasler
|
|upkeep
|
|t:|1755652596
|switch|p2b: Dragonite|Dragonite, L50, F|100/100
|turn|4
|
|t:|1755652620
|switch|p2a: Ninetales|Ninetales-Alola, L50, F|100/100
|-weather|Snowscape|[from] ability: Snow Warning|[of] p2a: Ninetales
|move|p1b: Dragapult|Draco Meteor|p2a: Ninetales
|-immune|p2a: Ninetales
|move|p1a: Sneasler|Dire Claw|p2b: Dragonite
|-damage|p2b: Dragonite|77/100
|-status|p2b: Dragonite|slp
|cant|p2b: Dragonite|slp
|
|-weather|Snowscape|[upkeep]
|upkeep
|turn|5
|
|t:|1755652655
|cant|p2b: Dragonite|slp
|move|p1b: Dragapult|Draco Meteor|p2b: Dragonite
|-supereffective|p2b: Dragonite
|-damage|p2b: Dragonite|0 fnt
|-unboost|p1b: Dragapult|spa|2
|faint|p2b: Dragonite
|move|p1a: Sneasler|Dire Claw|p2a: Ninetales
|-supereffective|p2a: Ninetales
|-damage|p2a: Ninetales|12/100
|move|p2a: Ninetales|Blizzard|p1a: Sneasler|[spread] p1a,p1b
|-supereffective|p1b: Dragapult
|-damage|p1a: Sneasler|61/100
|-damage|p1b: Dragapult|13/100
|-status|p1b: Dragapult|frz
|
|-weather|Snowscape|[upkeep]
|upkeep
|
|t:|1755652669
|switch|p2b: Sneasler|Sneasler, L50, M|79/100
|turn|6
|
|t:|1755652694
|move|p1a: Sneasler|Protect|p1a: Sneasler
|-singleturn|p1a: Sneasler|Protect
|move|p2b: Sneasler|Fake Out|p1a: Sneasler
|-activate|p1a: Sneasler|move: Protect
|cant|p1b: Dragapult|frz
|move|p2a: Ninetales|Aurora Veil|p2a: Ninetales
|-sidestart|p2: frenchnails|move: Aurora Veil
|
|-weather|Snowscape|[upkeep]
|upkeep
|turn|7
|
|t:|1755652725
|move|p2a: Ninetales|Protect|p2a: Ninetales
|-singleturn|p2a: Ninetales|Protect
|cant|p1b: Dragapult|frz
|move|p1a: Sneasler|Dire Claw|p2a: Ninetales
|-activate|p2a: Ninetales|move: Protect
|move|p2b: Sneasler|Dire Claw|p1a: Sneasler
|-resisted|p1a: Sneasler
|-damage|p1a: Sneasler|28/100
|
|-weather|Snowscape|[upkeep]
|upkeep
|turn|8
|
|t:|1755652760
|cant|p1b: Dragapult|frz
|move|p2b: Sneasler|Dire Claw|p1a: Sneasler
|-resisted|p1a: Sneasler
|-damage|p1a: Sneasler|0 fnt
|faint|p1a: Sneasler
|move|p2a: Ninetales|Blizzard|p1b: Dragapult
|-supereffective|p1b: Dragapult
|-damage|p1b: Dragapult|0 fnt
|faint|p1b: Dragapult
|
|-weather|none
|upkeep
|
|t:|1755652772
|switch|p1b: Kingambit|Kingambit, L50, F|97/100
|turn|9
|
|t:|1755652795
|-terastallize|p1b: Kingambit|Dark
|move|p2b: Sneasler|Close Combat|p1b: Kingambit
|-supereffective|p1b: Kingambit
|-damage|p1b: Kingambit|6/100
|-unboost|p2b: Sneasler|def|1
|-unboost|p2b: Sneasler|spd|1
|move|p2a: Ninetales|Freeze-Dry|p1b: Kingambit
|-damage|p1b: Kingambit|0 fnt
|faint|p1b: Kingambit
|
|win|frenchnails
|raw|is_katabo's rating: 1197 → 1174(-23 for losing)
|raw|frenchnails's rating: 1230 → 1253(+23 for winning)
