|j|☆BrotherSpike
|j|☆xDeacon
|html|BrotherSpikexDeacon    
|uhtml|bestof|Game 1 of a best-of-3
|t:|1783969809
|gametype|doubles
|player|p1|BrotherSpike|170|1050
|player|p2|xDeacon|1|1139
|gen|9
|tier|[Gen 9 Champions] VGC 2026 Reg M-B (Bo3)
|rated|
|rule|Species Clause: Limit one of each Pokémon
|rule|Item Clause: Limit 1 of each item
|clearpoke
|poke|p1|Staraptor, L50, M|
|poke|p1|Zoroark-Hisui, L50, M, shiny|
|poke|p1|Whimsicott, L50, M|
|poke|p1|Farigiraf, L50, M, shiny|
|poke|p1|Garchomp, L50, M, shiny|
|poke|p1|Metagross, L50, shiny|
|poke|p2|Gengar, L50, M|
|poke|p2|Sneasler, L50, M|
|poke|p2|Incineroar, L50, F|
|poke|p2|Samurott-Hisui, L50, F|
|poke|p2|Ninetales-Alola, L50, M|
|poke|p2|Altaria, L50, M|
|teampreview|4
|showteam|p1|Staraptor||Staraptite|Intimidate|CloseCombat,BraveBird,Roost,Protect|Adamant||M|||50|]Zoroark-Hisui||ChoiceScarf|Illusion|GrassKnot,LowKick,Trick,Protect|Timid||M|||50|]Whimsicott||FocusSash|Prankster|Moonblast,Tailwind,Encore,Charm|Bold||M|||50|]Farigiraf||SitrusBerry|ArmorTail|Thunderbolt,Psychic,TrickRoom,HelpingHand|Quiet||M|||50|]Garchomp||LifeOrb|RoughSkin|DragonClaw,StompingTantrum,RockSlide,Protect|Jolly||M|||50|]Metagross||Metagrossite|ClearBody|IronHead,StompingTantrum,PsychicFangs,Protect|Adamant|||||50|
|showteam|p2|Gengar||Gengarite|CursedBody|Protect,ShadowBall,PerishSong,Disable|Timid||M|||50|]Sneasler||WhiteHerb|Unburden|Protect,FakeOut,DireClaw,CloseCombat|Adamant||M|||50|]Incineroar||ShucaBerry|Intimidate|Protect,FakeOut,ThroatChop,PartingShot|Relaxed||F|||50|]Samurott-Hisui||FocusSash|Sharpness|Protect,NightSlash,AquaCutter,SacredSword|Adamant||F|||50|]Ninetales-Alola||NeverMeltIce|SnowWarning|Protect,Encore,FreezeDry,Blizzard|Timid||M|||50|]Altaria||RoseliBerry|CloudNine|Protect,PerishSong,WillOWisp,BraveBird|Careful||M|||50|
|
|t:|1783969893
|teamsize|p1|4
|teamsize|p2|4
|start
|switch|p1a: Metagross|Metagross, L50, shiny|100/100
|switch|p1b: Whimsicott|Whimsicott, L50, M|100/100
|switch|p2a: Gengar|Gengar, L50, M|100/100
|switch|p2b: Ninetales|Ninetales-Alola, L50, M|100/100
|-weather|Snowscape|[from] ability: Snow Warning|[of] p2b: Ninetales
|turn|1
|
|t:|1783969923
|detailschange|p2a: Gengar|Gengar-Mega, L50, M
|-mega|p2a: Gengar|Gengar|Gengarite
|detailschange|p1a: Metagross|Metagross-Mega, L50, shiny
|-mega|p1a: Metagross|Metagross|Metagrossite
|move|p2b: Ninetales|Protect|p2b: Ninetales
|-singleturn|p2b: Ninetales|Protect
|move|p2a: Gengar|Protect|p2a: Gengar
|-singleturn|p2a: Gengar|Protect
|move|p1b: Whimsicott|Tailwind|p1b: Whimsicott
|-sidestart|p1: BrotherSpike|move: Tailwind
|move|p1a: Metagross|Psychic Fangs|p2a: Gengar
|-activate|p2a: Gengar|move: Protect
|
|-weather|Snowscape|[upkeep]
|upkeep
|turn|2
|
|t:|1783969973
|switch|p2b: Samurott|Samurott-Hisui, L50, F|100/100
|switch|p2a: Incineroar|Incineroar, L50, F|100/100
|-ability|p2a: Incineroar|Intimidate|boost
|-unboost|p1a: Metagross|atk|1
|-unboost|p1b: Whimsicott|atk|1
|move|p1b: Whimsicott|Encore|p2a: Incineroar
|-hint|Since gen 7, Dark is immune to Prankster moves.
|-immune|p2a: Incineroar
|move|p1a: Metagross|Iron Head|p2b: Samurott
|-resisted|p2b: Samurott|1
|-damage|p2b: Samurott|70/100
|
|-weather|Snowscape|[upkeep]
|upkeep
|turn|3
|
|t:|1783969997
|move|p2a: Incineroar|Fake Out|p1b: Whimsicott
|-damage|p1b: Whimsicott|91/100
|cant|p1b: Whimsicott|flinch
|move|p1a: Metagross|Stomping Tantrum|p2a: Incineroar
|-supereffective|p2a: Incineroar|1
|-enditem|p2a: Incineroar|Shuca Berry|[eat]
|-enditem|p2a: Incineroar|Shuca Berry|[weaken]
|-damage|p2a: Incineroar|78/100
|move|p2b: Samurott|Night Slash|p1a: Metagross
|-supereffective|p1a: Metagross|1
|-damage|p1a: Metagross|25/100
|
|-weather|Snowscape|[upkeep]
|upkeep
|turn|4
|
|t:|1783970033
|switch|p2b: Gengar|Gengar-Mega, L50, M|100/100
|move|p1a: Metagross|Protect|p1a: Metagross
|-singleturn|p1a: Metagross|Protect
|move|p1b: Whimsicott|Moonblast|p2b: Gengar
|-resisted|p2b: Gengar|1
|-damage|p2b: Gengar|86/100
|move|p2a: Incineroar|Throat Chop|p1a: Metagross
|-activate|p1a: Metagross|move: Protect
|
|-weather|Snowscape|[upkeep]
|-sideend|p1: BrotherSpike|move: Tailwind
|upkeep
|turn|5
|
|t:|1783970063
|move|p2b: Gengar|Protect|p2b: Gengar
|-singleturn|p2b: Gengar|Protect
|move|p1b: Whimsicott|Tailwind|p1b: Whimsicott
|-sidestart|p1: BrotherSpike|move: Tailwind
|move|p1a: Metagross|Stomping Tantrum|p2b: Gengar
|-activate|p2b: Gengar|move: Protect
|move|p2a: Incineroar|Throat Chop|p1a: Metagross
|-supereffective|p1a: Metagross|1
|-damage|p1a: Metagross|0 fnt
|faint|p1a: Metagross
|
|-weather|none
|upkeep
|
|t:|1783970084
|switch|p1a: Farigiraf|Farigiraf, L50, M, shiny|100/100
|turn|6
|
|t:|1783970111
|switch|p2b: Ninetales|Ninetales-Alola, L50, M|100/100
|-weather|Snowscape|[from] ability: Snow Warning|[of] p2b: Ninetales
|move|p1b: Whimsicott|Encore||[still]
|-fail|p1b: Whimsicott
|move|p1a: Farigiraf|Low Kick|p2a: Incineroar
|-supereffective|p2a: Incineroar|1
|-damage|p2a: Incineroar|52/100
|move|p2a: Incineroar|Throat Chop|p1a: Farigiraf
|-supereffective|p1a: Farigiraf|1
|-damage|p1a: Farigiraf|0 fnt
|replace|p1a: Zoroark|Zoroark-Hisui, L50, M, shiny
|-end|p1a: Zoroark|Illusion
|faint|p1a: Zoroark
|
|-weather|Snowscape|[upkeep]
|upkeep
|
|t:|1783970131
|switch|p1a: Farigiraf|Farigiraf, L50, M, shiny|100/100
|turn|7
|
|t:|1783970148
|move|p1a: Farigiraf|Helping Hand|p1b: Whimsicott
|-singleturn|p1b: Whimsicott|Helping Hand|[of] p1a: Farigiraf
|move|p1b: Whimsicott|Moonblast|p2a: Incineroar
|-damage|p2a: Incineroar|14/100
|move|p2b: Ninetales|Blizzard|p1b: Whimsicott|[spread] p1a,p1b
|-supereffective|p1b: Whimsicott|1
|-damage|p1a: Farigiraf|64/100
|-damage|p1b: Whimsicott|3/100
|move|p2a: Incineroar|Throat Chop|p1a: Farigiraf
|-supereffective|p1a: Farigiraf|1
|-damage|p1a: Farigiraf|0 fnt
|faint|p1a: Farigiraf
|
|-weather|Snowscape|[upkeep]
|upkeep
|turn|8
|
|t:|1783970168
|switch|p2a: Gengar|Gengar-Mega, L50, M|86/100
|move|p1b: Whimsicott|Moonblast|p2a: Gengar
|-resisted|p2a: Gengar|1
|-damage|p2a: Gengar|72/100
|move|p2b: Ninetales|Freeze-Dry|p1b: Whimsicott
|-supereffective|p1b: Whimsicott|1
|-damage|p1b: Whimsicott|0 fnt
|faint|p1b: Whimsicott
|
|win|xDeacon
