|j|☆Crimson Jake
|j|☆MAV101X
|html|Crimson JakeMAV101X    
|uhtml|bestof|Game 1 of a best-of-3
|t:|1782343545
|gametype|doubles
|player|p1|Crimson Jake|blue|1082
|player|p2|MAV101X|bruno|1136
|gen|9
|tier|[Gen 9 Champions] VGC 2026 Reg M-B (Bo3)
|rated|
|rule|Species Clause: Limit one of each Pokémon
|rule|Item Clause: Limit 1 of each item
|clearpoke
|poke|p1|Tyranitar, L50, M|
|poke|p1|Charizard, L50, M|
|poke|p1|Greninja, L50, M, shiny|
|poke|p1|Sinistcha, L50|
|poke|p1|Whimsicott, L50, F, shiny|
|poke|p1|Archaludon, L50, M|
|poke|p2|Swampert, L50, M|
|poke|p2|Oranguru, L50, F|
|poke|p2|Pelipper, L50, M|
|poke|p2|Archaludon, L50, F|
|poke|p2|Clefable, L50, M|
|poke|p2|Weavile, L50, F|
|teampreview|4
|showteam|p1|Tyranitar||SitrusBerry|SandStream|LowKick,LashOut,RockSlide,Protect|Adamant||M|||50|]Charizard||CharizarditeY|SolarPower|AirSlash,HeatWave,SolarBeam,Protect|Timid||M|||50|]Greninja||Greninjite|Protean|WeatherBall,SludgeWave,DarkPulse,Surf|Timid||M|||50|]Sinistcha||Leftovers|Hospitality|MatchaGotcha,StrengthSap,RagePowder,LifeDew|Bold|||||50|]Whimsicott||FocusSash|Prankster|Tailwind,Moonblast,Encore,HelpingHand|Bold||F|||50|]Archaludon||ExpertBelt|Stamina|ElectroShot,FlashCannon,Protect,DragonPulse|Timid||M|||50|
|showteam|p2|Swampert||Swampertite|Damp|PoisonJab,Earthquake,WaveCrash,RockSlide|Adamant||M|||50|]Oranguru||ChoiceScarf|Telepathy|Instruct,Trick,Yawn,FoulPlay|Timid||F|||50|]Pelipper||FocusSash|Drizzle|Tailwind,MuddyWater,Hurricane,IcyWind|Modest||M|||50|]Archaludon||LifeOrb|Stalwart|ElectroShot,DragonPulse,FlashCannon,DragonTail|Modest||F|||50|]Clefable||SitrusBerry|Unaware|FollowMe,LifeDew,Moonblast,Protect|Sassy||M|||50|]Weavile||KingsRock|Pressure|FakeOut,Fling,TripleAxel,KnockOff|Jolly||F|||50|
|
|t:|1782343578
|teamsize|p1|4
|teamsize|p2|4
|start
|switch|p1a: Elvira|Whimsicott, L50, F, shiny|100/100
|switch|p1b: Pyro|Charizard, L50, M|100/100
|switch|p2a: Swampert|Swampert, L50, M|100/100
|switch|p2b: Weavile|Weavile, L50, F|100/100
|-ability|p2b: Weavile|Pressure
|turn|1
|inactive|Battle timer is ON: inactive players will automatically lose when time's up. (requested by MAV101X)
|inactive|MAV101X has 60 seconds left.
|
|t:|1782343618
|move|p1b: Pyro|Protect|p1b: Pyro
|-singleturn|p1b: Pyro|Protect
|move|p2b: Weavile|Fake Out|p1a: Elvira
|-damage|p1a: Elvira|87/100
|cant|p1a: Elvira|flinch
|move|p2a: Swampert|Poison Jab|p1a: Elvira
|-supereffective|p1a: Elvira|2
|-damage|p1a: Elvira|0 fnt
|faint|p1a: Elvira
|
|upkeep
|
|t:|1782343630
|switch|p1a: Proteus|Greninja, L50, M, shiny|100/100
|turn|2
|inactive|Crimson Jake has 30 seconds left.
|
|t:|1782343662
|switch|p2b: Pelipper|Pelipper, L50, M|100/100
|-weather|RainDance|[from] ability: Drizzle|[of] p2b: Pelipper
|switch|p1a: Thea|Sinistcha, L50|100/100
|detailschange|p1b: Pyro|Charizard-Mega-Y, L50, M
|-mega|p1b: Pyro|Charizard|Charizardite Y
|-weather|SunnyDay|[from] ability: Drought|[of] p1b: Pyro
|detailschange|p2a: Swampert|Swampert-Mega, L50, M
|-mega|p2a: Swampert|Swampert|Swampertite
|move|p1b: Pyro|Solar Beam||[still]
|-prepare|p1b: Pyro|Solar Beam
|-anim|p1b: Pyro|Solar Beam|p2a: Swampert
|-supereffective|p2a: Swampert|2
|-damage|p2a: Swampert|0 fnt
|faint|p2a: Swampert
|
|-weather|SunnyDay|[upkeep]
|upkeep
|
|t:|1782343681
|switch|p2a: Weavile|Weavile, L50, F|100/100
|-ability|p2a: Weavile|Pressure
|turn|3
|
|t:|1782343691
|move|p1b: Pyro|Protect|p1b: Pyro
|-singleturn|p1b: Pyro|Protect
|move|p2a: Weavile|Fake Out|p1b: Pyro
|-activate|p1b: Pyro|move: Protect
|move|p1a: Thea|Rage Powder|p1a: Thea
|-singleturn|p1a: Thea|move: Rage Powder
|move|p2b: Pelipper|Tailwind|p2b: Pelipper
|-sidestart|p2: MAV101X|move: Tailwind
|
|-weather|SunnyDay|[upkeep]
|upkeep
|turn|4
|inactive|MAV101X has 30 seconds left.
|inactive|MAV101X has 20 seconds left.
|inactive|MAV101X has 15 seconds left.
|
|t:|1782343736
|switch|p2b: Oranguru|Oranguru, L50, F|100/100
|move|p2a: Weavile|Triple Axel|p1b: Pyro
|-damage|p1b: Pyro|84/100
|-damage|p1b: Pyro|56/100
|-damage|p1b: Pyro|16/100
|-hitcount|p1b: Pyro|3
|move|p1b: Pyro|Heat Wave|p2b: Oranguru|[spread] p2a,p2b
|-supereffective|p2a: Weavile|1
|-damage|p2a: Weavile|0 fnt
|-damage|p2b: Oranguru|48/100
|faint|p2a: Weavile
|move|p1a: Thea|Strength Sap|p2b: Oranguru
|-unboost|p2b: Oranguru|atk|1
|
|-weather|SunnyDay|[upkeep]
|upkeep
|
|t:|1782343746
|switch|p2a: Pelipper|Pelipper, L50, M|100/100
|-weather|RainDance|[from] ability: Drizzle|[of] p2a: Pelipper
|turn|5
|
|t:|1782343763
|switch|p1a: Proteus|Greninja, L50, M, shiny|100/100
|move|p1b: Pyro|Protect|p1b: Pyro
|-singleturn|p1b: Pyro|Protect
|move|p2b: Oranguru|Foul Play|p1a: Proteus
|-resisted|p1a: Proteus|1
|-damage|p1a: Proteus|83/100
|move|p2a: Pelipper|Muddy Water|p1a: Proteus|[spread] p1a
|-activate|p1b: Pyro|move: Protect
|-resisted|p1a: Proteus|1
|-damage|p1a: Proteus|43/100
|
|-weather|RainDance|[upkeep]
|upkeep
|turn|6
|
|t:|1782343782
|switch|p1b: Thea|Sinistcha, L50|100/100
|-heal|p1a: Proteus|68/100|[from] ability: Hospitality|[of] p1b: Thea
|move|p2b: Oranguru|Foul Play|p1a: Proteus
|-resisted|p1a: Proteus|1
|-damage|p1a: Proteus|51/100
|move|p2a: Pelipper|Muddy Water|p1a: Proteus|[spread] p1a,p1b
|-resisted|p1a: Proteus|1
|-resisted|p1b: Thea|1
|-damage|p1a: Proteus|12/100
|-damage|p1b: Thea|71/100
|move|p1a: Proteus|Dark Pulse|p2b: Oranguru
|-start|p1a: Proteus|typechange|Dark|[from] ability: Protean
|-supereffective|p2b: Oranguru|1
|-damage|p2b: Oranguru|0 fnt
|faint|p2b: Oranguru
|
|-weather|RainDance|[upkeep]
|-heal|p1b: Thea|78/100|[from] item: Leftovers
|-sideend|p2: MAV101X|move: Tailwind
|upkeep
|turn|7
|-message|MAV101X forfeited.
|
|win|Crimson Jake
|l|☆MAV101X
|player|p2|
||Crimson Jake is ready for game 2.
||MAV101X is ready for game 2.
|uhtml|next|Next: Game 2 of 3
