|j|☆Ethan's Bleakmiss
|j|☆bopthehydropump
|html|Ethan's Bleakmissbopthehydropump    
|uhtml|bestof|Game 3 of a best-of-3
|t:|1783525187
|gametype|doubles
|player|p1|Ethan's Bleakmiss|unknown|1053
|player|p2|bopthehydropump|lucas|1082
|gen|9
|tier|[Gen 9 Champions] VGC 2026 Reg M-B (Bo3)
|rated|
|rule|Species Clause: Limit one of each Pokémon
|rule|Item Clause: Limit 1 of each item
|clearpoke
|poke|p1|Floette-Eternal, L50, F|
|poke|p1|Froslass, L50, F, shiny|
|poke|p1|Whimsicott, L50, M, shiny|
|poke|p1|Maushold, L50, shiny|
|poke|p1|Sneasler, L50, F, shiny|
|poke|p1|Basculegion, L50, M, shiny|
|poke|p2|Eelektross, L50, F|
|poke|p2|Sinistcha, L50|
|poke|p2|Incineroar, L50, M|
|poke|p2|Garchomp, L50, F|
|poke|p2|Kingambit, L50, F|
|poke|p2|Primarina, L50, F|
|teampreview|4
|showteam|p1|Floette-Eternal||Floettite|FlowerVeil|Protect,LightofRuin,DazzlingGleam,Moonblast|Timid||F|||50|]Froslass||Froslassite|CursedBody|ShadowBall,AuroraVeil,Blizzard,Protect|Timid||F|||50|]Whimsicott||FocusSash|Prankster|Protect,Moonblast,Tailwind,FakeTears|Timid||M|||50|]Maushold||SitrusBerry|FriendGuard|SuperFang,Protect,FollowMe,Taunt|Bold|||||50|]Sneasler||WhiteHerb|Unburden|CloseCombat,DireClaw,Protect,FakeOut|Adamant||F|||50|]Basculegion||LifeOrb|Adaptability|WaveCrash,Protect,LastRespects,AquaJet|Adamant||M|||50|
|showteam|p2|Eelektross||Eelektrossite|Levitate|Thunderbolt,ThunderPunch,GrassKnot,Protect|Quiet||F|||50|]Sinistcha||SitrusBerry|Hospitality|MatchaGotcha,LifeDew,RagePowder,TrickRoom|Sassy|||||50|]Incineroar||LumBerry|Intimidate|FakeOut,PartingShot,FlareBlitz,HelpingHand|Sassy||M|||50|]Garchomp||LifeOrb|RoughSkin|Earthquake,RockSlide,DragonClaw,Protect|Adamant||F|||50|]Kingambit||ChopleBerry|Defiant|SuckerPunch,KowtowCleave,IronHead,Protect|Careful||F|||50|]Primarina||DampRock|LiquidVoice|HyperVoice,Moonblast,CalmMind,Protect|Quiet||F|||50|
|inactive|Battle timer is ON: inactive players will automatically lose when time's up. (requested by Ethan's Bleakmiss)
|inactive|Ethan's Bleakmiss has 60 seconds left.
|
|t:|1783525237
|teamsize|p1|4
|teamsize|p2|4
|start
|switch|p1a: Maushold|Maushold, L50, shiny|100/100
|switch|p1b: Sneasler|Sneasler, L50, F, shiny|100/100
|switch|p2a: Sinistcha|Sinistcha, L50|100/100
|switch|p2b: Incineroar|Incineroar, L50, M|100/100
|-ability|p2b: Incineroar|Intimidate|boost
|-unboost|p1a: Maushold|atk|1
|-unboost|p1b: Sneasler|atk|1
|-enditem|p1b: Sneasler|White Herb
|-clearnegativeboost|p1b: Sneasler|[silent]
|turn|1
|inactive|bopthehydropump has 30 seconds left.
|inactive|bopthehydropump has 20 seconds left.
|inactive|bopthehydropump has 15 seconds left.
|
|t:|1783525277
|move|p1b: Sneasler|Fake Out|p2b: Incineroar
|-damage|p2b: Incineroar|86/100
|move|p1a: Maushold|Taunt|p2a: Sinistcha
|-start|p2a: Sinistcha|move: Taunt
|move|p2a: Sinistcha|Matcha Gotcha|p1a: Maushold|[spread] p1b
|-miss|p2a: Sinistcha|p1a: Maushold
|-resisted|p1b: Sneasler|1
|-damage|p1b: Sneasler|87/100
|cant|p2b: Incineroar|flinch
|
|upkeep
|turn|2
|
|t:|1783525301
|switch|p1a: Froslass|Froslass, L50, F, shiny|100/100
|move|p1b: Sneasler|Close Combat|p2b: Incineroar
|-supereffective|p2b: Incineroar|1
|-damage|p2b: Incineroar|0 fnt
|-unboost|p1b: Sneasler|def|1
|-unboost|p1b: Sneasler|spd|1
|faint|p2b: Incineroar
|move|p2a: Sinistcha|Matcha Gotcha|p1b: Sneasler|[spread] p1a
|-miss|p2a: Sinistcha|p1b: Sneasler
|-damage|p1a: Froslass|56/100
|
|upkeep
|
|t:|1783525313
|switch|p2b: Kingambit|Kingambit, L50, F|100/100
|turn|3
|
|t:|1783525336
|detailschange|p1a: Froslass|Froslass-Mega, L50, F, shiny
|-mega|p1a: Froslass|Froslass|Froslassite
|-weather|Snowscape|[from] ability: Snow Warning|[of] p1a: Froslass
|move|p1a: Froslass|Protect|p1a: Froslass
|-singleturn|p1a: Froslass|Protect
|move|p2b: Kingambit|Sucker Punch|p1b: Sneasler
|-resisted|p1b: Sneasler|1
|-damage|p1b: Sneasler|35/100
|move|p1b: Sneasler|Close Combat|p2b: Kingambit
|-supereffective|p2b: Kingambit|2
|-enditem|p2b: Kingambit|Chople Berry|[eat]
|-enditem|p2b: Kingambit|Chople Berry|[weaken]
|-damage|p2b: Kingambit|4/100
|-unboost|p1b: Sneasler|def|1
|-unboost|p1b: Sneasler|spd|1
|move|p2a: Sinistcha|Matcha Gotcha|p1a: Froslass|[spread] p1b
|-activate|p1a: Froslass|move: Protect
|-resisted|p1b: Sneasler|1
|-damage|p1b: Sneasler|1/100
|
|-weather|Snowscape|[upkeep]
|-end|p2a: Sinistcha|move: Taunt
|upkeep
|turn|4
|inactive|Ethan's Bleakmiss has 30 seconds left.
|inactive|bopthehydropump has 30 seconds left.
|
|t:|1783525367
|move|p2a: Sinistcha|Rage Powder|p2a: Sinistcha
|-singleturn|p2a: Sinistcha|move: Rage Powder
|move|p2b: Kingambit|Sucker Punch|p1a: Froslass
|-supereffective|p1a: Froslass|1
|-damage|p1a: Froslass|0 fnt
|faint|p1a: Froslass
|move|p1b: Sneasler|Dire Claw|p2a: Sinistcha
|-damage|p2a: Sinistcha|61/100
|
|-weather|Snowscape|[upkeep]
|upkeep
|
|t:|1783525376
|switch|p1a: Maushold|Maushold, L50, shiny|100/100
|turn|5
|
|t:|1783525396
|move|p1a: Maushold|Follow Me|p1a: Maushold
|-singleturn|p1a: Maushold|move: Follow Me
|move|p2b: Kingambit|Sucker Punch||[still]
|-fail|p2b: Kingambit
|move|p1b: Sneasler|Dire Claw|p2a: Sinistcha
|-damage|p2a: Sinistcha|25/100
|-status|p2a: Sinistcha|slp
|-enditem|p2a: Sinistcha|Sitrus Berry|[eat]
|-heal|p2a: Sinistcha|50/100y slp|[from] item: Sitrus Berry
|cant|p2a: Sinistcha|slp
|
|-weather|Snowscape|[upkeep]
|upkeep
|turn|6
|
|t:|1783525419
|move|p2b: Kingambit|Protect|p2b: Kingambit
|-singleturn|p2b: Kingambit|Protect
|move|p1a: Maushold|Follow Me|p1a: Maushold
|-singleturn|p1a: Maushold|move: Follow Me
|move|p1b: Sneasler|Close Combat|p2b: Kingambit
|-activate|p2b: Kingambit|move: Protect
|cant|p2a: Sinistcha|slp
|
|-weather|Snowscape|[upkeep]
|upkeep
|turn|7
|inactive|bopthehydropump has 30 seconds left.
|
|t:|1783525456
|move|p1b: Sneasler|Protect|p1b: Sneasler
|-singleturn|p1b: Sneasler|Protect
|move|p2b: Kingambit|Sucker Punch||[still]
|-fail|p2b: Kingambit
|move|p1a: Maushold|Taunt|p2a: Sinistcha
|-start|p2a: Sinistcha|move: Taunt
|-curestatus|p2a: Sinistcha|slp|[msg]
|cant|p2a: Sinistcha|move: Taunt|Trick Room
|
|-weather|none
|upkeep
|turn|8
|
|t:|1783525474
|move|p1a: Maushold|Follow Me|p1a: Maushold
|-singleturn|p1a: Maushold|move: Follow Me
|move|p1b: Sneasler|Close Combat|p2b: Kingambit
|-supereffective|p2b: Kingambit|2
|-crit|p2b: Kingambit
|-damage|p2b: Kingambit|0 fnt
|-unboost|p1b: Sneasler|def|1
|-unboost|p1b: Sneasler|spd|1
|faint|p2b: Kingambit
|move|p2a: Sinistcha|Matcha Gotcha|p1b: Sneasler|[spread] p1a,p1b
|-resisted|p1b: Sneasler|1
|-damage|p1a: Maushold|74/100
|-heal|p2a: Sinistcha|62/100|[from] drain|[of] p1a: Maushold
|-damage|p1b: Sneasler|0 fnt
|-heal|p2a: Sinistcha|63/100|[from] drain|[of] p1b: Sneasler
|-status|p1a: Maushold|brn
|faint|p1b: Sneasler
|
|-damage|p1a: Maushold|68/100 brn|[from] brn
|upkeep
|
|t:|1783525491
|switch|p1b: Whimsicott|Whimsicott, L50, M, shiny|100/100
|switch|p2b: Eelektross|Eelektross, L50, F|100/100
|turn|9
|
|t:|1783525509
|detailschange|p2b: Eelektross|Eelektross-Mega, L50, F
|-mega|p2b: Eelektross|Eelektross|Eelektrossite
|move|p1b: Whimsicott|Moonblast|p2b: Eelektross
|-damage|p2b: Eelektross|65/100
|move|p1a: Maushold|Super Fang|p2b: Eelektross
|-damage|p2b: Eelektross|32/100
|move|p2b: Eelektross|Thunderbolt|p1a: Maushold
|-damage|p1a: Maushold|9/100 brn
|-enditem|p1a: Maushold|Sitrus Berry|[eat]
|-heal|p1a: Maushold|34/100 brn|[from] item: Sitrus Berry
|move|p2a: Sinistcha|Matcha Gotcha|p1a: Maushold|[spread] p1b
|-miss|p2a: Sinistcha|p1a: Maushold
|-resisted|p1b: Whimsicott|1
|-damage|p1b: Whimsicott|84/100
|-heal|p2a: Sinistcha|69/100|[from] drain|[of] p1b: Whimsicott
|
|-damage|p1a: Maushold|28/100 brn|[from] brn
|-end|p2a: Sinistcha|move: Taunt
|upkeep
|turn|10
|inactive|Ethan's Bleakmiss has 30 seconds left.
|inactive|bopthehydropump has 30 seconds left.
|
|t:|1783525542
|move|p2b: Eelektross|Protect|p2b: Eelektross
|-singleturn|p2b: Eelektross|Protect
|move|p1b: Whimsicott|Moonblast|p2b: Eelektross
|-activate|p2b: Eelektross|move: Protect
|move|p1a: Maushold|Taunt|p2a: Sinistcha
|-start|p2a: Sinistcha|move: Taunt
|move|p2a: Sinistcha|Matcha Gotcha|p1b: Whimsicott|[spread] p1a
|-miss|p2a: Sinistcha|p1b: Whimsicott
|-damage|p1a: Maushold|3/100 brn
|-heal|p2a: Sinistcha|82/100|[from] drain|[of] p1a: Maushold
|
|-damage|p1a: Maushold|0 fnt|[from] brn
|faint|p1a: Maushold
|upkeep
|turn|11
|
|t:|1783525560
|move|p1b: Whimsicott|Moonblast|p2b: Eelektross
|-damage|p2b: Eelektross|0 fnt
|faint|p2b: Eelektross
|move|p2a: Sinistcha|Matcha Gotcha|p1b: Whimsicott
|-resisted|p1b: Whimsicott|1
|-damage|p1b: Whimsicott|59/100
|-heal|p2a: Sinistcha|92/100|[from] drain|[of] p1b: Whimsicott
|
|upkeep
|turn|12
|
|t:|1783525570
|move|p1b: Whimsicott|Fake Tears|p2a: Sinistcha
|-unboost|p2a: Sinistcha|spd|2
|move|p2a: Sinistcha|Matcha Gotcha|p1b: Whimsicott
|-resisted|p1b: Whimsicott|1
|-damage|p1b: Whimsicott|32/100
|-heal|p2a: Sinistcha|100/100|[from] drain|[of] p1b: Whimsicott
|
|-end|p2a: Sinistcha|move: Taunt
|upkeep
|turn|13
|
|t:|1783525582
|move|p1b: Whimsicott|Fake Tears|p2a: Sinistcha
|-unboost|p2a: Sinistcha|spd|2
|move|p2a: Sinistcha|Matcha Gotcha|p1b: Whimsicott
|-resisted|p1b: Whimsicott|1
|-damage|p1b: Whimsicott|3/100
|
|upkeep
|turn|14
|
|t:|1783525590
|move|p1b: Whimsicott|Moonblast|p2a: Sinistcha
|-damage|p2a: Sinistcha|0 fnt
|faint|p2a: Sinistcha
|
|win|Ethan's Bleakmiss
|raw|Ethan's Bleakmiss's rating: 1053 → 1088(+35 for winning)
|raw|bopthehydropump's rating: 1082 → 1058(-24 for losing)
