|j|☆InstrumentalCrap
|j|☆Il Mule
|html|InstrumentalCrapIl Mule    
|uhtml|bestof|Game 1 of a best-of-3
|t:|1784118892
|gametype|doubles
|player|p1|InstrumentalCrap|hiker-gen4|1395
|player|p2|Il Mule|salvatore|1414
|gen|9
|tier|[Gen 9 Champions] VGC 2026 Reg M-B (Bo3)
|rated|
|rule|Species Clause: Limit one of each Pokémon
|rule|Item Clause: Limit 1 of each item
|clearpoke
|poke|p1|Garchomp, L50, F, shiny|
|poke|p1|Venusaur, L50, F|
|poke|p1|Incineroar, L50, M|
|poke|p1|Charizard, L50, F, shiny|
|poke|p1|Toxapex, L50, M, shiny|
|poke|p1|Annihilape, L50, M|
|poke|p2|Excadrill, L50, M|
|poke|p2|Tyranitar, L50, F|
|poke|p2|Sneasler, L50, M|
|poke|p2|Incineroar, L50, F|
|poke|p2|Froslass, L50, F|
|poke|p2|Sinistcha, L50|
|teampreview|4
|showteam|p1|Garchomp||ChoiceScarf|RoughSkin|Earthquake,RockSlide,DragonClaw,StompingTantrum|Adamant||F|||50|]Venusaur||LifeOrb|Chlorophyll|SludgeBomb,SolarBeam,EarthPower,Protect|Modest||F|||50|]Incineroar||SitrusBerry|Intimidate|FakeOut,FlareBlitz,ThroatChop,PartingShot|Impish||M|||50|]Charizard||CharizarditeY|Blaze|HeatWave,WeatherBall,Protect,HelpingHand|Modest||F|||50|]Toxapex||Leftovers|Regenerator|Infestation,Toxic,WideGuard,BanefulBunker|Impish||M|||50|]Annihilape||FocusSash|Defiant|CloseCombat,PhantomForce,RockTomb,Protect|Jolly||M|||50|
|showteam|p2|Excadrill||FocusSash|SandRush|HighHorsepower,RockSlide,IronHead,Protect|Adamant||M|||50|]Tyranitar||Tyranitarite|SandStream|KnockOff,RockSlide,DragonDance,Protect|Adamant||F|||50|]Sneasler||WhiteHerb|Unburden|CloseCombat,DireClaw,Coaching,FakeOut|Jolly||M|||50|]Incineroar||SitrusBerry|Intimidate|FlareBlitz,HelpingHand,PartingShot,FakeOut|Impish||F|||50|]Froslass||Froslassite|CursedBody|Blizzard,ShadowBall,NastyPlot,Protect|Timid||F|||50|]Sinistcha||ColburBerry|Hospitality|ShadowBall,LeafStorm,RagePowder,Protect|Bold|||||50|
|c|☆Il Mule|istruttivo
|j| lakaka siuuu
|j| kelso shrug
|
|t:|1784118966
|teamsize|p1|4
|teamsize|p2|4
|start
|switch|p1a: Incineroar|Incineroar, L50, M|100/100
|switch|p1b: Toxapex|Toxapex, L50, M, shiny|100/100
|switch|p2a: Sabotage|Sneasler, L50, M|100/100
|switch|p2b: Gervasoni|Excadrill, L50, M|100/100
|-ability|p1a: Incineroar|Intimidate|boost
|-unboost|p2a: Sabotage|atk|1
|-unboost|p2b: Gervasoni|atk|1
|-enditem|p2a: Sabotage|White Herb
|-clearnegativeboost|p2a: Sabotage|[silent]
|turn|1
|j| Tridello
|
|t:|1784118995
|switch|p1a: Garchomp|Garchomp, L50, F, shiny|100/100
|move|p2a: Sabotage|Coaching|p2b: Gervasoni
|-boost|p2b: Gervasoni|atk|1
|-boost|p2b: Gervasoni|def|1
|move|p2b: Gervasoni|High Horsepower|p1b: Toxapex
|-supereffective|p1b: Toxapex|1
|-damage|p1b: Toxapex|31/100
|move|p1b: Toxapex|Infestation|p2b: Gervasoni
|-resisted|p2b: Gervasoni|1
|-damage|p2b: Gervasoni|98/100
|-activate|p2b: Gervasoni|move: Infestation|[of] p1b: Toxapex
|
|-heal|p1b: Toxapex|36/100|[from] item: Leftovers
|-damage|p2b: Gervasoni|85/100|[from] move: Infestation|[partiallytrapped]
|upkeep
|turn|2
|
|t:|1784119011
|move|p2b: Gervasoni|Protect|p2b: Gervasoni
|-singleturn|p2b: Gervasoni|Protect
|move|p1b: Toxapex|Baneful Bunker|p1b: Toxapex
|-singleturn|p1b: Toxapex|move: Protect
|move|p2a: Sabotage|Coaching|p2b: Gervasoni
|-boost|p2b: Gervasoni|atk|1
|-boost|p2b: Gervasoni|def|1
|move|p1a: Garchomp|Earthquake|p2a: Sabotage|[spread] p2a
|-activate|p1b: Toxapex|move: Protect
|-activate|p2b: Gervasoni|move: Protect
|-supereffective|p2a: Sabotage|1
|-damage|p2a: Sabotage|0 fnt
|faint|p2a: Sabotage
|
|-heal|p1b: Toxapex|42/100|[from] item: Leftovers
|-damage|p2b: Gervasoni|73/100|[from] move: Infestation|[partiallytrapped]
|upkeep
|
|t:|1784119029
|switch|p2a: Las brulè|Sinistcha, L50|100/100
|-heal|p2b: Gervasoni|98/100|[from] ability: Hospitality|[of] p2a: Las brulè
|turn|3
|
|t:|1784119050
|switch|p1a: Incineroar|Incineroar, L50, M|100/100
|-ability|p1a: Incineroar|Intimidate|boost
|-unboost|p2a: Las brulè|atk|1
|-unboost|p2b: Gervasoni|atk|1
|-heal|p1b: Toxapex|75/100|[from] ability: Regenerator|[silent]
|switch|p1b: Charizard|Charizard, L50, F, shiny|100/100
|move|p2b: Gervasoni|Iron Head|p1a: Incineroar
|-resisted|p1a: Incineroar|1
|-damage|p1a: Incineroar|83/100
|move|p2a: Las brulè|Leaf Storm|p1a: Incineroar
|-resisted|p1a: Incineroar|1
|-damage|p1a: Incineroar|61/100
|-unboost|p2a: Las brulè|spa|2
|
|-end|p2b: Gervasoni|Infestation|[partiallytrapped]|[silent]
|upkeep
|turn|4
|c|☆Il Mule|what?
|c|☆Il Mule|dovevo fare orso
|c|☆Il Mule|a coprire
|c|☆Il Mule|hai ragione
|c|☆Il Mule|scusami
|
|t:|1784119080
|switch|p2a: Quando provo|Tyranitar, L50, F|100/100
|-weather|Sandstorm|[from] ability: Sand Stream|[of] p2a: Quando provo
|move|p2b: Gervasoni|Protect|p2b: Gervasoni
|-singleturn|p2b: Gervasoni|Protect
|move|p1b: Charizard|Protect|p1b: Charizard
|-singleturn|p1b: Charizard|Protect
|move|p1a: Incineroar|Parting Shot|p2a: Quando provo
|-unboost|p2a: Quando provo|atk|1
|-unboost|p2a: Quando provo|spa|1
|c| kelso shrug|Effigu
|
|t:|1784119100
|switch|p1a: Garchomp|Garchomp, L50, F, shiny|100/100|[from] Parting Shot
|
|-weather|Sandstorm|[upkeep]
|-damage|p1b: Charizard|93/100|[from] Sandstorm
|upkeep
|turn|5
|l| kelso shrug
|c| Tridello|orso bartholomew
|
|t:|1784119132
|detailschange|p1b: Charizard|Charizard-Mega-Y, L50, F, shiny
|-mega|p1b: Charizard|Charizard|Charizardite Y
|-weather|SunnyDay|[from] ability: Drought|[of] p1b: Charizard
|detailschange|p2a: Quando provo|Tyranitar-Mega, L50, F
|-mega|p2a: Quando provo|Tyranitar|Tyranitarite
|-weather|Sandstorm|[from] ability: Sand Stream|[of] p2a: Quando provo
|move|p2b: Gervasoni|High Horsepower|p1b: Charizard
|-immune|p1b: Charizard
|move|p1a: Garchomp|Earthquake|p2b: Gervasoni|[spread] p2a,p2b
|-immune|p1b: Charizard
|-supereffective|p2a: Quando provo|1
|-supereffective|p2b: Gervasoni|1
|-damage|p2a: Quando provo|46/100
|-damage|p2b: Gervasoni|38/100
|move|p1b: Charizard|Heat Wave|p2b: Gervasoni|[spread] p2a,p2b
|-resisted|p2a: Quando provo|1
|-supereffective|p2b: Gervasoni|1
|-damage|p2a: Quando provo|35/100
|-damage|p2b: Gervasoni|0 fnt
|faint|p2b: Gervasoni
|move|p2a: Quando provo|Knock Off|p1a: Garchomp
|-damage|p1a: Garchomp|65/100
|-damage|p2a: Quando provo|23/100|[from] ability: Rough Skin|[of] p1a: Garchomp
|-enditem|p1a: Garchomp|Choice Scarf|[from] move: Knock Off|[of] p2a: Quando provo
|
|-weather|Sandstorm|[upkeep]
|-damage|p1b: Charizard|87/100|[from] Sandstorm
|upkeep
|j| kelso shrug
|-message|Il Mule forfeited.
|
|win|InstrumentalCrap
|l|☆Il Mule
|player|p2|
||Il Mule is ready for game 2.
|j| rovesciaporci
|inactive|InstrumentalCrap has 30 seconds to confirm battle start!
||InstrumentalCrap is ready for game 2.
|uhtml|next|Next: Game 2 of 3
|l| Tridello
|l| kelso shrug
