|j|☆Lorido
|j|☆schineyy
|html|Loridoschineyy    
|uhtml|bestof|Game 3 of a best-of-3
|t:|1782417751
|gametype|doubles
|player|p1|Lorido|265|1136
|player|p2|schineyy|101|1121
|gen|9
|tier|[Gen 9 Champions] VGC 2026 Reg M-B (Bo3)
|rated|
|rule|Species Clause: Limit one of each Pokémon
|rule|Item Clause: Limit 1 of each item
|clearpoke
|poke|p1|Charizard, L50, F|
|poke|p1|Floette-Eternal, L50, F|
|poke|p1|Whimsicott, L50, F|
|poke|p1|Kingambit, L50, M|
|poke|p1|Garchomp, L50, M|
|poke|p1|Basculegion, L50, M|
|poke|p2|Swampert, L50, F|
|poke|p2|Farigiraf, L50, F|
|poke|p2|Pelipper, L50, F|
|poke|p2|Staraptor, L50, M|
|poke|p2|Meganium, L50, M|
|poke|p2|Scrafty, L50, F|
|teampreview|4
|showteam|p1|Charizard||CharizarditeY|Blaze|HeatWave,WeatherBall,SolarBeam,Protect|Modest||F|||50|]Floette-Eternal||Floettite|FlowerVeil|DazzlingGleam,Protect,Moonblast,LightofRuin|Modest||F|||50|]Whimsicott||FocusSash|Prankster|Moonblast,Protect,Tailwind,Encore|Timid||F|||50|]Kingambit||ChopleBerry|Defiant|KowtowCleave,SuckerPunch,IronHead,LowKick|Adamant||M|||50|]Garchomp||LifeOrb|RoughSkin|DragonClaw,StompingTantrum,RockSlide,Protect|Jolly||M|||50|]Basculegion||MysticWater|Adaptability|WaveCrash,LastRespects,AquaJet,Protect|Adamant||M|||50|
|showteam|p2|Swampert||Swampertite|Torrent|WaveCrash,HighHorsepower,Protect,IcePunch|Adamant||F|||50|]Farigiraf||SitrusBerry|SapSipper|SkillSwap,PsychicFangs,RainDance,TrickRoom|Sassy||F|||50|]Pelipper||FocusSash|Drizzle|WideGuard,Hurricane,RainDance,Tailwind|Calm||F|||50|]Staraptor||ChoiceScarf|Intimidate|BraveBird,Uturn,DoubleEdge,CloseCombat|Adamant||M|||50|]Meganium||IronBall|Overgrow|PetalBlizzard,PollenPuff,Encore,Protect|Sassy||M|||50|]Scrafty||Scraftinite|Intimidate|DrainPunch,PoisonJab,ThroatChop,SwordsDance|Brave||F|||50|
|
|t:|1782417796
|teamsize|p1|4
|teamsize|p2|4
|start
|switch|p1a: Whimsicott|Whimsicott, L50, F|100/100
|switch|p1b: Charizard|Charizard, L50, F|100/100
|switch|p2a: Farigiraf|Farigiraf, L50, F|100/100
|switch|p2b: Meganium|Meganium, L50, M|100/100
|turn|1
|
|t:|1782417825
|detailschange|p1b: Charizard|Charizard-Mega-Y, L50, F
|-mega|p1b: Charizard|Charizard|Charizardite Y
|-weather|SunnyDay|[from] ability: Drought|[of] p1b: Charizard
|move|p1a: Whimsicott|Moonblast|p2a: Farigiraf
|-damage|p2a: Farigiraf|66/100
|move|p1b: Charizard|Weather Ball|p2a: Farigiraf
|-damage|p2a: Farigiraf|0 fnt
|faint|p2a: Farigiraf
|move|p2b: Meganium|Petal Blizzard|p1b: Charizard|[spread] p1a,p1b
|-resisted|p1a: Whimsicott|1
|-resisted|p1b: Charizard|2
|-damage|p1a: Whimsicott|86/100
|-damage|p1b: Charizard|95/100
|
|-weather|SunnyDay|[upkeep]
|upkeep
|
|t:|1782417843
|switch|p2a: Pelipper|Pelipper, L50, F|100/100
|-weather|RainDance|[from] ability: Drizzle|[of] p2a: Pelipper
|turn|2
|
|t:|1782417867
|switch|p1b: Kingambit|Kingambit, L50, M|100/100
|move|p1a: Whimsicott|Encore|p2b: Meganium
|-start|p2b: Meganium|Encore
|move|p2a: Pelipper|Hurricane|p1a: Whimsicott
|-supereffective|p1a: Whimsicott|1
|-damage|p1a: Whimsicott|0 fnt
|faint|p1a: Whimsicott
|move|p2b: Meganium|Petal Blizzard|p1b: Kingambit|[spread] p2a,p1b
|-resisted|p1b: Kingambit|1
|-damage|p2a: Pelipper|83/100
|-damage|p1b: Kingambit|93/100
|
|-weather|RainDance|[upkeep]
|upkeep
|
|t:|1782417881
|switch|p1a: Charizard|Charizard-Mega-Y, L50, F|95/100
|-weather|SunnyDay|[from] ability: Drought|[of] p1a: Charizard
|turn|3
|
|t:|1782417894
|switch|p2b: Swampert|Swampert, L50, F|100/100
|move|p1a: Charizard|Heat Wave|p2a: Pelipper|[spread] p2a,p2b
|-resisted|p2a: Pelipper|1
|-resisted|p2b: Swampert|1
|-damage|p2a: Pelipper|44/100
|-damage|p2b: Swampert|73/100
|-status|p2a: Pelipper|brn
|move|p2a: Pelipper|Rain Dance|p2a: Pelipper
|-weather|RainDance
|move|p1b: Kingambit|Kowtow Cleave|p2a: Pelipper
|-damage|p2a: Pelipper|0 fnt
|faint|p2a: Pelipper
|
|-weather|RainDance|[upkeep]
|upkeep
|
|t:|1782417909
|switch|p2a: Meganium|Meganium, L50, M|100/100
|turn|4
|
|t:|1782417921
|switch|p1a: Basculegion|Basculegion, L50, M|100/100
|detailschange|p2b: Swampert|Swampert-Mega, L50, F
|-mega|p2b: Swampert|Swampert|Swampertite
|move|p1b: Kingambit|Sucker Punch|p2a: Meganium
|-damage|p2a: Meganium|70/100
|move|p2b: Swampert|High Horsepower|p1b: Kingambit
|-supereffective|p1b: Kingambit|1
|-damage|p1b: Kingambit|9/100
|move|p2a: Meganium|Pollen Puff|p2b: Swampert
|-heal|p2b: Swampert|100/100
|
|-weather|RainDance|[upkeep]
|upkeep
|turn|5
|
|t:|1782417945
|switch|p1b: Charizard|Charizard-Mega-Y, L50, F|95/100
|-weather|SunnyDay|[from] ability: Drought|[of] p1b: Charizard
|move|p2b: Swampert|Protect|p2b: Swampert
|-singleturn|p2b: Swampert|Protect
|move|p1a: Basculegion|Wave Crash|p2b: Swampert
|-activate|p2b: Swampert|move: Protect
|move|p2a: Meganium|Petal Blizzard|p1a: Basculegion|[spread] p1a,p1b
|-activate|p2b: Swampert|move: Protect
|-supereffective|p1a: Basculegion|1
|-resisted|p1b: Charizard|2
|-damage|p1a: Basculegion|51/100
|-damage|p1b: Charizard|90/100
|
|-weather|SunnyDay|[upkeep]
|upkeep
|turn|6
|
|t:|1782417977
|move|p2b: Swampert|Protect||[still]
|-fail|p2b: Swampert
|move|p1b: Charizard|Solar Beam||[still]
|-prepare|p1b: Charizard|Solar Beam
|-anim|p1b: Charizard|Solar Beam|p2b: Swampert
|-supereffective|p2b: Swampert|2
|-crit|p2b: Swampert
|-damage|p2b: Swampert|0 fnt
|faint|p2b: Swampert
|move|p1a: Basculegion|Last Respects|p2a: Meganium
|-crit|p2a: Meganium
|-damage|p2a: Meganium|0 fnt
|faint|p2a: Meganium
|
|win|Lorido
|raw|Lorido's rating: 1136 → 1160(+24 for winning)
|raw|schineyy's rating: 1121 → 1097(-24 for losing)
