|j|☆chefbenboyrd
|j|☆aldishh
|html|chefbenboyrdaldishh    
|uhtml|bestof|Game 1 of a best-of-3
|t:|1757127280
|gametype|doubles
|player|p1|chefbenboyrd|brawly|1151
|player|p2|aldishh|2|1232
|gen|9
|tier|[Gen 9] VGC 2025 Reg H (Bo3)
|rated|
|rule|Species Clause: Limit one of each Pokémon
|rule|Item Clause: Limit 1 of each item
|clearpoke
|poke|p1|Whimsicott, L50, M|
|poke|p1|Hydreigon, L50, F|
|poke|p1|Incineroar, L50, M|
|poke|p1|Gholdengo, L50|
|poke|p1|Basculegion, L50, M|
|poke|p1|Dragonite, L50, F|
|poke|p2|Volcarona, L50, F|
|poke|p2|Rillaboom, L50, M|
|poke|p2|Gholdengo, L50|
|poke|p2|Dragonite, L50, F|
|poke|p2|Incineroar, L50, F|
|poke|p2|Kingambit, L50, M|
|teampreview|4
|showteam|p1|Whimsicott||FocusSash|Prankster|SunnyDay,Encore,Tailwind,Moonblast|||M|||50|,,,,,Ghost]Hydreigon||ChoiceSpecs|Levitate|HeatWave,DracoMeteor,Snarl,DarkPulse|||F|||50|,,,,,Fire]Incineroar||SafetyGoggles|Intimidate|KnockOff,FakeOut,PartingShot,FlareBlitz|||M|||50|,,,,,Ghost]Gholdengo||LifeOrb|GoodasGold|Protect,MakeItRain,ShadowBall,NastyPlot||||||50|,,,,,Water]Basculegion||ChoiceScarf|Adaptability|LastRespects,WaveCrash,AquaJet,FlipTurn|||M|||50|,,,,,Water]Dragonite||LoadedDice|Multiscale|ScaleShot,Protect,ExtremeSpeed,Haze|||F|||50|,,,,,Fairy
|showteam|p2|Volcarona||Leftovers|FlameBody|QuiverDance,FieryDance,WillOWisp,Protect|||F|||50|,,,,,Fairy]Rillaboom||AssaultVest|GrassySurge|GrassyGlide,WoodHammer,FakeOut,Uturn|||M|||50|,,,,,Fire]Gholdengo||SitrusBerry|GoodasGold|NastyPlot,Protect,MakeItRain,ShadowBall||||||50|,,,,,Water]Dragonite||LoadedDice|Multiscale|ScaleShot,Protect,Haze,Tailwind|||F|||50|,,,,,Steel]Incineroar||SafetyGoggles|Intimidate|PartingShot,FakeOut,KnockOff,Taunt|||F|||50|,,,,,Ghost]Kingambit||BlackGlasses|Defiant|KowtowCleave,SuckerPunch,SwordsDance,Protect|||M|||50|,,,,,Water
|
|t:|1757127341
|teamsize|p1|4
|teamsize|p2|4
|start
|switch|p1a: Basculegion|Basculegion, L50, M|100/100
|switch|p1b: Incineroar|Incineroar, L50, M|100/100
|switch|p2a: Volcarona|Volcarona, L50, F|100/100
|switch|p2b: Incineroar|Incineroar, L50, F, shiny|100/100
|-ability|p1b: Incineroar|Intimidate|boost
|-unboost|p2a: Volcarona|atk|1
|-unboost|p2b: Incineroar|atk|1
|-ability|p2b: Incineroar|Intimidate|boost
|-unboost|p1a: Basculegion|atk|1
|-unboost|p1b: Incineroar|atk|1
|turn|1
|inactive|Battle timer is ON: inactive players will automatically lose when time's up. (requested by chefbenboyrd)
|inactive|aldishh has 60 seconds left.
|
|t:|1757127378
|-terastallize|p1a: Basculegion|Water
|-terastallize|p2b: Incineroar|Ghost
|move|p2a: Volcarona|Protect|p2a: Volcarona
|-singleturn|p2a: Volcarona|Protect
|move|p1a: Basculegion|Flip Turn|p2a: Volcarona
|-activate|p2a: Volcarona|move: Protect
|move|p1b: Incineroar|Flare Blitz|p2a: Volcarona
|-activate|p2a: Volcarona|move: Protect
|move|p2b: Incineroar|Parting Shot|p1a: Basculegion
|-unboost|p1a: Basculegion|atk|1
|-unboost|p1a: Basculegion|spa|1
|
|t:|1757127394
|switch|p2b: Dragonite|Dragonite, L50, F|100/100|[from] Parting Shot
|
|upkeep
|turn|2
|
|t:|1757127402
|switch|p2b: Incineroar|Incineroar, L50, F, shiny, tera:Ghost|100/100
|-ability|p2b: Incineroar|Intimidate|boost
|-unboost|p1a: Basculegion|atk|1
|-unboost|p1b: Incineroar|atk|1
|move|p1a: Basculegion|Flip Turn|p2a: Volcarona
|-supereffective|p2a: Volcarona
|-damage|p2a: Volcarona|70/100
|-status|p1a: Basculegion|brn|[from] ability: Flame Body|[of] p2a: Volcarona
|
|t:|1757127410
|switch|p1a: Dragonite|Dragonite, L50, F|100/100|[from] Flip Turn
|move|p2a: Volcarona|Quiver Dance|p2a: Volcarona
|-boost|p2a: Volcarona|spa|1
|-boost|p2a: Volcarona|spd|1
|-boost|p2a: Volcarona|spe|1
|move|p1b: Incineroar|Flare Blitz|p2a: Volcarona
|-damage|p2a: Volcarona|46/100
|-damage|p1b: Incineroar|93/100|[from] Recoil
|
|-heal|p2a: Volcarona|52/100|[from] item: Leftovers
|upkeep
|turn|3
|
|t:|1757127431
|switch|p1b: Basculegion|Basculegion, L50, M, tera:Water|100/100 brn
|move|p2b: Incineroar|Fake Out|p1b: Basculegion
|-damage|p1b: Basculegion|87/100 brn
|move|p1a: Dragonite|Extreme Speed|p2a: Volcarona
|-damage|p2a: Volcarona|25/100
|move|p2a: Volcarona|Will-O-Wisp|p1a: Dragonite
|-status|p1a: Dragonite|brn
|
|-heal|p2a: Volcarona|30/100|[from] item: Leftovers
|-damage|p1b: Basculegion|81/100 brn|[from] brn
|-damage|p1a: Dragonite|95/100 brn|[from] brn
|upkeep
|turn|4
|inactive|chefbenboyrd has 30 seconds left.
|inactive|aldishh has 30 seconds left.
|
|t:|1757127466
|move|p2a: Volcarona|Protect|p2a: Volcarona
|-singleturn|p2a: Volcarona|Protect
|move|p1a: Dragonite|Protect|p1a: Dragonite
|-singleturn|p1a: Dragonite|Protect
|move|p1b: Basculegion|Flip Turn|p2a: Volcarona
|-activate|p2a: Volcarona|move: Protect
|move|p2b: Incineroar|Parting Shot|p1b: Basculegion
|-unboost|p1b: Basculegion|atk|1
|-unboost|p1b: Basculegion|spa|1
|
|t:|1757127476
|switch|p2b: Dragonite|Dragonite, L50, F|100/100|[from] Parting Shot
|
|-heal|p2a: Volcarona|36/100|[from] item: Leftovers
|-damage|p1b: Basculegion|74/100 brn|[from] brn
|-damage|p1a: Dragonite|89/100 brn|[from] brn
|upkeep
|turn|5
|
|t:|1757127497
|switch|p2a: Kingambit|Kingambit, L50, M|100/100
|move|p1a: Dragonite|Extreme Speed|p2a: Kingambit
|-resisted|p2a: Kingambit
|-damage|p2a: Kingambit|94/100
|move|p1b: Basculegion|Flip Turn|p2a: Kingambit
|-damage|p2a: Kingambit|83/100
|
|t:|1757127507
|switch|p1b: Hydreigon|Hydreigon, L50, F|100/100|[from] Flip Turn
|move|p2b: Dragonite|Scale Shot|p1b: Hydreigon
|-supereffective|p1b: Hydreigon
|-damage|p1b: Hydreigon|64/100
|-supereffective|p1b: Hydreigon
|-damage|p1b: Hydreigon|27/100
|-supereffective|p1b: Hydreigon
|-damage|p1b: Hydreigon|0 fnt
|faint|p1b: Hydreigon
|-hitcount|p1: Hydreigon|3
|-unboost|p2b: Dragonite|def|1
|-boost|p2b: Dragonite|spe|1
|
|-damage|p1a: Dragonite|83/100 brn|[from] brn
|upkeep
|
|t:|1757127513
|switch|p1b: Incineroar|Incineroar, L50, M|93/100
|-ability|p1b: Incineroar|Intimidate|boost
|-unboost|p2a: Kingambit|atk|1
|-ability|p2a: Kingambit|Defiant|boost
|-boost|p2a: Kingambit|atk|2
|-unboost|p2b: Dragonite|atk|1
|turn|6
|-message|chefbenboyrd forfeited.
|
|win|aldishh
