|j|☆g1g1o
|j|☆lolgz
|html|g1g1ololgz    
|uhtml|bestof|Game 2 of a best-of-3
|t:|1784099945
|gametype|doubles
|player|p1|g1g1o|giovanni|1113
|player|p2|lolgz|dawn|1119
|gen|9
|tier|[Gen 9 Champions] VGC 2026 Reg M-B (Bo3)
|rated|
|rule|Species Clause: Limit one of each Pokémon
|rule|Item Clause: Limit 1 of each item
|clearpoke
|poke|p1|Hydreigon, L50, M|
|poke|p1|Metagross, L50|
|poke|p1|Farigiraf, L50, F|
|poke|p1|Mamoswine, L50, M|
|poke|p1|Tauros-Paldea-Blaze, L50, M|
|poke|p1|Milotic, L50, M|
|poke|p2|Delphox, L50, F|
|poke|p2|Incineroar, L50, M|
|poke|p2|Vivillon, L50, F|
|poke|p2|Sinistcha, L50|
|poke|p2|Blastoise, L50, M|
|poke|p2|Maushold, L50|
|teampreview|4
|showteam|p1|Hydreigon||ChoiceScarf|Levitate|Snarl,EarthPower,DracoMeteor,Tailwind|Modest||M|||50|]Metagross||Metagrossite|ClearBody|IronHead,PsychicFangs,BulletPunch,Protect|Adamant|||||50|]Farigiraf||SitrusBerry|ArmorTail|TrickRoom,Psychic,Thunderbolt,Protect|Bold||F|||50|]Mamoswine||FocusSash|Oblivious|IceShard,HighHorsepower,Earthquake,Protect|Jolly||M|||50|]Tauros-Paldea-Blaze||LifeOrb|Intimidate|RagingBull,CloseCombat,RockSlide,Protect|Jolly||M|||50|]Milotic||Leftovers|Competitive|IcyWind,Scald,MirrorCoat,Protect|Bold||M|||50|
|showteam|p2|Delphox||Delphoxite|Blaze|HeatWave,Psychic,NastyPlot,Protect|Timid||F|||50|]Incineroar||SitrusBerry|Intimidate|FakeOut,PartingShot,FlareBlitz,ThroatChop|Impish||M|||50|]Vivillon||ChoiceScarf|CompoundEyes|SleepPowder,Hurricane,RagePowder,Tailwind|Timid||F|||50|]Sinistcha||CobaBerry|Hospitality|MatchaGotcha,RagePowder,Protect,TrickRoom|Bold|||||50|]Blastoise||Blastoisinite|RainDish|Protect,WaterSpout,DarkPulse,ShellSmash|Modest||M|||50|]Maushold||FocusSash|FriendGuard|FollowMe,Protect,SuperFang,HelpingHand|Jolly|||||50|
|inactive|Battle timer is ON: inactive players will automatically lose when time's up. (requested by lolgz)
|inactive|g1g1o also wants the timer to be on.
|
|t:|1784099964
|teamsize|p1|4
|teamsize|p2|4
|start
|switch|p1a: Hydreigon|Hydreigon, L50, M|100/100
|switch|p1b: Metagross|Metagross, L50|100/100
|switch|p2a: Vivillon|Vivillon, L50, F|100/100
|switch|p2b: Blastoise|Blastoise, L50, M|100/100
|turn|1
|
|t:|1784099983
|detailschange|p2b: Blastoise|Blastoise-Mega, L50, M
|-mega|p2b: Blastoise|Blastoise|Blastoisinite
|detailschange|p1b: Metagross|Metagross-Mega, L50
|-mega|p1b: Metagross|Metagross|Metagrossite
|move|p2b: Blastoise|Protect|p2b: Blastoise
|-singleturn|p2b: Blastoise|Protect
|move|p2a: Vivillon|Sleep Powder|p1a: Hydreigon
|-status|p1a: Hydreigon|slp|[from] move: Sleep Powder
|cant|p1a: Hydreigon|slp
|move|p1b: Metagross|Psychic Fangs|p2b: Blastoise
|-activate|p2b: Blastoise|move: Protect
|
|upkeep
|turn|2
|
|t:|1784099995
|move|p1b: Metagross|Protect|p1b: Metagross
|-singleturn|p1b: Metagross|Protect
|move|p2a: Vivillon|Sleep Powder|p1b: Metagross
|-activate|p1b: Metagross|move: Protect
|-curestatus|p1a: Hydreigon|slp|[msg]
|move|p1a: Hydreigon|Snarl|p2b: Blastoise|[spread] p2a,p2b
|-damage|p2a: Vivillon|61/100
|-damage|p2b: Blastoise|79/100
|-unboost|p2a: Vivillon|spa|1
|-unboost|p2b: Blastoise|spa|1
|move|p2b: Blastoise|Shell Smash|p2b: Blastoise
|-unboost|p2b: Blastoise|def|1
|-unboost|p2b: Blastoise|spd|1
|-boost|p2b: Blastoise|atk|2
|-boost|p2b: Blastoise|spa|2
|-boost|p2b: Blastoise|spe|2
|
|upkeep
|turn|3
|
|t:|1784100008
|move|p1b: Metagross|Bullet Punch|p2a: Vivillon
|-damage|p2a: Vivillon|0 fnt
|faint|p2a: Vivillon
|move|p2b: Blastoise|Dark Pulse|p1b: Metagross
|-supereffective|p1b: Metagross|1
|-damage|p1b: Metagross|0 fnt
|faint|p1b: Metagross
|move|p1a: Hydreigon|Snarl|p2b: Blastoise
|-damage|p2b: Blastoise|37/100
|-unboost|p2b: Blastoise|spa|1
|
|upkeep
|
|t:|1784100024
|switch|p1b: Milotic|Milotic, L50, M|100/100
|switch|p2a: Sinistcha|Sinistcha, L50|100/100
|-heal|p2b: Blastoise|61/100|[from] ability: Hospitality|[of] p2a: Sinistcha
|turn|4
|
|t:|1784100031
|switch|p2a: Maushold|Maushold, L50|100/100
|move|p2b: Blastoise|Shell Smash|p2b: Blastoise
|-unboost|p2b: Blastoise|def|1
|-unboost|p2b: Blastoise|spd|1
|-boost|p2b: Blastoise|atk|2
|-boost|p2b: Blastoise|spa|2
|-boost|p2b: Blastoise|spe|2
|move|p1a: Hydreigon|Snarl|p2b: Blastoise|[spread] p2a,p2b
|-damage|p2a: Maushold|75/100
|-damage|p2b: Blastoise|31/100
|-unboost|p2a: Maushold|spa|1
|-unboost|p2b: Blastoise|spa|1
|move|p1b: Milotic|Mirror Coat||[still]
|-fail|p1b: Milotic
|
|upkeep
|turn|5
|
|t:|1784100052
|switch|p2a: Sinistcha|Sinistcha, L50|100/100
|-heal|p2b: Blastoise|56/100|[from] ability: Hospitality|[of] p2a: Sinistcha
|move|p2b: Blastoise|Dark Pulse|p1a: Hydreigon
|-resisted|p1a: Hydreigon|1
|-damage|p1a: Hydreigon|58/100
|move|p1a: Hydreigon|Snarl|p2b: Blastoise|[spread] p2a,p2b
|-supereffective|p2a: Sinistcha|1
|-damage|p2a: Sinistcha|58/100
|-damage|p2b: Blastoise|16/100
|-unboost|p2a: Sinistcha|spa|1
|-unboost|p2b: Blastoise|spa|1
|move|p1b: Milotic|Scald|p2a: Sinistcha
|-resisted|p2a: Sinistcha|1
|-damage|p2a: Sinistcha|43/100
|
|upkeep
|turn|6
|-message|lolgz forfeited.
|
|win|g1g1o
