|j|☆oscraft89
|j|☆captaingarchomp92
|html|oscraft89captaingarchomp92    
|uhtml|bestof|Game 1 of a best-of-3
|t:|1782750492
|gametype|doubles
|player|p1|oscraft89|ethan|1253
|player|p2|captaingarchomp92|169|1279
|gen|9
|tier|[Gen 9 Champions] VGC 2026 Reg M-B (Bo3)
|rated|
|rule|Species Clause: Limit one of each Pokémon
|rule|Item Clause: Limit 1 of each item
|clearpoke
|poke|p1|Sceptile, L50, M, shiny|
|poke|p1|Rotom-Wash, L50|
|poke|p1|Incineroar, L50, F|
|poke|p1|Sneasler, L50, F|
|poke|p1|Whimsicott, L50, F|
|poke|p1|Gholdengo, L50|
|poke|p2|Gengar, L50, F|
|poke|p2|Incineroar, L50, F|
|poke|p2|Politoed, L50, F|
|poke|p2|Archaludon, L50, F|
|poke|p2|Sinistcha, L50|
|poke|p2|Basculegion, L50, M|
|teampreview|4
|showteam|p1|Sceptile||Sceptilite|Overgrow|LeafStorm,DragonPulse,EarthPower,Detect|Modest||M|||50|]Rotom-Wash||ChoiceScarf|Levitate|Discharge,VoltSwitch,HydroPump,Electroweb|Timid|||||50|]Incineroar||ChopleBerry|Intimidate|FlareBlitz,ThroatChop,PartingShot,FakeOut|Adamant||F|||50|]Sneasler||WhiteHerb|Unburden|DireClaw,CloseCombat,FakeOut,Protect|Adamant||F|||50|]Whimsicott||FocusSash|Prankster|Moonblast,Tailwind,Encore,Protect|Timid||F|||50|]Gholdengo||LifeOrb|GoodasGold|MakeItRain,ShadowBall,NastyPlot,Protect|Modest|||||50|
|showteam|p2|Gengar||Gengarite|CursedBody|ShadowBall,PerishSong,Disable,Protect|Timid||F|||50|]Incineroar||PasshoBerry|Intimidate|ThroatChop,PartingShot,FakeOut,Protect|Careful||F|||50|]Politoed||SitrusBerry|Drizzle|WeatherBall,PerishSong,Encore,Protect|Calm||F|||50|]Archaludon||Leftovers|Stamina|DragonPulse,ElectroShot,FlashCannon,Protect|Calm||F|||50|]Sinistcha||KasibBerry|Hospitality|MatchaGotcha,RagePowder,LifeDew,Protect|Bold|||||50|]Basculegion||ChoiceScarf|Adaptability|WaveCrash,LastRespects,FlipTurn,AquaJet|Jolly||M|||50|
|inactive|Battle timer is ON: inactive players will automatically lose when time's up. (requested by captaingarchomp92)
|
|t:|1782750521
|teamsize|p1|4
|teamsize|p2|4
|start
|switch|p1a: Rotom|Rotom-Wash, L50|100/100
|switch|p1b: Sceptile|Sceptile, L50, M, shiny|100/100
|switch|p2a: Gengar|Gengar, L50, F|100/100
|switch|p2b: Sinistcha|Sinistcha, L50|100/100
|turn|1
|
|t:|1782750544
|detailschange|p1b: Sceptile|Sceptile-Mega, L50, M, shiny
|-mega|p1b: Sceptile|Sceptile|Sceptilite
|detailschange|p2a: Gengar|Gengar-Mega, L50, F
|-mega|p2a: Gengar|Gengar|Gengarite
|move|p2a: Gengar|Protect|p2a: Gengar
|-singleturn|p2a: Gengar|Protect
|move|p1a: Rotom|Discharge|p2a: Gengar|[spread] p2b
|-activate|p2a: Gengar|move: Protect
|-ability|p1b: Sceptile|Lightning Rod|boost
|-boost|p1b: Sceptile|spa|1
|-resisted|p2b: Sinistcha|1
|-damage|p2b: Sinistcha|84/100
|move|p1b: Sceptile|Earth Power|p2a: Gengar
|-activate|p2a: Gengar|move: Protect
|move|p2b: Sinistcha|Matcha Gotcha|p1b: Sceptile|[spread] p1a,p1b
|-supereffective|p1a: Rotom|1
|-resisted|p1b: Sceptile|2
|-damage|p1a: Rotom|33/100
|-heal|p2b: Sinistcha|100/100|[from] drain|[of] p1a: Rotom
|-damage|p1b: Sceptile|91/100
|
|upkeep
|turn|2
|
|t:|1782750553
|switch|p2a: Politoed|Politoed, L50, F|100/100
|-weather|RainDance|[from] ability: Drizzle|[of] p2a: Politoed
|move|p1a: Rotom|Discharge|p2a: Politoed|[spread] p2a,p2b
|-ability|p1b: Sceptile|Lightning Rod|boost
|-boost|p1b: Sceptile|spa|1
|-supereffective|p2a: Politoed|1
|-resisted|p2b: Sinistcha|1
|-damage|p2a: Politoed|57/100
|-damage|p2b: Sinistcha|86/100
|move|p1b: Sceptile|Dragon Pulse|p2b: Sinistcha
|-damage|p2b: Sinistcha|0 fnt
|faint|p2b: Sinistcha
|
|-weather|RainDance|[upkeep]
|upkeep
|
|t:|1782750561
|switch|p2b: Incineroar|Incineroar, L50, F|100/100
|-ability|p2b: Incineroar|Intimidate|boost
|-unboost|p1a: Rotom|atk|1
|-unboost|p1b: Sceptile|atk|1
|turn|3
|
|t:|1782750575
|switch|p1a: Whimsicott|Whimsicott, L50, F|100/100
|move|p2b: Incineroar|Fake Out|p1b: Sceptile
|-damage|p1b: Sceptile|74/100
|cant|p1b: Sceptile|flinch
|move|p2a: Politoed|Perish Song|p2a: Politoed
|-start|p1a: Whimsicott|perish3|[silent]
|-start|p1b: Sceptile|perish3|[silent]
|-start|p2a: Politoed|perish3|[silent]
|-start|p2b: Incineroar|perish3|[silent]
|-fieldactivate|move: Perish Song
|
|-weather|RainDance|[upkeep]
|-start|p1b: Sceptile|perish3
|-start|p1a: Whimsicott|perish3
|-start|p2a: Politoed|perish3
|-start|p2b: Incineroar|perish3
|upkeep
|turn|4
|
|t:|1782750586
|switch|p1a: Rotom|Rotom-Wash, L50|33/100
|move|p2a: Politoed|Protect|p2a: Politoed
|-singleturn|p2a: Politoed|Protect
|move|p1b: Sceptile|Earth Power|p2b: Incineroar
|-supereffective|p2b: Incineroar|1
|-damage|p2b: Incineroar|0 fnt
|faint|p2b: Incineroar
|
|-weather|RainDance|[upkeep]
|-start|p1b: Sceptile|perish2
|-start|p2a: Politoed|perish2
|upkeep
|
|t:|1782750594
|switch|p2b: Gengar|Gengar-Mega, L50, F|100/100
|turn|5
|
|t:|1782750606
|move|p2b: Gengar|Protect|p2b: Gengar
|-singleturn|p2b: Gengar|Protect
|move|p1a: Rotom|Electroweb|p2a: Politoed|[spread] p2a
|-activate|p2b: Gengar|move: Protect
|-supereffective|p2a: Politoed|1
|-damage|p2a: Politoed|26/100
|-unboost|p2a: Politoed|spe|1
|-enditem|p2a: Politoed|Sitrus Berry|[eat]
|-heal|p2a: Politoed|51/100|[from] item: Sitrus Berry
|move|p1b: Sceptile|Dragon Pulse|p2a: Politoed
|-damage|p2a: Politoed|0 fnt
|faint|p2a: Politoed
|
|-weather|RainDance|[upkeep]
|-start|p1b: Sceptile|perish1
|upkeep
|turn|6
|
|t:|1782750617
|move|p2b: Gengar|Protect||[still]
|-fail|p2b: Gengar
|move|p1a: Rotom|Electroweb|p2b: Gengar
|-damage|p2b: Gengar|69/100
|-unboost|p2b: Gengar|spe|1
|move|p1b: Sceptile|Earth Power|p2b: Gengar
|-supereffective|p2b: Gengar|1
|-damage|p2b: Gengar|0 fnt
|faint|p2b: Gengar
|
|win|oscraft89
