|j|☆so atey
|j|☆is_katabo
|html|so ateyis_katabo    
|uhtml|bestof|Game 2 of a best-of-3
|t:|1785795426
|gametype|doubles
|player|p1|so atey|cynthia|1302
|player|p2|is_katabo|youngster-gen4dp|1256
|gen|9
|tier|[Gen 9 Champions] VGC 2026 Reg M-B (Bo3)
|rated|
|rule|Species Clause: Limit one of each Pokémon
|rule|Item Clause: Limit 1 of each item
|clearpoke
|poke|p1|Raichu, L50, F|
|poke|p1|Farigiraf, L50, M|
|poke|p1|Staraptor, L50, F|
|poke|p1|Sylveon, L50, F|
|poke|p1|Arcanine-Hisui, L50, F|
|poke|p1|Kingambit, L50, M|
|poke|p2|Clefable, L50, M|
|poke|p2|Delphox, L50, M|
|poke|p2|Staraptor, L50, M|
|poke|p2|Weavile, L50, M|
|poke|p2|Garchomp, L50, F|
|poke|p2|Milotic, L50, F|
|teampreview|4
|showteam|p1|Raichu||RaichuniteY|LightningRod|ZapCannon,FocusBlast,Protect,FakeOut|Timid||F|||50|]Farigiraf||SitrusBerry|ArmorTail|Protect,Psychic,TrickRoom,HelpingHand|Bold||M|||50|]Staraptor||Staraptite|Intimidate|CloseCombat,BraveBird,Protect,Tailwind|Jolly||F|||50|]Sylveon||FairyFeather|Pixilate|HyperBeam,HyperVoice,QuickAttack,Protect|Modest||F|||50|]Arcanine-Hisui||FocusSash|RockHead|FlareBlitz,ExtremeSpeed,HeadSmash,Protect|Jolly||F|||50|]Kingambit||LifeOrb|Defiant|SuckerPunch,KowtowCleave,SwordsDance,Protect|Adamant||M|||50|
|showteam|p2|Clefable||SitrusBerry|Unaware|Moonblast,FollowMe,HelpingHand,Protect|Bold||M|||50|]Delphox||Delphoxite|Blaze|HeatWave,Psyshock,NastyPlot,Protect|Modest||M|||50|]Staraptor||Staraptite|Intimidate|BraveBird,CloseCombat,Roost,Protect|Jolly||M|||50|]Weavile||FocusSash|Pickpocket|FakeOut,TripleAxel,ThroatChop,LowKick|Jolly||M|||50|]Garchomp||ChoiceScarf|RoughSkin|DragonClaw,Earthquake,StompingTantrum,RockSlide|Adamant||F|||50|]Milotic||Leftovers|Competitive|MuddyWater,Coil,Hypnosis,Recover|Calm||F|||50|
|
|t:|1785795448
|teamsize|p1|4
|teamsize|p2|4
|start
|switch|p1a: Raichu|Raichu, L50, F|100/100
|switch|p1b: Arcanine|Arcanine-Hisui, L50, F|100/100
|switch|p2a: Weavile|Weavile, L50, M|100/100
|switch|p2b: Delphox|Delphox, L50, M|100/100
|turn|1
|
|t:|1785795474
|detailschange|p1a: Raichu|Raichu-Mega-Y, L50, F
|-mega|p1a: Raichu|Raichu|Raichunite Y
|detailschange|p2b: Delphox|Delphox-Mega, L50, M
|-mega|p2b: Delphox|Delphox|Delphoxite
|move|p2a: Weavile|Fake Out|p1b: Arcanine
|-resisted|p1b: Arcanine|1
|-damage|p1b: Arcanine|91/100
|move|p1a: Raichu|Fake Out|p2a: Weavile
|-damage|p2a: Weavile|83/100
|move|p2b: Delphox|Psyshock|p1a: Raichu
|-damage|p1a: Raichu|36/100
|cant|p1b: Arcanine|flinch
|
|upkeep
|turn|2
|inactive|Battle timer is ON: inactive players will automatically lose when time's up. (requested by so atey)
|
|t:|1785795491
|switch|p1a: Farigiraf|Farigiraf, L50, M|100/100
|switch|p2b: Milotic|Milotic, L50, F|100/100
|move|p2a: Weavile|Throat Chop|p1a: Farigiraf
|-supereffective|p1a: Farigiraf|1
|-damage|p1a: Farigiraf|33/100
|-start|p1a: Farigiraf|Throat Chop|[silent]
|-enditem|p1a: Farigiraf|Sitrus Berry|[eat]
|-heal|p1a: Farigiraf|58/100|[from] item: Sitrus Berry
|move|p1b: Arcanine|Head Smash|p2b: Milotic
|-damage|p2b: Milotic|32/100
|
|-heal|p2b: Milotic|38/100|[from] item: Leftovers
|upkeep
|turn|3
|
|t:|1785795514
|move|p1a: Farigiraf|Protect|p1a: Farigiraf
|-singleturn|p1a: Farigiraf|Protect
|move|p2a: Weavile|Low Kick|p1b: Arcanine
|-supereffective|p1b: Arcanine|1
|-damage|p1b: Arcanine|4/100
|move|p1b: Arcanine|Head Smash|p2a: Weavile
|-supereffective|p2a: Weavile|1
|-damage|p2a: Weavile|0 fnt
|faint|p2a: Weavile
|move|p2b: Milotic|Muddy Water|p1b: Arcanine|[spread] p1b
|-activate|p1a: Farigiraf|move: Protect
|-supereffective|p1b: Arcanine|2
|-damage|p1b: Arcanine|0 fnt
|faint|p1b: Arcanine
|
|-heal|p2b: Milotic|44/100|[from] item: Leftovers
|-end|p1a: Farigiraf|Throat Chop|[silent]
|upkeep
|
|t:|1785795529
|switch|p2a: Clefable|Clefable, L50, M|100/100
|switch|p1b: Raichu|Raichu-Mega-Y, L50, F|36/100
|turn|4
|
|t:|1785795540
|move|p2a: Clefable|Follow Me|p2a: Clefable
|-singleturn|p2a: Clefable|move: Follow Me
|move|p1b: Raichu|Zap Cannon|p2a: Clefable
|-damage|p2a: Clefable|46/100
|-status|p2a: Clefable|par
|-enditem|p2a: Clefable|Sitrus Berry|[eat]
|-heal|p2a: Clefable|71/100 par|[from] item: Sitrus Berry
|move|p2b: Milotic|Muddy Water|p1b: Raichu|[spread] p1a,p1b
|-damage|p1a: Farigiraf|36/100
|-damage|p1b: Raichu|3/100
|move|p1a: Farigiraf|Trick Room|p1a: Farigiraf
|-fieldstart|move: Trick Room|[of] p1a: Farigiraf
|
|-heal|p2b: Milotic|50/100g|[from] item: Leftovers
|upkeep
|turn|5
|
|t:|1785795563
|move|p1a: Farigiraf|Helping Hand|p1b: Raichu
|-singleturn|p1b: Raichu|Helping Hand|[of] p1a: Farigiraf
|move|p2a: Clefable|Moonblast|p1b: Raichu
|-damage|p1b: Raichu|0 fnt
|faint|p1b: Raichu
|move|p2b: Milotic|Muddy Water|p1a: Farigiraf
|-damage|p1a: Farigiraf|10/100
|
|-heal|p2b: Milotic|56/100|[from] item: Leftovers
|upkeep
|
|t:|1785795568
|switch|p1b: Sylveon|Sylveon, L50, F|100/100
|turn|6
|
|t:|1785795579
|move|p1a: Farigiraf|Helping Hand|p1b: Sylveon
|-singleturn|p1b: Sylveon|Helping Hand|[of] p1a: Farigiraf
|move|p2a: Clefable|Moonblast|p1a: Farigiraf
|-damage|p1a: Farigiraf|0 fnt
|faint|p1a: Farigiraf
|move|p1b: Sylveon|Hyper Voice|p2a: Clefable|[spread] p2a,p2b
|-damage|p2a: Clefable|4/100 par
|-damage|p2b: Milotic|11/100
|move|p2b: Milotic|Muddy Water|p1b: Sylveon
|-damage|p1b: Sylveon|72/100
|-unboost|p1b: Sylveon|accuracy|1
|
|-heal|p2b: Milotic|17/100|[from] item: Leftovers
|upkeep
|turn|7
|
|t:|1785795592
|move|p2a: Clefable|Moonblast|p1b: Sylveon
|-damage|p1b: Sylveon|46/100
|move|p1b: Sylveon|Hyper Voice|p2b: Milotic|[spread] p2a,p2b
|-damage|p2a: Clefable|0 fnt
|-damage|p2b: Milotic|0 fnt
|faint|p2a: Clefable
|faint|p2b: Milotic
|
|upkeep
|
|t:|1785795599
|switch|p2a: Delphox|Delphox-Mega, L50, M|100/100
|turn|8
|
|t:|1785795604
|move|p1b: Sylveon|Hyper Voice|p2a: Delphox
|-resisted|p2a: Delphox|1
|-damage|p2a: Delphox|70/100
|move|p2a: Delphox|Psyshock|p1b: Sylveon
|-damage|p1b: Sylveon|0 fnt
|faint|p1b: Sylveon
|
|win|is_katabo
||is_katabo is ready for game 3.
||so atey is ready for game 3.
|uhtml|next|Next: Game 3 of 3
|l|☆so atey
|player|p1|
