|j|☆colemarcusvgc
|j|‽Uuuuufgfffs
|html|colemarcusvgcUuuuufgfffs    
|uhtml|bestof|Game 1 of a best-of-3
|t:|1756870097
|gametype|doubles
|player|p1|colemarcusvgc|n|1134
|player|p2|Uuuuufgfffs|102|1051
|gen|9
|tier|[Gen 9] VGC 2025 Reg H (Bo3)
|rated|
|rule|Species Clause: Limit one of each Pokémon
|rule|Item Clause: Limit 1 of each item
|clearpoke
|poke|p1|Indeedee-F, L50, F|
|poke|p1|Hatterene, L50, F|
|poke|p1|Gallade, L50, M|
|poke|p1|Ursaluna, L50, M|
|poke|p1|Lilligant-Hisui, L50, F|
|poke|p1|Torkoal, L50, M|
|poke|p2|Incineroar, L50, F|
|poke|p2|Amoonguss, L50, F|
|poke|p2|Whimsicott, L50, F|
|poke|p2|Ursaluna-Bloodmoon, L50, M|
|poke|p2|Kingambit, L50, M|
|poke|p2|Sneasler, L50, F|
|teampreview|4
|showteam|p1|Indeedee-F||PsychicSeed|PsychicSurge|TrickRoom,FollowMe,HelpingHand,DazzlingGleam|||F|||50|,,,,,Fire]Hatterene||LifeOrb|MagicBounce|ExpandingForce,TrickRoom,DazzlingGleam,Protect|||F|||50|,,,,,Psychic]Gallade||ClearAmulet|Sharpness|PsychoCut,TrickRoom,SacredSword,WideGuard|||M|||50|,,,,,Grass]Ursaluna||FlameOrb|Guts|HeadlongRush,Facade,SwordsDance,Protect|||M|||50|,,,,,Ghost]Lilligant-Hisui||FocusSash|Chlorophyll|SolarBlade,SleepPowder,CloseCombat,AfterYou|||F|||50|,,,,,Ghost]Torkoal||ChoiceSpecs|Drought|Eruption,HeatWave,WeatherBall,EarthPower|||M|||50|,,,,,Fire
|showteam|p2|Incineroar||SitrusBerry|Intimidate|FakeOut,KnockOff,Snarl,PartingShot|||F|||50|,,,,,Grass]Amoonguss||RockyHelmet|Regenerator|Spore,RagePowder,SludgeBomb,Protect|||F|||50|,,,,,Water]Whimsicott||CovertCloak|Prankster|Tailwind,LightScreen,Taunt,Moonblast|||F|||50|,,,,,Dark]Ursaluna-Bloodmoon||LifeOrb|MindsEye|BloodMoon,HyperVoice,EarthPower,Protect|||M|||50|,,,,,Normal]Kingambit||BlackGlasses|Defiant|KowtowCleave,SuckerPunch,SwordsDance,Protect|||M|||50|,,,,,Dark]Sneasler||FocusSash|PoisonTouch|FakeOut,DireClaw,CloseCombat,Protect|||F|||50|,,,,,Stellar
|inactive|Battle timer is ON: inactive players will automatically lose when time's up. (requested by Uuuuufgfffs)
|inactive|Uuuuufgfffs has 60 seconds left.
|
|t:|1756870137
|teamsize|p1|4
|teamsize|p2|4
|start
|switch|p1a: Indeedee|Indeedee-F, L50, F|100/100
|switch|p1b: Gallade|Gallade, L50, M, shiny|100/100
|switch|p2a: Amoonguss|Amoonguss, L50, F, shiny|100/100
|switch|p2b: Incineroar|Incineroar, L50, F|100/100
|-ability|p2b: Incineroar|Intimidate|boost
|-unboost|p1a: Indeedee|atk|1
|-fail|p1b: Gallade|unboost|[from] item: Clear Amulet|[of] p1b: Gallade
|-fieldstart|move: Psychic Terrain|[from] ability: Psychic Surge|[of] p1a: Indeedee
|-enditem|p1a: Indeedee|Psychic Seed
|-boost|p1a: Indeedee|spd|1|[from] item: Psychic Seed
|turn|1
|inactive|Uuuuufgfffs has 30 seconds left.
|
|t:|1756870164
|switch|p1a: Lilligant|Lilligant-Hisui, L50, F|100/100
|-terastallize|p1b: Gallade|Grass
|-terastallize|p2a: Amoonguss|Water
|move|p2b: Incineroar|Parting Shot|p1b: Gallade
|-fail|p1b: Gallade|unboost|[from] item: Clear Amulet|[of] p1b: Gallade
|move|p2a: Amoonguss|Spore|p1b: Gallade
|-immune|p1b: Gallade
|move|p1b: Gallade|Trick Room|p1b: Gallade
|-fieldstart|move: Trick Room|[of] p1b: Gallade
|
|upkeep
|turn|2
|inactive|colemarcusvgc has 30 seconds left.
|inactive|Uuuuufgfffs has 30 seconds left.
|
|t:|1756870190
|switch|p1a: Indeedee|Indeedee-F, L50, F|100/100
|move|p2a: Amoonguss|Spore|p1a: Indeedee
|-status|p1a: Indeedee|slp|[from] move: Spore
|move|p1b: Gallade|Sacred Sword|p2b: Incineroar
|-supereffective|p2b: Incineroar
|-damage|p2b: Incineroar|0 fnt
|faint|p2b: Incineroar
|
|upkeep
|
|t:|1756870198
|switch|p2b: Ursaluna|Ursaluna-Bloodmoon, L50, M|100/100
|turn|3
|
|t:|1756870216
|move|p2b: Ursaluna|Protect|p2b: Ursaluna
|-singleturn|p2b: Ursaluna|Protect
|cant|p1a: Indeedee|slp
|move|p2a: Amoonguss|Sludge Bomb|p1b: Gallade
|-supereffective|p1b: Gallade
|-damage|p1b: Gallade|43/100
|move|p1b: Gallade|Psycho Cut|p2a: Amoonguss
|-damage|p2a: Amoonguss|26/100
|
|upkeep
|turn|4
|
|t:|1756870235
|switch|p1b: Torkoal|Torkoal, L50, M|100/100
|-weather|SunnyDay|[from] ability: Drought|[of] p1b: Torkoal
|cant|p1a: Indeedee|slp
|move|p2a: Amoonguss|Sludge Bomb|p1b: Torkoal
|-damage|p1b: Torkoal|64/100
|move|p2b: Ursaluna|Blood Moon|p1b: Torkoal
|-damage|p1b: Torkoal|0 fnt
|faint|p1b: Torkoal
|-damage|p2b: Ursaluna|91/100|[from] item: Life Orb
|
|-weather|SunnyDay|[upkeep]
|upkeep
|
|t:|1756870252
|switch|p1b: Gallade|Gallade, L50, M, shiny, tera:Grass|43/100
|turn|5
|
|t:|1756870260
|switch|p2a: Whimsicott|Whimsicott, L50, F|100/100
|cant|p1a: Indeedee|slp
|move|p2b: Ursaluna|Hyper Voice|p1a: Indeedee|[spread] p1a,p1b
|-damage|p1a: Indeedee|47/100 slp
|-damage|p1b: Gallade|0 fnt
|faint|p1b: Gallade
|-damage|p2b: Ursaluna|81/100|[from] item: Life Orb
|
|-weather|SunnyDay|[upkeep]
|-fieldend|move: Trick Room
|-fieldend|move: Psychic Terrain
|upkeep
|
|t:|1756870270
|switch|p1b: Lilligant|Lilligant-Hisui, L50, F|100/100
|turn|6
|
|t:|1756870281
|move|p2b: Ursaluna|Protect|p2b: Ursaluna
|-singleturn|p2b: Ursaluna|Protect
|-curestatus|p1a: Indeedee|slp|[msg]
|move|p1a: Indeedee|Follow Me|p1a: Indeedee
|-singleturn|p1a: Indeedee|move: Follow Me
|move|p2a: Whimsicott|Taunt|p1a: Indeedee
|-start|p1a: Indeedee|move: Taunt
|move|p1b: Lilligant|Solar Blade||[still]
|-prepare|p1b: Lilligant|Solar Blade
|-anim|p1b: Lilligant|Solar Blade|p2a: Whimsicott
|-resisted|p2a: Whimsicott
|-damage|p2a: Whimsicott|62/100
|
|-weather|SunnyDay|[upkeep]
|upkeep
|turn|7
|
|t:|1756870301
|switch|p2b: Amoonguss|Amoonguss, L50, F, shiny, tera:Water|59/100
|move|p1b: Lilligant|Close Combat|p2b: Amoonguss
|-damage|p2b: Amoonguss|7/100
|-unboost|p1b: Lilligant|def|1
|-unboost|p1b: Lilligant|spd|1
|-damage|p1b: Lilligant|84/100|[from] item: Rocky Helmet|[of] p2b: Amoonguss
|move|p2a: Whimsicott|Moonblast|p1b: Lilligant
|-supereffective|p1b: Lilligant
|-damage|p1b: Lilligant|0 fnt
|faint|p1b: Lilligant
|move|p1a: Indeedee|Dazzling Gleam|p2b: Amoonguss|[spread] p2a,p2b
|-damage|p2a: Whimsicott|44/100
|-damage|p2b: Amoonguss|0 fnt
|faint|p2b: Amoonguss
|
|-weather|SunnyDay|[upkeep]
|upkeep
|
|t:|1756870315
|switch|p2b: Ursaluna|Ursaluna-Bloodmoon, L50, M|81/100
|turn|8
|
|t:|1756870319
|move|p2a: Whimsicott|Light Screen|p2a: Whimsicott
|-sidestart|p2: Uuuuufgfffs|move: Light Screen
|move|p2b: Ursaluna|Blood Moon|p1a: Indeedee
|-damage|p1a: Indeedee|0 fnt
|faint|p1a: Indeedee
|-damage|p2b: Ursaluna|72/100|[from] item: Life Orb
|
|win|Uuuuufgfffs
|l|‽Uuuuufgfffs
|player|p2|
||Uuuuufgfffs is ready for game 2.
||colemarcusvgc is ready for game 2.
|uhtml|next|Next: Game 2 of 3
