|j|☆ilkrosirjs
|j|☆electro94
|html|ilkrosirjselectro94    
|uhtml|bestof|Game 2 of a best-of-3
|t:|1783355043
|gametype|doubles
|player|p1|ilkrosirjs|lady|
|player|p2|electro94|benga|
|gen|9
|tier|[Gen 9 Champions] VGC 2026 Reg M-B (Bo3)
|rule|Species Clause: Limit one of each Pokémon
|rule|Item Clause: Limit 1 of each item
|clearpoke
|poke|p1|Floette-Eternal, L50, F|
|poke|p1|Blaziken, L50, M|
|poke|p1|Whimsicott, L50, F|
|poke|p1|Basculegion, L50, M|
|poke|p1|Farigiraf, L50, F|
|poke|p1|Hydreigon, L50, F|
|poke|p2|Crabominable, L50, M, shiny|
|poke|p2|Slowking-Galar, L50, M|
|poke|p2|Archaludon, L50, M, shiny|
|poke|p2|Mimikyu, L50, F|
|poke|p2|Tsareena, L50, F, shiny|
|poke|p2|Incineroar, L50, F, shiny|
|teampreview|4
|showteam|p1|Floette-Eternal||Floettite|FlowerVeil|LightofRuin,Moonblast,DazzlingGleam,Protect|Timid||F|||50|]Blaziken||Blazikenite|SpeedBoost|FlareBlitz,CloseCombat,RockSlide,Protect|Adamant||M|||50|]Whimsicott||FocusSash|Prankster|Moonblast,Tailwind,Encore,Protect|Timid||F|||50|]Basculegion||LifeOrb|Adaptability|WaveCrash,LastRespects,AquaJet,Protect|Jolly||M|||50|]Farigiraf||SitrusBerry|ArmorTail|TwinBeam,HyperVoice,HelpingHand,Roar|Modest||F|||50|]Hydreigon||ChoiceScarf|Levitate|DarkPulse,DracoMeteor,EarthPower,Snarl|Timid||F|||50|
|showteam|p2|Crabominable||Crabominite|HyperCutter|IceHammer,CloseCombat,ThunderPunch,Protect|Brave||M|||50|]Slowking-Galar||ColburBerry|Regenerator|Psychic,TrickRoom,ChillyReception,Protect|Relaxed||M|||50|]Archaludon||ExpertBelt|Stamina|ElectroShot,DracoMeteor,DragonPulse,Protect|Sassy||M|||50|]Mimikyu||LifeOrb|Disguise|Protect,PlayRough,ShadowSneak,TrickRoom|Brave||F|||50|]Tsareena||WideLens|QueenlyMajesty|TripleAxel,PowerWhip,Uturn,Protect|Brave||F|||50|]Incineroar||SitrusBerry|Intimidate|FakeOut,DarkestLariat,Protect,FlareBlitz|Relaxed||F|||50|
|c|☆ilkrosirjs|gl
|
|t:|1783355084
|teamsize|p1|4
|teamsize|p2|4
|start
|switch|p1a: Blaziken|Blaziken, L50, M|100/100
|switch|p1b: Farigiraf|Farigiraf, L50, F|100/100
|switch|p2a: Incineroar|Incineroar, L50, F, shiny|100/100
|switch|p2b: Tsareena|Tsareena, L50, F, shiny|100/100
|-ability|p2a: Incineroar|Intimidate|boost
|-unboost|p1a: Blaziken|atk|1
|-unboost|p1b: Farigiraf|atk|1
|turn|1
|c|☆electro94|GL
|
|t:|1783355127
|detailschange|p1a: Blaziken|Blaziken-Mega, L50, M
|-mega|p1a: Blaziken|Blaziken|Blazikenite
|move|p1b: Farigiraf|Helping Hand|p1a: Blaziken
|-singleturn|p1a: Blaziken|Helping Hand|[of] p1b: Farigiraf
|move|p2b: Tsareena|Protect|p2b: Tsareena
|-singleturn|p2b: Tsareena|Protect
|move|p1a: Blaziken|Close Combat|p2a: Incineroar
|-supereffective|p2a: Incineroar|1
|-damage|p2a: Incineroar|0 fnt
|-unboost|p1a: Blaziken|def|1
|-unboost|p1a: Blaziken|spd|1
|faint|p2a: Incineroar
|
|-ability|p1a: Blaziken|Speed Boost|boost
|-boost|p1a: Blaziken|spe|1
|upkeep
|
|t:|1783355143
|switch|p2a: Mimikyu|Mimikyu, L50, F|100/100
|turn|2
|
|t:|1783355160
|move|p2b: Tsareena|Protect||[still]
|-fail|p2b: Tsareena
|move|p1a: Blaziken|Flare Blitz|p2b: Tsareena
|-supereffective|p2b: Tsareena|1
|-damage|p2b: Tsareena|2/100
|-damage|p1a: Blaziken|69/100|[from] Recoil
|move|p1b: Farigiraf|Roar|p2a: Mimikyu
|drag|p2a: Yeti|Crabominable, L50, M, shiny|100/100
|
|-ability|p1a: Blaziken|Speed Boost|boost
|-boost|p1a: Blaziken|spe|1
|upkeep
|turn|3
|
|t:|1783355190
|detailschange|p2a: Yeti|Crabominable-Mega, L50, M, shiny
|-mega|p2a: Yeti|Crabominable|Crabominite
|move|p2a: Yeti|Protect|p2a: Yeti
|-singleturn|p2a: Yeti|Protect
|move|p1a: Blaziken|Flare Blitz|p2b: Tsareena
|-supereffective|p2b: Tsareena|1
|-damage|p2b: Tsareena|0 fnt
|faint|p2b: Tsareena
|-damage|p1a: Blaziken|68/100|[from] Recoil
|move|p1b: Farigiraf|Twin Beam|p2a: Yeti
|-activate|p2a: Yeti|move: Protect
|
|-ability|p1a: Blaziken|Speed Boost|boost
|-boost|p1a: Blaziken|spe|1
|upkeep
|c|☆electro94|Holy shit
|c|☆electro94|I'm cooked
|
|t:|1783355205
|switch|p2b: Mimikyu|Mimikyu, L50, F|100/100
|turn|4
|
|t:|1783355232
|move|p1b: Farigiraf|Helping Hand|p1a: Blaziken
|-singleturn|p1a: Blaziken|Helping Hand|[of] p1b: Farigiraf
|move|p2b: Mimikyu|Shadow Sneak||[still]
|cant|p1b: Farigiraf|ability: Armor Tail|Shadow Sneak|[of] p2b: Mimikyu
|move|p1a: Blaziken|Close Combat|p2a: Yeti
|-supereffective|p2a: Yeti|1
|-damage|p2a: Yeti|0 fnt
|-unboost|p1a: Blaziken|def|1
|-unboost|p1a: Blaziken|spd|1
|faint|p2a: Yeti
|
|-ability|p1a: Blaziken|Speed Boost|boost
|-boost|p1a: Blaziken|spe|1
|upkeep
|turn|5
|
|t:|1783355252
|move|p1a: Blaziken|Rock Slide|p2b: Mimikyu
|-activate|p2b: Mimikyu|ability: Disguise
|-damage|p2b: Mimikyu|100/100
|detailschange|p2b: Mimikyu|Mimikyu-Busted, L50, F
|-damage|p2b: Mimikyu|87/100|[from] pokemon: Mimikyu-Busted
|move|p2b: Mimikyu|Play Rough|p2: Yeti|[notarget]
|-fail|p2b: Mimikyu
|move|p1b: Farigiraf|Twin Beam|p2b: Mimikyu
|-damage|p2b: Mimikyu|63/100
|-damage|p2b: Mimikyu|38/100
|-hitcount|p2b: Mimikyu|2
|
|-ability|p1a: Blaziken|Speed Boost|boost
|-boost|p1a: Blaziken|spe|1
|upkeep
|turn|6
|c|☆ilkrosirjs|gg
|
|t:|1783355274
|move|p2b: Mimikyu|Shadow Sneak||[still]
|cant|p1b: Farigiraf|ability: Armor Tail|Shadow Sneak|[of] p2b: Mimikyu
|move|p1a: Blaziken|Flare Blitz|p2b: Mimikyu
|-damage|p2b: Mimikyu|0 fnt
|faint|p2b: Mimikyu
|-damage|p1a: Blaziken|57/100|[from] Recoil
|
|win|ilkrosirjs
|c|☆ilkrosirjs|i think we both gave eachother a second chance
