|j|☆ShabazXVGC
|j|☆new mental
|html|ShabazXVGCnew mental    
|uhtml|bestof|Game 1 of a best-of-3
|t:|1784641010
|gametype|doubles
|player|p1|ShabazXVGC|alder|1195
|player|p2|new mental|volkner|1196
|gen|9
|tier|[Gen 9 Champions] VGC 2026 Reg M-B (Bo3)
|rated|
|rule|Species Clause: Limit one of each Pokémon
|rule|Item Clause: Limit 1 of each item
|clearpoke
|poke|p1|Archaludon, L50, M, shiny|
|poke|p1|Primarina, L50, F|
|poke|p1|Sableye, L50, M|
|poke|p1|Dragonite, L50, F|
|poke|p1|Delphox, L50, F, shiny|
|poke|p1|Maushold, L50|
|poke|p2|Aerodactyl, L50, M|
|poke|p2|Garchomp, L50, F|
|poke|p2|Kingambit, L50, M|
|poke|p2|Charizard, L50, F|
|poke|p2|Sylveon, L50, M|
|poke|p2|Farigiraf, L50, F|
|teampreview|4
|showteam|p1|Archaludon||SitrusBerry|Stamina|Snarl,ElectroShot,DragonPulse,Protect|Modest||M|||50|]Primarina||MysticWater|LiquidVoice|AquaJet,HyperVoice,Moonblast,Protect|Modest||F|||50|]Sableye||RoseliBerry|Prankster|RainDance,ThunderWave,FoulPlay,Reflect|Bold||M|||50|]Dragonite||Dragoninite|InnerFocus|Protect,Hurricane,DracoMeteor,Tailwind|Modest||F|||50|]Delphox||Delphoxite|Blaze|HeatWave,Psyshock,NastyPlot,Protect|Timid||F|||50|]Maushold||ChopleBerry|FriendGuard|SuperFang,FollowMe,Feint,Protect|Calm|||||50|
|showteam|p2|Aerodactyl||Aerodactylite|Unnerve|IceFang,RockSlide,Tailwind,DualWingbeat|Jolly||M|||50|]Garchomp||LifeOrb|RoughSkin|DragonClaw,RockSlide,Earthquake,Protect|Jolly||F|||50|]Kingambit||FocusSash|Defiant|SuckerPunch,KowtowCleave,IronHead,LowKick|Adamant||M|||50|]Charizard||CharizarditeY|SolarPower|Protect,WeatherBall,HeatWave,SolarBeam|Modest||F|||50|]Sylveon||FairyFeather|Pixilate|Protect,HyperVoice,HyperBeam,QuickAttack|Modest||M|||50|]Farigiraf||SitrusBerry|ArmorTail|TrickRoom,Thunderbolt,Roar,Psychic|Bold||F|||50|
|
|t:|1784641073
|teamsize|p1|4
|teamsize|p2|4
|start
|switch|p1a: Nakama|Maushold, L50|100/100
|switch|p1b: Joker|Sableye, L50, M|100/100
|switch|p2a: Sylveon|Sylveon, L50, M|100/100
|switch|p2b: Farigiraf|Farigiraf, L50, F|100/100
|turn|1
|
|t:|1784641091
|move|p1b: Joker|Rain Dance|p1b: Joker
|-weather|RainDance
|move|p1a: Nakama|Super Fang|p2a: Sylveon|[miss]
|-miss|p1a: Nakama|p2a: Sylveon
|move|p2a: Sylveon|Hyper Voice|p1b: Joker|[spread] p1a,p1b
|-supereffective|p1b: Joker|1
|-enditem|p1b: Joker|Roseli Berry|[eat]
|-enditem|p1b: Joker|Roseli Berry|[weaken]
|-damage|p1a: Nakama|58/100
|-damage|p1b: Joker|57/100
|move|p2b: Farigiraf|Trick Room|p2b: Farigiraf
|-fieldstart|move: Trick Room|[of] p2b: Farigiraf
|
|-weather|RainDance|[upkeep]
|upkeep
|turn|2
|
|t:|1784641105
|move|p1b: Joker|Foul Play|p2b: Farigiraf
|-supereffective|p2b: Farigiraf|1
|-damage|p2b: Farigiraf|60/100
|move|p2b: Farigiraf|Psychic|p1a: Nakama
|-damage|p1a: Nakama|22/100
|move|p2a: Sylveon|Hyper Voice|p1a: Nakama|[spread] p1a,p1b
|-supereffective|p1b: Joker|1
|-damage|p1a: Nakama|0 fnt
|-damage|p1b: Joker|0 fnt
|faint|p1a: Nakama
|faint|p1b: Joker
|
|-weather|RainDance|[upkeep]
|upkeep
|inactive|Battle timer is ON: inactive players will automatically lose when time's up. (requested by new mental)
|
|t:|1784641114
|switch|p1b: Foxy|Delphox, L50, F, shiny|100/100
|switch|p1a: Shirahoshi|Primarina, L50, F|100/100
|turn|3
|inactive|new mental has 30 seconds left.
|
|t:|1784641141
|detailschange|p1b: Foxy|Delphox-Mega, L50, F, shiny
|-mega|p1b: Foxy|Delphox|Delphoxite
|move|p2b: Farigiraf|Thunderbolt|p1a: Shirahoshi
|-supereffective|p1a: Shirahoshi|1
|-damage|p1a: Shirahoshi|58/100
|move|p2a: Sylveon|Hyper Voice|p1a: Shirahoshi|[spread] p1a,p1b
|-resisted|p1b: Foxy|1
|-damage|p1a: Shirahoshi|19/100
|-damage|p1b: Foxy|80/100
|move|p1a: Shirahoshi|Hyper Voice|p2b: Farigiraf|[spread] p2a,p2b
|-crit|p2b: Farigiraf
|-damage|p2a: Sylveon|50/100g
|-damage|p2b: Farigiraf|0 fnt
|faint|p2b: Farigiraf
|move|p1b: Foxy|Nasty Plot|p1b: Foxy
|-boost|p1b: Foxy|spa|2
|
|-weather|RainDance|[upkeep]
|upkeep
|
|t:|1784641158
|switch|p2b: Garchomp|Garchomp, L50, F|100/100
|turn|4
|
|t:|1784641177
|move|p1a: Shirahoshi|Protect|p1a: Shirahoshi
|-singleturn|p1a: Shirahoshi|Protect
|move|p2a: Sylveon|Hyper Voice|p1a: Shirahoshi|[spread] p1b
|-activate|p1a: Shirahoshi|move: Protect
|-resisted|p1b: Foxy|1
|-crit|p1b: Foxy
|-damage|p1b: Foxy|51/100
|move|p2b: Garchomp|Rock Slide|p1b: Foxy|[spread] p1b
|-activate|p1a: Shirahoshi|move: Protect
|-supereffective|p1b: Foxy|1
|-damage|p1b: Foxy|0 fnt
|faint|p1b: Foxy
|-damage|p2b: Garchomp|90/100|[from] item: Life Orb
|
|-weather|RainDance|[upkeep]
|upkeep
|turn|5
|-message|ShabazXVGC forfeited.
|
|win|new mental
