|j|☆tang de maracuja
|j|☆Pokecraft15
|html|tang de maracujaPokecraft15    
|uhtml|bestof|Game 1 of a best-of-3
|t:|1785348804
|gametype|doubles
|player|p1|tang de maracuja|morty|1373
|player|p2|Pokecraft15|hilbert-wonderlauncher|1307
|gen|9
|tier|[Gen 9 Champions] VGC 2026 Reg M-B (Bo3)
|rated|
|rule|Species Clause: Limit one of each Pokémon
|rule|Item Clause: Limit 1 of each item
|clearpoke
|poke|p1|Froslass, L50, F|
|poke|p1|Basculegion, L50, M|
|poke|p1|Kingambit, L50, M|
|poke|p1|Sneasler, L50, M|
|poke|p1|Lycanroc-Dusk, L50, M|
|poke|p1|Scovillain, L50, M, shiny|
|poke|p2|Froslass, L50, F, shiny|
|poke|p2|Venusaur, L50, F, shiny|
|poke|p2|Milotic, L50, F, shiny|
|poke|p2|Aerodactyl, L50, M|
|poke|p2|Incineroar, L50, M|
|poke|p2|Sneasler, L50, M|
|teampreview|4
|showteam|p1|Froslass||Froslassite|CursedBody|Blizzard,ShadowBall,AuroraVeil,Protect|Timid||F|||50|]Basculegion||SitrusBerry|Adaptability|WaveCrash,LastRespects,AquaJet,Protect|Adamant||M|||50|]Kingambit||BlackGlasses|Defiant|KowtowCleave,SuckerPunch,SwordsDance,Protect|Adamant||M|||50|]Sneasler||WhiteHerb|Unburden|CloseCombat,GunkShot,Protect,FakeOut|Adamant||M|||50|]Lycanroc-Dusk||FocusSash|ToughClaws|CloseCombat,Accelerock,RockSlide,Protect|Adamant||M|||50|]Scovillain||Scovillainite|Moody|GigaDrain,Overheat,RagePowder,Protect|Bold||M|||50|
|showteam|p2|Froslass||Froslassite|SnowCloak|Blizzard,ShadowBall,AuroraVeil,Protect|Modest||F|||50|]Venusaur||Venusaurite|Chlorophyll|GigaDrain,SludgeBomb,EarthPower,Protect|Modest||F|||50|]Milotic||MysticWater|Competitive|MuddyWater,IceBeam,Coil,Protect|Modest||F|||50|]Aerodactyl||FocusSash|Unnerve|RockSlide,DualWingbeat,Tailwind,Protect|Jolly||M|||50|]Incineroar||ChopleBerry|Intimidate|FlareBlitz,DarkestLariat,PartingShot,FakeOut|Adamant||M|||50|]Sneasler||WhiteHerb|Unburden|CloseCombat,DireClaw,FakeOut,Protect|Adamant||M|||50|
|inactive|Battle timer is ON: inactive players will automatically lose when time's up. (requested by tang de maracuja)
|c|☆Pokecraft15|glhf
|inactive|tang de maracuja has 60 seconds left.
|inactive|Pokecraft15 has 60 seconds left.
|inactive|tang de maracuja has 30 seconds left.
|
|t:|1785348871
|teamsize|p1|4
|teamsize|p2|4
|start
|switch|p1a: Froslass|Froslass, L50, F|100/100
|switch|p1b: Kingambit|Kingambit, L50, M|100/100
|switch|p2a: Aerodactyl|Aerodactyl, L50, M|100/100
|switch|p2b: Bloom|Venusaur, L50, F, shiny|100/100
|-ability|p2a: Aerodactyl|Unnerve
|turn|1
|
|t:|1785348884
|detailschange|p1a: Froslass|Froslass-Mega, L50, F
|-mega|p1a: Froslass|Froslass|Froslassite
|-weather|Snowscape|[from] ability: Snow Warning|[of] p1a: Froslass
|detailschange|p2b: Bloom|Venusaur-Mega, L50, F, shiny
|-mega|p2b: Bloom|Venusaur|Venusaurite
|move|p1b: Kingambit|Protect|p1b: Kingambit
|-singleturn|p1b: Kingambit|Protect
|move|p2a: Aerodactyl|Rock Slide|p1a: Froslass|[spread] p1a
|-activate|p1b: Kingambit|move: Protect
|-supereffective|p1a: Froslass|1
|-damage|p1a: Froslass|49/100
|cant|p1a: Froslass|flinch
|move|p2b: Bloom|Earth Power|p1b: Kingambit
|-activate|p1b: Kingambit|move: Protect
|
|-weather|Snowscape|[upkeep]
|upkeep
|turn|2
|
|t:|1785348898
|move|p2a: Aerodactyl|Rock Slide|p1b: Kingambit|[spread] p1a,p1b
|-supereffective|p1a: Froslass|1
|-resisted|p1b: Kingambit|1
|-damage|p1a: Froslass|2/100
|-damage|p1b: Kingambit|91/100
|move|p1a: Froslass|Blizzard|p2b: Bloom|[spread] p2a,p2b
|-supereffective|p2a: Aerodactyl|1
|-supereffective|p2b: Bloom|1
|-enditem|p2a: Aerodactyl|Focus Sash
|-damage|p2a: Aerodactyl|1/100
|-damage|p2b: Bloom|69/100
|move|p2b: Bloom|Earth Power|p1b: Kingambit
|-supereffective|p1b: Kingambit|1
|-damage|p1b: Kingambit|27/100
|move|p1b: Kingambit|Swords Dance|p1b: Kingambit
|-boost|p1b: Kingambit|atk|2
|
|-weather|Snowscape|[upkeep]
|upkeep
|turn|3
|
|t:|1785348920
|switch|p1a: Sneasler|Sneasler, L50, M|100/100
|move|p1b: Kingambit|Sucker Punch|p2b: Bloom
|-damage|p2b: Bloom|0 fnt
|faint|p2b: Bloom
|move|p2a: Aerodactyl|Rock Slide|p1a: Sneasler|[spread] p1a,p1b
|-resisted|p1a: Sneasler|1
|-resisted|p1b: Kingambit|1
|-damage|p1a: Sneasler|85/100
|-damage|p1b: Kingambit|17/100
|
|-weather|Snowscape|[upkeep]
|upkeep
|
|t:|1785348928
|switch|p2b: Catnap|Sneasler, L50, M|100/100
|turn|4
|
|t:|1785348943
|switch|p1a: Froslass|Froslass-Mega, L50, F|2/100
|move|p1b: Kingambit|Protect|p1b: Kingambit
|-singleturn|p1b: Kingambit|Protect
|move|p2b: Catnap|Fake Out|p1a: Froslass
|-immune|p1a: Froslass
|move|p2a: Aerodactyl|Tailwind|p2a: Aerodactyl
|-sidestart|p2: Pokecraft15|move: Tailwind
|
|-weather|Snowscape|[upkeep]
|upkeep
|turn|5
|
|t:|1785348961
|move|p2a: Aerodactyl|Protect|p2a: Aerodactyl
|-singleturn|p2a: Aerodactyl|Protect
|move|p1b: Kingambit|Sucker Punch|p2b: Catnap
|-resisted|p2b: Catnap|1
|-damage|p2b: Catnap|12/100
|move|p2b: Catnap|Close Combat|p1b: Kingambit
|-supereffective|p1b: Kingambit|2
|-damage|p1b: Kingambit|0 fnt
|-unboost|p2b: Catnap|def|1
|-unboost|p2b: Catnap|spd|1
|faint|p1b: Kingambit
|-enditem|p2b: Catnap|White Herb
|-clearnegativeboost|p2b: Catnap|[silent]
|move|p1a: Froslass|Blizzard|p2a: Aerodactyl|[spread] p2b
|-activate|p2a: Aerodactyl|move: Protect
|-damage|p2b: Catnap|0 fnt
|faint|p2b: Catnap
|
|-weather|none
|upkeep
|
|t:|1785348969
|switch|p2b: John|Incineroar, L50, M|100/100
|switch|p1b: Sneasler|Sneasler, L50, M|85/100
|-ability|p2b: John|Intimidate|boost
|-unboost|p1a: Froslass|atk|1
|-unboost|p1b: Sneasler|atk|1
|-enditem|p1b: Sneasler|White Herb
|-clearnegativeboost|p1b: Sneasler|[silent]
|turn|6
|
|t:|1785348992
|switch|p1a: Lycanroc|Lycanroc-Dusk, L50, M|100/100
|move|p1b: Sneasler|Fake Out|p2a: Aerodactyl
|-resisted|p2a: Aerodactyl|1
|-damage|p2a: Aerodactyl|0 fnt
|faint|p2a: Aerodactyl
|move|p2b: John|Fake Out|p1b: Sneasler
|-damage|p1b: Sneasler|70/100
|
|upkeep
|turn|7
|-message|Pokecraft15 forfeited.
|
|win|tang de maracuja
|l|☆Pokecraft15
|player|p2|
||Pokecraft15 is ready for game 2.
||tang de maracuja is ready for game 2.
|uhtml|next|Next: Game 2 of 3
