|j|☆1TarsierFan
|j|☆exessvgc
|html|1TarsierFanexessvgc    
|uhtml|bestof|Game 1 of a best-of-3
|t:|1782322138
|gametype|doubles
|player|p1|1TarsierFan|pokemaniac|
|player|p2|exessvgc|lucas|
|gen|9
|tier|[Gen 9 Champions] VGC 2026 Reg M-B (Bo3)
|rule|Species Clause: Limit one of each Pokémon
|rule|Item Clause: Limit 1 of each item
|clearpoke
|poke|p1|Charizard, L50, M|
|poke|p1|Floette-Eternal, L50, F|
|poke|p1|Whimsicott, L50, F|
|poke|p1|Garchomp, L50, M|
|poke|p1|Basculegion, L50, M|
|poke|p1|Kingambit, L50, M|
|poke|p2|Blaziken, L50, F|
|poke|p2|Hydreigon, L50, M|
|poke|p2|Basculegion, L50, M|
|poke|p2|Whimsicott, L50, F|
|poke|p2|Farigiraf, L50, F|
|poke|p2|Metagross, L50|
|teampreview|4
|showteam|p1|Charizard||CharizarditeY|Blaze|WeatherBall,HeatWave,SolarBeam,Protect|Modest||M|||50|]Floette-Eternal||Floettite|FlowerVeil|LightofRuin,DazzlingGleam,Moonblast,Protect|Modest||F|||50|]Whimsicott||FocusSash|Prankster|Tailwind,Moonblast,Encore,Protect|Timid||F|||50|]Garchomp||SitrusBerry|RoughSkin|DragonClaw,Earthquake,RockSlide,Protect|Jolly||M|||50|]Basculegion||LifeOrb|Adaptability|WaveCrash,AquaJet,LastRespects,Protect|Adamant||M|||50|]Kingambit||BlackGlasses|Defiant|KowtowCleave,SuckerPunch,IronHead,Protect|Adamant||M|||50|
|showteam|p2|Blaziken||Blazikenite|SpeedBoost|Detect,RockSlide,CloseCombat,FlareBlitz|Jolly||F|||50|]Hydreigon||ChoiceScarf|Levitate|DracoMeteor,Snarl,EarthPower,DarkPulse|Timid||M|||50|]Basculegion||LifeOrb|Adaptability|Protect,WaveCrash,LastRespects,AquaJet|Adamant||M|||50|]Whimsicott||FocusSash|Prankster|Protect,Moonblast,EnergyBall,Tailwind|Timid||F|||50|]Farigiraf||SitrusBerry|ArmorTail|Psychic,Thunderbolt,Roar,TrickRoom|Quiet||F|||50|]Metagross||Metagrossite|ClearBody|Protect,PsychicFangs,IronHead,StompingTantrum|Brave|||||50|
|l|☆exessvgc
|player|p2|
|j|☆exessvgc
|player|p2|exessvgc|lucas|
|
|t:|1782322184
|teamsize|p1|4
|teamsize|p2|4
|start
|switch|p1a: Whimsicott|Whimsicott, L50, F|100/100
|switch|p1b: Charizard|Charizard, L50, M|100/100
|switch|p2a: Watty|Blaziken, L50, F|100/100
|switch|p2b: Nico|Whimsicott, L50, F|100/100
|turn|1
|
|t:|1782322217
|switch|p1b: Garchomp|Garchomp, L50, M|100/100
|detailschange|p2a: Watty|Blaziken-Mega, L50, F
|-mega|p2a: Watty|Blaziken|Blazikenite
|move|p2b: Nico|Tailwind|p2b: Nico
|-sidestart|p2: exessvgc|move: Tailwind
|move|p1a: Whimsicott|Tailwind|p1a: Whimsicott
|-sidestart|p1: 1TarsierFan|move: Tailwind
|move|p2a: Watty|Rock Slide|p1a: Whimsicott|[spread] p1a,p1b
|-resisted|p1b: Garchomp|1
|-damage|p1a: Whimsicott|66/100
|-damage|p1b: Garchomp|90/100
|
|-ability|p2a: Watty|Speed Boost|boost
|-boost|p2a: Watty|spe|1
|upkeep
|turn|2
|
|t:|1782322241
|switch|p2a: Uscorp|Farigiraf, L50, F|100/100
|move|p1a: Whimsicott|Encore||[still]
|cant|p2a: Uscorp|ability: Armor Tail|Encore|[of] p1a: Whimsicott
|move|p2b: Nico|Moonblast|p1b: Garchomp
|-supereffective|p1b: Garchomp|1
|-damage|p1b: Garchomp|18/100
|-unboost|p1b: Garchomp|spa|1
|-enditem|p1b: Garchomp|Sitrus Berry|[eat]
|-heal|p1b: Garchomp|42/100|[from] item: Sitrus Berry
|move|p1b: Garchomp|Earthquake|p2a: Uscorp|[spread] p1a,p2a,p2b
|-resisted|p1a: Whimsicott|1
|-resisted|p2b: Nico|1
|-damage|p1a: Whimsicott|40/100
|-damage|p2a: Uscorp|63/100
|-damage|p2b: Nico|71/100
|
|upkeep
|turn|3
|
|t:|1782322265
|switch|p1b: Kingambit|Kingambit, L50, M|100/100
|move|p1a: Whimsicott|Protect|p1a: Whimsicott
|-singleturn|p1a: Whimsicott|Protect
|move|p2b: Nico|Protect|p2b: Nico
|-singleturn|p2b: Nico|Protect
|move|p2a: Uscorp|Psychic|p1a: Whimsicott
|-activate|p1a: Whimsicott|move: Protect
|
|upkeep
|turn|4
|
|t:|1782322290
|switch|p2b: Frank|Basculegion, L50, M|100/100
|move|p1a: Whimsicott|Moonblast|p2a: Uscorp
|-damage|p2a: Uscorp|23/100
|-enditem|p2a: Uscorp|Sitrus Berry|[eat]
|-heal|p2a: Uscorp|48/100|[from] item: Sitrus Berry
|move|p2a: Uscorp|Psychic|p1a: Whimsicott
|-damage|p1a: Whimsicott|0 fnt
|faint|p1a: Whimsicott
|move|p1b: Kingambit|Iron Head|p2b: Frank
|-resisted|p2b: Frank|1
|-damage|p2b: Frank|76/100
|
|-sideend|p2: exessvgc|move: Tailwind
|-sideend|p1: 1TarsierFan|move: Tailwind
|upkeep
|
|t:|1782322305
|switch|p1a: Charizard|Charizard, L50, M|100/100
|turn|5
|
|t:|1782322325
|detailschange|p1a: Charizard|Charizard-Mega-Y, L50, M
|-mega|p1a: Charizard|Charizard|Charizardite Y
|-weather|SunnyDay|[from] ability: Drought|[of] p1a: Charizard
|move|p2b: Frank|Protect|p2b: Frank
|-singleturn|p2b: Frank|Protect
|move|p1a: Charizard|Solar Beam||[still]
|-prepare|p1a: Charizard|Solar Beam
|-anim|p1a: Charizard|Solar Beam|p2b: Frank
|-activate|p2b: Frank|move: Protect
|move|p1b: Kingambit|Kowtow Cleave|p2a: Uscorp
|-supereffective|p2a: Uscorp|1
|-damage|p2a: Uscorp|0 fnt
|faint|p2a: Uscorp
|
|-weather|SunnyDay|[upkeep]
|upkeep
|
|t:|1782322344
|switch|p2a: Watty|Blaziken-Mega, L50, F|100/100
|turn|6
|
|t:|1782322369
|switch|p1a: Garchomp|Garchomp, L50, M|42/100
|move|p2a: Watty|Detect|p2a: Watty
|-singleturn|p2a: Watty|Protect
|move|p2b: Frank|Aqua Jet|p1a: Garchomp
|-damage|p1a: Garchomp|27/100
|-damage|p2b: Frank|63/100|[from] ability: Rough Skin|[of] p1a: Garchomp
|-damage|p2b: Frank|54/100|[from] item: Life Orb
|move|p1b: Kingambit|Kowtow Cleave|p2b: Frank
|-supereffective|p2b: Frank|1
|-damage|p2b: Frank|0 fnt
|faint|p2b: Frank
|
|-weather|SunnyDay|[upkeep]
|-ability|p2a: Watty|Speed Boost|boost
|-boost|p2a: Watty|spe|1
|upkeep
|
|t:|1782322382
|switch|p2b: Nico|Whimsicott, L50, F|71/100
|turn|7
|
|t:|1782322393
|move|p1b: Kingambit|Protect|p1b: Kingambit
|-singleturn|p1b: Kingambit|Protect
|move|p2a: Watty|Close Combat|p1b: Kingambit
|-activate|p1b: Kingambit|move: Protect
|move|p2b: Nico|Moonblast|p1a: Garchomp
|-supereffective|p1a: Garchomp|1
|-damage|p1a: Garchomp|0 fnt
|faint|p1a: Garchomp
|
|-weather|SunnyDay|[upkeep]
|-ability|p2a: Watty|Speed Boost|boost
|-boost|p2a: Watty|spe|1
|upkeep
|
|t:|1782322403
|switch|p1a: Charizard|Charizard-Mega-Y, L50, M|100/100
|turn|8
|
|t:|1782322420
|move|p2b: Nico|Protect|p2b: Nico
|-singleturn|p2b: Nico|Protect
|move|p1b: Kingambit|Sucker Punch|p2a: Watty
|-resisted|p2a: Watty|1
|-damage|p2a: Watty|68/100
|move|p2a: Watty|Close Combat|p1b: Kingambit
|-supereffective|p1b: Kingambit|2
|-damage|p1b: Kingambit|0 fnt
|-unboost|p2a: Watty|def|1
|-unboost|p2a: Watty|spd|1
|faint|p1b: Kingambit
|move|p1a: Charizard|Weather Ball|p2a: Watty
|-resisted|p2a: Watty|1
|-damage|p2a: Watty|0 fnt
|faint|p2a: Watty
|
|-weather|SunnyDay|[upkeep]
|upkeep
|turn|9
|-message|exessvgc forfeited.
|
|win|1TarsierFan
|l|☆exessvgc
|player|p2|
||exessvgc is ready for game 2.
||1TarsierFan is ready for game 2.
|uhtml|next|Next: Game 2 of 3
|j|☆exessvgc
|player|p2|exessvgc|lucas|
