|j|☆Arsene14
|j|☆castoriceball
|html|Arsene14castoriceball    
|uhtml|bestof|Game 2 of a best-of-3
|t:|1785651624
|gametype|doubles
|player|p1|Arsene14|steven|1249
|player|p2|castoriceball|miku-flying|1257
|gen|9
|tier|[Gen 9 Champions] VGC 2026 Reg M-B (Bo3)
|rated|
|rule|Species Clause: Limit one of each Pokémon
|rule|Item Clause: Limit 1 of each item
|clearpoke
|poke|p1|Charizard, L50, F|
|poke|p1|Farigiraf, L50, F|
|poke|p1|Kingambit, L50, F|
|poke|p1|Sylveon, L50, M|
|poke|p1|Garchomp, L50, M, shiny|
|poke|p1|Whimsicott, L50, F|
|poke|p2|Staraptor, L50, F|
|poke|p2|Garchomp, L50, F|
|poke|p2|Whimsicott, L50, F|
|poke|p2|Delphox, L50, F|
|poke|p2|Glimmora, L50, M|
|poke|p2|Kingambit, L50, F, shiny|
|teampreview|4
|showteam|p1|Charizard||CharizarditeY|Blaze|Protect,AncientPower,SolarBeam,WeatherBall|Modest||F|||50|]Farigiraf||SitrusBerry|ArmorTail|PsychicFangs,Thunderbolt,SunnyDay,TrickRoom|Relaxed||F|||50|]Kingambit||LifeOrb|Defiant|KowtowCleave,IronHead,Protect,SuckerPunch|Adamant||F|||50|]Sylveon||FairyFeather|Pixilate|Moonblast,HyperBeam,HyperVoice,Protect|Modest||M|||50|]Garchomp||RoseliBerry|RoughSkin|DragonClaw,StompingTantrum,Protect,RockSlide|Adamant||M|||50|]Whimsicott||FocusSash|Prankster|Tailwind,Encore,Moonblast,SunnyDay|Timid||F|||50|
|showteam|p2|Staraptor||Staraptite|Intimidate|Protect,Roost,CloseCombat,BraveBird|Jolly||F|||50|]Garchomp||LifeOrb|RoughSkin|Earthquake,RockSlide,DragonClaw,Protect|Jolly||F|||50|]Whimsicott||OccaBerry|Prankster|Moonblast,Tailwind,Charm,LightScreen|Timid||F|||50|]Delphox||Delphoxite|Magician|Protect,Psychic,HeatWave,NastyPlot|Modest||F|||50|]Glimmora||FocusSash|ToxicDebris|SpikyShield,EarthPower,PowerGem,SludgeBomb|Timid||M|||50|]Kingambit||ChopleBerry|Defiant|KowtowCleave,IronHead,SuckerPunch,LowKick|Adamant||F|||50|
|
|t:|1785651662
|teamsize|p1|4
|teamsize|p2|4
|start
|switch|p1a: Pajares|Farigiraf, L50, F|100/100
|switch|p1b: El Reseñas|Garchomp, L50, M, shiny|100/100
|switch|p2a: Whimsicott|Whimsicott, L50, F|100/100
|switch|p2b: Delphox|Delphox, L50, F|100/100
|turn|1
|
|t:|1785651682
|detailschange|p2b: Delphox|Delphox-Mega, L50, F
|-mega|p2b: Delphox|Delphox|Delphoxite
|move|p2a: Whimsicott|Moonblast|p1b: El Reseñas
|-supereffective|p1b: El Reseñas|1
|-enditem|p1b: El Reseñas|Roseli Berry|[eat]
|-enditem|p1b: El Reseñas|Roseli Berry|[weaken]
|-damage|p1b: El Reseñas|73/100
|move|p2b: Delphox|Psychic|p1b: El Reseñas
|-damage|p1b: El Reseñas|17/100
|move|p1b: El Reseñas|Rock Slide|p2a: Whimsicott|[spread] p2a,p2b
|-supereffective|p2b: Delphox|1
|-damage|p2a: Whimsicott|77/100
|-damage|p2b: Delphox|44/100
|move|p1a: Pajares|Thunderbolt|p2a: Whimsicott
|-resisted|p2a: Whimsicott|1
|-damage|p2a: Whimsicott|62/100
|
|upkeep
|turn|2
|
|t:|1785651696
|move|p1b: El Reseñas|Protect|p1b: El Reseñas
|-singleturn|p1b: El Reseñas|Protect
|move|p2a: Whimsicott|Moonblast|p1a: Pajares
|-damage|p1a: Pajares|72/100
|move|p2b: Delphox|Heat Wave|p1b: El Reseñas|[spread] p1a
|-activate|p1b: El Reseñas|move: Protect
|-damage|p1a: Pajares|28/100
|-enditem|p1a: Pajares|Sitrus Berry|[eat]
|-heal|p1a: Pajares|53/100|[from] item: Sitrus Berry
|move|p1a: Pajares|Trick Room|p1a: Pajares
|-fieldstart|move: Trick Room|[of] p1a: Pajares
|
|upkeep
|turn|3
|
|t:|1785651713
|switch|p2a: Kingambit|Kingambit, L50, F, shiny|100/100
|move|p2b: Delphox|Protect|p2b: Delphox
|-singleturn|p2b: Delphox|Protect
|move|p1a: Pajares|Thunderbolt|p2a: Kingambit
|-damage|p2a: Kingambit|76/100
|-status|p2a: Kingambit|par
|move|p1b: El Reseñas|Rock Slide|p2a: Kingambit|[spread] p2a
|-activate|p2b: Delphox|move: Protect
|-resisted|p2a: Kingambit|1
|-damage|p2a: Kingambit|69/100 par
|
|upkeep
|turn|4
|
|t:|1785651760
|cant|p2a: Kingambit|par
|move|p1a: Pajares|Thunderbolt|p2b: Delphox
|-damage|p2b: Delphox|21/100
|move|p1b: El Reseñas|Rock Slide|p2a: Kingambit|[spread] p2a,p2b
|-resisted|p2a: Kingambit|1
|-supereffective|p2b: Delphox|1
|-damage|p2a: Kingambit|62/100 par
|-damage|p2b: Delphox|0 fnt
|faint|p2b: Delphox
|
|upkeep
|
|t:|1785651769
|switch|p2b: Garchomp|Garchomp, L50, F|100/100
|turn|5
|
|t:|1785651804
|switch|p1b: CHAKKK|Sylveon, L50, M|100/100
|cant|p2a: Kingambit|par
|move|p1a: Pajares|Thunderbolt|p2a: Kingambit
|-damage|p2a: Kingambit|40/100 par
|move|p2b: Garchomp|Dragon Claw|p1a: Pajares
|-damage|p1a: Pajares|9/100
|-damage|p2b: Garchomp|90/100|[from] item: Life Orb
|
|upkeep
|turn|6
|inactive|Battle timer is ON: inactive players will automatically lose when time's up. (requested by Arsene14)
|
|t:|1785651837
|move|p1b: CHAKKK|Protect|p1b: CHAKKK
|-singleturn|p1b: CHAKKK|Protect
|move|p2b: Garchomp|Protect|p2b: Garchomp
|-singleturn|p2b: Garchomp|Protect
|move|p2a: Kingambit|Iron Head|p1b: CHAKKK
|-activate|p1b: CHAKKK|move: Protect
|move|p1a: Pajares|Thunderbolt|p2a: Kingambit
|-damage|p2a: Kingambit|19/100 par
|
|-fieldend|move: Trick Room
|upkeep
|turn|7
|
|t:|1785651849
|move|p2b: Garchomp|Rock Slide|p1b: CHAKKK|[spread] p1a,p1b
|-damage|p1a: Pajares|0 fnt
|-damage|p1b: CHAKKK|71/100
|faint|p1a: Pajares
|-damage|p2b: Garchomp|80/100|[from] item: Life Orb
|move|p1b: CHAKKK|Hyper Voice|p2b: Garchomp|[spread] p2a,p2b
|-supereffective|p2b: Garchomp|1
|-damage|p2a: Kingambit|0 fnt
|-damage|p2b: Garchomp|0 fnt
|faint|p2a: Kingambit
|faint|p2b: Garchomp
|
|upkeep
|-message|castoriceball forfeited.
|
|win|Arsene14
