|j|☆bazinga17
|j|☆NoiceDynamite
|html|bazinga17NoiceDynamite    
|uhtml|bestof|Game 1 of a best-of-3
|t:|1757641423
|gametype|doubles
|player|p1|bazinga17|infielder|1000
|player|p2|NoiceDynamite|cynthia|1000
|gen|9
|tier|[Gen 9] VGC 2025 Reg H (Bo3)
|rated|
|rule|Species Clause: Limit one of each Pokémon
|rule|Item Clause: Limit 1 of each item
|clearpoke
|poke|p1|Pelipper, L50, M|
|poke|p1|Archaludon, L50, M|
|poke|p1|Annihilape, L50, F|
|poke|p1|Maushold, L50|
|poke|p1|Rillaboom, L50, M|
|poke|p1|Basculegion, L50, M|
|poke|p2|Archaludon, L50, M|
|poke|p2|Pelipper, L50, M|
|poke|p2|Basculegion, L50, M|
|poke|p2|Amoonguss, L50, F|
|poke|p2|Incineroar, L50, M|
|poke|p2|Gholdengo, L50|
|teampreview|4
|showteam|p1|Pelipper||FocusSash|Drizzle|WeatherBall,Hurricane,WideGuard,Tailwind|||M|||50|,,,,,Ghost]Archaludon||AssaultVest|Stamina|ElectroShot,DracoMeteor,FlashCannon,BodyPress|||M|||50|,,,,,Electric]Annihilape||SafetyGoggles|Defiant|RageFist,DrainPunch,BulkUp,Protect|||F|||50|,,,,,Fire]Maushold||SitrusBerry|FriendGuard|BeatUp,FollowMe,Taunt,Protect||||||50|,,,,,Ghost]Rillaboom||MiracleSeed|GrassySurge|FakeOut,GrassyGlide,WoodHammer,Uturn|||M|||50|,,,,,Fire]Basculegion||ChoiceBand|SwiftSwim|WaveCrash,AquaJet,LastRespects,FlipTurn|||M|||50|,,,,,Water
|showteam|p2|Archaludon||AssaultVest|Stamina|DragonPulse,ElectroShot,FlashCannon,BodyPress|||M|||50|,,,,,Bug]Pelipper||FocusSash|Drizzle|WeatherBall,Hurricane,Tailwind,Protect|||M|||50|,,,,,Ground]Basculegion||ChoiceBand|SwiftSwim|WaveCrash,LastRespects,AquaJet,FlipTurn|||M|||50|,,,,,Grass]Amoonguss||CovertCloak|Regenerator|PollenPuff,RagePowder,Spore,Protect|||F|||50|,,,,,Water]Incineroar||SafetyGoggles|Intimidate|KnockOff,FakeOut,PartingShot,Taunt|||M|||50|,,,,,Ghost]Gholdengo||LifeOrb|GoodasGold|MakeItRain,ShadowBall,NastyPlot,Protect||||||50|,,,,,Water
|c|☆bazinga17|unc hurry
|inactive|Battle timer is ON: inactive players will automatically lose when time's up. (requested by bazinga17)
|
|t:|1757641499
|teamsize|p1|4
|teamsize|p2|4
|start
|switch|p1a: Archaludon|Archaludon, L50, M|100/100
|switch|p1b: Annihilape|Annihilape, L50, F|100/100
|switch|p2a: Basculegion|Basculegion, L50, M|100/100
|switch|p2b: Incineroar|Incineroar, L50, M|100/100
|-ability|p2b: Incineroar|Intimidate|boost
|-unboost|p1a: Archaludon|atk|1
|-unboost|p1b: Annihilape|atk|1
|-ability|p1b: Annihilape|Defiant|boost
|-boost|p1b: Annihilape|atk|2
|turn|1
|inactive|bazinga17 has 30 seconds left.
|inactive|NoiceDynamite has 30 seconds left.
|
|t:|1757641529
|switch|p1a: Pelipper|Pelipper, L50, M|100/100
|-weather|RainDance|[from] ability: Drizzle|[of] p1a: Pelipper
|switch|p2b: Pelipper|Pelipper, L50, M|100/100
|-terastallize|p2a: Basculegion|Grass
|move|p1b: Annihilape|Protect|p1b: Annihilape
|-singleturn|p1b: Annihilape|Protect
|move|p2a: Basculegion|Wave Crash|p1b: Annihilape
|-activate|p1b: Annihilape|move: Protect
|
|-weather|RainDance|[upkeep]
|upkeep
|turn|2
|
|t:|1757641553
|move|p2a: Basculegion|Wave Crash|p1a: Pelipper
|-resisted|p1a: Pelipper
|-damage|p1a: Pelipper|6/100
|-damage|p2a: Basculegion|80/100|[from] Recoil
|move|p1b: Annihilape|Drain Punch|p2a: Basculegion
|-damage|p2a: Basculegion|19/100
|move|p1a: Pelipper|Tailwind|p1a: Pelipper
|-sidestart|p1: bazinga17|move: Tailwind
|move|p2b: Pelipper|Hurricane|p1a: Pelipper
|-damage|p1a: Pelipper|0 fnt
|faint|p1a: Pelipper
|
|-weather|RainDance|[upkeep]
|upkeep
|
|t:|1757641567
|switch|p1a: Archaludon|Archaludon, L50, M|100/100
|turn|3
|
|t:|1757641588
|switch|p2a: Incineroar|Incineroar, L50, M|100/100
|-ability|p2a: Incineroar|Intimidate|boost
|-unboost|p1a: Archaludon|atk|1
|-unboost|p1b: Annihilape|atk|1
|-ability|p1b: Annihilape|Defiant|boost
|-boost|p1b: Annihilape|atk|2
|-terastallize|p1a: Archaludon|Electric
|move|p1a: Archaludon|Electro Shot||[still]
|-prepare|p1a: Archaludon|Electro Shot
|-boost|p1a: Archaludon|spa|1
|-anim|p1a: Archaludon|Electro Shot|p2b: Pelipper
|-supereffective|p2b: Pelipper
|-enditem|p2b: Pelipper|Focus Sash
|-damage|p2b: Pelipper|1/100
|move|p1b: Annihilape|Drain Punch|p2a: Incineroar
|-supereffective|p2a: Incineroar
|-damage|p2a: Incineroar|0 fnt
|faint|p2a: Incineroar
|move|p2b: Pelipper|Tailwind|p2b: Pelipper
|-sidestart|p2: NoiceDynamite|move: Tailwind
|
|-weather|RainDance|[upkeep]
|upkeep
|
|t:|1757641610
|switch|p2a: Archaludon|Archaludon, L50, M|100/100
|turn|4
|
|t:|1757641628
|move|p1a: Archaludon|Body Press|p2a: Archaludon
|-supereffective|p2a: Archaludon
|-crit|p2a: Archaludon
|-damage|p2a: Archaludon|53/100
|-ability|p2a: Archaludon|Stamina|boost
|-boost|p2a: Archaludon|def|1
|move|p1b: Annihilape|Bulk Up|p1b: Annihilape
|-boost|p1b: Annihilape|atk|1
|-boost|p1b: Annihilape|def|1
|move|p2b: Pelipper|Hurricane|p1b: Annihilape
|-supereffective|p1b: Annihilape
|-damage|p1b: Annihilape|33/100
|move|p2a: Archaludon|Electro Shot||[still]
|-prepare|p2a: Archaludon|Electro Shot
|-boost|p2a: Archaludon|spa|1
|-anim|p2a: Archaludon|Electro Shot|p1b: Annihilape
|-damage|p1b: Annihilape|0 fnt
|faint|p1b: Annihilape
|
|-weather|RainDance|[upkeep]
|upkeep
|
|t:|1757641645
|switch|p1b: Maushold|Maushold, L50|100/100
|turn|5
|
|t:|1757641659
|move|p2b: Pelipper|Protect|p2b: Pelipper
|-singleturn|p2b: Pelipper|Protect
|move|p1b: Maushold|Follow Me|p1b: Maushold
|-singleturn|p1b: Maushold|move: Follow Me
|move|p1a: Archaludon|Electro Shot||[still]
|-prepare|p1a: Archaludon|Electro Shot
|-boost|p1a: Archaludon|spa|1
|-anim|p1a: Archaludon|Electro Shot|p2b: Pelipper
|-activate|p2b: Pelipper|move: Protect
|move|p2a: Archaludon|Electro Shot||[still]
|-prepare|p2a: Archaludon|Electro Shot
|-boost|p2a: Archaludon|spa|1
|-anim|p2a: Archaludon|Electro Shot|p1b: Maushold
|-damage|p1b: Maushold|7/100
|-enditem|p1b: Maushold|Sitrus Berry|[eat]
|-heal|p1b: Maushold|32/100|[from] item: Sitrus Berry
|
|-weather|none
|-sideend|p1: bazinga17|move: Tailwind
|upkeep
|turn|6
|inactive|bazinga17 has 30 seconds left.
|inactive|NoiceDynamite has 30 seconds left.
|inactive|NoiceDynamite has 20 seconds left.
|inactive|NoiceDynamite has 15 seconds left.
|inactive|NoiceDynamite has 10 seconds left.
|inactive|NoiceDynamite has 5 seconds left.
|
|t:|1757641713
|move|p2b: Pelipper|Protect|p2b: Pelipper
|-singleturn|p2b: Pelipper|Protect
|move|p1b: Maushold|Protect|p1b: Maushold
|-singleturn|p1b: Maushold|Protect
|move|p2a: Archaludon|Dragon Pulse|p1a: Archaludon
|-damage|p1a: Archaludon|53/100
|-ability|p1a: Archaludon|Stamina|boost
|-boost|p1a: Archaludon|def|1
|move|p1a: Archaludon|Flash Cannon|p2b: Pelipper
|-activate|p2b: Pelipper|move: Protect
|
|-sideend|p2: NoiceDynamite|move: Tailwind
|upkeep
|turn|7
|inactive|NoiceDynamite has 30 seconds left.
|
|t:|1757641747
|move|p2b: Pelipper|Protect||[still]
|-fail|p2b: Pelipper
|move|p1b: Maushold|Follow Me|p1b: Maushold
|-singleturn|p1b: Maushold|move: Follow Me
|move|p1a: Archaludon|Electro Shot||[still]
|-prepare|p1a: Archaludon|Electro Shot
|-boost|p1a: Archaludon|spa|1
|move|p2a: Archaludon|Dragon Pulse|p1b: Maushold
|-damage|p1b: Maushold|0 fnt
|faint|p1b: Maushold
|
|upkeep
|turn|8
|
|t:|1757641768
|move|p1a: Archaludon|Electro Shot|p2b: Pelipper|[from] lockedmove
|-supereffective|p2b: Pelipper
|-damage|p2b: Pelipper|0 fnt
|faint|p2b: Pelipper
|move|p2a: Archaludon|Dragon Pulse|p1a: Archaludon
|-damage|p1a: Archaludon|0 fnt
|faint|p1a: Archaludon
|
|win|NoiceDynamite
||bazinga17 is ready for game 2.
