|j|☆Wizardo22
|j|☆Devxp
|html|Wizardo22Devxp    
|uhtml|bestof|Game 1 of a best-of-3
|t:|1785120563
|gametype|doubles
|player|p1|Wizardo22|lance|
|player|p2|Devxp|266|
|gen|9
|tier|[Gen 9 Champions] VGC 2026 Reg M-B (Bo3)
|rule|Species Clause: Limit one of each Pokémon
|rule|Item Clause: Limit 1 of each item
|clearpoke
|poke|p1|Kleavor, L50, F|
|poke|p1|Aromatisse, L50, M|
|poke|p1|Camerupt, L50, M|
|poke|p1|Raichu, L50, F|
|poke|p1|Heliolisk, L50, M|
|poke|p1|Torkoal, L50, M|
|poke|p2|Staraptor, L50, M, shiny|
|poke|p2|Ninetales-Alola, L50, F, shiny|
|poke|p2|Typhlosion-Hisui, L50, F|
|poke|p2|Raichu, L50, F, shiny|
|poke|p2|Greninja, L50, M|
|poke|p2|Lycanroc-Dusk, L50, F|
|teampreview|4
|showteam|p1|Kleavor||FocusSash|SheerForce|RockSlide,Lunge,Protect,Tailwind|Adamant||F|||50|]Aromatisse||BabiriBerry|AromaVeil|Moonblast,Encore,HelpingHand,TrickRoom|Bold||M|||50|]Camerupt||Cameruptite|MagmaArmor|Eruption,HeatWave,EarthPower,Protect|Modest||M|||50|]Raichu||RaichuniteX|Static|RisingVoltage,HelpingHand,Protect,FakeOut|Timid||F|||50|]Heliolisk||LifeOrb|SolarPower|RisingVoltage,HyperVoice,WeatherBall,Protect|Quiet||M|||50|]Torkoal||Charcoal|Drought|Eruption,HeatWave,HelpingHand,Protect|Modest||M|||50|
|showteam|p2|Staraptor||Staraptite|Intimidate|CloseCombat,FinalGambit,Protect,BlazeKick|Jolly||M|||50|]Ninetales-Alola||LightClay|SnowWarning|AuroraVeil,Blizzard,FreezeDry,Protect|Timid||F|||50|]Typhlosion-Hisui||LifeOrb|Frisk|HeatWave,Protect,ShadowBall,Overheat|Timid||F|||50|]Raichu||FocusSash|Static|FakeOut,GrassKnot,Nuzzle,VoltTackle|Jolly||F|||50|]Greninja||Greninjite|Protean|WaterShuriken,HydroPump,IceBeam,Protect|Timid||M|||50|]Lycanroc-Dusk||HardStone|ToughClaws|RockSlide,Trailblaze,CloseCombat,Accelerock|Jolly||F|||50|
|c|☆Devxp|glhf
|c|☆Wizardo22|GL
|c|☆Wizardo22|Oh shoot team sheets
|c|☆Wizardo22|I just won't look
|c|☆Devxp|its ok I never do
|
|t:|1785120682
|teamsize|p1|4
|teamsize|p2|4
|start
|switch|p1a: Kleavor|Kleavor, L50, F|100/100
|switch|p1b: Raichu|Raichu, L50, F|100/100
|switch|p2a: Lycanroc|Lycanroc-Dusk, L50, F|100/100
|switch|p2b: Raichu|Raichu, L50, F, shiny|100/100
|turn|1
|
|t:|1785120703
|move|p1b: Raichu|Protect|p1b: Raichu
|-singleturn|p1b: Raichu|Protect
|move|p1a: Kleavor|Protect|p1a: Kleavor
|-singleturn|p1a: Kleavor|Protect
|move|p2b: Raichu|Fake Out|p1a: Kleavor
|-activate|p1a: Kleavor|move: Protect
|move|p2a: Lycanroc|Rock Slide|p1a: Kleavor|[spread] 
|-activate|p1a: Kleavor|move: Protect
|-activate|p1b: Raichu|move: Protect
|
|upkeep
|turn|2
|
|t:|1785120760
|detailschange|p1b: Raichu|Raichu-Mega-X, L50, F
|-mega|p1b: Raichu|Raichu|Raichunite X
|-fieldstart|move: Electric Terrain|[from] ability: Electric Surge|[of] p1b: Raichu
|move|p1b: Raichu|Rising Voltage|p2a: Lycanroc
|-hint|Rising Voltage's BP doubled on grounded target.
|-damage|p2a: Lycanroc|0 fnt
|faint|p2a: Lycanroc
|move|p2b: Raichu|Nuzzle|p1a: Kleavor
|-damage|p1a: Kleavor|88/100
|-status|p1a: Kleavor|par
|move|p1a: Kleavor|Tailwind|p1a: Kleavor
|-sidestart|p1: Wizardo22|move: Tailwind
|
|upkeep
|
|t:|1785120787
|switch|p2a: Ninetales|Ninetales-Alola, L50, F, shiny|100/100
|-weather|Snowscape|[from] ability: Snow Warning|[of] p2a: Ninetales
|turn|3
|
|t:|1785120815
|move|p1b: Raichu|Rising Voltage|p2a: Ninetales
|-hint|Rising Voltage's BP doubled on grounded target.
|-damage|p2a: Ninetales|10/100
|move|p2b: Raichu|Grass Knot|p1a: Kleavor
|-damage|p1a: Kleavor|69/100 par
|move|p2a: Ninetales|Aurora Veil|p2a: Ninetales
|-sidestart|p2: Devxp|move: Aurora Veil
|move|p1a: Kleavor|Rock Slide|p2a: Ninetales|[spread] p2a,p2b
|-supereffective|p2a: Ninetales|1
|-damage|p2a: Ninetales|0 fnt
|-damage|p2b: Raichu|38/100
|faint|p2a: Ninetales
|
|-weather|Snowscape|[upkeep]
|upkeep
|c|☆Devxp|wrong ability lol oh well
|
|t:|1785120831
|switch|p2a: Greninja|Greninja, L50, M|100/100
|turn|4
|
|t:|1785120850
|detailschange|p2a: Greninja|Greninja-Mega, L50, M
|-mega|p2a: Greninja|Greninja|Greninjite
|move|p1b: Raichu|Protect|p1b: Raichu
|-singleturn|p1b: Raichu|Protect
|move|p2a: Greninja|Ice Beam|p1b: Raichu
|-start|p2a: Greninja|typechange|Ice|[from] ability: Protean
|-activate|p1b: Raichu|move: Protect
|move|p2b: Raichu|Volt Tackle|p1b: Raichu
|-activate|p1b: Raichu|move: Protect
|cant|p1a: Kleavor|par
|
|-weather|Snowscape|[upkeep]
|upkeep
|turn|5
|l|☆Wizardo22
|player|p1|
|j|☆Wizardo22
|player|p1|Wizardo22|lance|
|
|t:|1785120925
|move|p1b: Raichu|Helping Hand|p1a: Kleavor
|-singleturn|p1a: Kleavor|Helping Hand|[of] p1b: Raichu
|move|p2a: Greninja|Hydro Pump|p1a: Kleavor|[miss]
|-miss|p2a: Greninja|p1a: Kleavor
|move|p2b: Raichu|Grass Knot|p1b: Raichu
|-damage|p1b: Raichu|83/100
|move|p1a: Kleavor|Rock Slide|p2b: Raichu|[spread] p2a,p2b
|-supereffective|p2a: Greninja|1
|-damage|p2a: Greninja|19/100
|-damage|p2b: Raichu|0 fnt
|faint|p2b: Raichu
|
|-weather|Snowscape|[upkeep]
|-sideend|p1: Wizardo22|move: Tailwind
|upkeep
|turn|6
|
|t:|1785120960
|move|p2a: Greninja|Water Shuriken|p1a: Kleavor
|-supereffective|p1a: Kleavor|1
|-damage|p1a: Kleavor|52/100 par
|-supereffective|p1a: Kleavor|1
|-damage|p1a: Kleavor|37/100 par
|-supereffective|p1a: Kleavor|1
|-damage|p1a: Kleavor|21/100 par
|-hitcount|p1a: Kleavor|3
|move|p1b: Raichu|Rising Voltage|p2a: Greninja
|-hint|Rising Voltage's BP doubled on grounded target.
|-damage|p2a: Greninja|0 fnt
|faint|p2a: Greninja
|
|win|Wizardo22
||Devxp is ready for game 2.
|inactive|Wizardo22 has 30 seconds to confirm battle start!
||Wizardo22 is ready for game 2.
|uhtml|next|Next: Game 2 of 3
