|j|☆joseanfox
|j|☆Aeon_Twins
|html|joseanfoxAeon_Twins    
|uhtml|bestof|Game 2 of a best-of-3
|t:|1783026194
|gametype|doubles
|player|p1|joseanfox|dawn|1108
|player|p2|Aeon_Twins|n|1292
|gen|9
|tier|[Gen 9 Champions] VGC 2026 Reg M-B (Bo3)
|rated|
|rule|Species Clause: Limit one of each Pokémon
|rule|Item Clause: Limit 1 of each item
|clearpoke
|poke|p1|Staraptor, L50, F|
|poke|p1|Sinistcha, L50|
|poke|p1|Archaludon, L50, F|
|poke|p1|Raichu, L50, F|
|poke|p1|Pelipper, L50, M|
|poke|p1|Grimmsnarl, L50, M|
|poke|p2|Raichu, L50, F|
|poke|p2|Sinistcha, L50|
|poke|p2|Ceruledge, L50, M|
|poke|p2|Milotic, L50, F|
|poke|p2|Incineroar, L50, F|
|poke|p2|Gardevoir, L50, M|
|teampreview|4
|showteam|p1|Staraptor||Staraptite|Intimidate|CloseCombat,Roost,Protect,BraveBird|Adamant||F|||50|]Sinistcha||FocusSash|Hospitality|MatchaGotcha,ShadowBall,RagePowder,StrengthSap|Modest|||||50|]Archaludon||QuickClaw|Sturdy|AuraSphere,ElectroShot,FlashCannon,DracoMeteor|Timid||F|||50|]Raichu||RaichuniteX|LightningRod|FakeOut,BrickBreak,VoltTackle,VoltSwitch|Jolly||F|||50|]Pelipper||DampRock|Drizzle|WeatherBall,WideGuard,Hurricane,Tailwind|Serious||M|||50|]Grimmsnarl||LightClay|Prankster|LightScreen,Reflect,PartingShot,SpiritBreak|Relaxed||M|||50|
|showteam|p2|Raichu||RaichuniteY|LightningRod|ZapCannon,FocusBlast,FakeOut,Protect|Timid||F|||50|]Sinistcha||KasibBerry|Hospitality|MatchaGotcha,LifeDew,RagePowder,Protect|Relaxed|||||50|]Ceruledge||ColburBerry|FlashFire|BitterBlade,ShadowSneak,BulkUp,Protect|Adamant||M|||50|]Milotic||Leftovers|Competitive|MuddyWater,Coil,Hypnosis,Protect|Calm||F|||50|]Incineroar||SitrusBerry|Intimidate|FlareBlitz,ThroatChop,FakeOut,PartingShot|Impish||F|||50|]Gardevoir||Gardevoirite|Synchronize|HyperVoice,Psyshock,CalmMind,Protect|Timid||M|||50|
|
|t:|1783026235
|teamsize|p1|4
|teamsize|p2|4
|start
|switch|p1a: Star lord|Staraptor, L50, F|100/100
|switch|p1b: Grimmsnarl|Grimmsnarl, L50, M|100/100
|switch|p2a: Incineroar|Incineroar, L50, F|100/100
|switch|p2b: Ceruledge|Ceruledge, L50, M|100/100
|-ability|p1a: Star lord|Intimidate|boost
|-unboost|p2a: Incineroar|atk|1
|-unboost|p2b: Ceruledge|atk|1
|-ability|p2a: Incineroar|Intimidate|boost
|-unboost|p1a: Star lord|atk|1
|-unboost|p1b: Grimmsnarl|atk|1
|turn|1
|
|t:|1783026272
|detailschange|p1a: Star lord|Staraptor-Mega, L50, F
|-mega|p1a: Star lord|Staraptor|Staraptite
|move|p2a: Incineroar|Fake Out|p1a: Star lord
|-damage|p1a: Star lord|91/100
|move|p1b: Grimmsnarl|Parting Shot|p1a: Star lord
|-boost|p1a: Star lord|atk|1
|-boost|p1a: Star lord|spa|1
|
|t:|1783026282
|switch|p1b: Mate|Sinistcha, L50|100/100|[from] Parting Shot
|-heal|p1a: Star lord|100/100|[from] ability: Hospitality|[of] p1b: Mate
|cant|p1a: Star lord|flinch
|move|p2b: Ceruledge|Bulk Up|p2b: Ceruledge
|-boost|p2b: Ceruledge|atk|1
|-boost|p2b: Ceruledge|def|1
|
|upkeep
|turn|2
|
|t:|1783026301
|switch|p2a: Sinistcha|Sinistcha, L50|100/100
|move|p1a: Star lord|Close Combat|p2a: Sinistcha
|-immune|p2a: Sinistcha
|move|p2b: Ceruledge|Bulk Up|p2b: Ceruledge
|-boost|p2b: Ceruledge|atk|1
|-boost|p2b: Ceruledge|def|1
|move|p1b: Mate|Strength Sap|p2b: Ceruledge
|-unboost|p2b: Ceruledge|atk|1
|
|upkeep
|turn|3
|
|t:|1783026334
|move|p1a: Star lord|Brave Bird|p2a: Sinistcha
|-supereffective|p2a: Sinistcha|1
|-damage|p2a: Sinistcha|0 fnt
|faint|p2a: Sinistcha
|-damage|p1a: Star lord|63/100|[from] Recoil
|move|p2b: Ceruledge|Bitter Blade|p1b: Mate
|-supereffective|p1b: Mate|1
|-damage|p1b: Mate|15/100
|move|p1b: Mate|Shadow Ball|p2b: Ceruledge
|-supereffective|p2b: Ceruledge|1
|-damage|p2b: Ceruledge|27/100
|
|upkeep
|
|t:|1783026344
|switch|p2a: Raichu|Raichu, L50, F|100/100
|turn|4
|
|t:|1783026358
|move|p2a: Raichu|Fake Out|p1a: Star lord
|-damage|p1a: Star lord|54/100
|move|p1b: Mate|Rage Powder|p1b: Mate
|-singleturn|p1b: Mate|move: Rage Powder
|cant|p1a: Star lord|flinch
|move|p2b: Ceruledge|Bitter Blade|p1b: Mate
|-supereffective|p1b: Mate|1
|-damage|p1b: Mate|0 fnt
|-heal|p2b: Ceruledge|34/100|[from] drain|[of] p1b: Mate
|faint|p1b: Mate
|
|upkeep
|
|t:|1783026372
|switch|p1b: Grimmsnarl|Grimmsnarl, L50, M|100/100
|turn|5
|
|t:|1783026384
|detailschange|p2a: Raichu|Raichu-Mega-Y, L50, F
|-mega|p2a: Raichu|Raichu|Raichunite Y
|move|p1a: Star lord|Protect|p1a: Star lord
|-singleturn|p1a: Star lord|Protect
|move|p2a: Raichu|Zap Cannon|p1a: Star lord
|-activate|p1a: Star lord|move: Protect
|move|p2b: Ceruledge|Bitter Blade|p1b: Grimmsnarl
|-damage|p1b: Grimmsnarl|50/100g
|-heal|p2b: Ceruledge|62/100|[from] drain|[of] p1b: Grimmsnarl
|move|p1b: Grimmsnarl|Spirit Break|p2a: Raichu
|-damage|p2a: Raichu|57/100
|-unboost|p2a: Raichu|spa|1
|
|upkeep
|turn|6
|
|t:|1783026423
|move|p1b: Grimmsnarl|Light Screen|p1b: Grimmsnarl
|-sidestart|p1: joseanfox|move: Light Screen
|move|p2a: Raichu|Zap Cannon|p1a: Star lord
|-supereffective|p1a: Star lord|1
|-damage|p1a: Star lord|0 fnt
|faint|p1a: Star lord
|move|p2b: Ceruledge|Bitter Blade|p1b: Grimmsnarl
|-damage|p1b: Grimmsnarl|6/100
|-heal|p2b: Ceruledge|86/100|[from] drain|[of] p1b: Grimmsnarl
|
|upkeep
|
|t:|1783026434
|switch|p1a: Salchipapa|Archaludon, L50, F|100/100
|turn|7
|
|t:|1783026446
|switch|p2a: Incineroar|Incineroar, L50, F|100/100
|-ability|p2a: Incineroar|Intimidate|boost
|-unboost|p1a: Salchipapa|atk|1
|-unboost|p1b: Grimmsnarl|atk|1
|move|p1b: Grimmsnarl|Parting Shot|p2b: Ceruledge
|-unboost|p2b: Ceruledge|atk|1
|-unboost|p2b: Ceruledge|spa|1
|move|p1a: Salchipapa|Electro Shot||[still]
|-prepare|p1a: Salchipapa|Electro Shot
|-boost|p1a: Salchipapa|spa|1
|move|p2b: Ceruledge|Bulk Up|p2b: Ceruledge
|-boost|p2b: Ceruledge|atk|1
|-boost|p2b: Ceruledge|def|1
|
|upkeep
|turn|8
|
|t:|1783026469
|move|p2a: Incineroar|Fake Out|p1a: Salchipapa
|-resisted|p1a: Salchipapa|1
|-damage|p1a: Salchipapa|95/100
|move|p1b: Grimmsnarl|Reflect|p1b: Grimmsnarl
|-sidestart|p1: joseanfox|Reflect
|cant|p1a: Salchipapa|flinch
|move|p2b: Ceruledge|Bitter Blade|p1b: Grimmsnarl
|-damage|p1b: Grimmsnarl|0 fnt
|-heal|p2b: Ceruledge|90/100|[from] drain|[of] p1b: Grimmsnarl
|faint|p1b: Grimmsnarl
|
|upkeep
|turn|9
|
|t:|1783026488
|move|p1a: Salchipapa|Draco Meteor|p2b: Ceruledge
|-damage|p2b: Ceruledge|0 fnt
|-unboost|p1a: Salchipapa|spa|2
|faint|p2b: Ceruledge
|move|p2a: Incineroar|Parting Shot|p1a: Salchipapa
|-unboost|p1a: Salchipapa|atk|1
|-unboost|p1a: Salchipapa|spa|1
|
|t:|1783026495
|switch|p2a: Raichu|Raichu-Mega-Y, L50, F|57/100|[from] Parting Shot
|
|upkeep
|
|t:|1783026497
|switch|p2b: Incineroar|Incineroar, L50, F|100/100
|-ability|p2b: Incineroar|Intimidate|boost
|-unboost|p1a: Salchipapa|atk|1
|turn|10
|-activate|p1a: Salchipapa|item: Quick Claw
|
|t:|1783026505
|move|p2b: Incineroar|Fake Out|p1a: Salchipapa
|-resisted|p1a: Salchipapa|1
|-damage|p1a: Salchipapa|92/100
|cant|p1a: Salchipapa|flinch
|move|p2a: Raichu|Focus Blast|p1a: Salchipapa
|-supereffective|p1a: Salchipapa|1
|-damage|p1a: Salchipapa|3/100
|
|upkeep
|turn|11
|
|t:|1783026516
|move|p2a: Raichu|Focus Blast|p1a: Salchipapa
|-supereffective|p1a: Salchipapa|1
|-damage|p1a: Salchipapa|0 fnt
|faint|p1a: Salchipapa
|
|win|Aeon_Twins
