|j|☆SP-9733
|j|☆BroscoeFlames
|html|SP-9733BroscoeFlames    
|uhtml|bestof|Game 3 of a best-of-3
|t:|1783751124
|gametype|doubles
|player|p1|SP-9733|n|1162
|player|p2|BroscoeFlames|265|1143
|gen|9
|tier|[Gen 9 Champions] VGC 2026 Reg M-B (Bo3)
|rated|
|rule|Species Clause: Limit one of each Pokémon
|rule|Item Clause: Limit 1 of each item
|clearpoke
|poke|p1|Swampert, L50, M|
|poke|p1|Pelipper, L50, F|
|poke|p1|Archaludon, L50, M|
|poke|p1|Venusaur, L50, F|
|poke|p1|Whimsicott, L50, F|
|poke|p1|Hydreigon, L50, M|
|poke|p2|Zoroark-Hisui, L50, M|
|poke|p2|Goodra-Hisui, L50, M|
|poke|p2|Grimmsnarl, L50, M|
|poke|p2|Venusaur, L50, M|
|poke|p2|Milotic, L50, M|
|poke|p2|Vivillon-Pokeball, L50, F|
|teampreview|4
|showteam|p1|Swampert||Swampertite|Torrent|WaveCrash,Earthquake,Protect,IcePunch|Adamant||M|||50|]Pelipper||SharpBeak|Drizzle|WeatherBall,Hurricane,WideGuard,Tailwind|Modest||F|||50|]Archaludon||Leftovers|Stamina|ElectroShot,FlashCannon,AuraSphere,Protect|Modest||M|||50|]Venusaur||Venusaurite|Overgrow|SludgeBomb,GigaDrain,Protect,LeechSeed|Bold||F|||50|]Whimsicott||FocusSash|Prankster|Tailwind,Encore,WorrySeed,Moonblast|Timid||F|||50|]Hydreigon||ChoiceScarf|Levitate|DarkPulse,DragonPulse,Snarl,EarthPower|Modest||M|||50|
|showteam|p2|Zoroark-Hisui||ChoiceScarf|Illusion|HyperVoice,GrassKnot,IcyWind,ShadowBall|Modest||M|||50|]Goodra-Hisui||Leftovers|ShellArmor|BodyPress,HeavySlam,Shelter,Protect|Careful||M|||50|]Grimmsnarl||LightClay|Prankster|FakeOut,Reflect,LightScreen,SpiritBreak|Impish||M|||50|]Venusaur||Venusaurite|Overgrow|GigaDrain,SludgeBomb,EarthPower,Protect|Serious||M|||50|]Milotic||SitrusBerry|Competitive|MuddyWater,Coil,Hypnosis,Protect|Modest||M|||50|]Vivillon-Pokeball||FocusSash|CompoundEyes|Protect,Hurricane,Tailwind,SleepPowder|Timid||F|||50|
|inactive|Battle timer is ON: inactive players will automatically lose when time's up. (requested by SP-9733)
|inactive|SP-9733 has 60 seconds left.
|inactive|BroscoeFlames has 60 seconds left.
|
|t:|1783751167
|teamsize|p1|4
|teamsize|p2|4
|start
|switch|p1a: Venusaur|Venusaur, L50, F|100/100
|switch|p1b: Archaludon|Archaludon, L50, M|100/100
|switch|p2a: Vivillon|Vivillon-Pokeball, L50, F|100/100
|switch|p2b: Venusaur|Venusaur, L50, M|100/100
|turn|1
|
|t:|1783751182
|detailschange|p2b: Venusaur|Venusaur-Mega, L50, M
|-mega|p2b: Venusaur|Venusaur|Venusaurite
|detailschange|p1a: Venusaur|Venusaur-Mega, L50, F
|-mega|p1a: Venusaur|Venusaur|Venusaurite
|move|p2a: Vivillon|Hyper Voice|p1b: Archaludon|[spread] p1a,p1b
|-resisted|p1b: Archaludon|1
|-damage|p1a: Venusaur|73/100
|-damage|p1b: Archaludon|78/100
|-ability|p1b: Archaludon|Stamina|boost
|-boost|p1b: Archaludon|def|1
|move|p1b: Archaludon|Flash Cannon|p2a: Vivillon
|-damage|p2a: Vivillon|21/100
|replace|p2a: Zoroark|Zoroark-Hisui, L50, M
|-end|p2a: Zoroark|Illusion
|move|p2b: Venusaur|Earth Power|p1b: Archaludon
|-supereffective|p1b: Archaludon|1
|-damage|p1b: Archaludon|11/100
|-unboost|p1b: Archaludon|spd|1
|-ability|p1b: Archaludon|Stamina|boost
|-boost|p1b: Archaludon|def|1
|move|p1a: Venusaur|Sludge Bomb|p2a: Zoroark
|-resisted|p2a: Zoroark|1
|-damage|p2a: Zoroark|0 fnt
|faint|p2a: Zoroark
|
|-heal|p1b: Archaludon|17/100|[from] item: Leftovers
|upkeep
|
|t:|1783751203
|switch|p2a: Vivillon|Vivillon-Pokeball, L50, F|100/100
|turn|2
|
|t:|1783751221
|move|p1a: Venusaur|Protect|p1a: Venusaur
|-singleturn|p1a: Venusaur|Protect
|move|p2a: Vivillon|Hurricane|p1a: Venusaur
|-activate|p1a: Venusaur|move: Protect
|move|p2b: Venusaur|Earth Power|p1a: Venusaur
|-activate|p1a: Venusaur|move: Protect
|move|p1b: Archaludon|Flash Cannon|p2a: Vivillon
|-damage|p2a: Vivillon|24/100
|
|-heal|p1b: Archaludon|23/100|[from] item: Leftovers
|upkeep
|turn|3
|
|t:|1783751240
|move|p2a: Vivillon|Hurricane|p1a: Venusaur
|-supereffective|p1a: Venusaur|1
|-damage|p1a: Venusaur|0 fnt
|faint|p1a: Venusaur
|move|p1b: Archaludon|Flash Cannon|p2a: Vivillon
|-damage|p2a: Vivillon|0 fnt
|faint|p2a: Vivillon
|move|p2b: Venusaur|Earth Power|p1b: Archaludon
|-supereffective|p1b: Archaludon|1
|-damage|p1b: Archaludon|0 fnt
|faint|p1b: Archaludon
|
|upkeep
|
|t:|1783751250
|switch|p2a: Goodra|Goodra-Hisui, L50, M|100/100
|switch|p1b: Whimsicott|Whimsicott, L50, F|100/100
|switch|p1a: Hydreigon|Hydreigon, L50, M|100/100
|turn|4
|
|t:|1783751270
|move|p1b: Whimsicott|Encore|p2b: Venusaur
|-start|p2b: Venusaur|Encore
|move|p1a: Hydreigon|Earth Power|p2a: Goodra
|-supereffective|p2a: Goodra|1
|-damage|p2a: Goodra|63/100
|move|p2b: Venusaur|Earth Power|p1b: Whimsicott
|-resisted|p1b: Whimsicott|1
|-damage|p1b: Whimsicott|78/100
|move|p2a: Goodra|Heavy Slam|p1b: Whimsicott
|-supereffective|p1b: Whimsicott|1
|-damage|p1b: Whimsicott|0 fnt
|faint|p1b: Whimsicott
|
|-heal|p2a: Goodra|69/100|[from] item: Leftovers
|upkeep
|turn|5
|
|t:|1783751290
|move|p2a: Goodra|Protect|p2a: Goodra
|-singleturn|p2a: Goodra|Protect
|move|p1a: Hydreigon|Earth Power|p2a: Goodra
|-activate|p2a: Goodra|move: Protect
|move|p2b: Venusaur|Earth Power|p1a: Hydreigon
|-immune|p1a: Hydreigon|[from] ability: Levitate
|
|-heal|p2a: Goodra|75/100|[from] item: Leftovers
|upkeep
|turn|6
|
|t:|1783751304
|move|p1a: Hydreigon|Earth Power|p2a: Goodra
|-supereffective|p2a: Goodra|1
|-damage|p2a: Goodra|39/100
|move|p2b: Venusaur|Earth Power|p1a: Hydreigon
|-immune|p1a: Hydreigon|[from] ability: Levitate
|move|p2a: Goodra|Shelter|p2a: Goodra
|-boost|p2a: Goodra|def|2
|
|-heal|p2a: Goodra|44/100|[from] item: Leftovers
|-end|p2b: Venusaur|Encore
|upkeep
|turn|7
|
|t:|1783751319
|move|p2a: Goodra|Protect|p2a: Goodra
|-singleturn|p2a: Goodra|Protect
|move|p1a: Hydreigon|Earth Power|p2b: Venusaur
|-damage|p2b: Venusaur|70/100
|move|p2b: Venusaur|Sludge Bomb|p1a: Hydreigon
|-damage|p1a: Hydreigon|51/100
|-status|p1a: Hydreigon|psn
|
|-heal|p2a: Goodra|50/100g|[from] item: Leftovers
|-damage|p1a: Hydreigon|39/100 psn|[from] psn
|upkeep
|turn|8
|-message|SP-9733 forfeited.
|
|win|BroscoeFlames
|raw|SP-9733's rating: 1162 → 1136(-26 for losing)
|raw|BroscoeFlames's rating: 1143 → 1169(+26 for winning)
|l|☆SP-9733
|player|p1|
|c|☆BroscoeFlames|ggwp
