|j|☆pantalonesHat
|j|☆washingtongargacha
|html|pantalonesHatwashingtongargacha    
|uhtml|bestof|Game 2 of a best-of-3
|t:|1757108199
|gametype|doubles
|player|p1|pantalonesHat|swimmer-gen4dp|1088
|player|p2|washingtongargacha|2|1109
|gen|9
|tier|[Gen 9] VGC 2025 Reg H (Bo3)
|rated|
|rule|Species Clause: Limit one of each Pokémon
|rule|Item Clause: Limit 1 of each item
|clearpoke
|poke|p1|Archaludon, L50, M|
|poke|p1|Gholdengo, L50|
|poke|p1|Incineroar, L50, F|
|poke|p1|Overqwil, L50, M|
|poke|p1|Pelipper, L50, M|
|poke|p1|Amoonguss, L50, F|
|poke|p2|Talonflame, L50, M|
|poke|p2|Gholdengo, L50|
|poke|p2|Dragonite, L50, F|
|poke|p2|Archaludon, L50, M|
|poke|p2|Tyranitar, L50, M|
|poke|p2|Garchomp, L50, M|
|teampreview|4
|showteam|p1|Archaludon||AssaultVest|Stamina|BodyPress,DragonPulse,ElectroShot,FlashCannon|||M|||50|,,,,,Steel]Gholdengo||LifeOrb|GoodasGold|MakeItRain,ShadowBall,NastyPlot,Protect||||||50|,,,,,Water]Incineroar||SafetyGoggles|Intimidate|KnockOff,Taunt,PartingShot,FakeOut|||F|||50|,,,,,Fire]Overqwil||ClearAmulet|SwiftSwim|GunkShot,SwordsDance,AquaTail,Protect|||M|||50|,,,,,Water]Pelipper||CovertCloak|Drizzle|WeatherBall,Hurricane,Protect,Tailwind|||M|||50|,,,,,Ground]Amoonguss||MentalHerb|Regenerator|Spore,RagePowder,Protect,ClearSmog|||F|||50|,,,,,Water
|showteam|p2|Talonflame||CovertCloak|GaleWings|Tailwind,DualWingbeat,Taunt,FlareBlitz|||M|||50|,,,,,Ghost]Gholdengo||ChoiceSpecs|GoodasGold|MakeItRain,SteelBeam,ShadowBall,PowerGem||||||50|,,,,,Steel]Dragonite||LoadedDice|Multiscale|ScaleShot,IceSpinner,Haze,Protect|||F|||50|,,,,,Steel]Archaludon||PowerHerb|Sturdy|FlashCannon,ElectroShot,DracoMeteor,Protect|||M|||50|,,,,,Flying]Tyranitar||AssaultVest|SandStream|KnockOff,RockSlide,TeraBlast,LowKick|||M|||50|,,,,,Flying]Garchomp||LifeOrb|RoughSkin|DragonClaw,StompingTantrum,Earthquake,Protect|||M|||50|,,,,,Steel
|j| OrigenesVGC
|l| OrigenesVGC
|inactive|Battle timer is ON: inactive players will automatically lose when time's up. (requested by washingtongargacha)
|
|t:|1757108270
|teamsize|p1|4
|teamsize|p2|4
|start
|switch|p1a: Overqwil|Overqwil, L50, M, shiny|100/100
|switch|p1b: Archaludon|Archaludon, L50, M|100/100
|switch|p2a: Talonflame|Talonflame, L50, M|100/100
|switch|p2b: Archaludon|Archaludon, L50, M|100/100
|turn|1
|inactive|pantalonesHat has 30 seconds left.
|inactive|pantalonesHat has 20 seconds left.
|
|t:|1757108306
|switch|p2b: Tyranitar|Tyranitar, L50, M|100/100
|-weather|Sandstorm|[from] ability: Sand Stream|[of] p2b: Tyranitar
|move|p2a: Talonflame|Tailwind|p2a: Talonflame
|-sidestart|p2: washingtongargacha|move: Tailwind
|move|p1b: Archaludon|Dragon Pulse|p2b: Tyranitar
|-damage|p2b: Tyranitar|86/100
|move|p1a: Overqwil|Swords Dance|p1a: Overqwil
|-boost|p1a: Overqwil|atk|2
|
|-weather|Sandstorm|[upkeep]
|-damage|p2a: Talonflame|94/100|[from] Sandstorm
|-damage|p1a: Overqwil|94/100|[from] Sandstorm
|upkeep
|turn|2
|inactive|pantalonesHat has 30 seconds left.
|inactive|washingtongargacha has 30 seconds left.
|inactive|washingtongargacha has 20 seconds left.
|inactive|washingtongargacha has 15 seconds left.
|inactive|washingtongargacha has 10 seconds left.
|
|t:|1757108353
|switch|p1a: Pelipper|Pelipper, L50, M|100/100
|-weather|RainDance|[from] ability: Drizzle|[of] p1a: Pelipper
|-terastallize|p2b: Tyranitar|Flying
|move|p2a: Talonflame|Dual Wingbeat|p1b: Archaludon
|-resisted|p1b: Archaludon
|-damage|p1b: Archaludon|96/100
|-ability|p1b: Archaludon|Stamina|boost
|-boost|p1b: Archaludon|def|1
|-resisted|p1b: Archaludon
|-crit|p1b: Archaludon
|-damage|p1b: Archaludon|91/100
|-ability|p1b: Archaludon|Stamina|boost
|-boost|p1b: Archaludon|def|1
|-hitcount|p1b: Archaludon|2
|move|p2b: Tyranitar|Rock Slide|p1b: Archaludon|[spread] p1b
|-miss|p2b: Tyranitar|p1a: Pelipper
|-resisted|p1b: Archaludon
|-damage|p1b: Archaludon|86/100
|-ability|p1b: Archaludon|Stamina|boost
|-boost|p1b: Archaludon|def|1
|move|p1b: Archaludon|Body Press|p2b: Tyranitar
|-resisted|p2b: Tyranitar
|-damage|p2b: Tyranitar|58/100
|
|-weather|RainDance|[upkeep]
|upkeep
|turn|3
|inactive|pantalonesHat has 30 seconds left.
|
|t:|1757108383
|switch|p2b: Gholdengo|Gholdengo, L50|100/100
|move|p2a: Talonflame|Dual Wingbeat|p1a: Pelipper
|-damage|p1a: Pelipper|84/100
|-damage|p1a: Pelipper|69/100
|-hitcount|p1a: Pelipper|2
|move|p1b: Archaludon|Electro Shot||[still]
|-prepare|p1b: Archaludon|Electro Shot
|-boost|p1b: Archaludon|spa|1
|-anim|p1b: Archaludon|Electro Shot|p2b: Gholdengo
|-damage|p2b: Gholdengo|35/100
|move|p1a: Pelipper|Weather Ball|p2a: Talonflame
|-supereffective|p2a: Talonflame
|-damage|p2a: Talonflame|0 fnt
|faint|p2a: Talonflame
|
|-weather|RainDance|[upkeep]
|upkeep
|
|t:|1757108399
|switch|p2a: Archaludon|Archaludon, L50, M|100/100
|turn|4
|inactive|washingtongargacha has 30 seconds left.
|
|t:|1757108430
|switch|p1a: Gholdengo|Gholdengo, L50, shiny|100/100
|move|p2a: Archaludon|Electro Shot||[still]
|-prepare|p2a: Archaludon|Electro Shot
|-boost|p2a: Archaludon|spa|1
|-anim|p2a: Archaludon|Electro Shot|p1a: Gholdengo
|-damage|p1a: Gholdengo|21/100
|move|p2b: Gholdengo|Shadow Ball|p1b: Archaludon
|-damage|p1b: Archaludon|30/100
|-ability|p1b: Archaludon|Stamina|boost
|-boost|p1b: Archaludon|def|1
|move|p1b: Archaludon|Body Press|p2a: Archaludon
|-supereffective|p2a: Archaludon
|-ability|p2a: Archaludon|Sturdy
|-damage|p2a: Archaludon|1/100
|
|-weather|RainDance|[upkeep]
|-sideend|p2: washingtongargacha|move: Tailwind
|upkeep
|turn|5
|inactive|pantalonesHat has 30 seconds left.
|inactive|washingtongargacha has 30 seconds left.
|inactive|pantalonesHat has 20 seconds left.
|inactive|pantalonesHat has 15 seconds left.
|inactive|pantalonesHat has 10 seconds left.
|
|t:|1757108476
|move|p2a: Archaludon|Electro Shot||[still]
|-prepare|p2a: Archaludon|Electro Shot
|-boost|p2a: Archaludon|spa|1
|-anim|p2a: Archaludon|Electro Shot|p1a: Gholdengo
|-damage|p1a: Gholdengo|0 fnt
|faint|p1a: Gholdengo
|move|p2b: Gholdengo|Shadow Ball|p1b: Archaludon
|-damage|p1b: Archaludon|0 fnt
|faint|p1b: Archaludon
|
|-weather|RainDance|[upkeep]
|upkeep
|
|t:|1757108486
|switch|p1a: Overqwil|Overqwil, L50, M, shiny|94/100
|switch|p1b: Pelipper|Pelipper, L50, M|69/100
|turn|6
|
|t:|1757108506
|move|p2a: Archaludon|Protect|p2a: Archaludon
|-singleturn|p2a: Archaludon|Protect
|move|p1b: Pelipper|Protect|p1b: Pelipper
|-singleturn|p1b: Pelipper|Protect
|move|p1a: Overqwil|Aqua Tail|p2b: Gholdengo
|-damage|p2b: Gholdengo|0 fnt
|faint|p2b: Gholdengo
|
|-weather|none
|upkeep
|
|t:|1757108514
|switch|p2b: Tyranitar|Tyranitar, L50, M, tera:Flying|58/100
|-weather|Sandstorm|[from] ability: Sand Stream|[of] p2b: Tyranitar
|turn|7
|
|t:|1757108538
|move|p1a: Overqwil|Protect|p1a: Overqwil
|-singleturn|p1a: Overqwil|Protect
|move|p2a: Archaludon|Electro Shot||[still]
|-prepare|p2a: Archaludon|Electro Shot
|-boost|p2a: Archaludon|spa|1
|-enditem|p2a: Archaludon|Power Herb
|-anim|p2a: Archaludon|Electro Shot|p1a: Overqwil
|-activate|p1a: Overqwil|move: Protect
|move|p1b: Pelipper|Weather Ball|p2b: Tyranitar
|-supereffective|p2b: Tyranitar
|-damage|p2b: Tyranitar|30/100
|move|p2b: Tyranitar|Rock Slide|p1b: Pelipper|[spread] p1b
|-activate|p1a: Overqwil|move: Protect
|-supereffective|p1b: Pelipper
|-damage|p1b: Pelipper|0 fnt
|faint|p1b: Pelipper
|
|-weather|Sandstorm|[upkeep]
|-damage|p1a: Overqwil|88/100|[from] Sandstorm
|-damage|p2b: Tyranitar|24/100|[from] Sandstorm
|upkeep
|turn|8
|inactive|pantalonesHat has 30 seconds left.
|inactive|washingtongargacha has 30 seconds left.
|
|t:|1757108570
|move|p2a: Archaludon|Flash Cannon|p1a: Overqwil
|-damage|p1a: Overqwil|0 fnt
|faint|p1a: Overqwil
|
|win|washingtongargacha
|raw|pantalonesHat's rating: 1088 → 1066(-22 for losing)
|raw|washingtongargacha's rating: 1109 → 1132(+23 for winning)
