|j|☆Chapignon286
|j|☆debouls
|html|Chapignon286debouls    
|uhtml|bestof|Game 2 of a best-of-3
|t:|1757713130
|gametype|doubles
|player|p1|Chapignon286|102|1250
|player|p2|debouls|102|1217
|gen|9
|tier|[Gen 9] VGC 2025 Reg H (Bo3)
|rated|
|rule|Species Clause: Limit one of each Pokémon
|rule|Item Clause: Limit 1 of each item
|clearpoke
|poke|p1|Dondozo, L50, F|
|poke|p1|Tatsugiri, L50, F|
|poke|p1|Kingambit, L50, M|
|poke|p1|Sneasler, L50, M|
|poke|p1|Volcarona, L50, M|
|poke|p1|Dragonite, L50, M|
|poke|p2|Indeedee-F, L50, F|
|poke|p2|Gallade, L50, M|
|poke|p2|Torkoal, L50, M|
|poke|p2|Lilligant-Hisui, L50, F|
|poke|p2|Armarouge, L50, M|
|poke|p2|Ursaluna, L50, M|
|teampreview|4
|showteam|p1|Dondozo||Leftovers|Unaware|WaveCrash,OrderUp,Yawn,Protect|||F|||50|,,,,,Grass]Tatsugiri||ChoiceScarf|Commander|IcyWind,DracoMeteor,MuddyWater,TeraBlast|||F|||50|,,,,,Steel]Kingambit||SafetyGoggles|Defiant|KowtowCleave,SuckerPunch,SwordsDance,Protect|||M|||50|,,,,,Dark]Sneasler||FocusSash|PoisonTouch|CloseCombat,DireClaw,FakeOut,Protect|||M|||50|,,,,,Stellar]Volcarona||CovertCloak|FlameBody|HeatWave,TeraBlast,QuiverDance,RagePowder|||M|||50|,,,,,Fairy]Dragonite||LoadedDice|Multiscale|ScaleShot,Protect,Tailwind,StompingTantrum|||M|||50|,,,,,Fairy
|showteam|p2|Indeedee-F||PsychicSeed|PsychicSurge|Psychic,HelpingHand,FollowMe,TrickRoom|||F|||50|,,,,,Grass]Gallade||ClearAmulet|Sharpness|SacredSword,PsychoCut,TrickRoom,Protect|||M|||50|,,,,,Grass]Torkoal||Charcoal|Drought|Eruption,WeatherBall,EarthPower,Protect|||M|||50|,,,,,Fire]Lilligant-Hisui||FocusSash|Chlorophyll|TripleAxel,CloseCombat,SleepPowder,AfterYou|||F|||50|,,,,,Ghost]Armarouge||LifeOrb|FlashFire|ExpandingForce,ArmorCannon,TrickRoom,Protect|||M|||50|,,,,,Grass]Ursaluna||FlameOrb|Guts|Facade,HeadlongRush,Earthquake,Protect|||M|||50|,,,,,Ghost
|inactive|Battle timer is ON: inactive players will automatically lose when time's up. (requested by Chapignon286)
|
|t:|1757713151
|teamsize|p1|4
|teamsize|p2|4
|start
|switch|p1a: Kingambit|Kingambit, L50, M|100/100
|switch|p1b: Volcarona|Volcarona, L50, M|100/100
|switch|p2a: Indeedee|Indeedee-F, L50, F|100/100
|switch|p2b: Gallade|Gallade, L50, M|100/100
|-fieldstart|move: Psychic Terrain|[from] ability: Psychic Surge|[of] p2a: Indeedee
|-enditem|p2a: Indeedee|Psychic Seed
|-boost|p2a: Indeedee|spd|1|[from] item: Psychic Seed
|turn|1
|inactive|Chapignon286 has 30 seconds left.
|inactive|debouls has 30 seconds left.
|inactive|Chapignon286 has 20 seconds left.
|inactive|debouls has 20 seconds left.
|inactive|debouls has 15 seconds left.
|inactive|debouls has 10 seconds left.
|inactive|debouls has 5 seconds left.
|
|t:|1757713203
|move|p1a: Kingambit|Protect|p1a: Kingambit
|-singleturn|p1a: Kingambit|Protect
|move|p2a: Indeedee|Follow Me|p2a: Indeedee
|-singleturn|p2a: Indeedee|move: Follow Me
|move|p1b: Volcarona|Heat Wave|p2b: Gallade|[spread] p2a,p2b
|-damage|p2a: Indeedee|82/100
|-damage|p2b: Gallade|74/100
|move|p2b: Gallade|Trick Room|p2b: Gallade
|-fieldstart|move: Trick Room|[of] p2b: Gallade
|
|upkeep
|turn|2
|inactive|Chapignon286 has 30 seconds left.
|inactive|Chapignon286 has 20 seconds left.
|inactive|Chapignon286 has 15 seconds left.
|inactive|debouls has 30 seconds left.
|inactive|Chapignon286 has 10 seconds left.
|inactive|debouls has 20 seconds left.
|inactive|debouls has 15 seconds left.
|inactive|debouls has 10 seconds left.
|
|t:|1757713263
|-terastallize|p1a: Kingambit|Dark
|move|p1b: Volcarona|Rage Powder|p1b: Volcarona
|-singleturn|p1b: Volcarona|move: Rage Powder
|move|p1a: Kingambit|Kowtow Cleave|p2b: Gallade
|-damage|p2b: Gallade|0 fnt
|faint|p2b: Gallade
|move|p2a: Indeedee|Psychic|p1b: Volcarona
|-damage|p1b: Volcarona|62/100
|
|upkeep
|
|t:|1757713274
|switch|p2b: Ursaluna|Ursaluna, L50, M|100/100
|turn|3
|inactive|Chapignon286 has 30 seconds left.
|inactive|debouls has 30 seconds left.
|inactive|debouls has 20 seconds left.
|
|t:|1757713310
|-terastallize|p2a: Indeedee|Grass
|move|p2a: Indeedee|Follow Me|p2a: Indeedee
|-singleturn|p2a: Indeedee|move: Follow Me
|move|p1b: Volcarona|Rage Powder|p1b: Volcarona
|-singleturn|p1b: Volcarona|move: Rage Powder
|move|p2b: Ursaluna|Facade|p1b: Volcarona
|-damage|p1b: Volcarona|8/100
|move|p1a: Kingambit|Kowtow Cleave|p2a: Indeedee
|-damage|p2a: Indeedee|20/100
|
|-status|p2b: Ursaluna|brn|[from] item: Flame Orb
|upkeep
|turn|4
|inactive|Chapignon286 has 30 seconds left.
|inactive|Chapignon286 has 20 seconds left.
|inactive|Chapignon286 has 15 seconds left.
|inactive|Chapignon286 has 10 seconds left.
|
|t:|1757713359
|move|p2a: Indeedee|Helping Hand|p2b: Ursaluna
|-singleturn|p2b: Ursaluna|Helping Hand|[of] p2a: Indeedee
|move|p1b: Volcarona|Rage Powder|p1b: Volcarona
|-singleturn|p1b: Volcarona|move: Rage Powder
|move|p2b: Ursaluna|Earthquake|p1b: Volcarona|[spread] p2a,p1a,p1b
|-resisted|p2a: Indeedee
|-crit|p1b: Volcarona
|-damage|p2a: Indeedee|0 fnt
|-damage|p1a: Kingambit|26/100
|-damage|p1b: Volcarona|0 fnt
|faint|p2a: Indeedee
|faint|p1b: Volcarona
|move|p1a: Kingambit|Kowtow Cleave|p2b: Ursaluna
|-damage|p2b: Ursaluna|48/100 brn
|
|-damage|p2b: Ursaluna|42/100 brn|[from] brn
|upkeep
|
|t:|1757713372
|switch|p2a: Lilligant|Lilligant-Hisui, L50, F|100/100
|switch|p1b: Dondozo|Dondozo, L50, F|100/100
|turn|5
|inactive|Chapignon286 has 30 seconds left.
|inactive|Chapignon286 has 20 seconds left.
|inactive|debouls has 30 seconds left.
|inactive|Chapignon286 has 15 seconds left.
|inactive|Chapignon286 has 10 seconds left.
|
|t:|1757713421
|move|p1a: Kingambit|Protect|p1a: Kingambit
|-singleturn|p1a: Kingambit|Protect
|move|p1b: Dondozo|Protect|p1b: Dondozo
|-singleturn|p1b: Dondozo|Protect
|move|p2b: Ursaluna|Facade|p1a: Kingambit
|-activate|p1a: Kingambit|move: Protect
|move|p2a: Lilligant|Sleep Powder|p1b: Dondozo
|-activate|p1b: Dondozo|move: Protect
|
|-damage|p2b: Ursaluna|36/100 brn|[from] brn
|-fieldend|move: Trick Room
|-fieldend|move: Psychic Terrain
|upkeep
|turn|6
|inactive|debouls has 30 seconds left.
|
|t:|1757713448
|switch|p1a: Tatsugiri|Tatsugiri, L50, F|100/100
|-activate|p1a: Tatsugiri|ability: Commander|[of] p1b: Dondozo
|-boost|p1b: Dondozo|atk|2
|-boost|p1b: Dondozo|spa|2
|-boost|p1b: Dondozo|spe|2
|-boost|p1b: Dondozo|def|2
|-boost|p1b: Dondozo|spd|2
|move|p2a: Lilligant|Sleep Powder|p1b: Dondozo
|-status|p1b: Dondozo|slp|[from] move: Sleep Powder
|cant|p1b: Dondozo|slp
|move|p2b: Ursaluna|Facade|p1a: Tatsugiri|[miss]
|-miss|p2b: Ursaluna|p1a: Tatsugiri
|
|-damage|p2b: Ursaluna|30/100 brn|[from] brn
|upkeep
|turn|7
|inactive|debouls has 30 seconds left.
|
|t:|1757713477
|move|p2a: Lilligant|Triple Axel|p1b: Dondozo
|-resisted|p1b: Dondozo
|-damage|p1b: Dondozo|99/100 slp
|-resisted|p1b: Dondozo
|-damage|p1b: Dondozo|97/100 slp
|-resisted|p1b: Dondozo
|-damage|p1b: Dondozo|93/100 slp
|-hitcount|p1b: Dondozo|3
|cant|p1b: Dondozo|slp
|move|p2b: Ursaluna|Facade|p1b: Dondozo
|-damage|p1b: Dondozo|52/100 slp
|
|-heal|p1b: Dondozo|58/100 slp|[from] item: Leftovers
|-damage|p2b: Ursaluna|24/100 brn|[from] brn
|upkeep
|turn|8
|inactive|debouls has 30 seconds left.
|inactive|debouls has 20 seconds left.
|
|t:|1757713514
|move|p2a: Lilligant|Close Combat|p1b: Dondozo
|-damage|p1b: Dondozo|39/100 slp
|-unboost|p2a: Lilligant|def|1
|-unboost|p2a: Lilligant|spd|1
|-curestatus|p1b: Dondozo|slp|[msg]
|move|p1b: Dondozo|Order Up|p2a: Lilligant
|-damage|p2a: Lilligant|27/100
|-boost|p1b: Dondozo|atk|1
|move|p2b: Ursaluna|Facade|p1b: Dondozo
|-damage|p1b: Dondozo|0 fnt
|faint|p1b: Dondozo
|
|-damage|p2b: Ursaluna|18/100 brn|[from] brn
|upkeep
|
|t:|1757713521
|switch|p1b: Kingambit|Kingambit, L50, M, tera:Dark|26/100
|turn|9
|inactive|debouls has 30 seconds left.
|
|t:|1757713555
|move|p1b: Kingambit|Sucker Punch|p2b: Ursaluna
|-damage|p2b: Ursaluna|0 fnt
|faint|p2b: Ursaluna
|move|p1a: Tatsugiri|Icy Wind|p2a: Lilligant
|-supereffective|p2a: Lilligant
|-damage|p2a: Lilligant|0 fnt
|faint|p2a: Lilligant
|
|win|Chapignon286
||Chapignon286 is ready for game 3.
||debouls is ready for game 3.
|uhtml|next|Next: Game 3 of 3
