|j|☆Kdbc73
|j|☆Yfhcuc
|html|Kdbc73Yfhcuc    
|uhtml|bestof|Game 1 of a best-of-3
|t:|1756176911
|gametype|doubles
|player|p1|Kdbc73|preschoolerf|1097
|player|p2|Yfhcuc|1|1010
|gen|9
|tier|[Gen 9] VGC 2025 Reg H (Bo3)
|rated|
|rule|Species Clause: Limit one of each Pokémon
|rule|Item Clause: Limit 1 of each item
|clearpoke
|poke|p1|Sneasler, L50, F|
|poke|p1|Indeedee, L50, M|
|poke|p1|Ursaluna-Bloodmoon, L50, M|
|poke|p1|Electabuzz, L50, M|
|poke|p1|Incineroar, L50, M|
|poke|p1|Talonflame, L50, F|
|poke|p2|Klefki, L50, M|
|poke|p2|Ursaluna-Bloodmoon, L50, M|
|poke|p2|Dragonite, L50, F|
|poke|p2|Archaludon, L50, M|
|poke|p2|Annihilape, L50, F|
|poke|p2|Maushold-Four, L50|
|teampreview|4
|showteam|p1|Sneasler||PsychicSeed|Unburden|CloseCombat,DireClaw,ThroatChop,Protect|||F|||50|,,,,,Dark]Indeedee||FocusSash|PsychicSurge|ExpandingForce,TrickRoom,HelpingHand,Protect|||M|||50|,,,,,Psychic]Ursaluna-Bloodmoon||LifeOrb|MindsEye|BloodMoon,HyperVoice,EarthPower,Protect|||M|||50|,,,,,Normal]Electabuzz||Eviolite|VitalSpirit|Electroweb,FollowMe,Taunt,Protect|||M|||50|,,,,,Dragon]Incineroar||SafetyGoggles|Intimidate|FlareBlitz,KnockOff,PartingShot,FakeOut|||M|||50|,,,,,Ghost]Talonflame||CovertCloak|GaleWings|FlareBlitz,DualWingbeat,WillOWisp,Tailwind|||F|||50|,,,,,Fairy
|showteam|p2|Klefki||LightClay|Prankster|DazzlingGleam,MistyTerrain,Reflect,LightScreen|||M|||50|,,,,,Water]Ursaluna-Bloodmoon||AssaultVest|MindsEye|BloodMoon,EarthPower,HyperVoice,VacuumWave|||M|||50|,,,,,Electric]Dragonite||LoadedDice|Multiscale|ScaleShot,Tailwind,Haze,Protect|||F|||50|,,,,,Steel]Archaludon||PowerHerb|Sturdy|ElectroShot,FlashCannon,DracoMeteor,Protect|||M|||50|,,,,,Grass]Annihilape||Leftovers|Defiant|RageFist,DrainPunch,BulkUp,Protect|||F|||50|,,,,,Fire]Maushold-Four||FocusSash|FriendGuard|BeatUp,FollowMe,Taunt,Protect||||||50|,,,,,Ghost
|
|t:|1756176941
|teamsize|p1|4
|teamsize|p2|4
|start
|switch|p1a: Electabuzz|Electabuzz, L50, M|100/100
|switch|p1b: Ursaluna|Ursaluna-Bloodmoon, L50, M|100/100
|switch|p2a: Klefki|Klefki, L50, M|100/100
|switch|p2b: Ursaluna|Ursaluna-Bloodmoon, L50, M|100/100
|turn|1
|
|t:|1756176976
|move|p2a: Klefki|Light Screen|p2a: Klefki
|-sidestart|p2: Yfhcuc|move: Light Screen
|move|p1a: Electabuzz|Electroweb|p2a: Klefki|[spread] p2a
|-immune|p2b: Ursaluna
|-damage|p2a: Klefki|90/100
|-unboost|p2a: Klefki|spe|1
|move|p1b: Ursaluna|Earth Power|p2a: Klefki
|-supereffective|p2a: Klefki
|-damage|p2a: Klefki|0 fnt
|faint|p2a: Klefki
|-damage|p1b: Ursaluna|91/100|[from] item: Life Orb
|move|p2b: Ursaluna|Blood Moon|p1b: Ursaluna
|-damage|p1b: Ursaluna|0 fnt
|faint|p1b: Ursaluna
|
|upkeep
|
|t:|1756177003
|switch|p1b: Indeedee|Indeedee, L50, M|100/100
|switch|p2a: Dragonite|Dragonite, L50, F|100/100
|-fieldstart|move: Psychic Terrain|[from] ability: Psychic Surge|[of] p1b: Indeedee
|turn|2
|
|t:|1756177020
|move|p1a: Electabuzz|Electroweb|p2b: Ursaluna|[spread] p2a
|-immune|p2b: Ursaluna
|-damage|p2a: Dragonite|96/100
|-unboost|p2a: Dragonite|spe|1
|move|p1b: Indeedee|Expanding Force|p2b: Ursaluna|[spread] p2a,p2b
|-damage|p2a: Dragonite|56/100
|-damage|p2b: Ursaluna|73/100
|move|p2a: Dragonite|Scale Shot|p1b: Indeedee
|-damage|p1b: Indeedee|67/100
|-damage|p1b: Indeedee|38/100
|-damage|p1b: Indeedee|9/100
|-damage|p1b: Indeedee|0 fnt
|faint|p1b: Indeedee
|-hitcount|p1: Indeedee|4
|-unboost|p2a: Dragonite|def|1
|-boost|p2a: Dragonite|spe|1
|move|p2b: Ursaluna|Hyper Voice|p1a: Electabuzz
|-damage|p1a: Electabuzz|57/100
|
|upkeep
|
|t:|1756177032
|switch|p1b: Sneasler|Sneasler, L50, F|100/100
|-enditem|p1b: Sneasler|Psychic Seed
|-boost|p1b: Sneasler|spd|1|[from] item: Psychic Seed
|turn|3
|
|t:|1756177059
|-terastallize|p2b: Ursaluna|Electric
|move|p1b: Sneasler|Dire Claw|p2b: Ursaluna
|-damage|p2b: Ursaluna|38/100
|-status|p2b: Ursaluna|psn
|move|p1a: Electabuzz|Electroweb|p2b: Ursaluna|[spread] p2a,p2b
|-resisted|p2b: Ursaluna
|-damage|p2a: Dragonite|45/100
|-damage|p2b: Ursaluna|35/100 psn
|-unboost|p2a: Dragonite|spe|1
|-unboost|p2b: Ursaluna|spe|1
|move|p2a: Dragonite|Scale Shot|p1a: Electabuzz
|-damage|p1a: Electabuzz|43/100
|-damage|p1a: Electabuzz|28/100
|-damage|p1a: Electabuzz|12/100
|-damage|p1a: Electabuzz|0 fnt
|faint|p1a: Electabuzz
|-hitcount|p1: Electabuzz|4
|-unboost|p2a: Dragonite|def|1
|-boost|p2a: Dragonite|spe|1
|move|p2b: Ursaluna|Hyper Voice|p1b: Sneasler
|-damage|p1b: Sneasler|57/100
|
|-damage|p2b: Ursaluna|22/100 psn|[from] psn
|upkeep
|turn|4
|
|t:|1756177084
|move|p1b: Sneasler|Protect|p1b: Sneasler
|-singleturn|p1b: Sneasler|Protect
|move|p2a: Dragonite|Scale Shot|p1b: Sneasler
|-activate|p1b: Sneasler|move: Protect
|move|p2b: Ursaluna|Earth Power|p1b: Sneasler
|-activate|p1b: Sneasler|move: Protect
|
|-damage|p2b: Ursaluna|10/100 psn|[from] psn
|upkeep
|turn|5
|
|t:|1756177102
|-terastallize|p1b: Sneasler|Dark
|move|p1b: Sneasler|Dire Claw|p2a: Dragonite
|-damage|p2a: Dragonite|0 fnt
|faint|p2a: Dragonite
|move|p2b: Ursaluna|Earth Power|p1b: Sneasler
|-damage|p1b: Sneasler|10/100
|-unboost|p1b: Sneasler|spd|1
|
|-damage|p2b: Ursaluna|0 fnt|[from] psn
|faint|p2b: Ursaluna
|upkeep
|
|t:|1756177110
|switch|p2a: Archaludon|Archaludon, L50, M|100/100
|turn|6
|
|t:|1756177118
|move|p1b: Sneasler|Close Combat|p2a: Archaludon
|-supereffective|p2a: Archaludon
|-ability|p2a: Archaludon|Sturdy
|-damage|p2a: Archaludon|1/100
|-unboost|p1b: Sneasler|def|1
|-unboost|p1b: Sneasler|spd|1
|move|p2a: Archaludon|Electro Shot||[still]
|-prepare|p2a: Archaludon|Electro Shot
|-boost|p2a: Archaludon|spa|1
|-enditem|p2a: Archaludon|Power Herb
|-anim|p2a: Archaludon|Electro Shot|p1b: Sneasler
|-damage|p1b: Sneasler|0 fnt
|faint|p1b: Sneasler
|
|win|Yfhcuc
||Yfhcuc is ready for game 2.
||Kdbc73 is ready for game 2.
|uhtml|next|Next: Game 2 of 3
|l|☆Yfhcuc
|player|p2|
