|j|☆pokestan1947
|j|☆Divine Monkey King
|html|pokestan1947Divine Monkey King    
|uhtml|bestof|Game 3 of a best-of-3
|t:|1782738926
|gametype|doubles
|player|p1|pokestan1947|caitlin|1131
|player|p2|Divine Monkey King|266|1118
|gen|9
|tier|[Gen 9 Champions] VGC 2026 Reg M-B (Bo3)
|rated|
|rule|Species Clause: Limit one of each Pokémon
|rule|Item Clause: Limit 1 of each item
|clearpoke
|poke|p1|Incineroar, L50, M|
|poke|p1|Gholdengo, L50|
|poke|p1|Mimikyu, L50, M|
|poke|p1|Gengar, L50, M, shiny|
|poke|p1|Venusaur, L50, M, shiny|
|poke|p1|Charizard, L50, M, shiny|
|poke|p2|Whimsicott, L50, F, shiny|
|poke|p2|Lucario, L50, M, shiny|
|poke|p2|Pelipper, L50, M, shiny|
|poke|p2|Beedrill, L50, M, shiny|
|poke|p2|Annihilape, L50, M, shiny|
|poke|p2|Basculegion, L50, M, shiny|
|teampreview|4
|showteam|p1|Incineroar||Charcoal|Intimidate|FakeOut,FlareBlitz,DarkestLariat,PartingShot|Careful||M|||50|]Gholdengo||FocusSash|GoodasGold|Hex,NastyPlot,Protect,MakeItRain|Modest|||||50|]Mimikyu||SitrusBerry|Disguise|ThunderWave,PlayRough,TrickRoom,Curse|Adamant||M|||50|]Gengar||Gengarite|CursedBody|Hex,PerishSong,Protect,SludgeWave|Modest||M|||50|]Venusaur||Leftovers|Chlorophyll|SleepPowder,LeechSeed,Protect,EnergyBall|Modest||M|||50|]Charizard||CharizarditeY|Blaze|HeatWave,Protect,AncientPower,SolarBeam|Modest||M|||50|
|showteam|p2|Whimsicott||FocusSash|Prankster|Moonblast,Protect,Tailwind,BeatUp|Timid||F|||50|]Lucario||Lucarionite|Justified|Crunch,DrainPunch,PoisonJab,Protect|Jolly||M|||50|]Pelipper||SitrusBerry|Drizzle|Hurricane,IceBeam,Protect,WeatherBall|Timid||M|||50|]Beedrill||Beedrillite|Sniper|DrillRun,PoisonJab,Protect,FellStinger|Jolly||M|||50|]Annihilape||Leftovers|Defiant|BulkUp,DrainPunch,RageFist,RockSlide|Adamant||M|||50|]Basculegion||MysticWater|SwiftSwim|AquaJet,FlipTurn,LastRespects,Protect|Adamant||M|||50|
|inactive|Battle timer is ON: inactive players will automatically lose when time's up. (requested by pokestan1947)
|inactive|Divine Monkey King has 60 seconds left.
|
|t:|1782738979
|teamsize|p1|4
|teamsize|p2|4
|start
|switch|p1a: Charizard|Charizard, L50, M, shiny|100/100
|switch|p1b: Venusaur|Venusaur, L50, M, shiny|100/100
|switch|p2a: Pelipper|Pelipper, L50, M, shiny|100/100
|switch|p2b: Basculegion|Basculegion, L50, M, shiny|100/100
|-weather|RainDance|[from] ability: Drizzle|[of] p2a: Pelipper
|turn|1
|c|☆Divine Monkey King|Gg I lost here on reads
|inactive|pokestan1947 has 30 seconds left.
|c|☆Divine Monkey King|*leads
|
|t:|1782739010
|switch|p2a: Annihilape|Annihilape, L50, M, shiny|100/100
|detailschange|p1a: Charizard|Charizard-Mega-Y, L50, M, shiny
|-mega|p1a: Charizard|Charizard|Charizardite Y
|-weather|SunnyDay|[from] ability: Drought|[of] p1a: Charizard
|move|p2b: Basculegion|Protect|p2b: Basculegion
|-singleturn|p2b: Basculegion|Protect
|move|p1b: Venusaur|Sleep Powder|p2a: Annihilape
|-status|p2a: Annihilape|slp|[from] move: Sleep Powder
|move|p1a: Charizard|Solar Beam||[still]
|-prepare|p1a: Charizard|Solar Beam
|-anim|p1a: Charizard|Solar Beam|p2b: Basculegion
|-activate|p2b: Basculegion|move: Protect
|
|-weather|SunnyDay|[upkeep]
|upkeep
|turn|2
|
|t:|1782739029
|switch|p2a: Pelipper|Pelipper, L50, M, shiny|100/100
|-weather|RainDance|[from] ability: Drizzle|[of] p2a: Pelipper
|move|p2b: Basculegion|Flip Turn|p1a: Charizard
|-supereffective|p1a: Charizard|1
|-damage|p1a: Charizard|0 fnt
|faint|p1a: Charizard
|
|t:|1782739043
|switch|p2b: Annihilape|Annihilape, L50, M, shiny|100/100 slp|[from] Flip Turn
|move|p1b: Venusaur|Leech Seed|p2a: Pelipper
|-start|p2a: Pelipper|move: Leech Seed
|
|-weather|RainDance|[upkeep]
|-damage|p2a: Pelipper|88/100|[from] Leech Seed|[of] p1b: Venusaur
|upkeep
|c|☆pokestan1947|gg
|
|t:|1782739050
|switch|p1a: Gholdengo|Gholdengo, L50|100/100
|turn|3
|
|t:|1782739070
|move|p1b: Venusaur|Protect|p1b: Venusaur
|-singleturn|p1b: Venusaur|Protect
|cant|p2b: Annihilape|slp
|move|p1a: Gholdengo|Hex|p2b: Annihilape
|-supereffective|p2b: Annihilape|1
|-damage|p2b: Annihilape|0 fnt
|faint|p2b: Annihilape
|move|p2a: Pelipper|Hurricane|p1b: Venusaur
|-activate|p1b: Venusaur|move: Protect
|
|-weather|RainDance|[upkeep]
|-damage|p2a: Pelipper|76/100|[from] Leech Seed|[of] p1b: Venusaur
|upkeep
|
|t:|1782739081
|switch|p2b: Basculegion|Basculegion, L50, M, shiny|100/100
|turn|4
|
|t:|1782739095
|move|p1a: Gholdengo|Protect|p1a: Gholdengo
|-singleturn|p1a: Gholdengo|Protect
|move|p2b: Basculegion|Last Respects|p1a: Gholdengo
|-activate|p1a: Gholdengo|move: Protect
|move|p2a: Pelipper|Hurricane|p1b: Venusaur
|-supereffective|p1b: Venusaur|1
|-damage|p1b: Venusaur|18/100
|move|p1b: Venusaur|Sleep Powder|p2b: Basculegion|[miss]
|-miss|p1b: Venusaur|p2b: Basculegion
|
|-weather|RainDance|[upkeep]
|-heal|p1b: Venusaur|24/100|[from] item: Leftovers
|-damage|p2a: Pelipper|64/100|[from] Leech Seed|[of] p1b: Venusaur
|-heal|p1b: Venusaur|33/100|[silent]
|upkeep
|turn|5
|c|☆pokestan1947|buy lotto rng don eme
|
|t:|1782739118
|switch|p1a: Incineroar|Incineroar, L50, M|100/100
|-ability|p1a: Incineroar|Intimidate|boost
|-unboost|p2a: Pelipper|atk|1
|-unboost|p2b: Basculegion|atk|1
|move|p1b: Venusaur|Protect|p1b: Venusaur
|-singleturn|p1b: Venusaur|Protect
|move|p2b: Basculegion|Last Respects|p1a: Incineroar
|-resisted|p1a: Incineroar|1
|-damage|p1a: Incineroar|87/100
|move|p2a: Pelipper|Weather Ball|p1a: Incineroar
|-supereffective|p1a: Incineroar|1
|-damage|p1a: Incineroar|0 fnt
|faint|p1a: Incineroar
|
|-weather|RainDance|[upkeep]
|-heal|p1b: Venusaur|39/100|[from] item: Leftovers
|-damage|p2a: Pelipper|52/100|[from] Leech Seed|[of] p1b: Venusaur
|-heal|p1b: Venusaur|47/100|[silent]
|upkeep
|
|t:|1782739134
|switch|p1a: Gholdengo|Gholdengo, L50|100/100
|turn|6
|
|t:|1782739151
|move|p1a: Gholdengo|Protect|p1a: Gholdengo
|-singleturn|p1a: Gholdengo|Protect
|move|p1b: Venusaur|Protect||[still]
|-fail|p1b: Venusaur
|move|p2b: Basculegion|Flip Turn|p1a: Gholdengo
|-activate|p1a: Gholdengo|move: Protect
|move|p2a: Pelipper|Hurricane|p1b: Venusaur
|-supereffective|p1b: Venusaur|1
|-damage|p1b: Venusaur|0 fnt
|faint|p1b: Venusaur
|
|-weather|none
|upkeep
|turn|7
|-message|pokestan1947 forfeited.
|raw|pokestan1947's rating: 1131 → 1105(-26 for losing)
|raw|Divine Monkey King's rating: 1118 → 1144(+26 for winning)
|
|win|Divine Monkey King
|c|☆Divine Monkey King|Idk how I turned that around
|l|☆pokestan1947
|player|p1|
|c|☆Divine Monkey King|Gg
