|j|☆Crispy Will
|j|☆hclint44
|html|Crispy Willhclint44    
|uhtml|bestof|Game 2 of a best-of-3
|t:|1784477231
|gametype|doubles
|player|p1|Crispy Will|pokekid|
|player|p2|hclint44|1|
|gen|9
|tier|[Gen 9 Champions] VGC 2026 Reg M-B (Bo3)
|rule|Species Clause: Limit one of each Pokémon
|rule|Item Clause: Limit 1 of each item
|clearpoke
|poke|p1|Basculegion, L50, M|
|poke|p1|Incineroar, L50, M|
|poke|p1|Maushold-Four, L50|
|poke|p1|Kommo-o, L50, F|
|poke|p1|Gengar, L50, F|
|poke|p1|Gliscor, L50, F|
|poke|p2|Tyranitar, L50, M, shiny|
|poke|p2|Kingambit, L50, M|
|poke|p2|Simipour, L50, M|
|poke|p2|Lopunny, L50, F, shiny|
|poke|p2|Klefki, L50, M|
|poke|p2|Staraptor, L50, M, shiny|
|teampreview|4
|showteam|p1|Basculegion||ChoiceScarf|Adaptability|LastRespects,WaveCrash,FlipTurn,AquaJet|Jolly||M|||50|]Incineroar||SitrusBerry|Intimidate|FakeOut,PartingShot,Protect,FlareBlitz|Careful||M|||50|]Maushold-Four||FocusSash|FriendGuard|FollowMe,Encore,SuperFang,ThunderWave|Timid|||||50|]Kommo-o||Leftovers|Overcoat|IronDefense,BodyPress,Protect,DracoMeteor|Impish||F|||50|]Gengar||Gengarite|CursedBody|FocusBlast,WillOWisp,Protect,SludgeBomb|Timid||F|||50|]Gliscor||MentalHerb|SandVeil|Tailwind,Earthquake,Protect,KnockOff|Careful||F|||50|
|showteam|p2|Tyranitar||ChopleBerry|SandStream|RockSlide,Crunch,Protect,DragonDance|Jolly||M|||50|]Kingambit||FocusSash|Defiant|SuckerPunch,KowtowCleave,IronHead,SwordsDance|Adamant||M|||50|]Simipour||MentalHerb|Torrent|FakeOut,Taunt,HelpingHand,Scald|Timid||M|||50|]Lopunny||Lopunnite|Limber|FakeOut,CloseCombat,DrainPunch,TripleAxel|Jolly||F|||50|]Klefki||ShucaBerry|Prankster|ThunderWave,DazzlingGleam,Psychic,Reflect|Calm||M|||50|]Staraptor||LifeOrb|Intimidate|Roost,BraveBird,Uturn,Tailwind|Adamant||M|||50|
|inactive|Battle timer is ON: inactive players will automatically lose when time's up. (requested by hclint44)
|j| Very Sinistea
|c|☆hclint44|bl dhf
|inactive|Crispy Will has 60 seconds left.
|
|t:|1784477263
|teamsize|p1|4
|teamsize|p2|4
|start
|switch|p1a: jingle with intent|Kommo-o, L50, F|100/100
|switch|p1b: Iggy Slapper|Incineroar, L50, M|100/100
|switch|p2a: PuppyMonkeyBaby|Simipour, L50, M|100/100
|switch|p2b: jingling|Klefki, L50, M|100/100
|-ability|p1b: Iggy Slapper|Intimidate|boost
|-unboost|p2a: PuppyMonkeyBaby|atk|1
|-unboost|p2b: jingling|atk|1
|turn|1
|inactive|Crispy Will has 30 seconds left.
|inactive|Crispy Will has 20 seconds left.
|
|t:|1784477300
|switch|p1b: Basculegion|Basculegion, L50, M|100/100
|move|p2a: PuppyMonkeyBaby|Fake Out|p1b: Basculegion
|-immune|p1b: Basculegion
|move|p2b: jingling|Thunder Wave|p1a: jingle with intent
|-status|p1a: jingle with intent|par
|move|p1a: jingle with intent|Iron Defense|p1a: jingle with intent
|-boost|p1a: jingle with intent|def|2
|
|upkeep
|turn|2
|
|t:|1784477319
|move|p2b: jingling|Thunder Wave|p1b: Basculegion
|-status|p1b: Basculegion|par
|move|p2a: PuppyMonkeyBaby|Scald|p1a: jingle with intent
|-resisted|p1a: jingle with intent|1
|-damage|p1a: jingle with intent|87/100 par
|move|p1b: Basculegion|Flip Turn|p2b: jingling
|-damage|p2b: jingling|58/100
|
|t:|1784477331
|switch|p1b: Iggy Slapper|Incineroar, L50, M|100/100|[from] Flip Turn
|-ability|p1b: Iggy Slapper|Intimidate|boost
|-unboost|p2a: PuppyMonkeyBaby|atk|1
|-unboost|p2b: jingling|atk|1
|move|p1a: jingle with intent|Body Press|p2a: PuppyMonkeyBaby
|-damage|p2a: PuppyMonkeyBaby|0 fnt
|faint|p2a: PuppyMonkeyBaby
|
|-heal|p1a: jingle with intent|93/100 par|[from] item: Leftovers
|upkeep
|
|t:|1784477343
|switch|p2a: Not a Phase|Staraptor, L50, M, shiny|100/100
|-ability|p2a: Not a Phase|Intimidate|boost
|-unboost|p1a: jingle with intent|atk|1
|-unboost|p1b: Iggy Slapper|atk|1
|turn|3
|
|t:|1784477352
|move|p1b: Iggy Slapper|Fake Out|p2b: jingling
|-resisted|p2b: jingling|1
|-damage|p2b: jingling|54/100
|move|p2a: Not a Phase|Brave Bird|p1a: jingle with intent
|-supereffective|p1a: jingle with intent|1
|-damage|p1a: jingle with intent|40/100 par
|-damage|p2a: Not a Phase|80/100|[from] Recoil
|-damage|p2a: Not a Phase|71/100|[from] item: Life Orb
|cant|p2b: jingling|flinch
|move|p1a: jingle with intent|Body Press|p2a: Not a Phase
|-damage|p2a: Not a Phase|0 fnt
|faint|p2a: Not a Phase
|
|-heal|p1a: jingle with intent|46/100 par|[from] item: Leftovers
|upkeep
|
|t:|1784477364
|switch|p2a: in terms of male|Lopunny, L50, F, shiny|100/100
|turn|4
|
|t:|1784477379
|detailschange|p2a: in terms of male|Lopunny-Mega, L50, F, shiny
|-mega|p2a: in terms of male|Lopunny|Lopunnite
|move|p1b: Iggy Slapper|Protect|p1b: Iggy Slapper
|-singleturn|p1b: Iggy Slapper|Protect
|cant|p1a: jingle with intent|par
|move|p2a: in terms of male|Fake Out|p1b: Iggy Slapper
|-activate|p1b: Iggy Slapper|move: Protect
|move|p2b: jingling|Dazzling Gleam|p1a: jingle with intent|[spread] p1a
|-activate|p1b: Iggy Slapper|move: Protect
|-supereffective|p1a: jingle with intent|2
|-damage|p1a: jingle with intent|0 fnt
|faint|p1a: jingle with intent
|
|upkeep
|
|t:|1784477400
|switch|p1a: Basculegion|Basculegion, L50, M|100/100 par
|turn|5
|
|t:|1784477423
|move|p2b: jingling|Reflect|p2b: jingling
|-sidestart|p2: hclint44|Reflect
|move|p2a: in terms of male|Close Combat|p1b: Iggy Slapper
|-supereffective|p1b: Iggy Slapper|1
|-damage|p1b: Iggy Slapper|0 fnt
|-unboost|p2a: in terms of male|def|1
|-unboost|p2a: in terms of male|spd|1
|faint|p1b: Iggy Slapper
|move|p1a: Basculegion|Wave Crash|p2a: in terms of male
|-damage|p2a: in terms of male|1/100
|-damage|p1a: Basculegion|76/100 par|[from] Recoil
|
|upkeep
|
|t:|1784477426
|switch|p1b: >:D|Gliscor, L50, F|100/100
|turn|6
|inactive|hclint44 has 30 seconds left.
|
|t:|1784477455
|move|p2a: in terms of male|Triple Axel|p1b: >:D
|-supereffective|p1b: >:D|2
|-damage|p1b: >:D|73/100
|-supereffective|p1b: >:D|2
|-damage|p1b: >:D|20/100y
|-supereffective|p1b: >:D|2
|-damage|p1b: >:D|0 fnt
|faint|p1b: >:D
|-hitcount|p1: >:D|3
|move|p1a: Basculegion|Wave Crash|p2a: in terms of male
|-damage|p2a: in terms of male|0 fnt
|faint|p2a: in terms of male
|-damage|p1a: Basculegion|76/100 par|[from] Recoil
|move|p2b: jingling|Psychic|p1a: Basculegion
|-damage|p1a: Basculegion|55/100 par
|
|upkeep
|turn|7
|
|t:|1784477473
|move|p1a: Basculegion|Wave Crash|p2b: jingling
|-damage|p2b: jingling|5/100
|-damage|p1a: Basculegion|41/100 par|[from] Recoil
|move|p2b: jingling|Psychic|p1a: Basculegion
|-damage|p1a: Basculegion|20/100y par
|
|upkeep
|turn|8
|
|t:|1784477485
|cant|p1a: Basculegion|par
|move|p2b: jingling|Psychic|p1a: Basculegion
|-damage|p1a: Basculegion|1/100 par
|
|upkeep
|turn|9
|
|t:|1784477506
|move|p1a: Basculegion|Wave Crash|p2b: jingling
|-damage|p2b: jingling|0 fnt
|faint|p2b: jingling
|-damage|p1a: Basculegion|0 fnt|[from] Recoil
|faint|p1a: Basculegion
|
|win|Crispy Will
