|j|☆Refanner
|j|☆felasmiguel
|html|Refannerfelasmiguel    
|uhtml|bestof|Game 1 of a best-of-3
|t:|1756579317
|gametype|doubles
|player|p1|Refanner|169|1153
|player|p2|felasmiguel|scientist|1168
|gen|9
|tier|[Gen 9] VGC 2025 Reg H (Bo3)
|rated|
|rule|Species Clause: Limit one of each Pokémon
|rule|Item Clause: Limit 1 of each item
|clearpoke
|poke|p1|Garchomp, L50, F|
|poke|p1|Incineroar, L50, F|
|poke|p1|Tyranitar, L50, F|
|poke|p1|Gholdengo, L50|
|poke|p1|Primarina, L50, F|
|poke|p1|Talonflame, L50, M|
|poke|p2|Metagross, L50|
|poke|p2|Mienshao, L50, F|
|poke|p2|Sinistcha, L50|
|poke|p2|Frosmoth, L50, F|
|poke|p2|Glimmora, L50, M|
|poke|p2|Basculegion, L50, M|
|teampreview|4
|showteam|p1|Garchomp||LifeOrb|RoughSkin|Earthquake,DragonClaw,StompingTantrum,Protect|||F|||50|,,,,,Fire]Incineroar||SitrusBerry|Intimidate|FlareBlitz,KnockOff,PartingShot,FakeOut|||F|||50|,,,,,Grass]Tyranitar||AssaultVest|SandStream|KnockOff,RockSlide,TeraBlast,LowKick|||F|||50|,,,,,Flying]Gholdengo||Leftovers|GoodasGold|MakeItRain,ShadowBall,NastyPlot,Protect||||||50|,,,,,Flying]Primarina||MagoBerry|LiquidVoice|HyperVoice,Moonblast,CalmMind,Protect|||F|||50|,,,,,Poison]Talonflame||CovertCloak|GaleWings|BraveBird,Tailwind,WillOWisp,Taunt|||M|||50|,,,,,Flying
|showteam|p2|Metagross||AssaultVest|ClearBody|HardPress,PsychicFangs,BulletPunch,StompingTantrum||||||50|,,,,,Dragon]Mienshao||FocusSash|InnerFocus|CloseCombat,WideGuard,Taunt,Coaching|||F|||50|,,,,,Fighting]Sinistcha||RockyHelmet|Hospitality|LifeDew,MatchaGotcha,RagePowder,TrickRoom||||||50|,,,,,Dark]Frosmoth||SafetyGoggles|IceScales|QuiverDance,IceBeam,TeraBlast,Protect|||F|||50|,,,,,Electric]Glimmora||PowerHerb|Corrosion|MeteorBeam,Toxic,SpikyShield,EarthPower|||M|||50|,,,,,Grass]Basculegion||ChoiceScarf|Adaptability|FlipTurn,LastRespects,WaveCrash,AquaJet|||M|||50|,,,,,Water
|
|t:|1756579432
|teamsize|p1|4
|teamsize|p2|4
|start
|switch|p1a: Gholdengo|Gholdengo, L50|100/100
|switch|p1b: Talonflame|Talonflame, L50, M|100/100
|switch|p2a: Basculegion|Basculegion, L50, M|100/100
|switch|p2b: Frosmoth|Frosmoth, L50, F|100/100
|turn|1
|
|t:|1756579509
|-terastallize|p1b: Talonflame|Flying
|-terastallize|p2b: Frosmoth|Electric
|move|p2a: Basculegion|Aqua Jet|p1b: Talonflame
|-damage|p1b: Talonflame|63/100
|move|p1b: Talonflame|Tailwind|p1b: Talonflame
|-sidestart|p1: Refanner|move: Tailwind
|move|p1a: Gholdengo|Shadow Ball|p2a: Basculegion
|-supereffective|p2a: Basculegion
|-crit|p2a: Basculegion
|-damage|p2a: Basculegion|0 fnt
|faint|p2a: Basculegion
|move|p2b: Frosmoth|Quiver Dance|p2b: Frosmoth
|-boost|p2b: Frosmoth|spa|1
|-boost|p2b: Frosmoth|spd|1
|-boost|p2b: Frosmoth|spe|1
|
|upkeep
|
|t:|1756579521
|switch|p2a: Metagross|Metagross, L50|100/100
|turn|2
|
|t:|1756579565
|move|p2a: Metagross|Bullet Punch|p1b: Talonflame
|-damage|p1b: Talonflame|25/100
|move|p1b: Talonflame|Will-O-Wisp|p2a: Metagross
|-status|p2a: Metagross|brn
|move|p1a: Gholdengo|Nasty Plot|p1a: Gholdengo
|-boost|p1a: Gholdengo|spa|2
|move|p2b: Frosmoth|Quiver Dance|p2b: Frosmoth
|-boost|p2b: Frosmoth|spa|1
|-boost|p2b: Frosmoth|spd|1
|-boost|p2b: Frosmoth|spe|1
|
|-damage|p2a: Metagross|95/100 brn|[from] brn
|upkeep
|turn|3
|
|t:|1756579606
|move|p2a: Metagross|Bullet Punch|p1b: Talonflame
|-damage|p1b: Talonflame|8/100
|move|p1b: Talonflame|Brave Bird|p2b: Frosmoth
|-resisted|p2b: Frosmoth
|-damage|p2b: Frosmoth|60/100
|-damage|p1b: Talonflame|0 fnt|[from] Recoil
|faint|p1b: Talonflame
|move|p1a: Gholdengo|Shadow Ball|p2a: Metagross
|-supereffective|p2a: Metagross
|-damage|p2a: Metagross|0 fnt
|faint|p2a: Metagross
|move|p2b: Frosmoth|Tera Blast|p1a: Gholdengo|[anim] Tera Blast Electric
|-damage|p1a: Gholdengo|32/100
|
|-heal|p1a: Gholdengo|38/100|[from] item: Leftovers
|upkeep
|
|t:|1756579620
|switch|p1b: Garchomp|Garchomp, L50, F|100/100
|switch|p2a: Sinistcha|Sinistcha, L50|100/100
|-heal|p2b: Frosmoth|85/100|[from] ability: Hospitality|[of] p2a: Sinistcha
|turn|4
|
|t:|1756579664
|move|p2b: Frosmoth|Protect|p2b: Frosmoth
|-singleturn|p2b: Frosmoth|Protect
|move|p1b: Garchomp|Stomping Tantrum|p2b: Frosmoth
|-activate|p2b: Frosmoth|move: Protect
|move|p1a: Gholdengo|Shadow Ball|p2a: Sinistcha
|-supereffective|p2a: Sinistcha
|-damage|p2a: Sinistcha|0 fnt
|faint|p2a: Sinistcha
|
|-heal|p1a: Gholdengo|44/100|[from] item: Leftovers
|-sideend|p1: Refanner|move: Tailwind
|upkeep
|turn|5
|
|t:|1756579681
|move|p1b: Garchomp|Protect|p1b: Garchomp
|-singleturn|p1b: Garchomp|Protect
|move|p2b: Frosmoth|Tera Blast|p1a: Gholdengo|[anim] Tera Blast Electric
|-damage|p1a: Gholdengo|0 fnt
|faint|p1a: Gholdengo
|
|upkeep
|
|t:|1756579687
|switch|p1a: Incineroar|Incineroar, L50, F|100/100
|-ability|p1a: Incineroar|Intimidate|boost
|-unboost|p2b: Frosmoth|atk|1
|turn|6
|
|t:|1756579698
|move|p2b: Frosmoth|Protect|p2b: Frosmoth
|-singleturn|p2b: Frosmoth|Protect
|move|p1a: Incineroar|Fake Out|p2b: Frosmoth
|-activate|p2b: Frosmoth|move: Protect
|move|p1b: Garchomp|Stomping Tantrum|p2b: Frosmoth
|-activate|p2b: Frosmoth|move: Protect
|
|upkeep
|turn|7
|
|t:|1756579710
|move|p2b: Frosmoth|Tera Blast|p1a: Incineroar|[anim] Tera Blast Electric
|-damage|p1a: Incineroar|34/100
|-enditem|p1a: Incineroar|Sitrus Berry|[eat]
|-heal|p1a: Incineroar|59/100|[from] item: Sitrus Berry
|move|p1b: Garchomp|Stomping Tantrum|p2b: Frosmoth
|-supereffective|p2b: Frosmoth
|-damage|p2b: Frosmoth|0 fnt
|faint|p2b: Frosmoth
|-damage|p1b: Garchomp|91/100|[from] item: Life Orb
|
|win|Refanner
||felasmiguel is ready for game 2.
||Refanner is ready for game 2.
|uhtml|next|Next: Game 2 of 3
|l|☆felasmiguel
|player|p2|
