|j|â˜†HalcyonJon
|j|â˜†Centiskorch18
|html|HalcyonJonCentiskorch18    
|uhtml|bestof|Game 2 of a best-of-3
|t:|1757660611
|gametype|doubles
|player|p1|HalcyonJon|pokemonbreeder|1152
|player|p2|Centiskorch18|caitlin|1194
|gen|9
|tier|[Gen 9] VGC 2025 Reg H (Bo3)
|rated|
|rule|Species Clause: Limit one of each PokÃ©mon
|rule|Item Clause: Limit 1 of each item
|clearpoke
|poke|p1|Torkoal, L50, F|
|poke|p1|Indeedee-F, L50, F|
|poke|p1|Gallade, L50, M|
|poke|p1|Delphox, L50, F|
|poke|p1|Inteleon, L50, M|
|poke|p1|Salamence, L50, M|
|poke|p2|Dragapult, L50, F|
|poke|p2|Sneasler, L50, F|
|poke|p2|Magmar, L50, M|
|poke|p2|Azumarill, L50, F|
|poke|p2|Rillaboom, L50, M|
|poke|p2|Ninetales-Alola, L50, F|
|teampreview|4
|showteam|p1|Torkoal||AssaultVest|Drought|Eruption,WeatherBall,SolarBeam,EarthPower|||F|||50|,,,,,Grass]Indeedee-F||RockyHelmet|PsychicSurge|Psychic,FollowMe,HelpingHand,TrickRoom|||F|||50|,,,,,Fairy]Gallade||ClearAmulet|Sharpness|SacredSword,PsychoCut,TrickRoom,WideGuard|||M|||50|,,,,,Fire]Delphox||PsychicSeed|Magician|Flamethrower,ExpandingForce,NastyPlot,Protect|||F|||50|,,,,,Dark]Inteleon||FocusSash|Sniper|SnipeShot,TeraBlast,Soak,Protect|||M|||50|,,,,,Grass]Salamence||MirrorHerb|Intimidate|Outrage,BreakingSwipe,DualWingbeat,Tailwind|||M|||50|,,,,,Steel
|showteam|p2|Dragapult||LifeOrb|ClearBody|TeraBlast,DragonDarts,SuckerPunch,Protect|||F|||50|,,,,,Ghost]Sneasler||FocusSash|PoisonTouch|CloseCombat,DireClaw,FakeOut,Protect|||F|||50|,,,,,Stellar]Magmar||Eviolite|VitalSpirit|Overheat,FollowMe,ClearSmog,Protect|||M|||50|,,,,,Ghost]Azumarill||SitrusBerry|HugePower|AquaJet,PlayRough,BellyDrum,Protect|||F|||50|,,,,,Poison]Rillaboom||AssaultVest|GrassySurge|WoodHammer,GrassyGlide,FakeOut,HighHorsepower|||M|||50|,,,,,Fire]Ninetales-Alola||ChoiceSpecs|SnowWarning|Blizzard,Moonblast,IcyWind,FreezeDry|||F|||50|,,,,,Ghost
|inactive|Battle timer is ON: inactive players will automatically lose when time's up. (requested by Centiskorch18)
|c|â˜†Centiskorch18|glhf
|
|t:|1757660635
|teamsize|p1|4
|teamsize|p2|4
|start
|switch|p1a: Gallade|Gallade, L50, M|100/100
|switch|p1b: Indeedee|Indeedee-F, L50, F|100/100
|switch|p2a: Dragapult|Dragapult, L50, F|100/100
|switch|p2b: Sneasler|Sneasler, L50, F|100/100
|-fieldstart|move: Psychic Terrain|[from] ability: Psychic Surge|[of] p1b: Indeedee
|turn|1
|inactive|HalcyonJon has 30 seconds left.
|
|t:|1757660661
|switch|p2a: Rillaboom|Rillaboom, L50, M|100/100
|-fieldstart|move: Grassy Terrain|[from] ability: Grassy Surge|[of] p2a: Rillaboom
|move|p2b: Sneasler|Fake Out|p1a: Gallade
|-damage|p1a: Gallade|78/100
|-status|p1a: Gallade|psn|[from] ability: Poison Touch|[of] p2b: Sneasler
|move|p1b: Indeedee|Follow Me|p1b: Indeedee
|-singleturn|p1b: Indeedee|move: Follow Me
|cant|p1a: Gallade|flinch
|
|-heal|p1a: Gallade|84/100 psn|[from] Grassy Terrain
|-damage|p1a: Gallade|72/100 psn|[from] psn
|upkeep
|turn|2
|inactive|HalcyonJon has 30 seconds left.
|
|t:|1757660689
|switch|p2b: Magmar|Magmar, L50, M|100/100
|switch|p1a: Torkoal|Torkoal, L50, F|100/100
|-weather|SunnyDay|[from] ability: Drought|[of] p1a: Torkoal
|move|p2a: Rillaboom|Wood Hammer|p1a: Torkoal
|-resisted|p1a: Torkoal
|-crit|p1a: Torkoal
|-damage|p1a: Torkoal|56/100
|-damage|p2a: Rillaboom|87/100|[from] Recoil
|move|p1b: Indeedee|Trick Room|p1b: Indeedee
|-fieldstart|move: Trick Room|[of] p1b: Indeedee
|
|-weather|SunnyDay|[upkeep]
|-heal|p1a: Torkoal|62/100|[from] Grassy Terrain
|-heal|p2a: Rillaboom|93/100|[from] Grassy Terrain
|upkeep
|turn|3
|inactive|HalcyonJon has 30 seconds left.
|inactive|HalcyonJon has 20 seconds left.
|
|t:|1757660728
|-terastallize|p2a: Rillaboom|Fire
|move|p1b: Indeedee|Follow Me|p1b: Indeedee
|-singleturn|p1b: Indeedee|move: Follow Me
|move|p1a: Torkoal|Earth Power|p2b: Magmar
|-supereffective|p2b: Magmar
|-damage|p2b: Magmar|67/100
|move|p2b: Magmar|Overheat|p1b: Indeedee
|-damage|p1b: Indeedee|45/100
|-unboost|p2b: Magmar|spa|2
|move|p2a: Rillaboom|High Horsepower|p1b: Indeedee
|-damage|p1b: Indeedee|11/100
|-damage|p2a: Rillaboom|77/100|[from] item: Rocky Helmet|[of] p1b: Indeedee
|
|-weather|SunnyDay|[upkeep]
|-heal|p1a: Torkoal|69/100|[from] Grassy Terrain
|-heal|p1b: Indeedee|17/100|[from] Grassy Terrain
|-heal|p2b: Magmar|73/100|[from] Grassy Terrain
|-heal|p2a: Rillaboom|83/100|[from] Grassy Terrain
|upkeep
|turn|4
|inactive|HalcyonJon has 30 seconds left.
|
|t:|1757660754
|switch|p1b: Salamence|Salamence, L50, M|100/100
|-ability|p1b: Salamence|Intimidate|boost
|-unboost|p2a: Rillaboom|atk|1
|-unboost|p2b: Magmar|atk|1
|move|p1a: Torkoal|Earth Power|p2a: Rillaboom
|-supereffective|p2a: Rillaboom
|-damage|p2a: Rillaboom|48/100
|move|p2b: Magmar|Overheat|p1b: Salamence
|-resisted|p1b: Salamence
|-damage|p1b: Salamence|79/100
|-unboost|p2b: Magmar|spa|2
|move|p2a: Rillaboom|High Horsepower|p1a: Torkoal
|-supereffective|p1a: Torkoal
|-damage|p1a: Torkoal|40/100
|
|-weather|SunnyDay|[upkeep]
|-heal|p1a: Torkoal|47/100|[from] Grassy Terrain
|-heal|p2b: Magmar|78/100|[from] Grassy Terrain
|-heal|p2a: Rillaboom|54/100|[from] Grassy Terrain
|upkeep
|turn|5
|inactive|HalcyonJon has 30 seconds left.
|inactive|HalcyonJon has 20 seconds left.
|inactive|HalcyonJon has 15 seconds left.
|inactive|HalcyonJon has 10 seconds left.
|inactive|HalcyonJon has 5 seconds left.
|
|t:|1757660807
|move|p2b: Magmar|Follow Me|p2b: Magmar
|-singleturn|p2b: Magmar|move: Follow Me
|move|p1a: Torkoal|Earth Power|p2b: Magmar
|-supereffective|p2b: Magmar
|-damage|p2b: Magmar|46/100
|move|p2a: Rillaboom|High Horsepower|p1a: Torkoal
|-supereffective|p1a: Torkoal
|-damage|p1a: Torkoal|19/100
|move|p1b: Salamence|Dual Wingbeat|p2b: Magmar
|-damage|p2b: Magmar|25/100
|-damage|p2b: Magmar|3/100
|-hitcount|p2b: Magmar|2
|
|-weather|SunnyDay|[upkeep]
|-heal|p1a: Torkoal|25/100|[from] Grassy Terrain
|-heal|p2b: Magmar|9/100|[from] Grassy Terrain
|-heal|p2a: Rillaboom|60/100|[from] Grassy Terrain
|-fieldend|move: Grassy Terrain
|upkeep
|turn|6
|inactive|HalcyonJon has 30 seconds left.
|
|t:|1757660839
|move|p2b: Magmar|Follow Me|p2b: Magmar
|-singleturn|p2b: Magmar|move: Follow Me
|move|p1a: Torkoal|Earth Power|p2b: Magmar
|-supereffective|p2b: Magmar
|-damage|p2b: Magmar|0 fnt
|faint|p2b: Magmar
|move|p2a: Rillaboom|High Horsepower|p1a: Torkoal
|-supereffective|p1a: Torkoal
|-damage|p1a: Torkoal|0 fnt
|faint|p1a: Torkoal
|move|p1b: Salamence|Tailwind|p1b: Salamence
|-sidestart|p1: HalcyonJon|move: Tailwind
|
|-weather|none
|-fieldend|move: Trick Room
|upkeep
|
|t:|1757660863
|switch|p2b: Dragapult|Dragapult, L50, F|100/100
|switch|p1a: Indeedee|Indeedee-F, L50, F|17/100
|-fieldstart|move: Psychic Terrain|[from] ability: Psychic Surge|[of] p1a: Indeedee
|turn|7
|inactive|HalcyonJon has 30 seconds left.
|inactive|HalcyonJon has 20 seconds left.
|inactive|HalcyonJon has 15 seconds left.
|inactive|HalcyonJon has 10 seconds left.
|
|t:|1757660913
|switch|p2a: Sneasler|Sneasler, L50, F|100/100
|move|p1a: Indeedee|Follow Me|p1a: Indeedee
|-singleturn|p1a: Indeedee|move: Follow Me
|move|p1b: Salamence|Dual Wingbeat|p2a: Sneasler
|-supereffective|p2a: Sneasler
|-damage|p2a: Sneasler|22/100
|-supereffective|p2a: Sneasler
|-damage|p2a: Sneasler|0 fnt
|faint|p2a: Sneasler
|-hitcount|p2: Sneasler|2
|move|p2b: Dragapult|Dragon Darts|p1a: Indeedee
|-damage|p1a: Indeedee|0 fnt
|faint|p1a: Indeedee
|-damage|p2b: Dragapult|91/100|[from] item: Life Orb
|
|upkeep
|
|t:|1757660935
|switch|p2a: Rillaboom|Rillaboom, L50, M, tera:Fire|60/100
|switch|p1a: Gallade|Gallade, L50, M|72/100 psn
|-fieldstart|move: Grassy Terrain|[from] ability: Grassy Surge|[of] p2a: Rillaboom
|turn|8
|inactive|HalcyonJon has 30 seconds left.
|inactive|HalcyonJon has 20 seconds left.
|inactive|HalcyonJon has 15 seconds left.
|
|t:|1757660976
|-terastallize|p1b: Salamence|Steel
|move|p2a: Rillaboom|Fake Out|p1b: Salamence
|-resisted|p1b: Salamence
|-damage|p1b: Salamence|72/100
|cant|p1b: Salamence|flinch
|move|p1a: Gallade|Sacred Sword|p2a: Rillaboom
|-crit|p2a: Rillaboom
|-damage|p2a: Rillaboom|0 fnt
|faint|p2a: Rillaboom
|move|p2b: Dragapult|Dragon Darts|p1a: Gallade
|-damage|p1a: Gallade|22/100 psn
|-anim|p2b: Dragapult|Dragon Darts|p1b: Salamence
|-resisted|p1b: Salamence
|-damage|p1b: Salamence|50/100
|-damage|p2b: Dragapult|81/100|[from] item: Life Orb
|
|-heal|p1b: Salamence|56/100|[from] Grassy Terrain
|-heal|p1a: Gallade|28/100 psn|[from] Grassy Terrain
|-heal|p2b: Dragapult|87/100|[from] Grassy Terrain
|-damage|p1a: Gallade|16/100 psn|[from] psn
|upkeep
|turn|9
|inactive|HalcyonJon has 30 seconds left.
|
|t:|1757661009
|move|p2b: Dragapult|Protect|p2b: Dragapult
|-singleturn|p2b: Dragapult|Protect
|move|p1b: Salamence|Outrage|p2b: Dragapult
|-activate|p2b: Dragapult|move: Protect
|move|p1a: Gallade|Trick Room|p1a: Gallade
|-fieldstart|move: Trick Room|[of] p1a: Gallade
|
|-heal|p2b: Dragapult|93/100|[from] Grassy Terrain
|-heal|p1a: Gallade|22/100 psn|[from] Grassy Terrain
|-heal|p1b: Salamence|62/100|[from] Grassy Terrain
|-damage|p1a: Gallade|10/100 psn|[from] psn
|-sideend|p1: HalcyonJon|move: Tailwind
|upkeep
|turn|10
|-message|Centiskorch18 forfeited.
|
|win|HalcyonJon
|l|â˜†Centiskorch18
|player|p2|
||Centiskorch18 is ready for game 3.
|inactive|HalcyonJon has 30 seconds to confirm battle start!
||HalcyonJon is ready for game 3.
|uhtml|next|Next: Game 3 of 3
