|j|☆Boomyy
|j|☆laufey#1fan
|html|Boomyylaufey#1fan    
|uhtml|bestof|Game 1 of a best-of-3
|t:|1756525897
|gametype|doubles
|player|p1|Boomyy|101|1194
|player|p2|laufey#1fan|lady|1233
|gen|9
|tier|[Gen 9] VGC 2025 Reg H (Bo3)
|rated|
|rule|Species Clause: Limit one of each Pokémon
|rule|Item Clause: Limit 1 of each item
|clearpoke
|poke|p1|Indeedee-F, L50, F|
|poke|p1|Exeggutor, L50, F|
|poke|p1|Torkoal, L50, F|
|poke|p1|Ursaluna, L50, M|
|poke|p1|Gallade, L50, M|
|poke|p1|Zoroark-Hisui, L50, M|
|poke|p2|Gholdengo, L50|
|poke|p2|Ursaluna-Bloodmoon, L50, M|
|poke|p2|Incineroar, L50, F|
|poke|p2|Maushold-Four, L50|
|poke|p2|Annihilape, L50, M|
|poke|p2|Dragonite, L50, F|
|teampreview|4
|showteam|p1|Indeedee-F||PsychicSeed|PsychicSurge|FollowMe,Psychic,HelpingHand,TrickRoom|||F|||50|,,,,,Grass]Exeggutor||FocusSash|Chlorophyll|ExpandingForce,EnergyBall,SleepPowder,TrickRoom|||F|||50|,,,,,Psychic]Torkoal||Charcoal|Drought|Eruption,WeatherBall,ClearSmog,Protect|||F|||50|,,,,,Fire]Ursaluna||FlameOrb|Guts|Facade,HeadlongRush,Earthquake,Protect|||M|||50|,,,,,Ghost]Gallade||ClearAmulet|Sharpness|PsychoCut,SacredSword,WideGuard,TrickRoom|||M|||50|,,,,,Fire]Zoroark-Hisui||ChoiceSpecs|Illusion|HyperVoice,ShadowBall,Flamethrower,HyperBeam|||M|||50|,,,,,Stellar
|showteam|p2|Gholdengo||LifeOrb|GoodasGold|MakeItRain,NastyPlot,ShadowBall,Protect||||||50|,,,,,Water]Ursaluna-Bloodmoon||AssaultVest|MindsEye|BloodMoon,EarthPower,HyperVoice,VacuumWave|||M|||50|,,,,,Water]Incineroar||SafetyGoggles|Intimidate|FakeOut,FlareBlitz,PartingShot,KnockOff|||F|||50|,,,,,Ghost]Maushold-Four||FocusSash|FriendGuard|SuperFang,FollowMe,BeatUp,Protect||||||50|,,,,,Grass]Annihilape||SitrusBerry|Defiant|DrainPunch,BulkUp,RageFist,Protect|||M|||50|,,,,,Fire]Dragonite||LoadedDice|Multiscale|ScaleShot,ExtremeSpeed,Protect,Tailwind|||F|||50|,,,,,Fairy
|inactive|Battle timer is ON: inactive players will automatically lose when time's up. (requested by Boomyy)
|inactive|Boomyy has 60 seconds left.
|
|t:|1756525952
|teamsize|p1|4
|teamsize|p2|4
|start
|switch|p1a: Indeedee|Indeedee-F, L50, F|100/100
|switch|p1b: Exeggutor|Exeggutor, L50, F|100/100
|switch|p2a: Mr.Eclectic|Ursaluna-Bloodmoon, L50, M|100/100
|switch|p2b: Carousel|Maushold-Four, L50|100/100
|-fieldstart|move: Psychic Terrain|[from] ability: Psychic Surge|[of] p1a: Indeedee
|-enditem|p1a: Indeedee|Psychic Seed
|-boost|p1a: Indeedee|spd|1|[from] item: Psychic Seed
|turn|1
|
|t:|1756525974
|switch|p2a: Snow white|Incineroar, L50, F, shiny|100/100
|-ability|p2a: Snow white|Intimidate|boost
|-unboost|p1a: Indeedee|atk|1
|-unboost|p1b: Exeggutor|atk|1
|-terastallize|p1b: Exeggutor|Stellar
|move|p1a: Indeedee|Helping Hand|p1b: Exeggutor
|-singleturn|p1b: Exeggutor|Helping Hand|[of] p1a: Indeedee
|move|p2b: Carousel|Super Fang|p1b: Exeggutor
|-immune|p1b: Exeggutor
|move|p1b: Exeggutor|Hyper Voice|p2a: Snow white|[spread] p2a,p2b
|-damage|p2a: Snow white|41/100
|-enditem|p2b: Carousel|Focus Sash
|-damage|p2b: Carousel|1/100
|
|upkeep
|turn|2
|inactive|Boomyy has 30 seconds left.
|inactive|laufey#1fan has 30 seconds left.
|
|t:|1756526005
|-terastallize|p2a: Snow white|Ghost
|move|p1a: Indeedee|Follow Me|p1a: Indeedee
|-singleturn|p1a: Indeedee|move: Follow Me
|move|p2b: Carousel|Super Fang|p1a: Indeedee
|-damage|p1a: Indeedee|51/100
|move|p1b: Exeggutor|Hyper Voice|p2b: Carousel|[spread] p2b
|-immune|p2a: Snow white
|-damage|p2b: Carousel|0 fnt
|faint|p2b: Carousel
|move|p2a: Snow white|Knock Off|p1a: Indeedee
|-supereffective|p1a: Indeedee
|-damage|p1a: Indeedee|0 fnt
|faint|p1a: Indeedee
|
|upkeep
|
|t:|1756526017
|switch|p2b: Clear Air|Dragonite, L50, F|100/100
|switch|p1a: Exeggutor|Exeggutor, L50, F|100/100
|turn|3
|
|t:|1756526035
|switch|p1b: Torkoal|Torkoal, L50, F|100/100
|-weather|SunnyDay|[from] ability: Drought|[of] p1b: Torkoal
|switch|p2a: Mr.Eclectic|Ursaluna-Bloodmoon, L50, M|100/100
|move|p1a: Exeggutor|Expanding Force|p2b: Clear Air|[spread] p2a,p2b
|-damage|p2a: Mr.Eclectic|52/100
|-damage|p2b: Clear Air|65/100
|move|p2b: Clear Air|Scale Shot|p1b: Torkoal|[miss]
|-miss|p2b: Clear Air|p1b: Torkoal
|
|-weather|SunnyDay|[upkeep]
|upkeep
|turn|4
|inactive|Boomyy has 30 seconds left.
|
|t:|1756526067
|move|p1a: Exeggutor|Expanding Force|p2a: Mr.Eclectic|[spread] p2a,p2b
|-damage|p2a: Mr.Eclectic|12/100
|-damage|p2b: Clear Air|0 fnt
|faint|p2b: Clear Air
|move|p2a: Mr.Eclectic|Earth Power|p1b: Torkoal
|-supereffective|p1b: Torkoal
|-damage|p1b: Torkoal|0 fnt
|faint|p1b: Torkoal
|
|-weather|SunnyDay|[upkeep]
|upkeep
|
|t:|1756526073
|switch|p2b: Snow white|Incineroar, L50, F, shiny, tera:Ghost|41/100
|switch|p1b: Zoroark|Zoroark-Hisui, L50, M, tera:Stellar|100/100
|-ability|p2b: Snow white|Intimidate|boost
|-unboost|p1a: Exeggutor|atk|1
|-unboost|p1b: Zoroark|atk|1
|turn|5
|-message|laufey#1fan forfeited.
|
|win|Boomyy
||laufey#1fan is ready for game 2.
||Boomyy is ready for game 2.
|uhtml|next|Next: Game 2 of 3
|l|☆laufey#1fan
|player|p2|
|j|☆laufey#1fan
|player|p2|laufey#1fan|lady|
|l|☆laufey#1fan
|player|p2|
|j|☆laufey#1fan
|player|p2|laufey#1fan|lady|
