|j|‽Sparkles1755
|j|☆PopoVGC
|html|Sparkles1755PopoVGC    
|uhtml|bestof|Game 2 of a best-of-3
|t:|1785941569
|gametype|doubles
|player|p1|Sparkles1755|veteran|1290
|player|p2|PopoVGC|silver|1261
|gen|9
|tier|[Gen 9 Champions] VGC 2026 Reg M-B (Bo3)
|rated|
|rule|Species Clause: Limit one of each Pokémon
|rule|Item Clause: Limit 1 of each item
|clearpoke
|poke|p1|Froslass, L50, F|
|poke|p1|Gyarados, L50, F|
|poke|p1|Garchomp, L50, M|
|poke|p1|Kingambit, L50, M|
|poke|p1|Sneasler, L50, M|
|poke|p1|Talonflame, L50, M|
|poke|p2|Gholdengo, L50|
|poke|p2|Tyranitar, L50, M|
|poke|p2|Excadrill, L50, F|
|poke|p2|Pidgeot, L50, F|
|poke|p2|Tsareena, L50, F|
|poke|p2|Rotom-Wash, L50|
|teampreview|4
|showteam|p1|Froslass||Froslassite|SnowCloak|Blizzard,ShadowBall,AuroraVeil,Protect|Timid||F|||50|]Gyarados||Gyaradosite|Intimidate|Waterfall,Crunch,DragonDance,Protect|Adamant||F|||50|]Garchomp||LifeOrb|RoughSkin|Earthquake,RockSlide,DragonClaw,Protect|Jolly||M|||50|]Kingambit||BlackGlasses|Defiant|IronHead,KowtowCleave,SuckerPunch,Protect|Adamant||M|||50|]Sneasler||FocusSash|PoisonTouch|CloseCombat,PoisonJab,FakeOut,Coaching|Jolly||M|||50|]Talonflame||SharpBeak|GaleWings|DualWingbeat,Tailwind,QuickGuard,Protect|Jolly||M|||50|
|showteam|p2|Gholdengo||LifeOrb|GoodasGold|MakeItRain,ShadowBall,NastyPlot,Protect|Timid|||||50|]Tyranitar||Tyranitarite|SandStream|RockSlide,KnockOff,Protect,LowKick|Jolly||M|||50|]Excadrill||FocusSash|SandRush|IronHead,Earthquake,RockSlide,Protect|Adamant||F|||50|]Pidgeot||Pidgeotite|BigPecks|Hurricane,HeatWave,Protect,Tailwind|Timid||F|||50|]Tsareena||ChoiceScarf|QueenlyMajesty|PowerWhip,TripleAxel,Uturn,LowKick|Jolly||F|||50|]Rotom-Wash||SitrusBerry|Levitate|Thunderbolt,HydroPump,Protect,WillOWisp|Bold|||||50|
|inactive|Battle timer is ON: inactive players will automatically lose when time's up. (requested by Sparkles1755)
|inactive|Sparkles1755 has 60 seconds left.
|
|t:|1785941606
|teamsize|p1|4
|teamsize|p2|4
|start
|switch|p1a: Sneasler|Sneasler, L50, M|100/100
|switch|p1b: Froslass|Froslass, L50, F|100/100
|switch|p2a: Rotom|Rotom-Wash, L50|100/100
|switch|p2b: Excadrill|Excadrill, L50, F|100/100
|turn|1
|
|t:|1785941617
|detailschange|p1b: Froslass|Froslass-Mega, L50, F
|-mega|p1b: Froslass|Froslass|Froslassite
|-weather|Snowscape|[from] ability: Snow Warning|[of] p1b: Froslass
|move|p2b: Excadrill|Protect|p2b: Excadrill
|-singleturn|p2b: Excadrill|Protect
|move|p1a: Sneasler|Close Combat|p2a: Rotom
|-damage|p2a: Rotom|47/100
|-unboost|p1a: Sneasler|def|1
|-unboost|p1a: Sneasler|spd|1
|-enditem|p2a: Rotom|Sitrus Berry|[eat]
|-heal|p2a: Rotom|71/100|[from] item: Sitrus Berry
|move|p1b: Froslass|Blizzard|p2a: Rotom|[spread] p2a
|-activate|p2b: Excadrill|move: Protect
|-resisted|p2a: Rotom|1
|-damage|p2a: Rotom|47/100
|move|p2a: Rotom|Will-O-Wisp|p1a: Sneasler
|-status|p1a: Sneasler|brn
|
|-weather|Snowscape|[upkeep]
|-damage|p1a: Sneasler|94/100 brn|[from] brn
|upkeep
|turn|2
|
|t:|1785941639
|switch|p1b: Gyarados|Gyarados, L50, F|100/100
|-ability|p1b: Gyarados|Intimidate|boost
|-unboost|p2a: Rotom|atk|1
|-unboost|p2b: Excadrill|atk|1
|switch|p2a: Tyranitar|Tyranitar, L50, M|100/100
|-weather|Sandstorm|[from] ability: Sand Stream|[of] p2a: Tyranitar
|move|p2b: Excadrill|Iron Head|p1b: Gyarados
|-resisted|p1b: Gyarados|1
|-damage|p1b: Gyarados|81/100
|move|p1a: Sneasler|Close Combat|p2b: Excadrill
|-supereffective|p2b: Excadrill|1
|-damage|p2b: Excadrill|14/100
|-unboost|p1a: Sneasler|def|1
|-unboost|p1a: Sneasler|spd|1
|
|-weather|Sandstorm|[upkeep]
|-damage|p1a: Sneasler|88/100 brn|[from] Sandstorm
|-damage|p1b: Gyarados|75/100|[from] Sandstorm
|-damage|p1a: Sneasler|82/100 brn|[from] brn
|upkeep
|turn|3
|
|t:|1785941657
|switch|p1b: Froslass|Froslass-Mega, L50, F|100/100
|-weather|Snowscape|[from] ability: Snow Warning|[of] p1b: Froslass
|switch|p2a: Rotom|Rotom-Wash, L50|47/100
|move|p1a: Sneasler|Close Combat|p2a: Rotom
|-damage|p2a: Rotom|16/100
|-unboost|p1a: Sneasler|def|1
|-unboost|p1a: Sneasler|spd|1
|move|p2b: Excadrill|Earthquake|p1b: Froslass|[spread] p1a,p1b
|-immune|p2a: Rotom|[from] ability: Levitate
|-supereffective|p1a: Sneasler|1
|-damage|p1a: Sneasler|0 fnt
|-damage|p1b: Froslass|68/100
|faint|p1a: Sneasler
|
|-weather|Snowscape|[upkeep]
|upkeep
|
|t:|1785941665
|switch|p1a: Gyarados|Gyarados, L50, F|75/100
|-ability|p1a: Gyarados|Intimidate|boost
|-unboost|p2a: Rotom|atk|1
|-unboost|p2b: Excadrill|atk|1
|turn|4
|
|t:|1785941674
|switch|p2b: Tyranitar|Tyranitar, L50, M|100/100
|-weather|Sandstorm|[from] ability: Sand Stream|[of] p2b: Tyranitar
|move|p1b: Froslass|Blizzard|p2a: Rotom|[spread] p2a,p2b
|-resisted|p2a: Rotom|1
|-damage|p2a: Rotom|0 fnt
|-damage|p2b: Tyranitar|68/100
|faint|p2a: Rotom
|move|p1a: Gyarados|Dragon Dance|p1a: Gyarados
|-boost|p1a: Gyarados|atk|1
|-boost|p1a: Gyarados|spe|1
|
|-weather|Sandstorm|[upkeep]
|-damage|p1a: Gyarados|69/100|[from] Sandstorm
|-damage|p1b: Froslass|62/100|[from] Sandstorm
|upkeep
|
|t:|1785941689
|switch|p2a: Excadrill|Excadrill, L50, F|14/100
|turn|5
|
|t:|1785941706
|switch|p1b: Garchomp|Garchomp, L50, M|100/100
|move|p2b: Tyranitar|Protect|p2b: Tyranitar
|-singleturn|p2b: Tyranitar|Protect
|move|p2a: Excadrill|Rock Slide|p1b: Garchomp|[spread] p1a,p1b
|-supereffective|p1a: Gyarados|1
|-resisted|p1b: Garchomp|1
|-crit|p1b: Garchomp
|-damage|p1a: Gyarados|12/100
|-damage|p1b: Garchomp|84/100
|cant|p1a: Gyarados|flinch
|
|-weather|Sandstorm|[upkeep]
|-damage|p1a: Gyarados|6/100|[from] Sandstorm
|upkeep
|turn|6
|
|t:|1785941724
|switch|p1b: Froslass|Froslass-Mega, L50, F|62/100
|-weather|Snowscape|[from] ability: Snow Warning|[of] p1b: Froslass
|switch|p2b: Tsareena|Tsareena, L50, F|100/100
|move|p1a: Gyarados|Waterfall|p2a: Excadrill
|-supereffective|p2a: Excadrill|1
|-damage|p2a: Excadrill|0 fnt
|faint|p2a: Excadrill
|
|-weather|Snowscape|[upkeep]
|upkeep
|
|t:|1785941733
|switch|p2a: Tyranitar|Tyranitar, L50, M|68/100
|-weather|Sandstorm|[from] ability: Sand Stream|[of] p2a: Tyranitar
|turn|7
|inactive|Sparkles1755 has 30 seconds left.
|inactive|PopoVGC has 30 seconds left.
|
|t:|1785941759
|move|p2a: Tyranitar|Protect|p2a: Tyranitar
|-singleturn|p2a: Tyranitar|Protect
|move|p2b: Tsareena|Power Whip|p1b: Froslass|[miss]
|-miss|p2b: Tsareena|p1b: Froslass
|move|p1a: Gyarados|Waterfall|p2a: Tyranitar
|-activate|p2a: Tyranitar|move: Protect
|move|p1b: Froslass|Blizzard|p2a: Tyranitar|[spread] p2b
|-activate|p2a: Tyranitar|move: Protect
|-supereffective|p2b: Tsareena|1
|-damage|p2b: Tsareena|0 fnt
|faint|p2b: Tsareena
|
|-weather|Sandstorm|[upkeep]
|-damage|p1a: Gyarados|1/100|[from] Sandstorm
|-damage|p1b: Froslass|57/100|[from] Sandstorm
|upkeep
|turn|8
|
|t:|1785941775
|switch|p1b: Garchomp|Garchomp, L50, M|84/100
|move|p1a: Gyarados|Waterfall|p2a: Tyranitar
|-supereffective|p2a: Tyranitar|1
|-damage|p2a: Tyranitar|0 fnt
|faint|p2a: Tyranitar
|
|win|Sparkles1755
|l|‽Sparkles1755
|player|p1|
||Sparkles1755 is ready for game 3.
||PopoVGC is ready for game 3.
|uhtml|next|Next: Game 3 of 3
