|j|☆DaGondy
|j|☆Khenzhu
|html|DaGondyKhenzhu    
|uhtml|bestof|Game 1 of a best-of-3
|t:|1783307456
|gametype|doubles
|player|p1|DaGondy|mars|
|player|p2|Khenzhu|cynthia|
|gen|9
|tier|[Gen 9 Champions] VGC 2026 Reg M-B (Bo3)
|rule|Species Clause: Limit one of each Pokémon
|rule|Item Clause: Limit 1 of each item
|clearpoke
|poke|p1|Pelipper, L50, M|
|poke|p1|Basculegion-F, L50, F|
|poke|p1|Sylveon, L50, M|
|poke|p1|Whimsicott, L50, F|
|poke|p1|Chandelure, L50, F|
|poke|p1|Conkeldurr, L50, F|
|poke|p2|Dragonite, L50, M, shiny|
|poke|p2|Torkoal, L50, M|
|poke|p2|Mawile, L50, M|
|poke|p2|Hatterene, L50, F|
|poke|p2|Vileplume, L50, M|
|poke|p2|Kangaskhan, L50, F|
|teampreview|4
|showteam|p1|Pelipper||WacanBerry|Drizzle|Tailwind,Hurricane,Roost,Protect|Bold||M|||50|]Basculegion-F||FocusSash|SwiftSwim|AquaJet,FlipTurn,Liquidation,Protect|Adamant||F|||50|]Sylveon||FairyFeather|Pixilate|AlluringVoice,HyperVoice,Wish,Moonblast|Modest||M|||50|]Whimsicott||Leftovers|Prankster|TrickRoom,StunSpore,LeechSeed,EnergyBall|Bold||F|||50|]Chandelure||ColburBerry|Infiltrator|WillOWisp,Haze,Flamethrower,TrickRoom|Sassy||F|||50|]Conkeldurr||LifeOrb|Guts|Facade,Protect,MachPunch,BrickBreak|Adamant||F|||50|
|showteam|p2|Dragonite||Dragoninite|Multiscale|DracoMeteor,ExtremeSpeed,Flamethrower,Agility|Naive||M|||50|]Torkoal||Charcoal|Drought|Eruption,Protect,Flamethrower,SolarBeam|Quiet||M|||50|]Mawile||ChoiceScarf|HyperCutter|IronHead,SuckerPunch,PlayRough,Protect|Adamant||M|||50|]Hatterene||Leftovers|MagicBounce|TrickRoom,HealingWish,DazzlingGleam,PsychicNoise|Quiet||F|||50|]Vileplume||FocusSash|Chlorophyll|AfterYou,SleepPowder,SludgeBomb,LeafStorm|Timid||M|||50|]Kangaskhan||LifeOrb|Scrappy|FakeOut,DoubleEdge,HammerArm,IcePunch|Brave||F|||50|
|
|t:|1783307491
|teamsize|p1|4
|teamsize|p2|4
|start
|switch|p1a: Chandelure|Chandelure, L50, F|100/100
|switch|p1b: Conkeldurr|Conkeldurr, L50, F|100/100
|switch|p2a: Torkoal|Torkoal, L50, M|100/100
|switch|p2b: Hatterene|Hatterene, L50, F|100/100
|-weather|SunnyDay|[from] ability: Drought|[of] p2a: Torkoal
|turn|1
|
|t:|1783307524
|move|p1a: Chandelure|Will-O-Wisp|p1b: Conkeldurr
|-status|p1b: Conkeldurr|brn
|move|p1b: Conkeldurr|Facade|p2a: Torkoal
|-damage|p2a: Torkoal|9/100
|-damage|p1b: Conkeldurr|90/100 brn|[from] item: Life Orb
|move|p2a: Torkoal|Flamethrower|p1b: Conkeldurr
|-damage|p1b: Conkeldurr|8/100 brn
|move|p2b: Hatterene|Trick Room|p2b: Hatterene
|-fieldstart|move: Trick Room|[of] p2b: Hatterene
|
|-weather|SunnyDay|[upkeep]
|-damage|p1b: Conkeldurr|1/100 brn|[from] brn
|upkeep
|turn|2
|
|t:|1783307547
|move|p2a: Torkoal|Protect|p2a: Torkoal
|-singleturn|p2a: Torkoal|Protect
|move|p2b: Hatterene|Healing Wish|p2b: Hatterene
|faint|p2b: Hatterene
|move|p1b: Conkeldurr|Facade|p2a: Torkoal
|-activate|p2a: Torkoal|move: Protect
|move|p1a: Chandelure|Flamethrower|p2a: Torkoal
|-activate|p2a: Torkoal|move: Protect
|
|-weather|SunnyDay|[upkeep]
|-damage|p1b: Conkeldurr|0 fnt|[from] brn
|faint|p1b: Conkeldurr
|upkeep
|
|t:|1783307564
|switch|p2b: Dragonite|Dragonite, L50, M, shiny|100/100
|switch|p1b: Pelipper|Pelipper, L50, M|100/100
|-weather|RainDance|[from] ability: Drizzle|[of] p1b: Pelipper
|turn|3
|
|t:|1783307581
|switch|p1a: Basculegion|Basculegion-F, L50, F|100/100
|move|p2a: Torkoal|Solar Beam||[still]
|-prepare|p2a: Torkoal|Solar Beam
|move|p1b: Pelipper|Hurricane|p2a: Torkoal
|-damage|p2a: Torkoal|0 fnt
|faint|p2a: Torkoal
|move|p2b: Dragonite|Agility|p2b: Dragonite
|-boost|p2b: Dragonite|spe|2
|
|-weather|RainDance|[upkeep]
|upkeep
|
|t:|1783307593
|switch|p2a: Mawile|Mawile, L50, M|100/100
|turn|4
|
|t:|1783307611
|detailschange|p2b: Dragonite|Dragonite-Mega, L50, M, shiny
|-mega|p2b: Dragonite|Dragonite|Dragoninite
|move|p2a: Mawile|Sucker Punch|p1b: Pelipper
|-damage|p1b: Pelipper|84/100
|move|p1b: Pelipper|Hurricane|p2b: Dragonite
|-damage|p2b: Dragonite|80/100
|move|p1a: Basculegion|Liquidation|p2a: Mawile
|-damage|p2a: Mawile|23/100
|-unboost|p2a: Mawile|def|1
|move|p2b: Dragonite|Draco Meteor|p1b: Pelipper
|-damage|p1b: Pelipper|0 fnt
|-unboost|p2b: Dragonite|spa|2
|faint|p1b: Pelipper
|
|-weather|RainDance|[upkeep]
|upkeep
|
|t:|1783307629
|switch|p1b: Chandelure|Chandelure, L50, F|100/100
|turn|5
|
|t:|1783307646
|move|p2b: Dragonite|Extreme Speed|p1b: Chandelure
|-immune|p1b: Chandelure
|move|p2a: Mawile|Sucker Punch||[still]
|-fail|p2a: Mawile
|move|p1b: Chandelure|Will-O-Wisp|p2b: Dragonite
|-status|p2b: Dragonite|brn
|move|p1a: Basculegion|Liquidation|p2a: Mawile
|-damage|p2a: Mawile|0 fnt
|faint|p2a: Mawile
|
|-weather|RainDance|[upkeep]
|-damage|p2b: Dragonite|74/100 brn|[from] brn
|-fieldend|move: Trick Room
|upkeep
|turn|6
|inactive|Battle timer is ON: inactive players will automatically lose when time's up. (requested by Khenzhu)
|
|t:|1783307698
|move|p2b: Dragonite|Draco Meteor|p1a: Basculegion
|-damage|p1a: Basculegion|60/100
|-unboost|p2b: Dragonite|spa|2
|move|p1a: Basculegion|Liquidation|p2b: Dragonite
|-resisted|p2b: Dragonite|1
|-damage|p2b: Dragonite|47/100 brn
|-unboost|p2b: Dragonite|def|1
|move|p1b: Chandelure|Flamethrower|p2b: Dragonite
|-resisted|p2b: Dragonite|1
|-damage|p2b: Dragonite|36/100 brn
|
|-weather|RainDance|[upkeep]
|-damage|p2b: Dragonite|30/100 brn|[from] brn
|upkeep
|turn|7
|
|t:|1783307719
|move|p2b: Dragonite|Draco Meteor|p1a: Basculegion
|-damage|p1a: Basculegion|31/100
|-unboost|p2b: Dragonite|spa|2
|move|p1a: Basculegion|Liquidation|p2b: Dragonite
|-resisted|p2b: Dragonite|1
|-damage|p2b: Dragonite|0 fnt
|faint|p2b: Dragonite
|
|win|DaGondy
|inactive|DaGondy has 30 seconds to confirm battle start!
|inactive|Khenzhu has 30 seconds to confirm battle start!
