|j|☆hondo civic
|j|☆i still have it
|html|hondo civici still have it    
|uhtml|bestof|Game 1 of a best-of-3
|t:|1756608008
|gametype|doubles
|player|p1|hondo civic|2|1318
|player|p2|i still have it|benga|1471
|gen|9
|tier|[Gen 9] VGC 2025 Reg H (Bo3)
|rated|
|rule|Species Clause: Limit one of each Pokémon
|rule|Item Clause: Limit 1 of each item
|clearpoke
|poke|p1|Ninetales-Alola, L50, M|
|poke|p1|Rillaboom, L50, F|
|poke|p1|Magmar, L50, F|
|poke|p1|Sneasler, L50, F|
|poke|p1|Kingambit, L50, M|
|poke|p1|Basculegion, L50, M|
|poke|p2|Rillaboom, L50, M|
|poke|p2|Dragonite, L50, F|
|poke|p2|Incineroar, L50, M|
|poke|p2|Sneasler, L50, M|
|poke|p2|Kingambit, L50, M|
|poke|p2|Volcarona, L50, F|
|teampreview|4
|showteam|p1|Ninetales-Alola||LifeOrb|SnowWarning|Blizzard,FreezeDry,Encore,Protect|||M|||50|,,,,,Ghost]Rillaboom||AssaultVest|GrassySurge|WoodHammer,FakeOut,Uturn,GrassyGlide|||F|||50|,,,,,Ghost]Magmar||Eviolite|VitalSpirit|Protect,HeatWave,Taunt,FollowMe|||F|||50|,,,,,Ghost]Sneasler||FocusSash|PoisonTouch|FakeOut,DireClaw,CloseCombat,Protect|||F|||50|,,,,,Ghost]Kingambit||BlackGlasses|Defiant|KowtowCleave,SwordsDance,SuckerPunch,Protect|||M|||50|,,,,,Fire]Basculegion||ChoiceScarf|Adaptability|WaveCrash,FlipTurn,TeraBlast,LastRespects|||M|||50|,,,,,Fairy
|showteam|p2|Rillaboom||AssaultVest|GrassySurge|WoodHammer,Uturn,FakeOut,GrassyGlide|||M|||50|,,,,,Fire]Dragonite||LoadedDice|Multiscale|ScaleShot,Tailwind,Haze,Protect|||F|||50|,,,,,Dragon]Incineroar||SafetyGoggles|Intimidate|FlareBlitz,KnockOff,FakeOut,PartingShot|||M|||50|,,,,,Ghost]Sneasler||FocusSash|PoisonTouch|CloseCombat,DireClaw,Coaching,Protect|||M|||50|,,,,,Stellar]Kingambit||DreadPlate|Defiant|KowtowCleave,SwordsDance,SuckerPunch,Protect|||M|||50|,,,,,Dark]Volcarona||CovertCloak|FlameBody|QuiverDance,Flamethrower,TeraBlast,Protect|||F|||50|,,,,,Fairy
|inactive|Battle timer is ON: inactive players will automatically lose when time's up. (requested by hondo civic)
|inactive|i still have it has 60 seconds left.
|inactive|i still have it has 30 seconds left.
|
|t:|1756608077
|teamsize|p1|4
|teamsize|p2|4
|start
|switch|p1a: Kingambit|Kingambit, L50, M, shiny|100/100
|switch|p1b: Sneasler|Sneasler, L50, F|100/100
|switch|p2a: Incineroar|Incineroar, L50, M|100/100
|switch|p2b: Volcarona|Volcarona, L50, F|100/100
|-ability|p2a: Incineroar|Intimidate|boost
|-unboost|p1a: Kingambit|atk|1
|-ability|p1a: Kingambit|Defiant|boost
|-boost|p1a: Kingambit|atk|2
|-unboost|p1b: Sneasler|atk|1
|turn|1
|
|t:|1756608096
|-terastallize|p2b: Volcarona|Fairy
|-terastallize|p1a: Kingambit|Fire
|move|p1b: Sneasler|Fake Out|p2a: Incineroar
|-damage|p2a: Incineroar|92/100
|cant|p2a: Incineroar|flinch
|move|p2b: Volcarona|Quiver Dance|p2b: Volcarona
|-boost|p2b: Volcarona|spa|1
|-boost|p2b: Volcarona|spd|1
|-boost|p2b: Volcarona|spe|1
|move|p1a: Kingambit|Kowtow Cleave|p2b: Volcarona
|-resisted|p2b: Volcarona
|-damage|p2b: Volcarona|54/100
|
|upkeep
|turn|2
|inactive|i still have it has 30 seconds left.
|inactive|hondo civic has 30 seconds left.
|inactive|i still have it has 20 seconds left.
|inactive|i still have it has 15 seconds left.
|inactive|i still have it has 10 seconds left.
|
|t:|1756608143
|move|p2b: Volcarona|Flamethrower|p1b: Sneasler
|-enditem|p1b: Sneasler|Focus Sash
|-damage|p1b: Sneasler|1/100
|move|p1b: Sneasler|Close Combat|p2a: Incineroar
|-supereffective|p2a: Incineroar
|-damage|p2a: Incineroar|5/100
|-unboost|p1b: Sneasler|def|1
|-unboost|p1b: Sneasler|spd|1
|move|p2a: Incineroar|Flare Blitz|p1b: Sneasler
|-damage|p1b: Sneasler|0 fnt
|faint|p1b: Sneasler
|-damage|p2a: Incineroar|5/100|[from] Recoil
|move|p1a: Kingambit|Kowtow Cleave|p2b: Volcarona
|-resisted|p2b: Volcarona
|-damage|p2b: Volcarona|4/100
|
|upkeep
|
|t:|1756608155
|switch|p1b: Rillaboom|Rillaboom, L50, F|100/100
|-fieldstart|move: Grassy Terrain|[from] ability: Grassy Surge|[of] p1b: Rillaboom
|turn|3
|
|t:|1756608164
|move|p2b: Volcarona|Protect|p2b: Volcarona
|-singleturn|p2b: Volcarona|Protect
|move|p1a: Kingambit|Sucker Punch||[still]
|-fail|p1a: Kingambit
|move|p1b: Rillaboom|U-turn|p2a: Incineroar
|-damage|p2a: Incineroar|0 fnt
|faint|p2a: Incineroar
|
|t:|1756608166
|switch|p1b: Magmar|Magmar, L50, F|100/100|[from] U-turn
|
|-heal|p2b: Volcarona|10/100|[from] Grassy Terrain
|upkeep
|
|t:|1756608173
|switch|p2a: Kingambit|Kingambit, L50, M|100/100
|turn|4
|
|t:|1756608183
|move|p1a: Kingambit|Protect|p1a: Kingambit
|-singleturn|p1a: Kingambit|Protect
|move|p2b: Volcarona|Flamethrower|p1a: Kingambit
|-activate|p1a: Kingambit|move: Protect
|move|p1b: Magmar|Heat Wave|p2b: Volcarona|[spread] p2b
|-miss|p1b: Magmar|p2a: Kingambit
|-damage|p2b: Volcarona|0 fnt
|faint|p2b: Volcarona
|move|p2a: Kingambit|Kowtow Cleave|p1a: Kingambit
|-activate|p1a: Kingambit|move: Protect
|
|upkeep
|
|t:|1756608185
|switch|p2b: Sneasler|Sneasler, L50, M|100/100
|turn|5
|
|t:|1756608198
|move|p2b: Sneasler|Coaching|p2a: Kingambit
|-boost|p2a: Kingambit|atk|1
|-boost|p2a: Kingambit|def|1
|move|p1b: Magmar|Heat Wave|p2b: Sneasler|[spread] p2a,p2b
|-supereffective|p2a: Kingambit
|-damage|p2a: Kingambit|60/100
|-damage|p2b: Sneasler|68/100
|move|p1a: Kingambit|Kowtow Cleave|p2b: Sneasler
|-resisted|p2b: Sneasler
|-damage|p2b: Sneasler|0 fnt
|faint|p2b: Sneasler
|move|p2a: Kingambit|Kowtow Cleave|p1a: Kingambit
|-damage|p1a: Kingambit|25/100
|
|-heal|p1a: Kingambit|31/100|[from] Grassy Terrain
|-heal|p2a: Kingambit|66/100|[from] Grassy Terrain
|upkeep
|turn|6
|
|t:|1756608209
|move|p1b: Magmar|Heat Wave|p2a: Kingambit
|-supereffective|p2a: Kingambit
|-damage|p2a: Kingambit|7/100
|move|p1a: Kingambit|Kowtow Cleave|p2a: Kingambit
|-resisted|p2a: Kingambit
|-damage|p2a: Kingambit|0 fnt
|faint|p2a: Kingambit
|
|win|hondo civic
||hondo civic is ready for game 2.
||i still have it is ready for game 2.
|uhtml|next|Next: Game 2 of 3
|l|☆hondo civic
|player|p1|
