|j|☆Heitorcosmos
|j|☆eklyst
|html|Heitorcosmoseklyst    
|uhtml|bestof|Game 2 of a best-of-3
|t:|1785923229
|gametype|doubles
|player|p1|Heitorcosmos|169|1088
|player|p2|eklyst|pokemaniac|1140
|gen|9
|tier|[Gen 9 Champions] VGC 2026 Reg M-B (Bo3)
|rated|
|rule|Species Clause: Limit one of each Pokémon
|rule|Item Clause: Limit 1 of each item
|clearpoke
|poke|p1|Froslass, L50, F|
|poke|p1|Farigiraf, L50, F|
|poke|p1|Glaceon, L50, M|
|poke|p1|Sneasler, L50, M|
|poke|p1|Incineroar, L50, F|
|poke|p1|Glimmora, L50, M|
|poke|p2|Metagross, L50|
|poke|p2|Garchomp, L50, M|
|poke|p2|Tyranitar, L50, F|
|poke|p2|Sinistcha, L50|
|poke|p2|Milotic, L50, F|
|poke|p2|Sneasler, L50, F, shiny|
|teampreview|4
|showteam|p1|Froslass||Froslassite|SnowCloak|Protect,Thunderbolt,Blizzard,AuroraVeil|Modest||F|||50|]Farigiraf|||ArmorTail|HyperVoice,AllySwitch,TrickRoom,HelpingHand|Calm||F|||50|]Glaceon||FocusSash|SnowCloak|Blizzard,Snowscape,AlluringVoice,Yawn|Jolly||M|||50|]Sneasler||WhiteHerb|Pressure|CloseCombat,DireClaw,FakeOut,Protect|Jolly||M|||50|]Incineroar||SitrusBerry|Intimidate|FakeOut,PartingShot,FlareBlitz,Taunt|Adamant||F|||50|]Glimmora||Glimmoranite|ToxicDebris|EarthPower,SpikyShield,GunkShot,MeteorBeam|Jolly||M|||50|
|showteam|p2|Metagross||Metagrossite|ClearBody|IronHead,PsychicFangs,StompingTantrum,Protect|Jolly|||||50|]Garchomp||Garchompite|SandVeil|EarthPower,DracoMeteor,PowerGem,Protect|Modest||M|||50|]Tyranitar||ChoiceScarf|SandStream|RockSlide,KnockOff,LowKick,IcePunch|Jolly||F|||50|]Sinistcha||ColburBerry|Hospitality|MatchaGotcha,RagePowder,TrickRoom,Protect|Relaxed|||||50|]Milotic||SitrusBerry|Competitive|IcyWind,Haze,Scald,Protect|Bold||F|||50|]Sneasler||WhiteHerb|Unburden|CloseCombat,FakeOut,GunkShot,Protect|Jolly||F|||50|
|inactive|Battle timer is ON: inactive players will automatically lose when time's up. (requested by eklyst)
|
|t:|1785923247
|teamsize|p1|4
|teamsize|p2|4
|start
|switch|p1a: Froslass|Froslass, L50, F|100/100
|switch|p1b: Farigiraf|Farigiraf, L50, F|100/100
|switch|p2a: Tyranitar|Tyranitar, L50, F|100/100
|switch|p2b: Milotic|Milotic, L50, F|100/100
|-weather|Sandstorm|[from] ability: Sand Stream|[of] p2a: Tyranitar
|turn|1
|
|t:|1785923268
|detailschange|p1a: Froslass|Froslass-Mega, L50, F
|-mega|p1a: Froslass|Froslass|Froslassite
|-weather|Snowscape|[from] ability: Snow Warning|[of] p1a: Froslass
|move|p1b: Farigiraf|Ally Switch|p1b: Farigiraf
|swap|p1b: Farigiraf|0|[from] move: Ally Switch
|move|p2a: Tyranitar|Knock Off|p1b: Froslass
|-supereffective|p1b: Froslass|1
|-damage|p1b: Froslass|25/100
|move|p1b: Froslass|Aurora Veil|p1b: Froslass
|-sidestart|p1: Heitorcosmos|move: Aurora Veil
|move|p2b: Milotic|Scald|p1b: Froslass
|-damage|p1b: Froslass|4/100
|
|-weather|Snowscape|[upkeep]
|upkeep
|turn|2
|
|t:|1785923290
|move|p2a: Tyranitar|Knock Off|p1a: Farigiraf
|-supereffective|p1a: Farigiraf|1
|-damage|p1a: Farigiraf|55/100
|move|p1b: Froslass|Blizzard|p2a: Tyranitar|[spread] p2a,p2b
|-resisted|p2b: Milotic|1
|-damage|p2a: Tyranitar|51/100
|-damage|p2b: Milotic|83/100
|-status|p2b: Milotic|frz
|-curestatus|p2b: Milotic|frz|[from] move: Scald
|move|p2b: Milotic|Scald|p1a: Farigiraf
|-damage|p1a: Farigiraf|39/100
|move|p1a: Farigiraf|Hyper Voice|p2a: Tyranitar|[spread] p2a,p2b
|-resisted|p2a: Tyranitar|1
|-damage|p2a: Tyranitar|37/100
|-damage|p2b: Milotic|57/100
|
|-weather|Snowscape|[upkeep]
|upkeep
|turn|3
|
|t:|1785923310
|move|p1a: Farigiraf|Ally Switch|p1a: Farigiraf
|swap|p1a: Farigiraf|1|[from] move: Ally Switch
|move|p2a: Tyranitar|Knock Off|p1b: Farigiraf
|-supereffective|p1b: Farigiraf|1
|-damage|p1b: Farigiraf|0 fnt
|faint|p1b: Farigiraf
|move|p1a: Froslass|Blizzard|p2b: Milotic|[spread] p2a,p2b
|-resisted|p2b: Milotic|1
|-damage|p2a: Tyranitar|0 fnt
|-damage|p2b: Milotic|39/100
|-enditem|p2b: Milotic|Sitrus Berry|[eat]
|-heal|p2b: Milotic|63/100|[from] item: Sitrus Berry
|faint|p2a: Tyranitar
|move|p2b: Milotic|Scald|p1a: Froslass
|-damage|p1a: Froslass|0 fnt
|faint|p1a: Froslass
|
|-weather|Snowscape|[upkeep]
|upkeep
|
|t:|1785923326
|switch|p1a: Glaceon|Glaceon, L50, M|100/100
|switch|p2a: Garchomp|Garchomp, L50, M|100/100
|switch|p1b: Sneasler|Sneasler, L50, M|100/100
|-ability|p1b: Sneasler|Pressure
|turn|4
|
|t:|1785923341
|detailschange|p2a: Garchomp|Garchomp-Mega, L50, M
|-mega|p2a: Garchomp|Garchomp|Garchompite
|move|p2a: Garchomp|Protect|p2a: Garchomp
|-singleturn|p2a: Garchomp|Protect
|move|p1b: Sneasler|Fake Out|p2b: Milotic
|-damage|p2b: Milotic|52/100
|move|p1a: Glaceon|Blizzard|p2a: Garchomp|[spread] p2b
|-activate|p2a: Garchomp|move: Protect
|-resisted|p2b: Milotic|1
|-damage|p2b: Milotic|37/100
|cant|p2b: Milotic|flinch
|
|-weather|Snowscape|[upkeep]
|upkeep
|turn|5
|
|t:|1785923357
|switch|p2a: Sinistcha|Sinistcha, L50|100/100
|-heal|p2b: Milotic|62/100|[from] ability: Hospitality|[of] p2a: Sinistcha
|move|p1b: Sneasler|Dire Claw|p2b: Milotic
|-damage|p2b: Milotic|30/100
|-status|p2b: Milotic|par
|move|p1a: Glaceon|Blizzard|p2b: Milotic|[spread] p2a,p2b
|-supereffective|p2a: Sinistcha|1
|-resisted|p2b: Milotic|1
|-damage|p2a: Sinistcha|25/100
|-damage|p2b: Milotic|15/100 par
|move|p2b: Milotic|Scald|p1a: Glaceon|[miss]
|-miss|p2b: Milotic|p1a: Glaceon
|
|-weather|none
|-sideend|p1: Heitorcosmos|move: Aurora Veil
|upkeep
|turn|6
|
|t:|1785923380
|move|p2a: Sinistcha|Protect|p2a: Sinistcha
|-singleturn|p2a: Sinistcha|Protect
|move|p1b: Sneasler|Dire Claw|p2b: Milotic
|-damage|p2b: Milotic|0 fnt
|-fail|p2b: Milotic
|faint|p2b: Milotic
|move|p1a: Glaceon|Snowscape|p1a: Glaceon
|-weather|Snowscape
|
|-weather|Snowscape|[upkeep]
|upkeep
|
|t:|1785923389
|switch|p2b: Garchomp|Garchomp-Mega, L50, M|100/100
|turn|7
|
|t:|1785923403
|move|p1b: Sneasler|Protect|p1b: Sneasler
|-singleturn|p1b: Sneasler|Protect
|move|p2b: Garchomp|Power Gem|p1a: Glaceon
|-supereffective|p1a: Glaceon|1
|-damage|p1a: Glaceon|19/100
|move|p1a: Glaceon|Blizzard|p2a: Sinistcha|[spread] p2a,p2b
|-supereffective|p2a: Sinistcha|1
|-supereffective|p2b: Garchomp|2
|-damage|p2a: Sinistcha|0 fnt
|-damage|p2b: Garchomp|0 fnt
|faint|p2a: Sinistcha
|faint|p2b: Garchomp
|
|win|Heitorcosmos
||eklyst is ready for game 3.
|inactive|Heitorcosmos has 30 seconds to confirm battle start!
||Heitorcosmos is ready for game 3.
|uhtml|next|Next: Game 3 of 3
|l|☆Heitorcosmos
|player|p1|
|l|☆eklyst
|player|p2|
|j|☆eklyst
|player|p2|eklyst|pokemaniac|
|l|☆eklyst
|player|p2|
|j|☆eklyst
|player|p2|eklyst|pokemaniac|
