|j|☆helio list
|j|☆Ferran Tiburon
|html|helio listFerran Tiburon    
|uhtml|bestof|Game 2 of a best-of-3
|t:|1784828286
|gametype|doubles
|player|p1|helio list|1|1388
|player|p2|Ferran Tiburon|265|1374
|gen|9
|tier|[Gen 9 Champions] VGC 2026 Reg M-B (Bo3)
|rated|
|rule|Species Clause: Limit one of each Pokémon
|rule|Item Clause: Limit 1 of each item
|clearpoke
|poke|p1|Garchomp, L50, M|
|poke|p1|Talonflame, L50, F|
|poke|p1|Floette-Eternal, L50, F|
|poke|p1|Basculegion, L50, M|
|poke|p1|Vivillon-Pokeball, L50, M|
|poke|p1|Kingambit, L50, F|
|poke|p2|Hydreigon, L50, F|
|poke|p2|Charizard, L50, F|
|poke|p2|Toxapex, L50, M|
|poke|p2|Incineroar, L50, M|
|poke|p2|Venusaur, L50, F|
|poke|p2|Garchomp, L50, M|
|teampreview|4
|showteam|p1|Garchomp||LifeOrb|RoughSkin|Earthquake,RockSlide,DragonClaw,Protect|Jolly||M|||50|]Talonflame||SharpBeak|GaleWings|DualWingbeat,FlareBlitz,Tailwind,Protect|Jolly||F|||50|]Floette-Eternal||Floettite|FlowerVeil|CalmMind,Protect,LightofRuin,DazzlingGleam|Modest||F|||50|]Basculegion||FocusSash|Adaptability|Liquidation,LastRespects,AquaJet,Protect|Adamant||M|||50|]Vivillon-Pokeball||ChoiceScarf|CompoundEyes|SleepPowder,Tailwind,RagePowder,Hurricane|Timid||M|||50|]Kingambit||OccaBerry|Defiant|SuckerPunch,KowtowCleave,IronHead,Protect|Adamant||F|||50|
|showteam|p2|Hydreigon||ChoiceScarf|Levitate|DracoMeteor,Snarl,EarthPower,DarkPulse|Modest||F|||50|]Charizard||CharizarditeY|Blaze|HeatWave,WeatherBall,SolarBeam,Protect|Modest||F|||50|]Toxapex||Leftovers|Regenerator|Toxic,Infestation,WideGuard,BanefulBunker|Bold||M|||50|]Incineroar||SitrusBerry|Intimidate|FakeOut,DarkestLariat,PartingShot,FlareBlitz|Impish||M|||50|]Venusaur||FocusSash|Chlorophyll|LeafStorm,SleepPowder,SludgeBomb,Protect|Modest||F|||50|]Garchomp||LifeOrb|RoughSkin|Protect,DragonClaw,Earthquake,RockSlide|Jolly||M|||50|
|inactive|Battle timer is ON: inactive players will automatically lose when time's up. (requested by helio list)
|inactive|Ferran Tiburon also wants the timer to be on.
|inactive|helio list has 60 seconds left.
|inactive|Ferran Tiburon has 60 seconds left.
|
|t:|1784828318
|teamsize|p1|4
|teamsize|p2|4
|start
|switch|p1a: Talonflame|Talonflame, L50, F|100/100
|switch|p1b: Garchomp|Garchomp, L50, M|100/100
|switch|p2a: Charizard|Charizard, L50, F|100/100
|switch|p2b: Toxapex|Toxapex, L50, M|100/100
|turn|1
|
|t:|1784828338
|detailschange|p2a: Charizard|Charizard-Mega-Y, L50, F
|-mega|p2a: Charizard|Charizard|Charizardite Y
|-weather|SunnyDay|[from] ability: Drought|[of] p2a: Charizard
|move|p2a: Charizard|Protect|p2a: Charizard
|-singleturn|p2a: Charizard|Protect
|move|p1a: Talonflame|Dual Wingbeat|p2a: Charizard
|-activate|p2a: Charizard|move: Protect
|move|p1b: Garchomp|Dragon Claw|p2a: Charizard
|-activate|p2a: Charizard|move: Protect
|move|p2b: Toxapex|Toxic|p1a: Talonflame
|-status|p1a: Talonflame|tox
|
|-weather|SunnyDay|[upkeep]
|-damage|p1a: Talonflame|94/100 tox|[from] psn
|upkeep
|turn|2
|inactive|helio list has 30 seconds left.
|inactive|Ferran Tiburon has 30 seconds left.
|inactive|helio list has 20 seconds left.
|inactive|helio list has 15 seconds left.
|
|t:|1784828380
|switch|p2a: Garchomp|Garchomp, L50, M|100/100
|move|p1a: Talonflame|Dual Wingbeat|p2b: Toxapex
|-damage|p2b: Toxapex|86/100
|-damage|p2b: Toxapex|73/100
|-hitcount|p2b: Toxapex|2
|move|p1b: Garchomp|Earthquake|p2a: Garchomp|[spread] p2a,p2b
|-immune|p1a: Talonflame
|-supereffective|p2b: Toxapex|1
|-damage|p2a: Garchomp|55/100
|-damage|p2b: Toxapex|1/100
|-damage|p1b: Garchomp|90/100|[from] item: Life Orb
|move|p2b: Toxapex|Toxic|p1b: Garchomp
|-status|p1b: Garchomp|tox
|
|-weather|SunnyDay|[upkeep]
|-heal|p2b: Toxapex|7/100|[from] item: Leftovers
|-damage|p1a: Talonflame|82/100 tox|[from] psn
|-damage|p1b: Garchomp|84/100 tox|[from] psn
|upkeep
|turn|3
|inactive|Ferran Tiburon has 30 seconds left.
|
|t:|1784828408
|-heal|p2b: Toxapex|40/100|[from] ability: Regenerator|[silent]
|switch|p2b: Charizard|Charizard-Mega-Y, L50, F|100/100
|move|p2a: Garchomp|Protect|p2a: Garchomp
|-singleturn|p2a: Garchomp|Protect
|move|p1a: Talonflame|Tailwind|p1a: Talonflame
|-sidestart|p1: helio list|move: Tailwind
|move|p1b: Garchomp|Dragon Claw|p2a: Garchomp
|-activate|p2a: Garchomp|move: Protect
|
|-weather|SunnyDay|[upkeep]
|-damage|p1a: Talonflame|64/100 tox|[from] psn
|-damage|p1b: Garchomp|72/100 tox|[from] psn
|upkeep
|turn|4
|
|t:|1784828419
|switch|p2a: Toxapex|Toxapex, L50, M|40/100
|move|p2b: Charizard|Protect|p2b: Charizard
|-singleturn|p2b: Charizard|Protect
|move|p1a: Talonflame|Dual Wingbeat|p2a: Toxapex
|-damage|p2a: Toxapex|28/100
|-damage|p2a: Toxapex|15/100
|-hitcount|p2a: Toxapex|2
|move|p1b: Garchomp|Rock Slide|p2a: Toxapex|[spread] p2a
|-activate|p2b: Charizard|move: Protect
|-damage|p2a: Toxapex|0 fnt
|faint|p2a: Toxapex
|-damage|p1b: Garchomp|62/100 tox|[from] item: Life Orb
|
|-weather|SunnyDay|[upkeep]
|-damage|p1a: Talonflame|41/100 tox|[from] psn
|-damage|p1b: Garchomp|44/100 tox|[from] psn
|upkeep
|
|t:|1784828436
|switch|p2a: Garchomp|Garchomp, L50, M|55/100
|turn|5
|
|t:|1784828448
|switch|p1a: Kingambit|Kingambit, L50, F|100/100
|switch|p2b: Venusaur|Venusaur, L50, F|100/100
|move|p1b: Garchomp|Rock Slide|p2b: Venusaur|[spread] p2a,p2b
|-resisted|p2a: Garchomp|1
|-damage|p2a: Garchomp|43/100
|-damage|p2b: Venusaur|68/100
|-damage|p1b: Garchomp|35/100 tox|[from] item: Life Orb
|cant|p2a: Garchomp|flinch
|
|-weather|none
|-damage|p1b: Garchomp|11/100 tox|[from] psn
|upkeep
|turn|6
|
|t:|1784828462
|move|p1a: Kingambit|Protect|p1a: Kingambit
|-singleturn|p1a: Kingambit|Protect
|move|p2a: Garchomp|Protect|p2a: Garchomp
|-singleturn|p2a: Garchomp|Protect
|move|p2b: Venusaur|Protect|p2b: Venusaur
|-singleturn|p2b: Venusaur|Protect
|move|p1b: Garchomp|Earthquake|p2a: Garchomp|[spread] 
|-activate|p1a: Kingambit|move: Protect
|-activate|p2a: Garchomp|move: Protect
|-activate|p2b: Venusaur|move: Protect
|
|-damage|p1b: Garchomp|0 fnt|[from] psn
|faint|p1b: Garchomp
|-sideend|p1: helio list|move: Tailwind
|upkeep
|
|t:|1784828471
|switch|p1b: Talonflame|Talonflame, L50, F|41/100 tox
|turn|7
|
|t:|1784828484
|move|p1b: Talonflame|Tailwind|p1b: Talonflame
|-sidestart|p1: helio list|move: Tailwind
|move|p1a: Kingambit|Kowtow Cleave|p2a: Garchomp
|-damage|p2a: Garchomp|0 fnt
|-damage|p1a: Kingambit|88/100|[from] ability: Rough Skin|[of] p2a: Garchomp
|faint|p2a: Garchomp
|move|p2b: Venusaur|Sleep Powder|p1a: Kingambit
|-status|p1a: Kingambit|slp|[from] move: Sleep Powder
|
|-damage|p1b: Talonflame|35/100 tox|[from] psn
|upkeep
|
|t:|1784828489
|switch|p2a: Charizard|Charizard-Mega-Y, L50, F|100/100
|-weather|SunnyDay|[from] ability: Drought|[of] p2a: Charizard
|turn|8
|
|t:|1784828503
|move|p2b: Venusaur|Protect|p2b: Venusaur
|-singleturn|p2b: Venusaur|Protect
|move|p1b: Talonflame|Dual Wingbeat|p2a: Charizard
|-damage|p2a: Charizard|81/100
|-damage|p2a: Charizard|62/100
|-hitcount|p2a: Charizard|2
|cant|p1a: Kingambit|slp
|move|p2a: Charizard|Heat Wave|p1b: Talonflame|[spread] p1a,p1b
|-supereffective|p1a: Kingambit|1
|-enditem|p1a: Kingambit|Occa Berry|[eat]
|-enditem|p1a: Kingambit|Occa Berry|[weaken]
|-resisted|p1b: Talonflame|1
|-damage|p1a: Kingambit|26/100 slp
|-damage|p1b: Talonflame|0 fnt
|faint|p1b: Talonflame
|
|-weather|SunnyDay|[upkeep]
|upkeep
|
|t:|1784828506
|switch|p1b: Floette|Floette-Eternal, L50, F|100/100
|turn|9
|
|t:|1784828526
|detailschange|p1b: Floette|Floette-Mega, L50, F
|-mega|p1b: Floette|Floette|Floettite
|-ability|p1b: Floette|Fairy Aura
|move|p1b: Floette|Dazzling Gleam|p2a: Charizard|[spread] p2a,p2b
|-resisted|p2a: Charizard|1
|-resisted|p2b: Venusaur|1
|-damage|p2a: Charizard|40/100
|-damage|p2b: Venusaur|38/100
|move|p2b: Venusaur|Sludge Bomb|p1b: Floette
|-supereffective|p1b: Floette|1
|-damage|p1b: Floette|31/100
|cant|p1a: Kingambit|slp
|move|p2a: Charizard|Weather Ball|p1a: Kingambit
|-supereffective|p1a: Kingambit|1
|-damage|p1a: Kingambit|0 fnt
|faint|p1a: Kingambit
|
|-weather|SunnyDay|[upkeep]
|upkeep
|turn|10
|-message|helio list forfeited.
|
|win|Ferran Tiburon
||helio list is ready for game 3.
||Ferran Tiburon is ready for game 3.
|uhtml|next|Next: Game 3 of 3
