|j|☆AbadanRiyi92
|j|☆hiyallshhh
|html|AbadanRiyi92hiyallshhh    
|uhtml|bestof|Game 2 of a best-of-3
|t:|1783569126
|gametype|doubles
|player|p1|AbadanRiyi92|colress|1264
|player|p2|hiyallshhh|265|1153
|gen|9
|tier|[Gen 9 Champions] VGC 2026 Reg M-B (Bo3)
|rated|
|rule|Species Clause: Limit one of each Pokémon
|rule|Item Clause: Limit 1 of each item
|clearpoke
|poke|p1|Froslass, L50, F|
|poke|p1|Scovillain, L50, M, shiny|
|poke|p1|Basculegion, L50, M|
|poke|p1|Kingambit, L50, F|
|poke|p1|Sneasler, L50, F|
|poke|p1|Lycanroc-Dusk, L50, F|
|poke|p2|Metagross, L50, shiny|
|poke|p2|Swampert, L50, M|
|poke|p2|Archaludon, L50, F|
|poke|p2|Pelipper, L50, F|
|poke|p2|Sinistcha, L50|
|poke|p2|Grimmsnarl, L50, M|
|teampreview|4
|showteam|p1|Froslass||Froslassite|CursedBody|Blizzard,ShadowBall,AuroraVeil,Protect|Modest||F|||50|]Scovillain||Scovillainite|Moody|GigaDrain,Overheat,RagePowder,Protect|Bold||M|||50|]Basculegion||SitrusBerry|Adaptability|WaveCrash,LastRespects,AquaJet,Protect|Adamant||M|||50|]Kingambit||BlackGlasses|Defiant|KowtowCleave,SuckerPunch,SwordsDance,Protect|Adamant||F|||50|]Sneasler||WhiteHerb|Unburden|CloseCombat,GunkShot,Protect,FakeOut|Adamant||F|||50|]Lycanroc-Dusk||FocusSash|ToughClaws|CloseCombat,Accelerock,RockSlide,Protect|Adamant||F|||50|
|showteam|p2|Metagross||Metagrossite|ClearBody|IronHead,PsychicFangs,BodyPress,Protect|Jolly|||||50|]Swampert||Swampertite|Damp|WaveCrash,Earthquake,IcePunch,Protect|Adamant||M|||50|]Archaludon||Leftovers|Stamina|ElectroShot,DragonPulse,FlashCannon,Protect|Serious||F|||50|]Pelipper||SitrusBerry|Drizzle|Hurricane,WeatherBall,Tailwind,WideGuard|Modest||F|||50|]Sinistcha||CobaBerry|Hospitality|MatchaGotcha,RagePowder,TrickRoom,Protect|Relaxed|||||50|]Grimmsnarl||ExpertBelt|Prankster|FoulPlay,PartingShot,Reflect,LightScreen|Calm||M|||50|
|inactive|Battle timer is ON: inactive players will automatically lose when time's up. (requested by AbadanRiyi92)
|
|t:|1783569160
|teamsize|p1|4
|teamsize|p2|4
|start
|switch|p1a: Kingambit|Kingambit, L50, F|100/100
|switch|p1b: Sneasler|Sneasler, L50, F|100/100
|switch|p2a: Grimmsnarl|Grimmsnarl, L50, M|100/100
|switch|p2b: Pelipper|Pelipper, L50, F|100/100
|-weather|RainDance|[from] ability: Drizzle|[of] p2b: Pelipper
|turn|1
|
|t:|1783569183
|move|p1b: Sneasler|Fake Out|p2b: Pelipper
|-damage|p2b: Pelipper|86/100
|move|p2a: Grimmsnarl|Reflect|p2a: Grimmsnarl
|-sidestart|p2: hiyallshhh|Reflect
|cant|p2b: Pelipper|flinch
|move|p1a: Kingambit|Swords Dance|p1a: Kingambit
|-boost|p1a: Kingambit|atk|2
|
|-weather|RainDance|[upkeep]
|upkeep
|turn|2
|inactive|AbadanRiyi92 has 30 seconds left.
|
|t:|1783569212
|switch|p1b: Scovillain|Scovillain, L50, M, shiny|100/100
|move|p2a: Grimmsnarl|Parting Shot|p1a: Kingambit
|-hint|Since gen 7, Dark is immune to Prankster moves.
|-immune|p1a: Kingambit
|move|p2b: Pelipper|Tailwind|p2b: Pelipper
|-sidestart|p2: hiyallshhh|move: Tailwind
|move|p1a: Kingambit|Swords Dance|p1a: Kingambit
|-boost|p1a: Kingambit|atk|2
|
|-weather|RainDance|[upkeep]
|-ability|p1b: Scovillain|Moody|boost
|-boost|p1b: Scovillain|def|2
|-unboost|p1b: Scovillain|spe|1
|upkeep
|turn|3
|inactive|AbadanRiyi92 has 30 seconds left.
|
|t:|1783569245
|detailschange|p1b: Scovillain|Scovillain-Mega, L50, M, shiny
|-mega|p1b: Scovillain|Scovillain|Scovillainite
|move|p1b: Scovillain|Rage Powder|p1b: Scovillain
|-singleturn|p1b: Scovillain|move: Rage Powder
|move|p2a: Grimmsnarl|Light Screen|p2a: Grimmsnarl
|-sidestart|p2: hiyallshhh|move: Light Screen
|move|p1a: Kingambit|Sucker Punch|p2b: Pelipper
|-damage|p2b: Pelipper|0 fnt
|faint|p2b: Pelipper
|
|-weather|RainDance|[upkeep]
|upkeep
|
|t:|1783569262
|switch|p2b: Archaludon|Archaludon, L50, F|100/100
|turn|4
|
|t:|1783569279
|move|p1b: Scovillain|Rage Powder|p1b: Scovillain
|-singleturn|p1b: Scovillain|move: Rage Powder
|move|p2a: Grimmsnarl|Parting Shot|p1b: Scovillain
|-unboost|p1b: Scovillain|atk|1
|-unboost|p1b: Scovillain|spa|1
|
|t:|1783569285
|switch|p2a: Swampert|Swampert, L50, M|100/100|[from] Parting Shot
|move|p1a: Kingambit|Sucker Punch|p2b: Archaludon
|-damage|p2b: Archaludon|25/100
|-ability|p2b: Archaludon|Stamina|boost
|-boost|p2b: Archaludon|def|1
|move|p2b: Archaludon|Electro Shot||[still]
|-prepare|p2b: Archaludon|Electro Shot
|-boost|p2b: Archaludon|spa|1
|-anim|p2b: Archaludon|Electro Shot|p1b: Scovillain
|-resisted|p1b: Scovillain|1
|-damage|p1b: Scovillain|70/100
|-status|p2b: Archaludon|brn|[from] ability: Spicy Spray|[of] p1b: Scovillain
|
|-weather|RainDance|[upkeep]
|-heal|p2b: Archaludon|31/100 brn|[from] item: Leftovers
|-damage|p2b: Archaludon|25/100 brn|[from] brn
|upkeep
|turn|5
|inactive|AbadanRiyi92 has 30 seconds left.
|
|t:|1783569312
|detailschange|p2a: Swampert|Swampert-Mega, L50, M
|-mega|p2a: Swampert|Swampert|Swampertite
|move|p1a: Kingambit|Protect|p1a: Kingambit
|-singleturn|p1a: Kingambit|Protect
|move|p2a: Swampert|Wave Crash|p1b: Scovillain
|-damage|p1b: Scovillain|15/100
|-status|p2a: Swampert|brn|[from] ability: Spicy Spray|[of] p1b: Scovillain
|-damage|p2a: Swampert|83/100 brn|[from] Recoil
|move|p2b: Archaludon|Electro Shot||[still]
|-prepare|p2b: Archaludon|Electro Shot
|-boost|p2b: Archaludon|spa|1
|-anim|p2b: Archaludon|Electro Shot|p1a: Kingambit
|-activate|p1a: Kingambit|move: Protect
|move|p1b: Scovillain|Giga Drain|p2a: Swampert
|-supereffective|p2a: Swampert|2
|-crit|p2a: Swampert
|-damage|p2a: Swampert|0 fnt
|-heal|p1b: Scovillain|62/100|[from] drain|[of] p2a: Swampert
|faint|p2a: Swampert
|
|-weather|none
|-heal|p2b: Archaludon|31/100 brn|[from] item: Leftovers
|-damage|p2b: Archaludon|25/100 brn|[from] brn
|-sideend|p2: hiyallshhh|Reflect
|-sideend|p2: hiyallshhh|move: Tailwind
|upkeep
|
|t:|1783569320
|switch|p2a: Grimmsnarl|Grimmsnarl, L50, M|100/100
|turn|6
|inactive|hiyallshhh has 30 seconds left.
|
|t:|1783569346
|move|p1b: Scovillain|Rage Powder|p1b: Scovillain
|-singleturn|p1b: Scovillain|move: Rage Powder
|move|p2a: Grimmsnarl|Reflect|p2a: Grimmsnarl
|-sidestart|p2: hiyallshhh|Reflect
|move|p2b: Archaludon|Dragon Pulse|p1b: Scovillain
|-damage|p1b: Scovillain|0 fnt
|faint|p1b: Scovillain
|move|p1a: Kingambit|Kowtow Cleave|p2b: Archaludon
|-damage|p2b: Archaludon|0 fnt
|faint|p2b: Archaludon
|
|upkeep
|
|t:|1783569364
|switch|p1b: Sneasler|Sneasler, L50, F|100/100
|turn|7
|
|t:|1783569373
|move|p1b: Sneasler|Fake Out|p2a: Grimmsnarl
|-damage|p2a: Grimmsnarl|91/100
|cant|p2a: Grimmsnarl|flinch
|move|p1a: Kingambit|Kowtow Cleave|p2a: Grimmsnarl
|-resisted|p2a: Grimmsnarl|2
|-damage|p2a: Grimmsnarl|61/100
|
|-sideend|p2: hiyallshhh|move: Light Screen
|upkeep
|turn|8
|
|t:|1783569388
|move|p1a: Kingambit|Sucker Punch|p2a: Grimmsnarl
|-resisted|p2a: Grimmsnarl|2
|-damage|p2a: Grimmsnarl|37/100
|move|p1b: Sneasler|Gunk Shot|p2a: Grimmsnarl
|-supereffective|p2a: Grimmsnarl|1
|-damage|p2a: Grimmsnarl|0 fnt
|faint|p2a: Grimmsnarl
|
|win|AbadanRiyi92
|l|☆hiyallshhh
|player|p2|
||AbadanRiyi92 is ready for game 3.
|inactive|hiyallshhh has 30 seconds to confirm battle start!
||hiyallshhh is ready for game 3.
|uhtml|next|Next: Game 3 of 3
