|j|☆tidal otter
|j|☆Galactikitty
|html|tidal otterGalactikitty    
|uhtml|bestof|Game 1 of a best-of-3
|t:|1784403535
|gametype|doubles
|player|p1|tidal otter|siebold|
|player|p2|Galactikitty|galacticgruntf|
|gen|9
|tier|[Gen 9 Champions] VGC 2026 Reg M-B (Bo3)
|rule|Species Clause: Limit one of each Pokémon
|rule|Item Clause: Limit 1 of each item
|clearpoke
|poke|p1|Charizard, L50, M|
|poke|p1|Venusaur, L50, M|
|poke|p1|Annihilape, L50, F|
|poke|p1|Maushold, L50|
|poke|p1|Grimmsnarl, L50, M|
|poke|p1|Glimmora, L50, M|
|poke|p2|Houndoom, L50, F|
|poke|p2|Torkoal, L50, M|
|poke|p2|Leafeon, L50, M|
|poke|p2|Araquanid, L50, F|
|poke|p2|Florges, L50, F|
|poke|p2|Drampa, L50, M|
|teampreview|4
|showteam|p1|Charizard||CharizarditeY|Blaze|HeatWave,SolarBeam,WeatherBall,Protect|Timid||M|||50|]Venusaur||LifeOrb|Chlorophyll|EarthPower,GigaDrain,SleepPowder,Protect|Modest||M|||50|]Annihilape||Leftovers|Defiant|RageFist,DrainPunch,BulkUp,Protect|Adamant||F|||50|]Maushold||ChopleBerry|FriendGuard|BeatUp,SuperFang,FollowMe,Protect|Jolly|||||50|]Grimmsnarl||LightClay|Prankster|FakeOut,LightScreen,Reflect,SpiritBreak|Adamant||M|||50|]Glimmora||FocusSash|ToxicDebris|PowerGem,SludgeBomb,DazzlingGleam,SpikyShield|Timid||M|||50|
|showteam|p2|Houndoom||Houndoominite|FlashFire|DarkPulse,SludgeBomb,HeatWave,Protect|Timid||F|||50|]Torkoal||Charcoal|Drought|Eruption,Protect,HelpingHand,Flamethrower|Calm||M|||50|]Leafeon||FocusSash|Chlorophyll|LeafBlade,SolarBlade,Protect,QuickAttack|Adamant||M|||50|]Araquanid||Leftovers|WaterBubble|LeechLife,Liquidation,WideGuard,Crunch|Adamant||F|||50|]Florges||ChoiceScarf|FlowerVeil|Moonblast,PsychicNoise,GigaDrain,Trick|Modest||F|||50|]Drampa||Drampanite|SapSipper|DragonPulse,EarthPower,IceBeam,Thunderbolt|Modest||M|||50|
|c|☆Galactikitty|glhf
|c|☆Galactikitty|i'm going to get coooooooked
|c|☆tidal otter|hello fellow sun team
|c|☆Galactikitty|well, one of us is using actually good pokemon. the other one has a houndoom and a leafeon
|j| sadkoolaid
|
|t:|1784403619
|teamsize|p1|4
|teamsize|p2|4
|start
|switch|p1a: Levia|Grimmsnarl, L50, M|100/100
|switch|p1b: Zirconis|Glimmora, L50, M|100/100
|switch|p2a: Araquanid|Araquanid, L50, F|100/100
|switch|p2b: Florges|Florges, L50, F|100/100
|turn|1
|
|t:|1784403636
|move|p1a: Levia|Fake Out|p2a: Araquanid
|-damage|p2a: Araquanid|84/100
|move|p2b: Florges|Trick|p1a: Levia
|-activate|p2b: Florges|move: Trick|[of] p1a: Levia
|-item|p1a: Levia|Choice Scarf|[from] move: Trick
|-item|p2b: Florges|Light Clay|[from] move: Trick
|move|p1b: Zirconis|Sludge Bomb|p2b: Florges
|-supereffective|p2b: Florges|1
|-damage|p2b: Florges|26/100
|cant|p2a: Araquanid|flinch
|
|-heal|p2a: Araquanid|90/100|[from] item: Leftovers
|upkeep
|turn|2
|
|t:|1784403659
|move|p1b: Zirconis|Power Gem|p2a: Araquanid
|-supereffective|p2a: Araquanid|1
|-damage|p2a: Araquanid|24/100
|move|p2b: Florges|Giga Drain|p1b: Zirconis
|-crit|p1b: Zirconis
|-damage|p1b: Zirconis|45/100
|-heal|p2b: Florges|54/100|[from] drain|[of] p1b: Zirconis
|move|p1a: Levia|Spirit Break|p2b: Florges
|-damage|p2b: Florges|0 fnt
|faint|p2b: Florges
|move|p2a: Araquanid|Liquidation|p1a: Levia
|-damage|p1a: Levia|13/100
|
|-heal|p2a: Araquanid|29/100|[from] item: Leftovers
|upkeep
|
|t:|1784403672
|switch|p2b: Leafeon|Leafeon, L50, M|100/100
|turn|3
|
|t:|1784403711
|move|p1b: Zirconis|Spiky Shield|p1b: Zirconis
|-singleturn|p1b: Zirconis|move: Protect
|move|p2b: Leafeon|Protect|p2b: Leafeon
|-singleturn|p2b: Leafeon|Protect
|move|p1a: Levia|Spirit Break|p2a: Araquanid
|-damage|p2a: Araquanid|0 fnt
|faint|p2a: Araquanid
|
|upkeep
|
|t:|1784403719
|switch|p2a: Houndoom|Houndoom, L50, F|100/100
|turn|4
|l| sadkoolaid
|
|t:|1784403732
|detailschange|p2a: Houndoom|Houndoom-Mega, L50, F
|-mega|p2a: Houndoom|Houndoom|Houndoominite
|move|p2a: Houndoom|Heat Wave|p1b: Zirconis|[spread] p1a,p1b
|-resisted|p1b: Zirconis|1
|-damage|p1a: Levia|0 fnt
|-damage|p1b: Zirconis|20/100y
|-status|p1b: Zirconis|brn
|faint|p1a: Levia
|move|p1b: Zirconis|Sludge Bomb|p2b: Leafeon
|-supereffective|p2b: Leafeon|1
|-enditem|p2b: Leafeon|Focus Sash
|-damage|p2b: Leafeon|1/100
|move|p2b: Leafeon|Leaf Blade|p1b: Zirconis
|-damage|p1b: Zirconis|0 fnt
|-activate|p1b: Zirconis|ability: Toxic Debris
|-sidestart|p2: Galactikitty|move: Toxic Spikes
|faint|p1b: Zirconis
|
|upkeep
|
|t:|1784403737
|switch|p1b: Aldoron|Venusaur, L50, M|100/100
|switch|p1a: Igneel|Charizard, L50, M|100/100
|turn|5
|
|t:|1784403793
|detailschange|p1a: Igneel|Charizard-Mega-Y, L50, M
|-mega|p1a: Igneel|Charizard|Charizardite Y
|-weather|SunnyDay|[from] ability: Drought|[of] p1a: Igneel
|move|p2b: Leafeon|Leaf Blade|p1a: Igneel
|-resisted|p1a: Igneel|2
|-damage|p1a: Igneel|85/100
|move|p1b: Aldoron|Earth Power|p2a: Houndoom
|-supereffective|p2a: Houndoom|1
|-damage|p2a: Houndoom|5/100
|-damage|p1b: Aldoron|90/100|[from] item: Life Orb
|move|p2a: Houndoom|Heat Wave|p1b: Aldoron|[spread] p1a,p1b
|-resisted|p1a: Igneel|1
|-supereffective|p1b: Aldoron|1
|-damage|p1a: Igneel|36/100
|-damage|p1b: Aldoron|0 fnt
|faint|p1b: Aldoron
|move|p1a: Igneel|Heat Wave|p2a: Houndoom|[spread] p2b
|-miss|p1a: Igneel|p2a: Houndoom
|-supereffective|p2b: Leafeon|1
|-damage|p2b: Leafeon|0 fnt
|faint|p2b: Leafeon
|
|-weather|SunnyDay|[upkeep]
|-damage|p2a: Houndoom|0 fnt|[from] ability: Solar Power|[of] p2a: Houndoom
|faint|p2a: Houndoom
|
|win|tidal otter
|c|☆tidal otter|gg
||tidal otter is ready for game 2.
|c|☆Galactikitty|gg
||Galactikitty is ready for game 2.
|uhtml|next|Next: Game 2 of 3
|j| pokseanz
|j| sadkoolaid
|j| Milkshook♡
