|j|☆dreepy_volador1
|j|‽Regilover2015
|html|dreepy_volador1Regilover2015    
|uhtml|bestof|Game 1 of a best-of-3
|t:|1757723517
|gametype|doubles
|player|p1|dreepy_volador1|102|1123
|player|p2|Regilover2015|hilbert|1227
|gen|9
|tier|[Gen 9] VGC 2025 Reg H (Bo3)
|rated|
|rule|Species Clause: Limit one of each Pokémon
|rule|Item Clause: Limit 1 of each item
|clearpoke
|poke|p1|Whimsicott, L50, M|
|poke|p1|Sneasler, L50, M|
|poke|p1|Indeedee, L50, M|
|poke|p1|Annihilape, L50, M|
|poke|p1|Primarina, L50, F|
|poke|p1|Garchomp, L50, F|
|poke|p2|Whimsicott, L50, M|
|poke|p2|Annihilape, L50, M|
|poke|p2|Incineroar, L50, F|
|poke|p2|Rillaboom, L50, M|
|poke|p2|Ursaluna-Bloodmoon, L50, M|
|poke|p2|Dragonite, L50, F|
|teampreview|4
|showteam|p1|Whimsicott||CovertCloak|Prankster|Tailwind,Taunt,Moonblast,BeatUp|||M|||50|,,,,,Fire]Sneasler||PsychicSeed|Unburden|DireClaw,CloseCombat,ThroatChop,Protect|||M|||50|,,,,,Dark]Indeedee||FocusSash|PsychicSurge|ExpandingForce,TeraBlast,Imprison,TrickRoom|||M|||50|,,,,,Fighting]Annihilape||SafetyGoggles|Defiant|RageFist,DrainPunch,BulkUp,Protect|||M|||50|,,,,,Fire]Primarina||LifeOrb|LiquidVoice|HyperVoice,Moonblast,Haze,Protect|||F|||50|,,,,,Poison]Garchomp||ClearAmulet|RoughSkin|DragonClaw,StompingTantrum,Protect,RockSlide|||F|||50|,,,,,Ground
|showteam|p2|Whimsicott||CovertCloak|Prankster|BeatUp,Moonblast,Tailwind,Encore|||M|||50|,,,,,Ghost]Annihilape||SafetyGoggles|Defiant|RageFist,CloseCombat,FinalGambit,Taunt|||M|||50|,,,,,Water]Incineroar||SitrusBerry|Intimidate|FakeOut,KnockOff,FlareBlitz,PartingShot|||F|||50|,,,,,Ghost]Rillaboom||AssaultVest|GrassySurge|FakeOut,GrassyGlide,WoodHammer,HighHorsepower|||M|||50|,,,,,Grass]Ursaluna-Bloodmoon||LifeOrb|MindsEye|HyperVoice,BloodMoon,EarthPower,Protect|||M|||50|,,,,,Fairy]Dragonite||LoadedDice|Multiscale|ScaleShot,Tailwind,Haze,Protect|||F|||50|,,,,,Fairy
|inactive|Battle timer is ON: inactive players will automatically lose when time's up. (requested by dreepy_volador1)
|
|t:|1757723539
|teamsize|p1|4
|teamsize|p2|4
|start
|switch|p1a: PitufoMoreno|Whimsicott, L50, M, shiny|100/100
|switch|p1b: Monkeyded|Annihilape, L50, M|100/100
|switch|p2a: Rillaboom|Rillaboom, L50, M|100/100
|switch|p2b: Dragonite|Dragonite, L50, F|100/100
|-fieldstart|move: Grassy Terrain|[from] ability: Grassy Surge|[of] p2a: Rillaboom
|turn|1
|
|t:|1757723559
|move|p1a: PitufoMoreno|Taunt|p2b: Dragonite
|-start|p2b: Dragonite|move: Taunt
|move|p1b: Monkeyded|Bulk Up|p1b: Monkeyded
|-boost|p1b: Monkeyded|atk|1
|-boost|p1b: Monkeyded|def|1
|move|p2b: Dragonite|Scale Shot|p1b: Monkeyded
|-damage|p1b: Monkeyded|90/100
|-damage|p1b: Monkeyded|80/100
|-damage|p1b: Monkeyded|70/100
|-damage|p1b: Monkeyded|61/100
|-hitcount|p1b: Monkeyded|4
|-unboost|p2b: Dragonite|def|1
|-boost|p2b: Dragonite|spe|1
|move|p2a: Rillaboom|Wood Hammer|p1b: Monkeyded
|-damage|p1b: Monkeyded|10/100
|-damage|p2a: Rillaboom|83/100|[from] Recoil
|
|-heal|p1b: Monkeyded|16/100|[from] Grassy Terrain
|-heal|p2a: Rillaboom|89/100|[from] Grassy Terrain
|upkeep
|turn|2
|inactive|Regilover2015 has 30 seconds left.
|
|t:|1757723595
|switch|p2b: Whimsicott|Whimsicott, L50, M|100/100
|move|p1b: Monkeyded|Protect|p1b: Monkeyded
|-singleturn|p1b: Monkeyded|Protect
|move|p2a: Rillaboom|Grassy Glide|p1b: Monkeyded
|-activate|p1b: Monkeyded|move: Protect
|move|p1a: PitufoMoreno|Moonblast|p2b: Whimsicott
|-damage|p2b: Whimsicott|58/100
|
|-heal|p2b: Whimsicott|64/100|[from] Grassy Terrain
|-heal|p1b: Monkeyded|22/100|[from] Grassy Terrain
|-heal|p2a: Rillaboom|95/100|[from] Grassy Terrain
|upkeep
|turn|3
|
|t:|1757723611
|switch|p1a: V4ginator|Indeedee, L50, M|100/100
|-fieldstart|move: Psychic Terrain|[from] ability: Psychic Surge|[of] p1a: V4ginator
|-terastallize|p2a: Rillaboom|Grass
|move|p2b: Whimsicott|Encore|p1a: V4ginator
|-activate|p1a: V4ginator|move: Psychic Terrain
|move|p1b: Monkeyded|Drain Punch|p2a: Rillaboom
|-damage|p2a: Rillaboom|54/100
|-heal|p1b: Monkeyded|42/100|[from] drain|[of] p2a: Rillaboom
|move|p2a: Rillaboom|Grassy Glide|p1b: Monkeyded
|-damage|p1b: Monkeyded|13/100
|
|upkeep
|turn|4
|
|t:|1757723634
|move|p1b: Monkeyded|Protect|p1b: Monkeyded
|-singleturn|p1b: Monkeyded|Protect
|move|p2b: Whimsicott|Tailwind|p2b: Whimsicott
|-sidestart|p2: Regilover2015|move: Tailwind
|move|p2a: Rillaboom|Grassy Glide|p1a: V4ginator
|-damage|p1a: V4ginator|20/100
|move|p1a: V4ginator|Expanding Force|p2a: Rillaboom|[spread] p2a,p2b
|-damage|p2a: Rillaboom|22/100
|-damage|p2b: Whimsicott|0 fnt
|faint|p2b: Whimsicott
|
|upkeep
|
|t:|1757723643
|switch|p2b: Annihilape|Annihilape, L50, M|100/100
|turn|5
|
|t:|1757723659
|move|p1b: Monkeyded|Protect||[still]
|-fail|p1b: Monkeyded
|move|p2b: Annihilape|Rage Fist|p1b: Monkeyded
|-supereffective|p1b: Monkeyded
|-damage|p1b: Monkeyded|0 fnt
|faint|p1b: Monkeyded
|move|p2a: Rillaboom|Grassy Glide|p1a: V4ginator
|-damage|p1a: V4ginator|0 fnt
|faint|p1a: V4ginator
|
|upkeep
|
|t:|1757723670
|switch|p1a: PitufoMoreno|Whimsicott, L50, M, shiny|100/100
|switch|p1b: Sleeper|Sneasler, L50, M|100/100
|-enditem|p1b: Sleeper|Psychic Seed
|-boost|p1b: Sleeper|spd|1|[from] item: Psychic Seed
|turn|6
|
|t:|1757723684
|switch|p2a: Dragonite|Dragonite, L50, F|100/100
|move|p1b: Sleeper|Dire Claw|p2a: Dragonite
|-damage|p2a: Dragonite|76/100
|move|p2b: Annihilape|Rage Fist|p1b: Sleeper
|-damage|p1b: Sleeper|63/100
|move|p1a: PitufoMoreno|Moonblast|p2b: Annihilape
|-supereffective|p2b: Annihilape
|-damage|p2b: Annihilape|55/100
|
|upkeep
|turn|7
|
|t:|1757723706
|move|p1a: PitufoMoreno|Tailwind|p1a: PitufoMoreno
|-sidestart|p1: dreepy_volador1|move: Tailwind
|move|p1b: Sleeper|Dire Claw|p2a: Dragonite
|-damage|p2a: Dragonite|23/100
|move|p2b: Annihilape|Rage Fist|p1b: Sleeper
|-damage|p1b: Sleeper|0 fnt
|faint|p1b: Sleeper
|move|p2a: Dragonite|Scale Shot|p1a: PitufoMoreno
|-immune|p1a: PitufoMoreno
|
|-sideend|p2: Regilover2015|move: Tailwind
|-fieldend|move: Psychic Terrain
|upkeep
|turn|8
|
|t:|1757723723
|move|p1a: PitufoMoreno|Moonblast|p2b: Annihilape
|-supereffective|p2b: Annihilape
|-damage|p2b: Annihilape|3/100
|move|p2b: Annihilape|Rage Fist|p1a: PitufoMoreno
|-damage|p1a: PitufoMoreno|24/100
|move|p2a: Dragonite|Tailwind|p2a: Dragonite
|-sidestart|p2: Regilover2015|move: Tailwind
|
|upkeep
|turn|9
|
|t:|1757723735
|move|p1a: PitufoMoreno|Moonblast|p2b: Annihilape
|-supereffective|p2b: Annihilape
|-damage|p2b: Annihilape|0 fnt
|faint|p2b: Annihilape
|move|p2a: Dragonite|Scale Shot|p1a: PitufoMoreno
|-immune|p1a: PitufoMoreno
|
|upkeep
|
|t:|1757723737
|switch|p2b: Rillaboom|Rillaboom, L50, M, tera:Grass|22/100
|-fieldstart|move: Grassy Terrain|[from] ability: Grassy Surge|[of] p2b: Rillaboom
|turn|10
|
|t:|1757723746
|move|p1a: PitufoMoreno|Moonblast|p2b: Rillaboom
|-damage|p2b: Rillaboom|5/100
|move|p2a: Dragonite|Scale Shot|p1a: PitufoMoreno
|-immune|p1a: PitufoMoreno
|move|p2b: Rillaboom|Wood Hammer|p1a: PitufoMoreno
|-resisted|p1a: PitufoMoreno
|-damage|p1a: PitufoMoreno|0 fnt
|faint|p1a: PitufoMoreno
|-damage|p2b: Rillaboom|0 fnt|[from] Recoil
|faint|p2b: Rillaboom
|
|win|Regilover2015
||Regilover2015 is ready for game 2.
||dreepy_volador1 is ready for game 2.
|uhtml|next|Next: Game 2 of 3
