|j|☆bingbingbangus
|j|☆cheesebiscuit12
|html|bingbingbanguscheesebiscuit12    
|uhtml|bestof|Game 3 of a best-of-3
|t:|1785161245
|gametype|doubles
|player|p1|bingbingbangus|265|
|player|p2|cheesebiscuit12|169|
|gen|9
|tier|[Gen 9 Champions] VGC 2026 Reg M-B (Bo3)
|rule|Species Clause: Limit one of each Pokémon
|rule|Item Clause: Limit 1 of each item
|clearpoke
|poke|p1|Gengar, L50, F|
|poke|p1|Primarina, L50, M|
|poke|p1|Annihilape, L50, M|
|poke|p1|Clefable, L50, F|
|poke|p1|Rotom-Wash, L50|
|poke|p1|Scizor, L50, F|
|poke|p2|Gardevoir, L50, M|
|poke|p2|Metagross, L50|
|poke|p2|Whimsicott, L50, F|
|poke|p2|Sableye, L50, F|
|poke|p2|Flapple, L50, F|
|poke|p2|Azumarill, L50, M|
|teampreview|4
|showteam|p1|Gengar||Gengarite|CursedBody|ShadowBall,SludgeBomb,Protect,PerishSong|Timid||F|||50|]Primarina||Leftovers|LiquidVoice|HyperVoice,Moonblast,Protect,Haze|Calm||M|||50|]Annihilape||SitrusBerry|Defiant|RageFist,DrainPunch,BulkUp,Protect|Adamant||M|||50|]Clefable||FocusSash|Unaware|FollowMe,HelpingHand,Moonblast,Protect|Calm||F|||50|]Rotom-Wash||ExpertBelt|Levitate|HydroPump,VoltSwitch,WillOWisp,Protect|Calm|||||50|]Scizor||MuscleBand|Technician|BulletPunch,Uturn,DualWingbeat,CloseCombat|Adamant||F|||50|
|showteam|p2|Gardevoir||Gardevoirite|Telepathy|HyperVoice,Protect,Psyshock,CalmMind|Timid||M|||50|]Metagross||ExpertBelt|ClearBody|IronHead,IcePunch,Earthquake,PsychicFangs|Adamant|||||50|]Whimsicott||FocusSash|Prankster|Protect,Moonblast,Tailwind,TrickRoom|Relaxed||F|||50|]Sableye||Sablenite|Prankster|Gravity,WillOWisp,SuckerPunch,LightScreen|Careful||F|||50|]Flapple||MiracleSeed|Hustle|GravApple,DragonRush,Uturn,Protect|Jolly||F|||50|]Azumarill||SitrusBerry|HugePower|BellyDrum,PlayRough,Liquidation,AquaJet|Adamant||M|||50|
|
|t:|1785161254
|teamsize|p1|4
|teamsize|p2|4
|start
|switch|p1a: goonmaxx armstrong|Annihilape, L50, M|100/100
|switch|p1b: random ass guy|Clefable, L50, F|100/100
|switch|p2a: Imelda Marcos|Gardevoir, L50, M|100/100
|switch|p2b: Xi Jinping|Whimsicott, L50, F|100/100
|turn|1
|
|t:|1785161269
|detailschange|p2a: Imelda Marcos|Gardevoir-Mega, L50, M
|-mega|p2a: Imelda Marcos|Gardevoir|Gardevoirite
|move|p1b: random ass guy|Follow Me|p1b: random ass guy
|-singleturn|p1b: random ass guy|move: Follow Me
|move|p2a: Imelda Marcos|Hyper Voice|p1b: random ass guy|[spread] p1a,p1b
|-supereffective|p1a: goonmaxx armstrong|1
|-damage|p1a: goonmaxx armstrong|3/100
|-damage|p1b: random ass guy|67/100
|-enditem|p1a: goonmaxx armstrong|Sitrus Berry|[eat]
|-heal|p1a: goonmaxx armstrong|28/100|[from] item: Sitrus Berry
|move|p2b: Xi Jinping|Moonblast|p1b: random ass guy
|-damage|p1b: random ass guy|48/100
|move|p1a: goonmaxx armstrong|Rage Fist|p2a: Imelda Marcos
|-supereffective|p2a: Imelda Marcos|1
|-damage|p2a: Imelda Marcos|0 fnt
|faint|p2a: Imelda Marcos
|
|upkeep
|
|t:|1785161286
|switch|p2a: Putin|Azumarill, L50, M|100/100
|turn|2
|
|t:|1785161294
|move|p1b: random ass guy|Helping Hand|p1a: goonmaxx armstrong
|-singleturn|p1a: goonmaxx armstrong|Helping Hand|[of] p1b: random ass guy
|move|p2b: Xi Jinping|Tailwind|p2b: Xi Jinping
|-sidestart|p2: cheesebiscuit12|move: Tailwind
|move|p2a: Putin|Play Rough|p1a: goonmaxx armstrong|[miss]
|-miss|p2a: Putin|p1a: goonmaxx armstrong
|move|p1a: goonmaxx armstrong|Rage Fist|p2a: Putin
|-damage|p2a: Putin|24/100
|-enditem|p2a: Putin|Sitrus Berry|[eat]
|-heal|p2a: Putin|49/100|[from] item: Sitrus Berry
|
|upkeep
|turn|3
|
|t:|1785161316
|move|p1b: random ass guy|Follow Me|p1b: random ass guy
|-singleturn|p1b: random ass guy|move: Follow Me
|move|p2b: Xi Jinping|Moonblast|p1b: random ass guy
|-damage|p1b: random ass guy|29/100
|move|p2a: Putin|Play Rough|p1b: random ass guy
|-damage|p1b: random ass guy|0 fnt
|faint|p1b: random ass guy
|move|p1a: goonmaxx armstrong|Rage Fist|p2a: Putin
|-damage|p2a: Putin|0 fnt
|faint|p2a: Putin
|
|upkeep
|
|t:|1785161330
|switch|p1b: dr goon|Gengar, L50, F|100/100
|switch|p2a: Hamad|Metagross, L50|100/100
|turn|4
|
|t:|1785161340
|move|p2b: Xi Jinping|Moonblast|p1a: goonmaxx armstrong
|-supereffective|p1a: goonmaxx armstrong|1
|-damage|p1a: goonmaxx armstrong|0 fnt
|faint|p1a: goonmaxx armstrong
|move|p2a: Hamad|Psychic Fangs|p1b: dr goon
|-supereffective|p1b: dr goon|1
|-damage|p1b: dr goon|0 fnt
|faint|p1b: dr goon
|
|upkeep
|
|t:|1785161378
|switch|p1b: non goon normie|Primarina, L50, M|100/100
|turn|5
|
|t:|1785161390
|move|p2a: Hamad|Iron Head|p1b: non goon normie
|-damage|p1b: non goon normie|40/100
|move|p1b: non goon normie|Hyper Voice|p2b: Xi Jinping|[spread] p2a,p2b
|-resisted|p2b: Xi Jinping|1
|-damage|p2a: Hamad|72/100
|-damage|p2b: Xi Jinping|82/100
|move|p2b: Xi Jinping|Trick Room|p2b: Xi Jinping
|-fieldstart|move: Trick Room|[of] p2b: Xi Jinping
|
|-heal|p1b: non goon normie|46/100|[from] item: Leftovers
|-sideend|p2: cheesebiscuit12|move: Tailwind
|upkeep
|turn|6
|
|t:|1785161408
|move|p2b: Xi Jinping|Tailwind|p2b: Xi Jinping
|-sidestart|p2: cheesebiscuit12|move: Tailwind
|move|p1b: non goon normie|Hyper Voice|p2b: Xi Jinping|[spread] p2a,p2b
|-resisted|p2b: Xi Jinping|1
|-damage|p2a: Hamad|43/100
|-damage|p2b: Xi Jinping|64/100
|move|p2a: Hamad|Earthquake|p1b: non goon normie|[spread] p2b,p1b
|-resisted|p2b: Xi Jinping|1
|-crit|p2b: Xi Jinping
|-damage|p2b: Xi Jinping|45/100
|-damage|p1b: non goon normie|10/100
|
|-heal|p1b: non goon normie|16/100|[from] item: Leftovers
|upkeep
|turn|7
|
|t:|1785161428
|move|p1b: non goon normie|Protect|p1b: non goon normie
|-singleturn|p1b: non goon normie|Protect
|move|p2a: Hamad|Psychic Fangs|p1b: non goon normie
|-activate|p1b: non goon normie|move: Protect
|move|p2b: Xi Jinping|Moonblast|p1b: non goon normie
|-activate|p1b: non goon normie|move: Protect
|
|-heal|p1b: non goon normie|21/100|[from] item: Leftovers
|upkeep
|turn|8
|
|t:|1785161438
|move|p1b: non goon normie|Hyper Voice|p2a: Hamad|[spread] p2a,p2b
|-resisted|p2b: Xi Jinping|1
|-damage|p2a: Hamad|16/100
|-damage|p2b: Xi Jinping|26/100
|move|p2a: Hamad|Earthquake|p1b: non goon normie|[spread] p2b,p1b
|-resisted|p2b: Xi Jinping|1
|-damage|p2b: Xi Jinping|14/100
|-damage|p1b: non goon normie|0 fnt
|faint|p1b: non goon normie
|
|win|cheesebiscuit12
