|j|☆arnawua
|j|☆Lev001
|html|arnawuaLev001    
|uhtml|bestof|Game 1 of a best-of-3
|t:|1785270370
|gametype|doubles
|player|p1|arnawua|preschooler|1084
|player|p2|Lev001|102|1184
|gen|9
|tier|[Gen 9 Champions] VGC 2026 Reg M-B (Bo3)
|rated|
|rule|Species Clause: Limit one of each Pokémon
|rule|Item Clause: Limit 1 of each item
|clearpoke
|poke|p1|Staraptor, L50, F|
|poke|p1|Incineroar, L50, F, shiny|
|poke|p1|Whimsicott, L50, F, shiny|
|poke|p1|Sinistcha, L50|
|poke|p1|Aegislash, L50, F, shiny|
|poke|p1|Garchomp, L50, F|
|poke|p2|Grimmsnarl, L50, M|
|poke|p2|Tyranitar, L50, F|
|poke|p2|Corviknight, L50, F|
|poke|p2|Charizard, L50, M|
|poke|p2|Staraptor, L50, M|
|poke|p2|Sinistcha, L50|
|teampreview|4
|showteam|p1|Staraptor||Staraptite|Intimidate|CloseCombat,BraveBird,Protect,Roost|Jolly||F|||50|]Incineroar||ChopleBerry|Intimidate|FakeOut,FlareBlitz,DarkestLariat,PartingShot|Adamant||F|||50|]Whimsicott||FocusSash|Prankster|Tailwind,Protect,Charm,Moonblast|Timid||F|||50|]Sinistcha||SitrusBerry|Hospitality|MatchaGotcha,LifeDew,RagePowder,Protect|Bold|||||50|]Aegislash||SpellTag|StanceChange|KingsShield,Poltergeist,IronHead,WideGuard|Adamant||F|||50|]Garchomp||LifeOrb|RoughSkin|Earthquake,Protect,DragonClaw,RockSlide|Jolly||F|||50|
|showteam|p2|Grimmsnarl||RoseliBerry|Prankster|PartingShot,SpiritBreak,ScaryFace,LightScreen|Impish||M|||50|]Tyranitar||ChoiceScarf|SandStream|RockSlide,KnockOff,LowKick,IcePunch|Jolly||F|||50|]Corviknight||Leftovers|MirrorArmor|IronHead,BraveBird,Roost,Tailwind|Adamant||F|||50|]Charizard||CharizarditeY|Blaze|Protect,HeatWave,SolarBeam,WeatherBall|Modest||M|||50|]Staraptor||Staraptite|Intimidate|Protect,CloseCombat,BraveBird,Roost|Jolly||M|||50|]Sinistcha||LifeOrb|Hospitality|MatchaGotcha,RagePowder,LifeDew,StrengthSap|Modest|||||50|
|inactive|Battle timer is ON: inactive players will automatically lose when time's up. (requested by arnawua)
|inactive|Lev001 has 60 seconds left.
|
|t:|1785270438
|teamsize|p1|4
|teamsize|p2|4
|start
|switch|p1a: Whimsicott|Whimsicott, L50, F, shiny|100/100
|switch|p1b: Staraptor|Staraptor, L50, F|100/100
|switch|p2a: Grimmsnarl|Grimmsnarl, L50, M|100/100
|switch|p2b: Charizard|Charizard, L50, M|100/100
|-ability|p1b: Staraptor|Intimidate|boost
|-unboost|p2a: Grimmsnarl|atk|1
|-unboost|p2b: Charizard|atk|1
|turn|1
|inactive|arnawua has 30 seconds left.
|inactive|Lev001 has 30 seconds left.
|inactive|Lev001 has 20 seconds left.
|
|t:|1785270474
|detailschange|p1b: Staraptor|Staraptor-Mega, L50, F
|-mega|p1b: Staraptor|Staraptor|Staraptite
|detailschange|p2b: Charizard|Charizard-Mega-Y, L50, M
|-mega|p2b: Charizard|Charizard|Charizardite Y
|-weather|SunnyDay|[from] ability: Drought|[of] p2b: Charizard
|move|p1a: Whimsicott|Charm|p1b: Staraptor
|-boost|p1b: Staraptor|atk|2
|move|p1b: Staraptor|Brave Bird|p2b: Charizard
|-damage|p2b: Charizard|0 fnt
|faint|p2b: Charizard
|-damage|p1b: Staraptor|64/100|[from] Recoil
|move|p2a: Grimmsnarl|Spirit Break|p1a: Whimsicott
|-damage|p1a: Whimsicott|76/100
|-unboost|p1a: Whimsicott|spa|1
|
|-weather|SunnyDay|[upkeep]
|upkeep
|
|t:|1785270490
|switch|p2b: Tyranitar|Tyranitar, L50, F|100/100
|-weather|Sandstorm|[from] ability: Sand Stream|[of] p2b: Tyranitar
|turn|2
|
|t:|1785270510
|switch|p2b: Sinistcha|Sinistcha, L50|100/100
|move|p1a: Whimsicott|Tailwind|p1a: Whimsicott
|-sidestart|p1: arnawua|move: Tailwind
|move|p1b: Staraptor|Close Combat|p2b: Sinistcha
|-immune|p2b: Sinistcha
|move|p2a: Grimmsnarl|Spirit Break|p1b: Staraptor
|-supereffective|p1b: Staraptor|1
|-damage|p1b: Staraptor|16/100
|-boost|p1b: Staraptor|spa|1
|
|-weather|Sandstorm|[upkeep]
|-damage|p1a: Whimsicott|70/100|[from] Sandstorm
|-damage|p1b: Staraptor|9/100|[from] Sandstorm
|-damage|p2b: Sinistcha|93/100|[from] Sandstorm
|-damage|p2a: Grimmsnarl|94/100|[from] Sandstorm
|upkeep
|turn|3
|inactive|Lev001 has 30 seconds left.
|inactive|Lev001 has 20 seconds left.
|
|t:|1785270546
|switch|p2b: Tyranitar|Tyranitar, L50, F|100/100
|move|p1a: Whimsicott|Charm|p1b: Staraptor
|-boost|p1b: Staraptor|atk|2
|move|p2a: Grimmsnarl|Parting Shot|p1a: Whimsicott
|-unboost|p1a: Whimsicott|atk|1
|-unboost|p1a: Whimsicott|spa|1
|
|t:|1785270556
|switch|p2a: Sinistcha|Sinistcha, L50|93/100|[from] Parting Shot
|move|p1b: Staraptor|Roost|p1b: Staraptor
|-heal|p1b: Staraptor|59/100
|-singleturn|p1b: Staraptor|move: Roost
|
|-weather|Sandstorm|[upkeep]
|-damage|p1a: Whimsicott|64/100|[from] Sandstorm
|-damage|p1b: Staraptor|53/100|[from] Sandstorm
|-damage|p2a: Sinistcha|87/100|[from] Sandstorm
|upkeep
|turn|4
|
|t:|1785270573
|move|p1b: Staraptor|Protect|p1b: Staraptor
|-singleturn|p1b: Staraptor|Protect
|move|p2a: Sinistcha|Rage Powder|p2a: Sinistcha
|-singleturn|p2a: Sinistcha|move: Rage Powder
|move|p1a: Whimsicott|Moonblast|p2b: Tyranitar
|-supereffective|p2b: Tyranitar|1
|-damage|p2b: Tyranitar|80/100
|move|p2b: Tyranitar|Ice Punch|p1b: Staraptor
|-activate|p1b: Staraptor|move: Protect
|
|-weather|Sandstorm|[upkeep]
|-damage|p1a: Whimsicott|58/100|[from] Sandstorm
|-damage|p1b: Staraptor|47/100|[from] Sandstorm
|-damage|p2a: Sinistcha|81/100|[from] Sandstorm
|upkeep
|turn|5
|
|t:|1785270593
|move|p2a: Sinistcha|Rage Powder|p2a: Sinistcha
|-singleturn|p2a: Sinistcha|move: Rage Powder
|move|p1a: Whimsicott|Charm|p1b: Staraptor
|-boost|p1b: Staraptor|atk|2
|move|p1b: Staraptor|Roost|p1b: Staraptor
|-heal|p1b: Staraptor|97/100
|-singleturn|p1b: Staraptor|move: Roost
|move|p2b: Tyranitar|Ice Punch|p1a: Whimsicott
|-supereffective|p1a: Whimsicott|1
|-damage|p1a: Whimsicott|0 fnt
|faint|p1a: Whimsicott
|
|-weather|Sandstorm|[upkeep]
|-damage|p1b: Staraptor|91/100|[from] Sandstorm
|-damage|p2a: Sinistcha|75/100|[from] Sandstorm
|-sideend|p1: arnawua|move: Tailwind
|upkeep
|
|t:|1785270606
|switch|p1a: Incineroar|Incineroar, L50, F, shiny|100/100
|-ability|p1a: Incineroar|Intimidate|boost
|-unboost|p2a: Sinistcha|atk|1
|-unboost|p2b: Tyranitar|atk|1
|turn|6
|
|t:|1785270616
|move|p1b: Staraptor|Protect|p1b: Staraptor
|-singleturn|p1b: Staraptor|Protect
|move|p2a: Sinistcha|Rage Powder|p2a: Sinistcha
|-singleturn|p2a: Sinistcha|move: Rage Powder
|move|p2b: Tyranitar|Ice Punch|p1b: Staraptor
|-activate|p1b: Staraptor|move: Protect
|move|p1a: Incineroar|Darkest Lariat|p2a: Sinistcha
|-supereffective|p2a: Sinistcha|1
|-damage|p2a: Sinistcha|7/100
|
|-weather|none
|upkeep
|turn|7
|
|t:|1785270632
|move|p2a: Sinistcha|Rage Powder|p2a: Sinistcha
|-singleturn|p2a: Sinistcha|move: Rage Powder
|move|p2b: Tyranitar|Ice Punch|p1b: Staraptor
|-supereffective|p1b: Staraptor|1
|-damage|p1b: Staraptor|54/100
|move|p1b: Staraptor|Roost|p1b: Staraptor
|-heal|p1b: Staraptor|100/100
|-singleturn|p1b: Staraptor|move: Roost
|move|p1a: Incineroar|Parting Shot|p2a: Sinistcha
|-unboost|p2a: Sinistcha|atk|1
|-unboost|p2a: Sinistcha|spa|1
|-message|Lev001 forfeited.
|
|win|arnawua
|l|☆Lev001
|player|p2|
||Lev001 is ready for game 2.
||arnawua is ready for game 2.
|uhtml|next|Next: Game 2 of 3
|j| soulmoonvgc
