|j|☆PokePiova
|j|☆Doomnik
|html|PokePiovaDoomnik    
|uhtml|bestof|Game 1 of a best-of-3
|t:|1756415872
|gametype|doubles
|player|p1|PokePiova|266|1088
|player|p2|Doomnik|hiker-gen4|1110
|gen|9
|tier|[Gen 9] VGC 2025 Reg H (Bo3)
|rated|
|rule|Species Clause: Limit one of each Pokémon
|rule|Item Clause: Limit 1 of each item
|clearpoke
|poke|p1|Pelipper, L50, F|
|poke|p1|Basculegion, L50, M|
|poke|p1|Archaludon, L50, F|
|poke|p1|Kingambit, L50, F|
|poke|p1|Rillaboom, L50, M|
|poke|p1|Sinistcha, L50|
|poke|p2|Ninetales-Alola, L50, M|
|poke|p2|Ursaluna-Bloodmoon, L50, M|
|poke|p2|Maushold-Four, L50|
|poke|p2|Annihilape, L50, M|
|poke|p2|Klefki, L50, M|
|poke|p2|Sinistcha-Masterpiece, L50|
|teampreview|4
|showteam|p1|Pelipper||FocusSash|Drizzle|Hurricane,WeatherBall,Tailwind,Protect|||F|||50|,,,,,Stellar]Basculegion||ChoiceBand|SwiftSwim|WaveCrash,FlipTurn,AquaJet,LastRespects|||M|||50|,,,,,Water]Archaludon||AssaultVest|Stamina|ElectroShot,DracoMeteor,FlashCannon,BodyPress|||F|||50|,,,,,Bug]Kingambit||BlackGlasses|Defiant|KowtowCleave,SuckerPunch,SwordsDance,Protect|||F|||50|,,,,,Dark]Rillaboom||Leftovers|GrassySurge|FakeOut,GrassyGlide,BulletSeed,Uturn|||M|||50|,,,,,Grass]Sinistcha||SitrusBerry|Hospitality|MatchaGotcha,RagePowder,LifeDew,Protect||||||50|,,,,,Normal
|showteam|p2|Ninetales-Alola||FocusSash|SnowWarning|Blizzard,FreezeDry,Encore,Protect|||M|||50|,,,,,Ghost]Ursaluna-Bloodmoon||AssaultVest|MindsEye|BloodMoon,EarthPower,HyperVoice,VacuumWave|||M|||50|,,,,,Water]Maushold-Four||SafetyGoggles|FriendGuard|BeatUp,Taunt,FollowMe,Protect||||||50|,,,,,Ghost]Annihilape||Leftovers|Defiant|DrainPunch,RageFist,BulkUp,Protect|||M|||50|,,,,,Fire]Klefki||LightClay|Prankster|DazzlingGleam,Reflect,LightScreen,MistyTerrain|||M|||50|,,,,,Ghost]Sinistcha-Masterpiece||SitrusBerry|Hospitality|MatchaGotcha,RagePowder,LifeDew,TrickRoom||||||50|,,,,,Water
|inactive|Battle timer is ON: inactive players will automatically lose when time's up. (requested by Doomnik)
|
|t:|1756415917
|teamsize|p1|4
|teamsize|p2|4
|start
|switch|p1a: Rillaboom|Rillaboom, L50, M|100/100
|switch|p1b: Archaludon|Archaludon, L50, F|100/100
|switch|p2a: Ursaluna|Ursaluna-Bloodmoon, L50, M|100/100
|switch|p2b: Klefki|Klefki, L50, M|100/100
|-fieldstart|move: Grassy Terrain|[from] ability: Grassy Surge|[of] p1a: Rillaboom
|turn|1
|inactive|PokePiova has 30 seconds left.
|inactive|Doomnik has 30 seconds left.
|
|t:|1756415951
|-terastallize|p1b: Archaludon|Bug
|-terastallize|p2a: Ursaluna|Water
|move|p2b: Klefki|Reflect|p2b: Klefki
|-sidestart|p2: Doomnik|Reflect
|move|p1a: Rillaboom|U-turn|p1b: Archaludon
|-damage|p1b: Archaludon|83/100
|-ability|p1b: Archaludon|Stamina|boost
|-boost|p1b: Archaludon|def|1
|
|t:|1756415961
|switch|p1a: Sinistcha|Sinistcha, L50|100/100|[from] U-turn
|-heal|p1b: Archaludon|100/100|[from] ability: Hospitality|[of] p1a: Sinistcha
|move|p1b: Archaludon|Body Press|p2a: Ursaluna
|-damage|p2a: Ursaluna|84/100
|move|p2a: Ursaluna|Blood Moon|p1b: Archaludon
|-damage|p1b: Archaludon|55/100
|-ability|p1b: Archaludon|Stamina|boost
|-boost|p1b: Archaludon|def|1
|
|-heal|p1b: Archaludon|61/100|[from] Grassy Terrain
|-heal|p2a: Ursaluna|89/100|[from] Grassy Terrain
|upkeep
|turn|2
|
|t:|1756415984
|move|p2b: Klefki|Light Screen|p2b: Klefki
|-sidestart|p2: Doomnik|move: Light Screen
|move|p1b: Archaludon|Body Press|p2b: Klefki
|-damage|p2b: Klefki|75/100
|move|p1a: Sinistcha|Life Dew||[still]|[spread] p1a,p1b
|-fail|p1a: Sinistcha|heal
|-heal|p1b: Archaludon|86/100
|move|p2a: Ursaluna|Hyper Voice|p1b: Archaludon|[spread] p1a,p1b
|-damage|p1a: Sinistcha|66/100
|-damage|p1b: Archaludon|63/100
|-ability|p1b: Archaludon|Stamina|boost
|-boost|p1b: Archaludon|def|1
|
|-heal|p1b: Archaludon|69/100|[from] Grassy Terrain
|-heal|p2b: Klefki|81/100|[from] Grassy Terrain
|-heal|p1a: Sinistcha|72/100|[from] Grassy Terrain
|-heal|p2a: Ursaluna|95/100|[from] Grassy Terrain
|upkeep
|turn|3
|
|t:|1756416002
|switch|p2b: Ninetales|Ninetales-Alola, L50, M|100/100
|-weather|Snowscape|[from] ability: Snow Warning|[of] p2b: Ninetales
|switch|p1a: Pelipper|Pelipper, L50, F|100/100
|-weather|RainDance|[from] ability: Drizzle|[of] p1a: Pelipper
|move|p1b: Archaludon|Electro Shot||[still]
|-prepare|p1b: Archaludon|Electro Shot
|-boost|p1b: Archaludon|spa|1
|-anim|p1b: Archaludon|Electro Shot|p2a: Ursaluna
|-supereffective|p2a: Ursaluna
|-damage|p2a: Ursaluna|48/100
|move|p2a: Ursaluna|Blood Moon|p1b: Archaludon
|-damage|p1b: Archaludon|21/100
|-ability|p1b: Archaludon|Stamina|boost
|-boost|p1b: Archaludon|def|1
|
|-weather|RainDance|[upkeep]
|-heal|p1b: Archaludon|27/100|[from] Grassy Terrain
|-heal|p2a: Ursaluna|54/100|[from] Grassy Terrain
|upkeep
|turn|4
|
|t:|1756416026
|switch|p1a: Sinistcha|Sinistcha, L50|72/100
|-heal|p1b: Archaludon|52/100|[from] ability: Hospitality|[of] p1a: Sinistcha
|move|p2b: Ninetales|Blizzard|p1a: Sinistcha|[spread] p1a
|-miss|p2b: Ninetales|p1b: Archaludon
|-supereffective|p1a: Sinistcha
|-damage|p1a: Sinistcha|11/100
|-enditem|p1a: Sinistcha|Sitrus Berry|[eat]
|-heal|p1a: Sinistcha|35/100|[from] item: Sitrus Berry
|move|p1b: Archaludon|Electro Shot||[still]
|-prepare|p1b: Archaludon|Electro Shot
|-boost|p1b: Archaludon|spa|1
|-anim|p1b: Archaludon|Electro Shot|p2a: Ursaluna
|-supereffective|p2a: Ursaluna
|-damage|p2a: Ursaluna|0 fnt
|faint|p2a: Ursaluna
|
|-weather|RainDance|[upkeep]
|-heal|p1b: Archaludon|58/100|[from] Grassy Terrain
|-heal|p1a: Sinistcha|42/100|[from] Grassy Terrain
|upkeep
|
|t:|1756416036
|switch|p2a: Klefki|Klefki, L50, M|81/100
|turn|5
|
|t:|1756416056
|switch|p1a: Pelipper|Pelipper, L50, F|100/100
|move|p2b: Ninetales|Blizzard|p1b: Archaludon|[spread] p1a,p1b
|-damage|p1a: Pelipper|45/100
|-damage|p1b: Archaludon|37/100
|-ability|p1b: Archaludon|Stamina|boost
|-boost|p1b: Archaludon|def|1
|move|p1b: Archaludon|Flash Cannon|p2b: Ninetales
|-supereffective|p2b: Ninetales
|-enditem|p2b: Ninetales|Focus Sash
|-damage|p2b: Ninetales|1/100
|move|p2a: Klefki|Dazzling Gleam|p1b: Archaludon|[spread] p1a,p1b
|-damage|p1a: Pelipper|12/100
|-damage|p1b: Archaludon|25/100
|-ability|p1b: Archaludon|Stamina|boost
|-boost|p1b: Archaludon|def|1
|
|-weather|RainDance|[upkeep]
|-heal|p2b: Ninetales|7/100|[from] Grassy Terrain
|-heal|p1b: Archaludon|31/100|[from] Grassy Terrain
|-heal|p2a: Klefki|87/100|[from] Grassy Terrain
|-fieldend|move: Grassy Terrain
|upkeep
|turn|6
|inactive|PokePiova has 30 seconds left.
|inactive|Doomnik has 30 seconds left.
|inactive|PokePiova has 20 seconds left.
|inactive|Doomnik has 20 seconds left.
|
|t:|1756416092
|switch|p1a: Sinistcha|Sinistcha, L50|42/100
|-heal|p1b: Archaludon|56/100|[from] ability: Hospitality|[of] p1a: Sinistcha
|move|p2b: Ninetales|Protect|p2b: Ninetales
|-singleturn|p2b: Ninetales|Protect
|move|p1b: Archaludon|Body Press|p2a: Klefki
|-damage|p2a: Klefki|28/100
|move|p2a: Klefki|Dazzling Gleam|p1b: Archaludon|[spread] p1a,p1b
|-damage|p1a: Sinistcha|23/100
|-damage|p1b: Archaludon|45/100
|
|-weather|RainDance|[upkeep]
|upkeep
|turn|7
|inactive|PokePiova has 30 seconds left.
|
|t:|1756416124
|switch|p1a: Pelipper|Pelipper, L50, F|12/100
|move|p2b: Ninetales|Blizzard|p1b: Archaludon|[spread] p1a,p1b
|-damage|p1a: Pelipper|0 fnt
|-damage|p1b: Archaludon|24/100
|faint|p1a: Pelipper
|move|p1b: Archaludon|Electro Shot||[still]
|-prepare|p1b: Archaludon|Electro Shot
|-boost|p1b: Archaludon|spa|1
|-anim|p1b: Archaludon|Electro Shot|p2b: Ninetales
|-damage|p2b: Ninetales|0 fnt
|faint|p2b: Ninetales
|move|p2a: Klefki|Dazzling Gleam|p1b: Archaludon
|-damage|p1b: Archaludon|7/100
|
|-weather|none
|upkeep
|
|t:|1756416140
|switch|p2b: Sinistcha|Sinistcha-Masterpiece, L50|100/100
|switch|p1a: Sinistcha|Sinistcha, L50|23/100
|-heal|p2a: Klefki|53/100|[from] ability: Hospitality|[of] p2b: Sinistcha
|-heal|p1b: Archaludon|32/100|[from] ability: Hospitality|[of] p1a: Sinistcha
|turn|8
|-message|Doomnik forfeited.
|
|win|PokePiova
||Doomnik is ready for game 2.
||PokePiova is ready for game 2.
|uhtml|next|Next: Game 2 of 3
|l|☆PokePiova
|player|p1|
