|j|☆BenjiRNG
|j|☆Federaci
|html|BenjiRNGFederaci    
|uhtml|bestof|Game 3 of a best-of-3
|t:|1782184495
|gametype|doubles
|player|p1|BenjiRNG|169|1046
|player|p2|Federaci|102|1032
|gen|9
|tier|[Gen 9 Champions] VGC 2026 Reg M-B (Bo3)
|rated|
|rule|Species Clause: Limit one of each Pokémon
|rule|Item Clause: Limit 1 of each item
|clearpoke
|poke|p1|Raichu, L50, M|
|poke|p1|Gholdengo, L50|
|poke|p1|Basculegion, L50, M|
|poke|p1|Whimsicott, L50, M|
|poke|p1|Scrafty, L50, F|
|poke|p1|Arcanine-Hisui, L50, F|
|poke|p2|Swampert, L50, M|
|poke|p2|Archaludon, L50, F|
|poke|p2|Sableye, L50, F|
|poke|p2|Palafin, L50, F|
|poke|p2|Kangaskhan, L50, F|
|poke|p2|Garchomp, L50, F|
|teampreview|4
|showteam|p1|Raichu||RaichuniteY|LightningRod|FakeOut,ZapCannon,FocusBlast,Protect|Modest||M|||50|]Gholdengo||LifeOrb|GoodasGold|MakeItRain,ShadowBall,NastyPlot,Protect|Modest|||||50|]Basculegion||MysticWater|Adaptability|WaveCrash,LastRespects,AquaJet,Protect|Adamant||M|||50|]Whimsicott||FocusSash|Prankster|Moonblast,Encore,Tailwind,Protect|Timid||M|||50|]Scrafty||Scraftinite|Intimidate|FakeOut,CloseCombat,KnockOff,Taunt|Adamant||F|||50|]Arcanine-Hisui||ChoiceScarf|Intimidate|FlareBlitz,HeadSmash,ExtremeSpeed,RockSlide|Adamant||F|||50|
|showteam|p2|Swampert||Swampertite|Torrent|WaveCrash,HighHorsepower,Protect,PoisonJab|Adamant||M|||50|]Archaludon||SitrusBerry|Stamina|ElectroShot,DracoMeteor,FlashCannon,Protect|Calm||F|||50|]Sableye||RoseliBerry|Prankster|FakeOut,RainDance,FoulPlay,WonderRoom|Calm||F|||50|]Palafin||ChoiceScarf|ZerotoHero|FlipTurn,WaveCrash,DrainPunch,Encore|Jolly||F|||50|]Kangaskhan||Kangaskhanite|InnerFocus|FakeOut,IcePunch,DrainPunch,SuckerPunch|Adamant||F|||50|]Garchomp||LifeOrb|RoughSkin|RockSlide,DragonClaw,StompingTantrum,Protect|Jolly||F|||50|
|
|t:|1782184545
|teamsize|p1|4
|teamsize|p2|4
|start
|switch|p1a: Scrafty|Scrafty, L50, F|100/100
|switch|p1b: Whimsicott|Whimsicott, L50, M|100/100
|switch|p2a: Kangaskhan|Kangaskhan, L50, F|100/100
|switch|p2b: Palafin|Palafin, L50, F|100/100
|-ability|p1a: Scrafty|Intimidate|boost
|-fail|p2a: Kangaskhan|unboost|Attack|[from] ability: Inner Focus|[of] p2a: Kangaskhan
|-unboost|p2b: Palafin|atk|1
|turn|1
|
|t:|1782184565
|move|p1b: Whimsicott|Protect|p1b: Whimsicott
|-singleturn|p1b: Whimsicott|Protect
|move|p2a: Kangaskhan|Fake Out|p1b: Whimsicott
|-activate|p1b: Whimsicott|move: Protect
|move|p2b: Palafin|Encore||[still]
|-fail|p2b: Palafin
|move|p1a: Scrafty|Close Combat|p2a: Kangaskhan
|-supereffective|p2a: Kangaskhan|1
|-damage|p2a: Kangaskhan|0 fnt
|-unboost|p1a: Scrafty|def|1
|-unboost|p1a: Scrafty|spd|1
|faint|p2a: Kangaskhan
|
|upkeep
|
|t:|1782184589
|switch|p2a: Garchomp|Garchomp, L50, F|100/100
|turn|2
|
|t:|1782184606
|detailschange|p2b: Palafin|Palafin-Hero, L50, F
|switch|p2b: Archaludon|Archaludon, L50, F|100/100
|switch|p1a: Basculegion|Basculegion, L50, M|100/100
|move|p1b: Whimsicott|Tailwind|p1b: Whimsicott
|-sidestart|p1: BenjiRNG|move: Tailwind
|move|p2a: Garchomp|Dragon Claw|p1a: Basculegion
|-damage|p1a: Basculegion|41/100
|-damage|p2a: Garchomp|90/100|[from] item: Life Orb
|
|upkeep
|turn|3
|
|t:|1782184636
|switch|p1a: Scrafty|Scrafty, L50, F|100/100
|-ability|p1a: Scrafty|Intimidate|boost
|-unboost|p2a: Garchomp|atk|1
|-unboost|p2b: Archaludon|atk|1
|move|p1b: Whimsicott|Moonblast|p2b: Archaludon
|-damage|p2b: Archaludon|67/100
|-ability|p2b: Archaludon|Stamina|boost
|-boost|p2b: Archaludon|def|1
|move|p2a: Garchomp|Rock Slide|p1a: Scrafty|[spread] p1a,p1b
|-resisted|p1a: Scrafty|1
|-damage|p1a: Scrafty|92/100
|-damage|p1b: Whimsicott|76/100
|-damage|p2a: Garchomp|80/100|[from] item: Life Orb
|move|p2b: Archaludon|Flash Cannon|p1b: Whimsicott
|-supereffective|p1b: Whimsicott|1
|-damage|p1b: Whimsicott|0 fnt
|faint|p1b: Whimsicott
|
|upkeep
|
|t:|1782184652
|switch|p1b: Gholdengo|Gholdengo, L50|100/100
|turn|4
|
|t:|1782184677
|switch|p2a: Palafin|Palafin-Hero, L50, F|100/100
|-activate|p2a: Palafin|ability: Zero to Hero
|detailschange|p1a: Scrafty|Scrafty-Mega, L50, F
|-mega|p1a: Scrafty|Scrafty|Scraftinite
|-ability|p1a: Scrafty|Intimidate|boost
|-unboost|p2a: Palafin|atk|1
|-unboost|p2b: Archaludon|atk|1
|move|p1b: Gholdengo|Make It Rain|p2b: Archaludon|[spread] p2a,p2b
|-resisted|p2a: Palafin|1
|-resisted|p2b: Archaludon|1
|-damage|p2a: Palafin|63/100
|-damage|p2b: Archaludon|43/100
|-unboost|p1b: Gholdengo|spa|2
|-ability|p2b: Archaludon|Stamina|boost
|-boost|p2b: Archaludon|def|1
|-enditem|p2b: Archaludon|Sitrus Berry|[eat]
|-heal|p2b: Archaludon|68/100|[from] item: Sitrus Berry
|-damage|p1b: Gholdengo|90/100|[from] item: Life Orb
|move|p1a: Scrafty|Close Combat|p2b: Archaludon
|-supereffective|p2b: Archaludon|1
|-damage|p2b: Archaludon|12/100
|-unboost|p1a: Scrafty|def|1
|-unboost|p1a: Scrafty|spd|1
|-ability|p2b: Archaludon|Stamina|boost
|-boost|p2b: Archaludon|def|1
|move|p2b: Archaludon|Draco Meteor|p1a: Scrafty|[miss]
|-miss|p2b: Archaludon|p1a: Scrafty
|
|upkeep
|turn|5
|
|t:|1782184714
|switch|p1a: Basculegion|Basculegion, L50, M|41/100
|move|p2b: Archaludon|Protect|p2b: Archaludon
|-singleturn|p2b: Archaludon|Protect
|move|p2a: Palafin|Drain Punch|p1a: Basculegion
|-immune|p1a: Basculegion
|move|p1b: Gholdengo|Shadow Ball|p2b: Archaludon
|-activate|p2b: Archaludon|move: Protect
|
|-sideend|p1: BenjiRNG|move: Tailwind
|upkeep
|turn|6
|
|t:|1782184739
|switch|p2a: Garchomp|Garchomp, L50, F|80/100
|move|p1b: Gholdengo|Shadow Ball|p2b: Archaludon
|-damage|p2b: Archaludon|0 fnt
|faint|p2b: Archaludon
|-damage|p1b: Gholdengo|80/100|[from] item: Life Orb
|move|p1a: Basculegion|Last Respects|p2a: Garchomp
|-damage|p2a: Garchomp|11/100
|
|upkeep
|
|t:|1782184749
|switch|p2b: Palafin|Palafin-Hero, L50, F|63/100
|turn|7
|
|t:|1782184765
|switch|p1b: Scrafty|Scrafty-Mega, L50, F|92/100
|-ability|p1b: Scrafty|Intimidate|boost
|-unboost|p2a: Garchomp|atk|1
|-unboost|p2b: Palafin|atk|1
|move|p1a: Basculegion|Protect|p1a: Basculegion
|-singleturn|p1a: Basculegion|Protect
|move|p2b: Palafin|Wave Crash|p1b: Scrafty
|-damage|p1b: Scrafty|54/100
|-damage|p2b: Palafin|50/100g|[from] Recoil
|move|p2a: Garchomp|Dragon Claw|p1a: Basculegion
|-activate|p1a: Basculegion|move: Protect
|
|upkeep
|turn|8
|
|t:|1782184783
|move|p1b: Scrafty|Fake Out|p2b: Palafin
|-damage|p2b: Palafin|34/100
|move|p1a: Basculegion|Aqua Jet|p2a: Garchomp
|-damage|p2a: Garchomp|0 fnt
|-damage|p1a: Basculegion|28/100|[from] ability: Rough Skin|[of] p2a: Garchomp
|faint|p2a: Garchomp
|cant|p2b: Palafin|flinch
|
|upkeep
|turn|9
|-message|Federaci forfeited.
|raw|BenjiRNG's rating: 1046 → 1078(+32 for winning)
|raw|Federaci's rating: 1032 → 1018(-14 for losing)
|
|win|BenjiRNG
|l|☆Federaci
|player|p2|
|c|☆BenjiRNG|ggs
