|j|☆Dorito99
|j|☆SilkSongClave
|html|Dorito99SilkSongClave    
|uhtml|bestof|Game 2 of a best-of-3
|t:|1757718138
|gametype|doubles
|player|p1|Dorito99|riley|1048
|player|p2|SilkSongClave|artist-gen4|1182
|gen|9
|tier|[Gen 9] VGC 2025 Reg H (Bo3)
|rated|
|rule|Species Clause: Limit one of each Pokémon
|rule|Item Clause: Limit 1 of each item
|clearpoke
|poke|p1|Meowstic, L50, M|
|poke|p1|Incineroar, L50, F|
|poke|p1|Basculegion, L50, M|
|poke|p1|Archaludon, L50, F|
|poke|p1|Pelipper, L50, M|
|poke|p1|Beartic, L50, F|
|poke|p2|Excadrill, L50, M|
|poke|p2|Sneasler, L50, M|
|poke|p2|Indeedee, L50, M|
|poke|p2|Tyranitar, L50, M|
|poke|p2|Corviknight, L50, M|
|poke|p2|Annihilape, L50, F|
|teampreview|4
|showteam|p1|Meowstic||CovertCloak|Prankster|LightScreen,Psychic,RainDance,TrickRoom|||M|||50|,,,,,Dark]Incineroar||SafetyGoggles|Intimidate|FakeOut,WillOWisp,KnockOff,PartingShot|||F|||50|,,,,,Grass]Basculegion||ChoiceScarf|SwiftSwim|WaveCrash,LastRespects,FlipTurn,PsychicFangs|||M|||50|,,,,,Ghost]Archaludon||PowerHerb|Stamina|ElectroShot,DracoMeteor,FlashCannon,Protect|||F|||50|,,,,,Grass]Pelipper||DampRock|Drizzle|Protect,WeatherBall,Hurricane,Tailwind|||M|||50|,,,,,Dark]Beartic||LifeOrb|SwiftSwim|IcicleCrash,CloseCombat,Liquidation,Protect|||F|||50|,,,,,Water
|showteam|p2|Excadrill||FocusSash|SandRush|IronHead,HighHorsepower,Earthquake,Protect|||M|||50|,,,,,Stellar]Sneasler||PsychicSeed|Unburden|DireClaw,CloseCombat,ThroatChop,Protect|||M|||50|,,,,,Dark]Indeedee||ChoiceScarf|PsychicSurge|ExpandingForce,TeraBlast,Protect,Trick|||M|||50|,,,,,Psychic]Tyranitar||AssaultVest|SandStream|RockSlide,KnockOff,LowKick,TeraBlast|||M|||50|,,,,,Flying]Corviknight||SitrusBerry|MirrorArmor|BraveBird,Tailwind,Roost,BulkUp|||M|||50|,,,,,Dragon]Annihilape||SafetyGoggles|Defiant|CloseCombat,RageFist,Taunt,FinalGambit|||F|||50|,,,,,Water
|inactive|Battle timer is ON: inactive players will automatically lose when time's up. (requested by SilkSongClave)
|
|t:|1757718212
|teamsize|p1|4
|teamsize|p2|4
|start
|switch|p1a: Beartic|Beartic, L50, F, shiny|100/100
|switch|p1b: Pelipper|Pelipper, L50, M, shiny|100/100
|switch|p2a: Annihilape|Annihilape, L50, F, shiny|100/100
|switch|p2b: Indeedee|Indeedee, L50, M|100/100
|-fieldstart|move: Psychic Terrain|[from] ability: Psychic Surge|[of] p2b: Indeedee
|-weather|RainDance|[from] ability: Drizzle|[of] p1b: Pelipper
|turn|1
|inactive|Dorito99 has 30 seconds left.
|
|t:|1757718240
|switch|p2a: Tyranitar|Tyranitar, L50, M, shiny|100/100
|-weather|Sandstorm|[from] ability: Sand Stream|[of] p2a: Tyranitar
|-terastallize|p1b: Pelipper|Dark
|move|p1a: Beartic|Protect|p1a: Beartic
|-singleturn|p1a: Beartic|Protect
|move|p2b: Indeedee|Expanding Force|p1a: Beartic|[spread] 
|-activate|p1a: Beartic|move: Protect
|-immune|p1b: Pelipper
|move|p1b: Pelipper|Tailwind|p1b: Pelipper
|-sidestart|p1: Dorito99|move: Tailwind
|
|-weather|Sandstorm|[upkeep]
|-damage|p2b: Indeedee|95/100|[from] Sandstorm
|-damage|p1b: Pelipper|94/100|[from] Sandstorm
|-damage|p1a: Beartic|94/100|[from] Sandstorm
|upkeep
|turn|2
|inactive|Dorito99 has 30 seconds left.
|inactive|Dorito99 has 20 seconds left.
|inactive|Dorito99 has 15 seconds left.
|inactive|Dorito99 has 10 seconds left.
|
|t:|1757718286
|switch|p1b: Archaludon|Archaludon, L50, F, shiny|100/100
|-terastallize|p2a: Tyranitar|Flying
|move|p2b: Indeedee|Expanding Force|p1a: Beartic|[spread] p1a,p1b
|-resisted|p1b: Archaludon
|-damage|p1a: Beartic|33/100
|-damage|p1b: Archaludon|67/100
|-ability|p1b: Archaludon|Stamina|boost
|-boost|p1b: Archaludon|def|1
|move|p1a: Beartic|Icicle Crash|p2a: Tyranitar
|-supereffective|p2a: Tyranitar
|-damage|p2a: Tyranitar|0 fnt
|faint|p2a: Tyranitar
|-damage|p1a: Beartic|23/100|[from] item: Life Orb
|
|-weather|Sandstorm|[upkeep]
|-damage|p2b: Indeedee|89/100|[from] Sandstorm
|-damage|p1a: Beartic|17/100|[from] Sandstorm
|upkeep
|
|t:|1757718301
|switch|p2a: Excadrill|Excadrill, L50, M, shiny|100/100
|turn|3
|
|t:|1757718319
|switch|p1b: Pelipper|Pelipper, L50, M, shiny, tera:Dark|94/100
|-weather|RainDance|[from] ability: Drizzle|[of] p1b: Pelipper
|move|p1a: Beartic|Close Combat|p2a: Excadrill
|-supereffective|p2a: Excadrill
|-enditem|p2a: Excadrill|Focus Sash
|-damage|p2a: Excadrill|1/100
|-unboost|p1a: Beartic|def|1
|-unboost|p1a: Beartic|spd|1
|-damage|p1a: Beartic|8/100|[from] item: Life Orb
|move|p2b: Indeedee|Expanding Force|p1b: Pelipper|[spread] p1a
|-immune|p1b: Pelipper
|-damage|p1a: Beartic|0 fnt
|faint|p1a: Beartic
|move|p2a: Excadrill|High Horsepower|p1b: Pelipper
|-damage|p1b: Pelipper|38/100
|
|-weather|RainDance|[upkeep]
|upkeep
|
|t:|1757718336
|switch|p1a: Basculegion|Basculegion, L50, M, shiny|100/100
|turn|4
|inactive|Dorito99 has 30 seconds left.
|
|t:|1757718370
|move|p2a: Excadrill|Protect|p2a: Excadrill
|-singleturn|p2a: Excadrill|Protect
|move|p1a: Basculegion|Flip Turn|p2b: Indeedee
|-damage|p2b: Indeedee|0 fnt
|faint|p2b: Indeedee
|
|t:|1757718375
|switch|p1a: Archaludon|Archaludon, L50, F, shiny|67/100|[from] Flip Turn
|move|p1b: Pelipper|Weather Ball|p2a: Excadrill
|-activate|p2a: Excadrill|move: Protect
|
|-weather|RainDance|[upkeep]
|-sideend|p1: Dorito99|move: Tailwind
|upkeep
|
|t:|1757718381
|switch|p2b: Annihilape|Annihilape, L50, F, shiny|100/100
|turn|5
|inactive|Dorito99 has 30 seconds left.
|
|t:|1757718412
|switch|p1a: Basculegion|Basculegion, L50, M, shiny|100/100
|move|p1b: Pelipper|Protect|p1b: Pelipper
|-singleturn|p1b: Pelipper|Protect
|move|p2b: Annihilape|Close Combat|p1b: Pelipper
|-activate|p1b: Pelipper|move: Protect
|move|p2a: Excadrill|High Horsepower|p1a: Basculegion
|-damage|p1a: Basculegion|25/100
|
|-weather|RainDance|[upkeep]
|-fieldend|move: Psychic Terrain
|upkeep
|turn|6
|inactive|SilkSongClave has 30 seconds left.
|inactive|SilkSongClave has 20 seconds left.
|
|t:|1757718449
|move|p1a: Basculegion|Last Respects|p2b: Annihilape
|-supereffective|p2b: Annihilape
|-damage|p2b: Annihilape|5/100
|move|p2b: Annihilape|Rage Fist|p1a: Basculegion
|-supereffective|p1a: Basculegion
|-damage|p1a: Basculegion|0 fnt
|faint|p1a: Basculegion
|move|p2a: Excadrill|Earthquake|p1b: Pelipper|[spread] p2b,p1b
|-damage|p2b: Annihilape|0 fnt
|-damage|p1b: Pelipper|0 fnt
|faint|p2b: Annihilape
|faint|p1b: Pelipper
|
|-weather|RainDance|[upkeep]
|upkeep
|
|t:|1757718462
|switch|p1b: Archaludon|Archaludon, L50, F, shiny|67/100
|turn|7
|
|t:|1757718470
|move|p2a: Excadrill|Earthquake|p1b: Archaludon
|-supereffective|p1b: Archaludon
|-damage|p1b: Archaludon|0 fnt
|faint|p1b: Archaludon
|
|win|SilkSongClave
|raw|Dorito99's rating: 1048 → 1037(-11 for losing)
|raw|SilkSongClave's rating: 1182 → 1198(+16 for winning)
