|j|☆heartsrepeating
|j|☆KodeBeast0526
|html|heartsrepeatingKodeBeast0526    
|uhtml|bestof|Game 2 of a best-of-3
|t:|1783400548
|gametype|doubles
|player|p1|heartsrepeating|parasollady|1122
|player|p2|KodeBeast0526|sailor|1191
|gen|9
|tier|[Gen 9 Champions] VGC 2026 Reg M-B (Bo3)
|rated|
|rule|Species Clause: Limit one of each Pokémon
|rule|Item Clause: Limit 1 of each item
|clearpoke
|poke|p1|Dragalge, L50, F, shiny|
|poke|p1|Incineroar, L50, M|
|poke|p1|Sinistcha, L50, shiny|
|poke|p1|Basculegion, L50, M, shiny|
|poke|p1|Kingambit, L50, M, shiny|
|poke|p1|Floette-Eternal, L50, F|
|poke|p2|Gengar, L50, M, shiny|
|poke|p2|Swampert, L50, F, shiny|
|poke|p2|Incineroar, L50, F, shiny|
|poke|p2|Politoed, L50, M, shiny|
|poke|p2|Archaludon, L50, M|
|poke|p2|Vivillon-Ocean, L50, F|
|teampreview|4
|showteam|p1|Dragalge||Dragalgite|Adaptability|SludgeBomb,DracoMeteor,FlipTurn,Protect|Quiet||F|||50|]Incineroar||SitrusBerry|Intimidate|FlareBlitz,FakeOut,ThroatChop,PartingShot|Impish||M|||50|]Sinistcha||KasibBerry|Hospitality|MatchaGotcha,RagePowder,TrickRoom,Protect|Bold|||||50|]Basculegion||ChoiceScarf|Adaptability|WaveCrash,FlipTurn,LastRespects,AquaJet|Adamant||M|||50|]Kingambit||BlackGlasses|Defiant|SuckerPunch,KowtowCleave,SwordsDance,Protect|Adamant||M|||50|]Floette-Eternal||Floettite|FlowerVeil|Moonblast,DazzlingGleam,CalmMind,Protect|Modest||F|||50|
|showteam|p2|Gengar||Gengarite|CursedBody|ShadowBall,PerishSong,SludgeBomb,Protect|Timid||M|||50|]Swampert||Swampertite|Torrent|WaveCrash,Earthquake,IcePunch,Protect|Adamant||F|||50|]Incineroar||PasshoBerry|Intimidate|ThroatChop,PartingShot,FakeOut,Protect|Sassy||F|||50|]Politoed||SitrusBerry|Drizzle|WeatherBall,PerishSong,Encore,Protect|Calm||M|||50|]Archaludon||Leftovers|Stamina|DragonPulse,FlashCannon,ElectroShot,Protect|Bold||M|||50|]Vivillon-Ocean||FocusSash|CompoundEyes|Hurricane,SleepPowder,RagePowder,Protect|Timid||F|||50|
|
|t:|1783400573
|teamsize|p1|4
|teamsize|p2|4
|start
|switch|p1a: Mel <3|Floette-Eternal, L50, F|100/100
|switch|p1b: Carmine|Sinistcha, L50, shiny|100/100
|switch|p2a: Incineroar|Incineroar, L50, F, shiny|100/100
|switch|p2b: Gengar|Gengar, L50, M, shiny|100/100
|-ability|p2a: Incineroar|Intimidate|boost
|-unboost|p1a: Mel <3|atk|1
|-block|p1b: Carmine|ability: Flower Veil|[of] p1a: Mel <3
|turn|1
|
|t:|1783400591
|detailschange|p2b: Gengar|Gengar-Mega, L50, M, shiny
|-mega|p2b: Gengar|Gengar|Gengarite
|detailschange|p1a: Mel <3|Floette-Mega, L50, F
|-mega|p1a: Mel <3|Floette|Floettite
|-ability|p1a: Mel <3|Fairy Aura
|move|p1a: Mel <3|Protect|p1a: Mel <3
|-singleturn|p1a: Mel <3|Protect
|move|p2b: Gengar|Sludge Bomb|p1b: Carmine
|-damage|p1b: Carmine|48/100
|-status|p1b: Carmine|psn
|move|p2a: Incineroar|Throat Chop|p1b: Carmine
|-supereffective|p1b: Carmine|1
|-crit|p1b: Carmine
|-damage|p1b: Carmine|0 fnt
|faint|p1b: Carmine
|
|upkeep
|
|t:|1783400608
|switch|p1b: RAINFXLL!|Basculegion, L50, M, shiny|100/100
|turn|2
|
|t:|1783400628
|move|p1b: RAINFXLL!|Wave Crash|p2b: Gengar
|-crit|p2b: Gengar
|-damage|p2b: Gengar|0 fnt
|faint|p2b: Gengar
|-damage|p1b: RAINFXLL!|71/100|[from] Recoil
|move|p1a: Mel <3|Calm Mind|p1a: Mel <3
|-boost|p1a: Mel <3|spa|1
|-boost|p1a: Mel <3|spd|1
|move|p2a: Incineroar|Parting Shot|p1a: Mel <3
|-unboost|p1a: Mel <3|atk|1
|-unboost|p1a: Mel <3|spa|1
|
|t:|1783400633
|switch|p2a: Archaludon|Archaludon, L50, M|100/100|[from] Parting Shot
|
|upkeep
|
|t:|1783400637
|switch|p2b: Incineroar|Incineroar, L50, F, shiny|100/100
|-ability|p2b: Incineroar|Intimidate|boost
|-unboost|p1a: Mel <3|atk|1
|-unboost|p1b: RAINFXLL!|atk|1
|turn|3
|
|t:|1783400646
|switch|p1b: Mega Chimecho|Incineroar, L50, M|100/100
|-ability|p1b: Mega Chimecho|Intimidate|boost
|-unboost|p2a: Archaludon|atk|1
|-unboost|p2b: Incineroar|atk|1
|switch|p2b: Politoed|Politoed, L50, M, shiny|100/100
|-weather|RainDance|[from] ability: Drizzle|[of] p2b: Politoed
|move|p1a: Mel <3|Calm Mind|p1a: Mel <3
|-boost|p1a: Mel <3|spa|1
|-boost|p1a: Mel <3|spd|1
|move|p2a: Archaludon|Electro Shot||[still]
|-prepare|p2a: Archaludon|Electro Shot
|-boost|p2a: Archaludon|spa|1
|-anim|p2a: Archaludon|Electro Shot|p1b: Mega Chimecho
|-damage|p1b: Mega Chimecho|46/100
|-enditem|p1b: Mega Chimecho|Sitrus Berry|[eat]
|-heal|p1b: Mega Chimecho|70/100|[from] item: Sitrus Berry
|
|-weather|RainDance|[upkeep]
|upkeep
|turn|4
|
|t:|1783400668
|move|p1b: Mega Chimecho|Fake Out|p2b: Politoed
|-damage|p2b: Politoed|90/100
|move|p1a: Mel <3|Calm Mind|p1a: Mel <3
|-boost|p1a: Mel <3|spa|1
|-boost|p1a: Mel <3|spd|1
|move|p2a: Archaludon|Flash Cannon|p1a: Mel <3
|-supereffective|p1a: Mel <3|1
|-damage|p1a: Mel <3|69/100
|cant|p2b: Politoed|flinch
|
|-weather|RainDance|[upkeep]
|upkeep
|turn|5
|
|t:|1783400692
|move|p2a: Archaludon|Protect|p2a: Archaludon
|-singleturn|p2a: Archaludon|Protect
|move|p1a: Mel <3|Dazzling Gleam|p2b: Politoed|[spread] p2b
|-activate|p2a: Archaludon|move: Protect
|-damage|p2b: Politoed|22/100
|-enditem|p2b: Politoed|Sitrus Berry|[eat]
|-heal|p2b: Politoed|47/100|[from] item: Sitrus Berry
|move|p2b: Politoed|Weather Ball|p1b: Mega Chimecho
|-supereffective|p1b: Mega Chimecho|1
|-damage|p1b: Mega Chimecho|0 fnt
|faint|p1b: Mega Chimecho
|
|-weather|RainDance|[upkeep]
|upkeep
|
|t:|1783400699
|switch|p1b: RAINFXLL!|Basculegion, L50, M, shiny|71/100
|turn|6
|
|t:|1783400711
|switch|p2a: Incineroar|Incineroar, L50, F, shiny|100/100
|-ability|p2a: Incineroar|Intimidate|boost
|-unboost|p1a: Mel <3|atk|1
|-unboost|p1b: RAINFXLL!|atk|1
|move|p1b: RAINFXLL!|Wave Crash|p2b: Politoed
|-resisted|p2b: Politoed|1
|-damage|p2b: Politoed|13/100
|-damage|p1b: RAINFXLL!|60/100|[from] Recoil
|move|p1a: Mel <3|Dazzling Gleam|p2b: Politoed|[spread] p2a,p2b
|-damage|p2a: Incineroar|28/100
|-damage|p2b: Politoed|0 fnt
|faint|p2b: Politoed
|
|-weather|RainDance|[upkeep]
|upkeep
|
|t:|1783400720
|switch|p2b: Archaludon|Archaludon, L50, M|100/100
|turn|7
|
|t:|1783400730
|move|p1a: Mel <3|Protect|p1a: Mel <3
|-singleturn|p1a: Mel <3|Protect
|move|p1b: RAINFXLL!|Wave Crash|p2a: Incineroar
|-supereffective|p2a: Incineroar|1
|-enditem|p2a: Incineroar|Passho Berry|[eat]
|-enditem|p2a: Incineroar|Passho Berry|[weaken]
|-damage|p2a: Incineroar|0 fnt
|faint|p2a: Incineroar
|-damage|p1b: RAINFXLL!|50/100g|[from] Recoil
|move|p2b: Archaludon|Electro Shot||[still]
|-prepare|p2b: Archaludon|Electro Shot
|-boost|p2b: Archaludon|spa|1
|-anim|p2b: Archaludon|Electro Shot|p1b: RAINFXLL!
|-supereffective|p1b: RAINFXLL!|1
|-damage|p1b: RAINFXLL!|0 fnt
|faint|p1b: RAINFXLL!
|
|-weather|none
|upkeep
|turn|8
|
|t:|1783400740
|move|p1a: Mel <3|Moonblast|p2b: Archaludon
|-damage|p2b: Archaludon|0 fnt
|faint|p2b: Archaludon
|
|win|heartsrepeating
|raw|heartsrepeating's rating: 1122 → 1152(+30 for winning)
|raw|KodeBeast0526's rating: 1191 → 1161(-30 for losing)
