|j|☆breakingsparkz
|j|☆ZephyrBreezy
|html|breakingsparkzZephyrBreezy    
|uhtml|bestof|Game 2 of a best-of-3
|t:|1757016672
|gametype|doubles
|player|p1|breakingsparkz|scientist|
|player|p2|ZephyrBreezy|miku-flying|
|gen|9
|tier|[Gen 9] VGC 2025 Reg H (Bo3)
|rule|Species Clause: Limit one of each Pokémon
|rule|Item Clause: Limit 1 of each item
|clearpoke
|poke|p1|Pelipper, L50, M|
|poke|p1|Basculegion, L50, M|
|poke|p1|Archaludon, L50, F|
|poke|p1|Incineroar, L50, F|
|poke|p1|Amoonguss, L50, F|
|poke|p1|Kingambit, L50, M|
|poke|p2|Sneasler, L50, M|
|poke|p2|Primarina, L50, M|
|poke|p2|Kingambit, L50, F|
|poke|p2|Rillaboom, L50, F|
|poke|p2|Electabuzz, L50, M|
|poke|p2|Dragapult, L50, F|
|teampreview|4
|showteam|p1|Pelipper||FocusSash|Drizzle|Hurricane,WeatherBall,Protect,Tailwind|||M|||50|,,,,,Ghost]Basculegion||ChoiceScarf|Adaptability|WaveCrash,AquaJet,LastRespects,FlipTurn|||M|||50|,,,,,Water]Archaludon||AssaultVest|Stamina|ElectroShot,FlashCannon,DragonPulse,BodyPress|||F|||50|,,,,,Bug]Incineroar||SafetyGoggles|Intimidate|PartingShot,FakeOut,KnockOff,FlareBlitz|||F|||50|,,,,,Ghost]Amoonguss||SitrusBerry|Regenerator|PollenPuff,ClearSmog,Spore,RagePowder|||F|||50|,,,,,Fairy]Kingambit||BlackGlasses|Defiant|SwordsDance,KowtowCleave,SuckerPunch,Protect|||M|||50|,,,,,Dark
|showteam|p2|Sneasler||FocusSash|PoisonTouch|DireClaw,CloseCombat,Protect,FakeOut|||M|||50|,,,,,Stellar]Primarina||ThroatSpray|LiquidVoice|Protect,HyperVoice,Moonblast,Haze|||M|||50|,,,,,Poison]Kingambit||BlackGlasses|Defiant|KowtowCleave,SwordsDance,SuckerPunch,Protect|||F|||50|,,,,,Dark]Rillaboom||AssaultVest|GrassySurge|WoodHammer,Uturn,GrassyGlide,FakeOut|||F|||50|,,,,,Fire]Electabuzz||Eviolite|VitalSpirit|Electroweb,Taunt,Protect,FollowMe|||M|||50|,,,,,Fairy]Dragapult||ChoiceBand|ClearBody|DragonDarts,Uturn,PhantomForce,Outrage|||F|||50|,,,,,Dragon
|inactive|Battle timer is ON: inactive players will automatically lose when time's up. (requested by breakingsparkz)
|inactive|ZephyrBreezy also wants the timer to be on.
|j| Sark_RL
|inactive|ZephyrBreezy has 60 seconds left.
|
|t:|1757016715
|teamsize|p1|4
|teamsize|p2|4
|start
|switch|p1a: Pelipper|Pelipper, L50, M|100/100
|switch|p1b: Basculegion|Basculegion, L50, M|100/100
|switch|p2a: Sneasler|Sneasler, L50, M|100/100
|switch|p2b: Kingambit|Kingambit, L50, F|100/100
|-weather|RainDance|[from] ability: Drizzle|[of] p1a: Pelipper
|turn|1
|inactive|breakingsparkz has 30 seconds left.
|inactive|ZephyrBreezy has 30 seconds left.
|inactive|breakingsparkz has 20 seconds left.
|inactive|breakingsparkz has 15 seconds left.
|
|t:|1757016756
|switch|p1b: Archaludon|Archaludon, L50, F|100/100
|-terastallize|p1a: Pelipper|Ghost
|-terastallize|p2b: Kingambit|Dark
|move|p2a: Sneasler|Fake Out|p1b: Archaludon
|-resisted|p1b: Archaludon
|-damage|p1b: Archaludon|94/100
|-ability|p1b: Archaludon|Stamina|boost
|-boost|p1b: Archaludon|def|1
|move|p2b: Kingambit|Sucker Punch||[still]
|-fail|p2b: Kingambit
|move|p1a: Pelipper|Weather Ball|p2b: Kingambit
|-damage|p2b: Kingambit|39/100
|
|-weather|RainDance|[upkeep]
|upkeep
|turn|2
|inactive|breakingsparkz has 30 seconds left.
|
|t:|1757016783
|move|p2b: Kingambit|Sucker Punch||[still]
|-fail|p2b: Kingambit
|move|p2a: Sneasler|Close Combat|p1b: Archaludon
|-supereffective|p1b: Archaludon
|-damage|p1b: Archaludon|33/100
|-unboost|p2a: Sneasler|def|1
|-unboost|p2a: Sneasler|spd|1
|-ability|p1b: Archaludon|Stamina|boost
|-boost|p1b: Archaludon|def|1
|move|p1a: Pelipper|Tailwind|p1a: Pelipper
|-sidestart|p1: breakingsparkz|move: Tailwind
|move|p1b: Archaludon|Electro Shot||[still]
|-prepare|p1b: Archaludon|Electro Shot
|-boost|p1b: Archaludon|spa|1
|-anim|p1b: Archaludon|Electro Shot|p2b: Kingambit
|-damage|p2b: Kingambit|0 fnt
|faint|p2b: Kingambit
|
|-weather|RainDance|[upkeep]
|upkeep
|
|t:|1757016806
|switch|p2b: Rillaboom|Rillaboom, L50, F|100/100
|-fieldstart|move: Grassy Terrain|[from] ability: Grassy Surge|[of] p2b: Rillaboom
|turn|3
|
|t:|1757016828
|move|p2b: Rillaboom|Fake Out|p1b: Archaludon
|-resisted|p1b: Archaludon
|-damage|p1b: Archaludon|30/100
|-ability|p1b: Archaludon|Stamina|boost
|-boost|p1b: Archaludon|def|1
|move|p1a: Pelipper|Hurricane|p2b: Rillaboom
|-supereffective|p2b: Rillaboom
|-damage|p2b: Rillaboom|39/100
|-start|p2b: Rillaboom|confusion
|cant|p1b: Archaludon|flinch
|move|p2a: Sneasler|Close Combat|p1b: Archaludon
|-supereffective|p1b: Archaludon
|-damage|p1b: Archaludon|0 fnt
|-unboost|p2a: Sneasler|def|1
|-unboost|p2a: Sneasler|spd|1
|faint|p1b: Archaludon
|
|-weather|RainDance|[upkeep]
|-heal|p2b: Rillaboom|44/100|[from] Grassy Terrain
|upkeep
|
|t:|1757016841
|switch|p1b: Kingambit|Kingambit, L50, M|100/100
|turn|4
|
|t:|1757016861
|switch|p2a: Dragapult|Dragapult, L50, F|100/100
|move|p1b: Kingambit|Protect|p1b: Kingambit
|-singleturn|p1b: Kingambit|Protect
|-activate|p2b: Rillaboom|confusion
|-damage|p2b: Rillaboom|31/100|[from] confusion
|move|p1a: Pelipper|Hurricane|p2b: Rillaboom
|-supereffective|p2b: Rillaboom
|-damage|p2b: Rillaboom|0 fnt
|faint|p2b: Rillaboom
|
|-weather|RainDance|[upkeep]
|upkeep
|
|t:|1757016868
|switch|p2b: Sneasler|Sneasler, L50, M|100/100
|turn|5
|inactive|ZephyrBreezy has 30 seconds left.
|
|t:|1757016893
|move|p2b: Sneasler|Fake Out|p1b: Kingambit
|-resisted|p1b: Kingambit
|-damage|p1b: Kingambit|95/100
|cant|p1b: Kingambit|flinch
|move|p1a: Pelipper|Hurricane|p2b: Sneasler
|-supereffective|p2b: Sneasler
|-enditem|p2b: Sneasler|Focus Sash
|-damage|p2b: Sneasler|1/100
|-start|p2b: Sneasler|confusion
|move|p2a: Dragapult|Phantom Force||[still]
|-prepare|p2a: Dragapult|Phantom Force
|
|-weather|none
|-heal|p2b: Sneasler|7/100|[from] Grassy Terrain
|-heal|p1b: Kingambit|100/100|[from] Grassy Terrain
|-sideend|p1: breakingsparkz|move: Tailwind
|upkeep
|turn|6
|inactive|ZephyrBreezy has 30 seconds left.
|
|t:|1757016923
|-activate|p2b: Sneasler|confusion
|move|p2b: Sneasler|Protect|p2b: Sneasler
|-singleturn|p2b: Sneasler|Protect
|move|p1b: Kingambit|Sucker Punch|p2a: Dragapult|[miss]
|-miss|p1b: Kingambit|p2a: Dragapult
|move|p2a: Dragapult|Phantom Force|p1a: Pelipper|[from] lockedmove
|-supereffective|p1a: Pelipper
|-enditem|p1a: Pelipper|Focus Sash
|-damage|p1a: Pelipper|1/100
|move|p1a: Pelipper|Hurricane|p2b: Sneasler
|-activate|p2b: Sneasler|move: Protect
|
|-heal|p2b: Sneasler|13/100|[from] Grassy Terrain
|-heal|p1a: Pelipper|7/100|[from] Grassy Terrain
|upkeep
|turn|7
|
|t:|1757016946
|move|p1b: Kingambit|Sucker Punch|p2a: Dragapult
|-supereffective|p2a: Dragapult
|-damage|p2a: Dragapult|0 fnt
|faint|p2a: Dragapult
|-activate|p2b: Sneasler|confusion
|-damage|p2b: Sneasler|0 fnt|[from] confusion
|faint|p2b: Sneasler
|
|win|breakingsparkz
|c|☆ZephyrBreezy|ggs
|c|☆breakingsparkz|ggs!
|c|☆ZephyrBreezy|well played
|l| Sark_RL
|l|☆ZephyrBreezy
|player|p2|
