|j|☆reinorak
|j|☆Br1_lore
|html|reinorakBr1_lore    
|uhtml|bestof|Game 2 of a best-of-3
|t:|1783181241
|gametype|doubles
|player|p1|reinorak|170|1159
|player|p2|Br1_lore|266|1206
|gen|9
|tier|[Gen 9 Champions] VGC 2026 Reg M-B (Bo3)
|rated|
|rule|Species Clause: Limit one of each Pokémon
|rule|Item Clause: Limit 1 of each item
|clearpoke
|poke|p1|Archaludon, L50, F|
|poke|p1|Pelipper, L50, F|
|poke|p1|Grimmsnarl, L50, M|
|poke|p1|Swampert, L50, M|
|poke|p1|Sneasler, L50, F|
|poke|p1|Sinistcha, L50|
|poke|p2|Metagross, L50|
|poke|p2|Hydreigon, L50, M|
|poke|p2|Sneasler, L50, F|
|poke|p2|Aerodactyl, L50, F|
|poke|p2|Sylveon, L50, F|
|poke|p2|Basculegion, L50, M|
|teampreview|4
|showteam|p1|Archaludon||Leftovers|Stamina|FlashCannon,Protect,ElectroShot,DragonPulse|Modest||F|||50|]Pelipper||SitrusBerry|Drizzle|WeatherBall,Hurricane,Protect,Tailwind|Calm||F|||50|]Grimmsnarl||LightClay|Prankster|LightScreen,Reflect,FoulPlay,PartingShot|Careful||M|||50|]Swampert||Swampertite|Torrent|HighHorsepower,FlipTurn,Protect,WaveCrash|Adamant||M|||50|]Sneasler||WhiteHerb|Unburden|CloseCombat,FakeOut,Protect,DireClaw|Adamant||F|||50|]Sinistcha||ColburBerry|Hospitality|LifeDew,MatchaGotcha,Protect,RagePowder|Bold|||||50|
|showteam|p2|Metagross||Metagrossite|ClearBody|IronHead,PsychicFangs,BodyPress,Protect|Jolly|||||50|]Hydreigon||ChoiceScarf|Levitate|DracoMeteor,EarthPower,HeatWave,DarkPulse|Timid||M|||50|]Sneasler||WhiteHerb|Unburden|CloseCombat,DireClaw,FakeOut,Protect|Adamant||F|||50|]Aerodactyl||Aerodactylite|Unnerve|RockSlide,DualWingbeat,Protect,Tailwind|Jolly||F|||50|]Sylveon||FairyFeather|Pixilate|HyperBeam,HyperVoice,QuickAttack,Detect|Modest||F|||50|]Basculegion||LifeOrb|Adaptability|AquaJet,LastRespects,Protect,WaveCrash|Jolly||M|||50|
|inactive|Battle timer is ON: inactive players will automatically lose when time's up. (requested by reinorak)
|inactive|Br1_lore has 60 seconds left.
|
|t:|1783181279
|teamsize|p1|4
|teamsize|p2|4
|start
|switch|p1a: Grimmsnarl|Grimmsnarl, L50, M|100/100
|switch|p1b: Archaludon|Archaludon, L50, F|100/100
|switch|p2a: Metagross|Metagross, L50|100/100
|switch|p2b: Sneasler|Sneasler, L50, F|100/100
|turn|1
|
|t:|1783181301
|detailschange|p2a: Metagross|Metagross-Mega, L50
|-mega|p2a: Metagross|Metagross|Metagrossite
|move|p1b: Archaludon|Protect|p1b: Archaludon
|-singleturn|p1b: Archaludon|Protect
|move|p1a: Grimmsnarl|Parting Shot|p2a: Metagross
|-unboost|p2a: Metagross|atk|1
|-unboost|p2a: Metagross|spa|1
|
|t:|1783181311
|switch|p1a: Sinistcha|Sinistcha, L50|100/100|[from] Parting Shot
|move|p2b: Sneasler|Close Combat|p1b: Archaludon
|-activate|p1b: Archaludon|move: Protect
|move|p2a: Metagross|Psychic Fangs|p1a: Sinistcha
|-damage|p1a: Sinistcha|69/100
|
|upkeep
|turn|2
|inactive|Br1_lore has 30 seconds left.
|inactive|reinorak has 30 seconds left.
|
|t:|1783181349
|move|p1a: Sinistcha|Rage Powder|p1a: Sinistcha
|-singleturn|p1a: Sinistcha|move: Rage Powder
|move|p2b: Sneasler|Dire Claw|p1a: Sinistcha
|-damage|p1a: Sinistcha|39/100
|move|p2a: Metagross|Psychic Fangs|p1a: Sinistcha
|-damage|p1a: Sinistcha|8/100
|move|p1b: Archaludon|Dragon Pulse|p2b: Sneasler
|-damage|p2b: Sneasler|47/100
|
|upkeep
|turn|3
|inactive|reinorak has 30 seconds left.
|
|t:|1783181376
|move|p2b: Sneasler|Protect|p2b: Sneasler
|-singleturn|p2b: Sneasler|Protect
|move|p1a: Sinistcha|Rage Powder|p1a: Sinistcha
|-singleturn|p1a: Sinistcha|move: Rage Powder
|move|p2a: Metagross|Psychic Fangs|p1a: Sinistcha
|-damage|p1a: Sinistcha|0 fnt
|faint|p1a: Sinistcha
|move|p1b: Archaludon|Dragon Pulse|p2a: Metagross
|-resisted|p2a: Metagross|1
|-damage|p2a: Metagross|76/100
|
|upkeep
|inactive|reinorak has 30 seconds left.
|
|t:|1783181402
|switch|p1a: Pelipper|Pelipper, L50, F|100/100
|-weather|RainDance|[from] ability: Drizzle|[of] p1a: Pelipper
|turn|4
|
|t:|1783181420
|move|p1b: Archaludon|Protect|p1b: Archaludon
|-singleturn|p1b: Archaludon|Protect
|move|p2a: Metagross|Psychic Fangs|p1a: Pelipper
|-damage|p1a: Pelipper|58/100
|move|p2b: Sneasler|Close Combat|p1b: Archaludon
|-activate|p1b: Archaludon|move: Protect
|move|p1a: Pelipper|Tailwind|p1a: Pelipper
|-sidestart|p1: reinorak|move: Tailwind
|
|-weather|RainDance|[upkeep]
|upkeep
|turn|5
|inactive|reinorak has 30 seconds left.
|
|t:|1783181449
|move|p1b: Archaludon|Dragon Pulse|p2b: Sneasler
|-damage|p2b: Sneasler|0 fnt
|faint|p2b: Sneasler
|move|p1a: Pelipper|Weather Ball|p2a: Metagross
|-damage|p2a: Metagross|27/100
|move|p2a: Metagross|Psychic Fangs|p1a: Pelipper
|-damage|p1a: Pelipper|20/100y
|-enditem|p1a: Pelipper|Sitrus Berry|[eat]
|-heal|p1a: Pelipper|44/100|[from] item: Sitrus Berry
|
|-weather|RainDance|[upkeep]
|upkeep
|
|t:|1783181474
|switch|p2b: Hydreigon|Hydreigon, L50, M|100/100
|turn|6
|
|t:|1783181486
|move|p1b: Archaludon|Protect|p1b: Archaludon
|-singleturn|p1b: Archaludon|Protect
|move|p2b: Hydreigon|Earth Power|p1b: Archaludon
|-activate|p1b: Archaludon|move: Protect
|move|p1a: Pelipper|Weather Ball|p2a: Metagross
|-damage|p2a: Metagross|0 fnt
|faint|p2a: Metagross
|
|-weather|RainDance|[upkeep]
|upkeep
|
|t:|1783181488
|switch|p2a: Sylveon|Sylveon, L50, F|100/100
|turn|7
|
|t:|1783181506
|switch|p1b: Grimmsnarl|Grimmsnarl, L50, M|100/100
|move|p2b: Hydreigon|Earth Power|p1b: Grimmsnarl
|-damage|p1b: Grimmsnarl|73/100
|move|p1a: Pelipper|Weather Ball|p2a: Sylveon
|-damage|p2a: Sylveon|63/100
|move|p2a: Sylveon|Hyper Voice|p1b: Grimmsnarl|[spread] p1a,p1b
|-supereffective|p1b: Grimmsnarl|1
|-damage|p1a: Pelipper|0 fnt
|-damage|p1b: Grimmsnarl|0 fnt
|faint|p1a: Pelipper
|faint|p1b: Grimmsnarl
|
|-weather|RainDance|[upkeep]
|-sideend|p1: reinorak|move: Tailwind
|upkeep
|l|☆reinorak
|inactive|reinorak disconnected and has a minute to reconnect!
|player|p1|
|inactive|reinorak has 30 seconds left.
|inactive|reinorak has 20 seconds left.
|inactive|reinorak has 15 seconds left.
|inactive|reinorak has 10 seconds left.
|inactive|reinorak has 5 seconds left.
|c|☆Br1_lore|why?
|-message|reinorak lost due to inactivity.
|
|win|Br1_lore
|raw|reinorak's rating: 1159 → 1137(-22 for losing)
|raw|Br1_lore's rating: 1206 → 1228(+22 for winning)
