|j|☆RealRagingBolt
|j|☆Ribombees believer
|html|RealRagingBoltRibombees believer    
|uhtml|bestof|Game 3 of a best-of-3
|t:|1756332945
|gametype|doubles
|player|p1|RealRagingBolt|volkner|1265
|player|p2|Ribombees believer|skier|1358
|gen|9
|tier|[Gen 9] VGC 2025 Reg H (Bo3)
|rated|
|rule|Species Clause: Limit one of each Pokémon
|rule|Item Clause: Limit 1 of each item
|clearpoke
|poke|p1|Whimsicott, L50, M|
|poke|p1|Ursaluna-Bloodmoon, L50, M|
|poke|p1|Archaludon, L50, M|
|poke|p1|Typhlosion-Hisui, L50, F|
|poke|p1|Indeedee-F, L50, F|
|poke|p1|Gallade, L50, M|
|poke|p2|Dondozo, L50, M|
|poke|p2|Tatsugiri, L50, F|
|poke|p2|Indeedee, L50, M|
|poke|p2|Dragapult, L50, M|
|poke|p2|Hydreigon, L50, F|
|poke|p2|Ribombee, L50, M|
|teampreview|4
|showteam|p1|Whimsicott||CovertCloak|Prankster|Tailwind,Moonblast,SunnyDay,Encore|||M|||50|,,,,,Steel]Ursaluna-Bloodmoon||LifeOrb|MindsEye|BloodMoon,HyperVoice,EarthPower,Protect|||M|||50|,,,,,Normal]Archaludon||PowerHerb|Sturdy|ElectroShot,FlashCannon,Protect,DracoMeteor|||M|||50|,,,,,Stellar]Typhlosion-Hisui||ChoiceSpecs|Blaze|Eruption,HeatWave,ShadowBall,Overheat|||F|||50|,,,,,Fire]Indeedee-F||SafetyGoggles|PsychicSurge|TrickRoom,FollowMe,Imprison,Psychic|||F|||50|,,,,,Fairy]Gallade||ClearAmulet|Sharpness|SacredSword,PsychoCut,NightSlash,TrickRoom|||M|||50|,,,,,Stellar
|showteam|p2|Dondozo||Leftovers|Unaware|WaveCrash,Earthquake,OrderUp,Protect|||M|||50|,,,,,Grass]Tatsugiri||ChoiceScarf|Commander|MuddyWater,DracoMeteor,DragonPulse,TeraBlast|||F|||50|,,,,,Fairy]Indeedee||FocusSash|PsychicSurge|ExpandingForce,TeraBlast,HyperVoice,Protect|||M|||50|,,,,,Fighting]Dragapult||ChoiceBand|ClearBody|DragonDarts,Outrage,PhantomForce,Uturn|||M|||50|,,,,,Dragon]Hydreigon||AssaultVest|Levitate|EarthPower,Snarl,DarkPulse,DracoMeteor|||F|||50|,,,,,Steel]Ribombee||ChoiceSpecs|ShieldDust|Moonblast,PollenPuff,DazzlingGleam,TeraBlast|||M|||50|,,,,,Ground
|inactive|Battle timer is ON: inactive players will automatically lose when time's up. (requested by Ribombees believer)
|inactive|RealRagingBolt has 60 seconds left.
|
|t:|1756332977
|teamsize|p1|4
|teamsize|p2|4
|start
|switch|p1a: Ursaluna|Ursaluna-Bloodmoon, L50, M|100/100
|switch|p1b: Whimsicott|Whimsicott, L50, M|100/100
|switch|p2a: Dondozo|Dondozo, L50, M|100/100
|switch|p2b: Hydreigon|Hydreigon, L50, F|100/100
|turn|1
|inactive|Ribombees believer has 30 seconds left.
|
|t:|1756333008
|switch|p2b: Tatsugiri|Tatsugiri, L50, F|100/100
|-activate|p2b: Tatsugiri|ability: Commander|[of] p2a: Dondozo
|-boost|p2a: Dondozo|atk|2
|-boost|p2a: Dondozo|spa|2
|-boost|p2a: Dondozo|spe|2
|-boost|p2a: Dondozo|def|2
|-boost|p2a: Dondozo|spd|2
|move|p1b: Whimsicott|Tailwind|p1b: Whimsicott
|-sidestart|p1: RealRagingBolt|move: Tailwind
|move|p2a: Dondozo|Earthquake|p1a: Ursaluna|[spread] p1a,p1b
|-miss|p2a: Dondozo|p2b: Tatsugiri
|-resisted|p1b: Whimsicott
|-damage|p1a: Ursaluna|69/100
|-damage|p1b: Whimsicott|74/100
|move|p1a: Ursaluna|Hyper Voice|p2a: Dondozo|[spread] p2a
|-miss|p1a: Ursaluna|p2b: Tatsugiri
|-damage|p2a: Dondozo|73/100
|-damage|p1a: Ursaluna|59/100|[from] item: Life Orb
|
|-heal|p2a: Dondozo|79/100|[from] item: Leftovers
|upkeep
|turn|2
|
|t:|1756333027
|move|p1b: Whimsicott|Encore|p2a: Dondozo
|-start|p2a: Dondozo|Encore
|move|p2a: Dondozo|Earthquake|p1b: Whimsicott|[spread] p1a,p1b
|-miss|p2a: Dondozo|p2b: Tatsugiri
|-resisted|p1b: Whimsicott
|-damage|p1a: Ursaluna|30/100
|-damage|p1b: Whimsicott|50/100
|move|p1a: Ursaluna|Blood Moon|p2a: Dondozo
|-damage|p2a: Dondozo|22/100
|-damage|p1a: Ursaluna|20/100|[from] item: Life Orb
|
|-heal|p2a: Dondozo|28/100|[from] item: Leftovers
|upkeep
|turn|3
|
|t:|1756333047
|move|p1b: Whimsicott|Moonblast|p2a: Dondozo
|-damage|p2a: Dondozo|13/100
|move|p2a: Dondozo|Earthquake|p1b: Whimsicott|[spread] p1a,p1b
|-miss|p2a: Dondozo|p2b: Tatsugiri
|-resisted|p1b: Whimsicott
|-damage|p1a: Ursaluna|0 fnt
|-damage|p1b: Whimsicott|25/100
|faint|p1a: Ursaluna
|
|-heal|p2a: Dondozo|19/100|[from] item: Leftovers
|upkeep
|
|t:|1756333054
|switch|p1a: Typhlosion|Typhlosion-Hisui, L50, F|100/100
|turn|4
|
|t:|1756333070
|move|p1b: Whimsicott|Sunny Day|p1b: Whimsicott
|-weather|SunnyDay
|move|p1a: Typhlosion|Eruption|p2a: Dondozo|[spread] p2a
|-miss|p1a: Typhlosion|p2b: Tatsugiri
|-resisted|p2a: Dondozo
|-damage|p2a: Dondozo|0 fnt
|faint|p2a: Dondozo
|
|-weather|SunnyDay|[upkeep]
|-sideend|p1: RealRagingBolt|move: Tailwind
|upkeep
|
|t:|1756333085
|switch|p2a: Indeedee|Indeedee, L50, M|100/100
|-fieldstart|move: Psychic Terrain|[from] ability: Psychic Surge|[of] p2a: Indeedee
|turn|5
|inactive|RealRagingBolt has 30 seconds left.
|
|t:|1756333116
|move|p1b: Whimsicott|Tailwind|p1b: Whimsicott
|-sidestart|p1: RealRagingBolt|move: Tailwind
|move|p1a: Typhlosion|Eruption|p2b: Tatsugiri|[spread] p2a,p2b
|-resisted|p2b: Tatsugiri
|-enditem|p2a: Indeedee|Focus Sash
|-damage|p2a: Indeedee|1/100
|-damage|p2b: Tatsugiri|61/100
|move|p2b: Tatsugiri|Draco Meteor|p1a: Typhlosion
|-damage|p1a: Typhlosion|7/100
|-unboost|p2b: Tatsugiri|spa|2
|move|p2a: Indeedee|Expanding Force|p1b: Whimsicott|[spread] p1a,p1b
|-damage|p1a: Typhlosion|0 fnt
|-damage|p1b: Whimsicott|0 fnt
|faint|p1a: Typhlosion
|faint|p1b: Whimsicott
|
|-weather|SunnyDay|[upkeep]
|upkeep
|
|t:|1756333134
|switch|p1b: Archaludon|Archaludon, L50, M|100/100
|turn|6
|
|t:|1756333152
|move|p1b: Archaludon|Flash Cannon|p2a: Indeedee
|-damage|p2a: Indeedee|0 fnt
|faint|p2a: Indeedee
|move|p2b: Tatsugiri|Draco Meteor|p1b: Archaludon
|-damage|p1b: Archaludon|47/100
|-unboost|p2b: Tatsugiri|spa|2
|
|-weather|SunnyDay|[upkeep]
|upkeep
|
|t:|1756333165
|switch|p2a: Hydreigon|Hydreigon, L50, F|100/100
|turn|7
|
|t:|1756333176
|-terastallize|p2a: Hydreigon|Steel
|move|p1b: Archaludon|Electro Shot||[still]
|-prepare|p1b: Archaludon|Electro Shot
|-boost|p1b: Archaludon|spa|1
|-enditem|p1b: Archaludon|Power Herb
|-anim|p1b: Archaludon|Electro Shot|p2b: Tatsugiri
|-damage|p2b: Tatsugiri|0 fnt
|faint|p2b: Tatsugiri
|move|p2a: Hydreigon|Earth Power|p1b: Archaludon
|-supereffective|p1b: Archaludon
|-damage|p1b: Archaludon|0 fnt
|faint|p1b: Archaludon
|
|win|Ribombees believer
|raw|RealRagingBolt's rating: 1265 → 1247(-18 for losing)
|raw|Ribombees believer's rating: 1358 → 1373(+15 for winning)
