|j|☆AceTrainerJimothy3
|j|☆thisisaladderteam
|html|AceTrainerJimothy3thisisaladderteam    
|uhtml|bestof|Game 1 of a best-of-3
|t:|1782459241
|gametype|doubles
|player|p1|AceTrainerJimothy3|aaron|1111
|player|p2|thisisaladderteam|guzma|1250
|gen|9
|tier|[Gen 9 Champions] VGC 2026 Reg M-B (Bo3)
|rated|
|rule|Species Clause: Limit one of each Pokémon
|rule|Item Clause: Limit 1 of each item
|clearpoke
|poke|p1|Gengar, L50, M|
|poke|p1|Incineroar, L50, M|
|poke|p1|Garchomp, L50, M|
|poke|p1|Whimsicott, L50, F|
|poke|p1|Staraptor, L50, F|
|poke|p1|Milotic, L50, F|
|poke|p2|Sceptile, L50, F, shiny|
|poke|p2|Rotom-Heat, L50, shiny|
|poke|p2|Toxapex, L50, M, shiny|
|poke|p2|Incineroar, L50, F, shiny|
|poke|p2|Garchomp, L50, M|
|poke|p2|Gholdengo, L50|
|teampreview|4
|showteam|p1|Gengar||Gengarite|CursedBody|ShadowBall,SludgeBomb,PerishSong,Protect|Modest||M|||50|]Incineroar||SitrusBerry|Intimidate|FakeOut,PartingShot,FlareBlitz,ThroatChop|Bold||M|||50|]Garchomp||LifeOrb|RoughSkin|RockSlide,Protect,DragonClaw,StompingTantrum|Adamant||M|||50|]Whimsicott||FocusSash|Prankster|Moonblast,Charm,Encore,Tailwind|Modest||F|||50|]Staraptor||Staraptite|Intimidate|CloseCombat,Roost,Protect,BraveBird|Careful||F|||50|]Milotic||Leftovers|Competitive|Hypnosis,Coil,MuddyWater,Recover|Bold||F|||50|
|showteam|p2|Sceptile||Sceptilite|Overgrow|Detect,EnergyBall,DragonPulse,EarthPower|Timid||F|||50|]Rotom-Heat||ChoiceScarf|Levitate|Discharge,Electroweb,Overheat,WillOWisp|Timid|||||50|]Toxapex||Leftovers|Regenerator|BanefulBunker,Infestation,Toxic,WideGuard|Bold||M|||50|]Incineroar||SitrusBerry|Intimidate|FakeOut,PartingShot,ThroatChop,FlareBlitz|Careful||F|||50|]Garchomp||LifeOrb|RoughSkin|Protect,RockSlide,Earthquake,DragonClaw|Jolly||M|||50|]Gholdengo||KasibBerry|GoodasGold|Protect,NastyPlot,ShadowBall,MakeItRain|Modest|||||50|
|inactive|Battle timer is ON: inactive players will automatically lose when time's up. (requested by thisisaladderteam)
|inactive|AceTrainerJimothy3 also wants the timer to be on.
|
|t:|1782459264
|teamsize|p1|4
|teamsize|p2|4
|start
|switch|p1a: Staraptor|Staraptor, L50, F|100/100
|switch|p1b: Whimsicott|Whimsicott, L50, F|100/100
|switch|p2a: Gholdengo|Gholdengo, L50|100/100
|switch|p2b: Rotom|Rotom-Heat, L50, shiny|100/100
|-ability|p1a: Staraptor|Intimidate|boost
|-unboost|p2a: Gholdengo|atk|1
|-unboost|p2b: Rotom|atk|1
|turn|1
|inactive|AceTrainerJimothy3 has 30 seconds left.
|inactive|AceTrainerJimothy3 has 20 seconds left.
|inactive|AceTrainerJimothy3 has 15 seconds left.
|
|t:|1782459306
|switch|p2b: Incineroar|Incineroar, L50, F, shiny|100/100
|-ability|p2b: Incineroar|Intimidate|boost
|-unboost|p1a: Staraptor|atk|1
|-unboost|p1b: Whimsicott|atk|1
|detailschange|p1a: Staraptor|Staraptor-Mega, L50, F
|-mega|p1a: Staraptor|Staraptor|Staraptite
|move|p1b: Whimsicott|Charm|p1a: Staraptor
|-boost|p1a: Staraptor|atk|2
|move|p2a: Gholdengo|Nasty Plot|p2a: Gholdengo
|-boost|p2a: Gholdengo|spa|2
|move|p1a: Staraptor|Close Combat|p2b: Incineroar
|-supereffective|p2b: Incineroar|1
|-damage|p2b: Incineroar|0 fnt
|-boost|p1a: Staraptor|def|1
|-boost|p1a: Staraptor|spd|1
|faint|p2b: Incineroar
|
|upkeep
|
|t:|1782459318
|switch|p2b: Rotom|Rotom-Heat, L50, shiny|100/100
|turn|2
|
|t:|1782459331
|move|p1b: Whimsicott|Tailwind|p1b: Whimsicott
|-sidestart|p1: AceTrainerJimothy3|move: Tailwind
|move|p1a: Staraptor|Close Combat|p2b: Rotom
|-damage|p2b: Rotom|3/100
|-boost|p1a: Staraptor|def|1
|-boost|p1a: Staraptor|spd|1
|move|p2b: Rotom|Will-O-Wisp|p1a: Staraptor
|-status|p1a: Staraptor|brn
|move|p2a: Gholdengo|Nasty Plot|p2a: Gholdengo
|-boost|p2a: Gholdengo|spa|2
|
|-damage|p1a: Staraptor|93/100 brn|[from] brn
|upkeep
|turn|3
|
|t:|1782459353
|move|p1b: Whimsicott|Charm|p1a: Staraptor
|-boost|p1a: Staraptor|atk|2
|move|p1a: Staraptor|Brave Bird|p2a: Gholdengo
|-resisted|p2a: Gholdengo|1
|-damage|p2a: Gholdengo|59/100
|-damage|p1a: Staraptor|82/100 brn|[from] Recoil
|move|p2b: Rotom|Will-O-Wisp|p1b: Whimsicott
|-status|p1b: Whimsicott|brn
|move|p2a: Gholdengo|Make It Rain|p1a: Staraptor|[spread] p1a,p1b
|-supereffective|p1b: Whimsicott|1
|-damage|p1a: Staraptor|22/100 brn
|-enditem|p1b: Whimsicott|Focus Sash
|-damage|p1b: Whimsicott|1/100 brn
|-unboost|p2a: Gholdengo|spa|2
|
|-damage|p1b: Whimsicott|0 fnt|[from] brn
|faint|p1b: Whimsicott
|-damage|p1a: Staraptor|16/100 brn|[from] brn
|upkeep
|inactive|AceTrainerJimothy3 has 30 seconds left.
|
|t:|1782459378
|switch|p1b: Garchomp|Garchomp, L50, M|100/100
|turn|4
|
|t:|1782459392
|move|p2a: Gholdengo|Protect|p2a: Gholdengo
|-singleturn|p2a: Gholdengo|Protect
|move|p1b: Garchomp|Stomping Tantrum|p2a: Gholdengo
|-activate|p2a: Gholdengo|move: Protect
|move|p1a: Staraptor|Close Combat|p2b: Rotom
|-damage|p2b: Rotom|0 fnt
|-boost|p1a: Staraptor|def|1
|-boost|p1a: Staraptor|spd|1
|faint|p2b: Rotom
|
|-damage|p1a: Staraptor|9/100 brn|[from] brn
|upkeep
|
|t:|1782459399
|switch|p2b: Sceptile|Sceptile, L50, F, shiny|100/100
|turn|5
|
|t:|1782459417
|move|p2b: Sceptile|Detect|p2b: Sceptile
|-singleturn|p2b: Sceptile|Protect
|move|p2a: Gholdengo|Protect|p2a: Gholdengo
|-singleturn|p2a: Gholdengo|Protect
|move|p1b: Garchomp|Stomping Tantrum|p2a: Gholdengo
|-activate|p2a: Gholdengo|move: Protect
|move|p1a: Staraptor|Brave Bird|p2b: Sceptile
|-activate|p2b: Sceptile|move: Protect
|
|-damage|p1a: Staraptor|3/100 brn|[from] brn
|-sideend|p1: AceTrainerJimothy3|move: Tailwind
|upkeep
|turn|6
|
|t:|1782459442
|move|p2b: Sceptile|Dragon Pulse|p1a: Staraptor
|-damage|p1a: Staraptor|0 fnt
|faint|p1a: Staraptor
|move|p1b: Garchomp|Stomping Tantrum|p2a: Gholdengo
|-supereffective|p2a: Gholdengo|1
|-damage|p2a: Gholdengo|0 fnt
|faint|p2a: Gholdengo
|-damage|p1b: Garchomp|90/100|[from] item: Life Orb
|
|upkeep
|
|t:|1782459453
|switch|p1a: Milotic|Milotic, L50, F|100/100
|turn|7
|inactive|AceTrainerJimothy3 has 30 seconds left.
|
|t:|1782459480
|detailschange|p2b: Sceptile|Sceptile-Mega, L50, F, shiny
|-mega|p2b: Sceptile|Sceptile|Sceptilite
|move|p2b: Sceptile|Dragon Pulse|p1b: Garchomp
|-supereffective|p1b: Garchomp|1
|-damage|p1b: Garchomp|0 fnt
|faint|p1b: Garchomp
|move|p1a: Milotic|Hypnosis|p2b: Sceptile
|-status|p2b: Sceptile|slp|[from] move: Hypnosis
|
|upkeep
|turn|8
|
|t:|1782459493
|cant|p2b: Sceptile|slp
|move|p1a: Milotic|Coil|p1a: Milotic
|-boost|p1a: Milotic|atk|1
|-boost|p1a: Milotic|def|1
|-boost|p1a: Milotic|accuracy|1
|
|upkeep
|turn|9
|
|t:|1782459500
|cant|p2b: Sceptile|slp
|move|p1a: Milotic|Muddy Water|p2b: Sceptile
|-resisted|p2b: Sceptile|2
|-damage|p2b: Sceptile|89/100 slp
|-unboost|p2b: Sceptile|accuracy|1
|
|upkeep
|turn|10
|
|t:|1782459508
|-curestatus|p2b: Sceptile|slp|[msg]
|move|p2b: Sceptile|Energy Ball|p1a: Milotic
|-supereffective|p1a: Milotic|1
|-damage|p1a: Milotic|30/100
|-unboost|p1a: Milotic|spd|1
|-ability|p1a: Milotic|Competitive|boost
|-boost|p1a: Milotic|spa|2
|move|p1a: Milotic|Muddy Water|p2b: Sceptile
|-resisted|p2b: Sceptile|2
|-crit|p2b: Sceptile
|-damage|p2b: Sceptile|58/100
|
|-heal|p1a: Milotic|36/100|[from] item: Leftovers
|upkeep
|turn|11
|
|t:|1782459523
|move|p2b: Sceptile|Energy Ball|p1a: Milotic
|-supereffective|p1a: Milotic|1
|-damage|p1a: Milotic|0 fnt
|faint|p1a: Milotic
|
|win|thisisaladderteam
