|j|☆WASHINGTONGARGACHA
|j|☆monado476
|html|WASHINGTONGARGACHAmonado476    
|uhtml|bestof|Game 1 of a best-of-3
|t:|1756432047
|gametype|doubles
|player|p1|WASHINGTONGARGACHA|265|1096
|player|p2|monado476|volkner|1058
|gen|9
|tier|[Gen 9] VGC 2025 Reg H (Bo3)
|rated|
|rule|Species Clause: Limit one of each Pokémon
|rule|Item Clause: Limit 1 of each item
|clearpoke
|poke|p1|Gholdengo, L50|
|poke|p1|Ursaluna, L50, F|
|poke|p1|Archaludon, L50, M|
|poke|p1|Murkrow, L50, F|
|poke|p1|Farigiraf, L50, F|
|poke|p1|Palafin, L50, F|
|poke|p2|Incineroar, L50, F|
|poke|p2|Whimsicott, L50, F|
|poke|p2|Goodra-Hisui, L50, F|
|poke|p2|Kleavor, L50, F|
|poke|p2|Gholdengo, L50|
|poke|p2|Primarina, L50, M|
|teampreview|4
|showteam|p1|Gholdengo||SitrusBerry|GoodasGold|ShadowBall,MakeItRain,NastyPlot,Protect||||||50|,,,,,Water]Ursaluna||FlameOrb|Guts|Facade,Earthquake,Protect,HeadlongRush|||F|||50|,,,,,Ghost]Archaludon||PowerHerb|Stamina|ElectroShot,FlashCannon,DracoMeteor,Protect|||M|||50|,,,,,Grass]Murkrow||Eviolite|Prankster|Tailwind,RainDance,FoulPlay,Haze|||F|||50|,,,,,Dark]Farigiraf||ThroatSpray|ArmorTail|HyperVoice,TrickRoom,Psychic,Protect|||F|||50|,,,,,Fairy]Palafin||MysticWater|ZerotoHero|FlipTurn,Protect,JetPunch,WaveCrash|||F|||50|,,,,,Water
|showteam|p2|Incineroar||SafetyGoggles|Intimidate|FakeOut,PartingShot,KnockOff,FlareBlitz|||F|||50|,,,,,Grass]Whimsicott||FocusSash|Prankster|Moonblast,Tailwind,Encore,Taunt|||F|||50|,,,,,Ghost]Goodra-Hisui||Leftovers|SapSipper|AcidArmor,BodyPress,Thunderbolt,Protect|||F|||50|,,,,,Flying]Kleavor||LifeOrb|Sharpness|StoneAxe,NightSlash,XScissor,Protect|||F|||50|,,,,,Steel]Gholdengo||MetalCoat|GoodasGold|MakeItRain,ShadowBall,NastyPlot,Protect||||||50|,,,,,Steel]Primarina||CovertCloak|LiquidVoice|Haze,HyperVoice,Moonblast,Protect|||M|||50|,,,,,Poison
|inactive|Battle timer is ON: inactive players will automatically lose when time's up. (requested by monado476)
|inactive|WASHINGTONGARGACHA has 60 seconds left.
|inactive|monado476 has 60 seconds left.
|
|t:|1756432090
|teamsize|p1|4
|teamsize|p2|4
|start
|switch|p1a: Murkrow|Murkrow, L50, F|100/100
|switch|p1b: Palafin|Palafin, L50, F|100/100
|switch|p2a: Primarina|Primarina, L50, M|100/100
|switch|p2b: Goodra|Goodra-Hisui, L50, F|100/100
|turn|1
|
|t:|1756432111
|move|p1a: Murkrow|Tailwind|p1a: Murkrow
|-sidestart|p1: WASHINGTONGARGACHA|move: Tailwind
|move|p1b: Palafin|Flip Turn|p2a: Primarina
|-resisted|p2a: Primarina
|-damage|p2a: Primarina|85/100
|
|t:|1756432117
|detailschange|p1b: Palafin|Palafin-Hero, L50, F
|switch|p1b: Archaludon|Archaludon, L50, M|100/100|[from] Flip Turn
|move|p2a: Primarina|Moonblast|p1a: Murkrow
|-supereffective|p1a: Murkrow
|-damage|p1a: Murkrow|13/100
|move|p2b: Goodra|Acid Armor|p2b: Goodra
|-boost|p2b: Goodra|def|2
|
|upkeep
|turn|2
|
|t:|1756432136
|move|p2a: Primarina|Protect|p2a: Primarina
|-singleturn|p2a: Primarina|Protect
|move|p1a: Murkrow|Rain Dance|p1a: Murkrow
|-weather|RainDance
|move|p1b: Archaludon|Draco Meteor|p2b: Goodra
|-damage|p2b: Goodra|55/100
|-unboost|p1b: Archaludon|spa|2
|move|p2b: Goodra|Body Press|p1b: Archaludon
|-supereffective|p1b: Archaludon
|-damage|p1b: Archaludon|12/100
|-ability|p1b: Archaludon|Stamina|boost
|-boost|p1b: Archaludon|def|1
|
|-weather|RainDance|[upkeep]
|-heal|p2b: Goodra|61/100|[from] item: Leftovers
|upkeep
|turn|3
|inactive|monado476 has 30 seconds left.
|inactive|monado476 has 20 seconds left.
|
|t:|1756432175
|-terastallize|p2a: Primarina|Poison
|move|p1a: Murkrow|Haze|p1a: Murkrow
|-clearallboost
|move|p1b: Archaludon|Electro Shot||[still]
|-prepare|p1b: Archaludon|Electro Shot
|-boost|p1b: Archaludon|spa|1
|-anim|p1b: Archaludon|Electro Shot|p2a: Primarina
|-crit|p2a: Primarina
|-damage|p2a: Primarina|0 fnt
|faint|p2a: Primarina
|move|p2b: Goodra|Body Press|p1b: Archaludon
|-supereffective|p1b: Archaludon
|-damage|p1b: Archaludon|0 fnt
|faint|p1b: Archaludon
|
|-weather|RainDance|[upkeep]
|-heal|p2b: Goodra|67/100|[from] item: Leftovers
|upkeep
|
|t:|1756432198
|switch|p1b: Palafin|Palafin-Hero, L50, F|100/100
|switch|p2a: Whimsicott|Whimsicott, L50, F|100/100
|-activate|p1b: Palafin|ability: Zero to Hero
|turn|4
|inactive|WASHINGTONGARGACHA has 30 seconds left.
|
|t:|1756432230
|move|p1b: Palafin|Wave Crash|p1a: Murkrow
|-damage|p1a: Murkrow|0 fnt
|faint|p1a: Murkrow
|-damage|p1b: Palafin|96/100|[from] Recoil
|move|p2a: Whimsicott|Moonblast|p1b: Palafin
|-damage|p1b: Palafin|56/100
|move|p2b: Goodra|Acid Armor|p2b: Goodra
|-boost|p2b: Goodra|def|2
|
|-weather|RainDance|[upkeep]
|-heal|p2b: Goodra|72/100|[from] item: Leftovers
|-sideend|p1: WASHINGTONGARGACHA|move: Tailwind
|upkeep
|
|t:|1756432241
|switch|p1a: Gholdengo|Gholdengo, L50|100/100
|turn|5
|
|t:|1756432265
|-terastallize|p1b: Palafin|Water
|move|p2a: Whimsicott|Tailwind|p2a: Whimsicott
|-sidestart|p2: monado476|move: Tailwind
|move|p1b: Palafin|Wave Crash|p2b: Goodra
|-resisted|p2b: Goodra
|-damage|p2b: Goodra|39/100
|-damage|p1b: Palafin|46/100|[from] Recoil
|move|p2b: Goodra|Thunderbolt|p1a: Gholdengo
|-damage|p1a: Gholdengo|76/100
|move|p1a: Gholdengo|Make It Rain|p2b: Goodra|[spread] p2a,p2b
|-supereffective|p2a: Whimsicott
|-resisted|p2b: Goodra
|-enditem|p2a: Whimsicott|Focus Sash
|-damage|p2a: Whimsicott|1/100
|-damage|p2b: Goodra|25/100
|-unboost|p1a: Gholdengo|spa|1
|
|-weather|RainDance|[upkeep]
|-heal|p2b: Goodra|31/100|[from] item: Leftovers
|upkeep
|turn|6
|
|t:|1756432288
|move|p2b: Goodra|Protect|p2b: Goodra
|-singleturn|p2b: Goodra|Protect
|move|p1b: Palafin|Jet Punch|p2a: Whimsicott
|-resisted|p2a: Whimsicott
|-damage|p2a: Whimsicott|0 fnt
|faint|p2a: Whimsicott
|move|p1a: Gholdengo|Nasty Plot|p1a: Gholdengo
|-boost|p1a: Gholdengo|spa|2
|
|-weather|none
|-heal|p2b: Goodra|37/100|[from] item: Leftovers
|upkeep
|
|t:|1756432297
|switch|p2a: Kleavor|Kleavor, L50, F|100/100
|turn|7
|
|t:|1756432320
|move|p1b: Palafin|Jet Punch|p2a: Kleavor
|-supereffective|p2a: Kleavor
|-damage|p2a: Kleavor|0 fnt
|faint|p2a: Kleavor
|move|p2b: Goodra|Body Press|p1b: Palafin
|-damage|p1b: Palafin|0 fnt
|faint|p1b: Palafin
|move|p1a: Gholdengo|Shadow Ball|p2b: Goodra
|-damage|p2b: Goodra|0 fnt
|faint|p2b: Goodra
|
|win|WASHINGTONGARGACHA
