|j|☆kingjdjdjd
|j|☆3-4 worlds
|html|kingjdjdjd3-4 worlds    
|uhtml|bestof|Game 2 of a best-of-3
|t:|1785110463
|gametype|doubles
|player|p1|kingjdjdjd|170|1136
|player|p2|3-4 worlds|emma|1163
|gen|9
|tier|[Gen 9 Champions] VGC 2026 Reg M-B (Bo3)
|rated|
|rule|Species Clause: Limit one of each Pokémon
|rule|Item Clause: Limit 1 of each item
|clearpoke
|poke|p1|Charizard, L50, M|
|poke|p1|Garchomp, L50, M|
|poke|p1|Hydreigon, L50, M|
|poke|p1|Incineroar, L50, M|
|poke|p1|Grimmsnarl, L50, M|
|poke|p1|Toxapex, L50, M|
|poke|p2|Blaziken, L50, M|
|poke|p2|Aerodactyl, L50, M|
|poke|p2|Basculegion, L50, M|
|poke|p2|Sylveon, L50, M|
|poke|p2|Torkoal, L50, F|
|poke|p2|Kingambit, L50, M|
|teampreview|4
|showteam|p1|Charizard||CharizarditeY|SolarPower|HeatWave,WeatherBall,SolarBeam,Protect|Modest||M|||50|]Garchomp||LifeOrb|RoughSkin|Protect,RockSlide,DragonClaw,Earthquake|Jolly||M|||50|]Hydreigon||FocusSash|Levitate|Tailwind,HelpingHand,Protect,DracoMeteor|Modest||M|||50|]Incineroar||WhiteHerb|Intimidate|FakeOut,CloseCombat,FlareBlitz,PartingShot|Adamant||M|||50|]Grimmsnarl||LightClay|Prankster|LightScreen,Reflect,SpiritBreak,PartingShot|Careful||M|||50|]Toxapex||Leftovers|Regenerator|BanefulBunker,Infestation,Toxic,WideGuard|Bold||M|||50|
|showteam|p2|Blaziken||Blazikenite|SpeedBoost|CloseCombat,FlareBlitz,RockSlide,Detect|Adamant||M|||50|]Aerodactyl||Aerodactylite|Unnerve|DualWingbeat,IceFang,RockSlide,Tailwind|Jolly||M|||50|]Basculegion||FocusSash|Adaptability|LastRespects,Liquidation,AquaJet,Protect|Adamant||M|||50|]Sylveon||FairyFeather|Pixilate|Moonblast,HyperVoice,QuickAttack,Detect|Modest||M|||50|]Torkoal||Leftovers|Drought|HeatWave,WeatherBall,Yawn,Protect|Relaxed||F|||50|]Kingambit||LifeOrb|Defiant|KowtowCleave,IronHead,SuckerPunch,Protect|Adamant||M|||50|
|inactive|Battle timer is ON: inactive players will automatically lose when time's up. (requested by 3-4 worlds)
|inactive|kingjdjdjd has 60 seconds left.
|
|t:|1785110497
|teamsize|p1|4
|teamsize|p2|4
|start
|switch|p1a: Incineroar|Incineroar, L50, M|100/100
|switch|p1b: Grimmsnarl|Grimmsnarl, L50, M|100/100
|switch|p2a: Aerodactyl|Aerodactyl, L50, M|100/100
|switch|p2b: Kingambit|Kingambit, L50, M|100/100
|-ability|p2a: Aerodactyl|Unnerve
|-ability|p1a: Incineroar|Intimidate|boost
|-unboost|p2a: Aerodactyl|atk|1
|-unboost|p2b: Kingambit|atk|1
|-ability|p2b: Kingambit|Defiant|boost
|-boost|p2b: Kingambit|atk|2
|turn|1
|inactive|3-4 worlds has 30 seconds left.
|
|t:|1785110524
|detailschange|p2a: Aerodactyl|Aerodactyl-Mega, L50, M
|-mega|p2a: Aerodactyl|Aerodactyl|Aerodactylite
|move|p2b: Kingambit|Protect|p2b: Kingambit
|-singleturn|p2b: Kingambit|Protect
|move|p1a: Incineroar|Fake Out|p2b: Kingambit
|-activate|p2b: Kingambit|move: Protect
|move|p1b: Grimmsnarl|Reflect|p1b: Grimmsnarl
|-sidestart|p1: kingjdjdjd|Reflect
|move|p2a: Aerodactyl|Rock Slide|p1a: Incineroar|[spread] p1b
|-miss|p2a: Aerodactyl|p1a: Incineroar
|-damage|p1b: Grimmsnarl|84/100
|
|upkeep
|turn|2
|
|t:|1785110545
|move|p1b: Grimmsnarl|Parting Shot|p2a: Aerodactyl
|-unboost|p2a: Aerodactyl|atk|1
|-unboost|p2a: Aerodactyl|spa|1
|
|t:|1785110552
|switch|p1b: Garchomp|Garchomp, L50, M|100/100|[from] Parting Shot
|move|p2a: Aerodactyl|Rock Slide|p1b: Garchomp|[spread] p1b
|-miss|p2a: Aerodactyl|p1a: Incineroar
|-resisted|p1b: Garchomp|1
|-damage|p1b: Garchomp|95/100
|move|p1a: Incineroar|Flare Blitz|p2b: Kingambit
|-supereffective|p2b: Kingambit|1
|-damage|p2b: Kingambit|4/100
|-damage|p1a: Incineroar|62/100|[from] Recoil
|move|p2b: Kingambit|Iron Head|p1b: Garchomp
|-damage|p1b: Garchomp|31/100
|-damage|p2b: Kingambit|0 fnt|[from] ability: Rough Skin|[of] p1b: Garchomp
|faint|p2b: Kingambit
|
|upkeep
|
|t:|1785110557
|switch|p2b: Sylveon|Sylveon, L50, M|100/100
|turn|3
|
|t:|1785110580
|switch|p1b: Toxapex|Toxapex, L50, M|100/100
|move|p2a: Aerodactyl|Rock Slide|p1a: Incineroar|[spread] p1a,p1b
|-supereffective|p1a: Incineroar|1
|-damage|p1a: Incineroar|40/100
|-damage|p1b: Toxapex|93/100
|move|p1a: Incineroar|Flare Blitz|p2b: Sylveon
|-damage|p2b: Sylveon|24/100
|-damage|p1a: Incineroar|14/100|[from] Recoil
|move|p2b: Sylveon|Hyper Voice|p1a: Incineroar|[spread] p1a,p1b
|-resisted|p1b: Toxapex|1
|-damage|p1a: Incineroar|0 fnt
|-damage|p1b: Toxapex|74/100
|faint|p1a: Incineroar
|
|-heal|p1b: Toxapex|80/100|[from] item: Leftovers
|upkeep
|
|t:|1785110594
|switch|p1a: Grimmsnarl|Grimmsnarl, L50, M|84/100
|turn|4
|
|t:|1785110608
|move|p2a: Aerodactyl|Tailwind|p2a: Aerodactyl
|-sidestart|p2: 3-4 worlds|move: Tailwind
|move|p2b: Sylveon|Hyper Voice|p1a: Grimmsnarl|[spread] p1a,p1b
|-supereffective|p1a: Grimmsnarl|1
|-resisted|p1b: Toxapex|1
|-damage|p1a: Grimmsnarl|3/100
|-damage|p1b: Toxapex|59/100
|move|p1a: Grimmsnarl|Spirit Break|p2b: Sylveon
|-damage|p2b: Sylveon|0 fnt
|faint|p2b: Sylveon
|move|p1b: Toxapex|Toxic|p2a: Aerodactyl
|-status|p2a: Aerodactyl|tox
|
|-heal|p1b: Toxapex|64/100|[from] item: Leftovers
|-damage|p2a: Aerodactyl|94/100 tox|[from] psn
|upkeep
|
|t:|1785110621
|switch|p2b: Blaziken|Blaziken, L50, M|100/100
|turn|5
|inactive|kingjdjdjd has 30 seconds left.
|inactive|kingjdjdjd has 20 seconds left.
|inactive|kingjdjdjd has 15 seconds left.
|
|t:|1785110662
|-heal|p1b: Toxapex|98/100|[from] ability: Regenerator|[silent]
|switch|p1b: Garchomp|Garchomp, L50, M|31/100
|move|p2b: Blaziken|Detect|p2b: Blaziken
|-singleturn|p2b: Blaziken|Protect
|move|p1a: Grimmsnarl|Parting Shot|p2b: Blaziken
|-activate|p2b: Blaziken|move: Protect
|move|p2a: Aerodactyl|Rock Slide|p1a: Grimmsnarl|[spread] p1b
|-miss|p2a: Aerodactyl|p1a: Grimmsnarl
|-resisted|p1b: Garchomp|1
|-damage|p1b: Garchomp|27/100
|
|-damage|p2a: Aerodactyl|82/100 tox|[from] psn
|-ability|p2b: Blaziken|Speed Boost|boost
|-boost|p2b: Blaziken|spe|1
|upkeep
|turn|6
|
|t:|1785110683
|move|p1a: Grimmsnarl|Parting Shot|p2b: Blaziken
|-unboost|p2b: Blaziken|atk|1
|-unboost|p2b: Blaziken|spa|1
|
|t:|1785110686
|switch|p1a: Toxapex|Toxapex, L50, M|98/100|[from] Parting Shot
|move|p2a: Aerodactyl|Ice Fang|p1b: Garchomp
|-supereffective|p1b: Garchomp|2
|-damage|p1b: Garchomp|0 fnt
|-damage|p2a: Aerodactyl|70/100 tox|[from] ability: Rough Skin|[of] p1b: Garchomp
|faint|p1b: Garchomp
|move|p2b: Blaziken|Rock Slide|p1a: Toxapex
|-damage|p1a: Toxapex|89/100
|
|-heal|p1a: Toxapex|95/100|[from] item: Leftovers
|-damage|p2a: Aerodactyl|53/100 tox|[from] psn
|-ability|p2b: Blaziken|Speed Boost|boost
|-boost|p2b: Blaziken|spe|1
|upkeep
|
|t:|1785110691
|switch|p1b: Grimmsnarl|Grimmsnarl, L50, M|3/100
|turn|7
|
|t:|1785110708
|move|p1b: Grimmsnarl|Parting Shot|p2a: Aerodactyl
|-unboost|p2a: Aerodactyl|atk|1
|-unboost|p2a: Aerodactyl|spa|1
|move|p2b: Blaziken|Rock Slide|p1a: Toxapex|[spread] p1a
|-miss|p2b: Blaziken|p1b: Grimmsnarl
|-damage|p1a: Toxapex|89/100
|move|p2a: Aerodactyl|Dual Wingbeat|p1a: Toxapex
|-damage|p1a: Toxapex|84/100
|-damage|p1a: Toxapex|79/100
|-hitcount|p1a: Toxapex|2
|move|p1a: Toxapex|Toxic|p2b: Blaziken
|-status|p2b: Blaziken|tox
|
|-heal|p1a: Toxapex|85/100|[from] item: Leftovers
|-damage|p2b: Blaziken|94/100 tox|[from] psn
|-damage|p2a: Aerodactyl|30/100 tox|[from] psn
|-sideend|p2: 3-4 worlds|move: Tailwind
|-ability|p2b: Blaziken|Speed Boost|boost
|-boost|p2b: Blaziken|spe|1
|upkeep
|turn|8
|
|t:|1785110732
|move|p2b: Blaziken|Rock Slide|p1a: Toxapex|[spread] p1a,p1b
|-damage|p1a: Toxapex|79/100
|-damage|p1b: Grimmsnarl|0 fnt
|faint|p1b: Grimmsnarl
|move|p2a: Aerodactyl|Rock Slide|p1a: Toxapex
|-damage|p1a: Toxapex|73/100
|move|p1a: Toxapex|Infestation|p2b: Blaziken
|-resisted|p2b: Blaziken|2
|-damage|p2b: Blaziken|92/100 tox
|-activate|p2b: Blaziken|move: Infestation|[of] p1a: Toxapex
|
|-heal|p1a: Toxapex|78/100|[from] item: Leftovers
|-damage|p2b: Blaziken|81/100 tox|[from] psn
|-damage|p2a: Aerodactyl|1/100 tox|[from] psn
|-damage|p2b: Blaziken|69/100 tox|[from] move: Infestation|[partiallytrapped]
|-sideend|p1: kingjdjdjd|Reflect
|-ability|p2b: Blaziken|Speed Boost|boost
|-boost|p2b: Blaziken|spe|1
|upkeep
|turn|9
|
|t:|1785110748
|move|p1a: Toxapex|Baneful Bunker|p1a: Toxapex
|-singleturn|p1a: Toxapex|move: Protect
|move|p2b: Blaziken|Close Combat|p1a: Toxapex
|-activate|p1a: Toxapex|move: Protect
|move|p2a: Aerodactyl|Dual Wingbeat|p1a: Toxapex
|-activate|p1a: Toxapex|move: Protect
|
|-heal|p1a: Toxapex|84/100|[from] item: Leftovers
|-damage|p2b: Blaziken|52/100 tox|[from] psn
|-damage|p2a: Aerodactyl|0 fnt|[from] psn
|faint|p2a: Aerodactyl
|-damage|p2b: Blaziken|40/100 tox|[from] move: Infestation|[partiallytrapped]
|-ability|p2b: Blaziken|Speed Boost|boost
|-boost|p2b: Blaziken|spe|1
|upkeep
|turn|10
|
|t:|1785110761
|move|p2b: Blaziken|Close Combat|p1a: Toxapex
|-resisted|p1a: Toxapex|1
|-damage|p1a: Toxapex|71/100
|-unboost|p2b: Blaziken|def|1
|-unboost|p2b: Blaziken|spd|1
|move|p1a: Toxapex|Infestation|p2b: Blaziken
|-resisted|p2b: Blaziken|2
|-damage|p2b: Blaziken|38/100 tox
|
|-heal|p1a: Toxapex|77/100|[from] item: Leftovers
|-damage|p2b: Blaziken|15/100 tox|[from] psn
|-damage|p2b: Blaziken|3/100 tox|[from] move: Infestation|[partiallytrapped]
|-ability|p2b: Blaziken|Speed Boost|boost
|-boost|p2b: Blaziken|spe|1
|upkeep
|turn|11
|c|☆kingjdjdjd|gg wp
|
|t:|1785110769
|move|p1a: Toxapex|Baneful Bunker|p1a: Toxapex
|-singleturn|p1a: Toxapex|move: Protect
|move|p2b: Blaziken|Close Combat|p1a: Toxapex
|-activate|p1a: Toxapex|move: Protect
|
|-heal|p1a: Toxapex|82/100|[from] item: Leftovers
|-damage|p2b: Blaziken|0 fnt|[from] psn
|faint|p2b: Blaziken
|
|win|kingjdjdjd
|raw|kingjdjdjd's rating: 1136 → 1163(+27 for winning)
|raw|3-4 worlds's rating: 1163 → 1136(-27 for losing)
|l|☆3-4 worlds
|player|p2|
