|j|☆Perdi o bolao
|j|☆ben's last ride
|html|Perdi o bolaoben's last ride    
|uhtml|bestof|Game 1 of a best-of-3
|t:|1785467143
|gametype|doubles
|player|p1|Perdi o bolao|265|1160
|player|p2|ben's last ride|1|1079
|gen|9
|tier|[Gen 9 Champions] VGC 2026 Reg M-B (Bo3)
|rated|
|rule|Species Clause: Limit one of each Pokémon
|rule|Item Clause: Limit 1 of each item
|clearpoke
|poke|p1|Gardevoir, L50, F|
|poke|p1|Basculegion, L50, M|
|poke|p1|Talonflame, L50, F|
|poke|p1|Maushold, L50|
|poke|p1|Kingambit, L50, F|
|poke|p1|Kommo-o, L50, M|
|poke|p2|Garchomp, L50, F, shiny|
|poke|p2|Incineroar, L50, F|
|poke|p2|Floette-Eternal, L50, F|
|poke|p2|Sinistcha, L50|
|poke|p2|Sneasler, L50, M|
|poke|p2|Kingambit, L50, F|
|teampreview|4
|showteam|p1|Gardevoir||Gardevoirite|Trace|HyperVoice,Psychic,Thunderbolt,Protect|Modest||F|||50|]Basculegion||ChoiceScarf|Adaptability|WaveCrash,LastRespects,FlipTurn,AquaJet|Jolly||M|||50|]Talonflame||SharpBeak|GaleWings|DualWingbeat,FlareBlitz,Tailwind,Protect|Jolly||F|||50|]Maushold||FocusSash|FriendGuard|SuperFang,Feint,FollowMe,Protect|Jolly|||||50|]Kingambit||ExpertBelt|Defiant|KowtowCleave,SuckerPunch,IronHead,LowKick|Jolly||F|||50|]Kommo-o||LifeOrb|Soundproof|ClangingScales,DracoMeteor,AuraSphere,Protect|Timid||M|||50|
|showteam|p2|Garchomp||Garchompite|SandVeil|Earthquake,StompingTantrum,RockSlide,Protect|Adamant||F|||50|]Incineroar||Leftovers|Intimidate|FlareBlitz,HelpingHand,PartingShot,FakeOut|Sassy||F|||50|]Floette-Eternal||Floettite|FlowerVeil|DazzlingGleam,DrainingKiss,CalmMind,Protect|Timid||F|||50|]Sinistcha||SitrusBerry|Hospitality|MatchaGotcha,RagePowder,TrickRoom,Protect|Bold|||||50|]Sneasler||FocusSash|PoisonTouch|CloseCombat,DireClaw,FakeOut,Coaching|Naive||M|||50|]Kingambit||ChopleBerry|Defiant|KowtowCleave,SuckerPunch,IronHead,Protect|Adamant||F|||50|
|inactive|Battle timer is ON: inactive players will automatically lose when time's up. (requested by Perdi o bolao)
|
|t:|1785467218
|teamsize|p1|4
|teamsize|p2|4
|start
|switch|p1a: Maushold|Maushold, L50|100/100
|switch|p1b: Gardevoir|Gardevoir, L50, F|100/100
|switch|p2a: Incineroar|Incineroar, L50, F|100/100
|switch|p2b: Sinistcha|Sinistcha, L50|100/100
|-ability|p1b: Gardevoir|Hospitality|Trace|[from] ability: Trace|[of] p2b: Sinistcha
|-ability|p2a: Incineroar|Intimidate|boost
|-unboost|p1a: Maushold|atk|1
|-unboost|p1b: Gardevoir|atk|1
|turn|1
|
|t:|1785467239
|detailschange|p1b: Gardevoir|Gardevoir-Mega, L50, F
|-mega|p1b: Gardevoir|Gardevoir|Gardevoirite
|move|p1a: Maushold|Protect|p1a: Maushold
|-singleturn|p1a: Maushold|Protect
|move|p2a: Incineroar|Fake Out|p1b: Gardevoir
|-damage|p1b: Gardevoir|87/100
|cant|p1b: Gardevoir|flinch
|move|p2b: Sinistcha|Trick Room|p2b: Sinistcha
|-fieldstart|move: Trick Room|[of] p2b: Sinistcha
|
|upkeep
|turn|2
|
|t:|1785467256
|move|p2a: Incineroar|Flare Blitz|p1b: Gardevoir
|-damage|p1b: Gardevoir|29/100
|-damage|p2a: Incineroar|85/100|[from] Recoil
|move|p2b: Sinistcha|Matcha Gotcha|p1a: Maushold|[spread] p1b
|-miss|p2b: Sinistcha|p1a: Maushold
|-damage|p1b: Gardevoir|12/100
|move|p1b: Gardevoir|Hyper Voice|p2b: Sinistcha|[spread] p2a,p2b
|-damage|p2a: Incineroar|48/100
|-damage|p2b: Sinistcha|50/100g
|move|p1a: Maushold|Super Fang|p2a: Incineroar
|-damage|p2a: Incineroar|24/100
|
|-heal|p2a: Incineroar|30/100|[from] item: Leftovers
|upkeep
|turn|3
|
|t:|1785467280
|move|p1b: Gardevoir|Protect|p1b: Gardevoir
|-singleturn|p1b: Gardevoir|Protect
|move|p1a: Maushold|Protect|p1a: Maushold
|-singleturn|p1a: Maushold|Protect
|move|p2a: Incineroar|Parting Shot|p1a: Maushold
|-activate|p1a: Maushold|move: Protect
|move|p2b: Sinistcha|Matcha Gotcha|p1a: Maushold|[spread] 
|-activate|p1a: Maushold|move: Protect
|-activate|p1b: Gardevoir|move: Protect
|
|-heal|p2a: Incineroar|36/100|[from] item: Leftovers
|upkeep
|turn|4
|
|t:|1785467294
|switch|p1b: Kingambit|Kingambit, L50, F|100/100
|move|p1a: Maushold|Follow Me|p1a: Maushold
|-singleturn|p1a: Maushold|move: Follow Me
|move|p2a: Incineroar|Flare Blitz|p1a: Maushold
|-damage|p1a: Maushold|38/100
|-damage|p2a: Incineroar|17/100|[from] Recoil
|move|p2b: Sinistcha|Matcha Gotcha|p1a: Maushold|[spread] p1b
|-miss|p2b: Sinistcha|p1a: Maushold
|-resisted|p1b: Kingambit|1
|-damage|p1b: Kingambit|89/100
|-heal|p2b: Sinistcha|56/100|[from] drain|[of] p1b: Kingambit
|
|-heal|p2a: Incineroar|23/100|[from] item: Leftovers
|upkeep
|turn|5
|inactive|Perdi o bolao has 30 seconds left.
|
|t:|1785467322
|move|p2b: Sinistcha|Protect|p2b: Sinistcha
|-singleturn|p2b: Sinistcha|Protect
|move|p1a: Maushold|Follow Me|p1a: Maushold
|-singleturn|p1a: Maushold|move: Follow Me
|move|p2a: Incineroar|Flare Blitz|p1a: Maushold
|-damage|p1a: Maushold|0 fnt
|faint|p1a: Maushold
|-damage|p2a: Incineroar|12/100|[from] Recoil
|move|p1b: Kingambit|Kowtow Cleave|p2b: Sinistcha
|-activate|p2b: Sinistcha|move: Protect
|
|-heal|p2a: Incineroar|18/100|[from] item: Leftovers
|-fieldend|move: Trick Room
|upkeep
|
|t:|1785467336
|switch|p1a: Gardevoir|Gardevoir-Mega, L50, F|12/100
|turn|6
|
|t:|1785467350
|move|p2b: Sinistcha|Protect||[still]
|-fail|p2b: Sinistcha
|move|p1a: Gardevoir|Hyper Voice|p2a: Incineroar|[spread] p2a,p2b
|-damage|p2a: Incineroar|0 fnt
|-damage|p2b: Sinistcha|7/100
|-enditem|p2b: Sinistcha|Sitrus Berry|[eat]
|-heal|p2b: Sinistcha|32/100|[from] item: Sitrus Berry
|faint|p2a: Incineroar
|move|p1b: Kingambit|Kowtow Cleave|p2b: Sinistcha
|-supereffective|p2b: Sinistcha|1
|-damage|p2b: Sinistcha|0 fnt
|faint|p2b: Sinistcha
|
|upkeep
|
|t:|1785467351
|switch|p2b: Floette|Floette-Eternal, L50, F|100/100
|switch|p2a: Garchomp|Garchomp, L50, F, shiny|100/100
|turn|7
|inactive|Perdi o bolao has 30 seconds left.
|
|t:|1785467377
|detailschange|p2b: Floette|Floette-Mega, L50, F
|-mega|p2b: Floette|Floette|Floettite
|-ability|p2b: Floette|Fairy Aura
|move|p2b: Floette|Dazzling Gleam|p1b: Kingambit|[spread] p1a,p1b
|-damage|p1a: Gardevoir|0 fnt
|-damage|p1b: Kingambit|41/100
|faint|p1a: Gardevoir
|move|p2a: Garchomp|Stomping Tantrum|p1b: Kingambit
|-supereffective|p1b: Kingambit|1
|-damage|p1b: Kingambit|0 fnt
|faint|p1b: Kingambit
|
|upkeep
|-message|Perdi o bolao forfeited.
|
|win|ben's last ride
