|j|☆DibraldinhoVGC
|j|☆sttuarrt
|html|DibraldinhoVGCsttuarrt    
|uhtml|bestof|Game 1 of a best-of-3
|t:|1782507791
|gametype|doubles
|player|p1|DibraldinhoVGC|265|
|player|p2|sttuarrt|skier|
|gen|9
|tier|[Gen 9 Champions] VGC 2026 Reg M-B (Bo3)
|rule|Species Clause: Limit one of each Pokémon
|rule|Item Clause: Limit 1 of each item
|clearpoke
|poke|p1|Staraptor, L50, F|
|poke|p1|Typhlosion-Hisui, L50, F|
|poke|p1|Gholdengo, L50|
|poke|p1|Whimsicott, L50, M|
|poke|p1|Garchomp, L50, F|
|poke|p1|Farigiraf, L50, M|
|poke|p2|Sneasler, L50, M, shiny|
|poke|p2|Blastoise, L50, M|
|poke|p2|Vivillon-Monsoon, L50, F, shiny|
|poke|p2|Farigiraf, L50, M|
|poke|p2|Skarmory, L50, F, shiny|
|poke|p2|Pelipper, L50, M|
|teampreview|4
|showteam|p1|Staraptor||Staraptite|Intimidate|BraveBird,CloseCombat,Roost,Protect|Jolly||F|||50|]Typhlosion-Hisui||ChoiceScarf|Frisk|Eruption,ShadowBall,BurnUp,HeatWave|Modest||F|||50|]Gholdengo||ExpertBelt|GoodasGold|MakeItRain,ShadowBall,PowerGem,Protect|Timid|||||50|]Whimsicott||FocusSash|Prankster|Moonblast,Tailwind,Tickle,FakeTears|Timid||M|||50|]Garchomp||LifeOrb|RoughSkin|DragonClaw,Earthquake,RockSlide,Protect|Jolly||F|||50|]Farigiraf||ColburBerry|ArmorTail|Psychic,HelpingHand,TrickRoom,Protect|Bold||M|||50|
|showteam|p2|Sneasler||WhiteHerb|Unburden|FakeOut,DireClaw,CloseCombat,Feint|Jolly||M|||50|]Blastoise||Blastoisinite|Torrent|WaterSpout,DarkPulse,ShellSmash,FakeOut|Modest||M|||50|]Vivillon-Monsoon||ChoiceScarf|CompoundEyes|SleepPowder,Hurricane,RainDance,RagePowder|Timid||F|||50|]Farigiraf||LifeOrb|ArmorTail|TrickRoom,Psychic,HyperVoice,Protect|Modest||M|||50|]Skarmory||Skarmorite|Sturdy|BraveBird,IronHead,RockTomb,Tailwind|Jolly||F|||50|]Pelipper||FocusSash|Drizzle|Tailwind,Hurricane,WeatherBall,Protect|Modest||M|||50|
|inactive|Battle timer is ON: inactive players will automatically lose when time's up. (requested by DibraldinhoVGC)
|inactive|DibraldinhoVGC has 60 seconds left.
|
|t:|1782507848
|teamsize|p1|4
|teamsize|p2|4
|start
|switch|p1a: Gholdengo|Gholdengo, L50|100/100
|switch|p1b: Staraptor|Staraptor, L50, F|100/100
|switch|p2a: Blastoise|Blastoise, L50, M|100/100
|switch|p2b: Vivillon|Vivillon-Monsoon, L50, F, shiny|100/100
|-ability|p1b: Staraptor|Intimidate|boost
|-unboost|p2a: Blastoise|atk|1
|-unboost|p2b: Vivillon|atk|1
|turn|1
|inactive|sttuarrt has 30 seconds left.
|inactive|sttuarrt has 20 seconds left.
|inactive|sttuarrt has 15 seconds left.
|
|t:|1782507889
|switch|p1b: Whimsicott|Whimsicott, L50, M|100/100
|detailschange|p2a: Blastoise|Blastoise-Mega, L50, M
|-mega|p2a: Blastoise|Blastoise|Blastoisinite
|move|p2b: Vivillon|Sleep Powder|p1b: Whimsicott
|-immune|p1b: Whimsicott
|move|p1a: Gholdengo|Power Gem|p2b: Vivillon
|-supereffective|p2b: Vivillon|2
|-damage|p2b: Vivillon|0 fnt
|faint|p2b: Vivillon
|move|p2a: Blastoise|Shell Smash|p2a: Blastoise
|-unboost|p2a: Blastoise|def|1
|-unboost|p2a: Blastoise|spd|1
|-boost|p2a: Blastoise|atk|2
|-boost|p2a: Blastoise|spa|2
|-boost|p2a: Blastoise|spe|2
|
|upkeep
|
|t:|1782507892
|switch|p2b: Pelipper|Pelipper, L50, M|100/100
|-weather|RainDance|[from] ability: Drizzle|[of] p2b: Pelipper
|turn|2
|inactive|DibraldinhoVGC has 30 seconds left.
|inactive|sttuarrt has 30 seconds left.
|
|t:|1782507925
|move|p1b: Whimsicott|Tailwind|p1b: Whimsicott
|-sidestart|p1: DibraldinhoVGC|move: Tailwind
|move|p1a: Gholdengo|Shadow Ball|p2a: Blastoise
|-damage|p2a: Blastoise|32/100
|-unboost|p2a: Blastoise|spd|1
|move|p2a: Blastoise|Water Spout|p1b: Whimsicott|[spread] p1a,p1b
|-resisted|p1b: Whimsicott|1
|-damage|p1a: Gholdengo|18/100
|-damage|p1b: Whimsicott|45/100
|move|p2b: Pelipper|Tailwind|p2b: Pelipper
|-sidestart|p2: sttuarrt|move: Tailwind
|
|-weather|RainDance|[upkeep]
|upkeep
|turn|3
|inactive|DibraldinhoVGC has 30 seconds left.
|inactive|DibraldinhoVGC has 20 seconds left.
|inactive|DibraldinhoVGC has 15 seconds left.
|inactive|DibraldinhoVGC has 10 seconds left.
|
|t:|1782507971
|switch|p1b: Garchomp|Garchomp, L50, F|100/100
|move|p1a: Gholdengo|Protect|p1a: Gholdengo
|-singleturn|p1a: Gholdengo|Protect
|move|p2a: Blastoise|Water Spout|p1a: Gholdengo|[spread] p1b
|-activate|p1a: Gholdengo|move: Protect
|-damage|p1b: Garchomp|31/100
|move|p2b: Pelipper|Weather Ball|p1b: Garchomp
|-damage|p1b: Garchomp|0 fnt
|faint|p1b: Garchomp
|
|-weather|RainDance|[upkeep]
|upkeep
|
|t:|1782507988
|switch|p1b: Staraptor|Staraptor, L50, F|100/100
|-ability|p1b: Staraptor|Intimidate|boost
|-unboost|p2a: Blastoise|atk|1
|-unboost|p2b: Pelipper|atk|1
|turn|4
|
|t:|1782508010
|move|p1b: Staraptor|Protect|p1b: Staraptor
|-singleturn|p1b: Staraptor|Protect
|move|p2a: Blastoise|Water Spout|p1a: Gholdengo|[spread] p1a
|-activate|p1b: Staraptor|move: Protect
|-damage|p1a: Gholdengo|0 fnt
|faint|p1a: Gholdengo
|move|p2b: Pelipper|Weather Ball|p1b: Staraptor
|-activate|p1b: Staraptor|move: Protect
|
|-weather|RainDance|[upkeep]
|upkeep
|
|t:|1782508020
|switch|p1a: Whimsicott|Whimsicott, L50, M|45/100
|turn|5
|
|t:|1782508033
|detailschange|p1b: Staraptor|Staraptor-Mega, L50, F
|-mega|p1b: Staraptor|Staraptor|Staraptite
|move|p1a: Whimsicott|Fake Tears|p1b: Staraptor
|-boost|p1b: Staraptor|spd|2
|move|p2a: Blastoise|Dark Pulse|p1b: Staraptor
|-resisted|p1b: Staraptor|1
|-damage|p1b: Staraptor|69/100
|move|p1b: Staraptor|Close Combat|p2a: Blastoise
|-damage|p2a: Blastoise|0 fnt
|-boost|p1b: Staraptor|def|1
|-boost|p1b: Staraptor|spd|1
|faint|p2a: Blastoise
|move|p2b: Pelipper|Weather Ball|p1b: Staraptor
|-damage|p1b: Staraptor|32/100
|
|-weather|RainDance|[upkeep]
|-sideend|p2: sttuarrt|move: Tailwind
|-sideend|p1: DibraldinhoVGC|move: Tailwind
|upkeep
|
|t:|1782508046
|switch|p2a: Sneasler|Sneasler, L50, M, shiny|100/100
|turn|6
|inactive|DibraldinhoVGC has 30 seconds left.
|inactive|DibraldinhoVGC has 20 seconds left.
|inactive|sttuarrt has 30 seconds left.
|
|t:|1782508083
|move|p1b: Staraptor|Protect|p1b: Staraptor
|-singleturn|p1b: Staraptor|Protect
|move|p2a: Sneasler|Feint|p1b: Staraptor
|-activate|p1b: Staraptor|move: Feint
|-damage|p1b: Staraptor|25/100
|move|p1a: Whimsicott|Moonblast|p2b: Pelipper
|-damage|p2b: Pelipper|35/100
|move|p2b: Pelipper|Weather Ball|p1b: Staraptor
|-damage|p1b: Staraptor|0 fnt
|faint|p1b: Staraptor
|
|-weather|none
|upkeep
|turn|7
|
|t:|1782508099
|move|p2a: Sneasler|Dire Claw|p1a: Whimsicott
|-supereffective|p1a: Whimsicott|2
|-damage|p1a: Whimsicott|0 fnt
|faint|p1a: Whimsicott
|
|win|sttuarrt
||DibraldinhoVGC is ready for game 2.
||sttuarrt is ready for game 2.
|uhtml|next|Next: Game 2 of 3
|l|☆DibraldinhoVGC
|player|p1|
