|j|☆pakaan64
|j|☆geardox
|html|pakaan64geardox    
|uhtml|bestof|Game 2 of a best-of-3
|t:|1756568733
|gametype|doubles
|player|p1|pakaan64|101|1121
|player|p2|geardox|cyclist|1098
|gen|9
|tier|[Gen 9] VGC 2025 Reg H (Bo3)
|rated|
|rule|Species Clause: Limit one of each Pokémon
|rule|Item Clause: Limit 1 of each item
|clearpoke
|poke|p1|Metagross, L50|
|poke|p1|Ninetales-Alola, L50, F|
|poke|p1|Flygon, L50, F|
|poke|p1|Ursaluna, L50, F|
|poke|p1|Incineroar, L50, M|
|poke|p1|Electabuzz, L50, M|
|poke|p2|Sneasler, L50, M|
|poke|p2|Garchomp, L50, M|
|poke|p2|Corviknight, L50, F|
|poke|p2|Archaludon, L50, M|
|poke|p2|Amoonguss, L50, F|
|poke|p2|Incineroar, L50, F|
|teampreview|4
|showteam|p1|Metagross||Leftovers|ClearBody|HeavySlam,PsychicFangs,Protect,BulletPunch||||||50|,,,,,Water]Ninetales-Alola||LightClay|SnowWarning|AuroraVeil,Blizzard,Protect,Moonblast|||F|||50|,,,,,Ice]Flygon||CovertCloak|Levitate|Tailwind,DragonDance,Protect,Outrage|||F|||50|,,,,,Dragon]Ursaluna||FlameOrb|Guts|Earthquake,Protect,Facade,HeadlongRush|||F|||50|,,,,,Ground]Incineroar||AssaultVest|Intimidate|KnockOff,FakeOut,FlareBlitz,Uturn|||M|||50|,,,,,Bug]Electabuzz||Eviolite|VitalSpirit|Electroweb,FollowMe,Protect,HelpingHand|||M|||50|,,,,,Fairy
|showteam|p2|Sneasler||FocusSash|Unburden|DireClaw,CloseCombat,ThroatChop,Coaching|||M|||50|,,,,,Ghost]Garchomp||LifeOrb|RoughSkin|Protect,Earthquake,DragonClaw,StompingTantrum|||M|||50|,,,,,Ground]Corviknight||SitrusBerry|MirrorArmor|BraveBird,Tailwind,Roost,Taunt|||F|||50|,,,,,Fire]Archaludon||PowerHerb|Stamina|Protect,DracoMeteor,FlashCannon,ElectroShot|||M|||50|,,,,,Dragon]Amoonguss||RockyHelmet|Regenerator|ClearSmog,RagePowder,Spore,PollenPuff|||F|||50|,,,,,Water]Incineroar||AssaultVest|Intimidate|KnockOff,FlareBlitz,FakeOut,Uturn|||F|||50|,,,,,Ghost
|inactive|Battle timer is ON: inactive players will automatically lose when time's up. (requested by geardox)
|
|t:|1756568780
|teamsize|p1|4
|teamsize|p2|4
|start
|switch|p1a: Ninetales|Ninetales-Alola, L50, F|100/100
|switch|p1b: Flygon|Flygon, L50, F|100/100
|switch|p2a: Incineroar|Incineroar, L50, F|100/100
|switch|p2b: Riku|Sneasler, L50, M|100/100
|-weather|Snowscape|[from] ability: Snow Warning|[of] p1a: Ninetales
|-ability|p2a: Incineroar|Intimidate|boost
|-unboost|p1a: Ninetales|atk|1
|-unboost|p1b: Flygon|atk|1
|turn|1
|
|t:|1756568803
|move|p1a: Ninetales|Protect|p1a: Ninetales
|-singleturn|p1a: Ninetales|Protect
|move|p2b: Riku|Coaching|p2a: Incineroar
|-boost|p2a: Incineroar|atk|1
|-boost|p2a: Incineroar|def|1
|move|p1b: Flygon|Tailwind|p1b: Flygon
|-sidestart|p1: pakaan64|move: Tailwind
|move|p2a: Incineroar|Flare Blitz|p1a: Ninetales
|-activate|p1a: Ninetales|move: Protect
|
|-weather|Snowscape|[upkeep]
|upkeep
|turn|2
|
|t:|1756568825
|move|p1a: Ninetales|Aurora Veil|p1a: Ninetales
|-sidestart|p1: pakaan64|move: Aurora Veil
|move|p1b: Flygon|Dragon Dance|p1b: Flygon
|-boost|p1b: Flygon|atk|1
|-boost|p1b: Flygon|spe|1
|move|p2b: Riku|Dire Claw|p1a: Ninetales
|-supereffective|p1a: Ninetales
|-damage|p1a: Ninetales|56/100
|move|p2a: Incineroar|Knock Off|p1b: Flygon
|-crit|p1b: Flygon
|-damage|p1b: Flygon|0 fnt
|-enditem|p1b: Flygon|Covert Cloak|[from] move: Knock Off|[of] p2a: Incineroar
|faint|p1b: Flygon
|
|-weather|Snowscape|[upkeep]
|upkeep
|
|t:|1756568842
|switch|p1b: Ursaluna|Ursaluna, L50, F|100/100
|turn|3
|inactive|geardox has 30 seconds left.
|
|t:|1756568872
|-terastallize|p1b: Ursaluna|Ground
|-terastallize|p2a: Incineroar|Ghost
|move|p1a: Ninetales|Blizzard|p2b: Riku|[spread] p2a,p2b
|-damage|p2a: Incineroar|87/100
|-damage|p2b: Riku|67/100
|move|p2b: Riku|Dire Claw|p1a: Ninetales
|-supereffective|p1a: Ninetales
|-damage|p1a: Ninetales|11/100
|move|p1b: Ursaluna|Earthquake|p2b: Riku|[spread] p1a,p2a,p2b
|-supereffective|p2b: Riku
|-damage|p1a: Ninetales|0 fnt
|-damage|p2a: Incineroar|54/100
|-damage|p2b: Riku|0 fnt
|faint|p1a: Ninetales
|faint|p2b: Riku
|move|p2a: Incineroar|Knock Off|p1b: Ursaluna
|-damage|p1b: Ursaluna|66/100
|-enditem|p1b: Ursaluna|Flame Orb|[from] move: Knock Off|[of] p2a: Incineroar
|
|-weather|Snowscape|[upkeep]
|upkeep
|
|t:|1756568895
|switch|p2b: Stinky Pete|Garchomp, L50, M|100/100
|switch|p1a: Metagross|Metagross, L50|100/100
|turn|4
|
|t:|1756568910
|move|p2b: Stinky Pete|Protect|p2b: Stinky Pete
|-singleturn|p2b: Stinky Pete|Protect
|move|p1a: Metagross|Heavy Slam|p2a: Incineroar
|-damage|p2a: Incineroar|10/100
|move|p1b: Ursaluna|Headlong Rush|p2a: Incineroar
|-damage|p2a: Incineroar|0 fnt
|-unboost|p1b: Ursaluna|def|1
|-unboost|p1b: Ursaluna|spd|1
|faint|p2a: Incineroar
|
|-weather|Snowscape|[upkeep]
|-sideend|p1: pakaan64|move: Tailwind
|upkeep
|
|t:|1756568921
|switch|p2a: Amoonguss|Amoonguss, L50, F, shiny|100/100
|turn|5
|
|t:|1756568938
|move|p2a: Amoonguss|Rage Powder|p2a: Amoonguss
|-singleturn|p2a: Amoonguss|move: Rage Powder
|move|p2b: Stinky Pete|Stomping Tantrum|p1a: Metagross
|-supereffective|p1a: Metagross
|-damage|p1a: Metagross|48/100
|-damage|p2b: Stinky Pete|91/100|[from] item: Life Orb
|move|p1a: Metagross|Psychic Fangs|p2a: Amoonguss
|-supereffective|p2a: Amoonguss
|-damage|p2a: Amoonguss|18/100
|-damage|p1a: Metagross|31/100|[from] item: Rocky Helmet|[of] p2a: Amoonguss
|move|p1b: Ursaluna|Facade|p2a: Amoonguss
|-damage|p2a: Amoonguss|0 fnt
|-damage|p1b: Ursaluna|50/100|[from] item: Rocky Helmet|[of] p2a: Amoonguss
|faint|p2a: Amoonguss
|
|-weather|none
|-heal|p1a: Metagross|37/100|[from] item: Leftovers
|upkeep
|turn|6
|
|t:|1756568960
|move|p2b: Stinky Pete|Earthquake|p1a: Metagross|[spread] p1a,p1b
|-supereffective|p1a: Metagross
|-damage|p1a: Metagross|0 fnt
|-damage|p1b: Ursaluna|9/100
|faint|p1a: Metagross
|-damage|p2b: Stinky Pete|81/100|[from] item: Life Orb
|move|p1b: Ursaluna|Facade|p2b: Stinky Pete
|-damage|p2b: Stinky Pete|43/100
|-damage|p1b: Ursaluna|0 fnt|[from] ability: Rough Skin|[of] p2b: Stinky Pete
|faint|p1b: Ursaluna
|
|win|geardox
|inactive|pakaan64 has 30 seconds to confirm battle start!
|inactive|geardox has 30 seconds to confirm battle start!
