|j|☆Mountainman46
|j|☆risotto_venere
|html|Mountainman46risotto_venere    
|uhtml|bestof|Game 1 of a best-of-3
|t:|1757856637
|gametype|doubles
|player|p1|Mountainman46|102|1177
|player|p2|risotto_venere|n|1197
|gen|9
|tier|[Gen 9] VGC 2025 Reg H (Bo3)
|rated|
|rule|Species Clause: Limit one of each Pokémon
|rule|Item Clause: Limit 1 of each item
|clearpoke
|poke|p1|Pelipper, L50, F|
|poke|p1|Basculegion, L50, M|
|poke|p1|Incineroar, L50, F|
|poke|p1|Archaludon, L50, M|
|poke|p1|Sinistcha, L50|
|poke|p1|Ursaluna, L50, M|
|poke|p2|Sneasler, L50, F|
|poke|p2|Dragapult, L50, M|
|poke|p2|Dondozo, L50, F|
|poke|p2|Rillaboom, L50, M|
|poke|p2|Volcarona, L50, M|
|poke|p2|Electabuzz, L50, F|
|teampreview|4
|showteam|p1|Pelipper||FocusSash|Drizzle|Hurricane,WeatherBall,Tailwind,Protect|||F|||50|,,,,,Stellar]Basculegion||ChoiceBand|SwiftSwim|WaveCrash,LastRespects,AquaJet,FlipTurn|||M|||50|,,,,,Water]Incineroar||SafetyGoggles|Intimidate|KnockOff,FakeOut,Taunt,PartingShot|||F|||50|,,,,,Flying]Archaludon||AssaultVest|Stamina|ElectroShot,DragonPulse,FlashCannon,BodyPress|||M|||50|,,,,,Grass]Sinistcha||SitrusBerry|Hospitality|MatchaGotcha,RagePowder,LifeDew,TrickRoom||||||50|,,,,,Water]Ursaluna||FlameOrb|Guts|HeadlongRush,Facade,Earthquake,Protect|||M|||50|,,,,,Ghost
|showteam|p2|Sneasler||FocusSash|PoisonTouch|FakeOut,DireClaw,CloseCombat,Protect|||F|||50|,,,,,Ghost]Dragapult||ChoiceBand|ClearBody|DragonDarts,PhantomForce,Uturn,Outrage|||M|||50|,,,,,Dragon]Dondozo||Leftovers|Unaware|WaveCrash,Yawn,Fissure,Protect|||F|||50|,,,,,Poison]Rillaboom||AssaultVest|GrassySurge|FakeOut,WoodHammer,GrassyGlide,HighHorsepower|||M|||50|,,,,,Fire]Volcarona||CovertCloak|FlameBody|HeatWave,QuiverDance,TeraBlast,Protect|||M|||50|,,,,,Fairy]Electabuzz||Eviolite|VitalSpirit|Electroweb,FollowMe,Taunt,Protect|||F|||50|,,,,,Ghost
|inactive|Battle timer is ON: inactive players will automatically lose when time's up. (requested by Mountainman46)
|inactive|Mountainman46 has 60 seconds left.
|inactive|risotto_venere has 60 seconds left.
|inactive|Mountainman46 has 30 seconds left.
|inactive|Mountainman46 has 20 seconds left.
|inactive|Mountainman46 has 15 seconds left.
|inactive|Mountainman46 has 10 seconds left.
|
|t:|1757856722
|teamsize|p1|4
|teamsize|p2|4
|start
|switch|p1a: Incineroar|Incineroar, L50, F, shiny|100/100
|switch|p1b: Archaludon|Archaludon, L50, M|100/100
|switch|p2a: Dondozo|Dondozo, L50, F|100/100
|switch|p2b: Electabuzz|Electabuzz, L50, F|100/100
|-ability|p1a: Incineroar|Intimidate|boost
|-unboost|p2a: Dondozo|atk|1
|-unboost|p2b: Electabuzz|atk|1
|turn|1
|inactive|Mountainman46 has 30 seconds left.
|inactive|Mountainman46 has 20 seconds left.
|
|t:|1757856757
|move|p2b: Electabuzz|Electroweb|p1a: Incineroar|[spread] p1a,p1b
|-resisted|p1b: Archaludon
|-damage|p1a: Incineroar|87/100
|-damage|p1b: Archaludon|94/100
|-unboost|p1a: Incineroar|spe|1
|-unboost|p1b: Archaludon|spe|1
|-ability|p1b: Archaludon|Stamina|boost
|-boost|p1b: Archaludon|def|1
|move|p1a: Incineroar|Knock Off|p2b: Electabuzz
|-damage|p2b: Electabuzz|72/100
|-enditem|p2b: Electabuzz|Eviolite|[from] move: Knock Off|[of] p1a: Incineroar
|move|p1b: Archaludon|Dragon Pulse|p2b: Electabuzz
|-damage|p2b: Electabuzz|21/100
|move|p2a: Dondozo|Yawn|p1b: Archaludon
|-start|p1b: Archaludon|move: Yawn|[of] p2a: Dondozo
|
|upkeep
|turn|2
|inactive|Mountainman46 has 30 seconds left.
|inactive|Mountainman46 has 20 seconds left.
|inactive|Mountainman46 has 15 seconds left.
|inactive|Mountainman46 has 10 seconds left.
|
|t:|1757856803
|switch|p1b: Pelipper|Pelipper, L50, F|100/100
|-weather|RainDance|[from] ability: Drizzle|[of] p1b: Pelipper
|move|p2b: Electabuzz|Protect|p2b: Electabuzz
|-singleturn|p2b: Electabuzz|Protect
|move|p1a: Incineroar|Parting Shot|p2b: Electabuzz
|-activate|p2b: Electabuzz|move: Protect
|move|p2a: Dondozo|Yawn|p1b: Pelipper
|-start|p1b: Pelipper|move: Yawn|[of] p2a: Dondozo
|
|-weather|RainDance|[upkeep]
|upkeep
|turn|3
|inactive|Mountainman46 has 30 seconds left.
|
|t:|1757856829
|switch|p1b: Archaludon|Archaludon, L50, M|94/100
|move|p2b: Electabuzz|Electroweb|p1a: Incineroar|[spread] p1a,p1b
|-resisted|p1b: Archaludon
|-damage|p1a: Incineroar|73/100
|-damage|p1b: Archaludon|89/100
|-unboost|p1a: Incineroar|spe|1
|-unboost|p1b: Archaludon|spe|1
|-ability|p1b: Archaludon|Stamina|boost
|-boost|p1b: Archaludon|def|1
|move|p1a: Incineroar|Taunt|p2a: Dondozo
|-start|p2a: Dondozo|move: Taunt
|move|p2a: Dondozo|Wave Crash|p1a: Incineroar
|-supereffective|p1a: Incineroar
|-damage|p1a: Incineroar|0 fnt
|faint|p1a: Incineroar
|-damage|p2a: Dondozo|81/100|[from] Recoil
|
|-weather|RainDance|[upkeep]
|-heal|p2a: Dondozo|87/100|[from] item: Leftovers
|upkeep
|
|t:|1757856849
|switch|p1a: Pelipper|Pelipper, L50, F|100/100
|turn|4
|
|t:|1757856863
|-terastallize|p2a: Dondozo|Poison
|move|p1a: Pelipper|Protect|p1a: Pelipper
|-singleturn|p1a: Pelipper|Protect
|move|p2b: Electabuzz|Electroweb|p1a: Pelipper|[spread] p1b
|-activate|p1a: Pelipper|move: Protect
|-resisted|p1b: Archaludon
|-damage|p1b: Archaludon|83/100
|-unboost|p1b: Archaludon|spe|1
|-ability|p1b: Archaludon|Stamina|boost
|-boost|p1b: Archaludon|def|1
|move|p1b: Archaludon|Dragon Pulse|p2b: Electabuzz
|-damage|p2b: Electabuzz|0 fnt
|faint|p2b: Electabuzz
|move|p2a: Dondozo|Fissure|p1b: Archaludon|[miss]
|-miss|p2a: Dondozo|p1b: Archaludon
|
|-weather|RainDance|[upkeep]
|-heal|p2a: Dondozo|93/100|[from] item: Leftovers
|upkeep
|
|t:|1757856879
|switch|p2b: Dragapult|Dragapult, L50, M|100/100
|turn|5
|
|t:|1757856895
|move|p2b: Dragapult|U-turn|p1a: Pelipper
|-resisted|p1a: Pelipper
|-damage|p1a: Pelipper|77/100
|
|t:|1757856898
|switch|p2b: Rillaboom|Rillaboom, L50, M|100/100|[from] U-turn
|-fieldstart|move: Grassy Terrain|[from] ability: Grassy Surge|[of] p2b: Rillaboom
|move|p1a: Pelipper|Hurricane|p2b: Rillaboom
|-supereffective|p2b: Rillaboom
|-damage|p2b: Rillaboom|15/100
|move|p1b: Archaludon|Dragon Pulse|p2b: Rillaboom
|-damage|p2b: Rillaboom|0 fnt
|faint|p2b: Rillaboom
|move|p2a: Dondozo|Fissure|p1b: Archaludon|[miss]
|-miss|p2a: Dondozo|p1b: Archaludon
|
|-weather|RainDance|[upkeep]
|-heal|p1b: Archaludon|89/100|[from] Grassy Terrain
|-heal|p2a: Dondozo|99/100|[from] Grassy Terrain
|-heal|p2a: Dondozo|100/100|[from] item: Leftovers
|-end|p2a: Dondozo|move: Taunt
|upkeep
|
|t:|1757856908
|switch|p2b: Dragapult|Dragapult, L50, M|100/100
|turn|6
|
|t:|1757856930
|move|p2b: Dragapult|Phantom Force||[still]
|-prepare|p2b: Dragapult|Phantom Force
|move|p1a: Pelipper|Tailwind|p1a: Pelipper
|-sidestart|p1: Mountainman46|move: Tailwind
|move|p1b: Archaludon|Dragon Pulse|p2b: Dragapult|[miss]
|-miss|p1b: Archaludon|p2b: Dragapult
|move|p2a: Dondozo|Fissure|p1b: Archaludon|[miss]
|-miss|p2a: Dondozo|p1b: Archaludon
|
|-weather|none
|-heal|p1b: Archaludon|95/100|[from] Grassy Terrain
|upkeep
|turn|7
|
|t:|1757856950
|switch|p1a: Ursaluna|Ursaluna, L50, M, shiny|100/100
|move|p2b: Dragapult|Phantom Force|p1b: Archaludon|[from] lockedmove
|-damage|p1b: Archaludon|66/100
|-ability|p1b: Archaludon|Stamina|boost
|-boost|p1b: Archaludon|def|1
|move|p1b: Archaludon|Dragon Pulse|p2b: Dragapult
|-supereffective|p2b: Dragapult
|-crit|p2b: Dragapult
|-damage|p2b: Dragapult|0 fnt
|faint|p2b: Dragapult
|move|p2a: Dondozo|Yawn|p1a: Ursaluna
|-start|p1a: Ursaluna|move: Yawn|[of] p2a: Dondozo
|
|-heal|p1b: Archaludon|73/100|[from] Grassy Terrain
|-status|p1a: Ursaluna|brn|[from] item: Flame Orb
|upkeep
|turn|8
|-message|risotto_venere forfeited.
|
|win|Mountainman46
|l|☆risotto_venere
|player|p2|
||risotto_venere is ready for game 2.
||Mountainman46 is ready for game 2.
|uhtml|next|Next: Game 2 of 3
