|j|☆FlypFlupppp
|j|☆Mashuno
|html|FlypFluppppMashuno    
|uhtml|bestof|Game 1 of a best-of-3
|t:|1784035489
|gametype|doubles
|player|p1|FlypFlupppp|lance|1107
|player|p2|Mashuno|harlequin|1148
|gen|9
|tier|[Gen 9 Champions] VGC 2026 Reg M-B (Bo3)
|rated|
|rule|Species Clause: Limit one of each Pokémon
|rule|Item Clause: Limit 1 of each item
|clearpoke
|poke|p1|Swampert, L50, F, shiny|
|poke|p1|Pelipper, L50, M|
|poke|p1|Dragalge, L50, M|
|poke|p1|Archaludon, L50, M|
|poke|p1|Heliolisk, L50, F|
|poke|p1|Garchomp, L50, M|
|poke|p2|Pelipper, L50, M|
|poke|p2|Archaludon, L50, F|
|poke|p2|Blastoise, L50, M|
|poke|p2|Sinistcha, L50|
|poke|p2|Sableye, L50, M|
|poke|p2|Sneasler, L50, M|
|teampreview|4
|showteam|p1|Swampert||Swampertite|Damp|Earthquake,Protect,IcePunch,WaveCrash|Adamant||F|||50|]Pelipper||LifeOrb|Drizzle|WeatherBall,Hurricane,Protect,Tailwind|Bold||M|||50|]Dragalge||Dragalgite|Adaptability|DracoMeteor,Scald,SludgeWave,Protect|Bold||M|||50|]Archaludon||ChopleBerry|Stamina|DracoMeteor,ElectroShot,FlashCannon,Protect|Timid||M|||50|]Heliolisk||FocusSash|DrySkin|VoltSwitch,HyperVoice,Protect,Thunder|Timid||F|||50|]Garchomp||ChoiceScarf|RoughSkin|DragonClaw,Earthquake,RockSlide,Crunch|Jolly||M|||50|
|showteam|p2|Pelipper||FocusSash|Drizzle|WeatherBall,Hurricane,Tailwind,RainDance|Calm||M|||50|]Archaludon||Magnet|Stamina|Protect,DracoMeteor,FlashCannon,ElectroShot|Modest||F|||50|]Blastoise||Blastoisinite|RainDish|Protect,FakeOut,WaterSpout,DarkPulse|Modest||M|||50|]Sinistcha||SitrusBerry|Hospitality|MatchaGotcha,RagePowder,LifeDew,TrickRoom|Bold|||||50|]Sableye||Leftovers|Prankster|FoulPlay,LightScreen,Reflect,RainDance|Impish||M|||50|]Sneasler||WhiteHerb|Unburden|FakeOut,DireClaw,CloseCombat,RockSlide|Jolly||M|||50|
|c|☆Mashuno|gl hf <3
|
|t:|1784035529
|teamsize|p1|4
|teamsize|p2|4
|start
|switch|p1a: Archaludon|Archaludon, L50, M|100/100
|switch|p1b: Pelipper|Pelipper, L50, M|100/100
|switch|p2a: Blastoise|Blastoise, L50, M|100/100
|switch|p2b: Iroh|Sinistcha, L50|100/100
|-weather|RainDance|[from] ability: Drizzle|[of] p1b: Pelipper
|turn|1
|
|t:|1784035609
|detailschange|p2a: Blastoise|Blastoise-Mega, L50, M
|-mega|p2a: Blastoise|Blastoise|Blastoisinite
|move|p2b: Iroh|Rage Powder|p2b: Iroh
|-singleturn|p2b: Iroh|move: Rage Powder
|move|p1a: Archaludon|Flash Cannon|p2b: Iroh
|-damage|p2b: Iroh|61/100
|move|p2a: Blastoise|Water Spout|p1a: Archaludon|[spread] p1a,p1b
|-resisted|p1a: Archaludon|1
|-resisted|p1b: Pelipper|1
|-damage|p1a: Archaludon|20/100y
|-damage|p1b: Pelipper|31/100
|-ability|p1a: Archaludon|Stamina|boost
|-boost|p1a: Archaludon|def|1
|move|p1b: Pelipper|Tailwind|p1b: Pelipper
|-sidestart|p1: FlypFlupppp|move: Tailwind
|
|-weather|RainDance|[upkeep]
|upkeep
|turn|2
|
|t:|1784035681
|switch|p2b: Archaludon|Archaludon, L50, F|100/100
|move|p1a: Archaludon|Protect|p1a: Archaludon
|-singleturn|p1a: Archaludon|Protect
|move|p2a: Blastoise|Protect|p2a: Blastoise
|-singleturn|p2a: Blastoise|Protect
|move|p1b: Pelipper|Hurricane|p2b: Archaludon
|-resisted|p2b: Archaludon|1
|-damage|p2b: Archaludon|68/100
|-ability|p2b: Archaludon|Stamina|boost
|-boost|p2b: Archaludon|def|1
|-damage|p1b: Pelipper|22/100|[from] item: Life Orb
|
|-weather|RainDance|[upkeep]
|upkeep
|turn|3
|
|t:|1784035732
|switch|p2a: Iroh|Sinistcha, L50|61/100
|-heal|p2b: Archaludon|93/100|[from] ability: Hospitality|[of] p2a: Iroh
|move|p1a: Archaludon|Electro Shot||[still]
|-prepare|p1a: Archaludon|Electro Shot
|-boost|p1a: Archaludon|spa|1
|-anim|p1a: Archaludon|Electro Shot|p2a: Iroh
|-resisted|p2a: Iroh|1
|-damage|p2a: Iroh|27/100
|-enditem|p2a: Iroh|Sitrus Berry|[eat]
|-heal|p2a: Iroh|52/100|[from] item: Sitrus Berry
|move|p1b: Pelipper|Weather Ball|p2b: Archaludon
|-resisted|p2b: Archaludon|1
|-damage|p2b: Archaludon|50/100g
|-ability|p2b: Archaludon|Stamina|boost
|-boost|p2b: Archaludon|def|1
|-damage|p1b: Pelipper|12/100|[from] item: Life Orb
|move|p2b: Archaludon|Flash Cannon|p1b: Pelipper
|-resisted|p1b: Pelipper|1
|-damage|p1b: Pelipper|0 fnt
|faint|p1b: Pelipper
|
|-weather|RainDance|[upkeep]
|upkeep
|
|t:|1784035752
|switch|p1b: Heliolisk|Heliolisk, L50, F|100/100
|turn|4
|
|t:|1784035771
|switch|p2a: Sableye|Sableye, L50, M|100/100
|move|p1a: Archaludon|Protect|p1a: Archaludon
|-singleturn|p1a: Archaludon|Protect
|move|p2b: Archaludon|Protect|p2b: Archaludon
|-singleturn|p2b: Archaludon|Protect
|move|p1b: Heliolisk|Volt Switch|p2b: Archaludon
|-activate|p2b: Archaludon|move: Protect
|
|-weather|RainDance|[upkeep]
|-sideend|p1: FlypFlupppp|move: Tailwind
|upkeep
|turn|5
|
|t:|1784035786
|move|p2a: Sableye|Light Screen|p2a: Sableye
|-sidestart|p2: Mashuno|move: Light Screen
|move|p1b: Heliolisk|Thunder|p2a: Sableye
|-damage|p2a: Sableye|61/100
|-status|p2a: Sableye|par
|move|p1a: Archaludon|Draco Meteor|p2b: Archaludon
|-damage|p2b: Archaludon|0 fnt
|-unboost|p1a: Archaludon|spa|2
|faint|p2b: Archaludon
|
|-weather|none
|-heal|p2a: Sableye|67/100 par|[from] item: Leftovers
|upkeep
|
|t:|1784035808
|switch|p2b: Blastoise|Blastoise-Mega, L50, M|100/100
|turn|6
|
|t:|1784035815
|switch|p2a: Iroh|Sinistcha, L50|52/100
|move|p2b: Blastoise|Protect|p2b: Blastoise
|-singleturn|p2b: Blastoise|Protect
|move|p1b: Heliolisk|Volt Switch|p2a: Iroh
|-resisted|p2a: Iroh|1
|-damage|p2a: Iroh|41/100
|
|t:|1784035823
|switch|p1b: Dragalge|Dragalge, L50, M|100/100|[from] Volt Switch
|move|p1a: Archaludon|Draco Meteor|p2b: Blastoise
|-activate|p2b: Blastoise|move: Protect
|
|upkeep
|turn|7
|
|t:|1784035855
|detailschange|p1b: Dragalge|Dragalge-Mega, L50, M
|-mega|p1b: Dragalge|Dragalge|Dragalgite
|move|p1a: Archaludon|Draco Meteor|p2a: Iroh|[miss]
|-miss|p1a: Archaludon|p2a: Iroh
|move|p2b: Blastoise|Dark Pulse|p1a: Archaludon
|-damage|p1a: Archaludon|0 fnt
|faint|p1a: Archaludon
|move|p1b: Dragalge|Sludge Wave|p2b: Blastoise|[spread] p2a,p2b
|-crit|p2b: Blastoise
|-damage|p2a: Iroh|21/100
|-damage|p2b: Blastoise|58/100
|move|p2a: Iroh|Trick Room|p2a: Iroh
|-fieldstart|move: Trick Room|[of] p2a: Iroh
|
|upkeep
|
|t:|1784035865
|switch|p1a: Heliolisk|Heliolisk, L50, F|100/100
|turn|8
|
|t:|1784035892
|move|p1a: Heliolisk|Protect|p1a: Heliolisk
|-singleturn|p1a: Heliolisk|Protect
|move|p1b: Dragalge|Sludge Wave|p2b: Blastoise|[spread] p2a,p2b
|-activate|p1a: Heliolisk|move: Protect
|-damage|p2a: Iroh|0 fnt
|-damage|p2b: Blastoise|39/100
|faint|p2a: Iroh
|move|p2b: Blastoise|Dark Pulse|p1a: Heliolisk
|-activate|p1a: Heliolisk|move: Protect
|
|upkeep
|
|t:|1784035902
|switch|p2a: Sableye|Sableye, L50, M|67/100 par
|turn|9
|
|t:|1784035913
|move|p2a: Sableye|Foul Play|p1a: Heliolisk
|-damage|p1a: Heliolisk|58/100
|move|p1b: Dragalge|Sludge Wave|p2a: Sableye|[spread] p1a,p2a,p2b
|-resisted|p2a: Sableye|1
|-damage|p1a: Heliolisk|15/100
|-damage|p2a: Sableye|55/100 par
|-damage|p2b: Blastoise|19/100
|move|p2b: Blastoise|Dark Pulse|p1a: Heliolisk
|-damage|p1a: Heliolisk|0 fnt
|faint|p1a: Heliolisk
|
|-heal|p2a: Sableye|61/100 par|[from] item: Leftovers
|-sideend|p2: Mashuno|move: Light Screen
|upkeep
|turn|10
|
|t:|1784035931
|move|p2b: Blastoise|Protect|p2b: Blastoise
|-singleturn|p2b: Blastoise|Protect
|move|p2a: Sableye|Light Screen|p2a: Sableye
|-sidestart|p2: Mashuno|move: Light Screen
|move|p1b: Dragalge|Sludge Wave|p2a: Sableye|[spread] p2a
|-activate|p2b: Blastoise|move: Protect
|-resisted|p2a: Sableye|1
|-damage|p2a: Sableye|49/100 par
|
|-heal|p2a: Sableye|54/100 par|[from] item: Leftovers
|upkeep
|turn|11
|
|t:|1784035945
|move|p2a: Sableye|Foul Play|p1b: Dragalge
|-damage|p1b: Dragalge|80/100
|move|p1b: Dragalge|Sludge Wave|p2a: Sableye|[spread] p2a,p2b
|-resisted|p2a: Sableye|1
|-damage|p2a: Sableye|42/100 par
|-damage|p2b: Blastoise|0 fnt
|faint|p2b: Blastoise
|
|-heal|p2a: Sableye|47/100 par|[from] item: Leftovers
|-fieldend|move: Trick Room
|upkeep
|turn|12
|c|☆Mashuno|ggs
|-message|Mashuno forfeited.
|
|win|FlypFlupppp
||Mashuno is ready for game 2.
||FlypFlupppp is ready for game 2.
|uhtml|next|Next: Game 2 of 3
|l|☆FlypFlupppp
|player|p1|
