|j|â˜†Omaruco
|j|â˜†NotAfrogGaming
|html|OmarucoNotAfrogGaming    
|uhtml|bestof|Game 2 of a best-of-3
|t:|1785965132
|gametype|doubles
|player|p1|Omaruco|arven-s|1218
|player|p2|NotAfrogGaming|boarder|1222
|gen|9
|tier|[Gen 9 Champions] VGC 2026 Reg M-B (Bo3)
|rated|
|rule|Species Clause: Limit one of each PokÃ©mon
|rule|Item Clause: Limit 1 of each item
|clearpoke
|poke|p1|Charizard, L50, F|
|poke|p1|Garchomp, L50, M|
|poke|p1|Incineroar, L50, M|
|poke|p1|Venusaur, L50, F|
|poke|p1|Raichu, L50, M|
|poke|p1|Sylveon, L50, M|
|poke|p2|Gengar, L50, F|
|poke|p2|Whimsicott, L50, M, shiny|
|poke|p2|Mamoswine, L50, M|
|poke|p2|Raichu, L50, F|
|poke|p2|Incineroar, L50, M|
|poke|p2|Decidueye-Hisui, L50, F|
|teampreview|4
|showteam|p1|Charizard||CharizarditeY|Blaze|WeatherBall,HeatWave,HelpingHand,Protect|Modest||F|||50|]Garchomp||ChoiceScarf|RoughSkin|RockSlide,DragonClaw,Earthquake,StompingTantrum|Adamant||M|||50|]Incineroar||SitrusBerry|Intimidate|FlareBlitz,FakeOut,DarkestLariat,PartingShot|Impish||M|||50|]Venusaur||LifeOrb|Chlorophyll|SludgeBomb,LeafStorm,EarthPower,Protect|Modest||F|||50|]Raichu||RaichuniteY|LightningRod|Protect,ZapCannon,FakeOut,FocusBlast|Timid||M|||50|]Sylveon||FairyFeather|Pixilate|HyperVoice,QuickAttack,HyperBeam,Detect|Modest||M|||50|
|showteam|p2|Gengar||Gengarite|CursedBody|ShadowBall,SludgeBomb,Disable,Protect|Timid||F|||50|]Whimsicott||FocusSash|Prankster|Moonblast,Tailwind,Encore,TrickRoom|Timid||M|||50|]Mamoswine||LifeOrb|Oblivious|IcicleCrash,HighHorsepower,IceShard,Protect|Jolly||M|||50|]Raichu||RaichuniteY|LightningRod|ZapCannon,FocusBlast,FakeOut,Protect|Timid||F|||50|]Incineroar||SitrusBerry|Intimidate|FlareBlitz,DarkestLariat,PartingShot,FakeOut|Careful||M|||50|]Decidueye-Hisui||ScopeLens|Scrappy|TripleArrows,LeafBlade,KnockOff,Protect|Adamant||F|||50|
|inactive|Battle timer is ON: inactive players will automatically lose when time's up. (requested by Omaruco)
|inactive|Omaruco has 60 seconds left.
|inactive|NotAfrogGaming has 60 seconds left.
|
|t:|1785965182
|teamsize|p1|4
|teamsize|p2|4
|start
|switch|p1a: Garchomp|Garchomp, L50, M|100/100
|switch|p1b: Charizard|Charizard, L50, F|100/100
|switch|p2a: Lil Guy|Whimsicott, L50, M, shiny|100/100
|switch|p2b: Zappy|Raichu, L50, F|100/100
|turn|1
|inactive|NotAfrogGaming has 30 seconds left.
|
|t:|1785965210
|move|p2b: Zappy|Fake Out|p1a: Garchomp
|-damage|p1a: Garchomp|91/100
|-damage|p2b: Zappy|87/100|[from] ability: Rough Skin|[of] p1a: Garchomp
|move|p2a: Lil Guy|Tailwind|p2a: Lil Guy
|-sidestart|p2: NotAfrogGaming|move: Tailwind
|cant|p1a: Garchomp|flinch
|move|p1b: Charizard|Heat Wave|p2b: Zappy|[spread] p2b
|-miss|p1b: Charizard|p2a: Lil Guy
|-damage|p2b: Zappy|42/100
|
|upkeep
|turn|2
|inactive|NotAfrogGaming has 30 seconds left.
|inactive|NotAfrogGaming has 20 seconds left.
|
|t:|1785965248
|switch|p2b: Incineroar|Incineroar, L50, M|100/100
|-ability|p2b: Incineroar|Intimidate|boost
|-unboost|p1a: Garchomp|atk|1
|-unboost|p1b: Charizard|atk|1
|switch|p1b: Venusaur|Venusaur, L50, F|100/100
|move|p2a: Lil Guy|Moonblast|p1a: Garchomp
|-supereffective|p1a: Garchomp|1
|-damage|p1a: Garchomp|8/100
|move|p1a: Garchomp|Stomping Tantrum|p2b: Incineroar
|-supereffective|p2b: Incineroar|1
|-damage|p2b: Incineroar|10/100
|-enditem|p2b: Incineroar|Sitrus Berry|[eat]
|-heal|p2b: Incineroar|35/100|[from] item: Sitrus Berry
|
|upkeep
|turn|3
|inactive|NotAfrogGaming has 30 seconds left.
|inactive|NotAfrogGaming has 20 seconds left.
|
|t:|1785965286
|switch|p1a: Charizard|Charizard, L50, F|100/100
|switch|p1b: Sylveon|Sylveon, L50, M|100/100
|move|p2b: Incineroar|Fake Out|p1b: Sylveon
|-damage|p1b: Sylveon|88/100
|move|p2a: Lil Guy|Moonblast|p1a: Charizard
|-resisted|p1a: Charizard|1
|-damage|p1a: Charizard|80/100
|
|upkeep
|turn|4
|
|t:|1785965306
|move|p2a: Lil Guy|Moonblast|p1b: Sylveon
|-damage|p1b: Sylveon|61/100
|move|p2b: Incineroar|Flare Blitz|p1b: Sylveon
|-damage|p1b: Sylveon|13/100
|-damage|p2b: Incineroar|20/100y|[from] Recoil
|move|p1a: Charizard|Heat Wave|p2b: Incineroar|[spread] p2a,p2b
|-supereffective|p2a: Lil Guy|1
|-resisted|p2b: Incineroar|1
|-enditem|p2a: Lil Guy|Focus Sash
|-damage|p2a: Lil Guy|1/100
|-damage|p2b: Incineroar|8/100
|move|p1b: Sylveon|Hyper Voice|p2a: Lil Guy|[spread] p2a,p2b
|-damage|p2a: Lil Guy|0 fnt
|-damage|p2b: Incineroar|0 fnt
|faint|p2a: Lil Guy
|faint|p2b: Incineroar
|
|-sideend|p2: NotAfrogGaming|move: Tailwind
|upkeep
|c|â˜†NotAfrogGaming|why aren't you mega... ?
|inactive|NotAfrogGaming has 30 seconds left.
|c|â˜†Omaruco|flare kills sylveon
|
|t:|1785965332
|switch|p2a: Manny|Mamoswine, L50, M|100/100
|switch|p2b: Zappy|Raichu, L50, F|42/100
|turn|5
|c|â˜†Omaruco|with sun
|c|â˜†NotAfrogGaming|ooooh clever
|inactive|NotAfrogGaming has 30 seconds left.
|
|t:|1785965364
|move|p1a: Charizard|Protect|p1a: Charizard
|-singleturn|p1a: Charizard|Protect
|move|p2b: Zappy|Fake Out|p1a: Charizard
|-activate|p1a: Charizard|move: Protect
|move|p2a: Manny|Ice Shard|p1b: Sylveon
|-damage|p1b: Sylveon|0 fnt
|faint|p1b: Sylveon
|-damage|p2a: Manny|90/100|[from] item: Life Orb
|
|upkeep
|
|t:|1785965376
|switch|p1b: Venusaur|Venusaur, L50, F|100/100
|turn|6
|inactive|NotAfrogGaming has 30 seconds left.
|
|t:|1785965401
|detailschange|p2b: Zappy|Raichu-Mega-Y, L50, F
|-mega|p2b: Zappy|Raichu|Raichunite Y
|detailschange|p1a: Charizard|Charizard-Mega-Y, L50, F
|-mega|p1a: Charizard|Charizard|Charizardite Y
|-weather|SunnyDay|[from] ability: Drought|[of] p1a: Charizard
|move|p2a: Manny|Ice Shard|p1b: Venusaur
|-supereffective|p1b: Venusaur|1
|-damage|p1b: Venusaur|30/100
|-damage|p2a: Manny|80/100|[from] item: Life Orb
|move|p1b: Venusaur|Earth Power|p2b: Zappy
|-supereffective|p2b: Zappy|1
|-damage|p2b: Zappy|0 fnt
|faint|p2b: Zappy
|-damage|p1b: Venusaur|21/100|[from] item: Life Orb
|move|p1a: Charizard|Weather Ball|p2a: Manny
|-supereffective|p2a: Manny|1
|-damage|p2a: Manny|0 fnt
|faint|p2a: Manny
|
|win|Omaruco
