|j|☆fumomarlboro
|j|☆The median voter
|html|fumomarlboroThe median voter    
|uhtml|bestof|Game 1 of a best-of-3
|t:|1756522188
|gametype|doubles
|player|p1|fumomarlboro|169|1263
|player|p2|The median voter|scientist-gen4dp|1188
|gen|9
|tier|[Gen 9] VGC 2025 Reg H (Bo3)
|rated|
|rule|Species Clause: Limit one of each Pokémon
|rule|Item Clause: Limit 1 of each item
|clearpoke
|poke|p1|Archaludon, L50, F|
|poke|p1|Dragonite, L50, M|
|poke|p1|Pelipper, L50, F|
|poke|p1|Ursaluna, L50, F|
|poke|p1|Sinistcha, L50|
|poke|p1|Gholdengo, L50|
|poke|p2|Sneasler, L50, F|
|poke|p2|Indeedee, L50, M|
|poke|p2|Volcarona, L50, M|
|poke|p2|Annihilape, L50, M|
|poke|p2|Tyranitar, L50, M|
|poke|p2|Excadrill, L50, F|
|teampreview|4
|showteam|p1|Archaludon||AssaultVest|Stamina|FlashCannon,BodyPress,ElectroShot,Snarl|||F|||50|,,,,,Fighting]Dragonite||LoadedDice|Multiscale|ScaleShot,Tailwind,Haze,Protect|||M|||50|,,,,,Fairy]Pelipper||FocusSash|Drizzle|MuddyWater,Hurricane,Tailwind,Protect|||F|||50|,,,,,Ghost]Ursaluna||FlameOrb|Guts|Facade,HeadlongRush,Earthquake,Protect|||F|||50|,,,,,Ghost]Sinistcha||SitrusBerry|Hospitality|MatchaGotcha,LifeDew,RagePowder,TrickRoom||||||50|,,,,,Dark]Gholdengo||ChoiceScarf|GoodasGold|MakeItRain,ShadowBall,Trick,Protect||||||50|,,,,,Flying
|showteam|p2|Sneasler||PsychicSeed|Unburden|CloseCombat,DireClaw,ThroatChop,Protect|||F|||50|,,,,,Dark]Indeedee||ChoiceScarf|PsychicSurge|ExpandingForce,TeraBlast,Trick,SkillSwap|||M|||50|,,,,,Psychic]Volcarona||SitrusBerry|FlameBody|Overheat,StruggleBug,RagePowder,Tailwind|||M|||50|,,,,,Grass]Annihilape||SafetyGoggles|Defiant|CloseCombat,RageFist,Taunt,FinalGambit|||M|||50|,,,,,Fire]Tyranitar||AssaultVest|SandStream|RockSlide,KnockOff,TeraBlast,LowKick|||M|||50|,,,,,Flying]Excadrill||FocusSash|SandRush|IronHead,Protect,Earthquake,HighHorsepower|||F|||50|,,,,,Ground
|inactive|Battle timer is ON: inactive players will automatically lose when time's up. (requested by fumomarlboro)
|
|t:|1756522230
|teamsize|p1|4
|teamsize|p2|4
|start
|switch|p1a: Dragonite|Dragonite, L50, M|100/100
|switch|p1b: Gholdengo|Gholdengo, L50|100/100
|switch|p2a: Sneasler|Sneasler, L50, F|100/100
|switch|p2b: Indeedee|Indeedee, L50, M|100/100
|-fieldstart|move: Psychic Terrain|[from] ability: Psychic Surge|[of] p2b: Indeedee
|-enditem|p2a: Sneasler|Psychic Seed
|-boost|p2a: Sneasler|spd|1|[from] item: Psychic Seed
|turn|1
|
|t:|1756522251
|-terastallize|p2a: Sneasler|Dark
|move|p1b: Gholdengo|Protect|p1b: Gholdengo
|-singleturn|p1b: Gholdengo|Protect
|move|p2a: Sneasler|Throat Chop|p1b: Gholdengo
|-activate|p1b: Gholdengo|move: Protect
|move|p2b: Indeedee|Expanding Force|p1a: Dragonite|[spread] p1a
|-activate|p1b: Gholdengo|move: Protect
|-damage|p1a: Dragonite|70/100
|move|p1a: Dragonite|Scale Shot|p2b: Indeedee|[miss]
|-miss|p1a: Dragonite|p2b: Indeedee
|
|upkeep
|turn|2
|inactive|fumomarlboro has 30 seconds left.
|
|t:|1756522278
|switch|p1b: Ursaluna|Ursaluna, L50, F|100/100
|move|p2a: Sneasler|Throat Chop|p1b: Ursaluna
|-damage|p1b: Ursaluna|60/100
|-start|p1b: Ursaluna|Throat Chop|[silent]
|move|p2b: Indeedee|Expanding Force|p1a: Dragonite|[spread] p1a,p1b
|-damage|p1a: Dragonite|12/100
|-damage|p1b: Ursaluna|0 fnt
|faint|p1b: Ursaluna
|move|p1a: Dragonite|Scale Shot|p2b: Indeedee
|-damage|p2b: Indeedee|67/100
|-damage|p2b: Indeedee|35/100
|-damage|p2b: Indeedee|6/100
|-damage|p2b: Indeedee|0 fnt
|faint|p2b: Indeedee
|-hitcount|p2: Indeedee|4
|-unboost|p1a: Dragonite|def|1
|-boost|p1a: Dragonite|spe|1
|
|upkeep
|
|t:|1756522293
|switch|p2b: Annihilape|Annihilape, L50, M|100/100
|switch|p1b: Gholdengo|Gholdengo, L50|100/100
|turn|3
|
|t:|1756522312
|move|p2a: Sneasler|Throat Chop|p1a: Dragonite
|-crit|p1a: Dragonite
|-damage|p1a: Dragonite|0 fnt
|faint|p1a: Dragonite
|move|p1b: Gholdengo|Shadow Ball|p2b: Annihilape
|-supereffective|p2b: Annihilape
|-damage|p2b: Annihilape|17/100
|move|p2b: Annihilape|Rage Fist|p1b: Gholdengo
|-supereffective|p1b: Gholdengo
|-damage|p1b: Gholdengo|1/100
|
|upkeep
|
|t:|1756522318
|switch|p1a: Pelipper|Pelipper, L50, F|100/100
|-weather|RainDance|[from] ability: Drizzle|[of] p1a: Pelipper
|turn|4
|inactive|fumomarlboro has 30 seconds left.
|
|t:|1756522348
|move|p2a: Sneasler|Throat Chop|p1b: Gholdengo
|-supereffective|p1b: Gholdengo
|-crit|p1b: Gholdengo
|-damage|p1b: Gholdengo|0 fnt
|faint|p1b: Gholdengo
|move|p2b: Annihilape|Rage Fist|p1a: Pelipper
|-damage|p1a: Pelipper|45/100
|move|p1a: Pelipper|Muddy Water|p2b: Annihilape|[spread] p2a,p2b
|-damage|p2a: Sneasler|59/100
|-damage|p2b: Annihilape|0 fnt
|-unboost|p2a: Sneasler|accuracy|1
|faint|p2b: Annihilape
|
|-weather|RainDance|[upkeep]
|upkeep
|
|t:|1756522366
|switch|p2b: Tyranitar|Tyranitar, L50, M|100/100
|-weather|Sandstorm|[from] ability: Sand Stream|[of] p2b: Tyranitar
|turn|5
|
|t:|1756522375
|-terastallize|p1a: Pelipper|Ghost
|move|p2a: Sneasler|Dire Claw|p1a: Pelipper
|-resisted|p1a: Pelipper
|-damage|p1a: Pelipper|15/100
|-status|p1a: Pelipper|par
|move|p2b: Tyranitar|Knock Off|p1a: Pelipper
|-supereffective|p1a: Pelipper
|-damage|p1a: Pelipper|0 fnt
|-enditem|p1a: Pelipper|Focus Sash|[from] move: Knock Off|[of] p2b: Tyranitar
|faint|p1a: Pelipper
|
|win|The median voter
||fumomarlboro is ready for game 2.
|inactive|The median voter has 30 seconds to confirm battle start!
||The median voter is ready for game 2.
|uhtml|next|Next: Game 2 of 3
