|j|☆zutohitori
|j|☆lavallenc
|html|zutohitorilavallenc    
|uhtml|bestof|Game 3 of a best-of-3
|t:|1757027202
|gametype|doubles
|player|p1|zutohitori|2|1000
|player|p2|lavallenc|steven|1000
|gen|9
|tier|[Gen 9] VGC 2025 Reg H (Bo3)
|rated|
|rule|Species Clause: Limit one of each Pokémon
|rule|Item Clause: Limit 1 of each item
|clearpoke
|poke|p1|Dragonite, L50, M|
|poke|p1|Volcarona, L50, F|
|poke|p1|Sneasler, L50, M|
|poke|p1|Rillaboom, L50, M|
|poke|p1|Electabuzz, L50, M|
|poke|p1|Kingambit, L50, M|
|poke|p2|Ursaluna, L50, M|
|poke|p2|Incineroar, L50, M|
|poke|p2|Porygon2, L50|
|poke|p2|Amoonguss, L50, M|
|poke|p2|Dragonite, L50, F|
|poke|p2|Gholdengo, L50|
|teampreview|4
|showteam|p1|Dragonite||LoadedDice|Multiscale|ScaleShot,ExtremeSpeed,Haze,Protect|||M|||50|,,,,,Fairy]Volcarona||CovertCloak|FlameBody|HeatWave,TeraBlast,QuiverDance,Protect|||F|||50|,,,,,Fairy]Sneasler||FocusSash|Unburden|CloseCombat,DireClaw,Coaching,Protect|||M|||50|,,,,,Stellar]Rillaboom||AssaultVest|GrassySurge|WoodHammer,GrassyGlide,HighHorsepower,FakeOut|||M|||50|,,,,,Water]Electabuzz||Eviolite|VitalSpirit|Thunderbolt,FollowMe,Taunt,Protect|||M|||50|,,,,,Ghost]Kingambit||BlackGlasses|Defiant|KowtowCleave,SuckerPunch,SwordsDance,Protect|||M|||50|,,,,,Dark
|showteam|p2|Ursaluna||FlameOrb|Guts|Facade,Protect,HeadlongRush,Earthquake|||M|||50|,,,,,Ghost]Incineroar||SafetyGoggles|Intimidate|FakeOut,PartingShot,KnockOff,FlareBlitz|||M|||50|,,,,,Ghost]Porygon2||Eviolite|Download|TrickRoom,Protect,IceBeam,TeraBlast||||||50|,,,,,Fighting]Amoonguss||SitrusBerry|Regenerator|RagePowder,Protect,PollenPuff,Spore|||M|||50|,,,,,Water]Dragonite||LoadedDice|Multiscale|ScaleShot,Haze,Tailwind,Protect|||F|||50|,,,,,Fairy]Gholdengo||LifeOrb|GoodasGold|NastyPlot,MakeItRain,ShadowBall,Protect||||||50|,,,,,Water
|inactive|Battle timer is ON: inactive players will automatically lose when time's up. (requested by zutohitori)
|
|t:|1757027247
|teamsize|p1|4
|teamsize|p2|4
|start
|switch|p1a: Dragonite|Dragonite, L50, M|100/100
|switch|p1b: Sneasler|Sneasler, L50, M|100/100
|switch|p2a: Incineroar|Incineroar, L50, M, shiny|100/100
|switch|p2b: Dragonite|Dragonite, L50, F|100/100
|-ability|p2a: Incineroar|Intimidate|boost
|-unboost|p1a: Dragonite|atk|1
|-unboost|p1b: Sneasler|atk|1
|turn|1
|
|t:|1757027266
|move|p2a: Incineroar|Fake Out|p1a: Dragonite
|-damage|p1a: Dragonite|95/100
|move|p1b: Sneasler|Dire Claw|p2b: Dragonite
|-damage|p2b: Dragonite|87/100
|-status|p2b: Dragonite|par
|cant|p1a: Dragonite|flinch
|move|p2b: Dragonite|Tailwind|p2b: Dragonite
|-sidestart|p2: lavallenc|move: Tailwind
|
|upkeep
|turn|2
|inactive|zutohitori has 30 seconds left.
|inactive|lavallenc has 30 seconds left.
|
|t:|1757027295
|switch|p1b: Electabuzz|Electabuzz, L50, M|100/100
|move|p1a: Dragonite|Protect|p1a: Dragonite
|-singleturn|p1a: Dragonite|Protect
|move|p2a: Incineroar|Knock Off|p1a: Dragonite
|-activate|p1a: Dragonite|move: Protect
|move|p2b: Dragonite|Scale Shot|p1b: Electabuzz
|-damage|p1b: Electabuzz|88/100
|-damage|p1b: Electabuzz|75/100
|-damage|p1b: Electabuzz|63/100
|-damage|p1b: Electabuzz|51/100
|-damage|p1b: Electabuzz|40/100
|-hitcount|p1b: Electabuzz|5
|-unboost|p2b: Dragonite|def|1
|-boost|p2b: Dragonite|spe|1
|
|upkeep
|turn|3
|inactive|lavallenc has 30 seconds left.
|
|t:|1757027324
|switch|p1a: Sneasler|Sneasler, L50, M|100/100
|move|p1b: Electabuzz|Protect|p1b: Electabuzz
|-singleturn|p1b: Electabuzz|Protect
|move|p2a: Incineroar|Parting Shot|p1a: Sneasler
|-unboost|p1a: Sneasler|atk|1
|-unboost|p1a: Sneasler|spa|1
|
|t:|1757027334
|switch|p2a: Ursaluna|Ursaluna, L50, M, shiny|100/100|[from] Parting Shot
|move|p2b: Dragonite|Scale Shot|p1a: Sneasler
|-damage|p1a: Sneasler|75/100
|-damage|p1a: Sneasler|50/100
|-crit|p1a: Sneasler
|-damage|p1a: Sneasler|11/100
|-damage|p1a: Sneasler|0 fnt
|faint|p1a: Sneasler
|-hitcount|p1: Sneasler|4
|-unboost|p2b: Dragonite|def|1
|-boost|p2b: Dragonite|spe|1
|
|-status|p2a: Ursaluna|brn|[from] item: Flame Orb
|upkeep
|
|t:|1757027354
|switch|p1a: Dragonite|Dragonite, L50, M|95/100
|turn|4
|
|t:|1757027375
|move|p1b: Electabuzz|Follow Me|p1b: Electabuzz
|-singleturn|p1b: Electabuzz|move: Follow Me
|move|p2b: Dragonite|Scale Shot|p1b: Electabuzz
|-damage|p1b: Electabuzz|29/100
|-damage|p1b: Electabuzz|18/100
|-damage|p1b: Electabuzz|7/100
|-damage|p1b: Electabuzz|0 fnt
|faint|p1b: Electabuzz
|-hitcount|p1: Electabuzz|4
|-unboost|p2b: Dragonite|def|1
|-boost|p2b: Dragonite|spe|1
|move|p2a: Ursaluna|Earthquake|p1a: Dragonite|[spread] 
|-immune|p2b: Dragonite
|-immune|p1a: Dragonite
|move|p1a: Dragonite|Haze|p1a: Dragonite
|-clearallboost
|
|-damage|p2a: Ursaluna|95/100 brn|[from] brn
|-sideend|p2: lavallenc|move: Tailwind
|upkeep
|
|t:|1757027396
|switch|p1b: Kingambit|Kingambit, L50, M, shiny|100/100
|turn|5
|
|t:|1757027405
|-terastallize|p1b: Kingambit|Dark
|move|p1a: Dragonite|Scale Shot|p2b: Dragonite
|-supereffective|p2b: Dragonite
|-damage|p2b: Dragonite|60/100 par
|-supereffective|p2b: Dragonite
|-damage|p2b: Dragonite|32/100 par
|-supereffective|p2b: Dragonite
|-damage|p2b: Dragonite|2/100 par
|-supereffective|p2b: Dragonite
|-damage|p2b: Dragonite|0 fnt
|faint|p2b: Dragonite
|-hitcount|p2: Dragonite|4
|-unboost|p1a: Dragonite|def|1
|-boost|p1a: Dragonite|spe|1
|move|p1b: Kingambit|Swords Dance|p1b: Kingambit
|-boost|p1b: Kingambit|atk|2
|move|p2a: Ursaluna|Headlong Rush|p1b: Kingambit
|-damage|p1b: Kingambit|25/100
|-unboost|p2a: Ursaluna|def|1
|-unboost|p2a: Ursaluna|spd|1
|
|-damage|p2a: Ursaluna|89/100 brn|[from] brn
|upkeep
|
|t:|1757027427
|switch|p2b: Gholdengo|Gholdengo, L50|100/100
|turn|6
|
|t:|1757027445
|move|p1b: Kingambit|Protect|p1b: Kingambit
|-singleturn|p1b: Kingambit|Protect
|move|p1a: Dragonite|Scale Shot|p2b: Gholdengo
|-resisted|p2b: Gholdengo
|-damage|p2b: Gholdengo|93/100
|-resisted|p2b: Gholdengo
|-damage|p2b: Gholdengo|84/100
|-resisted|p2b: Gholdengo
|-crit|p2b: Gholdengo
|-damage|p2b: Gholdengo|72/100
|-resisted|p2b: Gholdengo
|-damage|p2b: Gholdengo|62/100
|-hitcount|p2b: Gholdengo|4
|-unboost|p1a: Dragonite|def|1
|-boost|p1a: Dragonite|spe|1
|move|p2b: Gholdengo|Make It Rain|p1a: Dragonite|[spread] p1a
|-activate|p1b: Kingambit|move: Protect
|-damage|p1a: Dragonite|15/100
|-unboost|p2b: Gholdengo|spa|1
|-damage|p2b: Gholdengo|53/100|[from] item: Life Orb
|move|p2a: Ursaluna|Facade|p1b: Kingambit
|-activate|p1b: Kingambit|move: Protect
|
|-damage|p2a: Ursaluna|83/100 brn|[from] brn
|upkeep
|turn|7
|inactive|zutohitori has 30 seconds left.
|inactive|zutohitori has 20 seconds left.
|inactive|zutohitori has 15 seconds left.
|
|t:|1757027486
|move|p1b: Kingambit|Sucker Punch|p2a: Ursaluna
|-damage|p2a: Ursaluna|0 fnt
|faint|p2a: Ursaluna
|move|p1a: Dragonite|Scale Shot|p2b: Gholdengo
|-resisted|p2b: Gholdengo
|-crit|p2b: Gholdengo
|-damage|p2b: Gholdengo|40/100
|-resisted|p2b: Gholdengo
|-damage|p2b: Gholdengo|32/100
|-resisted|p2b: Gholdengo
|-damage|p2b: Gholdengo|23/100
|-resisted|p2b: Gholdengo
|-damage|p2b: Gholdengo|15/100
|-hitcount|p2b: Gholdengo|4
|-unboost|p1a: Dragonite|def|1
|-boost|p1a: Dragonite|spe|1
|move|p2b: Gholdengo|Make It Rain|p1b: Kingambit|[spread] p1a,p1b
|-damage|p1a: Dragonite|0 fnt
|-damage|p1b: Kingambit|0 fnt
|-unboost|p2b: Gholdengo|spa|1
|faint|p1a: Dragonite
|faint|p1b: Kingambit
|-damage|p2b: Gholdengo|5/100|[from] item: Life Orb
|
|win|lavallenc
|raw|zutohitori's rating: 1000 → 1000(+0 for losing)
|raw|lavallenc's rating: 1000 → 1040(+40 for winning)
|c|☆lavallenc|ggs
|l|☆lavallenc
|player|p2|
