|j|☆Astonished25
|j|☆razorsharp01
|html|Astonished25razorsharp01    
|uhtml|bestof|Game 2 of a best-of-3
|t:|1757820740
|gametype|doubles
|player|p1|Astonished25|2|1189
|player|p2|razorsharp01|falkner|1141
|gen|9
|tier|[Gen 9] VGC 2025 Reg H (Bo3)
|rated|
|rule|Species Clause: Limit one of each Pokémon
|rule|Item Clause: Limit 1 of each item
|clearpoke
|poke|p1|Gholdengo, L50|
|poke|p1|Magmar, L50, M|
|poke|p1|Dragonite, L50, M|
|poke|p1|Rillaboom, L50, F|
|poke|p1|Annihilape, L50, M|
|poke|p1|Sneasler, L50, M|
|poke|p2|Torkoal, L50, M|
|poke|p2|Porygon2, L50|
|poke|p2|Incineroar, L50, F|
|poke|p2|Jumpluff, L50, M|
|poke|p2|Ursaluna, L50, F|
|poke|p2|Yanma, L50, M|
|teampreview|4
|showteam|p1|Gholdengo||LifeOrb|GoodasGold|Protect,NastyPlot,MakeItRain,ShadowBall||||||50|,,,,,Water]Magmar||Eviolite|VitalSpirit|Taunt,WillOWisp,FollowMe,BurningJealousy|||M|||50|,,,,,Ghost]Dragonite||LoadedDice|Multiscale|Protect,Haze,Tailwind,ScaleShot|||M|||50|,,,,,Fairy]Rillaboom||AssaultVest|GrassySurge|FakeOut,GrassyGlide,WoodHammer,HighHorsepower|||F|||50|,,,,,Fire]Annihilape||SafetyGoggles|Defiant|Protect,DrainPunch,RageFist,BulkUp|||M|||50|,,,,,Steel]Sneasler||GrassySeed|Unburden|CloseCombat,Coaching,DireClaw,Protect|||M|||50|,,,,,Stellar
|showteam|p2|Torkoal||ChoiceSpecs|Drought|Eruption,Overheat,HelpingHand,Protect|||M|||50|,,,,,Fire]Porygon2||Eviolite|Download|TeraBlast,IceBeam,Recover,TrickRoom||||||50|,,,,,Fighting]Incineroar||SafetyGoggles|Intimidate|FlareBlitz,KnockOff,FakeOut,PartingShot|||F|||50|,,,,,Ghost]Jumpluff||CovertCloak|Chlorophyll|SleepPowder,SunnyDay,RagePowder,Tailwind|||M|||50|,,,,,Water]Ursaluna||FlameOrb|Guts|HeadlongRush,Facade,Earthquake,Protect|||F|||50|,,,,,Ghost]Yanma||FocusSash|SpeedBoost|Hypnosis,AirSlash,Tailwind,SunnyDay|||M|||50|,,,,,Bug
|inactive|Battle timer is ON: inactive players will automatically lose when time's up. (requested by Astonished25)
|
|t:|1757820753
|teamsize|p1|4
|teamsize|p2|4
|start
|switch|p1a: Magmar|Magmar, L50, M|100/100
|switch|p1b: Annihilape|Annihilape, L50, M|100/100
|switch|p2a: Yanma|Yanma, L50, M|100/100
|switch|p2b: Ursaluna|Ursaluna, L50, F|100/100
|turn|1
|
|t:|1757820774
|move|p2b: Ursaluna|Protect|p2b: Ursaluna
|-singleturn|p2b: Ursaluna|Protect
|move|p1a: Magmar|Follow Me|p1a: Magmar
|-singleturn|p1a: Magmar|move: Follow Me
|move|p2a: Yanma|Hypnosis|p1a: Magmar|[miss]
|-miss|p2a: Yanma|p1a: Magmar
|move|p1b: Annihilape|Bulk Up|p1b: Annihilape
|-boost|p1b: Annihilape|atk|1
|-boost|p1b: Annihilape|def|1
|
|-ability|p2a: Yanma|Speed Boost|boost
|-boost|p2a: Yanma|spe|1
|-status|p2b: Ursaluna|brn|[from] item: Flame Orb
|upkeep
|turn|2
|
|t:|1757820789
|-terastallize|p2b: Ursaluna|Ghost
|move|p1a: Magmar|Follow Me|p1a: Magmar
|-singleturn|p1a: Magmar|move: Follow Me
|move|p2a: Yanma|Hypnosis|p1a: Magmar
|-immune|p1a: Magmar|[from] ability: Vital Spirit
|move|p1b: Annihilape|Drain Punch|p2b: Ursaluna
|-immune|p2b: Ursaluna
|move|p2b: Ursaluna|Earthquake|p1b: Annihilape|[spread] p1a,p1b
|-immune|p2a: Yanma
|-supereffective|p1a: Magmar
|-damage|p1a: Magmar|0 fnt
|-damage|p1b: Annihilape|57/100
|faint|p1a: Magmar
|
|-damage|p2b: Ursaluna|95/100 brn|[from] brn
|-ability|p2a: Yanma|Speed Boost|boost
|-boost|p2a: Yanma|spe|1
|upkeep
|
|t:|1757820795
|switch|p1a: Gholdengo|Gholdengo, L50|100/100
|turn|3
|
|t:|1757820805
|move|p1b: Annihilape|Protect|p1b: Annihilape
|-singleturn|p1b: Annihilape|Protect
|move|p2b: Ursaluna|Protect|p2b: Ursaluna
|-singleturn|p2b: Ursaluna|Protect
|move|p2a: Yanma|Air Slash|p1b: Annihilape
|-activate|p1b: Annihilape|move: Protect
|move|p1a: Gholdengo|Shadow Ball|p2b: Ursaluna
|-activate|p2b: Ursaluna|move: Protect
|
|-damage|p2b: Ursaluna|89/100 brn|[from] brn
|-ability|p2a: Yanma|Speed Boost|boost
|-boost|p2a: Yanma|spe|1
|upkeep
|turn|4
|
|t:|1757820812
|switch|p2b: Torkoal|Torkoal, L50, M|100/100
|-weather|SunnyDay|[from] ability: Drought|[of] p2b: Torkoal
|-terastallize|p1b: Annihilape|Steel
|move|p2a: Yanma|Air Slash|p1b: Annihilape
|-resisted|p1b: Annihilape
|-damage|p1b: Annihilape|48/100
|move|p1b: Annihilape|Rage Fist|p2b: Torkoal
|-damage|p2b: Torkoal|34/100
|move|p1a: Gholdengo|Shadow Ball|p2b: Torkoal
|-damage|p2b: Torkoal|0 fnt
|faint|p2b: Torkoal
|-damage|p1a: Gholdengo|91/100|[from] item: Life Orb
|
|-weather|SunnyDay|[upkeep]
|-ability|p2a: Yanma|Speed Boost|boost
|-boost|p2a: Yanma|spe|1
|upkeep
|
|t:|1757820828
|switch|p2b: Porygon2|Porygon2, L50|100/100
|-ability|p2b: Porygon2|Download|boost
|-boost|p2b: Porygon2|spa|1
|turn|5
|
|t:|1757820839
|move|p2a: Yanma|Hypnosis|p1b: Annihilape
|-status|p1b: Annihilape|slp|[from] move: Hypnosis
|cant|p1b: Annihilape|slp
|move|p1a: Gholdengo|Nasty Plot|p1a: Gholdengo
|-boost|p1a: Gholdengo|spa|2
|move|p2b: Porygon2|Ice Beam|p1b: Annihilape
|-resisted|p1b: Annihilape
|-damage|p1b: Annihilape|25/100 slp
|
|-weather|SunnyDay|[upkeep]
|-ability|p2a: Yanma|Speed Boost|boost
|-boost|p2a: Yanma|spe|1
|upkeep
|turn|6
|
|t:|1757820857
|move|p2a: Yanma|Air Slash|p1a: Gholdengo
|-resisted|p1a: Gholdengo
|-damage|p1a: Gholdengo|81/100
|cant|p1b: Annihilape|slp
|move|p1a: Gholdengo|Make It Rain|p2a: Yanma|[spread] p2a,p2b
|-enditem|p2a: Yanma|Focus Sash
|-damage|p2a: Yanma|1/100
|-damage|p2b: Porygon2|25/100
|-unboost|p1a: Gholdengo|spa|1
|-damage|p1a: Gholdengo|72/100|[from] item: Life Orb
|move|p2b: Porygon2|Ice Beam|p1a: Gholdengo
|-resisted|p1a: Gholdengo
|-damage|p1a: Gholdengo|47/100
|
|-weather|SunnyDay|[upkeep]
|-ability|p2a: Yanma|Speed Boost|boost
|-boost|p2a: Yanma|spe|1
|upkeep
|turn|7
|
|t:|1757820871
|move|p2a: Yanma|Air Slash|p1a: Gholdengo
|-resisted|p1a: Gholdengo
|-damage|p1a: Gholdengo|37/100
|-curestatus|p1b: Annihilape|slp|[msg]
|move|p1b: Annihilape|Drain Punch|p2b: Porygon2
|-supereffective|p2b: Porygon2
|-damage|p2b: Porygon2|0 fnt
|-heal|p1b: Annihilape|37/100|[from] drain|[of] p2b: Porygon2
|faint|p2b: Porygon2
|cant|p1a: Gholdengo|flinch
|
|-weather|SunnyDay|[upkeep]
|upkeep
|
|t:|1757820877
|switch|p2b: Ursaluna|Ursaluna, L50, F, tera:Ghost|89/100 brn
|turn|8
|
|t:|1757820890
|move|p2b: Ursaluna|Protect|p2b: Ursaluna
|-singleturn|p2b: Ursaluna|Protect
|move|p2a: Yanma|Hypnosis|p1b: Annihilape|[miss]
|-miss|p2a: Yanma|p1b: Annihilape
|move|p1b: Annihilape|Rage Fist|p2a: Yanma
|-damage|p2a: Yanma|0 fnt
|faint|p2a: Yanma
|move|p1a: Gholdengo|Shadow Ball|p2b: Ursaluna
|-activate|p2b: Ursaluna|move: Protect
|
|-weather|none
|-damage|p2b: Ursaluna|83/100 brn|[from] brn
|upkeep
|turn|9
|
|t:|1757820896
|move|p1b: Annihilape|Rage Fist|p2b: Ursaluna
|-supereffective|p2b: Ursaluna
|-damage|p2b: Ursaluna|0 fnt
|faint|p2b: Ursaluna
|
|win|Astonished25
|raw|Astonished25's rating: 1189 → 1211(+22 for winning)
|raw|razorsharp01's rating: 1141 → 1119(-22 for losing)
|l|☆razorsharp01
|player|p2|
