|j|☆pranavg_oat
|j|☆LeonardPlayz
|html|pranavg_oatLeonardPlayz    
|uhtml|bestof|Game 1 of a best-of-3
|t:|1784112704
|gametype|doubles
|player|p1|pranavg_oat|101|1118
|player|p2|LeonardPlayz|hilbert-wonderlauncher|1156
|gen|9
|tier|[Gen 9 Champions] VGC 2026 Reg M-B (Bo3)
|rated|
|rule|Species Clause: Limit one of each Pokémon
|rule|Item Clause: Limit 1 of each item
|clearpoke
|poke|p1|Whimsicott, L50, F|
|poke|p1|Staraptor, L50, M|
|poke|p1|Garchomp, L50, M|
|poke|p1|Gholdengo, L50|
|poke|p1|Basculegion, L50, M|
|poke|p1|Kingambit, L50, F|
|poke|p2|Hawlucha, L50, M|
|poke|p2|Gardevoir, L50, M|
|poke|p2|Volcarona, L50, M|
|poke|p2|Gengar, L50, F|
|poke|p2|Mr. Rime, L50, F|
|poke|p2|Krookodile, L50, F|
|teampreview|4
|showteam|p1|Whimsicott||FocusSash|Prankster|Charm,Tailwind,Moonblast,Taunt|Timid||F|||50|]Staraptor||Staraptite|Intimidate|CloseCombat,BraveBird,Protect,Roost|Jolly||M|||50|]Garchomp||RoseliBerry|RoughSkin|Earthquake,StompingTantrum,Protect,RockSlide|Jolly||M|||50|]Gholdengo||LifeOrb|GoodasGold|MakeItRain,ShadowBall,PowerGem,Protect|Modest|||||50|]Basculegion||MysticWater|Adaptability|WaveCrash,LastRespects,AquaJet,Protect|Adamant||M|||50|]Kingambit||BlackGlasses|Defiant|SuckerPunch,KowtowCleave,IronHead,Protect|Adamant||F|||50|
|showteam|p2|Hawlucha||Hawluchanite|Limber|CrossChop,StoneEdge,DualWingbeat,Detect|Jolly||M|||50|]Gardevoir||Gardevoirite|Telepathy|HyperVoice,Psyshock,Thunderbolt,Protect|Timid||M|||50|]Volcarona||ChartiBerry|FlameBody|Tailwind,Flamethrower,WillOWisp,RagePowder|Timid||M|||50|]Gengar||FocusSash|CursedBody|ShadowBall,SludgeBomb,Taunt,Protect|Timid||F|||50|]Mr. Rime||NeverMeltIce|ScreenCleaner|FakeOut,FreezeDry,Encore,Protect|Timid||F|||50|]Krookodile||ChopleBerry|Intimidate|StoneEdge,HighHorsepower,KnockOff,Protect|Adamant||F|||50|
|inactive|Battle timer is ON: inactive players will automatically lose when time's up. (requested by LeonardPlayz)
|inactive|LeonardPlayz has 60 seconds left.
|
|t:|1784112746
|teamsize|p1|4
|teamsize|p2|4
|start
|switch|p1a: Whimsicott|Whimsicott, L50, F|100/100
|switch|p1b: Staraptor|Staraptor, L50, M|100/100
|switch|p2a: Gardevoir|Gardevoir, L50, M|100/100
|switch|p2b: Volcarona|Volcarona, L50, M|100/100
|-ability|p1b: Staraptor|Intimidate|boost
|-unboost|p2a: Gardevoir|atk|1
|-unboost|p2b: Volcarona|atk|1
|turn|1
|
|t:|1784112769
|detailschange|p1b: Staraptor|Staraptor-Mega, L50, M
|-mega|p1b: Staraptor|Staraptor|Staraptite
|detailschange|p2a: Gardevoir|Gardevoir-Mega, L50, M
|-mega|p2a: Gardevoir|Gardevoir|Gardevoirite
|move|p1a: Whimsicott|Taunt|p2b: Volcarona
|-start|p2b: Volcarona|move: Taunt
|move|p1b: Staraptor|Roost||[still]
|-fail|p1b: Staraptor|heal
|cant|p2b: Volcarona|move: Taunt|Tailwind
|move|p2a: Gardevoir|Hyper Voice|p1b: Staraptor|[spread] p1a,p1b
|-supereffective|p1b: Staraptor|1
|-damage|p1a: Whimsicott|11/100
|-damage|p1b: Staraptor|0 fnt
|faint|p1b: Staraptor
|
|upkeep
|c|☆pranavg_oat|holy misclick
|c|☆pranavg_oat|meant to hit protect rip
|
|t:|1784112792
|switch|p1b: Garchomp|Garchomp, L50, M|100/100
|turn|2
|c|☆LeonardPlayz|damn
|
|t:|1784112804
|move|p1a: Whimsicott|Tailwind|p1a: Whimsicott
|-sidestart|p1: pranavg_oat|move: Tailwind
|move|p1b: Garchomp|Rock Slide|p2b: Volcarona|[spread] p2a,p2b
|-supereffective|p2b: Volcarona|2
|-enditem|p2b: Volcarona|Charti Berry|[eat]
|-enditem|p2b: Volcarona|Charti Berry|[weaken]
|-damage|p2a: Gardevoir|63/100
|-damage|p2b: Volcarona|45/100
|move|p2a: Gardevoir|Hyper Voice|p1b: Garchomp|[spread] p1a,p1b
|-supereffective|p1b: Garchomp|1
|-enditem|p1b: Garchomp|Roseli Berry|[eat]
|-enditem|p1b: Garchomp|Roseli Berry|[weaken]
|-damage|p1a: Whimsicott|0 fnt
|-damage|p1b: Garchomp|45/100
|faint|p1a: Whimsicott
|move|p2b: Volcarona|Flamethrower|p1b: Garchomp
|-resisted|p1b: Garchomp|1
|-damage|p1b: Garchomp|21/100
|
|upkeep
|
|t:|1784112819
|switch|p1a: Basculegion|Basculegion, L50, M|100/100
|turn|3
|
|t:|1784112836
|move|p2a: Gardevoir|Protect|p2a: Gardevoir
|-singleturn|p2a: Gardevoir|Protect
|move|p1b: Garchomp|Rock Slide|p2a: Gardevoir|[spread] p2b
|-activate|p2a: Gardevoir|move: Protect
|-supereffective|p2b: Volcarona|2
|-damage|p2b: Volcarona|0 fnt
|faint|p2b: Volcarona
|move|p1a: Basculegion|Last Respects|p2a: Gardevoir
|-activate|p2a: Gardevoir|move: Protect
|
|upkeep
|
|t:|1784112847
|switch|p2b: Gengar|Gengar, L50, F|100/100
|turn|4
|
|t:|1784112863
|move|p2b: Gengar|Protect|p2b: Gengar
|-singleturn|p2b: Gengar|Protect
|move|p1a: Basculegion|Aqua Jet|p2b: Gengar
|-activate|p2b: Gengar|move: Protect
|move|p1b: Garchomp|Rock Slide|p2b: Gengar|[spread] p2a
|-activate|p2b: Gengar|move: Protect
|-crit|p2a: Gardevoir
|-damage|p2a: Gardevoir|11/100
|move|p2a: Gardevoir|Hyper Voice|p1b: Garchomp|[spread] p1a,p1b
|-supereffective|p1b: Garchomp|1
|-damage|p1a: Basculegion|46/100
|-damage|p1b: Garchomp|0 fnt
|faint|p1b: Garchomp
|
|upkeep
|turn|5
|
|t:|1784112881
|move|p1a: Basculegion|Aqua Jet|p2a: Gardevoir
|-damage|p2a: Gardevoir|0 fnt
|faint|p2a: Gardevoir
|move|p2b: Gengar|Shadow Ball|p1a: Basculegion
|-supereffective|p1a: Basculegion|1
|-damage|p1a: Basculegion|0 fnt
|faint|p1a: Basculegion
|
|win|LeonardPlayz
||LeonardPlayz is ready for game 2.
||pranavg_oat is ready for game 2.
|uhtml|next|Next: Game 2 of 3
|l|☆pranavg_oat
|player|p1|
