|j|☆EpiclyEpicGamerW
|j|☆johnnyboy015
|html|EpiclyEpicGamerWjohnnyboy015    
|uhtml|bestof|Game 3 of a best-of-3
|t:|1754276183
|gametype|doubles
|player|p1|EpiclyEpicGamerW|red-masters|1226
|player|p2|johnnyboy015|rosa|1244
|gen|9
|tier|[Gen 9] VGC 2025 Reg H (Bo3)
|rated|
|rule|Species Clause: Limit one of each Pokémon
|rule|Item Clause: Limit 1 of each item
|clearpoke
|poke|p1|Sneasler, L50, F|
|poke|p1|Mimikyu, L50, F|
|poke|p1|Ursaluna-Bloodmoon, L50, M|
|poke|p1|Garchomp, L50, F|
|poke|p1|Rillaboom, L50, F|
|poke|p1|Gholdengo, L50|
|poke|p2|Tyranitar, L50, F|
|poke|p2|Excadrill, L50, F|
|poke|p2|Amoonguss, L50, F|
|poke|p2|Incineroar, L50, F|
|poke|p2|Kommo-o, L50, M|
|poke|p2|Kilowattrel, L50, M|
|teampreview|4
|showteam|p1|Sneasler||FocusSash|PoisonTouch|CloseCombat,DireClaw,FakeOut,Protect|||F|||50|,,,,,Grass]Mimikyu||LifeOrb|Disguise|ShadowClaw,PlayRough,ShadowSneak,TrickRoom|||F|||50|,,,,,Ghost]Ursaluna-Bloodmoon||AssaultVest|MindsEye|HyperVoice,EarthPower,BloodMoon,VacuumWave|||M|||50|,,,,,Ghost]Garchomp||ChoiceScarf|RoughSkin|StompingTantrum,DragonClaw,RockSlide,Outrage|||F|||50|,,,,,Fairy]Rillaboom||MiracleSeed|GrassySurge|WoodHammer,GrassyGlide,FakeOut,Protect|||F|||50|,,,,,Fire]Gholdengo||SitrusBerry|GoodasGold|MakeItRain,ShadowBall,NastyPlot,Protect||||||50|,,,,,Water
|showteam|p2|Tyranitar||AssaultVest|SandStream|RockSlide,KnockOff,LowKick,TeraBlast|||F|||50|,,,,,Flying]Excadrill||FocusSash|SandRush|Earthquake,HighHorsepower,IronHead,Protect|||F|||50|,,,,,Ground]Amoonguss||SitrusBerry|Regenerator|SludgeBomb,Spore,RagePowder,Protect|||F|||50|,,,,,Water]Incineroar||SafetyGoggles|Intimidate|FakeOut,FlareBlitz,KnockOff,PartingShot|||F|||50|,,,,,Ghost]Kommo-o||Leftovers|Overcoat|BodyPress,ThroatChop,IronDefense,Protect|||M|||50|,,,,,Steel]Kilowattrel||LifeOrb|Competitive|Thunderbolt,AirSlash,Tailwind,Protect|||M|||50|,,,,,Ghost
|inactive|Battle timer is ON: inactive players will automatically lose when time's up. (requested by EpiclyEpicGamerW)
|
|t:|1754276207
|teamsize|p1|4
|teamsize|p2|4
|start
|switch|p1a: Mimikyu|Mimikyu, L50, F|100/100
|switch|p1b: Ursaluna|Ursaluna-Bloodmoon, L50, M|100/100
|switch|p2a: Incineroar|Incineroar, L50, F|100/100
|switch|p2b: Kommo-o|Kommo-o, L50, M|100/100
|-ability|p2a: Incineroar|Intimidate|boost
|-unboost|p1a: Mimikyu|atk|1
|-unboost|p1b: Ursaluna|atk|1
|turn|1
|inactive|johnnyboy015 has 30 seconds left.
|
|t:|1754276239
|move|p2b: Kommo-o|Iron Defense|p2b: Kommo-o
|-boost|p2b: Kommo-o|def|2
|move|p2a: Incineroar|Knock Off|p1a: Mimikyu
|-activate|p1a: Mimikyu|ability: Disguise
|-damage|p1a: Mimikyu|100/100
|-enditem|p1a: Mimikyu|Life Orb|[from] move: Knock Off|[of] p2a: Incineroar
|detailschange|p1a: Mimikyu|Mimikyu-Busted, L50, F
|-damage|p1a: Mimikyu|88/100|[from] pokemon: Mimikyu-Busted
|move|p1b: Ursaluna|Blood Moon|p2b: Kommo-o
|-damage|p2b: Kommo-o|21/100
|move|p1a: Mimikyu|Trick Room|p1a: Mimikyu
|-fieldstart|move: Trick Room|[of] p1a: Mimikyu
|
|-heal|p2b: Kommo-o|27/100|[from] item: Leftovers
|upkeep
|turn|2
|inactive|johnnyboy015 has 30 seconds left.
|
|t:|1754276265
|move|p2b: Kommo-o|Protect|p2b: Kommo-o
|-singleturn|p2b: Kommo-o|Protect
|move|p1b: Ursaluna|Earth Power|p2b: Kommo-o
|-activate|p2b: Kommo-o|move: Protect
|move|p2a: Incineroar|Parting Shot|p1b: Ursaluna
|-unboost|p1b: Ursaluna|atk|1
|-unboost|p1b: Ursaluna|spa|1
|
|t:|1754276274
|switch|p2a: Tyranitar|Tyranitar, L50, F|100/100|[from] Parting Shot
|-weather|Sandstorm|[from] ability: Sand Stream|[of] p2a: Tyranitar
|move|p1a: Mimikyu|Play Rough|p2b: Kommo-o
|-activate|p2b: Kommo-o|move: Protect
|
|-weather|Sandstorm|[upkeep]
|-damage|p1a: Mimikyu|82/100|[from] Sandstorm
|-heal|p2b: Kommo-o|33/100|[from] item: Leftovers
|upkeep
|turn|3
|inactive|johnnyboy015 has 30 seconds left.
|
|t:|1754276301
|switch|p2b: Incineroar|Incineroar, L50, F|100/100
|-ability|p2b: Incineroar|Intimidate|boost
|-unboost|p1a: Mimikyu|atk|1
|-unboost|p1b: Ursaluna|atk|1
|move|p1b: Ursaluna|Earth Power|p2b: Incineroar
|-supereffective|p2b: Incineroar
|-damage|p2b: Incineroar|26/100
|move|p2a: Tyranitar|Low Kick|p1b: Ursaluna
|-supereffective|p1b: Ursaluna
|-damage|p1b: Ursaluna|34/100
|move|p1a: Mimikyu|Play Rough|p2a: Tyranitar
|-supereffective|p2a: Tyranitar
|-damage|p2a: Tyranitar|71/100
|
|-weather|Sandstorm|[upkeep]
|-damage|p1a: Mimikyu|76/100|[from] Sandstorm
|upkeep
|turn|4
|inactive|EpiclyEpicGamerW has 30 seconds left.
|
|t:|1754276330
|-terastallize|p1b: Ursaluna|Ghost
|move|p2b: Incineroar|Fake Out|p1b: Ursaluna
|-immune|p1b: Ursaluna
|move|p1b: Ursaluna|Earth Power|p2b: Incineroar
|-supereffective|p2b: Incineroar
|-damage|p2b: Incineroar|0 fnt
|faint|p2b: Incineroar
|move|p2a: Tyranitar|Low Kick|p1b: Ursaluna
|-immune|p1b: Ursaluna
|move|p1a: Mimikyu|Play Rough|p2a: Tyranitar
|-supereffective|p2a: Tyranitar
|-damage|p2a: Tyranitar|41/100
|-unboost|p2a: Tyranitar|atk|1
|
|-weather|Sandstorm|[upkeep]
|-damage|p1b: Ursaluna|28/100|[from] Sandstorm
|-damage|p1a: Mimikyu|70/100|[from] Sandstorm
|upkeep
|
|t:|1754276350
|switch|p2b: Excadrill|Excadrill, L50, F|100/100
|turn|5
|
|t:|1754276360
|switch|p2a: Kommo-o|Kommo-o, L50, M|33/100
|move|p2b: Excadrill|Protect|p2b: Excadrill
|-singleturn|p2b: Excadrill|Protect
|move|p1b: Ursaluna|Earth Power|p2a: Kommo-o
|-damage|p2a: Kommo-o|0 fnt
|faint|p2a: Kommo-o
|move|p1a: Mimikyu|Play Rough|p2b: Excadrill
|-activate|p2b: Excadrill|move: Protect
|
|-weather|Sandstorm|[upkeep]
|-damage|p1b: Ursaluna|22/100|[from] Sandstorm
|-damage|p1a: Mimikyu|64/100|[from] Sandstorm
|-fieldend|move: Trick Room
|upkeep
|
|t:|1754276372
|switch|p2a: Tyranitar|Tyranitar, L50, F|41/100
|turn|6
|
|t:|1754276386
|-terastallize|p2a: Tyranitar|Flying
|move|p1b: Ursaluna|Vacuum Wave|p2a: Tyranitar
|-resisted|p2a: Tyranitar
|-damage|p2a: Tyranitar|37/100
|move|p2b: Excadrill|Earthquake|p1a: Mimikyu|[spread] p1a,p1b
|-immune|p2a: Tyranitar
|-damage|p1a: Mimikyu|2/100
|-damage|p1b: Ursaluna|0 fnt
|faint|p1b: Ursaluna
|move|p1a: Mimikyu|Play Rough|p2a: Tyranitar
|-damage|p2a: Tyranitar|22/100
|move|p2a: Tyranitar|Tera Blast|p1a: Mimikyu|[anim] Tera Blast Flying
|-damage|p1a: Mimikyu|0 fnt
|faint|p1a: Mimikyu
|
|-weather|none
|upkeep
|
|t:|1754276397
|switch|p1a: Sneasler|Sneasler, L50, F|100/100
|switch|p1b: Gholdengo|Gholdengo, L50, shiny|100/100
|turn|7
|
|t:|1754276412
|move|p1a: Sneasler|Fake Out|p2b: Excadrill
|-resisted|p2b: Excadrill
|-damage|p2b: Excadrill|90/100
|cant|p2b: Excadrill|flinch
|move|p1b: Gholdengo|Make It Rain|p2b: Excadrill|[spread] p2a,p2b
|-resisted|p2b: Excadrill
|-damage|p2a: Tyranitar|0 fnt
|-damage|p2b: Excadrill|61/100
|-unboost|p1b: Gholdengo|spa|1
|faint|p2a: Tyranitar
|
|upkeep
|turn|8
|
|t:|1754276425
|move|p1a: Sneasler|Close Combat|p2b: Excadrill
|-supereffective|p2b: Excadrill
|-damage|p2b: Excadrill|0 fnt
|-unboost|p1a: Sneasler|def|1
|-unboost|p1a: Sneasler|spd|1
|faint|p2b: Excadrill
|
|win|EpiclyEpicGamerW
|raw|EpiclyEpicGamerW's rating: 1226 → 1252(+26 for winning)
|raw|johnnyboy015's rating: 1244 → 1218(-26 for losing)
|l|☆johnnyboy015
|player|p2|
