|j|☆go to vr
|j|☆jagheter
|html|go to vrjagheter    
|uhtml|bestof|Game 2 of a best-of-3
|t:|1756663011
|gametype|doubles
|player|p1|go to vr|colress|
|player|p2|jagheter|worker|
|gen|9
|tier|[Gen 9] VGC 2025 Reg H (Bo3)
|rule|Species Clause: Limit one of each Pokémon
|rule|Item Clause: Limit 1 of each item
|clearpoke
|poke|p1|Kilowattrel, L50, M|
|poke|p1|Gholdengo, L50|
|poke|p1|Ursaluna, L50, F|
|poke|p1|Incineroar, L50, M|
|poke|p1|Dragonite, L50, M|
|poke|p1|Ninetales-Alola, L50, M|
|poke|p2|Venusaur, L50, F|
|poke|p2|Incineroar, L50, M|
|poke|p2|Dondozo, L50, M|
|poke|p2|Volcarona, L50, F|
|poke|p2|Rillaboom, L50, F|
|poke|p2|Sneasler, L50, M|
|teampreview|4
|showteam|p1|Kilowattrel||FocusSash|Competitive|Tailwind,Protect,Thunderbolt,AirSlash|||M|||50|,,,,,Ghost]Gholdengo||LifeOrb|GoodasGold|NastyPlot,Protect,ShadowBall,MakeItRain||||||50|,,,,,Dragon]Ursaluna||FlameOrb|Guts|Earthquake,Protect,Facade,HeadlongRush|||F|||50|,,,,,Fairy]Incineroar||RockyHelmet|Intimidate|PartingShot,FlareBlitz,KnockOff,FakeOut|||M|||50|,,,,,Bug]Dragonite||LoadedDice|Multiscale|ScaleShot,Tailwind,Haze,Protect|||M|||50|,,,,,Fairy]Ninetales-Alola||NeverMeltIce|SnowWarning|Encore,Blizzard,FreezeDry,Protect|||M|||50|,,,,,Ghost
|showteam|p2|Venusaur||WideLens|Chlorophyll|SleepPowder,Protect,SludgeBomb,EarthPower|||F|||50|,,,,,Ghost]Incineroar||MirrorHerb|Intimidate|FakeOut,KnockOff,PartingShot,FlareBlitz|||M|||50|,,,,,Ghost]Dondozo||Leftovers|Unaware|Fissure,Protect,Liquidation,Yawn|||M|||50|,,,,,Poison]Volcarona||CovertCloak|FlameBody|FieryDance,TeraBlast,QuiverDance,Protect|||F|||50|,,,,,Fairy]Rillaboom||AssaultVest|GrassySurge|FakeOut,WoodHammer,GrassyGlide,HighHorsepower|||F|||50|,,,,,Fire]Sneasler||GrassySeed|Unburden|Coaching,DireClaw,CloseCombat,Protect|||M|||50|,,,,,Ghost
|inactive|Battle timer is ON: inactive players will automatically lose when time's up. (requested by go to vr)
|inactive|go to vr has 60 seconds left.
|inactive|go to vr has 30 seconds left.
|inactive|go to vr has 20 seconds left.
|
|t:|1756663090
|teamsize|p1|4
|teamsize|p2|4
|start
|switch|p1a: Kilowattrel|Kilowattrel, L50, M, shiny|100/100
|switch|p1b: Incineroar|Incineroar, L50, M, shiny|100/100
|switch|p2a: Venusaur|Venusaur, L50, F, shiny|100/100
|switch|p2b: Volcarona|Volcarona, L50, F, shiny|100/100
|-ability|p1b: Incineroar|Intimidate|boost
|-unboost|p2a: Venusaur|atk|1
|-unboost|p2b: Volcarona|atk|1
|turn|1
|inactive|go to vr has 30 seconds left.
|inactive|jagheter has 30 seconds left.
|inactive|jagheter has 20 seconds left.
|inactive|jagheter has 15 seconds left.
|inactive|jagheter has 10 seconds left.
|inactive|jagheter has 5 seconds left.
|
|t:|1756663140
|move|p1a: Kilowattrel|Tailwind|p1a: Kilowattrel
|-sidestart|p1: go to vr|move: Tailwind
|move|p1b: Incineroar|Knock Off|p2a: Venusaur
|-damage|p2a: Venusaur|55/100
|-enditem|p2a: Venusaur|Wide Lens|[from] move: Knock Off|[of] p1b: Incineroar
|move|p2b: Volcarona|Fiery Dance|p1a: Kilowattrel
|-damage|p1a: Kilowattrel|32/100
|move|p2a: Venusaur|Sleep Powder|p1b: Incineroar
|-status|p1b: Incineroar|slp|[from] move: Sleep Powder
|
|upkeep
|turn|2
|inactive|go to vr has 30 seconds left.
|inactive|jagheter has 30 seconds left.
|
|t:|1756663172
|switch|p2a: Dondozo|Dondozo, L50, M, shiny|100/100
|-terastallize|p2b: Volcarona|Fairy
|move|p1a: Kilowattrel|Air Slash|p2b: Volcarona
|-damage|p2b: Volcarona|68/100
|cant|p1b: Incineroar|slp
|move|p2b: Volcarona|Fiery Dance|p1a: Kilowattrel
|-damage|p1a: Kilowattrel|0 fnt
|faint|p1a: Kilowattrel
|
|upkeep
|
|t:|1756663183
|switch|p1a: Ninetales|Ninetales-Alola, L50, M|100/100
|-weather|Snowscape|[from] ability: Snow Warning|[of] p1a: Ninetales
|turn|3
|
|t:|1756663211
|move|p1a: Ninetales|Protect|p1a: Ninetales
|-singleturn|p1a: Ninetales|Protect
|cant|p1b: Incineroar|slp
|move|p2b: Volcarona|Fiery Dance|p1a: Ninetales
|-activate|p1a: Ninetales|move: Protect
|move|p2a: Dondozo|Yawn|p1a: Ninetales
|-activate|p1a: Ninetales|move: Protect
|
|-weather|Snowscape|[upkeep]
|upkeep
|turn|4
|inactive|go to vr has 30 seconds left.
|
|t:|1756663242
|-terastallize|p1a: Ninetales|Ghost
|move|p1a: Ninetales|Blizzard|p2b: Volcarona|[spread] p2a,p2b
|-resisted|p2a: Dondozo
|-damage|p2a: Dondozo|86/100
|-damage|p2b: Volcarona|35/100
|-curestatus|p1b: Incineroar|slp|[msg]
|move|p1b: Incineroar|Flare Blitz|p2b: Volcarona
|-damage|p2b: Volcarona|0 fnt
|faint|p2b: Volcarona
|-damage|p1b: Incineroar|90/100|[from] Recoil
|move|p2a: Dondozo|Yawn|p1b: Incineroar
|-start|p1b: Incineroar|move: Yawn|[of] p2a: Dondozo
|
|-weather|Snowscape|[upkeep]
|-heal|p2a: Dondozo|92/100|[from] item: Leftovers
|-sideend|p1: go to vr|move: Tailwind
|upkeep
|
|t:|1756663254
|switch|p2b: Venusaur|Venusaur, L50, F, shiny|55/100
|turn|5
|inactive|go to vr has 30 seconds left.
|
|t:|1756663288
|switch|p2b: Sneasler|Sneasler, L50, M|100/100
|move|p1a: Ninetales|Freeze-Dry|p2a: Dondozo
|-supereffective|p2a: Dondozo
|-damage|p2a: Dondozo|47/100
|move|p1b: Incineroar|Flare Blitz|p2b: Sneasler
|-damage|p2b: Sneasler|15/100
|-damage|p1b: Incineroar|67/100|[from] Recoil
|move|p2a: Dondozo|Yawn||[still]
|-fail|p2a: Dondozo
|
|-weather|Snowscape|[upkeep]
|-heal|p2a: Dondozo|53/100|[from] item: Leftovers
|-end|p1b: Incineroar|move: Yawn|[silent]
|-status|p1b: Incineroar|slp
|upkeep
|turn|6
|inactive|jagheter has 30 seconds left.
|inactive|go to vr has 30 seconds left.
|
|t:|1756663322
|switch|p1b: Dragonite|Dragonite, L50, M, shiny|100/100
|move|p2b: Sneasler|Dire Claw|p1a: Ninetales
|-resisted|p1a: Ninetales
|-damage|p1a: Ninetales|70/100
|-status|p1a: Ninetales|psn
|move|p1a: Ninetales|Blizzard|p2b: Sneasler|[spread] p2a,p2b
|-resisted|p2a: Dondozo
|-damage|p2a: Dondozo|39/100
|-damage|p2b: Sneasler|0 fnt
|faint|p2b: Sneasler
|move|p2a: Dondozo|Liquidation|p1a: Ninetales
|-damage|p1a: Ninetales|26/100 psn
|
|-weather|Snowscape|[upkeep]
|-heal|p2a: Dondozo|45/100|[from] item: Leftovers
|-damage|p1a: Ninetales|14/100 psn|[from] psn
|upkeep
|
|t:|1756663331
|switch|p2b: Venusaur|Venusaur, L50, F, shiny|55/100
|turn|7
|inactive|go to vr has 30 seconds left.
|inactive|go to vr has 20 seconds left.
|
|t:|1756663370
|switch|p1a: Incineroar|Incineroar, L50, M, shiny|67/100 slp
|-ability|p1a: Incineroar|Intimidate|boost
|-unboost|p2a: Dondozo|atk|1
|-unboost|p2b: Venusaur|atk|1
|move|p2b: Venusaur|Protect|p2b: Venusaur
|-singleturn|p2b: Venusaur|Protect
|move|p2a: Dondozo|Protect|p2a: Dondozo
|-singleturn|p2a: Dondozo|Protect
|move|p1b: Dragonite|Scale Shot|p2b: Venusaur
|-activate|p2b: Venusaur|move: Protect
|
|-weather|none
|-heal|p2a: Dondozo|52/100|[from] item: Leftovers
|upkeep
|turn|8
|
|t:|1756663389
|move|p2b: Venusaur|Sleep Powder|p1b: Dragonite|[miss]
|-miss|p2b: Venusaur|p1b: Dragonite
|move|p1b: Dragonite|Scale Shot|p2b: Venusaur
|-damage|p2b: Venusaur|39/100
|-damage|p2b: Venusaur|21/100
|-damage|p2b: Venusaur|5/100
|-damage|p2b: Venusaur|0 fnt
|faint|p2b: Venusaur
|-hitcount|p2: Venusaur|4
|-unboost|p1b: Dragonite|def|1
|-boost|p1b: Dragonite|spe|1
|cant|p1a: Incineroar|slp
|move|p2a: Dondozo|Liquidation|p1a: Incineroar
|-supereffective|p1a: Incineroar
|-damage|p1a: Incineroar|31/100 slp
|-damage|p2a: Dondozo|35/100|[from] item: Rocky Helmet|[of] p1a: Incineroar
|
|-heal|p2a: Dondozo|41/100|[from] item: Leftovers
|upkeep
|turn|9
|
|t:|1756663411
|move|p1b: Dragonite|Scale Shot|p2a: Dondozo
|-damage|p2a: Dondozo|33/100
|-damage|p2a: Dondozo|25/100
|-damage|p2a: Dondozo|16/100
|-damage|p2a: Dondozo|8/100
|-hitcount|p2a: Dondozo|4
|-unboost|p1b: Dragonite|def|1
|-boost|p1b: Dragonite|spe|1
|cant|p1a: Incineroar|slp
|move|p2a: Dondozo|Liquidation|p1a: Incineroar
|-supereffective|p1a: Incineroar
|-damage|p1a: Incineroar|0 fnt
|-damage|p2a: Dondozo|0 fnt|[from] item: Rocky Helmet|[of] p1a: Incineroar
|faint|p1a: Incineroar
|faint|p2a: Dondozo
|
|win|go to vr
|l|☆go to vr
|player|p1|
|j|☆go to vr
|player|p1|go to vr|colress|
