|j|вҳҶTaroda
|j|вҳҶhanfugun
|html|Tarodahanfugun    
|uhtml|bestof|Game 1 of a best-of-3
|t:|1786200556
|gametype|doubles
|player|p1|Taroda|102|
|player|p2|hanfugun|brock|
|gen|9
|tier|[Gen 9 Champions] VGC 2026 Reg M-B (Bo3)
|rule|Species Clause: Limit one of each PokГ©mon
|rule|Item Clause: Limit 1 of each item
|clearpoke
|poke|p1|Kingambit, L50, F|
|poke|p1|Sneasler, L50, F|
|poke|p1|Froslass, L50, F|
|poke|p1|Lycanroc-Dusk, L50, F|
|poke|p1|Basculegion, L50, M|
|poke|p1|Scovillain, L50, M|
|poke|p2|Venusaur, L50, M|
|poke|p2|Maushold, L50, shiny|
|poke|p2|Blaziken, L50, F, shiny|
|poke|p2|Kingambit, L50, M|
|poke|p2|Whimsicott, L50, F|
|poke|p2|Milotic, L50, F|
|teampreview|4
|showteam|p1|Kingambit||LifeOrb|Defiant|KowtowCleave,SuckerPunch,SwordsDance,Protect|Adamant||F|||50|]Sneasler||WhiteHerb|Unburden|FakeOut,CloseCombat,DireClaw,Protect|Jolly||F|||50|]Froslass||Froslassite|CursedBody|Blizzard,ShadowBall,AuroraVeil,Protect|Timid||F|||50|]Lycanroc-Dusk||FocusSash|ToughClaws|CloseCombat,RockSlide,Accelerock,Protect|Adamant||F|||50|]Basculegion||MysticWater|Adaptability|LastRespects,AquaJet,WaveCrash,Protect|Jolly||M|||50|]Scovillain||Scovillainite|Moody|Overheat,GigaDrain,RagePowder,Protect|Modest||M|||50|
|showteam|p2|Venusaur||Venusaurite|Chlorophyll|GigaDrain,SludgeBomb,EarthPower,Protect|Modest||M|||50|]Maushold||WideLens|Technician|Protect,PopulationBomb,HelpingHand,FollowMe|Jolly|||||50|]Blaziken||Blazikenite|SpeedBoost|Detect,FlareBlitz,CloseCombat,RockSlide|Adamant||F|||50|]Kingambit||ChopleBerry|Defiant|KowtowCleave,SuckerPunch,IronHead,LowKick|Adamant||M|||50|]Whimsicott||FocusSash|Prankster|Protect,Moonblast,Tailwind,Encore|Timid||F|||50|]Milotic||SitrusBerry|Competitive|Scald,IceBeam,IcyWind,Protect|Modest||F|||50|
|j| Unskilled99
|j| Midoria100
|c|вҳҶTaroda|и«ӢеӨҡжҢҮж•ҷ
|j| cornervgc486
|j| zuutokei2
|c|вҳҶhanfugun|и«ӢеӨҡжҢҮж•ҷ
|c|вҳҶhanfugun|й–Ӣе§Ӣеӣү
|inactive|Battle timer is ON: inactive players will automatically lose when time's up. (requested by hanfugun)
|c|вҳҶTaroda|Ok
|inactive|hanfugun has 60 seconds left.
|inactive|hanfugun has 30 seconds left.
|
|t:|1786200976
|teamsize|p1|4
|teamsize|p2|4
|start
|switch|p1a: Froslass|Froslass, L50, F|100/100
|switch|p1b: Sneasler|Sneasler, L50, F|100/100
|switch|p2a: еӣӣд№Ӣе®®вҖўж”»|Kingambit, L50, M|100/100
|switch|p2b: зҒ«з„°вҖўзҫҲзөҶ|Blaziken, L50, F, shiny|100/100
|turn|1
|inactive|Taroda has 30 seconds left.
|inactive|hanfugun has 30 seconds left.
|inactive|Taroda has 20 seconds left.
|
|t:|1786201011
|switch|p2a: еҚЎз’һвҖўжЈүжЈү|Whimsicott, L50, F|100/100
|detailschange|p1a: Froslass|Froslass-Mega, L50, F
|-mega|p1a: Froslass|Froslass|Froslassite
|-weather|Snowscape|[from] ability: Snow Warning|[of] p1a: Froslass
|detailschange|p2b: зҒ«з„°вҖўзҫҲзөҶ|Blaziken-Mega, L50, F, shiny
|-mega|p2b: зҒ«з„°вҖўзҫҲзөҶ|Blaziken|Blazikenite
|move|p2b: зҒ«з„°вҖўзҫҲзөҶ|Detect|p2b: зҒ«з„°вҖўзҫҲзөҶ
|-singleturn|p2b: зҒ«з„°вҖўзҫҲзөҶ|Protect
|move|p1b: Sneasler|Fake Out|p2a: еҚЎз’һвҖўжЈүжЈү
|-damage|p2a: еҚЎз’һвҖўжЈүжЈү|78/100
|move|p1a: Froslass|Aurora Veil|p1a: Froslass
|-sidestart|p1: Taroda|move: Aurora Veil
|
|-weather|Snowscape|[upkeep]
|-ability|p2b: зҒ«з„°вҖўзҫҲзөҶ|Speed Boost|boost
|-boost|p2b: зҒ«з„°вҖўзҫҲзөҶ|spe|1
|upkeep
|turn|2
|inactive|Taroda has 30 seconds left.
|inactive|hanfugun has 30 seconds left.
|inactive|Taroda has 20 seconds left.
|inactive|Taroda has 15 seconds left.
|
|t:|1786201052
|move|p2a: еҚЎз’һвҖўжЈүжЈү|Encore|p1b: Sneasler
|-start|p1b: Sneasler|Encore
|move|p1b: Sneasler|Fake Out||[still]
|-hint|Fake Out only works on your first turn out.
|-fail|p1b: Sneasler
|move|p2b: зҒ«з„°вҖўзҫҲзөҶ|Flare Blitz|p1a: Froslass
|-supereffective|p1a: Froslass|1
|-damage|p1a: Froslass|20/100y
|-damage|p2b: зҒ«з„°вҖўзҫҲзөҶ|73/100|[from] Recoil
|move|p1a: Froslass|Blizzard|p2a: еҚЎз’һвҖўжЈүжЈү|[spread] p2a,p2b
|-supereffective|p2a: еҚЎз’һвҖўжЈүжЈү|1
|-resisted|p2b: зҒ«з„°вҖўзҫҲзөҶ|1
|-damage|p2a: еҚЎз’һвҖўжЈүжЈү|0 fnt
|-damage|p2b: зҒ«з„°вҖўзҫҲзөҶ|46/100
|faint|p2a: еҚЎз’һвҖўжЈүжЈү
|
|-weather|Snowscape|[upkeep]
|-ability|p2b: зҒ«з„°вҖўзҫҲзөҶ|Speed Boost|boost
|-boost|p2b: зҒ«з„°вҖўзҫҲзөҶ|spe|1
|upkeep
|
|t:|1786201067
|switch|p2a: еӣӣд№Ӣе®®вҖўж”»|Kingambit, L50, M|100/100
|turn|3
|
|t:|1786201089
|switch|p1b: Basculegion|Basculegion, L50, M|100/100
|move|p1a: Froslass|Protect|p1a: Froslass
|-singleturn|p1a: Froslass|Protect
|move|p2b: зҒ«з„°вҖўзҫҲзөҶ|Rock Slide|p1b: Basculegion|[spread] p1b
|-activate|p1a: Froslass|move: Protect
|-damage|p1b: Basculegion|79/100
|move|p2a: еӣӣд№Ӣе®®вҖўж”»|Kowtow Cleave|p1b: Basculegion
|-supereffective|p1b: Basculegion|1
|-damage|p1b: Basculegion|0 fnt
|faint|p1b: Basculegion
|
|-weather|Snowscape|[upkeep]
|-ability|p2b: зҒ«з„°вҖўзҫҲзөҶ|Speed Boost|boost
|-boost|p2b: зҒ«з„°вҖўзҫҲзөҶ|spe|1
|upkeep
|inactive|Taroda has 30 seconds left.
|inactive|Taroda has 20 seconds left.
|inactive|Taroda has 15 seconds left.
|
|t:|1786201131
|switch|p1b: Lycanroc|Lycanroc-Dusk, L50, F|100/100
|turn|4
|inactive|hanfugun has 30 seconds left.
|
|t:|1786201161
|switch|p1a: Sneasler|Sneasler, L50, F|100/100
|move|p2a: еӣӣд№Ӣе®®вҖўж”»|Sucker Punch|p1b: Lycanroc
|-damage|p1b: Lycanroc|57/100
|move|p2b: зҒ«з„°вҖўзҫҲзөҶ|Rock Slide|p1b: Lycanroc|[spread] p1a,p1b
|-resisted|p1a: Sneasler|1
|-damage|p1a: Sneasler|85/100
|-damage|p1b: Lycanroc|30/100
|move|p1b: Lycanroc|Close Combat|p2a: еӣӣд№Ӣе®®вҖўж”»
|-supereffective|p2a: еӣӣд№Ӣе®®вҖўж”»|2
|-enditem|p2a: еӣӣд№Ӣе®®вҖўж”»|Chople Berry|[eat]
|-enditem|p2a: еӣӣд№Ӣе®®вҖўж”»|Chople Berry|[weaken]
|-damage|p2a: еӣӣд№Ӣе®®вҖўж”»|12/100
|-unboost|p1b: Lycanroc|def|1
|-unboost|p1b: Lycanroc|spd|1
|
|-weather|Snowscape|[upkeep]
|-ability|p2b: зҒ«з„°вҖўзҫҲзөҶ|Speed Boost|boost
|-boost|p2b: зҒ«з„°вҖўзҫҲзөҶ|spe|1
|upkeep
|turn|5
|inactive|Taroda has 30 seconds left.
|inactive|hanfugun has 30 seconds left.
|inactive|Taroda has 20 seconds left.
|
|t:|1786201199
|move|p2b: зҒ«з„°вҖўзҫҲзөҶ|Detect|p2b: зҒ«з„°вҖўзҫҲзөҶ
|-singleturn|p2b: зҒ«з„°вҖўзҫҲзөҶ|Protect
|move|p1b: Lycanroc|Accelerock|p2b: зҒ«з„°вҖўзҫҲзөҶ
|-activate|p2b: зҒ«з„°вҖўзҫҲзөҶ|move: Protect
|move|p2a: еӣӣд№Ӣе®®вҖўж”»|Sucker Punch||[still]
|-fail|p2a: еӣӣд№Ӣе®®вҖўж”»
|move|p1a: Sneasler|Close Combat|p2a: еӣӣд№Ӣе®®вҖўж”»
|-supereffective|p2a: еӣӣд№Ӣе®®вҖўж”»|2
|-damage|p2a: еӣӣд№Ӣе®®вҖўж”»|0 fnt
|-unboost|p1a: Sneasler|def|1
|-unboost|p1a: Sneasler|spd|1
|faint|p2a: еӣӣд№Ӣе®®вҖўж”»
|-enditem|p1a: Sneasler|White Herb
|-clearnegativeboost|p1a: Sneasler|[silent]
|
|-weather|none
|-sideend|p1: Taroda|move: Aurora Veil
|-ability|p2b: зҒ«з„°вҖўзҫҲзөҶ|Speed Boost|boost
|-boost|p2b: зҒ«з„°вҖўзҫҲзөҶ|spe|1
|upkeep
|
|t:|1786201217
|switch|p2a: йј йј дёҖиө·еј·еӨ§|Maushold, L50, shiny|100/100
|turn|6
|inactive|hanfugun has 30 seconds left.
|
|t:|1786201243
|move|p2a: йј йј дёҖиө·еј·еӨ§|Follow Me|p2a: йј йј дёҖиө·еј·еӨ§
|-singleturn|p2a: йј йј дёҖиө·еј·еӨ§|move: Follow Me
|move|p1b: Lycanroc|Accelerock|p2a: йј йј дёҖиө·еј·еӨ§
|-damage|p2a: йј йј дёҖиө·еј·еӨ§|59/100
|move|p2b: зҒ«з„°вҖўзҫҲзөҶ|Flare Blitz|p1a: Sneasler
|-damage|p1a: Sneasler|0 fnt
|faint|p1a: Sneasler
|-damage|p2b: зҒ«з„°вҖўзҫҲзөҶ|17/100|[from] Recoil
|
|-ability|p2b: зҒ«з„°вҖўзҫҲзөҶ|Speed Boost|boost
|-boost|p2b: зҒ«з„°вҖўзҫҲзөҶ|spe|1
|upkeep
|
|t:|1786201253
|switch|p1a: Froslass|Froslass-Mega, L50, F|20/100y
|-weather|Snowscape|[from] ability: Snow Warning|[of] p1a: Froslass
|turn|7
|
|t:|1786201270
|move|p2a: йј йј дёҖиө·еј·еӨ§|Follow Me|p2a: йј йј дёҖиө·еј·еӨ§
|-singleturn|p2a: йј йј дёҖиө·еј·еӨ§|move: Follow Me
|move|p2b: зҒ«з„°вҖўзҫҲзөҶ|Rock Slide|p1b: Lycanroc|[spread] p1a,p1b
|-supereffective|p1a: Froslass|1
|-damage|p1a: Froslass|0 fnt
|-damage|p1b: Lycanroc|0 fnt
|faint|p1a: Froslass
|faint|p1b: Lycanroc
|
|win|hanfugun
||hanfugun is ready for game 2.
||Taroda is ready for game 2.
|uhtml|next|Next: Game 2 of 3
|j| PawmotNo1
|j| jimmy0514
|l| PawmotNo1
|l| Unskilled99
|l| cornervgc486
|l| jimmy0514
