|j|☆Lanz_D
|j|☆WASHINGTONGARGACHA
|html|Lanz_DWASHINGTONGARGACHA    
|uhtml|bestof|Game 3 of a best-of-3
|t:|1756683005
|gametype|doubles
|player|p1|Lanz_D|hilbert|1073
|player|p2|WASHINGTONGARGACHA|2|1108
|gen|9
|tier|[Gen 9] VGC 2025 Reg H (Bo3)
|rated|
|rule|Species Clause: Limit one of each Pokémon
|rule|Item Clause: Limit 1 of each item
|clearpoke
|poke|p1|Garchomp, L50, M|
|poke|p1|Kingambit, L50, F|
|poke|p1|Amoonguss, L50, M|
|poke|p1|Annihilape, L50, F|
|poke|p1|Whimsicott, L50, F|
|poke|p1|Dragonite, L50, M|
|poke|p2|Gholdengo, L50|
|poke|p2|Ursaluna, L50, M|
|poke|p2|Archaludon, L50, M|
|poke|p2|Murkrow, L50, M|
|poke|p2|Farigiraf, L50, M|
|poke|p2|Sneasler, L50, F|
|teampreview|4
|showteam|p1|Garchomp||LifeOrb|RoughSkin|Earthquake,StompingTantrum,DragonClaw,Protect|||M|||50|,,,,,Ground]Kingambit||BlackGlasses|Defiant|SuckerPunch,IronHead,KowtowCleave,Protect|||F|||50|,,,,,Dark]Amoonguss||RockyHelmet|Regenerator|Spore,RagePowder,PollenPuff,Protect|||M|||50|,,,,,Water]Annihilape||Leftovers|Defiant|DrainPunch,RageFist,BulkUp,Protect|||F|||50|,,,,,Fire]Whimsicott||CovertCloak|Prankster|Moonblast,BeatUp,Tailwind,Encore|||F|||50|,,,,,Dark]Dragonite||LoadedDice|Multiscale|ScaleShot,Haze,StompingTantrum,Protect|||M|||50|,,,,,Fairy
|showteam|p2|Gholdengo||LifeOrb|GoodasGold|ShadowBall,MakeItRain,NastyPlot,Protect||||||50|,,,,,Water]Ursaluna||FlameOrb|Guts|Facade,Earthquake,Protect,HeadlongRush|||M|||50|,,,,,Ghost]Archaludon||PowerHerb|Sturdy|ElectroShot,FlashCannon,DracoMeteor,Protect|||M|||50|,,,,,Grass]Murkrow||Eviolite|Prankster|Tailwind,RainDance,FoulPlay,Haze|||M|||50|,,,,,Dark]Farigiraf||ThroatSpray|ArmorTail|HyperVoice,TrickRoom,Psychic,Protect|||M|||50|,,,,,Fairy]Sneasler||WhiteHerb|Unburden|DireClaw,CloseCombat,Protect,Acrobatics|||F|||50|,,,,,Flying
|
|t:|1756683039
|teamsize|p1|4
|teamsize|p2|4
|start
|switch|p1a: Dragonite|Dragonite, L50, M|100/100
|switch|p1b: Garchomp|Garchomp, L50, M, shiny|100/100
|switch|p2a: Murkrow|Murkrow, L50, M|100/100
|switch|p2b: Archaludon|Archaludon, L50, M|100/100
|turn|1
|inactive|Battle timer is ON: inactive players will automatically lose when time's up. (requested by Lanz_D)
|
|t:|1756683069
|-terastallize|p1b: Garchomp|Ground
|move|p2a: Murkrow|Tailwind|p2a: Murkrow
|-sidestart|p2: WASHINGTONGARGACHA|move: Tailwind
|move|p2b: Archaludon|Draco Meteor|p1b: Garchomp
|-damage|p1b: Garchomp|30/100
|-unboost|p2b: Archaludon|spa|2
|move|p1b: Garchomp|Earthquake|p2b: Archaludon|[spread] p2b
|-immune|p1a: Dragonite
|-immune|p2a: Murkrow
|-supereffective|p2b: Archaludon
|-ability|p2b: Archaludon|Sturdy
|-damage|p2b: Archaludon|1/100
|-damage|p1b: Garchomp|20/100|[from] item: Life Orb
|move|p1a: Dragonite|Scale Shot|p2a: Murkrow
|-damage|p2a: Murkrow|78/100
|-damage|p2a: Murkrow|59/100
|-damage|p2a: Murkrow|38/100
|-damage|p2a: Murkrow|20/100
|-damage|p2a: Murkrow|0 fnt
|faint|p2a: Murkrow
|-hitcount|p2: Murkrow|5
|-unboost|p1a: Dragonite|def|1
|-boost|p1a: Dragonite|spe|1
|
|upkeep
|inactive|WASHINGTONGARGACHA has 30 seconds left.
|
|t:|1756683097
|switch|p2a: Sneasler|Sneasler, L50, F|100/100
|turn|2
|inactive|WASHINGTONGARGACHA has 30 seconds left.
|
|t:|1756683126
|-terastallize|p2a: Sneasler|Flying
|move|p1b: Garchomp|Protect|p1b: Garchomp
|-singleturn|p1b: Garchomp|Protect
|move|p2a: Sneasler|Close Combat|p1a: Dragonite
|-resisted|p1a: Dragonite
|-damage|p1a: Dragonite|72/100
|-unboost|p2a: Sneasler|def|1
|-unboost|p2a: Sneasler|spd|1
|-enditem|p2a: Sneasler|White Herb
|-clearnegativeboost|p2a: Sneasler|[silent]
|move|p2b: Archaludon|Electro Shot||[still]
|-prepare|p2b: Archaludon|Electro Shot
|-boost|p2b: Archaludon|spa|1
|-enditem|p2b: Archaludon|Power Herb
|-anim|p2b: Archaludon|Electro Shot|p1a: Dragonite
|-damage|p1a: Dragonite|40/100
|move|p1a: Dragonite|Scale Shot|p2b: Archaludon
|-damage|p2b: Archaludon|0 fnt
|faint|p2b: Archaludon
|-hitcount|p2: Archaludon|1
|-unboost|p1a: Dragonite|def|1
|-boost|p1a: Dragonite|spe|1
|
|upkeep
|
|t:|1756683145
|switch|p2b: Ursaluna|Ursaluna, L50, M|100/100
|turn|3
|
|t:|1756683157
|switch|p1b: Annihilape|Annihilape, L50, F|100/100
|move|p2a: Sneasler|Protect|p2a: Sneasler
|-singleturn|p2a: Sneasler|Protect
|move|p1a: Dragonite|Protect|p1a: Dragonite
|-singleturn|p1a: Dragonite|Protect
|move|p2b: Ursaluna|Facade|p1a: Dragonite
|-activate|p1a: Dragonite|move: Protect
|
|-status|p2b: Ursaluna|brn|[from] item: Flame Orb
|upkeep
|turn|4
|inactive|WASHINGTONGARGACHA has 30 seconds left.
|inactive|WASHINGTONGARGACHA has 20 seconds left.
|inactive|WASHINGTONGARGACHA has 15 seconds left.
|
|t:|1756683200
|move|p2a: Sneasler|Close Combat|p1a: Dragonite
|-resisted|p1a: Dragonite
|-damage|p1a: Dragonite|0 fnt
|-unboost|p2a: Sneasler|def|1
|-unboost|p2a: Sneasler|spd|1
|faint|p1a: Dragonite
|move|p2b: Ursaluna|Headlong Rush|p1b: Annihilape
|-damage|p1b: Annihilape|0 fnt
|-unboost|p2b: Ursaluna|def|1
|-unboost|p2b: Ursaluna|spd|1
|faint|p1b: Annihilape
|
|-damage|p2b: Ursaluna|94/100 brn|[from] brn
|-sideend|p2: WASHINGTONGARGACHA|move: Tailwind
|upkeep
|
|t:|1756683215
|switch|p1b: Kingambit|Kingambit, L50, F|100/100
|switch|p1a: Garchomp|Garchomp, L50, M, shiny, tera:Ground|20/100
|turn|5
|
|t:|1756683232
|move|p1b: Kingambit|Sucker Punch|p2a: Sneasler
|-damage|p2a: Sneasler|0 fnt
|faint|p2a: Sneasler
|move|p1a: Garchomp|Stomping Tantrum|p2b: Ursaluna
|-damage|p2b: Ursaluna|23/100 brn
|-damage|p1a: Garchomp|10/100|[from] item: Life Orb
|move|p2b: Ursaluna|Earthquake|p1a: Garchomp|[spread] p1a,p1b
|-supereffective|p1b: Kingambit
|-damage|p1a: Garchomp|0 fnt
|-damage|p1b: Kingambit|8/100
|faint|p1a: Garchomp
|
|-damage|p2b: Ursaluna|17/100 brn|[from] brn
|upkeep
|turn|6
|inactive|WASHINGTONGARGACHA has 30 seconds left.
|
|t:|1756683262
|move|p2b: Ursaluna|Protect|p2b: Ursaluna
|-singleturn|p2b: Ursaluna|Protect
|move|p1b: Kingambit|Sucker Punch||[still]
|-fail|p1b: Kingambit
|
|-damage|p2b: Ursaluna|11/100 brn|[from] brn
|upkeep
|turn|7
|
|t:|1756683272
|move|p2b: Ursaluna|Protect||[still]
|-fail|p2b: Ursaluna
|move|p1b: Kingambit|Sucker Punch||[still]
|-fail|p1b: Kingambit
|
|-damage|p2b: Ursaluna|5/100 brn|[from] brn
|upkeep
|turn|8
|
|t:|1756683281
|move|p1b: Kingambit|Sucker Punch|p2b: Ursaluna
|-damage|p2b: Ursaluna|0 fnt
|faint|p2b: Ursaluna
|
|win|Lanz_D
|raw|Lanz_D's rating: 1073 → 1105(+32 for winning)
|raw|WASHINGTONGARGACHA's rating: 1108 → 1080(-28 for losing)
