|j|ÔśćKyukonien
|j|ÔśćVividedenne
|html|KyukonienVividedenne    
|uhtml|bestof|Game 1 of a best-of-3
|t:|1785352794
|gametype|doubles
|player|p1|Kyukonien|101|
|player|p2|Vividedenne|#npl2023|
|gen|9
|tier|[Gen 9 Champions] VGC 2026 Reg M-B (Bo3)
|rule|Species Clause: Limit one of each Pok├ęmon
|rule|Item Clause: Limit 1 of each item
|clearpoke
|poke|p1|Venusaur, L50, F|
|poke|p1|Archaludon, L50, F|
|poke|p1|Pelipper, L50, M|
|poke|p1|Basculegion, L50, M|
|poke|p1|Charizard, L50, M|
|poke|p1|Grimmsnarl, L50, M|
|poke|p2|Gardevoir, L50, M|
|poke|p2|Talonflame, L50, M|
|poke|p2|Kingambit, L50, F|
|poke|p2|Basculegion, L50, M|
|poke|p2|Kommo-o, L50, M|
|poke|p2|Maushold, L50|
|teampreview|4
|showteam|p1|Venusaur||Venusaurite|Chlorophyll|SludgeBomb,GigaDrain,EarthPower,Protect|Modest||F|||50|]Archaludon||Leftovers|Stamina|ElectroShot,DragonPulse,FlashCannon,Protect|Bold||F|||50|]Pelipper||LifeOrb|Drizzle|WeatherBall,Hurricane,WideGuard,Tailwind|Modest||M|||50|]Basculegion||ChoiceScarf|Adaptability|WaveCrash,FlipTurn,LastRespects,AquaJet|Jolly||M|||50|]Charizard||CharizarditeY|Blaze|HeatWave,SolarBeam,WeatherBall,Protect|Modest||M|||50|]Grimmsnarl||LightClay|Prankster|PartingShot,SpiritBreak,LightScreen,Reflect|Careful||M|||50|
|showteam|p2|Gardevoir||Gardevoirite|Trace|HyperVoice,Psychic,Thunderbolt,Protect|Modest||M|||50|]Talonflame||SharpBeak|GaleWings|FlareBlitz,DualWingbeat,Tailwind,Protect|Jolly||M|||50|]Kingambit||ExpertBelt|Defiant|KowtowCleave,SuckerPunch,IronHead,LowKick|Jolly||F|||50|]Basculegion||ChoiceScarf|Adaptability|WaveCrash,AquaJet,FlipTurn,LastRespects|Jolly||M|||50|]Kommo-o||LifeOrb|Soundproof|ClangingScales,DracoMeteor,AuraSphere,Protect|Modest||M|||50|]Maushold||FocusSash|FriendGuard|SuperFang,FollowMe,Feint,Protect|Jolly|||||50|
|inactive|Battle timer is ON: inactive players will automatically lose when time's up. (requested by Kyukonien)
|c|ÔśćKyukonien|glhf :D
|c|ÔśćVividedenne|Hf
|inactive|Vividedenne has 60 seconds left.
|inactive|Vividedenne has 30 seconds left.
|inactive|Vividedenne has 20 seconds left.
|
|t:|1785352869
|teamsize|p1|4
|teamsize|p2|4
|start
|switch|p1a: ŠŚąŠťČ|Archaludon, L50, F|100/100
|switch|p1b: Polska|Grimmsnarl, L50, M|100/100
|switch|p2a: Gardevoir|Gardevoir, L50, M|100/100
|switch|p2b: Kommo-o|Kommo-o, L50, M|100/100
|-ability|p2a: Gardevoir|Stamina|Trace|[from] ability: Trace|[of] p1a: ŠŚąŠťČ
|turn|1
|
|t:|1785352885
|detailschange|p2a: Gardevoir|Gardevoir-Mega, L50, M
|-mega|p2a: Gardevoir|Gardevoir|Gardevoirite
|move|p1b: Polska|Light Screen|p1b: Polska
|-sidestart|p1: Kyukonien|move: Light Screen
|move|p2a: Gardevoir|Hyper Voice|p1b: Polska|[spread] p1a,p1b
|-supereffective|p1b: Polska|1
|-damage|p1a: ŠŚąŠťČ|67/100
|-damage|p1b: Polska|36/100
|-ability|p1a: ŠŚąŠťČ|Stamina|boost
|-boost|p1a: ŠŚąŠťČ|def|1
|move|p2b: Kommo-o|Aura Sphere|p1a: ŠŚąŠťČ
|-supereffective|p1a: ŠŚąŠťČ|1
|-damage|p1a: ŠŚąŠťČ|1/100
|-ability|p1a: ŠŚąŠťČ|Stamina|boost
|-boost|p1a: ŠŚąŠťČ|def|1
|-damage|p2b: Kommo-o|90/100|[from] item: Life Orb
|move|p1a: ŠŚąŠťČ|Flash Cannon|p2a: Gardevoir
|-supereffective|p2a: Gardevoir|1
|-damage|p2a: Gardevoir|44/100
|
|-heal|p1a: ŠŚąŠťČ|7/100|[from] item: Leftovers
|upkeep
|turn|2
|inactive|Kyukonien has 30 seconds left.
|inactive|Vividedenne has 30 seconds left.
|
|t:|1785352911
|move|p2a: Gardevoir|Hyper Voice|p1a: ŠŚąŠťČ|[spread] p1a,p1b
|-supereffective|p1b: Polska|1
|-damage|p1a: ŠŚąŠťČ|0 fnt
|-damage|p1b: Polska|0 fnt
|faint|p1a: ŠŚąŠťČ
|faint|p1b: Polska
|move|p2b: Kommo-o|Clanging Scales|p1: ŠŚąŠťČ|[notarget]
|-fail|p2b: Kommo-o
|
|upkeep
|
|t:|1785352914
|switch|p1a: Nederland|Pelipper, L50, M|100/100
|switch|p1b: Norge|Basculegion, L50, M|100/100
|-weather|RainDance|[from] ability: Drizzle|[of] p1a: Nederland
|turn|3
|
|t:|1785352927
|move|p2a: Gardevoir|Protect|p2a: Gardevoir
|-singleturn|p2a: Gardevoir|Protect
|move|p1b: Norge|Aqua Jet|p2a: Gardevoir
|-activate|p2a: Gardevoir|move: Protect
|move|p2b: Kommo-o|Draco Meteor|p1a: Nederland
|-damage|p1a: Nederland|20/100y
|-unboost|p2b: Kommo-o|spa|2
|-damage|p2b: Kommo-o|80/100|[from] item: Life Orb
|move|p1a: Nederland|Hurricane|p2b: Kommo-o
|-supereffective|p2b: Kommo-o|1
|-damage|p2b: Kommo-o|0 fnt
|faint|p2b: Kommo-o
|-damage|p1a: Nederland|11/100|[from] item: Life Orb
|
|-weather|RainDance|[upkeep]
|upkeep
|
|t:|1785352941
|switch|p2b: Basculegion|Basculegion, L50, M|100/100
|turn|4
|
|t:|1785352955
|move|p1b: Norge|Aqua Jet|p2a: Gardevoir
|-damage|p2a: Gardevoir|0 fnt
|faint|p2a: Gardevoir
|move|p2b: Basculegion|Last Respects|p1a: Nederland
|-damage|p1a: Nederland|0 fnt
|faint|p1a: Nederland
|
|-weather|RainDance|[upkeep]
|upkeep
|
|t:|1785352958
|switch|p2a: Maushold|Maushold, L50|100/100
|turn|5
|
|t:|1785352964
|move|p2a: Maushold|Feint|p1b: Norge
|-immune|p1b: Norge
|move|p1b: Norge|Aqua Jet|p2a: Maushold
|-damage|p2a: Maushold|52/100
|move|p2b: Basculegion|Last Respects|p1b: Norge
|-supereffective|p1b: Norge|1
|-damage|p1b: Norge|0 fnt
|faint|p1b: Norge
|
|win|Vividedenne
||Vividedenne is ready for game 2.
||Kyukonien is ready for game 2.
|uhtml|next|Next: Game 2 of 3
