|j|☆sorrysoda
|j|☆satoshi000
|html|sorrysodasatoshi000    
|uhtml|bestof|Game 1 of a best-of-3
|t:|1756786886
|gametype|doubles
|player|p1|sorrysoda|266|1194
|player|p2|satoshi000|265|1067
|gen|9
|tier|[Gen 9] VGC 2025 Reg H (Bo3)
|rated|
|rule|Species Clause: Limit one of each Pokémon
|rule|Item Clause: Limit 1 of each item
|clearpoke
|poke|p1|Gholdengo, L50|
|poke|p1|Sneasler, L50, M|
|poke|p1|Rillaboom, L50, M|
|poke|p1|Dragonite, L50, F|
|poke|p1|Ninetales-Alola, L50, F|
|poke|p1|Arcanine-Hisui, L50, M|
|poke|p2|Archaludon, L50, M|
|poke|p2|Grimmsnarl, L50, M|
|poke|p2|Basculegion, L50, M|
|poke|p2|Annihilape, L50, F|
|poke|p2|Pelipper, L50, M|
|poke|p2|Maushold, L50|
|teampreview|4
|showteam|p1|Gholdengo||GrassySeed|GoodasGold|NastyPlot,MakeItRain,ShadowBall,Protect||||||50|,,,,,Water]Sneasler||WhiteHerb|Unburden|CloseCombat,DireClaw,Coaching,Protect|||M|||50|,,,,,Ghost]Rillaboom||AssaultVest|GrassySurge|FakeOut,GrassyGlide,DrumBeating,HighHorsepower|||M|||50|,,,,,Fire]Dragonite||LoadedDice|Multiscale|ScaleShot,StompingTantrum,Tailwind,Protect|||F|||50|,,,,,Ground]Ninetales-Alola||FocusSash|SnowWarning|Blizzard,IcyWind,Hypnosis,AuroraVeil|||F|||50|,,,,,Ghost]Arcanine-Hisui||ChoiceScarf|Intimidate|RockSlide,FlareBlitz,WillOWisp,RockTomb|||M|||50|,,,,,Water
|showteam|p2|Archaludon||AssaultVest|Stamina|ElectroShot,DragonPulse,Snarl,BodyPress|||M|||50|,,,,,Grass]Grimmsnarl||LightClay|Prankster|SpiritBreak,LightScreen,Reflect,MistyTerrain|||M|||50|,,,,,Ghost]Basculegion||ChoiceScarf|Adaptability|WaveCrash,AquaJet,LastRespects,FlipTurn|||M|||50|,,,,,Water]Annihilape||SitrusBerry|Defiant|DrainPunch,RageFist,BulkUp,Protect|||F|||50|,,,,,Water]Pelipper||FocusSash|Drizzle|Hurricane,WeatherBall,Tailwind,Protect|||M|||50|,,,,,Stellar]Maushold||SafetyGoggles|FriendGuard|BeatUp,Taunt,FollowMe,Protect||||||50|,,,,,Fairy
|inactive|Battle timer is ON: inactive players will automatically lose when time's up. (requested by satoshi000)
|inactive|sorrysoda has 60 seconds left.
|
|t:|1756786936
|teamsize|p1|4
|teamsize|p2|4
|start
|switch|p1a: Dragonite|Dragonite, L50, F|100/100
|switch|p1b: Sneasler|Sneasler, L50, M|100/100
|switch|p2a: Annihilape|Annihilape, L50, F, shiny|100/100
|switch|p2b: Grimmsnarl|Grimmsnarl, L50, M, shiny|100/100
|turn|1
|inactive|sorrysoda has 30 seconds left.
|
|t:|1756786963
|move|p2b: Grimmsnarl|Misty Terrain|p2b: Grimmsnarl
|-fieldstart|move: Misty Terrain
|move|p1b: Sneasler|Dire Claw|p2b: Grimmsnarl
|-supereffective|p2b: Grimmsnarl
|-damage|p2b: Grimmsnarl|8/100
|move|p2a: Annihilape|Rage Fist|p1a: Dragonite
|-damage|p1a: Dragonite|88/100
|move|p1a: Dragonite|Tailwind|p1a: Dragonite
|-sidestart|p1: sorrysoda|move: Tailwind
|
|upkeep
|turn|2
|inactive|sorrysoda has 30 seconds left.
|
|t:|1756786992
|move|p2b: Grimmsnarl|Reflect|p2b: Grimmsnarl
|-sidestart|p2: satoshi000|Reflect
|move|p1b: Sneasler|Coaching|p1a: Dragonite
|-boost|p1a: Dragonite|atk|1
|-boost|p1a: Dragonite|def|1
|move|p1a: Dragonite|Stomping Tantrum|p2b: Grimmsnarl
|-damage|p2b: Grimmsnarl|0 fnt
|faint|p2b: Grimmsnarl
|move|p2a: Annihilape|Bulk Up|p2a: Annihilape
|-boost|p2a: Annihilape|atk|1
|-boost|p2a: Annihilape|def|1
|
|upkeep
|
|t:|1756787004
|switch|p2b: Pelipper|Pelipper, L50, M, shiny|100/100
|-weather|RainDance|[from] ability: Drizzle|[of] p2b: Pelipper
|turn|3
|
|t:|1756787017
|switch|p1b: Rillaboom|Rillaboom, L50, M|100/100
|-fieldstart|move: Grassy Terrain|[from] ability: Grassy Surge|[of] p1b: Rillaboom
|move|p1a: Dragonite|Scale Shot|p2b: Pelipper
|-damage|p2b: Pelipper|81/100
|-damage|p2b: Pelipper|63/100
|-damage|p2b: Pelipper|44/100
|-damage|p2b: Pelipper|23/100
|-damage|p2b: Pelipper|4/100
|-hitcount|p2b: Pelipper|5
|-unboost|p1a: Dragonite|def|1
|-boost|p1a: Dragonite|spe|1
|move|p2a: Annihilape|Rage Fist|p1a: Dragonite
|-damage|p1a: Dragonite|51/100
|move|p2b: Pelipper|Tailwind|p2b: Pelipper
|-sidestart|p2: satoshi000|move: Tailwind
|
|-weather|RainDance|[upkeep]
|upkeep
|turn|4
|inactive|sorrysoda has 30 seconds left.
|inactive|sorrysoda has 20 seconds left.
|
|t:|1756787058
|switch|p1b: Sneasler|Sneasler, L50, M|100/100
|move|p2b: Pelipper|Protect|p2b: Pelipper
|-singleturn|p2b: Pelipper|Protect
|move|p1a: Dragonite|Scale Shot|p2b: Pelipper
|-activate|p2b: Pelipper|move: Protect
|move|p2a: Annihilape|Rage Fist|p1a: Dragonite
|-damage|p1a: Dragonite|15/100
|
|-weather|RainDance|[upkeep]
|-sideend|p1: sorrysoda|move: Tailwind
|upkeep
|turn|5
|
|t:|1756787078
|switch|p1a: Rillaboom|Rillaboom, L50, M|100/100
|move|p2b: Pelipper|Protect||[still]
|-fail|p2b: Pelipper
|move|p2a: Annihilape|Bulk Up|p2a: Annihilape
|-boost|p2a: Annihilape|atk|1
|-boost|p2a: Annihilape|def|1
|move|p1b: Sneasler|Dire Claw|p2b: Pelipper
|-damage|p2b: Pelipper|0 fnt
|faint|p2b: Pelipper
|
|-weather|RainDance|[upkeep]
|upkeep
|
|t:|1756787088
|switch|p2b: Basculegion|Basculegion, L50, M, shiny|100/100
|turn|6
|inactive|satoshi000 has 30 seconds left.
|inactive|satoshi000 has 20 seconds left.
|inactive|satoshi000 has 15 seconds left.
|
|t:|1756787128
|move|p1a: Rillaboom|Grassy Glide|p2b: Basculegion
|-supereffective|p2b: Basculegion
|-damage|p2b: Basculegion|40/100
|move|p2b: Basculegion|Last Respects|p1a: Rillaboom
|-damage|p1a: Rillaboom|0 fnt
|faint|p1a: Rillaboom
|move|p2a: Annihilape|Rage Fist|p1b: Sneasler
|-damage|p1b: Sneasler|46/100
|move|p1b: Sneasler|Dire Claw|p2a: Annihilape
|-resisted|p2a: Annihilape
|-damage|p2a: Annihilape|94/100
|-status|p2a: Annihilape|slp
|
|-weather|RainDance|[upkeep]
|-heal|p2b: Basculegion|46/100|[from] Grassy Terrain
|-heal|p2a: Annihilape|99/100 slp|[from] Grassy Terrain
|-heal|p1b: Sneasler|52/100|[from] Grassy Terrain
|-sideend|p2: satoshi000|move: Tailwind
|upkeep
|c|☆satoshi000|f
|
|t:|1756787149
|switch|p1a: Dragonite|Dragonite, L50, F|15/100
|turn|7
|
|t:|1756787167
|move|p2b: Basculegion|Last Respects|p1a: Dragonite
|-damage|p1a: Dragonite|0 fnt
|faint|p1a: Dragonite
|move|p1b: Sneasler|Dire Claw|p2b: Basculegion
|-resisted|p2b: Basculegion
|-damage|p2b: Basculegion|28/100
|-status|p2b: Basculegion|slp
|cant|p2a: Annihilape|slp
|
|-weather|none
|-heal|p2b: Basculegion|34/100 slp|[from] Grassy Terrain
|-heal|p1b: Sneasler|58/100|[from] Grassy Terrain
|-heal|p2a: Annihilape|100/100 slp|[from] Grassy Terrain
|-fieldend|move: Grassy Terrain
|upkeep
|
|t:|1756787179
|switch|p1a: Gholdengo|Gholdengo, L50|100/100
|turn|8
|
|t:|1756787196
|-terastallize|p1a: Gholdengo|Water
|cant|p2b: Basculegion|slp
|move|p1b: Sneasler|Dire Claw|p2b: Basculegion
|-resisted|p2b: Basculegion
|-damage|p2b: Basculegion|17/100 slp
|-curestatus|p2a: Annihilape|slp|[msg]
|move|p2a: Annihilape|Rage Fist|p1a: Gholdengo
|-damage|p1a: Gholdengo|24/100
|move|p1a: Gholdengo|Nasty Plot|p1a: Gholdengo
|-boost|p1a: Gholdengo|spa|2
|
|upkeep
|turn|9
|inactive|sorrysoda has 30 seconds left.
|
|t:|1756787225
|-terastallize|p2a: Annihilape|Water
|-curestatus|p2b: Basculegion|slp|[msg]
|move|p2b: Basculegion|Last Respects|p1a: Gholdengo
|-damage|p1a: Gholdengo|0 fnt
|faint|p1a: Gholdengo
|move|p1b: Sneasler|Dire Claw|p2a: Annihilape
|-damage|p2a: Annihilape|85/100
|-status|p2a: Annihilape|slp
|cant|p2a: Annihilape|slp
|
|-sideend|p2: satoshi000|Reflect
|upkeep
|turn|10
|
|t:|1756787239
|move|p2b: Basculegion|Last Respects|p1b: Sneasler
|-damage|p1b: Sneasler|0 fnt
|faint|p1b: Sneasler
|
|win|satoshi000
||sorrysoda is ready for game 2.
||satoshi000 is ready for game 2.
|uhtml|next|Next: Game 2 of 3
|l|☆satoshi000
|player|p2|
