|j|☆Treit_3
|j|☆YuzukiVGC
|html|Treit_3YuzukiVGC    
|uhtml|bestof|Game 2 of a best-of-3
|t:|1783445985
|gametype|doubles
|player|p1|Treit_3|marshal|1172
|player|p2|YuzukiVGC|lucy|1179
|gen|9
|tier|[Gen 9 Champions] VGC 2026 Reg M-B (Bo3)
|rated|
|rule|Species Clause: Limit one of each Pokémon
|rule|Item Clause: Limit 1 of each item
|clearpoke
|poke|p1|Scrafty, L50, F|
|poke|p1|Blaziken, L50, M|
|poke|p1|Torterra, L50, M|
|poke|p1|Milotic, L50, F|
|poke|p1|Gholdengo, L50|
|poke|p1|Farigiraf, L50, M|
|poke|p2|Charizard, L50, M|
|poke|p2|Venusaur, L50, F|
|poke|p2|Garchomp, L50, M|
|poke|p2|Incineroar, L50, F|
|poke|p2|Sinistcha-Masterpiece, L50|
|poke|p2|Floette-Eternal, L50, F|
|teampreview|4
|showteam|p1|Scrafty||Scraftinite|Intimidate|FakeOut,Coaching,DrainPunch,ThroatChop|Adamant||F|||50|]Blaziken||Blazikenite|SpeedBoost|Detect,RockSlide,FlareBlitz,CloseCombat|Adamant||M|||50|]Torterra||Leftovers|ShellArmor|Protect,WideGuard,HeadlongRush,WoodHammer|Brave||M|||50|]Milotic||MysticWater|Competitive|Protect,Scald,MuddyWater,IceBeam|Modest||F|||50|]Gholdengo||LifeOrb|GoodasGold|Protect,NastyPlot,MakeItRain,ShadowBall|Modest|||||50|]Farigiraf||SitrusBerry|ArmorTail|Protect,TrickRoom,Thunderbolt,HyperVoice|Bold||M|||50|
|showteam|p2|Charizard||CharizarditeY|Blaze|Protect,HeatWave,WeatherBall,SolarBeam|Timid||M|||50|]Venusaur||FocusSash|Chlorophyll|Protect,SleepPowder,SludgeBomb,EarthPower|Timid||F|||50|]Garchomp||ChoiceScarf|SandVeil|Earthquake,RockSlide,StompingTantrum,DragonClaw|Jolly||M|||50|]Incineroar||SitrusBerry|Intimidate|FakeOut,PartingShot,FlareBlitz,ThroatChop|Adamant||F|||50|]Sinistcha-Masterpiece||KasibBerry|Hospitality|RagePowder,MatchaGotcha,TrickRoom,Protect|Relaxed|||||50|]Floette-Eternal||Floettite|FlowerVeil|Moonblast,DazzlingGleam,Protect,CalmMind|Relaxed||F|||50|
|inactive|Battle timer is ON: inactive players will automatically lose when time's up. (requested by YuzukiVGC)
|inactive|YuzukiVGC has 30 seconds left.
|
|t:|1783446029
|teamsize|p1|4
|teamsize|p2|4
|start
|switch|p1a: Scrafty|Scrafty, L50, F|100/100
|switch|p1b: Blaziken|Blaziken, L50, M|100/100
|switch|p2a: Garchomp|Garchomp, L50, M|100/100
|switch|p2b: Sinistcha|Sinistcha-Masterpiece, L50|100/100
|-ability|p1a: Scrafty|Intimidate|boost
|-unboost|p2a: Garchomp|atk|1
|-unboost|p2b: Sinistcha|atk|1
|turn|1
|inactive|Treit_3 has 30 seconds left.
|inactive|Treit_3 has 20 seconds left.
|inactive|Treit_3 has 15 seconds left.
|
|t:|1783446072
|detailschange|p1a: Scrafty|Scrafty-Mega, L50, F
|-mega|p1a: Scrafty|Scrafty|Scraftinite
|-ability|p1a: Scrafty|Intimidate|boost
|-unboost|p2a: Garchomp|atk|1
|-unboost|p2b: Sinistcha|atk|1
|move|p1b: Blaziken|Detect|p1b: Blaziken
|-singleturn|p1b: Blaziken|Protect
|move|p2a: Garchomp|Stomping Tantrum|p1b: Blaziken
|-activate|p1b: Blaziken|move: Protect
|move|p1a: Scrafty|Throat Chop|p2b: Sinistcha
|-supereffective|p2b: Sinistcha|1
|-damage|p2b: Sinistcha|35/100
|-start|p2b: Sinistcha|Throat Chop|[silent]
|move|p2b: Sinistcha|Trick Room|p2b: Sinistcha
|-fieldstart|move: Trick Room|[of] p2b: Sinistcha
|
|-ability|p1b: Blaziken|Speed Boost|boost
|-boost|p1b: Blaziken|spe|1
|upkeep
|turn|2
|inactive|Treit_3 has 30 seconds left.
|
|t:|1783446098
|switch|p2b: Venusaur|Venusaur, L50, F|100/100
|switch|p1b: Milotic|Milotic, L50, F|100/100
|move|p1a: Scrafty|Throat Chop|p2b: Venusaur
|-damage|p2b: Venusaur|44/100
|-start|p2b: Venusaur|Throat Chop|[silent]
|move|p2a: Garchomp|Stomping Tantrum|p1b: Milotic
|-damage|p1b: Milotic|81/100
|
|upkeep
|turn|3
|
|t:|1783446117
|switch|p2a: Sinistcha|Sinistcha-Masterpiece, L50|35/100
|-heal|p2b: Venusaur|69/100|[from] ability: Hospitality|[of] p2a: Sinistcha
|move|p1b: Milotic|Protect|p1b: Milotic
|-singleturn|p1b: Milotic|Protect
|move|p1a: Scrafty|Throat Chop|p2a: Sinistcha
|-supereffective|p2a: Sinistcha|1
|-damage|p2a: Sinistcha|0 fnt
|faint|p2a: Sinistcha
|move|p2b: Venusaur|Sleep Powder|p1a: Scrafty
|-status|p1a: Scrafty|slp|[from] move: Sleep Powder
|
|-end|p2b: Venusaur|Throat Chop|[silent]
|upkeep
|
|t:|1783446130
|switch|p2a: Charizard|Charizard, L50, M|100/100
|turn|4
|inactive|Treit_3 has 30 seconds left.
|
|t:|1783446167
|detailschange|p2a: Charizard|Charizard-Mega-Y, L50, M
|-mega|p2a: Charizard|Charizard|Charizardite Y
|-weather|SunnyDay|[from] ability: Drought|[of] p2a: Charizard
|move|p2b: Venusaur|Protect|p2b: Venusaur
|-singleturn|p2b: Venusaur|Protect
|cant|p1a: Scrafty|slp
|move|p1b: Milotic|Ice Beam|p2b: Venusaur
|-activate|p2b: Venusaur|move: Protect
|move|p2a: Charizard|Weather Ball|p1a: Scrafty
|-damage|p1a: Scrafty|29/100 slp
|
|-weather|SunnyDay|[upkeep]
|upkeep
|turn|5
|
|t:|1783446182
|cant|p1a: Scrafty|slp
|move|p1b: Milotic|Ice Beam|p2b: Venusaur
|-supereffective|p2b: Venusaur|1
|-damage|p2b: Venusaur|1/100
|move|p2a: Charizard|Heat Wave|p1a: Scrafty|[spread] p1a
|-miss|p2a: Charizard|p1b: Milotic
|-crit|p1a: Scrafty
|-damage|p1a: Scrafty|0 fnt
|faint|p1a: Scrafty
|move|p2b: Venusaur|Sleep Powder|p1b: Milotic
|-status|p1b: Milotic|slp|[from] move: Sleep Powder
|
|-weather|SunnyDay|[upkeep]
|-fieldend|move: Trick Room
|upkeep
|
|t:|1783446205
|switch|p1a: Blaziken|Blaziken, L50, M|100/100
|turn|6
|
|t:|1783446210
|move|p2b: Venusaur|Sleep Powder|p1a: Blaziken
|-status|p1a: Blaziken|slp|[from] move: Sleep Powder
|move|p2a: Charizard|Solar Beam||[still]
|-prepare|p2a: Charizard|Solar Beam
|-anim|p2a: Charizard|Solar Beam|p1b: Milotic
|-supereffective|p1b: Milotic|1
|-damage|p1b: Milotic|13/100 slp
|cant|p1a: Blaziken|slp
|cant|p1b: Milotic|slp
|
|-weather|SunnyDay|[upkeep]
|-ability|p1a: Blaziken|Speed Boost|boost
|-boost|p1a: Blaziken|spe|1
|upkeep
|turn|7
|inactive|Treit_3 has 30 seconds left.
|inactive|Treit_3 has 20 seconds left.
|
|t:|1783446253
|-curestatus|p1a: Blaziken|slp|[msg]
|move|p1a: Blaziken|Detect|p1a: Blaziken
|-singleturn|p1a: Blaziken|Protect
|move|p2b: Venusaur|Earth Power|p1a: Blaziken
|-activate|p1a: Blaziken|move: Protect
|move|p2a: Charizard|Heat Wave|p1b: Milotic|[spread] p1b
|-activate|p1a: Blaziken|move: Protect
|-resisted|p1b: Milotic|1
|-damage|p1b: Milotic|0 fnt
|faint|p1b: Milotic
|
|-weather|SunnyDay|[upkeep]
|-ability|p1a: Blaziken|Speed Boost|boost
|-boost|p1a: Blaziken|spe|1
|upkeep
|
|t:|1783446262
|switch|p1b: Farigiraf|Farigiraf, L50, M|100/100
|turn|8
|
|t:|1783446271
|switch|p2a: Garchomp|Garchomp, L50, M|100/100
|move|p2b: Venusaur|Sleep Powder|p1b: Farigiraf|[miss]
|-miss|p2b: Venusaur|p1b: Farigiraf
|move|p1a: Blaziken|Rock Slide|p2b: Venusaur|[spread] p2a,p2b
|-resisted|p2a: Garchomp|1
|-damage|p2a: Garchomp|89/100
|-damage|p2b: Venusaur|0 fnt
|faint|p2b: Venusaur
|move|p1b: Farigiraf|Trick Room|p1b: Farigiraf
|-fieldstart|move: Trick Room|[of] p1b: Farigiraf
|
|-weather|none
|-ability|p1a: Blaziken|Speed Boost|boost
|-boost|p1a: Blaziken|spe|1
|upkeep
|
|t:|1783446276
|switch|p2b: Charizard|Charizard-Mega-Y, L50, M|100/100
|-weather|SunnyDay|[from] ability: Drought|[of] p2b: Charizard
|turn|9
|
|t:|1783446298
|move|p2b: Charizard|Protect|p2b: Charizard
|-singleturn|p2b: Charizard|Protect
|move|p1a: Blaziken|Detect|p1a: Blaziken
|-singleturn|p1a: Blaziken|Protect
|move|p2a: Garchomp|Earthquake|p1b: Farigiraf|[spread] p1b
|-activate|p2b: Charizard|move: Protect
|-activate|p1a: Blaziken|move: Protect
|-crit|p1b: Farigiraf
|-damage|p1b: Farigiraf|51/100
|move|p1b: Farigiraf|Trick Room|p1b: Farigiraf
|-fieldend|move: Trick Room
|
|-weather|SunnyDay|[upkeep]
|-ability|p1a: Blaziken|Speed Boost|boost
|-boost|p1a: Blaziken|spe|1
|upkeep
|turn|10
|
|t:|1783446314
|move|p2b: Charizard|Protect||[still]
|-fail|p2b: Charizard
|move|p1a: Blaziken|Rock Slide|p2b: Charizard|[spread] p2a,p2b
|-resisted|p2a: Garchomp|1
|-supereffective|p2b: Charizard|2
|-damage|p2a: Garchomp|79/100
|-damage|p2b: Charizard|0 fnt
|faint|p2b: Charizard
|move|p2a: Garchomp|Earthquake|p1b: Farigiraf|[spread] p1a,p1b
|-supereffective|p1a: Blaziken|1
|-damage|p1a: Blaziken|0 fnt
|-damage|p1b: Farigiraf|19/100
|-enditem|p1b: Farigiraf|Sitrus Berry|[eat]
|-heal|p1b: Farigiraf|44/100|[from] item: Sitrus Berry
|faint|p1a: Blaziken
|move|p1b: Farigiraf|Hyper Voice|p2a: Garchomp
|-damage|p2a: Garchomp|36/100
|
|-weather|SunnyDay|[upkeep]
|upkeep
|turn|11
|
|t:|1783446328
|move|p2a: Garchomp|Earthquake|p1b: Farigiraf
|-damage|p1b: Farigiraf|1/100
|move|p1b: Farigiraf|Hyper Voice|p2a: Garchomp
|-damage|p2a: Garchomp|0 fnt
|faint|p2a: Garchomp
|
|win|Treit_3
|l|☆YuzukiVGC
|player|p2|
||YuzukiVGC is ready for game 3.
|inactive|Treit_3 has 30 seconds to confirm battle start!
||Treit_3 is ready for game 3.
|uhtml|next|Next: Game 3 of 3
