|j|☆JobberKatie
|j|☆archyx
|html|JobberKatiearchyx    
|uhtml|bestof|Game 3 of a best-of-3
|t:|1756310111
|gametype|doubles
|player|p1|JobberKatie|bellelba|1075
|player|p2|archyx|ethan|1189
|gen|9
|tier|[Gen 9] VGC 2025 Reg H (Bo3)
|rated|
|rule|Species Clause: Limit one of each Pokémon
|rule|Item Clause: Limit 1 of each item
|clearpoke
|poke|p1|Volcarona, L50, F|
|poke|p1|Rillaboom, L50, F|
|poke|p1|Tyranitar, L50, M|
|poke|p1|Dragonite, L50, F|
|poke|p1|Jumpluff, L50, M|
|poke|p1|Primarina, L50, M|
|poke|p2|Indeedee-F, L50, F|
|poke|p2|Gallade, L50, M|
|poke|p2|Torkoal, L50, M|
|poke|p2|Ursaluna, L50, F|
|poke|p2|Exeggutor, L50, M|
|poke|p2|Zoroark-Hisui, L50, F|
|teampreview|4
|showteam|p1|Volcarona||GrassySeed|FlameBody|QuiverDance,HeatWave,TeraBlast,Protect|||F|||50|,,,,,Fairy]Rillaboom||AssaultVest|GrassySurge|HighHorsepower,GrassyGlide,Uturn,FakeOut|||F|||50|,,,,,Fire]Tyranitar||LifeOrb|SandStream|RockSlide,KnockOff,Protect,DragonDance|||M|||50|,,,,,Ghost]Dragonite||LoadedDice|Multiscale|ExtremeSpeed,IceSpinner,Protect,ScaleShot|||F|||50|,,,,,Steel]Jumpluff||CovertCloak|Chlorophyll|SleepPowder,Tailwind,Encore,LeafStorm|||M|||50|,,,,,Water]Primarina||SitrusBerry|LiquidVoice|HyperVoice,Moonblast,Protect,Haze|||M|||50|,,,,,Poison
|showteam|p2|Indeedee-F||RockyHelmet|PsychicSurge|Psychic,HelpingHand,FollowMe,TrickRoom|||F|||50|,,,,,Fairy]Gallade||ClearAmulet|Sharpness|SacredSword,PsychoCut,WideGuard,TrickRoom|||M|||50|,,,,,Grass]Torkoal||Charcoal|Drought|Eruption,WeatherBall,HeatWave,Protect|||M|||50|,,,,,Fire]Ursaluna||FlameOrb|Guts|Facade,HeadlongRush,Earthquake,Protect|||F|||50|,,,,,Ghost]Exeggutor||FocusSash|Chlorophyll|ExpandingForce,LeafStorm,SleepPowder,TrickRoom|||M|||50|,,,,,Psychic]Zoroark-Hisui||LifeOrb|Illusion|HyperBeam,HyperVoice,ShadowBall,Flamethrower|||F|||50|,,,,,Stellar
|inactive|Battle timer is ON: inactive players will automatically lose when time's up. (requested by archyx)
|
|t:|1756310132
|teamsize|p1|4
|teamsize|p2|4
|start
|switch|p1a: Sanji|Volcarona, L50, F|100/100
|switch|p1b: Rocks D Xebec|Tyranitar, L50, M|100/100
|switch|p2a: Indeedee|Indeedee-F, L50, F|100/100
|switch|p2b: Gallade|Gallade, L50, M|100/100
|-weather|Sandstorm|[from] ability: Sand Stream|[of] p1b: Rocks D Xebec
|-fieldstart|move: Psychic Terrain|[from] ability: Psychic Surge|[of] p2a: Indeedee
|turn|1
|
|t:|1756310146
|move|p2a: Indeedee|Follow Me|p2a: Indeedee
|-singleturn|p2a: Indeedee|move: Follow Me
|move|p1a: Sanji|Quiver Dance|p1a: Sanji
|-boost|p1a: Sanji|spa|1
|-boost|p1a: Sanji|spd|1
|-boost|p1a: Sanji|spe|1
|move|p1b: Rocks D Xebec|Rock Slide|p2b: Gallade|[spread] p2a,p2b
|-crit|p2a: Indeedee
|-resisted|p2b: Gallade
|-damage|p2a: Indeedee|41/100
|-damage|p2b: Gallade|69/100
|-damage|p1b: Rocks D Xebec|91/100|[from] item: Life Orb
|move|p2b: Gallade|Trick Room|p2b: Gallade
|-fieldstart|move: Trick Room|[of] p2b: Gallade
|
|-weather|Sandstorm|[upkeep]
|-damage|p2b: Gallade|63/100|[from] Sandstorm
|-damage|p2a: Indeedee|35/100|[from] Sandstorm
|-damage|p1a: Sanji|94/100|[from] Sandstorm
|upkeep
|turn|2
|inactive|archyx has 30 seconds left.
|inactive|archyx has 20 seconds left.
|
|t:|1756310185
|switch|p2a: Torkoal|Torkoal, L50, M|100/100
|-weather|SunnyDay|[from] ability: Drought|[of] p2a: Torkoal
|-terastallize|p1b: Rocks D Xebec|Ghost
|move|p2b: Gallade|Wide Guard|p2b: Gallade
|-singleturn|p2b: Gallade|Wide Guard
|move|p1b: Rocks D Xebec|Dragon Dance|p1b: Rocks D Xebec
|-boost|p1b: Rocks D Xebec|atk|1
|-boost|p1b: Rocks D Xebec|spe|1
|move|p1a: Sanji|Quiver Dance|p1a: Sanji
|-boost|p1a: Sanji|spa|1
|-boost|p1a: Sanji|spd|1
|-boost|p1a: Sanji|spe|1
|
|-weather|SunnyDay|[upkeep]
|upkeep
|turn|3
|
|t:|1756310208
|move|p1a: Sanji|Protect|p1a: Sanji
|-singleturn|p1a: Sanji|Protect
|move|p2a: Torkoal|Eruption|p1a: Sanji|[spread] p1b
|-activate|p1a: Sanji|move: Protect
|-damage|p1b: Rocks D Xebec|7/100
|move|p2b: Gallade|Psycho Cut|p1b: Rocks D Xebec
|-crit|p1b: Rocks D Xebec
|-damage|p1b: Rocks D Xebec|0 fnt
|faint|p1b: Rocks D Xebec
|
|-weather|SunnyDay|[upkeep]
|upkeep
|
|t:|1756310213
|switch|p1b: Monkey D Garp|Rillaboom, L50, F|100/100
|-fieldstart|move: Grassy Terrain|[from] ability: Grassy Surge|[of] p1b: Monkey D Garp
|-enditem|p1a: Sanji|Grassy Seed
|-boost|p1a: Sanji|def|1|[from] item: Grassy Seed
|turn|4
|
|t:|1756310230
|switch|p2b: Indeedee|Indeedee-F, L50, F|35/100
|-fieldstart|move: Psychic Terrain|[from] ability: Psychic Surge|[of] p2b: Indeedee
|-terastallize|p2a: Torkoal|Fire
|move|p1b: Monkey D Garp|Fake Out|p2a: Torkoal
|-activate|p2a: Torkoal|move: Psychic Terrain
|move|p2a: Torkoal|Eruption|p1b: Monkey D Garp|[spread] p1a,p1b
|-crit|p1a: Sanji
|-supereffective|p1b: Monkey D Garp
|-damage|p1a: Sanji|0 fnt
|-damage|p1b: Monkey D Garp|0 fnt
|faint|p1a: Sanji
|faint|p1b: Monkey D Garp
|
|-weather|SunnyDay|[upkeep]
|upkeep
|
|t:|1756310236
|switch|p1b: Kuma|Dragonite, L50, F|100/100
|turn|5
|
|t:|1756310257
|move|p1b: Kuma|Protect|p1b: Kuma
|-singleturn|p1b: Kuma|Protect
|move|p2a: Torkoal|Weather Ball|p1b: Kuma
|-activate|p1b: Kuma|move: Protect
|move|p2b: Indeedee|Psychic|p1b: Kuma
|-activate|p1b: Kuma|move: Protect
|
|-weather|SunnyDay|[upkeep]
|-fieldend|move: Trick Room
|upkeep
|turn|6
|c|☆JobberKatie|Gg
|
|t:|1756310272
|move|p2b: Indeedee|Helping Hand|p2a: Torkoal
|-singleturn|p2a: Torkoal|Helping Hand|[of] p2b: Indeedee
|move|p1b: Kuma|Scale Shot|p2a: Torkoal
|-damage|p2a: Torkoal|90/100
|-damage|p2a: Torkoal|79/100
|-damage|p2a: Torkoal|67/100
|-damage|p2a: Torkoal|55/100
|-damage|p2a: Torkoal|43/100
|-hitcount|p2a: Torkoal|5
|-unboost|p1b: Kuma|def|1
|-boost|p1b: Kuma|spe|1
|move|p2a: Torkoal|Weather Ball|p1b: Kuma
|-resisted|p1b: Kuma
|-damage|p1b: Kuma|61/100
|
|-weather|none
|upkeep
|turn|7
|
|t:|1756310294
|move|p1b: Kuma|Scale Shot|p2a: Torkoal
|-damage|p2a: Torkoal|31/100
|-damage|p2a: Torkoal|21/100
|-damage|p2a: Torkoal|10/100
|-damage|p2a: Torkoal|0 fnt
|faint|p2a: Torkoal
|-hitcount|p2: Torkoal|4
|-unboost|p1b: Kuma|def|1
|-boost|p1b: Kuma|spe|1
|move|p2b: Indeedee|Trick Room|p2b: Indeedee
|-fieldstart|move: Trick Room|[of] p2b: Indeedee
|
|upkeep
|
|t:|1756310305
|switch|p2a: Ursaluna|Ursaluna, L50, F|100/100
|turn|8
|
|t:|1756310325
|move|p1b: Kuma|Protect|p1b: Kuma
|-singleturn|p1b: Kuma|Protect
|move|p2a: Ursaluna|Facade|p1b: Kuma
|-activate|p1b: Kuma|move: Protect
|move|p2b: Indeedee|Psychic|p1b: Kuma
|-activate|p1b: Kuma|move: Protect
|
|-fieldend|move: Psychic Terrain
|-status|p2a: Ursaluna|brn|[from] item: Flame Orb
|upkeep
|turn|9
|
|t:|1756310349
|move|p1b: Kuma|Extreme Speed|p2a: Ursaluna
|-damage|p2a: Ursaluna|78/100 brn
|move|p2a: Ursaluna|Facade|p1b: Kuma
|-damage|p1b: Kuma|0 fnt
|faint|p1b: Kuma
|
|win|archyx
|raw|JobberKatie's rating: 1075 → 1060(-15 for losing)
|raw|archyx's rating: 1189 → 1206(+17 for winning)
|l|☆JobberKatie
|player|p1|
|l|☆archyx
|player|p2|
|j|☆archyx
|player|p2|archyx|ethan|
