|j|☆enrico20022002
|j|☆vikaenjoyer
|html|enrico20022002vikaenjoyer    
|uhtml|bestof|Game 2 of a best-of-3
|t:|1756411017
|gametype|doubles
|player|p1|enrico20022002|1|1170
|player|p2|vikaenjoyer|169|1154
|gen|9
|tier|[Gen 9] VGC 2025 Reg H (Bo3)
|rated|
|rule|Species Clause: Limit one of each Pokémon
|rule|Item Clause: Limit 1 of each item
|clearpoke
|poke|p1|Sneasler, L50, M|
|poke|p1|Dragonite, L50, M|
|poke|p1|Electabuzz, L50, M|
|poke|p1|Volcarona, L50, M|
|poke|p1|Incineroar, L50, M|
|poke|p1|Kingambit, L50, F|
|poke|p2|Bronzong, L50|
|poke|p2|Incineroar, L50, M|
|poke|p2|Sneasler, L50, F|
|poke|p2|Vikavolt, L50, F|
|poke|p2|Ursaluna, L50, F|
|poke|p2|Ninetales-Alola, L50, M|
|teampreview|4
|showteam|p1|Sneasler||FocusSash|PoisonTouch|CloseCombat,DireClaw,FakeOut,Coaching|||M|||50|,,,,,Stellar]Dragonite||LoadedDice|Multiscale|ScaleShot,ExtremeSpeed,Protect,Haze|||M|||50|,,,,,Fairy]Electabuzz||Eviolite|VitalSpirit|Electroweb,Taunt,FollowMe,Protect|||M|||50|,,,,,Ghost]Volcarona||CovertCloak|FlameBody|QuiverDance,Protect,HeatWave,TeraBlast|||M|||50|,,,,,Fairy]Incineroar||AssaultVest|Intimidate|Snarl,FakeOut,Uturn,FlareBlitz|||M|||50|,,,,,Ghost]Kingambit||LumBerry|Defiant|SuckerPunch,KowtowCleave,SwordsDance,Protect|||F|||50|,,,,,Dark
|showteam|p2|Bronzong||SafetyGoggles|Levitate|Psychic,BodyPress,IronDefense,TrickRoom||||||50|,,,,,Water]Incineroar||LumBerry|Intimidate|FakeOut,FlareBlitz,KnockOff,PartingShot|||M|||50|,,,,,Ghost]Sneasler||FocusSash|PoisonTouch|Protect,DireClaw,CloseCombat,ThroatChop|||F|||50|,,,,,Dark]Vikavolt||Magnet|Levitate|Protect,Thunderbolt,BugBuzz,Discharge|||F|||50|,,,,,Electric]Ursaluna||FlameOrb|Guts|Protect,Facade,HeadlongRush,Earthquake|||F|||50|,,,,,Ghost]Ninetales-Alola||LightClay|SnowWarning|Protect,Blizzard,AuroraVeil,Moonblast|||M|||50|,,,,,Water
|inactive|Battle timer is ON: inactive players will automatically lose when time's up. (requested by enrico20022002)
|
|t:|1756411042
|teamsize|p1|4
|teamsize|p2|4
|start
|switch|p1a: Volcarona|Volcarona, L50, M|100/100
|switch|p1b: Electabuzz|Electabuzz, L50, M|100/100
|switch|p2a: Sneasler|Sneasler, L50, F|100/100
|switch|p2b: Bronzong|Bronzong, L50|100/100
|turn|1
|
|t:|1756411055
|-terastallize|p1b: Electabuzz|Ghost
|-terastallize|p2b: Bronzong|Water
|move|p2a: Sneasler|Dire Claw|p1a: Volcarona
|-damage|p1a: Volcarona|63/100
|move|p1a: Volcarona|Quiver Dance|p1a: Volcarona
|-boost|p1a: Volcarona|spa|1
|-boost|p1a: Volcarona|spd|1
|-boost|p1a: Volcarona|spe|1
|move|p1b: Electabuzz|Taunt|p2b: Bronzong
|-start|p2b: Bronzong|move: Taunt
|move|p2b: Bronzong|Psychic|p1a: Volcarona
|-damage|p1a: Volcarona|48/100
|
|upkeep
|turn|2
|inactive|vikaenjoyer has 30 seconds left.
|
|t:|1756411081
|switch|p2a: Incineroar|Incineroar, L50, M|100/100
|-ability|p2a: Incineroar|Intimidate|boost
|-unboost|p1a: Volcarona|atk|1
|-unboost|p1b: Electabuzz|atk|1
|move|p1b: Electabuzz|Follow Me|p1b: Electabuzz
|-singleturn|p1b: Electabuzz|move: Follow Me
|move|p1a: Volcarona|Heat Wave|p2b: Bronzong|[spread] p2a,p2b
|-resisted|p2a: Incineroar
|-resisted|p2b: Bronzong
|-damage|p2a: Incineroar|81/100
|-damage|p2b: Bronzong|79/100
|move|p2b: Bronzong|Psychic|p1b: Electabuzz
|-damage|p1b: Electabuzz|80/100
|
|upkeep
|turn|3
|
|t:|1756411098
|switch|p1b: Incineroar|Incineroar, L50, M|100/100
|-ability|p1b: Incineroar|Intimidate|boost
|-unboost|p2a: Incineroar|atk|1
|-unboost|p2b: Bronzong|atk|1
|move|p1a: Volcarona|Quiver Dance|p1a: Volcarona
|-boost|p1a: Volcarona|spa|1
|-boost|p1a: Volcarona|spd|1
|-boost|p1a: Volcarona|spe|1
|move|p2a: Incineroar|Knock Off|p1a: Volcarona
|-damage|p1a: Volcarona|24/100
|-enditem|p1a: Volcarona|Covert Cloak|[from] move: Knock Off|[of] p2a: Incineroar
|move|p2b: Bronzong|Psychic|p1a: Volcarona
|-damage|p1a: Volcarona|12/100
|
|-end|p2b: Bronzong|move: Taunt
|upkeep
|turn|4
|inactive|enrico20022002 has 30 seconds left.
|inactive|vikaenjoyer has 30 seconds left.
|
|t:|1756411132
|move|p1b: Incineroar|Fake Out|p2b: Bronzong
|-damage|p2b: Bronzong|71/100
|move|p1a: Volcarona|Tera Blast|p2b: Bronzong
|-damage|p2b: Bronzong|30/100
|move|p2a: Incineroar|Knock Off|p1a: Volcarona
|-damage|p1a: Volcarona|0 fnt
|faint|p1a: Volcarona
|cant|p2b: Bronzong|flinch
|
|upkeep
|
|t:|1756411142
|switch|p1a: Kingambit|Kingambit, L50, F|100/100
|turn|5
|
|t:|1756411153
|move|p1b: Incineroar|U-turn|p2b: Bronzong
|-damage|p2b: Bronzong|16/100
|
|t:|1756411156
|switch|p1b: Electabuzz|Electabuzz, L50, M, tera:Ghost|80/100|[from] U-turn
|move|p2a: Incineroar|Parting Shot|p1b: Electabuzz
|-unboost|p1b: Electabuzz|atk|1
|-unboost|p1b: Electabuzz|spa|1
|
|t:|1756411158
|switch|p2a: Ursaluna|Ursaluna, L50, F|100/100|[from] Parting Shot
|move|p1a: Kingambit|Swords Dance|p1a: Kingambit
|-boost|p1a: Kingambit|atk|2
|move|p2b: Bronzong|Trick Room|p2b: Bronzong
|-fieldstart|move: Trick Room|[of] p2b: Bronzong
|
|-status|p2a: Ursaluna|brn|[from] item: Flame Orb
|upkeep
|turn|6
|
|t:|1756411179
|switch|p1b: Incineroar|Incineroar, L50, M|100/100
|-ability|p1b: Incineroar|Intimidate|boost
|-unboost|p2a: Ursaluna|atk|1
|-unboost|p2b: Bronzong|atk|1
|move|p1a: Kingambit|Protect|p1a: Kingambit
|-singleturn|p1a: Kingambit|Protect
|move|p2b: Bronzong|Psychic|p1b: Incineroar
|-immune|p1b: Incineroar
|move|p2a: Ursaluna|Earthquake|p1b: Incineroar|[spread] p1b
|-activate|p1a: Kingambit|move: Protect
|-immune|p2b: Bronzong|[from] ability: Levitate
|-supereffective|p1b: Incineroar
|-damage|p1b: Incineroar|11/100
|
|-damage|p2a: Ursaluna|95/100 brn|[from] brn
|upkeep
|turn|7
|
|t:|1756411203
|move|p1b: Incineroar|Fake Out|p2a: Ursaluna
|-damage|p2a: Ursaluna|87/100 brn
|move|p2b: Bronzong|Body Press|p1a: Kingambit
|-supereffective|p1a: Kingambit
|-damage|p1a: Kingambit|14/100
|cant|p2a: Ursaluna|flinch
|move|p1a: Kingambit|Swords Dance|p1a: Kingambit
|-boost|p1a: Kingambit|atk|2
|
|-damage|p2a: Ursaluna|81/100 brn|[from] brn
|upkeep
|turn|8
|
|t:|1756411219
|move|p1a: Kingambit|Protect|p1a: Kingambit
|-singleturn|p1a: Kingambit|Protect
|move|p2b: Bronzong|Body Press|p1a: Kingambit
|-activate|p1a: Kingambit|move: Protect
|move|p2a: Ursaluna|Earthquake|p1a: Kingambit|[spread] p1b
|-activate|p1a: Kingambit|move: Protect
|-immune|p2b: Bronzong|[from] ability: Levitate
|-supereffective|p1b: Incineroar
|-damage|p1b: Incineroar|0 fnt
|faint|p1b: Incineroar
|
|-damage|p2a: Ursaluna|75/100 brn|[from] brn
|upkeep
|
|t:|1756411224
|switch|p1b: Electabuzz|Electabuzz, L50, M, tera:Ghost|80/100
|turn|9
|
|t:|1756411233
|move|p2a: Ursaluna|Protect|p2a: Ursaluna
|-singleturn|p2a: Ursaluna|Protect
|move|p1b: Electabuzz|Follow Me|p1b: Electabuzz
|-singleturn|p1b: Electabuzz|move: Follow Me
|move|p1a: Kingambit|Sucker Punch||[still]
|-fail|p1a: Kingambit
|move|p2b: Bronzong|Psychic|p1b: Electabuzz
|-crit|p1b: Electabuzz
|-damage|p1b: Electabuzz|50/100
|
|-damage|p2a: Ursaluna|69/100 brn|[from] brn
|-fieldend|move: Trick Room
|upkeep
|turn|10
|
|t:|1756411253
|move|p1b: Electabuzz|Follow Me|p1b: Electabuzz
|-singleturn|p1b: Electabuzz|move: Follow Me
|move|p1a: Kingambit|Kowtow Cleave|p2a: Ursaluna
|-crit|p2a: Ursaluna
|-damage|p2a: Ursaluna|0 fnt
|faint|p2a: Ursaluna
|move|p2b: Bronzong|Body Press|p1b: Electabuzz
|-immune|p1b: Electabuzz
|
|upkeep
|
|t:|1756411269
|switch|p2a: Sneasler|Sneasler, L50, F|100/100
|turn|11
|
|t:|1756411277
|move|p1a: Kingambit|Sucker Punch|p2b: Bronzong
|-damage|p2b: Bronzong|0 fnt
|faint|p2b: Bronzong
|move|p2a: Sneasler|Throat Chop|p1b: Electabuzz
|-supereffective|p1b: Electabuzz
|-damage|p1b: Electabuzz|12/100
|-start|p1b: Electabuzz|Throat Chop|[silent]
|-status|p1b: Electabuzz|psn|[from] ability: Poison Touch|[of] p2a: Sneasler
|move|p1b: Electabuzz|Electroweb|p2a: Sneasler
|-crit|p2a: Sneasler
|-damage|p2a: Sneasler|60/100
|-unboost|p2a: Sneasler|spe|1
|
|-damage|p1b: Electabuzz|0 fnt|[from] psn
|faint|p1b: Electabuzz
|upkeep
|
|t:|1756411279
|switch|p2b: Incineroar|Incineroar, L50, M|81/100
|-ability|p2b: Incineroar|Intimidate|boost
|-unboost|p1a: Kingambit|atk|1
|-ability|p1a: Kingambit|Defiant|boost
|-boost|p1a: Kingambit|atk|2
|turn|12
|
|t:|1756411292
|move|p2b: Incineroar|Fake Out|p1a: Kingambit
|-resisted|p1a: Kingambit
|-damage|p1a: Kingambit|9/100
|cant|p1a: Kingambit|flinch
|move|p2a: Sneasler|Close Combat|p1a: Kingambit
|-supereffective|p1a: Kingambit
|-damage|p1a: Kingambit|0 fnt
|-unboost|p2a: Sneasler|def|1
|-unboost|p2a: Sneasler|spd|1
|faint|p1a: Kingambit
|
|win|vikaenjoyer
|raw|enrico20022002's rating: 1170 → 1144(-26 for losing)
|raw|vikaenjoyer's rating: 1154 → 1180(+26 for winning)
|l|☆enrico20022002
|player|p1|
