|j|☆iaintwolfey
|j|☆pepelniciq2
|html|iaintwolfeypepelniciq2    
|uhtml|bestof|Game 2 of a best-of-3
|t:|1782532822
|gametype|doubles
|player|p1|iaintwolfey|1|1049
|player|p2|pepelniciq2|miku-ghost|1132
|gen|9
|tier|[Gen 9 Champions] VGC 2026 Reg M-B (Bo3)
|rated|
|rule|Species Clause: Limit one of each Pokémon
|rule|Item Clause: Limit 1 of each item
|clearpoke
|poke|p1|Tyranitar, L50, M|
|poke|p1|Talonflame, L50, M|
|poke|p1|Sneasler, L50, F|
|poke|p1|Sinistcha, L50|
|poke|p1|Steelix, L50, F|
|poke|p1|Rotom-Wash, L50|
|poke|p2|Aerodactyl, L50, M|
|poke|p2|Mawile, L50, M|
|poke|p2|Farigiraf, L50, M|
|poke|p2|Vileplume, L50, M|
|poke|p2|Torkoal, L50, M|
|poke|p2|Staraptor, L50, M|
|teampreview|4
|showteam|p1|Tyranitar||Tyranitarite|SandStream|KnockOff,RockSlide,Protect,DragonDance|Adamant||M|||50|]Talonflame||LifeOrb|GaleWings|FeatherDance,BraveBird,FlareBlitz,Protect|Adamant||M|||50|]Sneasler||WhiteHerb|Unburden|FakeOut,CloseCombat,DireClaw,Protect|Adamant||F|||50|]Sinistcha||Leftovers|Hospitality|RagePowder,Protect,TrickRoom,MatchaGotcha|Bold|||||50|]Steelix||Steelixite|SheerForce|HeavySlam,HighHorsepower,Protect,WideGuard|Impish||F|||50|]Rotom-Wash||ZoomLens|Levitate|WillOWisp,HydroPump,LightScreen,Thunderbolt|Modest|||||50|
|showteam|p2|Aerodactyl||Aerodactylite|Unnerve|RockSlide,DualWingbeat,SunnyDay,Protect|Jolly||M|||50|]Mawile||Mawilite|Intimidate|PlayRough,IronHead,SuckerPunch,Protect|Brave||M|||50|]Farigiraf||SitrusBerry|ArmorTail|Psychic,Thunderbolt,TrickRoom,HelpingHand|Relaxed||M|||50|]Vileplume||FocusSash|Chlorophyll|SolarBeam,SludgeBomb,SleepPowder,AfterYou|Timid||M|||50|]Torkoal||Charcoal|Drought|Eruption,EarthPower,WeatherBall,Protect|Quiet||M|||50|]Staraptor||ChoiceScarf|Intimidate|FinalGambit,BraveBird,SunnyDay,Uturn|Jolly||M|||50|
|inactive|Battle timer is ON: inactive players will automatically lose when time's up. (requested by iaintwolfey)
|j| senseii trey
|
|t:|1782532837
|teamsize|p1|4
|teamsize|p2|4
|start
|switch|p1a: Rotom|Rotom-Wash, L50|100/100
|switch|p1b: Sneasler|Sneasler, L50, F|100/100
|switch|p2a: Vileplume|Vileplume, L50, M|100/100
|switch|p2b: Torkoal|Torkoal, L50, M|100/100
|-weather|SunnyDay|[from] ability: Drought|[of] p2b: Torkoal
|turn|1
|
|t:|1782532855
|switch|p1b: Tyranitar|Tyranitar, L50, M|100/100
|-weather|Sandstorm|[from] ability: Sand Stream|[of] p1b: Tyranitar
|switch|p2b: Farigiraf|Farigiraf, L50, M|100/100
|move|p2a: Vileplume|Sleep Powder|p1b: Tyranitar
|-status|p1b: Tyranitar|slp|[from] move: Sleep Powder
|move|p1a: Rotom|Hydro Pump|p2b: Farigiraf
|-damage|p2b: Farigiraf|51/100
|
|-weather|Sandstorm|[upkeep]
|-damage|p2a: Vileplume|94/100|[from] Sandstorm
|-damage|p1a: Rotom|94/100|[from] Sandstorm
|-damage|p2b: Farigiraf|45/100|[from] Sandstorm
|-enditem|p2b: Farigiraf|Sitrus Berry|[eat]
|-heal|p2b: Farigiraf|70/100|[from] item: Sitrus Berry
|upkeep
|turn|2
|
|t:|1782532876
|switch|p2b: Torkoal|Torkoal, L50, M|100/100
|-weather|SunnyDay|[from] ability: Drought|[of] p2b: Torkoal
|move|p2a: Vileplume|Solar Beam||[still]
|-prepare|p2a: Vileplume|Solar Beam
|-anim|p2a: Vileplume|Solar Beam|p1b: Tyranitar
|-supereffective|p1b: Tyranitar|1
|-damage|p1b: Tyranitar|0 fnt
|faint|p1b: Tyranitar
|move|p1a: Rotom|Light Screen|p1a: Rotom
|-sidestart|p1: iaintwolfey|move: Light Screen
|
|-weather|SunnyDay|[upkeep]
|upkeep
|
|t:|1782532887
|switch|p1b: Talonflame|Talonflame, L50, M|100/100
|turn|3
|
|t:|1782532900
|switch|p2b: Farigiraf|Farigiraf, L50, M|70/100
|move|p2a: Vileplume|Sleep Powder|p1b: Talonflame
|-status|p1b: Talonflame|slp|[from] move: Sleep Powder
|cant|p1b: Talonflame|slp
|move|p1a: Rotom|Thunderbolt|p2b: Farigiraf
|-damage|p2b: Farigiraf|31/100
|
|-weather|SunnyDay|[upkeep]
|upkeep
|turn|4
|
|t:|1782532914
|move|p2a: Vileplume|Solar Beam||[still]
|-prepare|p2a: Vileplume|Solar Beam
|-anim|p2a: Vileplume|Solar Beam|p1a: Rotom
|-supereffective|p1a: Rotom|1
|-damage|p1a: Rotom|14/100
|-curestatus|p1b: Talonflame|slp|[msg]
|move|p1b: Talonflame|Flare Blitz|p2a: Vileplume
|-supereffective|p2a: Vileplume|1
|-damage|p2a: Vileplume|0 fnt
|faint|p2a: Vileplume
|-damage|p1b: Talonflame|69/100|[from] Recoil
|-damage|p1b: Talonflame|59/100|[from] item: Life Orb
|move|p1a: Rotom|Thunderbolt|p2b: Farigiraf
|-damage|p2b: Farigiraf|0 fnt
|faint|p2b: Farigiraf
|
|-weather|SunnyDay|[upkeep]
|upkeep
|
|t:|1782532939
|switch|p2a: Torkoal|Torkoal, L50, M|100/100
|switch|p2b: Mawile|Mawile, L50, M|100/100
|-ability|p2b: Mawile|Intimidate|boost
|-unboost|p1a: Rotom|atk|1
|-unboost|p1b: Talonflame|atk|1
|turn|5
|
|t:|1782532952
|detailschange|p2b: Mawile|Mawile-Mega, L50, M
|-mega|p2b: Mawile|Mawile|Mawilite
|move|p2b: Mawile|Sucker Punch|p1b: Talonflame
|-damage|p1b: Talonflame|0 fnt
|faint|p1b: Talonflame
|move|p1a: Rotom|Thunderbolt|p2a: Torkoal
|-damage|p2a: Torkoal|38/100
|move|p2a: Torkoal|Eruption|p1a: Rotom
|-resisted|p1a: Rotom|1
|-damage|p1a: Rotom|0 fnt
|faint|p1a: Rotom
|
|-weather|SunnyDay|[upkeep]
|upkeep
|
|t:|1782532959
|switch|p1b: Sneasler|Sneasler, L50, F|100/100
|turn|6
|
|t:|1782532978
|move|p2b: Mawile|Protect|p2b: Mawile
|-singleturn|p2b: Mawile|Protect
|move|p2a: Torkoal|Protect|p2a: Torkoal
|-singleturn|p2a: Torkoal|Protect
|move|p1b: Sneasler|Close Combat|p2a: Torkoal
|-activate|p2a: Torkoal|move: Protect
|
|-weather|none
|-sideend|p1: iaintwolfey|move: Light Screen
|upkeep
|turn|7
|
|t:|1782532990
|move|p1b: Sneasler|Close Combat|p2a: Torkoal
|-damage|p2a: Torkoal|0 fnt
|-unboost|p1b: Sneasler|def|1
|-unboost|p1b: Sneasler|spd|1
|faint|p2a: Torkoal
|-enditem|p1b: Sneasler|White Herb
|-clearnegativeboost|p1b: Sneasler|[silent]
|move|p2b: Mawile|Play Rough|p1b: Sneasler
|-damage|p1b: Sneasler|0 fnt
|faint|p1b: Sneasler
|
|win|pepelniciq2
|inactive|iaintwolfey has 30 seconds to confirm battle start!
|inactive|pepelniciq2 has 30 seconds to confirm battle start!
||pepelniciq2 is ready for game 3.
|inactive|iaintwolfey has 20 seconds to confirm battle start!
|inactive|iaintwolfey has 10 seconds to confirm battle start!
||iaintwolfey is ready for game 3.
|uhtml|next|Next: Game 3 of 3
