|j|☆LumiRev
|j|☆hundo_hunter24
|html|LumiRevhundo_hunter24    
|uhtml|bestof|Game 1 of a best-of-3
|t:|1757626407
|gametype|doubles
|player|p1|LumiRev|265|1071
|player|p2|hundo_hunter24|265|1054
|gen|9
|tier|[Gen 9] VGC 2025 Reg H (Bo3)
|rated|
|rule|Species Clause: Limit one of each Pokémon
|rule|Item Clause: Limit 1 of each item
|clearpoke
|poke|p1|Ursaluna, L50, M|
|poke|p1|Torkoal, L50, F|
|poke|p1|Jumpluff, L50, F|
|poke|p1|Incineroar, L50, F|
|poke|p1|Dusclops, L50, M|
|poke|p1|Charizard, L50, F|
|poke|p2|Incineroar, L50, M|
|poke|p2|Clefairy, L50, M|
|poke|p2|Garchomp, L50, M|
|poke|p2|Indeedee-F, L50, F|
|poke|p2|Gengar, L50, M|
|poke|p2|Appletun, L50, M|
|teampreview|4
|showteam|p1|Ursaluna||FlameOrb|Guts|Facade,HeadlongRush,Earthquake,Protect|||M|||50|,,,,,Ghost]Torkoal||EjectPack|Drought|Eruption,Overheat,HelpingHand,Protect|||F|||50|,,,,,Fire]Jumpluff||CovertCloak|Chlorophyll|SleepPowder,RagePowder,SunnyDay,Tailwind|||F|||50|,,,,,Water]Incineroar||SitrusBerry|Intimidate|FakeOut,PartingShot,KnockOff,FlareBlitz|||F|||50|,,,,,Ghost]Dusclops||Eviolite|Pressure|WillOWisp,HelpingHand,Protect,TrickRoom|||M|||50|,,,,,Water]Charizard||ChoiceSpecs|SolarPower|Overheat,AirSlash,WeatherBall,HeatWave|||F|||50|,,,,,Ghost
|showteam|p2|Incineroar||RockyHelmet|Intimidate|FlareBlitz,Taunt,PartingShot,KnockOff|||M|||50|,,,,,Grass]Clefairy||Eviolite|FriendGuard|FollowMe,LifeDew,HelpingHand,ChillingWater|||M|||50|,,,,,Water]Garchomp||SoftSand|RoughSkin|SwordsDance,StompingTantrum,Protect,RockSlide|||M|||50|,,,,,Fire]Indeedee-F||SafetyGoggles|PsychicSurge|FollowMe,TrickRoom,DazzlingGleam,HelpingHand|||F|||50|,,,,,Fairy]Gengar||FocusSash|CursedBody|FocusBlast,NastyPlot,ShadowBall,Protect|||M|||50|,,,,,Fighting]Appletun||IapapaBerry|Gluttony|DracoMeteor,AppleAcid,Protect,LeechSeed|||M|||50|,,,,,Water
|
|t:|1757626447
|teamsize|p1|4
|teamsize|p2|4
|start
|switch|p1a: Jumpluff|Jumpluff, L50, F|100/100
|switch|p1b: Incineroar|Incineroar, L50, F|100/100
|switch|p2a: Clefairy|Clefairy, L50, M, shiny|100/100
|switch|p2b: Garchomp|Garchomp, L50, M|100/100
|-ability|p1b: Incineroar|Intimidate|boost
|-unboost|p2a: Clefairy|atk|1
|-unboost|p2b: Garchomp|atk|1
|turn|1
|
|t:|1757626478
|switch|p2a: Indeedee|Indeedee-F, L50, F, shiny|100/100
|-fieldstart|move: Psychic Terrain|[from] ability: Psychic Surge|[of] p2a: Indeedee
|move|p1a: Jumpluff|Sleep Powder|p2b: Garchomp|[miss]
|-miss|p1a: Jumpluff|p2b: Garchomp
|move|p2b: Garchomp|Swords Dance|p2b: Garchomp
|-boost|p2b: Garchomp|atk|2
|move|p1b: Incineroar|Parting Shot|p2b: Garchomp
|-unboost|p2b: Garchomp|atk|1
|-unboost|p2b: Garchomp|spa|1
|j| Arkhept
|
|t:|1757626489
|switch|p1b: Ursaluna|Ursaluna, L50, M|100/100|[from] Parting Shot
|
|-status|p1b: Ursaluna|brn|[from] item: Flame Orb
|upkeep
|turn|2
|l| Arkhept
|
|t:|1757626534
|move|p2a: Indeedee|Follow Me|p2a: Indeedee
|-singleturn|p2a: Indeedee|move: Follow Me
|move|p1a: Jumpluff|Tailwind|p1a: Jumpluff
|-sidestart|p1: LumiRev|move: Tailwind
|move|p1b: Ursaluna|Facade|p2a: Indeedee
|-damage|p2a: Indeedee|0 fnt
|faint|p2a: Indeedee
|move|p2b: Garchomp|Stomping Tantrum|p1b: Ursaluna
|-damage|p1b: Ursaluna|61/100 brn
|
|-damage|p1b: Ursaluna|55/100 brn|[from] brn
|upkeep
|
|t:|1757626550
|switch|p2a: Clefairy|Clefairy, L50, M, shiny|100/100
|turn|3
|
|t:|1757626566
|move|p1a: Jumpluff|Rage Powder|p1a: Jumpluff
|-singleturn|p1a: Jumpluff|move: Rage Powder
|move|p2a: Clefairy|Follow Me|p2a: Clefairy
|-singleturn|p2a: Clefairy|move: Follow Me
|move|p1b: Ursaluna|Earthquake|p2b: Garchomp|[spread] p2a,p2b
|-immune|p1a: Jumpluff
|-crit|p2a: Clefairy
|-damage|p2a: Clefairy|27/100
|-damage|p2b: Garchomp|52/100
|move|p2b: Garchomp|Stomping Tantrum|p1a: Jumpluff
|-immune|p1a: Jumpluff
|
|-damage|p1b: Ursaluna|49/100 brn|[from] brn
|upkeep
|turn|4
|
|t:|1757626581
|move|p2b: Garchomp|Protect|p2b: Garchomp
|-singleturn|p2b: Garchomp|Protect
|move|p1a: Jumpluff|Rage Powder|p1a: Jumpluff
|-singleturn|p1a: Jumpluff|move: Rage Powder
|move|p1b: Ursaluna|Earthquake|p2b: Garchomp|[spread] p2a
|-activate|p2b: Garchomp|move: Protect
|-immune|p1a: Jumpluff
|-damage|p2a: Clefairy|0 fnt
|faint|p2a: Clefairy
|
|-damage|p1b: Ursaluna|43/100 brn|[from] brn
|upkeep
|
|t:|1757626623
|switch|p2a: Gengar|Gengar, L50, M|100/100
|turn|5
|
|t:|1757626638
|move|p2a: Gengar|Protect|p2a: Gengar
|-singleturn|p2a: Gengar|Protect
|move|p2b: Garchomp|Protect|p2b: Garchomp
|-singleturn|p2b: Garchomp|Protect
|move|p1a: Jumpluff|Sunny Day|p1a: Jumpluff
|-weather|SunnyDay
|move|p1b: Ursaluna|Earthquake|p2a: Gengar|[spread] 
|-activate|p2a: Gengar|move: Protect
|-activate|p2b: Garchomp|move: Protect
|-immune|p1a: Jumpluff
|
|-weather|SunnyDay|[upkeep]
|-damage|p1b: Ursaluna|37/100 brn|[from] brn
|-sideend|p1: LumiRev|move: Tailwind
|-fieldend|move: Psychic Terrain
|upkeep
|turn|6
|
|t:|1757626652
|-terastallize|p2a: Gengar|Fighting
|move|p1a: Jumpluff|Tailwind|p1a: Jumpluff
|-sidestart|p1: LumiRev|move: Tailwind
|move|p2a: Gengar|Focus Blast|p1b: Ursaluna
|-supereffective|p1b: Ursaluna
|-damage|p1b: Ursaluna|0 fnt
|faint|p1b: Ursaluna
|move|p2b: Garchomp|Stomping Tantrum|p1a: Jumpluff
|-immune|p1a: Jumpluff
|
|-weather|SunnyDay|[upkeep]
|upkeep
|
|t:|1757626666
|switch|p1b: Incineroar|Incineroar, L50, F|100/100
|-ability|p1b: Incineroar|Intimidate|boost
|-unboost|p2a: Gengar|atk|1
|-unboost|p2b: Garchomp|atk|1
|turn|7
|
|t:|1757626680
|move|p1b: Incineroar|Fake Out|p2a: Gengar
|-damage|p2a: Gengar|76/100
|move|p1a: Jumpluff|Sleep Powder|p2b: Garchomp|[miss]
|-miss|p1a: Jumpluff|p2b: Garchomp
|cant|p2a: Gengar|flinch
|move|p2b: Garchomp|Swords Dance|p2b: Garchomp
|-boost|p2b: Garchomp|atk|2
|
|-weather|SunnyDay|[upkeep]
|upkeep
|turn|8
|
|t:|1757626695
|move|p1a: Jumpluff|Sleep Powder|p2b: Garchomp
|-status|p2b: Garchomp|slp|[from] move: Sleep Powder
|move|p1b: Incineroar|Parting Shot|p2a: Gengar
|-unboost|p2a: Gengar|atk|1
|-unboost|p2a: Gengar|spa|1
|
|t:|1757626700
|switch|p1b: Charizard|Charizard, L50, F|100/100|[from] Parting Shot
|move|p2a: Gengar|Focus Blast|p1b: Charizard|[miss]
|-miss|p2a: Gengar|p1b: Charizard
|cant|p2b: Garchomp|slp
|
|-weather|SunnyDay|[upkeep]
|-damage|p1b: Charizard|88/100|[from] ability: Solar Power|[of] p1b: Charizard
|upkeep
|turn|9
|
|t:|1757626722
|move|p2a: Gengar|Protect|p2a: Gengar
|-singleturn|p2a: Gengar|Protect
|move|p1a: Jumpluff|Sleep Powder|p2a: Gengar
|-activate|p2a: Gengar|move: Protect
|move|p1b: Charizard|Weather Ball|p2b: Garchomp
|-resisted|p2b: Garchomp
|-damage|p2b: Garchomp|0 fnt
|faint|p2b: Garchomp
|
|-weather|none
|-sideend|p1: LumiRev|move: Tailwind
|upkeep
|turn|10
|
|t:|1757626739
|move|p2a: Gengar|Shadow Ball|p1b: Charizard
|-damage|p1b: Charizard|51/100
|move|p1a: Jumpluff|Sunny Day|p1a: Jumpluff
|-weather|SunnyDay
|move|p1b: Charizard|Weather Ball|p2a: Gengar
|-damage|p2a: Gengar|0 fnt
|-start|p1b: Charizard|Disable|Weather Ball|[from] ability: Cursed Body|[of] p2a: Gengar
|faint|p2a: Gengar
|
|win|LumiRev
||hundo_hunter24 is ready for game 2.
|inactive|LumiRev has 30 seconds to confirm battle start!
||LumiRev is ready for game 2.
|uhtml|next|Next: Game 2 of 3
