|j|☆Jbl08
|j|☆Alecat
|html|Jbl08Alecat    
|uhtml|bestof|Game 2 of a best-of-3
|t:|1757062093
|gametype|doubles
|player|p1|Jbl08|266|1116
|player|p2|Alecat|scientistf|1002
|gen|9
|tier|[Gen 9] VGC 2025 Reg H (Bo3)
|rated|
|rule|Species Clause: Limit one of each Pokémon
|rule|Item Clause: Limit 1 of each item
|clearpoke
|poke|p1|Primarina, L50, F|
|poke|p1|Pelipper, L50, F|
|poke|p1|Basculegion, L50, M|
|poke|p1|Archaludon, L50, M|
|poke|p1|Sneasler, L50, F|
|poke|p1|Sinistcha, L50|
|poke|p2|Pawmot, L50, F|
|poke|p2|Gyarados, L50, F|
|poke|p2|Volcarona, L50, M|
|poke|p2|Murkrow, L50, M|
|poke|p2|Incineroar, L50, F|
|poke|p2|Archaludon, L50, M|
|teampreview|4
|showteam|p1|Primarina||ThroatSpray|LiquidVoice|HyperVoice,Moonblast,Protect,Haze|||F|||50|,,,,,Poison]Pelipper||AbilityShield|Drizzle|Hurricane,WeatherBall,Tailwind,Protect|||F|||50|,,,,,Stellar]Basculegion||ChoiceBand|SwiftSwim|LastRespects,WaveCrash,AquaJet,FlipTurn|||M|||50|,,,,,Water]Archaludon||Leftovers|Stamina|ElectroShot,BodyPress,DracoMeteor,Protect|||M|||50|,,,,,Electric]Sneasler||FocusSash|Unburden|CloseCombat,Coaching,DireClaw,FakeOut|||F|||50|,,,,,Dark]Sinistcha||SitrusBerry|Hospitality|RagePowder,MatchaGotcha,TrickRoom,LifeDew||||||50|,,,,,Water
|showteam|p2|Pawmot||FocusSash|VoltAbsorb|DoubleShock,Coaching,CloseCombat,Protect|||F|||50|,,,,,Electric]Gyarados||ClearAmulet|Moxie|Waterfall,DragonDance,Earthquake,Protect|||F|||50|,,,,,Ground]Volcarona||SitrusBerry|FlameBody|Overheat,StruggleBug,RagePowder,Tailwind|||M|||50|,,,,,Grass]Murkrow||Eviolite|Prankster|FoulPlay,RainDance,Tailwind,SunnyDay|||M|||50|,,,,,Dark]Incineroar||SafetyGoggles|Intimidate|FlareBlitz,FakeOut,Bulldoze,Taunt|||F|||50|,,,,,Ghost]Archaludon||PowerHerb|Stalwart|DragonTail,FlashCannon,ElectroShot,Protect|||M|||50|,,,,,Grass
|inactive|Battle timer is ON: inactive players will automatically lose when time's up. (requested by Alecat)
|
|t:|1757062108
|teamsize|p1|4
|teamsize|p2|4
|start
|switch|p1a: Pelipper|Pelipper, L50, F, shiny|100/100
|switch|p1b: Sneasler|Sneasler, L50, F, shiny|100/100
|switch|p2a: Archaludon|Archaludon, L50, M|100/100
|switch|p2b: Murkrow|Murkrow, L50, M|100/100
|-weather|RainDance|[from] ability: Drizzle|[of] p1a: Pelipper
|turn|1
|inactive|Alecat has 30 seconds left.
|
|t:|1757062141
|move|p2a: Archaludon|Protect|p2a: Archaludon
|-singleturn|p2a: Archaludon|Protect
|move|p1b: Sneasler|Fake Out|p2a: Archaludon
|-activate|p2a: Archaludon|move: Protect
|move|p1a: Pelipper|Tailwind|p1a: Pelipper
|-sidestart|p1: Jbl08|move: Tailwind
|move|p2b: Murkrow|Foul Play|p1b: Sneasler
|-resisted|p1b: Sneasler
|-damage|p1b: Sneasler|57/100
|
|-weather|RainDance|[upkeep]
|upkeep
|turn|2
|
|t:|1757062156
|move|p2b: Murkrow|Tailwind|p2b: Murkrow
|-sidestart|p2: Alecat|move: Tailwind
|move|p1b: Sneasler|Close Combat|p2a: Archaludon
|-supereffective|p2a: Archaludon
|-crit|p2a: Archaludon
|-damage|p2a: Archaludon|0 fnt
|-unboost|p1b: Sneasler|def|1
|-unboost|p1b: Sneasler|spd|1
|faint|p2a: Archaludon
|move|p1a: Pelipper|Hurricane|p2b: Murkrow
|-damage|p2b: Murkrow|65/100
|-start|p2b: Murkrow|confusion
|
|-weather|RainDance|[upkeep]
|upkeep
|
|t:|1757062175
|switch|p2a: Gyarados|Gyarados, L50, F|100/100
|turn|3
|
|t:|1757062183
|move|p1b: Sneasler|Dire Claw|p2a: Gyarados
|-damage|p2a: Gyarados|43/100
|move|p2a: Gyarados|Dragon Dance|p2a: Gyarados
|-boost|p2a: Gyarados|atk|1
|-boost|p2a: Gyarados|spe|1
|move|p1a: Pelipper|Weather Ball|p2b: Murkrow
|-damage|p2b: Murkrow|15/100
|-activate|p2b: Murkrow|confusion
|-damage|p2b: Murkrow|2/100|[from] confusion
|
|-weather|RainDance|[upkeep]
|upkeep
|turn|4
|
|t:|1757062202
|move|p2a: Gyarados|Protect|p2a: Gyarados
|-singleturn|p2a: Gyarados|Protect
|move|p1b: Sneasler|Dire Claw|p2a: Gyarados
|-activate|p2a: Gyarados|move: Protect
|move|p1a: Pelipper|Hurricane|p2a: Gyarados
|-activate|p2a: Gyarados|move: Protect
|-activate|p2b: Murkrow|confusion
|-damage|p2b: Murkrow|0 fnt|[from] confusion
|faint|p2b: Murkrow
|
|-weather|RainDance|[upkeep]
|-sideend|p1: Jbl08|move: Tailwind
|upkeep
|
|t:|1757062213
|switch|p2b: Volcarona|Volcarona, L50, M|100/100
|turn|5
|
|t:|1757062237
|move|p2a: Gyarados|Waterfall|p1b: Sneasler
|-damage|p1b: Sneasler|0 fnt
|faint|p1b: Sneasler
|-ability|p2a: Gyarados|Moxie|boost
|-boost|p2a: Gyarados|atk|1
|move|p2b: Volcarona|Struggle Bug|p1a: Pelipper
|-resisted|p1a: Pelipper
|-damage|p1a: Pelipper|83/100
|-unboost|p1a: Pelipper|spa|1
|move|p1a: Pelipper|Hurricane|p2b: Volcarona
|-supereffective|p2b: Volcarona
|-damage|p2b: Volcarona|37/100
|-enditem|p2b: Volcarona|Sitrus Berry|[eat]
|-heal|p2b: Volcarona|62/100|[from] item: Sitrus Berry
|
|-weather|none
|-sideend|p2: Alecat|move: Tailwind
|upkeep
|
|t:|1757062257
|switch|p1b: Basculegion|Basculegion, L50, M, shiny|100/100
|turn|6
|inactive|Jbl08 has 30 seconds left.
|inactive|Jbl08 has 20 seconds left.
|
|t:|1757062294
|-terastallize|p2a: Gyarados|Ground
|move|p2b: Volcarona|Rage Powder|p2b: Volcarona
|-singleturn|p2b: Volcarona|move: Rage Powder
|move|p2a: Gyarados|Earthquake|p1a: Pelipper|[spread] p2b,p1b
|-immune|p1a: Pelipper
|-damage|p2b: Volcarona|0 fnt
|-damage|p1b: Basculegion|0 fnt
|faint|p2b: Volcarona
|faint|p1b: Basculegion
|-ability|p2a: Gyarados|Moxie|boost
|-boost|p2a: Gyarados|atk|2
|move|p1a: Pelipper|Tailwind|p1a: Pelipper
|-sidestart|p1: Jbl08|move: Tailwind
|
|upkeep
|
|t:|1757062305
|switch|p1b: Archaludon|Archaludon, L50, M, shiny|100/100
|turn|7
|
|t:|1757062327
|move|p1b: Archaludon|Protect|p1b: Archaludon
|-singleturn|p1b: Archaludon|Protect
|move|p1a: Pelipper|Hurricane|p2a: Gyarados|[miss]
|-miss|p1a: Pelipper|p2a: Gyarados
|move|p2a: Gyarados|Earthquake|p1a: Pelipper|[spread] 
|-activate|p1b: Archaludon|move: Protect
|-immune|p1a: Pelipper
|
|upkeep
|turn|8
|
|t:|1757062338
|move|p1a: Pelipper|Hurricane|p2a: Gyarados
|-damage|p2a: Gyarados|8/100
|move|p2a: Gyarados|Earthquake|p1a: Pelipper|[spread] p1b
|-immune|p1a: Pelipper
|-supereffective|p1b: Archaludon
|-damage|p1b: Archaludon|0 fnt
|faint|p1b: Archaludon
|-ability|p2a: Gyarados|Moxie|boost
|-boost|p2a: Gyarados|atk|1
|
|upkeep
|turn|9
|
|t:|1757062350
|move|p2a: Gyarados|Protect|p2a: Gyarados
|-singleturn|p2a: Gyarados|Protect
|move|p1a: Pelipper|Weather Ball|p2a: Gyarados
|-activate|p2a: Gyarados|move: Protect
|
|-sideend|p1: Jbl08|move: Tailwind
|upkeep
|turn|10
|
|t:|1757062358
|move|p2a: Gyarados|Waterfall|p1a: Pelipper
|-resisted|p1a: Pelipper
|-damage|p1a: Pelipper|0 fnt
|faint|p1a: Pelipper
|
|win|Alecat
||Jbl08 is ready for game 3.
