|j|☆testdigi
|j|☆daunting david
|html|testdigidaunting david    
|uhtml|bestof|Game 1 of a best-of-3
|t:|1784216479
|gametype|doubles
|player|p1|testdigi|1|1093
|player|p2|daunting david|ethan|1156
|gen|9
|tier|[Gen 9 Champions] VGC 2026 Reg M-B (Bo3)
|rated|
|rule|Species Clause: Limit one of each Pokémon
|rule|Item Clause: Limit 1 of each item
|clearpoke
|poke|p1|Sneasler, L50, F|
|poke|p1|Delphox, L50, M, shiny|
|poke|p1|Kingambit, L50, M, shiny|
|poke|p1|Sinistcha, L50|
|poke|p1|Incineroar, L50, M|
|poke|p1|Blastoise, L50, F|
|poke|p2|Garchomp, L50, M|
|poke|p2|Grimmsnarl, L50, M|
|poke|p2|Metagross, L50|
|poke|p2|Charizard, L50, M|
|poke|p2|Toxapex, L50, F|
|poke|p2|Hydreigon, L50, M|
|teampreview|4
|showteam|p1|Sneasler||FocusSash|PoisonTouch|PoisonJab,QuickGuard,CloseCombat,FakeOut|Jolly||F|||50|]Delphox||Delphoxite|Blaze|HeatWave,Psychic,NastyPlot,Protect|Timid||M|||50|]Kingambit||LifeOrb|Defiant|KowtowCleave,SuckerPunch,SwordsDance,Protect|Adamant||M|||50|]Sinistcha||ColburBerry|Hospitality|MatchaGotcha,RagePowder,TrickRoom,Protect|Bold|||||50|]Incineroar||SitrusBerry|Intimidate|FlareBlitz,HelpingHand,PartingShot,FakeOut|Impish||M|||50|]Blastoise||Blastoisinite|RainDish|WaterSpout,DarkPulse,ShellSmash,Protect|Modest||F|||50|
|showteam|p2|Garchomp||SitrusBerry|RoughSkin|DragonClaw,Earthquake,Protect,RockSlide|Adamant||M|||50|]Grimmsnarl||RoseliBerry|Prankster|FakeOut,FoulPlay,PartingShot,Reflect|Sassy||M|||50|]Metagross||Metagrossite|ClearBody|BulletPunch,IronHead,HammerArm,Protect|Adamant|||||50|]Charizard||CharizarditeY|Blaze|HeatWave,Protect,WeatherBall,SolarBeam|Timid||M|||50|]Toxapex||Leftovers|Regenerator|BanefulBunker,Infestation,WideGuard,Toxic|Bold||F|||50|]Hydreigon||ChoiceScarf|Levitate|Snarl,DarkPulse,HeatWave,DracoMeteor|Modest||M|||50|
|inactive|Battle timer is ON: inactive players will automatically lose when time's up. (requested by daunting david)
|c|☆daunting david|gl hf
|inactive|testdigi has 60 seconds left.
|
|t:|1784216558
|teamsize|p1|4
|teamsize|p2|4
|start
|switch|p1a: Sneasler|Sneasler, L50, F|100/100
|switch|p1b: Blastoise|Blastoise, L50, F|100/100
|switch|p2a: Hydreigon|Hydreigon, L50, M|100/100
|switch|p2b: Charizard|Charizard, L50, M|100/100
|turn|1
|
|t:|1784216576
|detailschange|p2b: Charizard|Charizard-Mega-Y, L50, M
|-mega|p2b: Charizard|Charizard|Charizardite Y
|-weather|SunnyDay|[from] ability: Drought|[of] p2b: Charizard
|detailschange|p1b: Blastoise|Blastoise-Mega, L50, F
|-mega|p1b: Blastoise|Blastoise|Blastoisinite
|move|p2a: Hydreigon|Snarl|p1b: Blastoise|[spread] p1a,p1b
|-resisted|p1a: Sneasler|1
|-damage|p1a: Sneasler|85/100
|-damage|p1b: Blastoise|77/100
|-unboost|p1a: Sneasler|spa|1
|-unboost|p1b: Blastoise|spa|1
|move|p1a: Sneasler|Close Combat|p2a: Hydreigon
|-supereffective|p2a: Hydreigon|1
|-damage|p2a: Hydreigon|0 fnt
|-unboost|p1a: Sneasler|def|1
|-unboost|p1a: Sneasler|spd|1
|faint|p2a: Hydreigon
|move|p2b: Charizard|Solar Beam||[still]
|-prepare|p2b: Charizard|Solar Beam
|-anim|p2b: Charizard|Solar Beam|p1b: Blastoise
|-supereffective|p1b: Blastoise|1
|-damage|p1b: Blastoise|0 fnt
|faint|p1b: Blastoise
|
|-weather|SunnyDay|[upkeep]
|upkeep
|
|t:|1784216594
|switch|p2a: Grimmsnarl|Grimmsnarl, L50, M|100/100
|switch|p1b: Incineroar|Incineroar, L50, M|100/100
|-ability|p1b: Incineroar|Intimidate|boost
|-unboost|p2a: Grimmsnarl|atk|1
|-unboost|p2b: Charizard|atk|1
|turn|2
|
|t:|1784216603
|move|p2b: Charizard|Protect|p2b: Charizard
|-singleturn|p2b: Charizard|Protect
|move|p1b: Incineroar|Fake Out|p2b: Charizard
|-activate|p2b: Charizard|move: Protect
|move|p2a: Grimmsnarl|Reflect|p2a: Grimmsnarl
|-sidestart|p2: daunting david|Reflect
|move|p1a: Sneasler|Poison Jab|p2a: Grimmsnarl
|-supereffective|p2a: Grimmsnarl|1
|-crit|p2a: Grimmsnarl
|-damage|p2a: Grimmsnarl|0 fnt
|faint|p2a: Grimmsnarl
|
|-weather|SunnyDay|[upkeep]
|upkeep
|
|t:|1784216610
|switch|p2a: Toxapex|Toxapex, L50, F|100/100
|turn|3
|
|t:|1784216628
|switch|p1a: Sinistcha|Sinistcha, L50|100/100
|move|p2b: Charizard|Heat Wave|p1a: Sinistcha|[spread] p1b
|-miss|p2b: Charizard|p1a: Sinistcha
|-resisted|p1b: Incineroar|1
|-damage|p1b: Incineroar|75/100
|move|p1b: Incineroar|Parting Shot|p2b: Charizard
|-unboost|p2b: Charizard|atk|1
|-unboost|p2b: Charizard|spa|1
|
|t:|1784216638
|switch|p1b: Sneasler|Sneasler, L50, F|85/100|[from] Parting Shot
|move|p2a: Toxapex|Infestation|p1b: Sneasler
|-resisted|p1b: Sneasler|2
|-damage|p1b: Sneasler|84/100
|-activate|p1b: Sneasler|move: Infestation|[of] p2a: Toxapex
|
|-weather|SunnyDay|[upkeep]
|-damage|p1b: Sneasler|72/100|[from] move: Infestation|[partiallytrapped]
|upkeep
|turn|4
|
|t:|1784216660
|switch|p1a: Incineroar|Incineroar, L50, M|75/100
|-ability|p1a: Incineroar|Intimidate|boost
|-unboost|p2a: Toxapex|atk|1
|-unboost|p2b: Charizard|atk|1
|move|p1b: Sneasler|Fake Out|p2a: Toxapex
|-damage|p2a: Toxapex|93/100
|move|p2b: Charizard|Weather Ball|p1a: Incineroar
|-resisted|p1a: Incineroar|1
|-damage|p1a: Incineroar|48/100
|-enditem|p1a: Incineroar|Sitrus Berry|[eat]
|-heal|p1a: Incineroar|73/100|[from] item: Sitrus Berry
|cant|p2a: Toxapex|flinch
|
|-weather|SunnyDay|[upkeep]
|-heal|p2a: Toxapex|99/100|[from] item: Leftovers
|-damage|p1b: Sneasler|60/100|[from] move: Infestation|[partiallytrapped]
|upkeep
|turn|5
|
|t:|1784216677
|move|p2b: Charizard|Protect|p2b: Charizard
|-singleturn|p2b: Charizard|Protect
|move|p1a: Incineroar|Fake Out|p2a: Toxapex
|-damage|p2a: Toxapex|94/100
|move|p1b: Sneasler|Poison Jab|p2b: Charizard
|-activate|p2b: Charizard|move: Protect
|cant|p2a: Toxapex|flinch
|
|-weather|none
|-heal|p2a: Toxapex|100/100|[from] item: Leftovers
|-damage|p1b: Sneasler|48/100|[from] move: Infestation|[partiallytrapped]
|upkeep
|turn|6
|
|t:|1784216691
|move|p1b: Sneasler|Poison Jab|p2b: Charizard
|-damage|p2b: Charizard|68/100
|-status|p2b: Charizard|psn|[from] ability: Poison Touch|[of] p1b: Sneasler
|move|p2b: Charizard|Heat Wave|p1a: Incineroar|[spread] p1a,p1b
|-resisted|p1a: Incineroar|1
|-damage|p1a: Incineroar|60/100
|-damage|p1b: Sneasler|10/100
|move|p1a: Incineroar|Parting Shot|p2b: Charizard
|-unboost|p2b: Charizard|atk|1
|-unboost|p2b: Charizard|spa|1
|
|t:|1784216695
|switch|p1a: Sinistcha|Sinistcha, L50|100/100|[from] Parting Shot
|-heal|p1b: Sneasler|35/100|[from] ability: Hospitality|[of] p1a: Sinistcha
|move|p2a: Toxapex|Toxic|p1a: Sinistcha
|-status|p1a: Sinistcha|tox
|
|-damage|p2b: Charizard|56/100 psn|[from] psn
|-damage|p1a: Sinistcha|93/100 tox|[from] psn
|-damage|p1b: Sneasler|23/100|[from] move: Infestation|[partiallytrapped]
|-sideend|p2: daunting david|Reflect
|upkeep
|turn|7
|
|t:|1784216715
|move|p1b: Sneasler|Poison Jab|p2b: Charizard
|-damage|p2b: Charizard|7/100 psn
|move|p2b: Charizard|Heat Wave|p1b: Sneasler|[spread] p1a,p1b
|-supereffective|p1a: Sinistcha|1
|-damage|p1a: Sinistcha|60/100 tox
|-damage|p1b: Sneasler|0 fnt
|faint|p1b: Sneasler
|move|p1a: Sinistcha|Matcha Gotcha|p2b: Charizard|[spread] p2a,p2b
|-resisted|p2b: Charizard|2
|-damage|p2a: Toxapex|80/100
|-heal|p1a: Sinistcha|68/100 tox|[from] drain|[of] p2a: Toxapex
|-damage|p2b: Charizard|2/100 psn
|-heal|p1a: Sinistcha|71/100 tox|[from] drain|[of] p2b: Charizard
|move|p2a: Toxapex|Infestation|p1a: Sinistcha
|-damage|p1a: Sinistcha|67/100 tox
|-activate|p1a: Sinistcha|move: Infestation|[of] p2a: Toxapex
|
|-heal|p2a: Toxapex|86/100|[from] item: Leftovers
|-damage|p2b: Charizard|0 fnt|[from] psn
|faint|p2b: Charizard
|-damage|p1a: Sinistcha|55/100 tox|[from] psn
|-damage|p1a: Sinistcha|43/100 tox|[from] move: Infestation|[partiallytrapped]
|upkeep
|
|t:|1784216721
|switch|p1b: Incineroar|Incineroar, L50, M|60/100
|-ability|p1b: Incineroar|Intimidate|boost
|-unboost|p2a: Toxapex|atk|1
|turn|8
|
|t:|1784216731
|move|p1b: Incineroar|Helping Hand|p1a: Sinistcha
|-singleturn|p1a: Sinistcha|Helping Hand|[of] p1b: Incineroar
|move|p2a: Toxapex|Baneful Bunker|p2a: Toxapex
|-singleturn|p2a: Toxapex|move: Protect
|move|p1a: Sinistcha|Matcha Gotcha|p2a: Toxapex
|-activate|p2a: Toxapex|move: Protect
|
|-heal|p2a: Toxapex|92/100|[from] item: Leftovers
|-damage|p1a: Sinistcha|24/100 tox|[from] psn
|-damage|p1a: Sinistcha|12/100 tox|[from] move: Infestation|[partiallytrapped]
|upkeep
|turn|9
|
|t:|1784216746
|move|p1a: Sinistcha|Matcha Gotcha|p2a: Toxapex
|-damage|p2a: Toxapex|67/100
|-heal|p1a: Sinistcha|23/100 tox|[from] drain|[of] p2a: Toxapex
|move|p1b: Incineroar|Flare Blitz|p2a: Toxapex
|-resisted|p2a: Toxapex|1
|-damage|p2a: Toxapex|51/100
|-damage|p1b: Incineroar|56/100|[from] Recoil
|move|p2a: Toxapex|Toxic|p1b: Incineroar
|-status|p1b: Incineroar|tox
|
|-heal|p2a: Toxapex|57/100|[from] item: Leftovers
|-damage|p1a: Sinistcha|0 fnt|[from] psn
|faint|p1a: Sinistcha
|-damage|p1b: Incineroar|50/100g tox|[from] psn
|upkeep
|turn|10
|-message|testdigi forfeited.
|
|win|daunting david
