|j|☆Stoney93
|j|☆FreezyPop439
|html|Stoney93FreezyPop439    
|uhtml|bestof|Game 3 of a best-of-3
|t:|1783078590
|gametype|doubles
|player|p1|Stoney93|169|1159
|player|p2|FreezyPop439|collector|1261
|gen|9
|tier|[Gen 9 Champions] VGC 2026 Reg M-B (Bo3)
|rated|
|rule|Species Clause: Limit one of each Pokémon
|rule|Item Clause: Limit 1 of each item
|clearpoke
|poke|p1|Gengar, L50, F, shiny|
|poke|p1|Incineroar, L50, F|
|poke|p1|Snorlax, L50, F|
|poke|p1|Dragonite, L50, F|
|poke|p1|Scrafty, L50, F|
|poke|p1|Ninetales-Alola, L50, M|
|poke|p2|Raichu, L50, F|
|poke|p2|Gyarados, L50, M|
|poke|p2|Mamoswine, L50, M|
|poke|p2|Ceruledge, L50, F|
|poke|p2|Clefable, L50, M|
|poke|p2|Kingambit, L50, F|
|teampreview|4
|showteam|p1|Gengar||Gengarite|CursedBody|ShadowBall,PerishSong,SludgeBomb,Protect|Modest||F|||50|]Incineroar||SitrusBerry|Intimidate|FlareBlitz,Protect,FakeOut,PartingShot|Impish||F|||50|]Snorlax||Leftovers|ThickFat|Protect,Yawn,Encore,Fissure|Impish||F|||50|]Dragonite||DragonFang|Multiscale|Protect,DragonClaw,LowKick,ExtremeSpeed|Adamant||F|||50|]Scrafty||Scraftinite|Intimidate|Protect,CloseCombat,KnockOff,FakeOut|Careful||F|||50|]Ninetales-Alola||FocusSash|SnowWarning|Blizzard,Disable,Encore,Protect|Timid||M|||50|
|showteam|p2|Raichu||RaichuniteY|Static|ZapCannon,FocusBlast,FakeOut,Protect|Timid||F|||50|]Gyarados||Gyaradosite|Intimidate|Waterfall,PowerWhip,DragonDance,Protect|Adamant||M|||50|]Mamoswine||LifeOrb|Oblivious|HighHorsepower,IceShard,IcicleCrash,Protect|Jolly||M|||50|]Ceruledge||ColburBerry|FlashFire|BitterBlade,ShadowSneak,BulkUp,Protect|Adamant||F|||50|]Clefable||SitrusBerry|Unaware|Moonblast,FollowMe,HelpingHand,Protect|Bold||M|||50|]Kingambit||FocusSash|Defiant|IronHead,KowtowCleave,SuckerPunch,LowKick|Adamant||F|||50|
|inactive|Battle timer is ON: inactive players will automatically lose when time's up. (requested by FreezyPop439)
|
|t:|1783078670
|teamsize|p1|4
|teamsize|p2|4
|start
|switch|p1a: Dragonite|Dragonite, L50, F|100/100
|switch|p1b: Gengar|Gengar, L50, F, shiny|100/100
|switch|p2a: Kingambit|Kingambit, L50, F|100/100
|switch|p2b: Raichu|Raichu, L50, F|100/100
|turn|1
|
|t:|1783078692
|detailschange|p1b: Gengar|Gengar-Mega, L50, F, shiny
|-mega|p1b: Gengar|Gengar|Gengarite
|move|p1b: Gengar|Protect|p1b: Gengar
|-singleturn|p1b: Gengar|Protect
|move|p1a: Dragonite|Protect|p1a: Dragonite
|-singleturn|p1a: Dragonite|Protect
|move|p2b: Raichu|Fake Out|p1a: Dragonite
|-activate|p1a: Dragonite|move: Protect
|move|p2a: Kingambit|Kowtow Cleave|p1b: Gengar
|-activate|p1b: Gengar|move: Protect
|
|upkeep
|turn|2
|inactive|Stoney93 has 30 seconds left.
|inactive|Stoney93 has 20 seconds left.
|
|t:|1783078731
|switch|p1b: Incineroar|Incineroar, L50, F|100/100
|-ability|p1b: Incineroar|Intimidate|boost
|-unboost|p2a: Kingambit|atk|1
|-ability|p2a: Kingambit|Defiant|boost
|-boost|p2a: Kingambit|atk|2
|-unboost|p2b: Raichu|atk|1
|detailschange|p2b: Raichu|Raichu-Mega-Y, L50, F
|-mega|p2b: Raichu|Raichu|Raichunite Y
|move|p2b: Raichu|Zap Cannon|p1a: Dragonite
|-damage|p1a: Dragonite|67/100
|-status|p1a: Dragonite|par
|move|p2a: Kingambit|Kowtow Cleave|p1a: Dragonite
|-crit|p1a: Dragonite
|-damage|p1a: Dragonite|0 fnt
|faint|p1a: Dragonite
|
|upkeep
|inactive|Stoney93 has 30 seconds left.
|
|t:|1783078757
|switch|p1a: Gengar|Gengar-Mega, L50, F, shiny|100/100
|turn|3
|
|t:|1783078778
|move|p1b: Incineroar|Fake Out|p2a: Kingambit
|-resisted|p2a: Kingambit|1
|-damage|p2a: Kingambit|96/100
|move|p2b: Raichu|Zap Cannon|p1a: Gengar
|-damage|p1a: Gengar|29/100
|-status|p1a: Gengar|par
|cant|p2a: Kingambit|flinch
|move|p1a: Gengar|Sludge Bomb|p2b: Raichu
|-damage|p2b: Raichu|33/100
|
|upkeep
|turn|4
|
|t:|1783078799
|move|p1a: Gengar|Protect|p1a: Gengar
|-singleturn|p1a: Gengar|Protect
|move|p2b: Raichu|Focus Blast|p1b: Incineroar
|-supereffective|p1b: Incineroar|1
|-damage|p1b: Incineroar|36/100
|-enditem|p1b: Incineroar|Sitrus Berry|[eat]
|-heal|p1b: Incineroar|61/100|[from] item: Sitrus Berry
|move|p2a: Kingambit|Kowtow Cleave|p1a: Gengar
|-activate|p1a: Gengar|move: Protect
|move|p1b: Incineroar|Flare Blitz|p2b: Raichu
|-damage|p2b: Raichu|0 fnt
|faint|p2b: Raichu
|-damage|p1b: Incineroar|52/100|[from] Recoil
|
|upkeep
|
|t:|1783078809
|switch|p2b: Gyarados|Gyarados, L50, M|100/100
|-ability|p2b: Gyarados|Intimidate|boost
|-unboost|p1a: Gengar|atk|1
|-unboost|p1b: Incineroar|atk|1
|turn|5
|
|t:|1783078824
|switch|p1a: Snorlax|Snorlax, L50, F|100/100
|move|p2b: Gyarados|Waterfall|p1a: Snorlax
|-damage|p1a: Snorlax|69/100
|move|p2a: Kingambit|Low Kick|p1b: Incineroar
|-supereffective|p1b: Incineroar|1
|-damage|p1b: Incineroar|0 fnt
|faint|p1b: Incineroar
|
|-heal|p1a: Snorlax|75/100|[from] item: Leftovers
|upkeep
|
|t:|1783078835
|switch|p1b: Gengar|Gengar-Mega, L50, F, shiny|29/100 par
|turn|6
|
|t:|1783078846
|move|p1b: Gengar|Protect|p1b: Gengar
|-singleturn|p1b: Gengar|Protect
|move|p2b: Gyarados|Dragon Dance|p2b: Gyarados
|-boost|p2b: Gyarados|atk|1
|-boost|p2b: Gyarados|spe|1
|move|p2a: Kingambit|Kowtow Cleave|p1b: Gengar
|-activate|p1b: Gengar|move: Protect
|move|p1a: Snorlax|Fissure|p2a: Kingambit
|-damage|p2a: Kingambit|0 fnt
|faint|p2a: Kingambit
|-ohko
|
|-heal|p1a: Snorlax|82/100|[from] item: Leftovers
|upkeep
|
|t:|1783078857
|switch|p2a: Clefable|Clefable, L50, M|100/100
|turn|7
|
|t:|1783078875
|move|p1b: Gengar|Protect|p1b: Gengar
|-singleturn|p1b: Gengar|Protect
|move|p2a: Clefable|Protect|p2a: Clefable
|-singleturn|p2a: Clefable|Protect
|move|p2b: Gyarados|Waterfall|p1b: Gengar
|-activate|p1b: Gengar|move: Protect
|move|p1a: Snorlax|Yawn|p2b: Gyarados
|-start|p2b: Gyarados|move: Yawn|[of] p1a: Snorlax
|
|-heal|p1a: Snorlax|88/100|[from] item: Leftovers
|upkeep
|turn|8
|
|t:|1783078897
|move|p1b: Gengar|Protect||[still]
|-fail|p1b: Gengar
|move|p2b: Gyarados|Waterfall|p1b: Gengar
|-damage|p1b: Gengar|0 fnt
|faint|p1b: Gengar
|move|p2a: Clefable|Moonblast|p1a: Snorlax
|-damage|p1a: Snorlax|69/100
|move|p1a: Snorlax|Fissure|p2a: Clefable|[miss]
|-miss|p1a: Snorlax|p2a: Clefable
|
|-heal|p1a: Snorlax|75/100|[from] item: Leftovers
|-end|p2b: Gyarados|move: Yawn|[silent]
|-status|p2b: Gyarados|slp
|upkeep
|turn|9
|
|t:|1783078913
|move|p2a: Clefable|Protect|p2a: Clefable
|-singleturn|p2a: Clefable|Protect
|cant|p2b: Gyarados|slp
|move|p1a: Snorlax|Fissure|p2a: Clefable
|-activate|p2a: Clefable|move: Protect
|
|-heal|p1a: Snorlax|82/100|[from] item: Leftovers
|upkeep
|turn|10
|
|t:|1783078922
|move|p2a: Clefable|Helping Hand|p2b: Gyarados
|-singleturn|p2b: Gyarados|Helping Hand|[of] p2a: Clefable
|-curestatus|p2b: Gyarados|slp|[msg]
|move|p2b: Gyarados|Waterfall|p1a: Snorlax
|-damage|p1a: Snorlax|16/100
|move|p1a: Snorlax|Fissure|p2a: Clefable|[miss]
|-miss|p1a: Snorlax|p2a: Clefable
|
|-heal|p1a: Snorlax|22/100|[from] item: Leftovers
|upkeep
|turn|11
|
|t:|1783078932
|move|p2a: Clefable|Protect|p2a: Clefable
|-singleturn|p2a: Clefable|Protect
|move|p1a: Snorlax|Protect|p1a: Snorlax
|-singleturn|p1a: Snorlax|Protect
|move|p2b: Gyarados|Waterfall|p1a: Snorlax
|-activate|p1a: Snorlax|move: Protect
|
|-heal|p1a: Snorlax|28/100|[from] item: Leftovers
|upkeep
|turn|12
|
|t:|1783078937
|move|p2a: Clefable|Helping Hand|p2b: Gyarados
|-singleturn|p2b: Gyarados|Helping Hand|[of] p2a: Clefable
|move|p2b: Gyarados|Waterfall|p1a: Snorlax
|-crit|p1a: Snorlax
|-damage|p1a: Snorlax|0 fnt
|faint|p1a: Snorlax
|
|win|FreezyPop439
|raw|Stoney93's rating: 1159 → 1141(-18 for losing)
|raw|FreezyPop439's rating: 1261 → 1279(+18 for winning)
