|j|☆aqoursfan1
|j|☆komsu
|html|aqoursfan1komsu    
|uhtml|bestof|Game 1 of a best-of-3
|t:|1786075169
|gametype|doubles
|player|p1|aqoursfan1|anabel-gen7|1323
|player|p2|komsu|pokemonranger-gen4|1259
|gen|9
|tier|[Gen 9 Champions] VGC 2026 Reg M-B (Bo3)
|rated|
|rule|Species Clause: Limit one of each Pokémon
|rule|Item Clause: Limit 1 of each item
|clearpoke
|poke|p1|Raichu, L50, M|
|poke|p1|Kingambit, L50, M|
|poke|p1|Whimsicott, L50, M|
|poke|p1|Basculegion, L50, M|
|poke|p1|Arcanine-Hisui, L50, F|
|poke|p1|Farigiraf, L50, M|
|poke|p2|Scizor, L50, F|
|poke|p2|Milotic, L50, M|
|poke|p2|Tyranitar, L50, M|
|poke|p2|Rotom-Heat, L50|
|poke|p2|Floette-Eternal, L50, F|
|poke|p2|Farigiraf, L50, F|
|teampreview|4
|showteam|p1|Raichu||RaichuniteY|LightningRod|ZapCannon,FocusBlast,FakeOut,Protect|Timid||M|||50|]Kingambit||ChopleBerry|Defiant|KowtowCleave,SuckerPunch,IronHead,Protect|Adamant||M|||50|]Whimsicott||LifeOrb|Prankster|Moonblast,Encore,Tailwind,Protect|Timid||M|||50|]Basculegion||MysticWater|Adaptability|WaveCrash,LastRespects,AquaJet,Protect|Adamant||M|||50|]Arcanine-Hisui||FocusSash|RockHead|FlareBlitz,HeadSmash,ExtremeSpeed,Protect|Adamant||F|||50|]Farigiraf||SitrusBerry|ArmorTail|Psychic,GrassKnot,HelpingHand,TrickRoom|Modest||M|||50|
|showteam|p2|Scizor||LifeOrb|Technician|BulletPunch,BugBite,DualWingbeat,Protect|Adamant||F|||50|]Milotic||SitrusBerry|Competitive|Scald,IceBeam,IcyWind,Protect|Modest||M|||50|]Tyranitar||Tyranitarite|SandStream|RockSlide,KnockOff,LowKick,Protect|Jolly||M|||50|]Rotom-Heat||ChoiceScarf|Levitate|Overheat,VoltSwitch,Electroweb,Thunderbolt|Modest|||||50|]Floette-Eternal||Floettite|FlowerVeil|Moonblast,DazzlingGleam,LightofRuin,Protect|Timid||F|||50|]Farigiraf||ColburBerry|ArmorTail|PsychicNoise,Thunderbolt,TrickRoom,Protect|Bold||F|||50|
|inactive|Battle timer is ON: inactive players will automatically lose when time's up. (requested by aqoursfan1)
|inactive|komsu has 60 seconds left.
|inactive|komsu has 30 seconds left.
|inactive|komsu has 20 seconds left.
|
|t:|1786075242
|teamsize|p1|4
|teamsize|p2|4
|start
|switch|p1a: Arcanine|Arcanine-Hisui, L50, F|100/100
|switch|p1b: Raichu|Raichu, L50, M|100/100
|switch|p2a: Rotom|Rotom-Heat, L50|100/100
|switch|p2b: Farigiraf|Farigiraf, L50, F|100/100
|turn|1
|inactive|komsu has 30 seconds left.
|
|t:|1786075273
|move|p1b: Raichu|Protect|p1b: Raichu
|-singleturn|p1b: Raichu|Protect
|move|p2a: Rotom|Volt Switch|p1b: Raichu
|-activate|p1b: Raichu|ability: Lightning Rod
|-activate|p1b: Raichu|move: Protect
|move|p1a: Arcanine|Head Smash|p2a: Rotom
|-supereffective|p2a: Rotom|1
|-damage|p2a: Rotom|0 fnt
|faint|p2a: Rotom
|move|p2b: Farigiraf|Trick Room|p2b: Farigiraf
|-fieldstart|move: Trick Room|[of] p2b: Farigiraf
|
|upkeep
|
|t:|1786075284
|switch|p2a: Tyranitar|Tyranitar, L50, M|100/100
|-weather|Sandstorm|[from] ability: Sand Stream|[of] p2a: Tyranitar
|turn|2
|
|t:|1786075294
|switch|p1b: Kingambit|Kingambit, L50, M|100/100
|move|p2b: Farigiraf|Psychic Noise|p1a: Arcanine
|-damage|p1a: Arcanine|75/100
|-start|p1a: Arcanine|move: Heal Block
|move|p2a: Tyranitar|Rock Slide|p1b: Kingambit|[spread] p1a,p1b
|-supereffective|p1a: Arcanine|1
|-resisted|p1b: Kingambit|1
|-damage|p1a: Arcanine|5/100
|-damage|p1b: Kingambit|91/100
|cant|p1a: Arcanine|flinch
|
|-weather|Sandstorm|[upkeep]
|-damage|p2b: Farigiraf|94/100|[from] Sandstorm
|upkeep
|turn|3
|
|t:|1786075313
|move|p1a: Arcanine|Protect|p1a: Arcanine
|-singleturn|p1a: Arcanine|Protect
|move|p2b: Farigiraf|Psychic Noise|p1a: Arcanine
|-activate|p1a: Arcanine|move: Protect
|move|p1b: Kingambit|Iron Head|p2a: Tyranitar
|-supereffective|p2a: Tyranitar|1
|-damage|p2a: Tyranitar|25/100
|move|p2a: Tyranitar|Low Kick|p1b: Kingambit
|-supereffective|p1b: Kingambit|2
|-enditem|p1b: Kingambit|Chople Berry|[eat]
|-enditem|p1b: Kingambit|Chople Berry|[weaken]
|-damage|p1b: Kingambit|41/100
|
|-weather|Sandstorm|[upkeep]
|-damage|p2b: Farigiraf|88/100|[from] Sandstorm
|-end|p1a: Arcanine|move: Heal Block
|upkeep
|turn|4
|inactive|komsu has 30 seconds left.
|inactive|komsu has 20 seconds left.
|
|t:|1786075350
|move|p2a: Tyranitar|Protect|p2a: Tyranitar
|-singleturn|p2a: Tyranitar|Protect
|move|p2b: Farigiraf|Thunderbolt|p1a: Arcanine
|-damage|p1a: Arcanine|0 fnt
|faint|p1a: Arcanine
|move|p1b: Kingambit|Iron Head|p2a: Tyranitar
|-activate|p2a: Tyranitar|move: Protect
|
|-weather|Sandstorm|[upkeep]
|-damage|p2b: Farigiraf|82/100|[from] Sandstorm
|upkeep
|
|t:|1786075358
|switch|p1a: Raichu|Raichu, L50, M|100/100
|turn|5
|
|t:|1786075373
|detailschange|p1a: Raichu|Raichu-Mega-Y, L50, M
|-mega|p1a: Raichu|Raichu|Raichunite Y
|move|p2b: Farigiraf|Psychic Noise|p1a: Raichu
|-damage|p1a: Raichu|61/100
|-start|p1a: Raichu|move: Heal Block
|move|p1b: Kingambit|Iron Head|p2a: Tyranitar
|-supereffective|p2a: Tyranitar|1
|-damage|p2a: Tyranitar|0 fnt
|faint|p2a: Tyranitar
|move|p1a: Raichu|Zap Cannon|p2b: Farigiraf
|-damage|p2b: Farigiraf|25/100
|-status|p2b: Farigiraf|par
|
|-weather|Sandstorm|[upkeep]
|-damage|p2b: Farigiraf|19/100 par|[from] Sandstorm
|-damage|p1a: Raichu|55/100|[from] Sandstorm
|-fieldend|move: Trick Room
|upkeep
|
|t:|1786075376
|switch|p2a: Floette|Floette-Eternal, L50, F|100/100
|turn|6
|inactive|komsu has 30 seconds left.
|
|t:|1786075405
|detailschange|p2a: Floette|Floette-Mega, L50, F
|-mega|p2a: Floette|Floette|Floettite
|-ability|p2a: Floette|Fairy Aura
|move|p1a: Raichu|Zap Cannon|p2a: Floette
|-damage|p2a: Floette|44/100
|-status|p2a: Floette|par
|move|p1b: Kingambit|Kowtow Cleave|p2b: Farigiraf
|-supereffective|p2b: Farigiraf|1
|-enditem|p2b: Farigiraf|Colbur Berry|[eat]
|-enditem|p2b: Farigiraf|Colbur Berry|[weaken]
|-damage|p2b: Farigiraf|0 fnt
|faint|p2b: Farigiraf
|move|p2a: Floette|Dazzling Gleam|p1b: Kingambit|[spread] p1a,p1b
|-damage|p1a: Raichu|0 fnt
|-damage|p1b: Kingambit|0 fnt
|faint|p1a: Raichu
|faint|p1b: Kingambit
|
|-weather|none
|upkeep
|
|t:|1786075417
|switch|p1b: Basculegion|Basculegion, L50, M|100/100
|turn|7
|
|t:|1786075422
|move|p1b: Basculegion|Last Respects|p2a: Floette
|-damage|p2a: Floette|0 fnt
|faint|p2a: Floette
|
|win|aqoursfan1
