|j|☆ole book
|j|☆Xtreme Scizor
|html|ole bookXtreme Scizor    
|uhtml|bestof|Game 1 of a best-of-3
|t:|1785704902
|gametype|doubles
|player|p1|ole book|ballguy|1172
|player|p2|Xtreme Scizor|169|1116
|gen|9
|tier|[Gen 9 Champions] VGC 2026 Reg M-B (Bo3)
|rated|
|rule|Species Clause: Limit one of each Pokémon
|rule|Item Clause: Limit 1 of each item
|clearpoke
|poke|p1|Kingambit, L50, M|
|poke|p1|Floette-Eternal, L50, F|
|poke|p1|Talonflame, L50, F|
|poke|p1|Maushold, L50|
|poke|p1|Basculegion, L50, M|
|poke|p1|Glimmora, L50, M|
|poke|p2|Staraptor, L50, F|
|poke|p2|Garchomp, L50, F|
|poke|p2|Whimsicott, L50, F, shiny|
|poke|p2|Delphox, L50, M|
|poke|p2|Glimmora, L50, M, shiny|
|poke|p2|Kingambit, L50, F, shiny|
|teampreview|4
|showteam|p1|Kingambit||FocusSash|Defiant|KowtowCleave,IronHead,SuckerPunch,LowKick|Adamant||M|||50|]Floette-Eternal||Floettite|FlowerVeil|Moonblast,DazzlingGleam,LightofRuin,Protect|Timid||F|||50|]Talonflame||LifeOrb|GaleWings|DualWingbeat,FlareBlitz,Tailwind,QuickGuard|Jolly||F|||50|]Maushold||ChopleBerry|FriendGuard|Feint,SuperFang,FollowMe,Protect|Impish|||||50|]Basculegion||MysticWater|Adaptability|WaveCrash,LastRespects,AquaJet,Protect|Adamant||M|||50|]Glimmora||Glimmoranite|ToxicDebris|SludgeBomb,PowerGem,EarthPower,SpikyShield|Timid||M|||50|
|showteam|p2|Staraptor||Staraptite|Intimidate|Protect,CloseCombat,Roost,BraveBird|Jolly||F|||50|]Garchomp||LifeOrb|RoughSkin|Protect,Earthquake,RockSlide,DragonClaw|Jolly||F|||50|]Whimsicott||OccaBerry|Prankster|Moonblast,Charm,Tailwind,LightScreen|Timid||F|||50|]Delphox||Delphoxite|Blaze|Protect,Psychic,HeatWave,Substitute|Modest||M|||50|]Glimmora||FocusSash|ToxicDebris|SpikyShield,EarthPower,PowerGem,SludgeBomb|Timid||M|||50|]Kingambit||ChopleBerry|Defiant|KowtowCleave,SuckerPunch,IronHead,LowKick|Adamant||F|||50|
|inactive|Battle timer is ON: inactive players will automatically lose when time's up. (requested by ole book)
|
|t:|1785704923
|teamsize|p1|4
|teamsize|p2|4
|start
|switch|p1a: Talonflame|Talonflame, L50, F|100/100
|switch|p1b: Basculegion|Basculegion, L50, M|100/100
|switch|p2a: Staraptor|Staraptor, L50, F|100/100
|switch|p2b: Whimsicott|Whimsicott, L50, F, shiny|100/100
|-ability|p2a: Staraptor|Intimidate|boost
|-unboost|p1a: Talonflame|atk|1
|-unboost|p1b: Basculegion|atk|1
|turn|1
|inactive|ole book has 30 seconds left.
|
|t:|1785704952
|detailschange|p2a: Staraptor|Staraptor-Mega, L50, F
|-mega|p2a: Staraptor|Staraptor|Staraptite
|move|p1a: Talonflame|Tailwind|p1a: Talonflame
|-sidestart|p1: ole book|move: Tailwind
|move|p2b: Whimsicott|Charm|p2a: Staraptor
|-boost|p2a: Staraptor|atk|2
|move|p1b: Basculegion|Wave Crash|p2a: Staraptor
|-damage|p2a: Staraptor|33/100
|-damage|p1b: Basculegion|82/100|[from] Recoil
|move|p2a: Staraptor|Close Combat|p1a: Talonflame
|-resisted|p1a: Talonflame|1
|-damage|p1a: Talonflame|4/100
|-boost|p2a: Staraptor|def|1
|-boost|p2a: Staraptor|spd|1
|
|upkeep
|turn|2
|
|t:|1785704977
|move|p2a: Staraptor|Protect|p2a: Staraptor
|-singleturn|p2a: Staraptor|Protect
|move|p1a: Talonflame|Flare Blitz|p2a: Staraptor
|-activate|p2a: Staraptor|move: Protect
|move|p1b: Basculegion|Wave Crash|p2a: Staraptor
|-activate|p2a: Staraptor|move: Protect
|move|p2b: Whimsicott|Moonblast|p1a: Talonflame
|-resisted|p1a: Talonflame|1
|-damage|p1a: Talonflame|0 fnt
|faint|p1a: Talonflame
|
|upkeep
|
|t:|1785704979
|switch|p1a: Floette|Floette-Eternal, L50, F|100/100
|turn|3
|
|t:|1785704996
|detailschange|p1a: Floette|Floette-Mega, L50, F
|-mega|p1a: Floette|Floette|Floettite
|-ability|p1a: Floette|Fairy Aura
|move|p2b: Whimsicott|Tailwind|p2b: Whimsicott
|-sidestart|p2: Xtreme Scizor|move: Tailwind
|move|p2a: Staraptor|Roost|p2a: Staraptor
|-heal|p2a: Staraptor|83/100
|-singleturn|p2a: Staraptor|move: Roost
|move|p1a: Floette|Dazzling Gleam|p2b: Whimsicott|[spread] p2a,p2b
|-supereffective|p2a: Staraptor|1
|-damage|p2a: Staraptor|8/100
|-damage|p2b: Whimsicott|20/100y
|move|p1b: Basculegion|Wave Crash|p2a: Staraptor
|-damage|p2a: Staraptor|0 fnt
|faint|p2a: Staraptor
|-damage|p1b: Basculegion|80/100|[from] Recoil
|
|upkeep
|
|t:|1785704999
|switch|p2a: Glimmora|Glimmora, L50, M, shiny|100/100
|turn|4
|
|t:|1785705015
|move|p2a: Glimmora|Spiky Shield|p2a: Glimmora
|-singleturn|p2a: Glimmora|move: Protect
|move|p2b: Whimsicott|Light Screen|p2b: Whimsicott
|-sidestart|p2: Xtreme Scizor|move: Light Screen
|move|p1b: Basculegion|Aqua Jet|p2a: Glimmora
|-activate|p2a: Glimmora|move: Protect
|-damage|p1b: Basculegion|67/100|[from] Spiky Shield|[of] p2a: Glimmora
|move|p1a: Floette|Dazzling Gleam|p2a: Glimmora|[spread] p2b
|-activate|p2a: Glimmora|move: Protect
|-damage|p2b: Whimsicott|0 fnt
|faint|p2b: Whimsicott
|
|-sideend|p1: ole book|move: Tailwind
|upkeep
|
|t:|1785705027
|switch|p2b: Kingambit|Kingambit, L50, F, shiny|100/100
|turn|5
|
|t:|1785705049
|switch|p1a: Kingambit|Kingambit, L50, M|100/100
|move|p1b: Basculegion|Aqua Jet|p2a: Glimmora
|-supereffective|p2a: Glimmora|1
|-damage|p2a: Glimmora|50/100y
|-activate|p2a: Glimmora|ability: Toxic Debris
|-sidestart|p1: ole book|move: Toxic Spikes
|move|p2a: Glimmora|Sludge Bomb|p1a: Kingambit
|-immune|p1a: Kingambit
|move|p2b: Kingambit|Kowtow Cleave|p1b: Basculegion
|-supereffective|p1b: Basculegion|1
|-damage|p1b: Basculegion|0 fnt
|faint|p1b: Basculegion
|
|upkeep
|
|t:|1785705054
|switch|p1b: Floette|Floette-Mega, L50, F|100/100
|-status|p1b: Floette|psn
|-ability|p1b: Floette|Fairy Aura
|turn|6
|
|t:|1785705069
|move|p1b: Floette|Protect|p1b: Floette
|-singleturn|p1b: Floette|Protect
|move|p1a: Kingambit|Sucker Punch|p2a: Glimmora
|-damage|p2a: Glimmora|0 fnt
|-activate|p2a: Glimmora|ability: Toxic Debris
|-sidestart|p1: ole book|move: Toxic Spikes
|faint|p2a: Glimmora
|move|p2b: Kingambit|Low Kick|p1a: Kingambit
|-supereffective|p1a: Kingambit|2
|-enditem|p1a: Kingambit|Focus Sash
|-damage|p1a: Kingambit|1/100
|
|-damage|p1b: Floette|88/100 psn|[from] psn
|-sideend|p2: Xtreme Scizor|move: Tailwind
|upkeep
|turn|7
|
|t:|1785705084
|move|p1b: Floette|Light of Ruin|p2b: Kingambit
|-damage|p2b: Kingambit|23/100
|-damage|p1b: Floette|35/100 psn|[from] Recoil
|move|p1a: Kingambit|Low Kick|p2b: Kingambit
|-supereffective|p2b: Kingambit|2
|-enditem|p2b: Kingambit|Chople Berry|[eat]
|-enditem|p2b: Kingambit|Chople Berry|[weaken]
|-damage|p2b: Kingambit|0 fnt
|faint|p2b: Kingambit
|
|win|ole book
||ole book is ready for game 2.
|inactive|Xtreme Scizor has 30 seconds to confirm battle start!
||Xtreme Scizor is ready for game 2.
|uhtml|next|Next: Game 2 of 3
