|j|☆Cristante terabug
|j|☆WolfeWithTheGlicky
|html|Cristante terabugWolfeWithTheGlicky    
|uhtml|bestof|Game 2 of a best-of-3
|t:|1756418475
|gametype|doubles
|player|p1|Cristante terabug|kieran-champion|1191
|player|p2|WolfeWithTheGlicky|boarder|1140
|gen|9
|tier|[Gen 9] VGC 2025 Reg H (Bo3)
|rated|
|rule|Species Clause: Limit one of each Pokémon
|rule|Item Clause: Limit 1 of each item
|clearpoke
|poke|p1|Incineroar, L50, M|
|poke|p1|Pelipper, L50, M|
|poke|p1|Archaludon, L50, M|
|poke|p1|Dragonite, L50, M|
|poke|p1|Sinistcha, L50|
|poke|p1|Ursaluna, L50, F|
|poke|p2|Dragonite, L50, M|
|poke|p2|Volcarona, L50, F|
|poke|p2|Clefable, L50, M|
|poke|p2|Whimsicott, L50, M|
|poke|p2|Annihilape, L50, F|
|poke|p2|Gholdengo, L50|
|teampreview|4
|showteam|p1|Incineroar||SafetyGoggles|Intimidate|FakeOut,PartingShot,KnockOff,FlareBlitz|||M|||50|,,,,,Flying]Pelipper||FocusSash|Drizzle|Hurricane,MuddyWater,Tailwind,Protect|||M|||50|,,,,,Ghost]Archaludon||AssaultVest|Stamina|ElectroShot,Snarl,FlashCannon,BodyPress|||M|||50|,,,,,Bug]Dragonite||LoadedDice|Multiscale|ScaleShot,Tailwind,Haze,Protect|||M|||50|,,,,,Fairy]Sinistcha||SitrusBerry|Hospitality|MatchaGotcha,RagePowder,LifeDew,TrickRoom||||||50|,,,,,Dark]Ursaluna||FlameOrb|Guts|Earthquake,Facade,HeadlongRush,Protect|||F|||50|,,,,,Ghost
|showteam|p2|Dragonite||LoadedDice|Multiscale|ScaleShot,ExtremeSpeed,Haze,Protect|||M|||50|,,,,,Fairy]Volcarona||CovertCloak|FlameBody|FieryDance,StruggleBug,QuiverDance,Protect|||F|||50|,,,,,Dragon]Clefable||SitrusBerry|Unaware|Moonblast,FollowMe,MistyTerrain,Protect|||M|||50|,,,,,Water]Whimsicott||FocusSash|Prankster|Moonblast,Encore,Tailwind,SunnyDay|||M|||50|,,,,,Ghost]Annihilape||SafetyGoggles|Defiant|RageFist,DrainPunch,BulkUp,Protect|||F|||50|,,,,,Water]Gholdengo||IronPlate|GoodasGold|ShadowBall,MakeItRain,NastyPlot,Protect||||||50|,,,,,Steel
|
|t:|1756418511
|teamsize|p1|4
|teamsize|p2|4
|start
|switch|p1a: Dragonite|Dragonite, L50, M|100/100
|switch|p1b: Ursaluna|Ursaluna, L50, F|100/100
|switch|p2a: Gholdengo|Gholdengo, L50|100/100
|switch|p2b: Annihilape|Annihilape, L50, F|100/100
|turn|1
|
|t:|1756418566
|-terastallize|p2a: Gholdengo|Steel
|move|p1b: Ursaluna|Protect|p1b: Ursaluna
|-singleturn|p1b: Ursaluna|Protect
|move|p2b: Annihilape|Rage Fist|p1a: Dragonite
|-damage|p1a: Dragonite|88/100
|move|p1a: Dragonite|Tailwind|p1a: Dragonite
|-sidestart|p1: Cristante terabug|move: Tailwind
|move|p2a: Gholdengo|Make It Rain|p1a: Dragonite|[spread] p1a
|-activate|p1b: Ursaluna|move: Protect
|-damage|p1a: Dragonite|5/100
|-unboost|p2a: Gholdengo|spa|1
|
|-status|p1b: Ursaluna|brn|[from] item: Flame Orb
|upkeep
|turn|2
|
|t:|1756418596
|switch|p2a: Clefable|Clefable, L50, M|100/100
|move|p1a: Dragonite|Scale Shot|p2b: Annihilape
|-damage|p2b: Annihilape|86/100
|-damage|p2b: Annihilape|70/100
|-damage|p2b: Annihilape|54/100
|-damage|p2b: Annihilape|37/100
|-damage|p2b: Annihilape|23/100
|-hitcount|p2b: Annihilape|5
|-unboost|p1a: Dragonite|def|1
|-boost|p1a: Dragonite|spe|1
|move|p1b: Ursaluna|Earthquake|p2a: Clefable|[spread] p2a,p2b
|-immune|p1a: Dragonite
|-damage|p2a: Clefable|44/100
|-damage|p2b: Annihilape|0 fnt
|-enditem|p2a: Clefable|Sitrus Berry|[eat]
|-heal|p2a: Clefable|69/100|[from] item: Sitrus Berry
|faint|p2b: Annihilape
|
|-damage|p1b: Ursaluna|94/100 brn|[from] brn
|upkeep
|
|t:|1756418611
|switch|p2b: Volcarona|Volcarona, L50, F|100/100
|turn|3
|
|t:|1756418641
|move|p1a: Dragonite|Protect|p1a: Dragonite
|-singleturn|p1a: Dragonite|Protect
|move|p2b: Volcarona|Protect|p2b: Volcarona
|-singleturn|p2b: Volcarona|Protect
|move|p2a: Clefable|Protect|p2a: Clefable
|-singleturn|p2a: Clefable|Protect
|move|p1b: Ursaluna|Earthquake|p2a: Clefable|[spread] 
|-activate|p1a: Dragonite|move: Protect
|-activate|p2a: Clefable|move: Protect
|-activate|p2b: Volcarona|move: Protect
|
|-damage|p1b: Ursaluna|88/100 brn|[from] brn
|upkeep
|turn|4
|
|t:|1756418677
|switch|p1a: Incineroar|Incineroar, L50, M|100/100
|-ability|p1a: Incineroar|Intimidate|boost
|-unboost|p2a: Clefable|atk|1
|-unboost|p2b: Volcarona|atk|1
|move|p2a: Clefable|Follow Me|p2a: Clefable
|-singleturn|p2a: Clefable|move: Follow Me
|move|p1b: Ursaluna|Facade|p2a: Clefable
|-damage|p2a: Clefable|0 fnt
|faint|p2a: Clefable
|move|p2b: Volcarona|Quiver Dance|p2b: Volcarona
|-boost|p2b: Volcarona|spa|1
|-boost|p2b: Volcarona|spd|1
|-boost|p2b: Volcarona|spe|1
|
|-damage|p1b: Ursaluna|82/100 brn|[from] brn
|-sideend|p1: Cristante terabug|move: Tailwind
|upkeep
|
|t:|1756418685
|switch|p2a: Gholdengo|Gholdengo, L50, tera:Steel|100/100
|turn|5
|
|t:|1756418709
|move|p2b: Volcarona|Protect|p2b: Volcarona
|-singleturn|p2b: Volcarona|Protect
|move|p2a: Gholdengo|Protect|p2a: Gholdengo
|-singleturn|p2a: Gholdengo|Protect
|move|p1b: Ursaluna|Protect|p1b: Ursaluna
|-singleturn|p1b: Ursaluna|Protect
|move|p1a: Incineroar|Flare Blitz|p2a: Gholdengo
|-activate|p2a: Gholdengo|move: Protect
|
|-damage|p1b: Ursaluna|76/100 brn|[from] brn
|upkeep
|turn|6
|
|t:|1756418737
|switch|p1b: Dragonite|Dragonite, L50, M|5/100
|move|p2b: Volcarona|Quiver Dance|p2b: Volcarona
|-boost|p2b: Volcarona|spa|1
|-boost|p2b: Volcarona|spd|1
|-boost|p2b: Volcarona|spe|1
|move|p2a: Gholdengo|Make It Rain|p1b: Dragonite|[spread] p1a,p1b
|-resisted|p1a: Incineroar
|-crit|p1a: Incineroar
|-damage|p1a: Incineroar|54/100
|-damage|p1b: Dragonite|0 fnt
|-unboost|p2a: Gholdengo|spa|1
|faint|p1b: Dragonite
|move|p1a: Incineroar|Flare Blitz|p2a: Gholdengo
|-supereffective|p2a: Gholdengo
|-damage|p2a: Gholdengo|0 fnt
|faint|p2a: Gholdengo
|-damage|p1a: Incineroar|25/100|[from] Recoil
|
|upkeep
|
|t:|1756418756
|switch|p1b: Sinistcha|Sinistcha, L50, shiny|100/100
|-heal|p1a: Incineroar|50/100|[from] ability: Hospitality|[of] p1b: Sinistcha
|turn|7
|
|t:|1756418774
|-terastallize|p1b: Sinistcha|Dark
|move|p2b: Volcarona|Fiery Dance|p1b: Sinistcha
|-damage|p1b: Sinistcha|39/100
|-boost|p2b: Volcarona|spa|1
|-enditem|p1b: Sinistcha|Sitrus Berry|[eat]
|-heal|p1b: Sinistcha|64/100|[from] item: Sitrus Berry
|move|p1a: Incineroar|Parting Shot|p2b: Volcarona
|-unboost|p2b: Volcarona|atk|1
|-unboost|p2b: Volcarona|spa|1
|
|t:|1756418784
|switch|p1a: Ursaluna|Ursaluna, L50, F|76/100 brn|[from] Parting Shot
|move|p1b: Sinistcha|Trick Room|p1b: Sinistcha
|-fieldstart|move: Trick Room|[of] p1b: Sinistcha
|
|-damage|p1a: Ursaluna|70/100 brn|[from] brn
|upkeep
|turn|8
|c|☆WolfeWithTheGlicky|gg
|-message|WolfeWithTheGlicky forfeited.
|
|win|Cristante terabug
|raw|Cristante terabug's rating: 1191 → 1212(+21 for winning)
|raw|WolfeWithTheGlicky's rating: 1140 → 1119(-21 for losing)
|l|☆WolfeWithTheGlicky
|player|p2|
