|j|â˜†castoriceball
|j|â˜†Ninjacoox
|html|castoriceballNinjacoox    
|uhtml|bestof|Game 1 of a best-of-3
|t:|1784083755
|gametype|doubles
|player|p1|castoriceball|miku-flying|
|player|p2|Ninjacoox|170|
|gen|9
|tier|[Gen 9 Champions] VGC 2026 Reg M-B (Bo3)
|rule|Species Clause: Limit one of each PokÃ©mon
|rule|Item Clause: Limit 1 of each item
|clearpoke
|poke|p1|Garchomp, L50, F|
|poke|p1|Floette-Eternal, L50, F|
|poke|p1|Talonflame, L50, F|
|poke|p1|Rotom-Wash, L50, shiny|
|poke|p1|Venusaur, L50, M|
|poke|p1|Kingambit, L50, M, shiny|
|poke|p2|Ninetales-Alola, L50, M|
|poke|p2|Froslass, L50, F|
|poke|p2|Whimsicott, L50, M|
|poke|p2|Staraptor, L50, M|
|poke|p2|Maushold, L50|
|poke|p2|Volcarona, L50, M|
|teampreview|4
|showteam|p1|Garchomp||LifeOrb|RoughSkin|DragonClaw,Earthquake,RockSlide,Protect|Adamant||F|||50|]Floette-Eternal||Floettite|FlowerVeil|Moonblast,DazzlingGleam,LightofRuin,Protect|Modest||F|||50|]Talonflame||SharpBeak|GaleWings|Tailwind,DualWingbeat,FlareBlitz,Protect|Jolly||F|||50|]Rotom-Wash||Magnet|Levitate|Thunderbolt,HydroPump,Electroweb,Protect|Modest|||||50|]Venusaur||Venusaurite|Chlorophyll|GigaDrain,SludgeBomb,EarthPower,Protect|Modest||M|||50|]Kingambit||FocusSash|Defiant|KowtowCleave,SuckerPunch,IronHead,Protect|Adamant||M|||50|
|showteam|p2|Ninetales-Alola||FocusSash|SnowWarning|FreezeDry,DazzlingGleam,Blizzard,AuroraVeil|Timid||M|||50|]Froslass||Froslassite|SnowCloak|Blizzard,ShadowBall,Thunderbolt,Protect|Timid||F|||50|]Whimsicott||MentalHerb|Prankster|Tailwind,Moonblast,Taunt,Charm|Timid||M|||50|]Staraptor||Staraptite|Intimidate|Tailwind,CloseCombat,BraveBird,Protect|Jolly||M|||50|]Maushold||ChopleBerry|FriendGuard|PopulationBomb,Charm,FollowMe,Protect|Impish|||||50|]Volcarona||Leftovers|FlameBody|FieryDance,BugBuzz,QuiverDance,Protect|Bold||M|||50|
|c|â˜†castoriceball|don't get 67ed
|
|t:|1784083804
|teamsize|p1|4
|teamsize|p2|4
|start
|switch|p1a: BIRDD|Talonflame, L50, F|100/100
|switch|p1b: $70 flutter|Floette-Eternal, L50, F|100/100
|switch|p2a: Whimsicott|Whimsicott, L50, M|100/100
|switch|p2b: Staraptor|Staraptor, L50, M|100/100
|-ability|p2b: Staraptor|Intimidate|boost
|-unboost|p1a: BIRDD|atk|1
|-unboost|p1b: $70 flutter|atk|1
|turn|1
|
|t:|1784083820
|switch|p2b: Volcarona|Volcarona, L50, M|100/100
|detailschange|p1b: $70 flutter|Floette-Mega, L50, F
|-mega|p1b: $70 flutter|Floette|Floettite
|-ability|p1b: $70 flutter|Fairy Aura
|move|p1a: BIRDD|Dual Wingbeat|p2a: Whimsicott
|-supereffective|p2a: Whimsicott|1
|-damage|p2a: Whimsicott|67/100
|-supereffective|p2a: Whimsicott|1
|-damage|p2a: Whimsicott|35/100
|-hitcount|p2a: Whimsicott|2
|move|p2a: Whimsicott|Tailwind|p2a: Whimsicott
|-sidestart|p2: Ninjacoox|move: Tailwind
|move|p1b: $70 flutter|Moonblast|p2b: Volcarona
|-resisted|p2b: Volcarona|1
|-damage|p2b: Volcarona|66/100
|
|-heal|p2b: Volcarona|72/100|[from] item: Leftovers
|upkeep
|turn|2
|
|t:|1784083839
|move|p1a: BIRDD|Protect|p1a: BIRDD
|-singleturn|p1a: BIRDD|Protect
|move|p2a: Whimsicott|Taunt|p1a: BIRDD
|-activate|p1a: BIRDD|move: Protect
|move|p2b: Volcarona|Quiver Dance|p2b: Volcarona
|-boost|p2b: Volcarona|spa|1
|-boost|p2b: Volcarona|spd|1
|-boost|p2b: Volcarona|spe|1
|move|p1b: $70 flutter|Dazzling Gleam|p2a: Whimsicott|[spread] p2a,p2b
|-resisted|p2b: Volcarona|1
|-damage|p2a: Whimsicott|0 fnt
|-damage|p2b: Volcarona|58/100
|faint|p2a: Whimsicott
|
|-heal|p2b: Volcarona|64/100|[from] item: Leftovers
|upkeep
|
|t:|1784083846
|switch|p2a: Ninetales|Ninetales-Alola, L50, M|100/100
|-weather|Snowscape|[from] ability: Snow Warning|[of] p2a: Ninetales
|turn|3
|
|t:|1784083854
|move|p1a: BIRDD|Tailwind|p1a: BIRDD
|-sidestart|p1: castoriceball|move: Tailwind
|move|p2b: Volcarona|Fiery Dance|p1b: $70 flutter
|-damage|p1b: $70 flutter|59/100
|move|p2a: Ninetales|Blizzard|p1a: BIRDD|[spread] p1a,p1b
|-damage|p1a: BIRDD|62/100
|-damage|p1b: $70 flutter|40/100
|move|p1b: $70 flutter|Dazzling Gleam|p2a: Ninetales|[spread] p2a,p2b
|-resisted|p2b: Volcarona|1
|-damage|p2a: Ninetales|52/100
|-damage|p2b: Volcarona|50/100y
|
|-weather|Snowscape|[upkeep]
|-heal|p2b: Volcarona|56/100|[from] item: Leftovers
|upkeep
|turn|4
|
|t:|1784083883
|move|p1b: $70 flutter|Protect|p1b: $70 flutter
|-singleturn|p1b: $70 flutter|Protect
|move|p1a: BIRDD|Dual Wingbeat|p2b: Volcarona
|-supereffective|p2b: Volcarona|1
|-damage|p2b: Volcarona|34/100
|-supereffective|p2b: Volcarona|1
|-damage|p2b: Volcarona|12/100
|-hitcount|p2b: Volcarona|2
|move|p2b: Volcarona|Fiery Dance|p1b: $70 flutter
|-activate|p1b: $70 flutter|move: Protect
|move|p2a: Ninetales|Blizzard|p1b: $70 flutter|[spread] p1a
|-activate|p1b: $70 flutter|move: Protect
|-damage|p1a: BIRDD|28/100
|-status|p1a: BIRDD|frz
|
|-weather|Snowscape|[upkeep]
|-heal|p2b: Volcarona|18/100|[from] item: Leftovers
|-sideend|p2: Ninjacoox|move: Tailwind
|upkeep
|turn|5
|c|â˜†castoriceball|fuck that
|c|â˜†Ninjacoox|don't get 67ed
|
|t:|1784083906
|cant|p1a: BIRDD|frz
|move|p1b: $70 flutter|Moonblast|p2a: Ninetales
|-damage|p2a: Ninetales|0 fnt
|faint|p2a: Ninetales
|move|p2b: Volcarona|Fiery Dance|p1b: $70 flutter
|-damage|p1b: $70 flutter|0 fnt
|faint|p1b: $70 flutter
|
|-weather|Snowscape|[upkeep]
|-heal|p2b: Volcarona|25/100|[from] item: Leftovers
|upkeep
|
|t:|1784083923
|switch|p2a: Staraptor|Staraptor, L50, M|100/100
|switch|p1b: jarchomp|Garchomp, L50, F|100/100
|-ability|p2a: Staraptor|Intimidate|boost
|-unboost|p1a: BIRDD|atk|1
|-unboost|p1b: jarchomp|atk|1
|turn|6
|c|â˜†castoriceball|do yk who I am yet
|c|â˜†castoriceball|it's not that hard to guess
|
|t:|1784083932
|switch|p1a: Laundry List|Rotom-Wash, L50, shiny|100/100
|detailschange|p2a: Staraptor|Staraptor-Mega, L50, M
|-mega|p2a: Staraptor|Staraptor|Staraptite
|move|p2b: Volcarona|Protect|p2b: Volcarona
|-singleturn|p2b: Volcarona|Protect
|move|p1b: jarchomp|Rock Slide|p2a: Staraptor|[spread] p2a
|-activate|p2b: Volcarona|move: Protect
|-damage|p2a: Staraptor|80/100
|-damage|p1b: jarchomp|90/100|[from] item: Life Orb
|move|p2a: Staraptor|Close Combat|p1a: Laundry List
|-damage|p1a: Laundry List|33/100
|-boost|p2a: Staraptor|def|1
|-boost|p2a: Staraptor|spd|1
|
|-weather|Snowscape|[upkeep]
|-heal|p2b: Volcarona|31/100|[from] item: Leftovers
|-sideend|p1: castoriceball|move: Tailwind
|upkeep
|turn|7
|c|â˜†Ninjacoox|rice
|c|â˜†castoriceball|yeah I thought you'd say that
|c|â˜†Ninjacoox|what
|c|â˜†castoriceball|rice has a diff acc lmao
|c|â˜†castoriceball|I'm not rice
|c|â˜†Ninjacoox|who are you then
|c|â˜†castoriceball|I put rice in the name to bait
|c|â˜†castoriceball|lmao
|
|t:|1784083972
|move|p1a: Laundry List|Protect|p1a: Laundry List
|-singleturn|p1a: Laundry List|Protect
|move|p2b: Volcarona|Bug Buzz|p1a: Laundry List
|-activate|p1a: Laundry List|move: Protect
|move|p2a: Staraptor|Close Combat|p1b: jarchomp
|-damage|p1b: jarchomp|26/100
|-boost|p2a: Staraptor|def|1
|-boost|p2a: Staraptor|spd|1
|-damage|p2a: Staraptor|67/100|[from] ability: Rough Skin|[of] p1b: jarchomp
|move|p1b: jarchomp|Rock Slide|p2b: Volcarona|[spread] p2b
|-miss|p1b: jarchomp|p2a: Staraptor
|-supereffective|p2b: Volcarona|2
|-damage|p2b: Volcarona|0 fnt
|faint|p2b: Volcarona
|-damage|p1b: jarchomp|16/100|[from] item: Life Orb
|
|-weather|none
|upkeep
|turn|8
|c|â˜†Ninjacoox|say you swear
|c|â˜†castoriceball|I swear
|c|â˜†Ninjacoox|who are you then
|c|â˜†castoriceball|lmao
|c|â˜†Ninjacoox|?
|
|t:|1784083995
|switch|p1a: BIRDD|Talonflame, L50, F|28/100 frz
|move|p2a: Staraptor|Close Combat|p1a: BIRDD
|-resisted|p1a: BIRDD|1
|-damage|p1a: BIRDD|0 fnt
|-boost|p2a: Staraptor|def|1
|-boost|p2a: Staraptor|spd|1
|faint|p1a: BIRDD
|move|p1b: jarchomp|Dragon Claw|p2a: Staraptor
|-damage|p2a: Staraptor|48/100
|-damage|p1b: jarchomp|6/100|[from] item: Life Orb
|
|upkeep
|c|â˜†castoriceball|rice's friend
|
|t:|1784084005
|switch|p1a: Laundry List|Rotom-Wash, L50, shiny|33/100
|turn|9
|
|t:|1784084012
|move|p2a: Staraptor|Protect|p2a: Staraptor
|-singleturn|p2a: Staraptor|Protect
|move|p1a: Laundry List|Protect|p1a: Laundry List
|-singleturn|p1a: Laundry List|Protect
|move|p1b: jarchomp|Dragon Claw|p2a: Staraptor
|-activate|p2a: Staraptor|move: Protect
|
|upkeep
|turn|10
|
|t:|1784084020
|move|p2a: Staraptor|Close Combat|p1a: Laundry List
|-damage|p1a: Laundry List|0 fnt
|-boost|p2a: Staraptor|def|1
|-boost|p2a: Staraptor|spd|1
|faint|p1a: Laundry List
|move|p1b: jarchomp|Dragon Claw|p2a: Staraptor
|-damage|p2a: Staraptor|33/100
|-damage|p1b: jarchomp|0 fnt|[from] item: Life Orb
|faint|p1b: jarchomp
|
|win|Ninjacoox
