|j|☆maish
|j|☆samurotthisuian
|html|maishsamurotthisuian    
|uhtml|bestof|Game 3 of a best-of-3
|t:|1756492113
|gametype|doubles
|player|p1|maish|roxie|1096
|player|p2|samurotthisuian|101|1145
|gen|9
|tier|[Gen 9] VGC 2025 Reg H (Bo3)
|rated|
|rule|Species Clause: Limit one of each Pokémon
|rule|Item Clause: Limit 1 of each item
|clearpoke
|poke|p1|Pelipper, L50, M|
|poke|p1|Archaludon, L50, M|
|poke|p1|Basculegion, L50, M|
|poke|p1|Amoonguss, L50, F|
|poke|p1|Incineroar, L50, M|
|poke|p1|Gholdengo, L50|
|poke|p2|Toedscruel, L50, F|
|poke|p2|Weezing-Galar, L50, F|
|poke|p2|Corviknight, L50, F|
|poke|p2|Garchomp, L50, F|
|poke|p2|Typhlosion-Hisui, L50, F|
|poke|p2|Meowscarada, L50, F|
|teampreview|4
|showteam|p1|Pelipper||FocusSash|Drizzle|WeatherBall,Hurricane,Tailwind,Protect|||M|||50|,,,,,Ghost]Archaludon||AssaultVest|Stamina|DragonPulse,ElectroShot,Snarl,BodyPress|||M|||50|,,,,,Grass]Basculegion||ChoiceBand|SwiftSwim|WaveCrash,AquaJet,LastRespects,FlipTurn|||M|||50|,,,,,Grass]Amoonguss||RockyHelmet|Regenerator|RagePowder,PollenPuff,Spore,Protect|||F|||50|,,,,,Water]Incineroar||SafetyGoggles|Intimidate|FakeOut,FlareBlitz,PartingShot,KnockOff|||M|||50|,,,,,Water]Gholdengo||LifeOrb|GoodasGold|MakeItRain,ShadowBall,NastyPlot,Protect||||||50|,,,,,Dragon
|showteam|p2|Toedscruel||CovertCloak|MyceliumMight|Spore,EarthPower,AcidSpray,RagePowder|||F|||50|,,,,,Water]Weezing-Galar||ChoiceSpecs|NeutralizingGas|DazzlingGleam,Flamethrower,StrangeSteam,SludgeBomb|||F|||50|,,,,,Fire]Corviknight||SitrusBerry|MirrorArmor|BraveBird,Roost,Tailwind,BodyPress|||F|||50|,,,,,Dragon]Garchomp||LifeOrb|RoughSkin|Protect,Earthquake,StompingTantrum,DragonClaw|||F|||50|,,,,,Ground]Typhlosion-Hisui||ChoiceScarf|Blaze|Eruption,HeatWave,ShadowBall,Overheat|||F|||50|,,,,,Fire]Meowscarada||FocusSash|Overgrow|KnockOff,FlowerTrick,SuckerPunch,Taunt|||F|||50|,,,,,Ghost
|inactive|Battle timer is ON: inactive players will automatically lose when time's up. (requested by samurotthisuian)
|inactive|maish has 60 seconds left.
|inactive|maish has 30 seconds left.
|
|t:|1756492175
|teamsize|p1|4
|teamsize|p2|4
|start
|switch|p1a: Incineroar|Incineroar, L50, M, shiny|100/100
|switch|p1b: Amoonguss|Amoonguss, L50, F, shiny|100/100
|switch|p2a: Weezing|Weezing-Galar, L50, F, shiny|100/100
|switch|p2b: Toedscruel|Toedscruel, L50, F, shiny|100/100
|-ability|p2a: Weezing|Neutralizing Gas
|turn|1
|inactive|maish has 30 seconds left.
|
|t:|1756492205
|-terastallize|p2b: Toedscruel|Water
|-terastallize|p1a: Incineroar|Water
|move|p2b: Toedscruel|Earth Power|p1a: Incineroar
|-damage|p1a: Incineroar|78/100
|move|p2a: Weezing|Dazzling Gleam|p1b: Amoonguss|[spread] p1a,p1b
|-resisted|p1b: Amoonguss
|-damage|p1a: Incineroar|50/100
|-damage|p1b: Amoonguss|85/100
|move|p1a: Incineroar|Knock Off|p2b: Toedscruel
|-damage|p2b: Toedscruel|56/100
|-enditem|p2b: Toedscruel|Covert Cloak|[from] move: Knock Off|[of] p1a: Incineroar
|move|p1b: Amoonguss|Spore|p2a: Weezing
|-status|p2a: Weezing|slp|[from] move: Spore
|
|upkeep
|turn|2
|
|t:|1756492221
|move|p2b: Toedscruel|Acid Spray|p1a: Incineroar
|-damage|p1a: Incineroar|42/100
|-unboost|p1a: Incineroar|spd|2
|cant|p2a: Weezing|slp
|move|p1a: Incineroar|Knock Off|p2a: Weezing
|-resisted|p2a: Weezing
|-damage|p2a: Weezing|84/100 slp
|-enditem|p2a: Weezing|Choice Specs|[from] move: Knock Off|[of] p1a: Incineroar
|move|p1b: Amoonguss|Spore|p2b: Toedscruel
|-status|p2b: Toedscruel|slp|[from] move: Spore
|
|upkeep
|turn|3
|
|t:|1756492240
|cant|p2b: Toedscruel|slp
|-curestatus|p2a: Weezing|slp|[msg]
|move|p2a: Weezing|Dazzling Gleam|p1b: Amoonguss|[spread] p1a,p1b
|-resisted|p1b: Amoonguss
|-damage|p1a: Incineroar|0 fnt
|-damage|p1b: Amoonguss|74/100
|faint|p1a: Incineroar
|move|p1b: Amoonguss|Pollen Puff|p1: Incineroar|[notarget]
|-fail|p1b: Amoonguss
|
|upkeep
|
|t:|1756492250
|switch|p1a: Basculegion|Basculegion, L50, M, shiny|100/100
|turn|4
|
|t:|1756492260
|move|p1b: Amoonguss|Rage Powder|p1b: Amoonguss
|-singleturn|p1b: Amoonguss|move: Rage Powder
|-curestatus|p2b: Toedscruel|slp|[msg]
|move|p2b: Toedscruel|Spore|p1b: Amoonguss
|-immune|p1b: Amoonguss
|move|p1a: Basculegion|Wave Crash|p2a: Weezing
|-damage|p2a: Weezing|1/100
|-damage|p1a: Basculegion|78/100|[from] Recoil
|move|p2a: Weezing|Dazzling Gleam|p1b: Amoonguss|[spread] p1a,p1b
|-resisted|p1b: Amoonguss
|-damage|p1a: Basculegion|51/100
|-damage|p1b: Amoonguss|64/100
|
|upkeep
|turn|5
|inactive|maish has 30 seconds left.
|
|t:|1756492292
|move|p2b: Toedscruel|Rage Powder|p2b: Toedscruel
|-singleturn|p2b: Toedscruel|move: Rage Powder
|move|p1b: Amoonguss|Rage Powder|p1b: Amoonguss
|-singleturn|p1b: Amoonguss|move: Rage Powder
|move|p1a: Basculegion|Wave Crash|p2b: Toedscruel
|-resisted|p2b: Toedscruel
|-crit|p2b: Toedscruel
|-damage|p2b: Toedscruel|0 fnt
|faint|p2b: Toedscruel
|-damage|p1a: Basculegion|35/100|[from] Recoil
|move|p2a: Weezing|Flamethrower|p1b: Amoonguss
|-supereffective|p1b: Amoonguss
|-damage|p1b: Amoonguss|20/100
|
|upkeep
|
|t:|1756492299
|switch|p2b: Garchomp|Garchomp, L50, F, shiny|100/100
|turn|6
|
|t:|1756492318
|switch|p1a: Pelipper|Pelipper, L50, M, shiny|100/100
|move|p2b: Garchomp|Earthquake|p1a: Pelipper|[spread] p2a,p1b
|-immune|p1a: Pelipper
|-supereffective|p2a: Weezing
|-damage|p2a: Weezing|0 fnt
|-damage|p1b: Amoonguss|0 fnt
|faint|p2a: Weezing
|-end|p2a: Weezing|ability: Neutralizing Gas
|-weather|RainDance|[from] ability: Drizzle|[of] p1a: Pelipper
|faint|p1b: Amoonguss
|-damage|p2b: Garchomp|91/100|[from] item: Life Orb
|
|-weather|RainDance|[upkeep]
|upkeep
|
|t:|1756492330
|switch|p2a: Meowscarada|Meowscarada, L50, F, shiny|100/100
|switch|p1b: Basculegion|Basculegion, L50, M, shiny|35/100
|turn|7
|inactive|maish has 30 seconds left.
|
|t:|1756492363
|move|p2a: Meowscarada|Sucker Punch|p1b: Basculegion
|-supereffective|p1b: Basculegion
|-damage|p1b: Basculegion|0 fnt
|faint|p1b: Basculegion
|move|p2b: Garchomp|Dragon Claw|p1a: Pelipper
|-damage|p1a: Pelipper|33/100
|-damage|p2b: Garchomp|81/100|[from] item: Life Orb
|move|p1a: Pelipper|Hurricane|p2a: Meowscarada
|-supereffective|p2a: Meowscarada
|-enditem|p2a: Meowscarada|Focus Sash
|-damage|p2a: Meowscarada|1/100
|
|-weather|RainDance|[upkeep]
|upkeep
|turn|8
|-message|maish forfeited.
|
|win|samurotthisuian
|raw|maish's rating: 1096 → 1075(-21 for losing)
|raw|samurotthisuian's rating: 1145 → 1166(+21 for winning)
|c|☆samurotthisuian|gg
|l|☆maish
|player|p1|
|l|☆samurotthisuian
|player|p2|
|j|☆maish
|player|p1|maish|roxie|
