|j|☆magicalarcher57
|j|☆J.Arch
|html|magicalarcher57J.Arch    
|uhtml|bestof|Game 1 of a best-of-3
|t:|1784828659
|gametype|doubles
|player|p1|magicalarcher57|diantha|1213
|player|p2|J.Arch|blue|1173
|gen|9
|tier|[Gen 9 Champions] VGC 2026 Reg M-B (Bo3)
|rated|
|rule|Species Clause: Limit one of each Pokémon
|rule|Item Clause: Limit 1 of each item
|clearpoke
|poke|p1|Sneasler, L50, F|
|poke|p1|Garchomp, L50, M|
|poke|p1|Aerodactyl, L50, F|
|poke|p1|Charizard, L50, M|
|poke|p1|Venusaur, L50, M|
|poke|p1|Kingambit, L50, F|
|poke|p2|Sableye, L50, M|
|poke|p2|Archaludon, L50, M|
|poke|p2|Overqwil, L50, F|
|poke|p2|Venusaur, L50, M|
|poke|p2|Raichu, L50, F|
|poke|p2|Pelipper, L50, F|
|teampreview|4
|showteam|p1|Sneasler||WhiteHerb|Unburden|FakeOut,CloseCombat,DireClaw,Protect|Adamant||F|||50|]Garchomp||LifeOrb|RoughSkin|Earthquake,StompingTantrum,DragonClaw,Protect|Jolly||M|||50|]Aerodactyl||Aerodactylite|Unnerve|RockSlide,WideGuard,Tailwind,IceFang|Jolly||F|||50|]Charizard||CharizarditeY|Blaze|HeatWave,WeatherBall,SolarBeam,Protect|Modest||M|||50|]Venusaur||FocusSash|Chlorophyll|SolarBeam,SludgeBomb,Protect,EarthPower|Modest||M|||50|]Kingambit||BlackGlasses|Defiant|LowKick,KowtowCleave,SuckerPunch,Protect|Adamant||F|||50|
|showteam|p2|Sableye||SitrusBerry|Prankster|FoulPlay,RainDance,Quash,Encore|Careful||M|||50|]Archaludon||Leftovers|Stamina|FlashCannon,DragonPulse,ElectroShot,Protect|Modest||M|||50|]Overqwil||LifeOrb|SwiftSwim|ThroatChop,BarbBarrage,Liquidation,Protect|Adamant||F|||50|]Venusaur||Venusaurite|Chlorophyll|GigaDrain,SludgeBomb,EarthPower,Protect|Modest||M|||50|]Raichu||RaichuniteY|LightningRod|ZapCannon,FakeOut,FocusBlast,Protect|Timid||F|||50|]Pelipper||ChartiBerry|Drizzle|Hurricane,WeatherBall,Tailwind,WideGuard|Timid||F|||50|
|inactive|Battle timer is ON: inactive players will automatically lose when time's up. (requested by magicalarcher57)
|inactive|magicalarcher57 has 60 seconds left.
|inactive|J.Arch has 60 seconds left.
|inactive|J.Arch has 30 seconds left.
|
|t:|1784828726
|teamsize|p1|4
|teamsize|p2|4
|start
|switch|p1a: Sneasler|Sneasler, L50, F|100/100
|switch|p1b: Aerodactyl|Aerodactyl, L50, F|100/100
|switch|p2a: Raichu|Raichu, L50, F|100/100
|switch|p2b: Sableye|Sableye, L50, M|100/100
|-ability|p1b: Aerodactyl|Unnerve
|turn|1
|inactive|J.Arch has 30 seconds left.
|
|t:|1784828760
|detailschange|p1b: Aerodactyl|Aerodactyl-Mega, L50, F
|-mega|p1b: Aerodactyl|Aerodactyl|Aerodactylite
|detailschange|p2a: Raichu|Raichu-Mega-Y, L50, F
|-mega|p2a: Raichu|Raichu|Raichunite Y
|move|p2a: Raichu|Fake Out|p1a: Sneasler
|-damage|p1a: Sneasler|85/100
|move|p1b: Aerodactyl|Tailwind|p1b: Aerodactyl
|-sidestart|p1: magicalarcher57|move: Tailwind
|cant|p1a: Sneasler|flinch
|move|p2b: Sableye|Foul Play|p1b: Aerodactyl
|-damage|p1b: Aerodactyl|28/100
|
|upkeep
|turn|2
|inactive|magicalarcher57 has 30 seconds left.
|inactive|J.Arch has 30 seconds left.
|
|t:|1784828790
|switch|p2a: Pelipper|Pelipper, L50, F|100/100
|-weather|RainDance|[from] ability: Drizzle|[of] p2a: Pelipper
|move|p2b: Sableye|Encore|p1b: Aerodactyl
|-start|p1b: Aerodactyl|Encore
|move|p1b: Aerodactyl|Tailwind||[still]
|-fail|p1b: Aerodactyl
|move|p1a: Sneasler|Close Combat|p2a: Pelipper
|-resisted|p2a: Pelipper|1
|-damage|p2a: Pelipper|60/100
|-unboost|p1a: Sneasler|def|1
|-unboost|p1a: Sneasler|spd|1
|-enditem|p1a: Sneasler|White Herb
|-clearnegativeboost|p1a: Sneasler|[silent]
|
|-weather|RainDance|[upkeep]
|upkeep
|turn|3
|inactive|J.Arch has 30 seconds left.
|inactive|J.Arch has 20 seconds left.
|
|t:|1784828827
|switch|p1b: Garchomp|Garchomp, L50, M|100/100
|move|p2b: Sableye|Encore|p1a: Sneasler
|-start|p1a: Sneasler|Encore
|move|p1a: Sneasler|Close Combat|p2b: Sableye
|-immune|p2b: Sableye
|move|p2a: Pelipper|Tailwind|p2a: Pelipper
|-sidestart|p2: J.Arch|move: Tailwind
|
|-weather|RainDance|[upkeep]
|upkeep
|turn|4
|inactive|J.Arch has 30 seconds left.
|
|t:|1784828854
|move|p1a: Sneasler|Close Combat|p2a: Pelipper
|-resisted|p2a: Pelipper|1
|-damage|p2a: Pelipper|23/100
|-unboost|p1a: Sneasler|def|1
|-unboost|p1a: Sneasler|spd|1
|move|p1b: Garchomp|Dragon Claw|p2a: Pelipper
|-damage|p2a: Pelipper|0 fnt
|faint|p2a: Pelipper
|-damage|p1b: Garchomp|90/100|[from] item: Life Orb
|move|p2b: Sableye|Foul Play|p1b: Garchomp
|-damage|p1b: Garchomp|36/100
|-damage|p2b: Sableye|87/100|[from] ability: Rough Skin|[of] p1b: Garchomp
|
|-weather|RainDance|[upkeep]
|-sideend|p1: magicalarcher57|move: Tailwind
|upkeep
|inactive|J.Arch has 30 seconds left.
|inactive|J.Arch has 20 seconds left.
|inactive|J.Arch has 15 seconds left.
|
|t:|1784828898
|switch|p2a: Raichu|Raichu-Mega-Y, L50, F|100/100
|turn|5
|inactive|magicalarcher57 has 30 seconds left.
|inactive|magicalarcher57 has 20 seconds left.
|inactive|magicalarcher57 has 15 seconds left.
|
|t:|1784828941
|move|p2a: Raichu|Protect|p2a: Raichu
|-singleturn|p2a: Raichu|Protect
|move|p1b: Garchomp|Protect|p1b: Garchomp
|-singleturn|p1b: Garchomp|Protect
|move|p1a: Sneasler|Close Combat|p2a: Raichu
|-activate|p2a: Raichu|move: Protect
|move|p2b: Sableye|Foul Play|p1a: Sneasler
|-resisted|p1a: Sneasler|1
|-damage|p1a: Sneasler|9/100
|
|-weather|RainDance|[upkeep]
|-end|p1a: Sneasler|Encore
|upkeep
|turn|6
|
|t:|1784828959
|move|p2b: Sableye|Encore|p1b: Garchomp
|-start|p1b: Garchomp|Encore
|move|p1b: Garchomp|Protect||[still]
|-fail|p1b: Garchomp
|move|p2a: Raichu|Zap Cannon|p1a: Sneasler
|-damage|p1a: Sneasler|0 fnt
|faint|p1a: Sneasler
|
|-weather|none
|-sideend|p2: J.Arch|move: Tailwind
|upkeep
|
|t:|1784828964
|switch|p1a: Aerodactyl|Aerodactyl-Mega, L50, F|28/100
|turn|7
|
|t:|1784828981
|switch|p1b: Charizard|Charizard, L50, M|100/100
|move|p1a: Aerodactyl|Tailwind|p1a: Aerodactyl
|-sidestart|p1: magicalarcher57|move: Tailwind
|move|p2a: Raichu|Zap Cannon|p1a: Aerodactyl
|-supereffective|p1a: Aerodactyl|1
|-damage|p1a: Aerodactyl|0 fnt
|faint|p1a: Aerodactyl
|move|p2b: Sableye|Foul Play|p1b: Charizard
|-damage|p1b: Charizard|63/100
|
|upkeep
|
|t:|1784829005
|switch|p1a: Garchomp|Garchomp, L50, M|36/100
|turn|8
|
|t:|1784829012
|move|p2a: Raichu|Protect|p2a: Raichu
|-singleturn|p2a: Raichu|Protect
|move|p2b: Sableye|Rain Dance|p2b: Sableye
|-weather|RainDance
|move|p1a: Garchomp|Earthquake|p2a: Raichu|[spread] p2b
|-activate|p2a: Raichu|move: Protect
|-immune|p1b: Charizard
|-crit|p2b: Sableye
|-damage|p2b: Sableye|0 fnt
|faint|p2b: Sableye
|-damage|p1a: Garchomp|27/100|[from] item: Life Orb
|move|p1b: Charizard|Heat Wave|p2a: Raichu
|-activate|p2a: Raichu|move: Protect
|
|-weather|RainDance|[upkeep]
|upkeep
|
|t:|1784829025
|switch|p2b: Archaludon|Archaludon, L50, M|100/100
|turn|9
|
|t:|1784829047
|move|p2b: Archaludon|Protect|p2b: Archaludon
|-singleturn|p2b: Archaludon|Protect
|move|p1a: Garchomp|Earthquake|p2b: Archaludon|[spread] p2a
|-activate|p2b: Archaludon|move: Protect
|-immune|p1b: Charizard
|-supereffective|p2a: Raichu|1
|-damage|p2a: Raichu|0 fnt
|faint|p2a: Raichu
|-damage|p1a: Garchomp|17/100|[from] item: Life Orb
|move|p1b: Charizard|Heat Wave|p2b: Archaludon
|-activate|p2b: Archaludon|move: Protect
|
|-weather|RainDance|[upkeep]
|upkeep
|turn|10
|inactive|J.Arch has 30 seconds left.
|
|t:|1784829079
|move|p1a: Garchomp|Earthquake|p2b: Archaludon|[spread] p2b
|-immune|p1b: Charizard
|-supereffective|p2b: Archaludon|1
|-damage|p2b: Archaludon|32/100
|-ability|p2b: Archaludon|Stamina|boost
|-boost|p2b: Archaludon|def|1
|-damage|p1a: Garchomp|7/100|[from] item: Life Orb
|move|p1b: Charizard|Weather Ball|p2b: Archaludon
|-resisted|p2b: Archaludon|1
|-damage|p2b: Archaludon|4/100
|-ability|p2b: Archaludon|Stamina|boost
|-boost|p2b: Archaludon|def|1
|move|p2b: Archaludon|Electro Shot||[still]
|-prepare|p2b: Archaludon|Electro Shot
|-boost|p2b: Archaludon|spa|1
|-anim|p2b: Archaludon|Electro Shot|p1b: Charizard
|-supereffective|p1b: Charizard|1
|-damage|p1b: Charizard|0 fnt
|faint|p1b: Charizard
|
|-weather|RainDance|[upkeep]
|-heal|p2b: Archaludon|10/100|[from] item: Leftovers
|-sideend|p1: magicalarcher57|move: Tailwind
|upkeep
|turn|11
|inactive|J.Arch has 30 seconds left.
|
|t:|1784829111
|move|p2b: Archaludon|Protect|p2b: Archaludon
|-singleturn|p2b: Archaludon|Protect
|move|p1a: Garchomp|Earthquake|p2b: Archaludon
|-activate|p2b: Archaludon|move: Protect
|
|-weather|RainDance|[upkeep]
|-heal|p2b: Archaludon|16/100|[from] item: Leftovers
|upkeep
|turn|12
|
|t:|1784829120
|move|p1a: Garchomp|Earthquake|p2b: Archaludon
|-supereffective|p2b: Archaludon|1
|-damage|p2b: Archaludon|0 fnt
|faint|p2b: Archaludon
|-damage|p1a: Garchomp|0 fnt|[from] item: Life Orb
|faint|p1a: Garchomp
|
|win|magicalarcher57
