|j|☆OhNoValentine
|j|☆RickyICEBEAM
|html|OhNoValentineRickyICEBEAM    
|uhtml|bestof|Game 2 of a best-of-3
|t:|1756563150
|gametype|doubles
|player|p1|OhNoValentine|170|1169
|player|p2|RickyICEBEAM|102|1131
|gen|9
|tier|[Gen 9] VGC 2025 Reg H (Bo3)
|rated|
|rule|Species Clause: Limit one of each Pokémon
|rule|Item Clause: Limit 1 of each item
|clearpoke
|poke|p1|Primarina, L50, M|
|poke|p1|Garchomp, L50, M|
|poke|p1|Gholdengo, L50|
|poke|p1|Talonflame, L50, M|
|poke|p1|Tyranitar, L50, F|
|poke|p1|Amoonguss, L50, M|
|poke|p2|Ursaluna-Bloodmoon, L50, M|
|poke|p2|Indeedee, L50, M|
|poke|p2|Sneasler, L50, F|
|poke|p2|Talonflame, L50, M|
|poke|p2|Dragapult, L50, M|
|poke|p2|Clefable, L50, M|
|teampreview|4
|showteam|p1|Primarina||ThroatSpray|LiquidVoice|Haze,Moonblast,Protect,HyperVoice|||M|||50|,,,,,Steel]Garchomp||LifeOrb|SandVeil|Protect,Earthquake,StompingTantrum,DragonClaw|||M|||50|,,,,,Fire]Gholdengo||MetalCoat|GoodasGold|Protect,NastyPlot,ShadowBall,MakeItRain||||||50|,,,,,Flying]Talonflame||CovertCloak|GaleWings|BraveBird,Tailwind,WillOWisp,Taunt|||M|||50|,,,,,Flying]Tyranitar||AssaultVest|SandStream|KnockOff,TeraBlast,LowKick,RockSlide|||F|||50|,,,,,Flying]Amoonguss||SitrusBerry|Regenerator|RagePowder,Spore,PollenPuff,Protect|||M|||50|,,,,,Water
|showteam|p2|Ursaluna-Bloodmoon||LifeOrb|MindsEye|HyperVoice,BloodMoon,EarthPower,Protect|||M|||50|,,,,,Normal]Indeedee||FocusSash|PsychicSurge|ExpandingForce,HelpingHand,Protect,TrickRoom|||M|||50|,,,,,Psychic]Sneasler||PsychicSeed|Unburden|DireClaw,CloseCombat,ThroatChop,Protect|||F|||50|,,,,,Dark]Talonflame||CovertCloak|GaleWings|Tailwind,BraveBird,WillOWisp,Taunt|||M|||50|,,,,,Steel]Dragapult||ChoiceBand|ClearBody|DragonDarts,Uturn,PhantomForce,DragonClaw|||M|||50|,,,,,Dragon]Clefable||RockyHelmet|Unaware|FollowMe,Moonblast,Protect,HelpingHand|||M|||50|,,,,,Steel
|inactive|Battle timer is ON: inactive players will automatically lose when time's up. (requested by RickyICEBEAM)
|
|t:|1756563174
|teamsize|p1|4
|teamsize|p2|4
|start
|switch|p1a: Garchomp|Garchomp, L50, M|100/100
|switch|p1b: Talonflame|Talonflame, L50, M|100/100
|switch|p2a: Indeedee|Indeedee, L50, M|100/100
|switch|p2b: Sneasler|Sneasler, L50, F|100/100
|-fieldstart|move: Psychic Terrain|[from] ability: Psychic Surge|[of] p2a: Indeedee
|-enditem|p2b: Sneasler|Psychic Seed
|-boost|p2b: Sneasler|spd|1|[from] item: Psychic Seed
|turn|1
|inactive|RickyICEBEAM has 30 seconds left.
|
|t:|1756563206
|move|p1a: Garchomp|Protect|p1a: Garchomp
|-singleturn|p1a: Garchomp|Protect
|move|p1b: Talonflame|Tailwind|p1b: Talonflame
|-sidestart|p1: OhNoValentine|move: Tailwind
|move|p2b: Sneasler|Dire Claw|p1b: Talonflame
|-damage|p1b: Talonflame|24/100
|move|p2a: Indeedee|Expanding Force|p1a: Garchomp|[spread] p1b
|-activate|p1a: Garchomp|move: Protect
|-damage|p1b: Talonflame|0 fnt
|faint|p1b: Talonflame
|
|upkeep
|
|t:|1756563212
|switch|p1b: Tyranitar|Tyranitar, L50, F|100/100
|-weather|Sandstorm|[from] ability: Sand Stream|[of] p1b: Tyranitar
|turn|2
|inactive|RickyICEBEAM has 30 seconds left.
|inactive|RickyICEBEAM has 20 seconds left.
|inactive|RickyICEBEAM has 15 seconds left.
|
|t:|1756563252
|-terastallize|p1b: Tyranitar|Flying
|move|p2a: Indeedee|Helping Hand|p2b: Sneasler
|-singleturn|p2b: Sneasler|Helping Hand|[of] p2a: Indeedee
|move|p2b: Sneasler|Close Combat|p1b: Tyranitar
|-resisted|p1b: Tyranitar
|-damage|p1b: Tyranitar|59/100
|-unboost|p2b: Sneasler|def|1
|-unboost|p2b: Sneasler|spd|1
|move|p1a: Garchomp|Earthquake|p2a: Indeedee|[spread] p2a,p2b
|-immune|p1b: Tyranitar
|-supereffective|p2b: Sneasler
|-enditem|p2a: Indeedee|Focus Sash
|-damage|p2a: Indeedee|1/100
|-damage|p2b: Sneasler|0 fnt
|faint|p2b: Sneasler
|-damage|p1a: Garchomp|91/100|[from] item: Life Orb
|move|p1b: Tyranitar|Rock Slide|p2a: Indeedee
|-damage|p2a: Indeedee|0 fnt
|faint|p2a: Indeedee
|
|-weather|Sandstorm|[upkeep]
|-damage|p1b: Tyranitar|53/100|[from] Sandstorm
|upkeep
|
|t:|1756563271
|switch|p2b: Talonflame|Talonflame, L50, M|100/100
|switch|p2a: Ursaluna|Ursaluna-Bloodmoon, L50, M|100/100
|turn|3
|c|☆RickyICEBEAM|any advice?
|inactive|RickyICEBEAM has 30 seconds left.
|inactive|OhNoValentine has 30 seconds left.
|inactive|RickyICEBEAM has 20 seconds left.
|c|☆RickyICEBEAM|maybe i should set up trick room turn 1?
|inactive|RickyICEBEAM has 15 seconds left.
|inactive|RickyICEBEAM has 10 seconds left.
|
|t:|1756563318
|move|p2a: Ursaluna|Protect|p2a: Ursaluna
|-singleturn|p2a: Ursaluna|Protect
|move|p2b: Talonflame|Tailwind|p2b: Talonflame
|-sidestart|p2: RickyICEBEAM|move: Tailwind
|move|p1a: Garchomp|Earthquake|p2a: Ursaluna|[spread] 
|-activate|p2a: Ursaluna|move: Protect
|-immune|p1b: Tyranitar
|-immune|p2b: Talonflame
|move|p1b: Tyranitar|Low Kick|p2a: Ursaluna
|-activate|p2a: Ursaluna|move: Protect
|
|-weather|Sandstorm|[upkeep]
|-damage|p2b: Talonflame|95/100|[from] Sandstorm
|-damage|p1b: Tyranitar|47/100|[from] Sandstorm
|upkeep
|turn|4
|inactive|RickyICEBEAM has 30 seconds left.
|
|t:|1756563351
|-terastallize|p2a: Ursaluna|Normal
|move|p2b: Talonflame|Will-O-Wisp|p1b: Tyranitar
|-status|p1b: Tyranitar|brn
|move|p1a: Garchomp|Dragon Claw|p2a: Ursaluna
|-damage|p2a: Ursaluna|57/100
|-damage|p1a: Garchomp|81/100|[from] item: Life Orb
|move|p1b: Tyranitar|Low Kick|p2a: Ursaluna
|-supereffective|p2a: Ursaluna
|-crit|p2a: Ursaluna
|-damage|p2a: Ursaluna|5/100
|move|p2a: Ursaluna|Hyper Voice|p1a: Garchomp|[spread] p1b
|-miss|p2a: Ursaluna|p1a: Garchomp
|-damage|p1b: Tyranitar|8/100 brn
|-damage|p2a: Ursaluna|0 fnt|[from] item: Life Orb
|faint|p2a: Ursaluna
|
|-weather|Sandstorm|[upkeep]
|-damage|p2b: Talonflame|89/100|[from] Sandstorm
|-damage|p1b: Tyranitar|2/100 brn|[from] Sandstorm
|-damage|p1b: Tyranitar|0 fnt|[from] brn
|faint|p1b: Tyranitar
|-sideend|p1: OhNoValentine|move: Tailwind
|upkeep
|
|t:|1756563359
|switch|p1b: Gholdengo|Gholdengo, L50|100/100
|turn|5
|
|t:|1756563372
|move|p2b: Talonflame|Will-O-Wisp|p1a: Garchomp
|-status|p1a: Garchomp|brn
|move|p1a: Garchomp|Dragon Claw|p2b: Talonflame
|-damage|p2b: Talonflame|53/100
|-damage|p1a: Garchomp|71/100 brn|[from] item: Life Orb
|move|p1b: Gholdengo|Shadow Ball|p2b: Talonflame
|-damage|p2b: Talonflame|0 fnt
|faint|p2b: Talonflame
|
|win|OhNoValentine
|raw|OhNoValentine's rating: 1169 → 1191(+22 for winning)
|raw|RickyICEBEAM's rating: 1131 → 1109(-22 for losing)
