|j|☆SHOMA_WIN
|j|☆Capravolante97
|html|SHOMA_WINCapravolante97    
|uhtml|bestof|Game 1 of a best-of-3
|t:|1782295974
|gametype|doubles
|player|p1|SHOMA_WIN|scientist|1344
|player|p2|Capravolante97|fantina|1264
|gen|9
|tier|[Gen 9 Champions] VGC 2026 Reg M-B (Bo3)
|rated|
|rule|Species Clause: Limit one of each Pokémon
|rule|Item Clause: Limit 1 of each item
|clearpoke
|poke|p1|Aerodactyl, L50, F|
|poke|p1|Garchomp, L50, M|
|poke|p1|Kingambit, L50, M|
|poke|p1|Charizard, L50, F|
|poke|p1|Sylveon, L50, M|
|poke|p1|Farigiraf, L50, F|
|poke|p2|Gholdengo, L50|
|poke|p2|Scovillain, L50, F|
|poke|p2|Aerodactyl, L50, F|
|poke|p2|Garchomp, L50, F|
|poke|p2|Primarina, L50, M|
|poke|p2|Incineroar, L50, F|
|teampreview|4
|showteam|p1|Aerodactyl||Aerodactylite|Unnerve|IceFang,RockSlide,Tailwind,DualWingbeat|Jolly||F|||50|]Garchomp||LifeOrb|RoughSkin|DragonClaw,StompingTantrum,Earthquake,Protect|Jolly||M|||50|]Kingambit||FocusSash|Defiant|SuckerPunch,KowtowCleave,IronHead,LowKick|Adamant||M|||50|]Charizard||CharizarditeY|Blaze|Protect,WeatherBall,HeatWave,SolarBeam|Modest||F|||50|]Sylveon||FairyFeather|Pixilate|Protect,HyperVoice,HyperBeam,QuickAttack|Modest||M|||50|]Farigiraf||SitrusBerry|ArmorTail|TrickRoom,Thunderbolt,Roar,TwinBeam|Bold||F|||50|
|showteam|p2|Gholdengo||LifeOrb|GoodasGold|MakeItRain,ShadowBall,NastyPlot,Protect|Timid|||||50|]Scovillain||Scovillainite|Moody|RagePowder,GigaDrain,Overheat,Protect|Bold||F|||50|]Aerodactyl||FocusSash|Unnerve|Tailwind,RockSlide,Protect,DualWingbeat|Jolly||F|||50|]Garchomp||ExpertBelt|RoughSkin|RockSlide,DragonClaw,Earthquake,Protect|Jolly||F|||50|]Primarina||MysticWater|LiquidVoice|CalmMind,HyperVoice,Moonblast,Protect|Modest||M|||50|]Incineroar||SitrusBerry|Intimidate|FakeOut,DarkestLariat,FlareBlitz,PartingShot|Impish||F|||50|
|inactive|Battle timer is ON: inactive players will automatically lose when time's up. (requested by Capravolante97)
|inactive|Capravolante97 has 60 seconds left.
|
|t:|1782296018
|teamsize|p1|4
|teamsize|p2|4
|start
|switch|p1a: Kingambit|Kingambit, L50, M|100/100
|switch|p1b: Aerodactyl|Aerodactyl, L50, F|100/100
|switch|p2a: Scovillain|Scovillain, L50, F|100/100
|switch|p2b: Aerodactyl|Aerodactyl, L50, F|100/100
|-ability|p2b: Aerodactyl|Unnerve
|-ability|p1b: Aerodactyl|Unnerve
|turn|1
|
|t:|1782296035
|switch|p1a: Farigiraf|Farigiraf, L50, F|100/100
|detailschange|p1b: Aerodactyl|Aerodactyl-Mega, L50, F
|-mega|p1b: Aerodactyl|Aerodactyl|Aerodactylite
|detailschange|p2a: Scovillain|Scovillain-Mega, L50, F
|-mega|p2a: Scovillain|Scovillain|Scovillainite
|move|p1b: Aerodactyl|Rock Slide|p2b: Aerodactyl|[spread] p2a,p2b
|-supereffective|p2a: Scovillain|1
|-supereffective|p2b: Aerodactyl|1
|-damage|p2a: Scovillain|51/100
|-damage|p2b: Aerodactyl|15/100
|-status|p1b: Aerodactyl|brn|[from] ability: Spicy Spray|[of] p2a: Scovillain
|move|p2b: Aerodactyl|Rock Slide|p1a: Farigiraf|[spread] p1a,p1b
|-supereffective|p1b: Aerodactyl|1
|-damage|p1a: Farigiraf|79/100
|-damage|p1b: Aerodactyl|38/100 brn
|move|p2a: Scovillain|Giga Drain|p1b: Aerodactyl
|-damage|p1b: Aerodactyl|5/100 brn
|-heal|p2a: Scovillain|68/100|[from] drain|[of] p1b: Aerodactyl
|
|-damage|p1b: Aerodactyl|0 fnt|[from] brn
|faint|p1b: Aerodactyl
|upkeep
|
|t:|1782296056
|switch|p1b: Sylveon|Sylveon, L50, M|100/100
|turn|2
|
|t:|1782296066
|move|p2b: Aerodactyl|Rock Slide|p1a: Farigiraf|[spread] p1a,p1b
|-damage|p1a: Farigiraf|59/100
|-damage|p1b: Sylveon|71/100
|move|p2a: Scovillain|Giga Drain|p1a: Farigiraf
|-damage|p1a: Farigiraf|29/100
|-heal|p2a: Scovillain|87/100|[from] drain|[of] p1a: Farigiraf
|move|p1b: Sylveon|Hyper Voice|p2a: Scovillain|[spread] p2a,p2b
|-resisted|p2a: Scovillain|1
|-damage|p2a: Scovillain|60/100
|-damage|p2b: Aerodactyl|0 fnt
|-status|p1b: Sylveon|brn|[from] ability: Spicy Spray|[of] p2a: Scovillain
|-enditem|p1a: Farigiraf|Sitrus Berry|[eat]
|-heal|p1a: Farigiraf|54/100|[from] item: Sitrus Berry
|faint|p2b: Aerodactyl
|move|p1a: Farigiraf|Trick Room|p1a: Farigiraf
|-fieldstart|move: Trick Room|[of] p1a: Farigiraf
|
|-damage|p1b: Sylveon|65/100 brn|[from] brn
|upkeep
|
|t:|1782296076
|switch|p2b: Primarina|Primarina, L50, M|100/100
|turn|3
|
|t:|1782296088
|move|p2b: Primarina|Protect|p2b: Primarina
|-singleturn|p2b: Primarina|Protect
|move|p1a: Farigiraf|Thunderbolt|p2b: Primarina
|-activate|p2b: Primarina|move: Protect
|move|p1b: Sylveon|Hyper Voice|p2b: Primarina|[spread] p2a
|-activate|p2b: Primarina|move: Protect
|-resisted|p2a: Scovillain|1
|-damage|p2a: Scovillain|32/100
|move|p2a: Scovillain|Giga Drain|p1a: Farigiraf
|-damage|p1a: Farigiraf|23/100
|-heal|p2a: Scovillain|52/100|[from] drain|[of] p1a: Farigiraf
|
|-damage|p1b: Sylveon|59/100 brn|[from] brn
|upkeep
|turn|4
|
|t:|1782296103
|move|p2a: Scovillain|Rage Powder|p2a: Scovillain
|-singleturn|p2a: Scovillain|move: Rage Powder
|move|p1a: Farigiraf|Twin Beam|p2a: Scovillain
|-damage|p2a: Scovillain|33/100
|-status|p1a: Farigiraf|brn|[from] ability: Spicy Spray|[of] p2a: Scovillain
|-damage|p2a: Scovillain|15/100
|-hitcount|p2a: Scovillain|2
|move|p1b: Sylveon|Hyper Voice|p2a: Scovillain|[spread] p2a,p2b
|-resisted|p2a: Scovillain|1
|-damage|p2a: Scovillain|0 fnt
|-damage|p2b: Primarina|60/100
|faint|p2a: Scovillain
|move|p2b: Primarina|Hyper Voice|p1a: Farigiraf|[spread] p1a,p1b
|-damage|p1a: Farigiraf|0 fnt
|-damage|p1b: Sylveon|22/100 brn
|faint|p1a: Farigiraf
|
|-damage|p1b: Sylveon|16/100 brn|[from] brn
|upkeep
|
|t:|1782296119
|switch|p1a: Kingambit|Kingambit, L50, M|100/100
|switch|p2a: Garchomp|Garchomp, L50, F|100/100
|turn|5
|
|t:|1782296137
|move|p2a: Garchomp|Protect|p2a: Garchomp
|-singleturn|p2a: Garchomp|Protect
|move|p1a: Kingambit|Sucker Punch|p2b: Primarina
|-resisted|p2b: Primarina|1
|-damage|p2b: Primarina|34/100
|move|p1b: Sylveon|Hyper Voice|p2a: Garchomp|[spread] p2b
|-activate|p2a: Garchomp|move: Protect
|-damage|p2b: Primarina|0 fnt
|faint|p2b: Primarina
|
|-damage|p1b: Sylveon|10/100 brn|[from] brn
|upkeep
|turn|6
|
|t:|1782296148
|move|p2a: Garchomp|Protect||[still]
|-fail|p2a: Garchomp
|move|p1b: Sylveon|Hyper Voice|p2a: Garchomp
|-supereffective|p2a: Garchomp|1
|-damage|p2a: Garchomp|0 fnt
|faint|p2a: Garchomp
|
|win|SHOMA_WIN
