|j|☆Penny_epic
|j|☆CalvosForever
|html|Penny_epicCalvosForever    
|uhtml|bestof|Game 1 of a best-of-3
|t:|1784561932
|gametype|doubles
|player|p1|Penny_epic|170|1133
|player|p2|CalvosForever|265|1136
|gen|9
|tier|[Gen 9 Champions] VGC 2026 Reg M-B (Bo3)
|rated|
|rule|Species Clause: Limit one of each Pokémon
|rule|Item Clause: Limit 1 of each item
|clearpoke
|poke|p1|Ninetales-Alola, L50, M|
|poke|p1|Delphox, L50, M|
|poke|p1|Garchomp, L50, F|
|poke|p1|Maushold-Four, L50|
|poke|p1|Annihilape, L50, M|
|poke|p1|Sneasler, L50, M|
|poke|p2|Farigiraf, L50, M|
|poke|p2|Incineroar, L50, F, shiny|
|poke|p2|Drampa, L50, F, shiny|
|poke|p2|Mawile, L50, F, shiny|
|poke|p2|Vivillon-Icy Snow, L50, F, shiny|
|poke|p2|Raichu, L50, F|
|teampreview|4
|showteam|p1|Ninetales-Alola||LightClay|SnowWarning|AuroraVeil,Protect,Blizzard,Encore|Timid||M|||50|]Delphox||Delphoxite|Blaze|NastyPlot,HeatWave,Psychic,Protect|Timid||M|||50|]Garchomp||LifeOrb|RoughSkin|Earthquake,Protect,RockSlide,DragonClaw|Jolly||F|||50|]Maushold-Four||SitrusBerry|FriendGuard|Protect,FollowMe,BeatUp,SuperFang|Careful|||||50|]Annihilape||Leftovers|Defiant|Protect,DrainPunch,CloseCombat,RageFist|Adamant||M|||50|]Sneasler||FocusSash|PoisonTouch|PoisonJab,CloseCombat,Protect,FakeOut|Jolly||M|||50|
|showteam|p2|Farigiraf||SitrusBerry|ArmorTail|Psychic,HelpingHand,TrickRoom,GrassKnot|Bold||M|||50|]Incineroar||ExpertBelt|Intimidate|FakeOut,FlareBlitz,ThroatChop,PartingShot|Brave||F|||50|]Drampa||LifeOrb|CloudNine|Thunderbolt,HyperVoice,DracoMeteor,Protect|Quiet||F|||50|]Mawile||Mawilite|HyperCutter|RockSlide,SuckerPunch,PlayRough,Protect|Brave||F|||50|]Vivillon-Icy Snow||ChoiceScarf|CompoundEyes|SleepPowder,Hurricane,RagePowder,PollenPuff|Timid||F|||50|]Raichu||RaichuniteY|LightningRod|FakeOut,ZapCannon,FocusBlast,Protect|Timid||F|||50|
|inactive|Battle timer is ON: inactive players will automatically lose when time's up. (requested by CalvosForever)
|inactive|Penny_epic has 60 seconds left.
|inactive|CalvosForever has 60 seconds left.
|
|t:|1784561991
|teamsize|p1|4
|teamsize|p2|4
|start
|switch|p1a: Annihilape|Annihilape, L50, M|100/100
|switch|p1b: Garchomp|Garchomp, L50, F|100/100
|switch|p2a: Vivillon|Vivillon-Icy Snow, L50, F, shiny|100/100
|switch|p2b: Raichu|Raichu, L50, F|100/100
|turn|1
|inactive|Penny_epic has 30 seconds left.
|inactive|CalvosForever has 30 seconds left.
|inactive|Penny_epic has 20 seconds left.
|inactive|Penny_epic has 15 seconds left.
|inactive|Penny_epic has 10 seconds left.
|inactive|Penny_epic has 5 seconds left.
|
|t:|1784562045
|switch|p1b: Maushold|Maushold-Four, L50|100/100
|detailschange|p2b: Raichu|Raichu-Mega-Y, L50, F
|-mega|p2b: Raichu|Raichu|Raichunite Y
|move|p2a: Vivillon|Sleep Powder|p1b: Maushold
|-status|p1b: Maushold|slp|[from] move: Sleep Powder
|move|p2b: Raichu|Zap Cannon|p1a: Annihilape
|-damage|p1a: Annihilape|53/100
|-status|p1a: Annihilape|par
|move|p1a: Annihilape|Drain Punch|p2b: Raichu
|-damage|p2b: Raichu|36/100
|-heal|p1a: Annihilape|80/100 par|[from] drain|[of] p2b: Raichu
|
|-heal|p1a: Annihilape|86/100 par|[from] item: Leftovers
|upkeep
|turn|2
|inactive|Penny_epic has 30 seconds left.
|
|t:|1784562070
|switch|p2a: Drampa|Drampa, L50, F, shiny|100/100
|-ability|p2a: Drampa|Cloud Nine
|move|p1a: Annihilape|Protect|p1a: Annihilape
|-singleturn|p1a: Annihilape|Protect
|cant|p1b: Maushold|slp
|move|p2b: Raichu|Focus Blast|p1b: Maushold
|-supereffective|p1b: Maushold|1
|-damage|p1b: Maushold|21/100 slp
|-enditem|p1b: Maushold|Sitrus Berry|[eat]
|-heal|p1b: Maushold|46/100 slp|[from] item: Sitrus Berry
|
|-heal|p1a: Annihilape|92/100 par|[from] item: Leftovers
|upkeep
|turn|3
|inactive|Penny_epic has 30 seconds left.
|inactive|CalvosForever has 30 seconds left.
|
|t:|1784562099
|-curestatus|p1b: Maushold|slp|[msg]
|move|p1b: Maushold|Follow Me|p1b: Maushold
|-singleturn|p1b: Maushold|move: Follow Me
|move|p2b: Raichu|Focus Blast|p1b: Maushold
|-supereffective|p1b: Maushold|1
|-damage|p1b: Maushold|0 fnt
|faint|p1b: Maushold
|cant|p1a: Annihilape|par
|move|p2a: Drampa|Draco Meteor|p1a: Annihilape
|-damage|p1a: Annihilape|0 fnt
|-unboost|p2a: Drampa|spa|2
|faint|p1a: Annihilape
|-damage|p2a: Drampa|90/100|[from] item: Life Orb
|
|upkeep
|c|☆Penny_epic|nice
|
|t:|1784562113
|switch|p1b: Garchomp|Garchomp, L50, F|100/100
|switch|p1a: Delphox|Delphox, L50, M|100/100
|turn|4
|
|t:|1784562137
|switch|p2a: Farigiraf|Farigiraf, L50, M|100/100
|detailschange|p1a: Delphox|Delphox-Mega, L50, M
|-mega|p1a: Delphox|Delphox|Delphoxite
|move|p1a: Delphox|Nasty Plot|p1a: Delphox
|-boost|p1a: Delphox|spa|2
|move|p2b: Raichu|Zap Cannon|p1a: Delphox
|-damage|p1a: Delphox|37/100
|-status|p1a: Delphox|par
|move|p1b: Garchomp|Rock Slide|p2b: Raichu|[spread] p2a,p2b
|-damage|p2a: Farigiraf|80/100
|-damage|p2b: Raichu|0 fnt
|faint|p2b: Raichu
|-damage|p1b: Garchomp|90/100|[from] item: Life Orb
|
|upkeep
|
|t:|1784562152
|switch|p2b: Vivillon|Vivillon-Icy Snow, L50, F, shiny|100/100
|turn|5
|inactive|CalvosForever has 30 seconds left.
|
|t:|1784562185
|move|p1b: Garchomp|Protect|p1b: Garchomp
|-singleturn|p1b: Garchomp|Protect
|move|p2b: Vivillon|Sleep Powder|p1b: Garchomp
|-activate|p1b: Garchomp|move: Protect
|move|p1a: Delphox|Heat Wave|p2b: Vivillon|[spread] p2a,p2b
|-supereffective|p2b: Vivillon|1
|-damage|p2a: Farigiraf|0 fnt
|-damage|p2b: Vivillon|0 fnt
|faint|p2a: Farigiraf
|faint|p2b: Vivillon
|
|upkeep
|
|t:|1784562188
|switch|p2b: Drampa|Drampa, L50, F, shiny|90/100
|-ability|p2b: Drampa|Cloud Nine
|turn|6
|
|t:|1784562206
|move|p1b: Garchomp|Dragon Claw|p2b: Drampa
|-supereffective|p2b: Drampa|1
|-damage|p2b: Drampa|0 fnt
|faint|p2b: Drampa
|-damage|p1b: Garchomp|80/100|[from] item: Life Orb
|
|win|Penny_epic
||Penny_epic is ready for game 2.
||CalvosForever is ready for game 2.
|uhtml|next|Next: Game 2 of 3
|l|☆Penny_epic
|player|p1|
