|j|☆KingXtractor
|j|☆Kennyk128
|html|KingXtractorKennyk128    
|uhtml|bestof|Game 2 of a best-of-3
|t:|1782251679
|gametype|doubles
|player|p1|KingXtractor|pokemaniac|1000
|player|p2|Kennyk128|266|1000
|gen|9
|tier|[Gen 9 Champions] VGC 2026 Reg M-B (Bo3)
|rated|
|rule|Species Clause: Limit one of each Pokémon
|rule|Item Clause: Limit 1 of each item
|clearpoke
|poke|p1|Sableye, L50, M|
|poke|p1|Archaludon, L50, F|
|poke|p1|Basculegion, L50, M|
|poke|p1|Pelipper, L50, F|
|poke|p1|Sinistcha, L50|
|poke|p1|Dragonite, L50, M|
|poke|p2|Staraptor, L50, M|
|poke|p2|Sinistcha-Masterpiece, L50|
|poke|p2|Talonflame, L50, M|
|poke|p2|Araquanid, L50, F|
|poke|p2|Whimsicott, L50, F|
|poke|p2|Qwilfish, L50, F|
|teampreview|4
|showteam|p1|Sableye||RoseliBerry|Prankster|Reflect,Quash,RainDance,LightScreen|Calm||M|||50|]Archaludon||Leftovers|Stamina|ElectroShot,DragonPulse,FlashCannon,Protect|Modest||F|||50|]Basculegion||ChoiceScarf|Adaptability|WaveCrash,FlipTurn,AquaJet,LastRespects|Jolly||M|||50|]Pelipper||SitrusBerry|Drizzle|WideGuard,WeatherBall,Hurricane,Tailwind|Modest||F|||50|]Sinistcha||KasibBerry|Hospitality|MatchaGotcha,LifeDew,TrickRoom,RagePowder|Sassy|||||50|]Dragonite||Dragoninite|InnerFocus|DracoMeteor,Flamethrower,Hurricane,Tailwind|Modest||M|||50|
|showteam|p2|Staraptor||Staraptite|Intimidate|CloseCombat,Roost,DualWingbeat,BlazeKick|Adamant||M|||50|]Sinistcha-Masterpiece||Leftovers|Hospitality|Scald,MatchaGotcha,StrengthSap,Hex|Modest|||||50|]Talonflame||FocusSash|GaleWings|Tailwind,FeatherDance,WillOWisp,DualWingbeat|Jolly||M|||50|]Araquanid||MysticWater|WaterBubble|Protect,StickyWeb,ChillingWater,GigaDrain|Calm||F|||50|]Whimsicott||FocusBand|Prankster|LeechSeed,DazzlingGleam,Tailwind,GigaDrain|Timid||F|||50|]Qwilfish||PayapaBerry|Intimidate|FellStinger,AquaJet,ToxicSpikes,PoisonJab|Jolly||F|||50|
|inactive|Battle timer is ON: inactive players will automatically lose when time's up. (requested by KingXtractor)
|
|t:|1782251698
|teamsize|p1|4
|teamsize|p2|4
|start
|switch|p1a: Sableye|Sableye, L50, M|100/100
|switch|p1b: Archaludon|Archaludon, L50, F|100/100
|switch|p2a: Talonflame|Talonflame, L50, M|100/100
|switch|p2b: Staraptor|Staraptor, L50, M|100/100
|-ability|p2b: Staraptor|Intimidate|boost
|-unboost|p1a: Sableye|atk|1
|-unboost|p1b: Archaludon|atk|1
|turn|1
|
|t:|1782251713
|detailschange|p2b: Staraptor|Staraptor-Mega, L50, M
|-mega|p2b: Staraptor|Staraptor|Staraptite
|move|p1b: Archaludon|Protect|p1b: Archaludon
|-singleturn|p1b: Archaludon|Protect
|move|p2a: Talonflame|Feather Dance|p2b: Staraptor
|-boost|p2b: Staraptor|atk|2
|move|p1a: Sableye|Reflect|p1a: Sableye
|-sidestart|p1: KingXtractor|Reflect
|move|p2b: Staraptor|Close Combat|p1b: Archaludon
|-activate|p1b: Archaludon|move: Protect
|
|upkeep
|turn|2
|inactive|KingXtractor has 30 seconds left.
|inactive|KingXtractor has 20 seconds left.
|inactive|KingXtractor has 15 seconds left.
|
|t:|1782251754
|switch|p1b: Basculegion|Basculegion, L50, M|100/100
|move|p2a: Talonflame|Tailwind|p2a: Talonflame
|-sidestart|p2: Kennyk128|move: Tailwind
|move|p1a: Sableye|Rain Dance|p1a: Sableye
|-weather|RainDance
|move|p2b: Staraptor|Close Combat|p1b: Basculegion
|-immune|p1b: Basculegion
|
|-weather|RainDance|[upkeep]
|upkeep
|turn|3
|
|t:|1782251766
|move|p1a: Sableye|Light Screen|p1a: Sableye
|-sidestart|p1: KingXtractor|move: Light Screen
|move|p2a: Talonflame|Will-O-Wisp|p1b: Basculegion
|-status|p1b: Basculegion|brn
|move|p2b: Staraptor|Dual Wingbeat|p1b: Basculegion
|-damage|p1b: Basculegion|61/100 brn
|-damage|p1b: Basculegion|18/100 brn
|-hitcount|p1b: Basculegion|2
|move|p1b: Basculegion|Wave Crash|p2b: Staraptor
|-damage|p2b: Staraptor|41/100
|-damage|p1b: Basculegion|0 fnt|[from] Recoil
|faint|p1b: Basculegion
|
|-weather|RainDance|[upkeep]
|upkeep
|
|t:|1782251773
|switch|p1b: Archaludon|Archaludon, L50, F|100/100
|turn|4
|
|t:|1782251785
|move|p2a: Talonflame|Feather Dance|p2b: Staraptor
|-boost|p2b: Staraptor|atk|2
|move|p1a: Sableye|Quash|p2b: Staraptor
|-activate|p2b: Staraptor|move: Quash
|move|p1b: Archaludon|Dragon Pulse|p2b: Staraptor
|-damage|p2b: Staraptor|4/100
|move|p2b: Staraptor|Dual Wingbeat|p1a: Sableye
|-damage|p1a: Sableye|35/100
|-damage|p1a: Sableye|0 fnt
|faint|p1a: Sableye
|-hitcount|p1: Sableye|2
|
|-weather|RainDance|[upkeep]
|upkeep
|
|t:|1782251793
|switch|p1a: Sinistcha|Sinistcha, L50|100/100
|turn|5
|inactive|Kennyk128 has 30 seconds left.
|
|t:|1782251818
|move|p1b: Archaludon|Protect|p1b: Archaludon
|-singleturn|p1b: Archaludon|Protect
|move|p2a: Talonflame|Dual Wingbeat|p1a: Sinistcha
|-supereffective|p1a: Sinistcha|1
|-damage|p1a: Sinistcha|84/100
|-supereffective|p1a: Sinistcha|1
|-damage|p1a: Sinistcha|67/100
|-hitcount|p1a: Sinistcha|2
|move|p2b: Staraptor|Dual Wingbeat|p1b: Archaludon
|-activate|p1b: Archaludon|move: Protect
|move|p1a: Sinistcha|Trick Room|p1a: Sinistcha
|-fieldstart|move: Trick Room|[of] p1a: Sinistcha
|
|-weather|RainDance|[upkeep]
|-sideend|p1: KingXtractor|Reflect
|-sideend|p2: Kennyk128|move: Tailwind
|upkeep
|turn|6
|inactive|KingXtractor has 30 seconds left.
|
|t:|1782251843
|move|p2a: Talonflame|Dual Wingbeat|p1a: Sinistcha
|-supereffective|p1a: Sinistcha|1
|-damage|p1a: Sinistcha|46/100
|-supereffective|p1a: Sinistcha|1
|-damage|p1a: Sinistcha|22/100
|-hitcount|p1a: Sinistcha|2
|move|p1a: Sinistcha|Matcha Gotcha|p2a: Talonflame|[spread] p2a
|-miss|p1a: Sinistcha|p2b: Staraptor
|-resisted|p2a: Talonflame|2
|-damage|p2a: Talonflame|91/100
|-heal|p1a: Sinistcha|27/100|[from] drain|[of] p2a: Talonflame
|move|p1b: Archaludon|Electro Shot||[still]
|-prepare|p1b: Archaludon|Electro Shot
|-boost|p1b: Archaludon|spa|1
|-anim|p1b: Archaludon|Electro Shot|p2a: Talonflame
|-supereffective|p2a: Talonflame|1
|-damage|p2a: Talonflame|0 fnt
|faint|p2a: Talonflame
|move|p2b: Staraptor|Roost|p2b: Staraptor
|-heal|p2b: Staraptor|54/100
|-singleturn|p2b: Staraptor|move: Roost
|
|-weather|none
|upkeep
|
|t:|1782251852
|switch|p2a: Sinistcha|Sinistcha-Masterpiece, L50|100/100
|-heal|p2b: Staraptor|79/100|[from] ability: Hospitality|[of] p2a: Sinistcha
|turn|7
|inactive|KingXtractor has 30 seconds left.
|
|t:|1782251882
|move|p1a: Sinistcha|Life Dew||[still]|[spread] p1a,p1b
|-heal|p1a: Sinistcha|51/100
|-fail|p1b: Archaludon|heal
|move|p2a: Sinistcha|Hex|p1a: Sinistcha
|-supereffective|p1a: Sinistcha|1
|-enditem|p1a: Sinistcha|Kasib Berry|[eat]
|-enditem|p1a: Sinistcha|Kasib Berry|[weaken]
|-damage|p1a: Sinistcha|31/100
|move|p1b: Archaludon|Electro Shot||[still]
|-prepare|p1b: Archaludon|Electro Shot
|-boost|p1b: Archaludon|spa|1
|move|p2b: Staraptor|Close Combat|p1b: Archaludon
|-supereffective|p1b: Archaludon|1
|-damage|p1b: Archaludon|0 fnt
|-boost|p2b: Staraptor|def|1
|-boost|p2b: Staraptor|spd|1
|faint|p1b: Archaludon
|
|-sideend|p1: KingXtractor|move: Light Screen
|upkeep
|turn|8
|
|t:|1782251900
|move|p1a: Sinistcha|Rage Powder|p1a: Sinistcha
|-singleturn|p1a: Sinistcha|move: Rage Powder
|move|p2a: Sinistcha|Hex|p1a: Sinistcha
|-supereffective|p1a: Sinistcha|1
|-damage|p1a: Sinistcha|0 fnt
|faint|p1a: Sinistcha
|
|win|Kennyk128
||KingXtractor is ready for game 3.
