|j|☆SP-9733
|j|☆lettitripppp
|html|SP-9733lettitripppp    
|uhtml|bestof|Game 1 of a best-of-3
|t:|1783911287
|gametype|doubles
|player|p1|SP-9733|n|1166
|player|p2|lettitripppp|lucas|1300
|gen|9
|tier|[Gen 9 Champions] VGC 2026 Reg M-B (Bo3)
|rated|
|rule|Species Clause: Limit one of each Pokémon
|rule|Item Clause: Limit 1 of each item
|clearpoke
|poke|p1|Swampert, L50, M|
|poke|p1|Politoed, L50, F|
|poke|p1|Archaludon, L50, M|
|poke|p1|Sneasler, L50, M|
|poke|p1|Whimsicott, L50, F|
|poke|p1|Sinistcha, L50|
|poke|p2|Charizard, L50, F|
|poke|p2|Floette-Eternal, L50, F|
|poke|p2|Basculegion, L50, M|
|poke|p2|Whimsicott, L50, F, shiny|
|poke|p2|Garchomp, L50, F, shiny|
|poke|p2|Kingambit, L50, F, shiny|
|teampreview|4
|showteam|p1|Swampert||Swampertite|Torrent|WaveCrash,Earthquake,Protect,IcePunch|Adamant||M|||50|]Politoed||SitrusBerry|Drizzle|WeatherBall,IcyWind,Protect,PerishSong|Sassy||F|||50|]Archaludon||Leftovers|Stamina|ElectroShot,FlashCannon,AuraSphere,Protect|Modest||M|||50|]Sneasler||WhiteHerb|Unburden|FakeOut,DireClaw,CloseCombat,Protect|Jolly||M|||50|]Whimsicott||FocusSash|Prankster|Tailwind,Encore,WorrySeed,Moonblast|Timid||F|||50|]Sinistcha||CobaBerry|Hospitality|MatchaGotcha,Protect,TrickRoom,RagePowder|Sassy|||||50|
|showteam|p2|Charizard||CharizarditeY|Blaze|WeatherBall,SolarBeam,HeatWave,Protect|Modest||F|||50|]Floette-Eternal||Floettite|FlowerVeil|DazzlingGleam,LightofRuin,Moonblast,Protect|Modest||F|||50|]Basculegion||MysticWater|Adaptability|LastRespects,WaveCrash,AquaJet,Protect|Adamant||M|||50|]Whimsicott||FocusSash|Prankster|Moonblast,Tailwind,Encore,Protect|Timid||F|||50|]Garchomp||LifeOrb|RoughSkin|DragonClaw,Earthquake,RockSlide,Protect|Jolly||F|||50|]Kingambit||ChopleBerry|Defiant|KowtowCleave,SuckerPunch,IronHead,LowKick|Adamant||F|||50|
|inactive|Battle timer is ON: inactive players will automatically lose when time's up. (requested by lettitripppp)
|inactive|SP-9733 has 60 seconds left.
|
|t:|1783911338
|teamsize|p1|4
|teamsize|p2|4
|start
|switch|p1a: Sneasler|Sneasler, L50, M|100/100
|switch|p1b: Whimsicott|Whimsicott, L50, F|100/100
|switch|p2a: GHOSTWAVE|Basculegion, L50, M|100/100
|switch|p2b: LETS GO GO|Whimsicott, L50, F, shiny|100/100
|turn|1
|inactive|lettitripppp has 30 seconds left.
|inactive|lettitripppp has 20 seconds left.
|
|t:|1783911377
|move|p1a: Sneasler|Fake Out|p2b: LETS GO GO
|-damage|p2b: LETS GO GO|81/100
|move|p1b: Whimsicott|Worry Seed|p2b: LETS GO GO
|-ability|p2b: LETS GO GO|Insomnia|Prankster|[from] move: Worry Seed
|cant|p2b: LETS GO GO|flinch
|move|p2a: GHOSTWAVE|Wave Crash|p1a: Sneasler
|-damage|p1a: Sneasler|0 fnt
|faint|p1a: Sneasler
|-damage|p2a: GHOSTWAVE|74/100|[from] Recoil
|
|upkeep
|
|t:|1783911388
|switch|p1a: Swampert|Swampert, L50, M|100/100
|turn|2
|
|t:|1783911395
|detailschange|p1a: Swampert|Swampert-Mega, L50, M
|-mega|p1a: Swampert|Swampert|Swampertite
|move|p1b: Whimsicott|Tailwind|p1b: Whimsicott
|-sidestart|p1: SP-9733|move: Tailwind
|move|p1a: Swampert|Ice Punch|p2b: LETS GO GO
|-supereffective|p2b: LETS GO GO|1
|-damage|p2b: LETS GO GO|4/100
|move|p2b: LETS GO GO|Tailwind|p2b: LETS GO GO
|-sidestart|p2: lettitripppp|move: Tailwind
|move|p2a: GHOSTWAVE|Wave Crash|p1a: Swampert
|-damage|p1a: Swampert|19/100
|-damage|p2a: GHOSTWAVE|50/100y|[from] Recoil
|
|upkeep
|turn|3
|
|t:|1783911414
|move|p1a: Swampert|Protect|p1a: Swampert
|-singleturn|p1a: Swampert|Protect
|move|p2a: GHOSTWAVE|Aqua Jet|p1a: Swampert
|-activate|p1a: Swampert|move: Protect
|move|p1b: Whimsicott|Moonblast|p2a: GHOSTWAVE
|-damage|p2a: GHOSTWAVE|16/100
|move|p2b: LETS GO GO|Moonblast|p1b: Whimsicott
|-damage|p1b: Whimsicott|56/100
|
|upkeep
|turn|4
|
|t:|1783911434
|switch|p1a: Politoed|Politoed, L50, F|100/100
|-weather|RainDance|[from] ability: Drizzle|[of] p1a: Politoed
|move|p2a: GHOSTWAVE|Aqua Jet|p1a: Politoed
|-resisted|p1a: Politoed|1
|-damage|p1a: Politoed|77/100
|move|p2b: LETS GO GO|Encore|p1b: Whimsicott
|-start|p1b: Whimsicott|Encore
|move|p1b: Whimsicott|Moonblast|p2b: LETS GO GO
|-damage|p2b: LETS GO GO|0 fnt
|faint|p2b: LETS GO GO
|
|-weather|RainDance|[upkeep]
|upkeep
|
|t:|1783911444
|switch|p2b: RUINOUS LIGHT|Floette-Eternal, L50, F|100/100
|turn|5
|
|t:|1783911458
|detailschange|p2b: RUINOUS LIGHT|Floette-Mega, L50, F
|-mega|p2b: RUINOUS LIGHT|Floette|Floettite
|-ability|p2b: RUINOUS LIGHT|Fairy Aura
|move|p2a: GHOSTWAVE|Protect|p2a: GHOSTWAVE
|-singleturn|p2a: GHOSTWAVE|Protect
|move|p1b: Whimsicott|Moonblast|p2b: RUINOUS LIGHT
|-damage|p2b: RUINOUS LIGHT|65/100
|move|p2b: RUINOUS LIGHT|Moonblast|p1a: Politoed
|-damage|p1a: Politoed|15/100
|-enditem|p1a: Politoed|Sitrus Berry|[eat]
|-heal|p1a: Politoed|40/100|[from] item: Sitrus Berry
|move|p1a: Politoed|Icy Wind|p2b: RUINOUS LIGHT|[spread] p2b
|-activate|p2a: GHOSTWAVE|move: Protect
|-damage|p2b: RUINOUS LIGHT|58/100
|-unboost|p2b: RUINOUS LIGHT|spe|1
|
|-weather|RainDance|[upkeep]
|-sideend|p2: lettitripppp|move: Tailwind
|-sideend|p1: SP-9733|move: Tailwind
|upkeep
|turn|6
|inactive|SP-9733 has 30 seconds left.
|
|t:|1783911485
|switch|p2a: CRUSH SHARK|Garchomp, L50, F, shiny|100/100
|move|p1b: Whimsicott|Moonblast|p2a: CRUSH SHARK
|-supereffective|p2a: CRUSH SHARK|1
|-damage|p2a: CRUSH SHARK|1/100
|move|p2b: RUINOUS LIGHT|Dazzling Gleam|p1a: Politoed|[spread] p1a,p1b
|-damage|p1a: Politoed|0 fnt
|-damage|p1b: Whimsicott|0 fnt
|faint|p1a: Politoed
|faint|p1b: Whimsicott
|
|-weather|RainDance|[upkeep]
|upkeep
|
|t:|1783911493
|switch|p1a: Swampert|Swampert-Mega, L50, M|19/100
|turn|7
|
|t:|1783911497
|move|p1a: Swampert|Earthquake|p2b: RUINOUS LIGHT|[spread] p2a,p2b
|-damage|p2a: CRUSH SHARK|0 fnt
|-damage|p2b: RUINOUS LIGHT|0 fnt
|faint|p2a: CRUSH SHARK
|faint|p2b: RUINOUS LIGHT
|
|-weather|RainDance|[upkeep]
|upkeep
|
|t:|1783911501
|switch|p2b: GHOSTWAVE|Basculegion, L50, M|16/100
|turn|8
|
|t:|1783911505
|move|p1a: Swampert|Protect|p1a: Swampert
|-singleturn|p1a: Swampert|Protect
|move|p2b: GHOSTWAVE|Aqua Jet|p1a: Swampert
|-activate|p1a: Swampert|move: Protect
|
|-weather|none
|upkeep
|turn|9
|
|t:|1783911509
|move|p2b: GHOSTWAVE|Aqua Jet|p1a: Swampert
|-damage|p1a: Swampert|0 fnt
|faint|p1a: Swampert
|
|win|lettitripppp
||SP-9733 is ready for game 2.
