|j|☆2BStellar
|j|☆Leon000
|html|2BStellarLeon000    
|uhtml|bestof|Game 1 of a best-of-3
|t:|1785959007
|gametype|doubles
|player|p1|2BStellar|hilbert-wonderlauncher|
|player|p2|Leon000|serena|
|gen|9
|tier|[Gen 9 Champions] VGC 2026 Reg M-B (Bo3)
|rule|Species Clause: Limit one of each Pokémon
|rule|Item Clause: Limit 1 of each item
|clearpoke
|poke|p1|Sylveon, L50, F, shiny|
|poke|p1|Garchomp, L50, M, shiny|
|poke|p1|Kingambit, L50, M, shiny|
|poke|p1|Charizard, L50, M, shiny|
|poke|p1|Aerodactyl, L50, M, shiny|
|poke|p1|Farigiraf, L50, F, shiny|
|poke|p2|Floette-Eternal, L50, F|
|poke|p2|Charizard, L50, F|
|poke|p2|Whimsicott, L50, F|
|poke|p2|Garchomp, L50, M|
|poke|p2|Basculegion, L50, M|
|poke|p2|Kingambit, L50, F|
|teampreview|4
|showteam|p1|Sylveon||FairyFeather|Pixilate|Detect,HyperVoice,QuickAttack,HyperBeam|Modest||F|||50|]Garchomp||ChoiceScarf|RoughSkin|StompingTantrum,Earthquake,DragonClaw,StoneEdge|Adamant||M|||50|]Kingambit||LifeOrb|Defiant|SuckerPunch,KowtowCleave,IronHead,BrickBreak|Adamant||M|||50|]Charizard||CharizarditeY|Blaze|Protect,HeatWave,SolarBeam,WeatherBall|Modest||M|||50|]Aerodactyl||Aerodactylite|RockHead|Tailwind,RockSlide,WideGuard,DualWingbeat|Jolly||M|||50|]Farigiraf||SitrusBerry|ArmorTail|Protect,Thunderbolt,TwinBeam,TrickRoom|Bold||F|||50|
|showteam|p2|Floette-Eternal||Floettite|FlowerVeil|Moonblast,DazzlingGleam,LightofRuin,Protect|Modest||F|||50|]Charizard||CharizarditeY|Blaze|HeatWave,WeatherBall,SolarBeam,Protect|Modest||F|||50|]Whimsicott||FocusSash|Prankster|Moonblast,Encore,Tailwind,Protect|Timid||F|||50|]Garchomp||LifeOrb|RoughSkin|DragonClaw,Earthquake,Protect,RockSlide|Jolly||M|||50|]Basculegion||MysticWater|Adaptability|WaveCrash,LastRespects,AquaJet,Protect|Adamant||M|||50|]Kingambit||BlackGlasses|Defiant|KowtowCleave,IronHead,SuckerPunch,Protect|Adamant||F|||50|
|
|t:|1785959096
|teamsize|p1|4
|teamsize|p2|4
|start
|switch|p1a: AAAAAA|Aerodactyl, L50, M, shiny|100/100
|switch|p1b: piano|Garchomp, L50, M, shiny|100/100
|switch|p2a: Whimsicott|Whimsicott, L50, F|100/100
|switch|p2b: Basculegion|Basculegion, L50, M|100/100
|turn|1
|
|t:|1785959164
|move|p2a: Whimsicott|Tailwind|p2a: Whimsicott
|-sidestart|p2: Leon000|move: Tailwind
|move|p2b: Basculegion|Wave Crash|p1a: AAAAAA
|-supereffective|p1a: AAAAAA|1
|-damage|p1a: AAAAAA|0 fnt
|faint|p1a: AAAAAA
|-damage|p2b: Basculegion|74/100|[from] Recoil
|move|p1b: piano|Dragon Claw|p2b: Basculegion
|-damage|p2b: Basculegion|20/100y
|
|upkeep
|
|t:|1785959181
|switch|p1a: zzzzzz|Charizard, L50, M, shiny|100/100
|turn|2
|
|t:|1785959229
|switch|p1b: e4e5f4|Kingambit, L50, M, shiny|100/100
|move|p2b: Basculegion|Protect|p2b: Basculegion
|-singleturn|p2b: Basculegion|Protect
|move|p1a: zzzzzz|Protect|p1a: zzzzzz
|-singleturn|p1a: zzzzzz|Protect
|move|p2a: Whimsicott|Moonblast|p1b: e4e5f4
|-damage|p1b: e4e5f4|61/100
|
|upkeep
|turn|3
|
|t:|1785959263
|switch|p1a: piano|Garchomp, L50, M, shiny|100/100
|move|p2a: Whimsicott|Encore||[still]
|-fail|p2a: Whimsicott
|move|p2b: Basculegion|Wave Crash|p1b: e4e5f4
|-damage|p1b: e4e5f4|0 fnt
|faint|p1b: e4e5f4
|-damage|p2b: Basculegion|1/100|[from] Recoil
|
|upkeep
|
|t:|1785959270
|switch|p1b: zzzzzz|Charizard, L50, M, shiny|100/100
|turn|4
|j| ido1234567890
|
|t:|1785959295
|detailschange|p1b: zzzzzz|Charizard-Mega-Y, L50, M, shiny
|-mega|p1b: zzzzzz|Charizard|Charizardite Y
|-weather|SunnyDay|[from] ability: Drought|[of] p1b: zzzzzz
|move|p2a: Whimsicott|Moonblast|p1a: piano
|-supereffective|p1a: piano|1
|-damage|p1a: piano|26/100
|move|p2b: Basculegion|Wave Crash|p1a: piano
|-damage|p1a: piano|0 fnt
|-damage|p2b: Basculegion|0 fnt|[from] ability: Rough Skin|[of] p1a: piano
|faint|p1a: piano
|faint|p2b: Basculegion
|move|p1b: zzzzzz|Heat Wave|p2a: Whimsicott
|-supereffective|p2a: Whimsicott|1
|-enditem|p2a: Whimsicott|Focus Sash
|-damage|p2a: Whimsicott|1/100
|
|-weather|SunnyDay|[upkeep]
|-sideend|p2: Leon000|move: Tailwind
|upkeep
|
|t:|1785959299
|switch|p2b: Charizard|Charizard, L50, F|100/100
|turn|5
|
|t:|1785959311
|detailschange|p2b: Charizard|Charizard-Mega-Y, L50, F
|-mega|p2b: Charizard|Charizard|Charizardite Y
|move|p2a: Whimsicott|Tailwind|p2a: Whimsicott
|-sidestart|p2: Leon000|move: Tailwind
|move|p2b: Charizard|Weather Ball|p1b: zzzzzz
|-resisted|p1b: zzzzzz|1
|-crit|p1b: zzzzzz
|-damage|p1b: zzzzzz|37/100
|move|p1b: zzzzzz|Heat Wave|p2a: Whimsicott|[spread] p2a
|-miss|p1b: zzzzzz|p2b: Charizard
|-supereffective|p2a: Whimsicott|1
|-damage|p2a: Whimsicott|0 fnt
|faint|p2a: Whimsicott
|
|-weather|SunnyDay|[upkeep]
|upkeep
|
|t:|1785959315
|switch|p2a: Kingambit|Kingambit, L50, F|100/100
|turn|6
|c| ido1234567890|why rock head on aero use unnerve instead
|
|t:|1785959327
|move|p1b: zzzzzz|Protect|p1b: zzzzzz
|-singleturn|p1b: zzzzzz|Protect
|move|p2a: Kingambit|Sucker Punch||[still]
|-fail|p2a: Kingambit
|move|p2b: Charizard|Weather Ball|p1b: zzzzzz
|-activate|p1b: zzzzzz|move: Protect
|
|-weather|SunnyDay|[upkeep]
|upkeep
|turn|7
|c|☆2BStellar|uhhhhh
|
|t:|1785959358
|move|p2a: Kingambit|Sucker Punch|p1b: zzzzzz
|-damage|p1b: zzzzzz|0 fnt
|faint|p1b: zzzzzz
|
|win|Leon000
||Leon000 is ready for game 2.
||2BStellar is ready for game 2.
|uhtml|next|Next: Game 2 of 3
|l|☆2BStellar
|player|p1|
|j|☆2BStellar
|player|p1|2BStellar|hilbert-wonderlauncher|
