|j|☆dambro222
|j|☆OhNoValentine
|html|dambro222OhNoValentine    
|uhtml|bestof|Game 1 of a best-of-3
|t:|1756827977
|gametype|doubles
|player|p1|dambro222|ethan|1116
|player|p2|OhNoValentine|2|1189
|gen|9
|tier|[Gen 9] VGC 2025 Reg H (Bo3)
|rated|
|rule|Species Clause: Limit one of each Pokémon
|rule|Item Clause: Limit 1 of each item
|clearpoke
|poke|p1|Dragonite, L50, M|
|poke|p1|Volcarona, L50, F|
|poke|p1|Sneasler, L50, M|
|poke|p1|Rillaboom, L50, M|
|poke|p1|Electabuzz, L50, M|
|poke|p1|Kingambit, L50, M|
|poke|p2|Talonflame, L50, M|
|poke|p2|Rillaboom, L50, M|
|poke|p2|Primarina, L50, F|
|poke|p2|Sneasler, L50, M|
|poke|p2|Dragonite, L50, F|
|poke|p2|Gholdengo, L50|
|teampreview|4
|showteam|p1|Dragonite||LoadedDice|Multiscale|ScaleShot,ExtremeSpeed,Haze,Protect|||M|||50|,,,,,Fairy]Volcarona||CovertCloak|FlameBody|HeatWave,TeraBlast,QuiverDance,Protect|||F|||50|,,,,,Fairy]Sneasler||FocusSash|Unburden|CloseCombat,DireClaw,RockSlide,Protect|||M|||50|,,,,,Stellar]Rillaboom||AssaultVest|GrassySurge|WoodHammer,GrassyGlide,HighHorsepower,FakeOut|||M|||50|,,,,,Water]Electabuzz||Eviolite|VitalSpirit|Electroweb,FollowMe,Taunt,Protect|||M|||50|,,,,,Ghost]Kingambit||BlackGlasses|Defiant|KowtowCleave,SuckerPunch,SwordsDance,Protect|||M|||50|,,,,,Dark
|showteam|p2|Talonflame||CovertCloak|GaleWings|BraveBird,Tailwind,WillOWisp,Taunt|||M|||50|,,,,,Flying]Rillaboom||AssaultVest|GrassySurge|FakeOut,WoodHammer,Uturn,GrassyGlide|||M|||50|,,,,,Fire]Primarina||ThroatSpray|LiquidVoice|HyperVoice,Haze,Moonblast,Protect|||F|||50|,,,,,Steel]Sneasler||GrassySeed|Unburden|Protect,CloseCombat,DireClaw,ThroatChop|||M|||50|,,,,,Dark]Dragonite||ChoiceBand|InnerFocus|ExtremeSpeed,Outrage,IceSpinner,StompingTantrum|||F|||50|,,,,,Normal]Gholdengo||ChoiceSpecs|GoodasGold|ShadowBall,MakeItRain,PowerGem,Trick||||||50|,,,,,Steel
|inactive|Battle timer is ON: inactive players will automatically lose when time's up. (requested by dambro222)
|inactive|dambro222 has 60 seconds left.
|
|t:|1756828036
|teamsize|p1|4
|teamsize|p2|4
|start
|switch|p1a: Electabuzz|Electabuzz, L50, M|100/100
|switch|p1b: Volcarona|Volcarona, L50, F|100/100
|switch|p2a: Talonflame|Talonflame, L50, M|100/100
|switch|p2b: Primarina|Primarina, L50, F|100/100
|turn|1
|
|t:|1756828051
|-terastallize|p1b: Volcarona|Fairy
|move|p2a: Talonflame|Taunt|p1b: Volcarona
|-start|p1b: Volcarona|move: Taunt
|cant|p1b: Volcarona|move: Taunt|Quiver Dance
|move|p1a: Electabuzz|Electroweb|p2b: Primarina|[spread] p2a,p2b
|-supereffective|p2a: Talonflame
|-supereffective|p2b: Primarina
|-damage|p2a: Talonflame|57/100
|-damage|p2b: Primarina|74/100
|-unboost|p2b: Primarina|spe|1
|move|p2b: Primarina|Hyper Voice|p1b: Volcarona|[spread] p1a,p1b
|-crit|p1b: Volcarona
|-damage|p1a: Electabuzz|71/100
|-damage|p1b: Volcarona|50/100
|-enditem|p2b: Primarina|Throat Spray
|-boost|p2b: Primarina|spa|1|[from] item: Throat Spray
|
|upkeep
|turn|2
|
|t:|1756828066
|switch|p1b: Rillaboom|Rillaboom, L50, M|100/100
|-fieldstart|move: Grassy Terrain|[from] ability: Grassy Surge|[of] p1b: Rillaboom
|move|p2a: Talonflame|Tailwind|p2a: Talonflame
|-sidestart|p2: OhNoValentine|move: Tailwind
|move|p1a: Electabuzz|Electroweb|p2b: Primarina|[spread] p2a,p2b
|-supereffective|p2a: Talonflame
|-supereffective|p2b: Primarina
|-damage|p2a: Talonflame|10/100
|-damage|p2b: Primarina|52/100
|-unboost|p2b: Primarina|spe|1
|move|p2b: Primarina|Hyper Voice|p1a: Electabuzz|[spread] p1a,p1b
|-resisted|p1b: Rillaboom
|-damage|p1a: Electabuzz|30/100
|-damage|p1b: Rillaboom|82/100
|
|-heal|p1a: Electabuzz|36/100|[from] Grassy Terrain
|-heal|p1b: Rillaboom|89/100|[from] Grassy Terrain
|-heal|p2b: Primarina|58/100|[from] Grassy Terrain
|upkeep
|turn|3
|inactive|dambro222 has 30 seconds left.
|inactive|OhNoValentine has 30 seconds left.
|
|t:|1756828097
|switch|p2b: Dragonite|Dragonite, L50, F|100/100
|move|p1b: Rillaboom|Fake Out|p2a: Talonflame
|-damage|p2a: Talonflame|0 fnt
|faint|p2a: Talonflame
|move|p1a: Electabuzz|Electroweb|p2b: Dragonite
|-damage|p2b: Dragonite|81/100
|-unboost|p2b: Dragonite|spe|1
|
|-heal|p1a: Electabuzz|41/100|[from] Grassy Terrain
|-heal|p1b: Rillaboom|95/100|[from] Grassy Terrain
|upkeep
|
|t:|1756828102
|switch|p2a: Sneasler|Sneasler, L50, M|100/100
|-enditem|p2a: Sneasler|Grassy Seed
|-boost|p2a: Sneasler|def|1|[from] item: Grassy Seed
|turn|4
|inactive|dambro222 has 30 seconds left.
|
|t:|1756828134
|-terastallize|p2b: Dragonite|Normal
|move|p2a: Sneasler|Protect|p2a: Sneasler
|-singleturn|p2a: Sneasler|Protect
|move|p2b: Dragonite|Extreme Speed|p1a: Electabuzz
|-damage|p1a: Electabuzz|0 fnt
|faint|p1a: Electabuzz
|move|p1b: Rillaboom|High Horsepower|p2a: Sneasler
|-activate|p2a: Sneasler|move: Protect
|
|-heal|p2b: Dragonite|87/100|[from] Grassy Terrain
|-heal|p1b: Rillaboom|100/100|[from] Grassy Terrain
|upkeep
|
|t:|1756828144
|switch|p1a: Sneasler|Sneasler, L50, M|100/100
|turn|5
|
|t:|1756828155
|move|p2b: Dragonite|Extreme Speed|p1b: Rillaboom
|-damage|p1b: Rillaboom|28/100
|move|p2a: Sneasler|Dire Claw|p1b: Rillaboom
|-supereffective|p1b: Rillaboom
|-damage|p1b: Rillaboom|0 fnt
|faint|p1b: Rillaboom
|move|p1a: Sneasler|Close Combat|p2b: Dragonite
|-supereffective|p2b: Dragonite
|-damage|p2b: Dragonite|0 fnt
|-unboost|p1a: Sneasler|def|1
|-unboost|p1a: Sneasler|spd|1
|faint|p2b: Dragonite
|
|-sideend|p2: OhNoValentine|move: Tailwind
|upkeep
|
|t:|1756828166
|switch|p1b: Volcarona|Volcarona, L50, F, tera:Fairy|50/100
|switch|p2b: Primarina|Primarina, L50, F|58/100
|turn|6
|inactive|dambro222 has 30 seconds left.
|
|t:|1756828198
|move|p1b: Volcarona|Protect|p1b: Volcarona
|-singleturn|p1b: Volcarona|Protect
|move|p2a: Sneasler|Dire Claw|p1a: Sneasler
|-resisted|p1a: Sneasler
|-damage|p1a: Sneasler|42/100
|move|p1a: Sneasler|Dire Claw|p2a: Sneasler
|-resisted|p2a: Sneasler
|-damage|p2a: Sneasler|77/100
|-status|p2a: Sneasler|slp
|move|p2b: Primarina|Moonblast|p1b: Volcarona
|-activate|p1b: Volcarona|move: Protect
|
|-heal|p2a: Sneasler|83/100 slp|[from] Grassy Terrain
|-heal|p1a: Sneasler|49/100|[from] Grassy Terrain
|-heal|p1b: Volcarona|57/100|[from] Grassy Terrain
|-heal|p2b: Primarina|64/100|[from] Grassy Terrain
|-fieldend|move: Grassy Terrain
|upkeep
|turn|7
|
|t:|1756828215
|move|p2b: Primarina|Protect|p2b: Primarina
|-singleturn|p2b: Primarina|Protect
|cant|p2a: Sneasler|slp
|move|p1a: Sneasler|Dire Claw|p2b: Primarina
|-activate|p2b: Primarina|move: Protect
|move|p1b: Volcarona|Tera Blast|p2a: Sneasler|[anim] Tera Blast Fairy
|-damage|p2a: Sneasler|23/100 slp
|
|upkeep
|turn|8
|
|t:|1756828229
|cant|p2a: Sneasler|slp
|move|p1a: Sneasler|Dire Claw|p2b: Primarina
|-supereffective|p2b: Primarina
|-damage|p2b: Primarina|0 fnt
|faint|p2b: Primarina
|move|p1b: Volcarona|Tera Blast|p2a: Sneasler|[anim] Tera Blast Fairy
|-damage|p2a: Sneasler|0 fnt
|faint|p2a: Sneasler
|
|win|dambro222
||OhNoValentine is ready for game 2.
||dambro222 is ready for game 2.
|uhtml|next|Next: Game 2 of 3
|l|☆OhNoValentine
|player|p2|
