|j|☆CapnBrunchy
|j|☆LastHorzion
|html|CapnBrunchyLastHorzion    
|uhtml|bestof|Game 1 of a best-of-3
|t:|1757005975
|gametype|doubles
|player|p1|CapnBrunchy|preschooler|1254
|player|p2|LastHorzion|steven|1292
|gen|9
|tier|[Gen 9] VGC 2025 Reg H (Bo3)
|rated|
|rule|Species Clause: Limit one of each Pokémon
|rule|Item Clause: Limit 1 of each item
|clearpoke
|poke|p1|Toedscruel, L50, F|
|poke|p1|Weezing-Galar, L50, M|
|poke|p1|Corviknight, L50, M|
|poke|p1|Garchomp, L50, M|
|poke|p1|Typhlosion-Hisui, L50, M|
|poke|p1|Kilowattrel, L50, M|
|poke|p2|Sneasler, L50, F|
|poke|p2|Indeedee, L50, M|
|poke|p2|Ursaluna-Bloodmoon, L50, M|
|poke|p2|Electabuzz, L50, F|
|poke|p2|Tyranitar, L50, M|
|poke|p2|Talonflame, L50, M|
|teampreview|4
|showteam|p1|Toedscruel||CovertCloak|MyceliumMight|Spore,EarthPower,AcidSpray,RagePowder|||F|||50|,,,,,Water]Weezing-Galar||ChoiceSpecs|NeutralizingGas|DazzlingGleam,SludgeBomb,StrangeSteam,Flamethrower|||M|||50|,,,,,Flying]Corviknight||SitrusBerry|MirrorArmor|BulkUp,Tailwind,Roost,BraveBird|||M|||50|,,,,,Dragon]Garchomp||LifeOrb|RoughSkin|Protect,Earthquake,DragonClaw,StompingTantrum|||M|||50|,,,,,Ground]Typhlosion-Hisui||ChoiceScarf|Blaze|Eruption,WillOWisp,HeatWave,ShadowBall|||M|||50|,,,,,Fire]Kilowattrel||FocusSash|Competitive|Thunderbolt,AirSlash,Tailwind,Protect|||M|||50|,,,,,Ghost
|showteam|p2|Sneasler||PsychicSeed|Unburden|CloseCombat,DireClaw,ThroatChop,Protect|||F|||50|,,,,,Dark]Indeedee||FocusSash|PsychicSurge|ExpandingForce,TrickRoom,Imprison,Protect|||M|||50|,,,,,Psychic]Ursaluna-Bloodmoon||LifeOrb|MindsEye|BloodMoon,HyperVoice,EarthPower,Protect|||M|||50|,,,,,Normal]Electabuzz||Eviolite|VitalSpirit|Electroweb,FollowMe,Taunt,Protect|||F|||50|,,,,,Dragon]Tyranitar||AssaultVest|SandStream|KnockOff,TeraBlast,RockSlide,LowKick|||M|||50|,,,,,Flying]Talonflame||CovertCloak|GaleWings|FlareBlitz,DualWingbeat,WillOWisp,Tailwind|||M|||50|,,,,,Fairy
|inactive|Battle timer is ON: inactive players will automatically lose when time's up. (requested by LastHorzion)
|inactive|LastHorzion has 60 seconds left.
|inactive|CapnBrunchy has 60 seconds left.
|inactive|LastHorzion has 30 seconds left.
|inactive|LastHorzion has 20 seconds left.
|inactive|LastHorzion has 15 seconds left.
|
|t:|1757006053
|teamsize|p1|4
|teamsize|p2|4
|start
|switch|p1a: Typhlosion|Typhlosion-Hisui, L50, M|100/100
|switch|p1b: Kilowattrel|Kilowattrel, L50, M, shiny|100/100
|switch|p2a: Ursaluna|Ursaluna-Bloodmoon, L50, M|100/100
|switch|p2b: Talonflame|Talonflame, L50, M|100/100
|turn|1
|
|t:|1757006068
|switch|p1a: Corviknight|Corviknight, L50, M, shiny|100/100
|move|p2b: Talonflame|Tailwind|p2b: Talonflame
|-sidestart|p2: LastHorzion|move: Tailwind
|move|p2a: Ursaluna|Earth Power|p1a: Corviknight
|-immune|p1a: Corviknight
|move|p1b: Kilowattrel|Tailwind|p1b: Kilowattrel
|-sidestart|p1: CapnBrunchy|move: Tailwind
|
|upkeep
|turn|2
|
|t:|1757006085
|move|p2b: Talonflame|Will-O-Wisp|p1a: Corviknight
|-status|p1a: Corviknight|brn
|move|p1b: Kilowattrel|Thunderbolt|p2b: Talonflame
|-supereffective|p2b: Talonflame
|-damage|p2b: Talonflame|0 fnt
|faint|p2b: Talonflame
|move|p2a: Ursaluna|Hyper Voice|p1a: Corviknight|[spread] p1a,p1b
|-resisted|p1a: Corviknight
|-damage|p1a: Corviknight|78/100 brn
|-damage|p1b: Kilowattrel|11/100
|-damage|p2a: Ursaluna|91/100|[from] item: Life Orb
|move|p1a: Corviknight|Bulk Up|p1a: Corviknight
|-boost|p1a: Corviknight|atk|1
|-boost|p1a: Corviknight|def|1
|
|-damage|p1a: Corviknight|72/100 brn|[from] brn
|upkeep
|
|t:|1757006094
|switch|p2b: Indeedee|Indeedee, L50, M|100/100
|-fieldstart|move: Psychic Terrain|[from] ability: Psychic Surge|[of] p2b: Indeedee
|turn|3
|
|t:|1757006109
|move|p1b: Kilowattrel|Thunderbolt|p2b: Indeedee
|-damage|p2b: Indeedee|45/100
|move|p2b: Indeedee|Expanding Force|p1a: Corviknight|[spread] p1a,p1b
|-resisted|p1a: Corviknight
|-damage|p1a: Corviknight|50/100 brn
|-damage|p1b: Kilowattrel|0 fnt
|-enditem|p1a: Corviknight|Sitrus Berry|[eat]
|-heal|p1a: Corviknight|75/100 brn|[from] item: Sitrus Berry
|faint|p1b: Kilowattrel
|move|p2a: Ursaluna|Hyper Voice|p1a: Corviknight
|-resisted|p1a: Corviknight
|-damage|p1a: Corviknight|46/100 brn
|-damage|p2a: Ursaluna|81/100|[from] item: Life Orb
|move|p1a: Corviknight|Brave Bird|p2b: Indeedee
|-crit|p2b: Indeedee
|-damage|p2b: Indeedee|0 fnt
|faint|p2b: Indeedee
|-damage|p1a: Corviknight|37/100 brn|[from] Recoil
|
|-damage|p1a: Corviknight|31/100 brn|[from] brn
|upkeep
|
|t:|1757006128
|switch|p1b: Garchomp|Garchomp, L50, M, shiny|100/100
|switch|p2b: Sneasler|Sneasler, L50, F|100/100
|-enditem|p2b: Sneasler|Psychic Seed
|-boost|p2b: Sneasler|spd|1|[from] item: Psychic Seed
|turn|4
|
|t:|1757006140
|move|p2b: Sneasler|Protect|p2b: Sneasler
|-singleturn|p2b: Sneasler|Protect
|move|p1b: Garchomp|Earthquake|p2a: Ursaluna|[spread] p2a
|-activate|p2b: Sneasler|move: Protect
|-immune|p1a: Corviknight
|-damage|p2a: Ursaluna|44/100
|-damage|p1b: Garchomp|91/100|[from] item: Life Orb
|move|p2a: Ursaluna|Blood Moon|p1b: Garchomp
|-damage|p1b: Garchomp|0 fnt
|faint|p1b: Garchomp
|-damage|p2a: Ursaluna|34/100|[from] item: Life Orb
|move|p1a: Corviknight|Brave Bird|p2b: Sneasler
|-activate|p2b: Sneasler|move: Protect
|
|-damage|p1a: Corviknight|25/100 brn|[from] brn
|-sideend|p2: LastHorzion|move: Tailwind
|-sideend|p1: CapnBrunchy|move: Tailwind
|upkeep
|
|t:|1757006143
|switch|p1b: Typhlosion|Typhlosion-Hisui, L50, M|100/100
|turn|5
|inactive|LastHorzion has 30 seconds left.
|inactive|LastHorzion has 20 seconds left.
|inactive|LastHorzion has 15 seconds left.
|inactive|LastHorzion has 10 seconds left.
|
|t:|1757006189
|-terastallize|p2b: Sneasler|Dark
|-terastallize|p1b: Typhlosion|Fire
|move|p2b: Sneasler|Throat Chop|p1b: Typhlosion
|-damage|p1b: Typhlosion|34/100
|-start|p1b: Typhlosion|Throat Chop|[silent]
|move|p1b: Typhlosion|Heat Wave|p2a: Ursaluna|[spread] p2a,p2b
|-crit|p2a: Ursaluna
|-damage|p2a: Ursaluna|0 fnt
|-damage|p2b: Sneasler|54/100
|faint|p2a: Ursaluna
|move|p1a: Corviknight|Brave Bird|p2b: Sneasler
|-damage|p2b: Sneasler|0 fnt
|faint|p2b: Sneasler
|-damage|p1a: Corviknight|12/100 brn|[from] Recoil
|
|win|CapnBrunchy
|inactive|CapnBrunchy has 30 seconds to confirm battle start!
|inactive|LastHorzion has 30 seconds to confirm battle start!
||LastHorzion is ready for game 2.
||CapnBrunchy is ready for game 2.
|uhtml|next|Next: Game 2 of 3
