|j|☆SumSamSum
|j|☆medwar
|html|SumSamSummedwar    
|uhtml|bestof|Game 1 of a best-of-3
|t:|1757657655
|gametype|doubles
|player|p1|SumSamSum|veteran|1121
|player|p2|medwar|dawn|1173
|gen|9
|tier|[Gen 9] VGC 2025 Reg H (Bo3)
|rated|
|rule|Species Clause: Limit one of each Pokémon
|rule|Item Clause: Limit 1 of each item
|clearpoke
|poke|p1|Volcarona, L50, F|
|poke|p1|Grimmsnarl, L50, M|
|poke|p1|Ursaluna, L50, M|
|poke|p1|Whimsicott, L50, F|
|poke|p1|Hydreigon, L50, M|
|poke|p1|Gholdengo, L50|
|poke|p2|Ninetales-Alola, L50, F|
|poke|p2|Annihilape, L50, F|
|poke|p2|Basculegion, L50, M|
|poke|p2|Dragonite, L50, M|
|poke|p2|Ursaluna-Bloodmoon, L50, M|
|poke|p2|Tsareena, L50, F|
|teampreview|4
|showteam|p1|Volcarona||SitrusBerry|FlameBody|FieryDance,GigaDrain,QuiverDance,Protect|||F|||50|,,,,,Grass]Grimmsnarl||LightClay|Prankster|SpiritBreak,Reflect,LightScreen,ThunderWave|||M|||50|,,,,,Ghost]Ursaluna||FlameOrb|Guts|Earthquake,HeadlongRush,Facade,Protect|||M|||50|,,,,,Ghost]Whimsicott||CovertCloak|Prankster|Moonblast,Tailwind,Taunt,Protect|||F|||50|,,,,,Fairy]Hydreigon||LifeOrb|Levitate|DracoMeteor,DarkPulse,HeatWave,Protect|||M|||50|,,,,,Poison]Gholdengo||ChoiceSpecs|GoodasGold|MakeItRain,ShadowBall,Thunderbolt,DazzlingGleam||||||50|,,,,,Steel
|showteam|p2|Ninetales-Alola||FocusSash|SnowWarning|FreezeDry,AuroraVeil,Protect,Blizzard|||F|||50|,,,,,Ghost]Annihilape||SafetyGoggles|Defiant|RageFist,DrainPunch,Protect,BulkUp|||F|||50|,,,,,Fire]Basculegion||ChoiceScarf|Adaptability|LastRespects,FlipTurn,AquaJet,WaveCrash|||M|||50|,,,,,Water]Dragonite||LoadedDice|Multiscale|Protect,Haze,Tailwind,ScaleShot|||M|||50|,,,,,Fairy]Ursaluna-Bloodmoon||AssaultVest|MindsEye|BloodMoon,Moonblast,HyperVoice,EarthPower|||M|||50|,,,,,Fairy]Tsareena||Leftovers|QueenlyMajesty|Protect,KnockOff,TropKick,Trailblaze|||F|||50|,,,,,Fire
|inactive|Battle timer is ON: inactive players will automatically lose when time's up. (requested by medwar)
|
|t:|1757657722
|teamsize|p1|4
|teamsize|p2|4
|start
|switch|p1a: Whimsicott|Whimsicott, L50, F|100/100
|switch|p1b: Hydreigon|Hydreigon, L50, M|100/100
|switch|p2a: Ninetales|Ninetales-Alola, L50, F|100/100
|switch|p2b: Tsareena|Tsareena, L50, F|100/100
|-weather|Snowscape|[from] ability: Snow Warning|[of] p2a: Ninetales
|turn|1
|inactive|medwar has 30 seconds left.
|inactive|medwar has 20 seconds left.
|
|t:|1757657758
|move|p1a: Whimsicott|Tailwind|p1a: Whimsicott
|-sidestart|p1: SumSamSum|move: Tailwind
|move|p1b: Hydreigon|Heat Wave|p2a: Ninetales|[spread] p2a
|-miss|p1b: Hydreigon|p2b: Tsareena
|-supereffective|p2a: Ninetales
|-damage|p2a: Ninetales|28/100
|-damage|p1b: Hydreigon|91/100|[from] item: Life Orb
|move|p2a: Ninetales|Blizzard|p1b: Hydreigon|[spread] p1a,p1b
|-supereffective|p1a: Whimsicott
|-supereffective|p1b: Hydreigon
|-damage|p1a: Whimsicott|28/100
|-damage|p1b: Hydreigon|36/100
|-status|p1b: Hydreigon|frz
|move|p2b: Tsareena|Knock Off|p1a: Whimsicott
|-resisted|p1a: Whimsicott
|-damage|p1a: Whimsicott|14/100
|-enditem|p1a: Whimsicott|Covert Cloak|[from] move: Knock Off|[of] p2b: Tsareena
|
|-weather|Snowscape|[upkeep]
|upkeep
|turn|2
|inactive|SumSamSum has 30 seconds left.
|inactive|medwar has 30 seconds left.
|
|t:|1757657789
|move|p1a: Whimsicott|Moonblast|p2a: Ninetales
|-damage|p2a: Ninetales|0 fnt
|faint|p2a: Ninetales
|cant|p1b: Hydreigon|frz
|move|p2b: Tsareena|Trailblaze|p1b: Hydreigon
|-resisted|p1b: Hydreigon
|-damage|p1b: Hydreigon|27/100 frz
|-boost|p2b: Tsareena|spe|1
|
|-weather|Snowscape|[upkeep]
|upkeep
|
|t:|1757657803
|switch|p2a: Ursaluna|Ursaluna-Bloodmoon, L50, M|100/100
|turn|3
|
|t:|1757657821
|move|p2b: Tsareena|Protect|p2b: Tsareena
|-singleturn|p2b: Tsareena|Protect
|move|p1a: Whimsicott|Moonblast|p2a: Ursaluna
|-damage|p2a: Ursaluna|77/100
|cant|p1b: Hydreigon|frz
|move|p2a: Ursaluna|Hyper Voice|p1a: Whimsicott|[spread] p1a,p1b
|-damage|p1a: Whimsicott|0 fnt
|-damage|p1b: Hydreigon|0 fnt
|faint|p1a: Whimsicott
|faint|p1b: Hydreigon
|
|-weather|Snowscape|[upkeep]
|upkeep
|
|t:|1757657829
|switch|p1a: Ursaluna|Ursaluna, L50, M|100/100
|switch|p1b: Gholdengo|Gholdengo, L50|100/100
|turn|4
|
|t:|1757657845
|-terastallize|p1b: Gholdengo|Steel
|move|p1a: Ursaluna|Protect|p1a: Ursaluna
|-singleturn|p1a: Ursaluna|Protect
|move|p1b: Gholdengo|Make It Rain|p2b: Tsareena|[spread] p2a,p2b
|-damage|p2a: Ursaluna|14/100
|-damage|p2b: Tsareena|23/100
|-unboost|p1b: Gholdengo|spa|1
|move|p2b: Tsareena|Trop Kick|p1a: Ursaluna
|-activate|p1a: Ursaluna|move: Protect
|move|p2a: Ursaluna|Earth Power|p1b: Gholdengo
|-supereffective|p1b: Gholdengo
|-damage|p1b: Gholdengo|0 fnt
|faint|p1b: Gholdengo
|
|-weather|Snowscape|[upkeep]
|-heal|p2b: Tsareena|29/100|[from] item: Leftovers
|-sideend|p1: SumSamSum|move: Tailwind
|-status|p1a: Ursaluna|brn|[from] item: Flame Orb
|upkeep
|turn|5
|
|t:|1757657865
|move|p2b: Tsareena|Trop Kick|p1a: Ursaluna
|-supereffective|p1a: Ursaluna
|-damage|p1a: Ursaluna|52/100 brn
|-unboost|p1a: Ursaluna|atk|1
|move|p1a: Ursaluna|Earthquake|p2a: Ursaluna|[spread] p2a,p2b
|-crit|p2a: Ursaluna
|-resisted|p2b: Tsareena
|-damage|p2a: Ursaluna|0 fnt
|-damage|p2b: Tsareena|9/100
|faint|p2a: Ursaluna
|
|-weather|none
|-heal|p2b: Tsareena|15/100|[from] item: Leftovers
|-damage|p1a: Ursaluna|46/100 brn|[from] brn
|upkeep
|
|t:|1757657878
|switch|p2a: Annihilape|Annihilape, L50, F, shiny|100/100
|turn|6
|
|t:|1757657887
|move|p2b: Tsareena|Trop Kick|p1a: Ursaluna
|-supereffective|p1a: Ursaluna
|-crit|p1a: Ursaluna
|-damage|p1a: Ursaluna|0 fnt
|faint|p1a: Ursaluna
|
|win|medwar
|inactive|SumSamSum has 30 seconds to confirm battle start!
|inactive|medwar has 30 seconds to confirm battle start!
||medwar is ready for game 2.
||SumSamSum is ready for game 2.
|uhtml|next|Next: Game 2 of 3
