|j|☆gundojuan8
|j|☆PablixXHD
|html|gundojuan8PablixXHD    
|uhtml|bestof|Game 1 of a best-of-3
|t:|1757769384
|gametype|doubles
|player|p1|gundojuan8|ethan-gen2|
|player|p2|PablixXHD|clair|
|gen|9
|tier|[Gen 9] VGC 2025 Reg H (Bo3)
|rule|Species Clause: Limit one of each Pokémon
|rule|Item Clause: Limit 1 of each item
|clearpoke
|poke|p1|Talonflame, L50, M|
|poke|p1|Gholdengo, L50|
|poke|p1|Tyranitar, L50, M|
|poke|p1|Garchomp, L50, M|
|poke|p1|Primarina, L50, F|
|poke|p1|Rillaboom, L50, M|
|poke|p2|Volcarona, L50, M|
|poke|p2|Kingambit, L50, M|
|poke|p2|Dragonite, L50, F|
|poke|p2|Sneasler, L50, M|
|poke|p2|Rillaboom, L50, M|
|poke|p2|Electabuzz, L50, M|
|teampreview|4
|showteam|p1|Talonflame||CovertCloak|GaleWings|Tailwind,DualWingbeat,FlareBlitz,Taunt|||M|||50|,,,,,Ghost]Gholdengo||ChoiceSpecs|GoodasGold|MakeItRain,ShadowBall,Thunderbolt,FocusBlast||||||50|,,,,,Steel]Tyranitar||AssaultVest|SandStream|RockSlide,KnockOff,LowKick,TeraBlast|||M|||50|,,,,,Flying]Garchomp||LifeOrb|RoughSkin|Protect,DragonClaw,Earthquake,StompingTantrum|||M|||50|,,,,,Steel]Primarina||SitrusBerry|LiquidVoice|Protect,Moonblast,HyperVoice,Haze|||F|||50|,,,,,Poison]Rillaboom||MiracleSeed|GrassySurge|FakeOut,GrassyGlide,HighHorsepower,WoodHammer|||M|||50|,,,,,Fire
|showteam|p2|Volcarona||Leftovers|FlameBody|HeatWave,TeraBlast,QuiverDance,Protect|||M|||50|,,,,,Fairy]Kingambit||BlackGlasses|Defiant|KowtowCleave,SuckerPunch,IronHead,Assurance|||M|||50|,,,,,Dark]Dragonite||LoadedDice|Multiscale|ScaleShot,ExtremeSpeed,Haze,Protect|||F|||50|,,,,,Normal]Sneasler||FocusSash|PoisonTouch|CloseCombat,DireClaw,FakeOut,Coaching|||M|||50|,,,,,Stellar]Rillaboom||AssaultVest|GrassySurge|WoodHammer,GrassyGlide,HighHorsepower,FakeOut|||M|||50|,,,,,Fire]Electabuzz||Eviolite|VitalSpirit|Thunderbolt,Taunt,FollowMe,Protect|||M|||50|,,,,,Ghost
|inactive|Battle timer is ON: inactive players will automatically lose when time's up. (requested by gundojuan8)
|inactive|PablixXHD also wants the timer to be on.
|inactive|gundojuan8 has 60 seconds left.
|inactive|PablixXHD has 60 seconds left.
|
|t:|1757769435
|teamsize|p1|4
|teamsize|p2|4
|start
|switch|p1a: Garchomp|Garchomp, L50, M|100/100
|switch|p1b: Tyranitar|Tyranitar, L50, M|100/100
|switch|p2a: Volcarona|Volcarona, L50, M|100/100
|switch|p2b: Sneasler|Sneasler, L50, M|100/100
|-weather|Sandstorm|[from] ability: Sand Stream|[of] p1b: Tyranitar
|turn|1
|
|t:|1757769455
|-terastallize|p2a: Volcarona|Fairy
|-terastallize|p1b: Tyranitar|Flying
|move|p2b: Sneasler|Fake Out|p1a: Garchomp
|-damage|p1a: Garchomp|87/100
|-damage|p2b: Sneasler|88/100|[from] ability: Rough Skin|[of] p1a: Garchomp
|cant|p1a: Garchomp|flinch
|move|p2a: Volcarona|Quiver Dance|p2a: Volcarona
|-boost|p2a: Volcarona|spa|1
|-boost|p2a: Volcarona|spd|1
|-boost|p2a: Volcarona|spe|1
|move|p1b: Tyranitar|Rock Slide|p2a: Volcarona|[spread] p2a,p2b
|-resisted|p2b: Sneasler
|-damage|p2a: Volcarona|64/100
|-damage|p2b: Sneasler|62/100
|
|-weather|Sandstorm|[upkeep]
|-damage|p2a: Volcarona|58/100|[from] Sandstorm
|-damage|p2b: Sneasler|56/100|[from] Sandstorm
|-damage|p1b: Tyranitar|95/100|[from] Sandstorm
|-heal|p2a: Volcarona|64/100|[from] item: Leftovers
|upkeep
|turn|2
|inactive|gundojuan8 has 30 seconds left.
|inactive|PablixXHD has 30 seconds left.
|
|t:|1757769486
|move|p2a: Volcarona|Protect|p2a: Volcarona
|-singleturn|p2a: Volcarona|Protect
|move|p1a: Garchomp|Protect|p1a: Garchomp
|-singleturn|p1a: Garchomp|Protect
|move|p2b: Sneasler|Coaching|p2a: Volcarona
|-boost|p2a: Volcarona|atk|1
|-boost|p2a: Volcarona|def|1
|move|p1b: Tyranitar|Rock Slide|p2b: Sneasler|[spread] p2b
|-activate|p2a: Volcarona|move: Protect
|-resisted|p2b: Sneasler
|-damage|p2b: Sneasler|32/100
|
|-weather|Sandstorm|[upkeep]
|-damage|p2a: Volcarona|58/100|[from] Sandstorm
|-damage|p2b: Sneasler|26/100|[from] Sandstorm
|-damage|p1b: Tyranitar|89/100|[from] Sandstorm
|-heal|p2a: Volcarona|64/100|[from] item: Leftovers
|upkeep
|turn|3
|
|t:|1757769509
|switch|p2b: Rillaboom|Rillaboom, L50, M|100/100
|-fieldstart|move: Grassy Terrain|[from] ability: Grassy Surge|[of] p2b: Rillaboom
|switch|p1a: Primarina|Primarina, L50, F|100/100
|move|p2a: Volcarona|Tera Blast|p1a: Primarina|[anim] Tera Blast Fairy
|-damage|p1a: Primarina|41/100
|-enditem|p1a: Primarina|Sitrus Berry|[eat]
|-heal|p1a: Primarina|65/100|[from] item: Sitrus Berry
|move|p1b: Tyranitar|Rock Slide|p2b: Rillaboom|[spread] p2b
|-miss|p1b: Tyranitar|p2a: Volcarona
|-damage|p2b: Rillaboom|71/100
|
|-weather|Sandstorm|[upkeep]
|-damage|p2a: Volcarona|58/100|[from] Sandstorm
|-damage|p2b: Rillaboom|65/100|[from] Sandstorm
|-damage|p1b: Tyranitar|83/100|[from] Sandstorm
|-damage|p1a: Primarina|60/100|[from] Sandstorm
|-heal|p2a: Volcarona|64/100|[from] Grassy Terrain
|-heal|p2a: Volcarona|70/100|[from] item: Leftovers
|-heal|p2b: Rillaboom|71/100|[from] Grassy Terrain
|-heal|p1a: Primarina|65/100|[from] Grassy Terrain
|upkeep
|turn|4
|inactive|PablixXHD has 30 seconds left.
|
|t:|1757769543
|move|p1a: Primarina|Protect|p1a: Primarina
|-singleturn|p1a: Primarina|Protect
|move|p2a: Volcarona|Tera Blast|p1b: Tyranitar|[anim] Tera Blast Fairy
|-damage|p1b: Tyranitar|54/100
|move|p2b: Rillaboom|Wood Hammer|p1a: Primarina
|-activate|p1a: Primarina|move: Protect
|move|p1b: Tyranitar|Tera Blast|p2b: Rillaboom|[anim] Tera Blast Flying
|-supereffective|p2b: Rillaboom
|-damage|p2b: Rillaboom|0 fnt
|faint|p2b: Rillaboom
|
|-weather|Sandstorm|[upkeep]
|-damage|p2a: Volcarona|64/100|[from] Sandstorm
|-damage|p1b: Tyranitar|48/100|[from] Sandstorm
|-damage|p1a: Primarina|60/100|[from] Sandstorm
|-heal|p2a: Volcarona|70/100|[from] Grassy Terrain
|-heal|p2a: Volcarona|77/100|[from] item: Leftovers
|-heal|p1a: Primarina|65/100|[from] Grassy Terrain
|upkeep
|
|t:|1757769560
|switch|p2b: Sneasler|Sneasler, L50, M|26/100
|turn|5
|
|t:|1757769579
|move|p2a: Volcarona|Heat Wave|p1a: Primarina|[spread] p1a,p1b
|-resisted|p1a: Primarina
|-damage|p1a: Primarina|42/100
|-damage|p1b: Tyranitar|20/100
|move|p2b: Sneasler|Dire Claw|p1a: Primarina
|-supereffective|p1a: Primarina
|-damage|p1a: Primarina|0 fnt
|faint|p1a: Primarina
|move|p1b: Tyranitar|Tera Blast|p2b: Sneasler|[anim] Tera Blast Flying
|-supereffective|p2b: Sneasler
|-damage|p2b: Sneasler|0 fnt
|faint|p2b: Sneasler
|
|-weather|none
|-heal|p2a: Volcarona|83/100|[from] Grassy Terrain
|-heal|p2a: Volcarona|89/100|[from] item: Leftovers
|upkeep
|
|t:|1757769596
|switch|p2b: Dragonite|Dragonite, L50, F|100/100
|switch|p1a: Talonflame|Talonflame, L50, M, shiny|100/100
|turn|6
|
|t:|1757769615
|move|p2a: Volcarona|Protect|p2a: Volcarona
|-singleturn|p2a: Volcarona|Protect
|move|p1a: Talonflame|Tailwind|p1a: Talonflame
|-sidestart|p1: gundojuan8|move: Tailwind
|move|p1b: Tyranitar|Rock Slide|p2b: Dragonite|[spread] p2b
|-activate|p2a: Volcarona|move: Protect
|-supereffective|p2b: Dragonite
|-damage|p2b: Dragonite|66/100
|move|p2b: Dragonite|Scale Shot|p1a: Talonflame
|-damage|p1a: Talonflame|79/100
|-damage|p1a: Talonflame|58/100
|-damage|p1a: Talonflame|34/100
|-crit|p1a: Talonflame
|-damage|p1a: Talonflame|0 fnt
|faint|p1a: Talonflame
|-hitcount|p1: Talonflame|4
|-unboost|p2b: Dragonite|def|1
|-boost|p2b: Dragonite|spe|1
|
|-heal|p2a: Volcarona|95/100|[from] Grassy Terrain
|-heal|p2a: Volcarona|100/100|[from] item: Leftovers
|upkeep
|
|t:|1757769627
|switch|p1a: Garchomp|Garchomp, L50, M|87/100
|turn|7
|
|t:|1757769643
|move|p2b: Dragonite|Protect|p2b: Dragonite
|-singleturn|p2b: Dragonite|Protect
|move|p1a: Garchomp|Stomping Tantrum|p2a: Volcarona
|-damage|p2a: Volcarona|60/100
|-status|p1a: Garchomp|brn|[from] ability: Flame Body|[of] p2a: Volcarona
|-damage|p1a: Garchomp|77/100 brn|[from] item: Life Orb
|move|p2a: Volcarona|Heat Wave|p1b: Tyranitar|[spread] p1a,p1b
|-resisted|p1a: Garchomp
|-damage|p1a: Garchomp|47/100 brn
|-damage|p1b: Tyranitar|0 fnt
|faint|p1b: Tyranitar
|
|-heal|p1a: Garchomp|52/100 brn|[from] Grassy Terrain
|-heal|p2a: Volcarona|66/100|[from] Grassy Terrain
|-heal|p2a: Volcarona|73/100|[from] item: Leftovers
|-damage|p1a: Garchomp|47/100 brn|[from] brn
|-fieldend|move: Grassy Terrain
|upkeep
|turn|8
|
|t:|1757769656
|move|p1a: Garchomp|Dragon Claw|p2b: Dragonite
|-supereffective|p2b: Dragonite
|-damage|p2b: Dragonite|0 fnt
|faint|p2b: Dragonite
|-damage|p1a: Garchomp|37/100 brn|[from] item: Life Orb
|move|p2a: Volcarona|Tera Blast|p1a: Garchomp|[anim] Tera Blast Fairy
|-supereffective|p1a: Garchomp
|-damage|p1a: Garchomp|0 fnt
|faint|p1a: Garchomp
|
|win|PablixXHD
