|j|☆garmas
|j|☆Aroh Campeao
|html|garmasAroh Campeao    
|uhtml|bestof|Game 2 of a best-of-3
|t:|1784379311
|gametype|doubles
|player|p1|garmas|ethan|1107
|player|p2|Aroh Campeao|volkner|1000
|gen|9
|tier|[Gen 9 Champions] VGC 2026 Reg M-B (Bo3)
|rated|
|rule|Species Clause: Limit one of each Pokémon
|rule|Item Clause: Limit 1 of each item
|clearpoke
|poke|p1|Charizard, L50, M|
|poke|p1|Basculegion, L50, M|
|poke|p1|Whimsicott, L50, F|
|poke|p1|Sylveon, L50, F, shiny|
|poke|p1|Incineroar, L50, M|
|poke|p1|Farigiraf, L50, M|
|poke|p2|Sableye, L50, M|
|poke|p2|Farigiraf, L50, F|
|poke|p2|Kingambit, L50, M|
|poke|p2|Torkoal, L50, F|
|poke|p2|Camerupt, L50, M|
|poke|p2|Gallade, L50, M|
|teampreview|4
|showteam|p1|Charizard||CharizarditeY|Blaze|WeatherBall,SolarBeam,HeatWave,Protect|Modest||M|||50|]Basculegion||ChoiceScarf|Adaptability|AquaJet,FlipTurn,LastRespects,WaveCrash|Adamant||M|||50|]Whimsicott||FocusSash|Prankster|Moonblast,Encore,HelpingHand,Tailwind|Timid||F|||50|]Sylveon||FairyFeather|Pixilate|QuickAttack,Detect,HyperBeam,HyperVoice|Modest||F|||50|]Incineroar||Leftovers|Intimidate|FlareBlitz,FakeOut,DarkestLariat,PartingShot|Relaxed||M|||50|]Farigiraf||SitrusBerry|ArmorTail|Imprison,TrickRoom,Protect,Psychic|Calm||M|||50|
|showteam|p2|Sableye||FocusSash|Prankster|Encore,FakeOut,WillOWisp,FoulPlay|Impish||M|||50|]Farigiraf||SitrusBerry|ArmorTail|TwinBeam,TrickRoom,HelpingHand,Protect|Relaxed||F|||50|]Kingambit||ChopleBerry|Defiant|IronHead,KowtowCleave,SuckerPunch,Protect|Brave||M|||50|]Torkoal||HeatRock|Drought|HeatWave,WeatherBall,SolarBeam,Protect|Quiet||F|||50|]Camerupt||Cameruptite|SolidRock|Eruption,HeatWave,EarthPower,Protect|Quiet||M|||50|]Gallade||IronBall|Sharpness|SacredSword,PsychoCut,LeafBlade,TrickRoom|Adamant||M|||50|
|
|t:|1784379342
|teamsize|p1|4
|teamsize|p2|4
|start
|switch|p1a: Girafo|Farigiraf, L50, M|100/100
|switch|p1b: Dragon??|Charizard, L50, M|100/100
|switch|p2a: Kingambit|Kingambit, L50, M|100/100
|switch|p2b: Gallade|Gallade, L50, M|100/100
|turn|1
|
|t:|1784379383
|detailschange|p1b: Dragon??|Charizard-Mega-Y, L50, M
|-mega|p1b: Dragon??|Charizard|Charizardite Y
|-weather|SunnyDay|[from] ability: Drought|[of] p1b: Dragon??
|move|p1b: Dragon??|Weather Ball|p2a: Kingambit
|-supereffective|p2a: Kingambit|1
|-damage|p2a: Kingambit|0 fnt
|faint|p2a: Kingambit
|move|p1a: Girafo|Imprison|p1a: Girafo
|-start|p1a: Girafo|move: Imprison
|move|p2b: Gallade|Psycho Cut|p1a: Girafo
|-resisted|p1a: Girafo|1
|-damage|p1a: Girafo|74/100
|
|-weather|SunnyDay|[upkeep]
|upkeep
|
|t:|1784379403
|switch|p2a: Camerupt|Camerupt, L50, M|100/100
|turn|2
|
|t:|1784379418
|detailschange|p2a: Camerupt|Camerupt-Mega, L50, M
|-mega|p2a: Camerupt|Camerupt|Cameruptite
|move|p1b: Dragon??|Weather Ball|p2b: Gallade
|-damage|p2b: Gallade|23/100
|move|p1a: Girafo|Psychic|p2b: Gallade
|-damage|p2b: Gallade|0 fnt
|faint|p2b: Gallade
|move|p2a: Camerupt|Heat Wave|p1a: Girafo|[spread] p1a,p1b
|-resisted|p1b: Dragon??|1
|-damage|p1a: Girafo|0 fnt
|-damage|p1b: Dragon??|61/100
|faint|p1a: Girafo
|
|-weather|SunnyDay|[upkeep]
|upkeep
|
|t:|1784379439
|switch|p2b: Torkoal|Torkoal, L50, F|100/100
|switch|p1a: Sylveon|Sylveon, L50, F, shiny|100/100
|turn|3
|
|t:|1784379456
|move|p1b: Dragon??|Heat Wave|p2b: Torkoal|[spread] p2a,p2b
|-resisted|p2a: Camerupt|1
|-resisted|p2b: Torkoal|1
|-damage|p2a: Camerupt|68/100
|-damage|p2b: Torkoal|58/100
|move|p1a: Sylveon|Hyper Voice|p2a: Camerupt|[spread] p2a,p2b
|-resisted|p2a: Camerupt|1
|-resisted|p2b: Torkoal|1
|-damage|p2a: Camerupt|42/100
|-damage|p2b: Torkoal|26/100
|move|p2a: Camerupt|Heat Wave|p1b: Dragon??|[spread] p1a,p1b
|-resisted|p1b: Dragon??|1
|-damage|p1a: Sylveon|22/100
|-damage|p1b: Dragon??|20/100y
|move|p2b: Torkoal|Weather Ball|p1a: Sylveon
|-damage|p1a: Sylveon|0 fnt
|faint|p1a: Sylveon
|
|-weather|SunnyDay|[upkeep]
|upkeep
|
|t:|1784379471
|switch|p1a: Basculegion|Basculegion, L50, M|100/100
|turn|4
|
|t:|1784379485
|move|p2a: Camerupt|Protect|p2a: Camerupt
|-singleturn|p2a: Camerupt|Protect
|move|p1a: Basculegion|Last Respects|p2a: Camerupt
|-activate|p2a: Camerupt|move: Protect
|move|p1b: Dragon??|Weather Ball|p2b: Torkoal
|-resisted|p2b: Torkoal|1
|-damage|p2b: Torkoal|0 fnt
|faint|p2b: Torkoal
|
|-weather|SunnyDay|[upkeep]
|upkeep
|turn|5
|
|t:|1784379498
|move|p1a: Basculegion|Last Respects|p2a: Camerupt
|-damage|p2a: Camerupt|0 fnt
|faint|p2a: Camerupt
|
|win|garmas
|raw|garmas's rating: 1107 → 1125(+18 for winning)
|raw|Aroh Campeao's rating: 1000 → 1000(+0 for losing)
