|j|☆pom123123123
|j|☆Il Mule
|html|pom123123123Il Mule    
|uhtml|bestof|Game 3 of a best-of-3
|t:|1782375932
|gametype|doubles
|player|p1|pom123123123|wattson|1219
|player|p2|Il Mule|salvatore|1444
|gen|9
|tier|[Gen 9 Champions] VGC 2026 Reg M-B (Bo3)
|rated|
|rule|Species Clause: Limit one of each Pokémon
|rule|Item Clause: Limit 1 of each item
|clearpoke
|poke|p1|Dragalge, L50, F|
|poke|p1|Sinistcha, L50|
|poke|p1|Incineroar, L50, F|
|poke|p1|Rotom-Wash, L50|
|poke|p1|Pelipper, L50, M|
|poke|p1|Swampert, L50, F|
|poke|p2|Corviknight, L50, F|
|poke|p2|Tyranitar, L50, M|
|poke|p2|Sneasler, L50, M|
|poke|p2|Incineroar, L50, F|
|poke|p2|Froslass, L50, F|
|poke|p2|Garchomp, L50, F|
|teampreview|4
|showteam|p1|Dragalge||Dragalgite|Adaptability|SludgeBomb,DracoMeteor,Haze,Protect|Quiet||F|||50|]Sinistcha||KasibBerry|Hospitality|MatchaGotcha,RagePowder,TrickRoom,Protect|Relaxed|||||50|]Incineroar||ShucaBerry|Intimidate|FlareBlitz,DarkestLariat,PartingShot,FakeOut|Impish||F|||50|]Rotom-Wash||SitrusBerry|Levitate|Thunder,HydroPump,WillOWisp,Protect|Modest|||||50|]Pelipper||FocusSash|Drizzle|WeatherBall,Hurricane,Tailwind,Protect|Modest||M|||50|]Swampert||Swampertite|Torrent|Earthquake,WaveCrash,IcePunch,Protect|Adamant||F|||50|
|showteam|p2|Corviknight||OccaBerry|MirrorArmor|BraveBird,Taunt,Tailwind,Roost|Impish||F|||50|]Tyranitar||Tyranitarite|SandStream|KnockOff,RockSlide,DragonDance,Protect|Adamant||M|||50|]Sneasler||WhiteHerb|Unburden|CloseCombat,DireClaw,Coaching,FakeOut|Jolly||M|||50|]Incineroar||SitrusBerry|Intimidate|FlareBlitz,WillOWisp,PartingShot,FakeOut|Impish||F|||50|]Froslass||Froslassite|SnowCloak|Blizzard,ShadowBall,AuroraVeil,Protect|Timid||F|||50|]Garchomp||LifeOrb|RoughSkin|Earthquake,RockSlide,EarthPower,Protect|Jolly||F|||50|
|inactive|Battle timer is ON: inactive players will automatically lose when time's up. (requested by pom123123123)
|j| kelso shrug
|c|☆Il Mule|senza freddo come dovrei vincere contro swamber scrotom
|c|☆Il Mule|porca puttana
|inactive|pom123123123 has 60 seconds left.
|inactive|Il Mule has 60 seconds left.
|inactive|pom123123123 has 30 seconds left.
|
|t:|1782376002
|teamsize|p1|4
|teamsize|p2|4
|start
|switch|p1a: Miso|Incineroar, L50, F|100/100
|switch|p1b: Rotom|Rotom-Wash, L50|100/100
|switch|p2a: Sneasler|Sneasler, L50, M|100/100
|switch|p2b: Froslass|Froslass, L50, F|100/100
|-ability|p1a: Miso|Intimidate|boost
|-unboost|p2a: Sneasler|atk|1
|-unboost|p2b: Froslass|atk|1
|-enditem|p2a: Sneasler|White Herb
|-clearnegativeboost|p2a: Sneasler|[silent]
|turn|1
|inactive|pom123123123 has 30 seconds left.
|inactive|Il Mule has 30 seconds left.
|inactive|pom123123123 has 20 seconds left.
|inactive|pom123123123 has 15 seconds left.
|inactive|pom123123123 has 10 seconds left.
|
|t:|1782376050
|switch|p1a: Lawine|Pelipper, L50, M|100/100
|-weather|RainDance|[from] ability: Drizzle|[of] p1a: Lawine
|detailschange|p2b: Froslass|Froslass-Mega, L50, F
|-mega|p2b: Froslass|Froslass|Froslassite
|-weather|Snowscape|[from] ability: Snow Warning|[of] p2b: Froslass
|move|p2a: Sneasler|Close Combat|p1a: Lawine
|-resisted|p1a: Lawine|1
|-damage|p1a: Lawine|63/100
|-unboost|p2a: Sneasler|def|1
|-unboost|p2a: Sneasler|spd|1
|move|p2b: Froslass|Blizzard|p1a: Lawine|[spread] p1a,p1b
|-resisted|p1b: Rotom|1
|-damage|p1a: Lawine|0 fnt
|-damage|p1b: Rotom|75/100
|faint|p1a: Lawine
|move|p1b: Rotom|Hydro Pump|p2a: Sneasler
|-damage|p2a: Sneasler|0 fnt
|faint|p2a: Sneasler
|
|-weather|Snowscape|[upkeep]
|upkeep
|inactive|pom123123123 has 30 seconds left.
|
|t:|1782376084
|switch|p2a: Incineroar|Incineroar, L50, F|100/100
|switch|p1a: Miso|Incineroar, L50, F|100/100
|-ability|p2a: Incineroar|Intimidate|boost
|-unboost|p1a: Miso|atk|1
|-unboost|p1b: Rotom|atk|1
|-ability|p1a: Miso|Intimidate|boost
|-unboost|p2a: Incineroar|atk|1
|-unboost|p2b: Froslass|atk|1
|turn|2
|inactive|Il Mule has 30 seconds left.
|
|t:|1782376112
|move|p1b: Rotom|Protect|p1b: Rotom
|-singleturn|p1b: Rotom|Protect
|move|p2a: Incineroar|Fake Out|p1a: Miso
|-damage|p1a: Miso|94/100
|move|p2b: Froslass|Shadow Ball|p1b: Rotom
|-activate|p1b: Rotom|move: Protect
|cant|p1a: Miso|flinch
|
|-weather|Snowscape|[upkeep]
|upkeep
|turn|3
|inactive|pom123123123 has 30 seconds left.
|inactive|pom123123123 has 20 seconds left.
|inactive|Il Mule has 30 seconds left.
|inactive|pom123123123 has 15 seconds left.
|
|t:|1782376153
|move|p2b: Froslass|Shadow Ball|p1b: Rotom
|-damage|p1b: Rotom|28/100
|-enditem|p1b: Rotom|Sitrus Berry|[eat]
|-heal|p1b: Rotom|53/100|[from] item: Sitrus Berry
|move|p1b: Rotom|Hydro Pump|p2a: Incineroar
|-supereffective|p2a: Incineroar|1
|-damage|p2a: Incineroar|6/100
|-enditem|p2a: Incineroar|Sitrus Berry|[eat]
|-heal|p2a: Incineroar|31/100|[from] item: Sitrus Berry
|move|p2a: Incineroar|Parting Shot|p1b: Rotom
|-unboost|p1b: Rotom|atk|1
|-unboost|p1b: Rotom|spa|1
|j| 4-4hater
|
|t:|1782376173
|switch|p2a: Tyranitar|Tyranitar, L50, M|100/100|[from] Parting Shot
|-weather|Sandstorm|[from] ability: Sand Stream|[of] p2a: Tyranitar
|move|p1a: Miso|Darkest Lariat|p2b: Froslass
|-supereffective|p2b: Froslass|1
|-damage|p2b: Froslass|35/100
|
|-weather|Sandstorm|[upkeep]
|-damage|p2b: Froslass|30/100|[from] Sandstorm
|-damage|p1b: Rotom|47/100|[from] Sandstorm
|-damage|p1a: Miso|88/100|[from] Sandstorm
|upkeep
|turn|4
|c| 4-4hater|Che animale rotom wash
|inactive|pom123123123 has 30 seconds left.
|inactive|Il Mule has 30 seconds left.
|inactive|Il Mule has 20 seconds left.
|inactive|Il Mule has 15 seconds left.
|inactive|Il Mule has 10 seconds left.
|
|t:|1782376219
|move|p2b: Froslass|Shadow Ball|p1b: Rotom
|-damage|p1b: Rotom|1/100
|move|p2a: Tyranitar|Rock Slide|p1b: Rotom|[spread] p1a,p1b
|-supereffective|p1a: Miso|1
|-damage|p1a: Miso|43/100
|-damage|p1b: Rotom|0 fnt
|faint|p1b: Rotom
|move|p1a: Miso|Parting Shot|p2a: Tyranitar
|-unboost|p2a: Tyranitar|atk|1
|-unboost|p2a: Tyranitar|spa|1
|
|t:|1782376225
|switch|p1a: Sashimi|Swampert, L50, F|100/100|[from] Parting Shot
|
|-weather|Sandstorm|[upkeep]
|-damage|p2b: Froslass|24/100|[from] Sandstorm
|upkeep
|
|t:|1782376227
|switch|p1b: Miso|Incineroar, L50, F|43/100
|-ability|p1b: Miso|Intimidate|boost
|-unboost|p2a: Tyranitar|atk|1
|-unboost|p2b: Froslass|atk|1
|turn|5
|inactive|pom123123123 has 30 seconds left.
|inactive|Il Mule has 30 seconds left.
|inactive|pom123123123 has 20 seconds left.
|inactive|Il Mule has 20 seconds left.
|inactive|pom123123123 has 15 seconds left.
|
|t:|1782376269
|switch|p2a: Incineroar|Incineroar, L50, F|31/100
|-ability|p2a: Incineroar|Intimidate|boost
|-unboost|p1a: Sashimi|atk|1
|-unboost|p1b: Miso|atk|1
|detailschange|p1a: Sashimi|Swampert-Mega, L50, F
|-mega|p1a: Sashimi|Swampert|Swampertite
|move|p2b: Froslass|Protect|p2b: Froslass
|-singleturn|p2b: Froslass|Protect
|move|p1b: Miso|Fake Out|p2a: Incineroar
|-damage|p2a: Incineroar|26/100
|move|p1a: Sashimi|Earthquake|p2b: Froslass|[spread] p1b,p2a
|-activate|p2b: Froslass|move: Protect
|-supereffective|p1b: Miso|1
|-enditem|p1b: Miso|Shuca Berry|[eat]
|-enditem|p1b: Miso|Shuca Berry|[weaken]
|-supereffective|p2a: Incineroar|1
|-damage|p1b: Miso|19/100
|-damage|p2a: Incineroar|0 fnt
|faint|p2a: Incineroar
|
|-weather|Sandstorm|[upkeep]
|-damage|p2b: Froslass|18/100|[from] Sandstorm
|-damage|p1b: Miso|13/100|[from] Sandstorm
|upkeep
|
|t:|1782376290
|switch|p2a: Tyranitar|Tyranitar, L50, M|100/100
|turn|6
|
|t:|1782376312
|move|p2b: Froslass|Shadow Ball|p1a: Sashimi
|-damage|p1a: Sashimi|63/100
|move|p1a: Sashimi|Earthquake|p2b: Froslass|[spread] p1b,p2a,p2b
|-supereffective|p1b: Miso|1
|-crit|p1b: Miso
|-supereffective|p2a: Tyranitar|1
|-damage|p1b: Miso|0 fnt
|-damage|p2a: Tyranitar|51/100
|-damage|p2b: Froslass|0 fnt
|faint|p1b: Miso
|faint|p2b: Froslass
|move|p2a: Tyranitar|Rock Slide|p1a: Sashimi
|-resisted|p1a: Sashimi|1
|-damage|p1a: Sashimi|46/100
|
|-weather|Sandstorm|[upkeep]
|upkeep
|turn|7
|
|t:|1782376327
|move|p2a: Tyranitar|Protect|p2a: Tyranitar
|-singleturn|p2a: Tyranitar|Protect
|move|p1a: Sashimi|Wave Crash|p2a: Tyranitar
|-activate|p2a: Tyranitar|move: Protect
|
|-weather|none
|upkeep
|turn|8
|
|t:|1782376330
|move|p1a: Sashimi|Wave Crash|p2a: Tyranitar
|-supereffective|p2a: Tyranitar|1
|-damage|p2a: Tyranitar|0 fnt
|faint|p2a: Tyranitar
|-damage|p1a: Sashimi|27/100|[from] Recoil
|
|win|pom123123123
