|j|☆MrPhoenixGC
|j|☆NuclearNutz321
|html|MrPhoenixGCNuclearNutz321    
|uhtml|bestof|Game 2 of a best-of-3
|t:|1756914217
|gametype|doubles
|player|p1|MrPhoenixGC|steven|1156
|player|p2|NuclearNutz321|veteranf|1219
|gen|9
|tier|[Gen 9] VGC 2025 Reg H (Bo3)
|rated|
|rule|Species Clause: Limit one of each Pokémon
|rule|Item Clause: Limit 1 of each item
|clearpoke
|poke|p1|Gholdengo, L50|
|poke|p1|Pelipper, L50, M|
|poke|p1|Archaludon, L50, F|
|poke|p1|Ursaluna, L50, F|
|poke|p1|Dragonite, L50, F|
|poke|p1|Sinistcha, L50|
|poke|p2|Chandelure, L50, M|
|poke|p2|Hydreigon, L50, M|
|poke|p2|Corviknight, L50, M|
|poke|p2|Sneasler, L50, M|
|poke|p2|Rillaboom, L50, M|
|poke|p2|Primarina, L50, M|
|teampreview|4
|showteam|p1|Gholdengo||ChoiceScarf|GoodasGold|MakeItRain,ShadowBall,Trick,Protect||||||50|,,,,,Steel]Pelipper||FocusSash|Drizzle|Protect,MuddyWater,Hurricane,WideGuard|||M|||50|,,,,,Ghost]Archaludon||AssaultVest|Stamina|BodyPress,Snarl,ElectroShot,FlashCannon|||F|||50|,,,,,Bug]Ursaluna||FlameOrb|Guts|Protect,Facade,Earthquake,HeadlongRush|||F|||50|,,,,,Ghost]Dragonite||LoadedDice|Multiscale|ScaleShot,Haze,Tailwind,Protect|||F|||50|,,,,,Fairy]Sinistcha||SitrusBerry|Hospitality|TrickRoom,MatchaGotcha,LifeDew,RagePowder||||||50|,,,,,Dark
|showteam|p2|Chandelure||FocusSash|FlashFire|HeatWave,ShadowBall,TrickRoom,Protect|||M|||50|,,,,,Grass]Hydreigon||SafetyGoggles|Levitate|DracoMeteor,DarkPulse,Tailwind,Protect|||M|||50|,,,,,Ghost]Corviknight||GrassySeed|MirrorArmor|BulkUp,BraveBird,BodyPress,Roost|||M|||50|,,,,,Dragon]Sneasler||WhiteHerb|Unburden|CloseCombat,DireClaw,ThroatChop,Coaching|||M|||50|,,,,,Ghost]Rillaboom||AssaultVest|GrassySurge|FakeOut,WoodHammer,GrassyGlide,HighHorsepower|||M|||50|,,,,,Water]Primarina||ThroatSpray|LiquidVoice|HyperVoice,Moonblast,IceBeam,Protect|||M|||50|,,,,,Poison
|
|t:|1756914235
|teamsize|p1|4
|teamsize|p2|4
|start
|switch|p1a: Pelipper|Pelipper, L50, M|100/100
|switch|p1b: Dragonite|Dragonite, L50, F|100/100
|switch|p2a: Susie|Hydreigon, L50, M|100/100
|switch|p2b: Primarina|Primarina, L50, M|100/100
|-weather|RainDance|[from] ability: Drizzle|[of] p1a: Pelipper
|turn|1
|inactive|Battle timer is ON: inactive players will automatically lose when time's up. (requested by NuclearNutz321)
|
|t:|1756914284
|switch|p2a: Roaring Knight|Corviknight, L50, M|100/100
|move|p1b: Dragonite|Tailwind|p1b: Dragonite
|-sidestart|p1: MrPhoenixGC|move: Tailwind
|move|p1a: Pelipper|Hurricane|p2b: Primarina
|-damage|p2b: Primarina|53/100
|move|p2b: Primarina|Hyper Voice|p1a: Pelipper|[spread] p1a,p1b
|-resisted|p1a: Pelipper
|-resisted|p1b: Dragonite
|-damage|p1a: Pelipper|59/100
|-damage|p1b: Dragonite|86/100
|-enditem|p2b: Primarina|Throat Spray
|-boost|p2b: Primarina|spa|1|[from] item: Throat Spray
|
|-weather|RainDance|[upkeep]
|upkeep
|turn|2
|inactive|MrPhoenixGC has 30 seconds left.
|inactive|NuclearNutz321 has 30 seconds left.
|
|t:|1756914318
|switch|p1a: Archaludon|Archaludon, L50, F|100/100
|move|p1b: Dragonite|Scale Shot|p1a: Archaludon|[miss]
|-miss|p1b: Dragonite|p1a: Archaludon
|move|p2a: Roaring Knight|Brave Bird|p1b: Dragonite
|-damage|p1b: Dragonite|44/100
|-damage|p2a: Roaring Knight|89/100|[from] Recoil
|move|p2b: Primarina|Moonblast|p1a: Archaludon
|-damage|p1a: Archaludon|45/100
|-ability|p1a: Archaludon|Stamina|boost
|-boost|p1a: Archaludon|def|1
|
|-weather|RainDance|[upkeep]
|upkeep
|turn|3
|inactive|MrPhoenixGC has 30 seconds left.
|inactive|NuclearNutz321 has 30 seconds left.
|inactive|NuclearNutz321 has 20 seconds left.
|
|t:|1756914355
|-terastallize|p1a: Archaludon|Bug
|move|p2b: Primarina|Protect|p2b: Primarina
|-singleturn|p2b: Primarina|Protect
|move|p1b: Dragonite|Scale Shot|p2a: Roaring Knight|[miss]
|-miss|p1b: Dragonite|p2a: Roaring Knight
|move|p1a: Archaludon|Electro Shot||[still]
|-prepare|p1a: Archaludon|Electro Shot
|-boost|p1a: Archaludon|spa|1
|-anim|p1a: Archaludon|Electro Shot|p2a: Roaring Knight
|-supereffective|p2a: Roaring Knight
|-damage|p2a: Roaring Knight|0 fnt
|faint|p2a: Roaring Knight
|
|-weather|RainDance|[upkeep]
|upkeep
|
|t:|1756914360
|switch|p2a: Susie|Hydreigon, L50, M|100/100
|turn|4
|inactive|MrPhoenixGC has 30 seconds left.
|inactive|MrPhoenixGC has 20 seconds left.
|inactive|MrPhoenixGC has 15 seconds left.
|inactive|MrPhoenixGC has 10 seconds left.
|
|t:|1756914409
|move|p2a: Susie|Protect|p2a: Susie
|-singleturn|p2a: Susie|Protect
|move|p1b: Dragonite|Scale Shot|p2a: Susie
|-activate|p2a: Susie|move: Protect
|move|p1a: Archaludon|Body Press|p2a: Susie
|-activate|p2a: Susie|move: Protect
|move|p2b: Primarina|Hyper Voice|p1a: Archaludon|[spread] p1a,p1b
|-resisted|p1b: Dragonite
|-damage|p1a: Archaludon|0 fnt
|-damage|p1b: Dragonite|2/100
|faint|p1a: Archaludon
|
|-weather|RainDance|[upkeep]
|-sideend|p1: MrPhoenixGC|move: Tailwind
|upkeep
|
|t:|1756914421
|switch|p1a: Sinistcha|Sinistcha, L50|100/100
|-heal|p1b: Dragonite|26/100|[from] ability: Hospitality|[of] p1a: Sinistcha
|turn|5
|
|t:|1756914435
|-terastallize|p2b: Primarina|Poison
|move|p2a: Susie|Tailwind|p2a: Susie
|-sidestart|p2: NuclearNutz321|move: Tailwind
|move|p2b: Primarina|Hyper Voice|p1b: Dragonite|[spread] p1a,p1b
|-resisted|p1a: Sinistcha
|-resisted|p1b: Dragonite
|-damage|p1a: Sinistcha|66/100
|-damage|p1b: Dragonite|0 fnt
|faint|p1b: Dragonite
|move|p1a: Sinistcha|Matcha Gotcha|p2b: Primarina|[spread] p2a,p2b
|-resisted|p2a: Susie
|-resisted|p2b: Primarina
|-damage|p2a: Susie|88/100
|-heal|p1a: Sinistcha|72/100|[from] drain|[of] p2a: Susie
|-damage|p2b: Primarina|43/100
|-heal|p1a: Sinistcha|77/100|[from] drain|[of] p2b: Primarina
|
|-weather|none
|upkeep
|
|t:|1756914451
|switch|p1b: Pelipper|Pelipper, L50, M|59/100
|-weather|RainDance|[from] ability: Drizzle|[of] p1b: Pelipper
|turn|6
|
|t:|1756914459
|move|p1b: Pelipper|Protect|p1b: Pelipper
|-singleturn|p1b: Pelipper|Protect
|move|p2a: Susie|Dark Pulse|p1a: Sinistcha
|-supereffective|p1a: Sinistcha
|-damage|p1a: Sinistcha|9/100
|-enditem|p1a: Sinistcha|Sitrus Berry|[eat]
|-heal|p1a: Sinistcha|34/100|[from] item: Sitrus Berry
|move|p2b: Primarina|Hyper Voice|p1a: Sinistcha|[spread] p1a
|-activate|p1b: Pelipper|move: Protect
|-resisted|p1a: Sinistcha
|-damage|p1a: Sinistcha|0 fnt
|faint|p1a: Sinistcha
|
|-weather|RainDance|[upkeep]
|upkeep
|turn|7
|
|t:|1756914477
|move|p2a: Susie|Dark Pulse|p1b: Pelipper
|-damage|p1b: Pelipper|0 fnt
|faint|p1b: Pelipper
|
|win|NuclearNutz321
|raw|MrPhoenixGC's rating: 1156 → 1135(-21 for losing)
|raw|NuclearNutz321's rating: 1219 → 1240(+21 for winning)
