|j|☆Th3G0of
|j|☆mikelpoyarzabal
|html|Th3G0ofmikelpoyarzabal    
|uhtml|bestof|Game 1 of a best-of-3
|t:|1783353543
|gametype|doubles
|player|p1|Th3G0of|266|1077
|player|p2|mikelpoyarzabal|arven-s|1165
|gen|9
|tier|[Gen 9 Champions] VGC 2026 Reg M-B (Bo3)
|rated|
|rule|Species Clause: Limit one of each Pokémon
|rule|Item Clause: Limit 1 of each item
|clearpoke
|poke|p1|Froslass, L50, F|
|poke|p1|Kingambit, L50, F|
|poke|p1|Primarina, L50, F|
|poke|p1|Maushold, L50|
|poke|p1|Delphox, L50, F|
|poke|p1|Weavile, L50, M|
|poke|p2|Incineroar, L50, F|
|poke|p2|Sinistcha, L50|
|poke|p2|Sneasler, L50, M|
|poke|p2|Blastoise, L50, F|
|poke|p2|Delphox, L50, F|
|poke|p2|Kingambit, L50, F|
|teampreview|4
|showteam|p1|Froslass||Froslassite|CursedBody|Blizzard,Protect,ShadowBall,Thunderbolt|Timid||F|||50|]Kingambit||ChopleBerry|Defiant|LowKick,SuckerPunch,IronHead,KowtowCleave|Adamant||F|||50|]Primarina||FairyFeather|LiquidVoice|Protect,HyperVoice,Moonblast,IcyWind|Modest||F|||50|]Maushold||Leftovers|FriendGuard|FollowMe,Protect,Taunt,Feint|Jolly|||||50|]Delphox||Delphoxite|Blaze|Protect,HeatWave,Psychic,NastyPlot|Timid||F|||50|]Weavile||FocusSash|Pressure|FakeOut,KnockOff,LowKick,TripleAxel|Jolly||M|||50|
|showteam|p2|Incineroar||SitrusBerry|Intimidate|FakeOut,FlareBlitz,DarkestLariat,PartingShot|Impish||F|||50|]Sinistcha||OccaBerry|Hospitality|MatchaGotcha,TrickRoom,RagePowder,Protect|Bold|||||50|]Sneasler||FocusSash|PoisonTouch|FakeOut,CloseCombat,PoisonJab,RockTomb|Jolly||M|||50|]Blastoise||Blastoisinite|Torrent|WaterSpout,DarkPulse,ShellSmash,Protect|Modest||F|||50|]Delphox||Delphoxite|Blaze|HeatWave,Psychic,NastyPlot,Protect|Timid||F|||50|]Kingambit||LifeOrb|Defiant|SwordsDance,Protect,KowtowCleave,SuckerPunch|Adamant||F|||50|
|inactive|Battle timer is ON: inactive players will automatically lose when time's up. (requested by mikelpoyarzabal)
|inactive|Th3G0of has 60 seconds left.
|inactive|mikelpoyarzabal has 60 seconds left.
|
|t:|1783353582
|teamsize|p1|4
|teamsize|p2|4
|start
|switch|p1a: Froslass|Froslass, L50, F|100/100
|switch|p1b: Maushold|Maushold, L50|100/100
|switch|p2a: Delphox|Delphox, L50, F|100/100
|switch|p2b: Sneasler|Sneasler, L50, M|100/100
|turn|1
|inactive|Th3G0of has 30 seconds left.
|
|t:|1783353611
|detailschange|p1a: Froslass|Froslass-Mega, L50, F
|-mega|p1a: Froslass|Froslass|Froslassite
|-weather|Snowscape|[from] ability: Snow Warning|[of] p1a: Froslass
|detailschange|p2a: Delphox|Delphox-Mega, L50, F
|-mega|p2a: Delphox|Delphox|Delphoxite
|move|p2b: Sneasler|Fake Out|p1b: Maushold
|-damage|p1b: Maushold|86/100
|-status|p1b: Maushold|psn|[from] ability: Poison Touch|[of] p2b: Sneasler
|cant|p1b: Maushold|flinch
|move|p2a: Delphox|Nasty Plot|p2a: Delphox
|-boost|p2a: Delphox|spa|2
|move|p1a: Froslass|Blizzard|p2a: Delphox|[spread] p2a,p2b
|-resisted|p2a: Delphox|1
|-damage|p2a: Delphox|81/100
|-damage|p2b: Sneasler|40/100
|-status|p2b: Sneasler|frz
|
|-weather|Snowscape|[upkeep]
|-heal|p1b: Maushold|92/100 psn|[from] item: Leftovers
|-damage|p1b: Maushold|80/100 psn|[from] psn
|upkeep
|turn|2
|inactive|Th3G0of has 30 seconds left.
|inactive|Th3G0of has 20 seconds left.
|
|t:|1783353647
|move|p1b: Maushold|Follow Me|p1b: Maushold
|-singleturn|p1b: Maushold|move: Follow Me
|move|p2a: Delphox|Heat Wave|p1b: Maushold|[spread] p1a,p1b
|-supereffective|p1a: Froslass|1
|-damage|p1a: Froslass|0 fnt
|-damage|p1b: Maushold|0 fnt
|faint|p1a: Froslass
|faint|p1b: Maushold
|cant|p2b: Sneasler|frz
|
|-weather|Snowscape|[upkeep]
|upkeep
|
|t:|1783353658
|switch|p1a: Kingambit|Kingambit, L50, F|100/100
|switch|p1b: Primarina|Primarina, L50, F|100/100
|turn|3
|
|t:|1783353665
|move|p2a: Delphox|Protect|p2a: Delphox
|-singleturn|p2a: Delphox|Protect
|move|p1a: Kingambit|Sucker Punch||[still]
|-fail|p1a: Kingambit
|cant|p2b: Sneasler|frz
|move|p1b: Primarina|Hyper Voice|p2a: Delphox|[spread] p2b
|-activate|p2a: Delphox|move: Protect
|-damage|p2b: Sneasler|0 fnt
|faint|p2b: Sneasler
|
|-weather|Snowscape|[upkeep]
|upkeep
|
|t:|1783353671
|switch|p2b: Sinistcha|Sinistcha, L50|100/100
|-heal|p2a: Delphox|100/100|[from] ability: Hospitality|[of] p2b: Sinistcha
|turn|4
|
|t:|1783353693
|move|p2b: Sinistcha|Rage Powder|p2b: Sinistcha
|-singleturn|p2b: Sinistcha|move: Rage Powder
|move|p1a: Kingambit|Sucker Punch||[still]
|-fail|p1a: Kingambit
|move|p2a: Delphox|Heat Wave|p1a: Kingambit|[spread] p1a,p1b
|-supereffective|p1a: Kingambit|1
|-resisted|p1b: Primarina|1
|-damage|p1a: Kingambit|0 fnt
|-damage|p1b: Primarina|66/100
|faint|p1a: Kingambit
|move|p1b: Primarina|Icy Wind|p2b: Sinistcha|[spread] p2a,p2b
|-resisted|p2a: Delphox|1
|-supereffective|p2b: Sinistcha|1
|-damage|p2a: Delphox|92/100
|-damage|p2b: Sinistcha|69/100
|-unboost|p2a: Delphox|spe|1
|-unboost|p2b: Sinistcha|spe|1
|
|-weather|Snowscape|[upkeep]
|upkeep
|turn|5
|
|t:|1783353712
|move|p2a: Delphox|Psychic|p1b: Primarina
|-damage|p1b: Primarina|0 fnt
|faint|p1b: Primarina
|
|win|mikelpoyarzabal
