|j|☆bestboi8989
|j|☆MrMaro
|html|bestboi8989MrMaro    
|uhtml|bestof|Game 3 of a best-of-3
|t:|1757923926
|gametype|doubles
|player|p1|bestboi8989|169|1084
|player|p2|MrMaro|102|1171
|gen|9
|tier|[Gen 9] VGC 2025 Reg H (Bo3)
|rated|
|rule|Species Clause: Limit one of each Pokémon
|rule|Item Clause: Limit 1 of each item
|clearpoke
|poke|p1|Indeedee, L50, M|
|poke|p1|Sneasler, L50, F|
|poke|p1|Excadrill, L50, M|
|poke|p1|Magmar, L50, M|
|poke|p1|Corviknight, L50, M|
|poke|p1|Tyranitar, L50, M|
|poke|p2|Ninetales-Alola, L50, M|
|poke|p2|Ursaluna-Bloodmoon, L50, M|
|poke|p2|Sneasler, L50, F|
|poke|p2|Indeedee, L50, M|
|poke|p2|Dragonite, L50, F|
|poke|p2|Archaludon, L50, F|
|teampreview|4
|showteam|p1|Indeedee||ChoiceScarf|PsychicSurge|ExpandingForce,TeraBlast,Trick,Protect|||M|||50|,,,,,Psychic]Sneasler||WhiteHerb|Unburden|FakeOut,CloseCombat,DireClaw,Coaching|||F|||50|,,,,,Flying]Excadrill||FocusSash|SandRush|Earthquake,IronHead,SwordsDance,Protect|||M|||50|,,,,,Ground]Magmar||Eviolite|VitalSpirit|HeatWave,FollowMe,HelpingHand,Protect|||M|||50|,,,,,Flying]Corviknight||PsychicSeed|MirrorArmor|BraveBird,PowerTrip,BulkUp,Roost|||M|||50|,,,,,Water]Tyranitar||AssaultVest|SandStream|RockSlide,KnockOff,LowKick,TeraBlast|||M|||50|,,,,,Flying
|showteam|p2|Ninetales-Alola||LightClay|SnowWarning|AuroraVeil,Blizzard,Encore,Disable|||M|||50|,,,,,Fire]Ursaluna-Bloodmoon||AssaultVest|MindsEye|HyperVoice,BloodMoon,EarthPower,Snarl|||M|||50|,,,,,Electric]Sneasler||PsychicSeed|Unburden|DireClaw,CloseCombat,ThroatChop,Protect|||F|||50|,,,,,Dark]Indeedee||ChoiceScarf|PsychicSurge|ExpandingForce,Imprison,Trick,TrickRoom|||M|||50|,,,,,Fairy]Dragonite||Leftovers|Multiscale|DragonDance,IceSpinner,ExtremeSpeed,Protect|||F|||50|,,,,,Normal]Archaludon||PowerHerb|Stalwart|ElectroShot,Thunderbolt,DragonPulse,Protect|||F|||50|,,,,,Electric
|
|t:|1757923979
|teamsize|p1|4
|teamsize|p2|4
|start
|switch|p1a: Corviknight|Corviknight, L50, M|100/100
|switch|p1b: Indeedee|Indeedee, L50, M|100/100
|switch|p2a: Ursaluna|Ursaluna-Bloodmoon, L50, M|100/100
|switch|p2b: Indeedee|Indeedee, L50, M|100/100
|-fieldstart|move: Psychic Terrain|[from] ability: Psychic Surge|[of] p1b: Indeedee
|-enditem|p1a: Corviknight|Psychic Seed
|-boost|p1a: Corviknight|spd|1|[from] item: Psychic Seed
|turn|1
|
|t:|1757924011
|move|p1b: Indeedee|Trick|p2a: Ursaluna
|-activate|p1b: Indeedee|move: Trick|[of] p2a: Ursaluna
|-item|p2a: Ursaluna|Choice Scarf|[from] move: Trick
|-item|p1b: Indeedee|Assault Vest|[from] move: Trick
|move|p2b: Indeedee|Expanding Force|p1b: Indeedee|[spread] p1a,p1b
|-resisted|p1a: Corviknight
|-resisted|p1b: Indeedee
|-damage|p1a: Corviknight|82/100
|-damage|p1b: Indeedee|75/100
|move|p2a: Ursaluna|Snarl|p1a: Corviknight|[spread] p1a,p1b
|-supereffective|p1b: Indeedee
|-damage|p1a: Corviknight|73/100
|-damage|p1b: Indeedee|51/100
|-ability|p1a: Corviknight|Mirror Armor
|-unboost|p2a: Ursaluna|spa|1
|-unboost|p1b: Indeedee|spa|1
|move|p1a: Corviknight|Brave Bird|p2b: Indeedee
|-damage|p2b: Indeedee|3/100
|-damage|p1a: Corviknight|50/100|[from] Recoil
|
|upkeep
|turn|2
|
|t:|1757924046
|switch|p2a: Sneasler|Sneasler, L50, F|100/100
|-enditem|p2a: Sneasler|Psychic Seed
|-boost|p2a: Sneasler|spd|1|[from] item: Psychic Seed
|switch|p1b: Tyranitar|Tyranitar, L50, M|100/100
|-weather|Sandstorm|[from] ability: Sand Stream|[of] p1b: Tyranitar
|move|p2b: Indeedee|Expanding Force|p1b: Tyranitar|[spread] p1a
|-immune|p1b: Tyranitar
|-resisted|p1a: Corviknight
|-damage|p1a: Corviknight|31/100
|move|p1a: Corviknight|Roost|p1a: Corviknight
|-heal|p1a: Corviknight|81/100
|-singleturn|p1a: Corviknight|move: Roost
|
|-weather|Sandstorm|[upkeep]
|-damage|p2a: Sneasler|94/100|[from] Sandstorm
|-damage|p2b: Indeedee|0 fnt|[from] Sandstorm
|faint|p2b: Indeedee
|upkeep
|
|t:|1757924067
|switch|p2b: Ninetales|Ninetales-Alola, L50, M|100/100
|-weather|Snowscape|[from] ability: Snow Warning|[of] p2b: Ninetales
|turn|3
|
|t:|1757924113
|-terastallize|p1b: Tyranitar|Flying
|move|p2a: Sneasler|Protect|p2a: Sneasler
|-singleturn|p2a: Sneasler|Protect
|move|p2b: Ninetales|Encore|p1a: Corviknight
|-start|p1a: Corviknight|Encore
|move|p1a: Corviknight|Roost|p1a: Corviknight
|-heal|p1a: Corviknight|100/100
|-singleturn|p1a: Corviknight|move: Roost
|move|p1b: Tyranitar|Tera Blast|p2a: Sneasler|[anim] Tera Blast Flying
|-activate|p2a: Sneasler|move: Protect
|
|-weather|Snowscape|[upkeep]
|upkeep
|turn|4
|
|t:|1757924148
|-terastallize|p2a: Sneasler|Dark
|move|p2a: Sneasler|Dire Claw|p1b: Tyranitar
|-damage|p1b: Tyranitar|62/100
|-status|p1b: Tyranitar|slp
|move|p2b: Ninetales|Blizzard|p1b: Tyranitar|[spread] p1a,p1b
|-supereffective|p1b: Tyranitar
|-damage|p1a: Corviknight|85/100
|-damage|p1b: Tyranitar|35/100 slp
|move|p1a: Corviknight|Roost|p1a: Corviknight
|-heal|p1a: Corviknight|100/100
|-singleturn|p1a: Corviknight|move: Roost
|cant|p1b: Tyranitar|slp
|
|-weather|Snowscape|[upkeep]
|upkeep
|turn|5
|
|t:|1757924176
|switch|p1b: Indeedee|Indeedee, L50, M|51/100
|move|p2a: Sneasler|Throat Chop|p1a: Corviknight
|-damage|p1a: Corviknight|61/100
|-start|p1a: Corviknight|Throat Chop|[silent]
|move|p2b: Ninetales|Disable|p1a: Corviknight
|-start|p1a: Corviknight|Disable|Roost
|cant|p1a: Corviknight|Disable|Roost
|
|-weather|Snowscape|[upkeep]
|-end|p1a: Corviknight|Encore
|-fieldend|move: Psychic Terrain
|upkeep
|turn|6
|
|t:|1757924213
|switch|p1a: Tyranitar|Tyranitar, L50, M, tera:Flying|35/100 slp
|-weather|Sandstorm|[from] ability: Sand Stream|[of] p1a: Tyranitar
|move|p2a: Sneasler|Throat Chop|p1b: Indeedee
|-supereffective|p1b: Indeedee
|-damage|p1b: Indeedee|0 fnt
|faint|p1b: Indeedee
|move|p2b: Ninetales|Encore||[still]
|-fail|p2b: Ninetales
|
|-weather|Sandstorm|[upkeep]
|-damage|p2a: Sneasler|88/100|[from] Sandstorm
|-damage|p2b: Ninetales|94/100|[from] Sandstorm
|-damage|p1a: Tyranitar|29/100 slp|[from] Sandstorm
|upkeep
|
|t:|1757924224
|switch|p1b: Excadrill|Excadrill, L50, M|100/100
|turn|7
|
|t:|1757924239
|switch|p2b: Ursaluna|Ursaluna-Bloodmoon, L50, M|100/100
|move|p2a: Sneasler|Protect|p2a: Sneasler
|-singleturn|p2a: Sneasler|Protect
|move|p1b: Excadrill|Earthquake|p2b: Ursaluna|[spread] p2b
|-activate|p2a: Sneasler|move: Protect
|-immune|p1a: Tyranitar
|-damage|p2b: Ursaluna|66/100
|cant|p1a: Tyranitar|slp
|
|-weather|Sandstorm|[upkeep]
|-damage|p2a: Sneasler|82/100|[from] Sandstorm
|-damage|p1a: Tyranitar|23/100 slp|[from] Sandstorm
|upkeep
|turn|8
|
|t:|1757924265
|switch|p2b: Ninetales|Ninetales-Alola, L50, M|94/100
|-weather|Snowscape|[from] ability: Snow Warning|[of] p2b: Ninetales
|switch|p1a: Corviknight|Corviknight, L50, M|61/100
|move|p1b: Excadrill|Protect|p1b: Excadrill
|-singleturn|p1b: Excadrill|Protect
|move|p2a: Sneasler|Close Combat|p1b: Excadrill
|-activate|p1b: Excadrill|move: Protect
|
|-weather|Snowscape|[upkeep]
|upkeep
|turn|9
|
|t:|1757924298
|switch|p1b: Tyranitar|Tyranitar, L50, M, tera:Flying|23/100 slp
|-weather|Sandstorm|[from] ability: Sand Stream|[of] p1b: Tyranitar
|move|p2a: Sneasler|Close Combat|p1b: Tyranitar
|-resisted|p1b: Tyranitar
|-damage|p1b: Tyranitar|0 fnt
|-unboost|p2a: Sneasler|def|1
|-unboost|p2a: Sneasler|spd|1
|faint|p1b: Tyranitar
|move|p2b: Ninetales|Blizzard|p1a: Corviknight
|-damage|p1a: Corviknight|31/100
|move|p1a: Corviknight|Brave Bird|p2a: Sneasler
|-damage|p2a: Sneasler|0 fnt
|faint|p2a: Sneasler
|-damage|p1a: Corviknight|9/100|[from] Recoil
|
|-weather|Sandstorm|[upkeep]
|-damage|p2b: Ninetales|88/100|[from] Sandstorm
|upkeep
|
|t:|1757924318
|switch|p2a: Ursaluna|Ursaluna-Bloodmoon, L50, M|66/100
|switch|p1b: Excadrill|Excadrill, L50, M|100/100
|turn|10
|
|t:|1757924330
|move|p1b: Excadrill|Earthquake|p2a: Ursaluna|[spread] p2a,p2b
|-immune|p1a: Corviknight
|-damage|p2a: Ursaluna|34/100
|-damage|p2b: Ninetales|35/100
|move|p2b: Ninetales|Blizzard|p1b: Excadrill|[spread] p1b
|-miss|p2b: Ninetales|p1a: Corviknight
|-damage|p1b: Excadrill|66/100
|move|p2a: Ursaluna|Hyper Voice|p1b: Excadrill|[spread] p1a,p1b
|-resisted|p1a: Corviknight
|-crit|p1a: Corviknight
|-resisted|p1b: Excadrill
|-damage|p1a: Corviknight|0 fnt
|-damage|p1b: Excadrill|45/100
|faint|p1a: Corviknight
|
|-weather|Sandstorm|[upkeep]
|-damage|p2b: Ninetales|29/100|[from] Sandstorm
|upkeep
|turn|11
|
|t:|1757924353
|move|p1b: Excadrill|Iron Head|p2a: Ursaluna
|-damage|p2a: Ursaluna|3/100
|move|p2b: Ninetales|Blizzard|p1b: Excadrill|[miss]
|-miss|p2b: Ninetales|p1b: Excadrill
|move|p2a: Ursaluna|Hyper Voice|p1b: Excadrill
|-resisted|p1b: Excadrill
|-crit|p1b: Excadrill
|-damage|p1b: Excadrill|0 fnt
|faint|p1b: Excadrill
|
|win|MrMaro
|raw|bestboi8989's rating: 1084 → 1067(-17 for losing)
|raw|MrMaro's rating: 1171 → 1190(+19 for winning)
|l|☆MrMaro
|player|p2|
