|j|☆alexander1111
|j|☆TheMMalt
|html|alexander1111TheMMalt    
|uhtml|bestof|Game 2 of a best-of-3
|t:|1783818518
|gametype|doubles
|player|p1|alexander1111|preschooler|1151
|player|p2|TheMMalt|doctor|1236
|gen|9
|tier|[Gen 9 Champions] VGC 2026 Reg M-B (Bo3)
|rated|
|rule|Species Clause: Limit one of each Pokémon
|rule|Item Clause: Limit 1 of each item
|clearpoke
|poke|p1|Milotic, L50, F|
|poke|p1|Maushold-Four, L50|
|poke|p1|Charizard, L50, M, shiny|
|poke|p1|Whimsicott, L50, M, shiny|
|poke|p1|Kingambit, L50, M|
|poke|p1|Garchomp, L50, F|
|poke|p2|Pyroar, L50, M|
|poke|p2|Torkoal, L50, M|
|poke|p2|Farigiraf, L50, M|
|poke|p2|Scrafty, L50, M|
|poke|p2|Sneasler, L50, F, shiny|
|poke|p2|Kingambit, L50, F|
|teampreview|4
|showteam|p1|Milotic||SitrusBerry|Competitive|Scald,IceBeam,HelpingHand,Protect|Modest||F|||50|]Maushold-Four||WideLens|Technician|PopulationBomb,FollowMe,Protect,SunnyDay|Jolly|||||50|]Charizard||CharizarditeY|Blaze|SolarBeam,HeatWave,WeatherBall,Protect|Timid||M|||50|]Whimsicott||FocusSash|Prankster|Tailwind,Moonblast,Protect,Encore|Timid||M|||50|]Kingambit||ChopleBerry|Defiant|KowtowCleave,SuckerPunch,IronHead,LowKick|Adamant||M|||50|]Garchomp||LifeOrb|RoughSkin|RockSlide,Earthquake,DragonClaw,Protect|Jolly||F|||50|
|showteam|p2|Pyroar||Pyroarite|Unnerve|HeatWave,Overheat,Flamethrower,Protect|Timid||M|||50|]Torkoal||Leftovers|Drought|HeatWave,Yawn,HelpingHand,Protect|Bold||M|||50|]Farigiraf||SitrusBerry|ArmorTail|Protect,Thunderbolt,TrickRoom,Psychic|Relaxed||M|||50|]Scrafty||Scraftinite|Intimidate|FakeOut,IcePunch,DrainPunch,KnockOff|Adamant||M|||50|]Sneasler||LifeOrb|PoisonTouch|PoisonJab,RockSlide,CloseCombat,Protect|Adamant||F|||50|]Kingambit||FocusSash|Defiant|Protect,SuckerPunch,LowKick,KowtowCleave|Adamant||F|||50|
|c|☆alexander1111|unlucky back there im sorry
|
|t:|1783818562
|teamsize|p1|4
|teamsize|p2|4
|start
|switch|p1a: Garchomp|Garchomp, L50, F|100/100
|switch|p1b: Milotic|Milotic, L50, F|100/100
|switch|p2a: Farigiraf|Farigiraf, L50, M|100/100
|switch|p2b: Scrafty|Scrafty, L50, M|100/100
|-ability|p2b: Scrafty|Intimidate|boost
|-unboost|p1a: Garchomp|atk|1
|-unboost|p1b: Milotic|atk|1
|-ability|p1b: Milotic|Competitive|boost
|-boost|p1b: Milotic|spa|2
|turn|1
|
|t:|1783818580
|switch|p1a: Whimsicott|Whimsicott, L50, M, shiny|100/100
|detailschange|p2b: Scrafty|Scrafty-Mega, L50, M
|-mega|p2b: Scrafty|Scrafty|Scraftinite
|-ability|p2b: Scrafty|Intimidate|boost
|-unboost|p1a: Whimsicott|atk|1
|-unboost|p1b: Milotic|atk|1
|-ability|p1b: Milotic|Competitive|boost
|-boost|p1b: Milotic|spa|2
|move|p2b: Scrafty|Fake Out|p1b: Milotic
|-damage|p1b: Milotic|85/100
|cant|p1b: Milotic|flinch
|move|p2a: Farigiraf|Trick Room|p2a: Farigiraf
|-fieldstart|move: Trick Room|[of] p2a: Farigiraf
|
|upkeep
|turn|2
|
|t:|1783818624
|move|p1a: Whimsicott|Protect|p1a: Whimsicott
|-singleturn|p1a: Whimsicott|Protect
|move|p1b: Milotic|Protect|p1b: Milotic
|-singleturn|p1b: Milotic|Protect
|move|p2a: Farigiraf|Psychic|p1a: Whimsicott
|-activate|p1a: Whimsicott|move: Protect
|move|p2b: Scrafty|Ice Punch|p1a: Whimsicott
|-activate|p1a: Whimsicott|move: Protect
|
|upkeep
|turn|3
|
|t:|1783818648
|move|p2a: Farigiraf|Thunderbolt|p1b: Milotic
|-supereffective|p1b: Milotic|1
|-crit|p1b: Milotic
|-damage|p1b: Milotic|33/100
|-enditem|p1b: Milotic|Sitrus Berry|[eat]
|-heal|p1b: Milotic|58/100|[from] item: Sitrus Berry
|move|p2b: Scrafty|Knock Off|p1b: Milotic
|-damage|p1b: Milotic|20/100y
|move|p1b: Milotic|Scald|p2b: Scrafty
|-damage|p2b: Scrafty|17/100
|-status|p2b: Scrafty|brn
|move|p1a: Whimsicott|Moonblast|p2b: Scrafty
|-supereffective|p2b: Scrafty|2
|-damage|p2b: Scrafty|0 fnt
|faint|p2b: Scrafty
|
|upkeep
|
|t:|1783818655
|switch|p2b: Torkoal|Torkoal, L50, M|100/100
|-weather|SunnyDay|[from] ability: Drought|[of] p2b: Torkoal
|turn|4
|
|t:|1783818673
|move|p1a: Whimsicott|Protect|p1a: Whimsicott
|-singleturn|p1a: Whimsicott|Protect
|move|p1b: Milotic|Protect|p1b: Milotic
|-singleturn|p1b: Milotic|Protect
|move|p2b: Torkoal|Heat Wave|p1b: Milotic|[spread] 
|-activate|p1a: Whimsicott|move: Protect
|-activate|p1b: Milotic|move: Protect
|move|p2a: Farigiraf|Psychic|p1b: Milotic
|-activate|p1b: Milotic|move: Protect
|
|-weather|SunnyDay|[upkeep]
|upkeep
|turn|5
|
|t:|1783818689
|move|p1b: Milotic|Protect||[still]
|-fail|p1b: Milotic
|move|p1a: Whimsicott|Tailwind|p1a: Whimsicott
|-sidestart|p1: alexander1111|move: Tailwind
|move|p2b: Torkoal|Heat Wave|p1b: Milotic|[spread] p1a,p1b
|-supereffective|p1a: Whimsicott|1
|-resisted|p1b: Milotic|1
|-enditem|p1a: Whimsicott|Focus Sash
|-damage|p1a: Whimsicott|1/100
|-damage|p1b: Milotic|8/100
|move|p2a: Farigiraf|Psychic|p1a: Whimsicott
|-damage|p1a: Whimsicott|0 fnt
|faint|p1a: Whimsicott
|
|-weather|SunnyDay|[upkeep]
|-fieldend|move: Trick Room
|upkeep
|
|t:|1783818699
|switch|p1a: Charizard|Charizard, L50, M, shiny|100/100
|turn|6
|
|t:|1783818728
|detailschange|p1a: Charizard|Charizard-Mega-Y, L50, M, shiny
|-mega|p1a: Charizard|Charizard|Charizardite Y
|move|p1b: Milotic|Helping Hand|p1a: Charizard
|-singleturn|p1a: Charizard|Helping Hand|[of] p1b: Milotic
|move|p1a: Charizard|Weather Ball|p2a: Farigiraf
|-damage|p2a: Farigiraf|0 fnt
|faint|p2a: Farigiraf
|move|p2b: Torkoal|Heat Wave|p1a: Charizard|[spread] p1a
|-miss|p2b: Torkoal|p1b: Milotic
|-resisted|p1a: Charizard|1
|-crit|p1a: Charizard
|-damage|p1a: Charizard|75/100
|
|-weather|SunnyDay|[upkeep]
|upkeep
|
|t:|1783818733
|switch|p2a: Pyroar|Pyroar, L50, M|100/100
|-ability|p2a: Pyroar|Unnerve
|turn|7
|
|t:|1783818756
|move|p1a: Charizard|Weather Ball|p2b: Torkoal
|-resisted|p2b: Torkoal|1
|-damage|p2b: Torkoal|41/100
|move|p1b: Milotic|Scald|p2a: Pyroar
|-supereffective|p2a: Pyroar|1
|-damage|p2a: Pyroar|0 fnt
|faint|p2a: Pyroar
|move|p2b: Torkoal|Yawn|p1a: Charizard
|-start|p1a: Charizard|move: Yawn|[of] p2b: Torkoal
|
|-weather|SunnyDay|[upkeep]
|-heal|p2b: Torkoal|48/100|[from] item: Leftovers
|upkeep
|turn|8
|-message|TheMMalt forfeited.
|
|win|alexander1111
|raw|alexander1111's rating: 1151 → 1182(+31 for winning)
|raw|TheMMalt's rating: 1236 → 1205(-31 for losing)
|l|☆TheMMalt
|player|p2|
