|j|☆tk_feenix
|j|☆JoeGurt_Gaming
|html|tk_feenixJoeGurt_Gaming    
|uhtml|bestof|Game 2 of a best-of-3
|t:|1756968668
|gametype|doubles
|player|p1|tk_feenix|266|1078
|player|p2|JoeGurt_Gaming|1|1040
|gen|9
|tier|[Gen 9] VGC 2025 Reg H (Bo3)
|rated|
|rule|Species Clause: Limit one of each Pokémon
|rule|Item Clause: Limit 1 of each item
|clearpoke
|poke|p1|Archaludon, L50, M|
|poke|p1|Gholdengo, L50|
|poke|p1|Pelipper, L50, M|
|poke|p1|Ursaluna, L50, F|
|poke|p1|Sinistcha, L50|
|poke|p1|Dragonite, L50, F|
|poke|p2|Eiscue, L50, M|
|poke|p2|Ursaluna, L50, M|
|poke|p2|Talonflame, L50, F|
|poke|p2|Rillaboom, L50, M|
|poke|p2|Sneasler, L50, F|
|poke|p2|Gastrodon, L50, F|
|teampreview|4
|showteam|p1|Archaludon||AssaultVest|Stamina|FlashCannon,ElectroShot,BodyPress,Snarl|||M|||50|,,,,,Fighting]Gholdengo||ChoiceScarf|GoodasGold|MakeItRain,ShadowBall,ThunderWave,Trick||||||50|,,,,,Flying]Pelipper||SafetyGoggles|Drizzle|WeatherBall,Hurricane,Tailwind,Protect|||M|||50|,,,,,Steel]Ursaluna||FlameOrb|Guts|Facade,HeadlongRush,Earthquake,Protect|||F|||50|,,,,,Dragon]Sinistcha||SitrusBerry|Hospitality|MatchaGotcha,LifeDew,RagePowder,TrickRoom||||||50|,,,,,Fire]Dragonite||LoadedDice|Multiscale|ScaleShot,Tailwind,Haze,Protect|||F|||50|,,,,,Fairy
|showteam|p2|Eiscue||SitrusBerry|IceFace|BellyDrum,Protect,IceSpinner,TeraBlast|||M|||50|,,,,,Electric]Ursaluna||FlameOrb|Guts|Earthquake,Facade,Protect,StompingTantrum|||M|||50|,,,,,Ghost]Talonflame||CovertCloak|GaleWings|UpperHand,Tailwind,BraveBird,Protect|||F|||50|,,,,,Flying]Rillaboom||AssaultVest|GrassySurge|FakeOut,Uturn,GrassyGlide,WoodHammer|||M|||50|,,,,,Fire]Sneasler||FocusSash|PoisonTouch|FakeOut,Coaching,DireClaw,Protect|||F|||50|,,,,,Stellar]Gastrodon||Leftovers|StormDrain|EarthPower,IceBeam,Protect,Yawn|||F|||50|,,,,,Fairy
|inactive|Battle timer is ON: inactive players will automatically lose when time's up. (requested by tk_feenix)
|inactive|JoeGurt_Gaming has 60 seconds left.
|
|t:|1756968706
|teamsize|p1|4
|teamsize|p2|4
|start
|switch|p1a: Gholdengo|Gholdengo, L50|100/100
|switch|p1b: Sinistcha|Sinistcha, L50|100/100
|switch|p2a: Gastrodon|Gastrodon, L50, F|100/100
|switch|p2b: Rillaboom|Rillaboom, L50, M|100/100
|-fieldstart|move: Grassy Terrain|[from] ability: Grassy Surge|[of] p2b: Rillaboom
|turn|1
|
|t:|1756968721
|move|p1a: Gholdengo|Shadow Ball|p2b: Rillaboom
|-damage|p2b: Rillaboom|72/100
|move|p2b: Rillaboom|Wood Hammer|p1a: Gholdengo
|-resisted|p1a: Gholdengo
|-damage|p1a: Gholdengo|60/100
|-damage|p2b: Rillaboom|62/100|[from] Recoil
|move|p1b: Sinistcha|Matcha Gotcha|p2a: Gastrodon|[spread] p2a,p2b
|-supereffective|p2a: Gastrodon
|-resisted|p2b: Rillaboom
|-damage|p2a: Gastrodon|0 fnt
|-damage|p2b: Rillaboom|52/100
|faint|p2a: Gastrodon
|
|-heal|p1a: Gholdengo|66/100|[from] Grassy Terrain
|-heal|p2b: Rillaboom|58/100|[from] Grassy Terrain
|upkeep
|
|t:|1756968735
|switch|p2a: Ursaluna|Ursaluna, L50, M|100/100
|turn|2
|
|t:|1756968750
|switch|p1a: Dragonite|Dragonite, L50, F|100/100
|move|p2a: Ursaluna|Protect|p2a: Ursaluna
|-singleturn|p2a: Ursaluna|Protect
|move|p2b: Rillaboom|Wood Hammer|p1b: Sinistcha
|-resisted|p1b: Sinistcha
|-damage|p1b: Sinistcha|67/100
|-damage|p2b: Rillaboom|49/100|[from] Recoil
|move|p1b: Sinistcha|Matcha Gotcha|p2b: Rillaboom|[spread] p2b
|-activate|p2a: Ursaluna|move: Protect
|-resisted|p2b: Rillaboom
|-damage|p2b: Rillaboom|39/100
|-heal|p1b: Sinistcha|72/100|[from] drain|[of] p2b: Rillaboom
|-status|p2b: Rillaboom|brn
|
|-heal|p2b: Rillaboom|45/100 brn|[from] Grassy Terrain
|-heal|p1b: Sinistcha|78/100|[from] Grassy Terrain
|-damage|p2b: Rillaboom|39/100 brn|[from] brn
|-status|p2a: Ursaluna|brn|[from] item: Flame Orb
|upkeep
|turn|3
|inactive|JoeGurt_Gaming has 30 seconds left.
|
|t:|1756968777
|switch|p2b: Talonflame|Talonflame, L50, F|100/100
|switch|p1b: Gholdengo|Gholdengo, L50|66/100
|move|p1a: Dragonite|Scale Shot|p2a: Ursaluna
|-damage|p2a: Ursaluna|89/100 brn
|-damage|p2a: Ursaluna|78/100 brn
|-damage|p2a: Ursaluna|67/100 brn
|-damage|p2a: Ursaluna|56/100 brn
|-damage|p2a: Ursaluna|44/100 brn
|-hitcount|p2a: Ursaluna|5
|-unboost|p1a: Dragonite|def|1
|-boost|p1a: Dragonite|spe|1
|move|p2a: Ursaluna|Facade|p1a: Dragonite
|-damage|p1a: Dragonite|2/100
|
|-heal|p1b: Gholdengo|72/100|[from] Grassy Terrain
|-heal|p2a: Ursaluna|50/100 brn|[from] Grassy Terrain
|-damage|p2a: Ursaluna|44/100 brn|[from] brn
|upkeep
|turn|4
|inactive|tk_feenix has 30 seconds left.
|inactive|tk_feenix has 20 seconds left.
|inactive|tk_feenix has 15 seconds left.
|
|t:|1756968822
|move|p1a: Dragonite|Protect|p1a: Dragonite
|-singleturn|p1a: Dragonite|Protect
|move|p2a: Ursaluna|Protect|p2a: Ursaluna
|-singleturn|p2a: Ursaluna|Protect
|move|p2b: Talonflame|Tailwind|p2b: Talonflame
|-sidestart|p2: JoeGurt_Gaming|move: Tailwind
|move|p1b: Gholdengo|Make It Rain|p2b: Talonflame|[spread] p2b
|-activate|p2a: Ursaluna|move: Protect
|-resisted|p2b: Talonflame
|-damage|p2b: Talonflame|66/100
|-unboost|p1b: Gholdengo|spa|1
|
|-heal|p1b: Gholdengo|78/100|[from] Grassy Terrain
|-heal|p2a: Ursaluna|50/100 brn|[from] Grassy Terrain
|-damage|p2a: Ursaluna|44/100 brn|[from] brn
|upkeep
|turn|5
|inactive|tk_feenix has 30 seconds left.
|
|t:|1756968852
|switch|p1b: Sinistcha|Sinistcha, L50|78/100
|-heal|p1a: Dragonite|27/100|[from] ability: Hospitality|[of] p1b: Sinistcha
|move|p2b: Talonflame|Brave Bird|p1a: Dragonite
|-damage|p1a: Dragonite|0 fnt
|faint|p1a: Dragonite
|-damage|p2b: Talonflame|58/100|[from] Recoil
|move|p2a: Ursaluna|Stomping Tantrum|p1b: Sinistcha
|-resisted|p1b: Sinistcha
|-damage|p1b: Sinistcha|50/100
|-enditem|p1b: Sinistcha|Sitrus Berry|[eat]
|-heal|p1b: Sinistcha|75/100|[from] item: Sitrus Berry
|
|-heal|p2a: Ursaluna|50/100 brn|[from] Grassy Terrain
|-heal|p1b: Sinistcha|81/100|[from] Grassy Terrain
|-damage|p2a: Ursaluna|44/100 brn|[from] brn
|-fieldend|move: Grassy Terrain
|upkeep
|
|t:|1756968870
|switch|p1a: Gholdengo|Gholdengo, L50|78/100
|turn|6
|
|t:|1756968886
|move|p2b: Talonflame|Brave Bird|p1b: Sinistcha
|-supereffective|p1b: Sinistcha
|-damage|p1b: Sinistcha|13/100
|-damage|p2b: Talonflame|37/100|[from] Recoil
|move|p1a: Gholdengo|Thunder Wave|p2b: Talonflame
|-status|p2b: Talonflame|par
|move|p2a: Ursaluna|Earthquake|p1b: Sinistcha|[spread] p1a,p1b
|-immune|p2b: Talonflame
|-supereffective|p1a: Gholdengo
|-resisted|p1b: Sinistcha
|-damage|p1a: Gholdengo|0 fnt
|-damage|p1b: Sinistcha|0 fnt
|faint|p1a: Gholdengo
|faint|p1b: Sinistcha
|
|-damage|p2a: Ursaluna|38/100 brn|[from] brn
|upkeep
|
|t:|1756968893
|switch|p1a: Ursaluna|Ursaluna, L50, F|100/100
|turn|7
|
|t:|1756968905
|move|p1a: Ursaluna|Protect|p1a: Ursaluna
|-singleturn|p1a: Ursaluna|Protect
|move|p2b: Talonflame|Brave Bird|p1a: Ursaluna
|-activate|p1a: Ursaluna|move: Protect
|move|p2a: Ursaluna|Facade|p1a: Ursaluna
|-activate|p1a: Ursaluna|move: Protect
|
|-damage|p2a: Ursaluna|32/100 brn|[from] brn
|-sideend|p2: JoeGurt_Gaming|move: Tailwind
|-status|p1a: Ursaluna|brn|[from] item: Flame Orb
|upkeep
|turn|8
|
|t:|1756968925
|-terastallize|p2b: Talonflame|Flying
|-terastallize|p1a: Ursaluna|Dragon
|move|p2b: Talonflame|Brave Bird|p1a: Ursaluna
|-damage|p1a: Ursaluna|62/100 brn
|-damage|p2b: Talonflame|22/100 par|[from] Recoil
|move|p2a: Ursaluna|Facade|p1a: Ursaluna
|-damage|p1a: Ursaluna|0 fnt
|faint|p1a: Ursaluna
|
|win|JoeGurt_Gaming
|raw|tk_feenix's rating: 1078 → 1054(-24 for losing)
|raw|JoeGurt_Gaming's rating: 1040 → 1078(+38 for winning)
|l|☆tk_feenix
|player|p1|
|j|☆tk_feenix
|player|p1|tk_feenix|266|
