|j|☆Timothim Chalombre
|j|☆Dorito99
|html|Timothim ChalombreDorito99    
|uhtml|bestof|Game 1 of a best-of-3
|t:|1757910113
|gametype|doubles
|player|p1|Timothim Chalombre|caitlin|1054
|player|p2|Dorito99|riley|1111
|gen|9
|tier|[Gen 9] VGC 2025 Reg H (Bo3)
|rated|
|rule|Species Clause: Limit one of each Pokémon
|rule|Item Clause: Limit 1 of each item
|clearpoke
|poke|p1|Klefki, L50, M|
|poke|p1|Sinistcha, L50|
|poke|p1|Annihilape, L50, F|
|poke|p1|Ursaluna-Bloodmoon, L50, M|
|poke|p1|Maushold-Four, L50|
|poke|p1|Arcanine-Hisui, L50, F|
|poke|p2|Meowstic, L50, M|
|poke|p2|Incineroar, L50, F|
|poke|p2|Basculegion, L50, M|
|poke|p2|Archaludon, L50, M|
|poke|p2|Pelipper, L50, M|
|poke|p2|Beartic, L50, F|
|teampreview|4
|showteam|p1|Klefki||LightClay|Prankster|DazzlingGleam,LightScreen,Reflect,MistyTerrain|||M|||50|,,,,,Water]Sinistcha||SitrusBerry|Hospitality|MatchaGotcha,LifeDew,RagePowder,TrickRoom||||||50|,,,,,Dark]Annihilape||Leftovers|Defiant|DrainPunch,RageFist,BulkUp,Protect|||F|||50|,,,,,Water]Ursaluna-Bloodmoon||AssaultVest|MindsEye|BloodMoon,EarthPower,HyperVoice,VacuumWave|||M|||50|,,,,,Electric]Maushold-Four||FocusSash|FriendGuard|BeatUp,FollowMe,Taunt,Protect||||||50|,,,,,Normal]Arcanine-Hisui||LoadedDice|Intimidate|FlareBlitz,RockBlast,ExtremeSpeed,Protect|||F|||50|,,,,,Water
|showteam|p2|Meowstic||CovertCloak|Prankster|Reflect,Psychic,RainDance,LightScreen|||M|||50|,,,,,Dark]Incineroar||SafetyGoggles|Intimidate|FakeOut,WillOWisp,KnockOff,PartingShot|||F|||50|,,,,,Grass]Basculegion||ChoiceScarf|SwiftSwim|WaveCrash,LastRespects,FlipTurn,TeraBlast|||M|||50|,,,,,Ghost]Archaludon||PowerHerb|Stamina|ElectroShot,DracoMeteor,FlashCannon,Protect|||M|||50|,,,,,Grass]Pelipper||DampRock|Drizzle|Protect,WeatherBall,Hurricane,Tailwind|||M|||50|,,,,,Dark]Beartic||LifeOrb|SwiftSwim|IcicleCrash,CloseCombat,Liquidation,Protect|||F|||50|,,,,,Water
|inactive|Battle timer is ON: inactive players will automatically lose when time's up. (requested by Timothim Chalombre)
|
|t:|1757910165
|teamsize|p1|4
|teamsize|p2|4
|start
|switch|p1a: Annihilape|Annihilape, L50, F|100/100
|switch|p1b: Arcanine|Arcanine-Hisui, L50, F|100/100
|switch|p2a: Meowstic|Meowstic, L50, M, shiny|100/100
|switch|p2b: Beartic|Beartic, L50, F, shiny|100/100
|-ability|p1b: Arcanine|Intimidate|boost
|-unboost|p2a: Meowstic|atk|1
|-unboost|p2b: Beartic|atk|1
|turn|1
|inactive|Timothim Chalombre has 30 seconds left.
|
|t:|1757910197
|-terastallize|p1a: Annihilape|Water
|move|p1b: Arcanine|Protect|p1b: Arcanine
|-singleturn|p1b: Arcanine|Protect
|move|p2b: Beartic|Protect|p2b: Beartic
|-singleturn|p2b: Beartic|Protect
|move|p2a: Meowstic|Reflect|p2a: Meowstic
|-sidestart|p2: Dorito99|Reflect
|move|p1a: Annihilape|Bulk Up|p1a: Annihilape
|-boost|p1a: Annihilape|atk|1
|-boost|p1a: Annihilape|def|1
|
|upkeep
|turn|2
|inactive|Dorito99 has 30 seconds left.
|
|t:|1757910226
|move|p2a: Meowstic|Rain Dance|p2a: Meowstic
|-weather|RainDance
|move|p1a: Annihilape|Drain Punch|p2b: Beartic
|-supereffective|p2b: Beartic
|-damage|p2b: Beartic|35/100
|move|p2b: Beartic|Liquidation|p1b: Arcanine
|-supereffective|p1b: Arcanine
|-damage|p1b: Arcanine|0 fnt
|faint|p1b: Arcanine
|-damage|p2b: Beartic|25/100|[from] item: Life Orb
|
|-weather|RainDance|[upkeep]
|upkeep
|
|t:|1757910233
|switch|p1b: Ursaluna|Ursaluna-Bloodmoon, L50, M|100/100
|turn|3
|
|t:|1757910257
|move|p2a: Meowstic|Light Screen|p2a: Meowstic
|-sidestart|p2: Dorito99|move: Light Screen
|move|p1b: Ursaluna|Vacuum Wave|p2b: Beartic
|-supereffective|p2b: Beartic
|-damage|p2b: Beartic|3/100
|move|p1a: Annihilape|Rage Fist|p2a: Meowstic
|-supereffective|p2a: Meowstic
|-damage|p2a: Meowstic|53/100
|move|p2b: Beartic|Icicle Crash|p1b: Ursaluna|[miss]
|-miss|p2b: Beartic|p1b: Ursaluna
|
|-weather|RainDance|[upkeep]
|upkeep
|turn|4
|inactive|Dorito99 has 30 seconds left.
|
|t:|1757910289
|move|p1b: Ursaluna|Vacuum Wave|p2b: Beartic
|-supereffective|p2b: Beartic
|-damage|p2b: Beartic|0 fnt
|faint|p2b: Beartic
|move|p1a: Annihilape|Rage Fist|p2a: Meowstic
|-supereffective|p2a: Meowstic
|-damage|p2a: Meowstic|5/100
|move|p2a: Meowstic|Psychic|p1b: Ursaluna
|-damage|p1b: Ursaluna|72/100
|
|-weather|RainDance|[upkeep]
|upkeep
|
|t:|1757910302
|switch|p2b: Basculegion|Basculegion, L50, M, shiny|100/100
|turn|5
|inactive|Dorito99 has 30 seconds left.
|
|t:|1757910329
|switch|p2a: Archaludon|Archaludon, L50, M, shiny|100/100
|switch|p1b: Sinistcha|Sinistcha, L50|100/100
|move|p2b: Basculegion|Flip Turn|p1b: Sinistcha
|-resisted|p1b: Sinistcha
|-damage|p1b: Sinistcha|84/100
|
|t:|1757910337
|switch|p2b: Meowstic|Meowstic, L50, M, shiny|5/100|[from] Flip Turn
|move|p1a: Annihilape|Rage Fist|p2a: Archaludon
|-damage|p2a: Archaludon|85/100
|-ability|p2a: Archaludon|Stamina|boost
|-boost|p2a: Archaludon|def|1
|
|-weather|RainDance|[upkeep]
|-sideend|p2: Dorito99|Reflect
|upkeep
|turn|6
|
|t:|1757910362
|move|p1a: Annihilape|Protect|p1a: Annihilape
|-singleturn|p1a: Annihilape|Protect
|move|p2b: Meowstic|Reflect|p2b: Meowstic
|-sidestart|p2: Dorito99|Reflect
|move|p2a: Archaludon|Electro Shot||[still]
|-prepare|p2a: Archaludon|Electro Shot
|-boost|p2a: Archaludon|spa|1
|-anim|p2a: Archaludon|Electro Shot|p1a: Annihilape
|-activate|p1a: Annihilape|move: Protect
|move|p1b: Sinistcha|Matcha Gotcha|p2b: Meowstic|[spread] p2a,p2b
|-resisted|p2a: Archaludon
|-crit|p2a: Archaludon
|-damage|p2a: Archaludon|75/100
|-heal|p1b: Sinistcha|89/100|[from] drain|[of] p2a: Archaludon
|-damage|p2b: Meowstic|0 fnt
|-heal|p1b: Sinistcha|92/100|[from] drain|[of] p2b: Meowstic
|-status|p2a: Archaludon|brn
|-ability|p2a: Archaludon|Stamina|boost
|-boost|p2a: Archaludon|def|1
|faint|p2b: Meowstic
|
|-weather|none
|-damage|p2a: Archaludon|69/100 brn|[from] brn
|upkeep
|
|t:|1757910382
|switch|p2b: Basculegion|Basculegion, L50, M, shiny|100/100
|turn|7
|
|t:|1757910402
|-terastallize|p2b: Basculegion|Ghost
|move|p2b: Basculegion|Last Respects|p1a: Annihilape
|-damage|p1a: Annihilape|38/100
|move|p1a: Annihilape|Rage Fist|p2b: Basculegion
|-supereffective|p2b: Basculegion
|-damage|p2b: Basculegion|0 fnt
|faint|p2b: Basculegion
|move|p2a: Archaludon|Draco Meteor|p1b: Sinistcha
|-damage|p1b: Sinistcha|0 fnt
|-unboost|p2a: Archaludon|spa|2
|faint|p1b: Sinistcha
|
|-heal|p1a: Annihilape|44/100|[from] item: Leftovers
|-damage|p2a: Archaludon|63/100 brn|[from] brn
|-sideend|p2: Dorito99|move: Light Screen
|upkeep
|
|t:|1757910409
|switch|p1b: Ursaluna|Ursaluna-Bloodmoon, L50, M|72/100
|turn|8
|
|t:|1757910433
|move|p1a: Annihilape|Drain Punch|p2a: Archaludon
|-supereffective|p2a: Archaludon
|-damage|p2a: Archaludon|41/100 brn
|-heal|p1a: Annihilape|54/100|[from] drain|[of] p2a: Archaludon
|-ability|p2a: Archaludon|Stamina|boost
|-boost|p2a: Archaludon|def|1
|move|p2a: Archaludon|Electro Shot||[still]
|-prepare|p2a: Archaludon|Electro Shot
|-boost|p2a: Archaludon|spa|1
|-enditem|p2a: Archaludon|Power Herb
|-anim|p2a: Archaludon|Electro Shot|p1a: Annihilape
|-supereffective|p1a: Annihilape
|-damage|p1a: Annihilape|0 fnt
|faint|p1a: Annihilape
|move|p1b: Ursaluna|Blood Moon|p2a: Archaludon
|-resisted|p2a: Archaludon
|-damage|p2a: Archaludon|0 fnt
|faint|p2a: Archaludon
|
|win|Timothim Chalombre
||Timothim Chalombre is ready for game 2.
|inactive|Dorito99 has 30 seconds to confirm battle start!
||Dorito99 is ready for game 2.
|uhtml|next|Next: Game 2 of 3
