|j|☆Yamaguu
|j|☆Toed Sage
|html|YamaguuToed Sage    
|uhtml|bestof|Game 1 of a best-of-3
|t:|1785808736
|gametype|doubles
|player|p1|Yamaguu|169|
|player|p2|Toed Sage|veteran-gen4|
|gen|9
|tier|[Gen 9 Champions] VGC 2026 Reg M-B (Bo3)
|rule|Species Clause: Limit one of each Pokémon
|rule|Item Clause: Limit 1 of each item
|clearpoke
|poke|p1|Sceptile, L50, M|
|poke|p1|Noivern, L50, F|
|poke|p1|Tyranitar, L50, F|
|poke|p1|Excadrill, L50, F|
|poke|p1|Incineroar, L50, M|
|poke|p1|Rotom-Wash, L50|
|poke|p2|Blaziken, L50, M|
|poke|p2|Kingambit, L50, F|
|poke|p2|Meowstic, L50, M|
|poke|p2|Basculegion, L50, M|
|poke|p2|Gliscor, L50, M|
|poke|p2|Rotom-Mow, L50|
|teampreview|4
|showteam|p1|Sceptile||Sceptilite|Overgrow|VacuumWave,EnergyBall,DragonPulse,Detect|Modest||M|||50|]Noivern||FocusSash|Telepathy|Tailwind,DarkPulse,AirSlash,Protect|Modest||F|||50|]Tyranitar||ChopleBerry|SandStream|DragonDance,HighHorsepower,KnockOff,Protect|Adamant||F|||50|]Excadrill||Excadrite|SandRush|Earthquake,HighHorsepower,ThroatChop,Protect|Jolly||F|||50|]Incineroar||SitrusBerry|Intimidate|FlareBlitz,DarkestLariat,FakeOut,Roar|Adamant||M|||50|]Rotom-Wash||ChoiceScarf|Levitate|Discharge,HydroPump,WillOWisp,Trick|Timid|||||50|
|showteam|p2|Blaziken||Blazikenite|SpeedBoost|FlareBlitz,CloseCombat,SwordsDance,Detect|Jolly||M|||50|]Kingambit||LifeOrb|Defiant|SuckerPunch,IronHead,LowKick,Protect|Adamant||F|||50|]Meowstic||Meowsticite|Prankster|FakeOut,Reflect,LightScreen,AlluringVoice|Bold||M|||50|]Basculegion||MysticWater|Adaptability|AquaJet,WaveCrash,IceFang,Protect|Adamant||M|||50|]Gliscor||ChoiceScarf|HyperCutter|Earthquake,KnockOff,IceFang,Tailwind|Adamant||M|||50|]Rotom-Mow||SitrusBerry|Levitate|Thunderbolt,LeafStorm,WillOWisp,Protect|Modest|||||50|
|l|☆Toed Sage
|player|p2|
|j| pokemon_and_beer
|j|☆Toed Sage
|player|p2|Toed Sage|veteran-gen4|
|c| pokemon_and_beer|glhf gamers
|j| Cmholde2
|c|☆Toed Sage|Glhf!
|c|☆Yamaguu|this has open team sheets >.>
|c|☆Yamaguu|I'm no good at showdown
|j| simple mystery
|j| MikeTitan
|j| Inspector Detector
|j| 4Azzy
|l| simple mystery
|c|☆Yamaguu|can we reject team sheets?
|c| 4Azzy|no
|c|☆Yamaguu|mk
|c| 4Azzy|cuz you did the wrong challenge
|c| Cmholde2|No
|c|☆Toed Sage|Meh I won’t look if you dont
|c|☆Yamaguu|I;m good with that
|c| Cmholde2|Honor system
|c|☆Yamaguu|letes rock!
|c| Cmholde2|Chads
|c| Inspector Detector|dramatic irony for replay watchers
|c| 4Azzy|admins we need a mandatory tutorial for how to use pokemon showdown every season
|c| 4Azzy|this happens every time
|c| Cmholde2|I’m gonna look tho
|c| MikeTitan|I’ve looked enough for the both of you
|c| MikeTitan|real
|c| Inspector Detector|Nikki stop spouting this hr nonsense
|c| MikeTitan|Building a PowerPoint as we speak
|j| simple mystery
|c| 4Azzy|put me back on the admin team im just gonna start killing everyone who cant operate showdown/forfeits games early
|
|t:|1785808879
|teamsize|p1|4
|teamsize|p2|4
|start
|switch|p1a: Noivern|Noivern, L50, F|100/100
|switch|p1b: Rotom|Rotom-Wash, L50|100/100
|switch|p2a: Blaziken|Blaziken, L50, M|100/100
|switch|p2b: Meowstic|Meowstic, L50, M|100/100
|turn|1
|c| Inspector Detector|I’d rather see people flounder than take continuing education
|c|☆Yamaguu|Gl hf again
|c| simple mystery|id bevlookinf
|c| 4Azzy|no shade to people who dont know how the bo3 thing works i woudnt actually kill you
|c| MikeTitan|They call you the looker
|c| 4Azzy|ill kill forfeiters tho
|
|t:|1785808927
|switch|p2a: Kingambit|Kingambit, L50, F|100/100
|move|p2b: Meowstic|Fake Out|p1a: Noivern
|-damage|p1a: Noivern|93/100
|move|p1b: Rotom|Discharge|p2a: Kingambit|[spread] p2a,p2b
|-activate|p1a: Noivern|ability: Telepathy
|-damage|p2a: Kingambit|74/100
|-damage|p2b: Meowstic|69/100
|cant|p1a: Noivern|flinch
|
|upkeep
|turn|2
|c| 4Azzy|mfs born to die kneeling the way they dip the second it looks bleak
|
|t:|1785808958
|switch|p1a: Excadrill|Excadrill, L50, F|100/100
|move|p2a: Kingambit|Protect|p2a: Kingambit
|-singleturn|p2a: Kingambit|Protect
|move|p2b: Meowstic|Light Screen|p2b: Meowstic
|-sidestart|p2: Toed Sage|move: Light Screen
|move|p1b: Rotom|Discharge|p2a: Kingambit|[spread] p2b
|-activate|p2a: Kingambit|move: Protect
|-immune|p1a: Excadrill
|-damage|p2b: Meowstic|51/100
|-status|p2b: Meowstic|par
|
|upkeep
|turn|3
|c| Cmholde2|I only ever knew Noivern got frisk
|c| Cmholde2|bc of nave
|
|t:|1785808994
|switch|p1b: Noivern|Noivern, L50, F|93/100
|move|p2b: Meowstic|Reflect|p2b: Meowstic
|-sidestart|p2: Toed Sage|Reflect
|move|p1a: Excadrill|Earthquake|p2a: Kingambit|[spread] p2a,p2b
|-activate|p1b: Noivern|ability: Telepathy
|-supereffective|p2a: Kingambit|1
|-damage|p2a: Kingambit|38/100
|-damage|p2b: Meowstic|29/100 par
|move|p2a: Kingambit|Low Kick|p1a: Excadrill
|-supereffective|p1a: Excadrill|1
|-damage|p1a: Excadrill|17/100
|-damage|p2a: Kingambit|28/100|[from] item: Life Orb
|
|upkeep
|turn|4
|c| simple mystery|i like to read information
|c| Inspector Detector|telepathy proccing before type effectiveness is neat
|
|t:|1785809033
|switch|p1a: Sceptile|Sceptile, L50, M|100/100
|move|p2a: Kingambit|Sucker Punch||[still]
|-fail|p2a: Kingambit
|move|p1b: Noivern|Tailwind|p1b: Noivern
|-sidestart|p1: Yamaguu|move: Tailwind
|move|p2b: Meowstic|Alluring Voice|p1b: Noivern
|-supereffective|p1b: Noivern|1
|-damage|p1b: Noivern|51/100
|
|upkeep
|turn|5
|
|t:|1785809060
|switch|p1b: Rotom|Rotom-Wash, L50|100/100
|detailschange|p1a: Sceptile|Sceptile-Mega, L50, M
|-mega|p1a: Sceptile|Sceptile|Sceptilite
|move|p1a: Sceptile|Vacuum Wave|p2a: Kingambit
|-supereffective|p2a: Kingambit|2
|-damage|p2a: Kingambit|0 fnt
|faint|p2a: Kingambit
|move|p2b: Meowstic|Alluring Voice|p1b: Rotom
|-damage|p1b: Rotom|80/100
|
|upkeep
|
|t:|1785809074
|switch|p2a: Blaziken|Blaziken, L50, M|100/100
|turn|6
|
|t:|1785809118
|detailschange|p2a: Blaziken|Blaziken-Mega, L50, M
|-mega|p2a: Blaziken|Blaziken|Blazikenite
|move|p1b: Rotom|Discharge|p2a: Blaziken|[spread] p2a,p2b
|-ability|p1a: Sceptile|Lightning Rod|boost
|-boost|p1a: Sceptile|spa|1
|-damage|p2a: Blaziken|77/100
|-damage|p2b: Meowstic|11/100 par
|-status|p2a: Blaziken|par
|move|p1a: Sceptile|Dragon Pulse|p2a: Blaziken
|-damage|p2a: Blaziken|1/100 par
|move|p2a: Blaziken|Swords Dance|p2a: Blaziken
|-boost|p2a: Blaziken|atk|2
|move|p2b: Meowstic|Alluring Voice|p1a: Sceptile
|-supereffective|p1a: Sceptile|1
|-damage|p1a: Sceptile|64/100
|-start|p1a: Sceptile|confusion
|
|-sideend|p2: Toed Sage|move: Light Screen
|-ability|p2a: Blaziken|Speed Boost|boost
|-boost|p2a: Blaziken|spe|1
|upkeep
|turn|7
|c| 4Azzy|he eats those
|
|t:|1785809140
|switch|p1a: Noivern|Noivern, L50, F|51/100
|move|p2a: Blaziken|Detect|p2a: Blaziken
|-singleturn|p2a: Blaziken|Protect
|move|p1b: Rotom|Discharge|p2a: Blaziken|[spread] p2b
|-activate|p2a: Blaziken|move: Protect
|-activate|p1a: Noivern|ability: Telepathy
|-damage|p2b: Meowstic|0 fnt
|faint|p2b: Meowstic
|
|-sideend|p2: Toed Sage|Reflect
|-sideend|p1: Yamaguu|move: Tailwind
|-ability|p2a: Blaziken|Speed Boost|boost
|-boost|p2a: Blaziken|spe|1
|upkeep
|c| 4Azzy|and then dies to vacuum wave
|
|t:|1785809149
|switch|p2b: Gliscor|Gliscor, L50, M|100/100
|turn|8
|c| 4Azzy|oh nvm
|
|t:|1785809178
|move|p2a: Blaziken|Detect||[still]
|-fail|p2a: Blaziken
|move|p1b: Rotom|Discharge|p2b: Gliscor|[spread] p2a
|-activate|p1a: Noivern|ability: Telepathy
|-immune|p2b: Gliscor
|-damage|p2a: Blaziken|0 fnt
|faint|p2a: Blaziken
|move|p2b: Gliscor|Ice Fang|p1a: Noivern
|-supereffective|p1a: Noivern|2
|-damage|p1a: Noivern|0 fnt
|faint|p1a: Noivern
|
|upkeep
|
|t:|1785809195
|switch|p1a: Excadrill|Excadrill, L50, F|17/100
|turn|9
|
|t:|1785809201
|switch|p1b: Sceptile|Sceptile-Mega, L50, M|64/100
|move|p2b: Gliscor|Ice Fang|p1b: Sceptile
|-supereffective|p1b: Sceptile|2
|-crit|p1b: Sceptile
|-damage|p1b: Sceptile|0 fnt
|faint|p1b: Sceptile
|move|p1a: Excadrill|Throat Chop|p2b: Gliscor
|-damage|p2b: Gliscor|73/100
|-start|p2b: Gliscor|Throat Chop|[silent]
|
|upkeep
|c| 4Azzy|when the fang is icy
|
|t:|1785809210
|switch|p1b: Rotom|Rotom-Wash, L50|80/100
|turn|10
|l| Inspector Detector
|c|☆Yamaguu|makes some freezy buns
|
|t:|1785809228
|move|p1b: Rotom|Hydro Pump|p2b: Gliscor
|-supereffective|p2b: Gliscor|1
|-damage|p2b: Gliscor|0 fnt
|faint|p2b: Gliscor
|
|win|Yamaguu
||Toed Sage is ready for game 2.
|inactive|Yamaguu has 30 seconds to confirm battle start!
|inactive|Yamaguu has 20 seconds to confirm battle start!
