|j|☆ironstandseternal
|j|☆sille rovert
|html|ironstandseternalsille rovert    
|uhtml|bestof|Game 1 of a best-of-3
|t:|1757191815
|gametype|doubles
|player|p1|ironstandseternal|flint|1218
|player|p2|sille rovert|trevor|1247
|gen|9
|tier|[Gen 9] VGC 2025 Reg H (Bo3)
|rated|
|rule|Species Clause: Limit one of each Pokémon
|rule|Item Clause: Limit 1 of each item
|clearpoke
|poke|p1|Rillaboom, L50, M|
|poke|p1|Dragonite, L50, M|
|poke|p1|Sneasler, L50, M|
|poke|p1|Ninetales-Alola, L50, F|
|poke|p1|Kingambit, L50, M|
|poke|p1|Volcarona, L50, F|
|poke|p2|Samurott-Hisui, L50, M|
|poke|p2|Dragonite, L50, F|
|poke|p2|Ursaluna-Bloodmoon, L50, M|
|poke|p2|Sneasler, L50, F|
|poke|p2|Indeedee, L50, M|
|poke|p2|Gholdengo, L50|
|teampreview|4
|showteam|p1|Rillaboom||AssaultVest|GrassySurge|WoodHammer,GrassyGlide,HighHorsepower,FakeOut|||M|||50|,,,,,Fire]Dragonite||LoadedDice|Multiscale|Protect,ScaleShot,LowKick,Haze|||M|||50|,,,,,Fairy]Sneasler||WhiteHerb|Unburden|Protect,DireClaw,CloseCombat,Coaching|||M|||50|,,,,,Ghost]Ninetales-Alola||ChoiceSpecs|SnowWarning|Blizzard,IcyWind,Moonblast,FreezeDry|||F|||50|,,,,,Ghost]Kingambit||SafetyGoggles|Defiant|Protect,KowtowCleave,SuckerPunch,SwordsDance|||M|||50|,,,,,Dark]Volcarona||CovertCloak|FlameBody|StruggleBug,RagePowder,Overheat,WillOWisp|||F|||50|,,,,,Fairy
|showteam|p2|Samurott-Hisui||AssaultVest|Sharpness|CeaselessEdge,IcyWind,AquaCutter,SacredSword|||M|||50|,,,,,Poison]Dragonite||LoadedDice|Multiscale|Protect,ScaleShot,Tailwind,Haze|||F|||50|,,,,,Steel]Ursaluna-Bloodmoon||LifeOrb|MindsEye|Protect,HyperVoice,EarthPower,BloodMoon|||M|||50|,,,,,Normal]Sneasler||PsychicSeed|Unburden|Protect,CloseCombat,DireClaw,ThroatChop|||F|||50|,,,,,Stellar]Indeedee||FocusSash|PsychicSurge|ExpandingForce,Imprison,TeraBlast,TrickRoom|||M|||50|,,,,,Fighting]Gholdengo||ChoiceSpecs|GoodasGold|MakeItRain,ShadowBall,PowerGem,Trick||||||50|,,,,,Steel
|inactive|Battle timer is ON: inactive players will automatically lose when time's up. (requested by sille rovert)
|inactive|ironstandseternal has 60 seconds left.
|
|t:|1757191910
|teamsize|p1|4
|teamsize|p2|4
|start
|switch|p1a: Rillaboom|Rillaboom, L50, M|100/100
|switch|p1b: Ninetales|Ninetales-Alola, L50, F|100/100
|switch|p2a: Ursaluna|Ursaluna-Bloodmoon, L50, M|100/100
|switch|p2b: Dragonite|Dragonite, L50, F|100/100
|-weather|Snowscape|[from] ability: Snow Warning|[of] p1b: Ninetales
|-fieldstart|move: Grassy Terrain|[from] ability: Grassy Surge|[of] p1a: Rillaboom
|turn|1
|inactive|ironstandseternal has 30 seconds left.
|
|t:|1757191945
|move|p2b: Dragonite|Protect|p2b: Dragonite
|-singleturn|p2b: Dragonite|Protect
|move|p2a: Ursaluna|Protect|p2a: Ursaluna
|-singleturn|p2a: Ursaluna|Protect
|move|p1a: Rillaboom|Fake Out|p2b: Dragonite
|-activate|p2b: Dragonite|move: Protect
|move|p1b: Ninetales|Blizzard|p2a: Ursaluna|[spread] 
|-activate|p2a: Ursaluna|move: Protect
|-activate|p2b: Dragonite|move: Protect
|
|-weather|Snowscape|[upkeep]
|upkeep
|turn|2
|inactive|ironstandseternal has 30 seconds left.
|
|t:|1757191971
|switch|p1b: Kingambit|Kingambit, L50, M|100/100
|switch|p2a: Indeedee|Indeedee, L50, M|100/100
|-fieldstart|move: Psychic Terrain|[from] ability: Psychic Surge|[of] p2a: Indeedee
|-terastallize|p2b: Dragonite|Steel
|move|p2b: Dragonite|Scale Shot|p1a: Rillaboom
|-damage|p1a: Rillaboom|87/100
|-crit|p1a: Rillaboom
|-damage|p1a: Rillaboom|64/100
|-damage|p1a: Rillaboom|50/100
|-damage|p1a: Rillaboom|37/100
|-hitcount|p1a: Rillaboom|4
|-unboost|p2b: Dragonite|def|1
|-boost|p2b: Dragonite|spe|1
|move|p1a: Rillaboom|Wood Hammer|p2a: Indeedee
|-enditem|p2a: Indeedee|Focus Sash
|-damage|p2a: Indeedee|1/100
|-damage|p1a: Rillaboom|13/100|[from] Recoil
|
|-weather|Snowscape|[upkeep]
|upkeep
|turn|3
|inactive|ironstandseternal has 30 seconds left.
|inactive|sille rovert has 30 seconds left.
|
|t:|1757192010
|switch|p2a: Sneasler|Sneasler, L50, F|100/100
|-enditem|p2a: Sneasler|Psychic Seed
|-boost|p2a: Sneasler|spd|1|[from] item: Psychic Seed
|switch|p1a: Ninetales|Ninetales-Alola, L50, F|100/100
|move|p2b: Dragonite|Scale Shot|p1a: Ninetales
|-immune|p1a: Ninetales
|move|p1b: Kingambit|Kowtow Cleave|p2a: Sneasler
|-resisted|p2a: Sneasler
|-damage|p2a: Sneasler|56/100
|
|-weather|Snowscape|[upkeep]
|upkeep
|turn|4
|inactive|ironstandseternal has 30 seconds left.
|inactive|ironstandseternal has 20 seconds left.
|inactive|ironstandseternal has 15 seconds left.
|inactive|ironstandseternal has 10 seconds left.
|
|t:|1757192058
|switch|p1b: Rillaboom|Rillaboom, L50, M|13/100
|-fieldstart|move: Grassy Terrain|[from] ability: Grassy Surge|[of] p1b: Rillaboom
|move|p2a: Sneasler|Dire Claw|p1a: Ninetales
|-supereffective|p1a: Ninetales
|-damage|p1a: Ninetales|20/100
|move|p2b: Dragonite|Scale Shot|p1b: Rillaboom
|-crit|p1b: Rillaboom
|-damage|p1b: Rillaboom|0 fnt
|faint|p1b: Rillaboom
|-hitcount|p1: Rillaboom|1
|-unboost|p2b: Dragonite|def|1
|-boost|p2b: Dragonite|spe|1
|move|p1a: Ninetales|Blizzard|p2b: Dragonite|[spread] p2a,p2b
|-resisted|p2b: Dragonite
|-crit|p2b: Dragonite
|-damage|p2a: Sneasler|11/100
|-damage|p2b: Dragonite|83/100
|-status|p2b: Dragonite|frz
|
|-weather|Snowscape|[upkeep]
|-heal|p2a: Sneasler|17/100|[from] Grassy Terrain
|-heal|p2b: Dragonite|89/100 frz|[from] Grassy Terrain
|-heal|p1a: Ninetales|26/100|[from] Grassy Terrain
|upkeep
|
|t:|1757192082
|switch|p1b: Dragonite|Dragonite, L50, M|100/100
|turn|5
|
|t:|1757192102
|move|p2a: Sneasler|Close Combat|p1a: Ninetales
|-damage|p1a: Ninetales|0 fnt
|-unboost|p2a: Sneasler|def|1
|-unboost|p2a: Sneasler|spd|1
|faint|p1a: Ninetales
|cant|p2b: Dragonite|frz
|move|p1b: Dragonite|Scale Shot|p2a: Sneasler
|-damage|p2a: Sneasler|0 fnt
|faint|p2a: Sneasler
|-hitcount|p2: Sneasler|1
|-unboost|p1b: Dragonite|def|1
|-boost|p1b: Dragonite|spe|1
|
|-weather|none
|-heal|p2b: Dragonite|95/100 frz|[from] Grassy Terrain
|upkeep
|
|t:|1757192118
|switch|p2a: Indeedee|Indeedee, L50, M|1/100
|switch|p1a: Kingambit|Kingambit, L50, M|100/100
|-fieldstart|move: Psychic Terrain|[from] ability: Psychic Surge|[of] p2a: Indeedee
|turn|6
|
|t:|1757192133
|cant|p2b: Dragonite|frz
|move|p1b: Dragonite|Low Kick|p2b: Dragonite
|-supereffective|p2b: Dragonite
|-damage|p2b: Dragonite|0 fnt
|faint|p2b: Dragonite
|move|p2a: Indeedee|Expanding Force|p1b: Dragonite|[spread] p1b
|-immune|p1a: Kingambit
|-damage|p1b: Dragonite|74/100
|move|p1a: Kingambit|Kowtow Cleave|p2a: Indeedee
|-supereffective|p2a: Indeedee
|-damage|p2a: Indeedee|0 fnt
|faint|p2a: Indeedee
|
|upkeep
|
|t:|1757192136
|switch|p2b: Ursaluna|Ursaluna-Bloodmoon, L50, M|100/100
|turn|7
|
|t:|1757192152
|-terastallize|p1a: Kingambit|Dark
|move|p1b: Dragonite|Low Kick|p2b: Ursaluna
|-supereffective|p2b: Ursaluna
|-damage|p2b: Ursaluna|32/100
|move|p2b: Ursaluna|Earth Power|p1a: Kingambit
|-damage|p1a: Kingambit|40/100
|-damage|p2b: Ursaluna|23/100|[from] item: Life Orb
|move|p1a: Kingambit|Kowtow Cleave|p2b: Ursaluna
|-damage|p2b: Ursaluna|0 fnt
|faint|p2b: Ursaluna
|
|win|ironstandseternal
||sille rovert is ready for game 2.
|inactive|ironstandseternal has 30 seconds to confirm battle start!
||ironstandseternal is ready for game 2.
|uhtml|next|Next: Game 2 of 3
