|j|☆HeZaR
|j|☆123something
|html|HeZaR123something    
|uhtml|bestof|Game 3 of a best-of-3
|t:|1755658301
|gametype|doubles
|player|p1|HeZaR|harlequin|1173
|player|p2|123something|101|1226
|gen|9
|tier|[Gen 9] VGC 2025 Reg H (Bo3)
|rated|
|rule|Species Clause: Limit one of each Pokémon
|rule|Item Clause: Limit 1 of each item
|clearpoke
|poke|p1|Indeedee-F, L50, F|
|poke|p1|Armarouge, L50, F|
|poke|p1|Annihilape, L50, F|
|poke|p1|Kingambit, L50, M|
|poke|p1|Torkoal, L50, F|
|poke|p1|Hatterene, L50, F|
|poke|p2|Sneasler, L50, M|
|poke|p2|Indeedee, L50, M|
|poke|p2|Volcarona, L50, M|
|poke|p2|Ursaluna-Bloodmoon, L50, M|
|poke|p2|Annihilape, L50, F|
|poke|p2|Tyranitar, L50, M|
|teampreview|4
|showteam|p1|Indeedee-F||RockyHelmet|PsychicSurge|FollowMe,TrickRoom,Psychic,HelpingHand|||F|||50|,,,,,Grass]Armarouge||WeaknessPolicy|WeakArmor|ExpandingForce,HeatWave,EnergyBall,Endure|||F|||50|,,,,,Grass]Annihilape||ChoiceScarf|Defiant|FinalGambit,CloseCombat,ShadowClaw,Uturn|||F|||50|,,,,,Dark]Kingambit||AssaultVest|Defiant|SuckerPunch,IronHead,Assurance,LowKick|||M|||50|,,,,,Fairy]Torkoal||Charcoal|Drought|Eruption,Flamethrower,Yawn,Protect|||F|||50|,,,,,Fire]Hatterene||LifeOrb|MagicBounce|ExpandingForce,DazzlingGleam,TeraBlast,TrickRoom|||F|||50|,,,,,Steel
|showteam|p2|Sneasler||PsychicSeed|Unburden|CloseCombat,DireClaw,ThroatChop,Protect|||M|||50|,,,,,Dark]Indeedee||ChoiceScarf|PsychicSurge|ExpandingForce,TeraBlast,Trick,Protect|||M|||50|,,,,,Psychic]Volcarona||SitrusBerry|FlameBody|Overheat,StruggleBug,RagePowder,Tailwind|||M|||50|,,,,,Grass]Ursaluna-Bloodmoon||LifeOrb|MindsEye|BloodMoon,HyperVoice,EarthPower,Protect|||M|||50|,,,,,Normal]Annihilape||SafetyGoggles|Defiant|CloseCombat,RageFist,Taunt,FinalGambit|||F|||50|,,,,,Fairy]Tyranitar||AssaultVest|SandStream|RockSlide,KnockOff,TeraBlast,LowKick|||M|||50|,,,,,Flying
|inactive|Battle timer is ON: inactive players will automatically lose when time's up. (requested by HeZaR)
|j| teamthief420
|inactive|HeZaR has 60 seconds left.
|inactive|123something has 60 seconds left.
|
|t:|1755658343
|teamsize|p1|4
|teamsize|p2|4
|start
|switch|p1a: Kingambit|Kingambit, L50, M|100/100
|switch|p1b: Hatterene|Hatterene, L50, F|100/100
|switch|p2a: Ursaluna|Ursaluna-Bloodmoon, L50, M|100/100
|switch|p2b: Tyranitar|Tyranitar, L50, M|100/100
|-weather|Sandstorm|[from] ability: Sand Stream|[of] p2b: Tyranitar
|turn|1
|inactive|123something has 30 seconds left.
|inactive|123something has 20 seconds left.
|inactive|123something has 15 seconds left.
|inactive|123something has 10 seconds left.
|inactive|123something has 5 seconds left.
|
|t:|1755658395
|-terastallize|p1b: Hatterene|Steel
|move|p2b: Tyranitar|Low Kick|p1a: Kingambit
|-supereffective|p1a: Kingambit
|-damage|p1a: Kingambit|0 fnt
|faint|p1a: Kingambit
|move|p2a: Ursaluna|Blood Moon|p1b: Hatterene
|-resisted|p1b: Hatterene
|-damage|p1b: Hatterene|41/100
|-damage|p2a: Ursaluna|91/100|[from] item: Life Orb
|move|p1b: Hatterene|Trick Room|p1b: Hatterene
|-fieldstart|move: Trick Room|[of] p1b: Hatterene
|
|-weather|Sandstorm|[upkeep]
|upkeep
|
|t:|1755658404
|switch|p1a: Torkoal|Torkoal, L50, F|100/100
|-weather|SunnyDay|[from] ability: Drought|[of] p1a: Torkoal
|turn|2
|inactive|123something has 30 seconds left.
|inactive|123something has 20 seconds left.
|
|t:|1755658443
|move|p2a: Ursaluna|Protect|p2a: Ursaluna
|-singleturn|p2a: Ursaluna|Protect
|move|p1a: Torkoal|Eruption|p2a: Ursaluna|[spread] p2b
|-activate|p2a: Ursaluna|move: Protect
|-resisted|p2b: Tyranitar
|-damage|p2b: Tyranitar|74/100
|move|p1b: Hatterene|Dazzling Gleam|p2a: Ursaluna|[spread] p2b
|-activate|p2a: Ursaluna|move: Protect
|-supereffective|p2b: Tyranitar
|-damage|p2b: Tyranitar|16/100
|-damage|p1b: Hatterene|32/100|[from] item: Life Orb
|move|p2b: Tyranitar|Rock Slide|p1a: Torkoal|[spread] p1a,p1b
|-supereffective|p1a: Torkoal
|-resisted|p1b: Hatterene
|-damage|p1a: Torkoal|55/100
|-damage|p1b: Hatterene|13/100
|
|-weather|SunnyDay|[upkeep]
|upkeep
|turn|3
|inactive|123something has 30 seconds left.
|
|t:|1755658468
|switch|p2b: Volcarona|Volcarona, L50, M|100/100
|move|p1a: Torkoal|Flamethrower|p2a: Ursaluna
|-damage|p2a: Ursaluna|0 fnt
|faint|p2a: Ursaluna
|move|p1b: Hatterene|Dazzling Gleam|p2b: Volcarona
|-resisted|p2b: Volcarona
|-damage|p2b: Volcarona|70/100
|-damage|p1b: Hatterene|4/100|[from] item: Life Orb
|
|-weather|SunnyDay|[upkeep]
|upkeep
|
|t:|1755658489
|switch|p2a: Tyranitar|Tyranitar, L50, M|16/100
|-weather|Sandstorm|[from] ability: Sand Stream|[of] p2a: Tyranitar
|turn|4
|inactive|123something has 30 seconds left.
|inactive|123something has 20 seconds left.
|
|t:|1755658526
|move|p1a: Torkoal|Flamethrower|p2b: Volcarona
|-damage|p2b: Volcarona|26/100
|-enditem|p2b: Volcarona|Sitrus Berry|[eat]
|-heal|p2b: Volcarona|51/100|[from] item: Sitrus Berry
|move|p1b: Hatterene|Dazzling Gleam|p2b: Volcarona|[spread] p2a,p2b
|-supereffective|p2a: Tyranitar
|-resisted|p2b: Volcarona
|-damage|p2a: Tyranitar|0 fnt
|-damage|p2b: Volcarona|29/100
|faint|p2a: Tyranitar
|-damage|p1b: Hatterene|0 fnt|[from] item: Life Orb
|faint|p1b: Hatterene
|move|p2b: Volcarona|Tailwind|p2b: Volcarona
|-sidestart|p2: 123something|move: Tailwind
|
|-weather|Sandstorm|[upkeep]
|-damage|p1a: Torkoal|49/100|[from] Sandstorm
|-damage|p2b: Volcarona|23/100|[from] Sandstorm
|upkeep
|
|t:|1755658540
|switch|p1b: Annihilape|Annihilape, L50, F|100/100
|switch|p2a: Sneasler|Sneasler, L50, M|100/100
|turn|5
|inactive|HeZaR has 30 seconds left.
|inactive|123something has 30 seconds left.
|inactive|HeZaR has 20 seconds left.
|inactive|HeZaR has 15 seconds left.
|
|t:|1755658582
|move|p2a: Sneasler|Protect|p2a: Sneasler
|-singleturn|p2a: Sneasler|Protect
|move|p1a: Torkoal|Eruption|p2b: Volcarona|[spread] p2b
|-activate|p2a: Sneasler|move: Protect
|-damage|p2b: Volcarona|0 fnt
|faint|p2b: Volcarona
|move|p1b: Annihilape|Shadow Claw|p2a: Sneasler
|-activate|p2a: Sneasler|move: Protect
|
|-weather|Sandstorm|[upkeep]
|-damage|p1a: Torkoal|43/100|[from] Sandstorm
|-damage|p1b: Annihilape|95/100|[from] Sandstorm
|-damage|p2a: Sneasler|95/100|[from] Sandstorm
|-fieldend|move: Trick Room
|upkeep
|turn|6
|
|t:|1755658604
|-terastallize|p2a: Sneasler|Dark
|move|p2a: Sneasler|Close Combat|p1a: Torkoal
|-damage|p1a: Torkoal|0 fnt
|-unboost|p2a: Sneasler|def|1
|-unboost|p2a: Sneasler|spd|1
|faint|p1a: Torkoal
|move|p1b: Annihilape|Shadow Claw|p2a: Sneasler
|-resisted|p2a: Sneasler
|-damage|p2a: Sneasler|57/100
|
|-weather|Sandstorm|[upkeep]
|-damage|p2a: Sneasler|51/100|[from] Sandstorm
|-damage|p1b: Annihilape|89/100|[from] Sandstorm
|upkeep
|turn|7
|inactive|123something has 30 seconds left.
|
|t:|1755658636
|move|p2a: Sneasler|Dire Claw|p1b: Annihilape
|-resisted|p1b: Annihilape
|-damage|p1b: Annihilape|66/100
|-status|p1b: Annihilape|psn
|move|p1b: Annihilape|Shadow Claw|p2a: Sneasler
|-resisted|p2a: Sneasler
|-damage|p2a: Sneasler|15/100
|
|-weather|Sandstorm|[upkeep]
|-damage|p2a: Sneasler|10/100|[from] Sandstorm
|-damage|p1b: Annihilape|60/100 psn|[from] Sandstorm
|-damage|p1b: Annihilape|48/100 psn|[from] psn
|-sideend|p2: 123something|move: Tailwind
|upkeep
|turn|8
|
|t:|1755658650
|move|p2a: Sneasler|Protect|p2a: Sneasler
|-singleturn|p2a: Sneasler|Protect
|move|p1b: Annihilape|Shadow Claw|p2a: Sneasler
|-activate|p2a: Sneasler|move: Protect
|
|-weather|none
|-damage|p1b: Annihilape|36/100 psn|[from] psn
|upkeep
|turn|9
|
|t:|1755658654
|move|p2a: Sneasler|Protect||[still]
|-fail|p2a: Sneasler
|move|p1b: Annihilape|Shadow Claw|p2a: Sneasler
|-resisted|p2a: Sneasler
|-damage|p2a: Sneasler|0 fnt
|faint|p2a: Sneasler
|
|win|HeZaR
|raw|HeZaR's rating: 1173 → 1202(+29 for winning)
|raw|123something's rating: 1226 → 1197(-29 for losing)
|c|☆HeZaR|gg
|c| teamthief420|???
|c|☆HeZaR|what
|c| teamthief420|uhh
|c| teamthief420|i am very confused
