|j|☆evil squirrel
|j|☆Zamaste
|html|evil squirrelZamaste    
|uhtml|bestof|Game 3 of a best-of-3
|t:|1756270040
|gametype|doubles
|player|p1|evil squirrel|1|1192
|player|p2|Zamaste|lucas|1256
|gen|9
|tier|[Gen 9] VGC 2025 Reg H (Bo3)
|rated|
|rule|Species Clause: Limit one of each Pokémon
|rule|Item Clause: Limit 1 of each item
|clearpoke
|poke|p1|Kingambit, L50, M|
|poke|p1|Pelipper, L50, F|
|poke|p1|Basculegion, L50, M|
|poke|p1|Amoonguss, L50, F|
|poke|p1|Maushold-Four, L50|
|poke|p1|Archaludon, L50, M|
|poke|p2|Annihilape, L50, M|
|poke|p2|Archaludon, L50, M|
|poke|p2|Garchomp, L50, M|
|poke|p2|Gholdengo, L50|
|poke|p2|Talonflame, L50, F|
|poke|p2|Weezing-Galar, L50, M|
|teampreview|4
|showteam|p1|Kingambit||LifeOrb|Defiant|SuckerPunch,IronHead,KowtowCleave,Protect|||M|||50|,,,,,Grass]Pelipper||FocusSash|Drizzle|Hurricane,WeatherBall,Tailwind,Protect|||F|||50|,,,,,Ghost]Basculegion||ClearAmulet|SwiftSwim|Protect,WaveCrash,AquaJet,LastRespects|||M|||50|,,,,,Water]Amoonguss||RockyHelmet|Regenerator|Spore,RagePowder,PollenPuff,ClearSmog|||F|||50|,,,,,Water]Maushold-Four||WideLens|Technician|PopulationBomb,FollowMe,Taunt,Protect||||||50|,,,,,Ghost]Archaludon||AssaultVest|Stamina|ElectroShot,DragonPulse,FlashCannon,BodyPress|||M|||50|,,,,,Grass
|showteam|p2|Annihilape||AssaultVest|Defiant|CloseCombat,RageFist,FinalGambit,IcePunch|||M|||50|,,,,,Grass]Archaludon||PowerHerb|Sturdy|ElectroShot,Thunderbolt,DracoMeteor,Protect|||M|||50|,,,,,Electric]Garchomp||LifeOrb|RoughSkin|DragonClaw,Earthquake,StompingTantrum,Protect|||M|||50|,,,,,Ground]Gholdengo||ChoiceSpecs|GoodasGold|ShadowBall,DazzlingGleam,PowerGem,MakeItRain||||||50|,,,,,Fairy]Talonflame||CovertCloak|GaleWings|Tailwind,DualWingbeat,WillOWisp,FlareBlitz|||F|||50|,,,,,Fairy]Weezing-Galar||FocusSash|NeutralizingGas|Protect,SludgeBomb,Taunt,StrangeSteam|||M|||50|,,,,,Flying
|
|t:|1756270102
|teamsize|p1|4
|teamsize|p2|4
|start
|switch|p1a: Maushold|Maushold-Four, L50|100/100
|switch|p1b: Kingambit|Kingambit, L50, M|100/100
|switch|p2a: Talonflame|Talonflame, L50, F|100/100
|switch|p2b: Garchomp|Garchomp, L50, M|100/100
|turn|1
|
|t:|1756270145
|move|p1b: Kingambit|Protect|p1b: Kingambit
|-singleturn|p1b: Kingambit|Protect
|move|p2a: Talonflame|Tailwind|p2a: Talonflame
|-sidestart|p2: Zamaste|move: Tailwind
|move|p2b: Garchomp|Earthquake|p1a: Maushold|[spread] p1a
|-activate|p1b: Kingambit|move: Protect
|-immune|p2a: Talonflame
|-damage|p1a: Maushold|25/100
|-damage|p2b: Garchomp|91/100|[from] item: Life Orb
|move|p1a: Maushold|Population Bomb|p2a: Talonflame
|-damage|p2a: Talonflame|84/100
|-damage|p2a: Talonflame|66/100
|-damage|p2a: Talonflame|50/100
|-damage|p2a: Talonflame|33/100
|-damage|p2a: Talonflame|17/100
|-damage|p2a: Talonflame|0 fnt
|faint|p2a: Talonflame
|-hitcount|p2: Talonflame|6
|
|upkeep
|
|t:|1756270164
|switch|p2a: Weezing|Weezing-Galar, L50, M|100/100
|-ability|p2a: Weezing|Neutralizing Gas
|turn|2
|
|t:|1756270190
|-terastallize|p2a: Weezing|Flying
|-terastallize|p1b: Kingambit|Grass
|move|p1a: Maushold|Protect|p1a: Maushold
|-singleturn|p1a: Maushold|Protect
|move|p2b: Garchomp|Earthquake|p1a: Maushold|[spread] p1b
|-activate|p1a: Maushold|move: Protect
|-immune|p2a: Weezing
|-resisted|p1b: Kingambit
|-damage|p1b: Kingambit|81/100
|-damage|p2b: Garchomp|81/100|[from] item: Life Orb
|move|p2a: Weezing|Sludge Bomb|p1b: Kingambit
|-supereffective|p1b: Kingambit
|-damage|p1b: Kingambit|0 fnt
|faint|p1b: Kingambit
|
|upkeep
|
|t:|1756270207
|switch|p1b: Pelipper|Pelipper, L50, F|100/100
|turn|3
|
|t:|1756270240
|move|p2b: Garchomp|Earthquake|p1a: Maushold|[spread] p1a
|-immune|p2a: Weezing
|-immune|p1b: Pelipper
|-damage|p1a: Maushold|0 fnt
|faint|p1a: Maushold
|-damage|p2b: Garchomp|71/100|[from] item: Life Orb
|move|p2a: Weezing|Taunt|p1b: Pelipper
|-start|p1b: Pelipper|move: Taunt
|cant|p1b: Pelipper|move: Taunt|Tailwind
|
|upkeep
|
|t:|1756270252
|switch|p1a: Basculegion|Basculegion, L50, M|100/100
|turn|4
|
|t:|1756270267
|move|p1a: Basculegion|Protect|p1a: Basculegion
|-singleturn|p1a: Basculegion|Protect
|move|p2b: Garchomp|Dragon Claw|p1b: Pelipper
|-damage|p1b: Pelipper|24/100
|-damage|p2b: Garchomp|61/100|[from] item: Life Orb
|move|p2a: Weezing|Sludge Bomb|p1b: Pelipper
|-damage|p1b: Pelipper|0 fnt
|faint|p1b: Pelipper
|
|-sideend|p2: Zamaste|move: Tailwind
|upkeep
|turn|5
|-message|evil squirrel forfeited.
|
|win|Zamaste
|raw|evil squirrel's rating: 1192 → 1172(-20 for losing)
|raw|Zamaste's rating: 1256 → 1276(+20 for winning)
|l|☆evil squirrel
|player|p1|
