|j|☆wimpshrimp
|j|☆Todra507
|html|wimpshrimpTodra507    
|uhtml|bestof|Game 2 of a best-of-3
|t:|1757861182
|gametype|doubles
|player|p1|wimpshrimp|2|1170
|player|p2|Todra507|swimmer|1059
|gen|9
|tier|[Gen 9] VGC 2025 Reg H (Bo3)
|rated|
|rule|Species Clause: Limit one of each Pokémon
|rule|Item Clause: Limit 1 of each item
|clearpoke
|poke|p1|Pelipper, L50, M|
|poke|p1|Maushold-Four, L50|
|poke|p1|Annihilape, L50, F|
|poke|p1|Archaludon, L50, M|
|poke|p1|Basculegion, L50, M|
|poke|p1|Amoonguss, L50, F|
|poke|p2|Weezing-Galar, L50, M|
|poke|p2|Garchomp, L50, M|
|poke|p2|Incineroar, L50, F|
|poke|p2|Farigiraf, L50, M|
|poke|p2|Kingambit, L50, F|
|poke|p2|Kilowattrel, L50, M|
|teampreview|4
|showteam|p1|Pelipper||FocusSash|Drizzle|Protect,WideGuard,WeatherBall,Hurricane|||M|||50|,,,,,Stellar]Maushold-Four||SafetyGoggles|FriendGuard|Protect,BeatUp,FollowMe,SuperFang||||||50|,,,,,Ghost]Annihilape||SitrusBerry|Defiant|Protect,DrainPunch,RageFist,BulkUp|||F|||50|,,,,,Fire]Archaludon||AssaultVest|Stamina|BodyPress,ElectroShot,FlashCannon,DracoMeteor|||M|||50|,,,,,Bug]Basculegion||ChoiceBand|SwiftSwim|FlipTurn,AquaJet,WaveCrash,LastRespects|||M|||50|,,,,,Fairy]Amoonguss||RockyHelmet|Regenerator|Protect,RagePowder,Spore,ClearSmog|||F|||50|,,,,,Water
|showteam|p2|Weezing-Galar||SitrusBerry|NeutralizingGas|Protect,StrangeSteam,WillOWisp,Taunt|||M|||50|,,,,,Flying]Garchomp||ChoiceBand|RoughSkin|Outrage,StompingTantrum,RockSlide,Earthquake|||M|||50|,,,,,Ground]Incineroar||AbilityShield|Intimidate|FlareBlitz,KnockOff,FakeOut,PartingShot|||F|||50|,,,,,Ghost]Farigiraf||SafetyGoggles|ArmorTail|Protect,HyperVoice,PsychicNoise,TrickRoom|||M|||50|,,,,,Water]Kingambit||LifeOrb|Defiant|Protect,KowtowCleave,IronHead,SuckerPunch|||F|||50|,,,,,Dark]Kilowattrel||FocusSash|Competitive|Protect,Thunderbolt,AirSlash,Tailwind|||M|||50|,,,,,Ghost
|inactive|Battle timer is ON: inactive players will automatically lose when time's up. (requested by Todra507)
|
|t:|1757861200
|teamsize|p1|4
|teamsize|p2|4
|start
|switch|p1a: Annihilape|Annihilape, L50, F|100/100
|switch|p1b: Amoonguss|Amoonguss, L50, F|100/100
|switch|p2a: Kilowattrel|Kilowattrel, L50, M|100/100
|switch|p2b: Garchomp|Garchomp, L50, M|100/100
|turn|1
|
|t:|1757861212
|-terastallize|p2b: Garchomp|Ground
|move|p2a: Kilowattrel|Air Slash|p1b: Amoonguss|[miss]
|-miss|p2a: Kilowattrel|p1b: Amoonguss
|move|p2b: Garchomp|Earthquake|p1a: Annihilape|[spread] p1a,p1b
|-immune|p2a: Kilowattrel
|-crit|p1a: Annihilape
|-damage|p1a: Annihilape|0 fnt
|-damage|p1b: Amoonguss|24/100
|faint|p1a: Annihilape
|move|p1b: Amoonguss|Spore|p2b: Garchomp
|-status|p2b: Garchomp|slp|[from] move: Spore
|
|upkeep
|
|t:|1757861225
|switch|p1a: Archaludon|Archaludon, L50, M|100/100
|turn|2
|
|t:|1757861234
|switch|p1b: Pelipper|Pelipper, L50, M|100/100
|-weather|RainDance|[from] ability: Drizzle|[of] p1b: Pelipper
|move|p2a: Kilowattrel|Air Slash|p1b: Pelipper
|-damage|p1b: Pelipper|55/100
|cant|p2b: Garchomp|slp
|move|p1a: Archaludon|Electro Shot||[still]
|-prepare|p1a: Archaludon|Electro Shot
|-boost|p1a: Archaludon|spa|1
|-anim|p1a: Archaludon|Electro Shot|p2a: Kilowattrel
|-enditem|p2a: Kilowattrel|Focus Sash
|-damage|p2a: Kilowattrel|1/100
|
|-weather|RainDance|[upkeep]
|upkeep
|turn|3
|
|t:|1757861252
|move|p2a: Kilowattrel|Thunderbolt|p1b: Pelipper
|-supereffective|p1b: Pelipper
|-damage|p1b: Pelipper|0 fnt
|faint|p1b: Pelipper
|cant|p2b: Garchomp|slp
|move|p1a: Archaludon|Electro Shot||[still]
|-prepare|p1a: Archaludon|Electro Shot
|-boost|p1a: Archaludon|spa|1
|-anim|p1a: Archaludon|Electro Shot|p2a: Kilowattrel
|-damage|p2a: Kilowattrel|0 fnt
|faint|p2a: Kilowattrel
|
|-weather|RainDance|[upkeep]
|upkeep
|
|t:|1757861258
|switch|p2a: Kingambit|Kingambit, L50, F|100/100
|switch|p1b: Amoonguss|Amoonguss, L50, F|57/100
|turn|4
|
|t:|1757861282
|switch|p2b: Weezing|Weezing-Galar, L50, M|100/100
|-ability|p2b: Weezing|Neutralizing Gas
|-terastallize|p1a: Archaludon|Bug
|move|p1b: Amoonguss|Rage Powder|p1b: Amoonguss
|-singleturn|p1b: Amoonguss|move: Rage Powder
|move|p1a: Archaludon|Body Press|p2a: Kingambit
|-supereffective|p2a: Kingambit
|-crit|p2a: Kingambit
|-damage|p2a: Kingambit|0 fnt
|faint|p2a: Kingambit
|
|-weather|RainDance|[upkeep]
|upkeep
|
|t:|1757861293
|switch|p2a: Garchomp|Garchomp, L50, M, tera:Ground|100/100 slp
|turn|5
|
|t:|1757861306
|move|p1b: Amoonguss|Rage Powder|p1b: Amoonguss
|-singleturn|p1b: Amoonguss|move: Rage Powder
|cant|p2a: Garchomp|slp
|move|p1a: Archaludon|Flash Cannon|p2b: Weezing
|-supereffective|p2b: Weezing
|-damage|p2b: Weezing|0 fnt
|faint|p2b: Weezing
|-end|p2b: Weezing|ability: Neutralizing Gas
|
|-weather|RainDance|[upkeep]
|upkeep
|turn|6
|
|t:|1757861321
|-curestatus|p2a: Garchomp|slp|[msg]
|move|p2a: Garchomp|Rock Slide|p1b: Amoonguss|[spread] p1a
|-miss|p2a: Garchomp|p1b: Amoonguss
|-supereffective|p1a: Archaludon
|-damage|p1a: Archaludon|52/100
|-ability|p1a: Archaludon|Stamina|boost
|-boost|p1a: Archaludon|def|1
|move|p1a: Archaludon|Body Press|p2a: Garchomp
|-damage|p2a: Garchomp|62/100
|-damage|p1a: Archaludon|40/100|[from] ability: Rough Skin|[of] p2a: Garchomp
|move|p1b: Amoonguss|Spore|p2a: Garchomp
|-status|p2a: Garchomp|slp|[from] move: Spore
|
|-weather|none
|upkeep
|turn|7
|
|t:|1757861341
|move|p1b: Amoonguss|Rage Powder|p1b: Amoonguss
|-singleturn|p1b: Amoonguss|move: Rage Powder
|cant|p2a: Garchomp|slp
|move|p1a: Archaludon|Flash Cannon|p2a: Garchomp
|-damage|p2a: Garchomp|0 fnt
|faint|p2a: Garchomp
|
|win|wimpshrimp
||wimpshrimp is ready for game 3.
