|j|☆reshiee
|j|‽ernestosparalesto1
|html|reshieeernestosparalesto1    
|uhtml|bestof|Game 1 of a best-of-3
|t:|1785252519
|gametype|doubles
|player|p1|reshiee|gwynn|1156
|player|p2|ernestosparalesto1|170|1212
|gen|9
|tier|[Gen 9 Champions] VGC 2026 Reg M-B (Bo3)
|rated|
|rule|Species Clause: Limit one of each Pokémon
|rule|Item Clause: Limit 1 of each item
|clearpoke
|poke|p1|Charizard, L50, M|
|poke|p1|Venusaur, L50, F|
|poke|p1|Pelipper, L50, F|
|poke|p1|Grimmsnarl, L50, M|
|poke|p1|Basculegion, L50, M|
|poke|p1|Archaludon, L50, M|
|poke|p2|Sableye, L50, F|
|poke|p2|Basculegion-F, L50, F|
|poke|p2|Venusaur, L50, F|
|poke|p2|Sneasler, L50, F|
|poke|p2|Clefable, L50, M|
|poke|p2|Kingambit, L50, F|
|teampreview|4
|showteam|p1|Charizard||CharizarditeY|Blaze|HeatWave,WeatherBall,SolarBeam,Protect|Modest||M|||50|]Venusaur||FocusSash|Chlorophyll|SludgeBomb,EarthPower,SleepPowder,Protect|Modest||F|||50|]Pelipper||SitrusBerry|Drizzle|Hurricane,WeatherBall,Tailwind,WideGuard|Modest||F|||50|]Grimmsnarl||LightClay|Prankster|SpiritBreak,Reflect,LightScreen,PartingShot|Sassy||M|||50|]Basculegion||ChoiceScarf|Adaptability|WaveCrash,LastRespects,FlipTurn,AquaJet|Jolly||M|||50|]Archaludon||Leftovers|Stamina|DragonPulse,FlashCannon,ElectroShot,Protect|Calm||M|||50|
|showteam|p2|Sableye||LightClay|Prankster|Reflect,LightScreen,Quash,RainDance|Bold||F|||50|]Basculegion-F||LifeOrb|SwiftSwim|MuddyWater,IceBeam,ShadowBall,Protect|Modest||F|||50|]Venusaur||Venusaurite|Overgrow|GigaDrain,SludgeBomb,EarthPower,Protect|Modest||F|||50|]Sneasler||WhiteHerb|PoisonTouch|FakeOut,CloseCombat,DireClaw,Protect|Adamant||F|||50|]Clefable||FairyFeather|Unaware|Moonblast,FollowMe,HelpingHand,Protect|Serious||M|||50|]Kingambit||FocusSash|Defiant|KowtowCleave,SuckerPunch,Protect,IronHead|Adamant||F|||50|
|c|☆reshiee|GLHF
|c|☆reshiee|oop caps lock was on
|inactive|Battle timer is ON: inactive players will automatically lose when time's up. (requested by ernestosparalesto1)
|inactive|reshiee has 60 seconds left.
|
|t:|1785252581
|teamsize|p1|4
|teamsize|p2|4
|start
|switch|p1a: Grimmsnarl|Grimmsnarl, L50, M|100/100
|switch|p1b: Charizard|Charizard, L50, M|100/100
|switch|p2a: Sableye|Sableye, L50, F|100/100
|switch|p2b: Basculegion|Basculegion-F, L50, F|100/100
|turn|1
|inactive|reshiee has 30 seconds left.
|inactive|reshiee has 20 seconds left.
|inactive|reshiee has 15 seconds left.
|
|t:|1785252622
|switch|p1b: Basculegion|Basculegion, L50, M|100/100
|move|p1a: Grimmsnarl|Light Screen|p1a: Grimmsnarl
|-sidestart|p1: reshiee|move: Light Screen
|move|p2a: Sableye|Rain Dance|p2a: Sableye
|-weather|RainDance
|move|p2b: Basculegion|Muddy Water|p1b: Basculegion|[spread] p1b
|-miss|p2b: Basculegion|p1a: Grimmsnarl
|-resisted|p1b: Basculegion|1
|-damage|p1b: Basculegion|77/100
|-damage|p2b: Basculegion|90/100|[from] item: Life Orb
|
|-weather|RainDance|[upkeep]
|upkeep
|turn|2
|inactive|reshiee has 30 seconds left.
|
|t:|1785252652
|move|p1a: Grimmsnarl|Parting Shot|p2b: Basculegion
|-unboost|p2b: Basculegion|atk|1
|-unboost|p2b: Basculegion|spa|1
|
|t:|1785252656
|switch|p1a: Archaludon|Archaludon, L50, M|100/100|[from] Parting Shot
|move|p2a: Sableye|Reflect|p2a: Sableye
|-sidestart|p2: ernestosparalesto1|Reflect
|move|p2b: Basculegion|Shadow Ball|p1b: Basculegion
|-supereffective|p1b: Basculegion|1
|-damage|p1b: Basculegion|29/100
|-damage|p2b: Basculegion|80/100|[from] item: Life Orb
|move|p1b: Basculegion|Last Respects|p2b: Basculegion
|-supereffective|p2b: Basculegion|1
|-damage|p2b: Basculegion|29/100
|
|-weather|RainDance|[upkeep]
|upkeep
|turn|3
|inactive|reshiee has 30 seconds left.
|
|t:|1785252683
|switch|p2b: Venusaur|Venusaur, L50, F|100/100
|switch|p1b: Grimmsnarl|Grimmsnarl, L50, M|100/100
|move|p2a: Sableye|Light Screen|p2a: Sableye
|-sidestart|p2: ernestosparalesto1|move: Light Screen
|move|p1a: Archaludon|Electro Shot||[still]
|-prepare|p1a: Archaludon|Electro Shot
|-boost|p1a: Archaludon|spa|1
|-anim|p1a: Archaludon|Electro Shot|p2a: Sableye
|-damage|p2a: Sableye|40/100
|
|-weather|RainDance|[upkeep]
|upkeep
|turn|4
|inactive|reshiee has 30 seconds left.
|inactive|ernestosparalesto1 has 30 seconds left.
|inactive|reshiee has 20 seconds left.
|inactive|ernestosparalesto1 has 20 seconds left.
|inactive|reshiee has 15 seconds left.
|inactive|ernestosparalesto1 has 15 seconds left.
|inactive|reshiee has 10 seconds left.
|inactive|ernestosparalesto1 has 10 seconds left.
|inactive|ernestosparalesto1 has 5 seconds left.
|
|t:|1785252738
|move|p1b: Grimmsnarl|Parting Shot|p2b: Venusaur
|-unboost|p2b: Venusaur|atk|1
|-unboost|p2b: Venusaur|spa|1
|
|t:|1785252742
|switch|p1b: Charizard|Charizard, L50, M|100/100|[from] Parting Shot
|move|p2a: Sableye|Reflect||[still]
|-fail|p2a: Sableye
|move|p1a: Archaludon|Electro Shot||[still]
|-prepare|p1a: Archaludon|Electro Shot
|-boost|p1a: Archaludon|spa|1
|-anim|p1a: Archaludon|Electro Shot|p2a: Sableye
|-damage|p2a: Sableye|0 fnt
|faint|p2a: Sableye
|move|p2b: Venusaur|Giga Drain|p1b: Charizard
|-resisted|p1b: Charizard|2
|-damage|p1b: Charizard|96/100
|
|-weather|RainDance|[upkeep]
|upkeep
|
|t:|1785252754
|switch|p2a: Sneasler|Sneasler, L50, F|100/100
|turn|5
|
|t:|1785252769
|detailschange|p1b: Charizard|Charizard-Mega-Y, L50, M
|-mega|p1b: Charizard|Charizard|Charizardite Y
|-weather|SunnyDay|[from] ability: Drought|[of] p1b: Charizard
|detailschange|p2b: Venusaur|Venusaur-Mega, L50, F
|-mega|p2b: Venusaur|Venusaur|Venusaurite
|move|p1a: Archaludon|Protect|p1a: Archaludon
|-singleturn|p1a: Archaludon|Protect
|move|p2a: Sneasler|Fake Out|p1b: Charizard
|-damage|p1b: Charizard|83/100
|-status|p1b: Charizard|psn|[from] ability: Poison Touch|[of] p2a: Sneasler
|cant|p1b: Charizard|flinch
|move|p2b: Venusaur|Sludge Bomb|p1b: Charizard
|-crit|p1b: Charizard
|-damage|p1b: Charizard|15/100 psn
|
|-weather|SunnyDay|[upkeep]
|-damage|p1b: Charizard|3/100 psn|[from] psn
|upkeep
|turn|6
|inactive|ernestosparalesto1 has 30 seconds left.
|inactive|reshiee has 30 seconds left.
|inactive|ernestosparalesto1 has 20 seconds left.
|inactive|reshiee has 20 seconds left.
|
|t:|1785252815
|switch|p1b: Basculegion|Basculegion, L50, M|29/100
|move|p2a: Sneasler|Dire Claw|p1b: Basculegion
|-resisted|p1b: Basculegion|1
|-damage|p1b: Basculegion|6/100
|move|p1a: Archaludon|Dragon Pulse|p2a: Sneasler
|-damage|p2a: Sneasler|33/100
|move|p2b: Venusaur|Giga Drain|p1a: Archaludon
|-resisted|p1a: Archaludon|2
|-damage|p1a: Archaludon|96/100
|-ability|p1a: Archaludon|Stamina|boost
|-boost|p1a: Archaludon|def|1
|
|-weather|SunnyDay|[upkeep]
|-heal|p1a: Archaludon|100/100|[from] item: Leftovers
|upkeep
|turn|7
|inactive|reshiee has 30 seconds left.
|inactive|ernestosparalesto1 has 30 seconds left.
|inactive|reshiee has 20 seconds left.
|inactive|reshiee has 15 seconds left.
|
|t:|1785252858
|switch|p2a: Basculegion|Basculegion-F, L50, F|29/100
|move|p1b: Basculegion|Flip Turn|p2a: Basculegion
|-resisted|p2a: Basculegion|1
|-damage|p2a: Basculegion|21/100
|
|t:|1785252865
|switch|p1b: Grimmsnarl|Grimmsnarl, L50, M|100/100|[from] Flip Turn
|move|p1a: Archaludon|Dragon Pulse|p2b: Venusaur
|-damage|p2b: Venusaur|57/100
|move|p2b: Venusaur|Giga Drain|p1b: Grimmsnarl
|-damage|p1b: Grimmsnarl|82/100
|-heal|p2b: Venusaur|67/100|[from] drain|[of] p1b: Grimmsnarl
|
|-weather|SunnyDay|[upkeep]
|upkeep
|turn|8
|inactive|reshiee has 30 seconds left.
|inactive|reshiee has 20 seconds left.
|
|t:|1785252903
|move|p2a: Basculegion|Shadow Ball|p1a: Archaludon
|-damage|p1a: Archaludon|69/100
|-ability|p1a: Archaludon|Stamina|boost
|-boost|p1a: Archaludon|def|1
|-damage|p2a: Basculegion|12/100|[from] item: Life Orb
|move|p1a: Archaludon|Dragon Pulse|p2b: Venusaur
|-damage|p2b: Venusaur|26/100
|move|p2b: Venusaur|Sludge Bomb|p1b: Grimmsnarl
|-supereffective|p1b: Grimmsnarl|1
|-damage|p1b: Grimmsnarl|40/100
|move|p1b: Grimmsnarl|Spirit Break|p2a: Basculegion
|-damage|p2a: Basculegion|0 fnt
|faint|p2a: Basculegion
|
|-weather|SunnyDay|[upkeep]
|-heal|p1a: Archaludon|75/100|[from] item: Leftovers
|-sideend|p1: reshiee|move: Light Screen
|upkeep
|
|t:|1785252914
|switch|p2a: Sneasler|Sneasler, L50, F|33/100
|turn|9
|
|t:|1785252933
|switch|p1b: Charizard|Charizard-Mega-Y, L50, M|3/100 psn
|move|p1a: Archaludon|Protect|p1a: Archaludon
|-singleturn|p1a: Archaludon|Protect
|move|p2a: Sneasler|Close Combat|p1a: Archaludon
|-activate|p1a: Archaludon|move: Protect
|move|p2b: Venusaur|Sludge Bomb|p1b: Charizard
|-damage|p1b: Charizard|0 fnt
|faint|p1b: Charizard
|
|-weather|none
|-heal|p1a: Archaludon|81/100|[from] item: Leftovers
|-sideend|p2: ernestosparalesto1|Reflect
|upkeep
|
|t:|1785252952
|switch|p1b: Basculegion|Basculegion, L50, M|6/100
|turn|10
|
|t:|1785252960
|move|p2a: Sneasler|Protect|p2a: Sneasler
|-singleturn|p2a: Sneasler|Protect
|move|p1b: Basculegion|Last Respects|p2b: Venusaur
|-damage|p2b: Venusaur|0 fnt
|faint|p2b: Venusaur
|move|p1a: Archaludon|Dragon Pulse|p2a: Sneasler
|-activate|p2a: Sneasler|move: Protect
|
|-heal|p1a: Archaludon|87/100|[from] item: Leftovers
|-sideend|p2: ernestosparalesto1|move: Light Screen
|upkeep
|turn|11
|
|t:|1785252975
|move|p1b: Basculegion|Last Respects|p2a: Sneasler
|-damage|p2a: Sneasler|0 fnt
|faint|p2a: Sneasler
|
|win|reshiee
||ernestosparalesto1 is ready for game 2.
