|j|☆h4ckrmans
|j|☆number1bocchifan
|html|h4ckrmansnumber1bocchifan    
|uhtml|bestof|Game 2 of a best-of-3
|t:|1756697709
|gametype|doubles
|player|p1|h4ckrmans|101|1097
|player|p2|number1bocchifan|265|1041
|gen|9
|tier|[Gen 9] VGC 2025 Reg H (Bo3)
|rated|
|rule|Species Clause: Limit one of each Pokémon
|rule|Item Clause: Limit 1 of each item
|clearpoke
|poke|p1|Kommo-o, L50, M|
|poke|p1|Tyranitar, L50, F|
|poke|p1|Rillaboom, L50, M|
|poke|p1|Magmar, L50, M|
|poke|p1|Primarina, L50, M|
|poke|p1|Salamence, L50, M|
|poke|p2|Ninetales-Alola, L50, F|
|poke|p2|Dragonite, L50, M|
|poke|p2|Ursaluna-Bloodmoon, L50, M|
|poke|p2|Magmar, L50, M|
|poke|p2|Gholdengo, L50|
|poke|p2|Lapras, L50, F|
|teampreview|4
|showteam|p1|Kommo-o||Leftovers|Overcoat|BodyPress,ThroatChop,Protect,IronDefense|||M|||50|,,,,,Steel]Tyranitar||AssaultVest|SandStream|RockSlide,KnockOff,LowKick,TeraBlast|||F|||50|,,,,,Flying]Rillaboom||MeadowPlate|GrassySurge|GrassyGlide,WoodHammer,FakeOut,Uturn|||M|||50|,,,,,Grass]Magmar||Eviolite|FlameBody|Overheat,FollowMe,Protect,Taunt|||M|||50|,,,,,Dark]Primarina||SitrusBerry|LiquidVoice|HyperVoice,Moonblast,Protect,Haze|||M|||50|,,,,,Ghost]Salamence||LifeOrb|Intimidate|DracoMeteor,AirSlash,Protect,Tailwind|||M|||50|,,,,,Steel
|showteam|p2|Ninetales-Alola||FocusSash|SnowWarning|Protect,Blizzard,FreezeDry,AuroraVeil|||F|||50|,,,,,Water]Dragonite||LoadedDice|Multiscale|Protect,ScaleShot,ExtremeSpeed,Tailwind|||M|||50|,,,,,Fairy]Ursaluna-Bloodmoon||AssaultVest|MindsEye|EarthPower,BloodMoon,HyperVoice,VacuumWave|||M|||50|,,,,,Water]Magmar||Eviolite|FlameBody|Protect,FollowMe,Taunt,Overheat|||M|||50|,,,,,Ghost]Gholdengo||LifeOrb|GoodasGold|Protect,MakeItRain,ShadowBall,TeraBlast||||||50|,,,,,Fighting]Lapras||Leftovers|WaterAbsorb|Protect,FreezeDry,SheerCold,Haze|||F|||50|,,,,,Ground
|
|t:|1756697833
|teamsize|p1|4
|teamsize|p2|4
|start
|switch|p1a: Primarina|Primarina, L50, M|100/100
|switch|p1b: Rillaboom|Rillaboom, L50, M|100/100
|switch|p2a: Dragonite|Dragonite, L50, M|100/100
|switch|p2b: Magmar|Magmar, L50, M|100/100
|-fieldstart|move: Grassy Terrain|[from] ability: Grassy Surge|[of] p1b: Rillaboom
|turn|1
|
|t:|1756697868
|move|p2a: Dragonite|Protect|p2a: Dragonite
|-singleturn|p2a: Dragonite|Protect
|move|p1b: Rillaboom|Fake Out|p2a: Dragonite
|-activate|p2a: Dragonite|move: Protect
|move|p2b: Magmar|Overheat|p1b: Rillaboom
|-supereffective|p1b: Rillaboom
|-damage|p1b: Rillaboom|0 fnt
|-unboost|p2b: Magmar|spa|2
|faint|p1b: Rillaboom
|move|p1a: Primarina|Hyper Voice|p2b: Magmar|[spread] p2b
|-activate|p2a: Dragonite|move: Protect
|-supereffective|p2b: Magmar
|-damage|p2b: Magmar|50/100
|
|-heal|p2b: Magmar|56/100|[from] Grassy Terrain
|upkeep
|
|t:|1756697890
|switch|p1b: Magmar|Magmar, L50, M|100/100
|turn|2
|
|t:|1756697920
|-terastallize|p2a: Dragonite|Fairy
|move|p1b: Magmar|Follow Me|p1b: Magmar
|-singleturn|p1b: Magmar|move: Follow Me
|move|p2a: Dragonite|Scale Shot|p1b: Magmar
|-damage|p1b: Magmar|90/100
|-damage|p1b: Magmar|79/100
|-damage|p1b: Magmar|67/100
|-damage|p1b: Magmar|56/100
|-hitcount|p1b: Magmar|4
|-unboost|p2a: Dragonite|def|1
|-boost|p2a: Dragonite|spe|1
|move|p2b: Magmar|Taunt|p1b: Magmar
|-start|p1b: Magmar|move: Taunt
|move|p1a: Primarina|Hyper Voice|p2a: Dragonite|[spread] p2a,p2b
|-supereffective|p2b: Magmar
|-damage|p2a: Dragonite|81/100
|-damage|p2b: Magmar|4/100
|
|-heal|p2a: Dragonite|87/100|[from] Grassy Terrain
|-heal|p2b: Magmar|10/100|[from] Grassy Terrain
|-heal|p1b: Magmar|62/100|[from] Grassy Terrain
|upkeep
|turn|3
|
|t:|1756697951
|move|p2b: Magmar|Protect|p2b: Magmar
|-singleturn|p2b: Magmar|Protect
|move|p2a: Dragonite|Scale Shot|p1b: Magmar
|-damage|p1b: Magmar|49/100
|-damage|p1b: Magmar|38/100
|-damage|p1b: Magmar|28/100
|-damage|p1b: Magmar|17/100
|-damage|p1b: Magmar|6/100
|-hitcount|p1b: Magmar|5
|-unboost|p2a: Dragonite|def|1
|-boost|p2a: Dragonite|spe|1
|move|p1b: Magmar|Overheat|p2a: Dragonite
|-damage|p2a: Dragonite|39/100
|-unboost|p1b: Magmar|spa|2
|move|p1a: Primarina|Hyper Voice|p2b: Magmar|[spread] p2a
|-activate|p2b: Magmar|move: Protect
|-damage|p2a: Dragonite|3/100
|
|-heal|p2a: Dragonite|9/100|[from] Grassy Terrain
|-heal|p2b: Magmar|16/100|[from] Grassy Terrain
|-heal|p1b: Magmar|12/100|[from] Grassy Terrain
|upkeep
|turn|4
|
|t:|1756697979
|move|p2a: Dragonite|Tailwind|p2a: Dragonite
|-sidestart|p2: number1bocchifan|move: Tailwind
|move|p2b: Magmar|Overheat|p1b: Magmar
|-resisted|p1b: Magmar
|-damage|p1b: Magmar|4/100
|-unboost|p2b: Magmar|spa|2
|move|p1b: Magmar|Overheat|p2b: Magmar
|-resisted|p2b: Magmar
|-damage|p2b: Magmar|7/100
|-unboost|p1b: Magmar|spa|2
|move|p1a: Primarina|Hyper Voice|p2a: Dragonite|[spread] p2a,p2b
|-supereffective|p2b: Magmar
|-damage|p2a: Dragonite|0 fnt
|-damage|p2b: Magmar|0 fnt
|faint|p2a: Dragonite
|faint|p2b: Magmar
|
|-heal|p1b: Magmar|10/100|[from] Grassy Terrain
|upkeep
|
|t:|1756697986
|switch|p2a: Ursaluna|Ursaluna-Bloodmoon, L50, M|100/100
|switch|p2b: Ninetales|Ninetales-Alola, L50, F|100/100
|-weather|Snowscape|[from] ability: Snow Warning|[of] p2b: Ninetales
|turn|5
|
|t:|1756698057
|move|p1a: Primarina|Protect|p1a: Primarina
|-singleturn|p1a: Primarina|Protect
|move|p2b: Ninetales|Freeze-Dry|p1a: Primarina
|-activate|p1a: Primarina|move: Protect
|move|p2a: Ursaluna|Blood Moon|p1a: Primarina
|-activate|p1a: Primarina|move: Protect
|move|p1b: Magmar|Overheat|p2b: Ninetales
|-supereffective|p2b: Ninetales
|-damage|p2b: Ninetales|64/100
|-unboost|p1b: Magmar|spa|2
|
|-weather|Snowscape|[upkeep]
|-heal|p2b: Ninetales|70/100|[from] Grassy Terrain
|-heal|p1b: Magmar|16/100|[from] Grassy Terrain
|-end|p1b: Magmar|move: Taunt
|-fieldend|move: Grassy Terrain
|upkeep
|turn|6
|
|t:|1756698073
|move|p1b: Magmar|Follow Me|p1b: Magmar
|-singleturn|p1b: Magmar|move: Follow Me
|move|p2b: Ninetales|Freeze-Dry|p1b: Magmar
|-resisted|p1b: Magmar
|-damage|p1b: Magmar|6/100
|move|p2a: Ursaluna|Hyper Voice|p1a: Primarina|[spread] p1a,p1b
|-damage|p1a: Primarina|68/100
|-damage|p1b: Magmar|0 fnt
|faint|p1b: Magmar
|move|p1a: Primarina|Hyper Voice|p2a: Ursaluna|[spread] p2a,p2b
|-supereffective|p2a: Ursaluna
|-damage|p2a: Ursaluna|53/100
|-damage|p2b: Ninetales|32/100
|
|-weather|Snowscape|[upkeep]
|upkeep
|
|t:|1756698083
|switch|p1b: Salamence|Salamence, L50, M|100/100
|-ability|p1b: Salamence|Intimidate|boost
|-unboost|p2a: Ursaluna|atk|1
|-unboost|p2b: Ninetales|atk|1
|turn|7
|
|t:|1756698093
|move|p1b: Salamence|Protect|p1b: Salamence
|-singleturn|p1b: Salamence|Protect
|move|p1a: Primarina|Protect|p1a: Primarina
|-singleturn|p1a: Primarina|Protect
|move|p2b: Ninetales|Blizzard|p1a: Primarina|[spread] 
|-activate|p1a: Primarina|move: Protect
|-activate|p1b: Salamence|move: Protect
|move|p2a: Ursaluna|Blood Moon|p1a: Primarina
|-activate|p1a: Primarina|move: Protect
|
|-weather|Snowscape|[upkeep]
|-sideend|p2: number1bocchifan|move: Tailwind
|upkeep
|turn|8
|
|t:|1756698133
|-terastallize|p1b: Salamence|Steel
|move|p2b: Ninetales|Aurora Veil|p2b: Ninetales
|-sidestart|p2: number1bocchifan|move: Aurora Veil
|move|p1b: Salamence|Draco Meteor|p2a: Ursaluna|[miss]
|-miss|p1b: Salamence|p2a: Ursaluna
|move|p1a: Primarina|Hyper Voice|p2b: Ninetales|[spread] p2a,p2b
|-supereffective|p2a: Ursaluna
|-damage|p2a: Ursaluna|20/100
|-damage|p2b: Ninetales|6/100
|move|p2a: Ursaluna|Hyper Voice|p1a: Primarina|[spread] p1a,p1b
|-resisted|p1b: Salamence
|-damage|p1a: Primarina|33/100
|-damage|p1b: Salamence|78/100
|-enditem|p1a: Primarina|Sitrus Berry|[eat]
|-heal|p1a: Primarina|57/100|[from] item: Sitrus Berry
|
|-weather|Snowscape|[upkeep]
|upkeep
|turn|9
|
|t:|1756698153
|move|p2b: Ninetales|Freeze-Dry|p1a: Primarina
|-supereffective|p1a: Primarina
|-damage|p1a: Primarina|12/100
|move|p1b: Salamence|Draco Meteor|p2a: Ursaluna
|-damage|p2a: Ursaluna|0 fnt
|-unboost|p1b: Salamence|spa|2
|faint|p2a: Ursaluna
|-damage|p1b: Salamence|68/100|[from] item: Life Orb
|move|p1a: Primarina|Hyper Voice|p2b: Ninetales
|-damage|p2b: Ninetales|0 fnt
|faint|p2b: Ninetales
|
|win|h4ckrmans
|raw|h4ckrmans's rating: 1097 → 1118(+21 for winning)
|raw|number1bocchifan's rating: 1041 → 1027(-14 for losing)
