|j|☆ThatGualaKid
|j|☆sebrai
|html|ThatGualaKidsebrai    
|uhtml|bestof|Game 2 of a best-of-3
|t:|1784987021
|gametype|doubles
|player|p1|ThatGualaKid|170|
|player|p2|sebrai|iris-gen5bw2|
|gen|9
|tier|[Gen 9 Champions] VGC 2026 Reg M-B (Bo3)
|rule|Species Clause: Limit one of each Pokémon
|rule|Item Clause: Limit 1 of each item
|clearpoke
|poke|p1|Charizard, L50, F|
|poke|p1|Venusaur, L50, F|
|poke|p1|Sableye, L50, F|
|poke|p1|Hawlucha, L50, F|
|poke|p1|Basculegion, L50, M|
|poke|p1|Toxapex, L50, M|
|poke|p2|Maushold, L50|
|poke|p2|Annihilape, L50, M|
|poke|p2|Whimsicott, L50, F, shiny|
|poke|p2|Rotom-Mow, L50|
|poke|p2|Arcanine, L50, F|
|poke|p2|Aurorus, L50, M|
|teampreview|4
|showteam|p1|Charizard||CharizarditeY|Blaze|HeatWave,SolarBeam,WeatherBall,Protect|Modest||F|||50|]Venusaur||LifeOrb|Chlorophyll|EnergyBall,EarthPower,SludgeBomb,Protect|Modest||F|||50|]Sableye||Sablenite|Prankster|Taunt,Swagger,Encore,FakeOut|Bold||F|||50|]Hawlucha||LumBerry|Unburden|CloseCombat,BraveBird,Encore,Protect|Adamant||F|||50|]Basculegion||ChoiceScarf|Adaptability|LastRespects,WaveCrash,AquaJet,FlipTurn|Adamant||M|||50|]Toxapex||Leftovers|Regenerator|Infestation,Toxic,Haze,BanefulBunker|Bold||M|||50|
|showteam|p2|Maushold||WideLens|Technician|BeatUp,PopulationBomb,FollowMe,Protect|Jolly|||||50|]Annihilape||SitrusBerry|Defiant|RageFist,CloseCombat,RockSlide,Protect|Adamant||M|||50|]Whimsicott||FocusSash|Prankster|Protect,Encore,Tailwind,Moonblast|Bold||F|||50|]Rotom-Mow||OccaBerry|Levitate|Thunderbolt,Electroweb,RainDance,Protect|Calm|||||50|]Arcanine||LifeOrb|FlashFire|FlareBlitz,CloseCombat,WildCharge,WillOWisp|Jolly||F|||50|]Aurorus||ChoiceScarf|SnowWarning|FreezeDry,AncientPower,Blizzard,EarthPower|Timid||M|||50|
|inactive|Battle timer is ON: inactive players will automatically lose when time's up. (requested by sebrai)
|inactive|ThatGualaKid has 60 seconds left.
|inactive|sebrai has 60 seconds left.
|inactive|sebrai has 30 seconds left.
|
|t:|1784987088
|teamsize|p1|4
|teamsize|p2|4
|start
|switch|p1a: Charizard|Charizard, L50, F|100/100
|switch|p1b: Venusaur|Venusaur, L50, F|100/100
|switch|p2a: rat trap|Maushold, L50|100/100
|switch|p2b: monkey monkey|Annihilape, L50, M|100/100
|turn|1
|inactive|ThatGualaKid has 30 seconds left.
|inactive|sebrai has 30 seconds left.
|
|t:|1784987122
|detailschange|p1a: Charizard|Charizard-Mega-Y, L50, F
|-mega|p1a: Charizard|Charizard|Charizardite Y
|-weather|SunnyDay|[from] ability: Drought|[of] p1a: Charizard
|move|p1b: Venusaur|Sludge Bomb|p2a: rat trap
|-damage|p2a: rat trap|13/100
|-damage|p1b: Venusaur|90/100|[from] item: Life Orb
|move|p2a: rat trap|Beat Up|p2b: monkey monkey
|-damage|p2b: monkey monkey|95/100
|-damage|p2b: monkey monkey|88/100
|-damage|p2b: monkey monkey|84/100
|-damage|p2b: monkey monkey|81/100
|-hitcount|p2b: monkey monkey|4
|move|p2b: monkey monkey|Rage Fist|p1b: Venusaur
|-damage|p1b: Venusaur|0 fnt
|faint|p1b: Venusaur
|move|p1a: Charizard|Heat Wave|p2b: monkey monkey|[spread] p2a,p2b
|-damage|p2a: rat trap|0 fnt
|-damage|p2b: monkey monkey|12/100
|-enditem|p2b: monkey monkey|Sitrus Berry|[eat]
|-heal|p2b: monkey monkey|37/100|[from] item: Sitrus Berry
|faint|p2a: rat trap
|
|-weather|SunnyDay|[upkeep]
|upkeep
|
|t:|1784987141
|switch|p2a: i got the power|Whimsicott, L50, F, shiny|100/100
|switch|p1b: Basculegion|Basculegion, L50, M|100/100
|turn|2
|inactive|ThatGualaKid has 30 seconds left.
|inactive|ThatGualaKid has 20 seconds left.
|inactive|ThatGualaKid has 15 seconds left.
|inactive|sebrai has 30 seconds left.
|inactive|sebrai has 20 seconds left.
|inactive|sebrai has 15 seconds left.
|
|t:|1784987196
|switch|p1a: Toxapex|Toxapex, L50, M|100/100
|move|p2a: i got the power|Tailwind|p2a: i got the power
|-sidestart|p2: sebrai|move: Tailwind
|move|p2b: monkey monkey|Rage Fist|p1b: Basculegion
|-supereffective|p1b: Basculegion|1
|-damage|p1b: Basculegion|0 fnt
|faint|p1b: Basculegion
|
|-weather|SunnyDay|[upkeep]
|upkeep
|
|t:|1784987204
|switch|p1b: Charizard|Charizard-Mega-Y, L50, F|100/100
|turn|3
|inactive|sebrai has 30 seconds left.
|
|t:|1784987230
|move|p2a: i got the power|Protect|p2a: i got the power
|-singleturn|p2a: i got the power|Protect
|move|p2b: monkey monkey|Rock Slide|p1b: Charizard|[spread] p1a,p1b
|-supereffective|p1b: Charizard|2
|-damage|p1a: Toxapex|88/100
|-damage|p1b: Charizard|22/100
|move|p1b: Charizard|Heat Wave|p2a: i got the power|[spread] p2b
|-activate|p2a: i got the power|move: Protect
|-damage|p2b: monkey monkey|0 fnt
|faint|p2b: monkey monkey
|cant|p1a: Toxapex|flinch
|
|-weather|SunnyDay|[upkeep]
|-heal|p1a: Toxapex|94/100|[from] item: Leftovers
|upkeep
|
|t:|1784987243
|switch|p2b: Rotom|Rotom-Mow, L50|100/100
|turn|4
|inactive|ThatGualaKid has 30 seconds left.
|
|t:|1784987272
|move|p2a: i got the power|Moonblast|p1b: Charizard
|-resisted|p1b: Charizard|1
|-damage|p1b: Charizard|10/100
|move|p2b: Rotom|Rain Dance|p2b: Rotom
|-weather|RainDance
|move|p1b: Charizard|Heat Wave|p2b: Rotom|[spread] p2a,p2b
|-supereffective|p2a: i got the power|1
|-supereffective|p2b: Rotom|1
|-enditem|p2b: Rotom|Occa Berry|[eat]
|-enditem|p2b: Rotom|Occa Berry|[weaken]
|-damage|p2a: i got the power|41/100
|-damage|p2b: Rotom|80/100
|move|p1a: Toxapex|Infestation|p2b: Rotom
|-supereffective|p2b: Rotom|1
|-damage|p2b: Rotom|75/100
|-activate|p2b: Rotom|move: Infestation|[of] p1a: Toxapex
|
|-weather|RainDance|[upkeep]
|-heal|p1a: Toxapex|100/100|[from] item: Leftovers
|-damage|p2b: Rotom|63/100|[from] move: Infestation|[partiallytrapped]
|upkeep
|turn|5
|
|t:|1784987292
|move|p1b: Charizard|Protect|p1b: Charizard
|-singleturn|p1b: Charizard|Protect
|move|p2a: i got the power|Encore|p1a: Toxapex
|-start|p1a: Toxapex|Encore
|move|p2b: Rotom|Electroweb|p1a: Toxapex|[spread] p1a
|-activate|p1b: Charizard|move: Protect
|-supereffective|p1a: Toxapex|1
|-damage|p1a: Toxapex|77/100
|-unboost|p1a: Toxapex|spe|1
|move|p1a: Toxapex|Infestation|p2a: i got the power
|-damage|p2a: i got the power|37/100
|-activate|p2a: i got the power|move: Infestation|[of] p1a: Toxapex
|
|-weather|RainDance|[upkeep]
|-heal|p1a: Toxapex|82/100|[from] item: Leftovers
|-damage|p2a: i got the power|25/100|[from] move: Infestation|[partiallytrapped]
|-damage|p2b: Rotom|51/100|[from] move: Infestation|[partiallytrapped]
|-sideend|p2: sebrai|move: Tailwind
|upkeep
|turn|6
|
|t:|1784987311
|move|p1b: Charizard|Protect||[still]
|-fail|p1b: Charizard
|move|p2a: i got the power|Encore|p1b: Charizard
|-start|p1b: Charizard|Encore
|move|p2b: Rotom|Thunderbolt|p1a: Toxapex
|-supereffective|p1a: Toxapex|1
|-damage|p1a: Toxapex|33/100
|move|p1a: Toxapex|Infestation|p2b: Rotom
|-supereffective|p2b: Rotom|1
|-damage|p2b: Rotom|46/100
|
|-weather|RainDance|[upkeep]
|-heal|p1a: Toxapex|38/100|[from] item: Leftovers
|-damage|p2a: i got the power|13/100|[from] move: Infestation|[partiallytrapped]
|-damage|p2b: Rotom|34/100|[from] move: Infestation|[partiallytrapped]
|upkeep
|turn|7
|
|t:|1784987327
|move|p1b: Charizard|Protect|p1b: Charizard
|-singleturn|p1b: Charizard|Protect
|move|p2a: i got the power|Moonblast|p1a: Toxapex
|-resisted|p1a: Toxapex|1
|-damage|p1a: Toxapex|27/100
|move|p2b: Rotom|Thunderbolt|p1a: Toxapex
|-supereffective|p1a: Toxapex|1
|-damage|p1a: Toxapex|0 fnt
|faint|p1a: Toxapex
|
|-weather|RainDance|[upkeep]
|-end|p2a: i got the power|Infestation|[partiallytrapped]|[silent]
|-end|p2b: Rotom|Infestation|[partiallytrapped]|[silent]
|upkeep
|turn|8
|c|☆ThatGualaKid|ggs
|
|t:|1784987342
|move|p1b: Charizard|Protect|p1b: Charizard
|-singleturn|p1b: Charizard|Protect
|move|p2a: i got the power|Tailwind|p2a: i got the power
|-sidestart|p2: sebrai|move: Tailwind
|move|p2b: Rotom|Thunderbolt|p1b: Charizard
|-activate|p1b: Charizard|move: Protect
|
|-weather|none
|upkeep
|turn|9
|c|☆sebrai|ggs
|
|t:|1784987362
|move|p2a: i got the power|Protect|p2a: i got the power
|-singleturn|p2a: i got the power|Protect
|move|p1b: Charizard|Protect||[still]
|-fail|p1b: Charizard
|move|p2b: Rotom|Thunderbolt|p1b: Charizard
|-supereffective|p1b: Charizard|1
|-damage|p1b: Charizard|0 fnt
|faint|p1b: Charizard
|
|win|sebrai
|l|☆ThatGualaKid
|player|p1|
