|j|☆magic 561
|j|☆PidoveQ
|html|magic 561PidoveQ    
|uhtml|bestof|Game 3 of a best-of-3
|t:|1755425554
|gametype|doubles
|player|p1|magic 561|169|1320
|player|p2|PidoveQ|akari|1425
|gen|9
|tier|[Gen 9] VGC 2025 Reg H (Bo3)
|rated|
|rule|Species Clause: Limit one of each Pokémon
|rule|Item Clause: Limit 1 of each item
|clearpoke
|poke|p1|Hydreigon, L50, M|
|poke|p1|Metagross, L50|
|poke|p1|Ninetales-Alola, L50, M|
|poke|p1|Sneasler, L50, M|
|poke|p1|Milotic, L50, F|
|poke|p1|Incineroar, L50, F|
|poke|p2|Incineroar, L50, M|
|poke|p2|Farigiraf, L50, F|
|poke|p2|Amoonguss, L50, F|
|poke|p2|Sneasler, L50, F|
|poke|p2|Dragapult, L50, F|
|poke|p2|Gholdengo, L50|
|teampreview|4
|showteam|p1|Hydreigon||LifeOrb|Levitate|DarkPulse,DracoMeteor,EarthPower,Protect|||M|||50|,,,,,Poison]Metagross||AssaultVest|ClearBody|BulletPunch,HeavySlam,PsychicFangs,HammerArm||||||50|,,,,,Water]Ninetales-Alola||FocusSash|SnowWarning|Moonblast,IcyWind,Blizzard,Protect|||M|||50|,,,,,Ice]Sneasler||WhiteHerb|Unburden|CloseCombat,Coaching,DireClaw,Protect|||M|||50|,,,,,Ghost]Milotic||Leftovers|Competitive|Scald,Protect,Recover,Haze|||F|||50|,,,,,Poison]Incineroar||SitrusBerry|Intimidate|KnockOff,FlareBlitz,PartingShot,FakeOut|||F|||50|,,,,,Ghost
|showteam|p2|Incineroar||AssaultVest|Intimidate|FlareBlitz,KnockOff,FakeOut,Uturn|||M|||50|,,,,,Grass]Farigiraf||ThroatSpray|ArmorTail|HyperVoice,Psychic,TrickRoom,Protect|||F|||50|,,,,,Water]Amoonguss||MentalHerb|Regenerator|PollenPuff,RagePowder,Spore,Protect|||F|||50|,,,,,Water]Sneasler||FocusSash|Unburden|DireClaw,CloseCombat,ThroatChop,Protect|||F|||50|,,,,,Stellar]Dragapult||ChoiceBand|ClearBody|DragonDarts,PhantomForce,Outrage,Uturn|||F|||50|,,,,,Dragon]Gholdengo||LifeOrb|GoodasGold|MakeItRain,ShadowBall,DazzlingGleam,Protect||||||50|,,,,,Fairy
|inactive|Battle timer is ON: inactive players will automatically lose when time's up. (requested by magic 561)
|inactive|PidoveQ also wants the timer to be on.
|c|☆PidoveQ|god damn
|c|☆PidoveQ|that heavy slam HURT
|c|☆magic 561|it's almost always 120 bp
|inactive|magic 561 has 60 seconds left.
|inactive|PidoveQ has 60 seconds left.
|c|☆magic 561|nothing really takes it comfortably
|inactive|magic 561 has 30 seconds left.
|inactive|PidoveQ has 30 seconds left.
|
|t:|1755425624
|teamsize|p1|4
|teamsize|p2|4
|start
|switch|p1a: Incineroar|Incineroar, L50, F|100/100
|switch|p1b: Hydreigon|Hydreigon, L50, M|100/100
|switch|p2a: Sassy|Sneasler, L50, F, shiny|100/100
|switch|p2b: Coin|Gholdengo, L50|100/100
|-ability|p1a: Incineroar|Intimidate|boost
|-unboost|p2a: Sassy|atk|1
|-unboost|p2b: Coin|atk|1
|turn|1
|inactive|magic 561 has 30 seconds left.
|
|t:|1755425654
|-terastallize|p1b: Hydreigon|Poison
|move|p2a: Sassy|Protect|p2a: Sassy
|-singleturn|p2a: Sassy|Protect
|move|p2b: Coin|Protect|p2b: Coin
|-singleturn|p2b: Coin|Protect
|move|p1a: Incineroar|Fake Out|p2a: Sassy
|-activate|p2a: Sassy|move: Protect
|move|p1b: Hydreigon|Earth Power|p2a: Sassy
|-activate|p2a: Sassy|move: Protect
|
|upkeep
|turn|2
|inactive|magic 561 has 30 seconds left.
|inactive|PidoveQ has 30 seconds left.
|inactive|PidoveQ has 20 seconds left.
|inactive|PidoveQ has 15 seconds left.
|
|t:|1755425700
|switch|p2b: Nirnroot|Amoonguss, L50, F, shiny|100/100
|move|p2a: Sassy|Close Combat|p1a: Incineroar
|-supereffective|p1a: Incineroar
|-damage|p1a: Incineroar|25/100
|-unboost|p2a: Sassy|def|1
|-unboost|p2a: Sassy|spd|1
|-enditem|p1a: Incineroar|Sitrus Berry|[eat]
|-heal|p1a: Incineroar|50/100|[from] item: Sitrus Berry
|move|p1b: Hydreigon|Dark Pulse|p2b: Nirnroot
|-damage|p2b: Nirnroot|53/100
|-damage|p1b: Hydreigon|91/100|[from] item: Life Orb
|move|p1a: Incineroar|Flare Blitz|p2a: Sassy
|-enditem|p2a: Sassy|Focus Sash
|-damage|p2a: Sassy|1/100
|-damage|p1a: Incineroar|25/100|[from] Recoil
|
|upkeep
|turn|3
|inactive|magic 561 has 30 seconds left.
|inactive|magic 561 has 20 seconds left.
|
|t:|1755425735
|switch|p1a: Metagross|Metagross, L50|100/100
|move|p2a: Sassy|Close Combat|p1a: Metagross
|-damage|p1a: Metagross|70/100
|-unboost|p2a: Sassy|def|1
|-unboost|p2a: Sassy|spd|1
|move|p1b: Hydreigon|Draco Meteor|p2b: Nirnroot
|-damage|p2b: Nirnroot|0 fnt
|-unboost|p1b: Hydreigon|spa|2
|faint|p2b: Nirnroot
|-damage|p1b: Hydreigon|81/100|[from] item: Life Orb
|
|upkeep
|
|t:|1755425752
|switch|p2b: Coin|Gholdengo, L50|100/100
|turn|4
|
|t:|1755425774
|switch|p1a: Incineroar|Incineroar, L50, F|25/100
|-ability|p1a: Incineroar|Intimidate|boost
|-unboost|p2a: Sassy|atk|1
|-unboost|p2b: Coin|atk|1
|-terastallize|p2b: Coin|Fairy
|move|p2a: Sassy|Throat Chop|p1b: Hydreigon
|-damage|p1b: Hydreigon|65/100
|-start|p1b: Hydreigon|Throat Chop|[silent]
|move|p1b: Hydreigon|Dark Pulse|p2b: Coin
|-resisted|p2b: Coin
|-damage|p2b: Coin|83/100
|-damage|p1b: Hydreigon|56/100|[from] item: Life Orb
|move|p2b: Coin|Shadow Ball|p1a: Incineroar
|-resisted|p1a: Incineroar
|-damage|p1a: Incineroar|2/100
|-damage|p2b: Coin|73/100|[from] item: Life Orb
|
|upkeep
|turn|5
|inactive|magic 561 has 30 seconds left.
|inactive|magic 561 has 20 seconds left.
|inactive|magic 561 has 15 seconds left.
|inactive|magic 561 has 10 seconds left.
|
|t:|1755425822
|switch|p1b: Metagross|Metagross, L50|70/100
|move|p1a: Incineroar|Fake Out|p2b: Coin
|-damage|p2b: Coin|59/100
|move|p2a: Sassy|Throat Chop|p1a: Incineroar
|-resisted|p1a: Incineroar
|-damage|p1a: Incineroar|0 fnt
|faint|p1a: Incineroar
|cant|p2b: Coin|flinch
|
|upkeep
|
|t:|1755425831
|switch|p1a: Ninetales|Ninetales-Alola, L50, M|100/100
|-weather|Snowscape|[from] ability: Snow Warning|[of] p1a: Ninetales
|turn|6
|inactive|magic 561 has 30 seconds left.
|
|t:|1755425860
|move|p2b: Coin|Protect|p2b: Coin
|-singleturn|p2b: Coin|Protect
|move|p1b: Metagross|Bullet Punch|p2a: Sassy
|-damage|p2a: Sassy|0 fnt
|faint|p2a: Sassy
|move|p1a: Ninetales|Blizzard|p2b: Coin
|-activate|p2b: Coin|move: Protect
|
|-weather|Snowscape|[upkeep]
|upkeep
|
|t:|1755425864
|switch|p2a: Dragapult|Dragapult, L50, F, shiny|100/100
|turn|7
|
|t:|1755425879
|move|p1b: Metagross|Bullet Punch|p2b: Coin
|-supereffective|p2b: Coin
|-damage|p2b: Coin|6/100
|move|p2a: Dragapult|Phantom Force||[still]
|-prepare|p2a: Dragapult|Phantom Force
|move|p1a: Ninetales|Blizzard|p2b: Coin|[spread] p2b
|-miss|p1a: Ninetales|p2a: Dragapult
|-crit|p2b: Coin
|-damage|p2b: Coin|0 fnt
|faint|p2b: Coin
|
|-weather|Snowscape|[upkeep]
|upkeep
|turn|8
|c|☆PidoveQ|gg
|-message|PidoveQ forfeited.
|
|win|magic 561
|raw|magic 561's rating: 1320 → 1346(+26 for winning)
|raw|PidoveQ's rating: 1425 → 1399(-26 for losing)
|c|☆magic 561|gg wp
|l|☆PidoveQ
|player|p2|
