|j|☆Kosluger
|j|☆pseudo_777
|html|Koslugerpseudo_777    
|uhtml|bestof|Game 1 of a best-of-3
|t:|1785778775
|gametype|doubles
|player|p1|Kosluger|170|1437
|player|p2|pseudo_777|dancer|1345
|gen|9
|tier|[Gen 9 Champions] VGC 2026 Reg M-B (Bo3)
|rated|
|rule|Species Clause: Limit one of each Pokémon
|rule|Item Clause: Limit 1 of each item
|clearpoke
|poke|p1|Farigiraf, L50, M|
|poke|p1|Incineroar, L50, F|
|poke|p1|Camerupt, L50, F|
|poke|p1|Kingambit, L50, F|
|poke|p1|Ninetales-Alola, L50, M|
|poke|p1|Raichu, L50, F|
|poke|p2|Lycanroc-Dusk, L50, F|
|poke|p2|Froslass, L50, F|
|poke|p2|Sneasler, L50, F|
|poke|p2|Kingambit, L50, M|
|poke|p2|Basculegion, L50, M|
|poke|p2|Scovillain, L50, M|
|teampreview|4
|showteam|p1|Farigiraf||ColburBerry|ArmorTail|HelpingHand,Thunderbolt,TrickRoom,Psychic|Quiet||M|||50|]Incineroar||Charcoal|Intimidate|FakeOut,PartingShot,Taunt,FlareBlitz|Brave||F|||50|]Camerupt||Cameruptite|SolidRock|Protect,HeatWave,AncientPower,EarthPower|Quiet||F|||50|]Kingambit||LifeOrb|Defiant|SuckerPunch,KowtowCleave,IronHead,Protect|Adamant||F|||50|]Ninetales-Alola||FocusSash|SnowWarning|Blizzard,FreezeDry,Protect,Encore|Timid||M|||50|]Raichu||RaichuniteY|LightningRod|Protect,FocusBlast,ZapCannon,FakeOut|Modest||F|||50|
|showteam|p2|Lycanroc-Dusk||FocusSash|ToughClaws|RockSlide,CloseCombat,Accelerock,Protect|Adamant||F|||50|]Froslass||Froslassite|SnowCloak|Blizzard,AuroraVeil,ShadowBall,Protect|Timid||F|||50|]Sneasler||WhiteHerb|Unburden|FakeOut,CloseCombat,DireClaw,Protect|Adamant||F|||50|]Kingambit||SitrusBerry|Defiant|SwordsDance,KowtowCleave,SuckerPunch,Protect|Adamant||M|||50|]Basculegion||ColburBerry|Adaptability|WaveCrash,AquaJet,Protect,LastRespects|Adamant||M|||50|]Scovillain||Scovillainite|Chlorophyll|Protect,RagePowder,Overheat,GigaDrain|Bold||M|||50|
|
|t:|1785778837
|teamsize|p1|4
|teamsize|p2|4
|start
|switch|p1a: Farigiraf|Farigiraf, L50, M|100/100
|switch|p1b: Incineroar|Incineroar, L50, F|100/100
|switch|p2a: Basculegion|Basculegion, L50, M|100/100
|switch|p2b: Scovillain|Scovillain, L50, M|100/100
|-ability|p1b: Incineroar|Intimidate|boost
|-unboost|p2a: Basculegion|atk|1
|-unboost|p2b: Scovillain|atk|1
|turn|1
|
|t:|1785778879
|switch|p2b: Lycanroc|Lycanroc-Dusk, L50, F|100/100
|move|p1b: Incineroar|Fake Out|p2b: Lycanroc
|-resisted|p2b: Lycanroc|1
|-damage|p2b: Lycanroc|87/100
|move|p2a: Basculegion|Wave Crash|p1a: Farigiraf
|-damage|p1a: Farigiraf|51/100
|-damage|p2a: Basculegion|84/100|[from] Recoil
|move|p1a: Farigiraf|Trick Room|p1a: Farigiraf
|-fieldstart|move: Trick Room|[of] p1a: Farigiraf
|
|upkeep
|turn|2
|
|t:|1785778898
|move|p1a: Farigiraf|Thunderbolt|p2a: Basculegion
|-supereffective|p2a: Basculegion|1
|-damage|p2a: Basculegion|35/100
|move|p1b: Incineroar|Flare Blitz|p2a: Basculegion
|-resisted|p2a: Basculegion|1
|-damage|p2a: Basculegion|0 fnt
|faint|p2a: Basculegion
|-damage|p1b: Incineroar|87/100|[from] Recoil
|move|p2b: Lycanroc|Rock Slide|p1b: Incineroar|[spread] p1a,p1b
|-supereffective|p1b: Incineroar|1
|-damage|p1a: Farigiraf|21/100
|-damage|p1b: Incineroar|30/100
|
|upkeep
|
|t:|1785778919
|switch|p2a: Scovillain|Scovillain, L50, M|100/100
|turn|3
|
|t:|1785778931
|detailschange|p2a: Scovillain|Scovillain-Mega, L50, M
|-mega|p2a: Scovillain|Scovillain|Scovillainite
|move|p2a: Scovillain|Rage Powder|p2a: Scovillain
|-singleturn|p2a: Scovillain|move: Rage Powder
|move|p1a: Farigiraf|Psychic|p2a: Scovillain
|-damage|p2a: Scovillain|61/100
|-status|p1a: Farigiraf|brn|[from] ability: Spicy Spray|[of] p2a: Scovillain
|move|p1b: Incineroar|Flare Blitz|p2a: Scovillain
|-damage|p2a: Scovillain|0 fnt
|-immune|p1b: Incineroar
|faint|p2a: Scovillain
|-damage|p1b: Incineroar|13/100|[from] Recoil
|move|p2b: Lycanroc|Rock Slide|p1b: Incineroar|[spread] p1a
|-miss|p2b: Lycanroc|p1b: Incineroar
|-damage|p1a: Farigiraf|0 fnt
|faint|p1a: Farigiraf
|
|upkeep
|
|t:|1785778953
|switch|p1a: Camerupt|Camerupt, L50, F|100/100
|switch|p2a: Kingambit|Kingambit, L50, M|100/100
|turn|4
|
|t:|1785778969
|detailschange|p1a: Camerupt|Camerupt-Mega, L50, F
|-mega|p1a: Camerupt|Camerupt|Cameruptite
|move|p2a: Kingambit|Protect|p2a: Kingambit
|-singleturn|p2a: Kingambit|Protect
|move|p1a: Camerupt|Earth Power|p2b: Lycanroc
|-supereffective|p2b: Lycanroc|1
|-damage|p2b: Lycanroc|0 fnt
|faint|p2b: Lycanroc
|move|p1b: Incineroar|Flare Blitz|p2a: Kingambit
|-activate|p2a: Kingambit|move: Protect
|
|upkeep
|turn|5
|-message|pseudo_777 forfeited.
|
|win|Kosluger
||pseudo_777 is ready for game 2.
||Kosluger is ready for game 2.
|uhtml|next|Next: Game 2 of 3
|l|☆pseudo_777
|player|p2|
