|j|☆DomDaBomb886!
|j|☆monsoonisbest
|html|DomDaBomb886!monsoonisbest    
|uhtml|bestof|Game 1 of a best-of-3
|t:|1784755537
|gametype|doubles
|player|p1|DomDaBomb886!|265|1225
|player|p2|monsoonisbest|101|1234
|gen|9
|tier|[Gen 9 Champions] VGC 2026 Reg M-B (Bo3)
|rated|
|rule|Species Clause: Limit one of each Pokémon
|rule|Item Clause: Limit 1 of each item
|clearpoke
|poke|p1|Gengar, L50, M|
|poke|p1|Swampert, L50, F|
|poke|p1|Incineroar, L50, F|
|poke|p1|Vivillon, L50, F|
|poke|p1|Archaludon, L50, M|
|poke|p1|Politoed, L50, F|
|poke|p2|Gengar, L50, M|
|poke|p2|Swampert, L50, M|
|poke|p2|Incineroar, L50, M|
|poke|p2|Politoed, L50, M|
|poke|p2|Archaludon, L50, M|
|poke|p2|Vivillon-Monsoon, L50, M|
|teampreview|4
|showteam|p1|Gengar||Gengarite|CursedBody|Protect,ShadowBall,SludgeBomb,PerishSong|Timid||M|||50|]Swampert||Swampertite|Torrent|Protect,WaveCrash,Earthquake,IcePunch|Adamant||F|||50|]Incineroar||PasshoBerry|Intimidate|Protect,ThroatChop,FakeOut,PartingShot|Careful||F|||50|]Vivillon||FocusSash|CompoundEyes|Protect,Hurricane,SleepPowder,RagePowder|Timid||F|||50|]Archaludon||Leftovers|Stamina|Protect,DragonPulse,FlashCannon,ElectroShot|Calm||M|||50|]Politoed||SitrusBerry|Drizzle|Protect,WeatherBall,Encore,PerishSong|Bold||F|||50|
|showteam|p2|Gengar||Gengarite|CursedBody|ShadowBall,PerishSong,SludgeBomb,Protect|Timid||M|||50|]Swampert||Swampertite|Damp|WaveCrash,Earthquake,IcePunch,Protect|Adamant||M|||50|]Incineroar||PasshoBerry|Intimidate|ThroatChop,PartingShot,FakeOut,Protect|Sassy||M|||50|]Politoed||SitrusBerry|Drizzle|WeatherBall,PerishSong,Encore,Protect|Calm||M|||50|]Archaludon||Leftovers|Stamina|DragonPulse,FlashCannon,ElectroShot,Protect|Bold||M|||50|]Vivillon-Monsoon||FocusSash|CompoundEyes|Hurricane,SleepPowder,RagePowder,Protect|Timid||M|||50|
|inactive|Battle timer is ON: inactive players will automatically lose when time's up. (requested by DomDaBomb886!)
|inactive|DomDaBomb886! has 60 seconds left.
|inactive|DomDaBomb886! has 30 seconds left.
|
|t:|1784755606
|teamsize|p1|4
|teamsize|p2|4
|start
|switch|p1a: Vivillon|Vivillon, L50, F|100/100
|switch|p1b: Swampert|Swampert, L50, F|100/100
|switch|p2a: Incineroar|Incineroar, L50, M|100/100
|switch|p2b: Gengar|Gengar, L50, M|100/100
|-ability|p2a: Incineroar|Intimidate|boost
|-unboost|p1a: Vivillon|atk|1
|-unboost|p1b: Swampert|atk|1
|turn|1
|inactive|monsoonisbest has 30 seconds left.
|
|t:|1784755632
|switch|p1b: Incineroar|Incineroar, L50, F|100/100
|-ability|p1b: Incineroar|Intimidate|boost
|-unboost|p2a: Incineroar|atk|1
|-unboost|p2b: Gengar|atk|1
|detailschange|p2b: Gengar|Gengar-Mega, L50, M
|-mega|p2b: Gengar|Gengar|Gengarite
|move|p1a: Vivillon|Protect|p1a: Vivillon
|-singleturn|p1a: Vivillon|Protect
|move|p2a: Incineroar|Fake Out|p1b: Incineroar
|-damage|p1b: Incineroar|93/100
|move|p2b: Gengar|Perish Song|p2b: Gengar
|-start|p1a: Vivillon|perish3|[silent]
|-start|p1b: Incineroar|perish3|[silent]
|-start|p2a: Incineroar|perish3|[silent]
|-start|p2b: Gengar|perish3|[silent]
|-fieldactivate|move: Perish Song
|
|-start|p2b: Gengar|perish3
|-start|p1a: Vivillon|perish3
|-start|p1b: Incineroar|perish3
|-start|p2a: Incineroar|perish3
|upkeep
|turn|2
|inactive|DomDaBomb886! has 30 seconds left.
|
|t:|1784755659
|move|p2b: Gengar|Protect|p2b: Gengar
|-singleturn|p2b: Gengar|Protect
|move|p2a: Incineroar|Protect|p2a: Incineroar
|-singleturn|p2a: Incineroar|Protect
|move|p1a: Vivillon|Sleep Powder|p2a: Incineroar
|-activate|p2a: Incineroar|move: Protect
|move|p1b: Incineroar|Parting Shot|p1a: Vivillon
|-unboost|p1a: Vivillon|atk|1
|-unboost|p1a: Vivillon|spa|1
|
|t:|1784755664
|switch|p1b: Swampert|Swampert, L50, F|100/100|[from] Parting Shot
|
|-start|p2b: Gengar|perish2
|-start|p1a: Vivillon|perish2
|-start|p2a: Incineroar|perish2
|upkeep
|turn|3
|
|t:|1784755674
|switch|p2b: Vivillon|Vivillon-Monsoon, L50, M|100/100
|detailschange|p1b: Swampert|Swampert-Mega, L50, F
|-mega|p1b: Swampert|Swampert|Swampertite
|move|p1a: Vivillon|Sleep Powder|p2a: Incineroar
|-status|p2a: Incineroar|slp|[from] move: Sleep Powder
|move|p1b: Swampert|Earthquake|p2b: Vivillon|[spread] p2a
|-immune|p1a: Vivillon
|-immune|p2b: Vivillon
|-supereffective|p2a: Incineroar|1
|-damage|p2a: Incineroar|21/100 slp
|cant|p2a: Incineroar|slp
|
|-start|p1a: Vivillon|perish1
|-start|p2a: Incineroar|perish1
|upkeep
|turn|4
|
|t:|1784755698
|switch|p1a: Incineroar|Incineroar, L50, F|93/100
|-ability|p1a: Incineroar|Intimidate|boost
|-unboost|p2a: Incineroar|atk|1
|-unboost|p2b: Vivillon|atk|1
|switch|p2a: Gengar|Gengar-Mega, L50, M|100/100
|move|p2b: Vivillon|Sleep Powder|p1b: Swampert
|-status|p1b: Swampert|slp|[from] move: Sleep Powder
|cant|p1b: Swampert|slp
|
|upkeep
|turn|5
|inactive|DomDaBomb886! has 30 seconds left.
|
|t:|1784755733
|move|p1a: Incineroar|Fake Out|p2b: Vivillon
|-damage|p2b: Vivillon|78/100
|move|p2a: Gengar|Perish Song|p2a: Gengar
|-start|p1a: Incineroar|perish3|[silent]
|-start|p1b: Swampert|perish3|[silent]
|-start|p2a: Gengar|perish3|[silent]
|-start|p2b: Vivillon|perish3|[silent]
|-fieldactivate|move: Perish Song
|cant|p2b: Vivillon|flinch
|cant|p1b: Swampert|slp
|
|-start|p2a: Gengar|perish3
|-start|p2b: Vivillon|perish3
|-start|p1b: Swampert|perish3
|-start|p1a: Incineroar|perish3
|upkeep
|turn|6
|inactive|DomDaBomb886! has 30 seconds left.
|
|t:|1784755763
|move|p2a: Gengar|Protect|p2a: Gengar
|-singleturn|p2a: Gengar|Protect
|move|p2b: Vivillon|Sleep Powder|p1a: Incineroar
|-status|p1a: Incineroar|slp|[from] move: Sleep Powder
|-curestatus|p1b: Swampert|slp|[msg]
|move|p1b: Swampert|Ice Punch|p2b: Vivillon
|-supereffective|p2b: Vivillon|1
|-crit|p2b: Vivillon
|-damage|p2b: Vivillon|0 fnt
|faint|p2b: Vivillon
|cant|p1a: Incineroar|slp
|
|-start|p2a: Gengar|perish2
|-start|p1b: Swampert|perish2
|-start|p1a: Incineroar|perish2
|upkeep
|
|t:|1784755770
|switch|p2b: Incineroar|Incineroar, L50, M|21/100 slp
|-ability|p2b: Incineroar|Intimidate|boost
|-unboost|p1a: Incineroar|atk|1
|-unboost|p1b: Swampert|atk|1
|turn|7
|inactive|DomDaBomb886! has 30 seconds left.
|inactive|DomDaBomb886! has 20 seconds left.
|inactive|DomDaBomb886! has 15 seconds left.
|inactive|DomDaBomb886! has 10 seconds left.
|
|t:|1784755816
|cant|p2b: Incineroar|slp
|move|p2a: Gengar|Shadow Ball|p1b: Swampert
|-damage|p1b: Swampert|61/100
|move|p1b: Swampert|Wave Crash|p2a: Gengar
|-damage|p2a: Gengar|40/100
|-damage|p1b: Swampert|42/100|[from] Recoil
|-curestatus|p1a: Incineroar|slp|[msg]
|move|p1a: Incineroar|Throat Chop|p2a: Gengar
|-supereffective|p2a: Gengar|1
|-damage|p2a: Gengar|0 fnt
|faint|p2a: Gengar
|
|-start|p1b: Swampert|perish1
|-start|p1a: Incineroar|perish1
|upkeep
|
|t:|1784755823
|switch|p2a: Swampert|Swampert, L50, M|100/100
|turn|8
|
|t:|1784755835
|switch|p1b: Vivillon|Vivillon, L50, F|100/100
|switch|p1a: Archaludon|Archaludon, L50, M|100/100
|move|p2a: Swampert|Wave Crash|p1b: Vivillon
|-enditem|p1b: Vivillon|Focus Sash
|-damage|p1b: Vivillon|1/100
|-damage|p2a: Swampert|72/100|[from] Recoil
|-curestatus|p2b: Incineroar|slp|[msg]
|move|p2b: Incineroar|Throat Chop|p1b: Vivillon
|-damage|p1b: Vivillon|0 fnt
|faint|p1b: Vivillon
|
|upkeep
|
|t:|1784755856
|switch|p1b: Swampert|Swampert-Mega, L50, F|42/100
|turn|9
|
|t:|1784755866
|move|p1b: Swampert|Wave Crash|p2a: Swampert
|-damage|p2a: Swampert|0 fnt
|faint|p2a: Swampert
|-damage|p1b: Swampert|17/100|[from] Recoil
|move|p1a: Archaludon|Dragon Pulse|p2b: Incineroar
|-damage|p2b: Incineroar|0 fnt
|faint|p2b: Incineroar
|
|win|DomDaBomb886!
