|j|☆Imlikewater
|j|☆dad bodyssey
|html|Imlikewaterdad bodyssey    
|uhtml|bestof|Game 3 of a best-of-3
|t:|1782499251
|gametype|doubles
|player|p1|Imlikewater|101|1102
|player|p2|dad bodyssey|chuck|1135
|gen|9
|tier|[Gen 9 Champions] VGC 2026 Reg M-B (Bo3)
|rated|
|rule|Species Clause: Limit one of each Pokémon
|rule|Item Clause: Limit 1 of each item
|clearpoke
|poke|p1|Swampert, L50, M|
|poke|p1|Metagross, L50|
|poke|p1|Sinistcha, L50|
|poke|p1|Pelipper, L50, M|
|poke|p1|Grimmsnarl, L50, M|
|poke|p1|Archaludon, L50, F|
|poke|p2|Blaziken, L50, F|
|poke|p2|Kingambit, L50, F|
|poke|p2|Basculegion, L50, M|
|poke|p2|Ninetales-Alola, L50, F|
|poke|p2|Aerodactyl, L50, M|
|poke|p2|Gholdengo, L50|
|teampreview|4
|showteam|p1|Swampert||Swampertite|Damp|WaveCrash,Earthquake,Protect,KnockOff|Adamant||M|||50|]Metagross||Metagrossite|ClearBody|IronHead,PsychicFangs,Protect,IcePunch|Adamant|||||50|]Sinistcha||SitrusBerry|Hospitality|MatchaGotcha,Protect,ShadowBall,LifeDew|Modest|||||50|]Pelipper||DampRock|Drizzle|Hurricane,Protect,WeatherBall,Tailwind|Timid||M|||50|]Grimmsnarl||LightClay|Prankster|LightScreen,Reflect,PartingShot,SpiritBreak|Impish||M|||50|]Archaludon||Leftovers|Stamina|AuraSphere,DragonPulse,ElectroShot,Protect|Timid||F|||50|
|showteam|p2|Blaziken||Blazikenite|SpeedBoost|FlareBlitz,CloseCombat,RockSlide,Detect|Adamant||F|||50|]Kingambit||LifeOrb|Defiant|KowtowCleave,BrickBreak,SuckerPunch,Protect|Adamant||F|||50|]Basculegion||FocusSash|Adaptability|Liquidation,LastRespects,AquaJet,Protect|Adamant||M|||50|]Ninetales-Alola||NeverMeltIce|SnowWarning|Blizzard,FreezeDry,AuroraVeil,Protect|Timid||F|||50|]Aerodactyl||Aerodactylite|Unnerve|RockSlide,DualWingbeat,Tailwind,Protect|Jolly||M|||50|]Gholdengo||ChoiceScarf|GoodasGold|MakeItRain,ShadowBall,SteelBeam,PowerGem|Timid|||||50|
|inactive|Battle timer is ON: inactive players will automatically lose when time's up. (requested by Imlikewater)
|inactive|dad bodyssey has 60 seconds left.
|
|t:|1782499336
|teamsize|p1|4
|teamsize|p2|4
|start
|switch|p1a: Pelipper|Pelipper, L50, M|100/100
|switch|p1b: Archaludon|Archaludon, L50, F|100/100
|switch|p2a: Ninetales|Ninetales-Alola, L50, F|100/100
|switch|p2b: Basculegion|Basculegion, L50, M|100/100
|-weather|Snowscape|[from] ability: Snow Warning|[of] p2a: Ninetales
|-weather|RainDance|[from] ability: Drizzle|[of] p1a: Pelipper
|turn|1
|inactive|dad bodyssey has 30 seconds left.
|inactive|dad bodyssey has 20 seconds left.
|
|t:|1782499371
|move|p2a: Ninetales|Freeze-Dry|p1a: Pelipper
|-supereffective|p1a: Pelipper|2
|-damage|p1a: Pelipper|0 fnt
|faint|p1a: Pelipper
|move|p1b: Archaludon|Electro Shot||[still]
|-prepare|p1b: Archaludon|Electro Shot
|-boost|p1b: Archaludon|spa|1
|-anim|p1b: Archaludon|Electro Shot|p2b: Basculegion
|-supereffective|p2b: Basculegion|1
|-enditem|p2b: Basculegion|Focus Sash
|-damage|p2b: Basculegion|1/100
|move|p2b: Basculegion|Liquidation|p1b: Archaludon
|-resisted|p1b: Archaludon|1
|-damage|p1b: Archaludon|65/100
|-ability|p1b: Archaludon|Stamina|boost
|-boost|p1b: Archaludon|def|1
|
|-weather|RainDance|[upkeep]
|-heal|p1b: Archaludon|71/100|[from] item: Leftovers
|upkeep
|
|t:|1782499395
|switch|p1a: Swampert|Swampert, L50, M|100/100
|turn|2
|
|t:|1782499410
|switch|p2a: Aerodactyl|Aerodactyl, L50, M|100/100
|-ability|p2a: Aerodactyl|Unnerve
|detailschange|p1a: Swampert|Swampert-Mega, L50, M
|-mega|p1a: Swampert|Swampert|Swampertite
|move|p1b: Archaludon|Protect|p1b: Archaludon
|-singleturn|p1b: Archaludon|Protect
|move|p1a: Swampert|Earthquake|p2a: Aerodactyl|[spread] p2b
|-activate|p1b: Archaludon|move: Protect
|-immune|p2a: Aerodactyl
|-damage|p2b: Basculegion|0 fnt
|faint|p2b: Basculegion
|
|-weather|RainDance|[upkeep]
|-heal|p1b: Archaludon|77/100|[from] item: Leftovers
|upkeep
|
|t:|1782499426
|switch|p2b: Ninetales|Ninetales-Alola, L50, F|100/100
|-weather|Snowscape|[from] ability: Snow Warning|[of] p2b: Ninetales
|turn|3
|inactive|dad bodyssey has 30 seconds left.
|inactive|Imlikewater has 30 seconds left.
|inactive|dad bodyssey has 20 seconds left.
|
|t:|1782499465
|detailschange|p2a: Aerodactyl|Aerodactyl-Mega, L50, M
|-mega|p2a: Aerodactyl|Aerodactyl|Aerodactylite
|move|p2a: Aerodactyl|Dual Wingbeat|p1a: Swampert
|-damage|p1a: Swampert|74/100
|-damage|p1a: Swampert|50/100g
|-hitcount|p1a: Swampert|2
|move|p2b: Ninetales|Blizzard|p1a: Swampert|[spread] p1a,p1b
|-damage|p1a: Swampert|14/100
|-damage|p1b: Archaludon|39/100
|-status|p1a: Swampert|frz
|-ability|p1b: Archaludon|Stamina|boost
|-boost|p1b: Archaludon|def|1
|move|p1b: Archaludon|Aura Sphere|p2b: Ninetales
|-damage|p2b: Ninetales|59/100
|-curestatus|p1a: Swampert|frz|[msg]
|move|p1a: Swampert|Wave Crash|p2b: Ninetales
|-damage|p2b: Ninetales|0 fnt
|faint|p2b: Ninetales
|-damage|p1a: Swampert|0 fnt|[from] Recoil
|faint|p1a: Swampert
|
|-weather|Snowscape|[upkeep]
|-heal|p1b: Archaludon|45/100|[from] item: Leftovers
|upkeep
|
|t:|1782499490
|switch|p2b: Gholdengo|Gholdengo, L50|100/100
|switch|p1a: Grimmsnarl|Grimmsnarl, L50, M|100/100
|turn|4
|inactive|Imlikewater has 30 seconds left.
|inactive|dad bodyssey has 30 seconds left.
|inactive|dad bodyssey has 20 seconds left.
|inactive|dad bodyssey has 15 seconds left.
|
|t:|1782499532
|move|p1b: Archaludon|Protect|p1b: Archaludon
|-singleturn|p1b: Archaludon|Protect
|move|p2b: Gholdengo|Shadow Ball|p1b: Archaludon
|-activate|p1b: Archaludon|move: Protect
|move|p2a: Aerodactyl|Dual Wingbeat|p1a: Grimmsnarl
|-damage|p1a: Grimmsnarl|77/100
|-damage|p1a: Grimmsnarl|51/100
|-hitcount|p1a: Grimmsnarl|2
|move|p1a: Grimmsnarl|Spirit Break|p2b: Gholdengo
|-resisted|p2b: Gholdengo|1
|-damage|p2b: Gholdengo|82/100
|-unboost|p2b: Gholdengo|spa|1
|
|-weather|Snowscape|[upkeep]
|-heal|p1b: Archaludon|51/100|[from] item: Leftovers
|upkeep
|turn|5
|inactive|Imlikewater has 30 seconds left.
|
|t:|1782499563
|move|p1a: Grimmsnarl|Parting Shot|p2a: Aerodactyl
|-unboost|p2a: Aerodactyl|atk|1
|-unboost|p2a: Aerodactyl|spa|1
|move|p2b: Gholdengo|Shadow Ball|p1a: Grimmsnarl
|-resisted|p1a: Grimmsnarl|1
|-damage|p1a: Grimmsnarl|38/100
|-unboost|p1a: Grimmsnarl|spd|1
|move|p2a: Aerodactyl|Dual Wingbeat|p1a: Grimmsnarl
|-damage|p1a: Grimmsnarl|23/100
|-damage|p1a: Grimmsnarl|7/100
|-hitcount|p1a: Grimmsnarl|2
|move|p1b: Archaludon|Dragon Pulse|p2a: Aerodactyl
|-damage|p2a: Aerodactyl|41/100
|
|-weather|Snowscape|[upkeep]
|-heal|p1b: Archaludon|57/100|[from] item: Leftovers
|upkeep
|turn|6
|
|t:|1782499587
|move|p1a: Grimmsnarl|Light Screen|p1a: Grimmsnarl
|-sidestart|p1: Imlikewater|move: Light Screen
|move|p2b: Gholdengo|Shadow Ball|p1b: Archaludon
|-damage|p1b: Archaludon|38/100
|-unboost|p1b: Archaludon|spd|1
|-ability|p1b: Archaludon|Stamina|boost
|-boost|p1b: Archaludon|def|1
|move|p2a: Aerodactyl|Dual Wingbeat|p1a: Grimmsnarl
|-damage|p1a: Grimmsnarl|0 fnt
|faint|p1a: Grimmsnarl
|-hitcount|p1: Grimmsnarl|1
|move|p1b: Archaludon|Dragon Pulse|p2a: Aerodactyl
|-damage|p2a: Aerodactyl|0 fnt
|faint|p2a: Aerodactyl
|
|-weather|Snowscape|[upkeep]
|-heal|p1b: Archaludon|44/100|[from] item: Leftovers
|upkeep
|turn|7
|
|t:|1782499611
|move|p2b: Gholdengo|Shadow Ball|p1b: Archaludon
|-damage|p1b: Archaludon|15/100
|-ability|p1b: Archaludon|Stamina|boost
|-boost|p1b: Archaludon|def|1
|move|p1b: Archaludon|Dragon Pulse|p2b: Gholdengo
|-resisted|p2b: Gholdengo|1
|-damage|p2b: Gholdengo|48/100
|
|-weather|none
|-heal|p1b: Archaludon|21/100|[from] item: Leftovers
|upkeep
|turn|8
|
|t:|1782499622
|move|p1b: Archaludon|Protect|p1b: Archaludon
|-singleturn|p1b: Archaludon|Protect
|move|p2b: Gholdengo|Shadow Ball|p1b: Archaludon
|-activate|p1b: Archaludon|move: Protect
|
|-heal|p1b: Archaludon|27/100|[from] item: Leftovers
|upkeep
|turn|9
|
|t:|1782499633
|move|p2b: Gholdengo|Shadow Ball|p1b: Archaludon
|-damage|p1b: Archaludon|1/100
|-ability|p1b: Archaludon|Stamina|boost
|-boost|p1b: Archaludon|def|1
|move|p1b: Archaludon|Dragon Pulse|p2b: Gholdengo
|-resisted|p2b: Gholdengo|1
|-damage|p2b: Gholdengo|18/100
|
|-heal|p1b: Archaludon|7/100|[from] item: Leftovers
|upkeep
|turn|10
|
|t:|1782499644
|move|p1b: Archaludon|Protect|p1b: Archaludon
|-singleturn|p1b: Archaludon|Protect
|move|p2b: Gholdengo|Shadow Ball|p1b: Archaludon
|-activate|p1b: Archaludon|move: Protect
|
|-heal|p1b: Archaludon|13/100|[from] item: Leftovers
|upkeep
|turn|11
|c|☆dad bodyssey|ggs, gl in next games
|
|t:|1782499653
|move|p1b: Archaludon|Protect|p1b: Archaludon
|-singleturn|p1b: Archaludon|Protect
|move|p2b: Gholdengo|Shadow Ball|p1b: Archaludon
|-activate|p1b: Archaludon|move: Protect
|
|-heal|p1b: Archaludon|19/100|[from] item: Leftovers
|upkeep
|turn|12
|c|☆dad bodyssey|unless i'm wildly miscalcing something
|
|t:|1782499673
|move|p1b: Archaludon|Protect||[still]
|-fail|p1b: Archaludon
|move|p2b: Gholdengo|Shadow Ball|p1b: Archaludon
|-damage|p1b: Archaludon|0 fnt
|faint|p1b: Archaludon
|
|win|dad bodyssey
|raw|Imlikewater's rating: 1102 → 1079(-23 for losing)
|raw|dad bodyssey's rating: 1135 → 1158(+23 for winning)
|c|☆dad bodyssey|wp, great team
|c|☆Imlikewater|Gg
|c|☆Imlikewater|The spdef drop made it impossible for me, you played well though
|l|☆Imlikewater
|player|p1|
