|j|☆tedidn
|j|☆onewinatworldsplz
|html|tedidnonewinatworldsplz    
|uhtml|bestof|Game 3 of a best-of-3
|t:|1754330963
|gametype|doubles
|player|p1|tedidn|marshal|1227
|player|p2|onewinatworldsplz|pokemonranger-gen4|1243
|gen|9
|tier|[Gen 9] VGC 2025 Reg H (Bo3)
|rated|
|rule|Species Clause: Limit one of each Pokémon
|rule|Item Clause: Limit 1 of each item
|clearpoke
|poke|p1|Gholdengo, L50|
|poke|p1|Mienshao, L50, F|
|poke|p1|Amoonguss, L50, M|
|poke|p1|Incineroar, L50, M|
|poke|p1|Porygon2, L50|
|poke|p1|Tyranitar, L50, M|
|poke|p2|Hydreigon, L50, M|
|poke|p2|Amoonguss, L50, M|
|poke|p2|Incineroar, L50, F|
|poke|p2|Porygon2, L50|
|poke|p2|Gholdengo, L50|
|poke|p2|Ursaluna, L50, F|
|teampreview|4
|showteam|p1|Gholdengo||MetalCoat|GoodasGold|MakeItRain,ShadowBall,NastyPlot,Protect||||||50|,,,,,Dragon]Mienshao||FocusSash|InnerFocus|CloseCombat,KnockOff,FakeOut,WideGuard|||F|||50|,,,,,Stellar]Amoonguss||RockyHelmet|Regenerator|PollenPuff,RagePowder,Spore,Protect|||M|||50|,,,,,Water]Incineroar||SafetyGoggles|Intimidate|WillOWisp,FakeOut,KnockOff,PartingShot|||M|||50|,,,,,Ghost]Porygon2||Eviolite|Download|TeraBlast,Recover,IceBeam,TrickRoom||||||50|,,,,,Fighting]Tyranitar||AssaultVest|SandStream|RockSlide,KnockOff,LowKick,TeraBlast|||M|||50|,,,,,Flying
|showteam|p2|Hydreigon||SafetyGoggles|Levitate|DracoMeteor,Snarl,Tailwind,Protect|||M|||50|,,,,,Ghost]Amoonguss||CovertCloak|Regenerator|PollenPuff,Spore,RagePowder,Protect|||M|||50|,,,,,Fairy]Incineroar||SitrusBerry|Intimidate|FakeOut,FlareBlitz,KnockOff,PartingShot|||F|||50|,,,,,Ghost]Porygon2||Eviolite|Download|TeraBlast,IceBeam,Recover,TrickRoom||||||50|,,,,,Fighting]Gholdengo||MetalCoat|GoodasGold|MakeItRain,ShadowBall,NastyPlot,Protect||||||50|,,,,,Water]Ursaluna||FlameOrb|Guts|Facade,HeadlongRush,Earthquake,Protect|||F|||50|,,,,,Ghost
|
|t:|1754330995
|teamsize|p1|4
|teamsize|p2|4
|start
|switch|p1a: Gojira|Tyranitar, L50, M|100/100
|switch|p1b: Tigress|Mienshao, L50, F|100/100
|switch|p2a: Hydreigon|Hydreigon, L50, M|100/100
|switch|p2b: Amoonguss|Amoonguss, L50, M|100/100
|-weather|Sandstorm|[from] ability: Sand Stream|[of] p1a: Gojira
|turn|1
|
|t:|1754331014
|-terastallize|p2a: Hydreigon|Ghost
|move|p2b: Amoonguss|Protect|p2b: Amoonguss
|-singleturn|p2b: Amoonguss|Protect
|move|p1b: Tigress|Knock Off|p2b: Amoonguss
|-activate|p2b: Amoonguss|move: Protect
|move|p2a: Hydreigon|Draco Meteor|p1b: Tigress
|-enditem|p1b: Tigress|Focus Sash
|-damage|p1b: Tigress|1/100
|-unboost|p2a: Hydreigon|spa|2
|move|p1a: Gojira|Rock Slide|p2b: Amoonguss|[spread] p2a
|-activate|p2b: Amoonguss|move: Protect
|-damage|p2a: Hydreigon|67/100
|
|-weather|Sandstorm|[upkeep]
|-damage|p1b: Tigress|0 fnt|[from] Sandstorm
|-damage|p2b: Amoonguss|95/100|[from] Sandstorm
|faint|p1b: Tigress
|upkeep
|
|t:|1754331020
|switch|p1b: Daquavion|Porygon2, L50|100/100
|-ability|p1b: Daquavion|Download|boost
|-boost|p1b: Daquavion|spa|1
|turn|2
|
|t:|1754331037
|switch|p2b: Gholdengo|Gholdengo, L50|100/100
|move|p2a: Hydreigon|Snarl|p1b: Daquavion|[spread] p1a,p1b
|-resisted|p1a: Gojira
|-damage|p1a: Gojira|99/100
|-damage|p1b: Daquavion|95/100
|-unboost|p1a: Gojira|spa|1
|-unboost|p1b: Daquavion|spa|1
|move|p1a: Gojira|Knock Off|p2b: Gholdengo
|-supereffective|p2b: Gholdengo
|-damage|p2b: Gholdengo|6/100
|-enditem|p2b: Gholdengo|Metal Coat|[from] move: Knock Off|[of] p1a: Gojira
|move|p1b: Daquavion|Ice Beam|p2b: Gholdengo
|-resisted|p2b: Gholdengo
|-damage|p2b: Gholdengo|0 fnt
|faint|p2b: Gholdengo
|
|-weather|Sandstorm|[upkeep]
|-damage|p1b: Daquavion|90/100|[from] Sandstorm
|upkeep
|
|t:|1754331067
|switch|p2b: Ursaluna|Ursaluna, L50, F|100/100
|turn|3
|
|t:|1754331078
|switch|p2a: Amoonguss|Amoonguss, L50, M|100/100
|-terastallize|p1a: Gojira|Flying
|move|p2b: Ursaluna|Protect|p2b: Ursaluna
|-singleturn|p2b: Ursaluna|Protect
|move|p1a: Gojira|Knock Off|p2a: Amoonguss
|-damage|p2a: Amoonguss|61/100
|-enditem|p2a: Amoonguss|Covert Cloak|[from] move: Knock Off|[of] p1a: Gojira
|move|p1b: Daquavion|Trick Room|p1b: Daquavion
|-fieldstart|move: Trick Room|[of] p1b: Daquavion
|
|-weather|Sandstorm|[upkeep]
|-damage|p2a: Amoonguss|55/100|[from] Sandstorm
|-damage|p1b: Daquavion|84/100|[from] Sandstorm
|-damage|p1a: Gojira|93/100|[from] Sandstorm
|-status|p2b: Ursaluna|brn|[from] item: Flame Orb
|upkeep
|turn|4
|
|t:|1754331095
|move|p2a: Amoonguss|Spore|p1b: Daquavion
|-status|p1b: Daquavion|slp|[from] move: Spore
|cant|p1b: Daquavion|slp
|move|p1a: Gojira|Tera Blast|p2a: Amoonguss|[anim] Tera Blast Flying
|-supereffective|p2a: Amoonguss
|-damage|p2a: Amoonguss|0 fnt
|faint|p2a: Amoonguss
|move|p2b: Ursaluna|Facade|p1a: Gojira
|-damage|p1a: Gojira|0 fnt
|faint|p1a: Gojira
|
|-weather|Sandstorm|[upkeep]
|-damage|p1b: Daquavion|78/100 slp|[from] Sandstorm
|-damage|p2b: Ursaluna|94/100 brn|[from] brn
|upkeep
|
|t:|1754331105
|switch|p2a: Hydreigon|Hydreigon, L50, M, tera:Ghost|67/100
|switch|p1a: Puff Pass|Amoonguss, L50, M|100/100
|turn|5
|
|t:|1754331115
|move|p1a: Puff Pass|Pollen Puff|p2b: Ursaluna
|-damage|p2b: Ursaluna|75/100 brn
|cant|p1b: Daquavion|slp
|move|p2b: Ursaluna|Facade|p1b: Daquavion
|-damage|p1b: Daquavion|0 fnt
|faint|p1b: Daquavion
|move|p2a: Hydreigon|Snarl|p1a: Puff Pass
|-damage|p1a: Puff Pass|82/100
|-unboost|p1a: Puff Pass|spa|1
|
|-weather|none
|-damage|p2b: Ursaluna|69/100 brn|[from] brn
|upkeep
|turn|6
|
|t:|1754331132
|move|p1a: Puff Pass|Spore|p2a: Hydreigon
|-activate|p2a: Hydreigon|item: Safety Goggles|Spore
|move|p2b: Ursaluna|Facade|p1a: Puff Pass
|-damage|p1a: Puff Pass|0 fnt
|-damage|p2b: Ursaluna|52/100 brn|[from] item: Rocky Helmet|[of] p1a: Puff Pass
|faint|p1a: Puff Pass
|
|win|onewinatworldsplz
|raw|tedidn's rating: 1227 → 1203(-24 for losing)
|raw|onewinatworldsplz's rating: 1243 → 1267(+24 for winning)
