|j|☆Npc red panther
|j|☆fsdewfgkijeeoki
|html|Npc red pantherfsdewfgkijeeoki    
|uhtml|bestof|Game 1 of a best-of-3
|t:|1757625470
|gametype|doubles
|player|p1|Npc red panther|102|1209
|player|p2|fsdewfgkijeeoki|lillie-masters|1313
|gen|9
|tier|[Gen 9] VGC 2025 Reg H (Bo3)
|rated|
|rule|Species Clause: Limit one of each Pokémon
|rule|Item Clause: Limit 1 of each item
|clearpoke
|poke|p1|Gholdengo, L50|
|poke|p1|Basculegion, L50, M|
|poke|p1|Electabuzz, L50, F|
|poke|p1|Incineroar, L50, M|
|poke|p1|Sneasler, L50, F|
|poke|p1|Talonflame, L50, M|
|poke|p2|Dondozo, L50, M|
|poke|p2|Tatsugiri, L50, M|
|poke|p2|Ursaluna-Bloodmoon, L50, M|
|poke|p2|Whimsicott, L50, F|
|poke|p2|Sneasler, L50, F|
|poke|p2|Indeedee, L50, M|
|teampreview|4
|showteam|p1|Gholdengo||LifeOrb|GoodasGold|MakeItRain,ShadowBall,NastyPlot,Protect||||||50|,,,,,Steel]Basculegion||ChoiceScarf|Adaptability|WaveCrash,AquaJet,FlipTurn,LastRespects|||M|||50|,,,,,Water]Electabuzz||Eviolite|VitalSpirit|FollowMe,Electroweb,VoltSwitch,Taunt|||F|||50|,,,,,Fairy]Incineroar||AssaultVest|Intimidate|FakeOut,FlareBlitz,KnockOff,Uturn|||M|||50|,,,,,Ghost]Sneasler||FocusSash|Unburden|DireClaw,CloseCombat,ThroatChop,Protect|||F|||50|,,,,,Dark]Talonflame||CovertCloak|GaleWings|Tailwind,BraveBird,WillOWisp,Taunt|||M|||50|,,,,,Ghost
|showteam|p2|Dondozo||Leftovers|Unaware|WaveCrash,OrderUp,Earthquake,Protect|||M|||50|,,,,,Grass]Tatsugiri||SafetyGoggles|Commander|DracoMeteor,MuddyWater,HelpingHand,Protect|||M|||50|,,,,,Steel]Ursaluna-Bloodmoon||SilkScarf|MindsEye|BloodMoon,HyperVoice,EarthPower,Protect|||M|||50|,,,,,Normal]Whimsicott||CovertCloak|Prankster|Moonblast,Encore,LightScreen,Tailwind|||F|||50|,,,,,Dark]Sneasler||PsychicSeed|Unburden|CloseCombat,DireClaw,ThroatChop,Protect|||F|||50|,,,,,Dark]Indeedee||FocusSash|PsychicSurge|ExpandingForce,TeraBlast,HelpingHand,Protect|||M|||50|,,,,,Psychic
|
|t:|1757625505
|teamsize|p1|4
|teamsize|p2|4
|start
|switch|p1a: Talonflame|Talonflame, L50, M, shiny|100/100
|switch|p1b: Gholdengo|Gholdengo, L50|100/100
|switch|p2a: nice pokemon|Whimsicott, L50, F, shiny|100/100
|switch|p2b: screaming bear|Ursaluna-Bloodmoon, L50, M|100/100
|turn|1
|
|t:|1757625534
|-terastallize|p2a: nice pokemon|Dark
|-terastallize|p1b: Gholdengo|Steel
|move|p1a: Talonflame|Tailwind|p1a: Talonflame
|-sidestart|p1: Npc red panther|move: Tailwind
|move|p2a: nice pokemon|Tailwind|p2a: nice pokemon
|-sidestart|p2: fsdewfgkijeeoki|move: Tailwind
|move|p1b: Gholdengo|Make It Rain|p2b: screaming bear|[spread] p2a,p2b
|-damage|p2a: nice pokemon|6/100
|-damage|p2b: screaming bear|0 fnt
|-unboost|p1b: Gholdengo|spa|1
|faint|p2b: screaming bear
|-damage|p1b: Gholdengo|91/100|[from] item: Life Orb
|
|upkeep
|c|☆fsdewfgkijeeoki|uh what
|
|t:|1757625553
|switch|p2b: Figurehead|Dondozo, L50, M, shiny|100/100
|turn|2
|
|t:|1757625573
|switch|p1a: Incineroar|Incineroar, L50, M, shiny|100/100
|-ability|p1a: Incineroar|Intimidate|boost
|-unboost|p2a: nice pokemon|atk|1
|-unboost|p2b: Figurehead|atk|1
|switch|p2a: true leader.|Tatsugiri, L50, M|100/100
|-activate|p2a: true leader.|ability: Commander|[of] p2b: Figurehead
|-boost|p2b: Figurehead|atk|2
|-boost|p2b: Figurehead|spa|2
|-boost|p2b: Figurehead|spe|2
|-boost|p2b: Figurehead|def|2
|-boost|p2b: Figurehead|spd|2
|move|p2b: Figurehead|Earthquake|p1a: Incineroar|[spread] p1a,p1b
|-miss|p2b: Figurehead|p2a: true leader.
|-supereffective|p1a: Incineroar
|-supereffective|p1b: Gholdengo
|-damage|p1a: Incineroar|47/100
|-damage|p1b: Gholdengo|20/100
|move|p1b: Gholdengo|Make It Rain|p2b: Figurehead|[spread] p2b
|-miss|p1b: Gholdengo|p2a: true leader.
|-resisted|p2b: Figurehead
|-damage|p2b: Figurehead|83/100
|-unboost|p1b: Gholdengo|spa|1
|-damage|p1b: Gholdengo|10/100|[from] item: Life Orb
|
|-heal|p2b: Figurehead|89/100|[from] item: Leftovers
|upkeep
|turn|3
|
|t:|1757625599
|switch|p1b: Talonflame|Talonflame, L50, M, shiny|100/100
|move|p2b: Figurehead|Protect|p2b: Figurehead
|-singleturn|p2b: Figurehead|Protect
|move|p1a: Incineroar|Fake Out|p2b: Figurehead
|-activate|p2b: Figurehead|move: Protect
|
|-heal|p2b: Figurehead|95/100|[from] item: Leftovers
|upkeep
|turn|4
|
|t:|1757625612
|move|p1b: Talonflame|Will-O-Wisp|p2b: Figurehead
|-status|p2b: Figurehead|brn
|move|p2b: Figurehead|Wave Crash|p1b: Talonflame
|-supereffective|p1b: Talonflame
|-damage|p1b: Talonflame|11/100
|-damage|p2b: Figurehead|71/100 brn|[from] Recoil
|move|p1a: Incineroar|Knock Off|p2b: Figurehead
|-damage|p2b: Figurehead|52/100 brn
|-enditem|p2b: Figurehead|Leftovers|[from] move: Knock Off|[of] p1a: Incineroar
|
|-damage|p2b: Figurehead|46/100 brn|[from] brn
|-sideend|p2: fsdewfgkijeeoki|move: Tailwind
|-sideend|p1: Npc red panther|move: Tailwind
|upkeep
|turn|5
|
|t:|1757625633
|move|p1b: Talonflame|Tailwind|p1b: Talonflame
|-sidestart|p1: Npc red panther|move: Tailwind
|move|p2b: Figurehead|Order Up|p1b: Talonflame
|-damage|p1b: Talonflame|0 fnt
|faint|p1b: Talonflame
|-boost|p2b: Figurehead|atk|1
|move|p1a: Incineroar|U-turn|p2b: Figurehead
|-damage|p2b: Figurehead|38/100 brn
|
|t:|1757625639
|switch|p1a: Gholdengo|Gholdengo, L50, tera:Steel|10/100|[from] U-turn
|
|-damage|p2b: Figurehead|32/100 brn|[from] brn
|upkeep
|
|t:|1757625647
|switch|p1b: Incineroar|Incineroar, L50, M, shiny|47/100
|-ability|p1b: Incineroar|Intimidate|boost
|-unboost|p2a: true leader.|atk|1
|-unboost|p2b: Figurehead|atk|1
|turn|6
|
|t:|1757625653
|move|p1b: Incineroar|Fake Out|p2b: Figurehead
|-damage|p2b: Figurehead|26/100 brn
|move|p1a: Gholdengo|Nasty Plot|p1a: Gholdengo
|-boost|p1a: Gholdengo|spa|2
|cant|p2b: Figurehead|flinch
|
|-damage|p2b: Figurehead|20/100 brn|[from] brn
|upkeep
|turn|7
|
|t:|1757625661
|move|p1a: Gholdengo|Protect|p1a: Gholdengo
|-singleturn|p1a: Gholdengo|Protect
|move|p2b: Figurehead|Protect|p2b: Figurehead
|-singleturn|p2b: Figurehead|Protect
|move|p1b: Incineroar|Knock Off|p2b: Figurehead
|-activate|p2b: Figurehead|move: Protect
|
|-damage|p2b: Figurehead|14/100 brn|[from] brn
|upkeep
|turn|8
|
|t:|1757625670
|move|p1a: Gholdengo|Nasty Plot|p1a: Gholdengo
|-boost|p1a: Gholdengo|spa|2
|move|p2b: Figurehead|Earthquake|p1b: Incineroar|[spread] p1a,p1b
|-miss|p2b: Figurehead|p2a: true leader.
|-supereffective|p1a: Gholdengo
|-crit|p1a: Gholdengo
|-supereffective|p1b: Incineroar
|-damage|p1a: Gholdengo|0 fnt
|-damage|p1b: Incineroar|18/100
|faint|p1a: Gholdengo
|move|p1b: Incineroar|Knock Off|p2b: Figurehead
|-damage|p2b: Figurehead|2/100 brn
|
|-damage|p2b: Figurehead|0 fnt|[from] brn
|faint|p2b: Figurehead
|-sideend|p1: Npc red panther|move: Tailwind
|upkeep
|
|t:|1757625680
|switch|p1a: Sneasler|Sneasler, L50, F, shiny|100/100
|switch|p2b: nice pokemon|Whimsicott, L50, F, shiny, tera:Dark|6/100
|turn|9
|
|t:|1757625705
|move|p1a: Sneasler|Close Combat|p2a: true leader.
|-damage|p2a: true leader.|1/100
|-unboost|p1a: Sneasler|def|1
|-unboost|p1a: Sneasler|spd|1
|move|p2b: nice pokemon|Moonblast|p1a: Sneasler
|-damage|p1a: Sneasler|46/100
|move|p2a: true leader.|Muddy Water|p1a: Sneasler|[spread] p1a,p1b
|-supereffective|p1b: Incineroar
|-damage|p1a: Sneasler|0 fnt
|-damage|p1b: Incineroar|0 fnt
|faint|p1a: Sneasler
|faint|p1b: Incineroar
|
|win|fsdewfgkijeeoki
|inactive|Npc red panther has 30 seconds to confirm battle start!
|inactive|fsdewfgkijeeoki has 30 seconds to confirm battle start!
||Npc red panther is ready for game 2.
