|j|☆Crying Flurmels
|j|☆Harry Koekenpan
|html|Crying FlurmelsHarry Koekenpan    
|uhtml|bestof|Game 3 of a best-of-3
|t:|1756318250
|gametype|doubles
|player|p1|Crying Flurmels|102|
|player|p2|Harry Koekenpan|1|
|gen|9
|tier|[Gen 9] VGC 2025 Reg H (Bo3)
|rule|Species Clause: Limit one of each Pokémon
|rule|Item Clause: Limit 1 of each item
|clearpoke
|poke|p1|Murkrow, L50, F|
|poke|p1|Volcarona, L50, M|
|poke|p1|Sneasler, L50, F|
|poke|p1|Kingambit, L50, F|
|poke|p1|Dragonite, L50, M|
|poke|p1|Rillaboom, L50, M|
|poke|p2|Toedscruel, L50, F|
|poke|p2|Weezing-Galar, L50, F|
|poke|p2|Garchomp, L50, F|
|poke|p2|Kilowattrel, L50, M|
|poke|p2|Typhlosion-Hisui, L50, M|
|poke|p2|Conkeldurr, L50, M|
|teampreview|4
|showteam|p1|Murkrow||Eviolite|Prankster|FoulPlay,Tailwind,Haze,Taunt|||F|||50|,,,,,Ghost]Volcarona||CovertCloak|FlameBody|HeatWave,TeraBlast,QuiverDance,Protect|||M|||50|,,,,,Water]Sneasler||GrassySeed|Unburden|DireClaw,CloseCombat,Protect,Coaching|||F|||50|,,,,,Stellar]Kingambit||BlackGlasses|Defiant|KowtowCleave,SuckerPunch,SwordsDance,Protect|||F|||50|,,,,,Dark]Dragonite||ChoiceBand|InnerFocus|Outrage,StompingTantrum,LowKick,ExtremeSpeed|||M|||50|,,,,,Normal]Rillaboom||MiracleSeed|GrassySurge|WoodHammer,GrassyGlide,Uturn,FakeOut|||M|||50|,,,,,Fire
|showteam|p2|Toedscruel||CovertCloak|MyceliumMight|Spore,RagePowder,AcidSpray,EarthPower|||F|||50|,,,,,Water]Weezing-Galar||ChoiceSpecs|NeutralizingGas|DazzlingGleam,SludgeBomb,StrangeSteam,TeraBlast|||F|||50|,,,,,Water]Garchomp||LifeOrb|RoughSkin|Protect,Earthquake,DragonClaw,StompingTantrum|||F|||50|,,,,,Ground]Kilowattrel||FocusSash|Competitive|Discharge,AirSlash,Tailwind,Protect|||M|||50|,,,,,Ghost]Typhlosion-Hisui||ChoiceScarf|Blaze|Eruption,HeatWave,ShadowBall,SleepTalk|||M|||50|,,,,,Fire]Conkeldurr||AssaultVest|IronFist|MachPunch,DrainPunch,KnockOff,IcePunch|||M|||50|,,,,,Grass
|inactive|Battle timer is ON: inactive players will automatically lose when time's up. (requested by Harry Koekenpan)
|inactive|Harry Koekenpan has 60 seconds left.
|
|t:|1756318304
|teamsize|p1|4
|teamsize|p2|4
|start
|switch|p1a: Sneasler|Sneasler, L50, F|100/100
|switch|p1b: Dragonite|Dragonite, L50, M|100/100
|switch|p2a: Garchomp|Garchomp, L50, F|100/100
|switch|p2b: Typhlosion|Typhlosion-Hisui, L50, M|100/100
|turn|1
|inactive|Crying Flurmels has 30 seconds left.
|inactive|Harry Koekenpan has 30 seconds left.
|
|t:|1756318338
|move|p2a: Garchomp|Protect|p2a: Garchomp
|-singleturn|p2a: Garchomp|Protect
|move|p1b: Dragonite|Extreme Speed|p2a: Garchomp
|-activate|p2a: Garchomp|move: Protect
|move|p2b: Typhlosion|Eruption|p1b: Dragonite|[spread] p1a,p1b
|-resisted|p1b: Dragonite
|-damage|p1a: Sneasler|14/100
|-damage|p1b: Dragonite|68/100
|move|p1a: Sneasler|Dire Claw|p2b: Typhlosion
|-resisted|p2b: Typhlosion
|-crit|p2b: Typhlosion
|-damage|p2b: Typhlosion|54/100
|-status|p2b: Typhlosion|slp
|
|upkeep
|turn|2
|inactive|Harry Koekenpan has 30 seconds left.
|inactive|Harry Koekenpan has 20 seconds left.
|inactive|Harry Koekenpan has 15 seconds left.
|inactive|Harry Koekenpan has 10 seconds left.
|
|t:|1756318384
|switch|p2b: Conkeldurr|Conkeldurr, L50, M|100/100
|move|p1b: Dragonite|Extreme Speed|p2a: Garchomp
|-damage|p2a: Garchomp|51/100
|-damage|p1b: Dragonite|56/100|[from] ability: Rough Skin|[of] p2a: Garchomp
|move|p1a: Sneasler|Close Combat|p2a: Garchomp
|-damage|p2a: Garchomp|0 fnt
|-unboost|p1a: Sneasler|def|1
|-unboost|p1a: Sneasler|spd|1
|-damage|p1a: Sneasler|2/100|[from] ability: Rough Skin|[of] p2a: Garchomp
|faint|p2a: Garchomp
|
|upkeep
|
|t:|1756318398
|switch|p2a: Typhlosion|Typhlosion-Hisui, L50, M|54/100 slp
|turn|3
|
|t:|1756318415
|move|p1a: Sneasler|Protect|p1a: Sneasler
|-singleturn|p1a: Sneasler|Protect
|move|p1b: Dragonite|Extreme Speed|p2b: Conkeldurr
|-damage|p2b: Conkeldurr|59/100
|cant|p2a: Typhlosion|slp
|move|p2a: Typhlosion|Sleep Talk|p2a: Typhlosion
|move|p2a: Typhlosion|Eruption|p1a: Sneasler|[from] move: Sleep Talk|[spread] p1b
|-activate|p1a: Sneasler|move: Protect
|-resisted|p1b: Dragonite
|-damage|p1b: Dragonite|39/100
|move|p2b: Conkeldurr|Ice Punch|p1b: Dragonite
|-supereffective|p1b: Dragonite
|-damage|p1b: Dragonite|0 fnt
|faint|p1b: Dragonite
|
|upkeep
|
|t:|1756318430
|switch|p1b: Volcarona|Volcarona, L50, M|100/100
|turn|4
|
|t:|1756318441
|-terastallize|p1b: Volcarona|Water
|-curestatus|p2a: Typhlosion|slp|[msg]
|move|p2a: Typhlosion|Sleep Talk||[still]
|-fail|p2a: Typhlosion
|move|p1a: Sneasler|Coaching|p1b: Volcarona
|-boost|p1b: Volcarona|atk|1
|-boost|p1b: Volcarona|def|1
|move|p1b: Volcarona|Tera Blast|p2a: Typhlosion|[anim] Tera Blast Water
|-supereffective|p2a: Typhlosion
|-damage|p2a: Typhlosion|0 fnt
|faint|p2a: Typhlosion
|move|p2b: Conkeldurr|Knock Off|p1b: Volcarona
|-damage|p1b: Volcarona|73/100
|-enditem|p1b: Volcarona|Covert Cloak|[from] move: Knock Off|[of] p2b: Conkeldurr
|
|upkeep
|
|t:|1756318456
|switch|p2a: Kilowattrel|Kilowattrel, L50, M|100/100
|turn|5
|
|t:|1756318471
|move|p2a: Kilowattrel|Discharge|p1a: Sneasler|[spread] p2b,p1a,p1b
|-supereffective|p1b: Volcarona
|-damage|p2b: Conkeldurr|37/100
|-damage|p1a: Sneasler|0 fnt
|-damage|p1b: Volcarona|25/100
|faint|p1a: Sneasler
|move|p1b: Volcarona|Heat Wave|p2a: Kilowattrel|[spread] p2a,p2b
|-damage|p2a: Kilowattrel|34/100
|-damage|p2b: Conkeldurr|8/100
|move|p2b: Conkeldurr|Drain Punch|p1b: Volcarona
|-damage|p1b: Volcarona|0 fnt
|-heal|p2b: Conkeldurr|18/100|[from] drain|[of] p1b: Volcarona
|faint|p1b: Volcarona
|
|upkeep
|
|t:|1756318482
|switch|p1b: Kingambit|Kingambit, L50, F|100/100
|turn|6
|inactive|Harry Koekenpan has 30 seconds left.
|inactive|Harry Koekenpan has 20 seconds left.
|inactive|Harry Koekenpan has 15 seconds left.
|inactive|Harry Koekenpan has 10 seconds left.
|
|t:|1756318529
|move|p1b: Kingambit|Sucker Punch|p2b: Conkeldurr
|-resisted|p2b: Conkeldurr
|-crit|p2b: Conkeldurr
|-damage|p2b: Conkeldurr|0 fnt
|faint|p2b: Conkeldurr
|move|p2a: Kilowattrel|Discharge|p1b: Kingambit
|-damage|p1b: Kingambit|64/100
|-status|p1b: Kingambit|par
|
|upkeep
|turn|7
|inactive|Harry Koekenpan has 30 seconds left.
|
|t:|1756318556
|move|p2a: Kilowattrel|Discharge|p1b: Kingambit
|-damage|p1b: Kingambit|25/100 par
|move|p1b: Kingambit|Kowtow Cleave|p2a: Kilowattrel
|-damage|p2a: Kilowattrel|0 fnt
|faint|p2a: Kilowattrel
|
|win|Crying Flurmels
|c|☆Harry Koekenpan|gg
|l|☆Harry Koekenpan
|player|p2|
|l|☆Crying Flurmels
|player|p1|
|j|☆Crying Flurmels
|player|p1|Crying Flurmels|102|
