|j|☆Echohevy5555
|j|☆KChiefs7
|html|Echohevy5555KChiefs7    
|uhtml|bestof|Game 2 of a best-of-3
|t:|1756910722
|gametype|doubles
|player|p1|Echohevy5555|102|1065
|player|p2|KChiefs7|swimmer-gen4|1088
|gen|9
|tier|[Gen 9] VGC 2025 Reg H (Bo3)
|rated|
|rule|Species Clause: Limit one of each Pokémon
|rule|Item Clause: Limit 1 of each item
|clearpoke
|poke|p1|Arcanine-Hisui, L50, M|
|poke|p1|Rillaboom, L50, F|
|poke|p1|Dragonite, L50, F|
|poke|p1|Sneasler, L50, F|
|poke|p1|Ninetales-Alola, L50, M|
|poke|p1|Gholdengo, L50|
|poke|p2|Ursaluna, L50, F|
|poke|p2|Gholdengo, L50|
|poke|p2|Flamigo, L50, M|
|poke|p2|Amoonguss, L50, F|
|poke|p2|Porygon2, L50|
|poke|p2|Incineroar, L50, M|
|teampreview|4
|showteam|p1|Arcanine-Hisui||ClearAmulet|Intimidate|FlareBlitz,RockSlide,ExtremeSpeed,Protect|||M|||50|,,,,,Water]Rillaboom||AssaultVest|GrassySurge|DrumBeating,GrassyGlide,HighHorsepower,FakeOut|||F|||50|,,,,,Fire]Dragonite||LoadedDice|Multiscale|ScaleShot,Tailwind,StompingTantrum,Protect|||F|||50|,,,,,Ground]Sneasler||WhiteHerb|Unburden|CloseCombat,DireClaw,Coaching,Protect|||F|||50|,,,,,Ghost]Ninetales-Alola||FocusSash|SnowWarning|Blizzard,Encore,IcyWind,AuroraVeil|||M|||50|,,,,,Ghost]Gholdengo||GrassySeed|GoodasGold|NastyPlot,MakeItRain,ShadowBall,Protect||||||50|,,,,,Water
|showteam|p2|Ursaluna||FlameOrb|Guts|Facade,HeadlongRush,Earthquake,Protect|||F|||50|,,,,,Ghost]Gholdengo||LifeOrb|GoodasGold|MakeItRain,ShadowBall,NastyPlot,Protect||||||50|,,,,,Water]Flamigo||FocusSash|Scrappy|Detect,CloseCombat,WideGuard,DualWingbeat|||M|||50|,,,,,Ghost]Amoonguss||CovertCloak|Regenerator|RagePowder,Spore,PollenPuff,ClearSmog|||F|||50|,,,,,Fairy]Porygon2||Eviolite|Download|TeraBlast,IceBeam,Recover,TrickRoom||||||50|,,,,,Fighting]Incineroar||SafetyGoggles|Intimidate|FlareBlitz,KnockOff,FakeOut,PartingShot|||M|||50|,,,,,Ghost
|inactive|Battle timer is ON: inactive players will automatically lose when time's up. (requested by KChiefs7)
|inactive|Echohevy5555 has 60 seconds left.
|inactive|KChiefs7 has 60 seconds left.
|
|t:|1756910781
|teamsize|p1|4
|teamsize|p2|4
|start
|switch|p1a: Rillaboom|Rillaboom, L50, F|100/100
|switch|p1b: Gholdengo|Gholdengo, L50|100/100
|switch|p2a: Gholdengo|Gholdengo, L50|100/100
|switch|p2b: Ursaluna|Ursaluna, L50, F|100/100
|-fieldstart|move: Grassy Terrain|[from] ability: Grassy Surge|[of] p1a: Rillaboom
|-enditem|p1b: Gholdengo|Grassy Seed
|-boost|p1b: Gholdengo|def|1|[from] item: Grassy Seed
|turn|1
|
|t:|1756910804
|move|p2b: Ursaluna|Protect|p2b: Ursaluna
|-singleturn|p2b: Ursaluna|Protect
|move|p2a: Gholdengo|Shadow Ball|p1b: Gholdengo
|-supereffective|p1b: Gholdengo
|-damage|p1b: Gholdengo|0 fnt
|faint|p1b: Gholdengo
|-damage|p2a: Gholdengo|91/100|[from] item: Life Orb
|move|p1a: Rillaboom|High Horsepower|p2a: Gholdengo
|-supereffective|p2a: Gholdengo
|-damage|p2a: Gholdengo|25/100
|
|-heal|p2a: Gholdengo|31/100|[from] Grassy Terrain
|-status|p2b: Ursaluna|brn|[from] item: Flame Orb
|upkeep
|
|t:|1756910822
|switch|p1b: Sneasler|Sneasler, L50, F|100/100
|turn|2
|inactive|KChiefs7 has 30 seconds left.
|
|t:|1756910853
|switch|p2a: Porygon2|Porygon2, L50|100/100
|-ability|p2a: Porygon2|Download|boost
|-boost|p2a: Porygon2|spa|1
|-terastallize|p2b: Ursaluna|Ghost
|move|p1b: Sneasler|Coaching|p1a: Rillaboom
|-boost|p1a: Rillaboom|atk|1
|-boost|p1a: Rillaboom|def|1
|move|p1a: Rillaboom|High Horsepower|p2a: Porygon2
|-damage|p2a: Porygon2|71/100
|move|p2b: Ursaluna|Facade|p1a: Rillaboom
|-crit|p1a: Rillaboom
|-damage|p1a: Rillaboom|0 fnt
|faint|p1a: Rillaboom
|
|-heal|p2a: Porygon2|77/100|[from] Grassy Terrain
|-damage|p2b: Ursaluna|95/100 brn|[from] brn
|upkeep
|
|t:|1756910865
|switch|p1a: Arcanine|Arcanine-Hisui, L50, M|100/100
|-ability|p1a: Arcanine|Intimidate|boost
|-unboost|p2a: Porygon2|atk|1
|-unboost|p2b: Ursaluna|atk|1
|turn|3
|c|☆Echohevy5555|Oof
|c|☆Echohevy5555|rough crit
|c|☆KChiefs7|I think it would of killed anyway
|inactive|Echohevy5555 has 30 seconds left.
|inactive|KChiefs7 has 30 seconds left.
|inactive|KChiefs7 has 20 seconds left.
|
|t:|1756910900
|switch|p2a: Gholdengo|Gholdengo, L50|31/100
|switch|p2b: Amoonguss|Amoonguss, L50, F|100/100
|move|p1b: Sneasler|Close Combat|p2a: Gholdengo
|-immune|p2a: Gholdengo
|move|p1a: Arcanine|Flare Blitz|p2b: Amoonguss
|-supereffective|p2b: Amoonguss
|-damage|p2b: Amoonguss|4/100
|-damage|p1a: Arcanine|60/100|[from] Recoil
|
|-heal|p1a: Arcanine|65/100|[from] Grassy Terrain
|-heal|p2a: Gholdengo|37/100|[from] Grassy Terrain
|-heal|p2b: Amoonguss|10/100|[from] Grassy Terrain
|upkeep
|turn|4
|c|☆Echohevy5555|I don’t think so after the defense boost of coaching
|inactive|Echohevy5555 has 30 seconds left.
|inactive|KChiefs7 has 30 seconds left.
|
|t:|1756910927
|move|p2b: Amoonguss|Rage Powder|p2b: Amoonguss
|-singleturn|p2b: Amoonguss|move: Rage Powder
|move|p1b: Sneasler|Dire Claw|p2b: Amoonguss
|-damage|p2b: Amoonguss|0 fnt
|faint|p2b: Amoonguss
|move|p1a: Arcanine|Flare Blitz|p2a: Gholdengo
|-supereffective|p2a: Gholdengo
|-damage|p2a: Gholdengo|0 fnt
|faint|p2a: Gholdengo
|-damage|p1a: Arcanine|54/100|[from] Recoil
|
|-heal|p1a: Arcanine|60/100|[from] Grassy Terrain
|upkeep
|
|t:|1756910933
|switch|p2a: Porygon2|Porygon2, L50|77/100
|switch|p2b: Ursaluna|Ursaluna, L50, F, tera:Ghost|95/100 brn
|-ability|p2a: Porygon2|Download|boost
|-boost|p2a: Porygon2|atk|1
|turn|5
|inactive|Echohevy5555 has 30 seconds left.
|inactive|KChiefs7 has 30 seconds left.
|inactive|Echohevy5555 has 20 seconds left.
|
|t:|1756910973
|-terastallize|p1b: Sneasler|Ghost
|move|p1a: Arcanine|Protect|p1a: Arcanine
|-singleturn|p1a: Arcanine|Protect
|move|p1b: Sneasler|Close Combat|p2a: Porygon2
|-supereffective|p2a: Porygon2
|-damage|p2a: Porygon2|0 fnt
|-unboost|p1b: Sneasler|def|1
|-unboost|p1b: Sneasler|spd|1
|faint|p2a: Porygon2
|-enditem|p1b: Sneasler|White Herb
|-clearnegativeboost|p1b: Sneasler|[silent]
|move|p2b: Ursaluna|Earthquake|p1b: Sneasler|[spread] p1b
|-activate|p1a: Arcanine|move: Protect
|-damage|p1b: Sneasler|56/100
|
|-heal|p1b: Sneasler|63/100|[from] Grassy Terrain
|-heal|p1a: Arcanine|65/100|[from] Grassy Terrain
|-heal|p2b: Ursaluna|100/100 brn|[from] Grassy Terrain
|-damage|p2b: Ursaluna|95/100 brn|[from] brn
|-fieldend|move: Grassy Terrain
|upkeep
|turn|6
|
|t:|1756910994
|move|p1b: Sneasler|Coaching|p1a: Arcanine
|-boost|p1a: Arcanine|atk|1
|-boost|p1a: Arcanine|def|1
|move|p1a: Arcanine|Flare Blitz|p2b: Ursaluna
|-damage|p2b: Ursaluna|28/100 brn
|-damage|p1a: Arcanine|37/100|[from] Recoil
|move|p2b: Ursaluna|Earthquake|p1a: Arcanine|[spread] p1a,p1b
|-supereffective|p1a: Arcanine
|-damage|p1a: Arcanine|0 fnt
|-damage|p1b: Sneasler|0 fnt
|faint|p1a: Arcanine
|faint|p1b: Sneasler
|
|win|KChiefs7
||Echohevy5555 is ready for game 3.
|inactive|KChiefs7 has 30 seconds to confirm battle start!
||KChiefs7 is ready for game 3.
|uhtml|next|Next: Game 3 of 3
