|j|☆blizzardspamming
|j|☆Slafyx
|html|blizzardspammingSlafyx    
|uhtml|bestof|Game 1 of a best-of-3
|t:|1783694699
|gametype|doubles
|player|p1|blizzardspamming|clair|1236
|player|p2|Slafyx|steven|1202
|gen|9
|tier|[Gen 9 Champions] VGC 2026 Reg M-B (Bo3)
|rated|
|rule|Species Clause: Limit one of each Pokémon
|rule|Item Clause: Limit 1 of each item
|clearpoke
|poke|p1|Gengar, L50, M|
|poke|p1|Ninetales-Alola, L50, F|
|poke|p1|Incineroar, L50, F|
|poke|p1|Gholdengo, L50|
|poke|p1|Sneasler, L50, F|
|poke|p1|Hydreigon, L50, M|
|poke|p2|Gengar, L50, M, shiny|
|poke|p2|Swampert, L50, F, shiny|
|poke|p2|Incineroar, L50, F, shiny|
|poke|p2|Politoed, L50, F, shiny|
|poke|p2|Archaludon, L50, F, shiny|
|poke|p2|Vivillon-Elegant, L50, F, shiny|
|teampreview|4
|showteam|p1|Gengar||Gengarite|CursedBody|ShadowBall,SludgeBomb,Disable,Protect|Modest||M|||50|]Ninetales-Alola||OccaBerry|SnowWarning|Blizzard,FreezeDry,Encore,Protect|Timid||F|||50|]Incineroar||SitrusBerry|Intimidate|FakeOut,FlareBlitz,DarkestLariat,PartingShot|Sassy||F|||50|]Gholdengo||Leftovers|GoodasGold|MakeItRain,ShadowBall,NastyPlot,Protect|Modest|||||50|]Sneasler||FocusSash|PoisonTouch|FakeOut,CloseCombat,DireClaw,Protect|Jolly||F|||50|]Hydreigon||LifeOrb|Levitate|DracoMeteor,DarkPulse,EarthPower,Protect|Modest||M|||50|
|showteam|p2|Gengar||Gengarite|CursedBody|ShadowBall,SludgeBomb,PerishSong,Protect|Timid||M|||50|]Swampert||Swampertite|Damp|WaveCrash,Earthquake,IcePunch,Protect|Adamant||F|||50|]Incineroar||PasshoBerry|Intimidate|FakeOut,ThroatChop,PartingShot,Protect|Sassy||F|||50|]Politoed||SitrusBerry|Drizzle|WeatherBall,Encore,PerishSong,Protect|Calm||F|||50|]Archaludon||Leftovers|Stamina|DragonPulse,FlashCannon,ElectroShot,Protect|Bold||F|||50|]Vivillon-Elegant||FocusSash|CompoundEyes|Hurricane,SleepPowder,RagePowder,Protect|Timid||F|||50|
|inactive|Battle timer is ON: inactive players will automatically lose when time's up. (requested by Slafyx)
|inactive|blizzardspamming has 60 seconds left.
|inactive|Slafyx has 60 seconds left.
|
|t:|1783694736
|teamsize|p1|4
|teamsize|p2|4
|start
|switch|p1a: Ninetales|Ninetales-Alola, L50, F|100/100
|switch|p1b: Gengar|Gengar, L50, M|100/100
|switch|p2a: Swampert|Swampert, L50, F, shiny|100/100
|switch|p2b: Incineroar|Incineroar, L50, F, shiny|100/100
|-weather|Snowscape|[from] ability: Snow Warning|[of] p1a: Ninetales
|-ability|p2b: Incineroar|Intimidate|boost
|-unboost|p1a: Ninetales|atk|1
|-unboost|p1b: Gengar|atk|1
|turn|1
|inactive|Slafyx has 30 seconds left.
|
|t:|1783694767
|switch|p1a: Incineroar|Incineroar, L50, F|100/100
|-ability|p1a: Incineroar|Intimidate|boost
|-unboost|p2a: Swampert|atk|1
|-unboost|p2b: Incineroar|atk|1
|switch|p2b: Politoed|Politoed, L50, F, shiny|100/100
|-weather|RainDance|[from] ability: Drizzle|[of] p2b: Politoed
|detailschange|p1b: Gengar|Gengar-Mega, L50, M
|-mega|p1b: Gengar|Gengar|Gengarite
|detailschange|p2a: Swampert|Swampert-Mega, L50, F, shiny
|-mega|p2a: Swampert|Swampert|Swampertite
|move|p1b: Gengar|Protect|p1b: Gengar
|-singleturn|p1b: Gengar|Protect
|move|p2a: Swampert|Earthquake|p1a: Incineroar|[spread] p2b,p1a
|-activate|p1b: Gengar|move: Protect
|-supereffective|p1a: Incineroar|1
|-damage|p2b: Politoed|72/100
|-damage|p1a: Incineroar|43/100
|-enditem|p1a: Incineroar|Sitrus Berry|[eat]
|-heal|p1a: Incineroar|68/100|[from] item: Sitrus Berry
|
|-weather|RainDance|[upkeep]
|upkeep
|turn|2
|inactive|blizzardspamming has 30 seconds left.
|inactive|Slafyx has 30 seconds left.
|inactive|blizzardspamming has 20 seconds left.
|inactive|blizzardspamming has 15 seconds left.
|
|t:|1783694810
|switch|p1a: Ninetales|Ninetales-Alola, L50, F|100/100
|-weather|Snowscape|[from] ability: Snow Warning|[of] p1a: Ninetales
|move|p2a: Swampert|Protect|p2a: Swampert
|-singleturn|p2a: Swampert|Protect
|move|p1b: Gengar|Disable|p2a: Swampert
|-activate|p2a: Swampert|move: Protect
|move|p2b: Politoed|Encore|p1b: Gengar
|-start|p1b: Gengar|Encore
|
|-weather|Snowscape|[upkeep]
|upkeep
|turn|3
|j| Anirban147inferno
|inactive|Slafyx has 30 seconds left.
|
|t:|1783694842
|move|p1a: Ninetales|Encore|p2a: Swampert
|-start|p2a: Swampert|Encore
|move|p2a: Swampert|Protect||[still]
|-fail|p2a: Swampert
|move|p1b: Gengar|Disable|p2a: Swampert
|-start|p2a: Swampert|Disable|Protect
|move|p2b: Politoed|Perish Song|p2b: Politoed
|-start|p1a: Ninetales|perish3|[silent]
|-start|p1b: Gengar|perish3|[silent]
|-start|p2a: Swampert|perish3|[silent]
|-start|p2b: Politoed|perish3|[silent]
|-fieldactivate|move: Perish Song
|
|-weather|Snowscape|[upkeep]
|-start|p1a: Ninetales|perish3
|-start|p1b: Gengar|perish3
|-start|p2a: Swampert|perish3
|-start|p2b: Politoed|perish3
|upkeep
|turn|4
|
|t:|1783694861
|move|p1a: Ninetales|Freeze-Dry|p2b: Politoed
|-supereffective|p2b: Politoed|1
|-damage|p2b: Politoed|28/100
|-enditem|p2b: Politoed|Sitrus Berry|[eat]
|-heal|p2b: Politoed|53/100|[from] item: Sitrus Berry
|move|p1b: Gengar|Disable|p2b: Politoed
|-start|p2b: Politoed|Disable|Perish Song
|-activate|p2a: Swampert|move: Struggle
|move|p2a: Swampert|Struggle|p1a: Ninetales
|-damage|p1a: Ninetales|85/100
|-damage|p2a: Swampert|74/100|[from] recoil
|move|p2b: Politoed|Encore|p1a: Ninetales
|-start|p1a: Ninetales|Encore
|
|-weather|Snowscape|[upkeep]
|-start|p1a: Ninetales|perish2
|-start|p1b: Gengar|perish2
|-start|p2a: Swampert|perish2
|-start|p2b: Politoed|perish2
|upkeep
|turn|5
|inactive|blizzardspamming has 30 seconds left.
|
|t:|1783694887
|move|p1a: Ninetales|Freeze-Dry|p2a: Swampert
|-supereffective|p2a: Swampert|2
|-damage|p2a: Swampert|0 fnt
|faint|p2a: Swampert
|move|p1b: Gengar|Disable||[still]
|-fail|p1b: Gengar
|move|p2b: Politoed|Weather Ball|p1b: Gengar
|-damage|p1b: Gengar|74/100
|
|-weather|Snowscape|[upkeep]
|-end|p1b: Gengar|Encore
|-start|p1a: Ninetales|perish1
|-start|p1b: Gengar|perish1
|-start|p2b: Politoed|perish1
|upkeep
|
|t:|1783694892
|switch|p2a: Archaludon|Archaludon, L50, F, shiny|100/100
|turn|6
|
|t:|1783694916
|switch|p1a: Gholdengo|Gholdengo, L50|100/100
|switch|p1b: Incineroar|Incineroar, L50, F|68/100
|-ability|p1b: Incineroar|Intimidate|boost
|-unboost|p2a: Archaludon|atk|1
|-unboost|p2b: Politoed|atk|1
|move|p2a: Archaludon|Flash Cannon|p1a: Gholdengo
|-resisted|p1a: Gholdengo|1
|-damage|p1a: Gholdengo|83/100
|move|p2b: Politoed|Weather Ball|p1a: Gholdengo
|-resisted|p1a: Gholdengo|1
|-damage|p1a: Gholdengo|74/100
|
|-weather|none
|-heal|p1a: Gholdengo|80/100|[from] item: Leftovers
|-start|p2b: Politoed|perish0
|upkeep
|faint|p2b: Politoed
|
|t:|1783694921
|switch|p2b: Incineroar|Incineroar, L50, F, shiny|100/100
|-ability|p2b: Incineroar|Intimidate|boost
|-unboost|p1a: Gholdengo|atk|1
|-unboost|p1b: Incineroar|atk|1
|turn|7
|
|t:|1783694942
|switch|p1a: Gengar|Gengar-Mega, L50, M|74/100
|move|p2a: Archaludon|Flash Cannon|p1b: Incineroar
|-resisted|p1b: Incineroar|1
|-damage|p1b: Incineroar|55/100
|move|p1b: Incineroar|Parting Shot|p2a: Archaludon
|-unboost|p2a: Archaludon|atk|1
|-unboost|p2a: Archaludon|spa|1
|
|t:|1783694949
|switch|p1b: Gholdengo|Gholdengo, L50|80/100|[from] Parting Shot
|move|p2b: Incineroar|Throat Chop|p1a: Gengar
|-supereffective|p1a: Gengar|1
|-damage|p1a: Gengar|6/100
|-start|p1a: Gengar|Throat Chop|[silent]
|
|-heal|p1b: Gholdengo|86/100|[from] item: Leftovers
|upkeep
|turn|8
|
|t:|1783694962
|move|p1a: Gengar|Disable|p2b: Incineroar
|-start|p2b: Incineroar|Disable|Throat Chop
|move|p1b: Gholdengo|Nasty Plot|p1b: Gholdengo
|-boost|p1b: Gholdengo|spa|2
|move|p2a: Archaludon|Flash Cannon|p1a: Gengar
|-damage|p1a: Gengar|0 fnt
|faint|p1a: Gengar
|cant|p2b: Incineroar|Disable|Throat Chop
|
|-heal|p1b: Gholdengo|92/100|[from] item: Leftovers
|upkeep
|
|t:|1783694974
|switch|p1a: Incineroar|Incineroar, L50, F|55/100
|-ability|p1a: Incineroar|Intimidate|boost
|-unboost|p2a: Archaludon|atk|1
|-unboost|p2b: Incineroar|atk|1
|turn|9
|
|t:|1783694982
|move|p1a: Incineroar|Fake Out|p2a: Archaludon
|-resisted|p2a: Archaludon|1
|-damage|p2a: Archaludon|96/100
|-ability|p2a: Archaludon|Stamina|boost
|-boost|p2a: Archaludon|def|1
|move|p1b: Gholdengo|Nasty Plot|p1b: Gholdengo
|-boost|p1b: Gholdengo|spa|2
|cant|p2a: Archaludon|flinch
|move|p2b: Incineroar|Parting Shot|p1a: Incineroar
|-unboost|p1a: Incineroar|atk|1
|-unboost|p1a: Incineroar|spa|1
|
|-heal|p1b: Gholdengo|98/100|[from] item: Leftovers
|-heal|p2a: Archaludon|100/100|[from] item: Leftovers
|upkeep
|turn|10
|
|t:|1783694996
|move|p1b: Gholdengo|Shadow Ball|p2a: Archaludon
|-damage|p2a: Archaludon|0 fnt
|faint|p2a: Archaludon
|move|p2b: Incineroar|Parting Shot|p1a: Incineroar
|-unboost|p1a: Incineroar|atk|1
|-unboost|p1a: Incineroar|spa|1
|move|p1a: Incineroar|Darkest Lariat|p2b: Incineroar
|-resisted|p2b: Incineroar|1
|-damage|p2b: Incineroar|93/100
|
|-heal|p1b: Gholdengo|100/100|[from] item: Leftovers
|upkeep
|turn|11
|-message|Slafyx forfeited.
|
|win|blizzardspamming
