|j|☆rod rei delas
|j|☆FxTT
|html|rod rei delasFxTT    
|uhtml|bestof|Game 3 of a best-of-3
|t:|1783398392
|gametype|doubles
|player|p1|rod rei delas|acetrainerf|
|player|p2|FxTT|266|
|gen|9
|tier|[Gen 9 Champions] VGC 2026 Reg M-B (Bo3)
|rule|Species Clause: Limit one of each Pokémon
|rule|Item Clause: Limit 1 of each item
|clearpoke
|poke|p1|Gardevoir, L50, M, shiny|
|poke|p1|Maushold-Four, L50, shiny|
|poke|p1|Grimmsnarl, L50, M, shiny|
|poke|p1|Talonflame, L50, M, shiny|
|poke|p1|Kingambit, L50, M, shiny|
|poke|p1|Garchomp, L50, M, shiny|
|poke|p2|Mawile, L50, M, shiny|
|poke|p2|Basculegion-F, L50, F, shiny|
|poke|p2|Pelipper, L50, M, shiny|
|poke|p2|Archaludon, L50, M|
|poke|p2|Sinistcha, L50|
|poke|p2|Incineroar, L50, M, shiny|
|teampreview|4
|showteam|p1|Gardevoir||Gardevoirite|Telepathy|HyperVoice,Psyshock,Protect,VacuumWave|Modest||M|||50|]Maushold-Four||ChopleBerry|FriendGuard|Feint,Taunt,FollowMe,Protect|Careful|||||50|]Grimmsnarl||RoseliBerry|Prankster|FoulPlay,PartingShot,ScaryFace,FakeOut|Careful||M|||50|]Talonflame||SharpBeak|GaleWings|FlareBlitz,DualWingbeat,Tailwind,QuickGuard|Jolly||M|||50|]Kingambit||FocusSash|Defiant|KowtowCleave,SuckerPunch,IronHead,Protect|Adamant||M|||50|]Garchomp||ChoiceScarf|RoughSkin|DragonClaw,Earthquake,StompingTantrum,RockSlide|Adamant||M|||50|
|showteam|p2|Mawile||Mawilite|Intimidate|PlayRough,RockSlide,SuckerPunch,Protect|Adamant||M|||50|]Basculegion-F||LifeOrb|SwiftSwim|MuddyWater,ShadowBall,IceBeam,Protect|Modest||F|||50|]Pelipper||ChoiceScarf|Drizzle|MuddyWater,Hurricane,WeatherBall,IceBeam|Timid||M|||50|]Archaludon||Leftovers|Stamina|DragonPulse,FlashCannon,ElectroShot,Protect|Modest||M|||50|]Sinistcha||SitrusBerry|Hospitality|MatchaGotcha,ShadowBall,RagePowder,TrickRoom|Calm|||||50|]Incineroar||ShucaBerry|Intimidate|FlareBlitz,ThroatChop,PartingShot,FakeOut|Adamant||M|||50|
|
|t:|1783398476
|teamsize|p1|4
|teamsize|p2|4
|start
|switch|p1a: Gardevoir|Gardevoir, L50, M, shiny|100/100
|switch|p1b: Maushold|Maushold-Four, L50, shiny|100/100
|switch|p2a: rodshawty|Incineroar, L50, M, shiny|100/100
|switch|p2b: rodrod|Sinistcha, L50|100/100
|-ability|p2a: rodshawty|Intimidate|boost
|-unboost|p1a: Gardevoir|atk|1
|-unboost|p1b: Maushold|atk|1
|turn|1
|c|☆rod rei delas|n
|c|☆rod rei delas|i
|c|☆rod rei delas|g
|c|☆FxTT|kkkkkkkkkkkkkkkkkkkkk
|c|☆FxTT|report
|c|☆rod rei delas|vo para vai q da ban
|
|t:|1783398532
|detailschange|p1a: Gardevoir|Gardevoir-Mega, L50, M, shiny
|-mega|p1a: Gardevoir|Gardevoir|Gardevoirite
|move|p1a: Gardevoir|Protect|p1a: Gardevoir
|-singleturn|p1a: Gardevoir|Protect
|move|p1b: Maushold|Protect|p1b: Maushold
|-singleturn|p1b: Maushold|Protect
|move|p2a: rodshawty|Fake Out|p1a: Gardevoir
|-activate|p1a: Gardevoir|move: Protect
|move|p2b: rodrod|Trick Room|p2b: rodrod
|-fieldstart|move: Trick Room|[of] p2b: rodrod
|
|upkeep
|turn|2
|c|☆FxTT|covarde
|
|t:|1783398560
|switch|p1b: Grimmsnarl|Grimmsnarl, L50, M, shiny|100/100
|switch|p1a: Garchomp|Garchomp, L50, M, shiny|100/100
|move|p2a: rodshawty|Throat Chop|p1b: Grimmsnarl
|-resisted|p1b: Grimmsnarl|2
|-crit|p1b: Grimmsnarl
|-damage|p1b: Grimmsnarl|84/100
|-start|p1b: Grimmsnarl|Throat Chop|[silent]
|move|p2b: rodrod|Shadow Ball|p1a: Garchomp
|-damage|p1a: Garchomp|61/100
|
|upkeep
|turn|3
|c|☆rod rei delas|nunca se sabe o dia de amanha
|
|t:|1783398598
|move|p1b: Grimmsnarl|Fake Out|p2b: rodrod
|-immune|p2b: rodrod
|move|p2b: rodrod|Rage Powder|p2b: rodrod
|-singleturn|p2b: rodrod|move: Rage Powder
|move|p2a: rodshawty|Parting Shot|p1a: Garchomp
|-unboost|p1a: Garchomp|atk|1
|-unboost|p1a: Garchomp|spa|1
|
|t:|1783398605
|switch|p2a: come josue|Mawile, L50, M, shiny|100/100|[from] Parting Shot
|-ability|p2a: come josue|Intimidate|boost
|-unboost|p1a: Garchomp|atk|1
|-unboost|p1b: Grimmsnarl|atk|1
|move|p1a: Garchomp|Rock Slide|p2b: rodrod|[spread] p2a,p2b
|-resisted|p2a: come josue|1
|-damage|p2a: come josue|92/100
|-damage|p2b: rodrod|90/100
|
|-end|p1b: Grimmsnarl|Throat Chop|[silent]
|upkeep
|turn|4
|c|☆rod rei delas|IMUNE
|c|☆rod rei delas|vagabundo
|c|☆FxTT|rsrs
|
|t:|1783398635
|switch|p1a: Maushold|Maushold-Four, L50, shiny|100/100
|move|p1b: Grimmsnarl|Parting Shot|p2a: come josue
|-unboost|p2a: come josue|atk|1
|-unboost|p2a: come josue|spa|1
|
|t:|1783398643
|switch|p1b: Garchomp|Garchomp, L50, M, shiny|61/100|[from] Parting Shot
|move|p2a: come josue|Play Rough|p1b: Garchomp
|-supereffective|p1b: Garchomp|1
|-damage|p1b: Garchomp|30/100
|-damage|p2a: come josue|80/100|[from] ability: Rough Skin|[of] p1b: Garchomp
|move|p2b: rodrod|Shadow Ball|p1b: Garchomp
|-crit|p1b: Garchomp
|-damage|p1b: Garchomp|0 fnt
|faint|p1b: Garchomp
|
|upkeep
|
|t:|1783398660
|switch|p1b: Gardevoir|Gardevoir-Mega, L50, M, shiny|100/100
|turn|5
|
|t:|1783398692
|move|p1a: Maushold|Follow Me|p1a: Maushold
|-singleturn|p1a: Maushold|move: Follow Me
|move|p2a: come josue|Sucker Punch||[still]
|-fail|p2a: come josue
|move|p2b: rodrod|Shadow Ball|p1a: Maushold
|-immune|p1a: Maushold
|move|p1b: Gardevoir|Hyper Voice|p2a: come josue|[spread] p2a,p2b
|-resisted|p2a: come josue|1
|-damage|p2a: come josue|38/100
|-damage|p2b: rodrod|44/100
|-enditem|p2b: rodrod|Sitrus Berry|[eat]
|-heal|p2b: rodrod|69/100|[from] item: Sitrus Berry
|
|-fieldend|move: Trick Room
|upkeep
|turn|6
|c|☆FxTT|FDOOOOO
|c|☆FxTT|FDPPPP
|c|☆FxTT|FDPPFD
|c|☆FxTT|PFDP
|c|☆FxTT|FPD
|
|t:|1783398719
|detailschange|p2a: come josue|Mawile-Mega, L50, M, shiny
|-mega|p2a: come josue|Mawile|Mawilite
|move|p2a: come josue|Protect|p2a: come josue
|-singleturn|p2a: come josue|Protect
|move|p1b: Gardevoir|Hyper Voice|p2b: rodrod|[spread] p2b
|-activate|p2a: come josue|move: Protect
|-damage|p2b: rodrod|23/100
|move|p1a: Maushold|Taunt|p2b: rodrod
|-start|p2b: rodrod|move: Taunt
|cant|p2b: rodrod|move: Taunt|Trick Room
|
|upkeep
|turn|7
|c|☆rod rei delas|COVARDEEEEEEEEEEEEEEEE
|
|t:|1783398748
|move|p1a: Maushold|Follow Me|p1a: Maushold
|-singleturn|p1a: Maushold|move: Follow Me
|move|p1b: Gardevoir|Hyper Voice|p2b: rodrod|[spread] p2a,p2b
|-resisted|p2a: come josue|1
|-damage|p2a: come josue|10/100
|-damage|p2b: rodrod|0 fnt
|faint|p2b: rodrod
|move|p2a: come josue|Rock Slide|p1a: Maushold|[spread] p1a,p1b
|-damage|p1a: Maushold|74/100
|-damage|p1b: Gardevoir|76/100
|
|upkeep
|
|t:|1783398757
|switch|p2b: rodshawty|Incineroar, L50, M, shiny|100/100
|-ability|p2b: rodshawty|Intimidate|boost
|-unboost|p1a: Maushold|atk|1
|-unboost|p1b: Gardevoir|atk|1
|turn|8
|
|t:|1783398801
|move|p1a: Maushold|Follow Me|p1a: Maushold
|-singleturn|p1a: Maushold|move: Follow Me
|move|p2a: come josue|Sucker Punch||[still]
|-fail|p2a: come josue
|move|p1b: Gardevoir|Hyper Voice|p2b: rodshawty|[spread] p2a,p2b
|-resisted|p2a: come josue|1
|-damage|p2a: come josue|0 fnt
|-damage|p2b: rodshawty|53/100
|faint|p2a: come josue
|move|p2b: rodshawty|Throat Chop|p1a: Maushold
|-damage|p1a: Maushold|35/100
|-start|p1a: Maushold|Throat Chop|[silent]
|
|upkeep
|
|t:|1783398811
|switch|p2a: josue|Pelipper, L50, M, shiny|100/100
|-weather|RainDance|[from] ability: Drizzle|[of] p2a: josue
|turn|9
|c|☆FxTT|bruh
|
|t:|1783398852
|switch|p1b: Grimmsnarl|Grimmsnarl, L50, M, shiny|84/100
|move|p1a: Maushold|Protect|p1a: Maushold
|-singleturn|p1a: Maushold|Protect
|move|p2a: josue|Hurricane|p1b: Grimmsnarl
|-damage|p1b: Grimmsnarl|50/100g
|move|p2b: rodshawty|Throat Chop|p1b: Grimmsnarl
|-resisted|p1b: Grimmsnarl|2
|-damage|p1b: Grimmsnarl|43/100
|-start|p1b: Grimmsnarl|Throat Chop|[silent]
|
|-weather|RainDance|[upkeep]
|-end|p1a: Maushold|Throat Chop|[silent]
|upkeep
|turn|10
|c|☆FxTT|estou cozinhado
|
|t:|1783398903
|move|p1a: Maushold|Protect||[still]
|-fail|p1a: Maushold
|move|p1b: Grimmsnarl|Fake Out|p2b: rodshawty
|-damage|p2b: rodshawty|43/100
|move|p2a: josue|Hurricane|p1b: Grimmsnarl
|-damage|p1b: Grimmsnarl|9/100
|-start|p1b: Grimmsnarl|confusion
|cant|p2b: rodshawty|flinch
|
|-weather|RainDance|[upkeep]
|-end|p1b: Grimmsnarl|Throat Chop|[silent]
|upkeep
|turn|11
|c|☆rod rei delas|meu grimmsnarl ta igual minha ex
|c|☆FxTT|xhega
|c|☆rod rei delas|(n tenho ex
|c|☆FxTT|tem sim
|c|☆FxTT|mentisos
|c|☆FxTT|mentiros
|c|☆rod rei delas|foda
|c|☆FxTT|cara
|c|☆FxTT|to na situaçao
|c|☆FxTT|tlgd
|c|☆FxTT|all win
|c|☆rod rei delas|aql meio de jogo foi mt fodaKKKKKKKKKK
|c|☆FxTT|mas eu nao sei se vale o all win
|
|t:|1783398994
|switch|p1a: Gardevoir|Gardevoir-Mega, L50, M, shiny|76/100
|-activate|p1b: Grimmsnarl|confusion
|move|p1b: Grimmsnarl|Parting Shot|p2b: rodshawty
|-hint|Since gen 7, Dark is immune to Prankster moves.
|-immune|p2b: rodshawty
|move|p2a: josue|Hurricane|p1a: Gardevoir
|-damage|p1a: Gardevoir|34/100
|move|p2b: rodshawty|Flare Blitz|p1b: Grimmsnarl
|-damage|p1b: Grimmsnarl|0 fnt
|faint|p1b: Grimmsnarl
|-damage|p2b: rodshawty|40/100|[from] Recoil
|
|-weather|RainDance|[upkeep]
|upkeep
|c|☆FxTT|opa
|c|☆FxTT|rs
|
|t:|1783399007
|switch|p1b: Maushold|Maushold-Four, L50, shiny|35/100
|turn|12
|
|t:|1783399019
|move|p1b: Maushold|Follow Me|p1b: Maushold
|-singleturn|p1b: Maushold|move: Follow Me
|move|p2a: josue|Hurricane|p1b: Maushold
|-damage|p1b: Maushold|0 fnt
|faint|p1b: Maushold
|move|p1a: Gardevoir|Hyper Voice|p2b: rodshawty|[spread] p2a,p2b
|-crit|p2b: rodshawty
|-damage|p2a: josue|10/100
|-damage|p2b: rodshawty|0 fnt
|faint|p2b: rodshawty
|
|-weather|RainDance|[upkeep]
|upkeep
|turn|13
|c|☆FxTT|PQP
|c|☆FxTT|OQPOQOPQOPQP
|c|☆FxTT|gg
|
|t:|1783399037
|move|p2a: josue|Hurricane|p1a: Gardevoir
|-damage|p1a: Gardevoir|0 fnt
|faint|p1a: Gardevoir
|
|win|FxTT
|l|☆rod rei delas
|player|p1|
