|j|☆Scobie
|j|☆isc0
|html|Scobieisc0    
|uhtml|bestof|Game 3 of a best-of-3
|t:|1756567775
|gametype|doubles
|player|p1|Scobie|veteran-gen4|1082
|player|p2|isc0|2|1081
|gen|9
|tier|[Gen 9] VGC 2025 Reg H (Bo3)
|rated|
|rule|Species Clause: Limit one of each Pokémon
|rule|Item Clause: Limit 1 of each item
|clearpoke
|poke|p1|Incineroar, L50, F|
|poke|p1|Sneasler, L50, F|
|poke|p1|Rillaboom, L50, M|
|poke|p1|Ursaluna-Bloodmoon, L50, M|
|poke|p1|Whimsicott, L50, M|
|poke|p1|Dragapult, L50, F|
|poke|p2|Archaludon, L50, F|
|poke|p2|Dragonite, L50, M|
|poke|p2|Pelipper, L50, F|
|poke|p2|Ursaluna, L50, F|
|poke|p2|Sinistcha, L50|
|poke|p2|Gholdengo, L50|
|teampreview|4
|showteam|p1|Incineroar||SafetyGoggles|Intimidate|FakeOut,KnockOff,FlareBlitz,PartingShot|||F|||50|,,,,,Ghost]Sneasler||WhiteHerb|Unburden|DireClaw,CloseCombat,FakeOut,Protect|||F|||50|,,,,,Stellar]Rillaboom||MiracleSeed|GrassySurge|WoodHammer,GrassyGlide,FakeOut,Protect|||M|||50|,,,,,Grass]Ursaluna-Bloodmoon||LifeOrb|MindsEye|BloodMoon,HyperVoice,EarthPower,Protect|||M|||50|,,,,,Normal]Whimsicott||CovertCloak|Prankster|Moonblast,Tailwind,SunnyDay,Taunt|||M|||50|,,,,,Dark]Dragapult||ChoiceBand|ClearBody|DragonDarts,PhantomForce,TeraBlast,Uturn|||F|||50|,,,,,Ground
|showteam|p2|Archaludon||AssaultVest|Stamina|FlashCannon,BodyPress,ElectroShot,Snarl|||F|||50|,,,,,Fighting]Dragonite||LoadedDice|Multiscale|ScaleShot,Tailwind,Haze,Protect|||M|||50|,,,,,Fairy]Pelipper||FocusSash|Drizzle|MuddyWater,Hurricane,Tailwind,Protect|||F|||50|,,,,,Ghost]Ursaluna||FlameOrb|Guts|Facade,HeadlongRush,Earthquake,Protect|||F|||50|,,,,,Ghost]Sinistcha||SitrusBerry|Hospitality|MatchaGotcha,LifeDew,RagePowder,TrickRoom||||||50|,,,,,Dark]Gholdengo||ChoiceScarf|GoodasGold|MakeItRain,ShadowBall,Trick,Protect||||||50|,,,,,Flying
|
|t:|1756567790
|teamsize|p1|4
|teamsize|p2|4
|start
|switch|p1a: Rillaboom|Rillaboom, L50, M|100/100
|switch|p1b: Sneasler|Sneasler, L50, F|100/100
|switch|p2a: Gholdengo|Gholdengo, L50|100/100
|switch|p2b: Ursaluna|Ursaluna, L50, F|100/100
|-fieldstart|move: Grassy Terrain|[from] ability: Grassy Surge|[of] p1a: Rillaboom
|turn|1
|
|t:|1756567823
|-terastallize|p1a: Rillaboom|Grass
|move|p1b: Sneasler|Protect|p1b: Sneasler
|-singleturn|p1b: Sneasler|Protect
|move|p2b: Ursaluna|Protect|p2b: Ursaluna
|-singleturn|p2b: Ursaluna|Protect
|move|p2a: Gholdengo|Trick|p1b: Sneasler
|-activate|p1b: Sneasler|move: Protect
|move|p1a: Rillaboom|Wood Hammer|p2a: Gholdengo
|-resisted|p2a: Gholdengo
|-damage|p2a: Gholdengo|17/100
|-damage|p1a: Rillaboom|79/100|[from] Recoil
|
|-heal|p2a: Gholdengo|23/100|[from] Grassy Terrain
|-heal|p1a: Rillaboom|85/100|[from] Grassy Terrain
|-status|p2b: Ursaluna|brn|[from] item: Flame Orb
|upkeep
|turn|2
|
|t:|1756567846
|switch|p2a: Archaludon|Archaludon, L50, F|100/100
|-terastallize|p2b: Ursaluna|Ghost
|move|p1a: Rillaboom|Grassy Glide|p2a: Archaludon
|-resisted|p2a: Archaludon
|-damage|p2a: Archaludon|91/100
|-ability|p2a: Archaludon|Stamina|boost
|-boost|p2a: Archaludon|def|1
|move|p1b: Sneasler|Close Combat|p2b: Ursaluna
|-immune|p2b: Ursaluna
|move|p2b: Ursaluna|Facade|p1b: Sneasler
|-damage|p1b: Sneasler|0 fnt
|faint|p1b: Sneasler
|
|-heal|p2a: Archaludon|97/100|[from] Grassy Terrain
|-heal|p1a: Rillaboom|90/100|[from] Grassy Terrain
|-damage|p2b: Ursaluna|95/100 brn|[from] brn
|upkeep
|
|t:|1756567855
|switch|p1b: Ursaluna|Ursaluna-Bloodmoon, L50, M|100/100
|turn|3
|
|t:|1756567881
|move|p2a: Archaludon|Body Press|p1b: Ursaluna
|-supereffective|p1b: Ursaluna
|-damage|p1b: Ursaluna|40/100
|move|p1a: Rillaboom|Wood Hammer|p2b: Ursaluna
|-damage|p2b: Ursaluna|0 fnt
|faint|p2b: Ursaluna
|-damage|p1a: Rillaboom|59/100|[from] Recoil
|move|p1b: Ursaluna|Earth Power|p2a: Archaludon
|-supereffective|p2a: Archaludon
|-damage|p2a: Archaludon|6/100
|-unboost|p2a: Archaludon|spd|1
|-ability|p2a: Archaludon|Stamina|boost
|-boost|p2a: Archaludon|def|1
|-damage|p1b: Ursaluna|30/100|[from] item: Life Orb
|
|-heal|p2a: Archaludon|12/100|[from] Grassy Terrain
|-heal|p1a: Rillaboom|65/100|[from] Grassy Terrain
|-heal|p1b: Ursaluna|36/100|[from] Grassy Terrain
|upkeep
|
|t:|1756567894
|switch|p2b: Sinistcha|Sinistcha, L50|100/100
|-heal|p2a: Archaludon|37/100|[from] ability: Hospitality|[of] p2b: Sinistcha
|turn|4
|
|t:|1756567919
|move|p1b: Ursaluna|Protect|p1b: Ursaluna
|-singleturn|p1b: Ursaluna|Protect
|move|p2b: Sinistcha|Rage Powder|p2b: Sinistcha
|-singleturn|p2b: Sinistcha|move: Rage Powder
|move|p2a: Archaludon|Body Press|p1a: Rillaboom
|-damage|p1a: Rillaboom|16/100
|move|p1a: Rillaboom|Wood Hammer|p2b: Sinistcha
|-resisted|p2b: Sinistcha
|-damage|p2b: Sinistcha|35/100
|-enditem|p2b: Sinistcha|Sitrus Berry|[eat]
|-heal|p2b: Sinistcha|59/100|[from] item: Sitrus Berry
|-damage|p1a: Rillaboom|0 fnt|[from] Recoil
|faint|p1a: Rillaboom
|
|-heal|p2a: Archaludon|43/100|[from] Grassy Terrain
|-heal|p1b: Ursaluna|43/100|[from] Grassy Terrain
|-heal|p2b: Sinistcha|66/100|[from] Grassy Terrain
|upkeep
|
|t:|1756567934
|switch|p1a: Whimsicott|Whimsicott, L50, M|100/100
|turn|5
|
|t:|1756567952
|move|p1a: Whimsicott|Tailwind|p1a: Whimsicott
|-sidestart|p1: Scobie|move: Tailwind
|move|p1b: Ursaluna|Earth Power|p2a: Archaludon
|-supereffective|p2a: Archaludon
|-damage|p2a: Archaludon|0 fnt
|faint|p2a: Archaludon
|-damage|p1b: Ursaluna|33/100|[from] item: Life Orb
|move|p2b: Sinistcha|Life Dew|p2b: Sinistcha
|-heal|p2b: Sinistcha|91/100
|
|-heal|p1b: Ursaluna|39/100|[from] Grassy Terrain
|-heal|p2b: Sinistcha|97/100|[from] Grassy Terrain
|-fieldend|move: Grassy Terrain
|upkeep
|
|t:|1756567957
|switch|p2a: Gholdengo|Gholdengo, L50|23/100
|turn|6
|inactive|Battle timer is ON: inactive players will automatically lose when time's up. (requested by isc0)
|
|t:|1756567992
|move|p1a: Whimsicott|Moonblast|p2a: Gholdengo
|-resisted|p2a: Gholdengo
|-damage|p2a: Gholdengo|7/100
|move|p1b: Ursaluna|Blood Moon|p2a: Gholdengo
|-resisted|p2a: Gholdengo
|-damage|p2a: Gholdengo|0 fnt
|faint|p2a: Gholdengo
|-damage|p1b: Ursaluna|29/100|[from] item: Life Orb
|move|p2b: Sinistcha|Matcha Gotcha|p1a: Whimsicott|[spread] p1a
|-miss|p2b: Sinistcha|p1b: Ursaluna
|-resisted|p1a: Whimsicott
|-damage|p1a: Whimsicott|86/100
|-heal|p2b: Sinistcha|100/100|[from] drain|[of] p1a: Whimsicott
|
|upkeep
|turn|7
|inactive|Scobie has 30 seconds left.
|inactive|isc0 has 30 seconds left.
|
|t:|1756568026
|move|p1b: Ursaluna|Protect|p1b: Ursaluna
|-singleturn|p1b: Ursaluna|Protect
|move|p1a: Whimsicott|Moonblast|p2b: Sinistcha
|-crit|p2b: Sinistcha
|-damage|p2b: Sinistcha|67/100
|-unboost|p2b: Sinistcha|spa|1
|move|p2b: Sinistcha|Trick Room|p2b: Sinistcha
|-fieldstart|move: Trick Room|[of] p2b: Sinistcha
|
|upkeep
|turn|8
|
|t:|1756568038
|move|p2b: Sinistcha|Matcha Gotcha|p1a: Whimsicott|[spread] p1a,p1b
|-resisted|p1a: Whimsicott
|-supereffective|p1b: Ursaluna
|-damage|p1a: Whimsicott|76/100
|-heal|p2b: Sinistcha|71/100|[from] drain|[of] p1a: Whimsicott
|-damage|p1b: Ursaluna|0 fnt
|-heal|p2b: Sinistcha|87/100|[from] drain|[of] p1b: Ursaluna
|faint|p1b: Ursaluna
|move|p1a: Whimsicott|Moonblast|p2b: Sinistcha
|-damage|p2b: Sinistcha|63/100
|
|-sideend|p1: Scobie|move: Tailwind
|upkeep
|turn|9
|
|t:|1756568054
|move|p2b: Sinistcha|Matcha Gotcha|p1a: Whimsicott|[miss]
|-miss|p2b: Sinistcha|p1a: Whimsicott
|move|p1a: Whimsicott|Moonblast|p2b: Sinistcha
|-damage|p2b: Sinistcha|38/100
|-unboost|p2b: Sinistcha|spa|1
|
|upkeep
|turn|10
|c|☆isc0|gg
|
|t:|1756568068
|move|p1a: Whimsicott|Taunt|p2b: Sinistcha
|-start|p2b: Sinistcha|move: Taunt
|cant|p2b: Sinistcha|move: Taunt|Life Dew
|
|upkeep
|turn|11
|c|☆Scobie|gg
|c|☆isc0|all the ods against me
|l|☆isc0
|inactive|isc0 disconnected and has a minute to reconnect!
|player|p2|
|inactive|isc0 has 30 seconds left.
|inactive|isc0 has 20 seconds left.
|inactive|isc0 has 15 seconds left.
|inactive|isc0 has 10 seconds left.
|inactive|isc0 has 5 seconds left.
|-message|isc0 lost due to inactivity.
|
|win|Scobie
|raw|Scobie's rating: 1082 → 1110(+28 for winning)
|raw|isc0's rating: 1081 → 1059(-22 for losing)
