|j|☆camala64
|j|☆basmati
|html|camala64basmati    
|uhtml|bestof|Game 1 of a best-of-3
|t:|1782748915
|gametype|doubles
|player|p1|camala64|lance-masters2|1255
|player|p2|basmati|266|1299
|gen|9
|tier|[Gen 9 Champions] VGC 2026 Reg M-B (Bo3)
|rated|
|rule|Species Clause: Limit one of each Pokémon
|rule|Item Clause: Limit 1 of each item
|clearpoke
|poke|p1|Floette-Eternal, L50, F|
|poke|p1|Glimmora, L50, M|
|poke|p1|Talonflame, L50, F, shiny|
|poke|p1|Garchomp, L50, F, shiny|
|poke|p1|Basculegion, L50, M, shiny|
|poke|p1|Kingambit, L50, M, shiny|
|poke|p2|Raichu, L50, M, shiny|
|poke|p2|Gholdengo, L50, shiny|
|poke|p2|Basculegion, L50, M|
|poke|p2|Whimsicott, L50, M|
|poke|p2|Farigiraf, L50, M, shiny|
|poke|p2|Floette-Eternal, L50, F, shiny|
|teampreview|4
|showteam|p1|Floette-Eternal||Floettite|FlowerVeil|Moonblast,DazzlingGleam,LightofRuin,Protect|Modest||F|||50|]Glimmora||Glimmoranite|ToxicDebris|PowerGem,SludgeBomb,EarthPower,SpikyShield|Modest||M|||50|]Talonflame||SharpBeak|GaleWings|BraveBird,Tailwind,FlareBlitz,Protect|Adamant||F|||50|]Garchomp||LifeOrb|RoughSkin|Earthquake,RockSlide,DragonClaw,Protect|Adamant||F|||50|]Basculegion||FocusSash|Adaptability|Liquidation,AquaJet,LastRespects,Protect|Adamant||M|||50|]Kingambit||BlackGlasses|Defiant|KowtowCleave,SuckerPunch,IronHead,Protect|Adamant||M|||50|
|showteam|p2|Raichu||RaichuniteY|LightningRod|ZapCannon,FocusBlast,FakeOut,Protect|Modest||M|||50|]Gholdengo||LifeOrb|GoodasGold|MakeItRain,ShadowBall,NastyPlot,Protect|Timid|||||50|]Basculegion||MysticWater|Adaptability|WaveCrash,LastRespects,AquaJet,Protect|Adamant||M|||50|]Whimsicott||FocusSash|Prankster|Moonblast,Tailwind,Encore,Protect|Timid||M|||50|]Farigiraf||SitrusBerry|ArmorTail|HelpingHand,LightScreen,Psychic,Reflect|Bold||M|||50|]Floette-Eternal||Floettite|FlowerVeil|Moonblast,LightofRuin,DazzlingGleam,Protect|Modest||F|||50|
|c|☆camala64|How is that floette shiny?
|c|☆basmati|hmm
|c|☆basmati|idk
|
|t:|1782748984
|teamsize|p1|4
|teamsize|p2|4
|start
|switch|p1a: Talonflame|Talonflame, L50, F, shiny|100/100
|switch|p1b: Garchomp|Garchomp, L50, F, shiny|100/100
|switch|p2a: Whimsicott|Whimsicott, L50, M|100/100
|switch|p2b: Raichu|Raichu, L50, M, shiny|100/100
|turn|1
|
|t:|1782749014
|move|p1a: Talonflame|Protect|p1a: Talonflame
|-singleturn|p1a: Talonflame|Protect
|move|p2b: Raichu|Protect|p2b: Raichu
|-singleturn|p2b: Raichu|Protect
|move|p2a: Whimsicott|Moonblast|p1a: Talonflame
|-activate|p1a: Talonflame|move: Protect
|move|p1b: Garchomp|Earthquake|p2a: Whimsicott|[spread] p2a
|-activate|p1a: Talonflame|move: Protect
|-activate|p2b: Raichu|move: Protect
|-resisted|p2a: Whimsicott|1
|-damage|p2a: Whimsicott|64/100
|-damage|p1b: Garchomp|90/100|[from] item: Life Orb
|
|upkeep
|turn|2
|
|t:|1782749033
|switch|p2b: Farigiraf|Farigiraf, L50, M, shiny|100/100
|move|p2a: Whimsicott|Tailwind|p2a: Whimsicott
|-sidestart|p2: basmati|move: Tailwind
|move|p1a: Talonflame|Tailwind|p1a: Talonflame
|-sidestart|p1: camala64|move: Tailwind
|move|p1b: Garchomp|Earthquake|p2b: Farigiraf|[spread] p2a,p2b
|-immune|p1a: Talonflame
|-resisted|p2a: Whimsicott|1
|-damage|p2a: Whimsicott|29/100
|-damage|p2b: Farigiraf|66/100
|-damage|p1b: Garchomp|80/100|[from] item: Life Orb
|
|upkeep
|turn|3
|
|t:|1782749051
|move|p2a: Whimsicott|Encore|p1a: Talonflame
|-start|p1a: Talonflame|Encore
|move|p1a: Talonflame|Tailwind||[still]
|-fail|p1a: Talonflame
|move|p1b: Garchomp|Earthquake|p2b: Farigiraf|[spread] p2a,p2b
|-immune|p1a: Talonflame
|-resisted|p2a: Whimsicott|1
|-damage|p2a: Whimsicott|0 fnt
|-damage|p2b: Farigiraf|34/100
|-enditem|p2b: Farigiraf|Sitrus Berry|[eat]
|-heal|p2b: Farigiraf|59/100|[from] item: Sitrus Berry
|faint|p2a: Whimsicott
|-damage|p1b: Garchomp|70/100|[from] item: Life Orb
|move|p2b: Farigiraf|Reflect|p2b: Farigiraf
|-sidestart|p2: basmati|Reflect
|
|upkeep
|
|t:|1782749059
|switch|p2a: Basculegion|Basculegion, L50, M|100/100
|turn|4
|j| quazavgc
|
|t:|1782749087
|move|p1a: Talonflame|Tailwind||[still]
|-fail|p1a: Talonflame
|move|p1b: Garchomp|Earthquake|p2b: Farigiraf|[spread] p2a,p2b
|-immune|p1a: Talonflame
|-damage|p2a: Basculegion|56/100
|-damage|p2b: Farigiraf|34/100
|-damage|p1b: Garchomp|60/100|[from] item: Life Orb
|move|p2a: Basculegion|Wave Crash|p1a: Talonflame
|-supereffective|p1a: Talonflame|1
|-damage|p1a: Talonflame|0 fnt
|faint|p1a: Talonflame
|-damage|p2a: Basculegion|30/100|[from] Recoil
|move|p2b: Farigiraf|Psychic|p1b: Garchomp
|-damage|p1b: Garchomp|28/100
|
|upkeep
|
|t:|1782749108
|switch|p1a: Kingambit|Kingambit, L50, M, shiny|100/100
|turn|5
|
|t:|1782749118
|move|p2b: Farigiraf|Helping Hand|p2a: Basculegion
|-singleturn|p2a: Basculegion|Helping Hand|[of] p2b: Farigiraf
|move|p2a: Basculegion|Aqua Jet|p1b: Garchomp
|-damage|p1b: Garchomp|0 fnt
|-damage|p2a: Basculegion|18/100|[from] ability: Rough Skin|[of] p1b: Garchomp
|faint|p1b: Garchomp
|move|p1a: Kingambit|Kowtow Cleave|p2b: Farigiraf
|-supereffective|p2b: Farigiraf|1
|-crit|p2b: Farigiraf
|-damage|p2b: Farigiraf|0 fnt
|faint|p2b: Farigiraf
|
|-sideend|p2: basmati|move: Tailwind
|-sideend|p1: camala64|move: Tailwind
|upkeep
|
|t:|1782749124
|switch|p1b: Glimmora|Glimmora, L50, M|100/100
|switch|p2b: Raichu|Raichu, L50, M, shiny|100/100
|turn|6
|l| quazavgc
|
|t:|1782749148
|detailschange|p2b: Raichu|Raichu-Mega-Y, L50, M, shiny
|-mega|p2b: Raichu|Raichu|Raichunite Y
|move|p1b: Glimmora|Spiky Shield|p1b: Glimmora
|-singleturn|p1b: Glimmora|move: Protect
|move|p1a: Kingambit|Protect|p1a: Kingambit
|-singleturn|p1a: Kingambit|Protect
|move|p2a: Basculegion|Aqua Jet|p1b: Glimmora
|-activate|p1b: Glimmora|move: Protect
|-damage|p2a: Basculegion|6/100|[from] Spiky Shield|[of] p1b: Glimmora
|move|p2b: Raichu|Focus Blast|p1a: Kingambit
|-activate|p1a: Kingambit|move: Protect
|
|upkeep
|turn|7
|j| rcbfan
|
|t:|1782749188
|detailschange|p1b: Glimmora|Glimmora-Mega, L50, M
|-mega|p1b: Glimmora|Glimmora|Glimmoranite
|move|p1a: Kingambit|Sucker Punch|p2b: Raichu
|-damage|p2b: Raichu|35/100
|move|p2b: Raichu|Focus Blast|p1a: Kingambit
|-supereffective|p1a: Kingambit|2
|-damage|p1a: Kingambit|0 fnt
|faint|p1a: Kingambit
|move|p1b: Glimmora|Sludge Bomb|p2b: Raichu
|-damage|p2b: Raichu|0 fnt
|faint|p2b: Raichu
|move|p2a: Basculegion|Wave Crash|p1b: Glimmora
|-supereffective|p1b: Glimmora|1
|-crit|p1b: Glimmora
|-damage|p1b: Glimmora|0 fnt
|faint|p1b: Glimmora
|-damage|p2a: Basculegion|0 fnt|[from] Recoil
|faint|p2a: Basculegion
|
|win|basmati
|inactive|camala64 has 30 seconds to confirm battle start!
|inactive|basmati has 30 seconds to confirm battle start!
||camala64 is ready for game 2.
||camala64 is ready for game 2.
|l| rcbfan
|inactive|basmati has 20 seconds to confirm battle start!
|l|☆basmati
|player|p2|
||basmati is ready for game 2.
|uhtml|next|Next: Game 2 of 3
|j| MonteCantDraw
|l| MonteCantDraw
