|j|ŌśåPhillyPyers
|j|Ōśå100PctMareepWool
|html|PhillyPyers100PctMareepWool    
|uhtml|bestof|Game 2 of a best-of-3
|t:|1757790418
|gametype|doubles
|player|p1|PhillyPyers|102|
|player|p2|100PctMareepWool|265|
|gen|9
|tier|[Gen 9] VGC 2025 Reg H (Bo3)
|rule|Species Clause: Limit one of each Pok├®mon
|rule|Item Clause: Limit 1 of each item
|clearpoke
|poke|p1|Dragonite, L50, M|
|poke|p1|Gholdengo, L50|
|poke|p1|Ursaluna-Bloodmoon, L50, M|
|poke|p1|Malamar, L50, F|
|poke|p1|Amoonguss, L50, M|
|poke|p1|Whimsicott, L50, M|
|poke|p2|Sneasler, L50, F|
|poke|p2|Indeedee, L50, M|
|poke|p2|Volcarona, L50, F|
|poke|p2|Ursaluna-Bloodmoon, L50, M|
|poke|p2|Annihilape, L50, F|
|poke|p2|Tyranitar, L50, M|
|teampreview|4
|showteam|p1|Dragonite||LoadedDice|Multiscale|ScaleShot,StompingTantrum,Haze,Protect|||M|||50|,,,,,Steel]Gholdengo||LifeOrb|GoodasGold|MakeItRain,ShadowBall,NastyPlot,Protect||||||50|,,,,,Water]Ursaluna-Bloodmoon||AssaultVest|MindsEye|BloodMoon,HyperVoice,EarthPower,VacuumWave|||M|||50|,,,,,Water]Malamar||SafetyGoggles|Contrary|Superpower,KnockOff,TrickRoom,Protect|||F|||50|,,,,,Ghost]Amoonguss||SitrusBerry|Regenerator|RagePowder,Spore,PollenPuff,Protect|||M|||50|,,,,,Psychic]Whimsicott||CovertCloak|Prankster|Tailwind,FakeTears,Encore,Moonblast|||M|||50|,,,,,Poison
|showteam|p2|Sneasler||PsychicSeed|Unburden|CloseCombat,DireClaw,ThroatChop,Protect|||F|||50|,,,,,Dark]Indeedee||ChoiceScarf|PsychicSurge|ExpandingForce,TeraBlast,Trick,Protect|||M|||50|,,,,,Psychic]Volcarona||SitrusBerry|FlameBody|Overheat,StruggleBug,RagePowder,Tailwind|||F|||50|,,,,,Grass]Ursaluna-Bloodmoon||LifeOrb|MindsEye|BloodMoon,HyperVoice,EarthPower,Protect|||M|||50|,,,,,Normal]Annihilape||SafetyGoggles|Defiant|CloseCombat,RageFist,Taunt,FinalGambit|||F|||50|,,,,,Fairy]Tyranitar||AssaultVest|SandStream|RockSlide,KnockOff,TeraBlast,LowKick|||M|||50|,,,,,Flying
|
|t:|1757790522
|teamsize|p1|4
|teamsize|p2|4
|start
|switch|p1a: Dragonite|Dragonite, L50, M|100/100
|switch|p1b: Amoonguss|Amoonguss, L50, M|100/100
|switch|p2a: Volcarona|Volcarona, L50, F|100/100
|switch|p2b: Indeedee|Indeedee, L50, M|100/100
|-fieldstart|move: Psychic Terrain|[from] ability: Psychic Surge|[of] p2b: Indeedee
|turn|1
|
|t:|1757790600
|-terastallize|p1b: Amoonguss|Psychic
|move|p1a: Dragonite|Protect|p1a: Dragonite
|-singleturn|p1a: Dragonite|Protect
|move|p2b: Indeedee|Expanding Force|p1a: Dragonite|[spread] p1b
|-activate|p1a: Dragonite|move: Protect
|-resisted|p1b: Amoonguss
|-damage|p1b: Amoonguss|77/100
|move|p2a: Volcarona|Tailwind|p2a: Volcarona
|-sidestart|p2: 100PctMareepWool|move: Tailwind
|move|p1b: Amoonguss|Spore|p2b: Indeedee
|-status|p2b: Indeedee|slp|[from] move: Spore
|
|upkeep
|turn|2
|c|Ōśå100PctMareepWool|is bug also immune to rage powder?
|c|ŌśåPhillyPyers|DonŌĆÖt think so
|c|Ōśå100PctMareepWool|yeah that's what I thought
|c|Ōśå100PctMareepWool|(why is it even a bug type move????)
|c|ŌśåPhillyPyers|Cuz its annoying like a bug
|c|Ōśå100PctMareepWool|frfr it feels like a bug move
|c|Ōśå100PctMareepWool|but then... amoongus......
|
|t:|1757790723
|move|p1b: Amoonguss|Protect|p1b: Amoonguss
|-singleturn|p1b: Amoonguss|Protect
|cant|p2b: Indeedee|slp
|move|p2a: Volcarona|Struggle Bug|p1a: Dragonite|[spread] p1a
|-activate|p1b: Amoonguss|move: Protect
|-resisted|p1a: Dragonite
|-damage|p1a: Dragonite|97/100
|-unboost|p1a: Dragonite|spa|1
|move|p1a: Dragonite|Scale Shot|p2a: Volcarona
|-damage|p2a: Volcarona|80/100
|-damage|p2a: Volcarona|63/100
|-damage|p2a: Volcarona|46/100
|-enditem|p2a: Volcarona|Sitrus Berry|[eat]
|-heal|p2a: Volcarona|71/100|[from] item: Sitrus Berry
|-damage|p2a: Volcarona|53/100
|-hitcount|p2a: Volcarona|4
|-unboost|p1a: Dragonite|def|1
|-boost|p1a: Dragonite|spe|1
|
|upkeep
|turn|3
|
|t:|1757790758
|cant|p2b: Indeedee|slp
|move|p2a: Volcarona|Struggle Bug|p1a: Dragonite|[spread] p1a,p1b
|-resisted|p1a: Dragonite
|-supereffective|p1b: Amoonguss
|-damage|p1a: Dragonite|89/100
|-damage|p1b: Amoonguss|44/100
|-unboost|p1a: Dragonite|spa|1
|-unboost|p1b: Amoonguss|spa|1
|-enditem|p1b: Amoonguss|Sitrus Berry|[eat]
|-heal|p1b: Amoonguss|69/100|[from] item: Sitrus Berry
|move|p1a: Dragonite|Scale Shot|p2b: Indeedee
|-damage|p2b: Indeedee|69/100 slp
|-damage|p2b: Indeedee|36/100 slp
|-damage|p2b: Indeedee|3/100 slp
|-damage|p2b: Indeedee|0 fnt
|faint|p2b: Indeedee
|-hitcount|p2: Indeedee|4
|-unboost|p1a: Dragonite|def|1
|-boost|p1a: Dragonite|spe|1
|move|p1b: Amoonguss|Spore|p2a: Volcarona
|-status|p2a: Volcarona|slp|[from] move: Spore
|
|upkeep
|
|t:|1757790814
|switch|p2b: Ursaluna|Ursaluna-Bloodmoon, L50, M|100/100
|turn|4
|
|t:|1757790894
|move|p1a: Dragonite|Protect|p1a: Dragonite
|-singleturn|p1a: Dragonite|Protect
|cant|p2a: Volcarona|slp
|move|p2b: Ursaluna|Hyper Voice|p1b: Amoonguss|[spread] p1b
|-activate|p1a: Dragonite|move: Protect
|-damage|p1b: Amoonguss|23/100
|-damage|p2b: Ursaluna|91/100|[from] item: Life Orb
|move|p1b: Amoonguss|Spore|p2b: Ursaluna
|-status|p2b: Ursaluna|slp|[from] move: Spore
|
|-sideend|p2: 100PctMareepWool|move: Tailwind
|upkeep
|turn|5
|
|t:|1757790955
|-terastallize|p2b: Ursaluna|Normal
|cant|p2a: Volcarona|slp
|move|p1a: Dragonite|Scale Shot|p2a: Volcarona
|-damage|p2a: Volcarona|34/100 slp
|-damage|p2a: Volcarona|15/100 slp
|-damage|p2a: Volcarona|0 fnt
|faint|p2a: Volcarona
|-hitcount|p2: Volcarona|3
|-unboost|p1a: Dragonite|def|1
|-boost|p1a: Dragonite|spe|1
|cant|p2b: Ursaluna|slp
|move|p1b: Amoonguss|Pollen Puff|p1a: Dragonite
|-heal|p1a: Dragonite|100/100
|
|-fieldend|move: Psychic Terrain
|upkeep
|
|t:|1757790974
|switch|p2a: Tyranitar|Tyranitar, L50, M|100/100
|-weather|Sandstorm|[from] ability: Sand Stream|[of] p2a: Tyranitar
|turn|6
|
|t:|1757791018
|move|p1a: Dragonite|Scale Shot|p2b: Ursaluna
|-damage|p2b: Ursaluna|78/100 slp
|-damage|p2b: Ursaluna|65/100 slp
|-damage|p2b: Ursaluna|52/100 slp
|-damage|p2b: Ursaluna|39/100 slp
|-damage|p2b: Ursaluna|26/100 slp
|-hitcount|p2b: Ursaluna|5
|-unboost|p1a: Dragonite|def|1
|-boost|p1a: Dragonite|spe|1
|move|p2a: Tyranitar|Rock Slide|p1a: Dragonite|[spread] p1a
|-miss|p2a: Tyranitar|p1b: Amoonguss
|-supereffective|p1a: Dragonite
|-damage|p1a: Dragonite|0 fnt
|faint|p1a: Dragonite
|-curestatus|p2b: Ursaluna|slp|[msg]
|move|p2b: Ursaluna|Hyper Voice|p1b: Amoonguss
|-damage|p1b: Amoonguss|0 fnt
|faint|p1b: Amoonguss
|-damage|p2b: Ursaluna|17/100|[from] item: Life Orb
|
|-weather|Sandstorm|[upkeep]
|-damage|p2b: Ursaluna|11/100|[from] Sandstorm
|upkeep
|
|t:|1757791032
|switch|p1a: Gholdengo|Gholdengo, L50|100/100
|switch|p1b: Malamar|Malamar, L50, F|100/100
|turn|7
|l|Ōśå100PctMareepWool
|player|p2|
|j|Ōśå100PctMareepWool
|player|p2|100PctMareepWool|265|
|
|t:|1757791120
|move|p1a: Gholdengo|Make It Rain|p2b: Ursaluna|[spread] p2a,p2b
|-supereffective|p2a: Tyranitar
|-crit|p2a: Tyranitar
|-damage|p2a: Tyranitar|23/100
|-damage|p2b: Ursaluna|0 fnt
|-unboost|p1a: Gholdengo|spa|1
|faint|p2b: Ursaluna
|-damage|p1a: Gholdengo|91/100|[from] item: Life Orb
|move|p2a: Tyranitar|Knock Off|p1b: Malamar
|-damage|p1b: Malamar|44/100
|-enditem|p1b: Malamar|Safety Goggles|[from] move: Knock Off|[of] p2a: Tyranitar
|move|p1b: Malamar|Superpower|p2a: Tyranitar
|-supereffective|p2a: Tyranitar
|-damage|p2a: Tyranitar|0 fnt
|-boost|p1b: Malamar|atk|1
|-boost|p1b: Malamar|def|1
|faint|p2a: Tyranitar
|
|win|PhillyPyers
|inactive|PhillyPyers has 30 seconds to confirm battle start!
|inactive|100PctMareepWool has 30 seconds to confirm battle start!
||PhillyPyers is ready for game 3.
|inactive|100PctMareepWool has 19 seconds to confirm battle start!
||100PctMareepWool is ready for game 3.
|uhtml|next|Next: Game 3 of 3
