|j|☆aseyo
|j|☆Frakub
|html|aseyoFrakub    
|uhtml|bestof|Game 2 of a best-of-3
|t:|1756462359
|gametype|doubles
|player|p1|aseyo|101|1303
|player|p2|Frakub|acetrainer-gen4dp|1232
|gen|9
|tier|[Gen 9] VGC 2025 Reg H (Bo3)
|rated|
|rule|Species Clause: Limit one of each Pokémon
|rule|Item Clause: Limit 1 of each item
|clearpoke
|poke|p1|Archaludon, L50, M|
|poke|p1|Pelipper, L50, F|
|poke|p1|Rillaboom, L50, M|
|poke|p1|Basculegion, L50, M|
|poke|p1|Electabuzz, L50, F|
|poke|p1|Kingambit, L50, M|
|poke|p2|Kingambit, L50, M|
|poke|p2|Rillaboom, L50, F|
|poke|p2|Ninetales-Alola, L50, F|
|poke|p2|Dragonite, L50, F|
|poke|p2|Magmar, L50, M|
|poke|p2|Sneasler, L50, F|
|teampreview|4
|showteam|p1|Archaludon||AssaultVest|Stamina|DragonPulse,FlashCannon,ElectroShot,BodyPress|||M|||50|,,,,,Bug]Pelipper||FocusSash|Drizzle|WeatherBall,Hurricane,Tailwind,Protect|||F|||50|,,,,,Ground]Rillaboom||LoadedDice|GrassySurge|BulletSeed,GrassyGlide,HighHorsepower,FakeOut|||M|||50|,,,,,Fire]Basculegion||ChoiceBand|SwiftSwim|WaveCrash,FlipTurn,AquaJet,LastRespects|||M|||50|,,,,,Water]Electabuzz||Eviolite|VitalSpirit|Electroweb,Taunt,Protect,FollowMe|||F|||50|,,,,,Ghost]Kingambit||BlackGlasses|Defiant|KowtowCleave,SwordsDance,SuckerPunch,Protect|||M|||50|,,,,,Dark
|showteam|p2|Kingambit||BlackGlasses|Defiant|KowtowCleave,SuckerPunch,SwordsDance,Protect|||M|||50|,,,,,Dark]Rillaboom||AssaultVest|GrassySurge|WoodHammer,GrassyGlide,HighHorsepower,FakeOut|||F|||50|,,,,,Fire]Ninetales-Alola||LightClay|SnowWarning|Blizzard,FreezeDry,Protect,AuroraVeil|||F|||50|,,,,,Ghost]Dragonite||LoadedDice|Multiscale|ScaleShot,ExtremeSpeed,Haze,Protect|||F|||50|,,,,,Steel]Magmar||Eviolite|VitalSpirit|Taunt,Overheat,FollowMe,Protect|||M|||50|,,,,,Ghost]Sneasler||FocusSash|PoisonTouch|FakeOut,DireClaw,CloseCombat,Protect|||F|||50|,,,,,Ghost
|inactive|Battle timer is ON: inactive players will automatically lose when time's up. (requested by Frakub)
|inactive|aseyo also wants the timer to be on.
|inactive|aseyo has 60 seconds left.
|inactive|Frakub has 60 seconds left.
|
|t:|1756462401
|teamsize|p1|4
|teamsize|p2|4
|start
|switch|p1a: Archaludon|Archaludon, L50, M|100/100
|switch|p1b: Basculegion|Basculegion, L50, M|100/100
|switch|p2a: Kingambit|Kingambit, L50, M|100/100
|switch|p2b: Magmar|Magmar, L50, M|100/100
|turn|1
|
|t:|1756462419
|-terastallize|p1b: Basculegion|Water
|-terastallize|p2b: Magmar|Ghost
|move|p2b: Magmar|Follow Me|p2b: Magmar
|-singleturn|p2b: Magmar|move: Follow Me
|move|p2a: Kingambit|Sucker Punch|p1b: Basculegion
|-damage|p1b: Basculegion|41/100
|move|p1b: Basculegion|Flip Turn|p2b: Magmar
|-damage|p2b: Magmar|53/100
|
|t:|1756462428
|switch|p1b: Pelipper|Pelipper, L50, F|100/100|[from] Flip Turn
|-weather|RainDance|[from] ability: Drizzle|[of] p1b: Pelipper
|move|p1a: Archaludon|Electro Shot||[still]
|-prepare|p1a: Archaludon|Electro Shot
|-boost|p1a: Archaludon|spa|1
|-anim|p1a: Archaludon|Electro Shot|p2b: Magmar
|-damage|p2b: Magmar|6/100
|
|-weather|RainDance|[upkeep]
|upkeep
|turn|2
|
|t:|1756462450
|move|p2b: Magmar|Follow Me|p2b: Magmar
|-singleturn|p2b: Magmar|move: Follow Me
|move|p1a: Archaludon|Flash Cannon|p2b: Magmar
|-damage|p2b: Magmar|0 fnt
|faint|p2b: Magmar
|move|p1b: Pelipper|Weather Ball|p2a: Kingambit
|-damage|p2a: Kingambit|36/100
|move|p2a: Kingambit|Swords Dance|p2a: Kingambit
|-boost|p2a: Kingambit|atk|2
|
|-weather|RainDance|[upkeep]
|upkeep
|
|t:|1756462466
|switch|p2b: Ninetales|Ninetales-Alola, L50, F|100/100
|-weather|Snowscape|[from] ability: Snow Warning|[of] p2b: Ninetales
|turn|3
|inactive|aseyo has 30 seconds left.
|
|t:|1756462493
|switch|p1b: Rillaboom|Rillaboom, L50, M|100/100
|-fieldstart|move: Grassy Terrain|[from] ability: Grassy Surge|[of] p1b: Rillaboom
|move|p2a: Kingambit|Sucker Punch|p1a: Archaludon
|-damage|p1a: Archaludon|24/100
|-ability|p1a: Archaludon|Stamina|boost
|-boost|p1a: Archaludon|def|1
|move|p2b: Ninetales|Blizzard|p1b: Rillaboom|[spread] p1a,p1b
|-supereffective|p1b: Rillaboom
|-damage|p1a: Archaludon|0 fnt
|-damage|p1b: Rillaboom|19/100
|faint|p1a: Archaludon
|
|-weather|Snowscape|[upkeep]
|-heal|p1b: Rillaboom|25/100|[from] Grassy Terrain
|-heal|p2a: Kingambit|42/100|[from] Grassy Terrain
|upkeep
|
|t:|1756462508
|switch|p1a: Basculegion|Basculegion, L50, M, tera:Water|41/100
|turn|4
|
|t:|1756462522
|switch|p2b: Rillaboom|Rillaboom, L50, F|100/100
|switch|p1b: Pelipper|Pelipper, L50, F|100/100
|-weather|RainDance|[from] ability: Drizzle|[of] p1b: Pelipper
|move|p2a: Kingambit|Protect|p2a: Kingambit
|-singleturn|p2a: Kingambit|Protect
|move|p1a: Basculegion|Aqua Jet|p2a: Kingambit
|-activate|p2a: Kingambit|move: Protect
|
|-weather|RainDance|[upkeep]
|-heal|p1a: Basculegion|47/100|[from] Grassy Terrain
|-heal|p2a: Kingambit|48/100|[from] Grassy Terrain
|upkeep
|turn|5
|inactive|aseyo has 30 seconds left.
|inactive|Frakub has 30 seconds left.
|
|t:|1756462552
|move|p2b: Rillaboom|Fake Out|p1a: Basculegion
|-damage|p1a: Basculegion|30/100
|cant|p1a: Basculegion|flinch
|move|p2a: Kingambit|Sucker Punch|p1b: Pelipper
|-enditem|p1b: Pelipper|Focus Sash
|-damage|p1b: Pelipper|1/100
|move|p1b: Pelipper|Weather Ball|p2a: Kingambit
|-damage|p2a: Kingambit|0 fnt
|faint|p2a: Kingambit
|
|-weather|RainDance|[upkeep]
|-heal|p1a: Basculegion|36/100|[from] Grassy Terrain
|upkeep
|
|t:|1756462558
|switch|p2a: Ninetales|Ninetales-Alola, L50, F|100/100
|-weather|Snowscape|[from] ability: Snow Warning|[of] p2a: Ninetales
|turn|6
|inactive|aseyo has 30 seconds left.
|
|t:|1756462586
|move|p1b: Pelipper|Protect|p1b: Pelipper
|-singleturn|p1b: Pelipper|Protect
|move|p1a: Basculegion|Aqua Jet|p2a: Ninetales
|-damage|p2a: Ninetales|55/100
|move|p2b: Rillaboom|Grassy Glide|p1a: Basculegion
|-supereffective|p1a: Basculegion
|-damage|p1a: Basculegion|0 fnt
|faint|p1a: Basculegion
|move|p2a: Ninetales|Blizzard|p1b: Pelipper
|-activate|p1b: Pelipper|move: Protect
|
|-weather|Snowscape|[upkeep]
|-heal|p2a: Ninetales|61/100|[from] Grassy Terrain
|upkeep
|
|t:|1756462595
|switch|p1a: Rillaboom|Rillaboom, L50, M|25/100
|turn|7
|
|t:|1756462609
|move|p2a: Ninetales|Protect|p2a: Ninetales
|-singleturn|p2a: Ninetales|Protect
|move|p1a: Rillaboom|Fake Out|p2a: Ninetales
|-activate|p2a: Ninetales|move: Protect
|move|p2b: Rillaboom|Grassy Glide|p1b: Pelipper
|-damage|p1b: Pelipper|0 fnt
|faint|p1b: Pelipper
|
|-weather|Snowscape|[upkeep]
|-heal|p2a: Ninetales|67/100|[from] Grassy Terrain
|-heal|p1a: Rillaboom|32/100|[from] Grassy Terrain
|-fieldend|move: Grassy Terrain
|upkeep
|turn|8
|-message|aseyo forfeited.
|
|win|Frakub
||Frakub is ready for game 3.
||aseyo is ready for game 3.
|uhtml|next|Next: Game 3 of 3
