|j|☆AUBrigade
|j|☆Sedrav
|html|AUBrigadeSedrav    
|uhtml|bestof|Game 2 of a best-of-3
|t:|1756931174
|gametype|doubles
|player|p1|AUBrigade|morty|1304
|player|p2|Sedrav|265|1298
|gen|9
|tier|[Gen 9] VGC 2025 Reg H (Bo3)
|rated|
|rule|Species Clause: Limit one of each Pokémon
|rule|Item Clause: Limit 1 of each item
|clearpoke
|poke|p1|Pelipper, L50, M|
|poke|p1|Archaludon, L50, F|
|poke|p1|Ursaluna, L50, F|
|poke|p1|Sinistcha, L50|
|poke|p1|Incineroar, L50, M|
|poke|p1|Araquanid, L50, F|
|poke|p2|Garchomp, L50, F|
|poke|p2|Talonflame, L50, M|
|poke|p2|Gholdengo, L50|
|poke|p2|Tyranitar, L50, F|
|poke|p2|Amoonguss, L50, F|
|poke|p2|Milotic, L50, M|
|teampreview|4
|showteam|p1|Pelipper||FocusSash|Drizzle|Hurricane,WeatherBall,Tailwind,Protect|||M|||50|,,,,,Ghost]Archaludon||AssaultVest|Stamina|BodyPress,ElectroShot,FlashCannon,Snarl|||F|||50|,,,,,Bug]Ursaluna||FlameOrb|Guts|Facade,HeadlongRush,Earthquake,Protect|||F|||50|,,,,,Ghost]Sinistcha||SitrusBerry|Hospitality|MatchaGotcha,TrickRoom,RagePowder,Scald||||||50|,,,,,Water]Incineroar||SafetyGoggles|Intimidate|FakeOut,PartingShot,FlareBlitz,KnockOff|||M|||50|,,,,,Ghost]Araquanid||CovertCloak|WaterBubble|Waterfall,LeechLife,WideGuard,Protect|||F|||50|,,,,,Water
|showteam|p2|Garchomp||LifeOrb|RoughSkin|DragonClaw,StompingTantrum,Earthquake,Protect|||F|||50|,,,,,Fairy]Talonflame||CovertCloak|GaleWings|BraveBird,Tailwind,WillOWisp,Taunt|||M|||50|,,,,,Grass]Gholdengo||MetalCoat|GoodasGold|MakeItRain,ShadowBall,NastyPlot,Protect||||||50|,,,,,Flying]Tyranitar||AssaultVest|SandStream|RockSlide,KnockOff,LowKick,TeraBlast|||F|||50|,,,,,Flying]Amoonguss||SitrusBerry|Regenerator|Spore,RagePowder,PollenPuff,Protect|||F|||50|,,,,,Water]Milotic||SafetyGoggles|Competitive|Scald,IcyWind,Haze,Protect|||M|||50|,,,,,Dragon
|inactive|Battle timer is ON: inactive players will automatically lose when time's up. (requested by Sedrav)
|inactive|Sedrav has 60 seconds left.
|
|t:|1756931220
|teamsize|p1|4
|teamsize|p2|4
|start
|switch|p1a: Araquanid|Araquanid, L50, F|100/100
|switch|p1b: Ursaluna|Ursaluna, L50, F|100/100
|switch|p2a: Garchomp|Garchomp, L50, F|100/100
|switch|p2b: Talonflame|Talonflame, L50, M|100/100
|turn|1
|inactive|AUBrigade has 30 seconds left.
|inactive|Sedrav has 30 seconds left.
|inactive|AUBrigade has 20 seconds left.
|inactive|AUBrigade has 15 seconds left.
|inactive|AUBrigade has 10 seconds left.
|inactive|Sedrav has 20 seconds left.
|inactive|AUBrigade has 5 seconds left.
|
|t:|1756931275
|switch|p1b: Pelipper|Pelipper, L50, M|100/100
|-weather|RainDance|[from] ability: Drizzle|[of] p1b: Pelipper
|-terastallize|p1a: Araquanid|Water
|move|p2b: Talonflame|Will-O-Wisp|p1a: Araquanid
|-immune|p1a: Araquanid|[from] ability: Water Bubble
|move|p2a: Garchomp|Dragon Claw|p1b: Pelipper
|-damage|p1b: Pelipper|20/100
|-damage|p2a: Garchomp|91/100|[from] item: Life Orb
|move|p1a: Araquanid|Waterfall|p2a: Garchomp
|-damage|p2a: Garchomp|0 fnt
|-damage|p1a: Araquanid|88/100|[from] ability: Rough Skin|[of] p2a: Garchomp
|faint|p2a: Garchomp
|
|-weather|RainDance|[upkeep]
|upkeep
|
|t:|1756931295
|switch|p2a: Tyranitar|Tyranitar, L50, F|100/100
|-weather|Sandstorm|[from] ability: Sand Stream|[of] p2a: Tyranitar
|turn|2
|
|t:|1756931313
|switch|p1b: Ursaluna|Ursaluna, L50, F|100/100
|-terastallize|p2a: Tyranitar|Flying
|move|p2b: Talonflame|Tailwind|p2b: Talonflame
|-sidestart|p2: Sedrav|move: Tailwind
|move|p2a: Tyranitar|Rock Slide|p1b: Ursaluna|[spread] p1a,p1b
|-resisted|p1b: Ursaluna
|-damage|p1a: Araquanid|54/100
|-damage|p1b: Ursaluna|89/100
|move|p1a: Araquanid|Waterfall|p2b: Talonflame
|-supereffective|p2b: Talonflame
|-damage|p2b: Talonflame|0 fnt
|faint|p2b: Talonflame
|
|-weather|Sandstorm|[upkeep]
|-damage|p2a: Tyranitar|95/100|[from] Sandstorm
|-damage|p1a: Araquanid|48/100|[from] Sandstorm
|-status|p1b: Ursaluna|brn|[from] item: Flame Orb
|upkeep
|
|t:|1756931327
|switch|p2b: Gholdengo|Gholdengo, L50|100/100
|turn|3
|inactive|AUBrigade has 30 seconds left.
|inactive|Sedrav has 30 seconds left.
|
|t:|1756931360
|switch|p1b: Pelipper|Pelipper, L50, M|20/100
|-weather|RainDance|[from] ability: Drizzle|[of] p1b: Pelipper
|move|p2b: Gholdengo|Nasty Plot|p2b: Gholdengo
|-boost|p2b: Gholdengo|spa|2
|move|p2a: Tyranitar|Low Kick|p1b: Pelipper
|-resisted|p1b: Pelipper
|-damage|p1b: Pelipper|6/100
|move|p1a: Araquanid|Waterfall|p2a: Tyranitar
|-damage|p2a: Tyranitar|2/100
|
|-weather|RainDance|[upkeep]
|upkeep
|turn|4
|inactive|Sedrav has 30 seconds left.
|
|t:|1756931387
|switch|p1b: Ursaluna|Ursaluna, L50, F|89/100 brn
|move|p1a: Araquanid|Wide Guard|p1a: Araquanid
|-singleturn|p1a: Araquanid|Wide Guard
|move|p2b: Gholdengo|Shadow Ball|p1a: Araquanid
|-damage|p1a: Araquanid|0 fnt
|faint|p1a: Araquanid
|move|p2a: Tyranitar|Low Kick|p1b: Ursaluna
|-supereffective|p1b: Ursaluna
|-damage|p1b: Ursaluna|29/100 brn
|
|-weather|RainDance|[upkeep]
|-damage|p1b: Ursaluna|22/100 brn|[from] brn
|upkeep
|
|t:|1756931401
|switch|p1a: Archaludon|Archaludon, L50, F|100/100
|turn|5
|inactive|Sedrav has 30 seconds left.
|
|t:|1756931427
|move|p1b: Ursaluna|Protect|p1b: Ursaluna
|-singleturn|p1b: Ursaluna|Protect
|move|p2b: Gholdengo|Make It Rain|p1a: Archaludon|[spread] p1a
|-activate|p1b: Ursaluna|move: Protect
|-resisted|p1a: Archaludon
|-damage|p1a: Archaludon|53/100
|-unboost|p2b: Gholdengo|spa|1
|-ability|p1a: Archaludon|Stamina|boost
|-boost|p1a: Archaludon|def|1
|move|p2a: Tyranitar|Low Kick|p1a: Archaludon
|-supereffective|p1a: Archaludon
|-damage|p1a: Archaludon|28/100
|-ability|p1a: Archaludon|Stamina|boost
|-boost|p1a: Archaludon|def|1
|move|p1a: Archaludon|Electro Shot||[still]
|-prepare|p1a: Archaludon|Electro Shot
|-boost|p1a: Archaludon|spa|1
|-anim|p1a: Archaludon|Electro Shot|p2b: Gholdengo
|-damage|p2b: Gholdengo|25/100
|
|-weather|RainDance|[upkeep]
|-damage|p1b: Ursaluna|16/100 brn|[from] brn
|-sideend|p2: Sedrav|move: Tailwind
|upkeep
|turn|6
|inactive|AUBrigade has 30 seconds left.
|inactive|Sedrav has 30 seconds left.
|
|t:|1756931456
|move|p1b: Ursaluna|Protect||[still]
|-fail|p1b: Ursaluna
|move|p2b: Gholdengo|Make It Rain|p1a: Archaludon|[spread] p1a,p1b
|-resisted|p1a: Archaludon
|-damage|p1a: Archaludon|0 fnt
|-damage|p1b: Ursaluna|0 fnt
|-unboost|p2b: Gholdengo|spa|1
|faint|p1a: Archaludon
|faint|p1b: Ursaluna
|move|p2a: Tyranitar|Low Kick|p1: Archaludon|[notarget]
|-fail|p2a: Tyranitar
|
|-weather|RainDance|[upkeep]
|upkeep
|-message|AUBrigade forfeited.
|
|win|Sedrav
|l|☆AUBrigade
|player|p1|
||AUBrigade is ready for game 3.
