|j|☆yetiyoupi
|j|☆tryhard_PS
|html|yetiyoupitryhard_PS    
|uhtml|bestof|Game 2 of a best-of-3
|t:|1757846891
|gametype|doubles
|player|p1|yetiyoupi|102|1140
|player|p2|tryhard_PS|harlequin|1182
|gen|9
|tier|[Gen 9] VGC 2025 Reg H (Bo3)
|rated|
|rule|Species Clause: Limit one of each Pokémon
|rule|Item Clause: Limit 1 of each item
|clearpoke
|poke|p1|Amoonguss, L50, F|
|poke|p1|Politoed, L50, M|
|poke|p1|Annihilape, L50, M|
|poke|p1|Gholdengo, L50|
|poke|p1|Archaludon, L50, F|
|poke|p1|Whimsicott, L50, M|
|poke|p2|Mimikyu, L50, M|
|poke|p2|Tyranitar, L50, M|
|poke|p2|Kingambit, L50, M|
|poke|p2|Amoonguss, L50, M|
|poke|p2|Sableye, L50, M|
|poke|p2|Ursaluna-Bloodmoon, L50, M|
|teampreview|4
|showteam|p1|Amoonguss||RockyHelmet|Regenerator|SludgeBomb,Protect,Spore,RagePowder|||F|||50|,,,,,Dark]Politoed||SitrusBerry|Drizzle|IceBeam,WeatherBall,Protect,EarthPower|||M|||50|,,,,,Grass]Annihilape||AssaultVest|Defiant|IcePunch,RageFist,DrainPunch,Uturn|||M|||50|,,,,,Steel]Gholdengo||LifeOrb|GoodasGold|NastyPlot,ShadowBall,MakeItRain,Protect||||||50|,,,,,Water]Archaludon||PowerHerb|Stamina|ElectroShot,DracoMeteor,Protect,BodyPress|||F|||50|,,,,,Electric]Whimsicott||FocusSash|Prankster|Tailwind,BeatUp,Moonblast,Taunt|||M|||50|,,,,,Ghost
|showteam|p2|Mimikyu||MentalHerb|Disguise|TrickRoom,WoodHammer,ShadowSneak,DestinyBond|||M|||50|,,,,,Grass]Tyranitar||WeaknessPolicy|SandStream|RockSlide,KnockOff,LowKick,Protect|||M|||50|,,,,,Ghost]Kingambit||SafetyGoggles|Defiant|IronHead,Assurance,TeraBlast,SuckerPunch|||M|||50|,,,,,Flying]Amoonguss||SitrusBerry|Regenerator|Spore,RagePowder,PollenPuff,ClearSmog|||M|||50|,,,,,Dark]Sableye||RockyHelmet|Prankster|FakeOut,Disable,Encore,FoulPlay|||M|||50|,,,,,Normal]Ursaluna-Bloodmoon||ChoiceSpecs|MindsEye|BloodMoon,EarthPower,HyperVoice,Counter|||M|||50|,,,,,Normal
|inactive|Battle timer is ON: inactive players will automatically lose when time's up. (requested by tryhard_PS)
|inactive|yetiyoupi has 60 seconds left.
|
|t:|1757846924
|teamsize|p1|4
|teamsize|p2|4
|start
|switch|p1a: Whimsicott|Whimsicott, L50, M|100/100
|switch|p1b: Archaludon|Archaludon, L50, F|100/100
|switch|p2a: Amoonguss|Amoonguss, L50, M|100/100
|switch|p2b: Mimikyu|Mimikyu, L50, M|100/100
|turn|1
|
|t:|1757846933
|move|p1a: Whimsicott|Beat Up|p1b: Archaludon
|-damage|p1b: Archaludon|99/100
|-ability|p1b: Archaludon|Stamina|boost
|-boost|p1b: Archaludon|def|1
|-damage|p1b: Archaludon|97/100
|-ability|p1b: Archaludon|Stamina|boost
|-boost|p1b: Archaludon|def|1
|-damage|p1b: Archaludon|96/100
|-ability|p1b: Archaludon|Stamina|boost
|-boost|p1b: Archaludon|def|1
|-damage|p1b: Archaludon|95/100
|-ability|p1b: Archaludon|Stamina|boost
|-boost|p1b: Archaludon|def|1
|-hitcount|p1b: Archaludon|4
|move|p1b: Archaludon|Body Press|p2a: Amoonguss
|-resisted|p2a: Amoonguss
|-damage|p2a: Amoonguss|66/100
|move|p2a: Amoonguss|Spore|p1b: Archaludon
|-status|p1b: Archaludon|slp|[from] move: Spore
|move|p2b: Mimikyu|Trick Room|p2b: Mimikyu
|-fieldstart|move: Trick Room|[of] p2b: Mimikyu
|
|upkeep
|turn|2
|inactive|tryhard_PS has 30 seconds left.
|
|t:|1757846963
|move|p2b: Mimikyu|Shadow Sneak|p1a: Whimsicott
|-damage|p1a: Whimsicott|72/100
|move|p2a: Amoonguss|Clear Smog|p1a: Whimsicott
|-supereffective|p1a: Whimsicott
|-damage|p1a: Whimsicott|0 fnt
|-clearboost|p1a: Whimsicott
|faint|p1a: Whimsicott
|cant|p1b: Archaludon|slp
|
|upkeep
|
|t:|1757846976
|switch|p1a: Amoonguss|Amoonguss, L50, F|100/100
|turn|3
|inactive|tryhard_PS has 30 seconds left.
|inactive|tryhard_PS has 20 seconds left.
|
|t:|1757847014
|switch|p2a: Sableye|Sableye, L50, M|100/100
|-terastallize|p2b: Mimikyu|Grass
|move|p2b: Mimikyu|Shadow Sneak|p1b: Archaludon
|-damage|p1b: Archaludon|91/100 slp
|-ability|p1b: Archaludon|Stamina|boost
|-boost|p1b: Archaludon|def|1
|move|p1a: Amoonguss|Spore|p2b: Mimikyu
|-immune|p2b: Mimikyu
|cant|p1b: Archaludon|slp
|
|upkeep
|turn|4
|inactive|tryhard_PS has 30 seconds left.
|inactive|tryhard_PS has 20 seconds left.
|
|t:|1757847050
|move|p2a: Sableye|Encore|p1a: Amoonguss
|-start|p1a: Amoonguss|Encore
|move|p2b: Mimikyu|Shadow Sneak|p1b: Archaludon
|-damage|p1b: Archaludon|87/100 slp
|-ability|p1b: Archaludon|Stamina|boost
|-boost|p1b: Archaludon|def|1
|move|p1a: Amoonguss|Spore|p2a: Sableye
|-status|p2a: Sableye|slp|[from] move: Spore
|-curestatus|p1b: Archaludon|slp|[msg]
|move|p1b: Archaludon|Body Press|p2b: Mimikyu
|-activate|p2b: Mimikyu|ability: Disguise
|-damage|p2b: Mimikyu|100/100
|detailschange|p2b: Mimikyu|Mimikyu-Busted, L50, M, tera:Grass
|-damage|p2b: Mimikyu|88/100|[from] pokemon: Mimikyu-Busted
|
|upkeep
|turn|5
|
|t:|1757847073
|switch|p1a: Gholdengo|Gholdengo, L50|100/100
|cant|p2a: Sableye|slp
|move|p2b: Mimikyu|Destiny Bond|p2b: Mimikyu
|-singlemove|p2b: Mimikyu|Destiny Bond
|move|p1b: Archaludon|Body Press|p2b: Mimikyu
|-damage|p2b: Mimikyu|0 fnt
|faint|p2b: Mimikyu
|-activate|p2b: Mimikyu|move: Destiny Bond
|faint|p1b: Archaludon
|
|-fieldend|move: Trick Room
|upkeep
|
|t:|1757847087
|switch|p1b: Amoonguss|Amoonguss, L50, F|100/100
|switch|p2b: Ursaluna|Ursaluna-Bloodmoon, L50, M|100/100
|turn|6
|
|t:|1757847101
|switch|p2a: Amoonguss|Amoonguss, L50, M|99/100
|move|p1b: Amoonguss|Rage Powder|p1b: Amoonguss
|-singleturn|p1b: Amoonguss|move: Rage Powder
|move|p1a: Gholdengo|Nasty Plot|p1a: Gholdengo
|-boost|p1a: Gholdengo|spa|2
|move|p2b: Ursaluna|Blood Moon|p1b: Amoonguss
|-damage|p1b: Amoonguss|0 fnt
|faint|p1b: Amoonguss
|
|upkeep
|turn|7
|inactive|tryhard_PS has 30 seconds left.
|
|t:|1757847140
|switch|p2b: Sableye|Sableye, L50, M|100/100 slp
|-terastallize|p1a: Gholdengo|Water
|move|p1a: Gholdengo|Nasty Plot|p1a: Gholdengo
|-boost|p1a: Gholdengo|spa|2
|move|p2a: Amoonguss|Pollen Puff|p2b: Sableye
|
|upkeep
|turn|8
|
|t:|1757847156
|cant|p2b: Sableye|slp
|move|p1a: Gholdengo|Make It Rain|p2a: Amoonguss|[spread] p2a,p2b
|-damage|p2a: Amoonguss|0 fnt
|-damage|p2b: Sableye|0 fnt
|-unboost|p1a: Gholdengo|spa|1
|faint|p2a: Amoonguss
|faint|p2b: Sableye
|-damage|p1a: Gholdengo|91/100|[from] item: Life Orb
|
|upkeep
|
|t:|1757847162
|switch|p2b: Ursaluna|Ursaluna-Bloodmoon, L50, M|100/100
|turn|9
|
|t:|1757847165
|move|p1a: Gholdengo|Make It Rain|p2b: Ursaluna
|-damage|p2b: Ursaluna|0 fnt
|-unboost|p1a: Gholdengo|spa|1
|faint|p2b: Ursaluna
|-damage|p1a: Gholdengo|81/100|[from] item: Life Orb
|
|win|yetiyoupi
||yetiyoupi is ready for game 3.
|inactive|tryhard_PS has 30 seconds to confirm battle start!
||tryhard_PS is ready for game 3.
|uhtml|next|Next: Game 3 of 3
|l|☆yetiyoupi
|player|p1|
