|j|☆stewiie25
|j|☆standardamerican
|html|stewiie25standardamerican    
|uhtml|bestof|Game 1 of a best-of-3
|t:|1784818304
|gametype|doubles
|player|p1|stewiie25|102|1182
|player|p2|standardamerican|169|1221
|gen|9
|tier|[Gen 9 Champions] VGC 2026 Reg M-B (Bo3)
|rated|
|rule|Species Clause: Limit one of each Pokémon
|rule|Item Clause: Limit 1 of each item
|clearpoke
|poke|p1|Farigiraf, L50, F|
|poke|p1|Vivillon-Pokeball, L50, F|
|poke|p1|Sylveon, L50, M|
|poke|p1|Camerupt, L50, M|
|poke|p1|Kingambit, L50, M|
|poke|p1|Drampa, L50, F|
|poke|p2|Sinistcha, L50|
|poke|p2|Incineroar, L50, M|
|poke|p2|Milotic, L50, F|
|poke|p2|Raichu, L50, M|
|poke|p2|Gardevoir, L50, M|
|poke|p2|Ceruledge, L50, M|
|teampreview|4
|showteam|p1|Farigiraf||SitrusBerry|ArmorTail|HelpingHand,TwinBeam,TrickRoom,Thunderbolt|Quiet||F|||50|]Vivillon-Pokeball||ChoiceScarf|CompoundEyes|StunSpore,Hurricane,BugBuzz,SleepPowder|Timid||F|||50|]Sylveon||LifeOrb|Pixilate|CalmMind,HyperVoice,HyperBeam,Protect|Modest||M|||50|]Camerupt||Cameruptite|SolidRock|Protect,HeatWave,Eruption,EarthPower|Quiet||M|||50|]Kingambit||ChopleBerry|Defiant|SwordsDance,LowKick,KowtowCleave,SuckerPunch|Brave||M|||50|]Drampa||Drampanite|CloudNine|HyperVoice,DragonPulse,IceBeam,EarthPower|Quiet||F|||50|
|showteam|p2|Sinistcha||KasibBerry|Hospitality|MatchaGotcha,Imprison,RagePowder,Protect|Bold|||||50|]Incineroar||SitrusBerry|Intimidate|FlareBlitz,DarkestLariat,FakeOut,PartingShot|Careful||M|||50|]Milotic||Leftovers|Competitive|MuddyWater,Coil,Hypnosis,Protect|Calm||F|||50|]Raichu||RaichuniteY|LightningRod|ZapCannon,FocusBlast,FakeOut,Protect|Timid||M|||50|]Gardevoir||Gardevoirite|Trace|HyperVoice,Psyshock,TrickRoom,Protect|Modest||M|||50|]Ceruledge||ColburBerry|FlashFire|BitterBlade,ShadowSneak,BulkUp,Protect|Adamant||M|||50|
|inactive|Battle timer is ON: inactive players will automatically lose when time's up. (requested by stewiie25)
|
|t:|1784818369
|teamsize|p1|4
|teamsize|p2|4
|start
|switch|p1a: Farigiraf|Farigiraf, L50, F|100/100
|switch|p1b: Sylveon|Sylveon, L50, M|100/100
|switch|p2a: Sinistcha|Sinistcha, L50|100/100
|switch|p2b: Gardevoir|Gardevoir, L50, M|100/100
|-ability|p2b: Gardevoir|Armor Tail|Trace|[from] ability: Trace|[of] p1a: Farigiraf
|turn|1
|inactive|standardamerican has 30 seconds left.
|
|t:|1784818403
|detailschange|p2b: Gardevoir|Gardevoir-Mega, L50, M
|-mega|p2b: Gardevoir|Gardevoir|Gardevoirite
|move|p2b: Gardevoir|Hyper Voice|p1a: Farigiraf|[spread] p1a,p1b
|-damage|p1a: Farigiraf|42/100
|-damage|p1b: Sylveon|62/100
|-enditem|p1a: Farigiraf|Sitrus Berry|[eat]
|-heal|p1a: Farigiraf|67/100|[from] item: Sitrus Berry
|move|p2a: Sinistcha|Matcha Gotcha|p1a: Farigiraf|[spread] p1a,p1b
|-damage|p1a: Farigiraf|41/100
|-damage|p1b: Sylveon|44/100
|move|p1b: Sylveon|Calm Mind|p1b: Sylveon
|-boost|p1b: Sylveon|spa|1
|-boost|p1b: Sylveon|spd|1
|move|p1a: Farigiraf|Trick Room|p1a: Farigiraf
|-fieldstart|move: Trick Room|[of] p1a: Farigiraf
|
|upkeep
|turn|2
|
|t:|1784818424
|move|p2a: Sinistcha|Rage Powder|p2a: Sinistcha
|-singleturn|p2a: Sinistcha|move: Rage Powder
|move|p1a: Farigiraf|Thunderbolt|p2a: Sinistcha
|-resisted|p2a: Sinistcha|1
|-damage|p2a: Sinistcha|85/100
|move|p1b: Sylveon|Hyper Voice|p2a: Sinistcha|[spread] p2a,p2b
|-damage|p2a: Sinistcha|7/100
|-damage|p2b: Gardevoir|37/100
|-damage|p1b: Sylveon|34/100|[from] item: Life Orb
|move|p2b: Gardevoir|Trick Room|p2b: Gardevoir
|-fieldend|move: Trick Room
|
|upkeep
|turn|3
|
|t:|1784818440
|move|p2b: Gardevoir|Hyper Voice|p1b: Sylveon|[spread] p1a,p1b
|-damage|p1a: Farigiraf|0 fnt
|-damage|p1b: Sylveon|8/100
|faint|p1a: Farigiraf
|move|p2a: Sinistcha|Matcha Gotcha|p1b: Sylveon
|-damage|p1b: Sylveon|0 fnt
|-heal|p2a: Sinistcha|12/100|[from] drain|[of] p1b: Sylveon
|faint|p1b: Sylveon
|
|upkeep
|
|t:|1784818445
|switch|p1b: Drampa|Drampa, L50, F|100/100
|switch|p1a: Kingambit|Kingambit, L50, M|100/100
|-ability|p1b: Drampa|Cloud Nine
|turn|4
|
|t:|1784818457
|detailschange|p1b: Drampa|Drampa-Mega, L50, F
|-mega|p1b: Drampa|Drampa|Drampanite
|move|p2a: Sinistcha|Rage Powder|p2a: Sinistcha
|-singleturn|p2a: Sinistcha|move: Rage Powder
|move|p2b: Gardevoir|Hyper Voice|p1a: Kingambit|[spread] p1a,p1b
|-supereffective|p1b: Drampa|1
|-damage|p1a: Kingambit|45/100
|-damage|p1b: Drampa|17/100
|-ability|p1b: Drampa|Berserk|boost
|-boost|p1b: Drampa|spa|1
|move|p1a: Kingambit|Kowtow Cleave|p2a: Sinistcha
|-supereffective|p2a: Sinistcha|1
|-damage|p2a: Sinistcha|0 fnt
|faint|p2a: Sinistcha
|move|p1b: Drampa|Hyper Voice|p2b: Gardevoir
|-damage|p2b: Gardevoir|0 fnt
|faint|p2b: Gardevoir
|
|upkeep
|
|t:|1784818462
|switch|p2b: Ceruledge|Ceruledge, L50, M|100/100
|switch|p2a: Milotic|Milotic, L50, F|100/100
|turn|5
|
|t:|1784818482
|move|p1a: Kingambit|Sucker Punch|p2b: Ceruledge
|-supereffective|p2b: Ceruledge|1
|-enditem|p2b: Ceruledge|Colbur Berry|[eat]
|-enditem|p2b: Ceruledge|Colbur Berry|[weaken]
|-damage|p2b: Ceruledge|55/100
|move|p2b: Ceruledge|Bitter Blade|p1a: Kingambit
|-supereffective|p1a: Kingambit|1
|-damage|p1a: Kingambit|0 fnt
|-heal|p2b: Ceruledge|79/100|[from] drain|[of] p1a: Kingambit
|faint|p1a: Kingambit
|move|p2a: Milotic|Muddy Water|p1b: Drampa
|-resisted|p1b: Drampa|1
|-damage|p1b: Drampa|3/100
|-unboost|p1b: Drampa|accuracy|1
|move|p1b: Drampa|Dragon Pulse|p2a: Milotic
|-damage|p2a: Milotic|45/100
|
|-heal|p2a: Milotic|50/100g|[from] item: Leftovers
|upkeep
|turn|6
|
|t:|1784818492
|move|p2b: Ceruledge|Bitter Blade|p1b: Drampa
|-resisted|p1b: Drampa|1
|-damage|p1b: Drampa|0 fnt
|-heal|p2b: Ceruledge|80/100|[from] drain|[of] p1b: Drampa
|faint|p1b: Drampa
|
|win|standardamerican
