|j|☆laufey#1fan
|j|☆bigboyblue3451
|html|laufey#1fanbigboyblue3451    
|uhtml|bestof|Game 3 of a best-of-3
|t:|1757042470
|gametype|doubles
|player|p1|laufey#1fan|265|1330
|player|p2|bigboyblue3451|170|1298
|gen|9
|tier|[Gen 9] VGC 2025 Reg H (Bo3)
|rated|
|rule|Species Clause: Limit one of each Pokémon
|rule|Item Clause: Limit 1 of each item
|clearpoke
|poke|p1|Kingambit, L50, M|
|poke|p1|Ursaluna-Bloodmoon, L50, M|
|poke|p1|Sinistcha, L50|
|poke|p1|Ninetales-Alola, L50, F|
|poke|p1|Sneasler, L50, F|
|poke|p1|Dragonite, L50, M|
|poke|p2|Archaludon, L50, M|
|poke|p2|Pelipper, L50, F|
|poke|p2|Amoonguss, L50, F|
|poke|p2|Basculegion, L50, M|
|poke|p2|Farigiraf, L50, F|
|poke|p2|Pincurchin, L50, F|
|teampreview|4
|showteam|p1|Kingambit||BlackGlasses|Defiant|KowtowCleave,SwordsDance,SuckerPunch,Protect|||M|||50|,,,,,Fire]Ursaluna-Bloodmoon||AssaultVest|MindsEye|BloodMoon,EarthPower,HyperVoice,VacuumWave|||M|||50|,,,,,Water]Sinistcha||SitrusBerry|Hospitality|Protect,MatchaGotcha,TrickRoom,RagePowder||||||50|,,,,,Water]Ninetales-Alola||ChoiceSpecs|SnowWarning|Blizzard,Moonblast,FreezeDry,DazzlingGleam|||F|||50|,,,,,Ghost]Sneasler||FocusSash|Unburden|CloseCombat,DireClaw,Coaching,FakeOut|||F|||50|,,,,,Ghost]Dragonite||LoadedDice|Multiscale|Protect,ScaleShot,StompingTantrum,Haze|||M|||50|,,,,,Steel
|showteam|p2|Archaludon||AssaultVest|Stamina|ElectroShot,Snarl,DracoMeteor,BodyPress|||M|||50|,,,,,Bug]Pelipper||FocusSash|Drizzle|MuddyWater,Hurricane,Tailwind,Protect|||F|||50|,,,,,Stellar]Amoonguss||CovertCloak|Regenerator|Spore,PollenPuff,RagePowder,ClearSmog|||F|||50|,,,,,Psychic]Basculegion||ChoiceBand|SwiftSwim|AquaJet,FlipTurn,WaveCrash,LastRespects|||M|||50|,,,,,Water]Farigiraf||SafetyGoggles|ArmorTail|HyperVoice,Psychic,TrickRoom,Protect|||F|||50|,,,,,Fairy]Pincurchin||SitrusBerry|ElectricSurge|Scald,Electroweb,ToxicSpikes,Protect|||F|||50|,,,,,Flying
|inactive|Battle timer is ON: inactive players will automatically lose when time's up. (requested by laufey#1fan)
|c|☆bigboyblue3451|I'm watching one piece rn lol
|inactive|bigboyblue3451 has 60 seconds left.
|inactive|laufey#1fan has 30 seconds left.
|
|t:|1757042529
|teamsize|p1|4
|teamsize|p2|4
|start
|switch|p1a: JOYBOY|Dragonite, L50, M|100/100
|switch|p1b: Sabotage|Sneasler, L50, F|100/100
|switch|p2a: Basculegion|Basculegion, L50, M|100/100
|switch|p2b: Pelipper|Pelipper, L50, F|100/100
|-weather|RainDance|[from] ability: Drizzle|[of] p2b: Pelipper
|turn|1
|
|t:|1757042552
|switch|p2b: Archaludon|Archaludon, L50, M|100/100
|move|p2a: Basculegion|Flip Turn|p2b: Archaludon
|-resisted|p2b: Archaludon
|-damage|p2b: Archaludon|75/100
|-ability|p2b: Archaludon|Stamina|boost
|-boost|p2b: Archaludon|def|1
|
|t:|1757042557
|switch|p2a: Farigiraf|Farigiraf, L50, F|100/100|[from] Flip Turn
|move|p1b: Sabotage|Dire Claw|p2a: Farigiraf
|-damage|p2a: Farigiraf|64/100
|move|p1a: JOYBOY|Scale Shot|p2a: Farigiraf
|-damage|p2a: Farigiraf|52/100
|-damage|p2a: Farigiraf|39/100
|-damage|p2a: Farigiraf|26/100
|-damage|p2a: Farigiraf|12/100
|-damage|p2a: Farigiraf|0 fnt
|faint|p2a: Farigiraf
|-hitcount|p2: Farigiraf|5
|-unboost|p1a: JOYBOY|def|1
|-boost|p1a: JOYBOY|spe|1
|
|-weather|RainDance|[upkeep]
|upkeep
|
|t:|1757042561
|switch|p2a: Basculegion|Basculegion, L50, M|100/100
|turn|2
|inactive|bigboyblue3451 has 30 seconds left.
|
|t:|1757042595
|move|p1a: JOYBOY|Protect|p1a: JOYBOY
|-singleturn|p1a: JOYBOY|Protect
|move|p2a: Basculegion|Last Respects|p1a: JOYBOY
|-activate|p1a: JOYBOY|move: Protect
|move|p1b: Sabotage|Dire Claw|p2a: Basculegion
|-resisted|p2a: Basculegion
|-damage|p2a: Basculegion|73/100
|move|p2b: Archaludon|Electro Shot||[still]
|-prepare|p2b: Archaludon|Electro Shot
|-boost|p2b: Archaludon|spa|1
|-anim|p2b: Archaludon|Electro Shot|p1b: Sabotage
|-damage|p1b: Sabotage|20/100
|
|-weather|RainDance|[upkeep]
|upkeep
|turn|3
|inactive|laufey#1fan has 30 seconds left.
|
|t:|1757042623
|move|p2a: Basculegion|Last Respects|p1b: Sabotage
|-damage|p1b: Sabotage|0 fnt
|faint|p1b: Sabotage
|move|p1a: JOYBOY|Scale Shot|p2a: Basculegion
|-damage|p2a: Basculegion|54/100
|-damage|p2a: Basculegion|36/100
|-damage|p2a: Basculegion|17/100
|-crit|p2a: Basculegion
|-damage|p2a: Basculegion|0 fnt
|faint|p2a: Basculegion
|-hitcount|p2: Basculegion|4
|-unboost|p1a: JOYBOY|def|1
|-boost|p1a: JOYBOY|spe|1
|move|p2b: Archaludon|Snarl|p1a: JOYBOY
|-damage|p1a: JOYBOY|88/100
|-unboost|p1a: JOYBOY|spa|1
|
|-weather|RainDance|[upkeep]
|upkeep
|
|t:|1757042645
|switch|p1b: Mr.Eclectic|Sinistcha, L50, shiny|100/100
|switch|p2a: Pelipper|Pelipper, L50, F|100/100
|-heal|p1a: JOYBOY|100/100|[from] ability: Hospitality|[of] p1b: Mr.Eclectic
|turn|4
|inactive|laufey#1fan has 30 seconds left.
|
|t:|1757042671
|move|p1b: Mr.Eclectic|Rage Powder|p1b: Mr.Eclectic
|-singleturn|p1b: Mr.Eclectic|move: Rage Powder
|move|p1a: JOYBOY|Scale Shot|p2a: Pelipper
|-damage|p2a: Pelipper|82/100
|-damage|p2a: Pelipper|62/100
|-damage|p2a: Pelipper|41/100
|-damage|p2a: Pelipper|21/100
|-hitcount|p2a: Pelipper|4
|-unboost|p1a: JOYBOY|def|1
|-boost|p1a: JOYBOY|spe|1
|move|p2a: Pelipper|Tailwind|p2a: Pelipper
|-sidestart|p2: bigboyblue3451|move: Tailwind
|move|p2b: Archaludon|Snarl|p1b: Mr.Eclectic|[spread] p1a,p1b
|-supereffective|p1b: Mr.Eclectic
|-damage|p1a: JOYBOY|91/100
|-damage|p1b: Mr.Eclectic|69/100
|-unboost|p1a: JOYBOY|spa|1
|-unboost|p1b: Mr.Eclectic|spa|1
|
|-weather|RainDance|[upkeep]
|upkeep
|turn|5
|
|t:|1757042694
|move|p1a: JOYBOY|Protect|p1a: JOYBOY
|-singleturn|p1a: JOYBOY|Protect
|move|p1b: Mr.Eclectic|Protect|p1b: Mr.Eclectic
|-singleturn|p1b: Mr.Eclectic|Protect
|move|p2a: Pelipper|Hurricane|p1b: Mr.Eclectic
|-activate|p1b: Mr.Eclectic|move: Protect
|move|p2b: Archaludon|Draco Meteor|p1a: JOYBOY
|-activate|p1a: JOYBOY|move: Protect
|
|-weather|none
|upkeep
|turn|6
|inactive|bigboyblue3451 has 30 seconds left.
|
|t:|1757042723
|switch|p1b: Kingambit|Kingambit, L50, M|100/100
|-terastallize|p1a: JOYBOY|Steel
|move|p1a: JOYBOY|Scale Shot|p2a: Pelipper|[miss]
|-miss|p1a: JOYBOY|p2a: Pelipper
|move|p2a: Pelipper|Muddy Water|p1a: JOYBOY|[spread] p1a,p1b
|-damage|p1a: JOYBOY|64/100
|-damage|p1b: Kingambit|72/100
|move|p2b: Archaludon|Snarl|p1b: Kingambit|[spread] p1a,p1b
|-resisted|p1b: Kingambit
|-damage|p1a: JOYBOY|43/100
|-damage|p1b: Kingambit|64/100
|-unboost|p1a: JOYBOY|spa|1
|-unboost|p1b: Kingambit|spa|1
|-ability|p1b: Kingambit|Defiant|boost
|-boost|p1b: Kingambit|atk|2
|
|upkeep
|turn|7
|
|t:|1757042743
|move|p1a: JOYBOY|Protect|p1a: JOYBOY
|-singleturn|p1a: JOYBOY|Protect
|move|p2a: Pelipper|Protect|p2a: Pelipper
|-singleturn|p2a: Pelipper|Protect
|move|p1b: Kingambit|Protect|p1b: Kingambit
|-singleturn|p1b: Kingambit|Protect
|move|p2b: Archaludon|Body Press|p1b: Kingambit
|-activate|p1b: Kingambit|move: Protect
|
|-sideend|p2: bigboyblue3451|move: Tailwind
|upkeep
|turn|8
|
|t:|1757042765
|move|p1b: Kingambit|Sucker Punch|p2b: Archaludon
|-damage|p2b: Archaludon|31/100
|-ability|p2b: Archaludon|Stamina|boost
|-boost|p2b: Archaludon|def|1
|move|p1a: JOYBOY|Scale Shot|p2a: Pelipper|[miss]
|-miss|p1a: JOYBOY|p2a: Pelipper
|move|p2a: Pelipper|Tailwind|p2a: Pelipper
|-sidestart|p2: bigboyblue3451|move: Tailwind
|move|p2b: Archaludon|Body Press|p1b: Kingambit
|-supereffective|p1b: Kingambit
|-damage|p1b: Kingambit|0 fnt
|faint|p1b: Kingambit
|
|upkeep
|
|t:|1757042773
|switch|p1b: Mr.Eclectic|Sinistcha, L50, shiny|69/100
|-heal|p1a: JOYBOY|68/100|[from] ability: Hospitality|[of] p1b: Mr.Eclectic
|turn|9
|
|t:|1757042797
|move|p1a: JOYBOY|Haze|p1a: JOYBOY
|-clearallboost
|move|p2a: Pelipper|Muddy Water|p1a: JOYBOY|[spread] p1a,p1b
|-resisted|p1b: Mr.Eclectic
|-damage|p1a: JOYBOY|37/100
|-damage|p1b: Mr.Eclectic|57/100
|-unboost|p1b: Mr.Eclectic|accuracy|1
|move|p2b: Archaludon|Draco Meteor|p1a: JOYBOY|[miss]
|-miss|p2b: Archaludon|p1a: JOYBOY
|move|p1b: Mr.Eclectic|Trick Room|p1b: Mr.Eclectic
|-fieldstart|move: Trick Room|[of] p1b: Mr.Eclectic
|
|upkeep
|turn|10
|
|t:|1757042816
|move|p2a: Pelipper|Protect|p2a: Pelipper
|-singleturn|p2a: Pelipper|Protect
|move|p1b: Mr.Eclectic|Rage Powder|p1b: Mr.Eclectic
|-singleturn|p1b: Mr.Eclectic|move: Rage Powder
|move|p1a: JOYBOY|Scale Shot|p2b: Archaludon
|-damage|p2b: Archaludon|21/100
|-ability|p2b: Archaludon|Stamina|boost
|-boost|p2b: Archaludon|def|1
|-damage|p2b: Archaludon|14/100
|-ability|p2b: Archaludon|Stamina|boost
|-boost|p2b: Archaludon|def|1
|-damage|p2b: Archaludon|9/100
|-ability|p2b: Archaludon|Stamina|boost
|-boost|p2b: Archaludon|def|1
|-damage|p2b: Archaludon|4/100
|-ability|p2b: Archaludon|Stamina|boost
|-boost|p2b: Archaludon|def|1
|-damage|p2b: Archaludon|0 fnt
|faint|p2b: Archaludon
|-hitcount|p2: Archaludon|5
|-unboost|p1a: JOYBOY|def|1
|-boost|p1a: JOYBOY|spe|1
|
|upkeep
|turn|11
|
|t:|1757042837
|-terastallize|p2a: Pelipper|Stellar
|move|p1b: Mr.Eclectic|Rage Powder|p1b: Mr.Eclectic
|-singleturn|p1b: Mr.Eclectic|move: Rage Powder
|move|p1a: JOYBOY|Scale Shot|p2a: Pelipper
|-damage|p2a: Pelipper|1/100
|-damage|p2a: Pelipper|0 fnt
|faint|p2a: Pelipper
|-hitcount|p2: Pelipper|2
|
|win|laufey#1fan
|raw|laufey#1fan's rating: 1330 → 1348(+18 for winning)
|raw|bigboyblue3451's rating: 1298 → 1275(-23 for losing)
|l|☆bigboyblue3451
|player|p2|
