|j|☆Metallicmadness
|j|☆Lab01JNEST
|html|MetallicmadnessLab01JNEST    
|uhtml|bestof|Game 3 of a best-of-3
|t:|1757690403
|gametype|doubles
|player|p1|Metallicmadness|byron|1231
|player|p2|Lab01JNEST|266|1264
|gen|9
|tier|[Gen 9] VGC 2025 Reg H (Bo3)
|rated|
|rule|Species Clause: Limit one of each Pokémon
|rule|Item Clause: Limit 1 of each item
|clearpoke
|poke|p1|Charizard, L50, F|
|poke|p1|Torkoal, L50, F|
|poke|p1|Porygon2, L50|
|poke|p1|Incineroar, L50, M|
|poke|p1|Jumpluff, L50, F|
|poke|p1|Ursaluna, L50, F|
|poke|p2|Tyranitar, L50, M|
|poke|p2|Garchomp, L50, F|
|poke|p2|Sinistcha, L50|
|poke|p2|Dragonite, L50, M|
|poke|p2|Corviknight, L50, M|
|poke|p2|Volcarona, L50, M|
|teampreview|4
|showteam|p1|Charizard||ChoiceSpecs|SolarPower|HeatWave,Overheat,WeatherBall,AirSlash|||F|||50|,,,,,Ghost]Torkoal||EjectPack|Drought|Eruption,Overheat,HelpingHand,Protect|||F|||50|,,,,,Fire]Porygon2||Eviolite|Download|TeraBlast,IceBeam,Recover,TrickRoom||||||50|,,,,,Fighting]Incineroar||SitrusBerry|Intimidate|FlareBlitz,KnockOff,FakeOut,PartingShot|||M|||50|,,,,,Ghost]Jumpluff||CovertCloak|Chlorophyll|SleepPowder,SunnyDay,RagePowder,Tailwind|||F|||50|,,,,,Water]Ursaluna||FlameOrb|Guts|HeadlongRush,Facade,Earthquake,Protect|||F|||50|,,,,,Ghost
|showteam|p2|Tyranitar||AssaultVest|SandStream|RockSlide,KnockOff,TeraBlast,LowKick|||M|||50|,,,,,Flying]Garchomp||LifeOrb|RoughSkin|Protect,DragonClaw,StompingTantrum,Earthquake|||F|||50|,,,,,Ground]Sinistcha||RockyHelmet|Hospitality|MatchaGotcha,LifeDew,TrickRoom,RagePowder||||||50|,,,,,Dark]Dragonite||ChoiceBand|InnerFocus|Outrage,ExtremeSpeed,IceSpinner,AerialAce|||M|||50|,,,,,Normal]Corviknight||SitrusBerry|MirrorArmor|Tailwind,BulkUp,Roost,BraveBird|||M|||50|,,,,,Dragon]Volcarona||Leftovers|FlameBody|FieryDance,GigaDrain,QuiverDance,Protect|||M|||50|,,,,,Dragon
|inactive|Battle timer is ON: inactive players will automatically lose when time's up. (requested by Metallicmadness)
|inactive|Lab01JNEST also wants the timer to be on.
|inactive|Metallicmadness has 60 seconds left.
|
|t:|1757690437
|teamsize|p1|4
|teamsize|p2|4
|start
|switch|p1a: Jumpluff|Jumpluff, L50, F|100/100
|switch|p1b: Torkoal|Torkoal, L50, F|100/100
|switch|p2a: Volcarona|Volcarona, L50, M|100/100
|switch|p2b: Tyranitar|Tyranitar, L50, M|100/100
|-weather|Sandstorm|[from] ability: Sand Stream|[of] p2b: Tyranitar
|-weather|SunnyDay|[from] ability: Drought|[of] p1b: Torkoal
|turn|1
|
|t:|1757690454
|-terastallize|p2a: Volcarona|Dragon
|move|p1a: Jumpluff|Sleep Powder|p2a: Volcarona
|-status|p2a: Volcarona|slp|[from] move: Sleep Powder
|cant|p2a: Volcarona|slp
|move|p2b: Tyranitar|Rock Slide|p1b: Torkoal|[spread] p1a,p1b
|-supereffective|p1a: Jumpluff
|-supereffective|p1b: Torkoal
|-damage|p1a: Jumpluff|18/100
|-damage|p1b: Torkoal|53/100
|move|p1b: Torkoal|Overheat|p2a: Volcarona|[miss]
|-miss|p1b: Torkoal|p2a: Volcarona
|
|-weather|SunnyDay|[upkeep]
|upkeep
|turn|2
|
|t:|1757690469
|switch|p2b: Sinistcha|Sinistcha, L50|100/100
|move|p1a: Jumpluff|Sleep Powder|p2b: Sinistcha
|-immune|p2b: Sinistcha
|cant|p2a: Volcarona|slp
|move|p1b: Torkoal|Overheat|p2a: Volcarona
|-resisted|p2a: Volcarona
|-damage|p2a: Volcarona|62/100 slp
|-unboost|p1b: Torkoal|spa|2
|-enditem|p1b: Torkoal|Eject Pack
|
|t:|1757690474
|switch|p1b: Charizard|Charizard, L50, F|100/100
|
|-weather|SunnyDay|[upkeep]
|-damage|p1b: Charizard|88/100|[from] ability: Solar Power|[of] p1b: Charizard
|-heal|p2a: Volcarona|69/100 slp|[from] item: Leftovers
|upkeep
|turn|3
|
|t:|1757690489
|switch|p2b: Tyranitar|Tyranitar, L50, M|100/100
|-weather|Sandstorm|[from] ability: Sand Stream|[of] p2b: Tyranitar
|move|p1a: Jumpluff|Tailwind|p1a: Jumpluff
|-sidestart|p1: Metallicmadness|move: Tailwind
|move|p1b: Charizard|Heat Wave|p2b: Tyranitar|[spread] p2a,p2b
|-resisted|p2a: Volcarona
|-resisted|p2b: Tyranitar
|-damage|p2a: Volcarona|46/100 slp
|-damage|p2b: Tyranitar|92/100
|-curestatus|p2a: Volcarona|slp|[msg]
|move|p2a: Volcarona|Quiver Dance|p2a: Volcarona
|-boost|p2a: Volcarona|spa|1
|-boost|p2a: Volcarona|spd|1
|-boost|p2a: Volcarona|spe|1
|
|-weather|Sandstorm|[upkeep]
|-damage|p1a: Jumpluff|12/100|[from] Sandstorm
|-damage|p1b: Charizard|82/100|[from] Sandstorm
|-damage|p2a: Volcarona|40/100|[from] Sandstorm
|-heal|p2a: Volcarona|46/100|[from] item: Leftovers
|upkeep
|turn|4
|
|t:|1757690503
|switch|p1a: Torkoal|Torkoal, L50, F|53/100
|-weather|SunnyDay|[from] ability: Drought|[of] p1a: Torkoal
|move|p1b: Charizard|Heat Wave|p2b: Tyranitar|[spread] 
|-miss|p1b: Charizard|p2a: Volcarona
|-miss|p1b: Charizard|p2b: Tyranitar
|move|p2a: Volcarona|Quiver Dance|p2a: Volcarona
|-boost|p2a: Volcarona|spa|1
|-boost|p2a: Volcarona|spd|1
|-boost|p2a: Volcarona|spe|1
|move|p2b: Tyranitar|Rock Slide|p1b: Charizard|[spread] 
|-miss|p2b: Tyranitar|p1a: Torkoal
|-miss|p2b: Tyranitar|p1b: Charizard
|
|-weather|SunnyDay|[upkeep]
|-damage|p1b: Charizard|70/100|[from] ability: Solar Power|[of] p1b: Charizard
|-heal|p2a: Volcarona|52/100|[from] item: Leftovers
|upkeep
|turn|5
|
|t:|1757690516
|switch|p2b: Sinistcha|Sinistcha, L50|100/100
|-heal|p2a: Volcarona|77/100|[from] ability: Hospitality|[of] p2b: Sinistcha
|move|p1a: Torkoal|Helping Hand|p1b: Charizard
|-singleturn|p1b: Charizard|Helping Hand|[of] p1a: Torkoal
|move|p2a: Volcarona|Protect|p2a: Volcarona
|-singleturn|p2a: Volcarona|Protect
|move|p1b: Charizard|Heat Wave|p2a: Volcarona|[spread] p2b
|-activate|p2a: Volcarona|move: Protect
|-supereffective|p2b: Sinistcha
|-damage|p2b: Sinistcha|0 fnt
|faint|p2b: Sinistcha
|
|-weather|SunnyDay|[upkeep]
|-damage|p1b: Charizard|57/100|[from] ability: Solar Power|[of] p1b: Charizard
|-heal|p2a: Volcarona|83/100|[from] item: Leftovers
|upkeep
|
|t:|1757690526
|switch|p2b: Tyranitar|Tyranitar, L50, M|92/100
|-weather|Sandstorm|[from] ability: Sand Stream|[of] p2b: Tyranitar
|turn|6
|
|t:|1757690536
|switch|p1a: Jumpluff|Jumpluff, L50, F|12/100
|move|p1b: Charizard|Heat Wave|p2b: Tyranitar|[spread] p2a,p2b
|-resisted|p2a: Volcarona
|-resisted|p2b: Tyranitar
|-damage|p2a: Volcarona|72/100
|-damage|p2b: Tyranitar|81/100
|move|p2a: Volcarona|Fiery Dance|p1b: Charizard
|-resisted|p1b: Charizard
|-damage|p1b: Charizard|7/100
|move|p2b: Tyranitar|Rock Slide|p1b: Charizard|[spread] p1a,p1b
|-supereffective|p1a: Jumpluff
|-crit|p1a: Jumpluff
|-supereffective|p1b: Charizard
|-damage|p1a: Jumpluff|0 fnt
|-damage|p1b: Charizard|0 fnt
|faint|p1a: Jumpluff
|faint|p1b: Charizard
|
|-weather|Sandstorm|[upkeep]
|-damage|p2a: Volcarona|66/100|[from] Sandstorm
|-heal|p2a: Volcarona|72/100|[from] item: Leftovers
|-sideend|p1: Metallicmadness|move: Tailwind
|upkeep
|
|t:|1757690547
|switch|p1a: Porygon2|Porygon2, L50|100/100
|switch|p1b: Torkoal|Torkoal, L50, F|53/100
|-ability|p1a: Porygon2|Download|boost
|-boost|p1a: Porygon2|atk|1
|-weather|SunnyDay|[from] ability: Drought|[of] p1b: Torkoal
|turn|7
|
|t:|1757690561
|move|p1b: Torkoal|Protect|p1b: Torkoal
|-singleturn|p1b: Torkoal|Protect
|move|p2a: Volcarona|Fiery Dance|p1a: Porygon2
|-damage|p1a: Porygon2|30/100
|move|p2b: Tyranitar|Rock Slide|p1a: Porygon2|[spread] p1a
|-activate|p1b: Torkoal|move: Protect
|-damage|p1a: Porygon2|8/100
|move|p1a: Porygon2|Trick Room|p1a: Porygon2
|-fieldstart|move: Trick Room|[of] p1a: Porygon2
|
|-weather|SunnyDay|[upkeep]
|-heal|p2a: Volcarona|78/100|[from] item: Leftovers
|upkeep
|turn|8
|
|t:|1757690576
|switch|p2b: Dragonite|Dragonite, L50, M|100/100
|-terastallize|p1a: Porygon2|Fighting
|move|p1b: Torkoal|Eruption|p2a: Volcarona|[spread] p2a,p2b
|-resisted|p2a: Volcarona
|-resisted|p2b: Dragonite
|-damage|p2a: Volcarona|69/100
|-damage|p2b: Dragonite|82/100
|move|p1a: Porygon2|Tera Blast|p2b: Dragonite|[anim] Tera Blast Fighting
|-resisted|p2b: Dragonite
|-damage|p2b: Dragonite|61/100
|move|p2a: Volcarona|Quiver Dance|p2a: Volcarona
|-boost|p2a: Volcarona|spa|1
|-boost|p2a: Volcarona|spd|1
|-boost|p2a: Volcarona|spe|1
|
|-weather|SunnyDay|[upkeep]
|-heal|p2a: Volcarona|75/100|[from] item: Leftovers
|upkeep
|turn|9
|-message|Metallicmadness forfeited.
|raw|Metallicmadness's rating: 1231 → 1208(-23 for losing)
|raw|Lab01JNEST's rating: 1264 → 1287(+23 for winning)
|
|win|Lab01JNEST
