|j|☆Gamertag1001
|j|☆Bob Ravioli
|html|Gamertag1001Bob Ravioli    
|uhtml|bestof|Game 2 of a best-of-3
|t:|1757795506
|gametype|doubles
|player|p1|Gamertag1001|bugcatcher-gen4dp|1168
|player|p2|Bob Ravioli|steven|1248
|gen|9
|tier|[Gen 9] VGC 2025 Reg H (Bo3)
|rated|
|rule|Species Clause: Limit one of each Pokémon
|rule|Item Clause: Limit 1 of each item
|clearpoke
|poke|p1|Sneasler, L50, M|
|poke|p1|Rillaboom, L50, M|
|poke|p1|Gholdengo, L50|
|poke|p1|Farigiraf, L50, F|
|poke|p1|Vivillon, L50, M|
|poke|p1|Garchomp, L50, M|
|poke|p2|Sneasler, L50, M|
|poke|p2|Indeedee, L50, M|
|poke|p2|Volcarona, L50, M|
|poke|p2|Ursaluna-Bloodmoon, L50, M|
|poke|p2|Annihilape, L50, M|
|poke|p2|Tyranitar, L50, M|
|teampreview|4
|showteam|p1|Sneasler||WhiteHerb|Unburden|CloseCombat,DireClaw,Coaching,Protect|||M|||50|,,,,,Stellar]Rillaboom||MiracleSeed|GrassySurge|WoodHammer,GrassyGlide,Uturn,FakeOut|||M|||50|,,,,,Fire]Gholdengo||GrassySeed|GoodasGold|MakeItRain,ShadowBall,NastyPlot,Protect||||||50|,,,,,Dragon]Farigiraf||ThroatSpray|ArmorTail|HyperVoice,Psychic,TrickRoom,Protect|||F|||50|,,,,,Water]Vivillon||FocusSash|CompoundEyes|Hurricane,Protect,Tailwind,SleepPowder|||M|||50|,,,,,Ghost]Garchomp||AssaultVest|RoughSkin|StompingTantrum,DragonClaw,PoisonJab,RockSlide|||M|||50|,,,,,Poison
|showteam|p2|Sneasler||PsychicSeed|Unburden|CloseCombat,DireClaw,ThroatChop,Protect|||M|||50|,,,,,Dark]Indeedee||ChoiceScarf|PsychicSurge|ExpandingForce,TeraBlast,Trick,Protect|||M|||50|,,,,,Psychic]Volcarona||SitrusBerry|FlameBody|Overheat,StruggleBug,RagePowder,Tailwind|||M|||50|,,,,,Dragon]Ursaluna-Bloodmoon||LifeOrb|MindsEye|BloodMoon,HyperVoice,EarthPower,Protect|||M|||50|,,,,,Normal]Annihilape||SafetyGoggles|Defiant|CloseCombat,RageFist,Taunt,FinalGambit|||M|||50|,,,,,Fairy]Tyranitar||AssaultVest|SandStream|RockSlide,KnockOff,TeraBlast,LowKick|||M|||50|,,,,,Flying
|inactive|Battle timer is ON: inactive players will automatically lose when time's up. (requested by Bob Ravioli)
|inactive|Gamertag1001 also wants the timer to be on.
|inactive|Gamertag1001 has 60 seconds left.
|
|t:|1757795542
|teamsize|p1|4
|teamsize|p2|4
|start
|switch|p1a: Gholdengo|Gholdengo, L50|100/100
|switch|p1b: Farigiraf|Farigiraf, L50, F|100/100
|switch|p2a: Volcarona|Volcarona, L50, M|100/100
|switch|p2b: Tyranitar|Tyranitar, L50, M, shiny|100/100
|-weather|Sandstorm|[from] ability: Sand Stream|[of] p2b: Tyranitar
|turn|1
|inactive|Bob Ravioli has 30 seconds left.
|
|t:|1757795567
|switch|p1b: Rillaboom|Rillaboom, L50, M|100/100
|-fieldstart|move: Grassy Terrain|[from] ability: Grassy Surge|[of] p1b: Rillaboom
|-enditem|p1a: Gholdengo|Grassy Seed
|-boost|p1a: Gholdengo|def|1|[from] item: Grassy Seed
|-terastallize|p1a: Gholdengo|Dragon
|-terastallize|p2b: Tyranitar|Flying
|move|p2a: Volcarona|Struggle Bug|p1a: Gholdengo|[spread] p1a,p1b
|-supereffective|p1b: Rillaboom
|-damage|p1a: Gholdengo|84/100
|-damage|p1b: Rillaboom|69/100
|-unboost|p1a: Gholdengo|spa|1
|-unboost|p1b: Rillaboom|spa|1
|move|p1a: Gholdengo|Nasty Plot|p1a: Gholdengo
|-boost|p1a: Gholdengo|spa|2
|move|p2b: Tyranitar|Knock Off|p1b: Rillaboom
|-damage|p1b: Rillaboom|12/100
|-enditem|p1b: Rillaboom|Miracle Seed|[from] move: Knock Off|[of] p2b: Tyranitar
|
|-weather|Sandstorm|[upkeep]
|-damage|p2a: Volcarona|94/100|[from] Sandstorm
|-damage|p1a: Gholdengo|78/100|[from] Sandstorm
|-damage|p1b: Rillaboom|6/100|[from] Sandstorm
|-damage|p2b: Tyranitar|95/100|[from] Sandstorm
|-heal|p2a: Volcarona|100/100|[from] Grassy Terrain
|-heal|p1a: Gholdengo|84/100|[from] Grassy Terrain
|-heal|p1b: Rillaboom|12/100|[from] Grassy Terrain
|upkeep
|turn|2
|inactive|Gamertag1001 has 30 seconds left.
|
|t:|1757795594
|switch|p2b: Indeedee|Indeedee, L50, M|100/100
|-fieldstart|move: Psychic Terrain|[from] ability: Psychic Surge|[of] p2b: Indeedee
|move|p1b: Rillaboom|Fake Out|p2a: Volcarona
|-activate|p2a: Volcarona|move: Psychic Terrain
|move|p2a: Volcarona|Struggle Bug|p1a: Gholdengo|[spread] p1a,p1b
|-supereffective|p1b: Rillaboom
|-damage|p1a: Gholdengo|68/100
|-damage|p1b: Rillaboom|0 fnt
|-unboost|p1a: Gholdengo|spa|1
|faint|p1b: Rillaboom
|move|p1a: Gholdengo|Nasty Plot|p1a: Gholdengo
|-boost|p1a: Gholdengo|spa|2
|
|-weather|Sandstorm|[upkeep]
|-damage|p2b: Indeedee|95/100|[from] Sandstorm
|-damage|p2a: Volcarona|94/100|[from] Sandstorm
|-damage|p1a: Gholdengo|62/100|[from] Sandstorm
|upkeep
|
|t:|1757795603
|switch|p1b: Farigiraf|Farigiraf, L50, F|100/100
|turn|3
|
|t:|1757795614
|move|p1a: Gholdengo|Protect|p1a: Gholdengo
|-singleturn|p1a: Gholdengo|Protect
|move|p2b: Indeedee|Expanding Force|p1a: Gholdengo|[spread] p1b
|-activate|p1a: Gholdengo|move: Protect
|-resisted|p1b: Farigiraf
|-damage|p1b: Farigiraf|72/100
|move|p2a: Volcarona|Struggle Bug|p1a: Gholdengo|[spread] p1b
|-activate|p1a: Gholdengo|move: Protect
|-supereffective|p1b: Farigiraf
|-damage|p1b: Farigiraf|39/100
|-unboost|p1b: Farigiraf|spa|1
|move|p1b: Farigiraf|Trick Room|p1b: Farigiraf
|-fieldstart|move: Trick Room|[of] p1b: Farigiraf
|
|-weather|Sandstorm|[upkeep]
|-damage|p1b: Farigiraf|33/100|[from] Sandstorm
|-damage|p1a: Gholdengo|56/100|[from] Sandstorm
|-damage|p2a: Volcarona|88/100|[from] Sandstorm
|-damage|p2b: Indeedee|89/100|[from] Sandstorm
|upkeep
|turn|4
|inactive|Bob Ravioli has 30 seconds left.
|
|t:|1757795645
|move|p1b: Farigiraf|Psychic|p2a: Volcarona
|-damage|p2a: Volcarona|50/100
|-enditem|p2a: Volcarona|Sitrus Berry|[eat]
|-heal|p2a: Volcarona|75/100|[from] item: Sitrus Berry
|move|p1a: Gholdengo|Make It Rain|p2a: Volcarona|[spread] p2a,p2b
|-resisted|p2a: Volcarona
|-damage|p2a: Volcarona|32/100
|-damage|p2b: Indeedee|0 fnt
|-unboost|p1a: Gholdengo|spa|1
|faint|p2b: Indeedee
|move|p2a: Volcarona|Struggle Bug|p1b: Farigiraf|[spread] p1a,p1b
|-supereffective|p1b: Farigiraf
|-damage|p1a: Gholdengo|40/100
|-damage|p1b: Farigiraf|0 fnt
|-unboost|p1a: Gholdengo|spa|1
|faint|p1b: Farigiraf
|
|-weather|Sandstorm|[upkeep]
|-damage|p1a: Gholdengo|33/100|[from] Sandstorm
|-damage|p2a: Volcarona|26/100|[from] Sandstorm
|upkeep
|
|t:|1757795662
|switch|p1b: Garchomp|Garchomp, L50, M|100/100
|switch|p2b: Tyranitar|Tyranitar, L50, M, shiny, tera:Flying|95/100
|turn|5
|inactive|Gamertag1001 has 30 seconds left.
|inactive|Bob Ravioli has 30 seconds left.
|
|t:|1757795692
|move|p2b: Tyranitar|Tera Blast|p1a: Gholdengo|[anim] Tera Blast Flying
|-damage|p1a: Gholdengo|8/100
|move|p1a: Gholdengo|Shadow Ball|p2b: Tyranitar
|-damage|p2b: Tyranitar|70/100
|move|p1b: Garchomp|Rock Slide|p2b: Tyranitar|[spread] p2a,p2b
|-supereffective|p2a: Volcarona
|-supereffective|p2b: Tyranitar
|-damage|p2a: Volcarona|0 fnt
|-damage|p2b: Tyranitar|38/100
|faint|p2a: Volcarona
|
|-weather|none
|upkeep
|
|t:|1757795703
|switch|p2a: Sneasler|Sneasler, L50, M|100/100
|-enditem|p2a: Sneasler|Psychic Seed
|-boost|p2a: Sneasler|spd|1|[from] item: Psychic Seed
|turn|6
|inactive|Gamertag1001 has 30 seconds left.
|inactive|Gamertag1001 has 20 seconds left.
|
|t:|1757795740
|move|p1a: Gholdengo|Protect|p1a: Gholdengo
|-singleturn|p1a: Gholdengo|Protect
|move|p2b: Tyranitar|Rock Slide|p1b: Garchomp|[spread] p1b
|-activate|p1a: Gholdengo|move: Protect
|-resisted|p1b: Garchomp
|-damage|p1b: Garchomp|85/100
|move|p1b: Garchomp|Dragon Claw|p2b: Tyranitar
|-damage|p2b: Tyranitar|2/100
|move|p2a: Sneasler|Dire Claw|p1b: Garchomp
|-resisted|p1b: Garchomp
|-damage|p1b: Garchomp|61/100
|-damage|p2a: Sneasler|88/100|[from] ability: Rough Skin|[of] p1b: Garchomp
|
|-fieldend|move: Psychic Terrain
|upkeep
|turn|7
|inactive|Gamertag1001 has 30 seconds left.
|
|t:|1757795765
|move|p2a: Sneasler|Protect|p2a: Sneasler
|-singleturn|p2a: Sneasler|Protect
|move|p2b: Tyranitar|Knock Off|p1a: Gholdengo
|-damage|p1a: Gholdengo|0 fnt
|faint|p1a: Gholdengo
|move|p1b: Garchomp|Rock Slide|p2b: Tyranitar|[spread] p2b
|-activate|p2a: Sneasler|move: Protect
|-supereffective|p2b: Tyranitar
|-damage|p2b: Tyranitar|0 fnt
|faint|p2b: Tyranitar
|
|-fieldend|move: Trick Room
|upkeep
|turn|8
|
|t:|1757795777
|move|p2a: Sneasler|Close Combat|p1b: Garchomp
|-damage|p1b: Garchomp|0 fnt
|-unboost|p2a: Sneasler|def|1
|-unboost|p2a: Sneasler|spd|1
|-damage|p2a: Sneasler|76/100|[from] ability: Rough Skin|[of] p1b: Garchomp
|faint|p1b: Garchomp
|
|win|Bob Ravioli
||Bob Ravioli is ready for game 3.
||Gamertag1001 is ready for game 3.
|uhtml|next|Next: Game 3 of 3
|l|☆Bob Ravioli
|player|p2|
|l|☆Gamertag1001
|player|p1|
