|j|☆TheHorrorHare
|j|☆pikatrod
|html|TheHorrorHarepikatrod    
|uhtml|bestof|Game 2 of a best-of-3
|t:|1785817658
|gametype|doubles
|player|p1|TheHorrorHare|#wcor2025canada|1422
|player|p2|pikatrod|265|1524
|gen|9
|tier|[Gen 9 Champions] VGC 2026 Reg M-B (Bo3)
|rated|
|rule|Species Clause: Limit one of each Pokémon
|rule|Item Clause: Limit 1 of each item
|clearpoke
|poke|p1|Raichu, L50, F|
|poke|p1|Arcanine-Hisui, L50, F|
|poke|p1|Staraptor, L50, F|
|poke|p1|Sylveon, L50, F|
|poke|p1|Kingambit, L50, M|
|poke|p1|Farigiraf, L50, F|
|poke|p2|Froslass, L50, F|
|poke|p2|Dragonite, L50, M|
|poke|p2|Toxapex, L50, M|
|poke|p2|Sneasler, L50, M|
|poke|p2|Kingambit, L50, F|
|poke|p2|Blaziken, L50, F|
|teampreview|4
|showteam|p1|Raichu||RaichuniteY|LightningRod|ZapCannon,FocusBlast,FakeOut,Protect|Timid||F|||50|]Arcanine-Hisui||FocusSash|RockHead|HeadSmash,FlareBlitz,ExtremeSpeed,Protect|Jolly||F|||50|]Staraptor||Staraptite|Intimidate|CloseCombat,DualWingbeat,Tailwind,Protect|Jolly||F|||50|]Sylveon||FairyFeather|Pixilate|HyperVoice,HyperBeam,QuickAttack,Detect|Modest||F|||50|]Kingambit||LifeOrb|Defiant|KowtowCleave,SuckerPunch,SwordsDance,Protect|Adamant||M|||50|]Farigiraf||SitrusBerry|ArmorTail|Psychic,TrickRoom,HelpingHand,Protect|Calm||F|||50|
|showteam|p2|Froslass||Froslassite|CursedBody|Blizzard,ShadowBall,AuroraVeil,Protect|Timid||F|||50|]Dragonite||LifeOrb|InnerFocus|DragonClaw,ExtremeSpeed,LowKick,Protect|Adamant||M|||50|]Toxapex||Leftovers|Regenerator|Infestation,Toxic,WideGuard,BanefulBunker|Bold||M|||50|]Sneasler||FocusSash|PoisonTouch|CloseCombat,PoisonJab,FakeOut,Protect|Jolly||M|||50|]Kingambit||BlackGlasses|Defiant|KowtowCleave,IronHead,SuckerPunch,Protect|Adamant||F|||50|]Blaziken||Blazikenite|SpeedBoost|CloseCombat,FlareBlitz,RockSlide,Protect|Adamant||F|||50|
|inactive|Battle timer is ON: inactive players will automatically lose when time's up. (requested by TheHorrorHare)
|
|t:|1785817687
|teamsize|p1|4
|teamsize|p2|4
|start
|switch|p1a: Staraptor|Staraptor, L50, F|100/100
|switch|p1b: Sylveon|Sylveon, L50, F|100/100
|switch|p2a: Sneasler|Sneasler, L50, M|100/100
|switch|p2b: Blaziken|Blaziken, L50, F|100/100
|-ability|p1a: Staraptor|Intimidate|boost
|-unboost|p2a: Sneasler|atk|1
|-unboost|p2b: Blaziken|atk|1
|turn|1
|inactive|pikatrod has 30 seconds left.
|
|t:|1785817716
|switch|p2b: Toxapex|Toxapex, L50, M|100/100
|detailschange|p1a: Staraptor|Staraptor-Mega, L50, F
|-mega|p1a: Staraptor|Staraptor|Staraptite
|move|p2a: Sneasler|Protect|p2a: Sneasler
|-singleturn|p2a: Sneasler|Protect
|move|p1a: Staraptor|Close Combat|p2b: Toxapex
|-resisted|p2b: Toxapex|1
|-damage|p2b: Toxapex|82/100
|-boost|p1a: Staraptor|def|1
|-boost|p1a: Staraptor|spd|1
|move|p1b: Sylveon|Hyper Voice|p2a: Sneasler|[spread] p2b
|-activate|p2a: Sneasler|move: Protect
|-resisted|p2b: Toxapex|1
|-damage|p2b: Toxapex|64/100
|
|-heal|p2b: Toxapex|70/100|[from] item: Leftovers
|upkeep
|turn|2
|
|t:|1785817735
|switch|p1b: Kingambit|Kingambit, L50, M|100/100
|move|p2a: Sneasler|Poison Jab|p1a: Staraptor
|-damage|p1a: Staraptor|82/100
|-status|p1a: Staraptor|psn|[from] ability: Poison Touch|[of] p2a: Sneasler
|move|p1a: Staraptor|Dual Wingbeat|p2a: Sneasler
|-supereffective|p2a: Sneasler|1
|-damage|p2a: Sneasler|32/100
|-supereffective|p2a: Sneasler|1
|-damage|p2a: Sneasler|0 fnt
|faint|p2a: Sneasler
|-hitcount|p2: Sneasler|2
|move|p2b: Toxapex|Infestation|p1a: Staraptor
|-resisted|p1a: Staraptor|2
|-damage|p1a: Staraptor|81/100 psn
|-activate|p1a: Staraptor|move: Infestation|[of] p2b: Toxapex
|
|-heal|p2b: Toxapex|76/100|[from] item: Leftovers
|-damage|p1a: Staraptor|69/100 psn|[from] psn
|-damage|p1a: Staraptor|57/100 psn|[from] move: Infestation|[partiallytrapped]
|upkeep
|
|t:|1785817746
|switch|p2a: Blaziken|Blaziken, L50, F|100/100
|turn|3
|
|t:|1785817758
|detailschange|p2a: Blaziken|Blaziken-Mega, L50, F
|-mega|p2a: Blaziken|Blaziken|Blazikenite
|move|p2a: Blaziken|Protect|p2a: Blaziken
|-singleturn|p2a: Blaziken|Protect
|move|p1a: Staraptor|Tailwind|p1a: Staraptor
|-sidestart|p1: TheHorrorHare|move: Tailwind
|move|p1b: Kingambit|Swords Dance|p1b: Kingambit
|-boost|p1b: Kingambit|atk|2
|move|p2b: Toxapex|Infestation|p1b: Kingambit
|-crit|p1b: Kingambit
|-damage|p1b: Kingambit|95/100
|-activate|p1b: Kingambit|move: Infestation|[of] p2b: Toxapex
|
|-heal|p2b: Toxapex|82/100|[from] item: Leftovers
|-damage|p1a: Staraptor|45/100 psn|[from] psn
|-damage|p1a: Staraptor|33/100 psn|[from] move: Infestation|[partiallytrapped]
|-damage|p1b: Kingambit|83/100|[from] move: Infestation|[partiallytrapped]
|-ability|p2a: Blaziken|Speed Boost|boost
|-boost|p2a: Blaziken|spe|1
|upkeep
|turn|4
|
|t:|1785817775
|switch|p2a: Kingambit|Kingambit, L50, F|100/100
|move|p2b: Toxapex|Baneful Bunker|p2b: Toxapex
|-singleturn|p2b: Toxapex|move: Protect
|move|p1a: Staraptor|Dual Wingbeat|p2a: Kingambit
|-resisted|p2a: Kingambit|1
|-damage|p2a: Kingambit|92/100
|-resisted|p2a: Kingambit|1
|-damage|p2a: Kingambit|85/100
|-hitcount|p2a: Kingambit|2
|move|p1b: Kingambit|Kowtow Cleave|p2b: Toxapex
|-activate|p2b: Toxapex|move: Protect
|
|-heal|p2b: Toxapex|87/100|[from] item: Leftovers
|-damage|p1a: Staraptor|21/100 psn|[from] psn
|-damage|p1a: Staraptor|9/100 psn|[from] move: Infestation|[partiallytrapped]
|-damage|p1b: Kingambit|71/100|[from] move: Infestation|[partiallytrapped]
|upkeep
|turn|5
|
|t:|1785817796
|move|p2a: Kingambit|Sucker Punch|p1a: Staraptor
|-resisted|p1a: Staraptor|1
|-damage|p1a: Staraptor|0 fnt
|faint|p1a: Staraptor
|move|p1b: Kingambit|Kowtow Cleave|p2b: Toxapex
|-damage|p2b: Toxapex|0 fnt
|faint|p2b: Toxapex
|-damage|p1b: Kingambit|61/100|[from] item: Life Orb
|
|-end|p1b: Kingambit|Infestation|[partiallytrapped]|[silent]
|upkeep
|
|t:|1785817812
|switch|p1a: Farigiraf|Farigiraf, L50, F|100/100
|switch|p2b: Blaziken|Blaziken-Mega, L50, F|100/100
|turn|6
|
|t:|1785817831
|move|p1a: Farigiraf|Helping Hand|p1b: Kingambit
|-singleturn|p1b: Kingambit|Helping Hand|[of] p1a: Farigiraf
|move|p2b: Blaziken|Protect|p2b: Blaziken
|-singleturn|p2b: Blaziken|Protect
|move|p1b: Kingambit|Sucker Punch||[still]
|-fail|p1b: Kingambit
|move|p2a: Kingambit|Kowtow Cleave|p1a: Farigiraf
|-supereffective|p1a: Farigiraf|1
|-damage|p1a: Farigiraf|0 fnt
|faint|p1a: Farigiraf
|
|-sideend|p1: TheHorrorHare|move: Tailwind
|-ability|p2b: Blaziken|Speed Boost|boost
|-boost|p2b: Blaziken|spe|1
|upkeep
|
|t:|1785817834
|switch|p1a: Sylveon|Sylveon, L50, F|100/100
|turn|7
|
|t:|1785817856
|move|p2a: Kingambit|Sucker Punch|p1a: Sylveon
|-resisted|p1a: Sylveon|1
|-damage|p1a: Sylveon|73/100
|move|p1b: Kingambit|Sucker Punch||[still]
|-fail|p1b: Kingambit
|move|p2b: Blaziken|Flare Blitz|p1a: Sylveon
|-damage|p1a: Sylveon|0 fnt
|faint|p1a: Sylveon
|-damage|p2b: Blaziken|74/100|[from] Recoil
|
|-ability|p2b: Blaziken|Speed Boost|boost
|-boost|p2b: Blaziken|spe|1
|upkeep
|turn|8
|
|t:|1785817869
|move|p2b: Blaziken|Protect|p2b: Blaziken
|-singleturn|p2b: Blaziken|Protect
|move|p1b: Kingambit|Protect|p1b: Kingambit
|-singleturn|p1b: Kingambit|Protect
|move|p2a: Kingambit|Kowtow Cleave|p1b: Kingambit
|-activate|p1b: Kingambit|move: Protect
|
|-ability|p2b: Blaziken|Speed Boost|boost
|-boost|p2b: Blaziken|spe|1
|upkeep
|turn|9
|
|t:|1785817882
|move|p2b: Blaziken|Close Combat|p1b: Kingambit
|-supereffective|p1b: Kingambit|2
|-damage|p1b: Kingambit|0 fnt
|-unboost|p2b: Blaziken|def|1
|-unboost|p2b: Blaziken|spd|1
|faint|p1b: Kingambit
|
|win|pikatrod
||TheHorrorHare is ready for game 3.
||pikatrod is ready for game 3.
|uhtml|next|Next: Game 3 of 3
|l|☆TheHorrorHare
|player|p1|
