|j|☆aitzol9l
|j|☆AbadanRiyi92
|html|aitzol9lAbadanRiyi92    
|uhtml|bestof|Game 3 of a best-of-3
|t:|1784734281
|gametype|doubles
|player|p1|aitzol9l|riley|1148
|player|p2|AbadanRiyi92|colress|1252
|gen|9
|tier|[Gen 9 Champions] VGC 2026 Reg M-B (Bo3)
|rated|
|rule|Species Clause: Limit one of each Pokémon
|rule|Item Clause: Limit 1 of each item
|clearpoke
|poke|p1|Charizard, L50, F|
|poke|p1|Garchomp, L50, F|
|poke|p1|Incineroar, L50, M|
|poke|p1|Venusaur, L50, F|
|poke|p1|Toxapex, L50, F|
|poke|p1|Sylveon, L50, F|
|poke|p2|Venusaur, L50, M|
|poke|p2|Grimmsnarl, L50, M|
|poke|p2|Politoed, L50, F|
|poke|p2|Archaludon, L50, M|
|poke|p2|Kingambit, L50, M|
|poke|p2|Aerodactyl, L50, F|
|teampreview|4
|showteam|p1|Charizard||CharizarditeY|SolarPower|WeatherBall,HeatWave,AncientPower,Protect|Modest||F|||50|]Garchomp||ChoiceScarf|RoughSkin|RockSlide,DragonClaw,Earthquake,StompingTantrum|Adamant||F|||50|]Incineroar||SitrusBerry|Intimidate|FlareBlitz,FakeOut,DarkestLariat,PartingShot|Impish||M|||50|]Venusaur||LifeOrb|Chlorophyll|SludgeBomb,LeafStorm,EarthPower,Protect|Modest||F|||50|]Toxapex||Leftovers|Regenerator|Infestation,Toxic,WideGuard,BanefulBunker|Bold||F|||50|]Sylveon||FairyFeather|Pixilate|HyperVoice,QuickAttack,Yawn,Detect|Modest||F|||50|
|showteam|p2|Venusaur||Venusaurite|Chlorophyll|GigaDrain,SludgeBomb,EarthPower,Protect|Modest||M|||50|]Grimmsnarl||LightClay|Prankster|PartingShot,Reflect,LightScreen,FoulPlay|Relaxed||M|||50|]Politoed||SitrusBerry|Drizzle|WeatherBall,PerishSong,Encore,Protect|Sassy||F|||50|]Archaludon||Leftovers|Stamina|ElectroShot,FlashCannon,DracoMeteor,Protect|Modest||M|||50|]Kingambit||BlackGlasses|Defiant|KowtowCleave,SuckerPunch,SwordsDance,Protect|Brave||M|||50|]Aerodactyl||Aerodactylite|Unnerve|RockSlide,DualWingbeat,Tailwind,Protect|Jolly||F|||50|
|
|t:|1784734327
|teamsize|p1|4
|teamsize|p2|4
|start
|switch|p1a: Toxapex|Toxapex, L50, F|100/100
|switch|p1b: Incineroar|Incineroar, L50, M|100/100
|switch|p2a: Venusaur|Venusaur, L50, M|100/100
|switch|p2b: Grimmsnarl|Grimmsnarl, L50, M|100/100
|-ability|p1b: Incineroar|Intimidate|boost
|-unboost|p2a: Venusaur|atk|1
|-unboost|p2b: Grimmsnarl|atk|1
|turn|1
|
|t:|1784734353
|detailschange|p2a: Venusaur|Venusaur-Mega, L50, M
|-mega|p2a: Venusaur|Venusaur|Venusaurite
|move|p2a: Venusaur|Protect|p2a: Venusaur
|-singleturn|p2a: Venusaur|Protect
|move|p1b: Incineroar|Fake Out|p2b: Grimmsnarl
|-damage|p2b: Grimmsnarl|90/100
|cant|p2b: Grimmsnarl|flinch
|move|p1a: Toxapex|Infestation|p2b: Grimmsnarl
|-damage|p2b: Grimmsnarl|87/100
|-activate|p2b: Grimmsnarl|move: Infestation|[of] p1a: Toxapex
|
|-damage|p2b: Grimmsnarl|74/100|[from] move: Infestation|[partiallytrapped]
|upkeep
|turn|2
|
|t:|1784734400
|move|p2b: Grimmsnarl|Light Screen|p2b: Grimmsnarl
|-sidestart|p2: AbadanRiyi92|move: Light Screen
|move|p2a: Venusaur|Earth Power|p1b: Incineroar
|-supereffective|p1b: Incineroar|1
|-damage|p1b: Incineroar|47/100
|-enditem|p1b: Incineroar|Sitrus Berry|[eat]
|-heal|p1b: Incineroar|72/100|[from] item: Sitrus Berry
|move|p1b: Incineroar|Parting Shot|p2a: Venusaur
|-unboost|p2a: Venusaur|atk|1
|-unboost|p2a: Venusaur|spa|1
|
|t:|1784734410
|switch|p1b: Charizard|Charizard, L50, F|100/100|[from] Parting Shot
|move|p1a: Toxapex|Infestation|p2b: Grimmsnarl
|-damage|p2b: Grimmsnarl|72/100
|
|-damage|p2b: Grimmsnarl|60/100|[from] move: Infestation|[partiallytrapped]
|upkeep
|turn|3
|
|t:|1784734442
|switch|p1b: Incineroar|Incineroar, L50, M|72/100
|-ability|p1b: Incineroar|Intimidate|boost
|-unboost|p2a: Venusaur|atk|1
|-unboost|p2b: Grimmsnarl|atk|1
|switch|p2a: Archaludon|Archaludon, L50, M|100/100
|move|p2b: Grimmsnarl|Parting Shot|p1b: Incineroar
|-hint|Since gen 7, Dark is immune to Prankster moves.
|-immune|p1b: Incineroar
|move|p1a: Toxapex|Infestation|p2a: Archaludon
|-resisted|p2a: Archaludon|1
|-damage|p2a: Archaludon|98/100
|-activate|p2a: Archaludon|move: Infestation|[of] p1a: Toxapex
|-ability|p2a: Archaludon|Stamina|boost
|-boost|p2a: Archaludon|def|1
|
|-heal|p2a: Archaludon|100/100|[from] item: Leftovers
|-damage|p2a: Archaludon|87/100|[from] move: Infestation|[partiallytrapped]
|-damage|p2b: Grimmsnarl|48/100|[from] move: Infestation|[partiallytrapped]
|upkeep
|turn|4
|
|t:|1784734485
|move|p1b: Incineroar|Fake Out|p2b: Grimmsnarl
|-damage|p2b: Grimmsnarl|37/100
|cant|p2b: Grimmsnarl|flinch
|move|p2a: Archaludon|Electro Shot||[still]
|-prepare|p2a: Archaludon|Electro Shot
|-boost|p2a: Archaludon|spa|1
|move|p1a: Toxapex|Toxic|p2b: Grimmsnarl
|-status|p2b: Grimmsnarl|tox
|
|-heal|p2a: Archaludon|93/100|[from] item: Leftovers
|-damage|p2b: Grimmsnarl|31/100 tox|[from] psn
|-damage|p2a: Archaludon|81/100|[from] move: Infestation|[partiallytrapped]
|-damage|p2b: Grimmsnarl|19/100 tox|[from] move: Infestation|[partiallytrapped]
|upkeep
|turn|5
|
|t:|1784734521
|move|p1a: Toxapex|Baneful Bunker|p1a: Toxapex
|-singleturn|p1a: Toxapex|move: Protect
|move|p2b: Grimmsnarl|Parting Shot|p1a: Toxapex
|-activate|p1a: Toxapex|move: Protect
|move|p2a: Archaludon|Electro Shot|p1b: Incineroar|[from] lockedmove
|-damage|p1b: Incineroar|21/100
|move|p1b: Incineroar|Parting Shot|p2a: Archaludon
|-unboost|p2a: Archaludon|atk|1
|-unboost|p2a: Archaludon|spa|1
|
|t:|1784734530
|switch|p1b: Charizard|Charizard, L50, F|100/100|[from] Parting Shot
|
|-heal|p2a: Archaludon|87/100|[from] item: Leftovers
|-damage|p2b: Grimmsnarl|7/100 tox|[from] psn
|-damage|p2a: Archaludon|75/100|[from] move: Infestation|[partiallytrapped]
|-damage|p2b: Grimmsnarl|0 fnt|[from] move: Infestation|[partiallytrapped]
|faint|p2b: Grimmsnarl
|upkeep
|
|t:|1784734539
|switch|p2b: Venusaur|Venusaur-Mega, L50, M|100/100
|turn|6
|
|t:|1784734584
|switch|p1b: Incineroar|Incineroar, L50, M|21/100
|-ability|p1b: Incineroar|Intimidate|boost
|-unboost|p2a: Archaludon|atk|1
|-unboost|p2b: Venusaur|atk|1
|move|p2a: Archaludon|Protect|p2a: Archaludon
|-singleturn|p2a: Archaludon|Protect
|move|p2b: Venusaur|Protect|p2b: Venusaur
|-singleturn|p2b: Venusaur|Protect
|move|p1a: Toxapex|Infestation|p2b: Venusaur
|-activate|p2b: Venusaur|move: Protect
|
|-heal|p2a: Archaludon|81/100|[from] item: Leftovers
|-damage|p2a: Archaludon|69/100|[from] move: Infestation|[partiallytrapped]
|upkeep
|turn|7
|
|t:|1784734604
|switch|p2b: Politoed|Politoed, L50, F|100/100
|-weather|RainDance|[from] ability: Drizzle|[of] p2b: Politoed
|move|p1b: Incineroar|Fake Out|p2b: Politoed
|-damage|p2b: Politoed|90/100
|move|p2a: Archaludon|Electro Shot||[still]
|-prepare|p2a: Archaludon|Electro Shot
|-boost|p2a: Archaludon|spa|1
|-anim|p2a: Archaludon|Electro Shot|p1b: Incineroar
|-damage|p1b: Incineroar|0 fnt
|faint|p1b: Incineroar
|move|p1a: Toxapex|Infestation|p2b: Politoed
|-damage|p2b: Politoed|89/100
|-activate|p2b: Politoed|move: Infestation|[of] p1a: Toxapex
|
|-weather|RainDance|[upkeep]
|-heal|p2a: Archaludon|75/100|[from] item: Leftovers
|-damage|p2a: Archaludon|63/100|[from] move: Infestation|[partiallytrapped]
|-damage|p2b: Politoed|77/100|[from] move: Infestation|[partiallytrapped]
|upkeep
|
|t:|1784734620
|switch|p1b: Charizard|Charizard, L50, F|100/100
|turn|8
|
|t:|1784734677
|detailschange|p1b: Charizard|Charizard-Mega-Y, L50, F
|-mega|p1b: Charizard|Charizard|Charizardite Y
|-weather|SunnyDay|[from] ability: Drought|[of] p1b: Charizard
|move|p1b: Charizard|Heat Wave|p2a: Archaludon|[spread] p2a,p2b
|-resisted|p2b: Politoed|1
|-damage|p2a: Archaludon|26/100
|-damage|p2b: Politoed|62/100
|-ability|p2a: Archaludon|Stamina|boost
|-boost|p2a: Archaludon|def|1
|move|p2a: Archaludon|Draco Meteor|p1b: Charizard
|-damage|p1b: Charizard|30/100
|-unboost|p2a: Archaludon|spa|2
|move|p2b: Politoed|Weather Ball|p1b: Charizard
|-resisted|p1b: Charizard|1
|-damage|p1b: Charizard|16/100
|move|p1a: Toxapex|Toxic|p2b: Politoed
|-status|p2b: Politoed|tox
|
|-weather|SunnyDay|[upkeep]
|-heal|p2a: Archaludon|32/100|[from] item: Leftovers
|-damage|p2b: Politoed|56/100 tox|[from] psn
|-end|p2a: Archaludon|Infestation|[partiallytrapped]
|-damage|p2b: Politoed|44/100 tox|[from] move: Infestation|[partiallytrapped]
|upkeep
|-enditem|p2b: Politoed|Sitrus Berry|[eat]
|-heal|p2b: Politoed|69/100 tox|[from] item: Sitrus Berry
|turn|9
|
|t:|1784734740
|switch|p2a: Venusaur|Venusaur-Mega, L50, M|100/100
|move|p1b: Charizard|Protect|p1b: Charizard
|-singleturn|p1b: Charizard|Protect
|move|p2b: Politoed|Protect|p2b: Politoed
|-singleturn|p2b: Politoed|Protect
|move|p1a: Toxapex|Infestation|p2b: Politoed
|-activate|p2b: Politoed|move: Protect
|
|-weather|SunnyDay|[upkeep]
|-damage|p2b: Politoed|56/100 tox|[from] psn
|-damage|p2b: Politoed|44/100 tox|[from] move: Infestation|[partiallytrapped]
|-sideend|p2: AbadanRiyi92|move: Light Screen
|upkeep
|turn|10
|
|t:|1784734775
|move|p1b: Charizard|Weather Ball|p2b: Politoed
|-resisted|p2b: Politoed|1
|-damage|p2b: Politoed|14/100 tox
|move|p2a: Venusaur|Sludge Bomb|p1b: Charizard
|-damage|p1b: Charizard|0 fnt
|faint|p1b: Charizard
|move|p2b: Politoed|Weather Ball|p1a: Toxapex
|-resisted|p1a: Toxapex|1
|-damage|p1a: Toxapex|88/100
|move|p1a: Toxapex|Infestation|p2a: Venusaur
|-damage|p2a: Venusaur|97/100
|-activate|p2a: Venusaur|move: Infestation|[of] p1a: Toxapex
|
|-weather|SunnyDay|[upkeep]
|-heal|p1a: Toxapex|94/100|[from] item: Leftovers
|-damage|p2b: Politoed|0 fnt|[from] psn
|faint|p2b: Politoed
|-damage|p2a: Venusaur|85/100|[from] move: Infestation|[partiallytrapped]
|upkeep
|
|t:|1784734791
|switch|p1b: Garchomp|Garchomp, L50, F|100/100
|switch|p2b: Archaludon|Archaludon, L50, M|32/100
|turn|11
|
|t:|1784734832
|move|p2b: Archaludon|Protect|p2b: Archaludon
|-singleturn|p2b: Archaludon|Protect
|move|p1b: Garchomp|Stomping Tantrum|p2b: Archaludon
|-activate|p2b: Archaludon|move: Protect
|move|p2a: Venusaur|Giga Drain|p1b: Garchomp
|-crit|p1b: Garchomp
|-damage|p1b: Garchomp|24/100
|-heal|p2a: Venusaur|100/100|[from] drain|[of] p1b: Garchomp
|move|p1a: Toxapex|Infestation|p2b: Archaludon
|-activate|p2b: Archaludon|move: Protect
|
|-weather|SunnyDay|[upkeep]
|-heal|p2b: Archaludon|38/100|[from] item: Leftovers
|-heal|p1a: Toxapex|100/100|[from] item: Leftovers
|-damage|p2a: Venusaur|87/100|[from] move: Infestation|[partiallytrapped]
|upkeep
|turn|12
|
|t:|1784734881
|move|p2b: Archaludon|Protect|p2b: Archaludon
|-singleturn|p2b: Archaludon|Protect
|move|p1b: Garchomp|Stomping Tantrum|p2a: Venusaur
|-damage|p2a: Venusaur|52/100
|move|p2a: Venusaur|Giga Drain|p1b: Garchomp
|-damage|p1b: Garchomp|0 fnt
|-heal|p2a: Venusaur|64/100|[from] drain|[of] p1b: Garchomp
|faint|p1b: Garchomp
|move|p1a: Toxapex|Infestation|p2b: Archaludon
|-activate|p2b: Archaludon|move: Protect
|
|-weather|none
|-heal|p2b: Archaludon|44/100|[from] item: Leftovers
|-damage|p2a: Venusaur|51/100|[from] move: Infestation|[partiallytrapped]
|upkeep
|turn|13
|
|t:|1784734915
|move|p1a: Toxapex|Baneful Bunker|p1a: Toxapex
|-singleturn|p1a: Toxapex|move: Protect
|move|p2b: Archaludon|Electro Shot||[still]
|-prepare|p2b: Archaludon|Electro Shot
|-boost|p2b: Archaludon|spa|1
|move|p2a: Venusaur|Giga Drain|p1a: Toxapex
|-activate|p1a: Toxapex|move: Protect
|
|-heal|p2b: Archaludon|50/100g|[from] item: Leftovers
|-damage|p2a: Venusaur|39/100|[from] move: Infestation|[partiallytrapped]
|upkeep
|turn|14
|c|☆aitzol9l|dale pesao que menuda coña has tenido con el critico
|
|t:|1784734930
|move|p1a: Toxapex|Baneful Bunker||[still]
|-fail|p1a: Toxapex
|move|p2b: Archaludon|Electro Shot|p1a: Toxapex|[from] lockedmove
|-supereffective|p1a: Toxapex|1
|-damage|p1a: Toxapex|13/100
|move|p2a: Venusaur|Giga Drain|p1a: Toxapex
|-damage|p1a: Toxapex|0 fnt
|-heal|p2a: Venusaur|45/100|[from] drain|[of] p1a: Toxapex
|faint|p1a: Toxapex
|
|win|AbadanRiyi92
|raw|aitzol9l's rating: 1148 → 1130(-18 for losing)
|raw|AbadanRiyi92's rating: 1252 → 1270(+18 for winning)
|l|☆aitzol9l
|player|p1|
|c|☆AbadanRiyi92|Igual te mata de dos gigas
