|j|☆kuesloasasa
|j|☆luffby
|html|kuesloasasaluffby    
|uhtml|bestof|Game 1 of a best-of-3
|t:|1782318754
|gametype|doubles
|player|p1|kuesloasasa|266|1054
|player|p2|luffby|169|1000
|gen|9
|tier|[Gen 9 Champions] VGC 2026 Reg M-B (Bo3)
|rated|
|rule|Species Clause: Limit one of each Pokémon
|rule|Item Clause: Limit 1 of each item
|clearpoke
|poke|p1|Mawile, L50, F, shiny|
|poke|p1|Pelipper, L50, F, shiny|
|poke|p1|Archaludon, L50, M, shiny|
|poke|p1|Sinistcha, L50, shiny|
|poke|p1|Swampert, L50, F, shiny|
|poke|p1|Farigiraf, L50, M, shiny|
|poke|p2|Aerodactyl, L50, M|
|poke|p2|Kingambit, L50, M|
|poke|p2|Charizard, L50, F|
|poke|p2|Garchomp, L50, F|
|poke|p2|Farigiraf, L50, M|
|poke|p2|Sylveon, L50, M|
|teampreview|4
|showteam|p1|Mawile||Mawilite|HyperCutter|IronHead,PlayRough,RockSlide,Protect|Adamant||F|||50|]Pelipper||FocusSash|Drizzle|WeatherBall,Hurricane,Tailwind,Protect|Modest||F|||50|]Archaludon||Leftovers|Stamina|ElectroShot,FlashCannon,DragonPulse,Protect|Modest||M|||50|]Sinistcha||KasibBerry|Hospitality|ShadowBall,RagePowder,MatchaGotcha,TrickRoom|Bold|||||50|]Swampert||Swampertite|Torrent|IcePunch,HighHorsepower,WaveCrash,Protect|Adamant||F|||50|]Farigiraf||SitrusBerry|ArmorTail|TrickRoom,Thunderbolt,TwinBeam,HelpingHand|Modest||M|||50|
|showteam|p2|Aerodactyl||Aerodactylite|Unnerve|RockSlide,DualWingbeat,IceFang,Tailwind|Jolly||M|||50|]Kingambit||FocusSash|Defiant|KowtowCleave,SuckerPunch,IronHead,LowKick|Adamant||M|||50|]Charizard||CharizarditeY|Blaze|Protect,HeatWave,WeatherBall,SolarBeam|Modest||F|||50|]Garchomp||LifeOrb|SandVeil|Protect,DragonClaw,Earthquake,StompingTantrum|Jolly||F|||50|]Farigiraf||SitrusBerry|ArmorTail|TwinBeam,Thunderbolt,Roar,TrickRoom|Bold||M|||50|]Sylveon||FairyFeather|Pixilate|Detect,HyperBeam,DazzlingGleam,QuickAttack|Modest||M|||50|
|inactive|Battle timer is ON: inactive players will automatically lose when time's up. (requested by kuesloasasa)
|inactive|luffby has 60 seconds left.
|
|t:|1782318832
|teamsize|p1|4
|teamsize|p2|4
|start
|switch|p1a: Pelipper|Pelipper, L50, F, shiny|100/100
|switch|p1b: Farigiraf|Farigiraf, L50, M, shiny|100/100
|switch|p2a: Charizard|Charizard, L50, F|100/100
|switch|p2b: Kingambit|Kingambit, L50, M|100/100
|-weather|RainDance|[from] ability: Drizzle|[of] p1a: Pelipper
|turn|1
|
|t:|1782318853
|detailschange|p2a: Charizard|Charizard-Mega-Y, L50, F
|-mega|p2a: Charizard|Charizard|Charizardite Y
|-weather|SunnyDay|[from] ability: Drought|[of] p2a: Charizard
|move|p2a: Charizard|Weather Ball|p1b: Farigiraf
|-damage|p1b: Farigiraf|12/100
|-enditem|p1b: Farigiraf|Sitrus Berry|[eat]
|-heal|p1b: Farigiraf|36/100|[from] item: Sitrus Berry
|move|p2b: Kingambit|Kowtow Cleave|p1b: Farigiraf
|-supereffective|p1b: Farigiraf|1
|-damage|p1b: Farigiraf|0 fnt
|faint|p1b: Farigiraf
|move|p1a: Pelipper|Tailwind|p1a: Pelipper
|-sidestart|p1: kuesloasasa|move: Tailwind
|
|-weather|SunnyDay|[upkeep]
|upkeep
|
|t:|1782318864
|switch|p1b: Mawile|Mawile, L50, F, shiny|100/100
|turn|2
|
|t:|1782318879
|detailschange|p1b: Mawile|Mawile-Mega, L50, F, shiny
|-mega|p1b: Mawile|Mawile|Mawilite
|move|p1a: Pelipper|Weather Ball|p2b: Kingambit
|-supereffective|p2b: Kingambit|1
|-enditem|p2b: Kingambit|Focus Sash
|-damage|p2b: Kingambit|1/100
|move|p1b: Mawile|Rock Slide|p2a: Charizard|[spread] p2a
|-miss|p1b: Mawile|p2b: Kingambit
|-supereffective|p2a: Charizard|2
|-damage|p2a: Charizard|0 fnt
|faint|p2a: Charizard
|move|p2b: Kingambit|Iron Head|p1b: Mawile
|-damage|p1b: Mawile|53/100
|
|-weather|SunnyDay|[upkeep]
|upkeep
|
|t:|1782318896
|switch|p2a: Garchomp|Garchomp, L50, F|100/100
|turn|3
|
|t:|1782318908
|move|p2a: Garchomp|Protect|p2a: Garchomp
|-singleturn|p2a: Garchomp|Protect
|move|p2b: Kingambit|Sucker Punch|p1a: Pelipper
|-damage|p1a: Pelipper|54/100
|move|p1a: Pelipper|Weather Ball|p2b: Kingambit
|-supereffective|p2b: Kingambit|1
|-damage|p2b: Kingambit|0 fnt
|faint|p2b: Kingambit
|move|p1b: Mawile|Play Rough|p2a: Garchomp
|-activate|p2a: Garchomp|move: Protect
|
|-weather|SunnyDay|[upkeep]
|upkeep
|
|t:|1782318918
|switch|p2b: Sylveon|Sylveon, L50, M|100/100
|turn|4
|
|t:|1782318927
|move|p1a: Pelipper|Weather Ball|p2b: Sylveon
|-damage|p2b: Sylveon|64/100
|move|p1b: Mawile|Play Rough|p2a: Garchomp
|-supereffective|p2a: Garchomp|1
|-damage|p2a: Garchomp|0 fnt
|faint|p2a: Garchomp
|move|p2b: Sylveon|Dazzling Gleam|p1b: Mawile|[spread] p1a,p1b
|-resisted|p1b: Mawile|1
|-damage|p1a: Pelipper|3/100
|-damage|p1b: Mawile|32/100
|
|-weather|SunnyDay|[upkeep]
|-sideend|p1: kuesloasasa|move: Tailwind
|upkeep
|turn|5
|
|t:|1782318949
|move|p2b: Sylveon|Quick Attack|p1a: Pelipper
|-damage|p1a: Pelipper|0 fnt
|faint|p1a: Pelipper
|move|p1b: Mawile|Iron Head|p2b: Sylveon
|-supereffective|p2b: Sylveon|1
|-damage|p2b: Sylveon|0 fnt
|faint|p2b: Sylveon
|
|win|kuesloasasa
|l|☆luffby
|player|p2|
||kuesloasasa is ready for game 2.
||luffby is ready for game 2.
|uhtml|next|Next: Game 2 of 3
|l|☆kuesloasasa
|player|p1|
|j|☆kuesloasasa
|player|p1|kuesloasasa|266|
