|j|☆mackerjuan
|j|☆VeryFakeVGC
|html|mackerjuanVeryFakeVGC    
|uhtml|bestof|Game 3 of a best-of-3
|t:|1755620488
|gametype|doubles
|player|p1|mackerjuan|170|1224
|player|p2|VeryFakeVGC|170|1165
|gen|9
|tier|[Gen 9] VGC 2025 Reg H (Bo3)
|rated|
|rule|Species Clause: Limit one of each Pokémon
|rule|Item Clause: Limit 1 of each item
|clearpoke
|poke|p1|Annihilape, L50, F|
|poke|p1|Maushold, L50|
|poke|p1|Pelipper, L50, M|
|poke|p1|Archaludon, L50, F|
|poke|p1|Sinistcha, L50|
|poke|p1|Basculegion, L50, M|
|poke|p2|Sneasler, L50, F|
|poke|p2|Volcarona, L50, F|
|poke|p2|Incineroar, L50, F|
|poke|p2|Amoonguss, L50, F|
|poke|p2|Electabuzz, L50, F|
|poke|p2|Dragonite, L50, M|
|teampreview|4
|showteam|p1|Annihilape||SpellTag|Defiant|BulkUp,Protect,DrainPunch,RageFist|||F|||50|,,,,,Water]Maushold||SafetyGoggles|FriendGuard|BeatUp,Taunt,FollowMe,Protect||||||50|,,,,,Ghost]Pelipper||FocusSash|Drizzle|Hurricane,WeatherBall,Tailwind,Protect|||M|||50|,,,,,Stellar]Archaludon||AssaultVest|Stamina|ElectroShot,DracoMeteor,Snarl,BodyPress|||F|||50|,,,,,Grass]Sinistcha||SitrusBerry|Hospitality|RagePowder,TrickRoom,StrengthSap,MatchaGotcha||||||50|,,,,,Water]Basculegion||LifeOrb|SwiftSwim|AquaJet,WaveCrash,LastRespects,Protect|||M|||50|,,,,,Water
|showteam|p2|Sneasler||FocusSash|PoisonTouch|CloseCombat,DireClaw,Protect,FakeOut|||F|||50|,,,,,Stellar]Volcarona||CovertCloak|FlameBody|HeatWave,TeraBlast,QuiverDance,Protect|||F|||50|,,,,,Fairy]Incineroar||AssaultVest|Intimidate|FakeOut,KnockOff,FlareBlitz,Uturn|||F|||50|,,,,,Grass]Amoonguss||SitrusBerry|Regenerator|Spore,RagePowder,Protect,PollenPuff|||F|||50|,,,,,Water]Electabuzz||Eviolite|VitalSpirit|Electroweb,Taunt,FollowMe,Protect|||F|||50|,,,,,Grass]Dragonite||LoadedDice|Multiscale|ScaleShot,LowKick,Haze,Protect|||M|||50|,,,,,Fairy
|inactive|Battle timer is ON: inactive players will automatically lose when time's up. (requested by VeryFakeVGC)
|inactive|mackerjuan also wants the timer to be on.
|
|t:|1755620506
|teamsize|p1|4
|teamsize|p2|4
|start
|switch|p1a: Pelipper|Pelipper, L50, M|100/100
|switch|p1b: Basculegion|Basculegion, L50, M|100/100
|switch|p2a: Volcarona|Volcarona, L50, F|100/100
|switch|p2b: Electabuzz|Electabuzz, L50, F|100/100
|-weather|RainDance|[from] ability: Drizzle|[of] p1a: Pelipper
|turn|1
|inactive|mackerjuan has 30 seconds left.
|
|t:|1755620542
|switch|p2a: Dragonite|Dragonite, L50, M|100/100
|-terastallize|p1b: Basculegion|Water
|-terastallize|p2b: Electabuzz|Grass
|move|p1b: Basculegion|Wave Crash|p2a: Dragonite
|-resisted|p2a: Dragonite
|-damage|p2a: Dragonite|54/100
|-damage|p1b: Basculegion|88/100|[from] Recoil
|-damage|p1b: Basculegion|78/100|[from] item: Life Orb
|move|p2b: Electabuzz|Electroweb|p1a: Pelipper|[spread] p1a,p1b
|-supereffective|p1a: Pelipper
|-supereffective|p1b: Basculegion
|-damage|p1a: Pelipper|3/100
|-damage|p1b: Basculegion|47/100
|-unboost|p1a: Pelipper|spe|1
|-unboost|p1b: Basculegion|spe|1
|move|p1a: Pelipper|Hurricane|p2b: Electabuzz
|-supereffective|p2b: Electabuzz
|-damage|p2b: Electabuzz|14/100
|
|-weather|RainDance|[upkeep]
|upkeep
|turn|2
|inactive|mackerjuan has 30 seconds left.
|
|t:|1755620575
|switch|p1b: Archaludon|Archaludon, L50, F|100/100
|switch|p1a: Sinistcha|Sinistcha, L50|100/100
|move|p2b: Electabuzz|Electroweb|p1a: Sinistcha|[spread] p1a,p1b
|-resisted|p1a: Sinistcha
|-resisted|p1b: Archaludon
|-damage|p1a: Sinistcha|95/100
|-damage|p1b: Archaludon|96/100
|-unboost|p1a: Sinistcha|spe|1
|-unboost|p1b: Archaludon|spe|1
|-ability|p1b: Archaludon|Stamina|boost
|-boost|p1b: Archaludon|def|1
|move|p2a: Dragonite|Scale Shot|p1b: Archaludon
|-damage|p1b: Archaludon|89/100
|-ability|p1b: Archaludon|Stamina|boost
|-boost|p1b: Archaludon|def|1
|-damage|p1b: Archaludon|83/100
|-ability|p1b: Archaludon|Stamina|boost
|-boost|p1b: Archaludon|def|1
|-damage|p1b: Archaludon|79/100
|-ability|p1b: Archaludon|Stamina|boost
|-boost|p1b: Archaludon|def|1
|-crit|p1b: Archaludon
|-damage|p1b: Archaludon|63/100
|-ability|p1b: Archaludon|Stamina|boost
|-boost|p1b: Archaludon|def|1
|-crit|p1b: Archaludon
|-damage|p1b: Archaludon|46/100
|-ability|p1b: Archaludon|Stamina|boost
|-boost|p1b: Archaludon|def|1
|-hitcount|p1b: Archaludon|5
|-unboost|p2a: Dragonite|def|1
|-boost|p2a: Dragonite|spe|1
|
|-weather|RainDance|[upkeep]
|upkeep
|turn|3
|inactive|mackerjuan has 30 seconds left.
|
|t:|1755620607
|move|p2a: Dragonite|Haze|p2a: Dragonite
|-clearallboost
|move|p2b: Electabuzz|Taunt|p1a: Sinistcha
|-start|p1a: Sinistcha|move: Taunt
|move|p1b: Archaludon|Snarl|p2a: Dragonite|[spread] p2a,p2b
|-damage|p2a: Dragonite|41/100
|-damage|p2b: Electabuzz|3/100
|-unboost|p2a: Dragonite|spa|1
|-unboost|p2b: Electabuzz|spa|1
|move|p1a: Sinistcha|Matcha Gotcha|p2a: Dragonite|[spread] p2a,p2b
|-resisted|p2a: Dragonite
|-resisted|p2b: Electabuzz
|-damage|p2a: Dragonite|35/100
|-heal|p1a: Sinistcha|98/100|[from] drain|[of] p2a: Dragonite
|-damage|p2b: Electabuzz|0 fnt
|-heal|p1a: Sinistcha|99/100|[from] drain|[of] p2b: Electabuzz
|-status|p2a: Dragonite|brn
|faint|p2b: Electabuzz
|
|-weather|RainDance|[upkeep]
|-damage|p2a: Dragonite|29/100 brn|[from] brn
|upkeep
|
|t:|1755620618
|switch|p2b: Sneasler|Sneasler, L50, F|100/100
|turn|4
|inactive|mackerjuan has 30 seconds left.
|inactive|mackerjuan has 20 seconds left.
|
|t:|1755620654
|switch|p1b: Pelipper|Pelipper, L50, M|3/100
|switch|p1a: Basculegion|Basculegion, L50, M, tera:Water|47/100
|move|p2b: Sneasler|Close Combat|p1b: Pelipper
|-resisted|p1b: Pelipper
|-damage|p1b: Pelipper|0 fnt
|-unboost|p2b: Sneasler|def|1
|-unboost|p2b: Sneasler|spd|1
|faint|p1b: Pelipper
|move|p2a: Dragonite|Scale Shot|p1a: Basculegion|[miss]
|-miss|p2a: Dragonite|p1a: Basculegion
|
|-weather|RainDance|[upkeep]
|-damage|p2a: Dragonite|23/100 brn|[from] brn
|upkeep
|
|t:|1755620666
|switch|p1b: Sinistcha|Sinistcha, L50|99/100
|-heal|p1a: Basculegion|72/100|[from] ability: Hospitality|[of] p1b: Sinistcha
|turn|5
|
|t:|1755620686
|move|p1a: Basculegion|Aqua Jet|p2a: Dragonite
|-resisted|p2a: Dragonite
|-damage|p2a: Dragonite|0 fnt
|faint|p2a: Dragonite
|-damage|p1a: Basculegion|62/100|[from] item: Life Orb
|move|p2b: Sneasler|Dire Claw|p1a: Basculegion
|-damage|p1a: Basculegion|8/100
|move|p1b: Sinistcha|Matcha Gotcha|p2b: Sneasler
|-resisted|p2b: Sneasler
|-damage|p2b: Sneasler|66/100
|-heal|p1b: Sinistcha|100/100|[from] drain|[of] p2b: Sneasler
|
|-weather|none
|upkeep
|
|t:|1755620690
|switch|p2a: Volcarona|Volcarona, L50, F|100/100
|turn|6
|inactive|mackerjuan has 30 seconds left.
|inactive|mackerjuan has 20 seconds left.
|
|t:|1755620726
|move|p2a: Volcarona|Protect|p2a: Volcarona
|-singleturn|p2a: Volcarona|Protect
|move|p1a: Basculegion|Aqua Jet|p2a: Volcarona
|-activate|p2a: Volcarona|move: Protect
|move|p2b: Sneasler|Dire Claw|p1a: Basculegion
|-damage|p1a: Basculegion|0 fnt
|faint|p1a: Basculegion
|move|p1b: Sinistcha|Trick Room|p1b: Sinistcha
|-fieldstart|move: Trick Room|[of] p1b: Sinistcha
|
|upkeep
|
|t:|1755620735
|switch|p1a: Archaludon|Archaludon, L50, F|46/100
|turn|7
|inactive|mackerjuan has 30 seconds left.
|inactive|mackerjuan has 20 seconds left.
|
|t:|1755620772
|move|p1b: Sinistcha|Matcha Gotcha|p2a: Volcarona|[spread] p2a,p2b
|-resisted|p2a: Volcarona
|-resisted|p2b: Sneasler
|-damage|p2a: Volcarona|95/100
|-damage|p2b: Sneasler|42/100
|-status|p2b: Sneasler|brn
|move|p1a: Archaludon|Draco Meteor|p2b: Sneasler|[miss]
|-miss|p1a: Archaludon|p2b: Sneasler
|move|p2a: Volcarona|Quiver Dance|p2a: Volcarona
|-boost|p2a: Volcarona|spa|1
|-boost|p2a: Volcarona|spd|1
|-boost|p2a: Volcarona|spe|1
|move|p2b: Sneasler|Close Combat|p1a: Archaludon
|-supereffective|p1a: Archaludon
|-damage|p1a: Archaludon|0 fnt
|-unboost|p2b: Sneasler|def|1
|-unboost|p2b: Sneasler|spd|1
|faint|p1a: Archaludon
|
|-damage|p2b: Sneasler|36/100 brn|[from] brn
|upkeep
|turn|8
|-message|mackerjuan forfeited.
|
|win|VeryFakeVGC
|raw|mackerjuan's rating: 1224 → 1195(-29 for losing)
|raw|VeryFakeVGC's rating: 1165 → 1194(+29 for winning)
|l|☆VeryFakeVGC
|player|p2|
