|j|☆MasterSkillsalt
|j|☆Bananabread1398
|html|MasterSkillsaltBananabread1398    
|uhtml|bestof|Game 2 of a best-of-3
|t:|1783263074
|gametype|doubles
|player|p1|MasterSkillsalt|265|
|player|p2|Bananabread1398|2|
|gen|9
|tier|[Gen 9 Champions] VGC 2026 Reg M-B (Bo3)
|rule|Species Clause: Limit one of each Pokémon
|rule|Item Clause: Limit 1 of each item
|clearpoke
|poke|p1|Meowscarada, L50, F|
|poke|p1|Archaludon, L50, M|
|poke|p1|Starmie, L50|
|poke|p1|Gholdengo, L50|
|poke|p1|Sceptile, L50, F|
|poke|p1|Zoroark, L50, M|
|poke|p2|Lopunny, L50, F|
|poke|p2|Whimsicott, L50, F|
|poke|p2|Basculegion, L50, M|
|poke|p2|Flapple, L50, M|
|poke|p2|Mudsdale, L50, F|
|poke|p2|Raichu, L50, F|
|teampreview|4
|showteam|p1|Meowscarada||BlackGlasses|Overgrow|SuckerPunch,KnockOff,FlowerTrick,Protect|Adamant||F|||50|]Archaludon||Leftovers|Stamina|FlashCannon,ElectroShot,DracoMeteor,Protect|Modest||M|||50|]Starmie||Starminite|NaturalCure|AquaJet,Protect,Liquidation,SkillSwap|Adamant|||||50|]Gholdengo||LifeOrb|GoodasGold|ShadowBall,MakeItRain,Protect,NastyPlot|Modest|||||50|]Sceptile||Sceptilite|Overgrow|LeafStorm,DragonPulse,EarthPower,Protect|Modest||F|||50|]Zoroark||FocusSash|Illusion|Encore,NightDaze,Taunt,RainDance|Timid||M|||50|
|showteam|p2|Lopunny||Lopunnite|CuteCharm|CloseCombat,FakeOut,Protect,IcePunch|Jolly||F|||50|]Whimsicott||MentalHerb|Prankster|SunnyDay,Tailwind,Protect,Moonblast|Bold||F|||50|]Basculegion||FocusSash|Adaptability|AquaJet,LastRespects,Protect,WaveCrash|Jolly||M|||50|]Flapple||ChoiceScarf|Hustle|GravApple,DragonRush,SuckerPunch,Uturn|Jolly||M|||50|]Mudsdale||LifeOrb|InnerFocus|HighHorsepower,Bulldoze,Earthquake,SunnyDay|Adamant||F|||50|]Raichu||RaichuniteY|Static|FocusBlast,Thunder,FakeOut,Protect|Hasty||F|||50|
|
|t:|1783263121
|teamsize|p1|4
|teamsize|p2|4
|start
|switch|p1a: Archaludon|Archaludon, L50, M|100/100
|switch|p1b: Starmie|Starmie, L50|100/100
|switch|p2a: Whimsicott|Whimsicott, L50, F|100/100
|switch|p2b: Lopunny|Lopunny, L50, F|100/100
|turn|1
|
|t:|1783263167
|move|p2b: Lopunny|Protect|p2b: Lopunny
|-singleturn|p2b: Lopunny|Protect
|move|p2a: Whimsicott|Tailwind|p2a: Whimsicott
|-sidestart|p2: Bananabread1398|move: Tailwind
|move|p1b: Starmie|Rain Dance|p1b: Starmie
|-weather|RainDance
|move|p1a: Archaludon|Flash Cannon|p2a: Whimsicott
|-supereffective|p2a: Whimsicott|1
|-damage|p2a: Whimsicott|17/100
|-unboost|p2a: Whimsicott|spd|1
|
|-weather|RainDance|[upkeep]
|upkeep
|turn|2
|
|t:|1783263216
|detailschange|p2b: Lopunny|Lopunny-Mega, L50, F
|-mega|p2b: Lopunny|Lopunny|Lopunnite
|move|p1a: Archaludon|Protect|p1a: Archaludon
|-singleturn|p1a: Archaludon|Protect
|move|p2a: Whimsicott|Sunny Day|p2a: Whimsicott
|-weather|SunnyDay
|move|p2b: Lopunny|Close Combat|p1a: Archaludon
|-activate|p1a: Archaludon|move: Protect
|move|p1b: Starmie|Night Daze|p2b: Lopunny
|-resisted|p2b: Lopunny|1
|-damage|p2b: Lopunny|72/100
|-unboost|p2b: Lopunny|accuracy|1
|
|-weather|SunnyDay|[upkeep]
|upkeep
|turn|3
|
|t:|1783263276
|move|p2b: Lopunny|Close Combat|p1a: Archaludon
|-supereffective|p1a: Archaludon|1
|-damage|p1a: Archaludon|4/100
|-unboost|p2b: Lopunny|def|1
|-unboost|p2b: Lopunny|spd|1
|-ability|p1a: Archaludon|Stamina|boost
|-boost|p1a: Archaludon|def|1
|move|p2a: Whimsicott|Moonblast|p1b: Starmie
|-supereffective|p1b: Starmie|1
|-enditem|p1b: Starmie|Focus Sash
|-damage|p1b: Starmie|1/100
|replace|p1b: Zoroark|Zoroark, L50, M
|-end|p1b: Zoroark|Illusion
|move|p1b: Zoroark|Night Daze|p2a: Whimsicott
|-resisted|p2a: Whimsicott|1
|-damage|p2a: Whimsicott|0 fnt
|faint|p2a: Whimsicott
|move|p1a: Archaludon|Draco Meteor|p2b: Lopunny
|-damage|p2b: Lopunny|0 fnt
|-unboost|p1a: Archaludon|spa|2
|faint|p2b: Lopunny
|
|-weather|SunnyDay|[upkeep]
|-heal|p1a: Archaludon|10/100|[from] item: Leftovers
|upkeep
|
|t:|1783263304
|switch|p2b: Mudsdale|Mudsdale, L50, F|100/100
|switch|p2a: Basculegion|Basculegion, L50, M|100/100
|turn|4
|
|t:|1783263333
|switch|p1b: Starmie|Starmie, L50|100/100
|move|p2a: Basculegion|Protect|p2a: Basculegion
|-singleturn|p2a: Basculegion|Protect
|move|p1a: Archaludon|Protect|p1a: Archaludon
|-singleturn|p1a: Archaludon|Protect
|move|p2b: Mudsdale|Earthquake|p1b: Starmie|[spread] p1b
|-activate|p2a: Basculegion|move: Protect
|-activate|p1a: Archaludon|move: Protect
|-damage|p1b: Starmie|11/100
|-damage|p2b: Mudsdale|90/100|[from] item: Life Orb
|
|-weather|SunnyDay|[upkeep]
|-heal|p1a: Archaludon|16/100|[from] item: Leftovers
|-sideend|p2: Bananabread1398|move: Tailwind
|upkeep
|turn|5
|
|t:|1783263376
|switch|p1a: Archaludon|Archaludon, L50, M|1/100
|detailschange|p1b: Starmie|Starmie-Mega, L50
|-mega|p1b: Starmie|Starmie|Starminite
|move|p1b: Starmie|Liquidation|p2b: Mudsdale
|-supereffective|p2b: Mudsdale|1
|-damage|p2b: Mudsdale|14/100
|move|p2a: Basculegion|Last Respects|p1b: Starmie
|-supereffective|p1b: Starmie|1
|-damage|p1b: Starmie|0 fnt
|faint|p1b: Starmie
|move|p2b: Mudsdale|High Horsepower|p1a: Archaludon
|-damage|p1a: Archaludon|0 fnt
|replace|p1a: Zoroark|Zoroark, L50, M
|-end|p1a: Zoroark|Illusion
|faint|p1a: Zoroark
|-damage|p2b: Mudsdale|5/100|[from] item: Life Orb
|
|-weather|SunnyDay|[upkeep]
|upkeep
|
|t:|1783263392
|switch|p1a: Meowscarada|Meowscarada, L50, F|100/100
|switch|p1b: Archaludon|Archaludon, L50, M|16/100
|turn|6
|
|t:|1783263429
|move|p1a: Meowscarada|Sucker Punch|p2b: Mudsdale
|-crit|p2b: Mudsdale
|-damage|p2b: Mudsdale|0 fnt
|faint|p2b: Mudsdale
|move|p2a: Basculegion|Last Respects|p1a: Meowscarada
|-resisted|p1a: Meowscarada|1
|-damage|p1a: Meowscarada|0 fnt
|faint|p1a: Meowscarada
|move|p1b: Archaludon|Flash Cannon|p2a: Basculegion
|-resisted|p2a: Basculegion|1
|-damage|p2a: Basculegion|75/100
|
|-weather|none
|-heal|p1b: Archaludon|22/100|[from] item: Leftovers
|upkeep
|turn|7
|
|t:|1783263460
|move|p2a: Basculegion|Last Respects|p1b: Archaludon
|-damage|p1b: Archaludon|0 fnt
|faint|p1b: Archaludon
|
|win|Bananabread1398
||Bananabread1398 is ready for game 3.
|inactive|MasterSkillsalt has 30 seconds to confirm battle start!
||MasterSkillsalt is ready for game 3.
|uhtml|next|Next: Game 3 of 3
