|j|☆Adrinhoo
|j|☆Zady11
|html|AdrinhooZady11    
|uhtml|bestof|Game 2 of a best-of-3
|t:|1754309687
|gametype|doubles
|player|p1|Adrinhoo|pokekid|1283
|player|p2|Zady11|guitarist|1200
|gen|9
|tier|[Gen 9] VGC 2025 Reg H (Bo3)
|rated|
|rule|Species Clause: Limit one of each Pokémon
|rule|Item Clause: Limit 1 of each item
|clearpoke
|poke|p1|Archaludon, L50, M|
|poke|p1|Gholdengo, L50|
|poke|p1|Sinistcha, L50|
|poke|p1|Pelipper, L50, M|
|poke|p1|Ursaluna, L50, F|
|poke|p1|Dragonite, L50, F|
|poke|p2|Whimsicott, L50, M|
|poke|p2|Typhlosion-Hisui, L50, F|
|poke|p2|Basculegion, L50, M|
|poke|p2|Ursaluna-Bloodmoon, L50, M|
|poke|p2|Farigiraf, L50, M|
|poke|p2|Maushold-Four, L50|
|teampreview|4
|showteam|p1|Archaludon||AssaultVest|Stamina|FlashCannon,BodyPress,ElectroShot,Snarl|||M|||50|,,,,,Fighting]Gholdengo||ChoiceScarf|GoodasGold|MakeItRain,ShadowBall,Trick,Protect||||||50|,,,,,Flying]Sinistcha||SitrusBerry|Hospitality|MatchaGotcha,LifeDew,RagePowder,TrickRoom||||||50|,,,,,Dark]Pelipper||FocusSash|Drizzle|Tailwind,Hurricane,WeatherBall,Protect|||M|||50|,,,,,Ghost]Ursaluna||FlameOrb|Guts|HeadlongRush,Earthquake,Facade,Protect|||F|||50|,,,,,Ghost]Dragonite||LoadedDice|Multiscale|ScaleShot,Tailwind,Haze,Protect|||F|||50|,,,,,Fairy
|showteam|p2|Whimsicott||CovertCloak|Prankster|Moonblast,SunnyDay,Encore,Tailwind|||M|||50|,,,,,Water]Typhlosion-Hisui||ChoiceSpecs|Blaze|Eruption,HeatWave,ShadowBall,Overheat|||F|||50|,,,,,Fire]Basculegion||ChoiceScarf|Adaptability|WaveCrash,LastRespects,AquaJet,FlipTurn|||M|||50|,,,,,Water]Ursaluna-Bloodmoon||LifeOrb|MindsEye|BloodMoon,HyperVoice,EarthPower,Protect|||M|||50|,,,,,Normal]Farigiraf||ThroatSpray|ArmorTail|HyperVoice,HelpingHand,Psychic,TrickRoom|||M|||50|,,,,,Fire]Maushold-Four||WideLens|Technician|PopulationBomb,Taunt,FollowMe,Protect||||||50|,,,,,Ghost
|inactive|Battle timer is ON: inactive players will automatically lose when time's up. (requested by Adrinhoo)
|inactive|Adrinhoo has 60 seconds left.
|inactive|Adrinhoo has 30 seconds left.
|inactive|Adrinhoo has 20 seconds left.
|
|t:|1754309762
|teamsize|p1|4
|teamsize|p2|4
|start
|switch|p1a: Dragonite|Dragonite, L50, F, shiny|100/100
|switch|p1b: Pelipper|Pelipper, L50, M, shiny|100/100
|switch|p2a: Brad|Whimsicott, L50, M|100/100
|switch|p2b: Emily|Typhlosion-Hisui, L50, F|100/100
|-weather|RainDance|[from] ability: Drizzle|[of] p1b: Pelipper
|turn|1
|
|t:|1754309778
|-terastallize|p2a: Brad|Water
|move|p2a: Brad|Sunny Day|p2a: Brad
|-weather|SunnyDay
|move|p2b: Emily|Eruption|p1a: Dragonite|[spread] p1a,p1b
|-resisted|p1a: Dragonite
|-resisted|p1b: Pelipper
|-damage|p1a: Dragonite|68/100
|-enditem|p1b: Pelipper|Focus Sash
|-damage|p1b: Pelipper|1/100
|move|p1a: Dragonite|Scale Shot|p2b: Emily
|-damage|p2b: Emily|80/100
|-damage|p2b: Emily|59/100
|-damage|p2b: Emily|38/100
|-damage|p2b: Emily|19/100
|-hitcount|p2b: Emily|4
|-unboost|p1a: Dragonite|def|1
|-boost|p1a: Dragonite|spe|1
|move|p1b: Pelipper|Weather Ball|p2b: Emily
|-resisted|p2b: Emily
|-damage|p2b: Emily|0 fnt
|faint|p2b: Emily
|
|-weather|SunnyDay|[upkeep]
|upkeep
|
|t:|1754309800
|switch|p2b: Mike|Ursaluna-Bloodmoon, L50, M|100/100
|turn|2
|
|t:|1754309813
|switch|p1b: Archaludon|Archaludon, L50, M|100/100
|move|p2a: Brad|Tailwind|p2a: Brad
|-sidestart|p2: Zady11|move: Tailwind
|move|p1a: Dragonite|Scale Shot|p2a: Brad|[miss]
|-miss|p1a: Dragonite|p2a: Brad
|move|p2b: Mike|Blood Moon|p1a: Dragonite
|-damage|p1a: Dragonite|0 fnt
|faint|p1a: Dragonite
|-damage|p2b: Mike|91/100|[from] item: Life Orb
|
|-weather|SunnyDay|[upkeep]
|upkeep
|
|t:|1754309818
|switch|p1a: Gholdengo|Gholdengo, L50|100/100
|turn|3
|inactive|Zady11 has 30 seconds left.
|inactive|Adrinhoo has 30 seconds left.
|inactive|Zady11 has 20 seconds left.
|
|t:|1754309857
|-terastallize|p1b: Archaludon|Fighting
|move|p2b: Mike|Protect|p2b: Mike
|-singleturn|p2b: Mike|Protect
|move|p2a: Brad|Sunny Day||[still]
|-fail|p2a: Brad
|move|p1a: Gholdengo|Make It Rain|p2a: Brad|[spread] p2a
|-activate|p2b: Mike|move: Protect
|-resisted|p2a: Brad
|-damage|p2a: Brad|74/100
|-unboost|p1a: Gholdengo|spa|1
|move|p1b: Archaludon|Body Press|p2b: Mike
|-activate|p2b: Mike|move: Protect
|
|-weather|SunnyDay|[upkeep]
|upkeep
|turn|4
|inactive|Zady11 has 30 seconds left.
|
|t:|1754309887
|switch|p1a: Pelipper|Pelipper, L50, M, shiny|1/100
|-weather|RainDance|[from] ability: Drizzle|[of] p1a: Pelipper
|move|p2a: Brad|Moonblast|p1b: Archaludon
|-supereffective|p1b: Archaludon
|-damage|p1b: Archaludon|60/100
|-unboost|p1b: Archaludon|spa|1
|-ability|p1b: Archaludon|Stamina|boost
|-boost|p1b: Archaludon|def|1
|move|p2b: Mike|Blood Moon|p1b: Archaludon
|-damage|p1b: Archaludon|0 fnt
|faint|p1b: Archaludon
|-damage|p2b: Mike|81/100|[from] item: Life Orb
|
|-weather|RainDance|[upkeep]
|upkeep
|
|t:|1754309894
|switch|p1b: Gholdengo|Gholdengo, L50|100/100
|turn|5
|
|t:|1754309911
|move|p1a: Pelipper|Protect|p1a: Pelipper
|-singleturn|p1a: Pelipper|Protect
|move|p2a: Brad|Moonblast|p1a: Pelipper
|-activate|p1a: Pelipper|move: Protect
|move|p1b: Gholdengo|Make It Rain|p2b: Mike|[spread] p2a,p2b
|-resisted|p2a: Brad
|-damage|p2a: Brad|51/100
|-damage|p2b: Mike|21/100
|-unboost|p1b: Gholdengo|spa|1
|move|p2b: Mike|Earth Power|p1b: Gholdengo
|-supereffective|p1b: Gholdengo
|-damage|p1b: Gholdengo|0 fnt
|faint|p1b: Gholdengo
|-damage|p2b: Mike|11/100|[from] item: Life Orb
|
|-weather|RainDance|[upkeep]
|-sideend|p2: Zady11|move: Tailwind
|upkeep
|turn|6
|
|t:|1754309928
|move|p2a: Brad|Encore|p1a: Pelipper
|-start|p1a: Pelipper|Encore
|move|p1a: Pelipper|Protect||[still]
|-fail|p1a: Pelipper
|move|p2b: Mike|Blood Moon|p1a: Pelipper
|-damage|p1a: Pelipper|0 fnt
|faint|p1a: Pelipper
|-damage|p2b: Mike|2/100|[from] item: Life Orb
|
|win|Zady11
|raw|Adrinhoo's rating: 1283 → 1252(-31 for losing)
|raw|Zady11's rating: 1200 → 1231(+31 for winning)
