|j|☆just a someone 34
|j|☆yzuii
|html|just a someone 34yzuii    
|uhtml|bestof|Game 2 of a best-of-3
|t:|1786092964
|gametype|doubles
|player|p1|just a someone 34|266|
|player|p2|yzuii|kimonogirl|
|gen|9
|tier|[Gen 9 Champions] VGC 2026 Reg M-B (Bo3)
|rule|Species Clause: Limit one of each Pokémon
|rule|Item Clause: Limit 1 of each item
|clearpoke
|poke|p1|Venusaur, L50, M|
|poke|p1|Charizard, L50, M|
|poke|p1|Grimmsnarl, L50, M|
|poke|p1|Archaludon, L50, F|
|poke|p1|Basculegion, L50, M|
|poke|p1|Pelipper, L50, F|
|poke|p2|Staraptor, L50, F|
|poke|p2|Arcanine-Hisui, L50, F|
|poke|p2|Kingambit, L50, F|
|poke|p2|Raichu, L50, M|
|poke|p2|Farigiraf, L50, F|
|poke|p2|Sylveon, L50, F|
|teampreview|4
|showteam|p1|Venusaur||FocusSash|Chlorophyll|SludgeBomb,EarthPower,SleepPowder,Protect|Modest||M|||50|]Charizard||CharizarditeY|Blaze|Protect,HeatWave,SolarBeam,WeatherBall|Modest||M|||50|]Grimmsnarl||LightClay|Prankster|SpiritBreak,LightScreen,Reflect,PartingShot|Sassy||M|||50|]Archaludon||Leftovers|Stamina|ElectroShot,DragonPulse,FlashCannon,Protect|Calm||F|||50|]Basculegion||ChoiceScarf|Adaptability|WaveCrash,LastRespects,AquaJet,FlipTurn|Jolly||M|||50|]Pelipper||SitrusBerry|Drizzle|Hurricane,WeatherBall,Tailwind,WideGuard|Modest||F|||50|
|showteam|p2|Staraptor||Staraptite|Intimidate|CloseCombat,Protect,Tailwind,DualWingbeat|Jolly||F|||50|]Arcanine-Hisui||FocusSash|RockHead|ExtremeSpeed,Protect,HeadSmash,FlareBlitz|Jolly||F|||50|]Kingambit||LifeOrb|Defiant|KowtowCleave,SuckerPunch,Protect,SwordsDance|Adamant||F|||50|]Raichu||RaichuniteY|LightningRod|ZapCannon,FocusBlast,Protect,FakeOut|Timid||M|||50|]Farigiraf||SitrusBerry|ArmorTail|Protect,Psychic,TrickRoom,HelpingHand|Calm||F|||50|]Sylveon||FairyFeather|Pixilate|HyperBeam,HyperVoice,QuickAttack,Protect|Modest||F|||50|
|
|t:|1786093031
|teamsize|p1|4
|teamsize|p2|4
|start
|switch|p1a: Charizard|Charizard, L50, M|100/100
|switch|p1b: Venusaur|Venusaur, L50, M|100/100
|switch|p2a: Farigiraf|Farigiraf, L50, F|100/100
|switch|p2b: Raichu|Raichu, L50, M|100/100
|turn|1
|
|t:|1786093059
|detailschange|p1a: Charizard|Charizard-Mega-Y, L50, M
|-mega|p1a: Charizard|Charizard|Charizardite Y
|-weather|SunnyDay|[from] ability: Drought|[of] p1a: Charizard
|move|p2b: Raichu|Fake Out|p1a: Charizard
|-crit|p1a: Charizard
|-damage|p1a: Charizard|87/100
|move|p1b: Venusaur|Sleep Powder|p2a: Farigiraf|[miss]
|-miss|p1b: Venusaur|p2a: Farigiraf
|cant|p1a: Charizard|flinch
|move|p2a: Farigiraf|Trick Room|p2a: Farigiraf
|-fieldstart|move: Trick Room|[of] p2a: Farigiraf
|
|-weather|SunnyDay|[upkeep]
|upkeep
|turn|2
|
|t:|1786093075
|move|p1a: Charizard|Protect|p1a: Charizard
|-singleturn|p1a: Charizard|Protect
|move|p2b: Raichu|Protect|p2b: Raichu
|-singleturn|p2b: Raichu|Protect
|move|p2a: Farigiraf|Psychic|p1b: Venusaur
|-supereffective|p1b: Venusaur|1
|-damage|p1b: Venusaur|26/100
|move|p1b: Venusaur|Earth Power|p2b: Raichu
|-activate|p2b: Raichu|move: Protect
|
|-weather|SunnyDay|[upkeep]
|upkeep
|turn|3
|
|t:|1786093093
|switch|p2b: Staraptor|Staraptor, L50, F|100/100
|-ability|p2b: Staraptor|Intimidate|boost
|-unboost|p1a: Charizard|atk|1
|-unboost|p1b: Venusaur|atk|1
|move|p2a: Farigiraf|Psychic|p1a: Charizard
|-damage|p1a: Charizard|58/100
|move|p1a: Charizard|Weather Ball|p2a: Farigiraf
|-damage|p2a: Farigiraf|26/100
|-enditem|p2a: Farigiraf|Sitrus Berry|[eat]
|-heal|p2a: Farigiraf|51/100|[from] item: Sitrus Berry
|move|p1b: Venusaur|Earth Power|p2b: Staraptor
|-immune|p2b: Staraptor
|
|-weather|SunnyDay|[upkeep]
|upkeep
|turn|4
|
|t:|1786093113
|move|p2b: Staraptor|Protect|p2b: Staraptor
|-singleturn|p2b: Staraptor|Protect
|move|p1b: Venusaur|Protect|p1b: Venusaur
|-singleturn|p1b: Venusaur|Protect
|move|p2a: Farigiraf|Psychic|p1b: Venusaur
|-activate|p1b: Venusaur|move: Protect
|move|p1a: Charizard|Weather Ball|p2b: Staraptor
|-activate|p2b: Staraptor|move: Protect
|
|-weather|SunnyDay|[upkeep]
|upkeep
|turn|5
|
|t:|1786093123
|switch|p1b: Archaludon|Archaludon, L50, F|100/100
|move|p2a: Farigiraf|Psychic|p1b: Archaludon
|-resisted|p1b: Archaludon|1
|-crit|p1b: Archaludon
|-damage|p1b: Archaludon|78/100
|-ability|p1b: Archaludon|Stamina|boost
|-boost|p1b: Archaludon|def|1
|move|p1a: Charizard|Heat Wave|p2a: Farigiraf|[spread] p2a,p2b
|-crit|p2b: Staraptor
|-damage|p2a: Farigiraf|2/100
|-damage|p2b: Staraptor|0 fnt
|faint|p2b: Staraptor
|
|-weather|none
|-heal|p1b: Archaludon|84/100|[from] item: Leftovers
|-fieldend|move: Trick Room
|upkeep
|
|t:|1786093128
|switch|p2b: Raichu|Raichu, L50, M|100/100
|turn|6
|
|t:|1786093169
|switch|p2a: Sylveon|Sylveon, L50, F|100/100
|detailschange|p2b: Raichu|Raichu-Mega-Y, L50, M
|-mega|p2b: Raichu|Raichu|Raichunite Y
|move|p1a: Charizard|Protect|p1a: Charizard
|-singleturn|p1a: Charizard|Protect
|move|p2b: Raichu|Zap Cannon|p1a: Charizard
|-activate|p1a: Charizard|move: Protect
|move|p1b: Archaludon|Electro Shot||[still]
|-prepare|p1b: Archaludon|Electro Shot
|-boost|p1b: Archaludon|spa|1
|
|-heal|p1b: Archaludon|90/100|[from] item: Leftovers
|upkeep
|turn|7
|
|t:|1786093186
|switch|p1a: Venusaur|Venusaur, L50, M|26/100
|move|p2b: Raichu|Zap Cannon|p1a: Venusaur
|-resisted|p1a: Venusaur|1
|-damage|p1a: Venusaur|0 fnt
|faint|p1a: Venusaur
|move|p1b: Archaludon|Electro Shot|p2b: Raichu|[from] lockedmove
|-resisted|p2b: Raichu|1
|-damage|p2b: Raichu|63/100
|move|p2a: Sylveon|Hyper Beam|p1b: Archaludon
|-damage|p1b: Archaludon|0 fnt
|-mustrecharge|p2a: Sylveon
|faint|p1b: Archaludon
|
|upkeep
|
|t:|1786093197
|switch|p1a: Charizard|Charizard-Mega-Y, L50, M|58/100
|switch|p1b: Pelipper|Pelipper, L50, F|100/100
|-weather|SunnyDay|[from] ability: Drought|[of] p1a: Charizard
|-weather|RainDance|[from] ability: Drizzle|[of] p1b: Pelipper
|turn|8
|
|t:|1786093222
|move|p2b: Raichu|Zap Cannon|p1b: Pelipper
|-supereffective|p1b: Pelipper|2
|-damage|p1b: Pelipper|0 fnt
|faint|p1b: Pelipper
|move|p1a: Charizard|Weather Ball|p2a: Sylveon
|-damage|p2a: Sylveon|53/100
|cant|p2a: Sylveon|recharge
|
|-weather|RainDance|[upkeep]
|upkeep
|turn|9
|
|t:|1786093231
|move|p2a: Sylveon|Quick Attack|p1a: Charizard
|-resisted|p1a: Charizard|1
|-damage|p1a: Charizard|51/100
|move|p2b: Raichu|Zap Cannon|p1a: Charizard
|-supereffective|p1a: Charizard|1
|-damage|p1a: Charizard|0 fnt
|faint|p1a: Charizard
|
|win|yzuii
||yzuii is ready for game 3.
|c|☆just a someone 34|bro
|inactive|just a someone 34 has 30 seconds to confirm battle start!
|c|☆just a someone 34|whuch leads you want
|inactive|just a someone 34 has 20 seconds to confirm battle start!
||just a someone 34 is ready for game 3.
|uhtml|next|Next: Game 3 of 3
