|j|☆testdigi
|j|☆fpahstkxkd
|html|testdigifpahstkxkd    
|uhtml|bestof|Game 1 of a best-of-3
|t:|1785853300
|gametype|doubles
|player|p1|testdigi|266|1276
|player|p2|fpahstkxkd|101|1306
|gen|9
|tier|[Gen 9 Champions] VGC 2026 Reg M-B (Bo3)
|rated|
|rule|Species Clause: Limit one of each Pokémon
|rule|Item Clause: Limit 1 of each item
|clearpoke
|poke|p1|Charizard, L50, M|
|poke|p1|Glimmora, L50, M|
|poke|p1|Whimsicott, L50, F|
|poke|p1|Kingambit, L50, M|
|poke|p1|Kommo-o, L50, M|
|poke|p1|Farigiraf, L50, M|
|poke|p2|Staraptor, L50, M|
|poke|p2|Garchomp, L50, M|
|poke|p2|Whimsicott, L50, M|
|poke|p2|Delphox, L50, M|
|poke|p2|Glimmora, L50, M|
|poke|p2|Kingambit, L50, M|
|teampreview|4
|showteam|p1|Charizard||CharizarditeY|Blaze|HeatWave,WeatherBall,SolarBeam,Protect|Modest||M|||50|]Glimmora||Glimmoranite|ToxicDebris|SludgeBomb,PowerGem,EarthPower,SpikyShield|Modest||M|||50|]Whimsicott||FocusSash|Prankster|Moonblast,Tailwind,WorrySeed,Protect|Timid||F|||50|]Kingambit||BlackGlasses|Defiant|KowtowCleave,SuckerPunch,IronHead,Protect|Adamant||M|||50|]Kommo-o||LifeOrb|Overcoat|ClangingScales,AuraSphere,VacuumWave,Protect|Modest||M|||50|]Farigiraf||ColburBerry|ArmorTail|HyperVoice,TwinBeam,Thunderbolt,TrickRoom|Quiet||M|||50|
|showteam|p2|Staraptor||Staraptite|Intimidate|Protect,Roost,CloseCombat,BraveBird|Jolly||M|||50|]Garchomp||LifeOrb|RoughSkin|Protect,RockSlide,Earthquake,DragonClaw|Jolly||M|||50|]Whimsicott||OccaBerry|Prankster|Moonblast,Tailwind,Charm,LightScreen|Timid||M|||50|]Delphox||Delphoxite|Magician|Protect,Psychic,HeatWave,Substitute|Timid||M|||50|]Glimmora||FocusSash|ToxicDebris|SpikyShield,SludgeBomb,EarthPower,PowerGem|Timid||M|||50|]Kingambit||ChopleBerry|Defiant|SuckerPunch,LowKick,IronHead,KowtowCleave|Adamant||M|||50|
|inactive|Battle timer is ON: inactive players will automatically lose when time's up. (requested by fpahstkxkd)
|inactive|testdigi has 60 seconds left.
|inactive|fpahstkxkd has 60 seconds left.
|
|t:|1785853356
|teamsize|p1|4
|teamsize|p2|4
|start
|switch|p1a: Whimsicott|Whimsicott, L50, F|100/100
|switch|p1b: Charizard|Charizard, L50, M|100/100
|switch|p2a: Whimsicott|Whimsicott, L50, M|100/100
|switch|p2b: Glimmora|Glimmora, L50, M|100/100
|turn|1
|
|t:|1785853376
|move|p1b: Charizard|Protect|p1b: Charizard
|-singleturn|p1b: Charizard|Protect
|move|p1a: Whimsicott|Worry Seed|p2a: Whimsicott
|-ability|p2a: Whimsicott|Insomnia|Prankster|[from] move: Worry Seed
|move|p2a: Whimsicott|Tailwind|p2a: Whimsicott
|-sidestart|p2: fpahstkxkd|move: Tailwind
|move|p2b: Glimmora|Power Gem|p1b: Charizard
|-activate|p1b: Charizard|move: Protect
|
|upkeep
|turn|2
|
|t:|1785853400
|switch|p1b: Farigiraf|Farigiraf, L50, M|100/100
|move|p1a: Whimsicott|Tailwind|p1a: Whimsicott
|-sidestart|p1: testdigi|move: Tailwind
|move|p2a: Whimsicott|Moonblast|p1b: Farigiraf
|-damage|p1b: Farigiraf|68/100
|move|p2b: Glimmora|Power Gem|p1b: Farigiraf
|-damage|p1b: Farigiraf|21/100
|
|upkeep
|turn|3
|inactive|fpahstkxkd has 30 seconds left.
|inactive|testdigi has 30 seconds left.
|inactive|fpahstkxkd has 20 seconds left.
|inactive|testdigi has 20 seconds left.
|
|t:|1785853441
|move|p1a: Whimsicott|Moonblast|p2a: Whimsicott
|-damage|p2a: Whimsicott|49/100
|move|p2a: Whimsicott|Light Screen|p2a: Whimsicott
|-sidestart|p2: fpahstkxkd|move: Light Screen
|move|p2b: Glimmora|Power Gem|p1b: Farigiraf
|-damage|p1b: Farigiraf|0 fnt
|faint|p1b: Farigiraf
|
|upkeep
|
|t:|1785853447
|switch|p1b: Kommo-o|Kommo-o, L50, M|100/100
|turn|4
|
|t:|1785853463
|switch|p2a: Kingambit|Kingambit, L50, M|100/100
|move|p1b: Kommo-o|Protect|p1b: Kommo-o
|-singleturn|p1b: Kommo-o|Protect
|move|p1a: Whimsicott|Moonblast|p2b: Glimmora
|-resisted|p2b: Glimmora|1
|-damage|p2b: Glimmora|84/100
|move|p2b: Glimmora|Sludge Bomb|p1a: Whimsicott
|-supereffective|p1a: Whimsicott|2
|-enditem|p1a: Whimsicott|Focus Sash
|-damage|p1a: Whimsicott|1/100
|
|-sideend|p2: fpahstkxkd|move: Tailwind
|upkeep
|turn|5
|
|t:|1785853480
|switch|p2b: Whimsicott|Whimsicott, L50, M|49/100
|move|p1a: Whimsicott|Worry Seed|p2b: Whimsicott
|-ability|p2b: Whimsicott|Insomnia|Prankster|[from] move: Worry Seed
|move|p2a: Kingambit|Sucker Punch||[still]
|-fail|p2a: Kingambit
|move|p1b: Kommo-o|Aura Sphere|p2b: Whimsicott
|-resisted|p2b: Whimsicott|1
|-damage|p2b: Whimsicott|24/100
|-damage|p1b: Kommo-o|90/100|[from] item: Life Orb
|
|-sideend|p1: testdigi|move: Tailwind
|upkeep
|turn|6
|
|t:|1785853501
|move|p1a: Whimsicott|Tailwind|p1a: Whimsicott
|-sidestart|p1: testdigi|move: Tailwind
|move|p2a: Kingambit|Sucker Punch||[still]
|-fail|p2a: Kingambit
|move|p1b: Kommo-o|Aura Sphere|p2a: Kingambit
|-supereffective|p2a: Kingambit|2
|-enditem|p2a: Kingambit|Chople Berry|[eat]
|-enditem|p2a: Kingambit|Chople Berry|[weaken]
|-damage|p2a: Kingambit|47/100
|-damage|p1b: Kommo-o|80/100|[from] item: Life Orb
|move|p2b: Whimsicott|Tailwind|p2b: Whimsicott
|-sidestart|p2: fpahstkxkd|move: Tailwind
|
|upkeep
|turn|7
|
|t:|1785853520
|move|p1a: Whimsicott|Protect|p1a: Whimsicott
|-singleturn|p1a: Whimsicott|Protect
|move|p2a: Kingambit|Sucker Punch||[still]
|-fail|p2a: Kingambit
|move|p2b: Whimsicott|Moonblast|p1b: Kommo-o
|-supereffective|p1b: Kommo-o|2
|-damage|p1b: Kommo-o|0 fnt
|faint|p1b: Kommo-o
|
|-sideend|p2: fpahstkxkd|move: Light Screen
|upkeep
|
|t:|1785853527
|switch|p1b: Charizard|Charizard, L50, M|100/100
|turn|8
|
|t:|1785853547
|switch|p2b: Staraptor|Staraptor, L50, M|100/100
|-ability|p2b: Staraptor|Intimidate|boost
|-unboost|p1a: Whimsicott|atk|1
|-unboost|p1b: Charizard|atk|1
|detailschange|p1b: Charizard|Charizard-Mega-Y, L50, M
|-mega|p1b: Charizard|Charizard|Charizardite Y
|-weather|SunnyDay|[from] ability: Drought|[of] p1b: Charizard
|move|p1a: Whimsicott|Worry Seed|p2b: Staraptor
|-ability|p2b: Staraptor|Insomnia|Intimidate|[from] move: Worry Seed
|move|p2a: Kingambit|Sucker Punch||[still]
|-fail|p2a: Kingambit
|move|p1b: Charizard|Heat Wave|p2b: Staraptor|[spread] p2a,p2b
|-supereffective|p2a: Kingambit|1
|-damage|p2a: Kingambit|0 fnt
|-damage|p2b: Staraptor|18/100
|faint|p2a: Kingambit
|
|-weather|SunnyDay|[upkeep]
|upkeep
|
|t:|1785853555
|switch|p2a: Glimmora|Glimmora, L50, M|84/100
|turn|9
|
|t:|1785853575
|detailschange|p2b: Staraptor|Staraptor-Mega, L50, M
|-mega|p2b: Staraptor|Staraptor|Staraptite
|move|p1a: Whimsicott|Protect|p1a: Whimsicott
|-singleturn|p1a: Whimsicott|Protect
|move|p1b: Charizard|Protect|p1b: Charizard
|-singleturn|p1b: Charizard|Protect
|move|p2b: Staraptor|Brave Bird|p1a: Whimsicott
|-activate|p1a: Whimsicott|move: Protect
|move|p2a: Glimmora|Power Gem|p1b: Charizard
|-activate|p1b: Charizard|move: Protect
|
|-weather|SunnyDay|[upkeep]
|-sideend|p2: fpahstkxkd|move: Tailwind
|-sideend|p1: testdigi|move: Tailwind
|upkeep
|turn|10
|inactive|testdigi has 30 seconds left.
|
|t:|1785853601
|move|p2a: Glimmora|Spiky Shield|p2a: Glimmora
|-singleturn|p2a: Glimmora|move: Protect
|move|p1a: Whimsicott|Moonblast|p2b: Staraptor
|-supereffective|p2b: Staraptor|1
|-damage|p2b: Staraptor|0 fnt
|faint|p2b: Staraptor
|move|p1b: Charizard|Weather Ball|p2a: Glimmora
|-activate|p2a: Glimmora|move: Protect
|
|-weather|SunnyDay|[upkeep]
|upkeep
|
|t:|1785853605
|switch|p2b: Whimsicott|Whimsicott, L50, M|24/100
|turn|11
|
|t:|1785853621
|move|p1b: Charizard|Protect|p1b: Charizard
|-singleturn|p1b: Charizard|Protect
|move|p2b: Whimsicott|Moonblast|p1a: Whimsicott
|-damage|p1a: Whimsicott|0 fnt
|faint|p1a: Whimsicott
|move|p2a: Glimmora|Power Gem|p1b: Charizard
|-activate|p1b: Charizard|move: Protect
|
|-weather|SunnyDay|[upkeep]
|upkeep
|turn|12
|-message|testdigi forfeited.
|
|win|fpahstkxkd
