|j|☆CommunistCola
|j|☆DeadlyAngel24
|html|CommunistColaDeadlyAngel24    
|uhtml|bestof|Game 1 of a best-of-3
|t:|1785965914
|gametype|doubles
|player|p1|CommunistCola|102|
|player|p2|DeadlyAngel24|ghetsis|
|gen|9
|tier|[Gen 9 Champions] VGC 2026 Reg M-B (Bo3)
|rule|Species Clause: Limit one of each Pokémon
|rule|Item Clause: Limit 1 of each item
|clearpoke
|poke|p1|Raichu, L50, M|
|poke|p1|Sinistcha, L50|
|poke|p1|Milotic, L50, F|
|poke|p1|Scizor, L50, F|
|poke|p1|Ceruledge, L50, M|
|poke|p1|Weavile, L50, F|
|poke|p2|Falinks, L50|
|poke|p2|Incineroar, L50, F|
|poke|p2|Whimsicott, L50, F|
|poke|p2|Sinistcha-Masterpiece, L50|
|poke|p2|Sylveon, L50, M|
|poke|p2|Maushold-Four, L50|
|teampreview|4
|showteam|p1|Raichu||RaichuniteY|Static|ZapCannon,FocusBlast,FakeOut,Protect|Timid||M|||50|]Sinistcha||KasibBerry|Hospitality|MatchaGotcha,RagePowder,TrickRoom,Protect|Relaxed|||||50|]Milotic||Leftovers|Competitive|MuddyWater,Hypnosis,Coil,Protect|Calm||F|||50|]Scizor||LifeOrb|Technician|BugBite,BulletPunch,SwordsDance,Protect|Adamant||F|||50|]Ceruledge||ColburBerry|FlashFire|BitterBlade,ShadowSneak,BulkUp,Protect|Jolly||M|||50|]Weavile||FocusSash|Pickpocket|TripleAxel,KnockOff,FakeOut,Feint|Jolly||F|||50|
|showteam|p2|Falinks||Falinksite|BattleArmor|NoRetreat,CloseCombat,Protect,RockSlide|Serious|||||50|]Incineroar||Charcoal|Intimidate|FakeOut,PartingShot,FlareBlitz,DarkestLariat|Careful||F|||50|]Whimsicott||FocusSash|Prankster|Tailwind,Moonblast,Encore,Protect|Timid||F|||50|]Sinistcha-Masterpiece||SitrusBerry|Hospitality|MatchaGotcha,RagePowder,Protect,TrickRoom|Bold|||||50|]Sylveon||FairyFeather|Pixilate|HyperVoice,Protect,HelpingHand,Yawn|Modest||M|||50|]Maushold-Four||QuickClaw|FriendGuard|BatonPass,AfterYou,Protect,TidyUp|Timid|||||50|
|
|t:|1785965996
|teamsize|p1|4
|teamsize|p2|4
|start
|switch|p1a: Raichu|Raichu, L50, M|100/100
|switch|p1b: Scizor|Scizor, L50, F|100/100
|switch|p2a: Whimsicott|Whimsicott, L50, F|100/100
|switch|p2b: Maushold|Maushold-Four, L50|100/100
|turn|1
|-activate|p2b: Maushold|item: Quick Claw
|
|t:|1785966019
|detailschange|p1a: Raichu|Raichu-Mega-Y, L50, M
|-mega|p1a: Raichu|Raichu|Raichunite Y
|move|p1a: Raichu|Fake Out|p2b: Maushold
|-damage|p2b: Maushold|91/100
|move|p2a: Whimsicott|Tailwind|p2a: Whimsicott
|-sidestart|p2: DeadlyAngel24|move: Tailwind
|cant|p2b: Maushold|flinch
|move|p1b: Scizor|Swords Dance|p1b: Scizor
|-boost|p1b: Scizor|atk|2
|
|upkeep
|turn|2
|
|t:|1785966048
|move|p1b: Scizor|Bullet Punch|p2a: Whimsicott
|-supereffective|p2a: Whimsicott|1
|-enditem|p2a: Whimsicott|Focus Sash
|-damage|p2a: Whimsicott|1/100
|-damage|p1b: Scizor|90/100|[from] item: Life Orb
|move|p2a: Whimsicott|Moonblast|p1a: Raichu
|-damage|p1a: Raichu|63/100
|move|p2b: Maushold|Tidy Up|p2b: Maushold
|-boost|p2b: Maushold|atk|1
|-boost|p2b: Maushold|spe|1
|move|p1a: Raichu|Zap Cannon|p2b: Maushold
|-damage|p2b: Maushold|11/100
|-status|p2b: Maushold|par
|
|upkeep
|turn|3
|
|t:|1785966083
|switch|p1a: Milotic|Milotic, L50, F|100/100
|move|p2b: Maushold|Protect|p2b: Maushold
|-singleturn|p2b: Maushold|Protect
|move|p1b: Scizor|Bullet Punch|p2a: Whimsicott
|-supereffective|p2a: Whimsicott|1
|-damage|p2a: Whimsicott|0 fnt
|faint|p2a: Whimsicott
|-damage|p1b: Scizor|80/100|[from] item: Life Orb
|
|upkeep
|
|t:|1785966092
|switch|p2a: Sinistcha|Sinistcha-Masterpiece, L50|100/100
|-heal|p2b: Maushold|36/100 par|[from] ability: Hospitality|[of] p2a: Sinistcha
|turn|4
|
|t:|1785966118
|switch|p1a: Ceruledge|Ceruledge, L50, M|100/100
|move|p2b: Maushold|Baton Pass|p2b: Maushold
|
|t:|1785966123
|switch|p2b: Falinks|Falinks, L50|100/100|[from] Baton Pass
|move|p2a: Sinistcha|Matcha Gotcha|p1a: Ceruledge|[spread] p1a,p1b
|-resisted|p1a: Ceruledge|1
|-resisted|p1b: Scizor|2
|-damage|p1a: Ceruledge|83/100
|-damage|p1b: Scizor|72/100
|move|p1b: Scizor|Swords Dance|p1b: Scizor
|-boost|p1b: Scizor|atk|2
|
|-sideend|p2: DeadlyAngel24|move: Tailwind
|upkeep
|turn|5
|
|t:|1785966162
|detailschange|p2b: Falinks|Falinks-Mega, L50
|-mega|p2b: Falinks|Falinks|Falinksite
|move|p2a: Sinistcha|Rage Powder|p2a: Sinistcha
|-singleturn|p2a: Sinistcha|move: Rage Powder
|move|p1b: Scizor|Bullet Punch|p2a: Sinistcha
|-damage|p2a: Sinistcha|0 fnt
|faint|p2a: Sinistcha
|-damage|p1b: Scizor|62/100|[from] item: Life Orb
|move|p2b: Falinks|Rock Slide|p1b: Scizor|[spread] p1b
|-miss|p2b: Falinks|p1a: Ceruledge
|-damage|p1b: Scizor|31/100
|move|p1a: Ceruledge|Bitter Blade|p2b: Falinks
|-damage|p2b: Falinks|52/100
|-heal|p1a: Ceruledge|100/100|[from] drain|[of] p2b: Falinks
|
|upkeep
|
|t:|1785966176
|switch|p2a: Maushold|Maushold-Four, L50|36/100 par
|turn|6
|
|t:|1785966223
|move|p2a: Maushold|Protect|p2a: Maushold
|-singleturn|p2a: Maushold|Protect
|move|p1b: Scizor|Bullet Punch|p2a: Maushold
|-activate|p2a: Maushold|move: Protect
|move|p2b: Falinks|Rock Slide|p1a: Ceruledge|[spread] p1a,p1b
|-supereffective|p1a: Ceruledge|1
|-damage|p1a: Ceruledge|14/100
|-damage|p1b: Scizor|0 fnt
|faint|p1b: Scizor
|move|p1a: Ceruledge|Bulk Up|p1a: Ceruledge
|-boost|p1a: Ceruledge|atk|1
|-boost|p1a: Ceruledge|def|1
|
|upkeep
|
|t:|1785966243
|switch|p1b: Milotic|Milotic, L50, F|100/100
|turn|7
|
|t:|1785966261
|move|p1a: Ceruledge|Protect|p1a: Ceruledge
|-singleturn|p1a: Ceruledge|Protect
|move|p2b: Falinks|Rock Slide|p1b: Milotic|[spread] 
|-activate|p1a: Ceruledge|move: Protect
|-miss|p2b: Falinks|p1b: Milotic
|move|p1b: Milotic|Coil|p1b: Milotic
|-boost|p1b: Milotic|atk|1
|-boost|p1b: Milotic|def|1
|-boost|p1b: Milotic|accuracy|1
|move|p2a: Maushold|After You||[still]
|-fail|p2a: Maushold
|
|upkeep
|turn|8
|
|t:|1785966308
|move|p2a: Maushold|Protect|p2a: Maushold
|-singleturn|p2a: Maushold|Protect
|move|p1a: Ceruledge|Shadow Sneak|p2b: Falinks
|-damage|p2b: Falinks|32/100
|move|p2b: Falinks|No Retreat|p2b: Falinks
|-boost|p2b: Falinks|atk|1
|-boost|p2b: Falinks|def|1
|-boost|p2b: Falinks|spa|1
|-boost|p2b: Falinks|spd|1
|-boost|p2b: Falinks|spe|1
|-start|p2b: Falinks|move: No Retreat
|move|p1b: Milotic|Hypnosis|p2b: Falinks|[miss]
|-miss|p1b: Milotic|p2b: Falinks
|
|upkeep
|turn|9
|
|t:|1785966334
|move|p1b: Milotic|Protect|p1b: Milotic
|-singleturn|p1b: Milotic|Protect
|move|p1a: Ceruledge|Shadow Sneak|p2b: Falinks
|-damage|p2b: Falinks|17/100
|move|p2b: Falinks|Rock Slide|p1a: Ceruledge|[spread] p1a
|-activate|p1b: Milotic|move: Protect
|-supereffective|p1a: Ceruledge|1
|-damage|p1a: Ceruledge|0 fnt
|faint|p1a: Ceruledge
|move|p2a: Maushold|Tidy Up|p2a: Maushold
|-boost|p2a: Maushold|atk|1
|-boost|p2a: Maushold|spe|1
|
|upkeep
|
|t:|1785966346
|switch|p1a: Raichu|Raichu-Mega-Y, L50, M|63/100
|turn|10
|
|t:|1785966372
|move|p2b: Falinks|Protect|p2b: Falinks
|-singleturn|p2b: Falinks|Protect
|move|p2a: Maushold|Protect|p2a: Maushold
|-singleturn|p2a: Maushold|Protect
|move|p1a: Raichu|Fake Out|p2b: Falinks
|-activate|p2b: Falinks|move: Protect
|move|p1b: Milotic|Muddy Water|p2a: Maushold|[spread] 
|-activate|p2a: Maushold|move: Protect
|-activate|p2b: Falinks|move: Protect
|
|upkeep
|turn|11
|
|t:|1785966402
|move|p1a: Raichu|Protect|p1a: Raichu
|-singleturn|p1a: Raichu|Protect
|move|p2b: Falinks|Rock Slide|p1a: Raichu|[spread] 
|-activate|p1a: Raichu|move: Protect
|-miss|p2b: Falinks|p1b: Milotic
|move|p1b: Milotic|Hypnosis|p2b: Falinks
|-status|p2b: Falinks|slp|[from] move: Hypnosis
|move|p2a: Maushold|Baton Pass||[still]
|-fail|p2a: Maushold
|
|upkeep
|turn|12
|
|t:|1785966422
|cant|p2b: Falinks|slp
|move|p1a: Raichu|Zap Cannon|p2b: Falinks
|-damage|p2b: Falinks|0 fnt
|faint|p2b: Falinks
|move|p1b: Milotic|Muddy Water|p2a: Maushold
|-damage|p2a: Maushold|0 fnt
|faint|p2a: Maushold
|
|win|CommunistCola
