|j|☆huezinhu
|j|☆DrXJ13
|html|huezinhuDrXJ13    
|uhtml|bestof|Game 2 of a best-of-3
|t:|1756983670
|gametype|doubles
|player|p1|huezinhu|102|1133
|player|p2|DrXJ13|102|1112
|gen|9
|tier|[Gen 9] VGC 2025 Reg H (Bo3)
|rated|
|rule|Species Clause: Limit one of each Pokémon
|rule|Item Clause: Limit 1 of each item
|clearpoke
|poke|p1|Indeedee-F, L50, F|
|poke|p1|Gallade, L50, M|
|poke|p1|Hatterene, L50, F|
|poke|p1|Ursaluna, L50, M|
|poke|p1|Torkoal, L50, M|
|poke|p1|Lilligant-Hisui, L50, F|
|poke|p2|Sinistcha, L50|
|poke|p2|Ursaluna-Bloodmoon, L50, M|
|poke|p2|Incineroar, L50, F|
|poke|p2|Sneasler, L50, F|
|poke|p2|Dragonite, L50, M|
|poke|p2|Corviknight, L50, M|
|teampreview|4
|showteam|p1|Indeedee-F||PsychicSeed|PsychicSurge|Psychic,FollowMe,HelpingHand,TrickRoom|||F|||50|,,,,,Water]Gallade||ClearAmulet|Sharpness|PsychoCut,SacredSword,TrickRoom,WideGuard|||M|||50|,,,,,Grass]Hatterene||LifeOrb|MagicBounce|ExpandingForce,DazzlingGleam,TrickRoom,Protect|||F|||50|,,,,,Psychic]Ursaluna||FlameOrb|Guts|Facade,HeadlongRush,SwordsDance,Protect|||M|||50|,,,,,Ghost]Torkoal||ChoiceSpecs|Drought|Eruption,HeatWave,WeatherBall,EarthPower|||M|||50|,,,,,Fire]Lilligant-Hisui||FocusSash|Chlorophyll|SleepPowder,CloseCombat,SolarBlade,AfterYou|||F|||50|,,,,,Ghost
|showteam|p2|Sinistcha||RockyHelmet|Hospitality|MatchaGotcha,ShadowBall,TrickRoom,RagePowder||||||50|,,,,,Water]Ursaluna-Bloodmoon||Leftovers|MindsEye|HyperVoice,EarthPower,CalmMind,Protect|||M|||50|,,,,,Water]Incineroar||SafetyGoggles|Intimidate|FakeOut,KnockOff,FlareBlitz,PartingShot|||F|||50|,,,,,Ghost]Sneasler||FocusSash|Unburden|Coaching,DireClaw,CloseCombat,Protect|||F|||50|,,,,,Stellar]Dragonite||LoadedDice|Multiscale|ScaleShot,ExtremeSpeed,Haze,Protect|||M|||50|,,,,,Fairy]Corviknight||CovertCloak|MirrorArmor|DualWingbeat,Tailwind,IronHead,Taunt|||M|||50|,,,,,Dragon
|inactive|Battle timer is ON: inactive players will automatically lose when time's up. (requested by DrXJ13)
|inactive|huezinhu also wants the timer to be on.
|
|t:|1756983699
|teamsize|p1|4
|teamsize|p2|4
|start
|switch|p1a: Indeedee|Indeedee-F, L50, F|100/100
|switch|p1b: Hatterene|Hatterene, L50, F|100/100
|switch|p2a: Toño|Incineroar, L50, F|100/100
|switch|p2b: Wellington|Ursaluna-Bloodmoon, L50, M|100/100
|-fieldstart|move: Psychic Terrain|[from] ability: Psychic Surge|[of] p1a: Indeedee
|-enditem|p1a: Indeedee|Psychic Seed
|-boost|p1a: Indeedee|spd|1|[from] item: Psychic Seed
|-ability|p2a: Toño|Intimidate|boost
|-unboost|p1a: Indeedee|atk|1
|-unboost|p1b: Hatterene|atk|1
|turn|1
|
|t:|1756983720
|move|p1a: Indeedee|Follow Me|p1a: Indeedee
|-singleturn|p1a: Indeedee|move: Follow Me
|move|p2a: Toño|Knock Off|p1a: Indeedee
|-supereffective|p1a: Indeedee
|-damage|p1a: Indeedee|46/100
|move|p2b: Wellington|Calm Mind|p2b: Wellington
|-boost|p2b: Wellington|spa|1
|-boost|p2b: Wellington|spd|1
|move|p1b: Hatterene|Trick Room|p1b: Hatterene
|-fieldstart|move: Trick Room|[of] p1b: Hatterene
|
|upkeep
|turn|2
|inactive|huezinhu has 30 seconds left.
|inactive|huezinhu has 20 seconds left.
|inactive|huezinhu has 15 seconds left.
|
|t:|1756983761
|-terastallize|p1b: Hatterene|Psychic
|move|p1a: Indeedee|Helping Hand|p1b: Hatterene
|-singleturn|p1b: Hatterene|Helping Hand|[of] p1a: Indeedee
|move|p2b: Wellington|Protect|p2b: Wellington
|-singleturn|p2b: Wellington|Protect
|move|p1b: Hatterene|Expanding Force|p2a: Toño|[spread] 
|-activate|p2b: Wellington|move: Protect
|-immune|p2a: Toño
|move|p2a: Toño|Parting Shot|p1b: Hatterene
|move|p1b: Hatterene|Parting Shot|p2a: Toño|[from] ability: Magic Bounce
|-unboost|p2a: Toño|atk|1
|-unboost|p2a: Toño|spa|1
|
|t:|1756983780
|switch|p1b: Gallade|Gallade, L50, M|100/100|[from] Parting Shot
|
|upkeep
|turn|3
|
|t:|1756983800
|switch|p2a: Té (en) tazas|Sinistcha, L50|100/100
|-terastallize|p2b: Wellington|Water
|move|p1a: Indeedee|Helping Hand|p1b: Gallade
|-singleturn|p1b: Gallade|Helping Hand|[of] p1a: Indeedee
|move|p2b: Wellington|Earth Power|p1b: Gallade
|-damage|p1b: Gallade|35/100
|move|p1b: Gallade|Sacred Sword|p2b: Wellington
|-damage|p2b: Wellington|15/100
|
|-heal|p2b: Wellington|21/100|[from] item: Leftovers
|upkeep
|turn|4
|
|t:|1756983824
|move|p2b: Wellington|Protect|p2b: Wellington
|-singleturn|p2b: Wellington|Protect
|move|p1b: Gallade|Wide Guard|p1b: Gallade
|-singleturn|p1b: Gallade|Wide Guard
|move|p2a: Té (en) tazas|Matcha Gotcha|p1b: Gallade|[spread] 
|-activate|p1a: Indeedee|move: Wide Guard
|-activate|p1b: Gallade|move: Wide Guard
|move|p1a: Indeedee|Psychic|p2b: Wellington
|-activate|p2b: Wellington|move: Protect
|
|-heal|p2b: Wellington|27/100|[from] item: Leftovers
|upkeep
|turn|5
|inactive|huezinhu has 30 seconds left.
|
|t:|1756983852
|move|p2a: Té (en) tazas|Rage Powder|p2a: Té (en) tazas
|-singleturn|p2a: Té (en) tazas|move: Rage Powder
|move|p1a: Indeedee|Follow Me|p1a: Indeedee
|-singleturn|p1a: Indeedee|move: Follow Me
|move|p2b: Wellington|Earth Power|p1a: Indeedee
|-damage|p1a: Indeedee|0 fnt
|faint|p1a: Indeedee
|move|p1b: Gallade|Sacred Sword|p2a: Té (en) tazas
|-immune|p2a: Té (en) tazas
|
|-heal|p2b: Wellington|34/100|[from] item: Leftovers
|-fieldend|move: Trick Room
|-fieldend|move: Psychic Terrain
|upkeep
|
|t:|1756983867
|switch|p1a: Hatterene|Hatterene, L50, F, tera:Psychic|100/100
|turn|6
|
|t:|1756983886
|switch|p2b: Toño|Incineroar, L50, F|100/100
|-ability|p2b: Toño|Intimidate|boost
|-unboost|p1a: Hatterene|atk|1
|-fail|p1b: Gallade|unboost|[from] item: Clear Amulet|[of] p1b: Gallade
|move|p1b: Gallade|Wide Guard|p1b: Gallade
|-singleturn|p1b: Gallade|Wide Guard
|move|p2a: Té (en) tazas|Shadow Ball|p1b: Gallade
|-supereffective|p1b: Gallade
|-damage|p1b: Gallade|0 fnt
|faint|p1b: Gallade
|move|p1a: Hatterene|Expanding Force|p2b: Toño
|-immune|p2b: Toño
|
|upkeep
|
|t:|1756983898
|switch|p1b: Torkoal|Torkoal, L50, M|100/100
|-weather|SunnyDay|[from] ability: Drought|[of] p1b: Torkoal
|turn|7
|
|t:|1756983917
|move|p2b: Toño|Knock Off|p1a: Hatterene
|-supereffective|p1a: Hatterene
|-damage|p1a: Hatterene|20/100
|-enditem|p1a: Hatterene|Life Orb|[from] move: Knock Off|[of] p2b: Toño
|move|p2a: Té (en) tazas|Shadow Ball|p1a: Hatterene
|-supereffective|p1a: Hatterene
|-damage|p1a: Hatterene|0 fnt
|faint|p1a: Hatterene
|move|p1b: Torkoal|Earth Power|p2b: Toño
|-supereffective|p2b: Toño
|-damage|p2b: Toño|39/100
|
|-weather|SunnyDay|[upkeep]
|upkeep
|turn|8
|
|t:|1756983929
|move|p2b: Toño|Knock Off|p1b: Torkoal
|-damage|p1b: Torkoal|72/100
|-enditem|p1b: Torkoal|Choice Specs|[from] move: Knock Off|[of] p2b: Toño
|move|p2a: Té (en) tazas|Shadow Ball|p1b: Torkoal
|-damage|p1b: Torkoal|27/100
|move|p1b: Torkoal|Earth Power|p2b: Toño
|-supereffective|p2b: Toño
|-damage|p2b: Toño|1/100
|
|-weather|SunnyDay|[upkeep]
|upkeep
|turn|9
|
|t:|1756983944
|move|p2b: Toño|Flare Blitz|p1b: Torkoal
|-resisted|p1b: Torkoal
|-damage|p1b: Torkoal|1/100
|-damage|p2b: Toño|0 fnt|[from] Recoil
|faint|p2b: Toño
|move|p2a: Té (en) tazas|Shadow Ball|p1b: Torkoal
|-damage|p1b: Torkoal|0 fnt
|faint|p1b: Torkoal
|
|win|DrXJ13
||huezinhu is ready for game 3.
||DrXJ13 is ready for game 3.
|uhtml|next|Next: Game 3 of 3
