|j|☆Raboot is cute
|j|☆kulllllllllle
|html|Raboot is cutekulllllllllle    
|uhtml|bestof|Game 1 of a best-of-3
|t:|1782389173
|gametype|doubles
|player|p1|Raboot is cute|2|1000
|player|p2|kulllllllllle|swimmer-gen4dp|1046
|gen|9
|tier|[Gen 9 Champions] VGC 2026 Reg M-B (Bo3)
|rated|
|rule|Species Clause: Limit one of each Pokémon
|rule|Item Clause: Limit 1 of each item
|clearpoke
|poke|p1|Whimsicott, L50, F|
|poke|p1|Kangaskhan, L50, F|
|poke|p1|Farigiraf, L50, F|
|poke|p1|Typhlosion-Hisui, L50, F|
|poke|p1|Basculegion, L50, M|
|poke|p1|Sneasler, L50, F|
|poke|p2|Annihilape, L50, M|
|poke|p2|Maushold, L50|
|poke|p2|Sinistcha, L50|
|poke|p2|Froslass, L50, F|
|poke|p2|Ninetales-Alola, L50, F|
|poke|p2|Charizard, L50, F|
|teampreview|4
|showteam|p1|Whimsicott||MentalHerb|Prankster|Moonblast,Tailwind,SunnyDay,Protect|Bold||F|||50|]Kangaskhan||Kangaskhanite|Scrappy|FakeOut,DoubleEdge,LowKick,Protect|Adamant||F|||50|]Farigiraf||LifeOrb|ArmorTail|HyperVoice,TwinBeam,TrickRoom,Protect|Quiet||F|||50|]Typhlosion-Hisui||ChoiceScarf|Frisk|Eruption,HeatWave,Overheat,ShadowBall|Timid||F|||50|]Basculegion||FocusSash|Adaptability|WaveCrash,LastRespects,AquaJet,Protect|Adamant||M|||50|]Sneasler||WhiteHerb|Unburden|FakeOut,CloseCombat,DireClaw,Protect|Adamant||F|||50|
|showteam|p2|Annihilape||BrightPowder|Defiant|RageFist,DrainPunch,BulkUp,Protect|Adamant||M|||50|]Maushold||FocusSash|FriendGuard|FollowMe,Taunt,BeatUp,AfterYou|Jolly|||||50|]Sinistcha||SitrusBerry|Hospitality|RagePowder,LifeDew,MatchaGotcha,TrickRoom|Relaxed|||||50|]Froslass||Froslassite|SnowCloak|AuroraVeil,Blizzard,Haze,ShadowBall|Timid||F|||50|]Ninetales-Alola||LifeOrb|SnowWarning|Blizzard,FreezeDry,Disable,Moonblast|Timid||F|||50|]Charizard||CharizarditeY|Blaze|Flamethrower,SolarBeam,Overheat,FlameCharge|Timid||F|||50|
|inactive|Battle timer is ON: inactive players will automatically lose when time's up. (requested by Raboot is cute)
|inactive|Raboot is cute has 60 seconds left.
|inactive|Raboot is cute has 30 seconds left.
|inactive|Raboot is cute has 20 seconds left.
|
|t:|1782389245
|teamsize|p1|4
|teamsize|p2|4
|start
|switch|p1a: Whimsicott|Whimsicott, L50, F|100/100
|switch|p1b: Typhlosion|Typhlosion-Hisui, L50, F|100/100
|switch|p2a: Annihilape|Annihilape, L50, M|100/100
|switch|p2b: Maushold|Maushold, L50|100/100
|-item|p2a: Annihilape|Bright Powder|[from] ability: Frisk|[of] p1b: Typhlosion
|-item|p2b: Maushold|Focus Sash|[from] ability: Frisk|[of] p1b: Typhlosion
|turn|1
|inactive|kulllllllllle has 30 seconds left.
|inactive|kulllllllllle has 20 seconds left.
|inactive|kulllllllllle has 15 seconds left.
|
|t:|1782389287
|move|p1a: Whimsicott|Sunny Day|p1a: Whimsicott
|-weather|SunnyDay
|move|p1b: Typhlosion|Eruption|p2b: Maushold|[spread] p2a,p2b
|-damage|p2a: Annihilape|41/100
|-damage|p2b: Maushold|2/100
|move|p2b: Maushold|Beat Up|p1b: Typhlosion
|-supereffective|p1b: Typhlosion|1
|-damage|p1b: Typhlosion|90/100
|-supereffective|p1b: Typhlosion|1
|-damage|p1b: Typhlosion|81/100
|-supereffective|p1b: Typhlosion|1
|-damage|p1b: Typhlosion|74/100
|-supereffective|p1b: Typhlosion|1
|-damage|p1b: Typhlosion|68/100
|-hitcount|p1b: Typhlosion|4
|move|p2a: Annihilape|Rage Fist|p1b: Typhlosion
|-supereffective|p1b: Typhlosion|1
|-damage|p1b: Typhlosion|0 fnt
|faint|p1b: Typhlosion
|
|-weather|SunnyDay|[upkeep]
|upkeep
|
|t:|1782389305
|switch|p1b: Kangaskhan|Kangaskhan, L50, F|100/100
|turn|2
|
|t:|1782389324
|switch|p2b: Sinistcha|Sinistcha, L50|100/100
|-heal|p2a: Annihilape|65/100|[from] ability: Hospitality|[of] p2b: Sinistcha
|move|p1b: Kangaskhan|Fake Out|p2a: Annihilape
|-damage|p2a: Annihilape|47/100
|move|p1a: Whimsicott|Tailwind|p1a: Whimsicott
|-sidestart|p1: Raboot is cute|move: Tailwind
|cant|p2a: Annihilape|flinch
|
|-weather|SunnyDay|[upkeep]
|upkeep
|turn|3
|inactive|kulllllllllle has 30 seconds left.
|
|t:|1782389356
|move|p2a: Annihilape|Protect|p2a: Annihilape
|-singleturn|p2a: Annihilape|Protect
|move|p1a: Whimsicott|Moonblast|p2b: Sinistcha
|-damage|p2b: Sinistcha|67/100
|move|p1b: Kangaskhan|Double-Edge|p2b: Sinistcha
|-damage|p2b: Sinistcha|31/100
|-enditem|p2b: Sinistcha|Sitrus Berry|[eat]
|-heal|p2b: Sinistcha|56/100|[from] item: Sitrus Berry
|-damage|p1b: Kangaskhan|89/100|[from] Recoil
|move|p2b: Sinistcha|Trick Room|p2b: Sinistcha
|-fieldstart|move: Trick Room|[of] p2b: Sinistcha
|
|-weather|SunnyDay|[upkeep]
|upkeep
|turn|4
|inactive|kulllllllllle has 30 seconds left.
|
|t:|1782389390
|switch|p1b: Basculegion|Basculegion, L50, M|100/100
|move|p2b: Sinistcha|Life Dew|p2b: Sinistcha|[spread] p2a,p2b
|-heal|p2a: Annihilape|72/100
|-heal|p2b: Sinistcha|81/100
|move|p2a: Annihilape|Drain Punch|p1b: Basculegion
|-immune|p1b: Basculegion
|move|p1a: Whimsicott|Moonblast|p2a: Annihilape|[miss]
|-miss|p1a: Whimsicott|p2a: Annihilape
|
|-weather|SunnyDay|[upkeep]
|upkeep
|turn|5
|inactive|kulllllllllle has 30 seconds left.
|inactive|kulllllllllle has 20 seconds left.
|
|t:|1782389427
|move|p1a: Whimsicott|Protect|p1a: Whimsicott
|-singleturn|p1a: Whimsicott|Protect
|move|p2b: Sinistcha|Matcha Gotcha|p1a: Whimsicott|[spread] 
|-activate|p1a: Whimsicott|move: Protect
|-miss|p2b: Sinistcha|p1b: Basculegion
|move|p2a: Annihilape|Rage Fist|p1b: Basculegion
|-supereffective|p1b: Basculegion|1
|-enditem|p1b: Basculegion|Focus Sash
|-damage|p1b: Basculegion|1/100
|move|p1b: Basculegion|Last Respects|p2a: Annihilape
|-supereffective|p2a: Annihilape|1
|-damage|p2a: Annihilape|0 fnt
|faint|p2a: Annihilape
|
|-weather|none
|-sideend|p1: Raboot is cute|move: Tailwind
|upkeep
|
|t:|1782389446
|switch|p2a: Maushold|Maushold, L50|2/100
|turn|6
|
|t:|1782389460
|move|p1b: Basculegion|Protect|p1b: Basculegion
|-singleturn|p1b: Basculegion|Protect
|move|p2b: Sinistcha|Matcha Gotcha|p1a: Whimsicott|[spread] p1a
|-activate|p1b: Basculegion|move: Protect
|-resisted|p1a: Whimsicott|1
|-damage|p1a: Whimsicott|85/100
|-heal|p2b: Sinistcha|88/100|[from] drain|[of] p1a: Whimsicott
|move|p1a: Whimsicott|Moonblast|p2b: Sinistcha
|-damage|p2b: Sinistcha|62/100
|move|p2a: Maushold|Taunt|p1a: Whimsicott
|-start|p1a: Whimsicott|move: Taunt
|-enditem|p1a: Whimsicott|Mental Herb
|-end|p1a: Whimsicott|move: Taunt
|
|upkeep
|turn|7
|inactive|kulllllllllle has 30 seconds left.
|inactive|kulllllllllle has 20 seconds left.
|inactive|kulllllllllle has 15 seconds left.
|inactive|kulllllllllle has 10 seconds left.
|
|t:|1782389509
|switch|p1b: Kangaskhan|Kangaskhan, L50, F|89/100
|move|p2a: Maushold|Follow Me|p2a: Maushold
|-singleturn|p2a: Maushold|move: Follow Me
|move|p1a: Whimsicott|Tailwind|p1a: Whimsicott
|-sidestart|p1: Raboot is cute|move: Tailwind
|move|p2b: Sinistcha|Matcha Gotcha|p1b: Kangaskhan|[spread] p1a,p1b
|-resisted|p1a: Whimsicott|1
|-damage|p1a: Whimsicott|70/100
|-heal|p2b: Sinistcha|69/100|[from] drain|[of] p1a: Whimsicott
|-damage|p1b: Kangaskhan|63/100
|-heal|p2b: Sinistcha|84/100|[from] drain|[of] p1b: Kangaskhan
|
|-fieldend|move: Trick Room
|upkeep
|turn|8
|inactive|kulllllllllle has 30 seconds left.
|inactive|kulllllllllle has 20 seconds left.
|
|t:|1782389545
|move|p1b: Kangaskhan|Fake Out|p2b: Sinistcha
|-damage|p2b: Sinistcha|74/100
|move|p1a: Whimsicott|Moonblast|p2a: Maushold
|-damage|p2a: Maushold|0 fnt
|faint|p2a: Maushold
|cant|p2b: Sinistcha|flinch
|
|upkeep
|
|t:|1782389548
|switch|p2a: Ninetales|Ninetales-Alola, L50, F|100/100
|-weather|Snowscape|[from] ability: Snow Warning|[of] p2a: Ninetales
|turn|9
|
|t:|1782389567
|detailschange|p1b: Kangaskhan|Kangaskhan-Mega, L50, F
|-mega|p1b: Kangaskhan|Kangaskhan|Kangaskhanite
|move|p1a: Whimsicott|Moonblast|p2a: Ninetales
|-damage|p2a: Ninetales|65/100
|move|p1b: Kangaskhan|Double-Edge|p2a: Ninetales
|-damage|p2a: Ninetales|0 fnt
|faint|p2a: Ninetales
|-damage|p1b: Kangaskhan|48/100|[from] Recoil
|move|p2b: Sinistcha|Matcha Gotcha|p1a: Whimsicott|[spread] p1a,p1b
|-resisted|p1a: Whimsicott|1
|-crit|p1a: Whimsicott
|-damage|p1a: Whimsicott|50/100g
|-heal|p2b: Sinistcha|84/100|[from] drain|[of] p1a: Whimsicott
|-damage|p1b: Kangaskhan|27/100
|-heal|p2b: Sinistcha|96/100|[from] drain|[of] p1b: Kangaskhan
|-status|p1a: Whimsicott|brn
|
|-weather|Snowscape|[upkeep]
|-damage|p1a: Whimsicott|44/100 brn|[from] brn
|upkeep
|turn|10
|
|t:|1782389583
|move|p1a: Whimsicott|Moonblast|p2b: Sinistcha
|-damage|p2b: Sinistcha|63/100
|move|p1b: Kangaskhan|Double-Edge|p2b: Sinistcha
|-immune|p2b: Sinistcha
|move|p2b: Sinistcha|Trick Room|p2b: Sinistcha
|-fieldstart|move: Trick Room|[of] p2b: Sinistcha
|
|-weather|Snowscape|[upkeep]
|-damage|p1a: Whimsicott|38/100 brn|[from] brn
|-sideend|p1: Raboot is cute|move: Tailwind
|upkeep
|turn|11
|
|t:|1782389593
|move|p1a: Whimsicott|Protect|p1a: Whimsicott
|-singleturn|p1a: Whimsicott|Protect
|move|p1b: Kangaskhan|Protect|p1b: Kangaskhan
|-singleturn|p1b: Kangaskhan|Protect
|move|p2b: Sinistcha|Matcha Gotcha|p1b: Kangaskhan|[spread] 
|-activate|p1a: Whimsicott|move: Protect
|-activate|p1b: Kangaskhan|move: Protect
|
|-weather|Snowscape|[upkeep]
|-damage|p1a: Whimsicott|32/100 brn|[from] brn
|upkeep
|turn|12
|
|t:|1782389597
|move|p2b: Sinistcha|Matcha Gotcha|p1a: Whimsicott|[spread] p1a
|-miss|p2b: Sinistcha|p1b: Kangaskhan
|-resisted|p1a: Whimsicott|1
|-damage|p1a: Whimsicott|16/100 brn
|-heal|p2b: Sinistcha|71/100|[from] drain|[of] p1a: Whimsicott
|move|p1b: Kangaskhan|Double-Edge|p2b: Sinistcha
|-immune|p2b: Sinistcha
|move|p1a: Whimsicott|Moonblast|p2b: Sinistcha
|-damage|p2b: Sinistcha|38/100
|
|-weather|Snowscape|[upkeep]
|-damage|p1a: Whimsicott|10/100 brn|[from] brn
|upkeep
|turn|13
|
|t:|1782389612
|move|p1a: Whimsicott|Protect|p1a: Whimsicott
|-singleturn|p1a: Whimsicott|Protect
|move|p1b: Kangaskhan|Protect|p1b: Kangaskhan
|-singleturn|p1b: Kangaskhan|Protect
|move|p2b: Sinistcha|Life Dew|p2b: Sinistcha
|-heal|p2b: Sinistcha|64/100
|
|-weather|none
|-damage|p1a: Whimsicott|4/100 brn|[from] brn
|upkeep
|turn|14
|inactive|kulllllllllle has 30 seconds left.
|
|t:|1782389640
|switch|p1b: Basculegion|Basculegion, L50, M|1/100
|move|p2b: Sinistcha|Matcha Gotcha|p1b: Basculegion|[spread] p1a,p1b
|-resisted|p1a: Whimsicott|1
|-supereffective|p1b: Basculegion|1
|-damage|p1a: Whimsicott|0 fnt
|-heal|p2b: Sinistcha|66/100|[from] drain|[of] p1a: Whimsicott
|-damage|p1b: Basculegion|0 fnt
|-heal|p2b: Sinistcha|66/100|[from] drain|[of] p1b: Basculegion
|faint|p1a: Whimsicott
|faint|p1b: Basculegion
|
|-fieldend|move: Trick Room
|upkeep
|c|☆Raboot is cute|Y am I playing idiots
|
|t:|1782389654
|switch|p1a: Kangaskhan|Kangaskhan-Mega, L50, F|27/100
|turn|15
|c|☆Raboot is cute|Never mind js realised this is my alt I see y now
|-message|Raboot is cute forfeited.
|
|win|kulllllllllle
