|j|☆Yubay007
|j|☆ShadowOfAMan
|html|Yubay007ShadowOfAMan    
|uhtml|bestof|Game 2 of a best-of-3
|t:|1756908821
|gametype|doubles
|player|p1|Yubay007|cynthia-gen7|
|player|p2|ShadowOfAMan|elio-usum|
|gen|9
|tier|[Gen 9] VGC 2025 Reg H (Bo3)
|rule|Species Clause: Limit one of each Pokémon
|rule|Item Clause: Limit 1 of each item
|clearpoke
|poke|p1|Garchomp, L50, F|
|poke|p1|Incineroar, L50, F|
|poke|p1|Kingambit, L50, M|
|poke|p1|Ninetales-Alola, L50, M|
|poke|p1|Dragonite, L50, F|
|poke|p1|Amoonguss, L50, F|
|poke|p2|Politoed, L50, F|
|poke|p2|Gothitelle, L50, M|
|poke|p2|Archaludon, L50, F|
|poke|p2|Incineroar, L50, M|
|poke|p2|Amoonguss, L50, M|
|poke|p2|Kingdra, L50, M|
|teampreview|4
|showteam|p1|Garchomp||LifeOrb|RoughSkin|StompingTantrum,DragonClaw,Earthquake,Protect|||F|||50|,,,,,Steel]Incineroar||SafetyGoggles|Intimidate|FakeOut,FlareBlitz,KnockOff,PartingShot|||F|||50|,,,,,Ghost]Kingambit||AssaultVest|Defiant|LowKick,IronHead,KowtowCleave,SuckerPunch|||M|||50|,,,,,Flying]Ninetales-Alola||FocusSash|SnowWarning|Protect,Encore,FreezeDry,Blizzard|||M|||50|,,,,,Ice]Dragonite||LumBerry|Multiscale|TeraBlast,LowKick,ExtremeSpeed,Protect|||F|||50|,,,,,Flying]Amoonguss||SitrusBerry|Regenerator|ClearSmog,Spore,RagePowder,PollenPuff|||F|||50|,,,,,Water
|showteam|p2|Politoed||Leftovers|Drizzle|WeatherBall,Encore,PerishSong,Protect|||F|||50|,,,,,Grass]Gothitelle||SitrusBerry|ShadowTag|FakeOut,Psychic,TrickRoom,Protect|||M|||50|,,,,,Dark]Archaludon||PowerHerb|Sturdy|ElectroShot,DragonPulse,FlashCannon,Protect|||F|||50|,,,,,Electric]Incineroar||SafetyGoggles|Intimidate|FakeOut,PartingShot,KnockOff,Protect|||M|||50|,,,,,Ghost]Amoonguss||EjectButton|Regenerator|PollenPuff,Spore,RagePowder,Protect|||M|||50|,,,,,Fairy]Kingdra||LifeOrb|SwiftSwim|MuddyWater,WeatherBall,DracoMeteor,Protect|||M|||50|,,,,,Stellar
|inactive|Battle timer is ON: inactive players will automatically lose when time's up. (requested by Yubay007)
|inactive|Yubay007 has 60 seconds left.
|inactive|ShadowOfAMan has 60 seconds left.
|inactive|Yubay007 has 30 seconds left.
|inactive|Yubay007 has 20 seconds left.
|
|t:|1756908896
|teamsize|p1|4
|teamsize|p2|4
|start
|switch|p1a: Incineroar|Incineroar, L50, F|100/100
|switch|p1b: Amoonguss|Amoonguss, L50, F|100/100
|switch|p2a: Politoed|Politoed, L50, F|100/100
|switch|p2b: Amoonguss|Amoonguss, L50, M|100/100
|-weather|RainDance|[from] ability: Drizzle|[of] p2a: Politoed
|-ability|p1a: Incineroar|Intimidate|boost
|-unboost|p2a: Politoed|atk|1
|-unboost|p2b: Amoonguss|atk|1
|turn|1
|inactive|ShadowOfAMan has 30 seconds left.
|inactive|ShadowOfAMan has 20 seconds left.
|inactive|ShadowOfAMan has 15 seconds left.
|inactive|ShadowOfAMan has 10 seconds left.
|
|t:|1756908944
|switch|p2b: Gothitelle|Gothitelle, L50, M|100/100
|move|p2a: Politoed|Protect|p2a: Politoed
|-singleturn|p2a: Politoed|Protect
|move|p1a: Incineroar|Fake Out|p2a: Politoed
|-activate|p2a: Politoed|move: Protect
|move|p1b: Amoonguss|Spore|p2a: Politoed
|-activate|p2a: Politoed|move: Protect
|
|-weather|RainDance|[upkeep]
|upkeep
|turn|2
|j| RoaringWhale
|inactive|ShadowOfAMan has 30 seconds left.
|
|t:|1756908976
|move|p2b: Gothitelle|Fake Out|p1b: Amoonguss
|-damage|p1b: Amoonguss|96/100
|move|p2a: Politoed|Encore|p1a: Incineroar
|-start|p1a: Incineroar|Encore
|move|p1a: Incineroar|Fake Out||[still]
|-hint|Fake Out only works on your first turn out.
|-fail|p1a: Incineroar
|cant|p1b: Amoonguss|flinch
|
|-weather|RainDance|[upkeep]
|upkeep
|turn|3
|inactive|ShadowOfAMan has 30 seconds left.
|
|t:|1756909001
|-terastallize|p2a: Politoed|Grass
|move|p1a: Incineroar|Fake Out||[still]
|-hint|Fake Out only works on your first turn out.
|-fail|p1a: Incineroar
|move|p2a: Politoed|Perish Song|p2a: Politoed
|-start|p1a: Incineroar|perish3|[silent]
|-start|p1b: Amoonguss|perish3|[silent]
|-start|p2a: Politoed|perish3|[silent]
|-start|p2b: Gothitelle|perish3|[silent]
|-fieldactivate|move: Perish Song
|move|p2b: Gothitelle|Psychic|p1b: Amoonguss
|-supereffective|p1b: Amoonguss
|-damage|p1b: Amoonguss|40/100
|-unboost|p1b: Amoonguss|spd|1
|-enditem|p1b: Amoonguss|Sitrus Berry|[eat]
|-heal|p1b: Amoonguss|65/100|[from] item: Sitrus Berry
|move|p1b: Amoonguss|Spore|p2a: Politoed
|-immune|p2a: Politoed
|
|-weather|RainDance|[upkeep]
|-start|p2a: Politoed|perish3
|-start|p1a: Incineroar|perish3
|-start|p2b: Gothitelle|perish3
|-start|p1b: Amoonguss|perish3
|upkeep
|turn|4
|inactive|ShadowOfAMan has 30 seconds left.
|inactive|ShadowOfAMan has 20 seconds left.
|inactive|ShadowOfAMan has 15 seconds left.
|inactive|ShadowOfAMan has 10 seconds left.
|
|t:|1756909047
|move|p2a: Politoed|Protect|p2a: Politoed
|-singleturn|p2a: Politoed|Protect
|move|p1a: Incineroar|Fake Out||[still]
|-hint|Fake Out only works on your first turn out.
|-fail|p1a: Incineroar
|move|p2b: Gothitelle|Psychic|p1b: Amoonguss
|-supereffective|p1b: Amoonguss
|-damage|p1b: Amoonguss|0 fnt
|faint|p1b: Amoonguss
|
|-weather|RainDance|[upkeep]
|-end|p1a: Incineroar|Encore
|-start|p2a: Politoed|perish2
|-start|p1a: Incineroar|perish2
|-start|p2b: Gothitelle|perish2
|upkeep
|
|t:|1756909060
|switch|p1b: Kingambit|Kingambit, L50, M|100/100
|turn|5
|
|t:|1756909081
|switch|p2b: Amoonguss|Amoonguss, L50, M|100/100
|move|p2a: Politoed|Encore|p1a: Incineroar
|-start|p1a: Incineroar|Encore
|move|p1a: Incineroar|Fake Out||[still]
|-hint|Fake Out only works on your first turn out.
|-fail|p1a: Incineroar
|move|p1b: Kingambit|Kowtow Cleave|p2b: Amoonguss
|-damage|p2b: Amoonguss|63/100
|-enditem|p2b: Amoonguss|Eject Button
|
|t:|1756909091
|switch|p2b: Gothitelle|Gothitelle, L50, M|100/100
|
|-weather|none
|-start|p2a: Politoed|perish1
|-start|p1a: Incineroar|perish1
|upkeep
|turn|6
|inactive|ShadowOfAMan has 30 seconds left.
|inactive|ShadowOfAMan has 20 seconds left.
|
|t:|1756909127
|switch|p2a: Amoonguss|Amoonguss, L50, M|96/100
|move|p2b: Gothitelle|Protect|p2b: Gothitelle
|-singleturn|p2b: Gothitelle|Protect
|move|p1a: Incineroar|Fake Out||[still]
|-hint|Fake Out only works on your first turn out.
|-fail|p1a: Incineroar
|move|p1b: Kingambit|Kowtow Cleave|p2b: Gothitelle
|-activate|p2b: Gothitelle|move: Protect
|
|-start|p1a: Incineroar|perish0
|faint|p1a: Incineroar
|upkeep
|
|t:|1756909139
|switch|p1a: Garchomp|Garchomp, L50, F|100/100
|turn|7
|inactive|Yubay007 has 30 seconds left.
|inactive|Yubay007 has 20 seconds left.
|inactive|Yubay007 has 15 seconds left.
|inactive|Yubay007 has 10 seconds left.
|
|t:|1756909185
|switch|p2b: Politoed|Politoed, L50, F, tera:Grass|100/100
|-weather|RainDance|[from] ability: Drizzle|[of] p2b: Politoed
|move|p2a: Amoonguss|Rage Powder|p2a: Amoonguss
|-singleturn|p2a: Amoonguss|move: Rage Powder
|move|p1a: Garchomp|Dragon Claw|p2a: Amoonguss
|-damage|p2a: Amoonguss|56/100
|-damage|p1a: Garchomp|91/100|[from] item: Life Orb
|move|p1b: Kingambit|Iron Head|p2a: Amoonguss
|-damage|p2a: Amoonguss|16/100
|
|-weather|RainDance|[upkeep]
|upkeep
|turn|8
|
|t:|1756909207
|-terastallize|p1b: Kingambit|Flying
|move|p2a: Amoonguss|Rage Powder|p2a: Amoonguss
|-singleturn|p2a: Amoonguss|move: Rage Powder
|move|p1a: Garchomp|Earthquake|p2b: Politoed|[spread] p2a,p2b
|-immune|p1b: Kingambit
|-resisted|p2b: Politoed
|-damage|p2a: Amoonguss|0 fnt
|-damage|p2b: Politoed|73/100
|faint|p2a: Amoonguss
|-damage|p1a: Garchomp|81/100|[from] item: Life Orb
|move|p2b: Politoed|Perish Song|p2b: Politoed
|-start|p1a: Garchomp|perish3|[silent]
|-start|p1b: Kingambit|perish3|[silent]
|-start|p2b: Politoed|perish3|[silent]
|-fieldactivate|move: Perish Song
|move|p1b: Kingambit|Kowtow Cleave|p2b: Politoed
|-damage|p2b: Politoed|18/100
|
|-weather|RainDance|[upkeep]
|-heal|p2b: Politoed|24/100|[from] item: Leftovers
|-start|p1a: Garchomp|perish3
|-start|p2b: Politoed|perish3
|-start|p1b: Kingambit|perish3
|upkeep
|
|t:|1756909225
|switch|p2a: Nizo|Incineroar, L50, M|100/100
|-ability|p2a: Nizo|Intimidate|boost
|-unboost|p1a: Garchomp|atk|1
|-unboost|p1b: Kingambit|atk|1
|-ability|p1b: Kingambit|Defiant|boost
|-boost|p1b: Kingambit|atk|2
|turn|9
|c|☆ShadowOfAMan|GG
|
|t:|1756909237
|move|p2b: Politoed|Protect|p2b: Politoed
|-singleturn|p2b: Politoed|Protect
|move|p2a: Nizo|Protect|p2a: Nizo
|-singleturn|p2a: Nizo|Protect
|move|p1a: Garchomp|Earthquake|p2a: Nizo|[spread] 
|-activate|p2a: Nizo|move: Protect
|-activate|p2b: Politoed|move: Protect
|-immune|p1b: Kingambit
|move|p1b: Kingambit|Low Kick|p2a: Nizo
|-activate|p2a: Nizo|move: Protect
|
|-weather|RainDance|[upkeep]
|-heal|p2b: Politoed|30/100|[from] item: Leftovers
|-start|p1a: Garchomp|perish2
|-start|p2b: Politoed|perish2
|-start|p1b: Kingambit|perish2
|upkeep
|turn|10
|
|t:|1756909259
|switch|p2b: Gothitelle|Gothitelle, L50, M|100/100
|move|p1a: Garchomp|Earthquake|p2b: Gothitelle|[spread] p2a,p2b
|-immune|p1b: Kingambit
|-supereffective|p2a: Nizo
|-damage|p2a: Nizo|39/100
|-damage|p2b: Gothitelle|69/100
|-damage|p1a: Garchomp|71/100|[from] item: Life Orb
|move|p1b: Kingambit|Low Kick|p2a: Nizo
|-supereffective|p2a: Nizo
|-damage|p2a: Nizo|0 fnt
|faint|p2a: Nizo
|
|-weather|RainDance|[upkeep]
|-start|p1a: Garchomp|perish1
|-start|p1b: Kingambit|perish1
|upkeep
|
|t:|1756909268
|switch|p2a: Politoed|Politoed, L50, F, tera:Grass|30/100
|turn|11
|-message|Yubay007 forfeited.
|
|win|ShadowOfAMan
|l|☆Yubay007
|player|p1|
|c|☆ShadowOfAMan|Buena partida
|l| RoaringWhale
