|j|☆komsu
|j|☆babydimelavelda
|html|komsubabydimelavelda    
|uhtml|bestof|Game 1 of a best-of-3
|t:|1785253494
|gametype|doubles
|player|p1|komsu|gambler|1304
|player|p2|babydimelavelda|169|1283
|gen|9
|tier|[Gen 9 Champions] VGC 2026 Reg M-B (Bo3)
|rated|
|rule|Species Clause: Limit one of each Pokémon
|rule|Item Clause: Limit 1 of each item
|clearpoke
|poke|p1|Scizor, L50, M|
|poke|p1|Kommo-o, L50, M|
|poke|p1|Charizard, L50, M|
|poke|p1|Incineroar, L50, F|
|poke|p1|Whimsicott, L50, F|
|poke|p1|Basculegion, L50, M|
|poke|p2|Tyranitar, L50, M|
|poke|p2|Excadrill, L50, F|
|poke|p2|Staraptor, L50, F|
|poke|p2|Sinistcha, L50|
|poke|p2|Gholdengo, L50|
|poke|p2|Milotic, L50, F|
|teampreview|4
|showteam|p1|Scizor||LifeOrb|Technician|BulletPunch,BrickBreak,DualWingbeat,Protect|Adamant||M|||50|]Kommo-o||Leftovers|Soundproof|AuraSphere,ClangingScales,ClangorousSoul,Protect|Modest||M|||50|]Charizard||CharizarditeY|Blaze|HeatWave,AncientPower,WeatherBall,Protect|Modest||M|||50|]Incineroar||SitrusBerry|Intimidate|ThroatChop,FlareBlitz,FakeOut,PartingShot|Impish||F|||50|]Whimsicott||FocusSash|Prankster|Moonblast,Tailwind,Protect,Encore|Timid||F|||50|]Basculegion||MysticWater|Adaptability|AquaJet,WaveCrash,LastRespects,Protect|Adamant||M|||50|
|showteam|p2|Tyranitar||Tyranitarite|SandStream|KnockOff,RockSlide,HighHorsepower,Protect|Jolly||M|||50|]Excadrill||FocusSash|SandRush|HighHorsepower,RockSlide,IronHead,Protect|Adamant||F|||50|]Staraptor||Staraptite|Intimidate|BraveBird,CloseCombat,Tailwind,Protect|Jolly||F|||50|]Sinistcha||KasibBerry|Hospitality|MatchaGotcha,RagePowder,ShadowBall,Protect|Bold|||||50|]Gholdengo||LifeOrb|GoodasGold|MakeItRain,ShadowBall,NastyPlot,Protect|Modest|||||50|]Milotic||Leftovers|Competitive|Scald,IcyWind,Haze,Protect|Calm||F|||50|
|inactive|Battle timer is ON: inactive players will automatically lose when time's up. (requested by babydimelavelda)
|
|t:|1785253579
|teamsize|p1|4
|teamsize|p2|4
|start
|switch|p1a: Charizard|Charizard, L50, M|100/100
|switch|p1b: Kommo-o|Kommo-o, L50, M|100/100
|switch|p2a: Staraptor|Staraptor, L50, F|100/100
|switch|p2b: Milotic|Milotic, L50, F|100/100
|-ability|p2a: Staraptor|Intimidate|boost
|-unboost|p1a: Charizard|atk|1
|-unboost|p1b: Kommo-o|atk|1
|turn|1
|inactive|komsu has 30 seconds left.
|
|t:|1785253611
|switch|p2a: Tyranitar|Tyranitar, L50, M|100/100
|-weather|Sandstorm|[from] ability: Sand Stream|[of] p2a: Tyranitar
|detailschange|p1a: Charizard|Charizard-Mega-Y, L50, M
|-mega|p1a: Charizard|Charizard|Charizardite Y
|-weather|SunnyDay|[from] ability: Drought|[of] p1a: Charizard
|move|p1b: Kommo-o|Protect|p1b: Kommo-o
|-singleturn|p1b: Kommo-o|Protect
|move|p1a: Charizard|Weather Ball|p2a: Tyranitar
|-resisted|p2a: Tyranitar|1
|-damage|p2a: Tyranitar|59/100
|move|p2b: Milotic|Icy Wind|p1b: Kommo-o|[spread] 
|-activate|p1b: Kommo-o|move: Protect
|-miss|p2b: Milotic|p1a: Charizard
|
|-weather|SunnyDay|[upkeep]
|upkeep
|turn|2
|inactive|komsu has 30 seconds left.
|inactive|komsu has 20 seconds left.
|
|t:|1785253650
|detailschange|p2a: Tyranitar|Tyranitar-Mega, L50, M
|-mega|p2a: Tyranitar|Tyranitar|Tyranitarite
|-weather|Sandstorm|[from] ability: Sand Stream|[of] p2a: Tyranitar
|move|p2a: Tyranitar|Protect|p2a: Tyranitar
|-singleturn|p2a: Tyranitar|Protect
|move|p1a: Charizard|Heat Wave|p2b: Milotic|[spread] p2b
|-activate|p2a: Tyranitar|move: Protect
|-resisted|p2b: Milotic|1
|-damage|p2b: Milotic|84/100
|move|p1b: Kommo-o|Aura Sphere|p2a: Tyranitar
|-activate|p2a: Tyranitar|move: Protect
|move|p2b: Milotic|Icy Wind|p1a: Charizard|[spread] p1b
|-miss|p2b: Milotic|p1a: Charizard
|-supereffective|p1b: Kommo-o|1
|-damage|p1b: Kommo-o|76/100
|-unboost|p1b: Kommo-o|spe|1
|
|-weather|Sandstorm|[upkeep]
|-damage|p1a: Charizard|93/100|[from] Sandstorm
|-damage|p2b: Milotic|78/100|[from] Sandstorm
|-damage|p1b: Kommo-o|70/100|[from] Sandstorm
|-heal|p2b: Milotic|84/100|[from] item: Leftovers
|-heal|p1b: Kommo-o|76/100|[from] item: Leftovers
|upkeep
|turn|3
|inactive|babydimelavelda has 30 seconds left.
|inactive|babydimelavelda has 20 seconds left.
|
|t:|1785253688
|switch|p1a: Incineroar|Incineroar, L50, F|100/100
|-ability|p1a: Incineroar|Intimidate|boost
|-unboost|p2a: Tyranitar|atk|1
|-unboost|p2b: Milotic|atk|1
|-ability|p2b: Milotic|Competitive|boost
|-boost|p2b: Milotic|spa|2
|move|p2a: Tyranitar|Rock Slide|p1b: Kommo-o|[spread] p1a,p1b
|-supereffective|p1a: Incineroar|1
|-crit|p1a: Incineroar
|-resisted|p1b: Kommo-o|1
|-damage|p1a: Incineroar|27/100
|-damage|p1b: Kommo-o|65/100
|-enditem|p1a: Incineroar|Sitrus Berry|[eat]
|-heal|p1a: Incineroar|52/100|[from] item: Sitrus Berry
|move|p2b: Milotic|Scald|p1b: Kommo-o
|-resisted|p1b: Kommo-o|1
|-damage|p1b: Kommo-o|32/100
|move|p1b: Kommo-o|Aura Sphere|p2a: Tyranitar
|-supereffective|p2a: Tyranitar|2
|-damage|p2a: Tyranitar|0 fnt
|faint|p2a: Tyranitar
|
|-weather|Sandstorm|[upkeep]
|-damage|p2b: Milotic|78/100|[from] Sandstorm
|-damage|p1a: Incineroar|46/100|[from] Sandstorm
|-damage|p1b: Kommo-o|26/100|[from] Sandstorm
|-heal|p2b: Milotic|84/100|[from] item: Leftovers
|-heal|p1b: Kommo-o|32/100|[from] item: Leftovers
|upkeep
|
|t:|1785253705
|switch|p2a: Excadrill|Excadrill, L50, F|100/100
|turn|4
|
|t:|1785253722
|switch|p1b: Charizard|Charizard-Mega-Y, L50, M|93/100
|-weather|SunnyDay|[from] ability: Drought|[of] p1b: Charizard
|move|p1a: Incineroar|Fake Out|p2a: Excadrill
|-resisted|p2a: Excadrill|1
|-damage|p2a: Excadrill|91/100
|cant|p2a: Excadrill|flinch
|move|p2b: Milotic|Scald|p1a: Incineroar
|-supereffective|p1a: Incineroar|1
|-damage|p1a: Incineroar|0 fnt
|faint|p1a: Incineroar
|
|-weather|SunnyDay|[upkeep]
|-heal|p2b: Milotic|90/100|[from] item: Leftovers
|upkeep
|
|t:|1785253734
|switch|p1a: Basculegion|Basculegion, L50, M|100/100
|turn|5
|
|t:|1785253755
|move|p2a: Excadrill|Protect|p2a: Excadrill
|-singleturn|p2a: Excadrill|Protect
|move|p1b: Charizard|Heat Wave|p2b: Milotic|[spread] p2b
|-activate|p2a: Excadrill|move: Protect
|-resisted|p2b: Milotic|1
|-damage|p2b: Milotic|68/100
|move|p1a: Basculegion|Last Respects|p2b: Milotic
|-damage|p2b: Milotic|2/100
|move|p2b: Milotic|Icy Wind|p1a: Basculegion|[spread] p1a,p1b
|-resisted|p1a: Basculegion|1
|-damage|p1a: Basculegion|89/100
|-damage|p1b: Charizard|77/100
|-unboost|p1a: Basculegion|spe|1
|-unboost|p1b: Charizard|spe|1
|
|-weather|SunnyDay|[upkeep]
|-heal|p2b: Milotic|8/100|[from] item: Leftovers
|upkeep
|turn|6
|
|t:|1785253779
|switch|p1b: Kommo-o|Kommo-o, L50, M|32/100
|move|p2b: Milotic|Protect|p2b: Milotic
|-singleturn|p2b: Milotic|Protect
|move|p1a: Basculegion|Protect|p1a: Basculegion
|-singleturn|p1a: Basculegion|Protect
|move|p2a: Excadrill|Rock Slide|p1a: Basculegion|[spread] p1b
|-activate|p1a: Basculegion|move: Protect
|-resisted|p1b: Kommo-o|1
|-damage|p1b: Kommo-o|22/100
|
|-weather|SunnyDay|[upkeep]
|-heal|p1b: Kommo-o|28/100|[from] item: Leftovers
|-heal|p2b: Milotic|14/100|[from] item: Leftovers
|upkeep
|turn|7
|inactive|komsu has 30 seconds left.
|inactive|babydimelavelda has 30 seconds left.
|inactive|babydimelavelda has 20 seconds left.
|
|t:|1785253818
|switch|p1a: Charizard|Charizard-Mega-Y, L50, M|77/100
|move|p2a: Excadrill|High Horsepower|p1a: Charizard
|-immune|p1a: Charizard
|move|p1b: Kommo-o|Clanging Scales|p2b: Milotic|[spread] p2a,p2b
|-resisted|p2a: Excadrill|1
|-damage|p2a: Excadrill|64/100
|-damage|p2b: Milotic|0 fnt
|faint|p2b: Milotic
|-unboost|p1b: Kommo-o|def|1
|
|-weather|SunnyDay|[upkeep]
|-heal|p1b: Kommo-o|34/100|[from] item: Leftovers
|upkeep
|
|t:|1785253825
|switch|p2b: Staraptor|Staraptor, L50, F|100/100
|-ability|p2b: Staraptor|Intimidate|boost
|-unboost|p1a: Charizard|atk|1
|-unboost|p1b: Kommo-o|atk|1
|turn|8
|inactive|babydimelavelda has 30 seconds left.
|
|t:|1785253860
|move|p2a: Excadrill|Protect|p2a: Excadrill
|-singleturn|p2a: Excadrill|Protect
|move|p2b: Staraptor|Tailwind|p2b: Staraptor
|-sidestart|p2: babydimelavelda|move: Tailwind
|move|p1a: Charizard|Heat Wave|p2a: Excadrill|[spread] p2b
|-activate|p2a: Excadrill|move: Protect
|-damage|p2b: Staraptor|10/100
|move|p1b: Kommo-o|Clangorous Soul|p1b: Kommo-o
|-boost|p1b: Kommo-o|atk|1
|-boost|p1b: Kommo-o|def|1
|-boost|p1b: Kommo-o|spa|1
|-boost|p1b: Kommo-o|spd|1
|-boost|p1b: Kommo-o|spe|1
|-damage|p1b: Kommo-o|1/100
|
|-weather|none
|-heal|p1b: Kommo-o|7/100|[from] item: Leftovers
|upkeep
|turn|9
|
|t:|1785253882
|move|p1b: Kommo-o|Protect|p1b: Kommo-o
|-singleturn|p1b: Kommo-o|Protect
|move|p2b: Staraptor|Close Combat|p1b: Kommo-o
|-activate|p1b: Kommo-o|move: Protect
|move|p2a: Excadrill|Rock Slide|p1a: Charizard|[spread] p1a
|-activate|p1b: Kommo-o|move: Protect
|-supereffective|p1a: Charizard|2
|-damage|p1a: Charizard|0 fnt
|faint|p1a: Charizard
|
|-heal|p1b: Kommo-o|13/100|[from] item: Leftovers
|upkeep
|
|t:|1785253890
|switch|p1a: Basculegion|Basculegion, L50, M|89/100
|turn|10
|inactive|babydimelavelda has 30 seconds left.
|
|t:|1785253922
|move|p1a: Basculegion|Aqua Jet|p2b: Staraptor
|-damage|p2b: Staraptor|0 fnt
|faint|p2b: Staraptor
|move|p2a: Excadrill|Rock Slide|p1a: Basculegion|[spread] p1b
|-miss|p2a: Excadrill|p1a: Basculegion
|-resisted|p1b: Kommo-o|1
|-damage|p1b: Kommo-o|3/100
|move|p1b: Kommo-o|Aura Sphere|p2a: Excadrill
|-supereffective|p2a: Excadrill|1
|-damage|p2a: Excadrill|0 fnt
|faint|p2a: Excadrill
|
|win|komsu
|l|☆babydimelavelda
|player|p2|
||babydimelavelda is ready for game 2.
||komsu is ready for game 2.
|uhtml|next|Next: Game 2 of 3
