|j|☆noexperiencesorry
|j|☆ineverfinishedOR
|html|noexperiencesorryineverfinishedOR    
|uhtml|bestof|Game 1 of a best-of-3
|t:|1756417056
|gametype|doubles
|player|p1|noexperiencesorry|170|1183
|player|p2|ineverfinishedOR|2|1284
|gen|9
|tier|[Gen 9] VGC 2025 Reg H (Bo3)
|rated|
|rule|Species Clause: Limit one of each Pokémon
|rule|Item Clause: Limit 1 of each item
|clearpoke
|poke|p1|Dragonite, L50, F|
|poke|p1|Ursaluna-Bloodmoon, L50, M|
|poke|p1|Annihilape, L50, F|
|poke|p1|Volcarona, L50, F|
|poke|p1|Rillaboom, L50, F|
|poke|p1|Incineroar, L50, M|
|poke|p2|Indeedee-F, L50, F|
|poke|p2|Delphox, L50, M|
|poke|p2|Sneasler, L50, F|
|poke|p2|Incineroar, L50, F|
|poke|p2|Murkrow, L50, F|
|poke|p2|Maushold, L50|
|teampreview|4
|showteam|p1|Dragonite||LoadedDice|Multiscale|Protect,ScaleShot,Tailwind,Haze|||F|||50|,,,,,Fairy]Ursaluna-Bloodmoon||FocusSash|MindsEye|Protect,BloodMoon,EarthPower,HyperVoice|||M|||50|,,,,,Normal]Annihilape||LumBerry|Defiant|Coaching,RageFist,CloseCombat,Taunt|||F|||50|,,,,,Fire]Volcarona||CovertCloak|FlameBody|Protect,QuiverDance,HeatWave,TeraBlast|||F|||50|,,,,,Fairy]Rillaboom||AssaultVest|GrassySurge|FakeOut,WoodHammer,GrassyGlide,HighHorsepower|||F|||50|,,,,,Fire]Incineroar||SafetyGoggles|Intimidate|FakeOut,PartingShot,FlareBlitz,KnockOff|||M|||50|,,,,,Ghost
|showteam|p2|Indeedee-F||RockyHelmet|PsychicSurge|FollowMe,HelpingHand,Imprison,TrickRoom|||F|||50|,,,,,Fairy]Delphox||LifeOrb|Blaze|Protect,NastyPlot,HeatWave,ExpandingForce|||M|||50|,,,,,Psychic]Sneasler||PsychicSeed|Unburden|Protect,CloseCombat,DireClaw,ThroatChop|||F|||50|,,,,,Dark]Incineroar||SafetyGoggles|Intimidate|FakeOut,WillOWisp,KnockOff,PartingShot|||F|||50|,,,,,Ghost]Murkrow||Eviolite|Prankster|FoulPlay,SunnyDay,Haze,Tailwind|||F|||50|,,,,,Ghost]Maushold||WideLens|Technician|Protect,PopulationBomb,Encore,Taunt||||||50|,,,,,Normal
|inactive|Battle timer is ON: inactive players will automatically lose when time's up. (requested by noexperiencesorry)
|inactive|ineverfinishedOR has 60 seconds left.
|
|t:|1756417132
|teamsize|p1|4
|teamsize|p2|4
|start
|switch|p1a: Incineroar|Incineroar, L50, M, shiny|100/100
|switch|p1b: Dragonite|Dragonite, L50, F, shiny|100/100
|switch|p2a: Incineroar|Incineroar, L50, F|100/100
|switch|p2b: Delphox|Delphox, L50, M|100/100
|-ability|p1a: Incineroar|Intimidate|boost
|-unboost|p2a: Incineroar|atk|1
|-unboost|p2b: Delphox|atk|1
|-ability|p2a: Incineroar|Intimidate|boost
|-unboost|p1a: Incineroar|atk|1
|-unboost|p1b: Dragonite|atk|1
|turn|1
|inactive|noexperiencesorry has 30 seconds left.
|inactive|noexperiencesorry has 20 seconds left.
|inactive|noexperiencesorry has 15 seconds left.
|inactive|noexperiencesorry has 10 seconds left.
|
|t:|1756417182
|-terastallize|p1a: Incineroar|Ghost
|move|p2b: Delphox|Protect|p2b: Delphox
|-singleturn|p2b: Delphox|Protect
|move|p1b: Dragonite|Protect|p1b: Dragonite
|-singleturn|p1b: Dragonite|Protect
|move|p1a: Incineroar|Knock Off|p2b: Delphox
|-activate|p2b: Delphox|move: Protect
|move|p2a: Incineroar|Knock Off|p1b: Dragonite
|-activate|p1b: Dragonite|move: Protect
|
|upkeep
|turn|2
|
|t:|1756417200
|switch|p2b: Indeedee|Indeedee-F, L50, F|100/100
|-fieldstart|move: Psychic Terrain|[from] ability: Psychic Surge|[of] p2b: Indeedee
|move|p1b: Dragonite|Tailwind|p1b: Dragonite
|-sidestart|p1: noexperiencesorry|move: Tailwind
|move|p1a: Incineroar|Knock Off|p2b: Indeedee
|-supereffective|p2b: Indeedee
|-damage|p2b: Indeedee|53/100
|-damage|p1a: Incineroar|84/100|[from] item: Rocky Helmet|[of] p2b: Indeedee
|-enditem|p2b: Indeedee|Rocky Helmet|[from] move: Knock Off|[of] p1a: Incineroar
|move|p2a: Incineroar|Knock Off|p1b: Dragonite
|-damage|p1b: Dragonite|87/100
|-enditem|p1b: Dragonite|Loaded Dice|[from] move: Knock Off|[of] p2a: Incineroar
|
|upkeep
|turn|3
|inactive|ineverfinishedOR has 30 seconds left.
|
|t:|1756417233
|move|p2b: Indeedee|Helping Hand|p2a: Incineroar
|-singleturn|p2a: Incineroar|Helping Hand|[of] p2b: Indeedee
|move|p1b: Dragonite|Scale Shot|p2b: Indeedee
|-damage|p2b: Indeedee|44/100
|-damage|p2b: Indeedee|34/100
|-damage|p2b: Indeedee|24/100
|-hitcount|p2b: Indeedee|3
|-unboost|p1b: Dragonite|def|1
|-boost|p1b: Dragonite|spe|1
|move|p1a: Incineroar|Knock Off|p2b: Indeedee
|-supereffective|p2b: Indeedee
|-damage|p2b: Indeedee|0 fnt
|faint|p2b: Indeedee
|move|p2a: Incineroar|Knock Off|p1a: Incineroar
|-supereffective|p1a: Incineroar
|-damage|p1a: Incineroar|9/100
|-enditem|p1a: Incineroar|Safety Goggles|[from] move: Knock Off|[of] p2a: Incineroar
|
|upkeep
|
|t:|1756417252
|switch|p2b: Sneasler|Sneasler, L50, F|100/100
|-enditem|p2b: Sneasler|Psychic Seed
|-boost|p2b: Sneasler|spd|1|[from] item: Psychic Seed
|turn|4
|
|t:|1756417259
|switch|p1a: Rillaboom|Rillaboom, L50, F, shiny|100/100
|-fieldstart|move: Grassy Terrain|[from] ability: Grassy Surge|[of] p1a: Rillaboom
|move|p1b: Dragonite|Protect|p1b: Dragonite
|-singleturn|p1b: Dragonite|Protect
|move|p2b: Sneasler|Protect|p2b: Sneasler
|-singleturn|p2b: Sneasler|Protect
|move|p2a: Incineroar|Parting Shot|p1b: Dragonite
|-activate|p1b: Dragonite|move: Protect
|
|upkeep
|turn|5
|inactive|ineverfinishedOR has 30 seconds left.
|
|t:|1756417298
|switch|p1b: Incineroar|Incineroar, L50, M, shiny, tera:Ghost|9/100
|-ability|p1b: Incineroar|Intimidate|boost
|-unboost|p2a: Incineroar|atk|1
|-unboost|p2b: Sneasler|atk|1
|-terastallize|p2a: Incineroar|Ghost
|move|p2b: Sneasler|Dire Claw|p1a: Rillaboom
|-supereffective|p1a: Rillaboom
|-damage|p1a: Rillaboom|43/100
|move|p1a: Rillaboom|High Horsepower|p2b: Sneasler|[miss]
|-miss|p1a: Rillaboom|p2b: Sneasler
|move|p2a: Incineroar|Parting Shot|p1b: Incineroar
|-unboost|p1b: Incineroar|atk|1
|-unboost|p1b: Incineroar|spa|1
|
|t:|1756417312
|switch|p2a: Delphox|Delphox, L50, M|100/100|[from] Parting Shot
|
|-heal|p1a: Rillaboom|49/100|[from] Grassy Terrain
|-heal|p1b: Incineroar|15/100|[from] Grassy Terrain
|-sideend|p1: noexperiencesorry|move: Tailwind
|upkeep
|turn|6
|
|t:|1756417323
|switch|p2a: Incineroar|Incineroar, L50, F, tera:Ghost|100/100
|-ability|p2a: Incineroar|Intimidate|boost
|-unboost|p1a: Rillaboom|atk|1
|-unboost|p1b: Incineroar|atk|1
|switch|p1b: Dragonite|Dragonite, L50, F, shiny|87/100
|move|p2b: Sneasler|Protect|p2b: Sneasler
|-singleturn|p2b: Sneasler|Protect
|move|p1a: Rillaboom|Fake Out||[still]
|-hint|Fake Out only works on your first turn out.
|-fail|p1a: Rillaboom
|
|-heal|p1a: Rillaboom|55/100|[from] Grassy Terrain
|upkeep
|turn|7
|
|t:|1756417342
|switch|p1a: Incineroar|Incineroar, L50, M, shiny, tera:Ghost|15/100
|-ability|p1a: Incineroar|Intimidate|boost
|-unboost|p2a: Incineroar|atk|1
|-unboost|p2b: Sneasler|atk|1
|move|p1b: Dragonite|Protect|p1b: Dragonite
|-singleturn|p1b: Dragonite|Protect
|move|p2a: Incineroar|Fake Out|p1b: Dragonite
|-activate|p1b: Dragonite|move: Protect
|move|p2b: Sneasler|Dire Claw|p1a: Incineroar
|-resisted|p1a: Incineroar
|-damage|p1a: Incineroar|4/100
|-status|p1a: Incineroar|par
|
|-heal|p1a: Incineroar|10/100 par|[from] Grassy Terrain
|upkeep
|turn|8
|
|t:|1756417359
|move|p2b: Sneasler|Protect|p2b: Sneasler
|-singleturn|p2b: Sneasler|Protect
|move|p1b: Dragonite|Scale Shot|p2a: Incineroar|[miss]
|-miss|p1b: Dragonite|p2a: Incineroar
|move|p2a: Incineroar|Will-O-Wisp|p1b: Dragonite
|-status|p1b: Dragonite|brn
|move|p1a: Incineroar|Knock Off|p2a: Incineroar
|-supereffective|p2a: Incineroar
|-damage|p2a: Incineroar|43/100
|-enditem|p2a: Incineroar|Safety Goggles|[from] move: Knock Off|[of] p1a: Incineroar
|
|-heal|p2a: Incineroar|49/100|[from] Grassy Terrain
|-heal|p1a: Incineroar|16/100 par|[from] Grassy Terrain
|-damage|p1b: Dragonite|81/100 brn|[from] brn
|-fieldend|move: Grassy Terrain
|upkeep
|turn|9
|
|t:|1756417379
|move|p2b: Sneasler|Throat Chop|p1a: Incineroar
|-supereffective|p1a: Incineroar
|-damage|p1a: Incineroar|0 fnt
|faint|p1a: Incineroar
|move|p1b: Dragonite|Tailwind|p1b: Dragonite
|-sidestart|p1: noexperiencesorry|move: Tailwind
|move|p2a: Incineroar|Parting Shot|p1b: Dragonite
|-unboost|p1b: Dragonite|atk|1
|-unboost|p1b: Dragonite|spa|1
|
|t:|1756417383
|switch|p2a: Delphox|Delphox, L50, M|100/100|[from] Parting Shot
|
|-damage|p1b: Dragonite|75/100 brn|[from] brn
|upkeep
|
|t:|1756417391
|switch|p1a: Ursaluna|Ursaluna-Bloodmoon, L50, M|100/100
|turn|10
|inactive|ineverfinishedOR has 30 seconds left.
|inactive|ineverfinishedOR has 20 seconds left.
|inactive|ineverfinishedOR has 15 seconds left.
|
|t:|1756417431
|move|p2a: Delphox|Protect|p2a: Delphox
|-singleturn|p2a: Delphox|Protect
|move|p2b: Sneasler|Close Combat|p1a: Ursaluna
|-supereffective|p1a: Ursaluna
|-damage|p1a: Ursaluna|47/100
|-unboost|p2b: Sneasler|def|1
|-unboost|p2b: Sneasler|spd|1
|move|p1b: Dragonite|Scale Shot|p2a: Delphox
|-activate|p2a: Delphox|move: Protect
|move|p1a: Ursaluna|Earth Power|p2a: Delphox
|-activate|p2a: Delphox|move: Protect
|
|-damage|p1b: Dragonite|69/100 brn|[from] brn
|upkeep
|turn|11
|inactive|ineverfinishedOR has 30 seconds left.
|
|t:|1756417463
|switch|p1a: Rillaboom|Rillaboom, L50, F, shiny|55/100
|-fieldstart|move: Grassy Terrain|[from] ability: Grassy Surge|[of] p1a: Rillaboom
|move|p2b: Sneasler|Close Combat|p1a: Rillaboom
|-damage|p1a: Rillaboom|23/100
|-unboost|p2b: Sneasler|def|1
|-unboost|p2b: Sneasler|spd|1
|move|p1b: Dragonite|Scale Shot|p2b: Sneasler
|-damage|p2b: Sneasler|84/100
|-damage|p2b: Sneasler|67/100
|-damage|p2b: Sneasler|51/100
|-hitcount|p2b: Sneasler|3
|-unboost|p1b: Dragonite|def|1
|-boost|p1b: Dragonite|spe|1
|move|p2a: Delphox|Expanding Force|p1b: Dragonite
|-damage|p1b: Dragonite|18/100 brn
|-damage|p2a: Delphox|90/100|[from] item: Life Orb
|
|-heal|p2b: Sneasler|57/100|[from] Grassy Terrain
|-heal|p1a: Rillaboom|29/100|[from] Grassy Terrain
|-heal|p2a: Delphox|96/100|[from] Grassy Terrain
|-damage|p1b: Dragonite|12/100 brn|[from] brn
|upkeep
|turn|12
|inactive|noexperiencesorry has 30 seconds left.
|inactive|ineverfinishedOR has 30 seconds left.
|
|t:|1756417496
|move|p2b: Sneasler|Protect|p2b: Sneasler
|-singleturn|p2b: Sneasler|Protect
|move|p2a: Delphox|Protect|p2a: Delphox
|-singleturn|p2a: Delphox|Protect
|move|p1a: Rillaboom|Fake Out|p2a: Delphox
|-activate|p2a: Delphox|move: Protect
|move|p1b: Dragonite|Scale Shot|p1a: Rillaboom
|-damage|p1a: Rillaboom|24/100
|-damage|p1a: Rillaboom|19/100
|-damage|p1a: Rillaboom|14/100
|-damage|p1a: Rillaboom|9/100
|-hitcount|p1a: Rillaboom|4
|-unboost|p1b: Dragonite|def|1
|-boost|p1b: Dragonite|spe|1
|
|-heal|p2b: Sneasler|63/100|[from] Grassy Terrain
|-heal|p1a: Rillaboom|15/100|[from] Grassy Terrain
|-heal|p2a: Delphox|100/100|[from] Grassy Terrain
|-damage|p1b: Dragonite|6/100 brn|[from] brn
|-sideend|p1: noexperiencesorry|move: Tailwind
|upkeep
|turn|13
|
|t:|1756417519
|move|p1a: Rillaboom|Grassy Glide|p2b: Sneasler
|-resisted|p2b: Sneasler
|-damage|p2b: Sneasler|3/100
|move|p2b: Sneasler|Dire Claw|p1b: Dragonite
|-damage|p1b: Dragonite|0 fnt
|faint|p1b: Dragonite
|move|p2a: Delphox|Expanding Force|p1a: Rillaboom
|-damage|p1a: Rillaboom|0 fnt
|faint|p1a: Rillaboom
|-damage|p2a: Delphox|90/100|[from] item: Life Orb
|
|-heal|p2b: Sneasler|9/100|[from] Grassy Terrain
|-heal|p2a: Delphox|96/100|[from] Grassy Terrain
|upkeep
|
|t:|1756417526
|switch|p1b: Ursaluna|Ursaluna-Bloodmoon, L50, M|47/100
|turn|14
|
|t:|1756417531
|move|p2b: Sneasler|Close Combat|p1b: Ursaluna
|-supereffective|p1b: Ursaluna
|-damage|p1b: Ursaluna|0 fnt
|-unboost|p2b: Sneasler|def|1
|-unboost|p2b: Sneasler|spd|1
|faint|p1b: Ursaluna
|
|win|ineverfinishedOR
||noexperiencesorry is ready for game 2.
||ineverfinishedOR is ready for game 2.
|uhtml|next|Next: Game 2 of 3
|l|☆ineverfinishedOR
|player|p2|
|j|☆ineverfinishedOR
|player|p2|ineverfinishedOR|2|
|l|☆noexperiencesorry
|player|p1|
