|j|☆lalalaing
|j|☆Gozante
|html|lalalaingGozante    
|uhtml|bestof|Game 2 of a best-of-3
|t:|1785268617
|gametype|doubles
|player|p1|lalalaing|chili|1475
|player|p2|Gozante|169|1411
|gen|9
|tier|[Gen 9 Champions] VGC 2026 Reg M-B (Bo3)
|rated|
|rule|Species Clause: Limit one of each Pokémon
|rule|Item Clause: Limit 1 of each item
|clearpoke
|poke|p1|Delphox, L50, F|
|poke|p1|Staraptor, L50, M|
|poke|p1|Sneasler, L50, F|
|poke|p1|Kingambit, L50, M|
|poke|p1|Garchomp, L50, M|
|poke|p1|Whimsicott, L50, F|
|poke|p2|Floette-Eternal, L50, F|
|poke|p2|Delphox, L50, F|
|poke|p2|Sneasler, L50, M|
|poke|p2|Incineroar, L50, F|
|poke|p2|Kingambit, L50, M|
|poke|p2|Sinistcha, L50|
|teampreview|4
|showteam|p1|Delphox||Delphoxite|Blaze|HeatWave,Psyshock,NastyPlot,Protect|Timid||F|||50|]Staraptor||Staraptite|Intimidate|CloseCombat,BraveBird,Roost,Protect|Jolly||M|||50|]Sneasler||FocusSash|PoisonTouch|DireClaw,CloseCombat,FakeOut,QuickGuard|Adamant||F|||50|]Kingambit||BlackGlasses|Defiant|KowtowCleave,SuckerPunch,SwordsDance,Protect|Adamant||M|||50|]Garchomp||LifeOrb|RoughSkin|DragonClaw,Earthquake,RockSlide,Protect|Jolly||M|||50|]Whimsicott||OccaBerry|Prankster|Moonblast,Tailwind,Encore,Charm|Timid||F|||50|
|showteam|p2|Floette-Eternal||Floettite|FlowerVeil|Protect,CalmMind,DazzlingGleam,Moonblast|Modest||F|||50|]Delphox||Delphoxite|Blaze|Protect,NastyPlot,Psychic,HeatWave|Modest||F|||50|]Sneasler||FocusSash|PoisonTouch|FakeOut,PoisonJab,CloseCombat,RockTomb|Jolly||M|||50|]Incineroar||SitrusBerry|Intimidate|FakeOut,ThroatChop,PartingShot,FlareBlitz|Impish||F|||50|]Kingambit||LifeOrb|Defiant|Protect,SwordsDance,SuckerPunch,KowtowCleave|Adamant||M|||50|]Sinistcha||ColburBerry|Hospitality|Protect,TrickRoom,RagePowder,MatchaGotcha|Bold|||||50|
|
|t:|1785268629
|teamsize|p1|4
|teamsize|p2|4
|start
|switch|p1a: Delphox|Delphox, L50, F|100/100
|switch|p1b: Sneasler|Sneasler, L50, F|100/100
|switch|p2a: Sneasler|Sneasler, L50, M|100/100
|switch|p2b: Delphox|Delphox, L50, F|100/100
|turn|1
|
|t:|1785268641
|detailschange|p1a: Delphox|Delphox-Mega, L50, F
|-mega|p1a: Delphox|Delphox|Delphoxite
|detailschange|p2b: Delphox|Delphox-Mega, L50, F
|-mega|p2b: Delphox|Delphox|Delphoxite
|move|p1b: Sneasler|Fake Out|p2a: Sneasler
|-damage|p2a: Sneasler|71/100
|move|p1a: Delphox|Nasty Plot|p1a: Delphox
|-boost|p1a: Delphox|spa|2
|cant|p2a: Sneasler|flinch
|move|p2b: Delphox|Heat Wave|p1b: Sneasler|[spread] p1a,p1b
|-resisted|p1a: Delphox|1
|-damage|p1a: Delphox|79/100
|-damage|p1b: Sneasler|41/100
|
|upkeep
|turn|2
|
|t:|1785268654
|switch|p2a: Incineroar|Incineroar, L50, F|100/100
|-ability|p2a: Incineroar|Intimidate|boost
|-unboost|p1a: Delphox|atk|1
|-unboost|p1b: Sneasler|atk|1
|move|p2b: Delphox|Protect|p2b: Delphox
|-singleturn|p2b: Delphox|Protect
|move|p1a: Delphox|Heat Wave|p2a: Incineroar|[spread] p2a
|-activate|p2b: Delphox|move: Protect
|-resisted|p2a: Incineroar|1
|-damage|p2a: Incineroar|62/100
|move|p1b: Sneasler|Dire Claw|p2b: Delphox
|-activate|p2b: Delphox|move: Protect
|
|upkeep
|turn|3
|
|t:|1785268675
|switch|p2b: Sinistcha|Sinistcha, L50|100/100
|-heal|p2a: Incineroar|87/100|[from] ability: Hospitality|[of] p2b: Sinistcha
|move|p1a: Delphox|Heat Wave|p2a: Incineroar|[spread] p2a
|-miss|p1a: Delphox|p2b: Sinistcha
|-resisted|p2a: Incineroar|1
|-damage|p2a: Incineroar|47/100
|-enditem|p2a: Incineroar|Sitrus Berry|[eat]
|-heal|p2a: Incineroar|72/100|[from] item: Sitrus Berry
|move|p1b: Sneasler|Close Combat|p2a: Incineroar
|-supereffective|p2a: Incineroar|1
|-damage|p2a: Incineroar|0 fnt
|-unboost|p1b: Sneasler|def|1
|-unboost|p1b: Sneasler|spd|1
|faint|p2a: Incineroar
|
|upkeep
|l|☆Gozante
|player|p2|
|inactive|Battle timer is ON: inactive players will automatically lose when time's up. (requested by lalalaing)
|j|☆Gozante
|inactive|Gozante reconnected and has 85 seconds left.
|player|p2|Gozante|169|
|
|t:|1785268714
|switch|p2a: Sneasler|Sneasler, L50, M|71/100
|turn|4
|
|t:|1785268717
|switch|p1b: Garchomp|Garchomp, L50, M|100/100
|move|p2a: Sneasler|Fake Out|p1a: Delphox
|-damage|p1a: Delphox|62/100
|cant|p1a: Delphox|flinch
|move|p2b: Sinistcha|Trick Room|p2b: Sinistcha
|-fieldstart|move: Trick Room|[of] p2b: Sinistcha
|
|upkeep
|turn|5
|
|t:|1785268726
|switch|p2a: Delphox|Delphox-Mega, L50, F|100/100
|move|p2b: Sinistcha|Matcha Gotcha|p1b: Garchomp|[spread] p1a
|-miss|p2b: Sinistcha|p1b: Garchomp
|-resisted|p1a: Delphox|1
|-damage|p1a: Delphox|50/100g
|move|p1b: Garchomp|Earthquake|p2b: Sinistcha|[spread] p2b
|-immune|p1a: Delphox|[from] ability: Levitate
|-immune|p2a: Delphox|[from] ability: Levitate
|-resisted|p2b: Sinistcha|1
|-damage|p2b: Sinistcha|80/100
|-damage|p1b: Garchomp|90/100|[from] item: Life Orb
|move|p1a: Delphox|Heat Wave|p2b: Sinistcha|[spread] p2a,p2b
|-resisted|p2a: Delphox|1
|-supereffective|p2b: Sinistcha|1
|-crit|p2b: Sinistcha
|-damage|p2a: Delphox|67/100
|-damage|p2b: Sinistcha|0 fnt
|faint|p2b: Sinistcha
|
|upkeep
|
|t:|1785268731
|switch|p2b: Sneasler|Sneasler, L50, M|71/100
|turn|6
|
|t:|1785268743
|move|p2b: Sneasler|Fake Out|p1a: Delphox
|-damage|p1a: Delphox|33/100
|move|p1b: Garchomp|Rock Slide|p2b: Sneasler|[spread] p2a,p2b
|-supereffective|p2a: Delphox|1
|-resisted|p2b: Sneasler|1
|-damage|p2a: Delphox|10/100
|-damage|p2b: Sneasler|51/100
|-damage|p1b: Garchomp|80/100|[from] item: Life Orb
|move|p2a: Delphox|Nasty Plot|p2a: Delphox
|-boost|p2a: Delphox|spa|2
|cant|p1a: Delphox|flinch
|
|upkeep
|turn|7
|-message|Gozante forfeited.
|
|win|lalalaing
|raw|lalalaing's rating: 1475 → 1491(+16 for winning)
|raw|Gozante's rating: 1411 → 1395(-16 for losing)
