|j|ŌśåManuButtowski
|j|ŌśåAN555GEL
|html|ManuButtowskiAN555GEL    
|uhtml|bestof|Game 2 of a best-of-3
|t:|1756809071
|gametype|doubles
|player|p1|ManuButtowski|marshal|
|player|p2|AN555GEL|102|
|gen|9
|tier|[Gen 9] VGC 2025 Reg H (Bo3)
|rule|Species Clause: Limit one of each Pok├®mon
|rule|Item Clause: Limit 1 of each item
|clearpoke
|poke|p1|Incineroar, L50, M|
|poke|p1|Amoonguss, L50, F|
|poke|p1|Ursaluna-Bloodmoon, L50, M|
|poke|p1|Sneasler, L50, F|
|poke|p1|Gholdengo, L50|
|poke|p1|Dragonite, L50, F|
|poke|p2|Dragonite, L50, M|
|poke|p2|Ursaluna, L50, M|
|poke|p2|Archaludon, L50, M|
|poke|p2|Sinistcha-Masterpiece, L50|
|poke|p2|Pelipper, L50, M|
|poke|p2|Gholdengo, L50|
|teampreview|4
|showteam|p1|Incineroar||SafetyGoggles|Intimidate|FlareBlitz,KnockOff,PartingShot,FakeOut|||M|||50|,,,,,Ghost]Amoonguss||SitrusBerry|Regenerator|Spore,RagePowder,PollenPuff,Protect|||F|||50|,,,,,Psychic]Ursaluna-Bloodmoon||AssaultVest|MindsEye|HyperVoice,BloodMoon,EarthPower,VacuumWave|||M|||50|,,,,,Water]Sneasler||FocusSash|Unburden|CloseCombat,DireClaw,ThroatChop,Protect|||F|||50|,,,,,Stellar]Gholdengo||LifeOrb|GoodasGold|MakeItRain,ShadowBall,NastyPlot,Protect||||||50|,,,,,Water]Dragonite||LoadedDice|Multiscale|ScaleShot,Tailwind,Haze,Protect|||F|||50|,,,,,Fairy
|showteam|p2|Dragonite||LoadedDice|Multiscale|ScaleShot,Protect,Tailwind,Haze|||M|||50|,,,,,Fairy]Ursaluna||FlameOrb|Guts|Facade,HeadlongRush,Earthquake,Protect|||M|||50|,,,,,Ghost]Archaludon||AssaultVest|Stamina|BodyPress,Snarl,ElectroShot,FlashCannon|||M|||50|,,,,,Fighting]Sinistcha-Masterpiece||SitrusBerry|Hospitality|MatchaGotcha,RagePowder,TrickRoom,LifeDew||||||50|,,,,,Dark]Pelipper||FocusSash|Drizzle|MuddyWater,Hurricane,Tailwind,Protect|||M|||50|,,,,,Ghost]Gholdengo||ChoiceScarf|GoodasGold|MakeItRain,TeraBlast,ShadowBall,Trick||||||50|,,,,,Water
|c|ŌśåManuButtowski|con vacuum wave no te mataba
|c|ŌśåAN555GEL|pero al menos el rol
|c|ŌśåAN555GEL|y romper la sash
|c|ŌśåManuButtowski|quito 10% maximo
|c|ŌśåManuButtowski|si pero sneasler te quita 50% max al pelipper
|c|ŌśåAN555GEL|poco peg├│n ese sneasler
|c|ŌśåManuButtowski|dependia de eso o de que fallases el muddy water
|
|t:|1756809163
|teamsize|p1|4
|teamsize|p2|4
|start
|switch|p1a: Ursaluna|Ursaluna-Bloodmoon, L50, M|100/100
|switch|p1b: Dragonite|Dragonite, L50, F|100/100
|switch|p2a: Pelipper|Pelipper, L50, M, shiny|100/100
|switch|p2b: Archaludon|Archaludon, L50, M|100/100
|-weather|RainDance|[from] ability: Drizzle|[of] p2a: Pelipper
|turn|1
|
|t:|1756809214
|move|p1b: Dragonite|Scale Shot|p2a: Pelipper
|-damage|p2a: Pelipper|80/100
|-damage|p2a: Pelipper|62/100
|-damage|p2a: Pelipper|41/100
|-damage|p2a: Pelipper|21/100
|-hitcount|p2a: Pelipper|4
|-unboost|p1b: Dragonite|def|1
|-boost|p1b: Dragonite|spe|1
|move|p2a: Pelipper|Muddy Water|p1b: Dragonite|[spread] p1a
|-miss|p2a: Pelipper|p1b: Dragonite
|-supereffective|p1a: Ursaluna
|-crit|p1a: Ursaluna
|-damage|p1a: Ursaluna|5/100
|move|p2b: Archaludon|Electro Shot||[still]
|-prepare|p2b: Archaludon|Electro Shot
|-boost|p2b: Archaludon|spa|1
|-anim|p2b: Archaludon|Electro Shot|p1b: Dragonite
|-damage|p1b: Dragonite|72/100
|move|p1a: Ursaluna|Hyper Voice|p2a: Pelipper|[spread] p2a,p2b
|-resisted|p2b: Archaludon
|-damage|p2a: Pelipper|0 fnt
|-damage|p2b: Archaludon|87/100
|-ability|p2b: Archaludon|Stamina|boost
|-boost|p2b: Archaludon|def|1
|faint|p2a: Pelipper
|
|-weather|RainDance|[upkeep]
|upkeep
|c|ŌśåAN555GEL|madre de dios falla como una escopeta de feria
|
|t:|1756809238
|switch|p2a: Sinistcha|Sinistcha-Masterpiece, L50|100/100
|-heal|p2b: Archaludon|100/100|[from] ability: Hospitality|[of] p2a: Sinistcha
|turn|2
|
|t:|1756809292
|switch|p1a: Incineroar|Incineroar, L50, M|100/100
|-ability|p1a: Incineroar|Intimidate|boost
|-unboost|p2a: Sinistcha|atk|1
|-unboost|p2b: Archaludon|atk|1
|move|p1b: Dragonite|Protect|p1b: Dragonite
|-singleturn|p1b: Dragonite|Protect
|move|p2b: Archaludon|Body Press|p1a: Incineroar
|-supereffective|p1a: Incineroar
|-damage|p1a: Incineroar|25/100
|move|p2a: Sinistcha|Trick Room|p2a: Sinistcha
|-fieldstart|move: Trick Room|[of] p2a: Sinistcha
|
|-weather|RainDance|[upkeep]
|upkeep
|turn|3
|
|t:|1756809309
|switch|p2a: Ursaluna|Ursaluna, L50, M, shiny|100/100
|move|p1a: Incineroar|Fake Out|p2b: Archaludon
|-resisted|p2b: Archaludon
|-damage|p2b: Archaludon|98/100
|-ability|p2b: Archaludon|Stamina|boost
|-boost|p2b: Archaludon|def|1
|cant|p2b: Archaludon|flinch
|move|p1b: Dragonite|Scale Shot|p2a: Ursaluna
|-damage|p2a: Ursaluna|88/100
|-damage|p2a: Ursaluna|76/100
|-damage|p2a: Ursaluna|63/100
|-damage|p2a: Ursaluna|51/100
|-hitcount|p2a: Ursaluna|4
|-unboost|p1b: Dragonite|def|1
|-boost|p1b: Dragonite|spe|1
|
|-weather|RainDance|[upkeep]
|-status|p2a: Ursaluna|brn|[from] item: Flame Orb
|upkeep
|turn|4
|
|t:|1756809369
|-terastallize|p1a: Incineroar|Ghost
|move|p1b: Dragonite|Protect|p1b: Dragonite
|-singleturn|p1b: Dragonite|Protect
|move|p1a: Incineroar|Knock Off|p2a: Ursaluna
|-damage|p2a: Ursaluna|17/100 brn
|-enditem|p2a: Ursaluna|Flame Orb|[from] move: Knock Off|[of] p1a: Incineroar
|move|p2a: Ursaluna|Facade|p1b: Dragonite
|-activate|p1b: Dragonite|move: Protect
|move|p2b: Archaludon|Body Press|p1a: Incineroar
|-immune|p1a: Incineroar
|
|-weather|RainDance|[upkeep]
|-damage|p2a: Ursaluna|11/100 brn|[from] brn
|upkeep
|turn|5
|
|t:|1756809409
|switch|p1b: Sneasler|Sneasler, L50, F|100/100
|move|p1a: Incineroar|Flare Blitz|p2a: Ursaluna
|-damage|p2a: Ursaluna|0 fnt
|faint|p2a: Ursaluna
|-damage|p1a: Incineroar|22/100|[from] Recoil
|move|p2b: Archaludon|Flash Cannon|p1a: Incineroar
|-damage|p1a: Incineroar|0 fnt
|faint|p1a: Incineroar
|
|-weather|none
|upkeep
|
|t:|1756809420
|switch|p1a: Dragonite|Dragonite, L50, F|72/100
|switch|p2a: Sinistcha|Sinistcha-Masterpiece, L50|100/100
|-heal|p2b: Archaludon|100/100|[from] ability: Hospitality|[of] p2a: Sinistcha
|turn|6
|c|ŌśåAN555GEL|en rain
|c|ŌśåManuButtowski|que pasa
|
|t:|1756809452
|move|p1a: Dragonite|Protect|p1a: Dragonite
|-singleturn|p1a: Dragonite|Protect
|move|p1b: Sneasler|Protect|p1b: Sneasler
|-singleturn|p1b: Sneasler|Protect
|move|p2a: Sinistcha|Matcha Gotcha|p1a: Dragonite|[spread] 
|-activate|p1a: Dragonite|move: Protect
|-activate|p1b: Sneasler|move: Protect
|move|p2b: Archaludon|Flash Cannon|p1b: Sneasler
|-activate|p1b: Sneasler|move: Protect
|
|-fieldend|move: Trick Room
|upkeep
|turn|7
|c|ŌśåAN555GEL|no me esperaba tanto da├▒o ajsjsajas
|c|ŌśåAN555GEL|estoy esquizo
|
|t:|1756809512
|-terastallize|p2b: Archaludon|Fighting
|move|p1b: Sneasler|Close Combat|p2b: Archaludon
|-damage|p2b: Archaludon|79/100
|-unboost|p1b: Sneasler|def|1
|-unboost|p1b: Sneasler|spd|1
|-ability|p2b: Archaludon|Stamina|boost
|-boost|p2b: Archaludon|def|1
|move|p1a: Dragonite|Haze|p1a: Dragonite
|-clearallboost
|move|p2b: Archaludon|Flash Cannon|p1b: Sneasler
|-damage|p1b: Sneasler|54/100
|move|p2a: Sinistcha|Trick Room|p2a: Sinistcha
|-fieldstart|move: Trick Room|[of] p2a: Sinistcha
|
|upkeep
|turn|8
|c|ŌśåManuButtowski|trtolleada
|
|t:|1756809591
|move|p1b: Sneasler|Protect|p1b: Sneasler
|-singleturn|p1b: Sneasler|Protect
|move|p2a: Sinistcha|Life Dew||[still]|[spread] p2a,p2b
|-fail|p2a: Sinistcha|heal
|-heal|p2b: Archaludon|100/100
|move|p2b: Archaludon|Electro Shot||[still]
|-prepare|p2b: Archaludon|Electro Shot
|-boost|p2b: Archaludon|spa|1
|move|p1a: Dragonite|Scale Shot|p2a: Sinistcha
|-damage|p2a: Sinistcha|88/100
|-damage|p2a: Sinistcha|75/100
|-damage|p2a: Sinistcha|63/100
|-damage|p2a: Sinistcha|49/100
|-enditem|p2a: Sinistcha|Sitrus Berry|[eat]
|-heal|p2a: Sinistcha|74/100|[from] item: Sitrus Berry
|-hitcount|p2a: Sinistcha|4
|-unboost|p1a: Dragonite|def|1
|-boost|p1a: Dragonite|spe|1
|
|upkeep
|turn|9
|
|t:|1756809618
|move|p1b: Sneasler|Protect||[still]
|-fail|p1b: Sneasler
|move|p1a: Dragonite|Protect|p1a: Dragonite
|-singleturn|p1a: Dragonite|Protect
|move|p2a: Sinistcha|Matcha Gotcha|p1a: Dragonite|[spread] p1b
|-activate|p1a: Dragonite|move: Protect
|-resisted|p1b: Sneasler
|-damage|p1b: Sneasler|39/100
|-heal|p2a: Sinistcha|80/100|[from] drain|[of] p1b: Sneasler
|move|p2b: Archaludon|Electro Shot|p1b: Sneasler|[from] lockedmove
|-damage|p1b: Sneasler|0 fnt
|faint|p1b: Sneasler
|
|upkeep
|
|t:|1756809632
|switch|p1b: Ursaluna|Ursaluna-Bloodmoon, L50, M|5/100
|turn|10
|
|t:|1756809671
|move|p1b: Ursaluna|Blood Moon|p2b: Archaludon
|-damage|p2b: Archaludon|47/100
|-ability|p2b: Archaludon|Stamina|boost
|-boost|p2b: Archaludon|def|1
|move|p2a: Sinistcha|Life Dew|p2a: Sinistcha|[spread] p2a,p2b
|-heal|p2a: Sinistcha|100/100
|-heal|p2b: Archaludon|72/100
|move|p2b: Archaludon|Body Press|p1b: Ursaluna
|-supereffective|p1b: Ursaluna
|-damage|p1b: Ursaluna|0 fnt
|faint|p1b: Ursaluna
|move|p1a: Dragonite|Scale Shot|p2b: Archaludon
|-damage|p2b: Archaludon|64/100
|-ability|p2b: Archaludon|Stamina|boost
|-boost|p2b: Archaludon|def|1
|-damage|p2b: Archaludon|59/100
|-ability|p2b: Archaludon|Stamina|boost
|-boost|p2b: Archaludon|def|1
|-damage|p2b: Archaludon|55/100
|-ability|p2b: Archaludon|Stamina|boost
|-boost|p2b: Archaludon|def|1
|-damage|p2b: Archaludon|51/100
|-ability|p2b: Archaludon|Stamina|boost
|-boost|p2b: Archaludon|def|1
|-hitcount|p2b: Archaludon|4
|-unboost|p1a: Dragonite|def|1
|-boost|p1a: Dragonite|spe|1
|
|upkeep
|turn|11
|
|t:|1756809695
|move|p1a: Dragonite|Protect|p1a: Dragonite
|-singleturn|p1a: Dragonite|Protect
|move|p2a: Sinistcha|Life Dew||[still]|[spread] p2a,p2b
|-fail|p2a: Sinistcha|heal
|-heal|p2b: Archaludon|76/100
|move|p2b: Archaludon|Electro Shot||[still]
|-prepare|p2b: Archaludon|Electro Shot
|-boost|p2b: Archaludon|spa|1
|
|-fieldend|move: Trick Room
|upkeep
|turn|12
|
|t:|1756809704
|move|p1a: Dragonite|Haze|p1a: Dragonite
|-clearallboost
|move|p2b: Archaludon|Electro Shot|p1a: Dragonite|[from] lockedmove
|-damage|p1a: Dragonite|31/100
|move|p2a: Sinistcha|Trick Room|p2a: Sinistcha
|-fieldstart|move: Trick Room|[of] p2a: Sinistcha
|
|upkeep
|turn|13
|c|ŌśåAN555GEL|gg
|c|ŌśåManuButtowski|gg
|-message|ManuButtowski forfeited.
|
|win|AN555GEL
|l|ŌśåManuButtowski
|player|p1|
||ManuButtowski is ready for game 3.
||AN555GEL is ready for game 3.
|uhtml|next|Next: Game 3 of 3
