|j|☆dambro222
|j|☆chi-yu of china
|html|dambro222chi-yu of china    
|uhtml|bestof|Game 1 of a best-of-3
|t:|1757062171
|gametype|doubles
|player|p1|dambro222|ethan|1168
|player|p2|chi-yu of china|iris-gen5bw2|1132
|gen|9
|tier|[Gen 9] VGC 2025 Reg H (Bo3)
|rated|
|rule|Species Clause: Limit one of each Pokémon
|rule|Item Clause: Limit 1 of each item
|clearpoke
|poke|p1|Dragonite, L50, M|
|poke|p1|Volcarona, L50, F|
|poke|p1|Sneasler, L50, M|
|poke|p1|Rillaboom, L50, M|
|poke|p1|Electabuzz, L50, M|
|poke|p1|Kingambit, L50, M|
|poke|p2|Annihilape, L50, F|
|poke|p2|Incineroar, L50, F|
|poke|p2|Ursaluna-Bloodmoon, L50, M|
|poke|p2|Dragonite, L50, F|
|poke|p2|Whimsicott, L50, M|
|poke|p2|Kommo-o, L50, F|
|teampreview|4
|showteam|p1|Dragonite||LoadedDice|Multiscale|ScaleShot,ExtremeSpeed,Haze,Protect|||M|||50|,,,,,Fairy]Volcarona||CovertCloak|FlameBody|HeatWave,TeraBlast,QuiverDance,Protect|||F|||50|,,,,,Fairy]Sneasler||FocusSash|Unburden|CloseCombat,DireClaw,RockSlide,Protect|||M|||50|,,,,,Stellar]Rillaboom||AssaultVest|GrassySurge|WoodHammer,GrassyGlide,HighHorsepower,FakeOut|||M|||50|,,,,,Water]Electabuzz||Eviolite|VitalSpirit|Electroweb,FollowMe,Taunt,Protect|||M|||50|,,,,,Ghost]Kingambit||BlackGlasses|Defiant|KowtowCleave,SuckerPunch,SwordsDance,Protect|||M|||50|,,,,,Dark
|showteam|p2|Annihilape||SafetyGoggles|Defiant|RageFist,CloseCombat,FinalGambit,Protect|||F|||50|,,,,,Water]Incineroar||SitrusBerry|Intimidate|FlareBlitz,KnockOff,PartingShot,FakeOut|||F|||50|,,,,,Ghost]Ursaluna-Bloodmoon||AssaultVest|MindsEye|HyperVoice,EarthPower,BloodMoon,VacuumWave|||M|||50|,,,,,Poison]Dragonite||LoadedDice|Multiscale|ExtremeSpeed,ScaleShot,IceSpinner,Protect|||F|||50|,,,,,Steel]Whimsicott||FocusSash|Prankster|Moonblast,FakeTears,Encore,Tailwind|||M|||50|,,,,,Ghost]Kommo-o||ThroatSpray|Overcoat|ClangingScales,Flamethrower,ClangorousSoul,Protect|||F|||50|,,,,,Fire
|inactive|Battle timer is ON: inactive players will automatically lose when time's up. (requested by dambro222)
|inactive|chi-yu of china also wants the timer to be on.
|inactive|dambro222 has 60 seconds left.
|inactive|dambro222 has 30 seconds left.
|inactive|dambro222 has 20 seconds left.
|inactive|dambro222 has 15 seconds left.
|inactive|dambro222 has 10 seconds left.
|
|t:|1757062253
|teamsize|p1|4
|teamsize|p2|4
|start
|switch|p1a: Volcarona|Volcarona, L50, F|100/100
|switch|p1b: Electabuzz|Electabuzz, L50, M|100/100
|switch|p2a: Whimsicott|Whimsicott, L50, M|100/100
|switch|p2b: Ursaluna|Ursaluna-Bloodmoon, L50, M|100/100
|turn|1
|
|t:|1757062278
|move|p2a: Whimsicott|Fake Tears|p1a: Volcarona
|-unboost|p1a: Volcarona|spd|2
|move|p1a: Volcarona|Heat Wave|p2b: Ursaluna|[spread] p2a,p2b
|-supereffective|p2a: Whimsicott
|-enditem|p2a: Whimsicott|Focus Sash
|-damage|p2a: Whimsicott|1/100
|-damage|p2b: Ursaluna|78/100
|move|p1b: Electabuzz|Taunt|p2a: Whimsicott
|-start|p2a: Whimsicott|move: Taunt
|move|p2b: Ursaluna|Blood Moon|p1a: Volcarona
|-damage|p1a: Volcarona|0 fnt
|faint|p1a: Volcarona
|
|upkeep
|
|t:|1757062292
|switch|p1a: Sneasler|Sneasler, L50, M|100/100
|turn|2
|
|t:|1757062302
|switch|p2a: Kommo-o|Kommo-o, L50, F|100/100
|-terastallize|p2b: Ursaluna|Poison
|move|p1b: Electabuzz|Follow Me|p1b: Electabuzz
|-singleturn|p1b: Electabuzz|move: Follow Me
|move|p1a: Sneasler|Close Combat|p2b: Ursaluna
|-resisted|p2b: Ursaluna
|-damage|p2b: Ursaluna|57/100
|-unboost|p1a: Sneasler|def|1
|-unboost|p1a: Sneasler|spd|1
|move|p2b: Ursaluna|Hyper Voice|p1b: Electabuzz|[spread] p1a,p1b
|-damage|p1a: Sneasler|27/100
|-damage|p1b: Electabuzz|71/100
|
|upkeep
|turn|3
|inactive|dambro222 has 30 seconds left.
|inactive|chi-yu of china has 30 seconds left.
|inactive|chi-yu of china has 20 seconds left.
|
|t:|1757062339
|move|p1a: Sneasler|Protect|p1a: Sneasler
|-singleturn|p1a: Sneasler|Protect
|move|p1b: Electabuzz|Taunt|p2a: Kommo-o
|-start|p2a: Kommo-o|move: Taunt
|cant|p2a: Kommo-o|move: Taunt|Clangorous Soul
|move|p2b: Ursaluna|Hyper Voice|p1b: Electabuzz|[spread] p1b
|-activate|p1a: Sneasler|move: Protect
|-damage|p1b: Electabuzz|44/100
|
|upkeep
|turn|4
|
|t:|1757062355
|move|p1a: Sneasler|Dire Claw|p2a: Kommo-o
|-damage|p2a: Kommo-o|64/100
|move|p1b: Electabuzz|Electroweb|p2a: Kommo-o|[spread] p2a,p2b
|-resisted|p2a: Kommo-o
|-damage|p2a: Kommo-o|59/100
|-damage|p2b: Ursaluna|48/100
|-unboost|p2a: Kommo-o|spe|1
|-unboost|p2b: Ursaluna|spe|1
|move|p2a: Kommo-o|Flamethrower|p1b: Electabuzz
|-damage|p1b: Electabuzz|26/100
|move|p2b: Ursaluna|Hyper Voice|p1b: Electabuzz|[spread] p1a,p1b
|-damage|p1a: Sneasler|0 fnt
|-damage|p1b: Electabuzz|0 fnt
|faint|p1a: Sneasler
|faint|p1b: Electabuzz
|
|upkeep
|
|t:|1757062363
|switch|p1b: Rillaboom|Rillaboom, L50, M|100/100
|-fieldstart|move: Grassy Terrain|[from] ability: Grassy Surge|[of] p1b: Rillaboom
|turn|5
|
|t:|1757062377
|-terastallize|p1b: Rillaboom|Water
|move|p1b: Rillaboom|High Horsepower|p2b: Ursaluna
|-supereffective|p2b: Ursaluna
|-damage|p2b: Ursaluna|0 fnt
|faint|p2b: Ursaluna
|move|p2a: Kommo-o|Flamethrower|p1b: Rillaboom
|-resisted|p1b: Rillaboom
|-damage|p1b: Rillaboom|91/100
|
|-heal|p1b: Rillaboom|97/100|[from] Grassy Terrain
|-heal|p2a: Kommo-o|64/100|[from] Grassy Terrain
|-end|p2a: Kommo-o|move: Taunt
|upkeep
|
|t:|1757062392
|switch|p2b: Dragonite|Dragonite, L50, F|100/100
|turn|6
|
|t:|1757062408
|move|p2b: Dragonite|Ice Spinner|p1b: Rillaboom
|-resisted|p1b: Rillaboom
|-damage|p1b: Rillaboom|82/100
|-fieldend|move: Grassy Terrain
|move|p1b: Rillaboom|High Horsepower|p2a: Kommo-o|[miss]
|-miss|p1b: Rillaboom|p2a: Kommo-o
|move|p2a: Kommo-o|Clangorous Soul|p2a: Kommo-o
|-boost|p2a: Kommo-o|atk|1
|-boost|p2a: Kommo-o|def|1
|-boost|p2a: Kommo-o|spa|1
|-boost|p2a: Kommo-o|spd|1
|-boost|p2a: Kommo-o|spe|1
|-damage|p2a: Kommo-o|32/100
|-enditem|p2a: Kommo-o|Throat Spray
|-boost|p2a: Kommo-o|spa|1|[from] item: Throat Spray
|
|upkeep
|turn|7
|-message|dambro222 forfeited.
|
|win|chi-yu of china
|l|☆dambro222
|player|p1|
||dambro222 is ready for game 2.
||chi-yu of china is ready for game 2.
|uhtml|next|Next: Game 2 of 3
|l|☆chi-yu of china
|player|p2|
|j|☆dambro222
|player|p1|dambro222|ethan|
