|j|☆Wixums
|j|☆vilan333
|html|Wixumsvilan333    
|uhtml|bestof|Game 2 of a best-of-3
|t:|1783356817
|gametype|doubles
|player|p1|Wixums|wicke|1091
|player|p2|vilan333|marshal|1153
|gen|9
|tier|[Gen 9 Champions] VGC 2026 Reg M-B (Bo3)
|rated|
|rule|Species Clause: Limit one of each Pokémon
|rule|Item Clause: Limit 1 of each item
|clearpoke
|poke|p1|Swampert, L50, M, shiny|
|poke|p1|Archaludon, L50, M, shiny|
|poke|p1|Pelipper, L50, F, shiny|
|poke|p1|Venusaur, L50, M, shiny|
|poke|p1|Sableye, L50, M, shiny|
|poke|p1|Aegislash, L50, F, shiny|
|poke|p2|Charizard, L50, M|
|poke|p2|Mawile, L50, M|
|poke|p2|Basculegion, L50, M|
|poke|p2|Garchomp, L50, F|
|poke|p2|Whimsicott, L50, F|
|poke|p2|Farigiraf, L50, F|
|teampreview|4
|showteam|p1|Swampert||Swampertite|Torrent|WaveCrash,HighHorsepower,IcePunch,Protect|Adamant||M|||50|]Archaludon||Leftovers|Stamina|ElectroShot,FlashCannon,DragonPulse,Protect|Modest||M|||50|]Pelipper||FocusSash|Drizzle|WeatherBall,Hurricane,WideGuard,Protect|Timid||F|||50|]Venusaur||Venusaurite|Chlorophyll|GigaDrain,SludgeBomb,EarthPower,Protect|Modest||M|||50|]Sableye||RoseliBerry|Prankster|WillOWisp,Snarl,RainDance,LightScreen|Calm||M|||50|]Aegislash||KasibBerry|StanceChange|Poltergeist,ShadowSneak,IronHead,KingsShield|Adamant||F|||50|
|showteam|p2|Charizard||CharizarditeY|Blaze|WeatherBall,HeatWave,SolarBeam,Protect|Timid||M|||50|]Mawile||Mawilite|HyperCutter|PlayRough,SuckerPunch,RockSlide,Protect|Adamant||M|||50|]Basculegion||MysticWater|Adaptability|WaveCrash,LastRespects,AquaJet,Protect|Adamant||M|||50|]Garchomp||LifeOrb|RoughSkin|Earthquake,DragonClaw,RockSlide,Protect|Jolly||F|||50|]Whimsicott||FocusSash|Prankster|Moonblast,Encore,Tailwind,Protect|Timid||F|||50|]Farigiraf||SitrusBerry|ArmorTail|TwinBeam,Thunderbolt,TrickRoom,HelpingHand|Bold||F|||50|
|inactive|Battle timer is ON: inactive players will automatically lose when time's up. (requested by vilan333)
|
|t:|1783356863
|teamsize|p1|4
|teamsize|p2|4
|start
|switch|p1a: Sableye|Sableye, L50, M, shiny|100/100
|switch|p1b: Archaludon|Archaludon, L50, M, shiny|100/100
|switch|p2a: Whimsicott|Whimsicott, L50, F|100/100
|switch|p2b: Garchomp|Garchomp, L50, F|100/100
|turn|1
|inactive|vilan333 has 30 seconds left.
|
|t:|1783356891
|move|p2b: Garchomp|Protect|p2b: Garchomp
|-singleturn|p2b: Garchomp|Protect
|move|p1a: Sableye|Will-O-Wisp|p2b: Garchomp
|-activate|p2b: Garchomp|move: Protect
|move|p2a: Whimsicott|Moonblast|p1a: Sableye
|-supereffective|p1a: Sableye|1
|-enditem|p1a: Sableye|Roseli Berry|[eat]
|-enditem|p1a: Sableye|Roseli Berry|[weaken]
|-damage|p1a: Sableye|63/100
|move|p1b: Archaludon|Flash Cannon|p2a: Whimsicott
|-supereffective|p2a: Whimsicott|1
|-enditem|p2a: Whimsicott|Focus Sash
|-damage|p2a: Whimsicott|1/100
|
|upkeep
|turn|2
|
|t:|1783356910
|switch|p2a: Farigiraf|Farigiraf, L50, F|100/100
|move|p1a: Sableye|Light Screen|p1a: Sableye
|-sidestart|p1: Wixums|move: Light Screen
|move|p2b: Garchomp|Earthquake|p1b: Archaludon|[spread] p2a,p1a,p1b
|-supereffective|p1b: Archaludon|1
|-damage|p2a: Farigiraf|61/100
|-damage|p1a: Sableye|0 fnt
|-damage|p1b: Archaludon|27/100
|-ability|p1b: Archaludon|Stamina|boost
|-boost|p1b: Archaludon|def|1
|faint|p1a: Sableye
|-damage|p2b: Garchomp|90/100|[from] item: Life Orb
|move|p1b: Archaludon|Dragon Pulse|p2b: Garchomp
|-supereffective|p2b: Garchomp|1
|-damage|p2b: Garchomp|0 fnt
|faint|p2b: Garchomp
|
|-heal|p1b: Archaludon|33/100|[from] item: Leftovers
|upkeep
|
|t:|1783356930
|switch|p2b: Charizard|Charizard, L50, M|100/100
|switch|p1a: Venusaur|Venusaur, L50, M, shiny|100/100
|turn|3
|
|t:|1783356944
|switch|p2b: Whimsicott|Whimsicott, L50, F|1/100
|detailschange|p1a: Venusaur|Venusaur-Mega, L50, M, shiny
|-mega|p1a: Venusaur|Venusaur|Venusaurite
|move|p1a: Venusaur|Protect|p1a: Venusaur
|-singleturn|p1a: Venusaur|Protect
|move|p1b: Archaludon|Protect|p1b: Archaludon
|-singleturn|p1b: Archaludon|Protect
|move|p2a: Farigiraf|Twin Beam|p1a: Venusaur
|-activate|p1a: Venusaur|move: Protect
|
|-heal|p1b: Archaludon|39/100|[from] item: Leftovers
|upkeep
|turn|4
|
|t:|1783356964
|switch|p1a: Pelipper|Pelipper, L50, F, shiny|100/100
|-weather|RainDance|[from] ability: Drizzle|[of] p1a: Pelipper
|move|p2b: Whimsicott|Encore|p1b: Archaludon
|-start|p1b: Archaludon|Encore
|move|p1b: Archaludon|Protect||[still]
|-fail|p1b: Archaludon
|move|p2a: Farigiraf|Twin Beam|p1a: Pelipper
|-damage|p1a: Pelipper|81/100
|-damage|p1a: Pelipper|62/100
|-hitcount|p1a: Pelipper|2
|
|-weather|RainDance|[upkeep]
|-heal|p1b: Archaludon|45/100|[from] item: Leftovers
|upkeep
|turn|5
|inactive|vilan333 has 30 seconds left.
|
|t:|1783356992
|switch|p1b: Venusaur|Venusaur-Mega, L50, M, shiny|100/100
|move|p2b: Whimsicott|Tailwind|p2b: Whimsicott
|-sidestart|p2: vilan333|move: Tailwind
|move|p2a: Farigiraf|Thunderbolt|p1a: Pelipper
|-supereffective|p1a: Pelipper|2
|-damage|p1a: Pelipper|0 fnt
|faint|p1a: Pelipper
|
|-weather|RainDance|[upkeep]
|upkeep
|
|t:|1783357000
|switch|p1a: Archaludon|Archaludon, L50, M, shiny|45/100
|turn|6
|
|t:|1783357014
|move|p2b: Whimsicott|Moonblast|p1a: Archaludon
|-damage|p1a: Archaludon|21/100
|-ability|p1a: Archaludon|Stamina|boost
|-boost|p1a: Archaludon|def|1
|move|p2a: Farigiraf|Twin Beam|p1b: Venusaur
|-supereffective|p1b: Venusaur|1
|-damage|p1b: Venusaur|82/100
|-supereffective|p1b: Venusaur|1
|-damage|p1b: Venusaur|65/100
|-hitcount|p1b: Venusaur|2
|move|p1b: Venusaur|Sludge Bomb|p2b: Whimsicott
|-supereffective|p2b: Whimsicott|2
|-damage|p2b: Whimsicott|0 fnt
|faint|p2b: Whimsicott
|move|p1a: Archaludon|Electro Shot||[still]
|-prepare|p1a: Archaludon|Electro Shot
|-boost|p1a: Archaludon|spa|1
|-anim|p1a: Archaludon|Electro Shot|p2a: Farigiraf
|-damage|p2a: Farigiraf|4/100
|-enditem|p2a: Farigiraf|Sitrus Berry|[eat]
|-heal|p2a: Farigiraf|29/100|[from] item: Sitrus Berry
|
|-weather|RainDance|[upkeep]
|-heal|p1a: Archaludon|27/100|[from] item: Leftovers
|-sideend|p1: Wixums|move: Light Screen
|upkeep
|
|t:|1783357036
|switch|p2b: Charizard|Charizard, L50, M|100/100
|turn|7
|-message|Wixums forfeited.
|
|win|vilan333
|l|☆Wixums
|player|p1|
||Wixums is ready for game 3.
