|j|☆buf69 QueSeSiente
|j|☆DominicVGC07
|html|buf69 QueSeSienteDominicVGC07    
|uhtml|bestof|Game 1 of a best-of-3
|t:|1756315715
|gametype|doubles
|player|p1|buf69 QueSeSiente|caitlin|1404
|player|p2|DominicVGC07|ghetsis|1368
|gen|9
|tier|[Gen 9] VGC 2025 Reg H (Bo3)
|rated|
|rule|Species Clause: Limit one of each Pokémon
|rule|Item Clause: Limit 1 of each item
|clearpoke
|poke|p1|Sneasler, L50, M|
|poke|p1|Indeedee, L50, M|
|poke|p1|Volcarona, L50, F|
|poke|p1|Ursaluna-Bloodmoon, L50, M|
|poke|p1|Annihilape, L50, M|
|poke|p1|Tyranitar, L50, M|
|poke|p2|Kingambit, L50, M|
|poke|p2|Sneasler, L50, F|
|poke|p2|Rillaboom, L50, M|
|poke|p2|Dragonite, L50, M|
|poke|p2|Electabuzz, L50, F|
|poke|p2|Dondozo, L50, F|
|teampreview|4
|showteam|p1|Sneasler||PsychicSeed|Unburden|CloseCombat,DireClaw,ThroatChop,Protect|||M|||50|,,,,,Dark]Indeedee||ChoiceScarf|PsychicSurge|ExpandingForce,TeraBlast,Trick,Protect|||M|||50|,,,,,Psychic]Volcarona||SitrusBerry|FlameBody|Overheat,StruggleBug,RagePowder,Tailwind|||F|||50|,,,,,Grass]Ursaluna-Bloodmoon||LifeOrb|MindsEye|BloodMoon,HyperVoice,EarthPower,Protect|||M|||50|,,,,,Normal]Annihilape||SafetyGoggles|Defiant|CloseCombat,RageFist,Taunt,FinalGambit|||M|||50|,,,,,Fairy]Tyranitar||AssaultVest|SandStream|RockSlide,KnockOff,TeraBlast,LowKick|||M|||50|,,,,,Flying
|showteam|p2|Kingambit||BlackGlasses|Defiant|KowtowCleave,SuckerPunch,SwordsDance,Protect|||M|||50|,,,,,Dark]Sneasler||FocusSash|Unburden|FakeOut,CloseCombat,DireClaw,Coaching|||F|||50|,,,,,Ghost]Rillaboom||AssaultVest|GrassySurge|FakeOut,WoodHammer,GrassyGlide,Uturn|||M|||50|,,,,,Fire]Dragonite||LoadedDice|Multiscale|ScaleShot,LowKick,Haze,Protect|||M|||50|,,,,,Steel]Electabuzz||Eviolite|VitalSpirit|Thunderbolt,FollowMe,Taunt,Protect|||F|||50|,,,,,Dragon]Dondozo||Leftovers|Unaware|WaveCrash,Yawn,Fissure,Protect|||F|||50|,,,,,Poison
|j| buf51 Golden Era
|j| buf44 Rashito
|inactive|Battle timer is ON: inactive players will automatically lose when time's up. (requested by DominicVGC07)
|inactive|buf69 QueSeSiente has 60 seconds left.
|
|t:|1756315818
|teamsize|p1|4
|teamsize|p2|4
|start
|switch|p1a: Volcarona|Volcarona, L50, F|100/100
|switch|p1b: Annihilape|Annihilape, L50, M|100/100
|switch|p2a: Skydragon|Dragonite, L50, M|100/100
|switch|p2b: 1000 volt|Electabuzz, L50, F|100/100
|turn|1
|
|t:|1756315833
|move|p2b: 1000 volt|Follow Me|p2b: 1000 volt
|-singleturn|p2b: 1000 volt|move: Follow Me
|move|p1a: Volcarona|Tailwind|p1a: Volcarona
|-sidestart|p1: buf69 QueSeSiente|move: Tailwind
|move|p1b: Annihilape|Final Gambit|p2b: 1000 volt
|-damage|p2b: 1000 volt|0 fnt
|faint|p1b: Annihilape
|faint|p2b: 1000 volt
|move|p2a: Skydragon|Scale Shot|p1a: Volcarona|[miss]
|-miss|p2a: Skydragon|p1a: Volcarona
|
|upkeep
|
|t:|1756315850
|switch|p1b: Sneasler|Sneasler, L50, M|100/100
|switch|p2b: Nightmare|Sneasler, L50, F|100/100
|turn|2
|
|t:|1756315874
|switch|p1a: Indeedee|Indeedee, L50, M|100/100
|-fieldstart|move: Psychic Terrain|[from] ability: Psychic Surge|[of] p1a: Indeedee
|-enditem|p1b: Sneasler|Psychic Seed
|-boost|p1b: Sneasler|spd|1|[from] item: Psychic Seed
|move|p2b: Nightmare|Fake Out|p1b: Sneasler
|-activate|p1b: Sneasler|move: Psychic Terrain
|move|p1b: Sneasler|Dire Claw|p2a: Skydragon
|-damage|p2a: Skydragon|74/100
|-status|p2a: Skydragon|psn
|move|p2a: Skydragon|Scale Shot|p1a: Indeedee
|-damage|p1a: Indeedee|71/100
|-damage|p1a: Indeedee|42/100
|-damage|p1a: Indeedee|9/100
|-damage|p1a: Indeedee|0 fnt
|faint|p1a: Indeedee
|-hitcount|p1: Indeedee|4
|-unboost|p2a: Skydragon|def|1
|-boost|p2a: Skydragon|spe|1
|
|-damage|p2a: Skydragon|62/100 psn|[from] psn
|upkeep
|
|t:|1756315877
|switch|p1a: Volcarona|Volcarona, L50, F|100/100
|turn|3
|inactive|buf69 QueSeSiente has 30 seconds left.
|inactive|DominicVGC07 has 30 seconds left.
|j| buf0722shito
|inactive|buf69 QueSeSiente has 20 seconds left.
|inactive|DominicVGC07 has 20 seconds left.
|inactive|buf69 QueSeSiente has 15 seconds left.
|inactive|DominicVGC07 has 15 seconds left.
|inactive|buf69 QueSeSiente has 10 seconds left.
|
|t:|1756315925
|move|p1b: Sneasler|Dire Claw|p2b: Nightmare
|-resisted|p2b: Nightmare
|-damage|p2b: Nightmare|65/100
|move|p1a: Volcarona|Overheat|p2b: Nightmare
|-damage|p2b: Nightmare|0 fnt
|-unboost|p1a: Volcarona|spa|2
|faint|p2b: Nightmare
|move|p2a: Skydragon|Scale Shot|p1a: Volcarona
|-damage|p1a: Volcarona|82/100
|-damage|p1a: Volcarona|63/100
|-damage|p1a: Volcarona|45/100
|-enditem|p1a: Volcarona|Sitrus Berry|[eat]
|-heal|p1a: Volcarona|70/100|[from] item: Sitrus Berry
|-damage|p1a: Volcarona|53/100
|-hitcount|p1a: Volcarona|4
|-unboost|p2a: Skydragon|def|1
|-boost|p2a: Skydragon|spe|1
|
|-damage|p2a: Skydragon|50/100 psn|[from] psn
|upkeep
|
|t:|1756315933
|switch|p2b: Kong|Rillaboom, L50, M|100/100
|-fieldstart|move: Grassy Terrain|[from] ability: Grassy Surge|[of] p2b: Kong
|turn|4
|inactive|buf69 QueSeSiente has 30 seconds left.
|inactive|buf69 QueSeSiente has 20 seconds left.
|
|t:|1756315969
|-terastallize|p2b: Kong|Fire
|move|p1b: Sneasler|Protect|p1b: Sneasler
|-singleturn|p1b: Sneasler|Protect
|move|p2b: Kong|Fake Out|p1b: Sneasler
|-activate|p1b: Sneasler|move: Protect
|move|p1a: Volcarona|Overheat|p2b: Kong
|-resisted|p2b: Kong
|-damage|p2b: Kong|90/100
|-unboost|p1a: Volcarona|spa|2
|move|p2a: Skydragon|Scale Shot|p1a: Volcarona
|-damage|p1a: Volcarona|34/100
|-damage|p1a: Volcarona|15/100
|-damage|p1a: Volcarona|0 fnt
|faint|p1a: Volcarona
|-hitcount|p1: Volcarona|3
|-unboost|p2a: Skydragon|def|1
|-boost|p2a: Skydragon|spe|1
|
|-heal|p2b: Kong|96/100|[from] Grassy Terrain
|-damage|p2a: Skydragon|38/100 psn|[from] psn
|-sideend|p1: buf69 QueSeSiente|move: Tailwind
|upkeep
|turn|5
|
|t:|1756315987
|move|p1b: Sneasler|Dire Claw|p2b: Kong
|-damage|p2b: Kong|55/100
|-status|p2b: Kong|slp
|move|p2a: Skydragon|Scale Shot|p1b: Sneasler|[miss]
|-miss|p2a: Skydragon|p1b: Sneasler
|cant|p2b: Kong|slp
|
|-heal|p2b: Kong|61/100 slp|[from] Grassy Terrain
|-damage|p2a: Skydragon|26/100 psn|[from] psn
|upkeep
|turn|6
|
|t:|1756315996
|move|p1b: Sneasler|Dire Claw|p2a: Skydragon
|-damage|p2a: Skydragon|0 fnt
|faint|p2a: Skydragon
|cant|p2b: Kong|slp
|
|-heal|p2b: Kong|67/100 slp|[from] Grassy Terrain
|upkeep
|turn|7
|c| buf51 Golden Era|buf buff
|
|t:|1756316008
|-curestatus|p2b: Kong|slp|[msg]
|move|p2b: Kong|Grassy Glide|p1b: Sneasler
|-resisted|p1b: Sneasler
|-damage|p1b: Sneasler|71/100
|move|p1b: Sneasler|Dire Claw|p2b: Kong
|-damage|p2b: Kong|24/100
|
|-heal|p1b: Sneasler|77/100|[from] Grassy Terrain
|-heal|p2b: Kong|30/100|[from] Grassy Terrain
|upkeep
|turn|8
|
|t:|1756316016
|move|p1b: Sneasler|Protect|p1b: Sneasler
|-singleturn|p1b: Sneasler|Protect
|move|p2b: Kong|Wood Hammer|p1b: Sneasler
|-activate|p1b: Sneasler|move: Protect
|
|-heal|p1b: Sneasler|82/100|[from] Grassy Terrain
|-heal|p2b: Kong|36/100|[from] Grassy Terrain
|-fieldend|move: Grassy Terrain
|upkeep
|turn|9
|c| buf0722shito|buf buf
|c| buf0722shito|buf
|c|☆DominicVGC07|ok let's see what i am
|-message|DominicVGC07 forfeited.
|
|win|buf69 QueSeSiente
||buf69 QueSeSiente is ready for game 2.
||DominicVGC07 is ready for game 2.
|uhtml|next|Next: Game 2 of 3
|l| buf51 Golden Era
|l| buf0722shito
|l| buf44 Rashito
|l|☆DominicVGC07
|player|p2|
