|j|☆ninelimez
|j|☆Spoodz23
|html|ninelimezSpoodz23    
|uhtml|bestof|Game 1 of a best-of-3
|t:|1786156758
|gametype|doubles
|player|p1|ninelimez|linebacker|
|player|p2|Spoodz23|169|
|gen|9
|tier|[Gen 9 Champions] VGC 2026 Reg M-B (Bo3)
|rule|Species Clause: Limit one of each Pokémon
|rule|Item Clause: Limit 1 of each item
|clearpoke
|poke|p1|Heliolisk, L50, M|
|poke|p1|Charizard, L50, M|
|poke|p1|Runerigus, L50, F|
|poke|p1|Aerodactyl, L50, M|
|poke|p1|Clawitzer, L50, M|
|poke|p1|Conkeldurr, L50, M|
|poke|p2|Arcanine, L50, M|
|poke|p2|Weavile, L50, M|
|poke|p2|Jolteon, L50, F|
|poke|p2|Staraptor, L50, F|
|poke|p2|Farigiraf, L50, F|
|poke|p2|Drampa, L50, M|
|teampreview|4
|showteam|p1|Heliolisk||ChoiceScarf|SolarPower|DarkPulse,Thunderbolt,HyperBeam,DragonPulse|Modest||M|||50|]Charizard||CharizarditeY|Blaze|SolarBeam,HeatWave,Protect,WeatherBall|Timid||M|||50|]Runerigus||ColburBerry|WanderingSpirit|AllySwitch,BodyPress,IronDefense,TrickRoom|Relaxed||F|||50|]Aerodactyl||FocusSash|Unnerve|RockSlide,DualWingbeat,Tailwind,Earthquake|Jolly||M|||50|]Clawitzer||SitrusBerry|MegaLauncher|HealPulse,DarkPulse,WaterPulse,Protect|Modest||M|||50|]Conkeldurr||LifeOrb|SheerForce|KnockOff,UpperHand,CloseCombat,ThunderPunch|Brave||M|||50|
|showteam|p2|Arcanine||LifeOrb|FlashFire|FlareBlitz,WildCharge,ExtremeSpeed,Protect|Jolly||M|||50|]Weavile||WideLens|Pressure|FakeOut,TripleAxel,Snarl,Protect|Jolly||M|||50|]Jolteon||ExpertBelt|VoltAbsorb|Thunderbolt,ShadowBall,Electroweb,Protect|Timid||F|||50|]Staraptor||Staraptite|Intimidate|CloseCombat,BraveBird,Substitute,Protect|Jolly||F|||50|]Farigiraf||LumBerry|ArmorTail|Psychic,FoulPlay,TrickRoom,HelpingHand|Quiet||F|||50|]Drampa||Drampanite|CloudNine|HyperVoice,IceBeam,EarthPower,Protect|Quiet||M|||50|
|inactive|Battle timer is ON: inactive players will automatically lose when time's up. (requested by ninelimez)
|inactiveoff|Battle timer is now OFF.
|c|☆Spoodz23|Glhf
|c|☆ninelimez|glhf king
|c|☆Spoodz23|dont look at team sheets lol
|c|☆ninelimez|LMAO
|c|☆Spoodz23|can you send live link
|c|☆ninelimez|I wont
|c|☆ninelimez|yuh
|c|☆Spoodz23|Ty brother
|
|t:|1786156860
|teamsize|p1|4
|teamsize|p2|4
|start
|switch|p1a: Runerigus|Runerigus, L50, F|100/100
|switch|p1b: Heliolisk|Heliolisk, L50, M|100/100
|switch|p2a: Weavile|Weavile, L50, M|100/100
|switch|p2b: Farigiraf|Farigiraf, L50, F|100/100
|-ability|p2a: Weavile|Pressure
|turn|1
|c|☆ninelimez|I got straight bullshit cooked up
|
|t:|1786156896
|move|p1b: Heliolisk|Dark Pulse|p2b: Farigiraf
|-supereffective|p2b: Farigiraf|1
|-crit|p2b: Farigiraf
|-damage|p2b: Farigiraf|32/100
|move|p2a: Weavile|Triple Axel|p1a: Runerigus
|-supereffective|p1a: Runerigus|1
|-damage|p1a: Runerigus|85/100
|-activate|p2a: Weavile|Skill Swap|Wandering Spirit|Pressure|[of] p1a: Runerigus
|-ability|p1a: Runerigus|Pressure
|-supereffective|p1a: Runerigus|1
|-damage|p1a: Runerigus|58/100
|-supereffective|p1a: Runerigus|1
|-damage|p1a: Runerigus|21/100
|-hitcount|p1a: Runerigus|3
|move|p2b: Farigiraf|Foul Play|p1a: Runerigus
|-supereffective|p1a: Runerigus|1
|-enditem|p1a: Runerigus|Colbur Berry|[eat]
|-enditem|p1a: Runerigus|Colbur Berry|[weaken]
|-damage|p1a: Runerigus|7/100
|move|p1a: Runerigus|Iron Defense|p1a: Runerigus
|-boost|p1a: Runerigus|def|2
|
|upkeep
|turn|2
|
|t:|1786156933
|switch|p2b: Arcanine|Arcanine, L50, M|100/100
|move|p1b: Heliolisk|Dark Pulse|p2b: Arcanine
|-damage|p2b: Arcanine|66/100
|move|p2a: Weavile|Snarl|p1b: Heliolisk|[spread] p1a,p1b
|-supereffective|p1a: Runerigus|1
|-damage|p1a: Runerigus|0 fnt
|-damage|p1b: Heliolisk|90/100
|-unboost|p1b: Heliolisk|spa|1
|faint|p1a: Runerigus
|
|upkeep
|
|t:|1786156950
|switch|p1a: Conkeldurr|Conkeldurr, L50, M|100/100
|turn|3
|
|t:|1786156978
|switch|p1b: Clawitzer|Clawitzer, L50, M|100/100
|move|p2a: Weavile|Triple Axel|p1a: Conkeldurr
|-damage|p1a: Conkeldurr|91/100
|-damage|p1a: Conkeldurr|72/100
|-damage|p1a: Conkeldurr|45/100
|-hitcount|p1a: Conkeldurr|3
|move|p2b: Arcanine|Flare Blitz|p1a: Conkeldurr
|-damage|p1a: Conkeldurr|0 fnt
|faint|p1a: Conkeldurr
|-damage|p2b: Arcanine|47/100|[from] Recoil
|-damage|p2b: Arcanine|38/100|[from] item: Life Orb
|
|upkeep
|
|t:|1786156991
|switch|p1a: Heliolisk|Heliolisk, L50, M|90/100
|turn|4
|j| TeamInferno Ted
|c|☆Spoodz23|I got bullshit too!
|
|t:|1786157044
|move|p2b: Arcanine|Protect|p2b: Arcanine
|-singleturn|p2b: Arcanine|Protect
|move|p1a: Heliolisk|Thunderbolt|p2b: Arcanine
|-activate|p2b: Arcanine|move: Protect
|move|p2a: Weavile|Snarl|p1a: Heliolisk|[spread] p1a,p1b
|-damage|p1a: Heliolisk|81/100
|-damage|p1b: Clawitzer|92/100
|-unboost|p1a: Heliolisk|spa|1
|-unboost|p1b: Clawitzer|spa|1
|move|p1b: Clawitzer|Water Pulse|p2a: Weavile
|-damage|p2a: Weavile|64/100
|
|upkeep
|turn|5
|c|☆ninelimez|snarl weavile is cooking
|
|t:|1786157072
|switch|p2b: Farigiraf|Farigiraf, L50, F|32/100
|move|p1a: Heliolisk|Thunderbolt|p2b: Farigiraf
|-damage|p2b: Farigiraf|9/100
|move|p2a: Weavile|Snarl|p1b: Clawitzer|[spread] p1a,p1b
|-damage|p1a: Heliolisk|72/100
|-damage|p1b: Clawitzer|85/100
|-unboost|p1a: Heliolisk|spa|1
|-unboost|p1b: Clawitzer|spa|1
|move|p1b: Clawitzer|Dark Pulse|p2b: Farigiraf
|-supereffective|p2b: Farigiraf|1
|-damage|p2b: Farigiraf|0 fnt
|faint|p2b: Farigiraf
|
|upkeep
|c|☆Spoodz23|Scarf heliolisk is annoying
|
|t:|1786157086
|switch|p2b: Arcanine|Arcanine, L50, M|38/100
|turn|6
|
|t:|1786157096
|move|p1a: Heliolisk|Thunderbolt|p2b: Arcanine
|-damage|p2b: Arcanine|9/100
|move|p2a: Weavile|Triple Axel|p1a: Heliolisk
|-damage|p1a: Heliolisk|48/100
|-damage|p1a: Heliolisk|3/100
|-hitcount|p1a: Heliolisk|2
|move|p2b: Arcanine|Wild Charge|p1b: Clawitzer
|-supereffective|p1b: Clawitzer|1
|-damage|p1b: Clawitzer|27/100
|-enditem|p1b: Clawitzer|Sitrus Berry|[eat]
|-heal|p1b: Clawitzer|52/100|[from] item: Sitrus Berry
|-damage|p2b: Arcanine|0 fnt|[from] Recoil
|faint|p2b: Arcanine
|move|p1b: Clawitzer|Water Pulse|p2a: Weavile
|-damage|p2a: Weavile|39/100
|
|upkeep
|j| ItsOatmeal
|c| ItsOatmeal|boooooo
|
|t:|1786157112
|switch|p2b: Drampa|Drampa, L50, M|100/100
|-ability|p2b: Drampa|Cloud Nine
|turn|7
|j| don octoscor
|
|t:|1786157132
|detailschange|p2b: Drampa|Drampa-Mega, L50, M
|-mega|p2b: Drampa|Drampa|Drampanite
|move|p1a: Heliolisk|Thunderbolt|p2b: Drampa
|-resisted|p2b: Drampa|1
|-damage|p2b: Drampa|90/100
|move|p2a: Weavile|Snarl|p1a: Heliolisk|[spread] p1a,p1b
|-damage|p1a: Heliolisk|0 fnt
|-damage|p1b: Clawitzer|44/100
|-unboost|p1b: Clawitzer|spa|1
|faint|p1a: Heliolisk
|move|p1b: Clawitzer|Water Pulse|p2a: Weavile
|-damage|p2a: Weavile|18/100
|move|p2b: Drampa|Hyper Voice|p1b: Clawitzer
|-damage|p1b: Clawitzer|0 fnt
|faint|p1b: Clawitzer
|
|win|Spoodz23
|c| ItsOatmeal|wow nice ots
|l| ItsOatmeal
|inactive|ninelimez has 30 seconds to confirm battle start!
|inactive|Spoodz23 has 30 seconds to confirm battle start!
||ninelimez is ready for game 2.
||Spoodz23 is ready for game 2.
|uhtml|next|Next: Game 2 of 3
|l| don octoscor
