|j|☆testingsss
|j|☆chrisyute696969
|html|testingssschrisyute696969    
|uhtml|bestof|Game 1 of a best-of-3
|t:|1782584515
|gametype|doubles
|player|p1|testingsss|unknown|1198
|player|p2|chrisyute696969|101|1054
|gen|9
|tier|[Gen 9 Champions] VGC 2026 Reg M-B (Bo3)
|rated|
|rule|Species Clause: Limit one of each Pokémon
|rule|Item Clause: Limit 1 of each item
|clearpoke
|poke|p1|Delphox, L50, M|
|poke|p1|Floette-Eternal, L50, F|
|poke|p1|Kingambit, L50, F|
|poke|p1|Sneasler, L50, M|
|poke|p1|Incineroar, L50, F|
|poke|p1|Sinistcha, L50|
|poke|p2|Emboar, L50, M|
|poke|p2|Maushold, L50|
|poke|p2|Sinistcha-Masterpiece, L50|
|poke|p2|Sneasler, L50, M|
|poke|p2|Slowbro, L50, M|
|poke|p2|Clawitzer, L50, F|
|teampreview|4
|showteam|p1|Delphox||Delphoxite|Blaze|HeatWave,Psyshock,NastyPlot,Protect|Timid||M|||50|]Floette-Eternal||Floettite|FlowerVeil|Moonblast,DazzlingGleam,CalmMind,Protect|Modest||F|||50|]Kingambit||BlackGlasses|Defiant|SuckerPunch,KowtowCleave,SwordsDance,Protect|Adamant||F|||50|]Sneasler||FocusSash|PoisonTouch|FakeOut,CloseCombat,DireClaw,QuickGuard|Jolly||M|||50|]Incineroar||SitrusBerry|Intimidate|PartingShot,FlareBlitz,ThroatChop,FakeOut|Impish||F|||50|]Sinistcha||KasibBerry|Hospitality|RagePowder,MatchaGotcha,TrickRoom,Protect|Bold|||||50|
|showteam|p2|Emboar||Emboarite|Blaze|BulkUp,DrainPunch,FlareBlitz,KnockOff|Adamant||M|||50|]Maushold||WideLens|FriendGuard|FollowMe,Crunch,ThunderWave,PopulationBomb|Jolly|||||50|]Sinistcha-Masterpiece||SitrusBerry|Hospitality|MatchaGotcha,Hex,Scald,LifeDew|Modest|||||50|]Sneasler||WhiteHerb|Unburden|CloseCombat,DireClaw,ThroatChop,FakeOut|Adamant||M|||50|]Slowbro||Slowbronite|Oblivious|Scald,CalmMind,IceBeam,Psyshock|Sassy||M|||50|]Clawitzer||FocusSash|MegaLauncher|HealPulse,DarkPulse,AuraSphere,WaterPulse|Modest||F|||50|
|inactive|Battle timer is ON: inactive players will automatically lose when time's up. (requested by testingsss)
|inactive|testingsss has 60 seconds left.
|inactive|chrisyute696969 has 60 seconds left.
|inactive|testingsss has 30 seconds left.
|inactive|testingsss has 20 seconds left.
|inactive|testingsss has 15 seconds left.
|inactive|testingsss has 10 seconds left.
|inactive|testingsss has 5 seconds left.
|
|t:|1782584609
|teamsize|p1|4
|teamsize|p2|4
|start
|switch|p1a: Delphox|Delphox, L50, M|100/100
|switch|p1b: Sinistcha|Sinistcha, L50|100/100
|switch|p2a: Slowbro|Slowbro, L50, M|100/100
|switch|p2b: Sneasler|Sneasler, L50, M|100/100
|turn|1
|inactive|testingsss has 30 seconds left.
|inactive|testingsss has 20 seconds left.
|inactive|testingsss has 15 seconds left.
|
|t:|1782584651
|detailschange|p2a: Slowbro|Slowbro-Mega, L50, M
|-mega|p2a: Slowbro|Slowbro|Slowbronite
|move|p1a: Delphox|Protect|p1a: Delphox
|-singleturn|p1a: Delphox|Protect
|move|p2b: Sneasler|Fake Out|p1a: Delphox
|-activate|p1a: Delphox|move: Protect
|move|p1b: Sinistcha|Matcha Gotcha|p2b: Sneasler|[spread] p2a,p2b
|-supereffective|p2a: Slowbro|1
|-resisted|p2b: Sneasler|1
|-damage|p2a: Slowbro|58/100
|-damage|p2b: Sneasler|84/100
|-status|p2b: Sneasler|brn
|move|p2a: Slowbro|Calm Mind|p2a: Slowbro
|-boost|p2a: Slowbro|spa|1
|-boost|p2a: Slowbro|spd|1
|
|-damage|p2b: Sneasler|78/100 brn|[from] brn
|upkeep
|turn|2
|
|t:|1782584669
|detailschange|p1a: Delphox|Delphox-Mega, L50, M
|-mega|p1a: Delphox|Delphox|Delphoxite
|move|p1b: Sinistcha|Rage Powder|p1b: Sinistcha
|-singleturn|p1b: Sinistcha|move: Rage Powder
|move|p1a: Delphox|Nasty Plot|p1a: Delphox
|-boost|p1a: Delphox|spa|2
|move|p2b: Sneasler|Dire Claw|p1b: Sinistcha
|-damage|p1b: Sinistcha|83/100
|move|p2a: Slowbro|Scald|p1b: Sinistcha
|-resisted|p1b: Sinistcha|1
|-damage|p1b: Sinistcha|57/100
|
|-damage|p2b: Sneasler|73/100 brn|[from] brn
|upkeep
|turn|3
|
|t:|1782584692
|move|p1a: Delphox|Psyshock|p2a: Slowbro
|-resisted|p2a: Slowbro|1
|-damage|p2a: Slowbro|36/100
|move|p2b: Sneasler|Dire Claw|p1b: Sinistcha
|-damage|p1b: Sinistcha|40/100
|move|p1b: Sinistcha|Matcha Gotcha|p2a: Slowbro|[spread] p2a
|-miss|p1b: Sinistcha|p2b: Sneasler
|-supereffective|p2a: Slowbro|1
|-damage|p2a: Slowbro|8/100
|-heal|p1b: Sinistcha|53/100|[from] drain|[of] p2a: Slowbro
|move|p2a: Slowbro|Scald|p1a: Delphox
|-supereffective|p1a: Delphox|1
|-damage|p1a: Delphox|7/100
|
|-damage|p2b: Sneasler|67/100 brn|[from] brn
|upkeep
|turn|4
|
|t:|1782584717
|move|p1a: Delphox|Psyshock|p2b: Sneasler
|-supereffective|p2b: Sneasler|2
|-damage|p2b: Sneasler|0 fnt
|faint|p2b: Sneasler
|move|p1b: Sinistcha|Matcha Gotcha|p2a: Slowbro
|-supereffective|p2a: Slowbro|1
|-damage|p2a: Slowbro|0 fnt
|-heal|p1b: Sinistcha|57/100|[from] drain|[of] p2a: Slowbro
|faint|p2a: Slowbro
|
|upkeep
|
|t:|1782584722
|switch|p2b: Sinistcha|Sinistcha-Masterpiece, L50|100/100
|switch|p2a: Maushold|Maushold, L50|100/100
|turn|5
|inactive|testingsss has 30 seconds left.
|
|t:|1782584748
|move|p1a: Delphox|Heat Wave|p2a: Maushold|[spread] p2a,p2b
|-supereffective|p2b: Sinistcha|1
|-damage|p2a: Maushold|18/100
|-damage|p2b: Sinistcha|0 fnt
|faint|p2b: Sinistcha
|move|p2a: Maushold|Thunder Wave|p1b: Sinistcha
|-status|p1b: Sinistcha|par
|move|p1b: Sinistcha|Matcha Gotcha|p2a: Maushold
|-damage|p2a: Maushold|0 fnt
|-heal|p1b: Sinistcha|65/100 par|[from] drain|[of] p2a: Maushold
|faint|p2a: Maushold
|
|win|testingsss
|l|☆chrisyute696969
|player|p2|
