|j|☆Uninspire
|j|☆swag morra
|html|Uninspireswag morra    
|uhtml|bestof|Game 2 of a best-of-3
|t:|1757701276
|gametype|doubles
|player|p1|Uninspire|gentleman-gen4|1142
|player|p2|swag morra|maylene|1067
|gen|9
|tier|[Gen 9] VGC 2025 Reg H (Bo3)
|rated|
|rule|Species Clause: Limit one of each Pokémon
|rule|Item Clause: Limit 1 of each item
|clearpoke
|poke|p1|Porygon2, L50|
|poke|p1|Incineroar, L50, M|
|poke|p1|Ursaluna, L50, M|
|poke|p1|Jumpluff, L50, M|
|poke|p1|Charizard, L50, F|
|poke|p1|Torkoal, L50, M|
|poke|p2|Tauros-Paldea-Aqua, L50, M|
|poke|p2|Flamigo, L50, F|
|poke|p2|Glalie, L50, F|
|poke|p2|Kommo-o, L50, F|
|poke|p2|Smeargle, L50, M|
|poke|p2|Overqwil, L50, M|
|teampreview|4
|showteam|p1|Porygon2||Eviolite|Download|TeraBlast,IceBeam,TrickRoom,Recover||||||50|,,,,,Fighting]Incineroar||SitrusBerry|Intimidate|FakeOut,KnockOff,FlareBlitz,PartingShot|||M|||50|,,,,,Ghost]Ursaluna||FlameOrb|Guts|HeadlongRush,Facade,Earthquake,Protect|||M|||50|,,,,,Ghost]Jumpluff||CovertCloak|Chlorophyll|RagePowder,SunnyDay,Tailwind,SleepPowder|||M|||50|,,,,,Fire]Charizard||ChoiceSpecs|SolarPower|HeatWave,Overheat,WeatherBall,DragonPulse|||F|||50|,,,,,Ghost]Torkoal||EjectPack|Drought|Overheat,Eruption,HelpingHand,Protect|||M|||50|,,,,,Fire
|showteam|p2|Tauros-Paldea-Aqua||CovertCloak|AngerPoint|RagingBull,Earthquake,CloseCombat,Protect|||M|||50|,,,,,Fire]Flamigo||ChoiceScarf|Costar|CloseCombat,BraveBird,Uturn,ThroatChop|||F|||50|,,,,,Stellar]Glalie||Leftovers|Moody|FrostBreath,IcyWind,Taunt,Protect|||F|||50|,,,,,Dragon]Kommo-o||ClearAmulet|Overcoat|ClangorousSoul,DrainPunch,BreakingSwipe,Protect|||F|||50|,,,,,Fire]Smeargle||FocusSash|Moody|Spore,FakeOut,SpikyShield,BatonPass|||M|||50|,,,,,Dark]Overqwil||SitrusBerry|Intimidate|Minimize,BarbBarrage,Protect,LashOut|||M|||50|,,,,,Grass
|inactive|Battle timer is ON: inactive players will automatically lose when time's up. (requested by Uninspire)
|
|t:|1757701292
|teamsize|p1|4
|teamsize|p2|4
|start
|switch|p1a: Incineroar|Incineroar, L50, M, shiny|100/100
|switch|p1b: Charizard|Charizard, L50, F, shiny|100/100
|switch|p2a: Smeargle|Smeargle, L50, M|100/100
|switch|p2b: Kommo-o|Kommo-o, L50, F|100/100
|-ability|p1a: Incineroar|Intimidate|boost
|-unboost|p2a: Smeargle|atk|1
|-fail|p2b: Kommo-o|unboost|[from] item: Clear Amulet|[of] p2b: Kommo-o
|turn|1
|
|t:|1757701308
|switch|p1b: Ursaluna|Ursaluna, L50, M, shiny|100/100
|move|p2a: Smeargle|Fake Out|p1a: Incineroar
|-damage|p1a: Incineroar|97/100
|cant|p1a: Incineroar|flinch
|move|p2b: Kommo-o|Clangorous Soul|p2b: Kommo-o
|-boost|p2b: Kommo-o|atk|1
|-boost|p2b: Kommo-o|def|1
|-boost|p2b: Kommo-o|spa|1
|-boost|p2b: Kommo-o|spd|1
|-boost|p2b: Kommo-o|spe|1
|-damage|p2b: Kommo-o|68/100
|
|-ability|p2a: Smeargle|Moody|boost
|-boost|p2a: Smeargle|spe|2
|-unboost|p2a: Smeargle|atk|1
|-status|p1b: Ursaluna|brn|[from] item: Flame Orb
|upkeep
|turn|2
|
|t:|1757701331
|move|p2a: Smeargle|Spore|p1a: Incineroar
|-status|p1a: Incineroar|slp|[from] move: Spore
|move|p2b: Kommo-o|Breaking Swipe|p1b: Ursaluna|[spread] p1a,p1b
|-damage|p1a: Incineroar|71/100 slp
|-damage|p1b: Ursaluna|79/100 brn
|-unboost|p1a: Incineroar|atk|1
|-unboost|p1b: Ursaluna|atk|1
|cant|p1a: Incineroar|slp
|move|p1b: Ursaluna|Facade|p2b: Kommo-o
|-damage|p2b: Kommo-o|20/100
|
|-damage|p1b: Ursaluna|73/100 brn|[from] brn
|-ability|p2a: Smeargle|Moody|boost
|-boost|p2a: Smeargle|atk|2
|-unboost|p2a: Smeargle|spd|1
|upkeep
|turn|3
|inactive|swag morra has 30 seconds left.
|inactive|swag morra has 20 seconds left.
|inactive|swag morra has 15 seconds left.
|inactive|swag morra has 10 seconds left.
|
|t:|1757701379
|switch|p1a: Charizard|Charizard, L50, F, shiny|100/100
|-terastallize|p1b: Ursaluna|Ghost
|move|p2a: Smeargle|Baton Pass|p2a: Smeargle
|
|t:|1757701384
|switch|p2a: Flamigo|Flamigo, L50, F|100/100|[from] Baton Pass
|-copyboost|p2a: Flamigo|p2b: Kommo-o|[from] ability: Costar
|move|p2b: Kommo-o|Drain Punch|p1b: Ursaluna
|-immune|p1b: Ursaluna
|move|p1b: Ursaluna|Earthquake|p2a: Flamigo|[spread] p2b
|-immune|p1a: Charizard
|-immune|p2a: Flamigo
|-damage|p2b: Kommo-o|0 fnt
|faint|p2b: Kommo-o
|
|-damage|p1b: Ursaluna|67/100 brn|[from] brn
|upkeep
|
|t:|1757701402
|switch|p2b: Smeargle|Smeargle, L50, M|100/100
|turn|4
|
|t:|1757701411
|switch|p1a: Incineroar|Incineroar, L50, M, shiny|71/100 slp
|-ability|p1a: Incineroar|Intimidate|boost
|-unboost|p2a: Flamigo|atk|1
|-unboost|p2b: Smeargle|atk|1
|move|p1b: Ursaluna|Protect|p1b: Ursaluna
|-singleturn|p1b: Ursaluna|Protect
|move|p2b: Smeargle|Fake Out|p1a: Incineroar
|-damage|p1a: Incineroar|67/100 slp
|move|p2a: Flamigo|Brave Bird|p1b: Ursaluna
|-activate|p1b: Ursaluna|move: Protect
|
|-damage|p1b: Ursaluna|61/100 brn|[from] brn
|-ability|p2b: Smeargle|Moody|boost
|-boost|p2b: Smeargle|def|2
|-unboost|p2b: Smeargle|spe|1
|upkeep
|turn|5
|
|t:|1757701430
|switch|p2b: Tauros|Tauros-Paldea-Aqua, L50, M|100/100
|switch|p1b: Porygon2|Porygon2, L50|100/100
|-ability|p1b: Porygon2|Download|boost
|-boost|p1b: Porygon2|spa|1
|-terastallize|p2a: Flamigo|Stellar
|-curestatus|p1a: Incineroar|slp|[msg]
|move|p1a: Incineroar|Fake Out|p2a: Flamigo
|-damage|p2a: Flamigo|88/100
|cant|p2a: Flamigo|flinch
|
|upkeep
|turn|6
|inactive|Uninspire has 30 seconds left.
|inactive|Uninspire has 20 seconds left.
|
|t:|1757701466
|move|p2a: Flamigo|Brave Bird|p1b: Porygon2
|-damage|p1b: Porygon2|52/100
|-damage|p2a: Flamigo|69/100|[from] Recoil
|move|p2b: Tauros|Close Combat|p1b: Porygon2
|-supereffective|p1b: Porygon2
|-damage|p1b: Porygon2|0 fnt
|-unboost|p2b: Tauros|def|1
|-unboost|p2b: Tauros|spd|1
|faint|p1b: Porygon2
|move|p1a: Incineroar|Parting Shot|p2a: Flamigo
|-unboost|p2a: Flamigo|atk|1
|-unboost|p2a: Flamigo|spa|1
|
|t:|1757701477
|switch|p1a: Charizard|Charizard, L50, F, shiny|100/100|[from] Parting Shot
|
|upkeep
|
|t:|1757701480
|switch|p1b: Incineroar|Incineroar, L50, M, shiny|67/100
|-ability|p1b: Incineroar|Intimidate|boost
|-unboost|p2a: Flamigo|atk|1
|-unboost|p2b: Tauros|atk|1
|turn|7
|
|t:|1757701501
|switch|p2a: Smeargle|Smeargle, L50, M|100/100
|move|p2b: Tauros|Protect|p2b: Tauros
|-singleturn|p2b: Tauros|Protect
|move|p1b: Incineroar|Fake Out|p2b: Tauros
|-activate|p2b: Tauros|move: Protect
|move|p1a: Charizard|Heat Wave|p2b: Tauros|[spread] p2a
|-activate|p2b: Tauros|move: Protect
|-enditem|p2a: Smeargle|Focus Sash
|-damage|p2a: Smeargle|1/100
|
|-ability|p2a: Smeargle|Moody|boost
|-boost|p2a: Smeargle|def|2
|-unboost|p2a: Smeargle|spd|1
|upkeep
|turn|8
|
|t:|1757701519
|move|p1a: Charizard|Heat Wave|p2a: Smeargle|[spread] p2a,p2b
|-resisted|p2b: Tauros
|-damage|p2a: Smeargle|0 fnt
|-damage|p2b: Tauros|46/100
|faint|p2a: Smeargle
|move|p2b: Tauros|Raging Bull|p1a: Charizard
|-supereffective|p1a: Charizard
|-damage|p1a: Charizard|21/100
|move|p1b: Incineroar|Parting Shot|p2b: Tauros
|-unboost|p2b: Tauros|atk|1
|-unboost|p2b: Tauros|spa|1
|
|t:|1757701527
|switch|p1b: Ursaluna|Ursaluna, L50, M, shiny, tera:Ghost|61/100 brn|[from] Parting Shot
|
|-damage|p1b: Ursaluna|55/100 brn|[from] brn
|upkeep
|
|t:|1757701530
|switch|p2a: Flamigo|Flamigo, L50, F, tera:Stellar|69/100
|-copyboost|p2a: Flamigo|p2b: Tauros|[from] ability: Costar
|turn|9
|
|t:|1757701550
|switch|p1b: Incineroar|Incineroar, L50, M, shiny|67/100
|-ability|p1b: Incineroar|Intimidate|boost
|-unboost|p2a: Flamigo|atk|1
|-unboost|p2b: Tauros|atk|1
|move|p2a: Flamigo|Brave Bird|p1b: Incineroar
|-damage|p1b: Incineroar|41/100
|-enditem|p1b: Incineroar|Sitrus Berry|[eat]
|-heal|p1b: Incineroar|66/100|[from] item: Sitrus Berry
|-damage|p2a: Flamigo|58/100|[from] Recoil
|move|p2b: Tauros|Raging Bull|p1a: Charizard
|-supereffective|p1a: Charizard
|-damage|p1a: Charizard|0 fnt
|faint|p1a: Charizard
|
|upkeep
|
|t:|1757701563
|switch|p1a: Ursaluna|Ursaluna, L50, M, shiny, tera:Ghost|55/100 brn
|turn|10
|
|t:|1757701577
|move|p1b: Incineroar|Fake Out|p2b: Tauros
|-damage|p2b: Tauros|22/100
|move|p2a: Flamigo|Brave Bird|p1a: Ursaluna
|-damage|p1a: Ursaluna|35/100 brn
|-damage|p2a: Flamigo|49/100|[from] Recoil
|move|p2b: Tauros|Raging Bull|p1a: Ursaluna
|-damage|p1a: Ursaluna|20/100 brn
|move|p1a: Ursaluna|Facade|p2a: Flamigo
|-damage|p2a: Flamigo|0 fnt
|faint|p2a: Flamigo
|
|-damage|p1a: Ursaluna|14/100 brn|[from] brn
|upkeep
|turn|11
|
|t:|1757701585
|move|p2b: Tauros|Protect|p2b: Tauros
|-singleturn|p2b: Tauros|Protect
|move|p1b: Incineroar|Knock Off|p2b: Tauros
|-activate|p2b: Tauros|move: Protect
|move|p1a: Ursaluna|Facade|p2b: Tauros
|-activate|p2b: Tauros|move: Protect
|
|-damage|p1a: Ursaluna|8/100 brn|[from] brn
|upkeep
|turn|12
|
|t:|1757701594
|move|p2b: Tauros|Raging Bull|p1a: Ursaluna
|-damage|p1a: Ursaluna|0 fnt
|faint|p1a: Ursaluna
|move|p1b: Incineroar|Knock Off|p2b: Tauros
|-resisted|p2b: Tauros
|-damage|p2b: Tauros|0 fnt
|-enditem|p2b: Tauros|Covert Cloak|[from] move: Knock Off|[of] p1b: Incineroar
|faint|p2b: Tauros
|
|win|Uninspire
||Uninspire is ready for game 3.
||swag morra is ready for game 3.
|uhtml|next|Next: Game 3 of 3
|l|☆swag morra
|player|p2|
