|j|☆LetherOCE
|j|☆ScottyNZ
|html|LetherOCEScottyNZ    
|uhtml|bestof|Game 3 of a best-of-3
|t:|1757752975
|gametype|doubles
|player|p1|LetherOCE|steven|
|player|p2|ScottyNZ|265|
|gen|9
|tier|[Gen 9] VGC 2025 Reg H (Bo3)
|rule|Species Clause: Limit one of each Pokémon
|rule|Item Clause: Limit 1 of each item
|clearpoke
|poke|p1|Sneasler, L50, F|
|poke|p1|Garchomp, L50, F|
|poke|p1|Corviknight, L50, F|
|poke|p1|Volcarona, L50, F|
|poke|p1|Primarina, L50, M|
|poke|p1|Rillaboom, L50, F|
|poke|p2|Tatsugiri, L50, M|
|poke|p2|Dondozo, L50, F|
|poke|p2|Sneasler, L50, M|
|poke|p2|Indeedee, L50, M|
|poke|p2|Talonflame, L50, M|
|poke|p2|Glimmora, L50, M|
|teampreview|4
|showteam|p1|Sneasler||FocusSash|PoisonTouch|FakeOut,DireClaw,CloseCombat,Coaching|||F|||50|,,,,,Ghost]Garchomp||LifeOrb|RoughSkin|Protect,SwordsDance,StompingTantrum,DragonClaw|||F|||50|,,,,,Fairy]Corviknight||Leftovers|MirrorArmor|BraveBird,BodyPress,BulkUp,Roost|||F|||50|,,,,,Dragon]Volcarona||SafetyGoggles|FlameBody|FieryDance,Tailwind,RagePowder,StruggleBug|||F|||50|,,,,,Steel]Primarina||SitrusBerry|LiquidVoice|Protect,HyperVoice,Moonblast,Haze|||M|||50|,,,,,Poison]Rillaboom||AssaultVest|GrassySurge|FakeOut,GrassyGlide,HighHorsepower,WoodHammer|||F|||50|,,,,,Fire
|showteam|p2|Tatsugiri||ChoiceScarf|Commander|MuddyWater,IcyWind,Taunt,DracoMeteor|||M|||50|,,,,,Steel]Dondozo||Leftovers|Unaware|Protect,Earthquake,OrderUp,WaveCrash|||F|||50|,,,,,Poison]Sneasler||PsychicSeed|Unburden|CloseCombat,DireClaw,Protect,ThroatChop|||M|||50|,,,,,Dark]Indeedee||FocusSash|PsychicSurge|Imprison,TrickRoom,ExpandingForce,Protect|||M|||50|,,,,,Psychic]Talonflame||CovertCloak|GaleWings|Tailwind,WillOWisp,FlareBlitz,DualWingbeat|||M|||50|,,,,,Steel]Glimmora||PowerHerb|ToxicDebris|EarthPower,SludgeBomb,SpikyShield,MeteorBeam|||M|||50|,,,,,Grass
|inactive|Battle timer is ON: inactive players will automatically lose when time's up. (requested by ScottyNZ)
|j| arrascaxeira
|
|t:|1757753002
|teamsize|p1|4
|teamsize|p2|4
|start
|switch|p1a: Primarina|Primarina, L50, M|100/100
|switch|p1b: Garchomp|Garchomp, L50, F|100/100
|switch|p2a: Talonflame|Talonflame, L50, M|100/100
|switch|p2b: Glimmora|Glimmora, L50, M|100/100
|turn|1
|inactive|LetherOCE has 30 seconds left.
|inactive|LetherOCE has 20 seconds left.
|inactive|LetherOCE has 15 seconds left.
|
|t:|1757753042
|switch|p1a: Corviknight|Corviknight, L50, F|100/100
|-terastallize|p2b: Glimmora|Grass
|move|p2a: Talonflame|Will-O-Wisp|p1b: Garchomp|[miss]
|-miss|p2a: Talonflame|p1b: Garchomp
|move|p1b: Garchomp|Dragon Claw|p2a: Talonflame
|-damage|p2a: Talonflame|20/100
|-damage|p1b: Garchomp|91/100|[from] item: Life Orb
|move|p2b: Glimmora|Sludge Bomb|p1a: Corviknight
|-immune|p1a: Corviknight
|
|upkeep
|turn|2
|inactive|LetherOCE has 30 seconds left.
|inactive|ScottyNZ has 30 seconds left.
|inactive|LetherOCE has 20 seconds left.
|inactive|LetherOCE has 15 seconds left.
|
|t:|1757753083
|move|p2a: Talonflame|Flare Blitz|p1a: Corviknight
|-supereffective|p1a: Corviknight
|-damage|p1a: Corviknight|18/100
|-damage|p2a: Talonflame|0 fnt|[from] Recoil
|faint|p2a: Talonflame
|move|p1b: Garchomp|Dragon Claw|p2b: Glimmora
|-damage|p2b: Glimmora|34/100
|-activate|p2b: Glimmora|ability: Toxic Debris
|-sidestart|p1: LetherOCE|move: Toxic Spikes
|-damage|p1b: Garchomp|81/100|[from] item: Life Orb
|move|p2b: Glimmora|Meteor Beam||[still]
|-prepare|p2b: Glimmora|Meteor Beam
|-boost|p2b: Glimmora|spa|1
|-enditem|p2b: Glimmora|Power Herb
|-anim|p2b: Glimmora|Meteor Beam|p1a: Corviknight
|-damage|p1a: Corviknight|0 fnt
|faint|p1a: Corviknight
|
|upkeep
|
|t:|1757753105
|switch|p2a: Indeedee|Indeedee, L50, M|100/100
|switch|p1a: Sneasler|Sneasler, L50, F|100/100
|-sideend|p1: LetherOCE|move: Toxic Spikes|[of] p1a: Sneasler
|-fieldstart|move: Psychic Terrain|[from] ability: Psychic Surge|[of] p2a: Indeedee
|turn|3
|
|t:|1757753122
|move|p2a: Indeedee|Protect|p2a: Indeedee
|-singleturn|p2a: Indeedee|Protect
|move|p1a: Sneasler|Dire Claw|p2a: Indeedee
|-activate|p2a: Indeedee|move: Protect
|move|p1b: Garchomp|Dragon Claw|p2a: Indeedee
|-activate|p2a: Indeedee|move: Protect
|move|p2b: Glimmora|Earth Power|p1a: Sneasler
|-supereffective|p1a: Sneasler
|-enditem|p1a: Sneasler|Focus Sash
|-damage|p1a: Sneasler|1/100
|
|upkeep
|turn|4
|j| areestoo
|
|t:|1757753146
|move|p1a: Sneasler|Dire Claw|p2a: Indeedee
|-damage|p2a: Indeedee|20/100
|-status|p2a: Indeedee|psn
|move|p1b: Garchomp|Stomping Tantrum|p2a: Indeedee
|-damage|p2a: Indeedee|0 fnt
|faint|p2a: Indeedee
|-damage|p1b: Garchomp|72/100|[from] item: Life Orb
|move|p2b: Glimmora|Sludge Bomb|p1b: Garchomp
|-resisted|p1b: Garchomp
|-damage|p1b: Garchomp|31/100
|-status|p1b: Garchomp|psn
|
|-damage|p1b: Garchomp|18/100 psn|[from] psn
|upkeep
|
|t:|1757753159
|switch|p2a: Sneasler|Sneasler, L50, M|100/100
|-enditem|p2a: Sneasler|Psychic Seed
|-boost|p2a: Sneasler|spd|1|[from] item: Psychic Seed
|turn|5
|inactive|ScottyNZ has 30 seconds left.
|
|t:|1757753185
|move|p2a: Sneasler|Dire Claw|p1b: Garchomp
|-resisted|p1b: Garchomp
|-crit|p1b: Garchomp
|-damage|p1b: Garchomp|0 fnt
|-damage|p2a: Sneasler|88/100|[from] ability: Rough Skin|[of] p1b: Garchomp
|faint|p1b: Garchomp
|move|p1a: Sneasler|Dire Claw|p2b: Glimmora
|-supereffective|p2b: Glimmora
|-damage|p2b: Glimmora|0 fnt
|-activate|p2b: Glimmora|ability: Toxic Debris
|-sidestart|p1: LetherOCE|move: Toxic Spikes
|faint|p2b: Glimmora
|
|upkeep
|
|t:|1757753196
|switch|p1b: Primarina|Primarina, L50, M|100/100
|-status|p1b: Primarina|psn
|turn|6
|
|t:|1757753203
|-terastallize|p1b: Primarina|Poison
|move|p2a: Sneasler|Dire Claw|p1a: Sneasler
|-resisted|p1a: Sneasler
|-damage|p1a: Sneasler|0 fnt
|faint|p1a: Sneasler
|move|p1b: Primarina|Moonblast|p2a: Sneasler
|-damage|p2a: Sneasler|45/100
|
|-damage|p1b: Primarina|88/100 psn|[from] psn
|upkeep
|turn|7
|
|t:|1757753221
|move|p2a: Sneasler|Throat Chop|p1b: Primarina
|-damage|p1b: Primarina|59/100 psn
|-start|p1b: Primarina|Throat Chop|[silent]
|move|p1b: Primarina|Moonblast|p2a: Sneasler
|-damage|p2a: Sneasler|0 fnt
|faint|p2a: Sneasler
|
|win|LetherOCE
