|j|☆hugoggg
|j|☆Sir AaronVGC
|html|hugogggSir AaronVGC    
|uhtml|bestof|Game 3 of a best-of-3
|t:|1783534446
|gametype|doubles
|player|p1|hugoggg|265|
|player|p2|Sir AaronVGC|#smogonxnpa2026draftee2|
|gen|9
|tier|[Gen 9 Champions] VGC 2026 Reg M-B (Bo3)
|rule|Species Clause: Limit one of each Pokémon
|rule|Item Clause: Limit 1 of each item
|clearpoke
|poke|p1|Meowstic, L50, M|
|poke|p1|Overqwil, L50, F|
|poke|p1|Sableye, L50, F|
|poke|p1|Delphox, L50, M|
|poke|p1|Sneasler, L50, F|
|poke|p1|Falinks, L50|
|poke|p2|Aerodactyl, L50, M, shiny|
|poke|p2|Sneasler, L50, F, shiny|
|poke|p2|Froslass, L50, F|
|poke|p2|Tsareena, L50, F, shiny|
|poke|p2|Kingambit, L50, M|
|poke|p2|Basculegion, L50, M|
|teampreview|4
|showteam|p1|Meowstic||BrightPowder|Prankster|FakeOut,SunnyDay,Yawn,LightScreen|Careful||M|||50|]Overqwil||Leftovers|Intimidate|BarbBarrage,Minimize,Stockpile,Protect|Careful||F|||50|]Sableye||LightClay|Prankster|LightScreen,Reflect,Encore,Disable|Bold||F|||50|]Delphox||Delphoxite|Blaze|HeatWave,StoredPower,PsychUp,Protect|Timid||M|||50|]Sneasler||FocusSash|PoisonTouch|CloseCombat,DireClaw,QuickGuard,FakeOut|Jolly||F|||50|]Falinks||SitrusBerry|BattleArmor|BodyPress,PsychUp,Rest,ThroatChop|Impish|||||50|
|showteam|p2|Aerodactyl||Aerodactylite|Unnerve|RockSlide,DualWingbeat,Tailwind,Protect|Jolly||M|||50|]Sneasler||LifeOrb|PoisonTouch|DireClaw,CloseCombat,FakeOut,Protect|Adamant||F|||50|]Froslass||Froslassite|SnowCloak|Blizzard,ShadowBall,DestinyBond,Protect|Timid||F|||50|]Tsareena||WideLens|QueenlyMajesty|PowerWhip,LowKick,TripleAxel,HelpingHand|Adamant||F|||50|]Kingambit||BlackGlasses|Defiant|KowtowCleave,SuckerPunch,SwordsDance,Protect|Adamant||M|||50|]Basculegion||FocusSash|Adaptability|Liquidation,LastRespects,AquaJet,Protect|Adamant||M|||50|
|inactive|Battle timer is ON: inactive players will automatically lose when time's up. (requested by Sir AaronVGC)
|
|t:|1783534504
|teamsize|p1|4
|teamsize|p2|4
|start
|switch|p1a: Sableye|Sableye, L50, F|100/100
|switch|p1b: Overqwil|Overqwil, L50, F|100/100
|switch|p2a: Aria|Froslass, L50, F|100/100
|switch|p2b: Koroleva|Tsareena, L50, F, shiny|100/100
|-ability|p1b: Overqwil|Intimidate|boost
|-unboost|p2a: Aria|atk|1
|-unboost|p2b: Koroleva|atk|1
|turn|1
|
|t:|1783534525
|detailschange|p2a: Aria|Froslass-Mega, L50, F
|-mega|p2a: Aria|Froslass|Froslassite
|-weather|Snowscape|[from] ability: Snow Warning|[of] p2a: Aria
|move|p2b: Koroleva|Helping Hand|p2a: Aria
|-singleturn|p2a: Aria|Helping Hand|[of] p2b: Koroleva
|move|p1a: Sableye|Light Screen|p1a: Sableye
|-sidestart|p1: hugoggg|move: Light Screen
|move|p2a: Aria|Blizzard|p1b: Overqwil|[spread] p1a,p1b
|-damage|p1a: Sableye|36/100
|-damage|p1b: Overqwil|62/100
|move|p1b: Overqwil|Stockpile|p1b: Overqwil
|-start|p1b: Overqwil|stockpile1
|-boost|p1b: Overqwil|def|1
|-boost|p1b: Overqwil|spd|1
|
|-weather|Snowscape|[upkeep]
|-heal|p1b: Overqwil|68/100|[from] item: Leftovers
|upkeep
|turn|2
|inactive|Sir AaronVGC has 30 seconds left.
|inactive|hugoggg has 30 seconds left.
|inactive|Sir AaronVGC has 20 seconds left.
|
|t:|1783534568
|move|p2b: Koroleva|Helping Hand|p2a: Aria
|-singleturn|p2a: Aria|Helping Hand|[of] p2b: Koroleva
|move|p1a: Sableye|Reflect|p1a: Sableye
|-sidestart|p1: hugoggg|Reflect
|move|p2a: Aria|Blizzard|p1b: Overqwil|[spread] p1a,p1b
|-damage|p1a: Sableye|0 fnt
|-damage|p1b: Overqwil|39/100
|faint|p1a: Sableye
|move|p1b: Overqwil|Barb Barrage|p2a: Aria
|-resisted|p2a: Aria|1
|-damage|p2a: Aria|88/100
|
|-weather|Snowscape|[upkeep]
|-heal|p1b: Overqwil|45/100|[from] item: Leftovers
|upkeep
|
|t:|1783534582
|switch|p1a: Delphox|Delphox, L50, M|100/100
|turn|3
|
|t:|1783534596
|switch|p2b: Longclaw|Sneasler, L50, F, shiny|100/100
|detailschange|p1a: Delphox|Delphox-Mega, L50, M
|-mega|p1a: Delphox|Delphox|Delphoxite
|move|p2a: Aria|Protect|p2a: Aria
|-singleturn|p2a: Aria|Protect
|move|p1a: Delphox|Heat Wave|p2b: Longclaw|[spread] p2b
|-activate|p2a: Aria|move: Protect
|-damage|p2b: Longclaw|52/100
|move|p1b: Overqwil|Minimize|p1b: Overqwil
|-boost|p1b: Overqwil|evasion|2
|
|-weather|Snowscape|[upkeep]
|-heal|p1b: Overqwil|51/100|[from] item: Leftovers
|upkeep
|turn|4
|
|t:|1783534619
|move|p2b: Longclaw|Fake Out|p1a: Delphox
|-crit|p1a: Delphox
|-damage|p1a: Delphox|64/100
|-damage|p2b: Longclaw|43/100|[from] item: Life Orb
|cant|p1a: Delphox|flinch
|move|p2a: Aria|Destiny Bond|p2a: Aria
|-singlemove|p2a: Aria|Destiny Bond
|move|p1b: Overqwil|Barb Barrage|p2b: Longclaw
|-resisted|p2b: Longclaw|1
|-damage|p2b: Longclaw|25/100
|
|-weather|Snowscape|[upkeep]
|-heal|p1b: Overqwil|57/100|[from] item: Leftovers
|upkeep
|turn|5
|
|t:|1783534640
|move|p1a: Delphox|Protect|p1a: Delphox
|-singleturn|p1a: Delphox|Protect
|move|p2a: Aria|Shadow Ball|p1a: Delphox
|-activate|p1a: Delphox|move: Protect
|move|p2b: Longclaw|Dire Claw|p1a: Delphox
|-activate|p1a: Delphox|move: Protect
|move|p1b: Overqwil|Barb Barrage|p2a: Aria
|-resisted|p2a: Aria|1
|-damage|p2a: Aria|76/100
|
|-weather|none
|-heal|p1b: Overqwil|64/100|[from] item: Leftovers
|upkeep
|turn|6
|
|t:|1783534660
|move|p1a: Delphox|Heat Wave|p2a: Aria|[spread] p2a,p2b
|-supereffective|p2a: Aria|1
|-crit|p2b: Longclaw
|-damage|p2a: Aria|0 fnt
|-damage|p2b: Longclaw|0 fnt
|faint|p2a: Aria
|faint|p2b: Longclaw
|move|p1b: Overqwil|Stockpile|p1b: Overqwil
|-start|p1b: Overqwil|stockpile2
|-boost|p1b: Overqwil|def|1
|-boost|p1b: Overqwil|spd|1
|
|-heal|p1b: Overqwil|70/100|[from] item: Leftovers
|upkeep
|
|t:|1783534663
|switch|p2a: Koroleva|Tsareena, L50, F, shiny|100/100
|switch|p2b: Houndfish|Basculegion, L50, M|100/100
|turn|7
|inactive|Sir AaronVGC has 30 seconds left.
|
|t:|1783534690
|move|p2a: Koroleva|Helping Hand|p2b: Houndfish
|-singleturn|p2b: Houndfish|Helping Hand|[of] p2a: Koroleva
|move|p2b: Houndfish|Aqua Jet|p1a: Delphox
|-supereffective|p1a: Delphox|1
|-damage|p1a: Delphox|0 fnt
|faint|p1a: Delphox
|move|p1b: Overqwil|Barb Barrage|p2b: Houndfish
|-resisted|p2b: Houndfish|1
|-damage|p2b: Houndfish|85/100
|
|-heal|p1b: Overqwil|76/100|[from] item: Leftovers
|upkeep
|
|t:|1783534701
|switch|p1a: Falinks|Falinks, L50|100/100
|turn|8
|
|t:|1783534717
|move|p2a: Koroleva|Helping Hand|p2b: Houndfish
|-singleturn|p2b: Houndfish|Helping Hand|[of] p2a: Koroleva
|move|p2b: Houndfish|Last Respects|p1a: Falinks
|-damage|p1a: Falinks|9/100
|-enditem|p1a: Falinks|Sitrus Berry|[eat]
|-heal|p1a: Falinks|33/100|[from] item: Sitrus Berry
|move|p1b: Overqwil|Barb Barrage|p2b: Houndfish
|-resisted|p2b: Houndfish|1
|-damage|p2b: Houndfish|70/100
|move|p1a: Falinks|Throat Chop|p2b: Houndfish
|-supereffective|p2b: Houndfish|1
|-damage|p2b: Houndfish|23/100
|-start|p2b: Houndfish|Throat Chop|[silent]
|
|-heal|p1b: Overqwil|82/100|[from] item: Leftovers
|-sideend|p1: hugoggg|move: Light Screen
|upkeep
|turn|9
|
|t:|1783534739
|move|p2b: Houndfish|Protect|p2b: Houndfish
|-singleturn|p2b: Houndfish|Protect
|move|p2a: Koroleva|Power Whip|p1a: Falinks
|-damage|p1a: Falinks|0 fnt
|faint|p1a: Falinks
|move|p1b: Overqwil|Barb Barrage|p2b: Houndfish
|-activate|p2b: Houndfish|move: Protect
|
|-heal|p1b: Overqwil|89/100|[from] item: Leftovers
|-end|p2b: Houndfish|Throat Chop|[silent]
|-sideend|p1: hugoggg|Reflect
|upkeep
|turn|10
|
|t:|1783534754
|move|p2a: Koroleva|Helping Hand|p2b: Houndfish
|-singleturn|p2b: Houndfish|Helping Hand|[of] p2a: Koroleva
|move|p2b: Houndfish|Last Respects|p1b: Overqwil|[miss]
|-miss|p2b: Houndfish|p1b: Overqwil
|move|p1b: Overqwil|Barb Barrage|p2b: Houndfish
|-resisted|p2b: Houndfish|1
|-damage|p2b: Houndfish|9/100
|-status|p2b: Houndfish|psn
|
|-heal|p1b: Overqwil|95/100|[from] item: Leftovers
|-damage|p2b: Houndfish|0 fnt|[from] psn
|faint|p2b: Houndfish
|upkeep
|turn|11
|-message|Sir AaronVGC forfeited.
|
|win|hugoggg
|c|☆hugoggg|ggwp!
|c|☆Sir AaronVGC|ggs
