|j|☆NotAfrogGaming
|j|☆lux raymundi
|html|NotAfrogGaminglux raymundi    
|uhtml|bestof|Game 1 of a best-of-3
|t:|1785278152
|gametype|doubles
|player|p1|NotAfrogGaming|boarder|1143
|player|p2|lux raymundi|265|1342
|gen|9
|tier|[Gen 9 Champions] VGC 2026 Reg M-B (Bo3)
|rated|
|rule|Species Clause: Limit one of each Pokémon
|rule|Item Clause: Limit 1 of each item
|clearpoke
|poke|p1|Gengar, L50, F|
|poke|p1|Whimsicott, L50, M, shiny|
|poke|p1|Mamoswine, L50, M|
|poke|p1|Raichu, L50, F|
|poke|p1|Incineroar, L50, M, shiny|
|poke|p1|Decidueye-Hisui, L50, M|
|poke|p2|Sneasler, L50, M|
|poke|p2|Blastoise, L50, M|
|poke|p2|Kingambit, L50, M|
|poke|p2|Incineroar, L50, M|
|poke|p2|Delphox, L50, F|
|poke|p2|Sinistcha, L50|
|teampreview|4
|showteam|p1|Gengar||Gengarite|CursedBody|ShadowBall,SludgeBomb,Disable,Protect|Timid||F|||50|]Whimsicott||FocusSash|Prankster|Moonblast,Tailwind,Encore,Protect|Timid||M|||50|]Mamoswine||LifeOrb|Oblivious|IcicleCrash,HighHorsepower,IceShard,Protect|Jolly||M|||50|]Raichu||RaichuniteY|LightningRod|ZapCannon,FocusBlast,FakeOut,Protect|Timid||F|||50|]Incineroar||SitrusBerry|Intimidate|FlareBlitz,DarkestLariat,PartingShot,FakeOut|Careful||M|||50|]Decidueye-Hisui||ScopeLens|Scrappy|TripleArrows,LeafBlade,KnockOff,Protect|Adamant||M|||50|
|showteam|p2|Sneasler||FocusSash|PoisonTouch|PoisonJab,CloseCombat,FakeOut,QuickGuard|Jolly||M|||50|]Blastoise||Blastoisinite|RainDish|DarkPulse,WaterSpout,ShellSmash,Protect|Modest||M|||50|]Kingambit||BlackGlasses|Defiant|KowtowCleave,SuckerPunch,SwordsDance,Protect|Adamant||M|||50|]Incineroar||SitrusBerry|Intimidate|FlareBlitz,ThroatChop,PartingShot,FakeOut|Careful||M|||50|]Delphox||Delphoxite|Blaze|HeatWave,NastyPlot,Psychic,Protect|Timid||F|||50|]Sinistcha||KasibBerry|Hospitality|MatchaGotcha,RagePowder,TrickRoom,Protect|Bold|||||50|
|inactive|Battle timer is ON: inactive players will automatically lose when time's up. (requested by lux raymundi)
|inactive|NotAfrogGaming has 60 seconds left.
|
|t:|1785278259
|teamsize|p1|4
|teamsize|p2|4
|start
|switch|p1a: Lil Guy|Whimsicott, L50, M, shiny|100/100
|switch|p1b: Zappy|Raichu, L50, F|100/100
|switch|p2a: Sneasler|Sneasler, L50, M|100/100
|switch|p2b: Delphox|Delphox, L50, F|100/100
|turn|1
|inactive|NotAfrogGaming has 30 seconds left.
|
|t:|1785278284
|detailschange|p2b: Delphox|Delphox-Mega, L50, F
|-mega|p2b: Delphox|Delphox|Delphoxite
|move|p1a: Lil Guy|Protect|p1a: Lil Guy
|-singleturn|p1a: Lil Guy|Protect
|move|p1b: Zappy|Protect|p1b: Zappy
|-singleturn|p1b: Zappy|Protect
|move|p2a: Sneasler|Fake Out|p1a: Lil Guy
|-activate|p1a: Lil Guy|move: Protect
|move|p2b: Delphox|Nasty Plot|p2b: Delphox
|-boost|p2b: Delphox|spa|2
|
|upkeep
|turn|2
|inactive|lux raymundi has 30 seconds left.
|
|t:|1785278312
|detailschange|p1b: Zappy|Raichu-Mega-Y, L50, F
|-mega|p1b: Zappy|Raichu|Raichunite Y
|move|p2a: Sneasler|Quick Guard|p2a: Sneasler
|-singleturn|p2a: Sneasler|Quick Guard
|move|p1a: Lil Guy|Encore|p2b: Delphox
|-activate|p2b: Delphox|move: Quick Guard
|move|p2b: Delphox|Heat Wave|p1a: Lil Guy|[spread] p1a,p1b
|-supereffective|p1a: Lil Guy|1
|-enditem|p1a: Lil Guy|Focus Sash
|-damage|p1a: Lil Guy|1/100
|-damage|p1b: Zappy|0 fnt
|faint|p1b: Zappy
|
|upkeep
|
|t:|1785278322
|switch|p1b: Incineroar|Incineroar, L50, M, shiny|100/100
|-ability|p1b: Incineroar|Intimidate|boost
|-unboost|p2a: Sneasler|atk|1
|-unboost|p2b: Delphox|atk|1
|turn|3
|
|t:|1785278342
|move|p2b: Delphox|Protect|p2b: Delphox
|-singleturn|p2b: Delphox|Protect
|move|p1a: Lil Guy|Tailwind|p1a: Lil Guy
|-sidestart|p1: NotAfrogGaming|move: Tailwind
|move|p2a: Sneasler|Poison Jab|p1a: Lil Guy
|-supereffective|p1a: Lil Guy|2
|-damage|p1a: Lil Guy|0 fnt
|faint|p1a: Lil Guy
|move|p1b: Incineroar|Darkest Lariat|p2b: Delphox
|-activate|p2b: Delphox|move: Protect
|
|upkeep
|
|t:|1785278352
|switch|p1a: Decidueye|Decidueye-Hisui, L50, M|100/100
|turn|4
|
|t:|1785278374
|switch|p2b: Sinistcha|Sinistcha, L50|100/100
|move|p1a: Decidueye|Knock Off|p2b: Sinistcha
|-supereffective|p2b: Sinistcha|1
|-damage|p2b: Sinistcha|42/100
|-enditem|p2b: Sinistcha|Kasib Berry|[from] move: Knock Off|[of] p1a: Decidueye
|move|p2a: Sneasler|Close Combat|p1b: Incineroar
|-supereffective|p1b: Incineroar|1
|-damage|p1b: Incineroar|36/100
|-unboost|p2a: Sneasler|def|1
|-unboost|p2a: Sneasler|spd|1
|-status|p1b: Incineroar|psn|[from] ability: Poison Touch|[of] p2a: Sneasler
|-enditem|p1b: Incineroar|Sitrus Berry|[eat]
|-heal|p1b: Incineroar|61/100 psn|[from] item: Sitrus Berry
|move|p1b: Incineroar|Darkest Lariat|p2b: Sinistcha
|-supereffective|p2b: Sinistcha|1
|-damage|p2b: Sinistcha|0 fnt
|faint|p2b: Sinistcha
|
|-damage|p1b: Incineroar|49/100 psn|[from] psn
|upkeep
|inactive|lux raymundi has 30 seconds left.
|
|t:|1785278401
|switch|p2b: Kingambit|Kingambit, L50, M|100/100
|turn|5
|
|t:|1785278420
|move|p2b: Kingambit|Protect|p2b: Kingambit
|-singleturn|p2b: Kingambit|Protect
|move|p1a: Decidueye|Triple Arrows|p2a: Sneasler
|-resisted|p2a: Sneasler|1
|-crit|p2a: Sneasler
|-damage|p2a: Sneasler|15/100
|-unboost|p2a: Sneasler|def|1
|move|p2a: Sneasler|Close Combat|p1b: Incineroar
|-supereffective|p1b: Incineroar|1
|-damage|p1b: Incineroar|0 fnt
|-unboost|p2a: Sneasler|def|1
|-unboost|p2a: Sneasler|spd|1
|faint|p1b: Incineroar
|
|upkeep
|turn|6
|
|t:|1785278439
|switch|p2a: Delphox|Delphox-Mega, L50, F|100/100
|move|p1a: Decidueye|Knock Off|p2a: Delphox
|-supereffective|p2a: Delphox|1
|-damage|p2a: Delphox|34/100
|move|p2b: Kingambit|Kowtow Cleave|p1a: Decidueye
|-resisted|p1a: Decidueye|1
|-damage|p1a: Decidueye|68/100
|
|-sideend|p1: NotAfrogGaming|move: Tailwind
|upkeep
|turn|7
|
|t:|1785278451
|move|p2a: Delphox|Psychic|p1a: Decidueye
|-supereffective|p1a: Decidueye|1
|-damage|p1a: Decidueye|0 fnt
|faint|p1a: Decidueye
|
|win|lux raymundi
