|j|☆wait for swarley
|j|☆snailboss
|html|wait for swarleysnailboss    
|uhtml|bestof|Game 2 of a best-of-3
|t:|1755819098
|gametype|doubles
|player|p1|wait for swarley|volo|1397
|player|p2|snailboss|hilda-wonderlauncher|1284
|gen|9
|tier|[Gen 9] VGC 2025 Reg H (Bo3)
|rated|
|rule|Species Clause: Limit one of each Pokémon
|rule|Item Clause: Limit 1 of each item
|clearpoke
|poke|p1|Dachsbun, L50, F|
|poke|p1|Torkoal, L50, M|
|poke|p1|Typhlosion-Hisui, L50, F|
|poke|p1|Kingambit, L50, M|
|poke|p1|Rillaboom, L50, M|
|poke|p1|Zoroark-Hisui, L50, M|
|poke|p2|Kingambit, L50, F|
|poke|p2|Zoroark-Hisui, L50, F|
|poke|p2|Rillaboom, L50, M|
|poke|p2|Volcarona, L50, M|
|poke|p2|Tauros-Paldea-Aqua, L50, M|
|poke|p2|Clefable, L50, F|
|teampreview|4
|showteam|p1|Dachsbun||Leftovers|WellBakedBody|BodyPress,Snarl,Rest,Yawn|||F|||50|,,,,,Steel]Torkoal||SitrusBerry|Drought|WeatherBall,Eruption,LavaPlume,Protect|||M|||50|,,,,,Fire]Typhlosion-Hisui||ChoiceScarf|Blaze|Eruption,ShadowBall,LavaPlume,Overheat|||F|||50|,,,,,Dark]Kingambit||BlackGlasses|Defiant|SuckerPunch,Assurance,Protect,SwordsDance|||M|||50|,,,,,Dark]Rillaboom||AssaultVest|GrassySurge|FakeOut,GrassyGlide,WoodHammer,Uturn|||M|||50|,,,,,Water]Zoroark-Hisui||ChoiceSpecs|Illusion|Snarl,BitterMalice,HyperVoice,HyperBeam|||M|||50|,,,,,Normal
|showteam|p2|Kingambit||BlackGlasses|Defiant|SuckerPunch,KowtowCleave,SwordsDance,Protect|||F|||50|,,,,,Ghost]Zoroark-Hisui||ChoiceSpecs|Illusion|HyperVoice,ShadowBall,HyperBeam,Flamethrower|||F|||50|,,,,,Normal]Rillaboom||AssaultVest|GrassySurge|FakeOut,GrassyGlide,WoodHammer,HighHorsepower|||M|||50|,,,,,Fire]Volcarona||CovertCloak|FlameBody|QuiverDance,HeatWave,GigaDrain,Protect|||M|||50|,,,,,Grass]Tauros-Paldea-Aqua||GrassySeed|Intimidate|WaveCrash,BodyPress,Protect,AquaJet|||M|||50|,,,,,Fire]Clefable||SafetyGoggles|Unaware|Moonblast,FollowMe,Protect,HelpingHand|||F|||50|,,,,,Ghost
|inactive|Battle timer is ON: inactive players will automatically lose when time's up. (requested by wait for swarley)
|inactive|wait for swarley has 60 seconds left.
|
|t:|1755819143
|teamsize|p1|4
|teamsize|p2|4
|start
|switch|p1a: Typhlosion|Typhlosion-Hisui, L50, F|100/100
|switch|p1b: Rillaboom|Rillaboom, L50, M, shiny|100/100
|switch|p2a: Kingambit|Kingambit, L50, F|100/100
|switch|p2b: Tauros|Tauros-Paldea-Aqua, L50, M|100/100
|-fieldstart|move: Grassy Terrain|[from] ability: Grassy Surge|[of] p1b: Rillaboom
|turn|1
|inactive|wait for swarley has 30 seconds left.
|inactive|snailboss has 30 seconds left.
|
|t:|1755819176
|switch|p1b: Dachsbun|Dachsbun, L50, F, shiny|100/100
|-terastallize|p1a: Typhlosion|Dark
|-terastallize|p2a: Kingambit|Ghost
|move|p2a: Kingambit|Sucker Punch|p1a: Typhlosion
|-resisted|p1a: Typhlosion
|-damage|p1a: Typhlosion|70/100
|move|p1a: Typhlosion|Lava Plume|p2b: Tauros|[spread] p2a,p2b
|-ability|p1b: Dachsbun|Well-Baked Body|boost
|-boost|p1b: Dachsbun|def|2
|-damage|p2a: Kingambit|69/100
|-damage|p2b: Tauros|38/100
|replace|p2b: Zoroark|Zoroark-Hisui, L50, F
|-end|p2b: Zoroark|Illusion
|move|p2b: Zoroark|Hyper Voice|p1a: Typhlosion|[spread] p1a,p1b
|-damage|p1a: Typhlosion|5/100
|-damage|p1b: Dachsbun|40/100
|
|-heal|p1a: Typhlosion|11/100|[from] Grassy Terrain
|-heal|p2b: Zoroark|44/100|[from] Grassy Terrain
|-heal|p1b: Dachsbun|47/100|[from] Grassy Terrain
|-heal|p1b: Dachsbun|53/100|[from] item: Leftovers
|-heal|p2a: Kingambit|75/100|[from] Grassy Terrain
|upkeep
|turn|2
|inactive|wait for swarley has 30 seconds left.
|
|t:|1755819205
|switch|p1a: Rillaboom|Rillaboom, L50, M, shiny|100/100
|move|p2a: Kingambit|Sucker Punch||[still]
|-fail|p2a: Kingambit
|move|p2b: Zoroark|Hyper Voice|p1b: Dachsbun|[spread] p1a,p1b
|-crit|p1a: Rillaboom
|-damage|p1a: Rillaboom|43/100
|-damage|p1b: Dachsbun|0 fnt
|faint|p1b: Dachsbun
|
|-heal|p2b: Zoroark|50/100|[from] Grassy Terrain
|-heal|p1a: Rillaboom|49/100|[from] Grassy Terrain
|-heal|p2a: Kingambit|81/100|[from] Grassy Terrain
|upkeep
|
|t:|1755819216
|switch|p1b: Typhlosion|Typhlosion-Hisui, L50, F, tera:Dark|11/100
|turn|3
|
|t:|1755819233
|move|p1a: Rillaboom|Grassy Glide|p2b: Zoroark
|-damage|p2b: Zoroark|0 fnt
|faint|p2b: Zoroark
|move|p2a: Kingambit|Sucker Punch|p1b: Typhlosion
|-resisted|p1b: Typhlosion
|-crit|p1b: Typhlosion
|-damage|p1b: Typhlosion|0 fnt
|faint|p1b: Typhlosion
|
|-heal|p1a: Rillaboom|55/100|[from] Grassy Terrain
|-heal|p2a: Kingambit|87/100|[from] Grassy Terrain
|upkeep
|
|t:|1755819245
|switch|p2b: Rillaboom|Rillaboom, L50, M|100/100
|switch|p1b: Torkoal|Torkoal, L50, M|100/100
|-weather|SunnyDay|[from] ability: Drought|[of] p1b: Torkoal
|turn|4
|inactive|wait for swarley has 30 seconds left.
|inactive|snailboss has 30 seconds left.
|inactive|wait for swarley has 20 seconds left.
|inactive|snailboss has 20 seconds left.
|inactive|wait for swarley has 15 seconds left.
|inactive|snailboss has 15 seconds left.
|inactive|wait for swarley has 10 seconds left.
|inactive|snailboss has 10 seconds left.
|
|t:|1755819292
|move|p1b: Torkoal|Protect|p1b: Torkoal
|-singleturn|p1b: Torkoal|Protect
|move|p2b: Rillaboom|Wood Hammer|p1b: Torkoal
|-activate|p1b: Torkoal|move: Protect
|move|p1a: Rillaboom|Wood Hammer|p2a: Kingambit
|-damage|p2a: Kingambit|23/100
|-damage|p1a: Rillaboom|34/100|[from] Recoil
|move|p2a: Kingambit|Kowtow Cleave|p1b: Torkoal
|-activate|p1b: Torkoal|move: Protect
|
|-weather|SunnyDay|[upkeep]
|-heal|p1a: Rillaboom|40/100|[from] Grassy Terrain
|-heal|p2a: Kingambit|29/100|[from] Grassy Terrain
|upkeep
|turn|5
|
|t:|1755819311
|move|p1a: Rillaboom|Grassy Glide|p2a: Kingambit
|-damage|p2a: Kingambit|1/100
|move|p2a: Kingambit|Sucker Punch||[still]
|-fail|p2a: Kingambit
|move|p2b: Rillaboom|High Horsepower|p1b: Torkoal
|-supereffective|p1b: Torkoal
|-damage|p1b: Torkoal|47/100
|-enditem|p1b: Torkoal|Sitrus Berry|[eat]
|-heal|p1b: Torkoal|72/100|[from] item: Sitrus Berry
|move|p1b: Torkoal|Weather Ball|p2b: Rillaboom
|-supereffective|p2b: Rillaboom
|-damage|p2b: Rillaboom|9/100
|
|-weather|SunnyDay|[upkeep]
|-heal|p2b: Rillaboom|15/100|[from] Grassy Terrain
|-heal|p1a: Rillaboom|46/100|[from] Grassy Terrain
|-heal|p2a: Kingambit|7/100|[from] Grassy Terrain
|-heal|p1b: Torkoal|78/100|[from] Grassy Terrain
|-fieldend|move: Grassy Terrain
|upkeep
|turn|6
|inactive|wait for swarley has 30 seconds left.
|inactive|snailboss has 30 seconds left.
|inactive|wait for swarley has 20 seconds left.
|inactive|snailboss has 20 seconds left.
|inactive|wait for swarley has 15 seconds left.
|inactive|wait for swarley has 10 seconds left.
|inactive|wait for swarley has 5 seconds left.
|
|t:|1755819363
|move|p2a: Kingambit|Sucker Punch|p1a: Rillaboom
|-damage|p1a: Rillaboom|3/100
|move|p2b: Rillaboom|High Horsepower|p1b: Torkoal
|-supereffective|p1b: Torkoal
|-damage|p1b: Torkoal|32/100
|move|p1a: Rillaboom|Grassy Glide|p2a: Kingambit
|-damage|p2a: Kingambit|0 fnt
|faint|p2a: Kingambit
|move|p1b: Torkoal|Weather Ball|p2b: Rillaboom
|-supereffective|p2b: Rillaboom
|-damage|p2b: Rillaboom|0 fnt
|faint|p2b: Rillaboom
|
|-weather|SunnyDay|[upkeep]
|upkeep
|
|t:|1755819379
|switch|p2b: Tauros|Tauros-Paldea-Aqua, L50, M|100/100
|-ability|p2b: Tauros|Intimidate|boost
|-unboost|p1a: Rillaboom|atk|1
|-unboost|p1b: Torkoal|atk|1
|turn|7
|inactive|wait for swarley has 30 seconds left.
|
|t:|1755819404
|move|p2b: Tauros|Aqua Jet|p1a: Rillaboom
|-resisted|p1a: Rillaboom
|-damage|p1a: Rillaboom|0 fnt
|faint|p1a: Rillaboom
|move|p1b: Torkoal|Weather Ball|p2b: Tauros
|-resisted|p2b: Tauros
|-damage|p2b: Tauros|54/100
|
|-weather|SunnyDay|[upkeep]
|upkeep
|turn|8
|c|☆wait for swarley|Ggs
|
|t:|1755819420
|move|p2b: Tauros|Protect|p2b: Tauros
|-singleturn|p2b: Tauros|Protect
|move|p1b: Torkoal|Weather Ball|p2b: Tauros
|-activate|p2b: Tauros|move: Protect
|
|-weather|none
|upkeep
|turn|9
|c|☆snailboss|ggs... my true brother
|
|t:|1755819430
|move|p2b: Tauros|Wave Crash|p1b: Torkoal
|-supereffective|p1b: Torkoal
|-crit|p1b: Torkoal
|-damage|p1b: Torkoal|0 fnt
|faint|p1b: Torkoal
|-damage|p2b: Tauros|43/100|[from] Recoil
|
|win|snailboss
|raw|wait for swarley's rating: 1397 → 1371(-26 for losing)
|raw|snailboss's rating: 1284 → 1317(+33 for winning)
