|j|☆AzzaD123
|j|☆tacoman007
|html|AzzaD123tacoman007    
|uhtml|bestof|Game 1 of a best-of-3
|t:|1784581299
|gametype|doubles
|player|p1|AzzaD123|gardenia|1110
|player|p2|tacoman007|102|1042
|gen|9
|tier|[Gen 9 Champions] VGC 2026 Reg M-B (Bo3)
|rated|
|rule|Species Clause: Limit one of each Pokémon
|rule|Item Clause: Limit 1 of each item
|clearpoke
|poke|p1|Incineroar, L50, F|
|poke|p1|Reuniclus, L50, F|
|poke|p1|Lycanroc-Dusk, L50, F|
|poke|p1|Froslass, L50, F|
|poke|p1|Mawile, L50, F|
|poke|p1|Noivern, L50, M|
|poke|p2|Alakazam, L50, F|
|poke|p2|Volcarona, L50, M|
|poke|p2|Grimmsnarl, L50, M|
|poke|p2|Scizor, L50, F|
|poke|p2|Farigiraf, L50, F|
|poke|p2|Scrafty, L50, M|
|teampreview|4
|showteam|p1|Incineroar||ShucaBerry|Intimidate|FakeOut,PartingShot,ThroatChop,FlareBlitz|Adamant||F|||50|]Reuniclus||LifeOrb|MagicGuard|Trick,Imprison,Psychic,PainSplit|Calm||F|||50|]Lycanroc-Dusk||FocusSash|ToughClaws|Protect,Accelerock,CloseCombat,ThroatChop|Jolly||F|||50|]Froslass||Froslassite|CursedBody|Protect,NastyPlot,Blizzard,ShadowBall|Timid||F|||50|]Mawile||Mawilite|Intimidate|Protect,SuckerPunch,PlayRough,IronHead|Adamant||F|||50|]Noivern||SitrusBerry|Frisk|SuperFang,Taunt,Protect,Tailwind|Timid||M|||50|
|showteam|p2|Alakazam||Alakazite|InnerFocus|Psychic,DazzlingGleam,NastyPlot,Protect|Modest||F|||50|]Volcarona||ChoiceScarf|FlameBody|BugBuzz,Flamethrower,Uturn,RagePowder|Modest||M|||50|]Grimmsnarl||LightClay|Prankster|SuckerPunch,LightScreen,Reflect,PartingShot|Sassy||M|||50|]Scizor||FocusSash|Technician|BulletPunch,BugBite,Tailwind,Protect|Adamant||F|||50|]Farigiraf||ColburBerry|ArmorTail|HyperVoice,TrickRoom,Imprison,Protect|Bold||F|||50|]Scrafty||Scraftinite|Intimidate|FakeOut,DrainPunch,KnockOff,Protect|Adamant||M|||50|
|
|t:|1784581336
|teamsize|p1|4
|teamsize|p2|4
|start
|switch|p1a: Noivern|Noivern, L50, M|100/100
|switch|p1b: Incineroar|Incineroar, L50, F|100/100
|switch|p2a: Alakazam|Alakazam, L50, F|100/100
|switch|p2b: Volcarona|Volcarona, L50, M|100/100
|-item|p2a: Alakazam|Alakazite|[from] ability: Frisk|[of] p1a: Noivern
|-item|p2b: Volcarona|Choice Scarf|[from] ability: Frisk|[of] p1a: Noivern
|-ability|p1b: Incineroar|Intimidate|boost
|-fail|p2a: Alakazam|unboost|Attack|[from] ability: Inner Focus|[of] p2a: Alakazam
|-unboost|p2b: Volcarona|atk|1
|turn|1
|
|t:|1784581385
|switch|p2b: Farigiraf|Farigiraf, L50, F|100/100
|detailschange|p2a: Alakazam|Alakazam-Mega, L50, F
|-mega|p2a: Alakazam|Alakazam|Alakazite
|-ability|p2a: Alakazam|Intimidate|Trace|[from] ability: Trace|[of] p1b: Incineroar
|-ability|p2a: Alakazam|Intimidate|boost
|-unboost|p1a: Noivern|atk|1
|-unboost|p1b: Incineroar|atk|1
|move|p2a: Alakazam|Protect|p2a: Alakazam
|-singleturn|p2a: Alakazam|Protect
|move|p1a: Noivern|Taunt|p2b: Farigiraf
|-start|p2b: Farigiraf|move: Taunt
|move|p1b: Incineroar|Throat Chop|p2a: Alakazam
|-activate|p2a: Alakazam|move: Protect
|
|upkeep
|turn|2
|inactive|Battle timer is ON: inactive players will automatically lose when time's up. (requested by AzzaD123)
|
|t:|1784581412
|switch|p2a: Volcarona|Volcarona, L50, M|100/100
|move|p1a: Noivern|Tailwind|p1a: Noivern
|-sidestart|p1: AzzaD123|move: Tailwind
|move|p1b: Incineroar|Parting Shot|p2a: Volcarona
|-unboost|p2a: Volcarona|atk|1
|-unboost|p2a: Volcarona|spa|1
|
|t:|1784581421
|switch|p1b: Lycanroc|Lycanroc-Dusk, L50, F|100/100|[from] Parting Shot
|move|p2b: Farigiraf|Hyper Voice|p1a: Noivern|[spread] p1a,p1b
|-resisted|p1b: Lycanroc|1
|-damage|p1a: Noivern|70/100
|-damage|p1b: Lycanroc|79/100
|
|upkeep
|turn|3
|inactive|tacoman007 has 30 seconds left.
|
|t:|1784581447
|move|p1b: Lycanroc|Protect|p1b: Lycanroc
|-singleturn|p1b: Lycanroc|Protect
|move|p1a: Noivern|Super Fang|p2b: Farigiraf
|-damage|p2b: Farigiraf|50/100g
|move|p2a: Volcarona|U-turn|p1b: Lycanroc
|-activate|p1b: Lycanroc|move: Protect
|move|p2b: Farigiraf|Hyper Voice|p1a: Noivern|[spread] p1a
|-activate|p1b: Lycanroc|move: Protect
|-damage|p1a: Noivern|40/100
|-enditem|p1a: Noivern|Sitrus Berry|[eat]
|-heal|p1a: Noivern|64/100|[from] item: Sitrus Berry
|
|-end|p2b: Farigiraf|move: Taunt
|upkeep
|turn|4
|
|t:|1784581467
|move|p1a: Noivern|Taunt|p2b: Farigiraf
|-start|p2b: Farigiraf|move: Taunt
|move|p1b: Lycanroc|Throat Chop|p2b: Farigiraf
|-supereffective|p2b: Farigiraf|1
|-enditem|p2b: Farigiraf|Colbur Berry|[eat]
|-enditem|p2b: Farigiraf|Colbur Berry|[weaken]
|-damage|p2b: Farigiraf|27/100
|-start|p2b: Farigiraf|Throat Chop|[silent]
|move|p2a: Volcarona|U-turn|p1b: Lycanroc
|-damage|p1b: Lycanroc|63/100
|
|t:|1784581478
|switch|p2a: Scizor|Scizor, L50, F|100/100|[from] U-turn
|cant|p2b: Farigiraf|move: Throat Chop
|
|upkeep
|turn|5
|
|t:|1784581499
|switch|p1b: Incineroar|Incineroar, L50, F|100/100
|-ability|p1b: Incineroar|Intimidate|boost
|-unboost|p2a: Scizor|atk|1
|-unboost|p2b: Farigiraf|atk|1
|switch|p2b: Volcarona|Volcarona, L50, M|100/100
|move|p2a: Scizor|Bullet Punch|p1a: Noivern
|-damage|p1a: Noivern|39/100
|move|p1a: Noivern|Super Fang|p2a: Scizor
|-damage|p2a: Scizor|50/100g
|
|-sideend|p1: AzzaD123|move: Tailwind
|upkeep
|turn|6
|inactive|tacoman007 has 30 seconds left.
|inactive|tacoman007 has 20 seconds left.
|inactive|tacoman007 has 15 seconds left.
|inactive|tacoman007 has 10 seconds left.
|
|t:|1784581548
|move|p2b: Volcarona|U-turn|p1b: Incineroar
|-damage|p1b: Incineroar|84/100
|
|t:|1784581552
|switch|p2b: Alakazam|Alakazam-Mega, L50, F|100/100|[from] U-turn
|-ability|p2b: Alakazam|Intimidate|Trace|[from] ability: Trace|[of] p1b: Incineroar
|-ability|p2b: Alakazam|Intimidate|boost
|-unboost|p1a: Noivern|atk|1
|-unboost|p1b: Incineroar|atk|1
|move|p1a: Noivern|Tailwind|p1a: Noivern
|-sidestart|p1: AzzaD123|move: Tailwind
|move|p1b: Incineroar|Flare Blitz|p2a: Scizor
|-supereffective|p2a: Scizor|2
|-damage|p2a: Scizor|0 fnt
|faint|p2a: Scizor
|-damage|p1b: Incineroar|72/100|[from] Recoil
|
|upkeep
|-message|tacoman007 forfeited.
|
|win|AzzaD123
||AzzaD123 is ready for game 2.
