|j|☆Csalexsander
|j|☆Jadedragon61
|html|CsalexsanderJadedragon61    
|uhtml|bestof|Game 1 of a best-of-3
|t:|1756678796
|gametype|doubles
|player|p1|Csalexsander|101|1063
|player|p2|Jadedragon61|beni-ninja|1113
|gen|9
|tier|[Gen 9] VGC 2025 Reg H (Bo3)
|rated|
|rule|Species Clause: Limit one of each Pokémon
|rule|Item Clause: Limit 1 of each item
|clearpoke
|poke|p1|Arcanine-Hisui, L50, M|
|poke|p1|Gholdengo, L50|
|poke|p1|Rillaboom, L50, M|
|poke|p1|Porygon2, L50|
|poke|p2|Basculegion, L50, M|
|poke|p2|Garchomp, L50, F|
|poke|p2|Archaludon, L50, F|
|poke|p2|Pelipper, L50, M|
|poke|p2|Amoonguss, L50, M|
|poke|p2|Incineroar, L50, M|
|teampreview|4
|showteam|p1|Arcanine-Hisui||LifeOrb|RockHead|FlareBlitz,DoubleEdge,RockSlide,Protect|||M|||50|,,,,,Normal]Gholdengo||ChoiceSpecs|GoodasGold|MakeItRain,ShadowBall,FocusBlast,Trick||||||50|,,,,,Steel]Rillaboom||AssaultVest|GrassySurge|FakeOut,WoodHammer,HighHorsepower,Uturn|||M|||50|,,,,,Grass]Porygon2||Eviolite|Download|TeraBlast,IceBeam,Recover,TrickRoom||||||50|,,,,,Normal
|showteam|p2|Basculegion||ChoiceBand|SwiftSwim|WaveCrash,LastRespects,AquaJet,FlipTurn|||M|||50|,,,,,Water]Garchomp||ClearAmulet|RoughSkin|Earthquake,StompingTantrum,DragonClaw,Protect|||F|||50|,,,,,Fire]Archaludon||AssaultVest|Stamina|FlashCannon,DragonPulse,ElectroShot,BodyPress|||F|||50|,,,,,Grass]Pelipper||FocusSash|Drizzle|Hurricane,WeatherBall,Tailwind,Protect|||M|||50|,,,,,Ghost]Amoonguss||CovertCloak|Regenerator|RagePowder,PollenPuff,Spore,Protect|||M|||50|,,,,,Water]Incineroar||SafetyGoggles|Intimidate|FakeOut,KnockOff,Taunt,PartingShot|||M|||50|,,,,,Ghost
|inactive|Battle timer is ON: inactive players will automatically lose when time's up. (requested by Jadedragon61)
|
|t:|1756678815
|teamsize|p1|4
|teamsize|p2|4
|start
|switch|p1a: Rillaboom|Rillaboom, L50, M|100/100
|switch|p1b: Porygon2|Porygon2, L50|100/100
|switch|p2a: Forsh|Basculegion, L50, M, shiny|100/100
|switch|p2b: Hazel|Incineroar, L50, M, shiny|100/100
|-fieldstart|move: Grassy Terrain|[from] ability: Grassy Surge|[of] p1a: Rillaboom
|-ability|p2b: Hazel|Intimidate|boost
|-unboost|p1a: Rillaboom|atk|1
|-unboost|p1b: Porygon2|atk|1
|-ability|p1b: Porygon2|Download|boost
|-boost|p1b: Porygon2|atk|1
|turn|1
|inactive|Csalexsander has 30 seconds left.
|inactive|Jadedragon61 has 30 seconds left.
|inactive|Csalexsander has 20 seconds left.
|inactive|Csalexsander has 15 seconds left.
|inactive|Csalexsander has 10 seconds left.
|
|t:|1756678865
|switch|p2a: Toilet|Pelipper, L50, M, shiny|100/100
|-weather|RainDance|[from] ability: Drizzle|[of] p2a: Toilet
|move|p1a: Rillaboom|High Horsepower|p2b: Hazel
|-supereffective|p2b: Hazel
|-damage|p2b: Hazel|60/100
|move|p2b: Hazel|Taunt|p1b: Porygon2
|-start|p1b: Porygon2|move: Taunt
|move|p1b: Porygon2|Ice Beam|p2a: Toilet
|-damage|p2a: Toilet|63/100
|
|-weather|RainDance|[upkeep]
|-heal|p2b: Hazel|66/100|[from] Grassy Terrain
|upkeep
|turn|2
|inactive|Csalexsander has 30 seconds left.
|inactive|Csalexsander has 20 seconds left.
|inactive|Csalexsander has 15 seconds left.
|inactive|Csalexsander has 10 seconds left.
|inactive|Csalexsander has 5 seconds left.
|
|t:|1756678916
|move|p1a: Rillaboom|U-turn|p2b: Hazel
|-damage|p2b: Hazel|50/100
|
|t:|1756678928
|switch|p1a: Gholdengo|Gholdengo, L50|100/100|[from] U-turn
|move|p2a: Toilet|Tailwind|p2a: Toilet
|-sidestart|p2: Jadedragon61|move: Tailwind
|move|p2b: Hazel|Parting Shot|p1a: Gholdengo
|-immune|p1a: Gholdengo|[from] ability: Good as Gold
|move|p1b: Porygon2|Ice Beam|p2a: Toilet
|-damage|p2a: Toilet|27/100
|
|-weather|RainDance|[upkeep]
|-heal|p2b: Hazel|56/100|[from] Grassy Terrain
|upkeep
|turn|3
|inactive|Csalexsander has 30 seconds left.
|
|t:|1756678958
|-terastallize|p1a: Gholdengo|Steel
|move|p2a: Toilet|Hurricane|p1a: Gholdengo
|-resisted|p1a: Gholdengo
|-damage|p1a: Gholdengo|72/100
|move|p2b: Hazel|Knock Off|p1a: Gholdengo
|-damage|p1a: Gholdengo|25/100
|-enditem|p1a: Gholdengo|Choice Specs|[from] move: Knock Off|[of] p2b: Hazel
|move|p1a: Gholdengo|Make It Rain|p2a: Toilet|[spread] p2a,p2b
|-resisted|p2a: Toilet
|-resisted|p2b: Hazel
|-damage|p2a: Toilet|0 fnt
|-damage|p2b: Hazel|28/100
|-unboost|p1a: Gholdengo|spa|1
|faint|p2a: Toilet
|move|p1b: Porygon2|Tera Blast|p2b: Hazel
|-damage|p2b: Hazel|0 fnt
|faint|p2b: Hazel
|
|-weather|RainDance|[upkeep]
|-heal|p1a: Gholdengo|31/100|[from] Grassy Terrain
|-end|p1b: Porygon2|move: Taunt
|upkeep
|
|t:|1756678963
|switch|p2a: Arf|Garchomp, L50, F, shiny|100/100
|switch|p2b: Forsh|Basculegion, L50, M, shiny|100/100
|turn|4
|inactive|Csalexsander has 30 seconds left.
|inactive|Csalexsander has 20 seconds left.
|
|t:|1756678998
|switch|p1a: Rillaboom|Rillaboom, L50, M|100/100
|-terastallize|p2b: Forsh|Water
|move|p2b: Forsh|Wave Crash|p1b: Porygon2
|-damage|p1b: Porygon2|0 fnt
|faint|p1b: Porygon2
|-damage|p2b: Forsh|69/100|[from] Recoil
|move|p2a: Arf|Earthquake|p1a: Rillaboom|[spread] p2b,p1a
|-resisted|p1a: Rillaboom
|-damage|p2b: Forsh|41/100
|-damage|p1a: Rillaboom|88/100
|
|-weather|RainDance|[upkeep]
|-heal|p2b: Forsh|47/100|[from] Grassy Terrain
|-heal|p1a: Rillaboom|94/100|[from] Grassy Terrain
|upkeep
|
|t:|1756679014
|switch|p1b: Arcanine|Arcanine-Hisui, L50, M|100/100
|turn|5
|
|t:|1756679033
|move|p1a: Rillaboom|Fake Out|p2b: Forsh
|-damage|p2b: Forsh|31/100
|cant|p2b: Forsh|flinch
|move|p2a: Arf|Dragon Claw|p1a: Rillaboom
|-damage|p1a: Rillaboom|45/100
|move|p1b: Arcanine|Double-Edge|p2a: Arf
|-damage|p2a: Arf|48/100
|-damage|p1b: Arcanine|88/100|[from] ability: Rough Skin|[of] p2a: Arf
|-damage|p1b: Arcanine|78/100|[from] item: Life Orb
|
|-weather|none
|-heal|p2b: Forsh|36/100|[from] Grassy Terrain
|-heal|p2a: Arf|54/100|[from] Grassy Terrain
|-heal|p1b: Arcanine|84/100|[from] Grassy Terrain
|-heal|p1a: Rillaboom|51/100|[from] Grassy Terrain
|-sideend|p2: Jadedragon61|move: Tailwind
|-fieldend|move: Grassy Terrain
|upkeep
|turn|6
|
|t:|1756679057
|move|p1b: Arcanine|Rock Slide|p2b: Forsh|[spread] p2a,p2b
|-resisted|p2a: Arf
|-damage|p2a: Arf|38/100
|-damage|p2b: Forsh|0 fnt
|faint|p2b: Forsh
|-damage|p1b: Arcanine|74/100|[from] item: Life Orb
|move|p2a: Arf|Stomping Tantrum|p1b: Arcanine
|-supereffective|p1b: Arcanine
|-damage|p1b: Arcanine|0 fnt
|faint|p1b: Arcanine
|move|p1a: Rillaboom|Wood Hammer|p2a: Arf
|-damage|p2a: Arf|0 fnt
|-damage|p1a: Rillaboom|39/100|[from] ability: Rough Skin|[of] p2a: Arf
|faint|p2a: Arf
|-damage|p1a: Rillaboom|26/100|[from] Recoil
|
|win|Csalexsander
|inactive|Csalexsander has 30 seconds to confirm battle start!
|inactive|Jadedragon61 has 30 seconds to confirm battle start!
||Csalexsander is ready for game 2.
|inactive|Jadedragon61 has 20 seconds to confirm battle start!
|l|☆Jadedragon61
|player|p2|
