|j|‽OptimalDiss
|j|☆MrGardnHose
|html|OptimalDissMrGardnHose    
|uhtml|bestof|Game 1 of a best-of-3
|t:|1782241366
|gametype|doubles
|player|p1|OptimalDiss|benga|1020
|player|p2|MrGardnHose|jasmine-masters2|1005
|gen|9
|tier|[Gen 9 Champions] VGC 2026 Reg M-B (Bo3)
|rated|
|rule|Species Clause: Limit one of each Pokémon
|rule|Item Clause: Limit 1 of each item
|clearpoke
|poke|p1|Trevenant, L50, M|
|poke|p1|Tyranitar, L50, F|
|poke|p1|Excadrill, L50, F|
|poke|p1|Houndstone, L50, F|
|poke|p1|Staraptor, L50, M|
|poke|p1|Krookodile, L50, M|
|poke|p2|Metagross, L50|
|poke|p2|Garchomp, L50, F|
|poke|p2|Talonflame, L50, F|
|poke|p2|Eelektross, L50, F|
|poke|p2|Basculegion, L50, M|
|poke|p2|Kingambit, L50, F|
|teampreview|4
|showteam|p1|Trevenant||SitrusBerry|Harvest|Protect,WoodHammer,AllySwitch,WillOWisp|Careful||M|||50|]Tyranitar||Tyranitarite|SandStream|Protect,RockSlide,KnockOff,DragonDance|Adamant||F|||50|]Excadrill||FocusSash|SandRush|Protect,RockSlide,IronHead,HighHorsepower|Adamant||F|||50|]Houndstone||KasibBerry|SandRush|PsychicFangs,LastRespects,DestinyBond,AllySwitch|Adamant||F|||50|]Staraptor||Staraptite|Intimidate|Protect,BraveBird,CloseCombat,Roost|Jolly||M|||50|]Krookodile||ChoiceScarf|Intimidate|Earthquake,KnockOff,GunkShot,Snarl|Jolly||M|||50|
|showteam|p2|Metagross||Metagrossite|ClearBody|IronHead,PsychicFangs,IcePunch,Protect|Timid|||||50|]Garchomp||LifeOrb|RoughSkin|Earthquake,RockSlide,DragonClaw,Protect|Jolly||F|||50|]Talonflame||SharpBeak|GaleWings|DualWingbeat,FlareBlitz,Tailwind,UpperHand|Jolly||F|||50|]Eelektross||Eelektrossite|Levitate|Thunderbolt,Discharge,GigaDrain,Protect|Modest||F|||50|]Basculegion||MysticWater|Adaptability|AquaJet,WaveCrash,LastRespects,Protect|Adamant||M|||50|]Kingambit||BlackGlasses|Defiant|KowtowCleave,SuckerPunch,LowKick,Protect|Adamant||F|||50|
|inactive|Battle timer is ON: inactive players will automatically lose when time's up. (requested by OptimalDiss)
|
|t:|1782241392
|teamsize|p1|4
|teamsize|p2|4
|start
|switch|p1a: Trevenant|Trevenant, L50, M|100/100
|switch|p1b: Tyranitar|Tyranitar, L50, F|100/100
|switch|p2a: Garchomp|Garchomp, L50, F|100/100
|switch|p2b: Talonflame|Talonflame, L50, F|100/100
|-weather|Sandstorm|[from] ability: Sand Stream|[of] p1b: Tyranitar
|turn|1
|
|t:|1782241403
|detailschange|p1b: Tyranitar|Tyranitar-Mega, L50, F
|-mega|p1b: Tyranitar|Tyranitar|Tyranitarite
|move|p1a: Trevenant|Ally Switch|p1a: Trevenant
|swap|p1a: Trevenant|1|[from] move: Ally Switch
|move|p2b: Talonflame|Flare Blitz|p1b: Trevenant
|-supereffective|p1b: Trevenant|1
|-damage|p1b: Trevenant|8/100
|-enditem|p1b: Trevenant|Sitrus Berry|[eat]
|-heal|p1b: Trevenant|33/100|[from] item: Sitrus Berry
|-damage|p2b: Talonflame|62/100|[from] Recoil
|move|p2a: Garchomp|Earthquake|p1b: Trevenant|[spread] p1a,p1b
|-immune|p2b: Talonflame
|-supereffective|p1a: Tyranitar|1
|-resisted|p1b: Trevenant|1
|-damage|p1a: Tyranitar|23/100
|-damage|p1b: Trevenant|10/100
|-damage|p2a: Garchomp|90/100|[from] item: Life Orb
|move|p1a: Tyranitar|Rock Slide|p2b: Talonflame|[spread] p2b
|-miss|p1a: Tyranitar|p2a: Garchomp
|-supereffective|p2b: Talonflame|2
|-damage|p2b: Talonflame|0 fnt
|faint|p2b: Talonflame
|
|-weather|Sandstorm|[upkeep]
|-damage|p1b: Trevenant|4/100|[from] Sandstorm
|-item|p1b: Trevenant|Sitrus Berry|[from] ability: Harvest
|upkeep
|-enditem|p1b: Trevenant|Sitrus Berry|[eat]
|-heal|p1b: Trevenant|29/100|[from] item: Sitrus Berry
|
|t:|1782241411
|switch|p2b: Metagross|Metagross, L50|100/100
|turn|2
|inactive|OptimalDiss has 30 seconds left.
|
|t:|1782241437
|switch|p1b: Houndstone|Houndstone, L50, F|100/100
|detailschange|p2b: Metagross|Metagross-Mega, L50
|-mega|p2b: Metagross|Metagross|Metagrossite
|move|p1a: Tyranitar|Protect|p1a: Tyranitar
|-singleturn|p1a: Tyranitar|Protect
|move|p2b: Metagross|Iron Head|p1a: Tyranitar
|-activate|p1a: Tyranitar|move: Protect
|move|p2a: Garchomp|Dragon Claw|p1b: Houndstone
|-damage|p1b: Houndstone|39/100
|-damage|p2a: Garchomp|80/100|[from] item: Life Orb
|
|-weather|Sandstorm|[upkeep]
|upkeep
|turn|3
|
|t:|1782241456
|move|p2b: Metagross|Protect|p2b: Metagross
|-singleturn|p2b: Metagross|Protect
|move|p1b: Houndstone|Ally Switch|p1b: Houndstone
|swap|p1b: Houndstone|0|[from] move: Ally Switch
|move|p2a: Garchomp|Dragon Claw|p1a: Houndstone
|-damage|p1a: Houndstone|0 fnt
|faint|p1a: Houndstone
|-damage|p2a: Garchomp|70/100|[from] item: Life Orb
|move|p1b: Tyranitar|Knock Off|p2b: Metagross
|-activate|p2b: Metagross|move: Protect
|
|-weather|Sandstorm|[upkeep]
|upkeep
|
|t:|1782241460
|switch|p1a: Excadrill|Excadrill, L50, F|100/100
|turn|4
|
|t:|1782241468
|move|p1a: Excadrill|High Horsepower|p2b: Metagross
|-supereffective|p2b: Metagross|1
|-damage|p2b: Metagross|10/100
|move|p2b: Metagross|Iron Head|p1b: Tyranitar
|-supereffective|p1b: Tyranitar|1
|-damage|p1b: Tyranitar|0 fnt
|faint|p1b: Tyranitar
|move|p2a: Garchomp|Earthquake|p1a: Excadrill|[spread] p2b,p1a
|-supereffective|p2b: Metagross|1
|-supereffective|p1a: Excadrill|1
|-damage|p2b: Metagross|0 fnt
|-enditem|p1a: Excadrill|Focus Sash
|-damage|p1a: Excadrill|1/100
|faint|p2b: Metagross
|-damage|p2a: Garchomp|60/100|[from] item: Life Orb
|
|-weather|Sandstorm|[upkeep]
|upkeep
|
|t:|1782241471
|switch|p2b: Basculegion|Basculegion, L50, M|100/100
|switch|p1b: Trevenant|Trevenant, L50, M|29/100
|turn|5
|
|t:|1782241483
|move|p1b: Trevenant|Ally Switch|p1b: Trevenant
|swap|p1b: Trevenant|0|[from] move: Ally Switch
|move|p2b: Basculegion|Aqua Jet|p1b: Excadrill
|-supereffective|p1b: Excadrill|1
|-damage|p1b: Excadrill|0 fnt
|faint|p1b: Excadrill
|move|p2a: Garchomp|Dragon Claw|p1a: Trevenant
|-damage|p1a: Trevenant|0 fnt
|faint|p1a: Trevenant
|-damage|p2a: Garchomp|50/100g|[from] item: Life Orb
|
|win|MrGardnHose
