|j|☆dericos
|j|☆Bay13
|html|dericosBay13    
|uhtml|bestof|Game 2 of a best-of-3
|t:|1782250665
|gametype|doubles
|player|p1|dericos|102|1125
|player|p2|Bay13|265|1035
|gen|9
|tier|[Gen 9 Champions] VGC 2026 Reg M-B (Bo3)
|rated|
|rule|Species Clause: Limit one of each Pokémon
|rule|Item Clause: Limit 1 of each item
|clearpoke
|poke|p1|Swampert, L50, M|
|poke|p1|Pelipper, L50, M|
|poke|p1|Archaludon, L50, F|
|poke|p1|Sinistcha, L50|
|poke|p1|Maushold-Four, L50|
|poke|p1|Gholdengo, L50|
|poke|p2|Gengar, L50, M|
|poke|p2|Archaludon, L50, F|
|poke|p2|Politoed, L50, M|
|poke|p2|Scrafty, L50, F|
|poke|p2|Espathra, L50, M|
|poke|p2|Farigiraf, L50, M|
|teampreview|4
|showteam|p1|Swampert||Swampertite|Torrent|WaveCrash,HighHorsepower,IcePunch,Protect|Adamant||M|||50|]Pelipper||SitrusBerry|Drizzle|WeatherBall,Hurricane,Tailwind,WideGuard|Modest||M|||50|]Archaludon||Leftovers|Stamina|ElectroShot,DragonPulse,FlashCannon,Protect|Calm||F|||50|]Sinistcha||KasibBerry|Hospitality|RagePowder,MatchaGotcha,TrickRoom,Protect|Bold|||||50|]Maushold-Four||FocusSash|FriendGuard|FollowMe,SuperFang,RainDance,Protect|Timid|||||50|]Gholdengo||LifeOrb|GoodasGold|MakeItRain,ShadowBall,NastyPlot,Protect|Modest|||||50|
|showteam|p2|Gengar||Gengarite|CursedBody|SludgeWave,ShadowBall,Taunt,Protect|Timid||M|||50|]Archaludon||ChopleBerry|Stalwart|ElectroShot,DracoMeteor,FlashCannon,Protect|Timid||F|||50|]Politoed||SitrusBerry|Drizzle|IcyWind,PerishSong,Encore,Protect|Calm||M|||50|]Scrafty||Scraftinite|Intimidate|FakeOut,KnockOff,CloseCombat,Detect|Adamant||F|||50|]Espathra||FocusSash|SpeedBoost|LuminaCrash,CalmMind,BatonPass,Protect|Modest||M|||50|]Farigiraf||MentalHerb|ArmorTail|Psychic,HyperVoice,TrickRoom,Protect|Sassy||M|||50|
|inactive|Battle timer is ON: inactive players will automatically lose when time's up. (requested by Bay13)
|
|t:|1782250707
|teamsize|p1|4
|teamsize|p2|4
|start
|switch|p1a: Maushold|Maushold-Four, L50|100/100
|switch|p1b: Archaludon|Archaludon, L50, F|100/100
|switch|p2a: Gengar|Gengar, L50, M|100/100
|switch|p2b: Espathra|Espathra, L50, M|100/100
|turn|1
|inactive|dericos has 30 seconds left.
|
|t:|1782250742
|detailschange|p2a: Gengar|Gengar-Mega, L50, M
|-mega|p2a: Gengar|Gengar|Gengarite
|move|p2a: Gengar|Taunt|p1a: Maushold
|-start|p1a: Maushold|move: Taunt
|cant|p1a: Maushold|move: Taunt|Rain Dance
|move|p2b: Espathra|Calm Mind|p2b: Espathra
|-boost|p2b: Espathra|spa|1
|-boost|p2b: Espathra|spd|1
|move|p1b: Archaludon|Electro Shot||[still]
|-prepare|p1b: Archaludon|Electro Shot
|-boost|p1b: Archaludon|spa|1
|
|-ability|p2b: Espathra|Speed Boost|boost
|-boost|p2b: Espathra|spe|1
|upkeep
|turn|2
|
|t:|1782250766
|move|p2b: Espathra|Protect|p2b: Espathra
|-singleturn|p2b: Espathra|Protect
|move|p2a: Gengar|Protect|p2a: Gengar
|-singleturn|p2a: Gengar|Protect
|move|p1a: Maushold|Super Fang|p2b: Espathra
|-activate|p2b: Espathra|move: Protect
|move|p1b: Archaludon|Electro Shot|p2a: Gengar|[from] lockedmove
|-activate|p2a: Gengar|move: Protect
|
|-ability|p2b: Espathra|Speed Boost|boost
|-boost|p2b: Espathra|spe|1
|upkeep
|turn|3
|
|t:|1782250788
|move|p2b: Espathra|Baton Pass|p2b: Espathra
|
|t:|1782250799
|switch|p2b: Archaludon|Archaludon, L50, F|100/100|[from] Baton Pass
|move|p2a: Gengar|Shadow Ball|p1b: Archaludon
|-damage|p1b: Archaludon|67/100
|-ability|p1b: Archaludon|Stamina|boost
|-boost|p1b: Archaludon|def|1
|move|p1a: Maushold|Super Fang|p2b: Archaludon
|-damage|p2b: Archaludon|50/100g
|move|p1b: Archaludon|Dragon Pulse|p2b: Archaludon
|-damage|p2b: Archaludon|0 fnt
|faint|p2b: Archaludon
|
|-heal|p1b: Archaludon|73/100|[from] item: Leftovers
|-end|p1a: Maushold|move: Taunt
|upkeep
|
|t:|1782250802
|switch|p2b: Scrafty|Scrafty, L50, F|100/100
|-ability|p2b: Scrafty|Intimidate|boost
|-unboost|p1a: Maushold|atk|1
|-unboost|p1b: Archaludon|atk|1
|turn|4
|inactive|dericos has 30 seconds left.
|inactive|dericos has 20 seconds left.
|l|☆Bay13
|inactive|Bay13 disconnected and has a minute to reconnect!
|player|p2|
|inactive|dericos has 15 seconds left.
|
|t:|1782250846
|move|p1a: Maushold|Follow Me|p1a: Maushold
|-singleturn|p1a: Maushold|move: Follow Me
|move|p2a: Gengar|Shadow Ball|p1a: Maushold
|-immune|p1a: Maushold
|move|p1b: Archaludon|Dragon Pulse|p2a: Gengar
|-damage|p2a: Gengar|27/100
|move|p2b: Scrafty|Close Combat|p1a: Maushold
|-supereffective|p1a: Maushold|1
|-enditem|p1a: Maushold|Focus Sash
|-damage|p1a: Maushold|1/100
|-unboost|p2b: Scrafty|def|1
|-unboost|p2b: Scrafty|spd|1
|
|-heal|p1b: Archaludon|79/100|[from] item: Leftovers
|upkeep
|turn|5
|j|☆Bay13
|inactive|Bay13 reconnected and has 45 seconds left.
|player|p2|Bay13|265|
|inactive|dericos has 30 seconds left.
|inactive|Bay13 has 30 seconds left.
|
|t:|1782250875
|move|p1a: Maushold|Follow Me|p1a: Maushold
|-singleturn|p1a: Maushold|move: Follow Me
|move|p2a: Gengar|Shadow Ball|p1a: Maushold
|-immune|p1a: Maushold
|move|p1b: Archaludon|Dragon Pulse|p2a: Gengar
|-damage|p2a: Gengar|0 fnt
|faint|p2a: Gengar
|move|p2b: Scrafty|Close Combat|p1a: Maushold
|-supereffective|p1a: Maushold|1
|-damage|p1a: Maushold|0 fnt
|-unboost|p2b: Scrafty|def|1
|-unboost|p2b: Scrafty|spd|1
|faint|p1a: Maushold
|
|-heal|p1b: Archaludon|85/100|[from] item: Leftovers
|upkeep
|
|t:|1782250883
|switch|p2a: Espathra|Espathra, L50, M|100/100
|switch|p1a: Pelipper|Pelipper, L50, M|100/100
|-weather|RainDance|[from] ability: Drizzle|[of] p1a: Pelipper
|turn|6
|
|t:|1782250907
|move|p2a: Espathra|Lumina Crash|p1a: Pelipper
|-damage|p1a: Pelipper|51/100
|-unboost|p1a: Pelipper|spd|2
|move|p1b: Archaludon|Electro Shot||[still]
|-prepare|p1b: Archaludon|Electro Shot
|-boost|p1b: Archaludon|spa|1
|-anim|p1b: Archaludon|Electro Shot|p2a: Espathra
|-enditem|p2a: Espathra|Focus Sash
|-damage|p2a: Espathra|1/100
|move|p1a: Pelipper|Hurricane|p2b: Scrafty
|-supereffective|p2b: Scrafty|1
|-damage|p2b: Scrafty|0 fnt
|faint|p2b: Scrafty
|
|-weather|RainDance|[upkeep]
|-heal|p1b: Archaludon|92/100|[from] item: Leftovers
|-ability|p2a: Espathra|Speed Boost|boost
|-boost|p2a: Espathra|spe|1
|upkeep
|turn|7
|l|☆Bay13
|inactive|Bay13 disconnected and has a minute to reconnect!
|player|p2|
|inactive|Bay13 has 30 seconds left.
|inactive|Bay13 has 20 seconds left.
|inactive|Bay13 has 15 seconds left.
|inactive|Bay13 has 10 seconds left.
|inactive|Bay13 has 5 seconds left.
|-message|Bay13 lost due to inactivity.
|
|win|dericos
|raw|dericos's rating: 1125 → 1144(+19 for winning)
|raw|Bay13's rating: 1035 → 1024(-11 for losing)
