|j|☆Weare17
|j|☆Sizzle2466
|html|Weare17Sizzle2466    
|uhtml|bestof|Game 2 of a best-of-3
|t:|1784204433
|gametype|doubles
|player|p1|Weare17|1|1266
|player|p2|Sizzle2466|2|1263
|gen|9
|tier|[Gen 9 Champions] VGC 2026 Reg M-B (Bo3)
|rated|
|rule|Species Clause: Limit one of each Pokémon
|rule|Item Clause: Limit 1 of each item
|clearpoke
|poke|p1|Basculegion, L50, M|
|poke|p1|Charizard, L50, F|
|poke|p1|Sylveon, L50, F|
|poke|p1|Garchomp, L50, M|
|poke|p1|Aerodactyl, L50, M|
|poke|p1|Kingambit, L50, F|
|poke|p2|Raichu, L50, F|
|poke|p2|Annihilape, L50, F|
|poke|p2|Incineroar, L50, F|
|poke|p2|Sinistcha, L50|
|poke|p2|Floette-Eternal, L50, F|
|poke|p2|Maushold, L50|
|teampreview|4
|showteam|p1|Basculegion||LifeOrb|Adaptability|Protect,AquaJet,LastRespects,WaveCrash|Jolly||M|||50|]Charizard||CharizarditeY|Blaze|Protect,WeatherBall,SolarBeam,HeatWave|Timid||F|||50|]Sylveon||FairyFeather|Pixilate|CalmMind,HyperBeam,HyperVoice,Detect|Modest||F|||50|]Garchomp||ChoiceScarf|RoughSkin|StompingTantrum,DragonClaw,RockSlide,Earthquake|Adamant||M|||50|]Aerodactyl||Aerodactylite|Unnerve|WideGuard,DualWingbeat,RockSlide,Tailwind|Jolly||M|||50|]Kingambit||ChopleBerry|Defiant|IronHead,SuckerPunch,KowtowCleave,LowKick|Adamant||F|||50|
|showteam|p2|Raichu||RaichuniteY|Static|FakeOut,ZapCannon,FocusBlast,Protect|Timid||F|||50|]Annihilape||Leftovers|Defiant|BulkUp,RageFist,DrainPunch,Protect|Adamant||F|||50|]Incineroar||SitrusBerry|Intimidate|FakeOut,FlareBlitz,Taunt,PartingShot|Careful||F|||50|]Sinistcha||CobaBerry|Hospitality|RagePowder,MatchaGotcha,LifeDew,Protect|Bold|||||50|]Floette-Eternal||Floettite|FlowerVeil|CalmMind,DazzlingGleam,DrainingKiss,Protect|Timid||F|||50|]Maushold||WideLens|Technician|PopulationBomb,BeatUp,FollowMe,Protect|Jolly|||||50|
|inactive|Battle timer is ON: inactive players will automatically lose when time's up. (requested by Weare17)
|
|t:|1784204466
|teamsize|p1|4
|teamsize|p2|4
|start
|switch|p1a: Sylveon|Sylveon, L50, F|100/100
|switch|p1b: Garchomp|Garchomp, L50, M|100/100
|switch|p2a: Raichu|Raichu, L50, F|100/100
|switch|p2b: Maushold|Maushold, L50|100/100
|turn|1
|
|t:|1784204482
|detailschange|p2a: Raichu|Raichu-Mega-Y, L50, F
|-mega|p2a: Raichu|Raichu|Raichunite Y
|move|p2a: Raichu|Fake Out|p1b: Garchomp
|-damage|p1b: Garchomp|90/100
|-damage|p2a: Raichu|87/100|[from] ability: Rough Skin|[of] p1b: Garchomp
|cant|p1b: Garchomp|flinch
|move|p2b: Maushold|Population Bomb|p1a: Sylveon
|-damage|p1a: Sylveon|88/100
|-damage|p1a: Sylveon|76/100
|-damage|p1a: Sylveon|65/100
|-damage|p1a: Sylveon|53/100
|-damage|p1a: Sylveon|40/100
|-damage|p1a: Sylveon|29/100
|-damage|p1a: Sylveon|17/100
|-damage|p1a: Sylveon|6/100
|-damage|p1a: Sylveon|0 fnt
|faint|p1a: Sylveon
|-hitcount|p1: Sylveon|9
|
|upkeep
|
|t:|1784204488
|switch|p1a: Aerodactyl|Aerodactyl, L50, M|100/100
|-ability|p1a: Aerodactyl|Unnerve
|turn|2
|inactive|Sizzle2466 has 30 seconds left.
|
|t:|1784204519
|switch|p2a: Incineroar|Incineroar, L50, F|100/100
|-ability|p2a: Incineroar|Intimidate|boost
|-unboost|p1a: Aerodactyl|atk|1
|-unboost|p1b: Garchomp|atk|1
|switch|p2b: Annihilape|Annihilape, L50, F|100/100
|detailschange|p1a: Aerodactyl|Aerodactyl-Mega, L50, M
|-mega|p1a: Aerodactyl|Aerodactyl|Aerodactylite
|move|p1b: Garchomp|Earthquake|p2a: Incineroar|[spread] p2a,p2b
|-immune|p1a: Aerodactyl
|-supereffective|p2a: Incineroar|1
|-damage|p2a: Incineroar|43/100
|-damage|p2b: Annihilape|71/100
|-enditem|p2a: Incineroar|Sitrus Berry|[eat]
|-heal|p2a: Incineroar|68/100|[from] item: Sitrus Berry
|move|p1a: Aerodactyl|Dual Wingbeat|p2b: Annihilape
|-supereffective|p2b: Annihilape|1
|-damage|p2b: Annihilape|33/100
|-supereffective|p2b: Annihilape|1
|-damage|p2b: Annihilape|0 fnt
|faint|p2b: Annihilape
|-hitcount|p2: Annihilape|2
|
|upkeep
|
|t:|1784204537
|switch|p2b: Raichu|Raichu-Mega-Y, L50, F|87/100
|turn|3
|
|t:|1784204547
|move|p2a: Incineroar|Fake Out|p1b: Garchomp
|-damage|p1b: Garchomp|79/100
|-damage|p2a: Incineroar|55/100|[from] ability: Rough Skin|[of] p1b: Garchomp
|cant|p1b: Garchomp|flinch
|move|p1a: Aerodactyl|Rock Slide|p2a: Incineroar|[spread] p2a,p2b
|-supereffective|p2a: Incineroar|1
|-damage|p2a: Incineroar|18/100
|-damage|p2b: Raichu|50/100y
|move|p2b: Raichu|Focus Blast|p1b: Garchomp
|-damage|p1b: Garchomp|33/100
|
|upkeep
|turn|4
|
|t:|1784204561
|switch|p2a: Maushold|Maushold, L50|100/100
|move|p2b: Raichu|Protect|p2b: Raichu
|-singleturn|p2b: Raichu|Protect
|move|p1b: Garchomp|Earthquake|p2a: Maushold|[spread] p2a
|-activate|p2b: Raichu|move: Protect
|-immune|p1a: Aerodactyl
|-damage|p2a: Maushold|57/100
|move|p1a: Aerodactyl|Dual Wingbeat|p2a: Maushold
|-damage|p2a: Maushold|29/100
|-damage|p2a: Maushold|0 fnt
|faint|p2a: Maushold
|-hitcount|p2: Maushold|2
|
|upkeep
|
|t:|1784204574
|switch|p2a: Incineroar|Incineroar, L50, F|18/100
|-ability|p2a: Incineroar|Intimidate|boost
|-unboost|p1a: Aerodactyl|atk|1
|-unboost|p1b: Garchomp|atk|1
|turn|5
|
|t:|1784204583
|switch|p1b: Basculegion|Basculegion, L50, M|100/100
|move|p2a: Incineroar|Fake Out|p1b: Basculegion
|-immune|p1b: Basculegion
|move|p1a: Aerodactyl|Tailwind|p1a: Aerodactyl
|-sidestart|p1: Weare17|move: Tailwind
|move|p2b: Raichu|Focus Blast|p1b: Basculegion
|-immune|p1b: Basculegion
|
|upkeep
|turn|6
|-message|Sizzle2466 forfeited.
|
|win|Weare17
|raw|Weare17's rating: 1266 → 1291(+25 for winning)
|raw|Sizzle2466's rating: 1263 → 1238(-25 for losing)
