|j|☆SandOfStar
|j|☆ironbundlesweeps
|html|SandOfStarironbundlesweeps    
|uhtml|bestof|Game 2 of a best-of-3
|t:|1757918363
|gametype|doubles
|player|p1|SandOfStar|cynthia-gen4|1085
|player|p2|ironbundlesweeps|101|1018
|gen|9
|tier|[Gen 9] VGC 2025 Reg H (Bo3)
|rated|
|rule|Species Clause: Limit one of each Pokémon
|rule|Item Clause: Limit 1 of each item
|clearpoke
|poke|p1|Annihilape, L50, M|
|poke|p1|Archaludon, L50, F|
|poke|p1|Pelipper, L50, F|
|poke|p1|Maushold-Four, L50|
|poke|p1|Sinistcha, L50|
|poke|p1|Grimmsnarl, L50, M|
|poke|p2|Dragapult, L50, M|
|poke|p2|Gholdengo, L50|
|poke|p2|Typhlosion-Hisui, L50, M|
|poke|p2|Incineroar, L50, M|
|poke|p2|Amoonguss, L50, F|
|poke|p2|Sneasler, L50, F|
|teampreview|4
|showteam|p1|Annihilape||SpellTag|Defiant|RageFist,DrainPunch,BulkUp,Protect|||M|||50|,,,,,Fire]Archaludon||AssaultVest|Stamina|ElectroShot,DracoMeteor,Snarl,BodyPress|||F|||50|,,,,,Bug]Pelipper||LifeOrb|Drizzle|Tailwind,Hurricane,WeatherBall,Protect|||F|||50|,,,,,Stellar]Maushold-Four||SafetyGoggles|FriendGuard|Taunt,FollowMe,BeatUp,Protect||||||50|,,,,,Ghost]Sinistcha||SitrusBerry|Hospitality|LifeDew,TrickRoom,StrengthSap,MatchaGotcha||||||50|,,,,,Water]Grimmsnarl||LightClay|Prankster|ThunderWave,LightScreen,Reflect,SpiritBreak|||M|||50|,,,,,Ghost
|showteam|p2|Dragapult||LifeOrb|ClearBody|DragonClaw,DragonDarts,PhantomForce,Uturn|||M|||50|,,,,,Steel]Gholdengo||WeaknessPolicy|GoodasGold|ShadowBall,MakeItRain,NastyPlot,FlashCannon||||||50|,,,,,Water]Typhlosion-Hisui||ChoiceScarf|Frisk|Eruption,InfernalParade,Flamethrower,ShadowBall|||M|||50|,,,,,Fire]Incineroar||SitrusBerry|Intimidate|FakeOut,PartingShot,FlareBlitz,KnockOff|||M|||50|,,,,,Ghost]Amoonguss||RockyHelmet|EffectSpore|PollenPuff,Spore,RagePowder,FoulPlay|||F|||50|,,,,,Grass]Sneasler||FocusSash|Unburden|DireClaw,CloseCombat,Acrobatics,Coaching|||F|||50|,,,,,Fighting
|inactive|Battle timer is ON: inactive players will automatically lose when time's up. (requested by ironbundlesweeps)
|
|t:|1757918389
|teamsize|p1|4
|teamsize|p2|4
|start
|switch|p1a: Grimmsnarl|Grimmsnarl, L50, M|100/100
|switch|p1b: Annihilape|Annihilape, L50, M|100/100
|switch|p2a: Lelantos|Dragapult, L50, M, shiny|100/100
|switch|p2b: Glick-Glock|Incineroar, L50, M, shiny|100/100
|-ability|p2b: Glick-Glock|Intimidate|boost
|-unboost|p1a: Grimmsnarl|atk|1
|-unboost|p1b: Annihilape|atk|1
|-ability|p1b: Annihilape|Defiant|boost
|-boost|p1b: Annihilape|atk|2
|turn|1
|
|t:|1757918403
|move|p2b: Glick-Glock|Fake Out|p1a: Grimmsnarl
|-damage|p1a: Grimmsnarl|90/100
|cant|p1a: Grimmsnarl|flinch
|move|p2a: Lelantos|Phantom Force||[still]
|-prepare|p2a: Lelantos|Phantom Force
|move|p1b: Annihilape|Rage Fist|p2a: Lelantos|[miss]
|-miss|p1b: Annihilape|p2a: Lelantos
|
|upkeep
|turn|2
|
|t:|1757918427
|switch|p1b: Maushold|Maushold-Four, L50|100/100
|move|p1a: Grimmsnarl|Reflect|p1a: Grimmsnarl
|-sidestart|p1: SandOfStar|Reflect
|move|p2a: Lelantos|Phantom Force|p1b: Maushold|[from] lockedmove
|-immune|p1b: Maushold
|move|p2b: Glick-Glock|Flare Blitz|p1a: Grimmsnarl
|-damage|p1a: Grimmsnarl|66/100
|-damage|p2b: Glick-Glock|93/100|[from] Recoil
|
|upkeep
|turn|3
|inactive|ironbundlesweeps has 30 seconds left.
|
|t:|1757918456
|move|p1b: Maushold|Protect|p1b: Maushold
|-singleturn|p1b: Maushold|Protect
|move|p1a: Grimmsnarl|Thunder Wave|p2a: Lelantos
|-status|p2a: Lelantos|par
|move|p2a: Lelantos|Dragon Darts|p1b: Maushold
|-immune|p1a: Grimmsnarl
|move|p2b: Glick-Glock|Parting Shot|p1a: Grimmsnarl
|-unboost|p1a: Grimmsnarl|atk|1
|-unboost|p1a: Grimmsnarl|spa|1
|
|t:|1757918469
|switch|p2b: Stooge|Gholdengo, L50, shiny|100/100|[from] Parting Shot
|
|upkeep
|turn|4
|inactive|ironbundlesweeps has 30 seconds left.
|
|t:|1757918495
|switch|p1a: Annihilape|Annihilape, L50, M|100/100
|move|p1b: Maushold|Taunt|p2b: Stooge
|-immune|p2b: Stooge|[from] ability: Good as Gold
|move|p2b: Stooge|Flash Cannon|p1a: Annihilape
|-damage|p1a: Annihilape|64/100
|move|p2a: Lelantos|U-turn|p1a: Annihilape
|-resisted|p1a: Annihilape
|-damage|p1a: Annihilape|60/100
|-damage|p2a: Lelantos|91/100 par|[from] item: Life Orb
|
|t:|1757918507
|switch|p2a: Glick-Glock|Incineroar, L50, M, shiny|93/100|[from] U-turn
|-ability|p2a: Glick-Glock|Intimidate|boost
|-unboost|p1a: Annihilape|atk|1
|-ability|p1a: Annihilape|Defiant|boost
|-boost|p1a: Annihilape|atk|2
|-unboost|p1b: Maushold|atk|1
|
|upkeep
|turn|5
|
|t:|1757918523
|-terastallize|p1b: Maushold|Ghost
|-terastallize|p2b: Stooge|Water
|move|p1b: Maushold|Beat Up|p1a: Annihilape
|-damage|p1a: Annihilape|59/100
|-damage|p1a: Annihilape|57/100
|-damage|p1a: Annihilape|56/100
|-crit|p1a: Annihilape
|-damage|p1a: Annihilape|53/100
|-hitcount|p1a: Annihilape|4
|move|p1a: Annihilape|Rage Fist|p2b: Stooge
|-damage|p2b: Stooge|0 fnt
|faint|p2b: Stooge
|move|p2a: Glick-Glock|Knock Off|p1a: Annihilape
|-damage|p1a: Annihilape|31/100
|-enditem|p1a: Annihilape|Spell Tag|[from] move: Knock Off|[of] p2a: Glick-Glock
|
|upkeep
|
|t:|1757918544
|switch|p2b: Status Roulette|Sneasler, L50, F, shiny|100/100
|turn|6
|inactive|SandOfStar has 30 seconds left.
|
|t:|1757918571
|move|p1b: Maushold|Follow Me|p1b: Maushold
|-singleturn|p1b: Maushold|move: Follow Me
|move|p2b: Status Roulette|Dire Claw|p1b: Maushold
|-resisted|p1b: Maushold
|-damage|p1b: Maushold|83/100
|-status|p1b: Maushold|slp
|move|p1a: Annihilape|Drain Punch|p2a: Glick-Glock
|-supereffective|p2a: Glick-Glock
|-damage|p2a: Glick-Glock|26/100
|-heal|p1a: Annihilape|67/100|[from] drain|[of] p2a: Glick-Glock
|-enditem|p2a: Glick-Glock|Sitrus Berry|[eat]
|-heal|p2a: Glick-Glock|51/100|[from] item: Sitrus Berry
|move|p2a: Glick-Glock|Knock Off|p1b: Maushold
|-supereffective|p1b: Maushold
|-damage|p1b: Maushold|26/100 slp
|-enditem|p1b: Maushold|Safety Goggles|[from] move: Knock Off|[of] p2a: Glick-Glock
|
|upkeep
|turn|7
|inactive|SandOfStar has 30 seconds left.
|inactive|ironbundlesweeps has 30 seconds left.
|
|t:|1757918606
|switch|p1b: Grimmsnarl|Grimmsnarl, L50, M|66/100
|move|p2b: Status Roulette|Dire Claw|p1a: Annihilape
|-resisted|p1a: Annihilape
|-damage|p1a: Annihilape|48/100
|move|p1a: Annihilape|Rage Fist|p2a: Glick-Glock
|-resisted|p2a: Glick-Glock
|-damage|p2a: Glick-Glock|0 fnt
|faint|p2a: Glick-Glock
|
|upkeep
|
|t:|1757918616
|switch|p2a: Lelantos|Dragapult, L50, M, shiny|91/100 par
|turn|8
|
|t:|1757918629
|move|p1b: Grimmsnarl|Thunder Wave|p2b: Status Roulette
|-status|p2b: Status Roulette|par
|move|p1a: Annihilape|Rage Fist|p2a: Lelantos
|-supereffective|p2a: Lelantos
|-damage|p2a: Lelantos|0 fnt
|faint|p2a: Lelantos
|cant|p2b: Status Roulette|par
|
|upkeep
|turn|9
|
|t:|1757918649
|switch|p1b: Sinistcha|Sinistcha, L50|100/100
|-heal|p1a: Annihilape|73/100|[from] ability: Hospitality|[of] p1b: Sinistcha
|move|p1a: Annihilape|Drain Punch|p2b: Status Roulette
|-resisted|p2b: Status Roulette
|-damage|p2b: Status Roulette|55/100 par
|-heal|p1a: Annihilape|92/100|[from] drain|[of] p2b: Status Roulette
|cant|p2b: Status Roulette|par
|
|-sideend|p1: SandOfStar|Reflect
|upkeep
|turn|10
|
|t:|1757918676
|switch|p1b: Maushold|Maushold-Four, L50, tera:Ghost|26/100 slp
|move|p1a: Annihilape|Rage Fist|p2b: Status Roulette
|-damage|p2b: Status Roulette|0 fnt
|faint|p2b: Status Roulette
|
|win|SandOfStar
||ironbundlesweeps is ready for game 3.
|inactive|SandOfStar has 30 seconds to confirm battle start!
||SandOfStar is ready for game 3.
|uhtml|next|Next: Game 3 of 3
|l|☆ironbundlesweeps
|player|p2|
