|j|☆BeauLavorre
|j|☆WASHINGTONGARGACHA
|html|BeauLavorreWASHINGTONGARGACHA    
|uhtml|bestof|Game 2 of a best-of-3
|t:|1757853259
|gametype|doubles
|player|p1|BeauLavorre|rocketgruntf|1018
|player|p2|WASHINGTONGARGACHA|169|1120
|gen|9
|tier|[Gen 9] VGC 2025 Reg H (Bo3)
|rated|
|rule|Species Clause: Limit one of each Pokémon
|rule|Item Clause: Limit 1 of each item
|clearpoke
|poke|p1|Mimikyu, L50, F|
|poke|p1|Lilligant-Hisui, L50, F|
|poke|p1|Torkoal, L50, F|
|poke|p1|Talonflame, L50, F|
|poke|p1|Indeedee-F, L50, F|
|poke|p1|Armarouge, L50, M|
|poke|p2|Typhlosion-Hisui, L50, M|
|poke|p2|Whimsicott, L50, F|
|poke|p2|Dragapult, L50, M|
|poke|p2|Torkoal, L50, M|
|poke|p2|Lilligant-Hisui, L50, F|
|poke|p2|Electabuzz, L50, M|
|teampreview|4
|showteam|p1|Mimikyu||LifeOrb|Disguise|PlayRough,Protect,ShadowSneak,TrickRoom|||F|||50|,,,,,Fairy]Lilligant-Hisui||FocusSash|Chlorophyll|CloseCombat,SleepPowder,AfterYou,SolarBlade|||F|||50|,,,,,Fighting]Torkoal||EjectPack|Drought|EarthPower,Eruption,Overheat,Protect|||F|||50|,,,,,Fire]Talonflame||CovertCloak|GaleWings|DualWingbeat,FlareBlitz,Tailwind,SunnyDay|||F|||50|,,,,,Fire]Indeedee-F||RockyHelmet|PsychicSurge|TrickRoom,FollowMe,HelpingHand,AlluringVoice|||F|||50|,,,,,Fairy]Armarouge||PsychicSeed|FlashFire|ArmorCannon,ExpandingForce,Protect,WideGuard|||M|||50|,,,,,Dragon
|showteam|p2|Typhlosion-Hisui||ChoiceSpecs|Blaze|HeatWave,Eruption,ShadowBall,FocusPunch|||M|||50|,,,,,Fire]Whimsicott||CovertCloak|Prankster|Tailwind,Moonblast,SunnyDay,Encore|||F|||50|,,,,,Water]Dragapult||ChoiceBand|ClearBody|Uturn,DragonTail,DragonDarts,PhantomForce|||M|||50|,,,,,Dragon]Torkoal||LifeOrb|Drought|HeatWave,Eruption,Protect,WeatherBall|||M|||50|,,,,,Fire]Lilligant-Hisui||FocusSash|Chlorophyll|CloseCombat,SleepPowder,AfterYou,LeafBlade|||F|||50|,,,,,Ghost]Electabuzz||Eviolite|VitalSpirit|FollowMe,Taunt,Electroweb,Protect|||M|||50|,,,,,Grass
|inactive|Battle timer is ON: inactive players will automatically lose when time's up. (requested by BeauLavorre)
|
|t:|1757853331
|teamsize|p1|4
|teamsize|p2|4
|start
|switch|p1a: Talonflame|Talonflame, L50, F|100/100
|switch|p1b: Mimikyu|Mimikyu, L50, F|100/100
|switch|p2a: Electabuzz|Electabuzz, L50, M|100/100
|switch|p2b: Dragapult|Dragapult, L50, M|100/100
|turn|1
|inactive|WASHINGTONGARGACHA has 30 seconds left.
|
|t:|1757853364
|move|p2b: Dragapult|Phantom Force||[still]
|-prepare|p2b: Dragapult|Phantom Force
|move|p1a: Talonflame|Flare Blitz|p2a: Electabuzz
|-damage|p2a: Electabuzz|51/100
|-damage|p1a: Talonflame|82/100|[from] Recoil
|move|p2a: Electabuzz|Electroweb|p1a: Talonflame|[spread] p1a,p1b
|-supereffective|p1a: Talonflame
|-damage|p1a: Talonflame|38/100
|-activate|p1b: Mimikyu|ability: Disguise
|-damage|p1b: Mimikyu|100/100
|-unboost|p1b: Mimikyu|spe|1
|detailschange|p1b: Mimikyu|Mimikyu-Busted, L50, F
|-damage|p1b: Mimikyu|88/100|[from] pokemon: Mimikyu-Busted
|move|p1b: Mimikyu|Play Rough|p2b: Dragapult|[miss]
|-miss|p1b: Mimikyu|p2b: Dragapult
|
|upkeep
|turn|2
|inactive|BeauLavorre has 30 seconds left.
|inactive|WASHINGTONGARGACHA has 30 seconds left.
|inactive|BeauLavorre has 20 seconds left.
|
|t:|1757853401
|-terastallize|p1b: Mimikyu|Fairy
|move|p2b: Dragapult|Phantom Force|p1b: Mimikyu|[from] lockedmove
|-damage|p1b: Mimikyu|0 fnt
|faint|p1b: Mimikyu
|move|p1a: Talonflame|Flare Blitz|p2b: Dragapult
|-resisted|p2b: Dragapult
|-damage|p2b: Dragapult|67/100
|-damage|p1a: Talonflame|26/100|[from] Recoil
|move|p2a: Electabuzz|Electroweb|p1a: Talonflame
|-supereffective|p1a: Talonflame
|-damage|p1a: Talonflame|0 fnt
|faint|p1a: Talonflame
|
|upkeep
|
|t:|1757853413
|switch|p1a: Armarouge|Armarouge, L50, M|100/100
|switch|p1b: Indeedee|Indeedee-F, L50, F|100/100
|-fieldstart|move: Psychic Terrain|[from] ability: Psychic Surge|[of] p1b: Indeedee
|-enditem|p1a: Armarouge|Psychic Seed
|-boost|p1a: Armarouge|spd|1|[from] item: Psychic Seed
|turn|3
|
|t:|1757853435
|switch|p2b: Lilligant|Lilligant-Hisui, L50, F|100/100
|move|p1b: Indeedee|Helping Hand|p1a: Armarouge
|-singleturn|p1a: Armarouge|Helping Hand|[of] p1b: Indeedee
|move|p2a: Electabuzz|Taunt|p1b: Indeedee
|-start|p1b: Indeedee|move: Taunt
|move|p1a: Armarouge|Expanding Force|p2a: Electabuzz|[spread] p2a,p2b
|-supereffective|p2b: Lilligant
|-damage|p2a: Electabuzz|0 fnt
|-enditem|p2b: Lilligant|Focus Sash
|-damage|p2b: Lilligant|1/100
|faint|p2a: Electabuzz
|
|upkeep
|
|t:|1757853449
|switch|p2a: Dragapult|Dragapult, L50, M|67/100
|turn|4
|
|t:|1757853472
|move|p2a: Dragapult|Phantom Force||[still]
|-prepare|p2a: Dragapult|Phantom Force
|move|p2b: Lilligant|Sleep Powder|p1a: Armarouge
|-status|p1a: Armarouge|slp|[from] move: Sleep Powder
|cant|p1a: Armarouge|slp
|move|p1b: Indeedee|Alluring Voice|p2a: Dragapult|[miss]
|-miss|p1b: Indeedee|p2a: Dragapult
|
|upkeep
|turn|5
|
|t:|1757853490
|move|p2a: Dragapult|Phantom Force|p1a: Armarouge|[from] lockedmove
|-supereffective|p1a: Armarouge
|-damage|p1a: Armarouge|0 fnt
|faint|p1a: Armarouge
|move|p2b: Lilligant|Close Combat|p1b: Indeedee
|-damage|p1b: Indeedee|48/100
|-unboost|p2b: Lilligant|def|1
|-unboost|p2b: Lilligant|spd|1
|-damage|p2b: Lilligant|0 fnt|[from] item: Rocky Helmet|[of] p1b: Indeedee
|faint|p2b: Lilligant
|move|p1b: Indeedee|Alluring Voice|p2a: Dragapult
|-supereffective|p2a: Dragapult
|-damage|p2a: Dragapult|15/100
|
|upkeep
|
|t:|1757853502
|switch|p2b: Torkoal|Torkoal, L50, M|100/100
|-weather|SunnyDay|[from] ability: Drought|[of] p2b: Torkoal
|turn|6
|
|t:|1757853509
|-terastallize|p2b: Torkoal|Fire
|move|p2a: Dragapult|Phantom Force||[still]
|-prepare|p2a: Dragapult|Phantom Force
|move|p1b: Indeedee|Alluring Voice|p2a: Dragapult|[miss]
|-miss|p1b: Indeedee|p2a: Dragapult
|move|p2b: Torkoal|Weather Ball|p1b: Indeedee
|-damage|p1b: Indeedee|0 fnt
|faint|p1b: Indeedee
|-damage|p2b: Torkoal|91/100|[from] item: Life Orb
|
|win|WASHINGTONGARGACHA
