|j|☆thorn14
|j|☆reviewingllama
|html|thorn14reviewingllama    
|uhtml|bestof|Game 2 of a best-of-3
|t:|1756481909
|gametype|doubles
|player|p1|thorn14|hilda|1005
|player|p2|reviewingllama|2|1001
|gen|9
|tier|[Gen 9] VGC 2025 Reg H (Bo3)
|rated|
|rule|Species Clause: Limit one of each Pokémon
|rule|Item Clause: Limit 1 of each item
|clearpoke
|poke|p1|Maushold-Four, L50|
|poke|p1|Ursaluna-Bloodmoon, L50, M|
|poke|p1|Volcarona, L50, F|
|poke|p1|Ninetales-Alola, L50, M|
|poke|p1|Whimsicott, L50, F|
|poke|p1|Kingambit, L50, F|
|poke|p2|Malamar, L50, F|
|poke|p2|Sinistcha-Masterpiece, L50|
|poke|p2|Amoonguss, L50, M|
|poke|p2|Ursaluna-Bloodmoon, L50, M|
|poke|p2|Rotom-Wash, L50|
|poke|p2|Torkoal, L50, M|
|teampreview|4
|showteam|p1|Maushold-Four||WideLens|Technician|TidyUp,PopulationBomb,Protect,ShadowClaw||||||50|,,,,,Normal]Ursaluna-Bloodmoon||LifeOrb|MindsEye|BloodMoon,EarthPower,HyperVoice,Protect|||M|||50|,,,,,Normal]Volcarona||SafetyGoggles|FlameBody|BugBuzz,WillOWisp,RagePowder,FieryDance|||F|||50|,,,,,Water]Ninetales-Alola||CovertCloak|SnowWarning|AuroraVeil,Blizzard,IcyWind,Moonblast|||M|||50|,,,,,Steel]Whimsicott||FocusSash|Prankster|Encore,Moonblast,Tailwind,Taunt|||F|||50|,,,,,Grass]Kingambit||AssaultVest|Defiant|KowtowCleave,LowKick,TeraBlast,IronHead|||F|||50|,,,,,Psychic
|showteam|p2|Malamar||CovertCloak|Contrary|KnockOff,Superpower,TrickRoom,PsychoCut|||F|||50|,,,,,Fire]Sinistcha-Masterpiece||Leftovers|Hospitality|MatchaGotcha,TrickRoom,RagePowder,LifeDew||||||50|,,,,,Grass]Amoonguss||SitrusBerry|Regenerator|RagePowder,Spore,Protect,ClearSmog|||M|||50|,,,,,Water]Ursaluna-Bloodmoon||LifeOrb|MindsEye|BloodMoon,HyperVoice,EarthPower,Protect|||M|||50|,,,,,Normal]Rotom-Wash||AssaultVest|Levitate|TeraBlast,HydroPump,VoltSwitch,Discharge||||||50|,,,,,Water]Torkoal||SafetyGoggles|Drought|Eruption,ScorchingSands,SolarBeam,Protect|||M|||50|,,,,,Fire
|inactive|Battle timer is ON: inactive players will automatically lose when time's up. (requested by reviewingllama)
|inactive|thorn14 has 60 seconds left.
|
|t:|1756481958
|teamsize|p1|4
|teamsize|p2|4
|start
|switch|p1a: Whimsicott|Whimsicott, L50, F|100/100
|switch|p1b: Ninetales|Ninetales-Alola, L50, M|100/100
|switch|p2a: UraSire|Ursaluna-Bloodmoon, L50, M|100/100
|switch|p2b: Crusty|Torkoal, L50, M|100/100
|-weather|Snowscape|[from] ability: Snow Warning|[of] p1b: Ninetales
|-weather|SunnyDay|[from] ability: Drought|[of] p2b: Crusty
|turn|1
|inactive|thorn14 has 30 seconds left.
|
|t:|1756481986
|switch|p2b: Spanish|Amoonguss, L50, M|100/100
|-terastallize|p2a: UraSire|Normal
|move|p1a: Whimsicott|Moonblast|p2a: UraSire
|-damage|p2a: UraSire|67/100
|move|p1b: Ninetales|Aurora Veil||[still]
|-fail|p1b: Ninetales
|move|p2a: UraSire|Hyper Voice|p1a: Whimsicott|[spread] p1a,p1b
|-enditem|p1a: Whimsicott|Focus Sash
|-damage|p1a: Whimsicott|1/100
|-damage|p1b: Ninetales|34/100
|-damage|p2a: UraSire|57/100|[from] item: Life Orb
|
|-weather|SunnyDay|[upkeep]
|upkeep
|turn|2
|
|t:|1756482011
|switch|p1b: Kingambit|Kingambit, L50, F|100/100
|move|p2b: Spanish|Rage Powder|p2b: Spanish
|-singleturn|p2b: Spanish|move: Rage Powder
|move|p1a: Whimsicott|Taunt|p2b: Spanish
|-start|p2b: Spanish|move: Taunt
|move|p2a: UraSire|Hyper Voice|p1a: Whimsicott|[spread] p1a,p1b
|-resisted|p1b: Kingambit
|-damage|p1a: Whimsicott|0 fnt
|-damage|p1b: Kingambit|78/100
|faint|p1a: Whimsicott
|-damage|p2a: UraSire|47/100|[from] item: Life Orb
|
|-weather|SunnyDay|[upkeep]
|upkeep
|
|t:|1756482032
|switch|p1a: Ninetales|Ninetales-Alola, L50, M|34/100
|-weather|Snowscape|[from] ability: Snow Warning|[of] p1a: Ninetales
|turn|3
|
|t:|1756482046
|switch|p2b: Crusty|Torkoal, L50, M|100/100
|-weather|SunnyDay|[from] ability: Drought|[of] p2b: Crusty
|move|p2a: UraSire|Protect|p2a: UraSire
|-singleturn|p2a: UraSire|Protect
|move|p1a: Ninetales|Aurora Veil||[still]
|-fail|p1a: Ninetales
|move|p1b: Kingambit|Low Kick|p2a: UraSire
|-activate|p2a: UraSire|move: Protect
|
|-weather|SunnyDay|[upkeep]
|upkeep
|turn|4
|
|t:|1756482064
|switch|p1a: Ursaluna|Ursaluna-Bloodmoon, L50, M|100/100
|switch|p2a: Blooper|Malamar, L50, F|100/100
|move|p2b: Crusty|Protect|p2b: Crusty
|-singleturn|p2b: Crusty|Protect
|move|p1b: Kingambit|Low Kick|p2a: Blooper
|-crit|p2a: Blooper
|-damage|p2a: Blooper|66/100
|
|-weather|SunnyDay|[upkeep]
|upkeep
|turn|5
|inactive|thorn14 has 30 seconds left.
|
|t:|1756482098
|switch|p2b: Spanish|Amoonguss, L50, M|100/100
|-terastallize|p1b: Kingambit|Psychic
|move|p1a: Ursaluna|Hyper Voice|p2b: Spanish|[spread] p2a,p2b
|-damage|p2a: Blooper|19/100
|-damage|p2b: Spanish|65/100
|-damage|p1a: Ursaluna|91/100|[from] item: Life Orb
|move|p1b: Kingambit|Tera Blast|p2a: Blooper|[anim] Tera Blast Psychic
|-immune|p2a: Blooper
|move|p2a: Blooper|Trick Room|p2a: Blooper
|-fieldstart|move: Trick Room|[of] p2a: Blooper
|
|-weather|SunnyDay|[upkeep]
|upkeep
|turn|6
|
|t:|1756482119
|move|p1a: Ursaluna|Protect|p1a: Ursaluna
|-singleturn|p1a: Ursaluna|Protect
|move|p2b: Spanish|Spore|p1a: Ursaluna
|-activate|p1a: Ursaluna|move: Protect
|move|p2a: Blooper|Knock Off|p1b: Kingambit
|-supereffective|p1b: Kingambit
|-damage|p1b: Kingambit|21/100
|-enditem|p1b: Kingambit|Assault Vest|[from] move: Knock Off|[of] p2a: Blooper
|move|p1b: Kingambit|Tera Blast|p2b: Spanish|[anim] Tera Blast Psychic
|-supereffective|p2b: Spanish
|-damage|p2b: Spanish|0 fnt
|faint|p2b: Spanish
|
|-weather|SunnyDay|[upkeep]
|upkeep
|
|t:|1756482132
|switch|p2b: UraSire|Ursaluna-Bloodmoon, L50, M, tera:Normal|47/100
|turn|7
|
|t:|1756482147
|move|p2a: Blooper|Superpower|p1a: Ursaluna
|-supereffective|p1a: Ursaluna
|-damage|p1a: Ursaluna|48/100
|-boost|p2a: Blooper|atk|1
|-boost|p2a: Blooper|def|1
|move|p2b: UraSire|Hyper Voice|p1b: Kingambit|[spread] p1a,p1b
|-damage|p1a: Ursaluna|0 fnt
|-damage|p1b: Kingambit|0 fnt
|faint|p1a: Ursaluna
|faint|p1b: Kingambit
|-damage|p2b: UraSire|37/100|[from] item: Life Orb
|
|-weather|none
|upkeep
|
|t:|1756482161
|switch|p1b: Ninetales|Ninetales-Alola, L50, M|34/100
|-weather|Snowscape|[from] ability: Snow Warning|[of] p1b: Ninetales
|turn|8
|
|t:|1756482171
|move|p2a: Blooper|Superpower|p1b: Ninetales
|-damage|p1b: Ninetales|0 fnt
|-boost|p2a: Blooper|atk|1
|-boost|p2a: Blooper|def|1
|faint|p1b: Ninetales
|
|win|reviewingllama
||reviewingllama is ready for game 3.
||thorn14 is ready for game 3.
|uhtml|next|Next: Game 3 of 3
