|j|☆indiofiero
|j|☆Ting-Wo
|html|indiofieroTing-Wo    
|uhtml|bestof|Game 2 of a best-of-3
|t:|1756433642
|gametype|doubles
|player|p1|indiofiero|swimmerf-gen4|1158
|player|p2|Ting-Wo|volkner|1085
|gen|9
|tier|[Gen 9] VGC 2025 Reg H (Bo3)
|rated|
|rule|Species Clause: Limit one of each Pokémon
|rule|Item Clause: Limit 1 of each item
|clearpoke
|poke|p1|Archaludon, L50, F|
|poke|p1|Dragonite, L50, F|
|poke|p1|Pelipper, L50, M|
|poke|p1|Ursaluna, L50, M|
|poke|p1|Sinistcha, L50|
|poke|p1|Gholdengo, L50|
|poke|p2|Whimsicott, L50, M|
|poke|p2|Ursaluna-Bloodmoon, L50, M|
|poke|p2|Archaludon, L50, M|
|poke|p2|Typhlosion-Hisui, L50, F|
|poke|p2|Indeedee-F, L50, F|
|poke|p2|Gallade, L50, M|
|teampreview|4
|showteam|p1|Archaludon||AssaultVest|Stamina|FlashCannon,BodyPress,ElectroShot,Snarl|||F|||50|,,,,,Fighting]Dragonite||LoadedDice|Multiscale|ScaleShot,Tailwind,Haze,Protect|||F|||50|,,,,,Fairy]Pelipper||FocusSash|Drizzle|MuddyWater,Hurricane,Tailwind,Protect|||M|||50|,,,,,Ghost]Ursaluna||FlameOrb|Guts|Facade,HeadlongRush,Earthquake,Protect|||M|||50|,,,,,Ghost]Sinistcha||SitrusBerry|Hospitality|MatchaGotcha,LifeDew,RagePowder,TrickRoom||||||50|,,,,,Dark]Gholdengo||ChoiceScarf|GoodasGold|MakeItRain,ShadowBall,Trick,Protect||||||50|,,,,,Flying
|showteam|p2|Whimsicott||CovertCloak|Prankster|Tailwind,Moonblast,SunnyDay,Encore|||M|||50|,,,,,Steel]Ursaluna-Bloodmoon||LifeOrb|MindsEye|BloodMoon,HyperVoice,EarthPower,Protect|||M|||50|,,,,,Normal]Archaludon||PowerHerb|Sturdy|ElectroShot,FlashCannon,Protect,DracoMeteor|||M|||50|,,,,,Stellar]Typhlosion-Hisui||ChoiceSpecs|Blaze|Eruption,HeatWave,ShadowBall,Overheat|||F|||50|,,,,,Fire]Indeedee-F||SafetyGoggles|PsychicSurge|TrickRoom,FollowMe,Imprison,Psychic|||F|||50|,,,,,Fairy]Gallade||ClearAmulet|Sharpness|SacredSword,PsychoCut,NightSlash,TrickRoom|||M|||50|,,,,,Stellar
|inactive|Battle timer is ON: inactive players will automatically lose when time's up. (requested by indiofiero)
|
|t:|1756433667
|teamsize|p1|4
|teamsize|p2|4
|start
|switch|p1a: Pelipper|Pelipper, L50, M|100/100
|switch|p1b: Gholdengo|Gholdengo, L50|100/100
|switch|p2a: Archaludon|Archaludon, L50, M|100/100
|switch|p2b: Whimsicott|Whimsicott, L50, M|100/100
|-weather|RainDance|[from] ability: Drizzle|[of] p1a: Pelipper
|turn|1
|
|t:|1756433679
|-terastallize|p2b: Whimsicott|Steel
|move|p2b: Whimsicott|Tailwind|p2b: Whimsicott
|-sidestart|p2: Ting-Wo|move: Tailwind
|move|p2a: Archaludon|Electro Shot||[still]
|-prepare|p2a: Archaludon|Electro Shot
|-boost|p2a: Archaludon|spa|1
|-anim|p2a: Archaludon|Electro Shot|p1a: Pelipper
|-supereffective|p1a: Pelipper
|-enditem|p1a: Pelipper|Focus Sash
|-damage|p1a: Pelipper|1/100
|move|p1b: Gholdengo|Make It Rain|p2b: Whimsicott|[spread] p2a,p2b
|-resisted|p2a: Archaludon
|-resisted|p2b: Whimsicott
|-damage|p2a: Archaludon|62/100
|-damage|p2b: Whimsicott|65/100
|-unboost|p1b: Gholdengo|spa|1
|move|p1a: Pelipper|Tailwind|p1a: Pelipper
|-sidestart|p1: indiofiero|move: Tailwind
|
|-weather|RainDance|[upkeep]
|upkeep
|turn|2
|inactive|indiofiero has 30 seconds left.
|
|t:|1756433706
|switch|p1a: Ursaluna|Ursaluna, L50, M|100/100
|move|p1b: Gholdengo|Make It Rain|p2b: Whimsicott|[spread] p2a,p2b
|-resisted|p2a: Archaludon
|-resisted|p2b: Whimsicott
|-damage|p2a: Archaludon|37/100
|-damage|p2b: Whimsicott|43/100
|-unboost|p1b: Gholdengo|spa|1
|move|p2b: Whimsicott|Moonblast|p1a: Ursaluna
|-damage|p1a: Ursaluna|68/100
|move|p2a: Archaludon|Electro Shot||[still]
|-prepare|p2a: Archaludon|Electro Shot
|-boost|p2a: Archaludon|spa|1
|-anim|p2a: Archaludon|Electro Shot|p1b: Gholdengo
|-damage|p1b: Gholdengo|0 fnt
|faint|p1b: Gholdengo
|
|-weather|RainDance|[upkeep]
|-status|p1a: Ursaluna|brn|[from] item: Flame Orb
|upkeep
|
|t:|1756433722
|switch|p1b: Dragonite|Dragonite, L50, F|100/100
|turn|3
|
|t:|1756433745
|-terastallize|p1b: Dragonite|Fairy
|move|p2a: Archaludon|Protect|p2a: Archaludon
|-singleturn|p2a: Archaludon|Protect
|move|p1a: Ursaluna|Protect|p1a: Ursaluna
|-singleturn|p1a: Ursaluna|Protect
|move|p2b: Whimsicott|Moonblast|p1b: Dragonite
|-damage|p1b: Dragonite|84/100
|move|p1b: Dragonite|Scale Shot|p2b: Whimsicott
|-resisted|p2b: Whimsicott
|-damage|p2b: Whimsicott|35/100
|-resisted|p2b: Whimsicott
|-damage|p2b: Whimsicott|27/100
|-resisted|p2b: Whimsicott
|-damage|p2b: Whimsicott|19/100
|-resisted|p2b: Whimsicott
|-damage|p2b: Whimsicott|10/100
|-resisted|p2b: Whimsicott
|-damage|p2b: Whimsicott|1/100
|-hitcount|p2b: Whimsicott|5
|-unboost|p1b: Dragonite|def|1
|-boost|p1b: Dragonite|spe|1
|
|-weather|RainDance|[upkeep]
|-damage|p1a: Ursaluna|62/100 brn|[from] brn
|upkeep
|turn|4
|inactive|indiofiero has 30 seconds left.
|inactive|Ting-Wo has 30 seconds left.
|
|t:|1756433781
|switch|p1a: Pelipper|Pelipper, L50, M|1/100
|move|p2b: Whimsicott|Sunny Day|p2b: Whimsicott
|-weather|SunnyDay
|move|p1b: Dragonite|Scale Shot|p2a: Archaludon
|-damage|p2a: Archaludon|24/100
|-damage|p2a: Archaludon|9/100
|-damage|p2a: Archaludon|0 fnt
|faint|p2a: Archaludon
|-hitcount|p2: Archaludon|3
|-unboost|p1b: Dragonite|def|1
|-boost|p1b: Dragonite|spe|1
|
|-weather|SunnyDay|[upkeep]
|-sideend|p1: indiofiero|move: Tailwind
|-sideend|p2: Ting-Wo|move: Tailwind
|upkeep
|
|t:|1756433786
|switch|p2a: Typhlosion|Typhlosion-Hisui, L50, F|100/100
|turn|5
|inactive|indiofiero has 30 seconds left.
|inactive|indiofiero has 20 seconds left.
|
|t:|1756433822
|switch|p1a: Ursaluna|Ursaluna, L50, M|62/100 brn
|move|p2b: Whimsicott|Tailwind|p2b: Whimsicott
|-sidestart|p2: Ting-Wo|move: Tailwind
|move|p2a: Typhlosion|Eruption|p1b: Dragonite|[spread] p1a,p1b
|-damage|p1a: Ursaluna|0 fnt
|-damage|p1b: Dragonite|0 fnt
|faint|p1a: Ursaluna
|faint|p1b: Dragonite
|
|-weather|SunnyDay|[upkeep]
|upkeep
|-message|indiofiero forfeited.
|
|win|Ting-Wo
|raw|indiofiero's rating: 1158 → 1128(-30 for losing)
|raw|Ting-Wo's rating: 1085 → 1118(+33 for winning)
