|j|‽airpersia
|j|☆SuprEpcGuy
|html|airpersiaSuprEpcGuy    
|uhtml|bestof|Game 1 of a best-of-3
|t:|1784045695
|gametype|doubles
|player|p1|airpersia|170|1093
|player|p2|SuprEpcGuy|shauntal|1213
|gen|9
|tier|[Gen 9 Champions] VGC 2026 Reg M-B (Bo3)
|rated|
|rule|Species Clause: Limit one of each Pokémon
|rule|Item Clause: Limit 1 of each item
|clearpoke
|poke|p1|Metagross, L50|
|poke|p1|Whimsicott, L50, F, shiny|
|poke|p1|Incineroar, L50, M, shiny|
|poke|p1|Tyranitar, L50, M|
|poke|p1|Sinistcha, L50|
|poke|p1|Lucario, L50, F, shiny|
|poke|p2|Zoroark-Hisui, L50, F|
|poke|p2|Aerodactyl, L50, M|
|poke|p2|Kingambit, L50, F, shiny|
|poke|p2|Basculegion, L50, M|
|poke|p2|Incineroar, L50, M|
|poke|p2|Sylveon, L50, M|
|teampreview|4
|showteam|p1|Metagross||Metagrossite|ClearBody|IronHead,PsychicFangs,BodyPress,Protect|Jolly|||||50|]Whimsicott||FocusSash|Prankster|Tailwind,Taunt,Moonblast,Encore|Timid||F|||50|]Incineroar||ChopleBerry|Intimidate|ThroatChop,FlareBlitz,PartingShot,FakeOut|Impish||M|||50|]Tyranitar||Tyranitarite|SandStream|RockSlide,KnockOff,DragonDance,Protect|Adamant||M|||50|]Sinistcha||SitrusBerry|Hospitality|MatchaGotcha,ShadowBall,RagePowder,LifeDew|Bold|||||50|]Lucario||Lucarionite|InnerFocus|Detect,AuraSphere,FlashCannon,ShadowBall|Timid||F|||50|
|showteam|p2|Zoroark-Hisui||FocusSash|Illusion|ShadowBall,WillOWisp,Taunt,Protect|Timid||F|||50|]Aerodactyl||Aerodactylite|RockHead|RockSlide,IceFang,DualWingbeat,Tailwind|Jolly||M|||50|]Kingambit||ChopleBerry|Defiant|SuckerPunch,KowtowCleave,LowKick,Protect|Adamant||F|||50|]Basculegion||MysticWater|Adaptability|AquaJet,Liquidation,LastRespects,Protect|Adamant||M|||50|]Incineroar||SitrusBerry|Intimidate|FlareBlitz,ThroatChop,PartingShot,FakeOut|Careful||M|||50|]Sylveon||FairyFeather|Pixilate|HyperVoice,QuickAttack,HyperBeam,Protect|Modest||M|||50|
|inactive|Battle timer is ON: inactive players will automatically lose when time's up. (requested by SuprEpcGuy)
|inactive|airpersia also wants the timer to be on.
|inactive|airpersia has 60 seconds left.
|inactive|SuprEpcGuy has 60 seconds left.
|inactive|SuprEpcGuy has 30 seconds left.
|inactive|SuprEpcGuy has 20 seconds left.
|inactive|SuprEpcGuy has 15 seconds left.
|inactive|SuprEpcGuy has 10 seconds left.
|
|t:|1784045776
|teamsize|p1|4
|teamsize|p2|4
|start
|switch|p1a: Whimsicott|Whimsicott, L50, F, shiny|100/100
|switch|p1b: Incineroar|Incineroar, L50, M, shiny|100/100
|switch|p2a: Paraselene|Kingambit, L50, F, shiny|100/100
|switch|p2b: Freight|Aerodactyl, L50, M|100/100
|-ability|p1b: Incineroar|Intimidate|boost
|-unboost|p2a: Paraselene|atk|1
|-ability|p2a: Paraselene|Defiant|boost
|-boost|p2a: Paraselene|atk|2
|-unboost|p2b: Freight|atk|1
|turn|1
|inactive|SuprEpcGuy has 30 seconds left.
|inactive|SuprEpcGuy has 20 seconds left.
|
|t:|1784045815
|move|p2a: Paraselene|Protect|p2a: Paraselene
|-singleturn|p2a: Paraselene|Protect
|move|p1b: Incineroar|Fake Out|p2a: Paraselene
|-activate|p2a: Paraselene|move: Protect
|move|p1a: Whimsicott|Taunt|p2b: Freight
|-start|p2b: Freight|move: Taunt
|cant|p2b: Freight|move: Taunt|Taunt
|
|upkeep
|turn|2
|
|t:|1784045844
|switch|p2b: Freight|Aerodactyl, L50, M|100/100
|switch|p2a: Big Purr|Incineroar, L50, M|100/100
|-ability|p2a: Big Purr|Intimidate|boost
|-unboost|p1a: Whimsicott|atk|1
|-unboost|p1b: Incineroar|atk|1
|move|p1a: Whimsicott|Tailwind|p1a: Whimsicott
|-sidestart|p1: airpersia|move: Tailwind
|move|p1b: Incineroar|Throat Chop|p2b: Freight
|-damage|p2b: Freight|63/100
|-start|p2b: Freight|Throat Chop|[silent]
|
|upkeep
|turn|3
|inactive|SuprEpcGuy has 30 seconds left.
|
|t:|1784045875
|switch|p1a: Lucario|Lucario, L50, F, shiny|100/100
|detailschange|p2b: Freight|Aerodactyl-Mega, L50, M
|-mega|p2b: Freight|Aerodactyl|Aerodactylite
|move|p2a: Big Purr|Fake Out|p1a: Lucario
|-resisted|p1a: Lucario|1
|-damage|p1a: Lucario|91/100
|move|p2b: Freight|Dual Wingbeat|p1a: Lucario|[miss]
|-miss|p2b: Freight|p1a: Lucario
|move|p1b: Incineroar|Parting Shot|p2b: Freight
|-unboost|p2b: Freight|atk|1
|-unboost|p2b: Freight|spa|1
|
|t:|1784045891
|switch|p1b: Metagross|Metagross, L50|100/100|[from] Parting Shot
|
|-end|p2b: Freight|Throat Chop|[silent]
|upkeep
|turn|4
|
|t:|1784045917
|switch|p1b: Incineroar|Incineroar, L50, M, shiny|100/100
|-ability|p1b: Incineroar|Intimidate|boost
|-unboost|p2a: Big Purr|atk|1
|-unboost|p2b: Freight|atk|1
|switch|p2b: Freight|Aerodactyl-Mega, L50, M|100/100
|switch|p2a: Paraselene|Kingambit, L50, F, shiny|100/100
|detailschange|p1a: Lucario|Lucario-Mega, L50, F, shiny
|-mega|p1a: Lucario|Lucario|Lucarionite
|move|p1a: Lucario|Aura Sphere|p2a: Paraselene
|-supereffective|p2a: Paraselene|2
|-enditem|p2a: Paraselene|Chople Berry|[eat]
|-enditem|p2a: Paraselene|Chople Berry|[weaken]
|-damage|p2a: Paraselene|0 fnt
|faint|p2a: Paraselene
|
|upkeep
|
|t:|1784045927
|switch|p2a: Big Purr|Incineroar, L50, M|100/100
|-ability|p2a: Big Purr|Intimidate|boost
|-unboost|p1a: Lucario|atk|1
|-unboost|p1b: Incineroar|atk|1
|turn|5
|
|t:|1784045951
|move|p1a: Lucario|Detect|p1a: Lucario
|-singleturn|p1a: Lucario|Protect
|move|p2a: Big Purr|Fake Out|p1a: Lucario
|-activate|p1a: Lucario|move: Protect
|move|p2b: Freight|Will-O-Wisp|p1a: Lucario
|-activate|p1a: Lucario|move: Protect
|move|p1b: Incineroar|Throat Chop|p2b: Freight
|-supereffective|p2b: Freight|1
|-damage|p2b: Freight|7/100
|-start|p2b: Freight|Throat Chop|[silent]
|replace|p2b: Boo|Zoroark-Hisui, L50, F
|-end|p2b: Boo|Illusion
|
|-sideend|p1: airpersia|move: Tailwind
|upkeep
|turn|6
|
|t:|1784045975
|move|p1a: Lucario|Aura Sphere|p2a: Big Purr
|-supereffective|p2a: Big Purr|1
|-damage|p2a: Big Purr|2/100
|-enditem|p2a: Big Purr|Sitrus Berry|[eat]
|-heal|p2a: Big Purr|27/100|[from] item: Sitrus Berry
|move|p2b: Boo|Shadow Ball|p1a: Lucario
|-damage|p1a: Lucario|21/100
|move|p2a: Big Purr|Flare Blitz|p1a: Lucario
|-supereffective|p1a: Lucario|1
|-damage|p1a: Lucario|0 fnt
|faint|p1a: Lucario
|-damage|p2a: Big Purr|22/100|[from] Recoil
|move|p1b: Incineroar|Throat Chop|p2b: Boo
|-supereffective|p2b: Boo|1
|-damage|p2b: Boo|0 fnt
|faint|p2b: Boo
|
|upkeep
|
|t:|1784045993
|switch|p1a: Whimsicott|Whimsicott, L50, F, shiny|100/100
|switch|p2b: Freight|Aerodactyl-Mega, L50, M|63/100
|turn|7
|inactive|SuprEpcGuy has 30 seconds left.
|
|t:|1784046018
|move|p1a: Whimsicott|Tailwind|p1a: Whimsicott
|-sidestart|p1: airpersia|move: Tailwind
|move|p2b: Freight|Tailwind|p2b: Freight
|-sidestart|p2: SuprEpcGuy|move: Tailwind
|move|p2a: Big Purr|Flare Blitz|p1a: Whimsicott
|-supereffective|p1a: Whimsicott|1
|-enditem|p1a: Whimsicott|Focus Sash
|-damage|p1a: Whimsicott|1/100
|-status|p1a: Whimsicott|brn
|-damage|p2a: Big Purr|1/100|[from] Recoil
|move|p1b: Incineroar|Flare Blitz|p2a: Big Purr
|-resisted|p2a: Big Purr|1
|-damage|p2a: Big Purr|0 fnt
|faint|p2a: Big Purr
|-damage|p1b: Incineroar|99/100|[from] Recoil
|
|-damage|p1a: Whimsicott|0 fnt|[from] brn
|faint|p1a: Whimsicott
|upkeep
|
|t:|1784046022
|switch|p1a: Metagross|Metagross, L50|100/100
|turn|8
|
|t:|1784046028
|move|p2b: Freight|Rock Slide|p1a: Metagross|[spread] p1a,p1b
|-resisted|p1a: Metagross|1
|-supereffective|p1b: Incineroar|1
|-damage|p1a: Metagross|85/100
|-damage|p1b: Incineroar|51/100
|move|p1a: Metagross|Iron Head|p2b: Freight
|-supereffective|p2b: Freight|1
|-damage|p2b: Freight|0 fnt
|faint|p2b: Freight
|
|win|airpersia
