|j|☆Oriozz
|j|☆SlimSanity
|html|OriozzSlimSanity    
|uhtml|bestof|Game 3 of a best-of-3
|t:|1783576970
|gametype|doubles
|player|p1|Oriozz|169|1118
|player|p2|SlimSanity|101|1072
|gen|9
|tier|[Gen 9 Champions] VGC 2026 Reg M-B (Bo3)
|rated|
|rule|Species Clause: Limit one of each Pokémon
|rule|Item Clause: Limit 1 of each item
|clearpoke
|poke|p1|Kingambit, L50, F|
|poke|p1|Floette-Eternal, L50, F|
|poke|p1|Sneasler, L50, M|
|poke|p1|Incineroar, L50, F|
|poke|p1|Garchomp, L50, F|
|poke|p1|Sinistcha, L50|
|poke|p2|Primarina, L50, F|
|poke|p2|Chesnaught, L50, F|
|poke|p2|Reuniclus, L50, F, shiny|
|poke|p2|Pelipper, L50, M|
|poke|p2|Sinistcha-Masterpiece, L50|
|poke|p2|Scizor, L50, F|
|teampreview|4
|showteam|p1|Kingambit||ChopleBerry|Defiant|KowtowCleave,Protect,SuckerPunch,IronHead|Adamant||F|||50|]Floette-Eternal||Floettite|FlowerVeil|DazzlingGleam,DrainingKiss,Protect,CalmMind|Bold||F|||50|]Sneasler||FocusSash|Unburden|FakeOut,DireClaw,CloseCombat,Coaching|Jolly||M|||50|]Incineroar||Leftovers|Intimidate|FakeOut,FlareBlitz,PartingShot,HelpingHand|Careful||F|||50|]Garchomp||Garchompite|RoughSkin|Earthquake,StompingTantrum,RockSlide,Protect|Adamant||F|||50|]Sinistcha||SitrusBerry|Hospitality|Protect,MatchaGotcha,TrickRoom,RagePowder|Bold|||||50|
|showteam|p2|Primarina||LifeOrb|LiquidVoice|HyperVoice,DrainingKiss,IceBeam,Protect|Quiet||F|||50|]Chesnaught||Chesnaughtite|Bulletproof|BellyDrum,DrainPunch,SeedBomb,KnockOff|Brave||F|||50|]Reuniclus||Leftovers|Regenerator|TrickRoom,Psychic,ShadowBall,Protect|Quiet||F|||50|]Pelipper||SitrusBerry|Drizzle|Hurricane,MuddyWater,WideGuard,HelpingHand|Quiet||M|||50|]Sinistcha-Masterpiece||FocusSash|Hospitality|MatchaGotcha,TrickRoom,RagePowder,Protect|Relaxed|||||50|]Scizor||Scizorite|Technician|BulletPunch,DualWingbeat,BugBite,Protect|Brave||F|||50|
|inactive|Battle timer is ON: inactive players will automatically lose when time's up. (requested by Oriozz)
|
|t:|1783576991
|teamsize|p1|4
|teamsize|p2|4
|start
|switch|p1a: Sneasler|Sneasler, L50, M|100/100
|switch|p1b: Floette|Floette-Eternal, L50, F|100/100
|switch|p2a: Scizor|Scizor, L50, F|100/100
|switch|p2b: Pelipper|Pelipper, L50, M|100/100
|-weather|RainDance|[from] ability: Drizzle|[of] p2b: Pelipper
|turn|1
|inactive|Oriozz has 30 seconds left.
|
|t:|1783577020
|switch|p1b: Incineroar|Incineroar, L50, F|100/100
|-ability|p1b: Incineroar|Intimidate|boost
|-unboost|p2a: Scizor|atk|1
|-unboost|p2b: Pelipper|atk|1
|detailschange|p2a: Scizor|Scizor-Mega, L50, F
|-mega|p2a: Scizor|Scizor|Scizorite
|move|p2b: Pelipper|Helping Hand|p2a: Scizor
|-singleturn|p2a: Scizor|Helping Hand|[of] p2b: Pelipper
|move|p1a: Sneasler|Fake Out|p2a: Scizor
|-resisted|p2a: Scizor|1
|-damage|p2a: Scizor|94/100
|cant|p2a: Scizor|flinch
|
|-weather|RainDance|[upkeep]
|upkeep
|turn|2
|inactive|SlimSanity has 30 seconds left.
|
|t:|1783577047
|move|p2a: Scizor|Protect|p2a: Scizor
|-singleturn|p2a: Scizor|Protect
|move|p1b: Incineroar|Fake Out|p2a: Scizor
|-activate|p2a: Scizor|move: Protect
|move|p1a: Sneasler|Dire Claw|p2b: Pelipper
|-damage|p2b: Pelipper|56/100
|move|p2b: Pelipper|Muddy Water|p1a: Sneasler|[spread] p1a,p1b
|-supereffective|p1b: Incineroar|1
|-damage|p1a: Sneasler|33/100
|-damage|p1b: Incineroar|27/100
|-unboost|p1b: Incineroar|accuracy|1
|
|-weather|RainDance|[upkeep]
|-heal|p1b: Incineroar|33/100|[from] item: Leftovers
|upkeep
|turn|3
|
|t:|1783577069
|move|p2a: Scizor|Bullet Punch|p1a: Sneasler
|-damage|p1a: Sneasler|0 fnt
|faint|p1a: Sneasler
|move|p1b: Incineroar|Flare Blitz|p2a: Scizor
|-supereffective|p2a: Scizor|2
|-damage|p2a: Scizor|19/100
|-damage|p1b: Incineroar|11/100|[from] Recoil
|move|p2b: Pelipper|Muddy Water|p1b: Incineroar
|-supereffective|p1b: Incineroar|1
|-damage|p1b: Incineroar|0 fnt
|faint|p1b: Incineroar
|
|-weather|RainDance|[upkeep]
|upkeep
|
|t:|1783577081
|switch|p1a: Sinistcha|Sinistcha, L50|100/100
|switch|p1b: Floette|Floette-Eternal, L50, F|100/100
|turn|4
|
|t:|1783577098
|switch|p2a: Reuniclus|Reuniclus, L50, F, shiny|100/100
|detailschange|p1b: Floette|Floette-Mega, L50, F
|-mega|p1b: Floette|Floette|Floettite
|-ability|p1b: Floette|Fairy Aura
|move|p2b: Pelipper|Wide Guard|p2b: Pelipper
|-singleturn|p2b: Pelipper|Wide Guard
|move|p1a: Sinistcha|Rage Powder|p1a: Sinistcha
|-singleturn|p1a: Sinistcha|move: Rage Powder
|move|p1b: Floette|Calm Mind|p1b: Floette
|-boost|p1b: Floette|spa|1
|-boost|p1b: Floette|spd|1
|
|-weather|RainDance|[upkeep]
|upkeep
|turn|5
|inactive|Oriozz has 30 seconds left.
|
|t:|1783577127
|move|p1b: Floette|Draining Kiss|p2b: Pelipper
|-damage|p2b: Pelipper|0 fnt
|faint|p2b: Pelipper
|move|p1a: Sinistcha|Trick Room|p1a: Sinistcha
|-fieldstart|move: Trick Room|[of] p1a: Sinistcha
|move|p2a: Reuniclus|Trick Room|p2a: Reuniclus
|-fieldend|move: Trick Room
|
|-weather|none
|upkeep
|
|t:|1783577135
|switch|p2b: Primarina|Primarina, L50, F|100/100
|turn|6
|
|t:|1783577142
|move|p2a: Reuniclus|Protect|p2a: Reuniclus
|-singleturn|p2a: Reuniclus|Protect
|move|p1b: Floette|Dazzling Gleam|p2a: Reuniclus|[spread] p2b
|-activate|p2a: Reuniclus|move: Protect
|-damage|p2b: Primarina|42/100
|move|p1a: Sinistcha|Matcha Gotcha|p2b: Primarina|[spread] p2b
|-activate|p2a: Reuniclus|move: Protect
|-supereffective|p2b: Primarina|1
|-damage|p2b: Primarina|0 fnt
|faint|p2b: Primarina
|
|upkeep
|
|t:|1783577152
|switch|p2b: Scizor|Scizor-Mega, L50, F|19/100
|turn|7
|
|t:|1783577162
|move|p1a: Sinistcha|Rage Powder|p1a: Sinistcha
|-singleturn|p1a: Sinistcha|move: Rage Powder
|move|p1b: Floette|Dazzling Gleam|p2b: Scizor|[spread] p2a,p2b
|-resisted|p2b: Scizor|1
|-damage|p2a: Reuniclus|50/100g
|-damage|p2b: Scizor|0 fnt
|faint|p2b: Scizor
|move|p2a: Reuniclus|Shadow Ball|p1a: Sinistcha
|-supereffective|p1a: Sinistcha|1
|-damage|p1a: Sinistcha|46/100
|-unboost|p1a: Sinistcha|spd|1
|-enditem|p1a: Sinistcha|Sitrus Berry|[eat]
|-heal|p1a: Sinistcha|70/100|[from] item: Sitrus Berry
|
|-heal|p2a: Reuniclus|56/100|[from] item: Leftovers
|upkeep
|turn|8
|
|t:|1783577178
|move|p1b: Floette|Dazzling Gleam|p2a: Reuniclus
|-damage|p2a: Reuniclus|0 fnt
|faint|p2a: Reuniclus
|
|win|Oriozz
|raw|Oriozz's rating: 1118 → 1140(+22 for winning)
|raw|SlimSanity's rating: 1072 → 1054(-18 for losing)
|c|☆Oriozz|gg
|c|☆SlimSanity|gg
|l|☆SlimSanity
|player|p2|
