|j|☆atmhools1
|j|☆Mortipherus
|html|atmhools1Mortipherus    
|uhtml|bestof|Game 2 of a best-of-3
|t:|1756579354
|gametype|doubles
|player|p1|atmhools1|2|1017
|player|p2|Mortipherus|biker-gen4|1058
|gen|9
|tier|[Gen 9] VGC 2025 Reg H (Bo3)
|rated|
|rule|Species Clause: Limit one of each Pokémon
|rule|Item Clause: Limit 1 of each item
|clearpoke
|poke|p1|Whimsicott, L50, F|
|poke|p1|Ursaluna-Bloodmoon, L50, M|
|poke|p1|Farigiraf, L50, F|
|poke|p1|Typhlosion-Hisui, L50, F|
|poke|p1|Rillaboom, L50, F|
|poke|p1|Incineroar, L50, M|
|poke|p2|Hydrapple, L50, F|
|poke|p2|Arcanine-Hisui, L50, M|
|poke|p2|Gholdengo, L50|
|poke|p2|Electabuzz, L50, F|
|poke|p2|Indeedee, L50, M|
|poke|p2|Sneasler, L50, M|
|teampreview|4
|showteam|p1|Whimsicott||CovertCloak|Prankster|Moonblast,Taunt,Tailwind,Encore|||F|||50|,,,,,Grass]Ursaluna-Bloodmoon||LifeOrb|MindsEye|BloodMoon,HyperVoice,EarthPower,Protect|||M|||50|,,,,,Normal]Farigiraf||SitrusBerry|ArmorTail|Psychic,HyperVoice,HelpingHand,TrickRoom|||F|||50|,,,,,Normal]Typhlosion-Hisui||ClearAmulet|Blaze|Eruption,InfernalParade,Flamethrower,Protect|||F|||50|,,,,,Fire]Rillaboom||AssaultVest|GrassySurge|WoodHammer,GrassyGlide,Uturn,FakeOut|||F|||50|,,,,,Fire]Incineroar||SafetyGoggles|Intimidate|FlareBlitz,KnockOff,PartingShot,FakeOut|||M|||50|,,,,,Ghost
|showteam|p2|Hydrapple||AssaultVest|Regenerator|FickleBeam,EnergyBall,EarthPower,BreakingSwipe|||F|||50|,,,,,Ground]Arcanine-Hisui||ClearAmulet|Intimidate|Protect,ExtremeSpeed,FlareBlitz,RockSlide|||M|||50|,,,,,Grass]Gholdengo||LifeOrb|GoodasGold|Protect,NastyPlot,MakeItRain,ShadowBall||||||50|,,,,,Flying]Electabuzz||Eviolite|VitalSpirit|Protect,FollowMe,Taunt,Electroweb|||F|||50|,,,,,Dragon]Indeedee||FocusSash|PsychicSurge|Protect,TrickRoom,ExpandingForce,TeraBlast|||M|||50|,,,,,Ground]Sneasler||PsychicSeed|Unburden|Protect,ThroatChop,DireClaw,CloseCombat|||M|||50|,,,,,Dark
|inactive|Battle timer is ON: inactive players will automatically lose when time's up. (requested by atmhools1)
|inactive|Mortipherus has 60 seconds left.
|
|t:|1756579387
|teamsize|p1|4
|teamsize|p2|4
|start
|switch|p1a: Whimsicott|Whimsicott, L50, F|100/100
|switch|p1b: Incineroar|Incineroar, L50, M|100/100
|switch|p2a: Indeedee|Indeedee, L50, M|100/100
|switch|p2b: Arcanine|Arcanine-Hisui, L50, M|100/100
|-fieldstart|move: Psychic Terrain|[from] ability: Psychic Surge|[of] p2a: Indeedee
|-ability|p2b: Arcanine|Intimidate|boost
|-unboost|p1a: Whimsicott|atk|1
|-unboost|p1b: Incineroar|atk|1
|-ability|p1b: Incineroar|Intimidate|boost
|-unboost|p2a: Indeedee|atk|1
|-fail|p2b: Arcanine|unboost|[from] item: Clear Amulet|[of] p2b: Arcanine
|turn|1
|
|t:|1756579406
|switch|p1b: Rillaboom|Rillaboom, L50, F|100/100
|-fieldstart|move: Grassy Terrain|[from] ability: Grassy Surge|[of] p1b: Rillaboom
|move|p1a: Whimsicott|Taunt|p2a: Indeedee
|-start|p2a: Indeedee|move: Taunt
|move|p2b: Arcanine|Rock Slide|p1a: Whimsicott|[spread] p1a,p1b
|-damage|p1a: Whimsicott|58/100
|-damage|p1b: Rillaboom|78/100
|cant|p2a: Indeedee|move: Taunt|Trick Room
|
|-heal|p1a: Whimsicott|64/100|[from] Grassy Terrain
|-heal|p1b: Rillaboom|84/100|[from] Grassy Terrain
|upkeep
|turn|2
|
|t:|1756579429
|switch|p2a: Hydrapple|Hydrapple, L50, F|100/100
|move|p2b: Arcanine|Protect|p2b: Arcanine
|-singleturn|p2b: Arcanine|Protect
|move|p1a: Whimsicott|Encore|p2b: Arcanine
|-activate|p2b: Arcanine|move: Protect
|move|p1b: Rillaboom|U-turn|p2a: Hydrapple
|-supereffective|p2a: Hydrapple
|-damage|p2a: Hydrapple|68/100
|
|t:|1756579433
|switch|p1b: Incineroar|Incineroar, L50, M|100/100|[from] U-turn
|-ability|p1b: Incineroar|Intimidate|boost
|-unboost|p2a: Hydrapple|atk|1
|-fail|p2b: Arcanine|unboost|[from] item: Clear Amulet|[of] p2b: Arcanine
|
|-heal|p1a: Whimsicott|70/100|[from] Grassy Terrain
|-heal|p2a: Hydrapple|74/100|[from] Grassy Terrain
|upkeep
|turn|3
|
|t:|1756579462
|switch|p2a: Indeedee|Indeedee, L50, M|100/100
|-fieldstart|move: Psychic Terrain|[from] ability: Psychic Surge|[of] p2a: Indeedee
|-terastallize|p1b: Incineroar|Ghost
|move|p1a: Whimsicott|Moonblast|p2a: Indeedee
|-damage|p2a: Indeedee|49/100
|move|p2b: Arcanine|Flare Blitz|p1a: Whimsicott
|-supereffective|p1a: Whimsicott
|-damage|p1a: Whimsicott|0 fnt
|faint|p1a: Whimsicott
|-damage|p2b: Arcanine|84/100|[from] Recoil
|move|p1b: Incineroar|Knock Off|p2b: Arcanine
|-damage|p2b: Arcanine|43/100
|-enditem|p2b: Arcanine|Clear Amulet|[from] move: Knock Off|[of] p1b: Incineroar
|
|upkeep
|
|t:|1756579470
|switch|p1a: Rillaboom|Rillaboom, L50, F|84/100
|-fieldstart|move: Grassy Terrain|[from] ability: Grassy Surge|[of] p1a: Rillaboom
|turn|4
|
|t:|1756579490
|move|p2a: Indeedee|Protect|p2a: Indeedee
|-singleturn|p2a: Indeedee|Protect
|move|p2b: Arcanine|Protect|p2b: Arcanine
|-singleturn|p2b: Arcanine|Protect
|move|p1a: Rillaboom|U-turn|p2a: Indeedee
|-activate|p2a: Indeedee|move: Protect
|move|p1b: Incineroar|Knock Off|p2a: Indeedee
|-activate|p2a: Indeedee|move: Protect
|
|-heal|p2a: Indeedee|55/100|[from] Grassy Terrain
|-heal|p2b: Arcanine|49/100|[from] Grassy Terrain
|-heal|p1a: Rillaboom|90/100|[from] Grassy Terrain
|upkeep
|turn|5
|
|t:|1756579509
|move|p2a: Indeedee|Expanding Force|p1b: Incineroar
|-damage|p1b: Incineroar|71/100
|move|p2b: Arcanine|Flare Blitz|p1a: Rillaboom
|-supereffective|p1a: Rillaboom
|-damage|p1a: Rillaboom|0 fnt
|faint|p1a: Rillaboom
|-damage|p2b: Arcanine|18/100|[from] Recoil
|move|p1b: Incineroar|Knock Off|p2b: Arcanine
|-damage|p2b: Arcanine|0 fnt
|faint|p2b: Arcanine
|
|-heal|p2a: Indeedee|61/100|[from] Grassy Terrain
|-heal|p1b: Incineroar|77/100|[from] Grassy Terrain
|upkeep
|
|t:|1756579525
|switch|p2b: Electabuzz|Electabuzz, L50, F|100/100
|switch|p1a: Typhlosion|Typhlosion-Hisui, L50, F|100/100
|turn|6
|
|t:|1756579549
|move|p2b: Electabuzz|Protect|p2b: Electabuzz
|-singleturn|p2b: Electabuzz|Protect
|move|p1a: Typhlosion|Eruption|p2b: Electabuzz|[spread] p2a
|-activate|p2b: Electabuzz|move: Protect
|-damage|p2a: Indeedee|0 fnt
|faint|p2a: Indeedee
|move|p1b: Incineroar|Knock Off|p2b: Electabuzz
|-activate|p2b: Electabuzz|move: Protect
|
|-heal|p1b: Incineroar|83/100|[from] Grassy Terrain
|upkeep
|
|t:|1756579555
|switch|p2a: Hydrapple|Hydrapple, L50, F|100/100
|turn|7
|
|t:|1756579562
|-terastallize|p2a: Hydrapple|Ground
|move|p2b: Electabuzz|Electroweb|p1a: Typhlosion|[spread] p1a,p1b
|-damage|p1a: Typhlosion|84/100
|-damage|p1b: Incineroar|70/100
|-unboost|p1b: Incineroar|spe|1
|move|p1a: Typhlosion|Eruption|p2a: Hydrapple|[spread] p2a,p2b
|-damage|p2a: Hydrapple|69/100
|-damage|p2b: Electabuzz|71/100
|move|p1b: Incineroar|Knock Off|p2a: Hydrapple
|-damage|p2a: Hydrapple|35/100
|-enditem|p2a: Hydrapple|Assault Vest|[from] move: Knock Off|[of] p1b: Incineroar
|move|p2a: Hydrapple|Earth Power|p1a: Typhlosion
|-supereffective|p1a: Typhlosion
|-damage|p1a: Typhlosion|0 fnt
|faint|p1a: Typhlosion
|
|-heal|p2b: Electabuzz|77/100|[from] Grassy Terrain
|-heal|p1b: Incineroar|76/100|[from] Grassy Terrain
|-heal|p2a: Hydrapple|41/100|[from] Grassy Terrain
|upkeep
|turn|8
|inactive|Mortipherus has 30 seconds left.
|
|t:|1756579592
|move|p2b: Electabuzz|Follow Me|p2b: Electabuzz
|-singleturn|p2b: Electabuzz|move: Follow Me
|move|p1b: Incineroar|Knock Off|p2b: Electabuzz
|-damage|p2b: Electabuzz|43/100
|-enditem|p2b: Electabuzz|Eviolite|[from] move: Knock Off|[of] p1b: Incineroar
|move|p2a: Hydrapple|Fickle Beam|p1b: Incineroar
|-damage|p1b: Incineroar|42/100
|
|-heal|p2b: Electabuzz|49/100|[from] Grassy Terrain
|-heal|p1b: Incineroar|48/100|[from] Grassy Terrain
|-heal|p2a: Hydrapple|47/100|[from] Grassy Terrain
|-fieldend|move: Grassy Terrain
|upkeep
|turn|9
|
|t:|1756579608
|move|p2b: Electabuzz|Electroweb|p1b: Incineroar
|-damage|p1b: Incineroar|33/100
|-unboost|p1b: Incineroar|spe|1
|move|p2a: Hydrapple|Fickle Beam|p1b: Incineroar
|-damage|p1b: Incineroar|0 fnt
|faint|p1b: Incineroar
|
|win|Mortipherus
|raw|atmhools1's rating: 1017 → 1006(-11 for losing)
|raw|Mortipherus's rating: 1058 → 1086(+28 for winning)
|l|☆atmhools1
|player|p1|
