|j|☆grrimm32
|j|‽LovelyDovelyMoment
|html|grrimm32LovelyDovelyMoment    
|uhtml|bestof|Game 1 of a best-of-3
|t:|1786193952
|gametype|doubles
|player|p1|grrimm32|iono-masters|
|player|p2|LovelyDovelyMoment|iris-gen5bw2|
|gen|9
|tier|[Gen 9 Champions] VGC 2026 Reg M-B (Bo3)
|rule|Species Clause: Limit one of each Pokémon
|rule|Item Clause: Limit 1 of each item
|clearpoke
|poke|p1|Runerigus, L50, F|
|poke|p1|Slowbro, L50, M|
|poke|p1|Emboar, L50, F, shiny|
|poke|p1|Abomasnow, L50, M, shiny|
|poke|p1|Steelix, L50, M|
|poke|p1|Sableye, L50, F|
|poke|p2|Tinkaton, L50, F|
|poke|p2|Runerigus, L50, M|
|poke|p2|Sableye, L50, F|
|poke|p2|Heliolisk, L50, F|
|poke|p2|Simisear, L50, M|
|poke|p2|Emboar, L50, M, shiny|
|teampreview|4
|showteam|p1|Runerigus||MentalHerb|WanderingSpirit|TrickRoom,Taunt,WillOWisp,Poltergeist|Sassy||F|||50|]Slowbro||Leftovers|Regenerator|TrickRoom,Scald,CalmMind,SlackOff|Relaxed||M|||50|]Emboar||LifeOrb|Reckless|FlareBlitz,CloseCombat,WildCharge,Protect|Brave||F|||50|]Abomasnow||Abomasite|SnowWarning|Blizzard,EarthPower,GigaDrain,Protect|Quiet||M|||50|]Steelix||Steelixite|Sturdy|GyroBall,HighHorsepower,Curse,Protect|Brave||M|||50|]Sableye||LightClay|Prankster|LightScreen,Reflect,Quash,FakeOut|Calm||F|||50|
|showteam|p2|Tinkaton||SitrusBerry|Pickpocket|FakeOut,GigatonHammer,PlayRough,Protect|Adamant||F|||50|]Runerigus||Leftovers|WanderingSpirit|Imprison,TrickRoom,Protect,Earthquake|Sassy||M|||50|]Sableye||FocusSash|Prankster|Encore,FakeOut,Taunt,Detect|Relaxed||F|||50|]Heliolisk||LifeOrb|SolarPower|HyperVoice,Discharge,Protect,GrassKnot|Timid||F|||50|]Simisear||ChoiceScarf|Blaze|Overheat,FocusBlast,SunnyDay,HeatWave|Modest||M|||50|]Emboar||IronBall|Reckless|FlareBlitz,WildCharge,DrainPunch,Protect|Brave||M|||50|
|
|t:|1786193988
|teamsize|p1|4
|teamsize|p2|4
|start
|switch|p1a: Slowbro|Slowbro, L50, M|100/100
|switch|p1b: Emboar|Emboar, L50, F, shiny|100/100
|switch|p2a: Runerigus|Runerigus, L50, M|100/100
|switch|p2b: Simisear|Simisear, L50, M|100/100
|turn|1
|
|t:|1786194010
|move|p2b: Simisear|Sunny Day|p2b: Simisear
|-weather|SunnyDay
|move|p1b: Emboar|Flare Blitz|p2a: Runerigus
|-crit|p2a: Runerigus
|-damage|p2a: Runerigus|0 fnt
|-activate|p1b: Emboar|Skill Swap|Wandering Spirit|Reckless|[of] p2a: Runerigus
|faint|p2a: Runerigus
|-damage|p1b: Emboar|75/100|[from] Recoil
|-damage|p1b: Emboar|65/100|[from] item: Life Orb
|move|p1a: Slowbro|Scald|p2b: Simisear
|-supereffective|p2b: Simisear|1
|-damage|p2b: Simisear|52/100
|
|-weather|SunnyDay|[upkeep]
|upkeep
|
|t:|1786194016
|switch|p2a: Heliolisk|Heliolisk, L50, F|100/100
|turn|2
|
|t:|1786194024
|switch|p2b: Emboar|Emboar, L50, M, shiny|100/100
|move|p2a: Heliolisk|Discharge|p1b: Emboar|[spread] p2b,p1a,p1b
|-supereffective|p1a: Slowbro|1
|-crit|p1a: Slowbro
|-damage|p2b: Emboar|44/100
|-damage|p1a: Slowbro|0 fnt
|-damage|p1b: Emboar|0 fnt
|faint|p1a: Slowbro
|faint|p1b: Emboar
|-damage|p2a: Heliolisk|90/100|[from] item: Life Orb
|
|-weather|SunnyDay|[upkeep]
|-damage|p2a: Heliolisk|78/100|[from] ability: Solar Power|[of] p2a: Heliolisk
|upkeep
|
|t:|1786194031
|switch|p1b: Abomasnow|Abomasnow, L50, M, shiny|100/100
|switch|p1a: Runerigus|Runerigus, L50, F|100/100
|-weather|Snowscape|[from] ability: Snow Warning|[of] p1b: Abomasnow
|turn|3
|
|t:|1786194082
|move|p1b: Abomasnow|Protect|p1b: Abomasnow
|-singleturn|p1b: Abomasnow|Protect
|move|p2b: Emboar|Protect|p2b: Emboar
|-singleturn|p2b: Emboar|Protect
|move|p2a: Heliolisk|Grass Knot|p1a: Runerigus
|-supereffective|p1a: Runerigus|1
|-damage|p1a: Runerigus|50/100g
|-activate|p2a: Heliolisk|Skill Swap|Wandering Spirit|Solar Power|[of] p1a: Runerigus
|-damage|p2a: Heliolisk|69/100|[from] item: Life Orb
|move|p1a: Runerigus|Trick Room|p1a: Runerigus
|-fieldstart|move: Trick Room|[of] p1a: Runerigus
|
|-weather|Snowscape|[upkeep]
|upkeep
|turn|4
|
|t:|1786194113
|detailschange|p1b: Abomasnow|Abomasnow-Mega, L50, M, shiny
|-mega|p1b: Abomasnow|Abomasnow|Abomasite
|move|p2b: Emboar|Flare Blitz|p1b: Abomasnow
|-supereffective|p1b: Abomasnow|2
|-damage|p1b: Abomasnow|0 fnt
|faint|p1b: Abomasnow
|-damage|p2b: Emboar|14/100|[from] Recoil
|move|p1a: Runerigus|Taunt|p2a: Heliolisk
|-start|p2a: Heliolisk|move: Taunt
|move|p2a: Heliolisk|Grass Knot|p1a: Runerigus
|-supereffective|p1a: Runerigus|1
|-damage|p1a: Runerigus|1/100
|-damage|p2a: Heliolisk|59/100|[from] item: Life Orb
|
|-weather|Snowscape|[upkeep]
|upkeep
|turn|5
|
|t:|1786194124
|move|p2b: Emboar|Flare Blitz|p1a: Runerigus
|-damage|p1a: Runerigus|0 fnt
|faint|p1a: Runerigus
|-damage|p2b: Emboar|13/100|[from] Recoil
|
|win|LovelyDovelyMoment
||LovelyDovelyMoment is ready for game 2.
|inactive|grrimm32 has 30 seconds to confirm battle start!
||grrimm32 is ready for game 2.
|uhtml|next|Next: Game 2 of 3
