|j|☆EgoJJ
|j|☆SeedDengoTesting
|html|EgoJJSeedDengoTesting    
|uhtml|bestof|Game 2 of a best-of-3
|t:|1757197641
|gametype|doubles
|player|p1|EgoJJ|brock|1221
|player|p2|SeedDengoTesting|birdkeeper-gen4dp|1139
|gen|9
|tier|[Gen 9] VGC 2025 Reg H (Bo3)
|rated|
|rule|Species Clause: Limit one of each Pokémon
|rule|Item Clause: Limit 1 of each item
|clearpoke
|poke|p1|Zoroark-Hisui, L50, M|
|poke|p1|Indeedee-F, L50, F|
|poke|p1|Ursaluna, L50, M|
|poke|p1|Torkoal, L50, M|
|poke|p1|Exeggutor, L50, F|
|poke|p1|Gallade, L50, M|
|poke|p2|Gholdengo, L50|
|poke|p2|Sneasler, L50, M|
|poke|p2|Rillaboom, L50, F|
|poke|p2|Dragonite, L50, M|
|poke|p2|Ninetales-Alola, L50, F|
|poke|p2|Arcanine-Hisui, L50, F|
|teampreview|4
|showteam|p1|Zoroark-Hisui||ChoiceSpecs|Illusion|HyperBeam,HyperVoice,ShadowBall,FocusBlast|||M|||50|,,,,,Normal]Indeedee-F||RockyHelmet|PsychicSurge|Psychic,HelpingHand,FollowMe,TrickRoom|||F|||50|,,,,,Grass]Ursaluna||FlameOrb|Guts|Facade,HeadlongRush,Earthquake,Protect|||M|||50|,,,,,Ghost]Torkoal||Charcoal|Drought|Eruption,WeatherBall,ClearSmog,Protect|||M|||50|,,,,,Fire]Exeggutor||FocusSash|Chlorophyll|ExpandingForce,LeafStorm,SleepPowder,TrickRoom|||F|||50|,,,,,Psychic]Gallade||ScopeLens|Sharpness|SacredSword,PsychoCut,TrickRoom,WideGuard|||M|||50|,,,,,Grass
|showteam|p2|Gholdengo||GrassySeed|GoodasGold|NastyPlot,MakeItRain,ShadowBall,Protect||||||50|,,,,,Water]Sneasler||WhiteHerb|Unburden|CloseCombat,DireClaw,Coaching,Protect|||M|||50|,,,,,Ghost]Rillaboom||AssaultVest|GrassySurge|FakeOut,GrassyGlide,DrumBeating,HighHorsepower|||F|||50|,,,,,Fire]Dragonite||LoadedDice|Multiscale|ScaleShot,StompingTantrum,Tailwind,Protect|||M|||50|,,,,,Ground]Ninetales-Alola||FocusSash|SnowWarning|Blizzard,IcyWind,Encore,AuroraVeil|||F|||50|,,,,,Ghost]Arcanine-Hisui||ClearAmulet|Intimidate|RockSlide,FlareBlitz,ExtremeSpeed,Protect|||F|||50|,,,,,Water
|inactive|Battle timer is ON: inactive players will automatically lose when time's up. (requested by EgoJJ)
|inactive|EgoJJ has 60 seconds left.
|
|t:|1757197682
|teamsize|p1|4
|teamsize|p2|4
|start
|switch|p1a: Exeggutor|Exeggutor, L50, F|100/100
|switch|p1b: Torkoal|Torkoal, L50, M|100/100
|switch|p2a: Arcanine|Arcanine-Hisui, L50, F|100/100
|switch|p2b: Gholdengo|Gholdengo, L50|100/100
|-ability|p2a: Arcanine|Intimidate|boost
|-unboost|p1a: Exeggutor|atk|1
|-unboost|p1b: Torkoal|atk|1
|-weather|SunnyDay|[from] ability: Drought|[of] p1b: Torkoal
|turn|1
|inactive|EgoJJ has 30 seconds left.
|
|t:|1757197708
|move|p1b: Torkoal|Protect|p1b: Torkoal
|-singleturn|p1b: Torkoal|Protect
|move|p2a: Arcanine|Rock Slide|p1a: Exeggutor|[spread] p1a
|-activate|p1b: Torkoal|move: Protect
|-damage|p1a: Exeggutor|69/100
|move|p2b: Gholdengo|Make It Rain|p1a: Exeggutor|[spread] p1a
|-activate|p1b: Torkoal|move: Protect
|-damage|p1a: Exeggutor|7/100
|-unboost|p2b: Gholdengo|spa|1
|move|p1a: Exeggutor|Trick Room|p1a: Exeggutor
|-fieldstart|move: Trick Room|[of] p1a: Exeggutor
|
|-weather|SunnyDay|[upkeep]
|upkeep
|turn|2
|inactive|EgoJJ has 30 seconds left.
|inactive|EgoJJ has 20 seconds left.
|inactive|EgoJJ has 15 seconds left.
|
|t:|1757197750
|-terastallize|p1b: Torkoal|Fire
|move|p2b: Gholdengo|Protect|p2b: Gholdengo
|-singleturn|p2b: Gholdengo|Protect
|move|p1b: Torkoal|Eruption|p2a: Arcanine|[spread] p2a
|-activate|p2b: Gholdengo|move: Protect
|-resisted|p2a: Arcanine
|-damage|p2a: Arcanine|61/100
|move|p2a: Arcanine|Rock Slide|p1a: Exeggutor|[spread] p1a,p1b
|-supereffective|p1b: Torkoal
|-damage|p1a: Exeggutor|0 fnt
|-damage|p1b: Torkoal|55/100
|faint|p1a: Exeggutor
|
|-weather|SunnyDay|[upkeep]
|upkeep
|
|t:|1757197762
|switch|p1a: Ursaluna|Ursaluna, L50, M|100/100
|turn|3
|inactive|EgoJJ has 30 seconds left.
|inactive|SeedDengoTesting has 30 seconds left.
|
|t:|1757197791
|switch|p2a: Rillaboom|Rillaboom, L50, F|100/100
|-fieldstart|move: Grassy Terrain|[from] ability: Grassy Surge|[of] p2a: Rillaboom
|-enditem|p2b: Gholdengo|Grassy Seed
|-boost|p2b: Gholdengo|def|1|[from] item: Grassy Seed
|-terastallize|p2b: Gholdengo|Water
|move|p1b: Torkoal|Weather Ball|p2a: Rillaboom
|-supereffective|p2a: Rillaboom
|-damage|p2a: Rillaboom|0 fnt
|faint|p2a: Rillaboom
|move|p1a: Ursaluna|Headlong Rush|p2b: Gholdengo
|-damage|p2b: Gholdengo|57/100
|-unboost|p1a: Ursaluna|def|1
|-unboost|p1a: Ursaluna|spd|1
|move|p2b: Gholdengo|Shadow Ball|p1b: Torkoal
|-damage|p1b: Torkoal|19/100
|
|-weather|SunnyDay|[upkeep]
|-heal|p1b: Torkoal|25/100|[from] Grassy Terrain
|-heal|p2b: Gholdengo|63/100|[from] Grassy Terrain
|-status|p1a: Ursaluna|brn|[from] item: Flame Orb
|upkeep
|inactive|SeedDengoTesting has 30 seconds left.
|
|t:|1757197817
|switch|p2a: Ninetales|Ninetales-Alola, L50, F|100/100
|-weather|Snowscape|[from] ability: Snow Warning|[of] p2a: Ninetales
|turn|4
|inactive|EgoJJ has 30 seconds left.
|
|t:|1757197843
|switch|p2a: Arcanine|Arcanine-Hisui, L50, F|61/100
|-ability|p2a: Arcanine|Intimidate|boost
|-unboost|p1a: Ursaluna|atk|1
|-unboost|p1b: Torkoal|atk|1
|move|p1a: Ursaluna|Protect|p1a: Ursaluna
|-singleturn|p1a: Ursaluna|Protect
|move|p2b: Gholdengo|Protect|p2b: Gholdengo
|-singleturn|p2b: Gholdengo|Protect
|move|p1b: Torkoal|Eruption|p2b: Gholdengo|[spread] p2a
|-activate|p2b: Gholdengo|move: Protect
|-resisted|p2a: Arcanine
|-damage|p2a: Arcanine|55/100
|
|-weather|Snowscape|[upkeep]
|-heal|p1b: Torkoal|32/100|[from] Grassy Terrain
|-heal|p2b: Gholdengo|69/100|[from] Grassy Terrain
|-heal|p2a: Arcanine|61/100|[from] Grassy Terrain
|-damage|p1a: Ursaluna|95/100 brn|[from] brn
|upkeep
|turn|5
|inactive|EgoJJ has 30 seconds left.
|inactive|SeedDengoTesting has 30 seconds left.
|inactive|EgoJJ has 20 seconds left.
|inactive|SeedDengoTesting has 20 seconds left.
|inactive|EgoJJ has 15 seconds left.
|inactive|SeedDengoTesting has 15 seconds left.
|inactive|EgoJJ has 10 seconds left.
|inactive|SeedDengoTesting has 10 seconds left.
|
|t:|1757197890
|move|p1b: Torkoal|Weather Ball|p2b: Gholdengo
|-resisted|p2b: Gholdengo
|-damage|p2b: Gholdengo|54/100
|move|p1a: Ursaluna|Earthquake|p2a: Arcanine|[spread] p1b,p2a,p2b
|-supereffective|p1b: Torkoal
|-supereffective|p2a: Arcanine
|-damage|p1b: Torkoal|1/100
|-damage|p2a: Arcanine|0 fnt
|-damage|p2b: Gholdengo|38/100
|faint|p2a: Arcanine
|move|p2b: Gholdengo|Nasty Plot|p2b: Gholdengo
|-boost|p2b: Gholdengo|spa|2
|
|-weather|Snowscape|[upkeep]
|-heal|p1b: Torkoal|7/100|[from] Grassy Terrain
|-heal|p1a: Ursaluna|100/100 brn|[from] Grassy Terrain
|-heal|p2b: Gholdengo|44/100|[from] Grassy Terrain
|-damage|p1a: Ursaluna|95/100 brn|[from] brn
|-fieldend|move: Trick Room
|upkeep
|
|t:|1757197902
|switch|p2a: Ninetales|Ninetales-Alola, L50, F|100/100
|turn|6
|inactive|SeedDengoTesting has 30 seconds left.
|inactive|SeedDengoTesting has 20 seconds left.
|inactive|SeedDengoTesting has 15 seconds left.
|
|t:|1757197942
|move|p1a: Ursaluna|Protect|p1a: Ursaluna
|-singleturn|p1a: Ursaluna|Protect
|move|p2a: Ninetales|Blizzard|p1b: Torkoal|[spread] p1b
|-activate|p1a: Ursaluna|move: Protect
|-resisted|p1b: Torkoal
|-damage|p1b: Torkoal|0 fnt
|faint|p1b: Torkoal
|move|p2b: Gholdengo|Make It Rain|p1a: Ursaluna
|-activate|p1a: Ursaluna|move: Protect
|
|-weather|Snowscape|[upkeep]
|-heal|p2b: Gholdengo|50/100|[from] Grassy Terrain
|-heal|p1a: Ursaluna|100/100 brn|[from] Grassy Terrain
|-damage|p1a: Ursaluna|95/100 brn|[from] brn
|upkeep
|
|t:|1757197950
|switch|p1b: Indeedee|Indeedee-F, L50, F|100/100
|-fieldstart|move: Psychic Terrain|[from] ability: Psychic Surge|[of] p1b: Indeedee
|turn|7
|
|t:|1757197957
|move|p1a: Ursaluna|Protect||[still]
|-fail|p1a: Ursaluna
|move|p2a: Ninetales|Blizzard|p1b: Indeedee|[spread] p1a,p1b
|-supereffective|p1a: Ursaluna
|-damage|p1a: Ursaluna|18/100 brn
|-damage|p1b: Indeedee|68/100
|move|p2b: Gholdengo|Make It Rain|p1b: Indeedee|[spread] p1a,p1b
|-damage|p1a: Ursaluna|0 fnt
|-damage|p1b: Indeedee|0 fnt
|-unboost|p2b: Gholdengo|spa|1
|faint|p1a: Ursaluna
|faint|p1b: Indeedee
|
|win|SeedDengoTesting
||EgoJJ is ready for game 3.
