|j|☆N0rin
|j|☆r4ka
|html|N0rinr4ka    
|uhtml|bestof|Game 2 of a best-of-3
|t:|1756404573
|gametype|doubles
|player|p1|N0rin|psychic-gen4|
|player|p2|r4ka|265|
|gen|9
|tier|[Gen 9] VGC 2025 Reg H (Bo3)
|rule|Species Clause: Limit one of each Pokémon
|rule|Item Clause: Limit 1 of each item
|clearpoke
|poke|p1|Politoed, L50, F|
|poke|p1|Gothitelle, L50, M|
|poke|p1|Kingdra, L50, M|
|poke|p1|Archaludon, L50, M|
|poke|p1|Amoonguss, L50, F|
|poke|p1|Incineroar, L50, M|
|poke|p2|Rillaboom, L50, F|
|poke|p2|Dragonite, L50, M|
|poke|p2|Sneasler, L50, M|
|poke|p2|Kingambit, L50, F|
|poke|p2|Electabuzz, L50, M|
|poke|p2|Volcarona, L50, F|
|teampreview|4
|showteam|p1|Politoed||Leftovers|Drizzle|WeatherBall,PerishSong,Encore,Protect|||F|||50|,,,,,Grass]Gothitelle||SitrusBerry|ShadowTag|Psychic,FakeOut,TrickRoom,Protect|||M|||50|,,,,,Dark]Kingdra||LifeOrb|SwiftSwim|WeatherBall,MuddyWater,DracoMeteor,Protect|||M|||50|,,,,,Stellar]Archaludon||PowerHerb|Sturdy|ElectroShot,FlashCannon,DragonPulse,Protect|||M|||50|,,,,,Electric]Amoonguss||EjectButton|Regenerator|RagePowder,Spore,PollenPuff,Protect|||F|||50|,,,,,Fairy]Incineroar||SafetyGoggles|Intimidate|FakeOut,PartingShot,KnockOff,Protect|||M|||50|,,,,,Ghost
|showteam|p2|Rillaboom||AssaultVest|GrassySurge|FakeOut,Uturn,WoodHammer,GrassyGlide|||F|||50|,,,,,Fire]Dragonite||LoadedDice|Multiscale|ExtremeSpeed,ScaleShot,Protect,Haze|||M|||50|,,,,,Fairy]Sneasler||FocusSash|PoisonTouch|DireClaw,CloseCombat,FakeOut,Coaching|||M|||50|,,,,,Stellar]Kingambit||BlackGlasses|Defiant|KowtowCleave,SuckerPunch,SwordsDance,Protect|||F|||50|,,,,,Dark]Electabuzz||Eviolite|VitalSpirit|Thunderbolt,Taunt,Protect,FollowMe|||M|||50|,,,,,Ghost]Volcarona||Leftovers|FlameBody|HeatWave,TeraBlast,QuiverDance,Protect|||F|||50|,,,,,Fairy
|
|t:|1756404598
|teamsize|p1|4
|teamsize|p2|4
|start
|switch|p1a: Gothitelle|Gothitelle, L50, M|100/100
|switch|p1b: Kingdra|Kingdra, L50, M|100/100
|switch|p2a: Electabuzz|Electabuzz, L50, M|100/100
|switch|p2b: Rillaboom|Rillaboom, L50, F|100/100
|-fieldstart|move: Grassy Terrain|[from] ability: Grassy Surge|[of] p2b: Rillaboom
|turn|1
|
|t:|1756404631
|move|p2a: Electabuzz|Protect|p2a: Electabuzz
|-singleturn|p2a: Electabuzz|Protect
|move|p1b: Kingdra|Protect|p1b: Kingdra
|-singleturn|p1b: Kingdra|Protect
|move|p2b: Rillaboom|Wood Hammer|p1b: Kingdra
|-activate|p1b: Kingdra|move: Protect
|move|p1a: Gothitelle|Psychic|p2a: Electabuzz
|-activate|p2a: Electabuzz|move: Protect
|
|upkeep
|turn|2
|
|t:|1756404674
|move|p1a: Gothitelle|Protect|p1a: Gothitelle
|-singleturn|p1a: Gothitelle|Protect
|move|p2a: Electabuzz|Thunderbolt|p1b: Kingdra
|-damage|p1b: Kingdra|60/100
|move|p1b: Kingdra|Muddy Water|p2b: Rillaboom|[spread] p2a,p2b
|-resisted|p2b: Rillaboom
|-damage|p2a: Electabuzz|67/100
|-damage|p2b: Rillaboom|87/100
|-unboost|p2b: Rillaboom|accuracy|1
|-damage|p1b: Kingdra|50/100|[from] item: Life Orb
|move|p2b: Rillaboom|Wood Hammer|p1b: Kingdra
|-damage|p1b: Kingdra|0 fnt
|faint|p1b: Kingdra
|-damage|p2b: Rillaboom|75/100|[from] Recoil
|
|-heal|p2a: Electabuzz|73/100|[from] Grassy Terrain
|-heal|p2b: Rillaboom|81/100|[from] Grassy Terrain
|upkeep
|
|t:|1756404694
|switch|p1b: Politoed|Politoed, L50, F|100/100
|-weather|RainDance|[from] ability: Drizzle|[of] p1b: Politoed
|turn|3
|
|t:|1756404712
|move|p1b: Politoed|Protect|p1b: Politoed
|-singleturn|p1b: Politoed|Protect
|move|p2a: Electabuzz|Taunt|p1b: Politoed
|-activate|p1b: Politoed|move: Protect
|move|p2b: Rillaboom|Wood Hammer|p1a: Gothitelle
|-damage|p1a: Gothitelle|28/100
|-enditem|p1a: Gothitelle|Sitrus Berry|[eat]
|-heal|p1a: Gothitelle|52/100|[from] item: Sitrus Berry
|-damage|p2b: Rillaboom|60/100|[from] Recoil
|move|p1a: Gothitelle|Trick Room|p1a: Gothitelle
|-fieldstart|move: Trick Room|[of] p1a: Gothitelle
|
|-weather|RainDance|[upkeep]
|-heal|p1a: Gothitelle|59/100|[from] Grassy Terrain
|-heal|p2b: Rillaboom|66/100|[from] Grassy Terrain
|-heal|p2a: Electabuzz|78/100|[from] Grassy Terrain
|upkeep
|turn|4
|
|t:|1756404740
|-terastallize|p1b: Politoed|Grass
|-terastallize|p2a: Electabuzz|Ghost
|move|p1a: Gothitelle|Protect|p1a: Gothitelle
|-singleturn|p1a: Gothitelle|Protect
|move|p1b: Politoed|Perish Song|p1b: Politoed
|-start|p1a: Gothitelle|perish3|[silent]
|-start|p1b: Politoed|perish3|[silent]
|-start|p2a: Electabuzz|perish3|[silent]
|-start|p2b: Rillaboom|perish3|[silent]
|-fieldactivate|move: Perish Song
|move|p2b: Rillaboom|U-turn|p1a: Gothitelle
|-activate|p1a: Gothitelle|move: Protect
|move|p2a: Electabuzz|Thunderbolt|p1a: Gothitelle
|-activate|p1a: Gothitelle|move: Protect
|
|-weather|RainDance|[upkeep]
|-heal|p1a: Gothitelle|65/100|[from] Grassy Terrain
|-heal|p2b: Rillaboom|72/100|[from] Grassy Terrain
|-heal|p2a: Electabuzz|84/100|[from] Grassy Terrain
|-start|p1a: Gothitelle|perish3
|-start|p1b: Politoed|perish3
|-start|p2b: Rillaboom|perish3
|-start|p2a: Electabuzz|perish3
|upkeep
|turn|5
|
|t:|1756404772
|move|p2a: Electabuzz|Protect|p2a: Electabuzz
|-singleturn|p2a: Electabuzz|Protect
|move|p1a: Gothitelle|Psychic|p2a: Electabuzz
|-activate|p2a: Electabuzz|move: Protect
|move|p1b: Politoed|Weather Ball|p2a: Electabuzz
|-activate|p2a: Electabuzz|move: Protect
|move|p2b: Rillaboom|U-turn|p1a: Gothitelle
|-supereffective|p1a: Gothitelle
|-damage|p1a: Gothitelle|17/100
|
|t:|1756404782
|switch|p2b: Kingambit|Kingambit, L50, F, shiny|100/100|[from] U-turn
|
|-weather|RainDance|[upkeep]
|-heal|p1a: Gothitelle|24/100|[from] Grassy Terrain
|-heal|p2a: Electabuzz|90/100|[from] Grassy Terrain
|-start|p1a: Gothitelle|perish2
|-start|p1b: Politoed|perish2
|-start|p2a: Electabuzz|perish2
|-fieldend|move: Grassy Terrain
|upkeep
|turn|6
|
|t:|1756404810
|move|p2b: Kingambit|Protect|p2b: Kingambit
|-singleturn|p2b: Kingambit|Protect
|move|p1a: Gothitelle|Psychic|p2a: Electabuzz
|-damage|p2a: Electabuzz|67/100
|move|p1b: Politoed|Perish Song|p1b: Politoed
|-start|p2b: Kingambit|perish3|[silent]
|-fieldactivate|move: Perish Song
|move|p2a: Electabuzz|Thunderbolt|p1a: Gothitelle
|-damage|p1a: Gothitelle|0 fnt
|faint|p1a: Gothitelle
|
|-weather|RainDance|[upkeep]
|-start|p2b: Kingambit|perish3
|-start|p1b: Politoed|perish1
|-start|p2a: Electabuzz|perish1
|upkeep
|
|t:|1756404826
|switch|p1a: Archaludon|Archaludon, L50, M|100/100
|turn|7
|
|t:|1756404858
|move|p2b: Kingambit|Sucker Punch|p1a: Archaludon
|-damage|p1a: Archaludon|58/100
|move|p1b: Politoed|Weather Ball|p2b: Kingambit
|-damage|p2b: Kingambit|50/100
|move|p1a: Archaludon|Electro Shot||[still]
|-prepare|p1a: Archaludon|Electro Shot
|-boost|p1a: Archaludon|spa|1
|-anim|p1a: Archaludon|Electro Shot|p2b: Kingambit
|-damage|p2b: Kingambit|0 fnt
|faint|p2b: Kingambit
|move|p2a: Electabuzz|Thunderbolt|p1a: Archaludon
|-resisted|p1a: Archaludon
|-damage|p1a: Archaludon|34/100
|
|-weather|none
|-start|p1b: Politoed|perish0
|-start|p2a: Electabuzz|perish0
|-fieldend|move: Trick Room
|upkeep
|faint|p1b: Politoed
|faint|p2a: Electabuzz
|
|t:|1756404875
|switch|p2a: Sneasler|Sneasler, L50, M|100/100
|switch|p2b: Rillaboom|Rillaboom, L50, F|72/100
|-fieldstart|move: Grassy Terrain|[from] ability: Grassy Surge|[of] p2b: Rillaboom
|turn|8
|
|t:|1756404884
|move|p2a: Sneasler|Close Combat|p1a: Archaludon
|-supereffective|p1a: Archaludon
|-damage|p1a: Archaludon|0 fnt
|-unboost|p2a: Sneasler|def|1
|-unboost|p2a: Sneasler|spd|1
|faint|p1a: Archaludon
|
|win|r4ka
|c|☆r4ka|ggwp
|c|☆N0rin|gg
