|j|☆standardamerican
|j|☆ENDERLANDA
|html|standardamericanENDERLANDA    
|uhtml|bestof|Game 2 of a best-of-3
|t:|1784821249
|gametype|doubles
|player|p1|standardamerican|169|1287
|player|p2|ENDERLANDA|265|1218
|gen|9
|tier|[Gen 9 Champions] VGC 2026 Reg M-B (Bo3)
|rated|
|rule|Species Clause: Limit one of each Pokémon
|rule|Item Clause: Limit 1 of each item
|clearpoke
|poke|p1|Sinistcha, L50|
|poke|p1|Incineroar, L50, M|
|poke|p1|Milotic, L50, M|
|poke|p1|Raichu, L50, M|
|poke|p1|Gardevoir, L50, M|
|poke|p1|Ceruledge, L50, F|
|poke|p2|Charizard, L50, F|
|poke|p2|Corviknight, L50, M|
|poke|p2|Sinistcha, L50|
|poke|p2|Sneasler, L50, F|
|poke|p2|Incineroar, L50, M|
|poke|p2|Floette-Eternal, L50, F|
|teampreview|4
|showteam|p1|Sinistcha||KasibBerry|Hospitality|MatchaGotcha,Imprison,RagePowder,Protect|Bold|||||50|]Incineroar||SitrusBerry|Intimidate|FlareBlitz,DarkestLariat,FakeOut,PartingShot|Careful||M|||50|]Milotic||Leftovers|Competitive|MuddyWater,Coil,Hypnosis,Protect|Calm||M|||50|]Raichu||RaichuniteY|LightningRod|ZapCannon,FocusBlast,FakeOut,Protect|Timid||M|||50|]Gardevoir||Gardevoirite|Trace|HyperVoice,Psyshock,TrickRoom,Protect|Modest||M|||50|]Ceruledge||ColburBerry|FlashFire|BitterBlade,ShadowSneak,BulkUp,Protect|Adamant||F|||50|
|showteam|p2|Charizard||CharizarditeX|Blaze|DragonClaw,DragonDance,Protect,FlareBlitz|Adamant||F|||50|]Corviknight||Leftovers|MirrorArmor|Tailwind,BraveBird,Roost,IronHead|Adamant||M|||50|]Sinistcha||KasibBerry|Hospitality|TrickRoom,RagePowder,MatchaGotcha,Protect|Calm|||||50|]Sneasler||FocusSash|Unburden|FakeOut,CloseCombat,DireClaw,Coaching|Jolly||F|||50|]Incineroar||SitrusBerry|Intimidate|FakeOut,FlareBlitz,ThroatChop,PartingShot|Adamant||M|||50|]Floette-Eternal||Floettite|Symbiosis|DazzlingGleam,Moonblast,Protect,CalmMind|Modest||F|||50|
|inactive|Battle timer is ON: inactive players will automatically lose when time's up. (requested by ENDERLANDA)
|
|t:|1784821286
|teamsize|p1|4
|teamsize|p2|4
|start
|switch|p1a: Raichu|Raichu, L50, M|100/100
|switch|p1b: Milotic|Milotic, L50, M|100/100
|switch|p2a: Corviknight|Corviknight, L50, M|100/100
|switch|p2b: Sneasler|Sneasler, L50, F|100/100
|turn|1
|
|t:|1784821309
|detailschange|p1a: Raichu|Raichu-Mega-Y, L50, M
|-mega|p1a: Raichu|Raichu|Raichunite Y
|move|p1a: Raichu|Fake Out|p2b: Sneasler
|-damage|p2b: Sneasler|85/100
|cant|p2b: Sneasler|flinch
|move|p1b: Milotic|Coil|p1b: Milotic
|-boost|p1b: Milotic|atk|1
|-boost|p1b: Milotic|def|1
|-boost|p1b: Milotic|accuracy|1
|move|p2a: Corviknight|Tailwind|p2a: Corviknight
|-sidestart|p2: ENDERLANDA|move: Tailwind
|
|upkeep
|turn|2
|
|t:|1784821326
|switch|p1a: Incineroar|Incineroar, L50, M|100/100
|-ability|p1a: Incineroar|Intimidate|boost
|-ability|p2a: Corviknight|Mirror Armor
|-unboost|p1a: Incineroar|atk|1
|-unboost|p2b: Sneasler|atk|1
|move|p2b: Sneasler|Coaching|p2a: Corviknight
|-boost|p2a: Corviknight|atk|1
|-boost|p2a: Corviknight|def|1
|move|p2a: Corviknight|Brave Bird|p1a: Incineroar
|-damage|p1a: Incineroar|44/100
|-enditem|p1a: Incineroar|Sitrus Berry|[eat]
|-heal|p1a: Incineroar|69/100|[from] item: Sitrus Berry
|-damage|p2a: Corviknight|81/100|[from] Recoil
|move|p1b: Milotic|Coil|p1b: Milotic
|-boost|p1b: Milotic|atk|1
|-boost|p1b: Milotic|def|1
|-boost|p1b: Milotic|accuracy|1
|
|-heal|p2a: Corviknight|87/100|[from] item: Leftovers
|upkeep
|turn|3
|inactive|standardamerican has 30 seconds left.
|
|t:|1784821352
|move|p2b: Sneasler|Coaching|p2a: Corviknight
|-boost|p2a: Corviknight|atk|1
|-boost|p2a: Corviknight|def|1
|move|p2a: Corviknight|Iron Head|p1b: Milotic
|-resisted|p1b: Milotic|1
|-damage|p1b: Milotic|86/100
|move|p1b: Milotic|Muddy Water|p2b: Sneasler|[spread] p2a,p2b
|-damage|p2a: Corviknight|60/100
|-damage|p2b: Sneasler|50/100g
|-unboost|p2b: Sneasler|accuracy|1
|move|p1a: Incineroar|Flare Blitz|p2b: Sneasler
|-damage|p2b: Sneasler|0 fnt
|faint|p2b: Sneasler
|-damage|p1a: Incineroar|56/100|[from] Recoil
|
|-heal|p2a: Corviknight|66/100|[from] item: Leftovers
|-heal|p1b: Milotic|92/100|[from] item: Leftovers
|upkeep
|
|t:|1784821362
|switch|p2b: Sinistcha|Sinistcha, L50|100/100
|-heal|p2a: Corviknight|91/100|[from] ability: Hospitality|[of] p2b: Sinistcha
|turn|4
|
|t:|1784821378
|switch|p1a: Ceruledge|Ceruledge, L50, F|100/100
|move|p1b: Milotic|Protect|p1b: Milotic
|-singleturn|p1b: Milotic|Protect
|move|p2a: Corviknight|Brave Bird|p1a: Ceruledge
|-damage|p1a: Ceruledge|8/100
|-damage|p2a: Corviknight|64/100|[from] Recoil
|move|p2b: Sinistcha|Matcha Gotcha|p1b: Milotic|[spread] p1a
|-activate|p1b: Milotic|move: Protect
|-resisted|p1a: Ceruledge|1
|-damage|p1a: Ceruledge|0 fnt
|faint|p1a: Ceruledge
|
|-heal|p2a: Corviknight|70/100|[from] item: Leftovers
|-heal|p1b: Milotic|98/100|[from] item: Leftovers
|-sideend|p2: ENDERLANDA|move: Tailwind
|upkeep
|
|t:|1784821394
|switch|p1a: Incineroar|Incineroar, L50, M|56/100
|-ability|p1a: Incineroar|Intimidate|boost
|-ability|p2a: Corviknight|Mirror Armor
|-unboost|p1a: Incineroar|atk|1
|-unboost|p2b: Sinistcha|atk|1
|turn|5
|
|t:|1784821411
|move|p1b: Milotic|Hypnosis|p2b: Sinistcha
|-status|p2b: Sinistcha|slp|[from] move: Hypnosis
|move|p2a: Corviknight|Tailwind|p2a: Corviknight
|-sidestart|p2: ENDERLANDA|move: Tailwind
|cant|p2b: Sinistcha|slp
|move|p1a: Incineroar|Parting Shot|p2b: Sinistcha
|-unboost|p2b: Sinistcha|atk|1
|-unboost|p2b: Sinistcha|spa|1
|
|t:|1784821419
|switch|p1a: Raichu|Raichu-Mega-Y, L50, M|100/100|[from] Parting Shot
|
|-heal|p2a: Corviknight|76/100|[from] item: Leftovers
|-heal|p1b: Milotic|100/100|[from] item: Leftovers
|upkeep
|turn|6
|
|t:|1784821437
|move|p2a: Corviknight|Brave Bird|p1a: Raichu
|-resisted|p1a: Raichu|1
|-damage|p1a: Raichu|32/100
|-damage|p2a: Corviknight|57/100|[from] Recoil
|move|p1a: Raichu|Zap Cannon|p2a: Corviknight
|-supereffective|p2a: Corviknight|1
|-damage|p2a: Corviknight|0 fnt
|faint|p2a: Corviknight
|cant|p2b: Sinistcha|slp
|move|p1b: Milotic|Hypnosis|p2b: Sinistcha
|-fail|p2b: Sinistcha|slp
|
|upkeep
|
|t:|1784821445
|switch|p2a: Charizard|Charizard, L50, F|100/100
|turn|7
|
|t:|1784821465
|detailschange|p2a: Charizard|Charizard-Mega-X, L50, F
|-mega|p2a: Charizard|Charizard|Charizardite X
|move|p2a: Charizard|Dragon Dance|p2a: Charizard
|-boost|p2a: Charizard|atk|1
|-boost|p2a: Charizard|spe|1
|move|p1a: Raichu|Zap Cannon|p2a: Charizard
|-resisted|p2a: Charizard|1
|-damage|p2a: Charizard|62/100
|-status|p2a: Charizard|par
|-curestatus|p2b: Sinistcha|slp|[msg]
|move|p2b: Sinistcha|Matcha Gotcha|p1a: Raichu|[spread] p1a,p1b
|-crit|p1a: Raichu
|-supereffective|p1b: Milotic|1
|-damage|p1a: Raichu|0 fnt
|-damage|p1b: Milotic|79/100
|faint|p1a: Raichu
|move|p1b: Milotic|Hypnosis||[still]
|-fail|p1b: Milotic
|
|-heal|p1b: Milotic|85/100|[from] item: Leftovers
|upkeep
|
|t:|1784821474
|switch|p1a: Incineroar|Incineroar, L50, M|56/100
|-ability|p1a: Incineroar|Intimidate|boost
|-unboost|p2a: Charizard|atk|1
|-unboost|p2b: Sinistcha|atk|1
|turn|8
|
|t:|1784821497
|move|p1a: Incineroar|Fake Out|p2a: Charizard
|-damage|p2a: Charizard|52/100 par
|cant|p2a: Charizard|flinch
|move|p2b: Sinistcha|Matcha Gotcha|p1a: Incineroar|[spread] p1a
|-miss|p2b: Sinistcha|p1b: Milotic
|-resisted|p1a: Incineroar|1
|-damage|p1a: Incineroar|50/100y
|move|p1b: Milotic|Hypnosis|p2b: Sinistcha
|-status|p2b: Sinistcha|slp|[from] move: Hypnosis
|
|-heal|p1b: Milotic|91/100|[from] item: Leftovers
|-sideend|p2: ENDERLANDA|move: Tailwind
|upkeep
|turn|9
|inactive|ENDERLANDA has 30 seconds left.
|
|t:|1784821526
|move|p2a: Charizard|Dragon Dance|p2a: Charizard
|-boost|p2a: Charizard|atk|1
|-boost|p2a: Charizard|spe|1
|move|p1b: Milotic|Muddy Water|p2b: Sinistcha|[spread] p2a,p2b
|-resisted|p2b: Sinistcha|1
|-damage|p2a: Charizard|25/100 par
|-damage|p2b: Sinistcha|88/100 slp
|-unboost|p2a: Charizard|accuracy|1
|cant|p2b: Sinistcha|slp
|move|p1a: Incineroar|Darkest Lariat|p2a: Charizard
|-damage|p2a: Charizard|0 fnt
|faint|p2a: Charizard
|
|-heal|p1b: Milotic|97/100|[from] item: Leftovers
|upkeep
|turn|10
|
|t:|1784821540
|move|p1b: Milotic|Muddy Water|p2b: Sinistcha
|-resisted|p2b: Sinistcha|1
|-crit|p2b: Sinistcha
|-damage|p2b: Sinistcha|66/100 slp
|cant|p2b: Sinistcha|slp
|move|p1a: Incineroar|Flare Blitz|p2b: Sinistcha
|-supereffective|p2b: Sinistcha|1
|-damage|p2b: Sinistcha|0 fnt
|faint|p2b: Sinistcha
|-damage|p1a: Incineroar|30/100|[from] Recoil
|
|win|standardamerican
||ENDERLANDA is ready for game 3.
|inactive|standardamerican has 30 seconds to confirm battle start!
|inactive|standardamerican has 20 seconds to confirm battle start!
||standardamerican is ready for game 3.
|uhtml|next|Next: Game 3 of 3
|l|☆ENDERLANDA
|player|p2|
