|j|☆kojay
|j|☆Doomtap
|html|kojayDoomtap    
|uhtml|bestof|Game 2 of a best-of-3
|t:|1756825394
|gametype|doubles
|player|p1|kojay|kamado-armor|1055
|player|p2|Doomtap|parasollady-gen4|1034
|gen|9
|tier|[Gen 9] VGC 2025 Reg H (Bo3)
|rated|
|rule|Species Clause: Limit one of each Pokémon
|rule|Item Clause: Limit 1 of each item
|clearpoke
|poke|p1|Garchomp, L50, F|
|poke|p1|Sneasler, L50, F|
|poke|p1|Incineroar, L50, M|
|poke|p1|Dragonite, L50, F|
|poke|p1|Gholdengo, L50|
|poke|p1|Vivillon, L50, F|
|poke|p2|Annihilape, L50, F|
|poke|p2|Archaludon, L50, F|
|poke|p2|Whimsicott, L50, M|
|poke|p2|Pelipper, L50, F|
|poke|p2|Indeedee, L50, M|
|poke|p2|Sneasler, L50, F|
|teampreview|4
|showteam|p1|Garchomp||LifeOrb|RoughSkin|Earthquake,DragonClaw,StompingTantrum,Protect|||F|||50|,,,,,Ground]Sneasler||WhiteHerb|Unburden|Coaching,Protect,DireClaw,CloseCombat|||F|||50|,,,,,Ghost]Incineroar||SafetyGoggles|Intimidate|FakeOut,FlareBlitz,KnockOff,PartingShot|||M|||50|,,,,,Ghost]Dragonite||LoadedDice|InnerFocus|TeraBlast,ScaleShot,Tailwind,Protect|||F|||50|,,,,,Flying]Gholdengo||ChoiceScarf|GoodasGold|MakeItRain,ShadowBall,Trick,Thunderbolt||||||50|,,,,,Steel]Vivillon||FocusSash|CompoundEyes|Hurricane,SleepPowder,RagePowder,Protect|||F|||50|,,,,,Ghost
|showteam|p2|Annihilape||ChoiceScarf|Defiant|FinalGambit,RageFist,Uturn,CloseCombat|||F|||50|,,,,,Grass]Archaludon||AssaultVest|Stamina|BodyPress,FlashCannon,ElectroShot,DracoMeteor|||F|||50|,,,,,Water]Whimsicott||CovertCloak|Prankster|Moonblast,BeatUp,Tailwind,Taunt|||M|||50|,,,,,Ghost]Pelipper||SafetyGoggles|Drizzle|WeatherBall,Hurricane,Tailwind,Protect|||F|||50|,,,,,Ground]Indeedee||FocusSash|PsychicSurge|Imprison,TrickRoom,Protect,ExpandingForce|||M|||50|,,,,,Fairy]Sneasler||PsychicSeed|Unburden|DireClaw,ThroatChop,CloseCombat,Protect|||F|||50|,,,,,Dark
|
|t:|1756825464
|teamsize|p1|4
|teamsize|p2|4
|start
|switch|p1a: Dragonite|Dragonite, L50, F, shiny|100/100
|switch|p1b: Vivillon|Vivillon, L50, F|100/100
|switch|p2a: Annihilape|Annihilape, L50, F|100/100
|switch|p2b: Whimsicott|Whimsicott, L50, M|100/100
|turn|1
|inactive|Battle timer is ON: inactive players will automatically lose when time's up. (requested by kojay)
|
|t:|1756825502
|switch|p2a: Archaludon|Archaludon, L50, F, shiny|100/100
|move|p1b: Vivillon|Rage Powder|p1b: Vivillon
|-singleturn|p1b: Vivillon|move: Rage Powder
|move|p2b: Whimsicott|Beat Up|p2a: Archaludon
|-damage|p2a: Archaludon|99/100
|-ability|p2a: Archaludon|Stamina|boost
|-boost|p2a: Archaludon|def|1
|-damage|p2a: Archaludon|98/100
|-ability|p2a: Archaludon|Stamina|boost
|-boost|p2a: Archaludon|def|1
|-damage|p2a: Archaludon|97/100
|-ability|p2a: Archaludon|Stamina|boost
|-boost|p2a: Archaludon|def|1
|-damage|p2a: Archaludon|96/100
|-ability|p2a: Archaludon|Stamina|boost
|-boost|p2a: Archaludon|def|1
|-hitcount|p2a: Archaludon|4
|move|p1a: Dragonite|Tailwind|p1a: Dragonite
|-sidestart|p1: kojay|move: Tailwind
|
|upkeep
|turn|2
|inactive|Doomtap has 30 seconds left.
|inactive|kojay has 30 seconds left.
|inactive|Doomtap has 20 seconds left.
|inactive|Doomtap has 15 seconds left.
|inactive|Doomtap has 10 seconds left.
|
|t:|1756825551
|-terastallize|p1a: Dragonite|Flying
|move|p2b: Whimsicott|Tailwind|p2b: Whimsicott
|-sidestart|p2: Doomtap|move: Tailwind
|move|p1b: Vivillon|Sleep Powder|p2a: Archaludon
|-status|p2a: Archaludon|slp|[from] move: Sleep Powder
|move|p1a: Dragonite|Tera Blast|p2b: Whimsicott|[anim] Tera Blast Flying
|-supereffective|p2b: Whimsicott
|-damage|p2b: Whimsicott|0 fnt
|faint|p2b: Whimsicott
|cant|p2a: Archaludon|slp
|
|upkeep
|
|t:|1756825565
|switch|p2b: Annihilape|Annihilape, L50, F|100/100
|turn|3
|
|t:|1756825579
|switch|p1a: Gholdengo|Gholdengo, L50|100/100
|move|p2b: Annihilape|U-turn|p1a: Gholdengo
|-resisted|p1a: Gholdengo
|-damage|p1a: Gholdengo|94/100
|
|t:|1756825583
|switch|p2b: Pelipper|Pelipper, L50, F|100/100|[from] U-turn
|-weather|RainDance|[from] ability: Drizzle|[of] p2b: Pelipper
|move|p1b: Vivillon|Hurricane|p2b: Pelipper
|-damage|p2b: Pelipper|21/100
|cant|p2a: Archaludon|slp
|
|-weather|RainDance|[upkeep]
|upkeep
|turn|4
|inactive|Doomtap has 30 seconds left.
|
|t:|1756825612
|move|p2b: Pelipper|Protect|p2b: Pelipper
|-singleturn|p2b: Pelipper|Protect
|move|p1a: Gholdengo|Trick|p2a: Archaludon
|-activate|p1a: Gholdengo|move: Trick|[of] p2a: Archaludon
|-item|p2a: Archaludon|Choice Scarf|[from] move: Trick
|-item|p1a: Gholdengo|Assault Vest|[from] move: Trick
|-curestatus|p2a: Archaludon|slp|[msg]
|move|p2a: Archaludon|Electro Shot||[still]
|-prepare|p2a: Archaludon|Electro Shot
|-boost|p2a: Archaludon|spa|1
|-anim|p2a: Archaludon|Electro Shot|p1a: Gholdengo
|-damage|p1a: Gholdengo|43/100
|move|p1b: Vivillon|Hurricane|p2b: Pelipper
|-activate|p2b: Pelipper|move: Protect
|
|-weather|RainDance|[upkeep]
|-sideend|p1: kojay|move: Tailwind
|upkeep
|turn|5
|inactive|kojay has 30 seconds left.
|inactive|Doomtap has 30 seconds left.
|inactive|kojay has 20 seconds left.
|inactive|Doomtap has 20 seconds left.
|inactive|kojay has 15 seconds left.
|
|t:|1756825652
|switch|p1a: Kaladin|Garchomp, L50, F, shiny|100/100
|move|p2a: Archaludon|Electro Shot||[still]
|-prepare|p2a: Archaludon|Electro Shot
|-boost|p2a: Archaludon|spa|1
|-anim|p2a: Archaludon|Electro Shot|p1b: Vivillon
|-supereffective|p1b: Vivillon
|-enditem|p1b: Vivillon|Focus Sash
|-damage|p1b: Vivillon|1/100
|move|p2b: Pelipper|Hurricane|p1a: Kaladin
|-damage|p1a: Kaladin|50/100
|move|p1b: Vivillon|Hurricane|p2b: Pelipper
|-damage|p2b: Pelipper|0 fnt
|faint|p2b: Pelipper
|
|-weather|RainDance|[upkeep]
|-sideend|p2: Doomtap|move: Tailwind
|upkeep
|
|t:|1756825667
|switch|p2b: Annihilape|Annihilape, L50, F|100/100
|turn|6
|
|t:|1756825685
|-terastallize|p2a: Archaludon|Water
|move|p1a: Kaladin|Protect|p1a: Kaladin
|-singleturn|p1a: Kaladin|Protect
|move|p1b: Vivillon|Protect|p1b: Vivillon
|-singleturn|p1b: Vivillon|Protect
|move|p2b: Annihilape|Close Combat|p1a: Kaladin
|-activate|p1a: Kaladin|move: Protect
|move|p2a: Archaludon|Electro Shot||[still]
|-prepare|p2a: Archaludon|Electro Shot
|-boost|p2a: Archaludon|spa|1
|-anim|p2a: Archaludon|Electro Shot|p1b: Vivillon
|-activate|p1b: Vivillon|move: Protect
|
|-weather|RainDance|[upkeep]
|upkeep
|turn|7
|inactive|kojay has 30 seconds left.
|inactive|kojay has 20 seconds left.
|inactive|kojay has 15 seconds left.
|
|t:|1756825726
|switch|p1a: Gholdengo|Gholdengo, L50|43/100
|switch|p1b: Dragonite|Dragonite, L50, F, shiny, tera:Flying|100/100
|move|p2b: Annihilape|Close Combat|p1a: Gholdengo
|-immune|p1a: Gholdengo
|move|p2a: Archaludon|Electro Shot||[still]
|-prepare|p2a: Archaludon|Electro Shot
|-boost|p2a: Archaludon|spa|1
|-anim|p2a: Archaludon|Electro Shot|p1b: Dragonite
|-supereffective|p1b: Dragonite
|-damage|p1b: Dragonite|0 fnt
|faint|p1b: Dragonite
|
|-weather|none
|upkeep
|
|t:|1756825742
|switch|p1b: Vivillon|Vivillon, L50, F|1/100
|turn|8
|
|t:|1756825757
|move|p2b: Annihilape|Close Combat|p1b: Vivillon
|-resisted|p1b: Vivillon
|-damage|p1b: Vivillon|0 fnt
|-unboost|p2b: Annihilape|def|1
|-unboost|p2b: Annihilape|spd|1
|faint|p1b: Vivillon
|move|p2a: Archaludon|Electro Shot||[still]
|-prepare|p2a: Archaludon|Electro Shot
|-boost|p2a: Archaludon|spa|1
|move|p1a: Gholdengo|Shadow Ball|p2b: Annihilape
|-supereffective|p2b: Annihilape
|-damage|p2b: Annihilape|0 fnt
|faint|p2b: Annihilape
|
|upkeep
|
|t:|1756825760
|switch|p1b: Kaladin|Garchomp, L50, F, shiny|50/100
|turn|9
|c|☆kojay|gg
|inactive|Doomtap has 30 seconds left.
|c|☆Doomtap|im atistic
|c|☆Doomtap|except spelled right
|c|☆Doomtap|gg
|-message|Doomtap forfeited.
|
|win|kojay
|raw|kojay's rating: 1055 → 1085(+30 for winning)
|raw|Doomtap's rating: 1034 → 1020(-14 for losing)
