|j|☆naight_7
|j|☆shiroblast
|html|naight_7shiroblast    
|uhtml|bestof|Game 2 of a best-of-3
|t:|1785892294
|gametype|doubles
|player|p1|naight_7|hilbert-wonderlauncher|1216
|player|p2|shiroblast|benga|1122
|gen|9
|tier|[Gen 9 Champions] VGC 2026 Reg M-B (Bo3)
|rated|
|rule|Species Clause: Limit one of each Pokémon
|rule|Item Clause: Limit 1 of each item
|clearpoke
|poke|p1|Sylveon, L50, F|
|poke|p1|Floette-Eternal, L50, F|
|poke|p1|Ninetales-Alola, L50, M|
|poke|p1|Hatterene, L50, F|
|poke|p1|Mawile, L50, M|
|poke|p1|Whimsicott, L50, M|
|poke|p2|Swampert, L50, M|
|poke|p2|Archaludon, L50, M|
|poke|p2|Tyranitar, L50, F|
|poke|p2|Pelipper, L50, F|
|poke|p2|Mawile, L50, F|
|poke|p2|Sinistcha-Masterpiece, L50|
|teampreview|4
|showteam|p1|Sylveon||FairyFeather|Pixilate|HyperBeam,MysticalFire,Psychic,Protect|Modest||F|||50|]Floette-Eternal||Floettite|FlowerVeil|DrainingKiss,Protect,Moonblast,CalmMind|Timid||F|||50|]Ninetales-Alola||NeverMeltIce|SnowWarning|FreezeDry,Blizzard,AuroraVeil,Protect|Timid||M|||50|]Hatterene||MentalHerb|Healer|TrickRoom,Psychic,HelpingHand,HealPulse|Sassy||F|||50|]Mawile||Mawilite|Intimidate|IronHead,SuckerPunch,PlayRough,Protect|Adamant||M|||50|]Whimsicott||FocusSash|Prankster|Tailwind,GigaDrain,Encore,Taunt|Bold||M|||50|
|showteam|p2|Swampert||Swampertite|Torrent|WaveCrash,IcePunch,Earthquake,Protect|Adamant||M|||50|]Archaludon||Leftovers|Stamina|DragonPulse,ElectroShot,FlashCannon,Protect|Calm||M|||50|]Tyranitar||LifeOrb|SandStream|KnockOff,RockSlide,StompingTantrum,Protect|Jolly||F|||50|]Pelipper||FocusSash|Drizzle|Hurricane,HelpingHand,Tailwind,WideGuard|Timid||F|||50|]Mawile||Mawilite|Intimidate|SuckerPunch,PlayRough,SwordsDance,Protect|Adamant||F|||50|]Sinistcha-Masterpiece||CobaBerry|Hospitality|RagePowder,MatchaGotcha,TrickRoom,Protect|Calm|||||50|
|
|t:|1785892350
|teamsize|p1|4
|teamsize|p2|4
|start
|switch|p1a: Sylveon|Sylveon, L50, F|100/100
|switch|p1b: Whimsicott|Whimsicott, L50, M|100/100
|switch|p2a: Sinistcha|Sinistcha-Masterpiece, L50|100/100
|switch|p2b: Mawile|Mawile, L50, F|100/100
|-ability|p2b: Mawile|Intimidate|boost
|-unboost|p1a: Sylveon|atk|1
|-unboost|p1b: Whimsicott|atk|1
|turn|1
|
|t:|1785892377
|detailschange|p2b: Mawile|Mawile-Mega, L50, F
|-mega|p2b: Mawile|Mawile|Mawilite
|move|p1a: Sylveon|Protect|p1a: Sylveon
|-singleturn|p1a: Sylveon|Protect
|move|p2a: Sinistcha|Rage Powder|p2a: Sinistcha
|-singleturn|p2a: Sinistcha|move: Rage Powder
|move|p1b: Whimsicott|Tailwind|p1b: Whimsicott
|-sidestart|p1: naight_7|move: Tailwind
|move|p2b: Mawile|Swords Dance|p2b: Mawile
|-boost|p2b: Mawile|atk|2
|
|upkeep
|turn|2
|
|t:|1785892421
|move|p1b: Whimsicott|Taunt|p2b: Mawile
|-start|p2b: Mawile|move: Taunt
|move|p1a: Sylveon|Hyper Beam|p2a: Sinistcha
|-damage|p2a: Sinistcha|3/100
|-mustrecharge|p1a: Sylveon
|move|p2b: Mawile|Play Rough|p1a: Sylveon|[miss]
|-miss|p2b: Mawile|p1a: Sylveon
|move|p2a: Sinistcha|Trick Room|p2a: Sinistcha
|-fieldstart|move: Trick Room|[of] p2a: Sinistcha
|
|upkeep
|turn|3
|
|t:|1785892436
|move|p2a: Sinistcha|Rage Powder|p2a: Sinistcha
|-singleturn|p2a: Sinistcha|move: Rage Powder
|move|p1b: Whimsicott|Encore|p2a: Sinistcha
|-start|p2a: Sinistcha|Encore
|move|p2b: Mawile|Play Rough|p1a: Sylveon
|-damage|p1a: Sylveon|0 fnt
|faint|p1a: Sylveon
|
|upkeep
|
|t:|1785892447
|switch|p1a: Floette|Floette-Eternal, L50, F|100/100
|turn|4
|
|t:|1785892474
|switch|p2a: Tyranitar|Tyranitar, L50, F|100/100
|-weather|Sandstorm|[from] ability: Sand Stream|[of] p2a: Tyranitar
|detailschange|p1a: Floette|Floette-Mega, L50, F
|-mega|p1a: Floette|Floette|Floettite
|-ability|p1a: Floette|Fairy Aura
|move|p1b: Whimsicott|Encore|p2b: Mawile
|-start|p2b: Mawile|Encore
|move|p2b: Mawile|Play Rough|p1a: Floette
|-damage|p1a: Floette|0 fnt
|faint|p1a: Floette
|
|-weather|Sandstorm|[upkeep]
|-damage|p1b: Whimsicott|94/100|[from] Sandstorm
|-end|p2b: Mawile|move: Taunt
|-sideend|p1: naight_7|move: Tailwind
|upkeep
|
|t:|1785892492
|switch|p1a: Ninetales|Ninetales-Alola, L50, M|100/100
|-weather|Snowscape|[from] ability: Snow Warning|[of] p1a: Ninetales
|turn|5
|
|t:|1785892500
|move|p2b: Mawile|Play Rough|p1a: Ninetales
|-damage|p1a: Ninetales|0 fnt
|faint|p1a: Ninetales
|move|p2a: Tyranitar|Rock Slide|p1b: Whimsicott
|-damage|p1b: Whimsicott|52/100
|-damage|p2a: Tyranitar|90/100|[from] item: Life Orb
|cant|p1b: Whimsicott|flinch
|
|-weather|Snowscape|[upkeep]
|upkeep
|turn|6
|
|t:|1785892521
|move|p2b: Mawile|Play Rough|p1b: Whimsicott
|-damage|p1b: Whimsicott|0 fnt
|faint|p1b: Whimsicott
|
|win|shiroblast
||naight_7 is ready for game 3.
|inactive|shiroblast has 30 seconds to confirm battle start!
||shiroblast is ready for game 3.
|uhtml|next|Next: Game 3 of 3
