|j|☆pantalonesHat
|j|☆P!nkbearz07
|html|pantalonesHatP!nkbearz07    
|uhtml|bestof|Game 2 of a best-of-3
|t:|1757041562
|gametype|doubles
|player|p1|pantalonesHat|swimmer-gen4dp|1078
|player|p2|P!nkbearz07|marlon|1019
|gen|9
|tier|[Gen 9] VGC 2025 Reg H (Bo3)
|rated|
|rule|Species Clause: Limit one of each Pokémon
|rule|Item Clause: Limit 1 of each item
|clearpoke
|poke|p1|Archaludon, L50, F|
|poke|p1|Gholdengo, L50|
|poke|p1|Incineroar, L50, F|
|poke|p1|Overqwil, L50, F|
|poke|p1|Pelipper, L50, M|
|poke|p1|Amoonguss, L50, F|
|poke|p2|Empoleon, L50, F|
|poke|p2|Tyranitar, L50, F|
|poke|p2|Excadrill, L50, M|
|poke|p2|Annihilape, L50, F|
|poke|p2|Gholdengo, L50|
|poke|p2|Hydreigon, L50, F|
|teampreview|4
|showteam|p1|Archaludon||AssaultVest|Stamina|BodyPress,DragonPulse,ElectroShot,FlashCannon|||F|||50|,,,,,Steel]Gholdengo||LifeOrb|GoodasGold|MakeItRain,ShadowBall,NastyPlot,Protect||||||50|,,,,,Water]Incineroar||SafetyGoggles|Intimidate|KnockOff,Taunt,PartingShot,FakeOut|||F|||50|,,,,,Fire]Overqwil||ClearAmulet|SwiftSwim|GunkShot,SwordsDance,AquaTail,Protect|||F|||50|,,,,,Water]Pelipper||CovertCloak|Drizzle|WeatherBall,Hurricane,Protect,Tailwind|||M|||50|,,,,,Ground]Amoonguss||MentalHerb|Regenerator|Spore,RagePowder,Protect,ClearSmog|||F|||50|,,,,,Water
|showteam|p2|Empoleon||CovertCloak|Competitive|HydroPump,FlashCannon,IcyWind,Protect|||F|||50|,,,,,Flying]Tyranitar||AssaultVest|SandStream|RockSlide,KnockOff,TeraBlast,LowKick|||F|||50|,,,,,Flying]Excadrill||FocusSash|SandRush|Earthquake,HighHorsepower,IronHead,Protect|||M|||50|,,,,,Ground]Annihilape||ChoiceScarf|Defiant|RageFist,CloseCombat,FinalGambit,Coaching|||F|||50|,,,,,Grass]Gholdengo||LifeOrb|GoodasGold|Protect,NastyPlot,ShadowBall,MakeItRain||||||50|,,,,,Steel]Hydreigon||ChoiceSpecs|Levitate|HeatWave,Snarl,DarkPulse,DracoMeteor|||F|||50|,,,,,Fire
|inactive|Battle timer is ON: inactive players will automatically lose when time's up. (requested by P!nkbearz07)
|inactive|pantalonesHat has 60 seconds left.
|inactive|pantalonesHat has 30 seconds left.
|
|t:|1757041630
|teamsize|p1|4
|teamsize|p2|4
|start
|switch|p1a: Incineroar|Incineroar, L50, F|100/100
|switch|p1b: Pelipper|Pelipper, L50, M|100/100
|switch|p2a: Atlantis|Empoleon, L50, F, shiny|100/100
|switch|p2b: DK|Annihilape, L50, F|100/100
|-weather|RainDance|[from] ability: Drizzle|[of] p1b: Pelipper
|-ability|p1a: Incineroar|Intimidate|boost
|-unboost|p2a: Atlantis|atk|1
|-ability|p2a: Atlantis|Competitive|boost
|-boost|p2a: Atlantis|spa|2
|-unboost|p2b: DK|atk|1
|-ability|p2b: DK|Defiant|boost
|-boost|p2b: DK|atk|2
|turn|1
|inactive|pantalonesHat has 30 seconds left.
|inactive|P!nkbearz07 has 30 seconds left.
|
|t:|1757041665
|move|p2b: DK|Final Gambit|p1b: Pelipper
|-damage|p1b: Pelipper|0 fnt
|faint|p2b: DK
|faint|p1b: Pelipper
|move|p1a: Incineroar|Knock Off|p2a: Atlantis
|-damage|p2a: Atlantis|61/100
|-enditem|p2a: Atlantis|Covert Cloak|[from] move: Knock Off|[of] p1a: Incineroar
|move|p2a: Atlantis|Hydro Pump|p1a: Incineroar|[miss]
|-miss|p2a: Atlantis|p1a: Incineroar
|
|-weather|RainDance|[upkeep]
|upkeep
|
|t:|1757041679
|switch|p2b: Richie Rich|Gholdengo, L50|100/100
|switch|p1b: Archaludon|Archaludon, L50, F|100/100
|turn|2
|
|t:|1757041698
|-terastallize|p2b: Richie Rich|Steel
|move|p2a: Atlantis|Protect|p2a: Atlantis
|-singleturn|p2a: Atlantis|Protect
|move|p2b: Richie Rich|Nasty Plot|p2b: Richie Rich
|-boost|p2b: Richie Rich|spa|2
|move|p1b: Archaludon|Electro Shot||[still]
|-prepare|p1b: Archaludon|Electro Shot
|-boost|p1b: Archaludon|spa|1
|-anim|p1b: Archaludon|Electro Shot|p2a: Atlantis
|-activate|p2a: Atlantis|move: Protect
|move|p1a: Incineroar|Taunt|p2b: Richie Rich
|-immune|p2b: Richie Rich|[from] ability: Good as Gold
|
|-weather|RainDance|[upkeep]
|upkeep
|turn|3
|inactive|pantalonesHat has 30 seconds left.
|inactive|P!nkbearz07 has 30 seconds left.
|inactive|pantalonesHat has 20 seconds left.
|inactive|P!nkbearz07 has 20 seconds left.
|
|t:|1757041736
|switch|p2a: Yama no Orichi|Hydreigon, L50, F|100/100
|move|p2b: Richie Rich|Protect|p2b: Richie Rich
|-singleturn|p2b: Richie Rich|Protect
|move|p1b: Archaludon|Electro Shot||[still]
|-prepare|p1b: Archaludon|Electro Shot
|-boost|p1b: Archaludon|spa|1
|-anim|p1b: Archaludon|Electro Shot|p2b: Richie Rich
|-activate|p2b: Richie Rich|move: Protect
|move|p1a: Incineroar|Parting Shot|p2b: Richie Rich
|-activate|p2b: Richie Rich|move: Protect
|
|-weather|RainDance|[upkeep]
|upkeep
|turn|4
|inactive|P!nkbearz07 has 30 seconds left.
|
|t:|1757041763
|move|p2a: Yama no Orichi|Dark Pulse|p1b: Archaludon
|-damage|p1b: Archaludon|51/100
|-ability|p1b: Archaludon|Stamina|boost
|-boost|p1b: Archaludon|def|1
|move|p2b: Richie Rich|Make It Rain|p1b: Archaludon|[spread] p1a,p1b
|-resisted|p1a: Incineroar
|-resisted|p1b: Archaludon
|-damage|p1a: Incineroar|28/100
|-damage|p1b: Archaludon|0 fnt
|-unboost|p2b: Richie Rich|spa|1
|faint|p1b: Archaludon
|-damage|p2b: Richie Rich|91/100|[from] item: Life Orb
|move|p1a: Incineroar|Parting Shot|p2b: Richie Rich
|-immune|p2b: Richie Rich|[from] ability: Good as Gold
|
|-weather|RainDance|[upkeep]
|upkeep
|
|t:|1757041778
|switch|p1b: Overqwil|Overqwil, L50, F, shiny|100/100
|turn|5
|
|t:|1757041790
|-terastallize|p1b: Overqwil|Water
|move|p2b: Richie Rich|Protect|p2b: Richie Rich
|-singleturn|p2b: Richie Rich|Protect
|move|p1b: Overqwil|Aqua Tail|p2b: Richie Rich
|-activate|p2b: Richie Rich|move: Protect
|move|p2a: Yama no Orichi|Dark Pulse|p1a: Incineroar
|-resisted|p1a: Incineroar
|-damage|p1a: Incineroar|0 fnt
|faint|p1a: Incineroar
|
|-weather|none
|upkeep
|turn|6
|
|t:|1757041802
|move|p1b: Overqwil|Protect|p1b: Overqwil
|-singleturn|p1b: Overqwil|Protect
|move|p2a: Yama no Orichi|Dark Pulse|p1b: Overqwil
|-activate|p1b: Overqwil|move: Protect
|move|p2b: Richie Rich|Shadow Ball|p1b: Overqwil
|-activate|p1b: Overqwil|move: Protect
|
|upkeep
|turn|7
|
|t:|1757041818
|move|p2a: Yama no Orichi|Dark Pulse|p1b: Overqwil
|-damage|p1b: Overqwil|19/100
|move|p2b: Richie Rich|Shadow Ball|p1b: Overqwil
|-damage|p1b: Overqwil|0 fnt
|faint|p1b: Overqwil
|-damage|p2b: Richie Rich|81/100|[from] item: Life Orb
|
|win|P!nkbearz07
|raw|pantalonesHat's rating: 1078 → 1053(-25 for losing)
|raw|P!nkbearz07's rating: 1019 → 1062(+43 for winning)
