|j|Ōśåklophaffed
|j|ŌśåTimothim Chalombre
|html|klophaffedTimothim Chalombre    
|uhtml|bestof|Game 2 of a best-of-3
|t:|1756867470
|gametype|doubles
|player|p1|klophaffed|169|1076
|player|p2|Timothim Chalombre|cynthia-gen4|1141
|gen|9
|tier|[Gen 9] VGC 2025 Reg H (Bo3)
|rated|
|rule|Species Clause: Limit one of each Pok├®mon
|rule|Item Clause: Limit 1 of each item
|clearpoke
|poke|p1|Ursaluna-Bloodmoon, L50, M|
|poke|p1|Porygon2, L50|
|poke|p1|Amoonguss, L50, M|
|poke|p1|Incineroar, L50, M|
|poke|p1|Dragapult, L50, M|
|poke|p1|Sneasler, L50, F|
|poke|p2|Ursaluna, L50, F|
|poke|p2|Incineroar, L50, F|
|poke|p2|Archaludon, L50, F|
|poke|p2|Sneasler, L50, M|
|poke|p2|Yanmega, L50, F|
|poke|p2|Oranguru, L50, F|
|teampreview|4
|showteam|p1|Ursaluna-Bloodmoon||AssaultVest|MindsEye|BloodMoon,HyperVoice,EarthPower,VacuumWave|||M|||50|,,,,,Normal]Porygon2||Eviolite|Trace|IceBeam,Thunderbolt,Recover,TrickRoom||||||50|,,,,,Ghost]Amoonguss||CovertCloak|Regenerator|Spore,RagePowder,PollenPuff,SludgeBomb|||M|||50|,,,,,Water]Incineroar||SafetyGoggles|Intimidate|KnockOff,FakeOut,PartingShot,FlareBlitz|||M|||50|,,,,,Ghost]Dragapult||ChoiceBand|ClearBody|DragonDarts,Outrage,PhantomForce,Uturn|||M|||50|,,,,,Dragon]Sneasler||FocusSash|PoisonTouch|CloseCombat,DireClaw,ThroatChop,FakeOut|||F|||50|,,,,,Dark
|showteam|p2|Ursaluna||FlameOrb|Guts|Facade,HeadlongRush,Earthquake,Protect|||F|||50|,,,,,Fairy]Incineroar||SafetyGoggles|Intimidate|FakeOut,KnockOff,FlareBlitz,PartingShot|||F|||50|,,,,,Ghost]Archaludon||PowerHerb|Stalwart|DragonPulse,Thunderbolt,ElectroShot,Protect|||F|||50|,,,,,Electric]Sneasler||WhiteHerb|Unburden|DireClaw,CloseCombat,SwordsDance,Protect|||M|||50|,,,,,Stellar]Yanmega||FocusSash|SpeedBoost|AirSlash,ShadowBall,Tailwind,Protect|||F|||50|,,,,,Ghost]Oranguru||CovertCloak|Telepathy|Psychic,Yawn,TrickRoom,Protect|||F|||50|,,,,,Grass
|c|Ōśåklophaffed|this wont be like last time
|c|Ōśåklophaffed|i have changed
|c|ŌśåTimothim Chalombre|thats what you think
|c|ŌśåTimothim Chalombre|im prepared
|inactive|Battle timer is ON: inactive players will automatically lose when time's up. (requested by Timothim Chalombre)
|inactive|klophaffed has 60 seconds left.
|
|t:|1756867589
|teamsize|p1|4
|teamsize|p2|4
|start
|switch|p1a: Dragapult|Dragapult, L50, M|100/100
|switch|p1b: Amoonguss|Amoonguss, L50, M|100/100
|switch|p2a: Incineroar|Incineroar, L50, F|100/100
|switch|p2b: Oranguru|Oranguru, L50, F|100/100
|-ability|p2a: Incineroar|Intimidate|boost
|-fail|p1a: Dragapult|unboost|[from] ability: Clear Body|[of] p1a: Dragapult
|-unboost|p1b: Amoonguss|atk|1
|turn|1
|inactive|klophaffed has 30 seconds left.
|inactive|Timothim Chalombre has 30 seconds left.
|inactive|klophaffed has 20 seconds left.
|inactive|Timothim Chalombre has 20 seconds left.
|inactive|Timothim Chalombre has 15 seconds left.
|inactive|Timothim Chalombre has 10 seconds left.
|
|t:|1756867635
|move|p2b: Oranguru|Protect|p2b: Oranguru
|-singleturn|p2b: Oranguru|Protect
|move|p1a: Dragapult|U-turn|p2a: Incineroar
|-damage|p2a: Incineroar|68/100
|
|t:|1756867639
|switch|p1a: Incineroar|Incineroar, L50, M|100/100|[from] U-turn
|-ability|p1a: Incineroar|Intimidate|boost
|-unboost|p2a: Incineroar|atk|1
|-unboost|p2b: Oranguru|atk|1
|move|p2a: Incineroar|Knock Off|p1a: Incineroar
|-resisted|p1a: Incineroar
|-damage|p1a: Incineroar|89/100
|-enditem|p1a: Incineroar|Safety Goggles|[from] move: Knock Off|[of] p2a: Incineroar
|move|p1b: Amoonguss|Spore|p2b: Oranguru
|-activate|p2b: Oranguru|move: Protect
|
|upkeep
|turn|2
|inactive|klophaffed has 30 seconds left.
|inactive|klophaffed has 20 seconds left.
|inactive|klophaffed has 15 seconds left.
|
|t:|1756867682
|-terastallize|p2b: Oranguru|Grass
|move|p2a: Incineroar|Parting Shot|p1a: Incineroar
|-unboost|p1a: Incineroar|atk|1
|-unboost|p1a: Incineroar|spa|1
|inactive|Timothim Chalombre has 30 seconds left.
|inactive|Timothim Chalombre has 20 seconds left.
|inactive|Timothim Chalombre has 15 seconds left.
|
|t:|1756867723
|switch|p2a: Ursaluna|Ursaluna, L50, F|100/100|[from] Parting Shot
|move|p1a: Incineroar|Parting Shot|p2a: Ursaluna
|-unboost|p2a: Ursaluna|atk|1
|-unboost|p2a: Ursaluna|spa|1
|
|t:|1756867730
|switch|p1a: Dragapult|Dragapult, L50, M|100/100|[from] Parting Shot
|move|p1b: Amoonguss|Spore|p2b: Oranguru
|-immune|p2b: Oranguru
|move|p2b: Oranguru|Trick Room|p2b: Oranguru
|-fieldstart|move: Trick Room|[of] p2b: Oranguru
|
|-status|p2a: Ursaluna|brn|[from] item: Flame Orb
|upkeep
|turn|3
|
|t:|1756867746
|switch|p1b: Incineroar|Incineroar, L50, M|89/100
|-ability|p1b: Incineroar|Intimidate|boost
|-unboost|p2a: Ursaluna|atk|1
|-unboost|p2b: Oranguru|atk|1
|move|p2b: Oranguru|Yawn|p1b: Incineroar
|-start|p1b: Incineroar|move: Yawn|[of] p2b: Oranguru
|move|p2a: Ursaluna|Headlong Rush|p1a: Dragapult
|-damage|p1a: Dragapult|27/100
|-unboost|p2a: Ursaluna|def|1
|-unboost|p2a: Ursaluna|spd|1
|move|p1a: Dragapult|U-turn|p2a: Ursaluna
|-damage|p2a: Ursaluna|59/100 brn
|inactive|klophaffed has 30 seconds left.
|
|t:|1756867775
|switch|p1a: Sneasler|Sneasler, L50, F|100/100|[from] U-turn
|
|-damage|p2a: Ursaluna|53/100 brn|[from] brn
|upkeep
|turn|4
|inactive|klophaffed has 30 seconds left.
|inactive|Timothim Chalombre has 30 seconds left.
|inactive|Timothim Chalombre has 20 seconds left.
|
|t:|1756867813
|-terastallize|p1a: Sneasler|Dark
|move|p1b: Incineroar|Knock Off|p2b: Oranguru
|-damage|p2b: Oranguru|60/100
|-enditem|p2b: Oranguru|Covert Cloak|[from] move: Knock Off|[of] p1b: Incineroar
|move|p2b: Oranguru|Psychic|p1a: Sneasler
|-immune|p1a: Sneasler
|move|p2a: Ursaluna|Earthquake|p1a: Sneasler|[spread] p1a,p1b
|-activate|p2b: Oranguru|ability: Telepathy
|-supereffective|p1b: Incineroar
|-damage|p1a: Sneasler|45/100
|-damage|p1b: Incineroar|34/100
|move|p1a: Sneasler|Close Combat|p2a: Ursaluna
|-supereffective|p2a: Ursaluna
|-damage|p2a: Ursaluna|0 fnt
|-unboost|p1a: Sneasler|def|1
|-unboost|p1a: Sneasler|spd|1
|faint|p2a: Ursaluna
|
|-end|p1b: Incineroar|move: Yawn|[silent]
|-status|p1b: Incineroar|slp
|upkeep
|
|t:|1756867817
|switch|p2a: Incineroar|Incineroar, L50, F|68/100
|-ability|p2a: Incineroar|Intimidate|boost
|-unboost|p1a: Sneasler|atk|1
|-unboost|p1b: Incineroar|atk|1
|turn|5
|inactive|klophaffed has 30 seconds left.
|inactive|Timothim Chalombre has 30 seconds left.
|inactive|klophaffed has 20 seconds left.
|inactive|Timothim Chalombre has 20 seconds left.
|inactive|klophaffed has 15 seconds left.
|
|t:|1756867859
|switch|p2b: Yanmega|Yanmega, L50, F|100/100
|switch|p1a: Dragapult|Dragapult, L50, M|27/100
|cant|p1b: Incineroar|slp
|move|p2a: Incineroar|Knock Off|p1a: Dragapult
|-supereffective|p1a: Dragapult
|-crit|p1a: Dragapult
|-damage|p1a: Dragapult|0 fnt
|-enditem|p1a: Dragapult|Choice Band|[from] move: Knock Off|[of] p2a: Incineroar
|faint|p1a: Dragapult
|
|upkeep
|
|t:|1756867881
|switch|p1a: Amoonguss|Amoonguss, L50, M|100/100
|turn|6
|
|t:|1756867894
|move|p2b: Yanmega|Protect|p2b: Yanmega
|-singleturn|p2b: Yanmega|Protect
|move|p1a: Amoonguss|Pollen Puff|p1b: Incineroar
|-heal|p1b: Incineroar|84/100 slp
|cant|p1b: Incineroar|slp
|move|p2a: Incineroar|Flare Blitz|p1a: Amoonguss
|-supereffective|p1a: Amoonguss
|-damage|p1a: Amoonguss|19/100
|-damage|p2a: Incineroar|38/100|[from] Recoil
|
|-fieldend|move: Trick Room
|-ability|p2b: Yanmega|Speed Boost|boost
|-boost|p2b: Yanmega|spe|1
|upkeep
|turn|7
|inactive|klophaffed has 30 seconds left.
|inactive|klophaffed has 20 seconds left.
|
|t:|1756867932
|move|p1a: Amoonguss|Rage Powder|p1a: Amoonguss
|-singleturn|p1a: Amoonguss|move: Rage Powder
|move|p2b: Yanmega|Air Slash|p1a: Amoonguss
|-supereffective|p1a: Amoonguss
|-damage|p1a: Amoonguss|0 fnt
|faint|p1a: Amoonguss
|move|p2a: Incineroar|Parting Shot|p1b: Incineroar
|-unboost|p1b: Incineroar|atk|1
|-unboost|p1b: Incineroar|spa|1
|
|t:|1756867935
|switch|p2a: Oranguru|Oranguru, L50, F, tera:Grass|60/100|[from] Parting Shot
|-curestatus|p1b: Incineroar|slp|[msg]
|move|p1b: Incineroar|Flare Blitz|p2b: Yanmega
|-supereffective|p2b: Yanmega
|-damage|p2b: Yanmega|28/100
|-damage|p1b: Incineroar|65/100|[from] Recoil
|
|-ability|p2b: Yanmega|Speed Boost|boost
|-boost|p2b: Yanmega|spe|1
|upkeep
|
|t:|1756867947
|switch|p1a: Sneasler|Sneasler, L50, F, tera:Dark|45/100
|turn|8
|inactive|klophaffed has 30 seconds left.
|
|t:|1756867978
|move|p2b: Yanmega|Protect|p2b: Yanmega
|-singleturn|p2b: Yanmega|Protect
|move|p1a: Sneasler|Dire Claw|p2a: Oranguru
|-supereffective|p2a: Oranguru
|-damage|p2a: Oranguru|0 fnt
|faint|p2a: Oranguru
|move|p1b: Incineroar|Flare Blitz|p2b: Yanmega
|-activate|p2b: Yanmega|move: Protect
|
|-ability|p2b: Yanmega|Speed Boost|boost
|-boost|p2b: Yanmega|spe|1
|upkeep
|
|t:|1756867983
|switch|p2a: Incineroar|Incineroar, L50, F|38/100
|-ability|p2a: Incineroar|Intimidate|boost
|-unboost|p1a: Sneasler|atk|1
|-unboost|p1b: Incineroar|atk|1
|turn|9
|
|t:|1756868004
|move|p2a: Incineroar|Fake Out|p1b: Incineroar
|-damage|p1b: Incineroar|56/100
|move|p2b: Yanmega|Air Slash|p1a: Sneasler
|-damage|p1a: Sneasler|0 fnt
|faint|p1a: Sneasler
|cant|p1b: Incineroar|flinch
|
|-ability|p2b: Yanmega|Speed Boost|boost
|-boost|p2b: Yanmega|spe|1
|upkeep
|turn|10
|c|Ōśåklophaffed|ggs
|c|Ōśåklophaffed|i let you win i think
|
|t:|1756868018
|move|p2b: Yanmega|Air Slash|p1b: Incineroar
|-damage|p1b: Incineroar|22/100
|move|p2a: Incineroar|Knock Off|p1b: Incineroar
|-resisted|p1b: Incineroar
|-damage|p1b: Incineroar|10/100
|move|p1b: Incineroar|Flare Blitz|p2b: Yanmega
|-supereffective|p2b: Yanmega
|-damage|p2b: Yanmega|0 fnt
|faint|p2b: Yanmega
|-damage|p1b: Incineroar|3/100|[from] Recoil
|
|upkeep
|turn|11
|c|Ōśåklophaffed|probably
|c|Ōśåklophaffed|actually io lied
|c|Ōśåklophaffed|u are just proabbly wofley
|c|ŌśåTimothim Chalombre|lol
|c|ŌśåTimothim Chalombre|lmoa no im onot
|
|t:|1756868042
|move|p2a: Incineroar|Knock Off|p1b: Incineroar
|-resisted|p1b: Incineroar
|-damage|p1b: Incineroar|0 fnt
|faint|p1b: Incineroar
|
|win|Timothim Chalombre
|raw|klophaffed's rating: 1076 → 1059(-17 for losing)
|raw|Timothim Chalombre's rating: 1141 → 1161(+20 for winning)
|c|Ōśåklophaffed|thats exacly what wolfey would say
|c|Ōśåklophaffed|smurfing smyh
|l|Ōśåklophaffed
|player|p1|
|c|ŌśåTimothim Chalombre|i took his team and siad, lets make ursaluna more aids
