|j|☆Pointee
|j|☆sunshinetufo
|html|Pointeesunshinetufo    
|uhtml|bestof|Game 1 of a best-of-3
|t:|1785346409
|gametype|doubles
|player|p1|Pointee|wallace-masters|1299
|player|p2|sunshinetufo|li|1300
|gen|9
|tier|[Gen 9 Champions] VGC 2026 Reg M-B (Bo3)
|rated|
|rule|Species Clause: Limit one of each Pokémon
|rule|Item Clause: Limit 1 of each item
|clearpoke
|poke|p1|Metagross, L50, shiny|
|poke|p1|Ninetales-Alola, L50, F|
|poke|p1|Sneasler, L50, F|
|poke|p1|Venusaur, L50, F|
|poke|p1|Hydreigon, L50, F|
|poke|p1|Arcanine-Hisui, L50, M|
|poke|p2|Raichu, L50, M, shiny|
|poke|p2|Decidueye-Hisui, L50, M|
|poke|p2|Floette-Eternal, L50, F|
|poke|p2|Aerodactyl, L50, M, shiny|
|poke|p2|Kingambit, L50, F|
|poke|p2|Basculegion, L50, M, shiny|
|teampreview|4
|showteam|p1|Metagross||Metagrossite|ClearBody|PsychicFangs,HardPress,BulletPunch,Protect|Jolly|||||50|]Ninetales-Alola||NeverMeltIce|SnowWarning|Blizzard,Encore,FreezeDry,Protect|Timid||F|||50|]Sneasler||WhiteHerb|Unburden|FakeOut,CloseCombat,DireClaw,Coaching|Jolly||F|||50|]Venusaur||Venusaurite|Overgrow|SludgeBomb,EarthPower,GigaDrain,Protect|Modest||F|||50|]Hydreigon||ChoiceScarf|Levitate|EarthPower,Snarl,DarkPulse,DracoMeteor|Modest||F|||50|]Arcanine-Hisui||FocusSash|RockHead|FlareBlitz,HeadSmash,ExtremeSpeed,Protect|Jolly||M|||50|
|showteam|p2|Raichu||RaichuniteY|Static|ZapCannon,FocusBlast,FakeOut,Protect|Timid||M|||50|]Decidueye-Hisui||ScopeLens|Scrappy|TripleArrows,LeafBlade,Protect,Taunt|Adamant||M|||50|]Floette-Eternal||Floettite|FlowerVeil|Moonblast,DazzlingGleam,LightofRuin,Protect|Timid||F|||50|]Aerodactyl||FocusSash|Unnerve|RockSlide,DualWingbeat,Tailwind,Protect|Jolly||M|||50|]Kingambit||ChopleBerry|Defiant|KowtowCleave,IronHead,SuckerPunch,LowKick|Adamant||F|||50|]Basculegion||LifeOrb|Adaptability|WaveCrash,AquaJet,LastRespects,Protect|Adamant||M|||50|
|inactive|Battle timer is ON: inactive players will automatically lose when time's up. (requested by sunshinetufo)
|inactive|Pointee has 60 seconds left.
|inactive|sunshinetufo has 60 seconds left.
|
|t:|1785346469
|teamsize|p1|4
|teamsize|p2|4
|start
|switch|p1a: Venusaur|Venusaur, L50, F|100/100
|switch|p1b: Hydreigon|Hydreigon, L50, F|100/100
|switch|p2a: Aerodactyl|Aerodactyl, L50, M, shiny|100/100
|switch|p2b: Raichu|Raichu, L50, M, shiny|100/100
|-ability|p2a: Aerodactyl|Unnerve
|turn|1
|
|t:|1785346484
|detailschange|p1a: Venusaur|Venusaur-Mega, L50, F
|-mega|p1a: Venusaur|Venusaur|Venusaurite
|move|p2b: Raichu|Protect|p2b: Raichu
|-singleturn|p2b: Raichu|Protect
|move|p1b: Hydreigon|Earth Power|p2b: Raichu
|-activate|p2b: Raichu|move: Protect
|move|p2a: Aerodactyl|Tailwind|p2a: Aerodactyl
|-sidestart|p2: sunshinetufo|move: Tailwind
|move|p1a: Venusaur|Earth Power|p2b: Raichu
|-activate|p2b: Raichu|move: Protect
|
|upkeep
|turn|2
|
|t:|1785346505
|detailschange|p2b: Raichu|Raichu-Mega-Y, L50, M, shiny
|-mega|p2b: Raichu|Raichu|Raichunite Y
|move|p2a: Aerodactyl|Dual Wingbeat|p1a: Venusaur
|-supereffective|p1a: Venusaur|1
|-crit|p1a: Venusaur
|-damage|p1a: Venusaur|53/100
|-supereffective|p1a: Venusaur|1
|-damage|p1a: Venusaur|24/100
|-hitcount|p1a: Venusaur|2
|move|p2b: Raichu|Zap Cannon|p1b: Hydreigon
|-resisted|p1b: Hydreigon|1
|-damage|p1b: Hydreigon|61/100
|-status|p1b: Hydreigon|par
|move|p1a: Venusaur|Giga Drain|p2a: Aerodactyl
|-damage|p2a: Aerodactyl|43/100
|-heal|p1a: Venusaur|48/100|[from] drain|[of] p2a: Aerodactyl
|move|p1b: Hydreigon|Earth Power|p2b: Raichu
|-supereffective|p2b: Raichu|1
|-damage|p2b: Raichu|8/100
|
|upkeep
|turn|3
|inactive|Pointee has 30 seconds left.
|
|t:|1785346538
|switch|p1b: Sneasler|Sneasler, L50, F|100/100
|move|p1a: Venusaur|Protect|p1a: Venusaur
|-singleturn|p1a: Venusaur|Protect
|move|p2a: Aerodactyl|Dual Wingbeat|p1a: Venusaur
|-activate|p1a: Venusaur|move: Protect
|move|p2b: Raichu|Focus Blast|p1b: Sneasler
|-resisted|p1b: Sneasler|1
|-damage|p1b: Sneasler|71/100
|
|upkeep
|turn|4
|
|t:|1785346566
|move|p2a: Aerodactyl|Protect|p2a: Aerodactyl
|-singleturn|p2a: Aerodactyl|Protect
|move|p1b: Sneasler|Fake Out|p2a: Aerodactyl
|-activate|p2a: Aerodactyl|move: Protect
|move|p2b: Raichu|Zap Cannon|p1b: Sneasler
|-damage|p1b: Sneasler|0 fnt
|faint|p1b: Sneasler
|move|p1a: Venusaur|Giga Drain|p2a: Aerodactyl
|-activate|p2a: Aerodactyl|move: Protect
|
|-sideend|p2: sunshinetufo|move: Tailwind
|upkeep
|
|t:|1785346570
|switch|p1b: Arcanine|Arcanine-Hisui, L50, M|100/100
|turn|5
|
|t:|1785346592
|switch|p2b: Basculegion|Basculegion, L50, M, shiny|100/100
|move|p1a: Venusaur|Protect|p1a: Venusaur
|-singleturn|p1a: Venusaur|Protect
|move|p2a: Aerodactyl|Dual Wingbeat|p1a: Venusaur
|-activate|p1a: Venusaur|move: Protect
|move|p1b: Arcanine|Head Smash|p2a: Aerodactyl
|-supereffective|p2a: Aerodactyl|1
|-damage|p2a: Aerodactyl|0 fnt
|faint|p2a: Aerodactyl
|
|upkeep
|
|t:|1785346599
|switch|p2a: Raichu|Raichu-Mega-Y, L50, M, shiny|8/100
|turn|6
|inactive|Pointee has 30 seconds left.
|inactive|Pointee has 20 seconds left.
|inactive|Pointee has 15 seconds left.
|inactive|Pointee has 10 seconds left.
|
|t:|1785346648
|switch|p2a: Kingambit|Kingambit, L50, F|100/100
|switch|p1a: Hydreigon|Hydreigon, L50, F|61/100 par
|move|p1b: Arcanine|Protect|p1b: Arcanine
|-singleturn|p1b: Arcanine|Protect
|move|p2b: Basculegion|Last Respects|p1a: Hydreigon
|-resisted|p1a: Hydreigon|1
|-damage|p1a: Hydreigon|4/100 par
|-damage|p2b: Basculegion|90/100|[from] item: Life Orb
|
|upkeep
|turn|7
|
|t:|1785346671
|move|p1b: Arcanine|Protect||[still]
|-fail|p1b: Arcanine
|move|p2b: Basculegion|Aqua Jet|p1b: Arcanine
|-supereffective|p1b: Arcanine|2
|-enditem|p1b: Arcanine|Focus Sash
|-damage|p1b: Arcanine|1/100
|-damage|p2b: Basculegion|80/100|[from] item: Life Orb
|move|p2a: Kingambit|Sucker Punch|p1a: Hydreigon
|-resisted|p1a: Hydreigon|1
|-damage|p1a: Hydreigon|0 fnt
|faint|p1a: Hydreigon
|
|upkeep
|-message|Pointee forfeited.
|
|win|sunshinetufo
