|j|☆Im_Neutro
|j|☆testingsss
|html|Im_Neutrotestingsss    
|uhtml|bestof|Game 1 of a best-of-3
|t:|1782760861
|gametype|doubles
|player|p1|Im_Neutro|noland|1180
|player|p2|testingsss|unknown|1251
|gen|9
|tier|[Gen 9 Champions] VGC 2026 Reg M-B (Bo3)
|rated|
|rule|Species Clause: Limit one of each Pokémon
|rule|Item Clause: Limit 1 of each item
|clearpoke
|poke|p1|Gengar, L50, F|
|poke|p1|Sneasler, L50, M|
|poke|p1|Incineroar, L50, F|
|poke|p1|Sinistcha, L50|
|poke|p1|Milotic, L50, F|
|poke|p1|Kommo-o, L50, M|
|poke|p2|Charizard, L50, M|
|poke|p2|Garchomp, L50, F|
|poke|p2|Incineroar, L50, F|
|poke|p2|Venusaur, L50, F|
|poke|p2|Farigiraf, L50, F|
|poke|p2|Sylveon, L50, M|
|teampreview|4
|showteam|p1|Gengar||Gengarite|CursedBody|PerishSong,Protect,ShadowBall,Disable|Timid||F|||50|]Sneasler||FocusSash|Unburden|CloseCombat,DireClaw,FakeOut,Coaching|Jolly||M|||50|]Incineroar||PasshoBerry|Intimidate|FlareBlitz,FakeOut,PartingShot,Protect|Relaxed||F|||50|]Sinistcha||MentalHerb|Hospitality|MatchaGotcha,RagePowder,Protect,LifeDew|Bold|||||50|]Milotic||SitrusBerry|Competitive|Coil,MuddyWater,Recover,Hypnosis|Calm||F|||50|]Kommo-o||Leftovers|Soundproof|ClangorousSoul,ClangingScales,AuraSphere,Protect|Modest||M|||50|
|showteam|p2|Charizard||CharizarditeY|Blaze|HeatWave,WeatherBall,SolarBeam,Protect|Modest||M|||50|]Garchomp||LifeOrb|RoughSkin|Earthquake,DragonClaw,RockSlide,Protect|Jolly||F|||50|]Incineroar||SitrusBerry|Intimidate|FakeOut,FlareBlitz,DarkestLariat,PartingShot|Careful||F|||50|]Venusaur||FocusSash|Chlorophyll|LeafStorm,SludgeBomb,SleepPowder,Protect|Timid||F|||50|]Farigiraf||ColburBerry|ArmorTail|Psychic,Thunderbolt,HelpingHand,TrickRoom|Modest||F|||50|]Sylveon||FairyFeather|Pixilate|HyperVoice,Yawn,QuickAttack,Detect|Modest||M|||50|
|inactive|Battle timer is ON: inactive players will automatically lose when time's up. (requested by testingsss)
|inactive|Im_Neutro also wants the timer to be on.
|inactive|testingsss has 60 seconds left.
|
|t:|1782760914
|teamsize|p1|4
|teamsize|p2|4
|start
|switch|p1a: Gengar|Gengar, L50, F|100/100
|switch|p1b: Incineroar|Incineroar, L50, F|100/100
|switch|p2a: Charizard|Charizard, L50, M|100/100
|switch|p2b: Garchomp|Garchomp, L50, F|100/100
|-ability|p1b: Incineroar|Intimidate|boost
|-unboost|p2a: Charizard|atk|1
|-unboost|p2b: Garchomp|atk|1
|turn|1
|inactive|Im_Neutro has 30 seconds left.
|inactive|Im_Neutro has 20 seconds left.
|
|t:|1782760954
|switch|p2b: Farigiraf|Farigiraf, L50, F|100/100
|detailschange|p1a: Gengar|Gengar-Mega, L50, F
|-mega|p1a: Gengar|Gengar|Gengarite
|detailschange|p2a: Charizard|Charizard-Mega-Y, L50, M
|-mega|p2a: Charizard|Charizard|Charizardite Y
|-weather|SunnyDay|[from] ability: Drought|[of] p2a: Charizard
|move|p1b: Incineroar|Fake Out||[still]
|cant|p2b: Farigiraf|ability: Armor Tail|Fake Out|[of] p1b: Incineroar
|move|p1a: Gengar|Perish Song|p1a: Gengar
|-start|p1a: Gengar|perish3|[silent]
|-start|p1b: Incineroar|perish3|[silent]
|-start|p2a: Charizard|perish3|[silent]
|-start|p2b: Farigiraf|perish3|[silent]
|-fieldactivate|move: Perish Song
|move|p2a: Charizard|Weather Ball|p1a: Gengar
|-damage|p1a: Gengar|7/100
|
|-weather|SunnyDay|[upkeep]
|-start|p1a: Gengar|perish3
|-start|p2a: Charizard|perish3
|-start|p2b: Farigiraf|perish3
|-start|p1b: Incineroar|perish3
|upkeep
|turn|2
|inactive|testingsss has 30 seconds left.
|inactive|testingsss has 20 seconds left.
|inactive|testingsss has 15 seconds left.
|
|t:|1782760995
|move|p1a: Gengar|Protect|p1a: Gengar
|-singleturn|p1a: Gengar|Protect
|move|p1b: Incineroar|Protect|p1b: Incineroar
|-singleturn|p1b: Incineroar|Protect
|move|p2a: Charizard|Weather Ball|p1a: Gengar
|-activate|p1a: Gengar|move: Protect
|move|p2b: Farigiraf|Trick Room|p2b: Farigiraf
|-fieldstart|move: Trick Room|[of] p2b: Farigiraf
|
|-weather|SunnyDay|[upkeep]
|-start|p1b: Incineroar|perish2
|-start|p2b: Farigiraf|perish2
|-start|p2a: Charizard|perish2
|-start|p1a: Gengar|perish2
|upkeep
|turn|3
|inactive|Im_Neutro has 30 seconds left.
|inactive|Im_Neutro has 20 seconds left.
|inactive|Im_Neutro has 15 seconds left.
|
|t:|1782761036
|switch|p1a: Milotic|Milotic, L50, F|100/100
|move|p2b: Farigiraf|Helping Hand|p2a: Charizard
|-singleturn|p2a: Charizard|Helping Hand|[of] p2b: Farigiraf
|move|p1b: Incineroar|Parting Shot|p2a: Charizard
|-unboost|p2a: Charizard|atk|1
|-unboost|p2a: Charizard|spa|1
|
|t:|1782761043
|switch|p1b: Sinistcha|Sinistcha, L50|100/100|[from] Parting Shot
|move|p2a: Charizard|Heat Wave|p1a: Milotic|[spread] p1a,p1b
|-resisted|p1a: Milotic|1
|-supereffective|p1b: Sinistcha|1
|-damage|p1a: Milotic|83/100
|-damage|p1b: Sinistcha|0 fnt
|faint|p1b: Sinistcha
|
|-weather|SunnyDay|[upkeep]
|-start|p2b: Farigiraf|perish1
|-start|p2a: Charizard|perish1
|upkeep
|
|t:|1782761045
|switch|p1b: Gengar|Gengar-Mega, L50, F|7/100
|turn|4
|
|t:|1782761053
|switch|p1a: Incineroar|Incineroar, L50, F|100/100
|-ability|p1a: Incineroar|Intimidate|boost
|-unboost|p2a: Charizard|atk|1
|-unboost|p2b: Farigiraf|atk|1
|move|p1b: Gengar|Protect|p1b: Gengar
|-singleturn|p1b: Gengar|Protect
|move|p2b: Farigiraf|Thunderbolt|p1b: Gengar
|-activate|p1b: Gengar|move: Protect
|move|p2a: Charizard|Solar Beam||[still]
|-prepare|p2a: Charizard|Solar Beam
|-anim|p2a: Charizard|Solar Beam|p1a: Incineroar
|-resisted|p1a: Incineroar|1
|-damage|p1a: Incineroar|83/100
|
|-weather|SunnyDay|[upkeep]
|-start|p2b: Farigiraf|perish0
|-start|p2a: Charizard|perish0
|faint|p2b: Farigiraf
|faint|p2a: Charizard
|upkeep
|
|t:|1782761056
|switch|p2b: Sylveon|Sylveon, L50, M|100/100
|switch|p2a: Garchomp|Garchomp, L50, F|100/100
|turn|5
|
|t:|1782761073
|switch|p1b: Milotic|Milotic, L50, F|83/100
|move|p1a: Incineroar|Fake Out|p2b: Sylveon
|-damage|p2b: Sylveon|87/100
|cant|p2b: Sylveon|flinch
|move|p2a: Garchomp|Rock Slide|p1b: Milotic|[spread] p1a,p1b
|-supereffective|p1a: Incineroar|1
|-damage|p1a: Incineroar|43/100
|-damage|p1b: Milotic|55/100
|-damage|p2a: Garchomp|90/100|[from] item: Life Orb
|
|-weather|none
|upkeep
|turn|6
|
|t:|1782761086
|move|p1a: Incineroar|Protect|p1a: Incineroar
|-singleturn|p1a: Incineroar|Protect
|move|p2b: Sylveon|Hyper Voice|p1b: Milotic|[spread] p1b
|-activate|p1a: Incineroar|move: Protect
|-damage|p1b: Milotic|28/100
|-enditem|p1b: Milotic|Sitrus Berry|[eat]
|-heal|p1b: Milotic|53/100|[from] item: Sitrus Berry
|move|p1b: Milotic|Coil|p1b: Milotic
|-boost|p1b: Milotic|atk|1
|-boost|p1b: Milotic|def|1
|-boost|p1b: Milotic|accuracy|1
|move|p2a: Garchomp|Rock Slide|p1a: Incineroar|[spread] p1b
|-activate|p1a: Incineroar|move: Protect
|-damage|p1b: Milotic|34/100
|-damage|p2a: Garchomp|80/100|[from] item: Life Orb
|
|-fieldend|move: Trick Room
|upkeep
|turn|7
|
|t:|1782761096
|move|p2a: Garchomp|Rock Slide|p1b: Milotic|[spread] p1a,p1b
|-supereffective|p1a: Incineroar|1
|-damage|p1a: Incineroar|4/100
|-damage|p1b: Milotic|17/100
|-damage|p2a: Garchomp|71/100|[from] item: Life Orb
|move|p1b: Milotic|Recover|p1b: Milotic
|-heal|p1b: Milotic|67/100
|move|p2b: Sylveon|Hyper Voice|p1a: Incineroar|[spread] p1a,p1b
|-damage|p1a: Incineroar|0 fnt
|-damage|p1b: Milotic|40/100
|faint|p1a: Incineroar
|
|upkeep
|
|t:|1782761100
|switch|p1a: Gengar|Gengar-Mega, L50, F|7/100
|turn|8
|
|t:|1782761123
|move|p1a: Gengar|Protect|p1a: Gengar
|-singleturn|p1a: Gengar|Protect
|move|p2b: Sylveon|Quick Attack|p1a: Gengar
|-activate|p1a: Gengar|move: Protect
|move|p2a: Garchomp|Dragon Claw|p1b: Milotic
|-damage|p1b: Milotic|2/100
|-damage|p2a: Garchomp|61/100|[from] item: Life Orb
|move|p1b: Milotic|Hypnosis|p2b: Sylveon
|-status|p2b: Sylveon|slp|[from] move: Hypnosis
|
|upkeep
|turn|9
|
|t:|1782761145
|cant|p2b: Sylveon|slp
|move|p1a: Gengar|Disable|p2a: Garchomp
|-start|p2a: Garchomp|Disable|Dragon Claw
|cant|p2a: Garchomp|Disable|Dragon Claw
|move|p1b: Milotic|Recover|p1b: Milotic
|-heal|p1b: Milotic|52/100
|
|upkeep
|turn|10
|
|t:|1782761158
|cant|p2b: Sylveon|slp
|move|p1a: Gengar|Shadow Ball|p2b: Sylveon
|-damage|p2b: Sylveon|52/100 slp
|move|p2a: Garchomp|Rock Slide|p1b: Milotic|[spread] p1a,p1b
|-damage|p1a: Gengar|0 fnt
|-damage|p1b: Milotic|33/100
|faint|p1a: Gengar
|-damage|p2a: Garchomp|52/100|[from] item: Life Orb
|move|p1b: Milotic|Recover|p1b: Milotic
|-heal|p1b: Milotic|83/100
|
|upkeep
|turn|11
|
|t:|1782761173
|move|p2a: Garchomp|Rock Slide|p1b: Milotic
|-damage|p1b: Milotic|58/100
|-damage|p2a: Garchomp|42/100|[from] item: Life Orb
|move|p1b: Milotic|Hypnosis|p2a: Garchomp|[miss]
|-miss|p1b: Milotic|p2a: Garchomp
|-curestatus|p2b: Sylveon|slp|[msg]
|move|p2b: Sylveon|Yawn|p1b: Milotic
|-start|p1b: Milotic|move: Yawn|[of] p2b: Sylveon
|
|upkeep
|turn|12
|
|t:|1782761181
|move|p2a: Garchomp|Protect|p2a: Garchomp
|-singleturn|p2a: Garchomp|Protect
|move|p2b: Sylveon|Detect|p2b: Sylveon
|-singleturn|p2b: Sylveon|Protect
|move|p1b: Milotic|Muddy Water|p2b: Sylveon|[spread] 
|-activate|p2a: Garchomp|move: Protect
|-activate|p2b: Sylveon|move: Protect
|
|-end|p2a: Garchomp|Disable
|-end|p1b: Milotic|move: Yawn|[silent]
|-status|p1b: Milotic|slp
|upkeep
|turn|13
|
|t:|1782761185
|move|p2a: Garchomp|Dragon Claw|p1b: Milotic
|-damage|p1b: Milotic|19/100 slp
|-damage|p2a: Garchomp|33/100|[from] item: Life Orb
|cant|p1b: Milotic|slp
|move|p2b: Sylveon|Hyper Voice|p1b: Milotic
|-damage|p1b: Milotic|0 fnt
|faint|p1b: Milotic
|
|win|testingsss
||Im_Neutro is ready for game 2.
