|j|☆Allat78
|j|☆KodeBeast0526
|html|Allat78KodeBeast0526    
|uhtml|bestof|Game 2 of a best-of-3
|t:|1784514259
|gametype|doubles
|player|p1|Allat78|hilbert-wonderlauncher|1113
|player|p2|KodeBeast0526|sailor|1245
|gen|9
|tier|[Gen 9 Champions] VGC 2026 Reg M-B (Bo3)
|rated|
|rule|Species Clause: Limit one of each Pokémon
|rule|Item Clause: Limit 1 of each item
|clearpoke
|poke|p1|Audino, L50, F|
|poke|p1|Incineroar, L50, M|
|poke|p1|Tsareena, L50, F|
|poke|p1|Lycanroc-Dusk, L50, F|
|poke|p1|Feraligatr, L50, F|
|poke|p1|Dragalge, L50, M|
|poke|p2|Aerodactyl, L50, M, shiny|
|poke|p2|Kingambit, L50, M, shiny|
|poke|p2|Sylveon, L50, M, shiny|
|poke|p2|Garchomp, L50, M, shiny|
|poke|p2|Charizard, L50, M, shiny|
|poke|p2|Farigiraf, L50, M, shiny|
|teampreview|4
|showteam|p1|Audino||Audinite|Regenerator|DrainingKiss,CalmMind,HyperVoice,Protect|Modest||F|||50|]Incineroar||ChopleBerry|Intimidate|FlareBlitz,ThroatChop,FakeOut,PartingShot|Adamant||M|||50|]Tsareena||ChoiceScarf|QueenlyMajesty|TropKick,HighJumpKick,TripleAxel,Uturn|Jolly||F|||50|]Lycanroc-Dusk||FocusSash|ToughClaws|Accelerock,CloseCombat,SwordsDance,RockSlide|Jolly||F|||50|]Feraligatr||LifeOrb|SheerForce|Liquidation,RockSlide,DragonDance,AquaJet|Adamant||F|||50|]Dragalge||Dragalgite|PoisonPoint|DracoMeteor,SludgeBomb,FlipTurn,Protect|Calm||M|||50|
|showteam|p2|Aerodactyl||Aerodactylite|Unnerve|RockSlide,IceFang,Tailwind,WideGuard|Jolly||M|||50|]Kingambit||FocusSash|Defiant|KowtowCleave,SuckerPunch,IronHead,LowKick|Adamant||M|||50|]Sylveon||LifeOrb|Pixilate|Detect,HyperVoice,HyperBeam,QuickAttack|Modest||M|||50|]Garchomp||ChoiceScarf|RoughSkin|Earthquake,DragonClaw,StompingTantrum,StoneEdge|Jolly||M|||50|]Charizard||CharizarditeY|Blaze|Protect,HeatWave,SolarBeam,WeatherBall|Modest||M|||50|]Farigiraf||SitrusBerry|ArmorTail|Thunderbolt,PsychicNoise,TrickRoom,HelpingHand|Bold||M|||50|
|
|t:|1784514336
|teamsize|p1|4
|teamsize|p2|4
|start
|switch|p1a: Tsareena|Tsareena, L50, F|100/100
|switch|p1b: Lingote|Incineroar, L50, M|100/100
|switch|p2a: Garchomp|Garchomp, L50, M, shiny|100/100
|switch|p2b: Farigiraf|Farigiraf, L50, M, shiny|100/100
|-ability|p1b: Lingote|Intimidate|boost
|-unboost|p2a: Garchomp|atk|1
|-unboost|p2b: Farigiraf|atk|1
|turn|1
|
|t:|1784514364
|move|p2a: Garchomp|Stone Edge|p1b: Lingote
|-supereffective|p1b: Lingote|1
|-damage|p1b: Lingote|55/100
|move|p1a: Tsareena|U-turn|p2b: Farigiraf
|-supereffective|p2b: Farigiraf|1
|-damage|p2b: Farigiraf|64/100
|
|t:|1784514370
|switch|p1a: Feraligatr|Feraligatr, L50, F|100/100|[from] U-turn
|move|p1b: Lingote|Throat Chop|p2b: Farigiraf
|-supereffective|p2b: Farigiraf|1
|-damage|p2b: Farigiraf|0 fnt
|faint|p2b: Farigiraf
|
|upkeep
|
|t:|1784514376
|switch|p2b: Charizard|Charizard, L50, M, shiny|100/100
|turn|2
|
|t:|1784514393
|switch|p1a: Tsareena|Tsareena, L50, F|100/100
|detailschange|p2b: Charizard|Charizard-Mega-Y, L50, M, shiny
|-mega|p2b: Charizard|Charizard|Charizardite Y
|-weather|SunnyDay|[from] ability: Drought|[of] p2b: Charizard
|move|p2a: Garchomp|Stone Edge|p1b: Lingote
|-supereffective|p1b: Lingote|1
|-crit|p1b: Lingote
|-damage|p1b: Lingote|0 fnt
|faint|p1b: Lingote
|move|p2b: Charizard|Solar Beam||[still]
|-prepare|p2b: Charizard|Solar Beam
|-anim|p2b: Charizard|Solar Beam|p1a: Tsareena
|-resisted|p1a: Tsareena|1
|-damage|p1a: Tsareena|71/100
|
|-weather|SunnyDay|[upkeep]
|upkeep
|
|t:|1784514404
|switch|p1b: Lycanroc|Lycanroc-Dusk, L50, F|100/100
|turn|3
|inactive|Battle timer is ON: inactive players will automatically lose when time's up. (requested by KodeBeast0526)
|
|t:|1784514424
|switch|p2a: Sylveon|Sylveon, L50, M, shiny|100/100
|move|p2b: Charizard|Protect|p2b: Charizard
|-singleturn|p2b: Charizard|Protect
|move|p1a: Tsareena|Triple Axel|p2a: Sylveon|[miss]
|-miss|p1a: Tsareena|p2a: Sylveon
|move|p1b: Lycanroc|Swords Dance|p1b: Lycanroc
|-boost|p1b: Lycanroc|atk|2
|
|-weather|SunnyDay|[upkeep]
|upkeep
|turn|4
|
|t:|1784514444
|switch|p2b: Garchomp|Garchomp, L50, M, shiny|100/100
|move|p1a: Tsareena|Triple Axel|p2a: Sylveon
|-damage|p2a: Sylveon|92/100
|-damage|p2a: Sylveon|75/100
|-damage|p2a: Sylveon|50/100g
|-hitcount|p2a: Sylveon|3
|move|p1b: Lycanroc|Rock Slide|p2b: Garchomp|[spread] p2a,p2b
|-resisted|p2b: Garchomp|1
|-damage|p2a: Sylveon|0 fnt
|-damage|p2b: Garchomp|73/100
|faint|p2a: Sylveon
|
|-weather|SunnyDay|[upkeep]
|upkeep
|
|t:|1784514450
|switch|p2a: Charizard|Charizard-Mega-Y, L50, M, shiny|100/100
|turn|5
|
|t:|1784514461
|move|p2b: Garchomp|Earthquake|p1a: Tsareena|[spread] p1a,p1b
|-immune|p2a: Charizard
|-resisted|p1a: Tsareena|1
|-supereffective|p1b: Lycanroc|1
|-damage|p1a: Tsareena|47/100
|-enditem|p1b: Lycanroc|Focus Sash
|-damage|p1b: Lycanroc|1/100
|move|p1a: Tsareena|Triple Axel|p2b: Garchomp
|-supereffective|p2b: Garchomp|2
|-damage|p2b: Garchomp|45/100
|-damage|p1a: Tsareena|35/100|[from] ability: Rough Skin|[of] p2b: Garchomp
|-hitcount|p2b: Garchomp|1
|move|p1b: Lycanroc|Rock Slide|p2a: Charizard|[spread] p2a,p2b
|-supereffective|p2a: Charizard|2
|-resisted|p2b: Garchomp|1
|-damage|p2a: Charizard|0 fnt
|-damage|p2b: Garchomp|16/100
|faint|p2a: Charizard
|
|-weather|SunnyDay|[upkeep]
|upkeep
|turn|6
|
|t:|1784514479
|move|p1b: Lycanroc|Accelerock|p2b: Garchomp
|-resisted|p2b: Garchomp|1
|-damage|p2b: Garchomp|0 fnt
|-damage|p1b: Lycanroc|0 fnt|[from] ability: Rough Skin|[of] p2b: Garchomp
|faint|p2b: Garchomp
|faint|p1b: Lycanroc
|
|win|Allat78
