|j|☆FreemanGordon
|j|☆AJojoFamilyMember
|html|FreemanGordonAJojoFamilyMember    
|uhtml|bestof|Game 1 of a best-of-3
|t:|1785424594
|gametype|doubles
|player|p1|FreemanGordon|2|1261
|player|p2|AJojoFamilyMember|cynthia|1161
|gen|9
|tier|[Gen 9 Champions] VGC 2026 Reg M-B (Bo3)
|rated|
|rule|Species Clause: Limit one of each Pokémon
|rule|Item Clause: Limit 1 of each item
|clearpoke
|poke|p1|Metagross, L50|
|poke|p1|Tyranitar, L50, M|
|poke|p1|Excadrill, L50, F|
|poke|p1|Milotic, L50, F|
|poke|p1|Sinistcha, L50|
|poke|p1|Decidueye-Hisui, L50, M|
|poke|p2|Maushold-Four, L50|
|poke|p2|Sinistcha-Masterpiece, L50|
|poke|p2|Incineroar, L50, F|
|poke|p2|Delphox, L50, F|
|poke|p2|Mamoswine, L50, M|
|poke|p2|Eelektross, L50, M|
|teampreview|4
|showteam|p1|Metagross||Metagrossite|ClearBody|BodyPress,PsychicFangs,IronHead,Protect|Jolly|||||50|]Tyranitar||Tyranitarite|SandStream|Protect,DragonDance,RockSlide,KnockOff|Jolly||M|||50|]Excadrill||FocusSash|SandRush|Protect,HighHorsepower,IronHead,RockSlide|Adamant||F|||50|]Milotic||SitrusBerry|Competitive|Protect,Scald,Haze,IceBeam|Modest||F|||50|]Sinistcha||CobaBerry|Hospitality|Protect,ShadowBall,RagePowder,MatchaGotcha|Modest|||||50|]Decidueye-Hisui||ScopeLens|Scrappy|Protect,TripleArrows,LeafBlade,SuckerPunch|Adamant||M|||50|
|showteam|p2|Maushold-Four||ChopleBerry|FriendGuard|SuperFang,Taunt,FollowMe,Protect|Jolly|||||50|]Sinistcha-Masterpiece||SitrusBerry|Hospitality|MatchaGotcha,Imprison,TrickRoom,RagePowder|Bold|||||50|]Incineroar||PasshoBerry|Intimidate|FakeOut,FlareBlitz,DarkestLariat,PartingShot|Careful||F|||50|]Delphox||Delphoxite|Blaze|NastyPlot,HeatWave,Psyshock,Protect|Timid||F|||50|]Mamoswine||FocusSash|Oblivious|IceShard,IcicleCrash,Earthquake,Protect|Adamant||M|||50|]Eelektross||Eelektrossite|Levitate|Thunderbolt,Flamethrower,GrassKnot,Protect|Modest||M|||50|
|inactive|Battle timer is ON: inactive players will automatically lose when time's up. (requested by FreemanGordon)
|inactive|AJojoFamilyMember has 60 seconds left.
|
|t:|1785424673
|teamsize|p1|4
|teamsize|p2|4
|start
|switch|p1a: Milotic|Milotic, L50, F|100/100
|switch|p1b: Decidueye|Decidueye-Hisui, L50, M|100/100
|switch|p2a: Eelektross|Eelektross, L50, M|100/100
|switch|p2b: Mamoswine|Mamoswine, L50, M|100/100
|turn|1
|inactive|FreemanGordon has 30 seconds left.
|inactive|AJojoFamilyMember has 30 seconds left.
|inactive|FreemanGordon has 20 seconds left.
|inactive|AJojoFamilyMember has 20 seconds left.
|inactive|FreemanGordon has 15 seconds left.
|inactive|AJojoFamilyMember has 15 seconds left.
|inactive|FreemanGordon has 10 seconds left.
|inactive|FreemanGordon has 5 seconds left.
|
|t:|1785424725
|switch|p1a: Tyranitar|Tyranitar, L50, M|100/100
|-weather|Sandstorm|[from] ability: Sand Stream|[of] p1a: Tyranitar
|switch|p1b: Excadrill|Excadrill, L50, F|100/100
|detailschange|p2a: Eelektross|Eelektross-Mega, L50, M
|-mega|p2a: Eelektross|Eelektross|Eelektrossite
|move|p2a: Eelektross|Protect|p2a: Eelektross
|-singleturn|p2a: Eelektross|Protect
|move|p2b: Mamoswine|Ice Shard|p1b: Excadrill
|-damage|p1b: Excadrill|67/100
|
|-weather|Sandstorm|[upkeep]
|-damage|p2a: Eelektross|94/100|[from] Sandstorm
|upkeep
|turn|2
|inactive|FreemanGordon has 30 seconds left.
|inactive|FreemanGordon has 20 seconds left.
|
|t:|1785424763
|detailschange|p1a: Tyranitar|Tyranitar-Mega, L50, M
|-mega|p1a: Tyranitar|Tyranitar|Tyranitarite
|move|p1b: Excadrill|Iron Head|p2b: Mamoswine
|-supereffective|p2b: Mamoswine|1
|-enditem|p2b: Mamoswine|Focus Sash
|-damage|p2b: Mamoswine|1/100
|move|p1a: Tyranitar|Rock Slide|p2a: Eelektross|[spread] p2a,p2b
|-damage|p2a: Eelektross|50/100g
|-damage|p2b: Mamoswine|0 fnt
|faint|p2b: Mamoswine
|move|p2a: Eelektross|Grass Knot|p1a: Tyranitar
|-supereffective|p1a: Tyranitar|1
|-damage|p1a: Tyranitar|41/100
|
|-weather|Sandstorm|[upkeep]
|-damage|p2a: Eelektross|44/100|[from] Sandstorm
|upkeep
|
|t:|1785424776
|switch|p2b: Incineroar|Incineroar, L50, F|100/100
|-ability|p2b: Incineroar|Intimidate|boost
|-unboost|p1a: Tyranitar|atk|1
|-unboost|p1b: Excadrill|atk|1
|turn|3
|inactive|AJojoFamilyMember has 30 seconds left.
|
|t:|1785424806
|switch|p1b: Decidueye|Decidueye-Hisui, L50, M|100/100
|switch|p1a: Milotic|Milotic, L50, F|100/100
|move|p2b: Incineroar|Fake Out|p1b: Decidueye
|-damage|p1b: Decidueye|87/100
|move|p2a: Eelektross|Grass Knot|p1a: Milotic
|-supereffective|p1a: Milotic|1
|-damage|p1a: Milotic|45/100
|-enditem|p1a: Milotic|Sitrus Berry|[eat]
|-heal|p1a: Milotic|70/100|[from] item: Sitrus Berry
|
|-weather|Sandstorm|[upkeep]
|-damage|p2a: Eelektross|38/100|[from] Sandstorm
|-damage|p1a: Milotic|64/100|[from] Sandstorm
|-damage|p1b: Decidueye|81/100|[from] Sandstorm
|-damage|p2b: Incineroar|94/100|[from] Sandstorm
|upkeep
|turn|4
|inactive|FreemanGordon has 30 seconds left.
|inactive|AJojoFamilyMember has 30 seconds left.
|
|t:|1785424838
|switch|p2b: Sinistcha|Sinistcha-Masterpiece, L50|100/100
|-heal|p2a: Eelektross|63/100|[from] ability: Hospitality|[of] p2b: Sinistcha
|move|p1b: Decidueye|Sucker Punch|p2a: Eelektross
|-damage|p2a: Eelektross|32/100
|move|p2a: Eelektross|Flamethrower|p1b: Decidueye
|-supereffective|p1b: Decidueye|1
|-damage|p1b: Decidueye|16/100
|move|p1a: Milotic|Scald|p2b: Sinistcha
|-resisted|p2b: Sinistcha|1
|-damage|p2b: Sinistcha|83/100
|
|-weather|Sandstorm|[upkeep]
|-damage|p2a: Eelektross|26/100|[from] Sandstorm
|-damage|p1a: Milotic|58/100|[from] Sandstorm
|-damage|p2b: Sinistcha|77/100|[from] Sandstorm
|-damage|p1b: Decidueye|9/100|[from] Sandstorm
|upkeep
|turn|5
|inactive|AJojoFamilyMember has 30 seconds left.
|inactive|AJojoFamilyMember has 20 seconds left.
|inactive|AJojoFamilyMember has 15 seconds left.
|
|t:|1785424882
|move|p2b: Sinistcha|Rage Powder|p2b: Sinistcha
|-singleturn|p2b: Sinistcha|move: Rage Powder
|move|p2a: Eelektross|Flamethrower|p1a: Milotic
|-resisted|p1a: Milotic|1
|-damage|p1a: Milotic|45/100
|move|p1a: Milotic|Ice Beam|p2b: Sinistcha
|-supereffective|p2b: Sinistcha|1
|-damage|p2b: Sinistcha|25/100
|-enditem|p2b: Sinistcha|Sitrus Berry|[eat]
|-heal|p2b: Sinistcha|50/100g|[from] item: Sitrus Berry
|move|p1b: Decidueye|Triple Arrows|p2a: Eelektross
|-crit|p2a: Eelektross
|-damage|p2a: Eelektross|0 fnt
|faint|p2a: Eelektross
|
|-weather|none
|upkeep
|
|t:|1785424885
|switch|p2a: Incineroar|Incineroar, L50, F|94/100
|-ability|p2a: Incineroar|Intimidate|boost
|-unboost|p1a: Milotic|atk|1
|-ability|p1a: Milotic|Competitive|boost
|-boost|p1a: Milotic|spa|2
|-fail|p1b: Decidueye|unboost|Attack|[from] ability: Scrappy|[of] p1b: Decidueye
|turn|6
|inactive|FreemanGordon has 30 seconds left.
|
|t:|1785424916
|switch|p1b: Excadrill|Excadrill, L50, F|67/100
|move|p1a: Milotic|Protect|p1a: Milotic
|-singleturn|p1a: Milotic|Protect
|move|p2a: Incineroar|Fake Out|p1b: Excadrill
|-resisted|p1b: Excadrill|1
|-damage|p1b: Excadrill|60/100
|move|p2b: Sinistcha|Matcha Gotcha|p1a: Milotic|[spread] p1b
|-activate|p1a: Milotic|move: Protect
|-damage|p1b: Excadrill|29/100
|-heal|p2b: Sinistcha|66/100|[from] drain|[of] p1b: Excadrill
|
|upkeep
|turn|7
|inactive|FreemanGordon has 30 seconds left.
|
|t:|1785424943
|switch|p1b: Tyranitar|Tyranitar-Mega, L50, M|41/100
|-weather|Sandstorm|[from] ability: Sand Stream|[of] p1b: Tyranitar
|move|p1a: Milotic|Ice Beam|p2b: Sinistcha
|-supereffective|p2b: Sinistcha|1
|-damage|p2b: Sinistcha|0 fnt
|faint|p2b: Sinistcha
|move|p2a: Incineroar|Flare Blitz|p1b: Tyranitar
|-resisted|p1b: Tyranitar|1
|-damage|p1b: Tyranitar|24/100
|-damage|p2a: Incineroar|89/100|[from] Recoil
|
|-weather|Sandstorm|[upkeep]
|-damage|p1a: Milotic|39/100|[from] Sandstorm
|-damage|p2a: Incineroar|83/100|[from] Sandstorm
|upkeep
|turn|8
|
|t:|1785424957
|move|p1b: Tyranitar|Rock Slide|p2a: Incineroar
|-supereffective|p2a: Incineroar|1
|-damage|p2a: Incineroar|7/100
|move|p1a: Milotic|Scald|p2a: Incineroar
|-supereffective|p2a: Incineroar|1
|-enditem|p2a: Incineroar|Passho Berry|[eat]
|-enditem|p2a: Incineroar|Passho Berry|[weaken]
|-damage|p2a: Incineroar|0 fnt
|faint|p2a: Incineroar
|
|win|FreemanGordon
||AJojoFamilyMember is ready for game 2.
|inactive|FreemanGordon has 30 seconds to confirm battle start!
|inactive|FreemanGordon has 20 seconds to confirm battle start!
|inactive|FreemanGordon has 10 seconds to confirm battle start!
||FreemanGordon is ready for game 2.
|uhtml|next|Next: Game 2 of 3
