|j|☆Fire Mage 593
|j|☆Cosentino
|html|Fire Mage 593Cosentino    
|uhtml|bestof|Game 1 of a best-of-3
|t:|1757910406
|gametype|doubles
|player|p1|Fire Mage 593|170|1040
|player|p2|Cosentino|clown|1181
|gen|9
|tier|[Gen 9] VGC 2025 Reg H (Bo3)
|rated|
|rule|Species Clause: Limit one of each Pokémon
|rule|Item Clause: Limit 1 of each item
|clearpoke
|poke|p1|Volcarona, L50, F|
|poke|p1|Kommo-o, L50, M|
|poke|p1|Oricorio-Pom-Pom, L50, F|
|poke|p1|Farigiraf, L50, M|
|poke|p1|Rillaboom, L50, F|
|poke|p1|Incineroar, L50, M|
|poke|p2|Frosmoth, L50, F|
|poke|p2|Ninetales-Alola, L50, M|
|poke|p2|Dragonite, L50, M|
|poke|p2|Incineroar, L50, F|
|poke|p2|Rillaboom, L50, F|
|poke|p2|Ursaluna, L50, M|
|teampreview|4
|showteam|p1|Volcarona||RockyHelmet|FlameBody|FieryDance,QuiverDance,RagePowder,Protect|||F|||50|,,,,,Bug]Kommo-o||ThroatSpray|Overcoat|ClangingScales,ClangorousSoul,AuraSphere,Protect|||M|||50|,,,,,Fire]Oricorio-Pom-Pom||SitrusBerry|Dancer|RevelationDance,AirSlash,BatonPass,Protect|||F|||50|,,,,,Steel]Farigiraf||SafetyGoggles|ArmorTail|Psychic,HelpingHand,TrickRoom,Imprison|||M|||50|,,,,,Fairy]Rillaboom||GrassySeed|GrassySurge|WoodHammer,FakeOut,GrassyGlide,Uturn|||F|||50|,,,,,Fire]Incineroar||AssaultVest|Intimidate|FlareBlitz,KnockOff,FakeOut,Uturn|||M|||50|,,,,,Grass
|showteam|p2|Frosmoth||SitrusBerry|IceScales|IceBeam,BugBuzz,Protect,QuiverDance|||F|||50|,,,,,Water]Ninetales-Alola||LightClay|SnowWarning|DazzlingGleam,FreezeDry,AuroraVeil,Protect|||M|||50|,,,,,Ghost]Dragonite||LoadedDice|Multiscale|ExtremeSpeed,ScaleShot,Tailwind,Protect|||M|||50|,,,,,Normal]Incineroar||SafetyGoggles|Intimidate|FakeOut,PartingShot,FlareBlitz,KnockOff|||F|||50|,,,,,Grass]Rillaboom||AssaultVest|GrassySurge|FakeOut,WoodHammer,GrassyGlide,HighHorsepower|||F|||50|,,,,,Fire]Ursaluna||FlameOrb|Guts|CloseCombat,Facade,HeadlongRush,Protect|||M|||50|,,,,,Ghost
|inactive|Battle timer is ON: inactive players will automatically lose when time's up. (requested by Fire Mage 593)
|
|t:|1757910457
|teamsize|p1|4
|teamsize|p2|4
|start
|switch|p1a: Kommo-o|Kommo-o, L50, M|100/100
|switch|p1b: Oricorio|Oricorio-Pom-Pom, L50, F|100/100
|switch|p2a: Ninetales|Ninetales-Alola, L50, M|100/100
|switch|p2b: Incineroar|Incineroar, L50, F|100/100
|-weather|Snowscape|[from] ability: Snow Warning|[of] p2a: Ninetales
|-ability|p2b: Incineroar|Intimidate|boost
|-unboost|p1a: Kommo-o|atk|1
|-unboost|p1b: Oricorio|atk|1
|turn|1
|inactive|Fire Mage 593 has 30 seconds left.
|inactive|Fire Mage 593 has 20 seconds left.
|inactive|Fire Mage 593 has 15 seconds left.
|
|t:|1757910500
|move|p1a: Kommo-o|Protect|p1a: Kommo-o
|-singleturn|p1a: Kommo-o|Protect
|move|p2a: Ninetales|Aurora Veil|p2a: Ninetales
|-sidestart|p2: Cosentino|move: Aurora Veil
|move|p1b: Oricorio|Revelation Dance|p2a: Ninetales
|-damage|p2a: Ninetales|76/100
|move|p2b: Incineroar|Parting Shot|p1b: Oricorio
|-unboost|p1b: Oricorio|atk|1
|-unboost|p1b: Oricorio|spa|1
|
|t:|1757910513
|switch|p2b: Dragonite|Dragonite, L50, M|100/100|[from] Parting Shot
|
|-weather|Snowscape|[upkeep]
|upkeep
|turn|2
|
|t:|1757910524
|-terastallize|p1a: Kommo-o|Fire
|move|p1b: Oricorio|Protect|p1b: Oricorio
|-singleturn|p1b: Oricorio|Protect
|move|p2a: Ninetales|Dazzling Gleam|p1b: Oricorio|[spread] p1a
|-activate|p1b: Oricorio|move: Protect
|-resisted|p1a: Kommo-o
|-damage|p1a: Kommo-o|91/100
|move|p1a: Kommo-o|Clangorous Soul|p1a: Kommo-o
|-boost|p1a: Kommo-o|atk|1
|-boost|p1a: Kommo-o|def|1
|-boost|p1a: Kommo-o|spa|1
|-boost|p1a: Kommo-o|spd|1
|-boost|p1a: Kommo-o|spe|1
|-damage|p1a: Kommo-o|58/100
|-enditem|p1a: Kommo-o|Throat Spray
|-boost|p1a: Kommo-o|spa|1|[from] item: Throat Spray
|-activate|p1b: Oricorio|ability: Dancer
|move|p1b: Oricorio|Clangorous Soul|p1b: Oricorio|[from] ability: Dancer
|-boost|p1b: Oricorio|atk|1
|-boost|p1b: Oricorio|def|1
|-boost|p1b: Oricorio|spa|1
|-boost|p1b: Oricorio|spd|1
|-boost|p1b: Oricorio|spe|1
|-damage|p1b: Oricorio|68/100
|move|p2b: Dragonite|Tailwind|p2b: Dragonite
|-sidestart|p2: Cosentino|move: Tailwind
|
|-weather|Snowscape|[upkeep]
|upkeep
|turn|3
|inactive|Fire Mage 593 has 30 seconds left.
|inactive|Cosentino has 30 seconds left.
|
|t:|1757910555
|-terastallize|p2b: Dragonite|Normal
|move|p2b: Dragonite|Extreme Speed|p1b: Oricorio
|-damage|p1b: Oricorio|34/100
|-enditem|p1b: Oricorio|Sitrus Berry|[eat]
|-heal|p1b: Oricorio|59/100|[from] item: Sitrus Berry
|move|p2a: Ninetales|Freeze-Dry|p1a: Kommo-o
|-resisted|p1a: Kommo-o
|-crit|p1a: Kommo-o
|-damage|p1a: Kommo-o|42/100
|-status|p1a: Kommo-o|frz
|cant|p1a: Kommo-o|frz
|move|p1b: Oricorio|Baton Pass|p1b: Oricorio
|
|t:|1757910571
|switch|p1b: Incineroar|Incineroar, L50, M|100/100|[from] Baton Pass
|-ability|p1b: Incineroar|Intimidate|boost
|-unboost|p2a: Ninetales|atk|1
|-unboost|p2b: Dragonite|atk|1
|
|-weather|Snowscape|[upkeep]
|upkeep
|turn|4
|
|t:|1757910588
|switch|p2b: Ursaluna|Ursaluna, L50, M|100/100
|move|p1b: Incineroar|Fake Out|p2b: Ursaluna
|-damage|p2b: Ursaluna|96/100
|move|p2a: Ninetales|Dazzling Gleam|p1b: Incineroar|[spread] p1a,p1b
|-resisted|p1a: Kommo-o
|-damage|p1a: Kommo-o|36/100 frz
|-damage|p1b: Incineroar|92/100
|-curestatus|p1a: Kommo-o|frz|[msg]
|move|p1a: Kommo-o|Aura Sphere|p2b: Ursaluna
|-supereffective|p2b: Ursaluna
|-damage|p2b: Ursaluna|14/100
|
|-weather|Snowscape|[upkeep]
|-status|p2b: Ursaluna|brn|[from] item: Flame Orb
|upkeep
|turn|5
|
|t:|1757910611
|move|p2a: Ninetales|Freeze-Dry|p1a: Kommo-o
|-resisted|p1a: Kommo-o
|-damage|p1a: Kommo-o|30/100
|move|p1a: Kommo-o|Aura Sphere|p2b: Ursaluna
|-supereffective|p2b: Ursaluna
|-damage|p2b: Ursaluna|0 fnt
|faint|p2b: Ursaluna
|move|p1b: Incineroar|U-turn|p2a: Ninetales
|-resisted|p2a: Ninetales
|-damage|p2a: Ninetales|72/100
|
|t:|1757910624
|switch|p1b: Oricorio|Oricorio-Pom-Pom, L50, F|59/100|[from] U-turn
|
|-weather|none
|-sideend|p2: Cosentino|move: Tailwind
|upkeep
|
|t:|1757910635
|switch|p2b: Dragonite|Dragonite, L50, M, tera:Normal|100/100
|turn|6
|
|t:|1757910651
|switch|p1b: Farigiraf|Farigiraf, L50, M|100/100
|move|p1a: Kommo-o|Aura Sphere|p2b: Dragonite
|-supereffective|p2b: Dragonite
|-damage|p2b: Dragonite|56/100
|move|p2a: Ninetales|Freeze-Dry|p1b: Farigiraf
|-damage|p1b: Farigiraf|83/100
|move|p2b: Dragonite|Scale Shot|p1b: Farigiraf
|-damage|p1b: Farigiraf|68/100
|-damage|p1b: Farigiraf|53/100
|-damage|p1b: Farigiraf|37/100
|-damage|p1b: Farigiraf|21/100
|-damage|p1b: Farigiraf|5/100
|-hitcount|p1b: Farigiraf|5
|-unboost|p2b: Dragonite|def|1
|-boost|p2b: Dragonite|spe|1
|
|upkeep
|turn|7
|inactive|Cosentino has 30 seconds left.
|
|t:|1757910681
|switch|p2a: Incineroar|Incineroar, L50, F|100/100
|-ability|p2a: Incineroar|Intimidate|boost
|-unboost|p1a: Kommo-o|atk|1
|-unboost|p1b: Farigiraf|atk|1
|move|p2b: Dragonite|Protect|p2b: Dragonite
|-singleturn|p2b: Dragonite|Protect
|move|p1a: Kommo-o|Aura Sphere|p2b: Dragonite
|-activate|p2b: Dragonite|move: Protect
|move|p1b: Farigiraf|Psychic|p2a: Incineroar
|-immune|p2a: Incineroar
|
|upkeep
|turn|8
|
|t:|1757910702
|switch|p2b: Ninetales|Ninetales-Alola, L50, M|72/100
|-weather|Snowscape|[from] ability: Snow Warning|[of] p2b: Ninetales
|switch|p1b: Incineroar|Incineroar, L50, M|92/100
|-ability|p1b: Incineroar|Intimidate|boost
|-unboost|p2a: Incineroar|atk|1
|-unboost|p2b: Ninetales|atk|1
|move|p1a: Kommo-o|Protect|p1a: Kommo-o
|-singleturn|p1a: Kommo-o|Protect
|move|p2a: Incineroar|Knock Off|p1a: Kommo-o
|-activate|p1a: Kommo-o|move: Protect
|
|-weather|Snowscape|[upkeep]
|-sideend|p2: Cosentino|move: Aurora Veil
|upkeep
|turn|9
|inactive|Cosentino has 30 seconds left.
|
|t:|1757910733
|move|p1a: Kommo-o|Aura Sphere|p2a: Incineroar
|-supereffective|p2a: Incineroar
|-damage|p2a: Incineroar|0 fnt
|faint|p2a: Incineroar
|move|p2b: Ninetales|Aurora Veil|p2b: Ninetales
|-sidestart|p2: Cosentino|move: Aurora Veil
|move|p1b: Incineroar|Flare Blitz|p2b: Ninetales
|-supereffective|p2b: Ninetales
|-damage|p2b: Ninetales|5/100
|-damage|p1b: Incineroar|74/100|[from] Recoil
|
|-weather|Snowscape|[upkeep]
|upkeep
|
|t:|1757910736
|switch|p2a: Dragonite|Dragonite, L50, M, tera:Normal|56/100
|turn|10
|
|t:|1757910749
|switch|p1b: Farigiraf|Farigiraf, L50, M|5/100
|move|p2a: Dragonite|Protect|p2a: Dragonite
|-singleturn|p2a: Dragonite|Protect
|move|p1a: Kommo-o|Aura Sphere|p2a: Dragonite
|-activate|p2a: Dragonite|move: Protect
|move|p2b: Ninetales|Dazzling Gleam|p1a: Kommo-o|[spread] p1a,p1b
|-resisted|p1a: Kommo-o
|-damage|p1a: Kommo-o|24/100
|-damage|p1b: Farigiraf|0 fnt
|faint|p1b: Farigiraf
|
|-weather|Snowscape|[upkeep]
|upkeep
|
|t:|1757910757
|switch|p1b: Incineroar|Incineroar, L50, M|74/100
|-ability|p1b: Incineroar|Intimidate|boost
|-unboost|p2a: Dragonite|atk|1
|-unboost|p2b: Ninetales|atk|1
|turn|11
|
|t:|1757910766
|move|p2b: Ninetales|Protect|p2b: Ninetales
|-singleturn|p2b: Ninetales|Protect
|move|p1b: Incineroar|Fake Out|p2a: Dragonite
|-damage|p2a: Dragonite|45/100
|cant|p2a: Dragonite|flinch
|move|p1a: Kommo-o|Aura Sphere|p2a: Dragonite
|-supereffective|p2a: Dragonite
|-damage|p2a: Dragonite|0 fnt
|faint|p2a: Dragonite
|
|-weather|Snowscape|[upkeep]
|upkeep
|turn|12
|
|t:|1757910778
|move|p1a: Kommo-o|Aura Sphere|p2b: Ninetales
|-damage|p2b: Ninetales|0 fnt
|faint|p2b: Ninetales
|
|win|Fire Mage 593
||Fire Mage 593 is ready for game 2.
||Cosentino is ready for game 2.
|uhtml|next|Next: Game 2 of 3
