|j|☆reyimo45
|j|☆Chelicerate1
|html|reyimo45Chelicerate1    
|uhtml|bestof|Game 1 of a best-of-3
|t:|1783257780
|gametype|doubles
|player|p1|reyimo45|265|1174
|player|p2|Chelicerate1|ethan|1107
|gen|9
|tier|[Gen 9 Champions] VGC 2026 Reg M-B (Bo3)
|rated|
|rule|Species Clause: Limit one of each Pokémon
|rule|Item Clause: Limit 1 of each item
|clearpoke
|poke|p1|Swampert, L50, F|
|poke|p1|Archaludon, L50, F|
|poke|p1|Sableye, L50, M|
|poke|p1|Pelipper, L50, F|
|poke|p1|Sneasler, L50, M|
|poke|p1|Sinistcha, L50|
|poke|p2|Charizard, L50, M, shiny|
|poke|p2|Gholdengo, L50, shiny|
|poke|p2|Incineroar, L50, M, shiny|
|poke|p2|Floette-Eternal, L50, F|
|poke|p2|Sinistcha-Masterpiece, L50, shiny|
|poke|p2|Garchomp, L50, M, shiny|
|teampreview|4
|showteam|p1|Swampert||Swampertite|Torrent|Earthquake,WaveCrash,IcePunch,Protect|Adamant||F|||50|]Archaludon||Leftovers|Stamina|Protect,ElectroShot,DragonPulse,FlashCannon|Calm||F|||50|]Sableye||LightClay|Prankster|RainDance,WillOWisp,Reflect,LightScreen|Relaxed||M|||50|]Pelipper||FocusSash|Drizzle|Protect,WeatherBall,Hurricane,Tailwind|Modest||F|||50|]Sneasler||WhiteHerb|Unburden|FakeOut,CloseCombat,Protect,DireClaw|Adamant||M|||50|]Sinistcha||SitrusBerry|Hospitality|RagePowder,MatchaGotcha,LifeDew,Protect|Calm|||||50|
|showteam|p2|Charizard||CharizarditeY|SolarPower|HeatWave,WeatherBall,AncientPower,SolarBeam|Modest||M|||50|]Gholdengo||ChoiceScarf|GoodasGold|MakeItRain,Psychic,ShadowBall,Trick|Timid|||||50|]Incineroar||SitrusBerry|Intimidate|FakeOut,ThroatChop,PartingShot,FlareBlitz|Careful||M|||50|]Floette-Eternal||Floettite|FlowerVeil|Moonblast,DazzlingGleam,CalmMind,Protect|Modest||F|||50|]Sinistcha-Masterpiece||KasibBerry|Hospitality|MatchaGotcha,RagePowder,LifeDew,Protect|Bold|||||50|]Garchomp||LifeOrb|RoughSkin|DragonClaw,RockSlide,Earthquake,Protect|Adamant||M|||50|
|inactive|Battle timer is ON: inactive players will automatically lose when time's up. (requested by Chelicerate1)
|inactive|reyimo45 has 60 seconds left.
|
|t:|1783257822
|teamsize|p1|4
|teamsize|p2|4
|start
|switch|p1a: Swampert|Swampert, L50, F|100/100
|switch|p1b: Sableye|Sableye, L50, M|100/100
|switch|p2a: Charizard|Charizard, L50, M, shiny|100/100
|switch|p2b: Incineroar|Incineroar, L50, M, shiny|100/100
|-ability|p2b: Incineroar|Intimidate|boost
|-unboost|p1a: Swampert|atk|1
|-unboost|p1b: Sableye|atk|1
|turn|1
|inactive|reyimo45 has 30 seconds left.
|inactive|Chelicerate1 has 30 seconds left.
|inactive|reyimo45 has 20 seconds left.
|inactive|Chelicerate1 has 20 seconds left.
|inactive|Chelicerate1 has 15 seconds left.
|
|t:|1783257863
|switch|p2a: Sinistcha|Sinistcha-Masterpiece, L50, shiny|100/100
|detailschange|p1a: Swampert|Swampert-Mega, L50, F
|-mega|p1a: Swampert|Swampert|Swampertite
|move|p2b: Incineroar|Fake Out|p1a: Swampert
|-damage|p1a: Swampert|89/100
|move|p1b: Sableye|Rain Dance|p1b: Sableye
|-weather|RainDance
|cant|p1a: Swampert|flinch
|
|-weather|RainDance|[upkeep]
|upkeep
|turn|2
|
|t:|1783257886
|switch|p1a: Archaludon|Archaludon, L50, F|100/100
|move|p1b: Sableye|Light Screen|p1b: Sableye
|-sidestart|p1: reyimo45|move: Light Screen
|move|p2a: Sinistcha|Matcha Gotcha|p1a: Archaludon|[spread] p1a,p1b
|-resisted|p1a: Archaludon|2
|-damage|p1a: Archaludon|96/100
|-damage|p1b: Sableye|79/100
|-ability|p1a: Archaludon|Stamina|boost
|-boost|p1a: Archaludon|def|1
|move|p2b: Incineroar|Parting Shot|p1a: Archaludon
|-unboost|p1a: Archaludon|atk|1
|-unboost|p1a: Archaludon|spa|1
|
|t:|1783257897
|switch|p2b: Garchomp|Garchomp, L50, M, shiny|100/100|[from] Parting Shot
|
|-weather|RainDance|[upkeep]
|-heal|p1a: Archaludon|100/100|[from] item: Leftovers
|upkeep
|turn|3
|
|t:|1783257906
|move|p2a: Sinistcha|Rage Powder|p2a: Sinistcha
|-singleturn|p2a: Sinistcha|move: Rage Powder
|move|p1b: Sableye|Will-O-Wisp|p2a: Sinistcha
|-status|p2a: Sinistcha|brn
|move|p2b: Garchomp|Earthquake|p1b: Sableye|[spread] p2a,p1a,p1b
|-resisted|p2a: Sinistcha|1
|-supereffective|p1a: Archaludon|1
|-damage|p2a: Sinistcha|75/100 brn
|-damage|p1a: Archaludon|44/100
|-damage|p1b: Sableye|22/100
|-ability|p1a: Archaludon|Stamina|boost
|-boost|p1a: Archaludon|def|1
|-damage|p2b: Garchomp|90/100|[from] item: Life Orb
|move|p1a: Archaludon|Electro Shot||[still]
|-prepare|p1a: Archaludon|Electro Shot
|-boost|p1a: Archaludon|spa|1
|-anim|p1a: Archaludon|Electro Shot|p2a: Sinistcha
|-resisted|p2a: Sinistcha|1
|-damage|p2a: Sinistcha|52/100 brn
|
|-weather|RainDance|[upkeep]
|-heal|p1a: Archaludon|50/100g|[from] item: Leftovers
|-damage|p2a: Sinistcha|46/100 brn|[from] brn
|upkeep
|turn|4
|
|t:|1783257927
|switch|p1b: Swampert|Swampert-Mega, L50, F|89/100
|move|p1a: Archaludon|Protect|p1a: Archaludon
|-singleturn|p1a: Archaludon|Protect
|move|p2b: Garchomp|Earthquake|p1b: Swampert|[spread] p2a,p1b
|-activate|p1a: Archaludon|move: Protect
|-resisted|p2a: Sinistcha|1
|-damage|p2a: Sinistcha|24/100 brn
|-damage|p1b: Swampert|36/100
|-damage|p2b: Garchomp|80/100|[from] item: Life Orb
|move|p2a: Sinistcha|Life Dew|p2a: Sinistcha|[spread] p2a,p2b
|-heal|p2a: Sinistcha|49/100 brn
|-heal|p2b: Garchomp|100/100
|
|-weather|RainDance|[upkeep]
|-heal|p1a: Archaludon|56/100|[from] item: Leftovers
|-damage|p2a: Sinistcha|42/100 brn|[from] brn
|upkeep
|turn|5
|
|t:|1783257950
|move|p2b: Garchomp|Protect|p2b: Garchomp
|-singleturn|p2b: Garchomp|Protect
|move|p1b: Swampert|Ice Punch|p2b: Garchomp
|-activate|p2b: Garchomp|move: Protect
|move|p2a: Sinistcha|Life Dew||[still]|[spread] p2a,p2b
|-heal|p2a: Sinistcha|67/100 brn
|-fail|p2b: Garchomp|heal
|move|p1a: Archaludon|Electro Shot||[still]
|-prepare|p1a: Archaludon|Electro Shot
|-boost|p1a: Archaludon|spa|1
|-anim|p1a: Archaludon|Electro Shot|p2a: Sinistcha
|-resisted|p2a: Sinistcha|1
|-damage|p2a: Sinistcha|32/100 brn
|
|-weather|none
|-heal|p1a: Archaludon|62/100|[from] item: Leftovers
|-damage|p2a: Sinistcha|26/100 brn|[from] brn
|upkeep
|turn|6
|inactive|reyimo45 has 30 seconds left.
|
|t:|1783257981
|switch|p1b: Sinistcha|Sinistcha, L50|100/100
|-heal|p1a: Archaludon|87/100|[from] ability: Hospitality|[of] p1b: Sinistcha
|switch|p2a: Charizard|Charizard, L50, M, shiny|100/100
|move|p1a: Archaludon|Protect|p1a: Archaludon
|-singleturn|p1a: Archaludon|Protect
|move|p2b: Garchomp|Earthquake|p1b: Sinistcha|[spread] p1b
|-activate|p1a: Archaludon|move: Protect
|-immune|p2a: Charizard
|-resisted|p1b: Sinistcha|1
|-damage|p1b: Sinistcha|73/100
|-damage|p2b: Garchomp|90/100|[from] item: Life Orb
|
|-heal|p1a: Archaludon|93/100|[from] item: Leftovers
|upkeep
|turn|7
|inactive|reyimo45 has 30 seconds left.
|
|t:|1783258015
|switch|p1b: Swampert|Swampert-Mega, L50, F|36/100
|detailschange|p2a: Charizard|Charizard-Mega-Y, L50, M, shiny
|-mega|p2a: Charizard|Charizard|Charizardite Y
|-weather|SunnyDay|[from] ability: Drought|[of] p2a: Charizard
|move|p2b: Garchomp|Earthquake|p1b: Swampert|[spread] p1a,p1b
|-immune|p2a: Charizard
|-supereffective|p1a: Archaludon|1
|-damage|p1a: Archaludon|54/100
|-damage|p1b: Swampert|0 fnt
|-ability|p1a: Archaludon|Stamina|boost
|-boost|p1a: Archaludon|def|1
|faint|p1b: Swampert
|-damage|p2b: Garchomp|80/100|[from] item: Life Orb
|move|p2a: Charizard|Heat Wave|p1a: Archaludon
|-damage|p1a: Archaludon|9/100
|-ability|p1a: Archaludon|Stamina|boost
|-boost|p1a: Archaludon|def|1
|move|p1a: Archaludon|Dragon Pulse|p2b: Garchomp
|-supereffective|p2b: Garchomp|1
|-damage|p2b: Garchomp|0 fnt
|faint|p2b: Garchomp
|
|-weather|SunnyDay|[upkeep]
|-heal|p1a: Archaludon|15/100|[from] item: Leftovers
|upkeep
|inactive|reyimo45 has 30 seconds left.
|
|t:|1783258046
|switch|p2b: Incineroar|Incineroar, L50, M, shiny|100/100
|switch|p1b: Sableye|Sableye, L50, M|22/100
|-ability|p2b: Incineroar|Intimidate|boost
|-unboost|p1a: Archaludon|atk|1
|-unboost|p1b: Sableye|atk|1
|turn|8
|
|t:|1783258056
|switch|p2a: Sinistcha|Sinistcha-Masterpiece, L50, shiny|26/100 brn
|move|p1a: Archaludon|Protect|p1a: Archaludon
|-singleturn|p1a: Archaludon|Protect
|move|p1b: Sableye|Rain Dance|p1b: Sableye
|-weather|RainDance
|move|p2b: Incineroar|Throat Chop|p1b: Sableye
|-damage|p1b: Sableye|0 fnt
|faint|p1b: Sableye
|
|-weather|RainDance|[upkeep]
|-heal|p1a: Archaludon|21/100|[from] item: Leftovers
|-damage|p2a: Sinistcha|20/100y brn|[from] brn
|upkeep
|
|t:|1783258066
|switch|p1b: Sinistcha|Sinistcha, L50|73/100
|-heal|p1a: Archaludon|46/100|[from] ability: Hospitality|[of] p1b: Sinistcha
|turn|9
|
|t:|1783258083
|move|p2a: Sinistcha|Rage Powder|p2a: Sinistcha
|-singleturn|p2a: Sinistcha|move: Rage Powder
|move|p1a: Archaludon|Dragon Pulse|p2a: Sinistcha
|-damage|p2a: Sinistcha|0 fnt
|faint|p2a: Sinistcha
|move|p2b: Incineroar|Throat Chop|p1b: Sinistcha
|-supereffective|p1b: Sinistcha|1
|-damage|p1b: Sinistcha|16/100
|-start|p1b: Sinistcha|Throat Chop|[silent]
|-enditem|p1b: Sinistcha|Sitrus Berry|[eat]
|-heal|p1b: Sinistcha|41/100|[from] item: Sitrus Berry
|move|p1b: Sinistcha|Life Dew|p1b: Sinistcha|[spread] p1a,p1b
|-heal|p1a: Archaludon|71/100
|-heal|p1b: Sinistcha|66/100
|
|-weather|RainDance|[upkeep]
|-heal|p1a: Archaludon|77/100|[from] item: Leftovers
|-sideend|p1: reyimo45|move: Light Screen
|upkeep
|
|t:|1783258106
|switch|p2a: Charizard|Charizard-Mega-Y, L50, M, shiny|100/100
|-weather|SunnyDay|[from] ability: Drought|[of] p2a: Charizard
|turn|10
|
|t:|1783258119
|move|p1a: Archaludon|Protect|p1a: Archaludon
|-singleturn|p1a: Archaludon|Protect
|move|p1b: Sinistcha|Protect|p1b: Sinistcha
|-singleturn|p1b: Sinistcha|Protect
|move|p2a: Charizard|Heat Wave|p1a: Archaludon|[spread] 
|-activate|p1a: Archaludon|move: Protect
|-activate|p1b: Sinistcha|move: Protect
|move|p2b: Incineroar|Flare Blitz|p1a: Archaludon
|-activate|p1a: Archaludon|move: Protect
|
|-weather|SunnyDay|[upkeep]
|-heal|p1a: Archaludon|83/100|[from] item: Leftovers
|-end|p1b: Sinistcha|Throat Chop|[silent]
|upkeep
|turn|11
|inactive|reyimo45 has 30 seconds left.
|
|t:|1783258150
|move|p2a: Charizard|Weather Ball|p1a: Archaludon
|-damage|p1a: Archaludon|15/100
|-ability|p1a: Archaludon|Stamina|boost
|-boost|p1a: Archaludon|def|1
|move|p1a: Archaludon|Dragon Pulse|p2a: Charizard
|-damage|p2a: Charizard|49/100
|move|p2b: Incineroar|Flare Blitz|p1a: Archaludon
|-damage|p1a: Archaludon|1/100
|-ability|p1a: Archaludon|Stamina|boost
|-boost|p1a: Archaludon|def|1
|-damage|p2b: Incineroar|95/100|[from] Recoil
|move|p1b: Sinistcha|Life Dew|p1b: Sinistcha|[spread] p1a,p1b
|-heal|p1a: Archaludon|25/100
|-heal|p1b: Sinistcha|91/100
|
|-weather|SunnyDay|[upkeep]
|-heal|p1a: Archaludon|31/100|[from] item: Leftovers
|upkeep
|turn|12
|
|t:|1783258168
|move|p1a: Archaludon|Protect|p1a: Archaludon
|-singleturn|p1a: Archaludon|Protect
|move|p1b: Sinistcha|Protect|p1b: Sinistcha
|-singleturn|p1b: Sinistcha|Protect
|move|p2a: Charizard|Weather Ball|p1b: Sinistcha
|-activate|p1b: Sinistcha|move: Protect
|move|p2b: Incineroar|Flare Blitz|p1a: Archaludon
|-activate|p1a: Archaludon|move: Protect
|
|-weather|SunnyDay|[upkeep]
|-heal|p1a: Archaludon|38/100|[from] item: Leftovers
|upkeep
|turn|13
|
|t:|1783258191
|move|p1b: Sinistcha|Rage Powder|p1b: Sinistcha
|-singleturn|p1b: Sinistcha|move: Rage Powder
|move|p2a: Charizard|Heat Wave|p1b: Sinistcha|[spread] p1a,p1b
|-supereffective|p1b: Sinistcha|1
|-damage|p1a: Archaludon|0 fnt
|-damage|p1b: Sinistcha|0 fnt
|faint|p1a: Archaludon
|faint|p1b: Sinistcha
|
|win|Chelicerate1
