|j|☆u'FemminoneVGC
|j|☆Brutalandathebozz
|html|u'FemminoneVGCBrutalandathebozz    
|uhtml|bestof|Game 3 of a best-of-3
|t:|1754915827
|gametype|doubles
|player|p1|u'FemminoneVGC|interviewers|1181
|player|p2|Brutalandathebozz|1|1253
|gen|9
|tier|[Gen 9] VGC 2025 Reg H (Bo3)
|rated|
|rule|Species Clause: Limit one of each Pokémon
|rule|Item Clause: Limit 1 of each item
|clearpoke
|poke|p1|Porygon2, L50|
|poke|p1|Gholdengo, L50|
|poke|p1|Sneasler, L50, M|
|poke|p1|Incineroar, L50, M|
|poke|p1|Dragonite, L50, F|
|poke|p1|Ursaluna, L50, F|
|poke|p2|Sneasler, L50, M|
|poke|p2|Pelipper, L50, F|
|poke|p2|Archaludon, L50, M|
|poke|p2|Salamence, L50, F|
|poke|p2|Basculegion, L50, M|
|poke|p2|Amoonguss, L50, F|
|teampreview|4
|showteam|p1|Porygon2||Eviolite|Download|TeraBlast,TrickRoom,Recover,IceBeam||||||50|,,,,,Fighting]Gholdengo||LifeOrb|GoodasGold|MakeItRain,ShadowBall,NastyPlot,Protect||||||50|,,,,,Water]Sneasler||FocusSash|Unburden|Coaching,CloseCombat,DireClaw,Protect|||M|||50|,,,,,Ghost]Incineroar||AssaultVest|Intimidate|FakeOut,KnockOff,Uturn,FlareBlitz|||M|||50|,,,,,Grass]Dragonite||LoadedDice|Multiscale|ScaleShot,ExtremeSpeed,Tailwind,Protect|||F|||50|,,,,,Fairy]Ursaluna||FlameOrb|Guts|Facade,Earthquake,HeadlongRush,Protect|||F|||50|,,,,,Ghost
|showteam|p2|Sneasler||FocusSash|PoisonTouch|DireClaw,CloseCombat,Protect,FakeOut|||M|||50|,,,,,Dark]Pelipper||CovertCloak|Drizzle|Hurricane,Tailwind,WeatherBall,Protect|||F|||50|,,,,,Grass]Archaludon||AssaultVest|Stamina|BodyPress,ElectroShot,FlashCannon,DracoMeteor|||M|||50|,,,,,Fairy]Salamence||ChoiceSpecs|Intimidate|Hurricane,DracoMeteor,HydroPump,DragonPulse|||F|||50|,,,,,Water]Basculegion||ChoiceBand|SwiftSwim|WaveCrash,FlipTurn,AquaJet,LastRespects|||M|||50|,,,,,Grass]Amoonguss||RockyHelmet|Regenerator|PollenPuff,ClearSmog,RagePowder,Spore|||F|||50|,,,,,Fairy
|inactive|Battle timer is ON: inactive players will automatically lose when time's up. (requested by u'FemminoneVGC)
|
|t:|1754915888
|teamsize|p1|4
|teamsize|p2|4
|start
|switch|p1a: Sneasler|Sneasler, L50, M|100/100
|switch|p1b: Dragonite|Dragonite, L50, F|100/100
|switch|p2a: Archaludon|Archaludon, L50, M|100/100
|switch|p2b: Pelipper|Pelipper, L50, F|100/100
|-weather|RainDance|[from] ability: Drizzle|[of] p2b: Pelipper
|turn|1
|
|t:|1754915907
|switch|p2a: Salamence|Salamence, L50, F|100/100
|-ability|p2a: Salamence|Intimidate|boost
|-unboost|p1a: Sneasler|atk|1
|-unboost|p1b: Dragonite|atk|1
|move|p1b: Dragonite|Protect|p1b: Dragonite
|-singleturn|p1b: Dragonite|Protect
|move|p1a: Sneasler|Coaching|p1b: Dragonite
|-boost|p1b: Dragonite|atk|1
|-boost|p1b: Dragonite|def|1
|move|p2b: Pelipper|Tailwind|p2b: Pelipper
|-sidestart|p2: Brutalandathebozz|move: Tailwind
|
|-weather|RainDance|[upkeep]
|upkeep
|turn|2
|inactive|u'FemminoneVGC has 30 seconds left.
|inactive|u'FemminoneVGC has 20 seconds left.
|inactive|u'FemminoneVGC has 15 seconds left.
|inactive|u'FemminoneVGC has 10 seconds left.
|
|t:|1754915953
|switch|p2a: Archaludon|Archaludon, L50, M|100/100
|move|p2b: Pelipper|Hurricane|p1b: Dragonite
|-damage|p1b: Dragonite|81/100
|-start|p1b: Dragonite|confusion
|move|p1a: Sneasler|Dire Claw|p2a: Archaludon
|-immune|p2a: Archaludon
|-activate|p1b: Dragonite|confusion
|move|p1b: Dragonite|Scale Shot|p2a: Archaludon
|-damage|p2a: Archaludon|91/100
|-ability|p2a: Archaludon|Stamina|boost
|-boost|p2a: Archaludon|def|1
|-damage|p2a: Archaludon|83/100
|-ability|p2a: Archaludon|Stamina|boost
|-boost|p2a: Archaludon|def|1
|-damage|p2a: Archaludon|79/100
|-ability|p2a: Archaludon|Stamina|boost
|-boost|p2a: Archaludon|def|1
|-damage|p2a: Archaludon|74/100
|-ability|p2a: Archaludon|Stamina|boost
|-boost|p2a: Archaludon|def|1
|-hitcount|p2a: Archaludon|4
|-unboost|p1b: Dragonite|def|1
|-boost|p1b: Dragonite|spe|1
|
|-weather|RainDance|[upkeep]
|upkeep
|turn|3
|inactive|Brutalandathebozz has 30 seconds left.
|
|t:|1754915987
|switch|p2b: Salamence|Salamence, L50, F|100/100
|-ability|p2b: Salamence|Intimidate|boost
|-unboost|p1a: Sneasler|atk|1
|-unboost|p1b: Dragonite|atk|1
|switch|p1a: Incineroar|Incineroar, L50, M|100/100
|-ability|p1a: Incineroar|Intimidate|boost
|-unboost|p2a: Archaludon|atk|1
|-unboost|p2b: Salamence|atk|1
|-activate|p1b: Dragonite|confusion
|move|p1b: Dragonite|Protect|p1b: Dragonite
|-singleturn|p1b: Dragonite|Protect
|move|p2a: Archaludon|Electro Shot||[still]
|-prepare|p2a: Archaludon|Electro Shot
|-boost|p2a: Archaludon|spa|1
|-anim|p2a: Archaludon|Electro Shot|p1b: Dragonite
|-activate|p1b: Dragonite|move: Protect
|
|-weather|RainDance|[upkeep]
|upkeep
|turn|4
|
|t:|1754916004
|-terastallize|p2b: Salamence|Water
|move|p1a: Incineroar|Fake Out|p2a: Archaludon
|-resisted|p2a: Archaludon
|-damage|p2a: Archaludon|73/100
|-ability|p2a: Archaludon|Stamina|boost
|-boost|p2a: Archaludon|def|1
|move|p2b: Salamence|Hydro Pump|p1a: Incineroar
|-supereffective|p1a: Incineroar
|-damage|p1a: Incineroar|0 fnt
|faint|p1a: Incineroar
|cant|p2a: Archaludon|flinch
|-activate|p1b: Dragonite|confusion
|move|p1b: Dragonite|Scale Shot|p2b: Salamence
|-damage|p2b: Salamence|86/100
|-damage|p2b: Salamence|74/100
|-damage|p2b: Salamence|61/100
|-damage|p2b: Salamence|48/100
|-hitcount|p2b: Salamence|4
|-unboost|p1b: Dragonite|def|1
|-boost|p1b: Dragonite|spe|1
|
|-weather|RainDance|[upkeep]
|-sideend|p2: Brutalandathebozz|move: Tailwind
|upkeep
|
|t:|1754916028
|switch|p1a: Gholdengo|Gholdengo, L50|100/100
|turn|5
|
|t:|1754916045
|-end|p1b: Dragonite|confusion
|move|p1b: Dragonite|Protect|p1b: Dragonite
|-singleturn|p1b: Dragonite|Protect
|move|p2b: Salamence|Hydro Pump|p1a: Gholdengo
|-damage|p1a: Gholdengo|0 fnt
|faint|p1a: Gholdengo
|move|p2a: Archaludon|Draco Meteor|p1b: Dragonite
|-activate|p1b: Dragonite|move: Protect
|
|-weather|none
|upkeep
|
|t:|1754916052
|switch|p1a: Sneasler|Sneasler, L50, M|100/100
|turn|6
|inactive|u'FemminoneVGC has 30 seconds left.
|inactive|Brutalandathebozz has 30 seconds left.
|
|t:|1754916080
|switch|p2b: Pelipper|Pelipper, L50, F|100/100
|-weather|RainDance|[from] ability: Drizzle|[of] p2b: Pelipper
|move|p1b: Dragonite|Scale Shot|p2b: Pelipper
|-damage|p2b: Pelipper|89/100
|-damage|p2b: Pelipper|78/100
|-damage|p2b: Pelipper|66/100
|-damage|p2b: Pelipper|55/100
|-damage|p2b: Pelipper|44/100
|-hitcount|p2b: Pelipper|5
|-unboost|p1b: Dragonite|def|1
|-boost|p1b: Dragonite|spe|1
|move|p1a: Sneasler|Close Combat|p2a: Archaludon
|-supereffective|p2a: Archaludon
|-damage|p2a: Archaludon|45/100
|-unboost|p1a: Sneasler|def|1
|-unboost|p1a: Sneasler|spd|1
|-ability|p2a: Archaludon|Stamina|boost
|-boost|p2a: Archaludon|def|1
|move|p2a: Archaludon|Electro Shot||[still]
|-prepare|p2a: Archaludon|Electro Shot
|-boost|p2a: Archaludon|spa|1
|-anim|p2a: Archaludon|Electro Shot|p1b: Dragonite
|-damage|p1b: Dragonite|3/100
|
|-weather|RainDance|[upkeep]
|upkeep
|turn|7
|inactive|u'FemminoneVGC has 30 seconds left.
|inactive|Brutalandathebozz has 30 seconds left.
|
|t:|1754916110
|switch|p2b: Salamence|Salamence, L50, F, tera:Water|48/100
|-ability|p2b: Salamence|Intimidate|boost
|-unboost|p1a: Sneasler|atk|1
|-unboost|p1b: Dragonite|atk|1
|move|p1b: Dragonite|Scale Shot|p2b: Salamence
|-damage|p2b: Salamence|39/100
|-damage|p2b: Salamence|27/100
|-damage|p2b: Salamence|18/100
|-damage|p2b: Salamence|8/100
|-hitcount|p2b: Salamence|4
|-unboost|p1b: Dragonite|def|1
|-boost|p1b: Dragonite|spe|1
|move|p1a: Sneasler|Close Combat|p2a: Archaludon
|-supereffective|p2a: Archaludon
|-damage|p2a: Archaludon|32/100
|-unboost|p1a: Sneasler|def|1
|-unboost|p1a: Sneasler|spd|1
|move|p2a: Archaludon|Electro Shot||[still]
|-prepare|p2a: Archaludon|Electro Shot
|-boost|p2a: Archaludon|spa|1
|-anim|p2a: Archaludon|Electro Shot|p1b: Dragonite
|-damage|p1b: Dragonite|0 fnt
|faint|p1b: Dragonite
|
|-weather|RainDance|[upkeep]
|upkeep
|turn|8
|
|t:|1754916128
|move|p1a: Sneasler|Close Combat|p2a: Archaludon
|-supereffective|p2a: Archaludon
|-damage|p2a: Archaludon|19/100
|-unboost|p1a: Sneasler|def|1
|-unboost|p1a: Sneasler|spd|1
|move|p2b: Salamence|Hurricane|p1a: Sneasler
|-supereffective|p1a: Sneasler
|-enditem|p1a: Sneasler|Focus Sash
|-damage|p1a: Sneasler|1/100
|-start|p1a: Sneasler|confusion
|move|p2a: Archaludon|Electro Shot||[still]
|-prepare|p2a: Archaludon|Electro Shot
|-boost|p2a: Archaludon|spa|1
|-anim|p2a: Archaludon|Electro Shot|p1a: Sneasler
|-damage|p1a: Sneasler|0 fnt
|faint|p1a: Sneasler
|
|win|Brutalandathebozz
|raw|u'FemminoneVGC's rating: 1181 → 1161(-20 for losing)
|raw|Brutalandathebozz's rating: 1253 → 1273(+20 for winning)
|l|☆u'FemminoneVGC
|player|p1|
