|j|‽conngudit
|j|☆ObboloVGC
|html|connguditObboloVGC    
|uhtml|bestof|Game 2 of a best-of-3
|t:|1783360514
|gametype|doubles
|player|p1|conngudit|lucas|1016
|player|p2|ObboloVGC|ghetsis-gen5bw|1060
|gen|9
|tier|[Gen 9 Champions] VGC 2026 Reg M-B (Bo3)
|rated|
|rule|Species Clause: Limit one of each Pokémon
|rule|Item Clause: Limit 1 of each item
|clearpoke
|poke|p1|Delphox, L50, F, shiny|
|poke|p1|Gengar, L50, M, shiny|
|poke|p1|Aegislash, L50, M, shiny|
|poke|p1|Palafin, L50, M|
|poke|p1|Ceruledge, L50, F|
|poke|p1|Whimsicott, L50, F, shiny|
|poke|p2|Floette-Eternal, L50, F|
|poke|p2|Charizard, L50, M, shiny|
|poke|p2|Whimsicott, L50, F, shiny|
|poke|p2|Garchomp, L50, F|
|poke|p2|Kingambit, L50, M|
|poke|p2|Basculegion, L50, M|
|teampreview|4
|showteam|p1|Delphox||Delphoxite|Magician|DazzlingGleam,CalmMind,HeatWave,ShadowBall|Modest||F|||50|]Gengar||Gengarite|CursedBody|DestinyBond,ShadowBall,SludgeBomb,GigaDrain|Modest||M|||50|]Aegislash||Leftovers|StanceChange|FlashCannon,KingsShield,ShadowBall,WideGuard|Adamant||M|||50|]Palafin||ChoiceScarf|ZerotoHero|FlipTurn,WaveCrash,JetPunch,DrainPunch|Adamant||M|||50|]Ceruledge||LifeOrb|WeakArmor|BitterBlade,CloseCombat,Protect,ShadowSneak|Jolly||F|||50|]Whimsicott||FocusSash|Prankster|DazzlingGleam,Protect,HelpingHand,Tailwind|Timid||F|||50|
|showteam|p2|Floette-Eternal||Floettite|FlowerVeil|DrainingKiss,LightofRuin,DazzlingGleam,Protect|Modest||F|||50|]Charizard||CharizarditeY|Blaze|HeatWave,SolarBeam,WeatherBall,Protect|Modest||M|||50|]Whimsicott||FocusSash|Prankster|Moonblast,Tailwind,Encore,Protect|Timid||F|||50|]Garchomp||LifeOrb|RoughSkin|Earthquake,RockSlide,DragonClaw,Protect|Jolly||F|||50|]Kingambit||BlackGlasses|Defiant|SuckerPunch,KowtowCleave,Protect,IronHead|Brave||M|||50|]Basculegion||ChoiceScarf|Adaptability|WaveCrash,AquaJet,LastRespects,FlipTurn|Jolly||M|||50|
|
|t:|1783360547
|teamsize|p1|4
|teamsize|p2|4
|start
|switch|p1a: Delphox|Delphox, L50, F, shiny|100/100
|switch|p1b: Palafin|Palafin, L50, M|100/100
|switch|p2a: Basculegion|Basculegion, L50, M|100/100
|switch|p2b: Whimsicott|Whimsicott, L50, F, shiny|100/100
|turn|1
|
|t:|1783360565
|detailschange|p1a: Delphox|Delphox-Mega, L50, F, shiny
|-mega|p1a: Delphox|Delphox|Delphoxite
|move|p2b: Whimsicott|Tailwind|p2b: Whimsicott
|-sidestart|p2: ObboloVGC|move: Tailwind
|move|p2a: Basculegion|Wave Crash|p1a: Delphox
|-supereffective|p1a: Delphox|1
|-damage|p1a: Delphox|0 fnt
|faint|p1a: Delphox
|-damage|p2a: Basculegion|74/100|[from] Recoil
|move|p1b: Palafin|Flip Turn|p2a: Basculegion
|-resisted|p2a: Basculegion|1
|-damage|p2a: Basculegion|60/100
|
|t:|1783360578
|detailschange|p1b: Palafin|Palafin-Hero, L50, M
|switch|p1b: Ceruledge|Ceruledge, L50, F|100/100|[from] Flip Turn
|
|upkeep
|
|t:|1783360582
|switch|p1a: Whimsicott|Whimsicott, L50, F, shiny|100/100
|turn|2
|
|t:|1783360589
|move|p1a: Whimsicott|Tailwind|p1a: Whimsicott
|-sidestart|p1: conngudit|move: Tailwind
|move|p1b: Ceruledge|Shadow Sneak|p2a: Basculegion
|-supereffective|p2a: Basculegion|1
|-damage|p2a: Basculegion|0 fnt
|faint|p2a: Basculegion
|-damage|p1b: Ceruledge|90/100|[from] item: Life Orb
|move|p2b: Whimsicott|Moonblast|p1a: Whimsicott
|-damage|p1a: Whimsicott|42/100
|
|upkeep
|
|t:|1783360604
|switch|p2a: Charizard|Charizard, L50, M, shiny|100/100
|turn|3
|
|t:|1783360619
|detailschange|p2a: Charizard|Charizard-Mega-Y, L50, M, shiny
|-mega|p2a: Charizard|Charizard|Charizardite Y
|-weather|SunnyDay|[from] ability: Drought|[of] p2a: Charizard
|move|p1a: Whimsicott|Protect|p1a: Whimsicott
|-singleturn|p1a: Whimsicott|Protect
|move|p2b: Whimsicott|Encore|p1b: Ceruledge
|-start|p1b: Ceruledge|Encore
|move|p1b: Ceruledge|Shadow Sneak|p2a: Charizard
|-damage|p2a: Charizard|75/100
|-damage|p1b: Ceruledge|80/100|[from] item: Life Orb
|move|p2a: Charizard|Heat Wave|p1b: Ceruledge|[spread] p1b
|-activate|p1a: Whimsicott|move: Protect
|-resisted|p1b: Ceruledge|1
|-damage|p1b: Ceruledge|40/100
|
|-weather|SunnyDay|[upkeep]
|upkeep
|turn|4
|
|t:|1783360641
|move|p1a: Whimsicott|Helping Hand|p1b: Ceruledge
|-singleturn|p1b: Ceruledge|Helping Hand|[of] p1a: Whimsicott
|move|p2b: Whimsicott|Encore|p1a: Whimsicott
|-start|p1a: Whimsicott|Encore
|move|p1b: Ceruledge|Shadow Sneak|p2a: Charizard
|-damage|p2a: Charizard|32/100
|-damage|p1b: Ceruledge|30/100|[from] item: Life Orb
|move|p2a: Charizard|Heat Wave|p1a: Whimsicott|[spread] p1a,p1b
|-supereffective|p1a: Whimsicott|1
|-resisted|p1b: Ceruledge|1
|-damage|p1a: Whimsicott|0 fnt
|-damage|p1b: Ceruledge|0 fnt
|faint|p1a: Whimsicott
|faint|p1b: Ceruledge
|
|-weather|SunnyDay|[upkeep]
|-sideend|p2: ObboloVGC|move: Tailwind
|upkeep
|
|t:|1783360657
|switch|p1a: Palafin|Palafin-Hero, L50, M|100/100
|-activate|p1a: Palafin|ability: Zero to Hero
|turn|5
|
|t:|1783360666
|move|p1a: Palafin|Jet Punch|p2a: Charizard
|-supereffective|p2a: Charizard|1
|-damage|p2a: Charizard|0 fnt
|faint|p2a: Charizard
|move|p2b: Whimsicott|Moonblast|p1a: Palafin
|-damage|p1a: Palafin|58/100
|
|-weather|SunnyDay|[upkeep]
|-sideend|p1: conngudit|move: Tailwind
|upkeep
|
|t:|1783360673
|switch|p2a: Garchomp|Garchomp, L50, F|100/100
|turn|6
|
|t:|1783360679
|move|p1a: Palafin|Jet Punch|p2a: Garchomp
|-damage|p2a: Garchomp|79/100
|-damage|p1a: Palafin|46/100|[from] ability: Rough Skin|[of] p2a: Garchomp
|move|p2b: Whimsicott|Moonblast|p1a: Palafin
|-crit|p1a: Palafin
|-damage|p1a: Palafin|0 fnt
|faint|p1a: Palafin
|
|win|ObboloVGC
||ObboloVGC is ready for game 3.
|inactive|conngudit has 30 seconds to confirm battle start!
||conngudit is ready for game 3.
|uhtml|next|Next: Game 3 of 3
|l|‽conngudit
|player|p1|
