|j|☆SoupForSale
|j|☆indianpro#128
|html|SoupForSaleindianpro#128    
|uhtml|bestof|Game 1 of a best-of-3
|t:|1782296146
|gametype|doubles
|player|p1|SoupForSale|gambler|
|player|p2|indianpro#128|lucas|
|gen|9
|tier|[Gen 9 Champions] VGC 2026 Reg M-B (Bo3)
|rule|Species Clause: Limit one of each Pokémon
|rule|Item Clause: Limit 1 of each item
|clearpoke
|poke|p1|Venusaur, L50, M|
|poke|p1|Torkoal, L50, F|
|poke|p1|Farigiraf, L50, M|
|poke|p1|Scrafty, L50, M|
|poke|p1|Aerodactyl, L50, M|
|poke|p1|Staraptor, L50, M|
|poke|p2|Sinistcha-Masterpiece, L50|
|poke|p2|Incineroar, L50, F|
|poke|p2|Tyranitar, L50, F|
|poke|p2|Mawile, L50, F|
|poke|p2|Farigiraf, L50, M|
|poke|p2|Gallade, L50, M|
|teampreview|4
|showteam|p1|Venusaur||LifeOrb|Chlorophyll|EnergyBall,SludgeBomb,EarthPower,Protect|Modest||M|||50|]Torkoal||HeatRock|Drought|Eruption,WeatherBall,HelpingHand,Protect|Quiet||F|||50|]Farigiraf||ColburBerry|ArmorTail|Psychic,Thunderbolt,TrickRoom,Protect|Quiet||M|||50|]Scrafty||Scraftinite|Intimidate|FakeOut,KnockOff,DrainPunch,IcePunch|Adamant||M|||50|]Aerodactyl||Aerodactylite|RockHead|RockSlide,Tailwind,WideGuard,DualWingbeat|Jolly||M|||50|]Staraptor||ChoiceScarf|Intimidate|FinalGambit,CloseCombat,DualWingbeat,Uturn|Jolly||M|||50|
|showteam|p2|Sinistcha-Masterpiece||MentalHerb|Hospitality|EnergyBall,RagePowder,LifeDew,TrickRoom|Relaxed|||||50|]Incineroar||PasshoBerry|Intimidate|ThroatChop,FlareBlitz,FakeOut,PartingShot|Careful||F|||50|]Tyranitar||Tyranitarite|SandStream|RockSlide,KnockOff,HighHorsepower,Protect|Brave||F|||50|]Mawile||Mawilite|Intimidate|IronHead,PlayRough,SuckerPunch,BrickBreak|Brave||F|||50|]Farigiraf||SitrusBerry|ArmorTail|TrickRoom,Protect,FoulPlay,GuardSwap|Bold||M|||50|]Gallade||FocusSash|Sharpness|PsychoCut,SacredSword,NightSlash,PoisonJab|Adamant||M|||50|
|l|☆SoupForSale
|player|p1|
|j|☆SoupForSale
|player|p1|SoupForSale|gambler|
|j| lumiere215
|c|☆SoupForSale|GLHF!
|
|t:|1782296219
|teamsize|p1|4
|teamsize|p2|4
|start
|switch|p1a: Pilot|Staraptor, L50, M|100/100
|switch|p1b: Two-Hands|Scrafty, L50, M|100/100
|switch|p2a: Farigiraf|Farigiraf, L50, M|100/100
|switch|p2b: Gallade|Gallade, L50, M|100/100
|-ability|p1a: Pilot|Intimidate|boost
|-unboost|p2a: Farigiraf|atk|1
|-unboost|p2b: Gallade|atk|1
|-ability|p1b: Two-Hands|Intimidate|boost
|-unboost|p2a: Farigiraf|atk|1
|-unboost|p2b: Gallade|atk|1
|turn|1
|
|t:|1782296249
|move|p1a: Pilot|U-turn|p2a: Farigiraf
|-supereffective|p2a: Farigiraf|1
|-damage|p2a: Farigiraf|69/100
|
|t:|1782296255
|switch|p1a: Atom|Torkoal, L50, F|100/100|[from] U-turn
|-weather|SunnyDay|[from] ability: Drought|[of] p1a: Atom
|move|p2b: Gallade|Sacred Sword|p1b: Two-Hands
|-supereffective|p1b: Two-Hands|1
|-damage|p1b: Two-Hands|30/100
|move|p1b: Two-Hands|Knock Off|p2a: Farigiraf
|-supereffective|p2a: Farigiraf|1
|-damage|p2a: Farigiraf|1/100
|-enditem|p2a: Farigiraf|Sitrus Berry|[from] move: Knock Off|[of] p1b: Two-Hands
|move|p2a: Farigiraf|Trick Room|p2a: Farigiraf
|-fieldstart|move: Trick Room|[of] p2a: Farigiraf
|
|-weather|SunnyDay|[upkeep]
|upkeep
|turn|2
|
|t:|1782296287
|switch|p2a: Tyranitar|Tyranitar, L50, F|100/100
|-weather|Sandstorm|[from] ability: Sand Stream|[of] p2a: Tyranitar
|move|p1a: Atom|Eruption|p2b: Gallade|[spread] p2a,p2b
|-resisted|p2a: Tyranitar|1
|-damage|p2a: Tyranitar|85/100
|-damage|p2b: Gallade|44/100
|move|p1b: Two-Hands|Drain Punch|p2b: Gallade
|-resisted|p2b: Gallade|1
|-damage|p2b: Gallade|14/100
|-heal|p1b: Two-Hands|43/100|[from] drain|[of] p2b: Gallade
|move|p2b: Gallade|Sacred Sword|p1b: Two-Hands
|-supereffective|p1b: Two-Hands|1
|-damage|p1b: Two-Hands|0 fnt
|faint|p1b: Two-Hands
|
|-weather|Sandstorm|[upkeep]
|-damage|p1a: Atom|93/100|[from] Sandstorm
|-damage|p2b: Gallade|8/100|[from] Sandstorm
|upkeep
|
|t:|1782296305
|switch|p1b: Pilot|Staraptor, L50, M|100/100
|-ability|p1b: Pilot|Intimidate|boost
|-unboost|p2a: Tyranitar|atk|1
|-unboost|p2b: Gallade|atk|1
|turn|3
|
|t:|1782296337
|detailschange|p2a: Tyranitar|Tyranitar-Mega, L50, F
|-mega|p2a: Tyranitar|Tyranitar|Tyranitarite
|move|p1a: Atom|Eruption|p2a: Tyranitar|[spread] p2a,p2b
|-resisted|p2a: Tyranitar|1
|-damage|p2a: Tyranitar|73/100
|-damage|p2b: Gallade|0 fnt
|faint|p2b: Gallade
|move|p2a: Tyranitar|Rock Slide|p1a: Atom|[spread] p1a,p1b
|-supereffective|p1a: Atom|1
|-supereffective|p1b: Pilot|1
|-damage|p1a: Atom|55/100
|-damage|p1b: Pilot|42/100
|move|p1b: Pilot|Close Combat|p2a: Tyranitar
|-supereffective|p2a: Tyranitar|2
|-damage|p2a: Tyranitar|0 fnt
|-unboost|p1b: Pilot|def|1
|-unboost|p1b: Pilot|spd|1
|faint|p2a: Tyranitar
|
|-weather|Sandstorm|[upkeep]
|-damage|p1a: Atom|49/100|[from] Sandstorm
|-damage|p1b: Pilot|36/100|[from] Sandstorm
|upkeep
|
|t:|1782296358
|switch|p2a: Mawile|Mawile, L50, F|100/100
|switch|p2b: Farigiraf|Farigiraf, L50, M|1/100
|-ability|p2a: Mawile|Intimidate|boost
|-unboost|p1a: Atom|atk|1
|-unboost|p1b: Pilot|atk|1
|turn|4
|
|t:|1782296377
|switch|p1b: Buxosbufo|Venusaur, L50, M|100/100
|move|p1a: Atom|Eruption|p2b: Farigiraf|[spread] p2a,p2b
|-supereffective|p2a: Mawile|1
|-damage|p2a: Mawile|10/100
|-damage|p2b: Farigiraf|0 fnt
|faint|p2b: Farigiraf
|move|p2a: Mawile|Play Rough|p1a: Atom
|-resisted|p1a: Atom|1
|-damage|p1a: Atom|34/100
|
|-weather|Sandstorm|[upkeep]
|-damage|p1a: Atom|28/100|[from] Sandstorm
|-damage|p1b: Buxosbufo|94/100|[from] Sandstorm
|upkeep
|turn|5
|
|t:|1782296394
|move|p2a: Mawile|Sucker Punch|p1a: Atom
|-damage|p1a: Atom|12/100
|move|p1a: Atom|Eruption|p2a: Mawile
|-supereffective|p2a: Mawile|1
|-damage|p2a: Mawile|0 fnt
|faint|p2a: Mawile
|
|win|SoupForSale
|c|☆SoupForSale|GR
|inactive|SoupForSale has 30 seconds to confirm battle start!
|inactive|indianpro#128 has 30 seconds to confirm battle start!
||SoupForSale is ready for game 2.
||indianpro#128 is ready for game 2.
|uhtml|next|Next: Game 2 of 3
|j| pabloPlegendarys
|l| lumiere215
|l|☆SoupForSale
|player|p1|
|j|☆SoupForSale
|player|p1|SoupForSale|gambler|
