|j|☆2BStellar
|j|☆rustychair13
|html|2BStellarrustychair13    
|uhtml|bestof|Game 1 of a best-of-3
|t:|1785884191
|gametype|doubles
|player|p1|2BStellar|hilbert-wonderlauncher|1163
|player|p2|rustychair13|169|1189
|gen|9
|tier|[Gen 9 Champions] VGC 2026 Reg M-B (Bo3)
|rated|
|rule|Species Clause: Limit one of each Pokémon
|rule|Item Clause: Limit 1 of each item
|clearpoke
|poke|p1|Sylveon, L50, F, shiny|
|poke|p1|Garchomp, L50, M|
|poke|p1|Kingambit, L50, M, shiny|
|poke|p1|Charizard, L50, M, shiny|
|poke|p1|Aerodactyl, L50, M, shiny|
|poke|p1|Farigiraf, L50, F, shiny|
|poke|p2|Glimmora, L50, F, shiny|
|poke|p2|Whimsicott, L50, M|
|poke|p2|Gholdengo, L50|
|poke|p2|Raichu, L50, F|
|poke|p2|Scovillain, L50, F|
|poke|p2|Pelipper, L50, M|
|teampreview|4
|showteam|p1|Sylveon||FairyFeather|Pixilate|Detect,HyperVoice,QuickAttack,HyperBeam|Modest||F|||50|]Garchomp||ChoiceScarf|RoughSkin|StompingTantrum,Earthquake,DragonClaw,StoneEdge|Adamant||M|||50|]Kingambit||LifeOrb|Defiant|SuckerPunch,KowtowCleave,IronHead,BrickBreak|Adamant||M|||50|]Charizard||CharizarditeY|Blaze|Protect,HeatWave,SolarBeam,WeatherBall|Modest||M|||50|]Aerodactyl||Aerodactylite|RockHead|Tailwind,RockSlide,WideGuard,DualWingbeat|Jolly||M|||50|]Farigiraf||SitrusBerry|ArmorTail|Protect,Thunderbolt,TwinBeam,TrickRoom|Bold||F|||50|
|showteam|p2|Glimmora||FocusSash|ToxicDebris|SludgeBomb,PowerGem,EarthPower,SpikyShield|Modest||F|||50|]Whimsicott||FairyFeather|Prankster|Moonblast,Tailwind,Encore,Protect|Modest||M|||50|]Gholdengo||Leftovers|GoodasGold|MakeItRain,Hex,NastyPlot,Protect|Modest|||||50|]Raichu||RaichuniteY|LightningRod|ZapCannon,FocusBlast,FakeOut,Protect|Timid||F|||50|]Scovillain||Scovillainite|Moody|Flamethrower,LeechSeed,RagePowder,Protect|Calm||F|||50|]Pelipper||LifeOrb|Drizzle|WeatherBall,Hurricane,WideGuard,Protect|Modest||M|||50|
|inactive|Battle timer is ON: inactive players will automatically lose when time's up. (requested by rustychair13)
|inactive|2BStellar has 60 seconds left.
|inactive|2BStellar has 30 seconds left.
|
|t:|1785884295
|teamsize|p1|4
|teamsize|p2|4
|start
|switch|p1a: piano|Garchomp, L50, M|100/100
|switch|p1b: AAAAAA|Aerodactyl, L50, M, shiny|100/100
|switch|p2a: Scovillain|Scovillain, L50, F|100/100
|switch|p2b: Glimmora|Glimmora, L50, F, shiny|100/100
|turn|1
|inactive|2BStellar has 30 seconds left.
|inactive|2BStellar has 20 seconds left.
|inactive|2BStellar has 15 seconds left.
|
|t:|1785884336
|move|p2b: Glimmora|Spiky Shield|p2b: Glimmora
|-singleturn|p2b: Glimmora|move: Protect
|move|p2a: Scovillain|Protect|p2a: Scovillain
|-singleturn|p2a: Scovillain|Protect
|move|p1a: piano|Earthquake|p2b: Glimmora|[spread] 
|-activate|p2a: Scovillain|move: Protect
|-activate|p2b: Glimmora|move: Protect
|-immune|p1b: AAAAAA
|move|p1b: AAAAAA|Tailwind|p1b: AAAAAA
|-sidestart|p1: 2BStellar|move: Tailwind
|
|-ability|p2a: Scovillain|Moody|boost
|-boost|p2a: Scovillain|def|2
|-unboost|p2a: Scovillain|spd|1
|upkeep
|turn|2
|inactive|2BStellar has 30 seconds left.
|inactive|rustychair13 has 30 seconds left.
|
|t:|1785884362
|switch|p2b: Whimsicott|Whimsicott, L50, M|100/100
|detailschange|p2a: Scovillain|Scovillain-Mega, L50, F
|-mega|p2a: Scovillain|Scovillain|Scovillainite
|move|p1a: piano|Earthquake|p2a: Scovillain|[spread] p2a,p2b
|-immune|p1b: AAAAAA
|-resisted|p2b: Whimsicott|1
|-damage|p2a: Scovillain|77/100
|-damage|p2b: Whimsicott|70/100
|-status|p1a: piano|brn|[from] ability: Spicy Spray|[of] p2a: Scovillain
|move|p1b: AAAAAA|Dual Wingbeat|p2a: Scovillain|[miss]
|-miss|p1b: AAAAAA|p2a: Scovillain
|move|p2a: Scovillain|Leech Seed|p1a: piano
|-start|p1a: piano|move: Leech Seed
|
|-damage|p1a: piano|87/100 brn|[from] Leech Seed|[of] p2a: Scovillain
|-heal|p2a: Scovillain|90/100|[silent]
|-damage|p1a: piano|82/100 brn|[from] brn
|upkeep
|turn|3
|inactive|2BStellar has 30 seconds left.
|inactive|rustychair13 has 30 seconds left.
|
|t:|1785884396
|switch|p1a: zzzzzz|Charizard, L50, M, shiny|100/100
|move|p2b: Whimsicott|Protect|p2b: Whimsicott
|-singleturn|p2b: Whimsicott|Protect
|move|p1b: AAAAAA|Dual Wingbeat|p2b: Whimsicott
|-activate|p2b: Whimsicott|move: Protect
|move|p2a: Scovillain|Leech Seed|p1a: zzzzzz
|-start|p1a: zzzzzz|move: Leech Seed
|
|-damage|p1a: zzzzzz|87/100|[from] Leech Seed|[of] p2a: Scovillain
|-heal|p2a: Scovillain|100/100|[silent]
|upkeep
|turn|4
|inactive|2BStellar has 30 seconds left.
|inactive|rustychair13 has 30 seconds left.
|
|t:|1785884428
|detailschange|p1a: zzzzzz|Charizard-Mega-Y, L50, M, shiny
|-mega|p1a: zzzzzz|Charizard|Charizardite Y
|-weather|SunnyDay|[from] ability: Drought|[of] p1a: zzzzzz
|move|p2a: Scovillain|Protect|p2a: Scovillain
|-singleturn|p2a: Scovillain|Protect
|move|p2b: Whimsicott|Tailwind|p2b: Whimsicott
|-sidestart|p2: rustychair13|move: Tailwind
|move|p1b: AAAAAA|Dual Wingbeat|p2a: Scovillain
|-activate|p2a: Scovillain|move: Protect
|move|p1a: zzzzzz|Heat Wave|p2b: Whimsicott|[spread] p2b
|-activate|p2a: Scovillain|move: Protect
|-supereffective|p2b: Whimsicott|1
|-damage|p2b: Whimsicott|0 fnt
|faint|p2b: Whimsicott
|
|-weather|SunnyDay|[upkeep]
|-damage|p1a: zzzzzz|75/100|[from] Leech Seed|[of] p2a: Scovillain
|-sideend|p1: 2BStellar|move: Tailwind
|upkeep
|
|t:|1785884451
|switch|p2b: Glimmora|Glimmora, L50, F, shiny|100/100
|turn|5
|
|t:|1785884472
|switch|p1b: piano|Garchomp, L50, M|82/100 brn
|move|p2b: Glimmora|Power Gem|p1b: piano
|-resisted|p1b: piano|1
|-damage|p1b: piano|55/100 brn
|move|p2a: Scovillain|Flamethrower|p1b: piano
|-resisted|p1b: piano|1
|-crit|p1b: piano
|-damage|p1b: piano|5/100 brn
|move|p1a: zzzzzz|Weather Ball|p2a: Scovillain
|-damage|p2a: Scovillain|0 fnt
|-immune|p1a: zzzzzz
|faint|p2a: Scovillain
|
|-weather|SunnyDay|[upkeep]
|-damage|p1b: piano|0 fnt|[from] brn
|faint|p1b: piano
|upkeep
|inactive|2BStellar has 30 seconds left.
|
|t:|1785884503
|switch|p1b: AAAAAA|Aerodactyl, L50, M, shiny|100/100
|switch|p2a: Pelipper|Pelipper, L50, M|100/100
|-weather|RainDance|[from] ability: Drizzle|[of] p2a: Pelipper
|turn|6
|
|t:|1785884527
|move|p1a: zzzzzz|Protect|p1a: zzzzzz
|-singleturn|p1a: zzzzzz|Protect
|move|p2a: Pelipper|Wide Guard|p2a: Pelipper
|-singleturn|p2a: Pelipper|Wide Guard
|move|p2b: Glimmora|Power Gem|p1a: zzzzzz
|-activate|p1a: zzzzzz|move: Protect
|move|p1b: AAAAAA|Rock Slide|p2b: Glimmora|[spread] 
|-activate|p2a: Pelipper|move: Wide Guard
|-activate|p2b: Glimmora|move: Wide Guard
|
|-weather|RainDance|[upkeep]
|-damage|p1a: zzzzzz|63/100|[from] Leech Seed|[of] p2a: Pelipper
|upkeep
|turn|7
|inactive|2BStellar has 30 seconds left.
|inactive|2BStellar has 20 seconds left.
|
|t:|1785884566
|switch|p1a: giraf|Farigiraf, L50, F, shiny|100/100
|move|p2b: Glimmora|Power Gem|p1b: AAAAAA
|-supereffective|p1b: AAAAAA|1
|-damage|p1b: AAAAAA|0 fnt
|faint|p1b: AAAAAA
|move|p2a: Pelipper|Weather Ball|p1a: giraf
|-damage|p1a: giraf|12/100
|-enditem|p1a: giraf|Sitrus Berry|[eat]
|-heal|p1a: giraf|36/100|[from] item: Sitrus Berry
|-damage|p2a: Pelipper|90/100|[from] item: Life Orb
|
|-weather|RainDance|[upkeep]
|-sideend|p2: rustychair13|move: Tailwind
|upkeep
|
|t:|1785884573
|switch|p1b: zzzzzz|Charizard-Mega-Y, L50, M, shiny|63/100
|-weather|SunnyDay|[from] ability: Drought|[of] p1b: zzzzzz
|turn|8
|inactive|2BStellar has 30 seconds left.
|
|t:|1785884602
|move|p1b: zzzzzz|Protect|p1b: zzzzzz
|-singleturn|p1b: zzzzzz|Protect
|move|p2b: Glimmora|Power Gem|p1b: zzzzzz
|-activate|p1b: zzzzzz|move: Protect
|move|p2a: Pelipper|Weather Ball|p1a: giraf
|-damage|p1a: giraf|0 fnt
|faint|p1a: giraf
|-damage|p2a: Pelipper|81/100|[from] item: Life Orb
|
|-weather|SunnyDay|[upkeep]
|upkeep
|turn|9
|
|t:|1785884617
|move|p2b: Glimmora|Power Gem|p1b: zzzzzz
|-supereffective|p1b: zzzzzz|2
|-damage|p1b: zzzzzz|0 fnt
|faint|p1b: zzzzzz
|
|win|rustychair13
||rustychair13 is ready for game 2.
||2BStellar is ready for game 2.
|uhtml|next|Next: Game 2 of 3
|l|☆rustychair13
|player|p2|
