|j|☆SheIcyMyWind
|j|☆tessa scarlet
|html|SheIcyMyWindtessa scarlet    
|uhtml|bestof|Game 1 of a best-of-3
|t:|1756239344
|gametype|doubles
|player|p1|SheIcyMyWind|n|1163
|player|p2|tessa scarlet|102|1276
|gen|9
|tier|[Gen 9] VGC 2025 Reg H (Bo3)
|rated|
|rule|Species Clause: Limit one of each Pokémon
|rule|Item Clause: Limit 1 of each item
|clearpoke
|poke|p1|Annihilape, L50, M|
|poke|p1|Ninetales-Alola, L50, M|
|poke|p1|Garchomp, L50, F|
|poke|p1|Dragonite, L50, M|
|poke|p1|Sneasler, L50, M|
|poke|p1|Incineroar, L50, F|
|poke|p2|Gholdengo, L50|
|poke|p2|Dragonite, L50, F|
|poke|p2|Volcarona, L50, M|
|poke|p2|Annihilape, L50, M|
|poke|p2|Dondozo, L50, M|
|poke|p2|Ursaluna-Bloodmoon, L50, M|
|teampreview|4
|showteam|p1|Annihilape||AssaultVest|Defiant|RageFist,DrainPunch,RockTomb,FinalGambit|||M|||50|,,,,,Fire]Ninetales-Alola||ChoiceSpecs|SnowWarning|Blizzard,Moonblast,FreezeDry,IcyWind|||M|||50|,,,,,Ghost]Garchomp||LifeOrb|RoughSkin|Earthquake,StompingTantrum,DragonClaw,Protect|||F|||50|,,,,,Steel]Dragonite||LoadedDice|Multiscale|ScaleShot,Tailwind,Protect,Haze|||M|||50|,,,,,Fairy]Sneasler||FocusSash|Unburden|CloseCombat,DireClaw,FakeOut,Coaching|||M|||50|,,,,,Ghost]Incineroar||SafetyGoggles|Intimidate|KnockOff,Taunt,FakeOut,PartingShot|||F|||50|,,,,,Fairy
|showteam|p2|Gholdengo||ChoiceScarf|GoodasGold|MakeItRain,ShadowBall,Trick,Protect||||||50|,,,,,Steel]Dragonite||LoadedDice|Multiscale|ScaleShot,ExtremeSpeed,Haze,Protect|||F|||50|,,,,,Fairy]Volcarona||CovertCloak|FlameBody|HeatWave,RagePowder,Tailwind,StruggleBug|||M|||50|,,,,,Water]Annihilape||FocusSash|Defiant|CloseCombat,RageFist,Coaching,FinalGambit|||M|||50|,,,,,Stellar]Dondozo||Leftovers|Unaware|WaveCrash,Yawn,Fissure,Protect|||M|||50|,,,,,Poison]Ursaluna-Bloodmoon||AssaultVest|MindsEye|BloodMoon,EarthPower,HyperVoice,VacuumWave|||M|||50|,,,,,Normal
|inactive|Battle timer is ON: inactive players will automatically lose when time's up. (requested by SheIcyMyWind)
|inactive|tessa scarlet has 60 seconds left.
|
|t:|1756239419
|teamsize|p1|4
|teamsize|p2|4
|start
|switch|p1a: Ninetales|Ninetales-Alola, L50, M, shiny|100/100
|switch|p1b: Dragonite|Dragonite, L50, M, shiny|100/100
|switch|p2a: Gholdengo|Gholdengo, L50|100/100
|switch|p2b: Annihilape|Annihilape, L50, M|100/100
|-weather|Snowscape|[from] ability: Snow Warning|[of] p1a: Ninetales
|turn|1
|inactive|SheIcyMyWind has 30 seconds left.
|
|t:|1756239446
|move|p2a: Gholdengo|Make It Rain|p1a: Ninetales|[spread] p1a,p1b
|-supereffective|p1a: Ninetales
|-damage|p1a: Ninetales|0 fnt
|-damage|p1b: Dragonite|71/100
|-unboost|p2a: Gholdengo|spa|1
|faint|p1a: Ninetales
|move|p2b: Annihilape|Final Gambit|p1b: Dragonite
|-damage|p1b: Dragonite|0 fnt
|faint|p2b: Annihilape
|faint|p1b: Dragonite
|
|-weather|Snowscape|[upkeep]
|upkeep
|
|t:|1756239454
|switch|p1a: Garchomp|Garchomp, L50, F|100/100
|switch|p2b: Volcarona|Volcarona, L50, M|100/100
|switch|p1b: Annihilape|Annihilape, L50, M, shiny|100/100
|turn|2
|
|t:|1756239475
|switch|p2a: Dragonite|Dragonite, L50, F|100/100
|-terastallize|p1b: Annihilape|Fire
|move|p1a: Garchomp|Dragon Claw|p2a: Dragonite
|-supereffective|p2a: Dragonite
|-damage|p2a: Dragonite|41/100
|-damage|p1a: Garchomp|91/100|[from] item: Life Orb
|move|p1b: Annihilape|Rock Tomb|p2b: Volcarona
|-supereffective|p2b: Volcarona
|-damage|p2b: Volcarona|36/100
|move|p2b: Volcarona|Tailwind|p2b: Volcarona
|-sidestart|p2: tessa scarlet|move: Tailwind
|
|-weather|Snowscape|[upkeep]
|upkeep
|turn|3
|inactive|SheIcyMyWind has 30 seconds left.
|
|t:|1756239502
|move|p1a: Garchomp|Protect|p1a: Garchomp
|-singleturn|p1a: Garchomp|Protect
|move|p2b: Volcarona|Rage Powder|p2b: Volcarona
|-singleturn|p2b: Volcarona|move: Rage Powder
|move|p2a: Dragonite|Scale Shot|p1a: Garchomp
|-activate|p1a: Garchomp|move: Protect
|move|p1b: Annihilape|Rage Fist|p2b: Volcarona
|-damage|p2b: Volcarona|14/100
|
|-weather|Snowscape|[upkeep]
|upkeep
|turn|4
|
|t:|1756239514
|move|p1a: Garchomp|Protect|p1a: Garchomp
|-singleturn|p1a: Garchomp|Protect
|move|p2b: Volcarona|Rage Powder|p2b: Volcarona
|-singleturn|p2b: Volcarona|move: Rage Powder
|move|p2a: Dragonite|Scale Shot|p1a: Garchomp
|-activate|p1a: Garchomp|move: Protect
|move|p1b: Annihilape|Rock Tomb|p2b: Volcarona
|-supereffective|p2b: Volcarona
|-damage|p2b: Volcarona|0 fnt
|faint|p2b: Volcarona
|
|-weather|Snowscape|[upkeep]
|upkeep
|
|t:|1756239518
|switch|p2b: Gholdengo|Gholdengo, L50|100/100
|turn|5
|
|t:|1756239533
|move|p2b: Gholdengo|Trick|p1b: Annihilape
|-activate|p2b: Gholdengo|move: Trick|[of] p1b: Annihilape
|-item|p1b: Annihilape|Choice Scarf|[from] move: Trick
|-item|p2b: Gholdengo|Assault Vest|[from] move: Trick
|move|p2a: Dragonite|Scale Shot|p1a: Garchomp|[miss]
|-miss|p2a: Dragonite|p1a: Garchomp
|move|p1b: Annihilape|Rage Fist|p2b: Gholdengo
|-supereffective|p2b: Gholdengo
|-damage|p2b: Gholdengo|47/100
|move|p1a: Garchomp|Stomping Tantrum|p2b: Gholdengo
|-supereffective|p2b: Gholdengo
|-damage|p2b: Gholdengo|0 fnt
|faint|p2b: Gholdengo
|-damage|p1a: Garchomp|81/100|[from] item: Life Orb
|
|-weather|none
|-sideend|p2: tessa scarlet|move: Tailwind
|upkeep
|turn|6
|-message|tessa scarlet forfeited.
|
|win|SheIcyMyWind
|l|☆tessa scarlet
|player|p2|
||tessa scarlet is ready for game 2.
|inactive|SheIcyMyWind has 30 seconds to confirm battle start!
||SheIcyMyWind is ready for game 2.
|uhtml|next|Next: Game 2 of 3
|l|☆SheIcyMyWind
|player|p1|
|j|☆SheIcyMyWind
|player|p1|SheIcyMyWind|n|
