|j|☆Gurrasnurra5
|j|☆Frakub
|html|Gurrasnurra5Frakub    
|uhtml|bestof|Game 3 of a best-of-3
|t:|1756410174
|gametype|doubles
|player|p1|Gurrasnurra5|wattson|1205
|player|p2|Frakub|acetrainer-gen4dp|1172
|gen|9
|tier|[Gen 9] VGC 2025 Reg H (Bo3)
|rated|
|rule|Species Clause: Limit one of each Pokémon
|rule|Item Clause: Limit 1 of each item
|clearpoke
|poke|p1|Kingambit, L50, F|
|poke|p1|Rillaboom, L50, M|
|poke|p1|Sneasler, L50, F|
|poke|p1|Electabuzz, L50, M|
|poke|p1|Basculegion, L50, M|
|poke|p1|Arcanine-Hisui, L50, M|
|poke|p2|Kingambit, L50, F|
|poke|p2|Rillaboom, L50, M|
|poke|p2|Ninetales-Alola, L50, M|
|poke|p2|Dragonite, L50, F|
|poke|p2|Magmar, L50, M|
|poke|p2|Sneasler, L50, F|
|teampreview|4
|showteam|p1|Kingambit||BlackGlasses|Defiant|Protect,KowtowCleave,SuckerPunch,SwordsDance|||F|||50|,,,,,Dark]Rillaboom||AssaultVest|GrassySurge|WoodHammer,FakeOut,Uturn,GrassyGlide|||M|||50|,,,,,Fire]Sneasler||FocusSash|PoisonTouch|DireClaw,CloseCombat,FakeOut,Protect|||F|||50|,,,,,Ghost]Electabuzz||Eviolite|VitalSpirit|FollowMe,Electroweb,Taunt,Protect|||M|||50|,,,,,Ghost]Basculegion||ChoiceScarf|Adaptability|WaveCrash,FlipTurn,LastRespects,TeraBlast|||M|||50|,,,,,Fighting]Arcanine-Hisui||LifeOrb|Intimidate|FlareBlitz,RockSlide,ExtremeSpeed,Protect|||M|||50|,,,,,Grass
|showteam|p2|Kingambit||BlackGlasses|Defiant|KowtowCleave,SuckerPunch,SwordsDance,Protect|||F|||50|,,,,,Dark]Rillaboom||AssaultVest|GrassySurge|WoodHammer,GrassyGlide,HighHorsepower,FakeOut|||M|||50|,,,,,Fire]Ninetales-Alola||LightClay|SnowWarning|Blizzard,FreezeDry,Protect,AuroraVeil|||M|||50|,,,,,Ghost]Dragonite||LoadedDice|Multiscale|ScaleShot,ExtremeSpeed,Haze,Protect|||F|||50|,,,,,Steel]Magmar||Eviolite|VitalSpirit|Taunt,Overheat,FollowMe,Protect|||M|||50|,,,,,Ghost]Sneasler||FocusSash|PoisonTouch|FakeOut,DireClaw,CloseCombat,Protect|||F|||50|,,,,,Ghost
|inactive|Battle timer is ON: inactive players will automatically lose when time's up. (requested by Frakub)
|inactive|Gurrasnurra5 has 60 seconds left.
|
|t:|1756410215
|teamsize|p1|4
|teamsize|p2|4
|start
|switch|p1a: Electabuzz|Electabuzz, L50, M|100/100
|switch|p1b: Sneasler|Sneasler, L50, F|100/100
|switch|p2a: Kingambit|Kingambit, L50, F|100/100
|switch|p2b: Magmar|Magmar, L50, M|100/100
|turn|1
|
|t:|1756410228
|move|p2a: Kingambit|Protect|p2a: Kingambit
|-singleturn|p2a: Kingambit|Protect
|move|p1b: Sneasler|Fake Out|p2a: Kingambit
|-activate|p2a: Kingambit|move: Protect
|move|p1a: Electabuzz|Taunt|p2b: Magmar
|-start|p2b: Magmar|move: Taunt
|move|p2b: Magmar|Overheat|p1b: Sneasler
|-damage|p1b: Sneasler|33/100
|-unboost|p2b: Magmar|spa|2
|
|upkeep
|turn|2
|
|t:|1756410246
|switch|p2a: Sneasler|Sneasler, L50, F|100/100
|move|p1b: Sneasler|Dire Claw|p2a: Sneasler
|-resisted|p2a: Sneasler
|-damage|p2a: Sneasler|64/100
|move|p1a: Electabuzz|Electroweb|p2a: Sneasler|[spread] p2a,p2b
|-damage|p2a: Sneasler|45/100
|-damage|p2b: Magmar|89/100
|-unboost|p2a: Sneasler|spe|1
|-unboost|p2b: Magmar|spe|1
|move|p2b: Magmar|Overheat|p1b: Sneasler
|-damage|p1b: Sneasler|0 fnt
|-unboost|p2b: Magmar|spa|2
|faint|p1b: Sneasler
|
|upkeep
|
|t:|1756410258
|switch|p1b: Basculegion|Basculegion, L50, M|100/100
|turn|3
|
|t:|1756410279
|switch|p2b: Rillaboom|Rillaboom, L50, M|100/100
|-fieldstart|move: Grassy Terrain|[from] ability: Grassy Surge|[of] p2b: Rillaboom
|move|p2a: Sneasler|Fake Out|p1a: Electabuzz
|-damage|p1a: Electabuzz|87/100
|-status|p1a: Electabuzz|psn|[from] ability: Poison Touch|[of] p2a: Sneasler
|cant|p1a: Electabuzz|flinch
|move|p1b: Basculegion|Flip Turn|p2a: Sneasler
|-damage|p2a: Sneasler|0 fnt
|faint|p2a: Sneasler
|
|t:|1756410282
|switch|p1b: Kingambit|Kingambit, L50, F|100/100|[from] Flip Turn
|
|-heal|p1a: Electabuzz|92/100 psn|[from] Grassy Terrain
|-damage|p1a: Electabuzz|80/100 psn|[from] psn
|upkeep
|inactive|Frakub has 30 seconds left.
|
|t:|1756410308
|switch|p2a: Magmar|Magmar, L50, M|89/100
|turn|4
|
|t:|1756410315
|move|p2b: Rillaboom|Fake Out|p1a: Electabuzz
|-damage|p1a: Electabuzz|67/100 psn
|cant|p1a: Electabuzz|flinch
|move|p2a: Magmar|Overheat|p1b: Kingambit
|-supereffective|p1b: Kingambit
|-damage|p1b: Kingambit|0 fnt
|-unboost|p2a: Magmar|spa|2
|faint|p1b: Kingambit
|
|-heal|p1a: Electabuzz|73/100 psn|[from] Grassy Terrain
|-heal|p2a: Magmar|95/100|[from] Grassy Terrain
|-damage|p1a: Electabuzz|61/100 psn|[from] psn
|upkeep
|
|t:|1756410317
|switch|p1b: Basculegion|Basculegion, L50, M|100/100
|turn|5
|
|t:|1756410343
|-terastallize|p1b: Basculegion|Fighting
|move|p2a: Magmar|Follow Me|p2a: Magmar
|-singleturn|p2a: Magmar|move: Follow Me
|move|p1b: Basculegion|Wave Crash|p2a: Magmar
|-supereffective|p2a: Magmar
|-damage|p2a: Magmar|5/100
|-damage|p1b: Basculegion|75/100|[from] Recoil
|move|p1a: Electabuzz|Electroweb|p2a: Magmar|[spread] p2a,p2b
|-resisted|p2b: Rillaboom
|-damage|p2a: Magmar|0 fnt
|-damage|p2b: Rillaboom|96/100
|-unboost|p2b: Rillaboom|spe|1
|faint|p2a: Magmar
|move|p2b: Rillaboom|High Horsepower|p1a: Electabuzz
|-supereffective|p1a: Electabuzz
|-damage|p1a: Electabuzz|0 fnt
|faint|p1a: Electabuzz
|
|-heal|p1b: Basculegion|81/100|[from] Grassy Terrain
|-heal|p2b: Rillaboom|100/100|[from] Grassy Terrain
|upkeep
|-message|Gurrasnurra5 forfeited.
|
|win|Frakub
|raw|Gurrasnurra5's rating: 1205 → 1178(-27 for losing)
|raw|Frakub's rating: 1172 → 1199(+27 for winning)
|l|☆Gurrasnurra5
|player|p1|
|c|☆Frakub|gg
