|j|☆Chandeliere
|j|☆lillyrosethedemon
|html|Chandelierelillyrosethedemon    
|uhtml|bestof|Game 1 of a best-of-3
|t:|1756516580
|gametype|doubles
|player|p1|Chandeliere|ethan|1134
|player|p2|lillyrosethedemon|parasollady|1127
|gen|9
|tier|[Gen 9] VGC 2025 Reg H (Bo3)
|rated|
|rule|Species Clause: Limit one of each Pokémon
|rule|Item Clause: Limit 1 of each item
|clearpoke
|poke|p1|Incineroar, L50, M|
|poke|p1|Dragonite, L50, F|
|poke|p1|Porygon2, L50|
|poke|p1|Ursaluna-Bloodmoon, L50, M|
|poke|p1|Ninetales-Alola, L50, F|
|poke|p1|Annihilape, L50, M|
|poke|p2|Primarina, L50, M|
|poke|p2|Incineroar, L50, F|
|poke|p2|Farigiraf, L50, M|
|poke|p2|Conkeldurr, L50, M|
|poke|p2|Amoonguss, L50, M|
|poke|p2|Gholdengo, L50|
|teampreview|4
|showteam|p1|Incineroar||ChopleBerry|Intimidate|FlareBlitz,KnockOff,FakeOut,PartingShot|||M|||50|,,,,,Grass]Dragonite||LoadedDice|Multiscale|ScaleShot,Tailwind,Haze,Protect|||F|||50|,,,,,Steel]Porygon2||Eviolite|Download|TeraBlast,IceBeam,Recover,TrickRoom||||||50|,,,,,Fighting]Ursaluna-Bloodmoon||AssaultVest|MindsEye|HyperVoice,BloodMoon,VacuumWave,EarthPower|||M|||50|,,,,,Water]Ninetales-Alola||LightClay|SnowWarning|IcicleSpear,Encore,IcyWind,AuroraVeil|||F|||50|,,,,,Ghost]Annihilape||SafetyGoggles|Defiant|DrainPunch,RageFist,BulkUp,Protect|||M|||50|,,,,,Fire
|showteam|p2|Primarina||Leftovers|LiquidVoice|CalmMind,HyperVoice,Moonblast,Protect|||M|||50|,,,,,Electric]Incineroar||SafetyGoggles|Intimidate|FakeOut,FlareBlitz,KnockOff,PartingShot|||F|||50|,,,,,Ghost]Farigiraf||ThroatSpray|ArmorTail|HyperVoice,Psychic,Protect,TrickRoom|||M|||50|,,,,,Fairy]Conkeldurr||FlameOrb|Guts|DrainPunch,Protect,MachPunch,KnockOff|||M|||50|,,,,,Water]Amoonguss||SitrusBerry|Regenerator|RagePowder,Protect,PollenPuff,Spore|||M|||50|,,,,,Water]Gholdengo||ChoiceSpecs|GoodasGold|MakeItRain,ShadowBall,Thunderbolt,Trick||||||50|,,,,,Steel
|
|t:|1756516631
|teamsize|p1|4
|teamsize|p2|4
|start
|switch|p1a: Incineroar|Incineroar, L50, M|100/100
|switch|p1b: Dragonite|Dragonite, L50, F|100/100
|switch|p2a: Gholdengo|Gholdengo, L50|100/100
|switch|p2b: Primarina|Primarina, L50, M|100/100
|-ability|p1a: Incineroar|Intimidate|boost
|-unboost|p2a: Gholdengo|atk|1
|-unboost|p2b: Primarina|atk|1
|turn|1
|
|t:|1756516666
|switch|p2a: Farigiraf|Farigiraf, L50, M|100/100
|-terastallize|p1b: Dragonite|Steel
|move|p1b: Dragonite|Tailwind|p1b: Dragonite
|-sidestart|p1: Chandeliere|move: Tailwind
|move|p1a: Incineroar|Flare Blitz|p2a: Farigiraf
|-damage|p2a: Farigiraf|45/100
|-damage|p1a: Incineroar|79/100|[from] Recoil
|move|p2b: Primarina|Calm Mind|p2b: Primarina
|-boost|p2b: Primarina|spa|1
|-boost|p2b: Primarina|spd|1
|
|upkeep
|turn|2
|
|t:|1756516691
|move|p1b: Dragonite|Haze|p1b: Dragonite
|-clearallboost
|move|p1a: Incineroar|Flare Blitz|p2a: Farigiraf
|-damage|p2a: Farigiraf|0 fnt
|faint|p2a: Farigiraf
|-damage|p1a: Incineroar|62/100|[from] Recoil
|move|p2b: Primarina|Hyper Voice|p1b: Dragonite|[spread] p1a,p1b
|-supereffective|p1a: Incineroar
|-crit|p1b: Dragonite
|-damage|p1a: Incineroar|0 fnt
|-damage|p1b: Dragonite|72/100
|faint|p1a: Incineroar
|
|upkeep
|
|t:|1756516706
|switch|p1a: Ursaluna|Ursaluna-Bloodmoon, L50, M|100/100
|switch|p2a: Gholdengo|Gholdengo, L50|100/100
|turn|3
|
|t:|1756516739
|switch|p2a: Amoonguss|Amoonguss, L50, M|100/100
|move|p1b: Dragonite|Protect|p1b: Dragonite
|-singleturn|p1b: Dragonite|Protect
|move|p1a: Ursaluna|Blood Moon|p2b: Primarina
|-damage|p2b: Primarina|41/100
|move|p2b: Primarina|Hyper Voice|p1b: Dragonite|[spread] p1a
|-activate|p1b: Dragonite|move: Protect
|-supereffective|p1a: Ursaluna
|-crit|p1a: Ursaluna
|-damage|p1a: Ursaluna|4/100
|
|-heal|p2b: Primarina|47/100|[from] item: Leftovers
|upkeep
|turn|4
|
|t:|1756516760
|move|p1b: Dragonite|Scale Shot|p2a: Amoonguss
|-damage|p2a: Amoonguss|86/100
|-damage|p2a: Amoonguss|73/100
|-damage|p2a: Amoonguss|60/100
|-crit|p2a: Amoonguss
|-damage|p2a: Amoonguss|37/100
|-enditem|p2a: Amoonguss|Sitrus Berry|[eat]
|-heal|p2a: Amoonguss|62/100|[from] item: Sitrus Berry
|-hitcount|p2a: Amoonguss|4
|-unboost|p1b: Dragonite|def|1
|-boost|p1b: Dragonite|spe|1
|move|p1a: Ursaluna|Hyper Voice|p2b: Primarina|[spread] p2a,p2b
|-damage|p2a: Amoonguss|35/100
|-damage|p2b: Primarina|16/100
|move|p2b: Primarina|Hyper Voice|p1a: Ursaluna|[spread] p1a,p1b
|-supereffective|p1a: Ursaluna
|-damage|p1a: Ursaluna|0 fnt
|-damage|p1b: Dragonite|36/100
|faint|p1a: Ursaluna
|move|p2a: Amoonguss|Pollen Puff|p2b: Primarina
|-heal|p2b: Primarina|66/100
|
|-heal|p2b: Primarina|72/100|[from] item: Leftovers
|-sideend|p1: Chandeliere|move: Tailwind
|upkeep
|
|t:|1756516781
|switch|p1a: Annihilape|Annihilape, L50, M|100/100
|turn|5
|
|t:|1756516798
|move|p1a: Annihilape|Protect|p1a: Annihilape
|-singleturn|p1a: Annihilape|Protect
|move|p2a: Amoonguss|Protect|p2a: Amoonguss
|-singleturn|p2a: Amoonguss|Protect
|move|p1b: Dragonite|Scale Shot|p2a: Amoonguss
|-activate|p2a: Amoonguss|move: Protect
|move|p2b: Primarina|Moonblast|p1a: Annihilape
|-activate|p1a: Annihilape|move: Protect
|
|-heal|p2b: Primarina|78/100|[from] item: Leftovers
|upkeep
|turn|6
|
|t:|1756516829
|move|p1b: Dragonite|Scale Shot|p2a: Amoonguss
|-damage|p2a: Amoonguss|20/100
|-damage|p2a: Amoonguss|6/100
|-damage|p2a: Amoonguss|0 fnt
|faint|p2a: Amoonguss
|-hitcount|p2: Amoonguss|3
|-unboost|p1b: Dragonite|def|1
|-boost|p1b: Dragonite|spe|1
|move|p1a: Annihilape|Rage Fist|p2b: Primarina
|-damage|p2b: Primarina|54/100
|move|p2b: Primarina|Moonblast|p1a: Annihilape
|-supereffective|p1a: Annihilape
|-damage|p1a: Annihilape|2/100
|
|-heal|p2b: Primarina|60/100|[from] item: Leftovers
|upkeep
|
|t:|1756516849
|switch|p2a: Gholdengo|Gholdengo, L50|100/100
|turn|7
|
|t:|1756516863
|move|p1b: Dragonite|Protect|p1b: Dragonite
|-singleturn|p1b: Dragonite|Protect
|move|p1a: Annihilape|Rage Fist|p2a: Gholdengo
|-supereffective|p2a: Gholdengo
|-damage|p2a: Gholdengo|12/100
|move|p2a: Gholdengo|Make It Rain|p1b: Dragonite|[spread] p1a
|-activate|p1b: Dragonite|move: Protect
|-damage|p1a: Annihilape|0 fnt
|-unboost|p2a: Gholdengo|spa|1
|faint|p1a: Annihilape
|move|p2b: Primarina|Hyper Voice|p1b: Dragonite
|-activate|p1b: Dragonite|move: Protect
|
|-heal|p2b: Primarina|66/100|[from] item: Leftovers
|upkeep
|turn|8
|-message|Chandeliere forfeited.
|
|win|lillyrosethedemon
||Chandeliere is ready for game 2.
||lillyrosethedemon is ready for game 2.
|uhtml|next|Next: Game 2 of 3
