|j|☆PolpettaVGC
|j|☆slowpokefan4
|html|PolpettaVGCslowpokefan4    
|uhtml|bestof|Game 1 of a best-of-3
|t:|1782322206
|gametype|doubles
|player|p1|PolpettaVGC|pokekid|
|player|p2|slowpokefan4|265|
|gen|9
|tier|[Gen 9 Champions] VGC 2026 Reg M-B (Bo3)
|rule|Species Clause: Limit one of each Pokémon
|rule|Item Clause: Limit 1 of each item
|clearpoke
|poke|p1|Incineroar, L50, M|
|poke|p1|Milotic, L50, M|
|poke|p1|Sinistcha, L50, shiny|
|poke|p1|Sneasler, L50, F|
|poke|p1|Charizard, L50, M|
|poke|p1|Floette-Eternal, L50, F|
|poke|p2|Incineroar, L50, F|
|poke|p2|Gengar, L50, M|
|poke|p2|Kingambit, L50, M|
|poke|p2|Sneasler, L50, M|
|poke|p2|Kommo-o, L50, F|
|poke|p2|Floette-Eternal, L50, F|
|teampreview|4
|showteam|p1|Incineroar||SitrusBerry|Intimidate|FakeOut,FlareBlitz,DarkestLariat,PartingShot|Impish||M|||50|]Milotic||Leftovers|Competitive|MuddyWater,Hypnosis,Coil,Recover|Calm||M|||50|]Sinistcha||KasibBerry|Hospitality|MatchaGotcha,LifeDew,RagePowder,Protect|Bold|||||50|]Sneasler||FocusSash|PoisonTouch|FakeOut,CloseCombat,DireClaw,Coaching|Jolly||F|||50|]Charizard||CharizarditeX|SolarPower|FlareBlitz,DragonClaw,DragonDance,Protect|Adamant||M|||50|]Floette-Eternal||Floettite|FlowerVeil|DazzlingGleam,DrainingKiss,CalmMind,Protect|Modest||F|||50|
|showteam|p2|Incineroar||PasshoBerry|Intimidate|FakeOut,FlareBlitz,Protect,PartingShot|Impish||F|||50|]Gengar||Gengarite|CursedBody|ShadowBall,Disable,Protect,PerishSong|Modest||M|||50|]Kingambit||BlackGlasses|Defiant|KowtowCleave,SuckerPunch,Protect,SwordsDance|Adamant||M|||50|]Sneasler||WhiteHerb|Unburden|FakeOut,DireClaw,CloseCombat,Protect|Adamant||M|||50|]Kommo-o||Leftovers|Soundproof|ClangingScales,AuraSphere,Protect,ClangorousSoul|Modest||F|||50|]Floette-Eternal||Floettite|FlowerVeil|Moonblast,DazzlingGleam,LightofRuin,Protect|Modest||F|||50|
|inactive|Battle timer is ON: inactive players will automatically lose when time's up. (requested by PolpettaVGC)
|c|☆slowpokefan4|glhf!
|c|☆PolpettaVGC|Glhf
|inactive|PolpettaVGC has 60 seconds left.
|inactive|PolpettaVGC has 30 seconds left.
|
|t:|1782322274
|teamsize|p1|4
|teamsize|p2|4
|start
|switch|p1a: Milotic|Milotic, L50, M|100/100
|switch|p1b: Sneasler|Sneasler, L50, F|100/100
|switch|p2a: Gengar|Gengar, L50, M|100/100
|switch|p2b: Sneasler|Sneasler, L50, M|100/100
|turn|1
|inactive|PolpettaVGC has 30 seconds left.
|inactive|PolpettaVGC has 20 seconds left.
|
|t:|1782322311
|switch|p1b: Sinistcha|Sinistcha, L50, shiny|100/100
|detailschange|p2a: Gengar|Gengar-Mega, L50, M
|-mega|p2a: Gengar|Gengar|Gengarite
|move|p2b: Sneasler|Fake Out|p1a: Milotic
|-damage|p1a: Milotic|86/100
|move|p2a: Gengar|Perish Song|p2a: Gengar
|-start|p1a: Milotic|perish3|[silent]
|-start|p1b: Sinistcha|perish3|[silent]
|-start|p2a: Gengar|perish3|[silent]
|-start|p2b: Sneasler|perish3|[silent]
|-fieldactivate|move: Perish Song
|cant|p1a: Milotic|flinch
|
|-heal|p1a: Milotic|92/100|[from] item: Leftovers
|-start|p2b: Sneasler|perish3
|-start|p2a: Gengar|perish3
|-start|p1a: Milotic|perish3
|-start|p1b: Sinistcha|perish3
|upkeep
|turn|2
|inactive|PolpettaVGC has 30 seconds left.
|inactive|PolpettaVGC has 20 seconds left.
|inactive|PolpettaVGC has 15 seconds left.
|
|t:|1782322354
|switch|p1b: Sneasler|Sneasler, L50, F|100/100
|move|p2b: Sneasler|Dire Claw|p1b: Sneasler
|-resisted|p1b: Sneasler|1
|-damage|p1b: Sneasler|67/100
|-status|p1b: Sneasler|par
|move|p2a: Gengar|Shadow Ball|p1b: Sneasler
|-damage|p1b: Sneasler|5/100 par
|move|p1a: Milotic|Coil|p1a: Milotic
|-boost|p1a: Milotic|atk|1
|-boost|p1a: Milotic|def|1
|-boost|p1a: Milotic|accuracy|1
|
|-heal|p1a: Milotic|98/100|[from] item: Leftovers
|-start|p2b: Sneasler|perish2
|-start|p2a: Gengar|perish2
|-start|p1a: Milotic|perish2
|upkeep
|turn|3
|inactive|PolpettaVGC has 30 seconds left.
|inactive|PolpettaVGC has 20 seconds left.
|inactive|PolpettaVGC has 15 seconds left.
|inactive|PolpettaVGC has 10 seconds left.
|
|t:|1782322400
|move|p2a: Gengar|Protect|p2a: Gengar
|-singleturn|p2a: Gengar|Protect
|move|p2b: Sneasler|Dire Claw|p1a: Milotic
|-damage|p1a: Milotic|71/100
|move|p1a: Milotic|Muddy Water|p2b: Sneasler|[spread] p2b
|-activate|p2a: Gengar|move: Protect
|-damage|p2b: Sneasler|74/100
|move|p1b: Sneasler|Dire Claw|p2a: Gengar
|-activate|p2a: Gengar|move: Protect
|
|-heal|p1a: Milotic|77/100|[from] item: Leftovers
|-start|p2b: Sneasler|perish1
|-start|p2a: Gengar|perish1
|-start|p1a: Milotic|perish1
|upkeep
|turn|4
|inactive|PolpettaVGC has 30 seconds left.
|inactive|slowpokefan4 has 30 seconds left.
|
|t:|1782322428
|switch|p2a: Incineroar|Incineroar, L50, F|100/100
|-ability|p2a: Incineroar|Intimidate|boost
|-unboost|p1a: Milotic|atk|1
|-ability|p1a: Milotic|Competitive|boost
|-boost|p1a: Milotic|spa|2
|-unboost|p1b: Sneasler|atk|1
|move|p2b: Sneasler|Close Combat|p1b: Sneasler
|-resisted|p1b: Sneasler|1
|-damage|p1b: Sneasler|0 fnt
|-unboost|p2b: Sneasler|def|1
|-unboost|p2b: Sneasler|spd|1
|faint|p1b: Sneasler
|-enditem|p2b: Sneasler|White Herb
|-clearnegativeboost|p2b: Sneasler|[silent]
|move|p1a: Milotic|Hypnosis|p2b: Sneasler
|-status|p2b: Sneasler|slp|[from] move: Hypnosis
|
|-heal|p1a: Milotic|83/100|[from] item: Leftovers
|-start|p2b: Sneasler|perish0
|-start|p1a: Milotic|perish0
|upkeep
|faint|p2b: Sneasler
|faint|p1a: Milotic
|
|t:|1782322450
|switch|p1b: Sinistcha|Sinistcha, L50, shiny|100/100
|switch|p2b: Gengar|Gengar-Mega, L50, M|100/100
|switch|p1a: Floette|Floette-Eternal, L50, F|100/100
|turn|5
|inactive|PolpettaVGC has 30 seconds left.
|inactive|PolpettaVGC has 20 seconds left.
|
|t:|1782322488
|detailschange|p1a: Floette|Floette-Mega, L50, F
|-mega|p1a: Floette|Floette|Floettite
|-ability|p1a: Floette|Fairy Aura
|move|p2a: Incineroar|Fake Out|p1a: Floette
|-damage|p1a: Floette|88/100
|cant|p1a: Floette|flinch
|move|p2b: Gengar|Perish Song|p2b: Gengar
|-start|p1a: Floette|perish3|[silent]
|-start|p1b: Sinistcha|perish3|[silent]
|-start|p2a: Incineroar|perish3|[silent]
|-start|p2b: Gengar|perish3|[silent]
|-fieldactivate|move: Perish Song
|move|p1b: Sinistcha|Life Dew||[still]|[spread] p1a,p1b
|-heal|p1a: Floette|100/100
|-fail|p1b: Sinistcha|heal
|
|-start|p1a: Floette|perish3
|-start|p2b: Gengar|perish3
|-start|p1b: Sinistcha|perish3
|-start|p2a: Incineroar|perish3
|upkeep
|turn|6
|inactive|PolpettaVGC has 30 seconds left.
|
|t:|1782322521
|move|p1b: Sinistcha|Rage Powder|p1b: Sinistcha
|-singleturn|p1b: Sinistcha|move: Rage Powder
|move|p1a: Floette|Calm Mind|p1a: Floette
|-boost|p1a: Floette|spa|1
|-boost|p1a: Floette|spd|1
|move|p2b: Gengar|Shadow Ball|p1b: Sinistcha
|-supereffective|p1b: Sinistcha|1
|-crit|p1b: Sinistcha
|-enditem|p1b: Sinistcha|Kasib Berry|[eat]
|-enditem|p1b: Sinistcha|Kasib Berry|[weaken]
|-damage|p1b: Sinistcha|26/100
|move|p2a: Incineroar|Flare Blitz|p1b: Sinistcha
|-supereffective|p1b: Sinistcha|1
|-damage|p1b: Sinistcha|0 fnt
|faint|p1b: Sinistcha
|-damage|p2a: Incineroar|91/100|[from] Recoil
|
|-start|p1a: Floette|perish2
|-start|p2b: Gengar|perish2
|-start|p2a: Incineroar|perish2
|upkeep
|turn|7
|
|t:|1782322531
|move|p2b: Gengar|Protect|p2b: Gengar
|-singleturn|p2b: Gengar|Protect
|move|p2a: Incineroar|Protect|p2a: Incineroar
|-singleturn|p2a: Incineroar|Protect
|move|p1a: Floette|Dazzling Gleam|p2b: Gengar|[spread] 
|-activate|p2a: Incineroar|move: Protect
|-activate|p2b: Gengar|move: Protect
|
|-start|p1a: Floette|perish1
|-start|p2b: Gengar|perish1
|-start|p2a: Incineroar|perish1
|upkeep
|turn|8
|
|t:|1782322536
|move|p1a: Floette|Dazzling Gleam|p2b: Gengar|[spread] p2a,p2b
|-resisted|p2b: Gengar|1
|-damage|p2a: Incineroar|39/100
|-damage|p2b: Gengar|60/100
|move|p2b: Gengar|Disable|p1a: Floette
|-start|p1a: Floette|Disable|Dazzling Gleam
|move|p2a: Incineroar|Flare Blitz|p1a: Floette
|-damage|p1a: Floette|46/100
|-damage|p2a: Incineroar|23/100|[from] Recoil
|
|-start|p1a: Floette|perish0
|-start|p2b: Gengar|perish0
|-start|p2a: Incineroar|perish0
|upkeep
|faint|p1a: Floette
|faint|p2b: Gengar
|faint|p2a: Incineroar
|
|win|slowpokefan4
||slowpokefan4 is ready for game 2.
|c|☆PolpettaVGC|GG
||PolpettaVGC is ready for game 2.
|uhtml|next|Next: Game 2 of 3
