|j|☆gundnub
|j|☆Mega Chime Time
|html|gundnubMega Chime Time    
|uhtml|bestof|Game 2 of a best-of-3
|t:|1783473247
|gametype|doubles
|player|p1|gundnub|pokemonranger-gen4|
|player|p2|Mega Chime Time|miku-flying|
|gen|9
|tier|[Gen 9 Champions] VGC 2026 Reg M-B (Bo3)
|rule|Species Clause: Limit one of each Pokémon
|rule|Item Clause: Limit 1 of each item
|clearpoke
|poke|p1|Pidgeot, L50, F|
|poke|p1|Krookodile, L50, M|
|poke|p1|Floette-Eternal, L50, F|
|poke|p1|Toxicroak, L50, F|
|poke|p1|Chandelure, L50, M|
|poke|p1|Vaporeon, L50, F|
|poke|p2|Altaria, L50, F|
|poke|p2|Salazzle, L50, F|
|poke|p2|Orthworm, L50, M|
|poke|p2|Blastoise, L50, F|
|poke|p2|Rotom-Mow, L50, shiny|
|poke|p2|Gengar, L50, M|
|teampreview|4
|showteam|p1|Pidgeot||Pidgeotite|BigPecks|Protect,Hurricane,HeatWave,Tailwind|Timid||F|||50|]Krookodile||PasshoBerry|Intimidate|Protect,HighHorsepower,LashOut,Earthquake|Adamant||M|||50|]Floette-Eternal||FairyFeather|FlowerVeil|Protect,Moonblast,DazzlingGleam,LightofRuin|Modest||F|||50|]Toxicroak||FocusSash|DrySkin|Protect,PoisonJab,CloseCombat,FakeOut|Jolly||F|||50|]Chandelure||Chandelurite|FlashFire|HeatWave,ShadowBall,EnergyBall,TrickRoom|Modest||M|||50|]Vaporeon||Leftovers|WaterAbsorb|Protect,MuddyWater,AlluringVoice,CalmMind|Modest||F|||50|
|showteam|p2|Altaria||Altarianite|NaturalCure|HyperVoice,Roost,WillOWisp,Protect|Modest||F|||50|]Salazzle||FocusSash|Corrosion|FakeOut,HeatWave,Encore,Protect|Hasty||F|||50|]Orthworm||Leftovers|EarthEater|IronDefense,BodyPress,HeavySlam,Protect|Careful||M|||50|]Blastoise||SitrusBerry|RainDish|FakeOut,WaveCrash,Yawn,LifeDew|Adamant||F|||50|]Rotom-Mow||ChoiceScarf|Levitate|Electroweb,Trick,LeafStorm,Thunderbolt|Timid|||||50|]Gengar||LifeOrb|CursedBody|ShadowBall,Disable,SludgeBomb,Protect|Timid||M|||50|
|inactive|Battle timer is ON: inactive players will automatically lose when time's up. (requested by Mega Chime Time)
|inactive|gundnub also wants the timer to be on.
|inactive|Mega Chime Time has 60 seconds left.
|
|t:|1783473283
|teamsize|p1|4
|teamsize|p2|4
|start
|switch|p1a: Pidgeot|Pidgeot, L50, F|100/100
|switch|p1b: Krookodile|Krookodile, L50, M|100/100
|switch|p2a: Rotom|Rotom-Mow, L50, shiny|100/100
|switch|p2b: Altaria|Altaria, L50, F|100/100
|-ability|p1b: Krookodile|Intimidate|boost
|-unboost|p2a: Rotom|atk|1
|-unboost|p2b: Altaria|atk|1
|turn|1
|inactive|gundnub has 30 seconds left.
|inactive|gundnub has 20 seconds left.
|inactive|gundnub has 15 seconds left.
|
|t:|1783473326
|detailschange|p1a: Pidgeot|Pidgeot-Mega, L50, F
|-mega|p1a: Pidgeot|Pidgeot|Pidgeotite
|detailschange|p2b: Altaria|Altaria-Mega, L50, F
|-mega|p2b: Altaria|Altaria|Altarianite
|move|p1b: Krookodile|Protect|p1b: Krookodile
|-singleturn|p1b: Krookodile|Protect
|move|p2a: Rotom|Electroweb|p1a: Pidgeot|[spread] p1a
|-activate|p1b: Krookodile|move: Protect
|-supereffective|p1a: Pidgeot|1
|-damage|p1a: Pidgeot|57/100
|-unboost|p1a: Pidgeot|spe|1
|move|p1a: Pidgeot|Tailwind|p1a: Pidgeot
|-sidestart|p1: gundnub|move: Tailwind
|move|p2b: Altaria|Hyper Voice|p1b: Krookodile|[spread] p1a
|-activate|p1b: Krookodile|move: Protect
|-damage|p1a: Pidgeot|13/100
|
|upkeep
|turn|2
|inactive|gundnub has 30 seconds left.
|
|t:|1783473356
|switch|p2a: Blastoise|Blastoise, L50, F|100/100
|move|p1a: Pidgeot|Hurricane|p2a: Blastoise
|-damage|p2a: Blastoise|50/100y
|-start|p2a: Blastoise|confusion
|-enditem|p2a: Blastoise|Sitrus Berry|[eat]
|-heal|p2a: Blastoise|74/100|[from] item: Sitrus Berry
|move|p1b: Krookodile|Lash Out|p2a: Blastoise
|-damage|p2a: Blastoise|35/100
|move|p2b: Altaria|Hyper Voice|p1b: Krookodile|[spread] p1a,p1b
|-supereffective|p1b: Krookodile|1
|-damage|p1a: Pidgeot|0 fnt
|-damage|p1b: Krookodile|0 fnt
|faint|p1a: Pidgeot
|faint|p1b: Krookodile
|
|upkeep
|
|t:|1783473359
|switch|p1a: Toxicroak|Toxicroak, L50, F|100/100
|switch|p1b: Floette|Floette-Eternal, L50, F|100/100
|turn|3
|inactive|Mega Chime Time has 30 seconds left.
|
|t:|1783473387
|move|p1a: Toxicroak|Fake Out|p2a: Blastoise
|-damage|p2a: Blastoise|24/100
|cant|p2a: Blastoise|flinch
|move|p1b: Floette|Dazzling Gleam|p2b: Altaria|[spread] p2a,p2b
|-supereffective|p2b: Altaria|1
|-crit|p2b: Altaria
|-damage|p2a: Blastoise|0 fnt
|-damage|p2b: Altaria|0 fnt
|faint|p2a: Blastoise
|faint|p2b: Altaria
|
|upkeep
|
|t:|1783473396
|switch|p2b: Orthworm|Orthworm, L50, M|100/100
|switch|p2a: Rotom|Rotom-Mow, L50, shiny|100/100
|turn|4
|
|t:|1783473411
|move|p2b: Orthworm|Protect|p2b: Orthworm
|-singleturn|p2b: Orthworm|Protect
|move|p1a: Toxicroak|Close Combat|p2b: Orthworm
|-activate|p2b: Orthworm|move: Protect
|move|p1b: Floette|Light of Ruin|p2a: Rotom
|-damage|p2a: Rotom|0 fnt
|faint|p2a: Rotom
|-damage|p1b: Floette|57/100|[from] Recoil
|
|-sideend|p1: gundnub|move: Tailwind
|upkeep
|turn|5
|
|t:|1783473422
|move|p1a: Toxicroak|Close Combat|p2b: Orthworm
|-supereffective|p2b: Orthworm|1
|-damage|p2b: Orthworm|25/100
|-unboost|p1a: Toxicroak|def|1
|-unboost|p1a: Toxicroak|spd|1
|move|p1b: Floette|Light of Ruin|p2b: Orthworm
|-resisted|p2b: Orthworm|1
|-damage|p2b: Orthworm|0 fnt
|faint|p2b: Orthworm
|-damage|p1b: Floette|43/100|[from] Recoil
|
|win|gundnub
|c|☆Mega Chime Time|gg
|c|☆gundnub|gg
|l|☆Mega Chime Time
|player|p2|
