|j|ŌśåPuniHina
|j|Ōśåmyshirtisdirty
|html|PuniHinamyshirtisdirty    
|uhtml|bestof|Game 2 of a best-of-3
|t:|1783918732
|gametype|doubles
|player|p1|PuniHina|lacey|1304
|player|p2|myshirtisdirty|102|1235
|gen|9
|tier|[Gen 9 Champions] VGC 2026 Reg M-B (Bo3)
|rated|
|rule|Species Clause: Limit one of each Pok├®mon
|rule|Item Clause: Limit 1 of each item
|clearpoke
|poke|p1|Meganium, L50, F, shiny|
|poke|p1|Altaria, L50, F|
|poke|p1|Incineroar, L50, M|
|poke|p1|Scizor, L50, F|
|poke|p1|Basculegion, L50, M|
|poke|p1|Garchomp, L50, F|
|poke|p2|Aerodactyl, L50, F|
|poke|p2|Kingambit, L50, F, shiny|
|poke|p2|Milotic, L50, F|
|poke|p2|Garchomp, L50, F|
|poke|p2|Meganium, L50, M|
|poke|p2|Delphox, L50, F|
|teampreview|4
|showteam|p1|Meganium||Meganiumite|LeafGuard|SolarBeam,DazzlingGleam,Protect,EarthPower|Modest||F|||50|]Altaria||RoseliBerry|CloudNine|BraveBird,Roost,Tailwind,WillOWisp|Impish||F|||50|]Incineroar||PasshoBerry|Intimidate|FlareBlitz,ThroatChop,FakeOut,PartingShot|Impish||M|||50|]Scizor||Scizorite|Technician|BulletPunch,BugBite,Protect,SwordsDance|Adamant||F|||50|]Basculegion||SitrusBerry|Adaptability|WaveCrash,LastRespects,AquaJet,Protect|Adamant||M|||50|]Garchomp||LifeOrb|RoughSkin|StompingTantrum,DragonClaw,RockSlide,Protect|Jolly||F|||50|
|showteam|p2|Aerodactyl||FocusSash|Unnerve|PsychicFangs,RockSlide,Tailwind,Taunt|Jolly||F|||50|]Kingambit||BlackGlasses|Defiant|LowKick,SuckerPunch,KowtowCleave,IronHead|Adamant||F|||50|]Milotic||Leftovers|Competitive|MuddyWater,IceBeam,Scald,Protect|Modest||F|||50|]Garchomp||LifeOrb|RoughSkin|RockSlide,Earthquake,DragonClaw,Protect|Adamant||F|||50|]Meganium||Meganiumite|Overgrow|SolarBeam,DazzlingGleam,WeatherBall,Protect|Modest||M|||50|]Delphox||Delphoxite|Blaze|HeatWave,Psychic,NastyPlot,Protect|Timid||F|||50|
|
|t:|1783918745
|teamsize|p1|4
|teamsize|p2|4
|start
|switch|p1a: StellaŌØż’ĖÄ|Meganium, L50, F, shiny|100/100
|switch|p1b: Basculegion|Basculegion, L50, M|100/100
|switch|p2a: Aerodactyl|Aerodactyl, L50, F|100/100
|switch|p2b: Milotic|Milotic, L50, F|100/100
|-ability|p2a: Aerodactyl|Unnerve
|turn|1
|
|t:|1783918784
|detailschange|p1a: StellaŌØż’ĖÄ|Meganium-Mega, L50, F, shiny
|-mega|p1a: StellaŌØż’ĖÄ|Meganium|Meganiumite
|move|p2b: Milotic|Protect|p2b: Milotic
|-singleturn|p2b: Milotic|Protect
|move|p1b: Basculegion|Aqua Jet|p2a: Aerodactyl
|-supereffective|p2a: Aerodactyl|1
|-damage|p2a: Aerodactyl|18/100
|move|p2a: Aerodactyl|Tailwind|p2a: Aerodactyl
|-sidestart|p2: myshirtisdirty|move: Tailwind
|move|p1a: StellaŌØż’ĖÄ|Solar Beam||[still]
|-prepare|p1a: StellaŌØż’ĖÄ|Solar Beam
|-activate|p1a: StellaŌØż’ĖÄ|ability: Mega Sol
|-anim|p1a: StellaŌØż’ĖÄ|Solar Beam|p2b: Milotic
|-activate|p2b: Milotic|move: Protect
|
|upkeep
|turn|2
|
|t:|1783918801
|switch|p2a: Garchomp|Garchomp, L50, F|100/100
|move|p1b: Basculegion|Aqua Jet|p2a: Garchomp
|-damage|p2a: Garchomp|75/100
|-damage|p1b: Basculegion|87/100|[from] ability: Rough Skin|[of] p2a: Garchomp
|move|p2b: Milotic|Ice Beam|p1a: StellaŌØż’ĖÄ
|-supereffective|p1a: StellaŌØż’ĖÄ|1
|-damage|p1a: StellaŌØż’ĖÄ|51/100
|move|p1a: StellaŌØż’ĖÄ|Solar Beam||[still]
|-prepare|p1a: StellaŌØż’ĖÄ|Solar Beam
|-activate|p1a: StellaŌØż’ĖÄ|ability: Mega Sol
|-anim|p1a: StellaŌØż’ĖÄ|Solar Beam|p2b: Milotic
|-supereffective|p2b: Milotic|1
|-damage|p2b: Milotic|1/100
|
|-heal|p2b: Milotic|7/100|[from] item: Leftovers
|upkeep
|turn|3
|
|t:|1783918827
|move|p2b: Milotic|Protect|p2b: Milotic
|-singleturn|p2b: Milotic|Protect
|move|p1b: Basculegion|Aqua Jet|p2b: Milotic
|-activate|p2b: Milotic|move: Protect
|move|p2a: Garchomp|Earthquake|p1b: Basculegion|[spread] p1a,p1b
|-activate|p2b: Milotic|move: Protect
|-resisted|p1a: StellaŌØż’ĖÄ|1
|-damage|p1a: StellaŌØż’ĖÄ|29/100
|-damage|p1b: Basculegion|39/100
|-enditem|p1b: Basculegion|Sitrus Berry|[eat]
|-heal|p1b: Basculegion|64/100|[from] item: Sitrus Berry
|-damage|p2a: Garchomp|65/100|[from] item: Life Orb
|move|p1a: StellaŌØż’ĖÄ|Dazzling Gleam|p2b: Milotic|[spread] p2a
|-activate|p2b: Milotic|move: Protect
|-supereffective|p2a: Garchomp|1
|-damage|p2a: Garchomp|0 fnt
|faint|p2a: Garchomp
|
|-heal|p2b: Milotic|13/100|[from] item: Leftovers
|upkeep
|
|t:|1783918844
|switch|p2a: Meganium|Meganium, L50, M|100/100
|turn|4
|
|t:|1783918868
|detailschange|p2a: Meganium|Meganium-Mega, L50, M
|-mega|p2a: Meganium|Meganium|Meganiumite
|move|p1b: Basculegion|Aqua Jet|p2b: Milotic
|-resisted|p2b: Milotic|1
|-damage|p2b: Milotic|3/100
|move|p2a: Meganium|Solar Beam||[still]
|-prepare|p2a: Meganium|Solar Beam
|-activate|p2a: Meganium|ability: Mega Sol
|-anim|p2a: Meganium|Solar Beam|p1b: Basculegion
|-supereffective|p1b: Basculegion|1
|-damage|p1b: Basculegion|0 fnt
|faint|p1b: Basculegion
|move|p2b: Milotic|Ice Beam|p1a: StellaŌØż’ĖÄ
|-supereffective|p1a: StellaŌØż’ĖÄ|1
|-damage|p1a: StellaŌØż’ĖÄ|0 fnt
|faint|p1a: StellaŌØż’ĖÄ
|
|-heal|p2b: Milotic|9/100|[from] item: Leftovers
|-sideend|p2: myshirtisdirty|move: Tailwind
|upkeep
|
|t:|1783918873
|switch|p1a: Altaria|Altaria, L50, F|100/100
|switch|p1b: Garchomp|Garchomp, L50, F|100/100
|-ability|p1a: Altaria|Cloud Nine
|turn|5
|
|t:|1783918900
|move|p2a: Meganium|Protect|p2a: Meganium
|-singleturn|p2a: Meganium|Protect
|move|p1b: Garchomp|Rock Slide|p2b: Milotic|[spread] p2b
|-activate|p2a: Meganium|move: Protect
|-damage|p2b: Milotic|0 fnt
|faint|p2b: Milotic
|-damage|p1b: Garchomp|90/100|[from] item: Life Orb
|move|p1a: Altaria|Brave Bird|p2a: Meganium
|-activate|p2a: Meganium|move: Protect
|
|upkeep
|
|t:|1783918910
|switch|p2b: Aerodactyl|Aerodactyl, L50, F|18/100
|-ability|p2b: Aerodactyl|Unnerve
|turn|6
|
|t:|1783918917
|move|p2b: Aerodactyl|Tailwind|p2b: Aerodactyl
|-sidestart|p2: myshirtisdirty|move: Tailwind
|move|p2a: Meganium|Dazzling Gleam|p1a: Altaria|[spread] p1a,p1b
|-supereffective|p1a: Altaria|1
|-supereffective|p1b: Garchomp|1
|-damage|p1a: Altaria|37/100
|-damage|p1b: Garchomp|21/100
|move|p1b: Garchomp|Rock Slide|p2a: Meganium|[spread] p2a,p2b
|-supereffective|p2b: Aerodactyl|1
|-damage|p2a: Meganium|78/100
|-damage|p2b: Aerodactyl|0 fnt
|faint|p2b: Aerodactyl
|-damage|p1b: Garchomp|11/100|[from] item: Life Orb
|move|p1a: Altaria|Tailwind|p1a: Altaria
|-sidestart|p1: PuniHina|move: Tailwind
|
|upkeep
|turn|7
|
|t:|1783918932
|move|p1b: Garchomp|Stomping Tantrum|p2a: Meganium
|-resisted|p2a: Meganium|1
|-damage|p2a: Meganium|56/100
|-damage|p1b: Garchomp|1/100|[from] item: Life Orb
|move|p2a: Meganium|Dazzling Gleam|p1a: Altaria|[spread] p1a,p1b
|-supereffective|p1a: Altaria|1
|-enditem|p1a: Altaria|Roseli Berry|[eat]
|-enditem|p1a: Altaria|Roseli Berry|[weaken]
|-supereffective|p1b: Garchomp|1
|-damage|p1a: Altaria|6/100
|-damage|p1b: Garchomp|0 fnt
|faint|p1b: Garchomp
|move|p1a: Altaria|Brave Bird|p2a: Meganium
|-supereffective|p2a: Meganium|1
|-damage|p2a: Meganium|0 fnt
|faint|p2a: Meganium
|-damage|p1a: Altaria|0 fnt|[from] Recoil
|faint|p1a: Altaria
|
|win|PuniHina
|inactive|PuniHina has 30 seconds to confirm battle start!
|inactive|myshirtisdirty has 30 seconds to confirm battle start!
||PuniHina is ready for game 3.
||myshirtisdirty is ready for game 3.
|uhtml|next|Next: Game 3 of 3
|l|Ōśåmyshirtisdirty
|player|p2|
