|j|☆tetris14
|j|☆HenriqueZVGC
|html|tetris14HenriqueZVGC    
|uhtml|bestof|Game 2 of a best-of-3
|t:|1784834463
|gametype|doubles
|player|p1|tetris14|brawly|1063
|player|p2|HenriqueZVGC|steven|1123
|gen|9
|tier|[Gen 9 Champions] VGC 2026 Reg M-B (Bo3)
|rated|
|rule|Species Clause: Limit one of each Pokémon
|rule|Item Clause: Limit 1 of each item
|clearpoke
|poke|p1|Froslass, L50, F|
|poke|p1|Ninetales-Alola, L50, M|
|poke|p1|Toxapex, L50, M|
|poke|p1|Chandelure, L50, M|
|poke|p1|Archaludon, L50, M|
|poke|p1|Incineroar, L50, M|
|poke|p2|Tyranitar, L50, M|
|poke|p2|Excadrill, L50, M|
|poke|p2|Milotic, L50, F|
|poke|p2|Sinistcha, L50|
|poke|p2|Staraptor, L50, F|
|poke|p2|Gholdengo, L50|
|teampreview|4
|showteam|p1|Froslass||Froslassite|SnowCloak|ShadowBall,WillOWisp,Blizzard,Protect|Timid||F|||50|]Ninetales-Alola||LightClay|SnowWarning|AuroraVeil,Protect,Blizzard,Moonblast|Timid||M|||50|]Toxapex||SitrusBerry|Regenerator|BanefulBunker,Infestation,Recover,Liquidation|Relaxed||M|||50|]Chandelure||Chandelurite|FlashFire|HeatWave,EnergyBall,ShadowBall,Protect|Timid||M|||50|]Archaludon||Leftovers|Stamina|ElectroShot,FlashCannon,Protect,DragonPulse|Timid||M|||50|]Incineroar||BrightPowder|Intimidate|FakeOut,FlareBlitz,DarkestLariat,PartingShot|Adamant||M|||50|
|showteam|p2|Tyranitar||Tyranitarite|SandStream|KnockOff,RockSlide,HighHorsepower,Protect|Jolly||M|||50|]Excadrill||FocusSash|SandRush|HighHorsepower,IronHead,RockSlide,Protect|Adamant||M|||50|]Milotic||SitrusBerry|Competitive|Scald,IcyWind,Haze,Protect|Calm||F|||50|]Sinistcha||ColburBerry|Hospitality|MatchaGotcha,ShadowBall,Protect,RagePowder|Bold|||||50|]Staraptor||Staraptite|Intimidate|CloseCombat,BraveBird,Tailwind,Protect|Jolly||F|||50|]Gholdengo||LifeOrb|GoodasGold|MakeItRain,ShadowBall,NastyPlot,Protect|Modest|||||50|
|inactive|Battle timer is ON: inactive players will automatically lose when time's up. (requested by HenriqueZVGC)
|inactive|HenriqueZVGC has 60 seconds left.
|
|t:|1784834494
|teamsize|p1|4
|teamsize|p2|4
|start
|switch|p1a: Froslass|Froslass, L50, F|100/100
|switch|p1b: Ninetales|Ninetales-Alola, L50, M|100/100
|switch|p2a: Milotic|Milotic, L50, F|100/100
|switch|p2b: Gholdengo|Gholdengo, L50|100/100
|-weather|Snowscape|[from] ability: Snow Warning|[of] p1b: Ninetales
|turn|1
|inactive|tetris14 has 30 seconds left.
|inactive|HenriqueZVGC has 30 seconds left.
|
|t:|1784834528
|detailschange|p1a: Froslass|Froslass-Mega, L50, F
|-mega|p1a: Froslass|Froslass|Froslassite
|move|p1a: Froslass|Protect|p1a: Froslass
|-singleturn|p1a: Froslass|Protect
|move|p2b: Gholdengo|Protect|p2b: Gholdengo
|-singleturn|p2b: Gholdengo|Protect
|move|p1b: Ninetales|Aurora Veil|p1b: Ninetales
|-sidestart|p1: tetris14|move: Aurora Veil
|move|p2a: Milotic|Icy Wind|p1b: Ninetales|[spread] p1b
|-activate|p1a: Froslass|move: Protect
|-resisted|p1b: Ninetales|1
|-damage|p1b: Ninetales|95/100
|-unboost|p1b: Ninetales|spe|1
|
|-weather|Snowscape|[upkeep]
|upkeep
|turn|2
|inactive|HenriqueZVGC has 30 seconds left.
|
|t:|1784834562
|switch|p2b: Staraptor|Staraptor, L50, F|100/100
|-ability|p2b: Staraptor|Intimidate|boost
|-unboost|p1a: Froslass|atk|1
|-unboost|p1b: Ninetales|atk|1
|move|p1a: Froslass|Shadow Ball|p2b: Staraptor
|-immune|p2b: Staraptor
|move|p1b: Ninetales|Moonblast|p2a: Milotic
|-damage|p2a: Milotic|75/100
|move|p2a: Milotic|Icy Wind|p1a: Froslass|[spread] p1a,p1b
|-resisted|p1a: Froslass|1
|-resisted|p1b: Ninetales|1
|-damage|p1a: Froslass|97/100
|-damage|p1b: Ninetales|91/100
|-unboost|p1a: Froslass|spe|1
|-unboost|p1b: Ninetales|spe|1
|
|-weather|Snowscape|[upkeep]
|upkeep
|turn|3
|inactive|HenriqueZVGC has 30 seconds left.
|
|t:|1784834587
|move|p2b: Staraptor|Protect|p2b: Staraptor
|-singleturn|p2b: Staraptor|Protect
|move|p1a: Froslass|Will-O-Wisp|p2b: Staraptor
|-activate|p2b: Staraptor|move: Protect
|move|p2a: Milotic|Icy Wind|p1b: Ninetales|[spread] p1a,p1b
|-resisted|p1a: Froslass|1
|-resisted|p1b: Ninetales|1
|-damage|p1a: Froslass|94/100
|-damage|p1b: Ninetales|88/100
|-unboost|p1a: Froslass|spe|1
|-unboost|p1b: Ninetales|spe|1
|move|p1b: Ninetales|Blizzard|p2b: Staraptor|[spread] p2a
|-activate|p2b: Staraptor|move: Protect
|-resisted|p2a: Milotic|1
|-damage|p2a: Milotic|65/100
|
|-weather|Snowscape|[upkeep]
|upkeep
|turn|4
|inactive|HenriqueZVGC has 30 seconds left.
|
|t:|1784834617
|switch|p1a: Chandelure|Chandelure, L50, M|100/100
|move|p2a: Milotic|Protect|p2a: Milotic
|-singleturn|p2a: Milotic|Protect
|move|p2b: Staraptor|Tailwind|p2b: Staraptor
|-sidestart|p2: HenriqueZVGC|move: Tailwind
|move|p1b: Ninetales|Blizzard|p2b: Staraptor|[spread] p2b
|-activate|p2a: Milotic|move: Protect
|-supereffective|p2b: Staraptor|1
|-damage|p2b: Staraptor|22/100
|
|-weather|Snowscape|[upkeep]
|upkeep
|turn|5
|inactive|HenriqueZVGC has 30 seconds left.
|inactive|HenriqueZVGC has 20 seconds left.
|inactive|HenriqueZVGC has 15 seconds left.
|inactive|HenriqueZVGC has 10 seconds left.
|inactive|HenriqueZVGC has 5 seconds left.
|
|t:|1784834668
|switch|p2a: Gholdengo|Gholdengo, L50|100/100
|move|p2b: Staraptor|Protect|p2b: Staraptor
|-singleturn|p2b: Staraptor|Protect
|move|p1a: Chandelure|Protect|p1a: Chandelure
|-singleturn|p1a: Chandelure|Protect
|move|p1b: Ninetales|Blizzard|p2b: Staraptor|[spread] p2a
|-activate|p2b: Staraptor|move: Protect
|-resisted|p2a: Gholdengo|1
|-damage|p2a: Gholdengo|85/100
|
|-weather|none
|upkeep
|turn|6
|inactive|HenriqueZVGC has 30 seconds left.
|
|t:|1784834697
|switch|p2b: Milotic|Milotic, L50, F|65/100
|switch|p1a: Incineroar|Incineroar, L50, M|100/100
|-ability|p1a: Incineroar|Intimidate|boost
|-unboost|p2a: Gholdengo|atk|1
|-unboost|p2b: Milotic|atk|1
|-ability|p2b: Milotic|Competitive|boost
|-boost|p2b: Milotic|spa|2
|move|p1b: Ninetales|Protect|p1b: Ninetales
|-singleturn|p1b: Ninetales|Protect
|move|p2a: Gholdengo|Shadow Ball|p1a: Incineroar
|-resisted|p1a: Incineroar|1
|-damage|p1a: Incineroar|84/100
|-damage|p2a: Gholdengo|76/100|[from] item: Life Orb
|
|upkeep
|turn|7
|inactive|HenriqueZVGC has 30 seconds left.
|
|t:|1784834730
|move|p2a: Gholdengo|Protect|p2a: Gholdengo
|-singleturn|p2a: Gholdengo|Protect
|move|p1a: Incineroar|Fake Out|p2b: Milotic
|-damage|p2b: Milotic|51/100
|cant|p2b: Milotic|flinch
|move|p1b: Ninetales|Moonblast|p2b: Milotic
|-damage|p2b: Milotic|24/100
|-enditem|p2b: Milotic|Sitrus Berry|[eat]
|-heal|p2b: Milotic|49/100|[from] item: Sitrus Berry
|
|-sideend|p2: HenriqueZVGC|move: Tailwind
|upkeep
|turn|8
|inactive|HenriqueZVGC has 30 seconds left.
|
|t:|1784834763
|switch|p2a: Staraptor|Staraptor, L50, F|22/100
|-ability|p2a: Staraptor|Intimidate|boost
|-unboost|p1a: Incineroar|atk|1
|-unboost|p1b: Ninetales|atk|1
|switch|p1b: Chandelure|Chandelure, L50, M|100/100
|move|p2b: Milotic|Scald|p1a: Incineroar
|-supereffective|p1a: Incineroar|1
|-damage|p1a: Incineroar|6/100
|move|p1a: Incineroar|Parting Shot|p2a: Staraptor
|-unboost|p2a: Staraptor|atk|1
|-unboost|p2a: Staraptor|spa|1
|
|t:|1784834777
|switch|p1a: Froslass|Froslass-Mega, L50, F|94/100|[from] Parting Shot
|-weather|Snowscape|[from] ability: Snow Warning|[of] p1a: Froslass
|
|-weather|Snowscape|[upkeep]
|-sideend|p1: tetris14|move: Aurora Veil
|upkeep
|turn|9
|
|t:|1784834800
|move|p2a: Staraptor|Protect|p2a: Staraptor
|-singleturn|p2a: Staraptor|Protect
|move|p1a: Froslass|Shadow Ball|p2b: Milotic
|-damage|p2b: Milotic|25/100
|move|p1b: Chandelure|Heat Wave|p2a: Staraptor|[spread] p2b
|-activate|p2a: Staraptor|move: Protect
|-resisted|p2b: Milotic|1
|-damage|p2b: Milotic|11/100
|move|p2b: Milotic|Icy Wind|p1b: Chandelure|[spread] p1a,p1b
|-resisted|p1a: Froslass|1
|-resisted|p1b: Chandelure|1
|-damage|p1a: Froslass|84/100
|-damage|p1b: Chandelure|85/100
|-unboost|p1a: Froslass|spe|1
|-unboost|p1b: Chandelure|spe|1
|
|-weather|Snowscape|[upkeep]
|upkeep
|turn|10
|inactive|tetris14 has 30 seconds left.
|inactive|HenriqueZVGC has 30 seconds left.
|inactive|tetris14 has 20 seconds left.
|inactive|HenriqueZVGC has 20 seconds left.
|inactive|tetris14 has 15 seconds left.
|inactive|HenriqueZVGC has 15 seconds left.
|inactive|HenriqueZVGC has 10 seconds left.
|
|t:|1784834849
|move|p2a: Staraptor|Tailwind|p2a: Staraptor
|-sidestart|p2: HenriqueZVGC|move: Tailwind
|move|p2b: Milotic|Scald|p1a: Froslass
|-damage|p1a: Froslass|31/100
|move|p1a: Froslass|Blizzard|p2b: Milotic|[spread] p2a,p2b
|-supereffective|p2a: Staraptor|1
|-resisted|p2b: Milotic|1
|-damage|p2a: Staraptor|0 fnt
|-damage|p2b: Milotic|0 fnt
|faint|p2a: Staraptor
|faint|p2b: Milotic
|move|p1b: Chandelure|Heat Wave|p2: Staraptor|[notarget]
|-fail|p1b: Chandelure
|
|-weather|Snowscape|[upkeep]
|upkeep
|
|t:|1784834862
|switch|p2a: Tyranitar|Tyranitar, L50, M|100/100
|switch|p2b: Gholdengo|Gholdengo, L50|76/100
|-weather|Sandstorm|[from] ability: Sand Stream|[of] p2a: Tyranitar
|turn|11
|inactive|tetris14 has 30 seconds left.
|inactive|HenriqueZVGC has 30 seconds left.
|
|t:|1784834894
|move|p2a: Tyranitar|Rock Slide|p1a: Froslass|[spread] p1a,p1b
|-supereffective|p1a: Froslass|1
|-supereffective|p1b: Chandelure|1
|-damage|p1a: Froslass|0 fnt
|-damage|p1b: Chandelure|9/100
|faint|p1a: Froslass
|move|p2b: Gholdengo|Shadow Ball|p1b: Chandelure
|-supereffective|p1b: Chandelure|1
|-damage|p1b: Chandelure|0 fnt
|faint|p1b: Chandelure
|-damage|p2b: Gholdengo|66/100|[from] item: Life Orb
|
|-weather|Sandstorm|[upkeep]
|upkeep
|
|t:|1784834898
|switch|p1a: Ninetales|Ninetales-Alola, L50, M|88/100
|switch|p1b: Incineroar|Incineroar, L50, M|6/100
|-weather|Snowscape|[from] ability: Snow Warning|[of] p1a: Ninetales
|-ability|p1b: Incineroar|Intimidate|boost
|-unboost|p2a: Tyranitar|atk|1
|-unboost|p2b: Gholdengo|atk|1
|turn|12
|
|t:|1784834916
|detailschange|p2a: Tyranitar|Tyranitar-Mega, L50, M
|-mega|p2a: Tyranitar|Tyranitar|Tyranitarite
|-weather|Sandstorm|[from] ability: Sand Stream|[of] p2a: Tyranitar
|move|p2a: Tyranitar|Protect|p2a: Tyranitar
|-singleturn|p2a: Tyranitar|Protect
|move|p1b: Incineroar|Fake Out|p2a: Tyranitar
|-activate|p2a: Tyranitar|move: Protect
|move|p2b: Gholdengo|Make It Rain|p1b: Incineroar|[spread] p1a
|-miss|p2b: Gholdengo|p1b: Incineroar
|-supereffective|p1a: Ninetales|2
|-damage|p1a: Ninetales|0 fnt
|-unboost|p2b: Gholdengo|spa|2
|faint|p1a: Ninetales
|-damage|p2b: Gholdengo|57/100|[from] item: Life Orb
|
|-weather|Sandstorm|[upkeep]
|-damage|p1b: Incineroar|1/100|[from] Sandstorm
|upkeep
|turn|13
|inactive|tetris14 has 30 seconds left.
|inactive|HenriqueZVGC has 30 seconds left.
|l|☆tetris14
|inactive|tetris14 disconnected and has a minute to reconnect!
|player|p1|
|inactive|tetris14 has 20 seconds left.
|inactive|tetris14 has 15 seconds left.
|inactive|tetris14 has 10 seconds left.
|inactive|tetris14 has 5 seconds left.
|-message|tetris14 lost due to inactivity.
|
|win|HenriqueZVGC
||HenriqueZVGC is ready for game 3.
|inactive|tetris14 has 25 seconds to reconnect!
|inactive|tetris14 has 15 seconds to reconnect!
|inactive|tetris14 has 5 seconds to reconnect!
