|j|☆yarep
|j|☆pokinohy
|html|yareppokinohy    
|uhtml|bestof|Game 2 of a best-of-3
|t:|1783981494
|gametype|doubles
|player|p1|yarep|volkner|
|player|p2|pokinohy|gentleman-gen4dp|
|gen|9
|tier|[Gen 9 Champions] VGC 2026 Reg M-B (Bo3)
|rule|Species Clause: Limit one of each Pokémon
|rule|Item Clause: Limit 1 of each item
|clearpoke
|poke|p1|Pelipper, L50, F|
|poke|p1|Archaludon, L50, F|
|poke|p1|Dragonite, L50, M|
|poke|p1|Sinistcha-Masterpiece, L50|
|poke|p1|Basculegion, L50, M|
|poke|p1|Scizor, L50, M|
|poke|p2|Charizard, L50, F|
|poke|p2|Aerodactyl, L50, M|
|poke|p2|Farigiraf, L50, F|
|poke|p2|Sylveon, L50, F|
|poke|p2|Kingambit, L50, M|
|poke|p2|Garchomp, L50, F|
|teampreview|4
|showteam|p1|Pelipper||FocusSash|Drizzle|Hurricane,WeatherBall,Tailwind,WideGuard|Modest||F|||50|]Archaludon||Leftovers|Stamina|ElectroShot,FlashCannon,DracoMeteor,Protect|Modest||F|||50|]Dragonite||Dragoninite|Multiscale|Hurricane,DracoMeteor,Tailwind,Protect|Modest||M|||50|]Sinistcha-Masterpiece||SitrusBerry|Hospitality|TrickRoom,MatchaGotcha,RagePowder,Protect|Bold|||||50|]Basculegion||LifeOrb|SwiftSwim|WaveCrash,Protect,LastRespects,AquaJet|Adamant||M|||50|]Scizor||Scizorite|Technician|BulletPunch,SwordsDance,Protect,CloseCombat|Adamant||M|||50|
|showteam|p2|Charizard||CharizarditeY|Blaze|HeatWave,WeatherBall,SolarBeam,Protect|Timid||F|||50|]Aerodactyl||Aerodactylite|Unnerve|Tailwind,IceFang,RockSlide,DualWingbeat|Adamant||M|||50|]Farigiraf||SitrusBerry|ArmorTail|TrickRoom,TwinBeam,Thunderbolt,Roar|Quiet||F|||50|]Sylveon||FairyFeather|Pixilate|HyperVoice,HyperBeam,Detect,QuickAttack|Modest||F|||50|]Kingambit||FocusSash|Defiant|KowtowCleave,LowKick,IronHead,SuckerPunch|Adamant||M|||50|]Garchomp||LifeOrb|RoughSkin|Earthquake,RockSlide,DragonClaw,Protect|Adamant||F|||50|
|c|☆pokinohy|Suerte
|inactive|Battle timer is ON: inactive players will automatically lose when time's up. (requested by yarep)
|c|☆yarep|glhf
|
|t:|1783981518
|teamsize|p1|4
|teamsize|p2|4
|start
|switch|p1a: Basculegion|Basculegion, L50, M|100/100
|switch|p1b: Pelipper|Pelipper, L50, F|100/100
|switch|p2a: Charizard|Charizard, L50, F|100/100
|switch|p2b: Sylveon|Sylveon, L50, F|100/100
|-weather|RainDance|[from] ability: Drizzle|[of] p1b: Pelipper
|turn|1
|
|t:|1783981547
|detailschange|p2a: Charizard|Charizard-Mega-Y, L50, F
|-mega|p2a: Charizard|Charizard|Charizardite Y
|-weather|SunnyDay|[from] ability: Drought|[of] p2a: Charizard
|move|p1a: Basculegion|Protect|p1a: Basculegion
|-singleturn|p1a: Basculegion|Protect
|move|p2a: Charizard|Weather Ball|p1b: Pelipper
|-resisted|p1b: Pelipper|1
|-damage|p1b: Pelipper|23/100
|move|p1b: Pelipper|Tailwind|p1b: Pelipper
|-sidestart|p1: yarep|move: Tailwind
|move|p2b: Sylveon|Hyper Voice|p1a: Basculegion|[spread] p1b
|-activate|p1a: Basculegion|move: Protect
|-damage|p1b: Pelipper|0 fnt
|faint|p1b: Pelipper
|
|-weather|SunnyDay|[upkeep]
|upkeep
|
|t:|1783981559
|switch|p1b: Archaludon|Archaludon, L50, F|100/100
|turn|2
|
|t:|1783981580
|move|p1a: Basculegion|Last Respects|p2b: Sylveon
|-damage|p2b: Sylveon|8/100
|-damage|p1a: Basculegion|90/100|[from] item: Life Orb
|move|p1b: Archaludon|Flash Cannon|p2b: Sylveon
|-supereffective|p2b: Sylveon|1
|-damage|p2b: Sylveon|0 fnt
|faint|p2b: Sylveon
|move|p2a: Charizard|Weather Ball|p1b: Archaludon
|-damage|p1b: Archaludon|0 fnt
|faint|p1b: Archaludon
|
|-weather|SunnyDay|[upkeep]
|upkeep
|
|t:|1783981587
|switch|p1b: Dragonite|Dragonite, L50, M|100/100
|switch|p2b: Kingambit|Kingambit, L50, M|100/100
|turn|3
|
|t:|1783981599
|detailschange|p1b: Dragonite|Dragonite-Mega, L50, M
|-mega|p1b: Dragonite|Dragonite|Dragoninite
|move|p1a: Basculegion|Protect|p1a: Basculegion
|-singleturn|p1a: Basculegion|Protect
|move|p2b: Kingambit|Sucker Punch||[still]
|-fail|p2b: Kingambit
|move|p1b: Dragonite|Hurricane|p2b: Kingambit
|-resisted|p2b: Kingambit|1
|-damage|p2b: Kingambit|64/100
|move|p2a: Charizard|Weather Ball|p1b: Dragonite
|-resisted|p1b: Dragonite|1
|-damage|p1b: Dragonite|80/100
|
|-weather|SunnyDay|[upkeep]
|upkeep
|turn|4
|
|t:|1783981621
|move|p2b: Kingambit|Sucker Punch|p1a: Basculegion
|-supereffective|p1a: Basculegion|1
|-damage|p1a: Basculegion|0 fnt
|faint|p1a: Basculegion
|move|p1b: Dragonite|Draco Meteor|p2b: Kingambit
|-resisted|p2b: Kingambit|1
|-damage|p2b: Kingambit|17/100
|-unboost|p1b: Dragonite|spa|2
|move|p2a: Charizard|Weather Ball|p1b: Dragonite
|-resisted|p1b: Dragonite|1
|-damage|p1b: Dragonite|39/100
|
|-weather|SunnyDay|[upkeep]
|-sideend|p1: yarep|move: Tailwind
|upkeep
|turn|5
|c|☆yarep|gg
|
|t:|1783981631
|move|p2b: Kingambit|Sucker Punch|p1b: Dragonite
|-damage|p1b: Dragonite|4/100
|move|p2a: Charizard|Weather Ball|p1b: Dragonite
|-resisted|p1b: Dragonite|1
|-damage|p1b: Dragonite|0 fnt
|faint|p1b: Dragonite
|
|win|pokinohy
|c|☆pokinohy|Gg
|l|☆yarep
|player|p1|
