|j|☆pantalonesHat
|j|☆higigig
|html|pantalonesHathigigig    
|uhtml|bestof|Game 2 of a best-of-3
|t:|1757042222
|gametype|doubles
|player|p1|pantalonesHat|swimmer-gen4dp|1053
|player|p2|higigig|sisandbro|1093
|gen|9
|tier|[Gen 9] VGC 2025 Reg H (Bo3)
|rated|
|rule|Species Clause: Limit one of each Pokémon
|rule|Item Clause: Limit 1 of each item
|clearpoke
|poke|p1|Archaludon, L50, F|
|poke|p1|Gholdengo, L50|
|poke|p1|Incineroar, L50, F|
|poke|p1|Overqwil, L50, F|
|poke|p1|Pelipper, L50, M|
|poke|p1|Amoonguss, L50, M|
|poke|p2|Sneasler, L50, M|
|poke|p2|Gholdengo, L50|
|poke|p2|Amoonguss, L50, F|
|poke|p2|Incineroar, L50, M|
|poke|p2|Ursaluna-Bloodmoon, L50, M|
|poke|p2|Dragonite, L50, F|
|teampreview|4
|showteam|p1|Archaludon||AssaultVest|Stamina|BodyPress,DragonPulse,ElectroShot,FlashCannon|||F|||50|,,,,,Steel]Gholdengo||LifeOrb|GoodasGold|MakeItRain,ShadowBall,NastyPlot,Protect||||||50|,,,,,Water]Incineroar||SafetyGoggles|Intimidate|KnockOff,Taunt,PartingShot,FakeOut|||F|||50|,,,,,Fire]Overqwil||ClearAmulet|SwiftSwim|GunkShot,SwordsDance,AquaTail,Protect|||F|||50|,,,,,Water]Pelipper||CovertCloak|Drizzle|WeatherBall,Hurricane,Protect,Tailwind|||M|||50|,,,,,Ground]Amoonguss||MentalHerb|Regenerator|Spore,RagePowder,Protect,ClearSmog|||M|||50|,,,,,Water
|showteam|p2|Sneasler||ClearAmulet|PoisonTouch|FakeOut,CloseCombat,DireClaw,Protect|||M|||50|,,,,,Water]Gholdengo||MetalCoat|GoodasGold|NastyPlot,MakeItRain,ShadowBall,Protect||||||50|,,,,,Water]Amoonguss||SitrusBerry|Regenerator|Spore,RagePowder,PollenPuff,Protect|||F|||50|,,,,,Water]Incineroar||SafetyGoggles|Intimidate|FakeOut,FlareBlitz,KnockOff,PartingShot|||M|||50|,,,,,Ghost]Ursaluna-Bloodmoon||LifeOrb|MindsEye|CalmMind,EarthPower,BloodMoon,Protect|||M|||50|,,,,,Poison]Dragonite||LoadedDice|Multiscale|ScaleShot,Haze,Tailwind,Protect|||F|||50|,,,,,Fairy
|inactive|Battle timer is ON: inactive players will automatically lose when time's up. (requested by higigig)
|c|☆higigig|i mean i saw it in worlds this year
|c|☆higigig|never in my own game
|c|☆pantalonesHat|same never happened to me
|inactive|pantalonesHat has 60 seconds left.
|inactive|higigig has 60 seconds left.
|
|t:|1757042261
|teamsize|p1|4
|teamsize|p2|4
|start
|switch|p1a: Pelipper|Pelipper, L50, M|100/100
|switch|p1b: Overqwil|Overqwil, L50, F, shiny|100/100
|switch|p2a: Dragonite|Dragonite, L50, F|100/100
|switch|p2b: Ursaluna|Ursaluna-Bloodmoon, L50, M|100/100
|-weather|RainDance|[from] ability: Drizzle|[of] p1a: Pelipper
|turn|1
|inactive|higigig has 30 seconds left.
|inactive|higigig has 20 seconds left.
|inactive|higigig has 15 seconds left.
|
|t:|1757042305
|-terastallize|p1b: Overqwil|Water
|-terastallize|p2b: Ursaluna|Poison
|move|p1b: Overqwil|Swords Dance|p1b: Overqwil
|-boost|p1b: Overqwil|atk|2
|move|p2a: Dragonite|Scale Shot|p1a: Pelipper
|-damage|p1a: Pelipper|80/100
|-damage|p1a: Pelipper|60/100
|-damage|p1a: Pelipper|40/100
|-damage|p1a: Pelipper|18/100
|-damage|p1a: Pelipper|0 fnt
|faint|p1a: Pelipper
|-hitcount|p1: Pelipper|5
|-unboost|p2a: Dragonite|def|1
|-boost|p2a: Dragonite|spe|1
|move|p2b: Ursaluna|Calm Mind|p2b: Ursaluna
|-boost|p2b: Ursaluna|spa|1
|-boost|p2b: Ursaluna|spd|1
|
|-weather|RainDance|[upkeep]
|upkeep
|
|t:|1757042324
|switch|p1a: Archaludon|Archaludon, L50, F|100/100
|turn|2
|inactive|higigig has 30 seconds left.
|inactive|higigig has 20 seconds left.
|
|t:|1757042360
|move|p2b: Ursaluna|Protect|p2b: Ursaluna
|-singleturn|p2b: Ursaluna|Protect
|move|p1b: Overqwil|Aqua Tail|p2b: Ursaluna
|-activate|p2b: Ursaluna|move: Protect
|move|p2a: Dragonite|Tailwind|p2a: Dragonite
|-sidestart|p2: higigig|move: Tailwind
|move|p1a: Archaludon|Electro Shot||[still]
|-prepare|p1a: Archaludon|Electro Shot
|-boost|p1a: Archaludon|spa|1
|-anim|p1a: Archaludon|Electro Shot|p2a: Dragonite
|-crit|p2a: Dragonite
|-damage|p2a: Dragonite|57/100
|
|-weather|RainDance|[upkeep]
|upkeep
|turn|3
|inactive|pantalonesHat has 30 seconds left.
|
|t:|1757042394
|move|p2a: Dragonite|Scale Shot|p1b: Overqwil
|-damage|p1b: Overqwil|85/100
|-damage|p1b: Overqwil|70/100
|-damage|p1b: Overqwil|55/100
|-damage|p1b: Overqwil|38/100
|-damage|p1b: Overqwil|21/100
|-hitcount|p1b: Overqwil|5
|-unboost|p2a: Dragonite|def|1
|-boost|p2a: Dragonite|spe|1
|move|p1b: Overqwil|Aqua Tail|p2b: Ursaluna
|-damage|p2b: Ursaluna|0 fnt
|faint|p2b: Ursaluna
|move|p1a: Archaludon|Flash Cannon|p2a: Dragonite
|-damage|p2a: Dragonite|3/100
|
|-weather|RainDance|[upkeep]
|upkeep
|inactive|higigig has 30 seconds left.
|
|t:|1757042422
|switch|p2b: Sneasler|Sneasler, L50, M|100/100
|turn|4
|inactive|pantalonesHat has 30 seconds left.
|inactive|pantalonesHat has 20 seconds left.
|
|t:|1757042459
|move|p1b: Overqwil|Protect|p1b: Overqwil
|-singleturn|p1b: Overqwil|Protect
|move|p2a: Dragonite|Scale Shot|p1b: Overqwil
|-activate|p1b: Overqwil|move: Protect
|move|p2b: Sneasler|Close Combat|p1a: Archaludon
|-supereffective|p1a: Archaludon
|-damage|p1a: Archaludon|2/100
|-unboost|p2b: Sneasler|def|1
|-unboost|p2b: Sneasler|spd|1
|-ability|p1a: Archaludon|Stamina|boost
|-boost|p1a: Archaludon|def|1
|move|p1a: Archaludon|Electro Shot||[still]
|-prepare|p1a: Archaludon|Electro Shot
|-boost|p1a: Archaludon|spa|1
|-anim|p1a: Archaludon|Electro Shot|p2a: Dragonite
|-damage|p2a: Dragonite|0 fnt
|faint|p2a: Dragonite
|
|-weather|RainDance|[upkeep]
|upkeep
|
|t:|1757042466
|switch|p2a: Amoonguss|Amoonguss, L50, F|100/100
|turn|5
|inactive|pantalonesHat has 30 seconds left.
|inactive|pantalonesHat has 20 seconds left.
|
|t:|1757042504
|move|p2b: Sneasler|Protect|p2b: Sneasler
|-singleturn|p2b: Sneasler|Protect
|move|p1b: Overqwil|Aqua Tail|p2b: Sneasler
|-activate|p2b: Sneasler|move: Protect
|move|p1a: Archaludon|Electro Shot||[still]
|-prepare|p1a: Archaludon|Electro Shot
|-boost|p1a: Archaludon|spa|1
|-anim|p1a: Archaludon|Electro Shot|p2b: Sneasler
|-activate|p2b: Sneasler|move: Protect
|move|p2a: Amoonguss|Spore|p1b: Overqwil
|-status|p1b: Overqwil|slp|[from] move: Spore
|
|-weather|none
|-sideend|p2: higigig|move: Tailwind
|upkeep
|turn|6
|inactive|pantalonesHat has 30 seconds left.
|inactive|higigig has 30 seconds left.
|inactive|higigig has 20 seconds left.
|inactive|higigig has 15 seconds left.
|inactive|higigig has 10 seconds left.
|
|t:|1757042553
|cant|p1b: Overqwil|slp
|move|p2b: Sneasler|Close Combat|p1a: Archaludon
|-supereffective|p1a: Archaludon
|-damage|p1a: Archaludon|0 fnt
|-unboost|p2b: Sneasler|def|1
|-unboost|p2b: Sneasler|spd|1
|faint|p1a: Archaludon
|move|p2a: Amoonguss|Spore|p1b: Overqwil
|-fail|p1b: Overqwil|slp
|
|upkeep
|
|t:|1757042562
|switch|p1a: Gholdengo|Gholdengo, L50, shiny|100/100
|turn|7
|-message|higigig forfeited.
|
|win|pantalonesHat
