|j|☆olafac
|j|☆PizzaSanwitch
|html|olafacPizzaSanwitch    
|uhtml|bestof|Game 2 of a best-of-3
|t:|1785794535
|gametype|doubles
|player|p1|olafac|cyrus|1149
|player|p2|PizzaSanwitch|1|1240
|gen|9
|tier|[Gen 9 Champions] VGC 2026 Reg M-B (Bo3)
|rated|
|rule|Species Clause: Limit one of each Pokémon
|rule|Item Clause: Limit 1 of each item
|clearpoke
|poke|p1|Ceruledge, L50, F|
|poke|p1|Raichu, L50, M|
|poke|p1|Incineroar, L50, F|
|poke|p1|Sylveon, L50, F|
|poke|p1|Lopunny, L50, M|
|poke|p1|Whimsicott, L50, F|
|poke|p2|Pelipper, L50, F|
|poke|p2|Archaludon, L50, M|
|poke|p2|Venusaur, L50, F|
|poke|p2|Basculegion, L50, M|
|poke|p2|Grimmsnarl, L50, M|
|poke|p2|Charizard, L50, M|
|teampreview|4
|showteam|p1|Ceruledge||FocusSash|WeakArmor|BitterBlade,ShadowSneak,SwordsDance,CloseCombat|Jolly||F|||50|]Raichu||RaichuniteY|LightningRod|ZapCannon,FocusBlast,Protect,GrassKnot|Timid||M|||50|]Incineroar||SitrusBerry|Intimidate|FlareBlitz,PartingShot,FakeOut,DarkestLariat|Adamant||F|||50|]Sylveon||FairyFeather|Pixilate|HyperVoice,HyperBeam,CalmMind,Protect|Modest||F|||50|]Lopunny||Lopunnite|Limber|Acrobatics,FakeOut,CloseCombat,Protect|Jolly||M|||50|]Whimsicott||MentalHerb|Prankster|Tailwind,Moonblast,Encore,SunnyDay|Bold||F|||50|
|showteam|p2|Pelipper||SitrusBerry|Drizzle|WeatherBall,Hurricane,Tailwind,Protect|Modest||F|||50|]Archaludon||Leftovers|Stamina|ElectroShot,FlashCannon,DragonPulse,Protect|Modest||M|||50|]Venusaur||Venusaurite|Chlorophyll|GigaDrain,SludgeBomb,EarthPower,Protect|Modest||F|||50|]Basculegion||ChoiceScarf|Adaptability|WaveCrash,LastRespects,AquaJet,FlipTurn|Jolly||M|||50|]Grimmsnarl||LightClay|Prankster|SpiritBreak,Reflect,LightScreen,PartingShot|Sassy||M|||50|]Charizard||CharizarditeY|SolarPower|HeatWave,WeatherBall,Hurricane,Protect|Modest||M|||50|
|
|t:|1785794592
|teamsize|p1|4
|teamsize|p2|4
|start
|switch|p1a: Incineroar|Incineroar, L50, F|100/100
|switch|p1b: Sylveon|Sylveon, L50, F|100/100
|switch|p2a: Grimmsnarl|Grimmsnarl, L50, M|100/100
|switch|p2b: Venusaur|Venusaur, L50, F|100/100
|-ability|p1a: Incineroar|Intimidate|boost
|-unboost|p2a: Grimmsnarl|atk|1
|-unboost|p2b: Venusaur|atk|1
|turn|1
|
|t:|1785794653
|detailschange|p2b: Venusaur|Venusaur-Mega, L50, F
|-mega|p2b: Venusaur|Venusaur|Venusaurite
|move|p1a: Incineroar|Fake Out|p2b: Venusaur
|-damage|p2b: Venusaur|87/100
|move|p2a: Grimmsnarl|Light Screen|p2a: Grimmsnarl
|-sidestart|p2: PizzaSanwitch|move: Light Screen
|cant|p2b: Venusaur|flinch
|move|p1b: Sylveon|Calm Mind|p1b: Sylveon
|-boost|p1b: Sylveon|spa|1
|-boost|p1b: Sylveon|spd|1
|
|upkeep
|turn|2
|
|t:|1785794669
|move|p2a: Grimmsnarl|Parting Shot|p1b: Sylveon
|-unboost|p1b: Sylveon|atk|1
|-unboost|p1b: Sylveon|spa|1
|
|t:|1785794672
|switch|p2a: Archaludon|Archaludon, L50, M|100/100|[from] Parting Shot
|move|p2b: Venusaur|Sludge Bomb|p1b: Sylveon
|-supereffective|p1b: Sylveon|1
|-damage|p1b: Sylveon|57/100
|move|p1b: Sylveon|Hyper Voice|p2b: Venusaur|[spread] p2a,p2b
|-resisted|p2b: Venusaur|1
|-damage|p2a: Archaludon|67/100
|-damage|p2b: Venusaur|73/100
|-ability|p2a: Archaludon|Stamina|boost
|-boost|p2a: Archaludon|def|1
|move|p1a: Incineroar|Flare Blitz|p2b: Venusaur
|-supereffective|p2b: Venusaur|1
|-damage|p2b: Venusaur|22/100
|-damage|p1a: Incineroar|84/100|[from] Recoil
|
|-heal|p2a: Archaludon|73/100|[from] item: Leftovers
|upkeep
|turn|3
|
|t:|1785794696
|switch|p2b: Pelipper|Pelipper, L50, F|100/100
|-weather|RainDance|[from] ability: Drizzle|[of] p2b: Pelipper
|move|p2a: Archaludon|Electro Shot||[still]
|-prepare|p2a: Archaludon|Electro Shot
|-boost|p2a: Archaludon|spa|1
|-anim|p2a: Archaludon|Electro Shot|p1b: Sylveon
|-damage|p1b: Sylveon|27/100
|move|p1a: Incineroar|Flare Blitz|p2b: Pelipper
|-resisted|p2b: Pelipper|1
|-damage|p2b: Pelipper|83/100
|-damage|p1a: Incineroar|79/100|[from] Recoil
|move|p1b: Sylveon|Hyper Beam|p2a: Archaludon
|-damage|p2a: Archaludon|1/100
|-mustrecharge|p1b: Sylveon
|-ability|p2a: Archaludon|Stamina|boost
|-boost|p2a: Archaludon|def|1
|
|-weather|RainDance|[upkeep]
|-heal|p2a: Archaludon|7/100|[from] item: Leftovers
|upkeep
|turn|4
|
|t:|1785794726
|move|p2a: Archaludon|Protect|p2a: Archaludon
|-singleturn|p2a: Archaludon|Protect
|move|p2b: Pelipper|Tailwind|p2b: Pelipper
|-sidestart|p2: PizzaSanwitch|move: Tailwind
|move|p1a: Incineroar|Parting Shot|p2b: Pelipper
|-unboost|p2b: Pelipper|atk|1
|-unboost|p2b: Pelipper|spa|1
|
|t:|1785794728
|switch|p1a: Ceruledge|Ceruledge, L50, F|100/100|[from] Parting Shot
|cant|p1b: Sylveon|recharge
|
|-weather|RainDance|[upkeep]
|-heal|p2a: Archaludon|13/100|[from] item: Leftovers
|upkeep
|turn|5
|
|t:|1785794747
|move|p2a: Archaludon|Electro Shot||[still]
|-prepare|p2a: Archaludon|Electro Shot
|-boost|p2a: Archaludon|spa|1
|-anim|p2a: Archaludon|Electro Shot|p1b: Sylveon
|-damage|p1b: Sylveon|0 fnt
|faint|p1b: Sylveon
|move|p2b: Pelipper|Weather Ball|p1a: Ceruledge
|-supereffective|p1a: Ceruledge|1
|-damage|p1a: Ceruledge|15/100
|move|p1a: Ceruledge|Swords Dance|p1a: Ceruledge
|-boost|p1a: Ceruledge|atk|2
|
|-weather|RainDance|[upkeep]
|-heal|p2a: Archaludon|19/100|[from] item: Leftovers
|upkeep
|
|t:|1785794761
|switch|p1b: Incineroar|Incineroar, L50, F|79/100
|-ability|p1b: Incineroar|Intimidate|boost
|-unboost|p2a: Archaludon|atk|1
|-unboost|p2b: Pelipper|atk|1
|turn|6
|
|t:|1785794776
|move|p1b: Incineroar|Fake Out|p2b: Pelipper
|-damage|p2b: Pelipper|66/100
|move|p2a: Archaludon|Dragon Pulse|p1a: Ceruledge
|-damage|p1a: Ceruledge|0 fnt
|faint|p1a: Ceruledge
|cant|p2b: Pelipper|flinch
|
|-weather|RainDance|[upkeep]
|-heal|p2a: Archaludon|25/100|[from] item: Leftovers
|upkeep
|
|t:|1785794786
|switch|p1a: Raichu|Raichu, L50, M|100/100
|turn|7
|
|t:|1785794809
|detailschange|p1a: Raichu|Raichu-Mega-Y, L50, M
|-mega|p1a: Raichu|Raichu|Raichunite Y
|move|p2a: Archaludon|Protect|p2a: Archaludon
|-singleturn|p2a: Archaludon|Protect
|move|p1a: Raichu|Protect|p1a: Raichu
|-singleturn|p1a: Raichu|Protect
|move|p2b: Pelipper|Weather Ball|p1b: Incineroar
|-supereffective|p1b: Incineroar|1
|-damage|p1b: Incineroar|7/100
|-enditem|p1b: Incineroar|Sitrus Berry|[eat]
|-heal|p1b: Incineroar|32/100|[from] item: Sitrus Berry
|move|p1b: Incineroar|Darkest Lariat|p2b: Pelipper
|-damage|p2b: Pelipper|18/100
|-enditem|p2b: Pelipper|Sitrus Berry|[eat]
|-heal|p2b: Pelipper|42/100|[from] item: Sitrus Berry
|
|-weather|none
|-heal|p2a: Archaludon|31/100|[from] item: Leftovers
|-sideend|p2: PizzaSanwitch|move: Tailwind
|upkeep
|turn|8
|
|t:|1785794840
|switch|p2b: Grimmsnarl|Grimmsnarl, L50, M|100/100
|move|p1a: Raichu|Focus Blast|p2a: Archaludon
|-supereffective|p2a: Archaludon|1
|-damage|p2a: Archaludon|0 fnt
|faint|p2a: Archaludon
|move|p1b: Incineroar|Darkest Lariat|p2b: Grimmsnarl
|-resisted|p2b: Grimmsnarl|2
|-damage|p2b: Grimmsnarl|88/100
|
|-sideend|p2: PizzaSanwitch|move: Light Screen
|upkeep
|
|t:|1785794862
|switch|p2a: Pelipper|Pelipper, L50, F|42/100
|-weather|RainDance|[from] ability: Drizzle|[of] p2a: Pelipper
|turn|9
|inactive|Battle timer is ON: inactive players will automatically lose when time's up. (requested by PizzaSanwitch)
|
|t:|1785794909
|move|p2a: Pelipper|Protect|p2a: Pelipper
|-singleturn|p2a: Pelipper|Protect
|move|p2b: Grimmsnarl|Light Screen|p2b: Grimmsnarl
|-sidestart|p2: PizzaSanwitch|move: Light Screen
|move|p1a: Raichu|Zap Cannon|p2a: Pelipper
|-activate|p2a: Pelipper|move: Protect
|move|p1b: Incineroar|Flare Blitz|p2b: Grimmsnarl
|-crit|p2b: Grimmsnarl
|-damage|p2b: Grimmsnarl|38/100
|-damage|p1b: Incineroar|15/100|[from] Recoil
|
|-weather|RainDance|[upkeep]
|upkeep
|turn|10
|inactive|PizzaSanwitch has 30 seconds left.
|
|t:|1785794935
|move|p2b: Grimmsnarl|Reflect|p2b: Grimmsnarl
|-sidestart|p2: PizzaSanwitch|Reflect
|move|p1a: Raichu|Zap Cannon|p2a: Pelipper
|-supereffective|p2a: Pelipper|2
|-damage|p2a: Pelipper|0 fnt
|faint|p2a: Pelipper
|move|p1b: Incineroar|Flare Blitz|p2b: Grimmsnarl
|-damage|p2b: Grimmsnarl|17/100
|-damage|p1b: Incineroar|8/100|[from] Recoil
|
|-weather|RainDance|[upkeep]
|upkeep
|
|t:|1785794940
|switch|p2a: Venusaur|Venusaur-Mega, L50, F|22/100
|turn|11
|
|t:|1785794964
|move|p2b: Grimmsnarl|Parting Shot|p1a: Raichu
|-unboost|p1a: Raichu|atk|1
|-unboost|p1a: Raichu|spa|1
|move|p1a: Raichu|Zap Cannon|p2a: Venusaur
|-resisted|p2a: Venusaur|1
|-damage|p2a: Venusaur|9/100
|-status|p2a: Venusaur|par
|move|p1b: Incineroar|Flare Blitz|p2b: Grimmsnarl
|-damage|p2b: Grimmsnarl|0 fnt
|faint|p2b: Grimmsnarl
|-damage|p1b: Incineroar|2/100|[from] Recoil
|move|p2a: Venusaur|Giga Drain|p1a: Raichu
|-damage|p1a: Raichu|40/100
|-heal|p2a: Venusaur|31/100 par|[from] drain|[of] p1a: Raichu
|
|-weather|RainDance|[upkeep]
|upkeep
|turn|12
|
|t:|1785794989
|move|p1a: Raichu|Zap Cannon|p2a: Venusaur
|-resisted|p2a: Venusaur|1
|-damage|p2a: Venusaur|17/100 par
|move|p1b: Incineroar|Darkest Lariat|p2a: Venusaur
|-damage|p2a: Venusaur|0 fnt
|faint|p2a: Venusaur
|
|win|olafac
||PizzaSanwitch is ready for game 3.
||olafac is ready for game 3.
|uhtml|next|Next: Game 3 of 3
