|j|☆wait for swarley
|j|☆DanteRush
|html|wait for swarleyDanteRush    
|uhtml|bestof|Game 2 of a best-of-3
|t:|1784989291
|gametype|doubles
|player|p1|wait for swarley|volo|1190
|player|p2|DanteRush|koga|1074
|gen|9
|tier|[Gen 9 Champions] VGC 2026 Reg M-B (Bo3)
|rated|
|rule|Species Clause: Limit one of each Pokémon
|rule|Item Clause: Limit 1 of each item
|clearpoke
|poke|p1|Grimmsnarl, L50, M|
|poke|p1|Incineroar, L50, F|
|poke|p1|Maushold-Four, L50|
|poke|p1|Annihilape, L50, F|
|poke|p1|Floette-Eternal, L50, F|
|poke|p1|Raichu, L50, F|
|poke|p2|Venusaur, L50, F|
|poke|p2|Pelipper, L50, F|
|poke|p2|Grimmsnarl, L50, M|
|poke|p2|Archaludon, L50, F|
|poke|p2|Basculegion, L50, M|
|poke|p2|Metagross, L50|
|teampreview|4
|showteam|p1|Grimmsnarl||LightClay|Prankster|SpiritBreak,Reflect,LightScreen,PartingShot|Careful||M|||50|]Incineroar||SitrusBerry|Intimidate|FakeOut,FlareBlitz,ThroatChop,PartingShot|Careful||F|||50|]Maushold-Four||FocusSash|FriendGuard|FollowMe,SuperFang,Encore,Protect|Timid|||||50|]Annihilape||Leftovers|Defiant|RageFist,DrainPunch,BulkUp,Protect|Adamant||F|||50|]Floette-Eternal||Floettite|FlowerVeil|Moonblast,DrainingKiss,CalmMind,Protect|Modest||F|||50|]Raichu||RaichuniteY|LightningRod|ZapCannon,GrassKnot,FakeOut,Protect|Modest||F|||50|
|showteam|p2|Venusaur||Venusaurite|Chlorophyll|Protect,EarthPower,SludgeBomb,GigaDrain|Modest||F|||50|]Pelipper||FocusSash|Drizzle|Protect,WeatherBall,Hurricane,Tailwind|Modest||F|||50|]Grimmsnarl||LightClay|Prankster|PartingShot,SpiritBreak,Reflect,LightScreen|Careful||M|||50|]Archaludon||Leftovers|Stamina|Protect,DragonPulse,FlashCannon,ElectroShot|Calm||F|||50|]Basculegion||ChoiceScarf|Adaptability|WaveCrash,FlipTurn,AquaJet,LastRespects|Jolly||M|||50|]Metagross||Metagrossite|ClearBody|Protect,IronHead,PsychicFangs,BodyPress|Jolly|||||50|
|inactive|Battle timer is ON: inactive players will automatically lose when time's up. (requested by wait for swarley)
|inactive|DanteRush has 60 seconds left.
|
|t:|1784989325
|teamsize|p1|4
|teamsize|p2|4
|start
|switch|p1a: Grimmsnarl|Grimmsnarl, L50, M|100/100
|switch|p1b: Incineroar|Incineroar, L50, F|100/100
|switch|p2a: Pelipper|Pelipper, L50, F|100/100
|switch|p2b: Basculegion|Basculegion, L50, M|100/100
|-weather|RainDance|[from] ability: Drizzle|[of] p2a: Pelipper
|-ability|p1b: Incineroar|Intimidate|boost
|-unboost|p2a: Pelipper|atk|1
|-unboost|p2b: Basculegion|atk|1
|turn|1
|inactive|DanteRush has 30 seconds left.
|
|t:|1784989363
|move|p1b: Incineroar|Fake Out|p2a: Pelipper
|-damage|p2a: Pelipper|86/100
|move|p1a: Grimmsnarl|Reflect|p1a: Grimmsnarl
|-sidestart|p1: wait for swarley|Reflect
|move|p2b: Basculegion|Flip Turn|p1a: Grimmsnarl
|-damage|p1a: Grimmsnarl|73/100
|
|t:|1784989375
|switch|p2b: Archaludon|Archaludon, L50, F|100/100|[from] Flip Turn
|cant|p2a: Pelipper|flinch
|
|-weather|RainDance|[upkeep]
|upkeep
|turn|2
|inactive|DanteRush has 30 seconds left.
|inactive|DanteRush has 20 seconds left.
|
|t:|1784989412
|move|p1a: Grimmsnarl|Light Screen|p1a: Grimmsnarl
|-sidestart|p1: wait for swarley|move: Light Screen
|move|p2b: Archaludon|Flash Cannon|p1a: Grimmsnarl
|-supereffective|p1a: Grimmsnarl|1
|-damage|p1a: Grimmsnarl|32/100
|move|p2a: Pelipper|Weather Ball|p1b: Incineroar
|-supereffective|p1b: Incineroar|1
|-damage|p1b: Incineroar|22/100
|-enditem|p1b: Incineroar|Sitrus Berry|[eat]
|-heal|p1b: Incineroar|47/100|[from] item: Sitrus Berry
|move|p1b: Incineroar|Parting Shot|p2b: Archaludon
|-unboost|p2b: Archaludon|atk|1
|-unboost|p2b: Archaludon|spa|1
|
|t:|1784989425
|switch|p1b: Annihilape|Annihilape, L50, F|100/100|[from] Parting Shot
|
|-weather|RainDance|[upkeep]
|upkeep
|turn|3
|
|t:|1784989444
|move|p1a: Grimmsnarl|Parting Shot|p2a: Pelipper
|-unboost|p2a: Pelipper|atk|1
|-unboost|p2a: Pelipper|spa|1
|
|t:|1784989451
|switch|p1a: Raichu|Raichu, L50, F|100/100|[from] Parting Shot
|move|p1b: Annihilape|Bulk Up|p1b: Annihilape
|-boost|p1b: Annihilape|atk|1
|-boost|p1b: Annihilape|def|1
|move|p2b: Archaludon|Electro Shot||[still]
|-activate|p1a: Raichu|ability: Lightning Rod
|-prepare|p2b: Archaludon|Electro Shot
|-boost|p2b: Archaludon|spa|1
|-anim|p2b: Archaludon|Electro Shot|p1a: Raichu
|-ability|p1a: Raichu|Lightning Rod|boost
|-boost|p1a: Raichu|spa|1
|move|p2a: Pelipper|Hurricane|p1b: Annihilape
|-supereffective|p1b: Annihilape|1
|-damage|p1b: Annihilape|65/100
|
|-weather|RainDance|[upkeep]
|-heal|p1b: Annihilape|71/100|[from] item: Leftovers
|upkeep
|turn|4
|inactive|DanteRush has 30 seconds left.
|inactive|DanteRush has 20 seconds left.
|
|t:|1784989491
|detailschange|p1a: Raichu|Raichu-Mega-Y, L50, F
|-mega|p1a: Raichu|Raichu|Raichunite Y
|move|p1a: Raichu|Zap Cannon|p2a: Pelipper
|-supereffective|p2a: Pelipper|2
|-damage|p2a: Pelipper|0 fnt
|faint|p2a: Pelipper
|move|p1b: Annihilape|Bulk Up|p1b: Annihilape
|-boost|p1b: Annihilape|atk|1
|-boost|p1b: Annihilape|def|1
|move|p2b: Archaludon|Dragon Pulse|p1a: Raichu
|-damage|p1a: Raichu|67/100
|
|-weather|RainDance|[upkeep]
|-heal|p1b: Annihilape|77/100|[from] item: Leftovers
|upkeep
|inactive|DanteRush has 30 seconds left.
|
|t:|1784989520
|switch|p2a: Basculegion|Basculegion, L50, M|100/100
|turn|5
|
|t:|1784989532
|move|p1a: Raichu|Protect|p1a: Raichu
|-singleturn|p1a: Raichu|Protect
|move|p2a: Basculegion|Flip Turn|p1a: Raichu
|-activate|p1a: Raichu|move: Protect
|move|p1b: Annihilape|Rage Fist|p2a: Basculegion
|-supereffective|p2a: Basculegion|1
|-damage|p2a: Basculegion|0 fnt
|faint|p2a: Basculegion
|move|p2b: Archaludon|Electro Shot||[still]
|-prepare|p2b: Archaludon|Electro Shot
|-boost|p2b: Archaludon|spa|1
|-anim|p2b: Archaludon|Electro Shot|p1b: Annihilape
|-damage|p1b: Annihilape|44/100
|
|-weather|none
|-heal|p1b: Annihilape|50/100g|[from] item: Leftovers
|upkeep
|
|t:|1784989547
|switch|p2a: Metagross|Metagross, L50|100/100
|turn|6
|
|t:|1784989575
|detailschange|p2a: Metagross|Metagross-Mega, L50
|-mega|p2a: Metagross|Metagross|Metagrossite
|move|p1a: Raichu|Zap Cannon|p2a: Metagross
|-damage|p2a: Metagross|1/100
|-status|p2a: Metagross|par
|move|p1b: Annihilape|Drain Punch|p2b: Archaludon
|-supereffective|p2b: Archaludon|1
|-damage|p2b: Archaludon|0 fnt
|-heal|p1b: Annihilape|98/100|[from] drain|[of] p2b: Archaludon
|faint|p2b: Archaludon
|move|p2a: Metagross|Psychic Fangs|p1b: Annihilape
|-sideend|p1: wait for swarley|Reflect
|-sideend|p1: wait for swarley|move: Light Screen
|-supereffective|p1b: Annihilape|1
|-damage|p1b: Annihilape|33/100
|
|-heal|p1b: Annihilape|39/100|[from] item: Leftovers
|upkeep
|turn|7
|-message|DanteRush forfeited.
|
|win|wait for swarley
||DanteRush is ready for game 3.
|inactive|wait for swarley has 30 seconds to confirm battle start!
||wait for swarley is ready for game 3.
|uhtml|next|Next: Game 3 of 3
|l|☆DanteRush
|player|p2|
