|j|☆the pika-stralian
|j|☆ChimpDoppio
|html|the pika-stralianChimpDoppio    
|uhtml|bestof|Game 3 of a best-of-3
|t:|1756894352
|gametype|doubles
|player|p1|the pika-stralian|170|1000
|player|p2|ChimpDoppio|ingo|1000
|gen|9
|tier|[Gen 9] VGC 2025 Reg H (Bo3)
|rated|
|rule|Species Clause: Limit one of each Pokémon
|rule|Item Clause: Limit 1 of each item
|clearpoke
|poke|p1|Armarouge, L50, F|
|poke|p1|Indeedee-F, L50, F|
|poke|p1|Torkoal, L50, F|
|poke|p1|Ursaluna, L50, F|
|poke|p1|Lilligant-Hisui, L50, F|
|poke|p1|Zoroark-Hisui, L50, M|
|poke|p2|Porygon2, L50|
|poke|p2|Ursaluna, L50, F|
|poke|p2|Volcarona, L50, F|
|poke|p2|Grimmsnarl, L50, M|
|poke|p2|Annihilape, L50, M|
|poke|p2|Hydreigon, L50, F|
|teampreview|4
|showteam|p1|Armarouge||LifeOrb|FlashFire|HeatWave,ExpandingForce,EnergyBall,TrickRoom|||F|||50|,,,,,Grass]Indeedee-F||SafetyGoggles|PsychicSurge|Psychic,FollowMe,HelpingHand,TrickRoom|||F|||50|,,,,,Fairy]Torkoal||Charcoal|Drought|Eruption,EarthPower,HeatWave,Protect|||F|||50|,,,,,Fire]Ursaluna||FlameOrb|Guts|Facade,HeadlongRush,SwordsDance,Protect|||F|||50|,,,,,Ghost]Lilligant-Hisui||FocusSash|Chlorophyll|SolarBlade,CloseCombat,AfterYou,Protect|||F|||50|,,,,,Ghost]Zoroark-Hisui||ChoiceSpecs|Illusion|HyperVoice,ShadowBall,IcyWind,Trick|||M|||50|,,,,,Normal
|showteam|p2|Porygon2||Eviolite|Download|IceBeam,TeraBlast,Recover,TrickRoom||||||50|,,,,,Flying]Ursaluna||FlameOrb|Guts|Facade,Earthquake,HeadlongRush,Protect|||F|||50|,,,,,Ghost]Volcarona||SitrusBerry|FlameBody|GigaDrain,HeatWave,QuiverDance,RagePowder|||F|||50|,,,,,Dragon]Grimmsnarl||LightClay|Prankster|SpiritBreak,Reflect,LightScreen,PartingShot|||M|||50|,,,,,Ghost]Annihilape||SafetyGoggles|Defiant|Protect,BulkUp,DrainPunch,RageFist|||M|||50|,,,,,Water]Hydreigon||AssaultVest|Levitate|DracoMeteor,DarkPulse,EarthPower,FlashCannon|||F|||50|,,,,,Steel
|inactive|Battle timer is ON: inactive players will automatically lose when time's up. (requested by ChimpDoppio)
|
|t:|1756894373
|teamsize|p1|4
|teamsize|p2|4
|start
|switch|p1a: Lilligant|Lilligant-Hisui, L50, F|100/100
|switch|p1b: Torkoal|Torkoal, L50, F, shiny|100/100
|switch|p2a: Grimmsnarl|Grimmsnarl, L50, M|100/100
|switch|p2b: Volcarona|Volcarona, L50, F, shiny|100/100
|-weather|SunnyDay|[from] ability: Drought|[of] p1b: Torkoal
|turn|1
|
|t:|1756894396
|-terastallize|p2b: Volcarona|Dragon
|move|p2a: Grimmsnarl|Light Screen|p2a: Grimmsnarl
|-sidestart|p2: ChimpDoppio|move: Light Screen
|move|p1a: Lilligant|After You|p1b: Torkoal
|-activate|p1b: Torkoal|move: After You
|move|p1b: Torkoal|Eruption|p2b: Volcarona|[spread] p2a,p2b
|-resisted|p2b: Volcarona
|-damage|p2a: Grimmsnarl|50/100
|-damage|p2b: Volcarona|77/100
|move|p2b: Volcarona|Quiver Dance|p2b: Volcarona
|-boost|p2b: Volcarona|spa|1
|-boost|p2b: Volcarona|spd|1
|-boost|p2b: Volcarona|spe|1
|
|-weather|SunnyDay|[upkeep]
|upkeep
|turn|2
|
|t:|1756894419
|switch|p2b: Ursaluna|Ursaluna, L50, F|100/100
|move|p2a: Grimmsnarl|Parting Shot|p1b: Torkoal
|-unboost|p1b: Torkoal|atk|1
|-unboost|p1b: Torkoal|spa|1
|c|☆ChimpDoppio|oh my god I'm so stupid
|
|t:|1756894432
|switch|p2a: Porygon2|Porygon2, L50, shiny|100/100|[from] Parting Shot
|-ability|p2a: Porygon2|Download|boost
|-boost|p2a: Porygon2|spa|1
|move|p1a: Lilligant|Solar Blade||[still]
|-prepare|p1a: Lilligant|Solar Blade
|-anim|p1a: Lilligant|Solar Blade|p2a: Porygon2
|-damage|p2a: Porygon2|60/100
|move|p1b: Torkoal|Heat Wave|p2a: Porygon2|[spread] p2a,p2b
|-damage|p2a: Porygon2|47/100
|-damage|p2b: Ursaluna|75/100
|
|-weather|SunnyDay|[upkeep]
|-status|p2b: Ursaluna|brn|[from] item: Flame Orb
|upkeep
|turn|3
|
|t:|1756894452
|move|p2b: Ursaluna|Protect|p2b: Ursaluna
|-singleturn|p2b: Ursaluna|Protect
|move|p1a: Lilligant|Close Combat|p2a: Porygon2
|-supereffective|p2a: Porygon2
|-damage|p2a: Porygon2|0 fnt
|-unboost|p1a: Lilligant|def|1
|-unboost|p1a: Lilligant|spd|1
|faint|p2a: Porygon2
|move|p1b: Torkoal|Heat Wave|p2b: Ursaluna
|-activate|p2b: Ursaluna|move: Protect
|
|-weather|SunnyDay|[upkeep]
|-damage|p2b: Ursaluna|69/100 brn|[from] brn
|upkeep
|
|t:|1756894461
|switch|p2a: Grimmsnarl|Grimmsnarl, L50, M|50/100
|turn|4
|
|t:|1756894483
|switch|p1b: Indeedee|Indeedee-F, L50, F|100/100
|-fieldstart|move: Psychic Terrain|[from] ability: Psychic Surge|[of] p1b: Indeedee
|move|p2a: Grimmsnarl|Reflect|p2a: Grimmsnarl
|-sidestart|p2: ChimpDoppio|Reflect
|move|p1a: Lilligant|Solar Blade||[still]
|-prepare|p1a: Lilligant|Solar Blade
|-anim|p1a: Lilligant|Solar Blade|p2b: Ursaluna
|-supereffective|p2b: Ursaluna
|-damage|p2b: Ursaluna|13/100 brn
|move|p2b: Ursaluna|Earthquake|p1a: Lilligant|[spread] p2a,p1a,p1b
|-resisted|p1a: Lilligant
|-crit|p1b: Indeedee
|-damage|p2a: Grimmsnarl|0 fnt
|-damage|p1a: Lilligant|26/100
|-damage|p1b: Indeedee|10/100
|faint|p2a: Grimmsnarl
|
|-weather|SunnyDay|[upkeep]
|-damage|p2b: Ursaluna|7/100 brn|[from] brn
|upkeep
|
|t:|1756894494
|switch|p2a: Volcarona|Volcarona, L50, F, shiny, tera:Dragon|77/100
|turn|5
|
|t:|1756894518
|move|p1b: Indeedee|Helping Hand|p1a: Lilligant
|-singleturn|p1a: Lilligant|Helping Hand|[of] p1b: Indeedee
|move|p2b: Ursaluna|Protect|p2b: Ursaluna
|-singleturn|p2b: Ursaluna|Protect
|move|p1a: Lilligant|Solar Blade||[still]
|-prepare|p1a: Lilligant|Solar Blade
|-anim|p1a: Lilligant|Solar Blade|p2a: Volcarona
|-resisted|p2a: Volcarona
|-damage|p2a: Volcarona|50/100
|-status|p1a: Lilligant|brn|[from] ability: Flame Body|[of] p2a: Volcarona
|-enditem|p2a: Volcarona|Sitrus Berry|[eat]
|-heal|p2a: Volcarona|75/100|[from] item: Sitrus Berry
|move|p2a: Volcarona|Heat Wave|p1b: Indeedee|[spread] p1a,p1b
|-supereffective|p1a: Lilligant
|-damage|p1a: Lilligant|0 fnt
|-damage|p1b: Indeedee|0 fnt
|faint|p1a: Lilligant
|faint|p1b: Indeedee
|
|-weather|none
|-damage|p2b: Ursaluna|1/100 brn|[from] brn
|upkeep
|
|t:|1756894537
|switch|p1a: Torkoal|Torkoal, L50, F, shiny|100/100
|switch|p1b: Armarouge|Armarouge, L50, F|100/100
|-weather|SunnyDay|[from] ability: Drought|[of] p1a: Torkoal
|turn|6
|
|t:|1756894551
|-terastallize|p1b: Armarouge|Grass
|move|p1a: Torkoal|Protect|p1a: Torkoal
|-singleturn|p1a: Torkoal|Protect
|move|p2a: Volcarona|Quiver Dance|p2a: Volcarona
|-boost|p2a: Volcarona|spa|1
|-boost|p2a: Volcarona|spd|1
|-boost|p2a: Volcarona|spe|1
|move|p1b: Armarouge|Expanding Force|p2b: Ursaluna|[spread] p2a,p2b
|-damage|p2a: Volcarona|44/100
|-damage|p2b: Ursaluna|0 fnt
|faint|p2b: Ursaluna
|-damage|p1b: Armarouge|90/100|[from] item: Life Orb
|
|-weather|SunnyDay|[upkeep]
|upkeep
|turn|7
|
|t:|1756894570
|move|p2a: Volcarona|Giga Drain|p1b: Armarouge
|-resisted|p1b: Armarouge
|-damage|p1b: Armarouge|71/100
|-heal|p2a: Volcarona|54/100|[from] drain|[of] p1b: Armarouge
|move|p1b: Armarouge|Expanding Force|p2a: Volcarona
|-damage|p2a: Volcarona|12/100
|-damage|p1b: Armarouge|61/100|[from] item: Life Orb
|move|p1a: Torkoal|Heat Wave|p2a: Volcarona
|-resisted|p2a: Volcarona
|-damage|p2a: Volcarona|0 fnt
|faint|p2a: Volcarona
|
|win|the pika-stralian
|raw|the pika-stralian's rating: 1000 → 1040(+40 for winning)
|raw|ChimpDoppio's rating: 1000 → 1000(+0 for losing)
|c|☆ChimpDoppio|gg
|c|☆the pika-stralian|gg offers digital handshake
|l|☆the pika-stralian
|player|p1|
