|j|☆ThetaB
|j|☆ShadowArachne
|html|ThetaBShadowArachne    
|uhtml|bestof|Game 1 of a best-of-3
|t:|1783788941
|gametype|doubles
|player|p1|ThetaB|palmer|1109
|player|p2|ShadowArachne|sabrina|1033
|gen|9
|tier|[Gen 9 Champions] VGC 2026 Reg M-B (Bo3)
|rated|
|rule|Species Clause: Limit one of each Pokémon
|rule|Item Clause: Limit 1 of each item
|clearpoke
|poke|p1|Hydreigon, L50, F|
|poke|p1|Garchomp, L50, M|
|poke|p1|Metagross, L50|
|poke|p1|Charizard, L50, F|
|poke|p1|Grimmsnarl, L50, M|
|poke|p1|Toxapex, L50, F|
|poke|p2|Blastoise, L50, F|
|poke|p2|Delphox, L50, M|
|poke|p2|Incineroar, L50, M|
|poke|p2|Sneasler, L50, M|
|poke|p2|Kingambit, L50, M|
|poke|p2|Sinistcha, L50|
|teampreview|4
|showteam|p1|Hydreigon||ChoiceScarf|Levitate|HeatWave,DarkPulse,DracoMeteor,Snarl|Modest||F|||50|]Garchomp||SitrusBerry|RoughSkin|Earthquake,RockSlide,DragonClaw,Protect|Adamant||M|||50|]Metagross||Metagrossite|ClearBody|IronHead,HammerArm,BulletPunch,Protect|Adamant|||||50|]Charizard||CharizarditeY|Blaze|Protect,HeatWave,SolarBeam,WeatherBall|Timid||F|||50|]Grimmsnarl||RoseliBerry|Prankster|FakeOut,FoulPlay,Reflect,PartingShot|Sassy||M|||50|]Toxapex||Leftovers|Regenerator|Infestation,Toxic,BanefulBunker,WideGuard|Bold||F|||50|
|showteam|p2|Blastoise||Blastoisinite|RainDish|DarkPulse,WaterSpout,ShellSmash,Protect|Modest||F|||50|]Delphox||Delphoxite|Blaze|HeatWave,Psyshock,Protect,NastyPlot|Modest||M|||50|]Incineroar||LifeOrb|Intimidate|FakeOut,PartingShot,FlareBlitz,CloseCombat|Adamant||M|||50|]Sneasler||FocusSash|PoisonTouch|CloseCombat,FakeOut,PoisonJab,Protect|Adamant||M|||50|]Kingambit||BlackGlasses|Defiant|KowtowCleave,SuckerPunch,Protect,SwordsDance|Adamant||M|||50|]Sinistcha||ColburBerry|Hospitality|MatchaGotcha,TrickRoom,RagePowder,Protect|Modest|||||50|
|
|t:|1783788973
|teamsize|p1|4
|teamsize|p2|4
|start
|switch|p1a: Charizard|Charizard, L50, F|100/100
|switch|p1b: Hydreigon|Hydreigon, L50, F|100/100
|switch|p2a: Incineroar|Incineroar, L50, M|100/100
|switch|p2b: Sneasler|Sneasler, L50, M|100/100
|-ability|p2a: Incineroar|Intimidate|boost
|-unboost|p1a: Charizard|atk|1
|-unboost|p1b: Hydreigon|atk|1
|turn|1
|
|t:|1783788993
|switch|p1b: Toxapex|Toxapex, L50, F|100/100
|switch|p1a: Grimmsnarl|Grimmsnarl, L50, M|100/100
|move|p2b: Sneasler|Fake Out|p1a: Grimmsnarl
|-damage|p1a: Grimmsnarl|84/100
|move|p2a: Incineroar|Close Combat|p1b: Toxapex
|-resisted|p1b: Toxapex|1
|-damage|p1b: Toxapex|82/100
|-unboost|p2a: Incineroar|def|1
|-unboost|p2a: Incineroar|spd|1
|-damage|p2a: Incineroar|90/100|[from] item: Life Orb
|
|-heal|p1b: Toxapex|88/100|[from] item: Leftovers
|upkeep
|turn|2
|
|t:|1783789015
|move|p2b: Sneasler|Protect|p2b: Sneasler
|-singleturn|p2b: Sneasler|Protect
|move|p1a: Grimmsnarl|Fake Out|p2b: Sneasler
|-activate|p2b: Sneasler|move: Protect
|move|p2a: Incineroar|Parting Shot|p1b: Toxapex
|-unboost|p1b: Toxapex|atk|1
|-unboost|p1b: Toxapex|spa|1
|
|t:|1783789023
|switch|p2a: Delphox|Delphox, L50, M|100/100|[from] Parting Shot
|move|p1b: Toxapex|Toxic|p2a: Delphox
|-status|p2a: Delphox|tox
|
|-heal|p1b: Toxapex|94/100|[from] item: Leftovers
|-damage|p2a: Delphox|94/100 tox|[from] psn
|upkeep
|turn|3
|
|t:|1783789039
|detailschange|p2a: Delphox|Delphox-Mega, L50, M
|-mega|p2a: Delphox|Delphox|Delphoxite
|move|p1a: Grimmsnarl|Parting Shot|p2a: Delphox
|-unboost|p2a: Delphox|atk|1
|-unboost|p2a: Delphox|spa|1
|
|t:|1783789044
|switch|p1a: Hydreigon|Hydreigon, L50, F|100/100|[from] Parting Shot
|move|p2a: Delphox|Psyshock|p1b: Toxapex
|-supereffective|p1b: Toxapex|1
|-damage|p1b: Toxapex|47/100
|move|p2b: Sneasler|Close Combat|p1a: Hydreigon
|-supereffective|p1a: Hydreigon|1
|-damage|p1a: Hydreigon|0 fnt
|-unboost|p2b: Sneasler|def|1
|-unboost|p2b: Sneasler|spd|1
|faint|p1a: Hydreigon
|move|p1b: Toxapex|Infestation|p2a: Delphox
|-damage|p2a: Delphox|92/100 tox
|-activate|p2a: Delphox|move: Infestation|[of] p1b: Toxapex
|
|-heal|p1b: Toxapex|52/100|[from] item: Leftovers
|-damage|p2a: Delphox|80/100 tox|[from] psn
|-damage|p2a: Delphox|68/100 tox|[from] move: Infestation|[partiallytrapped]
|upkeep
|
|t:|1783789062
|switch|p1a: Grimmsnarl|Grimmsnarl, L50, M|84/100
|turn|4
|
|t:|1783789074
|move|p1a: Grimmsnarl|Fake Out|p2a: Delphox
|-damage|p2a: Delphox|53/100 tox
|cant|p2a: Delphox|flinch
|move|p2b: Sneasler|Poison Jab|p1a: Grimmsnarl
|-supereffective|p1a: Grimmsnarl|1
|-damage|p1a: Grimmsnarl|0 fnt
|faint|p1a: Grimmsnarl
|move|p1b: Toxapex|Infestation|p2b: Sneasler
|-resisted|p2b: Sneasler|2
|-damage|p2b: Sneasler|99/100
|-activate|p2b: Sneasler|move: Infestation|[of] p1b: Toxapex
|
|-heal|p1b: Toxapex|58/100|[from] item: Leftovers
|-damage|p2a: Delphox|35/100 tox|[from] psn
|-damage|p2a: Delphox|23/100 tox|[from] move: Infestation|[partiallytrapped]
|-damage|p2b: Sneasler|87/100|[from] move: Infestation|[partiallytrapped]
|upkeep
|
|t:|1783789086
|switch|p1a: Charizard|Charizard, L50, F|100/100
|turn|5
|
|t:|1783789098
|detailschange|p1a: Charizard|Charizard-Mega-Y, L50, F
|-mega|p1a: Charizard|Charizard|Charizardite Y
|-weather|SunnyDay|[from] ability: Drought|[of] p1a: Charizard
|move|p1b: Toxapex|Baneful Bunker|p1b: Toxapex
|-singleturn|p1b: Toxapex|move: Protect
|move|p2a: Delphox|Psyshock|p1b: Toxapex
|-activate|p1b: Toxapex|move: Protect
|move|p1a: Charizard|Weather Ball|p2b: Sneasler
|-damage|p2b: Sneasler|0 fnt
|faint|p2b: Sneasler
|
|-weather|SunnyDay|[upkeep]
|-heal|p1b: Toxapex|64/100|[from] item: Leftovers
|-damage|p2a: Delphox|0 fnt|[from] psn
|faint|p2a: Delphox
|upkeep
|
|t:|1783789118
|switch|p2a: Kingambit|Kingambit, L50, M|100/100
|switch|p2b: Incineroar|Incineroar, L50, M|90/100
|-ability|p2b: Incineroar|Intimidate|boost
|-unboost|p1a: Charizard|atk|1
|-unboost|p1b: Toxapex|atk|1
|turn|6
|
|t:|1783789134
|move|p2b: Incineroar|Fake Out|p1a: Charizard
|-crit|p1a: Charizard
|-damage|p1a: Charizard|69/100
|-damage|p2b: Incineroar|80/100|[from] item: Life Orb
|cant|p1a: Charizard|flinch
|move|p2a: Kingambit|Kowtow Cleave|p1b: Toxapex
|-damage|p1b: Toxapex|26/100
|move|p1b: Toxapex|Toxic|p2b: Incineroar
|-status|p2b: Incineroar|tox
|
|-weather|SunnyDay|[upkeep]
|-heal|p1b: Toxapex|31/100|[from] item: Leftovers
|-damage|p2b: Incineroar|74/100 tox|[from] psn
|upkeep
|turn|7
|
|t:|1783789168
|move|p2a: Kingambit|Sucker Punch|p1a: Charizard
|-damage|p1a: Charizard|19/100
|move|p1a: Charizard|Weather Ball|p2a: Kingambit
|-supereffective|p2a: Kingambit|1
|-damage|p2a: Kingambit|0 fnt
|faint|p2a: Kingambit
|move|p2b: Incineroar|Flare Blitz|p1a: Charizard
|-resisted|p1a: Charizard|1
|-damage|p1a: Charizard|0 fnt
|faint|p1a: Charizard
|-damage|p2b: Incineroar|67/100 tox|[from] Recoil
|-damage|p2b: Incineroar|57/100 tox|[from] item: Life Orb
|move|p1b: Toxapex|Infestation|p2b: Incineroar
|-damage|p2b: Incineroar|55/100 tox
|-activate|p2b: Incineroar|move: Infestation|[of] p1b: Toxapex
|
|-weather|SunnyDay|[upkeep]
|-heal|p1b: Toxapex|37/100|[from] item: Leftovers
|-damage|p2b: Incineroar|43/100 tox|[from] psn
|-damage|p2b: Incineroar|31/100 tox|[from] move: Infestation|[partiallytrapped]
|upkeep
|turn|8
|
|t:|1783789191
|move|p1b: Toxapex|Baneful Bunker|p1b: Toxapex
|-singleturn|p1b: Toxapex|move: Protect
|move|p2b: Incineroar|Close Combat|p1b: Toxapex
|-activate|p1b: Toxapex|move: Protect
|
|-weather|SunnyDay|[upkeep]
|-heal|p1b: Toxapex|43/100|[from] item: Leftovers
|-damage|p2b: Incineroar|13/100 tox|[from] psn
|-damage|p2b: Incineroar|1/100 tox|[from] move: Infestation|[partiallytrapped]
|upkeep
|turn|9
|
|t:|1783789204
|move|p2b: Incineroar|Flare Blitz|p1b: Toxapex
|-resisted|p1b: Toxapex|1
|-damage|p1b: Toxapex|6/100
|-damage|p2b: Incineroar|0 fnt|[from] Recoil
|faint|p2b: Incineroar
|
|win|ThetaB
||ThetaB is ready for game 2.
|inactive|ShadowArachne has 30 seconds to confirm battle start!
||ShadowArachne is ready for game 2.
|uhtml|next|Next: Game 2 of 3
|l|☆ShadowArachne
|player|p2|
