|j|☆vilan333
|j|☆SP-9733
|html|vilan333SP-9733    
|uhtml|bestof|Game 2 of a best-of-3
|t:|1782364713
|gametype|doubles
|player|p1|vilan333|marshal|1154
|player|p2|SP-9733|n|1178
|gen|9
|tier|[Gen 9 Champions] VGC 2026 Reg M-B (Bo3)
|rated|
|rule|Species Clause: Limit one of each Pokémon
|rule|Item Clause: Limit 1 of each item
|clearpoke
|poke|p1|Vileplume, L50, F|
|poke|p1|Kangaskhan, L50, F|
|poke|p1|Farigiraf, L50, M|
|poke|p1|Torkoal, L50, F|
|poke|p1|Basculegion, L50, M|
|poke|p1|Kommo-o, L50, M|
|poke|p2|Swampert, L50, M|
|poke|p2|Pelipper, L50, F|
|poke|p2|Archaludon, L50, M|
|poke|p2|Sneasler, L50, F|
|poke|p2|Whimsicott, L50, F|
|poke|p2|Staraptor, L50, M|
|teampreview|4
|showteam|p1|Vileplume||FocusSash|Chlorophyll|SludgeBomb,EnergyBall,SleepPowder,AfterYou|Timid||F|||50|]Kangaskhan||Kangaskhanite|Scrappy|DoubleEdge,FakeOut,LowKick,SuckerPunch|Adamant||F|||50|]Farigiraf||ColburBerry|ArmorTail|HyperVoice,Psychic,Protect,TrickRoom|Quiet||M|||50|]Torkoal||Charcoal|Drought|Eruption,WeatherBall,EarthPower,Protect|Quiet||F|||50|]Basculegion||ChoiceScarf|Adaptability|AquaJet,WaveCrash,LastRespects,FlipTurn|Jolly||M|||50|]Kommo-o||HabanBerry|Overcoat|ClangingScales,AuraSphere,Protect,ClangorousSoul|Modest||M|||50|
|showteam|p2|Swampert||Swampertite|Torrent|WaveCrash,Earthquake,Protect,IcePunch|Adamant||M|||50|]Pelipper||SharpBeak|Drizzle|WeatherBall,Hurricane,WideGuard,Tailwind|Modest||F|||50|]Archaludon||Leftovers|Stamina|ElectroShot,FlashCannon,DragonPulse,Protect|Modest||M|||50|]Sneasler||WhiteHerb|Unburden|FakeOut,CloseCombat,DireClaw,Coaching|Jolly||F|||50|]Whimsicott||FocusSash|Prankster|Tailwind,Encore,WorrySeed,EnergyBall|Timid||F|||50|]Staraptor||ChoiceScarf|Intimidate|DualWingbeat,CloseCombat,FinalGambit,Uturn|Adamant||M|||50|
|inactive|Battle timer is ON: inactive players will automatically lose when time's up. (requested by SP-9733)
|
|t:|1782364740
|teamsize|p1|4
|teamsize|p2|4
|start
|switch|p1a: Kangaskhan|Kangaskhan, L50, F|100/100
|switch|p1b: Kommo-o|Kommo-o, L50, M|100/100
|switch|p2a: Staraptor|Staraptor, L50, M|100/100
|switch|p2b: Sneasler|Sneasler, L50, F|100/100
|-ability|p2a: Staraptor|Intimidate|boost
|-fail|p1a: Kangaskhan|unboost|Attack|[from] ability: Scrappy|[of] p1a: Kangaskhan
|-unboost|p1b: Kommo-o|atk|1
|turn|1
|inactive|vilan333 has 30 seconds left.
|inactive|vilan333 has 20 seconds left.
|inactive|vilan333 has 15 seconds left.
|
|t:|1782364781
|switch|p1b: GOAT|Vileplume, L50, F|100/100
|detailschange|p1a: Kangaskhan|Kangaskhan-Mega, L50, F
|-mega|p1a: Kangaskhan|Kangaskhan|Kangaskhanite
|move|p2b: Sneasler|Fake Out|p1b: GOAT
|-damage|p1b: GOAT|80/100
|move|p2a: Staraptor|Final Gambit|p1a: Kangaskhan
|-damage|p1a: Kangaskhan|9/100
|faint|p2a: Staraptor
|move|p1a: Kangaskhan|Double-Edge|p2b: Sneasler
|-damage|p2b: Sneasler|5/100
|-damage|p2b: Sneasler|0 fnt
|faint|p2b: Sneasler
|-hitcount|p2: Sneasler|2
|-damage|p1a: Kangaskhan|0 fnt|[from] Recoil
|faint|p1a: Kangaskhan
|
|upkeep
|
|t:|1782364803
|switch|p2b: Swampert|Swampert, L50, M|100/100
|switch|p2a: Pelipper|Pelipper, L50, F|100/100
|switch|p1a: Torkoal|Torkoal, L50, F|100/100
|-weather|RainDance|[from] ability: Drizzle|[of] p2a: Pelipper
|-weather|SunnyDay|[from] ability: Drought|[of] p1a: Torkoal
|turn|2
|inactive|vilan333 has 30 seconds left.
|
|t:|1782364831
|detailschange|p2b: Swampert|Swampert-Mega, L50, M
|-mega|p2b: Swampert|Swampert|Swampertite
|move|p2b: Swampert|Protect|p2b: Swampert
|-singleturn|p2b: Swampert|Protect
|move|p1a: Torkoal|Protect|p1a: Torkoal
|-singleturn|p1a: Torkoal|Protect
|move|p1b: GOAT|Sleep Powder|p2a: Pelipper|[miss]
|-miss|p1b: GOAT|p2a: Pelipper
|move|p2a: Pelipper|Tailwind|p2a: Pelipper
|-sidestart|p2: SP-9733|move: Tailwind
|
|-weather|SunnyDay|[upkeep]
|upkeep
|turn|3
|
|t:|1782364850
|move|p2b: Swampert|Ice Punch|p1b: GOAT
|-supereffective|p1b: GOAT|1
|-damage|p1b: GOAT|0 fnt
|faint|p1b: GOAT
|move|p2a: Pelipper|Hurricane|p1a: Torkoal|[miss]
|-miss|p2a: Pelipper|p1a: Torkoal
|move|p1a: Torkoal|Weather Ball|p2a: Pelipper
|-resisted|p2a: Pelipper|1
|-damage|p2a: Pelipper|43/100
|
|-weather|SunnyDay|[upkeep]
|upkeep
|
|t:|1782364862
|switch|p1b: Kommo-o|Kommo-o, L50, M|100/100
|turn|4
|
|t:|1782364869
|move|p2b: Swampert|Earthquake|p1a: Torkoal|[spread] p1a,p1b
|-immune|p2a: Pelipper
|-supereffective|p1a: Torkoal|1
|-damage|p1a: Torkoal|35/100
|-damage|p1b: Kommo-o|61/100
|move|p2a: Pelipper|Hurricane|p1b: Kommo-o|[miss]
|-miss|p2a: Pelipper|p1b: Kommo-o
|move|p1b: Kommo-o|Clangorous Soul|p1b: Kommo-o
|-boost|p1b: Kommo-o|atk|1
|-boost|p1b: Kommo-o|def|1
|-boost|p1b: Kommo-o|spa|1
|-boost|p1b: Kommo-o|spd|1
|-boost|p1b: Kommo-o|spe|1
|-damage|p1b: Kommo-o|28/100
|move|p1a: Torkoal|Weather Ball|p2a: Pelipper
|-resisted|p2a: Pelipper|1
|-damage|p2a: Pelipper|0 fnt
|faint|p2a: Pelipper
|
|-weather|SunnyDay|[upkeep]
|upkeep
|turn|5
|
|t:|1782364892
|move|p1b: Kommo-o|Protect|p1b: Kommo-o
|-singleturn|p1b: Kommo-o|Protect
|move|p1a: Torkoal|Protect|p1a: Torkoal
|-singleturn|p1a: Torkoal|Protect
|move|p2b: Swampert|Earthquake|p1a: Torkoal|[spread] 
|-activate|p1a: Torkoal|move: Protect
|-activate|p1b: Kommo-o|move: Protect
|
|-weather|SunnyDay|[upkeep]
|-sideend|p2: SP-9733|move: Tailwind
|upkeep
|turn|6
|
|t:|1782364911
|move|p2b: Swampert|Protect|p2b: Swampert
|-singleturn|p2b: Swampert|Protect
|move|p1b: Kommo-o|Clanging Scales|p2b: Swampert
|-activate|p2b: Swampert|move: Protect
|move|p1a: Torkoal|Earth Power|p2b: Swampert
|-activate|p2b: Swampert|move: Protect
|
|-weather|none
|upkeep
|turn|7
|
|t:|1782364923
|move|p1b: Kommo-o|Clanging Scales|p2b: Swampert
|-damage|p2b: Swampert|27/100
|-unboost|p1b: Kommo-o|def|1
|move|p2b: Swampert|Ice Punch|p1b: Kommo-o
|-supereffective|p1b: Kommo-o|1
|-damage|p1b: Kommo-o|0 fnt
|faint|p1b: Kommo-o
|move|p1a: Torkoal|Earth Power|p2b: Swampert
|-crit|p2b: Swampert
|-damage|p2b: Swampert|0 fnt
|faint|p2b: Swampert
|
|win|vilan333
||SP-9733 is ready for game 3.
|inactive|vilan333 has 30 seconds to confirm battle start!
|l|☆SP-9733
|player|p2|
