|j|☆Shahrozkhan096
|j|☆omg_pokemon_wow
|html|Shahrozkhan096omg_pokemon_wow    
|uhtml|bestof|Game 1 of a best-of-3
|t:|1783267844
|gametype|doubles
|player|p1|Shahrozkhan096|102|
|player|p2|omg_pokemon_wow|2|
|gen|9
|tier|[Gen 9 Champions] VGC 2026 Reg M-B (Bo3)
|rule|Species Clause: Limit one of each Pokémon
|rule|Item Clause: Limit 1 of each item
|clearpoke
|poke|p1|Charizard, L50, F, shiny|
|poke|p1|Tyrantrum, L50, F, shiny|
|poke|p1|Talonflame, L50, F|
|poke|p1|Sinistcha, L50|
|poke|p1|Milotic, L50, M, shiny|
|poke|p1|Machamp, L50, F|
|poke|p2|Lucario, L50, M|
|poke|p2|Incineroar, L50, F|
|poke|p2|Gholdengo, L50|
|poke|p2|Snorlax, L50, M|
|poke|p2|Rotom-Wash, L50|
|poke|p2|Corviknight, L50, F|
|teampreview|4
|showteam|p1|Charizard||CharizarditeY|Blaze|HeatWave,WeatherBall,SolarBeam,Protect|Modest||F|||50|]Tyrantrum||ChoiceScarf|RockHead|HeadSmash,RockSlide,DragonClaw,Crunch|Jolly||F|||50|]Talonflame||FocusSash|GaleWings|Tailwind,BraveBird,FlareBlitz,Protect|Adamant||F|||50|]Sinistcha||SitrusBerry|Hospitality|MatchaGotcha,RagePowder,Protect,StrengthSap|Bold|||||50|]Milotic||Leftovers|Competitive|Scald,IceBeam,Protect,Recover|Modest||M|||50|]Machamp||QuickClaw|NoGuard|DynamicPunch,Detect,BulkUp,DarkestLariat|Adamant||F|||50|
|showteam|p2|Lucario||Lucarionite|Steadfast|BulletPunch,CloseCombat,RockSlide,Protect|Jolly||M|||50|]Incineroar||SitrusBerry|Intimidate|FakeOut,PartingShot,FlareBlitz,Protect|Careful||F|||50|]Gholdengo||LifeOrb|GoodasGold|MakeItRain,ShadowBall,PowerGem,Protect|Timid|||||50|]Snorlax||BrightPowder|ThickFat|BodySlam,RockSlide,ThunderPunch,Curse|Adamant||M|||50|]Rotom-Wash||Leftovers|Levitate|VoltSwitch,HydroPump,Thunderbolt,Protect|Modest|||||50|]Corviknight||MetalCoat|MirrorArmor|IronHead,Tailwind,Protect,BraveBird|Impish||F|||50|
|j| babayaga27
|c| babayaga27|glhf!
|j| Cbilla
|
|t:|1783268124
|teamsize|p1|4
|teamsize|p2|4
|start
|switch|p1a: Milotic|Milotic, L50, M, shiny|100/100
|switch|p1b: Talonflame|Talonflame, L50, F|100/100
|switch|p2a: Lucario|Lucario, L50, M|100/100
|switch|p2b: Incineroar|Incineroar, L50, F|100/100
|-ability|p2b: Incineroar|Intimidate|boost
|-unboost|p1a: Milotic|atk|1
|-ability|p1a: Milotic|Competitive|boost
|-boost|p1a: Milotic|spa|2
|-unboost|p1b: Talonflame|atk|1
|turn|1
|l| Cbilla
|
|t:|1783268251
|detailschange|p2a: Lucario|Lucario-Mega, L50, M
|-mega|p2a: Lucario|Lucario|Lucarionite
|move|p1b: Talonflame|Protect|p1b: Talonflame
|-singleturn|p1b: Talonflame|Protect
|move|p1a: Milotic|Protect|p1a: Milotic
|-singleturn|p1a: Milotic|Protect
|move|p2b: Incineroar|Fake Out|p1a: Milotic
|-activate|p1a: Milotic|move: Protect
|move|p2a: Lucario|Rock Slide|p1a: Milotic|[spread] 
|-activate|p1a: Milotic|move: Protect
|-activate|p1b: Talonflame|move: Protect
|
|upkeep
|turn|2
|
|t:|1783268305
|switch|p2a: Snorlax|Snorlax, L50, M|100/100
|switch|p2b: Rotom|Rotom-Wash, L50|100/100
|move|p1b: Talonflame|Tailwind|p1b: Talonflame
|-sidestart|p1: Shahrozkhan096|move: Tailwind
|move|p1a: Milotic|Scald|p2b: Rotom
|-resisted|p2b: Rotom|1
|-damage|p2b: Rotom|57/100
|
|-heal|p2b: Rotom|63/100|[from] item: Leftovers
|upkeep
|turn|3
|
|t:|1783268354
|move|p1b: Talonflame|Brave Bird|p2b: Rotom
|-resisted|p2b: Rotom|1
|-damage|p2b: Rotom|46/100
|-damage|p1b: Talonflame|94/100|[from] Recoil
|move|p1a: Milotic|Scald|p2a: Snorlax
|-damage|p2a: Snorlax|53/100
|-status|p2a: Snorlax|brn
|move|p2b: Rotom|Thunderbolt|p1a: Milotic
|-supereffective|p1a: Milotic|1
|-damage|p1a: Milotic|31/100
|move|p2a: Snorlax|Rock Slide|p1b: Talonflame|[spread] p1a,p1b
|-supereffective|p1b: Talonflame|2
|-damage|p1a: Milotic|21/100
|-damage|p1b: Talonflame|37/100
|
|-heal|p1a: Milotic|27/100|[from] item: Leftovers
|-heal|p2b: Rotom|52/100|[from] item: Leftovers
|-damage|p2a: Snorlax|47/100 brn|[from] brn
|upkeep
|turn|4
|
|t:|1783268380
|move|p2b: Rotom|Protect|p2b: Rotom
|-singleturn|p2b: Rotom|Protect
|move|p1b: Talonflame|Brave Bird|p2a: Snorlax
|-damage|p2a: Snorlax|17/100 brn
|-damage|p1b: Talonflame|20/100y|[from] Recoil
|move|p1a: Milotic|Scald|p2b: Rotom
|-activate|p2b: Rotom|move: Protect
|move|p2a: Snorlax|Rock Slide|p1a: Milotic|[spread] p1a
|-miss|p2a: Snorlax|p1b: Talonflame
|-damage|p1a: Milotic|16/100
|
|-heal|p1a: Milotic|22/100|[from] item: Leftovers
|-heal|p2b: Rotom|57/100|[from] item: Leftovers
|-damage|p2a: Snorlax|11/100 brn|[from] brn
|upkeep
|turn|5
|
|t:|1783268419
|move|p1b: Talonflame|Protect|p1b: Talonflame
|-singleturn|p1b: Talonflame|Protect
|move|p1a: Milotic|Scald|p2b: Rotom
|-resisted|p2b: Rotom|1
|-damage|p2b: Rotom|17/100
|-status|p2b: Rotom|brn
|move|p2b: Rotom|Thunderbolt|p1a: Milotic
|-supereffective|p1a: Milotic|1
|-damage|p1a: Milotic|0 fnt
|faint|p1a: Milotic
|move|p2a: Snorlax|Rock Slide|p1b: Talonflame
|-activate|p1b: Talonflame|move: Protect
|
|-heal|p2b: Rotom|23/100 brn|[from] item: Leftovers
|-damage|p2b: Rotom|17/100 brn|[from] brn
|-damage|p2a: Snorlax|5/100 brn|[from] brn
|-sideend|p1: Shahrozkhan096|move: Tailwind
|upkeep
|
|t:|1783268445
|switch|p1a: Charizard|Charizard, L50, F, shiny|100/100
|turn|6
|
|t:|1783268476
|detailschange|p1a: Charizard|Charizard-Mega-Y, L50, F, shiny
|-mega|p1a: Charizard|Charizard|Charizardite Y
|-weather|SunnyDay|[from] ability: Drought|[of] p1a: Charizard
|move|p2b: Rotom|Protect|p2b: Rotom
|-singleturn|p2b: Rotom|Protect
|move|p1b: Talonflame|Tailwind|p1b: Talonflame
|-sidestart|p1: Shahrozkhan096|move: Tailwind
|move|p1a: Charizard|Heat Wave|p2b: Rotom|[spread] p2a
|-activate|p2b: Rotom|move: Protect
|-damage|p2a: Snorlax|0 fnt
|faint|p2a: Snorlax
|
|-weather|SunnyDay|[upkeep]
|-heal|p2b: Rotom|23/100 brn|[from] item: Leftovers
|-damage|p2b: Rotom|17/100 brn|[from] brn
|upkeep
|
|t:|1783268504
|switch|p2a: Lucario|Lucario-Mega, L50, M|100/100
|turn|7
|
|t:|1783268558
|move|p2a: Lucario|Protect|p2a: Lucario
|-singleturn|p2a: Lucario|Protect
|move|p1b: Talonflame|Brave Bird|p2b: Rotom
|-resisted|p2b: Rotom|1
|-damage|p2b: Rotom|0 fnt
|faint|p2b: Rotom
|-damage|p1b: Talonflame|14/100|[from] Recoil
|move|p1a: Charizard|Weather Ball|p2a: Lucario
|-activate|p2a: Lucario|move: Protect
|
|-weather|SunnyDay|[upkeep]
|upkeep
|
|t:|1783268571
|switch|p2b: Incineroar|Incineroar, L50, F|100/100
|-ability|p2b: Incineroar|Intimidate|boost
|-unboost|p1a: Charizard|atk|1
|-unboost|p1b: Talonflame|atk|1
|turn|8
|
|t:|1783268604
|move|p1b: Talonflame|Protect|p1b: Talonflame
|-singleturn|p1b: Talonflame|Protect
|move|p2b: Incineroar|Fake Out|p1b: Talonflame
|-activate|p1b: Talonflame|move: Protect
|move|p1a: Charizard|Weather Ball|p2a: Lucario
|-supereffective|p2a: Lucario|1
|-damage|p2a: Lucario|0 fnt
|faint|p2a: Lucario
|
|-weather|SunnyDay|[upkeep]
|upkeep
|turn|9
|
|t:|1783268631
|move|p2b: Incineroar|Protect|p2b: Incineroar
|-singleturn|p2b: Incineroar|Protect
|move|p1b: Talonflame|Brave Bird|p2b: Incineroar
|-activate|p2b: Incineroar|move: Protect
|move|p1a: Charizard|Weather Ball|p2b: Incineroar
|-activate|p2b: Incineroar|move: Protect
|
|-weather|SunnyDay|[upkeep]
|-sideend|p1: Shahrozkhan096|move: Tailwind
|upkeep
|turn|10
|
|t:|1783268650
|move|p1b: Talonflame|Brave Bird|p2b: Incineroar
|-damage|p2b: Incineroar|74/100
|-damage|p1b: Talonflame|3/100|[from] Recoil
|move|p1a: Charizard|Weather Ball|p2b: Incineroar
|-resisted|p2b: Incineroar|1
|-damage|p2b: Incineroar|35/100
|-enditem|p2b: Incineroar|Sitrus Berry|[eat]
|-heal|p2b: Incineroar|59/100|[from] item: Sitrus Berry
|move|p2b: Incineroar|Flare Blitz|p1b: Talonflame
|-resisted|p1b: Talonflame|1
|-damage|p1b: Talonflame|0 fnt
|faint|p1b: Talonflame
|-damage|p2b: Incineroar|58/100|[from] Recoil
|
|-weather|none
|upkeep
|
|t:|1783268665
|switch|p1b: Sinistcha|Sinistcha, L50|100/100
|turn|11
|
|t:|1783268679
|move|p1a: Charizard|Heat Wave|p2b: Incineroar
|-resisted|p2b: Incineroar|1
|-damage|p2b: Incineroar|31/100
|move|p1b: Sinistcha|Strength Sap|p2b: Incineroar
|-unboost|p2b: Incineroar|atk|1
|move|p2b: Incineroar|Flare Blitz|p1b: Sinistcha
|-supereffective|p1b: Sinistcha|1
|-damage|p1b: Sinistcha|36/100
|-enditem|p1b: Sinistcha|Sitrus Berry|[eat]
|-heal|p1b: Sinistcha|61/100|[from] item: Sitrus Berry
|-damage|p2b: Incineroar|16/100|[from] Recoil
|
|upkeep
|turn|12
|
|t:|1783268699
|move|p1a: Charizard|Heat Wave|p2b: Incineroar
|-resisted|p2b: Incineroar|1
|-damage|p2b: Incineroar|0 fnt
|faint|p2b: Incineroar
|
|win|Shahrozkhan096
