|j|☆UmbryFuuro
|j|☆latios66
|html|UmbryFuurolatios66    
|uhtml|bestof|Game 3 of a best-of-3
|t:|1785351906
|gametype|doubles
|player|p1|UmbryFuuro|canari|
|player|p2|latios66|102|
|gen|9
|tier|[Gen 9 Champions] VGC 2026 Reg M-B (Bo3)
|rule|Species Clause: Limit one of each Pokémon
|rule|Item Clause: Limit 1 of each item
|clearpoke
|poke|p1|Garchomp, L50, F, shiny|
|poke|p1|Talonflame, L50, F, shiny|
|poke|p1|Eelektross, L50, F, shiny|
|poke|p1|Farigiraf, L50, F, shiny|
|poke|p1|Kingambit, L50, F, shiny|
|poke|p1|Blaziken, L50, M, shiny|
|poke|p2|Ninetales-Alola, L50, M|
|poke|p2|Skeledirge, L50, M, shiny|
|poke|p2|Kingambit, L50, M|
|poke|p2|Aerodactyl, L50, M, shiny|
|poke|p2|Sneasler, L50, F|
|poke|p2|Basculegion, L50, M|
|teampreview|4
|showteam|p1|Garchomp||LifeOrb|RoughSkin|DragonClaw,RockSlide,Earthquake,Protect|Jolly||F|||50|]Talonflame||SharpBeak|GaleWings|DualWingbeat,Taunt,Tailwind,WillOWisp|Jolly||F|||50|]Eelektross||Eelektrossite|Levitate|Thunderbolt,Discharge,GrassKnot,Protect|Modest||F|||50|]Farigiraf||SitrusBerry|ArmorTail|Thunderbolt,TwinBeam,HelpingHand,TrickRoom|Bold||F|||50|]Kingambit||BlackGlasses|Defiant|SuckerPunch,KowtowCleave,IronHead,Protect|Adamant||F|||50|]Blaziken||FocusSash|SpeedBoost|Detect,AuraSphere,HeatWave,StoneEdge|Naive||M|||50|
|showteam|p2|Ninetales-Alola||LightClay|SnowWarning|Blizzard,AuroraVeil,FreezeDry,Protect|Timid||M|||50|]Skeledirge||Leftovers|Unaware|TorchSong,EarthPower,WillOWisp,SlackOff|Calm||M|||50|]Kingambit||BlackGlasses|Defiant|KowtowCleave,SuckerPunch,SwordsDance,Protect|Adamant||M|||50|]Aerodactyl||Aerodactylite|Unnerve|Tailwind,IceFang,RockSlide,DualWingbeat|Jolly||M|||50|]Sneasler||FocusSash|PoisonTouch|FakeOut,DireClaw,CloseCombat,QuickGuard|Jolly||F|||50|]Basculegion||LifeOrb|Adaptability|WaveCrash,LastRespects,Protect,AquaJet|Adamant||M|||50|
|
|t:|1785351956
|teamsize|p1|4
|teamsize|p2|4
|start
|switch|p1a: Canary|Eelektross, L50, F, shiny|100/100
|switch|p1b: Cynthia|Garchomp, L50, F, shiny|100/100
|switch|p2a: Sneasler|Sneasler, L50, F|100/100
|switch|p2b: Aerodactyl|Aerodactyl, L50, M, shiny|100/100
|-ability|p2b: Aerodactyl|Unnerve
|turn|1
|
|t:|1785351980
|detailschange|p2b: Aerodactyl|Aerodactyl-Mega, L50, M, shiny
|-mega|p2b: Aerodactyl|Aerodactyl|Aerodactylite
|move|p1b: Cynthia|Protect|p1b: Cynthia
|-singleturn|p1b: Cynthia|Protect
|move|p1a: Canary|Protect|p1a: Canary
|-singleturn|p1a: Canary|Protect
|move|p2a: Sneasler|Fake Out|p1a: Canary
|-activate|p1a: Canary|move: Protect
|move|p2b: Aerodactyl|Ice Fang|p1b: Cynthia
|-activate|p1b: Cynthia|move: Protect
|
|upkeep
|turn|2
|
|t:|1785352005
|switch|p1b: Gram|Kingambit, L50, F, shiny|100/100
|detailschange|p1a: Canary|Eelektross-Mega, L50, F, shiny
|-mega|p1a: Canary|Eelektross|Eelektrossite
|move|p2b: Aerodactyl|Ice Fang|p1b: Gram
|-resisted|p1b: Gram|1
|-damage|p1b: Gram|88/100
|move|p2a: Sneasler|Dire Claw|p1b: Gram
|-immune|p1b: Gram
|move|p1a: Canary|Thunderbolt|p2b: Aerodactyl
|-supereffective|p2b: Aerodactyl|1
|-damage|p2b: Aerodactyl|0 fnt
|faint|p2b: Aerodactyl
|-ability|p1a: Canary|Eelevate|boost
|-boost|p1a: Canary|spa|1
|
|upkeep
|
|t:|1785352016
|switch|p2b: Skeledirge|Skeledirge, L50, M, shiny|100/100
|turn|3
|
|t:|1785352025
|move|p1b: Gram|Protect|p1b: Gram
|-singleturn|p1b: Gram|Protect
|move|p2a: Sneasler|Dire Claw|p1a: Canary
|-damage|p1a: Canary|46/100
|move|p1a: Canary|Discharge|p2a: Sneasler|[spread] p2a,p2b
|-activate|p1b: Gram|move: Protect
|-damage|p2a: Sneasler|22/100
|-damage|p2b: Skeledirge|72/100
|-status|p2a: Sneasler|par
|move|p2b: Skeledirge|Will-O-Wisp|p1b: Gram
|-activate|p1b: Gram|move: Protect
|
|-heal|p2b: Skeledirge|79/100|[from] item: Leftovers
|upkeep
|turn|4
|
|t:|1785352054
|switch|p1b: Cynthia|Garchomp, L50, F, shiny|100/100
|move|p2a: Sneasler|Quick Guard|p2a: Sneasler
|-singleturn|p2a: Sneasler|Quick Guard
|move|p1a: Canary|Discharge|p2b: Skeledirge|[spread] p2a,p2b
|-immune|p1b: Cynthia
|-damage|p2a: Sneasler|0 fnt
|-damage|p2b: Skeledirge|53/100
|-status|p2b: Skeledirge|par
|faint|p2a: Sneasler
|-ability|p1a: Canary|Eelevate|boost
|-boost|p1a: Canary|spa|1
|move|p2b: Skeledirge|Torch Song|p1b: Cynthia
|-resisted|p1b: Cynthia|1
|-damage|p1b: Cynthia|84/100
|-boost|p2b: Skeledirge|spa|1
|
|-heal|p2b: Skeledirge|59/100 par|[from] item: Leftovers
|upkeep
|
|t:|1785352071
|switch|p2a: Kingambit|Kingambit, L50, M|100/100
|turn|5
|
|t:|1785352082
|move|p2a: Kingambit|Sucker Punch|p1b: Cynthia
|-damage|p1b: Cynthia|31/100
|-damage|p2a: Kingambit|87/100|[from] ability: Rough Skin|[of] p1b: Cynthia
|move|p1b: Cynthia|Earthquake|p2a: Kingambit|[spread] p2a,p2b
|-immune|p1a: Canary|[from] ability: Eelevate
|-supereffective|p2a: Kingambit|1
|-supereffective|p2b: Skeledirge|1
|-damage|p2a: Kingambit|8/100
|-damage|p2b: Skeledirge|0 fnt
|faint|p2b: Skeledirge
|-damage|p1b: Cynthia|22/100|[from] item: Life Orb
|move|p1a: Canary|Discharge|p2a: Kingambit|[spread] p2a
|-immune|p1b: Cynthia
|-damage|p2a: Kingambit|0 fnt
|faint|p2a: Kingambit
|
|win|UmbryFuuro
|c|☆latios66|well played
|c|☆UmbryFuuro|u too!
|c|☆UmbryFuuro|gg
|j| tedidn
|l| tedidn
