|j|☆Realmyth
|j|☆pablovgc23
|html|Realmythpablovgc23    
|uhtml|bestof|Game 2 of a best-of-3
|t:|1756093519
|gametype|doubles
|player|p1|Realmyth|265|1173
|player|p2|pablovgc23|170|1279
|gen|9
|tier|[Gen 9] VGC 2025 Reg H (Bo3)
|rated|
|rule|Species Clause: Limit one of each Pokémon
|rule|Item Clause: Limit 1 of each item
|clearpoke
|poke|p1|Incineroar, L50, M|
|poke|p1|Porygon2, L50|
|poke|p1|Yanmega, L50, F|
|poke|p1|Sneasler, L50, M|
|poke|p1|Ursaluna, L50, F|
|poke|p1|Archaludon, L50, M|
|poke|p2|Palafin, L50, M|
|poke|p2|Incineroar, L50, F|
|poke|p2|Rillaboom, L50, M|
|poke|p2|Gholdengo, L50|
|poke|p2|Sneasler, L50, M|
|poke|p2|Clefairy, L50, M|
|teampreview|4
|showteam|p1|Incineroar||SafetyGoggles|Intimidate|FakeOut,PartingShot,FlareBlitz,KnockOff|||M|||50|,,,,,Ghost]Porygon2||Eviolite|Download|Recover,IceBeam,TeraBlast,TrickRoom||||||50|,,,,,Flying]Yanmega||FocusSash|SpeedBoost|Detect,AirSlash,BugBuzz,Tailwind|||F|||50|,,,,,Ghost]Sneasler||WhiteHerb|Unburden|Protect,CloseCombat,ThroatChop,DireClaw|||M|||50|,,,,,Stellar]Ursaluna||FlameOrb|Guts|Protect,Earthquake,Facade,HeadlongRush|||F|||50|,,,,,Ghost]Archaludon||PowerHerb|Stalwart|Protect,ElectroShot,DragonPulse,Thunderbolt|||M|||50|,,,,,Electric
|showteam|p2|Palafin||MysticWater|ZerotoHero|WaveCrash,JetPunch,Haze,Protect|||M|||50|,,,,,Grass]Incineroar||SafetyGoggles|Intimidate|FakeOut,PartingShot,KnockOff,FlareBlitz|||F|||50|,,,,,Bug]Rillaboom||AssaultVest|GrassySurge|FakeOut,GrassyGlide,DrumBeating,Uturn|||M|||50|,,,,,Fire]Gholdengo||GrassySeed|GoodasGold|NastyPlot,MakeItRain,ShadowBall,Protect||||||50|,,,,,Dragon]Sneasler||FocusSash|Unburden|CloseCombat,FakeOut,DireClaw,Protect|||M|||50|,,,,,Stellar]Clefairy||Eviolite|FriendGuard|FollowMe,HelpingHand,AfterYou,Protect|||M|||50|,,,,,Grass
|inactive|Battle timer is ON: inactive players will automatically lose when time's up. (requested by pablovgc23)
|inactive|pablovgc23 has 60 seconds left.
|
|t:|1756093559
|teamsize|p1|4
|teamsize|p2|4
|start
|switch|p1a: Yanmega|Yanmega, L50, F|100/100
|switch|p1b: Incineroar|Incineroar, L50, M|100/100
|switch|p2a: Gholdengo|Gholdengo, L50|100/100
|switch|p2b: Clefairy|Clefairy, L50, M|100/100
|-ability|p1b: Incineroar|Intimidate|boost
|-unboost|p2a: Gholdengo|atk|1
|-unboost|p2b: Clefairy|atk|1
|turn|1
|
|t:|1756093583
|switch|p2b: Incineroar|Incineroar, L50, F|100/100
|-ability|p2b: Incineroar|Intimidate|boost
|-unboost|p1a: Yanmega|atk|1
|-unboost|p1b: Incineroar|atk|1
|move|p1b: Incineroar|Fake Out|p2b: Incineroar
|-damage|p2b: Incineroar|95/100
|move|p1a: Yanmega|Tailwind|p1a: Yanmega
|-sidestart|p1: Realmyth|move: Tailwind
|move|p2a: Gholdengo|Nasty Plot|p2a: Gholdengo
|-boost|p2a: Gholdengo|spa|2
|
|-ability|p1a: Yanmega|Speed Boost|boost
|-boost|p1a: Yanmega|spe|1
|upkeep
|turn|2
|
|t:|1756093600
|move|p1a: Yanmega|Detect|p1a: Yanmega
|-singleturn|p1a: Yanmega|Protect
|move|p2a: Gholdengo|Protect|p2a: Gholdengo
|-singleturn|p2a: Gholdengo|Protect
|move|p1b: Incineroar|Knock Off|p2a: Gholdengo
|-activate|p2a: Gholdengo|move: Protect
|move|p2b: Incineroar|Parting Shot|p1b: Incineroar
|-unboost|p1b: Incineroar|atk|1
|-unboost|p1b: Incineroar|spa|1
|
|t:|1756093611
|switch|p2b: Palafin|Palafin, L50, M|100/100|[from] Parting Shot
|
|-ability|p1a: Yanmega|Speed Boost|boost
|-boost|p1a: Yanmega|spe|1
|upkeep
|turn|3
|
|t:|1756093628
|detailschange|p2b: Palafin|Palafin-Hero, L50, M
|switch|p2b: Incineroar|Incineroar, L50, F|95/100
|-ability|p2b: Incineroar|Intimidate|boost
|-unboost|p1a: Yanmega|atk|1
|-unboost|p1b: Incineroar|atk|1
|-terastallize|p2a: Gholdengo|Dragon
|move|p1a: Yanmega|Air Slash|p2a: Gholdengo
|-damage|p2a: Gholdengo|66/100
|move|p1b: Incineroar|Knock Off|p2a: Gholdengo
|-damage|p2a: Gholdengo|50/100
|-enditem|p2a: Gholdengo|Grassy Seed|[from] move: Knock Off|[of] p1b: Incineroar
|move|p2a: Gholdengo|Make It Rain|p1b: Incineroar|[spread] p1a,p1b
|-resisted|p1b: Incineroar
|-enditem|p1a: Yanmega|Focus Sash
|-damage|p1a: Yanmega|1/100
|-damage|p1b: Incineroar|63/100
|-unboost|p2a: Gholdengo|spa|1
|
|-ability|p1a: Yanmega|Speed Boost|boost
|-boost|p1a: Yanmega|spe|1
|upkeep
|turn|4
|inactive|pablovgc23 has 30 seconds left.
|
|t:|1756093655
|switch|p1b: Ursaluna|Ursaluna, L50, F|100/100
|move|p1a: Yanmega|Detect|p1a: Yanmega
|-singleturn|p1a: Yanmega|Protect
|move|p2a: Gholdengo|Nasty Plot|p2a: Gholdengo
|-boost|p2a: Gholdengo|spa|2
|move|p2b: Incineroar|Parting Shot|p1b: Ursaluna
|-unboost|p1b: Ursaluna|atk|1
|-unboost|p1b: Ursaluna|spa|1
|
|t:|1756093660
|switch|p2b: Palafin|Palafin-Hero, L50, M|100/100|[from] Parting Shot
|-activate|p2b: Palafin|ability: Zero to Hero
|
|-sideend|p1: Realmyth|move: Tailwind
|-ability|p1a: Yanmega|Speed Boost|boost
|-boost|p1a: Yanmega|spe|1
|-status|p1b: Ursaluna|brn|[from] item: Flame Orb
|upkeep
|turn|5
|inactive|Realmyth has 30 seconds left.
|
|t:|1756093687
|switch|p1a: Incineroar|Incineroar, L50, M|63/100
|-ability|p1a: Incineroar|Intimidate|boost
|-unboost|p2a: Gholdengo|atk|1
|-unboost|p2b: Palafin|atk|1
|move|p2b: Palafin|Jet Punch|p1a: Incineroar
|-supereffective|p1a: Incineroar
|-damage|p1a: Incineroar|11/100
|move|p2a: Gholdengo|Make It Rain|p1a: Incineroar|[spread] p1a,p1b
|-resisted|p1a: Incineroar
|-damage|p1a: Incineroar|0 fnt
|-damage|p1b: Ursaluna|0 fnt
|-unboost|p2a: Gholdengo|spa|1
|faint|p1a: Incineroar
|faint|p1b: Ursaluna
|
|upkeep
|
|t:|1756093698
|switch|p1b: Archaludon|Archaludon, L50, M|100/100
|switch|p1a: Yanmega|Yanmega, L50, F|1/100
|turn|6
|
|t:|1756093719
|move|p1a: Yanmega|Detect|p1a: Yanmega
|-singleturn|p1a: Yanmega|Protect
|move|p2b: Palafin|Jet Punch|p1a: Yanmega
|-activate|p1a: Yanmega|move: Protect
|move|p1b: Archaludon|Dragon Pulse|p2a: Gholdengo
|-supereffective|p2a: Gholdengo
|-crit|p2a: Gholdengo
|-damage|p2a: Gholdengo|0 fnt
|faint|p2a: Gholdengo
|
|-ability|p1a: Yanmega|Speed Boost|boost
|-boost|p1a: Yanmega|spe|1
|upkeep
|
|t:|1756093728
|switch|p2a: Incineroar|Incineroar, L50, F|95/100
|-ability|p2a: Incineroar|Intimidate|boost
|-unboost|p1a: Yanmega|atk|1
|-unboost|p1b: Archaludon|atk|1
|turn|7
|
|t:|1756093753
|move|p2a: Incineroar|Fake Out|p1b: Archaludon
|-resisted|p1b: Archaludon
|-damage|p1b: Archaludon|96/100
|move|p2b: Palafin|Jet Punch|p1a: Yanmega
|-damage|p1a: Yanmega|0 fnt
|faint|p1a: Yanmega
|cant|p1b: Archaludon|flinch
|
|upkeep
|turn|8
|
|t:|1756093770
|switch|p2b: Clefairy|Clefairy, L50, M|100/100
|-terastallize|p1b: Archaludon|Electric
|move|p1b: Archaludon|Electro Shot||[still]
|-prepare|p1b: Archaludon|Electro Shot
|-boost|p1b: Archaludon|spa|1
|-enditem|p1b: Archaludon|Power Herb
|-anim|p1b: Archaludon|Electro Shot|p2a: Incineroar
|-damage|p2a: Incineroar|22/100
|move|p2a: Incineroar|Flare Blitz|p1b: Archaludon
|-damage|p1b: Archaludon|58/100
|-damage|p2a: Incineroar|11/100|[from] Recoil
|
|upkeep
|turn|9
|
|t:|1756093786
|move|p2b: Clefairy|Follow Me|p2b: Clefairy
|-singleturn|p2b: Clefairy|move: Follow Me
|move|p1b: Archaludon|Thunderbolt|p2a: Incineroar
|-damage|p2a: Incineroar|0 fnt
|faint|p2a: Incineroar
|
|upkeep
|
|t:|1756093791
|switch|p2a: Palafin|Palafin-Hero, L50, M|100/100
|turn|10
|
|t:|1756093801
|move|p2b: Clefairy|Helping Hand|p2a: Palafin
|-singleturn|p2a: Palafin|Helping Hand|[of] p2b: Clefairy
|move|p2a: Palafin|Jet Punch|p1b: Archaludon
|-damage|p1b: Archaludon|0 fnt
|faint|p1b: Archaludon
|
|win|pablovgc23
|raw|Realmyth's rating: 1173 → 1155(-18 for losing)
|raw|pablovgc23's rating: 1279 → 1297(+18 for winning)
|l|☆Realmyth
|player|p1|
