|j|☆Olciax34
|j|☆smearglehater21
|html|Olciax34smearglehater21    
|uhtml|bestof|Game 2 of a best-of-3
|t:|1784830518
|gametype|doubles
|player|p1|Olciax34|1|1297
|player|p2|smearglehater21|nate|1421
|gen|9
|tier|[Gen 9 Champions] VGC 2026 Reg M-B (Bo3)
|rated|
|rule|Species Clause: Limit one of each Pokémon
|rule|Item Clause: Limit 1 of each item
|clearpoke
|poke|p1|Charizard, L50, F|
|poke|p1|Whimsicott, L50, M|
|poke|p1|Garchomp, L50, F|
|poke|p1|Basculegion, L50, M|
|poke|p1|Floette-Eternal, L50, F|
|poke|p1|Kingambit, L50, F|
|poke|p2|Kingambit, L50, M|
|poke|p2|Whimsicott, L50, M|
|poke|p2|Basculegion, L50, M|
|poke|p2|Garchomp, L50, M|
|poke|p2|Charizard, L50, F|
|poke|p2|Floette-Eternal, L50, F|
|teampreview|4
|showteam|p1|Charizard||CharizarditeY|SolarPower|HeatWave,WeatherBall,SolarBeam,Protect|Modest||F|||50|]Whimsicott||FocusSash|Prankster|Moonblast,Tailwind,Encore,Protect|Timid||M|||50|]Garchomp||LifeOrb|RoughSkin|Earthquake,DragonClaw,RockSlide,Protect|Jolly||F|||50|]Basculegion||ChoiceScarf|Adaptability|WaveCrash,FlipTurn,LastRespects,AquaJet|Jolly||M|||50|]Floette-Eternal||Floettite|FlowerVeil|DrainingKiss,Moonblast,CalmMind,Protect|Modest||F|||50|]Kingambit||ChopleBerry|Defiant|KowtowCleave,SuckerPunch,IronHead,LowKick|Adamant||F|||50|
|showteam|p2|Kingambit||ChopleBerry|Defiant|KowtowCleave,LowKick,SuckerPunch,IronHead|Adamant||M|||50|]Whimsicott||FocusSash|Prankster|Moonblast,Tailwind,Encore,Protect|Timid||M|||50|]Basculegion||MysticWater|Adaptability|WaveCrash,LastRespects,AquaJet,Protect|Adamant||M|||50|]Garchomp||LifeOrb|RoughSkin|DragonClaw,RockSlide,Earthquake,Protect|Jolly||M|||50|]Charizard||CharizarditeY|Blaze|WeatherBall,HeatWave,SolarBeam,Protect|Modest||F|||50|]Floette-Eternal||Floettite|FlowerVeil|Moonblast,DazzlingGleam,LightofRuin,Protect|Timid||F|||50|
|inactive|Battle timer is ON: inactive players will automatically lose when time's up. (requested by smearglehater21)
|inactive|smearglehater21 has 60 seconds left.
|inactive|Olciax34 has 60 seconds left.
|
|t:|1784830564
|teamsize|p1|4
|teamsize|p2|4
|start
|switch|p1a: Floette|Floette-Eternal, L50, F|100/100
|switch|p1b: Garchomp|Garchomp, L50, F|100/100
|switch|p2a: Whimsicott|Whimsicott, L50, M|100/100
|switch|p2b: Charizard|Charizard, L50, F|100/100
|turn|1
|inactive|smearglehater21 has 30 seconds left.
|
|t:|1784830591
|detailschange|p2b: Charizard|Charizard-Mega-Y, L50, F
|-mega|p2b: Charizard|Charizard|Charizardite Y
|-weather|SunnyDay|[from] ability: Drought|[of] p2b: Charizard
|detailschange|p1a: Floette|Floette-Mega, L50, F
|-mega|p1a: Floette|Floette|Floettite
|-ability|p1a: Floette|Fairy Aura
|move|p2a: Whimsicott|Moonblast|p1b: Garchomp
|-supereffective|p1b: Garchomp|1
|-damage|p1b: Garchomp|1/100
|move|p1b: Garchomp|Rock Slide|p2b: Charizard|[spread] p2a,p2b
|-supereffective|p2b: Charizard|2
|-damage|p2a: Whimsicott|61/100
|-damage|p2b: Charizard|0 fnt
|faint|p2b: Charizard
|-damage|p1b: Garchomp|0 fnt|[from] item: Life Orb
|faint|p1b: Garchomp
|move|p1a: Floette|Draining Kiss|p2a: Whimsicott
|-damage|p2a: Whimsicott|1/100
|
|-weather|SunnyDay|[upkeep]
|upkeep
|
|t:|1784830612
|switch|p1b: Basculegion|Basculegion, L50, M|100/100
|switch|p2b: Basculegion|Basculegion, L50, M|100/100
|turn|2
|
|t:|1784830631
|move|p2a: Whimsicott|Protect|p2a: Whimsicott
|-singleturn|p2a: Whimsicott|Protect
|move|p1b: Basculegion|Aqua Jet|p2a: Whimsicott
|-activate|p2a: Whimsicott|move: Protect
|move|p1a: Floette|Draining Kiss|p2b: Basculegion
|-damage|p2b: Basculegion|56/100
|move|p2b: Basculegion|Last Respects|p1b: Basculegion
|-supereffective|p1b: Basculegion|1
|-damage|p1b: Basculegion|0 fnt
|faint|p1b: Basculegion
|
|-weather|SunnyDay|[upkeep]
|upkeep
|
|t:|1784830645
|switch|p1b: Whimsicott|Whimsicott, L50, M|100/100
|turn|3
|
|t:|1784830655
|move|p1a: Floette|Protect|p1a: Floette
|-singleturn|p1a: Floette|Protect
|move|p1b: Whimsicott|Encore|p2a: Whimsicott
|-start|p2a: Whimsicott|Encore
|move|p2a: Whimsicott|Protect||[still]
|-fail|p2a: Whimsicott
|move|p2b: Basculegion|Last Respects|p1a: Floette
|-activate|p1a: Floette|move: Protect
|
|-weather|SunnyDay|[upkeep]
|upkeep
|turn|4
|
|t:|1784830671
|switch|p2a: Garchomp|Garchomp, L50, M|100/100
|move|p2b: Basculegion|Protect|p2b: Basculegion
|-singleturn|p2b: Basculegion|Protect
|move|p1b: Whimsicott|Tailwind|p1b: Whimsicott
|-sidestart|p1: Olciax34|move: Tailwind
|move|p1a: Floette|Moonblast|p2b: Basculegion
|-activate|p2b: Basculegion|move: Protect
|
|-weather|SunnyDay|[upkeep]
|upkeep
|turn|5
|l|☆Olciax34
|inactive|Olciax34 disconnected and has a minute to reconnect!
|player|p1|
|j|☆Olciax34
|inactive|Olciax34 reconnected and has 45 seconds left.
|player|p1|Olciax34|1|
|
|t:|1784830695
|move|p1b: Whimsicott|Moonblast|p2b: Basculegion
|-damage|p2b: Basculegion|1/100
|move|p1a: Floette|Moonblast|p2b: Basculegion
|-damage|p2b: Basculegion|0 fnt
|faint|p2b: Basculegion
|move|p2a: Garchomp|Rock Slide|p1b: Whimsicott|[spread] p1a,p1b
|-damage|p1a: Floette|74/100
|-damage|p1b: Whimsicott|60/100
|-damage|p2a: Garchomp|90/100|[from] item: Life Orb
|
|-weather|none
|upkeep
|
|t:|1784830719
|switch|p2b: Whimsicott|Whimsicott, L50, M|1/100
|turn|6
|
|t:|1784830728
|move|p1b: Whimsicott|Encore|p2a: Garchomp
|-start|p2a: Garchomp|Encore
|move|p2b: Whimsicott|Tailwind|p2b: Whimsicott
|-sidestart|p2: smearglehater21|move: Tailwind
|move|p2a: Garchomp|Rock Slide|p1a: Floette|[spread] p1a,p1b
|-damage|p1a: Floette|52/100
|-damage|p1b: Whimsicott|19/100
|-damage|p2a: Garchomp|80/100|[from] item: Life Orb
|move|p1a: Floette|Draining Kiss|p2a: Garchomp
|-supereffective|p2a: Garchomp|1
|-damage|p2a: Garchomp|0 fnt
|-heal|p1a: Floette|100/100|[from] drain|[of] p2a: Garchomp
|-damage|p1a: Floette|88/100|[from] ability: Rough Skin|[of] p2a: Garchomp
|faint|p2a: Garchomp
|
|upkeep
|turn|7
|inactive|smearglehater21 has 30 seconds left.
|inactive|smearglehater21 has 20 seconds left.
|inactive|smearglehater21 has 15 seconds left.
|
|t:|1784830771
|move|p1b: Whimsicott|Encore|p2b: Whimsicott
|-start|p2b: Whimsicott|Encore
|move|p2b: Whimsicott|Tailwind||[still]
|-fail|p2b: Whimsicott
|move|p1a: Floette|Moonblast|p2b: Whimsicott
|-damage|p2b: Whimsicott|0 fnt
|faint|p2b: Whimsicott
|
|win|Olciax34
||smearglehater21 is ready for game 3.
||Olciax34 is ready for game 3.
|uhtml|next|Next: Game 3 of 3
|l|☆smearglehater21
|player|p2|
