|j|☆sturmkitten69
|j|☆mouseilluminati
|html|sturmkitten69mouseilluminati    
|uhtml|bestof|Game 2 of a best-of-3
|t:|1784682550
|gametype|doubles
|player|p1|sturmkitten69|fisherman-gen4|1221
|player|p2|mouseilluminati|n|1213
|gen|9
|tier|[Gen 9 Champions] VGC 2026 Reg M-B (Bo3)
|rated|
|rule|Species Clause: Limit one of each Pokémon
|rule|Item Clause: Limit 1 of each item
|clearpoke
|poke|p1|Incineroar, L50, M, shiny|
|poke|p1|Rotom-Wash, L50, shiny|
|poke|p1|Delphox, L50, M|
|poke|p1|Altaria, L50, M|
|poke|p1|Sinistcha, L50|
|poke|p1|Chesnaught, L50, M, shiny|
|poke|p2|Pyroar, L50, F|
|poke|p2|Basculegion, L50, M|
|poke|p2|Torkoal, L50, M|
|poke|p2|Whimsicott, L50, M|
|poke|p2|Mawile, L50, F|
|poke|p2|Farigiraf, L50, M|
|teampreview|4
|showteam|p1|Incineroar||PasshoBerry|Intimidate|FakeOut,PartingShot,ThroatChop,FlareBlitz|Impish||M|||50|]Rotom-Wash||ChoiceScarf|Levitate|VoltSwitch,Electroweb,WillOWisp,HydroPump|Timid|||||50|]Delphox||Delphoxite|Blaze|HeatWave,CalmMind,Psychic,Protect|Timid||M|||50|]Altaria||RoseliBerry|CloudNine|Tailwind,Roost,WillOWisp,DragonPulse|Timid||M|||50|]Sinistcha||SitrusBerry|Hospitality|Protect,RagePowder,LifeDew,MatchaGotcha|Bold|||||50|]Chesnaught||Leftovers|Bulletproof|WideGuard,BodyPress,WoodHammer,SpikyShield|Impish||M|||50|
|showteam|p2|Pyroar||Pyroarite|Unnerve|HeatWave,Overheat,Protect,SolarBeam|Timid||F|||50|]Basculegion||LifeOrb|Adaptability|AquaJet,WaveCrash,Protect,LastRespects|Adamant||M|||50|]Torkoal||Charcoal|Drought|Eruption,WeatherBall,Protect,HelpingHand|Quiet||M|||50|]Whimsicott||FocusSash|Prankster|Moonblast,SunnyDay,Protect,Tailwind|Timid||M|||50|]Mawile||Mawilite|HyperCutter|RockSlide,PlayRough,Protect,SuckerPunch|Adamant||F|||50|]Farigiraf||ColburBerry|ArmorTail|FoulPlay,Psychic,HelpingHand,TrickRoom|Relaxed||M|||50|
|
|t:|1784682631
|teamsize|p1|4
|teamsize|p2|4
|start
|switch|p1a: Rotom|Rotom-Wash, L50, shiny|100/100
|switch|p1b: Delphox|Delphox, L50, M|100/100
|switch|p2a: Farigiraf|Farigiraf, L50, M|100/100
|switch|p2b: Torkoal|Torkoal, L50, M|100/100
|-weather|SunnyDay|[from] ability: Drought|[of] p2b: Torkoal
|turn|1
|
|t:|1784682661
|detailschange|p1b: Delphox|Delphox-Mega, L50, M
|-mega|p1b: Delphox|Delphox|Delphoxite
|move|p2b: Torkoal|Protect|p2b: Torkoal
|-singleturn|p2b: Torkoal|Protect
|move|p1a: Rotom|Volt Switch|p2a: Farigiraf
|-damage|p2a: Farigiraf|69/100
|
|t:|1784682669
|switch|p1a: Chesnaught|Chesnaught, L50, M, shiny|100/100|[from] Volt Switch
|move|p1b: Delphox|Calm Mind|p1b: Delphox
|-boost|p1b: Delphox|spa|1
|-boost|p1b: Delphox|spd|1
|move|p2a: Farigiraf|Trick Room|p2a: Farigiraf
|-fieldstart|move: Trick Room|[of] p2a: Farigiraf
|
|-weather|SunnyDay|[upkeep]
|upkeep
|turn|2
|
|t:|1784682684
|move|p2a: Farigiraf|Helping Hand|p2b: Torkoal
|-singleturn|p2b: Torkoal|Helping Hand|[of] p2a: Farigiraf
|move|p1a: Chesnaught|Wide Guard|p1a: Chesnaught
|-singleturn|p1a: Chesnaught|Wide Guard
|move|p2b: Torkoal|Eruption|p1b: Delphox|[spread] 
|-activate|p1a: Chesnaught|move: Wide Guard
|-activate|p1b: Delphox|move: Wide Guard
|move|p1b: Delphox|Heat Wave|p2b: Torkoal|[spread] p2a,p2b
|-resisted|p2b: Torkoal|1
|-damage|p2a: Farigiraf|0 fnt
|-damage|p2b: Torkoal|42/100
|faint|p2a: Farigiraf
|
|-weather|SunnyDay|[upkeep]
|upkeep
|
|t:|1784682700
|switch|p2a: Basculegion|Basculegion, L50, M|100/100
|turn|3
|
|t:|1784682722
|switch|p1b: Altaria|Altaria, L50, M|100/100
|-ability|p1b: Altaria|Cloud Nine
|move|p2b: Torkoal|Eruption|p1b: Altaria|[spread] p1a,p1b
|-supereffective|p1a: Chesnaught|1
|-resisted|p1b: Altaria|1
|-damage|p1a: Chesnaught|46/100
|-damage|p1b: Altaria|88/100
|move|p1a: Chesnaught|Wood Hammer|p2a: Basculegion
|-supereffective|p2a: Basculegion|1
|-damage|p2a: Basculegion|0 fnt
|faint|p2a: Basculegion
|-damage|p1a: Chesnaught|12/100|[from] Recoil
|
|-weather|SunnyDay|[upkeep]
|-heal|p1a: Chesnaught|18/100|[from] item: Leftovers
|upkeep
|
|t:|1784682736
|switch|p2a: Mawile|Mawile, L50, F|100/100
|turn|4
|
|t:|1784682753
|switch|p1a: Rotom|Rotom-Wash, L50, shiny|100/100
|detailschange|p2a: Mawile|Mawile-Mega, L50, F
|-mega|p2a: Mawile|Mawile|Mawilite
|move|p2b: Torkoal|Eruption|p1b: Altaria|[spread] p1a,p1b
|-resisted|p1a: Rotom|1
|-resisted|p1b: Altaria|1
|-damage|p1a: Rotom|83/100
|-damage|p1b: Altaria|76/100
|move|p2a: Mawile|Play Rough|p1b: Altaria
|-supereffective|p1b: Altaria|1
|-enditem|p1b: Altaria|Roseli Berry|[eat]
|-enditem|p1b: Altaria|Roseli Berry|[weaken]
|-damage|p1b: Altaria|0 fnt
|faint|p1b: Altaria
|
|-weather|SunnyDay|[upkeep]
|upkeep
|
|t:|1784682770
|switch|p1b: Delphox|Delphox-Mega, L50, M|100/100
|turn|5
|
|t:|1784682782
|move|p1b: Delphox|Protect|p1b: Delphox
|-singleturn|p1b: Delphox|Protect
|move|p2b: Torkoal|Weather Ball|p1a: Rotom
|-resisted|p1a: Rotom|1
|-damage|p1a: Rotom|32/100
|move|p2a: Mawile|Play Rough|p1a: Rotom
|-damage|p1a: Rotom|0 fnt
|faint|p1a: Rotom
|
|-weather|none
|-fieldend|move: Trick Room
|upkeep
|
|t:|1784682792
|switch|p1a: Chesnaught|Chesnaught, L50, M, shiny|18/100
|turn|6
|
|t:|1784682812
|move|p1a: Chesnaught|Spiky Shield|p1a: Chesnaught
|-singleturn|p1a: Chesnaught|move: Protect
|move|p2a: Mawile|Sucker Punch||[still]
|-fail|p2a: Mawile
|move|p1b: Delphox|Calm Mind|p1b: Delphox
|-boost|p1b: Delphox|spa|1
|-boost|p1b: Delphox|spd|1
|move|p2b: Torkoal|Eruption|p1a: Chesnaught|[spread] p1b
|-activate|p1a: Chesnaught|move: Protect
|-resisted|p1b: Delphox|1
|-damage|p1b: Delphox|92/100
|
|-heal|p1a: Chesnaught|25/100|[from] item: Leftovers
|upkeep
|turn|7
|
|t:|1784682834
|move|p2a: Mawile|Sucker Punch|p1b: Delphox
|-supereffective|p1b: Delphox|1
|-damage|p1b: Delphox|0 fnt
|faint|p1b: Delphox
|move|p1a: Chesnaught|Wood Hammer|p2a: Mawile
|-resisted|p2a: Mawile|1
|-damage|p2a: Mawile|77/100
|-damage|p1a: Chesnaught|18/100|[from] Recoil
|move|p2b: Torkoal|Eruption|p1a: Chesnaught
|-supereffective|p1a: Chesnaught|1
|-damage|p1a: Chesnaught|0 fnt
|faint|p1a: Chesnaught
|
|win|mouseilluminati
|raw|sturmkitten69's rating: 1221 → 1195(-26 for losing)
|raw|mouseilluminati's rating: 1213 → 1239(+26 for winning)
|c|☆sturmkitten69|gg
|l|☆sturmkitten69
|player|p1|
