|j|☆J.Arch
|j|☆TeyOnTheRox
|html|J.ArchTeyOnTheRox    
|uhtml|bestof|Game 2 of a best-of-3
|t:|1757736510
|gametype|doubles
|player|p1|J.Arch|ethan|1157
|player|p2|TeyOnTheRox|benga|1158
|gen|9
|tier|[Gen 9] VGC 2025 Reg H (Bo3)
|rated|
|rule|Species Clause: Limit one of each Pokémon
|rule|Item Clause: Limit 1 of each item
|clearpoke
|poke|p1|Annihilape, L50, M|
|poke|p1|Pelipper, L50, F|
|poke|p1|Archaludon, L50, M|
|poke|p1|Breloom, L50, F|
|poke|p1|Farigiraf, L50, F|
|poke|p1|Incineroar, L50, M|
|poke|p2|Tyranitar, L50, M|
|poke|p2|Excadrill, L50, F|
|poke|p2|Sneasler, L50, F|
|poke|p2|Indeedee, L50, M|
|poke|p2|Corviknight, L50, F|
|poke|p2|Annihilape, L50, M|
|teampreview|4
|showteam|p1|Annihilape||ChoiceScarf|Defiant|Uturn,FinalGambit,DrainPunch,RageFist|||M|||50|,,,,,Poison]Pelipper||CovertCloak|Drizzle|Tailwind,Hurricane,WeatherBall,Protect|||F|||50|,,,,,Dark]Archaludon||AssaultVest|Stamina|DragonPulse,ElectroShot,BodyPress,FlashCannon|||M|||50|,,,,,Bug]Breloom||FocusSash|Technician|Spore,MachPunch,BulletSeed,SwordsDance|||F|||50|,,,,,Ghost]Farigiraf||ThroatSpray|ArmorTail|HyperVoice,Psychic,HelpingHand,TrickRoom|||F|||50|,,,,,Fairy]Incineroar||SitrusBerry|Intimidate|KnockOff,FakeOut,FlareBlitz,PartingShot|||M|||50|,,,,,Water
|showteam|p2|Tyranitar||AssaultVest|SandStream|RockSlide,KnockOff,TeraBlast,LowKick|||M|||50|,,,,,Flying]Excadrill||FocusSash|SandRush|IronHead,HighHorsepower,Earthquake,Protect|||F|||50|,,,,,Stellar]Sneasler||PsychicSeed|Unburden|DireClaw,CloseCombat,ThroatChop,Protect|||F|||50|,,,,,Dark]Indeedee||ChoiceScarf|PsychicSurge|ExpandingForce,TeraBlast,Protect,Trick|||M|||50|,,,,,Psychic]Corviknight||Leftovers|MirrorArmor|BraveBird,BulkUp,Roost,Tailwind|||F|||50|,,,,,Dragon]Annihilape||SafetyGoggles|Defiant|CloseCombat,FinalGambit,RageFist,Taunt|||M|||50|,,,,,Water
|
|t:|1757736549
|teamsize|p1|4
|teamsize|p2|4
|start
|switch|p1a: Farigiraf|Farigiraf, L50, F|100/100
|switch|p1b: Pelipper|Pelipper, L50, F|100/100
|switch|p2a: Cachiiga|Annihilape, L50, M|100/100
|switch|p2b: Cars I|Indeedee, L50, M, shiny|100/100
|-fieldstart|move: Psychic Terrain|[from] ability: Psychic Surge|[of] p2b: Cars I
|-weather|RainDance|[from] ability: Drizzle|[of] p1b: Pelipper
|turn|1
|
|t:|1757736572
|-terastallize|p2a: Cachiiga|Water
|move|p1b: Pelipper|Protect|p1b: Pelipper
|-singleturn|p1b: Pelipper|Protect
|move|p2b: Cars I|Expanding Force|p1a: Farigiraf|[spread] p1a
|-activate|p1b: Pelipper|move: Protect
|-resisted|p1a: Farigiraf
|-crit|p1a: Farigiraf
|-damage|p1a: Farigiraf|59/100
|move|p2a: Cachiiga|Taunt|p1a: Farigiraf
|-start|p1a: Farigiraf|move: Taunt
|cant|p1a: Farigiraf|move: Taunt|Trick Room
|
|-weather|RainDance|[upkeep]
|upkeep
|turn|2
|
|t:|1757736613
|-terastallize|p1b: Pelipper|Dark
|move|p2b: Cars I|Expanding Force|p1b: Pelipper|[spread] p1a
|-immune|p1b: Pelipper
|-resisted|p1a: Farigiraf
|-damage|p1a: Farigiraf|33/100
|move|p2a: Cachiiga|Taunt|p1b: Pelipper
|-start|p1b: Pelipper|move: Taunt
|cant|p1b: Pelipper|move: Taunt|Tailwind
|move|p1a: Farigiraf|Hyper Voice|p2a: Cachiiga|[spread] p2a,p2b
|-damage|p2a: Cachiiga|74/100
|-damage|p2b: Cars I|61/100
|-enditem|p1a: Farigiraf|Throat Spray
|-boost|p1a: Farigiraf|spa|1|[from] item: Throat Spray
|
|-weather|RainDance|[upkeep]
|upkeep
|turn|3
|
|t:|1757736644
|move|p2b: Cars I|Expanding Force|p1b: Pelipper|[spread] p1a
|-immune|p1b: Pelipper
|-resisted|p1a: Farigiraf
|-damage|p1a: Farigiraf|6/100
|move|p2a: Cachiiga|Close Combat|p1b: Pelipper
|-supereffective|p1b: Pelipper
|-damage|p1b: Pelipper|9/100
|-unboost|p2a: Cachiiga|def|1
|-unboost|p2a: Cachiiga|spd|1
|move|p1b: Pelipper|Weather Ball|p2b: Cars I
|-damage|p2b: Cars I|0 fnt
|faint|p2b: Cars I
|move|p1a: Farigiraf|Hyper Voice|p2a: Cachiiga
|-damage|p2a: Cachiiga|0 fnt
|faint|p2a: Cachiiga
|
|-weather|RainDance|[upkeep]
|-end|p1a: Farigiraf|move: Taunt
|upkeep
|
|t:|1757736653
|switch|p2a: Lightnin'|Sneasler, L50, F|100/100
|switch|p2b: Doc Hudson|Tyranitar, L50, M, shiny|100/100
|-weather|Sandstorm|[from] ability: Sand Stream|[of] p2b: Doc Hudson
|-enditem|p2a: Lightnin'|Psychic Seed
|-boost|p2a: Lightnin'|spd|1|[from] item: Psychic Seed
|turn|4
|
|t:|1757736678
|switch|p1b: Annihilape|Annihilape, L50, M|100/100
|move|p2a: Lightnin'|Dire Claw|p1b: Annihilape
|-resisted|p1b: Annihilape
|-damage|p1b: Annihilape|78/100
|-status|p1b: Annihilape|psn
|move|p2b: Doc Hudson|Knock Off|p1a: Farigiraf
|-supereffective|p1a: Farigiraf
|-damage|p1a: Farigiraf|0 fnt
|faint|p1a: Farigiraf
|
|-weather|Sandstorm|[upkeep]
|-damage|p2a: Lightnin'|95/100|[from] Sandstorm
|-damage|p1b: Annihilape|72/100 psn|[from] Sandstorm
|-damage|p1b: Annihilape|60/100 psn|[from] psn
|upkeep
|
|t:|1757736696
|switch|p1a: Pelipper|Pelipper, L50, F, tera:Dark|9/100
|-weather|RainDance|[from] ability: Drizzle|[of] p1a: Pelipper
|turn|5
|
|t:|1757736723
|move|p2a: Lightnin'|Dire Claw|p1a: Pelipper
|-damage|p1a: Pelipper|0 fnt
|faint|p1a: Pelipper
|move|p1b: Annihilape|Drain Punch|p2b: Doc Hudson
|-supereffective|p2b: Doc Hudson
|-damage|p2b: Doc Hudson|0 fnt
|-heal|p1b: Annihilape|100/100 psn|[from] drain|[of] p2b: Doc Hudson
|faint|p2b: Doc Hudson
|
|-weather|RainDance|[upkeep]
|-damage|p1b: Annihilape|88/100 psn|[from] psn
|-fieldend|move: Psychic Terrain
|upkeep
|
|t:|1757736735
|switch|p1a: Archaludon|Archaludon, L50, M|100/100
|turn|6
|
|t:|1757736749
|move|p2a: Lightnin'|Close Combat|p1a: Archaludon
|-supereffective|p1a: Archaludon
|-damage|p1a: Archaludon|0 fnt
|-unboost|p2a: Lightnin'|def|1
|-unboost|p2a: Lightnin'|spd|1
|faint|p1a: Archaludon
|move|p1b: Annihilape|Drain Punch|p2a: Lightnin'
|-resisted|p2a: Lightnin'
|-damage|p2a: Lightnin'|55/100
|-heal|p1b: Annihilape|100/100 psn|[from] drain|[of] p2a: Lightnin'
|
|-weather|RainDance|[upkeep]
|-damage|p1b: Annihilape|88/100 psn|[from] psn
|upkeep
|turn|7
|
|t:|1757736764
|move|p2a: Lightnin'|Protect|p2a: Lightnin'
|-singleturn|p2a: Lightnin'|Protect
|move|p1b: Annihilape|Drain Punch|p2a: Lightnin'
|-activate|p2a: Lightnin'|move: Protect
|
|-weather|RainDance|[upkeep]
|-damage|p1b: Annihilape|76/100 psn|[from] psn
|upkeep
|turn|8
|
|t:|1757736783
|move|p2a: Lightnin'|Throat Chop|p1b: Annihilape
|-damage|p1b: Annihilape|47/100 psn
|-start|p1b: Annihilape|Throat Chop|[silent]
|move|p1b: Annihilape|Drain Punch|p2a: Lightnin'
|-resisted|p2a: Lightnin'
|-damage|p2a: Lightnin'|15/100
|-heal|p1b: Annihilape|61/100 psn|[from] drain|[of] p2a: Lightnin'
|
|-weather|RainDance|[upkeep]
|-damage|p1b: Annihilape|49/100 psn|[from] psn
|upkeep
|turn|9
|
|t:|1757736798
|move|p2a: Lightnin'|Protect|p2a: Lightnin'
|-singleturn|p2a: Lightnin'|Protect
|move|p1b: Annihilape|Drain Punch|p2a: Lightnin'
|-activate|p2a: Lightnin'|move: Protect
|
|-weather|none
|-damage|p1b: Annihilape|36/100 psn|[from] psn
|-end|p1b: Annihilape|Throat Chop|[silent]
|upkeep
|turn|10
|
|t:|1757736814
|move|p2a: Lightnin'|Throat Chop|p1b: Annihilape
|-damage|p1b: Annihilape|6/100 psn
|-start|p1b: Annihilape|Throat Chop|[silent]
|move|p1b: Annihilape|Drain Punch|p2a: Lightnin'
|-resisted|p2a: Lightnin'
|-damage|p2a: Lightnin'|0 fnt
|-heal|p1b: Annihilape|12/100 psn|[from] drain|[of] p2a: Lightnin'
|faint|p2a: Lightnin'
|
|win|J.Arch
