|j|☆pokehys
|j|☆Sammy Chung
|html|pokehysSammy Chung    
|uhtml|bestof|Game 3 of a best-of-3
|t:|1754511027
|gametype|doubles
|player|p1|pokehys|1|1291
|player|p2|Sammy Chung|preschooler|1268
|gen|9
|tier|[Gen 9] VGC 2025 Reg H (Bo3)
|rated|
|rule|Species Clause: Limit one of each Pokémon
|rule|Item Clause: Limit 1 of each item
|clearpoke
|poke|p1|Murkrow, L50, M|
|poke|p1|Annihilape, L50, M|
|poke|p1|Archaludon, L50, M|
|poke|p1|Sneasler, L50, F|
|poke|p1|Indeedee, L50, M|
|poke|p1|Ursaluna-Bloodmoon, L50, M|
|poke|p2|Whimsicott, L50, M|
|poke|p2|Garchomp, L50, M|
|poke|p2|Gholdengo, L50|
|poke|p2|Incineroar, L50, M|
|poke|p2|Sneasler, L50, M|
|poke|p2|Dragonite, L50, M|
|teampreview|4
|showteam|p1|Murkrow||Eviolite|Prankster|Tailwind,BraveBird,FeatherDance,RainDance|||M|||50|,,,,,Ghost]Annihilape||SafetyGoggles|Defiant|CloseCombat,RageFist,Taunt,FinalGambit|||M|||50|,,,,,Fairy]Archaludon||PowerHerb|Stalwart|ElectroShot,DracoMeteor,Thunderbolt,Protect|||M|||50|,,,,,Electric]Sneasler||PsychicSeed|Unburden|DireClaw,CloseCombat,ThroatChop,Protect|||F|||50|,,,,,Dark]Indeedee||FocusSash|PsychicSurge|ExpandingForce,TeraBlast,Protect,TrickRoom|||M|||50|,,,,,Fighting]Ursaluna-Bloodmoon||LifeOrb|MindsEye|BloodMoon,HyperVoice,EarthPower,Protect|||M|||50|,,,,,Normal
|showteam|p2|Whimsicott||FocusSash|Prankster|Moonblast,Tailwind,Encore,Protect|||M|||50|,,,,,Ghost]Garchomp||LifeOrb|RoughSkin|Earthquake,DragonClaw,StompingTantrum,Protect|||M|||50|,,,,,Ground]Gholdengo||ChoiceSpecs|GoodasGold|MakeItRain,ShadowBall,Trick,Protect||||||50|,,,,,Steel]Incineroar||AssaultVest|Intimidate|FakeOut,FlareBlitz,KnockOff,Uturn|||M|||50|,,,,,Grass]Sneasler||WhiteHerb|Unburden|FakeOut,DireClaw,CloseCombat,Protect|||M|||50|,,,,,Stellar]Dragonite||ChoiceBand|InnerFocus|ExtremeSpeed,Outrage,IceSpinner,StompingTantrum|||M|||50|,,,,,Normal
|inactive|Battle timer is ON: inactive players will automatically lose when time's up. (requested by pokehys)
|inactive|pokehys has 60 seconds left.
|
|t:|1754511063
|teamsize|p1|4
|teamsize|p2|4
|start
|switch|p1a: Annihilape|Annihilape, L50, M|100/100
|switch|p1b: Indeedee|Indeedee, L50, M|100/100
|switch|p2a: Garchomp|Garchomp, L50, M|100/100
|switch|p2b: Dragonite|Dragonite, L50, M|100/100
|-fieldstart|move: Psychic Terrain|[from] ability: Psychic Surge|[of] p1b: Indeedee
|turn|1
|inactive|Sammy Chung has 30 seconds left.
|inactive|Sammy Chung has 20 seconds left.
|
|t:|1754511105
|move|p2a: Garchomp|Protect|p2a: Garchomp
|-singleturn|p2a: Garchomp|Protect
|move|p1b: Indeedee|Protect|p1b: Indeedee
|-singleturn|p1b: Indeedee|Protect
|move|p1a: Annihilape|Rage Fist|p2b: Dragonite
|-damage|p2b: Dragonite|78/100
|move|p2b: Dragonite|Outrage|p1a: Annihilape
|-damage|p1a: Annihilape|0 fnt
|faint|p1a: Annihilape
|
|upkeep
|
|t:|1754511109
|switch|p1a: Sneasler|Sneasler, L50, F|100/100
|-enditem|p1a: Sneasler|Psychic Seed
|-boost|p1a: Sneasler|spd|1|[from] item: Psychic Seed
|turn|2
|inactive|pokehys has 30 seconds left.
|
|t:|1754511135
|-terastallize|p1a: Sneasler|Dark
|move|p1a: Sneasler|Dire Claw|p2b: Dragonite
|-damage|p2b: Dragonite|35/100
|move|p2a: Garchomp|Earthquake|p1a: Sneasler|[spread] p1a,p1b
|-immune|p2b: Dragonite
|-crit|p1b: Indeedee
|-damage|p1a: Sneasler|20/100
|-enditem|p1b: Indeedee|Focus Sash
|-damage|p1b: Indeedee|1/100
|-damage|p2a: Garchomp|91/100|[from] item: Life Orb
|move|p2b: Dragonite|Outrage|p1a: Sneasler|[from] lockedmove
|-damage|p1a: Sneasler|0 fnt
|faint|p1a: Sneasler
|move|p1b: Indeedee|Trick Room|p1b: Indeedee
|-fieldstart|move: Trick Room|[of] p1b: Indeedee
|
|upkeep
|
|t:|1754511141
|switch|p1a: Ursaluna|Ursaluna-Bloodmoon, L50, M|100/100
|turn|3
|inactive|Sammy Chung has 30 seconds left.
|inactive|Sammy Chung has 20 seconds left.
|inactive|Sammy Chung has 15 seconds left.
|inactive|Sammy Chung has 10 seconds left.
|
|t:|1754511187
|move|p2a: Garchomp|Protect|p2a: Garchomp
|-singleturn|p2a: Garchomp|Protect
|move|p1a: Ursaluna|Hyper Voice|p2a: Garchomp|[spread] p2b
|-activate|p2a: Garchomp|move: Protect
|-damage|p2b: Dragonite|0 fnt
|faint|p2b: Dragonite
|-damage|p1a: Ursaluna|90/100|[from] item: Life Orb
|move|p1b: Indeedee|Expanding Force|p2a: Garchomp
|-activate|p2a: Garchomp|move: Protect
|
|upkeep
|
|t:|1754511194
|switch|p2b: Gholdengo|Gholdengo, L50|100/100
|turn|4
|
|t:|1754511208
|move|p1b: Indeedee|Protect|p1b: Indeedee
|-singleturn|p1b: Indeedee|Protect
|move|p1a: Ursaluna|Earth Power|p2b: Gholdengo
|-supereffective|p2b: Gholdengo
|-damage|p2b: Gholdengo|0 fnt
|faint|p2b: Gholdengo
|-damage|p1a: Ursaluna|80/100|[from] item: Life Orb
|move|p2a: Garchomp|Dragon Claw|p1b: Indeedee
|-activate|p1b: Indeedee|move: Protect
|
|upkeep
|
|t:|1754511214
|switch|p2b: Whimsicott|Whimsicott, L50, M|100/100
|turn|5
|
|t:|1754511228
|move|p2b: Whimsicott|Protect|p2b: Whimsicott
|-singleturn|p2b: Whimsicott|Protect
|move|p2a: Garchomp|Protect|p2a: Garchomp
|-singleturn|p2a: Garchomp|Protect
|move|p1a: Ursaluna|Hyper Voice|p2a: Garchomp|[spread] 
|-activate|p2a: Garchomp|move: Protect
|-activate|p2b: Whimsicott|move: Protect
|move|p1b: Indeedee|Expanding Force|p2b: Whimsicott|[spread] 
|-activate|p2a: Garchomp|move: Protect
|-activate|p2b: Whimsicott|move: Protect
|
|-fieldend|move: Psychic Terrain
|upkeep
|turn|6
|inactive|pokehys has 30 seconds left.
|
|t:|1754511258
|move|p2a: Garchomp|Protect||[still]
|-fail|p2a: Garchomp
|move|p1a: Ursaluna|Blood Moon|p2a: Garchomp
|-damage|p2a: Garchomp|0 fnt
|faint|p2a: Garchomp
|-damage|p1a: Ursaluna|70/100|[from] item: Life Orb
|move|p1b: Indeedee|Expanding Force|p2b: Whimsicott
|-damage|p2b: Whimsicott|32/100
|move|p2b: Whimsicott|Moonblast|p1b: Indeedee
|-damage|p1b: Indeedee|0 fnt
|faint|p1b: Indeedee
|
|-fieldend|move: Trick Room
|upkeep
|turn|7
|
|t:|1754511266
|move|p2b: Whimsicott|Encore|p1a: Ursaluna
|-start|p1a: Ursaluna|Encore
|move|p1a: Ursaluna|Blood Moon|p2b: Whimsicott
|-damage|p2b: Whimsicott|0 fnt
|faint|p2b: Whimsicott
|-damage|p1a: Ursaluna|60/100|[from] item: Life Orb
|-hint|Some effects can force a Pokemon to use Blood Moon again in a row.
|
|win|pokehys
|raw|pokehys's rating: 1291 → 1314(+23 for winning)
|raw|Sammy Chung's rating: 1268 → 1245(-23 for losing)
|c|☆pokehys|good attempt lmao
|c|☆pokehys|I forgot about that
|c|☆pokehys|interaction
