|j|☆lunodira
|j|☆wklgnkr
|html|lunodirawklgnkr    
|uhtml|bestof|Game 1 of a best-of-3
|t:|1783891968
|gametype|doubles
|player|p1|lunodira|grimsley|1175
|player|p2|wklgnkr|ingo|1087
|gen|9
|tier|[Gen 9 Champions] VGC 2026 Reg M-B (Bo3)
|rated|
|rule|Species Clause: Limit one of each Pokémon
|rule|Item Clause: Limit 1 of each item
|clearpoke
|poke|p1|Blastoise, L50, F|
|poke|p1|Incineroar, L50, M|
|poke|p1|Sneasler, L50, F|
|poke|p1|Kingambit, L50, M|
|poke|p1|Sinistcha, L50|
|poke|p1|Floette-Eternal, L50, F|
|poke|p2|Tyranitar, L50, F|
|poke|p2|Sneasler, L50, F|
|poke|p2|Rotom-Wash, L50|
|poke|p2|Sinistcha-Masterpiece, L50|
|poke|p2|Talonflame, L50, F|
|poke|p2|Garchomp, L50, M|
|teampreview|4
|showteam|p1|Blastoise||Blastoisinite|RainDish|WaterSpout,DarkPulse,Protect,ShellSmash|Modest||F|||50|]Incineroar||SitrusBerry|Intimidate|FlareBlitz,FakeOut,HelpingHand,PartingShot|Careful||M|||50|]Sneasler||FocusSash|PoisonTouch|FakeOut,CloseCombat,PoisonJab,RockTomb|Jolly||F|||50|]Kingambit||LifeOrb|Defiant|SuckerPunch,Protect,KowtowCleave,SwordsDance|Adamant||M|||50|]Sinistcha||OccaBerry|Hospitality|MatchaGotcha,Protect,RagePowder,TrickRoom|Relaxed|||||50|]Floette-Eternal||Floettite|Symbiosis|CalmMind,DrainingKiss,DazzlingGleam,Protect|Modest||F|||50|
|showteam|p2|Tyranitar||Tyranitarite|SandStream|Protect,RockSlide,KnockOff,DragonDance|Adamant||F|||50|]Sneasler||WhiteHerb|Unburden|FakeOut,CloseCombat,DireClaw,Protect|Jolly||F|||50|]Rotom-Wash||SitrusBerry|Levitate|WillOWisp,Electroweb,HydroPump,Protect|Calm|||||50|]Sinistcha-Masterpiece||OccaBerry|Hospitality|RagePowder,MatchaGotcha,Protect,ShadowBall|Bold|||||50|]Talonflame||FocusSash|FlameBody|BraveBird,Overheat,Tailwind,Protect|Naive||F|||50|]Garchomp||Garchompite|SandVeil|Earthquake,IronHead,DragonClaw,Protect|Jolly||M|||50|
|inactive|Battle timer is ON: inactive players will automatically lose when time's up. (requested by wklgnkr)
|inactive|lunodira has 60 seconds left.
|inactive|lunodira has 30 seconds left.
|
|t:|1783892078
|teamsize|p1|4
|teamsize|p2|4
|start
|switch|p1a: Blastoise|Blastoise, L50, F|100/100
|switch|p1b: Incineroar|Incineroar, L50, M|100/100
|switch|p2a: Sneasler|Sneasler, L50, F|100/100
|switch|p2b: Talonflame|Talonflame, L50, F|100/100
|-ability|p1b: Incineroar|Intimidate|boost
|-unboost|p2a: Sneasler|atk|1
|-unboost|p2b: Talonflame|atk|1
|-enditem|p2a: Sneasler|White Herb
|-clearnegativeboost|p2a: Sneasler|[silent]
|turn|1
|inactive|lunodira has 30 seconds left.
|inactive|lunodira has 20 seconds left.
|inactive|lunodira has 15 seconds left.
|inactive|wklgnkr has 30 seconds left.
|
|t:|1783892124
|detailschange|p1a: Blastoise|Blastoise-Mega, L50, F
|-mega|p1a: Blastoise|Blastoise|Blastoisinite
|move|p2a: Sneasler|Fake Out|p1a: Blastoise
|-damage|p1a: Blastoise|86/100
|move|p1b: Incineroar|Fake Out|p2b: Talonflame
|-damage|p2b: Talonflame|85/100
|cant|p2b: Talonflame|flinch
|cant|p1a: Blastoise|flinch
|
|upkeep
|turn|2
|inactive|lunodira has 30 seconds left.
|inactive|lunodira has 20 seconds left.
|inactive|lunodira has 15 seconds left.
|inactive|lunodira has 10 seconds left.
|inactive|lunodira has 5 seconds left.
|
|t:|1783892177
|switch|p2b: Sinistcha|Sinistcha-Masterpiece, L50|100/100
|move|p2a: Sneasler|Close Combat|p1b: Incineroar
|-supereffective|p1b: Incineroar|1
|-damage|p1b: Incineroar|0 fnt
|-unboost|p2a: Sneasler|def|1
|-unboost|p2a: Sneasler|spd|1
|faint|p1b: Incineroar
|move|p1a: Blastoise|Water Spout|p2a: Sneasler|[spread] p2a,p2b
|-resisted|p2b: Sinistcha|1
|-damage|p2a: Sneasler|0 fnt
|-damage|p2b: Sinistcha|69/100
|faint|p2a: Sneasler
|
|upkeep
|
|t:|1783892192
|switch|p2a: Tyranitar|Tyranitar, L50, F|100/100
|switch|p1b: Sneasler|Sneasler, L50, F|100/100
|-weather|Sandstorm|[from] ability: Sand Stream|[of] p2a: Tyranitar
|turn|3
|inactive|lunodira has 30 seconds left.
|inactive|lunodira has 20 seconds left.
|
|t:|1783892229
|detailschange|p2a: Tyranitar|Tyranitar-Mega, L50, F
|-mega|p2a: Tyranitar|Tyranitar|Tyranitarite
|move|p1b: Sneasler|Fake Out|p2a: Tyranitar
|-resisted|p2a: Tyranitar|1
|-damage|p2a: Tyranitar|94/100
|-status|p2a: Tyranitar|psn|[from] ability: Poison Touch|[of] p1b: Sneasler
|move|p2b: Sinistcha|Rage Powder|p2b: Sinistcha
|-singleturn|p2b: Sinistcha|move: Rage Powder
|move|p1a: Blastoise|Dark Pulse|p2b: Sinistcha
|-supereffective|p2b: Sinistcha|1
|-damage|p2b: Sinistcha|0 fnt
|faint|p2b: Sinistcha
|cant|p2a: Tyranitar|flinch
|
|-weather|Sandstorm|[upkeep]
|-damage|p1b: Sneasler|94/100|[from] Sandstorm
|-damage|p1a: Blastoise|80/100|[from] Sandstorm
|-damage|p2a: Tyranitar|82/100 psn|[from] psn
|upkeep
|
|t:|1783892240
|switch|p2b: Talonflame|Talonflame, L50, F|85/100
|turn|4
|inactive|lunodira has 30 seconds left.
|
|t:|1783892268
|move|p2b: Talonflame|Brave Bird|p1b: Sneasler
|-supereffective|p1b: Sneasler|1
|-damage|p1b: Sneasler|0 fnt
|faint|p1b: Sneasler
|-damage|p2b: Talonflame|59/100|[from] Recoil
|move|p1a: Blastoise|Water Spout|p2b: Talonflame|[spread] p2a,p2b
|-supereffective|p2a: Tyranitar|1
|-supereffective|p2b: Talonflame|1
|-damage|p2a: Tyranitar|23/100 psn
|-damage|p2b: Talonflame|0 fnt
|faint|p2b: Talonflame
|move|p2a: Tyranitar|Knock Off|p1a: Blastoise
|-damage|p1a: Blastoise|39/100
|
|-weather|Sandstorm|[upkeep]
|-damage|p1a: Blastoise|33/100|[from] Sandstorm
|-damage|p2a: Tyranitar|11/100 psn|[from] psn
|upkeep
|
|t:|1783892275
|switch|p1b: Sinistcha|Sinistcha, L50|100/100
|-heal|p1a: Blastoise|58/100|[from] ability: Hospitality|[of] p1b: Sinistcha
|turn|5
|
|t:|1783892284
|move|p1a: Blastoise|Protect|p1a: Blastoise
|-singleturn|p1a: Blastoise|Protect
|move|p1b: Sinistcha|Protect|p1b: Sinistcha
|-singleturn|p1b: Sinistcha|Protect
|move|p2a: Tyranitar|Knock Off|p1b: Sinistcha
|-activate|p1b: Sinistcha|move: Protect
|
|-weather|Sandstorm|[upkeep]
|-damage|p1a: Blastoise|53/100|[from] Sandstorm
|-damage|p1b: Sinistcha|93/100|[from] Sandstorm
|-damage|p2a: Tyranitar|0 fnt|[from] psn
|faint|p2a: Tyranitar
|
|win|lunodira
|l|☆wklgnkr
|player|p2|
