|j|☆2kitkat
|j|☆anarchyXRRR
|html|2kitkatanarchyXRRR    
|uhtml|bestof|Game 1 of a best-of-3
|t:|1757695521
|gametype|doubles
|player|p1|2kitkat|riley|
|player|p2|anarchyXRRR|266|
|gen|9
|tier|[Gen 9] VGC 2025 Reg H (Bo3)
|rule|Species Clause: Limit one of each Pokémon
|rule|Item Clause: Limit 1 of each item
|clearpoke
|poke|p1|Drifblim, L50, M|
|poke|p1|Hydreigon, L50, M|
|poke|p1|Indeedee, L50, M|
|poke|p1|Sneasler, L50, F|
|poke|p1|Dragapult, L50, M|
|poke|p1|Volcarona, L50, M|
|poke|p2|Archaludon, L50, M|
|poke|p2|Glimmora, L50, M|
|poke|p2|Dondozo, L50, F|
|poke|p2|Kingambit, L50, F|
|poke|p2|Dragonite, L50, M|
|poke|p2|Annihilape, L50, M|
|teampreview|4
|showteam|p1|Drifblim||PsychicSeed|Unburden|Acrobatics,WillOWisp,SunnyDay,Tailwind|||M|||50|,,,,,Grass]Hydreigon||AssaultVest|Levitate|DarkPulse,DracoMeteor,EarthPower,Snarl|||M|||50|,,,,,Poison]Indeedee||FocusSash|PsychicSurge|ExpandingForce,TeraBlast,Imprison,TrickRoom|||M|||50|,,,,,Fighting]Sneasler||WhiteHerb|Unburden|DireClaw,CloseCombat,ThroatChop,Protect|||F|||50|,,,,,Stellar]Dragapult||ChoiceBand|ClearBody|DragonDarts,PhantomForce,TeraBlast,Uturn|||M|||50|,,,,,Ghost]Volcarona||RockyHelmet|FlameBody|Overheat,RagePowder,Protect,BugBuzz|||M|||50|,,,,,Fairy
|showteam|p2|Archaludon||PowerHerb|Sturdy|DracoMeteor,FlashCannon,ElectroShot,Protect|||M|||50|,,,,,Stellar]Glimmora||FocusSash|ToxicDebris|PowerGem,SludgeWave,EarthPower,SpikyShield|||M|||50|,,,,,Grass]Dondozo||Leftovers|Unaware|WaveCrash,Fissure,Yawn,Protect|||F|||50|,,,,,Fire]Kingambit||SafetyGoggles|Defiant|Assurance,SuckerPunch,LowKick,Protect|||F|||50|,,,,,Dark]Dragonite||AssaultVest|Multiscale|TeraBlast,ExtremeSpeed,IceSpinner,StompingTantrum|||M|||50|,,,,,Flying]Annihilape||ChoiceScarf|Defiant|FinalGambit,CloseCombat,Coaching,ShadowClaw|||M|||50|,,,,,Grass
|inactive|Battle timer is ON: inactive players will automatically lose when time's up. (requested by 2kitkat)
|inactive|2kitkat has 60 seconds left.
|inactive|anarchyXRRR has 60 seconds left.
|
|t:|1757695570
|teamsize|p1|4
|teamsize|p2|4
|start
|switch|p1a: CROSSHAIRS|Indeedee, L50, M|100/100
|switch|p1b: FASTLANE|Drifblim, L50, M|100/100
|switch|p2a: Dondozo|Dondozo, L50, F|100/100
|switch|p2b: Archaludon|Archaludon, L50, M|100/100
|-fieldstart|move: Psychic Terrain|[from] ability: Psychic Surge|[of] p1a: CROSSHAIRS
|-enditem|p1b: FASTLANE|Psychic Seed
|-boost|p1b: FASTLANE|spd|1|[from] item: Psychic Seed
|turn|1
|inactive|anarchyXRRR has 30 seconds left.
|
|t:|1757695596
|-terastallize|p1b: FASTLANE|Grass
|move|p1b: FASTLANE|Tailwind|p1b: FASTLANE
|-sidestart|p1: 2kitkat|move: Tailwind
|move|p1a: CROSSHAIRS|Expanding Force|p2b: Archaludon|[spread] p2a,p2b
|-resisted|p2b: Archaludon
|-damage|p2a: Dondozo|58/100
|-damage|p2b: Archaludon|53/100
|move|p2b: Archaludon|Electro Shot||[still]
|-prepare|p2b: Archaludon|Electro Shot
|-boost|p2b: Archaludon|spa|1
|-enditem|p2b: Archaludon|Power Herb
|-anim|p2b: Archaludon|Electro Shot|p1b: FASTLANE
|-resisted|p1b: FASTLANE
|-damage|p1b: FASTLANE|75/100
|move|p2a: Dondozo|Yawn|p1b: FASTLANE
|-start|p1b: FASTLANE|move: Yawn|[of] p2a: Dondozo
|
|-heal|p2a: Dondozo|65/100|[from] item: Leftovers
|upkeep
|turn|2
|inactive|anarchyXRRR has 30 seconds left.
|inactive|anarchyXRRR has 20 seconds left.
|
|t:|1757695633
|switch|p1b: FAZERS|Dragapult, L50, M|100/100
|move|p2b: Archaludon|Protect|p2b: Archaludon
|-singleturn|p2b: Archaludon|Protect
|move|p1a: CROSSHAIRS|Expanding Force|p2a: Dondozo|[spread] p2a
|-activate|p2b: Archaludon|move: Protect
|-crit|p2a: Dondozo
|-damage|p2a: Dondozo|0 fnt
|faint|p2a: Dondozo
|
|upkeep
|
|t:|1757695644
|switch|p2a: Kingambit|Kingambit, L50, F|100/100
|turn|3
|
|t:|1757695668
|move|p1b: FAZERS|Dragon Darts|p2a: Kingambit
|-resisted|p2a: Kingambit
|-crit|p2a: Kingambit
|-damage|p2a: Kingambit|78/100
|-anim|p1b: FAZERS|Dragon Darts|p2b: Archaludon
|-damage|p2b: Archaludon|18/100
|move|p1a: CROSSHAIRS|Expanding Force|p2b: Archaludon|[spread] p2b
|-immune|p2a: Kingambit
|-resisted|p2b: Archaludon
|-damage|p2b: Archaludon|0 fnt
|faint|p2b: Archaludon
|move|p2a: Kingambit|Assurance|p1b: FAZERS
|-supereffective|p1b: FAZERS
|-damage|p1b: FAZERS|5/100
|
|upkeep
|
|t:|1757695680
|switch|p2b: Annihilape|Annihilape, L50, M|100/100
|turn|4
|inactive|anarchyXRRR has 30 seconds left.
|
|t:|1757695708
|move|p1b: FAZERS|Dragon Darts|p2a: Kingambit
|-resisted|p2a: Kingambit
|-damage|p2a: Kingambit|61/100
|-anim|p1b: FAZERS|Dragon Darts|p2b: Annihilape
|-damage|p2b: Annihilape|58/100
|move|p1a: CROSSHAIRS|Expanding Force|p2a: Kingambit|[spread] p2b
|-immune|p2a: Kingambit
|-supereffective|p2b: Annihilape
|-damage|p2b: Annihilape|0 fnt
|faint|p2b: Annihilape
|move|p2a: Kingambit|Assurance|p1a: CROSSHAIRS
|-supereffective|p1a: CROSSHAIRS
|-enditem|p1a: CROSSHAIRS|Focus Sash
|-damage|p1a: CROSSHAIRS|1/100
|
|-sideend|p1: 2kitkat|move: Tailwind
|upkeep
|turn|5
|
|t:|1757695726
|move|p1b: FAZERS|Dragon Darts|p2a: Kingambit
|-resisted|p2a: Kingambit
|-crit|p2a: Kingambit
|-damage|p2a: Kingambit|38/100
|-anim|p1b: FAZERS|Dragon Darts|p2a: Kingambit
|-resisted|p2a: Kingambit
|-damage|p2a: Kingambit|22/100
|move|p1a: CROSSHAIRS|Tera Blast|p2a: Kingambit
|-resisted|p2a: Kingambit
|-damage|p2a: Kingambit|2/100
|move|p2a: Kingambit|Assurance|p1a: CROSSHAIRS
|-supereffective|p1a: CROSSHAIRS
|-damage|p1a: CROSSHAIRS|0 fnt
|faint|p1a: CROSSHAIRS
|
|-fieldend|move: Psychic Terrain
|upkeep
|
|t:|1757695740
|switch|p1a: FASTLANE|Drifblim, L50, M, tera:Grass|75/100
|turn|6
|
|t:|1757695744
|switch|p1b: CZARFACE|Sneasler, L50, F|100/100
|move|p2a: Kingambit|Sucker Punch||[still]
|-fail|p2a: Kingambit
|move|p1a: FASTLANE|Will-O-Wisp|p2a: Kingambit
|-status|p2a: Kingambit|brn
|
|-damage|p2a: Kingambit|0 fnt|[from] brn
|faint|p2a: Kingambit
|
|win|2kitkat
||anarchyXRRR is ready for game 2.
||2kitkat is ready for game 2.
|uhtml|next|Next: Game 2 of 3
