|j|☆Codename Vv
|j|☆Eddy style
|html|Codename VvEddy style    
|uhtml|bestof|Game 2 of a best-of-3
|t:|1784012095
|gametype|doubles
|player|p1|Codename Vv|brock|1079
|player|p2|Eddy style|striker|1202
|gen|9
|tier|[Gen 9 Champions] VGC 2026 Reg M-B (Bo3)
|rated|
|rule|Species Clause: Limit one of each Pokémon
|rule|Item Clause: Limit 1 of each item
|clearpoke
|poke|p1|Charizard, L50, M|
|poke|p1|Incineroar, L50, M|
|poke|p1|Grimmsnarl, L50, M|
|poke|p1|Raichu, L50, M, shiny|
|poke|p1|Ceruledge, L50, M|
|poke|p1|Ninetales-Alola, L50, F, shiny|
|poke|p2|Gengar, L50, M|
|poke|p2|Incineroar, L50, M|
|poke|p2|Sinistcha, L50|
|poke|p2|Kommo-o, L50, M|
|poke|p2|Swampert, L50, F|
|poke|p2|Politoed, L50, F|
|teampreview|4
|showteam|p1|Charizard||CharizarditeY|Blaze|HeatWave,SolarBeam,WeatherBall,Protect|Modest||M|||50|]Incineroar||Leftovers|Intimidate|FlareBlitz,ThroatChop,PartingShot,FakeOut|Impish||M|||50|]Grimmsnarl||RoseliBerry|Prankster|SpiritBreak,FakeOut,Reflect,PartingShot|Careful||M|||50|]Raichu||RaichuniteY|LightningRod|ZapCannon,FocusBlast,Encore,FakeOut|Timid||M|||50|]Ceruledge||ColburBerry|FlashFire|BitterBlade,ShadowSneak,BulkUp,Protect|Adamant||M|||50|]Ninetales-Alola||NeverMeltIce|SnowWarning|Blizzard,FreezeDry,AuroraVeil,Encore|Timid||F|||50|
|showteam|p2|Gengar||Gengarite|CursedBody|ShadowBall,SludgeBomb,PerishSong,Protect|Modest||M|||50|]Incineroar||PasshoBerry|Intimidate|FakeOut,DarkestLariat,Protect,PartingShot|Careful||M|||50|]Sinistcha||ColburBerry|Hospitality|MatchaGotcha,TrickRoom,RagePowder,Protect|Bold|||||50|]Kommo-o||Leftovers|Soundproof|ClangingScales,ClangorousSoul,Protect,AuraSphere|Modest||M|||50|]Swampert||Swampertite|Torrent|WaveCrash,HighHorsepower,IcePunch,Protect|Adamant||F|||50|]Politoed||SitrusBerry|Drizzle|WeatherBall,Protect,PerishSong,IceBeam|Calm||F|||50|
|
|t:|1784012149
|teamsize|p1|4
|teamsize|p2|4
|start
|switch|p1a: Charizard|Charizard, L50, M|100/100
|switch|p1b: Ninetales|Ninetales-Alola, L50, F, shiny|100/100
|switch|p2a: Gengar|Gengar, L50, M|100/100
|switch|p2b: Incineroar|Incineroar, L50, M|100/100
|-weather|Snowscape|[from] ability: Snow Warning|[of] p1b: Ninetales
|-ability|p2b: Incineroar|Intimidate|boost
|-unboost|p1a: Charizard|atk|1
|-unboost|p1b: Ninetales|atk|1
|turn|1
|
|t:|1784012171
|detailschange|p2a: Gengar|Gengar-Mega, L50, M
|-mega|p2a: Gengar|Gengar|Gengarite
|move|p1a: Charizard|Protect|p1a: Charizard
|-singleturn|p1a: Charizard|Protect
|move|p2b: Incineroar|Fake Out|p1b: Ninetales
|-crit|p1b: Ninetales
|-damage|p1b: Ninetales|85/100
|cant|p1b: Ninetales|flinch
|move|p2a: Gengar|Perish Song|p2a: Gengar
|-start|p1a: Charizard|perish3|[silent]
|-start|p1b: Ninetales|perish3|[silent]
|-start|p2a: Gengar|perish3|[silent]
|-start|p2b: Incineroar|perish3|[silent]
|-fieldactivate|move: Perish Song
|
|-weather|Snowscape|[upkeep]
|-start|p1b: Ninetales|perish3
|-start|p2a: Gengar|perish3
|-start|p1a: Charizard|perish3
|-start|p2b: Incineroar|perish3
|upkeep
|turn|2
|
|t:|1784012234
|move|p2a: Gengar|Protect|p2a: Gengar
|-singleturn|p2a: Gengar|Protect
|move|p2b: Incineroar|Protect|p2b: Incineroar
|-singleturn|p2b: Incineroar|Protect
|move|p1b: Ninetales|Aurora Veil|p1b: Ninetales
|-sidestart|p1: Codename Vv|move: Aurora Veil
|move|p1a: Charizard|Heat Wave|p2b: Incineroar|[spread] 
|-activate|p2a: Gengar|move: Protect
|-activate|p2b: Incineroar|move: Protect
|
|-weather|Snowscape|[upkeep]
|-start|p1b: Ninetales|perish2
|-start|p2a: Gengar|perish2
|-start|p1a: Charizard|perish2
|-start|p2b: Incineroar|perish2
|upkeep
|turn|3
|
|t:|1784012272
|switch|p2a: Politoed|Politoed, L50, F|100/100
|-weather|RainDance|[from] ability: Drizzle|[of] p2a: Politoed
|detailschange|p1a: Charizard|Charizard-Mega-Y, L50, M
|-mega|p1a: Charizard|Charizard|Charizardite Y
|-weather|SunnyDay|[from] ability: Drought|[of] p1a: Charizard
|move|p1b: Ninetales|Encore|p2b: Incineroar
|-start|p2b: Incineroar|Encore
|move|p2b: Incineroar|Protect||[still]
|-fail|p2b: Incineroar
|move|p1a: Charizard|Weather Ball|p2a: Politoed
|-resisted|p2a: Politoed|1
|-damage|p2a: Politoed|63/100
|
|-weather|SunnyDay|[upkeep]
|-start|p1b: Ninetales|perish1
|-start|p1a: Charizard|perish1
|-start|p2b: Incineroar|perish1
|upkeep
|turn|4
|
|t:|1784012328
|switch|p2b: Gengar|Gengar-Mega, L50, M|100/100
|move|p1b: Ninetales|Freeze-Dry|p2b: Gengar
|-damage|p2b: Gengar|73/100
|move|p1a: Charizard|Solar Beam||[still]
|-prepare|p1a: Charizard|Solar Beam
|-anim|p1a: Charizard|Solar Beam|p2a: Politoed
|-supereffective|p2a: Politoed|1
|-damage|p2a: Politoed|0 fnt
|faint|p2a: Politoed
|
|-weather|SunnyDay|[upkeep]
|-start|p1b: Ninetales|perish0
|-start|p1a: Charizard|perish0
|faint|p1b: Ninetales
|faint|p1a: Charizard
|upkeep
|
|t:|1784012343
|switch|p1b: Incineroar|Incineroar, L50, M|100/100
|switch|p1a: Inigo|Ceruledge, L50, M|100/100
|switch|p2a: Incineroar|Incineroar, L50, M|100/100
|-ability|p1b: Incineroar|Intimidate|boost
|-unboost|p2a: Incineroar|atk|1
|-unboost|p2b: Gengar|atk|1
|-ability|p2a: Incineroar|Intimidate|boost
|-unboost|p1a: Inigo|atk|1
|-unboost|p1b: Incineroar|atk|1
|turn|5
|
|t:|1784012360
|move|p1b: Incineroar|Fake Out|p2a: Incineroar
|-damage|p2a: Incineroar|92/100
|cant|p2a: Incineroar|flinch
|move|p2b: Gengar|Perish Song|p2b: Gengar
|-start|p1a: Inigo|perish3|[silent]
|-start|p1b: Incineroar|perish3|[silent]
|-start|p2a: Incineroar|perish3|[silent]
|-start|p2b: Gengar|perish3|[silent]
|-fieldactivate|move: Perish Song
|move|p1a: Inigo|Bitter Blade|p2b: Gengar
|-damage|p2b: Gengar|4/100
|
|-weather|SunnyDay|[upkeep]
|-start|p2b: Gengar|perish3
|-start|p1a: Inigo|perish3
|-start|p1b: Incineroar|perish3
|-start|p2a: Incineroar|perish3
|upkeep
|turn|6
|
|t:|1784012382
|move|p2b: Gengar|Protect|p2b: Gengar
|-singleturn|p2b: Gengar|Protect
|move|p2a: Incineroar|Protect|p2a: Incineroar
|-singleturn|p2a: Incineroar|Protect
|move|p1a: Inigo|Bulk Up|p1a: Inigo
|-boost|p1a: Inigo|atk|1
|-boost|p1a: Inigo|def|1
|move|p1b: Incineroar|Throat Chop|p2b: Gengar
|-activate|p2b: Gengar|move: Protect
|
|-weather|SunnyDay|[upkeep]
|-start|p2b: Gengar|perish2
|-start|p1a: Inigo|perish2
|-start|p1b: Incineroar|perish2
|-start|p2a: Incineroar|perish2
|-sideend|p1: Codename Vv|move: Aurora Veil
|upkeep
|turn|7
|
|t:|1784012403
|move|p1a: Inigo|Shadow Sneak|p2b: Gengar
|-supereffective|p2b: Gengar|1
|-damage|p2b: Gengar|0 fnt
|faint|p2b: Gengar
|move|p1b: Incineroar|Throat Chop|p2a: Incineroar
|-resisted|p2a: Incineroar|1
|-damage|p2a: Incineroar|82/100
|-start|p2a: Incineroar|Throat Chop|[silent]
|cant|p2a: Incineroar|move: Throat Chop
|
|-weather|none
|-start|p1a: Inigo|perish1
|-start|p1b: Incineroar|perish1
|-start|p2a: Incineroar|perish1
|upkeep
|
|t:|1784012407
|switch|p2b: Sinistcha|Sinistcha, L50|100/100
|-heal|p2a: Incineroar|100/100|[from] ability: Hospitality|[of] p2b: Sinistcha
|turn|8
|
|t:|1784012449
|move|p2b: Sinistcha|Protect|p2b: Sinistcha
|-singleturn|p2b: Sinistcha|Protect
|move|p2a: Incineroar|Protect|p2a: Incineroar
|-singleturn|p2a: Incineroar|Protect
|move|p1a: Inigo|Bitter Blade|p2b: Sinistcha
|-activate|p2b: Sinistcha|move: Protect
|move|p1b: Incineroar|Flare Blitz|p2a: Incineroar
|-activate|p2a: Incineroar|move: Protect
|
|-end|p2a: Incineroar|Throat Chop|[silent]
|-start|p1a: Inigo|perish0
|-start|p1b: Incineroar|perish0
|-start|p2a: Incineroar|perish0
|faint|p1a: Inigo
|faint|p1b: Incineroar
|faint|p2a: Incineroar
|
|win|Eddy style
|raw|Codename Vv's rating: 1079 → 1065(-14 for losing)
|raw|Eddy style's rating: 1202 → 1219(+17 for winning)
|c|☆Codename Vv|gg
|l|☆Eddy style
|player|p2|
