|j|☆aqueousbloop
|j|☆Vgcgen
|html|aqueousbloopVgcgen    
|uhtml|bestof|Game 1 of a best-of-3
|t:|1756219476
|gametype|doubles
|player|p1|aqueousbloop|101|1141
|player|p2|Vgcgen|169|1107
|gen|9
|tier|[Gen 9] VGC 2025 Reg H (Bo3)
|rated|
|rule|Species Clause: Limit one of each Pokémon
|rule|Item Clause: Limit 1 of each item
|clearpoke
|poke|p1|Sneasler, L50, F|
|poke|p1|Basculegion, L50, M|
|poke|p1|Pelipper, L50, M|
|poke|p1|Indeedee-F, L50, F|
|poke|p1|Lurantis, L50, F|
|poke|p1|Hatterene, L50, F|
|poke|p2|Archaludon, L50, F|
|poke|p2|Politoed, L50, F|
|poke|p2|Gothitelle, L50, F|
|poke|p2|Kingdra, L50, F|
|poke|p2|Incineroar, L50, M|
|poke|p2|Amoonguss, L50, M|
|teampreview|4
|showteam|p1|Sneasler||SafetyGoggles|PoisonTouch|ThroatChop,CloseCombat,DireClaw,FakeOut|||F|||50|,,,,,Dark]Basculegion||ChoiceBand|SwiftSwim|FlipTurn,WaveCrash,LastRespects,AquaJet|||M|||50|,,,,,Grass]Pelipper||FocusSash|Drizzle|Hurricane,WeatherBall,WideGuard,Protect|||M|||50|,,,,,Ghost]Indeedee-F||PsychicSeed|PsychicSurge|TrickRoom,FollowMe,HelpingHand,Psychic|||F|||50|,,,,,Fairy]Lurantis||AssaultVest|Contrary|Superpower,LeafBlade,KnockOff,LeechLife|||F|||50|,,,,,Poison]Hatterene||LifeOrb|MagicBounce|TrickRoom,ExpandingForce,DazzlingGleam,Protect|||F|||50|,,,,,Psychic
|showteam|p2|Archaludon||PowerHerb|Sturdy|ElectroShot,FlashCannon,DragonPulse,Protect|||F|||50|,,,,,Electric]Politoed||Leftovers|Drizzle|WeatherBall,PerishSong,Encore,Protect|||F|||50|,,,,,Grass]Gothitelle||SitrusBerry|ShadowTag|Psychic,FakeOut,TrickRoom,Protect|||F|||50|,,,,,Dark]Kingdra||LifeOrb|SwiftSwim|DracoMeteor,WeatherBall,MuddyWater,Protect|||F|||50|,,,,,Stellar]Incineroar||SafetyGoggles|Intimidate|FakeOut,KnockOff,PartingShot,Protect|||M|||50|,,,,,Ghost]Amoonguss||EjectButton|Regenerator|Spore,RagePowder,PollenPuff,Protect|||M|||50|,,,,,Fairy
|inactive|Battle timer is ON: inactive players will automatically lose when time's up. (requested by Vgcgen)
|
|t:|1756219514
|teamsize|p1|4
|teamsize|p2|4
|start
|switch|p1a: Lurantis|Lurantis, L50, F|100/100
|switch|p1b: Sneasler|Sneasler, L50, F|100/100
|switch|p2a: Gothitelle|Gothitelle, L50, F, shiny|100/100
|switch|p2b: Kingdra|Kingdra, L50, F, shiny|100/100
|turn|1
|inactive|aqueousbloop has 30 seconds left.
|inactive|aqueousbloop has 20 seconds left.
|inactive|aqueousbloop has 15 seconds left.
|inactive|aqueousbloop has 10 seconds left.
|
|t:|1756219564
|move|p2b: Kingdra|Protect|p2b: Kingdra
|-singleturn|p2b: Kingdra|Protect
|move|p2a: Gothitelle|Protect|p2a: Gothitelle
|-singleturn|p2a: Gothitelle|Protect
|move|p1b: Sneasler|Fake Out|p2a: Gothitelle
|-activate|p2a: Gothitelle|move: Protect
|move|p1a: Lurantis|Knock Off|p2a: Gothitelle
|-activate|p2a: Gothitelle|move: Protect
|
|upkeep
|turn|2
|inactive|aqueousbloop has 30 seconds left.
|
|t:|1756219589
|switch|p2a: Politoed|Politoed, L50, F, shiny|100/100
|-weather|RainDance|[from] ability: Drizzle|[of] p2a: Politoed
|move|p2b: Kingdra|Draco Meteor|p1a: Lurantis
|-crit|p1a: Lurantis
|-damage|p1a: Lurantis|10/100
|-unboost|p2b: Kingdra|spa|2
|-damage|p2b: Kingdra|91/100|[from] item: Life Orb
|move|p1b: Sneasler|Dire Claw|p2a: Politoed
|-damage|p2a: Politoed|50/100
|move|p1a: Lurantis|Knock Off|p2a: Politoed
|-damage|p2a: Politoed|18/100
|-enditem|p2a: Politoed|Leftovers|[from] move: Knock Off|[of] p1a: Lurantis
|
|-weather|RainDance|[upkeep]
|upkeep
|turn|3
|inactive|aqueousbloop has 30 seconds left.
|inactive|Vgcgen has 30 seconds left.
|inactive|aqueousbloop has 20 seconds left.
|inactive|aqueousbloop has 15 seconds left.
|
|t:|1756219633
|switch|p2a: Gothitelle|Gothitelle, L50, F, shiny|100/100
|move|p2b: Kingdra|Muddy Water|p1b: Sneasler|[spread] p1b
|-miss|p2b: Kingdra|p1a: Lurantis
|-damage|p1b: Sneasler|60/100
|-damage|p2b: Kingdra|81/100|[from] item: Life Orb
|move|p1b: Sneasler|Throat Chop|p2a: Gothitelle
|-supereffective|p2a: Gothitelle
|-damage|p2a: Gothitelle|39/100
|-start|p2a: Gothitelle|Throat Chop|[silent]
|-status|p2a: Gothitelle|psn|[from] ability: Poison Touch|[of] p1b: Sneasler
|-enditem|p2a: Gothitelle|Sitrus Berry|[eat]
|-heal|p2a: Gothitelle|63/100 psn|[from] item: Sitrus Berry
|move|p1a: Lurantis|Leech Life|p2b: Kingdra
|-damage|p2b: Kingdra|55/100
|-heal|p1a: Lurantis|22/100|[from] drain|[of] p2b: Kingdra
|
|-weather|RainDance|[upkeep]
|-damage|p2a: Gothitelle|51/100 psn|[from] psn
|upkeep
|turn|4
|inactive|aqueousbloop has 30 seconds left.
|inactive|Vgcgen has 30 seconds left.
|inactive|aqueousbloop has 20 seconds left.
|inactive|aqueousbloop has 15 seconds left.
|
|t:|1756219677
|move|p2a: Gothitelle|Fake Out|p1b: Sneasler
|-damage|p1b: Sneasler|50/100
|move|p2b: Kingdra|Muddy Water|p1a: Lurantis|[spread] p1a,p1b
|-resisted|p1a: Lurantis
|-damage|p1a: Lurantis|12/100
|-damage|p1b: Sneasler|11/100
|-boost|p1a: Lurantis|accuracy|1
|-damage|p2b: Kingdra|46/100|[from] item: Life Orb
|cant|p1b: Sneasler|flinch
|move|p1a: Lurantis|Leech Life|p2a: Gothitelle
|-supereffective|p2a: Gothitelle
|-damage|p2a: Gothitelle|1/100 psn
|-heal|p1a: Lurantis|37/100|[from] drain|[of] p2a: Gothitelle
|
|-weather|RainDance|[upkeep]
|-damage|p2a: Gothitelle|0 fnt|[from] psn
|faint|p2a: Gothitelle
|upkeep
|
|t:|1756219692
|switch|p2a: Archaludon|Archaludon, L50, F, shiny|100/100
|turn|5
|inactive|aqueousbloop has 30 seconds left.
|inactive|aqueousbloop has 20 seconds left.
|
|t:|1756219730
|move|p2b: Kingdra|Weather Ball|p1b: Sneasler
|-damage|p1b: Sneasler|0 fnt
|faint|p1b: Sneasler
|-damage|p2b: Kingdra|36/100|[from] item: Life Orb
|move|p2a: Archaludon|Electro Shot||[still]
|-prepare|p2a: Archaludon|Electro Shot
|-boost|p2a: Archaludon|spa|1
|-anim|p2a: Archaludon|Electro Shot|p1a: Lurantis
|-resisted|p1a: Lurantis
|-damage|p1a: Lurantis|12/100
|move|p1a: Lurantis|Superpower|p2a: Archaludon
|-supereffective|p2a: Archaludon
|-damage|p2a: Archaludon|34/100
|-boost|p1a: Lurantis|atk|1
|-boost|p1a: Lurantis|def|1
|
|-weather|RainDance|[upkeep]
|upkeep
|
|t:|1756219749
|switch|p1b: Basculegion|Basculegion, L50, M|100/100
|turn|6
|inactive|aqueousbloop has 30 seconds left.
|
|t:|1756219783
|-terastallize|p1b: Basculegion|Grass
|move|p2b: Kingdra|Protect|p2b: Kingdra
|-singleturn|p2b: Kingdra|Protect
|move|p2a: Archaludon|Protect|p2a: Archaludon
|-singleturn|p2a: Archaludon|Protect
|move|p1b: Basculegion|Last Respects|p2b: Kingdra
|-activate|p2b: Kingdra|move: Protect
|move|p1a: Lurantis|Superpower|p2a: Archaludon
|-activate|p2a: Archaludon|move: Protect
|
|-weather|none
|upkeep
|turn|7
|inactive|aqueousbloop has 30 seconds left.
|
|t:|1756219808
|move|p2a: Archaludon|Dragon Pulse|p1a: Lurantis
|-damage|p1a: Lurantis|0 fnt
|faint|p1a: Lurantis
|move|p1b: Basculegion|Last Respects|p2b: Kingdra
|-damage|p2b: Kingdra|0 fnt
|faint|p2b: Kingdra
|
|upkeep
|
|t:|1756219816
|switch|p2b: Politoed|Politoed, L50, F, shiny|18/100
|switch|p1a: Pelipper|Pelipper, L50, M|100/100
|-weather|RainDance|[from] ability: Drizzle|[of] p2b: Politoed
|turn|8
|-message|Vgcgen forfeited.
|
|win|aqueousbloop
|l|☆Vgcgen
|player|p2|
||Vgcgen is ready for game 2.
|inactive|aqueousbloop has 30 seconds to confirm battle start!
||aqueousbloop is ready for game 2.
|uhtml|next|Next: Game 2 of 3
