|j|☆Ruka Megurine
|j|☆liamvgc1
|html|Ruka Megurineliamvgc1    
|uhtml|bestof|Game 1 of a best-of-3
|t:|1757861018
|gametype|doubles
|player|p1|Ruka Megurine|volkner|1256
|player|p2|liamvgc1|unknown|1482
|gen|9
|tier|[Gen 9] VGC 2025 Reg H (Bo3)
|rated|
|rule|Species Clause: Limit one of each Pokémon
|rule|Item Clause: Limit 1 of each item
|clearpoke
|poke|p1|Volcarona, L50, F|
|poke|p1|Incineroar, L50, M|
|poke|p1|Primarina, L50, M|
|poke|p1|Ursaluna-Bloodmoon, L50, M|
|poke|p1|Oricorio-Sensu, L50, M|
|poke|p1|Ninetales-Alola, L50, M|
|poke|p2|Incineroar, L50, M|
|poke|p2|Gholdengo, L50|
|poke|p2|Whimsicott, L50, F|
|poke|p2|Dragonite, L50, F|
|poke|p2|Garchomp, L50, F|
|poke|p2|Sneasler, L50, M|
|teampreview|4
|showteam|p1|Volcarona||SitrusBerry|FlameBody|Protect,QuiverDance,FieryDance,TeraBlast|||F|||50|,,,,,Fairy]Incineroar||SafetyGoggles|Intimidate|FlareBlitz,KnockOff,PartingShot,FakeOut|||M|||50|,,,,,Ghost]Primarina||ThroatSpray|LiquidVoice|Protect,Haze,Moonblast,HyperVoice|||M|||50|,,,,,Grass]Ursaluna-Bloodmoon||LifeOrb|MindsEye|Protect,HyperVoice,EarthPower,BloodMoon|||M|||50|,,,,,Normal]Oricorio-Sensu||FocusSash|Dancer|Protect,QuiverDance,RevelationDance,AirSlash|||M|||50|,,,,,Fighting]Ninetales-Alola||LightClay|SnowWarning|Protect,AuroraVeil,Encore,Blizzard|||M|||50|,,,,,Water
|showteam|p2|Incineroar||AssaultVest|Intimidate|FakeOut,KnockOff,FlareBlitz,Uturn|||M|||50|,,,,,Ghost]Gholdengo||ChoiceSpecs|GoodasGold|MakeItRain,ShadowBall,PowerGem,Trick||||||50|,,,,,Steel]Whimsicott||FocusSash|Prankster|Tailwind,Encore,Protect,Moonblast|||F|||50|,,,,,Ghost]Dragonite||ChoiceBand|InnerFocus|Outrage,StompingTantrum,ExtremeSpeed,IceSpinner|||F|||50|,,,,,Normal]Garchomp||LifeOrb|RoughSkin|Earthquake,StompingTantrum,DragonClaw,Protect|||F|||50|,,,,,Ground]Sneasler||WhiteHerb|Unburden|FakeOut,DireClaw,CloseCombat,Protect|||M|||50|,,,,,Stellar
|inactive|Battle timer is ON: inactive players will automatically lose when time's up. (requested by liamvgc1)
|inactive|Ruka Megurine has 60 seconds left.
|inactive|liamvgc1 has 60 seconds left.
|
|t:|1757861076
|teamsize|p1|4
|teamsize|p2|4
|start
|switch|p1a: Volcarona|Volcarona, L50, F|100/100
|switch|p1b: Oricorio|Oricorio-Sensu, L50, M|100/100
|switch|p2a: Garchomp|Garchomp, L50, F|100/100
|switch|p2b: Whimsicott|Whimsicott, L50, F|100/100
|turn|1
|
|t:|1757861095
|-terastallize|p2a: Garchomp|Ground
|move|p2b: Whimsicott|Moonblast|p1b: Oricorio
|-damage|p1b: Oricorio|45/100
|move|p2a: Garchomp|Stomping Tantrum|p1a: Volcarona
|-damage|p1a: Volcarona|26/100
|-enditem|p1a: Volcarona|Sitrus Berry|[eat]
|-heal|p1a: Volcarona|50/100|[from] item: Sitrus Berry
|-damage|p2a: Garchomp|91/100|[from] item: Life Orb
|move|p1a: Volcarona|Fiery Dance|p2b: Whimsicott
|-supereffective|p2b: Whimsicott
|-enditem|p2b: Whimsicott|Focus Sash
|-damage|p2b: Whimsicott|1/100
|-boost|p1a: Volcarona|spa|1
|-activate|p1b: Oricorio|ability: Dancer
|move|p1b: Oricorio|Fiery Dance|p2b: Whimsicott|[from] ability: Dancer
|-supereffective|p2b: Whimsicott
|-damage|p2b: Whimsicott|0 fnt
|faint|p2b: Whimsicott
|move|p1b: Oricorio|Quiver Dance|p1b: Oricorio
|-boost|p1b: Oricorio|spa|1
|-boost|p1b: Oricorio|spd|1
|-boost|p1b: Oricorio|spe|1
|
|upkeep
|
|t:|1757861112
|switch|p2b: Sneasler|Sneasler, L50, M|100/100
|turn|2
|
|t:|1757861122
|move|p1b: Oricorio|Protect|p1b: Oricorio
|-singleturn|p1b: Oricorio|Protect
|move|p2b: Sneasler|Protect|p2b: Sneasler
|-singleturn|p2b: Sneasler|Protect
|move|p1a: Volcarona|Protect|p1a: Volcarona
|-singleturn|p1a: Volcarona|Protect
|move|p2a: Garchomp|Stomping Tantrum|p1a: Volcarona
|-activate|p1a: Volcarona|move: Protect
|
|upkeep
|turn|3
|
|t:|1757861135
|move|p1b: Oricorio|Air Slash|p2b: Sneasler
|-supereffective|p2b: Sneasler
|-damage|p2b: Sneasler|0 fnt
|faint|p2b: Sneasler
|move|p2a: Garchomp|Dragon Claw|p1b: Oricorio
|-damage|p1b: Oricorio|0 fnt
|faint|p1b: Oricorio
|-damage|p2a: Garchomp|81/100|[from] item: Life Orb
|move|p1a: Volcarona|Fiery Dance|p2a: Garchomp
|-damage|p2a: Garchomp|29/100
|
|upkeep
|
|t:|1757861141
|switch|p2b: Gholdengo|Gholdengo, L50|100/100
|switch|p1b: Incineroar|Incineroar, L50, M|100/100
|-ability|p1b: Incineroar|Intimidate|boost
|-unboost|p2a: Garchomp|atk|1
|-unboost|p2b: Gholdengo|atk|1
|turn|4
|
|t:|1757861157
|switch|p1b: Ursaluna|Ursaluna-Bloodmoon, L50, M|100/100
|move|p1a: Volcarona|Protect|p1a: Volcarona
|-singleturn|p1a: Volcarona|Protect
|move|p2a: Garchomp|Stomping Tantrum|p1b: Ursaluna
|-damage|p1b: Ursaluna|68/100
|-damage|p2a: Garchomp|19/100|[from] item: Life Orb
|move|p2b: Gholdengo|Shadow Ball|p1a: Volcarona
|-activate|p1a: Volcarona|move: Protect
|
|upkeep
|turn|5
|
|t:|1757861167
|move|p2a: Garchomp|Protect|p2a: Garchomp
|-singleturn|p2a: Garchomp|Protect
|move|p1a: Volcarona|Fiery Dance|p2a: Garchomp
|-activate|p2a: Garchomp|move: Protect
|move|p2b: Gholdengo|Shadow Ball|p1a: Volcarona
|-damage|p1a: Volcarona|0 fnt
|faint|p1a: Volcarona
|move|p1b: Ursaluna|Hyper Voice|p2b: Gholdengo|[spread] p2b
|-activate|p2a: Garchomp|move: Protect
|-resisted|p2b: Gholdengo
|-damage|p2b: Gholdengo|73/100
|-damage|p1b: Ursaluna|58/100|[from] item: Life Orb
|
|upkeep
|
|t:|1757861169
|switch|p1a: Incineroar|Incineroar, L50, M|100/100
|-ability|p1a: Incineroar|Intimidate|boost
|-unboost|p2a: Garchomp|atk|1
|-unboost|p2b: Gholdengo|atk|1
|turn|6
|
|t:|1757861174
|move|p2a: Garchomp|Protect||[still]
|-fail|p2a: Garchomp
|move|p1a: Incineroar|Fake Out|p2a: Garchomp
|-damage|p2a: Garchomp|8/100
|-damage|p1a: Incineroar|88/100|[from] ability: Rough Skin|[of] p2a: Garchomp
|move|p2b: Gholdengo|Shadow Ball|p1a: Incineroar
|-resisted|p1a: Incineroar
|-damage|p1a: Incineroar|59/100
|move|p1b: Ursaluna|Hyper Voice|p2b: Gholdengo|[spread] p2a,p2b
|-resisted|p2b: Gholdengo
|-crit|p2b: Gholdengo
|-damage|p2a: Garchomp|0 fnt
|-damage|p2b: Gholdengo|30/100
|faint|p2a: Garchomp
|-damage|p1b: Ursaluna|48/100|[from] item: Life Orb
|
|upkeep
|turn|7
|-message|liamvgc1 forfeited.
|
|win|Ruka Megurine
||liamvgc1 is ready for game 2.
||Ruka Megurine is ready for game 2.
|uhtml|next|Next: Game 2 of 3
