|j|☆sampsonwildbeast
|j|☆KodeBeast0526
|html|sampsonwildbeastKodeBeast0526    
|uhtml|bestof|Game 1 of a best-of-3
|t:|1784473896
|gametype|doubles
|player|p1|sampsonwildbeast|169|1124
|player|p2|KodeBeast0526|hiker|1209
|gen|9
|tier|[Gen 9 Champions] VGC 2026 Reg M-B (Bo3)
|rated|
|rule|Species Clause: Limit one of each Pokémon
|rule|Item Clause: Limit 1 of each item
|clearpoke
|poke|p1|Gengar, L50, M|
|poke|p1|Incineroar, L50, M|
|poke|p1|Politoed, L50, F|
|poke|p1|Meganium, L50, M|
|poke|p1|Basculegion, L50, M|
|poke|p1|Maushold, L50|
|poke|p2|Aerodactyl, L50, M|
|poke|p2|Kingambit, L50, M|
|poke|p2|Sylveon, L50, M|
|poke|p2|Garchomp, L50, M|
|poke|p2|Charizard, L50, M|
|poke|p2|Farigiraf, L50, M, shiny|
|teampreview|4
|showteam|p1|Gengar||Gengarite|CursedBody|Protect,PerishSong,ShadowBall,SludgeBomb|Timid||M|||50|]Incineroar||SitrusBerry|Intimidate|FakeOut,Protect,PartingShot,FlareBlitz|Careful||M|||50|]Politoed||DampRock|Drizzle|PerishSong,Protect,IceBeam,WeatherBall|Calm||F|||50|]Meganium||Meganiumite|Overgrow|Protect,DazzlingGleam,WeatherBall,SolarBeam|Timid||M|||50|]Basculegion||LifeOrb|SwiftSwim|Protect,LastRespects,AquaJet,Liquidation|Adamant||M|||50|]Maushold||WideLens|FriendGuard|PopulationBomb,FollowMe,Protect,Encore|Jolly|||||50|
|showteam|p2|Aerodactyl||Aerodactylite|Unnerve|RockSlide,IceFang,Tailwind,WideGuard|Jolly||M|||50|]Kingambit||FocusSash|Defiant|KowtowCleave,SuckerPunch,IronHead,LowKick|Adamant||M|||50|]Sylveon||FairyFeather|Pixilate|Detect,HyperVoice,HyperBeam,QuickAttack|Modest||M|||50|]Garchomp||LifeOrb|RoughSkin|Earthquake,DragonClaw,StompingTantrum,Protect|Jolly||M|||50|]Charizard||CharizarditeY|Blaze|Protect,HeatWave,SolarBeam,WeatherBall|Modest||M|||50|]Farigiraf||SitrusBerry|ArmorTail|Thunderbolt,PsychicNoise,TrickRoom,HelpingHand|Bold||M|||50|
|
|t:|1784473909
|teamsize|p1|4
|teamsize|p2|4
|start
|switch|p1a: Politoed|Politoed, L50, F|100/100
|switch|p1b: Meganium|Meganium, L50, M|100/100
|switch|p2a: Kingambit|Kingambit, L50, M|100/100
|switch|p2b: Aerodactyl|Aerodactyl, L50, M|100/100
|-ability|p2b: Aerodactyl|Unnerve
|-weather|RainDance|[from] ability: Drizzle|[of] p1a: Politoed
|turn|1
|
|t:|1784473931
|detailschange|p1b: Meganium|Meganium-Mega, L50, M
|-mega|p1b: Meganium|Meganium|Meganiumite
|move|p2b: Aerodactyl|Tailwind|p2b: Aerodactyl
|-sidestart|p2: KodeBeast0526|move: Tailwind
|move|p2a: Kingambit|Iron Head|p1b: Meganium
|-supereffective|p1b: Meganium|1
|-damage|p1b: Meganium|12/100
|move|p1b: Meganium|Weather Ball|p2a: Kingambit
|-supereffective|p2a: Kingambit|1
|-enditem|p2a: Kingambit|Focus Sash
|-damage|p2a: Kingambit|1/100
|move|p1a: Politoed|Weather Ball|p2b: Aerodactyl
|-supereffective|p2b: Aerodactyl|1
|-damage|p2b: Aerodactyl|0 fnt
|faint|p2b: Aerodactyl
|
|-weather|RainDance|[upkeep]
|upkeep
|
|t:|1784473943
|switch|p2b: Charizard|Charizard, L50, M|100/100
|turn|2
|
|t:|1784473955
|switch|p1a: Maushold|Maushold, L50|100/100
|detailschange|p2b: Charizard|Charizard-Mega-Y, L50, M
|-mega|p2b: Charizard|Charizard|Charizardite Y
|-weather|SunnyDay|[from] ability: Drought|[of] p2b: Charizard
|move|p1b: Meganium|Protect|p1b: Meganium
|-singleturn|p1b: Meganium|Protect
|move|p2b: Charizard|Heat Wave|p1b: Meganium|[spread] p1a
|-activate|p1b: Meganium|move: Protect
|-damage|p1a: Maushold|23/100
|move|p2a: Kingambit|Iron Head|p1b: Meganium
|-activate|p1b: Meganium|move: Protect
|
|-weather|SunnyDay|[upkeep]
|upkeep
|turn|3
|
|t:|1784473981
|switch|p1b: Politoed|Politoed, L50, F|100/100
|-weather|RainDance|[from] ability: Drizzle|[of] p1b: Politoed
|move|p2b: Charizard|Weather Ball|p1b: Politoed
|-resisted|p1b: Politoed|1
|-damage|p1b: Politoed|84/100
|move|p2a: Kingambit|Iron Head|p1a: Maushold
|-damage|p1a: Maushold|0 fnt
|faint|p1a: Maushold
|
|-weather|RainDance|[upkeep]
|upkeep
|
|t:|1784473993
|switch|p1a: Basculegion|Basculegion, L50, M|100/100
|turn|4
|
|t:|1784474000
|switch|p2b: Garchomp|Garchomp, L50, M|100/100
|move|p2a: Kingambit|Sucker Punch|p1a: Basculegion
|-supereffective|p1a: Basculegion|1
|-damage|p1a: Basculegion|0 fnt
|faint|p1a: Basculegion
|move|p1b: Politoed|Weather Ball|p2a: Kingambit
|-damage|p2a: Kingambit|0 fnt
|faint|p2a: Kingambit
|
|-weather|RainDance|[upkeep]
|-sideend|p2: KodeBeast0526|move: Tailwind
|upkeep
|
|t:|1784474011
|switch|p1a: Meganium|Meganium-Mega, L50, M|12/100
|switch|p2a: Charizard|Charizard-Mega-Y, L50, M|100/100
|-weather|SunnyDay|[from] ability: Drought|[of] p2a: Charizard
|turn|5
|
|t:|1784474023
|move|p2b: Garchomp|Earthquake|p1a: Meganium|[spread] p1a,p1b
|-immune|p2a: Charizard
|-resisted|p1a: Meganium|1
|-damage|p1a: Meganium|0 fnt
|-damage|p1b: Politoed|29/100
|faint|p1a: Meganium
|-damage|p2b: Garchomp|90/100|[from] item: Life Orb
|move|p2a: Charizard|Heat Wave|p1b: Politoed
|-resisted|p1b: Politoed|1
|-damage|p1b: Politoed|1/100
|move|p1b: Politoed|Ice Beam|p2b: Garchomp
|-supereffective|p2b: Garchomp|2
|-damage|p2b: Garchomp|4/100
|
|-weather|SunnyDay|[upkeep]
|upkeep
|turn|6
|
|t:|1784474038
|move|p2b: Garchomp|Earthquake|p1b: Politoed|[spread] p1b
|-immune|p2a: Charizard
|-damage|p1b: Politoed|0 fnt
|faint|p1b: Politoed
|-damage|p2b: Garchomp|0 fnt|[from] item: Life Orb
|faint|p2b: Garchomp
|
|win|KodeBeast0526
