|j|☆junky00
|j|☆raksbach123
|html|junky00raksbach123    
|uhtml|bestof|Game 3 of a best-of-3
|t:|1784715488
|gametype|doubles
|player|p1|junky00|101|1295
|player|p2|raksbach123|102|1182
|gen|9
|tier|[Gen 9 Champions] VGC 2026 Reg M-B (Bo3)
|rated|
|rule|Species Clause: Limit one of each Pokémon
|rule|Item Clause: Limit 1 of each item
|clearpoke
|poke|p1|Metagross, L50|
|poke|p1|Annihilape, L50, F|
|poke|p1|Whimsicott, L50, M|
|poke|p1|Lycanroc-Dusk, L50, F|
|poke|p1|Milotic, L50, M|
|poke|p1|Incineroar, L50, F|
|poke|p2|Incineroar, L50, M|
|poke|p2|Kingambit, L50, F|
|poke|p2|Sinistcha, L50|
|poke|p2|Sneasler, L50, F|
|poke|p2|Blastoise, L50, F|
|poke|p2|Delphox, L50, F|
|teampreview|4
|showteam|p1|Metagross||Metagrossite|ClearBody|BulletPunch,PsychicFangs,IcePunch,Protect|Jolly|||||50|]Annihilape||Leftovers|Defiant|ShadowPunch,DrainPunch,Coaching,Protect|Adamant||F|||50|]Whimsicott||MentalHerb|Prankster|Moonblast,Tailwind,TrickRoom,WorrySeed|Timid||M|||50|]Lycanroc-Dusk||FocusSash|ToughClaws|Accelerock,CloseCombat,RockSlide,Protect|Jolly||F|||50|]Milotic||SitrusBerry|Competitive|Scald,IcyWind,IceBeam,Recover|Modest||M|||50|]Incineroar||PasshoBerry|Intimidate|FakeOut,FlareBlitz,DarkestLariat,PartingShot|Careful||F|||50|
|showteam|p2|Incineroar||SitrusBerry|Intimidate|FakeOut,FlareBlitz,ThroatChop,PartingShot|Impish||M|||50|]Kingambit||BlackGlasses|Defiant|KowtowCleave,SuckerPunch,SwordsDance,Protect|Adamant||F|||50|]Sinistcha||OccaBerry|Hospitality|MatchaGotcha,RagePowder,TrickRoom,Protect|Relaxed|||||50|]Sneasler||FocusSash|PoisonTouch|FakeOut,CloseCombat,PoisonJab,QuickGuard|Jolly||F|||50|]Blastoise||Blastoisinite|RainDish|WaterSpout,DarkPulse,ShellSmash,Protect|Modest||F|||50|]Delphox||Delphoxite|Blaze|HeatWave,Psychic,NastyPlot,Protect|Timid||F|||50|
|inactive|Battle timer is ON: inactive players will automatically lose when time's up. (requested by raksbach123)
|inactive|junky00 has 60 seconds left.
|inactive|raksbach123 has 60 seconds left.
|inactive|raksbach123 has 30 seconds left.
|
|t:|1784715552
|teamsize|p1|4
|teamsize|p2|4
|start
|switch|p1a: Incineroar|Incineroar, L50, F|100/100
|switch|p1b: Lycanroc|Lycanroc-Dusk, L50, F|100/100
|switch|p2a: Blastoise|Blastoise, L50, F|100/100
|switch|p2b: Sinistcha|Sinistcha, L50|100/100
|-ability|p1a: Incineroar|Intimidate|boost
|-unboost|p2a: Blastoise|atk|1
|-unboost|p2b: Sinistcha|atk|1
|turn|1
|
|t:|1784715568
|detailschange|p2a: Blastoise|Blastoise-Mega, L50, F
|-mega|p2a: Blastoise|Blastoise|Blastoisinite
|move|p2a: Blastoise|Protect|p2a: Blastoise
|-singleturn|p2a: Blastoise|Protect
|move|p2b: Sinistcha|Protect|p2b: Sinistcha
|-singleturn|p2b: Sinistcha|Protect
|move|p1a: Incineroar|Fake Out|p2a: Blastoise
|-activate|p2a: Blastoise|move: Protect
|move|p1b: Lycanroc|Rock Slide|p2b: Sinistcha|[spread] 
|-activate|p2a: Blastoise|move: Protect
|-activate|p2b: Sinistcha|move: Protect
|
|upkeep
|turn|2
|
|t:|1784715585
|move|p2b: Sinistcha|Rage Powder|p2b: Sinistcha
|-singleturn|p2b: Sinistcha|move: Rage Powder
|move|p1b: Lycanroc|Rock Slide|p2a: Blastoise|[spread] p2a,p2b
|-crit|p2a: Blastoise
|-damage|p2a: Blastoise|55/100
|-damage|p2b: Sinistcha|76/100
|cant|p2a: Blastoise|flinch
|move|p1a: Incineroar|Flare Blitz|p2b: Sinistcha
|-supereffective|p2b: Sinistcha|1
|-enditem|p2b: Sinistcha|Occa Berry|[eat]
|-enditem|p2b: Sinistcha|Occa Berry|[weaken]
|-damage|p2b: Sinistcha|34/100
|-damage|p1a: Incineroar|87/100|[from] Recoil
|
|upkeep
|turn|3
|inactive|junky00 has 30 seconds left.
|
|t:|1784715620
|move|p2a: Blastoise|Protect|p2a: Blastoise
|-singleturn|p2a: Blastoise|Protect
|move|p1b: Lycanroc|Rock Slide|p2b: Sinistcha|[spread] p2b
|-activate|p2a: Blastoise|move: Protect
|-damage|p2b: Sinistcha|13/100
|cant|p2b: Sinistcha|flinch
|move|p1a: Incineroar|Flare Blitz|p2b: Sinistcha
|-supereffective|p2b: Sinistcha|1
|-damage|p2b: Sinistcha|0 fnt
|faint|p2b: Sinistcha
|-damage|p1a: Incineroar|83/100|[from] Recoil
|
|upkeep
|
|t:|1784715629
|switch|p2b: Sneasler|Sneasler, L50, F|100/100
|turn|4
|
|t:|1784715641
|move|p1b: Lycanroc|Protect|p1b: Lycanroc
|-singleturn|p1b: Lycanroc|Protect
|move|p2b: Sneasler|Fake Out|p1b: Lycanroc
|-activate|p1b: Lycanroc|move: Protect
|move|p2a: Blastoise|Shell Smash|p2a: Blastoise
|-unboost|p2a: Blastoise|def|1
|-unboost|p2a: Blastoise|spd|1
|-boost|p2a: Blastoise|atk|2
|-boost|p2a: Blastoise|spa|2
|-boost|p2a: Blastoise|spe|2
|move|p1a: Incineroar|Parting Shot|p2a: Blastoise
|-unboost|p2a: Blastoise|atk|1
|-unboost|p2a: Blastoise|spa|1
|
|t:|1784715655
|switch|p1a: Milotic|Milotic, L50, M|100/100|[from] Parting Shot
|
|upkeep
|turn|5
|
|t:|1784715675
|switch|p1b: Incineroar|Incineroar, L50, F|83/100
|-ability|p1b: Incineroar|Intimidate|boost
|-unboost|p2a: Blastoise|atk|1
|-unboost|p2b: Sneasler|atk|1
|move|p2a: Blastoise|Shell Smash|p2a: Blastoise
|-unboost|p2a: Blastoise|def|1
|-unboost|p2a: Blastoise|spd|1
|-boost|p2a: Blastoise|atk|2
|-boost|p2a: Blastoise|spa|2
|-boost|p2a: Blastoise|spe|2
|move|p2b: Sneasler|Poison Jab|p1a: Milotic
|-damage|p1a: Milotic|77/100
|move|p1a: Milotic|Icy Wind|p2b: Sneasler|[spread] p2a,p2b
|-resisted|p2a: Blastoise|1
|-damage|p2a: Blastoise|45/100
|-damage|p2b: Sneasler|84/100
|-unboost|p2a: Blastoise|spe|1
|-unboost|p2b: Sneasler|spe|1
|
|upkeep
|turn|6
|inactive|junky00 has 30 seconds left.
|
|t:|1784715704
|move|p2b: Sneasler|Quick Guard|p2b: Sneasler
|-singleturn|p2b: Sneasler|Quick Guard
|move|p1b: Incineroar|Fake Out|p2b: Sneasler
|-activate|p2b: Sneasler|move: Quick Guard
|move|p2a: Blastoise|Dark Pulse|p1a: Milotic
|-damage|p1a: Milotic|0 fnt
|faint|p1a: Milotic
|
|upkeep
|inactive|junky00 has 30 seconds left.
|
|t:|1784715736
|switch|p1a: Lycanroc|Lycanroc-Dusk, L50, F|100/100
|turn|7
|
|t:|1784715749
|move|p2a: Blastoise|Protect|p2a: Blastoise
|-singleturn|p2a: Blastoise|Protect
|move|p1a: Lycanroc|Rock Slide|p2a: Blastoise|[spread] p2b
|-activate|p2a: Blastoise|move: Protect
|-resisted|p2b: Sneasler|1
|-damage|p2b: Sneasler|63/100
|move|p2b: Sneasler|Poison Jab|p1a: Lycanroc
|-resisted|p1a: Lycanroc|1
|-damage|p1a: Lycanroc|78/100
|move|p1b: Incineroar|Darkest Lariat|p2a: Blastoise
|-activate|p2a: Blastoise|move: Protect
|
|upkeep
|turn|8
|inactive|junky00 has 30 seconds left.
|inactive|raksbach123 has 30 seconds left.
|
|t:|1784715779
|move|p1a: Lycanroc|Protect|p1a: Lycanroc
|-singleturn|p1a: Lycanroc|Protect
|move|p2b: Sneasler|Quick Guard|p2b: Sneasler
|-singleturn|p2b: Sneasler|Quick Guard
|move|p2a: Blastoise|Water Spout|p1a: Lycanroc|[spread] p1b
|-activate|p1a: Lycanroc|move: Protect
|-supereffective|p1b: Incineroar|1
|-crit|p1b: Incineroar
|-enditem|p1b: Incineroar|Passho Berry|[eat]
|-enditem|p1b: Incineroar|Passho Berry|[weaken]
|-damage|p1b: Incineroar|0 fnt
|faint|p1b: Incineroar
|
|upkeep
|
|t:|1784715790
|switch|p1b: Metagross|Metagross, L50|100/100
|turn|9
|
|t:|1784715802
|detailschange|p1b: Metagross|Metagross-Mega, L50
|-mega|p1b: Metagross|Metagross|Metagrossite
|move|p2b: Sneasler|Quick Guard|p2b: Sneasler
|-singleturn|p2b: Sneasler|Quick Guard
|move|p1a: Lycanroc|Accelerock|p2a: Blastoise
|-activate|p2a: Blastoise|move: Quick Guard
|move|p1b: Metagross|Bullet Punch|p2a: Blastoise
|-activate|p2a: Blastoise|move: Quick Guard
|move|p2a: Blastoise|Water Spout|p1b: Metagross|[spread] p1a,p1b
|-supereffective|p1a: Lycanroc|1
|-crit|p1b: Metagross
|-damage|p1a: Lycanroc|0 fnt
|-damage|p1b: Metagross|0 fnt
|faint|p1a: Lycanroc
|faint|p1b: Metagross
|
|win|raksbach123
|raw|junky00's rating: 1295 → 1262(-33 for losing)
|raw|raksbach123's rating: 1182 → 1215(+33 for winning)
