|j|☆raichew2
|j|☆p3ds
|html|raichew2p3ds    
|uhtml|bestof|Game 3 of a best-of-3
|t:|1784923835
|gametype|doubles
|player|p1|raichew2|169|
|player|p2|p3ds|alec-anime|
|gen|9
|tier|[Gen 9 Champions] VGC 2026 Reg M-B (Bo3)
|rule|Species Clause: Limit one of each Pokémon
|rule|Item Clause: Limit 1 of each item
|clearpoke
|poke|p1|Gardevoir, L50, F|
|poke|p1|Maushold-Four, L50|
|poke|p1|Kingambit, L50, F|
|poke|p1|Garchomp, L50, F|
|poke|p1|Talonflame, L50, M|
|poke|p1|Basculegion, L50, M|
|poke|p2|Gengar, L50, F|
|poke|p2|Archaludon, L50, F|
|poke|p2|Politoed, L50, F, shiny|
|poke|p2|Swampert, L50, M|
|poke|p2|Vivillon-Continental, L50, F|
|poke|p2|Incineroar, L50, F|
|teampreview|4
|showteam|p1|Gardevoir||Gardevoirite|Trace|HyperVoice,Psyshock,VacuumWave,Protect|Modest||F|||50|]Maushold-Four||FocusSash|FriendGuard|SuperFang,Taunt,FollowMe,Protect|Timid|||||50|]Kingambit||BlackGlasses|Defiant|KowtowCleave,Protect,SuckerPunch,IronHead|Adamant||F|||50|]Garchomp||LifeOrb|RoughSkin|DragonClaw,Earthquake,RockSlide,Protect|Jolly||F|||50|]Talonflame||SharpBeak|GaleWings|QuickGuard,Protect,Tailwind,BraveBird|Jolly||M|||50|]Basculegion||ChoiceScarf|Adaptability|WaveCrash,AquaJet,FlipTurn,LastRespects|Jolly||M|||50|
|showteam|p2|Gengar||Gengarite|CursedBody|ShadowBall,SludgeBomb,PerishSong,Protect|Modest||F|||50|]Archaludon||Leftovers|Stamina|ElectroShot,DragonPulse,FlashCannon,Protect|Bold||F|||50|]Politoed||SitrusBerry|Drizzle|WeatherBall,Hypnosis,PerishSong,Protect|Calm||F|||50|]Swampert||Swampertite|Torrent|WaveCrash,Earthquake,IcePunch,Protect|Adamant||M|||50|]Vivillon-Continental||FocusSash|CompoundEyes|Hurricane,SleepPowder,RagePowder,Protect|Timid||F|||50|]Incineroar||PasshoBerry|Intimidate|ThroatChop,FakeOut,PartingShot,Protect|Impish||F|||50|
|j| JonoDisneyPlus
|j| MrGardnHose
|j| Autumnal Rein
|j| JackWhiteVGC
|j| RadiantSteelix
|j| teslobo
|j| jpievgc
|j| Therazer456
|j| splash2ndcousin
|j| monsoonisbest
|j| runeking6573
|j| Arkanine4
|
|t:|1784923910
|teamsize|p1|4
|teamsize|p2|4
|start
|switch|p1a: Gardevoir|Gardevoir, L50, F|100/100
|switch|p1b: Maushold|Maushold-Four, L50|100/100
|switch|p2a: Aqua|Politoed, L50, F, shiny|100/100
|switch|p2b: Blue|Swampert, L50, M|100/100
|-ability|p1a: Gardevoir|Torrent|Trace|[from] ability: Trace|[of] p2b: Blue
|-weather|RainDance|[from] ability: Drizzle|[of] p2a: Aqua
|turn|1
|
|t:|1784923956
|detailschange|p1a: Gardevoir|Gardevoir-Mega, L50, F
|-mega|p1a: Gardevoir|Gardevoir|Gardevoirite
|detailschange|p2b: Blue|Swampert-Mega, L50, M
|-mega|p2b: Blue|Swampert|Swampertite
|move|p1a: Gardevoir|Protect|p1a: Gardevoir
|-singleturn|p1a: Gardevoir|Protect
|move|p2a: Aqua|Protect|p2a: Aqua
|-singleturn|p2a: Aqua|Protect
|move|p2b: Blue|Earthquake|p1b: Maushold|[spread] p1b
|-activate|p2a: Aqua|move: Protect
|-activate|p1a: Gardevoir|move: Protect
|-damage|p1b: Maushold|35/100
|move|p1b: Maushold|Super Fang|p2b: Blue
|-damage|p2b: Blue|50/100g
|
|-weather|RainDance|[upkeep]
|upkeep
|turn|2
|
|t:|1784924038
|move|p2b: Blue|Protect|p2b: Blue
|-singleturn|p2b: Blue|Protect
|move|p1b: Maushold|Follow Me|p1b: Maushold
|-singleturn|p1b: Maushold|move: Follow Me
|move|p1a: Gardevoir|Hyper Voice|p2a: Aqua|[spread] p2a
|-activate|p2b: Blue|move: Protect
|-damage|p2a: Aqua|56/100
|move|p2a: Aqua|Weather Ball|p1b: Maushold
|-damage|p1b: Maushold|0 fnt
|faint|p1b: Maushold
|
|-weather|RainDance|[upkeep]
|upkeep
|
|t:|1784924067
|switch|p1b: Talonflame|Talonflame, L50, M|100/100
|turn|3
|
|t:|1784924079
|switch|p2b: Orange|Incineroar, L50, F|100/100
|-ability|p2b: Orange|Intimidate|boost
|-unboost|p1a: Gardevoir|atk|1
|-unboost|p1b: Talonflame|atk|1
|move|p1b: Talonflame|Tailwind|p1b: Talonflame
|-sidestart|p1: raichew2|move: Tailwind
|move|p1a: Gardevoir|Hyper Voice|p2b: Orange|[spread] p2a,p2b
|-damage|p2a: Aqua|15/100
|-damage|p2b: Orange|53/100
|-enditem|p2a: Aqua|Sitrus Berry|[eat]
|-heal|p2a: Aqua|40/100|[from] item: Sitrus Berry
|move|p2a: Aqua|Weather Ball|p1b: Talonflame
|-supereffective|p1b: Talonflame|1
|-damage|p1b: Talonflame|0 fnt
|faint|p1b: Talonflame
|
|-weather|RainDance|[upkeep]
|upkeep
|
|t:|1784924094
|switch|p1b: Garchomp|Garchomp, L50, F|100/100
|turn|4
|
|t:|1784924129
|move|p2b: Orange|Fake Out|p1b: Garchomp
|-damage|p1b: Garchomp|90/100
|-damage|p2b: Orange|41/100|[from] ability: Rough Skin|[of] p1b: Garchomp
|cant|p1b: Garchomp|flinch
|move|p1a: Gardevoir|Hyper Voice|p2a: Aqua|[spread] p2a,p2b
|-damage|p2a: Aqua|0 fnt
|-damage|p2b: Orange|1/100
|faint|p2a: Aqua
|
|-weather|RainDance|[upkeep]
|upkeep
|
|t:|1784924140
|switch|p2a: Flowery|Archaludon, L50, F|100/100
|turn|5
|
|t:|1784924168
|switch|p2b: Blue|Swampert-Mega, L50, M|50/100g
|move|p2a: Flowery|Protect|p2a: Flowery
|-singleturn|p2a: Flowery|Protect
|move|p1b: Garchomp|Dragon Claw|p2a: Flowery
|-activate|p2a: Flowery|move: Protect
|move|p1a: Gardevoir|Hyper Voice|p2b: Blue|[spread] p2b
|-activate|p2a: Flowery|move: Protect
|-damage|p2b: Blue|1/100
|
|-weather|none
|upkeep
|turn|6
|
|t:|1784924195
|switch|p2a: Orange|Incineroar, L50, F|1/100
|-ability|p2a: Orange|Intimidate|boost
|-unboost|p1a: Gardevoir|atk|1
|-unboost|p1b: Garchomp|atk|1
|move|p1a: Gardevoir|Protect|p1a: Gardevoir
|-singleturn|p1a: Gardevoir|Protect
|move|p2b: Blue|Protect|p2b: Blue
|-singleturn|p2b: Blue|Protect
|move|p1b: Garchomp|Earthquake|p2a: Orange|[spread] p2a
|-activate|p1a: Gardevoir|move: Protect
|-activate|p2b: Blue|move: Protect
|-supereffective|p2a: Orange|1
|-damage|p2a: Orange|0 fnt
|faint|p2a: Orange
|-damage|p1b: Garchomp|80/100|[from] item: Life Orb
|
|-sideend|p1: raichew2|move: Tailwind
|upkeep
|
|t:|1784924202
|switch|p2a: Flowery|Archaludon, L50, F|100/100
|turn|7
|
|t:|1784924223
|move|p2b: Blue|Protect|p2b: Blue
|-singleturn|p2b: Blue|Protect
|move|p1b: Garchomp|Dragon Claw|p2a: Flowery
|-damage|p2a: Flowery|73/100
|-ability|p2a: Flowery|Stamina|boost
|-boost|p2a: Flowery|def|1
|-damage|p1b: Garchomp|70/100|[from] item: Life Orb
|move|p1a: Gardevoir|Hyper Voice|p2a: Flowery|[spread] p2a
|-activate|p2b: Blue|move: Protect
|-damage|p2a: Flowery|21/100
|-ability|p2a: Flowery|Stamina|boost
|-boost|p2a: Flowery|def|1
|move|p2a: Flowery|Dragon Pulse|p1b: Garchomp
|-supereffective|p1b: Garchomp|1
|-damage|p1b: Garchomp|0 fnt
|faint|p1b: Garchomp
|
|-heal|p2a: Flowery|27/100|[from] item: Leftovers
|upkeep
|turn|8
|
|t:|1784924241
|move|p2a: Flowery|Protect|p2a: Flowery
|-singleturn|p2a: Flowery|Protect
|move|p1a: Gardevoir|Hyper Voice|p2b: Blue|[spread] p2b
|-activate|p2a: Flowery|move: Protect
|-damage|p2b: Blue|0 fnt
|faint|p2b: Blue
|
|-heal|p2a: Flowery|33/100|[from] item: Leftovers
|upkeep
|turn|9
|
|t:|1784924250
|move|p1a: Gardevoir|Hyper Voice|p2a: Flowery
|-damage|p2a: Flowery|0 fnt
|faint|p2a: Flowery
|
|win|raichew2
|c|☆p3ds|gg
|c|☆raichew2|GGs
|l| Therazer456
|l| JackWhiteVGC
|l| MrGardnHose
|l| Arkanine4
|l| runeking6573
|l| jpievgc
|l| splash2ndcousin
|l| monsoonisbest
|l| Autumnal Rein
|l|☆raichew2
|player|p1|
|j|☆raichew2
|player|p1|raichew2|169|
