|j|☆Thai Van Tan
|j|☆wentei
|html|Thai Van Tanwentei    
|uhtml|bestof|Game 1 of a best-of-3
|t:|1784372253
|gametype|doubles
|player|p1|Thai Van Tan|170|1000
|player|p2|wentei|1|1133
|gen|9
|tier|[Gen 9 Champions] VGC 2026 Reg M-B (Bo3)
|rated|
|rule|Species Clause: Limit one of each Pokémon
|rule|Item Clause: Limit 1 of each item
|clearpoke
|poke|p1|Scrafty, L50, M|
|poke|p1|Farigiraf, L50, F|
|poke|p1|Oranguru, L50, F|
|poke|p1|Abomasnow, L50, F|
|poke|p1|Dragalge, L50, M|
|poke|p1|Bastiodon, L50, M|
|poke|p2|Venusaur, L50, F|
|poke|p2|Charizard, L50, M|
|poke|p2|Grimmsnarl, L50, M|
|poke|p2|Archaludon, L50, F|
|poke|p2|Basculegion, L50, M|
|poke|p2|Pelipper, L50, M|
|teampreview|4
|showteam|p1|Scrafty||Scraftinite|Intimidate|KnockOff,CloseCombat,FakeOut,RockSlide|Brave||M|||50|]Farigiraf||SitrusBerry|ArmorTail|TwinBeam,HelpingHand,TrickRoom,AllySwitch|Relaxed||F|||50|]Oranguru||MentalHerb|Telepathy|TrickRoom,Instruct,HyperVoice,Encore|Relaxed||F|||50|]Abomasnow||Abomasite|SnowWarning|Blizzard,EarthPower,EnergyBall,Protect|Quiet||F|||50|]Dragalge||ShellBell|Adaptability|SludgeWave,DracoMeteor,Protect,HydroPump|Quiet||M|||50|]Bastiodon||Leftovers|Sturdy|HeavySlam,BodyPress,Protect,MetalBurst|Relaxed||M|||50|
|showteam|p2|Venusaur||FocusSash|Chlorophyll|SludgeBomb,EarthPower,SleepPowder,Protect|Modest||F|||50|]Charizard||CharizarditeY|Blaze|Protect,HeatWave,SolarBeam,WeatherBall|Modest||M|||50|]Grimmsnarl||LightClay|Prankster|SpiritBreak,LightScreen,Reflect,PartingShot|Sassy||M|||50|]Archaludon||Leftovers|Stamina|ElectroShot,DragonPulse,FlashCannon,Protect|Calm||F|||50|]Basculegion||ChoiceScarf|Adaptability|WaveCrash,LastRespects,AquaJet,FlipTurn|Jolly||M|||50|]Pelipper||SitrusBerry|Drizzle|Hurricane,WeatherBall,Tailwind,WideGuard|Modest||M|||50|
|inactive|Battle timer is ON: inactive players will automatically lose when time's up. (requested by wentei)
|inactive|wentei has 60 seconds left.
|
|t:|1784372308
|teamsize|p1|4
|teamsize|p2|4
|start
|switch|p1a: Farigiraf|Farigiraf, L50, F|100/100
|switch|p1b: Abomasnow|Abomasnow, L50, F|100/100
|switch|p2a: Pelipper|Pelipper, L50, M|100/100
|switch|p2b: Archaludon|Archaludon, L50, F|100/100
|-weather|RainDance|[from] ability: Drizzle|[of] p2a: Pelipper
|-weather|Snowscape|[from] ability: Snow Warning|[of] p1b: Abomasnow
|turn|1
|
|t:|1784372332
|switch|p2a: Charizard|Charizard, L50, M|100/100
|move|p1b: Abomasnow|Protect|p1b: Abomasnow
|-singleturn|p1b: Abomasnow|Protect
|move|p2b: Archaludon|Flash Cannon|p1b: Abomasnow
|-activate|p1b: Abomasnow|move: Protect
|move|p1a: Farigiraf|Trick Room|p1a: Farigiraf
|-fieldstart|move: Trick Room|[of] p1a: Farigiraf
|
|-weather|Snowscape|[upkeep]
|upkeep
|turn|2
|inactive|wentei has 30 seconds left.
|
|t:|1784372361
|detailschange|p1b: Abomasnow|Abomasnow-Mega, L50, F
|-mega|p1b: Abomasnow|Abomasnow|Abomasite
|detailschange|p2a: Charizard|Charizard-Mega-Y, L50, M
|-mega|p2a: Charizard|Charizard|Charizardite Y
|-weather|SunnyDay|[from] ability: Drought|[of] p2a: Charizard
|move|p1a: Farigiraf|Helping Hand|p1b: Abomasnow
|-singleturn|p1b: Abomasnow|Helping Hand|[of] p1a: Farigiraf
|move|p2b: Archaludon|Protect|p2b: Archaludon
|-singleturn|p2b: Archaludon|Protect
|move|p1b: Abomasnow|Blizzard|p2a: Charizard|[spread] p2a
|-activate|p2b: Archaludon|move: Protect
|-damage|p2a: Charizard|36/100
|move|p2a: Charizard|Heat Wave|p1a: Farigiraf|[spread] p1a,p1b
|-supereffective|p1b: Abomasnow|2
|-damage|p1a: Farigiraf|41/100
|-damage|p1b: Abomasnow|0 fnt
|-enditem|p1a: Farigiraf|Sitrus Berry|[eat]
|-heal|p1a: Farigiraf|66/100|[from] item: Sitrus Berry
|faint|p1b: Abomasnow
|
|-weather|SunnyDay|[upkeep]
|upkeep
|inactive|Thai Van Tan has 30 seconds left.
|
|t:|1784372388
|switch|p1b: Dragalge|Dragalge, L50, M|100/100
|turn|3
|
|t:|1784372400
|switch|p2a: Pelipper|Pelipper, L50, M|100/100
|-weather|RainDance|[from] ability: Drizzle|[of] p2a: Pelipper
|move|p1a: Farigiraf|Helping Hand|p1b: Dragalge
|-singleturn|p1b: Dragalge|Helping Hand|[of] p1a: Farigiraf
|move|p1b: Dragalge|Draco Meteor|p2b: Archaludon
|-damage|p2b: Archaludon|0 fnt
|-unboost|p1b: Dragalge|spa|2
|faint|p2b: Archaludon
|
|-weather|RainDance|[upkeep]
|upkeep
|
|t:|1784372411
|switch|p2b: Basculegion|Basculegion, L50, M|100/100
|turn|4
|inactive|Thai Van Tan has 30 seconds left.
|
|t:|1784372439
|switch|p1a: Bastiodon|Bastiodon, L50, M|100/100
|move|p1b: Dragalge|Sludge Wave|p2b: Basculegion|[spread] p2a,p2b
|-immune|p1a: Bastiodon
|-crit|p2a: Pelipper
|-resisted|p2b: Basculegion|1
|-damage|p2a: Pelipper|12/100
|-damage|p2b: Basculegion|86/100
|-status|p2b: Basculegion|psn
|-enditem|p2a: Pelipper|Sitrus Berry|[eat]
|-heal|p2a: Pelipper|37/100|[from] item: Sitrus Berry
|move|p2a: Pelipper|Hurricane|p1a: Bastiodon
|-resisted|p1a: Bastiodon|2
|-damage|p1a: Bastiodon|91/100
|move|p2b: Basculegion|Wave Crash|p1a: Bastiodon
|-supereffective|p1a: Bastiodon|1
|-damage|p1a: Bastiodon|0 fnt
|faint|p1a: Bastiodon
|-damage|p2b: Basculegion|61/100 psn|[from] Recoil
|
|-weather|RainDance|[upkeep]
|-damage|p2b: Basculegion|48/100 psn|[from] psn
|upkeep
|
|t:|1784372454
|switch|p1a: Farigiraf|Farigiraf, L50, F|66/100
|turn|5
|
|t:|1784372464
|move|p1a: Farigiraf|Helping Hand|p1b: Dragalge
|-singleturn|p1b: Dragalge|Helping Hand|[of] p1a: Farigiraf
|move|p1b: Dragalge|Sludge Wave|p2b: Basculegion|[spread] p1a,p2a,p2b
|-resisted|p2b: Basculegion|1
|-damage|p1a: Farigiraf|36/100
|-damage|p2a: Pelipper|0 fnt
|-damage|p2b: Basculegion|29/100 psn
|faint|p2a: Pelipper
|move|p2b: Basculegion|Wave Crash|p1a: Farigiraf
|-damage|p1a: Farigiraf|0 fnt
|faint|p1a: Farigiraf
|-damage|p2b: Basculegion|15/100 psn|[from] Recoil
|
|-weather|RainDance|[upkeep]
|-damage|p2b: Basculegion|3/100 psn|[from] psn
|-fieldend|move: Trick Room
|upkeep
|
|t:|1784372477
|switch|p2a: Charizard|Charizard-Mega-Y, L50, M|36/100
|-weather|SunnyDay|[from] ability: Drought|[of] p2a: Charizard
|turn|6
|inactive|Thai Van Tan has 30 seconds left.
|inactive|Thai Van Tan has 20 seconds left.
|inactive|Thai Van Tan has 15 seconds left.
|
|t:|1784372520
|move|p2b: Basculegion|Wave Crash|p1b: Dragalge
|-resisted|p1b: Dragalge|1
|-damage|p1b: Dragalge|80/100
|-damage|p2b: Basculegion|0 fnt|[from] Recoil
|faint|p2b: Basculegion
|move|p2a: Charizard|Weather Ball|p1b: Dragalge
|-resisted|p1b: Dragalge|1
|-damage|p1b: Dragalge|38/100
|move|p1b: Dragalge|Sludge Wave|p2a: Charizard
|-damage|p2a: Charizard|8/100
|-status|p2a: Charizard|psn
|-heal|p1b: Dragalge|41/100|[from] item: Shell Bell|[of] p2a: Charizard
|
|-weather|SunnyDay|[upkeep]
|-damage|p2a: Charizard|0 fnt|[from] psn
|faint|p2a: Charizard
|
|win|Thai Van Tan
|inactive|Thai Van Tan has 30 seconds to confirm battle start!
|inactive|wentei has 30 seconds to confirm battle start!
|inactive|Thai Van Tan has 20 seconds to confirm battle start!
|inactive|wentei has 20 seconds to confirm battle start!
||wentei is ready for game 2.
|inactive|Thai Van Tan has 10 seconds to confirm battle start!
|inactive|Thai Van Tan has 0 seconds to confirm battle start!
|uhtml|next|Next: Game 2 of 3
