|j|☆2819 UAHH
|j|☆homerj71
|html|2819 UAHHhomerj71    
|uhtml|bestof|Game 1 of a best-of-3
|t:|1784142862
|gametype|doubles
|player|p1|2819 UAHH|pilot|1050
|player|p2|homerj71|266|1082
|gen|9
|tier|[Gen 9 Champions] VGC 2026 Reg M-B (Bo3)
|rated|
|rule|Species Clause: Limit one of each Pokémon
|rule|Item Clause: Limit 1 of each item
|clearpoke
|poke|p1|Clefable, L50, F, shiny|
|poke|p1|Greninja, L50, M, shiny|
|poke|p1|Kommo-o, L50, M, shiny|
|poke|p1|Blaziken, L50, M, shiny|
|poke|p1|Sableye, L50, M, shiny|
|poke|p1|Venusaur, L50, F, shiny|
|poke|p2|Sneasler, L50, F|
|poke|p2|Sinistcha, L50|
|poke|p2|Incineroar, L50, F|
|poke|p2|Kingambit, L50, M|
|poke|p2|Delphox, L50, M|
|poke|p2|Blastoise, L50, F|
|teampreview|4
|showteam|p1|Clefable||Clefablite|Unaware|Sing,Moonblast,LifeDew,CalmMind|Bold||F|||50|]Greninja||ChoiceScarf|Protean|RockSlide,Extrasensory,NightSlash,FlipTurn|Naughty||M|||50|]Kommo-o||Leftovers|Soundproof|ClangorousSoul,ClangingScales,FocusBlast,Protect|Modest||M|||50|]Blaziken||FocusSash|SpeedBoost|CloseCombat,FlareBlitz,KnockOff,Protect|Adamant||M|||50|]Sableye||RoseliBerry|Prankster|Gravity,SkillSwap,Quash,LightScreen|Calm||M|||50|]Venusaur||LifeOrb|Chlorophyll|EarthPower,EnergyBall,SludgeBomb,SleepPowder|Modest||F|||50|
|showteam|p2|Sneasler||FocusSash|PoisonTouch|QuickGuard,FakeOut,DireClaw,CloseCombat|Jolly||F|||50|]Sinistcha||OccaBerry|Hospitality|Protect,RagePowder,MatchaGotcha,TrickRoom|Relaxed|||||50|]Incineroar||SitrusBerry|Intimidate|FakeOut,FlareBlitz,ThroatChop,PartingShot|Careful||F|||50|]Kingambit||BlackGlasses|Defiant|KowtowCleave,SwordsDance,SuckerPunch,Protect|Adamant||M|||50|]Delphox||Delphoxite|Blaze|Protect,NastyPlot,HeatWave,Psyshock|Timid||M|||50|]Blastoise||Blastoisinite|RainDish|WaterSpout,DarkPulse,ShellSmash,Protect|Modest||F|||50|
|inactive|Battle timer is ON: inactive players will automatically lose when time's up. (requested by homerj71)
|inactive|2819 UAHH also wants the timer to be on.
|inactive|2819 UAHH has 60 seconds left.
|inactive|homerj71 has 60 seconds left.
|inactive|homerj71 has 30 seconds left.
|inactive|homerj71 has 20 seconds left.
|
|t:|1784142933
|teamsize|p1|4
|teamsize|p2|4
|start
|switch|p1a: Sableye|Sableye, L50, M, shiny|100/100
|switch|p1b: Greninja|Greninja, L50, M, shiny|100/100
|switch|p2a: Delphox|Delphox, L50, M|100/100
|switch|p2b: Incineroar|Incineroar, L50, F|100/100
|-ability|p2b: Incineroar|Intimidate|boost
|-unboost|p1a: Sableye|atk|1
|-unboost|p1b: Greninja|atk|1
|turn|1
|inactive|2819 UAHH has 30 seconds left.
|
|t:|1784142965
|detailschange|p2a: Delphox|Delphox-Mega, L50, M
|-mega|p2a: Delphox|Delphox|Delphoxite
|move|p2b: Incineroar|Fake Out|p1b: Greninja
|-crit|p1b: Greninja
|-damage|p1b: Greninja|75/100
|move|p1a: Sableye|Gravity|p1a: Sableye
|-fieldstart|move: Gravity
|cant|p1b: Greninja|flinch
|move|p2a: Delphox|Nasty Plot|p2a: Delphox
|-boost|p2a: Delphox|spa|2
|
|upkeep
|turn|2
|
|t:|1784142989
|switch|p2b: Sinistcha|Sinistcha, L50|100/100
|move|p2a: Delphox|Protect|p2a: Delphox
|-singleturn|p2a: Delphox|Protect
|move|p1a: Sableye|Light Screen|p1a: Sableye
|-sidestart|p1: 2819 UAHH|move: Light Screen
|move|p1b: Greninja|Rock Slide|p2b: Sinistcha|[spread] p2b
|-start|p1b: Greninja|typechange|Rock|[from] ability: Protean
|-activate|p2a: Delphox|move: Protect
|-damage|p2b: Sinistcha|86/100
|
|upkeep
|turn|3
|
|t:|1784143011
|move|p1a: Sableye|Quash|p2a: Delphox
|-activate|p2a: Delphox|move: Quash
|move|p1b: Greninja|Rock Slide|p2a: Delphox|[spread] p2a,p2b
|-supereffective|p2a: Delphox|1
|-damage|p2a: Delphox|47/100
|-damage|p2b: Sinistcha|72/100
|move|p2b: Sinistcha|Matcha Gotcha|p1b: Greninja|[spread] p1a,p1b
|-supereffective|p1b: Greninja|1
|-damage|p1a: Sableye|82/100
|-heal|p2b: Sinistcha|80/100|[from] drain|[of] p1a: Sableye
|-damage|p1b: Greninja|21/100
|-heal|p2b: Sinistcha|100/100|[from] drain|[of] p1b: Greninja
|-status|p1a: Sableye|brn
|move|p2a: Delphox|Heat Wave|p1b: Greninja|[spread] p1a,p1b
|-resisted|p1b: Greninja|1
|-damage|p1a: Sableye|22/100 brn
|-damage|p1b: Greninja|0 fnt
|faint|p1b: Greninja
|
|-damage|p1a: Sableye|16/100 brn|[from] brn
|upkeep
|
|t:|1784143027
|switch|p1b: Kommo-o|Kommo-o, L50, M, shiny|100/100
|turn|4
|
|t:|1784143040
|switch|p2b: Incineroar|Incineroar, L50, F|100/100
|-ability|p2b: Incineroar|Intimidate|boost
|-unboost|p1a: Sableye|atk|1
|-unboost|p1b: Kommo-o|atk|1
|move|p2a: Delphox|Protect|p2a: Delphox
|-singleturn|p2a: Delphox|Protect
|move|p1a: Sableye|Quash|p2a: Delphox
|-activate|p2a: Delphox|move: Protect
|move|p1b: Kommo-o|Clanging Scales|p2b: Incineroar|[spread] p2b
|-activate|p2a: Delphox|move: Protect
|-damage|p2b: Incineroar|66/100
|-unboost|p1b: Kommo-o|def|1
|
|-damage|p1a: Sableye|10/100 brn|[from] brn
|upkeep
|turn|5
|
|t:|1784143054
|switch|p1b: Clefable|Clefable, L50, F, shiny|100/100
|move|p2b: Incineroar|Fake Out|p1b: Clefable
|-damage|p1b: Clefable|91/100
|move|p1a: Sableye|Skill Swap|p1b: Clefable
|-activate|p1a: Sableye|Skill Swap|||[of] p1b: Clefable
|move|p2a: Delphox|Heat Wave|p1b: Clefable|[spread] p1a,p1b
|-damage|p1a: Sableye|0 fnt
|-damage|p1b: Clefable|41/100
|faint|p1a: Sableye
|
|-fieldend|move: Gravity
|upkeep
|
|t:|1784143062
|switch|p1a: Kommo-o|Kommo-o, L50, M, shiny|100/100
|turn|6
|
|t:|1784143074
|switch|p2b: Sinistcha|Sinistcha, L50|100/100
|-heal|p2a: Delphox|72/100|[from] ability: Hospitality|[of] p2b: Sinistcha
|detailschange|p1b: Clefable|Clefable-Mega, L50, F, shiny
|-mega|p1b: Clefable|Clefable|Clefablite
|move|p2a: Delphox|Psyshock|p1a: Kommo-o
|-supereffective|p1a: Kommo-o|1
|-damage|p1a: Kommo-o|0 fnt
|faint|p1a: Kommo-o
|move|p1b: Clefable|Sing|p2a: Delphox
|-status|p2a: Delphox|slp|[from] move: Sing
|
|-sideend|p1: 2819 UAHH|move: Light Screen
|upkeep
|turn|7
|inactive|2819 UAHH has 30 seconds left.
|inactive|2819 UAHH has 20 seconds left.
|inactive|2819 UAHH has 15 seconds left.
|c|☆2819 UAHH|I used skill swap for prankster sing and it didnt work
|inactive|2819 UAHH has 10 seconds left.
|
|t:|1784143119
|switch|p2b: Sneasler|Sneasler, L50, F|100/100
|cant|p2a: Delphox|slp
|move|p1b: Clefable|Calm Mind|p1b: Clefable
|-boost|p1b: Clefable|spa|1
|-boost|p1b: Clefable|spd|1
|
|upkeep
|turn|8
|
|t:|1784143126
|cant|p2a: Delphox|slp
|move|p2b: Sneasler|Dire Claw|p1b: Clefable
|-supereffective|p1b: Clefable|1
|-damage|p1b: Clefable|0 fnt
|faint|p1b: Clefable
|
|win|homerj71
