|j|☆rxbyeva
|j|☆ROCKkss
|html|rxbyevaROCKkss    
|uhtml|bestof|Game 1 of a best-of-3
|t:|1757774372
|gametype|doubles
|player|p1|rxbyeva|1|
|player|p2|ROCKkss|266|
|gen|9
|tier|[Gen 9] VGC 2025 Reg H (Bo3)
|rule|Species Clause: Limit one of each Pokémon
|rule|Item Clause: Limit 1 of each item
|clearpoke
|poke|p1|Talonflame, L50, M|
|poke|p1|Garchomp, L50, M|
|poke|p1|Primarina, L50, F|
|poke|p1|Sneasler, L50, F|
|poke|p1|Indeedee, L50, M|
|poke|p1|Gholdengo, L50|
|poke|p2|Talonflame, L50, F|
|poke|p2|Ninetales-Alola, L50, M|
|poke|p2|Garchomp, L50, F|
|poke|p2|Gholdengo, L50|
|poke|p2|Hydreigon, L50, F|
|poke|p2|Amoonguss, L50, F|
|teampreview|4
|showteam|p1|Talonflame||CovertCloak|GaleWings|BraveBird,Tailwind,WillOWisp,FlareBlitz|||M|||50|,,,,,Flying]Garchomp||LifeOrb|RoughSkin|Protect,Earthquake,StompingTantrum,DragonClaw|||M|||50|,,,,,Ground]Primarina||ThroatSpray|LiquidVoice|Protect,Haze,HyperVoice,Moonblast|||F|||50|,,,,,Poison]Sneasler||PsychicSeed|Unburden|DireClaw,CloseCombat,ThroatChop,Protect|||F|||50|,,,,,Dark]Indeedee||FocusSash|PsychicSurge|ExpandingForce,TrickRoom,Imprison,Protect|||M|||50|,,,,,Psychic]Gholdengo||ChoiceSpecs|GoodasGold|MakeItRain,ShadowBall,PowerGem,Thunderbolt||||||50|,,,,,Steel
|showteam|p2|Talonflame||CovertCloak|GaleWings|BraveBird,Tailwind,Taunt,QuickGuard|||F|||50|,,,,,Flying]Ninetales-Alola||FocusSash|SnowWarning|Blizzard,FreezeDry,Moonblast,Protect|||M|||50|,,,,,Ice]Garchomp||ClearAmulet|RoughSkin|Earthquake,DragonClaw,RockSlide,Protect|||F|||50|,,,,,Rock]Gholdengo||LifeOrb|GoodasGold|MakeItRain,ShadowBall,NastyPlot,Protect||||||50|,,,,,Water]Hydreigon||ChoiceSpecs|Levitate|Snarl,DarkPulse,DracoMeteor,HeatWave|||F|||50|,,,,,Fire]Amoonguss||SitrusBerry|Regenerator|SludgeBomb,RagePowder,Spore,Protect|||F|||50|,,,,,Water
|inactive|Battle timer is ON: inactive players will automatically lose when time's up. (requested by rxbyeva)
|inactive|rxbyeva has 60 seconds left.
|inactive|ROCKkss has 60 seconds left.
|inactive|ROCKkss has 30 seconds left.
|
|t:|1757774440
|teamsize|p1|4
|teamsize|p2|4
|start
|switch|p1a: Primarina|Primarina, L50, F|100/100
|switch|p1b: Indeedee|Indeedee, L50, M, shiny|100/100
|switch|p2a: Talonflame|Talonflame, L50, F|100/100
|switch|p2b: Hydreigon|Hydreigon, L50, F|100/100
|-fieldstart|move: Psychic Terrain|[from] ability: Psychic Surge|[of] p1b: Indeedee
|turn|1
|inactive|ROCKkss has 30 seconds left.
|inactive|ROCKkss has 20 seconds left.
|inactive|ROCKkss has 15 seconds left.
|
|t:|1757774482
|switch|p2b: Ninetales|Ninetales-Alola, L50, M|100/100
|-weather|Snowscape|[from] ability: Snow Warning|[of] p2b: Ninetales
|move|p1b: Indeedee|Protect|p1b: Indeedee
|-singleturn|p1b: Indeedee|Protect
|move|p2a: Talonflame|Taunt|p1b: Indeedee
|-activate|p1b: Indeedee|move: Protect
|move|p1a: Primarina|Hyper Voice|p2a: Talonflame|[spread] p2a,p2b
|-supereffective|p2a: Talonflame
|-crit|p2a: Talonflame
|-damage|p2a: Talonflame|0 fnt
|-damage|p2b: Ninetales|52/100
|faint|p2a: Talonflame
|-enditem|p1a: Primarina|Throat Spray
|-boost|p1a: Primarina|spa|1|[from] item: Throat Spray
|
|-weather|Snowscape|[upkeep]
|upkeep
|
|t:|1757774505
|switch|p2a: Hydreigon|Hydreigon, L50, F|100/100
|turn|2
|inactive|rxbyeva has 30 seconds left.
|inactive|ROCKkss has 30 seconds left.
|
|t:|1757774536
|-terastallize|p2a: Hydreigon|Fire
|-terastallize|p1a: Primarina|Poison
|move|p2b: Ninetales|Freeze-Dry|p1a: Primarina
|-damage|p1a: Primarina|76/100
|move|p2a: Hydreigon|Snarl|p1b: Indeedee|[spread] p1a,p1b
|-supereffective|p1b: Indeedee
|-damage|p1a: Primarina|48/100
|-damage|p1b: Indeedee|15/100
|-unboost|p1a: Primarina|spa|1
|-unboost|p1b: Indeedee|spa|1
|move|p1b: Indeedee|Expanding Force|p2b: Ninetales|[spread] p2a,p2b
|-damage|p2a: Hydreigon|63/100
|-damage|p2b: Ninetales|10/100
|move|p1a: Primarina|Hyper Voice|p2a: Hydreigon|[spread] p2a,p2b
|-supereffective|p2a: Hydreigon
|-damage|p2a: Hydreigon|0 fnt
|-damage|p2b: Ninetales|0 fnt
|faint|p2a: Hydreigon
|faint|p2b: Ninetales
|
|-weather|Snowscape|[upkeep]
|upkeep
|
|t:|1757774557
|switch|p2a: Garchomp|Garchomp, L50, F|100/100
|turn|3
|inactive|rxbyeva has 30 seconds left.
|inactive|rxbyeva has 20 seconds left.
|inactive|rxbyeva has 15 seconds left.
|inactive|rxbyeva has 10 seconds left.
|
|t:|1757774603
|move|p1a: Primarina|Protect|p1a: Primarina
|-singleturn|p1a: Primarina|Protect
|move|p2a: Garchomp|Earthquake|p1a: Primarina|[spread] p1b
|-activate|p1a: Primarina|move: Protect
|-damage|p1b: Indeedee|0 fnt
|faint|p1b: Indeedee
|
|-weather|Snowscape|[upkeep]
|upkeep
|
|t:|1757774614
|switch|p1b: Sneasler|Sneasler, L50, F, shiny|100/100
|-enditem|p1b: Sneasler|Psychic Seed
|-boost|p1b: Sneasler|spd|1|[from] item: Psychic Seed
|turn|4
|inactive|rxbyeva has 30 seconds left.
|
|t:|1757774639
|move|p1b: Sneasler|Dire Claw|p2a: Garchomp
|-resisted|p2a: Garchomp
|-crit|p2a: Garchomp
|-damage|p2a: Garchomp|68/100
|-status|p2a: Garchomp|psn
|-damage|p1b: Sneasler|88/100|[from] ability: Rough Skin|[of] p2a: Garchomp
|move|p2a: Garchomp|Earthquake|p1b: Sneasler|[spread] p1a,p1b
|-supereffective|p1a: Primarina
|-supereffective|p1b: Sneasler
|-damage|p1a: Primarina|0 fnt
|-damage|p1b: Sneasler|0 fnt
|faint|p1a: Primarina
|faint|p1b: Sneasler
|
|-weather|Snowscape|[upkeep]
|-damage|p2a: Garchomp|56/100 psn|[from] psn
|upkeep
|
|t:|1757774647
|switch|p1b: Gholdengo|Gholdengo, L50|100/100
|turn|5
|
|t:|1757774655
|move|p2a: Garchomp|Earthquake|p1b: Gholdengo
|-supereffective|p1b: Gholdengo
|-damage|p1b: Gholdengo|0 fnt
|faint|p1b: Gholdengo
|
|win|ROCKkss
