|j|☆ReshiramVG
|j|☆Rowletspin
|html|ReshiramVGRowletspin    
|uhtml|bestof|Game 2 of a best-of-3
|t:|1786150904
|gametype|doubles
|player|p1|ReshiramVG|hilbert|1186
|player|p2|Rowletspin|170|1238
|gen|9
|tier|[Gen 9 Champions] VGC 2026 Reg M-B (Bo3)
|rated|
|rule|Species Clause: Limit one of each Pokémon
|rule|Item Clause: Limit 1 of each item
|clearpoke
|poke|p1|Floette-Eternal, L50, F|
|poke|p1|Rotom-Wash, L50|
|poke|p1|Sinistcha-Masterpiece, L50|
|poke|p1|Incineroar, L50, F|
|poke|p1|Ceruledge, L50, F|
|poke|p1|Raichu, L50, F|
|poke|p2|Glimmora, L50, M|
|poke|p2|Ninetales-Alola, L50, F|
|poke|p2|Kingambit, L50, M|
|poke|p2|Kommo-o, L50, M|
|poke|p2|Whimsicott, L50, F|
|poke|p2|Basculegion, L50, M|
|teampreview|4
|showteam|p1|Floette-Eternal||Floettite|FlowerVeil|Protect,DazzlingGleam,DrainingKiss,CalmMind|Modest||F|||50|]Rotom-Wash||ChoiceScarf|Levitate|HydroPump,VoltSwitch,Electroweb,WillOWisp|Timid|||||50|]Sinistcha-Masterpiece||KasibBerry|Hospitality|Protect,MatchaGotcha,RagePowder,LifeDew|Bold|||||50|]Incineroar||SitrusBerry|Intimidate|FlareBlitz,ThroatChop,PartingShot,FakeOut|Impish||F|||50|]Ceruledge||ColburBerry|FlashFire|Protect,BitterBlade,ShadowSneak,BulkUp|Adamant||F|||50|]Raichu||RaichuniteY|Static|Protect,FakeOut,ZapCannon,FocusBlast|Timid||F|||50|
|showteam|p2|Glimmora||Glimmoranite|ToxicDebris|SludgeBomb,PowerGem,EarthPower,Protect|Timid||M|||50|]Ninetales-Alola||NeverMeltIce|SnowCloak|Blizzard,FreezeDry,Encore,Protect|Timid||F|||50|]Kingambit||ChopleBerry|Defiant|IronHead,KowtowCleave,SuckerPunch,Protect|Adamant||M|||50|]Kommo-o||LifeOrb|Soundproof|ClangingScales,AuraSphere,VacuumWave,Protect|Modest||M|||50|]Whimsicott||FocusSash|Prankster|Moonblast,Tailwind,Encore,Protect|Timid||F|||50|]Basculegion||ChoiceScarf|Adaptability|WaveCrash,LastRespects,AquaJet,FlipTurn|Jolly||M|||50|
|
|t:|1786150927
|teamsize|p1|4
|teamsize|p2|4
|start
|switch|p1a: Rotom|Rotom-Wash, L50|100/100
|switch|p1b: Incineroar|Incineroar, L50, F|100/100
|switch|p2a: Whimsicott|Whimsicott, L50, F|100/100
|switch|p2b: Glimmora|Glimmora, L50, M|100/100
|-ability|p1b: Incineroar|Intimidate|boost
|-unboost|p2a: Whimsicott|atk|1
|-unboost|p2b: Glimmora|atk|1
|turn|1
|
|t:|1786150968
|switch|p1b: Raichu|Raichu, L50, F|100/100
|move|p2a: Whimsicott|Protect|p2a: Whimsicott
|-singleturn|p2a: Whimsicott|Protect
|move|p2b: Glimmora|Protect|p2b: Glimmora
|-singleturn|p2b: Glimmora|Protect
|move|p1a: Rotom|Hydro Pump|p2b: Glimmora
|-activate|p2b: Glimmora|move: Protect
|
|upkeep
|turn|2
|
|t:|1786150983
|switch|p2b: Basculegion|Basculegion, L50, M|100/100
|detailschange|p1b: Raichu|Raichu-Mega-Y, L50, F
|-mega|p1b: Raichu|Raichu|Raichunite Y
|move|p1b: Raichu|Fake Out|p2a: Whimsicott
|-damage|p2a: Whimsicott|88/100
|cant|p2a: Whimsicott|flinch
|move|p1a: Rotom|Hydro Pump|p2b: Basculegion
|-resisted|p2b: Basculegion|1
|-crit|p2b: Basculegion
|-damage|p2b: Basculegion|66/100
|
|upkeep
|turn|3
|
|t:|1786151007
|switch|p1a: Sinistcha|Sinistcha-Masterpiece, L50|100/100
|move|p1b: Raichu|Protect|p1b: Raichu
|-singleturn|p1b: Raichu|Protect
|move|p2a: Whimsicott|Tailwind|p2a: Whimsicott
|-sidestart|p2: Rowletspin|move: Tailwind
|move|p2b: Basculegion|Flip Turn|p1b: Raichu
|-activate|p1b: Raichu|move: Protect
|
|upkeep
|turn|4
|
|t:|1786151057
|switch|p1b: Incineroar|Incineroar, L50, F|100/100
|-ability|p1b: Incineroar|Intimidate|boost
|-unboost|p2a: Whimsicott|atk|1
|-unboost|p2b: Basculegion|atk|1
|move|p1a: Sinistcha|Rage Powder|p1a: Sinistcha
|-singleturn|p1a: Sinistcha|move: Rage Powder
|move|p2a: Whimsicott|Encore|p1b: Incineroar
|-hint|Since gen 7, Dark is immune to Prankster moves.
|-immune|p1b: Incineroar
|move|p2b: Basculegion|Flip Turn|p1a: Sinistcha
|-resisted|p1a: Sinistcha|1
|-damage|p1a: Sinistcha|90/100
|
|t:|1786151072
|switch|p2b: Glimmora|Glimmora, L50, M|100/100|[from] Flip Turn
|
|upkeep
|turn|5
|
|t:|1786151096
|switch|p1a: Rotom|Rotom-Wash, L50|100/100
|detailschange|p2b: Glimmora|Glimmora-Mega, L50, M
|-mega|p2b: Glimmora|Glimmora|Glimmoranite
|move|p1b: Incineroar|Fake Out|p2b: Glimmora
|-resisted|p2b: Glimmora|1
|-damage|p2b: Glimmora|95/100
|move|p2a: Whimsicott|Moonblast|p1a: Rotom
|-damage|p1a: Rotom|60/100
|cant|p2b: Glimmora|flinch
|
|upkeep
|turn|6
|
|t:|1786151145
|move|p2a: Whimsicott|Moonblast|p1a: Rotom
|-damage|p1a: Rotom|19/100
|-unboost|p1a: Rotom|spa|1
|move|p2b: Glimmora|Sludge Bomb|p1a: Rotom
|-damage|p1a: Rotom|0 fnt
|faint|p1a: Rotom
|move|p1b: Incineroar|Flare Blitz|p2a: Whimsicott
|-supereffective|p2a: Whimsicott|1
|-damage|p2a: Whimsicott|0 fnt
|faint|p2a: Whimsicott
|-damage|p1b: Incineroar|80/100|[from] Recoil
|
|-sideend|p2: Rowletspin|move: Tailwind
|upkeep
|
|t:|1786151165
|switch|p2a: Basculegion|Basculegion, L50, M|66/100
|switch|p1a: Raichu|Raichu-Mega-Y, L50, F|100/100
|turn|7
|
|t:|1786151202
|switch|p1b: Sinistcha|Sinistcha-Masterpiece, L50|90/100
|move|p2a: Basculegion|Last Respects|p1b: Sinistcha
|-supereffective|p1b: Sinistcha|1
|-enditem|p1b: Sinistcha|Kasib Berry|[eat]
|-enditem|p1b: Sinistcha|Kasib Berry|[weaken]
|-damage|p1b: Sinistcha|47/100
|move|p1a: Raichu|Zap Cannon|p2b: Glimmora
|-damage|p2b: Glimmora|27/100
|-status|p2b: Glimmora|par
|cant|p2b: Glimmora|par
|
|upkeep
|turn|8
|
|t:|1786151244
|move|p1b: Sinistcha|Rage Powder|p1b: Sinistcha
|-singleturn|p1b: Sinistcha|move: Rage Powder
|move|p2a: Basculegion|Last Respects|p1b: Sinistcha
|-supereffective|p1b: Sinistcha|1
|-damage|p1b: Sinistcha|0 fnt
|faint|p1b: Sinistcha
|move|p1a: Raichu|Zap Cannon|p2a: Basculegion
|-supereffective|p2a: Basculegion|1
|-damage|p2a: Basculegion|0 fnt
|faint|p2a: Basculegion
|move|p2b: Glimmora|Sludge Bomb|p1a: Raichu
|-damage|p1a: Raichu|16/100
|
|upkeep
|
|t:|1786151255
|switch|p2a: Kingambit|Kingambit, L50, M|100/100
|switch|p1b: Incineroar|Incineroar, L50, F|80/100
|-ability|p1b: Incineroar|Intimidate|boost
|-unboost|p2a: Kingambit|atk|1
|-ability|p2a: Kingambit|Defiant|boost
|-boost|p2a: Kingambit|atk|2
|-unboost|p2b: Glimmora|atk|1
|turn|9
|
|t:|1786151286
|move|p2b: Glimmora|Protect|p2b: Glimmora
|-singleturn|p2b: Glimmora|Protect
|move|p2a: Kingambit|Protect|p2a: Kingambit
|-singleturn|p2a: Kingambit|Protect
|move|p1b: Incineroar|Fake Out|p2a: Kingambit
|-activate|p2a: Kingambit|move: Protect
|move|p1a: Raichu|Zap Cannon|p2b: Glimmora
|-activate|p2b: Glimmora|move: Protect
|
|upkeep
|turn|10
|
|t:|1786151317
|move|p1a: Raichu|Protect|p1a: Raichu
|-singleturn|p1a: Raichu|Protect
|move|p2a: Kingambit|Sucker Punch||[still]
|-fail|p2a: Kingambit
|move|p1b: Incineroar|Throat Chop|p2b: Glimmora
|-damage|p2b: Glimmora|0 fnt
|faint|p2b: Glimmora
|
|upkeep
|turn|11
|
|t:|1786151327
|move|p2a: Kingambit|Sucker Punch|p1a: Raichu
|-damage|p1a: Raichu|0 fnt
|faint|p1a: Raichu
|move|p1b: Incineroar|Flare Blitz|p2a: Kingambit
|-supereffective|p2a: Kingambit|1
|-damage|p2a: Kingambit|36/100
|-damage|p1b: Incineroar|58/100|[from] Recoil
|
|upkeep
|turn|12
|
|t:|1786151333
|move|p2a: Kingambit|Sucker Punch|p1b: Incineroar
|-resisted|p1b: Incineroar|1
|-damage|p1b: Incineroar|36/100
|-enditem|p1b: Incineroar|Sitrus Berry|[eat]
|-heal|p1b: Incineroar|60/100|[from] item: Sitrus Berry
|move|p1b: Incineroar|Flare Blitz|p2a: Kingambit
|-supereffective|p2a: Kingambit|1
|-damage|p2a: Kingambit|0 fnt
|faint|p2a: Kingambit
|-damage|p1b: Incineroar|48/100|[from] Recoil
|
|win|ReshiramVG
