|j|☆nagc_17
|j|☆gio0314
|html|nagc_17gio0314    
|uhtml|bestof|Game 1 of a best-of-3
|t:|1785255162
|gametype|doubles
|player|p1|nagc_17|scientist|
|player|p2|gio0314|2|
|gen|9
|tier|[Gen 9 Champions] VGC 2026 Reg M-B (Bo3)
|rule|Species Clause: Limit one of each Pokémon
|rule|Item Clause: Limit 1 of each item
|clearpoke
|poke|p1|Charizard, L50, M|
|poke|p1|Garchomp, L50, F|
|poke|p1|Sneasler, L50, M|
|poke|p1|Venusaur, L50, F|
|poke|p1|Milotic, L50, M|
|poke|p1|Ampharos, L50, M|
|poke|p2|Lucario, L50, F|
|poke|p2|Sableye, L50, M|
|poke|p2|Lycanroc-Dusk, L50, M|
|poke|p2|Luxray, L50, M|
|poke|p2|Hydreigon, L50, F|
|poke|p2|Talonflame, L50, F|
|teampreview|4
|showteam|p1|Charizard||CharizarditeY|Blaze|HeatWave,SolarBeam,Protect,ScorchingSands|Timid||M|||50|]Garchomp||SitrusBerry|RoughSkin|Earthquake,DragonClaw,Protect,RockSlide|Adamant||F|||50|]Sneasler||WhiteHerb|Unburden|CloseCombat,DireClaw,FakeOut,Protect|Adamant||M|||50|]Venusaur||FocusSash|Chlorophyll|SleepPowder,SludgeBomb,Protect,GigaDrain|Timid||F|||50|]Milotic||Leftovers|MarvelScale|IcyWind,Recover,Scald,Protect|Bold||M|||50|]Ampharos||Ampharosite|Static|DragonPulse,ParabolicCharge,Protect,LightScreen|Modest||M|||50|
|showteam|p2|Lucario||Lucarionite|InnerFocus|CloseCombat,MeteorMash,Protect,Crunch|Jolly||F|||50|]Sableye||SitrusBerry|Prankster|Reflect,KnockOff,Encore,LightScreen|Careful||M|||50|]Lycanroc-Dusk||LifeOrb|ToughClaws|RockSlide,Accelerock,CloseCombat,Protect|Jolly||M|||50|]Luxray||ShucaBerry|Intimidate|Superpower,HelpingHand,Protect,WildCharge|Adamant||M|||50|]Hydreigon||FocusSash|Levitate|EarthPower,DracoMeteor,DarkPulse,Protect|Modest||F|||50|]Talonflame|||GaleWings|Acrobatics,Tailwind,FlareBlitz,Uturn|Jolly||F|||50|
|
|t:|1785255219
|teamsize|p1|4
|teamsize|p2|4
|start
|switch|p1a: Ampharos|Ampharos, L50, M|100/100
|switch|p1b: Garchomp|Garchomp, L50, F|100/100
|switch|p2a: Boyer|Sableye, L50, M|100/100
|switch|p2b: Lucyfah|Luxray, L50, M|100/100
|-ability|p2b: Lucyfah|Intimidate|boost
|-unboost|p1a: Ampharos|atk|1
|-unboost|p1b: Garchomp|atk|1
|turn|1
|inactive|Battle timer is ON: inactive players will automatically lose when time's up. (requested by gio0314)
|inactive|nagc_17 has 60 seconds left.
|
|t:|1785255253
|switch|p2b: Negreiron|Hydreigon, L50, F|100/100
|detailschange|p1a: Ampharos|Ampharos-Mega, L50, M
|-mega|p1a: Ampharos|Ampharos|Ampharosite
|-ability|p1a: Ampharos|Mold Breaker
|move|p1a: Ampharos|Protect|p1a: Ampharos
|-singleturn|p1a: Ampharos|Protect
|move|p1b: Garchomp|Earthquake|p2a: Boyer|[spread] p2a
|-activate|p1a: Ampharos|move: Protect
|-immune|p2b: Negreiron|[from] ability: Levitate
|-damage|p2a: Boyer|63/100
|move|p2a: Boyer|Knock Off|p1b: Garchomp
|-damage|p1b: Garchomp|75/100
|-damage|p2a: Boyer|50/100g|[from] ability: Rough Skin|[of] p1b: Garchomp
|-enditem|p1b: Garchomp|Sitrus Berry|[from] move: Knock Off|[of] p2a: Boyer
|
|upkeep
|turn|2
|inactive|nagc_17 has 30 seconds left.
|inactive|nagc_17 has 20 seconds left.
|inactive|nagc_17 has 15 seconds left.
|
|t:|1785255297
|move|p2a: Boyer|Encore|p1a: Ampharos
|-start|p1a: Ampharos|Encore
|move|p1a: Ampharos|Protect|p1a: Ampharos
|-singleturn|p1a: Ampharos|Protect
|move|p2b: Negreiron|Draco Meteor|p1b: Garchomp
|-supereffective|p1b: Garchomp|1
|-damage|p1b: Garchomp|0 fnt
|-unboost|p2b: Negreiron|spa|2
|faint|p1b: Garchomp
|
|upkeep
|inactive|nagc_17 has 30 seconds left.
|inactive|nagc_17 has 20 seconds left.
|
|t:|1785255333
|switch|p1b: Charizard|Charizard, L50, M|100/100
|turn|3
|inactive|nagc_17 has 30 seconds left.
|inactive|nagc_17 has 20 seconds left.
|
|t:|1785255370
|switch|p2b: Like a rock|Lycanroc-Dusk, L50, M|100/100
|switch|p1a: Venusaur|Venusaur, L50, F|100/100
|move|p2a: Boyer|Light Screen|p2a: Boyer
|-sidestart|p2: gio0314|move: Light Screen
|move|p1b: Charizard|Heat Wave|p2a: Boyer|[spread] p2b
|-miss|p1b: Charizard|p2a: Boyer
|-resisted|p2b: Like a rock|1
|-damage|p2b: Like a rock|82/100
|
|upkeep
|turn|4
|
|t:|1785255390
|move|p1b: Charizard|Protect|p1b: Charizard
|-singleturn|p1b: Charizard|Protect
|move|p2b: Like a rock|Rock Slide|p1b: Charizard|[spread] p1a
|-activate|p1b: Charizard|move: Protect
|-damage|p1a: Venusaur|55/100
|-damage|p2b: Like a rock|72/100|[from] item: Life Orb
|move|p1a: Venusaur|Giga Drain|p2b: Like a rock
|-supereffective|p2b: Like a rock|1
|-damage|p2b: Like a rock|0 fnt
|-heal|p1a: Venusaur|90/100|[from] drain|[of] p2b: Like a rock
|faint|p2b: Like a rock
|move|p2a: Boyer|Knock Off|p1a: Venusaur
|-damage|p1a: Venusaur|54/100
|-enditem|p1a: Venusaur|Focus Sash|[from] move: Knock Off|[of] p2a: Boyer
|
|upkeep
|
|t:|1785255408
|switch|p2b: Lucyfah|Luxray, L50, M|100/100
|-ability|p2b: Lucyfah|Intimidate|boost
|-unboost|p1a: Venusaur|atk|1
|-unboost|p1b: Charizard|atk|1
|turn|5
|inactive|nagc_17 has 30 seconds left.
|inactive|gio0314 has 30 seconds left.
|
|t:|1785255437
|switch|p1b: Ampharos|Ampharos-Mega, L50, M|100/100
|-ability|p1b: Ampharos|Mold Breaker
|move|p2a: Boyer|Encore||[still]
|-fail|p2a: Boyer
|move|p1a: Venusaur|Sludge Bomb|p2b: Lucyfah
|-damage|p2b: Lucyfah|69/100
|move|p2b: Lucyfah|Wild Charge|p1b: Ampharos
|-resisted|p1b: Ampharos|2
|-damage|p1b: Ampharos|90/100
|-damage|p2b: Lucyfah|66/100|[from] Recoil
|
|upkeep
|turn|6
|inactive|nagc_17 has 30 seconds left.
|inactive|gio0314 has 30 seconds left.
|inactive|nagc_17 has 20 seconds left.
|inactive|gio0314 has 20 seconds left.
|inactive|nagc_17 has 15 seconds left.
|inactive|gio0314 has 15 seconds left.
|inactive|nagc_17 has 10 seconds left.
|inactive|gio0314 has 10 seconds left.
|
|t:|1785255485
|move|p1a: Venusaur|Sludge Bomb|p2b: Lucyfah
|-damage|p2b: Lucyfah|38/100
|move|p2b: Lucyfah|Superpower|p1b: Ampharos
|-damage|p1b: Ampharos|53/100
|-unboost|p2b: Lucyfah|atk|1
|-unboost|p2b: Lucyfah|def|1
|move|p2a: Boyer|Knock Off|p1b: Ampharos
|-damage|p1b: Ampharos|38/100
|move|p1b: Ampharos|Dragon Pulse|p2b: Lucyfah
|-damage|p2b: Lucyfah|0 fnt
|faint|p2b: Lucyfah
|
|upkeep
|
|t:|1785255497
|switch|p2b: Negreiron|Hydreigon, L50, F|100/100
|turn|7
|
|t:|1785255513
|move|p1b: Ampharos|Protect|p1b: Ampharos
|-singleturn|p1b: Ampharos|Protect
|move|p2b: Negreiron|Earth Power|p1b: Ampharos
|-activate|p1b: Ampharos|move: Protect
|move|p1a: Venusaur|Sleep Powder|p2b: Negreiron
|-status|p2b: Negreiron|slp|[from] move: Sleep Powder
|move|p2a: Boyer|Knock Off|p1a: Venusaur
|-damage|p1a: Venusaur|30/100
|
|-sideend|p2: gio0314|move: Light Screen
|upkeep
|turn|8
|inactive|nagc_17 has 30 seconds left.
|inactive|nagc_17 has 20 seconds left.
|inactive|nagc_17 has 15 seconds left.
|inactive|nagc_17 has 10 seconds left.
|
|t:|1785255560
|move|p2a: Boyer|Light Screen|p2a: Boyer
|-sidestart|p2: gio0314|move: Light Screen
|cant|p2b: Negreiron|slp
|move|p1a: Venusaur|Sludge Bomb|p2b: Negreiron
|-damage|p2b: Negreiron|70/100 slp
|move|p1b: Ampharos|Dragon Pulse|p2b: Negreiron
|-supereffective|p2b: Negreiron|1
|-damage|p2b: Negreiron|0 fnt
|faint|p2b: Negreiron
|
|upkeep
|turn|9
|
|t:|1785255577
|move|p1a: Venusaur|Giga Drain|p2a: Boyer
|-damage|p2a: Boyer|25/100
|-heal|p1a: Venusaur|43/100|[from] drain|[of] p2a: Boyer
|-enditem|p2a: Boyer|Sitrus Berry|[eat]
|-heal|p2a: Boyer|50/100g|[from] item: Sitrus Berry
|move|p2a: Boyer|Knock Off|p1a: Venusaur
|-damage|p1a: Venusaur|18/100
|move|p1b: Ampharos|Dragon Pulse|p2a: Boyer
|-damage|p2a: Boyer|6/100
|
|upkeep
|turn|10
|inactive|nagc_17 has 30 seconds left.
|
|t:|1785255612
|move|p1a: Venusaur|Giga Drain|p2a: Boyer
|-damage|p2a: Boyer|0 fnt
|-heal|p1a: Venusaur|21/100|[from] drain|[of] p2a: Boyer
|faint|p2a: Boyer
|
|win|nagc_17
||gio0314 is ready for game 2.
