|j|☆lordtentacle69
|j|☆Schlorp_Corp
|html|lordtentacle69Schlorp_Corp    
|uhtml|bestof|Game 3 of a best-of-3
|t:|1783055951
|gametype|doubles
|player|p1|lordtentacle69|corbeau|1316
|player|p2|Schlorp_Corp|pokemaniac|1297
|gen|9
|tier|[Gen 9 Champions] VGC 2026 Reg M-B (Bo3)
|rated|
|rule|Species Clause: Limit one of each Pokémon
|rule|Item Clause: Limit 1 of each item
|clearpoke
|poke|p1|Aerodactyl, L50, M|
|poke|p1|Charizard, L50, M|
|poke|p1|Kingambit, L50, F|
|poke|p1|Sylveon, L50, M|
|poke|p1|Farigiraf, L50, F|
|poke|p1|Garchomp, L50, F|
|poke|p2|Sceptile, L50, M|
|poke|p2|Heliolisk, L50, F|
|poke|p2|Charizard, L50, M|
|poke|p2|Kingambit, L50, M|
|poke|p2|Farigiraf, L50, F|
|poke|p2|Primarina, L50, F|
|teampreview|4
|showteam|p1|Aerodactyl||Aerodactylite|Unnerve|RockSlide,DualWingbeat,IceFang,Tailwind|Jolly||M|||50|]Charizard||CharizarditeY|Blaze|HeatWave,Protect,SolarBeam,WeatherBall|Modest||M|||50|]Kingambit||FocusSash|Defiant|KowtowCleave,SuckerPunch,LowKick,IronHead|Adamant||F|||50|]Sylveon||FairyFeather|Pixilate|HyperVoice,HyperBeam,QuickAttack,Protect|Modest||M|||50|]Farigiraf||SitrusBerry|ArmorTail|Psychic,Protect,TrickRoom,Thunderbolt|Bold||F|||50|]Garchomp||LifeOrb|RoughSkin|Earthquake,StompingTantrum,DragonClaw,Protect|Jolly||F|||50|
|showteam|p2|Sceptile||Sceptilite|Overgrow|EnergyBall,Protect,EarthPower,DragonPulse|Timid||M|||50|]Heliolisk||ChoiceScarf|SolarPower|Discharge,Thunderbolt,HyperVoice,Electroweb|Modest||F|||50|]Charizard||CharizarditeY|Blaze|HeatWave,WeatherBall,Protect,SolarBeam|Timid||M|||50|]Kingambit||ChopleBerry|Defiant|KowtowCleave,IronHead,SuckerPunch,LowKick|Adamant||M|||50|]Farigiraf||SitrusBerry|ArmorTail|TwinBeam,Protect,TrickRoom,FoulPlay|Bold||F|||50|]Primarina||LifeOrb|LiquidVoice|HyperVoice,Protect,Moonblast,PerishSong|Modest||F|||50|
|inactive|Battle timer is ON: inactive players will automatically lose when time's up. (requested by Schlorp_Corp)
|inactive|lordtentacle69 has 60 seconds left.
|
|t:|1783056009
|teamsize|p1|4
|teamsize|p2|4
|start
|switch|p1a: Aerodactyl|Aerodactyl, L50, M|100/100
|switch|p1b: Farigiraf|Farigiraf, L50, F|100/100
|switch|p2a: Heliolisk|Heliolisk, L50, F|100/100
|switch|p2b: Charizard|Charizard, L50, M|100/100
|-ability|p1a: Aerodactyl|Unnerve
|turn|1
|
|t:|1783056024
|switch|p1a: Garchomp|Garchomp, L50, F|100/100
|detailschange|p2b: Charizard|Charizard-Mega-Y, L50, M
|-mega|p2b: Charizard|Charizard|Charizardite Y
|-weather|SunnyDay|[from] ability: Drought|[of] p2b: Charizard
|move|p2a: Heliolisk|Electroweb|p1b: Farigiraf|[spread] p1b
|-immune|p1a: Garchomp
|-damage|p1b: Farigiraf|72/100
|-unboost|p1b: Farigiraf|spe|1
|move|p2b: Charizard|Heat Wave|p1a: Garchomp|[spread] p1a,p1b
|-resisted|p1a: Garchomp|1
|-damage|p1a: Garchomp|64/100
|-damage|p1b: Farigiraf|13/100
|-status|p1b: Farigiraf|brn
|-enditem|p1b: Farigiraf|Sitrus Berry|[eat]
|-heal|p1b: Farigiraf|38/100 brn|[from] item: Sitrus Berry
|move|p1b: Farigiraf|Trick Room|p1b: Farigiraf
|-fieldstart|move: Trick Room|[of] p1b: Farigiraf
|
|-weather|SunnyDay|[upkeep]
|-damage|p2a: Heliolisk|87/100|[from] ability: Solar Power|[of] p2a: Heliolisk
|-damage|p1b: Farigiraf|32/100 brn|[from] brn
|upkeep
|turn|2
|inactive|Schlorp_Corp has 30 seconds left.
|
|t:|1783056051
|switch|p2a: Primarina|Primarina, L50, F|100/100
|move|p1b: Farigiraf|Thunderbolt|p2b: Charizard
|-supereffective|p2b: Charizard|1
|-damage|p2b: Charizard|52/100
|-status|p2b: Charizard|par
|move|p2b: Charizard|Heat Wave|p1a: Garchomp|[spread] p1b
|-miss|p2b: Charizard|p1a: Garchomp
|-damage|p1b: Farigiraf|0 fnt
|faint|p1b: Farigiraf
|move|p1a: Garchomp|Stomping Tantrum|p2a: Primarina
|-damage|p2a: Primarina|39/100
|-damage|p1a: Garchomp|55/100|[from] item: Life Orb
|
|-weather|SunnyDay|[upkeep]
|upkeep
|
|t:|1783056066
|switch|p1b: Kingambit|Kingambit, L50, F|100/100
|turn|3
|
|t:|1783056086
|move|p1a: Garchomp|Protect|p1a: Garchomp
|-singleturn|p1a: Garchomp|Protect
|move|p1b: Kingambit|Sucker Punch|p2b: Charizard
|-damage|p2b: Charizard|0 fnt
|faint|p2b: Charizard
|move|p2a: Primarina|Moonblast|p1a: Garchomp
|-activate|p1a: Garchomp|move: Protect
|
|-weather|SunnyDay|[upkeep]
|upkeep
|
|t:|1783056092
|switch|p2b: Kingambit|Kingambit, L50, M|100/100
|turn|4
|
|t:|1783056113
|move|p2a: Primarina|Protect|p2a: Primarina
|-singleturn|p2a: Primarina|Protect
|move|p2b: Kingambit|Low Kick|p1b: Kingambit
|-supereffective|p1b: Kingambit|2
|-enditem|p1b: Kingambit|Focus Sash
|-damage|p1b: Kingambit|1/100
|move|p1b: Kingambit|Low Kick|p2b: Kingambit
|-supereffective|p2b: Kingambit|2
|-enditem|p2b: Kingambit|Chople Berry|[eat]
|-enditem|p2b: Kingambit|Chople Berry|[weaken]
|-damage|p2b: Kingambit|43/100
|move|p1a: Garchomp|Earthquake|p2a: Primarina|[spread] p1b,p2b
|-activate|p2a: Primarina|move: Protect
|-supereffective|p1b: Kingambit|1
|-supereffective|p2b: Kingambit|1
|-damage|p1b: Kingambit|0 fnt
|-damage|p2b: Kingambit|0 fnt
|faint|p1b: Kingambit
|faint|p2b: Kingambit
|-damage|p1a: Garchomp|45/100|[from] item: Life Orb
|
|-weather|SunnyDay|[upkeep]
|upkeep
|
|t:|1783056130
|switch|p2b: Heliolisk|Heliolisk, L50, F|87/100
|switch|p1b: Aerodactyl|Aerodactyl, L50, M|100/100
|-ability|p1b: Aerodactyl|Unnerve
|turn|5
|inactive|Schlorp_Corp has 30 seconds left.
|inactive|Schlorp_Corp has 20 seconds left.
|
|t:|1783056170
|detailschange|p1b: Aerodactyl|Aerodactyl-Mega, L50, M
|-mega|p1b: Aerodactyl|Aerodactyl|Aerodactylite
|move|p1a: Garchomp|Protect|p1a: Garchomp
|-singleturn|p1a: Garchomp|Protect
|move|p2a: Primarina|Moonblast|p1a: Garchomp
|-activate|p1a: Garchomp|move: Protect
|move|p1b: Aerodactyl|Tailwind|p1b: Aerodactyl
|-sidestart|p1: lordtentacle69|move: Tailwind
|move|p2b: Heliolisk|Thunderbolt|p1b: Aerodactyl
|-supereffective|p1b: Aerodactyl|1
|-damage|p1b: Aerodactyl|0 fnt
|faint|p1b: Aerodactyl
|
|-weather|none
|-fieldend|move: Trick Room
|upkeep
|turn|6
|
|t:|1783056183
|move|p1a: Garchomp|Earthquake|p2b: Heliolisk|[spread] p2a,p2b
|-supereffective|p2b: Heliolisk|1
|-damage|p2a: Primarina|0 fnt
|-damage|p2b: Heliolisk|0 fnt
|faint|p2a: Primarina
|faint|p2b: Heliolisk
|-damage|p1a: Garchomp|35/100|[from] item: Life Orb
|
|win|lordtentacle69
|raw|lordtentacle69's rating: 1316 → 1335(+19 for winning)
|raw|Schlorp_Corp's rating: 1297 → 1273(-24 for losing)
|l|☆Schlorp_Corp
|player|p2|
