|j|☆Zaint
|j|☆delpivgc
|html|Zaintdelpivgc    
|uhtml|bestof|Game 2 of a best-of-3
|t:|1784751384
|gametype|doubles
|player|p1|Zaint|2|1183
|player|p2|delpivgc|hilbert-wonderlauncher|1246
|gen|9
|tier|[Gen 9 Champions] VGC 2026 Reg M-B (Bo3)
|rated|
|rule|Species Clause: Limit one of each Pokémon
|rule|Item Clause: Limit 1 of each item
|clearpoke
|poke|p1|Corviknight, L50, F|
|poke|p1|Sinistcha, L50|
|poke|p1|Sylveon, L50, M|
|poke|p1|Garchomp, L50, M|
|poke|p1|Ninetales-Alola, L50, F|
|poke|p1|Raichu, L50, F|
|poke|p2|Venusaur, L50, F|
|poke|p2|Charizard, L50, F|
|poke|p2|Garchomp, L50, F|
|poke|p2|Annihilape, L50, M|
|poke|p2|Incineroar, L50, M|
|poke|p2|Toxapex, L50, F|
|teampreview|4
|showteam|p1|Corviknight||Leftovers|MirrorArmor|BraveBird,Roost,Tailwind,BodyPress|Careful||F|||50|]Sinistcha||SitrusBerry|Hospitality|MatchaGotcha,RagePowder,Protect,TrickRoom|Bold|||||50|]Sylveon||FairyFeather|Pixilate|HyperBeam,HyperVoice,QuickAttack,Detect|Modest||M|||50|]Garchomp||LifeOrb|RoughSkin|Earthquake,DragonClaw,RockSlide,Protect|Jolly||M|||50|]Ninetales-Alola||NeverMeltIce|SnowWarning|Blizzard,FreezeDry,Protect,Encore|Timid||F|||50|]Raichu||RaichuniteX|Static|VoltTackle,VoltSwitch,FakeOut,Protect|Jolly||F|||50|
|showteam|p2|Venusaur||LifeOrb|Chlorophyll|SolarBeam,SludgeBomb,EarthPower,Protect|Modest||F|||50|]Charizard||CharizarditeY|SolarPower|HeatWave,WeatherBall,HelpingHand,Protect|Modest||F|||50|]Garchomp||ChoiceScarf|RoughSkin|DragonClaw,Earthquake,StompingTantrum,RockSlide|Adamant||F|||50|]Annihilape||FocusSash|Defiant|PhantomForce,CloseCombat,RockTomb,Protect|Jolly||M|||50|]Incineroar||SitrusBerry|Intimidate|FlareBlitz,ThroatChop,PartingShot,FakeOut|Impish||M|||50|]Toxapex||Leftovers|Regenerator|Infestation,Toxic,BanefulBunker,WideGuard|Impish||F|||50|
|inactive|Battle timer is ON: inactive players will automatically lose when time's up. (requested by Zaint)
|
|t:|1784751408
|teamsize|p1|4
|teamsize|p2|4
|start
|switch|p1a: Garchomp|Garchomp, L50, M|100/100
|switch|p1b: Raichu|Raichu, L50, F|100/100
|switch|p2a: Incineroar|Incineroar, L50, M|100/100
|switch|p2b: Toxapex|Toxapex, L50, F|100/100
|-ability|p2a: Incineroar|Intimidate|boost
|-unboost|p1a: Garchomp|atk|1
|-unboost|p1b: Raichu|atk|1
|turn|1
|inactive|Zaint has 30 seconds left.
|inactive|delpivgc has 30 seconds left.
|
|t:|1784751441
|switch|p2a: Garchomp|Garchomp, L50, F|100/100
|detailschange|p1b: Raichu|Raichu-Mega-X, L50, F
|-mega|p1b: Raichu|Raichu|Raichunite X
|-fieldstart|move: Electric Terrain|[from] ability: Electric Surge|[of] p1b: Raichu
|move|p1a: Garchomp|Protect|p1a: Garchomp
|-singleturn|p1a: Garchomp|Protect
|move|p1b: Raichu|Fake Out|p2a: Garchomp
|-damage|p2a: Garchomp|90/100
|-damage|p1b: Raichu|87/100|[from] ability: Rough Skin|[of] p2a: Garchomp
|move|p2b: Toxapex|Toxic|p1a: Garchomp
|-activate|p1a: Garchomp|move: Protect
|
|upkeep
|turn|2
|inactive|Zaint has 30 seconds left.
|
|t:|1784751475
|switch|p1a: Sinistcha|Sinistcha, L50|100/100
|-heal|p1b: Raichu|100/100|[from] ability: Hospitality|[of] p1a: Sinistcha
|move|p1b: Raichu|Protect|p1b: Raichu
|-singleturn|p1b: Raichu|Protect
|move|p2a: Garchomp|Stomping Tantrum|p1b: Raichu
|-activate|p1b: Raichu|move: Protect
|move|p2b: Toxapex|Toxic|p1a: Sinistcha
|-status|p1a: Sinistcha|tox
|
|-damage|p1a: Sinistcha|93/100 tox|[from] psn
|upkeep
|turn|3
|
|t:|1784751498
|switch|p2a: Incineroar|Incineroar, L50, M|100/100
|-ability|p2a: Incineroar|Intimidate|boost
|-unboost|p1a: Sinistcha|atk|1
|-unboost|p1b: Raichu|atk|1
|switch|p1b: Garchomp|Garchomp, L50, M|100/100
|move|p1a: Sinistcha|Matcha Gotcha|p2a: Incineroar|[spread] p2a,p2b
|-resisted|p2a: Incineroar|1
|-damage|p2a: Incineroar|88/100
|-heal|p1a: Sinistcha|100/100 tox|[from] drain|[of] p2a: Incineroar
|-damage|p2b: Toxapex|82/100
|move|p2b: Toxapex|Infestation|p1a: Sinistcha
|-damage|p1a: Sinistcha|97/100 tox
|-activate|p1a: Sinistcha|move: Infestation|[of] p2b: Toxapex
|
|-heal|p2b: Toxapex|87/100|[from] item: Leftovers
|-damage|p1a: Sinistcha|84/100 tox|[from] psn
|-damage|p1a: Sinistcha|72/100 tox|[from] move: Infestation|[partiallytrapped]
|upkeep
|turn|4
|inactive|Zaint has 30 seconds left.
|inactive|delpivgc has 30 seconds left.
|inactive|Zaint has 20 seconds left.
|
|t:|1784751533
|move|p1b: Garchomp|Protect|p1b: Garchomp
|-singleturn|p1b: Garchomp|Protect
|move|p1a: Sinistcha|Matcha Gotcha|p2a: Incineroar|[spread] p2a,p2b
|-resisted|p2a: Incineroar|1
|-damage|p2a: Incineroar|78/100
|-heal|p1a: Sinistcha|78/100 tox|[from] drain|[of] p2a: Incineroar
|-damage|p2b: Toxapex|68/100
|-heal|p1a: Sinistcha|86/100 tox|[from] drain|[of] p2b: Toxapex
|move|p2a: Incineroar|Flare Blitz|p1a: Sinistcha
|-supereffective|p1a: Sinistcha|1
|-damage|p1a: Sinistcha|8/100 tox
|-enditem|p1a: Sinistcha|Sitrus Berry|[eat]
|-heal|p1a: Sinistcha|33/100 tox|[from] item: Sitrus Berry
|-damage|p2a: Incineroar|55/100|[from] Recoil
|move|p2b: Toxapex|Toxic|p1b: Garchomp
|-activate|p1b: Garchomp|move: Protect
|
|-heal|p2b: Toxapex|74/100|[from] item: Leftovers
|-damage|p1a: Sinistcha|15/100 tox|[from] psn
|-damage|p1a: Sinistcha|2/100 tox|[from] move: Infestation|[partiallytrapped]
|upkeep
|turn|5
|inactive|Zaint has 30 seconds left.
|inactive|delpivgc has 30 seconds left.
|inactive|Zaint has 20 seconds left.
|
|t:|1784751570
|switch|p1a: Ninetales|Ninetales-Alola, L50, F|100/100
|-weather|Snowscape|[from] ability: Snow Warning|[of] p1a: Ninetales
|switch|p2a: Garchomp|Garchomp, L50, F|90/100
|move|p1b: Garchomp|Earthquake|p2b: Toxapex|[spread] p1a,p2a,p2b
|-supereffective|p2b: Toxapex|1
|-damage|p1a: Ninetales|49/100
|-damage|p2a: Garchomp|41/100
|-damage|p2b: Toxapex|0 fnt
|faint|p2b: Toxapex
|-damage|p1b: Garchomp|90/100|[from] item: Life Orb
|
|-weather|Snowscape|[upkeep]
|-fieldend|move: Electric Terrain
|upkeep
|
|t:|1784751583
|switch|p2b: Incineroar|Incineroar, L50, M|55/100
|-ability|p2b: Incineroar|Intimidate|boost
|-unboost|p1a: Ninetales|atk|1
|-unboost|p1b: Garchomp|atk|1
|turn|6
|
|t:|1784751592
|switch|p1a: Sinistcha|Sinistcha, L50|2/100 tox
|-heal|p1b: Garchomp|100/100|[from] ability: Hospitality|[of] p1a: Sinistcha
|move|p1b: Garchomp|Protect|p1b: Garchomp
|-singleturn|p1b: Garchomp|Protect
|move|p2b: Incineroar|Fake Out|p1a: Sinistcha
|-immune|p1a: Sinistcha
|move|p2a: Garchomp|Dragon Claw|p1b: Garchomp
|-activate|p1b: Garchomp|move: Protect
|
|-weather|Snowscape|[upkeep]
|-damage|p1a: Sinistcha|0 fnt|[from] psn
|faint|p1a: Sinistcha
|upkeep
|
|t:|1784751610
|switch|p1a: Raichu|Raichu-Mega-X, L50, F|100/100
|-fieldstart|move: Electric Terrain|[from] ability: Electric Surge|[of] p1a: Raichu
|turn|7
|inactive|Zaint has 30 seconds left.
|inactive|Zaint has 20 seconds left.
|
|t:|1784751649
|switch|p2a: Charizard|Charizard, L50, F|100/100
|move|p1a: Raichu|Fake Out|p2a: Charizard
|-damage|p2a: Charizard|85/100
|move|p1b: Garchomp|Rock Slide|p2a: Charizard|[spread] p2a,p2b
|-supereffective|p2a: Charizard|2
|-supereffective|p2b: Incineroar|1
|-damage|p2a: Charizard|22/100
|-damage|p2b: Incineroar|30/100
|-enditem|p2b: Incineroar|Sitrus Berry|[eat]
|-heal|p2b: Incineroar|54/100|[from] item: Sitrus Berry
|-damage|p1b: Garchomp|90/100|[from] item: Life Orb
|cant|p2b: Incineroar|flinch
|
|-weather|Snowscape|[upkeep]
|upkeep
|turn|8
|inactive|delpivgc has 30 seconds left.
|
|t:|1784751675
|move|p2a: Charizard|Protect|p2a: Charizard
|-singleturn|p2a: Charizard|Protect
|move|p1a: Raichu|Volt Switch|p2a: Charizard
|-activate|p2a: Charizard|move: Protect
|move|p1b: Garchomp|Rock Slide|p2b: Incineroar|[spread] p2b
|-activate|p2a: Charizard|move: Protect
|-supereffective|p2b: Incineroar|1
|-crit|p2b: Incineroar
|-damage|p2b: Incineroar|0 fnt
|faint|p2b: Incineroar
|-damage|p1b: Garchomp|80/100|[from] item: Life Orb
|
|-weather|Snowscape|[upkeep]
|upkeep
|c|☆delpivgc|ammazza che bucio de culo frate
|c|☆delpivgc|ahahahaha
|
|t:|1784751700
|switch|p2b: Garchomp|Garchomp, L50, F|41/100
|turn|9
|inactive|delpivgc has 30 seconds left.
|
|t:|1784751734
|move|p1a: Raichu|Protect|p1a: Raichu
|-singleturn|p1a: Raichu|Protect
|move|p1b: Garchomp|Protect|p1b: Garchomp
|-singleturn|p1b: Garchomp|Protect
|move|p2a: Charizard|Protect||[still]
|-fail|p2a: Charizard
|move|p2b: Garchomp|Dragon Claw|p1b: Garchomp
|-activate|p1b: Garchomp|move: Protect
|
|-weather|none
|upkeep
|turn|10
|inactive|Zaint has 30 seconds left.
|inactive|delpivgc has 30 seconds left.
|
|t:|1784751765
|move|p2a: Charizard|Helping Hand|p2b: Garchomp
|-singleturn|p2b: Garchomp|Helping Hand|[of] p2a: Charizard
|move|p1b: Garchomp|Protect||[still]
|-fail|p1b: Garchomp
|move|p2b: Garchomp|Dragon Claw|p1a: Raichu
|-damage|p1a: Raichu|20/100y
|move|p1a: Raichu|Volt Switch|p2a: Charizard
|-supereffective|p2a: Charizard|1
|-damage|p2a: Charizard|0 fnt
|faint|p2a: Charizard
|
|t:|1784751775
|switch|p1a: Ninetales|Ninetales-Alola, L50, F|49/100|[from] Volt Switch
|-weather|Snowscape|[from] ability: Snow Warning|[of] p1a: Ninetales
|
|-weather|Snowscape|[upkeep]
|upkeep
|turn|11
|-message|delpivgc forfeited.
|
|win|Zaint
|raw|Zaint's rating: 1183 → 1212(+29 for winning)
|raw|delpivgc's rating: 1246 → 1217(-29 for losing)
|l|☆delpivgc
|player|p2|
