|j|☆sturmkitten69
|j|☆Baronismo
|html|sturmkitten69Baronismo    
|uhtml|bestof|Game 3 of a best-of-3
|t:|1784019692
|gametype|doubles
|player|p1|sturmkitten69|fisherman-gen4|1190
|player|p2|Baronismo|depotagent|1292
|gen|9
|tier|[Gen 9 Champions] VGC 2026 Reg M-B (Bo3)
|rated|
|rule|Species Clause: Limit one of each Pokémon
|rule|Item Clause: Limit 1 of each item
|clearpoke
|poke|p1|Blastoise, L50, M|
|poke|p1|Farigiraf, L50, F, shiny|
|poke|p1|Basculegion, L50, M|
|poke|p1|Aerodactyl, L50, M|
|poke|p1|Rotom-Heat, L50|
|poke|p1|Garchomp, L50, M|
|poke|p2|Lycanroc-Dusk, L50, M|
|poke|p2|Dragonite, L50, F|
|poke|p2|Toxapex, L50, F|
|poke|p2|Staraptor, L50, F|
|poke|p2|Incineroar, L50, M|
|poke|p2|Ninetales-Alola, L50, M|
|teampreview|4
|showteam|p1|Blastoise||Blastoisinite|Torrent|DarkPulse,Protect,FakeOut,WaterSpout|Modest||M|||50|]Farigiraf||SitrusBerry|ArmorTail|RainDance,Thunderbolt,HelpingHand,TrickRoom|Bold||F|||50|]Basculegion||FocusSash|Adaptability|LastRespects,WaveCrash,Protect,AquaJet|Adamant||M|||50|]Aerodactyl||Aerodactylite|Unnerve|RockSlide,Protect,Tailwind,DualWingbeat|Jolly||M|||50|]Rotom-Heat||ChoiceScarf|Levitate|Overheat,VoltSwitch,Thunderbolt,WillOWisp|Timid|||||50|]Garchomp||LifeOrb|RoughSkin|RockSlide,Earthquake,DragonClaw,Protect|Jolly||M|||50|
|showteam|p2|Lycanroc-Dusk||FocusSash|ToughClaws|Accelerock,RockSlide,CloseCombat,Protect|Jolly||M|||50|]Dragonite||LifeOrb|InnerFocus|DragonClaw,LowKick,ExtremeSpeed,Protect|Adamant||F|||50|]Toxapex||Leftovers|Regenerator|Toxic,Infestation,WideGuard,BanefulBunker|Bold||F|||50|]Staraptor||Staraptite|Intimidate|CloseCombat,BraveBird,Tailwind,Protect|Jolly||F|||50|]Incineroar||SitrusBerry|Intimidate|FakeOut,FlareBlitz,ThroatChop,PartingShot|Careful||M|||50|]Ninetales-Alola||NeverMeltIce|SnowWarning|Blizzard,FreezeDry,Encore,Protect|Timid||M|||50|
|inactive|Battle timer is ON: inactive players will automatically lose when time's up. (requested by Baronismo)
|
|t:|1784019740
|teamsize|p1|4
|teamsize|p2|4
|start
|switch|p1a: Blastoise|Blastoise, L50, M|100/100
|switch|p1b: Rotom|Rotom-Heat, L50|100/100
|switch|p2a: Incineroar|Incineroar, L50, M|100/100
|switch|p2b: Toxapex|Toxapex, L50, F|100/100
|-ability|p2a: Incineroar|Intimidate|boost
|-unboost|p1a: Blastoise|atk|1
|-unboost|p1b: Rotom|atk|1
|turn|1
|inactive|sturmkitten69 has 30 seconds left.
|
|t:|1784019772
|detailschange|p1a: Blastoise|Blastoise-Mega, L50, M
|-mega|p1a: Blastoise|Blastoise|Blastoisinite
|move|p2a: Incineroar|Fake Out|p1b: Rotom
|-damage|p1b: Rotom|86/100
|cant|p1b: Rotom|flinch
|move|p1a: Blastoise|Water Spout|p2b: Toxapex|[spread] p2a,p2b
|-supereffective|p2a: Incineroar|1
|-resisted|p2b: Toxapex|1
|-damage|p2a: Incineroar|9/100
|-damage|p2b: Toxapex|75/100
|-enditem|p2a: Incineroar|Sitrus Berry|[eat]
|-heal|p2a: Incineroar|34/100|[from] item: Sitrus Berry
|move|p2b: Toxapex|Toxic|p1a: Blastoise
|-status|p1a: Blastoise|tox
|
|-heal|p2b: Toxapex|80/100|[from] item: Leftovers
|-damage|p1a: Blastoise|93/100 tox|[from] psn
|upkeep
|turn|2
|inactive|sturmkitten69 has 30 seconds left.
|inactive|Baronismo has 30 seconds left.
|
|t:|1784019805
|switch|p1a: Garchomp|Garchomp, L50, M|100/100
|move|p2b: Toxapex|Baneful Bunker|p2b: Toxapex
|-singleturn|p2b: Toxapex|move: Protect
|move|p1b: Rotom|Thunderbolt|p2a: Incineroar
|-damage|p2a: Incineroar|4/100
|move|p2a: Incineroar|Parting Shot|p1b: Rotom
|-unboost|p1b: Rotom|atk|1
|-unboost|p1b: Rotom|spa|1
|
|t:|1784019812
|switch|p2a: Ninetales|Ninetales-Alola, L50, M|100/100|[from] Parting Shot
|-weather|Snowscape|[from] ability: Snow Warning|[of] p2a: Ninetales
|
|-weather|Snowscape|[upkeep]
|-heal|p2b: Toxapex|86/100|[from] item: Leftovers
|upkeep
|turn|3
|
|t:|1784019834
|switch|p1b: Blastoise|Blastoise-Mega, L50, M|93/100 tox
|move|p1a: Garchomp|Protect|p1a: Garchomp
|-singleturn|p1a: Garchomp|Protect
|move|p2a: Ninetales|Blizzard|p1a: Garchomp|[spread] p1b
|-activate|p1a: Garchomp|move: Protect
|-resisted|p1b: Blastoise|1
|-damage|p1b: Blastoise|76/100 tox
|move|p2b: Toxapex|Infestation|p1b: Blastoise
|-damage|p1b: Blastoise|74/100 tox
|-activate|p1b: Blastoise|move: Infestation|[of] p2b: Toxapex
|
|-weather|Snowscape|[upkeep]
|-heal|p2b: Toxapex|92/100|[from] item: Leftovers
|-damage|p1b: Blastoise|67/100 tox|[from] psn
|-damage|p1b: Blastoise|55/100 tox|[from] move: Infestation|[partiallytrapped]
|upkeep
|turn|4
|inactive|sturmkitten69 has 30 seconds left.
|
|t:|1784019860
|switch|p1a: Rotom|Rotom-Heat, L50|86/100
|move|p1b: Blastoise|Fake Out|p2a: Ninetales
|-damage|p2a: Ninetales|90/100
|cant|p2a: Ninetales|flinch
|move|p2b: Toxapex|Toxic|p1a: Rotom
|-status|p1a: Rotom|tox
|
|-weather|Snowscape|[upkeep]
|-heal|p2b: Toxapex|98/100|[from] item: Leftovers
|-damage|p1a: Rotom|80/100 tox|[from] psn
|-damage|p1b: Blastoise|43/100 tox|[from] psn
|-damage|p1b: Blastoise|30/100 tox|[from] move: Infestation|[partiallytrapped]
|upkeep
|turn|5
|
|t:|1784019883
|switch|p2a: Incineroar|Incineroar, L50, M|4/100
|-ability|p2a: Incineroar|Intimidate|boost
|-unboost|p1a: Rotom|atk|1
|-unboost|p1b: Blastoise|atk|1
|move|p2b: Toxapex|Baneful Bunker|p2b: Toxapex
|-singleturn|p2b: Toxapex|move: Protect
|move|p1a: Rotom|Overheat|p2a: Incineroar
|-resisted|p2a: Incineroar|1
|-damage|p2a: Incineroar|0 fnt
|-unboost|p1a: Rotom|spa|2
|faint|p2a: Incineroar
|move|p1b: Blastoise|Dark Pulse|p2b: Toxapex
|-activate|p2b: Toxapex|move: Protect
|
|-weather|Snowscape|[upkeep]
|-heal|p2b: Toxapex|100/100|[from] item: Leftovers
|-damage|p1a: Rotom|67/100 tox|[from] psn
|-damage|p1b: Blastoise|12/100 tox|[from] psn
|-damage|p1b: Blastoise|0 fnt|[from] move: Infestation|[partiallytrapped]
|faint|p1b: Blastoise
|upkeep
|
|t:|1784019904
|switch|p1b: Garchomp|Garchomp, L50, M|100/100
|switch|p2a: Lycanroc|Lycanroc-Dusk, L50, M|100/100
|turn|6
|
|t:|1784019920
|move|p2b: Toxapex|Wide Guard|p2b: Toxapex
|-singleturn|p2b: Toxapex|Wide Guard
|move|p1a: Rotom|Overheat|p2a: Lycanroc
|-resisted|p2a: Lycanroc|1
|-damage|p2a: Lycanroc|78/100
|-unboost|p1a: Rotom|spa|2
|move|p2a: Lycanroc|Rock Slide|p1a: Rotom|[spread] p1a,p1b
|-supereffective|p1a: Rotom|1
|-resisted|p1b: Garchomp|1
|-damage|p1a: Rotom|1/100 tox
|-damage|p1b: Garchomp|86/100
|move|p1b: Garchomp|Earthquake|p2a: Lycanroc|[spread] 
|-activate|p2a: Lycanroc|move: Wide Guard
|-activate|p2b: Toxapex|move: Wide Guard
|-immune|p1a: Rotom|[from] ability: Levitate
|
|-weather|none
|-damage|p1a: Rotom|0 fnt|[from] psn
|faint|p1a: Rotom
|upkeep
|
|t:|1784019938
|switch|p1a: Basculegion|Basculegion, L50, M|100/100
|turn|7
|inactive|sturmkitten69 has 30 seconds left.
|inactive|sturmkitten69 has 20 seconds left.
|inactive|sturmkitten69 has 15 seconds left.
|inactive|sturmkitten69 has 10 seconds left.
|inactive|sturmkitten69 has 5 seconds left.
|
|t:|1784019990
|move|p2a: Lycanroc|Protect|p2a: Lycanroc
|-singleturn|p2a: Lycanroc|Protect
|move|p1b: Garchomp|Dragon Claw|p2b: Toxapex
|-damage|p2b: Toxapex|64/100
|-damage|p1b: Garchomp|76/100|[from] item: Life Orb
|move|p1a: Basculegion|Last Respects|p2a: Lycanroc
|-activate|p2a: Lycanroc|move: Protect
|move|p2b: Toxapex|Toxic|p1a: Basculegion
|-status|p1a: Basculegion|tox
|
|-heal|p2b: Toxapex|70/100|[from] item: Leftovers
|-damage|p1a: Basculegion|93/100 tox|[from] psn
|upkeep
|turn|8
|
|t:|1784020008
|move|p1a: Basculegion|Protect|p1a: Basculegion
|-singleturn|p1a: Basculegion|Protect
|move|p2b: Toxapex|Wide Guard|p2b: Toxapex
|-singleturn|p2b: Toxapex|Wide Guard
|move|p2a: Lycanroc|Accelerock|p1a: Basculegion
|-activate|p1a: Basculegion|move: Protect
|move|p1b: Garchomp|Earthquake|p2b: Toxapex|[spread] 
|-activate|p2a: Lycanroc|move: Wide Guard
|-activate|p2b: Toxapex|move: Wide Guard
|-activate|p1a: Basculegion|move: Protect
|
|-heal|p2b: Toxapex|75/100|[from] item: Leftovers
|-damage|p1a: Basculegion|81/100 tox|[from] psn
|upkeep
|turn|9
|
|t:|1784020033
|move|p2a: Lycanroc|Accelerock|p1a: Basculegion
|-damage|p1a: Basculegion|46/100 tox
|move|p1b: Garchomp|Dragon Claw|p2b: Toxapex
|-damage|p2b: Toxapex|45/100
|-damage|p1b: Garchomp|66/100|[from] item: Life Orb
|move|p1a: Basculegion|Last Respects|p2b: Toxapex
|-damage|p2b: Toxapex|0 fnt
|faint|p2b: Toxapex
|
|-damage|p1a: Basculegion|27/100 tox|[from] psn
|upkeep
|
|t:|1784020043
|switch|p2b: Ninetales|Ninetales-Alola, L50, M|90/100
|-weather|Snowscape|[from] ability: Snow Warning|[of] p2b: Ninetales
|turn|10
|
|t:|1784020054
|move|p2a: Lycanroc|Protect|p2a: Lycanroc
|-singleturn|p2a: Lycanroc|Protect
|move|p2b: Ninetales|Protect|p2b: Ninetales
|-singleturn|p2b: Ninetales|Protect
|move|p1a: Basculegion|Aqua Jet|p2a: Lycanroc
|-activate|p2a: Lycanroc|move: Protect
|move|p1b: Garchomp|Rock Slide|p2b: Ninetales|[spread] 
|-activate|p2a: Lycanroc|move: Protect
|-activate|p2b: Ninetales|move: Protect
|
|-weather|Snowscape|[upkeep]
|-damage|p1a: Basculegion|3/100 tox|[from] psn
|upkeep
|turn|11
|
|t:|1784020070
|move|p2a: Lycanroc|Accelerock|p1a: Basculegion
|-damage|p1a: Basculegion|0 fnt
|faint|p1a: Basculegion
|move|p2b: Ninetales|Blizzard|p1b: Garchomp
|-supereffective|p1b: Garchomp|2
|-damage|p1b: Garchomp|0 fnt
|faint|p1b: Garchomp
|
|win|Baronismo
|raw|sturmkitten69's rating: 1190 → 1172(-18 for losing)
|raw|Baronismo's rating: 1292 → 1310(+18 for winning)
|c|☆sturmkitten69|meow meow meow
