|j|☆Harridino
|j|☆Lucia_Tortuga
|html|HarridinoLucia_Tortuga    
|uhtml|bestof|Game 2 of a best-of-3
|t:|1756509932
|gametype|doubles
|player|p1|Harridino|pokemaniac|
|player|p2|Lucia_Tortuga|drasna|
|gen|9
|tier|[Gen 9] VGC 2025 Reg H (Bo3)
|rule|Tera Type Preview: Tera Types are shown at Team Preview
|rule|Species Clause: Limit one of each Pokémon
|rule|Item Clause: Limit 1 of each item
|raw|2 custom rules: Tera Type Preview, !Force Open Team Sheets
|clearpoke
|poke|p1|Torkoal, L50, F|
|poke|p1|Jumpluff, L50, F|
|poke|p1|Charizard, L50, M|
|poke|p1|Reuniclus, L50, M|
|poke|p1|Ursaluna, L50, M|
|poke|p1|Indeedee-F, L50, F|
|poke|p2|Meowstic, L50, M|
|poke|p2|Scrafty, L50, F|
|poke|p2|Emboar, L50, M|
|poke|p2|Metagross, L50|
|poke|p2|Dragapult, L50, F|
|poke|p2|Baxcalibur, L50, M|
|raw|Harridino's Tera Types: /  /  /  /  / 
|raw|Lucia_Tortuga's Tera Types: /  /  /  /  / 
|teampreview|4
|j| Jewelpet2002
|c|☆Harridino|glhf
|
|t:|1756509968
|teamsize|p1|4
|teamsize|p2|4
|start
|switch|p1a: Bonnie|Indeedee-F, L50, F, shiny|100/100
|switch|p1b: Balloon Boy|Reuniclus, L50, M|100/100
|switch|p2a: Scrafty|Scrafty, L50, F|100/100
|switch|p2b: Dragapult|Dragapult, L50, F|100/100
|-fieldstart|move: Psychic Terrain|[from] ability: Psychic Surge|[of] p1a: Bonnie
|-ability|p2a: Scrafty|Intimidate|boost
|-unboost|p1a: Bonnie|atk|1
|-unboost|p1b: Balloon Boy|atk|1
|turn|1
|j| yellow juice
|
|t:|1756509982
|move|p1a: Bonnie|Follow Me|p1a: Bonnie
|-singleturn|p1a: Bonnie|move: Follow Me
|move|p2b: Dragapult|U-turn|p1a: Bonnie
|-supereffective|p1a: Bonnie
|-damage|p1a: Bonnie|67/100
|
|t:|1756509988
|switch|p2b: Meowstic|Meowstic, L50, M|100/100|[from] U-turn
|move|p2a: Scrafty|Knock Off|p1a: Bonnie
|-supereffective|p1a: Bonnie
|-damage|p1a: Bonnie|6/100
|-enditem|p1a: Bonnie|Sitrus Berry|[from] move: Knock Off|[of] p2a: Scrafty
|move|p1b: Balloon Boy|Trick Room|p1b: Balloon Boy
|-fieldstart|move: Trick Room|[of] p1b: Balloon Boy
|
|upkeep
|turn|2
|
|t:|1756510039
|move|p1b: Balloon Boy|Shadow Ball|p2b: Meowstic
|-supereffective|p2b: Meowstic
|-enditem|p2b: Meowstic|Focus Sash
|-damage|p2b: Meowstic|1/100
|move|p2a: Scrafty|Snarl|p1a: Bonnie|[spread] p1a,p1b
|-supereffective|p1a: Bonnie
|-supereffective|p1b: Balloon Boy
|-damage|p1a: Bonnie|0 fnt
|-damage|p1b: Balloon Boy|87/100
|-unboost|p1b: Balloon Boy|spa|1
|faint|p1a: Bonnie
|move|p2b: Meowstic|Trick Room|p2b: Meowstic
|-fieldend|move: Trick Room
|
|upkeep
|
|t:|1756510047
|switch|p1a: Freddy|Ursaluna, L50, M, shiny|100/100
|turn|3
|
|t:|1756510085
|-terastallize|p1a: Freddy|Fairy
|move|p1b: Balloon Boy|Protect|p1b: Balloon Boy
|-singleturn|p1b: Balloon Boy|Protect
|move|p2b: Meowstic|Dark Pulse|p1b: Balloon Boy
|-activate|p1b: Balloon Boy|move: Protect
|move|p1a: Freddy|Earthquake|p2b: Meowstic|[spread] p2a,p2b
|-activate|p1b: Balloon Boy|move: Protect
|-damage|p2a: Scrafty|69/100
|-damage|p2b: Meowstic|0 fnt
|faint|p2b: Meowstic
|move|p2a: Scrafty|Knock Off|p1b: Balloon Boy
|-activate|p1b: Balloon Boy|move: Protect
|
|-status|p1a: Freddy|brn|[from] item: Flame Orb
|upkeep
|
|t:|1756510091
|switch|p2b: Metagross|Metagross, L50|100/100
|turn|4
|
|t:|1756510124
|-terastallize|p2b: Metagross|Water
|move|p2b: Metagross|Heavy Slam|p1a: Freddy
|-supereffective|p1a: Freddy
|-damage|p1a: Freddy|48/100 brn
|move|p1a: Freddy|Facade|p2b: Metagross
|-damage|p2b: Metagross|0 fnt
|faint|p2b: Metagross
|move|p2a: Scrafty|Knock Off|p1b: Balloon Boy
|-supereffective|p1b: Balloon Boy
|-damage|p1b: Balloon Boy|17/100
|-enditem|p1b: Balloon Boy|Life Orb|[from] move: Knock Off|[of] p2a: Scrafty
|move|p1b: Balloon Boy|Shadow Ball|p2a: Scrafty
|-resisted|p2a: Scrafty
|-crit|p2a: Scrafty
|-damage|p2a: Scrafty|48/100
|-enditem|p2a: Scrafty|Sitrus Berry|[eat]
|-heal|p2a: Scrafty|73/100|[from] item: Sitrus Berry
|
|-damage|p1a: Freddy|43/100 brn|[from] brn
|upkeep
|
|t:|1756510128
|switch|p2b: Dragapult|Dragapult, L50, F|100/100
|turn|5
|
|t:|1756510152
|move|p2b: Dragapult|Shadow Ball|p1a: Freddy
|-damage|p1a: Freddy|9/100 brn
|move|p1a: Freddy|Earthquake|p2b: Dragapult|[spread] p1b,p2a,p2b
|-damage|p1b: Balloon Boy|0 fnt
|-damage|p2a: Scrafty|30/100
|-damage|p2b: Dragapult|2/100
|faint|p1b: Balloon Boy
|move|p2a: Scrafty|Knock Off|p1a: Freddy
|-resisted|p1a: Freddy
|-damage|p1a: Freddy|0 fnt
|-enditem|p1a: Freddy|Flame Orb|[from] move: Knock Off|[of] p2a: Scrafty
|faint|p1a: Freddy
|
|-fieldend|move: Psychic Terrain
|upkeep
|
|t:|1756510159
|switch|p1b: Chica|Torkoal, L50, F, shiny|100/100
|-weather|SunnyDay|[from] ability: Drought|[of] p1b: Chica
|turn|6
|
|t:|1756510173
|move|p2b: Dragapult|Shadow Ball|p1b: Chica
|-damage|p1b: Chica|52/100
|move|p2a: Scrafty|Knock Off|p1b: Chica
|-damage|p1b: Chica|29/100
|-enditem|p1b: Chica|Eject Pack|[from] move: Knock Off|[of] p2a: Scrafty
|move|p1b: Chica|Eruption|p2a: Scrafty|[spread] p2a,p2b
|-resisted|p2b: Dragapult
|-damage|p2a: Scrafty|10/100
|-damage|p2b: Dragapult|0 fnt
|faint|p2b: Dragapult
|
|-weather|SunnyDay|[upkeep]
|upkeep
|turn|7
|
|t:|1756510187
|move|p2a: Scrafty|Drain Punch|p1b: Chica
|-damage|p1b: Chica|10/100
|-heal|p2a: Scrafty|20/100|[from] drain|[of] p1b: Chica
|move|p1b: Chica|Earth Power|p2a: Scrafty
|-damage|p2a: Scrafty|0 fnt
|faint|p2a: Scrafty
|
|win|Harridino
|c|☆Lucia_Tortuga|gg
|c|☆Harridino|ggs
|l| yellow juice
|c| Jewelpet2002|gg
|l| Jewelpet2002
