|j|☆akabaki
|j|☆Rin Itachi
|html|akabakiRin Itachi    
|uhtml|bestof|Game 2 of a best-of-3
|t:|1756055105
|gametype|doubles
|player|p1|akabaki|266|1233
|player|p2|Rin Itachi|lacey|1374
|gen|9
|tier|[Gen 9] VGC 2025 Reg H (Bo3)
|rated|
|rule|Species Clause: Limit one of each Pokémon
|rule|Item Clause: Limit 1 of each item
|clearpoke
|poke|p1|Gholdengo, L50|
|poke|p1|Hydreigon, L50, F|
|poke|p1|Talonflame, L50, M|
|poke|p1|Sneasler, L50, F|
|poke|p1|Clefable, L50, M|
|poke|p1|Garchomp, L50, M|
|poke|p2|Kingambit, L50, F|
|poke|p2|Volcarona, L50, M|
|poke|p2|Annihilape, L50, F|
|poke|p2|Rillaboom, L50, F|
|poke|p2|Electabuzz, L50, M|
|poke|p2|Dragonite, L50, M|
|teampreview|4
|showteam|p1|Gholdengo||Leftovers|GoodasGold|MakeItRain,ShadowBall,NastyPlot,Protect||||||50|,,,,,Water]Hydreigon||ChoiceSpecs|Levitate|DracoMeteor,DarkPulse,Snarl,HeatWave|||F|||50|,,,,,Fire]Talonflame||CovertCloak|GaleWings|DualWingbeat,Tailwind,Taunt,WillOWisp|||M|||50|,,,,,Grass]Sneasler||WhiteHerb|Unburden|DireClaw,CloseCombat,ThroatChop,Protect|||F|||50|,,,,,Dark]Clefable||SitrusBerry|Unaware|Moonblast,Protect,FollowMe,SunnyDay|||M|||50|,,,,,Water]Garchomp||LifeOrb|RoughSkin|DragonClaw,StompingTantrum,Earthquake,Protect|||M|||50|,,,,,Steel
|showteam|p2|Kingambit||BlackGlasses|Defiant|KowtowCleave,SuckerPunch,Protect,SwordsDance|||F|||50|,,,,,Dark]Volcarona||CovertCloak|FlameBody|TeraBlast,HeatWave,WillOWisp,QuiverDance|||M|||50|,,,,,Fairy]Annihilape||SafetyGoggles|Defiant|CloseCombat,RageFist,Coaching,FinalGambit|||F|||50|,,,,,Water]Rillaboom||AssaultVest|GrassySurge|WoodHammer,GrassyGlide,FakeOut,KnockOff|||F|||50|,,,,,Fire]Electabuzz||Eviolite|VitalSpirit|Thunderbolt,HelpingHand,Protect,FollowMe|||M|||50|,,,,,Ghost]Dragonite||LoadedDice|Multiscale|ScaleShot,StompingTantrum,Protect,Haze|||M|||50|,,,,,Ground
|inactive|Battle timer is ON: inactive players will automatically lose when time's up. (requested by akabaki)
|inactive|akabaki has 60 seconds left.
|
|t:|1756055150
|teamsize|p1|4
|teamsize|p2|4
|start
|switch|p1a: Garchomp|Garchomp, L50, M|100/100
|switch|p1b: Talonflame|Talonflame, L50, M|100/100
|switch|p2a: Kingambit|Kingambit, L50, F|100/100
|switch|p2b: Electabuzz|Electabuzz, L50, M|100/100
|turn|1
|inactive|akabaki has 30 seconds left.
|
|t:|1756055177
|-terastallize|p2a: Kingambit|Dark
|move|p2b: Electabuzz|Protect|p2b: Electabuzz
|-singleturn|p2b: Electabuzz|Protect
|move|p1b: Talonflame|Will-O-Wisp|p2b: Electabuzz
|-activate|p2b: Electabuzz|move: Protect
|move|p1a: Garchomp|Earthquake|p2a: Kingambit|[spread] p2a
|-activate|p2b: Electabuzz|move: Protect
|-immune|p1b: Talonflame
|-damage|p2a: Kingambit|60/100
|-damage|p1a: Garchomp|91/100|[from] item: Life Orb
|move|p2a: Kingambit|Swords Dance|p2a: Kingambit
|-boost|p2a: Kingambit|atk|2
|
|upkeep
|turn|2
|inactive|akabaki has 30 seconds left.
|inactive|akabaki has 20 seconds left.
|inactive|akabaki has 15 seconds left.
|
|t:|1756055221
|switch|p1b: Clefable|Clefable, L50, M|100/100
|move|p1a: Garchomp|Protect|p1a: Garchomp
|-singleturn|p1a: Garchomp|Protect
|move|p2b: Electabuzz|Follow Me|p2b: Electabuzz
|-singleturn|p2b: Electabuzz|move: Follow Me
|move|p2a: Kingambit|Sucker Punch||[still]
|-fail|p2a: Kingambit
|
|upkeep
|turn|3
|inactive|akabaki has 30 seconds left.
|
|t:|1756055253
|switch|p2b: Rillaboom|Rillaboom, L50, F|100/100
|-fieldstart|move: Grassy Terrain|[from] ability: Grassy Surge|[of] p2b: Rillaboom
|move|p2a: Kingambit|Protect|p2a: Kingambit
|-singleturn|p2a: Kingambit|Protect
|move|p1a: Garchomp|Stomping Tantrum|p2b: Rillaboom
|-resisted|p2b: Rillaboom
|-damage|p2b: Rillaboom|77/100
|-damage|p1a: Garchomp|81/100|[from] item: Life Orb
|move|p1b: Clefable|Moonblast|p2a: Kingambit
|-activate|p2a: Kingambit|move: Protect
|
|-heal|p1a: Garchomp|87/100|[from] Grassy Terrain
|-heal|p2b: Rillaboom|83/100|[from] Grassy Terrain
|-heal|p2a: Kingambit|66/100|[from] Grassy Terrain
|upkeep
|turn|4
|inactive|akabaki has 30 seconds left.
|
|t:|1756055288
|move|p1a: Garchomp|Protect|p1a: Garchomp
|-singleturn|p1a: Garchomp|Protect
|move|p2a: Kingambit|Sucker Punch|p1b: Clefable
|-resisted|p1b: Clefable
|-damage|p1b: Clefable|69/100
|move|p2b: Rillaboom|Wood Hammer|p1b: Clefable
|-damage|p1b: Clefable|0 fnt
|faint|p1b: Clefable
|-damage|p2b: Rillaboom|61/100|[from] Recoil
|
|-heal|p1a: Garchomp|93/100|[from] Grassy Terrain
|-heal|p2b: Rillaboom|67/100|[from] Grassy Terrain
|-heal|p2a: Kingambit|72/100|[from] Grassy Terrain
|upkeep
|
|t:|1756055303
|switch|p1b: Talonflame|Talonflame, L50, M|100/100
|turn|5
|
|t:|1756055317
|switch|p2b: Electabuzz|Electabuzz, L50, M|100/100
|move|p1b: Talonflame|Dual Wingbeat|p2b: Electabuzz
|-resisted|p2b: Electabuzz
|-damage|p2b: Electabuzz|94/100
|-resisted|p2b: Electabuzz
|-damage|p2b: Electabuzz|86/100
|-hitcount|p2b: Electabuzz|2
|move|p2a: Kingambit|Sucker Punch|p1a: Garchomp
|-damage|p1a: Garchomp|0 fnt
|-damage|p2a: Kingambit|60/100|[from] ability: Rough Skin|[of] p1a: Garchomp
|faint|p1a: Garchomp
|
|-heal|p2b: Electabuzz|92/100|[from] Grassy Terrain
|-heal|p2a: Kingambit|66/100|[from] Grassy Terrain
|upkeep
|-message|akabaki forfeited.
|
|win|Rin Itachi
|raw|akabaki's rating: 1233 → 1218(-15 for losing)
|raw|Rin Itachi's rating: 1374 → 1386(+12 for winning)
|l|☆akabaki
|player|p1|
