|j|☆Aeon_Twins
|j|☆Funes Buque
|html|Aeon_TwinsFunes Buque    
|uhtml|bestof|Game 1 of a best-of-3
|t:|1782415487
|gametype|doubles
|player|p1|Aeon_Twins|n|1122
|player|p2|Funes Buque|firebreather|1084
|gen|9
|tier|[Gen 9 Champions] VGC 2026 Reg M-B (Bo3)
|rated|
|rule|Species Clause: Limit one of each Pokémon
|rule|Item Clause: Limit 1 of each item
|clearpoke
|poke|p1|Raichu, L50, F|
|poke|p1|Mawile, L50, M|
|poke|p1|Sinistcha, L50|
|poke|p1|Ceruledge, L50, F|
|poke|p1|Milotic, L50, F|
|poke|p1|Incineroar, L50, M|
|poke|p2|Ninetales-Alola, L50, M|
|poke|p2|Aerodactyl, L50, F|
|poke|p2|Annihilape, L50, F|
|poke|p2|Maushold-Four, L50|
|poke|p2|Delphox, L50, F|
|poke|p2|Garchomp, L50, M|
|teampreview|4
|showteam|p1|Raichu||RaichuniteY|LightningRod|ZapCannon,FocusBlast,FakeOut,Protect|Timid||F|||50|]Mawile||Mawilite|HyperCutter|PlayRough,SuckerPunch,SwordsDance,Protect|Adamant||M|||50|]Sinistcha||KasibBerry|Hospitality|MatchaGotcha,LifeDew,RagePowder,Protect|Relaxed|||||50|]Ceruledge||ColburBerry|FlashFire|BitterBlade,ShadowSneak,BulkUp,Protect|Adamant||F|||50|]Milotic||Leftovers|Competitive|MuddyWater,Coil,Hypnosis,Protect|Calm||F|||50|]Incineroar||SitrusBerry|Intimidate|FlareBlitz,ThroatChop,FakeOut,PartingShot|Impish||M|||50|
|showteam|p2|Ninetales-Alola||NeverMeltIce|SnowWarning|Blizzard,FreezeDry,Protect,Encore|Timid||M|||50|]Aerodactyl||Aerodactylite|RockHead|RockSlide,Tailwind,Protect,DualWingbeat|Jolly||F|||50|]Annihilape||SitrusBerry|Defiant|RageFist,Protect,BulkUp,DrainPunch|Jolly||F|||50|]Maushold-Four||ChopleBerry|FriendGuard|BeatUp,FollowMe,Protect,SuperFang|Timid|||||50|]Delphox||Delphoxite|Blaze|HeatWave,Psychic,Protect,NastyPlot|Timid||F|||50|]Garchomp||ChoiceScarf|RoughSkin|StompingTantrum,Earthquake,DragonClaw,RockSlide|Adamant||M|||50|
|inactive|Battle timer is ON: inactive players will automatically lose when time's up. (requested by Funes Buque)
|inactive|Aeon_Twins has 60 seconds left.
|inactive|Aeon_Twins has 30 seconds left.
|inactive|Aeon_Twins has 20 seconds left.
|inactive|Aeon_Twins has 15 seconds left.
|
|t:|1782415566
|teamsize|p1|4
|teamsize|p2|4
|start
|switch|p1a: Mawile|Mawile, L50, M|100/100
|switch|p1b: Milotic|Milotic, L50, F|100/100
|switch|p2a: Maushold|Maushold-Four, L50|100/100
|switch|p2b: Annihilape|Annihilape, L50, F|100/100
|turn|1
|inactive|Funes Buque has 30 seconds left.
|
|t:|1782415591
|detailschange|p1a: Mawile|Mawile-Mega, L50, M
|-mega|p1a: Mawile|Mawile|Mawilite
|move|p2a: Maushold|Super Fang|p1b: Milotic
|-damage|p1b: Milotic|50/100y
|move|p2b: Annihilape|Bulk Up|p2b: Annihilape
|-boost|p2b: Annihilape|atk|1
|-boost|p2b: Annihilape|def|1
|move|p1b: Milotic|Coil|p1b: Milotic
|-boost|p1b: Milotic|atk|1
|-boost|p1b: Milotic|def|1
|-boost|p1b: Milotic|accuracy|1
|move|p1a: Mawile|Play Rough|p2b: Annihilape
|-supereffective|p2b: Annihilape|1
|-damage|p2b: Annihilape|18/100
|-enditem|p2b: Annihilape|Sitrus Berry|[eat]
|-heal|p2b: Annihilape|43/100|[from] item: Sitrus Berry
|
|-heal|p1b: Milotic|55/100|[from] item: Leftovers
|upkeep
|turn|2
|inactive|Aeon_Twins has 30 seconds left.
|inactive|Aeon_Twins has 20 seconds left.
|inactive|Aeon_Twins has 15 seconds left.
|
|t:|1782415632
|move|p2a: Maushold|Beat Up|p2b: Annihilape
|-damage|p2b: Annihilape|42/100
|-damage|p2b: Annihilape|41/100
|-damage|p2b: Annihilape|39/100
|-damage|p2b: Annihilape|37/100
|-hitcount|p2b: Annihilape|4
|move|p2b: Annihilape|Rage Fist|p1a: Mawile
|-damage|p1a: Mawile|0 fnt
|faint|p1a: Mawile
|move|p1b: Milotic|Hypnosis|p2b: Annihilape
|-status|p2b: Annihilape|slp|[from] move: Hypnosis
|
|-heal|p1b: Milotic|61/100|[from] item: Leftovers
|upkeep
|
|t:|1782415642
|switch|p1a: Ceruledge|Ceruledge, L50, F|100/100
|turn|3
|inactive|Funes Buque has 30 seconds left.
|
|t:|1782415674
|move|p2a: Maushold|Follow Me|p2a: Maushold
|-singleturn|p2a: Maushold|move: Follow Me
|cant|p2b: Annihilape|slp
|move|p1a: Ceruledge|Bulk Up|p1a: Ceruledge
|-boost|p1a: Ceruledge|atk|1
|-boost|p1a: Ceruledge|def|1
|move|p1b: Milotic|Hypnosis|p2a: Maushold
|-status|p2a: Maushold|slp|[from] move: Hypnosis
|
|-heal|p1b: Milotic|67/100|[from] item: Leftovers
|upkeep
|turn|4
|
|t:|1782415690
|move|p1a: Ceruledge|Protect|p1a: Ceruledge
|-singleturn|p1a: Ceruledge|Protect
|cant|p2a: Maushold|slp
|cant|p2b: Annihilape|slp
|move|p1b: Milotic|Muddy Water|p2a: Maushold|[spread] p2a,p2b
|-damage|p2a: Maushold|70/100 slp
|-damage|p2b: Annihilape|21/100 slp
|
|-heal|p1b: Milotic|73/100|[from] item: Leftovers
|upkeep
|turn|5
|
|t:|1782415701
|cant|p2a: Maushold|slp
|move|p1a: Ceruledge|Shadow Sneak|p2b: Annihilape
|-supereffective|p2b: Annihilape|1
|-damage|p2b: Annihilape|0 fnt
|faint|p2b: Annihilape
|move|p1b: Milotic|Muddy Water|p2a: Maushold
|-damage|p2a: Maushold|32/100 slp
|-unboost|p2a: Maushold|accuracy|1
|
|-heal|p1b: Milotic|79/100|[from] item: Leftovers
|upkeep
|inactive|Funes Buque has 30 seconds left.
|
|t:|1782415728
|switch|p2b: Garchomp|Garchomp, L50, M|100/100
|turn|6
|
|t:|1782415743
|move|p1a: Ceruledge|Protect|p1a: Ceruledge
|-singleturn|p1a: Ceruledge|Protect
|move|p2b: Garchomp|Rock Slide|p1b: Milotic|[spread] p1b
|-activate|p1a: Ceruledge|move: Protect
|-damage|p1b: Milotic|68/100
|-curestatus|p2a: Maushold|slp|[msg]
|move|p2a: Maushold|Super Fang|p1b: Milotic
|-damage|p1b: Milotic|34/100
|move|p1b: Milotic|Hypnosis|p2b: Garchomp|[miss]
|-miss|p1b: Milotic|p2b: Garchomp
|
|-heal|p1b: Milotic|40/100|[from] item: Leftovers
|upkeep
|turn|7
|inactive|Funes Buque has 30 seconds left.
|inactive|Funes Buque has 20 seconds left.
|inactive|Funes Buque has 15 seconds left.
|inactive|Funes Buque has 10 seconds left.
|inactive|Funes Buque has 5 seconds left.
|
|t:|1782415799
|move|p2b: Garchomp|Rock Slide|p1b: Milotic|[spread] p1a,p1b
|-supereffective|p1a: Ceruledge|1
|-damage|p1a: Ceruledge|69/100
|-damage|p1b: Milotic|28/100
|move|p2a: Maushold|Beat Up|p1b: Milotic
|-damage|p1b: Milotic|27/100
|-damage|p1b: Milotic|25/100
|-damage|p1b: Milotic|23/100
|-hitcount|p1b: Milotic|3
|cant|p1a: Ceruledge|flinch
|move|p1b: Milotic|Coil|p1b: Milotic
|-boost|p1b: Milotic|atk|1
|-boost|p1b: Milotic|def|1
|-boost|p1b: Milotic|accuracy|1
|
|-heal|p1b: Milotic|29/100|[from] item: Leftovers
|upkeep
|turn|8
|
|t:|1782415813
|switch|p2a: Aerodactyl|Aerodactyl, L50, F|100/100
|move|p2b: Garchomp|Rock Slide|p1a: Ceruledge|[spread] p1a,p1b
|-supereffective|p1a: Ceruledge|1
|-damage|p1a: Ceruledge|37/100
|-damage|p1b: Milotic|19/100
|move|p1a: Ceruledge|Bitter Blade|p2a: Aerodactyl
|-resisted|p2a: Aerodactyl|1
|-damage|p2a: Aerodactyl|38/100
|-heal|p1a: Ceruledge|63/100|[from] drain|[of] p2a: Aerodactyl
|move|p1b: Milotic|Hypnosis|p2b: Garchomp
|-status|p2b: Garchomp|slp|[from] move: Hypnosis
|
|-heal|p1b: Milotic|25/100|[from] item: Leftovers
|upkeep
|turn|9
|
|t:|1782415834
|detailschange|p2a: Aerodactyl|Aerodactyl-Mega, L50, F
|-mega|p2a: Aerodactyl|Aerodactyl|Aerodactylite
|move|p1a: Ceruledge|Shadow Sneak|p2a: Aerodactyl
|-damage|p2a: Aerodactyl|0 fnt
|faint|p2a: Aerodactyl
|cant|p2b: Garchomp|slp
|move|p1b: Milotic|Muddy Water|p2b: Garchomp
|-damage|p2b: Garchomp|64/100 slp
|-unboost|p2b: Garchomp|accuracy|1
|
|-heal|p1b: Milotic|31/100|[from] item: Leftovers
|upkeep
|-message|Funes Buque forfeited.
|
|win|Aeon_Twins
|l|☆Funes Buque
|player|p2|
||Funes Buque is ready for game 2.
||Aeon_Twins is ready for game 2.
|uhtml|next|Next: Game 2 of 3
