|j|☆Yei_Lai
|j|☆Ayabe0119
|html|Yei_LaiAyabe0119    
|uhtml|bestof|Game 2 of a best-of-3
|t:|1785077492
|gametype|doubles
|player|p1|Yei_Lai|101|
|player|p2|Ayabe0119|unknownf|
|gen|9
|tier|[Gen 9 Champions] VGC 2026 Reg M-B (Bo3)
|rule|Species Clause: Limit one of each Pokémon
|rule|Item Clause: Limit 1 of each item
|clearpoke
|poke|p1|Charizard, L50, M|
|poke|p1|Archaludon, L50, F|
|poke|p1|Venusaur, L50, M|
|poke|p1|Pelipper, L50, F|
|poke|p1|Grimmsnarl, L50, M|
|poke|p1|Basculegion, L50, M|
|poke|p2|Charizard, L50, F|
|poke|p2|Garchomp, L50, M|
|poke|p2|Whimsicott, L50, F|
|poke|p2|Basculegion, L50, M|
|poke|p2|Floette-Eternal, L50, F|
|poke|p2|Kingambit, L50, F|
|teampreview|4
|showteam|p1|Charizard||CharizarditeY|Blaze|HeatWave,WeatherBall,SolarBeam,Protect|Modest||M|||50|]Archaludon||Leftovers|Stamina|ElectroShot,FlashCannon,DragonPulse,Protect|Modest||F|||50|]Venusaur||LifeOrb|Chlorophyll|LeafStorm,SludgeBomb,EarthPower,Protect|Modest||M|||50|]Pelipper||FocusSash|Drizzle|WeatherBall,Hurricane,Tailwind,WideGuard|Timid||F|||50|]Grimmsnarl||LightClay|Prankster|SpiritBreak,PartingShot,Reflect,LightScreen|Careful||M|||50|]Basculegion||ChoiceScarf|Adaptability|WaveCrash,FlipTurn,AquaJet,LastRespects|Jolly||M|||50|
|showteam|p2|Charizard||CharizarditeY|Blaze|HeatWave,SolarBeam,WeatherBall,Protect|Modest||F|||50|]Garchomp||LifeOrb|RoughSkin|DragonClaw,StompingTantrum,RockSlide,Protect|Jolly||M|||50|]Whimsicott||FocusSash|Prankster|Moonblast,Tailwind,Encore,Protect|Timid||F|||50|]Basculegion||MysticWater|Adaptability|WaveCrash,AquaJet,Protect,LastRespects|Adamant||M|||50|]Floette-Eternal||Floettite|FlowerVeil|Moonblast,DazzlingGleam,LightofRuin,Protect|Timid||F|||50|]Kingambit||ChopleBerry|Defiant|KowtowCleave,LowKick,SuckerPunch,IronHead|Adamant||F|||50|
|j| dd9261248
|
|t:|1785077564
|teamsize|p1|4
|teamsize|p2|4
|start
|switch|p1a: Archaludon|Archaludon, L50, F|100/100
|switch|p1b: Grimmsnarl|Grimmsnarl, L50, M|100/100
|switch|p2a: Charizard|Charizard, L50, F|100/100
|switch|p2b: Garchomp|Garchomp, L50, M|100/100
|turn|1
|
|t:|1785077605
|move|p2a: Charizard|Protect|p2a: Charizard
|-singleturn|p2a: Charizard|Protect
|move|p1b: Grimmsnarl|Parting Shot|p2b: Garchomp
|-unboost|p2b: Garchomp|atk|1
|-unboost|p2b: Garchomp|spa|1
|
|t:|1785077610
|switch|p1b: Pelipper|Pelipper, L50, F|100/100|[from] Parting Shot
|-weather|RainDance|[from] ability: Drizzle|[of] p1b: Pelipper
|move|p2b: Garchomp|Stomping Tantrum|p1a: Archaludon
|-supereffective|p1a: Archaludon|1
|-damage|p1a: Archaludon|51/100
|-ability|p1a: Archaludon|Stamina|boost
|-boost|p1a: Archaludon|def|1
|-damage|p2b: Garchomp|90/100|[from] item: Life Orb
|move|p1a: Archaludon|Electro Shot||[still]
|-prepare|p1a: Archaludon|Electro Shot
|-boost|p1a: Archaludon|spa|1
|-anim|p1a: Archaludon|Electro Shot|p2a: Charizard
|-activate|p2a: Charizard|move: Protect
|
|-weather|RainDance|[upkeep]
|-heal|p1a: Archaludon|57/100|[from] item: Leftovers
|upkeep
|turn|2
|
|t:|1785077636
|switch|p1b: Grimmsnarl|Grimmsnarl, L50, M|100/100
|detailschange|p2a: Charizard|Charizard-Mega-Y, L50, F
|-mega|p2a: Charizard|Charizard|Charizardite Y
|-weather|SunnyDay|[from] ability: Drought|[of] p2a: Charizard
|move|p1a: Archaludon|Protect|p1a: Archaludon
|-singleturn|p1a: Archaludon|Protect
|move|p2b: Garchomp|Dragon Claw|p1b: Grimmsnarl
|-immune|p1b: Grimmsnarl
|move|p2a: Charizard|Solar Beam||[still]
|-prepare|p2a: Charizard|Solar Beam
|-anim|p2a: Charizard|Solar Beam|p1b: Grimmsnarl
|-damage|p1b: Grimmsnarl|63/100
|
|-weather|SunnyDay|[upkeep]
|-heal|p1a: Archaludon|63/100|[from] item: Leftovers
|upkeep
|turn|3
|
|t:|1785077662
|switch|p2b: Floette|Floette-Eternal, L50, F|100/100
|switch|p2a: Kingambit|Kingambit, L50, F|100/100
|move|p1b: Grimmsnarl|Parting Shot|p2b: Floette
|-unboost|p2b: Floette|atk|1
|-unboost|p2b: Floette|spa|1
|
|t:|1785077670
|switch|p1b: Venusaur|Venusaur, L50, M|100/100|[from] Parting Shot
|move|p1a: Archaludon|Flash Cannon|p2b: Floette
|-supereffective|p2b: Floette|1
|-damage|p2b: Floette|0 fnt
|faint|p2b: Floette
|
|-weather|SunnyDay|[upkeep]
|-heal|p1a: Archaludon|69/100|[from] item: Leftovers
|upkeep
|
|t:|1785077680
|switch|p2b: Garchomp|Garchomp, L50, M|90/100
|turn|4
|
|t:|1785077714
|move|p2b: Garchomp|Protect|p2b: Garchomp
|-singleturn|p2b: Garchomp|Protect
|move|p1a: Archaludon|Protect|p1a: Archaludon
|-singleturn|p1a: Archaludon|Protect
|move|p1b: Venusaur|Leaf Storm|p2b: Garchomp
|-activate|p2b: Garchomp|move: Protect
|move|p2a: Kingambit|Kowtow Cleave|p1b: Venusaur
|-damage|p1b: Venusaur|35/100
|
|-weather|SunnyDay|[upkeep]
|-heal|p1a: Archaludon|75/100|[from] item: Leftovers
|upkeep
|turn|5
|
|t:|1785077751
|switch|p2b: Charizard|Charizard-Mega-Y, L50, F|100/100
|move|p2a: Kingambit|Sucker Punch|p1b: Venusaur
|-damage|p1b: Venusaur|0 fnt
|faint|p1b: Venusaur
|move|p1a: Archaludon|Dragon Pulse|p2b: Charizard
|-damage|p2b: Charizard|47/100
|
|-weather|SunnyDay|[upkeep]
|-heal|p1a: Archaludon|81/100|[from] item: Leftovers
|upkeep
|
|t:|1785077759
|switch|p1b: Pelipper|Pelipper, L50, F|100/100
|-weather|RainDance|[from] ability: Drizzle|[of] p1b: Pelipper
|turn|6
|
|t:|1785077789
|move|p2b: Charizard|Protect|p2b: Charizard
|-singleturn|p2b: Charizard|Protect
|move|p1b: Pelipper|Tailwind|p1b: Pelipper
|-sidestart|p1: Yei_Lai|move: Tailwind
|move|p1a: Archaludon|Electro Shot||[still]
|-prepare|p1a: Archaludon|Electro Shot
|-boost|p1a: Archaludon|spa|1
|-anim|p1a: Archaludon|Electro Shot|p2a: Kingambit
|-damage|p2a: Kingambit|20/100y
|move|p2a: Kingambit|Kowtow Cleave|p1b: Pelipper
|-damage|p1b: Pelipper|34/100
|
|-weather|RainDance|[upkeep]
|-heal|p1a: Archaludon|87/100|[from] item: Leftovers
|upkeep
|turn|7
|
|t:|1785077807
|switch|p2b: Garchomp|Garchomp, L50, M|90/100
|move|p1b: Pelipper|Weather Ball|p2a: Kingambit
|-damage|p2a: Kingambit|0 fnt
|faint|p2a: Kingambit
|move|p1a: Archaludon|Dragon Pulse|p2b: Garchomp
|-supereffective|p2b: Garchomp|1
|-damage|p2b: Garchomp|0 fnt
|faint|p2b: Garchomp
|
|-weather|RainDance|[upkeep]
|-heal|p1a: Archaludon|93/100|[from] item: Leftovers
|upkeep
|-message|Ayabe0119 forfeited.
|
|win|Yei_Lai
||Yei_Lai is ready for game 3.
||Ayabe0119 is ready for game 3.
|uhtml|next|Next: Game 3 of 3
|l| dd9261248
