|j|☆LeonardPlayz
|j|☆chocokoala vgc
|html|LeonardPlayzchocokoala vgc    
|uhtml|bestof|Game 2 of a best-of-3
|t:|1784111621
|gametype|doubles
|player|p1|LeonardPlayz|hilbert-wonderlauncher|1149
|player|p2|chocokoala vgc|benga|1268
|gen|9
|tier|[Gen 9 Champions] VGC 2026 Reg M-B (Bo3)
|rated|
|rule|Species Clause: Limit one of each Pokémon
|rule|Item Clause: Limit 1 of each item
|clearpoke
|poke|p1|Barbaracle, L50, F|
|poke|p1|Gardevoir, L50, F|
|poke|p1|Volcarona, L50, M|
|poke|p1|Gengar, L50, M|
|poke|p1|Mr. Rime, L50, F|
|poke|p1|Krookodile, L50, M|
|poke|p2|Slowbro, L50, F|
|poke|p2|Appletun, L50, M|
|poke|p2|Incineroar, L50, F|
|poke|p2|Glimmora, L50, M|
|poke|p2|Ninetales-Alola, L50, F|
|poke|p2|Conkeldurr, L50, M|
|teampreview|4
|showteam|p1|Barbaracle||Barbaracite|ToughClaws|RockSlide,BrickBreak,ShellSmash,Protect|Adamant||F|||50|]Gardevoir||Gardevoirite|Telepathy|HyperVoice,Psyshock,Thunderbolt,Protect|Timid||F|||50|]Volcarona||ChartiBerry|FlameBody|Tailwind,Flamethrower,WillOWisp,RagePowder|Timid||M|||50|]Gengar||FocusSash|CursedBody|ShadowBall,SludgeBomb,Taunt,Protect|Timid||M|||50|]Mr. Rime||NeverMeltIce|ScreenCleaner|FakeOut,FreezeDry,Encore,Protect|Timid||F|||50|]Krookodile||ChopleBerry|Intimidate|StoneEdge,HighHorsepower,KnockOff,Protect|Adamant||M|||50|
|showteam|p2|Slowbro||Slowbronite|Regenerator|Psychic,Scald,Protect,TrickRoom|Modest||F|||50|]Appletun||Leftovers|ThickFat|AppleAcid,DragonPulse,Protect,LeechSeed|Sassy||M|||50|]Incineroar||SitrusBerry|Intimidate|FakeOut,PartingShot,FlareBlitz,DarkestLariat|Careful||F|||50|]Glimmora||Glimmoranite|ToxicDebris|PowerGem,SludgeBomb,SpikyShield,EarthPower|Timid||M|||50|]Ninetales-Alola||LightClay|SnowWarning|Blizzard,Moonblast,Protect,AuroraVeil|Timid||F|||50|]Conkeldurr||LifeOrb|IronFist|MachPunch,DrainPunch,Protect,KnockOff|Brave||M|||50|
|inactive|Battle timer is ON: inactive players will automatically lose when time's up. (requested by LeonardPlayz)
|inactive|chocokoala vgc also wants the timer to be on.
|
|t:|1784111640
|teamsize|p1|4
|teamsize|p2|4
|start
|switch|p1a: Mr. Rime|Mr. Rime, L50, F|100/100
|switch|p1b: Gengar|Gengar, L50, M|100/100
|switch|p2a: Glimmora|Glimmora, L50, M|100/100
|switch|p2b: Conkeldurr|Conkeldurr, L50, M|100/100
|turn|1
|
|t:|1784111664
|switch|p1a: Krookodile|Krookodile, L50, M|100/100
|-ability|p1a: Krookodile|Intimidate|boost
|-unboost|p2a: Glimmora|atk|1
|-unboost|p2b: Conkeldurr|atk|1
|move|p1b: Gengar|Taunt|p2a: Glimmora
|-start|p2a: Glimmora|move: Taunt
|move|p2a: Glimmora|Power Gem|p1a: Krookodile
|-resisted|p1a: Krookodile|1
|-damage|p1a: Krookodile|75/100
|move|p2b: Conkeldurr|Knock Off|p1b: Gengar
|-supereffective|p1b: Gengar|1
|-enditem|p1b: Gengar|Focus Sash
|-damage|p1b: Gengar|1/100
|-damage|p2b: Conkeldurr|90/100|[from] item: Life Orb
|
|upkeep
|turn|2
|
|t:|1784111682
|switch|p1b: Mr. Rime|Mr. Rime, L50, F|100/100
|switch|p2a: Incineroar|Incineroar, L50, F|100/100
|-ability|p2a: Incineroar|Intimidate|boost
|-unboost|p1a: Krookodile|atk|1
|-unboost|p1b: Mr. Rime|atk|1
|move|p1a: Krookodile|High Horsepower|p2a: Incineroar
|-supereffective|p2a: Incineroar|1
|-damage|p2a: Incineroar|46/100
|-enditem|p2a: Incineroar|Sitrus Berry|[eat]
|-heal|p2a: Incineroar|71/100|[from] item: Sitrus Berry
|move|p2b: Conkeldurr|Drain Punch|p1a: Krookodile
|-supereffective|p1a: Krookodile|1
|-enditem|p1a: Krookodile|Chople Berry|[eat]
|-enditem|p1a: Krookodile|Chople Berry|[weaken]
|-damage|p1a: Krookodile|18/100
|-heal|p2b: Conkeldurr|100/100|[from] drain|[of] p1a: Krookodile
|-damage|p2b: Conkeldurr|90/100|[from] item: Life Orb
|
|upkeep
|turn|3
|
|t:|1784111703
|move|p1a: Krookodile|Protect|p1a: Krookodile
|-singleturn|p1a: Krookodile|Protect
|move|p1b: Mr. Rime|Encore||[still]
|-fail|p1b: Mr. Rime
|move|p2a: Incineroar|Flare Blitz|p1a: Krookodile
|-activate|p1a: Krookodile|move: Protect
|move|p2b: Conkeldurr|Drain Punch|p1b: Mr. Rime
|-damage|p1b: Mr. Rime|27/100
|-heal|p2b: Conkeldurr|100/100|[from] drain|[of] p1b: Mr. Rime
|-damage|p2b: Conkeldurr|90/100|[from] item: Life Orb
|
|upkeep
|turn|4
|
|t:|1784111726
|move|p2b: Conkeldurr|Mach Punch|p1a: Krookodile
|-supereffective|p1a: Krookodile|1
|-damage|p1a: Krookodile|0 fnt
|faint|p1a: Krookodile
|-damage|p2b: Conkeldurr|80/100|[from] item: Life Orb
|move|p1b: Mr. Rime|Encore|p2b: Conkeldurr
|-start|p2b: Conkeldurr|Encore
|move|p2a: Incineroar|Flare Blitz|p1b: Mr. Rime
|-supereffective|p1b: Mr. Rime|1
|-damage|p1b: Mr. Rime|0 fnt
|faint|p1b: Mr. Rime
|-damage|p2a: Incineroar|63/100|[from] Recoil
|
|upkeep
|
|t:|1784111734
|switch|p1b: Gengar|Gengar, L50, M|1/100
|switch|p1a: Gardevoir|Gardevoir, L50, F|100/100
|turn|5
|
|t:|1784111748
|detailschange|p1a: Gardevoir|Gardevoir-Mega, L50, F
|-mega|p1a: Gardevoir|Gardevoir|Gardevoirite
|move|p2b: Conkeldurr|Mach Punch|p1a: Gardevoir
|-resisted|p1a: Gardevoir|2
|-damage|p1a: Gardevoir|88/100
|-damage|p2b: Conkeldurr|70/100|[from] item: Life Orb
|move|p1b: Gengar|Sludge Bomb|p2a: Incineroar
|-damage|p2a: Incineroar|24/100
|move|p1a: Gardevoir|Hyper Voice|p2b: Conkeldurr|[spread] p2a,p2b
|-supereffective|p2b: Conkeldurr|1
|-damage|p2a: Incineroar|0 fnt
|-damage|p2b: Conkeldurr|0 fnt
|faint|p2a: Incineroar
|faint|p2b: Conkeldurr
|
|upkeep
|
|t:|1784111758
|switch|p2a: Glimmora|Glimmora, L50, M|100/100
|switch|p2b: Ninetales|Ninetales-Alola, L50, F|100/100
|-weather|Snowscape|[from] ability: Snow Warning|[of] p2b: Ninetales
|turn|6
|
|t:|1784111769
|detailschange|p2a: Glimmora|Glimmora-Mega, L50, M
|-mega|p2a: Glimmora|Glimmora|Glimmoranite
|move|p1a: Gardevoir|Protect|p1a: Gardevoir
|-singleturn|p1a: Gardevoir|Protect
|move|p1b: Gengar|Shadow Ball|p2a: Glimmora
|-damage|p2a: Glimmora|55/100
|-unboost|p2a: Glimmora|spd|1
|move|p2b: Ninetales|Blizzard|p1a: Gardevoir|[spread] p1b
|-activate|p1a: Gardevoir|move: Protect
|-damage|p1b: Gengar|0 fnt
|-start|p2b: Ninetales|Disable|Blizzard|[from] ability: Cursed Body|[of] p1b: Gengar
|faint|p1b: Gengar
|move|p2a: Glimmora|Sludge Bomb|p1a: Gardevoir
|-activate|p1a: Gardevoir|move: Protect
|
|-weather|Snowscape|[upkeep]
|upkeep
|turn|7
|
|t:|1784111789
|move|p2b: Ninetales|Moonblast|p1a: Gardevoir
|-damage|p1a: Gardevoir|53/100
|move|p2a: Glimmora|Sludge Bomb|p1a: Gardevoir
|-supereffective|p1a: Gardevoir|1
|-damage|p1a: Gardevoir|0 fnt
|faint|p1a: Gardevoir
|
|win|chocokoala vgc
