|j|☆SeymoursLeftToeVGC
|j|☆Okkito autobusero
|html|SeymoursLeftToeVGCOkkito autobusero    
|uhtml|bestof|Game 1 of a best-of-3
|t:|1782491232
|gametype|doubles
|player|p1|SeymoursLeftToeVGC|ninjaboy|1195
|player|p2|Okkito autobusero|will|1153
|gen|9
|tier|[Gen 9 Champions] VGC 2026 Reg M-B (Bo3)
|rated|
|rule|Species Clause: Limit one of each Pokémon
|rule|Item Clause: Limit 1 of each item
|clearpoke
|poke|p1|Whimsicott, L50, F, shiny|
|poke|p1|Typhlosion-Hisui, L50, F, shiny|
|poke|p1|Farigiraf, L50, M|
|poke|p1|Sceptile, L50, M, shiny|
|poke|p1|Rotom-Wash, L50, shiny|
|poke|p1|Gardevoir, L50, M, shiny|
|poke|p2|Floette-Eternal, L50, F|
|poke|p2|Incineroar, L50, F|
|poke|p2|Sinistcha, L50|
|poke|p2|Ditto, L50|
|poke|p2|Charizard, L50, F|
|poke|p2|Kingambit, L50, F|
|teampreview|4
|showteam|p1|Whimsicott||FocusSash|Prankster|Moonblast,FakeTears,SunnyDay,Tailwind|Modest||F|||50|]Typhlosion-Hisui||Charcoal|Blaze|Eruption,Protect,ShadowBall,HeatWave|Modest||F|||50|]Farigiraf||LifeOrb|ArmorTail|HyperVoice,TwinBeam,Protect,HelpingHand|Modest||M|||50|]Sceptile||Sceptilite|Overgrow|EarthPower,DragonPulse,Detect,EnergyBall|Timid||M|||50|]Rotom-Wash||ChoiceScarf|Levitate|HydroPump,Discharge,VoltSwitch,Thunderbolt|Timid|||||50|]Gardevoir||Gardevoirite|Telepathy|HyperVoice,HyperBeam,Protect,Psychic|Timid||M|||50|
|showteam|p2|Floette-Eternal||Floettite|FlowerVeil|Protect,DazzlingGleam,CalmMind,DrainingKiss|Modest||F|||50|]Incineroar||Charcoal|Intimidate|FakeOut,FlareBlitz,PartingShot,ThroatChop|Adamant||F|||50|]Sinistcha||KasibBerry|Hospitality|StrengthSap,MatchaGotcha,RagePowder,TrickRoom|Calm|||||50|]Ditto||FocusSash|Imposter|Transform|Timid|||||50|]Charizard||CharizarditeX|Blaze|Protect,DragonClaw,FlareBlitz,DragonDance|Adamant||F|||50|]Kingambit||BlackGlasses|Defiant|Protect,SwordsDance,KowtowCleave,SuckerPunch|Adamant||F|||50|
|inactive|Battle timer is ON: inactive players will automatically lose when time's up. (requested by SeymoursLeftToeVGC)
|inactive|Okkito autobusero also wants the timer to be on.
|inactive|SeymoursLeftToeVGC has 60 seconds left.
|inactive|Okkito autobusero has 60 seconds left.
|
|t:|1782491292
|teamsize|p1|4
|teamsize|p2|4
|start
|switch|p1a: Gardevoir|Gardevoir, L50, M, shiny|100/100
|switch|p1b: Whimsicott|Whimsicott, L50, F, shiny|100/100
|switch|p2a: Floette|Floette-Eternal, L50, F|100/100
|switch|p2b: Incineroar|Incineroar, L50, F|100/100
|-ability|p2b: Incineroar|Intimidate|boost
|-unboost|p1a: Gardevoir|atk|1
|-unboost|p1b: Whimsicott|atk|1
|turn|1
|
|t:|1782491316
|switch|p1b: Farigiraf|Farigiraf, L50, M|100/100
|detailschange|p1a: Gardevoir|Gardevoir-Mega, L50, M, shiny
|-mega|p1a: Gardevoir|Gardevoir|Gardevoirite
|move|p2b: Incineroar|Fake Out||[still]
|cant|p1b: Farigiraf|ability: Armor Tail|Fake Out|[of] p2b: Incineroar
|move|p1a: Gardevoir|Hyper Beam|p2a: Floette
|-damage|p2a: Floette|5/100
|-mustrecharge|p1a: Gardevoir
|move|p2a: Floette|Calm Mind|p2a: Floette
|-boost|p2a: Floette|spa|1
|-boost|p2a: Floette|spd|1
|
|upkeep
|turn|2
|
|t:|1782491331
|detailschange|p2a: Floette|Floette-Mega, L50, F
|-mega|p2a: Floette|Floette|Floettite
|-ability|p2a: Floette|Fairy Aura
|cant|p1a: Gardevoir|recharge
|move|p2a: Floette|Draining Kiss|p1a: Gardevoir
|-damage|p1a: Gardevoir|41/100
|-heal|p2a: Floette|40/100|[from] drain|[of] p1a: Gardevoir
|move|p1b: Farigiraf|Hyper Voice|p2a: Floette|[spread] p2a,p2b
|-damage|p2a: Floette|18/100
|-damage|p2b: Incineroar|50/100g
|-damage|p1b: Farigiraf|90/100|[from] item: Life Orb
|move|p2b: Incineroar|Parting Shot|p1b: Farigiraf
|-unboost|p1b: Farigiraf|atk|1
|-unboost|p1b: Farigiraf|spa|1
|
|t:|1782491347
|switch|p2b: Ditto|Ditto, L50|100/100|[from] Parting Shot
|-transform|p2b: Ditto|p1a: Gardevoir|[from] ability: Imposter
|
|upkeep
|turn|3
|inactive|SeymoursLeftToeVGC has 30 seconds left.
|
|t:|1782491381
|move|p1b: Farigiraf|Helping Hand|p1a: Gardevoir
|-singleturn|p1a: Gardevoir|Helping Hand|[of] p1b: Farigiraf
|move|p2b: Ditto|Hyper Voice|p1b: Farigiraf|[spread] p1a,p1b
|-damage|p1a: Gardevoir|0 fnt
|-damage|p1b: Farigiraf|9/100
|faint|p1a: Gardevoir
|move|p2a: Floette|Draining Kiss|p1b: Farigiraf
|-damage|p1b: Farigiraf|0 fnt
|-heal|p2a: Floette|26/100|[from] drain|[of] p1b: Farigiraf
|faint|p1b: Farigiraf
|
|upkeep
|
|t:|1782491393
|switch|p1a: Typhlosion|Typhlosion-Hisui, L50, F, shiny|100/100
|switch|p1b: Whimsicott|Whimsicott, L50, F, shiny|100/100
|turn|4
|inactive|Okkito autobusero has 30 seconds left.
|
|t:|1782491419
|move|p1b: Whimsicott|Tailwind|p1b: Whimsicott
|-sidestart|p1: SeymoursLeftToeVGC|move: Tailwind
|move|p1a: Typhlosion|Eruption|p2a: Floette|[spread] p2a,p2b
|-damage|p2a: Floette|0 fnt
|-damage|p2b: Ditto|34/100
|faint|p2a: Floette
|move|p2b: Ditto|Hyper Voice|p1b: Whimsicott|[spread] p1a,p1b
|-resisted|p1a: Typhlosion|1
|-damage|p1a: Typhlosion|64/100
|-damage|p1b: Whimsicott|21/100
|
|upkeep
|
|t:|1782491429
|switch|p2a: Kingambit|Kingambit, L50, F|100/100
|turn|5
|
|t:|1782491445
|move|p1b: Whimsicott|Sunny Day|p1b: Whimsicott
|-weather|SunnyDay
|move|p2a: Kingambit|Sucker Punch|p1a: Typhlosion
|-supereffective|p1a: Typhlosion|1
|-damage|p1a: Typhlosion|0 fnt
|faint|p1a: Typhlosion
|move|p2b: Ditto|Hyper Voice|p1b: Whimsicott
|-damage|p1b: Whimsicott|0 fnt
|faint|p1b: Whimsicott
|
|win|Okkito autobusero
