|j|â˜†okkoso
|j|â˜†CoffeeMoffee
|html|okkosoCoffeeMoffee    
|uhtml|bestof|Game 2 of a best-of-3
|t:|1756255222
|gametype|doubles
|player|p1|okkoso|waiter-gen4dp|1000
|player|p2|CoffeeMoffee|dawn|1000
|gen|9
|tier|[Gen 9] VGC 2025 Reg H (Bo3)
|rated|
|rule|Species Clause: Limit one of each PokÃ©mon
|rule|Item Clause: Limit 1 of each item
|clearpoke
|poke|p1|Incineroar, L50, F|
|poke|p1|Gholdengo, L50|
|poke|p1|Dragonite, L50, F|
|poke|p1|Amoonguss, L50, F|
|poke|p1|Ursaluna-Bloodmoon, L50, M|
|poke|p1|Sneasler, L50, F|
|poke|p2|Dragonite, L50, F|
|poke|p2|Gholdengo, L50|
|poke|p2|Sneasler, L50, M|
|poke|p2|Rillaboom, L50, M|
|poke|p2|Whimsicott, L50, M|
|poke|p2|Indeedee-F, L50, F|
|teampreview|4
|showteam|p1|Incineroar||SafetyGoggles|Intimidate|FlareBlitz,KnockOff,PartingShot,FakeOut|||F|||50|,,,,,Ghost]Gholdengo||LifeOrb|GoodasGold|MakeItRain,ShadowBall,NastyPlot,Protect||||||50|,,,,,Water]Dragonite||LoadedDice|Multiscale|ScaleShot,Tailwind,Haze,Protect|||F|||50|,,,,,Fairy]Amoonguss||SitrusBerry|Regenerator|Spore,RagePowder,PollenPuff,Protect|||F|||50|,,,,,Psychic]Ursaluna-Bloodmoon||AssaultVest|MindsEye|HyperVoice,BloodMoon,EarthPower,VacuumWave|||M|||50|,,,,,Water]Sneasler||FocusSash|Unburden|CloseCombat,DireClaw,ThroatChop,Protect|||F|||50|,,,,,Stellar
|showteam|p2|Dragonite||LoadedDice|Multiscale|ScaleShot,IceSpinner,TeraBlast,Protect|||F|||50|,,,,,Flying]Gholdengo||LifeOrb|GoodasGold|MakeItRain,DazzlingGleam,ShadowBall,Protect||||||50|,,,,,Fairy]Sneasler||GrassySeed|Unburden|CloseCombat,DireClaw,ThroatChop,Protect|||M|||50|,,,,,Ghost]Rillaboom||AssaultVest|GrassySurge|FakeOut,WoodHammer,HighHorsepower,Uturn|||M|||50|,,,,,Fire]Whimsicott||FocusSash|Prankster|Tailwind,Encore,Charm,Moonblast|||M|||50|,,,,,Dark]Indeedee-F||PsychicSeed|PsychicSurge|FollowMe,TrickRoom,Psychic,Protect|||F|||50|,,,,,Psychic
|
|t:|1756255243
|teamsize|p1|4
|teamsize|p2|4
|start
|switch|p1a: Incineroar|Incineroar, L50, F|100/100
|switch|p1b: Sneasler|Sneasler, L50, F|100/100
|switch|p2a: Dragonite|Dragonite, L50, F, shiny|100/100
|switch|p2b: Whimsicott|Whimsicott, L50, M, shiny|100/100
|-ability|p1a: Incineroar|Intimidate|boost
|-unboost|p2a: Dragonite|atk|1
|-unboost|p2b: Whimsicott|atk|1
|turn|1
|
|t:|1756255265
|move|p2a: Dragonite|Protect|p2a: Dragonite
|-singleturn|p2a: Dragonite|Protect
|move|p1a: Incineroar|Fake Out|p2b: Whimsicott
|-damage|p2b: Whimsicott|84/100
|cant|p2b: Whimsicott|flinch
|move|p1b: Sneasler|Dire Claw|p2b: Whimsicott
|-supereffective|p2b: Whimsicott
|-damage|p2b: Whimsicott|0 fnt
|faint|p2b: Whimsicott
|
|upkeep
|inactive|Battle timer is ON: inactive players will automatically lose when time's up. (requested by okkoso)
|c|â˜†okkoso|Hi?
|c|â˜†CoffeeMoffee|How did incin's fake out out-speed whim's prankster tailwind? whim should've been faster, I thought
|
|t:|1756255352
|switch|p2b: Rillaboom|Rillaboom, L50, M, shiny|100/100
|-fieldstart|move: Grassy Terrain|[from] ability: Grassy Surge|[of] p2b: Rillaboom
|turn|2
|c|â˜†okkoso|I broke your focus sash
|inactive|okkoso has 30 seconds left.
|
|t:|1756255386
|move|p2b: Rillaboom|Fake Out|p1b: Sneasler
|-damage|p1b: Sneasler|76/100
|cant|p1b: Sneasler|flinch
|move|p2a: Dragonite|Scale Shot|p1b: Sneasler
|-damage|p1b: Sneasler|58/100
|-damage|p1b: Sneasler|41/100
|-damage|p1b: Sneasler|24/100
|-damage|p1b: Sneasler|8/100
|-hitcount|p1b: Sneasler|4
|-unboost|p2a: Dragonite|def|1
|-boost|p2a: Dragonite|spe|1
|move|p1a: Incineroar|Flare Blitz|p2b: Rillaboom
|-supereffective|p2b: Rillaboom
|-damage|p2b: Rillaboom|18/100
|-damage|p1a: Incineroar|73/100|[from] Recoil
|
|-heal|p1b: Sneasler|13/100|[from] Grassy Terrain
|-heal|p2b: Rillaboom|24/100|[from] Grassy Terrain
|-heal|p1a: Incineroar|79/100|[from] Grassy Terrain
|upkeep
|turn|3
|inactive|okkoso has 30 seconds left.
|inactive|CoffeeMoffee has 30 seconds left.
|inactive|okkoso has 20 seconds left.
|inactive|okkoso has 15 seconds left.
|inactive|okkoso has 10 seconds left.
|
|t:|1756255434
|move|p1b: Sneasler|Protect|p1b: Sneasler
|-singleturn|p1b: Sneasler|Protect
|move|p2a: Dragonite|Protect|p2a: Dragonite
|-singleturn|p2a: Dragonite|Protect
|move|p2b: Rillaboom|High Horsepower|p1a: Incineroar
|-supereffective|p1a: Incineroar
|-damage|p1a: Incineroar|25/100
|move|p1a: Incineroar|Flare Blitz|p2b: Rillaboom
|-supereffective|p2b: Rillaboom
|-damage|p2b: Rillaboom|0 fnt
|faint|p2b: Rillaboom
|-damage|p1a: Incineroar|17/100|[from] Recoil
|
|-heal|p1b: Sneasler|19/100|[from] Grassy Terrain
|-heal|p1a: Incineroar|23/100|[from] Grassy Terrain
|upkeep
|
|t:|1756255451
|switch|p2b: Sneasler|Sneasler, L50, M, shiny|100/100
|-enditem|p2b: Sneasler|Grassy Seed
|-boost|p2b: Sneasler|def|1|[from] item: Grassy Seed
|turn|4
|
|t:|1756255470
|switch|p1b: Dragonite|Dragonite, L50, F|100/100
|switch|p1a: Gholdengo|Gholdengo, L50|100/100
|move|p2b: Sneasler|Throat Chop|p1b: Dragonite
|-damage|p1b: Dragonite|84/100
|-start|p1b: Dragonite|Throat Chop|[silent]
|move|p2a: Dragonite|Scale Shot|p1a: Gholdengo
|-resisted|p1a: Gholdengo
|-damage|p1a: Gholdengo|95/100
|-resisted|p1a: Gholdengo
|-damage|p1a: Gholdengo|90/100
|-resisted|p1a: Gholdengo
|-damage|p1a: Gholdengo|85/100
|-resisted|p1a: Gholdengo
|-damage|p1a: Gholdengo|80/100
|-resisted|p1a: Gholdengo
|-damage|p1a: Gholdengo|75/100
|-hitcount|p1a: Gholdengo|5
|-unboost|p2a: Dragonite|def|1
|-boost|p2a: Dragonite|spe|1
|
|-heal|p1a: Gholdengo|81/100|[from] Grassy Terrain
|upkeep
|turn|5
|inactive|CoffeeMoffee has 30 seconds left.
|
|t:|1756255498
|-terastallize|p1b: Dragonite|Fairy
|move|p2b: Sneasler|Close Combat|p1a: Gholdengo
|-immune|p1a: Gholdengo
|move|p2a: Dragonite|Ice Spinner|p1b: Dragonite
|-damage|p1b: Dragonite|61/100
|-fieldend|move: Grassy Terrain
|move|p1a: Gholdengo|Nasty Plot|p1a: Gholdengo
|-boost|p1a: Gholdengo|spa|2
|move|p1b: Dragonite|Scale Shot|p2a: Dragonite
|-supereffective|p2a: Dragonite
|-damage|p2a: Dragonite|69/100
|-supereffective|p2a: Dragonite
|-damage|p2a: Dragonite|13/100
|-supereffective|p2a: Dragonite
|-damage|p2a: Dragonite|0 fnt
|faint|p2a: Dragonite
|-hitcount|p2: Dragonite|3
|-unboost|p1b: Dragonite|def|1
|-boost|p1b: Dragonite|spe|1
|
|-end|p1b: Dragonite|Throat Chop|[silent]
|upkeep
|turn|6
|inactive|okkoso has 30 seconds left.
|inactive|okkoso has 20 seconds left.
|c|â˜†okkoso|Really close combat?? Im phantom
|inactive|okkoso has 15 seconds left.
|inactive|okkoso has 10 seconds left.
|
|t:|1756255545
|move|p2b: Sneasler|Dire Claw|p1b: Dragonite
|-supereffective|p1b: Dragonite
|-damage|p1b: Dragonite|0 fnt
|faint|p1b: Dragonite
|move|p1a: Gholdengo|Make It Rain|p2b: Sneasler
|-damage|p2b: Sneasler|0 fnt
|-unboost|p1a: Gholdengo|spa|1
|faint|p2b: Sneasler
|-damage|p1a: Gholdengo|72/100|[from] item: Life Orb
|
|win|okkoso
|raw|okkoso's rating: 1000 → 1040(+40 for winning)
|raw|CoffeeMoffee's rating: 1000 → 1000(+0 for losing)
