|j|☆NewTrainaOnDaBlock
|j|☆Fervvvvv
|html|NewTrainaOnDaBlockFervvvvv    
|uhtml|bestof|Game 1 of a best-of-3
|t:|1784476860
|gametype|doubles
|player|p1|NewTrainaOnDaBlock|265|
|player|p2|Fervvvvv|bugcatcher-gen4dp|
|gen|9
|tier|[Gen 9 Champions] VGC 2026 Reg M-B (Bo3)
|rule|Species Clause: Limit one of each Pokémon
|rule|Item Clause: Limit 1 of each item
|clearpoke
|poke|p1|Pelipper, L50, F|
|poke|p1|Heracross, L50, F|
|poke|p1|Meowstic, L50, M|
|poke|p1|Florges, L50, F|
|poke|p1|Decidueye-Hisui, L50, F|
|poke|p1|Swampert, L50, M|
|poke|p2|Slowbro, L50, M|
|poke|p2|Hawlucha, L50, M|
|poke|p2|Sinistcha, L50|
|poke|p2|Azumarill, L50, M|
|poke|p2|Meowstic-F, L50, F|
|poke|p2|Vivillon, L50, M|
|teampreview|4
|showteam|p1|Pelipper||SitrusBerry|Drizzle|Hurricane,Tailwind,WeatherBall,Protect|Modest||F|||50|]Heracross||Heracronite|Swarm|BrickBreak,Detect,RockBlast,PinMissile|Adamant||F|||50|]Meowstic||LightClay|Prankster|LightScreen,PsychicNoise,Reflect,TrickRoom|Calm||M|||50|]Florges||Leftovers|FlowerVeil|Moonblast,Trick,DazzlingGleam,PollenPuff|Bold||F|||50|]Decidueye-Hisui||ScopeLens|Scrappy|TripleArrows,Protect,GrassKnot,LeafBlade|Adamant||F|||50|]Swampert||Swampertite|Torrent|Protect,HighHorsepower,IcePunch,WaveCrash|Adamant||M|||50|
|showteam|p2|Slowbro||Slowbronite|Regenerator|NastyPlot,Psychic,BodyPress,Protect|Quiet||M|||50|]Hawlucha||Hawluchanite|Limber|DualWingbeat,CrossChop,SwordsDance,Protect|Adamant||M|||50|]Sinistcha||Leftovers|Hospitality|MatchaGotcha,LifeDew,TrickRoom,Protect|Sassy|||||50|]Azumarill||SitrusBerry|HugePower|BellyDrum,PlayRough,Liquidation,Protect|Adamant||M|||50|]Meowstic-F||LightClay|Infiltrator|Reflect,Thunderbolt,FakeOut,Protect|Timid||F|||50|]Vivillon||FocusSash|FriendGuard|AirSlash,Tailwind,EnergyBall,Protect|Timid||M|||50|
|
|t:|1784477182
|teamsize|p1|4
|teamsize|p2|4
|start
|switch|p1a: Dory|Pelipper, L50, F|100/100
|switch|p1b: Flounder|Heracross, L50, F|100/100
|switch|p2a: Sinistcha|Sinistcha, L50|100/100
|switch|p2b: Slowbro|Slowbro, L50, M|100/100
|-weather|RainDance|[from] ability: Drizzle|[of] p1a: Dory
|turn|1
|
|t:|1784477232
|detailschange|p1b: Flounder|Heracross-Mega, L50, F
|-mega|p1b: Flounder|Heracross|Heracronite
|detailschange|p2b: Slowbro|Slowbro-Mega, L50, M
|-mega|p2b: Slowbro|Slowbro|Slowbronite
|move|p1b: Flounder|Pin Missile|p2b: Slowbro
|-supereffective|p2b: Slowbro|1
|-damage|p2b: Slowbro|79/100
|-supereffective|p2b: Slowbro|1
|-damage|p2b: Slowbro|60/100
|-supereffective|p2b: Slowbro|1
|-damage|p2b: Slowbro|39/100
|-supereffective|p2b: Slowbro|1
|-damage|p2b: Slowbro|17/100
|-supereffective|p2b: Slowbro|1
|-damage|p2b: Slowbro|0 fnt
|faint|p2b: Slowbro
|-hitcount|p2: Slowbro|5
|move|p1a: Dory|Hurricane|p2a: Sinistcha
|-supereffective|p2a: Sinistcha|1
|-damage|p2a: Sinistcha|21/100
|move|p2a: Sinistcha|Trick Room|p2a: Sinistcha
|-fieldstart|move: Trick Room|[of] p2a: Sinistcha
|
|-weather|RainDance|[upkeep]
|-heal|p2a: Sinistcha|27/100|[from] item: Leftovers
|upkeep
|
|t:|1784477251
|switch|p2b: Azumarill|Azumarill, L50, M|100/100
|turn|2
|
|t:|1784477328
|switch|p2a: Meowstic|Meowstic-F, L50, F|100/100
|move|p2b: Azumarill|Play Rough|p1b: Flounder
|-supereffective|p1b: Flounder|1
|-damage|p1b: Flounder|5/100
|move|p1a: Dory|Hurricane|p2a: Meowstic
|-damage|p2a: Meowstic|38/100
|move|p1b: Flounder|Rock Blast|p2b: Azumarill
|-damage|p2b: Azumarill|85/100
|-damage|p2b: Azumarill|72/100
|-damage|p2b: Azumarill|59/100
|-damage|p2b: Azumarill|46/100
|-enditem|p2b: Azumarill|Sitrus Berry|[eat]
|-heal|p2b: Azumarill|71/100|[from] item: Sitrus Berry
|-damage|p2b: Azumarill|58/100
|-hitcount|p2b: Azumarill|5
|
|-weather|RainDance|[upkeep]
|upkeep
|turn|3
|
|t:|1784477397
|move|p1a: Dory|Protect|p1a: Dory
|-singleturn|p1a: Dory|Protect
|move|p1b: Flounder|Detect|p1b: Flounder
|-singleturn|p1b: Flounder|Protect
|move|p2a: Meowstic|Fake Out|p1a: Dory
|-activate|p1a: Dory|move: Protect
|move|p2b: Azumarill|Liquidation|p1b: Flounder
|-activate|p1b: Flounder|move: Protect
|
|-weather|RainDance|[upkeep]
|upkeep
|turn|4
|
|t:|1784477507
|switch|p1b: Jaws|Decidueye-Hisui, L50, F|100/100
|switch|p2a: Sinistcha|Sinistcha, L50|27/100
|-heal|p2b: Azumarill|83/100|[from] ability: Hospitality|[of] p2a: Sinistcha
|move|p2b: Azumarill|Protect|p2b: Azumarill
|-singleturn|p2b: Azumarill|Protect
|move|p1a: Dory|Hurricane|p2a: Sinistcha
|-supereffective|p2a: Sinistcha|1
|-damage|p2a: Sinistcha|0 fnt
|faint|p2a: Sinistcha
|
|-weather|RainDance|[upkeep]
|upkeep
|
|t:|1784477518
|switch|p2a: Meowstic|Meowstic-F, L50, F|38/100
|turn|5
|
|t:|1784477618
|move|p2a: Meowstic|Fake Out|p1a: Dory
|-damage|p1a: Dory|94/100
|move|p2b: Azumarill|Play Rough|p1b: Jaws
|-supereffective|p1b: Jaws|1
|-damage|p1b: Jaws|0 fnt
|faint|p1b: Jaws
|cant|p1a: Dory|flinch
|
|-weather|none
|-fieldend|move: Trick Room
|upkeep
|
|t:|1784477635
|switch|p1b: Moby Dick|Meowstic, L50, M|100/100
|turn|6
|
|t:|1784477682
|move|p1a: Dory|Protect|p1a: Dory
|-singleturn|p1a: Dory|Protect
|move|p1b: Moby Dick|Light Screen|p1b: Moby Dick
|-sidestart|p1: NewTrainaOnDaBlock|move: Light Screen
|move|p2a: Meowstic|Thunderbolt|p1a: Dory
|-activate|p1a: Dory|move: Protect
|move|p2b: Azumarill|Liquidation|p1b: Moby Dick
|-damage|p1b: Moby Dick|48/100
|
|upkeep
|turn|7
|
|t:|1784477764
|move|p1b: Moby Dick|Reflect|p1b: Moby Dick
|-sidestart|p1: NewTrainaOnDaBlock|Reflect
|move|p2a: Meowstic|Thunderbolt|p1a: Dory
|-supereffective|p1a: Dory|2
|-damage|p1a: Dory|0 fnt
|faint|p1a: Dory
|move|p2b: Azumarill|Play Rough|p1b: Moby Dick|[miss]
|-miss|p2b: Azumarill|p1b: Moby Dick
|
|upkeep
|
|t:|1784477774
|switch|p1a: Flounder|Heracross-Mega, L50, F|5/100
|turn|8
|
|t:|1784477819
|move|p2a: Meowstic|Thunderbolt|p1a: Flounder
|-damage|p1a: Flounder|0 fnt
|faint|p1a: Flounder
|move|p1b: Moby Dick|Psychic Noise|p2b: Azumarill
|-damage|p2b: Azumarill|59/100
|-start|p2b: Azumarill|move: Heal Block
|move|p2b: Azumarill|Liquidation|p1b: Moby Dick
|-damage|p1b: Moby Dick|11/100
|-unboost|p1b: Moby Dick|def|1
|
|upkeep
|turn|9
|
|t:|1784477833
|move|p2a: Meowstic|Thunderbolt|p1b: Moby Dick
|-crit|p1b: Moby Dick
|-damage|p1b: Moby Dick|0 fnt
|faint|p1b: Moby Dick
|
|win|Fervvvvv
||NewTrainaOnDaBlock is ready for game 2.
|inactive|Fervvvvv has 30 seconds to confirm battle start!
