|j|☆zweeta
|j|☆snvyy
|html|zweetasnvyy    
|uhtml|bestof|Game 1 of a best-of-3
|t:|1756647781
|gametype|doubles
|player|p1|zweeta|pokekid|1109
|player|p2|snvyy|caitlin|1034
|gen|9
|tier|[Gen 9] VGC 2025 Reg H (Bo3)
|rated|
|rule|Species Clause: Limit one of each Pokémon
|rule|Item Clause: Limit 1 of each item
|clearpoke
|poke|p1|Gholdengo, L50|
|poke|p1|Ursaluna, L50, M|
|poke|p1|Sinistcha, L50|
|poke|p1|Sneasler, L50, F|
|poke|p1|Dragonite, L50, F|
|poke|p1|Incineroar, L50, M|
|poke|p2|Indeedee, L50, M|
|poke|p2|Sneasler, L50, F|
|poke|p2|Excadrill, L50, F|
|poke|p2|Magmar, L50, F|
|poke|p2|Corviknight, L50, F|
|poke|p2|Tyranitar, L50, M|
|teampreview|4
|showteam|p1|Gholdengo||LifeOrb|GoodasGold|MakeItRain,ShadowBall,NastyPlot,Protect||||||50|,,,,,Water]Ursaluna||FlameOrb|Guts|Facade,HeadlongRush,Earthquake,Protect|||M|||50|,,,,,Ghost]Sinistcha||SitrusBerry|Hospitality|MatchaGotcha,LifeDew,RagePowder,TrickRoom||||||50|,,,,,Dark]Sneasler||FocusSash|PoisonTouch|DireClaw,CloseCombat,Coaching,Protect|||F|||50|,,,,,Flying]Dragonite||LoadedDice|Multiscale|ScaleShot,Haze,Tailwind,Protect|||F|||50|,,,,,Fairy]Incineroar||SafetyGoggles|Intimidate|FakeOut,FlareBlitz,KnockOff,PartingShot|||M|||50|,,,,,Ghost
|showteam|p2|Indeedee||ChoiceScarf|PsychicSurge|ExpandingForce,TeraBlast,Trick,Protect|||M|||50|,,,,,Psychic]Sneasler||MentalHerb|Unburden|FakeOut,CloseCombat,DireClaw,Coaching|||F|||50|,,,,,Flying]Excadrill||FocusSash|SandRush|Earthquake,IronHead,SwordsDance,Protect|||F|||50|,,,,,Ground]Magmar||Eviolite|VitalSpirit|HeatWave,FollowMe,HelpingHand,Protect|||F|||50|,,,,,Flying]Corviknight||PsychicSeed|MirrorArmor|BraveBird,PowerTrip,BulkUp,Roost|||F|||50|,,,,,Water]Tyranitar||AssaultVest|SandStream|RockSlide,KnockOff,LowKick,TeraBlast|||M|||50|,,,,,Rock
|inactive|Battle timer is ON: inactive players will automatically lose when time's up. (requested by zweeta)
|inactive|zweeta has 60 seconds left.
|inactive|snvyy has 60 seconds left.
|inactive|zweeta has 30 seconds left.
|inactive|zweeta has 20 seconds left.
|inactive|zweeta has 15 seconds left.
|inactive|zweeta has 10 seconds left.
|
|t:|1756647866
|teamsize|p1|4
|teamsize|p2|4
|start
|switch|p1a: Dragonite|Dragonite, L50, F, shiny|100/100
|switch|p1b: Gholdengo|Gholdengo, L50, shiny|100/100
|switch|p2a: Corviknight|Corviknight, L50, F, shiny|100/100
|switch|p2b: Sneasler|Sneasler, L50, F|100/100
|turn|1
|
|t:|1756647889
|move|p2b: Sneasler|Coaching|p2a: Corviknight
|-boost|p2a: Corviknight|atk|1
|-boost|p2a: Corviknight|def|1
|move|p1b: Gholdengo|Nasty Plot|p1b: Gholdengo
|-boost|p1b: Gholdengo|spa|2
|move|p1a: Dragonite|Scale Shot|p2b: Sneasler
|-damage|p2b: Sneasler|77/100
|-damage|p2b: Sneasler|50/100
|-damage|p2b: Sneasler|25/100
|-damage|p2b: Sneasler|0 fnt
|faint|p2b: Sneasler
|-hitcount|p2: Sneasler|4
|-unboost|p1a: Dragonite|def|1
|-boost|p1a: Dragonite|spe|1
|move|p2a: Corviknight|Bulk Up|p2a: Corviknight
|-boost|p2a: Corviknight|atk|1
|-boost|p2a: Corviknight|def|1
|
|upkeep
|
|t:|1756647907
|switch|p2b: Indeedee|Indeedee, L50, M|100/100
|-fieldstart|move: Psychic Terrain|[from] ability: Psychic Surge|[of] p2b: Indeedee
|-enditem|p2a: Corviknight|Psychic Seed
|-boost|p2a: Corviknight|spd|1|[from] item: Psychic Seed
|turn|2
|
|t:|1756647931
|move|p2b: Indeedee|Trick|p1a: Dragonite
|-activate|p2b: Indeedee|move: Trick|[of] p1a: Dragonite
|-item|p1a: Dragonite|Choice Scarf|[from] move: Trick
|-item|p2b: Indeedee|Loaded Dice|[from] move: Trick
|move|p1a: Dragonite|Tailwind|p1a: Dragonite
|-sidestart|p1: zweeta|move: Tailwind
|move|p1b: Gholdengo|Shadow Ball|p2a: Corviknight
|-damage|p2a: Corviknight|30/100
|-damage|p1b: Gholdengo|91/100|[from] item: Life Orb
|move|p2a: Corviknight|Power Trip|p1b: Gholdengo
|-supereffective|p1b: Gholdengo
|-damage|p1b: Gholdengo|0 fnt
|faint|p1b: Gholdengo
|
|upkeep
|
|t:|1756647939
|switch|p1b: Incineroar|Incineroar, L50, M|100/100
|-ability|p1b: Incineroar|Intimidate|boost
|-ability|p2a: Corviknight|Mirror Armor
|-unboost|p1b: Incineroar|atk|1
|-unboost|p2b: Indeedee|atk|1
|turn|3
|
|t:|1756647955
|switch|p1a: Ursaluna|Ursaluna, L50, M, shiny|100/100
|-terastallize|p2a: Corviknight|Water
|move|p1b: Incineroar|Flare Blitz|p2a: Corviknight
|-resisted|p2a: Corviknight
|-crit|p2a: Corviknight
|-damage|p2a: Corviknight|0 fnt
|faint|p2a: Corviknight
|-damage|p1b: Incineroar|91/100|[from] Recoil
|move|p2b: Indeedee|Expanding Force|p1a: Ursaluna|[spread] p1a
|-immune|p1b: Incineroar
|-damage|p1a: Ursaluna|42/100
|
|-status|p1a: Ursaluna|brn|[from] item: Flame Orb
|upkeep
|
|t:|1756647968
|switch|p2a: Magmar|Magmar, L50, F, shiny|100/100
|turn|4
|
|t:|1756647985
|-terastallize|p1b: Incineroar|Ghost
|move|p2a: Magmar|Follow Me|p2a: Magmar
|-singleturn|p2a: Magmar|move: Follow Me
|move|p1b: Incineroar|Parting Shot|p2a: Magmar
|-unboost|p2a: Magmar|atk|1
|-unboost|p2a: Magmar|spa|1
|
|t:|1756647989
|switch|p1b: Dragonite|Dragonite, L50, F, shiny|100/100|[from] Parting Shot
|move|p1a: Ursaluna|Earthquake|p2b: Indeedee|[spread] p2a,p2b
|-immune|p1b: Dragonite
|-supereffective|p2a: Magmar
|-damage|p2a: Magmar|5/100
|-damage|p2b: Indeedee|0 fnt
|faint|p2b: Indeedee
|
|-damage|p1a: Ursaluna|36/100 brn|[from] brn
|upkeep
|turn|5
|
|t:|1756647998
|move|p1b: Dragonite|Scale Shot|p2a: Magmar
|-damage|p2a: Magmar|0 fnt
|faint|p2a: Magmar
|-hitcount|p2: Magmar|1
|
|win|zweeta
||zweeta is ready for game 2.
||snvyy is ready for game 2.
|uhtml|next|Next: Game 2 of 3
