|j|☆carolchanning
|j|☆Chelicerate1
|html|carolchanningChelicerate1    
|uhtml|bestof|Game 3 of a best-of-3
|t:|1785318255
|gametype|doubles
|player|p1|carolchanning|1|1297
|player|p2|Chelicerate1|ethan|1412
|gen|9
|tier|[Gen 9 Champions] VGC 2026 Reg M-B (Bo3)
|rated|
|rule|Species Clause: Limit one of each Pokémon
|rule|Item Clause: Limit 1 of each item
|clearpoke
|poke|p1|Sinistcha, L50|
|poke|p1|Floette-Eternal, L50, F|
|poke|p1|Maushold, L50|
|poke|p1|Delphox, L50, F|
|poke|p1|Incineroar, L50, F|
|poke|p1|Kingambit, L50, M|
|poke|p2|Grimmsnarl, L50, M|
|poke|p2|Basculegion, L50, M|
|poke|p2|Charizard, L50, F|
|poke|p2|Pelipper, L50, M|
|poke|p2|Venusaur, L50, M|
|poke|p2|Archaludon, L50, M|
|teampreview|4
|showteam|p1|Sinistcha||OccaBerry|Hospitality|MatchaGotcha,RagePowder,TrickRoom,Protect|Bold|||||50|]Floette-Eternal||Floettite|FlowerVeil|Moonblast,DazzlingGleam,CalmMind,Protect|Timid||F|||50|]Maushold||ChopleBerry|FriendGuard|Feint,HelpingHand,FollowMe,Protect|Impish|||||50|]Delphox||Delphoxite|Blaze|HeatWave,Psyshock,NastyPlot,Protect|Timid||F|||50|]Incineroar||SitrusBerry|Intimidate|FakeOut,FlareBlitz,ThroatChop,PartingShot|Impish||F|||50|]Kingambit||LifeOrb|Defiant|KowtowCleave,SuckerPunch,IronHead,LowKick|Adamant||M|||50|
|showteam|p2|Grimmsnarl||LightClay|Prankster|SpiritBreak,PartingShot,Reflect,LightScreen|Sassy||M|||50|]Basculegion||ChoiceScarf|Adaptability|LastRespects,WaveCrash,AquaJet,FlipTurn|Jolly||M|||50|]Charizard||CharizarditeY|Blaze|Protect,HeatWave,WeatherBall,SolarBeam|Modest||F|||50|]Pelipper||SitrusBerry|Drizzle|Hurricane,WeatherBall,Tailwind,WideGuard|Modest||M|||50|]Venusaur||FocusSash|Chlorophyll|SludgeBomb,SleepPowder,EarthPower,Protect|Modest||M|||50|]Archaludon||Leftovers|Stamina|ElectroShot,DragonPulse,FlashCannon,Protect|Calm||M|||50|
|inactive|Battle timer is ON: inactive players will automatically lose when time's up. (requested by Chelicerate1)
|inactive|carolchanning also wants the timer to be on.
|
|t:|1785318266
|teamsize|p1|4
|teamsize|p2|4
|start
|switch|p1a: Floette|Floette-Eternal, L50, F|100/100
|switch|p1b: Incineroar|Incineroar, L50, F|100/100
|switch|p2a: Grimmsnarl|Grimmsnarl, L50, M|100/100
|switch|p2b: Basculegion|Basculegion, L50, M|100/100
|-ability|p1b: Incineroar|Intimidate|boost
|-unboost|p2a: Grimmsnarl|atk|1
|-unboost|p2b: Basculegion|atk|1
|turn|1
|
|t:|1785318288
|switch|p1a: Sinistcha|Sinistcha, L50|100/100
|move|p2a: Grimmsnarl|Reflect|p2a: Grimmsnarl
|-sidestart|p2: Chelicerate1|Reflect
|move|p2b: Basculegion|Flip Turn|p1a: Sinistcha
|-resisted|p1a: Sinistcha|1
|-damage|p1a: Sinistcha|88/100
|
|t:|1785318292
|switch|p2b: Charizard|Charizard, L50, F|100/100|[from] Flip Turn
|move|p1b: Incineroar|Parting Shot|p2b: Charizard
|-unboost|p2b: Charizard|atk|1
|-unboost|p2b: Charizard|spa|1
|
|t:|1785318297
|switch|p1b: Floette|Floette-Eternal, L50, F|100/100|[from] Parting Shot
|
|upkeep
|turn|2
|
|t:|1785318304
|switch|p1a: Incineroar|Incineroar, L50, F|100/100
|-ability|p1a: Incineroar|Intimidate|boost
|-unboost|p2a: Grimmsnarl|atk|1
|-unboost|p2b: Charizard|atk|1
|detailschange|p1b: Floette|Floette-Mega, L50, F
|-mega|p1b: Floette|Floette|Floettite
|-ability|p1b: Floette|Fairy Aura
|detailschange|p2b: Charizard|Charizard-Mega-Y, L50, F
|-mega|p2b: Charizard|Charizard|Charizardite Y
|-weather|SunnyDay|[from] ability: Drought|[of] p2b: Charizard
|move|p2a: Grimmsnarl|Light Screen|p2a: Grimmsnarl
|-sidestart|p2: Chelicerate1|move: Light Screen
|move|p1b: Floette|Calm Mind|p1b: Floette
|-boost|p1b: Floette|spa|1
|-boost|p1b: Floette|spd|1
|move|p2b: Charizard|Weather Ball|p1a: Incineroar
|-resisted|p1a: Incineroar|1
|-damage|p1a: Incineroar|73/100
|
|-weather|SunnyDay|[upkeep]
|upkeep
|turn|3
|
|t:|1785318327
|move|p1b: Floette|Dazzling Gleam|p2b: Charizard|[spread] p2a,p2b
|-supereffective|p2a: Grimmsnarl|1
|-resisted|p2b: Charizard|1
|-damage|p2a: Grimmsnarl|11/100
|-damage|p2b: Charizard|80/100
|move|p2b: Charizard|Heat Wave|p1b: Floette|[spread] p1a,p1b
|-resisted|p1a: Incineroar|1
|-crit|p1a: Incineroar
|-damage|p1a: Incineroar|28/100
|-damage|p1b: Floette|74/100
|-enditem|p1a: Incineroar|Sitrus Berry|[eat]
|-heal|p1a: Incineroar|53/100|[from] item: Sitrus Berry
|move|p1a: Incineroar|Parting Shot|p2a: Grimmsnarl
|-unboost|p2a: Grimmsnarl|atk|1
|-unboost|p2a: Grimmsnarl|spa|1
|
|t:|1785318339
|switch|p1a: Sinistcha|Sinistcha, L50|88/100|[from] Parting Shot
|-heal|p1b: Floette|98/100|[from] ability: Hospitality|[of] p1a: Sinistcha
|move|p2a: Grimmsnarl|Spirit Break|p1b: Floette
|-damage|p1b: Floette|76/100
|-unboost|p1b: Floette|spa|1
|
|-weather|SunnyDay|[upkeep]
|upkeep
|turn|4
|
|t:|1785318357
|switch|p2b: Venusaur|Venusaur, L50, M|100/100
|switch|p1a: Incineroar|Incineroar, L50, F|53/100
|-ability|p1a: Incineroar|Intimidate|boost
|-unboost|p2a: Grimmsnarl|atk|1
|-unboost|p2b: Venusaur|atk|1
|move|p2a: Grimmsnarl|Parting Shot|p1b: Floette
|-unboost|p1b: Floette|atk|1
|-unboost|p1b: Floette|spa|1
|
|t:|1785318366
|switch|p2a: Charizard|Charizard-Mega-Y, L50, F|80/100|[from] Parting Shot
|move|p1b: Floette|Dazzling Gleam|p2b: Venusaur|[spread] p2a,p2b
|-resisted|p2a: Charizard|1
|-resisted|p2b: Venusaur|1
|-damage|p2a: Charizard|70/100
|-damage|p2b: Venusaur|87/100
|
|-weather|SunnyDay|[upkeep]
|upkeep
|turn|5
|
|t:|1785318379
|move|p2b: Venusaur|Protect|p2b: Venusaur
|-singleturn|p2b: Venusaur|Protect
|move|p1b: Floette|Calm Mind|p1b: Floette
|-boost|p1b: Floette|spa|1
|-boost|p1b: Floette|spd|1
|move|p2a: Charizard|Weather Ball|p1b: Floette
|-damage|p1b: Floette|37/100
|move|p1a: Incineroar|Flare Blitz|p2b: Venusaur
|-activate|p2b: Venusaur|move: Protect
|
|-weather|SunnyDay|[upkeep]
|upkeep
|turn|6
|
|t:|1785318393
|move|p1b: Floette|Protect|p1b: Floette
|-singleturn|p1b: Floette|Protect
|move|p2b: Venusaur|Sleep Powder|p1a: Incineroar
|-status|p1a: Incineroar|slp|[from] move: Sleep Powder
|move|p2a: Charizard|Weather Ball|p1b: Floette
|-activate|p1b: Floette|move: Protect
|cant|p1a: Incineroar|slp
|
|-weather|none
|upkeep
|turn|7
|
|t:|1785318404
|switch|p2a: Grimmsnarl|Grimmsnarl, L50, M|11/100
|switch|p1a: Sinistcha|Sinistcha, L50|88/100
|-heal|p1b: Floette|61/100|[from] ability: Hospitality|[of] p1a: Sinistcha
|move|p1b: Floette|Dazzling Gleam|p2a: Grimmsnarl|[spread] p2a,p2b
|-supereffective|p2a: Grimmsnarl|1
|-resisted|p2b: Venusaur|1
|-damage|p2a: Grimmsnarl|0 fnt
|-damage|p2b: Venusaur|69/100
|faint|p2a: Grimmsnarl
|move|p2b: Venusaur|Sleep Powder|p1b: Floette
|-status|p1b: Floette|slp|[from] move: Sleep Powder
|
|upkeep
|
|t:|1785318413
|switch|p2a: Charizard|Charizard-Mega-Y, L50, F|70/100
|-weather|SunnyDay|[from] ability: Drought|[of] p2a: Charizard
|turn|8
|
|t:|1785318419
|switch|p1a: Incineroar|Incineroar, L50, F|53/100 slp
|-ability|p1a: Incineroar|Intimidate|boost
|-unboost|p2a: Charizard|atk|1
|-unboost|p2b: Venusaur|atk|1
|move|p2b: Venusaur|Sludge Bomb|p1b: Floette
|-supereffective|p1b: Floette|1
|-crit|p1b: Floette
|-damage|p1b: Floette|0 fnt
|faint|p1b: Floette
|move|p2a: Charizard|Heat Wave|p1a: Incineroar
|-resisted|p1a: Incineroar|1
|-damage|p1a: Incineroar|13/100 slp
|
|-weather|SunnyDay|[upkeep]
|-sideend|p2: Chelicerate1|Reflect
|upkeep
|-message|carolchanning forfeited.
|
|win|Chelicerate1
|raw|carolchanning's rating: 1297 → 1280(-17 for losing)
|raw|Chelicerate1's rating: 1412 → 1426(+14 for winning)
|l|☆carolchanning
|player|p1|
