|j|☆FreemanGordon
|j|☆Chelicerate1
|html|FreemanGordonChelicerate1    
|uhtml|bestof|Game 1 of a best-of-3
|t:|1784896297
|gametype|doubles
|player|p1|FreemanGordon|169|1293
|player|p2|Chelicerate1|ethan|1220
|gen|9
|tier|[Gen 9 Champions] VGC 2026 Reg M-B (Bo3)
|rated|
|rule|Species Clause: Limit one of each Pokémon
|rule|Item Clause: Limit 1 of each item
|clearpoke
|poke|p1|Metagross, L50|
|poke|p1|Politoed, L50, F|
|poke|p1|Whimsicott, L50, F|
|poke|p1|Annihilape, L50, F|
|poke|p1|Garchomp, L50, F|
|poke|p1|Charizard, L50, F|
|poke|p2|Grimmsnarl, L50, M|
|poke|p2|Basculegion, L50, M|
|poke|p2|Charizard, L50, F|
|poke|p2|Pelipper, L50, M|
|poke|p2|Venusaur, L50, M|
|poke|p2|Archaludon, L50, M|
|teampreview|4
|showteam|p1|Metagross||Metagrossite|ClearBody|IronHead,PsychicFangs,StompingTantrum,Protect|Jolly|||||50|]Politoed||MysticWater|Drizzle|WeatherBall,IceBeam,MuddyWater,Protect|Timid||F|||50|]Whimsicott||FocusSash|Prankster|Moonblast,Tailwind,Encore,Protect|Timid||F|||50|]Annihilape||Leftovers|Defiant|DrainPunch,BulkUp,RageFist,Protect|Jolly||F|||50|]Garchomp||LifeOrb|RoughSkin|PoisonJab,Earthquake,RockSlide,Protect|Jolly||F|||50|]Charizard||CharizarditeY|Blaze|HeatWave,SolarBeam,Protect,WeatherBall|Modest||F|||50|
|showteam|p2|Grimmsnarl||LightClay|Prankster|SpiritBreak,PartingShot,Reflect,LightScreen|Sassy||M|||50|]Basculegion||ChoiceScarf|Adaptability|LastRespects,WaveCrash,AquaJet,FlipTurn|Jolly||M|||50|]Charizard||CharizarditeY|Blaze|Protect,HeatWave,WeatherBall,SolarBeam|Modest||F|||50|]Pelipper||SitrusBerry|Drizzle|Hurricane,WeatherBall,Tailwind,WideGuard|Modest||M|||50|]Venusaur||FocusSash|Chlorophyll|SludgeBomb,SleepPowder,EarthPower,Protect|Modest||M|||50|]Archaludon||Leftovers|Stamina|ElectroShot,DragonPulse,FlashCannon,Protect|Calm||M|||50|
|inactive|Battle timer is ON: inactive players will automatically lose when time's up. (requested by Chelicerate1)
|inactive|FreemanGordon has 60 seconds left.
|inactive|Chelicerate1 has 60 seconds left.
|
|t:|1784896347
|teamsize|p1|4
|teamsize|p2|4
|start
|switch|p1a: Whimsicott|Whimsicott, L50, F|100/100
|switch|p1b: Garchomp|Garchomp, L50, F|100/100
|switch|p2a: Charizard|Charizard, L50, F|100/100
|switch|p2b: Grimmsnarl|Grimmsnarl, L50, M|100/100
|turn|1
|
|t:|1784896365
|detailschange|p2a: Charizard|Charizard-Mega-Y, L50, F
|-mega|p2a: Charizard|Charizard|Charizardite Y
|-weather|SunnyDay|[from] ability: Drought|[of] p2a: Charizard
|move|p2b: Grimmsnarl|Reflect|p2b: Grimmsnarl
|-sidestart|p2: Chelicerate1|Reflect
|move|p1a: Whimsicott|Moonblast|p2b: Grimmsnarl
|-supereffective|p2b: Grimmsnarl|1
|-damage|p2b: Grimmsnarl|34/100
|move|p1b: Garchomp|Rock Slide|p2a: Charizard|[spread] p2a,p2b
|-supereffective|p2a: Charizard|2
|-damage|p2a: Charizard|28/100
|-damage|p2b: Grimmsnarl|16/100
|-damage|p1b: Garchomp|90/100|[from] item: Life Orb
|move|p2a: Charizard|Heat Wave|p1a: Whimsicott|[spread] p1a,p1b
|-supereffective|p1a: Whimsicott|1
|-resisted|p1b: Garchomp|1
|-enditem|p1a: Whimsicott|Focus Sash
|-damage|p1a: Whimsicott|1/100
|-damage|p1b: Garchomp|56/100
|
|-weather|SunnyDay|[upkeep]
|upkeep
|turn|2
|inactive|Chelicerate1 has 30 seconds left.
|
|t:|1784896394
|move|p2a: Charizard|Protect|p2a: Charizard
|-singleturn|p2a: Charizard|Protect
|move|p1a: Whimsicott|Tailwind|p1a: Whimsicott
|-sidestart|p1: FreemanGordon|move: Tailwind
|move|p2b: Grimmsnarl|Light Screen|p2b: Grimmsnarl
|-sidestart|p2: Chelicerate1|move: Light Screen
|move|p1b: Garchomp|Rock Slide|p2a: Charizard|[spread] p2b
|-activate|p2a: Charizard|move: Protect
|-damage|p2b: Grimmsnarl|1/100
|-damage|p1b: Garchomp|46/100|[from] item: Life Orb
|
|-weather|SunnyDay|[upkeep]
|upkeep
|turn|3
|
|t:|1784896410
|switch|p1a: Annihilape|Annihilape, L50, F|100/100
|switch|p2a: Archaludon|Archaludon, L50, M|100/100
|move|p2b: Grimmsnarl|Parting Shot|p1b: Garchomp
|-unboost|p1b: Garchomp|atk|1
|-unboost|p1b: Garchomp|spa|1
|
|t:|1784896415
|switch|p2b: Pelipper|Pelipper, L50, M|100/100|[from] Parting Shot
|-weather|RainDance|[from] ability: Drizzle|[of] p2b: Pelipper
|move|p1b: Garchomp|Rock Slide|p2a: Archaludon|[spread] p2a,p2b
|-resisted|p2a: Archaludon|1
|-supereffective|p2b: Pelipper|1
|-damage|p2a: Archaludon|95/100
|-damage|p2b: Pelipper|78/100
|-ability|p2a: Archaludon|Stamina|boost
|-boost|p2a: Archaludon|def|1
|-damage|p1b: Garchomp|36/100|[from] item: Life Orb
|
|-weather|RainDance|[upkeep]
|-heal|p2a: Archaludon|100/100|[from] item: Leftovers
|upkeep
|turn|4
|
|t:|1784896438
|switch|p1b: Metagross|Metagross, L50|100/100
|move|p1a: Annihilape|Protect|p1a: Annihilape
|-singleturn|p1a: Annihilape|Protect
|move|p2a: Archaludon|Dragon Pulse|p1b: Metagross
|-resisted|p1b: Metagross|1
|-damage|p1b: Metagross|79/100
|move|p2b: Pelipper|Hurricane|p1a: Annihilape
|-activate|p1a: Annihilape|move: Protect
|
|-weather|RainDance|[upkeep]
|upkeep
|turn|5
|
|t:|1784896455
|detailschange|p1b: Metagross|Metagross-Mega, L50
|-mega|p1b: Metagross|Metagross|Metagrossite
|move|p1b: Metagross|Psychic Fangs|p2b: Pelipper
|-sideend|p2: Chelicerate1|Reflect
|-sideend|p2: Chelicerate1|move: Light Screen
|-damage|p2b: Pelipper|14/100
|-enditem|p2b: Pelipper|Sitrus Berry|[eat]
|-heal|p2b: Pelipper|39/100|[from] item: Sitrus Berry
|move|p1a: Annihilape|Rage Fist|p2b: Pelipper
|-damage|p2b: Pelipper|17/100
|move|p2a: Archaludon|Electro Shot||[still]
|-prepare|p2a: Archaludon|Electro Shot
|-boost|p2a: Archaludon|spa|1
|-anim|p2a: Archaludon|Electro Shot|p1b: Metagross
|-damage|p1b: Metagross|29/100
|move|p2b: Pelipper|Hurricane|p1a: Annihilape
|-supereffective|p1a: Annihilape|1
|-damage|p1a: Annihilape|19/100
|
|-weather|RainDance|[upkeep]
|-heal|p1a: Annihilape|25/100|[from] item: Leftovers
|-sideend|p1: FreemanGordon|move: Tailwind
|upkeep
|turn|6
|inactive|FreemanGordon has 30 seconds left.
|
|t:|1784896488
|switch|p2b: Grimmsnarl|Grimmsnarl, L50, M|1/100
|move|p1b: Metagross|Iron Head|p2b: Grimmsnarl
|-supereffective|p2b: Grimmsnarl|1
|-damage|p2b: Grimmsnarl|0 fnt
|faint|p2b: Grimmsnarl
|move|p1a: Annihilape|Bulk Up|p1a: Annihilape
|-boost|p1a: Annihilape|atk|1
|-boost|p1a: Annihilape|def|1
|move|p2a: Archaludon|Electro Shot||[still]
|-prepare|p2a: Archaludon|Electro Shot
|-boost|p2a: Archaludon|spa|1
|-anim|p2a: Archaludon|Electro Shot|p1b: Metagross
|-damage|p1b: Metagross|0 fnt
|faint|p1b: Metagross
|
|-weather|RainDance|[upkeep]
|-heal|p1a: Annihilape|32/100|[from] item: Leftovers
|upkeep
|
|t:|1784896504
|switch|p1b: Whimsicott|Whimsicott, L50, F|1/100
|switch|p2b: Charizard|Charizard-Mega-Y, L50, F|28/100
|-weather|SunnyDay|[from] ability: Drought|[of] p2b: Charizard
|turn|7
|
|t:|1784896525
|move|p1b: Whimsicott|Protect|p1b: Whimsicott
|-singleturn|p1b: Whimsicott|Protect
|move|p1a: Annihilape|Protect|p1a: Annihilape
|-singleturn|p1a: Annihilape|Protect
|move|p2b: Charizard|Protect|p2b: Charizard
|-singleturn|p2b: Charizard|Protect
|move|p2a: Archaludon|Flash Cannon|p1b: Whimsicott
|-activate|p1b: Whimsicott|move: Protect
|
|-weather|SunnyDay|[upkeep]
|-heal|p1a: Annihilape|38/100|[from] item: Leftovers
|upkeep
|turn|8
|
|t:|1784896543
|move|p1b: Whimsicott|Encore|p2b: Charizard
|-start|p2b: Charizard|Encore
|move|p2b: Charizard|Protect||[still]
|-fail|p2b: Charizard
|move|p1a: Annihilape|Drain Punch|p2a: Archaludon
|-supereffective|p2a: Archaludon|1
|-damage|p2a: Archaludon|54/100
|-heal|p1a: Annihilape|59/100|[from] drain|[of] p2a: Archaludon
|-ability|p2a: Archaludon|Stamina|boost
|-boost|p2a: Archaludon|def|1
|move|p2a: Archaludon|Dragon Pulse|p1a: Annihilape
|-damage|p1a: Annihilape|0 fnt
|faint|p1a: Annihilape
|
|-weather|SunnyDay|[upkeep]
|-heal|p2a: Archaludon|60/100|[from] item: Leftovers
|upkeep
|
|t:|1784896557
|switch|p1a: Garchomp|Garchomp, L50, F|36/100
|turn|9
|
|t:|1784896568
|move|p2b: Charizard|Protect|p2b: Charizard
|-singleturn|p2b: Charizard|Protect
|move|p2a: Archaludon|Protect|p2a: Archaludon
|-singleturn|p2a: Archaludon|Protect
|move|p1b: Whimsicott|Moonblast|p2a: Archaludon
|-activate|p2a: Archaludon|move: Protect
|move|p1a: Garchomp|Earthquake|p2b: Charizard|[spread] p1b
|-activate|p2a: Archaludon|move: Protect
|-activate|p2b: Charizard|move: Protect
|-resisted|p1b: Whimsicott|1
|-damage|p1b: Whimsicott|0 fnt
|faint|p1b: Whimsicott
|-damage|p1a: Garchomp|27/100|[from] item: Life Orb
|
|-weather|SunnyDay|[upkeep]
|-heal|p2a: Archaludon|66/100|[from] item: Leftovers
|upkeep
|turn|10
|-message|FreemanGordon forfeited.
|
|win|Chelicerate1
|l|☆FreemanGordon
|player|p1|
||FreemanGordon is ready for game 2.
