|j|☆lolgz
|j|☆mx.mollymarxxx
|html|lolgzmx.mollymarxxx    
|uhtml|bestof|Game 3 of a best-of-3
|t:|1782428153
|gametype|doubles
|player|p1|lolgz|dawn|1130
|player|p2|mx.mollymarxxx|roxie|1073
|gen|9
|tier|[Gen 9 Champions] VGC 2026 Reg M-B (Bo3)
|rated|
|rule|Species Clause: Limit one of each Pokémon
|rule|Item Clause: Limit 1 of each item
|clearpoke
|poke|p1|Mawile, L50, M|
|poke|p1|Sneasler, L50, F|
|poke|p1|Farigiraf, L50, F|
|poke|p1|Ampharos, L50, M|
|poke|p1|Vileplume, L50, M|
|poke|p1|Torkoal, L50, M|
|poke|p2|Vileplume, L50, F, shiny|
|poke|p2|Torkoal, L50, M, shiny|
|poke|p2|Typhlosion-Hisui, L50, F, shiny|
|poke|p2|Farigiraf, L50, F, shiny|
|poke|p2|Incineroar, L50, F, shiny|
|poke|p2|Dragonite, L50, F, shiny|
|teampreview|4
|showteam|p1|Mawile||Mawilite|HyperCutter|PlayRough,SuckerPunch,SwordsDance,Protect|Serious||M|||50|]Sneasler||IronBall|PoisonTouch|FakeOut,DireClaw,CloseCombat,RockTomb|Brave||F|||50|]Farigiraf||SitrusBerry|ArmorTail|TrickRoom,Thunderbolt,Psychic,HelpingHand|Bold||F|||50|]Ampharos||Ampharosite|Static|Thunderbolt,DragonPulse,Protect,FocusBlast|Brave||M|||50|]Vileplume||FocusSash|Chlorophyll|SleepPowder,SludgeBomb,EnergyBall,AfterYou|Timid||M|||50|]Torkoal||Charcoal|Drought|Eruption,WeatherBall,EarthPower,Protect|Quiet||M|||50|
|showteam|p2|Vileplume||ExpertBelt|Chlorophyll|AfterYou,SleepPowder,SludgeBomb,GrassKnot|Timid||F|||50|]Torkoal||Charcoal|Drought|Eruption,WeatherBall,SolarBeam,SunnyDay|Modest||M|||50|]Typhlosion-Hisui||ChoiceScarf|Blaze|Eruption,BurnUp,FocusBlast,ShadowBall|Timid||F|||50|]Farigiraf||MentalHerb|ArmorTail|TrickRoom,HelpingHand,HyperVoice,PsychicNoise|Quiet||F|||50|]Incineroar||SitrusBerry|Intimidate|FakeOut,FlareBlitz,ThroatChop,PartingShot|Adamant||F|||50|]Dragonite||Dragoninite|Multiscale|DracoMeteor,BodyPress,Roost,Protect|Relaxed||F|||50|
|inactive|Battle timer is ON: inactive players will automatically lose when time's up. (requested by lolgz)
|inactive|mx.mollymarxxx also wants the timer to be on.
|
|t:|1782428169
|teamsize|p1|4
|teamsize|p2|4
|start
|switch|p1a: Vileplume|Vileplume, L50, M|100/100
|switch|p1b: Torkoal|Torkoal, L50, M|100/100
|switch|p2a: Torkoal|Torkoal, L50, M, shiny|100/100
|switch|p2b: Vileplume|Vileplume, L50, F, shiny|100/100
|-weather|SunnyDay|[from] ability: Drought|[of] p2a: Torkoal
|turn|1
|
|t:|1782428184
|move|p2b: Vileplume|Sleep Powder|p1b: Torkoal
|-status|p1b: Torkoal|slp|[from] move: Sleep Powder
|move|p1a: Vileplume|After You|p1b: Torkoal
|-activate|p1b: Torkoal|move: After You
|cant|p1b: Torkoal|slp
|move|p2a: Torkoal|Weather Ball|p1a: Vileplume
|-supereffective|p1a: Vileplume|1
|-enditem|p1a: Vileplume|Focus Sash
|-damage|p1a: Vileplume|1/100
|
|-weather|SunnyDay|[upkeep]
|upkeep
|turn|2
|
|t:|1782428198
|move|p1a: Vileplume|Sleep Powder|p2a: Torkoal
|-status|p2a: Torkoal|slp|[from] move: Sleep Powder
|move|p2b: Vileplume|After You|p2a: Torkoal
|-activate|p2a: Torkoal|move: After You
|cant|p2a: Torkoal|slp
|cant|p1b: Torkoal|slp
|
|-weather|SunnyDay|[upkeep]
|upkeep
|turn|3
|c|☆mx.mollymarxxx|how the turns table
|inactive|mx.mollymarxxx has 30 seconds left.
|
|t:|1782428230
|move|p2b: Vileplume|Sludge Bomb|p1a: Vileplume
|-damage|p1a: Vileplume|0 fnt
|faint|p1a: Vileplume
|cant|p2a: Torkoal|slp
|-curestatus|p1b: Torkoal|slp|[msg]
|move|p1b: Torkoal|Eruption|p2b: Vileplume|[spread] p2a,p2b
|-resisted|p2a: Torkoal|1
|-supereffective|p2b: Vileplume|1
|-damage|p2a: Torkoal|46/100 slp
|-damage|p2b: Vileplume|0 fnt
|faint|p2b: Vileplume
|
|-weather|SunnyDay|[upkeep]
|upkeep
|
|t:|1782428242
|switch|p1a: Farigiraf|Farigiraf, L50, F|100/100
|switch|p2b: Incineroar|Incineroar, L50, F, shiny|100/100
|-ability|p2b: Incineroar|Intimidate|boost
|-unboost|p1a: Farigiraf|atk|1
|-unboost|p1b: Torkoal|atk|1
|turn|4
|
|t:|1782428253
|move|p2b: Incineroar|Throat Chop|p1b: Torkoal
|-damage|p1b: Torkoal|67/100
|-start|p1b: Torkoal|Throat Chop|[silent]
|-curestatus|p2a: Torkoal|slp|[msg]
|move|p2a: Torkoal|Eruption|p1b: Torkoal|[spread] p1a,p1b
|-resisted|p1b: Torkoal|1
|-damage|p1a: Farigiraf|59/100
|-damage|p1b: Torkoal|40/100
|move|p1b: Torkoal|Eruption|p2a: Torkoal|[spread] p2a,p2b
|-resisted|p2a: Torkoal|1
|-resisted|p2b: Incineroar|1
|-damage|p2a: Torkoal|23/100
|-damage|p2b: Incineroar|81/100
|move|p1a: Farigiraf|Trick Room|p1a: Farigiraf
|-fieldstart|move: Trick Room|[of] p1a: Farigiraf
|
|-weather|SunnyDay|[upkeep]
|upkeep
|turn|5
|
|t:|1782428271
|move|p1b: Torkoal|Earth Power|p2a: Torkoal
|-supereffective|p2a: Torkoal|1
|-crit|p2a: Torkoal
|-damage|p2a: Torkoal|0 fnt
|faint|p2a: Torkoal
|move|p1a: Farigiraf|Thunderbolt|p2b: Incineroar
|-crit|p2b: Incineroar
|-damage|p2b: Incineroar|49/100
|-enditem|p2b: Incineroar|Sitrus Berry|[eat]
|-heal|p2b: Incineroar|73/100|[from] item: Sitrus Berry
|move|p2b: Incineroar|Throat Chop|p1b: Torkoal
|-damage|p1b: Torkoal|7/100
|
|-weather|none
|-end|p1b: Torkoal|Throat Chop|[silent]
|upkeep
|
|t:|1782428277
|switch|p2a: Farigiraf|Farigiraf, L50, F, shiny|100/100
|turn|6
|
|t:|1782428285
|move|p1a: Farigiraf|Helping Hand|p1b: Torkoal
|-singleturn|p1b: Torkoal|Helping Hand|[of] p1a: Farigiraf
|move|p1b: Torkoal|Earth Power|p2b: Incineroar
|-supereffective|p2b: Incineroar|1
|-damage|p2b: Incineroar|0 fnt
|faint|p2b: Incineroar
|move|p2a: Farigiraf|Hyper Voice|p1a: Farigiraf|[spread] p1a,p1b
|-damage|p1a: Farigiraf|31/100
|-damage|p1b: Torkoal|0 fnt
|-enditem|p1a: Farigiraf|Sitrus Berry|[eat]
|-heal|p1a: Farigiraf|56/100|[from] item: Sitrus Berry
|faint|p1b: Torkoal
|
|upkeep
|
|t:|1782428290
|switch|p1b: Ampharos|Ampharos, L50, M|100/100
|turn|7
|
|t:|1782428309
|detailschange|p1b: Ampharos|Ampharos-Mega, L50, M
|-mega|p1b: Ampharos|Ampharos|Ampharosite
|-ability|p1b: Ampharos|Mold Breaker
|move|p1b: Ampharos|Thunderbolt|p2a: Farigiraf
|-damage|p2a: Farigiraf|49/100
|move|p2a: Farigiraf|Hyper Voice|p1a: Farigiraf|[spread] p1a,p1b
|-damage|p1a: Farigiraf|28/100
|-damage|p1b: Ampharos|75/100
|move|p1a: Farigiraf|Thunderbolt|p2a: Farigiraf
|-damage|p2a: Farigiraf|30/100
|
|upkeep
|turn|8
|c|☆mx.mollymarxxx|gg
|
|t:|1782428318
|move|p1b: Ampharos|Thunderbolt|p2a: Farigiraf
|-damage|p2a: Farigiraf|0 fnt
|faint|p2a: Farigiraf
|
|win|lolgz
|raw|lolgz's rating: 1130 → 1151(+21 for winning)
|raw|mx.mollymarxxx's rating: 1073 → 1055(-18 for losing)
