|j|☆rip bozo lol lmao
|j|☆iFlamercenar
|html|rip bozo lol lmaoiFlamercenar    
|uhtml|bestof|Game 1 of a best-of-3
|t:|1757646870
|gametype|doubles
|player|p1|rip bozo lol lmao|miku-fairy|1076
|player|p2|iFlamercenar|acetrainer-gen4dp|1094
|gen|9
|tier|[Gen 9] VGC 2025 Reg H (Bo3)
|rated|
|rule|Species Clause: Limit one of each Pokémon
|rule|Item Clause: Limit 1 of each item
|clearpoke
|poke|p1|Ceruledge, L50, M|
|poke|p1|Indeedee, L50, M|
|poke|p1|Tyranitar, L50, M|
|poke|p1|Excadrill, L50, F|
|poke|p1|Sneasler, L50, M|
|poke|p1|Sinistcha, L50|
|poke|p2|Gholdengo, L50|
|poke|p2|Maushold-Four, L50|
|poke|p2|Rillaboom, L50, M|
|poke|p2|Dragonite, L50, M|
|poke|p2|Basculegion, L50, M|
|poke|p2|Annihilape, L50, F|
|teampreview|4
|showteam|p1|Ceruledge||Leftovers|FlashFire|BitterBlade,ShadowClaw,BulkUp,Protect|||M|||50|,,,,,Grass]Indeedee||ChoiceScarf|PsychicSurge|ExpandingForce,TeraBlast,Trick,DazzlingGleam|||M|||50|,,,,,Psychic]Tyranitar||AssaultVest|SandStream|RockSlide,KnockOff,TeraBlast,LowKick|||M|||50|,,,,,Flying]Excadrill||FocusSash|SandRush|Earthquake,IronHead,SwordsDance,Protect|||F|||50|,,,,,Ground]Sneasler||PsychicSeed|Unburden|DireClaw,CloseCombat,Coaching,Protect|||M|||50|,,,,,Ghost]Sinistcha||SitrusBerry|Hospitality|MatchaGotcha,RagePowder,Curse,LifeDew||||||50|,,,,,Dark
|showteam|p2|Gholdengo||ChoiceSpecs|GoodasGold|MakeItRain,ShadowBall,PowerGem,Trick||||||50|,,,,,Steel]Maushold-Four||WideLens|FriendGuard|PopulationBomb,Feint,FollowMe,Protect||||||50|,,,,,Ghost]Rillaboom||AssaultVest|GrassySurge|GrassyGlide,WoodHammer,HighHorsepower,FakeOut|||M|||50|,,,,,Fire]Dragonite||LoadedDice|Multiscale|ScaleShot,Tailwind,Haze,Protect|||M|||50|,,,,,Steel]Basculegion||FocusSash|Adaptability|LastRespects,WaveCrash,AquaJet,Protect|||M|||50|,,,,,Ghost]Annihilape||SitrusBerry|Defiant|RageFist,CloseCombat,FinalGambit,Protect|||F|||50|,,,,,Water
|inactive|Battle timer is ON: inactive players will automatically lose when time's up. (requested by iFlamercenar)
|
|t:|1757646908
|teamsize|p1|4
|teamsize|p2|4
|start
|switch|p1a: Sword Arm Online|Ceruledge, L50, M|100/100
|switch|p1b: I hate this mon|Sneasler, L50, M|100/100
|switch|p2a: Annihilape|Annihilape, L50, F|100/100
|switch|p2b: Maushold|Maushold-Four, L50|100/100
|turn|1
|inactive|iFlamercenar has 30 seconds left.
|inactive|rip bozo lol lmao has 30 seconds left.
|
|t:|1757646942
|-terastallize|p1b: I hate this mon|Ghost
|move|p2a: Annihilape|Protect|p2a: Annihilape
|-singleturn|p2a: Annihilape|Protect
|move|p1a: Sword Arm Online|Protect|p1a: Sword Arm Online
|-singleturn|p1a: Sword Arm Online|Protect
|move|p1b: I hate this mon|Coaching|p1a: Sword Arm Online
|-boost|p1a: Sword Arm Online|atk|1
|-boost|p1a: Sword Arm Online|def|1
|move|p2b: Maushold|Population Bomb|p1b: I hate this mon
|-immune|p1b: I hate this mon
|
|upkeep
|turn|2
|
|t:|1757646960
|move|p2b: Maushold|Protect|p2b: Maushold
|-singleturn|p2b: Maushold|Protect
|move|p1b: I hate this mon|Dire Claw|p2b: Maushold
|-activate|p2b: Maushold|move: Protect
|move|p2a: Annihilape|Rage Fist|p1b: I hate this mon
|-supereffective|p1b: I hate this mon
|-damage|p1b: I hate this mon|30/100
|move|p1a: Sword Arm Online|Bitter Blade|p2b: Maushold
|-activate|p2b: Maushold|move: Protect
|
|upkeep
|turn|3
|
|t:|1757646975
|move|p2b: Maushold|Follow Me|p2b: Maushold
|-singleturn|p2b: Maushold|move: Follow Me
|move|p1b: I hate this mon|Coaching|p1a: Sword Arm Online
|-boost|p1a: Sword Arm Online|atk|1
|-boost|p1a: Sword Arm Online|def|1
|move|p2a: Annihilape|Rage Fist|p1a: Sword Arm Online
|-supereffective|p1a: Sword Arm Online
|-damage|p1a: Sword Arm Online|76/100
|move|p1a: Sword Arm Online|Bitter Blade|p2b: Maushold
|-damage|p2b: Maushold|3/100
|-heal|p1a: Sword Arm Online|100/100|[from] drain|[of] p2b: Maushold
|
|upkeep
|turn|4
|inactive|rip bozo lol lmao has 30 seconds left.
|
|t:|1757647002
|move|p1a: Sword Arm Online|Protect|p1a: Sword Arm Online
|-singleturn|p1a: Sword Arm Online|Protect
|move|p2b: Maushold|Follow Me|p2b: Maushold
|-singleturn|p2b: Maushold|move: Follow Me
|move|p1b: I hate this mon|Coaching|p1a: Sword Arm Online
|-boost|p1a: Sword Arm Online|atk|1
|-boost|p1a: Sword Arm Online|def|1
|move|p2a: Annihilape|Rage Fist|p1b: I hate this mon
|-supereffective|p1b: I hate this mon
|-damage|p1b: I hate this mon|0 fnt
|faint|p1b: I hate this mon
|
|upkeep
|
|t:|1757647015
|switch|p1b: Four Loko|Sinistcha, L50|100/100
|turn|5
|
|t:|1757647036
|switch|p2b: Rillaboom|Rillaboom, L50, M|100/100
|-fieldstart|move: Grassy Terrain|[from] ability: Grassy Surge|[of] p2b: Rillaboom
|move|p2a: Annihilape|Rage Fist|p1b: Four Loko
|-supereffective|p1b: Four Loko
|-damage|p1b: Four Loko|62/100
|move|p1a: Sword Arm Online|Bitter Blade|p2b: Rillaboom
|-supereffective|p2b: Rillaboom
|-damage|p2b: Rillaboom|0 fnt
|faint|p2b: Rillaboom
|move|p1b: Four Loko|Life Dew||[still]|[spread] p1a,p1b
|-fail|p1a: Sword Arm Online|heal
|-heal|p1b: Four Loko|87/100
|
|-heal|p1b: Four Loko|93/100|[from] Grassy Terrain
|upkeep
|
|t:|1757647051
|switch|p2b: Gholdengo|Gholdengo, L50|100/100
|turn|6
|
|t:|1757647059
|switch|p2b: Maushold|Maushold-Four, L50|3/100
|move|p1b: Four Loko|Rage Powder|p1b: Four Loko
|-singleturn|p1b: Four Loko|move: Rage Powder
|move|p2a: Annihilape|Rage Fist|p1b: Four Loko
|-supereffective|p1b: Four Loko
|-damage|p1b: Four Loko|54/100
|move|p1a: Sword Arm Online|Bitter Blade|p2b: Maushold
|-damage|p2b: Maushold|0 fnt
|faint|p2b: Maushold
|
|-heal|p1b: Four Loko|61/100|[from] Grassy Terrain
|upkeep
|
|t:|1757647070
|switch|p2b: Gholdengo|Gholdengo, L50|100/100
|turn|7
|
|t:|1757647085
|move|p2a: Annihilape|Protect|p2a: Annihilape
|-singleturn|p2a: Annihilape|Protect
|move|p1b: Four Loko|Rage Powder|p1b: Four Loko
|-singleturn|p1b: Four Loko|move: Rage Powder
|move|p2b: Gholdengo|Shadow Ball|p1b: Four Loko
|-supereffective|p1b: Four Loko
|-damage|p1b: Four Loko|0 fnt
|faint|p1b: Four Loko
|move|p1a: Sword Arm Online|Bitter Blade|p2b: Gholdengo
|-supereffective|p2b: Gholdengo
|-damage|p2b: Gholdengo|0 fnt
|faint|p2b: Gholdengo
|
|upkeep
|
|t:|1757647096
|switch|p1b: Gurren|Tyranitar, L50, M|100/100
|-weather|Sandstorm|[from] ability: Sand Stream|[of] p1b: Gurren
|turn|8
|
|t:|1757647103
|-terastallize|p2a: Annihilape|Water
|move|p2a: Annihilape|Close Combat|p1b: Gurren
|-supereffective|p1b: Gurren
|-damage|p1b: Gurren|0 fnt
|-unboost|p2a: Annihilape|def|1
|-unboost|p2a: Annihilape|spd|1
|faint|p1b: Gurren
|move|p1a: Sword Arm Online|Shadow Claw|p2a: Annihilape
|-damage|p2a: Annihilape|0 fnt
|faint|p2a: Annihilape
|
|win|rip bozo lol lmao
|inactive|rip bozo lol lmao has 30 seconds to confirm battle start!
|inactive|iFlamercenar has 30 seconds to confirm battle start!
