|j|☆rojo53
|j|☆xxsismoxx
|html|rojo53xxsismoxx    
|uhtml|bestof|Game 2 of a best-of-3
|t:|1783026891
|gametype|doubles
|player|p1|rojo53|adaman|
|player|p2|xxsismoxx|lance|
|gen|9
|tier|[Gen 9 Champions] VGC 2026 Reg M-B (Bo3)
|rule|Species Clause: Limit one of each Pokémon
|rule|Item Clause: Limit 1 of each item
|clearpoke
|poke|p1|Tyranitar, L50, M|
|poke|p1|Excadrill, L50, M|
|poke|p1|Gyarados, L50, F|
|poke|p1|Mimikyu, L50, F|
|poke|p1|Typhlosion-Hisui, L50, F|
|poke|p1|Kingambit, L50, M|
|poke|p2|Aerodactyl, L50, M|
|poke|p2|Garchomp, L50, M, shiny|
|poke|p2|Kingambit, L50, F, shiny|
|poke|p2|Charizard, L50, M, shiny|
|poke|p2|Sylveon, L50, M, shiny|
|poke|p2|Farigiraf, L50, M|
|teampreview|4
|showteam|p1|Tyranitar||Tyranitarite|SandStream|RockSlide,KnockOff,DragonDance,Protect|Adamant||M|||50|]Excadrill||FocusSash|SandRush|RockSlide,HighHorsepower,IronHead,Protect|Adamant||M|||50|]Gyarados||SitrusBerry|Intimidate|Waterfall,IceFang,DragonDance,Protect|Adamant||F|||50|]Mimikyu||WhiteHerb|Disguise|PlayRough,ShadowSneak,ShadowClaw,Protect|Adamant||F|||50|]Typhlosion-Hisui||ChoiceScarf|Blaze|HeatWave,ShadowBall,Overheat,Eruption|Modest||F|||50|]Kingambit||BlackGlasses|Defiant|KowtowCleave,SuckerPunch,IronHead,Protect|Adamant||M|||50|
|showteam|p2|Aerodactyl||Aerodactylite|Unnerve|IceFang,RockSlide,Tailwind,DualWingbeat|Jolly||M|||50|]Garchomp||LifeOrb|RoughSkin|DragonClaw,StompingTantrum,Earthquake,Protect|Jolly||M|||50|]Kingambit||FocusSash|Defiant|SuckerPunch,KowtowCleave,IronHead,LowKick|Adamant||F|||50|]Charizard||CharizarditeY|SolarPower|Protect,WeatherBall,HeatWave,SolarBeam|Modest||M|||50|]Sylveon||FairyFeather|Pixilate|Protect,HyperVoice,HyperBeam,QuickAttack|Modest||M|||50|]Farigiraf||SitrusBerry|ArmorTail|TrickRoom,Thunderbolt,Roar,PsychicFangs|Relaxed||M|||50|
|j| LaBandaDelCampeon
|j| Shiritu
|l| LaBandaDelCampeon
|inactive|Battle timer is ON: inactive players will automatically lose when time's up. (requested by rojo53)
|
|t:|1783026952
|teamsize|p1|4
|teamsize|p2|4
|start
|switch|p1a: Ratatopo|Excadrill, L50, M|100/100
|switch|p1b: Mimi|Mimikyu, L50, F|100/100
|switch|p2a: Kingambit|Kingambit, L50, F, shiny|100/100
|switch|p2b: Garchomp|Garchomp, L50, M, shiny|100/100
|turn|1
|j| LaBandaDelCampeon
|inactive|xxsismoxx has 30 seconds left.
|
|t:|1783026984
|switch|p1a: Gambito|Kingambit, L50, M|100/100
|move|p2a: Kingambit|Sucker Punch||[still]
|-fail|p2a: Kingambit
|move|p2b: Garchomp|Stomping Tantrum|p1a: Gambito
|-supereffective|p1a: Gambito|1
|-damage|p1a: Gambito|21/100
|-damage|p2b: Garchomp|90/100|[from] item: Life Orb
|move|p1b: Mimi|Play Rough|p2b: Garchomp
|-supereffective|p2b: Garchomp|1
|-damage|p2b: Garchomp|13/100
|-damage|p1b: Mimi|87/100|[from] ability: Rough Skin|[of] p2b: Garchomp
|
|upkeep
|turn|2
|l| Shiritu
|j| Shiritu
|inactive|xxsismoxx has 30 seconds left.
|inactive|xxsismoxx has 20 seconds left.
|inactive|xxsismoxx has 15 seconds left.
|inactive|xxsismoxx has 10 seconds left.
|
|t:|1783027029
|move|p2b: Garchomp|Protect|p2b: Garchomp
|-singleturn|p2b: Garchomp|Protect
|move|p1a: Gambito|Sucker Punch||[still]
|-fail|p1a: Gambito
|move|p1b: Mimi|Play Rough|p2a: Kingambit
|-damage|p2a: Kingambit|62/100
|move|p2a: Kingambit|Iron Head|p1b: Mimi
|-activate|p1b: Mimi|ability: Disguise
|-damage|p1b: Mimi|87/100
|detailschange|p1b: Mimi|Mimikyu-Busted, L50, F
|-damage|p1b: Mimi|75/100|[from] pokemon: Mimikyu-Busted
|
|upkeep
|turn|3
|
|t:|1783027052
|switch|p2b: Sylveon|Sylveon, L50, M, shiny|100/100
|switch|p2a: Charizard|Charizard, L50, M, shiny|100/100
|move|p1b: Mimi|Shadow Sneak|p2b: Sylveon
|-damage|p2b: Sylveon|80/100
|move|p1a: Gambito|Sucker Punch||[still]
|-fail|p1a: Gambito
|
|upkeep
|turn|4
|l| LaBandaDelCampeon
|j| LaBandaDelCampeon
|
|t:|1783027083
|switch|p2a: Kingambit|Kingambit, L50, F, shiny|62/100
|move|p1a: Gambito|Protect|p1a: Gambito
|-singleturn|p1a: Gambito|Protect
|move|p1b: Mimi|Shadow Claw|p2a: Kingambit
|-resisted|p2a: Kingambit|1
|-damage|p2a: Kingambit|47/100
|move|p2b: Sylveon|Hyper Voice|p1a: Gambito|[spread] p1b
|-activate|p1a: Gambito|move: Protect
|-damage|p1b: Mimi|16/100
|
|upkeep
|turn|5
|
|t:|1783027104
|switch|p2a: Charizard|Charizard, L50, M, shiny|100/100
|move|p1b: Mimi|Shadow Sneak|p2b: Sylveon
|-damage|p2b: Sylveon|59/100
|move|p1a: Gambito|Sucker Punch|p2b: Sylveon
|-resisted|p2b: Sylveon|1
|-damage|p2b: Sylveon|31/100
|move|p2b: Sylveon|Hyper Voice|p1a: Gambito|[spread] p1a,p1b
|-damage|p1a: Gambito|0 fnt
|-damage|p1b: Mimi|0 fnt
|faint|p1a: Gambito
|faint|p1b: Mimi
|
|upkeep
|
|t:|1783027112
|switch|p1b: Ratatopo|Excadrill, L50, M|100/100
|switch|p1a: Tyranitar|Tyranitar, L50, M|100/100
|-weather|Sandstorm|[from] ability: Sand Stream|[of] p1a: Tyranitar
|turn|6
|
|t:|1783027126
|detailschange|p2a: Charizard|Charizard-Mega-Y, L50, M, shiny
|-mega|p2a: Charizard|Charizard|Charizardite Y
|-weather|SunnyDay|[from] ability: Drought|[of] p2a: Charizard
|detailschange|p1a: Tyranitar|Tyranitar-Mega, L50, M
|-mega|p1a: Tyranitar|Tyranitar|Tyranitarite
|-weather|Sandstorm|[from] ability: Sand Stream|[of] p1a: Tyranitar
|move|p2a: Charizard|Protect|p2a: Charizard
|-singleturn|p2a: Charizard|Protect
|move|p2b: Sylveon|Protect|p2b: Sylveon
|-singleturn|p2b: Sylveon|Protect
|move|p1b: Ratatopo|Rock Slide|p2a: Charizard|[spread] 
|-activate|p2a: Charizard|move: Protect
|-activate|p2b: Sylveon|move: Protect
|move|p1a: Tyranitar|Dragon Dance|p1a: Tyranitar
|-boost|p1a: Tyranitar|atk|1
|-boost|p1a: Tyranitar|spe|1
|
|-weather|Sandstorm|[upkeep]
|-damage|p2a: Charizard|93/100|[from] Sandstorm
|-damage|p2b: Sylveon|25/100|[from] Sandstorm
|upkeep
|turn|7
|inactive|xxsismoxx has 30 seconds left.
|inactive|xxsismoxx has 20 seconds left.
|inactive|xxsismoxx has 15 seconds left.
|inactive|xxsismoxx has 10 seconds left.
|
|t:|1783027172
|switch|p2a: Garchomp|Garchomp, L50, M, shiny|13/100
|move|p2b: Sylveon|Quick Attack|p1b: Ratatopo
|-resisted|p1b: Ratatopo|1
|-damage|p1b: Ratatopo|90/100
|move|p1b: Ratatopo|Rock Slide|p2a: Garchomp|[spread] p2a,p2b
|-resisted|p2a: Garchomp|1
|-damage|p2a: Garchomp|3/100
|-damage|p2b: Sylveon|1/100
|move|p1a: Tyranitar|Dragon Dance|p1a: Tyranitar
|-boost|p1a: Tyranitar|atk|1
|-boost|p1a: Tyranitar|spe|1
|
|-weather|Sandstorm|[upkeep]
|-damage|p2b: Sylveon|0 fnt|[from] Sandstorm
|faint|p2b: Sylveon
|upkeep
|
|t:|1783027191
|switch|p2b: Charizard|Charizard-Mega-Y, L50, M, shiny|93/100
|-weather|SunnyDay|[from] ability: Drought|[of] p2b: Charizard
|turn|8
|inactive|xxsismoxx has 30 seconds left.
|
|t:|1783027220
|move|p1a: Tyranitar|Rock Slide|p2b: Charizard|[spread] p2a
|-miss|p1a: Tyranitar|p2b: Charizard
|-resisted|p2a: Garchomp|1
|-damage|p2a: Garchomp|0 fnt
|faint|p2a: Garchomp
|move|p1b: Ratatopo|Rock Slide|p2b: Charizard|[miss]
|-miss|p1b: Ratatopo|p2b: Charizard
|move|p2b: Charizard|Solar Beam||[still]
|-prepare|p2b: Charizard|Solar Beam
|-anim|p2b: Charizard|Solar Beam|p1a: Tyranitar
|-supereffective|p1a: Tyranitar|1
|-damage|p1a: Tyranitar|29/100
|
|-weather|SunnyDay|[upkeep]
|upkeep
|c| LaBandaDelCampeon|Auch
|
|t:|1783027232
|switch|p2a: Kingambit|Kingambit, L50, F, shiny|47/100
|turn|9
|l| Shiritu
|c|☆xxsismoxx|Xd
|j| Shiritu
|c| Shiritu|Vaya caderas
|inactive|xxsismoxx has 30 seconds left.
|inactive|xxsismoxx has 20 seconds left.
|
|t:|1783027270
|move|p2a: Kingambit|Sucker Punch|p1b: Ratatopo
|-damage|p1b: Ratatopo|34/100
|move|p1a: Tyranitar|Rock Slide|p2a: Kingambit|[spread] p2a,p2b
|-resisted|p2a: Kingambit|1
|-supereffective|p2b: Charizard|2
|-damage|p2a: Kingambit|13/100
|-damage|p2b: Charizard|0 fnt
|faint|p2b: Charizard
|move|p1b: Ratatopo|High Horsepower|p2a: Kingambit
|-supereffective|p2a: Kingambit|1
|-damage|p2a: Kingambit|0 fnt
|faint|p2a: Kingambit
|
|win|rojo53
|c|☆rojo53|gg
|c|☆xxsismoxx|GG
|c|☆rojo53|subelo juanjo
|l| LaBandaDelCampeon
|c|☆rojo53|trabaja al final al menos
|c| Shiritu|Subelo.tu
|c| Shiritu|...
|l|☆xxsismoxx
|player|p2|
|c| Shiritu|Estoy en el movil
|c|☆rojo53|...
|c| Shiritu|El excel no se actualiza solo, si trabajo...
