|j|☆CappyTJ5
|j|☆Cial23
|html|CappyTJ5Cial23    
|uhtml|bestof|Game 1 of a best-of-3
|t:|1757784429
|gametype|doubles
|player|p1|CappyTJ5|wallace|1057
|player|p2|Cial23|1|1015
|gen|9
|tier|[Gen 9] VGC 2025 Reg H (Bo3)
|rated|
|rule|Species Clause: Limit one of each Pokémon
|rule|Item Clause: Limit 1 of each item
|clearpoke
|poke|p1|Sneasler, L50, F|
|poke|p1|Incineroar, L50, M|
|poke|p1|Dragonite, L50, F|
|poke|p1|Gholdengo, L50|
|poke|p1|Amoonguss, L50, M|
|poke|p1|Ursaluna-Bloodmoon, L50, M|
|poke|p2|Indeedee-F, L50, F|
|poke|p2|Torkoal, L50, M|
|poke|p2|Ursaluna, L50, M|
|poke|p2|Exeggutor, L50, F|
|poke|p2|Zoroark-Hisui, L50, M|
|poke|p2|Lucario, L50, M|
|teampreview|4
|showteam|p1|Sneasler||FocusSash|Unburden|Protect,DireClaw,CloseCombat,ThroatChop|||F|||50|,,,,,Stellar]Incineroar||SafetyGoggles|Intimidate|KnockOff,FlareBlitz,PartingShot,FakeOut|||M|||50|,,,,,Ghost]Dragonite||LoadedDice|Multiscale|Protect,ScaleShot,Tailwind,Haze|||F|||50|,,,,,Fairy]Gholdengo||LifeOrb|GoodasGold|Protect,MakeItRain,ShadowBall,NastyPlot||||||50|,,,,,Water]Amoonguss||SitrusBerry|Regenerator|Protect,Spore,PollenPuff,RagePowder|||M|||50|,,,,,Electric]Ursaluna-Bloodmoon||AssaultVest|MindsEye|HyperVoice,BloodMoon,EarthPower,VacuumWave|||M|||50|,,,,,Water
|showteam|p2|Indeedee-F||RockyHelmet|PsychicSurge|Psychic,HelpingHand,FollowMe,TrickRoom|||F|||50|,,,,,Grass]Torkoal||Charcoal|Drought|Eruption,WeatherBall,ClearSmog,Protect|||M|||50|,,,,,Fire]Ursaluna||FlameOrb|Guts|Facade,HeadlongRush,Earthquake,Protect|||M|||50|,,,,,Ghost]Exeggutor||FocusSash|Chlorophyll|ExpandingForce,LeafStorm,SleepPowder,TrickRoom|||F|||50|,,,,,Psychic]Zoroark-Hisui||ChoiceSpecs|Illusion|HyperBeam,HyperVoice,ShadowBall,FocusBlast|||M|||50|,,,,,Normal]Lucario||LifeOrb|Steadfast|AuraSphere,FlashCannon,Detect,ShadowBall|||M|||50|,,,,,Fighting
|inactive|Battle timer is ON: inactive players will automatically lose when time's up. (requested by CappyTJ5)
|inactive|CappyTJ5 has 60 seconds left.
|inactive|CappyTJ5 has 30 seconds left.
|
|t:|1757784490
|teamsize|p1|4
|teamsize|p2|4
|start
|switch|p1a: Incineroar|Incineroar, L50, M, shiny|100/100
|switch|p1b: Amoonguss|Amoonguss, L50, M|100/100
|switch|p2a: Torkoal|Torkoal, L50, M|100/100
|switch|p2b: Exeggutor|Exeggutor, L50, F|100/100
|-ability|p1a: Incineroar|Intimidate|boost
|-unboost|p2a: Torkoal|atk|1
|-unboost|p2b: Exeggutor|atk|1
|-weather|SunnyDay|[from] ability: Drought|[of] p2a: Torkoal
|turn|1
|inactive|CappyTJ5 has 30 seconds left.
|inactive|CappyTJ5 has 20 seconds left.
|
|t:|1757784530
|move|p1b: Amoonguss|Protect|p1b: Amoonguss
|-singleturn|p1b: Amoonguss|Protect
|move|p1a: Incineroar|Fake Out|p2a: Torkoal
|-damage|p2a: Torkoal|91/100
|move|p2b: Exeggutor|Expanding Force|p1b: Amoonguss
|-activate|p1b: Amoonguss|move: Protect
|cant|p2a: Torkoal|flinch
|
|-weather|SunnyDay|[upkeep]
|upkeep
|turn|2
|inactive|CappyTJ5 has 30 seconds left.
|
|t:|1757784558
|-terastallize|p1b: Amoonguss|Electric
|move|p2b: Exeggutor|Sleep Powder|p1a: Incineroar
|-activate|p1a: Incineroar|item: Safety Goggles|Sleep Powder
|move|p1a: Incineroar|Flare Blitz|p2b: Exeggutor
|-supereffective|p2b: Exeggutor
|-enditem|p2b: Exeggutor|Focus Sash
|-damage|p2b: Exeggutor|1/100
|-damage|p1a: Incineroar|73/100|[from] Recoil
|move|p1b: Amoonguss|Spore|p2a: Torkoal
|-status|p2a: Torkoal|slp|[from] move: Spore
|cant|p2a: Torkoal|slp
|
|-weather|SunnyDay|[upkeep]
|upkeep
|turn|3
|inactive|CappyTJ5 has 30 seconds left.
|
|t:|1757784587
|move|p1b: Amoonguss|Protect|p1b: Amoonguss
|-singleturn|p1b: Amoonguss|Protect
|move|p2b: Exeggutor|Sleep Powder|p1b: Amoonguss
|-activate|p1b: Amoonguss|move: Protect
|move|p1a: Incineroar|Knock Off|p2b: Exeggutor
|-supereffective|p2b: Exeggutor
|-damage|p2b: Exeggutor|0 fnt
|faint|p2b: Exeggutor
|cant|p2a: Torkoal|slp
|
|-weather|SunnyDay|[upkeep]
|upkeep
|
|t:|1757784592
|switch|p2b: Ursaluna|Ursaluna, L50, M|100/100
|turn|4
|
|t:|1757784614
|switch|p1b: Dragonite|Dragonite, L50, F|100/100
|move|p1a: Incineroar|Knock Off|p2b: Ursaluna
|-crit|p2b: Ursaluna
|-damage|p2b: Ursaluna|49/100
|-enditem|p2b: Ursaluna|Flame Orb|[from] move: Knock Off|[of] p1a: Incineroar
|move|p2b: Ursaluna|Headlong Rush|p1a: Incineroar
|-supereffective|p1a: Incineroar
|-crit|p1a: Incineroar
|-damage|p1a: Incineroar|0 fnt
|-unboost|p2b: Ursaluna|def|1
|-unboost|p2b: Ursaluna|spd|1
|faint|p1a: Incineroar
|-curestatus|p2a: Torkoal|slp|[msg]
|move|p2a: Torkoal|Eruption|p1b: Dragonite
|-resisted|p1b: Dragonite
|-damage|p1b: Dragonite|71/100
|
|-weather|SunnyDay|[upkeep]
|upkeep
|
|t:|1757784627
|switch|p1a: Amoonguss|Amoonguss, L50, M, tera:Electric|100/100
|turn|5
|
|t:|1757784652
|move|p2b: Ursaluna|Protect|p2b: Ursaluna
|-singleturn|p2b: Ursaluna|Protect
|move|p1a: Amoonguss|Rage Powder|p1a: Amoonguss
|-singleturn|p1a: Amoonguss|move: Rage Powder
|move|p1b: Dragonite|Tailwind|p1b: Dragonite
|-sidestart|p1: CappyTJ5|move: Tailwind
|move|p2a: Torkoal|Eruption|p1b: Dragonite|[spread] p1a,p1b
|-resisted|p1b: Dragonite
|-damage|p1a: Amoonguss|33/100
|-damage|p1b: Dragonite|29/100
|-enditem|p1a: Amoonguss|Sitrus Berry|[eat]
|-heal|p1a: Amoonguss|58/100|[from] item: Sitrus Berry
|
|-weather|none
|upkeep
|turn|6
|
|t:|1757784676
|switch|p2b: Lucario|Lucario, L50, M|100/100
|move|p1b: Dragonite|Scale Shot|p2a: Torkoal
|-damage|p2a: Torkoal|81/100
|-damage|p2a: Torkoal|70/100
|-damage|p2a: Torkoal|59/100
|-damage|p2a: Torkoal|49/100
|-hitcount|p2a: Torkoal|4
|-unboost|p1b: Dragonite|def|1
|-boost|p1b: Dragonite|spe|1
|move|p1a: Amoonguss|Pollen Puff|p1b: Dragonite
|-heal|p1b: Dragonite|79/100
|move|p2a: Torkoal|Eruption|p1b: Dragonite|[spread] p1a,p1b
|-crit|p1a: Amoonguss
|-resisted|p1b: Dragonite
|-damage|p1a: Amoonguss|23/100
|-damage|p1b: Dragonite|65/100
|
|upkeep
|turn|7
|inactive|Cial23 has 30 seconds left.
|
|t:|1757784706
|switch|p1a: Ursaluna|Ursaluna-Bloodmoon, L50, M|100/100
|move|p2a: Torkoal|Protect|p2a: Torkoal
|-singleturn|p2a: Torkoal|Protect
|move|p1b: Dragonite|Scale Shot|p2a: Torkoal
|-activate|p2a: Torkoal|move: Protect
|move|p2b: Lucario|Aura Sphere|p1a: Ursaluna
|-supereffective|p1a: Ursaluna
|-damage|p1a: Ursaluna|44/100
|-damage|p2b: Lucario|91/100|[from] item: Life Orb
|
|upkeep
|turn|8
|inactive|CappyTJ5 has 30 seconds left.
|
|t:|1757784736
|switch|p2a: Ursaluna|Ursaluna, L50, M|49/100
|move|p1b: Dragonite|Scale Shot|p2a: Ursaluna
|-damage|p2a: Ursaluna|37/100
|-damage|p2a: Ursaluna|26/100
|-damage|p2a: Ursaluna|14/100
|-damage|p2a: Ursaluna|3/100
|-damage|p2a: Ursaluna|0 fnt
|faint|p2a: Ursaluna
|-hitcount|p2: Ursaluna|5
|-unboost|p1b: Dragonite|def|1
|-boost|p1b: Dragonite|spe|1
|move|p2b: Lucario|Aura Sphere|p1a: Ursaluna
|-supereffective|p1a: Ursaluna
|-damage|p1a: Ursaluna|0 fnt
|faint|p1a: Ursaluna
|-damage|p2b: Lucario|81/100|[from] item: Life Orb
|
|-sideend|p1: CappyTJ5|move: Tailwind
|upkeep
|
|t:|1757784750
|switch|p1a: Amoonguss|Amoonguss, L50, M, tera:Electric|56/100
|switch|p2a: Torkoal|Torkoal, L50, M|49/100
|-weather|SunnyDay|[from] ability: Drought|[of] p2a: Torkoal
|turn|9
|inactive|CappyTJ5 has 30 seconds left.
|inactive|CappyTJ5 has 20 seconds left.
|inactive|CappyTJ5 has 15 seconds left.
|inactive|CappyTJ5 has 10 seconds left.
|
|t:|1757784797
|-terastallize|p2a: Torkoal|Fire
|move|p1b: Dragonite|Scale Shot|p2b: Lucario|[miss]
|-miss|p1b: Dragonite|p2b: Lucario
|move|p2b: Lucario|Aura Sphere|p1a: Amoonguss
|-damage|p1a: Amoonguss|10/100
|-damage|p2b: Lucario|72/100|[from] item: Life Orb
|move|p1a: Amoonguss|Pollen Puff|p1b: Dragonite
|-heal|p1b: Dragonite|100/100
|move|p2a: Torkoal|Weather Ball|p1a: Amoonguss
|-damage|p1a: Amoonguss|0 fnt
|faint|p1a: Amoonguss
|
|-weather|SunnyDay|[upkeep]
|upkeep
|turn|10
|
|t:|1757784813
|move|p1b: Dragonite|Scale Shot|p2b: Lucario
|-resisted|p2b: Lucario
|-damage|p2b: Lucario|60/100
|-resisted|p2b: Lucario
|-damage|p2b: Lucario|47/100
|-resisted|p2b: Lucario
|-damage|p2b: Lucario|36/100
|-resisted|p2b: Lucario
|-damage|p2b: Lucario|24/100
|-resisted|p2b: Lucario
|-damage|p2b: Lucario|13/100
|-hitcount|p2b: Lucario|5
|-unboost|p1b: Dragonite|def|1
|-boost|p1b: Dragonite|spe|1
|move|p2b: Lucario|Shadow Ball|p1b: Dragonite
|-damage|p1b: Dragonite|81/100
|-damage|p2b: Lucario|3/100|[from] item: Life Orb
|move|p2a: Torkoal|Weather Ball|p1b: Dragonite
|-resisted|p1b: Dragonite
|-damage|p1b: Dragonite|26/100
|
|-weather|SunnyDay|[upkeep]
|upkeep
|turn|11
|
|t:|1757784837
|move|p1b: Dragonite|Scale Shot|p2a: Torkoal
|-damage|p2a: Torkoal|38/100
|-damage|p2a: Torkoal|26/100
|-damage|p2a: Torkoal|15/100
|-damage|p2a: Torkoal|4/100
|-hitcount|p2a: Torkoal|4
|-unboost|p1b: Dragonite|def|1
|-boost|p1b: Dragonite|spe|1
|move|p2b: Lucario|Shadow Ball|p1b: Dragonite
|-damage|p1b: Dragonite|0 fnt
|faint|p1b: Dragonite
|-damage|p2b: Lucario|0 fnt|[from] item: Life Orb
|faint|p2b: Lucario
|
|win|Cial23
|inactive|CappyTJ5 has 30 seconds to confirm battle start!
|inactive|Cial23 has 30 seconds to confirm battle start!
||Cial23 is ready for game 2.
|inactive|CappyTJ5 has 20 seconds to confirm battle start!
||CappyTJ5 is ready for game 2.
|uhtml|next|Next: Game 2 of 3
