|j|☆evilmayheem
|j|☆blitz-blitz
|html|evilmayheemblitz-blitz    
|uhtml|bestof|Game 2 of a best-of-3
|t:|1782245327
|gametype|doubles
|player|p1|evilmayheem|crasherwake|1122
|player|p2|blitz-blitz|2|1052
|gen|9
|tier|[Gen 9 Champions] VGC 2026 Reg M-B (Bo3)
|rated|
|rule|Species Clause: Limit one of each Pokémon
|rule|Item Clause: Limit 1 of each item
|clearpoke
|poke|p1|Pyroar, L50, F|
|poke|p1|Sableye, L50, M|
|poke|p1|Farigiraf, L50, F|
|poke|p1|Kingambit, L50, M|
|poke|p1|Sylveon, L50, F|
|poke|p1|Scrafty, L50, M|
|poke|p2|Aerodactyl, L50, M|
|poke|p2|Volcarona, L50, F|
|poke|p2|Empoleon, L50, F|
|poke|p2|Wyrdeer, L50, M|
|poke|p2|Sneasler, L50, F|
|poke|p2|Sinistcha, L50|
|teampreview|4
|showteam|p1|Pyroar||Pyroarite|Rivalry|HeatWave,Overheat,SolarBeam,Protect|Timid||F|||50|]Sableye||RoseliBerry|Prankster|SunnyDay,LightScreen,Reflect,WillOWisp|Calm||M|||50|]Farigiraf||SitrusBerry|ArmorTail|Protect,HelpingHand,Psychic,TrickRoom|Calm||F|||50|]Kingambit||ChopleBerry|Defiant|KowtowCleave,IronHead,SuckerPunch,Protect|Adamant||M|||50|]Sylveon||FairyFeather|Pixilate|Detect,HyperVoice,QuickAttack,HyperBeam|Quiet||F|||50|]Scrafty||Scraftinite|Intimidate|FakeOut,Detect,CloseCombat,KnockOff|Brave||M|||50|
|showteam|p2|Aerodactyl||Aerodactylite|RockHead|RockSlide,DualWingbeat,Protect,Tailwind|Jolly||M|||50|]Volcarona||FocusSash|Swarm|QuiverDance,FieryDance,BugBuzz,Protect|Modest||F|||50|]Empoleon||LifeOrb|Competitive|HydroPump,FlashCannon,Protect,IceBeam|Modest||F|||50|]Wyrdeer||SitrusBerry|Intimidate|Psychic,Protect,RolePlay,EarthPower|Calm||M|||50|]Sneasler||WhiteHerb|Unburden|CloseCombat,DireClaw,SwordsDance,Protect|Adamant||F|||50|]Sinistcha||OccaBerry|Hospitality|TrickRoom,MatchaGotcha,Protect,NightShade|Relaxed|||||50|
|
|t:|1782245347
|teamsize|p1|4
|teamsize|p2|4
|start
|switch|p1a: Sableye|Sableye, L50, M|100/100
|switch|p1b: Pyroar|Pyroar, L50, F|100/100
|switch|p2a: Empoleon|Empoleon, L50, F|100/100
|switch|p2b: Aerodactyl|Aerodactyl, L50, M|100/100
|turn|1
|
|t:|1782245363
|detailschange|p2b: Aerodactyl|Aerodactyl-Mega, L50, M
|-mega|p2b: Aerodactyl|Aerodactyl|Aerodactylite
|move|p1b: Pyroar|Protect|p1b: Pyroar
|-singleturn|p1b: Pyroar|Protect
|move|p1a: Sableye|Will-O-Wisp|p2b: Aerodactyl
|-status|p2b: Aerodactyl|brn
|move|p2b: Aerodactyl|Rock Slide|p1b: Pyroar|[spread] p1a
|-activate|p1b: Pyroar|move: Protect
|-damage|p1a: Sableye|77/100
|move|p2a: Empoleon|Flash Cannon|p1a: Sableye
|-damage|p1a: Sableye|17/100
|-unboost|p1a: Sableye|spd|1
|-damage|p2a: Empoleon|90/100|[from] item: Life Orb
|
|-damage|p2b: Aerodactyl|94/100 brn|[from] brn
|upkeep
|turn|2
|
|t:|1782245377
|detailschange|p1b: Pyroar|Pyroar-Mega, L50, F
|-mega|p1b: Pyroar|Pyroar|Pyroarite
|move|p1a: Sableye|Sunny Day|p1a: Sableye
|-weather|SunnyDay
|move|p2b: Aerodactyl|Rock Slide|p1b: Pyroar|[spread] p1a
|-miss|p2b: Aerodactyl|p1b: Pyroar
|-damage|p1a: Sableye|0 fnt
|faint|p1a: Sableye
|move|p1b: Pyroar|Overheat|p2a: Empoleon
|-damage|p2a: Empoleon|0 fnt
|-unboost|p1b: Pyroar|spa|2
|faint|p2a: Empoleon
|
|-weather|SunnyDay|[upkeep]
|-damage|p2b: Aerodactyl|88/100 brn|[from] brn
|upkeep
|
|t:|1782245389
|switch|p2a: Sneasler|Sneasler, L50, F|100/100
|switch|p1a: Farigiraf|Farigiraf, L50, F|100/100
|turn|3
|
|t:|1782245398
|switch|p1b: Scrafty|Scrafty, L50, M|100/100
|-ability|p1b: Scrafty|Intimidate|boost
|-unboost|p2a: Sneasler|atk|1
|-unboost|p2b: Aerodactyl|atk|1
|-enditem|p2a: Sneasler|White Herb
|-clearnegativeboost|p2a: Sneasler|[silent]
|move|p2a: Sneasler|Dire Claw|p1a: Farigiraf
|-damage|p1a: Farigiraf|57/100
|move|p2b: Aerodactyl|Rock Slide|p1a: Farigiraf|[spread] p1a,p1b
|-resisted|p1b: Scrafty|1
|-damage|p1a: Farigiraf|49/100
|-damage|p1b: Scrafty|95/100
|-enditem|p1a: Farigiraf|Sitrus Berry|[eat]
|-heal|p1a: Farigiraf|74/100|[from] item: Sitrus Berry
|move|p1a: Farigiraf|Psychic|p2a: Sneasler
|-supereffective|p2a: Sneasler|2
|-damage|p2a: Sneasler|0 fnt
|faint|p2a: Sneasler
|
|-weather|SunnyDay|[upkeep]
|-damage|p2b: Aerodactyl|82/100 brn|[from] brn
|upkeep
|
|t:|1782245403
|switch|p2a: Volcarona|Volcarona, L50, F|100/100
|turn|4
|
|t:|1782245424
|move|p2b: Aerodactyl|Dual Wingbeat|p1b: Scrafty
|-supereffective|p1b: Scrafty|1
|-damage|p1b: Scrafty|81/100
|-supereffective|p1b: Scrafty|1
|-damage|p1b: Scrafty|63/100
|-hitcount|p1b: Scrafty|2
|move|p2a: Volcarona|Quiver Dance|p2a: Volcarona
|-boost|p2a: Volcarona|spa|1
|-boost|p2a: Volcarona|spd|1
|-boost|p2a: Volcarona|spe|1
|move|p1a: Farigiraf|Psychic|p2b: Aerodactyl
|-damage|p2b: Aerodactyl|40/100 brn
|move|p1b: Scrafty|Close Combat|p2b: Aerodactyl
|-damage|p2b: Aerodactyl|0 fnt
|-unboost|p1b: Scrafty|def|1
|-unboost|p1b: Scrafty|spd|1
|faint|p2b: Aerodactyl
|
|-weather|SunnyDay|[upkeep]
|upkeep
|turn|5
|
|t:|1782245430
|move|p2a: Volcarona|Fiery Dance|p1b: Scrafty
|-damage|p1b: Scrafty|0 fnt
|-boost|p2a: Volcarona|spa|1
|faint|p1b: Scrafty
|move|p1a: Farigiraf|Psychic|p2a: Volcarona
|-damage|p2a: Volcarona|77/100
|
|-weather|SunnyDay|[upkeep]
|upkeep
|
|t:|1782245433
|switch|p1b: Pyroar|Pyroar-Mega, L50, F|100/100
|turn|6
|
|t:|1782245437
|move|p1a: Farigiraf|Helping Hand|p1b: Pyroar
|-singleturn|p1b: Pyroar|Helping Hand|[of] p1a: Farigiraf
|move|p2a: Volcarona|Fiery Dance|p1b: Pyroar
|-resisted|p1b: Pyroar|1
|-damage|p1b: Pyroar|11/100
|-boost|p2a: Volcarona|spa|1
|move|p1b: Pyroar|Overheat|p2a: Volcarona
|-damage|p2a: Volcarona|0 fnt
|-unboost|p1b: Pyroar|spa|2
|faint|p2a: Volcarona
|
|win|evilmayheem
|raw|evilmayheem's rating: 1122 → 1142(+20 for winning)
|raw|blitz-blitz's rating: 1052 → 1038(-14 for losing)
|l|☆blitz-blitz
|player|p2|
