|j|â˜†aqueousbloop
|j|â˜†gabazor
|html|aqueousbloopgabazor    
|uhtml|bestof|Game 2 of a best-of-3
|t:|1756219071
|gametype|doubles
|player|p1|aqueousbloop|101|1113
|player|p2|gabazor|infielder|1149
|gen|9
|tier|[Gen 9] VGC 2025 Reg H (Bo3)
|rated|
|rule|Species Clause: Limit one of each PokÃ©mon
|rule|Item Clause: Limit 1 of each item
|clearpoke
|poke|p1|Sneasler, L50, F|
|poke|p1|Basculegion, L50, M|
|poke|p1|Pelipper, L50, M|
|poke|p1|Indeedee-F, L50, F|
|poke|p1|Lurantis, L50, F|
|poke|p1|Hatterene, L50, F|
|poke|p2|Porygon2, L50|
|poke|p2|Incineroar, L50, M|
|poke|p2|Ursaluna, L50, M|
|poke|p2|Jumpluff, L50, M|
|poke|p2|Charizard, L50, M|
|poke|p2|Torkoal, L50, F|
|teampreview|4
|showteam|p1|Sneasler||SafetyGoggles|PoisonTouch|ThroatChop,CloseCombat,DireClaw,FakeOut|||F|||50|,,,,,Dark]Basculegion||ChoiceBand|SwiftSwim|FlipTurn,WaveCrash,LastRespects,AquaJet|||M|||50|,,,,,Grass]Pelipper||FocusSash|Drizzle|Hurricane,WeatherBall,WideGuard,Protect|||M|||50|,,,,,Ghost]Indeedee-F||PsychicSeed|PsychicSurge|TrickRoom,FollowMe,HelpingHand,Psychic|||F|||50|,,,,,Fairy]Lurantis||AssaultVest|Contrary|Superpower,LeafBlade,KnockOff,LeechLife|||F|||50|,,,,,Poison]Hatterene||LifeOrb|MagicBounce|TrickRoom,ExpandingForce,DazzlingGleam,Protect|||F|||50|,,,,,Psychic
|showteam|p2|Porygon2||Eviolite|Download|TeraBlast,IceBeam,TrickRoom,Recover||||||50|,,,,,Fighting]Incineroar||SitrusBerry|Intimidate|FakeOut,KnockOff,FlareBlitz,PartingShot|||M|||50|,,,,,Ghost]Ursaluna||FlameOrb|Guts|HeadlongRush,Facade,Earthquake,Protect|||M|||50|,,,,,Ghost]Jumpluff||CovertCloak|Chlorophyll|RagePowder,SunnyDay,Tailwind,SleepPowder|||M|||50|,,,,,Fire]Charizard||ChoiceSpecs|SolarPower|HeatWave,Overheat,WeatherBall,DragonPulse|||M|||50|,,,,,Ghost]Torkoal||EjectPack|Drought|Overheat,Eruption,HelpingHand,Protect|||F|||50|,,,,,Fire
|inactive|Battle timer is ON: inactive players will automatically lose when time's up. (requested by aqueousbloop)
|
|t:|1756219101
|teamsize|p1|4
|teamsize|p2|4
|start
|switch|p1a: Sneasler|Sneasler, L50, F|100/100
|switch|p1b: Basculegion|Basculegion, L50, M|100/100
|switch|p2a: Porygon2|Porygon2, L50|100/100
|switch|p2b: Incineroar|Incineroar, L50, M|100/100
|-ability|p2b: Incineroar|Intimidate|boost
|-unboost|p1a: Sneasler|atk|1
|-unboost|p1b: Basculegion|atk|1
|-ability|p2a: Porygon2|Download|boost
|-boost|p2a: Porygon2|atk|1
|turn|1
|inactive|aqueousbloop has 30 seconds left.
|
|t:|1756219132
|move|p1a: Sneasler|Fake Out|p2a: Porygon2
|-damage|p2a: Porygon2|94/100
|move|p1b: Basculegion|Wave Crash|p2b: Incineroar
|-supereffective|p2b: Incineroar
|-damage|p2b: Incineroar|0 fnt
|faint|p2b: Incineroar
|-damage|p1b: Basculegion|66/100|[from] Recoil
|cant|p2a: Porygon2|flinch
|
|upkeep
|
|t:|1756219144
|switch|p2b: Charizard|Charizard, L50, M|100/100
|turn|2
|
|t:|1756219155
|switch|p1a: Pelipper|Pelipper, L50, M|100/100
|-weather|RainDance|[from] ability: Drizzle|[of] p1a: Pelipper
|move|p1b: Basculegion|Wave Crash|p2b: Charizard
|-supereffective|p2b: Charizard
|-damage|p2b: Charizard|0 fnt
|faint|p2b: Charizard
|-damage|p1b: Basculegion|40/100|[from] Recoil
|move|p2a: Porygon2|Trick Room|p2a: Porygon2
|-fieldstart|move: Trick Room|[of] p2a: Porygon2
|
|-weather|RainDance|[upkeep]
|upkeep
|
|t:|1756219163
|switch|p2b: Torkoal|Torkoal, L50, F|100/100
|-weather|SunnyDay|[from] ability: Drought|[of] p2b: Torkoal
|turn|3
|j| Sambu17
|l| Sambu17
|
|t:|1756219184
|switch|p1b: Sneasler|Sneasler, L50, F|100/100
|move|p1a: Pelipper|Protect|p1a: Pelipper
|-singleturn|p1a: Pelipper|Protect
|move|p2b: Torkoal|Eruption|p1a: Pelipper|[spread] p1b
|-activate|p1a: Pelipper|move: Protect
|-damage|p1b: Sneasler|0 fnt
|faint|p1b: Sneasler
|move|p2a: Porygon2|Tera Blast|p1a: Pelipper
|-activate|p1a: Pelipper|move: Protect
|
|-weather|SunnyDay|[upkeep]
|upkeep
|
|t:|1756219203
|switch|p1b: Lurantis|Lurantis, L50, F|100/100
|turn|4
|inactive|aqueousbloop has 30 seconds left.
|inactive|aqueousbloop has 20 seconds left.
|inactive|aqueousbloop has 15 seconds left.
|inactive|aqueousbloop has 10 seconds left.
|
|t:|1756219250
|move|p1a: Pelipper|Wide Guard|p1a: Pelipper
|-singleturn|p1a: Pelipper|Wide Guard
|move|p2b: Torkoal|Eruption|p1a: Pelipper|[spread] 
|-activate|p1a: Pelipper|move: Wide Guard
|-activate|p1b: Lurantis|move: Wide Guard
|move|p1b: Lurantis|Superpower|p2a: Porygon2
|-supereffective|p2a: Porygon2
|-damage|p2a: Porygon2|46/100
|-boost|p1b: Lurantis|atk|1
|-boost|p1b: Lurantis|def|1
|move|p2a: Porygon2|Tera Blast|p1b: Lurantis
|-damage|p1b: Lurantis|75/100
|
|-weather|SunnyDay|[upkeep]
|upkeep
|turn|5
|inactive|aqueousbloop has 30 seconds left.
|inactive|gabazor has 30 seconds left.
|inactive|aqueousbloop has 20 seconds left.
|inactive|aqueousbloop has 15 seconds left.
|
|t:|1756219295
|-terastallize|p1b: Lurantis|Poison
|move|p1a: Pelipper|Protect||[still]
|-fail|p1a: Pelipper
|move|p2b: Torkoal|Overheat|p1a: Pelipper
|-resisted|p1a: Pelipper
|-damage|p1a: Pelipper|44/100
|-unboost|p2b: Torkoal|spa|2
|move|p1b: Lurantis|Superpower|p2a: Porygon2
|-supereffective|p2a: Porygon2
|-damage|p2a: Porygon2|0 fnt
|-boost|p1b: Lurantis|atk|1
|-boost|p1b: Lurantis|def|1
|faint|p2a: Porygon2
|
|-weather|SunnyDay|[upkeep]
|upkeep
|turn|6
|l|â˜†gabazor
|inactive|gabazor disconnected and has a minute to reconnect!
|player|p2|
|j|â˜†gabazor
|inactive|gabazor reconnected and has 45 seconds left.
|player|p2|gabazor|infielder|
|inactive|aqueousbloop has 30 seconds left.
|inactive|gabazor has 30 seconds left.
|inactive|aqueousbloop has 20 seconds left.
|inactive|gabazor has 20 seconds left.
|inactive|aqueousbloop has 15 seconds left.
|
|t:|1756219337
|move|p1a: Pelipper|Protect|p1a: Pelipper
|-singleturn|p1a: Pelipper|Protect
|move|p2b: Torkoal|Overheat|p1a: Pelipper
|-activate|p1a: Pelipper|move: Protect
|move|p1b: Lurantis|Superpower|p2b: Torkoal
|-damage|p2b: Torkoal|41/100
|-boost|p1b: Lurantis|atk|1
|-boost|p1b: Lurantis|def|1
|
|-weather|SunnyDay|[upkeep]
|-fieldend|move: Trick Room
|upkeep
|turn|7
|inactive|aqueousbloop has 30 seconds left.
|
|t:|1756219363
|move|p2b: Torkoal|Helping Hand|p2: Porygon2|[notarget]
|-fail|p2b: Torkoal
|move|p1a: Pelipper|Hurricane|p2b: Torkoal|[miss]
|-miss|p1a: Pelipper|p2b: Torkoal
|move|p1b: Lurantis|Superpower|p2b: Torkoal
|-damage|p2b: Torkoal|0 fnt
|-boost|p1b: Lurantis|atk|1
|-boost|p1b: Lurantis|def|1
|faint|p2b: Torkoal
|
|win|aqueousbloop
|raw|aqueousbloop's rating: 1113 → 1141(+28 for winning)
|raw|gabazor's rating: 1149 → 1121(-28 for losing)
|l|â˜†gabazor
|player|p2|
