|j|☆Punihina
|j|☆Ederzuri
|html|PunihinaEderzuri    
|uhtml|bestof|Game 2 of a best-of-3
|t:|1784596811
|gametype|doubles
|player|p1|Punihina|lacey|1354
|player|p2|Ederzuri|bugsy|1396
|gen|9
|tier|[Gen 9 Champions] VGC 2026 Reg M-B (Bo3)
|rated|
|rule|Species Clause: Limit one of each Pokémon
|rule|Item Clause: Limit 1 of each item
|clearpoke
|poke|p1|Charizard, L50, F|
|poke|p1|Incineroar, L50, M|
|poke|p1|Garchomp, L50, M|
|poke|p1|Farigiraf, L50, F|
|poke|p1|Mawile, L50, M|
|poke|p1|Basculegion, L50, M|
|poke|p2|Froslass, L50, F|
|poke|p2|Dragonite, L50, M|
|poke|p2|Toxapex, L50, F|
|poke|p2|Sneasler, L50, M|
|poke|p2|Kingambit, L50, M|
|poke|p2|Blaziken, L50, M|
|teampreview|4
|showteam|p1|Charizard||CharizarditeY|Blaze|HeatWave,WeatherBall,Protect,SolarBeam|Modest||F|||50|]Incineroar||PasshoBerry|Intimidate|FakeOut,ThroatChop,FlareBlitz,PartingShot|Careful||M|||50|]Garchomp||LifeOrb|RoughSkin|StompingTantrum,DragonClaw,RockSlide,Protect|Jolly||M|||50|]Farigiraf||SitrusBerry|ArmorTail|TwinBeam,TrickRoom,Thunderbolt,HelpingHand|Modest||F|||50|]Mawile||Mawilite|HyperCutter|PlayRough,IronHead,SuckerPunch,Protect|Adamant||M|||50|]Basculegion||ChoiceScarf|Adaptability|WaveCrash,LastRespects,FlipTurn,AquaJet|Jolly||M|||50|
|showteam|p2|Froslass||Froslassite|CursedBody|Blizzard,ShadowBall,AuroraVeil,Protect|Timid||F|||50|]Dragonite||LifeOrb|InnerFocus|DragonClaw,ExtremeSpeed,LowKick,Protect|Adamant||M|||50|]Toxapex||Leftovers|Regenerator|Infestation,Toxic,WideGuard,BanefulBunker|Bold||F|||50|]Sneasler||FocusSash|PoisonTouch|CloseCombat,PoisonJab,FakeOut,Protect|Jolly||M|||50|]Kingambit||BlackGlasses|Defiant|KowtowCleave,IronHead,SuckerPunch,Protect|Adamant||M|||50|]Blaziken||Blazikenite|SpeedBoost|CloseCombat,FlareBlitz,RockTomb,Protect|Adamant||M|||50|
|inactive|Battle timer is ON: inactive players will automatically lose when time's up. (requested by Ederzuri)
|
|t:|1784596839
|teamsize|p1|4
|teamsize|p2|4
|start
|switch|p1a: Incineroar|Incineroar, L50, M|100/100
|switch|p1b: Mawile|Mawile, L50, M|100/100
|switch|p2a: Blaziken|Blaziken, L50, M|100/100
|switch|p2b: Dragonite|Dragonite, L50, M|100/100
|-ability|p1a: Incineroar|Intimidate|boost
|-unboost|p2a: Blaziken|atk|1
|-fail|p2b: Dragonite|unboost|Attack|[from] ability: Inner Focus|[of] p2b: Dragonite
|turn|1
|
|t:|1784596849
|switch|p1a: Basculegion|Basculegion, L50, M|100/100
|detailschange|p2a: Blaziken|Blaziken-Mega, L50, M
|-mega|p2a: Blaziken|Blaziken|Blazikenite
|detailschange|p1b: Mawile|Mawile-Mega, L50, M
|-mega|p1b: Mawile|Mawile|Mawilite
|move|p2a: Blaziken|Protect|p2a: Blaziken
|-singleturn|p2a: Blaziken|Protect
|move|p2b: Dragonite|Protect|p2b: Dragonite
|-singleturn|p2b: Dragonite|Protect
|move|p1b: Mawile|Play Rough|p2a: Blaziken
|-activate|p2a: Blaziken|move: Protect
|
|-ability|p2a: Blaziken|Speed Boost|boost
|-boost|p2a: Blaziken|spe|1
|upkeep
|turn|2
|inactive|Ederzuri has 30 seconds left.
|
|t:|1784596879
|switch|p2a: Toxapex|Toxapex, L50, F|100/100
|switch|p1a: Incineroar|Incineroar, L50, M|100/100
|-ability|p1a: Incineroar|Intimidate|boost
|-unboost|p2a: Toxapex|atk|1
|-fail|p2b: Dragonite|unboost|Attack|[from] ability: Inner Focus|[of] p2b: Dragonite
|move|p2b: Dragonite|Dragon Claw|p1a: Incineroar
|-damage|p1a: Incineroar|44/100
|-damage|p2b: Dragonite|90/100|[from] item: Life Orb
|move|p1b: Mawile|Play Rough|p2a: Toxapex
|-resisted|p2a: Toxapex|1
|-damage|p2a: Toxapex|73/100
|
|-heal|p2a: Toxapex|78/100|[from] item: Leftovers
|upkeep
|turn|3
|inactive|Punihina has 30 seconds left.
|
|t:|1784596913
|switch|p1a: Farigiraf|Farigiraf, L50, F|100/100
|move|p2b: Dragonite|Dragon Claw|p1a: Farigiraf
|-damage|p1a: Farigiraf|39/100
|-enditem|p1a: Farigiraf|Sitrus Berry|[eat]
|-heal|p1a: Farigiraf|64/100|[from] item: Sitrus Berry
|-damage|p2b: Dragonite|80/100|[from] item: Life Orb
|move|p1b: Mawile|Play Rough|p2b: Dragonite
|-supereffective|p2b: Dragonite|1
|-damage|p2b: Dragonite|0 fnt
|faint|p2b: Dragonite
|move|p2a: Toxapex|Infestation|p1b: Mawile
|-resisted|p1b: Mawile|2
|-damage|p1b: Mawile|99/100
|-activate|p1b: Mawile|move: Infestation|[of] p2a: Toxapex
|
|-heal|p2a: Toxapex|84/100|[from] item: Leftovers
|-damage|p1b: Mawile|87/100|[from] move: Infestation|[partiallytrapped]
|upkeep
|
|t:|1784596928
|switch|p2b: Kingambit|Kingambit, L50, M|100/100
|turn|4
|
|t:|1784596952
|move|p1a: Farigiraf|Helping Hand|p1b: Mawile
|-singleturn|p1b: Mawile|Helping Hand|[of] p1a: Farigiraf
|move|p2a: Toxapex|Baneful Bunker|p2a: Toxapex
|-singleturn|p2a: Toxapex|move: Protect
|move|p2b: Kingambit|Iron Head|p1b: Mawile
|-damage|p1b: Mawile|42/100
|move|p1b: Mawile|Play Rough|p2b: Kingambit
|-damage|p2b: Kingambit|4/100
|
|-heal|p2a: Toxapex|90/100|[from] item: Leftovers
|-damage|p1b: Mawile|30/100|[from] move: Infestation|[partiallytrapped]
|upkeep
|turn|5
|inactive|Punihina has 30 seconds left.
|
|t:|1784596978
|move|p2b: Kingambit|Protect|p2b: Kingambit
|-singleturn|p2b: Kingambit|Protect
|move|p1b: Mawile|Sucker Punch||[still]
|-fail|p1b: Mawile
|move|p1a: Farigiraf|Twin Beam|p2a: Toxapex
|-supereffective|p2a: Toxapex|1
|-damage|p2a: Toxapex|59/100
|-supereffective|p2a: Toxapex|1
|-damage|p2a: Toxapex|33/100
|-hitcount|p2a: Toxapex|2
|move|p2a: Toxapex|Toxic|p1a: Farigiraf
|-status|p1a: Farigiraf|tox
|
|-heal|p2a: Toxapex|38/100|[from] item: Leftovers
|-damage|p1a: Farigiraf|58/100 tox|[from] psn
|-damage|p1b: Mawile|18/100|[from] move: Infestation|[partiallytrapped]
|upkeep
|turn|6
|
|t:|1784597001
|move|p2a: Toxapex|Baneful Bunker|p2a: Toxapex
|-singleturn|p2a: Toxapex|move: Protect
|move|p2b: Kingambit|Sucker Punch||[still]
|cant|p1a: Farigiraf|ability: Armor Tail|Sucker Punch|[of] p2b: Kingambit
|move|p1b: Mawile|Sucker Punch||[still]
|-fail|p1b: Mawile
|move|p1a: Farigiraf|Twin Beam|p2b: Kingambit
|-immune|p2b: Kingambit
|
|-heal|p2a: Toxapex|44/100|[from] item: Leftovers
|-damage|p1a: Farigiraf|46/100 tox|[from] psn
|-damage|p1b: Mawile|6/100|[from] move: Infestation|[partiallytrapped]
|upkeep
|turn|7
|inactive|Ederzuri has 30 seconds left.
|
|t:|1784597031
|-heal|p2a: Toxapex|77/100|[from] ability: Regenerator|[silent]
|switch|p2a: Blaziken|Blaziken-Mega, L50, M|100/100
|move|p2b: Kingambit|Protect|p2b: Kingambit
|-singleturn|p2b: Kingambit|Protect
|move|p1b: Mawile|Sucker Punch||[still]
|-fail|p1b: Mawile
|move|p1a: Farigiraf|Twin Beam|p2a: Blaziken
|-supereffective|p2a: Blaziken|1
|-damage|p2a: Blaziken|48/100
|-supereffective|p2a: Blaziken|1
|-damage|p2a: Blaziken|0 fnt
|faint|p2a: Blaziken
|-hitcount|p2: Blaziken|2
|
|-damage|p1a: Farigiraf|27/100 tox|[from] psn
|-end|p1b: Mawile|Infestation|[partiallytrapped]|[silent]
|upkeep
|
|t:|1784597042
|switch|p2a: Toxapex|Toxapex, L50, F|77/100
|turn|8
|
|t:|1784597059
|switch|p1b: Incineroar|Incineroar, L50, M|44/100
|-ability|p1b: Incineroar|Intimidate|boost
|-unboost|p2a: Toxapex|atk|1
|-unboost|p2b: Kingambit|atk|1
|-ability|p2b: Kingambit|Defiant|boost
|-boost|p2b: Kingambit|atk|2
|move|p2a: Toxapex|Baneful Bunker|p2a: Toxapex
|-singleturn|p2a: Toxapex|move: Protect
|move|p1a: Farigiraf|Thunderbolt|p2b: Kingambit
|-damage|p2b: Kingambit|0 fnt
|faint|p2b: Kingambit
|
|-heal|p2a: Toxapex|83/100|[from] item: Leftovers
|-damage|p1a: Farigiraf|2/100 tox|[from] psn
|upkeep
|turn|9
|
|t:|1784597076
|move|p2a: Toxapex|Baneful Bunker||[still]
|-fail|p2a: Toxapex
|move|p1b: Incineroar|Fake Out|p2a: Toxapex
|-damage|p2a: Toxapex|75/100
|move|p1a: Farigiraf|Twin Beam|p2a: Toxapex
|-supereffective|p2a: Toxapex|1
|-damage|p2a: Toxapex|47/100
|-supereffective|p2a: Toxapex|1
|-damage|p2a: Toxapex|17/100
|-hitcount|p2a: Toxapex|2
|
|-heal|p2a: Toxapex|22/100|[from] item: Leftovers
|-damage|p1a: Farigiraf|0 fnt|[from] psn
|faint|p1a: Farigiraf
|upkeep
|
|t:|1784597096
|switch|p1a: Basculegion|Basculegion, L50, M|100/100
|turn|10
|
|t:|1784597101
|move|p1a: Basculegion|Last Respects|p2a: Toxapex
|-damage|p2a: Toxapex|0 fnt
|faint|p2a: Toxapex
|
|win|Punihina
||Punihina is ready for game 3.
||Ederzuri is ready for game 3.
|uhtml|next|Next: Game 3 of 3
|l|☆Ederzuri
|player|p2|
|l|☆Punihina
|player|p1|
|j|☆Punihina
|player|p1|Punihina|lacey|
