|j|☆mcLovin_moreno
|j|☆Okknd
|html|mcLovin_morenoOkknd    
|uhtml|bestof|Game 1 of a best-of-3
|t:|1756777396
|gametype|doubles
|player|p1|mcLovin_moreno|n|1000
|player|p2|Okknd|rood|1016
|gen|9
|tier|[Gen 9] VGC 2025 Reg H (Bo3)
|rated|
|rule|Species Clause: Limit one of each Pokémon
|rule|Item Clause: Limit 1 of each item
|clearpoke
|poke|p1|Pelipper, L50, F|
|poke|p1|Archaludon, L50, M|
|poke|p1|Incineroar, L50, F|
|poke|p1|Amoonguss, L50, M|
|poke|p1|Dragonite, L50, F|
|poke|p1|Gholdengo, L50|
|poke|p2|Garganacl, L50, F|
|poke|p2|Gholdengo, L50|
|poke|p2|Porygon2, L50|
|poke|p2|Ursaluna, L50, F|
|poke|p2|Incineroar, L50, M|
|poke|p2|Dragonite, L50, M|
|teampreview|4
|showteam|p1|Pelipper||DampRock|Drizzle|Hurricane,WeatherBall,Tailwind,WideGuard|||F|||50|,,,,,Grass]Archaludon||AssaultVest|Stamina|ElectroShot,DracoMeteor,FlashCannon,Snarl|||M|||50|,,,,,Water]Incineroar||SafetyGoggles|Intimidate|FakeOut,KnockOff,FlareBlitz,PartingShot|||F|||50|,,,,,Water]Amoonguss||SitrusBerry|Regenerator|Spore,RagePowder,PollenPuff,Protect|||M|||50|,,,,,Water]Dragonite||ChoiceBand|Multiscale|ExtremeSpeed,StompingTantrum,IceSpinner,FirePunch|||F|||50|,,,,,Normal]Gholdengo||Leftovers|GoodasGold|MakeItRain,ShadowBall,NastyPlot,Protect||||||50|,,,,,Water
|showteam|p2|Garganacl||Leftovers|PurifyingSalt|BodyPress,SaltCure,Protect,Recover|||F|||50|,,,,,Water]Gholdengo||LifeOrb|GoodasGold|MakeItRain,ShadowBall,Protect,NastyPlot||||||50|,,,,,Steel]Porygon2||Eviolite|Download|TeraBlast,Recover,TrickRoom,ShadowBall||||||50|,,,,,Flying]Ursaluna||FlameOrb|Guts|Facade,HeadlongRush,Earthquake,Protect|||F|||50|,,,,,Normal]Incineroar||SafetyGoggles|Intimidate|FakeOut,KnockOff,PartingShot,FlareBlitz|||M|||50|,,,,,Fairy]Dragonite||LoadedDice|Multiscale|Tailwind,Protect,ScaleShot,ExtremeSpeed|||M|||50|,,,,,Water
|inactive|Battle timer is ON: inactive players will automatically lose when time's up. (requested by Okknd)
|inactive|mcLovin_moreno also wants the timer to be on.
|inactive|mcLovin_moreno has 60 seconds left.
|inactive|Okknd has 60 seconds left.
|
|t:|1756777456
|teamsize|p1|4
|teamsize|p2|4
|start
|switch|p1a: Incineroar|Incineroar, L50, F|100/100
|switch|p1b: Amoonguss|Amoonguss, L50, M|100/100
|switch|p2a: Garganacl|Garganacl, L50, F|100/100
|switch|p2b: Dragonite|Dragonite, L50, M|100/100
|-ability|p1a: Incineroar|Intimidate|boost
|-unboost|p2a: Garganacl|atk|1
|-unboost|p2b: Dragonite|atk|1
|turn|1
|inactive|mcLovin_moreno has 30 seconds left.
|inactive|mcLovin_moreno has 20 seconds left.
|inactive|mcLovin_moreno has 15 seconds left.
|inactive|mcLovin_moreno has 10 seconds left.
|
|t:|1756777501
|move|p2b: Dragonite|Protect|p2b: Dragonite
|-singleturn|p2b: Dragonite|Protect
|move|p1a: Incineroar|Fake Out|p2b: Dragonite
|-activate|p2b: Dragonite|move: Protect
|move|p2a: Garganacl|Salt Cure|p1b: Amoonguss
|-damage|p1b: Amoonguss|92/100
|-start|p1b: Amoonguss|Salt Cure
|move|p1b: Amoonguss|Spore|p2b: Dragonite
|-activate|p2b: Dragonite|move: Protect
|
|-damage|p1b: Amoonguss|80/100|[from] Salt Cure
|upkeep
|turn|2
|inactive|mcLovin_moreno has 30 seconds left.
|
|t:|1756777532
|move|p2b: Dragonite|Scale Shot|p1a: Incineroar
|-damage|p1a: Incineroar|93/100
|-damage|p1a: Incineroar|85/100
|-damage|p1a: Incineroar|77/100
|-damage|p1a: Incineroar|70/100
|-hitcount|p1a: Incineroar|4
|-unboost|p2b: Dragonite|def|1
|-boost|p2b: Dragonite|spe|1
|move|p1a: Incineroar|Knock Off|p2b: Dragonite
|-damage|p2b: Dragonite|69/100
|-enditem|p2b: Dragonite|Loaded Dice|[from] move: Knock Off|[of] p1a: Incineroar
|move|p2a: Garganacl|Body Press|p1a: Incineroar
|-supereffective|p1a: Incineroar
|-damage|p1a: Incineroar|22/100
|move|p1b: Amoonguss|Spore|p2a: Garganacl
|-immune|p2a: Garganacl|[from] ability: Purifying Salt
|
|-damage|p1b: Amoonguss|68/100|[from] Salt Cure
|upkeep
|turn|3
|inactive|mcLovin_moreno has 30 seconds left.
|inactive|Okknd has 30 seconds left.
|
|t:|1756777559
|move|p2b: Dragonite|Protect|p2b: Dragonite
|-singleturn|p2b: Dragonite|Protect
|move|p1b: Amoonguss|Rage Powder|p1b: Amoonguss
|-singleturn|p1b: Amoonguss|move: Rage Powder
|move|p1a: Incineroar|Knock Off|p2a: Garganacl
|-damage|p2a: Garganacl|76/100
|-enditem|p2a: Garganacl|Leftovers|[from] move: Knock Off|[of] p1a: Incineroar
|move|p2a: Garganacl|Body Press|p1b: Amoonguss
|-resisted|p1b: Amoonguss
|-damage|p1b: Amoonguss|57/100
|
|-damage|p1b: Amoonguss|45/100|[from] Salt Cure
|upkeep
|-enditem|p1b: Amoonguss|Sitrus Berry|[eat]
|-heal|p1b: Amoonguss|69/100|[from] item: Sitrus Berry
|turn|4
|
|t:|1756777575
|move|p1b: Amoonguss|Rage Powder|p1b: Amoonguss
|-singleturn|p1b: Amoonguss|move: Rage Powder
|move|p2b: Dragonite|Tailwind|p2b: Dragonite
|-sidestart|p2: Okknd|move: Tailwind
|move|p2a: Garganacl|Body Press|p1b: Amoonguss
|-resisted|p1b: Amoonguss
|-damage|p1b: Amoonguss|57/100
|move|p1a: Incineroar|Parting Shot|p2b: Dragonite
|-unboost|p2b: Dragonite|atk|1
|-unboost|p2b: Dragonite|spa|1
|
|t:|1756777587
|switch|p1a: Pelipper|Pelipper, L50, F|100/100|[from] Parting Shot
|-weather|RainDance|[from] ability: Drizzle|[of] p1a: Pelipper
|
|-weather|RainDance|[upkeep]
|-damage|p1b: Amoonguss|45/100|[from] Salt Cure
|upkeep
|turn|5
|
|t:|1756777602
|switch|p2b: Ursaluna|Ursaluna, L50, F|100/100
|move|p1b: Amoonguss|Rage Powder|p1b: Amoonguss
|-singleturn|p1b: Amoonguss|move: Rage Powder
|move|p1a: Pelipper|Tailwind|p1a: Pelipper
|-sidestart|p1: mcLovin_moreno|move: Tailwind
|move|p2a: Garganacl|Salt Cure|p1b: Amoonguss
|-damage|p1b: Amoonguss|37/100
|
|-weather|RainDance|[upkeep]
|-damage|p1b: Amoonguss|25/100|[from] Salt Cure
|-status|p2b: Ursaluna|brn|[from] item: Flame Orb
|upkeep
|turn|6
|
|t:|1756777619
|-terastallize|p2b: Ursaluna|Normal
|move|p2a: Garganacl|Protect|p2a: Garganacl
|-singleturn|p2a: Garganacl|Protect
|move|p1a: Pelipper|Weather Ball|p2a: Garganacl
|-activate|p2a: Garganacl|move: Protect
|move|p2b: Ursaluna|Facade|p1a: Pelipper
|-crit|p1a: Pelipper
|-damage|p1a: Pelipper|0 fnt
|faint|p1a: Pelipper
|move|p1b: Amoonguss|Spore||[still]
|-fail|p1b: Amoonguss
|
|-weather|RainDance|[upkeep]
|-damage|p2b: Ursaluna|95/100 brn|[from] brn
|-damage|p1b: Amoonguss|13/100|[from] Salt Cure
|upkeep
|
|t:|1756777634
|switch|p1a: Dragonite|Dragonite, L50, F|100/100
|turn|7
|
|t:|1756777646
|switch|p2a: Dragonite|Dragonite, L50, M|69/100
|-terastallize|p1a: Dragonite|Normal
|move|p2b: Ursaluna|Protect|p2b: Ursaluna
|-singleturn|p2b: Ursaluna|Protect
|move|p1a: Dragonite|Extreme Speed|p2b: Ursaluna
|-activate|p2b: Ursaluna|move: Protect
|move|p1b: Amoonguss|Rage Powder|p1b: Amoonguss
|-singleturn|p1b: Amoonguss|move: Rage Powder
|
|-weather|RainDance|[upkeep]
|-damage|p2b: Ursaluna|89/100 brn|[from] brn
|-damage|p1b: Amoonguss|0 fnt|[from] Salt Cure
|faint|p1b: Amoonguss
|-sideend|p2: Okknd|move: Tailwind
|upkeep
|
|t:|1756777652
|switch|p1b: Incineroar|Incineroar, L50, F|22/100
|-ability|p1b: Incineroar|Intimidate|boost
|-unboost|p2a: Dragonite|atk|1
|-unboost|p2b: Ursaluna|atk|1
|turn|8
|
|t:|1756777668
|move|p1b: Incineroar|Fake Out|p2b: Ursaluna
|-damage|p2b: Ursaluna|79/100 brn
|move|p1a: Dragonite|Extreme Speed|p2a: Dragonite
|-damage|p2a: Dragonite|0 fnt
|faint|p2a: Dragonite
|cant|p2b: Ursaluna|flinch
|
|-weather|RainDance|[upkeep]
|-damage|p2b: Ursaluna|73/100 brn|[from] brn
|-sideend|p1: mcLovin_moreno|move: Tailwind
|upkeep
|
|t:|1756777671
|switch|p2a: Porygon2|Porygon2, L50|100/100
|-ability|p2a: Porygon2|Download|boost
|-boost|p2a: Porygon2|atk|1
|turn|9
|
|t:|1756777682
|move|p2b: Ursaluna|Protect|p2b: Ursaluna
|-singleturn|p2b: Ursaluna|Protect
|move|p1a: Dragonite|Extreme Speed|p2b: Ursaluna
|-activate|p2b: Ursaluna|move: Protect
|move|p1b: Incineroar|Knock Off|p2b: Ursaluna
|-activate|p2b: Ursaluna|move: Protect
|move|p2a: Porygon2|Trick Room|p2a: Porygon2
|-fieldstart|move: Trick Room|[of] p2a: Porygon2
|
|-weather|RainDance|[upkeep]
|-damage|p2b: Ursaluna|67/100 brn|[from] brn
|upkeep
|turn|10
|
|t:|1756777695
|switch|p2a: Garganacl|Garganacl, L50, F|76/100
|move|p1a: Dragonite|Extreme Speed|p2b: Ursaluna
|-damage|p2b: Ursaluna|18/100 brn
|move|p1b: Incineroar|Knock Off|p2a: Garganacl
|-damage|p2a: Garganacl|58/100
|move|p2b: Ursaluna|Facade|p1a: Dragonite
|-damage|p1a: Dragonite|42/100
|
|-weather|RainDance|[upkeep]
|-damage|p2b: Ursaluna|12/100 brn|[from] brn
|upkeep
|turn|11
|
|t:|1756777712
|switch|p2b: Porygon2|Porygon2, L50|100/100
|-ability|p2b: Porygon2|Download|boost
|-boost|p2b: Porygon2|atk|1
|move|p1a: Dragonite|Extreme Speed|p2a: Garganacl
|-resisted|p2a: Garganacl
|-crit|p2a: Garganacl
|-damage|p2a: Garganacl|28/100
|move|p2a: Garganacl|Body Press|p1a: Dragonite
|-supereffective|p1a: Dragonite
|-damage|p1a: Dragonite|0 fnt
|faint|p1a: Dragonite
|move|p1b: Incineroar|Knock Off|p2a: Garganacl
|-crit|p2a: Garganacl
|-damage|p2a: Garganacl|0 fnt
|faint|p2a: Garganacl
|
|-weather|none
|upkeep
|
|t:|1756777719
|switch|p2a: Ursaluna|Ursaluna, L50, F, tera:Normal|12/100 brn
|turn|12
|
|t:|1756777725
|move|p2b: Porygon2|Tera Blast|p1b: Incineroar
|-damage|p1b: Incineroar|0 fnt
|faint|p1b: Incineroar
|
|win|Okknd
||mcLovin_moreno is ready for game 2.
