|j|☆MizzleWaterCooler
|j|☆abuzmander
|html|MizzleWaterCoolerabuzmander    
|uhtml|bestof|Game 2 of a best-of-3
|t:|1756428605
|gametype|doubles
|player|p1|MizzleWaterCooler|brycen|1125
|player|p2|abuzmander|hiker-gen4|1055
|gen|9
|tier|[Gen 9] VGC 2025 Reg H (Bo3)
|rated|
|rule|Species Clause: Limit one of each Pokémon
|rule|Item Clause: Limit 1 of each item
|clearpoke
|poke|p1|Ursaluna-Bloodmoon, L50, M|
|poke|p1|Indeedee, L50, M|
|poke|p1|Sneasler, L50, F|
|poke|p1|Talonflame, L50, F|
|poke|p1|Incineroar, L50, M|
|poke|p1|Electabuzz, L50, F|
|poke|p2|Excadrill, L50, M|
|poke|p2|Tyranitar, L50, F|
|poke|p2|Dragonite, L50, M|
|poke|p2|Primarina, L50, M|
|poke|p2|Charizard, L50, F|
|poke|p2|Annihilape, L50, F|
|teampreview|4
|showteam|p1|Ursaluna-Bloodmoon||LifeOrb|MindsEye|BloodMoon,EarthPower,HyperVoice,Protect|||M|||50|,,,,,Normal]Indeedee||FocusSash|PsychicSurge|ExpandingForce,HelpingHand,TrickRoom,Protect|||M|||50|,,,,,Psychic]Sneasler||PsychicSeed|Unburden|CloseCombat,DireClaw,ThroatChop,Protect|||F|||50|,,,,,Dark]Talonflame||CovertCloak|GaleWings|FlareBlitz,DualWingbeat,WillOWisp,Tailwind|||F|||50|,,,,,Fairy]Incineroar||SafetyGoggles|Intimidate|FlareBlitz,KnockOff,PartingShot,FakeOut|||M|||50|,,,,,Ghost]Electabuzz||Eviolite|VitalSpirit|Electroweb,FollowMe,Taunt,Protect|||F|||50|,,,,,Dragon
|showteam|p2|Excadrill||ClearAmulet|SandRush|Protect,HighHorsepower,IronHead,Earthquake|||M|||50|,,,,,Grass]Tyranitar||AssaultVest|SandStream|RockSlide,KnockOff,TeraBlast,LowKick|||F|||50|,,,,,Flying]Dragonite||ChoiceBand|InnerFocus|Outrage,ExtremeSpeed,IceSpinner,AerialAce|||M|||50|,,,,,Normal]Primarina||ThroatSpray|LiquidVoice|HyperVoice,Moonblast,Haze,Protect|||M|||50|,,,,,Grass]Charizard||SitrusBerry|SolarPower|BlastBurn,AirSlash,Sandstorm,Counter|||F|||50|,,,,,Fire]Annihilape||ChoiceScarf|Defiant|FinalGambit,RageFist,DrainPunch,CloseCombat|||F|||50|,,,,,Fire
|inactive|Battle timer is ON: inactive players will automatically lose when time's up. (requested by MizzleWaterCooler)
|
|t:|1756428613
|teamsize|p1|4
|teamsize|p2|4
|start
|switch|p1a: Indeedee|Indeedee, L50, M|100/100
|switch|p1b: Sneasler|Sneasler, L50, F|100/100
|switch|p2a: Primarina|Primarina, L50, M|100/100
|switch|p2b: Dragonite|Dragonite, L50, M|100/100
|-fieldstart|move: Psychic Terrain|[from] ability: Psychic Surge|[of] p1a: Indeedee
|-enditem|p1b: Sneasler|Psychic Seed
|-boost|p1b: Sneasler|spd|1|[from] item: Psychic Seed
|turn|1
|inactive|MizzleWaterCooler has 30 seconds left.
|
|t:|1756428640
|move|p1b: Sneasler|Dire Claw|p2a: Primarina
|-supereffective|p2a: Primarina
|-damage|p2a: Primarina|0 fnt
|faint|p2a: Primarina
|move|p1a: Indeedee|Expanding Force|p2b: Dragonite
|-damage|p2b: Dragonite|36/100
|move|p2b: Dragonite|Outrage|p1b: Sneasler
|-damage|p1b: Sneasler|0 fnt
|faint|p1b: Sneasler
|
|upkeep
|
|t:|1756428656
|switch|p1b: Talonflame|Talonflame, L50, F|100/100
|switch|p2a: Tyranitar|Tyranitar, L50, F|100/100
|-weather|Sandstorm|[from] ability: Sand Stream|[of] p2a: Tyranitar
|turn|2
|inactive|MizzleWaterCooler has 30 seconds left.
|inactive|MizzleWaterCooler has 20 seconds left.
|
|t:|1756428693
|-terastallize|p1b: Talonflame|Fairy
|move|p1a: Indeedee|Protect|p1a: Indeedee
|-singleturn|p1a: Indeedee|Protect
|move|p1b: Talonflame|Will-O-Wisp|p2a: Tyranitar
|-status|p2a: Tyranitar|brn
|move|p2b: Dragonite|Outrage|p1a: Indeedee|[from] lockedmove
|-activate|p1a: Indeedee|move: Protect
|move|p2a: Tyranitar|Rock Slide|p1b: Talonflame|[spread] p1b
|-activate|p1a: Indeedee|move: Protect
|-damage|p1b: Talonflame|77/100
|
|-weather|Sandstorm|[upkeep]
|-damage|p1b: Talonflame|71/100|[from] Sandstorm
|-damage|p1a: Indeedee|95/100|[from] Sandstorm
|-damage|p2b: Dragonite|30/100|[from] Sandstorm
|-damage|p2a: Tyranitar|95/100 brn|[from] brn
|upkeep
|turn|3
|inactive|abuzmander has 30 seconds left.
|
|t:|1756428720
|switch|p2b: Excadrill|Excadrill, L50, M|100/100
|move|p1b: Talonflame|Tailwind|p1b: Talonflame
|-sidestart|p1: MizzleWaterCooler|move: Tailwind
|move|p1a: Indeedee|Expanding Force|p2b: Excadrill|[spread] p2b
|-immune|p2a: Tyranitar
|-resisted|p2b: Excadrill
|-damage|p2b: Excadrill|67/100
|move|p2a: Tyranitar|Rock Slide|p1a: Indeedee|[spread] p1a,p1b
|-damage|p1a: Indeedee|62/100
|-damage|p1b: Talonflame|46/100
|
|-weather|Sandstorm|[upkeep]
|-damage|p1b: Talonflame|40/100|[from] Sandstorm
|-damage|p1a: Indeedee|56/100|[from] Sandstorm
|-damage|p2a: Tyranitar|89/100 brn|[from] brn
|upkeep
|turn|4
|inactive|MizzleWaterCooler has 30 seconds left.
|
|t:|1756428745
|move|p1a: Indeedee|Helping Hand|p1b: Talonflame
|-singleturn|p1b: Talonflame|Helping Hand|[of] p1a: Indeedee
|move|p1b: Talonflame|Flare Blitz|p2b: Excadrill
|-supereffective|p2b: Excadrill
|-damage|p2b: Excadrill|0 fnt
|faint|p2b: Excadrill
|-damage|p1b: Talonflame|12/100|[from] Recoil
|move|p2a: Tyranitar|Rock Slide|p1a: Indeedee|[spread] p1a
|-miss|p2a: Tyranitar|p1b: Talonflame
|-damage|p1a: Indeedee|23/100
|
|-weather|Sandstorm|[upkeep]
|-damage|p1b: Talonflame|6/100|[from] Sandstorm
|-damage|p1a: Indeedee|17/100|[from] Sandstorm
|-damage|p2a: Tyranitar|83/100 brn|[from] brn
|upkeep
|
|t:|1756428757
|switch|p2b: Dragonite|Dragonite, L50, M|30/100
|turn|5
|
|t:|1756428773
|-terastallize|p2b: Dragonite|Normal
|move|p2b: Dragonite|Extreme Speed|p1a: Indeedee
|-activate|p1a: Indeedee|move: Psychic Terrain
|move|p1b: Talonflame|Flare Blitz|p2a: Tyranitar
|-resisted|p2a: Tyranitar
|-damage|p2a: Tyranitar|64/100 brn
|-damage|p1b: Talonflame|0 fnt|[from] Recoil
|faint|p1b: Talonflame
|move|p1a: Indeedee|Expanding Force|p2a: Tyranitar|[spread] p2b
|-immune|p2a: Tyranitar
|-crit|p2b: Dragonite
|-damage|p2b: Dragonite|0 fnt
|faint|p2b: Dragonite
|move|p2a: Tyranitar|Knock Off|p1a: Indeedee
|-supereffective|p1a: Indeedee
|-damage|p1a: Indeedee|0 fnt
|-enditem|p1a: Indeedee|Focus Sash|[from] move: Knock Off|[of] p2a: Tyranitar
|faint|p1a: Indeedee
|
|-weather|Sandstorm|[upkeep]
|-damage|p2a: Tyranitar|58/100 brn|[from] brn
|-fieldend|move: Psychic Terrain
|upkeep
|
|t:|1756428785
|switch|p1b: Ursaluna|Ursaluna-Bloodmoon, L50, M|100/100
|turn|6
|
|t:|1756428801
|move|p1b: Ursaluna|Blood Moon|p2a: Tyranitar
|-resisted|p2a: Tyranitar
|-damage|p2a: Tyranitar|36/100 brn
|-damage|p1b: Ursaluna|91/100|[from] item: Life Orb
|move|p2a: Tyranitar|Low Kick|p1b: Ursaluna
|-supereffective|p1b: Ursaluna
|-damage|p1b: Ursaluna|54/100
|
|-weather|none
|-damage|p2a: Tyranitar|30/100 brn|[from] brn
|-sideend|p1: MizzleWaterCooler|move: Tailwind
|upkeep
|turn|7
|
|t:|1756428825
|move|p1b: Ursaluna|Protect|p1b: Ursaluna
|-singleturn|p1b: Ursaluna|Protect
|move|p2a: Tyranitar|Low Kick|p1b: Ursaluna
|-activate|p1b: Ursaluna|move: Protect
|
|-damage|p2a: Tyranitar|24/100 brn|[from] brn
|upkeep
|turn|8
|
|t:|1756428835
|move|p1b: Ursaluna|Blood Moon|p2a: Tyranitar
|-resisted|p2a: Tyranitar
|-damage|p2a: Tyranitar|0 fnt
|faint|p2a: Tyranitar
|-damage|p1b: Ursaluna|45/100|[from] item: Life Orb
|
|win|MizzleWaterCooler
|raw|MizzleWaterCooler's rating: 1125 → 1145(+20 for winning)
|raw|abuzmander's rating: 1055 → 1040(-15 for losing)
|l|☆abuzmander
|player|p2|
