|j|☆farruktvgc
|j|☆Sificon~
|html|farruktvgcSificon~    
|uhtml|bestof|Game 1 of a best-of-3
|t:|1784147372
|gametype|doubles
|player|p1|farruktvgc|benga|
|player|p2|Sificon~|#sificon2|
|gen|9
|tier|[Gen 9 Champions] VGC 2026 Reg M-B (Bo3)
|rule|Species Clause: Limit one of each Pokémon
|rule|Item Clause: Limit 1 of each item
|clearpoke
|poke|p1|Venusaur, L50, M|
|poke|p1|Grimmsnarl, L50, M|
|poke|p1|Pelipper, L50, M|
|poke|p1|Archaludon, L50, F|
|poke|p1|Charizard, L50, M|
|poke|p1|Basculegion, L50, M|
|poke|p2|Golurk, L50|
|poke|p2|Sylveon, L50, M|
|poke|p2|Incineroar, L50, M|
|poke|p2|Farigiraf, L50, F|
|poke|p2|Sneasler, L50, M|
|poke|p2|Torkoal, L50, F|
|teampreview|4
|showteam|p1|Venusaur||FocusSash|Chlorophyll|SludgeBomb,EarthPower,SleepPowder,Protect|Modest||M|||50|]Grimmsnarl||LightClay|Prankster|SpiritBreak,Reflect,LightScreen,PartingShot|Careful||M|||50|]Pelipper||SitrusBerry|Drizzle|Hurricane,WeatherBall,Tailwind,WideGuard|Modest||M|||50|]Archaludon||Leftovers|Stamina|DragonPulse,FlashCannon,ElectroShot,Protect|Modest||F|||50|]Charizard||CharizarditeY|Blaze|HeatWave,SolarBeam,WeatherBall,Protect|Modest||M|||50|]Basculegion||ChoiceScarf|Adaptability|WaveCrash,FlipTurn,LastRespects,AquaJet|Jolly||M|||50|
|showteam|p2|Golurk||Golurkite|NoGuard|HeadlongRush,Protect,IcePunch,Poltergeist|Brave|||||50|]Sylveon||FairyFeather|Pixilate|HyperVoice,Detect,CalmMind,HyperBeam|Quiet||M|||50|]Incineroar||SitrusBerry|Intimidate|FlareBlitz,PartingShot,FakeOut,DarkestLariat|Adamant||M|||50|]Farigiraf||ColburBerry|ArmorTail|PsychicNoise,HelpingHand,Thunderbolt,TrickRoom|Quiet||F|||50|]Sneasler||FocusSash|Unburden|CloseCombat,PoisonJab,RockSlide,FakeOut|Adamant||M|||50|]Torkoal||Charcoal|Drought|Eruption,WeatherBall,HeatWave,Protect|Quiet||F|||50|
|inactive|Battle timer is ON: inactive players will automatically lose when time's up. (requested by Sificon~)
|c|☆Sificon~|hf
|c|☆farruktvgc|Glhf
|inactive|farruktvgc has 60 seconds left.
|inactive|Sificon~ has 60 seconds left.
|inactive|Sificon~ has 30 seconds left.
|inactive|Sificon~ has 20 seconds left.
|inactive|Sificon~ has 15 seconds left.
|inactive|Sificon~ has 10 seconds left.
|inactive|Sificon~ has 5 seconds left.
|
|t:|1784147460
|teamsize|p1|4
|teamsize|p2|4
|start
|switch|p1a: Archaludon|Archaludon, L50, F|100/100
|switch|p1b: Basculegion|Basculegion, L50, M|100/100
|switch|p2a: Farigiraf|Farigiraf, L50, F|100/100
|switch|p2b: Incineroar|Incineroar, L50, M|100/100
|-ability|p2b: Incineroar|Intimidate|boost
|-unboost|p1a: Archaludon|atk|1
|-unboost|p1b: Basculegion|atk|1
|turn|1
|inactive|Sificon~ has 30 seconds left.
|
|t:|1784147487
|move|p1b: Basculegion|Flip Turn|p1a: Archaludon
|-resisted|p1a: Archaludon|1
|-damage|p1a: Archaludon|91/100
|-ability|p1a: Archaludon|Stamina|boost
|-boost|p1a: Archaludon|def|1
|
|t:|1784147495
|switch|p1b: Pelipper|Pelipper, L50, M|100/100|[from] Flip Turn
|-weather|RainDance|[from] ability: Drizzle|[of] p1b: Pelipper
|move|p1a: Archaludon|Electro Shot||[still]
|-prepare|p1a: Archaludon|Electro Shot
|-boost|p1a: Archaludon|spa|1
|-anim|p1a: Archaludon|Electro Shot|p2a: Farigiraf
|-damage|p2a: Farigiraf|53/100
|move|p2b: Incineroar|Parting Shot|p1a: Archaludon
|-unboost|p1a: Archaludon|atk|1
|-unboost|p1a: Archaludon|spa|1
|
|t:|1784147505
|switch|p2b: Torkoal|Torkoal, L50, F|100/100|[from] Parting Shot
|-weather|SunnyDay|[from] ability: Drought|[of] p2b: Torkoal
|move|p2a: Farigiraf|Trick Room|p2a: Farigiraf
|-fieldstart|move: Trick Room|[of] p2a: Farigiraf
|
|-weather|SunnyDay|[upkeep]
|-heal|p1a: Archaludon|97/100|[from] item: Leftovers
|upkeep
|turn|2
|
|t:|1784147522
|switch|p2a: Golurk|Golurk, L50|100/100
|switch|p1b: Charizard|Charizard, L50, M|100/100
|move|p1a: Archaludon|Protect|p1a: Archaludon
|-singleturn|p1a: Archaludon|Protect
|move|p2b: Torkoal|Weather Ball|p1a: Archaludon
|-activate|p1a: Archaludon|move: Protect
|
|-weather|SunnyDay|[upkeep]
|-heal|p1a: Archaludon|100/100|[from] item: Leftovers
|upkeep
|turn|3
|inactive|farruktvgc has 30 seconds left.
|inactive|farruktvgc has 20 seconds left.
|
|t:|1784147557
|switch|p1b: Pelipper|Pelipper, L50, M|100/100
|-weather|RainDance|[from] ability: Drizzle|[of] p1b: Pelipper
|detailschange|p2a: Golurk|Golurk-Mega, L50
|-mega|p2a: Golurk|Golurk|Golurkite
|move|p2b: Torkoal|Eruption|p1a: Archaludon|[spread] p1a,p1b
|-resisted|p1b: Pelipper|1
|-damage|p1a: Archaludon|71/100
|-damage|p1b: Pelipper|83/100
|-ability|p1a: Archaludon|Stamina|boost
|-boost|p1a: Archaludon|def|1
|move|p2a: Golurk|Poltergeist|p1b: Pelipper
|-activate|p1b: Pelipper|move: Poltergeist|Sitrus Berry
|-damage|p1b: Pelipper|3/100
|-enditem|p1b: Pelipper|Sitrus Berry|[eat]
|-heal|p1b: Pelipper|28/100|[from] item: Sitrus Berry
|move|p1a: Archaludon|Electro Shot||[still]
|-prepare|p1a: Archaludon|Electro Shot
|-boost|p1a: Archaludon|spa|1
|-anim|p1a: Archaludon|Electro Shot|p2b: Torkoal
|-damage|p2b: Torkoal|22/100
|
|-weather|RainDance|[upkeep]
|-heal|p1a: Archaludon|77/100|[from] item: Leftovers
|upkeep
|turn|4
|inactive|farruktvgc has 30 seconds left.
|inactive|Sificon~ has 30 seconds left.
|
|t:|1784147597
|switch|p2b: Farigiraf|Farigiraf, L50, F|53/100
|move|p2a: Golurk|Headlong Rush|p1a: Archaludon
|-supereffective|p1a: Archaludon|1
|-damage|p1a: Archaludon|21/100
|-unboost|p2a: Golurk|def|1
|-unboost|p2a: Golurk|spd|1
|-ability|p1a: Archaludon|Stamina|boost
|-boost|p1a: Archaludon|def|1
|move|p1b: Pelipper|Weather Ball|p2a: Golurk
|-supereffective|p2a: Golurk|1
|-damage|p2a: Golurk|0 fnt
|faint|p2a: Golurk
|move|p1a: Archaludon|Dragon Pulse|p2b: Farigiraf
|-damage|p2b: Farigiraf|5/100
|
|-weather|RainDance|[upkeep]
|-heal|p1a: Archaludon|27/100|[from] item: Leftovers
|upkeep
|
|t:|1784147603
|switch|p2a: Torkoal|Torkoal, L50, F|22/100
|-weather|SunnyDay|[from] ability: Drought|[of] p2a: Torkoal
|turn|5
|
|t:|1784147623
|switch|p1b: Charizard|Charizard, L50, M|100/100
|move|p1a: Archaludon|Protect|p1a: Archaludon
|-singleturn|p1a: Archaludon|Protect
|move|p2a: Torkoal|Weather Ball|p1a: Archaludon
|-activate|p1a: Archaludon|move: Protect
|move|p2b: Farigiraf|Thunderbolt|p1b: Charizard
|-supereffective|p1b: Charizard|1
|-damage|p1b: Charizard|46/100
|
|-weather|SunnyDay|[upkeep]
|-heal|p1a: Archaludon|33/100|[from] item: Leftovers
|-fieldend|move: Trick Room
|upkeep
|turn|6
|inactive|farruktvgc has 30 seconds left.
|inactive|Sificon~ has 30 seconds left.
|inactive|farruktvgc has 20 seconds left.
|
|t:|1784147658
|switch|p1b: Basculegion|Basculegion, L50, M|100/100
|switch|p2b: Incineroar|Incineroar, L50, M|100/100
|-ability|p2b: Incineroar|Intimidate|boost
|-unboost|p1a: Archaludon|atk|1
|-unboost|p1b: Basculegion|atk|1
|move|p1a: Archaludon|Dragon Pulse|p2b: Incineroar
|-damage|p2b: Incineroar|48/100
|-enditem|p2b: Incineroar|Sitrus Berry|[eat]
|-heal|p2b: Incineroar|72/100|[from] item: Sitrus Berry
|move|p2a: Torkoal|Eruption|p1a: Archaludon|[spread] p1a,p1b
|-resisted|p1b: Basculegion|1
|-damage|p1a: Archaludon|15/100
|-damage|p1b: Basculegion|89/100
|-ability|p1a: Archaludon|Stamina|boost
|-boost|p1a: Archaludon|def|1
|
|-weather|SunnyDay|[upkeep]
|-heal|p1a: Archaludon|21/100|[from] item: Leftovers
|upkeep
|turn|7
|inactive|farruktvgc has 30 seconds left.
|inactive|Sificon~ has 30 seconds left.
|inactive|Sificon~ has 20 seconds left.
|inactive|Sificon~ has 15 seconds left.
|
|t:|1784147703
|move|p2a: Torkoal|Protect|p2a: Torkoal
|-singleturn|p2a: Torkoal|Protect
|move|p1b: Basculegion|Flip Turn|p2b: Incineroar
|-supereffective|p2b: Incineroar|1
|-crit|p2b: Incineroar
|-damage|p2b: Incineroar|25/100
|
|t:|1784147709
|switch|p1b: Pelipper|Pelipper, L50, M|28/100|[from] Flip Turn
|-weather|RainDance|[from] ability: Drizzle|[of] p1b: Pelipper
|move|p1a: Archaludon|Electro Shot||[still]
|-prepare|p1a: Archaludon|Electro Shot
|-boost|p1a: Archaludon|spa|1
|-anim|p1a: Archaludon|Electro Shot|p2a: Torkoal
|-activate|p2a: Torkoal|move: Protect
|move|p2b: Incineroar|Darkest Lariat|p1a: Archaludon
|-crit|p1a: Archaludon
|-damage|p1a: Archaludon|0 fnt
|faint|p1a: Archaludon
|
|-weather|RainDance|[upkeep]
|upkeep
|
|t:|1784147725
|switch|p1a: Basculegion|Basculegion, L50, M|89/100
|turn|8
|
|t:|1784147743
|move|p2a: Torkoal|Protect||[still]
|-fail|p2a: Torkoal
|move|p1a: Basculegion|Flip Turn|p2a: Torkoal
|-supereffective|p2a: Torkoal|1
|-damage|p2a: Torkoal|0 fnt
|faint|p2a: Torkoal
|
|t:|1784147750
|switch|p1a: Charizard|Charizard, L50, M|46/100|[from] Flip Turn
|move|p1b: Pelipper|Weather Ball|p2b: Incineroar
|-supereffective|p2b: Incineroar|1
|-damage|p2b: Incineroar|0 fnt
|faint|p2b: Incineroar
|
|-weather|RainDance|[upkeep]
|upkeep
|c|☆Sificon~|gg
|-message|Sificon~ forfeited.
|
|win|farruktvgc
||Sificon~ is ready for game 2.
|inactive|farruktvgc has 30 seconds to confirm battle start!
||farruktvgc is ready for game 2.
|uhtml|next|Next: Game 2 of 3
