|j|☆daikyh
|j|☆dingle bong
|html|daikyhdingle bong    
|uhtml|bestof|Game 2 of a best-of-3
|t:|1783534983
|gametype|doubles
|player|p1|daikyh|101|1105
|player|p2|dingle bong|265|1119
|gen|9
|tier|[Gen 9 Champions] VGC 2026 Reg M-B (Bo3)
|rated|
|rule|Species Clause: Limit one of each Pokémon
|rule|Item Clause: Limit 1 of each item
|clearpoke
|poke|p1|Charizard, L50, M|
|poke|p1|Garchomp, L50, F, shiny|
|poke|p1|Incineroar, L50, M, shiny|
|poke|p1|Annihilape, L50, M|
|poke|p1|Toxapex, L50, M|
|poke|p1|Venusaur, L50, M|
|poke|p2|Mawile, L50, F|
|poke|p2|Basculegion, L50, M|
|poke|p2|Garchomp, L50, M|
|poke|p2|Whimsicott, L50, M|
|poke|p2|Farigiraf, L50, M|
|poke|p2|Charizard, L50, F|
|teampreview|4
|showteam|p1|Charizard||CharizarditeY|SolarPower|WeatherBall,HeatWave,Protect,HelpingHand|Modest||M|||50|]Garchomp||ChoiceScarf|RoughSkin|RockSlide,Earthquake,StompingTantrum,DragonClaw|Adamant||F|||50|]Incineroar||SitrusBerry|Intimidate|PartingShot,FakeOut,FlareBlitz,ThroatChop|Careful||M|||50|]Annihilape||FocusSash|Defiant|ShadowClaw,Protect,CloseCombat,StoneEdge|Jolly||M|||50|]Toxapex||Leftovers|Regenerator|BanefulBunker,Infestation,Toxic,WideGuard|Bold||M|||50|]Venusaur||LifeOrb|Chlorophyll|LeafStorm,Protect,SludgeBomb,EarthPower|Modest||M|||50|
|showteam|p2|Mawile||Mawilite|HyperCutter|PlayRough,SuckerPunch,IronHead,Protect|Adamant||F|||50|]Basculegion||MysticWater|Adaptability|WaveCrash,LastRespects,AquaJet,Protect|Adamant||M|||50|]Garchomp||LifeOrb|RoughSkin|Earthquake,DragonClaw,RockSlide,Protect|Jolly||M|||50|]Whimsicott||FocusSash|Prankster|Moonblast,Encore,Tailwind,Protect|Timid||M|||50|]Farigiraf||SitrusBerry|ArmorTail|TwinBeam,Thunderbolt,TrickRoom,HelpingHand|Bold||M|||50|]Charizard||CharizarditeY|Blaze|HeatWave,WeatherBall,SolarBeam,Protect|Modest||F|||50|
|
|t:|1783535001
|teamsize|p1|4
|teamsize|p2|4
|start
|switch|p1a: Incineroar|Incineroar, L50, M, shiny|100/100
|switch|p1b: Annihilape|Annihilape, L50, M|100/100
|switch|p2a: Garchomp|Garchomp, L50, M|100/100
|switch|p2b: Charizard|Charizard, L50, F|100/100
|-ability|p1a: Incineroar|Intimidate|boost
|-unboost|p2a: Garchomp|atk|1
|-unboost|p2b: Charizard|atk|1
|turn|1
|
|t:|1783535023
|move|p2b: Charizard|Protect|p2b: Charizard
|-singleturn|p2b: Charizard|Protect
|move|p1a: Incineroar|Fake Out|p2a: Garchomp
|-damage|p2a: Garchomp|89/100
|-damage|p1a: Incineroar|87/100|[from] ability: Rough Skin|[of] p2a: Garchomp
|cant|p2a: Garchomp|flinch
|move|p1b: Annihilape|Stone Edge|p2b: Charizard
|-activate|p2b: Charizard|move: Protect
|
|upkeep
|turn|2
|
|t:|1783535046
|switch|p2b: Farigiraf|Farigiraf, L50, M|100/100
|move|p1b: Annihilape|Protect|p1b: Annihilape
|-singleturn|p1b: Annihilape|Protect
|move|p2a: Garchomp|Dragon Claw|p1b: Annihilape
|-activate|p1b: Annihilape|move: Protect
|move|p1a: Incineroar|Parting Shot|p2a: Garchomp
|-unboost|p2a: Garchomp|atk|1
|-unboost|p2a: Garchomp|spa|1
|
|t:|1783535057
|switch|p1a: Charizard|Charizard, L50, M|100/100|[from] Parting Shot
|
|upkeep
|turn|3
|
|t:|1783535068
|switch|p2a: Basculegion|Basculegion, L50, M|100/100
|detailschange|p1a: Charizard|Charizard-Mega-Y, L50, M
|-mega|p1a: Charizard|Charizard|Charizardite Y
|-weather|SunnyDay|[from] ability: Drought|[of] p1a: Charizard
|move|p1b: Annihilape|Close Combat|p2b: Farigiraf
|-damage|p2b: Farigiraf|53/100
|-unboost|p1b: Annihilape|def|1
|-unboost|p1b: Annihilape|spd|1
|move|p1a: Charizard|Heat Wave|p2a: Basculegion|[spread] p2a,p2b
|-resisted|p2a: Basculegion|1
|-damage|p2a: Basculegion|65/100
|-damage|p2b: Farigiraf|0 fnt
|faint|p2b: Farigiraf
|
|-weather|SunnyDay|[upkeep]
|upkeep
|
|t:|1783535082
|switch|p2b: Garchomp|Garchomp, L50, M|89/100
|turn|4
|
|t:|1783535093
|move|p1b: Annihilape|Protect|p1b: Annihilape
|-singleturn|p1b: Annihilape|Protect
|move|p1a: Charizard|Protect|p1a: Charizard
|-singleturn|p1a: Charizard|Protect
|move|p2b: Garchomp|Rock Slide|p1a: Charizard|[spread] 
|-activate|p1a: Charizard|move: Protect
|-activate|p1b: Annihilape|move: Protect
|move|p2a: Basculegion|Last Respects|p1b: Annihilape
|-activate|p1b: Annihilape|move: Protect
|
|-weather|SunnyDay|[upkeep]
|upkeep
|turn|5
|
|t:|1783535116
|switch|p1b: Venusaur|Venusaur, L50, M|100/100
|switch|p1a: Incineroar|Incineroar, L50, M, shiny|87/100
|-ability|p1a: Incineroar|Intimidate|boost
|-unboost|p2a: Basculegion|atk|1
|-unboost|p2b: Garchomp|atk|1
|switch|p2a: Charizard|Charizard, L50, F|100/100
|move|p2b: Garchomp|Earthquake|p1b: Venusaur|[spread] p1a,p1b
|-immune|p2a: Charizard
|-supereffective|p1a: Incineroar|1
|-damage|p1a: Incineroar|23/100
|-damage|p1b: Venusaur|55/100
|-enditem|p1a: Incineroar|Sitrus Berry|[eat]
|-heal|p1a: Incineroar|48/100|[from] item: Sitrus Berry
|-damage|p2b: Garchomp|79/100|[from] item: Life Orb
|
|-weather|SunnyDay|[upkeep]
|upkeep
|turn|6
|
|t:|1783535157
|detailschange|p2a: Charizard|Charizard-Mega-Y, L50, F
|-mega|p2a: Charizard|Charizard|Charizardite Y
|move|p1a: Incineroar|Fake Out|p2a: Charizard
|-damage|p2a: Charizard|89/100
|move|p1b: Venusaur|Leaf Storm|p2b: Garchomp
|-damage|p2b: Garchomp|0 fnt
|-unboost|p1b: Venusaur|spa|2
|faint|p2b: Garchomp
|-damage|p1b: Venusaur|45/100|[from] item: Life Orb
|cant|p2a: Charizard|flinch
|
|-weather|SunnyDay|[upkeep]
|upkeep
|
|t:|1783535165
|switch|p2b: Basculegion|Basculegion, L50, M|65/100
|turn|7
|
|t:|1783535183
|switch|p1a: Charizard|Charizard-Mega-Y, L50, M|100/100
|move|p1b: Venusaur|Protect|p1b: Venusaur
|-singleturn|p1b: Venusaur|Protect
|move|p2b: Basculegion|Protect|p2b: Basculegion
|-singleturn|p2b: Basculegion|Protect
|move|p2a: Charizard|Heat Wave|p1a: Charizard|[spread] p1a
|-activate|p1b: Venusaur|move: Protect
|-resisted|p1a: Charizard|1
|-damage|p1a: Charizard|73/100
|
|-weather|none
|upkeep
|turn|8
|
|t:|1783535204
|move|p1a: Charizard|Heat Wave|p2b: Basculegion|[spread] p2a,p2b
|-resisted|p2a: Charizard|1
|-resisted|p2b: Basculegion|1
|-damage|p2a: Charizard|71/100
|-damage|p2b: Basculegion|43/100
|move|p2a: Charizard|Heat Wave|p1b: Venusaur|[spread] p1a,p1b
|-resisted|p1a: Charizard|1
|-supereffective|p1b: Venusaur|1
|-damage|p1a: Charizard|55/100
|-damage|p1b: Venusaur|0 fnt
|faint|p1b: Venusaur
|move|p2b: Basculegion|Wave Crash|p1a: Charizard
|-supereffective|p1a: Charizard|1
|-damage|p1a: Charizard|0 fnt
|faint|p1a: Charizard
|-damage|p2b: Basculegion|27/100|[from] Recoil
|
|upkeep
|
|t:|1783535217
|switch|p1a: Incineroar|Incineroar, L50, M, shiny|48/100
|switch|p1b: Annihilape|Annihilape, L50, M|100/100
|-ability|p1a: Incineroar|Intimidate|boost
|-unboost|p2a: Charizard|atk|1
|-unboost|p2b: Basculegion|atk|1
|turn|9
|
|t:|1783535227
|move|p2a: Charizard|Protect|p2a: Charizard
|-singleturn|p2a: Charizard|Protect
|move|p1a: Incineroar|Fake Out|p2a: Charizard
|-activate|p2a: Charizard|move: Protect
|move|p1b: Annihilape|Shadow Claw|p2b: Basculegion
|-supereffective|p2b: Basculegion|1
|-damage|p2b: Basculegion|0 fnt
|faint|p2b: Basculegion
|
|upkeep
|turn|10
|
|t:|1783535239
|move|p1b: Annihilape|Stone Edge|p2a: Charizard
|-supereffective|p2a: Charizard|2
|-crit|p2a: Charizard
|-damage|p2a: Charizard|0 fnt
|faint|p2a: Charizard
|
|win|daikyh
||dingle bong is ready for game 3.
||daikyh is ready for game 3.
|uhtml|next|Next: Game 3 of 3
|l|☆daikyh
|player|p1|
