|j|☆new mental
|j|☆caaammm0410
|html|new mentalcaaammm0410    
|uhtml|bestof|Game 2 of a best-of-3
|t:|1784482426
|gametype|doubles
|player|p1|new mental|volkner|1285
|player|p2|caaammm0410|101|1191
|gen|9
|tier|[Gen 9 Champions] VGC 2026 Reg M-B (Bo3)
|rated|
|rule|Species Clause: Limit one of each Pokémon
|rule|Item Clause: Limit 1 of each item
|clearpoke
|poke|p1|Aerodactyl, L50, M|
|poke|p1|Garchomp, L50, F|
|poke|p1|Kingambit, L50, M|
|poke|p1|Charizard, L50, M|
|poke|p1|Sylveon, L50, F|
|poke|p1|Farigiraf, L50, F|
|poke|p2|Pelipper, L50, F|
|poke|p2|Archaludon, L50, F|
|poke|p2|Swampert, L50, M|
|poke|p2|Sinistcha, L50|
|poke|p2|Milotic, L50, F, shiny|
|poke|p2|Kingambit, L50, M|
|teampreview|4
|showteam|p1|Aerodactyl||Aerodactylite|Unnerve|IceFang,RockSlide,Tailwind,DualWingbeat|Jolly||M|||50|]Garchomp||LifeOrb|RoughSkin|DragonClaw,RockSlide,Earthquake,Protect|Jolly||F|||50|]Kingambit||FocusSash|Defiant|SuckerPunch,KowtowCleave,IronHead,LowKick|Adamant||M|||50|]Charizard||CharizarditeY|SolarPower|Protect,WeatherBall,HeatWave,SolarBeam|Modest||M|||50|]Sylveon||FairyFeather|Pixilate|Protect,HyperVoice,HyperBeam,QuickAttack|Modest||F|||50|]Farigiraf||SitrusBerry|ArmorTail|TrickRoom,Thunderbolt,Roar,Psychic|Bold||F|||50|
|showteam|p2|Pelipper||FocusSash|Drizzle|WeatherBall,Tailwind,Hurricane,WideGuard|Modest||F|||50|]Archaludon||SitrusBerry|Stamina|ElectroShot,DragonPulse,FlashCannon,Protect|Timid||F|||50|]Swampert||Swampertite|Torrent|Earthquake,FlipTurn,WaveCrash,Protect|Careful||M|||50|]Sinistcha||ColburBerry|Hospitality|TrickRoom,MatchaGotcha,ShadowBall,RagePowder|Quiet|||||50|]Milotic||Leftovers|Competitive|IcyWind,LifeDew,Haze,Scald|Bold||F|||50|]Kingambit||ChopleBerry|Defiant|KowtowCleave,IronHead,SuckerPunch,Protect|Adamant||M|||50|
|inactive|Battle timer is ON: inactive players will automatically lose when time's up. (requested by new mental)
|
|t:|1784482441
|teamsize|p1|4
|teamsize|p2|4
|start
|switch|p1a: Sylveon|Sylveon, L50, F|100/100
|switch|p1b: Farigiraf|Farigiraf, L50, F|100/100
|switch|p2a: Archaludon|Archaludon, L50, F|100/100
|switch|p2b: Swampert|Swampert, L50, M|100/100
|turn|1
|inactive|new mental has 30 seconds left.
|inactive|new mental has 20 seconds left.
|
|t:|1784482479
|detailschange|p2b: Swampert|Swampert-Mega, L50, M
|-mega|p2b: Swampert|Swampert|Swampertite
|move|p2a: Archaludon|Protect|p2a: Archaludon
|-singleturn|p2a: Archaludon|Protect
|move|p1a: Sylveon|Protect|p1a: Sylveon
|-singleturn|p1a: Sylveon|Protect
|move|p2b: Swampert|Flip Turn|p1a: Sylveon
|-activate|p1a: Sylveon|move: Protect
|move|p1b: Farigiraf|Trick Room|p1b: Farigiraf
|-fieldstart|move: Trick Room|[of] p1b: Farigiraf
|
|upkeep
|turn|2
|inactive|caaammm0410 has 30 seconds left.
|
|t:|1784482508
|switch|p2a: Sinistcha|Sinistcha, L50|100/100
|move|p1b: Farigiraf|Psychic|p2b: Swampert
|-damage|p2b: Swampert|79/100
|move|p2b: Swampert|Wave Crash|p1a: Sylveon
|-damage|p1a: Sylveon|36/100
|-damage|p2b: Swampert|61/100|[from] Recoil
|move|p1a: Sylveon|Hyper Beam|p2a: Sinistcha
|-damage|p2a: Sinistcha|0 fnt
|-mustrecharge|p1a: Sylveon
|faint|p2a: Sinistcha
|
|upkeep
|inactive|caaammm0410 has 30 seconds left.
|inactive|caaammm0410 has 20 seconds left.
|inactive|caaammm0410 has 15 seconds left.
|
|t:|1784482549
|switch|p2a: Archaludon|Archaludon, L50, F|100/100
|turn|3
|
|t:|1784482562
|move|p2a: Archaludon|Protect|p2a: Archaludon
|-singleturn|p2a: Archaludon|Protect
|move|p1b: Farigiraf|Psychic|p2b: Swampert
|-damage|p2b: Swampert|42/100
|move|p2b: Swampert|Earthquake|p1a: Sylveon|[spread] p1a,p1b
|-activate|p2a: Archaludon|move: Protect
|-damage|p1a: Sylveon|0 fnt
|-damage|p1b: Farigiraf|70/100
|faint|p1a: Sylveon
|
|upkeep
|
|t:|1784482570
|switch|p1a: Charizard|Charizard, L50, M|100/100
|turn|4
|inactive|caaammm0410 has 30 seconds left.
|
|t:|1784482601
|detailschange|p1a: Charizard|Charizard-Mega-Y, L50, M
|-mega|p1a: Charizard|Charizard|Charizardite Y
|-weather|SunnyDay|[from] ability: Drought|[of] p1a: Charizard
|move|p1b: Farigiraf|Thunderbolt|p2a: Archaludon
|-resisted|p2a: Archaludon|1
|-damage|p2a: Archaludon|86/100
|-ability|p2a: Archaludon|Stamina|boost
|-boost|p2a: Archaludon|def|1
|move|p2b: Swampert|Wave Crash|p1b: Farigiraf
|-damage|p1b: Farigiraf|46/100
|-enditem|p1b: Farigiraf|Sitrus Berry|[eat]
|-heal|p1b: Farigiraf|71/100|[from] item: Sitrus Berry
|-damage|p2b: Swampert|33/100|[from] Recoil
|move|p1a: Charizard|Heat Wave|p2a: Archaludon|[spread] p2a
|-miss|p1a: Charizard|p2b: Swampert
|-damage|p2a: Archaludon|7/100
|-ability|p2a: Archaludon|Stamina|boost
|-boost|p2a: Archaludon|def|1
|-enditem|p2a: Archaludon|Sitrus Berry|[eat]
|-heal|p2a: Archaludon|32/100|[from] item: Sitrus Berry
|move|p2a: Archaludon|Electro Shot||[still]
|-prepare|p2a: Archaludon|Electro Shot
|-boost|p2a: Archaludon|spa|1
|
|-weather|SunnyDay|[upkeep]
|upkeep
|turn|5
|
|t:|1784482626
|move|p2b: Swampert|Protect|p2b: Swampert
|-singleturn|p2b: Swampert|Protect
|move|p1a: Charizard|Protect|p1a: Charizard
|-singleturn|p1a: Charizard|Protect
|move|p2a: Archaludon|Electro Shot|p1a: Charizard|[from] lockedmove
|-activate|p1a: Charizard|move: Protect
|move|p1b: Farigiraf|Trick Room|p1b: Farigiraf
|-fieldend|move: Trick Room
|
|-weather|SunnyDay|[upkeep]
|upkeep
|turn|6
|
|t:|1784482646
|switch|p1a: Garchomp|Garchomp, L50, F|100/100
|switch|p2b: Pelipper|Pelipper, L50, F|100/100
|-weather|RainDance|[from] ability: Drizzle|[of] p2b: Pelipper
|move|p2a: Archaludon|Electro Shot||[still]
|-prepare|p2a: Archaludon|Electro Shot
|-boost|p2a: Archaludon|spa|1
|-anim|p2a: Archaludon|Electro Shot|p1a: Garchomp
|-immune|p1a: Garchomp
|move|p1b: Farigiraf|Roar|p2a: Archaludon
|drag|p2a: Swampert|Swampert-Mega, L50, M|33/100
|
|-weather|RainDance|[upkeep]
|upkeep
|turn|7
|c|☆caaammm0410|damn wp
|
|t:|1784482674
|switch|p1b: Charizard|Charizard-Mega-Y, L50, M|100/100
|-weather|SunnyDay|[from] ability: Drought|[of] p1b: Charizard
|move|p1a: Garchomp|Dragon Claw|p2a: Swampert
|-damage|p2a: Swampert|0 fnt
|faint|p2a: Swampert
|-damage|p1a: Garchomp|90/100|[from] item: Life Orb
|move|p2b: Pelipper|Weather Ball|p1b: Charizard
|-resisted|p1b: Charizard|1
|-damage|p1b: Charizard|79/100
|
|-weather|SunnyDay|[upkeep]
|upkeep
|
|t:|1784482685
|switch|p2a: Archaludon|Archaludon, L50, F|32/100
|turn|8
|
|t:|1784482692
|move|p2a: Archaludon|Protect|p2a: Archaludon
|-singleturn|p2a: Archaludon|Protect
|move|p1a: Garchomp|Dragon Claw|p2b: Pelipper
|-damage|p2b: Pelipper|47/100
|-damage|p1a: Garchomp|80/100|[from] item: Life Orb
|move|p1b: Charizard|Solar Beam||[still]
|-prepare|p1b: Charizard|Solar Beam
|-anim|p1b: Charizard|Solar Beam|p2b: Pelipper
|-damage|p2b: Pelipper|0 fnt
|faint|p2b: Pelipper
|
|-weather|SunnyDay|[upkeep]
|upkeep
|turn|9
|
|t:|1784482704
|move|p1a: Garchomp|Earthquake|p2a: Archaludon|[spread] p2a
|-immune|p1b: Charizard
|-supereffective|p2a: Archaludon|1
|-damage|p2a: Archaludon|0 fnt
|faint|p2a: Archaludon
|-damage|p1a: Garchomp|70/100|[from] item: Life Orb
|
|win|new mental
