|j|‽ECARRY
|j|☆papalima
|html|ECARRYpapalima    
|uhtml|bestof|Game 3 of a best-of-3
|t:|1785245578
|gametype|doubles
|player|p1|ECARRY|265|1355
|player|p2|papalima|169|1298
|gen|9
|tier|[Gen 9 Champions] VGC 2026 Reg M-B (Bo3)
|rated|
|rule|Species Clause: Limit one of each Pokémon
|rule|Item Clause: Limit 1 of each item
|clearpoke
|poke|p1|Gengar, L50, M|
|poke|p1|Incineroar, L50, F|
|poke|p1|Ninetales-Alola, L50, M|
|poke|p1|Kingambit, L50, F|
|poke|p1|Sneasler, L50, F|
|poke|p1|Garchomp, L50, M|
|poke|p2|Staraptor, L50, M|
|poke|p2|Delphox, L50, M|
|poke|p2|Whimsicott, L50, M|
|poke|p2|Glimmora, L50, M|
|poke|p2|Garchomp, L50, M|
|poke|p2|Kingambit, L50, F|
|teampreview|4
|showteam|p1|Gengar||Gengarite|CursedBody|ShadowBall,SludgeBomb,PerishSong,Protect|Modest||M|||50|]Incineroar||Leftovers|Intimidate|FakeOut,FlareBlitz,PartingShot,Protect|Relaxed||F|||50|]Ninetales-Alola||NeverMeltIce|SnowWarning|Blizzard,Encore,Disable,Protect|Timid||M|||50|]Kingambit||BlackGlasses|Defiant|KowtowCleave,SuckerPunch,LowKick,Protect|Adamant||F|||50|]Sneasler||FocusSash|Unburden|FakeOut,CloseCombat,GunkShot,Protect|Naughty||F|||50|]Garchomp||SitrusBerry|RoughSkin|StompingTantrum,DragonClaw,RockTomb,Protect|Adamant||M|||50|
|showteam|p2|Staraptor||Staraptite|Intimidate|CloseCombat,BraveBird,Protect,Roost|Jolly||M|||50|]Delphox||Delphoxite|Magician|HeatWave,Psychic,Substitute,Protect|Modest||M|||50|]Whimsicott||OccaBerry|Prankster|Moonblast,Tailwind,LightScreen,Charm|Timid||M|||50|]Glimmora||FocusSash|ToxicDebris|PowerGem,SludgeBomb,EarthPower,SpikyShield|Timid||M|||50|]Garchomp||LifeOrb|RoughSkin|Earthquake,DragonClaw,RockSlide,Protect|Jolly||M|||50|]Kingambit||ChopleBerry|Defiant|KowtowCleave,IronHead,SuckerPunch,LowKick|Adamant||F|||50|
|inactive|Battle timer is ON: inactive players will automatically lose when time's up. (requested by papalima)
|
|t:|1785245607
|teamsize|p1|4
|teamsize|p2|4
|start
|switch|p1a: Sneasler|Sneasler, L50, F|100/100
|switch|p1b: Ninetales|Ninetales-Alola, L50, M|100/100
|switch|p2a: Kingambit|Kingambit, L50, F|100/100
|switch|p2b: Delphox|Delphox, L50, M|100/100
|-weather|Snowscape|[from] ability: Snow Warning|[of] p1b: Ninetales
|turn|1
|
|t:|1785245630
|detailschange|p2b: Delphox|Delphox-Mega, L50, M
|-mega|p2b: Delphox|Delphox|Delphoxite
|move|p1a: Sneasler|Fake Out|p2b: Delphox
|-damage|p2b: Delphox|79/100
|move|p2a: Kingambit|Sucker Punch||[still]
|-fail|p2a: Kingambit
|cant|p2b: Delphox|flinch
|move|p1b: Ninetales|Blizzard|p2a: Kingambit|[spread] p2a,p2b
|-resisted|p2a: Kingambit|1
|-resisted|p2b: Delphox|1
|-damage|p2a: Kingambit|83/100
|-damage|p2b: Delphox|66/100
|
|-weather|Snowscape|[upkeep]
|upkeep
|turn|2
|inactive|ECARRY has 30 seconds left.
|inactive|papalima has 30 seconds left.
|
|t:|1785245663
|switch|p1a: Incineroar|Incineroar, L50, F|100/100
|-ability|p1a: Incineroar|Intimidate|boost
|-unboost|p2a: Kingambit|atk|1
|-ability|p2a: Kingambit|Defiant|boost
|-boost|p2a: Kingambit|atk|2
|-unboost|p2b: Delphox|atk|1
|move|p2a: Kingambit|Sucker Punch||[still]
|-fail|p2a: Kingambit
|move|p2b: Delphox|Heat Wave|p1a: Incineroar|[spread] 
|-miss|p2b: Delphox|p1a: Incineroar
|-miss|p2b: Delphox|p1b: Ninetales
|move|p1b: Ninetales|Encore|p2b: Delphox
|-start|p2b: Delphox|Encore
|
|-weather|Snowscape|[upkeep]
|upkeep
|turn|3
|
|t:|1785245687
|move|p2b: Delphox|Heat Wave|p1b: Ninetales|[spread] p1a,p1b
|-resisted|p1a: Incineroar|1
|-supereffective|p1b: Ninetales|1
|-damage|p1a: Incineroar|77/100
|-damage|p1b: Ninetales|2/100
|move|p1b: Ninetales|Disable|p2b: Delphox
|-start|p2b: Delphox|Disable|Heat Wave
|move|p2a: Kingambit|Iron Head|p1b: Ninetales
|-supereffective|p1b: Ninetales|2
|-damage|p1b: Ninetales|0 fnt
|faint|p1b: Ninetales
|move|p1a: Incineroar|Flare Blitz|p2a: Kingambit
|-supereffective|p2a: Kingambit|1
|-damage|p2a: Kingambit|13/100
|-damage|p1a: Incineroar|53/100|[from] Recoil
|
|-weather|Snowscape|[upkeep]
|-heal|p1a: Incineroar|59/100|[from] item: Leftovers
|upkeep
|
|t:|1785245710
|switch|p1b: Sneasler|Sneasler, L50, F|100/100
|turn|4
|
|t:|1785245717
|switch|p2b: Garchomp|Garchomp, L50, M|100/100
|move|p1b: Sneasler|Fake Out|p2a: Kingambit
|-resisted|p2a: Kingambit|1
|-damage|p2a: Kingambit|8/100
|cant|p2a: Kingambit|flinch
|move|p1a: Incineroar|Flare Blitz|p2a: Kingambit
|-supereffective|p2a: Kingambit|1
|-damage|p2a: Kingambit|0 fnt
|faint|p2a: Kingambit
|-damage|p1a: Incineroar|56/100|[from] Recoil
|
|-weather|Snowscape|[upkeep]
|-heal|p1a: Incineroar|62/100|[from] item: Leftovers
|upkeep
|
|t:|1785245725
|switch|p2a: Delphox|Delphox-Mega, L50, M|66/100
|turn|5
|
|t:|1785245735
|move|p2a: Delphox|Substitute|p2a: Delphox
|-start|p2a: Delphox|Substitute
|-damage|p2a: Delphox|41/100
|move|p1b: Sneasler|Gunk Shot|p2a: Delphox
|-end|p2a: Delphox|Substitute
|move|p2b: Garchomp|Earthquake|p1a: Incineroar|[spread] p1a,p1b
|-immune|p2a: Delphox|[from] ability: Levitate
|-supereffective|p1a: Incineroar|1
|-supereffective|p1b: Sneasler|1
|-damage|p1a: Incineroar|0 fnt
|-enditem|p1b: Sneasler|Focus Sash
|-damage|p1b: Sneasler|1/100
|faint|p1a: Incineroar
|-damage|p2b: Garchomp|90/100|[from] item: Life Orb
|
|-weather|none
|upkeep
|
|t:|1785245738
|switch|p1a: Gengar|Gengar, L50, M|100/100
|turn|6
|
|t:|1785245752
|detailschange|p1a: Gengar|Gengar-Mega, L50, M
|-mega|p1a: Gengar|Gengar|Gengarite
|move|p2a: Delphox|Protect|p2a: Delphox
|-singleturn|p2a: Delphox|Protect
|move|p1b: Sneasler|Gunk Shot|p2a: Delphox
|-activate|p2a: Delphox|move: Protect
|move|p1a: Gengar|Shadow Ball|p2b: Garchomp
|-damage|p2b: Garchomp|42/100
|move|p2b: Garchomp|Earthquake|p1b: Sneasler|[spread] p1a,p1b
|-activate|p2a: Delphox|move: Protect
|-supereffective|p1a: Gengar|1
|-supereffective|p1b: Sneasler|1
|-damage|p1a: Gengar|0 fnt
|-damage|p1b: Sneasler|0 fnt
|faint|p1a: Gengar
|faint|p1b: Sneasler
|-damage|p2b: Garchomp|33/100|[from] item: Life Orb
|
|win|papalima
|raw|ECARRY's rating: 1355 → 1332(-23 for losing)
|raw|papalima's rating: 1298 → 1327(+29 for winning)
|l|‽ECARRY
|player|p1|
