|j|☆Silver Jay#2241
|j|☆reyimo45
|html|Silver Jay#2241reyimo45    
|uhtml|bestof|Game 3 of a best-of-3
|t:|1782478101
|gametype|doubles
|player|p1|Silver Jay#2241|grusha|1164
|player|p2|reyimo45|1|1194
|gen|9
|tier|[Gen 9 Champions] VGC 2026 Reg M-B (Bo3)
|rated|
|rule|Species Clause: Limit one of each Pokémon
|rule|Item Clause: Limit 1 of each item
|clearpoke
|poke|p1|Incineroar, L50, F|
|poke|p1|Scrafty, L50, M|
|poke|p1|Farigiraf, L50, F|
|poke|p1|Torkoal, L50, F|
|poke|p1|Hatterene, L50, F|
|poke|p1|Mawile, L50, M|
|poke|p2|Swampert, L50, M|
|poke|p2|Archaludon, L50, M|
|poke|p2|Sableye, L50, F|
|poke|p2|Pelipper, L50, F|
|poke|p2|Sneasler, L50, M|
|poke|p2|Sinistcha, L50|
|teampreview|4
|showteam|p1|Incineroar||ShucaBerry|Intimidate|FakeOut,FlareBlitz,ThroatChop,PartingShot|Relaxed||F|||50|]Scrafty||Scraftinite|Intimidate|FakeOut,KnockOff,LowKick,IronHead|Adamant||M|||50|]Farigiraf||SitrusBerry|ArmorTail|Psychic,HyperVoice,TrickRoom,Protect|Quiet||F|||50|]Torkoal||Charcoal|Drought|Eruption,WeatherBall,EarthPower,Protect|Quiet||F|||50|]Hatterene||LifeOrb|MagicBounce|Psychic,DazzlingGleam,TrickRoom,SkillSwap|Quiet||F|||50|]Mawile||Mawilite|Intimidate|PlayRough,IronHead,SuckerPunch,SwordsDance|Brave||M|||50|
|showteam|p2|Swampert||Swampertite|Torrent|Earthquake,WaveCrash,IcePunch,Protect|Adamant||M|||50|]Archaludon||Leftovers|Stamina|Protect,ElectroShot,DragonPulse,FlashCannon|Calm||M|||50|]Sableye||LightClay|Prankster|RainDance,WillOWisp,Reflect,LightScreen|Relaxed||F|||50|]Pelipper||FocusSash|Drizzle|Protect,WeatherBall,Hurricane,Tailwind|Modest||F|||50|]Sneasler||WhiteHerb|Unburden|FakeOut,CloseCombat,Protect,DireClaw|Adamant||M|||50|]Sinistcha||SitrusBerry|Hospitality|RagePowder,MatchaGotcha,LifeDew,Protect|Calm|||||50|
|
|t:|1782478151
|teamsize|p1|4
|teamsize|p2|4
|start
|switch|p1a: Scrafty|Scrafty, L50, M|100/100
|switch|p1b: Farigiraf|Farigiraf, L50, F|100/100
|switch|p2a: Swampert|Swampert, L50, M|100/100
|switch|p2b: Pelipper|Pelipper, L50, F|100/100
|-weather|RainDance|[from] ability: Drizzle|[of] p2b: Pelipper
|-ability|p1a: Scrafty|Intimidate|boost
|-unboost|p2a: Swampert|atk|1
|-unboost|p2b: Pelipper|atk|1
|turn|1
|inactive|Battle timer is ON: inactive players will automatically lose when time's up. (requested by Silver Jay#2241)
|inactive|Silver Jay#2241 has 60 seconds left.
|
|t:|1782478198
|detailschange|p2a: Swampert|Swampert-Mega, L50, M
|-mega|p2a: Swampert|Swampert|Swampertite
|detailschange|p1a: Scrafty|Scrafty-Mega, L50, M
|-mega|p1a: Scrafty|Scrafty|Scraftinite
|-ability|p1a: Scrafty|Intimidate|boost
|-unboost|p2a: Swampert|atk|1
|-unboost|p2b: Pelipper|atk|1
|move|p1a: Scrafty|Fake Out|p2b: Pelipper
|-damage|p2b: Pelipper|78/100
|move|p2a: Swampert|Wave Crash|p1b: Farigiraf
|-damage|p1b: Farigiraf|38/100
|-enditem|p1b: Farigiraf|Sitrus Berry|[eat]
|-heal|p1b: Farigiraf|63/100|[from] item: Sitrus Berry
|-damage|p2a: Swampert|74/100|[from] Recoil
|cant|p2b: Pelipper|flinch
|move|p1b: Farigiraf|Trick Room|p1b: Farigiraf
|-fieldstart|move: Trick Room|[of] p1b: Farigiraf
|
|-weather|RainDance|[upkeep]
|upkeep
|turn|2
|inactive|Silver Jay#2241 has 30 seconds left.
|inactive|reyimo45 has 30 seconds left.
|inactive|Silver Jay#2241 has 20 seconds left.
|inactive|Silver Jay#2241 has 15 seconds left.
|
|t:|1782478244
|switch|p1b: Hatterene|Hatterene, L50, F|100/100
|switch|p1a: Torkoal|Torkoal, L50, F|100/100
|-weather|SunnyDay|[from] ability: Drought|[of] p1a: Torkoal
|move|p2b: Pelipper|Protect|p2b: Pelipper
|-singleturn|p2b: Pelipper|Protect
|move|p2a: Swampert|Protect||[still]
|-fail|p2a: Swampert
|
|-weather|SunnyDay|[upkeep]
|upkeep
|turn|3
|inactive|Silver Jay#2241 has 30 seconds left.
|inactive|Silver Jay#2241 has 20 seconds left.
|inactive|Silver Jay#2241 has 15 seconds left.
|
|t:|1782478286
|switch|p1b: Scrafty|Scrafty-Mega, L50, M|100/100
|-ability|p1b: Scrafty|Intimidate|boost
|-unboost|p2a: Swampert|atk|1
|-unboost|p2b: Pelipper|atk|1
|switch|p2b: Sneasler|Sneasler, L50, M|100/100
|move|p1a: Torkoal|Weather Ball|p2b: Sneasler
|-damage|p2b: Sneasler|0 fnt
|faint|p2b: Sneasler
|move|p2a: Swampert|Earthquake|p1b: Scrafty|[spread] p1a,p1b
|-supereffective|p1a: Torkoal|1
|-damage|p1a: Torkoal|72/100
|-damage|p1b: Scrafty|84/100
|
|-weather|SunnyDay|[upkeep]
|upkeep
|
|t:|1782478301
|switch|p2b: Pelipper|Pelipper, L50, F|78/100
|-weather|RainDance|[from] ability: Drizzle|[of] p2b: Pelipper
|turn|4
|inactive|Silver Jay#2241 has 30 seconds left.
|
|t:|1782478332
|switch|p1a: Farigiraf|Farigiraf, L50, F|63/100
|move|p1b: Scrafty|Fake Out|p2b: Pelipper
|-damage|p2b: Pelipper|56/100
|cant|p2b: Pelipper|flinch
|move|p2a: Swampert|Wave Crash|p1a: Farigiraf
|-damage|p1a: Farigiraf|11/100
|-damage|p2a: Swampert|51/100|[from] Recoil
|
|-weather|RainDance|[upkeep]
|upkeep
|turn|5
|
|t:|1782478352
|move|p2b: Pelipper|Protect|p2b: Pelipper
|-singleturn|p2b: Pelipper|Protect
|move|p2a: Swampert|Protect|p2a: Swampert
|-singleturn|p2a: Swampert|Protect
|move|p1a: Farigiraf|Hyper Voice|p2b: Pelipper|[spread] 
|-activate|p2a: Swampert|move: Protect
|-activate|p2b: Pelipper|move: Protect
|move|p1b: Scrafty|Low Kick|p2a: Swampert
|-activate|p2a: Swampert|move: Protect
|
|-weather|RainDance|[upkeep]
|-fieldend|move: Trick Room
|upkeep
|turn|6
|inactive|Silver Jay#2241 has 30 seconds left.
|inactive|Silver Jay#2241 has 20 seconds left.
|inactive|Silver Jay#2241 has 15 seconds left.
|
|t:|1782478396
|move|p2a: Swampert|Earthquake|p1a: Farigiraf|[spread] p1a,p1b
|-immune|p2b: Pelipper
|-damage|p1a: Farigiraf|0 fnt
|-damage|p1b: Scrafty|70/100
|faint|p1a: Farigiraf
|move|p2b: Pelipper|Hurricane|p1b: Scrafty
|-supereffective|p1b: Scrafty|1
|-damage|p1b: Scrafty|0 fnt
|faint|p1b: Scrafty
|
|-weather|RainDance|[upkeep]
|upkeep
|
|t:|1782478402
|switch|p1b: Torkoal|Torkoal, L50, F|72/100
|switch|p1a: Hatterene|Hatterene, L50, F|100/100
|-weather|SunnyDay|[from] ability: Drought|[of] p1b: Torkoal
|turn|7
|
|t:|1782478422
|switch|p2b: Archaludon|Archaludon, L50, M|100/100
|move|p2a: Swampert|Earthquake|p1a: Hatterene|[spread] p2b,p1a,p1b
|-supereffective|p2b: Archaludon|1
|-supereffective|p1b: Torkoal|1
|-damage|p2b: Archaludon|71/100
|-damage|p1a: Hatterene|77/100
|-damage|p1b: Torkoal|42/100
|-ability|p2b: Archaludon|Stamina|boost
|-boost|p2b: Archaludon|def|1
|move|p1b: Torkoal|Weather Ball|p2b: Archaludon
|-damage|p2b: Archaludon|1/100
|-ability|p2b: Archaludon|Stamina|boost
|-boost|p2b: Archaludon|def|1
|move|p1a: Hatterene|Trick Room|p1a: Hatterene
|-fieldstart|move: Trick Room|[of] p1a: Hatterene
|
|-weather|SunnyDay|[upkeep]
|-heal|p2b: Archaludon|7/100|[from] item: Leftovers
|upkeep
|turn|8
|inactive|Silver Jay#2241 has 30 seconds left.
|inactive|Silver Jay#2241 has 20 seconds left.
|inactive|Silver Jay#2241 has 15 seconds left.
|
|t:|1782478462
|move|p2b: Archaludon|Protect|p2b: Archaludon
|-singleturn|p2b: Archaludon|Protect
|move|p2a: Swampert|Protect|p2a: Swampert
|-singleturn|p2a: Swampert|Protect
|move|p1b: Torkoal|Weather Ball|p2a: Swampert
|-activate|p2a: Swampert|move: Protect
|move|p1a: Hatterene|Dazzling Gleam|p2a: Swampert|[spread] 
|-activate|p2a: Swampert|move: Protect
|-activate|p2b: Archaludon|move: Protect
|
|-weather|SunnyDay|[upkeep]
|-heal|p2b: Archaludon|13/100|[from] item: Leftovers
|upkeep
|turn|9
|
|t:|1782478476
|switch|p2a: Pelipper|Pelipper, L50, F|56/100
|-weather|RainDance|[from] ability: Drizzle|[of] p2a: Pelipper
|move|p1b: Torkoal|Weather Ball|p2a: Pelipper
|-resisted|p2a: Pelipper|1
|-damage|p2a: Pelipper|21/100
|move|p1a: Hatterene|Dazzling Gleam|p2a: Pelipper|[spread] p2a,p2b
|-damage|p2a: Pelipper|0 fnt
|-damage|p2b: Archaludon|0 fnt
|faint|p2a: Pelipper
|faint|p2b: Archaludon
|-damage|p1a: Hatterene|67/100|[from] item: Life Orb
|
|-weather|RainDance|[upkeep]
|upkeep
|
|t:|1782478486
|switch|p2b: Swampert|Swampert-Mega, L50, M|51/100
|turn|10
|
|t:|1782478499
|move|p2b: Swampert|Protect|p2b: Swampert
|-singleturn|p2b: Swampert|Protect
|move|p1b: Torkoal|Earth Power|p2b: Swampert
|-activate|p2b: Swampert|move: Protect
|move|p1a: Hatterene|Skill Swap|p1b: Torkoal
|-activate|p1a: Hatterene|Skill Swap|||[of] p1b: Torkoal
|-weather|SunnyDay|[from] ability: Drought|[of] p1a: Hatterene
|
|-weather|SunnyDay|[upkeep]
|upkeep
|turn|11
|c|☆Silver Jay#2241|gg
|
|t:|1782478512
|move|p2b: Swampert|Protect|p2b: Swampert
|-singleturn|p2b: Swampert|Protect
|move|p1b: Torkoal|Weather Ball|p2b: Swampert
|-activate|p2b: Swampert|move: Protect
|move|p1a: Hatterene|Psychic|p2b: Swampert
|-activate|p2b: Swampert|move: Protect
|
|-weather|SunnyDay|[upkeep]
|-fieldend|move: Trick Room
|upkeep
|turn|12
|
|t:|1782478531
|move|p1b: Torkoal|Protect|p1b: Torkoal
|-singleturn|p1b: Torkoal|Protect
|move|p2b: Swampert|Earthquake|p1b: Torkoal|[spread] p1a
|-activate|p1b: Torkoal|move: Protect
|-damage|p1a: Hatterene|14/100
|move|p1a: Hatterene|Trick Room|p1a: Hatterene
|-fieldstart|move: Trick Room|[of] p1a: Hatterene
|
|-weather|SunnyDay|[upkeep]
|upkeep
|turn|13
|
|t:|1782478542
|move|p1b: Torkoal|Weather Ball|p2b: Swampert
|-resisted|p2b: Swampert|1
|-damage|p2b: Swampert|18/100
|move|p1a: Hatterene|Psychic|p2b: Swampert
|-damage|p2b: Swampert|0 fnt
|faint|p2b: Swampert
|-damage|p1a: Hatterene|4/100|[from] item: Life Orb
|
|win|Silver Jay#2241
|raw|Silver Jay#2241's rating: 1164 → 1191(+27 for winning)
|raw|reyimo45's rating: 1194 → 1167(-27 for losing)
