|j|‽birbsrnice
|j|☆25th_mang
|html|birbsrnice25th_mang    
|uhtml|bestof|Game 2 of a best-of-3
|t:|1784259606
|gametype|doubles
|player|p1|birbsrnice|265|1138
|player|p2|25th_mang|ballguy|1241
|gen|9
|tier|[Gen 9 Champions] VGC 2026 Reg M-B (Bo3)
|rated|
|rule|Species Clause: Limit one of each Pokémon
|rule|Item Clause: Limit 1 of each item
|clearpoke
|poke|p1|Raichu, L50, F|
|poke|p1|Pelipper, L50, F|
|poke|p1|Swampert, L50, F|
|poke|p1|Basculegion, L50, M|
|poke|p1|Archaludon, L50, M|
|poke|p1|Whimsicott, L50, M|
|poke|p2|Blastoise, L50, F|
|poke|p2|Camerupt, L50, M|
|poke|p2|Farigiraf, L50, F|
|poke|p2|Kingambit, L50, M|
|poke|p2|Vanilluxe, L50, F|
|poke|p2|Staraptor, L50, F|
|teampreview|4
|showteam|p1|Raichu||RaichuniteY|LightningRod|FakeOut,FocusBlast,ZapCannon,Protect|Hasty||F|||50|]Pelipper||DampRock|Drizzle|WeatherBall,Hurricane,Protect,WideGuard|Bold||F|||50|]Swampert||Swampertite|Damp|WaveCrash,IcePunch,Protect,HighHorsepower|Adamant||F|||50|]Basculegion||ChoiceScarf|Adaptability|WaveCrash,LastRespects,HeadSmash,Outrage|Jolly||M|||50|]Archaludon||Leftovers|Stalwart|DracoMeteor,ElectroShot,Protect,FlashCannon|Modest||M|||50|]Whimsicott||FocusSash|Prankster|Tailwind,Encore,Charm,Moonblast|Modest||M|||50|
|showteam|p2|Blastoise||Blastoisinite|RainDish|WaterSpout,DarkPulse,AuraSphere,FakeOut|Quiet||F|||50|]Camerupt||Cameruptite|SolidRock|AncientPower,EarthPower,HeatWave,Protect|Quiet||M|||50|]Farigiraf||SitrusBerry|ArmorTail|PsychicFangs,HyperVoice,HelpingHand,TrickRoom|Relaxed||F|||50|]Kingambit||LifeOrb|Defiant|KowtowCleave,IronHead,Protect,SuckerPunch|Brave||M|||50|]Vanilluxe||NeverMeltIce|SnowWarning|Blizzard,FreezeDry,Protect,IceShard|Quiet||F|||50|]Staraptor||ChoiceScarf|Intimidate|FinalGambit,CloseCombat,BraveBird,Uturn|Jolly||F|||50|
|inactive|Battle timer is ON: inactive players will automatically lose when time's up. (requested by 25th_mang)
|
|t:|1784259623
|teamsize|p1|4
|teamsize|p2|4
|start
|switch|p1a: Raichu|Raichu, L50, F|100/100
|switch|p1b: Basculegion|Basculegion, L50, M|100/100
|switch|p2a: Blind Spot|Farigiraf, L50, F|100/100
|switch|p2b: Haven|Blastoise, L50, F|100/100
|turn|1
|
|t:|1784259640
|detailschange|p1a: Raichu|Raichu-Mega-Y, L50, F
|-mega|p1a: Raichu|Raichu|Raichunite Y
|move|p2b: Haven|Fake Out|p1a: Raichu
|-crit|p1a: Raichu
|-damage|p1a: Raichu|72/100
|move|p1b: Basculegion|Wave Crash|p2a: Blind Spot
|-damage|p2a: Blind Spot|35/100
|-enditem|p2a: Blind Spot|Sitrus Berry|[eat]
|-heal|p2a: Blind Spot|60/100|[from] item: Sitrus Berry
|-damage|p1b: Basculegion|75/100|[from] Recoil
|cant|p1a: Raichu|flinch
|move|p2a: Blind Spot|Trick Room|p2a: Blind Spot
|-fieldstart|move: Trick Room|[of] p2a: Blind Spot
|
|upkeep
|turn|2
|
|t:|1784259658
|move|p2a: Blind Spot|Helping Hand|p2b: Haven
|-singleturn|p2b: Haven|Helping Hand|[of] p2a: Blind Spot
|move|p1a: Raichu|Protect|p1a: Raichu
|-singleturn|p1a: Raichu|Protect
|move|p2b: Haven|Water Spout|p1b: Basculegion|[spread] p1b
|-activate|p1a: Raichu|move: Protect
|-resisted|p1b: Basculegion|1
|-damage|p1b: Basculegion|36/100
|move|p1b: Basculegion|Wave Crash|p2a: Blind Spot
|-damage|p2a: Blind Spot|1/100
|-damage|p1b: Basculegion|13/100|[from] Recoil
|
|upkeep
|turn|3
|
|t:|1784259677
|move|p2a: Blind Spot|Helping Hand|p2b: Haven
|-singleturn|p2b: Haven|Helping Hand|[of] p2a: Blind Spot
|move|p2b: Haven|Water Spout|p1a: Raichu|[spread] p1a,p1b
|-resisted|p1b: Basculegion|1
|-damage|p1a: Raichu|0 fnt
|-damage|p1b: Basculegion|0 fnt
|faint|p1a: Raichu
|faint|p1b: Basculegion
|
|upkeep
|
|t:|1784259683
|switch|p1b: Pelipper|Pelipper, L50, F|100/100
|switch|p1a: Archaludon|Archaludon, L50, M|100/100
|-weather|RainDance|[from] ability: Drizzle|[of] p1b: Pelipper
|turn|4
|
|t:|1784259695
|detailschange|p2b: Haven|Blastoise-Mega, L50, F
|-mega|p2b: Haven|Blastoise|Blastoisinite
|move|p2a: Blind Spot|Helping Hand|p2b: Haven
|-singleturn|p2b: Haven|Helping Hand|[of] p2a: Blind Spot
|move|p1b: Pelipper|Protect|p1b: Pelipper
|-singleturn|p1b: Pelipper|Protect
|move|p1a: Archaludon|Protect|p1a: Archaludon
|-singleturn|p1a: Archaludon|Protect
|move|p2b: Haven|Aura Sphere|p1a: Archaludon
|-activate|p1a: Archaludon|move: Protect
|
|-weather|RainDance|[upkeep]
|upkeep
|turn|5
|inactive|birbsrnice has 30 seconds left.
|
|t:|1784259730
|move|p2a: Blind Spot|Helping Hand|p2b: Haven
|-singleturn|p2b: Haven|Helping Hand|[of] p2a: Blind Spot
|move|p1a: Archaludon|Protect||[still]
|-fail|p1a: Archaludon
|move|p1b: Pelipper|Weather Ball|p2a: Blind Spot
|-damage|p2a: Blind Spot|0 fnt
|faint|p2a: Blind Spot
|move|p2b: Haven|Aura Sphere|p1a: Archaludon
|-supereffective|p1a: Archaludon|1
|-damage|p1a: Archaludon|0 fnt
|faint|p1a: Archaludon
|
|-weather|RainDance|[upkeep]
|-fieldend|move: Trick Room
|upkeep
|
|t:|1784259741
|switch|p2a: Ta|Vanilluxe, L50, F|100/100
|-weather|Snowscape|[from] ability: Snow Warning|[of] p2a: Ta
|turn|6
|-message|birbsrnice forfeited.
|
|win|25th_mang
|l|‽birbsrnice
|player|p1|
||birbsrnice is ready for game 3.
|inactive|25th_mang has 30 seconds to confirm battle start!
||25th_mang is ready for game 3.
|uhtml|next|Next: Game 3 of 3
|l|☆25th_mang
|player|p2|
|j|☆25th_mang
|player|p2|25th_mang|ballguy|
