|j|☆GS Barnabe
|j|☆champions-rl-fizix
|html|GS Barnabechampions-rl-fizix    
|uhtml|bestof|Game 2 of a best-of-3
|t:|1785848446
|gametype|doubles
|player|p1|GS Barnabe|barry|1230
|player|p2|champions-rl-fizix|1|1123
|gen|9
|tier|[Gen 9 Champions] VGC 2026 Reg M-B (Bo3)
|rated|
|rule|Species Clause: Limit one of each Pokémon
|rule|Item Clause: Limit 1 of each item
|clearpoke
|poke|p1|Clefable, L50, F|
|poke|p1|Tyranitar, L50, F|
|poke|p1|Garchomp, L50, F|
|poke|p1|Gholdengo, L50|
|poke|p1|Rotom-Wash, L50|
|poke|p1|Aerodactyl, L50, M|
|poke|p2|Blaziken, L50, M|
|poke|p2|Garchomp, L50, M|
|poke|p2|Houndstone, L50, F|
|poke|p2|Hydreigon, L50, M|
|poke|p2|Metagross, L50|
|poke|p2|Trevenant, L50, M|
|teampreview|4
|showteam|p1|Clefable||SitrusBerry|Unaware|Moonblast,FollowMe,HealPulse,Protect|Bold||F|||50|]Tyranitar||ChoiceScarf|SandStream|RockSlide,KnockOff,IcePunch,Superpower|Jolly||F|||50|]Garchomp||Garchompite|SandVeil|DracoMeteor,EarthPower,PowerGem,Protect|Modest||F|||50|]Gholdengo||LifeOrb|GoodasGold|MakeItRain,ShadowBall,NastyPlot,Protect|Modest|||||50|]Rotom-Wash||Leftovers|Levitate|HydroPump,VoltSwitch,WillOWisp,Protect|Calm|||||50|]Aerodactyl||Aerodactylite|RockHead|RockSlide,DualWingbeat,Tailwind,Protect|Jolly||M|||50|
|showteam|p2|Blaziken||FocusSash|SpeedBoost|Protect,Detect,HeatWave,CloseCombat|Timid||M|||50|]Garchomp||LifeOrb|RoughSkin|ScaleShot,StompingTantrum,Earthquake,RockTomb|Jolly||M|||50|]Houndstone||KasibBerry|SandRush|LastRespects,WillOWisp,ShadowSneak,PsychicFangs|Adamant||F|||50|]Hydreigon||HabanBerry|Levitate|DracoMeteor,EarthPower,Snarl,DarkPulse|Modest||M|||50|]Metagross||Metagrossite|ClearBody|MeteorMash,Protect,BodyPress,PsychicFangs|Jolly|||||50|]Trevenant||SitrusBerry|Harvest|TrickRoom,LeechSeed,Poltergeist,Protect|Careful||M|||50|
|inactive|Battle timer is ON: inactive players will automatically lose when time's up. (requested by champions-rl-fizix)
|
|t:|1785848473
|teamsize|p1|4
|teamsize|p2|4
|start
|switch|p1a: Rotom|Rotom-Wash, L50|100/100
|switch|p1b: Garchomp|Garchomp, L50, F|100/100
|switch|p2a: Metagross|Metagross, L50|100/100
|switch|p2b: Trevenant|Trevenant, L50, M|100/100
|turn|1
|inactive|GS Barnabe has 30 seconds left.
|
|t:|1785848502
|detailschange|p1b: Garchomp|Garchomp-Mega, L50, F
|-mega|p1b: Garchomp|Garchomp|Garchompite
|detailschange|p2a: Metagross|Metagross-Mega, L50
|-mega|p2a: Metagross|Metagross|Metagrossite
|move|p2a: Metagross|Psychic Fangs|p1b: Garchomp
|-damage|p1b: Garchomp|45/100
|move|p1b: Garchomp|Earth Power|p2a: Metagross
|-supereffective|p2a: Metagross|1
|-damage|p2a: Metagross|0 fnt
|faint|p2a: Metagross
|move|p1a: Rotom|Will-O-Wisp|p2b: Trevenant|[miss]
|-miss|p1a: Rotom|p2b: Trevenant
|move|p2b: Trevenant|Poltergeist|p1a: Rotom
|-activate|p1a: Rotom|move: Poltergeist|Leftovers
|-damage|p1a: Rotom|49/100
|
|-heal|p1a: Rotom|55/100|[from] item: Leftovers
|upkeep
|
|t:|1785848502
|switch|p2a: Houndstone|Houndstone, L50, F|100/100
|turn|2
|inactive|GS Barnabe has 30 seconds left.
|
|t:|1785848532
|move|p1b: Garchomp|Protect|p1b: Garchomp
|-singleturn|p1b: Garchomp|Protect
|move|p1a: Rotom|Will-O-Wisp|p2a: Houndstone
|-status|p2a: Houndstone|brn
|move|p2a: Houndstone|Last Respects|p1b: Garchomp
|-activate|p1b: Garchomp|move: Protect
|move|p2b: Trevenant|Trick Room|p2b: Trevenant
|-fieldstart|move: Trick Room|[of] p2b: Trevenant
|
|-heal|p1a: Rotom|60/100|[from] item: Leftovers
|-damage|p2a: Houndstone|93/100 brn|[from] brn
|upkeep
|turn|3
|inactive|GS Barnabe has 30 seconds left.
|inactive|GS Barnabe has 20 seconds left.
|
|t:|1785848571
|move|p2a: Houndstone|Shadow Sneak|p1a: Rotom
|-damage|p1a: Rotom|50/100y
|move|p2b: Trevenant|Poltergeist|p1a: Rotom
|-activate|p1a: Rotom|move: Poltergeist|Leftovers
|-damage|p1a: Rotom|1/100
|move|p1a: Rotom|Volt Switch|p2a: Houndstone
|-damage|p2a: Houndstone|61/100 brn
|
|t:|1785848580
|switch|p1a: Tyranitar|Tyranitar, L50, F|100/100|[from] Volt Switch
|-weather|Sandstorm|[from] ability: Sand Stream|[of] p1a: Tyranitar
|move|p1b: Garchomp|Power Gem|p2b: Trevenant
|-damage|p2b: Trevenant|66/100
|
|-weather|Sandstorm|[upkeep]
|-damage|p2b: Trevenant|60/100|[from] Sandstorm
|-damage|p2a: Houndstone|55/100 brn|[from] brn
|upkeep
|turn|4
|inactive|GS Barnabe has 30 seconds left.
|
|t:|1785848611
|switch|p2a: Blaziken|Blaziken, L50, M|100/100
|move|p2b: Trevenant|Protect|p2b: Trevenant
|-singleturn|p2b: Trevenant|Protect
|move|p1b: Garchomp|Earth Power|p2a: Blaziken
|-supereffective|p2a: Blaziken|1
|-enditem|p2a: Blaziken|Focus Sash
|-damage|p2a: Blaziken|1/100
|move|p1a: Tyranitar|Knock Off|p2b: Trevenant
|-activate|p2b: Trevenant|move: Protect
|
|-weather|Sandstorm|[upkeep]
|-damage|p2b: Trevenant|54/100|[from] Sandstorm
|-damage|p2a: Blaziken|0 fnt|[from] Sandstorm
|faint|p2a: Blaziken
|upkeep
|
|t:|1785848611
|switch|p2a: Houndstone|Houndstone, L50, F|55/100 brn
|turn|5
|
|t:|1785848634
|move|p2a: Houndstone|Shadow Sneak|p1b: Garchomp
|-damage|p1b: Garchomp|37/100
|move|p2b: Trevenant|Poltergeist|p1b: Garchomp
|-activate|p1b: Garchomp|move: Poltergeist|Garchompite
|-damage|p1b: Garchomp|0 fnt
|faint|p1b: Garchomp
|move|p1a: Tyranitar|Knock Off|p2b: Trevenant
|-supereffective|p2b: Trevenant|1
|-damage|p2b: Trevenant|0 fnt
|-enditem|p2b: Trevenant|Sitrus Berry|[from] move: Knock Off|[of] p1a: Tyranitar
|faint|p2b: Trevenant
|
|-weather|Sandstorm|[upkeep]
|-damage|p2a: Houndstone|48/100 brn|[from] brn
|upkeep
|
|t:|1785848649
|switch|p1b: Clefable|Clefable, L50, F|100/100
|turn|6
|
|t:|1785848655
|move|p1b: Clefable|Moonblast|p2a: Houndstone
|-damage|p2a: Houndstone|12/100 brn
|move|p1a: Tyranitar|Knock Off|p2a: Houndstone
|-supereffective|p2a: Houndstone|1
|-damage|p2a: Houndstone|0 fnt
|-enditem|p2a: Houndstone|Kasib Berry|[from] move: Knock Off|[of] p1a: Tyranitar
|faint|p2a: Houndstone
|
|win|GS Barnabe
|raw|GS Barnabe's rating: 1230 → 1248(+18 for winning)
|raw|champions-rl-fizix's rating: 1123 → 1105(-18 for losing)
|l|☆champions-rl-fizix
|player|p2|
