|j|☆bogging
|j|☆Bob Lobster
|html|boggingBob Lobster    
|uhtml|bestof|Game 3 of a best-of-3
|t:|1755984730
|gametype|doubles
|player|p1|bogging|bugcatcher-gen4dp|1299
|player|p2|Bob Lobster|steven|1375
|gen|9
|tier|[Gen 9] VGC 2025 Reg H (Bo3)
|rated|
|rule|Species Clause: Limit one of each Pokémon
|rule|Item Clause: Limit 1 of each item
|clearpoke
|poke|p1|Yanmega, L50, F|
|poke|p1|Ursaluna-Bloodmoon, L50, M|
|poke|p1|Rillaboom, L50, M|
|poke|p1|Incineroar, L50, M|
|poke|p1|Primarina, L50, F|
|poke|p1|Sneasler, L50, F|
|poke|p2|Gholdengo, L50|
|poke|p2|Sneasler, L50, M|
|poke|p2|Rillaboom, L50, M|
|poke|p2|Dragonite, L50, F|
|poke|p2|Ninetales-Alola, L50, F|
|poke|p2|Arcanine-Hisui, L50, F|
|teampreview|4
|showteam|p1|Yanmega||FocusSash|SpeedBoost|AirSlash,BugBuzz,Protect,Tailwind|||F|||50|,,,,,Ghost]Ursaluna-Bloodmoon||LifeOrb|MindsEye|BloodMoon,HyperVoice,EarthPower,Protect|||M|||50|,,,,,Normal]Rillaboom||AssaultVest|GrassySurge|WoodHammer,GrassyGlide,Uturn,FakeOut|||M|||50|,,,,,Poison]Incineroar||SafetyGoggles|Intimidate|KnockOff,PartingShot,FakeOut,FlareBlitz|||M|||50|,,,,,Ghost]Primarina||ThroatSpray|LiquidVoice|HyperVoice,Moonblast,Protect,Haze|||F|||50|,,,,,Poison]Sneasler||WhiteHerb|Unburden|CloseCombat,DireClaw,ThroatChop,Protect|||F|||50|,,,,,Stellar
|showteam|p2|Gholdengo||GrassySeed|GoodasGold|NastyPlot,MakeItRain,ShadowBall,Protect||||||50|,,,,,Water]Sneasler||WhiteHerb|Unburden|CloseCombat,DireClaw,Coaching,Protect|||M|||50|,,,,,Ghost]Rillaboom||AssaultVest|GrassySurge|FakeOut,GrassyGlide,DrumBeating,HighHorsepower|||M|||50|,,,,,Fire]Dragonite||LoadedDice|Multiscale|ScaleShot,StompingTantrum,Tailwind,Protect|||F|||50|,,,,,Ground]Ninetales-Alola||FocusSash|SnowWarning|Blizzard,IcyWind,Encore,AuroraVeil|||F|||50|,,,,,Ghost]Arcanine-Hisui||ClearAmulet|Intimidate|RockSlide,FlareBlitz,ExtremeSpeed,Protect|||F|||50|,,,,,Water
|inactive|Battle timer is ON: inactive players will automatically lose when time's up. (requested by Bob Lobster)
|inactive|Bob Lobster has 60 seconds left.
|
|t:|1755984781
|teamsize|p1|4
|teamsize|p2|4
|start
|switch|p1a: Yanmega|Yanmega, L50, F|100/100
|switch|p1b: Ursaluna|Ursaluna-Bloodmoon, L50, M|100/100
|switch|p2a: Dragonite|Dragonite, L50, F|100/100
|switch|p2b: Ninetales|Ninetales-Alola, L50, F|100/100
|-weather|Snowscape|[from] ability: Snow Warning|[of] p2b: Ninetales
|turn|1
|inactive|bogging has 30 seconds left.
|
|t:|1755984813
|-terastallize|p1b: Ursaluna|Normal
|move|p2b: Ninetales|Aurora Veil|p2b: Ninetales
|-sidestart|p2: Bob Lobster|move: Aurora Veil
|move|p1a: Yanmega|Tailwind|p1a: Yanmega
|-sidestart|p1: bogging|move: Tailwind
|move|p1b: Ursaluna|Hyper Voice|p2b: Ninetales|[spread] p2a,p2b
|-damage|p2a: Dragonite|76/100
|-damage|p2b: Ninetales|42/100
|-damage|p1b: Ursaluna|91/100|[from] item: Life Orb
|move|p2a: Dragonite|Tailwind|p2a: Dragonite
|-sidestart|p2: Bob Lobster|move: Tailwind
|
|-weather|Snowscape|[upkeep]
|-ability|p1a: Yanmega|Speed Boost|boost
|-boost|p1a: Yanmega|spe|1
|upkeep
|turn|2
|inactive|Bob Lobster has 30 seconds left.
|
|t:|1755984839
|switch|p1a: Incineroar|Incineroar, L50, M|100/100
|-ability|p1a: Incineroar|Intimidate|boost
|-unboost|p2a: Dragonite|atk|1
|-unboost|p2b: Ninetales|atk|1
|switch|p2b: Arcanine|Arcanine-Hisui, L50, F|100/100
|-ability|p2b: Arcanine|Intimidate|boost
|-unboost|p1a: Incineroar|atk|1
|-unboost|p1b: Ursaluna|atk|1
|switch|p1b: Primarina|Primarina, L50, F|100/100
|move|p2a: Dragonite|Scale Shot|p1b: Primarina
|-immune|p1b: Primarina
|
|-weather|Snowscape|[upkeep]
|upkeep
|turn|3
|
|t:|1755984860
|switch|p2a: Sneasler|Sneasler, L50, M|100/100
|-terastallize|p2b: Arcanine|Water
|move|p1a: Incineroar|Fake Out|p2b: Arcanine
|-damage|p2b: Arcanine|94/100
|cant|p2b: Arcanine|flinch
|move|p1b: Primarina|Moonblast|p2a: Sneasler
|-damage|p2a: Sneasler|62/100
|
|-weather|Snowscape|[upkeep]
|upkeep
|turn|4
|inactive|bogging has 30 seconds left.
|inactive|Bob Lobster has 30 seconds left.
|inactive|bogging has 20 seconds left.
|inactive|Bob Lobster has 20 seconds left.
|
|t:|1755984898
|move|p2a: Sneasler|Close Combat|p1a: Incineroar
|-supereffective|p1a: Incineroar
|-damage|p1a: Incineroar|4/100
|-unboost|p2a: Sneasler|def|1
|-unboost|p2a: Sneasler|spd|1
|-enditem|p2a: Sneasler|White Herb
|-clearnegativeboost|p2a: Sneasler|[silent]
|move|p2b: Arcanine|Rock Slide|p1b: Primarina|[spread] p1a,p1b
|-supereffective|p1a: Incineroar
|-damage|p1a: Incineroar|0 fnt
|-damage|p1b: Primarina|68/100
|faint|p1a: Incineroar
|move|p1b: Primarina|Moonblast|p2b: Arcanine
|-damage|p2b: Arcanine|55/100
|
|-weather|Snowscape|[upkeep]
|-sideend|p2: Bob Lobster|move: Tailwind
|-sideend|p1: bogging|move: Tailwind
|upkeep
|
|t:|1755984908
|switch|p1a: Yanmega|Yanmega, L50, F|100/100
|turn|5
|
|t:|1755984926
|move|p2a: Sneasler|Dire Claw|p1a: Yanmega
|-damage|p1a: Yanmega|51/100
|-status|p1a: Yanmega|slp
|move|p2b: Arcanine|Rock Slide|p1a: Yanmega|[spread] p1a,p1b
|-supereffective|p1a: Yanmega
|-crit|p1a: Yanmega
|-damage|p1a: Yanmega|0 fnt
|-damage|p1b: Primarina|36/100
|faint|p1a: Yanmega
|move|p1b: Primarina|Moonblast|p2b: Arcanine
|-damage|p2b: Arcanine|16/100
|
|-weather|none
|-sideend|p2: Bob Lobster|move: Aurora Veil
|upkeep
|-message|bogging forfeited.
|
|win|Bob Lobster
|raw|bogging's rating: 1299 → 1279(-20 for losing)
|raw|Bob Lobster's rating: 1375 → 1391(+16 for winning)
|l|☆bogging
|player|p1|
