|j|☆FreemanGordon
|j|☆Urstepslowbro
|html|FreemanGordonUrstepslowbro    
|uhtml|bestof|Game 1 of a best-of-3
|t:|1784523229
|gametype|doubles
|player|p1|FreemanGordon|169|1163
|player|p2|Urstepslowbro|miku-ghost|1127
|gen|9
|tier|[Gen 9 Champions] VGC 2026 Reg M-B (Bo3)
|rated|
|rule|Species Clause: Limit one of each Pokémon
|rule|Item Clause: Limit 1 of each item
|clearpoke
|poke|p1|Meowscarada, L50, M|
|poke|p1|Metagross, L50|
|poke|p1|Floette-Eternal, L50, F|
|poke|p1|Talonflame, L50, M|
|poke|p1|Ceruledge, L50, F|
|poke|p1|Ninetales-Alola, L50, F|
|poke|p2|Aerodactyl, L50, M|
|poke|p2|Kingambit, L50, M|
|poke|p2|Sylveon, L50, M|
|poke|p2|Garchomp, L50, M|
|poke|p2|Charizard, L50, M|
|poke|p2|Incineroar, L50, M|
|teampreview|4
|showteam|p1|Meowscarada||LifeOrb|Overgrow|KnockOff,SuckerPunch,TripleAxel,LowKick|Serious||M|||50|]Metagross||Metagrossite|ClearBody|IronHead,BodyPress,PsychicFangs,Protect|Jolly|||||50|]Floette-Eternal||Floettite|FlowerVeil|Moonblast,DazzlingGleam,LightofRuin,Protect|Timid||F|||50|]Talonflame||SharpBeak|GaleWings|Tailwind,DualWingbeat,FlareBlitz,Protect|Jolly||M|||50|]Ceruledge||ColburBerry|FlashFire|BitterBlade,BulkUp,ShadowSneak,Protect|Adamant||F|||50|]Ninetales-Alola||NeverMeltIce|SnowWarning|Blizzard,FreezeDry,Encore,Protect|Timid||F|||50|
|showteam|p2|Aerodactyl||Aerodactylite|Unnerve|RockSlide,IceFang,Tailwind,WideGuard|Jolly||M|||50|]Kingambit||FocusSash|Defiant|KowtowCleave,SuckerPunch,IronHead,Protect|Adamant||M|||50|]Sylveon||FairyFeather|Pixilate|Detect,HyperVoice,HyperBeam,QuickAttack|Modest||M|||50|]Garchomp||LifeOrb|RoughSkin|Earthquake,DragonClaw,StompingTantrum,Protect|Jolly||M|||50|]Charizard||CharizarditeY|Blaze|Protect,HeatWave,SolarBeam,WeatherBall|Modest||M|||50|]Incineroar||SitrusBerry|Intimidate|DarkestLariat,FlareBlitz,FakeOut,PartingShot|Impish||M|||50|
|inactive|Battle timer is ON: inactive players will automatically lose when time's up. (requested by Urstepslowbro)
|inactive|FreemanGordon has 60 seconds left.
|
|t:|1784523344
|teamsize|p1|4
|teamsize|p2|4
|start
|switch|p1a: Talonflame|Talonflame, L50, M|100/100
|switch|p1b: Meowscarada|Meowscarada, L50, M|100/100
|switch|p2a: Aerodactyl|Aerodactyl, L50, M|100/100
|switch|p2b: Incineroar|Incineroar, L50, M|100/100
|-ability|p2a: Aerodactyl|Unnerve
|-ability|p2b: Incineroar|Intimidate|boost
|-unboost|p1a: Talonflame|atk|1
|-unboost|p1b: Meowscarada|atk|1
|turn|1
|inactive|FreemanGordon has 30 seconds left.
|inactive|Urstepslowbro has 30 seconds left.
|
|t:|1784523378
|detailschange|p2a: Aerodactyl|Aerodactyl-Mega, L50, M
|-mega|p2a: Aerodactyl|Aerodactyl|Aerodactylite
|move|p2b: Incineroar|Fake Out|p1b: Meowscarada
|-damage|p1b: Meowscarada|83/100
|move|p1a: Talonflame|Tailwind|p1a: Talonflame
|-sidestart|p1: FreemanGordon|move: Tailwind
|cant|p1b: Meowscarada|flinch
|move|p2a: Aerodactyl|Rock Slide|p1b: Meowscarada|[spread] p1a,p1b
|-supereffective|p1a: Talonflame|2
|-crit|p1b: Meowscarada
|-damage|p1a: Talonflame|0 fnt
|-damage|p1b: Meowscarada|20/100y
|faint|p1a: Talonflame
|
|upkeep
|
|t:|1784523391
|switch|p1a: Floette|Floette-Eternal, L50, F|100/100
|turn|2
|
|t:|1784523412
|switch|p1b: Ceruledge|Ceruledge, L50, F|100/100
|switch|p2a: Charizard|Charizard, L50, M|100/100
|detailschange|p1a: Floette|Floette-Mega, L50, F
|-mega|p1a: Floette|Floette|Floettite
|-ability|p1a: Floette|Fairy Aura
|move|p1a: Floette|Light of Ruin|p2b: Incineroar
|-damage|p2b: Incineroar|1/100
|-enditem|p2b: Incineroar|Sitrus Berry|[eat]
|-heal|p2b: Incineroar|25/100|[from] item: Sitrus Berry
|-damage|p1a: Floette|33/100|[from] Recoil
|move|p2b: Incineroar|Parting Shot|p1a: Floette
|-unboost|p1a: Floette|atk|1
|-unboost|p1a: Floette|spa|1
|
|t:|1784523436
|switch|p2b: Kingambit|Kingambit, L50, M|100/100|[from] Parting Shot
|
|upkeep
|turn|3
|
|t:|1784523447
|switch|p2a: Incineroar|Incineroar, L50, M|25/100
|-ability|p2a: Incineroar|Intimidate|boost
|-unboost|p1a: Floette|atk|1
|-unboost|p1b: Ceruledge|atk|1
|move|p2b: Kingambit|Protect|p2b: Kingambit
|-singleturn|p2b: Kingambit|Protect
|move|p1a: Floette|Dazzling Gleam|p2b: Kingambit|[spread] p2a
|-activate|p2b: Kingambit|move: Protect
|-damage|p2a: Incineroar|0 fnt
|faint|p2a: Incineroar
|move|p1b: Ceruledge|Bitter Blade|p2b: Kingambit
|-activate|p2b: Kingambit|move: Protect
|
|upkeep
|
|t:|1784523462
|switch|p2a: Aerodactyl|Aerodactyl-Mega, L50, M|100/100
|turn|4
|
|t:|1784523474
|switch|p2a: Charizard|Charizard, L50, M|100/100
|move|p1a: Floette|Light of Ruin|p2a: Charizard
|-resisted|p2a: Charizard|1
|-damage|p2a: Charizard|61/100
|-damage|p1a: Floette|9/100|[from] Recoil
|move|p1b: Ceruledge|Bulk Up|p1b: Ceruledge
|-boost|p1b: Ceruledge|atk|1
|-boost|p1b: Ceruledge|def|1
|move|p2b: Kingambit|Kowtow Cleave|p1b: Ceruledge
|-supereffective|p1b: Ceruledge|1
|-enditem|p1b: Ceruledge|Colbur Berry|[eat]
|-enditem|p1b: Ceruledge|Colbur Berry|[weaken]
|-damage|p1b: Ceruledge|69/100
|
|-sideend|p1: FreemanGordon|move: Tailwind
|upkeep
|turn|5
|inactive|FreemanGordon has 30 seconds left.
|inactive|Urstepslowbro has 30 seconds left.
|
|t:|1784523507
|move|p1b: Ceruledge|Protect|p1b: Ceruledge
|-singleturn|p1b: Ceruledge|Protect
|move|p2b: Kingambit|Sucker Punch||[still]
|-fail|p2b: Kingambit
|move|p1a: Floette|Light of Ruin|p2b: Kingambit
|-damage|p2b: Kingambit|17/100
|-damage|p1a: Floette|0 fnt|[from] Recoil
|faint|p1a: Floette
|move|p2a: Charizard|Weather Ball|p1b: Ceruledge
|-activate|p1b: Ceruledge|move: Protect
|
|upkeep
|
|t:|1784523518
|switch|p1a: Meowscarada|Meowscarada, L50, M|20/100y
|turn|6
|inactive|FreemanGordon has 30 seconds left.
|
|t:|1784523549
|move|p1a: Meowscarada|Sucker Punch|p2a: Charizard
|-damage|p2a: Charizard|16/100
|-damage|p1a: Meowscarada|11/100|[from] item: Life Orb
|move|p2b: Kingambit|Sucker Punch||[still]
|-fail|p2b: Kingambit
|move|p2a: Charizard|Weather Ball|p1a: Meowscarada
|-damage|p1a: Meowscarada|0 fnt
|faint|p1a: Meowscarada
|move|p1b: Ceruledge|Bulk Up|p1b: Ceruledge
|-boost|p1b: Ceruledge|atk|1
|-boost|p1b: Ceruledge|def|1
|
|upkeep
|turn|7
|
|t:|1784523570
|switch|p2a: Aerodactyl|Aerodactyl-Mega, L50, M|100/100
|move|p2b: Kingambit|Protect|p2b: Kingambit
|-singleturn|p2b: Kingambit|Protect
|move|p1b: Ceruledge|Shadow Sneak|p2b: Kingambit
|-activate|p2b: Kingambit|move: Protect
|
|upkeep
|turn|8
|
|t:|1784523587
|move|p2b: Kingambit|Sucker Punch|p1b: Ceruledge
|-supereffective|p1b: Ceruledge|1
|-damage|p1b: Ceruledge|33/100
|move|p2a: Aerodactyl|Rock Slide|p1b: Ceruledge
|-supereffective|p1b: Ceruledge|1
|-damage|p1b: Ceruledge|0 fnt
|faint|p1b: Ceruledge
|
|win|Urstepslowbro
