|j|☆Mario3x
|j|☆Lab01JNEST
|html|Mario3xLab01JNEST    
|uhtml|bestof|Game 1 of a best-of-3
|t:|1757686682
|gametype|doubles
|player|p1|Mario3x|170|1214
|player|p2|Lab01JNEST|266|1215
|gen|9
|tier|[Gen 9] VGC 2025 Reg H (Bo3)
|rated|
|rule|Species Clause: Limit one of each Pokémon
|rule|Item Clause: Limit 1 of each item
|clearpoke
|poke|p1|Whimsicott, L50, M|
|poke|p1|Ursaluna-Bloodmoon, L50, M|
|poke|p1|Annihilape, L50, M|
|poke|p1|Incineroar, L50, F|
|poke|p1|Charizard, L50, F|
|poke|p1|Rillaboom, L50, F|
|poke|p2|Tyranitar, L50, F|
|poke|p2|Garchomp, L50, M|
|poke|p2|Sinistcha, L50|
|poke|p2|Dragonite, L50, M|
|poke|p2|Corviknight, L50, M|
|poke|p2|Volcarona, L50, M|
|teampreview|4
|showteam|p1|Whimsicott||FocusSash|Prankster|Moonblast,Tailwind,Encore,SunnyDay|||M|||50|,,,,,Ghost]Ursaluna-Bloodmoon||LifeOrb|MindsEye|BloodMoon,HyperVoice,EarthPower,Protect|||M|||50|,,,,,Poison]Annihilape||Leftovers|Defiant|DrainPunch,RageFist,BulkUp,Protect|||M|||50|,,,,,Water]Incineroar||SafetyGoggles|Intimidate|FakeOut,FlareBlitz,KnockOff,PartingShot|||F|||50|,,,,,Ghost]Charizard||ChoiceSpecs|SolarPower|WeatherBall,HeatWave,Overheat,AirSlash|||F|||50|,,,,,Fire]Rillaboom||AssaultVest|GrassySurge|FakeOut,WoodHammer,HighHorsepower,GrassyGlide|||F|||50|,,,,,Water
|showteam|p2|Tyranitar||AssaultVest|SandStream|RockSlide,KnockOff,TeraBlast,LowKick|||F|||50|,,,,,Flying]Garchomp||LifeOrb|RoughSkin|Protect,DragonClaw,StompingTantrum,Earthquake|||M|||50|,,,,,Ground]Sinistcha||RockyHelmet|Hospitality|MatchaGotcha,LifeDew,TrickRoom,RagePowder||||||50|,,,,,Dark]Dragonite||ChoiceBand|InnerFocus|Outrage,ExtremeSpeed,IceSpinner,AerialAce|||M|||50|,,,,,Normal]Corviknight||SitrusBerry|MirrorArmor|Tailwind,BulkUp,Roost,BraveBird|||M|||50|,,,,,Dragon]Volcarona||Leftovers|FlameBody|FieryDance,GigaDrain,QuiverDance,Protect|||M|||50|,,,,,Dragon
|inactive|Battle timer is ON: inactive players will automatically lose when time's up. (requested by Lab01JNEST)
|j| maaaxxax
|inactive|Mario3x has 60 seconds left.
|
|t:|1757686730
|teamsize|p1|4
|teamsize|p2|4
|start
|switch|p1a: Annihilape|Annihilape, L50, M|100/100
|switch|p1b: Whimsicott|Whimsicott, L50, M|100/100
|switch|p2a: Volcarona|Volcarona, L50, M|100/100
|switch|p2b: Corviknight|Corviknight, L50, M|100/100
|turn|1
|
|t:|1757686745
|-terastallize|p1b: Whimsicott|Ghost
|move|p1b: Whimsicott|Tailwind|p1b: Whimsicott
|-sidestart|p1: Mario3x|move: Tailwind
|move|p1a: Annihilape|Bulk Up|p1a: Annihilape
|-boost|p1a: Annihilape|atk|1
|-boost|p1a: Annihilape|def|1
|move|p2a: Volcarona|Quiver Dance|p2a: Volcarona
|-boost|p2a: Volcarona|spa|1
|-boost|p2a: Volcarona|spd|1
|-boost|p2a: Volcarona|spe|1
|move|p2b: Corviknight|Tailwind|p2b: Corviknight
|-sidestart|p2: Lab01JNEST|move: Tailwind
|
|upkeep
|turn|2
|
|t:|1757686761
|move|p1b: Whimsicott|Encore|p2a: Volcarona
|-start|p2a: Volcarona|Encore
|move|p2a: Volcarona|Quiver Dance|p2a: Volcarona
|-boost|p2a: Volcarona|spa|1
|-boost|p2a: Volcarona|spd|1
|-boost|p2a: Volcarona|spe|1
|move|p1a: Annihilape|Bulk Up|p1a: Annihilape
|-boost|p1a: Annihilape|atk|1
|-boost|p1a: Annihilape|def|1
|move|p2b: Corviknight|Brave Bird|p1a: Annihilape
|-supereffective|p1a: Annihilape
|-damage|p1a: Annihilape|49/100
|-damage|p2b: Corviknight|85/100|[from] Recoil
|
|-heal|p1a: Annihilape|55/100|[from] item: Leftovers
|upkeep
|turn|3
|inactive|Mario3x has 30 seconds left.
|inactive|Mario3x has 20 seconds left.
|inactive|Mario3x has 15 seconds left.
|
|t:|1757686804
|move|p2a: Volcarona|Quiver Dance|p2a: Volcarona
|-boost|p2a: Volcarona|spa|1
|-boost|p2a: Volcarona|spd|1
|-boost|p2a: Volcarona|spe|1
|move|p1b: Whimsicott|Moonblast|p2b: Corviknight
|-resisted|p2b: Corviknight
|-damage|p2b: Corviknight|68/100
|move|p1a: Annihilape|Drain Punch|p2b: Corviknight
|-damage|p2b: Corviknight|14/100
|-heal|p1a: Annihilape|85/100|[from] drain|[of] p2b: Corviknight
|-enditem|p2b: Corviknight|Sitrus Berry|[eat]
|-heal|p2b: Corviknight|39/100|[from] item: Sitrus Berry
|move|p2b: Corviknight|Brave Bird|p1a: Annihilape
|-supereffective|p1a: Annihilape
|-damage|p1a: Annihilape|33/100
|-damage|p2b: Corviknight|23/100|[from] Recoil
|
|-heal|p1a: Annihilape|39/100|[from] item: Leftovers
|upkeep
|turn|4
|inactive|Mario3x has 30 seconds left.
|
|t:|1757686831
|move|p2a: Volcarona|Quiver Dance|p2a: Volcarona
|-boost|p2a: Volcarona|spa|1
|-boost|p2a: Volcarona|spd|1
|-boost|p2a: Volcarona|spe|1
|move|p1b: Whimsicott|Moonblast|p2a: Volcarona
|-resisted|p2a: Volcarona
|-damage|p2a: Volcarona|95/100
|-unboost|p2a: Volcarona|spa|1
|move|p1a: Annihilape|Drain Punch|p2b: Corviknight
|-damage|p2b: Corviknight|0 fnt
|-heal|p1a: Annihilape|52/100|[from] drain|[of] p2b: Corviknight
|faint|p2b: Corviknight
|
|-heal|p2a: Volcarona|100/100|[from] item: Leftovers
|-heal|p1a: Annihilape|57/100|[from] item: Leftovers
|-end|p2a: Volcarona|Encore
|-sideend|p2: Lab01JNEST|move: Tailwind
|-sideend|p1: Mario3x|move: Tailwind
|upkeep
|
|t:|1757686842
|switch|p2b: Tyranitar|Tyranitar, L50, F|100/100
|-weather|Sandstorm|[from] ability: Sand Stream|[of] p2b: Tyranitar
|turn|5
|
|t:|1757686855
|-terastallize|p2b: Tyranitar|Flying
|move|p2a: Volcarona|Protect|p2a: Volcarona
|-singleturn|p2a: Volcarona|Protect
|move|p1a: Annihilape|Protect|p1a: Annihilape
|-singleturn|p1a: Annihilape|Protect
|move|p1b: Whimsicott|Encore|p2a: Volcarona
|-activate|p2a: Volcarona|move: Protect
|move|p2b: Tyranitar|Knock Off|p1b: Whimsicott
|-supereffective|p1b: Whimsicott
|-enditem|p1b: Whimsicott|Focus Sash
|-damage|p1b: Whimsicott|1/100
|
|-weather|Sandstorm|[upkeep]
|-damage|p2a: Volcarona|94/100|[from] Sandstorm
|-damage|p1b: Whimsicott|0 fnt|[from] Sandstorm
|-damage|p1a: Annihilape|52/100|[from] Sandstorm
|-damage|p2b: Tyranitar|95/100|[from] Sandstorm
|faint|p1b: Whimsicott
|-heal|p2a: Volcarona|100/100|[from] item: Leftovers
|-heal|p1a: Annihilape|57/100|[from] item: Leftovers
|upkeep
|
|t:|1757686866
|switch|p1b: Ursaluna|Ursaluna-Bloodmoon, L50, M|100/100
|turn|6
|
|t:|1757686881
|move|p2a: Volcarona|Fiery Dance|p1a: Annihilape
|-damage|p1a: Annihilape|0 fnt
|-boost|p2a: Volcarona|spa|1
|faint|p1a: Annihilape
|move|p1b: Ursaluna|Blood Moon|p2b: Tyranitar
|-damage|p2b: Tyranitar|33/100
|-damage|p1b: Ursaluna|91/100|[from] item: Life Orb
|move|p2b: Tyranitar|Knock Off|p1b: Ursaluna
|-damage|p1b: Ursaluna|42/100
|-enditem|p1b: Ursaluna|Life Orb|[from] move: Knock Off|[of] p2b: Tyranitar
|
|-weather|Sandstorm|[upkeep]
|-damage|p2a: Volcarona|94/100|[from] Sandstorm
|-damage|p2b: Tyranitar|27/100|[from] Sandstorm
|-heal|p2a: Volcarona|100/100|[from] item: Leftovers
|upkeep
|-message|Mario3x forfeited.
|
|win|Lab01JNEST
|l|☆Mario3x
|player|p1|
||Mario3x is ready for game 2.
|inactive|Lab01JNEST has 30 seconds to confirm battle start!
