|j|☆aviles0036
|j|☆jagheter
|html|aviles0036jagheter    
|uhtml|bestof|Game 2 of a best-of-3
|t:|1756993170
|gametype|doubles
|player|p1|aviles0036|noland-gen3|1248
|player|p2|jagheter|worker|1249
|gen|9
|tier|[Gen 9] VGC 2025 Reg H (Bo3)
|rated|
|rule|Species Clause: Limit one of each Pokémon
|rule|Item Clause: Limit 1 of each item
|clearpoke
|poke|p1|Amoonguss, L50, F|
|poke|p1|Sneasler, L50, M|
|poke|p1|Gholdengo, L50|
|poke|p1|Incineroar, L50, M|
|poke|p1|Ursaluna-Bloodmoon, L50, M|
|poke|p1|Dragonite, L50, M|
|poke|p2|Venusaur, L50, M|
|poke|p2|Sneasler, L50, M|
|poke|p2|Dondozo, L50, M|
|poke|p2|Volcarona, L50, F|
|poke|p2|Rillaboom, L50, M|
|poke|p2|Incineroar, L50, M|
|teampreview|4
|showteam|p1|Amoonguss||SitrusBerry|Regenerator|RagePowder,Spore,ClearSmog,Protect|||F|||50|,,,,,Psychic]Sneasler||FocusSash|Unburden|Protect,DireClaw,CloseCombat,ThroatChop|||M|||50|,,,,,Stellar]Gholdengo||LifeOrb|GoodasGold|Protect,MakeItRain,ShadowBall,NastyPlot||||||50|,,,,,Water]Incineroar||SafetyGoggles|Intimidate|KnockOff,PartingShot,FlareBlitz,FakeOut|||M|||50|,,,,,Ghost]Ursaluna-Bloodmoon||AssaultVest|MindsEye|BloodMoon,EarthPower,VacuumWave,HyperVoice|||M|||50|,,,,,Water]Dragonite||LoadedDice|Multiscale|ScaleShot,Tailwind,TeraBlast,Protect|||M|||50|,,,,,Fairy
|showteam|p2|Venusaur||WideLens|Chlorophyll|SleepPowder,Protect,SludgeBomb,EarthPower|||M|||50|,,,,,Ghost]Sneasler||GrassySeed|Unburden|Coaching,DireClaw,CloseCombat,Protect|||M|||50|,,,,,Stellar]Dondozo||Leftovers|Unaware|Fissure,Protect,Liquidation,Yawn|||M|||50|,,,,,Poison]Volcarona||CovertCloak|FlameBody|FieryDance,TeraBlast,QuiverDance,Protect|||F|||50|,,,,,Fairy]Rillaboom||AssaultVest|GrassySurge|FakeOut,WoodHammer,GrassyGlide,HighHorsepower|||M|||50|,,,,,Fire]Incineroar||SafetyGoggles|Intimidate|FakeOut,KnockOff,PartingShot,FlareBlitz|||M|||50|,,,,,Bug
|inactive|Battle timer is ON: inactive players will automatically lose when time's up. (requested by aviles0036)
|
|t:|1756993197
|teamsize|p1|4
|teamsize|p2|4
|start
|switch|p1a: Incineroar|Incineroar, L50, M|100/100
|switch|p1b: Sneasler|Sneasler, L50, M|100/100
|switch|p2a: YUKIMIYA|Incineroar, L50, M, shiny|100/100
|switch|p2b: KYUUUSAL|Volcarona, L50, F, shiny|100/100
|-ability|p1a: Incineroar|Intimidate|boost
|-unboost|p2a: YUKIMIYA|atk|1
|-unboost|p2b: KYUUUSAL|atk|1
|-ability|p2a: YUKIMIYA|Intimidate|boost
|-unboost|p1a: Incineroar|atk|1
|-unboost|p1b: Sneasler|atk|1
|turn|1
|
|t:|1756993212
|switch|p2a: ITOSHI|Sneasler, L50, M, shiny|100/100
|move|p1b: Sneasler|Close Combat|p2a: ITOSHI
|-resisted|p2a: ITOSHI
|-damage|p2a: ITOSHI|65/100
|-unboost|p1b: Sneasler|def|1
|-unboost|p1b: Sneasler|spd|1
|move|p2b: KYUUUSAL|Quiver Dance|p2b: KYUUUSAL
|-boost|p2b: KYUUUSAL|spa|1
|-boost|p2b: KYUUUSAL|spd|1
|-boost|p2b: KYUUUSAL|spe|1
|move|p1a: Incineroar|Parting Shot|p2b: KYUUUSAL
|-unboost|p2b: KYUUUSAL|atk|1
|-unboost|p2b: KYUUUSAL|spa|1
|
|t:|1756993222
|switch|p1a: Dragonite|Dragonite, L50, M|100/100|[from] Parting Shot
|
|upkeep
|turn|2
|inactive|aviles0036 has 30 seconds left.
|
|t:|1756993247
|switch|p1b: Incineroar|Incineroar, L50, M|100/100
|-ability|p1b: Incineroar|Intimidate|boost
|-unboost|p2a: ITOSHI|atk|1
|-unboost|p2b: KYUUUSAL|atk|1
|move|p2b: KYUUUSAL|Fiery Dance|p1b: Incineroar
|-resisted|p1b: Incineroar
|-damage|p1b: Incineroar|83/100
|-boost|p2b: KYUUUSAL|spa|1
|move|p2a: ITOSHI|Dire Claw|p1b: Incineroar
|-damage|p1b: Incineroar|54/100
|-status|p1b: Incineroar|par
|move|p1a: Dragonite|Scale Shot|p2b: KYUUUSAL
|-damage|p2b: KYUUUSAL|83/100
|-crit|p2b: KYUUUSAL
|-damage|p2b: KYUUUSAL|55/100
|-damage|p2b: KYUUUSAL|38/100
|-damage|p2b: KYUUUSAL|19/100
|-hitcount|p2b: KYUUUSAL|4
|-unboost|p1a: Dragonite|def|1
|-boost|p1a: Dragonite|spe|1
|
|upkeep
|turn|3
|
|t:|1756993270
|-terastallize|p2b: KYUUUSAL|Fairy
|move|p2b: KYUUUSAL|Tera Blast|p1a: Dragonite|[anim] Tera Blast Fairy
|-supereffective|p1a: Dragonite
|-damage|p1a: Dragonite|40/100
|move|p1a: Dragonite|Scale Shot|p2a: ITOSHI
|-damage|p2a: ITOSHI|40/100
|-damage|p2a: ITOSHI|17/100
|-damage|p2a: ITOSHI|0 fnt
|faint|p2a: ITOSHI
|-hitcount|p2: ITOSHI|3
|-unboost|p1a: Dragonite|def|1
|-boost|p1a: Dragonite|spe|1
|move|p1b: Incineroar|Flare Blitz|p2b: KYUUUSAL
|-damage|p2b: KYUUUSAL|0 fnt
|faint|p2b: KYUUUSAL
|-damage|p1b: Incineroar|49/100 par|[from] Recoil
|
|upkeep
|
|t:|1756993280
|switch|p2a: YUKIMIYA|Incineroar, L50, M, shiny|100/100
|switch|p2b: RICHI|Dondozo, L50, M, shiny|100/100
|-ability|p2a: YUKIMIYA|Intimidate|boost
|-unboost|p1a: Dragonite|atk|1
|-unboost|p1b: Incineroar|atk|1
|turn|4
|
|t:|1756993292
|move|p1a: Dragonite|Tailwind|p1a: Dragonite
|-sidestart|p1: aviles0036|move: Tailwind
|move|p1b: Incineroar|Parting Shot|p2a: YUKIMIYA
|-unboost|p2a: YUKIMIYA|atk|1
|-unboost|p2a: YUKIMIYA|spa|1
|
|t:|1756993296
|switch|p1b: Gholdengo|Gholdengo, L50|100/100|[from] Parting Shot
|move|p2a: YUKIMIYA|Knock Off|p1a: Dragonite
|-damage|p1a: Dragonite|0 fnt
|-enditem|p1a: Dragonite|Loaded Dice|[from] move: Knock Off|[of] p2a: YUKIMIYA
|faint|p1a: Dragonite
|move|p2b: RICHI|Liquidation|p1b: Gholdengo
|-damage|p1b: Gholdengo|64/100
|
|upkeep
|
|t:|1756993305
|switch|p1a: Incineroar|Incineroar, L50, M|49/100 par
|-ability|p1a: Incineroar|Intimidate|boost
|-unboost|p2a: YUKIMIYA|atk|1
|-unboost|p2b: RICHI|atk|1
|turn|5
|
|t:|1756993316
|move|p1a: Incineroar|Fake Out|p2a: YUKIMIYA
|-crit|p2a: YUKIMIYA
|-damage|p2a: YUKIMIYA|87/100
|move|p1b: Gholdengo|Shadow Ball|p2b: RICHI
|-damage|p2b: RICHI|61/100
|-damage|p1b: Gholdengo|54/100|[from] item: Life Orb
|cant|p2a: YUKIMIYA|flinch
|move|p2b: RICHI|Liquidation|p1b: Gholdengo
|-damage|p1b: Gholdengo|32/100
|
|-heal|p2b: RICHI|67/100|[from] item: Leftovers
|upkeep
|turn|6
|
|t:|1756993332
|move|p1b: Gholdengo|Shadow Ball|p2b: RICHI
|-crit|p2b: RICHI
|-damage|p2b: RICHI|0 fnt
|faint|p2b: RICHI
|-damage|p1b: Gholdengo|22/100|[from] item: Life Orb
|move|p1a: Incineroar|Knock Off|p2a: YUKIMIYA
|-resisted|p2a: YUKIMIYA
|-damage|p2a: YUKIMIYA|71/100
|-enditem|p2a: YUKIMIYA|Safety Goggles|[from] move: Knock Off|[of] p1a: Incineroar
|move|p2a: YUKIMIYA|Knock Off|p1b: Gholdengo
|-supereffective|p1b: Gholdengo
|-damage|p1b: Gholdengo|0 fnt
|-enditem|p1b: Gholdengo|Life Orb|[from] move: Knock Off|[of] p2a: YUKIMIYA
|faint|p1b: Gholdengo
|
|upkeep
|
|t:|1756993342
|switch|p1b: Sneasler|Sneasler, L50, M|100/100
|turn|7
|c|☆aviles0036|wp
|
|t:|1756993357
|-terastallize|p1b: Sneasler|Stellar
|move|p1b: Sneasler|Close Combat|p2a: YUKIMIYA
|-supereffective|p2a: YUKIMIYA
|-damage|p2a: YUKIMIYA|0 fnt
|-unboost|p1b: Sneasler|def|1
|-unboost|p1b: Sneasler|spd|1
|faint|p2a: YUKIMIYA
|
|win|aviles0036
|raw|aviles0036's rating: 1248 → 1273(+25 for winning)
|raw|jagheter's rating: 1249 → 1224(-25 for losing)
|l|☆aviles0036
|player|p1|
