|j|☆donofair
|j|☆Bahamate
|html|donofairBahamate    
|uhtml|bestof|Game 1 of a best-of-3
|t:|1757903322
|gametype|doubles
|player|p1|donofair|rancher|1253
|player|p2|Bahamate|grimsley|1295
|gen|9
|tier|[Gen 9] VGC 2025 Reg H (Bo3)
|rated|
|rule|Species Clause: Limit one of each Pokémon
|rule|Item Clause: Limit 1 of each item
|clearpoke
|poke|p1|Dragonite, L50, F|
|poke|p1|Kingambit, L50, F|
|poke|p1|Volcarona, L50, F|
|poke|p1|Garchomp, L50, F|
|poke|p1|Sneasler, L50, M|
|poke|p1|Rillaboom, L50, F|
|poke|p2|Ceruledge, L50, M|
|poke|p2|Grimmsnarl, L50, M|
|poke|p2|Ninetales-Alola, L50, F|
|poke|p2|Ursaluna-Bloodmoon, L50, M|
|poke|p2|Rillaboom, L50, M|
|poke|p2|Annihilape, L50, F|
|teampreview|4
|showteam|p1|Dragonite||LoadedDice|Multiscale|ScaleShot,Haze,Tailwind,Protect|||F|||50|,,,,,Fairy]Kingambit||BlackGlasses|Defiant|KowtowCleave,SuckerPunch,SwordsDance,Protect|||F|||50|,,,,,Ghost]Volcarona||CovertCloak|FlameBody|QuiverDance,HeatWave,TeraBlast,Protect|||F|||50|,,,,,Fairy]Garchomp||LifeOrb|RoughSkin|Earthquake,DragonClaw,StompingTantrum,Protect|||F|||50|,,,,,Ground]Sneasler||FocusSash|PoisonTouch|DireClaw,CloseCombat,FakeOut,Coaching|||M|||50|,,,,,Fighting]Rillaboom||MiracleSeed|GrassySurge|WoodHammer,GrassyGlide,FakeOut,Taunt|||F|||50|,,,,,Grass
|showteam|p2|Ceruledge||AssaultVest|FlashFire|BitterBlade,ShadowSneak,TeraBlast,ClearSmog|||M|||50|,,,,,Grass]Grimmsnarl||LightClay|Prankster|Reflect,LightScreen,FoulPlay,ThunderWave|||M|||50|,,,,,Ghost]Ninetales-Alola||FocusSash|SnowWarning|Blizzard,IcyWind,Disable,Protect|||F|||50|,,,,,Ice]Ursaluna-Bloodmoon||Leftovers|MindsEye|BloodMoon,CalmMind,EarthPower,Protect|||M|||50|,,,,,Electric]Rillaboom||MiracleSeed|GrassySurge|WoodHammer,GrassyGlide,HighHorsepower,FakeOut|||M|||50|,,,,,Fire]Annihilape||SitrusBerry|Defiant|RageFist,DrainPunch,BulkUp,Protect|||F|||50|,,,,,Fire
|
|t:|1757903386
|teamsize|p1|4
|teamsize|p2|4
|start
|switch|p1a: Sneasler|Sneasler, L50, M, shiny|100/100
|switch|p1b: Volcarona|Volcarona, L50, F, shiny|100/100
|switch|p2a: Ninetales|Ninetales-Alola, L50, F|100/100
|switch|p2b: Ursaluna|Ursaluna-Bloodmoon, L50, M|100/100
|-weather|Snowscape|[from] ability: Snow Warning|[of] p2a: Ninetales
|turn|1
|
|t:|1757903421
|switch|p2b: Ceruledge|Ceruledge, L50, M|100/100
|move|p1a: Sneasler|Dire Claw|p2a: Ninetales
|-supereffective|p2a: Ninetales
|-damage|p2a: Ninetales|19/100
|move|p2a: Ninetales|Icy Wind|p1a: Sneasler|[spread] p1a,p1b
|-resisted|p1b: Volcarona
|-damage|p1a: Sneasler|79/100
|-damage|p1b: Volcarona|94/100
|-unboost|p1a: Sneasler|spe|1
|move|p1b: Volcarona|Quiver Dance|p1b: Volcarona
|-boost|p1b: Volcarona|spa|1
|-boost|p1b: Volcarona|spd|1
|-boost|p1b: Volcarona|spe|1
|
|-weather|Snowscape|[upkeep]
|upkeep
|turn|2
|
|t:|1757903444
|switch|p1a: Kingambit|Kingambit, L50, F, shiny|100/100
|move|p1b: Volcarona|Protect|p1b: Volcarona
|-singleturn|p1b: Volcarona|Protect
|move|p2a: Ninetales|Protect|p2a: Ninetales
|-singleturn|p2a: Ninetales|Protect
|move|p2b: Ceruledge|Clear Smog|p1b: Volcarona
|-activate|p1b: Volcarona|move: Protect
|
|-weather|Snowscape|[upkeep]
|upkeep
|turn|3
|
|t:|1757903474
|switch|p1a: Garchomp|Garchomp, L50, F, shiny|100/100
|-terastallize|p2b: Ceruledge|Grass
|move|p1b: Volcarona|Tera Blast|p2a: Ninetales
|-damage|p2a: Ninetales|0 fnt
|faint|p2a: Ninetales
|move|p2b: Ceruledge|Bitter Blade|p1b: Volcarona
|-damage|p1b: Volcarona|41/100
|-status|p2b: Ceruledge|brn|[from] ability: Flame Body|[of] p1b: Volcarona
|
|-weather|Snowscape|[upkeep]
|-damage|p2b: Ceruledge|94/100 brn|[from] brn
|upkeep
|
|t:|1757903483
|switch|p2a: Rillaboom|Rillaboom, L50, M|100/100
|-fieldstart|move: Grassy Terrain|[from] ability: Grassy Surge|[of] p2a: Rillaboom
|turn|4
|
|t:|1757903498
|move|p1b: Volcarona|Protect|p1b: Volcarona
|-singleturn|p1b: Volcarona|Protect
|move|p1a: Garchomp|Protect|p1a: Garchomp
|-singleturn|p1a: Garchomp|Protect
|move|p2a: Rillaboom|Wood Hammer|p1a: Garchomp
|-activate|p1a: Garchomp|move: Protect
|move|p2b: Ceruledge|Bitter Blade|p1b: Volcarona
|-activate|p1b: Volcarona|move: Protect
|
|-weather|Snowscape|[upkeep]
|-heal|p1b: Volcarona|47/100|[from] Grassy Terrain
|-heal|p2b: Ceruledge|100/100 brn|[from] Grassy Terrain
|-damage|p2b: Ceruledge|94/100 brn|[from] brn
|upkeep
|turn|5
|
|t:|1757903505
|move|p1b: Volcarona|Heat Wave|p2a: Rillaboom|[spread] p2a
|-start|p2b: Ceruledge|ability: Flash Fire
|-supereffective|p2a: Rillaboom
|-damage|p2a: Rillaboom|0 fnt
|faint|p2a: Rillaboom
|move|p1a: Garchomp|Dragon Claw|p2b: Ceruledge
|-damage|p2b: Ceruledge|28/100 brn
|-damage|p1a: Garchomp|91/100|[from] item: Life Orb
|move|p2b: Ceruledge|Bitter Blade|p1b: Volcarona
|-damage|p1b: Volcarona|7/100
|-heal|p2b: Ceruledge|50/100 brn|[from] drain|[of] p1b: Volcarona
|
|-weather|none
|-heal|p1b: Volcarona|14/100|[from] Grassy Terrain
|-heal|p1a: Garchomp|97/100|[from] Grassy Terrain
|-heal|p2b: Ceruledge|56/100 brn|[from] Grassy Terrain
|-damage|p2b: Ceruledge|50/100 brn|[from] brn
|upkeep
|
|t:|1757903511
|switch|p2a: Ursaluna|Ursaluna-Bloodmoon, L50, M|100/100
|turn|6
|
|t:|1757903523
|move|p1b: Volcarona|Protect|p1b: Volcarona
|-singleturn|p1b: Volcarona|Protect
|move|p1a: Garchomp|Dragon Claw|p2b: Ceruledge
|-damage|p2b: Ceruledge|0 fnt
|faint|p2b: Ceruledge
|-damage|p1a: Garchomp|87/100|[from] item: Life Orb
|move|p2a: Ursaluna|Calm Mind|p2a: Ursaluna
|-boost|p2a: Ursaluna|spa|1
|-boost|p2a: Ursaluna|spd|1
|
|-heal|p1b: Volcarona|20/100|[from] Grassy Terrain
|-heal|p1a: Garchomp|93/100|[from] Grassy Terrain
|upkeep
|turn|7
|
|t:|1757903536
|-terastallize|p1a: Garchomp|Ground
|move|p1b: Volcarona|Heat Wave|p2a: Ursaluna
|-damage|p2a: Ursaluna|46/100
|move|p1a: Garchomp|Stomping Tantrum|p2a: Ursaluna
|-damage|p2a: Ursaluna|0 fnt
|faint|p2a: Ursaluna
|-damage|p1a: Garchomp|83/100|[from] item: Life Orb
|
|win|donofair
||donofair is ready for game 2.
||Bahamate is ready for game 2.
|uhtml|next|Next: Game 2 of 3
