|j|☆abgesaftet
|j|☆GiBy0520
|html|abgesaftetGiBy0520    
|uhtml|bestof|Game 3 of a best-of-3
|t:|1785933616
|gametype|doubles
|player|p1|abgesaftet|ballguy|1346
|player|p2|GiBy0520|101|1238
|gen|9
|tier|[Gen 9 Champions] VGC 2026 Reg M-B (Bo3)
|rated|
|rule|Species Clause: Limit one of each Pokémon
|rule|Item Clause: Limit 1 of each item
|clearpoke
|poke|p1|Froslass, L50, F|
|poke|p1|Basculegion, L50, M|
|poke|p1|Kingambit, L50, M|
|poke|p1|Sneasler, L50, F|
|poke|p1|Lycanroc-Dusk, L50, F|
|poke|p1|Scovillain, L50, M, shiny|
|poke|p2|Staraptor, L50, M|
|poke|p2|Garchomp, L50, M|
|poke|p2|Whimsicott, L50, M|
|poke|p2|Delphox, L50, M|
|poke|p2|Glimmora, L50, M|
|poke|p2|Kingambit, L50, M|
|teampreview|4
|showteam|p1|Froslass||Froslassite|CursedBody|Blizzard,ShadowBall,AuroraVeil,Protect|Timid||F|||50|]Basculegion||SitrusBerry|Adaptability|WaveCrash,LastRespects,AquaJet,Protect|Adamant||M|||50|]Kingambit||LifeOrb|Defiant|KowtowCleave,SuckerPunch,SwordsDance,Protect|Adamant||M|||50|]Sneasler||WhiteHerb|Unburden|CloseCombat,GunkShot,Protect,FakeOut|Adamant||F|||50|]Lycanroc-Dusk||FocusSash|ToughClaws|CloseCombat,Accelerock,RockSlide,Protect|Adamant||F|||50|]Scovillain||Scovillainite|Moody|GigaDrain,Overheat,RagePowder,Protect|Bold||M|||50|
|showteam|p2|Staraptor||Staraptite|Intimidate|Protect,Roost,CloseCombat,BraveBird|Jolly||M|||50|]Garchomp||LifeOrb|RoughSkin|Protect,RockSlide,Earthquake,DragonClaw|Jolly||M|||50|]Whimsicott||OccaBerry|Prankster|Moonblast,Tailwind,Charm,LightScreen|Timid||M|||50|]Delphox||Delphoxite|Magician|Protect,Psychic,HeatWave,Substitute|Timid||M|||50|]Glimmora||FocusSash|ToxicDebris|SpikyShield,SludgeBomb,EarthPower,PowerGem|Timid||M|||50|]Kingambit||ChopleBerry|Defiant|SuckerPunch,LowKick,IronHead,KowtowCleave|Adamant||M|||50|
|inactive|Battle timer is ON: inactive players will automatically lose when time's up. (requested by GiBy0520)
|inactive|abgesaftet has 60 seconds left.
|
|t:|1785933648
|teamsize|p1|4
|teamsize|p2|4
|start
|switch|p1a: Basculegion|Basculegion, L50, M|100/100
|switch|p1b: Lycanroc|Lycanroc-Dusk, L50, F|100/100
|switch|p2a: Whimsicott|Whimsicott, L50, M|100/100
|switch|p2b: Delphox|Delphox, L50, M|100/100
|turn|1
|inactive|GiBy0520 has 30 seconds left.
|
|t:|1785933677
|switch|p1b: Sneasler|Sneasler, L50, F|100/100
|switch|p2b: Kingambit|Kingambit, L50, M|100/100
|move|p2a: Whimsicott|Charm|p1b: Sneasler
|-unboost|p1b: Sneasler|atk|2
|-enditem|p1b: Sneasler|White Herb
|-clearnegativeboost|p1b: Sneasler|[silent]
|move|p1a: Basculegion|Wave Crash|p2b: Kingambit
|-damage|p2b: Kingambit|43/100
|-damage|p1a: Basculegion|82/100|[from] Recoil
|
|upkeep
|turn|2
|inactive|abgesaftet has 30 seconds left.
|inactive|GiBy0520 has 30 seconds left.
|inactive|GiBy0520 has 20 seconds left.
|
|t:|1785933715
|move|p1a: Basculegion|Protect|p1a: Basculegion
|-singleturn|p1a: Basculegion|Protect
|move|p2a: Whimsicott|Tailwind|p2a: Whimsicott
|-sidestart|p2: GiBy0520|move: Tailwind
|move|p2b: Kingambit|Sucker Punch||[still]
|-fail|p2b: Kingambit
|move|p1b: Sneasler|Close Combat|p2b: Kingambit
|-supereffective|p2b: Kingambit|2
|-enditem|p2b: Kingambit|Chople Berry|[eat]
|-enditem|p2b: Kingambit|Chople Berry|[weaken]
|-damage|p2b: Kingambit|0 fnt
|-unboost|p1b: Sneasler|def|1
|-unboost|p1b: Sneasler|spd|1
|faint|p2b: Kingambit
|
|upkeep
|
|t:|1785933723
|switch|p2b: Garchomp|Garchomp, L50, M|100/100
|turn|3
|
|t:|1785933738
|move|p2a: Whimsicott|Charm|p1a: Basculegion
|-unboost|p1a: Basculegion|atk|2
|move|p2b: Garchomp|Earthquake|p1b: Sneasler|[spread] p2a,p1a,p1b
|-resisted|p2a: Whimsicott|1
|-supereffective|p1b: Sneasler|1
|-damage|p2a: Whimsicott|69/100
|-damage|p1a: Basculegion|39/100
|-damage|p1b: Sneasler|0 fnt
|-enditem|p1a: Basculegion|Sitrus Berry|[eat]
|-heal|p1a: Basculegion|63/100|[from] item: Sitrus Berry
|faint|p1b: Sneasler
|-damage|p2b: Garchomp|90/100|[from] item: Life Orb
|move|p1a: Basculegion|Last Respects|p2b: Garchomp
|-damage|p2b: Garchomp|56/100
|
|upkeep
|
|t:|1785933744
|switch|p1b: Froslass|Froslass, L50, F|100/100
|turn|4
|inactive|GiBy0520 has 30 seconds left.
|
|t:|1785933770
|detailschange|p1b: Froslass|Froslass-Mega, L50, F
|-mega|p1b: Froslass|Froslass|Froslassite
|-weather|Snowscape|[from] ability: Snow Warning|[of] p1b: Froslass
|move|p1a: Basculegion|Protect|p1a: Basculegion
|-singleturn|p1a: Basculegion|Protect
|move|p2a: Whimsicott|Charm|p1a: Basculegion
|-activate|p1a: Basculegion|move: Protect
|move|p2b: Garchomp|Rock Slide|p1b: Froslass|[spread] p1b
|-activate|p1a: Basculegion|move: Protect
|-supereffective|p1b: Froslass|1
|-damage|p1b: Froslass|49/100
|-damage|p2b: Garchomp|46/100|[from] item: Life Orb
|move|p1b: Froslass|Blizzard|p2a: Whimsicott|[spread] p2a,p2b
|-supereffective|p2a: Whimsicott|1
|-supereffective|p2b: Garchomp|2
|-damage|p2a: Whimsicott|0 fnt
|-damage|p2b: Garchomp|0 fnt
|faint|p2a: Whimsicott
|faint|p2b: Garchomp
|
|-weather|Snowscape|[upkeep]
|upkeep
|
|t:|1785933775
|switch|p2b: Delphox|Delphox, L50, M|100/100
|turn|5
|
|t:|1785933789
|detailschange|p2b: Delphox|Delphox-Mega, L50, M
|-mega|p2b: Delphox|Delphox|Delphoxite
|move|p2b: Delphox|Heat Wave|p1a: Basculegion|[spread] p1a,p1b
|-resisted|p1a: Basculegion|1
|-supereffective|p1b: Froslass|1
|-damage|p1a: Basculegion|44/100
|-damage|p1b: Froslass|0 fnt
|-status|p1a: Basculegion|brn
|faint|p1b: Froslass
|move|p1a: Basculegion|Wave Crash|p2b: Delphox
|-supereffective|p2b: Delphox|1
|-damage|p2b: Delphox|52/100
|-damage|p1a: Basculegion|32/100 brn|[from] Recoil
|
|-weather|Snowscape|[upkeep]
|-damage|p1a: Basculegion|26/100 brn|[from] brn
|-sideend|p2: GiBy0520|move: Tailwind
|upkeep
|
|t:|1785933793
|switch|p1b: Lycanroc|Lycanroc-Dusk, L50, F|100/100
|turn|6
|
|t:|1785933797
|move|p1b: Lycanroc|Accelerock|p2b: Delphox
|-supereffective|p2b: Delphox|1
|-crit|p2b: Delphox
|-damage|p2b: Delphox|0 fnt
|faint|p2b: Delphox
|
|win|abgesaftet
