|j|☆tiagoballed
|j|☆jonen
|html|tiagoballedjonen    
|uhtml|bestof|Game 2 of a best-of-3
|t:|1756920475
|gametype|doubles
|player|p1|tiagoballed|pokemaniac|
|player|p2|jonen|ruinmaniac-gen3|
|gen|9
|tier|[Gen 9] VGC 2025 Reg H (Bo3)
|rule|Species Clause: Limit one of each Pokémon
|rule|Item Clause: Limit 1 of each item
|clearpoke
|poke|p1|Indeedee, L50, M|
|poke|p1|Archaludon, L50, M|
|poke|p1|Ursaluna, L50, M|
|poke|p1|Sinistcha, L50|
|poke|p1|Incineroar, L50, F|
|poke|p1|Politoed, L50, M|
|poke|p2|Garchomp, L50, M|
|poke|p2|Weezing-Galar, L50, M|
|poke|p2|Archaludon, L50, F|
|poke|p2|Gholdengo, L50|
|poke|p2|Talonflame, L50, F|
|poke|p2|Annihilape, L50, M|
|teampreview|4
|showteam|p1|Indeedee||ChoiceScarf|PsychicSurge|ExpandingForce,DazzlingGleam,Trick,AfterYou|||M|||50|,,,,,Fairy]Archaludon||AssaultVest|Stamina|TeraBlast,ElectroShot,DracoMeteor,BodyPress|||M|||50|,,,,,Flying]Ursaluna||FlameOrb|Guts|Earthquake,Facade,HeadlongRush,Protect|||M|||50|,,,,,Ghost]Sinistcha||SitrusBerry|Hospitality|MatchaGotcha,Scald,TrickRoom,RagePowder||||||50|,,,,,Water]Incineroar||RockyHelmet|Intimidate|FakeOut,KnockOff,Taunt,PartingShot|||F|||50|,,,,,Bug]Politoed||MysticWater|Drizzle|MuddyWater,WeatherBall,Hypnosis,Protect|||M|||50|,,,,,Grass
|showteam|p2|Garchomp||LifeOrb|RoughSkin|DragonClaw,Earthquake,StompingTantrum,Protect|||M|||50|,,,,,Ground]Weezing-Galar||FocusSash|NeutralizingGas|Protect,SludgeBomb,Taunt,StrangeSteam|||M|||50|,,,,,Flying]Archaludon||PowerHerb|Sturdy|ElectroShot,Thunderbolt,DracoMeteor,Protect|||F|||50|,,,,,Electric]Gholdengo||ChoiceSpecs|GoodasGold|ShadowBall,DazzlingGleam,PowerGem,MakeItRain||||||50|,,,,,Fairy]Talonflame||CovertCloak|GaleWings|Tailwind,DualWingbeat,UpperHand,FlareBlitz|||F|||50|,,,,,Fairy]Annihilape||AssaultVest|Defiant|CloseCombat,RageFist,FinalGambit,IcePunch|||M|||50|,,,,,Grass
|j| roman_legend
|
|t:|1756920501
|teamsize|p1|4
|teamsize|p2|4
|start
|switch|p1a: Politoed|Politoed, L50, M|100/100
|switch|p1b: Sinistcha|Sinistcha, L50|100/100
|switch|p2a: Weezing|Weezing-Galar, L50, M|100/100
|switch|p2b: Annihilape|Annihilape, L50, M|100/100
|-ability|p2a: Weezing|Neutralizing Gas
|turn|1
|l| roman_legend
|c|☆jonen|!dt politoad
'politoad' has no exact match. Approximate match:
|raw|DUU  Politoed  Water AbsorbDampDrizzleHP90 Atk75 Def75 SpA90 SpD100 Spe70 BST500 
|raw|Dex#: 186 |  Gen: 2 |  Height: 1.1 m |  Weight: 33.9 kg (60 BP) |  Dex Colour: Green |  Egg Group(s): Water 1 |  Pre-Evolution: Poliwhirl |  Does Not Evolve

|
|t:|1756920550
|-terastallize|p2b: Annihilape|Grass
|move|p1a: Politoed|Protect|p1a: Politoed
|-singleturn|p1a: Politoed|Protect
|move|p2b: Annihilape|Final Gambit|p1a: Politoed
|-activate|p1a: Politoed|move: Protect
|move|p2a: Weezing|Taunt|p1b: Sinistcha
|-start|p1b: Sinistcha|move: Taunt
|move|p1b: Sinistcha|Scald|p2b: Annihilape
|-resisted|p2b: Annihilape
|-damage|p2b: Annihilape|93/100
|-status|p2b: Annihilape|brn
|
|-damage|p2b: Annihilape|87/100 brn|[from] brn
|upkeep
|turn|2
|
|t:|1756920594
|switch|p1b: Indeedee|Indeedee, L50, M|100/100
|move|p2b: Annihilape|Final Gambit|p1a: Politoed
|-damage|p1a: Politoed|12/100
|faint|p2b: Annihilape
|move|p2a: Weezing|Sludge Bomb|p1a: Politoed
|-damage|p1a: Politoed|0 fnt
|faint|p1a: Politoed
|
|upkeep
|
|t:|1756920605
|switch|p2b: Talonflame|Talonflame, L50, F|100/100
|switch|p1a: Sinistcha|Sinistcha, L50|100/100
|turn|3
|
|t:|1756920624
|-terastallize|p1a: Sinistcha|Water
|move|p2a: Weezing|Protect|p2a: Weezing
|-singleturn|p2a: Weezing|Protect
|move|p1b: Indeedee|Trick|p2a: Weezing
|-activate|p2a: Weezing|move: Protect
|move|p2b: Talonflame|Tailwind|p2b: Talonflame
|-sidestart|p2: jonen|move: Tailwind
|move|p1a: Sinistcha|Scald|p2b: Talonflame
|-supereffective|p2b: Talonflame
|-damage|p2b: Talonflame|0 fnt
|faint|p2b: Talonflame
|
|upkeep
|
|t:|1756920626
|switch|p2b: Garchomp|Garchomp, L50, M|100/100
|turn|4
|
|t:|1756920649
|move|p2b: Garchomp|Dragon Claw|p1a: Sinistcha
|-crit|p1a: Sinistcha
|-damage|p1a: Sinistcha|31/100
|-enditem|p1a: Sinistcha|Sitrus Berry|[eat]
|-heal|p1a: Sinistcha|56/100|[from] item: Sitrus Berry
|-damage|p2b: Garchomp|91/100|[from] item: Life Orb
|move|p2a: Weezing|Taunt|p1a: Sinistcha
|-start|p1a: Sinistcha|move: Taunt
|move|p1b: Indeedee|Trick|p2a: Weezing
|-activate|p1b: Indeedee|move: Trick|[of] p2a: Weezing
|-item|p2a: Weezing|Choice Scarf|[from] move: Trick
|-item|p1b: Indeedee|Focus Sash|[from] move: Trick
|cant|p1a: Sinistcha|move: Taunt|Trick Room
|
|upkeep
|turn|5
|
|t:|1756920676
|move|p2b: Garchomp|Dragon Claw|p1b: Indeedee
|-enditem|p1b: Indeedee|Focus Sash
|-damage|p1b: Indeedee|1/100
|-damage|p2b: Garchomp|81/100|[from] item: Life Orb
|move|p2a: Weezing|Sludge Bomb|p1b: Indeedee
|-damage|p1b: Indeedee|0 fnt
|faint|p1b: Indeedee
|move|p1a: Sinistcha|Scald|p2b: Garchomp
|-damage|p2b: Garchomp|44/100
|-status|p2b: Garchomp|brn
|
|-damage|p2b: Garchomp|38/100 brn|[from] brn
|upkeep
|
|t:|1756920689
|switch|p1b: Ursaluna|Ursaluna, L50, M|100/100
|turn|6
|
|t:|1756920708
|move|p1b: Ursaluna|Protect|p1b: Ursaluna
|-singleturn|p1b: Ursaluna|Protect
|move|p2b: Garchomp|Dragon Claw|p1a: Sinistcha
|-damage|p1a: Sinistcha|34/100
|-damage|p2b: Garchomp|28/100 brn|[from] item: Life Orb
|move|p2a: Weezing|Sludge Bomb|p1a: Sinistcha
|-damage|p1a: Sinistcha|0 fnt
|faint|p1a: Sinistcha
|
|-damage|p2b: Garchomp|22/100 brn|[from] brn
|-sideend|p2: jonen|move: Tailwind
|-status|p1b: Ursaluna|brn|[from] item: Flame Orb
|upkeep
|turn|7
|
|t:|1756920728
|move|p2b: Garchomp|Protect|p2b: Garchomp
|-singleturn|p2b: Garchomp|Protect
|move|p2a: Weezing|Sludge Bomb|p1b: Ursaluna
|-resisted|p1b: Ursaluna
|-damage|p1b: Ursaluna|85/100 brn
|move|p1b: Ursaluna|Earthquake|p2b: Garchomp|[spread] p2a
|-activate|p2b: Garchomp|move: Protect
|-supereffective|p2a: Weezing
|-damage|p2a: Weezing|53/100
|
|-damage|p2b: Garchomp|16/100 brn|[from] brn
|-damage|p1b: Ursaluna|79/100 brn|[from] brn
|upkeep
|turn|8
|
|t:|1756920744
|move|p2b: Garchomp|Dragon Claw|p1b: Ursaluna
|-damage|p1b: Ursaluna|58/100 brn
|-damage|p2b: Garchomp|7/100 brn|[from] item: Life Orb
|move|p2a: Weezing|Sludge Bomb|p1b: Ursaluna
|-resisted|p1b: Ursaluna
|-damage|p1b: Ursaluna|42/100 brn
|move|p1b: Ursaluna|Earthquake|p2a: Weezing|[spread] p2a,p2b
|-supereffective|p2a: Weezing
|-damage|p2a: Weezing|1/100
|-damage|p2b: Garchomp|0 fnt
|faint|p2b: Garchomp
|
|-damage|p1b: Ursaluna|36/100 brn|[from] brn
|upkeep
|turn|9
|
|t:|1756920758
|move|p2a: Weezing|Sludge Bomb|p1b: Ursaluna
|-resisted|p1b: Ursaluna
|-damage|p1b: Ursaluna|21/100 brn
|move|p1b: Ursaluna|Facade|p2a: Weezing
|-damage|p2a: Weezing|0 fnt
|faint|p2a: Weezing
|-end|p2a: Weezing|ability: Neutralizing Gas
|
|win|tiagoballed
