|j|☆Siegfried_TV
|j|☆MudkipIsGreat
|html|Siegfried_TVMudkipIsGreat    
|uhtml|bestof|Game 3 of a best-of-3
|t:|1757243538
|gametype|doubles
|player|p1|Siegfried_TV|lance|1052
|player|p2|MudkipIsGreat|1|1046
|gen|9
|tier|[Gen 9] VGC 2025 Reg H (Bo3)
|rated|
|rule|Species Clause: Limit one of each Pokémon
|rule|Item Clause: Limit 1 of each item
|clearpoke
|poke|p1|Indeedee-F, L50, F|
|poke|p1|Hatterene, L50, F|
|poke|p1|Gallade, L50, M|
|poke|p1|Ursaluna, L50, M|
|poke|p1|Lilligant-Hisui, L50, F|
|poke|p1|Torkoal, L50, M|
|poke|p2|Ninetales-Alola, L50, M|
|poke|p2|Dragapult, L50, F|
|poke|p2|Sneasler, L50, F|
|poke|p2|Kingambit, L50, F|
|poke|p2|Magmar, L50, M|
|poke|p2|Rillaboom, L50, F|
|teampreview|4
|showteam|p1|Indeedee-F||PsychicSeed|PsychicSurge|TrickRoom,FollowMe,HelpingHand,DazzlingGleam|||F|||50|,,,,,Fire]Hatterene||LifeOrb|MagicBounce|ExpandingForce,TrickRoom,DazzlingGleam,Protect|||F|||50|,,,,,Psychic]Gallade||ClearAmulet|Sharpness|PsychoCut,TrickRoom,SacredSword,WideGuard|||M|||50|,,,,,Grass]Ursaluna||FlameOrb|Guts|HeadlongRush,Facade,SwordsDance,Protect|||M|||50|,,,,,Ghost]Lilligant-Hisui||FocusSash|Chlorophyll|SolarBlade,SleepPowder,CloseCombat,AfterYou|||F|||50|,,,,,Ghost]Torkoal||ChoiceSpecs|Drought|Eruption,HeatWave,WeatherBall,EarthPower|||M|||50|,,,,,Fire
|showteam|p2|Ninetales-Alola||ChoiceSpecs|SnowWarning|Blizzard,Moonblast,FreezeDry,IcyWind|||M|||50|,,,,,Water]Dragapult||ChoiceBand|ClearBody|DragonDarts,Outrage,PhantomForce,Uturn|||F|||50|,,,,,Dragon]Sneasler||FocusSash|Unburden|FakeOut,DireClaw,CloseCombat,Protect|||F|||50|,,,,,Stellar]Kingambit||BlackGlasses|Defiant|KowtowCleave,SuckerPunch,SwordsDance,Protect|||F|||50|,,,,,Dark]Magmar||Eviolite|FlameBody|Overheat,WillOWisp,FollowMe,Protect|||M|||50|,,,,,Ghost]Rillaboom||AssaultVest|GrassySurge|FakeOut,GrassyGlide,WoodHammer,Uturn|||F|||50|,,,,,Fire
|
|t:|1757243563
|teamsize|p1|4
|teamsize|p2|4
|start
|switch|p1a: MOIN|Indeedee-F, L50, F, shiny|100/100
|switch|p1b: Was|Gallade, L50, M, shiny|100/100
|switch|p2a: Ninetales|Ninetales-Alola, L50, M|100/100
|switch|p2b: Kingambit|Kingambit, L50, F|100/100
|-weather|Snowscape|[from] ability: Snow Warning|[of] p2a: Ninetales
|-fieldstart|move: Psychic Terrain|[from] ability: Psychic Surge|[of] p1a: MOIN
|-enditem|p1a: MOIN|Psychic Seed
|-boost|p1a: MOIN|spd|1|[from] item: Psychic Seed
|turn|1
|
|t:|1757243599
|switch|p2a: Rillaboom|Rillaboom, L50, F|100/100
|-fieldstart|move: Grassy Terrain|[from] ability: Grassy Surge|[of] p2a: Rillaboom
|move|p2b: Kingambit|Protect|p2b: Kingambit
|-singleturn|p2b: Kingambit|Protect
|move|p1a: MOIN|Follow Me|p1a: MOIN
|-singleturn|p1a: MOIN|move: Follow Me
|move|p1b: Was|Trick Room|p1b: Was
|-fieldstart|move: Trick Room|[of] p1b: Was
|
|-weather|Snowscape|[upkeep]
|upkeep
|turn|2
|
|t:|1757243615
|move|p2a: Rillaboom|Fake Out|p1b: Was
|-damage|p1b: Was|79/100
|move|p1a: MOIN|Follow Me|p1a: MOIN
|-singleturn|p1a: MOIN|move: Follow Me
|move|p2b: Kingambit|Kowtow Cleave|p1a: MOIN
|-supereffective|p1a: MOIN
|-damage|p1a: MOIN|0 fnt
|faint|p1a: MOIN
|cant|p1b: Was|flinch
|
|-weather|Snowscape|[upkeep]
|-heal|p1b: Was|84/100|[from] Grassy Terrain
|upkeep
|
|t:|1757243625
|switch|p1a: Bruder?|Torkoal, L50, M, shiny|100/100
|-weather|SunnyDay|[from] ability: Drought|[of] p1a: Bruder?
|turn|3
|
|t:|1757243650
|-terastallize|p1a: Bruder?|Fire
|-terastallize|p2a: Rillaboom|Fire
|move|p2b: Kingambit|Sucker Punch|p1a: Bruder?
|-damage|p1a: Bruder?|60/100
|move|p1a: Bruder?|Eruption|p2b: Kingambit|[spread] p2a,p2b
|-resisted|p2a: Rillaboom
|-supereffective|p2b: Kingambit
|-damage|p2a: Rillaboom|67/100
|-damage|p2b: Kingambit|0 fnt
|faint|p2b: Kingambit
|move|p1b: Was|Sacred Sword|p2a: Rillaboom
|-damage|p2a: Rillaboom|0 fnt
|faint|p2a: Rillaboom
|
|-weather|SunnyDay|[upkeep]
|-heal|p1a: Bruder?|66/100|[from] Grassy Terrain
|-heal|p1b: Was|90/100|[from] Grassy Terrain
|upkeep
|
|t:|1757243665
|switch|p2b: Magmar|Magmar, L50, M|100/100
|switch|p2a: Ninetales|Ninetales-Alola, L50, M|100/100
|-weather|Snowscape|[from] ability: Snow Warning|[of] p2a: Ninetales
|turn|4
|
|t:|1757243684
|move|p1a: Bruder?|Eruption|p2b: Magmar|[spread] p2a,p2b
|-supereffective|p2a: Ninetales
|-resisted|p2b: Magmar
|-damage|p2a: Ninetales|0 fnt
|-damage|p2b: Magmar|76/100
|faint|p2a: Ninetales
|move|p1b: Was|Psycho Cut|p2b: Magmar
|-damage|p2b: Magmar|24/100
|move|p2b: Magmar|Overheat|p1a: Bruder?
|-resisted|p1a: Bruder?
|-damage|p1a: Bruder?|34/100
|-unboost|p2b: Magmar|spa|2
|
|-weather|Snowscape|[upkeep]
|-heal|p1a: Bruder?|41/100|[from] Grassy Terrain
|-heal|p1b: Was|96/100|[from] Grassy Terrain
|-heal|p2b: Magmar|30/100|[from] Grassy Terrain
|upkeep
|turn|5
|-message|MudkipIsGreat forfeited.
|
|win|Siegfried_TV
|raw|Siegfried_TV's rating: 1052 → 1084(+32 for winning)
|raw|MudkipIsGreat's rating: 1046 → 1029(-17 for losing)
|l|☆MudkipIsGreat
|player|p2|
