|j|☆DISSSSS
|j|☆glubglobs
|html|DISSSSSglubglobs    
|uhtml|bestof|Game 1 of a best-of-3
|t:|1756241081
|gametype|doubles
|player|p1|DISSSSS|flannery|1167
|player|p2|glubglobs|101|1111
|gen|9
|tier|[Gen 9] VGC 2025 Reg H (Bo3)
|rated|
|rule|Species Clause: Limit one of each Pokémon
|rule|Item Clause: Limit 1 of each item
|clearpoke
|poke|p1|Ursaluna, L50, M|
|poke|p1|Reuniclus, L50, M|
|poke|p1|Indeedee-F, L50, F|
|poke|p1|Torkoal, L50, M|
|poke|p1|Sneasler, L50, F|
|poke|p1|Lilligant-Hisui, L50, F|
|poke|p2|Primarina, L50, F|
|poke|p2|Sneasler, L50, M|
|poke|p2|Electabuzz, L50, M|
|poke|p2|Kingambit, L50, F|
|poke|p2|Dragapult, L50, M|
|poke|p2|Rillaboom, L50, F|
|teampreview|4
|showteam|p1|Ursaluna||FlameOrb|Guts|Facade,HeadlongRush,Earthquake,Protect|||M|||50|,,,,,Ghost]Reuniclus||LifeOrb|MagicGuard|ExpandingForce,TrickRoom,Protect,FocusBlast|||M|||50|,,,,,Fighting]Indeedee-F||SafetyGoggles|PsychicSurge|TrickRoom,Psychic,FollowMe,HelpingHand|||F|||50|,,,,,Water]Torkoal||Charcoal|Drought|Eruption,EarthPower,HeatWave,Protect|||M|||50|,,,,,Fire]Sneasler||PsychicSeed|Unburden|DireClaw,CloseCombat,ThroatChop,Protect|||F|||50|,,,,,Dark]Lilligant-Hisui||FocusSash|Chlorophyll|AfterYou,SleepPowder,CloseCombat,Protect|||F|||50|,,,,,Ghost
|showteam|p2|Primarina||ThroatSpray|LiquidVoice|Protect,Haze,HyperVoice,Moonblast|||F|||50|,,,,,Poison]Sneasler||FocusSash|PoisonTouch|Protect,NightSlash,DireClaw,CloseCombat|||M|||50|,,,,,Stellar]Electabuzz||Eviolite|VitalSpirit|Protect,FollowMe,Taunt,Electroweb|||M|||50|,,,,,Fairy]Kingambit||BlackGlasses|Defiant|Protect,SwordsDance,SuckerPunch,KowtowCleave|||F|||50|,,,,,Dark]Dragapult||ChoiceBand|ClearBody|Uturn,DragonDarts,PhantomForce,Outrage|||M|||50|,,,,,Dragon]Rillaboom||AssaultVest|GrassySurge|FakeOut,Uturn,GrassyGlide,WoodHammer|||F|||50|,,,,,Fire
|inactive|Battle timer is ON: inactive players will automatically lose when time's up. (requested by DISSSSS)
|inactive|glubglobs also wants the timer to be on.
|inactive|DISSSSS has 60 seconds left.
|inactive|glubglobs has 60 seconds left.
|inactive|DISSSSS has 30 seconds left.
|inactive|DISSSSS has 20 seconds left.
|
|t:|1756241151
|teamsize|p1|4
|teamsize|p2|4
|start
|switch|p1a: Torkoal|Torkoal, L50, M|100/100
|switch|p1b: Lilligant|Lilligant-Hisui, L50, F|100/100
|switch|p2a: Kingambit|Kingambit, L50, F|100/100
|switch|p2b: Electabuzz|Electabuzz, L50, M|100/100
|-weather|SunnyDay|[from] ability: Drought|[of] p1a: Torkoal
|turn|1
|inactive|glubglobs has 30 seconds left.
|
|t:|1756241185
|-terastallize|p2a: Kingambit|Dark
|move|p2b: Electabuzz|Follow Me|p2b: Electabuzz
|-singleturn|p2b: Electabuzz|move: Follow Me
|move|p2a: Kingambit|Sucker Punch|p1a: Torkoal
|-damage|p1a: Torkoal|50/100
|move|p1b: Lilligant|Close Combat|p2b: Electabuzz
|-damage|p2b: Electabuzz|58/100
|-unboost|p1b: Lilligant|def|1
|-unboost|p1b: Lilligant|spd|1
|move|p1a: Torkoal|Eruption|p2a: Kingambit|[spread] p2a,p2b
|-damage|p2a: Kingambit|60/100
|-damage|p2b: Electabuzz|28/100
|
|-weather|SunnyDay|[upkeep]
|upkeep
|turn|2
|inactive|glubglobs has 30 seconds left.
|
|t:|1756241213
|switch|p1b: Indeedee|Indeedee-F, L50, F|100/100
|-fieldstart|move: Psychic Terrain|[from] ability: Psychic Surge|[of] p1b: Indeedee
|move|p2a: Kingambit|Protect|p2a: Kingambit
|-singleturn|p2a: Kingambit|Protect
|move|p2b: Electabuzz|Electroweb|p1a: Torkoal|[spread] p1a,p1b
|-damage|p1a: Torkoal|32/100
|-damage|p1b: Indeedee|90/100
|-unboost|p1a: Torkoal|spe|1
|-unboost|p1b: Indeedee|spe|1
|move|p1a: Torkoal|Heat Wave|p2b: Electabuzz|[spread] p2b
|-activate|p2a: Kingambit|move: Protect
|-damage|p2b: Electabuzz|0 fnt
|faint|p2b: Electabuzz
|
|-weather|SunnyDay|[upkeep]
|upkeep
|
|t:|1756241231
|switch|p2b: Dragapult|Dragapult, L50, M|100/100
|turn|3
|
|t:|1756241242
|move|p2b: Dragapult|Dragon Darts|p1a: Torkoal
|-damage|p1a: Torkoal|2/100
|-anim|p2b: Dragapult|Dragon Darts|p1b: Indeedee
|-damage|p1b: Indeedee|50/100
|move|p2a: Kingambit|Kowtow Cleave|p1b: Indeedee
|-supereffective|p1b: Indeedee
|-damage|p1b: Indeedee|0 fnt
|faint|p1b: Indeedee
|move|p1a: Torkoal|Heat Wave|p2a: Kingambit|[spread] p2a,p2b
|-resisted|p2b: Dragapult
|-damage|p2a: Kingambit|4/100
|-damage|p2b: Dragapult|66/100
|
|-weather|SunnyDay|[upkeep]
|upkeep
|
|t:|1756241250
|switch|p1b: Lilligant|Lilligant-Hisui, L50, F|100/100
|turn|4
|
|t:|1756241270
|move|p2a: Kingambit|Protect|p2a: Kingambit
|-singleturn|p2a: Kingambit|Protect
|move|p1a: Torkoal|Protect|p1a: Torkoal
|-singleturn|p1a: Torkoal|Protect
|move|p1b: Lilligant|Sleep Powder|p2b: Dragapult
|-status|p2b: Dragapult|slp|[from] move: Sleep Powder
|cant|p2b: Dragapult|slp
|
|-weather|SunnyDay|[upkeep]
|upkeep
|turn|5
|
|t:|1756241283
|switch|p2a: Sneasler|Sneasler, L50, M|100/100
|move|p1b: Lilligant|After You|p1a: Torkoal
|-activate|p1a: Torkoal|move: After You
|move|p1a: Torkoal|Heat Wave|p2b: Dragapult|[spread] p2a,p2b
|-resisted|p2b: Dragapult
|-damage|p2a: Sneasler|27/100
|-damage|p2b: Dragapult|26/100 slp
|cant|p2b: Dragapult|slp
|
|-weather|none
|upkeep
|turn|6
|
|t:|1756241304
|-curestatus|p2b: Dragapult|slp|[msg]
|move|p2b: Dragapult|Dragon Darts|p1a: Torkoal
|-crit|p1a: Torkoal
|-damage|p1a: Torkoal|0 fnt
|-anim|p2b: Dragapult|Dragon Darts|p1b: Lilligant
|-damage|p1b: Lilligant|48/100
|faint|p1a: Torkoal
|move|p1b: Lilligant|Close Combat|p2a: Sneasler
|-resisted|p2a: Sneasler
|-damage|p2a: Sneasler|0 fnt
|-unboost|p1b: Lilligant|def|1
|-unboost|p1b: Lilligant|spd|1
|faint|p2a: Sneasler
|
|-fieldend|move: Psychic Terrain
|upkeep
|
|t:|1756241316
|switch|p2a: Kingambit|Kingambit, L50, F, tera:Dark|4/100
|switch|p1a: Ursaluna|Ursaluna, L50, M|100/100
|turn|7
|
|t:|1756241329
|move|p1b: Lilligant|Protect|p1b: Lilligant
|-singleturn|p1b: Lilligant|Protect
|move|p1a: Ursaluna|Protect|p1a: Ursaluna
|-singleturn|p1a: Ursaluna|Protect
|move|p2b: Dragapult|Dragon Darts|p1a: Ursaluna
|-activate|p1b: Lilligant|move: Protect
|move|p2a: Kingambit|Kowtow Cleave|p1a: Ursaluna
|-activate|p1a: Ursaluna|move: Protect
|
|-status|p1a: Ursaluna|brn|[from] item: Flame Orb
|upkeep
|turn|8
|
|t:|1756241349
|move|p2b: Dragapult|Dragon Darts|p1b: Lilligant
|-damage|p1b: Lilligant|0 fnt
|-anim|p2b: Dragapult|Dragon Darts|p1a: Ursaluna
|-damage|p1a: Ursaluna|75/100 brn
|faint|p1b: Lilligant
|move|p2a: Kingambit|Kowtow Cleave|p1a: Ursaluna
|-damage|p1a: Ursaluna|14/100 brn
|move|p1a: Ursaluna|Earthquake|p2a: Kingambit|[spread] p2a,p2b
|-damage|p2a: Kingambit|0 fnt
|-damage|p2b: Dragapult|0 fnt
|faint|p2a: Kingambit
|faint|p2b: Dragapult
|
|win|DISSSSS
||glubglobs is ready for game 2.
||DISSSSS is ready for game 2.
|uhtml|next|Next: Game 2 of 3
|l|☆DISSSSS
|player|p1|
