|j|☆noodleSandwich111
|j|☆aedyncash
|html|noodleSandwich111aedyncash    
|uhtml|bestof|Game 1 of a best-of-3
|t:|1756156290
|gametype|doubles
|player|p1|noodleSandwich111|unknownf|1110
|player|p2|aedyncash|266|1000
|gen|9
|tier|[Gen 9] VGC 2025 Reg H (Bo3)
|rated|
|rule|Species Clause: Limit one of each Pokémon
|rule|Item Clause: Limit 1 of each item
|clearpoke
|poke|p1|Volcarona, L50, F|
|poke|p1|Grimmsnarl, L50, M|
|poke|p1|Dragonite, L50, F|
|poke|p1|Sneasler, L50, F|
|poke|p1|Annihilape, L50, F|
|poke|p1|Ursaluna-Bloodmoon, L50, M|
|poke|p2|Corviknight, L50, M|
|poke|p2|Goodra, L50, M|
|poke|p2|Weezing-Galar, L50, F|
|poke|p2|Politoed, L50, M|
|poke|p2|Comfey, L50, F|
|teampreview|4
|showteam|p1|Volcarona||Leftovers|FlameBody|Protect,HeatWave,QuiverDance,GigaDrain|||F|||50|,,,,,Grass]Grimmsnarl||LightClay|Prankster|SpiritBreak,LightScreen,Reflect,ThunderWave|||M|||50|,,,,,Steel]Dragonite||LoadedDice|InnerFocus|ScaleShot,LowKick,ExtremeSpeed,Haze|||F|||50|,,,,,Steel]Sneasler||FocusSash|Unburden|DireClaw,FakeOut,CloseCombat,ThroatChop|||F|||50|,,,,,Dark]Annihilape||SafetyGoggles|Defiant|Protect,DrainPunch,BulkUp,RageFist|||F|||50|,,,,,Fire]Ursaluna-Bloodmoon||AssaultVest|MindsEye|EarthPower,BloodMoon,HyperVoice,VacuumWave|||M|||50|,,,,,Water
|showteam|p2|Corviknight||SafetyGoggles|MirrorArmor|BraveBird,IronHead,Curse,Uturn|||M|||50|,,,,,Flying]Goodra||AssaultVest|SapSipper|AcidSpray,Flamethrower,Earthquake,Feint|||M|||50|,,,,,Poison]Weezing-Galar||WideLens|MistySurge|AcidSpray,StrangeSteam,HeatWave,Protect|||F|||50|,,,,,Poison]Politoed||MysticWater|Drizzle|WeatherBall,IceBeam,Haze,Protect|||M|||50|,,,,,Water]Comfey||RockyHelmet|Triage|DrainingKiss,GigaDrain,FloralHealing,Protect|||F|||50|,,,,,Fairy
|j| spicy rider
|
|t:|1756156341
|teamsize|p1|4
|teamsize|p2|4
|start
|switch|p1a: Dragonite|Dragonite, L50, F|100/100
|switch|p1b: Grimmsnarl|Grimmsnarl, L50, M|100/100
|switch|p2a: Goodra|Goodra, L50, M|100/100
|switch|p2b: Comfey|Comfey, L50, F|100/100
|turn|1
|
|t:|1756156377
|-terastallize|p1a: Dragonite|Steel
|move|p2b: Comfey|Protect|p2b: Comfey
|-singleturn|p2b: Comfey|Protect
|move|p1a: Dragonite|Scale Shot|p2a: Goodra
|-supereffective|p2a: Goodra
|-damage|p2a: Goodra|76/100
|-supereffective|p2a: Goodra
|-damage|p2a: Goodra|52/100
|-supereffective|p2a: Goodra
|-damage|p2a: Goodra|27/100
|-supereffective|p2a: Goodra
|-damage|p2a: Goodra|5/100
|-supereffective|p2a: Goodra
|-damage|p2a: Goodra|0 fnt
|faint|p2a: Goodra
|-hitcount|p2: Goodra|5
|-unboost|p1a: Dragonite|def|1
|-boost|p1a: Dragonite|spe|1
|move|p1b: Grimmsnarl|Spirit Break|p2b: Comfey
|-activate|p2b: Comfey|move: Protect
|
|upkeep
|
|t:|1756156400
|switch|p2a: Corviknight|Corviknight, L50, M|100/100
|turn|2
|
|t:|1756156434
|move|p2b: Comfey|Draining Kiss|p1a: Dragonite
|-resisted|p1a: Dragonite
|-damage|p1a: Dragonite|90/100
|move|p1b: Grimmsnarl|Reflect|p1b: Grimmsnarl
|-sidestart|p1: noodleSandwich111|Reflect
|move|p1a: Dragonite|Low Kick|p2a: Corviknight
|-damage|p2a: Corviknight|75/100
|move|p2a: Corviknight|Curse|p2a: Corviknight
|-unboost|p2a: Corviknight|spe|1
|-boost|p2a: Corviknight|atk|1
|-boost|p2a: Corviknight|def|1
|
|upkeep
|turn|3
|
|t:|1756156457
|switch|p1a: Volcarona|Volcarona, L50, F, shiny|100/100
|move|p2b: Comfey|Draining Kiss|p1b: Grimmsnarl
|-supereffective|p1b: Grimmsnarl
|-damage|p1b: Grimmsnarl|58/100
|move|p1b: Grimmsnarl|Thunder Wave|p2a: Corviknight
|-status|p2a: Corviknight|par
|move|p2a: Corviknight|Curse|p2a: Corviknight
|-unboost|p2a: Corviknight|spe|1
|-boost|p2a: Corviknight|atk|1
|-boost|p2a: Corviknight|def|1
|
|upkeep
|turn|4
|
|t:|1756156484
|switch|p2b: Politoed|Politoed, L50, M|100/100
|-weather|RainDance|[from] ability: Drizzle|[of] p2b: Politoed
|move|p1a: Volcarona|Heat Wave|p2a: Corviknight|[spread] p2a,p2b
|-supereffective|p2a: Corviknight
|-resisted|p2b: Politoed
|-damage|p2a: Corviknight|48/100 par
|-damage|p2b: Politoed|93/100
|move|p1b: Grimmsnarl|Spirit Break|p2a: Corviknight
|-resisted|p2a: Corviknight
|-damage|p2a: Corviknight|42/100 par
|-ability|p2a: Corviknight|Mirror Armor
|-unboost|p1b: Grimmsnarl|spa|1
|move|p2a: Corviknight|Brave Bird|p1a: Volcarona
|-supereffective|p1a: Volcarona
|-damage|p1a: Volcarona|0 fnt
|faint|p1a: Volcarona
|-damage|p2a: Corviknight|11/100 par|[from] Recoil
|
|-weather|RainDance|[upkeep]
|upkeep
|
|t:|1756156489
|switch|p1a: Dragonite|Dragonite, L50, F, tera:Steel|90/100
|turn|5
|
|t:|1756156530
|switch|p2a: Comfey|Comfey, L50, F|100/100
|move|p1a: Dragonite|Scale Shot|p2a: Comfey
|-immune|p2a: Comfey
|move|p2b: Politoed|Ice Beam|p1a: Dragonite
|-resisted|p1a: Dragonite
|-damage|p1a: Dragonite|80/100
|move|p1b: Grimmsnarl|Spirit Break|p2b: Politoed
|-damage|p2b: Politoed|68/100
|-unboost|p2b: Politoed|spa|1
|
|-weather|RainDance|[upkeep]
|upkeep
|turn|6
|inactive|Battle timer is ON: inactive players will automatically lose when time's up. (requested by noodleSandwich111)
|
|t:|1756156596
|switch|p2b: Corviknight|Corviknight, L50, M|11/100 par
|move|p2a: Comfey|Floral Healing|p2b: Corviknight
|-heal|p2b: Corviknight|61/100 par
|move|p1a: Dragonite|Scale Shot|p2b: Corviknight
|-resisted|p2b: Corviknight
|-damage|p2b: Corviknight|55/100 par
|-resisted|p2b: Corviknight
|-damage|p2b: Corviknight|49/100 par
|-resisted|p2b: Corviknight
|-damage|p2b: Corviknight|43/100 par
|-resisted|p2b: Corviknight
|-damage|p2b: Corviknight|37/100 par
|-hitcount|p2b: Corviknight|4
|-unboost|p1a: Dragonite|def|1
|-boost|p1a: Dragonite|spe|1
|move|p1b: Grimmsnarl|Spirit Break|p2a: Comfey
|-damage|p2a: Comfey|66/100
|-unboost|p2a: Comfey|spa|1
|-damage|p1b: Grimmsnarl|42/100|[from] item: Rocky Helmet|[of] p2a: Comfey
|
|-weather|RainDance|[upkeep]
|upkeep
|turn|7
|inactive|noodleSandwich111 has 30 seconds left.
|inactive|aedyncash has 30 seconds left.
|
|t:|1756156631
|switch|p1a: Ursaluna|Ursaluna-Bloodmoon, L50, M|100/100
|move|p2a: Comfey|Floral Healing|p2b: Corviknight
|-heal|p2b: Corviknight|87/100 par
|move|p1b: Grimmsnarl|Thunder Wave|p2a: Comfey
|-status|p2a: Comfey|par
|move|p2b: Corviknight|Curse|p2b: Corviknight
|-unboost|p2b: Corviknight|spe|1
|-boost|p2b: Corviknight|atk|1
|-boost|p2b: Corviknight|def|1
|
|-weather|RainDance|[upkeep]
|upkeep
|turn|8
|inactive|aedyncash has 30 seconds left.
|
|t:|1756156657
|move|p2a: Comfey|Protect|p2a: Comfey
|-singleturn|p2a: Comfey|Protect
|move|p1b: Grimmsnarl|Spirit Break|p2a: Comfey
|-activate|p2a: Comfey|move: Protect
|move|p1a: Ursaluna|Blood Moon|p2a: Comfey
|-activate|p2a: Comfey|move: Protect
|move|p2b: Corviknight|Brave Bird|p1a: Ursaluna
|-damage|p1a: Ursaluna|76/100
|-damage|p2b: Corviknight|79/100 par|[from] Recoil
|
|-weather|none
|upkeep
|turn|9
|inactive|aedyncash has 30 seconds left.
|
|t:|1756156683
|switch|p1b: Dragonite|Dragonite, L50, F, tera:Steel|80/100
|move|p2a: Comfey|Giga Drain|p1a: Ursaluna
|-supereffective|p1a: Ursaluna
|-damage|p1a: Ursaluna|55/100
|-heal|p2a: Comfey|80/100 par|[from] drain|[of] p1a: Ursaluna
|move|p1a: Ursaluna|Earth Power|p2a: Comfey
|-damage|p2a: Comfey|23/100 par
|move|p2b: Corviknight|Curse|p2b: Corviknight
|-unboost|p2b: Corviknight|spe|1
|-boost|p2b: Corviknight|atk|1
|-boost|p2b: Corviknight|def|1
|
|-sideend|p1: noodleSandwich111|Reflect
|upkeep
|turn|10
|
|t:|1756156706
|switch|p1a: Grimmsnarl|Grimmsnarl, L50, M|42/100
|move|p2a: Comfey|Protect|p2a: Comfey
|-singleturn|p2a: Comfey|Protect
|move|p1b: Dragonite|Extreme Speed|p2a: Comfey
|-activate|p2a: Comfey|move: Protect
|move|p2b: Corviknight|Brave Bird|p1a: Grimmsnarl
|-damage|p1a: Grimmsnarl|0 fnt
|faint|p1a: Grimmsnarl
|-damage|p2b: Corviknight|65/100 par|[from] Recoil
|
|upkeep
|
|t:|1756156710
|switch|p1a: Ursaluna|Ursaluna-Bloodmoon, L50, M|55/100
|turn|11
|inactive|noodleSandwich111 has 30 seconds left.
|
|t:|1756156735
|switch|p2a: Politoed|Politoed, L50, M|68/100
|-weather|RainDance|[from] ability: Drizzle|[of] p2a: Politoed
|move|p1b: Dragonite|Extreme Speed|p2a: Politoed
|-damage|p2a: Politoed|43/100
|move|p1a: Ursaluna|Blood Moon|p2b: Corviknight
|-resisted|p2b: Corviknight
|-crit|p2b: Corviknight
|-damage|p2b: Corviknight|26/100 par
|cant|p2b: Corviknight|par
|
|-weather|RainDance|[upkeep]
|upkeep
|turn|12
|inactive|aedyncash has 30 seconds left.
|inactive|aedyncash has 20 seconds left.
|
|t:|1756156774
|move|p1b: Dragonite|Scale Shot|p2a: Politoed
|-damage|p2a: Politoed|28/100
|-damage|p2a: Politoed|14/100
|-damage|p2a: Politoed|0 fnt
|faint|p2a: Politoed
|-hitcount|p2: Politoed|3
|-unboost|p1b: Dragonite|def|1
|-boost|p1b: Dragonite|spe|1
|move|p1a: Ursaluna|Hyper Voice|p2b: Corviknight
|-resisted|p2b: Corviknight
|-damage|p2b: Corviknight|7/100 par
|move|p2b: Corviknight|Brave Bird|p1a: Ursaluna
|-damage|p1a: Ursaluna|5/100
|-damage|p2b: Corviknight|0 fnt|[from] Recoil
|faint|p2b: Corviknight
|
|-weather|RainDance|[upkeep]
|upkeep
|inactive|aedyncash has 30 seconds left.
|inactive|aedyncash has 20 seconds left.
|inactive|aedyncash has 15 seconds left.
|inactive|aedyncash has 10 seconds left.
|inactive|aedyncash has 5 seconds left.
|
|t:|1756156826
|switch|p2b: Comfey|Comfey, L50, F|23/100 par
|turn|13
|
|t:|1756156837
|move|p2b: Comfey|Giga Drain|p1a: Ursaluna
|-supereffective|p1a: Ursaluna
|-damage|p1a: Ursaluna|0 fnt
|-heal|p2b: Comfey|26/100 par|[from] drain|[of] p1a: Ursaluna
|faint|p1a: Ursaluna
|move|p1b: Dragonite|Extreme Speed|p2b: Comfey
|-damage|p2b: Comfey|0 fnt
|-damage|p1b: Dragonite|64/100|[from] item: Rocky Helmet|[of] p2b: Comfey
|faint|p2b: Comfey
|
|win|noodleSandwich111
||noodleSandwich111 is ready for game 2.
|inactive|aedyncash has 30 seconds to confirm battle start!
|l|☆aedyncash
|player|p2|
