|j|☆PikaTROD
|j|☆JeanChasuble
|html|PikaTRODJeanChasuble    
|uhtml|bestof|Game 2 of a best-of-3
|t:|1756409900
|gametype|doubles
|player|p1|PikaTROD|265|1177
|player|p2|JeanChasuble|cheren-gen5bw2|1110
|gen|9
|tier|[Gen 9] VGC 2025 Reg H (Bo3)
|rated|
|rule|Species Clause: Limit one of each Pokémon
|rule|Item Clause: Limit 1 of each item
|clearpoke
|poke|p1|Dragonite, L50, F|
|poke|p1|Rillaboom, L50, M|
|poke|p1|Kingambit, L50, M|
|poke|p1|Whimsicott, L50, F|
|poke|p1|Grimmsnarl, L50, M|
|poke|p1|Ursaluna-Bloodmoon, L50, M|
|poke|p2|Volcarona, L50, M|
|poke|p2|Rillaboom, L50, F|
|poke|p2|Electabuzz, L50, M|
|poke|p2|Sneasler, L50, M|
|poke|p2|Kingambit, L50, M|
|poke|p2|Dragonite, L50, F|
|teampreview|4
|showteam|p1|Dragonite||ChoiceBand|InnerFocus|Outrage,BreakingSwipe,ExtremeSpeed,StompingTantrum|||F|||50|,,,,,Normal]Rillaboom||MiracleSeed|GrassySurge|GrassyGlide,WoodHammer,FakeOut,Protect|||M|||50|,,,,,Fire]Kingambit||BlackGlasses|Defiant|KowtowCleave,SuckerPunch,SwordsDance,Protect|||M|||50|,,,,,Ghost]Whimsicott||CovertCloak|Prankster|GrassyTerrain,Tailwind,Moonblast,Encore|||F|||50|,,,,,Poison]Grimmsnarl||LightClay|Prankster|SpiritBreak,LightScreen,Reflect,FakeOut|||M|||50|,,,,,Steel]Ursaluna-Bloodmoon||LifeOrb|MindsEye|BloodMoon,HyperVoice,EarthPower,Protect|||M|||50|,,,,,Normal
|showteam|p2|Volcarona||GrassySeed|FlameBody|HeatWave,TeraBlast,QuiverDance,Protect|||M|||50|,,,,,Fairy]Rillaboom||AssaultVest|GrassySurge|WoodHammer,GrassyGlide,FakeOut,HighHorsepower|||F|||50|,,,,,Fire]Electabuzz||Eviolite|VitalSpirit|Electroweb,FollowMe,Taunt,Protect|||M|||50|,,,,,Ghost]Sneasler||FocusSash|PoisonTouch|DireClaw,CloseCombat,FakeOut,Coaching|||M|||50|,,,,,Stellar]Kingambit||SafetyGoggles|Defiant|SuckerPunch,KowtowCleave,SwordsDance,Protect|||M|||50|,,,,,Dark]Dragonite||LoadedDice|Multiscale|ScaleShot,ExtremeSpeed,Haze,Protect|||F|||50|,,,,,Normal
|inactive|Battle timer is ON: inactive players will automatically lose when time's up. (requested by JeanChasuble)
|
|t:|1756409963
|teamsize|p1|4
|teamsize|p2|4
|start
|switch|p1a: Whimsicott|Whimsicott, L50, F|100/100
|switch|p1b: Ursaluna|Ursaluna-Bloodmoon, L50, M|100/100
|switch|p2a: Sneasler|Sneasler, L50, M|100/100
|switch|p2b: Rillaboom|Rillaboom, L50, F|100/100
|-fieldstart|move: Grassy Terrain|[from] ability: Grassy Surge|[of] p2b: Rillaboom
|turn|1
|
|t:|1756409979
|switch|p1b: Dragonite|Dragonite, L50, F|100/100
|move|p1a: Whimsicott|Tailwind|p1a: Whimsicott
|-sidestart|p1: PikaTROD|move: Tailwind
|move|p2a: Sneasler|Dire Claw|p1a: Whimsicott
|-supereffective|p1a: Whimsicott
|-damage|p1a: Whimsicott|0 fnt
|faint|p1a: Whimsicott
|move|p2b: Rillaboom|Wood Hammer|p1b: Dragonite
|-resisted|p1b: Dragonite
|-damage|p1b: Dragonite|77/100
|-damage|p2b: Rillaboom|94/100|[from] Recoil
|
|-heal|p2b: Rillaboom|99/100|[from] Grassy Terrain
|upkeep
|
|t:|1756409988
|switch|p1a: Ursaluna|Ursaluna-Bloodmoon, L50, M|100/100
|turn|2
|
|t:|1756410005
|-terastallize|p1a: Ursaluna|Normal
|move|p1b: Dragonite|Extreme Speed|p2a: Sneasler
|-damage|p2a: Sneasler|17/100
|move|p1a: Ursaluna|Hyper Voice|p2a: Sneasler|[spread] p2a,p2b
|-crit|p2b: Rillaboom
|-damage|p2a: Sneasler|0 fnt
|-damage|p2b: Rillaboom|33/100
|faint|p2a: Sneasler
|-damage|p1a: Ursaluna|91/100|[from] item: Life Orb
|move|p2b: Rillaboom|Wood Hammer|p1a: Ursaluna
|-damage|p1a: Ursaluna|24/100
|-damage|p2b: Rillaboom|13/100|[from] Recoil
|
|-heal|p1a: Ursaluna|30/100|[from] Grassy Terrain
|-heal|p2b: Rillaboom|19/100|[from] Grassy Terrain
|upkeep
|
|t:|1756410022
|switch|p2a: Electabuzz|Electabuzz, L50, M|100/100
|turn|3
|
|t:|1756410042
|move|p1b: Dragonite|Extreme Speed|p2b: Rillaboom
|-damage|p2b: Rillaboom|0 fnt
|faint|p2b: Rillaboom
|move|p2a: Electabuzz|Follow Me|p2a: Electabuzz
|-singleturn|p2a: Electabuzz|move: Follow Me
|move|p1a: Ursaluna|Hyper Voice|p2a: Electabuzz
|-damage|p2a: Electabuzz|30/100
|-damage|p1a: Ursaluna|20/100|[from] item: Life Orb
|
|-heal|p1a: Ursaluna|26/100|[from] Grassy Terrain
|-heal|p2a: Electabuzz|35/100|[from] Grassy Terrain
|upkeep
|
|t:|1756410045
|switch|p2b: Kingambit|Kingambit, L50, M|100/100
|turn|4
|
|t:|1756410055
|switch|p1b: Rillaboom|Rillaboom, L50, M|100/100
|move|p1a: Ursaluna|Protect|p1a: Ursaluna
|-singleturn|p1a: Ursaluna|Protect
|move|p2a: Electabuzz|Protect|p2a: Electabuzz
|-singleturn|p2a: Electabuzz|Protect
|move|p2b: Kingambit|Sucker Punch||[still]
|-fail|p2b: Kingambit
|
|-heal|p1a: Ursaluna|32/100|[from] Grassy Terrain
|-heal|p2a: Electabuzz|41/100|[from] Grassy Terrain
|-sideend|p1: PikaTROD|move: Tailwind
|upkeep
|turn|5
|inactive|PikaTROD has 30 seconds left.
|
|t:|1756410088
|move|p2b: Kingambit|Protect|p2b: Kingambit
|-singleturn|p2b: Kingambit|Protect
|move|p1b: Rillaboom|Fake Out|p2b: Kingambit
|-activate|p2b: Kingambit|move: Protect
|move|p2a: Electabuzz|Electroweb|p1a: Ursaluna|[spread] p1a,p1b
|-resisted|p1b: Rillaboom
|-damage|p1a: Ursaluna|14/100
|-damage|p1b: Rillaboom|91/100
|-unboost|p1a: Ursaluna|spe|1
|-unboost|p1b: Rillaboom|spe|1
|move|p1a: Ursaluna|Earth Power|p2a: Electabuzz
|-supereffective|p2a: Electabuzz
|-damage|p2a: Electabuzz|0 fnt
|faint|p2a: Electabuzz
|-damage|p1a: Ursaluna|4/100|[from] item: Life Orb
|
|-heal|p1b: Rillaboom|96/100|[from] Grassy Terrain
|-heal|p1a: Ursaluna|10/100|[from] Grassy Terrain
|-fieldend|move: Grassy Terrain
|upkeep
|turn|6
|inactive|JeanChasuble has 30 seconds left.
|
|t:|1756410115
|-terastallize|p2b: Kingambit|Dark
|move|p1b: Rillaboom|Wood Hammer|p2b: Kingambit
|-damage|p2b: Kingambit|36/100
|-damage|p1b: Rillaboom|71/100|[from] Recoil
|move|p2b: Kingambit|Swords Dance|p2b: Kingambit
|-boost|p2b: Kingambit|atk|2
|move|p1a: Ursaluna|Earth Power|p2b: Kingambit
|-damage|p2b: Kingambit|0 fnt
|faint|p2b: Kingambit
|-damage|p1a: Ursaluna|0 fnt|[from] item: Life Orb
|faint|p1a: Ursaluna
|
|win|PikaTROD
|raw|PikaTROD's rating: 1177 → 1197(+20 for winning)
|raw|JeanChasuble's rating: 1110 → 1090(-20 for losing)
