|j|☆Radlars
|j|☆pokestan1947
|html|Radlarspokestan1947    
|uhtml|bestof|Game 1 of a best-of-3
|t:|1782312122
|gametype|doubles
|player|p1|Radlars|265|1067
|player|p2|pokestan1947|caitlin|1000
|gen|9
|tier|[Gen 9 Champions] VGC 2026 Reg M-B (Bo3)
|rated|
|rule|Species Clause: Limit one of each Pokémon
|rule|Item Clause: Limit 1 of each item
|clearpoke
|poke|p1|Metagross, L50|
|poke|p1|Hydreigon, L50, F|
|poke|p1|Pelipper, L50, F|
|poke|p1|Swampert, L50, M|
|poke|p1|Grimmsnarl, L50, M|
|poke|p1|Milotic, L50, F|
|poke|p2|Charizard, L50, M, shiny|
|poke|p2|Venusaur, L50, M, shiny|
|poke|p2|Kingambit, L50, F|
|poke|p2|Garchomp, L50, F|
|poke|p2|Pelipper, L50, F|
|poke|p2|Blastoise, L50, F, shiny|
|teampreview|4
|showteam|p1|Metagross||Metagrossite|ClearBody|PsychicFangs,RockSlide,IronHead,Protect|Adamant|||||50|]Hydreigon||LifeOrb|Levitate|HeatWave,DarkPulse,DracoMeteor,Protect|Modest||F|||50|]Pelipper||SitrusBerry|Drizzle|Hurricane,WeatherBall,Protect,WideGuard|Modest||F|||50|]Swampert||Swampertite|Damp|WaveCrash,Protect,Earthquake,IcePunch|Adamant||M|||50|]Grimmsnarl||LightClay|Prankster|SpiritBreak,LightScreen,Reflect,PartingShot|Brave||M|||50|]Milotic||Leftovers|Competitive|Scald,IcyWind,Protect,LifeDew|Modest||F|||50|
|showteam|p2|Charizard||CharizarditeY|Blaze|HeatWave,Protect,SolarBeam,AncientPower|Modest||M|||50|]Venusaur||Leftovers|Chlorophyll|LeechSeed,SleepPowder,Protect,EnergyBall|Calm||M|||50|]Kingambit||BlackGlasses|SupremeOverlord|SuckerPunch,KowtowCleave,Protect,IronHead|Adamant||F|||50|]Garchomp||ChoiceScarf|RoughSkin|Earthquake,RockSlide,Outrage,DragonClaw|Adamant||F|||50|]Pelipper||SitrusBerry|Drizzle|Tailwind,Hurricane,Roost,Protect|Calm||F|||50|]Blastoise||Blastoisinite|Torrent|WaterPulse,WaterSpout,Protect,DarkPulse|Modest||F|||50|
|inactive|Battle timer is ON: inactive players will automatically lose when time's up. (requested by pokestan1947)
|inactive|Radlars has 60 seconds left.
|inactive|Radlars has 30 seconds left.
|
|t:|1782312187
|teamsize|p1|4
|teamsize|p2|4
|start
|switch|p1a: Metagross|Metagross, L50|100/100
|switch|p1b: Grimmsnarl|Grimmsnarl, L50, M|100/100
|switch|p2a: Charizard|Charizard, L50, M, shiny|100/100
|switch|p2b: Venusaur|Venusaur, L50, M, shiny|100/100
|turn|1
|inactive|Radlars has 30 seconds left.
|inactive|pokestan1947 has 30 seconds left.
|inactive|Radlars has 20 seconds left.
|inactive|pokestan1947 has 20 seconds left.
|
|t:|1782312226
|detailschange|p2a: Charizard|Charizard-Mega-Y, L50, M, shiny
|-mega|p2a: Charizard|Charizard|Charizardite Y
|-weather|SunnyDay|[from] ability: Drought|[of] p2a: Charizard
|detailschange|p1a: Metagross|Metagross-Mega, L50
|-mega|p1a: Metagross|Metagross|Metagrossite
|move|p1b: Grimmsnarl|Parting Shot|p2a: Charizard
|-unboost|p2a: Charizard|atk|1
|-unboost|p2a: Charizard|spa|1
|
|t:|1782312234
|switch|p1b: Pelipper|Pelipper, L50, F|100/100|[from] Parting Shot
|-weather|RainDance|[from] ability: Drizzle|[of] p1b: Pelipper
|move|p2a: Charizard|Heat Wave|p1a: Metagross|[spread] p1a,p1b
|-supereffective|p1a: Metagross|1
|-resisted|p1b: Pelipper|1
|-damage|p1a: Metagross|76/100
|-damage|p1b: Pelipper|88/100
|-status|p1b: Pelipper|brn
|move|p1a: Metagross|Rock Slide|p2b: Venusaur|[spread] p2a
|-miss|p1a: Metagross|p2b: Venusaur
|-supereffective|p2a: Charizard|2
|-damage|p2a: Charizard|0 fnt
|faint|p2a: Charizard
|move|p2b: Venusaur|Sleep Powder|p1a: Metagross
|-status|p1a: Metagross|slp|[from] move: Sleep Powder
|
|-weather|RainDance|[upkeep]
|-damage|p1b: Pelipper|81/100 brn|[from] brn
|upkeep
|
|t:|1782312254
|switch|p2a: Kingambit|Kingambit, L50, F|100/100
|-activate|p2a: Kingambit|ability: Supreme Overlord
|-start|p2a: Kingambit|fallen1|[silent]
|turn|2
|c|☆pokestan1947|gg
|
|t:|1782312264
|cant|p1a: Metagross|slp
|move|p1b: Pelipper|Hurricane|p2b: Venusaur
|-supereffective|p2b: Venusaur|1
|-damage|p2b: Venusaur|22/100
|move|p2b: Venusaur|Leech Seed|p1b: Pelipper|[miss]
|-miss|p2b: Venusaur|p1b: Pelipper
|move|p2a: Kingambit|Kowtow Cleave|p1a: Metagross
|-supereffective|p1a: Metagross|1
|-damage|p1a: Metagross|0 fnt
|faint|p1a: Metagross
|
|-weather|RainDance|[upkeep]
|-heal|p2b: Venusaur|28/100|[from] item: Leftovers
|-damage|p1b: Pelipper|75/100 brn|[from] brn
|upkeep
|
|t:|1782312284
|switch|p1a: Grimmsnarl|Grimmsnarl, L50, M|100/100
|turn|3
|
|t:|1782312297
|move|p2b: Venusaur|Protect|p2b: Venusaur
|-singleturn|p2b: Venusaur|Protect
|move|p1a: Grimmsnarl|Reflect|p1a: Grimmsnarl
|-sidestart|p1: Radlars|Reflect
|move|p1b: Pelipper|Hurricane|p2b: Venusaur
|-activate|p2b: Venusaur|move: Protect
|move|p2a: Kingambit|Iron Head|p1a: Grimmsnarl
|-supereffective|p1a: Grimmsnarl|1
|-damage|p1a: Grimmsnarl|14/100
|
|-weather|RainDance|[upkeep]
|-heal|p2b: Venusaur|34/100|[from] item: Leftovers
|-damage|p1b: Pelipper|69/100 brn|[from] brn
|upkeep
|turn|4
|
|t:|1782312315
|switch|p2b: Garchomp|Garchomp, L50, F|100/100
|move|p1a: Grimmsnarl|Light Screen|p1a: Grimmsnarl
|-sidestart|p1: Radlars|move: Light Screen
|move|p1b: Pelipper|Hurricane|p2b: Garchomp
|-crit|p2b: Garchomp
|-damage|p2b: Garchomp|18/100
|move|p2a: Kingambit|Kowtow Cleave|p1b: Pelipper
|-damage|p1b: Pelipper|18/100 brn
|-enditem|p1b: Pelipper|Sitrus Berry|[eat]
|-heal|p1b: Pelipper|43/100 brn|[from] item: Sitrus Berry
|
|-weather|RainDance|[upkeep]
|-damage|p1b: Pelipper|37/100 brn|[from] brn
|upkeep
|turn|5
|inactive|pokestan1947 has 30 seconds left.
|
|t:|1782312341
|move|p1b: Pelipper|Wide Guard|p1b: Pelipper
|-singleturn|p1b: Pelipper|Wide Guard
|move|p2a: Kingambit|Sucker Punch||[still]
|-fail|p2a: Kingambit
|move|p2b: Garchomp|Outrage|p1a: Grimmsnarl
|-immune|p1a: Grimmsnarl
|move|p1a: Grimmsnarl|Spirit Break|p2b: Garchomp
|-supereffective|p2b: Garchomp|1
|-damage|p2b: Garchomp|0 fnt
|-damage|p1a: Grimmsnarl|1/100|[from] ability: Rough Skin|[of] p2b: Garchomp
|faint|p2b: Garchomp
|
|-weather|none
|-damage|p1b: Pelipper|31/100 brn|[from] brn
|upkeep
|
|t:|1782312355
|switch|p2b: Venusaur|Venusaur, L50, M, shiny|34/100
|turn|6
|inactive|Radlars has 30 seconds left.
|
|t:|1782312389
|move|p2a: Kingambit|Sucker Punch|p1b: Pelipper
|-damage|p1b: Pelipper|0 fnt
|faint|p1b: Pelipper
|move|p2b: Venusaur|Leech Seed|p1a: Grimmsnarl
|-start|p1a: Grimmsnarl|move: Leech Seed
|move|p1a: Grimmsnarl|Spirit Break|p2b: Venusaur
|-resisted|p2b: Venusaur|1
|-damage|p2b: Venusaur|18/100
|-unboost|p2b: Venusaur|spa|1
|
|-heal|p2b: Venusaur|24/100|[from] item: Leftovers
|-damage|p1a: Grimmsnarl|0 fnt|[from] Leech Seed|[of] p2b: Venusaur
|-heal|p2b: Venusaur|26/100|[silent]
|faint|p1a: Grimmsnarl
|upkeep
|
|t:|1782312402
|switch|p1a: Hydreigon|Hydreigon, L50, F|100/100
|turn|7
|
|t:|1782312414
|move|p1a: Hydreigon|Heat Wave|p2a: Kingambit|[spread] p2b
|-miss|p1a: Hydreigon|p2a: Kingambit
|-supereffective|p2b: Venusaur|1
|-damage|p2b: Venusaur|0 fnt
|faint|p2b: Venusaur
|-damage|p1a: Hydreigon|90/100|[from] item: Life Orb
|move|p2a: Kingambit|Kowtow Cleave|p1a: Hydreigon
|-resisted|p1a: Hydreigon|1
|-damage|p1a: Hydreigon|68/100
|
|upkeep
|turn|8
|
|t:|1782312426
|move|p1a: Hydreigon|Heat Wave|p2a: Kingambit|[miss]
|-miss|p1a: Hydreigon|p2a: Kingambit
|move|p2a: Kingambit|Iron Head|p1a: Hydreigon
|-damage|p1a: Hydreigon|34/100
|
|upkeep
|turn|9
|
|t:|1782312434
|move|p1a: Hydreigon|Heat Wave|p2a: Kingambit
|-supereffective|p2a: Kingambit|1
|-damage|p2a: Kingambit|19/100
|-damage|p1a: Hydreigon|24/100|[from] item: Life Orb
|move|p2a: Kingambit|Iron Head|p1a: Hydreigon
|-crit|p1a: Hydreigon
|-damage|p1a: Hydreigon|0 fnt
|faint|p1a: Hydreigon
|
|win|pokestan1947
|l|☆pokestan1947
|player|p2|
||pokestan1947 is ready for game 2.
|inactive|Radlars has 30 seconds to confirm battle start!
