|j|☆Trapooz
|j|☆Astano
|html|TrapoozAstano    
|uhtml|bestof|Game 1 of a best-of-3
|t:|1783063694
|gametype|doubles
|player|p1|Trapooz|steven|1000
|player|p2|Astano|265|1000
|gen|9
|tier|[Gen 9 Champions] VGC 2026 Reg M-B (Bo3)
|rated|
|rule|Species Clause: Limit one of each Pokémon
|rule|Item Clause: Limit 1 of each item
|clearpoke
|poke|p1|Pelipper, L50, M|
|poke|p1|Archaludon, L50, F|
|poke|p1|Basculegion, L50, M|
|poke|p1|Meganium, L50, M|
|poke|p1|Sneasler, L50, M|
|poke|p1|Palafin, L50, M|
|poke|p2|Swampert, L50, M|
|poke|p2|Sableye, L50, M|
|poke|p2|Archaludon, L50, F|
|poke|p2|Pelipper, L50, M|
|poke|p2|Sylveon, L50, F|
|poke|p2|Venusaur, L50, F|
|teampreview|4
|showteam|p1|Pelipper||FocusSash|Drizzle|HydroPump,Hurricane,IceBeam,Tailwind|Modest||M|||50|]Archaludon||Leftovers|Stamina|ElectroShot,ThunderWave,FlashCannon,Thunderbolt|Timid||F|||50|]Basculegion||MysticWater|Adaptability|WaveCrash,FlipTurn,AquaJet,LastRespects|Adamant||M|||50|]Meganium||Meganiumite|LeafGuard|WeatherBall,Trailblaze,SolarBlade,DazzlingGleam|Hasty||M|||50|]Sneasler||WhiteHerb|Unburden|DireClaw,CloseCombat,FakeOut,Protect|Adamant||M|||50|]Palafin||ExpertBelt|ZerotoHero|JetPunch,BulkUp,DrainPunch,FlipTurn|Jolly||M|||50|
|showteam|p2|Swampert||Swampertite|Torrent|Protect,WaveCrash,Earthquake,HighHorsepower|Adamant||M|||50|]Sableye||LightClay|Prankster|Encore,Reflect,LightScreen,RainDance|Bold||M|||50|]Archaludon||Leftovers|Stamina|Protect,DragonPulse,FlashCannon,ElectroShot|Modest||F|||50|]Pelipper||SitrusBerry|Drizzle|Protect,WeatherBall,Hurricane,Tailwind|Bold||M|||50|]Sylveon||FairyFeather|Pixilate|Detect,HyperVoice,Moonblast,QuickAttack|Modest||F|||50|]Venusaur||Venusaurite|Overgrow|Protect,GigaDrain,SludgeBomb,EarthPower|Modest||F|||50|
|
|t:|1783063730
|teamsize|p1|4
|teamsize|p2|4
|start
|switch|p1a: Pelipper|Pelipper, L50, M|100/100
|switch|p1b: Archaludon|Archaludon, L50, F|100/100
|switch|p2a: Venusaur|Venusaur, L50, F|100/100
|switch|p2b: Archaludon|Archaludon, L50, F|100/100
|-weather|RainDance|[from] ability: Drizzle|[of] p1a: Pelipper
|turn|1
|inactive|Battle timer is ON: inactive players will automatically lose when time's up. (requested by Astano)
|
|t:|1783063747
|detailschange|p2a: Venusaur|Venusaur-Mega, L50, F
|-mega|p2a: Venusaur|Venusaur|Venusaurite
|move|p1b: Archaludon|Thunder Wave|p2b: Archaludon
|-status|p2b: Archaludon|par
|move|p2a: Venusaur|Sludge Bomb|p1a: Pelipper
|-damage|p1a: Pelipper|32/100
|-status|p1a: Pelipper|psn
|move|p1a: Pelipper|Hurricane|p2a: Venusaur
|-supereffective|p2a: Venusaur|1
|-damage|p2a: Venusaur|6/100
|move|p2b: Archaludon|Electro Shot||[still]
|-prepare|p2b: Archaludon|Electro Shot
|-boost|p2b: Archaludon|spa|1
|-anim|p2b: Archaludon|Electro Shot|p1a: Pelipper
|-supereffective|p1a: Pelipper|2
|-damage|p1a: Pelipper|0 fnt
|faint|p1a: Pelipper
|
|-weather|RainDance|[upkeep]
|upkeep
|
|t:|1783063763
|switch|p1a: Sneasler|Sneasler, L50, M|100/100
|turn|2
|
|t:|1783063769
|move|p2a: Venusaur|Protect|p2a: Venusaur
|-singleturn|p2a: Venusaur|Protect
|move|p2b: Archaludon|Protect|p2b: Archaludon
|-singleturn|p2b: Archaludon|Protect
|move|p1a: Sneasler|Close Combat|p2b: Archaludon
|-activate|p2b: Archaludon|move: Protect
|move|p1b: Archaludon|Electro Shot||[still]
|-prepare|p1b: Archaludon|Electro Shot
|-boost|p1b: Archaludon|spa|1
|-anim|p1b: Archaludon|Electro Shot|p2a: Venusaur
|-activate|p2a: Venusaur|move: Protect
|
|-weather|RainDance|[upkeep]
|upkeep
|turn|3
|
|t:|1783063779
|switch|p2b: Sableye|Sableye, L50, M|100/100
|move|p1a: Sneasler|Close Combat|p2b: Sableye
|-immune|p2b: Sableye
|move|p1b: Archaludon|Electro Shot||[still]
|-prepare|p1b: Archaludon|Electro Shot
|-boost|p1b: Archaludon|spa|1
|-anim|p1b: Archaludon|Electro Shot|p2a: Venusaur
|-resisted|p2a: Venusaur|1
|-damage|p2a: Venusaur|0 fnt
|faint|p2a: Venusaur
|
|-weather|RainDance|[upkeep]
|upkeep
|
|t:|1783063781
|switch|p2a: Swampert|Swampert, L50, M|100/100
|turn|4
|
|t:|1783063802
|switch|p1a: Meganium|Meganium, L50, M|100/100
|move|p2b: Sableye|Light Screen|p2b: Sableye
|-sidestart|p2: Astano|move: Light Screen
|move|p1b: Archaludon|Flash Cannon|p2a: Swampert
|-resisted|p2a: Swampert|1
|-damage|p2a: Swampert|70/100
|move|p2a: Swampert|High Horsepower|p1b: Archaludon
|-supereffective|p1b: Archaludon|1
|-damage|p1b: Archaludon|20/100r
|-ability|p1b: Archaludon|Stamina|boost
|-boost|p1b: Archaludon|def|1
|
|-weather|RainDance|[upkeep]
|-heal|p1b: Archaludon|26/100|[from] item: Leftovers
|upkeep
|turn|5
|
|t:|1783063819
|switch|p1b: Sneasler|Sneasler, L50, M|100/100
|switch|p2a: Archaludon|Archaludon, L50, F|100/100 par
|detailschange|p1a: Meganium|Meganium-Mega, L50, M
|-mega|p1a: Meganium|Meganium|Meganiumite
|move|p2b: Sableye|Reflect|p2b: Sableye
|-sidestart|p2: Astano|Reflect
|move|p1a: Meganium|Solar Blade||[still]
|-prepare|p1a: Meganium|Solar Blade
|-activate|p1a: Meganium|ability: Mega Sol
|-anim|p1a: Meganium|Solar Blade|p2a: Archaludon
|-resisted|p2a: Archaludon|2
|-damage|p2a: Archaludon|95/100 par
|-ability|p2a: Archaludon|Stamina|boost
|-boost|p2a: Archaludon|def|1
|
|-weather|none
|-heal|p2a: Archaludon|100/100 par|[from] item: Leftovers
|upkeep
|turn|6
|
|t:|1783063838
|move|p2b: Sableye|Encore|p1a: Meganium
|-start|p1a: Meganium|Encore
|move|p1b: Sneasler|Close Combat|p2a: Archaludon
|-supereffective|p2a: Archaludon|1
|-damage|p2a: Archaludon|51/100 par
|-unboost|p1b: Sneasler|def|1
|-unboost|p1b: Sneasler|spd|1
|-ability|p2a: Archaludon|Stamina|boost
|-boost|p2a: Archaludon|def|1
|-enditem|p1b: Sneasler|White Herb
|-clearnegativeboost|p1b: Sneasler|[silent]
|move|p1a: Meganium|Solar Blade||[still]
|-prepare|p1a: Meganium|Solar Blade
|-activate|p1a: Meganium|ability: Mega Sol
|-anim|p1a: Meganium|Solar Blade|p2b: Sableye
|-damage|p2b: Sableye|66/100
|move|p2a: Archaludon|Dragon Pulse|p1b: Sneasler
|-damage|p1b: Sneasler|40/100
|
|-heal|p2a: Archaludon|57/100 par|[from] item: Leftovers
|upkeep
|turn|7
|inactive|Trapooz has 30 seconds left.
|
|t:|1783063865
|switch|p1a: Archaludon|Archaludon, L50, F|26/100
|move|p1b: Sneasler|Protect|p1b: Sneasler
|-singleturn|p1b: Sneasler|Protect
|move|p2b: Sableye|Rain Dance|p2b: Sableye
|-weather|RainDance
|move|p2a: Archaludon|Electro Shot||[still]
|-prepare|p2a: Archaludon|Electro Shot
|-boost|p2a: Archaludon|spa|1
|-anim|p2a: Archaludon|Electro Shot|p1b: Sneasler
|-activate|p1b: Sneasler|move: Protect
|
|-weather|RainDance|[upkeep]
|-heal|p1a: Archaludon|32/100|[from] item: Leftovers
|-heal|p2a: Archaludon|63/100 par|[from] item: Leftovers
|upkeep
|turn|8
|
|t:|1783063889
|move|p2b: Sableye|Encore|p1b: Sneasler
|-start|p1b: Sneasler|Encore
|move|p1b: Sneasler|Protect||[still]
|-fail|p1b: Sneasler
|move|p1a: Archaludon|Thunder Wave|p2b: Sableye
|-status|p2b: Sableye|par
|move|p2a: Archaludon|Dragon Pulse|p1a: Archaludon
|-damage|p1a: Archaludon|0 fnt
|faint|p1a: Archaludon
|
|-weather|RainDance|[upkeep]
|-heal|p2a: Archaludon|69/100 par|[from] item: Leftovers
|upkeep
|
|t:|1783063897
|switch|p1a: Meganium|Meganium-Mega, L50, M|100/100
|turn|9
|
|t:|1783063908
|move|p1b: Sneasler|Protect|p1b: Sneasler
|-singleturn|p1b: Sneasler|Protect
|move|p2b: Sableye|Rain Dance||[still]
|-fail|p2b: Sableye
|move|p1a: Meganium|Dazzling Gleam|p2a: Archaludon|[spread] p2a,p2b
|-supereffective|p2b: Sableye|1
|-damage|p2a: Archaludon|45/100 par
|-damage|p2b: Sableye|9/100 par
|-ability|p2a: Archaludon|Stamina|boost
|-boost|p2a: Archaludon|def|1
|move|p2a: Archaludon|Flash Cannon|p1a: Meganium
|-supereffective|p1a: Meganium|1
|-damage|p1a: Meganium|0 fnt
|faint|p1a: Meganium
|
|-weather|RainDance|[upkeep]
|-heal|p2a: Archaludon|51/100 par|[from] item: Leftovers
|upkeep
|turn|10
|
|t:|1783063919
|move|p1b: Sneasler|Protect|p1b: Sneasler
|-singleturn|p1b: Sneasler|Protect
|move|p2b: Sableye|Reflect||[still]
|-fail|p2b: Sableye
|move|p2a: Archaludon|Dragon Pulse|p1b: Sneasler
|-activate|p1b: Sneasler|move: Protect
|
|-weather|RainDance|[upkeep]
|-heal|p2a: Archaludon|57/100 par|[from] item: Leftovers
|-end|p1b: Sneasler|Encore
|upkeep
|turn|11
|
|t:|1783063930
|move|p2b: Sableye|Encore|p1b: Sneasler
|-start|p1b: Sneasler|Encore
|move|p1b: Sneasler|Protect||[still]
|-fail|p1b: Sneasler
|move|p2a: Archaludon|Dragon Pulse|p1b: Sneasler
|-damage|p1b: Sneasler|0 fnt
|faint|p1b: Sneasler
|
|win|Astano
