|j|☆rurik2
|j|☆angrybook
|html|rurik2angrybook    
|uhtml|bestof|Game 2 of a best-of-3
|t:|1784797427
|gametype|doubles
|player|p1|rurik2|zinzolin|1042
|player|p2|angrybook|pokemaniac|1106
|gen|9
|tier|[Gen 9 Champions] VGC 2026 Reg M-B (Bo3)
|rated|
|rule|Species Clause: Limit one of each Pokémon
|rule|Item Clause: Limit 1 of each item
|clearpoke
|poke|p1|Gardevoir, L50, F|
|poke|p1|Talonflame, L50, M|
|poke|p1|Kingambit, L50, M|
|poke|p1|Maushold-Four, L50|
|poke|p1|Kommo-o, L50, F|
|poke|p1|Basculegion, L50, M|
|poke|p2|Raichu, L50, M|
|poke|p2|Incineroar, L50, F|
|poke|p2|Milotic, L50, F|
|poke|p2|Gallade, L50, M|
|poke|p2|Chimecho, L50, M|
|poke|p2|Sinistcha, L50|
|teampreview|4
|showteam|p1|Gardevoir||Gardevoirite|Trace|HyperVoice,Psyshock,FocusBlast,Protect|Modest||F|||50|]Talonflame||SharpBeak|GaleWings|FlareBlitz,BraveBird,Tailwind,Protect|Adamant||M|||50|]Kingambit||ExpertBelt|Defiant|KowtowCleave,SuckerPunch,IronHead,LowKick|Brave||M|||50|]Maushold-Four||FocusSash|FriendGuard|SuperFang,FollowMe,Taunt,Protect|Impish|||||50|]Kommo-o||Leftovers|Soundproof|ClangingScales,ClangorousSoul,DrainPunch,Protect|Timid||F|||50|]Basculegion||ChoiceScarf|Adaptability|WaveCrash,FlipTurn,AquaJet,LastRespects|Jolly||M|||50|
|showteam|p2|Raichu||RaichuniteX|LightningRod|VoltTackle,FakeOut,Protect,DrainPunch|Adamant||M|||50|]Incineroar||SitrusBerry|Intimidate|FakeOut,PartingShot,FlareBlitz,DarkestLariat|Impish||F|||50|]Milotic||Leftovers|Competitive|IcyWind,Scald,Protect,HelpingHand|Modest||F|||50|]Gallade||FocusSash|Sharpness|SacredSword,PsychoCut,LeafBlade,Protect|Adamant||M|||50|]Chimecho||Chimechite|Levitate|CalmMind,Psychic,FlashCannon,Protect|Quiet||M|||50|]Sinistcha||OccaBerry|Hospitality|MatchaGotcha,RagePowder,TrickRoom,Protect|Modest|||||50|
|inactive|Battle timer is ON: inactive players will automatically lose when time's up. (requested by angrybook)
|
|t:|1784797478
|teamsize|p1|4
|teamsize|p2|4
|start
|switch|p1a: Basculegion|Basculegion, L50, M|100/100
|switch|p1b: Kingambit|Kingambit, L50, M|100/100
|switch|p2a: Milotic|Milotic, L50, F|100/100
|switch|p2b: Gallade|Gallade, L50, M|100/100
|turn|1
|inactive|angrybook has 30 seconds left.
|inactive|rurik2 has 30 seconds left.
|
|t:|1784797513
|switch|p1b: Kommo-o|Kommo-o, L50, F|100/100
|move|p2b: Gallade|Protect|p2b: Gallade
|-singleturn|p2b: Gallade|Protect
|move|p1a: Basculegion|Flip Turn|p2b: Gallade
|-activate|p2b: Gallade|move: Protect
|move|p2a: Milotic|Scald|p1b: Kommo-o
|-resisted|p1b: Kommo-o|1
|-damage|p1b: Kommo-o|83/100
|
|-heal|p1b: Kommo-o|89/100|[from] item: Leftovers
|upkeep
|turn|2
|
|t:|1784797538
|move|p1a: Basculegion|Flip Turn|p2b: Gallade
|-damage|p2b: Gallade|32/100
|
|t:|1784797545
|switch|p1a: Gardevoir|Gardevoir, L50, F|100/100|[from] Flip Turn
|-ability|p1a: Gardevoir|Sharpness|Trace|[from] ability: Trace|[of] p2b: Gallade
|move|p1b: Kommo-o|Clanging Scales|p2b: Gallade|[spread] p2a,p2b
|-damage|p2a: Milotic|77/100
|-damage|p2b: Gallade|0 fnt
|faint|p2b: Gallade
|-unboost|p1b: Kommo-o|def|1
|move|p2a: Milotic|Icy Wind|p1a: Gardevoir|[spread] p1a,p1b
|-supereffective|p1b: Kommo-o|1
|-damage|p1a: Gardevoir|86/100
|-damage|p1b: Kommo-o|63/100
|-unboost|p1a: Gardevoir|spe|1
|-unboost|p1b: Kommo-o|spe|1
|
|-heal|p2a: Milotic|83/100|[from] item: Leftovers
|-heal|p1b: Kommo-o|69/100|[from] item: Leftovers
|upkeep
|
|t:|1784797557
|switch|p2b: Chimecho|Chimecho, L50, M|100/100
|turn|3
|
|t:|1784797568
|switch|p1b: Kingambit|Kingambit, L50, M|100/100
|switch|p2b: Incineroar|Incineroar, L50, F|100/100
|-ability|p2b: Incineroar|Intimidate|boost
|-unboost|p1a: Gardevoir|atk|1
|-unboost|p1b: Kingambit|atk|1
|-ability|p1b: Kingambit|Defiant|boost
|-boost|p1b: Kingambit|atk|2
|detailschange|p1a: Gardevoir|Gardevoir-Mega, L50, F
|-mega|p1a: Gardevoir|Gardevoir|Gardevoirite
|move|p2a: Milotic|Icy Wind|p1b: Kingambit|[spread] p1a,p1b
|-resisted|p1b: Kingambit|1
|-crit|p1b: Kingambit
|-damage|p1a: Gardevoir|76/100
|-damage|p1b: Kingambit|91/100
|-unboost|p1a: Gardevoir|spe|1
|-unboost|p1b: Kingambit|spe|1
|-ability|p1b: Kingambit|Defiant|boost
|-boost|p1b: Kingambit|atk|2
|move|p1a: Gardevoir|Hyper Voice|p2b: Incineroar|[spread] p2a,p2b
|-damage|p2a: Milotic|44/100
|-damage|p2b: Incineroar|55/100
|
|-heal|p2a: Milotic|50/100g|[from] item: Leftovers
|upkeep
|turn|4
|inactive|rurik2 has 30 seconds left.
|inactive|angrybook has 30 seconds left.
|
|t:|1784797601
|move|p2a: Milotic|Helping Hand|p2b: Incineroar
|-singleturn|p2b: Incineroar|Helping Hand|[of] p2a: Milotic
|move|p1b: Kingambit|Sucker Punch|p2b: Incineroar
|-resisted|p2b: Incineroar|1
|-damage|p2b: Incineroar|18/100
|-enditem|p2b: Incineroar|Sitrus Berry|[eat]
|-heal|p2b: Incineroar|43/100|[from] item: Sitrus Berry
|move|p2b: Incineroar|Flare Blitz|p1b: Kingambit
|-supereffective|p1b: Kingambit|1
|-damage|p1b: Kingambit|0 fnt
|faint|p1b: Kingambit
|-damage|p2b: Incineroar|11/100|[from] Recoil
|move|p1a: Gardevoir|Hyper Voice|p2b: Incineroar|[spread] p2a,p2b
|-damage|p2a: Milotic|11/100
|-damage|p2b: Incineroar|0 fnt
|faint|p2b: Incineroar
|
|-heal|p2a: Milotic|17/100|[from] item: Leftovers
|upkeep
|
|t:|1784797622
|switch|p2b: Chimecho|Chimecho, L50, M|100/100
|switch|p1b: Kommo-o|Kommo-o, L50, F|69/100
|turn|5
|
|t:|1784797636
|detailschange|p2b: Chimecho|Chimecho-Mega, L50, M
|-mega|p2b: Chimecho|Chimecho|Chimechite
|move|p2a: Milotic|Protect|p2a: Milotic
|-singleturn|p2a: Milotic|Protect
|move|p1b: Kommo-o|Clangorous Soul|p1b: Kommo-o
|-boost|p1b: Kommo-o|atk|1
|-boost|p1b: Kommo-o|def|1
|-boost|p1b: Kommo-o|spa|1
|-boost|p1b: Kommo-o|spd|1
|-boost|p1b: Kommo-o|spe|1
|-damage|p1b: Kommo-o|36/100
|move|p1a: Gardevoir|Hyper Voice|p2b: Chimecho|[spread] p2b
|-activate|p2a: Milotic|move: Protect
|-resisted|p2b: Chimecho|1
|-damage|p2b: Chimecho|76/100
|move|p2b: Chimecho|Psychic|p1b: Kommo-o
|-supereffective|p1b: Kommo-o|1
|-damage|p1b: Kommo-o|0 fnt
|faint|p1b: Kommo-o
|
|-heal|p2a: Milotic|23/100|[from] item: Leftovers
|upkeep
|
|t:|1784797657
|switch|p1b: Basculegion|Basculegion, L50, M|100/100
|turn|6
|
|t:|1784797666
|move|p2b: Chimecho|Protect|p2b: Chimecho
|-singleturn|p2b: Chimecho|Protect
|move|p1b: Basculegion|Last Respects|p2a: Milotic
|-damage|p2a: Milotic|0 fnt
|faint|p2a: Milotic
|move|p1a: Gardevoir|Hyper Voice|p2b: Chimecho
|-activate|p2b: Chimecho|move: Protect
|
|upkeep
|turn|7
|
|t:|1784797684
|move|p1b: Basculegion|Last Respects|p2b: Chimecho
|-supereffective|p2b: Chimecho|1
|-damage|p2b: Chimecho|0 fnt
|faint|p2b: Chimecho
|
|win|rurik2
|raw|rurik2's rating: 1042 → 1082(+40 for winning)
|raw|angrybook's rating: 1106 → 1076(-30 for losing)
