|j|☆grapejuiceplaysyt
|j|☆Okknd
|html|grapejuiceplaysytOkknd    
|uhtml|bestof|Game 2 of a best-of-3
|t:|1757181340
|gametype|doubles
|player|p1|grapejuiceplaysyt|169|
|player|p2|Okknd|rood|
|gen|9
|tier|[Gen 9] VGC 2025 Reg H (Bo3)
|rule|Species Clause: Limit one of each Pokémon
|rule|Item Clause: Limit 1 of each item
|clearpoke
|poke|p1|Charizard, L50, M|
|poke|p1|Torkoal, L50, F|
|poke|p1|Porygon2, L50|
|poke|p1|Incineroar, L50, M|
|poke|p1|Jumpluff, L50, F|
|poke|p1|Ursaluna, L50, M|
|poke|p2|Glaceon, L50, M|
|poke|p2|Ninetales-Alola, L50, M|
|poke|p2|Whimsicott, L50, M|
|poke|p2|Magmar, L50, M|
|poke|p2|Annihilape, L50, M|
|poke|p2|Rillaboom, L50, M|
|teampreview|4
|showteam|p1|Charizard||ChoiceSpecs|SolarPower|HeatWave,Overheat,WeatherBall,DragonPulse|||M|||50|,,,,,Ghost]Torkoal||EjectPack|Drought|Eruption,Overheat,HelpingHand,Protect|||F|||50|,,,,,Fire]Porygon2||Eviolite|Download|TeraBlast,IceBeam,Recover,TrickRoom||||||50|,,,,,Fighting]Incineroar||AssaultVest|Intimidate|FakeOut,FlareBlitz,KnockOff,Uturn|||M|||50|,,,,,Bug]Jumpluff||CovertCloak|Chlorophyll|SleepPowder,SunnyDay,RagePowder,Tailwind|||F|||50|,,,,,Water]Ursaluna||FlameOrb|Guts|HeadlongRush,Facade,Earthquake,Protect|||M|||50|,,,,,Ghost
|showteam|p2|Glaceon||LifeOrb|SnowCloak|TeraBlast,Blizzard,Protect,WeatherBall|||M|||50|,,,,,Ground]Ninetales-Alola||ChoiceSpecs|SnowWarning|Blizzard,Moonblast,FreezeDry,WeatherBall|||M|||50|,,,,,Ice]Whimsicott||CovertCloak|Prankster|Moonblast,Tailwind,Encore,BeatUp|||M|||50|,,,,,Steel]Magmar||Eviolite|VitalSpirit|FollowMe,Overheat,Protect,WillOWisp|||M|||50|,,,,,Water]Annihilape||SafetyGoggles|Defiant|BulkUp,Protect,DrainPunch,RageFist|||M|||50|,,,,,Fairy]Rillaboom||AssaultVest|GrassySurge|FakeOut,GrassyGlide,Uturn,WoodHammer|||M|||50|,,,,,Fire
|inactive|Battle timer is ON: inactive players will automatically lose when time's up. (requested by Okknd)
|inactiveoff|Battle timer is now OFF.
|
|t:|1757181370
|teamsize|p1|4
|teamsize|p2|4
|start
|switch|p1a: Incineroar|Incineroar, L50, M|100/100
|switch|p1b: Porygon2|Porygon2, L50|100/100
|switch|p2a: Ninetales|Ninetales-Alola, L50, M|100/100
|switch|p2b: Slushie|Glaceon, L50, M|100/100
|-weather|Snowscape|[from] ability: Snow Warning|[of] p2a: Ninetales
|-ability|p1a: Incineroar|Intimidate|boost
|-unboost|p2a: Ninetales|atk|1
|-unboost|p2b: Slushie|atk|1
|-ability|p1b: Porygon2|Download|boost
|-boost|p1b: Porygon2|atk|1
|turn|1
|
|t:|1757181386
|-terastallize|p2b: Slushie|Ground
|-terastallize|p1b: Porygon2|Fighting
|move|p1a: Incineroar|Fake Out|p2a: Ninetales
|-damage|p2a: Ninetales|87/100
|cant|p2a: Ninetales|flinch
|move|p2b: Slushie|Tera Blast|p1a: Incineroar|[anim] Tera Blast Ground
|-supereffective|p1a: Incineroar
|-damage|p1a: Incineroar|30/100
|-damage|p2b: Slushie|91/100|[from] item: Life Orb
|move|p1b: Porygon2|Trick Room|p1b: Porygon2
|-fieldstart|move: Trick Room|[of] p1b: Porygon2
|
|-weather|Snowscape|[upkeep]
|upkeep
|turn|2
|
|t:|1757181407
|switch|p2a: Magmar|Magmar, L50, M|100/100
|move|p2b: Slushie|Protect|p2b: Slushie
|-singleturn|p2b: Slushie|Protect
|move|p1b: Porygon2|Ice Beam|p2b: Slushie
|-activate|p2b: Slushie|move: Protect
|move|p1a: Incineroar|Flare Blitz|p2a: Magmar
|-resisted|p2a: Magmar
|-damage|p2a: Magmar|79/100
|-damage|p1a: Incineroar|24/100|[from] Recoil
|
|-weather|Snowscape|[upkeep]
|upkeep
|turn|3
|
|t:|1757181426
|move|p2a: Magmar|Follow Me|p2a: Magmar
|-singleturn|p2a: Magmar|move: Follow Me
|move|p1b: Porygon2|Ice Beam|p2a: Magmar
|-resisted|p2a: Magmar
|-damage|p2a: Magmar|69/100
|-status|p2a: Magmar|frz
|move|p1a: Incineroar|Knock Off|p2a: Magmar
|-damage|p2a: Magmar|32/100 frz
|-enditem|p2a: Magmar|Eviolite|[from] move: Knock Off|[of] p1a: Incineroar
|move|p2b: Slushie|Blizzard|p1b: Porygon2|[spread] p1a,p1b
|-resisted|p1a: Incineroar
|-damage|p1a: Incineroar|6/100
|-damage|p1b: Porygon2|64/100
|-damage|p2b: Slushie|81/100|[from] item: Life Orb
|
|-weather|Snowscape|[upkeep]
|upkeep
|turn|4
|c|☆grapejuiceplaysyt|brooo
|c|☆Okknd|RIGHT
|c|☆Okknd|HRAPE
|
|t:|1757181446
|switch|p1a: Ursaluna|Ursaluna, L50, M|100/100
|cant|p2a: Magmar|frz
|move|p1b: Porygon2|Ice Beam|p2b: Slushie
|-supereffective|p2b: Slushie
|-damage|p2b: Slushie|19/100
|move|p2b: Slushie|Blizzard|p1b: Porygon2|[spread] p1a,p1b
|-supereffective|p1a: Ursaluna
|-damage|p1a: Ursaluna|0 fnt
|-damage|p1b: Porygon2|27/100
|faint|p1a: Ursaluna
|-damage|p2b: Slushie|9/100|[from] item: Life Orb
|
|-weather|Snowscape|[upkeep]
|upkeep
|
|t:|1757181460
|switch|p1a: Torkoal|Torkoal, L50, F|100/100
|-weather|SunnyDay|[from] ability: Drought|[of] p1a: Torkoal
|turn|5
|
|t:|1757181467
|move|p2b: Slushie|Protect|p2b: Slushie
|-singleturn|p2b: Slushie|Protect
|cant|p2a: Magmar|frz
|move|p1a: Torkoal|Eruption|p2b: Slushie|[spread] p2a
|-activate|p2b: Slushie|move: Protect
|-resisted|p2a: Magmar
|-damage|p2a: Magmar|0 fnt
|faint|p2a: Magmar
|move|p1b: Porygon2|Recover|p1b: Porygon2
|-heal|p1b: Porygon2|77/100
|
|-weather|SunnyDay|[upkeep]
|-fieldend|move: Trick Room
|upkeep
|
|t:|1757181470
|switch|p2a: Ninetales|Ninetales-Alola, L50, M|87/100
|-weather|Snowscape|[from] ability: Snow Warning|[of] p2a: Ninetales
|turn|6
|
|t:|1757181483
|switch|p1a: Incineroar|Incineroar, L50, M|6/100
|-ability|p1a: Incineroar|Intimidate|boost
|-unboost|p2a: Ninetales|atk|1
|-unboost|p2b: Slushie|atk|1
|move|p2a: Ninetales|Moonblast|p1b: Porygon2
|-supereffective|p1b: Porygon2
|-damage|p1b: Porygon2|11/100
|move|p2b: Slushie|Tera Blast|p1a: Incineroar|[anim] Tera Blast Ground
|-supereffective|p1a: Incineroar
|-damage|p1a: Incineroar|0 fnt
|faint|p1a: Incineroar
|-damage|p2b: Slushie|0 fnt|[from] item: Life Orb
|faint|p2b: Slushie
|move|p1b: Porygon2|Trick Room|p1b: Porygon2
|-fieldstart|move: Trick Room|[of] p1b: Porygon2
|
|-weather|Snowscape|[upkeep]
|upkeep
|
|t:|1757181497
|switch|p1a: Torkoal|Torkoal, L50, F|100/100
|switch|p2b: Annihilape|Annihilape, L50, M|100/100
|-weather|SunnyDay|[from] ability: Drought|[of] p1a: Torkoal
|turn|7
|
|t:|1757181508
|move|p1a: Torkoal|Eruption|p2b: Annihilape|[spread] p2a,p2b
|-supereffective|p2a: Ninetales
|-damage|p2a: Ninetales|0 fnt
|-damage|p2b: Annihilape|42/100
|faint|p2a: Ninetales
|move|p1b: Porygon2|Ice Beam|p2b: Annihilape
|-damage|p2b: Annihilape|17/100
|move|p2b: Annihilape|Drain Punch|p1a: Torkoal
|-damage|p1a: Torkoal|73/100
|-heal|p2b: Annihilape|29/100|[from] drain|[of] p1a: Torkoal
|
|-weather|SunnyDay|[upkeep]
|upkeep
|turn|8
|c|☆Okknd|Rigged fr
|
|t:|1757181520
|move|p2b: Annihilape|Protect|p2b: Annihilape
|-singleturn|p2b: Annihilape|Protect
|move|p1a: Torkoal|Overheat|p2b: Annihilape
|-activate|p2b: Annihilape|move: Protect
|move|p1b: Porygon2|Recover|p1b: Porygon2
|-heal|p1b: Porygon2|61/100
|
|-weather|SunnyDay|[upkeep]
|upkeep
|turn|9
|
|t:|1757181531
|move|p1a: Torkoal|Overheat|p2b: Annihilape
|-damage|p2b: Annihilape|0 fnt
|-unboost|p1a: Torkoal|spa|2
|faint|p2b: Annihilape
|
|win|grapejuiceplaysyt
|c|☆grapejuiceplaysyt|gg!
