|j|☆papalima
|j|☆leafeon03
|html|papalimaleafeon03    
|uhtml|bestof|Game 2 of a best-of-3
|t:|1785432885
|gametype|doubles
|player|p1|papalima|266|1335
|player|p2|leafeon03|erika|1368
|gen|9
|tier|[Gen 9 Champions] VGC 2026 Reg M-B (Bo3)
|rated|
|rule|Species Clause: Limit one of each Pokémon
|rule|Item Clause: Limit 1 of each item
|clearpoke
|poke|p1|Charizard, L50, M|
|poke|p1|Glimmora, L50, M|
|poke|p1|Whimsicott, L50, F|
|poke|p1|Ninetales-Alola, L50, F|
|poke|p1|Kingambit, L50, M|
|poke|p1|Kommo-o, L50, M|
|poke|p2|Garchomp, L50, M, shiny|
|poke|p2|Charizard, L50, M, shiny|
|poke|p2|Whimsicott, L50, M|
|poke|p2|Floette-Eternal, L50, F|
|poke|p2|Basculegion, L50, M|
|poke|p2|Kingambit, L50, F, shiny|
|teampreview|4
|showteam|p1|Charizard||CharizarditeY|Blaze|HeatWave,WeatherBall,SolarBeam,Protect|Modest||M|||50|]Glimmora||Glimmoranite|ToxicDebris|SludgeBomb,PowerGem,EarthPower,SpikyShield|Modest||M|||50|]Whimsicott||FocusSash|Prankster|Moonblast,Tailwind,Encore,Protect|Timid||F|||50|]Ninetales-Alola||NeverMeltIce|SnowWarning|Blizzard,FreezeDry,Disable,Protect|Timid||F|||50|]Kingambit||BlackGlasses|Defiant|KowtowCleave,SuckerPunch,IronHead,Protect|Adamant||M|||50|]Kommo-o||LifeOrb|Soundproof|ClangingScales,AuraSphere,VacuumWave,Protect|Modest||M|||50|
|showteam|p2|Garchomp||LifeOrb|RoughSkin|Earthquake,RockSlide,DragonClaw,Protect|Jolly||M|||50|]Charizard||CharizarditeY|Blaze|HeatWave,WeatherBall,SolarBeam,Protect|Modest||M|||50|]Whimsicott||FocusSash|Prankster|Moonblast,Tailwind,Encore,Protect|Timid||M|||50|]Floette-Eternal||Floettite|FlowerVeil|Moonblast,DazzlingGleam,LightofRuin,Protect|Modest||F|||50|]Basculegion||MysticWater|Adaptability|WaveCrash,LastRespects,AquaJet,Protect|Adamant||M|||50|]Kingambit||ChopleBerry|Defiant|KowtowCleave,SuckerPunch,IronHead,LowKick|Adamant||F|||50|
|inactive|Battle timer is ON: inactive players will automatically lose when time's up. (requested by papalima)
|inactive|leafeon03 has 60 seconds left.
|inactive|papalima has 60 seconds left.
|
|t:|1785432947
|teamsize|p1|4
|teamsize|p2|4
|start
|switch|p1a: Whimsicott|Whimsicott, L50, F|100/100
|switch|p1b: Kommo-o|Kommo-o, L50, M|100/100
|switch|p2a: Whimsicott|Whimsicott, L50, M|100/100
|switch|p2b: Basculegion|Basculegion, L50, M|100/100
|turn|1
|inactive|leafeon03 has 30 seconds left.
|inactive|leafeon03 has 20 seconds left.
|inactive|leafeon03 has 15 seconds left.
|
|t:|1785432989
|switch|p1b: Kingambit|Kingambit, L50, M|100/100
|move|p1a: Whimsicott|Tailwind|p1a: Whimsicott
|-sidestart|p1: papalima|move: Tailwind
|move|p2a: Whimsicott|Moonblast|p1b: Kingambit
|-damage|p1b: Kingambit|63/100
|move|p2b: Basculegion|Wave Crash|p1a: Whimsicott
|-resisted|p1a: Whimsicott|1
|-damage|p1a: Whimsicott|27/100
|-damage|p2b: Basculegion|83/100|[from] Recoil
|
|upkeep
|turn|2
|inactive|leafeon03 has 30 seconds left.
|inactive|papalima has 30 seconds left.
|
|t:|1785433027
|switch|p2a: Charizard|Charizard, L50, M, shiny|100/100
|move|p1a: Whimsicott|Protect|p1a: Whimsicott
|-singleturn|p1a: Whimsicott|Protect
|move|p2b: Basculegion|Protect|p2b: Basculegion
|-singleturn|p2b: Basculegion|Protect
|move|p1b: Kingambit|Iron Head|p2a: Charizard
|-resisted|p2a: Charizard|1
|-damage|p2a: Charizard|77/100
|
|upkeep
|turn|3
|inactive|leafeon03 has 30 seconds left.
|inactive|papalima has 30 seconds left.
|inactive|leafeon03 has 20 seconds left.
|inactive|leafeon03 has 15 seconds left.
|inactive|leafeon03 has 10 seconds left.
|inactive|leafeon03 has 5 seconds left.
|
|t:|1785433079
|switch|p1a: Kommo-o|Kommo-o, L50, M|100/100
|detailschange|p2a: Charizard|Charizard-Mega-Y, L50, M, shiny
|-mega|p2a: Charizard|Charizard|Charizardite Y
|-weather|SunnyDay|[from] ability: Drought|[of] p2a: Charizard
|move|p1b: Kingambit|Kowtow Cleave|p2a: Charizard
|-damage|p2a: Charizard|21/100
|move|p2a: Charizard|Heat Wave|p1b: Kingambit|[spread] p1a,p1b
|-resisted|p1a: Kommo-o|1
|-supereffective|p1b: Kingambit|1
|-damage|p1a: Kommo-o|62/100
|-damage|p1b: Kingambit|0 fnt
|faint|p1b: Kingambit
|move|p2b: Basculegion|Wave Crash|p1a: Kommo-o
|-resisted|p1a: Kommo-o|1
|-damage|p1a: Kommo-o|37/100
|-damage|p2b: Basculegion|77/100|[from] Recoil
|
|-weather|SunnyDay|[upkeep]
|upkeep
|
|t:|1785433099
|switch|p1b: Charizard|Charizard, L50, M|100/100
|turn|4
|inactive|leafeon03 has 30 seconds left.
|
|t:|1785433131
|detailschange|p1b: Charizard|Charizard-Mega-Y, L50, M
|-mega|p1b: Charizard|Charizard|Charizardite Y
|move|p2a: Charizard|Protect|p2a: Charizard
|-singleturn|p2a: Charizard|Protect
|move|p2b: Basculegion|Protect|p2b: Basculegion
|-singleturn|p2b: Basculegion|Protect
|move|p1a: Kommo-o|Clanging Scales|p2b: Basculegion|[spread] 
|-activate|p2a: Charizard|move: Protect
|-activate|p2b: Basculegion|move: Protect
|move|p1b: Charizard|Heat Wave|p2a: Charizard|[spread] 
|-activate|p2a: Charizard|move: Protect
|-activate|p2b: Basculegion|move: Protect
|
|-weather|SunnyDay|[upkeep]
|-sideend|p1: papalima|move: Tailwind
|upkeep
|turn|5
|inactive|leafeon03 has 30 seconds left.
|
|t:|1785433156
|move|p1a: Kommo-o|Clanging Scales|p2b: Basculegion|[spread] p2a,p2b
|-damage|p2a: Charizard|0 fnt
|-damage|p2b: Basculegion|23/100
|faint|p2a: Charizard
|-unboost|p1a: Kommo-o|def|1
|-damage|p1a: Kommo-o|27/100|[from] item: Life Orb
|move|p1b: Charizard|Solar Beam||[still]
|-prepare|p1b: Charizard|Solar Beam
|-anim|p1b: Charizard|Solar Beam|p2b: Basculegion
|-supereffective|p2b: Basculegion|1
|-damage|p2b: Basculegion|0 fnt
|faint|p2b: Basculegion
|
|-weather|SunnyDay|[upkeep]
|upkeep
|
|t:|1785433170
|switch|p2a: Whimsicott|Whimsicott, L50, M|100/100
|switch|p2b: Kingambit|Kingambit, L50, F, shiny|100/100
|turn|6
|inactive|leafeon03 has 30 seconds left.
|
|t:|1785433203
|move|p2a: Whimsicott|Encore|p1b: Charizard
|-start|p1b: Charizard|Encore
|move|p1a: Kommo-o|Vacuum Wave|p2b: Kingambit
|-supereffective|p2b: Kingambit|2
|-enditem|p2b: Kingambit|Chople Berry|[eat]
|-enditem|p2b: Kingambit|Chople Berry|[weaken]
|-damage|p2b: Kingambit|45/100
|-damage|p1a: Kommo-o|17/100|[from] item: Life Orb
|move|p1b: Charizard|Solar Beam||[still]
|-prepare|p1b: Charizard|Solar Beam
|-anim|p1b: Charizard|Solar Beam|p2a: Whimsicott
|-resisted|p2a: Whimsicott|1
|-damage|p2a: Whimsicott|61/100
|move|p2b: Kingambit|Iron Head|p1a: Kommo-o
|-damage|p1a: Kommo-o|0 fnt
|faint|p1a: Kommo-o
|
|-weather|SunnyDay|[upkeep]
|upkeep
|
|t:|1785433212
|switch|p1a: Whimsicott|Whimsicott, L50, F|27/100
|turn|7
|inactive|papalima has 30 seconds left.
|inactive|leafeon03 has 30 seconds left.
|
|t:|1785433242
|move|p2a: Whimsicott|Tailwind|p2a: Whimsicott
|-sidestart|p2: leafeon03|move: Tailwind
|move|p1a: Whimsicott|Tailwind|p1a: Whimsicott
|-sidestart|p1: papalima|move: Tailwind
|move|p1b: Charizard|Solar Beam||[still]
|-prepare|p1b: Charizard|Solar Beam
|-anim|p1b: Charizard|Solar Beam|p2b: Kingambit
|-resisted|p2b: Kingambit|1
|-damage|p2b: Kingambit|18/100
|move|p2b: Kingambit|Iron Head|p1a: Whimsicott
|-supereffective|p1a: Whimsicott|1
|-damage|p1a: Whimsicott|0 fnt
|faint|p1a: Whimsicott
|
|-weather|none
|upkeep
|turn|8
|
|t:|1785433260
|move|p2a: Whimsicott|Moonblast|p1b: Charizard
|-resisted|p1b: Charizard|1
|-damage|p1b: Charizard|83/100
|move|p1b: Charizard|Solar Beam||[still]
|-prepare|p1b: Charizard|Solar Beam
|move|p2b: Kingambit|Kowtow Cleave|p1b: Charizard
|-damage|p1b: Charizard|35/100
|
|-end|p1b: Charizard|Encore
|upkeep
|turn|9
|-message|papalima forfeited.
|
|win|leafeon03
|raw|papalima's rating: 1335 → 1317(-18 for losing)
|raw|leafeon03's rating: 1368 → 1386(+18 for winning)
|l|☆papalima
|player|p1|
