|j|☆OdeioPeugeot
|j|☆FieryFIame
|html|OdeioPeugeotFieryFIame    
|uhtml|bestof|Game 2 of a best-of-3
|t:|1785416207
|gametype|doubles
|player|p1|OdeioPeugeot|swimmer-gen4dp|1398
|player|p2|FieryFIame|266|1407
|gen|9
|tier|[Gen 9 Champions] VGC 2026 Reg M-B (Bo3)
|rated|
|rule|Species Clause: Limit one of each Pokémon
|rule|Item Clause: Limit 1 of each item
|clearpoke
|poke|p1|Gardevoir, L50, F|
|poke|p1|Talonflame, L50, F|
|poke|p1|Kingambit, L50, M|
|poke|p1|Basculegion, L50, M|
|poke|p1|Kommo-o, L50, F|
|poke|p1|Maushold-Four, L50|
|poke|p2|Staraptor, L50, M|
|poke|p2|Garchomp, L50, M|
|poke|p2|Whimsicott, L50, M|
|poke|p2|Delphox, L50, M|
|poke|p2|Glimmora, L50, F|
|poke|p2|Kingambit, L50, F|
|teampreview|4
|showteam|p1|Gardevoir||Gardevoirite|Synchronize|HyperVoice,Psychic,Thunderbolt,Protect|Modest||F|||50|]Talonflame||SharpBeak|GaleWings|DualWingbeat,FlareBlitz,Tailwind,Protect|Jolly||F|||50|]Kingambit||ExpertBelt|Defiant|KowtowCleave,SuckerPunch,IronHead,LowKick|Adamant||M|||50|]Basculegion||ChoiceScarf|Adaptability|WaveCrash,LastRespects,FlipTurn,AquaJet|Jolly||M|||50|]Kommo-o||LifeOrb|Soundproof|ClangingScales,AuraSphere,DracoMeteor,Protect|Modest||F|||50|]Maushold-Four||FocusSash|FriendGuard|FollowMe,Feint,SuperFang,Protect|Jolly|||||50|
|showteam|p2|Staraptor||Staraptite|Intimidate|Protect,Roost,CloseCombat,BraveBird|Jolly||M|||50|]Garchomp||LifeOrb|RoughSkin|Protect,RockSlide,Earthquake,DragonClaw|Jolly||M|||50|]Whimsicott||OccaBerry|Prankster|Moonblast,Tailwind,Charm,LightScreen|Timid||M|||50|]Delphox||Delphoxite|Blaze|Protect,HeatWave,Psychic,Substitute|Timid||M|||50|]Glimmora||FocusSash|ToxicDebris|SpikyShield,SludgeBomb,EarthPower,PowerGem|Timid||F|||50|]Kingambit||ChopleBerry|Defiant|SuckerPunch,LowKick,IronHead,KowtowCleave|Adamant||F|||50|
|inactive|Battle timer is ON: inactive players will automatically lose when time's up. (requested by OdeioPeugeot)
|
|t:|1785416236
|teamsize|p1|4
|teamsize|p2|4
|start
|switch|p1a: Talonflame|Talonflame, L50, F|100/100
|switch|p1b: Basculegion|Basculegion, L50, M|100/100
|switch|p2a: Glimmora|Glimmora, L50, F|100/100
|switch|p2b: Delphox|Delphox, L50, M|100/100
|turn|1
|inactive|OdeioPeugeot has 30 seconds left.
|
|t:|1785416270
|switch|p2b: Kingambit|Kingambit, L50, F|100/100
|move|p1a: Talonflame|Protect|p1a: Talonflame
|-singleturn|p1a: Talonflame|Protect
|move|p2a: Glimmora|Spiky Shield|p2a: Glimmora
|-singleturn|p2a: Glimmora|move: Protect
|move|p1b: Basculegion|Wave Crash|p2b: Kingambit
|-damage|p2b: Kingambit|51/100
|-damage|p1b: Basculegion|83/100|[from] Recoil
|
|upkeep
|turn|2
|
|t:|1785416295
|switch|p2b: Garchomp|Garchomp, L50, M|100/100
|move|p1a: Talonflame|Dual Wingbeat|p2a: Glimmora
|-resisted|p2a: Glimmora|1
|-damage|p2a: Glimmora|89/100
|-activate|p2a: Glimmora|ability: Toxic Debris
|-sidestart|p1: OdeioPeugeot|move: Toxic Spikes
|-resisted|p2a: Glimmora|1
|-crit|p2a: Glimmora
|-damage|p2a: Glimmora|72/100
|-activate|p2a: Glimmora|ability: Toxic Debris
|-sidestart|p1: OdeioPeugeot|move: Toxic Spikes
|-hitcount|p2a: Glimmora|2
|move|p1b: Basculegion|Wave Crash|p2a: Glimmora
|-supereffective|p2a: Glimmora|1
|-damage|p2a: Glimmora|0 fnt
|faint|p2a: Glimmora
|-damage|p1b: Basculegion|63/100|[from] Recoil
|
|upkeep
|
|t:|1785416312
|switch|p2a: Kingambit|Kingambit, L50, F|51/100
|turn|3
|
|t:|1785416331
|switch|p1b: Kingambit|Kingambit, L50, M|100/100
|move|p1a: Talonflame|Tailwind|p1a: Talonflame
|-sidestart|p1: OdeioPeugeot|move: Tailwind
|move|p2a: Kingambit|Sucker Punch||[still]
|-fail|p2a: Kingambit
|move|p2b: Garchomp|Rock Slide|p1a: Talonflame|[spread] p1a,p1b
|-supereffective|p1a: Talonflame|2
|-resisted|p1b: Kingambit|1
|-crit|p1b: Kingambit
|-damage|p1a: Talonflame|0 fnt
|-damage|p1b: Kingambit|84/100
|faint|p1a: Talonflame
|-damage|p2b: Garchomp|90/100|[from] item: Life Orb
|
|upkeep
|
|t:|1785416343
|switch|p1a: Kommo-o|Kommo-o, L50, F|100/100
|-status|p1a: Kommo-o|tox
|turn|4
|
|t:|1785416359
|move|p1a: Kommo-o|Clanging Scales|p2a: Kingambit|[spread] p2a,p2b
|-resisted|p2a: Kingambit|1
|-supereffective|p2b: Garchomp|1
|-damage|p2a: Kingambit|28/100
|-damage|p2b: Garchomp|0 fnt
|faint|p2b: Garchomp
|-unboost|p1a: Kommo-o|def|1
|-damage|p1a: Kommo-o|90/100 tox|[from] item: Life Orb
|move|p1b: Kingambit|Low Kick|p2a: Kingambit
|-supereffective|p2a: Kingambit|2
|-enditem|p2a: Kingambit|Chople Berry|[eat]
|-enditem|p2a: Kingambit|Chople Berry|[weaken]
|-damage|p2a: Kingambit|0 fnt
|faint|p2a: Kingambit
|
|-damage|p1a: Kommo-o|84/100 tox|[from] psn
|upkeep
|
|t:|1785416365
|switch|p2a: Delphox|Delphox, L50, M|100/100
|turn|5
|
|t:|1785416378
|detailschange|p2a: Delphox|Delphox-Mega, L50, M
|-mega|p2a: Delphox|Delphox|Delphoxite
|move|p2a: Delphox|Protect|p2a: Delphox
|-singleturn|p2a: Delphox|Protect
|move|p1b: Kingambit|Sucker Punch||[still]
|-fail|p1b: Kingambit
|move|p1a: Kommo-o|Clanging Scales|p2a: Delphox
|-activate|p2a: Delphox|move: Protect
|
|-damage|p1a: Kommo-o|72/100 tox|[from] psn
|upkeep
|turn|6
|
|t:|1785416386
|move|p1a: Kommo-o|Clanging Scales|p2a: Delphox
|-damage|p2a: Delphox|41/100
|-unboost|p1a: Kommo-o|def|1
|-damage|p1a: Kommo-o|62/100 tox|[from] item: Life Orb
|move|p1b: Kingambit|Kowtow Cleave|p2a: Delphox
|-supereffective|p2a: Delphox|1
|-damage|p2a: Delphox|0 fnt
|faint|p2a: Delphox
|
|win|OdeioPeugeot
|raw|OdeioPeugeot's rating: 1398 → 1419(+21 for winning)
|raw|FieryFIame's rating: 1407 → 1386(-21 for losing)
|l|☆FieryFIame
|player|p2|
|c|☆OdeioPeugeot|Gg
