|j|‽Maybe ALTcom
|j|☆ThunDragon67
|html|Maybe ALTcomThunDragon67    
|uhtml|bestof|Game 2 of a best-of-3
|t:|1756483654
|gametype|doubles
|player|p1|Maybe ALTcom|101|1086
|player|p2|ThunDragon67|li|1027
|gen|9
|tier|[Gen 9] VGC 2025 Reg H (Bo3)
|rated|
|rule|Species Clause: Limit one of each Pokémon
|rule|Item Clause: Limit 1 of each item
|clearpoke
|poke|p1|Magmar, L50, F|
|poke|p1|Rillaboom, L50, F|
|poke|p1|Ninetales-Alola, L50, F|
|poke|p1|Kommo-o, L50, F|
|poke|p1|Kingambit, L50, M|
|poke|p1|Basculegion, L50, M|
|poke|p2|Tsareena, L50, F|
|poke|p2|Volcarona, L50, M|
|poke|p2|Archaludon, L50, M|
|poke|p2|Primarina, L50, M|
|poke|p2|Malamar, L50, F|
|poke|p2|Talonflame, L50, M|
|teampreview|4
|showteam|p1|Magmar||Eviolite|VitalSpirit|FollowMe,ClearSmog,Protect,Flamethrower|||F|||50|,,,,,Ghost]Rillaboom||AssaultVest|GrassySurge|WoodHammer,GrassyGlide,FakeOut,HighHorsepower|||F|||50|,,,,,Fire]Ninetales-Alola||FocusSash|SnowWarning|IcyWind,Blizzard,Encore,Protect|||F|||50|,,,,,Ghost]Kommo-o||ThroatSpray|Soundproof|ClangingScales,ClangorousSoul,AuraSphere,Protect|||F|||50|,,,,,Fairy]Kingambit||BlackGlasses|Defiant|KowtowCleave,SuckerPunch,SwordsDance,Protect|||M|||50|,,,,,Dark]Basculegion||ChoiceScarf|Adaptability|WaveCrash,LastRespects,FlipTurn,TeraBlast|||M|||50|,,,,,Fighting
|showteam|p2|Tsareena||RockyHelmet|QueenlyMajesty|BulletSeed,LowSweep,Protect,Uturn|||F|||50|,,,,,Water]Volcarona||Leftovers|FlameBody|QuiverDance,RagePowder,FieryDance,BugBuzz|||M|||50|,,,,,Dark]Archaludon||PowerHerb|Stamina|BodyPress,FlashCannon,Protect,ElectroShot|||M|||50|,,,,,Fighting]Primarina||WeaknessPolicy|LiquidVoice|HyperVoice,IcyWind,Moonblast,Protect|||M|||50|,,,,,Ice]Malamar||SitrusBerry|Contrary|Superpower,TopsyTurvy,KnockOff,Protect|||F|||50|,,,,,Dark]Talonflame||FocusSash|GaleWings|BraveBird,FlameCharge,Protect,Tailwind|||M|||50|,,,,,Fire
|inactive|Battle timer is ON: inactive players will automatically lose when time's up. (requested by ThunDragon67)
|
|t:|1756483686
|teamsize|p1|4
|teamsize|p2|4
|start
|switch|p1a: Magmar|Magmar, L50, F|100/100
|switch|p1b: Kommo-o|Kommo-o, L50, F|100/100
|switch|p2a: Talonflame|Talonflame, L50, M|100/100
|switch|p2b: Tsareena|Tsareena, L50, F|100/100
|turn|1
|
|t:|1756483707
|move|p1a: Magmar|Follow Me|p1a: Magmar
|-singleturn|p1a: Magmar|move: Follow Me
|move|p2a: Talonflame|Tailwind|p2a: Talonflame
|-sidestart|p2: ThunDragon67|move: Tailwind
|move|p2b: Tsareena|U-turn|p1a: Magmar
|-resisted|p1a: Magmar
|-damage|p1a: Magmar|93/100
|
|t:|1756483714
|switch|p2b: Malamar|Malamar, L50, F|100/100|[from] U-turn
|move|p1b: Kommo-o|Clangorous Soul|p1b: Kommo-o
|-boost|p1b: Kommo-o|atk|1
|-boost|p1b: Kommo-o|def|1
|-boost|p1b: Kommo-o|spa|1
|-boost|p1b: Kommo-o|spd|1
|-boost|p1b: Kommo-o|spe|1
|-damage|p1b: Kommo-o|68/100
|-enditem|p1b: Kommo-o|Throat Spray
|-boost|p1b: Kommo-o|spa|1|[from] item: Throat Spray
|
|upkeep
|turn|2
|
|t:|1756483727
|move|p1a: Magmar|Follow Me|p1a: Magmar
|-singleturn|p1a: Magmar|move: Follow Me
|move|p2a: Talonflame|Brave Bird|p1a: Magmar
|-damage|p1a: Magmar|61/100
|-damage|p2a: Talonflame|89/100|[from] Recoil
|move|p2b: Malamar|Topsy-Turvy||[still]
|-fail|p2b: Malamar
|move|p1b: Kommo-o|Clangorous Soul|p1b: Kommo-o
|-boost|p1b: Kommo-o|atk|1
|-boost|p1b: Kommo-o|def|1
|-boost|p1b: Kommo-o|spa|1
|-boost|p1b: Kommo-o|spd|1
|-boost|p1b: Kommo-o|spe|1
|-damage|p1b: Kommo-o|35/100
|
|upkeep
|turn|3
|
|t:|1756483750
|move|p2b: Malamar|Protect|p2b: Malamar
|-singleturn|p2b: Malamar|Protect
|move|p1a: Magmar|Follow Me|p1a: Magmar
|-singleturn|p1a: Magmar|move: Follow Me
|move|p2a: Talonflame|Brave Bird|p1a: Magmar
|-damage|p1a: Magmar|29/100
|-damage|p2a: Talonflame|77/100|[from] Recoil
|move|p1b: Kommo-o|Clanging Scales|p2a: Talonflame|[spread] p2a
|-activate|p2b: Malamar|move: Protect
|-damage|p2a: Talonflame|0 fnt
|faint|p2a: Talonflame
|-unboost|p1b: Kommo-o|def|1
|
|upkeep
|
|t:|1756483768
|switch|p2a: Archaludon|Archaludon, L50, M|100/100
|turn|4
|
|t:|1756483784
|move|p1b: Kommo-o|Protect|p1b: Kommo-o
|-singleturn|p1b: Kommo-o|Protect
|move|p1a: Magmar|Protect|p1a: Magmar
|-singleturn|p1a: Magmar|Protect
|move|p2a: Archaludon|Electro Shot||[still]
|-prepare|p2a: Archaludon|Electro Shot
|-boost|p2a: Archaludon|spa|1
|-enditem|p2a: Archaludon|Power Herb
|-anim|p2a: Archaludon|Electro Shot|p1a: Magmar
|-activate|p1a: Magmar|move: Protect
|move|p2b: Malamar|Topsy-Turvy|p1b: Kommo-o
|-activate|p1b: Kommo-o|move: Protect
|
|-sideend|p2: ThunDragon67|move: Tailwind
|upkeep
|turn|5
|
|t:|1756483804
|move|p2b: Malamar|Protect|p2b: Malamar
|-singleturn|p2b: Malamar|Protect
|move|p1a: Magmar|Follow Me|p1a: Magmar
|-singleturn|p1a: Magmar|move: Follow Me
|move|p1b: Kommo-o|Clanging Scales|p2a: Archaludon|[spread] p2a
|-activate|p2b: Malamar|move: Protect
|-damage|p2a: Archaludon|0 fnt
|faint|p2a: Archaludon
|-unboost|p1b: Kommo-o|def|1
|
|upkeep
|
|t:|1756483814
|switch|p2a: Tsareena|Tsareena, L50, F|100/100
|turn|6
|
|t:|1756483832
|move|p1a: Magmar|Follow Me|p1a: Magmar
|-singleturn|p1a: Magmar|move: Follow Me
|move|p1b: Kommo-o|Clanging Scales|p2b: Malamar|[spread] p2a,p2b
|-damage|p2a: Tsareena|8/100
|-damage|p2b: Malamar|15/100
|-enditem|p2b: Malamar|Sitrus Berry|[eat]
|-heal|p2b: Malamar|40/100|[from] item: Sitrus Berry
|-unboost|p1b: Kommo-o|def|1
|move|p2a: Tsareena|U-turn|p1a: Magmar
|-resisted|p1a: Magmar
|-damage|p1a: Magmar|20/100
|move|p2b: Malamar|Superpower|p1a: Magmar
|-damage|p1a: Magmar|0 fnt
|-boost|p2b: Malamar|atk|1
|-boost|p2b: Malamar|def|1
|faint|p1a: Magmar
|
|upkeep
|inactive|Maybe ALTcom has 30 seconds left.
|
|t:|1756483859
|switch|p1a: Basculegion|Basculegion, L50, M|100/100
|turn|7
|
|t:|1756483871
|move|p1b: Kommo-o|Clanging Scales|p2a: Tsareena|[spread] p2a,p2b
|-damage|p2a: Tsareena|0 fnt
|-damage|p2b: Malamar|0 fnt
|faint|p2a: Tsareena
|faint|p2b: Malamar
|
|win|Maybe ALTcom
|raw|Maybe ALTcom's rating: 1086 → 1109(+23 for winning)
|raw|ThunDragon67's rating: 1027 → 1015(-12 for losing)
|l|‽Maybe ALTcom
|player|p1|
|c|☆ThunDragon67|gg
