|j|☆Slowjow
|j|☆scottedstone
|html|Slowjowscottedstone    
|uhtml|bestof|Game 1 of a best-of-3
|t:|1757913677
|gametype|doubles
|player|p1|Slowjow|101|1227
|player|p2|scottedstone|169|1316
|gen|9
|tier|[Gen 9] VGC 2025 Reg H (Bo3)
|rated|
|rule|Species Clause: Limit one of each Pokémon
|rule|Item Clause: Limit 1 of each item
|clearpoke
|poke|p1|Gliscor, L50, F|
|poke|p1|Electabuzz, L50, M|
|poke|p1|Tauros-Paldea-Blaze, L50, M|
|poke|p1|Gastrodon, L50, M|
|poke|p1|Kingambit, L50, F|
|poke|p1|Ninetales-Alola, L50, F|
|poke|p2|Pelipper, L50, M|
|poke|p2|Basculegion, L50, M|
|poke|p2|Archaludon, L50, F|
|poke|p2|Sneasler, L50, M|
|poke|p2|Indeedee, L50, M|
|poke|p2|Amoonguss, L50, M|
|teampreview|4
|showteam|p1|Gliscor||ToxicOrb|PoisonHeal|HighHorsepower,DualWingbeat,SwordsDance,Protect|||F|||50|,,,,,Water]Electabuzz||Eviolite|VitalSpirit|Electroweb,Taunt,FollowMe,Protect|||M|||50|,,,,,Ghost]Tauros-Paldea-Blaze||MirrorHerb|Intimidate|RagingBull,CloseCombat,WillOWisp,Protect|||M|||50|,,,,,Grass]Gastrodon||Leftovers|StormDrain|MuddyWater,ClearSmog,Yawn,Protect|||M|||50|,,,,,Fire]Kingambit||BlackGlasses|Defiant|KowtowCleave,SuckerPunch,SwordsDance,Protect|||F|||50|,,,,,Dark]Ninetales-Alola||LightClay|SnowWarning|AuroraVeil,Blizzard,Encore,Protect|||F|||50|,,,,,Water
|showteam|p2|Pelipper||FocusSash|Drizzle|Hurricane,WeatherBall,Tailwind,Protect|||M|||50|,,,,,Stellar]Basculegion||LifeOrb|SwiftSwim|WaveCrash,LastRespects,AquaJet,Protect|||M|||50|,,,,,Water]Archaludon||AssaultVest|Stamina|DragonPulse,FlashCannon,ElectroShot,BodyPress|||F|||50|,,,,,Grass]Sneasler||PsychicSeed|Unburden|DireClaw,CloseCombat,ThroatChop,Protect|||M|||50|,,,,,Dark]Indeedee||ChoiceScarf|PsychicSurge|ExpandingForce,TeraBlast,Protect,Trick|||M|||50|,,,,,Psychic]Amoonguss||SitrusBerry|Regenerator|PollenPuff,RagePowder,Spore,Protect|||M|||50|,,,,,Water
|inactive|Battle timer is ON: inactive players will automatically lose when time's up. (requested by scottedstone)
|c|☆scottedstone|gliscor???
|inactive|Slowjow has 60 seconds left.
|
|t:|1757913720
|teamsize|p1|4
|teamsize|p2|4
|start
|switch|p1a: Ninetales|Ninetales-Alola, L50, F|100/100
|switch|p1b: Electabuzz|Electabuzz, L50, M|100/100
|switch|p2a: Pelipper|Pelipper, L50, M|100/100
|switch|p2b: Basculegion|Basculegion, L50, M|100/100
|-weather|Snowscape|[from] ability: Snow Warning|[of] p1a: Ninetales
|-weather|RainDance|[from] ability: Drizzle|[of] p2a: Pelipper
|turn|1
|
|t:|1757913744
|switch|p1a: Gastrodon|Gastrodon, L50, M|100/100
|-terastallize|p2b: Basculegion|Water
|move|p2b: Basculegion|Wave Crash|p1a: Gastrodon
|-activate|p1a: Gastrodon|ability: Storm Drain
|-ability|p1a: Gastrodon|Storm Drain|boost
|-boost|p1a: Gastrodon|spa|1
|move|p1b: Electabuzz|Electroweb|p2a: Pelipper|[spread] p2b
|-miss|p1b: Electabuzz|p2a: Pelipper
|-supereffective|p2b: Basculegion
|-damage|p2b: Basculegion|67/100
|-unboost|p2b: Basculegion|spe|1
|move|p2a: Pelipper|Hurricane|p1a: Gastrodon
|-damage|p1a: Gastrodon|54/100
|
|-weather|RainDance|[upkeep]
|-heal|p1a: Gastrodon|60/100|[from] item: Leftovers
|upkeep
|turn|2
|c|☆Slowjow|Yea cause I hate sneasler lol
|inactive|Slowjow has 30 seconds left.
|inactive|scottedstone has 30 seconds left.
|inactive|scottedstone has 20 seconds left.
|
|t:|1757913782
|switch|p2a: Sneasler|Sneasler, L50, M|100/100
|move|p2b: Basculegion|Last Respects|p1a: Gastrodon
|-damage|p1a: Gastrodon|30/100
|-damage|p2b: Basculegion|57/100|[from] item: Life Orb
|move|p1b: Electabuzz|Electroweb|p2a: Sneasler|[spread] p2a,p2b
|-supereffective|p2b: Basculegion
|-damage|p2a: Sneasler|81/100
|-damage|p2b: Basculegion|29/100
|-unboost|p2a: Sneasler|spe|1
|-unboost|p2b: Basculegion|spe|1
|move|p1a: Gastrodon|Yawn|p2b: Basculegion
|-start|p2b: Basculegion|move: Yawn|[of] p1a: Gastrodon
|
|-weather|RainDance|[upkeep]
|-heal|p1a: Gastrodon|36/100|[from] item: Leftovers
|upkeep
|turn|3
|
|t:|1757913805
|switch|p2b: Pelipper|Pelipper, L50, M|100/100
|move|p1b: Electabuzz|Follow Me|p1b: Electabuzz
|-singleturn|p1b: Electabuzz|move: Follow Me
|move|p2a: Sneasler|Close Combat|p1b: Electabuzz
|-damage|p1b: Electabuzz|56/100
|-unboost|p2a: Sneasler|def|1
|-unboost|p2a: Sneasler|spd|1
|move|p1a: Gastrodon|Muddy Water|p2b: Pelipper|[spread] p2a,p2b
|-resisted|p2b: Pelipper
|-damage|p2a: Sneasler|0 fnt
|-damage|p2b: Pelipper|58/100
|-unboost|p2b: Pelipper|accuracy|1
|faint|p2a: Sneasler
|
|-weather|RainDance|[upkeep]
|-heal|p1a: Gastrodon|42/100|[from] item: Leftovers
|upkeep
|
|t:|1757913812
|switch|p2a: Indeedee|Indeedee, L50, M|100/100
|-fieldstart|move: Psychic Terrain|[from] ability: Psychic Surge|[of] p2a: Indeedee
|turn|4
|
|t:|1757913832
|switch|p1b: Kingambit|Kingambit, L50, F|100/100
|move|p1a: Gastrodon|Protect|p1a: Gastrodon
|-singleturn|p1a: Gastrodon|Protect
|move|p2a: Indeedee|Expanding Force|p1a: Gastrodon|[spread] 
|-activate|p1a: Gastrodon|move: Protect
|-immune|p1b: Kingambit
|move|p2b: Pelipper|Hurricane|p1a: Gastrodon
|-activate|p1a: Gastrodon|move: Protect
|
|-weather|RainDance|[upkeep]
|-heal|p1a: Gastrodon|48/100|[from] item: Leftovers
|upkeep
|turn|5
|
|t:|1757913855
|switch|p1a: Ninetales|Ninetales-Alola, L50, F|100/100
|-weather|Snowscape|[from] ability: Snow Warning|[of] p1a: Ninetales
|move|p2a: Indeedee|Expanding Force|p1b: Kingambit|[spread] p1a
|-immune|p1b: Kingambit
|-damage|p1a: Ninetales|49/100
|move|p2b: Pelipper|Weather Ball|p1b: Kingambit
|-resisted|p1b: Kingambit
|-damage|p1b: Kingambit|86/100
|move|p1b: Kingambit|Kowtow Cleave|p2a: Indeedee
|-supereffective|p2a: Indeedee
|-damage|p2a: Indeedee|0 fnt
|faint|p2a: Indeedee
|
|-weather|Snowscape|[upkeep]
|upkeep
|
|t:|1757913865
|switch|p2a: Basculegion|Basculegion, L50, M, tera:Water|29/100
|turn|6
|-message|scottedstone forfeited.
|
|win|Slowjow
||scottedstone is ready for game 2.
|inactive|Slowjow has 30 seconds to confirm battle start!
||Slowjow is ready for game 2.
|uhtml|next|Next: Game 2 of 3
