|j|☆Sternwizard
|j|☆AGreatRobot
|html|SternwizardAGreatRobot    
|uhtml|bestof|Game 3 of a best-of-3
|t:|1783202133
|gametype|doubles
|player|p1|Sternwizard|102|
|player|p2|AGreatRobot|medium|
|gen|9
|tier|[Gen 9 Champions] VGC 2026 Reg M-B (Bo3)
|rule|Species Clause: Limit one of each Pokémon
|rule|Item Clause: Limit 1 of each item
|clearpoke
|poke|p1|Tyranitar, L50, F|
|poke|p1|Aerodactyl, L50, F|
|poke|p1|Mimikyu, L50, F|
|poke|p1|Arcanine, L50, F|
|poke|p1|Vaporeon, L50, M|
|poke|p1|Tsareena, L50, F|
|poke|p2|Annihilape, L50, F|
|poke|p2|Aerodactyl, L50, M|
|poke|p2|Blaziken, L50, M|
|poke|p2|Roserade, L50, F|
|poke|p2|Rotom-Wash, L50|
|poke|p2|Scizor, L50, M|
|teampreview|4
|showteam|p1|Tyranitar||Tyranitarite|SandStream|RockSlide,KnockOff,DragonDance,Protect|Adamant||F|||50|]Aerodactyl||FocusSash|Unnerve|RockSlide,DualWingbeat,Tailwind,Protect|Jolly||F|||50|]Mimikyu||MentalHerb|Disguise|PlayRough,ShadowSneak,TrickRoom,WillOWisp|Jolly||F|||50|]Arcanine||SitrusBerry|Intimidate|FlareBlitz,ExtremeSpeed,WillOWisp,Protect|Adamant||F|||50|]Vaporeon||Leftovers|WaterAbsorb|Scald,IceBeam,Yawn,Protect|Bold||M|||50|]Tsareena||MuscleBand|QueenlyMajesty|Protect,TropKick,KnockOff,Uturn|Adamant||F|||50|
|showteam|p2|Annihilape||SitrusBerry|Defiant|RageFist,DrainPunch,BulkUp,Protect|Careful||F|||50|]Aerodactyl||FocusSash|Pressure|RockSlide,WideGuard,Tailwind,Taunt|Jolly||M|||50|]Blaziken||Blazikenite|SpeedBoost|FlareBlitz,CloseCombat,SwordsDance,Detect|Adamant||M|||50|]Roserade||WideLens|PoisonPoint|PinMissile,SleepPowder,LifeDew,LeafStorm|Timid||F|||50|]Rotom-Wash||ChoiceScarf|Levitate|HydroPump,Electroweb,VoltSwitch,Thunderbolt|Modest|||||50|]Scizor||LifeOrb|Technician|Assurance,BulletPunch,Uturn,Protect|Adamant||M|||50|
|inactive|Battle timer is ON: inactive players will automatically lose when time's up. (requested by Sternwizard)
|
|t:|1783202150
|teamsize|p1|4
|teamsize|p2|4
|start
|switch|p1a: Aerodactyl|Aerodactyl, L50, F|100/100
|switch|p1b: Mimikyu|Mimikyu, L50, F|100/100
|switch|p2a: Roserade|Roserade, L50, F|100/100
|switch|p2b: Annihilape|Annihilape, L50, F|100/100
|-ability|p1a: Aerodactyl|Unnerve
|turn|1
|inactive|Sternwizard has 30 seconds left.
|
|t:|1783202175
|move|p2b: Annihilape|Protect|p2b: Annihilape
|-singleturn|p2b: Annihilape|Protect
|move|p1b: Mimikyu|Shadow Sneak|p2b: Annihilape
|-activate|p2b: Annihilape|move: Protect
|move|p1a: Aerodactyl|Dual Wingbeat|p2a: Roserade|[miss]
|-miss|p1a: Aerodactyl|p2a: Roserade
|move|p2a: Roserade|Sleep Powder|p1a: Aerodactyl
|-status|p1a: Aerodactyl|slp|[from] move: Sleep Powder
|
|upkeep
|turn|2
|
|t:|1783202192
|cant|p1a: Aerodactyl|slp
|move|p1b: Mimikyu|Will-O-Wisp|p2b: Annihilape
|-status|p2b: Annihilape|brn
|move|p2a: Roserade|Sleep Powder|p1b: Mimikyu
|-status|p1b: Mimikyu|slp|[from] move: Sleep Powder
|move|p2b: Annihilape|Bulk Up|p2b: Annihilape
|-boost|p2b: Annihilape|atk|1
|-boost|p2b: Annihilape|def|1
|
|-damage|p2b: Annihilape|94/100 brn|[from] brn
|upkeep
|turn|3
|
|t:|1783202212
|switch|p2b: Rotom|Rotom-Wash, L50|100/100
|cant|p1a: Aerodactyl|slp
|cant|p1b: Mimikyu|slp
|move|p2a: Roserade|Leaf Storm|p1a: Aerodactyl
|-damage|p1a: Aerodactyl|23/100 slp
|-unboost|p2a: Roserade|spa|2
|
|upkeep
|turn|4
|
|t:|1783202230
|switch|p2a: Scizor|Scizor, L50, M|100/100
|-curestatus|p1b: Mimikyu|slp|[msg]
|move|p1b: Mimikyu|Shadow Sneak|p2b: Rotom
|-damage|p2b: Rotom|82/100
|move|p2b: Rotom|Volt Switch|p1a: Aerodactyl
|-supereffective|p1a: Aerodactyl|1
|-damage|p1a: Aerodactyl|0 fnt
|faint|p1a: Aerodactyl
|
|t:|1783202236
|switch|p2b: Roserade|Roserade, L50, F|100/100|[from] Volt Switch
|
|upkeep
|
|t:|1783202244
|switch|p1a: Tyranitar|Tyranitar, L50, F|100/100
|-weather|Sandstorm|[from] ability: Sand Stream|[of] p1a: Tyranitar
|turn|5
|
|t:|1783202257
|switch|p2a: Rotom|Rotom-Wash, L50|82/100
|switch|p1a: Tsareena|Tsareena, L50, F|100/100
|move|p2b: Roserade|Sleep Powder|p1b: Mimikyu
|-status|p1b: Mimikyu|slp|[from] move: Sleep Powder
|cant|p1b: Mimikyu|slp
|
|-weather|Sandstorm|[upkeep]
|-damage|p2a: Rotom|76/100|[from] Sandstorm
|-damage|p1b: Mimikyu|93/100 slp|[from] Sandstorm
|-damage|p2b: Roserade|94/100|[from] Sandstorm
|-damage|p1a: Tsareena|93/100|[from] Sandstorm
|upkeep
|turn|6
|
|t:|1783202272
|switch|p2b: Scizor|Scizor, L50, M|100/100
|move|p2a: Rotom|Volt Switch|p1b: Mimikyu
|-activate|p1b: Mimikyu|ability: Disguise
|-damage|p1b: Mimikyu|93/100 slp
|detailschange|p1b: Mimikyu|Mimikyu-Busted, L50, F
|-damage|p1b: Mimikyu|81/100 slp|[from] pokemon: Mimikyu-Busted
|
|t:|1783202276
|switch|p2a: Annihilape|Annihilape, L50, F|94/100 brn|[from] Volt Switch
|move|p1a: Tsareena|Knock Off|p2b: Scizor
|-damage|p2b: Scizor|57/100
|-enditem|p2b: Scizor|Life Orb|[from] move: Knock Off|[of] p1a: Tsareena
|cant|p1b: Mimikyu|slp
|
|-weather|Sandstorm|[upkeep]
|-damage|p1b: Mimikyu|75/100 slp|[from] Sandstorm
|-damage|p2a: Annihilape|88/100 brn|[from] Sandstorm
|-damage|p1a: Tsareena|87/100|[from] Sandstorm
|-damage|p2a: Annihilape|82/100 brn|[from] brn
|upkeep
|turn|7
|
|t:|1783202292
|-curestatus|p1b: Mimikyu|slp|[msg]
|move|p1b: Mimikyu|Will-O-Wisp|p2b: Scizor
|-status|p2b: Scizor|brn
|move|p2a: Annihilape|Rage Fist|p1b: Mimikyu
|-supereffective|p1b: Mimikyu|1
|-damage|p1b: Mimikyu|46/100
|move|p2b: Scizor|U-turn|p1a: Tsareena
|-supereffective|p1a: Tsareena|1
|-damage|p1a: Tsareena|47/100
|
|t:|1783202299
|switch|p2b: Roserade|Roserade, L50, F|94/100|[from] U-turn
|move|p1a: Tsareena|Knock Off|p2a: Annihilape
|-damage|p2a: Annihilape|41/100 brn
|-enditem|p2a: Annihilape|Sitrus Berry|[from] move: Knock Off|[of] p1a: Tsareena
|
|-weather|Sandstorm|[upkeep]
|-damage|p1b: Mimikyu|40/100|[from] Sandstorm
|-damage|p2b: Roserade|88/100|[from] Sandstorm
|-damage|p2a: Annihilape|35/100 brn|[from] Sandstorm
|-damage|p1a: Tsareena|41/100|[from] Sandstorm
|-damage|p2a: Annihilape|29/100 brn|[from] brn
|upkeep
|turn|8
|
|t:|1783202319
|move|p1b: Mimikyu|Shadow Sneak|p2a: Annihilape
|-supereffective|p2a: Annihilape|1
|-damage|p2a: Annihilape|0 fnt
|faint|p2a: Annihilape
|move|p2b: Roserade|Pin Missile|p1a: Tsareena
|-supereffective|p1a: Tsareena|1
|-damage|p1a: Tsareena|31/100
|-supereffective|p1a: Tsareena|1
|-damage|p1a: Tsareena|22/100
|-supereffective|p1a: Tsareena|1
|-damage|p1a: Tsareena|13/100
|-supereffective|p1a: Tsareena|1
|-damage|p1a: Tsareena|4/100
|-hitcount|p1a: Tsareena|4
|move|p1a: Tsareena|Knock Off|p2b: Roserade
|-damage|p2b: Roserade|32/100
|-enditem|p2b: Roserade|Wide Lens|[from] move: Knock Off|[of] p1a: Tsareena
|
|-weather|Sandstorm|[upkeep]
|-damage|p1b: Mimikyu|34/100|[from] Sandstorm
|-damage|p2b: Roserade|26/100|[from] Sandstorm
|-damage|p1a: Tsareena|0 fnt|[from] Sandstorm
|faint|p1a: Tsareena
|upkeep
|
|t:|1783202332
|switch|p2a: Scizor|Scizor, L50, M|57/100 brn
|switch|p1a: Tyranitar|Tyranitar, L50, F|100/100
|turn|9
|
|t:|1783202356
|move|p1a: Tyranitar|Protect|p1a: Tyranitar
|-singleturn|p1a: Tyranitar|Protect
|move|p1b: Mimikyu|Shadow Sneak|p2b: Roserade
|-damage|p2b: Roserade|0 fnt
|faint|p2b: Roserade
|move|p2a: Scizor|Bullet Punch|p1b: Mimikyu
|-supereffective|p1b: Mimikyu|1
|-damage|p1b: Mimikyu|0 fnt
|faint|p1b: Mimikyu
|
|-weather|none
|-damage|p2a: Scizor|52/100 brn|[from] brn
|upkeep
|
|t:|1783202359
|switch|p2b: Rotom|Rotom-Wash, L50|76/100
|turn|10
|
|t:|1783202367
|detailschange|p1a: Tyranitar|Tyranitar-Mega, L50, F
|-mega|p1a: Tyranitar|Tyranitar|Tyranitarite
|-weather|Sandstorm|[from] ability: Sand Stream|[of] p1a: Tyranitar
|move|p2b: Rotom|Hydro Pump|p1a: Tyranitar
|-supereffective|p1a: Tyranitar|1
|-damage|p1a: Tyranitar|55/100
|move|p2a: Scizor|U-turn|p1a: Tyranitar
|-supereffective|p1a: Tyranitar|1
|-damage|p1a: Tyranitar|31/100
|move|p1a: Tyranitar|Rock Slide|p2a: Scizor|[spread] p2a,p2b
|-damage|p2a: Scizor|15/100 brn
|-damage|p2b: Rotom|36/100
|
|-weather|Sandstorm|[upkeep]
|-damage|p2b: Rotom|30/100|[from] Sandstorm
|-damage|p2a: Scizor|9/100 brn|[from] brn
|upkeep
|turn|11
|
|t:|1783202384
|move|p1a: Tyranitar|Protect|p1a: Tyranitar
|-singleturn|p1a: Tyranitar|Protect
|move|p2b: Rotom|Hydro Pump|p1a: Tyranitar
|-activate|p1a: Tyranitar|move: Protect
|move|p2a: Scizor|U-turn|p1a: Tyranitar
|-activate|p1a: Tyranitar|move: Protect
|
|-weather|Sandstorm|[upkeep]
|-damage|p2b: Rotom|24/100|[from] Sandstorm
|-damage|p2a: Scizor|4/100 brn|[from] brn
|upkeep
|turn|12
|c|☆AGreatRobot|Dont miss dont miss dont miss
|
|t:|1783202402
|move|p1a: Tyranitar|Protect|p1a: Tyranitar
|-singleturn|p1a: Tyranitar|Protect
|move|p2b: Rotom|Hydro Pump|p1a: Tyranitar
|-activate|p1a: Tyranitar|move: Protect
|move|p2a: Scizor|U-turn|p1a: Tyranitar
|-activate|p1a: Tyranitar|move: Protect
|
|-weather|Sandstorm|[upkeep]
|-damage|p2b: Rotom|19/100|[from] Sandstorm
|-damage|p2a: Scizor|0 fnt|[from] brn
|faint|p2a: Scizor
|upkeep
|turn|13
|
|t:|1783202408
|move|p2b: Rotom|Hydro Pump|p1a: Tyranitar
|-supereffective|p1a: Tyranitar|1
|-damage|p1a: Tyranitar|0 fnt
|faint|p1a: Tyranitar
|
|win|AGreatRobot
|c|☆Sternwizard|Gg!
|c|☆AGreatRobot|Ggs
|l|☆Sternwizard
|player|p1|
