|j|☆AndrewsWho
|j|☆Stelvius
|html|AndrewsWhoStelvius    
|uhtml|bestof|Game 1 of a best-of-3
|t:|1756468204
|gametype|doubles
|player|p1|AndrewsWho|2|1146
|player|p2|Stelvius|169|1138
|gen|9
|tier|[Gen 9] VGC 2025 Reg H (Bo3)
|rated|
|rule|Species Clause: Limit one of each Pokémon
|rule|Item Clause: Limit 1 of each item
|clearpoke
|poke|p1|Charizard, L50, F|
|poke|p1|Torkoal, L50, F|
|poke|p1|Porygon2, L50|
|poke|p1|Incineroar, L50, M|
|poke|p1|Jumpluff, L50, M|
|poke|p1|Ursaluna, L50, M|
|poke|p2|Annihilape, L50, M|
|poke|p2|Sneasler, L50, F|
|poke|p2|Indeedee-F, L50, F|
|poke|p2|Armarouge, L50, F|
|poke|p2|Sinistcha, L50|
|poke|p2|Ninetales-Alola, L50, F|
|teampreview|4
|showteam|p1|Charizard||ChoiceSpecs|SolarPower|HeatWave,Overheat,WeatherBall,AirSlash|||F|||50|,,,,,Ghost]Torkoal||EjectPack|Drought|Eruption,Overheat,HelpingHand,Protect|||F|||50|,,,,,Fire]Porygon2||Eviolite|Download|TeraBlast,IceBeam,Recover,TrickRoom||||||50|,,,,,Fighting]Incineroar||SitrusBerry|Intimidate|FlareBlitz,KnockOff,FakeOut,PartingShot|||M|||50|,,,,,Ghost]Jumpluff||CovertCloak|Chlorophyll|SleepPowder,SunnyDay,RagePowder,Tailwind|||M|||50|,,,,,Water]Ursaluna||FlameOrb|Guts|HeadlongRush,Facade,Earthquake,Protect|||M|||50|,,,,,Ghost
|showteam|p2|Annihilape||AssaultVest|Defiant|DrainPunch,RageFist,RockSlide,Uturn|||M|||50|,,,,,Water]Sneasler||FocusSash|Unburden|CloseCombat,DireClaw,Coaching,Protect|||F|||50|,,,,,Stellar]Indeedee-F||PsychicSeed|PsychicSurge|AlluringVoice,FollowMe,HelpingHand,TrickRoom|||F|||50|,,,,,Water]Armarouge||LifeOrb|FlashFire|ExpandingForce,HeatWave,TrickRoom,Protect|||F|||50|,,,,,Grass]Sinistcha||SitrusBerry|Hospitality|MatchaGotcha,RagePowder,LifeDew,TrickRoom||||||50|,,,,,Psychic]Ninetales-Alola||LightClay|SnowWarning|AuroraVeil,IcicleSpear,FreezeDry,Protect|||F|||50|,,,,,Fire
|inactive|Battle timer is ON: inactive players will automatically lose when time's up. (requested by Stelvius)
|inactive|AndrewsWho has 60 seconds left.
|inactive|Stelvius has 60 seconds left.
|
|t:|1756468259
|teamsize|p1|4
|teamsize|p2|4
|start
|switch|p1a: Jumpluff|Jumpluff, L50, M|100/100
|switch|p1b: Ursaluna|Ursaluna, L50, M|100/100
|switch|p2a: Annihilape|Annihilape, L50, M|100/100
|switch|p2b: Armarouge|Armarouge, L50, F|100/100
|turn|1
|
|t:|1756468277
|switch|p2a: Indeedee|Indeedee-F, L50, F|100/100
|-fieldstart|move: Psychic Terrain|[from] ability: Psychic Surge|[of] p2a: Indeedee
|-enditem|p2a: Indeedee|Psychic Seed
|-boost|p2a: Indeedee|spd|1|[from] item: Psychic Seed
|-terastallize|p2b: Armarouge|Grass
|move|p1a: Jumpluff|Sleep Powder|p2a: Indeedee|[miss]
|-miss|p1a: Jumpluff|p2a: Indeedee
|move|p1b: Ursaluna|Earthquake|p2b: Armarouge|[spread] p2a,p2b
|-immune|p1a: Jumpluff
|-crit|p2a: Indeedee
|-resisted|p2b: Armarouge
|-damage|p2a: Indeedee|36/100
|-damage|p2b: Armarouge|80/100
|move|p2b: Armarouge|Expanding Force|p1b: Ursaluna|[spread] p1a,p1b
|-damage|p1a: Jumpluff|8/100
|-damage|p1b: Ursaluna|14/100
|-damage|p2b: Armarouge|70/100|[from] item: Life Orb
|
|-status|p1b: Ursaluna|brn|[from] item: Flame Orb
|upkeep
|turn|2
|inactive|Stelvius has 30 seconds left.
|inactive|AndrewsWho has 30 seconds left.
|
|t:|1756468309
|switch|p1b: Torkoal|Torkoal, L50, F|100/100
|-weather|SunnyDay|[from] ability: Drought|[of] p1b: Torkoal
|move|p2a: Indeedee|Follow Me|p2a: Indeedee
|-singleturn|p2a: Indeedee|move: Follow Me
|move|p1a: Jumpluff|Tailwind|p1a: Jumpluff
|-sidestart|p1: AndrewsWho|move: Tailwind
|move|p2b: Armarouge|Expanding Force|p1a: Jumpluff|[spread] p1a,p1b
|-damage|p1a: Jumpluff|0 fnt
|-damage|p1b: Torkoal|0 fnt
|faint|p1a: Jumpluff
|faint|p1b: Torkoal
|-damage|p2b: Armarouge|61/100|[from] item: Life Orb
|
|-weather|SunnyDay|[upkeep]
|upkeep
|
|t:|1756468318
|switch|p1a: Ursaluna|Ursaluna, L50, M|14/100 brn
|switch|p1b: Incineroar|Incineroar, L50, M|100/100
|-ability|p1b: Incineroar|Intimidate|boost
|-unboost|p2a: Indeedee|atk|1
|-unboost|p2b: Armarouge|atk|1
|turn|3
|
|t:|1756468332
|move|p2a: Indeedee|Follow Me|p2a: Indeedee
|-singleturn|p2a: Indeedee|move: Follow Me
|move|p1b: Incineroar|Knock Off|p2a: Indeedee
|-supereffective|p2a: Indeedee
|-damage|p2a: Indeedee|0 fnt
|faint|p2a: Indeedee
|move|p1a: Ursaluna|Facade|p2b: Armarouge
|-damage|p2b: Armarouge|0 fnt
|faint|p2b: Armarouge
|
|-weather|SunnyDay|[upkeep]
|-damage|p1a: Ursaluna|9/100 brn|[from] brn
|upkeep
|
|t:|1756468345
|switch|p2a: Annihilape|Annihilape, L50, M|100/100
|switch|p2b: Sinistcha|Sinistcha, L50|100/100
|turn|4
|
|t:|1756468362
|-terastallize|p1b: Incineroar|Ghost
|move|p2b: Sinistcha|Rage Powder|p2b: Sinistcha
|-singleturn|p2b: Sinistcha|move: Rage Powder
|move|p1b: Incineroar|Flare Blitz|p2b: Sinistcha
|-supereffective|p2b: Sinistcha
|-damage|p2b: Sinistcha|0 fnt
|faint|p2b: Sinistcha
|-damage|p1b: Incineroar|71/100|[from] Recoil
|move|p1a: Ursaluna|Headlong Rush|p2a: Annihilape
|-damage|p2a: Annihilape|2/100
|-unboost|p1a: Ursaluna|def|1
|-unboost|p1a: Ursaluna|spd|1
|move|p2a: Annihilape|Drain Punch|p1b: Incineroar
|-immune|p1b: Incineroar
|
|-weather|SunnyDay|[upkeep]
|-damage|p1a: Ursaluna|3/100 brn|[from] brn
|upkeep
|turn|5
|-message|Stelvius forfeited.
|
|win|AndrewsWho
