|j|☆frostdragon750
|j|☆teyvgc
|html|frostdragon750teyvgc    
|uhtml|bestof|Game 2 of a best-of-3
|t:|1782360140
|gametype|doubles
|player|p1|frostdragon750|2|1043
|player|p2|teyvgc|rood|1125
|gen|9
|tier|[Gen 9 Champions] VGC 2026 Reg M-B (Bo3)
|rated|
|rule|Species Clause: Limit one of each Pokémon
|rule|Item Clause: Limit 1 of each item
|clearpoke
|poke|p1|Pyroar, L50, M, shiny|
|poke|p1|Whimsicott, L50, F, shiny|
|poke|p1|Ninetales, L50, M, shiny|
|poke|p1|Farigiraf, L50, F, shiny|
|poke|p1|Pinsir, L50, M, shiny|
|poke|p1|Sneasler, L50, F, shiny|
|poke|p2|Pyroar, L50, M|
|poke|p2|Ninetales, L50, M|
|poke|p2|Whimsicott, L50, M|
|poke|p2|Floette-Eternal, L50, F|
|poke|p2|Basculegion, L50, M|
|poke|p2|Farigiraf, L50, M|
|teampreview|4
|showteam|p1|Pyroar||Pyroarite|Moxie|HeatWave,ThunderFang,HyperVoice,Protect|Naive||M|||50|]Whimsicott||FairyFeather|Prankster|Protect,Tailwind,GigaDrain,Moonblast|Timid||F|||50|]Ninetales||ChoiceScarf|Drought|FakeTears,HeatWave,WeatherBall,SolarBeam|Timid||M|||50|]Farigiraf||TwistedSpoon|ArmorTail|TwinBeam,Earthquake,Thunder,HyperVoice|Quiet||F|||50|]Pinsir||Pinsirite|Moxie|GigaImpact,XScissor,Earthquake,Detect|Jolly||M|||50|]Sneasler||WhiteHerb|Unburden|DireClaw,FakeOut,Coaching,Protect|Adamant||F|||50|
|showteam|p2|Pyroar||Pyroarite|Unnerve|HeatWave,Overheat,SolarBeam,Protect|Timid||M|||50|]Ninetales||ChoiceScarf|Drought|HeatWave,Overheat,SolarBeam,FakeTears|Modest||M|||50|]Whimsicott||FocusSash|Prankster|Moonblast,Tailwind,SunnyDay,Protect|Timid||M|||50|]Floette-Eternal||Floettite|FlowerVeil|Moonblast,LightofRuin,DazzlingGleam,Protect|Modest||F|||50|]Basculegion||LifeOrb|Adaptability|WaveCrash,LastRespects,AquaJet,Protect|Adamant||M|||50|]Farigiraf||SitrusBerry|ArmorTail|Psychic,Thunderbolt,TrickRoom,HelpingHand|Bold||M|||50|
|inactive|Battle timer is ON: inactive players will automatically lose when time's up. (requested by frostdragon750)
|
|t:|1782360156
|teamsize|p1|4
|teamsize|p2|4
|start
|switch|p1a: Whimsicott|Whimsicott, L50, F, shiny|100/100
|switch|p1b: Pinsir|Pinsir, L50, M, shiny|100/100
|switch|p2a: Pyroar|Pyroar, L50, M|100/100
|switch|p2b: Whimsicott|Whimsicott, L50, M|100/100
|-ability|p2a: Pyroar|Unnerve
|turn|1
|
|t:|1782360174
|detailschange|p2a: Pyroar|Pyroar-Mega, L50, M
|-mega|p2a: Pyroar|Pyroar|Pyroarite
|move|p1b: Pinsir|Detect|p1b: Pinsir
|-singleturn|p1b: Pinsir|Protect
|move|p2b: Whimsicott|Tailwind|p2b: Whimsicott
|-sidestart|p2: teyvgc|move: Tailwind
|move|p1a: Whimsicott|Tailwind|p1a: Whimsicott
|-sidestart|p1: frostdragon750|move: Tailwind
|move|p2a: Pyroar|Heat Wave|p1b: Pinsir|[spread] p1a
|-activate|p1b: Pinsir|move: Protect
|-supereffective|p1a: Whimsicott|1
|-damage|p1a: Whimsicott|0 fnt
|faint|p1a: Whimsicott
|
|upkeep
|
|t:|1782360189
|switch|p1a: Pyroar|Pyroar, L50, M, shiny|100/100
|turn|2
|
|t:|1782360207
|switch|p1b: Ninetales|Ninetales, L50, M, shiny|100/100
|-weather|SunnyDay|[from] ability: Drought|[of] p1b: Ninetales
|detailschange|p1a: Pyroar|Pyroar-Mega, L50, M, shiny
|-mega|p1a: Pyroar|Pyroar|Pyroarite
|move|p1a: Pyroar|Heat Wave|p2b: Whimsicott|[spread] p2a,p2b
|-resisted|p2a: Pyroar|1
|-supereffective|p2b: Whimsicott|1
|-damage|p2a: Pyroar|53/100
|-enditem|p2b: Whimsicott|Focus Sash
|-damage|p2b: Whimsicott|1/100
|move|p2a: Pyroar|Heat Wave|p1b: Ninetales|[spread] p1a,p1b
|-resisted|p1a: Pyroar|1
|-resisted|p1b: Ninetales|1
|-damage|p1a: Pyroar|45/100
|-damage|p1b: Ninetales|53/100
|move|p2b: Whimsicott|Moonblast|p1b: Ninetales
|-resisted|p1b: Ninetales|1
|-damage|p1b: Ninetales|33/100
|
|-weather|SunnyDay|[upkeep]
|upkeep
|turn|3
|inactive|teyvgc has 30 seconds left.
|
|t:|1782360240
|move|p2a: Pyroar|Protect|p2a: Pyroar
|-singleturn|p2a: Pyroar|Protect
|move|p1b: Ninetales|Heat Wave|p2a: Pyroar|[spread] p2b
|-activate|p2a: Pyroar|move: Protect
|-supereffective|p2b: Whimsicott|1
|-damage|p2b: Whimsicott|0 fnt
|faint|p2b: Whimsicott
|move|p1a: Pyroar|Heat Wave|p2a: Pyroar
|-activate|p2a: Pyroar|move: Protect
|
|-weather|SunnyDay|[upkeep]
|upkeep
|
|t:|1782360244
|switch|p2b: Basculegion|Basculegion, L50, M|100/100
|turn|4
|
|t:|1782360266
|switch|p2a: Farigiraf|Farigiraf, L50, M|100/100
|move|p1b: Ninetales|Heat Wave|p2a: Farigiraf|[spread] p2a,p2b
|-resisted|p2b: Basculegion|1
|-damage|p2a: Farigiraf|63/100
|-damage|p2b: Basculegion|76/100
|move|p1a: Pyroar|Heat Wave|p2a: Farigiraf|[spread] p2a,p2b
|-resisted|p2b: Basculegion|1
|-damage|p2a: Farigiraf|0 fnt
|-damage|p2b: Basculegion|27/100
|faint|p2a: Farigiraf
|move|p2b: Basculegion|Wave Crash|p1a: Pyroar
|-supereffective|p1a: Pyroar|1
|-damage|p1a: Pyroar|0 fnt
|faint|p1a: Pyroar
|-damage|p2b: Basculegion|15/100|[from] Recoil
|-damage|p2b: Basculegion|5/100|[from] item: Life Orb
|
|-weather|SunnyDay|[upkeep]
|-sideend|p1: frostdragon750|move: Tailwind
|-sideend|p2: teyvgc|move: Tailwind
|upkeep
|
|t:|1782360285
|switch|p1a: Pinsir|Pinsir, L50, M, shiny|100/100
|switch|p2a: Pyroar|Pyroar-Mega, L50, M|53/100
|turn|5
|
|t:|1782360305
|move|p2b: Basculegion|Aqua Jet|p1b: Ninetales
|-supereffective|p1b: Ninetales|1
|-damage|p1b: Ninetales|0 fnt
|faint|p1b: Ninetales
|-damage|p2b: Basculegion|0 fnt|[from] item: Life Orb
|faint|p2b: Basculegion
|move|p2a: Pyroar|Heat Wave|p1a: Pinsir
|-supereffective|p1a: Pinsir|1
|-damage|p1a: Pinsir|0 fnt
|faint|p1a: Pinsir
|
|win|teyvgc
