|j|☆kojay
|j|☆Scottedstone
|html|kojayScottedstone    
|uhtml|bestof|Game 1 of a best-of-3
|t:|1756826038
|gametype|doubles
|player|p1|kojay|kamado-armor|1085
|player|p2|Scottedstone|1|1133
|gen|9
|tier|[Gen 9] VGC 2025 Reg H (Bo3)
|rated|
|rule|Species Clause: Limit one of each Pokémon
|rule|Item Clause: Limit 1 of each item
|clearpoke
|poke|p1|Garchomp, L50, F|
|poke|p1|Sneasler, L50, F|
|poke|p1|Incineroar, L50, M|
|poke|p1|Dragonite, L50, F|
|poke|p1|Gholdengo, L50|
|poke|p1|Vivillon, L50, F|
|poke|p2|Pelipper, L50, M|
|poke|p2|Basculegion, L50, M|
|poke|p2|Archaludon, L50, M|
|poke|p2|Sneasler, L50, F|
|poke|p2|Indeedee, L50, M|
|poke|p2|Amoonguss, L50, F|
|teampreview|4
|showteam|p1|Garchomp||LifeOrb|RoughSkin|Earthquake,DragonClaw,StompingTantrum,Protect|||F|||50|,,,,,Ground]Sneasler||WhiteHerb|Unburden|Coaching,Protect,DireClaw,CloseCombat|||F|||50|,,,,,Ghost]Incineroar||SafetyGoggles|Intimidate|FakeOut,FlareBlitz,KnockOff,PartingShot|||M|||50|,,,,,Ghost]Dragonite||LoadedDice|InnerFocus|TeraBlast,ScaleShot,Tailwind,Protect|||F|||50|,,,,,Flying]Gholdengo||ChoiceScarf|GoodasGold|MakeItRain,ShadowBall,Trick,Thunderbolt||||||50|,,,,,Steel]Vivillon||FocusSash|CompoundEyes|Hurricane,SleepPowder,RagePowder,Protect|||F|||50|,,,,,Ghost
|showteam|p2|Pelipper||FocusSash|Drizzle|Hurricane,WeatherBall,Tailwind,Protect|||M|||50|,,,,,Stellar]Basculegion||LifeOrb|SwiftSwim|WaveCrash,LastRespects,AquaJet,Protect|||M|||50|,,,,,Water]Archaludon||AssaultVest|Stamina|DragonPulse,FlashCannon,ElectroShot,BodyPress|||M|||50|,,,,,Grass]Sneasler||PsychicSeed|Unburden|DireClaw,CloseCombat,ThroatChop,Protect|||F|||50|,,,,,Dark]Indeedee||ChoiceScarf|PsychicSurge|ExpandingForce,TeraBlast,Protect,Trick|||M|||50|,,,,,Psychic]Amoonguss||SitrusBerry|Regenerator|PollenPuff,RagePowder,Spore,Protect|||F|||50|,,,,,Water
|inactive|Battle timer is ON: inactive players will automatically lose when time's up. (requested by Scottedstone)
|inactive|kojay has 60 seconds left.
|
|t:|1756826092
|teamsize|p1|4
|teamsize|p2|4
|start
|switch|p1a: Vivillon|Vivillon, L50, F|100/100
|switch|p1b: Dragonite|Dragonite, L50, F, shiny|100/100
|switch|p2a: Sneasler|Sneasler, L50, F|100/100
|switch|p2b: Indeedee|Indeedee, L50, M|100/100
|-fieldstart|move: Psychic Terrain|[from] ability: Psychic Surge|[of] p2b: Indeedee
|-enditem|p2a: Sneasler|Psychic Seed
|-boost|p2a: Sneasler|spd|1|[from] item: Psychic Seed
|turn|1
|inactive|kojay has 30 seconds left.
|
|t:|1756826124
|-terastallize|p2b: Indeedee|Psychic
|move|p1a: Vivillon|Protect|p1a: Vivillon
|-singleturn|p1a: Vivillon|Protect
|move|p2a: Sneasler|Dire Claw|p1a: Vivillon
|-activate|p1a: Vivillon|move: Protect
|move|p2b: Indeedee|Expanding Force|p1a: Vivillon|[spread] p1b
|-activate|p1a: Vivillon|move: Protect
|-damage|p1b: Dragonite|13/100
|move|p1b: Dragonite|Tailwind|p1b: Dragonite
|-sidestart|p1: kojay|move: Tailwind
|
|upkeep
|turn|2
|inactive|kojay has 30 seconds left.
|inactive|kojay has 20 seconds left.
|inactive|kojay has 15 seconds left.
|inactive|kojay has 10 seconds left.
|
|t:|1756826171
|move|p2a: Sneasler|Dire Claw|p1a: Vivillon
|-damage|p1a: Vivillon|15/100
|move|p1a: Vivillon|Sleep Powder|p2b: Indeedee
|-status|p2b: Indeedee|slp|[from] move: Sleep Powder
|move|p1b: Dragonite|Scale Shot|p2a: Sneasler
|-damage|p2a: Sneasler|76/100
|-damage|p2a: Sneasler|51/100
|-damage|p2a: Sneasler|29/100
|-damage|p2a: Sneasler|6/100
|-damage|p2a: Sneasler|0 fnt
|faint|p2a: Sneasler
|-hitcount|p2: Sneasler|5
|-unboost|p1b: Dragonite|def|1
|-boost|p1b: Dragonite|spe|1
|cant|p2b: Indeedee|slp
|
|upkeep
|
|t:|1756826178
|switch|p2a: Basculegion|Basculegion, L50, M|100/100
|turn|3
|inactive|kojay has 30 seconds left.
|inactive|kojay has 20 seconds left.
|inactive|kojay has 15 seconds left.
|
|t:|1756826219
|switch|p2b: Pelipper|Pelipper, L50, M|100/100
|-weather|RainDance|[from] ability: Drizzle|[of] p2b: Pelipper
|move|p1b: Dragonite|Scale Shot|p2b: Pelipper
|-crit|p2b: Pelipper
|-damage|p2b: Pelipper|69/100
|-damage|p2b: Pelipper|48/100
|-damage|p2b: Pelipper|29/100
|-damage|p2b: Pelipper|9/100
|-damage|p2b: Pelipper|0 fnt
|faint|p2b: Pelipper
|-hitcount|p2: Pelipper|5
|-unboost|p1b: Dragonite|def|1
|-boost|p1b: Dragonite|spe|1
|move|p1a: Vivillon|Hurricane|p2a: Basculegion
|-damage|p2a: Basculegion|51/100
|move|p2a: Basculegion|Wave Crash|p1b: Dragonite
|-resisted|p1b: Dragonite
|-damage|p1b: Dragonite|0 fnt
|faint|p1b: Dragonite
|-damage|p2a: Basculegion|47/100|[from] Recoil
|-damage|p2a: Basculegion|38/100|[from] item: Life Orb
|
|-weather|RainDance|[upkeep]
|upkeep
|inactive|kojay has 30 seconds left.
|
|t:|1756826248
|switch|p1b: Gholdengo|Gholdengo, L50|100/100
|switch|p2b: Indeedee|Indeedee, L50, M, tera:Psychic|100/100 slp
|turn|4
|
|t:|1756826261
|-terastallize|p1b: Gholdengo|Steel
|move|p1a: Vivillon|Protect|p1a: Vivillon
|-singleturn|p1a: Vivillon|Protect
|move|p2a: Basculegion|Aqua Jet|p1a: Vivillon
|-hint|Psychic Terrain doesn't affect Pokémon immune to Ground.
|-activate|p1a: Vivillon|move: Protect
|move|p1b: Gholdengo|Make It Rain|p2a: Basculegion|[spread] p2a,p2b
|-resisted|p2a: Basculegion
|-damage|p2a: Basculegion|0 fnt
|-damage|p2b: Indeedee|2/100 slp
|-unboost|p1b: Gholdengo|spa|1
|faint|p2a: Basculegion
|cant|p2b: Indeedee|slp
|
|-weather|RainDance|[upkeep]
|-sideend|p1: kojay|move: Tailwind
|upkeep
|turn|5
|-message|Scottedstone forfeited.
|
|win|kojay
