|j|☆mbtunst
|j|☆freudianbreath
|html|mbtunstfreudianbreath    
|uhtml|bestof|Game 1 of a best-of-3
|t:|1785269530
|gametype|doubles
|player|p1|mbtunst|2|1016
|player|p2|freudianbreath|170|1022
|gen|9
|tier|[Gen 9 Champions] VGC 2026 Reg M-B (Bo3)
|rated|
|rule|Species Clause: Limit one of each Pokémon
|rule|Item Clause: Limit 1 of each item
|clearpoke
|poke|p1|Metagross, L50, shiny|
|poke|p1|Talonflame, L50, F|
|poke|p1|Grimmsnarl, L50, M|
|poke|p1|Primarina, L50, M|
|poke|p1|Slowking-Galar, L50, F|
|poke|p1|Rotom-Wash, L50|
|poke|p2|Whimsicott, L50, M|
|poke|p2|Tyranitar, L50, M|
|poke|p2|Grimmsnarl, L50, M|
|poke|p2|Kingambit, L50, M|
|poke|p2|Farigiraf, L50, F|
|poke|p2|Pelipper, L50, F|
|teampreview|4
|showteam|p1|Metagross||Metagrossite|ClearBody|IronDefense,BodyPress,MeteorMash,ZenHeadbutt|Impish|||||50|]Talonflame||FocusSash|GaleWings|Tailwind,WillOWisp,BraveBird,Uturn|Jolly||F|||50|]Grimmsnarl||LightClay|Prankster|PartingShot,LightScreen,Reflect,SpiritBreak|Careful||M|||50|]Primarina||LifeOrb|LiquidVoice|CalmMind,DrainingKiss,HyperVoice,EnergyBall|Timid||M|||50|]Slowking-Galar||Leftovers|Regenerator|HealPulse,AcidSpray,RainDance,TrickRoom|Relaxed||F|||50|]Rotom-Wash||ChoiceScarf|Levitate|VoltSwitch,HydroPump,WillOWisp,Trick|Timid|||||50|
|showteam|p2|Whimsicott||SitrusBerry|Prankster|Moonblast,Encore,Tailwind,Protect|Bold||M|||50|]Tyranitar||Tyranitarite|SandStream|DragonDance,LowKick,Crunch,RockSlide|Adamant||M|||50|]Grimmsnarl||LightClay|Prankster|Reflect,LightScreen,SpiritBreak,BrickBreak|Adamant||M|||50|]Kingambit||OccaBerry|Defiant|KowtowCleave,SwordsDance,SuckerPunch,Protect|Adamant||M|||50|]Farigiraf||ColburBerry|ArmorTail|HelpingHand,TrickRoom,Psychic,Thunderbolt|Relaxed||F|||50|]Pelipper||LifeOrb|Drizzle|Tailwind,Hurricane,WeatherBall,HydroPump|Modest||F|||50|
|inactive|Battle timer is ON: inactive players will automatically lose when time's up. (requested by mbtunst)
|inactive|freudianbreath has 60 seconds left.
|inactive|freudianbreath has 30 seconds left.
|inactive|freudianbreath has 20 seconds left.
|inactive|freudianbreath has 15 seconds left.
|inactive|freudianbreath has 10 seconds left.
|inactive|freudianbreath has 5 seconds left.
|
|t:|1785269664
|teamsize|p1|4
|teamsize|p2|4
|start
|switch|p1a: Grimmsnarl|Grimmsnarl, L50, M|100/100
|switch|p1b: Talonflame|Talonflame, L50, F|100/100
|switch|p2a: Tyranitar|Tyranitar, L50, M|100/100
|switch|p2b: Whimsicott|Whimsicott, L50, M|100/100
|-weather|Sandstorm|[from] ability: Sand Stream|[of] p2a: Tyranitar
|turn|1
|inactive|freudianbreath has 30 seconds left.
|inactive|freudianbreath has 20 seconds left.
|inactive|freudianbreath has 15 seconds left.
|inactive|freudianbreath has 10 seconds left.
|inactive|freudianbreath has 5 seconds left.
|
|t:|1785269715
|switch|p2a: Pelipper|Pelipper, L50, F|100/100
|-weather|RainDance|[from] ability: Drizzle|[of] p2a: Pelipper
|move|p2b: Whimsicott|Protect|p2b: Whimsicott
|-singleturn|p2b: Whimsicott|Protect
|move|p1a: Grimmsnarl|Reflect|p1a: Grimmsnarl
|-sidestart|p1: mbtunst|Reflect
|move|p1b: Talonflame|Will-O-Wisp|p2a: Pelipper
|-status|p2a: Pelipper|brn
|
|-weather|RainDance|[upkeep]
|-damage|p2a: Pelipper|94/100 brn|[from] brn
|upkeep
|turn|2
|inactive|freudianbreath has 30 seconds left.
|inactive|freudianbreath has 20 seconds left.
|
|t:|1785269751
|move|p2b: Whimsicott|Encore|p1b: Talonflame
|-start|p1b: Talonflame|Encore
|move|p1a: Grimmsnarl|Reflect||[still]
|-fail|p1a: Grimmsnarl
|move|p1b: Talonflame|Will-O-Wisp|p2b: Whimsicott
|-status|p2b: Whimsicott|brn
|move|p2a: Pelipper|Weather Ball|p1b: Talonflame
|-supereffective|p1b: Talonflame|1
|-crit|p1b: Talonflame
|-enditem|p1b: Talonflame|Focus Sash
|-damage|p1b: Talonflame|1/100
|-damage|p2a: Pelipper|84/100 brn|[from] item: Life Orb
|
|-weather|RainDance|[upkeep]
|-damage|p2b: Whimsicott|94/100 brn|[from] brn
|-damage|p2a: Pelipper|78/100 brn|[from] brn
|upkeep
|turn|3
|inactive|freudianbreath has 30 seconds left.
|inactive|freudianbreath has 20 seconds left.
|inactive|freudianbreath has 15 seconds left.
|inactive|freudianbreath has 10 seconds left.
|inactive|freudianbreath has 5 seconds left.
|
|t:|1785269803
|switch|p1b: Primarina|Primarina, L50, M|100/100
|move|p2b: Whimsicott|Tailwind|p2b: Whimsicott
|-sidestart|p2: freudianbreath|move: Tailwind
|move|p1a: Grimmsnarl|Light Screen|p1a: Grimmsnarl
|-sidestart|p1: mbtunst|move: Light Screen
|move|p2a: Pelipper|Weather Ball|p1b: Primarina
|-resisted|p1b: Primarina|1
|-damage|p1b: Primarina|70/100
|-damage|p2a: Pelipper|68/100 brn|[from] item: Life Orb
|
|-weather|RainDance|[upkeep]
|-damage|p2b: Whimsicott|88/100 brn|[from] brn
|-damage|p2a: Pelipper|62/100 brn|[from] brn
|upkeep
|turn|4
|inactive|freudianbreath has 30 seconds left.
|inactive|mbtunst has 30 seconds left.
|
|t:|1785269835
|move|p2b: Whimsicott|Protect|p2b: Whimsicott
|-singleturn|p2b: Whimsicott|Protect
|move|p1a: Grimmsnarl|Parting Shot|p2a: Pelipper
|-unboost|p2a: Pelipper|atk|1
|-unboost|p2a: Pelipper|spa|1
|
|t:|1785269841
|switch|p1a: Talonflame|Talonflame, L50, F|1/100|[from] Parting Shot
|move|p2a: Pelipper|Hurricane|p1b: Primarina
|-damage|p1b: Primarina|40/100
|-damage|p2a: Pelipper|53/100 brn|[from] item: Life Orb
|move|p1b: Primarina|Hyper Voice|p2b: Whimsicott|[spread] p2a
|-activate|p2b: Whimsicott|move: Protect
|-resisted|p2a: Pelipper|1
|-damage|p2a: Pelipper|4/100 brn
|-damage|p1b: Primarina|31/100|[from] item: Life Orb
|
|-weather|RainDance|[upkeep]
|-damage|p2b: Whimsicott|82/100 brn|[from] brn
|-damage|p2a: Pelipper|0 fnt|[from] brn
|faint|p2a: Pelipper
|upkeep
|
|t:|1785269862
|switch|p2a: Tyranitar|Tyranitar, L50, M|100/100
|-weather|Sandstorm|[from] ability: Sand Stream|[of] p2a: Tyranitar
|turn|5
|inactive|freudianbreath has 30 seconds left.
|inactive|freudianbreath has 20 seconds left.
|
|t:|1785269898
|detailschange|p2a: Tyranitar|Tyranitar-Mega, L50, M
|-mega|p2a: Tyranitar|Tyranitar|Tyranitarite
|move|p2b: Whimsicott|Moonblast|p1a: Talonflame
|-resisted|p1a: Talonflame|1
|-damage|p1a: Talonflame|0 fnt
|faint|p1a: Talonflame
|move|p2a: Tyranitar|Rock Slide|p1b: Primarina
|-damage|p1b: Primarina|0 fnt
|faint|p1b: Primarina
|
|-weather|Sandstorm|[upkeep]
|-damage|p2b: Whimsicott|76/100 brn|[from] Sandstorm
|-damage|p2b: Whimsicott|70/100 brn|[from] brn
|upkeep
|inactive|mbtunst has 30 seconds left.
|
|t:|1785269923
|switch|p1a: Metagross|Metagross, L50, shiny|100/100
|switch|p1b: Grimmsnarl|Grimmsnarl, L50, M|100/100
|turn|6
|inactive|freudianbreath has 30 seconds left.
|inactive|mbtunst has 30 seconds left.
|inactive|freudianbreath has 20 seconds left.
|inactive|freudianbreath has 15 seconds left.
|inactive|freudianbreath has 10 seconds left.
|inactive|freudianbreath has 5 seconds left.
|
|t:|1785269975
|detailschange|p1a: Metagross|Metagross-Mega, L50, shiny
|-mega|p1a: Metagross|Metagross|Metagrossite
|move|p2b: Whimsicott|Protect|p2b: Whimsicott
|-singleturn|p2b: Whimsicott|Protect
|move|p2a: Tyranitar|Crunch|p1a: Metagross
|-supereffective|p1a: Metagross|1
|-damage|p1a: Metagross|52/100
|move|p1a: Metagross|Meteor Mash|p2a: Tyranitar
|-supereffective|p2a: Tyranitar|1
|-damage|p2a: Tyranitar|20/100y
|move|p1b: Grimmsnarl|Spirit Break|p2a: Tyranitar
|-supereffective|p2a: Tyranitar|1
|-damage|p2a: Tyranitar|0 fnt
|faint|p2a: Tyranitar
|
|-weather|Sandstorm|[upkeep]
|-damage|p2b: Whimsicott|64/100 brn|[from] Sandstorm
|-damage|p1b: Grimmsnarl|94/100|[from] Sandstorm
|-damage|p2b: Whimsicott|58/100 brn|[from] brn
|-sideend|p2: freudianbreath|move: Tailwind
|upkeep
|
|t:|1785269988
|switch|p2a: Kingambit|Kingambit, L50, M|100/100
|turn|7
|inactive|freudianbreath has 30 seconds left.
|
|t:|1785270021
|move|p2b: Whimsicott|Encore|p1a: Metagross
|-start|p1a: Metagross|Encore
|move|p1a: Metagross|Meteor Mash|p2a: Kingambit
|-resisted|p2a: Kingambit|1
|-damage|p2a: Kingambit|78/100
|move|p1b: Grimmsnarl|Spirit Break|p2a: Kingambit
|-damage|p2a: Kingambit|55/100
|-unboost|p2a: Kingambit|spa|1
|-ability|p2a: Kingambit|Defiant|boost
|-boost|p2a: Kingambit|atk|2
|move|p2a: Kingambit|Kowtow Cleave|p1a: Metagross
|-supereffective|p1a: Metagross|1
|-damage|p1a: Metagross|0 fnt
|faint|p1a: Metagross
|
|-weather|Sandstorm|[upkeep]
|-damage|p2b: Whimsicott|52/100 brn|[from] Sandstorm
|-damage|p1b: Grimmsnarl|88/100|[from] Sandstorm
|-damage|p2b: Whimsicott|46/100 brn|[from] brn
|upkeep
|-enditem|p2b: Whimsicott|Sitrus Berry|[eat]
|-heal|p2b: Whimsicott|70/100 brn|[from] item: Sitrus Berry
|turn|8
|-message|mbtunst forfeited.
|raw|mbtunst's rating: 1016 → 1004(-12 for losing)
|raw|freudianbreath's rating: 1022 → 1058(+36 for winning)
|
|win|freudianbreath
|l|☆mbtunst
|player|p1|
