|j|☆ToneryX
|j|☆testdigi
|html|ToneryXtestdigi    
|uhtml|bestof|Game 3 of a best-of-3
|t:|1784902866
|gametype|doubles
|player|p1|ToneryX|170|1151
|player|p2|testdigi|101|1113
|gen|9
|tier|[Gen 9 Champions] VGC 2026 Reg M-B (Bo3)
|rated|
|rule|Species Clause: Limit one of each Pokémon
|rule|Item Clause: Limit 1 of each item
|clearpoke
|poke|p1|Charizard, L50, F|
|poke|p1|Garchomp, L50, M|
|poke|p1|Sylveon, L50, M|
|poke|p1|Farigiraf, L50, F|
|poke|p1|Kingambit, L50, F|
|poke|p1|Aerodactyl, L50, M|
|poke|p2|Raichu, L50, M|
|poke|p2|Sinistcha, L50|
|poke|p2|Corviknight, L50, F|
|poke|p2|Sylveon, L50, F|
|poke|p2|Garchomp, L50, M|
|poke|p2|Tyranitar, L50, F|
|teampreview|4
|showteam|p1|Charizard||CharizarditeY|Blaze|Protect,HeatWave,WeatherBall,SolarBeam|Modest||F|||50|]Garchomp||LifeOrb|RoughSkin|Protect,DragonClaw,StompingTantrum,Earthquake|Jolly||M|||50|]Sylveon||FairyFeather|Pixilate|Detect,QuickAttack,HyperVoice,HyperBeam|Modest||M|||50|]Farigiraf||SitrusBerry|ArmorTail|TwinBeam,Thunderbolt,Roar,TrickRoom|Bold||F|||50|]Kingambit||FocusSash|Defiant|KowtowCleave,IronHead,SuckerPunch,LowKick|Adamant||F|||50|]Aerodactyl||Aerodactylite|Unnerve|RockSlide,DualWingbeat,IceFang,Tailwind|Jolly||M|||50|
|showteam|p2|Raichu||RaichuniteY|LightningRod|ZapCannon,FocusBlast,FakeOut,Protect|Timid||M|||50|]Sinistcha||KasibBerry|Hospitality|MatchaGotcha,ShadowBall,RagePowder,Protect|Modest|||||50|]Corviknight||Leftovers|MirrorArmor|IronHead,BraveBird,Tailwind,Protect|Adamant||F|||50|]Sylveon||FairyFeather|Pixilate|HyperVoice,QuickAttack,Yawn,Detect|Modest||F|||50|]Garchomp||SitrusBerry|RoughSkin|DragonClaw,StompingTantrum,RockSlide,Protect|Adamant||M|||50|]Tyranitar||FocusSash|SandStream|RockSlide,KnockOff,Superpower,Protect|Adamant||F|||50|
|
|t:|1784902891
|teamsize|p1|4
|teamsize|p2|4
|start
|switch|p1a: Aerodactyl|Aerodactyl, L50, M|100/100
|switch|p1b: Kingambit|Kingambit, L50, F|100/100
|switch|p2a: Corviknight|Corviknight, L50, F|100/100
|switch|p2b: Raichu|Raichu, L50, M|100/100
|-ability|p1a: Aerodactyl|Unnerve
|turn|1
|
|t:|1784902912
|switch|p1a: Garchomp|Garchomp, L50, M|100/100
|detailschange|p2b: Raichu|Raichu-Mega-Y, L50, M
|-mega|p2b: Raichu|Raichu|Raichunite Y
|move|p2b: Raichu|Protect|p2b: Raichu
|-singleturn|p2b: Raichu|Protect
|move|p2a: Corviknight|Tailwind|p2a: Corviknight
|-sidestart|p2: testdigi|move: Tailwind
|move|p1b: Kingambit|Kowtow Cleave|p2b: Raichu
|-activate|p2b: Raichu|move: Protect
|
|upkeep
|turn|2
|
|t:|1784902942
|move|p2b: Raichu|Focus Blast|p1b: Kingambit
|-supereffective|p1b: Kingambit|2
|-enditem|p1b: Kingambit|Focus Sash
|-damage|p1b: Kingambit|1/100
|move|p2a: Corviknight|Iron Head|p1b: Kingambit
|-resisted|p1b: Kingambit|1
|-damage|p1b: Kingambit|0 fnt
|faint|p1b: Kingambit
|move|p1a: Garchomp|Dragon Claw|p2b: Raichu
|-damage|p2b: Raichu|8/100
|-damage|p1a: Garchomp|90/100|[from] item: Life Orb
|
|upkeep
|
|t:|1784902952
|switch|p1b: Farigiraf|Farigiraf, L50, F|100/100
|turn|3
|
|t:|1784902963
|move|p1a: Garchomp|Protect|p1a: Garchomp
|-singleturn|p1a: Garchomp|Protect
|move|p2b: Raichu|Zap Cannon|p1b: Farigiraf
|-crit|p1b: Farigiraf
|-damage|p1b: Farigiraf|11/100
|-status|p1b: Farigiraf|par
|-enditem|p1b: Farigiraf|Sitrus Berry|[eat]
|-heal|p1b: Farigiraf|36/100 par|[from] item: Sitrus Berry
|move|p2a: Corviknight|Iron Head|p1a: Garchomp
|-activate|p1a: Garchomp|move: Protect
|move|p1b: Farigiraf|Trick Room|p1b: Farigiraf
|-fieldstart|move: Trick Room|[of] p1b: Farigiraf
|
|upkeep
|turn|4
|
|t:|1784902976
|move|p2b: Raichu|Protect|p2b: Raichu
|-singleturn|p2b: Raichu|Protect
|move|p1a: Garchomp|Dragon Claw|p2b: Raichu
|-activate|p2b: Raichu|move: Protect
|move|p2a: Corviknight|Brave Bird|p1b: Farigiraf
|-damage|p1b: Farigiraf|0 fnt
|faint|p1b: Farigiraf
|-damage|p2a: Corviknight|85/100|[from] Recoil
|
|-heal|p2a: Corviknight|92/100|[from] item: Leftovers
|-sideend|p2: testdigi|move: Tailwind
|upkeep
|
|t:|1784902979
|switch|p1b: Aerodactyl|Aerodactyl, L50, M|100/100
|-ability|p1b: Aerodactyl|Unnerve
|turn|5
|
|t:|1784902999
|switch|p2b: Tyranitar|Tyranitar, L50, F|100/100
|-weather|Sandstorm|[from] ability: Sand Stream|[of] p2b: Tyranitar
|detailschange|p1b: Aerodactyl|Aerodactyl-Mega, L50, M
|-mega|p1b: Aerodactyl|Aerodactyl|Aerodactylite
|move|p2a: Corviknight|Iron Head|p1b: Aerodactyl
|-supereffective|p1b: Aerodactyl|1
|-damage|p1b: Aerodactyl|18/100
|move|p1a: Garchomp|Dragon Claw|p2a: Corviknight
|-resisted|p2a: Corviknight|1
|-crit|p2a: Corviknight
|-damage|p2a: Corviknight|56/100
|-damage|p1a: Garchomp|80/100|[from] item: Life Orb
|move|p1b: Aerodactyl|Rock Slide|p2a: Corviknight|[spread] p2a,p2b
|-damage|p2a: Corviknight|34/100
|-damage|p2b: Tyranitar|73/100
|
|-weather|Sandstorm|[upkeep]
|-heal|p2a: Corviknight|41/100|[from] item: Leftovers
|upkeep
|turn|6
|
|t:|1784903019
|move|p2a: Corviknight|Iron Head|p1b: Aerodactyl
|-supereffective|p1b: Aerodactyl|1
|-damage|p1b: Aerodactyl|0 fnt
|faint|p1b: Aerodactyl
|move|p2b: Tyranitar|Knock Off|p1a: Garchomp
|-damage|p1a: Garchomp|34/100
|-damage|p2b: Tyranitar|61/100|[from] ability: Rough Skin|[of] p1a: Garchomp
|-enditem|p1a: Garchomp|Life Orb|[from] move: Knock Off|[of] p2b: Tyranitar
|move|p1a: Garchomp|Dragon Claw|p2a: Corviknight
|-resisted|p2a: Corviknight|1
|-damage|p2a: Corviknight|22/100
|
|-weather|Sandstorm|[upkeep]
|-heal|p2a: Corviknight|29/100|[from] item: Leftovers
|upkeep
|turn|7
|c|☆ToneryX|gg
|
|t:|1784903036
|move|p2a: Corviknight|Brave Bird|p1a: Garchomp
|-damage|p1a: Garchomp|0 fnt
|-damage|p2a: Corviknight|16/100|[from] ability: Rough Skin|[of] p1a: Garchomp
|faint|p1a: Garchomp
|-damage|p2a: Corviknight|5/100|[from] Recoil
|
|win|testdigi
