|j|☆playrornds
|j|☆sjeba
|html|playrorndssjeba    
|uhtml|bestof|Game 1 of a best-of-3
|t:|1756563266
|gametype|doubles
|player|p1|playrornds|giovanni-gen1rb|1143
|player|p2|sjeba|170|1139
|gen|9
|tier|[Gen 9] VGC 2025 Reg H (Bo3)
|rated|
|rule|Species Clause: Limit one of each Pokémon
|rule|Item Clause: Limit 1 of each item
|clearpoke
|poke|p1|Gholdengo, L50|
|poke|p1|Kilowattrel, L50, F|
|poke|p1|Ursaluna, L50, M|
|poke|p1|Porygon2, L50|
|poke|p1|Incineroar, L50, M|
|poke|p1|Amoonguss, L50, F|
|poke|p2|Volcarona, L50, M|
|poke|p2|Rillaboom, L50, M|
|poke|p2|Ninetales, L50, M|
|poke|p2|Gholdengo, L50|
|poke|p2|Clefairy, L50, F|
|poke|p2|Sneasler, L50, M|
|teampreview|4
|showteam|p1|Gholdengo||LifeOrb|GoodasGold|MakeItRain,ShadowBall,NastyPlot,Protect||||||50|,,,,,Flying]Kilowattrel||FocusSash|Competitive|Thunderbolt,AirSlash,Tailwind,Protect|||F|||50|,,,,,Ghost]Ursaluna||FlameOrb|Guts|Facade,HeadlongRush,Earthquake,Protect|||M|||50|,,,,,Fairy]Porygon2||Eviolite|Download|TeraBlast,IceBeam,Recover,TrickRoom||||||50|,,,,,Fighting]Incineroar||AssaultVest|Intimidate|FakeOut,FlareBlitz,KnockOff,Uturn|||M|||50|,,,,,Grass]Amoonguss||SitrusBerry|Regenerator|SludgeBomb,Spore,RagePowder,Protect|||F|||50|,,,,,Water
|showteam|p2|Volcarona||Leftovers|FlameBody|FieryDance,GigaDrain,QuiverDance,Protect|||M|||50|,,,,,Grass]Rillaboom||AssaultVest|GrassySurge|FakeOut,WoodHammer,GrassyGlide,HighHorsepower|||M|||50|,,,,,Fire]Ninetales||FocusSash|Drought|Overheat,Encore,SolarBeam,Protect|||M|||50|,,,,,Fire]Gholdengo||LifeOrb|GoodasGold|MakeItRain,ShadowBall,NastyPlot,Protect||||||50|,,,,,Water]Clefairy||Eviolite|FriendGuard|FollowMe,AfterYou,IcyWind,Protect|||F|||50|,,,,,Grass]Sneasler||GrassySeed|Unburden|CloseCombat,DireClaw,ThroatChop,Protect|||M|||50|,,,,,Dark
|inactive|Battle timer is ON: inactive players will automatically lose when time's up. (requested by playrornds)
|inactive|sjeba has 60 seconds left.
|
|t:|1756563327
|teamsize|p1|4
|teamsize|p2|4
|start
|switch|p1a: Incineroar|Incineroar, L50, M|100/100
|switch|p1b: Porygon2|Porygon2, L50|100/100
|switch|p2a: Clefairy|Clefairy, L50, F|100/100
|switch|p2b: Volcarona|Volcarona, L50, M|100/100
|-ability|p1a: Incineroar|Intimidate|boost
|-unboost|p2a: Clefairy|atk|1
|-unboost|p2b: Volcarona|atk|1
|-ability|p1b: Porygon2|Download|boost
|-boost|p1b: Porygon2|atk|1
|turn|1
|inactive|playrornds has 30 seconds left.
|
|t:|1756563359
|move|p2a: Clefairy|Follow Me|p2a: Clefairy
|-singleturn|p2a: Clefairy|move: Follow Me
|move|p2b: Volcarona|Quiver Dance|p2b: Volcarona
|-boost|p2b: Volcarona|spa|1
|-boost|p2b: Volcarona|spd|1
|-boost|p2b: Volcarona|spe|1
|move|p1a: Incineroar|U-turn|p2a: Clefairy
|-resisted|p2a: Clefairy
|-damage|p2a: Clefairy|93/100
|
|t:|1756563363
|switch|p1a: Ursaluna|Ursaluna, L50, M|100/100|[from] U-turn
|move|p1b: Porygon2|Trick Room|p1b: Porygon2
|-fieldstart|move: Trick Room|[of] p1b: Porygon2
|
|-status|p1a: Ursaluna|brn|[from] item: Flame Orb
|upkeep
|turn|2
|
|t:|1756563380
|move|p2a: Clefairy|Protect|p2a: Clefairy
|-singleturn|p2a: Clefairy|Protect
|move|p2b: Volcarona|Protect|p2b: Volcarona
|-singleturn|p2b: Volcarona|Protect
|move|p1b: Porygon2|Ice Beam|p2b: Volcarona
|-activate|p2b: Volcarona|move: Protect
|move|p1a: Ursaluna|Earthquake|p2a: Clefairy|[spread] p1b
|-activate|p2a: Clefairy|move: Protect
|-activate|p2b: Volcarona|move: Protect
|-damage|p1b: Porygon2|62/100
|
|-damage|p1a: Ursaluna|95/100 brn|[from] brn
|upkeep
|turn|3
|
|t:|1756563391
|-terastallize|p2b: Volcarona|Grass
|move|p2a: Clefairy|Follow Me|p2a: Clefairy
|-singleturn|p2a: Clefairy|move: Follow Me
|move|p1b: Porygon2|Ice Beam|p2a: Clefairy
|-damage|p2a: Clefairy|76/100
|move|p1a: Ursaluna|Earthquake|p2a: Clefairy|[spread] p1b,p2a,p2b
|-resisted|p2b: Volcarona
|-damage|p1b: Porygon2|19/100
|-damage|p2a: Clefairy|20/100
|-damage|p2b: Volcarona|77/100
|move|p2b: Volcarona|Giga Drain|p1a: Ursaluna
|-supereffective|p1a: Ursaluna
|-damage|p1a: Ursaluna|0 fnt
|-heal|p2b: Volcarona|100/100|[from] drain|[of] p1a: Ursaluna
|faint|p1a: Ursaluna
|
|upkeep
|
|t:|1756563407
|switch|p1a: Incineroar|Incineroar, L50, M|100/100
|-ability|p1a: Incineroar|Intimidate|boost
|-unboost|p2a: Clefairy|atk|1
|-unboost|p2b: Volcarona|atk|1
|turn|4
|inactive|playrornds has 30 seconds left.
|inactive|playrornds has 20 seconds left.
|
|t:|1756563444
|move|p1a: Incineroar|Fake Out|p2b: Volcarona
|-damage|p2b: Volcarona|92/100
|move|p2a: Clefairy|Follow Me|p2a: Clefairy
|-singleturn|p2a: Clefairy|move: Follow Me
|move|p1b: Porygon2|Recover|p1b: Porygon2
|-heal|p1b: Porygon2|69/100
|cant|p2b: Volcarona|flinch
|
|-heal|p2b: Volcarona|98/100|[from] item: Leftovers
|upkeep
|turn|5
|
|t:|1756563462
|move|p2a: Clefairy|Protect|p2a: Clefairy
|-singleturn|p2a: Clefairy|Protect
|move|p2b: Volcarona|Protect|p2b: Volcarona
|-singleturn|p2b: Volcarona|Protect
|move|p1b: Porygon2|Tera Blast|p2a: Clefairy
|-activate|p2a: Clefairy|move: Protect
|move|p1a: Incineroar|Flare Blitz|p2b: Volcarona
|-activate|p2b: Volcarona|move: Protect
|
|-heal|p2b: Volcarona|100/100|[from] item: Leftovers
|-fieldend|move: Trick Room
|upkeep
|turn|6
|
|t:|1756563480
|move|p2a: Clefairy|Follow Me|p2a: Clefairy
|-singleturn|p2a: Clefairy|move: Follow Me
|move|p2b: Volcarona|Fiery Dance|p1b: Porygon2
|-damage|p1b: Porygon2|36/100
|-boost|p2b: Volcarona|spa|1
|move|p1a: Incineroar|Flare Blitz|p2a: Clefairy
|-damage|p2a: Clefairy|0 fnt
|faint|p2a: Clefairy
|-damage|p1a: Incineroar|95/100|[from] Recoil
|move|p1b: Porygon2|Ice Beam|p2b: Volcarona
|-supereffective|p2b: Volcarona
|-damage|p2b: Volcarona|77/100
|
|-heal|p2b: Volcarona|83/100|[from] item: Leftovers
|upkeep
|
|t:|1756563491
|switch|p2a: Rillaboom|Rillaboom, L50, M|100/100
|-fieldstart|move: Grassy Terrain|[from] ability: Grassy Surge|[of] p2a: Rillaboom
|turn|7
|inactive|playrornds has 30 seconds left.
|inactive|playrornds has 20 seconds left.
|inactive|playrornds has 15 seconds left.
|
|t:|1756563535
|switch|p1a: Gholdengo|Gholdengo, L50|100/100
|move|p2a: Rillaboom|Fake Out|p1a: Gholdengo
|-immune|p1a: Gholdengo
|move|p2b: Volcarona|Fiery Dance|p1b: Porygon2
|-damage|p1b: Porygon2|0 fnt
|-boost|p2b: Volcarona|spa|1
|faint|p1b: Porygon2
|
|-heal|p2b: Volcarona|89/100|[from] Grassy Terrain
|-heal|p2b: Volcarona|95/100|[from] item: Leftovers
|upkeep
|
|t:|1756563541
|switch|p1b: Incineroar|Incineroar, L50, M|95/100
|-ability|p1b: Incineroar|Intimidate|boost
|-unboost|p2a: Rillaboom|atk|1
|-unboost|p2b: Volcarona|atk|1
|turn|8
|inactive|playrornds has 30 seconds left.
|inactive|playrornds has 20 seconds left.
|inactive|playrornds has 15 seconds left.
|
|t:|1756563582
|-terastallize|p1a: Gholdengo|Flying
|move|p2b: Volcarona|Protect|p2b: Volcarona
|-singleturn|p2b: Volcarona|Protect
|move|p1b: Incineroar|Fake Out|p2b: Volcarona
|-activate|p2b: Volcarona|move: Protect
|move|p1a: Gholdengo|Nasty Plot|p1a: Gholdengo
|-boost|p1a: Gholdengo|spa|2
|move|p2a: Rillaboom|High Horsepower|p1b: Incineroar
|-supereffective|p1b: Incineroar
|-damage|p1b: Incineroar|51/100
|
|-heal|p2b: Volcarona|100/100|[from] Grassy Terrain
|-heal|p1b: Incineroar|57/100|[from] Grassy Terrain
|upkeep
|turn|9
|
|t:|1756563599
|move|p2b: Volcarona|Fiery Dance|p1b: Incineroar
|-resisted|p1b: Incineroar
|-damage|p1b: Incineroar|22/100
|move|p1a: Gholdengo|Make It Rain|p2a: Rillaboom|[spread] p2a,p2b
|-damage|p2a: Rillaboom|25/100
|-damage|p2b: Volcarona|35/100
|-unboost|p1a: Gholdengo|spa|1
|-damage|p1a: Gholdengo|91/100|[from] item: Life Orb
|move|p2a: Rillaboom|High Horsepower|p1b: Incineroar
|-supereffective|p1b: Incineroar
|-damage|p1b: Incineroar|0 fnt
|faint|p1b: Incineroar
|
|-heal|p2b: Volcarona|41/100|[from] Grassy Terrain
|-heal|p2b: Volcarona|47/100|[from] item: Leftovers
|-heal|p2a: Rillaboom|30/100|[from] Grassy Terrain
|upkeep
|turn|10
|
|t:|1756563610
|switch|p2a: Ninetales|Ninetales, L50, M|100/100
|-weather|SunnyDay|[from] ability: Drought|[of] p2a: Ninetales
|move|p2b: Volcarona|Fiery Dance|p1a: Gholdengo
|-damage|p1a: Gholdengo|0 fnt
|-boost|p2b: Volcarona|spa|1
|faint|p1a: Gholdengo
|
|win|sjeba
