|j|☆I am the Sweeper
|j|☆Chavo666
|html|I am the SweeperChavo666    
|uhtml|bestof|Game 1 of a best-of-3
|t:|1756375579
|gametype|doubles
|player|p1|I am the Sweeper|janitor|1128
|player|p2|Chavo666|265|1084
|gen|9
|tier|[Gen 9] VGC 2025 Reg H (Bo3)
|rated|
|rule|Species Clause: Limit one of each Pokémon
|rule|Item Clause: Limit 1 of each item
|clearpoke
|poke|p1|Garganacl, L50, M|
|poke|p1|Dondozo, L50, M|
|poke|p1|Sneasler, L50, F|
|poke|p1|Gholdengo, L50|
|poke|p1|Ninetales-Alola, L50, F|
|poke|p1|Incineroar, L50, F|
|poke|p2|Reuniclus, L50, F|
|poke|p2|Indeedee-F, L50, F|
|poke|p2|Torkoal, L50, M|
|poke|p2|Gastrodon, L50, F|
|poke|p2|Venusaur, L50, M|
|poke|p2|Incineroar, L50, F|
|teampreview|4
|showteam|p1|Garganacl||MarangaBerry|PurifyingSalt|SaltCure,StealthRock,Protect,Recover|||M|||50|,,,,,Flying]Dondozo||Leftovers|Unaware|Liquidation,Yawn,Curse,Protect|||M|||50|,,,,,Poison]Sneasler||FocusSash|PoisonTouch|DireClaw,CloseCombat,Coaching,Protect|||F|||50|,,,,,Ghost]Gholdengo||ChoiceScarf|GoodasGold|MakeItRain,ShadowBall,Trick,PowerGem||||||50|,,,,,Steel]Ninetales-Alola||NeverMeltIce|SnowWarning|Blizzard,FreezeDry,Protect,AuroraVeil|||F|||50|,,,,,Ice]Incineroar||AssaultVest|Intimidate|FlareBlitz,KnockOff,FakeOut,DrainPunch|||F|||50|,,,,,Grass
|showteam|p2|Reuniclus||LifeOrb|Regenerator|ExpandingForce,Encore,TrickRoom,TeraBlast|||F|||50|,,,,,Fairy]Indeedee-F||PsychicSeed|PsychicSurge|DazzlingGleam,FollowMe,HelpingHand,TrickRoom|||F|||50|,,,,,Fairy]Torkoal||ChoiceSpecs|Drought|HeatWave,Eruption,EarthPower,SolarBeam|||M|||50|,,,,,Fire]Gastrodon||Leftovers|StormDrain|EarthPower,IceBeam,Recover,Yawn|||F|||50|,,,,,Fire]Venusaur||SitrusBerry|Chlorophyll|SleepPowder,SludgeBomb,GigaDrain,Protect|||M|||50|,,,,,Fire]Incineroar||SafetyGoggles|Intimidate|FakeOut,PartingShot,FlareBlitz,KnockOff|||F|||50|,,,,,Fire
|
|t:|1756375637
|teamsize|p1|4
|teamsize|p2|4
|start
|switch|p1a: Garganacl|Garganacl, L50, M|100/100
|switch|p1b: Incineroar|Incineroar, L50, F|100/100
|switch|p2a: Reuniclus|Reuniclus, L50, F|100/100
|switch|p2b: Indeedee|Indeedee-F, L50, F|100/100
|-ability|p1b: Incineroar|Intimidate|boost
|-unboost|p2a: Reuniclus|atk|1
|-unboost|p2b: Indeedee|atk|1
|-fieldstart|move: Psychic Terrain|[from] ability: Psychic Surge|[of] p2b: Indeedee
|-enditem|p2b: Indeedee|Psychic Seed
|-boost|p2b: Indeedee|spd|1|[from] item: Psychic Seed
|turn|1
|
|t:|1756375700
|move|p2b: Indeedee|Follow Me|p2b: Indeedee
|-singleturn|p2b: Indeedee|move: Follow Me
|move|p1b: Incineroar|Knock Off|p2b: Indeedee
|-supereffective|p2b: Indeedee
|-damage|p2b: Indeedee|31/100
|move|p1a: Garganacl|Stealth Rock|p2a: Reuniclus
|-sidestart|p2: Chavo666|move: Stealth Rock
|move|p2a: Reuniclus|Trick Room|p2a: Reuniclus
|-fieldstart|move: Trick Room|[of] p2a: Reuniclus
|
|upkeep
|turn|2
|
|t:|1756375747
|switch|p2b: Gastrodon|Gastrodon, L50, F|100/100
|-damage|p2b: Gastrodon|95/100|[from] Stealth Rock
|-terastallize|p2a: Reuniclus|Fairy
|move|p2a: Reuniclus|Encore|p1a: Garganacl
|-start|p1a: Garganacl|Encore
|move|p1a: Garganacl|Stealth Rock||[still]
|-fail|p1a: Garganacl
|move|p1b: Incineroar|Knock Off|p2a: Reuniclus
|-resisted|p2a: Reuniclus
|-damage|p2a: Reuniclus|73/100
|-enditem|p2a: Reuniclus|Life Orb|[from] move: Knock Off|[of] p1b: Incineroar
|
|-heal|p2b: Gastrodon|100/100|[from] item: Leftovers
|upkeep
|turn|3
|inactive|Battle timer is ON: inactive players will automatically lose when time's up. (requested by Chavo666)
|
|t:|1756375837
|-terastallize|p1a: Garganacl|Flying
|move|p2a: Reuniclus|Expanding Force|p1b: Incineroar|[spread] p1a
|-immune|p1b: Incineroar
|-damage|p1a: Garganacl|55/100
|-enditem|p1a: Garganacl|Maranga Berry|[eat]
|-boost|p1a: Garganacl|spd|1|[from] item: Maranga Berry
|move|p2b: Gastrodon|Earth Power|p1b: Incineroar
|-supereffective|p1b: Incineroar
|-damage|p1b: Incineroar|60/100
|-unboost|p1b: Incineroar|spd|1
|move|p1a: Garganacl|Stealth Rock||[still]
|-fail|p1a: Garganacl
|move|p1b: Incineroar|Knock Off|p2b: Gastrodon
|-damage|p2b: Gastrodon|52/100
|-enditem|p2b: Gastrodon|Leftovers|[from] move: Knock Off|[of] p1b: Incineroar
|
|upkeep
|turn|4
|inactive|I am the Sweeper has 30 seconds left.
|
|t:|1756375864
|move|p2a: Reuniclus|Expanding Force|p1a: Garganacl|[spread] p1a
|-immune|p1b: Incineroar
|-damage|p1a: Garganacl|26/100
|move|p2b: Gastrodon|Earth Power|p1b: Incineroar
|-supereffective|p1b: Incineroar
|-damage|p1b: Incineroar|1/100
|move|p1a: Garganacl|Stealth Rock||[still]
|-fail|p1a: Garganacl
|move|p1b: Incineroar|Flare Blitz|p2a: Reuniclus
|-damage|p2a: Reuniclus|5/100
|-damage|p1b: Incineroar|0 fnt|[from] Recoil
|faint|p1b: Incineroar
|
|-end|p1a: Garganacl|Encore
|upkeep
|
|t:|1756375882
|switch|p1b: Sneasler|Sneasler, L50, F|100/100
|turn|5
|
|t:|1756375894
|move|p1a: Garganacl|Protect|p1a: Garganacl
|-singleturn|p1a: Garganacl|Protect
|move|p1b: Sneasler|Protect|p1b: Sneasler
|-singleturn|p1b: Sneasler|Protect
|move|p2a: Reuniclus|Expanding Force|p1b: Sneasler|[spread] 
|-activate|p1a: Garganacl|move: Protect
|-activate|p1b: Sneasler|move: Protect
|move|p2b: Gastrodon|Recover|p2b: Gastrodon
|-heal|p2b: Gastrodon|100/100
|
|-fieldend|move: Trick Room
|-fieldend|move: Psychic Terrain
|upkeep
|turn|6
|inactive|I am the Sweeper has 30 seconds left.
|inactive|Chavo666 has 30 seconds left.
|inactive|Chavo666 has 20 seconds left.
|
|t:|1756375936
|move|p1b: Sneasler|Dire Claw|p2a: Reuniclus
|-supereffective|p2a: Reuniclus
|-damage|p2a: Reuniclus|0 fnt
|faint|p2a: Reuniclus
|move|p1a: Garganacl|Recover|p1a: Garganacl
|-heal|p1a: Garganacl|76/100
|move|p2b: Gastrodon|Yawn|p1b: Sneasler
|-start|p1b: Sneasler|move: Yawn|[of] p2b: Gastrodon
|
|upkeep
|
|t:|1756375948
|switch|p2a: Indeedee|Indeedee-F, L50, F|31/100
|-damage|p2a: Indeedee|18/100|[from] Stealth Rock
|-fieldstart|move: Psychic Terrain|[from] ability: Psychic Surge|[of] p2a: Indeedee
|turn|7
|inactive|I am the Sweeper has 30 seconds left.
|inactive|I am the Sweeper has 20 seconds left.
|inactive|I am the Sweeper has 15 seconds left.
|inactive|I am the Sweeper has 10 seconds left.
|
|t:|1756375998
|move|p1b: Sneasler|Dire Claw|p2a: Indeedee
|-damage|p2a: Indeedee|0 fnt
|faint|p2a: Indeedee
|move|p1a: Garganacl|Salt Cure|p2b: Gastrodon
|-resisted|p2b: Gastrodon
|-damage|p2b: Gastrodon|94/100
|-start|p2b: Gastrodon|Salt Cure
|move|p2b: Gastrodon|Earth Power|p1b: Sneasler
|-supereffective|p1b: Sneasler
|-damage|p1b: Sneasler|8/100
|
|-damage|p2b: Gastrodon|69/100|[from] Salt Cure
|-end|p1b: Sneasler|move: Yawn|[silent]
|-status|p1b: Sneasler|slp
|upkeep
|
|t:|1756376010
|switch|p2a: Torkoal|Torkoal, L50, M|100/100
|-damage|p2a: Torkoal|76/100|[from] Stealth Rock
|-weather|SunnyDay|[from] ability: Drought|[of] p2a: Torkoal
|turn|8
|
|t:|1756376023
|switch|p1b: Ninetales|Ninetales-Alola, L50, F|100/100
|-weather|Snowscape|[from] ability: Snow Warning|[of] p1b: Ninetales
|move|p1a: Garganacl|Salt Cure|p2a: Torkoal
|-supereffective|p2a: Torkoal
|-damage|p2a: Torkoal|51/100
|-start|p2a: Torkoal|Salt Cure
|move|p2b: Gastrodon|Yawn|p1a: Garganacl
|-immune|p1a: Garganacl|[from] ability: Purifying Salt
|move|p2a: Torkoal|Heat Wave|p1b: Ninetales|[spread] p1a,p1b
|-supereffective|p1b: Ninetales
|-damage|p1a: Garganacl|55/100
|-damage|p1b: Ninetales|0 fnt
|faint|p1b: Ninetales
|
|-weather|Snowscape|[upkeep]
|-damage|p2b: Gastrodon|45/100|[from] Salt Cure
|-damage|p2a: Torkoal|38/100|[from] Salt Cure
|upkeep
|
|t:|1756376040
|switch|p1b: Sneasler|Sneasler, L50, F|8/100 slp
|turn|9
|
|t:|1756376056
|cant|p1b: Sneasler|slp
|move|p1a: Garganacl|Protect|p1a: Garganacl
|-singleturn|p1a: Garganacl|Protect
|move|p2b: Gastrodon|Recover|p2b: Gastrodon
|-heal|p2b: Gastrodon|95/100
|move|p2a: Torkoal|Heat Wave|p1b: Sneasler|[spread] p1b
|-activate|p1a: Garganacl|move: Protect
|-crit|p1b: Sneasler
|-damage|p1b: Sneasler|0 fnt
|faint|p1b: Sneasler
|
|-weather|Snowscape|[upkeep]
|-damage|p2b: Gastrodon|71/100|[from] Salt Cure
|-damage|p2a: Torkoal|26/100|[from] Salt Cure
|upkeep
|turn|10
|inactive|I am the Sweeper has 30 seconds left.
|
|t:|1756376090
|move|p1a: Garganacl|Recover|p1a: Garganacl
|-heal|p1a: Garganacl|100/100
|move|p2b: Gastrodon|Ice Beam|p1a: Garganacl
|-supereffective|p1a: Garganacl
|-damage|p1a: Garganacl|81/100
|move|p2a: Torkoal|Heat Wave|p1a: Garganacl
|-damage|p1a: Garganacl|53/100
|
|-weather|Snowscape|[upkeep]
|-damage|p2b: Gastrodon|46/100|[from] Salt Cure
|-damage|p2a: Torkoal|14/100|[from] Salt Cure
|upkeep
|turn|11
|inactive|I am the Sweeper has 30 seconds left.
|
|t:|1756376119
|move|p1a: Garganacl|Protect|p1a: Garganacl
|-singleturn|p1a: Garganacl|Protect
|move|p2b: Gastrodon|Recover|p2b: Gastrodon
|-heal|p2b: Gastrodon|96/100
|move|p2a: Torkoal|Heat Wave|p1a: Garganacl
|-activate|p1a: Garganacl|move: Protect
|
|-weather|Snowscape|[upkeep]
|-damage|p2b: Gastrodon|72/100|[from] Salt Cure
|-damage|p2a: Torkoal|1/100|[from] Salt Cure
|-fieldend|move: Psychic Terrain
|upkeep
|turn|12
|inactive|I am the Sweeper has 30 seconds left.
|inactive|I am the Sweeper has 20 seconds left.
|
|t:|1756376155
|move|p1a: Garganacl|Recover|p1a: Garganacl
|-heal|p1a: Garganacl|100/100
|move|p2b: Gastrodon|Ice Beam|p1a: Garganacl
|-supereffective|p1a: Garganacl
|-damage|p1a: Garganacl|81/100
|move|p2a: Torkoal|Heat Wave|p1a: Garganacl|[miss]
|-miss|p2a: Torkoal|p1a: Garganacl
|
|-weather|none
|-damage|p2b: Gastrodon|47/100|[from] Salt Cure
|-damage|p2a: Torkoal|0 fnt|[from] Salt Cure
|faint|p2a: Torkoal
|upkeep
|turn|13
|
|t:|1756376177
|move|p1a: Garganacl|Salt Cure|p2b: Gastrodon
|-resisted|p2b: Gastrodon
|-damage|p2b: Gastrodon|41/100
|move|p2b: Gastrodon|Recover|p2b: Gastrodon
|-heal|p2b: Gastrodon|91/100
|
|-damage|p2b: Gastrodon|66/100|[from] Salt Cure
|upkeep
|turn|14
|inactive|I am the Sweeper has 30 seconds left.
|
|t:|1756376209
|move|p1a: Garganacl|Protect|p1a: Garganacl
|-singleturn|p1a: Garganacl|Protect
|move|p2b: Gastrodon|Ice Beam|p1a: Garganacl
|-activate|p1a: Garganacl|move: Protect
|
|-damage|p2b: Gastrodon|42/100|[from] Salt Cure
|upkeep
|turn|15
|
|t:|1756376218
|move|p1a: Garganacl|Salt Cure|p2b: Gastrodon
|-resisted|p2b: Gastrodon
|-damage|p2b: Gastrodon|35/100
|move|p2b: Gastrodon|Recover|p2b: Gastrodon
|-heal|p2b: Gastrodon|86/100
|
|-damage|p2b: Gastrodon|61/100|[from] Salt Cure
|upkeep
|turn|16
|
|t:|1756376239
|move|p1a: Garganacl|Salt Cure|p2b: Gastrodon
|-resisted|p2b: Gastrodon
|-damage|p2b: Gastrodon|55/100
|move|p2b: Gastrodon|Recover|p2b: Gastrodon
|-heal|p2b: Gastrodon|100/100
|
|-damage|p2b: Gastrodon|76/100|[from] Salt Cure
|upkeep
|turn|17
|
|t:|1756376249
|move|p1a: Garganacl|Salt Cure|p2b: Gastrodon
|-resisted|p2b: Gastrodon
|-damage|p2b: Gastrodon|69/100
|move|p2b: Gastrodon|Ice Beam|p1a: Garganacl
|-supereffective|p1a: Garganacl
|-damage|p1a: Garganacl|63/100
|
|-damage|p2b: Gastrodon|44/100|[from] Salt Cure
|upkeep
|turn|18
|
|t:|1756376257
|move|p1a: Garganacl|Protect|p1a: Garganacl
|-singleturn|p1a: Garganacl|Protect
|move|p2b: Gastrodon|Recover|p2b: Gastrodon
|-heal|p2b: Gastrodon|95/100
|
|-damage|p2b: Gastrodon|70/100|[from] Salt Cure
|upkeep
|turn|19
|
|t:|1756376267
|move|p1a: Garganacl|Recover|p1a: Garganacl
|-heal|p1a: Garganacl|100/100
|move|p2b: Gastrodon|Ice Beam|p1a: Garganacl
|-supereffective|p1a: Garganacl
|-damage|p1a: Garganacl|81/100
|
|-damage|p2b: Gastrodon|45/100|[from] Salt Cure
|upkeep
|turn|20
|
|t:|1756376276
|move|p1a: Garganacl|Protect|p1a: Garganacl
|-singleturn|p1a: Garganacl|Protect
|move|p2b: Gastrodon|Ice Beam|p1a: Garganacl
|-activate|p1a: Garganacl|move: Protect
|
|-damage|p2b: Gastrodon|21/100|[from] Salt Cure
|upkeep
|turn|21
|
|t:|1756376287
|move|p1a: Garganacl|Salt Cure|p2b: Gastrodon
|-resisted|p2b: Gastrodon
|-damage|p2b: Gastrodon|14/100
|move|p2b: Gastrodon|Recover|p2b: Gastrodon
|-heal|p2b: Gastrodon|64/100
|
|-damage|p2b: Gastrodon|40/100|[from] Salt Cure
|upkeep
|turn|22
|
|t:|1756376296
|move|p1a: Garganacl|Salt Cure|p2b: Gastrodon
|-resisted|p2b: Gastrodon
|-damage|p2b: Gastrodon|33/100
|move|p2b: Gastrodon|Ice Beam|p1a: Garganacl
|-supereffective|p1a: Garganacl
|-damage|p1a: Garganacl|61/100
|
|-damage|p2b: Gastrodon|9/100|[from] Salt Cure
|upkeep
|turn|23
|
|t:|1756376305
|move|p1a: Garganacl|Recover|p1a: Garganacl
|-heal|p1a: Garganacl|100/100
|move|p2b: Gastrodon|Ice Beam|p1a: Garganacl
|-supereffective|p1a: Garganacl
|-crit|p1a: Garganacl
|-damage|p1a: Garganacl|59/100
|
|-damage|p2b: Gastrodon|0 fnt|[from] Salt Cure
|faint|p2b: Gastrodon
|
|win|I am the Sweeper
||I am the Sweeper is ready for game 2.
|inactive|Chavo666 has 30 seconds to confirm battle start!
||Chavo666 is ready for game 2.
|uhtml|next|Next: Game 2 of 3
|l|☆Chavo666
|player|p2|
