|j|☆WestyLiam
|j|☆Slackermaru
|html|WestyLiamSlackermaru    
|uhtml|bestof|Game 3 of a best-of-3
|t:|1756717682
|gametype|doubles
|player|p1|WestyLiam|101|1449
|player|p2|Slackermaru|workerice|1479
|gen|9
|tier|[Gen 9] VGC 2025 Reg H (Bo3)
|rated|
|rule|Species Clause: Limit one of each Pokémon
|rule|Item Clause: Limit 1 of each item
|clearpoke
|poke|p1|Garchomp, L50, F|
|poke|p1|Jumpluff, L50, M|
|poke|p1|Torkoal, L50, F|
|poke|p1|Dragonite, L50, M|
|poke|p1|Kingambit, L50, M|
|poke|p1|Typhlosion-Hisui, L50, M|
|poke|p2|Rillaboom, L50, F|
|poke|p2|Dragonite, L50, F|
|poke|p2|Sneasler, L50, F|
|poke|p2|Kingambit, L50, F|
|poke|p2|Electabuzz, L50, M|
|poke|p2|Volcarona, L50, M|
|teampreview|4
|showteam|p1|Garchomp||LifeOrb|RoughSkin|DragonClaw,StompingTantrum,Earthquake,Protect|||F|||50|,,,,,Fairy]Jumpluff||CovertCloak|Chlorophyll|LeafStorm,SleepPowder,Encore,Tailwind|||M|||50|,,,,,Poison]Torkoal||EjectPack|Drought|Overheat,BurningJealousy,HelpingHand,Protect|||F|||50|,,,,,Flying]Dragonite||LoadedDice|Multiscale|ScaleShot,ExtremeSpeed,IceSpinner,Protect|||M|||50|,,,,,Fairy]Kingambit||AssaultVest|Defiant|IronHead,SuckerPunch,Assurance,LowKick|||M|||50|,,,,,Flying]Typhlosion-Hisui||ChoiceSpecs|Blaze|Eruption,ShadowBall,HeatWave,Overheat|||M|||50|,,,,,Fire
|showteam|p2|Rillaboom||AssaultVest|GrassySurge|FakeOut,HighHorsepower,WoodHammer,GrassyGlide|||F|||50|,,,,,Fire]Dragonite||LoadedDice|Multiscale|ExtremeSpeed,ScaleShot,Protect,Haze|||F|||50|,,,,,Steel]Sneasler||FocusSash|Unburden|DireClaw,CloseCombat,FakeOut,Protect|||F|||50|,,,,,Stellar]Kingambit||SafetyGoggles|Defiant|KowtowCleave,SuckerPunch,SwordsDance,Protect|||F|||50|,,,,,Dark]Electabuzz||Eviolite|VitalSpirit|Thunderbolt,Taunt,FollowMe,Protect|||M|||50|,,,,,Ghost]Volcarona||Leftovers|FlameBody|HeatWave,TeraBlast,QuiverDance,Protect|||M|||50|,,,,,Fairy
|
|t:|1756717720
|teamsize|p1|4
|teamsize|p2|4
|start
|switch|p1a: Torkoal|Torkoal, L50, F|100/100
|switch|p1b: Typhlosion|Typhlosion-Hisui, L50, M|100/100
|switch|p2a: Kingambit|Kingambit, L50, F|100/100
|switch|p2b: Rillaboom|Rillaboom, L50, F|100/100
|-fieldstart|move: Grassy Terrain|[from] ability: Grassy Surge|[of] p2b: Rillaboom
|-weather|SunnyDay|[from] ability: Drought|[of] p1a: Torkoal
|turn|1
|j| T-Soro
|
|t:|1756717745
|-terastallize|p2a: Kingambit|Dark
|move|p2b: Rillaboom|Fake Out|p1a: Torkoal
|-damage|p1a: Torkoal|90/100
|move|p2a: Kingambit|Sucker Punch|p1b: Typhlosion
|-supereffective|p1b: Typhlosion
|-damage|p1b: Typhlosion|0 fnt
|faint|p1b: Typhlosion
|cant|p1a: Torkoal|flinch
|
|-weather|SunnyDay|[upkeep]
|-heal|p1a: Torkoal|96/100|[from] Grassy Terrain
|upkeep
|
|t:|1756717753
|switch|p1b: Kingambit|Kingambit, L50, M|100/100
|turn|2
|
|t:|1756717767
|move|p2a: Kingambit|Protect|p2a: Kingambit
|-singleturn|p2a: Kingambit|Protect
|move|p2b: Rillaboom|High Horsepower|p1b: Kingambit
|-supereffective|p1b: Kingambit
|-damage|p1b: Kingambit|51/100
|move|p1b: Kingambit|Low Kick|p2b: Rillaboom
|-damage|p2b: Rillaboom|70/100
|move|p1a: Torkoal|Burning Jealousy|p2b: Rillaboom|[spread] p2b
|-activate|p2a: Kingambit|move: Protect
|-supereffective|p2b: Rillaboom
|-damage|p2b: Rillaboom|29/100
|
|-weather|SunnyDay|[upkeep]
|-heal|p2b: Rillaboom|35/100|[from] Grassy Terrain
|-heal|p1b: Kingambit|57/100|[from] Grassy Terrain
|-heal|p1a: Torkoal|100/100|[from] Grassy Terrain
|upkeep
|turn|3
|
|t:|1756717793
|switch|p2a: Electabuzz|Electabuzz, L50, M|100/100
|-terastallize|p1b: Kingambit|Flying
|move|p2b: Rillaboom|High Horsepower|p1b: Kingambit
|-immune|p1b: Kingambit
|move|p1b: Kingambit|Low Kick|p2a: Electabuzz
|-damage|p2a: Electabuzz|84/100
|move|p1a: Torkoal|Burning Jealousy|p2a: Electabuzz|[spread] p2a,p2b
|-supereffective|p2b: Rillaboom
|-damage|p2a: Electabuzz|59/100
|-damage|p2b: Rillaboom|0 fnt
|faint|p2b: Rillaboom
|
|-weather|SunnyDay|[upkeep]
|-heal|p2a: Electabuzz|65/100|[from] Grassy Terrain
|upkeep
|
|t:|1756717809
|switch|p2b: Sneasler|Sneasler, L50, F|100/100
|turn|4
|
|t:|1756717820
|switch|p1b: Garchomp|Garchomp, L50, F|100/100
|move|p2b: Sneasler|Fake Out|p1a: Torkoal
|-damage|p1a: Torkoal|89/100
|move|p2a: Electabuzz|Thunderbolt|p1b: Garchomp
|-immune|p1b: Garchomp
|cant|p1a: Torkoal|flinch
|
|-weather|SunnyDay|[upkeep]
|-heal|p2a: Electabuzz|71/100|[from] Grassy Terrain
|-heal|p1a: Torkoal|95/100|[from] Grassy Terrain
|upkeep
|turn|5
|
|t:|1756717836
|move|p1b: Garchomp|Protect|p1b: Garchomp
|-singleturn|p1b: Garchomp|Protect
|move|p2b: Sneasler|Close Combat|p1a: Torkoal
|-damage|p1a: Torkoal|44/100
|-unboost|p2b: Sneasler|def|1
|-unboost|p2b: Sneasler|spd|1
|move|p2a: Electabuzz|Thunderbolt|p1a: Torkoal
|-damage|p1a: Torkoal|2/100
|move|p1a: Torkoal|Burning Jealousy|p2a: Electabuzz|[spread] p2a,p2b
|-damage|p2a: Electabuzz|43/100
|-damage|p2b: Sneasler|29/100
|
|-weather|none
|-heal|p2b: Sneasler|35/100|[from] Grassy Terrain
|-heal|p2a: Electabuzz|48/100|[from] Grassy Terrain
|-heal|p1a: Torkoal|8/100|[from] Grassy Terrain
|-fieldend|move: Grassy Terrain
|upkeep
|turn|6
|
|t:|1756717858
|switch|p1a: Kingambit|Kingambit, L50, M, tera:Flying|57/100
|move|p2a: Electabuzz|Protect|p2a: Electabuzz
|-singleturn|p2a: Electabuzz|Protect
|move|p2b: Sneasler|Close Combat|p1b: Garchomp
|-damage|p1b: Garchomp|40/100
|-unboost|p2b: Sneasler|def|1
|-unboost|p2b: Sneasler|spd|1
|-damage|p2b: Sneasler|22/100|[from] ability: Rough Skin|[of] p1b: Garchomp
|move|p1b: Garchomp|Earthquake|p2a: Electabuzz|[spread] p2b
|-activate|p2a: Electabuzz|move: Protect
|-immune|p1a: Kingambit
|-supereffective|p2b: Sneasler
|-damage|p2b: Sneasler|0 fnt
|faint|p2b: Sneasler
|-damage|p1b: Garchomp|30/100|[from] item: Life Orb
|
|upkeep
|
|t:|1756717874
|switch|p2b: Kingambit|Kingambit, L50, F, tera:Dark|100/100
|turn|7
|
|t:|1756717893
|switch|p1b: Torkoal|Torkoal, L50, F|8/100
|-weather|SunnyDay|[from] ability: Drought|[of] p1b: Torkoal
|move|p2b: Kingambit|Sucker Punch||[still]
|-fail|p2b: Kingambit
|move|p2a: Electabuzz|Thunderbolt|p1a: Kingambit
|-supereffective|p1a: Kingambit
|-damage|p1a: Kingambit|13/100
|move|p1a: Kingambit|Low Kick|p2b: Kingambit
|-supereffective|p2b: Kingambit
|-damage|p2b: Kingambit|44/100
|
|-weather|SunnyDay|[upkeep]
|upkeep
|turn|8
|
|t:|1756717916
|move|p1b: Torkoal|Helping Hand|p1a: Kingambit
|-singleturn|p1a: Kingambit|Helping Hand|[of] p1b: Torkoal
|move|p2a: Electabuzz|Follow Me|p2a: Electabuzz
|-singleturn|p2a: Electabuzz|move: Follow Me
|move|p1a: Kingambit|Sucker Punch||[still]
|-fail|p1a: Kingambit
|move|p2b: Kingambit|Kowtow Cleave|p1b: Torkoal
|-crit|p1b: Torkoal
|-damage|p1b: Torkoal|0 fnt
|faint|p1b: Torkoal
|
|-weather|SunnyDay|[upkeep]
|upkeep
|
|t:|1756717918
|switch|p1b: Garchomp|Garchomp, L50, F|30/100
|turn|9
|c|☆WestyLiam|Gg
|-message|WestyLiam forfeited.
|raw|WestyLiam's rating: 1449 → 1431(-18 for losing)
|raw|Slackermaru's rating: 1479 → 1497(+18 for winning)
|
|win|Slackermaru
|c|☆Slackermaru|gg
|l|☆WestyLiam
|player|p1|
|l| T-Soro
