|j|☆hexagonfoot
|j|☆noah100800
|html|hexagonfootnoah100800    
|uhtml|bestof|Game 2 of a best-of-3
|t:|1757819093
|gametype|doubles
|player|p1|hexagonfoot|caitlin|1113
|player|p2|noah100800|265|1074
|gen|9
|tier|[Gen 9] VGC 2025 Reg H (Bo3)
|rated|
|rule|Species Clause: Limit one of each Pokémon
|rule|Item Clause: Limit 1 of each item
|clearpoke
|poke|p1|Gholdengo, L50|
|poke|p1|Sneasler, L50, M|
|poke|p1|Rillaboom, L50, M|
|poke|p1|Dragonite, L50, M|
|poke|p1|Ninetales-Alola, L50, M|
|poke|p1|Arcanine-Hisui, L50, M|
|poke|p2|Gholdengo, L50|
|poke|p2|Pelipper, L50, F|
|poke|p2|Murkrow, L50, M|
|poke|p2|Basculegion, L50, M|
|poke|p2|Archaludon, L50, M|
|poke|p2|Rillaboom, L50, M|
|teampreview|4
|showteam|p1|Gholdengo||GrassySeed|GoodasGold|NastyPlot,MakeItRain,ShadowBall,Protect||||||50|,,,,,Water]Sneasler||WhiteHerb|Unburden|CloseCombat,DireClaw,Coaching,Protect|||M|||50|,,,,,Ghost]Rillaboom||AssaultVest|GrassySurge|FakeOut,GrassyGlide,DrumBeating,HighHorsepower|||M|||50|,,,,,Fire]Dragonite||LoadedDice|Multiscale|ScaleShot,StompingTantrum,Tailwind,Protect|||M|||50|,,,,,Ground]Ninetales-Alola||FocusSash|SnowWarning|Blizzard,IcyWind,Encore,AuroraVeil|||M|||50|,,,,,Ghost]Arcanine-Hisui||ClearAmulet|Intimidate|RockSlide,FlareBlitz,ExtremeSpeed,Protect|||M|||50|,,,,,Water
|showteam|p2|Gholdengo||GrassySeed|GoodasGold|Protect,NastyPlot,ShadowBall,MakeItRain||||||50|,,,,,Steel]Pelipper||FocusSash|Drizzle|Protect,Uturn,Hurricane,WeatherBall|||F|||50|,,,,,Ground]Murkrow||Eviolite|Prankster|Tailwind,RainDance,Quash,FoulPlay|||M|||50|,,,,,Ghost]Basculegion||LifeOrb|SwiftSwim|Protect,LastRespects,WaveCrash,FlipTurn|||M|||50|,,,,,Grass]Archaludon||PowerHerb|Sturdy|Protect,ElectroShot,DragonPulse,AuraSphere|||M|||50|,,,,,Fighting]Rillaboom||AssaultVest|GrassySurge|FakeOut,GrassyGlide,WoodHammer,Uturn|||M|||50|,,,,,Water
|inactive|Battle timer is ON: inactive players will automatically lose when time's up. (requested by hexagonfoot)
|
|t:|1757819134
|teamsize|p1|4
|teamsize|p2|4
|start
|switch|p1a: Silver Street|Gholdengo, L50|100/100
|switch|p1b: Romford|Dragonite, L50, M|100/100
|switch|p2a: Murkrow|Murkrow, L50, M|100/100
|switch|p2b: Basculegion|Basculegion, L50, M|100/100
|turn|1
|inactive|hexagonfoot has 30 seconds left.
|inactive|noah100800 has 30 seconds left.
|inactive|noah100800 has 20 seconds left.
|inactive|noah100800 has 15 seconds left.
|inactive|noah100800 has 10 seconds left.
|inactive|noah100800 has 5 seconds left.
|
|t:|1757819184
|-terastallize|p2b: Basculegion|Grass
|move|p1a: Silver Street|Protect|p1a: Silver Street
|-singleturn|p1a: Silver Street|Protect
|move|p2a: Murkrow|Rain Dance|p2a: Murkrow
|-weather|RainDance
|move|p2b: Basculegion|Flip Turn|p1b: Romford
|-resisted|p1b: Romford
|-damage|p1b: Romford|83/100
|-damage|p2b: Basculegion|91/100|[from] item: Life Orb
|
|t:|1757819200
|switch|p2b: Gholdengo|Gholdengo, L50|100/100|[from] Flip Turn
|move|p1b: Romford|Scale Shot|p2a: Murkrow
|-damage|p2a: Murkrow|84/100
|-damage|p2a: Murkrow|68/100
|-damage|p2a: Murkrow|50/100
|-damage|p2a: Murkrow|32/100
|-hitcount|p2a: Murkrow|4
|-unboost|p1b: Romford|def|1
|-boost|p1b: Romford|spe|1
|
|-weather|RainDance|[upkeep]
|upkeep
|turn|2
|inactive|hexagonfoot has 30 seconds left.
|inactive|noah100800 has 30 seconds left.
|inactive|noah100800 has 20 seconds left.
|inactive|noah100800 has 15 seconds left.
|
|t:|1757819243
|-terastallize|p1a: Silver Street|Water
|move|p2a: Murkrow|Tailwind|p2a: Murkrow
|-sidestart|p2: noah100800|move: Tailwind
|move|p2b: Gholdengo|Shadow Ball|p1a: Silver Street
|-damage|p1a: Silver Street|62/100
|move|p1b: Romford|Scale Shot|p2a: Murkrow
|-damage|p2a: Murkrow|14/100
|-damage|p2a: Murkrow|0 fnt
|faint|p2a: Murkrow
|-hitcount|p2: Murkrow|2
|-unboost|p1b: Romford|def|1
|-boost|p1b: Romford|spe|1
|move|p1a: Silver Street|Shadow Ball|p2b: Gholdengo
|-supereffective|p2b: Gholdengo
|-damage|p2b: Gholdengo|8/100
|
|-weather|RainDance|[upkeep]
|upkeep
|
|t:|1757819259
|switch|p2a: Basculegion|Basculegion, L50, M, tera:Grass|91/100
|turn|3
|inactive|hexagonfoot has 30 seconds left.
|inactive|hexagonfoot has 20 seconds left.
|inactive|hexagonfoot has 15 seconds left.
|inactive|hexagonfoot has 10 seconds left.
|inactive|hexagonfoot has 5 seconds left.
|
|t:|1757819310
|move|p1b: Romford|Protect|p1b: Romford
|-singleturn|p1b: Romford|Protect
|move|p1a: Silver Street|Protect|p1a: Silver Street
|-singleturn|p1a: Silver Street|Protect
|move|p2a: Basculegion|Last Respects|p1a: Silver Street
|-activate|p1a: Silver Street|move: Protect
|move|p2b: Gholdengo|Make It Rain|p1a: Silver Street|[spread] 
|-activate|p1a: Silver Street|move: Protect
|-activate|p1b: Romford|move: Protect
|
|-weather|RainDance|[upkeep]
|upkeep
|turn|4
|inactive|noah100800 has 30 seconds left.
|inactive|noah100800 has 20 seconds left.
|inactive|noah100800 has 15 seconds left.
|
|t:|1757819351
|switch|p1a: Canada Water|Ninetales-Alola, L50, M|100/100
|-weather|Snowscape|[from] ability: Snow Warning|[of] p1a: Canada Water
|move|p2b: Gholdengo|Make It Rain|p1b: Romford|[spread] p1a,p1b
|-supereffective|p1a: Canada Water
|-enditem|p1a: Canada Water|Focus Sash
|-damage|p1a: Canada Water|1/100
|-damage|p1b: Romford|31/100
|-unboost|p2b: Gholdengo|spa|1
|move|p1b: Romford|Tailwind|p1b: Romford
|-sidestart|p1: hexagonfoot|move: Tailwind
|move|p2a: Basculegion|Last Respects|p1a: Canada Water
|-damage|p1a: Canada Water|0 fnt
|faint|p1a: Canada Water
|-damage|p2a: Basculegion|81/100|[from] item: Life Orb
|
|-weather|Snowscape|[upkeep]
|upkeep
|
|t:|1757819368
|switch|p1a: Silver Street|Gholdengo, L50, tera:Water|62/100
|turn|5
|inactive|noah100800 has 30 seconds left.
|
|t:|1757819398
|switch|p1b: Hampstead Heath|Rillaboom, L50, M|100/100
|-fieldstart|move: Grassy Terrain|[from] ability: Grassy Surge|[of] p1b: Hampstead Heath
|-enditem|p2b: Gholdengo|Grassy Seed
|-boost|p2b: Gholdengo|def|1|[from] item: Grassy Seed
|-enditem|p1a: Silver Street|Grassy Seed
|-boost|p1a: Silver Street|def|1|[from] item: Grassy Seed
|switch|p2a: Rillaboom|Rillaboom, L50, M|100/100
|move|p2b: Gholdengo|Shadow Ball|p1b: Hampstead Heath
|-crit|p1b: Hampstead Heath
|-damage|p1b: Hampstead Heath|51/100
|-unboost|p1b: Hampstead Heath|spd|1
|move|p1a: Silver Street|Shadow Ball|p2b: Gholdengo
|-supereffective|p2b: Gholdengo
|-damage|p2b: Gholdengo|0 fnt
|faint|p2b: Gholdengo
|
|-weather|Snowscape|[upkeep]
|-heal|p1b: Hampstead Heath|57/100|[from] Grassy Terrain
|-heal|p1a: Silver Street|69/100|[from] Grassy Terrain
|-sideend|p2: noah100800|move: Tailwind
|upkeep
|
|t:|1757819417
|switch|p2b: Basculegion|Basculegion, L50, M, tera:Grass|81/100
|turn|6
|inactive|noah100800 has 30 seconds left.
|inactive|noah100800 has 20 seconds left.
|
|t:|1757819455
|move|p2b: Basculegion|Protect|p2b: Basculegion
|-singleturn|p2b: Basculegion|Protect
|move|p1b: Hampstead Heath|Fake Out|p2a: Rillaboom
|-crit|p2a: Rillaboom
|-damage|p2a: Rillaboom|82/100
|move|p1a: Silver Street|Nasty Plot|p1a: Silver Street
|-boost|p1a: Silver Street|spa|2
|cant|p2a: Rillaboom|flinch
|
|-weather|Snowscape|[upkeep]
|-heal|p1b: Hampstead Heath|63/100|[from] Grassy Terrain
|-heal|p1a: Silver Street|75/100|[from] Grassy Terrain
|-heal|p2b: Basculegion|87/100|[from] Grassy Terrain
|-heal|p2a: Rillaboom|88/100|[from] Grassy Terrain
|upkeep
|turn|7
|inactive|noah100800 has 30 seconds left.
|inactive|hexagonfoot has 30 seconds left.
|inactive|hexagonfoot has 20 seconds left.
|inactive|hexagonfoot has 15 seconds left.
|
|t:|1757819502
|switch|p1b: Romford|Dragonite, L50, M|31/100
|move|p1a: Silver Street|Protect|p1a: Silver Street
|-singleturn|p1a: Silver Street|Protect
|move|p2a: Rillaboom|Grassy Glide|p1a: Silver Street
|-activate|p1a: Silver Street|move: Protect
|move|p2b: Basculegion|Last Respects|p1b: Romford
|-damage|p1b: Romford|0 fnt
|faint|p1b: Romford
|-damage|p2b: Basculegion|78/100|[from] item: Life Orb
|
|-weather|Snowscape|[upkeep]
|-heal|p1a: Silver Street|81/100|[from] Grassy Terrain
|-heal|p2b: Basculegion|84/100|[from] Grassy Terrain
|-heal|p2a: Rillaboom|94/100|[from] Grassy Terrain
|-sideend|p1: hexagonfoot|move: Tailwind
|upkeep
|
|t:|1757819505
|switch|p1b: Hampstead Heath|Rillaboom, L50, M|63/100
|turn|8
|
|t:|1757819529
|move|p1b: Hampstead Heath|Fake Out|p2a: Rillaboom
|-damage|p2a: Rillaboom|81/100
|cant|p2a: Rillaboom|flinch
|move|p1a: Silver Street|Shadow Ball|p2a: Rillaboom
|-damage|p2a: Rillaboom|28/100
|-unboost|p2a: Rillaboom|spd|1
|move|p2b: Basculegion|Last Respects|p1b: Hampstead Heath
|-damage|p1b: Hampstead Heath|0 fnt
|faint|p1b: Hampstead Heath
|-damage|p2b: Basculegion|74/100|[from] item: Life Orb
|
|-weather|none
|-heal|p1a: Silver Street|87/100|[from] Grassy Terrain
|-heal|p2b: Basculegion|80/100|[from] Grassy Terrain
|-heal|p2a: Rillaboom|33/100|[from] Grassy Terrain
|upkeep
|turn|9
|
|t:|1757819552
|move|p1a: Silver Street|Protect|p1a: Silver Street
|-singleturn|p1a: Silver Street|Protect
|move|p2b: Basculegion|Protect|p2b: Basculegion
|-singleturn|p2b: Basculegion|Protect
|move|p2a: Rillaboom|Grassy Glide|p1a: Silver Street
|-activate|p1a: Silver Street|move: Protect
|
|-heal|p1a: Silver Street|94/100|[from] Grassy Terrain
|-heal|p2b: Basculegion|86/100|[from] Grassy Terrain
|-heal|p2a: Rillaboom|39/100|[from] Grassy Terrain
|-fieldend|move: Grassy Terrain
|upkeep
|turn|10
|
|t:|1757819575
|move|p1a: Silver Street|Make It Rain|p2a: Rillaboom|[spread] p2a,p2b
|-damage|p2a: Rillaboom|0 fnt
|-damage|p2b: Basculegion|0 fnt
|-unboost|p1a: Silver Street|spa|1
|faint|p2a: Rillaboom
|faint|p2b: Basculegion
|
|win|hexagonfoot
|raw|hexagonfoot's rating: 1113 → 1135(+22 for winning)
|raw|noah100800's rating: 1074 → 1055(-19 for losing)
|l|☆noah100800
|player|p2|
