|j|☆lopsarrob
|j|☆exessvgc
|html|lopsarrobexessvgc    
|uhtml|bestof|Game 3 of a best-of-3
|t:|1783942041
|gametype|doubles
|player|p1|lopsarrob|pilot|1250
|player|p2|exessvgc|lucas|1224
|gen|9
|tier|[Gen 9 Champions] VGC 2026 Reg M-B (Bo3)
|rated|
|rule|Species Clause: Limit one of each Pokémon
|rule|Item Clause: Limit 1 of each item
|clearpoke
|poke|p1|Incineroar, L50, M|
|poke|p1|Palafin, L50, M|
|poke|p1|Sneasler, L50, F|
|poke|p1|Floette-Eternal, L50, F|
|poke|p1|Vivillon-Monsoon, L50, F|
|poke|p1|Kingambit, L50, F|
|poke|p2|Archaludon, L50, F|
|poke|p2|Meganium, L50, M|
|poke|p2|Pelipper, L50, M|
|poke|p2|Basculegion, L50, M|
|poke|p2|Swampert, L50, F|
|poke|p2|Sableye, L50, M|
|teampreview|4
|showteam|p1|Incineroar||SitrusBerry|Intimidate|PartingShot,FakeOut,FlareBlitz,DarkestLariat|Impish||M|||50|]Palafin||MysticWater|ZerotoHero|WaveCrash,JetPunch,FlipTurn,CloseCombat|Adamant||M|||50|]Sneasler||FocusSash|Unburden|FakeOut,DireClaw,CloseCombat,Uturn|Jolly||F|||50|]Floette-Eternal||Floettite|FlowerVeil|DazzlingGleam,Moonblast,CalmMind,Protect|Modest||F|||50|]Vivillon-Monsoon||ChoiceScarf|CompoundEyes|SleepPowder,Hurricane,RagePowder,PollenPuff|Timid||F|||50|]Kingambit||BlackGlasses|Defiant|KowtowCleave,SuckerPunch,SwordsDance,Protect|Adamant||F|||50|
|showteam|p2|Archaludon||Leftovers|Stamina|AuraSphere,ElectroShot,DragonPulse,Protect|Calm||F|||50|]Meganium||Meganiumite|Overgrow|WeatherBall,SolarBeam,DazzlingGleam,Protect|Modest||M|||50|]Pelipper||FocusSash|Drizzle|WeatherBall,Tailwind,Protect,Hurricane|Modest||M|||50|]Basculegion||MysticWater|SwiftSwim|WaveCrash,AquaJet,LastRespects,FlipTurn|Adamant||M|||50|]Swampert||Swampertite|Torrent|HighHorsepower,WaveCrash,IcePunch,Protect|Adamant||F|||50|]Sableye||RoseliBerry|Prankster|WillOWisp,Reflect,LightScreen,Disable|Calm||M|||50|
|inactive|Battle timer is ON: inactive players will automatically lose when time's up. (requested by lopsarrob)
|inactive|lopsarrob has 60 seconds left.
|l|☆exessvgc
|inactive|exessvgc disconnected and has a minute to reconnect!
|player|p2|
|j|☆exessvgc
|inactive|exessvgc reconnected.
|player|p2|exessvgc|lucas|
|inactive|lopsarrob has 30 seconds left.
|inactive|lopsarrob has 20 seconds left.
|inactive|lopsarrob has 15 seconds left.
|inactive|lopsarrob has 10 seconds left.
|inactive|lopsarrob has 5 seconds left.
|
|t:|1783942134
|teamsize|p1|4
|teamsize|p2|4
|start
|switch|p1a: Incineroar|Incineroar, L50, M|100/100
|switch|p1b: Palafin|Palafin, L50, M|100/100
|switch|p2a: Swampert|Swampert, L50, F|100/100
|switch|p2b: Pelipper|Pelipper, L50, M|100/100
|-weather|RainDance|[from] ability: Drizzle|[of] p2b: Pelipper
|-ability|p1a: Incineroar|Intimidate|boost
|-unboost|p2a: Swampert|atk|1
|-unboost|p2b: Pelipper|atk|1
|turn|1
|inactive|lopsarrob has 30 seconds left.
|
|t:|1783942167
|switch|p2a: Archaludon|Archaludon, L50, F|100/100
|move|p1a: Incineroar|Fake Out|p2a: Archaludon
|-resisted|p2a: Archaludon|1
|-damage|p2a: Archaludon|95/100
|-ability|p2a: Archaludon|Stamina|boost
|-boost|p2a: Archaludon|def|1
|move|p1b: Palafin|Flip Turn|p2b: Pelipper
|-resisted|p2b: Pelipper|1
|-damage|p2b: Pelipper|74/100
|l|☆exessvgc
|inactive|exessvgc disconnected and has a minute to reconnect!
|player|p2|
|j|☆exessvgc
|inactive|exessvgc reconnected.
|player|p2|exessvgc|lucas|
|inactive|lopsarrob has 30 seconds left.
|inactive|lopsarrob has 20 seconds left.
|inactive|lopsarrob has 15 seconds left.
|
|t:|1783942211
|detailschange|p1b: Palafin|Palafin-Hero, L50, M
|switch|p1b: Floette|Floette-Eternal, L50, F|100/100|[from] Flip Turn
|move|p2b: Pelipper|Tailwind|p2b: Pelipper
|-sidestart|p2: exessvgc|move: Tailwind
|
|-weather|RainDance|[upkeep]
|-heal|p2a: Archaludon|100/100|[from] item: Leftovers
|upkeep
|turn|2
|inactive|lopsarrob has 30 seconds left.
|inactive|lopsarrob has 20 seconds left.
|inactive|lopsarrob has 15 seconds left.
|
|t:|1783942253
|switch|p1a: Sneasler|Sneasler, L50, F|100/100
|detailschange|p1b: Floette|Floette-Mega, L50, F
|-mega|p1b: Floette|Floette|Floettite
|-ability|p1b: Floette|Fairy Aura
|move|p2b: Pelipper|Weather Ball|p1a: Sneasler
|-damage|p1a: Sneasler|3/100
|move|p2a: Archaludon|Electro Shot||[still]
|-prepare|p2a: Archaludon|Electro Shot
|-boost|p2a: Archaludon|spa|1
|-anim|p2a: Archaludon|Electro Shot|p1a: Sneasler
|-damage|p1a: Sneasler|0 fnt
|faint|p1a: Sneasler
|move|p1b: Floette|Dazzling Gleam|p2b: Pelipper|[spread] p2a,p2b
|-damage|p2a: Archaludon|61/100
|-damage|p2b: Pelipper|0 fnt
|-ability|p2a: Archaludon|Stamina|boost
|-boost|p2a: Archaludon|def|1
|faint|p2b: Pelipper
|
|-weather|RainDance|[upkeep]
|-heal|p2a: Archaludon|68/100|[from] item: Leftovers
|upkeep
|
|t:|1783942273
|switch|p1a: Incineroar|Incineroar, L50, M|100/100
|switch|p2b: Basculegion|Basculegion, L50, M|100/100
|-ability|p1a: Incineroar|Intimidate|boost
|-unboost|p2a: Archaludon|atk|1
|-unboost|p2b: Basculegion|atk|1
|turn|3
|inactive|lopsarrob has 30 seconds left.
|inactive|exessvgc has 30 seconds left.
|inactive|lopsarrob has 20 seconds left.
|inactive|lopsarrob has 15 seconds left.
|inactive|exessvgc has 20 seconds left.
|inactive|lopsarrob has 10 seconds left.
|
|t:|1783942319
|switch|p1a: Palafin|Palafin-Hero, L50, M|100/100
|-activate|p1a: Palafin|ability: Zero to Hero
|move|p2a: Archaludon|Protect|p2a: Archaludon
|-singleturn|p2a: Archaludon|Protect
|move|p1b: Floette|Protect|p1b: Floette
|-singleturn|p1b: Floette|Protect
|move|p2b: Basculegion|Wave Crash|p1a: Palafin
|-resisted|p1a: Palafin|1
|-damage|p1a: Palafin|68/100
|-damage|p2b: Basculegion|89/100|[from] Recoil
|
|-weather|RainDance|[upkeep]
|-heal|p2a: Archaludon|74/100|[from] item: Leftovers
|upkeep
|turn|4
|l|☆exessvgc
|inactive|exessvgc disconnected and has a minute to reconnect!
|player|p2|
|j|☆exessvgc
|inactive|exessvgc reconnected and has 35 seconds left.
|player|p2|exessvgc|lucas|
|inactive|lopsarrob has 30 seconds left.
|inactive|exessvgc has 30 seconds left.
|inactive|lopsarrob has 20 seconds left.
|inactive|exessvgc has 20 seconds left.
|
|t:|1783942357
|switch|p1a: Incineroar|Incineroar, L50, M|100/100
|-ability|p1a: Incineroar|Intimidate|boost
|-unboost|p2a: Archaludon|atk|1
|-unboost|p2b: Basculegion|atk|1
|move|p2b: Basculegion|Flip Turn|p1a: Incineroar
|-supereffective|p1a: Incineroar|1
|-damage|p1a: Incineroar|63/100
|
|t:|1783942364
|switch|p2b: Swampert|Swampert, L50, F|100/100|[from] Flip Turn
|move|p2a: Archaludon|Electro Shot||[still]
|-prepare|p2a: Archaludon|Electro Shot
|-boost|p2a: Archaludon|spa|1
|-anim|p2a: Archaludon|Electro Shot|p1a: Incineroar
|-crit|p1a: Incineroar
|-damage|p1a: Incineroar|0 fnt
|faint|p1a: Incineroar
|move|p1b: Floette|Dazzling Gleam|p2b: Swampert|[spread] p2a,p2b
|-damage|p2a: Archaludon|38/100
|-damage|p2b: Swampert|51/100
|-ability|p2a: Archaludon|Stamina|boost
|-boost|p2a: Archaludon|def|1
|
|-weather|RainDance|[upkeep]
|-heal|p2a: Archaludon|44/100|[from] item: Leftovers
|-sideend|p2: exessvgc|move: Tailwind
|upkeep
|
|t:|1783942371
|switch|p1a: Palafin|Palafin-Hero, L50, M|68/100
|turn|5
|
|t:|1783942383
|detailschange|p2b: Swampert|Swampert-Mega, L50, F
|-mega|p2b: Swampert|Swampert|Swampertite
|move|p1b: Floette|Protect|p1b: Floette
|-singleturn|p1b: Floette|Protect
|move|p2b: Swampert|Wave Crash|p1b: Floette
|-activate|p1b: Floette|move: Protect
|move|p1a: Palafin|Close Combat|p2a: Archaludon
|-supereffective|p2a: Archaludon|1
|-damage|p2a: Archaludon|14/100
|-unboost|p1a: Palafin|def|1
|-unboost|p1a: Palafin|spd|1
|-ability|p2a: Archaludon|Stamina|boost
|-boost|p2a: Archaludon|def|1
|move|p2a: Archaludon|Electro Shot||[still]
|-prepare|p2a: Archaludon|Electro Shot
|-boost|p2a: Archaludon|spa|1
|-anim|p2a: Archaludon|Electro Shot|p1a: Palafin
|-supereffective|p1a: Palafin|1
|-damage|p1a: Palafin|0 fnt
|faint|p1a: Palafin
|
|-weather|none
|-heal|p2a: Archaludon|20/100y|[from] item: Leftovers
|upkeep
|turn|6
|l|☆exessvgc
|inactive|exessvgc disconnected and has a minute to reconnect!
|player|p2|
|inactive|exessvgc has 30 seconds left.
|j|☆exessvgc
|inactive|exessvgc reconnected and has 30 seconds left.
|player|p2|exessvgc|lucas|
|inactive|exessvgc has 20 seconds left.
|
|t:|1783942421
|move|p1b: Floette|Dazzling Gleam|p2b: Swampert|[spread] p2a,p2b
|-crit|p2a: Archaludon
|-damage|p2a: Archaludon|0 fnt
|-damage|p2b: Swampert|11/100
|faint|p2a: Archaludon
|move|p2b: Swampert|Wave Crash|p1b: Floette
|-damage|p1b: Floette|27/100
|-damage|p2b: Swampert|0 fnt|[from] Recoil
|faint|p2b: Swampert
|
|upkeep
|
|t:|1783942425
|switch|p2a: Basculegion|Basculegion, L50, M|89/100
|turn|7
|
|t:|1783942437
|move|p1b: Floette|Moonblast|p2a: Basculegion
|-damage|p2a: Basculegion|3/100
|move|p2a: Basculegion|Last Respects|p1b: Floette
|-damage|p1b: Floette|0 fnt
|faint|p1b: Floette
|
|win|exessvgc
|raw|lopsarrob's rating: 1250 → 1223(-27 for losing)
|raw|exessvgc's rating: 1224 → 1251(+27 for winning)
|l|☆lopsarrob
|player|p1|
|l|☆exessvgc
|player|p2|
|j|☆exessvgc
|player|p2|exessvgc|lucas|
