|j|☆pantalonesHat
|j|☆washingtongargacha
|html|pantalonesHatwashingtongargacha    
|uhtml|bestof|Game 1 of a best-of-3
|t:|1757107851
|gametype|doubles
|player|p1|pantalonesHat|swimmer-gen4dp|1088
|player|p2|washingtongargacha|2|1109
|gen|9
|tier|[Gen 9] VGC 2025 Reg H (Bo3)
|rated|
|rule|Species Clause: Limit one of each Pokémon
|rule|Item Clause: Limit 1 of each item
|clearpoke
|poke|p1|Archaludon, L50, M|
|poke|p1|Gholdengo, L50|
|poke|p1|Incineroar, L50, F|
|poke|p1|Overqwil, L50, M|
|poke|p1|Pelipper, L50, M|
|poke|p1|Amoonguss, L50, F|
|poke|p2|Talonflame, L50, M|
|poke|p2|Gholdengo, L50|
|poke|p2|Dragonite, L50, F|
|poke|p2|Archaludon, L50, M|
|poke|p2|Tyranitar, L50, M|
|poke|p2|Garchomp, L50, M|
|teampreview|4
|showteam|p1|Archaludon||AssaultVest|Stamina|BodyPress,DragonPulse,ElectroShot,FlashCannon|||M|||50|,,,,,Steel]Gholdengo||LifeOrb|GoodasGold|MakeItRain,ShadowBall,NastyPlot,Protect||||||50|,,,,,Water]Incineroar||SafetyGoggles|Intimidate|KnockOff,Taunt,PartingShot,FakeOut|||F|||50|,,,,,Fire]Overqwil||ClearAmulet|SwiftSwim|GunkShot,SwordsDance,AquaTail,Protect|||M|||50|,,,,,Water]Pelipper||CovertCloak|Drizzle|WeatherBall,Hurricane,Protect,Tailwind|||M|||50|,,,,,Ground]Amoonguss||MentalHerb|Regenerator|Spore,RagePowder,Protect,ClearSmog|||F|||50|,,,,,Water
|showteam|p2|Talonflame||CovertCloak|GaleWings|Tailwind,DualWingbeat,Taunt,FlareBlitz|||M|||50|,,,,,Ghost]Gholdengo||ChoiceSpecs|GoodasGold|MakeItRain,SteelBeam,ShadowBall,PowerGem||||||50|,,,,,Steel]Dragonite||LoadedDice|Multiscale|ScaleShot,IceSpinner,Haze,Protect|||F|||50|,,,,,Steel]Archaludon||PowerHerb|Sturdy|FlashCannon,ElectroShot,DracoMeteor,Protect|||M|||50|,,,,,Flying]Tyranitar||AssaultVest|SandStream|KnockOff,RockSlide,TeraBlast,LowKick|||M|||50|,,,,,Flying]Garchomp||LifeOrb|RoughSkin|DragonClaw,StompingTantrum,Earthquake,Protect|||M|||50|,,,,,Steel
|
|t:|1757107909
|teamsize|p1|4
|teamsize|p2|4
|start
|switch|p1a: Overqwil|Overqwil, L50, M, shiny|100/100
|switch|p1b: Amoonguss|Amoonguss, L50, F, shiny|100/100
|switch|p2a: Talonflame|Talonflame, L50, M|100/100
|switch|p2b: Tyranitar|Tyranitar, L50, M|100/100
|-weather|Sandstorm|[from] ability: Sand Stream|[of] p2b: Tyranitar
|turn|1
|
|t:|1757107932
|switch|p1b: Pelipper|Pelipper, L50, M|100/100
|-weather|RainDance|[from] ability: Drizzle|[of] p1b: Pelipper
|-terastallize|p1a: Overqwil|Water
|-terastallize|p2b: Tyranitar|Flying
|move|p2a: Talonflame|Dual Wingbeat|p1b: Pelipper
|-damage|p1b: Pelipper|85/100
|-damage|p1b: Pelipper|69/100
|-hitcount|p1b: Pelipper|2
|move|p1a: Overqwil|Aqua Tail|p2b: Tyranitar
|-damage|p2b: Tyranitar|39/100
|move|p2b: Tyranitar|Tera Blast|p1b: Pelipper|[anim] Tera Blast Flying
|-damage|p1b: Pelipper|15/100
|
|-weather|RainDance|[upkeep]
|upkeep
|turn|2
|
|t:|1757107969
|switch|p1b: Archaludon|Archaludon, L50, M|100/100
|switch|p2b: Archaludon|Archaludon, L50, M|100/100
|move|p2a: Talonflame|Tailwind|p2a: Talonflame
|-sidestart|p2: washingtongargacha|move: Tailwind
|move|p1a: Overqwil|Swords Dance|p1a: Overqwil
|-boost|p1a: Overqwil|atk|2
|
|-weather|RainDance|[upkeep]
|upkeep
|turn|3
|
|t:|1757108003
|switch|p2a: Tyranitar|Tyranitar, L50, M, tera:Flying|39/100
|-weather|Sandstorm|[from] ability: Sand Stream|[of] p2a: Tyranitar
|move|p1a: Overqwil|Protect|p1a: Overqwil
|-singleturn|p1a: Overqwil|Protect
|move|p2b: Archaludon|Electro Shot||[still]
|-prepare|p2b: Archaludon|Electro Shot
|-boost|p2b: Archaludon|spa|1
|-enditem|p2b: Archaludon|Power Herb
|-anim|p2b: Archaludon|Electro Shot|p1a: Overqwil
|-activate|p1a: Overqwil|move: Protect
|move|p1b: Archaludon|Electro Shot||[still]
|-prepare|p1b: Archaludon|Electro Shot
|-boost|p1b: Archaludon|spa|1
|
|-weather|Sandstorm|[upkeep]
|-damage|p2a: Tyranitar|33/100|[from] Sandstorm
|-damage|p1a: Overqwil|94/100|[from] Sandstorm
|upkeep
|turn|4
|
|t:|1757108036
|switch|p1a: Amoonguss|Amoonguss, L50, F, shiny|100/100
|move|p2b: Archaludon|Protect|p2b: Archaludon
|-singleturn|p2b: Archaludon|Protect
|move|p2a: Tyranitar|Knock Off|p1a: Amoonguss
|-damage|p1a: Amoonguss|53/100
|-enditem|p1a: Amoonguss|Mental Herb|[from] move: Knock Off|[of] p2a: Tyranitar
|move|p1b: Archaludon|Electro Shot|p2b: Archaludon|[from] lockedmove
|-activate|p2b: Archaludon|move: Protect
|
|-weather|Sandstorm|[upkeep]
|-damage|p2a: Tyranitar|27/100|[from] Sandstorm
|-damage|p1a: Amoonguss|47/100|[from] Sandstorm
|upkeep
|turn|5
|
|t:|1757108063
|move|p2b: Archaludon|Draco Meteor|p1b: Archaludon
|-damage|p1b: Archaludon|27/100
|-unboost|p2b: Archaludon|spa|2
|-ability|p1b: Archaludon|Stamina|boost
|-boost|p1b: Archaludon|def|1
|move|p2a: Tyranitar|Tera Blast|p1a: Amoonguss|[anim] Tera Blast Flying
|-supereffective|p1a: Amoonguss
|-damage|p1a: Amoonguss|0 fnt
|faint|p1a: Amoonguss
|move|p1b: Archaludon|Body Press|p2b: Archaludon
|-supereffective|p2b: Archaludon
|-damage|p2b: Archaludon|39/100
|
|-weather|Sandstorm|[upkeep]
|-damage|p2a: Tyranitar|21/100|[from] Sandstorm
|-sideend|p2: washingtongargacha|move: Tailwind
|upkeep
|inactive|Battle timer is ON: inactive players will automatically lose when time's up. (requested by pantalonesHat)
|
|t:|1757108077
|switch|p1a: Pelipper|Pelipper, L50, M|15/100
|-weather|RainDance|[from] ability: Drizzle|[of] p1a: Pelipper
|turn|6
|
|t:|1757108101
|switch|p2a: Gholdengo|Gholdengo, L50|100/100
|move|p1a: Pelipper|Protect|p1a: Pelipper
|-singleturn|p1a: Pelipper|Protect
|move|p2b: Archaludon|Electro Shot||[still]
|-prepare|p2b: Archaludon|Electro Shot
|-boost|p2b: Archaludon|spa|1
|-anim|p2b: Archaludon|Electro Shot|p1a: Pelipper
|-activate|p1a: Pelipper|move: Protect
|move|p1b: Archaludon|Dragon Pulse|p2b: Archaludon
|-damage|p2b: Archaludon|0 fnt
|faint|p2b: Archaludon
|
|-weather|RainDance|[upkeep]
|upkeep
|
|t:|1757108113
|switch|p2b: Talonflame|Talonflame, L50, M|100/100
|turn|7
|
|t:|1757108126
|move|p2b: Talonflame|Tailwind|p2b: Talonflame
|-sidestart|p2: washingtongargacha|move: Tailwind
|move|p2a: Gholdengo|Make It Rain|p1a: Pelipper|[spread] p1a,p1b
|-resisted|p1a: Pelipper
|-crit|p1a: Pelipper
|-resisted|p1b: Archaludon
|-damage|p1a: Pelipper|0 fnt
|-damage|p1b: Archaludon|0 fnt
|-unboost|p2a: Gholdengo|spa|1
|faint|p1a: Pelipper
|faint|p1b: Archaludon
|
|-weather|RainDance|[upkeep]
|upkeep
|
|t:|1757108144
|switch|p1b: Overqwil|Overqwil, L50, M, shiny, tera:Water|94/100
|turn|8
|
|t:|1757108156
|switch|p2b: Tyranitar|Tyranitar, L50, M, tera:Flying|21/100
|-weather|Sandstorm|[from] ability: Sand Stream|[of] p2b: Tyranitar
|move|p2a: Gholdengo|Make It Rain|p1b: Overqwil
|-resisted|p1b: Overqwil
|-damage|p1b: Overqwil|55/100
|-unboost|p2a: Gholdengo|spa|1
|move|p1b: Overqwil|Swords Dance|p1b: Overqwil
|-boost|p1b: Overqwil|atk|2
|
|-weather|Sandstorm|[upkeep]
|-damage|p2b: Tyranitar|16/100|[from] Sandstorm
|-damage|p1b: Overqwil|49/100|[from] Sandstorm
|upkeep
|turn|9
|
|t:|1757108174
|move|p1b: Overqwil|Protect|p1b: Overqwil
|-singleturn|p1b: Overqwil|Protect
|move|p2a: Gholdengo|Make It Rain|p1b: Overqwil
|-activate|p1b: Overqwil|move: Protect
|move|p2b: Tyranitar|Knock Off|p1b: Overqwil
|-activate|p1b: Overqwil|move: Protect
|
|-weather|Sandstorm|[upkeep]
|-damage|p2b: Tyranitar|10/100|[from] Sandstorm
|-damage|p1b: Overqwil|43/100|[from] Sandstorm
|upkeep
|turn|10
|
|t:|1757108190
|move|p1b: Overqwil|Protect||[still]
|-fail|p1b: Overqwil
|move|p2a: Gholdengo|Make It Rain|p1b: Overqwil
|-resisted|p1b: Overqwil
|-damage|p1b: Overqwil|10/100
|-unboost|p2a: Gholdengo|spa|1
|move|p2b: Tyranitar|Knock Off|p1b: Overqwil
|-damage|p1b: Overqwil|0 fnt
|-enditem|p1b: Overqwil|Clear Amulet|[from] move: Knock Off|[of] p2b: Tyranitar
|faint|p1b: Overqwil
|
|win|washingtongargacha
