|j|☆theraclod
|j|☆LorGhez
|html|theraclodLorGhez    
|uhtml|bestof|Game 2 of a best-of-3
|t:|1782505924
|gametype|doubles
|player|p1|theraclod|rocketgrunt|1070
|player|p2|LorGhez|2|1124
|gen|9
|tier|[Gen 9 Champions] VGC 2026 Reg M-B (Bo3)
|rated|
|rule|Species Clause: Limit one of each Pokémon
|rule|Item Clause: Limit 1 of each item
|clearpoke
|poke|p1|Pinsir, L50, M, shiny|
|poke|p1|Sneasler, L50, M|
|poke|p1|Kingambit, L50, F, shiny|
|poke|p1|Garchomp, L50, F|
|poke|p1|Rotom-Wash, L50|
|poke|p1|Grimmsnarl, L50, M|
|poke|p2|Sceptile, L50, M|
|poke|p2|Tinkaton, L50, F|
|poke|p2|Rotom-Wash, L50|
|poke|p2|Aerodactyl, L50, F|
|poke|p2|Gyarados, L50, M|
|poke|p2|Kingambit, L50, F|
|teampreview|4
|showteam|p1|Pinsir||Pinsirite|Moxie|Feint,HighHorsepower,ThroatChop,RockSlide|Jolly||M|||50|]Sneasler||WhiteHerb|Unburden|FakeOut,CloseCombat,DireClaw,Coaching|Jolly||M|||50|]Kingambit||Leftovers|Defiant|IronHead,KowtowCleave,SuckerPunch,Protect|Adamant||F|||50|]Garchomp||LumBerry|RoughSkin|Earthquake,DragonClaw,RockSlide,PoisonJab|Jolly||F|||50|]Rotom-Wash||SitrusBerry|Levitate|Electroweb,WillOWisp,HydroPump,VoltSwitch|Modest|||||50|]Grimmsnarl||LightClay|Prankster|Swagger,LightScreen,Reflect,SpiritBreak|Careful||M|||50|
|showteam|p2|Sceptile||Sceptilite|Overgrow|Protect,GrassKnot,DragonPulse,EarthPower|Timid||M|||50|]Tinkaton||FocusSash|MoldBreaker|Protect,FakeOut,GigatonHammer,PlayRough|Adamant||F|||50|]Rotom-Wash||Leftovers|Levitate|WillOWisp,Discharge,HydroPump,LightScreen|Modest|||||50|]Aerodactyl||Aerodactylite|RockHead|Protect,Tailwind,RockSlide,DualWingbeat|Jolly||F|||50|]Gyarados||ExpertBelt|Intimidate|Protect,DragonCheer,Waterfall,TemperFlare|Jolly||M|||50|]Kingambit||ChopleBerry|Defiant|Protect,SuckerPunch,KowtowCleave,LowKick|Adamant||F|||50|
|inactive|Battle timer is ON: inactive players will automatically lose when time's up. (requested by LorGhez)
|
|t:|1782505939
|teamsize|p1|4
|teamsize|p2|4
|start
|switch|p1a: MACE ATTACK|Kingambit, L50, F, shiny|100/100
|switch|p1b: i hate staraptor|Grimmsnarl, L50, M|100/100
|switch|p2a: Sceptile|Sceptile, L50, M|100/100
|switch|p2b: Rotom|Rotom-Wash, L50|100/100
|turn|1
|
|t:|1782505955
|detailschange|p2a: Sceptile|Sceptile-Mega, L50, M
|-mega|p2a: Sceptile|Sceptile|Sceptilite
|move|p1a: MACE ATTACK|Protect|p1a: MACE ATTACK
|-singleturn|p1a: MACE ATTACK|Protect
|move|p1b: i hate staraptor|Swagger|p2b: Rotom
|-boost|p2b: Rotom|atk|2
|-start|p2b: Rotom|confusion
|move|p2a: Sceptile|Earth Power|p1a: MACE ATTACK
|-activate|p1a: MACE ATTACK|move: Protect
|-activate|p2b: Rotom|confusion
|move|p2b: Rotom|Discharge|p1b: i hate staraptor|[spread] p1b
|-activate|p1a: MACE ATTACK|move: Protect
|-ability|p2a: Sceptile|Lightning Rod|boost
|-boost|p2a: Sceptile|spa|1
|-damage|p1b: i hate staraptor|78/100
|-status|p1b: i hate staraptor|par
|
|upkeep
|turn|2
|inactive|LorGhez has 30 seconds left.
|
|t:|1782505983
|switch|p1a: 10 000 bees|Pinsir, L50, M, shiny|100/100
|move|p1b: i hate staraptor|Light Screen|p1b: i hate staraptor
|-sidestart|p1: theraclod|move: Light Screen
|move|p2a: Sceptile|Grass Knot|p1b: i hate staraptor
|-damage|p1b: i hate staraptor|49/100 par
|-activate|p2b: Rotom|confusion
|move|p2b: Rotom|Discharge|p1a: 10 000 bees|[spread] p1a,p1b
|-ability|p2a: Sceptile|Lightning Rod|boost
|-boost|p2a: Sceptile|spa|1
|-damage|p1a: 10 000 bees|69/100
|-damage|p1b: i hate staraptor|35/100 par
|
|upkeep
|turn|3
|
|t:|1782506004
|detailschange|p1a: 10 000 bees|Pinsir-Mega, L50, M, shiny
|-mega|p1a: 10 000 bees|Pinsir|Pinsirite
|move|p1a: 10 000 bees|Feint|p2a: Sceptile
|-supereffective|p2a: Sceptile|1
|-damage|p2a: Sceptile|48/100
|move|p2a: Sceptile|Dragon Pulse|p1a: 10 000 bees
|-damage|p1a: 10 000 bees|0 fnt
|faint|p1a: 10 000 bees
|-activate|p2b: Rotom|confusion
|move|p2b: Rotom|Will-O-Wisp||[still]
|-fail|p2b: Rotom
|move|p1b: i hate staraptor|Spirit Break|p2a: Sceptile
|-supereffective|p2a: Sceptile|1
|-damage|p2a: Sceptile|0 fnt
|faint|p2a: Sceptile
|
|upkeep
|
|t:|1782506024
|switch|p2a: Tinkaton|Tinkaton, L50, F|100/100
|switch|p1a: Bad driver|Sneasler, L50, M|100/100
|-ability|p2a: Tinkaton|Mold Breaker
|turn|4
|
|t:|1782506036
|move|p1a: Bad driver|Fake Out|p2a: Tinkaton
|-resisted|p2a: Tinkaton|1
|-damage|p2a: Tinkaton|90/100
|cant|p2a: Tinkaton|flinch
|-activate|p2b: Rotom|confusion
|move|p2b: Rotom|Discharge|p1a: Bad driver|[spread] p2a,p1a,p1b
|-damage|p2a: Tinkaton|63/100
|-damage|p1a: Bad driver|77/100
|-damage|p1b: i hate staraptor|20/100y par
|-status|p2a: Tinkaton|par
|-status|p1a: Bad driver|par
|move|p1b: i hate staraptor|Spirit Break|p2b: Rotom
|-damage|p2b: Rotom|69/100
|-unboost|p2b: Rotom|spa|1
|
|-heal|p2b: Rotom|75/100|[from] item: Leftovers
|upkeep
|turn|5
|inactive|theraclod has 30 seconds left.
|
|t:|1782506063
|-end|p2b: Rotom|confusion
|move|p2b: Rotom|Hydro Pump|p1a: Bad driver|[miss]
|-miss|p2b: Rotom|p1a: Bad driver
|move|p1a: Bad driver|Close Combat|p2b: Rotom
|-damage|p2b: Rotom|15/100
|-unboost|p1a: Bad driver|def|1
|-unboost|p1a: Bad driver|spd|1
|-enditem|p1a: Bad driver|White Herb
|-clearnegativeboost|p1a: Bad driver|[silent]
|move|p2a: Tinkaton|Gigaton Hammer|p1a: Bad driver
|-damage|p1a: Bad driver|0 fnt
|faint|p1a: Bad driver
|move|p1b: i hate staraptor|Spirit Break|p2b: Rotom
|-damage|p2b: Rotom|0 fnt
|faint|p2b: Rotom
|
|upkeep
|inactive|LorGhez has 30 seconds left.
|
|t:|1782506093
|switch|p1a: MACE ATTACK|Kingambit, L50, F, shiny|100/100
|switch|p2b: Kingambit|Kingambit, L50, F|100/100
|turn|6
|
|t:|1782506102
|move|p1a: MACE ATTACK|Protect|p1a: MACE ATTACK
|-singleturn|p1a: MACE ATTACK|Protect
|cant|p1b: i hate staraptor|par
|cant|p2a: Tinkaton|par
|move|p2b: Kingambit|Low Kick|p1a: MACE ATTACK
|-activate|p1a: MACE ATTACK|move: Protect
|
|upkeep
|turn|7
|
|t:|1782506119
|move|p1b: i hate staraptor|Reflect|p1b: i hate staraptor
|-sidestart|p1: theraclod|Reflect
|move|p2a: Tinkaton|Play Rough|p1b: i hate staraptor|[miss]
|-miss|p2a: Tinkaton|p1b: i hate staraptor
|move|p1a: MACE ATTACK|Iron Head|p2a: Tinkaton
|-damage|p2a: Tinkaton|0 fnt
|faint|p2a: Tinkaton
|move|p2b: Kingambit|Low Kick|p1a: MACE ATTACK
|-supereffective|p1a: MACE ATTACK|2
|-damage|p1a: MACE ATTACK|21/100
|
|-heal|p1a: MACE ATTACK|27/100|[from] item: Leftovers
|upkeep
|turn|8
|
|t:|1782506141
|move|p1a: MACE ATTACK|Protect|p1a: MACE ATTACK
|-singleturn|p1a: MACE ATTACK|Protect
|move|p2b: Kingambit|Low Kick|p1a: MACE ATTACK
|-activate|p1a: MACE ATTACK|move: Protect
|move|p1b: i hate staraptor|Spirit Break|p2b: Kingambit
|-crit|p2b: Kingambit
|-damage|p2b: Kingambit|66/100
|-unboost|p2b: Kingambit|spa|1
|-ability|p2b: Kingambit|Defiant|boost
|-boost|p2b: Kingambit|atk|2
|
|-heal|p1a: MACE ATTACK|32/100|[from] item: Leftovers
|upkeep
|turn|9
|inactive|theraclod has 30 seconds left.
|
|t:|1782506168
|move|p1a: MACE ATTACK|Kowtow Cleave|p2b: Kingambit
|-resisted|p2b: Kingambit|1
|-damage|p2b: Kingambit|48/100
|move|p2b: Kingambit|Kowtow Cleave|p1b: i hate staraptor
|-resisted|p1b: i hate staraptor|2
|-damage|p1b: i hate staraptor|0 fnt
|faint|p1b: i hate staraptor
|
|-heal|p1a: MACE ATTACK|38/100|[from] item: Leftovers
|-sideend|p1: theraclod|move: Light Screen
|upkeep
|turn|10
|
|t:|1782506178
|move|p1a: MACE ATTACK|Protect|p1a: MACE ATTACK
|-singleturn|p1a: MACE ATTACK|Protect
|move|p2b: Kingambit|Low Kick|p1a: MACE ATTACK
|-activate|p1a: MACE ATTACK|move: Protect
|
|-heal|p1a: MACE ATTACK|44/100|[from] item: Leftovers
|upkeep
|turn|11
|
|t:|1782506186
|move|p2b: Kingambit|Low Kick|p1a: MACE ATTACK
|-supereffective|p1a: MACE ATTACK|2
|-damage|p1a: MACE ATTACK|0 fnt
|faint|p1a: MACE ATTACK
|
|win|LorGhez
||theraclod is ready for game 3.
|inactive|LorGhez has 30 seconds to confirm battle start!
|inactive|LorGhez has 20 seconds to confirm battle start!
|inactive|LorGhez has 10 seconds to confirm battle start!
|uhtml|next|Next: Game 3 of 3
|l|☆theraclod
|player|p1|
