|j|☆naibot2814
|j|☆Gozante
|html|naibot2814Gozante    
|uhtml|bestof|Game 2 of a best-of-3
|t:|1783560493
|gametype|doubles
|player|p1|naibot2814|ghetsis|1325
|player|p2|Gozante|1|1376
|gen|9
|tier|[Gen 9 Champions] VGC 2026 Reg M-B (Bo3)
|rated|
|rule|Species Clause: Limit one of each Pokémon
|rule|Item Clause: Limit 1 of each item
|clearpoke
|poke|p1|Blastoise, L50, M|
|poke|p1|Incineroar, L50, M|
|poke|p1|Sneasler, L50, M|
|poke|p1|Sinistcha, L50|
|poke|p1|Kingambit, L50, M, shiny|
|poke|p1|Floette-Eternal, L50, F|
|poke|p2|Sinistcha, L50|
|poke|p2|Sneasler, L50, M|
|poke|p2|Incineroar, L50, F|
|poke|p2|Blastoise, L50, M|
|poke|p2|Kingambit, L50, F|
|poke|p2|Floette-Eternal, L50, F|
|teampreview|4
|showteam|p1|Blastoise||Blastoisinite|Torrent|WaterSpout,DarkPulse,ShellSmash,Protect|Modest||M|||50|]Incineroar||SitrusBerry|Intimidate|FakeOut,FlareBlitz,DarkestLariat,PartingShot|Careful||M|||50|]Sneasler||FocusSash|PoisonTouch|FakeOut,CloseCombat,PoisonJab,RockTomb|Jolly||M|||50|]Sinistcha||KasibBerry|Hospitality|MatchaGotcha,TrickRoom,RagePowder,Protect|Bold|||||50|]Kingambit||BlackGlasses|Defiant|KowtowCleave,SuckerPunch,SwordsDance,Protect|Adamant||M|||50|]Floette-Eternal||Floettite|FlowerVeil|DrainingKiss,DazzlingGleam,CalmMind,Protect|Modest||F|||50|
|showteam|p2|Sinistcha||OccaBerry|Hospitality|MatchaGotcha,TrickRoom,RagePowder,Protect|Bold|||||50|]Sneasler||FocusSash|PoisonTouch|CloseCombat,PoisonJab,FakeOut,RockTomb|Jolly||M|||50|]Incineroar||SitrusBerry|Intimidate|FlareBlitz,FakeOut,HelpingHand,PartingShot|Careful||F|||50|]Blastoise||Blastoisinite|RainDish|WaterSpout,DarkPulse,ShellSmash,Protect|Modest||M|||50|]Kingambit||LifeOrb|Defiant|KowtowCleave,SuckerPunch,SwordsDance,Protect|Adamant||F|||50|]Floette-Eternal||Floettite|FlowerVeil|Protect,CalmMind,DazzlingGleam,Moonblast|Modest||F|||50|
|
|t:|1783560520
|teamsize|p1|4
|teamsize|p2|4
|start
|switch|p1a: Floette|Floette-Eternal, L50, F|100/100
|switch|p1b: Sneasler|Sneasler, L50, M|100/100
|switch|p2a: Incineroar|Incineroar, L50, F|100/100
|switch|p2b: Floette|Floette-Eternal, L50, F|100/100
|-ability|p2a: Incineroar|Intimidate|boost
|-unboost|p1a: Floette|atk|1
|-unboost|p1b: Sneasler|atk|1
|turn|1
|
|t:|1783560538
|detailschange|p1a: Floette|Floette-Mega, L50, F
|-mega|p1a: Floette|Floette|Floettite
|-ability|p1a: Floette|Fairy Aura
|detailschange|p2b: Floette|Floette-Mega, L50, F
|-mega|p2b: Floette|Floette|Floettite
|-ability|p2b: Floette|Fairy Aura
|move|p1b: Sneasler|Fake Out|p2b: Floette
|-crit|p2b: Floette
|-damage|p2b: Floette|79/100
|move|p2a: Incineroar|Fake Out|p1a: Floette
|-crit|p1a: Floette
|-damage|p1a: Floette|82/100
|cant|p1a: Floette|flinch
|cant|p2b: Floette|flinch
|
|upkeep
|turn|2
|
|t:|1783560562
|switch|p2b: Sneasler|Sneasler, L50, M|100/100
|move|p1a: Floette|Protect|p1a: Floette
|-singleturn|p1a: Floette|Protect
|move|p1b: Sneasler|Close Combat|p2a: Incineroar
|-supereffective|p2a: Incineroar|1
|-damage|p2a: Incineroar|15/100
|-unboost|p1b: Sneasler|def|1
|-unboost|p1b: Sneasler|spd|1
|-status|p2a: Incineroar|psn|[from] ability: Poison Touch|[of] p1b: Sneasler
|-enditem|p2a: Incineroar|Sitrus Berry|[eat]
|-heal|p2a: Incineroar|40/100 psn|[from] item: Sitrus Berry
|move|p2a: Incineroar|Flare Blitz|p1a: Floette
|-activate|p1a: Floette|move: Protect
|
|-damage|p2a: Incineroar|28/100 psn|[from] psn
|upkeep
|turn|3
|
|t:|1783560589
|switch|p1a: Incineroar|Incineroar, L50, M|100/100
|-ability|p1a: Incineroar|Intimidate|boost
|-unboost|p2a: Incineroar|atk|1
|-unboost|p2b: Sneasler|atk|1
|switch|p2a: Floette|Floette-Mega, L50, F|79/100
|-ability|p2a: Floette|Fairy Aura
|move|p1b: Sneasler|Rock Tomb|p2b: Sneasler
|-resisted|p2b: Sneasler|1
|-damage|p2b: Sneasler|87/100
|-unboost|p2b: Sneasler|spe|1
|move|p2b: Sneasler|Rock Tomb|p1b: Sneasler
|-resisted|p1b: Sneasler|1
|-damage|p1b: Sneasler|83/100
|-unboost|p1b: Sneasler|spe|1
|
|upkeep
|turn|4
|
|t:|1783560624
|switch|p1b: Sinistcha|Sinistcha, L50|100/100
|switch|p2b: Incineroar|Incineroar, L50, F|28/100 psn
|-ability|p2b: Incineroar|Intimidate|boost
|-unboost|p1a: Incineroar|atk|1
|-unboost|p1b: Sinistcha|atk|1
|move|p2a: Floette|Dazzling Gleam|p1b: Sinistcha|[spread] p1a,p1b
|-damage|p1a: Incineroar|64/100
|-damage|p1b: Sinistcha|60/100
|move|p1a: Incineroar|Flare Blitz|p2b: Incineroar
|-resisted|p2b: Incineroar|1
|-crit|p2b: Incineroar
|-damage|p2b: Incineroar|0 fnt
|faint|p2b: Incineroar
|-damage|p1a: Incineroar|54/100|[from] Recoil
|
|upkeep
|
|t:|1783560642
|switch|p2b: Sinistcha|Sinistcha, L50|100/100
|-heal|p2a: Floette|100/100|[from] ability: Hospitality|[of] p2b: Sinistcha
|turn|5
|
|t:|1783560653
|move|p2a: Floette|Moonblast|p1a: Incineroar
|-damage|p1a: Incineroar|0 fnt
|faint|p1a: Incineroar
|move|p1b: Sinistcha|Matcha Gotcha|p2b: Sinistcha|[spread] p2a,p2b
|-resisted|p2b: Sinistcha|1
|-damage|p2a: Floette|81/100
|-heal|p1b: Sinistcha|70/100|[from] drain|[of] p2a: Floette
|-damage|p2b: Sinistcha|88/100
|-heal|p1b: Sinistcha|76/100|[from] drain|[of] p2b: Sinistcha
|move|p2b: Sinistcha|Trick Room|p2b: Sinistcha
|-fieldstart|move: Trick Room|[of] p2b: Sinistcha
|
|upkeep
|
|t:|1783560660
|switch|p1a: Floette|Floette-Mega, L50, F|82/100
|-ability|p1a: Floette|Fairy Aura
|turn|6
|
|t:|1783560666
|move|p2b: Sinistcha|Matcha Gotcha|p1a: Floette|[spread] p1a,p1b
|-resisted|p1b: Sinistcha|1
|-damage|p1a: Floette|63/100
|-heal|p2b: Sinistcha|96/100|[from] drain|[of] p1a: Floette
|-damage|p1b: Sinistcha|64/100
|-heal|p2b: Sinistcha|100/100|[from] drain|[of] p1b: Sinistcha
|move|p2a: Floette|Calm Mind|p2a: Floette
|-boost|p2a: Floette|spa|1
|-boost|p2a: Floette|spd|1
|move|p1a: Floette|Calm Mind|p1a: Floette
|-boost|p1a: Floette|spa|1
|-boost|p1a: Floette|spd|1
|move|p1b: Sinistcha|Trick Room|p1b: Sinistcha
|-fieldend|move: Trick Room
|
|upkeep
|turn|7
|
|t:|1783560677
|move|p1a: Floette|Draining Kiss|p2b: Sinistcha
|-damage|p2b: Sinistcha|42/100
|-heal|p1a: Floette|100/100|[from] drain|[of] p2b: Sinistcha
|move|p2a: Floette|Dazzling Gleam|p1b: Sinistcha|[spread] p1a,p1b
|-damage|p1a: Floette|62/100
|-damage|p1b: Sinistcha|2/100
|move|p1b: Sinistcha|Matcha Gotcha|p2b: Sinistcha|[spread] p2a,p2b
|-resisted|p2b: Sinistcha|1
|-damage|p2a: Floette|71/100
|-heal|p1b: Sinistcha|7/100|[from] drain|[of] p2a: Floette
|-damage|p2b: Sinistcha|32/100
|-heal|p1b: Sinistcha|13/100|[from] drain|[of] p2b: Sinistcha
|-status|p2a: Floette|brn
|move|p2b: Sinistcha|Trick Room|p2b: Sinistcha
|-fieldstart|move: Trick Room|[of] p2b: Sinistcha
|
|-damage|p2a: Floette|65/100 brn|[from] brn
|upkeep
|turn|8
|
|t:|1783560691
|move|p1b: Sinistcha|Protect|p1b: Sinistcha
|-singleturn|p1b: Sinistcha|Protect
|move|p2b: Sinistcha|Matcha Gotcha|p1a: Floette|[spread] p1a
|-activate|p1b: Sinistcha|move: Protect
|-damage|p1a: Floette|47/100
|-heal|p2b: Sinistcha|38/100|[from] drain|[of] p1a: Floette
|move|p2a: Floette|Moonblast|p1a: Floette
|-damage|p1a: Floette|0 fnt
|faint|p1a: Floette
|
|-damage|p2a: Floette|59/100 brn|[from] brn
|upkeep
|-message|naibot2814 forfeited.
|
|win|Gozante
|raw|naibot2814's rating: 1325 → 1308(-17 for losing)
|raw|Gozante's rating: 1376 → 1393(+17 for winning)
|l|☆naibot2814
|player|p1|
|j|☆naibot2814
|player|p1|naibot2814|ghetsis|
