|j|☆Kevin and Taffy
|j|☆jamiejoliver
|html|Kevin and Taffyjamiejoliver    
|uhtml|bestof|Game 1 of a best-of-3
|t:|1783073595
|gametype|doubles
|player|p1|Kevin and Taffy|iris-gen5bw2|1119
|player|p2|jamiejoliver|169|1139
|gen|9
|tier|[Gen 9 Champions] VGC 2026 Reg M-B (Bo3)
|rated|
|rule|Species Clause: Limit one of each Pokémon
|rule|Item Clause: Limit 1 of each item
|clearpoke
|poke|p1|Raichu, L50, M|
|poke|p1|Charizard, L50, M|
|poke|p1|Ninetales-Alola, L50, F, shiny|
|poke|p1|Incineroar, L50, F|
|poke|p1|Garchomp, L50, M|
|poke|p1|Whimsicott, L50, M|
|poke|p2|Malamar, L50, F|
|poke|p2|Maushold-Four, L50|
|poke|p2|Sinistcha-Masterpiece, L50|
|poke|p2|Grimmsnarl, L50, M|
|poke|p2|Metagross, L50|
|poke|p2|Aerodactyl, L50, F|
|teampreview|4
|showteam|p1|Raichu||RaichuniteY|LightningRod|FocusBlast,ZapCannon,Encore,Protect|Timid||M|||50|]Charizard||CharizarditeY|Blaze|SolarBeam,HeatWave,Protect,WeatherBall|Modest||M|||50|]Ninetales-Alola||NeverMeltIce|SnowWarning|Encore,Protect,FreezeDry,Blizzard|Timid||F|||50|]Incineroar||SitrusBerry|Intimidate|FakeOut,FlareBlitz,PartingShot,ThroatChop|Impish||F|||50|]Garchomp||LifeOrb|RoughSkin|DragonClaw,Earthquake,RockSlide,Protect|Jolly||M|||50|]Whimsicott||FocusSash|Prankster|Encore,Protect,Moonblast,Tailwind|Timid||M|||50|
|showteam|p2|Malamar||Malamarite|Contrary|Superpower,ThroatChop,PoisonJab,Protect|Adamant||F|||50|]Maushold-Four||ChopleBerry|FriendGuard|SuperFang,FollowMe,Taunt,Protect|Jolly|||||50|]Sinistcha-Masterpiece||SitrusBerry|Hospitality|MatchaGotcha,LifeDew,Protect,RagePowder|Bold|||||50|]Grimmsnarl||RoseliBerry|Prankster|PartingShot,FakeTears,ScaryFace,FakeOut|Careful||M|||50|]Metagross||Metagrossite|ClearBody|MeteorMash,IcePunch,BodyPress,Protect|Jolly|||||50|]Aerodactyl||FocusSash|Unnerve|RockSlide,Tailwind,Protect,DualWingbeat|Jolly||F|||50|
|inactive|Battle timer is ON: inactive players will automatically lose when time's up. (requested by Kevin and Taffy)
|inactive|Kevin and Taffy has 60 seconds left.
|inactive|jamiejoliver has 60 seconds left.
|
|t:|1783073636
|teamsize|p1|4
|teamsize|p2|4
|start
|switch|p1a: Charizard|Charizard, L50, M|100/100
|switch|p1b: Whimsicott|Whimsicott, L50, M|100/100
|switch|p2a: Malamar|Malamar, L50, F|100/100
|switch|p2b: Grimmsnarl|Grimmsnarl, L50, M|100/100
|turn|1
|inactive|jamiejoliver has 30 seconds left.
|
|t:|1783073670
|detailschange|p1a: Charizard|Charizard-Mega-Y, L50, M
|-mega|p1a: Charizard|Charizard|Charizardite Y
|-weather|SunnyDay|[from] ability: Drought|[of] p1a: Charizard
|detailschange|p2a: Malamar|Malamar-Mega, L50, F
|-mega|p2a: Malamar|Malamar|Malamarite
|move|p1b: Whimsicott|Tailwind|p1b: Whimsicott
|-sidestart|p1: Kevin and Taffy|move: Tailwind
|move|p2b: Grimmsnarl|Fake Tears|p2a: Malamar
|-boost|p2a: Malamar|spd|2
|move|p1a: Charizard|Heat Wave|p2b: Grimmsnarl|[spread] p2a,p2b
|-damage|p2a: Malamar|76/100
|-damage|p2b: Grimmsnarl|44/100
|move|p2a: Malamar|Superpower|p1b: Whimsicott
|-resisted|p1b: Whimsicott|1
|-damage|p1b: Whimsicott|75/100
|-boost|p2a: Malamar|atk|1
|-boost|p2a: Malamar|def|1
|
|-weather|SunnyDay|[upkeep]
|upkeep
|turn|2
|inactive|Kevin and Taffy has 30 seconds left.
|inactive|jamiejoliver has 30 seconds left.
|inactive|Kevin and Taffy has 20 seconds left.
|inactive|Kevin and Taffy has 15 seconds left.
|inactive|Kevin and Taffy has 10 seconds left.
|
|t:|1783073718
|switch|p1b: Incineroar|Incineroar, L50, F|100/100
|-ability|p1b: Incineroar|Intimidate|boost
|-boost|p2a: Malamar|atk|1
|-unboost|p2b: Grimmsnarl|atk|1
|move|p2b: Grimmsnarl|Parting Shot|p1a: Charizard
|-unboost|p1a: Charizard|atk|1
|-unboost|p1a: Charizard|spa|1
|
|t:|1783073734
|switch|p2b: Maushold|Maushold-Four, L50|100/100|[from] Parting Shot
|move|p1a: Charizard|Heat Wave|p2a: Malamar|[spread] p2a,p2b
|-damage|p2a: Malamar|64/100
|-damage|p2b: Maushold|55/100
|move|p2a: Malamar|Poison Jab|p1b: Incineroar
|-damage|p1b: Incineroar|64/100
|
|-weather|SunnyDay|[upkeep]
|upkeep
|turn|3
|
|t:|1783073751
|switch|p2b: Sinistcha|Sinistcha-Masterpiece, L50|100/100
|-heal|p2a: Malamar|89/100|[from] ability: Hospitality|[of] p2b: Sinistcha
|move|p2a: Malamar|Protect|p2a: Malamar
|-singleturn|p2a: Malamar|Protect
|move|p1b: Incineroar|Fake Out|p2a: Malamar
|-activate|p2a: Malamar|move: Protect
|move|p1a: Charizard|Heat Wave|p2a: Malamar|[spread] p2b
|-activate|p2a: Malamar|move: Protect
|-supereffective|p2b: Sinistcha|1
|-damage|p2b: Sinistcha|25/100
|-enditem|p2b: Sinistcha|Sitrus Berry|[eat]
|-heal|p2b: Sinistcha|50/100g|[from] item: Sitrus Berry
|
|-weather|SunnyDay|[upkeep]
|upkeep
|turn|4
|
|t:|1783073764
|move|p2b: Sinistcha|Protect|p2b: Sinistcha
|-singleturn|p2b: Sinistcha|Protect
|move|p1a: Charizard|Heat Wave|p2b: Sinistcha|[spread] p2a
|-activate|p2b: Sinistcha|move: Protect
|-damage|p2a: Malamar|76/100
|move|p1b: Incineroar|Flare Blitz|p2a: Malamar
|-damage|p2a: Malamar|23/100
|-damage|p1b: Incineroar|47/100|[from] Recoil
|-enditem|p1b: Incineroar|Sitrus Berry|[eat]
|-heal|p1b: Incineroar|72/100|[from] item: Sitrus Berry
|move|p2a: Malamar|Superpower|p1b: Incineroar
|-supereffective|p1b: Incineroar|1
|-damage|p1b: Incineroar|0 fnt
|-boost|p2a: Malamar|atk|1
|-boost|p2a: Malamar|def|1
|faint|p1b: Incineroar
|
|-weather|SunnyDay|[upkeep]
|-sideend|p1: Kevin and Taffy|move: Tailwind
|upkeep
|
|t:|1783073776
|switch|p1b: Garchomp|Garchomp, L50, M|100/100
|turn|5
|
|t:|1783073799
|switch|p2b: Grimmsnarl|Grimmsnarl, L50, M|44/100
|move|p2a: Malamar|Protect|p2a: Malamar
|-singleturn|p2a: Malamar|Protect
|move|p1b: Garchomp|Earthquake|p2b: Grimmsnarl|[spread] p2b
|-activate|p2a: Malamar|move: Protect
|-immune|p1a: Charizard
|-damage|p2b: Grimmsnarl|0 fnt
|faint|p2b: Grimmsnarl
|-damage|p1b: Garchomp|90/100|[from] item: Life Orb
|move|p1a: Charizard|Heat Wave|p2a: Malamar
|-activate|p2a: Malamar|move: Protect
|
|-weather|none
|upkeep
|
|t:|1783073809
|switch|p2b: Sinistcha|Sinistcha-Masterpiece, L50|50/100g
|-heal|p2a: Malamar|48/100|[from] ability: Hospitality|[of] p2b: Sinistcha
|turn|6
|
|t:|1783073832
|switch|p1a: Whimsicott|Whimsicott, L50, M|75/100
|switch|p2b: Maushold|Maushold-Four, L50|55/100
|move|p1b: Garchomp|Rock Slide|p2b: Maushold|[spread] p2a
|-miss|p1b: Garchomp|p2b: Maushold
|-damage|p2a: Malamar|38/100
|-damage|p1b: Garchomp|80/100|[from] item: Life Orb
|move|p2a: Malamar|Throat Chop|p1b: Garchomp
|-damage|p1b: Garchomp|0 fnt
|-damage|p2a: Malamar|26/100|[from] ability: Rough Skin|[of] p1b: Garchomp
|faint|p1b: Garchomp
|
|upkeep
|inactive|Kevin and Taffy has 30 seconds left.
|
|t:|1783073866
|switch|p1b: Charizard|Charizard-Mega-Y, L50, M|100/100
|-weather|SunnyDay|[from] ability: Drought|[of] p1b: Charizard
|turn|7
|
|t:|1783073876
|switch|p2b: Sinistcha|Sinistcha-Masterpiece, L50|50/100g
|-heal|p2a: Malamar|51/100|[from] ability: Hospitality|[of] p2b: Sinistcha
|move|p2a: Malamar|Protect|p2a: Malamar
|-singleturn|p2a: Malamar|Protect
|move|p1a: Whimsicott|Moonblast|p2a: Malamar
|-activate|p2a: Malamar|move: Protect
|move|p1b: Charizard|Heat Wave|p2b: Sinistcha|[spread] p2b
|-activate|p2a: Malamar|move: Protect
|-supereffective|p2b: Sinistcha|1
|-damage|p2b: Sinistcha|0 fnt
|faint|p2b: Sinistcha
|
|-weather|SunnyDay|[upkeep]
|upkeep
|
|t:|1783073881
|switch|p2b: Maushold|Maushold-Four, L50|55/100
|turn|8
|inactive|jamiejoliver has 30 seconds left.
|inactive|jamiejoliver has 20 seconds left.
|inactive|jamiejoliver has 15 seconds left.
|
|t:|1783073923
|move|p1a: Whimsicott|Moonblast|p2a: Malamar
|-supereffective|p2a: Malamar|1
|-damage|p2a: Malamar|32/100
|move|p2b: Maushold|Super Fang|p1b: Charizard
|-damage|p1b: Charizard|50/100y
|move|p1b: Charizard|Weather Ball|p2a: Malamar
|-damage|p2a: Malamar|8/100
|move|p2a: Malamar|Throat Chop|p1b: Charizard
|-damage|p1b: Charizard|0 fnt
|faint|p1b: Charizard
|
|-weather|SunnyDay|[upkeep]
|upkeep
|turn|9
|
|t:|1783073936
|move|p2b: Maushold|Follow Me|p2b: Maushold
|-singleturn|p2b: Maushold|move: Follow Me
|move|p1a: Whimsicott|Moonblast|p2b: Maushold
|-damage|p2b: Maushold|13/100
|move|p2a: Malamar|Poison Jab|p1a: Whimsicott
|-supereffective|p1a: Whimsicott|2
|-damage|p1a: Whimsicott|0 fnt
|faint|p1a: Whimsicott
|
|win|jamiejoliver
||Kevin and Taffy is ready for game 2.
|inactive|jamiejoliver has 30 seconds to confirm battle start!
