|j|☆II Nydalos II
|j|☆maksimilian123
|html|II Nydalos IImaksimilian123    
|uhtml|bestof|Game 2 of a best-of-3
|t:|1783635586
|gametype|doubles
|player|p1|II Nydalos II|101|1049
|player|p2|maksimilian123|266|1044
|gen|9
|tier|[Gen 9 Champions] VGC 2026 Reg M-B (Bo3)
|rated|
|rule|Species Clause: Limit one of each Pokémon
|rule|Item Clause: Limit 1 of each item
|clearpoke
|poke|p1|Kingambit, L50, F|
|poke|p1|Raichu, L50, M|
|poke|p1|Feraligatr, L50, M|
|poke|p1|Ninetales-Alola, L50, F|
|poke|p1|Decidueye-Hisui, L50, M|
|poke|p1|Volcarona, L50, M|
|poke|p2|Gardevoir, L50, M|
|poke|p2|Talonflame, L50, F|
|poke|p2|Torkoal, L50, F|
|poke|p2|Vileplume, L50, M|
|poke|p2|Rotom-Wash, L50|
|poke|p2|Garchomp, L50, M|
|teampreview|4
|showteam|p1|Kingambit||OccaBerry|Defiant|KowtowCleave,SuckerPunch,IronHead,Protect|Adamant||F|||50|]Raichu||RaichuniteY|LightningRod|ZapCannon,FocusBlast,FakeOut,Protect|Timid||M|||50|]Feraligatr||Feraligite|SheerForce|Liquidation,DoubleEdge,AquaJet,Protect|Jolly||M|||50|]Ninetales-Alola||FocusSash|SnowWarning|Blizzard,FreezeDry,AuroraVeil,Protect|Serious||F|||50|]Decidueye-Hisui||ScopeLens|Scrappy|TripleArrows,LeafBlade,BraveBird,Protect|Adamant||M|||50|]Volcarona||Leftovers|FlameBody|Overheat,RagePowder,Tailwind,Protect|Timid||M|||50|
|showteam|p2|Gardevoir||Gardevoirite|Synchronize|HyperVoice,Psychic,EnergyBall,CalmMind|Timid||M|||50|]Talonflame||FocusSash|GaleWings|Tailwind,Protect,FlareBlitz,BraveBird|Adamant||F|||50|]Torkoal||Charcoal|Drought|Eruption,Yawn,Protect,SolarBeam|Modest||F|||50|]Vileplume||SitrusBerry|Chlorophyll|SolarBeam,SleepPowder,AfterYou,PollenPuff|Timid||M|||50|]Rotom-Wash||ChoiceScarf|Levitate|Electroweb,Trick,VoltSwitch,HydroPump|Timid|||||50|]Garchomp||LifeOrb|RoughSkin|RockSlide,Earthquake,DragonClaw,Protect|Jolly||M|||50|
|inactive|Battle timer is ON: inactive players will automatically lose when time's up. (requested by maksimilian123)
|
|t:|1783635611
|teamsize|p1|4
|teamsize|p2|4
|start
|switch|p1a: Decidueye|Decidueye-Hisui, L50, M|100/100
|switch|p1b: Raichu|Raichu, L50, M|100/100
|switch|p2a: Talonflame|Talonflame, L50, F|100/100
|switch|p2b: Gardevoir|Gardevoir, L50, M|100/100
|turn|1
|
|t:|1783635634
|detailschange|p1b: Raichu|Raichu-Mega-Y, L50, M
|-mega|p1b: Raichu|Raichu|Raichunite Y
|detailschange|p2b: Gardevoir|Gardevoir-Mega, L50, M
|-mega|p2b: Gardevoir|Gardevoir|Gardevoirite
|move|p2a: Talonflame|Protect|p2a: Talonflame
|-singleturn|p2a: Talonflame|Protect
|move|p1b: Raichu|Fake Out|p2a: Talonflame
|-activate|p2a: Talonflame|move: Protect
|move|p2b: Gardevoir|Calm Mind|p2b: Gardevoir
|-boost|p2b: Gardevoir|spa|1
|-boost|p2b: Gardevoir|spd|1
|move|p1a: Decidueye|Brave Bird|p2a: Talonflame
|-activate|p2a: Talonflame|move: Protect
|
|upkeep
|turn|2
|
|t:|1783635655
|switch|p1b: Feraligatr|Feraligatr, L50, M|100/100
|switch|p1a: Ninetales|Ninetales-Alola, L50, F|100/100
|-weather|Snowscape|[from] ability: Snow Warning|[of] p1a: Ninetales
|move|p2a: Talonflame|Tailwind|p2a: Talonflame
|-sidestart|p2: maksimilian123|move: Tailwind
|move|p2b: Gardevoir|Hyper Voice|p1b: Feraligatr|[spread] p1a,p1b
|-damage|p1a: Ninetales|8/100
|-damage|p1b: Feraligatr|14/100
|
|-weather|Snowscape|[upkeep]
|upkeep
|turn|3
|
|t:|1783635671
|switch|p2a: Garchomp|Garchomp, L50, M|100/100
|move|p1b: Feraligatr|Aqua Jet|p2a: Garchomp
|-damage|p2a: Garchomp|82/100
|-damage|p1b: Feraligatr|1/100|[from] ability: Rough Skin|[of] p2a: Garchomp
|move|p2b: Gardevoir|Hyper Voice|p1a: Ninetales|[spread] p1a,p1b
|-damage|p1a: Ninetales|0 fnt
|-damage|p1b: Feraligatr|0 fnt
|faint|p1a: Ninetales
|faint|p1b: Feraligatr
|
|-weather|Snowscape|[upkeep]
|upkeep
|
|t:|1783635674
|switch|p1a: Raichu|Raichu-Mega-Y, L50, M|100/100
|switch|p1b: Decidueye|Decidueye-Hisui, L50, M|100/100
|turn|4
|inactive|maksimilian123 has 30 seconds left.
|inactive|II Nydalos II has 30 seconds left.
|
|t:|1783635706
|move|p1a: Raichu|Fake Out|p2b: Gardevoir
|-damage|p2b: Gardevoir|86/100
|move|p2a: Garchomp|Rock Slide|p1a: Raichu|[spread] p1a,p1b
|-resisted|p1b: Decidueye|1
|-damage|p1a: Raichu|41/100
|-damage|p1b: Decidueye|87/100
|-damage|p2a: Garchomp|72/100|[from] item: Life Orb
|cant|p2b: Gardevoir|flinch
|cant|p1b: Decidueye|flinch
|
|-weather|Snowscape|[upkeep]
|upkeep
|turn|5
|
|t:|1783635718
|move|p1a: Raichu|Protect|p1a: Raichu
|-singleturn|p1a: Raichu|Protect
|move|p2a: Garchomp|Rock Slide|p1a: Raichu|[spread] p1b
|-activate|p1a: Raichu|move: Protect
|-resisted|p1b: Decidueye|1
|-damage|p1b: Decidueye|75/100
|-damage|p2a: Garchomp|62/100|[from] item: Life Orb
|move|p2b: Gardevoir|Hyper Voice|p1b: Decidueye|[spread] p1b
|-activate|p1a: Raichu|move: Protect
|-supereffective|p1b: Decidueye|1
|-damage|p1b: Decidueye|0 fnt
|faint|p1b: Decidueye
|
|-weather|Snowscape|[upkeep]
|-sideend|p2: maksimilian123|move: Tailwind
|upkeep
|turn|6
|
|t:|1783635730
|move|p1a: Raichu|Zap Cannon|p2b: Gardevoir
|-damage|p2b: Gardevoir|42/100
|-status|p2b: Gardevoir|par
|move|p2a: Garchomp|Rock Slide|p1a: Raichu
|-damage|p1a: Raichu|0 fnt
|faint|p1a: Raichu
|-damage|p2a: Garchomp|52/100|[from] item: Life Orb
|
|win|maksimilian123
|raw|II Nydalos II's rating: 1049 → 1031(-18 for losing)
|raw|maksimilian123's rating: 1044 → 1078(+34 for winning)
|l|☆II Nydalos II
|player|p1|
