|j|☆defaulttesting
|j|☆Pranag140
|html|defaulttestingPranag140    
|uhtml|bestof|Game 3 of a best-of-3
|t:|1757228765
|gametype|doubles
|player|p1|defaulttesting|plasmagrunt-gen5bw|1133
|player|p2|Pranag140|101|1196
|gen|9
|tier|[Gen 9] VGC 2025 Reg H (Bo3)
|rated|
|rule|Species Clause: Limit one of each Pokémon
|rule|Item Clause: Limit 1 of each item
|clearpoke
|poke|p1|Talonflame, L50, M|
|poke|p1|Hitmontop, L50, M|
|poke|p1|Primarina, L50, M|
|poke|p1|Tyranitar, L50, M|
|poke|p1|Amoonguss, L50, F|
|poke|p1|Garchomp, L50, F|
|poke|p2|Archaludon, L50, M|
|poke|p2|Kingdra, L50, F|
|poke|p2|Politoed, L50, F|
|poke|p2|Gothitelle, L50, M|
|poke|p2|Amoonguss, L50, F|
|poke|p2|Incineroar, L50, M|
|teampreview|4
|showteam|p1|Talonflame||SafetyGoggles|GaleWings|FlareBlitz,BraveBird,Tailwind,Protect|||M|||50|,,,,,Ghost]Hitmontop||EjectButton|Intimidate|CloseCombat,WideGuard,FakeOut,Feint|||M|||50|,,,,,Steel]Primarina||ThroatSpray|LiquidVoice|HyperVoice,Moonblast,IcyWind,Protect|||M|||50|,,,,,Poison]Tyranitar||ClearAmulet|SandStream|RockSlide,TeraBlast,KnockOff,Protect|||M|||50|,,,,,Flying]Amoonguss||RockyHelmet|Regenerator|RagePowder,PollenPuff,Spore,Protect|||F|||50|,,,,,Fire]Garchomp||LifeOrb|SandVeil|StompingTantrum,DragonClaw,Earthquake,Protect|||F|||50|,,,,,Ground
|showteam|p2|Archaludon||PowerHerb|Sturdy|Protect,ElectroShot,FlashCannon,DragonPulse|||M|||50|,,,,,Electric]Kingdra||LifeOrb|SwiftSwim|Protect,DracoMeteor,WeatherBall,MuddyWater|||F|||50|,,,,,Stellar]Politoed||Leftovers|Drizzle|Protect,WeatherBall,PerishSong,Encore|||F|||50|,,,,,Grass]Gothitelle||SitrusBerry|ShadowTag|FakeOut,Protect,Psychic,TrickRoom|||M|||50|,,,,,Dark]Amoonguss||EjectButton|Regenerator|Protect,Spore,RagePowder,PollenPuff|||F|||50|,,,,,Fairy]Incineroar||SafetyGoggles|Intimidate|FakeOut,KnockOff,PartingShot,Protect|||M|||50|,,,,,Ghost
|inactive|Battle timer is ON: inactive players will automatically lose when time's up. (requested by defaulttesting)
|
|t:|1757228794
|teamsize|p1|4
|teamsize|p2|4
|start
|switch|p1a: Tyranitar|Tyranitar, L50, M|100/100
|switch|p1b: Primarina|Primarina, L50, M|100/100
|switch|p2a: Kingdra|Kingdra, L50, F|100/100
|switch|p2b: Gothitelle|Gothitelle, L50, M|100/100
|-weather|Sandstorm|[from] ability: Sand Stream|[of] p1a: Tyranitar
|turn|1
|
|t:|1757228808
|move|p1a: Tyranitar|Protect|p1a: Tyranitar
|-singleturn|p1a: Tyranitar|Protect
|move|p2b: Gothitelle|Fake Out|p1b: Primarina
|-damage|p1b: Primarina|93/100
|move|p2a: Kingdra|Muddy Water|p1b: Primarina|[spread] p1b
|-activate|p1a: Tyranitar|move: Protect
|-resisted|p1b: Primarina
|-damage|p1b: Primarina|77/100
|-damage|p2a: Kingdra|91/100|[from] item: Life Orb
|cant|p1b: Primarina|flinch
|
|-weather|Sandstorm|[upkeep]
|-damage|p2a: Kingdra|85/100|[from] Sandstorm
|-damage|p1b: Primarina|71/100|[from] Sandstorm
|-damage|p2b: Gothitelle|94/100|[from] Sandstorm
|upkeep
|turn|2
|
|t:|1757228825
|switch|p2b: Politoed|Politoed, L50, F|100/100
|-weather|RainDance|[from] ability: Drizzle|[of] p2b: Politoed
|-terastallize|p1a: Tyranitar|Flying
|move|p2a: Kingdra|Protect|p2a: Kingdra
|-singleturn|p2a: Kingdra|Protect
|move|p1a: Tyranitar|Knock Off|p2b: Politoed
|-damage|p2b: Politoed|45/100
|-enditem|p2b: Politoed|Leftovers|[from] move: Knock Off|[of] p1a: Tyranitar
|move|p1b: Primarina|Icy Wind|p2b: Politoed|[spread] p2b
|-activate|p2a: Kingdra|move: Protect
|-resisted|p2b: Politoed
|-damage|p2b: Politoed|40/100
|-unboost|p2b: Politoed|spe|1
|
|-weather|RainDance|[upkeep]
|upkeep
|turn|3
|inactive|defaulttesting has 30 seconds left.
|inactive|Pranag140 has 30 seconds left.
|
|t:|1757228857
|move|p2a: Kingdra|Weather Ball|p1a: Tyranitar
|-damage|p1a: Tyranitar|16/100
|-damage|p2a: Kingdra|75/100|[from] item: Life Orb
|move|p1a: Tyranitar|Rock Slide|p2b: Politoed|[spread] p2a
|-miss|p1a: Tyranitar|p2b: Politoed
|-damage|p2a: Kingdra|33/100
|move|p1b: Primarina|Moonblast|p2a: Kingdra
|-supereffective|p2a: Kingdra
|-damage|p2a: Kingdra|0 fnt
|faint|p2a: Kingdra
|move|p2b: Politoed|Weather Ball|p1a: Tyranitar
|-damage|p1a: Tyranitar|0 fnt
|faint|p1a: Tyranitar
|
|-weather|RainDance|[upkeep]
|upkeep
|
|t:|1757228877
|switch|p2a: Incineroar|Incineroar, L50, M|100/100
|switch|p1a: Garchomp|Garchomp, L50, F|100/100
|-ability|p2a: Incineroar|Intimidate|boost
|-unboost|p1a: Garchomp|atk|1
|-unboost|p1b: Primarina|atk|1
|turn|4
|
|t:|1757228893
|move|p2a: Incineroar|Fake Out|p1b: Primarina
|-damage|p1b: Primarina|59/100
|move|p1a: Garchomp|Stomping Tantrum|p2b: Politoed
|-damage|p2b: Politoed|5/100
|-damage|p1a: Garchomp|91/100|[from] item: Life Orb
|cant|p1b: Primarina|flinch
|move|p2b: Politoed|Encore|p1b: Primarina
|-start|p1b: Primarina|Encore
|
|-weather|RainDance|[upkeep]
|upkeep
|turn|5
|inactive|defaulttesting has 30 seconds left.
|
|t:|1757228924
|switch|p1b: Hitmontop|Hitmontop, L50, M|100/100
|-ability|p1b: Hitmontop|Intimidate|boost
|-unboost|p2a: Incineroar|atk|1
|-unboost|p2b: Politoed|atk|1
|move|p1a: Garchomp|Stomping Tantrum|p2a: Incineroar
|-supereffective|p2a: Incineroar
|-damage|p2a: Incineroar|31/100
|-damage|p1a: Garchomp|81/100|[from] item: Life Orb
|move|p2b: Politoed|Perish Song|p2b: Politoed
|-start|p1a: Garchomp|perish3|[silent]
|-start|p1b: Hitmontop|perish3|[silent]
|-start|p2a: Incineroar|perish3|[silent]
|-start|p2b: Politoed|perish3|[silent]
|-fieldactivate|move: Perish Song
|move|p2a: Incineroar|Parting Shot|p1a: Garchomp
|-unboost|p1a: Garchomp|atk|1
|-unboost|p1a: Garchomp|spa|1
|
|t:|1757228937
|switch|p2a: Gothitelle|Gothitelle, L50, M|94/100|[from] Parting Shot
|
|-weather|RainDance|[upkeep]
|-start|p1a: Garchomp|perish3
|-start|p1b: Hitmontop|perish3
|-start|p2b: Politoed|perish3
|upkeep
|turn|6
|inactive|Pranag140 has 30 seconds left.
|
|t:|1757228968
|switch|p2b: Incineroar|Incineroar, L50, M|31/100
|-ability|p2b: Incineroar|Intimidate|boost
|-unboost|p1a: Garchomp|atk|1
|-unboost|p1b: Hitmontop|atk|1
|move|p2a: Gothitelle|Fake Out|p1a: Garchomp
|-damage|p1a: Garchomp|74/100
|move|p1b: Hitmontop|Feint|p2b: Incineroar
|-damage|p2b: Incineroar|27/100
|cant|p1a: Garchomp|flinch
|
|-weather|none
|-start|p1a: Garchomp|perish2
|-start|p1b: Hitmontop|perish2
|upkeep
|turn|7
|
|t:|1757228985
|move|p2b: Incineroar|Fake Out|p1a: Garchomp
|-damage|p1a: Garchomp|64/100
|move|p1b: Hitmontop|Feint|p2a: Gothitelle
|-damage|p2a: Gothitelle|90/100
|cant|p1a: Garchomp|flinch
|move|p2a: Gothitelle|Trick Room|p2a: Gothitelle
|-fieldstart|move: Trick Room|[of] p2a: Gothitelle
|
|-start|p1b: Hitmontop|perish1
|-start|p1a: Garchomp|perish1
|upkeep
|turn|8
|
|t:|1757229008
|move|p2b: Incineroar|Protect|p2b: Incineroar
|-singleturn|p2b: Incineroar|Protect
|move|p2a: Gothitelle|Protect|p2a: Gothitelle
|-singleturn|p2a: Gothitelle|Protect
|move|p1b: Hitmontop|Close Combat|p2b: Incineroar
|-activate|p2b: Incineroar|move: Protect
|move|p1a: Garchomp|Earthquake|p2a: Gothitelle|[spread] p1b
|-activate|p2a: Gothitelle|move: Protect
|-activate|p2b: Incineroar|move: Protect
|-crit|p1b: Hitmontop
|-damage|p1b: Hitmontop|28/100
|-enditem|p1b: Hitmontop|Eject Button
|-damage|p1a: Garchomp|55/100|[from] item: Life Orb
|
|t:|1757229013
|switch|p1b: Primarina|Primarina, L50, M|59/100
|
|-start|p1a: Garchomp|perish0
|faint|p1a: Garchomp
|upkeep
|
|t:|1757229014
|switch|p1a: Hitmontop|Hitmontop, L50, M|28/100
|-ability|p1a: Hitmontop|Intimidate|boost
|-unboost|p2a: Gothitelle|atk|1
|-unboost|p2b: Incineroar|atk|1
|turn|9
|
|t:|1757229036
|move|p1a: Hitmontop|Fake Out|p2b: Incineroar
|-damage|p2b: Incineroar|18/100
|cant|p2b: Incineroar|flinch
|move|p2a: Gothitelle|Psychic|p1a: Hitmontop
|-supereffective|p1a: Hitmontop
|-damage|p1a: Hitmontop|0 fnt
|faint|p1a: Hitmontop
|move|p1b: Primarina|Hyper Voice|p2b: Incineroar|[spread] p2a,p2b
|-supereffective|p2b: Incineroar
|-damage|p2a: Gothitelle|65/100
|-damage|p2b: Incineroar|0 fnt
|faint|p2b: Incineroar
|-enditem|p1b: Primarina|Throat Spray
|-boost|p1b: Primarina|spa|1|[from] item: Throat Spray
|
|upkeep
|
|t:|1757229050
|switch|p2b: Politoed|Politoed, L50, F|5/100
|-weather|RainDance|[from] ability: Drizzle|[of] p2b: Politoed
|turn|10
|
|t:|1757229064
|move|p2a: Gothitelle|Psychic|p1b: Primarina
|-damage|p1b: Primarina|35/100
|-unboost|p1b: Primarina|spd|1
|move|p1b: Primarina|Hyper Voice|p2b: Politoed|[spread] p2a,p2b
|-resisted|p2b: Politoed
|-damage|p2a: Gothitelle|10/100
|-damage|p2b: Politoed|0 fnt
|-enditem|p2a: Gothitelle|Sitrus Berry|[eat]
|-heal|p2a: Gothitelle|35/100|[from] item: Sitrus Berry
|faint|p2b: Politoed
|
|-weather|RainDance|[upkeep]
|upkeep
|turn|11
|
|t:|1757229076
|move|p1b: Primarina|Protect|p1b: Primarina
|-singleturn|p1b: Primarina|Protect
|move|p2a: Gothitelle|Psychic|p1b: Primarina
|-activate|p1b: Primarina|move: Protect
|
|-weather|RainDance|[upkeep]
|-fieldend|move: Trick Room
|upkeep
|turn|12
|
|t:|1757229085
|move|p1b: Primarina|Hyper Voice|p2a: Gothitelle
|-damage|p2a: Gothitelle|0 fnt
|faint|p2a: Gothitelle
|
|win|defaulttesting
|raw|defaulttesting's rating: 1133 → 1162(+29 for winning)
|raw|Pranag140's rating: 1196 → 1167(-29 for losing)
|c|☆Pranag140|gg
|c|☆defaulttesting|U2
