|j|☆NoitUK_VGC
|j|☆Masonononon
|html|NoitUK_VGCMasonononon    
|uhtml|bestof|Game 2 of a best-of-3
|t:|1782509333
|gametype|doubles
|player|p1|NoitUK_VGC|2|1048
|player|p2|Masonononon|1|1060
|gen|9
|tier|[Gen 9 Champions] VGC 2026 Reg M-B (Bo3)
|rated|
|rule|Species Clause: Limit one of each Pokémon
|rule|Item Clause: Limit 1 of each item
|clearpoke
|poke|p1|Raichu, L50, M, shiny|
|poke|p1|Pelipper, L50, M|
|poke|p1|Sableye, L50, F|
|poke|p1|Swampert, L50, M|
|poke|p1|Archaludon, L50, F|
|poke|p1|Sinistcha-Masterpiece, L50, shiny|
|poke|p2|Lucario, L50, M, shiny|
|poke|p2|Whimsicott, L50, M, shiny|
|poke|p2|Sinistcha-Masterpiece, L50|
|poke|p2|Garchomp, L50, F|
|poke|p2|Tyranitar, L50, M|
|poke|p2|Starmie, L50, shiny|
|teampreview|4
|showteam|p1|Raichu||RaichuniteX|LightningRod|PlayRough,VoltTackle,VoltSwitch,FakeOut|Hasty||M|||50|]Pelipper||SitrusBerry|Drizzle|WeatherBall,Hurricane,Tailwind,WideGuard|Bold||M|||50|]Sableye||RoseliBerry|Prankster|FakeOut,FoulPlay,Quash,RainDance|Relaxed||F|||50|]Swampert||Swampertite|Torrent|Protect,WaveCrash,HighHorsepower,Earthquake|Adamant||M|||50|]Archaludon||Leftovers|Stamina|Protect,ElectroShot,DragonPulse,FlashCannon|Modest||F|||50|]Sinistcha-Masterpiece||KasibBerry|Hospitality|Protect,MatchaGotcha,RagePowder,TrickRoom|Bold|||||50|
|showteam|p2|Lucario||Lucarionite|Steadfast|AuraSphere,CloseCombat,FlashCannon,StoneEdge|Naive||M|||50|]Whimsicott||FairyFeather|Prankster|Tailwind,Encore,FakeTears,Moonblast|Timid||M|||50|]Sinistcha-Masterpiece||CobaBerry|Hospitality|MatchaGotcha,RagePowder,TrickRoom,Protect|Serious|||||50|]Garchomp||Leftovers|SandVeil|DragonClaw,Earthquake,SwordsDance,Protect|Jolly||F|||50|]Tyranitar||ChopleBerry|SandStream|StealthRock,RockTomb,ThunderWave,KnockOff|Careful||M|||50|]Starmie||Starminite|Illuminate|SkillSwap,AquaJet,SelfDestruct,Protect|Jolly|||||50|
|
|t:|1782509365
|teamsize|p1|4
|teamsize|p2|4
|start
|switch|p1a: Raichu|Raichu, L50, M, shiny|100/100
|switch|p1b: Archaludon|Archaludon, L50, F|100/100
|switch|p2a: Lucario|Lucario, L50, M, shiny|100/100
|switch|p2b: Whimsicott|Whimsicott, L50, M, shiny|100/100
|turn|1
|inactive|Battle timer is ON: inactive players will automatically lose when time's up. (requested by NoitUK_VGC)
|
|t:|1782509385
|detailschange|p2a: Lucario|Lucario-Mega, L50, M, shiny
|-mega|p2a: Lucario|Lucario|Lucarionite
|move|p1a: Raichu|Fake Out|p2a: Lucario
|-resisted|p2a: Lucario|1
|-damage|p2a: Lucario|93/100
|move|p2b: Whimsicott|Tailwind|p2b: Whimsicott
|-sidestart|p2: Masonononon|move: Tailwind
|cant|p2a: Lucario|flinch
|move|p1b: Archaludon|Flash Cannon|p2b: Whimsicott
|-supereffective|p2b: Whimsicott|1
|-damage|p2b: Whimsicott|16/100
|-unboost|p2b: Whimsicott|spd|1
|
|upkeep
|turn|2
|inactive|NoitUK_VGC has 30 seconds left.
|inactive|NoitUK_VGC has 20 seconds left.
|inactive|NoitUK_VGC has 15 seconds left.
|
|t:|1782509428
|switch|p1b: Swampert|Swampert, L50, M|100/100
|move|p2b: Whimsicott|Encore|p1a: Raichu
|-start|p1a: Raichu|Encore
|move|p1a: Raichu|Fake Out||[still]
|-hint|Fake Out only works on your first turn out.
|-fail|p1a: Raichu
|move|p2a: Lucario|Aura Sphere|p1b: Swampert
|-damage|p1b: Swampert|28/100
|
|upkeep
|turn|3
|inactive|Masonononon has 30 seconds left.
|
|t:|1782509456
|switch|p1a: Pelipper|Pelipper, L50, M|100/100
|-weather|RainDance|[from] ability: Drizzle|[of] p1a: Pelipper
|detailschange|p1b: Swampert|Swampert-Mega, L50, M
|-mega|p1b: Swampert|Swampert|Swampertite
|move|p2b: Whimsicott|Fake Tears|p1a: Pelipper
|-unboost|p1a: Pelipper|spd|2
|move|p2a: Lucario|Aura Sphere|p1b: Swampert
|-damage|p1b: Swampert|0 fnt
|faint|p1b: Swampert
|
|-weather|RainDance|[upkeep]
|upkeep
|
|t:|1782509469
|switch|p1b: Archaludon|Archaludon, L50, F|100/100
|turn|4
|
|t:|1782509490
|switch|p2b: Cynthia|Garchomp, L50, F|100/100
|switch|p1b: Raichu|Raichu, L50, M, shiny|100/100
|move|p2a: Lucario|Stone Edge|p1a: Pelipper
|-supereffective|p1a: Pelipper|1
|-crit|p1a: Pelipper
|-damage|p1a: Pelipper|0 fnt
|faint|p1a: Pelipper
|
|-weather|RainDance|[upkeep]
|-sideend|p2: Masonononon|move: Tailwind
|upkeep
|
|t:|1782509500
|switch|p1a: Archaludon|Archaludon, L50, F|100/100
|turn|5
|
|t:|1782509512
|move|p1b: Raichu|Play Rough|p2b: Cynthia
|-supereffective|p2b: Cynthia|1
|-damage|p2b: Cynthia|55/100
|move|p2b: Cynthia|Earthquake|p1b: Raichu|[spread] p2a,p1a,p1b
|-supereffective|p2a: Lucario|1
|-supereffective|p1a: Archaludon|1
|-supereffective|p1b: Raichu|1
|-damage|p2a: Lucario|0 fnt
|-damage|p1a: Archaludon|42/100
|-damage|p1b: Raichu|0 fnt
|-ability|p1a: Archaludon|Stamina|boost
|-boost|p1a: Archaludon|def|1
|faint|p2a: Lucario
|faint|p1b: Raichu
|move|p1a: Archaludon|Electro Shot||[still]
|-prepare|p1a: Archaludon|Electro Shot
|-boost|p1a: Archaludon|spa|1
|-anim|p1a: Archaludon|Electro Shot|p2b: Cynthia
|-immune|p2b: Cynthia
|
|-weather|RainDance|[upkeep]
|-heal|p2b: Cynthia|61/100|[from] item: Leftovers
|-heal|p1a: Archaludon|48/100|[from] item: Leftovers
|upkeep
|
|t:|1782509519
|switch|p2a: Whimsicott|Whimsicott, L50, M, shiny|16/100
|turn|6
|-message|NoitUK_VGC forfeited.
|
|win|Masonononon
||Masonononon is ready for game 3.
