|j|☆houseofpros
|j|☆Cris1979luc
|html|houseofprosCris1979luc    
|uhtml|bestof|Game 2 of a best-of-3
|t:|1756968928
|gametype|doubles
|player|p1|houseofpros|lucas-gen4pt|1111
|player|p2|Cris1979luc|norman|1000
|gen|9
|tier|[Gen 9] VGC 2025 Reg H (Bo3)
|rated|
|rule|Species Clause: Limit one of each Pokémon
|rule|Item Clause: Limit 1 of each item
|clearpoke
|poke|p1|Amoonguss, L50, F|
|poke|p1|Goodra-Hisui, L50, M|
|poke|p1|Politoed, L50, M|
|poke|p1|Ludicolo, L50, F|
|poke|p1|Scizor, L50, F|
|poke|p1|Tauros-Paldea-Aqua, L50, M|
|poke|p2|Ursaluna, L50, M|
|poke|p2|Porygon2, L50|
|poke|p2|Whimsicott, L50, M|
|poke|p2|Incineroar, L50, M|
|poke|p2|Goodra-Hisui, L50, F|
|poke|p2|Sneasler, L50, M|
|teampreview|4
|showteam|p1|Amoonguss||RockyHelmet|Regenerator|Spore,RagePowder,PollenPuff,LeafStorm|||F|||50|,,,,,Bug]Goodra-Hisui||AssaultVest|SapSipper|HydroPump,DracoMeteor,HeavySlam,DragonPulse|||M|||50|,,,,,Stellar]Politoed||SitrusBerry|Drizzle|Protect,WeatherBall,HelpingHand,PerishSong|||M|||50|,,,,,Grass]Ludicolo||MysticWater|SwiftSwim|FakeOut,HydroPump,EnergyBall,Protect|||F|||50|,,,,,Stellar]Scizor||ClearAmulet|Technician|KnockOff,BulletPunch,BugBite,Protect|||F|||50|,,,,,Stellar]Tauros-Paldea-Aqua||SafetyGoggles|Intimidate|AquaJet,CloseCombat,WaveCrash,Protect|||M|||50|,,,,,Fighting
|showteam|p2|Ursaluna||FlameOrb|Guts|Protect,Facade,Earthquake,IcePunch|||M|||50|,,,,,Ghost]Porygon2||Leftovers|Download|TrickRoom,TeraBlast,Psychic,Recover||||||50|,,,,,Flying]Whimsicott||MentalHerb|Prankster|Taunt,Tailwind,Encore,Moonblast|||M|||50|,,,,,Fire]Incineroar||SafetyGoggles|Blaze|FakeOut,PartingShot,KnockOff,FlareBlitz|||M|||50|,,,,,Ghost]Goodra-Hisui||LifeOrb|SapSipper|DracoMeteor,Thunderbolt,IceBeam,Protect|||F|||50|,,,,,Flying]Sneasler||FocusSash|PoisonTouch|DireClaw,FakeOut,CloseCombat,Protect|||M|||50|,,,,,Dark
|
|t:|1756968971
|teamsize|p1|4
|teamsize|p2|4
|start
|switch|p1a: Politoed|Politoed, L50, M|100/100
|switch|p1b: Ludicolo|Ludicolo, L50, F|100/100
|switch|p2a: Porygon2|Porygon2, L50|100/100
|switch|p2b: Goodra|Goodra-Hisui, L50, F|100/100
|-weather|RainDance|[from] ability: Drizzle|[of] p1a: Politoed
|-ability|p2a: Porygon2|Download|boost
|-boost|p2a: Porygon2|spa|1
|turn|1
|
|t:|1756969003
|move|p1b: Ludicolo|Fake Out|p2a: Porygon2
|-damage|p2a: Porygon2|94/100
|move|p1a: Politoed|Weather Ball|p2a: Porygon2
|-damage|p2a: Porygon2|56/100
|move|p2b: Goodra|Thunderbolt|p1b: Ludicolo
|-damage|p1b: Ludicolo|68/100
|-status|p1b: Ludicolo|par
|-damage|p2b: Goodra|91/100|[from] item: Life Orb
|cant|p2a: Porygon2|flinch
|
|-weather|RainDance|[upkeep]
|-heal|p2a: Porygon2|62/100|[from] item: Leftovers
|upkeep
|turn|2
|
|t:|1756969034
|switch|p1a: Goodra|Goodra-Hisui, L50, M, shiny|100/100
|switch|p2b: Ursaluna|Ursaluna, L50, M|100/100
|cant|p1b: Ludicolo|par
|move|p2a: Porygon2|Trick Room|p2a: Porygon2
|-fieldstart|move: Trick Room|[of] p2a: Porygon2
|
|-weather|RainDance|[upkeep]
|-heal|p2a: Porygon2|69/100|[from] item: Leftovers
|-status|p2b: Ursaluna|brn|[from] item: Flame Orb
|upkeep
|turn|3
|c|☆houseofpros|thats tragic
|
|t:|1756969110
|switch|p1a: Tauros|Tauros-Paldea-Aqua, L50, M|100/100
|-ability|p1a: Tauros|Intimidate|boost
|-unboost|p2a: Porygon2|atk|1
|-unboost|p2b: Ursaluna|atk|1
|-terastallize|p2b: Ursaluna|Ghost
|move|p2b: Ursaluna|Facade|p1a: Tauros
|-damage|p1a: Tauros|12/100
|move|p2a: Porygon2|Psychic|p1b: Ludicolo
|-damage|p1b: Ludicolo|29/100 par
|move|p1b: Ludicolo|Hydro Pump|p2b: Ursaluna
|-damage|p2b: Ursaluna|24/100 brn
|
|-weather|RainDance|[upkeep]
|-heal|p2a: Porygon2|75/100|[from] item: Leftovers
|-damage|p2b: Ursaluna|18/100 brn|[from] brn
|upkeep
|turn|4
|
|t:|1756969160
|switch|p2b: Sneasler|Sneasler, L50, M|100/100
|switch|p1a: Goodra|Goodra-Hisui, L50, M, shiny|100/100
|move|p2a: Porygon2|Psychic|p1a: Goodra
|-resisted|p1a: Goodra
|-damage|p1a: Goodra|94/100
|move|p1b: Ludicolo|Hydro Pump|p2a: Porygon2
|-damage|p2a: Porygon2|10/100
|
|-weather|RainDance|[upkeep]
|-heal|p2a: Porygon2|17/100|[from] item: Leftovers
|upkeep
|turn|5
|
|t:|1756969221
|move|p1a: Goodra|Dragon Pulse|p2b: Sneasler
|-damage|p2b: Sneasler|44/100
|move|p2a: Porygon2|Recover|p2a: Porygon2
|-heal|p2a: Porygon2|67/100
|move|p1b: Ludicolo|Hydro Pump|p2b: Sneasler
|-damage|p2b: Sneasler|0 fnt
|faint|p2b: Sneasler
|
|-weather|none
|-heal|p2a: Porygon2|73/100|[from] item: Leftovers
|upkeep
|
|t:|1756969234
|switch|p2b: Goodra|Goodra-Hisui, L50, F|91/100
|turn|6
|
|t:|1756969274
|cant|p1b: Ludicolo|par
|move|p1a: Goodra|Dragon Pulse|p2b: Goodra
|-damage|p2b: Goodra|70/100
|move|p2a: Porygon2|Psychic|p1b: Ludicolo
|-damage|p1b: Ludicolo|0 fnt
|faint|p1b: Ludicolo
|move|p2b: Goodra|Thunderbolt|p1a: Goodra
|-resisted|p1a: Goodra
|-damage|p1a: Goodra|87/100
|-damage|p2b: Goodra|60/100|[from] item: Life Orb
|
|-heal|p2a: Porygon2|79/100|[from] item: Leftovers
|-fieldend|move: Trick Room
|upkeep
|
|t:|1756969288
|switch|p1b: Tauros|Tauros-Paldea-Aqua, L50, M|12/100
|-ability|p1b: Tauros|Intimidate|boost
|-unboost|p2a: Porygon2|atk|1
|-unboost|p2b: Goodra|atk|1
|turn|7
|
|t:|1756969361
|-terastallize|p1a: Goodra|Stellar
|move|p2b: Goodra|Protect|p2b: Goodra
|-singleturn|p2b: Goodra|Protect
|move|p1b: Tauros|Close Combat|p2a: Porygon2
|-supereffective|p2a: Porygon2
|-damage|p2a: Porygon2|0 fnt
|-unboost|p1b: Tauros|def|1
|-unboost|p1b: Tauros|spd|1
|faint|p2a: Porygon2
|move|p1a: Goodra|Draco Meteor|p2b: Goodra
|-activate|p2b: Goodra|move: Protect
|
|upkeep
|
|t:|1756969374
|switch|p2a: Ursaluna|Ursaluna, L50, M, tera:Ghost|18/100 brn
|turn|8
|
|t:|1756969437
|move|p2a: Ursaluna|Protect|p2a: Ursaluna
|-singleturn|p2a: Ursaluna|Protect
|move|p1b: Tauros|Close Combat|p2b: Goodra
|-supereffective|p2b: Goodra
|-damage|p2b: Goodra|0 fnt
|-unboost|p1b: Tauros|def|1
|-unboost|p1b: Tauros|spd|1
|faint|p2b: Goodra
|move|p1a: Goodra|Dragon Pulse|p2a: Ursaluna
|-activate|p2a: Ursaluna|move: Protect
|
|-damage|p2a: Ursaluna|12/100 brn|[from] brn
|upkeep
|turn|9
|-message|Cris1979luc forfeited.
|
|win|houseofpros
|raw|houseofpros's rating: 1111 → 1128(+17 for winning)
|raw|Cris1979luc's rating: 1000 → 1000(+0 for losing)
|l|☆Cris1979luc
|player|p2|
|c|☆houseofpros|gg
