|j|☆Frakub
|j|☆myki meeks
|html|Frakubmyki meeks    
|uhtml|bestof|Game 2 of a best-of-3
|t:|1784747820
|gametype|doubles
|player|p1|Frakub|acetrainer-gen4dp|1224
|player|p2|myki meeks|liza|1354
|gen|9
|tier|[Gen 9 Champions] VGC 2026 Reg M-B (Bo3)
|rated|
|rule|Species Clause: Limit one of each Pokémon
|rule|Item Clause: Limit 1 of each item
|clearpoke
|poke|p1|Mawile, L50, F|
|poke|p1|Farigiraf, L50, M|
|poke|p1|Torkoal, L50, F|
|poke|p1|Incineroar, L50, F|
|poke|p1|Gallade, L50, M|
|poke|p1|Vivillon, L50, M|
|poke|p2|Staraptor, L50, M|
|poke|p2|Delphox, L50, M|
|poke|p2|Sinistcha, L50|
|poke|p2|Kingambit, L50, M|
|poke|p2|Garchomp, L50, M|
|poke|p2|Sneasler, L50, M|
|teampreview|4
|showteam|p1|Mawile||Mawilite|HyperCutter|PlayRough,SuckerPunch,RockSlide,Protect|Brave||F|||50|]Farigiraf||SitrusBerry|ArmorTail|Psychic,Thunderbolt,TrickRoom,Protect|Quiet||M|||50|]Torkoal||Charcoal|Drought|Eruption,WeatherBall,HelpingHand,Protect|Quiet||F|||50|]Incineroar||LifeOrb|Intimidate|FlareBlitz,DarkestLariat,CloseCombat,FakeOut|Brave||F|||50|]Gallade||IronBall|Sharpness|SacredSword,PsychoCut,LeafBlade,TrickRoom|Brave||M|||50|]Vivillon||FocusSash|CompoundEyes|Hurricane,SleepPowder,RagePowder,Protect|Timid||M|||50|
|showteam|p2|Staraptor||Staraptite|Intimidate|CloseCombat,BraveBird,Roost,Whirlwind|Careful||M|||50|]Delphox||Delphoxite|Blaze|HeatWave,Psychic,NastyPlot,Protect|Timid||M|||50|]Sinistcha||SitrusBerry|Hospitality|MatchaGotcha,Protect,LifeDew,RagePowder|Bold|||||50|]Kingambit||BlackGlasses|Defiant|KowtowCleave,SuckerPunch,SwordsDance,Protect|Adamant||M|||50|]Garchomp||Leftovers|RoughSkin|Earthquake,DragonClaw,RockSlide,Protect|Jolly||M|||50|]Sneasler||FocusSash|PoisonTouch|FakeOut,PoisonJab,CloseCombat,Protect|Jolly||M|||50|
|inactive|Battle timer is ON: inactive players will automatically lose when time's up. (requested by Frakub)
|
|t:|1784747839
|teamsize|p1|4
|teamsize|p2|4
|start
|switch|p1a: Farigiraf|Farigiraf, L50, M|100/100
|switch|p1b: Incineroar|Incineroar, L50, F|100/100
|switch|p2a: Staraptor|Staraptor, L50, M|100/100
|switch|p2b: Garchomp|Garchomp, L50, M|100/100
|-ability|p2a: Staraptor|Intimidate|boost
|-unboost|p1a: Farigiraf|atk|1
|-unboost|p1b: Incineroar|atk|1
|-ability|p1b: Incineroar|Intimidate|boost
|-unboost|p2a: Staraptor|atk|1
|-unboost|p2b: Garchomp|atk|1
|turn|1
|
|t:|1784747851
|detailschange|p2a: Staraptor|Staraptor-Mega, L50, M
|-mega|p2a: Staraptor|Staraptor|Staraptite
|move|p1b: Incineroar|Fake Out|p2a: Staraptor
|-damage|p2a: Staraptor|87/100
|-damage|p1b: Incineroar|90/100|[from] item: Life Orb
|move|p2b: Garchomp|Earthquake|p1b: Incineroar|[spread] p1a,p1b
|-immune|p2a: Staraptor
|-supereffective|p1b: Incineroar|1
|-damage|p1a: Farigiraf|78/100
|-damage|p1b: Incineroar|41/100
|cant|p2a: Staraptor|flinch
|move|p1a: Farigiraf|Trick Room|p1a: Farigiraf
|-fieldstart|move: Trick Room|[of] p1a: Farigiraf
|
|upkeep
|turn|2
|
|t:|1784747859
|move|p2b: Garchomp|Protect|p2b: Garchomp
|-singleturn|p2b: Garchomp|Protect
|move|p1a: Farigiraf|Psychic|p2a: Staraptor
|-supereffective|p2a: Staraptor|1
|-damage|p2a: Staraptor|28/100
|move|p1b: Incineroar|Flare Blitz|p2a: Staraptor
|-damage|p2a: Staraptor|0 fnt
|faint|p2a: Staraptor
|-damage|p1b: Incineroar|33/100|[from] Recoil
|-damage|p1b: Incineroar|23/100|[from] item: Life Orb
|
|upkeep
|
|t:|1784747868
|switch|p2a: Kingambit|Kingambit, L50, M|100/100
|turn|3
|
|t:|1784747890
|move|p2a: Kingambit|Protect|p2a: Kingambit
|-singleturn|p2a: Kingambit|Protect
|move|p1a: Farigiraf|Protect|p1a: Farigiraf
|-singleturn|p1a: Farigiraf|Protect
|move|p1b: Incineroar|Close Combat|p2a: Kingambit
|-activate|p2a: Kingambit|move: Protect
|move|p2b: Garchomp|Dragon Claw|p1a: Farigiraf
|-activate|p1a: Farigiraf|move: Protect
|
|upkeep
|turn|4
|
|t:|1784747911
|move|p2a: Kingambit|Kowtow Cleave|p1b: Incineroar
|-resisted|p1b: Incineroar|1
|-damage|p1b: Incineroar|0 fnt
|faint|p1b: Incineroar
|move|p1a: Farigiraf|Psychic|p2b: Garchomp
|-damage|p2b: Garchomp|60/100
|move|p2b: Garchomp|Dragon Claw|p1a: Farigiraf
|-damage|p1a: Farigiraf|53/100
|
|-heal|p2b: Garchomp|66/100|[from] item: Leftovers
|upkeep
|inactive|Frakub has 30 seconds left.
|
|t:|1784747940
|switch|p1b: Mawile|Mawile, L50, F|100/100
|turn|5
|
|t:|1784747950
|detailschange|p1b: Mawile|Mawile-Mega, L50, F
|-mega|p1b: Mawile|Mawile|Mawilite
|move|p1a: Farigiraf|Protect|p1a: Farigiraf
|-singleturn|p1a: Farigiraf|Protect
|move|p2b: Garchomp|Protect|p2b: Garchomp
|-singleturn|p2b: Garchomp|Protect
|move|p1b: Mawile|Play Rough|p2a: Kingambit
|-damage|p2a: Kingambit|34/100
|-unboost|p2a: Kingambit|atk|1
|-ability|p2a: Kingambit|Defiant|boost
|-boost|p2a: Kingambit|atk|2
|move|p2a: Kingambit|Kowtow Cleave|p1a: Farigiraf
|-activate|p1a: Farigiraf|move: Protect
|
|-heal|p2b: Garchomp|73/100|[from] item: Leftovers
|-fieldend|move: Trick Room
|upkeep
|turn|6
|
|t:|1784747964
|switch|p2b: Sinistcha|Sinistcha, L50|100/100
|-heal|p2a: Kingambit|59/100|[from] ability: Hospitality|[of] p2b: Sinistcha
|move|p2a: Kingambit|Kowtow Cleave|p1a: Farigiraf
|-supereffective|p1a: Farigiraf|1
|-damage|p1a: Farigiraf|0 fnt
|faint|p1a: Farigiraf
|move|p1b: Mawile|Play Rough|p2a: Kingambit
|-damage|p2a: Kingambit|0 fnt
|faint|p2a: Kingambit
|
|upkeep
|
|t:|1784747974
|switch|p1a: Torkoal|Torkoal, L50, F|100/100
|switch|p2a: Garchomp|Garchomp, L50, M|73/100
|-weather|SunnyDay|[from] ability: Drought|[of] p1a: Torkoal
|turn|7
|
|t:|1784747982
|move|p2b: Sinistcha|Protect|p2b: Sinistcha
|-singleturn|p2b: Sinistcha|Protect
|move|p2a: Garchomp|Earthquake|p1b: Mawile|[spread] p1a,p1b
|-activate|p2b: Sinistcha|move: Protect
|-supereffective|p1a: Torkoal|1
|-supereffective|p1b: Mawile|1
|-damage|p1a: Torkoal|42/100
|-damage|p1b: Mawile|27/100
|move|p1b: Mawile|Play Rough|p2a: Garchomp
|-supereffective|p2a: Garchomp|1
|-damage|p2a: Garchomp|0 fnt
|-damage|p1b: Mawile|15/100|[from] ability: Rough Skin|[of] p2a: Garchomp
|faint|p2a: Garchomp
|move|p1a: Torkoal|Eruption|p2b: Sinistcha
|-activate|p2b: Sinistcha|move: Protect
|
|-weather|SunnyDay|[upkeep]
|upkeep
|turn|8
|
|t:|1784747997
|move|p2b: Sinistcha|Matcha Gotcha|p1a: Torkoal|[spread] p1a
|-miss|p2b: Sinistcha|p1b: Mawile
|-resisted|p1a: Torkoal|1
|-damage|p1a: Torkoal|27/100
|move|p1b: Mawile|Play Rough|p2b: Sinistcha
|-damage|p2b: Sinistcha|30/100
|-enditem|p2b: Sinistcha|Sitrus Berry|[eat]
|-heal|p2b: Sinistcha|55/100|[from] item: Sitrus Berry
|move|p1a: Torkoal|Weather Ball|p2b: Sinistcha
|-supereffective|p2b: Sinistcha|1
|-damage|p2b: Sinistcha|0 fnt
|faint|p2b: Sinistcha
|
|win|Frakub
||Frakub is ready for game 3.
||myki meeks is ready for game 3.
|uhtml|next|Next: Game 3 of 3
|l|☆myki meeks
|player|p2|
