|j|☆Ja-Orange
|j|☆PINGAS67PINGAS
|html|Ja-OrangePINGAS67PINGAS    
|uhtml|bestof|Game 2 of a best-of-3
|t:|1784005113
|gametype|doubles
|player|p1|Ja-Orange|guzma|1221
|player|p2|PINGAS67PINGAS|266|1178
|gen|9
|tier|[Gen 9 Champions] VGC 2026 Reg M-B (Bo3)
|rated|
|rule|Species Clause: Limit one of each Pokémon
|rule|Item Clause: Limit 1 of each item
|clearpoke
|poke|p1|Floette-Eternal, L50, F|
|poke|p1|Starmie, L50|
|poke|p1|Incineroar, L50, M|
|poke|p1|Sinistcha, L50|
|poke|p1|Sneasler, L50, F|
|poke|p1|Pelipper, L50, F|
|poke|p2|Sneasler, L50, M|
|poke|p2|Blastoise, L50, M|
|poke|p2|Kingambit, L50, M|
|poke|p2|Incineroar, L50, M|
|poke|p2|Delphox, L50, F|
|poke|p2|Sinistcha, L50|
|teampreview|4
|showteam|p1|Floette-Eternal||Floettite|FlowerVeil|Protect,Moonblast,DrainingKiss,CalmMind|Modest||F|||50|]Starmie||Starminite|Illuminate|Protect,FlipTurn,PsychoCut,AquaJet|Adamant|||||50|]Incineroar||LumBerry|Intimidate|FakeOut,FlareBlitz,DarkestLariat,PartingShot|Careful||M|||50|]Sinistcha||KasibBerry|Hospitality|Protect,RagePowder,MatchaGotcha,TrickRoom|Bold|||||50|]Sneasler||WhiteHerb|Unburden|FakeOut,Protect,CloseCombat,GunkShot|Adamant||F|||50|]Pelipper||SitrusBerry|Drizzle|WeatherBall,Hurricane,Tailwind,WideGuard|Modest||F|||50|
|showteam|p2|Sneasler||FocusSash|PoisonTouch|PoisonJab,CloseCombat,FakeOut,QuickGuard|Jolly||M|||50|]Blastoise||Blastoisinite|RainDish|DarkPulse,WaterSpout,ShellSmash,Protect|Timid||M|||50|]Kingambit||BlackGlasses|Defiant|KowtowCleave,SuckerPunch,SwordsDance,Protect|Adamant||M|||50|]Incineroar||SitrusBerry|Intimidate|FlareBlitz,HelpingHand,PartingShot,FakeOut|Careful||M|||50|]Delphox||Delphoxite|Blaze|HeatWave,NastyPlot,Psyshock,Protect|Modest||F|||50|]Sinistcha||KasibBerry|Hospitality|MatchaGotcha,RagePowder,TrickRoom,Protect|Bold|||||50|
|inactive|Battle timer is ON: inactive players will automatically lose when time's up. (requested by Ja-Orange)
|inactive|PINGAS67PINGAS has 60 seconds left.
|
|t:|1784005145
|teamsize|p1|4
|teamsize|p2|4
|start
|switch|p1a: Incineroar|Incineroar, L50, M|100/100
|switch|p1b: Floette|Floette-Eternal, L50, F|100/100
|switch|p2a: Blastoise|Blastoise, L50, M|100/100
|switch|p2b: Sneasler|Sneasler, L50, M|100/100
|-ability|p1a: Incineroar|Intimidate|boost
|-unboost|p2a: Blastoise|atk|1
|-unboost|p2b: Sneasler|atk|1
|turn|1
|
|t:|1784005165
|detailschange|p2a: Blastoise|Blastoise-Mega, L50, M
|-mega|p2a: Blastoise|Blastoise|Blastoisinite
|detailschange|p1b: Floette|Floette-Mega, L50, F
|-mega|p1b: Floette|Floette|Floettite
|-ability|p1b: Floette|Fairy Aura
|move|p2b: Sneasler|Fake Out|p1a: Incineroar
|-damage|p1a: Incineroar|90/100
|cant|p1a: Incineroar|flinch
|move|p1b: Floette|Calm Mind|p1b: Floette
|-boost|p1b: Floette|spa|1
|-boost|p1b: Floette|spd|1
|move|p2a: Blastoise|Water Spout|p1a: Incineroar|[spread] p1a,p1b
|-supereffective|p1a: Incineroar|1
|-damage|p1a: Incineroar|9/100
|-damage|p1b: Floette|72/100
|
|upkeep
|turn|2
|inactive|Ja-Orange has 30 seconds left.
|
|t:|1784005197
|switch|p1a: Sinistcha|Sinistcha, L50|100/100
|-heal|p1b: Floette|97/100|[from] ability: Hospitality|[of] p1a: Sinistcha
|move|p2b: Sneasler|Poison Jab|p1b: Floette
|-supereffective|p1b: Floette|1
|-damage|p1b: Floette|44/100
|-status|p1b: Floette|psn
|move|p1b: Floette|Draining Kiss|p2a: Blastoise
|-damage|p2a: Blastoise|41/100
|-heal|p1b: Floette|83/100 psn|[from] drain|[of] p2a: Blastoise
|move|p2a: Blastoise|Dark Pulse|p1a: Sinistcha
|-supereffective|p1a: Sinistcha|1
|-damage|p1a: Sinistcha|17/100
|
|-damage|p1b: Floette|71/100 psn|[from] psn
|upkeep
|turn|3
|
|t:|1784005220
|move|p2a: Blastoise|Protect|p2a: Blastoise
|-singleturn|p2a: Blastoise|Protect
|move|p1a: Sinistcha|Rage Powder|p1a: Sinistcha
|-singleturn|p1a: Sinistcha|move: Rage Powder
|move|p2b: Sneasler|Poison Jab|p1a: Sinistcha
|-damage|p1a: Sinistcha|0 fnt
|faint|p1a: Sinistcha
|move|p1b: Floette|Draining Kiss|p2b: Sneasler
|-damage|p2b: Sneasler|15/100
|-heal|p1b: Floette|100/100 psn|[from] drain|[of] p2b: Sneasler
|
|-damage|p1b: Floette|88/100 psn|[from] psn
|upkeep
|
|t:|1784005231
|switch|p1a: Sneasler|Sneasler, L50, F|100/100
|turn|4
|
|t:|1784005244
|move|p2b: Sneasler|Quick Guard|p2b: Sneasler
|-singleturn|p2b: Sneasler|Quick Guard
|move|p1a: Sneasler|Fake Out|p2b: Sneasler
|-activate|p2b: Sneasler|move: Quick Guard
|move|p1b: Floette|Draining Kiss|p2a: Blastoise
|-damage|p2a: Blastoise|0 fnt
|-heal|p1b: Floette|100/100 psn|[from] drain|[of] p2a: Blastoise
|faint|p2a: Blastoise
|
|-damage|p1b: Floette|88/100 psn|[from] psn
|upkeep
|
|t:|1784005253
|switch|p2a: Sinistcha|Sinistcha, L50|100/100
|-heal|p2b: Sneasler|40/100|[from] ability: Hospitality|[of] p2a: Sinistcha
|turn|5
|-message|PINGAS67PINGAS forfeited.
|
|win|Ja-Orange
|raw|Ja-Orange's rating: 1221 → 1243(+22 for winning)
|raw|PINGAS67PINGAS's rating: 1178 → 1156(-22 for losing)
