|j|☆neonninja09
|j|☆Treit_3
|html|neonninja09Treit_3    
|uhtml|bestof|Game 1 of a best-of-3
|t:|1783473633
|gametype|doubles
|player|p1|neonninja09|ingo|1033
|player|p2|Treit_3|marshal|1193
|gen|9
|tier|[Gen 9 Champions] VGC 2026 Reg M-B (Bo3)
|rated|
|rule|Species Clause: Limit one of each Pokémon
|rule|Item Clause: Limit 1 of each item
|clearpoke
|poke|p1|Venusaur, L50, M, shiny|
|poke|p1|Charizard, L50, M, shiny|
|poke|p1|Rotom-Wash, L50, shiny|
|poke|p1|Sneasler, L50, F, shiny|
|poke|p1|Aerodactyl, L50, M, shiny|
|poke|p1|Meowstic, L50, M, shiny|
|poke|p2|Scrafty, L50, F|
|poke|p2|Blaziken, L50, M|
|poke|p2|Torterra, L50, F|
|poke|p2|Milotic, L50, F|
|poke|p2|Gholdengo, L50|
|poke|p2|Farigiraf, L50, F|
|teampreview|4
|showteam|p1|Venusaur||LifeOrb|Chlorophyll|Protect,SleepPowder,SolarBeam,SludgeBomb|Modest||M|||50|]Charizard||CharizarditeY|SolarPower|Protect,HelpingHand,WeatherBall,SolarBeam|Timid||M|||50|]Rotom-Wash||WideLens|Levitate|Protect,HydroPump,Thunder,WillOWisp|Calm|||||50|]Sneasler||WhiteHerb|PoisonTouch|Protect,FakeOut,CloseCombat,DireClaw|Jolly||F|||50|]Aerodactyl||ExpertBelt|Unnerve|Protect,Tailwind,RockSlide,FireFang|Jolly||M|||50|]Meowstic||LightClay|Prankster|ThunderWave,LightScreen,Imprison,TrickRoom|Sassy||M|||50|
|showteam|p2|Scrafty||Scraftinite|Intimidate|FakeOut,Coaching,DrainPunch,ThroatChop|Adamant||F|||50|]Blaziken||Blazikenite|SpeedBoost|Detect,RockSlide,FlareBlitz,CloseCombat|Adamant||M|||50|]Torterra||Leftovers|ShellArmor|Protect,WideGuard,HeadlongRush,WoodHammer|Brave||F|||50|]Milotic||MysticWater|Competitive|Protect,Scald,MuddyWater,IceBeam|Modest||F|||50|]Gholdengo||LifeOrb|GoodasGold|Protect,NastyPlot,MakeItRain,ShadowBall|Modest|||||50|]Farigiraf||SitrusBerry|ArmorTail|Protect,TrickRoom,Thunderbolt,HyperVoice|Bold||F|||50|
|inactive|Battle timer is ON: inactive players will automatically lose when time's up. (requested by neonninja09)
|
|t:|1783473672
|teamsize|p1|4
|teamsize|p2|4
|start
|switch|p1a: Charizard|Charizard, L50, M, shiny|100/100
|switch|p1b: Meowstic|Meowstic, L50, M, shiny|100/100
|switch|p2a: Scrafty|Scrafty, L50, F|100/100
|switch|p2b: Blaziken|Blaziken, L50, M|100/100
|-ability|p2a: Scrafty|Intimidate|boost
|-unboost|p1a: Charizard|atk|1
|-unboost|p1b: Meowstic|atk|1
|turn|1
|
|t:|1783473696
|detailschange|p1a: Charizard|Charizard-Mega-Y, L50, M, shiny
|-mega|p1a: Charizard|Charizard|Charizardite Y
|-weather|SunnyDay|[from] ability: Drought|[of] p1a: Charizard
|detailschange|p2b: Blaziken|Blaziken-Mega, L50, M
|-mega|p2b: Blaziken|Blaziken|Blazikenite
|move|p2a: Scrafty|Fake Out|p1a: Charizard
|-damage|p1a: Charizard|83/100
|move|p1b: Meowstic|Thunder Wave|p2b: Blaziken
|-status|p2b: Blaziken|par
|cant|p1a: Charizard|flinch
|cant|p2b: Blaziken|par
|
|-weather|SunnyDay|[upkeep]
|-ability|p2b: Blaziken|Speed Boost|boost
|-boost|p2b: Blaziken|spe|1
|upkeep
|turn|2
|inactive|Treit_3 has 30 seconds left.
|
|t:|1783473723
|switch|p1b: Rotom|Rotom-Wash, L50, shiny|100/100
|move|p1a: Charizard|Weather Ball|p2a: Scrafty
|-damage|p2a: Scrafty|19/100
|move|p2b: Blaziken|Rock Slide|p1b: Rotom|[spread] p1a,p1b
|-supereffective|p1a: Charizard|2
|-damage|p1a: Charizard|0 fnt
|-damage|p1b: Rotom|74/100
|faint|p1a: Charizard
|move|p2a: Scrafty|Coaching|p2b: Blaziken
|-boost|p2b: Blaziken|atk|1
|-boost|p2b: Blaziken|def|1
|
|-weather|SunnyDay|[upkeep]
|-ability|p2b: Blaziken|Speed Boost|boost
|-boost|p2b: Blaziken|spe|1
|upkeep
|
|t:|1783473734
|switch|p1a: Venusaur|Venusaur, L50, M, shiny|100/100
|turn|3
|
|t:|1783473750
|switch|p2a: Farigiraf|Farigiraf, L50, F|100/100
|move|p2b: Blaziken|Detect|p2b: Blaziken
|-singleturn|p2b: Blaziken|Protect
|move|p1a: Venusaur|Sludge Bomb|p2a: Farigiraf
|-damage|p2a: Farigiraf|38/100
|-status|p2a: Farigiraf|psn
|-enditem|p2a: Farigiraf|Sitrus Berry|[eat]
|-heal|p2a: Farigiraf|62/100 psn|[from] item: Sitrus Berry
|-damage|p1a: Venusaur|90/100|[from] item: Life Orb
|move|p1b: Rotom|Hydro Pump|p2b: Blaziken
|-activate|p2b: Blaziken|move: Protect
|
|-weather|SunnyDay|[upkeep]
|-damage|p2a: Farigiraf|50/100g psn|[from] psn
|-ability|p2b: Blaziken|Speed Boost|boost
|-boost|p2b: Blaziken|spe|1
|upkeep
|turn|4
|
|t:|1783473772
|switch|p1a: Meowstic|Meowstic, L50, M, shiny|100/100
|move|p2b: Blaziken|Close Combat|p1b: Rotom
|-damage|p1b: Rotom|0 fnt
|-unboost|p2b: Blaziken|def|1
|-unboost|p2b: Blaziken|spd|1
|faint|p1b: Rotom
|move|p2a: Farigiraf|Trick Room|p2a: Farigiraf
|-fieldstart|move: Trick Room|[of] p2a: Farigiraf
|
|-weather|SunnyDay|[upkeep]
|-damage|p2a: Farigiraf|38/100 psn|[from] psn
|-ability|p2b: Blaziken|Speed Boost|boost
|-boost|p2b: Blaziken|spe|1
|upkeep
|
|t:|1783473779
|switch|p1b: Venusaur|Venusaur, L50, M, shiny|90/100
|turn|5
|
|t:|1783473796
|switch|p2b: Scrafty|Scrafty, L50, F|19/100
|-ability|p2b: Scrafty|Intimidate|boost
|-unboost|p1a: Meowstic|atk|1
|-unboost|p1b: Venusaur|atk|1
|move|p2a: Farigiraf|Hyper Voice|p1b: Venusaur|[spread] p1a,p1b
|-damage|p1a: Meowstic|78/100
|-damage|p1b: Venusaur|61/100
|move|p1b: Venusaur|Sludge Bomb|p2b: Scrafty
|-damage|p2b: Scrafty|0 fnt
|faint|p2b: Scrafty
|-damage|p1b: Venusaur|51/100|[from] item: Life Orb
|move|p1a: Meowstic|Trick Room|p1a: Meowstic
|-fieldend|move: Trick Room
|
|-weather|none
|-damage|p2a: Farigiraf|25/100 psn|[from] psn
|upkeep
|
|t:|1783473809
|switch|p2b: Torterra|Torterra, L50, F|100/100
|turn|6
|
|t:|1783473825
|move|p1a: Meowstic|Imprison|p1a: Meowstic
|-start|p1a: Meowstic|move: Imprison
|move|p1b: Venusaur|Sludge Bomb|p2b: Torterra
|-damage|p2b: Torterra|41/100
|-status|p2b: Torterra|psn
|-damage|p1b: Venusaur|42/100|[from] item: Life Orb
|move|p2b: Torterra|Headlong Rush|p1b: Venusaur
|-damage|p1b: Venusaur|0 fnt
|-unboost|p2b: Torterra|def|1
|-unboost|p2b: Torterra|spd|1
|faint|p1b: Venusaur
|cant|p2a: Farigiraf|move: Imprison|Trick Room
|
|-heal|p2b: Torterra|47/100 psn|[from] item: Leftovers
|-damage|p2a: Farigiraf|13/100 psn|[from] psn
|-damage|p2b: Torterra|35/100 psn|[from] psn
|upkeep
|turn|7
|-message|neonninja09 forfeited.
|
|win|Treit_3
|l|☆neonninja09
|player|p1|
||neonninja09 is ready for game 2.
||Treit_3 is ready for game 2.
|uhtml|next|Next: Game 2 of 3
