|j|☆lHopi
|j|☆i am saksham
|html|lHopii am saksham    
|uhtml|bestof|Game 2 of a best-of-3
|t:|1785605233
|gametype|doubles
|player|p1|lHopi|n|1355
|player|p2|i am saksham|wallace|1382
|gen|9
|tier|[Gen 9 Champions] VGC 2026 Reg M-B (Bo3)
|rated|
|rule|Species Clause: Limit one of each Pokémon
|rule|Item Clause: Limit 1 of each item
|clearpoke
|poke|p1|Farigiraf, L50, M|
|poke|p1|Charizard, L50, M|
|poke|p1|Aerodactyl, L50, M|
|poke|p1|Sylveon, L50, F|
|poke|p1|Kingambit, L50, M|
|poke|p1|Garchomp, L50, M|
|poke|p2|Blaziken, L50, F|
|poke|p2|Sinistcha, L50|
|poke|p2|Dragonite, L50, F|
|poke|p2|Kingambit, L50, F|
|poke|p2|Aerodactyl, L50, F|
|poke|p2|Sylveon, L50, F|
|teampreview|4
|showteam|p1|Farigiraf||SitrusBerry|ArmorTail|TwinBeam,Protect,Thunderbolt,TrickRoom|Relaxed||M|||50|]Charizard||CharizarditeY|Blaze|HeatWave,SolarBeam,Protect,WeatherBall|Modest||M|||50|]Aerodactyl||Aerodactylite|Unnerve|RockSlide,DualWingbeat,IceFang,Tailwind|Jolly||M|||50|]Sylveon||FairyFeather|Pixilate|Detect,QuickAttack,HyperVoice,HyperBeam|Modest||F|||50|]Kingambit||FocusSash|Defiant|LowKick,IronHead,KowtowCleave,SuckerPunch|Adamant||M|||50|]Garchomp||LifeOrb|RoughSkin|Protect,DragonClaw,Earthquake,StompingTantrum|Jolly||M|||50|
|showteam|p2|Blaziken||Blazikenite|SpeedBoost|CloseCombat,FlareBlitz,Detect,RockSlide|Adamant||F|||50|]Sinistcha||ColburBerry|Hospitality|MatchaGotcha,RagePowder,TrickRoom,Protect|Serious|||||50|]Dragonite||LifeOrb|InnerFocus|Protect,DragonClaw,LowKick,ExtremeSpeed|Serious||F|||50|]Kingambit||BlackGlasses|Defiant|Protect,SuckerPunch,KowtowCleave,IronHead|Adamant||F|||50|]Aerodactyl||Aerodactylite|Unnerve|Tailwind,RockSlide,IceFang,DualWingbeat|Adamant||F|||50|]Sylveon||FairyFeather|Pixilate|HyperBeam,HyperVoice,Protect,QuickAttack|Modest||F|||50|
|
|t:|1785605267
|teamsize|p1|4
|teamsize|p2|4
|start
|switch|p1a: Aerodactyl|Aerodactyl, L50, M|100/100
|switch|p1b: Sylveon|Sylveon, L50, F|100/100
|switch|p2a: Sylveon|Sylveon, L50, F|100/100
|switch|p2b: Sinistcha|Sinistcha, L50|100/100
|-ability|p1a: Aerodactyl|Unnerve
|turn|1
|
|t:|1785605297
|move|p1a: Aerodactyl|Dual Wingbeat|p2b: Sinistcha
|-supereffective|p2b: Sinistcha|1
|-damage|p2b: Sinistcha|71/100
|-supereffective|p2b: Sinistcha|1
|-damage|p2b: Sinistcha|43/100
|-hitcount|p2b: Sinistcha|2
|move|p2a: Sylveon|Hyper Voice|p1a: Aerodactyl|[spread] p1a,p1b
|-damage|p1a: Aerodactyl|49/100
|-damage|p1b: Sylveon|65/100
|move|p1b: Sylveon|Hyper Voice|p2b: Sinistcha|[spread] p2a,p2b
|-damage|p2a: Sylveon|61/100
|-damage|p2b: Sinistcha|0 fnt
|faint|p2b: Sinistcha
|
|upkeep
|
|t:|1785605310
|switch|p2b: Blaziken|Blaziken, L50, F|100/100
|turn|2
|
|t:|1785605325
|detailschange|p1a: Aerodactyl|Aerodactyl-Mega, L50, M
|-mega|p1a: Aerodactyl|Aerodactyl|Aerodactylite
|move|p2b: Blaziken|Detect|p2b: Blaziken
|-singleturn|p2b: Blaziken|Protect
|move|p1a: Aerodactyl|Tailwind|p1a: Aerodactyl
|-sidestart|p1: lHopi|move: Tailwind
|move|p1b: Sylveon|Hyper Voice|p2a: Sylveon|[spread] p2a
|-activate|p2b: Blaziken|move: Protect
|-damage|p2a: Sylveon|24/100
|move|p2a: Sylveon|Hyper Voice|p1b: Sylveon|[spread] p1a,p1b
|-damage|p1a: Aerodactyl|1/100
|-damage|p1b: Sylveon|32/100
|
|-ability|p2b: Blaziken|Speed Boost|boost
|-boost|p2b: Blaziken|spe|1
|upkeep
|turn|3
|
|t:|1785605342
|detailschange|p2b: Blaziken|Blaziken-Mega, L50, F
|-mega|p2b: Blaziken|Blaziken|Blazikenite
|move|p2a: Sylveon|Quick Attack|p1a: Aerodactyl
|-damage|p1a: Aerodactyl|0 fnt
|faint|p1a: Aerodactyl
|move|p2b: Blaziken|Flare Blitz|p1b: Sylveon
|-damage|p1b: Sylveon|0 fnt
|faint|p1b: Sylveon
|-damage|p2b: Blaziken|88/100|[from] Recoil
|
|-ability|p2b: Blaziken|Speed Boost|boost
|-boost|p2b: Blaziken|spe|1
|upkeep
|
|t:|1785605353
|switch|p1a: Garchomp|Garchomp, L50, M|100/100
|switch|p1b: Kingambit|Kingambit, L50, M|100/100
|turn|4
|
|t:|1785605376
|move|p2b: Blaziken|Detect|p2b: Blaziken
|-singleturn|p2b: Blaziken|Protect
|move|p2a: Sylveon|Quick Attack|p1b: Kingambit
|-damage|p1b: Kingambit|88/100
|move|p1a: Garchomp|Stomping Tantrum|p2b: Blaziken
|-activate|p2b: Blaziken|move: Protect
|move|p1b: Kingambit|Iron Head|p2a: Sylveon
|-supereffective|p2a: Sylveon|1
|-damage|p2a: Sylveon|0 fnt
|faint|p2a: Sylveon
|
|-ability|p2b: Blaziken|Speed Boost|boost
|-boost|p2b: Blaziken|spe|1
|upkeep
|
|t:|1785605388
|switch|p2a: Dragonite|Dragonite, L50, F|100/100
|turn|5
|
|t:|1785605408
|move|p2a: Dragonite|Extreme Speed|p1a: Garchomp
|-damage|p1a: Garchomp|65/100
|-damage|p2a: Dragonite|87/100|[from] ability: Rough Skin|[of] p1a: Garchomp
|-damage|p2a: Dragonite|78/100|[from] item: Life Orb
|move|p2b: Blaziken|Close Combat|p1a: Garchomp
|-damage|p1a: Garchomp|0 fnt
|-unboost|p2b: Blaziken|def|1
|-unboost|p2b: Blaziken|spd|1
|-damage|p2b: Blaziken|76/100|[from] ability: Rough Skin|[of] p1a: Garchomp
|faint|p1a: Garchomp
|move|p1b: Kingambit|Low Kick|p2b: Blaziken
|-damage|p2b: Blaziken|8/100
|
|-sideend|p1: lHopi|move: Tailwind
|-ability|p2b: Blaziken|Speed Boost|boost
|-boost|p2b: Blaziken|spe|1
|upkeep
|turn|6
|-message|lHopi forfeited.
|
|win|i am saksham
|raw|lHopi's rating: 1355 → 1337(-18 for losing)
|raw|i am saksham's rating: 1382 → 1400(+18 for winning)
|l|☆lHopi
|player|p1|
