|j|☆syshj
|j|☆Promesus
|html|syshjPromesus    
|uhtml|bestof|Game 2 of a best-of-3
|t:|1784443028
|gametype|doubles
|player|p1|syshj|dawn|1282
|player|p2|Promesus|hilbert-wonderlauncher|1339
|gen|9
|tier|[Gen 9 Champions] VGC 2026 Reg M-B (Bo3)
|rated|
|rule|Species Clause: Limit one of each Pokémon
|rule|Item Clause: Limit 1 of each item
|clearpoke
|poke|p1|Froslass, L50, F|
|poke|p1|Dragonite, L50, F|
|poke|p1|Toxapex, L50, M|
|poke|p1|Sneasler, L50, F|
|poke|p1|Kingambit, L50, F|
|poke|p1|Blaziken, L50, M|
|poke|p2|Gengar, L50, F, shiny|
|poke|p2|Swampert, L50, M|
|poke|p2|Vivillon-Pokeball, L50, F|
|poke|p2|Politoed, L50, M|
|poke|p2|Archaludon, L50, F|
|poke|p2|Incineroar, L50, M|
|teampreview|4
|showteam|p1|Froslass||Froslassite|CursedBody|Blizzard,ShadowBall,AuroraVeil,Protect|Timid||F|||50|]Dragonite||LifeOrb|InnerFocus|DragonClaw,ExtremeSpeed,LowKick,Protect|Adamant||F|||50|]Toxapex||Leftovers|Regenerator|Infestation,Toxic,WideGuard,BanefulBunker|Bold||M|||50|]Sneasler||FocusSash|PoisonTouch|CloseCombat,PoisonJab,FakeOut,Protect|Jolly||F|||50|]Kingambit||BlackGlasses|Defiant|KowtowCleave,IronHead,SuckerPunch,Protect|Adamant||F|||50|]Blaziken||Blazikenite|SpeedBoost|CloseCombat,FlareBlitz,RockSlide,Protect|Adamant||M|||50|
|showteam|p2|Gengar||Gengarite|CursedBody|ShadowBall,SludgeBomb,PerishSong,Protect|Modest||F|||50|]Swampert||Swampertite|Torrent|WaveCrash,Earthquake,IcePunch,Protect|Adamant||M|||50|]Vivillon-Pokeball||FocusSash|CompoundEyes|Hurricane,SleepPowder,RagePowder,Protect|Timid||F|||50|]Politoed||SitrusBerry|Drizzle|WeatherBall,PerishSong,Protect,Hypnosis|Calm||M|||50|]Archaludon||Leftovers|Stamina|DragonPulse,ElectroShot,FlashCannon,Protect|Bold||F|||50|]Incineroar||PasshoBerry|Intimidate|DarkestLariat,FakeOut,PartingShot,Protect|Careful||M|||50|
|inactive|Battle timer is ON: inactive players will automatically lose when time's up. (requested by Promesus)
|inactive|Promesus has 60 seconds left.
|
|t:|1784443077
|teamsize|p1|4
|teamsize|p2|4
|start
|switch|p1a: Froslass|Froslass, L50, F|100/100
|switch|p1b: Sneasler|Sneasler, L50, F|100/100
|switch|p2a: Vivillon|Vivillon-Pokeball, L50, F|100/100
|switch|p2b: Archaludon|Archaludon, L50, F|100/100
|turn|1
|inactive|syshj has 30 seconds left.
|
|t:|1784443109
|switch|p1b: Dragonite|Dragonite, L50, F|100/100
|move|p1a: Froslass|Protect|p1a: Froslass
|-singleturn|p1a: Froslass|Protect
|move|p2a: Vivillon|Protect|p2a: Vivillon
|-singleturn|p2a: Vivillon|Protect
|move|p2b: Archaludon|Flash Cannon|p1a: Froslass
|-activate|p1a: Froslass|move: Protect
|
|upkeep
|turn|2
|inactive|Promesus has 30 seconds left.
|inactive|Promesus has 20 seconds left.
|
|t:|1784443145
|detailschange|p1a: Froslass|Froslass-Mega, L50, F
|-mega|p1a: Froslass|Froslass|Froslassite
|-weather|Snowscape|[from] ability: Snow Warning|[of] p1a: Froslass
|move|p1b: Dragonite|Extreme Speed|p2a: Vivillon
|-damage|p2a: Vivillon|49/100
|-damage|p1b: Dragonite|90/100|[from] item: Life Orb
|move|p1a: Froslass|Blizzard|p2b: Archaludon|[spread] p2a,p2b
|-supereffective|p2a: Vivillon|1
|-damage|p2a: Vivillon|0 fnt
|-damage|p2b: Archaludon|61/100
|-ability|p2b: Archaludon|Stamina|boost
|-boost|p2b: Archaludon|def|1
|faint|p2a: Vivillon
|move|p2b: Archaludon|Dragon Pulse|p1b: Dragonite
|-supereffective|p1b: Dragonite|1
|-damage|p1b: Dragonite|20/100y
|
|-weather|Snowscape|[upkeep]
|-heal|p2b: Archaludon|68/100|[from] item: Leftovers
|upkeep
|
|t:|1784443152
|switch|p2a: Politoed|Politoed, L50, M|100/100
|-weather|RainDance|[from] ability: Drizzle|[of] p2a: Politoed
|turn|3
|
|t:|1784443173
|move|p2b: Archaludon|Protect|p2b: Archaludon
|-singleturn|p2b: Archaludon|Protect
|move|p1a: Froslass|Shadow Ball|p2b: Archaludon
|-activate|p2b: Archaludon|move: Protect
|move|p1b: Dragonite|Low Kick|p2b: Archaludon
|-activate|p2b: Archaludon|move: Protect
|move|p2a: Politoed|Weather Ball|p1b: Dragonite
|-resisted|p1b: Dragonite|1
|-damage|p1b: Dragonite|0 fnt
|faint|p1b: Dragonite
|
|-weather|RainDance|[upkeep]
|-heal|p2b: Archaludon|74/100|[from] item: Leftovers
|upkeep
|
|t:|1784443176
|switch|p1b: Sneasler|Sneasler, L50, F|100/100
|turn|4
|
|t:|1784443199
|move|p1b: Sneasler|Close Combat|p2b: Archaludon
|-supereffective|p2b: Archaludon|1
|-damage|p2b: Archaludon|15/100
|-unboost|p1b: Sneasler|def|1
|-unboost|p1b: Sneasler|spd|1
|-ability|p2b: Archaludon|Stamina|boost
|-boost|p2b: Archaludon|def|1
|move|p1a: Froslass|Shadow Ball|p2b: Archaludon
|-damage|p2b: Archaludon|0 fnt
|faint|p2b: Archaludon
|move|p2a: Politoed|Hypnosis|p1b: Sneasler
|-status|p1b: Sneasler|slp|[from] move: Hypnosis
|
|-weather|RainDance|[upkeep]
|upkeep
|
|t:|1784443209
|switch|p2b: Swampert|Swampert, L50, M|100/100
|turn|5
|
|t:|1784443229
|switch|p1a: Kingambit|Kingambit, L50, F|100/100
|detailschange|p2b: Swampert|Swampert-Mega, L50, M
|-mega|p2b: Swampert|Swampert|Swampertite
|move|p2b: Swampert|Ice Punch|p1b: Sneasler
|-damage|p1b: Sneasler|18/100 slp
|cant|p1b: Sneasler|slp
|move|p2a: Politoed|Hypnosis|p1a: Kingambit
|-status|p1a: Kingambit|slp|[from] move: Hypnosis
|
|-weather|RainDance|[upkeep]
|upkeep
|turn|6
|inactive|Promesus has 30 seconds left.
|inactive|Promesus has 20 seconds left.
|inactive|Promesus has 15 seconds left.
|inactive|Promesus has 10 seconds left.
|
|t:|1784443276
|switch|p1a: Froslass|Froslass-Mega, L50, F|100/100
|-weather|Snowscape|[from] ability: Snow Warning|[of] p1a: Froslass
|-curestatus|p1b: Sneasler|slp|[msg]
|move|p1b: Sneasler|Protect|p1b: Sneasler
|-singleturn|p1b: Sneasler|Protect
|move|p2b: Swampert|Ice Punch|p1b: Sneasler
|-activate|p1b: Sneasler|move: Protect
|move|p2a: Politoed|Weather Ball|p1a: Froslass
|-resisted|p1a: Froslass|1
|-damage|p1a: Froslass|88/100
|
|-weather|Snowscape|[upkeep]
|upkeep
|turn|7
|inactive|syshj has 30 seconds left.
|
|t:|1784443304
|move|p2a: Politoed|Protect|p2a: Politoed
|-singleturn|p2a: Politoed|Protect
|move|p1b: Sneasler|Close Combat|p2a: Politoed
|-activate|p2a: Politoed|move: Protect
|move|p1a: Froslass|Blizzard|p2b: Swampert|[spread] p2b
|-activate|p2a: Politoed|move: Protect
|-damage|p2b: Swampert|68/100
|move|p2b: Swampert|Earthquake|p1b: Sneasler|[spread] p1a,p1b
|-activate|p2a: Politoed|move: Protect
|-supereffective|p1b: Sneasler|1
|-damage|p1a: Froslass|48/100
|-damage|p1b: Sneasler|0 fnt
|faint|p1b: Sneasler
|
|-weather|Snowscape|[upkeep]
|upkeep
|
|t:|1784443306
|switch|p1b: Kingambit|Kingambit, L50, F|100/100 slp
|turn|8
|
|t:|1784443328
|move|p1a: Froslass|Aurora Veil|p1a: Froslass
|-sidestart|p1: syshj|move: Aurora Veil
|move|p2b: Swampert|Wave Crash|p1a: Froslass
|-damage|p1a: Froslass|8/100
|-damage|p2b: Swampert|56/100|[from] Recoil
|move|p2a: Politoed|Perish Song|p2a: Politoed
|-start|p1a: Froslass|perish3|[silent]
|-start|p1b: Kingambit|perish3|[silent]
|-start|p2a: Politoed|perish3|[silent]
|-start|p2b: Swampert|perish3|[silent]
|-fieldactivate|move: Perish Song
|cant|p1b: Kingambit|slp
|
|-weather|Snowscape|[upkeep]
|-start|p1a: Froslass|perish3
|-start|p2b: Swampert|perish3
|-start|p2a: Politoed|perish3
|-start|p1b: Kingambit|perish3
|upkeep
|turn|9
|inactive|syshj has 30 seconds left.
|inactive|Promesus has 30 seconds left.
|inactive|Promesus has 20 seconds left.
|inactive|Promesus has 15 seconds left.
|
|t:|1784443369
|move|p1a: Froslass|Protect|p1a: Froslass
|-singleturn|p1a: Froslass|Protect
|move|p2b: Swampert|Protect|p2b: Swampert
|-singleturn|p2b: Swampert|Protect
|cant|p1b: Kingambit|slp
|move|p2a: Politoed|Weather Ball|p1a: Froslass
|-activate|p1a: Froslass|move: Protect
|
|-weather|Snowscape|[upkeep]
|-start|p1a: Froslass|perish2
|-start|p2b: Swampert|perish2
|-start|p2a: Politoed|perish2
|-start|p1b: Kingambit|perish2
|upkeep
|turn|10
|
|t:|1784443392
|-curestatus|p1b: Kingambit|slp|[msg]
|move|p1b: Kingambit|Sucker Punch|p2b: Swampert
|-damage|p2b: Swampert|14/100
|move|p1a: Froslass|Blizzard|p2a: Politoed|[spread] p2a,p2b
|-resisted|p2a: Politoed|1
|-damage|p2a: Politoed|85/100
|-damage|p2b: Swampert|0 fnt
|faint|p2b: Swampert
|move|p2a: Politoed|Weather Ball|p1a: Froslass
|-resisted|p1a: Froslass|1
|-damage|p1a: Froslass|1/100
|
|-weather|none
|-start|p1a: Froslass|perish1
|-start|p2a: Politoed|perish1
|-start|p1b: Kingambit|perish1
|upkeep
|turn|11
|
|t:|1784443409
|move|p2a: Politoed|Protect|p2a: Politoed
|-singleturn|p2a: Politoed|Protect
|move|p1a: Froslass|Shadow Ball|p2a: Politoed
|-activate|p2a: Politoed|move: Protect
|move|p1b: Kingambit|Kowtow Cleave|p2a: Politoed
|-activate|p2a: Politoed|move: Protect
|
|-start|p1a: Froslass|perish0
|-start|p2a: Politoed|perish0
|-start|p1b: Kingambit|perish0
|faint|p1a: Froslass
|faint|p2a: Politoed
|faint|p1b: Kingambit
|
|win|syshj
|raw|syshj's rating: 1282 → 1311(+29 for winning)
|raw|Promesus's rating: 1339 → 1316(-23 for losing)
|c|☆Promesus|huh
|l|☆Promesus
|player|p2|
