|j|☆tin19
|j|☆Reynordg
|html|tin19Reynordg    
|uhtml|bestof|Game 1 of a best-of-3
|t:|1783571622
|gametype|doubles
|player|p1|tin19|colress|
|player|p2|Reynordg|101|
|gen|9
|tier|[Gen 9 Champions] VGC 2026 Reg M-B (Bo3)
|rule|Species Clause: Limit one of each Pokémon
|rule|Item Clause: Limit 1 of each item
|clearpoke
|poke|p1|Archaludon, L50, M, shiny|
|poke|p1|Pelipper, L50, M, shiny|
|poke|p1|Swampert, L50, F, shiny|
|poke|p1|Floette-Eternal, L50, F|
|poke|p1|Meowscarada, L50, M, shiny|
|poke|p1|Farigiraf, L50, F, shiny|
|poke|p2|Grimmsnarl, L50, M|
|poke|p2|Swampert, L50, M|
|poke|p2|Pelipper, L50, M|
|poke|p2|Archaludon, L50, M|
|poke|p2|Sinistcha, L50|
|poke|p2|Metagross, L50|
|teampreview|4
|showteam|p1|Archaludon||LifeOrb|Stalwart|DracoMeteor,FlashCannon,ElectroShot,Protect|Modest||M|||50|]Pelipper||DampRock|Drizzle|Tailwind,MuddyWater,Hurricane,Protect|Modest||M|||50|]Swampert||Swampertite|Damp|HighHorsepower,WaveCrash,IcePunch,Protect|Adamant||F|||50|]Floette-Eternal||ChoiceScarf|FlowerVeil|Moonblast,Psychic,LightofRuin,RainDance|Modest||F|||50|]Meowscarada||FocusSash|Protean|FlowerTrick,KnockOff,TripleAxel,Protect|Adamant||M|||50|]Farigiraf||SitrusBerry|ArmorTail|PsychicNoise,HelpingHand,Roar,TrickRoom|Bold||F|||50|
|showteam|p2|Grimmsnarl||LightClay|Prankster|FoulPlay,PartingShot,Reflect,LightScreen|Calm||M|||50|]Swampert||Swampertite|Damp|WaveCrash,Earthquake,IcePunch,Protect|Adamant||M|||50|]Pelipper||SitrusBerry|Drizzle|Hurricane,WeatherBall,Tailwind,WideGuard|Modest||M|||50|]Archaludon||Leftovers|Stamina|ElectroShot,DragonPulse,FlashCannon,Protect|Modest||M|||50|]Sinistcha||CobaBerry|Hospitality|MatchaGotcha,RagePowder,TrickRoom,Protect|Relaxed|||||50|]Metagross||Metagrossite|ClearBody|IronHead,PsychicFangs,BodyPress,Protect|Jolly|||||50|
|c|☆Reynordg|glhf mae
|inactive|Battle timer is ON: inactive players will automatically lose when time's up. (requested by Reynordg)
|inactive|tin19 has 60 seconds left.
|
|t:|1783571715
|teamsize|p1|4
|teamsize|p2|4
|start
|switch|p1a: Floette|Floette-Eternal, L50, F|100/100
|switch|p1b: Meowscarada|Meowscarada, L50, M, shiny|100/100
|switch|p2a: Grimmsnarl|Grimmsnarl, L50, M|100/100
|switch|p2b: Swampert|Swampert, L50, M|100/100
|turn|1
|inactive|tin19 has 30 seconds left.
|inactive|Reynordg has 30 seconds left.
|inactive|tin19 has 20 seconds left.
|inactive|tin19 has 15 seconds left.
|
|t:|1783571757
|move|p2b: Swampert|Protect|p2b: Swampert
|-singleturn|p2b: Swampert|Protect
|move|p2a: Grimmsnarl|Light Screen|p2a: Grimmsnarl
|-sidestart|p2: Reynordg|move: Light Screen
|move|p1a: Floette|Light of Ruin|p2a: Grimmsnarl
|-supereffective|p2a: Grimmsnarl|1
|-damage|p2a: Grimmsnarl|10/100
|-damage|p1a: Floette|40/100|[from] Recoil
|move|p1b: Meowscarada|Knock Off|p2b: Swampert
|-start|p1b: Meowscarada|typechange|Dark|[from] ability: Protean
|-activate|p2b: Swampert|move: Protect
|
|upkeep
|turn|2
|inactive|tin19 has 30 seconds left.
|
|t:|1783571786
|switch|p2b: Archaludon|Archaludon, L50, M|100/100
|move|p2a: Grimmsnarl|Parting Shot|p1a: Floette
|-unboost|p1a: Floette|atk|1
|-unboost|p1a: Floette|spa|1
|
|t:|1783571794
|switch|p2a: Pelipper|Pelipper, L50, M|100/100|[from] Parting Shot
|-weather|RainDance|[from] ability: Drizzle|[of] p2a: Pelipper
|move|p1a: Floette|Light of Ruin|p2b: Archaludon
|-damage|p2b: Archaludon|65/100
|-ability|p2b: Archaludon|Stamina|boost
|-boost|p2b: Archaludon|def|1
|-damage|p1a: Floette|17/100|[from] Recoil
|move|p1b: Meowscarada|Flower Trick|p2a: Pelipper
|-crit|p2a: Pelipper
|-damage|p2a: Pelipper|62/100
|
|-weather|RainDance|[upkeep]
|-heal|p2b: Archaludon|71/100|[from] item: Leftovers
|upkeep
|turn|3
|inactive|tin19 has 30 seconds left.
|inactive|Reynordg has 30 seconds left.
|inactive|Reynordg has 20 seconds left.
|
|t:|1783571832
|switch|p2a: Grimmsnarl|Grimmsnarl, L50, M|10/100
|move|p1a: Floette|Light of Ruin|p2a: Grimmsnarl
|-supereffective|p2a: Grimmsnarl|1
|-damage|p2a: Grimmsnarl|0 fnt
|faint|p2a: Grimmsnarl
|-damage|p1a: Floette|10/100|[from] Recoil
|move|p1b: Meowscarada|Flower Trick|p2b: Archaludon
|-resisted|p2b: Archaludon|2
|-crit|p2b: Archaludon
|-damage|p2b: Archaludon|64/100
|-ability|p2b: Archaludon|Stamina|boost
|-boost|p2b: Archaludon|def|1
|move|p2b: Archaludon|Electro Shot||[still]
|-prepare|p2b: Archaludon|Electro Shot
|-boost|p2b: Archaludon|spa|1
|-anim|p2b: Archaludon|Electro Shot|p1b: Meowscarada
|-damage|p1b: Meowscarada|8/100
|
|-weather|RainDance|[upkeep]
|-heal|p2b: Archaludon|70/100|[from] item: Leftovers
|upkeep
|
|t:|1783571851
|switch|p2a: Swampert|Swampert, L50, M|100/100
|turn|4
|inactive|Reynordg has 30 seconds left.
|inactive|tin19 has 30 seconds left.
|inactive|Reynordg has 20 seconds left.
|
|t:|1783571890
|switch|p1a: Swampert|Swampert, L50, F, shiny|100/100
|detailschange|p2a: Swampert|Swampert-Mega, L50, M
|-mega|p2a: Swampert|Swampert|Swampertite
|move|p1b: Meowscarada|Protect|p1b: Meowscarada
|-singleturn|p1b: Meowscarada|Protect
|move|p2b: Archaludon|Protect|p2b: Archaludon
|-singleturn|p2b: Archaludon|Protect
|move|p2a: Swampert|Earthquake|p1a: Swampert|[spread] p1a
|-activate|p2b: Archaludon|move: Protect
|-activate|p1b: Meowscarada|move: Protect
|-damage|p1a: Swampert|55/100
|
|-weather|RainDance|[upkeep]
|-heal|p2b: Archaludon|76/100|[from] item: Leftovers
|upkeep
|turn|5
|inactive|tin19 has 30 seconds left.
|inactive|Reynordg has 30 seconds left.
|
|t:|1783571922
|detailschange|p1a: Swampert|Swampert-Mega, L50, F, shiny
|-mega|p1a: Swampert|Swampert|Swampertite
|move|p1a: Swampert|High Horsepower|p2b: Archaludon
|-supereffective|p2b: Archaludon|1
|-damage|p2b: Archaludon|32/100
|-ability|p2b: Archaludon|Stamina|boost
|-boost|p2b: Archaludon|def|1
|move|p2a: Swampert|Wave Crash|p1b: Meowscarada
|-damage|p1b: Meowscarada|0 fnt
|faint|p1b: Meowscarada
|-damage|p2a: Swampert|97/100|[from] Recoil
|move|p2b: Archaludon|Dragon Pulse|p1a: Swampert
|-damage|p1a: Swampert|9/100
|
|-weather|RainDance|[upkeep]
|-heal|p2b: Archaludon|39/100|[from] item: Leftovers
|upkeep
|
|t:|1783571944
|switch|p1b: Floette|Floette-Eternal, L50, F|10/100
|turn|6
|
|t:|1783571961
|move|p2b: Archaludon|Protect|p2b: Archaludon
|-singleturn|p2b: Archaludon|Protect
|move|p1a: Swampert|Wave Crash|p2a: Swampert
|-damage|p2a: Swampert|16/100
|-damage|p1a: Swampert|0 fnt|[from] Recoil
|faint|p1a: Swampert
|move|p2a: Swampert|Earthquake|p1b: Floette|[spread] p1b
|-activate|p2b: Archaludon|move: Protect
|-damage|p1b: Floette|0 fnt
|faint|p1b: Floette
|
|-weather|none
|-heal|p2b: Archaludon|45/100|[from] item: Leftovers
|upkeep
|
|t:|1783571977
|switch|p1b: Archaludon|Archaludon, L50, M, shiny|100/100
|turn|7
|
|t:|1783571993
|switch|p2a: Pelipper|Pelipper, L50, M|62/100
|-weather|RainDance|[from] ability: Drizzle|[of] p2a: Pelipper
|move|p1b: Archaludon|Flash Cannon|p2a: Pelipper
|-resisted|p2a: Pelipper|1
|-damage|p2a: Pelipper|44/100
|-enditem|p2a: Pelipper|Sitrus Berry|[eat]
|-heal|p2a: Pelipper|68/100|[from] item: Sitrus Berry
|-damage|p1b: Archaludon|90/100|[from] item: Life Orb
|move|p2b: Archaludon|Dragon Pulse|p1b: Archaludon
|-damage|p1b: Archaludon|28/100
|
|-weather|RainDance|[upkeep]
|-heal|p2b: Archaludon|51/100|[from] item: Leftovers
|upkeep
|turn|8
|
|t:|1783572014
|move|p1b: Archaludon|Draco Meteor|p2a: Pelipper
|-crit|p2a: Pelipper
|-damage|p2a: Pelipper|0 fnt
|-unboost|p1b: Archaludon|spa|2
|faint|p2a: Pelipper
|-damage|p1b: Archaludon|18/100|[from] item: Life Orb
|move|p2b: Archaludon|Dragon Pulse|p1b: Archaludon
|-damage|p1b: Archaludon|0 fnt
|faint|p1b: Archaludon
|
|win|Reynordg
|inactive|tin19 has 30 seconds to confirm battle start!
|inactive|Reynordg has 30 seconds to confirm battle start!
