|j|☆imonx6pace!
|j|☆PerroDog
|html|imonx6pace!PerroDog    
|uhtml|bestof|Game 1 of a best-of-3
|t:|1784601127
|gametype|doubles
|player|p1|imonx6pace!|rocketgrunt|1152
|player|p2|PerroDog|101|1172
|gen|9
|tier|[Gen 9 Champions] VGC 2026 Reg M-B (Bo3)
|rated|
|rule|Species Clause: Limit one of each Pokémon
|rule|Item Clause: Limit 1 of each item
|clearpoke
|poke|p1|Sinistcha, L50|
|poke|p1|Aerodactyl, L50, F|
|poke|p1|Sneasler, L50, M|
|poke|p1|Incineroar, L50, M|
|poke|p1|Garchomp, L50, M|
|poke|p1|Delphox, L50, F|
|poke|p2|Kingambit, L50, F|
|poke|p2|Gardevoir, L50, F|
|poke|p2|Talonflame, L50, M|
|poke|p2|Maushold, L50|
|poke|p2|Basculegion, L50, M|
|poke|p2|Garchomp, L50, M|
|teampreview|4
|showteam|p1|Sinistcha||SitrusBerry|Hospitality|MatchaGotcha,RagePowder,LifeDew,TrickRoom|Calm|||||50|]Aerodactyl||FocusSash|Unnerve|Tailwind,RockSlide,DualWingbeat,Protect|Jolly||F|||50|]Sneasler||WhiteHerb|Unburden|FakeOut,DireClaw,CloseCombat,Protect|Jolly||M|||50|]Incineroar||ChopleBerry|Intimidate|FakeOut,PartingShot,FlareBlitz,ThroatChop|Careful||M|||50|]Garchomp||LifeOrb|RoughSkin|Earthquake,RockSlide,Protect,DragonClaw|Jolly||M|||50|]Delphox||Delphoxite|Blaze|NastyPlot,HeatWave,Psychic,Protect|Timid||F|||50|
|showteam|p2|Kingambit||FocusSash|Defiant|KowtowCleave,IronHead,SuckerPunch,LowKick|Adamant||F|||50|]Gardevoir||Gardevoirite|Telepathy|HyperVoice,Psyshock,TrickRoom,Protect|Modest||F|||50|]Talonflame||LifeOrb|GaleWings|DualWingbeat,FlareBlitz,Tailwind,Protect|Jolly||M|||50|]Maushold||ChopleBerry|FriendGuard|Feint,SuperFang,FollowMe,Protect|Impish|||||50|]Basculegion||MysticWater|Adaptability|WaveCrash,LastRespects,AquaJet,Protect|Adamant||M|||50|]Garchomp||SitrusBerry|RoughSkin|Earthquake,StompingTantrum,RockTomb,Protect|Jolly||M|||50|
|inactive|Battle timer is ON: inactive players will automatically lose when time's up. (requested by imonx6pace!)
|
|t:|1784601161
|teamsize|p1|4
|teamsize|p2|4
|start
|switch|p1a: Aerodactyl|Aerodactyl, L50, F|100/100
|switch|p1b: Garchomp|Garchomp, L50, M|100/100
|switch|p2a: Talonflame|Talonflame, L50, M|100/100
|switch|p2b: Basculegion|Basculegion, L50, M|100/100
|-ability|p1a: Aerodactyl|Unnerve
|turn|1
|
|t:|1784601179
|move|p2a: Talonflame|Tailwind|p2a: Talonflame
|-sidestart|p2: PerroDog|move: Tailwind
|move|p2b: Basculegion|Wave Crash|p1a: Aerodactyl
|-supereffective|p1a: Aerodactyl|1
|-crit|p1a: Aerodactyl
|-enditem|p1a: Aerodactyl|Focus Sash
|-damage|p1a: Aerodactyl|1/100
|-damage|p2b: Basculegion|74/100|[from] Recoil
|move|p1a: Aerodactyl|Tailwind|p1a: Aerodactyl
|-sidestart|p1: imonx6pace!|move: Tailwind
|move|p1b: Garchomp|Rock Slide|p2b: Basculegion|[spread] p2a,p2b
|-supereffective|p2a: Talonflame|2
|-damage|p2a: Talonflame|0 fnt
|-damage|p2b: Basculegion|44/100
|faint|p2a: Talonflame
|-damage|p1b: Garchomp|90/100|[from] item: Life Orb
|
|upkeep
|
|t:|1784601195
|switch|p2a: Gardevoir|Gardevoir, L50, F|100/100
|turn|2
|
|t:|1784601202
|switch|p1a: Incineroar|Incineroar, L50, M|100/100
|-ability|p1a: Incineroar|Intimidate|boost
|-unboost|p2a: Gardevoir|atk|1
|-unboost|p2b: Basculegion|atk|1
|detailschange|p2a: Gardevoir|Gardevoir-Mega, L50, F
|-mega|p2a: Gardevoir|Gardevoir|Gardevoirite
|move|p2b: Basculegion|Aqua Jet|p1a: Incineroar
|-supereffective|p1a: Incineroar|1
|-damage|p1a: Incineroar|60/100
|move|p1b: Garchomp|Earthquake|p2a: Gardevoir|[spread] p1a,p2a,p2b
|-supereffective|p1a: Incineroar|1
|-damage|p1a: Incineroar|0 fnt
|-damage|p2a: Gardevoir|40/100
|-damage|p2b: Basculegion|0 fnt
|faint|p1a: Incineroar
|faint|p2b: Basculegion
|-damage|p1b: Garchomp|80/100|[from] item: Life Orb
|move|p2a: Gardevoir|Hyper Voice|p1b: Garchomp
|-supereffective|p1b: Garchomp|1
|-damage|p1b: Garchomp|0 fnt
|faint|p1b: Garchomp
|
|upkeep
|
|t:|1784601220
|switch|p1b: Aerodactyl|Aerodactyl, L50, F|1/100
|switch|p2b: Maushold|Maushold, L50|100/100
|switch|p1a: Delphox|Delphox, L50, F|100/100
|-ability|p1b: Aerodactyl|Unnerve
|turn|3
|
|t:|1784601231
|detailschange|p1a: Delphox|Delphox-Mega, L50, F
|-mega|p1a: Delphox|Delphox|Delphoxite
|move|p2a: Gardevoir|Protect|p2a: Gardevoir
|-singleturn|p2a: Gardevoir|Protect
|move|p1a: Delphox|Heat Wave|p2a: Gardevoir|[spread] p2b
|-activate|p2a: Gardevoir|move: Protect
|-damage|p2b: Maushold|53/100
|-status|p2b: Maushold|brn
|move|p1b: Aerodactyl|Rock Slide|p2a: Gardevoir|[spread] p2b
|-activate|p2a: Gardevoir|move: Protect
|-damage|p2b: Maushold|27/100 brn
|move|p2b: Maushold|Super Fang|p1a: Delphox
|-damage|p1a: Delphox|50/100g
|
|-damage|p2b: Maushold|21/100 brn|[from] brn
|upkeep
|turn|4
|inactive|PerroDog has 30 seconds left.
|
|t:|1784601258
|move|p2b: Maushold|Feint|p1b: Aerodactyl
|-resisted|p1b: Aerodactyl|1
|-damage|p1b: Aerodactyl|0 fnt
|faint|p1b: Aerodactyl
|move|p1a: Delphox|Heat Wave|p2b: Maushold|[spread] p2b
|-miss|p1a: Delphox|p2a: Gardevoir
|-damage|p2b: Maushold|0 fnt
|faint|p2b: Maushold
|move|p2a: Gardevoir|Hyper Voice|p1a: Delphox
|-resisted|p1a: Delphox|1
|-damage|p1a: Delphox|17/100
|
|-sideend|p2: PerroDog|move: Tailwind
|-sideend|p1: imonx6pace!|move: Tailwind
|upkeep
|turn|5
|
|t:|1784601270
|move|p1a: Delphox|Heat Wave|p2a: Gardevoir
|-damage|p2a: Gardevoir|0 fnt
|faint|p2a: Gardevoir
|
|win|imonx6pace!
||PerroDog is ready for game 2.
|inactive|imonx6pace! has 30 seconds to confirm battle start!
||imonx6pace! is ready for game 2.
|uhtml|next|Next: Game 2 of 3
