|j|☆MrTedno
|j|☆crudo de fava
|html|MrTednocrudo de fava    
|uhtml|bestof|Game 2 of a best-of-3
|t:|1757706740
|gametype|doubles
|player|p1|MrTedno|barry|1285
|player|p2|crudo de fava|ingo|1441
|gen|9
|tier|[Gen 9] VGC 2025 Reg H (Bo3)
|rated|
|rule|Species Clause: Limit one of each Pokémon
|rule|Item Clause: Limit 1 of each item
|clearpoke
|poke|p1|Ninetales-Alola, L50, F|
|poke|p1|Garchomp, L50, F|
|poke|p1|Flamigo, L50, M|
|poke|p1|Incineroar, L50, F|
|poke|p1|Gholdengo, L50|
|poke|p1|Amoonguss, L50, M|
|poke|p2|Dragonite, L50, M|
|poke|p2|Gholdengo, L50|
|poke|p2|Archaludon, L50, M|
|poke|p2|Pelipper, L50, M|
|poke|p2|Ursaluna, L50, M|
|poke|p2|Sinistcha, L50|
|teampreview|4
|showteam|p1|Ninetales-Alola||LightClay|SnowWarning|Protect,Blizzard,FreezeDry,AuroraVeil|||F|||50|,,,,,Water]Garchomp||ClearAmulet|RoughSkin|Earthquake,DragonClaw,StompingTantrum,Protect|||F|||50|,,,,,Fire]Flamigo||CovertCloak|Scrappy|BraveBird,CloseCombat,Tailwind,Detect|||M|||50|,,,,,Dark]Incineroar||SafetyGoggles|Intimidate|FakeOut,PartingShot,FlareBlitz,KnockOff|||F|||50|,,,,,Ghost]Gholdengo||LifeOrb|GoodasGold|ShadowBall,MakeItRain,NastyPlot,Protect||||||50|,,,,,Flying]Amoonguss||SitrusBerry|Regenerator|Spore,RagePowder,PollenPuff,ClearSmog|||M|||50|,,,,,Water
|showteam|p2|Dragonite||LoadedDice|Multiscale|ScaleShot,Tailwind,Haze,Protect|||M|||50|,,,,,Fairy]Gholdengo||ChoiceScarf|GoodasGold|MakeItRain,ShadowBall,Trick,PowerGem||||||50|,,,,,Flying]Archaludon||AssaultVest|Stamina|ElectroShot,DragonPulse,BodyPress,Snarl|||M|||50|,,,,,Bug]Pelipper||SafetyGoggles|Drizzle|MuddyWater,Hurricane,Tailwind,Protect|||M|||50|,,,,,Ground]Ursaluna||FlameOrb|Guts|Earthquake,Facade,HeadlongRush,Protect|||M|||50|,,,,,Ghost]Sinistcha||SitrusBerry|Hospitality|MatchaGotcha,RagePowder,TrickRoom,LifeDew||||||50|,,,,,Dark
|c|☆MrTedno|glhf
|
|t:|1757706814
|teamsize|p1|4
|teamsize|p2|4
|start
|switch|p1a: Skipper|Gholdengo, L50|100/100
|switch|p1b: Julien|Incineroar, L50, F|100/100
|switch|p2a: Dragonite|Dragonite, L50, M|100/100
|switch|p2b: Archaludon|Archaludon, L50, M|100/100
|-ability|p1b: Julien|Intimidate|boost
|-unboost|p2a: Dragonite|atk|1
|-unboost|p2b: Archaludon|atk|1
|turn|1
|
|t:|1757706844
|move|p2b: Archaludon|Snarl|p1b: Julien|[spread] p1a,p1b
|-supereffective|p1a: Skipper
|-resisted|p1b: Julien
|-damage|p1a: Skipper|72/100
|-damage|p1b: Julien|96/100
|-unboost|p1a: Skipper|spa|1
|-unboost|p1b: Julien|spa|1
|move|p1a: Skipper|Nasty Plot|p1a: Skipper
|-boost|p1a: Skipper|spa|2
|move|p2a: Dragonite|Scale Shot|p1b: Julien
|-damage|p1b: Julien|88/100
|-damage|p1b: Julien|79/100
|-damage|p1b: Julien|70/100
|-damage|p1b: Julien|62/100
|-hitcount|p1b: Julien|4
|-unboost|p2a: Dragonite|def|1
|-boost|p2a: Dragonite|spe|1
|move|p1b: Julien|Knock Off|p2a: Dragonite
|-damage|p2a: Dragonite|72/100
|-enditem|p2a: Dragonite|Loaded Dice|[from] move: Knock Off|[of] p1b: Julien
|
|upkeep
|turn|2
|inactive|Battle timer is ON: inactive players will automatically lose when time's up. (requested by MrTedno)
|
|t:|1757706895
|move|p1a: Skipper|Protect|p1a: Skipper
|-singleturn|p1a: Skipper|Protect
|move|p2a: Dragonite|Scale Shot|p2b: Archaludon
|-damage|p2b: Archaludon|94/100
|-ability|p2b: Archaludon|Stamina|boost
|-boost|p2b: Archaludon|def|1
|-damage|p2b: Archaludon|89/100
|-ability|p2b: Archaludon|Stamina|boost
|-boost|p2b: Archaludon|def|1
|-hitcount|p2b: Archaludon|2
|-unboost|p2a: Dragonite|def|1
|-boost|p2a: Dragonite|spe|1
|move|p2b: Archaludon|Snarl|p1b: Julien|[spread] p1b
|-activate|p1a: Skipper|move: Protect
|-resisted|p1b: Julien
|-damage|p1b: Julien|58/100
|-unboost|p1b: Julien|spa|1
|move|p1b: Julien|Parting Shot|p2b: Archaludon
|-unboost|p2b: Archaludon|atk|1
|-unboost|p2b: Archaludon|spa|1
|inactive|MrTedno has 30 seconds left.
|
|t:|1757706922
|switch|p1b: Gloria|Ninetales-Alola, L50, F|100/100|[from] Parting Shot
|-weather|Snowscape|[from] ability: Snow Warning|[of] p1b: Gloria
|
|-weather|Snowscape|[upkeep]
|upkeep
|turn|3
|
|t:|1757706934
|move|p2a: Dragonite|Tailwind|p2a: Dragonite
|-sidestart|p2: crudo de fava|move: Tailwind
|move|p2b: Archaludon|Snarl|p1b: Gloria|[spread] p1a,p1b
|-supereffective|p1a: Skipper
|-resisted|p1b: Gloria
|-damage|p1a: Skipper|54/100
|-damage|p1b: Gloria|97/100
|-unboost|p1a: Skipper|spa|1
|-unboost|p1b: Gloria|spa|1
|move|p1b: Gloria|Freeze-Dry|p2a: Dragonite
|-supereffective|p2a: Dragonite
|-damage|p2a: Dragonite|23/100
|move|p1a: Skipper|Shadow Ball|p2b: Archaludon
|-damage|p2b: Archaludon|48/100
|-ability|p2b: Archaludon|Stamina|boost
|-boost|p2b: Archaludon|def|1
|-damage|p1a: Skipper|45/100|[from] item: Life Orb
|
|-weather|Snowscape|[upkeep]
|upkeep
|turn|4
|inactive|MrTedno has 30 seconds left.
|
|t:|1757706963
|switch|p2a: Pelipper|Pelipper, L50, M|100/100
|-weather|RainDance|[from] ability: Drizzle|[of] p2a: Pelipper
|switch|p1a: Julien|Incineroar, L50, F|58/100
|-ability|p1a: Julien|Intimidate|boost
|-unboost|p2a: Pelipper|atk|1
|-unboost|p2b: Archaludon|atk|1
|move|p2b: Archaludon|Electro Shot||[still]
|-prepare|p2b: Archaludon|Electro Shot
|-boost|p2b: Archaludon|spa|1
|-anim|p2b: Archaludon|Electro Shot|p1a: Julien
|-damage|p1a: Julien|28/100
|move|p1b: Gloria|Blizzard|p2a: Pelipper|[spread] p2a,p2b
|-damage|p2a: Pelipper|74/100
|-damage|p2b: Archaludon|36/100
|-status|p2a: Pelipper|frz
|-ability|p2b: Archaludon|Stamina|boost
|-boost|p2b: Archaludon|def|1
|
|-weather|RainDance|[upkeep]
|upkeep
|turn|5
|inactive|MrTedno has 30 seconds left.
|
|t:|1757706993
|switch|p1b: Skipper|Gholdengo, L50|45/100
|move|p1a: Julien|Fake Out|p2b: Archaludon
|-resisted|p2b: Archaludon
|-damage|p2b: Archaludon|34/100
|-ability|p2b: Archaludon|Stamina|boost
|-boost|p2b: Archaludon|def|1
|cant|p2b: Archaludon|flinch
|cant|p2a: Pelipper|frz
|
|-weather|RainDance|[upkeep]
|upkeep
|turn|6
|inactive|MrTedno has 30 seconds left.
|inactive|crudo de fava has 30 seconds left.
|
|t:|1757707021
|move|p1b: Skipper|Protect|p1b: Skipper
|-singleturn|p1b: Skipper|Protect
|move|p2b: Archaludon|Snarl|p1b: Skipper|[spread] p1a
|-activate|p1b: Skipper|move: Protect
|-resisted|p1a: Julien
|-damage|p1a: Julien|23/100
|-unboost|p1a: Julien|spa|1
|cant|p2a: Pelipper|frz
|move|p1a: Julien|Parting Shot|p2b: Archaludon
|-unboost|p2b: Archaludon|atk|1
|-unboost|p2b: Archaludon|spa|1
|
|t:|1757707027
|switch|p1a: Gloria|Ninetales-Alola, L50, F|97/100|[from] Parting Shot
|-weather|Snowscape|[from] ability: Snow Warning|[of] p1a: Gloria
|
|-weather|Snowscape|[upkeep]
|-sideend|p2: crudo de fava|move: Tailwind
|upkeep
|turn|7
|inactive|MrTedno has 30 seconds left.
|inactive|crudo de fava has 30 seconds left.
|
|t:|1757707060
|move|p1a: Gloria|Freeze-Dry|p2a: Pelipper
|-supereffective|p2a: Pelipper
|-damage|p2a: Pelipper|0 fnt
|faint|p2a: Pelipper
|move|p2b: Archaludon|Snarl|p1b: Skipper|[spread] p1b
|-miss|p2b: Archaludon|p1a: Gloria
|-supereffective|p1b: Skipper
|-damage|p1b: Skipper|28/100
|-unboost|p1b: Skipper|spa|1
|move|p1b: Skipper|Make It Rain|p2b: Archaludon
|-resisted|p2b: Archaludon
|-damage|p2b: Archaludon|14/100
|-unboost|p1b: Skipper|spa|1
|-ability|p2b: Archaludon|Stamina|boost
|-boost|p2b: Archaludon|def|1
|-damage|p1b: Skipper|19/100|[from] item: Life Orb
|
|-weather|Snowscape|[upkeep]
|upkeep
|inactive|crudo de fava has 30 seconds left.
|
|t:|1757707090
|switch|p2a: Ursaluna|Ursaluna, L50, M|100/100
|turn|8
|
|t:|1757707107
|switch|p1b: Julien|Incineroar, L50, F|23/100
|-ability|p1b: Julien|Intimidate|boost
|-unboost|p2a: Ursaluna|atk|1
|-unboost|p2b: Archaludon|atk|1
|move|p1a: Gloria|Blizzard|p2b: Archaludon|[spread] p2a,p2b
|-supereffective|p2a: Ursaluna
|-damage|p2a: Ursaluna|51/100
|-damage|p2b: Archaludon|0 fnt
|faint|p2b: Archaludon
|move|p2a: Ursaluna|Headlong Rush|p1a: Gloria
|-damage|p1a: Gloria|59/100
|-unboost|p2a: Ursaluna|def|1
|-unboost|p2a: Ursaluna|spd|1
|
|-weather|Snowscape|[upkeep]
|-status|p2a: Ursaluna|brn|[from] item: Flame Orb
|upkeep
|-message|crudo de fava forfeited.
|
|win|MrTedno
