|j|☆boober_magmar
|j|☆Braute
|html|boober_magmarBraute    
|uhtml|bestof|Game 2 of a best-of-3
|t:|1756825143
|gametype|doubles
|player|p1|boober_magmar|gambler|1230
|player|p2|Braute|miku-fire|1189
|gen|9
|tier|[Gen 9] VGC 2025 Reg H (Bo3)
|rated|
|rule|Species Clause: Limit one of each Pokémon
|rule|Item Clause: Limit 1 of each item
|clearpoke
|poke|p1|Dragonite, L50, M|
|poke|p1|Annihilape, L50, M|
|poke|p1|Incineroar, L50, M|
|poke|p1|Gholdengo, L50|
|poke|p1|Porygon2, L50|
|poke|p1|Ursaluna, L50, F|
|poke|p2|Sneasler, L50, M|
|poke|p2|Indeedee, L50, M|
|poke|p2|Volcarona, L50, M|
|poke|p2|Ursaluna-Bloodmoon, L50, M|
|poke|p2|Annihilape, L50, F|
|poke|p2|Tyranitar, L50, M|
|teampreview|4
|showteam|p1|Dragonite||LoadedDice|Multiscale|ScaleShot,IronHead,Tailwind,Protect|||M|||50|,,,,,Steel]Annihilape||FocusSash|Defiant|RageFist,CloseCombat,Coaching,Protect|||M|||50|,,,,,Stellar]Incineroar||SafetyGoggles|Intimidate|FakeOut,KnockOff,FlareBlitz,PartingShot|||M|||50|,,,,,Ghost]Gholdengo||LifeOrb|GoodasGold|ShadowBall,MakeItRain,NastyPlot,Protect||||||50|,,,,,Water]Porygon2||Eviolite|Download|IceBeam,TeraBlast,Recover,TrickRoom||||||50|,,,,,Fighting]Ursaluna||FlameOrb|Guts|Facade,Earthquake,HeadlongRush,Protect|||F|||50|,,,,,Ghost
|showteam|p2|Sneasler||PsychicSeed|Unburden|CloseCombat,DireClaw,ThroatChop,Protect|||M|||50|,,,,,Dark]Indeedee||ChoiceScarf|PsychicSurge|ExpandingForce,TeraBlast,Trick,Protect|||M|||50|,,,,,Psychic]Volcarona||SitrusBerry|FlameBody|Overheat,StruggleBug,RagePowder,Tailwind|||M|||50|,,,,,Grass]Ursaluna-Bloodmoon||LifeOrb|MindsEye|BloodMoon,HyperVoice,EarthPower,Protect|||M|||50|,,,,,Normal]Annihilape||SafetyGoggles|Defiant|CloseCombat,RageFist,Taunt,FinalGambit|||F|||50|,,,,,Fairy]Tyranitar||AssaultVest|SandStream|RockSlide,KnockOff,TeraBlast,LowKick|||M|||50|,,,,,Flying
|inactive|Battle timer is ON: inactive players will automatically lose when time's up. (requested by Braute)
|
|t:|1756825157
|teamsize|p1|4
|teamsize|p2|4
|start
|switch|p1a: Porygon2|Porygon2, L50|100/100
|switch|p1b: Gholdengo|Gholdengo, L50|100/100
|switch|p2a: Clouddrop|Ursaluna-Bloodmoon, L50, M|100/100
|switch|p2b: Breeze Blows|Volcarona, L50, M|100/100
|-ability|p1a: Porygon2|Download|boost
|-boost|p1a: Porygon2|spa|1
|turn|1
|inactive|boober_magmar has 30 seconds left.
|inactive|Braute has 30 seconds left.
|inactive|boober_magmar has 20 seconds left.
|inactive|Braute has 20 seconds left.
|inactive|Braute has 15 seconds left.
|
|t:|1756825207
|switch|p1a: Incineroar|Incineroar, L50, M|100/100
|-ability|p1a: Incineroar|Intimidate|boost
|-unboost|p2a: Clouddrop|atk|1
|-unboost|p2b: Breeze Blows|atk|1
|move|p2b: Breeze Blows|Struggle Bug|p1a: Incineroar|[spread] p1a,p1b
|-resisted|p1b: Gholdengo
|-damage|p1a: Incineroar|85/100
|-damage|p1b: Gholdengo|97/100
|-unboost|p1a: Incineroar|spa|1
|-unboost|p1b: Gholdengo|spa|1
|move|p1b: Gholdengo|Nasty Plot|p1b: Gholdengo
|-boost|p1b: Gholdengo|spa|2
|move|p2a: Clouddrop|Blood Moon|p1a: Incineroar
|-damage|p1a: Incineroar|0 fnt
|faint|p1a: Incineroar
|-damage|p2a: Clouddrop|91/100|[from] item: Life Orb
|
|upkeep
|
|t:|1756825225
|switch|p1a: Porygon2|Porygon2, L50|100/100
|-ability|p1a: Porygon2|Download|boost
|-boost|p1a: Porygon2|spa|1
|turn|2
|inactive|Braute has 30 seconds left.
|
|t:|1756825250
|-terastallize|p1b: Gholdengo|Water
|move|p2b: Breeze Blows|Struggle Bug|p1b: Gholdengo|[spread] p1a,p1b
|-damage|p1a: Porygon2|90/100
|-damage|p1b: Gholdengo|80/100
|-unboost|p1a: Porygon2|spa|1
|-unboost|p1b: Gholdengo|spa|1
|move|p1b: Gholdengo|Make It Rain|p2b: Breeze Blows|[spread] p2a,p2b
|-resisted|p2b: Breeze Blows
|-damage|p2a: Clouddrop|8/100
|-damage|p2b: Breeze Blows|69/100
|-unboost|p1b: Gholdengo|spa|1
|-damage|p1b: Gholdengo|70/100|[from] item: Life Orb
|move|p2a: Clouddrop|Earth Power|p1b: Gholdengo
|-damage|p1b: Gholdengo|0 fnt
|faint|p1b: Gholdengo
|-damage|p2a: Clouddrop|0 fnt|[from] item: Life Orb
|faint|p2a: Clouddrop
|move|p1a: Porygon2|Trick Room|p1a: Porygon2
|-fieldstart|move: Trick Room|[of] p1a: Porygon2
|
|upkeep
|
|t:|1756825270
|switch|p2a: Dyad|Indeedee, L50, M|100/100
|switch|p1b: Ursaluna|Ursaluna, L50, F|100/100
|-fieldstart|move: Psychic Terrain|[from] ability: Psychic Surge|[of] p2a: Dyad
|turn|3
|
|t:|1756825282
|move|p1b: Ursaluna|Protect|p1b: Ursaluna
|-singleturn|p1b: Ursaluna|Protect
|move|p2b: Breeze Blows|Rage Powder|p2b: Breeze Blows
|-singleturn|p2b: Breeze Blows|move: Rage Powder
|move|p1a: Porygon2|Tera Blast|p2b: Breeze Blows
|-damage|p2b: Breeze Blows|34/100
|-enditem|p2b: Breeze Blows|Sitrus Berry|[eat]
|-heal|p2b: Breeze Blows|59/100|[from] item: Sitrus Berry
|move|p2a: Dyad|Trick|p1b: Ursaluna
|-activate|p1b: Ursaluna|move: Protect
|
|-status|p1b: Ursaluna|brn|[from] item: Flame Orb
|upkeep
|turn|4
|
|t:|1756825304
|move|p2b: Breeze Blows|Rage Powder|p2b: Breeze Blows
|-singleturn|p2b: Breeze Blows|move: Rage Powder
|move|p1b: Ursaluna|Facade|p2b: Breeze Blows
|-damage|p2b: Breeze Blows|0 fnt
|faint|p2b: Breeze Blows
|move|p1a: Porygon2|Tera Blast|p2a: Dyad
|-damage|p2a: Dyad|51/100
|move|p2a: Dyad|Trick|p1a: Porygon2
|-activate|p2a: Dyad|move: Trick|[of] p1a: Porygon2
|-item|p1a: Porygon2|Choice Scarf|[from] move: Trick
|-item|p2a: Dyad|Eviolite|[from] move: Trick
|
|-damage|p1b: Ursaluna|95/100 brn|[from] brn
|upkeep
|
|t:|1756825308
|switch|p2b: ROT FOR CLOUT|Sneasler, L50, M|100/100
|-enditem|p2b: ROT FOR CLOUT|Psychic Seed
|-boost|p2b: ROT FOR CLOUT|spd|1|[from] item: Psychic Seed
|turn|5
|inactive|boober_magmar has 30 seconds left.
|
|t:|1756825340
|move|p2a: Dyad|Protect|p2a: Dyad
|-singleturn|p2a: Dyad|Protect
|move|p2b: ROT FOR CLOUT|Protect|p2b: ROT FOR CLOUT
|-singleturn|p2b: ROT FOR CLOUT|Protect
|move|p1b: Ursaluna|Earthquake|p2b: ROT FOR CLOUT|[spread] p1a
|-activate|p2a: Dyad|move: Protect
|-activate|p2b: ROT FOR CLOUT|move: Protect
|-damage|p1a: Porygon2|29/100
|move|p1a: Porygon2|Tera Blast|p2a: Dyad
|-activate|p2a: Dyad|move: Protect
|
|-damage|p1b: Ursaluna|89/100 brn|[from] brn
|upkeep
|turn|6
|inactive|Braute has 30 seconds left.
|
|t:|1756825369
|move|p2a: Dyad|Protect||[still]
|-fail|p2a: Dyad
|move|p2b: ROT FOR CLOUT|Protect||[still]
|-fail|p2b: ROT FOR CLOUT
|move|p1b: Ursaluna|Earthquake|p2b: ROT FOR CLOUT|[spread] p1a,p2a,p2b
|-supereffective|p2b: ROT FOR CLOUT
|-damage|p1a: Porygon2|0 fnt
|-damage|p2a: Dyad|0 fnt
|-damage|p2b: ROT FOR CLOUT|0 fnt
|faint|p1a: Porygon2
|faint|p2a: Dyad
|faint|p2b: ROT FOR CLOUT
|
|win|boober_magmar
|raw|boober_magmar's rating: 1230 → 1252(+22 for winning)
|raw|Braute's rating: 1189 → 1167(-22 for losing)
