|j|☆yoyohvgc
|j|☆KingK0opa
|html|yoyohvgcKingK0opa    
|uhtml|bestof|Game 1 of a best-of-3
|t:|1784751205
|gametype|doubles
|player|p1|yoyohvgc|pokemonbreederf-gen4|
|player|p2|KingK0opa|bugsy|
|gen|9
|tier|[Gen 9 Champions] VGC 2026 Reg M-B (Bo3)
|rule|Species Clause: Limit one of each Pokémon
|rule|Item Clause: Limit 1 of each item
|clearpoke
|poke|p1|Staraptor, L50, F|
|poke|p1|Whimsicott, L50, M|
|poke|p1|Farigiraf, L50, M|
|poke|p1|Typhlosion-Hisui, L50, F|
|poke|p1|Toxapex, L50, F|
|poke|p1|Garchomp, L50, M|
|poke|p2|Chimecho, L50, M|
|poke|p2|Mudsdale, L50, M|
|poke|p2|Farigiraf, L50, F|
|poke|p2|Vivillon, L50, M|
|poke|p2|Vanilluxe, L50, M|
|poke|p2|Scrafty, L50, F|
|teampreview|4
|showteam|p1|Staraptor||Staraptite|Intimidate|BraveBird,CloseCombat,Roost,Protect|Adamant||F|||50|]Whimsicott||FocusSash|Prankster|Moonblast,Tailwind,Tickle,SunnyDay|Timid||M|||50|]Farigiraf||SitrusBerry|ArmorTail|Psychic,HelpingHand,TrickRoom,Protect|Modest||M|||50|]Typhlosion-Hisui||ChoiceScarf|Blaze|Eruption,HeatWave,ShadowBall,SolarBeam|Modest||F|||50|]Toxapex||Leftovers|Regenerator|BanefulBunker,Toxic,Infestation,WideGuard|Calm||F|||50|]Garchomp||LifeOrb|RoughSkin|StompingTantrum,DragonClaw,RockSlide,Protect|Adamant||M|||50|
|showteam|p2|Chimecho||Chimechite|Levitate|Psychic,FlashCannon,CalmMind,TrickRoom|Quiet||M|||50|]Mudsdale||LifeOrb|InnerFocus|Earthquake,HighHorsepower,RockSlide,HeavySlam|Brave||M|||50|]Farigiraf||SitrusBerry|ArmorTail|PsychicNoise,Thunderbolt,TrickRoom,Protect|Relaxed||F|||50|]Vivillon||FocusSash|CompoundEyes|Hurricane,SleepPowder,RagePowder,Protect|Timid||M|||50|]Vanilluxe||NeverMeltIce|SnowWarning|Blizzard,FreezeDry,IceShard,Protect|Quiet||M|||50|]Scrafty||Scraftinite|Intimidate|FakeOut,CloseCombat,Crunch,IronHead|Brave||F|||50|
|inactive|Battle timer is ON: inactive players will automatically lose when time's up. (requested by KingK0opa)
|c|☆yoyohvgc|glhf
|c|☆KingK0opa|u2
|inactive|yoyohvgc has 60 seconds left.
|inactive|KingK0opa has 60 seconds left.
|
|t:|1784751264
|teamsize|p1|4
|teamsize|p2|4
|start
|switch|p1a: Typhlosion|Typhlosion-Hisui, L50, F|100/100
|switch|p1b: Farigiraf|Farigiraf, L50, M|100/100
|switch|p2a: Farigiraf|Farigiraf, L50, F|100/100
|switch|p2b: Scrafty|Scrafty, L50, F|100/100
|-ability|p2b: Scrafty|Intimidate|boost
|-unboost|p1a: Typhlosion|atk|1
|-unboost|p1b: Farigiraf|atk|1
|turn|1
|inactive|KingK0opa has 30 seconds left.
|inactive|KingK0opa has 20 seconds left.
|inactive|KingK0opa has 15 seconds left.
|
|t:|1784751305
|detailschange|p2b: Scrafty|Scrafty-Mega, L50, F
|-mega|p2b: Scrafty|Scrafty|Scraftinite
|-ability|p2b: Scrafty|Intimidate|boost
|-unboost|p1a: Typhlosion|atk|1
|-unboost|p1b: Farigiraf|atk|1
|move|p1b: Farigiraf|Helping Hand|p1a: Typhlosion
|-singleturn|p1a: Typhlosion|Helping Hand|[of] p1b: Farigiraf
|move|p2a: Farigiraf|Protect|p2a: Farigiraf
|-singleturn|p2a: Farigiraf|Protect
|move|p1a: Typhlosion|Eruption|p2a: Farigiraf|[spread] p2b
|-activate|p2a: Farigiraf|move: Protect
|-damage|p2b: Scrafty|23/100
|move|p2b: Scrafty|Crunch|p1a: Typhlosion
|-supereffective|p1a: Typhlosion|1
|-damage|p1a: Typhlosion|0 fnt
|faint|p1a: Typhlosion
|
|upkeep
|
|t:|1784751320
|switch|p1a: Staraptor|Staraptor, L50, F|100/100
|-ability|p1a: Staraptor|Intimidate|boost
|-unboost|p2a: Farigiraf|atk|1
|-unboost|p2b: Scrafty|atk|1
|turn|2
|
|t:|1784751331
|switch|p1b: Toxapex|Toxapex, L50, F|100/100
|detailschange|p1a: Staraptor|Staraptor-Mega, L50, F
|-mega|p1a: Staraptor|Staraptor|Staraptite
|move|p1a: Staraptor|Close Combat|p2b: Scrafty
|-supereffective|p2b: Scrafty|1
|-damage|p2b: Scrafty|0 fnt
|-boost|p1a: Staraptor|def|1
|-boost|p1a: Staraptor|spd|1
|faint|p2b: Scrafty
|move|p2a: Farigiraf|Psychic Noise|p1a: Staraptor
|-supereffective|p1a: Staraptor|1
|-damage|p1a: Staraptor|55/100
|-start|p1a: Staraptor|move: Heal Block
|
|upkeep
|
|t:|1784751344
|switch|p2b: Vanilluxe|Vanilluxe, L50, M|100/100
|-weather|Snowscape|[from] ability: Snow Warning|[of] p2b: Vanilluxe
|turn|3
|
|t:|1784751360
|move|p1a: Staraptor|Close Combat|p2b: Vanilluxe
|-supereffective|p2b: Vanilluxe|1
|-damage|p2b: Vanilluxe|0 fnt
|-boost|p1a: Staraptor|def|1
|-boost|p1a: Staraptor|spd|1
|faint|p2b: Vanilluxe
|move|p1b: Toxapex|Toxic|p2a: Farigiraf
|-status|p2a: Farigiraf|tox
|move|p2a: Farigiraf|Trick Room|p2a: Farigiraf
|-fieldstart|move: Trick Room|[of] p2a: Farigiraf
|
|-weather|Snowscape|[upkeep]
|-damage|p2a: Farigiraf|93/100 tox|[from] psn
|-end|p1a: Staraptor|move: Heal Block
|upkeep
|
|t:|1784751367
|switch|p2b: Chimecho|Chimecho, L50, M|100/100
|turn|4
|
|t:|1784751382
|move|p1b: Toxapex|Toxic|p2b: Chimecho
|-status|p2b: Chimecho|tox
|move|p2a: Farigiraf|Psychic Noise|p1b: Toxapex
|-supereffective|p1b: Toxapex|1
|-damage|p1b: Toxapex|60/100
|-start|p1b: Toxapex|move: Heal Block
|move|p2b: Chimecho|Psychic|p1b: Toxapex
|-supereffective|p1b: Toxapex|1
|-crit|p1b: Toxapex
|-damage|p1b: Toxapex|0 fnt
|faint|p1b: Toxapex
|move|p1a: Staraptor|Close Combat|p2a: Farigiraf
|-damage|p2a: Farigiraf|40/100 tox
|-boost|p1a: Staraptor|def|1
|-boost|p1a: Staraptor|spd|1
|-enditem|p2a: Farigiraf|Sitrus Berry|[eat]
|-heal|p2a: Farigiraf|65/100 tox|[from] item: Sitrus Berry
|
|-weather|Snowscape|[upkeep]
|-damage|p2a: Farigiraf|53/100 tox|[from] psn
|-damage|p2b: Chimecho|93/100 tox|[from] psn
|upkeep
|
|t:|1784751400
|switch|p1b: Farigiraf|Farigiraf, L50, M|100/100
|turn|5
|
|t:|1784751407
|move|p1a: Staraptor|Protect|p1a: Staraptor
|-singleturn|p1a: Staraptor|Protect
|move|p2a: Farigiraf|Psychic Noise|p1a: Staraptor
|-activate|p1a: Staraptor|move: Protect
|move|p2b: Chimecho|Psychic|p1a: Staraptor
|-activate|p1a: Staraptor|move: Protect
|move|p1b: Farigiraf|Trick Room|p1b: Farigiraf
|-fieldend|move: Trick Room
|
|-weather|Snowscape|[upkeep]
|-damage|p2b: Chimecho|81/100 tox|[from] psn
|-damage|p2a: Farigiraf|34/100 tox|[from] psn
|upkeep
|turn|6
|
|t:|1784751422
|move|p1a: Staraptor|Brave Bird|p2b: Chimecho
|-damage|p2b: Chimecho|6/100 tox
|-damage|p1a: Staraptor|28/100|[from] Recoil
|move|p1b: Farigiraf|Psychic|p2a: Farigiraf
|-resisted|p2a: Farigiraf|1
|-damage|p2a: Farigiraf|16/100 tox
|move|p2b: Chimecho|Psychic|p1a: Staraptor
|-supereffective|p1a: Staraptor|1
|-damage|p1a: Staraptor|0 fnt
|faint|p1a: Staraptor
|move|p2a: Farigiraf|Psychic Noise|p1b: Farigiraf
|-resisted|p1b: Farigiraf|1
|-damage|p1b: Farigiraf|85/100
|-start|p1b: Farigiraf|move: Heal Block
|
|-weather|Snowscape|[upkeep]
|-damage|p2b: Chimecho|0 fnt|[from] psn
|faint|p2b: Chimecho
|-damage|p2a: Farigiraf|0 fnt|[from] psn
|faint|p2a: Farigiraf
|
|win|yoyohvgc
||KingK0opa is ready for game 2.
||yoyohvgc is ready for game 2.
|uhtml|next|Next: Game 2 of 3
