|j|☆RosieAndJim
|j|☆anthmags72
|html|RosieAndJimanthmags72    
|uhtml|bestof|Game 1 of a best-of-3
|t:|1756256243
|gametype|doubles
|player|p1|RosieAndJim|2|1101
|player|p2|anthmags72|ghetsis-gen5bw|1000
|gen|9
|tier|[Gen 9] VGC 2025 Reg H (Bo3)
|rated|
|rule|Species Clause: Limit one of each Pokémon
|rule|Item Clause: Limit 1 of each item
|clearpoke
|poke|p1|Archaludon, L50, M|
|poke|p1|Garchomp, L50, F|
|poke|p1|Incineroar, L50, M|
|poke|p1|Pelipper, L50, M|
|poke|p1|Talonflame, L50, M|
|poke|p1|Tinkaton, L50, F|
|poke|p2|Volcarona, L50, M|
|poke|p2|Gholdengo, L50|
|poke|p2|Dondozo, L50, F|
|poke|p2|Grimmsnarl, L50, M|
|poke|p2|Pelipper, L50, M|
|poke|p2|Archaludon, L50, F|
|teampreview|4
|showteam|p1|Archaludon||AssaultVest|Stamina|ElectroShot,DragonPulse,BodyPress,Snarl|||M|||50|,,,,,Grass]Garchomp||LifeOrb|RoughSkin|Earthquake,DragonClaw,StompingTantrum,Protect|||F|||50|,,,,,Ground]Incineroar||SafetyGoggles|Intimidate|FlareBlitz,KnockOff,PartingShot,FakeOut|||M|||50|,,,,,Ghost]Pelipper||FocusSash|Drizzle|WeatherBall,Hurricane,Tailwind,Protect|||M|||50|,,,,,Stellar]Talonflame||CovertCloak|GaleWings|BraveBird,Tailwind,Taunt,RainDance|||M|||50|,,,,,Flying]Tinkaton||SitrusBerry|MoldBreaker|GigatonHammer,KnockOff,ThunderWave,FakeOut|||F|||50|,,,,,Fairy
|showteam|p2|Volcarona||SitrusBerry|FlameBody|HeatWave,BugBuzz,QuiverDance,RagePowder|||M|||50|,,,,,Dragon]Gholdengo||MetalCoat|GoodasGold|MakeItRain,ShadowBall,NastyPlot,Protect||||||50|,,,,,Dragon]Dondozo||Leftovers|Oblivious|WaveCrash,TeraBlast,Yawn,Protect|||F|||50|,,,,,Grass]Grimmsnarl||LightClay|Prankster|SpiritBreak,ThunderWave,Reflect,LightScreen|||M|||50|,,,,,Steel]Pelipper||FocusSash|Drizzle|WeatherBall,Hurricane,Tailwind,Protect|||M|||50|,,,,,Grass]Archaludon||AssaultVest|Stamina|FlashCannon,DracoMeteor,ElectroShot,BodyPress|||F|||50|,,,,,Bug
|inactive|Battle timer is ON: inactive players will automatically lose when time's up. (requested by anthmags72)
|inactive|RosieAndJim has 60 seconds left.
|
|t:|1756256283
|teamsize|p1|4
|teamsize|p2|4
|start
|switch|p1a: Tinkaton|Tinkaton, L50, F|100/100
|switch|p1b: Garchomp|Garchomp, L50, F|100/100
|switch|p2a: Dondozo|Dondozo, L50, F|100/100
|switch|p2b: Grimmsnarl|Grimmsnarl, L50, M|100/100
|-ability|p1a: Tinkaton|Mold Breaker
|turn|1
|inactive|anthmags72 has 30 seconds left.
|inactive|anthmags72 has 20 seconds left.
|
|t:|1756256319
|switch|p2b: Pelipper|Pelipper, L50, M|100/100
|-weather|RainDance|[from] ability: Drizzle|[of] p2b: Pelipper
|move|p1b: Garchomp|Stomping Tantrum|p2b: Pelipper
|-immune|p2b: Pelipper
|move|p1a: Tinkaton|Gigaton Hammer|p2b: Pelipper
|-resisted|p2b: Pelipper
|-damage|p2b: Pelipper|74/100
|move|p2a: Dondozo|Yawn|p1b: Garchomp
|-start|p1b: Garchomp|move: Yawn|[of] p2a: Dondozo
|
|-weather|RainDance|[upkeep]
|upkeep
|turn|2
|inactive|anthmags72 has 30 seconds left.
|
|t:|1756256348
|switch|p1b: Archaludon|Archaludon, L50, M|100/100
|move|p1a: Tinkaton|Thunder Wave|p2b: Pelipper
|-status|p2b: Pelipper|par
|move|p2b: Pelipper|Weather Ball|p1a: Tinkaton
|-damage|p1a: Tinkaton|33/100
|-enditem|p1a: Tinkaton|Sitrus Berry|[eat]
|-heal|p1a: Tinkaton|58/100|[from] item: Sitrus Berry
|move|p2a: Dondozo|Wave Crash|p1a: Tinkaton
|-damage|p1a: Tinkaton|0 fnt
|faint|p1a: Tinkaton
|-damage|p2a: Dondozo|85/100|[from] Recoil
|
|-weather|RainDance|[upkeep]
|-heal|p2a: Dondozo|91/100|[from] item: Leftovers
|upkeep
|
|t:|1756256366
|switch|p1a: Garchomp|Garchomp, L50, F|100/100
|turn|3
|inactive|anthmags72 has 30 seconds left.
|inactive|anthmags72 has 20 seconds left.
|inactive|anthmags72 has 15 seconds left.
|
|t:|1756256408
|-terastallize|p2a: Dondozo|Grass
|move|p1a: Garchomp|Dragon Claw|p2b: Pelipper
|-damage|p2b: Pelipper|5/100 par
|-damage|p1a: Garchomp|91/100|[from] item: Life Orb
|move|p1b: Archaludon|Electro Shot||[still]
|-prepare|p1b: Archaludon|Electro Shot
|-boost|p1b: Archaludon|spa|1
|-anim|p1b: Archaludon|Electro Shot|p2a: Dondozo
|-resisted|p2a: Dondozo
|-damage|p2a: Dondozo|64/100
|move|p2b: Pelipper|Hurricane|p1a: Garchomp
|-damage|p1a: Garchomp|32/100
|move|p2a: Dondozo|Wave Crash|p1a: Garchomp
|-damage|p1a: Garchomp|0 fnt
|-damage|p2a: Dondozo|52/100|[from] ability: Rough Skin|[of] p1a: Garchomp
|faint|p1a: Garchomp
|-damage|p2a: Dondozo|44/100|[from] Recoil
|
|-weather|RainDance|[upkeep]
|-heal|p2a: Dondozo|50/100|[from] item: Leftovers
|upkeep
|
|t:|1756256427
|switch|p1a: Pelipper|Pelipper, L50, M|100/100
|turn|4
|
|t:|1756256452
|move|p2a: Dondozo|Protect|p2a: Dondozo
|-singleturn|p2a: Dondozo|Protect
|move|p1b: Archaludon|Electro Shot||[still]
|-prepare|p1b: Archaludon|Electro Shot
|-boost|p1b: Archaludon|spa|1
|-anim|p1b: Archaludon|Electro Shot|p2b: Pelipper
|-supereffective|p2b: Pelipper
|-damage|p2b: Pelipper|0 fnt
|faint|p2b: Pelipper
|move|p1a: Pelipper|Hurricane|p2a: Dondozo
|-activate|p2a: Dondozo|move: Protect
|
|-weather|RainDance|[upkeep]
|-heal|p2a: Dondozo|56/100|[from] item: Leftovers
|upkeep
|
|t:|1756256467
|switch|p2b: Grimmsnarl|Grimmsnarl, L50, M|100/100
|turn|5
|
|t:|1756256477
|switch|p2a: Gholdengo|Gholdengo, L50|100/100
|move|p2b: Grimmsnarl|Light Screen|p2b: Grimmsnarl
|-sidestart|p2: anthmags72|move: Light Screen
|move|p1b: Archaludon|Electro Shot||[still]
|-prepare|p1b: Archaludon|Electro Shot
|-boost|p1b: Archaludon|spa|1
|-anim|p1b: Archaludon|Electro Shot|p2a: Gholdengo
|-damage|p2a: Gholdengo|23/100
|move|p1a: Pelipper|Hurricane|p2a: Gholdengo
|-resisted|p2a: Gholdengo
|-damage|p2a: Gholdengo|2/100
|
|-weather|none
|upkeep
|turn|6
|inactive|anthmags72 has 30 seconds left.
|
|t:|1756256503
|move|p2a: Gholdengo|Protect|p2a: Gholdengo
|-singleturn|p2a: Gholdengo|Protect
|move|p2b: Grimmsnarl|Thunder Wave|p1b: Archaludon
|-status|p1b: Archaludon|par
|move|p1a: Pelipper|Hurricane|p2b: Grimmsnarl
|-damage|p2b: Grimmsnarl|71/100
|move|p1b: Archaludon|Snarl|p2b: Grimmsnarl|[spread] p2b
|-activate|p2a: Gholdengo|move: Protect
|-resisted|p2b: Grimmsnarl
|-damage|p2b: Grimmsnarl|66/100
|-unboost|p2b: Grimmsnarl|spa|1
|
|upkeep
|turn|7
|inactive|anthmags72 has 30 seconds left.
|
|t:|1756256531
|move|p2b: Grimmsnarl|Thunder Wave|p1a: Pelipper
|-status|p1a: Pelipper|par
|move|p2a: Gholdengo|Shadow Ball|p1b: Archaludon
|-damage|p1b: Archaludon|70/100 par
|-ability|p1b: Archaludon|Stamina|boost
|-boost|p1b: Archaludon|def|1
|move|p1b: Archaludon|Snarl|p2b: Grimmsnarl|[spread] p2a,p2b
|-supereffective|p2a: Gholdengo
|-resisted|p2b: Grimmsnarl
|-damage|p2a: Gholdengo|0 fnt
|-damage|p2b: Grimmsnarl|62/100
|-unboost|p2b: Grimmsnarl|spa|1
|faint|p2a: Gholdengo
|move|p1a: Pelipper|Hurricane|p2b: Grimmsnarl|[miss]
|-miss|p1a: Pelipper|p2b: Grimmsnarl
|
|upkeep
|
|t:|1756256540
|switch|p2a: Dondozo|Dondozo, L50, F, tera:Grass|56/100
|turn|8
|inactive|RosieAndJim has 30 seconds left.
|
|t:|1756256568
|move|p2b: Grimmsnarl|Spirit Break|p1a: Pelipper
|-damage|p1a: Pelipper|63/100 par
|-unboost|p1a: Pelipper|spa|1
|move|p1b: Archaludon|Body Press|p2a: Dondozo
|-damage|p2a: Dondozo|36/100
|move|p1a: Pelipper|Hurricane|p2a: Dondozo|[miss]
|-miss|p1a: Pelipper|p2a: Dondozo
|move|p2a: Dondozo|Wave Crash|p1b: Archaludon
|-resisted|p1b: Archaludon
|-damage|p1b: Archaludon|57/100 par
|-ability|p1b: Archaludon|Stamina|boost
|-boost|p1b: Archaludon|def|1
|-damage|p2a: Dondozo|33/100|[from] Recoil
|
|-heal|p2a: Dondozo|39/100|[from] item: Leftovers
|upkeep
|turn|9
|inactive|RosieAndJim has 30 seconds left.
|
|t:|1756256594
|move|p2a: Dondozo|Protect|p2a: Dondozo
|-singleturn|p2a: Dondozo|Protect
|move|p2b: Grimmsnarl|Spirit Break|p1b: Archaludon
|-damage|p1b: Archaludon|45/100 par
|-unboost|p1b: Archaludon|spa|1
|-ability|p1b: Archaludon|Stamina|boost
|-boost|p1b: Archaludon|def|1
|move|p1b: Archaludon|Electro Shot||[still]
|-prepare|p1b: Archaludon|Electro Shot
|-boost|p1b: Archaludon|spa|1
|move|p1a: Pelipper|Hurricane|p2a: Dondozo
|-activate|p2a: Dondozo|move: Protect
|
|-heal|p2a: Dondozo|45/100|[from] item: Leftovers
|upkeep
|turn|10
|
|t:|1756256614
|move|p2b: Grimmsnarl|Spirit Break|p1b: Archaludon
|-crit|p1b: Archaludon
|-damage|p1b: Archaludon|11/100 par
|-unboost|p1b: Archaludon|spa|1
|-ability|p1b: Archaludon|Stamina|boost
|-boost|p1b: Archaludon|def|1
|cant|p1b: Archaludon|par
|move|p1a: Pelipper|Hurricane|p2a: Dondozo|[miss]
|-miss|p1a: Pelipper|p2a: Dondozo
|move|p2a: Dondozo|Wave Crash|p1b: Archaludon
|-resisted|p1b: Archaludon
|-damage|p1b: Archaludon|4/100 par
|-ability|p1b: Archaludon|Stamina|boost
|-boost|p1b: Archaludon|def|1
|-damage|p2a: Dondozo|43/100|[from] Recoil
|
|-heal|p2a: Dondozo|49/100|[from] item: Leftovers
|upkeep
|turn|11
|
|t:|1756256635
|move|p2b: Grimmsnarl|Spirit Break|p1b: Archaludon
|-damage|p1b: Archaludon|0 fnt
|faint|p1b: Archaludon
|move|p1a: Pelipper|Hurricane|p2a: Dondozo
|-supereffective|p2a: Dondozo
|-damage|p2a: Dondozo|11/100
|-start|p2a: Dondozo|confusion
|-activate|p2a: Dondozo|confusion
|-damage|p2a: Dondozo|3/100|[from] confusion
|
|-heal|p2a: Dondozo|9/100|[from] item: Leftovers
|upkeep
|turn|12
|
|t:|1756256653
|cant|p1a: Pelipper|par
|move|p2b: Grimmsnarl|Spirit Break|p1a: Pelipper
|-damage|p1a: Pelipper|25/100 par
|-unboost|p1a: Pelipper|spa|1
|-activate|p2a: Dondozo|confusion
|-damage|p2a: Dondozo|2/100|[from] confusion
|
|-heal|p2a: Dondozo|8/100|[from] item: Leftovers
|-sideend|p2: anthmags72|move: Light Screen
|upkeep
|turn|13
|
|t:|1756256665
|move|p2b: Grimmsnarl|Spirit Break|p1a: Pelipper
|-damage|p1a: Pelipper|0 fnt
|faint|p1a: Pelipper
|
|win|anthmags72
