|j|☆mattmoosegoose
|j|☆Zephrhills
|html|mattmoosegooseZephrhills    
|uhtml|bestof|Game 2 of a best-of-3
|t:|1785890619
|gametype|doubles
|player|p1|mattmoosegoose|ghetsis-gen5bw|
|player|p2|Zephrhills|miku-ghost|
|gen|9
|tier|[Gen 9 Champions] VGC 2026 Reg M-B (Bo3)
|rule|Species Clause: Limit one of each Pokémon
|rule|Item Clause: Limit 1 of each item
|clearpoke
|poke|p1|Tyranitar, L50, F|
|poke|p1|Metagross, L50, shiny|
|poke|p1|Staraptor, L50, M|
|poke|p1|Typhlosion-Hisui, L50, F|
|poke|p1|Overqwil, L50, F, shiny|
|poke|p1|Simisage, L50, F|
|poke|p2|Blaziken, L50, M|
|poke|p2|Meowstic, L50, M|
|poke|p2|Rotom-Wash, L50|
|poke|p2|Gliscor, L50, F|
|poke|p2|Greninja, L50, F, shiny|
|poke|p2|Dragapult, L50, M|
|teampreview|4
|showteam|p1|Tyranitar||Tyranitarite|SandStream|Earthquake,Protect,Superpower,FireFang|Brave||F|||50|]Metagross||Metagrossite|ClearBody|Earthquake,MeteorMash,Protect,BulletPunch|Jolly|||||50|]Staraptor||Staraptite|Intimidate|CloseCombat,Tailwind,BraveBird,Protect|Jolly||M|||50|]Typhlosion-Hisui||ChoiceScarf|Blaze|Flamethrower,FireBlast,Protect,ShadowBall|Timid||F|||50|]Overqwil||LifeOrb|SwiftSwim|Crunch,SludgeWave,IceBeam,Liquidation|Naughty||F|||50|]Simisage||FocusSash|Overgrow|EnergyBall,FakeOut,Protect,ShadowClaw|Hasty||F|||50|
|showteam|p2|Blaziken||Blazikenite|SpeedBoost|CloseCombat,Earthquake,HeatWave,Detect|Adamant||M|||50|]Meowstic||Meowsticite|KeenEye|Yawn,LightScreen,FakeOut,TrickRoom|Bold||M|||50|]Rotom-Wash||Leftovers|Levitate|Discharge,HydroPump,ShadowBall,Reflect|Bold|||||50|]Gliscor||SitrusBerry|HyperCutter|Earthquake,KnockOff,Acrobatics,Tailwind|Impish||F|||50|]Greninja||LifeOrb|Protean|IceBeam,Surf,Taunt,Extrasensory|Mild||F|||50|]Dragapult||SpellTag|Infiltrator|ShadowBall,Disable,Curse,WillOWisp|Modest||M|||50|
|
|t:|1785890648
|teamsize|p1|4
|teamsize|p2|4
|start
|switch|p1a: Simisage|Simisage, L50, F|100/100
|switch|p1b: Staraptor|Staraptor, L50, M|100/100
|switch|p2a: Blaziken|Blaziken, L50, M|100/100
|switch|p2b: Meowstic|Meowstic, L50, M|100/100
|-ability|p1b: Staraptor|Intimidate|boost
|-unboost|p2a: Blaziken|atk|1
|-unboost|p2b: Meowstic|atk|1
|turn|1
|
|t:|1785890676
|detailschange|p2a: Blaziken|Blaziken-Mega, L50, M
|-mega|p2a: Blaziken|Blaziken|Blazikenite
|move|p2a: Blaziken|Detect|p2a: Blaziken
|-singleturn|p2a: Blaziken|Protect
|move|p1a: Simisage|Fake Out|p2b: Meowstic
|-damage|p2b: Meowstic|88/100
|move|p1b: Staraptor|Tailwind|p1b: Staraptor
|-sidestart|p1: mattmoosegoose|move: Tailwind
|cant|p2b: Meowstic|flinch
|
|-ability|p2a: Blaziken|Speed Boost|boost
|-boost|p2a: Blaziken|spe|1
|upkeep
|turn|2
|
|t:|1785890694
|switch|p2a: Rotom|Rotom-Wash, L50|100/100
|detailschange|p1b: Staraptor|Staraptor-Mega, L50, M
|-mega|p1b: Staraptor|Staraptor|Staraptite
|move|p1b: Staraptor|Brave Bird|p2a: Rotom
|-resisted|p2a: Rotom|1
|-damage|p2a: Rotom|68/100
|-damage|p1b: Staraptor|90/100|[from] Recoil
|move|p1a: Simisage|Shadow Claw|p2b: Meowstic
|-supereffective|p2b: Meowstic|1
|-crit|p2b: Meowstic
|-damage|p2b: Meowstic|30/100
|move|p2b: Meowstic|Yawn|p1b: Staraptor
|-start|p1b: Staraptor|move: Yawn|[of] p2b: Meowstic
|
|-heal|p2a: Rotom|74/100|[from] item: Leftovers
|upkeep
|turn|3
|
|t:|1785890715
|switch|p1b: 6 pt goat|Overqwil, L50, F, shiny|100/100
|switch|p2a: Dragapult|Dragapult, L50, M|100/100
|move|p1a: Simisage|Energy Ball|p2a: Dragapult
|-resisted|p2a: Dragapult|1
|-damage|p2a: Dragapult|78/100
|move|p2b: Meowstic|Light Screen|p2b: Meowstic
|-sidestart|p2: Zephrhills|move: Light Screen
|
|upkeep
|turn|4
|
|t:|1785890734
|switch|p2a: Rotom|Rotom-Wash, L50|74/100
|move|p1a: Simisage|Shadow Claw|p2a: Rotom
|-damage|p2a: Rotom|53/100
|move|p1b: 6 pt goat|Ice Beam|p2a: Rotom
|-resisted|p2a: Rotom|1
|-damage|p2a: Rotom|44/100
|-damage|p1b: 6 pt goat|90/100|[from] item: Life Orb
|move|p2b: Meowstic|Yawn|p1b: 6 pt goat
|-start|p1b: 6 pt goat|move: Yawn|[of] p2b: Meowstic
|
|-heal|p2a: Rotom|50/100g|[from] item: Leftovers
|-sideend|p1: mattmoosegoose|move: Tailwind
|upkeep
|turn|5
|
|t:|1785890762
|switch|p2b: Blaziken|Blaziken-Mega, L50, M|100/100
|switch|p1b: Metagross|Metagross, L50, shiny|100/100
|move|p1a: Simisage|Shadow Claw|p2b: Blaziken
|-damage|p2b: Blaziken|75/100
|move|p2a: Rotom|Reflect|p2a: Rotom
|-sidestart|p2: Zephrhills|Reflect
|
|-heal|p2a: Rotom|55/100|[from] item: Leftovers
|upkeep
|turn|6
|
|t:|1785890785
|switch|p1b: 6 pt goat|Overqwil, L50, F, shiny|90/100
|move|p2b: Blaziken|Detect|p2b: Blaziken
|-singleturn|p2b: Blaziken|Protect
|move|p1a: Simisage|Energy Ball|p2a: Rotom
|-supereffective|p2a: Rotom|1
|-damage|p2a: Rotom|5/100
|move|p2a: Rotom|Discharge|p1b: 6 pt goat|[spread] p1a,p1b
|-activate|p2b: Blaziken|move: Protect
|-resisted|p1a: Simisage|1
|-crit|p1b: 6 pt goat
|-damage|p1a: Simisage|78/100
|-damage|p1b: 6 pt goat|17/100
|
|-heal|p2a: Rotom|11/100|[from] item: Leftovers
|-ability|p2b: Blaziken|Speed Boost|boost
|-boost|p2b: Blaziken|spe|1
|upkeep
|turn|7
|
|t:|1785890811
|move|p1a: Simisage|Protect|p1a: Simisage
|-singleturn|p1a: Simisage|Protect
|move|p2b: Blaziken|Heat Wave|p1a: Simisage|[spread] p1b
|-activate|p1a: Simisage|move: Protect
|-damage|p1b: 6 pt goat|0 fnt
|faint|p1b: 6 pt goat
|move|p2a: Rotom|Shadow Ball|p1a: Simisage
|-activate|p1a: Simisage|move: Protect
|
|-heal|p2a: Rotom|16/100|[from] item: Leftovers
|-sideend|p2: Zephrhills|move: Light Screen
|-ability|p2b: Blaziken|Speed Boost|boost
|-boost|p2b: Blaziken|spe|1
|upkeep
|
|t:|1785890827
|switch|p1b: Staraptor|Staraptor-Mega, L50, M|90/100
|turn|8
|
|t:|1785890845
|move|p2b: Blaziken|Heat Wave|p1b: Staraptor|[spread] p1a,p1b
|-supereffective|p1a: Simisage|1
|-damage|p1a: Simisage|0 fnt
|-damage|p1b: Staraptor|59/100
|faint|p1a: Simisage
|move|p1b: Staraptor|Tailwind|p1b: Staraptor
|-sidestart|p1: mattmoosegoose|move: Tailwind
|move|p2a: Rotom|Discharge|p1b: Staraptor|[spread] p2b,p1b
|-supereffective|p1b: Staraptor|1
|-damage|p2b: Blaziken|43/100
|-damage|p1b: Staraptor|0 fnt
|faint|p1b: Staraptor
|
|-heal|p2a: Rotom|22/100|[from] item: Leftovers
|-ability|p2b: Blaziken|Speed Boost|boost
|-boost|p2b: Blaziken|spe|1
|upkeep
|
|t:|1785890859
|switch|p1b: Metagross|Metagross, L50, shiny|100/100
|turn|9
|
|t:|1785890865
|move|p2b: Blaziken|Earthquake|p1b: Metagross|[spread] p1b
|-immune|p2a: Rotom|[from] ability: Levitate
|-supereffective|p1b: Metagross|1
|-damage|p1b: Metagross|43/100
|move|p1b: Metagross|Earthquake|p2a: Rotom|[spread] p2b
|-immune|p2a: Rotom|[from] ability: Levitate
|-supereffective|p2b: Blaziken|1
|-damage|p2b: Blaziken|1/100
|move|p2a: Rotom|Shadow Ball|p1b: Metagross
|-supereffective|p1b: Metagross|1
|-damage|p1b: Metagross|0 fnt
|faint|p1b: Metagross
|
|win|Zephrhills
|l|☆mattmoosegoose
|player|p1|
