|j|☆avigolvgc
|j|☆bartei
|html|avigolvgcbartei    
|uhtml|bestof|Game 2 of a best-of-3
|t:|1757627804
|gametype|doubles
|player|p1|avigolvgc|265|1153
|player|p2|bartei|karen|1165
|gen|9
|tier|[Gen 9] VGC 2025 Reg H (Bo3)
|rated|
|rule|Species Clause: Limit one of each Pokémon
|rule|Item Clause: Limit 1 of each item
|clearpoke
|poke|p1|Farigiraf, L50, F|
|poke|p1|Rillaboom, L50, M|
|poke|p1|Incineroar, L50, M|
|poke|p1|Ursaluna, L50, F|
|poke|p1|Staraptor, L50, F|
|poke|p1|Dragapult, L50, M|
|poke|p2|Dragonite, L50, M|
|poke|p2|Volcarona, L50, F|
|poke|p2|Sneasler, L50, M|
|poke|p2|Rillaboom, L50, M|
|poke|p2|Electabuzz, L50, M|
|poke|p2|Kingambit, L50, M|
|teampreview|4
|showteam|p1|Farigiraf||ThroatSpray|ArmorTail|PsychicNoise,HyperVoice,TrickRoom,Protect|||F|||50|,,,,,Fairy]Rillaboom||AssaultVest|GrassySurge|WoodHammer,GrassyGlide,Uturn,FakeOut|||M|||50|,,,,,Fire]Incineroar||SafetyGoggles|Intimidate|KnockOff,PartingShot,Snarl,FakeOut|||M|||50|,,,,,Dragon]Ursaluna||FlameOrb|Guts|Facade,HeadlongRush,Earthquake,Protect|||F|||50|,,,,,Water]Staraptor||ChoiceScarf|Intimidate|CloseCombat,BraveBird,Uturn,FinalGambit|||F|||50|,,,,,Ghost]Dragapult||FocusSash|ClearBody|DragonDarts,PhantomForce,DragonTail,Protect|||M|||50|,,,,,Fire
|showteam|p2|Dragonite||LoadedDice|Multiscale|ScaleShot,ExtremeSpeed,Haze,Protect|||M|||50|,,,,,Fairy]Volcarona||CovertCloak|FlameBody|HeatWave,TeraBlast,QuiverDance,Protect|||F|||50|,,,,,Fairy]Sneasler||FocusSash|Unburden|CloseCombat,DireClaw,Coaching,FakeOut|||M|||50|,,,,,Stellar]Rillaboom||AssaultVest|GrassySurge|WoodHammer,GrassyGlide,HighHorsepower,FakeOut|||M|||50|,,,,,Fire]Electabuzz||Eviolite|VitalSpirit|Thunderbolt,FollowMe,Taunt,Protect|||M|||50|,,,,,Ghost]Kingambit||BlackGlasses|Defiant|KowtowCleave,SuckerPunch,SwordsDance,Protect|||M|||50|,,,,,Dark
|inactive|Battle timer is ON: inactive players will automatically lose when time's up. (requested by avigolvgc)
|inactive|bartei has 60 seconds left.
|
|t:|1757627835
|teamsize|p1|4
|teamsize|p2|4
|start
|switch|p1a: Dragapult|Dragapult, L50, M|100/100
|switch|p1b: Enrique|Staraptor, L50, F|100/100
|switch|p2a: Volcarona|Volcarona, L50, F|100/100
|switch|p2b: Electabuzz|Electabuzz, L50, M|100/100
|-ability|p1b: Enrique|Intimidate|boost
|-unboost|p2a: Volcarona|atk|1
|-unboost|p2b: Electabuzz|atk|1
|turn|1
|
|t:|1757627854
|move|p2a: Volcarona|Protect|p2a: Volcarona
|-singleturn|p2a: Volcarona|Protect
|move|p1b: Enrique|U-turn|p2b: Electabuzz
|-damage|p2b: Electabuzz|85/100
|
|t:|1757627859
|switch|p1b: Quirino|Ursaluna, L50, F|100/100|[from] U-turn
|move|p1a: Dragapult|Dragon Darts|p2b: Electabuzz
|-damage|p2b: Electabuzz|64/100
|-anim|p1a: Dragapult|Dragon Darts|p2b: Electabuzz
|-damage|p2b: Electabuzz|43/100
|move|p2b: Electabuzz|Thunderbolt|p1b: Quirino
|-immune|p1b: Quirino
|
|-status|p1b: Quirino|brn|[from] item: Flame Orb
|upkeep
|turn|2
|
|t:|1757627882
|move|p1a: Dragapult|Protect|p1a: Dragapult
|-singleturn|p1a: Dragapult|Protect
|move|p2b: Electabuzz|Follow Me|p2b: Electabuzz
|-singleturn|p2b: Electabuzz|move: Follow Me
|move|p2a: Volcarona|Quiver Dance|p2a: Volcarona
|-boost|p2a: Volcarona|spa|1
|-boost|p2a: Volcarona|spd|1
|-boost|p2a: Volcarona|spe|1
|move|p1b: Quirino|Earthquake|p2a: Volcarona|[spread] p2a,p2b
|-activate|p1a: Dragapult|move: Protect
|-supereffective|p2b: Electabuzz
|-damage|p2a: Volcarona|4/100
|-damage|p2b: Electabuzz|0 fnt
|faint|p2b: Electabuzz
|
|-damage|p1b: Quirino|94/100 brn|[from] brn
|upkeep
|inactive|bartei has 30 seconds left.
|
|t:|1757627915
|switch|p2b: Rillaboom|Rillaboom, L50, M|100/100
|-fieldstart|move: Grassy Terrain|[from] ability: Grassy Surge|[of] p2b: Rillaboom
|turn|3
|
|t:|1757627934
|switch|p1b: Claudia|Farigiraf, L50, F, shiny|100/100
|move|p2a: Volcarona|Protect|p2a: Volcarona
|-singleturn|p2a: Volcarona|Protect
|move|p2b: Rillaboom|High Horsepower|p1a: Dragapult
|-damage|p1a: Dragapult|53/100
|move|p1a: Dragapult|Dragon Tail|p2a: Volcarona
|-activate|p2a: Volcarona|move: Protect
|
|-heal|p2a: Volcarona|11/100|[from] Grassy Terrain
|-heal|p1a: Dragapult|59/100|[from] Grassy Terrain
|upkeep
|turn|4
|inactive|avigolvgc has 30 seconds left.
|inactive|bartei has 30 seconds left.
|
|t:|1757627963
|-terastallize|p1a: Dragapult|Fire
|move|p2a: Volcarona|Heat Wave|p1a: Dragapult|[spread] p1a,p1b
|-resisted|p1a: Dragapult
|-damage|p1a: Dragapult|24/100
|-damage|p1b: Claudia|50/100
|move|p1a: Dragapult|Dragon Darts|p2b: Rillaboom
|-damage|p2b: Rillaboom|76/100
|-anim|p1a: Dragapult|Dragon Darts|p2a: Volcarona
|-damage|p2a: Volcarona|0 fnt
|faint|p2a: Volcarona
|move|p2b: Rillaboom|Wood Hammer|p1b: Claudia
|-damage|p1b: Claudia|0 fnt
|faint|p1b: Claudia
|-damage|p2b: Rillaboom|58/100|[from] Recoil
|
|-heal|p1a: Dragapult|30/100|[from] Grassy Terrain
|-heal|p2b: Rillaboom|64/100|[from] Grassy Terrain
|upkeep
|
|t:|1757627979
|switch|p2a: Sneasler|Sneasler, L50, M|100/100
|switch|p1b: Enrique|Staraptor, L50, F|100/100
|-ability|p1b: Enrique|Intimidate|boost
|-unboost|p2a: Sneasler|atk|1
|-unboost|p2b: Rillaboom|atk|1
|turn|5
|
|t:|1757627998
|move|p2a: Sneasler|Fake Out|p1b: Enrique
|-damage|p1b: Enrique|90/100
|move|p2b: Rillaboom|Grassy Glide|p1a: Dragapult
|-resisted|p1a: Dragapult
|-damage|p1a: Dragapult|14/100
|cant|p1b: Enrique|flinch
|move|p1a: Dragapult|Phantom Force||[still]
|-prepare|p1a: Dragapult|Phantom Force
|
|-heal|p2b: Rillaboom|70/100|[from] Grassy Terrain
|upkeep
|turn|6
|
|t:|1757628019
|-terastallize|p2a: Sneasler|Stellar
|move|p1b: Enrique|Brave Bird|p2b: Rillaboom
|-supereffective|p2b: Rillaboom
|-damage|p2b: Rillaboom|0 fnt
|faint|p2b: Rillaboom
|-damage|p1b: Enrique|66/100|[from] Recoil
|move|p1a: Dragapult|Phantom Force|p2a: Sneasler|[from] lockedmove
|-damage|p2a: Sneasler|13/100
|move|p2a: Sneasler|Close Combat|p1b: Enrique
|-damage|p1b: Enrique|2/100
|-unboost|p2a: Sneasler|def|1
|-unboost|p2a: Sneasler|spd|1
|
|-heal|p1a: Dragapult|20/100|[from] Grassy Terrain
|-heal|p2a: Sneasler|19/100|[from] Grassy Terrain
|upkeep
|turn|7
|-message|bartei forfeited.
|
|win|avigolvgc
|l|☆bartei
|player|p2|
||bartei is ready for game 3.
||avigolvgc is ready for game 3.
|uhtml|next|Next: Game 3 of 3
