|j|☆pandamillonario
|j|☆x-demon18
|html|pandamillonariox-demon18    
|uhtml|bestof|Game 1 of a best-of-3
|t:|1784256942
|gametype|doubles
|player|p1|pandamillonario|blackbelt-gen4dp|1067
|player|p2|x-demon18|lucas|1098
|gen|9
|tier|[Gen 9 Champions] VGC 2026 Reg M-B (Bo3)
|rated|
|rule|Species Clause: Limit one of each Pokémon
|rule|Item Clause: Limit 1 of each item
|clearpoke
|poke|p1|Charizard, L50, M|
|poke|p1|Garchomp, L50, F|
|poke|p1|Whimsicott, L50, M|
|poke|p1|Floette-Eternal, L50, F|
|poke|p1|Kingambit, L50, F|
|poke|p1|Basculegion, L50, M|
|poke|p2|Incineroar, L50, F|
|poke|p2|Rotom-Wash, L50|
|poke|p2|Venusaur, L50, F|
|poke|p2|Garchomp, L50, M|
|poke|p2|Corviknight, L50, M|
|poke|p2|Sylveon, L50, F|
|teampreview|4
|showteam|p1|Charizard||CharizarditeY|Blaze|HeatWave,WeatherBall,SolarBeam,Protect|Modest||M|||50|]Garchomp||RoseliBerry|RoughSkin|Earthquake,RockSlide,DragonClaw,PoisonJab|Adamant||F|||50|]Whimsicott||FocusSash|Prankster|Tailwind,Moonblast,Protect,Encore|Timid||M|||50|]Floette-Eternal||Floettite|FlowerVeil|Moonblast,Protect,DazzlingGleam,LightofRuin|Modest||F|||50|]Kingambit||ChopleBerry|Defiant|KowtowCleave,SuckerPunch,IronHead,LowKick|Adamant||F|||50|]Basculegion||LifeOrb|Adaptability|WaveCrash,Protect,LastRespects,AquaJet|Adamant||M|||50|
|showteam|p2|Incineroar||ExpertBelt|Intimidate|FakeOut,TemperFlare,ThroatChop,PartingShot|Adamant||F|||50|]Rotom-Wash||RindoBerry|Levitate|HydroPump,Electroweb,WillOWisp,VoltSwitch|Modest|||||50|]Venusaur||Venusaurite|Chlorophyll|GigaDrain,SludgeBomb,EarthPower,Protect|Modest||F|||50|]Garchomp||LifeOrb|RoughSkin|RockSlide,DragonClaw,StompingTantrum,Protect|Jolly||M|||50|]Corviknight||OccaBerry|MirrorArmor|Tailwind,BraveBird,IronHead,BodyPress|Careful||M|||50|]Sylveon||FairyFeather|Pixilate|HyperVoice,QuickAttack,Yawn,Detect|Modest||F|||50|
|
|t:|1784256992
|teamsize|p1|4
|teamsize|p2|4
|start
|switch|p1a: Garchomp|Garchomp, L50, F|100/100
|switch|p1b: Whimsicott|Whimsicott, L50, M|100/100
|switch|p2a: HydroVolt|Rotom-Wash, L50|100/100
|switch|p2b: Wolverine|Incineroar, L50, F|100/100
|-ability|p2b: Wolverine|Intimidate|boost
|-unboost|p1a: Garchomp|atk|1
|-unboost|p1b: Whimsicott|atk|1
|turn|1
|
|t:|1784257012
|switch|p2b: Yggdrasil|Venusaur, L50, F|100/100
|move|p1b: Whimsicott|Protect|p1b: Whimsicott
|-singleturn|p1b: Whimsicott|Protect
|move|p1a: Garchomp|Rock Slide|p2a: HydroVolt|[spread] p2a,p2b
|-damage|p2a: HydroVolt|87/100
|-damage|p2b: Yggdrasil|85/100
|cant|p2a: HydroVolt|flinch
|
|upkeep
|turn|2
|
|t:|1784257042
|detailschange|p2b: Yggdrasil|Venusaur-Mega, L50, F
|-mega|p2b: Yggdrasil|Venusaur|Venusaurite
|move|p1b: Whimsicott|Tailwind|p1b: Whimsicott
|-sidestart|p1: pandamillonario|move: Tailwind
|move|p1a: Garchomp|Poison Jab|p2b: Yggdrasil
|-damage|p2b: Yggdrasil|70/100
|move|p2b: Yggdrasil|Sludge Bomb|p1b: Whimsicott
|-supereffective|p1b: Whimsicott|2
|-enditem|p1b: Whimsicott|Focus Sash
|-damage|p1b: Whimsicott|1/100
|move|p2a: HydroVolt|Will-O-Wisp|p1a: Garchomp|[miss]
|-miss|p2a: HydroVolt|p1a: Garchomp
|
|upkeep
|turn|3
|
|t:|1784257070
|switch|p2b: Wolverine|Incineroar, L50, F|100/100
|-ability|p2b: Wolverine|Intimidate|boost
|-unboost|p1a: Garchomp|atk|1
|-unboost|p1b: Whimsicott|atk|1
|move|p1b: Whimsicott|Encore|p2a: HydroVolt
|-start|p2a: HydroVolt|Encore
|move|p1a: Garchomp|Rock Slide|p2a: HydroVolt|[spread] p2b
|-miss|p1a: Garchomp|p2a: HydroVolt
|-supereffective|p2b: Wolverine|1
|-damage|p2b: Wolverine|79/100
|move|p2a: HydroVolt|Will-O-Wisp|p1b: Whimsicott|[miss]
|-miss|p2a: HydroVolt|p1b: Whimsicott
|
|upkeep
|turn|4
|
|t:|1784257090
|switch|p1a: Basculegion|Basculegion, L50, M|100/100
|move|p2b: Wolverine|Fake Out|p1b: Whimsicott
|-damage|p1b: Whimsicott|0 fnt
|faint|p1b: Whimsicott
|move|p2a: HydroVolt|Will-O-Wisp|p1a: Basculegion
|-status|p1a: Basculegion|brn
|
|-damage|p1a: Basculegion|93/100 brn|[from] brn
|upkeep
|
|t:|1784257099
|switch|p1b: Garchomp|Garchomp, L50, F|100/100
|turn|5
|
|t:|1784257109
|switch|p2b: Yggdrasil|Venusaur-Mega, L50, F|70/100
|move|p1b: Garchomp|Rock Slide|p2b: Yggdrasil|[spread] p2a,p2b
|-damage|p2a: HydroVolt|67/100
|-damage|p2b: Yggdrasil|55/100
|move|p1a: Basculegion|Wave Crash|p2b: Yggdrasil
|-resisted|p2b: Yggdrasil|1
|-crit|p2b: Yggdrasil
|-damage|p2b: Yggdrasil|20/100y
|-damage|p1a: Basculegion|83/100 brn|[from] Recoil
|-damage|p1a: Basculegion|73/100 brn|[from] item: Life Orb
|move|p2a: HydroVolt|Will-O-Wisp|p1b: Garchomp
|-status|p1b: Garchomp|brn
|
|-damage|p1b: Garchomp|93/100 brn|[from] brn
|-damage|p1a: Basculegion|67/100 brn|[from] brn
|-end|p2a: HydroVolt|Encore
|-sideend|p1: pandamillonario|move: Tailwind
|upkeep
|turn|6
|
|t:|1784257141
|move|p1b: Garchomp|Rock Slide|p2a: HydroVolt|[spread] p2a,p2b
|-damage|p2a: HydroVolt|57/100
|-damage|p2b: Yggdrasil|12/100
|move|p2b: Yggdrasil|Giga Drain|p1b: Garchomp
|-damage|p1b: Garchomp|54/100 brn
|-heal|p2b: Yggdrasil|35/100|[from] drain|[of] p1b: Garchomp
|cant|p2a: HydroVolt|flinch
|move|p1a: Basculegion|Wave Crash|p2b: Yggdrasil
|-resisted|p2b: Yggdrasil|1
|-damage|p2b: Yggdrasil|16/100
|-damage|p1a: Basculegion|61/100 brn|[from] Recoil
|-damage|p1a: Basculegion|51/100 brn|[from] item: Life Orb
|
|-damage|p1b: Garchomp|48/100 brn|[from] brn
|-damage|p1a: Basculegion|45/100 brn|[from] brn
|upkeep
|turn|7
|
|t:|1784257161
|switch|p2b: Wolverine|Incineroar, L50, F|79/100
|-ability|p2b: Wolverine|Intimidate|boost
|-unboost|p1a: Basculegion|atk|1
|-unboost|p1b: Garchomp|atk|1
|move|p1a: Basculegion|Aqua Jet|p2b: Wolverine
|-supereffective|p2b: Wolverine|1
|-damage|p2b: Wolverine|57/100
|-damage|p1a: Basculegion|35/100 brn|[from] item: Life Orb
|move|p1b: Garchomp|Rock Slide|p2a: HydroVolt|[spread] p2a,p2b
|-supereffective|p2b: Wolverine|1
|-damage|p2a: HydroVolt|50/100g
|-damage|p2b: Wolverine|44/100
|move|p2a: HydroVolt|Volt Switch|p1a: Basculegion
|-supereffective|p1a: Basculegion|1
|-damage|p1a: Basculegion|0 fnt
|faint|p1a: Basculegion
|
|t:|1784257180
|switch|p2a: Yggdrasil|Venusaur-Mega, L50, F|16/100|[from] Volt Switch
|
|-damage|p1b: Garchomp|42/100 brn|[from] brn
|upkeep
|
|t:|1784257186
|switch|p1a: Charizard|Charizard, L50, M|100/100
|turn|8
|
|t:|1784257196
|detailschange|p1a: Charizard|Charizard-Mega-Y, L50, M
|-mega|p1a: Charizard|Charizard|Charizardite Y
|-weather|SunnyDay|[from] ability: Drought|[of] p1a: Charizard
|move|p2b: Wolverine|Fake Out|p1a: Charizard
|-damage|p1a: Charizard|87/100
|move|p1b: Garchomp|Rock Slide|p2b: Wolverine|[spread] p2b
|-miss|p1b: Garchomp|p2a: Yggdrasil
|-supereffective|p2b: Wolverine|1
|-damage|p2b: Wolverine|31/100
|cant|p1a: Charizard|flinch
|move|p2a: Yggdrasil|Giga Drain|p1b: Garchomp
|-damage|p1b: Garchomp|4/100 brn
|-heal|p2a: Yggdrasil|38/100|[from] drain|[of] p1b: Garchomp
|
|-weather|SunnyDay|[upkeep]
|-damage|p1b: Garchomp|0 fnt|[from] brn
|faint|p1b: Garchomp
|upkeep
|turn|9
|
|t:|1784257218
|move|p1a: Charizard|Heat Wave|p2b: Wolverine|[spread] p2a,p2b
|-supereffective|p2a: Yggdrasil|1
|-resisted|p2b: Wolverine|1
|-damage|p2a: Yggdrasil|0 fnt
|-damage|p2b: Wolverine|7/100
|faint|p2a: Yggdrasil
|move|p2b: Wolverine|Throat Chop|p1a: Charizard
|-damage|p1a: Charizard|54/100
|-start|p1a: Charizard|Throat Chop|[silent]
|
|-weather|SunnyDay|[upkeep]
|upkeep
|
|t:|1784257227
|switch|p2a: HydroVolt|Rotom-Wash, L50|50/100g
|turn|10
|
|t:|1784257240
|move|p1a: Charizard|Solar Beam||[still]
|-prepare|p1a: Charizard|Solar Beam
|-anim|p1a: Charizard|Solar Beam|p2a: HydroVolt
|-supereffective|p2a: HydroVolt|1
|-enditem|p2a: HydroVolt|Rindo Berry|[eat]
|-enditem|p2a: HydroVolt|Rindo Berry|[weaken]
|-damage|p2a: HydroVolt|1/100
|move|p2a: HydroVolt|Electroweb|p1a: Charizard
|-supereffective|p1a: Charizard|1
|-damage|p1a: Charizard|10/100
|-unboost|p1a: Charizard|spe|1
|move|p2b: Wolverine|Parting Shot|p1a: Charizard
|-unboost|p1a: Charizard|atk|1
|-unboost|p1a: Charizard|spa|1
|
|t:|1784257252
|switch|p2b: Berserk|Garchomp, L50, M|100/100|[from] Parting Shot
|
|-weather|SunnyDay|[upkeep]
|-end|p1a: Charizard|Throat Chop|[silent]
|upkeep
|turn|11
|
|t:|1784257268
|move|p2b: Berserk|Dragon Claw|p1a: Charizard
|-damage|p1a: Charizard|0 fnt
|faint|p1a: Charizard
|-damage|p2b: Berserk|90/100|[from] item: Life Orb
|
|win|x-demon18
