|j|☆platinumflare
|j|☆gg no mas
|html|platinumflaregg no mas    
|uhtml|bestof|Game 1 of a best-of-3
|t:|1784768375
|gametype|doubles
|player|p1|platinumflare|lance|1228
|player|p2|gg no mas|1|1240
|gen|9
|tier|[Gen 9 Champions] VGC 2026 Reg M-B (Bo3)
|rated|
|rule|Species Clause: Limit one of each Pokémon
|rule|Item Clause: Limit 1 of each item
|clearpoke
|poke|p1|Raichu, L50, F|
|poke|p1|Farigiraf, L50, M|
|poke|p1|Meowscarada, L50, F|
|poke|p1|Sneasler, L50, F|
|poke|p1|Talonflame, L50, M|
|poke|p1|Basculegion, L50, M|
|poke|p2|Charizard, L50, F|
|poke|p2|Garchomp, L50, M|
|poke|p2|Incineroar, L50, F|
|poke|p2|Venusaur, L50, F|
|poke|p2|Toxapex, L50, F|
|poke|p2|Sylveon, L50, M|
|teampreview|4
|showteam|p1|Raichu||RaichuniteY|LightningRod|ZapCannon,FocusBlast,Protect,GrassKnot|Timid||F|||50|]Farigiraf||SitrusBerry|ArmorTail|Psychic,Roar,HyperVoice,Protect|Modest||M|||50|]Meowscarada||ChoiceScarf|Protean|FlowerTrick,ThroatChop,TripleAxel,Uturn|Jolly||F|||50|]Sneasler||WhiteHerb|Unburden|GunkShot,CloseCombat,Protect,FakeOut|Jolly||F|||50|]Talonflame||SharpBeak|GaleWings|Tailwind,DualWingbeat,Protect,FlareBlitz|Jolly||M|||50|]Basculegion||LifeOrb|Adaptability|WaveCrash,AquaJet,LastRespects,Protect|Adamant||M|||50|
|showteam|p2|Charizard||CharizarditeY|SolarPower|WeatherBall,HeatWave,AncientPower,Protect|Modest||F|||50|]Garchomp||ChoiceScarf|RoughSkin|RockSlide,DragonClaw,Earthquake,StompingTantrum|Adamant||M|||50|]Incineroar||SitrusBerry|Intimidate|FlareBlitz,FakeOut,DarkestLariat,PartingShot|Impish||F|||50|]Venusaur||LifeOrb|Chlorophyll|SludgeBomb,LeafStorm,EarthPower,Protect|Modest||F|||50|]Toxapex||Leftovers|Regenerator|Infestation,Toxic,WideGuard,BanefulBunker|Bold||F|||50|]Sylveon||FairyFeather|Pixilate|HyperVoice,QuickAttack,Yawn,Detect|Modest||M|||50|
|inactive|Battle timer is ON: inactive players will automatically lose when time's up. (requested by platinumflare)
|inactive|gg no mas also wants the timer to be on.
|inactive|platinumflare has 60 seconds left.
|inactive|gg no mas has 60 seconds left.
|
|t:|1784768433
|teamsize|p1|4
|teamsize|p2|4
|start
|switch|p1a: Meowscarada|Meowscarada, L50, F|100/100
|switch|p1b: Basculegion|Basculegion, L50, M|100/100
|switch|p2a: Incineroar|Incineroar, L50, F|100/100
|switch|p2b: Charizard|Charizard, L50, F|100/100
|-ability|p2a: Incineroar|Intimidate|boost
|-unboost|p1a: Meowscarada|atk|1
|-unboost|p1b: Basculegion|atk|1
|turn|1
|
|t:|1784768456
|switch|p1a: Sneasler|Sneasler, L50, F|100/100
|switch|p2a: Toxapex|Toxapex, L50, F|100/100
|detailschange|p2b: Charizard|Charizard-Mega-Y, L50, F
|-mega|p2b: Charizard|Charizard|Charizardite Y
|-weather|SunnyDay|[from] ability: Drought|[of] p2b: Charizard
|move|p1b: Basculegion|Wave Crash|p2a: Toxapex
|-resisted|p2a: Toxapex|1
|-damage|p2a: Toxapex|87/100
|-damage|p1b: Basculegion|96/100|[from] Recoil
|-damage|p1b: Basculegion|87/100|[from] item: Life Orb
|move|p2b: Charizard|Heat Wave|p1a: Sneasler|[spread] p1a
|-miss|p2b: Charizard|p1b: Basculegion
|-damage|p1a: Sneasler|15/100
|
|-weather|SunnyDay|[upkeep]
|-heal|p2a: Toxapex|93/100|[from] item: Leftovers
|upkeep
|turn|2
|
|t:|1784768481
|move|p1a: Sneasler|Fake Out|p2b: Charizard
|-damage|p2b: Charizard|87/100
|move|p1b: Basculegion|Wave Crash|p2b: Charizard
|-supereffective|p2b: Charizard|1
|-damage|p2b: Charizard|28/100
|-damage|p1b: Basculegion|69/100|[from] Recoil
|-damage|p1b: Basculegion|59/100|[from] item: Life Orb
|cant|p2b: Charizard|flinch
|move|p2a: Toxapex|Toxic|p1b: Basculegion
|-status|p1b: Basculegion|tox
|
|-weather|SunnyDay|[upkeep]
|-heal|p2a: Toxapex|99/100|[from] item: Leftovers
|-damage|p1b: Basculegion|53/100 tox|[from] psn
|upkeep
|turn|3
|
|t:|1784768499
|move|p2b: Charizard|Protect|p2b: Charizard
|-singleturn|p2b: Charizard|Protect
|move|p1a: Sneasler|Gunk Shot|p2b: Charizard
|-activate|p2b: Charizard|move: Protect
|move|p1b: Basculegion|Last Respects|p2a: Toxapex
|-damage|p2a: Toxapex|79/100
|-damage|p1b: Basculegion|43/100 tox|[from] item: Life Orb
|move|p2a: Toxapex|Infestation|p1a: Sneasler
|-resisted|p1a: Sneasler|2
|-damage|p1a: Sneasler|15/100
|-activate|p1a: Sneasler|move: Infestation|[of] p2a: Toxapex
|
|-weather|SunnyDay|[upkeep]
|-heal|p2a: Toxapex|85/100|[from] item: Leftovers
|-damage|p1b: Basculegion|31/100 tox|[from] psn
|-damage|p1a: Sneasler|3/100|[from] move: Infestation|[partiallytrapped]
|upkeep
|turn|4
|
|t:|1784768520
|switch|p2b: Incineroar|Incineroar, L50, F|100/100
|-ability|p2b: Incineroar|Intimidate|boost
|-unboost|p1a: Sneasler|atk|1
|-unboost|p1b: Basculegion|atk|1
|-enditem|p1a: Sneasler|White Herb
|-clearnegativeboost|p1a: Sneasler|[silent]
|move|p1a: Sneasler|Gunk Shot|p2b: Incineroar
|-damage|p2b: Incineroar|52/100
|-status|p2b: Incineroar|psn
|move|p1b: Basculegion|Last Respects|p2a: Toxapex
|-damage|p2a: Toxapex|70/100
|-damage|p1b: Basculegion|21/100 tox|[from] item: Life Orb
|move|p2a: Toxapex|Infestation|p1b: Basculegion
|-resisted|p1b: Basculegion|1
|-damage|p1b: Basculegion|20/100y tox
|-activate|p1b: Basculegion|move: Infestation|[of] p2a: Toxapex
|
|-weather|SunnyDay|[upkeep]
|-heal|p2a: Toxapex|76/100|[from] item: Leftovers
|-damage|p1b: Basculegion|2/100 tox|[from] psn
|-damage|p2b: Incineroar|40/100 psn|[from] psn
|-damage|p1a: Sneasler|0 fnt|[from] move: Infestation|[partiallytrapped]
|faint|p1a: Sneasler
|-damage|p1b: Basculegion|0 fnt|[from] move: Infestation|[partiallytrapped]
|faint|p1b: Basculegion
|upkeep
|-enditem|p2b: Incineroar|Sitrus Berry|[eat]
|-heal|p2b: Incineroar|64/100 psn|[from] item: Sitrus Berry
|
|t:|1784768523
|switch|p1a: Raichu|Raichu, L50, F|100/100
|switch|p1b: Meowscarada|Meowscarada, L50, F|100/100
|turn|5
|inactive|platinumflare has 30 seconds left.
|inactive|gg no mas has 30 seconds left.
|inactive|gg no mas has 20 seconds left.
|
|t:|1784768560
|detailschange|p1a: Raichu|Raichu-Mega-Y, L50, F
|-mega|p1a: Raichu|Raichu|Raichunite Y
|move|p2b: Incineroar|Fake Out|p1a: Raichu
|-damage|p1a: Raichu|84/100
|move|p1b: Meowscarada|Triple Axel|p2a: Toxapex
|-start|p1b: Meowscarada|typechange|Ice|[from] ability: Protean
|-resisted|p2a: Toxapex|1
|-damage|p2a: Toxapex|73/100
|-resisted|p2a: Toxapex|1
|-damage|p2a: Toxapex|66/100
|-resisted|p2a: Toxapex|1
|-damage|p2a: Toxapex|56/100
|-hitcount|p2a: Toxapex|3
|cant|p1a: Raichu|flinch
|move|p2a: Toxapex|Toxic|p1b: Meowscarada
|-status|p1b: Meowscarada|tox
|
|-weather|none
|-heal|p2a: Toxapex|61/100|[from] item: Leftovers
|-damage|p1b: Meowscarada|94/100 tox|[from] psn
|-damage|p2b: Incineroar|52/100 psn|[from] psn
|upkeep
|turn|6
|inactive|gg no mas has 30 seconds left.
|inactive|gg no mas has 20 seconds left.
|
|t:|1784768597
|switch|p2b: Charizard|Charizard-Mega-Y, L50, F|28/100
|-weather|SunnyDay|[from] ability: Drought|[of] p2b: Charizard
|move|p1b: Meowscarada|Triple Axel|p2a: Toxapex
|-resisted|p2a: Toxapex|1
|-damage|p2a: Toxapex|59/100
|-resisted|p2a: Toxapex|1
|-damage|p2a: Toxapex|52/100
|-resisted|p2a: Toxapex|1
|-damage|p2a: Toxapex|43/100
|-hitcount|p2a: Toxapex|3
|move|p1a: Raichu|Zap Cannon|p2b: Charizard
|-supereffective|p2b: Charizard|1
|-damage|p2b: Charizard|0 fnt
|faint|p2b: Charizard
|move|p2a: Toxapex|Toxic|p1a: Raichu
|-status|p1a: Raichu|tox
|
|-weather|SunnyDay|[upkeep]
|-heal|p2a: Toxapex|49/100|[from] item: Leftovers
|-damage|p1b: Meowscarada|82/100 tox|[from] psn
|-damage|p1a: Raichu|78/100 tox|[from] psn
|upkeep
|
|t:|1784768622
|switch|p2b: Garchomp|Garchomp, L50, M|100/100
|turn|7
|
|t:|1784768639
|switch|p2b: Incineroar|Incineroar, L50, F|52/100 psn
|-ability|p2b: Incineroar|Intimidate|boost
|-unboost|p1a: Raichu|atk|1
|-unboost|p1b: Meowscarada|atk|1
|move|p1b: Meowscarada|Triple Axel|p2b: Incineroar
|-resisted|p2b: Incineroar|1
|-damage|p2b: Incineroar|50/100y psn
|-resisted|p2b: Incineroar|1
|-crit|p2b: Incineroar
|-damage|p2b: Incineroar|39/100 psn
|-resisted|p2b: Incineroar|1
|-damage|p2b: Incineroar|32/100 psn
|-hitcount|p2b: Incineroar|3
|move|p1a: Raichu|Zap Cannon|p2b: Incineroar
|-damage|p2b: Incineroar|0 fnt
|faint|p2b: Incineroar
|move|p2a: Toxapex|Infestation|p1a: Raichu
|-damage|p1a: Raichu|74/100 tox
|-activate|p1a: Raichu|move: Infestation|[of] p2a: Toxapex
|
|-weather|SunnyDay|[upkeep]
|-heal|p2a: Toxapex|55/100|[from] item: Leftovers
|-damage|p1b: Meowscarada|64/100 tox|[from] psn
|-damage|p1a: Raichu|62/100 tox|[from] psn
|-damage|p1a: Raichu|50/100g tox|[from] move: Infestation|[partiallytrapped]
|upkeep
|
|t:|1784768661
|switch|p2b: Garchomp|Garchomp, L50, M|100/100
|turn|8
|
|t:|1784768668
|move|p2a: Toxapex|Baneful Bunker|p2a: Toxapex
|-singleturn|p2a: Toxapex|move: Protect
|move|p1b: Meowscarada|Triple Axel|p2b: Garchomp
|-supereffective|p2b: Garchomp|2
|-damage|p2b: Garchomp|73/100
|-damage|p1b: Meowscarada|52/100 tox|[from] ability: Rough Skin|[of] p2b: Garchomp
|-supereffective|p2b: Garchomp|2
|-damage|p2b: Garchomp|21/100
|-damage|p1b: Meowscarada|39/100 tox|[from] ability: Rough Skin|[of] p2b: Garchomp
|-supereffective|p2b: Garchomp|2
|-damage|p2b: Garchomp|0 fnt
|-damage|p1b: Meowscarada|27/100 tox|[from] ability: Rough Skin|[of] p2b: Garchomp
|faint|p2b: Garchomp
|-hitcount|p2: Garchomp|3
|move|p1a: Raichu|Zap Cannon|p2a: Toxapex
|-activate|p2a: Toxapex|move: Protect
|
|-weather|SunnyDay|[upkeep]
|-heal|p2a: Toxapex|61/100|[from] item: Leftovers
|-damage|p1b: Meowscarada|3/100 tox|[from] psn
|-damage|p1a: Raichu|32/100 tox|[from] psn
|-damage|p1a: Raichu|20/100y tox|[from] move: Infestation|[partiallytrapped]
|upkeep
|turn|9
|
|t:|1784768689
|move|p2a: Toxapex|Baneful Bunker||[still]
|-fail|p2a: Toxapex
|move|p1b: Meowscarada|Triple Axel|p2a: Toxapex|[miss]
|-miss|p1b: Meowscarada|p2a: Toxapex
|move|p1a: Raichu|Zap Cannon|p2a: Toxapex
|-supereffective|p2a: Toxapex|1
|-damage|p2a: Toxapex|0 fnt
|faint|p2a: Toxapex
|
|win|platinumflare
||platinumflare is ready for game 2.
|l|☆gg no mas
|player|p2|
|inactive|gg no mas has 30 seconds to confirm battle start!
||gg no mas is ready for game 2.
|uhtml|next|Next: Game 2 of 3
