|j|☆Syblaze
|j|☆labubumechanics
|html|Syblazelabubumechanics    
|uhtml|bestof|Game 2 of a best-of-3
|t:|1784838146
|gametype|doubles
|player|p1|Syblaze|265|1048
|player|p2|labubumechanics|266|1137
|gen|9
|tier|[Gen 9 Champions] VGC 2026 Reg M-B (Bo3)
|rated|
|rule|Species Clause: Limit one of each Pokémon
|rule|Item Clause: Limit 1 of each item
|clearpoke
|poke|p1|Charizard, L50, M|
|poke|p1|Swampert, L50, F|
|poke|p1|Milotic, L50, M|
|poke|p1|Sinistcha, L50|
|poke|p1|Hydreigon, L50, M|
|poke|p1|Espathra, L50, M|
|poke|p2|Excadrill, L50, F, shiny|
|poke|p2|Tyranitar, L50, F, shiny|
|poke|p2|Grimmsnarl, L50, M|
|poke|p2|Kommo-o, L50, M|
|poke|p2|Scovillain, L50, F|
|poke|p2|Basculegion, L50, M|
|teampreview|4
|showteam|p1|Charizard||CharizarditeY|Blaze|Protect,HeatWave,WeatherBall,SolarBeam|Modest||M|||50|]Swampert||Swampertite|Torrent|Protect,IcePunch,WaveCrash,Earthquake|Jolly||F|||50|]Milotic||Leftovers|Competitive|Protect,Scald,IcyWind,DragonCheer|Bold||M|||50|]Sinistcha||CobaBerry|Hospitality|Protect,CalmMind,MatchaGotcha,TrickRoom|Relaxed|||||50|]Hydreigon||ScopeLens|Levitate|Protect,Snarl,DracoMeteor,Flamethrower|Timid||M|||50|]Espathra||SitrusBerry|SpeedBoost|Protect,LuminaCrash,RainDance,BatonPass|Timid||M|||50|
|showteam|p2|Excadrill||LifeOrb|SandRush|HighHorsepower,RockSlide,IronHead,Protect|Adamant||F|||50|]Tyranitar||Tyranitarite|SandStream|DragonDance,RockSlide,KnockOff,Protect|Jolly||F|||50|]Grimmsnarl||LightClay|Prankster|SpiritBreak,LightScreen,Reflect,FakeOut|Impish||M|||50|]Kommo-o||Leftovers|Overcoat|ClangingScales,ClangorousSoul,AuraSphere,Protect|Modest||M|||50|]Scovillain||Scovillainite|Moody|Protect,RagePowder,Overheat,EnergyBall|Bold||F|||50|]Basculegion||ChoiceScarf|Adaptability|WaveCrash,LastRespects,AquaJet,FlipTurn|Adamant||M|||50|
|
|t:|1784838181
|teamsize|p1|4
|teamsize|p2|4
|start
|switch|p1a: Milotic|Milotic, L50, M|100/100
|switch|p1b: Espathra|Espathra, L50, M|100/100
|switch|p2a: Scovillain|Scovillain, L50, F|100/100
|switch|p2b: Tyranitar|Tyranitar, L50, F, shiny|100/100
|-weather|Sandstorm|[from] ability: Sand Stream|[of] p2b: Tyranitar
|turn|1
|
|t:|1784838215
|detailschange|p2a: Scovillain|Scovillain-Mega, L50, F
|-mega|p2a: Scovillain|Scovillain|Scovillainite
|move|p1b: Espathra|Rain Dance|p1b: Espathra
|-weather|RainDance
|move|p2b: Tyranitar|Dragon Dance|p2b: Tyranitar
|-boost|p2b: Tyranitar|atk|1
|-boost|p2b: Tyranitar|spe|1
|move|p1a: Milotic|Scald|p2b: Tyranitar
|-supereffective|p2b: Tyranitar|1
|-damage|p2b: Tyranitar|17/100
|move|p2a: Scovillain|Energy Ball|p1a: Milotic
|-supereffective|p1a: Milotic|1
|-crit|p1a: Milotic
|-damage|p1a: Milotic|7/100
|
|-weather|RainDance|[upkeep]
|-heal|p1a: Milotic|13/100|[from] item: Leftovers
|-ability|p1b: Espathra|Speed Boost|boost
|-boost|p1b: Espathra|spe|1
|upkeep
|turn|2
|
|t:|1784838269
|switch|p2b: Basculegion|Basculegion, L50, M|100/100
|move|p1b: Espathra|Baton Pass|p1b: Espathra
|
|t:|1784838273
|switch|p1b: Hydreigon|Hydreigon, L50, M|100/100|[from] Baton Pass
|move|p1a: Milotic|Dragon Cheer|p1b: Hydreigon
|-start|p1b: Hydreigon|move: Dragon Cheer
|move|p2a: Scovillain|Energy Ball|p1a: Milotic
|-supereffective|p1a: Milotic|1
|-damage|p1a: Milotic|0 fnt
|faint|p1a: Milotic
|
|-weather|RainDance|[upkeep]
|upkeep
|
|t:|1784838309
|switch|p1a: Swampert|Swampert, L50, F|100/100
|turn|3
|
|t:|1784838327
|detailschange|p1a: Swampert|Swampert-Mega, L50, F
|-mega|p1a: Swampert|Swampert|Swampertite
|move|p2a: Scovillain|Protect|p2a: Scovillain
|-singleturn|p2a: Scovillain|Protect
|move|p1a: Swampert|Earthquake|p2b: Basculegion|[spread] p2b
|-activate|p2a: Scovillain|move: Protect
|-immune|p1b: Hydreigon|[from] ability: Levitate
|-damage|p2b: Basculegion|42/100
|move|p1b: Hydreigon|Draco Meteor|p2b: Basculegion
|-crit|p2b: Basculegion
|-damage|p2b: Basculegion|0 fnt
|-unboost|p1b: Hydreigon|spa|2
|faint|p2b: Basculegion
|
|-weather|RainDance|[upkeep]
|upkeep
|
|t:|1784838338
|switch|p2b: Tyranitar|Tyranitar, L50, F, shiny|17/100
|-weather|Sandstorm|[from] ability: Sand Stream|[of] p2b: Tyranitar
|turn|4
|
|t:|1784838347
|switch|p1a: Espathra|Espathra, L50, M|100/100
|move|p1b: Hydreigon|Snarl|p2a: Scovillain|[spread] p2a,p2b
|-crit|p2a: Scovillain
|-resisted|p2b: Tyranitar|1
|-crit|p2b: Tyranitar
|-damage|p2a: Scovillain|71/100
|-damage|p2b: Tyranitar|8/100
|-unboost|p2a: Scovillain|spa|1
|-unboost|p2b: Tyranitar|spa|1
|-status|p1b: Hydreigon|brn|[from] ability: Spicy Spray|[of] p2a: Scovillain
|move|p2b: Tyranitar|Knock Off|p1b: Hydreigon
|-resisted|p1b: Hydreigon|1
|-damage|p1b: Hydreigon|74/100 brn
|-enditem|p1b: Hydreigon|Scope Lens|[from] move: Knock Off|[of] p2b: Tyranitar
|move|p2a: Scovillain|Energy Ball|p1a: Espathra
|-damage|p1a: Espathra|66/100
|
|-weather|Sandstorm|[upkeep]
|-damage|p1b: Hydreigon|68/100 brn|[from] Sandstorm
|-damage|p1a: Espathra|60/100|[from] Sandstorm
|-damage|p2a: Scovillain|65/100|[from] Sandstorm
|-damage|p1b: Hydreigon|62/100 brn|[from] brn
|upkeep
|turn|5
|-message|labubumechanics forfeited.
|
|win|Syblaze
