|j|☆fenking
|j|☆Archanile
|html|fenkingArchanile    
|uhtml|bestof|Game 1 of a best-of-3
|t:|1757923757
|gametype|doubles
|player|p1|fenking|265|1058
|player|p2|Archanile|hilbert|1073
|gen|9
|tier|[Gen 9] VGC 2025 Reg H (Bo3)
|rated|
|rule|Species Clause: Limit one of each Pokémon
|rule|Item Clause: Limit 1 of each item
|clearpoke
|poke|p1|Archaludon, L50, F|
|poke|p1|Dragonite, L50, M|
|poke|p1|Pelipper, L50, F|
|poke|p1|Ursaluna, L50, F|
|poke|p1|Sinistcha, L50|
|poke|p1|Gholdengo, L50|
|poke|p2|Dragonite, L50, M|
|poke|p2|Ursaluna-Bloodmoon, L50, M|
|poke|p2|Gholdengo, L50|
|poke|p2|Maushold-Four, L50|
|poke|p2|Annihilape, L50, M|
|poke|p2|Rillaboom, L50, M|
|teampreview|4
|showteam|p1|Archaludon||AssaultVest|Stamina|FlashCannon,BodyPress,ElectroShot,Snarl|||F|||50|,,,,,Fighting]Dragonite||LoadedDice|Multiscale|ScaleShot,Tailwind,Haze,Protect|||M|||50|,,,,,Ghost]Pelipper||FocusSash|Drizzle|MuddyWater,Hurricane,Tailwind,Protect|||F|||50|,,,,,Water]Ursaluna||FlameOrb|Guts|Facade,HeadlongRush,Earthquake,Protect|||F|||50|,,,,,Ghost]Sinistcha||SitrusBerry|Hospitality|MatchaGotcha,LifeDew,RagePowder,TrickRoom||||||50|,,,,,Dark]Gholdengo||ChoiceScarf|GoodasGold|MakeItRain,ShadowBall,Trick,Protect||||||50|,,,,,Flying
|showteam|p2|Dragonite||LoadedDice|Multiscale|ScaleShot,Tailwind,Haze,Protect|||M|||50|,,,,,Fairy]Ursaluna-Bloodmoon||AssaultVest|MindsEye|BloodMoon,EarthPower,HyperVoice,VacuumWave|||M|||50|,,,,,Water]Gholdengo||ChoiceScarf|GoodasGold|MakeItRain,ShadowBall,Thunderbolt,Trick||||||50|,,,,,Ghost]Maushold-Four||FocusSash|FriendGuard|HelpingHand,FollowMe,BeatUp,Protect||||||50|,,,,,Ghost]Annihilape||SitrusBerry|Defiant|RageFist,DrainPunch,BulkUp,Protect|||M|||50|,,,,,Fire]Rillaboom||MiracleSeed|GrassySurge|WoodHammer,GrassyGlide,HighHorsepower,FakeOut|||M|||50|,,,,,Fire
|inactive|Battle timer is ON: inactive players will automatically lose when time's up. (requested by fenking)
|
|t:|1757923778
|teamsize|p1|4
|teamsize|p2|4
|start
|switch|p1a: Pelipper|Pelipper, L50, F|100/100
|switch|p1b: Archaludon|Archaludon, L50, F|100/100
|switch|p2a: Maushold|Maushold-Four, L50|100/100
|switch|p2b: Gholdengo|Gholdengo, L50|100/100
|-weather|RainDance|[from] ability: Drizzle|[of] p1a: Pelipper
|turn|1
|
|t:|1757923798
|-terastallize|p2b: Gholdengo|Ghost
|-terastallize|p1b: Archaludon|Fighting
|move|p2a: Maushold|Helping Hand|p2b: Gholdengo
|-immune|p2b: Gholdengo|[from] ability: Good as Gold
|move|p1a: Pelipper|Protect|p1a: Pelipper
|-singleturn|p1a: Pelipper|Protect
|move|p2b: Gholdengo|Shadow Ball|p1b: Archaludon
|-damage|p1b: Archaludon|45/100
|-unboost|p1b: Archaludon|spd|1
|-ability|p1b: Archaludon|Stamina|boost
|-boost|p1b: Archaludon|def|1
|move|p1b: Archaludon|Electro Shot||[still]
|-prepare|p1b: Archaludon|Electro Shot
|-boost|p1b: Archaludon|spa|1
|-anim|p1b: Archaludon|Electro Shot|p2a: Maushold
|-damage|p2a: Maushold|8/100
|
|-weather|RainDance|[upkeep]
|upkeep
|turn|2
|inactive|Archanile has 30 seconds left.
|inactive|fenking has 30 seconds left.
|inactive|Archanile has 20 seconds left.
|inactive|Archanile has 15 seconds left.
|
|t:|1757923842
|switch|p1b: Dragonite|Dragonite, L50, M|100/100
|move|p2b: Gholdengo|Shadow Ball|p1a: Pelipper
|-damage|p1a: Pelipper|20/100
|-unboost|p1a: Pelipper|spd|1
|move|p2a: Maushold|Beat Up|p1a: Pelipper
|-damage|p1a: Pelipper|18/100
|-damage|p1a: Pelipper|17/100
|-damage|p1a: Pelipper|15/100
|-damage|p1a: Pelipper|12/100
|-hitcount|p1a: Pelipper|4
|move|p1a: Pelipper|Tailwind|p1a: Pelipper
|-sidestart|p1: fenking|move: Tailwind
|
|-weather|RainDance|[upkeep]
|upkeep
|turn|3
|inactive|Archanile has 30 seconds left.
|
|t:|1757923869
|switch|p1a: Archaludon|Archaludon, L50, F, tera:Fighting|45/100
|move|p2a: Maushold|Follow Me|p2a: Maushold
|-singleturn|p2a: Maushold|move: Follow Me
|move|p1b: Dragonite|Scale Shot|p2a: Maushold
|-damage|p2a: Maushold|0 fnt
|faint|p2a: Maushold
|-hitcount|p2: Maushold|1
|-unboost|p1b: Dragonite|def|1
|-boost|p1b: Dragonite|spe|1
|move|p2b: Gholdengo|Shadow Ball|p1b: Dragonite
|-damage|p1b: Dragonite|82/100
|
|-weather|RainDance|[upkeep]
|upkeep
|
|t:|1757923883
|switch|p2a: Ursaluna|Ursaluna-Bloodmoon, L50, M|100/100
|turn|4
|
|t:|1757923907
|switch|p2b: Dragonite|Dragonite, L50, M|100/100
|move|p1a: Archaludon|Snarl|p2b: Dragonite|[spread] p2a,p2b
|-crit|p2b: Dragonite
|-damage|p2a: Ursaluna|91/100
|-damage|p2b: Dragonite|88/100
|-unboost|p2a: Ursaluna|spa|1
|-unboost|p2b: Dragonite|spa|1
|move|p1b: Dragonite|Scale Shot|p2b: Dragonite
|-supereffective|p2b: Dragonite
|-damage|p2b: Dragonite|65/100
|-supereffective|p2b: Dragonite
|-damage|p2b: Dragonite|40/100
|-supereffective|p2b: Dragonite
|-damage|p2b: Dragonite|17/100
|-supereffective|p2b: Dragonite
|-damage|p2b: Dragonite|0 fnt
|faint|p2b: Dragonite
|-hitcount|p2: Dragonite|4
|-unboost|p1b: Dragonite|def|1
|-boost|p1b: Dragonite|spe|1
|move|p2a: Ursaluna|Blood Moon|p1a: Archaludon
|-damage|p1a: Archaludon|0 fnt
|faint|p1a: Archaludon
|
|-weather|RainDance|[upkeep]
|upkeep
|
|t:|1757923931
|switch|p1a: Pelipper|Pelipper, L50, F|12/100
|switch|p2b: Gholdengo|Gholdengo, L50, tera:Ghost|100/100
|turn|5
|
|t:|1757923946
|move|p1b: Dragonite|Protect|p1b: Dragonite
|-singleturn|p1b: Dragonite|Protect
|move|p2a: Ursaluna|Vacuum Wave|p1a: Pelipper
|-resisted|p1a: Pelipper
|-damage|p1a: Pelipper|5/100
|move|p2b: Gholdengo|Make It Rain|p1b: Dragonite|[spread] p1a
|-activate|p1b: Dragonite|move: Protect
|-resisted|p1a: Pelipper
|-damage|p1a: Pelipper|0 fnt
|-unboost|p2b: Gholdengo|spa|1
|faint|p1a: Pelipper
|
|-weather|none
|-sideend|p1: fenking|move: Tailwind
|upkeep
|
|t:|1757923958
|switch|p1a: Gholdengo|Gholdengo, L50|100/100
|turn|6
|
|t:|1757923972
|move|p1a: Gholdengo|Shadow Ball|p2b: Gholdengo
|-supereffective|p2b: Gholdengo
|-damage|p2b: Gholdengo|14/100
|move|p1b: Dragonite|Tailwind|p1b: Dragonite
|-sidestart|p1: fenking|move: Tailwind
|move|p2b: Gholdengo|Make It Rain|p1b: Dragonite|[spread] p1a,p1b
|-resisted|p1a: Gholdengo
|-damage|p1a: Gholdengo|83/100
|-damage|p1b: Dragonite|60/100
|-unboost|p2b: Gholdengo|spa|1
|move|p2a: Ursaluna|Blood Moon|p1b: Dragonite
|-damage|p1b: Dragonite|29/100
|
|upkeep
|turn|7
|
|t:|1757923992
|move|p1a: Gholdengo|Shadow Ball|p2b: Gholdengo
|-supereffective|p2b: Gholdengo
|-damage|p2b: Gholdengo|0 fnt
|faint|p2b: Gholdengo
|move|p1b: Dragonite|Scale Shot|p2a: Ursaluna
|-damage|p2a: Ursaluna|83/100
|-damage|p2a: Ursaluna|74/100
|-damage|p2a: Ursaluna|65/100
|-damage|p2a: Ursaluna|56/100
|-damage|p2a: Ursaluna|46/100
|-hitcount|p2a: Ursaluna|5
|-unboost|p1b: Dragonite|def|1
|-boost|p1b: Dragonite|spe|1
|move|p2a: Ursaluna|Earth Power|p1a: Gholdengo
|-supereffective|p1a: Gholdengo
|-damage|p1a: Gholdengo|0 fnt
|faint|p1a: Gholdengo
|
|upkeep
|turn|8
|
|t:|1757924010
|move|p1b: Dragonite|Scale Shot|p2a: Ursaluna
|-damage|p2a: Ursaluna|37/100
|-damage|p2a: Ursaluna|30/100
|-damage|p2a: Ursaluna|21/100
|-damage|p2a: Ursaluna|14/100
|-hitcount|p2a: Ursaluna|4
|-unboost|p1b: Dragonite|def|1
|-boost|p1b: Dragonite|spe|1
|move|p2a: Ursaluna|Blood Moon|p1b: Dragonite
|-damage|p1b: Dragonite|0 fnt
|faint|p1b: Dragonite
|
|win|Archanile
