|j|☆YouSickBastard!!
|j|☆Kahizar
|html|YouSickBastard!!Kahizar    
|uhtml|bestof|Game 2 of a best-of-3
|t:|1757704613
|gametype|doubles
|player|p1|YouSickBastard!!|birdkeeper-gen4dp|1082
|player|p2|Kahizar|169|1119
|gen|9
|tier|[Gen 9] VGC 2025 Reg H (Bo3)
|rated|
|rule|Species Clause: Limit one of each Pokémon
|rule|Item Clause: Limit 1 of each item
|clearpoke
|poke|p1|Gholdengo, L50|
|poke|p1|Sneasler, L50, M|
|poke|p1|Rillaboom, L50, M|
|poke|p1|Dragonite, L50, M|
|poke|p1|Ninetales-Alola, L50, F|
|poke|p1|Arcanine-Hisui, L50, M|
|poke|p2|Ninetales-Alola, L50, F|
|poke|p2|Incineroar, L50, M|
|poke|p2|Murkrow, L50, F|
|poke|p2|Sneasler, L50, F|
|poke|p2|Rillaboom, L50, M|
|poke|p2|Gholdengo, L50|
|teampreview|4
|showteam|p1|Gholdengo||GrassySeed|GoodasGold|NastyPlot,MakeItRain,ShadowBall,Protect||||||50|,,,,,Water]Sneasler||WhiteHerb|Unburden|CloseCombat,DireClaw,Coaching,Protect|||M|||50|,,,,,Ghost]Rillaboom||AssaultVest|GrassySurge|FakeOut,GrassyGlide,DrumBeating,HighHorsepower|||M|||50|,,,,,Fire]Dragonite||LoadedDice|Multiscale|ScaleShot,StompingTantrum,Tailwind,Protect|||M|||50|,,,,,Ground]Ninetales-Alola||FocusSash|SnowWarning|Blizzard,IcyWind,Encore,AuroraVeil|||F|||50|,,,,,Ghost]Arcanine-Hisui||ClearAmulet|Intimidate|RockSlide,FlareBlitz,ExtremeSpeed,Protect|||M|||50|,,,,,Water
|showteam|p2|Ninetales-Alola||FocusSash|SnowWarning|AuroraVeil,Blizzard,Moonblast,Protect|||F|||50|,,,,,Water]Incineroar||SafetyGoggles|Intimidate|FlareBlitz,FakeOut,KnockOff,PartingShot|||M|||50|,,,,,Ghost]Murkrow||Eviolite|Prankster|Taunt,Tailwind,Haze,FoulPlay|||F|||50|,,,,,Ghost]Sneasler||ChoiceBand|PoisonTouch|CloseCombat,RockSlide,DireClaw,ThroatChop|||F|||50|,,,,,Dark]Rillaboom||AssaultVest|GrassySurge|WoodHammer,GrassyGlide,FakeOut,Uturn|||M|||50|,,,,,Fire]Gholdengo||LifeOrb|GoodasGold|MakeItRain,TeraBlast,NastyPlot,Protect||||||50|,,,,,Ground
|
|t:|1757704634
|teamsize|p1|4
|teamsize|p2|4
|start
|switch|p1a: Gholdengo|Gholdengo, L50|100/100
|switch|p1b: Niners|Ninetales-Alola, L50, F|100/100
|switch|p2a: Incineroar|Incineroar, L50, M|100/100
|switch|p2b: Gholdengo|Gholdengo, L50|100/100
|-weather|Snowscape|[from] ability: Snow Warning|[of] p1b: Niners
|-ability|p2a: Incineroar|Intimidate|boost
|-unboost|p1a: Gholdengo|atk|1
|-unboost|p1b: Niners|atk|1
|turn|1
|
|t:|1757704701
|-terastallize|p1b: Niners|Ghost
|-terastallize|p2b: Gholdengo|Ground
|move|p1a: Gholdengo|Protect|p1a: Gholdengo
|-singleturn|p1a: Gholdengo|Protect
|move|p2a: Incineroar|Fake Out|p1b: Niners
|-immune|p1b: Niners
|move|p1b: Niners|Icy Wind|p2a: Incineroar|[spread] p2a,p2b
|-resisted|p2a: Incineroar
|-supereffective|p2b: Gholdengo
|-damage|p2a: Incineroar|93/100
|-damage|p2b: Gholdengo|70/100
|-unboost|p2a: Incineroar|spe|1
|-unboost|p2b: Gholdengo|spe|1
|move|p2b: Gholdengo|Tera Blast|p1a: Gholdengo|[anim] Tera Blast Ground
|-activate|p1a: Gholdengo|move: Protect
|
|-weather|Snowscape|[upkeep]
|upkeep
|turn|2
|inactive|Battle timer is ON: inactive players will automatically lose when time's up. (requested by Kahizar)
|
|t:|1757704758
|move|p2b: Gholdengo|Protect|p2b: Gholdengo
|-singleturn|p2b: Gholdengo|Protect
|move|p1b: Niners|Encore|p2a: Incineroar
|-start|p2a: Incineroar|Encore
|move|p1a: Gholdengo|Make It Rain|p2b: Gholdengo|[spread] p2a
|-activate|p2b: Gholdengo|move: Protect
|-resisted|p2a: Incineroar
|-damage|p2a: Incineroar|74/100
|-unboost|p1a: Gholdengo|spa|1
|move|p2a: Incineroar|Fake Out||[still]
|-hint|Fake Out only works on your first turn out.
|-fail|p2a: Incineroar
|
|-weather|Snowscape|[upkeep]
|upkeep
|turn|3
|inactive|Kahizar has 30 seconds left.
|
|t:|1757704792
|switch|p2b: Ninetales|Ninetales-Alola, L50, F|100/100
|switch|p2a: Sneasler|Sneasler, L50, F|100/100
|move|p1b: Niners|Blizzard|p2a: Sneasler|[spread] p2a,p2b
|-resisted|p2b: Ninetales
|-crit|p2b: Ninetales
|-damage|p2a: Sneasler|60/100
|-damage|p2b: Ninetales|71/100
|move|p1a: Gholdengo|Shadow Ball|p2b: Ninetales
|-damage|p2b: Ninetales|40/100
|
|-weather|Snowscape|[upkeep]
|upkeep
|turn|4
|
|t:|1757704813
|switch|p1b: Arcanine|Arcanine-Hisui, L50, M|100/100
|-ability|p1b: Arcanine|Intimidate|boost
|-unboost|p2a: Sneasler|atk|1
|-unboost|p2b: Ninetales|atk|1
|move|p1a: Gholdengo|Protect|p1a: Gholdengo
|-singleturn|p1a: Gholdengo|Protect
|move|p2a: Sneasler|Throat Chop|p1a: Gholdengo
|-activate|p1a: Gholdengo|move: Protect
|move|p2b: Ninetales|Aurora Veil|p2b: Ninetales
|-sidestart|p2: Kahizar|move: Aurora Veil
|
|-weather|Snowscape|[upkeep]
|upkeep
|turn|5
|
|t:|1757704835
|switch|p2b: Incineroar|Incineroar, L50, M|74/100
|-ability|p2b: Incineroar|Intimidate|boost
|-unboost|p1a: Gholdengo|atk|1
|-fail|p1b: Arcanine|unboost|[from] item: Clear Amulet|[of] p1b: Arcanine
|switch|p1a: Sneasler|Sneasler, L50, M|100/100
|move|p2a: Sneasler|Throat Chop|p1a: Sneasler
|-resisted|p1a: Sneasler
|-damage|p1a: Sneasler|83/100
|-start|p1a: Sneasler|Throat Chop|[silent]
|move|p1b: Arcanine|Rock Slide|p2a: Sneasler|[spread] p2a
|-miss|p1b: Arcanine|p2b: Incineroar
|-resisted|p2a: Sneasler
|-damage|p2a: Sneasler|46/100
|
|-weather|none
|upkeep
|turn|6
|inactive|Kahizar has 30 seconds left.
|inactive|Kahizar has 20 seconds left.
|inactive|Kahizar has 15 seconds left.
|
|t:|1757704877
|switch|p2a: Ninetales|Ninetales-Alola, L50, F|40/100
|-weather|Snowscape|[from] ability: Snow Warning|[of] p2a: Ninetales
|move|p2b: Incineroar|Fake Out|p1a: Sneasler
|-damage|p1a: Sneasler|69/100
|cant|p1a: Sneasler|flinch
|move|p1b: Arcanine|Rock Slide|p2a: Ninetales|[spread] p2a,p2b
|-supereffective|p2a: Ninetales
|-supereffective|p2b: Incineroar
|-damage|p2a: Ninetales|5/100
|-damage|p2b: Incineroar|47/100
|
|-weather|Snowscape|[upkeep]
|-end|p1a: Sneasler|Throat Chop|[silent]
|upkeep
|turn|7
|
|t:|1757704894
|move|p2a: Ninetales|Blizzard|p1a: Sneasler|[spread] p1a,p1b
|-resisted|p1b: Arcanine
|-damage|p1a: Sneasler|30/100
|-damage|p1b: Arcanine|81/100
|move|p1a: Sneasler|Coaching|p1b: Arcanine
|-boost|p1b: Arcanine|atk|1
|-boost|p1b: Arcanine|def|1
|move|p1b: Arcanine|Rock Slide|p2b: Incineroar|[spread] p2a,p2b
|-supereffective|p2a: Ninetales
|-supereffective|p2b: Incineroar
|-damage|p2a: Ninetales|0 fnt
|-damage|p2b: Incineroar|9/100
|faint|p2a: Ninetales
|move|p2b: Incineroar|Parting Shot|p1a: Sneasler
|-unboost|p1a: Sneasler|atk|1
|-unboost|p1a: Sneasler|spa|1
|-enditem|p1a: Sneasler|White Herb
|-clearnegativeboost|p1a: Sneasler|[silent]
|
|t:|1757704911
|switch|p2b: Gholdengo|Gholdengo, L50, tera:Ground|70/100|[from] Parting Shot
|
|-weather|Snowscape|[upkeep]
|upkeep
|
|t:|1757704915
|switch|p2a: Incineroar|Incineroar, L50, M|9/100
|-ability|p2a: Incineroar|Intimidate|boost
|-unboost|p1a: Sneasler|atk|1
|-fail|p1b: Arcanine|unboost|[from] item: Clear Amulet|[of] p1b: Arcanine
|turn|8
|
|t:|1757704927
|move|p1b: Arcanine|Protect|p1b: Arcanine
|-singleturn|p1b: Arcanine|Protect
|move|p2a: Incineroar|Fake Out|p1b: Arcanine
|-activate|p1b: Arcanine|move: Protect
|move|p1a: Sneasler|Coaching|p1b: Arcanine
|-boost|p1b: Arcanine|atk|1
|-boost|p1b: Arcanine|def|1
|move|p2b: Gholdengo|Tera Blast|p1b: Arcanine|[anim] Tera Blast Ground
|-activate|p1b: Arcanine|move: Protect
|
|-weather|Snowscape|[upkeep]
|-sideend|p2: Kahizar|move: Aurora Veil
|upkeep
|turn|9
|inactive|YouSickBastard!! has 30 seconds left.
|inactive|Kahizar has 30 seconds left.
|inactive|YouSickBastard!! has 20 seconds left.
|
|t:|1757704963
|switch|p2a: Sneasler|Sneasler, L50, F|46/100
|move|p1a: Sneasler|Close Combat|p2a: Sneasler
|-resisted|p2a: Sneasler
|-damage|p2a: Sneasler|11/100
|-unboost|p1a: Sneasler|def|1
|-unboost|p1a: Sneasler|spd|1
|move|p1b: Arcanine|Flare Blitz|p2b: Gholdengo
|-crit|p2b: Gholdengo
|-damage|p2b: Gholdengo|0 fnt
|faint|p2b: Gholdengo
|-damage|p1b: Arcanine|57/100|[from] Recoil
|
|-weather|Snowscape|[upkeep]
|upkeep
|
|t:|1757704974
|switch|p2b: Incineroar|Incineroar, L50, M|9/100
|-ability|p2b: Incineroar|Intimidate|boost
|-unboost|p1a: Sneasler|atk|1
|-fail|p1b: Arcanine|unboost|[from] item: Clear Amulet|[of] p1b: Arcanine
|turn|10
|
|t:|1757704983
|move|p1a: Sneasler|Protect|p1a: Sneasler
|-singleturn|p1a: Sneasler|Protect
|move|p1b: Arcanine|Protect|p1b: Arcanine
|-singleturn|p1b: Arcanine|Protect
|move|p2b: Incineroar|Fake Out|p1a: Sneasler
|-activate|p1a: Sneasler|move: Protect
|move|p2a: Sneasler|Close Combat|p1b: Arcanine
|-activate|p1b: Arcanine|move: Protect
|
|-weather|none
|upkeep
|turn|11
|c|☆YouSickBastard!!|gg
|inactive|Kahizar has 30 seconds left.
|
|t:|1757705014
|move|p1b: Arcanine|Extreme Speed|p2a: Sneasler
|-damage|p2a: Sneasler|0 fnt
|faint|p2a: Sneasler
|move|p1a: Sneasler|Close Combat|p2b: Incineroar
|-supereffective|p2b: Incineroar
|-damage|p2b: Incineroar|0 fnt
|-unboost|p1a: Sneasler|def|1
|-unboost|p1a: Sneasler|spd|1
|faint|p2b: Incineroar
|
|win|YouSickBastard!!
|raw|YouSickBastard!!'s rating: 1082 → 1113(+31 for winning)
|raw|Kahizar's rating: 1119 → 1091(-28 for losing)
