|j|☆gunkqing
|j|☆Tyrae
|html|gunkqingTyrae    
|uhtml|bestof|Game 1 of a best-of-3
|t:|1756402456
|gametype|doubles
|player|p1|gunkqing|striker|
|player|p2|Tyrae|ethan|
|gen|9
|tier|[Gen 9] VGC 2025 Reg H (Bo3)
|rule|Species Clause: Limit one of each Pokémon
|rule|Item Clause: Limit 1 of each item
|clearpoke
|poke|p1|Charizard, L50, F|
|poke|p1|Jumpluff, L50, F|
|poke|p1|Torkoal, L50, M|
|poke|p1|Ursaluna, L50, F|
|poke|p1|Incineroar, L50, F|
|poke|p1|Duskull, L50, M|
|poke|p2|Rillaboom, L50, F|
|poke|p2|Primarina, L50, F|
|poke|p2|Glimmora, L50, F|
|poke|p2|Dragonite, L50, M|
|poke|p2|Talonflame, L50, F|
|poke|p2|Sneasler, L50, M|
|teampreview|4
|showteam|p1|Charizard||ChoiceSpecs|SolarPower|HeatWave,Overheat,WeatherBall,DragonPulse|||F|||50|,,,,,Ghost]Jumpluff||CovertCloak|Chlorophyll|SleepPowder,Tailwind,RagePowder,SunnyDay|||F|||50|,,,,,Water]Torkoal||EjectPack|Drought|Overheat,Eruption,ClearSmog,Protect|||M|||50|,,,,,Fire]Ursaluna||FlameOrb|Guts|Facade,HeadlongRush,Earthquake,Protect|||F|||50|,,,,,Ghost]Incineroar||AssaultVest|Intimidate|FakeOut,FlareBlitz,KnockOff,Uturn|||F|||50|,,,,,Grass]Duskull||Eviolite|Levitate|NightShade,TrickRoom,HelpingHand,PainSplit|||M|||50|,,,,,Steel
|showteam|p2|Rillaboom||AssaultVest|GrassySurge|GrassyGlide,WoodHammer,FakeOut,HighHorsepower|||F|||50|,,,,,Fire]Primarina||ThroatSpray|LiquidVoice|HyperVoice,Moonblast,Haze,Protect|||F|||50|,,,,,Dragon]Glimmora||PowerHerb|ToxicDebris|MeteorBeam,SludgeBomb,EarthPower,SpikyShield|||F|||50|,,,,,Ground]Dragonite||LoadedDice|Multiscale|ScaleShot,ExtremeSpeed,TeraBlast,Protect|||M|||50|,,,,,Flying]Talonflame||CovertCloak|GaleWings|BraveBird,FlareBlitz,Tailwind,Taunt|||F|||50|,,,,,Grass]Sneasler||FocusSash|Unburden|DireClaw,CloseCombat,Coaching,Protect|||M|||50|,,,,,Stellar
|inactive|Battle timer is ON: inactive players will automatically lose when time's up. (requested by gunkqing)
|c|☆gunkqing|glhf!
|inactive|gunkqing has 60 seconds left.
|inactive|Tyrae has 60 seconds left.
|
|t:|1756402515
|teamsize|p1|4
|teamsize|p2|4
|start
|switch|p1a: Jumpluff|Jumpluff, L50, F|100/100
|switch|p1b: Torkoal|Torkoal, L50, M, shiny|100/100
|switch|p2a: Talonflame|Talonflame, L50, F|100/100
|switch|p2b: Primarina|Primarina, L50, F|100/100
|-weather|SunnyDay|[from] ability: Drought|[of] p1b: Torkoal
|turn|1
|inactive|Tyrae has 30 seconds left.
|
|t:|1756402549
|switch|p1a: Incineroar|Incineroar, L50, F|100/100
|-ability|p1a: Incineroar|Intimidate|boost
|-unboost|p2a: Talonflame|atk|1
|-unboost|p2b: Primarina|atk|1
|move|p2a: Talonflame|Flare Blitz|p1a: Incineroar
|-resisted|p1a: Incineroar
|-damage|p1a: Incineroar|80/100
|-damage|p2a: Talonflame|92/100|[from] Recoil
|move|p2b: Primarina|Hyper Voice|p1a: Incineroar|[spread] p1a,p1b
|-supereffective|p1a: Incineroar
|-supereffective|p1b: Torkoal
|-damage|p1a: Incineroar|58/100
|-damage|p1b: Torkoal|55/100
|-enditem|p2b: Primarina|Throat Spray
|-boost|p2b: Primarina|spa|1|[from] item: Throat Spray
|move|p1b: Torkoal|Overheat|p2a: Talonflame
|-resisted|p2a: Talonflame
|-damage|p2a: Talonflame|32/100
|-unboost|p1b: Torkoal|spa|2
|-enditem|p1b: Torkoal|Eject Pack
|
|t:|1756402570
|switch|p1b: Jumpluff|Jumpluff, L50, F|100/100
|
|-weather|SunnyDay|[upkeep]
|upkeep
|turn|2
|
|t:|1756402594
|move|p2b: Primarina|Protect|p2b: Primarina
|-singleturn|p2b: Primarina|Protect
|move|p1a: Incineroar|Fake Out|p2b: Primarina
|-activate|p2b: Primarina|move: Protect
|move|p1b: Jumpluff|Sleep Powder|p2a: Talonflame|[miss]
|-miss|p1b: Jumpluff|p2a: Talonflame
|move|p2a: Talonflame|Tailwind|p2a: Talonflame
|-sidestart|p2: Tyrae|move: Tailwind
|
|-weather|SunnyDay|[upkeep]
|upkeep
|turn|3
|inactive|gunkqing has 30 seconds left.
|inactive|Tyrae has 30 seconds left.
|inactive|gunkqing has 20 seconds left.
|inactive|Tyrae has 20 seconds left.
|inactive|gunkqing has 15 seconds left.
|inactive|Tyrae has 15 seconds left.
|inactive|gunkqing has 10 seconds left.
|inactive|Tyrae has 10 seconds left.
|
|t:|1756402644
|-terastallize|p1b: Jumpluff|Water
|move|p2a: Talonflame|Flare Blitz|p1b: Jumpluff
|-resisted|p1b: Jumpluff
|-damage|p1b: Jumpluff|75/100
|-damage|p2a: Talonflame|22/100|[from] Recoil
|move|p1b: Jumpluff|Tailwind|p1b: Jumpluff
|-sidestart|p1: gunkqing|move: Tailwind
|move|p2b: Primarina|Moonblast|p1b: Jumpluff
|-damage|p1b: Jumpluff|0 fnt
|faint|p1b: Jumpluff
|move|p1a: Incineroar|U-turn|p2b: Primarina
|-resisted|p2b: Primarina
|-damage|p2b: Primarina|87/100
|
|t:|1756402655
|switch|p1a: Ursaluna|Ursaluna, L50, F, shiny|100/100|[from] U-turn
|
|-weather|SunnyDay|[upkeep]
|-status|p1a: Ursaluna|brn|[from] item: Flame Orb
|upkeep
|
|t:|1756402657
|switch|p1b: Incineroar|Incineroar, L50, F|58/100
|-ability|p1b: Incineroar|Intimidate|boost
|-unboost|p2a: Talonflame|atk|1
|-unboost|p2b: Primarina|atk|1
|turn|4
|inactive|gunkqing has 30 seconds left.
|inactive|Tyrae has 30 seconds left.
|inactive|Tyrae has 20 seconds left.
|
|t:|1756402696
|switch|p2a: Rillaboom|Rillaboom, L50, F|100/100
|-fieldstart|move: Grassy Terrain|[from] ability: Grassy Surge|[of] p2a: Rillaboom
|move|p2b: Primarina|Protect|p2b: Primarina
|-singleturn|p2b: Primarina|Protect
|move|p1b: Incineroar|Fake Out|p2b: Primarina
|-activate|p2b: Primarina|move: Protect
|move|p1a: Ursaluna|Facade|p2a: Rillaboom
|-damage|p2a: Rillaboom|0 fnt
|faint|p2a: Rillaboom
|
|-weather|SunnyDay|[upkeep]
|-heal|p2b: Primarina|93/100|[from] Grassy Terrain
|-heal|p1b: Incineroar|64/100|[from] Grassy Terrain
|-damage|p1a: Ursaluna|94/100 brn|[from] brn
|upkeep
|inactive|Tyrae has 30 seconds left.
|
|t:|1756402726
|switch|p2a: Glimmora|Glimmora, L50, F|100/100
|turn|5
|inactive|Tyrae has 30 seconds left.
|inactive|Tyrae has 20 seconds left.
|inactive|Tyrae has 15 seconds left.
|
|t:|1756402770
|switch|p1b: Torkoal|Torkoal, L50, M, shiny|55/100
|-terastallize|p2b: Primarina|Dragon
|move|p2a: Glimmora|Meteor Beam||[still]
|-prepare|p2a: Glimmora|Meteor Beam
|-boost|p2a: Glimmora|spa|1
|-enditem|p2a: Glimmora|Power Herb
|-anim|p2a: Glimmora|Meteor Beam|p1a: Ursaluna|[miss]
|-miss|p2a: Glimmora|p1a: Ursaluna
|move|p2b: Primarina|Hyper Voice|p1b: Torkoal|[spread] p1a,p1b
|-supereffective|p1a: Ursaluna
|-supereffective|p1b: Torkoal
|-damage|p1a: Ursaluna|46/100 brn
|-damage|p1b: Torkoal|0 fnt
|faint|p1b: Torkoal
|move|p1a: Ursaluna|Facade|p2b: Primarina
|-damage|p2b: Primarina|0 fnt
|faint|p2b: Primarina
|
|-weather|none
|-heal|p1a: Ursaluna|52/100 brn|[from] Grassy Terrain
|-damage|p1a: Ursaluna|46/100 brn|[from] brn
|-sideend|p2: Tyrae|move: Tailwind
|upkeep
|
|t:|1756402789
|switch|p2b: Talonflame|Talonflame, L50, F|22/100
|switch|p1b: Incineroar|Incineroar, L50, F|64/100
|-ability|p1b: Incineroar|Intimidate|boost
|-unboost|p2a: Glimmora|atk|1
|-unboost|p2b: Talonflame|atk|1
|turn|6
|inactive|gunkqing has 30 seconds left.
|inactive|Tyrae has 30 seconds left.
|inactive|gunkqing has 20 seconds left.
|
|t:|1756402824
|move|p2a: Glimmora|Spiky Shield|p2a: Glimmora
|-singleturn|p2a: Glimmora|move: Protect
|move|p2b: Talonflame|Tailwind|p2b: Talonflame
|-sidestart|p2: Tyrae|move: Tailwind
|move|p1a: Ursaluna|Headlong Rush|p2a: Glimmora
|-activate|p2a: Glimmora|move: Protect
|-damage|p1a: Ursaluna|34/100 brn|[from] Spiky Shield|[of] p2a: Glimmora
|move|p1b: Incineroar|Knock Off|p2b: Talonflame
|-damage|p2b: Talonflame|0 fnt
|-enditem|p2b: Talonflame|Covert Cloak|[from] move: Knock Off|[of] p1b: Incineroar
|faint|p2b: Talonflame
|
|-heal|p1a: Ursaluna|40/100 brn|[from] Grassy Terrain
|-heal|p1b: Incineroar|70/100|[from] Grassy Terrain
|-damage|p1a: Ursaluna|34/100 brn|[from] brn
|-sideend|p1: gunkqing|move: Tailwind
|upkeep
|turn|7
|
|t:|1756402848
|move|p2a: Glimmora|Earth Power|p1b: Incineroar
|-supereffective|p1b: Incineroar
|-damage|p1b: Incineroar|7/100
|move|p1a: Ursaluna|Headlong Rush|p2a: Glimmora
|-supereffective|p2a: Glimmora
|-damage|p2a: Glimmora|0 fnt
|-unboost|p1a: Ursaluna|def|1
|-unboost|p1a: Ursaluna|spd|1
|-activate|p2a: Glimmora|ability: Toxic Debris
|-sidestart|p1: gunkqing|move: Toxic Spikes
|faint|p2a: Glimmora
|
|win|gunkqing
||gunkqing is ready for game 2.
|inactive|Tyrae has 30 seconds to confirm battle start!
