|j|☆homerj71
|j|☆neckbeard97
|html|homerj71neckbeard97    
|uhtml|bestof|Game 2 of a best-of-3
|t:|1783710513
|gametype|doubles
|player|p1|homerj71|1|1260
|player|p2|neckbeard97|cyrus|1130
|gen|9
|tier|[Gen 9 Champions] VGC 2026 Reg M-B (Bo3)
|rated|
|rule|Species Clause: Limit one of each Pokémon
|rule|Item Clause: Limit 1 of each item
|clearpoke
|poke|p1|Sneasler, L50, F|
|poke|p1|Sinistcha, L50|
|poke|p1|Incineroar, L50, F|
|poke|p1|Kingambit, L50, M|
|poke|p1|Delphox, L50, M|
|poke|p1|Floette-Eternal, L50, F|
|poke|p2|Incineroar, L50, M|
|poke|p2|Gengar, L50, M|
|poke|p2|Sneasler, L50, F|
|poke|p2|Basculegion, L50, M|
|poke|p2|Pelipper, L50, M|
|poke|p2|Starmie, L50|
|teampreview|4
|showteam|p1|Sneasler||FocusSash|PoisonTouch|QuickGuard,FakeOut,DireClaw,CloseCombat|Jolly||F|||50|]Sinistcha||OccaBerry|Hospitality|Protect,RagePowder,MatchaGotcha,TrickRoom|Relaxed|||||50|]Incineroar||SitrusBerry|Intimidate|FakeOut,FlareBlitz,ThroatChop,PartingShot|Careful||F|||50|]Kingambit||BlackGlasses|Defiant|KowtowCleave,SwordsDance,SuckerPunch,Protect|Adamant||M|||50|]Delphox||Delphoxite|Blaze|Protect,NastyPlot,HeatWave,Psyshock|Timid||M|||50|]Floette-Eternal||Floettite|FlowerVeil|Moonblast,CalmMind,Protect,DazzlingGleam|Bold||F|||50|
|showteam|p2|Incineroar||SitrusBerry|Intimidate|Protect,PartingShot,FakeOut,WillOWisp|Careful||M|||50|]Gengar||Gengarite|CursedBody|Protect,Disable,SludgeBomb,ShadowBall|Timid||M|||50|]Sneasler||WhiteHerb|Unburden|DireClaw,Protect,FakeOut,CloseCombat|Adamant||F|||50|]Basculegion||ChoiceScarf|Adaptability|LastRespects,WaveCrash,AquaJet,Liquidation|Jolly||M|||50|]Pelipper||FocusSash|Drizzle|Tailwind,WideGuard,Protect,Hurricane|Bold||M|||50|]Starmie||Starminite|NaturalCure|BulkUp,Protect,PsychoCut,Waterfall|Jolly|||||50|
|inactive|Battle timer is ON: inactive players will automatically lose when time's up. (requested by homerj71)
|
|t:|1783710528
|teamsize|p1|4
|teamsize|p2|4
|start
|switch|p1a: Delphox|Delphox, L50, M|100/100
|switch|p1b: Incineroar|Incineroar, L50, F|100/100
|switch|p2a: Sneasler|Sneasler, L50, F|100/100
|switch|p2b: Starmie|Starmie, L50|100/100
|-ability|p1b: Incineroar|Intimidate|boost
|-unboost|p2a: Sneasler|atk|1
|-unboost|p2b: Starmie|atk|1
|-enditem|p2a: Sneasler|White Herb
|-clearnegativeboost|p2a: Sneasler|[silent]
|turn|1
|inactive|neckbeard97 has 30 seconds left.
|inactive|neckbeard97 has 20 seconds left.
|inactive|neckbeard97 has 15 seconds left.
|inactive|neckbeard97 has 10 seconds left.
|
|t:|1783710574
|switch|p2b: Basculegion|Basculegion, L50, M|100/100
|switch|p1b: Sneasler|Sneasler, L50, F|100/100
|detailschange|p1a: Delphox|Delphox-Mega, L50, M
|-mega|p1a: Delphox|Delphox|Delphoxite
|move|p1a: Delphox|Protect|p1a: Delphox
|-singleturn|p1a: Delphox|Protect
|move|p2a: Sneasler|Fake Out|p1a: Delphox
|-activate|p1a: Delphox|move: Protect
|
|upkeep
|turn|2
|
|t:|1783710597
|switch|p1a: Incineroar|Incineroar, L50, F|100/100
|-ability|p1a: Incineroar|Intimidate|boost
|-unboost|p2a: Sneasler|atk|1
|-unboost|p2b: Basculegion|atk|1
|move|p2a: Sneasler|Dire Claw|p1a: Incineroar
|-damage|p1a: Incineroar|73/100
|move|p2b: Basculegion|Wave Crash|p1a: Incineroar
|-supereffective|p1a: Incineroar|1
|-damage|p1a: Incineroar|0 fnt
|faint|p1a: Incineroar
|-damage|p2b: Basculegion|75/100|[from] Recoil
|move|p1b: Sneasler|Dire Claw|p2b: Basculegion
|-resisted|p2b: Basculegion|1
|-damage|p2b: Basculegion|49/100
|
|upkeep
|
|t:|1783710612
|switch|p1a: Delphox|Delphox-Mega, L50, M|100/100
|turn|3
|
|t:|1783710622
|switch|p2b: Starmie|Starmie, L50|100/100
|switch|p1b: Sinistcha|Sinistcha, L50|100/100
|move|p1a: Delphox|Protect|p1a: Delphox
|-singleturn|p1a: Delphox|Protect
|move|p2a: Sneasler|Dire Claw|p1a: Delphox
|-activate|p1a: Delphox|move: Protect
|
|upkeep
|turn|4
|
|t:|1783710637
|switch|p1a: Sneasler|Sneasler, L50, F|100/100
|detailschange|p2b: Starmie|Starmie-Mega, L50
|-mega|p2b: Starmie|Starmie|Starminite
|move|p2a: Sneasler|Dire Claw|p1b: Sinistcha
|-damage|p1b: Sinistcha|72/100
|move|p2b: Starmie|Bulk Up|p2b: Starmie
|-boost|p2b: Starmie|atk|1
|-boost|p2b: Starmie|def|1
|move|p1b: Sinistcha|Matcha Gotcha|p2a: Sneasler|[spread] p2a,p2b
|-resisted|p2a: Sneasler|1
|-supereffective|p2b: Starmie|1
|-damage|p2a: Sneasler|83/100
|-heal|p1b: Sinistcha|80/100|[from] drain|[of] p2a: Sneasler
|-damage|p2b: Starmie|38/100
|-heal|p1b: Sinistcha|100/100|[from] drain|[of] p2b: Starmie
|-status|p2b: Starmie|brn
|
|-damage|p2b: Starmie|32/100 brn|[from] brn
|upkeep
|turn|5
|
|t:|1783710657
|move|p2b: Starmie|Protect|p2b: Starmie
|-singleturn|p2b: Starmie|Protect
|move|p1a: Sneasler|Fake Out|p2a: Sneasler
|-damage|p2a: Sneasler|59/100
|cant|p2a: Sneasler|flinch
|move|p1b: Sinistcha|Matcha Gotcha|p2b: Starmie|[spread] p2a
|-activate|p2b: Starmie|move: Protect
|-resisted|p2a: Sneasler|1
|-damage|p2a: Sneasler|44/100
|
|-damage|p2b: Starmie|27/100 brn|[from] brn
|upkeep
|turn|6
|inactive|homerj71 has 30 seconds left.
|
|t:|1783710685
|switch|p2a: Pelipper|Pelipper, L50, M|100/100
|-weather|RainDance|[from] ability: Drizzle|[of] p2a: Pelipper
|move|p1b: Sinistcha|Rage Powder|p1b: Sinistcha
|-singleturn|p1b: Sinistcha|move: Rage Powder
|move|p1a: Sneasler|Dire Claw|p2a: Pelipper
|-damage|p2a: Pelipper|67/100
|-status|p2a: Pelipper|slp
|move|p2b: Starmie|Psycho Cut|p1b: Sinistcha
|-damage|p1b: Sinistcha|66/100
|
|-weather|RainDance|[upkeep]
|-damage|p2b: Starmie|21/100 brn|[from] brn
|upkeep
|turn|7
|inactive|homerj71 has 30 seconds left.
|inactive|neckbeard97 has 30 seconds left.
|
|t:|1783710719
|switch|p1a: Delphox|Delphox-Mega, L50, M|100/100
|move|p2b: Starmie|Psycho Cut|p1b: Sinistcha
|-damage|p1b: Sinistcha|31/100
|cant|p2a: Pelipper|slp
|move|p1b: Sinistcha|Matcha Gotcha|p2b: Starmie|[spread] p2a,p2b
|-supereffective|p2b: Starmie|1
|-damage|p2a: Pelipper|32/100 slp
|-heal|p1b: Sinistcha|48/100|[from] drain|[of] p2a: Pelipper
|-damage|p2b: Starmie|0 fnt
|-heal|p1b: Sinistcha|56/100|[from] drain|[of] p2b: Starmie
|faint|p2b: Starmie
|
|-weather|RainDance|[upkeep]
|upkeep
|
|t:|1783710738
|switch|p2b: Sneasler|Sneasler, L50, F|44/100
|turn|8
|
|t:|1783710753
|switch|p1b: Sneasler|Sneasler, L50, F|100/100
|move|p1a: Delphox|Protect|p1a: Delphox
|-singleturn|p1a: Delphox|Protect
|move|p2b: Sneasler|Dire Claw|p1b: Sneasler
|-resisted|p1b: Sneasler|1
|-damage|p1b: Sneasler|61/100
|-status|p1b: Sneasler|par
|cant|p2a: Pelipper|slp
|
|-weather|RainDance|[upkeep]
|upkeep
|turn|9
|
|t:|1783710775
|move|p2b: Sneasler|Protect|p2b: Sneasler
|-singleturn|p2b: Sneasler|Protect
|move|p1b: Sneasler|Fake Out|p2b: Sneasler
|-activate|p2b: Sneasler|move: Protect
|move|p1a: Delphox|Nasty Plot|p1a: Delphox
|-boost|p1a: Delphox|spa|2
|-curestatus|p2a: Pelipper|slp|[msg]
|move|p2a: Pelipper|Tailwind|p2a: Pelipper
|-sidestart|p2: neckbeard97|move: Tailwind
|
|-weather|RainDance|[upkeep]
|upkeep
|turn|10
|inactive|neckbeard97 has 30 seconds left.
|
|t:|1783710803
|move|p2b: Sneasler|Dire Claw|p1a: Delphox
|-damage|p1a: Delphox|41/100
|move|p1a: Delphox|Heat Wave|p2a: Pelipper|[spread] p2a
|-miss|p1a: Delphox|p2b: Sneasler
|-resisted|p2a: Pelipper|1
|-damage|p2a: Pelipper|3/100
|-status|p2a: Pelipper|brn
|move|p2a: Pelipper|Hurricane|p1b: Sneasler
|-supereffective|p1b: Sneasler|1
|-damage|p1b: Sneasler|0 fnt
|faint|p1b: Sneasler
|
|-weather|none
|-damage|p2a: Pelipper|0 fnt|[from] brn
|faint|p2a: Pelipper
|upkeep
|
|t:|1783710817
|switch|p1b: Sinistcha|Sinistcha, L50|56/100
|switch|p2a: Basculegion|Basculegion, L50, M|49/100
|-heal|p1a: Delphox|66/100|[from] ability: Hospitality|[of] p1b: Sinistcha
|turn|11
|
|t:|1783710831
|move|p1b: Sinistcha|Rage Powder|p1b: Sinistcha
|-singleturn|p1b: Sinistcha|move: Rage Powder
|move|p2a: Basculegion|Last Respects|p1b: Sinistcha
|-supereffective|p1b: Sinistcha|1
|-damage|p1b: Sinistcha|0 fnt
|faint|p1b: Sinistcha
|move|p2b: Sneasler|Dire Claw|p1a: Delphox
|-damage|p1a: Delphox|1/100
|move|p1a: Delphox|Psyshock|p2a: Basculegion
|-damage|p2a: Basculegion|0 fnt
|faint|p2a: Basculegion
|
|upkeep
|turn|12
|
|t:|1783710844
|move|p1a: Delphox|Protect|p1a: Delphox
|-singleturn|p1a: Delphox|Protect
|move|p2b: Sneasler|Dire Claw|p1a: Delphox
|-activate|p1a: Delphox|move: Protect
|
|-sideend|p2: neckbeard97|move: Tailwind
|upkeep
|turn|13
|
|t:|1783710851
|move|p1a: Delphox|Psyshock|p2b: Sneasler
|-supereffective|p2b: Sneasler|2
|-damage|p2b: Sneasler|0 fnt
|faint|p2b: Sneasler
|
|win|homerj71
