|j|☆thaduck
|j|☆gabblegoat
|html|thaduckgabblegoat    
|uhtml|bestof|Game 2 of a best-of-3
|t:|1783517761
|gametype|doubles
|player|p1|thaduck|morty|1203
|player|p2|gabblegoat|flannery|1228
|gen|9
|tier|[Gen 9 Champions] VGC 2026 Reg M-B (Bo3)
|rated|
|rule|Species Clause: Limit one of each Pokémon
|rule|Item Clause: Limit 1 of each item
|clearpoke
|poke|p1|Hydreigon, L50, M|
|poke|p1|Gholdengo, L50|
|poke|p1|Garchomp, L50, M|
|poke|p1|Charizard, L50, M|
|poke|p1|Incineroar, L50, M|
|poke|p1|Venusaur, L50, M|
|poke|p2|Grimmsnarl, L50, M|
|poke|p2|Swampert, L50, M|
|poke|p2|Pelipper, L50, M|
|poke|p2|Archaludon, L50, M|
|poke|p2|Sinistcha, L50|
|poke|p2|Mawile, L50, M|
|teampreview|4
|showteam|p1|Hydreigon||FocusSash|Levitate|DracoMeteor,Snarl,Tailwind,Protect|Timid||M|||50|]Gholdengo||LifeOrb|GoodasGold|MakeItRain,Protect,ShadowBall,NastyPlot|Timid|||||50|]Garchomp||ChoiceScarf|RoughSkin|DragonClaw,Earthquake,PoisonJab,RockSlide|Adamant||M|||50|]Charizard||CharizarditeY|Blaze|HeatWave,WeatherBall,SolarBeam,Protect|Modest||M|||50|]Incineroar||SitrusBerry|Intimidate|FlareBlitz,FakeOut,PartingShot,Taunt|Impish||M|||50|]Venusaur||Venusaurite|Chlorophyll|SludgeBomb,GigaDrain,EarthPower,Protect|Modest||M|||50|
|showteam|p2|Grimmsnarl||LightClay|Prankster|FoulPlay,PartingShot,Reflect,LightScreen|Calm||M|||50|]Swampert||Swampertite|Torrent|WaveCrash,Earthquake,IcePunch,Protect|Adamant||M|||50|]Pelipper||SitrusBerry|Drizzle|Hurricane,WeatherBall,Tailwind,WideGuard|Modest||M|||50|]Archaludon||Leftovers|Stamina|ElectroShot,DragonPulse,FlashCannon,Protect|Modest||M|||50|]Sinistcha||CobaBerry|Hospitality|MatchaGotcha,RagePowder,TrickRoom,Protect|Relaxed|||||50|]Mawile||Mawilite|Intimidate|PlayRough,SuckerPunch,SwordsDance,Protect|Adamant||M|||50|
|inactive|Battle timer is ON: inactive players will automatically lose when time's up. (requested by gabblegoat)
|c|☆gabblegoat|mega venusaur is justa  bad matchup
|inactive|thaduck has 60 seconds left.
|c|☆gabblegoat|oooh sho thats what metagross was for
|
|t:|1783517804
|teamsize|p1|4
|teamsize|p2|4
|start
|switch|p1a: Venusaur|Venusaur, L50, M|100/100
|switch|p1b: Hydreigon|Hydreigon, L50, M|100/100
|switch|p2a: Pelipper|Pelipper, L50, M|100/100
|switch|p2b: Grimmsnarl|Grimmsnarl, L50, M|100/100
|-weather|RainDance|[from] ability: Drizzle|[of] p2a: Pelipper
|turn|1
|
|t:|1783517822
|detailschange|p1a: Venusaur|Venusaur-Mega, L50, M
|-mega|p1a: Venusaur|Venusaur|Venusaurite
|move|p2b: Grimmsnarl|Parting Shot|p1a: Venusaur
|-unboost|p1a: Venusaur|atk|1
|-unboost|p1a: Venusaur|spa|1
|
|t:|1783517827
|switch|p2b: Mawile|Mawile, L50, M|100/100|[from] Parting Shot
|-ability|p2b: Mawile|Intimidate|boost
|-unboost|p1a: Venusaur|atk|1
|-unboost|p1b: Hydreigon|atk|1
|move|p1b: Hydreigon|Snarl|p2b: Mawile|[spread] p2a,p2b
|-resisted|p2b: Mawile|1
|-damage|p2a: Pelipper|72/100
|-damage|p2b: Mawile|80/100
|-unboost|p2a: Pelipper|spa|1
|-unboost|p2b: Mawile|spa|1
|move|p1a: Venusaur|Sludge Bomb|p2b: Mawile
|-immune|p2b: Mawile
|move|p2a: Pelipper|Tailwind|p2a: Pelipper
|-sidestart|p2: gabblegoat|move: Tailwind
|
|-weather|RainDance|[upkeep]
|upkeep
|turn|2
|c|☆thaduck|it is but its still a bad matchup with metagross
|c|☆gabblegoat|yeah i know
|
|t:|1783517850
|detailschange|p2b: Mawile|Mawile-Mega, L50, M
|-mega|p2b: Mawile|Mawile|Mawilite
|move|p1b: Hydreigon|Protect|p1b: Hydreigon
|-singleturn|p1b: Hydreigon|Protect
|move|p2a: Pelipper|Weather Ball|p1b: Hydreigon
|-activate|p1b: Hydreigon|move: Protect
|move|p2b: Mawile|Play Rough|p1b: Hydreigon
|-activate|p1b: Hydreigon|move: Protect
|move|p1a: Venusaur|Earth Power|p2b: Mawile
|-supereffective|p2b: Mawile|1
|-damage|p2b: Mawile|32/100
|
|-weather|RainDance|[upkeep]
|upkeep
|turn|3
|
|t:|1783517867
|move|p2b: Mawile|Sucker Punch|p1a: Venusaur
|-damage|p1a: Venusaur|67/100
|move|p2a: Pelipper|Hurricane|p1a: Venusaur
|-supereffective|p1a: Venusaur|1
|-damage|p1a: Venusaur|18/100
|move|p1b: Hydreigon|Tailwind|p1b: Hydreigon
|-sidestart|p1: thaduck|move: Tailwind
|move|p1a: Venusaur|Earth Power|p2b: Mawile
|-supereffective|p2b: Mawile|1
|-damage|p2b: Mawile|0 fnt
|faint|p2b: Mawile
|
|-weather|RainDance|[upkeep]
|upkeep
|
|t:|1783517874
|switch|p2b: Archaludon|Archaludon, L50, M|100/100
|turn|4
|
|t:|1783517892
|switch|p2a: Grimmsnarl|Grimmsnarl, L50, M|100/100
|move|p1b: Hydreigon|Snarl|p2a: Grimmsnarl|[spread] p2a,p2b
|-resisted|p2a: Grimmsnarl|2
|-damage|p2a: Grimmsnarl|95/100
|-damage|p2b: Archaludon|79/100
|-unboost|p2a: Grimmsnarl|spa|1
|-unboost|p2b: Archaludon|spa|1
|-ability|p2b: Archaludon|Stamina|boost
|-boost|p2b: Archaludon|def|1
|move|p1a: Venusaur|Sludge Bomb|p2a: Grimmsnarl
|-supereffective|p2a: Grimmsnarl|1
|-damage|p2a: Grimmsnarl|40/100
|move|p2b: Archaludon|Electro Shot||[still]
|-prepare|p2b: Archaludon|Electro Shot
|-boost|p2b: Archaludon|spa|1
|-anim|p2b: Archaludon|Electro Shot|p1b: Hydreigon
|-resisted|p1b: Hydreigon|1
|-damage|p1b: Hydreigon|76/100
|
|-weather|RainDance|[upkeep]
|-heal|p2b: Archaludon|85/100|[from] item: Leftovers
|-sideend|p2: gabblegoat|move: Tailwind
|upkeep
|turn|5
|
|t:|1783517912
|move|p2a: Grimmsnarl|Parting Shot|p1a: Venusaur
|-unboost|p1a: Venusaur|atk|1
|-unboost|p1a: Venusaur|spa|1
|
|t:|1783517915
|switch|p2a: Pelipper|Pelipper, L50, M|72/100|[from] Parting Shot
|move|p1b: Hydreigon|Draco Meteor|p2b: Archaludon
|-damage|p2b: Archaludon|25/100
|-unboost|p1b: Hydreigon|spa|2
|-ability|p2b: Archaludon|Stamina|boost
|-boost|p2b: Archaludon|def|1
|move|p1a: Venusaur|Earth Power|p2b: Archaludon
|-supereffective|p2b: Archaludon|1
|-damage|p2b: Archaludon|0 fnt
|faint|p2b: Archaludon
|
|-weather|none
|upkeep
|
|t:|1783517917
|switch|p2b: Grimmsnarl|Grimmsnarl, L50, M|40/100
|turn|6
|
|t:|1783517936
|move|p1b: Hydreigon|Snarl|p2b: Grimmsnarl|[spread] p2a,p2b
|-resisted|p2b: Grimmsnarl|2
|-damage|p2a: Pelipper|59/100
|-damage|p2b: Grimmsnarl|38/100
|-unboost|p2a: Pelipper|spa|1
|-unboost|p2b: Grimmsnarl|spa|1
|move|p1a: Venusaur|Sludge Bomb|p2b: Grimmsnarl
|-supereffective|p2b: Grimmsnarl|1
|-damage|p2b: Grimmsnarl|0 fnt
|faint|p2b: Grimmsnarl
|move|p2a: Pelipper|Hurricane|p1a: Venusaur
|-supereffective|p1a: Venusaur|1
|-damage|p1a: Venusaur|0 fnt
|faint|p1a: Venusaur
|
|-sideend|p1: thaduck|move: Tailwind
|upkeep
|
|t:|1783517947
|switch|p1a: Garchomp|Garchomp, L50, M|100/100
|turn|7
|c|☆gabblegoat|i just have pelipper for venu so yeah
|c|☆gabblegoat|bad matchup
|
|t:|1783517963
|move|p1a: Garchomp|Dragon Claw|p2a: Pelipper
|-damage|p2a: Pelipper|10/100
|-enditem|p2a: Pelipper|Sitrus Berry|[eat]
|-heal|p2a: Pelipper|35/100|[from] item: Sitrus Berry
|move|p1b: Hydreigon|Draco Meteor|p2a: Pelipper
|-damage|p2a: Pelipper|0 fnt
|-unboost|p1b: Hydreigon|spa|2
|faint|p2a: Pelipper
|
|win|thaduck
|raw|thaduck's rating: 1203 → 1230(+27 for winning)
|raw|gabblegoat's rating: 1228 → 1201(-27 for losing)
|c|☆thaduck|gg
|c|☆gabblegoat|gg
|l|☆gabblegoat
|player|p2|
