|j|☆dotKuro
|j|☆KKirby
|html|dotKuroKKirby    
|uhtml|bestof|Game 3 of a best-of-3
|t:|1755437549
|gametype|doubles
|player|p1|dotKuro|266|1210
|player|p2|KKirby|102|1287
|gen|9
|tier|[Gen 9] VGC 2025 Reg H (Bo3)
|rated|
|rule|Species Clause: Limit one of each Pokémon
|rule|Item Clause: Limit 1 of each item
|clearpoke
|poke|p1|Garchomp, L50, F|
|poke|p1|Tyranitar, L50, F|
|poke|p1|Corviknight, L50, F|
|poke|p1|Gholdengo, L50|
|poke|p1|Kilowattrel, L50, M|
|poke|p1|Dragapult, L50, M|
|poke|p2|Whimsicott, L50, M|
|poke|p2|Gholdengo, L50|
|poke|p2|Rillaboom, L50, F|
|poke|p2|Arcanine-Hisui, L50, M|
|poke|p2|Ursaluna-Bloodmoon, L50, M|
|poke|p2|Dragapult, L50, M|
|teampreview|4
|showteam|p1|Garchomp||Leftovers|SandVeil|Earthquake,DragonClaw,Substitute,Protect|||F|||50|,,,,,Steel]Tyranitar||AssaultVest|SandStream|KnockOff,RockSlide,LowKick,TeraBlast|||F|||50|,,,,,Grass]Corviknight||SitrusBerry|MirrorArmor|BraveBird,BodyPress,Tailwind,Roost|||F|||50|,,,,,Fighting]Gholdengo||ChoiceSpecs|GoodasGold|MakeItRain,ShadowBall,Trick,Protect||||||50|,,,,,Steel]Kilowattrel||FocusSash|Competitive|AirSlash,Thunderbolt,Protect,Tailwind|||M|||50|,,,,,Ghost]Dragapult||LifeOrb|Infiltrator|DracoMeteor,ShadowBall,Flamethrower,Protect|||M|||50|,,,,,Stellar
|showteam|p2|Whimsicott||CovertCloak|Prankster|Tailwind,LightScreen,Encore,Moonblast|||M|||50|,,,,,Steel]Gholdengo||GrassySeed|GoodasGold|NastyPlot,MakeItRain,ShadowBall,Protect||||||50|,,,,,Water]Rillaboom||AssaultVest|GrassySurge|DrumBeating,GrassyGlide,Uturn,FakeOut|||F|||50|,,,,,Fire]Arcanine-Hisui||SafetyGoggles|RockHead|FlareBlitz,RockSlide,ExtremeSpeed,Protect|||M|||50|,,,,,Fairy]Ursaluna-Bloodmoon||LifeOrb|MindsEye|BloodMoon,HyperVoice,EarthPower,Protect|||M|||50|,,,,,Water]Dragapult||ChoiceBand|ClearBody|DragonDarts,PhantomForce,Outrage,Uturn|||M|||50|,,,,,Dragon
|inactive|Battle timer is ON: inactive players will automatically lose when time's up. (requested by KKirby)
|
|t:|1755437621
|teamsize|p1|4
|teamsize|p2|4
|start
|switch|p1a: Kilowattrel|Kilowattrel, L50, M|100/100
|switch|p1b: Gholdengo|Gholdengo, L50|100/100
|switch|p2a: Whimsicott|Whimsicott, L50, M|100/100
|switch|p2b: Arcanine|Arcanine-Hisui, L50, M|100/100
|turn|1
|
|t:|1755437642
|move|p2b: Arcanine|Protect|p2b: Arcanine
|-singleturn|p2b: Arcanine|Protect
|move|p2a: Whimsicott|Tailwind|p2a: Whimsicott
|-sidestart|p2: KKirby|move: Tailwind
|move|p1a: Kilowattrel|Tailwind|p1a: Kilowattrel
|-sidestart|p1: dotKuro|move: Tailwind
|move|p1b: Gholdengo|Make It Rain|p2a: Whimsicott|[spread] p2a
|-activate|p2b: Arcanine|move: Protect
|-supereffective|p2a: Whimsicott
|-damage|p2a: Whimsicott|0 fnt
|-unboost|p1b: Gholdengo|spa|1
|faint|p2a: Whimsicott
|
|upkeep
|
|t:|1755437654
|switch|p2a: Rillaboom|Rillaboom, L50, F|100/100
|-fieldstart|move: Grassy Terrain|[from] ability: Grassy Surge|[of] p2a: Rillaboom
|turn|2
|
|t:|1755437666
|-terastallize|p1a: Kilowattrel|Ghost
|move|p1a: Kilowattrel|Thunderbolt|p2b: Arcanine
|-damage|p2b: Arcanine|52/100
|move|p2a: Rillaboom|Drum Beating|p1b: Gholdengo
|-resisted|p1b: Gholdengo
|-damage|p1b: Gholdengo|74/100
|-unboost|p1b: Gholdengo|spe|1
|move|p2b: Arcanine|Flare Blitz|p1b: Gholdengo
|-supereffective|p1b: Gholdengo
|-damage|p1b: Gholdengo|0 fnt
|faint|p1b: Gholdengo
|
|-heal|p2b: Arcanine|58/100|[from] Grassy Terrain
|upkeep
|
|t:|1755437681
|switch|p1b: Dragapult|Dragapult, L50, M|100/100
|turn|3
|
|t:|1755437701
|move|p1b: Dragapult|Protect|p1b: Dragapult
|-singleturn|p1b: Dragapult|Protect
|move|p2b: Arcanine|Protect|p2b: Arcanine
|-singleturn|p2b: Arcanine|Protect
|move|p1a: Kilowattrel|Air Slash|p2a: Rillaboom
|-supereffective|p2a: Rillaboom
|-damage|p2a: Rillaboom|41/100
|cant|p2a: Rillaboom|flinch
|
|-heal|p2a: Rillaboom|47/100|[from] Grassy Terrain
|-heal|p2b: Arcanine|64/100|[from] Grassy Terrain
|upkeep
|turn|4
|
|t:|1755437725
|move|p2a: Rillaboom|Grassy Glide|p1a: Kilowattrel
|-damage|p1a: Kilowattrel|38/100
|move|p1a: Kilowattrel|Air Slash|p2a: Rillaboom
|-supereffective|p2a: Rillaboom
|-damage|p2a: Rillaboom|0 fnt
|faint|p2a: Rillaboom
|move|p1b: Dragapult|Shadow Ball|p2b: Arcanine
|-crit|p2b: Arcanine
|-damage|p2b: Arcanine|0 fnt
|faint|p2b: Arcanine
|-damage|p1b: Dragapult|91/100|[from] item: Life Orb
|
|-heal|p1b: Dragapult|97/100|[from] Grassy Terrain
|-heal|p1a: Kilowattrel|44/100|[from] Grassy Terrain
|-sideend|p1: dotKuro|move: Tailwind
|-sideend|p2: KKirby|move: Tailwind
|upkeep
|
|t:|1755437737
|switch|p2b: Gholdengo|Gholdengo, L50|100/100
|-enditem|p2b: Gholdengo|Grassy Seed
|-boost|p2b: Gholdengo|def|1|[from] item: Grassy Seed
|turn|5
|-message|KKirby forfeited.
|
|win|dotKuro
|raw|dotKuro's rating: 1210 → 1240(+30 for winning)
|raw|KKirby's rating: 1287 → 1257(-30 for losing)
