|j|☆tyho45
|j|☆dean44
|html|tyho45dean44    
|uhtml|bestof|Game 3 of a best-of-3
|t:|1784479553
|gametype|doubles
|player|p1|tyho45|n|1105
|player|p2|dean44|2|1086
|gen|9
|tier|[Gen 9 Champions] VGC 2026 Reg M-B (Bo3)
|rated|
|rule|Species Clause: Limit one of each Pokémon
|rule|Item Clause: Limit 1 of each item
|clearpoke
|poke|p1|Araquanid, L50, M|
|poke|p1|Farigiraf, L50, M, shiny|
|poke|p1|Torkoal, L50, M, shiny|
|poke|p1|Mawile, L50, F, shiny|
|poke|p1|Kingambit, L50, M|
|poke|p1|Staraptor, L50, F, shiny|
|poke|p2|Pelipper, L50, M|
|poke|p2|Meganium, L50, M|
|poke|p2|Sneasler, L50, M|
|poke|p2|Farigiraf, L50, F|
|poke|p2|Swampert, L50, M|
|poke|p2|Archaludon, L50, M|
|teampreview|4
|showteam|p1|Araquanid||MysticWater|WaterBubble|Liquidation,LeechLife,Protect,WideGuard|Adamant||M|||50|]Farigiraf||SitrusBerry|ArmorTail|TrickRoom,Psychic,Protect,HelpingHand|Bold||M|||50|]Torkoal||Charcoal|Drought|Eruption,HeatWave,Protect,EarthPower|Modest||M|||50|]Mawile||Mawilite|HyperCutter|RockSlide,Protect,PlayRough,IronHead|Adamant||F|||50|]Kingambit||BlackGlasses|Defiant|KowtowCleave,SuckerPunch,LowKick,Protect|Adamant||M|||50|]Staraptor||ChoiceScarf|Intimidate|FinalGambit,BraveBird,CloseCombat,Uturn|Jolly||F|||50|
|showteam|p2|Pelipper||DampRock|Drizzle|Hurricane,WeatherBall,WideGuard,Tailwind|Modest||M|||50|]Meganium||Meganiumite|LeafGuard|SolarBeam,DazzlingGleam,Protect,WeatherBall|Modest||M|||50|]Sneasler||WhiteHerb|PoisonTouch|DireClaw,FakeOut,CloseCombat,Protect|Jolly||M|||50|]Farigiraf||LumBerry|ArmorTail|TrickRoom,HelpingHand,HyperVoice,PsychicNoise|Quiet||F|||50|]Swampert||Swampertite|Damp|WaveCrash,Earthquake,FlipTurn,RockSlide|Adamant||M|||50|]Archaludon||Leftovers|Stamina|ElectroShot,DragonPulse,FlashCannon,Protect|Timid||M|||50|
|inactive|Battle timer is ON: inactive players will automatically lose when time's up. (requested by tyho45)
|
|t:|1784479579
|teamsize|p1|4
|teamsize|p2|4
|start
|switch|p1a: Farigiraf|Farigiraf, L50, M, shiny|100/100
|switch|p1b: Staraptor|Staraptor, L50, F, shiny|100/100
|switch|p2a: Meganium|Meganium, L50, M|100/100
|switch|p2b: Farigiraf|Farigiraf, L50, F|100/100
|-ability|p1b: Staraptor|Intimidate|boost
|-unboost|p2a: Meganium|atk|1
|-unboost|p2b: Farigiraf|atk|1
|turn|1
|inactive|tyho45 has 30 seconds left.
|
|t:|1784479607
|move|p1a: Farigiraf|Helping Hand|p1b: Staraptor
|-singleturn|p1b: Staraptor|Helping Hand|[of] p1a: Farigiraf
|move|p2a: Meganium|Protect|p2a: Meganium
|-singleturn|p2a: Meganium|Protect
|move|p1b: Staraptor|Brave Bird|p2a: Meganium
|-activate|p2a: Meganium|move: Protect
|move|p2b: Farigiraf|Trick Room|p2b: Farigiraf
|-fieldstart|move: Trick Room|[of] p2b: Farigiraf
|
|upkeep
|turn|2
|
|t:|1784479625
|detailschange|p2a: Meganium|Meganium-Mega, L50, M
|-mega|p2a: Meganium|Meganium|Meganiumite
|move|p2b: Farigiraf|Hyper Voice|p1a: Farigiraf|[spread] p1a,p1b
|-damage|p1a: Farigiraf|64/100
|-damage|p1b: Staraptor|55/100
|move|p2a: Meganium|Weather Ball|p1b: Staraptor
|-crit|p1b: Staraptor
|-damage|p1b: Staraptor|0 fnt
|faint|p1b: Staraptor
|move|p1a: Farigiraf|Trick Room|p1a: Farigiraf
|-fieldend|move: Trick Room
|
|upkeep
|
|t:|1784479632
|switch|p1b: Torkoal|Torkoal, L50, M, shiny|100/100
|-weather|SunnyDay|[from] ability: Drought|[of] p1b: Torkoal
|turn|3
|
|t:|1784479641
|move|p2a: Meganium|Protect|p2a: Meganium
|-singleturn|p2a: Meganium|Protect
|move|p1a: Farigiraf|Protect|p1a: Farigiraf
|-singleturn|p1a: Farigiraf|Protect
|move|p1b: Torkoal|Protect|p1b: Torkoal
|-singleturn|p1b: Torkoal|Protect
|move|p2b: Farigiraf|Hyper Voice|p1a: Farigiraf|[spread] 
|-activate|p1a: Farigiraf|move: Protect
|-activate|p1b: Torkoal|move: Protect
|
|-weather|SunnyDay|[upkeep]
|upkeep
|turn|4
|
|t:|1784479654
|switch|p2a: Pelipper|Pelipper, L50, M|100/100
|-weather|RainDance|[from] ability: Drizzle|[of] p2a: Pelipper
|move|p1a: Farigiraf|Helping Hand|p1b: Torkoal
|-singleturn|p1b: Torkoal|Helping Hand|[of] p1a: Farigiraf
|move|p2b: Farigiraf|Hyper Voice|p1b: Torkoal|[spread] p1a,p1b
|-damage|p1a: Farigiraf|29/100
|-damage|p1b: Torkoal|58/100
|-enditem|p1a: Farigiraf|Sitrus Berry|[eat]
|-heal|p1a: Farigiraf|54/100|[from] item: Sitrus Berry
|move|p1b: Torkoal|Heat Wave|p2a: Pelipper|[spread] p2b
|-miss|p1b: Torkoal|p2a: Pelipper
|-damage|p2b: Farigiraf|73/100
|
|-weather|RainDance|[upkeep]
|upkeep
|turn|5
|
|t:|1784479668
|switch|p1b: Kingambit|Kingambit, L50, M|100/100
|move|p1a: Farigiraf|Protect|p1a: Farigiraf
|-singleturn|p1a: Farigiraf|Protect
|move|p2a: Pelipper|Weather Ball|p1b: Kingambit
|-damage|p1b: Kingambit|30/100
|move|p2b: Farigiraf|Hyper Voice|p1a: Farigiraf|[spread] p1b
|-activate|p1a: Farigiraf|move: Protect
|-resisted|p1b: Kingambit|1
|-damage|p1b: Kingambit|13/100
|
|-weather|RainDance|[upkeep]
|upkeep
|turn|6
|-message|tyho45 forfeited.
|
|win|dean44
|raw|tyho45's rating: 1105 → 1079(-26 for losing)
|raw|dean44's rating: 1086 → 1115(+29 for winning)
|l|☆tyho45
|player|p1|
|l|☆dean44
|player|p2|
|j|☆dean44
|player|p2|dean44|2|
