|j|☆bluefox08
|j|☆Pever3ll
|html|bluefox08Pever3ll    
|uhtml|bestof|Game 3 of a best-of-3
|t:|1785696293
|gametype|doubles
|player|p1|bluefox08|hugh|
|player|p2|Pever3ll|miku-flying|
|gen|9
|tier|[Gen 9 Champions] VGC 2026 Reg M-B (Bo3)
|rule|Species Clause: Limit one of each Pokémon
|rule|Item Clause: Limit 1 of each item
|clearpoke
|poke|p1|Floette-Eternal, L50, F|
|poke|p1|Lucario, L50, M|
|poke|p1|Decidueye, L50, M|
|poke|p1|Talonflame, L50, M|
|poke|p1|Rotom-Wash, L50|
|poke|p1|Garchomp, L50, M|
|poke|p2|Tauros, L50, M|
|poke|p2|Vivillon-Pokeball, L50, M|
|poke|p2|Archaludon, L50, F|
|poke|p2|Swampert, L50, F|
|poke|p2|Politoed, L50, M|
|poke|p2|Meganium, L50, M|
|teampreview|4
|showteam|p1|Floette-Eternal||Floettite|FlowerVeil|DazzlingGleam,Moonblast,Protect,GigaDrain|Timid||F|||50|]Lucario||Lucarionite|Steadfast|ExtremeSpeed,CloseCombat,BulletPunch,Protect|Jolly||M|||50|]Decidueye||Leftovers|Overgrow|LeafBlade,Tailwind,SpiritShackle,Protect|Adamant||M|||50|]Talonflame||FocusSash|FlameBody|Tailwind,Protect,Acrobatics,WillOWisp|Jolly||M|||50|]Rotom-Wash||SitrusBerry|Levitate|Electroweb,WillOWisp,Discharge,HydroPump|Timid|||||50|]Garchomp||LifeOrb|RoughSkin|PoisonJab,Earthquake,Protect,StompingTantrum|Jolly||M|||50|
|showteam|p2|Tauros||FocusSash|Intimidate|IcyWind,RagingBull,Protect,RainDance|Jolly||M|||50|]Vivillon-Pokeball||ChoiceScarf|CompoundEyes|Hurricane,SleepPowder,RagePowder,Tailwind|Timid||M|||50|]Archaludon||LifeOrb|Stalwart|FlashCannon,DragonPulse,ElectroShot,Protect|Modest||F|||50|]Swampert||Swampertite|Torrent|WaveCrash,HighHorsepower,IcePunch,Protect|Adamant||F|||50|]Politoed||SitrusBerry|Drizzle|WeatherBall,IceBeam,Protect,IcyWind|Calm||M|||50|]Meganium||Meganiumite|Overgrow|SolarBeam,DazzlingGleam,Protect,WeatherBall|Modest||M|||50|
|j| sebrai
|
|t:|1785696360
|teamsize|p1|4
|teamsize|p2|4
|start
|switch|p1a: Lucario|Lucario, L50, M|100/100
|switch|p1b: Talonflame|Talonflame, L50, M|100/100
|switch|p2a: Vivillon|Vivillon-Pokeball, L50, M|100/100
|switch|p2b: Meganium|Meganium, L50, M|100/100
|turn|1
|
|t:|1785696385
|detailschange|p1a: Lucario|Lucario-Mega, L50, M
|-mega|p1a: Lucario|Lucario|Lucarionite
|detailschange|p2b: Meganium|Meganium-Mega, L50, M
|-mega|p2b: Meganium|Meganium|Meganiumite
|move|p1a: Lucario|Bullet Punch|p2a: Vivillon
|-damage|p2a: Vivillon|41/100
|move|p2a: Vivillon|Sleep Powder|p1b: Talonflame
|-status|p1b: Talonflame|slp|[from] move: Sleep Powder
|cant|p1b: Talonflame|slp
|move|p2b: Meganium|Weather Ball|p1a: Lucario
|-supereffective|p1a: Lucario|1
|-crit|p1a: Lucario
|-damage|p1a: Lucario|0 fnt
|faint|p1a: Lucario
|
|upkeep
|c|☆Pever3ll|was it intentional not to put gale wings?
|c|☆bluefox08|no
|
|t:|1785696400
|switch|p1a: Rotom|Rotom-Wash, L50|100/100
|turn|2
|
|t:|1785696415
|switch|p2a: Politoed|Politoed, L50, M|100/100
|-weather|RainDance|[from] ability: Drizzle|[of] p2a: Politoed
|-curestatus|p1b: Talonflame|slp|[msg]
|move|p1b: Talonflame|Tailwind|p1b: Talonflame
|-sidestart|p1: bluefox08|move: Tailwind
|move|p1a: Rotom|Electroweb|p2b: Meganium|[spread] p2a,p2b
|-supereffective|p2a: Politoed|1
|-resisted|p2b: Meganium|1
|-damage|p2a: Politoed|69/100
|-damage|p2b: Meganium|91/100
|-unboost|p2a: Politoed|spe|1
|-unboost|p2b: Meganium|spe|1
|move|p2b: Meganium|Solar Beam||[still]
|-prepare|p2b: Meganium|Solar Beam
|-activate|p2b: Meganium|ability: Mega Sol
|-anim|p2b: Meganium|Solar Beam|p1a: Rotom
|-supereffective|p1a: Rotom|1
|-damage|p1a: Rotom|0 fnt
|faint|p1a: Rotom
|
|-weather|RainDance|[upkeep]
|upkeep
|
|t:|1785696430
|switch|p1a: Garchomp|Garchomp, L50, M|100/100
|turn|3
|
|t:|1785696444
|move|p1a: Garchomp|Protect|p1a: Garchomp
|-singleturn|p1a: Garchomp|Protect
|move|p2b: Meganium|Protect|p2b: Meganium
|-singleturn|p2b: Meganium|Protect
|move|p1b: Talonflame|Acrobatics|p2b: Meganium
|-activate|p2b: Meganium|move: Protect
|move|p2a: Politoed|Icy Wind|p1b: Talonflame|[spread] p1b
|-activate|p1a: Garchomp|move: Protect
|-damage|p1b: Talonflame|86/100
|-unboost|p1b: Talonflame|spe|1
|
|-weather|RainDance|[upkeep]
|upkeep
|turn|4
|
|t:|1785696457
|move|p1a: Garchomp|Earthquake|p2b: Meganium|[spread] p2a,p2b
|-immune|p1b: Talonflame
|-resisted|p2b: Meganium|1
|-damage|p2a: Politoed|17/100
|-damage|p2b: Meganium|67/100
|-enditem|p2a: Politoed|Sitrus Berry|[eat]
|-heal|p2a: Politoed|42/100|[from] item: Sitrus Berry
|-damage|p1a: Garchomp|90/100|[from] item: Life Orb
|move|p1b: Talonflame|Acrobatics|p2a: Politoed
|-damage|p2a: Politoed|22/100
|move|p2b: Meganium|Dazzling Gleam|p1a: Garchomp|[spread] p1a,p1b
|-supereffective|p1a: Garchomp|1
|-resisted|p1b: Talonflame|1
|-damage|p1a: Garchomp|9/100
|-damage|p1b: Talonflame|62/100
|move|p2a: Politoed|Icy Wind|p1b: Talonflame|[spread] p1a,p1b
|-supereffective|p1a: Garchomp|2
|-damage|p1a: Garchomp|0 fnt
|-damage|p1b: Talonflame|49/100
|-unboost|p1b: Talonflame|spe|1
|faint|p1a: Garchomp
|
|-weather|RainDance|[upkeep]
|upkeep
|turn|5
|c|☆bluefox08|alr gg
|c|☆Pever3ll|gg
|
|t:|1785696482
|move|p1b: Talonflame|Acrobatics|p2b: Meganium
|-supereffective|p2b: Meganium|1
|-damage|p2b: Meganium|37/100
|move|p2b: Meganium|Solar Beam||[still]
|-prepare|p2b: Meganium|Solar Beam
|-activate|p2b: Meganium|ability: Mega Sol
|-anim|p2b: Meganium|Solar Beam|p1b: Talonflame
|-resisted|p1b: Talonflame|2
|-damage|p1b: Talonflame|26/100
|move|p2a: Politoed|Weather Ball|p1b: Talonflame
|-supereffective|p1b: Talonflame|1
|-damage|p1b: Talonflame|0 fnt
|faint|p1b: Talonflame
|
|win|Pever3ll
|l|☆bluefox08
|player|p1|
|l| sebrai
