|j|â˜†lewibrad1098
|j|â˜†FireBoyJ
|html|lewibrad1098FireBoyJ    
|uhtml|bestof|Game 1 of a best-of-3
|t:|1784365963
|gametype|doubles
|player|p1|lewibrad1098|169|
|player|p2|FireBoyJ|2|
|gen|9
|tier|[Gen 9 Champions] VGC 2026 Reg M-B (Bo3)
|rule|Species Clause: Limit one of each PokÃ©mon
|rule|Item Clause: Limit 1 of each item
|clearpoke
|poke|p1|Chesnaught, L50, M|
|poke|p1|Garganacl, L50, M|
|poke|p1|Trevenant, L50, M|
|poke|p1|Liepard, L50, F|
|poke|p1|Wyrdeer, L50, F|
|poke|p1|Malamar, L50, M|
|poke|p2|Manectric, L50, M|
|poke|p2|Liepard, L50, F|
|poke|p2|Floette-Eternal, L50, F|
|poke|p2|Serperior, L50, M|
|poke|p2|Tauros-Paldea-Aqua, L50, M|
|poke|p2|Gardevoir, L50, M|
|teampreview|4
|showteam|p1|Chesnaught||Chesnaughtite|Bulletproof|SpikyShield,DrainPunch,LeechSeed,BulkUp|Brave||M|||50|]Garganacl||Leftovers|PurifyingSalt|SaltCure,WideGuard,BodyPress,IronDefense|Sassy||M|||50|]Trevenant||SitrusBerry|Harvest|HornLeech,TrickRoom,Poltergeist,Protect|Brave||M|||50|]Liepard||FocusSash|Prankster|FakeOut,Taunt,Encore,Charm|Jolly||F|||50|]Wyrdeer||ColburBerry|Intimidate|TrickRoom,PsyshieldBash,Protect,Lunge|Relaxed||F|||50|]Malamar||RoseliBerry|Contrary|Superpower,Protect,KnockOff,PsychoCut|Brave||M|||50|
|showteam|p2|Manectric||Manectite|LightningRod|Thunderbolt,Snarl,VoltSwitch,Protect|Timid||M|||50|]Liepard||FocusSash|Prankster|KnockOff,FakeOut,Taunt,ThunderWave|Jolly||F|||50|]Floette-Eternal||Leftovers|FlowerVeil|Moonblast,DazzlingGleam,CalmMind,Protect|Modest||F|||50|]Serperior||LightClay|Contrary|LeafStorm,Glare,LightScreen,Reflect|Timid||M|||50|]Tauros-Paldea-Aqua||SitrusBerry|Intimidate|WaveCrash,CloseCombat,AquaJet,Protect|Adamant||M|||50|]Gardevoir||ChoiceScarf|Trace|Moonblast,Psyshock,IcyWind,DazzlingGleam|Modest||M|||50|
|c|â˜†FireBoyJ|gl hf
|c|â˜†lewibrad1098|Glhf
|c|â˜†lewibrad1098|Any advice on my team after would be appreciated first time tryna make a team
|c|â˜†FireBoyJ|I try my best but I am not an expert either.
|
|t:|1784366132
|teamsize|p1|4
|teamsize|p2|4
|start
|switch|p1a: Malamar|Malamar, L50, M|100/100
|switch|p1b: Trevenant|Trevenant, L50, M|100/100
|switch|p2a: Liepard|Liepard, L50, F|100/100
|switch|p2b: Tauros|Tauros-Paldea-Aqua, L50, M|100/100
|-ability|p2b: Tauros|Intimidate|boost
|-boost|p1a: Malamar|atk|1
|-unboost|p1b: Trevenant|atk|1
|turn|1
|inactive|Battle timer is ON: inactive players will automatically lose when time's up. (requested by lewibrad1098)
|inactive|FireBoyJ has 60 seconds left.
|
|t:|1784366206
|move|p2a: Liepard|Taunt|p1b: Trevenant
|-start|p1b: Trevenant|move: Taunt
|move|p2b: Tauros|Close Combat|p1a: Malamar
|-damage|p1a: Malamar|30/100
|-unboost|p2b: Tauros|def|1
|-unboost|p2b: Tauros|spd|1
|move|p1a: Malamar|Superpower|p2a: Liepard
|-supereffective|p2a: Liepard|1
|-enditem|p2a: Liepard|Focus Sash
|-damage|p2a: Liepard|1/100
|-boost|p1a: Malamar|atk|1
|-boost|p1a: Malamar|def|1
|cant|p1b: Trevenant|move: Taunt|Trick Room
|
|upkeep
|turn|2
|inactive|FireBoyJ has 30 seconds left.
|inactive|FireBoyJ has 20 seconds left.
|
|t:|1784366245
|switch|p1b: Mega Chesnaught|Chesnaught, L50, M|100/100
|move|p1a: Malamar|Protect|p1a: Malamar
|-singleturn|p1a: Malamar|Protect
|move|p2a: Liepard|Knock Off|p1b: Mega Chesnaught
|-resisted|p1b: Mega Chesnaught|1
|-damage|p1b: Mega Chesnaught|87/100
|move|p2b: Tauros|Close Combat|p1a: Malamar
|-activate|p1a: Malamar|move: Protect
|
|upkeep
|turn|3
|inactive|lewibrad1098 has 30 seconds left.
|inactive|FireBoyJ has 30 seconds left.
|
|t:|1784366274
|switch|p1a: Trevenant|Trevenant, L50, M|100/100
|detailschange|p1b: Mega Chesnaught|Chesnaught-Mega, L50, M
|-mega|p1b: Mega Chesnaught|Chesnaught|Chesnaughtite
|move|p2a: Liepard|Taunt|p1b: Mega Chesnaught
|-start|p1b: Mega Chesnaught|move: Taunt
|move|p2b: Tauros|Wave Crash|p1a: Trevenant
|-resisted|p1a: Trevenant|1
|-damage|p1a: Trevenant|66/100
|-damage|p2b: Tauros|90/100|[from] Recoil
|cant|p1b: Mega Chesnaught|move: Taunt|Bulk Up
|
|upkeep
|turn|4
|inactive|FireBoyJ has 30 seconds left.
|inactive|FireBoyJ has 20 seconds left.
|inactive|FireBoyJ has 15 seconds left.
|inactive|FireBoyJ has 10 seconds left.
|
|t:|1784366323
|switch|p2b: Floette|Floette-Eternal, L50, F|100/100
|move|p2a: Liepard|Taunt|p1a: Trevenant
|-start|p1a: Trevenant|move: Taunt
|move|p1a: Trevenant|Horn Leech|p2b: Floette
|-damage|p2b: Floette|60/100
|-heal|p1a: Trevenant|88/100|[from] drain|[of] p2b: Floette
|move|p1b: Mega Chesnaught|Drain Punch|p2a: Liepard
|-supereffective|p2a: Liepard|1
|-damage|p2a: Liepard|0 fnt
|-heal|p1b: Mega Chesnaught|88/100|[from] drain|[of] p2a: Liepard
|faint|p2a: Liepard
|
|-heal|p2b: Floette|66/100|[from] item: Leftovers
|upkeep
|
|t:|1784366342
|switch|p2a: Gardevoir|Gardevoir, L50, M|100/100
|-ability|p2a: Gardevoir|Harvest|Trace|[from] ability: Trace|[of] p1a: Trevenant
|turn|5
|inactive|FireBoyJ has 30 seconds left.
|
|t:|1784366375
|switch|p1b: Garganacl|Garganacl, L50, M|100/100
|move|p2a: Gardevoir|Psyshock|p1b: Garganacl
|-damage|p1b: Garganacl|70/100
|move|p2b: Floette|Dazzling Gleam|p1b: Garganacl|[spread] p1a,p1b
|-damage|p1a: Trevenant|51/100
|-damage|p1b: Garganacl|40/100
|move|p1a: Trevenant|Poltergeist|p2a: Gardevoir
|-activate|p2a: Gardevoir|move: Poltergeist|Choice Scarf
|-supereffective|p2a: Gardevoir|1
|-damage|p2a: Gardevoir|0 fnt
|faint|p2a: Gardevoir
|
|-heal|p2b: Floette|72/100|[from] item: Leftovers
|-heal|p1b: Garganacl|45/100|[from] item: Leftovers
|upkeep
|
|t:|1784366392
|switch|p2a: Tauros|Tauros-Paldea-Aqua, L50, M|90/100
|-ability|p2a: Tauros|Intimidate|boost
|-unboost|p1a: Trevenant|atk|1
|-unboost|p1b: Garganacl|atk|1
|turn|6
|
|t:|1784366410
|switch|p1b: Mega Chesnaught|Chesnaught-Mega, L50, M|88/100
|move|p2b: Floette|Calm Mind|p2b: Floette
|-boost|p2b: Floette|spa|1
|-boost|p2b: Floette|spd|1
|move|p2a: Tauros|Wave Crash|p1b: Mega Chesnaught
|-resisted|p1b: Mega Chesnaught|1
|-damage|p1b: Mega Chesnaught|68/100
|-damage|p2a: Tauros|84/100|[from] Recoil
|move|p1a: Trevenant|Horn Leech|p2a: Tauros
|-supereffective|p2a: Tauros|1
|-damage|p2a: Tauros|43/100
|-heal|p1a: Trevenant|74/100|[from] drain|[of] p2a: Tauros
|-enditem|p2a: Tauros|Sitrus Berry|[eat]
|-heal|p2a: Tauros|68/100|[from] item: Sitrus Berry
|
|-heal|p2b: Floette|78/100|[from] item: Leftovers
|-end|p1a: Trevenant|move: Taunt
|upkeep
|turn|7
|inactive|FireBoyJ has 30 seconds left.
|inactive|FireBoyJ has 20 seconds left.
|inactive|FireBoyJ has 15 seconds left.
|
|t:|1784366455
|move|p1b: Mega Chesnaught|Spiky Shield|p1b: Mega Chesnaught
|-singleturn|p1b: Mega Chesnaught|move: Protect
|move|p2b: Floette|Moonblast|p1a: Trevenant
|-damage|p1a: Trevenant|0 fnt
|faint|p1a: Trevenant
|move|p2a: Tauros|Wave Crash|p1b: Mega Chesnaught
|-activate|p1b: Mega Chesnaught|move: Protect
|-damage|p2a: Tauros|56/100|[from] Spiky Shield|[of] p1b: Mega Chesnaught
|
|-heal|p2b: Floette|84/100|[from] item: Leftovers
|upkeep
|
|t:|1784366461
|switch|p1a: Garganacl|Garganacl, L50, M|45/100
|turn|8
|
|t:|1784366479
|move|p1a: Garganacl|Wide Guard|p1a: Garganacl
|-singleturn|p1a: Garganacl|Wide Guard
|move|p2b: Floette|Dazzling Gleam|p1a: Garganacl|[spread] 
|-activate|p1a: Garganacl|move: Wide Guard
|-activate|p1b: Mega Chesnaught|move: Wide Guard
|move|p2a: Tauros|Wave Crash|p1a: Garganacl
|-supereffective|p1a: Garganacl|1
|-damage|p1a: Garganacl|0 fnt
|faint|p1a: Garganacl
|-damage|p2a: Tauros|41/100|[from] Recoil
|move|p1b: Mega Chesnaught|Leech Seed|p2b: Floette|[miss]
|-miss|p1b: Mega Chesnaught|p2b: Floette
|
|-heal|p2b: Floette|90/100|[from] item: Leftovers
|upkeep
|
|t:|1784366494
|switch|p1a: Malamar|Malamar, L50, M|30/100
|turn|9
|inactive|FireBoyJ has 30 seconds left.
|
|t:|1784366523
|move|p2b: Floette|Dazzling Gleam|p1a: Malamar|[spread] p1a,p1b
|-supereffective|p1a: Malamar|1
|-enditem|p1a: Malamar|Roseli Berry|[eat]
|-enditem|p1a: Malamar|Roseli Berry|[weaken]
|-supereffective|p1b: Mega Chesnaught|1
|-damage|p1a: Malamar|0 fnt
|-damage|p1b: Mega Chesnaught|0 fnt
|faint|p1a: Malamar
|faint|p1b: Mega Chesnaught
|
|win|FireBoyJ
||lewibrad1098 is ready for game 2.
||FireBoyJ is ready for game 2.
|uhtml|next|Next: Game 2 of 3
|l|â˜†lewibrad1098
|player|p1|
|n|â˜†FireBoyJ|fireboyj
