|j|☆Po1510
|j|☆rlm00
|html|Po1510rlm00    
|uhtml|bestof|Game 2 of a best-of-3
|t:|1785863774
|gametype|doubles
|player|p1|Po1510|rosa-masters|1297
|player|p2|rlm00|101|1295
|gen|9
|tier|[Gen 9 Champions] VGC 2026 Reg M-B (Bo3)
|rated|
|rule|Species Clause: Limit one of each Pokémon
|rule|Item Clause: Limit 1 of each item
|clearpoke
|poke|p1|Staraptor, L50, M|
|poke|p1|Arcanine-Hisui, L50, M|
|poke|p1|Kingambit, L50, M|
|poke|p1|Raichu, L50, F|
|poke|p1|Farigiraf, L50, M|
|poke|p1|Sylveon, L50, F, shiny|
|poke|p2|Staraptor, L50, M|
|poke|p2|Raichu, L50, M|
|poke|p2|Sylveon, L50, M|
|poke|p2|Farigiraf, L50, F|
|poke|p2|Arcanine-Hisui, L50, M|
|poke|p2|Kingambit, L50, F|
|teampreview|4
|showteam|p1|Staraptor||Staraptite|Intimidate|DualWingbeat,CloseCombat,Tailwind,Protect|Jolly||M|||50|]Arcanine-Hisui||FocusSash|RockHead|FlareBlitz,HeadSmash,ExtremeSpeed,Protect|Jolly||M|||50|]Kingambit||LifeOrb|Defiant|KowtowCleave,SuckerPunch,SwordsDance,Protect|Adamant||M|||50|]Raichu||RaichuniteY|LightningRod|ZapCannon,FocusBlast,FakeOut,Protect|Timid||F|||50|]Farigiraf||SitrusBerry|ArmorTail|Psychic,HelpingHand,TrickRoom,Protect|Calm||M|||50|]Sylveon||FairyFeather|Pixilate|HyperVoice,HyperBeam,QuickAttack,Detect|Modest||F|||50|
|showteam|p2|Staraptor||Staraptite|Intimidate|Protect,Tailwind,CloseCombat,DualWingbeat|Jolly||M|||50|]Raichu||RaichuniteY|LightningRod|Protect,ZapCannon,FocusBlast,FakeOut|Timid||M|||50|]Sylveon||FairyFeather|Pixilate|Detect,HyperBeam,HyperVoice,QuickAttack|Modest||M|||50|]Farigiraf||SitrusBerry|ArmorTail|Protect,TrickRoom,HelpingHand,Psychic|Relaxed||F|||50|]Arcanine-Hisui||FocusSash|RockHead|Protect,HeadSmash,ExtremeSpeed,FlareBlitz|Adamant||M|||50|]Kingambit||LifeOrb|Defiant|Protect,SuckerPunch,SwordsDance,KowtowCleave|Adamant||F|||50|
|inactive|Battle timer is ON: inactive players will automatically lose when time's up. (requested by Po1510)
|inactive|rlm00 has 60 seconds left.
|
|t:|1785863808
|teamsize|p1|4
|teamsize|p2|4
|start
|switch|p1a: Arcanine|Arcanine-Hisui, L50, M|100/100
|switch|p1b: Staraptor|Staraptor, L50, M|100/100
|switch|p2a: Kingambit|Kingambit, L50, F|100/100
|switch|p2b: Raichu|Raichu, L50, M|100/100
|-ability|p1b: Staraptor|Intimidate|boost
|-unboost|p2a: Kingambit|atk|1
|-ability|p2a: Kingambit|Defiant|boost
|-boost|p2a: Kingambit|atk|2
|-unboost|p2b: Raichu|atk|1
|turn|1
|inactive|Po1510 has 30 seconds left.
|inactive|rlm00 has 30 seconds left.
|inactive|Po1510 has 20 seconds left.
|inactive|rlm00 has 20 seconds left.
|inactive|rlm00 has 15 seconds left.
|
|t:|1785863851
|detailschange|p2b: Raichu|Raichu-Mega-Y, L50, M
|-mega|p2b: Raichu|Raichu|Raichunite Y
|detailschange|p1b: Staraptor|Staraptor-Mega, L50, M
|-mega|p1b: Staraptor|Staraptor|Staraptite
|move|p2b: Raichu|Zap Cannon|p1b: Staraptor
|-supereffective|p1b: Staraptor|1
|-damage|p1b: Staraptor|0 fnt
|faint|p1b: Staraptor
|move|p1a: Arcanine|Flare Blitz|p2a: Kingambit
|-supereffective|p2a: Kingambit|1
|-damage|p2a: Kingambit|15/100
|move|p2a: Kingambit|Kowtow Cleave|p1a: Arcanine
|-enditem|p1a: Arcanine|Focus Sash
|-damage|p1a: Arcanine|1/100
|-damage|p2a: Kingambit|6/100|[from] item: Life Orb
|
|upkeep
|
|t:|1785863857
|switch|p1b: Sylveon|Sylveon, L50, F, shiny|100/100
|turn|2
|
|t:|1785863882
|switch|p1a: Raichu|Raichu, L50, F|100/100
|move|p2a: Kingambit|Protect|p2a: Kingambit
|-singleturn|p2a: Kingambit|Protect
|move|p2b: Raichu|Zap Cannon|p1a: Raichu
|-activate|p1a: Raichu|ability: Lightning Rod
|-ability|p1a: Raichu|Lightning Rod|boost
|-boost|p1a: Raichu|spa|1
|move|p1b: Sylveon|Hyper Voice|p2b: Raichu|[spread] p2b
|-activate|p2a: Kingambit|move: Protect
|-damage|p2b: Raichu|40/100
|
|upkeep
|turn|3
|inactive|Po1510 has 30 seconds left.
|
|t:|1785863908
|switch|p2b: Farigiraf|Farigiraf, L50, F|100/100
|move|p2a: Kingambit|Sucker Punch|p1b: Sylveon
|-resisted|p1b: Sylveon|1
|-damage|p1b: Sylveon|56/100
|-damage|p2a: Kingambit|0 fnt|[from] item: Life Orb
|faint|p2a: Kingambit
|move|p1a: Raichu|Focus Blast|p2b: Farigiraf
|-damage|p2b: Farigiraf|67/100
|-unboost|p2b: Farigiraf|spd|1
|move|p1b: Sylveon|Hyper Voice|p2b: Farigiraf
|-damage|p2b: Farigiraf|0 fnt
|faint|p2b: Farigiraf
|
|upkeep
|
|t:|1785863921
|switch|p2b: Raichu|Raichu-Mega-Y, L50, M|40/100
|switch|p2a: Sylveon|Sylveon, L50, M|100/100
|turn|4
|
|t:|1785863938
|move|p1a: Raichu|Protect|p1a: Raichu
|-singleturn|p1a: Raichu|Protect
|move|p1b: Sylveon|Detect|p1b: Sylveon
|-singleturn|p1b: Sylveon|Protect
|move|p2b: Raichu|Fake Out|p1b: Sylveon
|-activate|p1b: Sylveon|move: Protect
|move|p2a: Sylveon|Hyper Voice|p1a: Raichu|[spread] 
|-activate|p1a: Raichu|move: Protect
|-activate|p1b: Sylveon|move: Protect
|
|upkeep
|turn|5
|
|t:|1785863961
|move|p2b: Raichu|Focus Blast|p1b: Sylveon
|-resisted|p1b: Sylveon|1
|-damage|p1b: Sylveon|38/100
|move|p1a: Raichu|Zap Cannon|p2a: Sylveon|[miss]
|-miss|p1a: Raichu|p2a: Sylveon
|move|p1b: Sylveon|Hyper Voice|p2a: Sylveon|[spread] p2a,p2b
|-damage|p2a: Sylveon|64/100
|-damage|p2b: Raichu|0 fnt
|faint|p2b: Raichu
|move|p2a: Sylveon|Hyper Voice|p1a: Raichu|[spread] p1a,p1b
|-damage|p1a: Raichu|38/100
|-damage|p1b: Sylveon|0 fnt
|faint|p1b: Sylveon
|
|upkeep
|
|t:|1785863970
|switch|p1b: Arcanine|Arcanine-Hisui, L50, M|1/100
|turn|6
|
|t:|1785863980
|move|p2a: Sylveon|Detect|p2a: Sylveon
|-singleturn|p2a: Sylveon|Protect
|move|p1a: Raichu|Zap Cannon|p2a: Sylveon
|-activate|p2a: Sylveon|move: Protect
|move|p1b: Arcanine|Flare Blitz|p2a: Sylveon
|-activate|p2a: Sylveon|move: Protect
|
|upkeep
|turn|7
|
|t:|1785863989
|move|p1b: Arcanine|Protect|p1b: Arcanine
|-singleturn|p1b: Arcanine|Protect
|move|p2a: Sylveon|Quick Attack|p1b: Arcanine
|-activate|p1b: Arcanine|move: Protect
|move|p1a: Raichu|Zap Cannon|p2a: Sylveon|[miss]
|-miss|p1a: Raichu|p2a: Sylveon
|
|upkeep
|turn|8
|
|t:|1785863999
|move|p1b: Arcanine|Extreme Speed|p2a: Sylveon
|-damage|p2a: Sylveon|37/100
|move|p2a: Sylveon|Quick Attack|p1b: Arcanine
|-resisted|p1b: Arcanine|1
|-damage|p1b: Arcanine|0 fnt
|faint|p1b: Arcanine
|move|p1a: Raichu|Focus Blast|p2a: Sylveon|[miss]
|-miss|p1a: Raichu|p2a: Sylveon
|
|upkeep
|turn|9
|
|t:|1785864010
|move|p1a: Raichu|Zap Cannon|p2a: Sylveon|[miss]
|-miss|p1a: Raichu|p2a: Sylveon
|move|p2a: Sylveon|Hyper Voice|p1a: Raichu
|-damage|p1a: Raichu|0 fnt
|faint|p1a: Raichu
|
|win|rlm00
|raw|Po1510's rating: 1297 → 1272(-25 for losing)
|raw|rlm00's rating: 1295 → 1320(+25 for winning)
