|j|☆BenBishop323
|j|☆ethical sga
|html|BenBishop323ethical sga    
|uhtml|bestof|Game 1 of a best-of-3
|t:|1785030142
|gametype|doubles
|player|p1|BenBishop323|169|1061
|player|p2|ethical sga|irida|1212
|gen|9
|tier|[Gen 9 Champions] VGC 2026 Reg M-B (Bo3)
|rated|
|rule|Species Clause: Limit one of each Pokémon
|rule|Item Clause: Limit 1 of each item
|clearpoke
|poke|p1|Tyranitar, L50, M|
|poke|p1|Excadrill, L50, F|
|poke|p1|Sinistcha, L50|
|poke|p1|Primarina, L50, M|
|poke|p1|Corviknight, L50, M|
|poke|p1|Sneasler, L50, M|
|poke|p2|Barbaracle, L50, F|
|poke|p2|Sinistcha, L50|
|poke|p2|Incineroar, L50, M|
|poke|p2|Vivillon, L50, F|
|poke|p2|Rotom-Wash, L50|
|poke|p2|Floette-Eternal, L50, F|
|teampreview|4
|showteam|p1|Tyranitar||Tyranitarite|SandStream|RockSlide,Crunch,DragonDance,Protect|Adamant||M|||50|]Excadrill||FocusSash|SandRush|IronHead,HighHorsepower,RockSlide,Protect|Adamant||F|||50|]Sinistcha||KasibBerry|Hospitality|MatchaGotcha,RagePowder,PainSplit,TrickRoom|Bold|||||50|]Primarina||FairyFeather|LiquidVoice|Moonblast,HyperVoice,Haze,Protect|Modest||M|||50|]Corviknight||Leftovers|MirrorArmor|Tailwind,BulkUp,BraveBird,IronHead|Adamant||M|||50|]Sneasler||WhiteHerb|Unburden|CloseCombat,DireClaw,FakeOut,Protect|Adamant||M|||50|
|showteam|p2|Barbaracle||Barbaracite|ToughClaws|Protect,CloseCombat,RockSlide,ShellSmash|Adamant||F|||50|]Sinistcha||KasibBerry|Hospitality|Protect,MatchaGotcha,LifeDew,RagePowder|Bold|||||50|]Incineroar||SitrusBerry|Intimidate|PartingShot,DarkestLariat,HelpingHand,FakeOut|Impish||M|||50|]Vivillon||FocusSash|CompoundEyes|Protect,PollenPuff,SleepPowder,RagePowder|Timid||F|||50|]Rotom-Wash||LifeOrb|Levitate|Protect,Thunderbolt,HydroPump,VoltSwitch|Modest|||||50|]Floette-Eternal||Floettite|FlowerVeil|Protect,DazzlingGleam,DrainingKiss,CalmMind|Modest||F|||50|
|
|t:|1785030188
|teamsize|p1|4
|teamsize|p2|4
|start
|switch|p1a: Tyranitar|Tyranitar, L50, M|100/100
|switch|p1b: Corviknight|Corviknight, L50, M|100/100
|switch|p2a: Barbaracle|Barbaracle, L50, F|100/100
|switch|p2b: Rotom|Rotom-Wash, L50|100/100
|-weather|Sandstorm|[from] ability: Sand Stream|[of] p1a: Tyranitar
|turn|1
|
|t:|1785030216
|detailschange|p1a: Tyranitar|Tyranitar-Mega, L50, M
|-mega|p1a: Tyranitar|Tyranitar|Tyranitarite
|move|p2b: Rotom|Volt Switch|p1b: Corviknight
|-supereffective|p1b: Corviknight|1
|-damage|p1b: Corviknight|16/100
|-damage|p2b: Rotom|90/100|[from] item: Life Orb
|
|t:|1785030220
|switch|p2b: Incineroar|Incineroar, L50, M|100/100|[from] Volt Switch
|-ability|p2b: Incineroar|Intimidate|boost
|-unboost|p1a: Tyranitar|atk|1
|-ability|p1b: Corviknight|Mirror Armor
|-unboost|p2b: Incineroar|atk|1
|move|p2a: Barbaracle|Shell Smash|p2a: Barbaracle
|-unboost|p2a: Barbaracle|def|1
|-unboost|p2a: Barbaracle|spd|1
|-boost|p2a: Barbaracle|atk|2
|-boost|p2a: Barbaracle|spa|2
|-boost|p2a: Barbaracle|spe|2
|move|p1a: Tyranitar|Dragon Dance|p1a: Tyranitar
|-boost|p1a: Tyranitar|atk|1
|-boost|p1a: Tyranitar|spe|1
|move|p1b: Corviknight|Tailwind|p1b: Corviknight
|-sidestart|p1: BenBishop323|move: Tailwind
|
|-weather|Sandstorm|[upkeep]
|-damage|p2b: Incineroar|94/100|[from] Sandstorm
|-heal|p1b: Corviknight|21/100|[from] item: Leftovers
|upkeep
|turn|2
|
|t:|1785030270
|move|p2b: Incineroar|Fake Out|p1a: Tyranitar
|-resisted|p1a: Tyranitar|1
|-damage|p1a: Tyranitar|97/100
|cant|p1a: Tyranitar|flinch
|move|p2a: Barbaracle|Shell Smash|p2a: Barbaracle
|-unboost|p2a: Barbaracle|def|1
|-unboost|p2a: Barbaracle|spd|1
|-boost|p2a: Barbaracle|atk|2
|-boost|p2a: Barbaracle|spa|2
|-boost|p2a: Barbaracle|spe|2
|move|p1b: Corviknight|Brave Bird|p2b: Incineroar
|-damage|p2b: Incineroar|62/100
|-damage|p1b: Corviknight|11/100|[from] Recoil
|
|-weather|Sandstorm|[upkeep]
|-damage|p2b: Incineroar|56/100|[from] Sandstorm
|-heal|p1b: Corviknight|17/100|[from] item: Leftovers
|upkeep
|turn|3
|
|t:|1785030294
|switch|p1b: Sneasler|Sneasler, L50, M|100/100
|move|p2a: Barbaracle|Protect|p2a: Barbaracle
|-singleturn|p2a: Barbaracle|Protect
|move|p1a: Tyranitar|Protect|p1a: Tyranitar
|-singleturn|p1a: Tyranitar|Protect
|move|p2b: Incineroar|Parting Shot|p1a: Tyranitar
|-activate|p1a: Tyranitar|move: Protect
|
|-weather|Sandstorm|[upkeep]
|-damage|p1b: Sneasler|94/100|[from] Sandstorm
|-damage|p2b: Incineroar|50/100g|[from] Sandstorm
|upkeep
|turn|4
|inactive|Battle timer is ON: inactive players will automatically lose when time's up. (requested by ethical sga)
|inactive|BenBishop323 has 60 seconds left.
|inactive|BenBishop323 has 30 seconds left.
|inactive|BenBishop323 has 20 seconds left.
|inactive|BenBishop323 has 15 seconds left.
|inactive|BenBishop323 has 10 seconds left.
|inactive|BenBishop323 has 5 seconds left.
|
|t:|1785030529
|detailschange|p2a: Barbaracle|Barbaracle-Mega, L50, F
|-mega|p2a: Barbaracle|Barbaracle|Barbaracite
|move|p2a: Barbaracle|Close Combat|p1a: Tyranitar
|-supereffective|p1a: Tyranitar|2
|-damage|p1a: Tyranitar|0 fnt
|-unboost|p2a: Barbaracle|def|1
|-unboost|p2a: Barbaracle|spd|1
|faint|p1a: Tyranitar
|move|p1b: Sneasler|Close Combat|p2b: Incineroar
|-supereffective|p2b: Incineroar|1
|-damage|p2b: Incineroar|0 fnt
|-unboost|p1b: Sneasler|def|1
|-unboost|p1b: Sneasler|spd|1
|faint|p2b: Incineroar
|-enditem|p1b: Sneasler|White Herb
|-clearnegativeboost|p1b: Sneasler|[silent]
|
|-weather|Sandstorm|[upkeep]
|-damage|p1b: Sneasler|88/100|[from] Sandstorm
|-sideend|p1: BenBishop323|move: Tailwind
|upkeep
|inactive|BenBishop323 has 30 seconds left.
|inactive|BenBishop323 has 20 seconds left.
|inactive|BenBishop323 has 15 seconds left.
|inactive|BenBishop323 has 10 seconds left.
|inactive|BenBishop323 has 5 seconds left.
|
|t:|1785030584
|switch|p1a: Excadrill|Excadrill, L50, F|100/100
|switch|p2b: Rotom|Rotom-Wash, L50|90/100
|turn|5
|inactive|BenBishop323 has 30 seconds left.
|inactive|BenBishop323 has 20 seconds left.
|inactive|BenBishop323 has 15 seconds left.
|inactive|BenBishop323 has 10 seconds left.
|inactive|BenBishop323 has 5 seconds left.
|
|t:|1785030639
|move|p2a: Barbaracle|Protect|p2a: Barbaracle
|-singleturn|p2a: Barbaracle|Protect
|move|p1b: Sneasler|Close Combat|p2b: Rotom
|-damage|p2b: Rotom|20/100y
|-unboost|p1b: Sneasler|def|1
|-unboost|p1b: Sneasler|spd|1
|move|p1a: Excadrill|Iron Head|p2a: Barbaracle
|-activate|p2a: Barbaracle|move: Protect
|move|p2b: Rotom|Volt Switch|p1b: Sneasler
|-damage|p1b: Sneasler|1/100
|-damage|p2b: Rotom|11/100|[from] item: Life Orb
|
|t:|1785030647
|switch|p2b: Sinistcha|Sinistcha, L50|100/100|[from] Volt Switch
|
|-weather|none
|upkeep
|turn|6
|inactive|BenBishop323 has 30 seconds left.
|inactive|BenBishop323 has 20 seconds left.
|inactive|BenBishop323 has 15 seconds left.
|inactive|BenBishop323 has 10 seconds left.
|inactive|BenBishop323 has 5 seconds left.
|
|t:|1785030702
|move|p2b: Sinistcha|Rage Powder|p2b: Sinistcha
|-singleturn|p2b: Sinistcha|move: Rage Powder
|move|p2a: Barbaracle|Rock Slide|p1a: Excadrill|[spread] p1a,p1b
|-resisted|p1a: Excadrill|2
|-resisted|p1b: Sneasler|1
|-damage|p1a: Excadrill|65/100
|-damage|p1b: Sneasler|0 fnt
|faint|p1b: Sneasler
|move|p1a: Excadrill|Iron Head|p2b: Sinistcha
|-damage|p2b: Sinistcha|64/100
|
|upkeep
|inactive|BenBishop323 has 30 seconds left.
|
|t:|1785030729
|switch|p1b: Corviknight|Corviknight, L50, M|17/100
|turn|7
|
|t:|1785030742
|move|p1a: Excadrill|Protect|p1a: Excadrill
|-singleturn|p1a: Excadrill|Protect
|move|p2a: Barbaracle|Close Combat|p1b: Corviknight
|-damage|p1b: Corviknight|0 fnt
|-unboost|p2a: Barbaracle|def|1
|-unboost|p2a: Barbaracle|spd|1
|faint|p1b: Corviknight
|move|p2b: Sinistcha|Matcha Gotcha|p1a: Excadrill
|-activate|p1a: Excadrill|move: Protect
|
|upkeep
|turn|8
|
|t:|1785030760
|move|p2a: Barbaracle|Close Combat|p1a: Excadrill
|-supereffective|p1a: Excadrill|1
|-damage|p1a: Excadrill|0 fnt
|-unboost|p2a: Barbaracle|def|1
|-unboost|p2a: Barbaracle|spd|1
|faint|p1a: Excadrill
|
|win|ethical sga
