|j|☆gundot
|j|☆PotatoEnri
|html|gundotPotatoEnri    
|uhtml|bestof|Game 2 of a best-of-3
|t:|1782734564
|gametype|doubles
|player|p1|gundot|ethan-gen2|1144
|player|p2|PotatoEnri|parasollady|1121
|gen|9
|tier|[Gen 9 Champions] VGC 2026 Reg M-B (Bo3)
|rated|
|rule|Species Clause: Limit one of each Pokémon
|rule|Item Clause: Limit 1 of each item
|clearpoke
|poke|p1|Charizard, L50, M, shiny|
|poke|p1|Whimsicott, L50, F, shiny|
|poke|p1|Floette-Eternal, L50, F|
|poke|p1|Garchomp, L50, M|
|poke|p1|Kingambit, L50, M|
|poke|p1|Basculegion, L50, M|
|poke|p2|Gengar, L50, M, shiny|
|poke|p2|Politoed, L50, M, shiny|
|poke|p2|Incineroar, L50, M, shiny|
|poke|p2|Archaludon, L50, F, shiny|
|poke|p2|Floette-Eternal, L50, F|
|poke|p2|Sylveon, L50, F, shiny|
|teampreview|4
|showteam|p1|Charizard||CharizarditeY|SolarPower|HeatWave,WeatherBall,SolarBeam,Protect|Modest||M|||50|]Whimsicott||FocusSash|Prankster|Moonblast,Tailwind,Encore,Protect|Timid||F|||50|]Floette-Eternal||Floettite|FlowerVeil|Moonblast,DazzlingGleam,LightofRuin,Protect|Timid||F|||50|]Garchomp||SitrusBerry|RoughSkin|Earthquake,DragonClaw,RockSlide,Protect|Jolly||M|||50|]Kingambit||BlackGlasses|Defiant|KowtowCleave,SuckerPunch,IronHead,Protect|Adamant||M|||50|]Basculegion||MysticWater|Adaptability|WaveCrash,AquaJet,LastRespects,Protect|Adamant||M|||50|
|showteam|p2|Gengar||Gengarite|CursedBody|PerishSong,ShadowBall,DestinyBond,Protect|Lax||M|||50|]Politoed||Leftovers|Drizzle|PerishSong,WeatherBall,HelpingHand,Protect|Calm||M|||50|]Incineroar||SitrusBerry|Intimidate|FakeOut,PartingShot,FlareBlitz,Protect|Impish||M|||50|]Archaludon||QuickClaw|Stalwart|ElectroShot,DracoMeteor,AuraSphere,Protect|Modest||F|||50|]Floette-Eternal||Floettite|FlowerVeil|LightofRuin,DrainingKiss,HelpingHand,Protect|Bold||F|||50|]Sylveon||ChoiceScarf|Pixilate|HyperVoice,Moonblast,HyperBeam,WeatherBall|Modest||F|||50|
|inactive|Battle timer is ON: inactive players will automatically lose when time's up. (requested by gundot)
|inactive|PotatoEnri also wants the timer to be on.
|l|☆PotatoEnri
|inactive|PotatoEnri disconnected and has a minute to reconnect!
|player|p2|
|inactive|gundot has 60 seconds left.
|inactive|PotatoEnri has 30 seconds to reconnect!
|j|☆PotatoEnri
|inactive|PotatoEnri reconnected and has 45 seconds left.
|player|p2|PotatoEnri|parasollady|
|
|t:|1782734629
|teamsize|p1|4
|teamsize|p2|4
|start
|switch|p1a: Charizard|Charizard, L50, M, shiny|100/100
|switch|p1b: Whimsicott|Whimsicott, L50, F, shiny|100/100
|switch|p2a: Gengar|Gengar, L50, M, shiny|100/100
|switch|p2b: Incineroar|Incineroar, L50, M, shiny|100/100
|-ability|p2b: Incineroar|Intimidate|boost
|-unboost|p1a: Charizard|atk|1
|-unboost|p1b: Whimsicott|atk|1
|turn|1
|
|t:|1782734639
|switch|p1a: Basculegion|Basculegion, L50, M|100/100
|detailschange|p2a: Gengar|Gengar-Mega, L50, M, shiny
|-mega|p2a: Gengar|Gengar|Gengarite
|move|p2b: Incineroar|Fake Out|p1a: Basculegion
|-immune|p1a: Basculegion
|move|p1b: Whimsicott|Tailwind|p1b: Whimsicott
|-sidestart|p1: gundot|move: Tailwind
|move|p2a: Gengar|Perish Song|p2a: Gengar
|-start|p1a: Basculegion|perish3|[silent]
|-start|p1b: Whimsicott|perish3|[silent]
|-start|p2a: Gengar|perish3|[silent]
|-start|p2b: Incineroar|perish3|[silent]
|-fieldactivate|move: Perish Song
|
|-start|p1b: Whimsicott|perish3
|-start|p1a: Basculegion|perish3
|-start|p2a: Gengar|perish3
|-start|p2b: Incineroar|perish3
|upkeep
|turn|2
|
|t:|1782734648
|move|p2a: Gengar|Protect|p2a: Gengar
|-singleturn|p2a: Gengar|Protect
|move|p2b: Incineroar|Protect|p2b: Incineroar
|-singleturn|p2b: Incineroar|Protect
|move|p1b: Whimsicott|Encore|p2a: Gengar
|-activate|p2a: Gengar|move: Protect
|move|p1a: Basculegion|Wave Crash|p2b: Incineroar
|-activate|p2b: Incineroar|move: Protect
|
|-start|p1b: Whimsicott|perish2
|-start|p1a: Basculegion|perish2
|-start|p2a: Gengar|perish2
|-start|p2b: Incineroar|perish2
|upkeep
|turn|3
|
|t:|1782734662
|switch|p2a: Politoed|Politoed, L50, M, shiny|100/100
|-weather|RainDance|[from] ability: Drizzle|[of] p2a: Politoed
|move|p1b: Whimsicott|Encore||[still]
|-fail|p1b: Whimsicott
|move|p1a: Basculegion|Wave Crash|p2b: Incineroar
|-supereffective|p2b: Incineroar|1
|-crit|p2b: Incineroar
|-damage|p2b: Incineroar|0 fnt
|faint|p2b: Incineroar
|-damage|p1a: Basculegion|67/100|[from] Recoil
|
|-weather|RainDance|[upkeep]
|-start|p1b: Whimsicott|perish1
|-start|p1a: Basculegion|perish1
|upkeep
|
|t:|1782734672
|switch|p2b: Gengar|Gengar-Mega, L50, M, shiny|100/100
|turn|4
|
|t:|1782734685
|switch|p1a: Garchomp|Garchomp, L50, M|100/100
|switch|p2a: Archaludon|Archaludon, L50, F, shiny|100/100
|move|p2b: Gengar|Protect|p2b: Gengar
|-singleturn|p2b: Gengar|Protect
|move|p1b: Whimsicott|Moonblast|p2b: Gengar
|-activate|p2b: Gengar|move: Protect
|
|-weather|RainDance|[upkeep]
|-start|p1b: Whimsicott|perish0
|-sideend|p1: gundot|move: Tailwind
|faint|p1b: Whimsicott
|upkeep
|
|t:|1782734689
|switch|p1b: Charizard|Charizard, L50, M, shiny|100/100
|turn|5
|-activate|p2a: Archaludon|item: Quick Claw
|
|t:|1782734701
|detailschange|p1b: Charizard|Charizard-Mega-Y, L50, M, shiny
|-mega|p1b: Charizard|Charizard|Charizardite Y
|-weather|SunnyDay|[from] ability: Drought|[of] p1b: Charizard
|move|p2a: Archaludon|Draco Meteor|p1a: Garchomp
|-supereffective|p1a: Garchomp|1
|-damage|p1a: Garchomp|0 fnt
|-unboost|p2a: Archaludon|spa|2
|faint|p1a: Garchomp
|move|p2b: Gengar|Shadow Ball|p1b: Charizard
|-damage|p1b: Charizard|57/100
|move|p1b: Charizard|Heat Wave|p2b: Gengar|[spread] p2a,p2b
|-damage|p2a: Archaludon|25/100
|-damage|p2b: Gengar|13/100
|
|-weather|SunnyDay|[upkeep]
|upkeep
|
|t:|1782734717
|switch|p1a: Basculegion|Basculegion, L50, M|67/100
|turn|6
|
|t:|1782734727
|switch|p2a: Politoed|Politoed, L50, M, shiny|100/100
|-weather|RainDance|[from] ability: Drizzle|[of] p2a: Politoed
|move|p1b: Charizard|Protect|p1b: Charizard
|-singleturn|p1b: Charizard|Protect
|move|p2b: Gengar|Destiny Bond|p2b: Gengar
|-singlemove|p2b: Gengar|Destiny Bond
|move|p1a: Basculegion|Last Respects|p2a: Politoed
|-damage|p2a: Politoed|0 fnt
|faint|p2a: Politoed
|
|-weather|RainDance|[upkeep]
|upkeep
|
|t:|1782734732
|switch|p2a: Archaludon|Archaludon, L50, F, shiny|25/100
|turn|7
|
|t:|1782734741
|move|p2b: Gengar|Shadow Ball|p1a: Basculegion
|-supereffective|p1a: Basculegion|1
|-damage|p1a: Basculegion|0 fnt
|faint|p1a: Basculegion
|move|p1b: Charizard|Heat Wave|p2a: Archaludon|[spread] p2a,p2b
|-damage|p2a: Archaludon|2/100
|-damage|p2b: Gengar|0 fnt
|faint|p2b: Gengar
|move|p2a: Archaludon|Electro Shot||[still]
|-prepare|p2a: Archaludon|Electro Shot
|-boost|p2a: Archaludon|spa|1
|-anim|p2a: Archaludon|Electro Shot|p1b: Charizard
|-supereffective|p1b: Charizard|1
|-damage|p1b: Charizard|0 fnt
|faint|p1b: Charizard
|
|win|PotatoEnri
|raw|gundot's rating: 1144 → 1117(-27 for losing)
|raw|PotatoEnri's rating: 1121 → 1148(+27 for winning)
