|j|☆wpnxemcail
|j|☆kokomiiiii
|html|wpnxemcailkokomiiiii    
|uhtml|bestof|Game 2 of a best-of-3
|t:|1757738672
|gametype|doubles
|player|p1|wpnxemcail|1|1070
|player|p2|kokomiiiii|lillie-masters|1059
|gen|9
|tier|[Gen 9] VGC 2025 Reg H (Bo3)
|rated|
|rule|Species Clause: Limit one of each Pokémon
|rule|Item Clause: Limit 1 of each item
|clearpoke
|poke|p1|Typhlosion-Hisui, L50, M|
|poke|p1|Dragapult, L50, F|
|poke|p1|Whimsicott, L50, F|
|poke|p1|Torkoal, L50, F|
|poke|p1|Lilligant-Hisui, L50, F|
|poke|p1|Indeedee, L50, M|
|poke|p2|Dragonite, L50, M|
|poke|p2|Sneasler, L50, F|
|poke|p2|Rillaboom, L50, M|
|poke|p2|Volcarona, L50, M|
|poke|p2|Ninetales-Alola, L50, F|
|poke|p2|Incineroar, L50, M|
|teampreview|4
|showteam|p1|Typhlosion-Hisui||ChoiceSpecs|Blaze|Eruption,ShadowBall,Overheat,HeatWave|||M|||50|,,,,,Fire]Dragapult||ChoiceBand|ClearBody|DragonDarts,Uturn,TeraBlast,PhantomForce|||F|||50|,,,,,Fairy]Whimsicott||CovertCloak|Prankster|Tailwind,Encore,SunnyDay,Moonblast|||F|||50|,,,,,Water]Torkoal||Charcoal|Drought|Eruption,Overheat,Protect,EarthPower|||F|||50|,,,,,Fire]Lilligant-Hisui||FocusSash|Chlorophyll|CloseCombat,LeafBlade,AfterYou,SleepPowder|||F|||50|,,,,,Ghost]Indeedee||MindPlate|PsychicSurge|Imprison,ExpandingForce,TrickRoom,HelpingHand|||M|||50|,,,,,Psychic
|showteam|p2|Dragonite||LoadedDice|Multiscale|ScaleShot,StompingTantrum,Haze,Protect|||M|||50|,,,,,Fairy]Sneasler||FocusSash|Unburden|FakeOut,Coaching,CloseCombat,DireClaw|||F|||50|,,,,,Stellar]Rillaboom||AssaultVest|GrassySurge|FakeOut,WoodHammer,HighHorsepower,GrassyGlide|||M|||50|,,,,,Fire]Volcarona||Leftovers|FlameBody|HeatWave,TeraBlast,QuiverDance,Protect|||M|||50|,,,,,Fairy]Ninetales-Alola||CovertCloak|SnowWarning|IcyWind,AuroraVeil,Blizzard,Encore|||F|||50|,,,,,Water]Incineroar||SafetyGoggles|Intimidate|FakeOut,KnockOff,FlareBlitz,PartingShot|||M|||50|,,,,,Ghost
|
|t:|1757738708
|teamsize|p1|4
|teamsize|p2|4
|start
|switch|p1a: Typhlosion|Typhlosion-Hisui, L50, M, shiny|100/100
|switch|p1b: Dragapult|Dragapult, L50, F, shiny|100/100
|switch|p2a: Midcineroar|Incineroar, L50, M, shiny|100/100
|switch|p2b: Dragonite|Dragonite, L50, M, shiny|100/100
|-ability|p2a: Midcineroar|Intimidate|boost
|-unboost|p1a: Typhlosion|atk|1
|-fail|p1b: Dragapult|unboost|[from] ability: Clear Body|[of] p1b: Dragapult
|turn|1
|
|t:|1757738732
|switch|p1a: Indeedee|Indeedee, L50, M|100/100
|-fieldstart|move: Psychic Terrain|[from] ability: Psychic Surge|[of] p1a: Indeedee
|-terastallize|p1b: Dragapult|Fairy
|-terastallize|p2b: Dragonite|Fairy
|move|p1b: Dragapult|Dragon Darts|p2a: Midcineroar
|-damage|p2a: Midcineroar|65/100
|-anim|p1b: Dragapult|Dragon Darts|p2a: Midcineroar
|-damage|p2a: Midcineroar|28/100
|move|p2b: Dragonite|Scale Shot|p1b: Dragapult
|-immune|p1b: Dragapult
|move|p2a: Midcineroar|Knock Off|p1a: Indeedee
|-supereffective|p1a: Indeedee
|-damage|p1a: Indeedee|0 fnt
|-enditem|p1a: Indeedee|Mind Plate|[from] move: Knock Off|[of] p2a: Midcineroar
|faint|p1a: Indeedee
|
|upkeep
|
|t:|1757738749
|switch|p1a: Typhlosion|Typhlosion-Hisui, L50, M, shiny|100/100
|turn|2
|
|t:|1757738761
|switch|p2a: Ninetales|Ninetales-Alola, L50, F, shiny|100/100
|-weather|Snowscape|[from] ability: Snow Warning|[of] p2a: Ninetales
|move|p1b: Dragapult|Dragon Darts|p2a: Ninetales
|move|p1a: Typhlosion|Eruption|p2a: Ninetales|[spread] p2a,p2b
|-supereffective|p2a: Ninetales
|-damage|p2a: Ninetales|0 fnt
|-damage|p2b: Dragonite|55/100
|faint|p2a: Ninetales
|move|p2b: Dragonite|Scale Shot|p1a: Typhlosion
|-damage|p1a: Typhlosion|80/100
|-damage|p1a: Typhlosion|59/100
|-damage|p1a: Typhlosion|39/100
|-damage|p1a: Typhlosion|17/100
|-hitcount|p1a: Typhlosion|4
|-unboost|p2b: Dragonite|def|1
|-boost|p2b: Dragonite|spe|1
|
|-weather|Snowscape|[upkeep]
|upkeep
|
|t:|1757738773
|switch|p2a: Volcarona|Volcarona, L50, M, shiny|100/100
|turn|3
|
|t:|1757738784
|switch|p1b: Torkoal|Torkoal, L50, F|100/100
|-weather|SunnyDay|[from] ability: Drought|[of] p1b: Torkoal
|move|p2a: Volcarona|Protect|p2a: Volcarona
|-singleturn|p2a: Volcarona|Protect
|move|p2b: Dragonite|Scale Shot|p1a: Typhlosion
|-damage|p1a: Typhlosion|0 fnt
|faint|p1a: Typhlosion
|-hitcount|p1: Typhlosion|1
|-unboost|p2b: Dragonite|def|1
|-boost|p2b: Dragonite|spe|1
|
|-weather|SunnyDay|[upkeep]
|upkeep
|
|t:|1757738796
|switch|p1a: Dragapult|Dragapult, L50, F, shiny, tera:Fairy|100/100
|turn|4
|
|t:|1757738824
|move|p1b: Torkoal|Protect|p1b: Torkoal
|-singleturn|p1b: Torkoal|Protect
|move|p2b: Dragonite|Stomping Tantrum|p1b: Torkoal
|-activate|p1b: Torkoal|move: Protect
|move|p1a: Dragapult|Phantom Force||[still]
|-prepare|p1a: Dragapult|Phantom Force
|move|p2a: Volcarona|Heat Wave|p1a: Dragapult|[spread] 
|-miss|p2a: Volcarona|p1a: Dragapult
|-activate|p1b: Torkoal|move: Protect
|
|-weather|SunnyDay|[upkeep]
|upkeep
|turn|5
|
|t:|1757738838
|switch|p2b: Midcineroar|Incineroar, L50, M, shiny|28/100
|-ability|p2b: Midcineroar|Intimidate|boost
|-fail|p1a: Dragapult|unboost|[from] ability: Clear Body|[of] p1a: Dragapult
|-unboost|p1b: Torkoal|atk|1
|move|p1a: Dragapult|Phantom Force|p2b: Midcineroar|[from] lockedmove
|-resisted|p2b: Midcineroar
|-damage|p2b: Midcineroar|0 fnt
|faint|p2b: Midcineroar
|move|p2a: Volcarona|Quiver Dance|p2a: Volcarona
|-boost|p2a: Volcarona|spa|1
|-boost|p2a: Volcarona|spd|1
|-boost|p2a: Volcarona|spe|1
|move|p1b: Torkoal|Earth Power|p2a: Volcarona
|-damage|p2a: Volcarona|85/100
|
|-weather|SunnyDay|[upkeep]
|-heal|p2a: Volcarona|92/100|[from] item: Leftovers
|-fieldend|move: Psychic Terrain
|upkeep
|
|t:|1757738855
|switch|p2b: Dragonite|Dragonite, L50, M, shiny, tera:Fairy|55/100
|turn|6
|
|t:|1757738884
|move|p1b: Torkoal|Protect|p1b: Torkoal
|-singleturn|p1b: Torkoal|Protect
|move|p2a: Volcarona|Tera Blast|p1b: Torkoal
|-activate|p1b: Torkoal|move: Protect
|move|p1a: Dragapult|Phantom Force||[still]
|-prepare|p1a: Dragapult|Phantom Force
|move|p2b: Dragonite|Scale Shot|p1b: Torkoal
|-activate|p1b: Torkoal|move: Protect
|
|-weather|SunnyDay|[upkeep]
|-heal|p2a: Volcarona|98/100|[from] item: Leftovers
|upkeep
|turn|7
|
|t:|1757738902
|move|p1b: Torkoal|Protect|p1b: Torkoal
|-singleturn|p1b: Torkoal|Protect
|move|p2a: Volcarona|Tera Blast|p1b: Torkoal
|-activate|p1b: Torkoal|move: Protect
|move|p1a: Dragapult|Phantom Force|p2b: Dragonite|[from] lockedmove
|-damage|p2b: Dragonite|0 fnt
|faint|p2b: Dragonite
|
|-weather|none
|-heal|p2a: Volcarona|100/100|[from] item: Leftovers
|upkeep
|turn|8
|
|t:|1757738919
|move|p2a: Volcarona|Quiver Dance|p2a: Volcarona
|-boost|p2a: Volcarona|spa|1
|-boost|p2a: Volcarona|spd|1
|-boost|p2a: Volcarona|spe|1
|move|p1a: Dragapult|Phantom Force||[still]
|-prepare|p1a: Dragapult|Phantom Force
|move|p1b: Torkoal|Earth Power|p2a: Volcarona
|-damage|p2a: Volcarona|89/100
|
|-heal|p2a: Volcarona|95/100|[from] item: Leftovers
|upkeep
|turn|9
|
|t:|1757738929
|move|p1b: Torkoal|Protect|p1b: Torkoal
|-singleturn|p1b: Torkoal|Protect
|move|p2a: Volcarona|Quiver Dance|p2a: Volcarona
|-boost|p2a: Volcarona|spa|1
|-boost|p2a: Volcarona|spd|1
|-boost|p2a: Volcarona|spe|1
|move|p1a: Dragapult|Phantom Force|p2a: Volcarona|[from] lockedmove
|-damage|p2a: Volcarona|19/100
|
|-heal|p2a: Volcarona|25/100|[from] item: Leftovers
|upkeep
|turn|10
|
|t:|1757738941
|move|p2a: Volcarona|Heat Wave|p1b: Torkoal|[spread] p1a,p1b
|-resisted|p1b: Torkoal
|-crit|p1b: Torkoal
|-damage|p1a: Dragapult|0 fnt
|-damage|p1b: Torkoal|11/100
|faint|p1a: Dragapult
|move|p1b: Torkoal|Earth Power|p2a: Volcarona
|-damage|p2a: Volcarona|16/100
|
|-heal|p2a: Volcarona|22/100|[from] item: Leftovers
|upkeep
|turn|11
|-message|wpnxemcail forfeited.
|
|win|kokomiiiii
|l|☆wpnxemcail
|player|p1|
||wpnxemcail is ready for game 3.
