|j|☆testdigi
|j|☆NyulaDraws
|html|testdigiNyulaDraws    
|uhtml|bestof|Game 1 of a best-of-3
|t:|1784293973
|gametype|doubles
|player|p1|testdigi|1|1075
|player|p2|NyulaDraws|backpacker|1138
|gen|9
|tier|[Gen 9 Champions] VGC 2026 Reg M-B (Bo3)
|rated|
|rule|Species Clause: Limit one of each Pokémon
|rule|Item Clause: Limit 1 of each item
|clearpoke
|poke|p1|Sneasler, L50, M|
|poke|p1|Delphox, L50, M, shiny|
|poke|p1|Kingambit, L50, M, shiny|
|poke|p1|Sinistcha, L50|
|poke|p1|Incineroar, L50, F|
|poke|p1|Blastoise, L50, M|
|poke|p2|Tyranitar, L50, M|
|poke|p2|Excadrill, L50, F, shiny|
|poke|p2|Milotic, L50, M|
|poke|p2|Sinistcha, L50|
|poke|p2|Staraptor, L50, M, shiny|
|poke|p2|Gholdengo, L50|
|teampreview|4
|showteam|p1|Sneasler||FocusSash|PoisonTouch|PoisonJab,QuickGuard,CloseCombat,FakeOut|Jolly||M|||50|]Delphox||Delphoxite|Blaze|HeatWave,Psychic,NastyPlot,Protect|Timid||M|||50|]Kingambit||LifeOrb|Defiant|KowtowCleave,SuckerPunch,SwordsDance,Protect|Adamant||M|||50|]Sinistcha||ColburBerry|Hospitality|MatchaGotcha,RagePowder,TrickRoom,Protect|Bold|||||50|]Incineroar||SitrusBerry|Intimidate|FlareBlitz,HelpingHand,PartingShot,FakeOut|Impish||F|||50|]Blastoise||Blastoisinite|RainDish|WaterSpout,DarkPulse,ShellSmash,Protect|Modest||M|||50|
|showteam|p2|Tyranitar||Tyranitarite|SandStream|KnockOff,RockSlide,HighHorsepower,Protect|Jolly||M|||50|]Excadrill||FocusSash|SandRush|HighHorsepower,IronHead,RockSlide,Protect|Jolly||F|||50|]Milotic||SitrusBerry|Competitive|Scald,IcyWind,Haze,Protect|Calm||M|||50|]Sinistcha||ColburBerry|Hospitality|MatchaGotcha,ShadowBall,Protect,RagePowder|Bold|||||50|]Staraptor||Staraptite|Intimidate|CloseCombat,BraveBird,Tailwind,Protect|Jolly||M|||50|]Gholdengo||LifeOrb|GoodasGold|MakeItRain,ShadowBall,NastyPlot,Protect|Modest|||||50|
|inactive|Battle timer is ON: inactive players will automatically lose when time's up. (requested by NyulaDraws)
|
|t:|1784294018
|teamsize|p1|4
|teamsize|p2|4
|start
|switch|p1a: Incineroar|Incineroar, L50, F|100/100
|switch|p1b: Blastoise|Blastoise, L50, M|100/100
|switch|p2a: Staraptor|Staraptor, L50, M, shiny|100/100
|switch|p2b: Sinistcha|Sinistcha, L50|100/100
|-ability|p2a: Staraptor|Intimidate|boost
|-unboost|p1a: Incineroar|atk|1
|-unboost|p1b: Blastoise|atk|1
|-ability|p1a: Incineroar|Intimidate|boost
|-unboost|p2a: Staraptor|atk|1
|-unboost|p2b: Sinistcha|atk|1
|turn|1
|
|t:|1784294039
|detailschange|p2a: Staraptor|Staraptor-Mega, L50, M, shiny
|-mega|p2a: Staraptor|Staraptor|Staraptite
|detailschange|p1b: Blastoise|Blastoise-Mega, L50, M
|-mega|p1b: Blastoise|Blastoise|Blastoisinite
|move|p1a: Incineroar|Fake Out|p2a: Staraptor
|-damage|p2a: Staraptor|93/100
|cant|p2a: Staraptor|flinch
|move|p1b: Blastoise|Dark Pulse|p2b: Sinistcha
|-supereffective|p2b: Sinistcha|1
|-enditem|p2b: Sinistcha|Colbur Berry|[eat]
|-enditem|p2b: Sinistcha|Colbur Berry|[weaken]
|-damage|p2b: Sinistcha|48/100
|move|p2b: Sinistcha|Matcha Gotcha|p1a: Incineroar|[spread] p1a,p1b
|-resisted|p1a: Incineroar|1
|-supereffective|p1b: Blastoise|1
|-damage|p1a: Incineroar|88/100
|-heal|p2b: Sinistcha|55/100|[from] drain|[of] p1a: Incineroar
|-damage|p1b: Blastoise|50/100y
|-heal|p2b: Sinistcha|78/100|[from] drain|[of] p1b: Blastoise
|
|upkeep
|turn|2
|inactive|testdigi has 30 seconds left.
|
|t:|1784294070
|switch|p1b: Sinistcha|Sinistcha, L50|100/100
|-heal|p1a: Incineroar|100/100|[from] ability: Hospitality|[of] p1b: Sinistcha
|move|p2a: Staraptor|Tailwind|p2a: Staraptor
|-sidestart|p2: NyulaDraws|move: Tailwind
|move|p2b: Sinistcha|Matcha Gotcha|p1a: Incineroar|[spread] p1a,p1b
|-resisted|p1a: Incineroar|1
|-resisted|p1b: Sinistcha|1
|-damage|p1a: Incineroar|88/100
|-heal|p2b: Sinistcha|85/100|[from] drain|[of] p1a: Incineroar
|-damage|p1b: Sinistcha|88/100
|-heal|p2b: Sinistcha|90/100|[from] drain|[of] p1b: Sinistcha
|move|p1a: Incineroar|Flare Blitz|p2b: Sinistcha
|-supereffective|p2b: Sinistcha|1
|-damage|p2b: Sinistcha|39/100
|-damage|p1a: Incineroar|73/100|[from] Recoil
|
|upkeep
|turn|3
|inactive|NyulaDraws has 30 seconds left.
|
|t:|1784294104
|switch|p1b: Sneasler|Sneasler, L50, M|100/100
|move|p2a: Staraptor|Brave Bird|p1b: Sneasler
|-supereffective|p1b: Sneasler|1
|-enditem|p1b: Sneasler|Focus Sash
|-damage|p1b: Sneasler|1/100
|-damage|p2a: Staraptor|66/100|[from] Recoil
|move|p2b: Sinistcha|Shadow Ball|p1b: Sneasler
|-damage|p1b: Sneasler|0 fnt
|faint|p1b: Sneasler
|move|p1a: Incineroar|Flare Blitz|p2b: Sinistcha
|-supereffective|p2b: Sinistcha|1
|-damage|p2b: Sinistcha|0 fnt
|faint|p2b: Sinistcha
|-damage|p1a: Incineroar|62/100|[from] Recoil
|
|upkeep
|
|t:|1784294121
|switch|p1b: Sinistcha|Sinistcha, L50|88/100
|switch|p2b: Tyranitar|Tyranitar, L50, M|100/100
|-weather|Sandstorm|[from] ability: Sand Stream|[of] p2b: Tyranitar
|-heal|p1a: Incineroar|87/100|[from] ability: Hospitality|[of] p1b: Sinistcha
|turn|4
|
|t:|1784294137
|move|p1b: Sinistcha|Protect|p1b: Sinistcha
|-singleturn|p1b: Sinistcha|Protect
|move|p2a: Staraptor|Brave Bird|p1b: Sinistcha
|-activate|p1b: Sinistcha|move: Protect
|move|p2b: Tyranitar|Knock Off|p1b: Sinistcha
|-activate|p1b: Sinistcha|move: Protect
|move|p1a: Incineroar|Parting Shot|p2b: Tyranitar
|-unboost|p2b: Tyranitar|atk|1
|-unboost|p2b: Tyranitar|spa|1
|
|t:|1784294144
|switch|p1a: Blastoise|Blastoise-Mega, L50, M|50/100y|[from] Parting Shot
|
|-weather|Sandstorm|[upkeep]
|-damage|p2a: Staraptor|60/100|[from] Sandstorm
|-damage|p1a: Blastoise|43/100|[from] Sandstorm
|-damage|p1b: Sinistcha|82/100|[from] Sandstorm
|upkeep
|turn|5
|
|t:|1784294170
|move|p2a: Staraptor|Brave Bird|p1b: Sinistcha
|-supereffective|p1b: Sinistcha|1
|-damage|p1b: Sinistcha|17/100
|-damage|p2a: Staraptor|40/100|[from] Recoil
|move|p2b: Tyranitar|Rock Slide|p1b: Sinistcha|[spread] p1a,p1b
|-damage|p1a: Blastoise|26/100
|-damage|p1b: Sinistcha|1/100
|move|p1a: Blastoise|Dark Pulse|p2a: Staraptor
|-resisted|p2a: Staraptor|1
|-damage|p2a: Staraptor|14/100
|cant|p1b: Sinistcha|flinch
|
|-weather|Sandstorm|[upkeep]
|-damage|p2a: Staraptor|8/100|[from] Sandstorm
|-damage|p1a: Blastoise|20/100r|[from] Sandstorm
|-damage|p1b: Sinistcha|0 fnt|[from] Sandstorm
|faint|p1b: Sinistcha
|-sideend|p2: NyulaDraws|move: Tailwind
|upkeep
|
|t:|1784294172
|switch|p1b: Incineroar|Incineroar, L50, F|87/100
|-ability|p1b: Incineroar|Intimidate|boost
|-boost|p2a: Staraptor|atk|1
|-unboost|p2b: Tyranitar|atk|1
|turn|6
|inactive|NyulaDraws has 30 seconds left.
|
|t:|1784294198
|move|p1b: Incineroar|Fake Out|p2a: Staraptor
|-damage|p2a: Staraptor|0 fnt
|faint|p2a: Staraptor
|move|p1a: Blastoise|Dark Pulse|p2b: Tyranitar
|-resisted|p2b: Tyranitar|1
|-damage|p2b: Tyranitar|84/100
|move|p2b: Tyranitar|Rock Slide|p1a: Blastoise|[spread] p1a,p1b
|-supereffective|p1b: Incineroar|1
|-damage|p1a: Blastoise|6/100
|-damage|p1b: Incineroar|68/100
|
|-weather|Sandstorm|[upkeep]
|-damage|p1a: Blastoise|1/100|[from] Sandstorm
|-damage|p1b: Incineroar|62/100|[from] Sandstorm
|upkeep
|
|t:|1784294206
|switch|p2a: Excadrill|Excadrill, L50, F, shiny|100/100
|turn|7
|
|t:|1784294215
|move|p2a: Excadrill|High Horsepower|p1b: Incineroar
|-supereffective|p1b: Incineroar|1
|-damage|p1b: Incineroar|0 fnt
|faint|p1b: Incineroar
|move|p1a: Blastoise|Dark Pulse|p2a: Excadrill
|-damage|p2a: Excadrill|33/100
|move|p2b: Tyranitar|Rock Slide|p1a: Blastoise
|-damage|p1a: Blastoise|0 fnt
|faint|p1a: Blastoise
|
|win|NyulaDraws
