|j|☆tempestuwumeow
|j|☆tobyga
|html|tempestuwumeowtobyga    
|uhtml|bestof|Game 2 of a best-of-3
|t:|1786164939
|gametype|doubles
|player|p1|tempestuwumeow|170|
|player|p2|tobyga|miku-flying|
|gen|9
|tier|[Gen 9 Champions] VGC 2026 Reg M-B (Bo3)
|rule|Species Clause: Limit one of each Pokémon
|rule|Item Clause: Limit 1 of each item
|clearpoke
|poke|p1|Delphox, L50, F|
|poke|p1|Whimsicott, L50, F|
|poke|p1|Basculegion, L50, M|
|poke|p1|Garchomp, L50, M|
|poke|p1|Reuniclus, L50, F|
|poke|p1|Vileplume, L50, M|
|poke|p2|Avalugg, L50, F|
|poke|p2|Charizard, L50, F|
|poke|p2|Venusaur, L50, M|
|poke|p2|Farigiraf, L50, M|
|poke|p2|Barbaracle, L50, M|
|poke|p2|Ariados, L50, F|
|teampreview|4
|showteam|p1|Delphox||Delphoxite|Blaze|Protect,HeatWave,Psychic,NastyPlot|Modest||F|||50|]Whimsicott||FocusSash|Chlorophyll|Tailwind,Taunt,Moonblast,Protect|Timid||F|||50|]Basculegion||SpellTag|Adaptability|WaveCrash,Protect,AquaJet,LastRespects|Jolly||M|||50|]Garchomp||ChoiceScarf|RoughSkin|Earthquake,RockSlide,DragonClaw,Outrage|Jolly||M|||50|]Reuniclus||LifeOrb|Overcoat|RockSlide,Imprison,TrickRoom,Psychic|Brave||F|||50|]Vileplume||OccaBerry|Chlorophyll|SleepPowder,SludgeBomb,Protect,WeatherBall|Bold||M|||50|
|showteam|p2|Avalugg||Leftovers|Sturdy|WideGuard,IcicleCrash,Crunch,Protect|Brave||F|||50|]Charizard||CharizarditeY|Blaze|HeatWave,WeatherBall,Protect,DragonPulse|Modest||F|||50|]Venusaur||FocusSash|Chlorophyll|AcidSpray,SleepPowder,EarthPower,GigaDrain|Timid||M|||50|]Farigiraf||SitrusBerry|ArmorTail|TrickRoom,Psychic,ThunderWave,FoulPlay|Sassy||M|||50|]Barbaracle||WhiteHerb|ToughClaws|ShellSmash,NightSlash,Liquidation,RockSlide|Adamant||M|||50|]Ariados||OccaBerry|Insomnia|RagePowder,Protect,StringShot,Megahorn|Careful||F|||50|
|j| Potatomonstr
|j| andorite2
|j| falba
|j| PuffTheCutie
|j| Peppersalt1
|
|t:|1786164997
|teamsize|p1|4
|teamsize|p2|4
|start
|switch|p1a: Delphox|Delphox, L50, F|100/100
|switch|p1b: Whimsicott|Whimsicott, L50, F|100/100
|switch|p2a: Stay 6 feet away|Ariados, L50, F|100/100
|switch|p2b: Squidward's Cousin|Barbaracle, L50, M|100/100
|turn|1
|inactive|Battle timer is ON: inactive players will automatically lose when time's up. (requested by tempestuwumeow)
|
|t:|1786165061
|switch|p1a: Basculegion|Basculegion, L50, M|100/100
|move|p2a: Stay 6 feet away|Protect|p2a: Stay 6 feet away
|-singleturn|p2a: Stay 6 feet away|Protect
|move|p1b: Whimsicott|Taunt|p2b: Squidward's Cousin
|-start|p2b: Squidward's Cousin|move: Taunt
|move|p2b: Squidward's Cousin|Liquidation|p1a: Basculegion
|-resisted|p1a: Basculegion|1
|-damage|p1a: Basculegion|62/100
|
|upkeep
|turn|2
|inactive|tempestuwumeow has 30 seconds left.
|inactive|tempestuwumeow has 20 seconds left.
|
|t:|1786165098
|move|p1b: Whimsicott|Moonblast|p2b: Squidward's Cousin
|-damage|p2b: Squidward's Cousin|59/100
|move|p1a: Basculegion|Wave Crash|p2b: Squidward's Cousin
|-damage|p2b: Squidward's Cousin|0 fnt
|faint|p2b: Squidward's Cousin
|-damage|p1a: Basculegion|46/100|[from] Recoil
|move|p2a: Stay 6 feet away|Megahorn|p1b: Whimsicott
|-damage|p1b: Whimsicott|40/100
|
|upkeep
|
|t:|1786165110
|switch|p2b: Dragon Wannabe|Charizard, L50, F|100/100
|turn|3
|inactive|tempestuwumeow has 30 seconds left.
|inactive|tempestuwumeow has 20 seconds left.
|inactive|tempestuwumeow has 15 seconds left.
|
|t:|1786165151
|detailschange|p2b: Dragon Wannabe|Charizard-Mega-Y, L50, F
|-mega|p2b: Dragon Wannabe|Charizard|Charizardite Y
|-weather|SunnyDay|[from] ability: Drought|[of] p2b: Dragon Wannabe
|move|p1a: Basculegion|Protect|p1a: Basculegion
|-singleturn|p1a: Basculegion|Protect
|move|p2a: Stay 6 feet away|Rage Powder|p2a: Stay 6 feet away
|-singleturn|p2a: Stay 6 feet away|move: Rage Powder
|move|p1b: Whimsicott|Tailwind|p1b: Whimsicott
|-sidestart|p1: tempestuwumeow|move: Tailwind
|move|p2b: Dragon Wannabe|Heat Wave|p1a: Basculegion|[spread] p1b
|-activate|p1a: Basculegion|move: Protect
|-supereffective|p1b: Whimsicott|1
|-damage|p1b: Whimsicott|0 fnt
|faint|p1b: Whimsicott
|
|-weather|SunnyDay|[upkeep]
|upkeep
|
|t:|1786165173
|switch|p1b: Reuniclus|Reuniclus, L50, F|100/100
|turn|4
|
|t:|1786165190
|move|p2b: Dragon Wannabe|Protect|p2b: Dragon Wannabe
|-singleturn|p2b: Dragon Wannabe|Protect
|move|p1a: Basculegion|Wave Crash|p2b: Dragon Wannabe
|-activate|p2b: Dragon Wannabe|move: Protect
|move|p1b: Reuniclus|Rock Slide|p2a: Stay 6 feet away|[spread] 
|-activate|p2b: Dragon Wannabe|move: Protect
|-miss|p1b: Reuniclus|p2a: Stay 6 feet away
|move|p2a: Stay 6 feet away|String Shot|p1b: Reuniclus|[spread] p1a,p1b
|-unboost|p1a: Basculegion|spe|2
|-unboost|p1b: Reuniclus|spe|2
|
|-weather|SunnyDay|[upkeep]
|upkeep
|turn|5
|inactive|tobyga has 30 seconds left.
|
|t:|1786165216
|switch|p1a: Delphox|Delphox, L50, F|100/100
|move|p2a: Stay 6 feet away|Rage Powder|p2a: Stay 6 feet away
|-singleturn|p2a: Stay 6 feet away|move: Rage Powder
|move|p2b: Dragon Wannabe|Heat Wave|p1b: Reuniclus|[spread] p1a,p1b
|-resisted|p1a: Delphox|1
|-damage|p1a: Delphox|56/100
|-damage|p1b: Reuniclus|28/100
|move|p1b: Reuniclus|Rock Slide|p2b: Dragon Wannabe|[spread] p2b
|-miss|p1b: Reuniclus|p2a: Stay 6 feet away
|-supereffective|p2b: Dragon Wannabe|2
|-damage|p2b: Dragon Wannabe|14/100
|-damage|p1b: Reuniclus|18/100|[from] item: Life Orb
|
|-weather|SunnyDay|[upkeep]
|upkeep
|turn|6
|inactive|tobyga has 30 seconds left.
|inactive|tobyga has 20 seconds left.
|inactive|tobyga has 15 seconds left.
|
|t:|1786165259
|detailschange|p1a: Delphox|Delphox-Mega, L50, F
|-mega|p1a: Delphox|Delphox|Delphoxite
|move|p1a: Delphox|Heat Wave|p2a: Stay 6 feet away|[spread] p2a,p2b
|-supereffective|p2a: Stay 6 feet away|1
|-enditem|p2a: Stay 6 feet away|Occa Berry|[eat]
|-enditem|p2a: Stay 6 feet away|Occa Berry|[weaken]
|-resisted|p2b: Dragon Wannabe|1
|-damage|p2a: Stay 6 feet away|33/100
|-damage|p2b: Dragon Wannabe|0 fnt
|faint|p2b: Dragon Wannabe
|move|p2a: Stay 6 feet away|Megahorn|p1b: Reuniclus
|-supereffective|p1b: Reuniclus|1
|-damage|p1b: Reuniclus|0 fnt
|faint|p1b: Reuniclus
|
|-weather|SunnyDay|[upkeep]
|-sideend|p1: tempestuwumeow|move: Tailwind
|upkeep
|
|t:|1786165270
|switch|p2b: Grass Dog Shaped|Venusaur, L50, M|100/100
|switch|p1b: Basculegion|Basculegion, L50, M|46/100
|turn|7
|
|t:|1786165293
|move|p1a: Delphox|Protect|p1a: Delphox
|-singleturn|p1a: Delphox|Protect
|move|p2a: Stay 6 feet away|Rage Powder|p2a: Stay 6 feet away
|-singleturn|p2a: Stay 6 feet away|move: Rage Powder
|move|p1b: Basculegion|Aqua Jet|p2a: Stay 6 feet away
|-damage|p2a: Stay 6 feet away|18/100
|move|p2b: Grass Dog Shaped|Sleep Powder|p1a: Delphox
|-activate|p1a: Delphox|move: Protect
|
|-weather|none
|upkeep
|turn|8
|inactive|tobyga has 30 seconds left.
|
|t:|1786165324
|move|p2a: Stay 6 feet away|Rage Powder|p2a: Stay 6 feet away
|-singleturn|p2a: Stay 6 feet away|move: Rage Powder
|move|p1a: Delphox|Heat Wave|p2b: Grass Dog Shaped|[spread] p2a,p2b
|-supereffective|p2a: Stay 6 feet away|1
|-supereffective|p2b: Grass Dog Shaped|1
|-damage|p2a: Stay 6 feet away|0 fnt
|-enditem|p2b: Grass Dog Shaped|Focus Sash
|-damage|p2b: Grass Dog Shaped|1/100
|faint|p2a: Stay 6 feet away
|move|p2b: Grass Dog Shaped|Sleep Powder|p1a: Delphox
|-status|p1a: Delphox|slp|[from] move: Sleep Powder
|move|p1b: Basculegion|Last Respects|p2b: Grass Dog Shaped
|-damage|p2b: Grass Dog Shaped|0 fnt
|faint|p2b: Grass Dog Shaped
|
|win|tempestuwumeow
||tobyga is ready for game 3.
||tempestuwumeow is ready for game 3.
|uhtml|next|Next: Game 3 of 3
