|j|☆wingblade33
|j|☆eztico
|html|wingblade33eztico    
|uhtml|bestof|Game 2 of a best-of-3
|t:|1784655199
|gametype|doubles
|player|p1|wingblade33|101|1220
|player|p2|eztico|169|1228
|gen|9
|tier|[Gen 9 Champions] VGC 2026 Reg M-B (Bo3)
|rated|
|rule|Species Clause: Limit one of each Pokémon
|rule|Item Clause: Limit 1 of each item
|clearpoke
|poke|p1|Tyranitar, L50, F|
|poke|p1|Milotic, L50, F|
|poke|p1|Sinistcha, L50|
|poke|p1|Gholdengo, L50|
|poke|p1|Excadrill, L50, M|
|poke|p1|Staraptor, L50, M|
|poke|p2|Sylveon, L50, F|
|poke|p2|Charizard, L50, M|
|poke|p2|Garchomp, L50, M|
|poke|p2|Farigiraf, L50, M|
|poke|p2|Aerodactyl, L50, M|
|poke|p2|Kingambit, L50, M|
|teampreview|4
|showteam|p1|Tyranitar||Tyranitarite|SandStream|KnockOff,DragonDance,RockSlide,Protect|Adamant||F|||50|]Milotic||Leftovers|Competitive|IcyWind,Scald,Haze,Protect|Calm||F|||50|]Sinistcha||KasibBerry|Hospitality|MatchaGotcha,Protect,RagePowder,TrickRoom|Calm|||||50|]Gholdengo||LifeOrb|GoodasGold|MakeItRain,ShadowBall,NastyPlot,Protect|Modest|||||50|]Excadrill||FocusSash|SandRush|HighHorsepower,IronHead,RockSlide,Protect|Adamant||M|||50|]Staraptor||Staraptite|Intimidate|CloseCombat,BraveBird,Roost,Protect|Jolly||M|||50|
|showteam|p2|Sylveon||FairyFeather|Pixilate|HyperBeam,Detect,HyperVoice,QuickAttack|Modest||F|||50|]Charizard||CharizarditeY|Blaze|Protect,WeatherBall,SolarBeam,HeatWave|Modest||M|||50|]Garchomp||LifeOrb|RoughSkin|Protect,DragonClaw,RockSlide,StompingTantrum|Jolly||M|||50|]Farigiraf||SitrusBerry|ArmorTail|TrickRoom,Roar,Thunderbolt,Protect|Calm||M|||50|]Aerodactyl||Aerodactylite|Unnerve|WideGuard,RockSlide,Tailwind,IceFang|Jolly||M|||50|]Kingambit||FocusSash|Defiant|KowtowCleave,SuckerPunch,LowKick,IronHead|Adamant||M|||50|
|inactive|Battle timer is ON: inactive players will automatically lose when time's up. (requested by wingblade33)
|inactive|eztico also wants the timer to be on.
|inactive|wingblade33 has 60 seconds left.
|inactive|wingblade33 has 30 seconds left.
|
|t:|1784655265
|teamsize|p1|4
|teamsize|p2|4
|start
|switch|p1a: Excadrill|Excadrill, L50, M|100/100
|switch|p1b: Tyranitar|Tyranitar, L50, F|100/100
|switch|p2a: Aerodactyl|Aerodactyl, L50, M|100/100
|switch|p2b: Garchomp|Garchomp, L50, M|100/100
|-ability|p2a: Aerodactyl|Unnerve
|-weather|Sandstorm|[from] ability: Sand Stream|[of] p1b: Tyranitar
|turn|1
|inactive|wingblade33 has 30 seconds left.
|
|t:|1784655298
|detailschange|p2a: Aerodactyl|Aerodactyl-Mega, L50, M
|-mega|p2a: Aerodactyl|Aerodactyl|Aerodactylite
|move|p2a: Aerodactyl|Wide Guard|p2a: Aerodactyl
|-singleturn|p2a: Aerodactyl|Wide Guard
|move|p1a: Excadrill|Iron Head|p2a: Aerodactyl
|-supereffective|p2a: Aerodactyl|1
|-crit|p2a: Aerodactyl
|-damage|p2a: Aerodactyl|0 fnt
|faint|p2a: Aerodactyl
|move|p2b: Garchomp|Rock Slide|p1a: Excadrill|[spread] p1a,p1b
|-resisted|p1a: Excadrill|2
|-crit|p1a: Excadrill
|-damage|p1a: Excadrill|87/100
|-damage|p1b: Tyranitar|77/100
|-damage|p2b: Garchomp|90/100|[from] item: Life Orb
|move|p1b: Tyranitar|Dragon Dance|p1b: Tyranitar
|-boost|p1b: Tyranitar|atk|1
|-boost|p1b: Tyranitar|spe|1
|
|-weather|Sandstorm|[upkeep]
|upkeep
|inactive|eztico has 30 seconds left.
|
|t:|1784655328
|switch|p2a: Kingambit|Kingambit, L50, M|100/100
|turn|2
|inactive|wingblade33 has 30 seconds left.
|inactive|wingblade33 has 20 seconds left.
|inactive|wingblade33 has 15 seconds left.
|inactive|wingblade33 has 10 seconds left.
|
|t:|1784655373
|switch|p1b: Milotic|Milotic, L50, F|100/100
|move|p1a: Excadrill|High Horsepower|p2a: Kingambit
|-supereffective|p2a: Kingambit|1
|-damage|p2a: Kingambit|7/100
|move|p2b: Garchomp|Stomping Tantrum|p1b: Milotic
|-damage|p1b: Milotic|56/100
|-damage|p2b: Garchomp|80/100|[from] item: Life Orb
|move|p2a: Kingambit|Low Kick|p1b: Milotic
|-damage|p1b: Milotic|17/100
|
|-weather|Sandstorm|[upkeep]
|-damage|p1b: Milotic|11/100|[from] Sandstorm
|-heal|p1b: Milotic|17/100|[from] item: Leftovers
|upkeep
|turn|3
|inactive|wingblade33 has 30 seconds left.
|
|t:|1784655405
|switch|p1b: Tyranitar|Tyranitar, L50, F|77/100
|move|p2a: Kingambit|Sucker Punch|p1a: Excadrill
|-damage|p1a: Excadrill|26/100
|move|p1a: Excadrill|Rock Slide|p2b: Garchomp|[spread] p2a,p2b
|-resisted|p2a: Kingambit|1
|-resisted|p2b: Garchomp|1
|-damage|p2a: Kingambit|0 fnt
|-damage|p2b: Garchomp|69/100
|faint|p2a: Kingambit
|move|p2b: Garchomp|Rock Slide|p1a: Excadrill|[spread] p1a,p1b
|-resisted|p1a: Excadrill|2
|-crit|p1b: Tyranitar
|-damage|p1a: Excadrill|17/100
|-damage|p1b: Tyranitar|47/100
|-damage|p2b: Garchomp|60/100|[from] item: Life Orb
|
|-weather|Sandstorm|[upkeep]
|upkeep
|
|t:|1784655419
|switch|p2a: Sylveon|Sylveon, L50, F|100/100
|turn|4
|inactive|wingblade33 has 30 seconds left.
|
|t:|1784655453
|detailschange|p1b: Tyranitar|Tyranitar-Mega, L50, F
|-mega|p1b: Tyranitar|Tyranitar|Tyranitarite
|move|p1a: Excadrill|High Horsepower|p2b: Garchomp
|-damage|p2b: Garchomp|7/100
|-damage|p1a: Excadrill|4/100|[from] ability: Rough Skin|[of] p2b: Garchomp
|move|p2b: Garchomp|Stomping Tantrum|p1b: Tyranitar
|-supereffective|p1b: Tyranitar|1
|-damage|p1b: Tyranitar|0 fnt
|faint|p1b: Tyranitar
|-damage|p2b: Garchomp|0 fnt|[from] item: Life Orb
|faint|p2b: Garchomp
|move|p2a: Sylveon|Hyper Voice|p1a: Excadrill
|-resisted|p1a: Excadrill|1
|-damage|p1a: Excadrill|0 fnt
|faint|p1a: Excadrill
|
|-weather|Sandstorm|[upkeep]
|-damage|p2a: Sylveon|93/100|[from] Sandstorm
|upkeep
|
|t:|1784655467
|switch|p1a: Milotic|Milotic, L50, F|17/100
|switch|p1b: Gholdengo|Gholdengo, L50|100/100
|turn|5
|
|t:|1784655475
|move|p1b: Gholdengo|Make It Rain|p2a: Sylveon
|-supereffective|p2a: Sylveon|1
|-damage|p2a: Sylveon|0 fnt
|-unboost|p1b: Gholdengo|spa|2
|faint|p2a: Sylveon
|-damage|p1b: Gholdengo|90/100|[from] item: Life Orb
|
|win|wingblade33
|raw|wingblade33's rating: 1220 → 1246(+26 for winning)
|raw|eztico's rating: 1228 → 1202(-26 for losing)
