|j|☆Cam oddish
|j|☆Refanner
|html|Cam oddishRefanner    
|uhtml|bestof|Game 2 of a best-of-3
|t:|1756809857
|gametype|doubles
|player|p1|Cam oddish|crasherwake|1077
|player|p2|Refanner|2|1195
|gen|9
|tier|[Gen 9] VGC 2025 Reg H (Bo3)
|rated|
|rule|Species Clause: Limit one of each Pokémon
|rule|Item Clause: Limit 1 of each item
|clearpoke
|poke|p1|Kommo-o, L50, F|
|poke|p1|Indeedee-F, L50, F|
|poke|p1|Espeon, L50, F|
|poke|p1|Flamigo, L50, M|
|poke|p1|Typhlosion-Hisui, L50, F|
|poke|p1|Amoonguss, L50, F|
|poke|p2|Garchomp, L50, M|
|poke|p2|Incineroar, L50, M|
|poke|p2|Hydreigon, L50, M|
|poke|p2|Gholdengo, L50|
|poke|p2|Sneasler, L50, F|
|poke|p2|Amoonguss, L50, M|
|teampreview|4
|showteam|p1|Kommo-o||Leftovers|Overcoat|ClangorousSoul,ClangingScales,AuraSphere,Protect|||F|||50|,,,,,Steel]Indeedee-F||RockyHelmet|PsychicSurge|FollowMe,HelpingHand,TrickRoom,Psychic|||F|||50|,,,,,Dark]Espeon||LifeOrb|MagicBounce|ExpandingForce,DazzlingGleam,PsychUp,Protect|||F|||50|,,,,,Fairy]Flamigo||FocusSash|Costar|BraveBird,CloseCombat,ThroatChop,Protect|||M|||50|,,,,,Stellar]Typhlosion-Hisui||ChoiceScarf|Blaze|Eruption,ShadowBall,HeatWave,Flamethrower|||F|||50|,,,,,Fire]Amoonguss||CovertCloak|Regenerator|Spore,RagePowder,SludgeBomb,Protect|||F|||50|,,,,,Electric
|showteam|p2|Garchomp||LoadedDice|RoughSkin|ScaleShot,Earthquake,StompingTantrum,Protect|||M|||50|,,,,,Fire]Incineroar||SitrusBerry|Intimidate|FlareBlitz,KnockOff,PartingShot,FakeOut|||M|||50|,,,,,Grass]Hydreigon||SafetyGoggles|Levitate|Snarl,DracoMeteor,Tailwind,Protect|||M|||50|,,,,,Ghost]Gholdengo||MetalCoat|GoodasGold|MakeItRain,ShadowBall,NastyPlot,Protect||||||50|,,,,,Flying]Sneasler||WhiteHerb|Unburden|CloseCombat,DireClaw,Protect,Coaching|||F|||50|,,,,,Ghost]Amoonguss||CovertCloak|Regenerator|PollenPuff,Spore,RagePowder,Protect|||M|||50|,,,,,Water
|inactive|Battle timer is ON: inactive players will automatically lose when time's up. (requested by Cam oddish)
|inactive|Refanner has 60 seconds left.
|
|t:|1756809911
|teamsize|p1|4
|teamsize|p2|4
|start
|switch|p1a: Indeedee|Indeedee-F, L50, F, shiny|100/100
|switch|p1b: Kommo-o|Kommo-o, L50, F, shiny|100/100
|switch|p2a: Garchomp|Garchomp, L50, M|100/100
|switch|p2b: Hydreigon|Hydreigon, L50, M|100/100
|-fieldstart|move: Psychic Terrain|[from] ability: Psychic Surge|[of] p1a: Indeedee
|turn|1
|inactive|Refanner has 30 seconds left.
|
|t:|1756809938
|move|p1a: Indeedee|Follow Me|p1a: Indeedee
|-singleturn|p1a: Indeedee|move: Follow Me
|move|p2b: Hydreigon|Snarl|p1b: Kommo-o|[spread] p1a,p1b
|-supereffective|p1a: Indeedee
|-resisted|p1b: Kommo-o
|-damage|p1a: Indeedee|63/100
|-damage|p1b: Kommo-o|92/100
|-unboost|p1a: Indeedee|spa|1
|-unboost|p1b: Kommo-o|spa|1
|move|p2a: Garchomp|Earthquake|p1b: Kommo-o|[spread] p1a,p1b
|-immune|p2b: Hydreigon|[from] ability: Levitate
|-damage|p1a: Indeedee|20/100
|-damage|p1b: Kommo-o|54/100
|move|p1b: Kommo-o|Clangorous Soul|p1b: Kommo-o
|-boost|p1b: Kommo-o|atk|1
|-boost|p1b: Kommo-o|def|1
|-boost|p1b: Kommo-o|spa|1
|-boost|p1b: Kommo-o|spd|1
|-boost|p1b: Kommo-o|spe|1
|-damage|p1b: Kommo-o|22/100
|
|-heal|p1b: Kommo-o|28/100|[from] item: Leftovers
|upkeep
|turn|2
|inactive|Refanner has 30 seconds left.
|
|t:|1756809966
|switch|p1a: Flamigo|Flamigo, L50, M|100/100
|-copyboost|p1a: Flamigo|p1b: Kommo-o|[from] ability: Costar
|move|p1b: Kommo-o|Protect|p1b: Kommo-o
|-singleturn|p1b: Kommo-o|Protect
|move|p2b: Hydreigon|Snarl|p1a: Flamigo|[spread] p1a
|-activate|p1b: Kommo-o|move: Protect
|-resisted|p1a: Flamigo
|-damage|p1a: Flamigo|91/100
|-unboost|p1a: Flamigo|spa|1
|move|p2a: Garchomp|Earthquake|p1a: Flamigo|[spread] 
|-activate|p1b: Kommo-o|move: Protect
|-immune|p2b: Hydreigon|[from] ability: Levitate
|-immune|p1a: Flamigo
|
|-heal|p1b: Kommo-o|34/100|[from] item: Leftovers
|upkeep
|turn|3
|inactive|Refanner has 30 seconds left.
|inactive|Cam oddish has 30 seconds left.
|
|t:|1756810003
|switch|p2b: Incineroar|Incineroar, L50, M|100/100
|-ability|p2b: Incineroar|Intimidate|boost
|-unboost|p1a: Flamigo|atk|1
|-unboost|p1b: Kommo-o|atk|1
|move|p1a: Flamigo|Close Combat|p2b: Incineroar
|-supereffective|p2b: Incineroar
|-damage|p2b: Incineroar|0 fnt
|-unboost|p1a: Flamigo|def|1
|-unboost|p1a: Flamigo|spd|1
|faint|p2b: Incineroar
|move|p1b: Kommo-o|Clanging Scales|p2a: Garchomp
|-supereffective|p2a: Garchomp
|-damage|p2a: Garchomp|0 fnt
|faint|p2a: Garchomp
|-unboost|p1b: Kommo-o|def|1
|
|-heal|p1b: Kommo-o|40/100|[from] item: Leftovers
|upkeep
|
|t:|1756810018
|switch|p2a: Hydreigon|Hydreigon, L50, M|100/100
|switch|p2b: Gholdengo|Gholdengo, L50|100/100
|turn|4
|inactive|Refanner has 30 seconds left.
|inactive|Refanner has 20 seconds left.
|inactive|Refanner has 15 seconds left.
|inactive|Refanner has 10 seconds left.
|inactive|Refanner has 5 seconds left.
|
|t:|1756810069
|-terastallize|p2a: Hydreigon|Ghost
|move|p1a: Flamigo|Protect|p1a: Flamigo
|-singleturn|p1a: Flamigo|Protect
|move|p2b: Gholdengo|Protect|p2b: Gholdengo
|-singleturn|p2b: Gholdengo|Protect
|move|p2a: Hydreigon|Tailwind|p2a: Hydreigon
|-sidestart|p2: Refanner|move: Tailwind
|move|p1b: Kommo-o|Clanging Scales|p2b: Gholdengo|[spread] p2a
|-activate|p2b: Gholdengo|move: Protect
|-damage|p2a: Hydreigon|63/100
|-unboost|p1b: Kommo-o|def|1
|
|-heal|p1b: Kommo-o|47/100|[from] item: Leftovers
|upkeep
|turn|5
|
|t:|1756810091
|move|p2a: Hydreigon|Draco Meteor|p1a: Flamigo
|-damage|p1a: Flamigo|0 fnt
|-unboost|p2a: Hydreigon|spa|2
|faint|p1a: Flamigo
|move|p2b: Gholdengo|Nasty Plot|p2b: Gholdengo
|-boost|p2b: Gholdengo|spa|2
|move|p1b: Kommo-o|Clanging Scales|p2b: Gholdengo|[spread] p2a,p2b
|-resisted|p2b: Gholdengo
|-damage|p2a: Hydreigon|24/100
|-damage|p2b: Gholdengo|83/100
|-unboost|p1b: Kommo-o|def|1
|
|-heal|p1b: Kommo-o|53/100|[from] item: Leftovers
|-fieldend|move: Psychic Terrain
|upkeep
|
|t:|1756810110
|switch|p1a: Indeedee|Indeedee-F, L50, F, shiny|20/100
|-fieldstart|move: Psychic Terrain|[from] ability: Psychic Surge|[of] p1a: Indeedee
|turn|6
|inactive|Refanner has 30 seconds left.
|inactive|Refanner has 20 seconds left.
|inactive|Refanner has 15 seconds left.
|inactive|Refanner has 10 seconds left.
|inactive|Refanner has 5 seconds left.
|
|t:|1756810164
|move|p1b: Kommo-o|Protect|p1b: Kommo-o
|-singleturn|p1b: Kommo-o|Protect
|move|p1a: Indeedee|Follow Me|p1a: Indeedee
|-singleturn|p1a: Indeedee|move: Follow Me
|move|p2a: Hydreigon|Snarl|p1a: Indeedee|[spread] p1a
|-activate|p1b: Kommo-o|move: Protect
|-supereffective|p1a: Indeedee
|-damage|p1a: Indeedee|0 fnt
|faint|p1a: Indeedee
|move|p2b: Gholdengo|Make It Rain|p1b: Kommo-o
|-activate|p1b: Kommo-o|move: Protect
|
|-heal|p1b: Kommo-o|59/100|[from] item: Leftovers
|upkeep
|
|t:|1756810175
|switch|p1a: Espeon|Espeon, L50, F|100/100
|turn|7
|
|t:|1756810192
|move|p2a: Hydreigon|Snarl|p1a: Espeon|[spread] p1a,p1b
|-supereffective|p1a: Espeon
|-resisted|p1b: Kommo-o
|-damage|p1a: Espeon|76/100
|-damage|p1b: Kommo-o|56/100
|-unboost|p1a: Espeon|spa|1
|-unboost|p1b: Kommo-o|spa|1
|move|p2b: Gholdengo|Make It Rain|p1a: Espeon|[spread] p1a,p1b
|-damage|p1a: Espeon|0 fnt
|-damage|p1b: Kommo-o|0 fnt
|-unboost|p2b: Gholdengo|spa|1
|faint|p1a: Espeon
|faint|p1b: Kommo-o
|
|win|Refanner
|raw|Cam oddish's rating: 1077 → 1063(-14 for losing)
|raw|Refanner's rating: 1195 → 1212(+17 for winning)
|l|☆Cam oddish
|player|p1|
