|j|☆takeshivgc-test
|j|☆DarthMorton
|html|takeshivgc-testDarthMorton    
|uhtml|bestof|Game 3 of a best-of-3
|t:|1754701992
|gametype|doubles
|player|p1|takeshivgc-test|101|1139
|player|p2|DarthMorton|pryce|1303
|gen|9
|tier|[Gen 9] VGC 2025 Reg H (Bo3)
|rated|
|rule|Species Clause: Limit one of each Pokémon
|rule|Item Clause: Limit 1 of each item
|clearpoke
|poke|p1|Armarouge, L50, F|
|poke|p1|Indeedee-F, L50, F|
|poke|p1|Torkoal, L50, F|
|poke|p1|Lilligant-Hisui, L50, F|
|poke|p1|Gallade, L50, M|
|poke|p1|Ursaluna, L50, M|
|poke|p2|Charizard, L50, M|
|poke|p2|Torkoal, L50, M|
|poke|p2|Porygon2, L50|
|poke|p2|Incineroar, L50, F|
|poke|p2|Jumpluff, L50, F|
|poke|p2|Ursaluna, L50, F|
|teampreview|4
|showteam|p1|Armarouge||PowerHerb|FlashFire|ArmorCannon,ExpandingForce,TrickRoom,MeteorBeam|||F|||50|,,,,,Grass]Indeedee-F||PsychicSeed|PsychicSurge|Psychic,HelpingHand,TrickRoom,FollowMe|||F|||50|,,,,,Fairy]Torkoal||Charcoal|Drought|Eruption,Protect,WeatherBall,HeatWave|||F|||50|,,,,,Fire]Lilligant-Hisui||FocusSash|Chlorophyll|CloseCombat,SolarBlade,SleepPowder,AfterYou|||F|||50|,,,,,Ghost]Gallade||ClearAmulet|Sharpness|PsychoCut,SacredSword,TrickRoom,WideGuard|||M|||50|,,,,,Fire]Ursaluna||FlameOrb|Guts|Facade,HeadlongRush,Earthquake,Protect|||M|||50|,,,,,Ghost
|showteam|p2|Charizard||ChoiceSpecs|SolarPower|HeatWave,Overheat,WeatherBall,AirSlash|||M|||50|,,,,,Ghost]Torkoal||EjectPack|Drought|Eruption,Overheat,HelpingHand,Protect|||M|||50|,,,,,Fire]Porygon2||Eviolite|Download|TeraBlast,IceBeam,Recover,TrickRoom||||||50|,,,,,Fighting]Incineroar||SitrusBerry|Intimidate|FlareBlitz,KnockOff,FakeOut,PartingShot|||F|||50|,,,,,Ghost]Jumpluff||CovertCloak|Chlorophyll|SleepPowder,SunnyDay,RagePowder,Tailwind|||F|||50|,,,,,Water]Ursaluna||FlameOrb|Guts|HeadlongRush,Facade,Earthquake,Protect|||F|||50|,,,,,Ghost
|inactive|Battle timer is ON: inactive players will automatically lose when time's up. (requested by takeshivgc-test)
|inactive|DarthMorton also wants the timer to be on.
|
|t:|1754702009
|teamsize|p1|4
|teamsize|p2|4
|start
|switch|p1a: Armarouge|Armarouge, L50, F|100/100
|switch|p1b: Indeedee|Indeedee-F, L50, F|100/100
|switch|p2a: Incineroar|Incineroar, L50, F|100/100
|switch|p2b: Porygon2|Porygon2, L50|100/100
|-ability|p2a: Incineroar|Intimidate|boost
|-unboost|p1a: Armarouge|atk|1
|-unboost|p1b: Indeedee|atk|1
|-fieldstart|move: Psychic Terrain|[from] ability: Psychic Surge|[of] p1b: Indeedee
|-enditem|p1b: Indeedee|Psychic Seed
|-boost|p1b: Indeedee|spd|1|[from] item: Psychic Seed
|-ability|p2b: Porygon2|Download|boost
|-boost|p2b: Porygon2|atk|1
|turn|1
|inactive|DarthMorton has 30 seconds left.
|
|t:|1754702034
|-terastallize|p2a: Incineroar|Ghost
|move|p1b: Indeedee|Helping Hand|p1a: Armarouge
|-singleturn|p1a: Armarouge|Helping Hand|[of] p1b: Indeedee
|move|p2a: Incineroar|Knock Off|p1a: Armarouge
|-supereffective|p1a: Armarouge
|-damage|p1a: Armarouge|15/100
|-enditem|p1a: Armarouge|Power Herb|[from] move: Knock Off|[of] p2a: Incineroar
|move|p1a: Armarouge|Meteor Beam||[still]
|-prepare|p1a: Armarouge|Meteor Beam
|-boost|p1a: Armarouge|spa|1
|move|p2b: Porygon2|Tera Blast|p1a: Armarouge
|-crit|p1a: Armarouge
|-damage|p1a: Armarouge|0 fnt
|faint|p1a: Armarouge
|
|upkeep
|
|t:|1754702049
|switch|p1a: Gallade|Gallade, L50, M|100/100
|turn|2
|
|t:|1754702073
|switch|p2b: Torkoal|Torkoal, L50, M|100/100
|-weather|SunnyDay|[from] ability: Drought|[of] p2b: Torkoal
|-terastallize|p1b: Indeedee|Fairy
|move|p1b: Indeedee|Follow Me|p1b: Indeedee
|-singleturn|p1b: Indeedee|move: Follow Me
|move|p2a: Incineroar|Flare Blitz|p1b: Indeedee
|-damage|p1b: Indeedee|25/100
|-damage|p2a: Incineroar|79/100|[from] Recoil
|move|p1a: Gallade|Sacred Sword|p2b: Torkoal
|-damage|p2b: Torkoal|45/100
|
|-weather|SunnyDay|[upkeep]
|upkeep
|turn|3
|inactive|takeshivgc-test has 30 seconds left.
|inactive|takeshivgc-test has 20 seconds left.
|inactive|takeshivgc-test has 15 seconds left.
|inactive|takeshivgc-test has 10 seconds left.
|inactive|takeshivgc-test has 5 seconds left.
|
|t:|1754702126
|move|p2b: Torkoal|Protect|p2b: Torkoal
|-singleturn|p2b: Torkoal|Protect
|move|p1b: Indeedee|Follow Me|p1b: Indeedee
|-singleturn|p1b: Indeedee|move: Follow Me
|move|p2a: Incineroar|Flare Blitz|p1b: Indeedee
|-damage|p1b: Indeedee|0 fnt
|faint|p1b: Indeedee
|-damage|p2a: Incineroar|71/100|[from] Recoil
|move|p1a: Gallade|Psycho Cut|p2a: Incineroar
|-damage|p2a: Incineroar|0 fnt
|faint|p2a: Incineroar
|
|-weather|SunnyDay|[upkeep]
|upkeep
|
|t:|1754702142
|switch|p2a: Porygon2|Porygon2, L50|100/100
|switch|p1b: Ursaluna|Ursaluna, L50, M|100/100
|-ability|p2a: Porygon2|Download|boost
|-boost|p2a: Porygon2|atk|1
|turn|4
|
|t:|1754702163
|move|p1a: Gallade|Sacred Sword|p2a: Porygon2
|-supereffective|p2a: Porygon2
|-damage|p2a: Porygon2|3/100
|move|p2a: Porygon2|Ice Beam|p1b: Ursaluna
|-supereffective|p1b: Ursaluna
|-damage|p1b: Ursaluna|48/100
|move|p1b: Ursaluna|Headlong Rush|p2b: Torkoal
|-supereffective|p2b: Torkoal
|-damage|p2b: Torkoal|0 fnt
|-unboost|p1b: Ursaluna|def|1
|-unboost|p1b: Ursaluna|spd|1
|faint|p2b: Torkoal
|
|-weather|SunnyDay|[upkeep]
|-status|p1b: Ursaluna|brn|[from] item: Flame Orb
|upkeep
|
|t:|1754702172
|switch|p2b: Ursaluna|Ursaluna, L50, F|100/100
|turn|5
|inactive|DarthMorton has 30 seconds left.
|inactive|DarthMorton has 20 seconds left.
|
|t:|1754702209
|move|p1b: Ursaluna|Protect|p1b: Ursaluna
|-singleturn|p1b: Ursaluna|Protect
|move|p1a: Gallade|Sacred Sword|p2a: Porygon2
|-supereffective|p2a: Porygon2
|-damage|p2a: Porygon2|0 fnt
|faint|p2a: Porygon2
|move|p2b: Ursaluna|Earthquake|p1b: Ursaluna|[spread] p1a
|-activate|p1b: Ursaluna|move: Protect
|-damage|p1a: Gallade|32/100
|
|-weather|SunnyDay|[upkeep]
|-damage|p1b: Ursaluna|42/100 brn|[from] brn
|-fieldend|move: Psychic Terrain
|-status|p2b: Ursaluna|brn|[from] item: Flame Orb
|upkeep
|turn|6
|
|t:|1754702226
|move|p1a: Gallade|Wide Guard|p1a: Gallade
|-singleturn|p1a: Gallade|Wide Guard
|move|p2b: Ursaluna|Earthquake|p1a: Gallade|[spread] 
|-activate|p1a: Gallade|move: Wide Guard
|-activate|p1b: Ursaluna|move: Wide Guard
|move|p1b: Ursaluna|Facade|p2b: Ursaluna
|-damage|p2b: Ursaluna|6/100 brn
|
|-weather|none
|-damage|p2b: Ursaluna|0 fnt|[from] brn
|faint|p2b: Ursaluna
|
|win|takeshivgc-test
|raw|takeshivgc-test's rating: 1139 → 1175(+36 for winning)
|raw|DarthMorton's rating: 1303 → 1274(-29 for losing)
|c|☆DarthMorton|Gg
|c|☆takeshivgc-test|u2
