|j|☆orizor
|j|☆Lacossg
|html|orizorLacossg    
|uhtml|bestof|Game 3 of a best-of-3
|t:|1756055269
|gametype|doubles
|player|p1|orizor|102|1229
|player|p2|Lacossg|2|1242
|gen|9
|tier|[Gen 9] VGC 2025 Reg H (Bo3)
|rated|
|rule|Species Clause: Limit one of each Pokémon
|rule|Item Clause: Limit 1 of each item
|clearpoke
|poke|p1|Incineroar, L50, F|
|poke|p1|Farigiraf, L50, M|
|poke|p1|Dragapult, L50, F|
|poke|p1|Ursaluna-Bloodmoon, L50, M|
|poke|p1|Kingambit, L50, M|
|poke|p1|Ninetales-Alola, L50, F|
|poke|p2|Tyranitar, L50, M|
|poke|p2|Excadrill, L50, M|
|poke|p2|Farigiraf, L50, M|
|poke|p2|Volcarona, L50, M|
|poke|p2|Sinistcha, L50|
|poke|p2|Salamence, L50, M|
|teampreview|4
|showteam|p1|Incineroar||MirrorHerb|Intimidate|FlareBlitz,KnockOff,PartingShot,FakeOut|||F|||50|,,,,,Grass]Farigiraf||ThroatSpray|ArmorTail|HyperVoice,Psychic,TrickRoom,Protect|||M|||50|,,,,,Fairy]Dragapult||ChoiceBand|ClearBody|DragonDarts,TeraBlast,Uturn,PhantomForce|||F|||50|,,,,,Ghost]Ursaluna-Bloodmoon||LifeOrb|MindsEye|BloodMoon,HyperVoice,EarthPower,Protect|||M|||50|,,,,,Normal]Kingambit||AssaultVest|Defiant|KowtowCleave,SuckerPunch,IronHead,LowKick|||M|||50|,,,,,Dark]Ninetales-Alola||FocusSash|SnowWarning|Blizzard,Moonblast,AuroraVeil,Protect|||F|||50|,,,,,Ghost
|showteam|p2|Tyranitar||AssaultVest|SandStream|TeraBlast,Assurance,RockSlide,IcePunch|||M|||50|,,,,,Flying]Excadrill||ClearAmulet|SandRush|Earthquake,SwordsDance,IronHead,Protect|||M|||50|,,,,,Grass]Farigiraf||ThroatSpray|ArmorTail|HyperVoice,PsychicNoise,HelpingHand,TrickRoom|||M|||50|,,,,,Poison]Volcarona||LumBerry|FlameBody|RagePowder,StruggleBug,Overheat,Tailwind|||M|||50|,,,,,Ghost]Sinistcha||FocusSash|Hospitality|RagePowder,MatchaGotcha,StrengthSap,TrickRoom||||||50|,,,,,Water]Salamence||ScopeLens|Intimidate|DracoMeteor,FocusEnergy,DualWingbeat,Protect|||M|||50|,,,,,Steel
|inactive|Battle timer is ON: inactive players will automatically lose when time's up. (requested by orizor)
|
|t:|1756055292
|teamsize|p1|4
|teamsize|p2|4
|start
|switch|p1a: Farigiraf|Farigiraf, L50, M|100/100
|switch|p1b: Kingambit|Kingambit, L50, M|100/100
|switch|p2a: Tyranitar|Tyranitar, L50, M|100/100
|switch|p2b: Volcarona|Volcarona, L50, M|100/100
|-weather|Sandstorm|[from] ability: Sand Stream|[of] p2a: Tyranitar
|turn|1
|inactive|Lacossg has 30 seconds left.
|
|t:|1756055323
|-terastallize|p2a: Tyranitar|Flying
|-terastallize|p1a: Farigiraf|Fairy
|move|p2b: Volcarona|Overheat|p1a: Farigiraf
|-damage|p1a: Farigiraf|38/100
|-unboost|p2b: Volcarona|spa|2
|move|p2a: Tyranitar|Assurance|p1a: Farigiraf
|-resisted|p1a: Farigiraf
|-damage|p1a: Farigiraf|5/100
|move|p1b: Kingambit|Iron Head|p2a: Tyranitar
|-damage|p2a: Tyranitar|66/100
|move|p1a: Farigiraf|Trick Room|p1a: Farigiraf
|-fieldstart|move: Trick Room|[of] p1a: Farigiraf
|
|-weather|Sandstorm|[upkeep]
|-damage|p1a: Farigiraf|0 fnt|[from] Sandstorm
|-damage|p2a: Tyranitar|60/100|[from] Sandstorm
|-damage|p2b: Volcarona|94/100|[from] Sandstorm
|faint|p1a: Farigiraf
|upkeep
|
|t:|1756055336
|switch|p1a: Ursaluna|Ursaluna-Bloodmoon, L50, M|100/100
|turn|2
|
|t:|1756055355
|move|p1b: Kingambit|Kowtow Cleave|p2b: Volcarona
|-damage|p2b: Volcarona|47/100
|-status|p1b: Kingambit|brn|[from] ability: Flame Body|[of] p2b: Volcarona
|move|p1a: Ursaluna|Blood Moon|p2a: Tyranitar
|-damage|p2a: Tyranitar|0 fnt
|faint|p2a: Tyranitar
|-damage|p1a: Ursaluna|91/100|[from] item: Life Orb
|move|p2b: Volcarona|Overheat|p1b: Kingambit
|-supereffective|p1b: Kingambit
|-damage|p1b: Kingambit|60/100 brn
|-unboost|p2b: Volcarona|spa|2
|
|-weather|Sandstorm|[upkeep]
|-damage|p2b: Volcarona|41/100|[from] Sandstorm
|-damage|p1b: Kingambit|54/100 brn|[from] brn
|upkeep
|
|t:|1756055369
|switch|p2a: Excadrill|Excadrill, L50, M|100/100
|turn|3
|
|t:|1756055382
|move|p2b: Volcarona|Rage Powder|p2b: Volcarona
|-singleturn|p2b: Volcarona|move: Rage Powder
|move|p1b: Kingambit|Kowtow Cleave|p2b: Volcarona
|-damage|p2b: Volcarona|18/100
|move|p1a: Ursaluna|Hyper Voice|p2b: Volcarona|[spread] p2a,p2b
|-resisted|p2a: Excadrill
|-damage|p2a: Excadrill|75/100
|-damage|p2b: Volcarona|0 fnt
|faint|p2b: Volcarona
|-damage|p1a: Ursaluna|81/100|[from] item: Life Orb
|move|p2a: Excadrill|Earthquake|p1b: Kingambit|[spread] p1a,p1b
|-supereffective|p1b: Kingambit
|-damage|p1a: Ursaluna|53/100
|-damage|p1b: Kingambit|0 fnt
|faint|p1b: Kingambit
|
|-weather|Sandstorm|[upkeep]
|upkeep
|
|t:|1756055395
|switch|p1b: Incineroar|Incineroar, L50, F|100/100
|switch|p2b: Farigiraf|Farigiraf, L50, M|100/100
|-ability|p1b: Incineroar|Intimidate|boost
|-fail|p2a: Excadrill|unboost|[from] item: Clear Amulet|[of] p2a: Excadrill
|-unboost|p2b: Farigiraf|atk|1
|turn|4
|inactive|Lacossg has 30 seconds left.
|
|t:|1756055429
|move|p2a: Excadrill|Protect|p2a: Excadrill
|-singleturn|p2a: Excadrill|Protect
|move|p1a: Ursaluna|Blood Moon|p2b: Farigiraf
|-damage|p2b: Farigiraf|0 fnt
|faint|p2b: Farigiraf
|-damage|p1a: Ursaluna|43/100|[from] item: Life Orb
|move|p1b: Incineroar|Flare Blitz|p2a: Excadrill
|-activate|p2a: Excadrill|move: Protect
|
|-weather|Sandstorm|[upkeep]
|-damage|p1b: Incineroar|95/100|[from] Sandstorm
|upkeep
|turn|5
|
|t:|1756055437
|move|p2a: Excadrill|Protect|p2a: Excadrill
|-singleturn|p2a: Excadrill|Protect
|move|p1a: Ursaluna|Earth Power|p2a: Excadrill
|-activate|p2a: Excadrill|move: Protect
|move|p1b: Incineroar|Flare Blitz|p2a: Excadrill
|-activate|p2a: Excadrill|move: Protect
|
|-weather|none
|-fieldend|move: Trick Room
|upkeep
|turn|6
|
|t:|1756055442
|move|p2a: Excadrill|Earthquake|p1a: Ursaluna|[spread] p1a,p1b
|-supereffective|p1b: Incineroar
|-damage|p1a: Ursaluna|17/100
|-damage|p1b: Incineroar|14/100
|move|p1b: Incineroar|Flare Blitz|p2a: Excadrill
|-supereffective|p2a: Excadrill
|-damage|p2a: Excadrill|0 fnt
|faint|p2a: Excadrill
|-damage|p1b: Incineroar|0 fnt|[from] Recoil
|faint|p1b: Incineroar
|
|win|orizor
|raw|orizor's rating: 1229 → 1255(+26 for winning)
|raw|Lacossg's rating: 1242 → 1216(-26 for losing)
