|j|☆nootbaar
|j|☆bighamsterbaseball
|html|nootbaarbighamsterbaseball    
|uhtml|bestof|Game 1 of a best-of-3
|t:|1782439124
|gametype|doubles
|player|p1|nootbaar|101|1098
|player|p2|bighamsterbaseball|pokemaniac|1093
|gen|9
|tier|[Gen 9 Champions] VGC 2026 Reg M-B (Bo3)
|rated|
|rule|Species Clause: Limit one of each Pokémon
|rule|Item Clause: Limit 1 of each item
|clearpoke
|poke|p1|Froslass, L50, F|
|poke|p1|Grimmsnarl, L50, M|
|poke|p1|Garchomp, L50, F|
|poke|p1|Sneasler, L50, M|
|poke|p1|Volcarona, L50, M|
|poke|p1|Raichu, L50, F|
|poke|p2|Pyroar, L50, F|
|poke|p2|Scrafty, L50, M|
|poke|p2|Torkoal, L50, F|
|poke|p2|Venusaur, L50, F|
|poke|p2|Farigiraf, L50, M|
|poke|p2|Mamoswine, L50, M|
|teampreview|4
|showteam|p1|Froslass||Froslassite|SnowCloak|Protect,NastyPlot,Blizzard,ShadowBall|Timid||F|||50|]Grimmsnarl||FairyFeather|Prankster|FakeOut,FakeTears,PartingShot,SpiritBreak|Careful||M|||50|]Garchomp||LifeOrb|RoughSkin|Protect,RockSlide,DragonClaw,Earthquake|Jolly||F|||50|]Sneasler||WhiteHerb|Unburden|Protect,FakeOut,CloseCombat,DireClaw|Jolly||M|||50|]Volcarona||Leftovers|FlameBody|Protect,RagePowder,Tailwind,HeatWave|Timid||M|||50|]Raichu||RaichuniteY|LightningRod|Protect,Encore,FocusBlast,ZapCannon|Timid||F|||50|
|showteam|p2|Pyroar||Pyroarite|Unnerve|HeatWave,Overheat,Yawn,Protect|Timid||F|||50|]Scrafty||Scraftinite|Intimidate|FakeOut,DrainPunch,KnockOff,IcePunch|Adamant||M|||50|]Torkoal||HeatRock|Drought|Eruption,WeatherBall,HelpingHand,Protect|Quiet||F|||50|]Venusaur||LifeOrb|Chlorophyll|EnergyBall,SludgeBomb,EarthPower,Protect|Modest||F|||50|]Farigiraf||SitrusBerry|ArmorTail|Psychic,Thunderbolt,TrickRoom,Protect|Quiet||M|||50|]Mamoswine||FocusSash|Oblivious|IceShard,HighHorsepower,RockSlide,Protect|Adamant||M|||50|
|inactive|Battle timer is ON: inactive players will automatically lose when time's up. (requested by nootbaar)
|inactive|nootbaar has 60 seconds left.
|inactive|bighamsterbaseball has 60 seconds left.
|inactive|nootbaar has 30 seconds left.
|
|t:|1782439193
|teamsize|p1|4
|teamsize|p2|4
|start
|switch|p1a: Garchomp|Garchomp, L50, F|100/100
|switch|p1b: Froslass|Froslass, L50, F|100/100
|switch|p2a: Torkoal|Torkoal, L50, F|100/100
|switch|p2b: Venusaur|Venusaur, L50, F|100/100
|-weather|SunnyDay|[from] ability: Drought|[of] p2a: Torkoal
|turn|1
|inactive|nootbaar has 30 seconds left.
|inactive|bighamsterbaseball has 30 seconds left.
|
|t:|1782439225
|switch|p2b: Scrafty|Scrafty, L50, M|100/100
|-ability|p2b: Scrafty|Intimidate|boost
|-unboost|p1a: Garchomp|atk|1
|-unboost|p1b: Froslass|atk|1
|detailschange|p1b: Froslass|Froslass-Mega, L50, F
|-mega|p1b: Froslass|Froslass|Froslassite
|-weather|Snowscape|[from] ability: Snow Warning|[of] p1b: Froslass
|move|p2a: Torkoal|Protect|p2a: Torkoal
|-singleturn|p2a: Torkoal|Protect
|move|p1b: Froslass|Blizzard|p2a: Torkoal|[spread] p2b
|-activate|p2a: Torkoal|move: Protect
|-damage|p2b: Scrafty|59/100
|move|p1a: Garchomp|Rock Slide|p2b: Scrafty|[spread] 
|-activate|p2a: Torkoal|move: Protect
|-miss|p1a: Garchomp|p2b: Scrafty
|
|-weather|Snowscape|[upkeep]
|upkeep
|turn|2
|inactive|nootbaar has 30 seconds left.
|inactive|nootbaar has 20 seconds left.
|inactive|nootbaar has 15 seconds left.
|
|t:|1782439267
|detailschange|p2b: Scrafty|Scrafty-Mega, L50, M
|-mega|p2b: Scrafty|Scrafty|Scraftinite
|-ability|p2b: Scrafty|Intimidate|boost
|-unboost|p1a: Garchomp|atk|1
|-unboost|p1b: Froslass|atk|1
|move|p1b: Froslass|Blizzard|p2a: Torkoal|[spread] p2a,p2b
|-resisted|p2a: Torkoal|1
|-damage|p2a: Torkoal|74/100
|-damage|p2b: Scrafty|27/100
|move|p1a: Garchomp|Dragon Claw|p2b: Scrafty
|-damage|p2b: Scrafty|6/100
|-damage|p1a: Garchomp|90/100|[from] item: Life Orb
|move|p2b: Scrafty|Knock Off|p1b: Froslass
|-supereffective|p1b: Froslass|1
|-damage|p1b: Froslass|20/100y
|move|p2a: Torkoal|Weather Ball|p1a: Garchomp
|-supereffective|p1a: Garchomp|2
|-damage|p1a: Garchomp|0 fnt
|faint|p1a: Garchomp
|
|-weather|Snowscape|[upkeep]
|upkeep
|inactive|nootbaar has 30 seconds left.
|
|t:|1782439294
|switch|p1a: Sneasler|Sneasler, L50, M|100/100
|turn|3
|
|t:|1782439307
|switch|p2a: Farigiraf|Farigiraf, L50, M|100/100
|move|p1a: Sneasler|Fake Out||[still]
|cant|p2a: Farigiraf|ability: Armor Tail|Fake Out|[of] p1a: Sneasler
|move|p1b: Froslass|Blizzard|p2b: Scrafty|[spread] p2a,p2b
|-crit|p2b: Scrafty
|-damage|p2a: Farigiraf|55/100
|-damage|p2b: Scrafty|0 fnt
|faint|p2b: Scrafty
|
|-weather|Snowscape|[upkeep]
|upkeep
|
|t:|1782439326
|switch|p2b: Venusaur|Venusaur, L50, F|100/100
|turn|4
|inactive|nootbaar has 30 seconds left.
|inactive|bighamsterbaseball has 30 seconds left.
|
|t:|1782439354
|switch|p1b: Volcarona|Volcarona, L50, M|100/100
|move|p1a: Sneasler|Protect|p1a: Sneasler
|-singleturn|p1a: Sneasler|Protect
|move|p2b: Venusaur|Protect|p2b: Venusaur
|-singleturn|p2b: Venusaur|Protect
|move|p2a: Farigiraf|Trick Room|p2a: Farigiraf
|-fieldstart|move: Trick Room|[of] p2a: Farigiraf
|
|-weather|Snowscape|[upkeep]
|upkeep
|turn|5
|inactive|nootbaar has 30 seconds left.
|inactive|bighamsterbaseball has 30 seconds left.
|inactive|nootbaar has 20 seconds left.
|
|t:|1782439390
|move|p2a: Farigiraf|Psychic|p1a: Sneasler
|-supereffective|p1a: Sneasler|2
|-damage|p1a: Sneasler|0 fnt
|faint|p1a: Sneasler
|move|p2b: Venusaur|Sludge Bomb|p1b: Volcarona
|-damage|p1b: Volcarona|44/100
|-damage|p2b: Venusaur|90/100|[from] item: Life Orb
|move|p1b: Volcarona|Heat Wave|p2a: Farigiraf|[spread] p2a,p2b
|-supereffective|p2b: Venusaur|1
|-damage|p2a: Farigiraf|25/100
|-damage|p2b: Venusaur|24/100
|-enditem|p2a: Farigiraf|Sitrus Berry|[eat]
|-heal|p2a: Farigiraf|50/100g|[from] item: Sitrus Berry
|
|-weather|none
|-heal|p1b: Volcarona|50/100g|[from] item: Leftovers
|upkeep
|
|t:|1782439403
|switch|p1a: Froslass|Froslass-Mega, L50, F|20/100y
|-weather|Snowscape|[from] ability: Snow Warning|[of] p1a: Froslass
|turn|6
|inactive|nootbaar has 30 seconds left.
|
|t:|1782439430
|move|p1b: Volcarona|Protect|p1b: Volcarona
|-singleturn|p1b: Volcarona|Protect
|move|p1a: Froslass|Protect|p1a: Froslass
|-singleturn|p1a: Froslass|Protect
|move|p2a: Farigiraf|Psychic|p1a: Froslass
|-activate|p1a: Froslass|move: Protect
|move|p2b: Venusaur|Sludge Bomb|p1b: Volcarona
|-activate|p1b: Volcarona|move: Protect
|
|-weather|Snowscape|[upkeep]
|-heal|p1b: Volcarona|56/100|[from] item: Leftovers
|upkeep
|turn|7
|
|t:|1782439448
|move|p1a: Froslass|Protect||[still]
|-fail|p1a: Froslass
|move|p2a: Farigiraf|Psychic|p1a: Froslass
|-damage|p1a: Froslass|0 fnt
|faint|p1a: Froslass
|move|p2b: Venusaur|Sludge Bomb|p1b: Volcarona
|-damage|p1b: Volcarona|0 fnt
|faint|p1b: Volcarona
|-damage|p2b: Venusaur|14/100|[from] item: Life Orb
|
|win|bighamsterbaseball
|inactive|nootbaar has 30 seconds to confirm battle start!
|inactive|bighamsterbaseball has 30 seconds to confirm battle start!
||bighamsterbaseball is ready for game 2.
|inactive|nootbaar has 20 seconds to confirm battle start!
||nootbaar is ready for game 2.
|uhtml|next|Next: Game 2 of 3
