|j|☆ddprime
|j|☆PenguimSAL
|html|ddprimePenguimSAL    
|uhtml|bestof|Game 1 of a best-of-3
|t:|1783305073
|gametype|doubles
|player|p1|ddprime|1|1098
|player|p2|PenguimSAL|hugh|1159
|gen|9
|tier|[Gen 9 Champions] VGC 2026 Reg M-B (Bo3)
|rated|
|rule|Species Clause: Limit one of each Pokémon
|rule|Item Clause: Limit 1 of each item
|clearpoke
|poke|p1|Excadrill, L50, M|
|poke|p1|Garchomp, L50, M|
|poke|p1|Aerodactyl, L50, F|
|poke|p1|Sinistcha, L50|
|poke|p1|Grimmsnarl, L50, M|
|poke|p1|Primarina, L50, F|
|poke|p2|Sneasler, L50, F|
|poke|p2|Blastoise, L50, F|
|poke|p2|Kingambit, L50, F|
|poke|p2|Incineroar, L50, F|
|poke|p2|Delphox, L50, F|
|poke|p2|Sinistcha, L50|
|teampreview|4
|showteam|p1|Excadrill||Excadrite|SandRush|IronHead,HighHorsepower,RockSlide,Protect|Adamant||M|||50|]Garchomp||Garchompite|SandVeil|DragonClaw,Earthquake,RockSlide,Protect|Jolly||M|||50|]Aerodactyl||FocusSash|Unnerve|RockSlide,DualWingbeat,Tailwind,Sandstorm|Jolly||F|||50|]Sinistcha||Leftovers|Hospitality|MatchaGotcha,RagePowder,LifeDew,Protect|Calm|||||50|]Grimmsnarl||LightClay|Prankster|PlayRough,Taunt,LightScreen,FakeOut|Impish||M|||50|]Primarina||MysticWater|LiquidVoice|Moonblast,IcyWind,HyperVoice,Protect|Modest||F|||50|
|showteam|p2|Sneasler||FocusSash|PoisonTouch|DireClaw,CloseCombat,FakeOut,QuickGuard|Jolly||F|||50|]Blastoise||Blastoisinite|RainDish|DarkPulse,WaterSpout,ShellSmash,Protect|Modest||F|||50|]Kingambit||BlackGlasses|Defiant|KowtowCleave,SuckerPunch,SwordsDance,Protect|Adamant||F|||50|]Incineroar||SitrusBerry|Intimidate|FlareBlitz,HelpingHand,PartingShot,FakeOut|Careful||F|||50|]Delphox||Delphoxite|Blaze|HeatWave,NastyPlot,Psyshock,Protect|Modest||F|||50|]Sinistcha||KasibBerry|Hospitality|MatchaGotcha,RagePowder,TrickRoom,LifeDew|Bold|||||50|
|inactive|Battle timer is ON: inactive players will automatically lose when time's up. (requested by PenguimSAL)
|
|t:|1783305116
|teamsize|p1|4
|teamsize|p2|4
|start
|switch|p1a: Grimmsnarl|Grimmsnarl, L50, M|100/100
|switch|p1b: Primarina|Primarina, L50, F|100/100
|switch|p2a: Blastoise|Blastoise, L50, F|100/100
|switch|p2b: Sneasler|Sneasler, L50, F|100/100
|turn|1
|inactive|PenguimSAL has 30 seconds left.
|
|t:|1783305151
|detailschange|p2a: Blastoise|Blastoise-Mega, L50, F
|-mega|p2a: Blastoise|Blastoise|Blastoisinite
|move|p2b: Sneasler|Fake Out|p1b: Primarina
|-damage|p1b: Primarina|82/100
|-status|p1b: Primarina|psn|[from] ability: Poison Touch|[of] p2b: Sneasler
|move|p1a: Grimmsnarl|Fake Out|p2a: Blastoise
|-damage|p2a: Blastoise|87/100
|cant|p2a: Blastoise|flinch
|cant|p1b: Primarina|flinch
|
|-damage|p1b: Primarina|70/100 psn|[from] psn
|upkeep
|turn|2
|inactive|PenguimSAL has 30 seconds left.
|
|t:|1783305176
|move|p1b: Primarina|Protect|p1b: Primarina
|-singleturn|p1b: Primarina|Protect
|move|p1a: Grimmsnarl|Light Screen|p1a: Grimmsnarl
|-sidestart|p1: ddprime|move: Light Screen
|move|p2b: Sneasler|Dire Claw|p1b: Primarina
|-activate|p1b: Primarina|move: Protect
|move|p2a: Blastoise|Water Spout|p1b: Primarina|[spread] p1a
|-activate|p1b: Primarina|move: Protect
|-damage|p1a: Grimmsnarl|60/100
|
|-damage|p1b: Primarina|57/100 psn|[from] psn
|upkeep
|turn|3
|
|t:|1783305201
|switch|p2b: Incineroar|Incineroar, L50, F|100/100
|-ability|p2b: Incineroar|Intimidate|boost
|-unboost|p1a: Grimmsnarl|atk|1
|-unboost|p1b: Primarina|atk|1
|move|p2a: Blastoise|Protect|p2a: Blastoise
|-singleturn|p2a: Blastoise|Protect
|move|p1a: Grimmsnarl|Play Rough|p2b: Incineroar
|-damage|p2b: Incineroar|77/100
|move|p1b: Primarina|Moonblast|p2b: Incineroar
|-damage|p2b: Incineroar|35/100
|-enditem|p2b: Incineroar|Sitrus Berry|[eat]
|-heal|p2b: Incineroar|60/100|[from] item: Sitrus Berry
|
|-damage|p1b: Primarina|45/100 psn|[from] psn
|upkeep
|turn|4
|inactive|ddprime has 30 seconds left.
|inactive|PenguimSAL has 30 seconds left.
|
|t:|1783305235
|switch|p1a: Sinistcha|Sinistcha, L50|100/100
|-heal|p1b: Primarina|70/100 psn|[from] ability: Hospitality|[of] p1a: Sinistcha
|move|p2b: Incineroar|Fake Out|p1b: Primarina
|-damage|p1b: Primarina|57/100 psn
|move|p2a: Blastoise|Shell Smash|p2a: Blastoise
|-unboost|p2a: Blastoise|def|1
|-unboost|p2a: Blastoise|spd|1
|-boost|p2a: Blastoise|atk|2
|-boost|p2a: Blastoise|spa|2
|-boost|p2a: Blastoise|spe|2
|cant|p1b: Primarina|flinch
|
|-damage|p1b: Primarina|44/100 psn|[from] psn
|upkeep
|turn|5
|inactive|ddprime has 30 seconds left.
|inactive|PenguimSAL has 30 seconds left.
|
|t:|1783305267
|move|p2b: Incineroar|Helping Hand|p2a: Blastoise
|-singleturn|p2a: Blastoise|Helping Hand|[of] p2b: Incineroar
|move|p2a: Blastoise|Water Spout|p1b: Primarina|[spread] p1a,p1b
|-resisted|p1a: Sinistcha|1
|-resisted|p1b: Primarina|1
|-damage|p1a: Sinistcha|50/100y
|-damage|p1b: Primarina|0 fnt
|faint|p1b: Primarina
|move|p1a: Sinistcha|Matcha Gotcha|p2a: Blastoise|[spread] p2a,p2b
|-supereffective|p2a: Blastoise|1
|-resisted|p2b: Incineroar|1
|-damage|p2a: Blastoise|10/100
|-heal|p1a: Sinistcha|83/100|[from] drain|[of] p2a: Blastoise
|-damage|p2b: Incineroar|50/100g
|-heal|p1a: Sinistcha|89/100|[from] drain|[of] p2b: Incineroar
|
|-heal|p1a: Sinistcha|95/100|[from] item: Leftovers
|upkeep
|
|t:|1783305285
|switch|p1b: Garchomp|Garchomp, L50, M|100/100
|turn|6
|
|t:|1783305298
|switch|p1a: Grimmsnarl|Grimmsnarl, L50, M|60/100
|detailschange|p1b: Garchomp|Garchomp-Mega, L50, M
|-mega|p1b: Garchomp|Garchomp|Garchompite
|move|p2a: Blastoise|Protect|p2a: Blastoise
|-singleturn|p2a: Blastoise|Protect
|move|p1b: Garchomp|Rock Slide|p2a: Blastoise|[spread] p2b
|-activate|p2a: Blastoise|move: Protect
|-supereffective|p2b: Incineroar|1
|-damage|p2b: Incineroar|3/100
|move|p2b: Incineroar|Flare Blitz|p1a: Grimmsnarl
|-damage|p1a: Grimmsnarl|20/100y
|-damage|p2b: Incineroar|0 fnt|[from] Recoil
|faint|p2b: Incineroar
|
|upkeep
|
|t:|1783305313
|switch|p2b: Sinistcha|Sinistcha, L50|100/100
|-heal|p2a: Blastoise|34/100|[from] ability: Hospitality|[of] p2b: Sinistcha
|turn|7
|inactive|ddprime has 30 seconds left.
|inactive|ddprime has 20 seconds left.
|inactive|ddprime has 15 seconds left.
|inactive|ddprime has 10 seconds left.
|
|t:|1783305360
|move|p1a: Grimmsnarl|Fake Out|p2a: Blastoise
|-damage|p2a: Blastoise|18/100
|cant|p2a: Blastoise|flinch
|move|p1b: Garchomp|Rock Slide|p2b: Sinistcha|[spread] p2b
|-miss|p1b: Garchomp|p2a: Blastoise
|-damage|p2b: Sinistcha|81/100
|move|p2b: Sinistcha|Matcha Gotcha|p1b: Garchomp|[spread] p1a,p1b
|-damage|p1a: Grimmsnarl|5/100
|-heal|p2b: Sinistcha|90/100|[from] drain|[of] p1a: Grimmsnarl
|-damage|p1b: Garchomp|85/100
|-heal|p2b: Sinistcha|98/100|[from] drain|[of] p1b: Garchomp
|
|upkeep
|turn|8
|inactive|ddprime has 30 seconds left.
|inactive|PenguimSAL has 30 seconds left.
|inactive|ddprime has 20 seconds left.
|inactive|ddprime has 15 seconds left.
|inactive|ddprime has 10 seconds left.
|
|t:|1783305406
|move|p2a: Blastoise|Dark Pulse|p1b: Garchomp
|-damage|p1b: Garchomp|25/100
|cant|p1b: Garchomp|flinch
|move|p2b: Sinistcha|Matcha Gotcha|p1b: Garchomp|[spread] p1a,p1b
|-damage|p1a: Grimmsnarl|0 fnt
|-heal|p2b: Sinistcha|100/100|[from] drain|[of] p1a: Grimmsnarl
|-damage|p1b: Garchomp|9/100
|faint|p1a: Grimmsnarl
|
|upkeep
|
|t:|1783305417
|switch|p1a: Sinistcha|Sinistcha, L50|95/100
|-heal|p1b: Garchomp|34/100|[from] ability: Hospitality|[of] p1a: Sinistcha
|turn|9
|
|t:|1783305437
|move|p2b: Sinistcha|Rage Powder|p2b: Sinistcha
|-singleturn|p2b: Sinistcha|move: Rage Powder
|move|p1a: Sinistcha|Rage Powder|p1a: Sinistcha
|-singleturn|p1a: Sinistcha|move: Rage Powder
|move|p2a: Blastoise|Dark Pulse|p1a: Sinistcha
|-supereffective|p1a: Sinistcha|1
|-damage|p1a: Sinistcha|0 fnt
|faint|p1a: Sinistcha
|move|p1b: Garchomp|Rock Slide|p2b: Sinistcha|[spread] p2a,p2b
|-damage|p2a: Blastoise|0 fnt
|-damage|p2b: Sinistcha|79/100
|faint|p2a: Blastoise
|
|-sideend|p1: ddprime|move: Light Screen
|upkeep
|
|t:|1783305445
|switch|p2a: Sneasler|Sneasler, L50, F|100/100
|turn|10
|
|t:|1783305455
|move|p1b: Garchomp|Protect|p1b: Garchomp
|-singleturn|p1b: Garchomp|Protect
|move|p2a: Sneasler|Close Combat|p1b: Garchomp
|-activate|p1b: Garchomp|move: Protect
|move|p2b: Sinistcha|Matcha Gotcha|p1b: Garchomp
|-activate|p1b: Garchomp|move: Protect
|
|upkeep
|turn|11
|
|t:|1783305464
|move|p2a: Sneasler|Close Combat|p1b: Garchomp
|-damage|p1b: Garchomp|0 fnt
|-unboost|p2a: Sneasler|def|1
|-unboost|p2a: Sneasler|spd|1
|faint|p1b: Garchomp
|
|win|PenguimSAL
