|j|☆MinasDevilCrobats
|j|☆Blitzball Ace
|html|MinasDevilCrobatsBlitzball Ace    
|uhtml|bestof|Game 3 of a best-of-3
|t:|1756864799
|gametype|doubles
|player|p1|MinasDevilCrobats|darach-caitlin|1259
|player|p2|Blitzball Ace|kamado-armor|1241
|gen|9
|tier|[Gen 9] VGC 2025 Reg H (Bo3)
|rated|
|rule|Species Clause: Limit one of each Pokémon
|rule|Item Clause: Limit 1 of each item
|clearpoke
|poke|p1|Indeedee, L50, M|
|poke|p1|Sneasler, L50, M|
|poke|p1|Dondozo, L50, M|
|poke|p1|Tatsugiri, L50, M|
|poke|p1|Talonflame, L50, F|
|poke|p1|Glimmora, L50, F|
|poke|p2|Garchomp, L50, F|
|poke|p2|Sneasler, L50, M|
|poke|p2|Incineroar, L50, M|
|poke|p2|Dragonite, L50, M|
|poke|p2|Gholdengo, L50|
|poke|p2|Vivillon, L50, M|
|teampreview|4
|showteam|p1|Indeedee||ChoiceScarf|PsychicSurge|ExpandingForce,DazzlingGleam,Trick,Protect|||M|||50|,,,,,Psychic]Sneasler||PsychicSeed|Unburden|CloseCombat,DireClaw,ThroatChop,Protect|||M|||50|,,,,,Dark]Dondozo||Leftovers|Unaware|WaveCrash,OrderUp,Earthquake,Protect|||M|||50|,,,,,Grass]Tatsugiri||LifeOrb|Commander|MuddyWater,DracoMeteor,DragonPulse,Protect|||M|||50|,,,,,Steel]Talonflame||CovertCloak|GaleWings|FlareBlitz,WillOWisp,Tailwind,Taunt|||F|||50|,,,,,Water]Glimmora||PowerHerb|ToxicDebris|MeteorBeam,SludgeBomb,EarthPower,SpikyShield|||F|||50|,,,,,Grass
|showteam|p2|Garchomp||LifeOrb|RoughSkin|Earthquake,DragonClaw,StompingTantrum,Protect|||F|||50|,,,,,Ground]Sneasler||WhiteHerb|Unburden|Coaching,Protect,DireClaw,CloseCombat|||M|||50|,,,,,Ghost]Incineroar||SafetyGoggles|Intimidate|FakeOut,FlareBlitz,KnockOff,PartingShot|||M|||50|,,,,,Ghost]Dragonite||LoadedDice|InnerFocus|TeraBlast,ScaleShot,Tailwind,Protect|||M|||50|,,,,,Flying]Gholdengo||ChoiceScarf|GoodasGold|MakeItRain,ShadowBall,Trick,Thunderbolt||||||50|,,,,,Steel]Vivillon||FocusSash|CompoundEyes|Hurricane,SleepPowder,RagePowder,Protect|||M|||50|,,,,,Ghost
|
|t:|1756864835
|teamsize|p1|4
|teamsize|p2|4
|start
|switch|p1a: Indeedee|Indeedee, L50, M|100/100
|switch|p1b: Sneasler|Sneasler, L50, M|100/100
|switch|p2a: Gholdengo|Gholdengo, L50|100/100
|switch|p2b: Vivillon|Vivillon, L50, M|100/100
|-fieldstart|move: Psychic Terrain|[from] ability: Psychic Surge|[of] p1a: Indeedee
|-enditem|p1b: Sneasler|Psychic Seed
|-boost|p1b: Sneasler|spd|1|[from] item: Psychic Seed
|turn|1
|
|t:|1756864868
|-terastallize|p2a: Gholdengo|Steel
|move|p1b: Sneasler|Throat Chop|p2a: Gholdengo
|-damage|p2a: Gholdengo|67/100
|-start|p2a: Gholdengo|Throat Chop|[silent]
|move|p1a: Indeedee|Expanding Force|p2b: Vivillon|[spread] p2a,p2b
|-resisted|p2a: Gholdengo
|-damage|p2a: Gholdengo|39/100
|-enditem|p2b: Vivillon|Focus Sash
|-damage|p2b: Vivillon|1/100
|move|p2a: Gholdengo|Trick|p2b: Vivillon
|-activate|p2a: Gholdengo|move: Trick|[of] p2b: Vivillon
|-item|p2b: Vivillon|Choice Scarf|[from] move: Trick
|-enditem|p2a: Gholdengo|Choice Scarf|[silent]|[from] move: Trick
|move|p2b: Vivillon|Sleep Powder|p1a: Indeedee
|-status|p1a: Indeedee|slp|[from] move: Sleep Powder
|
|upkeep
|turn|2
|c|☆Blitzball Ace|you're actually timid scarf lol
|
|t:|1756864917
|move|p1b: Sneasler|Dire Claw|p2b: Vivillon
|-damage|p2b: Vivillon|0 fnt
|faint|p2b: Vivillon
|cant|p1a: Indeedee|slp
|move|p2a: Gholdengo|Make It Rain|p1a: Indeedee|[spread] p1a,p1b
|-damage|p1a: Indeedee|8/100 slp
|-damage|p1b: Sneasler|37/100
|-unboost|p2a: Gholdengo|spa|1
|
|-end|p2a: Gholdengo|Throat Chop|[silent]
|upkeep
|c|☆MinasDevilCrobats|yep
|
|t:|1756864932
|switch|p2b: Dalinar|Incineroar, L50, M, shiny|100/100
|-ability|p2b: Dalinar|Intimidate|boost
|-unboost|p1a: Indeedee|atk|1
|-unboost|p1b: Sneasler|atk|1
|turn|3
|
|t:|1756864938
|switch|p2a: Dragonite|Dragonite, L50, M, shiny|100/100
|move|p1b: Sneasler|Protect|p1b: Sneasler
|-singleturn|p1b: Sneasler|Protect
|cant|p1a: Indeedee|slp
|move|p2b: Dalinar|Flare Blitz|p1b: Sneasler
|-activate|p1b: Sneasler|move: Protect
|
|upkeep
|turn|4
|
|t:|1756864960
|move|p1b: Sneasler|Close Combat|p2b: Dalinar
|-supereffective|p2b: Dalinar
|-damage|p2b: Dalinar|18/100
|-unboost|p1b: Sneasler|def|1
|-unboost|p1b: Sneasler|spd|1
|cant|p1a: Indeedee|slp
|move|p2a: Dragonite|Tailwind|p2a: Dragonite
|-sidestart|p2: Blitzball Ace|move: Tailwind
|move|p2b: Dalinar|Flare Blitz|p1b: Sneasler
|-damage|p1b: Sneasler|0 fnt
|faint|p1b: Sneasler
|-damage|p2b: Dalinar|8/100|[from] Recoil
|
|upkeep
|
|t:|1756864972
|switch|p1b: Dondozo|Dondozo, L50, M|100/100
|turn|5
|
|t:|1756865000
|switch|p1a: Tatsugiri|Tatsugiri, L50, M|100/100
|-activate|p1a: Tatsugiri|ability: Commander|[of] p1b: Dondozo
|-boost|p1b: Dondozo|atk|2
|-boost|p1b: Dondozo|spa|2
|-boost|p1b: Dondozo|spe|2
|-boost|p1b: Dondozo|def|2
|-boost|p1b: Dondozo|spd|2
|move|p2a: Dragonite|Scale Shot|p1a: Tatsugiri|[miss]
|-miss|p2a: Dragonite|p1a: Tatsugiri
|move|p2b: Dalinar|Parting Shot|p1b: Dondozo
|-unboost|p1b: Dondozo|atk|1
|-unboost|p1b: Dondozo|spa|1
|
|t:|1756865005
|switch|p2b: Gholdengo|Gholdengo, L50, tera:Steel|39/100|[from] Parting Shot
|move|p1b: Dondozo|Order Up|p2b: Gholdengo
|-resisted|p2b: Gholdengo
|-damage|p2b: Gholdengo|21/100
|-boost|p1b: Dondozo|atk|1
|
|-fieldend|move: Psychic Terrain
|upkeep
|turn|6
|
|t:|1756865045
|move|p1b: Dondozo|Protect|p1b: Dondozo
|-singleturn|p1b: Dondozo|Protect
|move|p2b: Gholdengo|Trick|p1b: Dondozo
|-activate|p1b: Dondozo|move: Protect
|move|p2a: Dragonite|Scale Shot|p1b: Dondozo
|-activate|p1b: Dondozo|move: Protect
|
|upkeep
|turn|7
|
|t:|1756865066
|-terastallize|p1b: Dondozo|Grass
|move|p2b: Gholdengo|Thunderbolt|p1b: Dondozo
|-resisted|p1b: Dondozo
|-damage|p1b: Dondozo|94/100
|move|p2a: Dragonite|Scale Shot|p1b: Dondozo
|-damage|p1b: Dondozo|88/100
|-damage|p1b: Dondozo|82/100
|-damage|p1b: Dondozo|77/100
|-damage|p1b: Dondozo|71/100
|-damage|p1b: Dondozo|66/100
|-hitcount|p1b: Dondozo|5
|-unboost|p2a: Dragonite|def|1
|-boost|p2a: Dragonite|spe|1
|move|p1b: Dondozo|Order Up|p2a: Dragonite
|-supereffective|p2a: Dragonite
|-damage|p2a: Dragonite|3/100
|-boost|p1b: Dondozo|atk|1
|
|-heal|p1b: Dondozo|72/100|[from] item: Leftovers
|-sideend|p2: Blitzball Ace|move: Tailwind
|upkeep
|turn|8
|
|t:|1756865087
|move|p2a: Dragonite|Tailwind|p2a: Dragonite
|-sidestart|p2: Blitzball Ace|move: Tailwind
|move|p2b: Gholdengo|Trick|p1b: Dondozo
|-activate|p2b: Gholdengo|move: Trick|[of] p1b: Dondozo
|-enditem|p1b: Dondozo|Leftovers|[silent]|[from] move: Trick
|-item|p2b: Gholdengo|Leftovers|[from] move: Trick
|move|p1b: Dondozo|Order Up|p2b: Gholdengo
|-resisted|p2b: Gholdengo
|-damage|p2b: Gholdengo|0 fnt
|faint|p2b: Gholdengo
|-boost|p1b: Dondozo|atk|1
|
|upkeep
|
|t:|1756865093
|switch|p2b: Dalinar|Incineroar, L50, M, shiny|8/100
|-ability|p2b: Dalinar|Intimidate|boost
|-unboost|p1a: Tatsugiri|atk|1
|-unboost|p1b: Dondozo|atk|1
|turn|9
|
|t:|1756865101
|move|p1b: Dondozo|Protect|p1b: Dondozo
|-singleturn|p1b: Dondozo|Protect
|move|p2b: Dalinar|Fake Out|p1b: Dondozo
|-activate|p1b: Dondozo|move: Protect
|move|p2a: Dragonite|Scale Shot|p1b: Dondozo
|-activate|p1b: Dondozo|move: Protect
|
|upkeep
|turn|10
|
|t:|1756865109
|move|p2a: Dragonite|Scale Shot|p1b: Dondozo
|-damage|p1b: Dondozo|67/100
|-damage|p1b: Dondozo|61/100
|-damage|p1b: Dondozo|56/100
|-damage|p1b: Dondozo|50/100
|-hitcount|p1b: Dondozo|4
|-unboost|p2a: Dragonite|def|1
|-boost|p2a: Dragonite|spe|1
|move|p2b: Dalinar|Flare Blitz|p1b: Dondozo
|-supereffective|p1b: Dondozo
|-damage|p1b: Dondozo|10/100
|-damage|p2b: Dalinar|0 fnt|[from] Recoil
|faint|p2b: Dalinar
|move|p1b: Dondozo|Order Up|p2a: Dragonite
|-supereffective|p2a: Dragonite
|-damage|p2a: Dragonite|0 fnt
|faint|p2a: Dragonite
|
|win|MinasDevilCrobats
|raw|MinasDevilCrobats's rating: 1259 → 1283(+24 for winning)
|raw|Blitzball Ace's rating: 1241 → 1217(-24 for losing)
|c|☆MinasDevilCrobats|gg
|l|☆Blitzball Ace
|player|p2|
