|j|☆Realfrytki
|j|☆Metallicmadness
|html|RealfrytkiMetallicmadness    
|uhtml|bestof|Game 3 of a best-of-3
|t:|1755703088
|gametype|doubles
|player|p1|Realfrytki|veteranf|1285
|player|p2|Metallicmadness|byron|1395
|gen|9
|tier|[Gen 9] VGC 2025 Reg H (Bo3)
|rated|
|rule|Species Clause: Limit one of each Pokémon
|rule|Item Clause: Limit 1 of each item
|clearpoke
|poke|p1|Volcarona, L50, M|
|poke|p1|Rillaboom, L50, F|
|poke|p1|Dragonite, L50, M|
|poke|p1|Kingambit, L50, M|
|poke|p1|Sneasler, L50, M|
|poke|p1|Electabuzz, L50, M|
|poke|p2|Annihilape, L50, M|
|poke|p2|Kilowattrel, L50, M|
|poke|p2|Politoed, L50, M|
|poke|p2|Rillaboom, L50, F|
|poke|p2|Archaludon, L50, M|
|poke|p2|Incineroar, L50, F|
|teampreview|4
|showteam|p1|Volcarona||Leftovers|FlameBody|HeatWave,TeraBlast,QuiverDance,Protect|||M|||50|,,,,,Fairy]Rillaboom||MiracleSeed|GrassySurge|WoodHammer,GrassyGlide,FakeOut,HighHorsepower|||F|||50|,,,,,Fire]Dragonite||LoadedDice|Multiscale|ScaleShot,ExtremeSpeed,Haze,Protect|||M|||50|,,,,,Steel]Kingambit||AssaultVest|Defiant|KowtowCleave,SuckerPunch,IronHead,TeraBlast|||M|||50|,,,,,Flying]Sneasler||FocusSash|Unburden|CloseCombat,DireClaw,Coaching,FakeOut|||M|||50|,,,,,Stellar]Electabuzz||Eviolite|VitalSpirit|Thunderbolt,FollowMe,Taunt,Protect|||M|||50|,,,,,Ghost
|showteam|p2|Annihilape||Leftovers|Defiant|RageFist,BulkUp,Protect,DrainPunch|||M|||50|,,,,,Fire]Kilowattrel||FocusSash|Competitive|Hurricane,Tailwind,Discharge,Protect|||M|||50|,,,,,Electric]Politoed||SitrusBerry|Drizzle|MuddyWater,IceBeam,Protect,EarthPower|||M|||50|,,,,,Ground]Rillaboom||LoadedDice|GrassySurge|FakeOut,BulletSeed,HighHorsepower,GrassyGlide|||F|||50|,,,,,Stellar]Archaludon||AssaultVest|Stamina|BodyPress,DragonPulse,ElectroShot,FlashCannon|||M|||50|,,,,,Grass]Incineroar||SafetyGoggles|Intimidate|FakeOut,PartingShot,WillOWisp,KnockOff|||F|||50|,,,,,Ghost
|inactive|Battle timer is ON: inactive players will automatically lose when time's up. (requested by Metallicmadness)
|inactive|Metallicmadness has 60 seconds left.
|
|t:|1755703122
|teamsize|p1|4
|teamsize|p2|4
|start
|switch|p1a: Volcarona|Volcarona, L50, M|100/100
|switch|p1b: Electabuzz|Electabuzz, L50, M|100/100
|switch|p2a: Annihilape|Annihilape, L50, M|100/100
|switch|p2b: Rillaboom|Rillaboom, L50, F|100/100
|-fieldstart|move: Grassy Terrain|[from] ability: Grassy Surge|[of] p2b: Rillaboom
|turn|1
|inactive|Realfrytki has 30 seconds left.
|
|t:|1755703153
|switch|p2b: Politoed|Politoed, L50, M|100/100
|-weather|RainDance|[from] ability: Drizzle|[of] p2b: Politoed
|move|p2a: Annihilape|Bulk Up|p2a: Annihilape
|-boost|p2a: Annihilape|atk|1
|-boost|p2a: Annihilape|def|1
|move|p1b: Electabuzz|Taunt|p2a: Annihilape
|-start|p2a: Annihilape|move: Taunt
|move|p1a: Volcarona|Quiver Dance|p1a: Volcarona
|-boost|p1a: Volcarona|spa|1
|-boost|p1a: Volcarona|spd|1
|-boost|p1a: Volcarona|spe|1
|
|-weather|RainDance|[upkeep]
|upkeep
|turn|2
|l|☆Metallicmadness
|inactive|Metallicmadness disconnected and has a minute to reconnect!
|player|p2|
|j|☆Metallicmadness
|inactive|Metallicmadness reconnected and has 45 seconds left.
|player|p2|Metallicmadness|byron|
|
|t:|1755703176
|switch|p2b: Rillaboom|Rillaboom, L50, F|100/100
|-terastallize|p1a: Volcarona|Fairy
|move|p1a: Volcarona|Tera Blast|p2b: Rillaboom|[anim] Tera Blast Fairy
|-damage|p2b: Rillaboom|25/100
|move|p2a: Annihilape|Drain Punch|p1b: Electabuzz
|-damage|p1b: Electabuzz|60/100
|move|p1b: Electabuzz|Thunderbolt|p2b: Rillaboom
|-resisted|p2b: Rillaboom
|-damage|p2b: Rillaboom|7/100
|
|-weather|RainDance|[upkeep]
|-heal|p1b: Electabuzz|66/100|[from] Grassy Terrain
|-heal|p2b: Rillaboom|13/100|[from] Grassy Terrain
|upkeep
|turn|3
|
|t:|1755703199
|-terastallize|p2a: Annihilape|Fire
|move|p2b: Rillaboom|Grassy Glide|p2a: Annihilape
|-resisted|p2a: Annihilape
|-damage|p2a: Annihilape|87/100
|move|p1a: Volcarona|Tera Blast|p2a: Annihilape|[anim] Tera Blast Fairy
|-resisted|p2a: Annihilape
|-damage|p2a: Annihilape|59/100
|move|p2a: Annihilape|Drain Punch|p1b: Electabuzz
|-damage|p1b: Electabuzz|24/100
|-heal|p2a: Annihilape|77/100|[from] drain|[of] p1b: Electabuzz
|move|p1b: Electabuzz|Thunderbolt|p2b: Rillaboom
|-resisted|p2b: Rillaboom
|-damage|p2b: Rillaboom|0 fnt
|faint|p2b: Rillaboom
|
|-weather|RainDance|[upkeep]
|-heal|p2a: Annihilape|83/100|[from] Grassy Terrain
|-heal|p2a: Annihilape|89/100|[from] item: Leftovers
|-heal|p1b: Electabuzz|30/100|[from] Grassy Terrain
|upkeep
|
|t:|1755703215
|switch|p2b: Archaludon|Archaludon, L50, M|100/100
|turn|4
|
|t:|1755703240
|move|p1b: Electabuzz|Follow Me|p1b: Electabuzz
|-singleturn|p1b: Electabuzz|move: Follow Me
|move|p1a: Volcarona|Quiver Dance|p1a: Volcarona
|-boost|p1a: Volcarona|spa|1
|-boost|p1a: Volcarona|spd|1
|-boost|p1a: Volcarona|spe|1
|move|p2a: Annihilape|Drain Punch|p1b: Electabuzz
|-damage|p1b: Electabuzz|0 fnt
|-heal|p2a: Annihilape|100/100|[from] drain|[of] p1b: Electabuzz
|faint|p1b: Electabuzz
|move|p2b: Archaludon|Electro Shot||[still]
|-prepare|p2b: Archaludon|Electro Shot
|-boost|p2b: Archaludon|spa|1
|-anim|p2b: Archaludon|Electro Shot|p1a: Volcarona
|-crit|p1a: Volcarona
|-damage|p1a: Volcarona|25/100
|
|-weather|RainDance|[upkeep]
|-heal|p1a: Volcarona|31/100|[from] Grassy Terrain
|-heal|p1a: Volcarona|37/100|[from] item: Leftovers
|-end|p2a: Annihilape|move: Taunt
|upkeep
|
|t:|1755703263
|switch|p1b: Sneasler|Sneasler, L50, M|100/100
|turn|5
|
|t:|1755703269
|move|p1a: Volcarona|Protect|p1a: Volcarona
|-singleturn|p1a: Volcarona|Protect
|move|p1b: Sneasler|Close Combat|p2b: Archaludon
|-supereffective|p2b: Archaludon
|-damage|p2b: Archaludon|3/100
|-unboost|p1b: Sneasler|def|1
|-unboost|p1b: Sneasler|spd|1
|-ability|p2b: Archaludon|Stamina|boost
|-boost|p2b: Archaludon|def|1
|move|p2a: Annihilape|Drain Punch|p1b: Sneasler
|-resisted|p1b: Sneasler
|-damage|p1b: Sneasler|38/100
|move|p2b: Archaludon|Flash Cannon|p1a: Volcarona
|-activate|p1a: Volcarona|move: Protect
|
|-weather|none
|-heal|p1a: Volcarona|44/100|[from] Grassy Terrain
|-heal|p1a: Volcarona|50/100|[from] item: Leftovers
|-heal|p1b: Sneasler|43/100|[from] Grassy Terrain
|-heal|p2b: Archaludon|9/100|[from] Grassy Terrain
|-fieldend|move: Grassy Terrain
|upkeep
|turn|6
|inactive|Realfrytki has 30 seconds left.
|inactive|Realfrytki has 20 seconds left.
|
|t:|1755703305
|switch|p2b: Politoed|Politoed, L50, M|100/100
|-weather|RainDance|[from] ability: Drizzle|[of] p2b: Politoed
|move|p1a: Volcarona|Heat Wave|p2b: Politoed|[spread] p2a,p2b
|-resisted|p2a: Annihilape
|-resisted|p2b: Politoed
|-damage|p2a: Annihilape|85/100
|-damage|p2b: Politoed|84/100
|move|p1b: Sneasler|Dire Claw|p2a: Annihilape
|-damage|p2a: Annihilape|56/100
|move|p2a: Annihilape|Rage Fist|p1a: Volcarona
|-damage|p1a: Volcarona|0 fnt
|faint|p1a: Volcarona
|
|-weather|RainDance|[upkeep]
|-heal|p2a: Annihilape|62/100|[from] item: Leftovers
|upkeep
|
|t:|1755703321
|switch|p1a: Rillaboom|Rillaboom, L50, F|100/100
|-fieldstart|move: Grassy Terrain|[from] ability: Grassy Surge|[of] p1a: Rillaboom
|turn|7
|
|t:|1755703340
|switch|p2b: Archaludon|Archaludon, L50, M|9/100
|move|p1a: Rillaboom|Grassy Glide|p2a: Annihilape
|-resisted|p2a: Annihilape
|-damage|p2a: Annihilape|47/100
|move|p1b: Sneasler|Close Combat|p2a: Annihilape
|-damage|p2a: Annihilape|3/100
|-unboost|p1b: Sneasler|def|1
|-unboost|p1b: Sneasler|spd|1
|move|p2a: Annihilape|Drain Punch|p1b: Sneasler
|-resisted|p1b: Sneasler
|-crit|p1b: Sneasler
|-damage|p1b: Sneasler|0 fnt
|-heal|p2a: Annihilape|20/100|[from] drain|[of] p1b: Sneasler
|faint|p1b: Sneasler
|
|-weather|RainDance|[upkeep]
|-heal|p2a: Annihilape|26/100|[from] Grassy Terrain
|-heal|p2a: Annihilape|32/100|[from] item: Leftovers
|-heal|p2b: Archaludon|15/100|[from] Grassy Terrain
|upkeep
|turn|8
|inactive|Realfrytki has 30 seconds left.
|
|t:|1755703365
|move|p2a: Annihilape|Protect|p2a: Annihilape
|-singleturn|p2a: Annihilape|Protect
|move|p2b: Archaludon|Electro Shot||[still]
|-prepare|p2b: Archaludon|Electro Shot
|-boost|p2b: Archaludon|spa|1
|-anim|p2b: Archaludon|Electro Shot|p1a: Rillaboom
|-resisted|p1a: Rillaboom
|-damage|p1a: Rillaboom|69/100
|move|p1a: Rillaboom|High Horsepower|p2a: Annihilape
|-activate|p2a: Annihilape|move: Protect
|
|-weather|RainDance|[upkeep]
|-heal|p2a: Annihilape|38/100|[from] Grassy Terrain
|-heal|p2a: Annihilape|44/100|[from] item: Leftovers
|-heal|p2b: Archaludon|21/100|[from] Grassy Terrain
|-heal|p1a: Rillaboom|75/100|[from] Grassy Terrain
|upkeep
|turn|9
|
|t:|1755703380
|move|p2a: Annihilape|Drain Punch|p1a: Rillaboom
|-damage|p1a: Rillaboom|33/100
|-heal|p2a: Annihilape|66/100|[from] drain|[of] p1a: Rillaboom
|move|p2b: Archaludon|Dragon Pulse|p1a: Rillaboom
|-damage|p1a: Rillaboom|0 fnt
|faint|p1a: Rillaboom
|
|win|Metallicmadness
|raw|Realfrytki's rating: 1285 → 1268(-17 for losing)
|raw|Metallicmadness's rating: 1395 → 1409(+14 for winning)
