|j|☆disobedient_vgc
|j|☆Kevin-V8
|html|disobedient_vgcKevin-V8    
|uhtml|bestof|Game 2 of a best-of-3
|t:|1785887379
|gametype|doubles
|player|p1|disobedient_vgc|leon|
|player|p2|Kevin-V8|ethan|
|gen|9
|tier|[Gen 9 Champions] VGC 2026 Reg M-B (Bo3)
|rule|Species Clause: Limit one of each Pokémon
|rule|Item Clause: Limit 1 of each item
|clearpoke
|poke|p1|Gengar, L50, M|
|poke|p1|Incineroar, L50, M, shiny|
|poke|p1|Vivillon-Sandstorm, L50, F|
|poke|p1|Politoed, L50, F|
|poke|p1|Archaludon, L50, F, shiny|
|poke|p1|Swampert, L50, M, shiny|
|poke|p2|Charizard, L50, M|
|poke|p2|Venusaur, L50, M|
|poke|p2|Garchomp, L50, M|
|poke|p2|Incineroar, L50, M|
|poke|p2|Floette-Eternal, L50, F|
|poke|p2|Sinistcha, L50|
|teampreview|4
|showteam|p1|Gengar||Gengarite|CursedBody|Protect,PerishSong,ShadowBall,SludgeBomb|Timid||M|||50|]Incineroar||PasshoBerry|Intimidate|FakeOut,Protect,PartingShot,ThroatChop|Sassy||M|||50|]Vivillon-Sandstorm||FocusSash|FriendGuard|Protect,RagePowder,SleepPowder,Hurricane|Timid||F|||50|]Politoed||SitrusBerry|Drizzle|Protect,PerishSong,Encore,WeatherBall|Calm||F|||50|]Archaludon||Leftovers|Stamina|Protect,ElectroShot,DragonPulse,FlashCannon|Calm||F|||50|]Swampert||Swampertite|Torrent|Protect,WaveCrash,Earthquake,IcePunch|Adamant||M|||50|
|showteam|p2|Charizard||CharizarditeY|Blaze|Protect,HeatWave,SolarBeam,WeatherBall|Modest||M|||50|]Venusaur||FocusSash|Chlorophyll|SludgeBomb,LeafStorm,Protect,SleepPowder|Timid||M|||50|]Garchomp||ChoiceScarf|RoughSkin|Earthquake,RockSlide,DragonClaw,StompingTantrum|Adamant||M|||50|]Incineroar||SitrusBerry|Intimidate|FlareBlitz,DarkestLariat,FakeOut,PartingShot|Careful||M|||50|]Floette-Eternal||Floettite|FlowerVeil|Moonblast,CalmMind,DazzlingGleam,Protect|Modest||F|||50|]Sinistcha||ColburBerry|Hospitality|MatchaGotcha,RagePowder,TrickRoom,Protect|Bold|||||50|
|inactive|Battle timer is ON: inactive players will automatically lose when time's up. (requested by Kevin-V8)
|inactive|disobedient_vgc has 60 seconds left.
|inactive|Kevin-V8 has 60 seconds left.
|inactive|disobedient_vgc has 30 seconds left.
|inactive|Kevin-V8 has 30 seconds left.
|inactive|disobedient_vgc has 20 seconds left.
|inactive|Kevin-V8 has 20 seconds left.
|inactive|disobedient_vgc has 15 seconds left.
|inactive|Kevin-V8 has 15 seconds left.
|inactive|disobedient_vgc has 10 seconds left.
|inactive|Kevin-V8 has 10 seconds left.
|inactive|Kevin-V8 has 5 seconds left.
|
|t:|1785887469
|teamsize|p1|4
|teamsize|p2|4
|start
|switch|p1a: Gengar|Gengar, L50, M|100/100
|switch|p1b: Incineroar|Incineroar, L50, M, shiny|100/100
|switch|p2a: Charizard|Charizard, L50, M|100/100
|switch|p2b: Venusaur|Venusaur, L50, M|100/100
|-ability|p1b: Incineroar|Intimidate|boost
|-unboost|p2a: Charizard|atk|1
|-unboost|p2b: Venusaur|atk|1
|turn|1
|inactive|disobedient_vgc has 30 seconds left.
|inactive|Kevin-V8 has 30 seconds left.
|inactive|disobedient_vgc has 20 seconds left.
|
|t:|1785887507
|detailschange|p1a: Gengar|Gengar-Mega, L50, M
|-mega|p1a: Gengar|Gengar|Gengarite
|detailschange|p2a: Charizard|Charizard-Mega-Y, L50, M
|-mega|p2a: Charizard|Charizard|Charizardite Y
|-weather|SunnyDay|[from] ability: Drought|[of] p2a: Charizard
|move|p1b: Incineroar|Fake Out|p2a: Charizard
|-damage|p2a: Charizard|89/100
|move|p2b: Venusaur|Sleep Powder|p1a: Gengar
|-status|p1a: Gengar|slp|[from] move: Sleep Powder
|cant|p1a: Gengar|slp
|cant|p2a: Charizard|flinch
|
|-weather|SunnyDay|[upkeep]
|upkeep
|turn|2
|inactive|disobedient_vgc has 30 seconds left.
|inactive|disobedient_vgc has 20 seconds left.
|
|t:|1785887546
|switch|p1b: Politoed|Politoed, L50, F|100/100
|-weather|RainDance|[from] ability: Drizzle|[of] p1b: Politoed
|cant|p1a: Gengar|slp
|move|p2b: Venusaur|Sleep Powder|p1b: Politoed
|-status|p1b: Politoed|slp|[from] move: Sleep Powder
|move|p2a: Charizard|Weather Ball|p1a: Gengar
|-damage|p1a: Gengar|45/100 slp
|
|-weather|RainDance|[upkeep]
|upkeep
|turn|3
|inactive|disobedient_vgc has 30 seconds left.
|
|t:|1785887577
|switch|p1b: Archaludon|Archaludon, L50, F, shiny|100/100
|-curestatus|p1a: Gengar|slp|[msg]
|move|p1a: Gengar|Protect|p1a: Gengar
|-singleturn|p1a: Gengar|Protect
|move|p2b: Venusaur|Leaf Storm|p1b: Archaludon
|-resisted|p1b: Archaludon|2
|-damage|p1b: Archaludon|87/100
|-unboost|p2b: Venusaur|spa|2
|-ability|p1b: Archaludon|Stamina|boost
|-boost|p1b: Archaludon|def|1
|move|p2a: Charizard|Weather Ball|p1a: Gengar
|-activate|p1a: Gengar|move: Protect
|
|-weather|RainDance|[upkeep]
|-heal|p1b: Archaludon|93/100|[from] item: Leftovers
|upkeep
|turn|4
|inactive|Kevin-V8 has 30 seconds left.
|inactive|disobedient_vgc has 30 seconds left.
|inactive|Kevin-V8 has 20 seconds left.
|inactive|Kevin-V8 has 15 seconds left.
|
|t:|1785887620
|move|p2a: Charizard|Protect|p2a: Charizard
|-singleturn|p2a: Charizard|Protect
|move|p1a: Gengar|Shadow Ball|p2b: Venusaur
|-damage|p2b: Venusaur|47/100
|move|p2b: Venusaur|Sleep Powder|p1b: Archaludon
|-status|p1b: Archaludon|slp|[from] move: Sleep Powder
|cant|p1b: Archaludon|slp
|
|-weather|RainDance|[upkeep]
|-heal|p1b: Archaludon|100/100 slp|[from] item: Leftovers
|upkeep
|turn|5
|
|t:|1785887637
|move|p1a: Gengar|Protect|p1a: Gengar
|-singleturn|p1a: Gengar|Protect
|move|p2b: Venusaur|Sleep Powder|p1a: Gengar
|-activate|p1a: Gengar|move: Protect
|move|p2a: Charizard|Weather Ball|p1a: Gengar
|-activate|p1a: Gengar|move: Protect
|cant|p1b: Archaludon|slp
|
|-weather|RainDance|[upkeep]
|upkeep
|turn|6
|
|t:|1785887655
|switch|p1a: Politoed|Politoed, L50, F|100/100 slp
|move|p2b: Venusaur|Sleep Powder|p1a: Politoed
|-fail|p1a: Politoed|slp
|move|p2a: Charizard|Weather Ball|p1a: Politoed
|-resisted|p1a: Politoed|1
|-damage|p1a: Politoed|77/100 slp
|-curestatus|p1b: Archaludon|slp|[msg]
|move|p1b: Archaludon|Electro Shot||[still]
|-prepare|p1b: Archaludon|Electro Shot
|-boost|p1b: Archaludon|spa|1
|-anim|p1b: Archaludon|Electro Shot|p2a: Charizard
|-supereffective|p2a: Charizard|1
|-damage|p2a: Charizard|0 fnt
|faint|p2a: Charizard
|
|-weather|none
|upkeep
|
|t:|1785887674
|switch|p2a: Garchomp|Garchomp, L50, M|100/100
|turn|7
|
|t:|1785887681
|switch|p1a: Incineroar|Incineroar, L50, M, shiny|100/100
|-ability|p1a: Incineroar|Intimidate|boost
|-unboost|p2a: Garchomp|atk|1
|-unboost|p2b: Venusaur|atk|1
|move|p2b: Venusaur|Protect|p2b: Venusaur
|-singleturn|p2b: Venusaur|Protect
|move|p2a: Garchomp|Earthquake|p1b: Archaludon|[spread] p1a,p1b
|-activate|p2b: Venusaur|move: Protect
|-supereffective|p1a: Incineroar|1
|-supereffective|p1b: Archaludon|1
|-damage|p1a: Incineroar|49/100
|-damage|p1b: Archaludon|71/100
|-ability|p1b: Archaludon|Stamina|boost
|-boost|p1b: Archaludon|def|1
|move|p1b: Archaludon|Dragon Pulse|p2a: Garchomp
|-supereffective|p2a: Garchomp|1
|-damage|p2a: Garchomp|0 fnt
|faint|p2a: Garchomp
|
|-heal|p1b: Archaludon|77/100|[from] item: Leftovers
|upkeep
|
|t:|1785887697
|switch|p2a: Incineroar|Incineroar, L50, M|100/100
|-ability|p2a: Incineroar|Intimidate|boost
|-unboost|p1a: Incineroar|atk|1
|-unboost|p1b: Archaludon|atk|1
|turn|8
|-message|Kevin-V8 forfeited.
|
|win|disobedient_vgc
|l|☆Kevin-V8
|player|p2|
