|j|☆NopeGetUSOut
|j|☆blackstorm games
|html|NopeGetUSOutblackstorm games    
|uhtml|bestof|Game 2 of a best-of-3
|t:|1756927456
|gametype|doubles
|player|p1|NopeGetUSOut|265|1155
|player|p2|blackstorm games|266|1208
|gen|9
|tier|[Gen 9] VGC 2025 Reg H (Bo3)
|rated|
|rule|Species Clause: Limit one of each Pokémon
|rule|Item Clause: Limit 1 of each item
|clearpoke
|poke|p1|Ursaluna, L50, F|
|poke|p1|Gholdengo, L50|
|poke|p1|Incineroar, L50, M|
|poke|p1|Amoonguss, L50, M|
|poke|p1|Porygon2, L50|
|poke|p1|Hydreigon, L50, F|
|poke|p2|Dragonite, L50, F|
|poke|p2|Pelipper, L50, F|
|poke|p2|Gholdengo, L50|
|poke|p2|Archaludon, L50, F|
|poke|p2|Sinistcha, L50|
|poke|p2|Ursaluna, L50, F|
|teampreview|4
|showteam|p1|Ursaluna||FlameOrb|Guts|Facade,HeadlongRush,Earthquake,Protect|||F|||50|,,,,,Ghost]Gholdengo||IronPlate|GoodasGold|MakeItRain,ShadowBall,NastyPlot,Protect||||||50|,,,,,Water]Incineroar||SitrusBerry|Intimidate|FlareBlitz,KnockOff,PartingShot,FakeOut|||M|||50|,,,,,Ghost]Amoonguss||CovertCloak|Regenerator|Spore,RagePowder,PollenPuff,Protect|||M|||50|,,,,,Psychic]Porygon2||Eviolite|Download|TeraBlast,IceBeam,Recover,TrickRoom||||||50|,,,,,Fighting]Hydreigon||SafetyGoggles|Levitate|DracoMeteor,Snarl,Tailwind,Protect|||F|||50|,,,,,Ghost
|showteam|p2|Dragonite||LoadedDice|Multiscale|ScaleShot,Tailwind,Haze,Protect|||F|||50|,,,,,Fairy]Pelipper||FocusSash|Drizzle|Hurricane,Tailwind,WeatherBall,Protect|||F|||50|,,,,,Ghost]Gholdengo||LifeOrb|GoodasGold|MakeItRain,ShadowBall,NastyPlot,Protect||||||50|,,,,,Water]Archaludon||AssaultVest|Stamina|ElectroShot,BodyPress,DracoMeteor,Snarl|||F|||50|,,,,,Fighting]Sinistcha||SitrusBerry|Hospitality|MatchaGotcha,LifeDew,RagePowder,TrickRoom||||||50|,,,,,Dark]Ursaluna||FlameOrb|Guts|HeadlongRush,Earthquake,Facade,Protect|||F|||50|,,,,,Ghost
|inactive|Battle timer is ON: inactive players will automatically lose when time's up. (requested by NopeGetUSOut)
|
|t:|1756927472
|teamsize|p1|4
|teamsize|p2|4
|start
|switch|p1a: Osaka|Hydreigon, L50, F|100/100
|switch|p1b: Albuquerque|Amoonguss, L50, M|100/100
|switch|p2a: Archaludon|Archaludon, L50, F|100/100
|switch|p2b: Dragonite|Dragonite, L50, F|100/100
|turn|1
|inactive|blackstorm games has 30 seconds left.
|
|t:|1756927500
|-terastallize|p1a: Osaka|Ghost
|-terastallize|p2b: Dragonite|Fairy
|move|p1a: Osaka|Tailwind|p1a: Osaka
|-sidestart|p1: NopeGetUSOut|move: Tailwind
|move|p2b: Dragonite|Scale Shot|p1b: Albuquerque
|-crit|p1b: Albuquerque
|-damage|p1b: Albuquerque|80/100
|-damage|p1b: Albuquerque|67/100
|-damage|p1b: Albuquerque|54/100
|-damage|p1b: Albuquerque|42/100
|-damage|p1b: Albuquerque|28/100
|-hitcount|p1b: Albuquerque|5
|-unboost|p2b: Dragonite|def|1
|-boost|p2b: Dragonite|spe|1
|move|p2a: Archaludon|Draco Meteor|p1b: Albuquerque
|-damage|p1b: Albuquerque|0 fnt
|-unboost|p2a: Archaludon|spa|2
|faint|p1b: Albuquerque
|
|upkeep
|inactive|NopeGetUSOut has 30 seconds left.
|inactive|NopeGetUSOut has 20 seconds left.
|
|t:|1756927539
|switch|p1b: Milwaukee|Gholdengo, L50|100/100
|turn|2
|
|t:|1756927550
|move|p2b: Dragonite|Protect|p2b: Dragonite
|-singleturn|p2b: Dragonite|Protect
|move|p1a: Osaka|Draco Meteor|p2a: Archaludon
|-damage|p2a: Archaludon|52/100
|-unboost|p1a: Osaka|spa|2
|-ability|p2a: Archaludon|Stamina|boost
|-boost|p2a: Archaludon|def|1
|move|p1b: Milwaukee|Make It Rain|p2a: Archaludon|[spread] p2a
|-activate|p2b: Dragonite|move: Protect
|-resisted|p2a: Archaludon
|-damage|p2a: Archaludon|30/100
|-unboost|p1b: Milwaukee|spa|1
|-ability|p2a: Archaludon|Stamina|boost
|-boost|p2a: Archaludon|def|1
|move|p2a: Archaludon|Snarl|p1a: Osaka|[spread] p1a,p1b
|-supereffective|p1a: Osaka
|-supereffective|p1b: Milwaukee
|-damage|p1a: Osaka|87/100
|-damage|p1b: Milwaukee|85/100
|-unboost|p1a: Osaka|spa|1
|-unboost|p1b: Milwaukee|spa|1
|
|upkeep
|turn|3
|inactive|blackstorm games has 30 seconds left.
|inactive|blackstorm games has 20 seconds left.
|
|t:|1756927586
|switch|p1b: Anaheim|Porygon2, L50|100/100
|-ability|p1b: Anaheim|Download|boost
|-boost|p1b: Anaheim|spa|1
|switch|p2a: Sinistcha|Sinistcha, L50|100/100
|move|p1a: Osaka|Protect|p1a: Osaka
|-singleturn|p1a: Osaka|Protect
|move|p2b: Dragonite|Tailwind|p2b: Dragonite
|-sidestart|p2: blackstorm games|move: Tailwind
|
|upkeep
|turn|4
|
|t:|1756927601
|switch|p1a: Milwaukee|Gholdengo, L50|85/100
|switch|p2a: Archaludon|Archaludon, L50, F|30/100
|move|p2b: Dragonite|Scale Shot|p1a: Milwaukee
|-resisted|p1a: Milwaukee
|-damage|p1a: Milwaukee|78/100
|-resisted|p1a: Milwaukee
|-damage|p1a: Milwaukee|71/100
|-resisted|p1a: Milwaukee
|-damage|p1a: Milwaukee|65/100
|-resisted|p1a: Milwaukee
|-damage|p1a: Milwaukee|58/100
|-hitcount|p1a: Milwaukee|4
|-unboost|p2b: Dragonite|def|1
|-boost|p2b: Dragonite|spe|1
|move|p1b: Anaheim|Trick Room|p1b: Anaheim
|-fieldstart|move: Trick Room|[of] p1b: Anaheim
|
|-sideend|p1: NopeGetUSOut|move: Tailwind
|upkeep
|turn|5
|inactive|blackstorm games has 30 seconds left.
|
|t:|1756927631
|switch|p2b: Sinistcha|Sinistcha, L50|100/100
|-heal|p2a: Archaludon|54/100|[from] ability: Hospitality|[of] p2b: Sinistcha
|move|p1b: Anaheim|Ice Beam|p2b: Sinistcha
|-supereffective|p2b: Sinistcha
|-damage|p2b: Sinistcha|24/100
|-enditem|p2b: Sinistcha|Sitrus Berry|[eat]
|-heal|p2b: Sinistcha|49/100|[from] item: Sitrus Berry
|move|p1a: Milwaukee|Shadow Ball|p2a: Archaludon
|-damage|p2a: Archaludon|22/100
|-ability|p2a: Archaludon|Stamina|boost
|-boost|p2a: Archaludon|def|1
|move|p2a: Archaludon|Snarl|p1a: Milwaukee|[spread] p1a
|-miss|p2a: Archaludon|p1b: Anaheim
|-supereffective|p1a: Milwaukee
|-crit|p1a: Milwaukee
|-damage|p1a: Milwaukee|11/100
|-unboost|p1a: Milwaukee|spa|1
|
|upkeep
|turn|6
|inactive|NopeGetUSOut has 30 seconds left.
|inactive|blackstorm games has 30 seconds left.
|
|t:|1756927660
|switch|p1a: Osaka|Hydreigon, L50, F, tera:Ghost|87/100
|move|p1b: Anaheim|Ice Beam|p2b: Sinistcha
|-supereffective|p2b: Sinistcha
|-damage|p2b: Sinistcha|0 fnt
|faint|p2b: Sinistcha
|move|p2a: Archaludon|Snarl|p1b: Anaheim|[spread] p1a,p1b
|-supereffective|p1a: Osaka
|-damage|p1a: Osaka|56/100
|-damage|p1b: Anaheim|93/100
|-unboost|p1a: Osaka|spa|1
|-unboost|p1b: Anaheim|spa|1
|
|-sideend|p2: blackstorm games|move: Tailwind
|upkeep
|
|t:|1756927672
|switch|p2b: Gholdengo|Gholdengo, L50|100/100
|turn|7
|
|t:|1756927684
|move|p1b: Anaheim|Ice Beam|p2a: Archaludon
|-damage|p2a: Archaludon|0 fnt
|faint|p2a: Archaludon
|move|p2b: Gholdengo|Shadow Ball|p1a: Osaka
|-supereffective|p1a: Osaka
|-damage|p1a: Osaka|0 fnt
|faint|p1a: Osaka
|-damage|p2b: Gholdengo|91/100|[from] item: Life Orb
|
|upkeep
|
|t:|1756927693
|switch|p2a: Dragonite|Dragonite, L50, F, tera:Fairy|100/100
|switch|p1a: Milwaukee|Gholdengo, L50|11/100
|turn|8
|
|t:|1756927713
|move|p2a: Dragonite|Protect|p2a: Dragonite
|-singleturn|p2a: Dragonite|Protect
|move|p2b: Gholdengo|Protect|p2b: Gholdengo
|-singleturn|p2b: Gholdengo|Protect
|move|p1b: Anaheim|Ice Beam|p2a: Dragonite
|-activate|p2a: Dragonite|move: Protect
|move|p1a: Milwaukee|Make It Rain|p2b: Gholdengo|[spread] 
|-activate|p2a: Dragonite|move: Protect
|-activate|p2b: Gholdengo|move: Protect
|
|-fieldend|move: Trick Room
|upkeep
|turn|9
|
|t:|1756927729
|move|p1a: Milwaukee|Make It Rain|p2b: Gholdengo|[spread] p2a,p2b
|-supereffective|p2a: Dragonite
|-resisted|p2b: Gholdengo
|-damage|p2a: Dragonite|43/100
|-damage|p2b: Gholdengo|63/100
|-unboost|p1a: Milwaukee|spa|1
|move|p2b: Gholdengo|Nasty Plot|p2b: Gholdengo
|-boost|p2b: Gholdengo|spa|2
|move|p2a: Dragonite|Scale Shot|p1a: Milwaukee
|-resisted|p1a: Milwaukee
|-damage|p1a: Milwaukee|3/100
|-resisted|p1a: Milwaukee
|-damage|p1a: Milwaukee|0 fnt
|faint|p1a: Milwaukee
|-hitcount|p1: Milwaukee|2
|-unboost|p2a: Dragonite|def|1
|-boost|p2a: Dragonite|spe|1
|move|p1b: Anaheim|Trick Room|p1b: Anaheim
|-fieldstart|move: Trick Room|[of] p1b: Anaheim
|
|upkeep
|turn|10
|
|t:|1756927749
|move|p1b: Anaheim|Ice Beam|p2b: Gholdengo
|-resisted|p2b: Gholdengo
|-damage|p2b: Gholdengo|47/100
|move|p2b: Gholdengo|Make It Rain|p1b: Anaheim
|-damage|p1b: Anaheim|0 fnt
|-unboost|p2b: Gholdengo|spa|1
|faint|p1b: Anaheim
|-damage|p2b: Gholdengo|37/100|[from] item: Life Orb
|
|win|blackstorm games
|raw|NopeGetUSOut's rating: 1155 → 1134(-21 for losing)
|raw|blackstorm games's rating: 1208 → 1229(+21 for winning)
|l|☆NopeGetUSOut
|player|p1|
