|j|☆yungleandoer96
|j|☆seawolfmikestoes
|html|yungleandoer96seawolfmikestoes    
|uhtml|bestof|Game 1 of a best-of-3
|t:|1756238925
|gametype|doubles
|player|p1|yungleandoer96|265|1130
|player|p2|seawolfmikestoes|twins-gen4|1083
|gen|9
|tier|[Gen 9] VGC 2025 Reg H (Bo3)
|rated|
|rule|Species Clause: Limit one of each Pokémon
|rule|Item Clause: Limit 1 of each item
|clearpoke
|poke|p1|Incineroar, L50, F|
|poke|p1|Amoonguss, L50, F|
|poke|p1|Ursaluna-Bloodmoon, L50, M|
|poke|p1|Sneasler, L50, F|
|poke|p1|Gholdengo, L50|
|poke|p1|Dragonite, L50, M|
|poke|p2|Incineroar, L50, M|
|poke|p2|Dragonite, L50, F|
|poke|p2|Archaludon, L50, F|
|poke|p2|Annihilape, L50, F|
|poke|p2|Gholdengo, L50|
|poke|p2|Whimsicott, L50, M|
|teampreview|4
|showteam|p1|Incineroar||SafetyGoggles|Intimidate|FlareBlitz,KnockOff,PartingShot,FakeOut|||F|||50|,,,,,Ghost]Amoonguss||SitrusBerry|Regenerator|Spore,RagePowder,PollenPuff,Protect|||F|||50|,,,,,Psychic]Ursaluna-Bloodmoon||AssaultVest|MindsEye|HyperVoice,BloodMoon,EarthPower,VacuumWave|||M|||50|,,,,,Water]Sneasler||FocusSash|Unburden|CloseCombat,DireClaw,ThroatChop,Protect|||F|||50|,,,,,Stellar]Gholdengo||LifeOrb|GoodasGold|MakeItRain,ShadowBall,NastyPlot,Protect||||||50|,,,,,Water]Dragonite||LoadedDice|Multiscale|ScaleShot,Tailwind,Haze,Protect|||M|||50|,,,,,Fairy
|showteam|p2|Incineroar||AssaultVest|Intimidate|FlareBlitz,FakeOut,KnockOff,Uturn|||M|||50|,,,,,Grass]Dragonite||LoadedDice|Multiscale|ScaleShot,ExtremeSpeed,Haze,Protect|||F|||50|,,,,,Fairy]Archaludon||PowerHerb|Sturdy|DracoMeteor,ElectroShot,Thunderbolt,Protect|||F|||50|,,,,,Electric]Annihilape||SafetyGoggles|Defiant|CloseCombat,RageFist,Protect,Taunt|||F|||50|,,,,,Fairy]Gholdengo||ChoiceSpecs|GoodasGold|MakeItRain,ShadowBall,PowerGem,Trick||||||50|,,,,,Steel]Whimsicott||CovertCloak|Prankster|Moonblast,Tailwind,BeatUp,FakeTears|||M|||50|,,,,,Water
|c|☆yungleandoer96|glhf
|
|t:|1756238983
|teamsize|p1|4
|teamsize|p2|4
|start
|switch|p1a: Sneasler|Sneasler, L50, F|100/100
|switch|p1b: Dragonite|Dragonite, L50, M|100/100
|switch|p2a: Whimsicott|Whimsicott, L50, M|100/100
|switch|p2b: Dragonite|Dragonite, L50, F|100/100
|turn|1
|
|t:|1756238993
|-terastallize|p2b: Dragonite|Fairy
|move|p1a: Sneasler|Protect|p1a: Sneasler
|-singleturn|p1a: Sneasler|Protect
|move|p2a: Whimsicott|Tailwind|p2a: Whimsicott
|-sidestart|p2: seawolfmikestoes|move: Tailwind
|move|p2b: Dragonite|Scale Shot|p1a: Sneasler
|-activate|p1a: Sneasler|move: Protect
|move|p1b: Dragonite|Tailwind|p1b: Dragonite
|-sidestart|p1: yungleandoer96|move: Tailwind
|
|upkeep
|turn|2
|
|t:|1756239009
|switch|p1b: Gholdengo|Gholdengo, L50|100/100
|move|p1a: Sneasler|Dire Claw|p2b: Dragonite
|-supereffective|p2b: Dragonite
|-damage|p2b: Dragonite|53/100
|-status|p2b: Dragonite|par
|move|p2a: Whimsicott|Moonblast|p1b: Gholdengo
|-resisted|p1b: Gholdengo
|-damage|p1b: Gholdengo|84/100
|-unboost|p1b: Gholdengo|spa|1
|cant|p2b: Dragonite|par
|
|upkeep
|turn|3
|
|t:|1756239033
|switch|p2a: Gholdengo|Gholdengo, L50|100/100
|switch|p2b: Incineroar|Incineroar, L50, M|100/100
|-ability|p2b: Incineroar|Intimidate|boost
|-unboost|p1a: Sneasler|atk|1
|-unboost|p1b: Gholdengo|atk|1
|move|p1a: Sneasler|Close Combat|p2a: Gholdengo
|-immune|p2a: Gholdengo
|move|p1b: Gholdengo|Make It Rain|p2b: Incineroar|[spread] p2a,p2b
|-resisted|p2a: Gholdengo
|-resisted|p2b: Incineroar
|-damage|p2a: Gholdengo|76/100
|-damage|p2b: Incineroar|90/100
|-unboost|p1b: Gholdengo|spa|1
|-damage|p1b: Gholdengo|74/100|[from] item: Life Orb
|
|upkeep
|turn|4
|
|t:|1756239064
|switch|p1a: Dragonite|Dragonite, L50, M|100/100
|move|p1b: Gholdengo|Protect|p1b: Gholdengo
|-singleturn|p1b: Gholdengo|Protect
|move|p2a: Gholdengo|Shadow Ball|p1b: Gholdengo
|-activate|p1b: Gholdengo|move: Protect
|move|p2b: Incineroar|U-turn|p1a: Dragonite
|-resisted|p1a: Dragonite
|-damage|p1a: Dragonite|95/100
|
|t:|1756239069
|switch|p2b: Whimsicott|Whimsicott, L50, M|100/100|[from] U-turn
|
|-sideend|p1: yungleandoer96|move: Tailwind
|-sideend|p2: seawolfmikestoes|move: Tailwind
|upkeep
|turn|5
|
|t:|1756239074
|switch|p1b: Ursaluna|Ursaluna-Bloodmoon, L50, M|100/100
|move|p2b: Whimsicott|Tailwind|p2b: Whimsicott
|-sidestart|p2: seawolfmikestoes|move: Tailwind
|move|p2a: Gholdengo|Shadow Ball|p1b: Ursaluna
|-immune|p1b: Ursaluna
|move|p1a: Dragonite|Tailwind|p1a: Dragonite
|-sidestart|p1: yungleandoer96|move: Tailwind
|
|upkeep
|turn|6
|
|t:|1756239098
|switch|p2a: Incineroar|Incineroar, L50, M|90/100
|-ability|p2a: Incineroar|Intimidate|boost
|-unboost|p1a: Dragonite|atk|1
|-unboost|p1b: Ursaluna|atk|1
|move|p2b: Whimsicott|Fake Tears|p1b: Ursaluna
|-unboost|p1b: Ursaluna|spd|2
|move|p1a: Dragonite|Haze|p1a: Dragonite
|-clearallboost
|move|p1b: Ursaluna|Earth Power|p2a: Incineroar
|-supereffective|p2a: Incineroar
|-damage|p2a: Incineroar|36/100
|
|upkeep
|turn|7
|
|t:|1756239116
|move|p2a: Incineroar|Fake Out|p1b: Ursaluna
|-damage|p1b: Ursaluna|92/100
|move|p2b: Whimsicott|Moonblast|p1a: Dragonite
|-supereffective|p1a: Dragonite
|-damage|p1a: Dragonite|31/100
|-unboost|p1a: Dragonite|spa|1
|move|p1a: Dragonite|Scale Shot|p2a: Incineroar
|-damage|p2a: Incineroar|21/100
|-damage|p2a: Incineroar|7/100
|-damage|p2a: Incineroar|0 fnt
|faint|p2a: Incineroar
|-hitcount|p2: Incineroar|3
|-unboost|p1a: Dragonite|def|1
|-boost|p1a: Dragonite|spe|1
|cant|p1b: Ursaluna|flinch
|
|upkeep
|
|t:|1756239127
|switch|p2a: Gholdengo|Gholdengo, L50|76/100
|turn|8
|
|t:|1756239134
|-terastallize|p1b: Ursaluna|Water
|move|p2b: Whimsicott|Fake Tears|p1b: Ursaluna
|-unboost|p1b: Ursaluna|spd|2
|move|p1a: Dragonite|Haze|p1a: Dragonite
|-clearallboost
|move|p2a: Gholdengo|Make It Rain|p1a: Dragonite|[spread] p1a,p1b
|-resisted|p1b: Ursaluna
|-damage|p1a: Dragonite|0 fnt
|-damage|p1b: Ursaluna|67/100
|-unboost|p2a: Gholdengo|spa|1
|faint|p1a: Dragonite
|move|p1b: Ursaluna|Earth Power|p2a: Gholdengo
|-supereffective|p2a: Gholdengo
|-damage|p2a: Gholdengo|0 fnt
|faint|p2a: Gholdengo
|
|-sideend|p1: yungleandoer96|move: Tailwind
|-sideend|p2: seawolfmikestoes|move: Tailwind
|upkeep
|-message|seawolfmikestoes forfeited.
|
|win|yungleandoer96
||yungleandoer96 is ready for game 2.
||seawolfmikestoes is ready for game 2.
|uhtml|next|Next: Game 2 of 3
|l|☆seawolfmikestoes
|player|p2|
