|j|☆skywa0
|j|☆pantalonesHat
|html|skywa0pantalonesHat    
|uhtml|bestof|Game 3 of a best-of-3
|t:|1757110696
|gametype|doubles
|player|p1|skywa0|2|1000
|player|p2|pantalonesHat|swimmer-gen4dp|1050
|gen|9
|tier|[Gen 9] VGC 2025 Reg H (Bo3)
|rated|
|rule|Species Clause: Limit one of each Pokémon
|rule|Item Clause: Limit 1 of each item
|clearpoke
|poke|p1|Gholdengo, L50|
|poke|p1|Dragonite, L50, F|
|poke|p1|Primarina, L50, F|
|poke|p1|Incineroar, L50, F|
|poke|p1|Amoonguss, L50, F|
|poke|p1|Ninetales-Alola, L50, M|
|poke|p2|Archaludon, L50, F|
|poke|p2|Gholdengo, L50|
|poke|p2|Incineroar, L50, M|
|poke|p2|Overqwil, L50, F|
|poke|p2|Pelipper, L50, M|
|poke|p2|Amoonguss, L50, F|
|teampreview|4
|showteam|p1|Gholdengo||MetalCoat|GoodasGold|Protect,NastyPlot,ShadowBall,MakeItRain||||||50|,,,,,Steel]Dragonite||LoadedDice|Multiscale|Protect,Tailwind,ScaleShot,IronHead|||F|||50|,,,,,Steel]Primarina||AssaultVest|LiquidVoice|Moonblast,PsychicNoise,Surf,FlipTurn|||F|||50|,,,,,Grass]Incineroar||AbilityShield|Intimidate|FakeOut,FlareBlitz,PartingShot,WillOWisp|||F|||50|,,,,,Ghost]Amoonguss||RockyHelmet|Regenerator|Spore,ClearSmog,RagePowder,PollenPuff|||F|||50|,,,,,Water]Ninetales-Alola||FocusSash|SnowWarning|AuroraVeil,Protect,IcyWind,Blizzard|||M|||50|,,,,,Ice
|showteam|p2|Archaludon||AssaultVest|Stamina|BodyPress,DragonPulse,ElectroShot,FlashCannon|||F|||50|,,,,,Steel]Gholdengo||LifeOrb|GoodasGold|MakeItRain,ShadowBall,NastyPlot,Protect||||||50|,,,,,Water]Incineroar||SafetyGoggles|Intimidate|KnockOff,Taunt,PartingShot,FakeOut|||M|||50|,,,,,Fire]Overqwil||ClearAmulet|SwiftSwim|GunkShot,SwordsDance,AquaTail,Protect|||F|||50|,,,,,Water]Pelipper||CovertCloak|Drizzle|WeatherBall,Hurricane,Protect,Tailwind|||M|||50|,,,,,Ground]Amoonguss||MentalHerb|Regenerator|Spore,RagePowder,Protect,ClearSmog|||F|||50|,,,,,Water
|l|☆pantalonesHat
|player|p2|
|j|☆pantalonesHat
|player|p2|pantalonesHat|swimmer-gen4dp|
|c|☆skywa0|??
|c|☆pantalonesHat|server disconnected for a sec
|c|☆pantalonesHat|im bak
|c|☆skywa0|ok ok
|
|t:|1757110827
|teamsize|p1|4
|teamsize|p2|4
|start
|switch|p1a: Amoonguss|Amoonguss, L50, F|100/100
|switch|p1b: Primarina|Primarina, L50, F|100/100
|switch|p2a: Archaludon|Archaludon, L50, F|100/100
|switch|p2b: Amoonguss|Amoonguss, L50, F, shiny|100/100
|turn|1
|
|t:|1757110873
|switch|p2a: Gholdengo|Gholdengo, L50, shiny|100/100
|switch|p1b: Dragonite|Dragonite, L50, F|100/100
|move|p1a: Amoonguss|Rage Powder|p1a: Amoonguss
|-singleturn|p1a: Amoonguss|move: Rage Powder
|move|p2b: Amoonguss|Spore|p1b: Dragonite
|-status|p1b: Dragonite|slp|[from] move: Spore
|
|upkeep
|turn|2
|
|t:|1757110895
|move|p2a: Gholdengo|Nasty Plot|p2a: Gholdengo
|-boost|p2a: Gholdengo|spa|2
|cant|p1b: Dragonite|slp
|move|p2b: Amoonguss|Clear Smog|p1a: Amoonguss
|-damage|p1a: Amoonguss|88/100
|-clearboost|p1a: Amoonguss
|move|p1a: Amoonguss|Spore|p2a: Gholdengo
|-immune|p2a: Gholdengo|[from] ability: Good as Gold
|
|upkeep
|turn|3
|
|t:|1757110917
|switch|p1b: Primarina|Primarina, L50, F|100/100
|move|p2b: Amoonguss|Rage Powder|p2b: Amoonguss
|-singleturn|p2b: Amoonguss|move: Rage Powder
|move|p2a: Gholdengo|Nasty Plot|p2a: Gholdengo
|-boost|p2a: Gholdengo|spa|2
|move|p1a: Amoonguss|Clear Smog|p2a: Gholdengo
|-immune|p2a: Gholdengo
|
|upkeep
|turn|4
|inactive|Battle timer is ON: inactive players will automatically lose when time's up. (requested by pantalonesHat)
|
|t:|1757110947
|move|p2a: Gholdengo|Shadow Ball|p1b: Primarina
|-damage|p1b: Primarina|14/100
|-damage|p2a: Gholdengo|91/100|[from] item: Life Orb
|move|p1b: Primarina|Surf|p2b: Amoonguss|[spread] p1a,p2a,p2b
|-resisted|p1a: Amoonguss
|-resisted|p2b: Amoonguss
|-damage|p1a: Amoonguss|77/100
|-damage|p2a: Gholdengo|51/100
|-damage|p2b: Amoonguss|87/100
|move|p2b: Amoonguss|Spore|p1b: Primarina
|-status|p1b: Primarina|slp|[from] move: Spore
|move|p1a: Amoonguss|Pollen Puff|p2b: Amoonguss
|-damage|p2b: Amoonguss|71/100
|
|upkeep
|turn|5
|
|t:|1757110969
|move|p1a: Amoonguss|Rage Powder|p1a: Amoonguss
|-singleturn|p1a: Amoonguss|move: Rage Powder
|move|p2a: Gholdengo|Nasty Plot|p2a: Gholdengo
|-boost|p2a: Gholdengo|spa|2
|cant|p1b: Primarina|slp
|move|p2b: Amoonguss|Spore|p1b: Primarina
|-fail|p1b: Primarina|slp
|
|upkeep
|turn|6
|
|t:|1757110993
|move|p1a: Amoonguss|Rage Powder|p1a: Amoonguss
|-singleturn|p1a: Amoonguss|move: Rage Powder
|move|p2a: Gholdengo|Make It Rain|p1b: Primarina|[spread] p1a,p1b
|-damage|p1a: Amoonguss|0 fnt
|-damage|p1b: Primarina|0 fnt
|-unboost|p2a: Gholdengo|spa|1
|faint|p1a: Amoonguss
|faint|p1b: Primarina
|-damage|p2a: Gholdengo|41/100|[from] item: Life Orb
|move|p2b: Amoonguss|Clear Smog|p1: Amoonguss|[notarget]
|-fail|p2b: Amoonguss
|
|upkeep
|
|t:|1757111003
|switch|p1b: Gholdengo|Gholdengo, L50|100/100
|switch|p1a: Dragonite|Dragonite, L50, F|100/100 slp
|turn|7
|
|t:|1757111011
|move|p1b: Gholdengo|Protect|p1b: Gholdengo
|-singleturn|p1b: Gholdengo|Protect
|move|p2b: Amoonguss|Rage Powder|p2b: Amoonguss
|-singleturn|p2b: Amoonguss|move: Rage Powder
|move|p2a: Gholdengo|Shadow Ball|p1b: Gholdengo
|-activate|p1b: Gholdengo|move: Protect
|-curestatus|p1a: Dragonite|slp|[msg]
|move|p1a: Dragonite|Tailwind|p1a: Dragonite
|-sidestart|p1: skywa0|move: Tailwind
|
|upkeep
|turn|8
|
|t:|1757111030
|-terastallize|p1a: Dragonite|Steel
|move|p2a: Gholdengo|Protect|p2a: Gholdengo
|-singleturn|p2a: Gholdengo|Protect
|move|p1b: Gholdengo|Shadow Ball|p2a: Gholdengo
|-activate|p2a: Gholdengo|move: Protect
|move|p1a: Dragonite|Scale Shot|p2b: Amoonguss
|-damage|p2b: Amoonguss|57/100
|-damage|p2b: Amoonguss|44/100
|-damage|p2b: Amoonguss|32/100
|-damage|p2b: Amoonguss|20/100
|-crit|p2b: Amoonguss
|-damage|p2b: Amoonguss|0 fnt
|faint|p2b: Amoonguss
|-hitcount|p2: Amoonguss|5
|-unboost|p1a: Dragonite|def|1
|-boost|p1a: Dragonite|spe|1
|
|upkeep
|
|t:|1757111052
|switch|p2b: Archaludon|Archaludon, L50, F|100/100
|turn|9
|
|t:|1757111065
|switch|p2a: Pelipper|Pelipper, L50, M|100/100
|-weather|RainDance|[from] ability: Drizzle|[of] p2a: Pelipper
|move|p1a: Dragonite|Scale Shot|p2b: Archaludon
|-crit|p2b: Archaludon
|-damage|p2b: Archaludon|84/100
|-ability|p2b: Archaludon|Stamina|boost
|-boost|p2b: Archaludon|def|1
|-damage|p2b: Archaludon|77/100
|-ability|p2b: Archaludon|Stamina|boost
|-boost|p2b: Archaludon|def|1
|-damage|p2b: Archaludon|72/100
|-ability|p2b: Archaludon|Stamina|boost
|-boost|p2b: Archaludon|def|1
|-damage|p2b: Archaludon|68/100
|-ability|p2b: Archaludon|Stamina|boost
|-boost|p2b: Archaludon|def|1
|-damage|p2b: Archaludon|64/100
|-ability|p2b: Archaludon|Stamina|boost
|-boost|p2b: Archaludon|def|1
|-hitcount|p2b: Archaludon|5
|-unboost|p1a: Dragonite|def|1
|-boost|p1a: Dragonite|spe|1
|move|p1b: Gholdengo|Shadow Ball|p2a: Pelipper
|-damage|p2a: Pelipper|49/100
|move|p2b: Archaludon|Body Press|p1a: Dragonite
|-supereffective|p1a: Dragonite
|-damage|p1a: Dragonite|0 fnt
|faint|p1a: Dragonite
|
|-weather|RainDance|[upkeep]
|upkeep
|turn|10
|inactive|skywa0 has 30 seconds left.
|inactive|pantalonesHat has 30 seconds left.
|inactive|pantalonesHat has 20 seconds left.
|
|t:|1757111104
|move|p2a: Pelipper|Protect|p2a: Pelipper
|-singleturn|p2a: Pelipper|Protect
|move|p1b: Gholdengo|Shadow Ball|p2a: Pelipper
|-activate|p2a: Pelipper|move: Protect
|move|p2b: Archaludon|Electro Shot||[still]
|-prepare|p2b: Archaludon|Electro Shot
|-boost|p2b: Archaludon|spa|1
|-anim|p2b: Archaludon|Electro Shot|p1b: Gholdengo
|-damage|p1b: Gholdengo|44/100
|
|-weather|RainDance|[upkeep]
|-sideend|p1: skywa0|move: Tailwind
|upkeep
|turn|11
|
|t:|1757111120
|move|p2a: Pelipper|Tailwind|p2a: Pelipper
|-sidestart|p2: pantalonesHat|move: Tailwind
|move|p2b: Archaludon|Electro Shot||[still]
|-prepare|p2b: Archaludon|Electro Shot
|-boost|p2b: Archaludon|spa|1
|-anim|p2b: Archaludon|Electro Shot|p1b: Gholdengo
|-damage|p1b: Gholdengo|0 fnt
|faint|p1b: Gholdengo
|
|win|pantalonesHat
|raw|skywa0's rating: 1000 → 1000(+0 for losing)
|raw|pantalonesHat's rating: 1050 → 1078(+28 for winning)
|c|☆skywa0|gg
|c|☆pantalonesHat|ggs
|l|☆skywa0
|player|p1|
