|j|☆JobberKatie
|j|☆archyx
|html|JobberKatiearchyx    
|uhtml|bestof|Game 1 of a best-of-3
|t:|1756309692
|gametype|doubles
|player|p1|JobberKatie|bellelba|1075
|player|p2|archyx|ethan|1189
|gen|9
|tier|[Gen 9] VGC 2025 Reg H (Bo3)
|rated|
|rule|Species Clause: Limit one of each Pokémon
|rule|Item Clause: Limit 1 of each item
|clearpoke
|poke|p1|Volcarona, L50, F|
|poke|p1|Rillaboom, L50, F|
|poke|p1|Tyranitar, L50, M|
|poke|p1|Dragonite, L50, F|
|poke|p1|Jumpluff, L50, M|
|poke|p1|Primarina, L50, M|
|poke|p2|Indeedee-F, L50, F|
|poke|p2|Gallade, L50, M|
|poke|p2|Torkoal, L50, M|
|poke|p2|Ursaluna, L50, F|
|poke|p2|Exeggutor, L50, M|
|poke|p2|Zoroark-Hisui, L50, F|
|teampreview|4
|showteam|p1|Volcarona||GrassySeed|FlameBody|QuiverDance,HeatWave,TeraBlast,Protect|||F|||50|,,,,,Fairy]Rillaboom||AssaultVest|GrassySurge|HighHorsepower,GrassyGlide,Uturn,FakeOut|||F|||50|,,,,,Fire]Tyranitar||LifeOrb|SandStream|RockSlide,KnockOff,Protect,DragonDance|||M|||50|,,,,,Ghost]Dragonite||LoadedDice|Multiscale|ExtremeSpeed,IceSpinner,Protect,ScaleShot|||F|||50|,,,,,Steel]Jumpluff||CovertCloak|Chlorophyll|SleepPowder,Tailwind,Encore,LeafStorm|||M|||50|,,,,,Water]Primarina||SitrusBerry|LiquidVoice|HyperVoice,Moonblast,Protect,Haze|||M|||50|,,,,,Poison
|showteam|p2|Indeedee-F||RockyHelmet|PsychicSurge|Psychic,HelpingHand,FollowMe,TrickRoom|||F|||50|,,,,,Fairy]Gallade||ClearAmulet|Sharpness|SacredSword,PsychoCut,WideGuard,TrickRoom|||M|||50|,,,,,Grass]Torkoal||Charcoal|Drought|Eruption,WeatherBall,HeatWave,Protect|||M|||50|,,,,,Fire]Ursaluna||FlameOrb|Guts|Facade,HeadlongRush,Earthquake,Protect|||F|||50|,,,,,Ghost]Exeggutor||FocusSash|Chlorophyll|ExpandingForce,LeafStorm,SleepPowder,TrickRoom|||M|||50|,,,,,Psychic]Zoroark-Hisui||LifeOrb|Illusion|HyperBeam,HyperVoice,ShadowBall,Flamethrower|||F|||50|,,,,,Stellar
|
|t:|1756309733
|teamsize|p1|4
|teamsize|p2|4
|start
|switch|p1a: Rocks D Xebec|Tyranitar, L50, M|100/100
|switch|p1b: Kuma|Dragonite, L50, F|100/100
|switch|p2a: Indeedee|Indeedee-F, L50, F|100/100
|switch|p2b: Gallade|Gallade, L50, M|100/100
|-weather|Sandstorm|[from] ability: Sand Stream|[of] p1a: Rocks D Xebec
|-fieldstart|move: Psychic Terrain|[from] ability: Psychic Surge|[of] p2a: Indeedee
|turn|1
|
|t:|1756309755
|-terastallize|p1a: Rocks D Xebec|Ghost
|move|p1b: Kuma|Ice Spinner|p2a: Indeedee
|-damage|p2a: Indeedee|69/100
|-damage|p1b: Kuma|84/100|[from] item: Rocky Helmet|[of] p2a: Indeedee
|-fieldend|move: Psychic Terrain
|move|p1a: Rocks D Xebec|Knock Off|p2a: Indeedee
|-supereffective|p2a: Indeedee
|-crit|p2a: Indeedee
|-damage|p2a: Indeedee|0 fnt
|-damage|p1a: Rocks D Xebec|84/100|[from] item: Rocky Helmet|[of] p2a: Indeedee
|-enditem|p2a: Indeedee|Rocky Helmet|[from] move: Knock Off|[of] p1a: Rocks D Xebec
|faint|p2a: Indeedee
|-damage|p1a: Rocks D Xebec|74/100|[from] item: Life Orb
|move|p2b: Gallade|Sacred Sword|p1a: Rocks D Xebec
|-immune|p1a: Rocks D Xebec
|
|-weather|Sandstorm|[upkeep]
|-damage|p1b: Kuma|78/100|[from] Sandstorm
|-damage|p1a: Rocks D Xebec|68/100|[from] Sandstorm
|-damage|p2b: Gallade|95/100|[from] Sandstorm
|upkeep
|
|t:|1756309774
|switch|p2a: Torkoal|Torkoal, L50, M|100/100
|-weather|SunnyDay|[from] ability: Drought|[of] p2a: Torkoal
|turn|2
|
|t:|1756309786
|move|p1b: Kuma|Scale Shot|p2b: Gallade
|-damage|p2b: Gallade|75/100
|-damage|p2b: Gallade|52/100
|-damage|p2b: Gallade|32/100
|-damage|p2b: Gallade|11/100
|-hitcount|p2b: Gallade|4
|-unboost|p1b: Kuma|def|1
|-boost|p1b: Kuma|spe|1
|move|p1a: Rocks D Xebec|Knock Off|p2a: Torkoal
|-damage|p2a: Torkoal|47/100
|-enditem|p2a: Torkoal|Charcoal|[from] move: Knock Off|[of] p1a: Rocks D Xebec
|-damage|p1a: Rocks D Xebec|58/100|[from] item: Life Orb
|move|p2a: Torkoal|Heat Wave|p1b: Kuma|[spread] p1a,p1b
|-crit|p1a: Rocks D Xebec
|-resisted|p1b: Kuma
|-damage|p1a: Rocks D Xebec|0 fnt
|-damage|p1b: Kuma|57/100
|faint|p1a: Rocks D Xebec
|move|p2b: Gallade|Trick Room|p2b: Gallade
|-fieldstart|move: Trick Room|[of] p2b: Gallade
|
|-weather|SunnyDay|[upkeep]
|upkeep
|
|t:|1756309799
|switch|p1a: Monkey D Garp|Rillaboom, L50, F|100/100
|-fieldstart|move: Grassy Terrain|[from] ability: Grassy Surge|[of] p1a: Monkey D Garp
|turn|3
|
|t:|1756309819
|move|p1a: Monkey D Garp|Fake Out|p2a: Torkoal
|-damage|p2a: Torkoal|37/100
|move|p1b: Kuma|Extreme Speed|p2b: Gallade
|-damage|p2b: Gallade|0 fnt
|faint|p2b: Gallade
|cant|p2a: Torkoal|flinch
|
|-weather|SunnyDay|[upkeep]
|-heal|p2a: Torkoal|43/100|[from] Grassy Terrain
|upkeep
|inactive|Battle timer is ON: inactive players will automatically lose when time's up. (requested by JobberKatie)
|
|t:|1756309828
|switch|p2b: Ursaluna|Ursaluna, L50, F|100/100
|turn|4
|
|t:|1756309840
|-terastallize|p2b: Ursaluna|Ghost
|move|p1b: Kuma|Extreme Speed|p2a: Torkoal
|-damage|p2a: Torkoal|19/100
|move|p1a: Monkey D Garp|Grassy Glide|p2b: Ursaluna
|-damage|p2b: Ursaluna|73/100
|move|p2a: Torkoal|Heat Wave|p1b: Kuma|[spread] p1a,p1b
|-supereffective|p1a: Monkey D Garp
|-resisted|p1b: Kuma
|-damage|p1a: Monkey D Garp|36/100
|-damage|p1b: Kuma|34/100
|move|p2b: Ursaluna|Facade|p1b: Kuma
|-damage|p1b: Kuma|0 fnt
|faint|p1b: Kuma
|
|-weather|SunnyDay|[upkeep]
|-heal|p2a: Torkoal|25/100|[from] Grassy Terrain
|-heal|p2b: Ursaluna|79/100|[from] Grassy Terrain
|-heal|p1a: Monkey D Garp|42/100|[from] Grassy Terrain
|-status|p2b: Ursaluna|brn|[from] item: Flame Orb
|upkeep
|
|t:|1756309845
|switch|p1b: Sanji|Volcarona, L50, F|100/100
|-enditem|p1b: Sanji|Grassy Seed
|-boost|p1b: Sanji|def|1|[from] item: Grassy Seed
|turn|5
|
|t:|1756309869
|move|p1a: Monkey D Garp|Grassy Glide|p2a: Torkoal
|-resisted|p2a: Torkoal
|-damage|p2a: Torkoal|13/100
|move|p2a: Torkoal|Weather Ball|p1a: Monkey D Garp
|-supereffective|p1a: Monkey D Garp
|-damage|p1a: Monkey D Garp|0 fnt
|faint|p1a: Monkey D Garp
|move|p2b: Ursaluna|Headlong Rush|p1b: Sanji
|-damage|p1b: Sanji|13/100
|-unboost|p2b: Ursaluna|def|1
|-unboost|p2b: Ursaluna|spd|1
|move|p1b: Sanji|Heat Wave|p2a: Torkoal|[spread] p2a,p2b
|-resisted|p2a: Torkoal
|-damage|p2a: Torkoal|0 fnt
|-damage|p2b: Ursaluna|14/100 brn
|faint|p2a: Torkoal
|
|-weather|SunnyDay|[upkeep]
|-heal|p2b: Ursaluna|20/100 brn|[from] Grassy Terrain
|-heal|p1b: Sanji|19/100|[from] Grassy Terrain
|-damage|p2b: Ursaluna|14/100 brn|[from] brn
|upkeep
|turn|6
|
|t:|1756309894
|move|p1b: Sanji|Protect|p1b: Sanji
|-singleturn|p1b: Sanji|Protect
|move|p2b: Ursaluna|Facade|p1b: Sanji
|-activate|p1b: Sanji|move: Protect
|
|-weather|none
|-heal|p2b: Ursaluna|20/100 brn|[from] Grassy Terrain
|-heal|p1b: Sanji|25/100|[from] Grassy Terrain
|-damage|p2b: Ursaluna|14/100 brn|[from] brn
|-fieldend|move: Trick Room
|upkeep
|turn|7
|-message|archyx forfeited.
|
|win|JobberKatie
||archyx is ready for game 2.
|l|☆JobberKatie
|player|p1|
|inactive|JobberKatie has 29 seconds to confirm battle start!
||JobberKatie is ready for game 2.
|uhtml|next|Next: Game 2 of 3
|l|☆archyx
|player|p2|
|j|☆archyx
|player|p2|archyx|ethan|
