|j|РўєSiiliimeeeex
|j|Рўєcubesugar
|html|Siiliimeeeexcubesugar    
|uhtml|bestof|Game 1 of a best-of-3
|t:|1785246809
|gametype|doubles
|player|p1|Siiliimeeeex|ghetsis-gen5bw|1000
|player|p2|cubesugar|pilot|1000
|gen|9
|tier|[Gen 9 Champions] VGC 2026 Reg M-B (Bo3)
|rated|
|rule|Species Clause: Limit one of each Pok├Еmon
|rule|Item Clause: Limit 1 of each item
|clearpoke
|poke|p1|Blastoise, L50, M|
|poke|p1|Sableye, L50, M, shiny|
|poke|p1|Archaludon, L50, M, shiny|
|poke|p1|Basculegion, L50, M, shiny|
|poke|p1|Swampert, L50, M|
|poke|p1|Sinistcha-Masterpiece, L50|
|poke|p2|Blaziken, L50, F|
|poke|p2|Venusaur, L50, F|
|poke|p2|Lycanroc-Dusk, L50, F, shiny|
|poke|p2|Ninetales-Alola, L50, F|
|poke|p2|Basculegion, L50, M|
|poke|p2|Kingambit, L50, F, shiny|
|teampreview|4
|showteam|p1|Blastoise||Blastoisinite|Torrent|WaterSpout,AuraSphere,IceBeam,ShellSmash|Modest||M|||50|]Sableye||Leftovers|Prankster|FakeOut,Quash,Encore,RainDance|Impish||M|||50|]Archaludon||LifeOrb|Stamina|DragonPulse,ElectroShot,AuraSphere,Protect|Bold||M|||50|]Basculegion||ChoiceScarf|Adaptability|LastRespects,AquaJet,FlipTurn,WaveCrash|Jolly||M|||50|]Swampert||Swampertite|Torrent|WaveCrash,HighHorsepower,IcePunch,Protect|Jolly||M|||50|]Sinistcha-Masterpiece||OccaBerry|Hospitality|Protect,RagePowder,LifeDew,ShadowBall|Modest|||||50|
|showteam|p2|Blaziken||Blazikenite|SpeedBoost|Detect,FlareBlitz,CloseCombat,RockSlide|Adamant||F|||50|]Venusaur||Venusaurite|Chlorophyll|Protect,GigaDrain,SludgeBomb,EarthPower|Modest||F|||50|]Lycanroc-Dusk||FocusSash|ToughClaws|Protect,Accelerock,RockSlide,CloseCombat|Adamant||F|||50|]Ninetales-Alola||NeverMeltIce|SnowWarning|Protect,Blizzard,FreezeDry,Encore|Timid||F|||50|]Basculegion||ChoiceScarf|Adaptability|WaveCrash,LastRespects,FlipTurn,AquaJet|Jolly||M|||50|]Kingambit||LifeOrb|Defiant|Protect,KowtowCleave,SuckerPunch,IronHead|Adamant||F|||50|
|inactive|Battle timer is ON: inactive players will automatically lose when time's up. (requested by Siiliimeeeex)
|inactive|cubesugar has 60 seconds left.
|
|t:|1785246910
|teamsize|p1|4
|teamsize|p2|4
|start
|switch|p1a: Tortencul├Е|Blastoise, L50, M|100/100
|switch|p1b: Rehehehe!|Sableye, L50, M, shiny|100/100
|switch|p2a: УЈ»таА|Venusaur, L50, F|100/100
|switch|p2b: СИЅуЋфжџіжџіжЋи|Kingambit, L50, F, shiny|100/100
|turn|1
|inactive|Siiliimeeeex has 30 seconds left.
|inactive|cubesugar has 30 seconds left.
|inactive|cubesugar has 20 seconds left.
|
|t:|1785246947
|detailschange|p2a: УЈ»таА|Venusaur-Mega, L50, F
|-mega|p2a: УЈ»таА|Venusaur|Venusaurite
|detailschange|p1a: Tortencul├Е|Blastoise-Mega, L50, M
|-mega|p1a: Tortencul├Е|Blastoise|Blastoisinite
|move|p1b: Rehehehe!|Fake Out|p2b: СИЅуЋфжџіжџіжЋи
|-resisted|p2b: СИЅуЋфжџіжџіжЋи|1
|-damage|p2b: СИЅуЋфжџіжџіжЋи|97/100
|move|p2a: УЈ»таА|Giga Drain|p1a: Tortencul├Е
|-supereffective|p1a: Tortencul├Е|1
|-damage|p1a: Tortencul├Е|27/100
|move|p1a: Tortencul├Е|Shell Smash|p1a: Tortencul├Е
|-unboost|p1a: Tortencul├Е|def|1
|-unboost|p1a: Tortencul├Е|spd|1
|-boost|p1a: Tortencul├Е|atk|2
|-boost|p1a: Tortencul├Е|spa|2
|-boost|p1a: Tortencul├Е|spe|2
|cant|p2b: СИЅуЋфжџіжџіжЋи|flinch
|
|upkeep
|turn|2
|inactive|Siiliimeeeex has 30 seconds left.
|inactive|cubesugar has 30 seconds left.
|inactive|Siiliimeeeex has 20 seconds left.
|inactive|Siiliimeeeex has 15 seconds left.
|
|t:|1785246991
|move|p1b: Rehehehe!|Rain Dance|p1b: Rehehehe!
|-weather|RainDance
|move|p2b: СИЅуЋфжџіжџіжЋи|Sucker Punch|p1a: Tortencul├Е
|-damage|p1a: Tortencul├Е|0 fnt
|faint|p1a: Tortencul├Е
|-damage|p2b: СИЅуЋфжџіжџіжЋи|87/100|[from] item: Life Orb
|move|p2a: УЈ»таА|Earth Power|p1b: Rehehehe!
|-damage|p1b: Rehehehe!|62/100
|
|-weather|RainDance|[upkeep]
|-heal|p1b: Rehehehe!|68/100|[from] item: Leftovers
|upkeep
|
|t:|1785247007
|switch|p1a: La poutre|Archaludon, L50, M, shiny|100/100
|turn|3
|inactive|cubesugar has 30 seconds left.
|
|t:|1785247032
|move|p1b: Rehehehe!|Quash|p2a: УЈ»таА
|-activate|p2a: УЈ»таА|move: Quash
|move|p1a: La poutre|Aura Sphere|p2b: СИЅуЋфжџіжџіжЋи
|-supereffective|p2b: СИЅуЋфжџіжџіжЋи|2
|-damage|p2b: СИЅуЋфжџіжџіжЋи|0 fnt
|faint|p2b: СИЅуЋфжџіжџіжЋи
|-damage|p1a: La poutre|90/100|[from] item: Life Orb
|move|p2a: УЈ»таА|Earth Power|p1a: La poutre
|-supereffective|p1a: La poutre|1
|-damage|p1a: La poutre|17/100
|-ability|p1a: La poutre|Stamina|boost
|-boost|p1a: La poutre|def|1
|
|-weather|RainDance|[upkeep]
|-heal|p1b: Rehehehe!|73/100|[from] item: Leftovers
|upkeep
|inactive|cubesugar has 30 seconds left.
|inactive|cubesugar has 20 seconds left.
|
|t:|1785247068
|switch|p2b: Cure Prism|Ninetales-Alola, L50, F|100/100
|-weather|Snowscape|[from] ability: Snow Warning|[of] p2b: Cure Prism
|turn|4
|
|t:|1785247089
|switch|p1a: Cup or Care|Sinistcha-Masterpiece, L50|100/100
|-heal|p1b: Rehehehe!|98/100|[from] ability: Hospitality|[of] p1a: Cup or Care
|move|p2b: Cure Prism|Protect|p2b: Cure Prism
|-singleturn|p2b: Cure Prism|Protect
|move|p1b: Rehehehe!|Rain Dance|p1b: Rehehehe!
|-weather|RainDance
|move|p2a: УЈ»таА|Earth Power|p1a: Cup or Care
|-resisted|p1a: Cup or Care|1
|-damage|p1a: Cup or Care|83/100
|
|-weather|RainDance|[upkeep]
|-heal|p1b: Rehehehe!|100/100|[from] item: Leftovers
|upkeep
|turn|5
|inactive|Siiliimeeeex has 30 seconds left.
|inactive|cubesugar has 30 seconds left.
|inactive|cubesugar has 20 seconds left.
|inactive|cubesugar has 15 seconds left.
|inactive|cubesugar has 10 seconds left.
|
|t:|1785247135
|switch|p1b: La poutre|Archaludon, L50, M, shiny|17/100
|move|p2b: Cure Prism|Freeze-Dry|p1a: Cup or Care
|-supereffective|p1a: Cup or Care|1
|-damage|p1a: Cup or Care|25/100
|move|p2a: УЈ»таА|Sludge Bomb|p1a: Cup or Care
|-damage|p1a: Cup or Care|0 fnt
|faint|p1a: Cup or Care
|
|-weather|RainDance|[upkeep]
|upkeep
|
|t:|1785247150
|switch|p1a: Rehehehe!|Sableye, L50, M, shiny|100/100
|turn|6
|
|t:|1785247172
|move|p1a: Rehehehe!|Fake Out|p2a: УЈ»таА
|-damage|p2a: УЈ»таА|93/100
|move|p2b: Cure Prism|Freeze-Dry|p1b: La poutre
|-crit|p1b: La poutre
|-damage|p1b: La poutre|0 fnt
|faint|p1b: La poutre
|cant|p2a: УЈ»таА|flinch
|
|-weather|RainDance|[upkeep]
|upkeep
|turn|7
|-message|Siiliimeeeex forfeited.
|
|win|cubesugar
|l|РўєSiiliimeeeex
|player|p1|
|raw|Siiliimeeeex's rating: 1000 → 1000(+0 for losing)
|raw|cubesugar's rating: 1000 → 1040(+40 for winning)
