|j|☆sassylime
|j|☆Sygard
|html|sassylimeSygard    
|uhtml|bestof|Game 3 of a best-of-3
|t:|1785999763
|gametype|doubles
|player|p1|sassylime|pokemonbreeder|1004
|player|p2|Sygard|266|1074
|gen|9
|tier|[Gen 9 Champions] VGC 2026 Reg M-B (Bo3)
|rated|
|rule|Species Clause: Limit one of each Pokémon
|rule|Item Clause: Limit 1 of each item
|clearpoke
|poke|p1|Garchomp, L50, F|
|poke|p1|Rotom-Wash, L50|
|poke|p1|Froslass, L50, F|
|poke|p1|Incineroar, L50, F|
|poke|p1|Metagross, L50|
|poke|p1|Decidueye-Hisui, L50, F|
|poke|p2|Pyroar, L50, M, shiny|
|poke|p2|Sceptile, L50, F, shiny|
|poke|p2|Glimmora, L50, M|
|poke|p2|Basculegion, L50, M|
|poke|p2|Lucario, L50, M|
|poke|p2|Whimsicott, L50, M|
|teampreview|4
|showteam|p1|Garchomp||FocusSash|RoughSkin|Earthquake,Protect,RockSlide,DragonClaw|Jolly||F|||50|]Rotom-Wash||Leftovers|Levitate|EerieImpulse,HydroPump,VoltSwitch,WillOWisp|Timid|||||50|]Froslass||Froslassite|SnowCloak|ShadowBall,IceShard,Blizzard,Protect|Hasty||F|||50|]Incineroar||ChopleBerry|Intimidate|FlareBlitz,PartingShot,FakeOut,Protect|Careful||F|||50|]Metagross||Metagrossite|ClearBody|BulletPunch,HammerArm,PsychicFangs,Protect|Jolly|||||50|]Decidueye-Hisui||KebiaBerry|Scrappy|AuraSphere,Haze,Protect,EnergyBall|Bold||F|||50|
|showteam|p2|Pyroar||Pyroarite|Unnerve|Overheat,HeatWave,Taunt,Protect|Timid||M|||50|]Sceptile||Sceptilite|Overgrow|LeafStorm,DragonPulse,EarthPower,Detect|Timid||F|||50|]Glimmora||FocusSash|ToxicDebris|SludgeBomb,PowerGem,EarthPower,SpikyShield|Modest||M|||50|]Basculegion||LifeOrb|Adaptability|WaveCrash,LastRespects,AquaJet,Protect|Adamant||M|||50|]Lucario||ChoiceScarf|InnerFocus|CloseCombat,MeteorMash,IcePunch,FinalGambit|Jolly||M|||50|]Whimsicott||FairyFeather|Prankster|Moonblast,Tailwind,Encore,Protect|Timid||M|||50|
|inactive|Battle timer is ON: inactive players will automatically lose when time's up. (requested by Sygard)
|
|t:|1785999776
|teamsize|p1|4
|teamsize|p2|4
|start
|switch|p1a: Rotom|Rotom-Wash, L50|100/100
|switch|p1b: Garchomp|Garchomp, L50, F|100/100
|switch|p2a: Whimsicott|Whimsicott, L50, M|100/100
|switch|p2b: Glimmora|Glimmora, L50, M|100/100
|turn|1
|
|t:|1785999798
|move|p2a: Whimsicott|Tailwind|p2a: Whimsicott
|-sidestart|p2: Sygard|move: Tailwind
|move|p2b: Glimmora|Sludge Bomb|p1a: Rotom
|-damage|p1a: Rotom|26/100
|move|p1b: Garchomp|Earthquake|p2a: Whimsicott|[spread] p2a,p2b
|-immune|p1a: Rotom|[from] ability: Levitate
|-resisted|p2a: Whimsicott|1
|-supereffective|p2b: Glimmora|2
|-damage|p2a: Whimsicott|74/100
|-enditem|p2b: Glimmora|Focus Sash
|-damage|p2b: Glimmora|1/100
|-activate|p2b: Glimmora|ability: Toxic Debris
|-sidestart|p1: sassylime|move: Toxic Spikes
|move|p1a: Rotom|Volt Switch|p2b: Glimmora
|-damage|p2b: Glimmora|0 fnt
|faint|p2b: Glimmora
|
|t:|1785999810
|switch|p1a: Incineroar|Incineroar, L50, F|100/100|[from] Volt Switch
|-status|p1a: Incineroar|psn
|-ability|p1a: Incineroar|Intimidate|boost
|-unboost|p2a: Whimsicott|atk|1
|
|-damage|p1a: Incineroar|87/100 psn|[from] psn
|upkeep
|inactive|Sygard has 30 seconds left.
|
|t:|1785999844
|switch|p2b: Pyroar|Pyroar, L50, M, shiny|100/100
|-ability|p2b: Pyroar|Unnerve
|turn|2
|
|t:|1785999857
|move|p2a: Whimsicott|Protect|p2a: Whimsicott
|-singleturn|p2a: Whimsicott|Protect
|move|p2b: Pyroar|Protect|p2b: Pyroar
|-singleturn|p2b: Pyroar|Protect
|move|p1a: Incineroar|Fake Out|p2a: Whimsicott
|-activate|p2a: Whimsicott|move: Protect
|move|p1b: Garchomp|Rock Slide|p2a: Whimsicott|[spread] 
|-activate|p2a: Whimsicott|move: Protect
|-activate|p2b: Pyroar|move: Protect
|
|-damage|p1a: Incineroar|75/100 psn|[from] psn
|upkeep
|turn|3
|
|t:|1785999874
|detailschange|p2b: Pyroar|Pyroar-Mega, L50, M, shiny
|-mega|p2b: Pyroar|Pyroar|Pyroarite
|move|p1a: Incineroar|Protect|p1a: Incineroar
|-singleturn|p1a: Incineroar|Protect
|move|p2b: Pyroar|Heat Wave|p1a: Incineroar|[spread] p1b
|-activate|p1a: Incineroar|move: Protect
|-resisted|p1b: Garchomp|1
|-damage|p1b: Garchomp|68/100
|move|p2a: Whimsicott|Moonblast|p1b: Garchomp
|-supereffective|p1b: Garchomp|1
|-damage|p1b: Garchomp|0 fnt
|faint|p1b: Garchomp
|
|-damage|p1a: Incineroar|63/100 psn|[from] psn
|upkeep
|
|t:|1785999888
|switch|p1b: Rotom|Rotom-Wash, L50|26/100
|turn|4
|
|t:|1785999904
|move|p2b: Pyroar|Overheat|p1a: Incineroar
|-resisted|p1a: Incineroar|1
|-damage|p1a: Incineroar|31/100 psn
|-unboost|p2b: Pyroar|spa|2
|move|p2a: Whimsicott|Moonblast|p1b: Rotom
|-damage|p1b: Rotom|0 fnt
|faint|p1b: Rotom
|move|p1a: Incineroar|Flare Blitz|p2a: Whimsicott
|-supereffective|p2a: Whimsicott|1
|-damage|p2a: Whimsicott|0 fnt
|faint|p2a: Whimsicott
|-damage|p1a: Incineroar|11/100 psn|[from] Recoil
|
|-damage|p1a: Incineroar|0 fnt|[from] psn
|faint|p1a: Incineroar
|-sideend|p2: Sygard|move: Tailwind
|upkeep
|
|t:|1785999919
|switch|p2a: Basculegion|Basculegion, L50, M|100/100
|switch|p1a: Metagross|Metagross, L50|100/100
|turn|5
|-message|sassylime forfeited.
|
|win|Sygard
|raw|sassylime's rating: 1004 → 1000(-4 for losing)
|raw|Sygard's rating: 1074 → 1097(+23 for winning)
|l|☆sassylime
|player|p1|
|c|☆Sygard|ggs
