|j|☆WolfeWithTheGlicky
|j|☆Jun RH
|html|WolfeWithTheGlickyJun RH    
|uhtml|bestof|Game 1 of a best-of-3
|t:|1756299559
|gametype|doubles
|player|p1|WolfeWithTheGlicky|policeman-gen4|1109
|player|p2|Jun RH|burglar|1141
|gen|9
|tier|[Gen 9] VGC 2025 Reg H (Bo3)
|rated|
|rule|Species Clause: Limit one of each Pokémon
|rule|Item Clause: Limit 1 of each item
|clearpoke
|poke|p1|Archaludon, L50, M|
|poke|p1|Gholdengo, L50|
|poke|p1|Grimmsnarl, L50, M|
|poke|p1|Porygon2, L50|
|poke|p1|Ursaluna, L50, M|
|poke|p1|Volcarona, L50, M|
|poke|p2|Gholdengo, L50|
|poke|p2|Incineroar, L50, F|
|poke|p2|Amoonguss, L50, M|
|poke|p2|Dragonite, L50, M|
|poke|p2|Pelipper, L50, M|
|poke|p2|Archaludon, L50, F|
|teampreview|4
|showteam|p1|Archaludon||PowerHerb|Sturdy|DragonPulse,ElectroShot,Thunderbolt,Protect|||M|||50|,,,,,Electric]Gholdengo||LifeOrb|GoodasGold|MakeItRain,ShadowBall,NastyPlot,Protect||||||50|,,,,,Dragon]Grimmsnarl||LightClay|Prankster|SpiritBreak,Taunt,Reflect,LightScreen|||M|||50|,,,,,Poison]Porygon2||Eviolite|Download|TeraBlast,IceBeam,Recover,TrickRoom||||||50|,,,,,Ghost]Ursaluna||FlameOrb|Guts|Facade,HeadlongRush,Earthquake,Protect|||M|||50|,,,,,Ghost]Volcarona||CovertCloak|FlameBody|StruggleBug,Overheat,RagePowder,WillOWisp|||M|||50|,,,,,Fairy
|showteam|p2|Gholdengo||LifeOrb|GoodasGold|MakeItRain,ShadowBall,NastyPlot,Protect||||||50|,,,,,Water]Incineroar||SafetyGoggles|Intimidate|KnockOff,FlareBlitz,FakeOut,PartingShot|||F|||50|,,,,,Ghost]Amoonguss||RockyHelmet|Regenerator|RagePowder,PollenPuff,Protect,Spore|||M|||50|,,,,,Fairy]Dragonite||LoadedDice|Multiscale|ScaleShot,Tailwind,Protect,Haze|||M|||50|,,,,,Fairy]Pelipper||FocusSash|Drizzle|Hurricane,WeatherBall,WideGuard,Protect|||M|||50|,,,,,Stellar]Archaludon||AssaultVest|Stamina|FlashCannon,DracoMeteor,ElectroShot,BodyPress|||F|||50|,,,,,Grass
|
|t:|1756299653
|teamsize|p1|4
|teamsize|p2|4
|start
|switch|p1a: Archaludon|Archaludon, L50, M|100/100
|switch|p1b: Grimmsnarl|Grimmsnarl, L50, M|100/100
|switch|p2a: Amoonguss|Amoonguss, L50, M|100/100
|switch|p2b: Archaludon|Archaludon, L50, F|100/100
|turn|1
|
|t:|1756299677
|switch|p1b: Gholdengo|Gholdengo, L50|100/100
|switch|p2a: Pelipper|Pelipper, L50, M|100/100
|-weather|RainDance|[from] ability: Drizzle|[of] p2a: Pelipper
|move|p1a: Archaludon|Electro Shot||[still]
|-prepare|p1a: Archaludon|Electro Shot
|-boost|p1a: Archaludon|spa|1
|-anim|p1a: Archaludon|Electro Shot|p2a: Pelipper
|-supereffective|p2a: Pelipper
|-enditem|p2a: Pelipper|Focus Sash
|-damage|p2a: Pelipper|1/100
|move|p2b: Archaludon|Electro Shot||[still]
|-prepare|p2b: Archaludon|Electro Shot
|-boost|p2b: Archaludon|spa|1
|-anim|p2b: Archaludon|Electro Shot|p1b: Gholdengo
|-damage|p1b: Gholdengo|26/100
|
|-weather|RainDance|[upkeep]
|upkeep
|turn|2
|
|t:|1756299748
|switch|p2a: Amoonguss|Amoonguss, L50, M|100/100
|move|p1a: Archaludon|Electro Shot||[still]
|-prepare|p1a: Archaludon|Electro Shot
|-boost|p1a: Archaludon|spa|1
|-anim|p1a: Archaludon|Electro Shot|p2a: Amoonguss
|-resisted|p2a: Amoonguss
|-damage|p2a: Amoonguss|60/100
|move|p1b: Gholdengo|Shadow Ball|p2b: Archaludon
|-damage|p2b: Archaludon|56/100
|-ability|p2b: Archaludon|Stamina|boost
|-boost|p2b: Archaludon|def|1
|-damage|p1b: Gholdengo|16/100|[from] item: Life Orb
|move|p2b: Archaludon|Electro Shot||[still]
|-prepare|p2b: Archaludon|Electro Shot
|-boost|p2b: Archaludon|spa|1
|-anim|p2b: Archaludon|Electro Shot|p1a: Archaludon
|-resisted|p1a: Archaludon
|-damage|p1a: Archaludon|39/100
|
|-weather|RainDance|[upkeep]
|upkeep
|turn|3
|
|t:|1756299799
|move|p2a: Amoonguss|Rage Powder|p2a: Amoonguss
|-singleturn|p2a: Amoonguss|move: Rage Powder
|move|p1a: Archaludon|Dragon Pulse|p2a: Amoonguss
|-damage|p2a: Amoonguss|0 fnt
|faint|p2a: Amoonguss
|move|p1b: Gholdengo|Make It Rain|p2b: Archaludon
|-resisted|p2b: Archaludon
|-damage|p2b: Archaludon|21/100
|-unboost|p1b: Gholdengo|spa|1
|-ability|p2b: Archaludon|Stamina|boost
|-boost|p2b: Archaludon|def|1
|-damage|p1b: Gholdengo|7/100|[from] item: Life Orb
|move|p2b: Archaludon|Electro Shot||[still]
|-prepare|p2b: Archaludon|Electro Shot
|-boost|p2b: Archaludon|spa|1
|-anim|p2b: Archaludon|Electro Shot|p1a: Archaludon
|-resisted|p1a: Archaludon
|-damage|p1a: Archaludon|0 fnt
|faint|p1a: Archaludon
|
|-weather|RainDance|[upkeep]
|upkeep
|j| Trestkon
|
|t:|1756299830
|switch|p1a: Volcarona|Volcarona, L50, M|100/100
|switch|p2a: Incineroar|Incineroar, L50, F|100/100
|-ability|p2a: Incineroar|Intimidate|boost
|-unboost|p1a: Volcarona|atk|1
|-unboost|p1b: Gholdengo|atk|1
|turn|4
|
|t:|1756299843
|move|p1a: Volcarona|Overheat|p2b: Archaludon
|-damage|p2b: Archaludon|0 fnt
|-unboost|p1a: Volcarona|spa|2
|faint|p2b: Archaludon
|move|p1b: Gholdengo|Make It Rain|p2a: Incineroar
|-resisted|p2a: Incineroar
|-damage|p2a: Incineroar|72/100
|-unboost|p1b: Gholdengo|spa|1
|-damage|p1b: Gholdengo|0 fnt|[from] item: Life Orb
|faint|p1b: Gholdengo
|move|p2a: Incineroar|Knock Off|p1a: Volcarona
|-damage|p1a: Volcarona|49/100
|-enditem|p1a: Volcarona|Covert Cloak|[from] move: Knock Off|[of] p2a: Incineroar
|
|-weather|RainDance|[upkeep]
|upkeep
|l| Trestkon
|
|t:|1756299859
|switch|p1b: Grimmsnarl|Grimmsnarl, L50, M|100/100
|switch|p2b: Pelipper|Pelipper, L50, M|1/100
|turn|5
|
|t:|1756299908
|move|p1b: Grimmsnarl|Reflect|p1b: Grimmsnarl
|-sidestart|p1: WolfeWithTheGlicky|Reflect
|move|p1a: Volcarona|Struggle Bug|p2a: Incineroar|[spread] p2a,p2b
|-crit|p2a: Incineroar
|-resisted|p2b: Pelipper
|-damage|p2a: Incineroar|51/100
|-damage|p2b: Pelipper|0 fnt
|-unboost|p2a: Incineroar|spa|1
|faint|p2b: Pelipper
|move|p2a: Incineroar|Parting Shot|p1b: Grimmsnarl
|-unboost|p1b: Grimmsnarl|atk|1
|-unboost|p1b: Grimmsnarl|spa|1
|
|-weather|none
|upkeep
|turn|6
|
|t:|1756299924
|move|p1a: Volcarona|Struggle Bug|p2a: Incineroar
|-damage|p2a: Incineroar|39/100
|-unboost|p2a: Incineroar|spa|1
|move|p2a: Incineroar|Flare Blitz|p1a: Volcarona
|-damage|p1a: Volcarona|11/100
|-damage|p2a: Incineroar|28/100|[from] Recoil
|move|p1b: Grimmsnarl|Spirit Break|p2a: Incineroar
|-damage|p2a: Incineroar|7/100
|-unboost|p2a: Incineroar|spa|1
|
|upkeep
|turn|7
|
|t:|1756299938
|move|p1a: Volcarona|Struggle Bug|p2a: Incineroar
|-damage|p2a: Incineroar|0 fnt
|faint|p2a: Incineroar
|
|win|WolfeWithTheGlicky
