|j|☆nezk025
|j|☆AustinMcballs
|html|nezk025AustinMcballs    
|uhtml|bestof|Game 2 of a best-of-3
|t:|1786118903
|gametype|doubles
|player|p1|nezk025|nate|
|player|p2|AustinMcballs|ortega|
|gen|9
|tier|[Gen 9 Champions] VGC 2026 Reg M-B (Bo3)
|rule|Species Clause: Limit one of each Pokémon
|rule|Item Clause: Limit 1 of each item
|clearpoke
|poke|p1|Hydreigon, L50, M|
|poke|p1|Scizor, L50, M|
|poke|p1|Sinistcha, L50|
|poke|p1|Froslass, L50, F|
|poke|p1|Incineroar, L50, M|
|poke|p1|Garchomp, L50, M|
|poke|p2|Raichu, L50, M|
|poke|p2|Ninetales-Alola, L50, F|
|poke|p2|Kingambit, L50, F, shiny|
|poke|p2|Garchomp, L50, F|
|poke|p2|Sinistcha, L50|
|poke|p2|Aerodactyl, L50, M|
|teampreview|4
|showteam|p1|Hydreigon||FocusSash|Levitate|Tailwind,EarthPower,Protect,DarkPulse|Modest||M|||50|]Scizor||Scizorite|Technician|BulletPunch,SwordsDance,BugBite,Protect|Adamant||M|||50|]Sinistcha||ColburBerry|Hospitality|GigaDrain,TrickRoom,Protect,RagePowder|Bold|||||50|]Froslass||Froslassite|SnowCloak|Blizzard,ShadowBall,Protect,AuroraVeil|Modest||F|||50|]Incineroar||SitrusBerry|Intimidate|PartingShot,FakeOut,FlareBlitz,DarkestLariat|Careful||M|||50|]Garchomp||HabanBerry|RoughSkin|Earthquake,RockTomb,DragonClaw,Protect|Adamant||M|||50|
|showteam|p2|Raichu||RaichuniteY|LightningRod|ZapCannon,FocusBlast,FakeOut,Protect|Timid||M|||50|]Ninetales-Alola||LifeOrb|SnowWarning|Moonblast,Blizzard,Encore,Protect|Timid||F|||50|]Kingambit||BlackGlasses|Defiant|KowtowCleave,SuckerPunch,IronHead,Protect|Adamant||F|||50|]Garchomp||SitrusBerry|RoughSkin|StompingTantrum,DragonClaw,SwordsDance,Protect|Adamant||F|||50|]Sinistcha||FocusSash|Hospitality|MatchaGotcha,ShadowBall,RagePowder,Protect|Modest|||||50|]Aerodactyl||Aerodactylite|Unnerve|RockSlide,DualWingbeat,Tailwind,Protect|Jolly||M|||50|
|inactive|Battle timer is ON: inactive players will automatically lose when time's up. (requested by AustinMcballs)
|
|t:|1786118931
|teamsize|p1|4
|teamsize|p2|4
|start
|switch|p1a: Garchomp|Garchomp, L50, M|100/100
|switch|p1b: Scizor|Scizor, L50, M|100/100
|switch|p2a: Raichu|Raichu, L50, M|100/100
|switch|p2b: Ninetales|Ninetales-Alola, L50, F|100/100
|-weather|Snowscape|[from] ability: Snow Warning|[of] p2b: Ninetales
|turn|1
|
|t:|1786118943
|detailschange|p2a: Raichu|Raichu-Mega-Y, L50, M
|-mega|p2a: Raichu|Raichu|Raichunite Y
|move|p1a: Garchomp|Protect|p1a: Garchomp
|-singleturn|p1a: Garchomp|Protect
|move|p1b: Scizor|Protect|p1b: Scizor
|-singleturn|p1b: Scizor|Protect
|move|p2a: Raichu|Fake Out|p1b: Scizor
|-activate|p1b: Scizor|move: Protect
|move|p2b: Ninetales|Blizzard|p1a: Garchomp|[spread] 
|-activate|p1a: Garchomp|move: Protect
|-activate|p1b: Scizor|move: Protect
|
|-weather|Snowscape|[upkeep]
|upkeep
|turn|2
|inactive|nezk025 has 30 seconds left.
|inactive|AustinMcballs has 30 seconds left.
|
|t:|1786118978
|switch|p2b: Garchomp|Garchomp, L50, F|100/100
|detailschange|p1b: Scizor|Scizor-Mega, L50, M
|-mega|p1b: Scizor|Scizor|Scizorite
|move|p2a: Raichu|Protect|p2a: Raichu
|-singleturn|p2a: Raichu|Protect
|move|p1b: Scizor|Bullet Punch|p2b: Garchomp
|-damage|p2b: Garchomp|68/100
|-damage|p1b: Scizor|87/100|[from] ability: Rough Skin|[of] p2b: Garchomp
|move|p1a: Garchomp|Rock Tomb|p2a: Raichu
|-activate|p2a: Raichu|move: Protect
|
|-weather|Snowscape|[upkeep]
|upkeep
|turn|3
|
|t:|1786118999
|switch|p2a: Ninetales|Ninetales-Alola, L50, F|100/100
|move|p1b: Scizor|Protect|p1b: Scizor
|-singleturn|p1b: Scizor|Protect
|move|p1a: Garchomp|Earthquake|p2a: Ninetales|[spread] p2a,p2b
|-activate|p1b: Scizor|move: Protect
|-damage|p2a: Ninetales|57/100
|-damage|p2b: Garchomp|31/100
|-enditem|p2b: Garchomp|Sitrus Berry|[eat]
|-heal|p2b: Garchomp|56/100|[from] item: Sitrus Berry
|move|p2b: Garchomp|Swords Dance|p2b: Garchomp
|-boost|p2b: Garchomp|atk|2
|
|-weather|Snowscape|[upkeep]
|upkeep
|turn|4
|inactive|AustinMcballs has 30 seconds left.
|
|t:|1786119026
|switch|p1b: Incineroar|Incineroar, L50, M|100/100
|-ability|p1b: Incineroar|Intimidate|boost
|-unboost|p2a: Ninetales|atk|1
|-unboost|p2b: Garchomp|atk|1
|move|p1a: Garchomp|Protect|p1a: Garchomp
|-singleturn|p1a: Garchomp|Protect
|move|p2b: Garchomp|Protect|p2b: Garchomp
|-singleturn|p2b: Garchomp|Protect
|move|p2a: Ninetales|Blizzard|p1b: Incineroar|[spread] p1b
|-activate|p1a: Garchomp|move: Protect
|-resisted|p1b: Incineroar|1
|-damage|p1b: Incineroar|84/100
|-damage|p2a: Ninetales|47/100|[from] item: Life Orb
|
|-weather|Snowscape|[upkeep]
|upkeep
|turn|5
|inactive|AustinMcballs has 30 seconds left.
|
|t:|1786119056
|switch|p2a: Raichu|Raichu-Mega-Y, L50, M|100/100
|move|p1b: Incineroar|Fake Out|p2a: Raichu
|-damage|p2a: Raichu|81/100
|move|p1a: Garchomp|Dragon Claw|p2b: Garchomp
|-supereffective|p2b: Garchomp|1
|-damage|p2b: Garchomp|0 fnt
|-damage|p1a: Garchomp|87/100|[from] ability: Rough Skin|[of] p2b: Garchomp
|faint|p2b: Garchomp
|
|-weather|none
|upkeep
|
|t:|1786119065
|switch|p2b: Ninetales|Ninetales-Alola, L50, F|47/100
|-weather|Snowscape|[from] ability: Snow Warning|[of] p2b: Ninetales
|turn|6
|inactive|nezk025 has 30 seconds left.
|
|t:|1786119091
|move|p1a: Garchomp|Protect|p1a: Garchomp
|-singleturn|p1a: Garchomp|Protect
|move|p2a: Raichu|Zap Cannon|p1b: Incineroar
|-damage|p1b: Incineroar|30/100
|-status|p1b: Incineroar|par
|-enditem|p1b: Incineroar|Sitrus Berry|[eat]
|-heal|p1b: Incineroar|54/100 par|[from] item: Sitrus Berry
|move|p2b: Ninetales|Blizzard|p1a: Garchomp|[spread] p1b
|-activate|p1a: Garchomp|move: Protect
|-resisted|p1b: Incineroar|1
|-crit|p1b: Incineroar
|-damage|p1b: Incineroar|29/100 par
|-damage|p2b: Ninetales|38/100|[from] item: Life Orb
|cant|p1b: Incineroar|par
|
|-weather|Snowscape|[upkeep]
|upkeep
|turn|7
|c|☆nezk025|Oh man
|inactive|nezk025 has 30 seconds left.
|
|t:|1786119116
|switch|p1a: Scizor|Scizor-Mega, L50, M|87/100
|move|p2a: Raichu|Zap Cannon|p1b: Incineroar
|-damage|p1b: Incineroar|0 fnt
|faint|p1b: Incineroar
|move|p2b: Ninetales|Blizzard|p1a: Scizor
|-resisted|p1a: Scizor|1
|-damage|p1a: Scizor|60/100
|-damage|p2b: Ninetales|28/100|[from] item: Life Orb
|
|-weather|Snowscape|[upkeep]
|upkeep
|
|t:|1786119128
|switch|p1b: Sinistcha|Sinistcha, L50|100/100
|-heal|p1a: Scizor|84/100|[from] ability: Hospitality|[of] p1b: Sinistcha
|turn|8
|
|t:|1786119142
|move|p1b: Sinistcha|Rage Powder|p1b: Sinistcha
|-singleturn|p1b: Sinistcha|move: Rage Powder
|move|p2a: Raichu|Zap Cannon|p1b: Sinistcha
|-resisted|p1b: Sinistcha|1
|-damage|p1b: Sinistcha|62/100
|-status|p1b: Sinistcha|par
|move|p2b: Ninetales|Blizzard|p1b: Sinistcha|[spread] p1a,p1b
|-resisted|p1a: Scizor|1
|-supereffective|p1b: Sinistcha|1
|-damage|p1a: Scizor|63/100
|-damage|p1b: Sinistcha|0 fnt
|faint|p1b: Sinistcha
|-damage|p2b: Ninetales|19/100|[from] item: Life Orb
|move|p1a: Scizor|Bug Bite|p2a: Raichu
|-damage|p2a: Raichu|0 fnt
|faint|p2a: Raichu
|
|-weather|Snowscape|[upkeep]
|upkeep
|
|t:|1786119156
|switch|p2a: Kingambit|Kingambit, L50, F, shiny|100/100
|switch|p1b: Garchomp|Garchomp, L50, M|87/100
|turn|9
|
|t:|1786119166
|move|p2b: Ninetales|Protect|p2b: Ninetales
|-singleturn|p2b: Ninetales|Protect
|move|p1b: Garchomp|Protect|p1b: Garchomp
|-singleturn|p1b: Garchomp|Protect
|move|p1a: Scizor|Bullet Punch|p2b: Ninetales
|-activate|p2b: Ninetales|move: Protect
|move|p2a: Kingambit|Kowtow Cleave|p1a: Scizor
|-damage|p1a: Scizor|19/100
|
|-weather|Snowscape|[upkeep]
|upkeep
|turn|10
|
|t:|1786119178
|move|p2b: Ninetales|Protect||[still]
|-fail|p2b: Ninetales
|move|p1a: Scizor|Bullet Punch|p2b: Ninetales
|-supereffective|p2b: Ninetales|2
|-damage|p2b: Ninetales|0 fnt
|faint|p2b: Ninetales
|move|p1b: Garchomp|Earthquake|p2a: Kingambit|[spread] p1a,p2a
|-supereffective|p2a: Kingambit|1
|-damage|p1a: Scizor|0 fnt
|-damage|p2a: Kingambit|35/100
|faint|p1a: Scizor
|move|p2a: Kingambit|Kowtow Cleave|p1b: Garchomp
|-damage|p1b: Garchomp|35/100
|-damage|p2a: Kingambit|23/100|[from] ability: Rough Skin|[of] p1b: Garchomp
|
|-weather|none
|upkeep
|turn|11
|
|t:|1786119193
|move|p1b: Garchomp|Protect|p1b: Garchomp
|-singleturn|p1b: Garchomp|Protect
|move|p2a: Kingambit|Sucker Punch||[still]
|-fail|p2a: Kingambit
|
|upkeep
|turn|12
|
|t:|1786119197
|move|p2a: Kingambit|Sucker Punch|p1b: Garchomp
|-crit|p1b: Garchomp
|-damage|p1b: Garchomp|0 fnt
|-damage|p2a: Kingambit|11/100|[from] ability: Rough Skin|[of] p1b: Garchomp
|faint|p1b: Garchomp
|
|win|AustinMcballs
|c|☆AustinMcballs|ggwp
|c|☆nezk025|Ah man
|l|☆AustinMcballs
|player|p2|
|c|☆nezk025|That para
|c|☆nezk025|Ggwp
|j|☆AustinMcballs
|player|p2|AustinMcballs|ortega|
