|j|☆regice cold beer
|j|‽youngmoranba
|html|regice cold beeryoungmoranba    
|uhtml|bestof|Game 1 of a best-of-3
|t:|1782652447
|gametype|doubles
|player|p1|regice cold beer|clown|
|player|p2|youngmoranba|265|
|gen|9
|tier|[Gen 9 Champions] VGC 2026 Reg M-B (Bo3)
|rule|Species Clause: Limit one of each Pokémon
|rule|Item Clause: Limit 1 of each item
|clearpoke
|poke|p1|Aggron, L50, F|
|poke|p1|Sinistcha-Masterpiece, L50|
|poke|p1|Gengar, L50, F, shiny|
|poke|p1|Kommo-o, L50, F|
|poke|p1|Oranguru, L50, M|
|poke|p1|Maushold, L50|
|poke|p2|Grimmsnarl, L50, M|
|poke|p2|Swampert, L50, M|
|poke|p2|Pelipper, L50, M|
|poke|p2|Archaludon, L50, F|
|poke|p2|Sinistcha, L50|
|poke|p2|Floette-Eternal, L50, F|
|teampreview|4
|showteam|p1|Aggron||Aggronite|Sturdy|BodyPress,HeavySlam,IronDefense,Protect|Sassy||F|||50|]Sinistcha-Masterpiece||SitrusBerry|Hospitality|TrickRoom,LifeDew,RagePowder,MatchaGotcha|Sassy|||||50|]Gengar||Gengarite|CursedBody|ShadowBall,SludgeBomb,DazzlingGleam,Protect|Timid||F|||50|]Kommo-o||RoseliBerry|Soundproof|ClangorousSoul,ClangingScales,Boomburst,FlashCannon|Timid||F|||50|]Oranguru||MentalHerb|Telepathy|PsychicTerrain,ExpandingForce,Instruct,TrickRoom|Bold||M|||50|]Maushold||WideLens|FriendGuard|FollowMe,PopulationBomb,Encore,Taunt|Jolly|||||50|
|showteam|p2|Grimmsnarl||RoseliBerry|Prankster|FoulPlay,PartingShot,Reflect,LightScreen|Careful||M|||50|]Swampert||Swampertite|Damp|WaveCrash,Earthquake,IcePunch,Protect|Adamant||M|||50|]Pelipper||SitrusBerry|Drizzle|Hurricane,WeatherBall,Tailwind,WideGuard|Modest||M|||50|]Archaludon||Leftovers|Stamina|ElectroShot,DragonPulse,FlashCannon,Protect|Modest||F|||50|]Sinistcha||CobaBerry|Hospitality|MatchaGotcha,RagePowder,LifeDew,Protect|Relaxed|||||50|]Floette-Eternal||Floettite|FlowerVeil|Moonblast,DazzlingGleam,CalmMind,Protect|Modest||F|||50|
|j| Akram Hamdi
|c| Akram Hamdi|Well well well
|j| zion suzuki
|c|☆regice cold beer|wat heeft de put ermee te maken? ;)
|
|t:|1782652583
|teamsize|p1|4
|teamsize|p2|4
|start
|switch|p1a: DE MUUUUUR|Aggron, L50, F|100/100
|switch|p1b: De Vlogfamilie|Maushold, L50|100/100
|switch|p2a: Grimmsnarl|Grimmsnarl, L50, M|100/100
|switch|p2b: Pelipper|Pelipper, L50, M|100/100
|-weather|RainDance|[from] ability: Drizzle|[of] p2b: Pelipper
|turn|1
|c| Akram Hamdi|Daar zit ik in nadat mateus me verbaal mishandelde
|j| JeSuffeMoeder
|
|t:|1782652637
|switch|p2b: Sinistcha|Sinistcha, L50|100/100
|detailschange|p1a: DE MUUUUUR|Aggron-Mega, L50, F
|-mega|p1a: DE MUUUUUR|Aggron|Aggronite
|move|p2a: Grimmsnarl|Parting Shot|p1b: De Vlogfamilie
|-unboost|p1b: De Vlogfamilie|atk|1
|-unboost|p1b: De Vlogfamilie|spa|1
|
|t:|1782652646
|switch|p2a: Pelipper|Pelipper, L50, M|100/100|[from] Parting Shot
|move|p1b: De Vlogfamilie|Taunt|p2a: Pelipper
|-start|p2a: Pelipper|move: Taunt
|move|p1a: DE MUUUUUR|Iron Defense|p1a: DE MUUUUUR
|-boost|p1a: DE MUUUUUR|def|2
|
|-weather|RainDance|[upkeep]
|upkeep
|turn|2
|
|t:|1782652668
|move|p1b: De Vlogfamilie|Taunt|p2b: Sinistcha
|-start|p2b: Sinistcha|move: Taunt
|move|p2a: Pelipper|Weather Ball|p1a: DE MUUUUUR
|-damage|p1a: DE MUUUUUR|58/100
|move|p2b: Sinistcha|Matcha Gotcha|p1a: DE MUUUUUR|[spread] p1a,p1b
|-resisted|p1a: DE MUUUUUR|1
|-damage|p1a: DE MUUUUUR|50/100g
|-damage|p1b: De Vlogfamilie|67/100
|move|p1a: DE MUUUUUR|Heavy Slam|p2b: Sinistcha
|-damage|p2b: Sinistcha|49/100
|
|-weather|RainDance|[upkeep]
|upkeep
|turn|3
|
|t:|1782652705
|switch|p1b: DE BUUUUUR|Sinistcha-Masterpiece, L50|100/100
|-heal|p1a: DE MUUUUUR|75/100|[from] ability: Hospitality|[of] p1b: DE BUUUUUR
|move|p1a: DE MUUUUUR|Protect|p1a: DE MUUUUUR
|-singleturn|p1a: DE MUUUUUR|Protect
|move|p2a: Pelipper|Weather Ball|p1a: DE MUUUUUR
|-activate|p1a: DE MUUUUUR|move: Protect
|move|p2b: Sinistcha|Matcha Gotcha|p1a: DE MUUUUUR|[spread] p1b
|-activate|p1a: DE MUUUUUR|move: Protect
|-resisted|p1b: DE BUUUUUR|1
|-damage|p1b: DE BUUUUUR|89/100
|-heal|p2b: Sinistcha|54/100|[from] drain|[of] p1b: DE BUUUUUR
|
|-weather|RainDance|[upkeep]
|-end|p2a: Pelipper|move: Taunt
|upkeep
|turn|4
|
|t:|1782652744
|move|p2a: Pelipper|Hurricane|p1b: DE BUUUUUR
|-supereffective|p1b: DE BUUUUUR|1
|-damage|p1b: DE BUUUUUR|11/100
|-start|p1b: DE BUUUUUR|confusion
|-enditem|p1b: DE BUUUUUR|Sitrus Berry|[eat]
|-heal|p1b: DE BUUUUUR|35/100|[from] item: Sitrus Berry
|move|p2b: Sinistcha|Matcha Gotcha|p1a: DE MUUUUUR|[spread] p1a,p1b
|-resisted|p1a: DE MUUUUUR|1
|-resisted|p1b: DE BUUUUUR|1
|-damage|p1a: DE MUUUUUR|64/100
|-heal|p2b: Sinistcha|59/100|[from] drain|[of] p1a: DE MUUUUUR
|-damage|p1b: DE BUUUUUR|25/100
|-heal|p2b: Sinistcha|64/100|[from] drain|[of] p1b: DE BUUUUUR
|move|p1a: DE MUUUUUR|Iron Defense|p1a: DE MUUUUUR
|-boost|p1a: DE MUUUUUR|def|2
|-activate|p1b: DE BUUUUUR|confusion
|move|p1b: DE BUUUUUR|Trick Room|p1b: DE BUUUUUR
|-fieldstart|move: Trick Room|[of] p1b: DE BUUUUUR
|
|-weather|RainDance|[upkeep]
|-end|p2b: Sinistcha|move: Taunt
|upkeep
|turn|5
|
|t:|1782652779
|switch|p1b: De Brassband|Kommo-o, L50, F|100/100
|move|p1a: DE MUUUUUR|Heavy Slam|p2b: Sinistcha
|-damage|p2b: Sinistcha|12/100
|move|p2b: Sinistcha|Matcha Gotcha|p1b: De Brassband|[spread] p1a,p1b
|-resisted|p1a: DE MUUUUUR|1
|-resisted|p1b: De Brassband|1
|-damage|p1a: DE MUUUUUR|52/100
|-heal|p2b: Sinistcha|17/100|[from] drain|[of] p1a: DE MUUUUUR
|-damage|p1b: De Brassband|87/100
|-heal|p2b: Sinistcha|23/100|[from] drain|[of] p1b: De Brassband
|move|p2a: Pelipper|Hurricane|p1b: De Brassband
|-supereffective|p1b: De Brassband|1
|-damage|p1b: De Brassband|0 fnt
|faint|p1b: De Brassband
|
|-weather|none
|upkeep
|
|t:|1782652796
|switch|p1b: De Vlogfamilie|Maushold, L50|67/100
|turn|6
|
|t:|1782652838
|switch|p2a: Grimmsnarl|Grimmsnarl, L50, M|100/100
|move|p2b: Sinistcha|Protect|p2b: Sinistcha
|-singleturn|p2b: Sinistcha|Protect
|move|p1a: DE MUUUUUR|Body Press|p2a: Grimmsnarl
|-damage|p2a: Grimmsnarl|0 fnt
|faint|p2a: Grimmsnarl
|move|p1b: De Vlogfamilie|Taunt|p2b: Sinistcha
|-activate|p2b: Sinistcha|move: Protect
|
|upkeep
|
|t:|1782652863
|switch|p2a: Pelipper|Pelipper, L50, M|100/100
|-weather|RainDance|[from] ability: Drizzle|[of] p2a: Pelipper
|turn|7
|
|t:|1782652889
|move|p2b: Sinistcha|Rage Powder|p2b: Sinistcha
|-singleturn|p2b: Sinistcha|move: Rage Powder
|move|p1b: De Vlogfamilie|Follow Me|p1b: De Vlogfamilie
|-singleturn|p1b: De Vlogfamilie|move: Follow Me
|move|p1a: DE MUUUUUR|Heavy Slam|p2b: Sinistcha
|-damage|p2b: Sinistcha|0 fnt
|faint|p2b: Sinistcha
|move|p2a: Pelipper|Weather Ball|p1b: De Vlogfamilie
|-damage|p1b: De Vlogfamilie|0 fnt
|faint|p1b: De Vlogfamilie
|
|-weather|RainDance|[upkeep]
|upkeep
|
|t:|1782652919
|switch|p2b: Swampert|Swampert, L50, M|100/100
|switch|p1b: DE BUUUUUR|Sinistcha-Masterpiece, L50|25/100
|-heal|p1a: DE MUUUUUR|77/100|[from] ability: Hospitality|[of] p1b: DE BUUUUUR
|turn|8
|
|t:|1782652975
|detailschange|p2b: Swampert|Swampert-Mega, L50, M
|-mega|p2b: Swampert|Swampert|Swampertite
|move|p2a: Pelipper|Wide Guard|p2a: Pelipper
|-singleturn|p2a: Pelipper|Wide Guard
|move|p1a: DE MUUUUUR|Body Press|p2a: Pelipper
|-resisted|p2a: Pelipper|1
|-damage|p2a: Pelipper|35/100
|-enditem|p2a: Pelipper|Sitrus Berry|[eat]
|-heal|p2a: Pelipper|60/100|[from] item: Sitrus Berry
|move|p1b: DE BUUUUUR|Life Dew|p1b: DE BUUUUUR|[spread] p1a,p1b
|-heal|p1a: DE MUUUUUR|100/100
|-heal|p1b: DE BUUUUUR|51/100
|move|p2b: Swampert|Ice Punch|p1b: DE BUUUUUR
|-supereffective|p1b: DE BUUUUUR|1
|-damage|p1b: DE BUUUUUR|0 fnt
|faint|p1b: DE BUUUUUR
|
|-weather|RainDance|[upkeep]
|-fieldend|move: Trick Room
|upkeep
|turn|9
|
|t:|1782653001
|move|p2b: Swampert|Wave Crash|p1a: DE MUUUUUR
|-damage|p1a: DE MUUUUUR|78/100
|-damage|p2b: Swampert|94/100|[from] Recoil
|move|p2a: Pelipper|Weather Ball|p1a: DE MUUUUUR
|-damage|p1a: DE MUUUUUR|20/100y
|move|p1a: DE MUUUUUR|Body Press|p2a: Pelipper
|-resisted|p2a: Pelipper|1
|-damage|p2a: Pelipper|1/100
|
|-weather|RainDance|[upkeep]
|upkeep
|turn|10
|c|☆regice cold beer|ohhh de rollll
|c|☆regice cold beer|ggs voor g1
|
|t:|1782653030
|move|p2b: Swampert|Earthquake|p1a: DE MUUUUUR|[spread] p1a
|-immune|p2a: Pelipper
|-supereffective|p1a: DE MUUUUUR|1
|-damage|p1a: DE MUUUUUR|8/100
|move|p2a: Pelipper|Weather Ball|p1a: DE MUUUUUR
|-damage|p1a: DE MUUUUUR|0 fnt
|faint|p1a: DE MUUUUUR
|
|win|youngmoranba
||regice cold beer is ready for game 2.
||youngmoranba is ready for game 2.
|uhtml|next|Next: Game 2 of 3
|l| Akram Hamdi
|l| JeSuffeMoeder
|j| svenblack
|l| svenblack
|j| kersenboertje.nl
|j| Riot0
|j| robbie0301
|l| kersenboertje.nl
|l| robbie0301
|l| Riot0
