|j|☆shynessvgc
|j|☆garex26
|html|shynessvgcgarex26    
|uhtml|bestof|Game 1 of a best-of-3
|t:|1757036878
|gametype|doubles
|player|p1|shynessvgc|dawn|1170
|player|p2|garex26|elesa|1000
|gen|9
|tier|[Gen 9] VGC 2025 Reg H (Bo3)
|rated|
|rule|Species Clause: Limit one of each Pokémon
|rule|Item Clause: Limit 1 of each item
|clearpoke
|poke|p1|Porygon2, L50|
|poke|p1|Ursaluna, L50, F|
|poke|p1|Amoonguss, L50, M|
|poke|p1|Incineroar, L50, M|
|poke|p1|Gholdengo, L50|
|poke|p1|Hydreigon, L50, M|
|poke|p2|Politoed, L50, F|
|poke|p2|Gothitelle, L50, F|
|poke|p2|Incineroar, L50, F|
|poke|p2|Amoonguss, L50, F|
|poke|p2|Archaludon, L50, F|
|poke|p2|Kingdra, L50, M|
|teampreview|4
|showteam|p1|Porygon2||Eviolite|Download|TeraBlast,IceBeam,TrickRoom,Recover||||||50|,,,,,Fighting]Ursaluna||FlameOrb|Guts|Protect,HeadlongRush,Facade,Earthquake|||F|||50|,,,,,Ghost]Amoonguss||CovertCloak|Regenerator|ClearSmog,RagePowder,PollenPuff,Spore|||M|||50|,,,,,Fairy]Incineroar||SitrusBerry|Intimidate|FlareBlitz,KnockOff,PartingShot,FakeOut|||M|||50|,,,,,Ghost]Gholdengo||LifeOrb|GoodasGold|Protect,NastyPlot,MakeItRain,ShadowBall||||||50|,,,,,Water]Hydreigon||SafetyGoggles|Levitate|Protect,DragonPulse,Snarl,Tailwind|||M|||50|,,,,,Ghost
|showteam|p2|Politoed||Leftovers|Drizzle|WeatherBall,Protect,Encore,PerishSong|||F|||50|,,,,,Grass]Gothitelle||SitrusBerry|ShadowTag|FakeOut,Protect,Psychic,TrickRoom|||F|||50|,,,,,Dark]Incineroar||SafetyGoggles|Intimidate|FakeOut,PartingShot,Protect,KnockOff|||F|||50|,,,,,Ghost]Amoonguss||EjectButton|Regenerator|Spore,Protect,RagePowder,PollenPuff|||F|||50|,,,,,Fairy]Archaludon||PowerHerb|Sturdy|ElectroShot,DragonPulse,Protect,FlashCannon|||F|||50|,,,,,Electric]Kingdra||LifeOrb|SwiftSwim|WeatherBall,MuddyWater,DracoMeteor,Protect|||M|||50|,,,,,Stellar
|
|t:|1757036945
|teamsize|p1|4
|teamsize|p2|4
|start
|switch|p1a: Gholdengo|Gholdengo, L50|100/100
|switch|p1b: Hydreigon|Hydreigon, L50, M|100/100
|switch|p2a: Politoed|Politoed, L50, F|100/100
|switch|p2b: Kingdra|Kingdra, L50, M|100/100
|-weather|RainDance|[from] ability: Drizzle|[of] p2a: Politoed
|turn|1
|
|t:|1757036963
|-terastallize|p1a: Gholdengo|Water
|move|p2b: Kingdra|Protect|p2b: Kingdra
|-singleturn|p2b: Kingdra|Protect
|move|p2a: Politoed|Protect|p2a: Politoed
|-singleturn|p2a: Politoed|Protect
|move|p1b: Hydreigon|Tailwind|p1b: Hydreigon
|-sidestart|p1: shynessvgc|move: Tailwind
|move|p1a: Gholdengo|Nasty Plot|p1a: Gholdengo
|-boost|p1a: Gholdengo|spa|2
|
|-weather|RainDance|[upkeep]
|upkeep
|turn|2
|
|t:|1757036989
|move|p1b: Hydreigon|Dragon Pulse|p2b: Kingdra
|-supereffective|p2b: Kingdra
|-damage|p2b: Kingdra|4/100
|move|p2b: Kingdra|Draco Meteor|p1a: Gholdengo
|-damage|p1a: Gholdengo|19/100
|-unboost|p2b: Kingdra|spa|2
|-damage|p2b: Kingdra|0 fnt|[from] item: Life Orb
|faint|p2b: Kingdra
|move|p1a: Gholdengo|Shadow Ball|p2a: Politoed
|-crit|p2a: Politoed
|-damage|p2a: Politoed|0 fnt
|faint|p2a: Politoed
|-damage|p1a: Gholdengo|9/100|[from] item: Life Orb
|
|-weather|RainDance|[upkeep]
|upkeep
|
|t:|1757037002
|switch|p2b: Gothitelle|Gothitelle, L50, F|100/100
|switch|p2a: Incineroar|Incineroar, L50, F|100/100
|-ability|p2a: Incineroar|Intimidate|boost
|-unboost|p1a: Gholdengo|atk|1
|-unboost|p1b: Hydreigon|atk|1
|turn|3
|
|t:|1757037020
|-terastallize|p2b: Gothitelle|Dark
|move|p1a: Gholdengo|Protect|p1a: Gholdengo
|-singleturn|p1a: Gholdengo|Protect
|move|p2a: Incineroar|Fake Out|p1a: Gholdengo
|-activate|p1a: Gholdengo|move: Protect
|move|p1b: Hydreigon|Snarl|p2a: Incineroar|[spread] p2a,p2b
|-resisted|p2a: Incineroar
|-resisted|p2b: Gothitelle
|-damage|p2a: Incineroar|94/100
|-damage|p2b: Gothitelle|93/100
|-unboost|p2a: Incineroar|spa|1
|-unboost|p2b: Gothitelle|spa|1
|move|p2b: Gothitelle|Trick Room|p2b: Gothitelle
|-fieldstart|move: Trick Room|[of] p2b: Gothitelle
|
|-weather|RainDance|[upkeep]
|upkeep
|turn|4
|
|t:|1757037047
|move|p2a: Incineroar|Knock Off|p1b: Hydreigon
|-resisted|p1b: Hydreigon
|-damage|p1b: Hydreigon|80/100
|-enditem|p1b: Hydreigon|Safety Goggles|[from] move: Knock Off|[of] p2a: Incineroar
|move|p2b: Gothitelle|Psychic|p1a: Gholdengo
|-damage|p1a: Gholdengo|0 fnt
|faint|p1a: Gholdengo
|move|p1b: Hydreigon|Dragon Pulse|p2b: Gothitelle
|-damage|p2b: Gothitelle|63/100
|
|-weather|RainDance|[upkeep]
|-sideend|p1: shynessvgc|move: Tailwind
|upkeep
|
|t:|1757037056
|switch|p1a: Ursaluna|Ursaluna, L50, F|100/100
|turn|5
|
|t:|1757037066
|move|p1a: Ursaluna|Protect|p1a: Ursaluna
|-singleturn|p1a: Ursaluna|Protect
|move|p2a: Incineroar|Knock Off|p1a: Ursaluna
|-activate|p1a: Ursaluna|move: Protect
|move|p2b: Gothitelle|Psychic|p1a: Ursaluna
|-activate|p1a: Ursaluna|move: Protect
|move|p1b: Hydreigon|Dragon Pulse|p2b: Gothitelle
|-damage|p2b: Gothitelle|29/100
|-enditem|p2b: Gothitelle|Sitrus Berry|[eat]
|-heal|p2b: Gothitelle|54/100|[from] item: Sitrus Berry
|
|-weather|none
|-status|p1a: Ursaluna|brn|[from] item: Flame Orb
|upkeep
|turn|6
|
|t:|1757037083
|move|p2a: Incineroar|Knock Off|p1a: Ursaluna
|-damage|p1a: Ursaluna|67/100 brn
|-enditem|p1a: Ursaluna|Flame Orb|[from] move: Knock Off|[of] p2a: Incineroar
|move|p2b: Gothitelle|Psychic|p1a: Ursaluna
|-damage|p1a: Ursaluna|44/100 brn
|move|p1a: Ursaluna|Earthquake|p2a: Incineroar|[spread] p2a,p2b
|-immune|p1b: Hydreigon|[from] ability: Levitate
|-supereffective|p2a: Incineroar
|-damage|p2a: Incineroar|0 fnt
|-damage|p2b: Gothitelle|0 fnt
|faint|p2a: Incineroar
|faint|p2b: Gothitelle
|
|win|shynessvgc
||shynessvgc is ready for game 2.
||garex26 is ready for game 2.
|uhtml|next|Next: Game 2 of 3
|l|☆garex26
|player|p2|
