|j|☆SakiVGC
|j|☆KodeBeast0526
|html|SakiVGCKodeBeast0526    
|uhtml|bestof|Game 2 of a best-of-3
|t:|1784730244
|gametype|doubles
|player|p1|SakiVGC|bellelba|1116
|player|p2|KodeBeast0526|hiker|1246
|gen|9
|tier|[Gen 9 Champions] VGC 2026 Reg M-B (Bo3)
|rated|
|rule|Species Clause: Limit one of each Pokémon
|rule|Item Clause: Limit 1 of each item
|clearpoke
|poke|p1|Incineroar, L50, F|
|poke|p1|Milotic, L50, M|
|poke|p1|Sinistcha-Masterpiece, L50|
|poke|p1|Sylveon, L50, F|
|poke|p1|Kingambit, L50, M|
|poke|p1|Blaziken, L50, M|
|poke|p2|Aerodactyl, L50, M|
|poke|p2|Kingambit, L50, M|
|poke|p2|Sylveon, L50, M|
|poke|p2|Garchomp, L50, M|
|poke|p2|Charizard, L50, M|
|poke|p2|Farigiraf, L50, M, shiny|
|teampreview|4
|showteam|p1|Incineroar||SitrusBerry|Intimidate|FlareBlitz,DarkestLariat,FakeOut,PartingShot|Careful||F|||50|]Milotic||Leftovers|Competitive|MuddyWater,Hypnosis,Coil,Protect|Bold||M|||50|]Sinistcha-Masterpiece||ColburBerry|Hospitality|MatchaGotcha,RagePowder,TrickRoom,LifeDew|Bold|||||50|]Sylveon||FairyFeather|Pixilate|HyperVoice,HyperBeam,QuickAttack,Protect|Modest||F|||50|]Kingambit||BlackGlasses|Defiant|SuckerPunch,KowtowCleave,SwordsDance,Protect|Adamant||M|||50|]Blaziken||Blazikenite|SpeedBoost|FlareBlitz,CloseCombat,RockSlide,Detect|Adamant||M|||50|
|showteam|p2|Aerodactyl||Aerodactylite|Unnerve|RockSlide,IceFang,Tailwind,WideGuard|Jolly||M|||50|]Kingambit||FocusSash|Defiant|KowtowCleave,SuckerPunch,IronHead,LowKick|Adamant||M|||50|]Sylveon||FairyFeather|Pixilate|Detect,HyperVoice,HyperBeam,QuickAttack|Modest||M|||50|]Garchomp||LifeOrb|RoughSkin|Earthquake,DragonClaw,StompingTantrum,Protect|Jolly||M|||50|]Charizard||CharizarditeY|Blaze|Protect,HeatWave,SolarBeam,WeatherBall|Modest||M|||50|]Farigiraf||SitrusBerry|ArmorTail|Thunderbolt,PsychicNoise,TrickRoom,HelpingHand|Bold||M|||50|
|inactive|Battle timer is ON: inactive players will automatically lose when time's up. (requested by SakiVGC)
|
|t:|1784730272
|teamsize|p1|4
|teamsize|p2|4
|start
|switch|p1a: Milotic|Milotic, L50, M|100/100
|switch|p1b: Blaziken|Blaziken, L50, M|100/100
|switch|p2a: Aerodactyl|Aerodactyl, L50, M|100/100
|switch|p2b: Garchomp|Garchomp, L50, M|100/100
|-ability|p2a: Aerodactyl|Unnerve
|turn|1
|
|t:|1784730290
|switch|p1b: Incineroar|Incineroar, L50, F|100/100
|-ability|p1b: Incineroar|Intimidate|boost
|-unboost|p2a: Aerodactyl|atk|1
|-unboost|p2b: Garchomp|atk|1
|detailschange|p2a: Aerodactyl|Aerodactyl-Mega, L50, M
|-mega|p2a: Aerodactyl|Aerodactyl|Aerodactylite
|move|p2a: Aerodactyl|Rock Slide|p1b: Incineroar|[spread] p1a,p1b
|-supereffective|p1b: Incineroar|1
|-damage|p1a: Milotic|84/100
|-damage|p1b: Incineroar|70/100
|move|p2b: Garchomp|Earthquake|p1b: Incineroar|[spread] p1a,p1b
|-immune|p2a: Aerodactyl
|-supereffective|p1b: Incineroar|1
|-damage|p1a: Milotic|55/100
|-damage|p1b: Incineroar|11/100
|-enditem|p1b: Incineroar|Sitrus Berry|[eat]
|-heal|p1b: Incineroar|36/100|[from] item: Sitrus Berry
|-damage|p2b: Garchomp|90/100|[from] item: Life Orb
|move|p1a: Milotic|Coil|p1a: Milotic
|-boost|p1a: Milotic|atk|1
|-boost|p1a: Milotic|def|1
|-boost|p1a: Milotic|accuracy|1
|
|-heal|p1a: Milotic|61/100|[from] item: Leftovers
|upkeep
|turn|2
|
|t:|1784730311
|move|p1b: Incineroar|Fake Out|p2a: Aerodactyl
|-resisted|p2a: Aerodactyl|1
|-damage|p2a: Aerodactyl|94/100
|cant|p2a: Aerodactyl|flinch
|move|p2b: Garchomp|Earthquake|p1b: Incineroar|[spread] p1a,p1b
|-immune|p2a: Aerodactyl
|-supereffective|p1b: Incineroar|1
|-damage|p1a: Milotic|41/100
|-damage|p1b: Incineroar|0 fnt
|faint|p1b: Incineroar
|-damage|p2b: Garchomp|80/100|[from] item: Life Orb
|move|p1a: Milotic|Coil|p1a: Milotic
|-boost|p1a: Milotic|atk|1
|-boost|p1a: Milotic|def|1
|-boost|p1a: Milotic|accuracy|1
|
|-heal|p1a: Milotic|47/100|[from] item: Leftovers
|upkeep
|
|t:|1784730316
|switch|p1b: Sinistcha|Sinistcha-Masterpiece, L50|100/100
|-heal|p1a: Milotic|72/100|[from] ability: Hospitality|[of] p1b: Sinistcha
|turn|3
|
|t:|1784730325
|move|p2a: Aerodactyl|Ice Fang|p1b: Sinistcha
|-supereffective|p1b: Sinistcha|1
|-damage|p1b: Sinistcha|74/100
|move|p2b: Garchomp|Dragon Claw|p1b: Sinistcha
|-damage|p1b: Sinistcha|47/100
|-damage|p2b: Garchomp|70/100|[from] item: Life Orb
|move|p1a: Milotic|Hypnosis|p2a: Aerodactyl
|-status|p2a: Aerodactyl|slp|[from] move: Hypnosis
|cant|p1b: Sinistcha|flinch
|
|-heal|p1a: Milotic|79/100|[from] item: Leftovers
|upkeep
|turn|4
|
|t:|1784730332
|cant|p2a: Aerodactyl|slp
|move|p2b: Garchomp|Earthquake|p1b: Sinistcha|[spread] p1a,p1b
|-immune|p2a: Aerodactyl
|-resisted|p1b: Sinistcha|1
|-damage|p1a: Milotic|66/100
|-damage|p1b: Sinistcha|34/100
|-damage|p2b: Garchomp|60/100|[from] item: Life Orb
|move|p1a: Milotic|Hypnosis|p2b: Garchomp
|-status|p2b: Garchomp|slp|[from] move: Hypnosis
|move|p1b: Sinistcha|Trick Room|p1b: Sinistcha
|-fieldstart|move: Trick Room|[of] p1b: Sinistcha
|
|-heal|p1a: Milotic|72/100|[from] item: Leftovers
|upkeep
|turn|5
|
|t:|1784730341
|move|p1b: Sinistcha|Life Dew|p1b: Sinistcha|[spread] p1a,p1b
|-heal|p1a: Milotic|97/100
|-heal|p1b: Sinistcha|60/100
|move|p1a: Milotic|Muddy Water|p2b: Garchomp|[spread] p2a,p2b
|-supereffective|p2a: Aerodactyl|1
|-damage|p2a: Aerodactyl|44/100 slp
|-damage|p2b: Garchomp|32/100 slp
|cant|p2b: Garchomp|slp
|cant|p2a: Aerodactyl|slp
|
|-heal|p1a: Milotic|100/100|[from] item: Leftovers
|upkeep
|turn|6
|
|t:|1784730351
|move|p1b: Sinistcha|Matcha Gotcha|p2a: Aerodactyl|[spread] p2a,p2b
|-damage|p2a: Aerodactyl|20/100y slp
|-heal|p1b: Sinistcha|72/100|[from] drain|[of] p2a: Aerodactyl
|-damage|p2b: Garchomp|7/100 slp
|-heal|p1b: Sinistcha|85/100|[from] drain|[of] p2b: Garchomp
|move|p1a: Milotic|Hypnosis|p2a: Aerodactyl
|-fail|p2a: Aerodactyl|slp
|-curestatus|p2b: Garchomp|slp|[msg]
|move|p2b: Garchomp|Earthquake|p1a: Milotic|[spread] p1a,p1b
|-immune|p2a: Aerodactyl
|-resisted|p1b: Sinistcha|1
|-damage|p1a: Milotic|83/100
|-damage|p1b: Sinistcha|73/100
|-damage|p2b: Garchomp|0 fnt|[from] item: Life Orb
|faint|p2b: Garchomp
|-curestatus|p2a: Aerodactyl|slp|[msg]
|move|p2a: Aerodactyl|Rock Slide|p1b: Sinistcha|[spread] p1a,p1b
|-damage|p1a: Milotic|76/100
|-damage|p1b: Sinistcha|61/100
|
|-heal|p1a: Milotic|82/100|[from] item: Leftovers
|upkeep
|
|t:|1784730357
|switch|p2b: Sylveon|Sylveon, L50, M|100/100
|turn|7
|
|t:|1784730361
|move|p1b: Sinistcha|Rage Powder|p1b: Sinistcha
|-singleturn|p1b: Sinistcha|move: Rage Powder
|move|p2b: Sylveon|Hyper Beam|p1b: Sinistcha
|-damage|p1b: Sinistcha|0 fnt
|-mustrecharge|p2b: Sylveon
|faint|p1b: Sinistcha
|move|p1a: Milotic|Hypnosis|p2a: Aerodactyl
|-status|p2a: Aerodactyl|slp|[from] move: Hypnosis
|cant|p2a: Aerodactyl|slp
|
|-heal|p1a: Milotic|88/100|[from] item: Leftovers
|upkeep
|
|t:|1784730364
|switch|p1b: Blaziken|Blaziken, L50, M|100/100
|turn|8
|
|t:|1784730368
|detailschange|p1b: Blaziken|Blaziken-Mega, L50, M
|-mega|p1b: Blaziken|Blaziken|Blazikenite
|cant|p2b: Sylveon|recharge
|move|p1a: Milotic|Muddy Water|p2a: Aerodactyl|[spread] p2a,p2b
|-supereffective|p2a: Aerodactyl|1
|-damage|p2a: Aerodactyl|0 fnt
|-damage|p2b: Sylveon|81/100
|-unboost|p2b: Sylveon|accuracy|1
|faint|p2a: Aerodactyl
|move|p1b: Blaziken|Flare Blitz|p2b: Sylveon
|-damage|p2b: Sylveon|0 fnt
|faint|p2b: Sylveon
|-damage|p1b: Blaziken|67/100|[from] Recoil
|
|-heal|p1a: Milotic|94/100|[from] item: Leftovers
|-fieldend|move: Trick Room
|-ability|p1b: Blaziken|Speed Boost|boost
|-boost|p1b: Blaziken|spe|1
|upkeep
|-message|KodeBeast0526 forfeited.
|
|win|SakiVGC
|raw|SakiVGC's rating: 1116 → 1150(+34 for winning)
|raw|KodeBeast0526's rating: 1246 → 1212(-34 for losing)
|l|☆KodeBeast0526
|player|p2|
|j|☆KodeBeast0526
|player|p2|KodeBeast0526|hiker|
|c|☆SakiVGC|gg
|c|☆KodeBeast0526|Gg
