|j|☆megacsc
|j|☆dpg46
|html|megacscdpg46    
|uhtml|bestof|Game 1 of a best-of-3
|t:|1757630978
|gametype|doubles
|player|p1|megacsc|n|1170
|player|p2|dpg46|lance|1050
|gen|9
|tier|[Gen 9] VGC 2025 Reg H (Bo3)
|rated|
|rule|Species Clause: Limit one of each Pokémon
|rule|Item Clause: Limit 1 of each item
|clearpoke
|poke|p1|Whimsicott, L50, F|
|poke|p1|Garchomp, L50, F|
|poke|p1|Gholdengo, L50|
|poke|p1|Incineroar, L50, F|
|poke|p1|Sneasler, L50, F|
|poke|p1|Dragonite, L50, M|
|poke|p2|Gholdengo, L50|
|poke|p2|Incineroar, L50, M|
|poke|p2|Amoonguss, L50, F|
|poke|p2|Porygon2, L50|
|poke|p2|Sneasler, L50, F|
|poke|p2|Dragonite, L50, M|
|teampreview|4
|showteam|p1|Whimsicott||CovertCloak|Prankster|Moonblast,Tailwind,Encore,Protect|||F|||50|,,,,,Ghost]Garchomp||LifeOrb|RoughSkin|Earthquake,DragonClaw,StompingTantrum,Protect|||F|||50|,,,,,Ground]Gholdengo||ChoiceSpecs|GoodasGold|MakeItRain,ShadowBall,Trick,Thunderbolt||||||50|,,,,,Steel]Incineroar||AssaultVest|Intimidate|FakeOut,FlareBlitz,KnockOff,Uturn|||F|||50|,,,,,Grass]Sneasler||FocusSash|Unburden|FakeOut,DireClaw,CloseCombat,Protect|||F|||50|,,,,,Flying]Dragonite||ChoiceBand|InnerFocus|ExtremeSpeed,Outrage,IceSpinner,Haze|||M|||50|,,,,,Normal
|showteam|p2|Gholdengo||LifeOrb|GoodasGold|MakeItRain,ShadowBall,NastyPlot,Protect||||||50|,,,,,Water]Incineroar||SafetyGoggles|Intimidate|FlareBlitz,KnockOff,PartingShot,FakeOut|||M|||50|,,,,,Water]Amoonguss||SitrusBerry|Regenerator|Spore,PollenPuff,RagePowder,Protect|||F|||50|,,,,,Fairy]Porygon2||Eviolite|Download|TeraBlast,IceBeam,Recover,TrickRoom||||||50|,,,,,Ground]Sneasler||FocusSash|Unburden|DireClaw,CloseCombat,Coaching,Protect|||F|||50|,,,,,Stellar]Dragonite||LoadedDice|Multiscale|ScaleShot,StompingTantrum,Tailwind,Protect|||M|||50|,,,,,Ground
|
|t:|1757631013
|teamsize|p1|4
|teamsize|p2|4
|start
|switch|p1a: Dragonite|Dragonite, L50, M|100/100
|switch|p1b: Sneasler|Sneasler, L50, F|100/100
|switch|p2a: Porygon2|Porygon2, L50, shiny|100/100
|switch|p2b: Incineroar|Incineroar, L50, M, shiny|100/100
|-ability|p2b: Incineroar|Intimidate|boost
|-fail|p1a: Dragonite|unboost|Attack|[from] ability: Inner Focus|[of] p1a: Dragonite
|-unboost|p1b: Sneasler|atk|1
|-ability|p2a: Porygon2|Download|boost
|-boost|p2a: Porygon2|atk|1
|turn|1
|inactive|Battle timer is ON: inactive players will automatically lose when time's up. (requested by dpg46)
|inactive|dpg46 has 60 seconds left.
|inactive|dpg46 has 30 seconds left.
|inactive|dpg46 has 20 seconds left.
|inactive|dpg46 has 15 seconds left.
|inactive|dpg46 has 10 seconds left.
|
|t:|1757631099
|switch|p2b: Amoonguss|Amoonguss, L50, F, shiny|100/100
|switch|p2a: Gholdengo|Gholdengo, L50|100/100
|move|p1b: Sneasler|Fake Out|p2a: Gholdengo
|-immune|p2a: Gholdengo
|move|p1a: Dragonite|Outrage|p2b: Amoonguss
|-damage|p2b: Amoonguss|17/100
|-enditem|p2b: Amoonguss|Sitrus Berry|[eat]
|-heal|p2b: Amoonguss|42/100|[from] item: Sitrus Berry
|
|upkeep
|turn|2
|inactive|dpg46 has 30 seconds left.
|
|t:|1757631131
|switch|p1b: Incineroar|Incineroar, L50, F|100/100
|-ability|p1b: Incineroar|Intimidate|boost
|-unboost|p2a: Gholdengo|atk|1
|-unboost|p2b: Amoonguss|atk|1
|move|p2b: Amoonguss|Protect|p2b: Amoonguss
|-singleturn|p2b: Amoonguss|Protect
|move|p1a: Dragonite|Outrage|p2a: Gholdengo|[from] lockedmove
|-resisted|p2a: Gholdengo
|-damage|p2a: Gholdengo|53/100
|move|p2a: Gholdengo|Nasty Plot|p2a: Gholdengo
|-boost|p2a: Gholdengo|spa|2
|
|upkeep
|turn|3
|inactive|dpg46 has 30 seconds left.
|inactive|dpg46 has 20 seconds left.
|inactive|dpg46 has 15 seconds left.
|inactive|dpg46 has 10 seconds left.
|inactive|dpg46 has 5 seconds left.
|
|t:|1757631182
|-terastallize|p2b: Amoonguss|Fairy
|move|p2b: Amoonguss|Rage Powder|p2b: Amoonguss
|-singleturn|p2b: Amoonguss|move: Rage Powder
|move|p1a: Dragonite|Outrage|p2b: Amoonguss|[from] lockedmove
|-immune|p2b: Amoonguss
|-start|p1a: Dragonite|confusion|[fatigue]
|move|p2a: Gholdengo|Make It Rain|p1a: Dragonite|[spread] p1a,p1b
|-resisted|p1b: Incineroar
|-damage|p1a: Dragonite|0 fnt
|-damage|p1b: Incineroar|62/100
|-unboost|p2a: Gholdengo|spa|1
|faint|p1a: Dragonite
|-damage|p2a: Gholdengo|43/100|[from] item: Life Orb
|move|p1b: Incineroar|Flare Blitz|p2b: Amoonguss
|-damage|p2b: Amoonguss|4/100
|-damage|p1b: Incineroar|48/100|[from] Recoil
|
|upkeep
|
|t:|1757631196
|switch|p1a: Sneasler|Sneasler, L50, F|100/100
|turn|4
|inactive|dpg46 has 30 seconds left.
|
|t:|1757631222
|switch|p2b: Incineroar|Incineroar, L50, M, shiny|100/100
|-ability|p2b: Incineroar|Intimidate|boost
|-unboost|p1a: Sneasler|atk|1
|-unboost|p1b: Incineroar|atk|1
|move|p2a: Gholdengo|Protect|p2a: Gholdengo
|-singleturn|p2a: Gholdengo|Protect
|move|p1a: Sneasler|Fake Out|p2b: Incineroar
|-damage|p2b: Incineroar|92/100
|move|p1b: Incineroar|Flare Blitz|p2a: Gholdengo
|-activate|p2a: Gholdengo|move: Protect
|
|upkeep
|turn|5
|inactive|dpg46 has 30 seconds left.
|inactive|dpg46 has 20 seconds left.
|inactive|dpg46 has 15 seconds left.
|inactive|dpg46 has 10 seconds left.
|inactive|dpg46 has 5 seconds left.
|
|t:|1757631273
|switch|p1a: Gholdengo|Gholdengo, L50|100/100
|move|p2b: Incineroar|Fake Out|p1a: Gholdengo
|-immune|p1a: Gholdengo
|move|p2a: Gholdengo|Make It Rain|p1b: Incineroar|[spread] p1a,p1b
|-resisted|p1a: Gholdengo
|-resisted|p1b: Incineroar
|-damage|p1a: Gholdengo|52/100
|-damage|p1b: Incineroar|22/100
|-unboost|p2a: Gholdengo|spa|1
|-damage|p2a: Gholdengo|34/100|[from] item: Life Orb
|move|p1b: Incineroar|Flare Blitz|p2a: Gholdengo
|-supereffective|p2a: Gholdengo
|-damage|p2a: Gholdengo|0 fnt
|faint|p2a: Gholdengo
|-damage|p1b: Incineroar|11/100|[from] Recoil
|
|upkeep
|
|t:|1757631280
|switch|p2a: Porygon2|Porygon2, L50, shiny|100/100
|-ability|p2a: Porygon2|Download|boost
|-boost|p2a: Porygon2|spa|1
|turn|6
|inactive|dpg46 has 30 seconds left.
|inactive|dpg46 has 20 seconds left.
|inactive|dpg46 has 15 seconds left.
|
|t:|1757631322
|switch|p1b: Sneasler|Sneasler, L50, F|100/100
|-terastallize|p1a: Gholdengo|Steel
|move|p1a: Gholdengo|Trick|p2a: Porygon2
|-activate|p1a: Gholdengo|move: Trick|[of] p2a: Porygon2
|-item|p2a: Porygon2|Choice Specs|[from] move: Trick
|-item|p1a: Gholdengo|Eviolite|[from] move: Trick
|move|p2b: Incineroar|Flare Blitz|p1a: Gholdengo
|-supereffective|p1a: Gholdengo
|-damage|p1a: Gholdengo|0 fnt
|faint|p1a: Gholdengo
|-damage|p2b: Incineroar|78/100|[from] Recoil
|move|p2a: Porygon2|Trick Room|p2a: Porygon2
|-fieldstart|move: Trick Room|[of] p2a: Porygon2
|
|upkeep
|
|t:|1757631338
|switch|p1a: Incineroar|Incineroar, L50, F|11/100
|-ability|p1a: Incineroar|Intimidate|boost
|-unboost|p2a: Porygon2|atk|1
|-unboost|p2b: Incineroar|atk|1
|turn|7
|
|t:|1757631357
|switch|p2a: Amoonguss|Amoonguss, L50, F, shiny, tera:Fairy|37/100
|move|p1a: Incineroar|Fake Out|p2b: Incineroar
|-damage|p2b: Incineroar|66/100
|cant|p2b: Incineroar|flinch
|move|p1b: Sneasler|Close Combat|p2b: Incineroar
|-supereffective|p2b: Incineroar
|-damage|p2b: Incineroar|0 fnt
|-unboost|p1b: Sneasler|def|1
|-unboost|p1b: Sneasler|spd|1
|faint|p2b: Incineroar
|
|upkeep
|
|t:|1757631366
|switch|p2b: Porygon2|Porygon2, L50, shiny|100/100
|-ability|p2b: Porygon2|Download|boost
|-boost|p2b: Porygon2|spa|1
|turn|8
|
|t:|1757631385
|move|p2a: Amoonguss|Spore|p1b: Sneasler
|-status|p1b: Sneasler|slp|[from] move: Spore
|move|p2b: Porygon2|Tera Blast|p1a: Incineroar
|-damage|p1a: Incineroar|0 fnt
|faint|p1a: Incineroar
|cant|p1b: Sneasler|slp
|
|upkeep
|turn|9
|
|t:|1757631393
|cant|p1b: Sneasler|slp
|move|p2a: Amoonguss|Pollen Puff|p1b: Sneasler
|-resisted|p1b: Sneasler
|-damage|p1b: Sneasler|91/100 slp
|move|p2b: Porygon2|Tera Blast|p1b: Sneasler
|-damage|p1b: Sneasler|0 fnt
|faint|p1b: Sneasler
|
|win|dpg46
||megacsc is ready for game 2.
|inactive|dpg46 has 30 seconds to confirm battle start!
||dpg46 is ready for game 2.
|uhtml|next|Next: Game 2 of 3
|l|☆megacsc
|player|p1|
