|j|☆Im_Neutro
|j|☆elmono11
|html|Im_Neutroelmono11    
|uhtml|bestof|Game 3 of a best-of-3
|t:|1783870381
|gametype|doubles
|player|p1|Im_Neutro|noland|1081
|player|p2|elmono11|101|1054
|gen|9
|tier|[Gen 9 Champions] VGC 2026 Reg M-B (Bo3)
|rated|
|rule|Species Clause: Limit one of each Pokémon
|rule|Item Clause: Limit 1 of each item
|clearpoke
|poke|p1|Gengar, L50, F|
|poke|p1|Kingambit, L50, F|
|poke|p1|Incineroar, L50, F|
|poke|p1|Sinistcha, L50|
|poke|p1|Toxapex, L50, F|
|poke|p1|Kommo-o, L50, M|
|poke|p2|Blaziken, L50, F|
|poke|p2|Venusaur, L50, M|
|poke|p2|Ninetales-Alola, L50, F|
|poke|p2|Lycanroc-Dusk, L50, M|
|poke|p2|Kingambit, L50, M|
|poke|p2|Basculegion, L50, M|
|teampreview|4
|showteam|p1|Gengar||Gengarite|CursedBody|PerishSong,Protect,ShadowBall,Disable|Timid||F|||50|]Kingambit||BlackGlasses|Defiant|KowtowCleave,IronHead,SuckerPunch,Protect|Brave||F|||50|]Incineroar||PasshoBerry|Intimidate|FlareBlitz,FakeOut,PartingShot,Protect|Relaxed||F|||50|]Sinistcha||ColburBerry|Hospitality|MatchaGotcha,RagePowder,Protect,LifeDew|Bold|||||50|]Toxapex||SitrusBerry|Regenerator|BanefulBunker,Infestation,Toxic,Recover|Bold||F|||50|]Kommo-o||Leftovers|Soundproof|ClangorousSoul,ClangingScales,AuraSphere,Protect|Modest||M|||50|
|showteam|p2|Blaziken||Blazikenite|SpeedBoost|CloseCombat,FlareBlitz,StoneEdge,Detect|Adamant||F|||50|]Venusaur||Venusaurite|Chlorophyll|GigaDrain,SludgeBomb,EarthPower,Protect|Modest||M|||50|]Ninetales-Alola||NeverMeltIce|SnowWarning|Blizzard,FreezeDry,Encore,Protect|Timid||F|||50|]Lycanroc-Dusk||FocusSash|ToughClaws|Accelerock,RockSlide,CloseCombat,Protect|Adamant||M|||50|]Kingambit||LifeOrb|Defiant|KowtowCleave,SuckerPunch,IronHead,Protect|Adamant||M|||50|]Basculegion||ChoiceScarf|Adaptability|WaveCrash,LastRespects,FlipTurn,AquaJet|Jolly||M|||50|
|inactive|Battle timer is ON: inactive players will automatically lose when time's up. (requested by Im_Neutro)
|inactive|elmono11 has 60 seconds left.
|
|t:|1783870414
|teamsize|p1|4
|teamsize|p2|4
|start
|switch|p1a: Gengar|Gengar, L50, F|100/100
|switch|p1b: Incineroar|Incineroar, L50, F|100/100
|switch|p2a: Kingambit|Kingambit, L50, M|100/100
|switch|p2b: Venusaur|Venusaur, L50, M|100/100
|-ability|p1b: Incineroar|Intimidate|boost
|-unboost|p2a: Kingambit|atk|1
|-ability|p2a: Kingambit|Defiant|boost
|-boost|p2a: Kingambit|atk|2
|-unboost|p2b: Venusaur|atk|1
|turn|1
|
|t:|1783870432
|detailschange|p1a: Gengar|Gengar-Mega, L50, F
|-mega|p1a: Gengar|Gengar|Gengarite
|detailschange|p2b: Venusaur|Venusaur-Mega, L50, M
|-mega|p2b: Venusaur|Venusaur|Venusaurite
|move|p1a: Gengar|Protect|p1a: Gengar
|-singleturn|p1a: Gengar|Protect
|move|p2b: Venusaur|Earth Power|p1b: Incineroar
|-supereffective|p1b: Incineroar|1
|-damage|p1b: Incineroar|39/100
|move|p1b: Incineroar|Parting Shot|p2b: Venusaur
|-unboost|p2b: Venusaur|atk|1
|-unboost|p2b: Venusaur|spa|1
|
|t:|1783870454
|switch|p1b: Kingambit|Kingambit, L50, F|100/100|[from] Parting Shot
|move|p2a: Kingambit|Kowtow Cleave|p1a: Gengar
|-activate|p1a: Gengar|move: Protect
|
|upkeep
|turn|2
|
|t:|1783870461
|move|p1a: Gengar|Disable|p2a: Kingambit
|-start|p2a: Kingambit|Disable|Kowtow Cleave
|move|p2b: Venusaur|Earth Power|p1a: Gengar
|-supereffective|p1a: Gengar|1
|-damage|p1a: Gengar|58/100
|-unboost|p1a: Gengar|spd|1
|move|p2a: Kingambit|Iron Head|p1a: Gengar
|-damage|p1a: Gengar|0 fnt
|faint|p1a: Gengar
|-damage|p2a: Kingambit|90/100|[from] item: Life Orb
|move|p1b: Kingambit|Kowtow Cleave|p2b: Venusaur
|-damage|p2b: Venusaur|51/100
|
|upkeep
|
|t:|1783870465
|switch|p1a: Toxapex|Toxapex, L50, F|100/100
|turn|3
|inactive|elmono11 has 30 seconds left.
|
|t:|1783870495
|move|p2a: Kingambit|Sucker Punch|p1a: Toxapex
|-damage|p1a: Toxapex|52/100
|-damage|p2a: Kingambit|80/100|[from] item: Life Orb
|move|p2b: Venusaur|Earth Power|p1a: Toxapex
|-supereffective|p1a: Toxapex|1
|-damage|p1a: Toxapex|17/100
|-enditem|p1a: Toxapex|Sitrus Berry|[eat]
|-heal|p1a: Toxapex|42/100|[from] item: Sitrus Berry
|move|p1b: Kingambit|Iron Head|p2b: Venusaur
|-damage|p2b: Venusaur|13/100
|move|p1a: Toxapex|Infestation|p2a: Kingambit
|-damage|p2a: Kingambit|76/100
|-activate|p2a: Kingambit|move: Infestation|[of] p1a: Toxapex
|
|-damage|p2a: Kingambit|64/100|[from] move: Infestation|[partiallytrapped]
|upkeep
|turn|4
|
|t:|1783870514
|switch|p2b: Ninetales|Ninetales-Alola, L50, F|100/100
|-weather|Snowscape|[from] ability: Snow Warning|[of] p2b: Ninetales
|-heal|p1a: Toxapex|75/100|[from] ability: Regenerator|[silent]
|switch|p1a: Incineroar|Incineroar, L50, F|39/100
|-ability|p1a: Incineroar|Intimidate|boost
|-unboost|p2a: Kingambit|atk|1
|-ability|p2a: Kingambit|Defiant|boost
|-boost|p2a: Kingambit|atk|2
|-unboost|p2b: Ninetales|atk|1
|move|p1b: Kingambit|Sucker Punch||[still]
|-fail|p1b: Kingambit
|move|p2a: Kingambit|Iron Head|p1a: Incineroar
|-resisted|p1a: Incineroar|1
|-damage|p1a: Incineroar|0 fnt
|faint|p1a: Incineroar
|-damage|p2a: Kingambit|55/100|[from] item: Life Orb
|
|-weather|Snowscape|[upkeep]
|-end|p2a: Kingambit|Infestation|[partiallytrapped]|[silent]
|upkeep
|
|t:|1783870517
|switch|p1a: Toxapex|Toxapex, L50, F|75/100
|turn|5
|
|t:|1783870533
|move|p2b: Ninetales|Protect|p2b: Ninetales
|-singleturn|p2b: Ninetales|Protect
|move|p2a: Kingambit|Sucker Punch|p1a: Toxapex
|-damage|p1a: Toxapex|14/100
|-damage|p2a: Kingambit|45/100|[from] item: Life Orb
|move|p1b: Kingambit|Iron Head|p2b: Ninetales
|-activate|p2b: Ninetales|move: Protect
|move|p1a: Toxapex|Infestation|p2a: Kingambit
|-damage|p2a: Kingambit|42/100
|-activate|p2a: Kingambit|move: Infestation|[of] p1a: Toxapex
|
|-weather|Snowscape|[upkeep]
|-damage|p2a: Kingambit|29/100|[from] move: Infestation|[partiallytrapped]
|-end|p2a: Kingambit|Disable
|upkeep
|turn|6
|inactive|elmono11 has 30 seconds left.
|
|t:|1783870565
|switch|p2b: Venusaur|Venusaur-Mega, L50, M|13/100
|move|p1a: Toxapex|Baneful Bunker|p1a: Toxapex
|-singleturn|p1a: Toxapex|move: Protect
|move|p2a: Kingambit|Kowtow Cleave|p1a: Toxapex
|-activate|p1a: Toxapex|move: Protect
|move|p1b: Kingambit|Iron Head|p2b: Venusaur
|-crit|p2b: Venusaur
|-damage|p2b: Venusaur|0 fnt
|faint|p2b: Venusaur
|
|-weather|Snowscape|[upkeep]
|-damage|p2a: Kingambit|17/100|[from] move: Infestation|[partiallytrapped]
|upkeep
|
|t:|1783870572
|switch|p2b: Blaziken|Blaziken, L50, F|100/100
|turn|7
|
|t:|1783870578
|move|p1b: Kingambit|Sucker Punch|p2a: Kingambit
|-resisted|p2a: Kingambit|1
|-damage|p2a: Kingambit|1/100
|move|p2b: Blaziken|Close Combat|p1b: Kingambit
|-supereffective|p1b: Kingambit|2
|-damage|p1b: Kingambit|0 fnt
|-unboost|p2b: Blaziken|def|1
|-unboost|p2b: Blaziken|spd|1
|faint|p1b: Kingambit
|move|p2a: Kingambit|Kowtow Cleave|p1a: Toxapex
|-damage|p1a: Toxapex|0 fnt
|faint|p1a: Toxapex
|-damage|p2a: Kingambit|0 fnt|[from] item: Life Orb
|faint|p2a: Kingambit
|
|win|elmono11
|raw|Im_Neutro's rating: 1081 → 1057(-24 for losing)
|raw|elmono11's rating: 1054 → 1088(+34 for winning)
