|j|☆TailwindMakeItRain
|j|‽Livnlarge27
|html|TailwindMakeItRainLivnlarge27    
|uhtml|bestof|Game 2 of a best-of-3
|t:|1755222963
|gametype|doubles
|player|p1|TailwindMakeItRain|iris|1379
|player|p2|Livnlarge27|red|1417
|gen|9
|tier|[Gen 9] VGC 2025 Reg H (Bo3)
|rated|
|rule|Species Clause: Limit one of each Pokémon
|rule|Item Clause: Limit 1 of each item
|clearpoke
|poke|p1|Gholdengo, L50|
|poke|p1|Incineroar, L50, M|
|poke|p1|Porygon2, L50|
|poke|p1|Ursaluna, L50, M|
|poke|p1|Hydreigon, L50, F|
|poke|p1|Sylveon, L50, F|
|poke|p2|Blastoise, L50, M|
|poke|p2|Whimsicott, L50, F|
|poke|p2|Dragapult, L50, M|
|poke|p2|Pelipper, L50, F|
|poke|p2|Archaludon, L50, F|
|poke|p2|Sceptile, L50, F|
|teampreview|4
|showteam|p1|Gholdengo||LifeOrb|GoodasGold|MakeItRain,ShadowBall,NastyPlot,Protect||||||50|,,,,,Water]Incineroar||AssaultVest|Intimidate|KnockOff,FlareBlitz,Uturn,FakeOut|||M|||50|,,,,,Ghost]Porygon2||Eviolite|Download|TeraBlast,IceBeam,Recover,TrickRoom||||||50|,,,,,Fighting]Ursaluna||FlameOrb|Guts|Facade,HeadlongRush,Earthquake,Protect|||M|||50|,,,,,Normal]Hydreigon||SafetyGoggles|Levitate|Snarl,DracoMeteor,Tailwind,Protect|||F|||50|,,,,,Ghost]Sylveon||PixiePlate|Pixilate|HyperVoice,TeraBlast,QuickAttack,Protect|||F|||50|,,,,,Water
|showteam|p2|Blastoise||MysticWater|Torrent|Protect,ShellSmash,WaterSpout,WaterPledge|||M|||50|,,,,,Water]Whimsicott||CovertCloak|Prankster|Tailwind,Taunt,Moonblast,Encore|||F|||50|,,,,,Dark]Dragapult||ChoiceBand|ClearBody|DragonDarts,Uturn,PhantomForce,Outrage|||M|||50|,,,,,Dragon]Pelipper||FocusSash|Drizzle|Hurricane,WeatherBall,Protect,Tailwind|||F|||50|,,,,,Fairy]Archaludon||AssaultVest|Stamina|ElectroShot,DracoMeteor,FlashCannon,BodyPress|||F|||50|,,,,,Grass]Sceptile||SitrusBerry|Unburden|GrassPledge,ShedTail,LeechSeed,Protect|||F|||50|,,,,,Poison
|inactive|Battle timer is ON: inactive players will automatically lose when time's up. (requested by Livnlarge27)
|
|t:|1755222976
|teamsize|p1|4
|teamsize|p2|4
|start
|switch|p1a: Hydreigon|Hydreigon, L50, F|100/100
|switch|p1b: Sylveon|Sylveon, L50, F|100/100
|switch|p2a: Sceptile|Sceptile, L50, F|100/100
|switch|p2b: Blastoise|Blastoise, L50, M|100/100
|turn|1
|
|t:|1755222987
|switch|p1a: Porygon2|Porygon2, L50, shiny|100/100
|-ability|p1a: Porygon2|Download|boost
|-boost|p1a: Porygon2|atk|1
|-terastallize|p2b: Blastoise|Water
|move|p2a: Sceptile|Grass Pledge|p1b: Sylveon
|-waiting|p2a: Sceptile|p2b: Blastoise
|move|p2b: Blastoise|Water Pledge|p1b: Sylveon|[from] move: Grass Pledge
|-combine
|-damage|p1b: Sylveon|53/100
|-sidestart|p1: TailwindMakeItRain|Grass Pledge
|move|p1b: Sylveon|Hyper Voice|p2b: Blastoise|[spread] p2a,p2b
|-damage|p2a: Sceptile|53/100
|-damage|p2b: Blastoise|53/100
|
|upkeep
|turn|2
|inactive|Livnlarge27 has 30 seconds left.
|
|t:|1755223019
|move|p1b: Sylveon|Protect|p1b: Sylveon
|-singleturn|p1b: Sylveon|Protect
|move|p2a: Sceptile|Leech Seed|p1a: Porygon2
|-start|p1a: Porygon2|move: Leech Seed
|move|p2b: Blastoise|Water Pledge|p1b: Sylveon
|-activate|p1b: Sylveon|move: Protect
|move|p1a: Porygon2|Trick Room|p1a: Porygon2
|-fieldstart|move: Trick Room|[of] p1a: Porygon2
|
|-damage|p1a: Porygon2|88/100|[from] Leech Seed|[of] p2a: Sceptile
|-heal|p2a: Sceptile|67/100|[silent]
|upkeep
|turn|3
|inactive|Livnlarge27 has 30 seconds left.
|
|t:|1755223053
|switch|p1a: Hydreigon|Hydreigon, L50, F|100/100
|switch|p2b: Archaludon|Archaludon, L50, F|100/100
|move|p1b: Sylveon|Hyper Voice|p2b: Archaludon|[spread] p2a,p2b
|-damage|p2a: Sceptile|16/100
|-damage|p2b: Archaludon|64/100
|-ability|p2b: Archaludon|Stamina|boost
|-boost|p2b: Archaludon|def|1
|-enditem|p2a: Sceptile|Sitrus Berry|[eat]
|-heal|p2a: Sceptile|41/100|[from] item: Sitrus Berry
|move|p2a: Sceptile|Leech Seed|p1b: Sylveon
|-start|p1b: Sylveon|move: Leech Seed
|
|-damage|p1b: Sylveon|41/100|[from] Leech Seed|[of] p2a: Sceptile
|-heal|p2a: Sceptile|54/100|[silent]
|upkeep
|turn|4
|inactive|Livnlarge27 has 30 seconds left.
|inactive|Livnlarge27 has 20 seconds left.
|inactive|Livnlarge27 has 15 seconds left.
|
|t:|1755223096
|switch|p2b: Pelipper|Pelipper, L50, F|100/100
|-weather|RainDance|[from] ability: Drizzle|[of] p2b: Pelipper
|move|p2a: Sceptile|Protect|p2a: Sceptile
|-singleturn|p2a: Sceptile|Protect
|move|p1b: Sylveon|Hyper Voice|p2a: Sceptile|[spread] p2b
|-activate|p2a: Sceptile|move: Protect
|-damage|p2b: Pelipper|25/100
|move|p1a: Hydreigon|Draco Meteor|p2b: Pelipper
|-damage|p2b: Pelipper|0 fnt
|-unboost|p1a: Hydreigon|spa|2
|faint|p2b: Pelipper
|
|-weather|RainDance|[upkeep]
|-damage|p1b: Sylveon|29/100|[from] Leech Seed|[of] p2a: Sceptile
|-heal|p2a: Sceptile|68/100|[silent]
|-sideend|p1: TailwindMakeItRain|Grass Pledge
|upkeep
|
|t:|1755223107
|switch|p2b: Archaludon|Archaludon, L50, F|64/100
|turn|5
|
|t:|1755223127
|move|p1a: Hydreigon|Protect|p1a: Hydreigon
|-singleturn|p1a: Hydreigon|Protect
|move|p1b: Sylveon|Hyper Voice|p2b: Archaludon|[spread] p2a,p2b
|-damage|p2a: Sceptile|15/100
|-damage|p2b: Archaludon|24/100
|-ability|p2b: Archaludon|Stamina|boost
|-boost|p2b: Archaludon|def|1
|move|p2b: Archaludon|Draco Meteor|p1a: Hydreigon
|-activate|p1a: Hydreigon|move: Protect
|move|p2a: Sceptile|Grass Pledge|p1b: Sylveon
|-damage|p1b: Sylveon|7/100
|
|-weather|RainDance|[upkeep]
|-damage|p1b: Sylveon|0 fnt|[from] Leech Seed|[of] p2a: Sceptile
|-heal|p2a: Sceptile|22/100|[silent]
|faint|p1b: Sylveon
|upkeep
|
|t:|1755223135
|switch|p1b: Porygon2|Porygon2, L50, shiny|88/100
|-ability|p1b: Porygon2|Download|boost
|-boost|p1b: Porygon2|spa|1
|turn|6
|inactive|TailwindMakeItRain has 30 seconds left.
|
|t:|1755223166
|switch|p2b: Blastoise|Blastoise, L50, M, tera:Water|53/100
|-terastallize|p1b: Porygon2|Fighting
|move|p2a: Sceptile|Protect|p2a: Sceptile
|-singleturn|p2a: Sceptile|Protect
|move|p1b: Porygon2|Tera Blast|p2b: Blastoise|[anim] Tera Blast Fighting
|-damage|p2b: Blastoise|0 fnt
|faint|p2b: Blastoise
|move|p1a: Hydreigon|Tailwind|p1a: Hydreigon
|-sidestart|p1: TailwindMakeItRain|move: Tailwind
|
|-weather|RainDance|[upkeep]
|-fieldend|move: Trick Room
|upkeep
|
|t:|1755223176
|switch|p2b: Archaludon|Archaludon, L50, F|24/100
|turn|7
|-message|Livnlarge27 forfeited.
|raw|TailwindMakeItRain's rating: 1379 → 1401(+22 for winning)
|raw|Livnlarge27's rating: 1417 → 1395(-22 for losing)
|
|win|TailwindMakeItRain
|l|‽Livnlarge27
|player|p2|
