|j|☆indianpro#2011
|j|☆bighamsterbaseball
|html|indianpro#2011bighamsterbaseball    
|uhtml|bestof|Game 2 of a best-of-3
|t:|1785001634
|gametype|doubles
|player|p1|indianpro#2011|lucas|1097
|player|p2|bighamsterbaseball|pokemaniac|1220
|gen|9
|tier|[Gen 9 Champions] VGC 2026 Reg M-B (Bo3)
|rated|
|rule|Species Clause: Limit one of each Pokémon
|rule|Item Clause: Limit 1 of each item
|clearpoke
|poke|p1|Tyranitar, L50, F|
|poke|p1|Mawile, L50, F|
|poke|p1|Grimmsnarl, L50, M|
|poke|p1|Farigiraf, L50, F|
|poke|p1|Gholdengo, L50|
|poke|p1|Machamp, L50, M|
|poke|p2|Pyroar, L50, M|
|poke|p2|Scrafty, L50, F|
|poke|p2|Torkoal, L50, M|
|poke|p2|Farigiraf, L50, M|
|poke|p2|Sneasler, L50, F|
|poke|p2|Mamoswine, L50, F|
|teampreview|4
|showteam|p1|Tyranitar||ChopleBerry|SandStream|RockSlide,KnockOff,LowKick,Protect|Brave||F|||50|]Mawile||Mawilite|HyperCutter|IronHead,PlayRough,SuckerPunch,Protect|Brave||F|||50|]Grimmsnarl||LightClay|Prankster|Reflect,LightScreen,FakeOut,SpiritBreak|Adamant||M|||50|]Farigiraf||ColburBerry|ArmorTail|TrickRoom,TwinBeam,HelpingHand,Protect|Modest||F|||50|]Gholdengo||LifeOrb|GoodasGold|MakeItRain,ShadowBall,NastyPlot,Protect|Timid|||||50|]Machamp||BlackBelt|NoGuard|CloseCombat,RockSlide,WideGuard,HighHorsepower|Adamant||M|||50|
|showteam|p2|Pyroar||Pyroarite|Unnerve|HeatWave,Overheat,SolarBeam,Protect|Timid||M|||50|]Scrafty||Scraftinite|Intimidate|FakeOut,DrainPunch,KnockOff,IcePunch|Adamant||F|||50|]Torkoal||Leftovers|Drought|HeatWave,Yawn,HelpingHand,Protect|Relaxed||M|||50|]Farigiraf||SitrusBerry|ArmorTail|Psychic,HyperVoice,TrickRoom,NastyPlot|Sassy||M|||50|]Sneasler||LifeOrb|PoisonTouch|CloseCombat,PoisonJab,RockSlide,Protect|Adamant||F|||50|]Mamoswine||FocusSash|Oblivious|IceShard,HighHorsepower,FreezeDry,Protect|Rash||F|||50|
|
|t:|1785001689
|teamsize|p1|4
|teamsize|p2|4
|start
|switch|p1a: Machamp|Machamp, L50, M|100/100
|switch|p1b: Grimmsnarl|Grimmsnarl, L50, M|100/100
|switch|p2a: Pyroar|Pyroar, L50, M|100/100
|switch|p2b: Sneasler|Sneasler, L50, F|100/100
|-ability|p2a: Pyroar|Unnerve
|turn|1
|
|t:|1785001724
|move|p2b: Sneasler|Protect|p2b: Sneasler
|-singleturn|p2b: Sneasler|Protect
|move|p2a: Pyroar|Protect|p2a: Pyroar
|-singleturn|p2a: Pyroar|Protect
|move|p1a: Machamp|Wide Guard|p1a: Machamp
|-singleturn|p1a: Machamp|Wide Guard
|move|p1b: Grimmsnarl|Light Screen|p1b: Grimmsnarl
|-sidestart|p1: indianpro#2011|move: Light Screen
|
|upkeep
|turn|2
|
|t:|1785001749
|switch|p1a: Tyranitar|Tyranitar, L50, F|100/100
|-weather|Sandstorm|[from] ability: Sand Stream|[of] p1a: Tyranitar
|detailschange|p2a: Pyroar|Pyroar-Mega, L50, M
|-mega|p2a: Pyroar|Pyroar|Pyroarite
|move|p1b: Grimmsnarl|Reflect|p1b: Grimmsnarl
|-sidestart|p1: indianpro#2011|Reflect
|move|p2a: Pyroar|Overheat|p1a: Tyranitar
|-resisted|p1a: Tyranitar|1
|-damage|p1a: Tyranitar|79/100
|-unboost|p2a: Pyroar|spa|2
|move|p2b: Sneasler|Close Combat|p1a: Tyranitar
|-supereffective|p1a: Tyranitar|2
|-enditem|p1a: Tyranitar|Chople Berry|[eat]
|-enditem|p1a: Tyranitar|Chople Berry|[weaken]
|-damage|p1a: Tyranitar|0 fnt
|-unboost|p2b: Sneasler|def|1
|-unboost|p2b: Sneasler|spd|1
|faint|p1a: Tyranitar
|-damage|p2b: Sneasler|90/100|[from] item: Life Orb
|
|-weather|Sandstorm|[upkeep]
|-damage|p2a: Pyroar|94/100|[from] Sandstorm
|-damage|p2b: Sneasler|84/100|[from] Sandstorm
|-damage|p1b: Grimmsnarl|94/100|[from] Sandstorm
|upkeep
|
|t:|1785001792
|switch|p1a: Farigiraf|Farigiraf, L50, F|100/100
|turn|3
|
|t:|1785001801
|switch|p2a: Scrafty|Scrafty, L50, F|100/100
|-ability|p2a: Scrafty|Intimidate|boost
|-unboost|p1a: Farigiraf|atk|1
|-unboost|p1b: Grimmsnarl|atk|1
|switch|p2b: Torkoal|Torkoal, L50, M|100/100
|-weather|SunnyDay|[from] ability: Drought|[of] p2b: Torkoal
|move|p1a: Farigiraf|Twin Beam|p2b: Torkoal
|-damage|p2b: Torkoal|74/100
|-damage|p2b: Torkoal|50/100g
|-hitcount|p2b: Torkoal|2
|move|p1b: Grimmsnarl|Spirit Break|p2a: Scrafty
|-supereffective|p2a: Scrafty|2
|-damage|p2a: Scrafty|0 fnt
|faint|p2a: Scrafty
|
|-weather|SunnyDay|[upkeep]
|-heal|p2b: Torkoal|56/100|[from] item: Leftovers
|upkeep
|
|t:|1785001807
|switch|p2a: Pyroar|Pyroar-Mega, L50, M|94/100
|turn|4
|
|t:|1785001833
|move|p2b: Torkoal|Helping Hand|p2a: Pyroar
|-singleturn|p2a: Pyroar|Helping Hand|[of] p2b: Torkoal
|move|p2a: Pyroar|Heat Wave|p1a: Farigiraf|[spread] p1a,p1b
|-damage|p1a: Farigiraf|18/100
|-damage|p1b: Grimmsnarl|1/100
|move|p1a: Farigiraf|Twin Beam|p2b: Torkoal
|-damage|p2b: Torkoal|30/100
|-damage|p2b: Torkoal|7/100
|-hitcount|p2b: Torkoal|2
|move|p1b: Grimmsnarl|Spirit Break|p2b: Torkoal
|-resisted|p2b: Torkoal|1
|-damage|p2b: Torkoal|0 fnt
|faint|p2b: Torkoal
|
|-weather|SunnyDay|[upkeep]
|upkeep
|
|t:|1785001839
|switch|p2b: Sneasler|Sneasler, L50, F|84/100
|turn|5
|
|t:|1785001881
|move|p1a: Farigiraf|Protect|p1a: Farigiraf
|-singleturn|p1a: Farigiraf|Protect
|move|p2a: Pyroar|Heat Wave|p1b: Grimmsnarl|[spread] p1b
|-activate|p1a: Farigiraf|move: Protect
|-damage|p1b: Grimmsnarl|0 fnt
|faint|p1b: Grimmsnarl
|move|p2b: Sneasler|Poison Jab|p1a: Farigiraf
|-activate|p1a: Farigiraf|move: Protect
|
|-weather|SunnyDay|[upkeep]
|upkeep
|
|t:|1785001893
|switch|p1b: Machamp|Machamp, L50, M|100/100
|turn|6
|
|t:|1785001908
|move|p1a: Farigiraf|Protect||[still]
|-fail|p1a: Farigiraf
|move|p2a: Pyroar|Overheat|p1b: Machamp
|-damage|p1b: Machamp|0 fnt
|-unboost|p2a: Pyroar|spa|2
|faint|p1b: Machamp
|move|p2b: Sneasler|Poison Jab|p1a: Farigiraf
|-damage|p1a: Farigiraf|0 fnt
|faint|p1a: Farigiraf
|-damage|p2b: Sneasler|75/100|[from] item: Life Orb
|
|win|bighamsterbaseball
|raw|indianpro#2011's rating: 1097 → 1081(-16 for losing)
|raw|bighamsterbaseball's rating: 1220 → 1237(+17 for winning)
