|j|☆timotreee
|j|☆Cyllage Cyclones
|html|timotreeeCyllage Cyclones    
|uhtml|bestof|Game 2 of a best-of-3
|t:|1756255911
|gametype|doubles
|player|p1|timotreee|101|1000
|player|p2|Cyllage Cyclones|101|1045
|gen|9
|tier|[Gen 9] VGC 2025 Reg H (Bo3)
|rated|
|rule|Species Clause: Limit one of each Pokémon
|rule|Item Clause: Limit 1 of each item
|clearpoke
|poke|p1|Ursaluna-Bloodmoon, L50, M|
|poke|p1|Gholdengo, L50|
|poke|p1|Dragonite, L50, M|
|poke|p1|Sneasler, L50, F|
|poke|p1|Incineroar, L50, M|
|poke|p1|Amoonguss, L50, F|
|poke|p2|Electabuzz, L50, M|
|poke|p2|Pelipper, L50, M|
|poke|p2|Rillaboom, L50, M|
|poke|p2|Basculegion, L50, M|
|poke|p2|Kingambit, L50, M|
|poke|p2|Archaludon, L50, M|
|teampreview|4
|showteam|p1|Ursaluna-Bloodmoon||AssaultVest|MindsEye|BloodMoon,EarthPower,VacuumWave,HyperVoice|||M|||50|,,,,,Water]Gholdengo||LifeOrb|GoodasGold|Protect,MakeItRain,ShadowBall,NastyPlot||||||50|,,,,,Water]Dragonite||LoadedDice|Multiscale|ScaleShot,Tailwind,Haze,Protect|||M|||50|,,,,,Fairy]Sneasler||FocusSash|Unburden|Protect,DireClaw,CloseCombat,ThroatChop|||F|||50|,,,,,Stellar]Incineroar||SafetyGoggles|Intimidate|KnockOff,PartingShot,FlareBlitz,FakeOut|||M|||50|,,,,,Ghost]Amoonguss||SitrusBerry|Regenerator|RagePowder,Spore,PollenPuff,Protect|||F|||50|,,,,,Water
|showteam|p2|Electabuzz||Eviolite|VitalSpirit|Electroweb,Protect,FollowMe,Taunt|||M|||50|,,,,,Ghost]Pelipper||FocusSash|Drizzle|WeatherBall,Hurricane,Tailwind,Protect|||M|||50|,,,,,Ghost]Rillaboom||LoadedDice|GrassySurge|BulletSeed,GrassyGlide,FakeOut,HighHorsepower|||M|||50|,,,,,Fire]Basculegion||ChoiceBand|SwiftSwim|WaveCrash,LastRespects,FlipTurn,AquaJet|||M|||50|,,,,,Grass]Kingambit||BlackGlasses|Defiant|KowtowCleave,SuckerPunch,Protect,SwordsDance|||M|||50|,,,,,Dark]Archaludon||AssaultVest|Stamina|DracoMeteor,ElectroShot,FlashCannon,BodyPress|||M|||50|,,,,,Fairy
|inactive|Battle timer is ON: inactive players will automatically lose when time's up. (requested by Cyllage Cyclones)
|
|t:|1756255951
|teamsize|p1|4
|teamsize|p2|4
|start
|switch|p1a: Incineroar|Incineroar, L50, M|100/100
|switch|p1b: Ursaluna|Ursaluna-Bloodmoon, L50, M|100/100
|switch|p2a: Rillaboom|Rillaboom, L50, M|100/100
|switch|p2b: Archaludon|Archaludon, L50, M|100/100
|-fieldstart|move: Grassy Terrain|[from] ability: Grassy Surge|[of] p2a: Rillaboom
|-ability|p1a: Incineroar|Intimidate|boost
|-unboost|p2a: Rillaboom|atk|1
|-unboost|p2b: Archaludon|atk|1
|turn|1
|inactive|timotreee has 30 seconds left.
|inactive|Cyllage Cyclones has 30 seconds left.
|inactive|timotreee has 20 seconds left.
|inactive|timotreee has 15 seconds left.
|inactive|timotreee has 10 seconds left.
|
|t:|1756255999
|switch|p2b: Pelipper|Pelipper, L50, M|100/100
|-weather|RainDance|[from] ability: Drizzle|[of] p2b: Pelipper
|move|p2a: Rillaboom|Fake Out|p1a: Incineroar
|-damage|p1a: Incineroar|91/100
|cant|p1a: Incineroar|flinch
|move|p1b: Ursaluna|Blood Moon|p2a: Rillaboom
|-damage|p2a: Rillaboom|19/100
|
|-weather|RainDance|[upkeep]
|-heal|p2a: Rillaboom|25/100|[from] Grassy Terrain
|-heal|p1a: Incineroar|97/100|[from] Grassy Terrain
|upkeep
|turn|2
|inactive|Cyllage Cyclones has 30 seconds left.
|inactive|Cyllage Cyclones has 20 seconds left.
|
|t:|1756256035
|move|p2b: Pelipper|Weather Ball|p1b: Ursaluna
|-supereffective|p1b: Ursaluna
|-damage|p1b: Ursaluna|22/100
|move|p2a: Rillaboom|Bullet Seed|p1b: Ursaluna
|-supereffective|p1b: Ursaluna
|-damage|p1b: Ursaluna|4/100
|-supereffective|p1b: Ursaluna
|-damage|p1b: Ursaluna|0 fnt
|faint|p1b: Ursaluna
|-hitcount|p1: Ursaluna|2
|move|p1a: Incineroar|Knock Off|p2b: Pelipper
|-damage|p2b: Pelipper|49/100
|-enditem|p2b: Pelipper|Focus Sash|[from] move: Knock Off|[of] p1a: Incineroar
|
|-weather|RainDance|[upkeep]
|-heal|p2a: Rillaboom|31/100|[from] Grassy Terrain
|-heal|p1a: Incineroar|100/100|[from] Grassy Terrain
|upkeep
|
|t:|1756256051
|switch|p1b: Sneasler|Sneasler, L50, F|100/100
|turn|3
|inactive|timotreee has 30 seconds left.
|inactive|Cyllage Cyclones has 30 seconds left.
|
|t:|1756256085
|switch|p2b: Archaludon|Archaludon, L50, M|100/100
|-terastallize|p1b: Sneasler|Stellar
|move|p1b: Sneasler|Dire Claw|p2b: Archaludon
|-immune|p2b: Archaludon
|move|p2a: Rillaboom|High Horsepower|p1b: Sneasler
|-supereffective|p1b: Sneasler
|-damage|p1b: Sneasler|31/100
|move|p1a: Incineroar|Parting Shot|p2b: Archaludon
|-unboost|p2b: Archaludon|atk|1
|-unboost|p2b: Archaludon|spa|1
|
|t:|1756256096
|switch|p1a: Amoonguss|Amoonguss, L50, F|100/100|[from] Parting Shot
|
|-weather|RainDance|[upkeep]
|-heal|p1b: Sneasler|37/100|[from] Grassy Terrain
|-heal|p2a: Rillaboom|37/100|[from] Grassy Terrain
|upkeep
|turn|4
|inactive|Cyllage Cyclones has 30 seconds left.
|
|t:|1756256122
|move|p1b: Sneasler|Protect|p1b: Sneasler
|-singleturn|p1b: Sneasler|Protect
|move|p2a: Rillaboom|Bullet Seed|p2b: Archaludon
|-resisted|p2b: Archaludon
|-crit|p2b: Archaludon
|-damage|p2b: Archaludon|96/100
|-ability|p2b: Archaludon|Stamina|boost
|-boost|p2b: Archaludon|def|1
|-resisted|p2b: Archaludon
|-damage|p2b: Archaludon|95/100
|-ability|p2b: Archaludon|Stamina|boost
|-boost|p2b: Archaludon|def|1
|-resisted|p2b: Archaludon
|-damage|p2b: Archaludon|94/100
|-ability|p2b: Archaludon|Stamina|boost
|-boost|p2b: Archaludon|def|1
|-resisted|p2b: Archaludon
|-damage|p2b: Archaludon|94/100
|-ability|p2b: Archaludon|Stamina|boost
|-boost|p2b: Archaludon|def|1
|-hitcount|p2b: Archaludon|4
|move|p2b: Archaludon|Electro Shot||[still]
|-prepare|p2b: Archaludon|Electro Shot
|-boost|p2b: Archaludon|spa|1
|-anim|p2b: Archaludon|Electro Shot|p1b: Sneasler
|-activate|p1b: Sneasler|move: Protect
|move|p1a: Amoonguss|Spore|p2b: Archaludon
|-status|p2b: Archaludon|slp|[from] move: Spore
|
|-weather|RainDance|[upkeep]
|-heal|p1b: Sneasler|42/100|[from] Grassy Terrain
|-heal|p2a: Rillaboom|43/100|[from] Grassy Terrain
|-heal|p2b: Archaludon|99/100 slp|[from] Grassy Terrain
|upkeep
|turn|5
|inactive|timotreee has 30 seconds left.
|inactive|Cyllage Cyclones has 30 seconds left.
|inactive|Cyllage Cyclones has 20 seconds left.
|inactive|Cyllage Cyclones has 15 seconds left.
|inactive|Cyllage Cyclones has 10 seconds left.
|inactive|Cyllage Cyclones has 5 seconds left.
|
|t:|1756256173
|move|p2a: Rillaboom|Grassy Glide|p1b: Sneasler
|-resisted|p1b: Sneasler
|-damage|p1b: Sneasler|22/100
|move|p1b: Sneasler|Dire Claw|p2a: Rillaboom
|-supereffective|p2a: Rillaboom
|-damage|p2a: Rillaboom|0 fnt
|faint|p2a: Rillaboom
|cant|p2b: Archaludon|slp
|move|p1a: Amoonguss|Pollen Puff|p1b: Sneasler
|-heal|p1b: Sneasler|71/100
|
|-weather|none
|-heal|p1b: Sneasler|77/100|[from] Grassy Terrain
|-heal|p2b: Archaludon|100/100 slp|[from] Grassy Terrain
|-fieldend|move: Grassy Terrain
|upkeep
|
|t:|1756256189
|switch|p2a: Pelipper|Pelipper, L50, M|49/100
|-weather|RainDance|[from] ability: Drizzle|[of] p2a: Pelipper
|turn|6
|
|t:|1756256212
|move|p2a: Pelipper|Protect|p2a: Pelipper
|-singleturn|p2a: Pelipper|Protect
|move|p1b: Sneasler|Throat Chop|p2a: Pelipper
|-activate|p2a: Pelipper|move: Protect
|-curestatus|p2b: Archaludon|slp|[msg]
|move|p2b: Archaludon|Electro Shot||[still]
|-prepare|p2b: Archaludon|Electro Shot
|-boost|p2b: Archaludon|spa|1
|-anim|p2b: Archaludon|Electro Shot|p1b: Sneasler
|-damage|p1b: Sneasler|1/100
|move|p1a: Amoonguss|Pollen Puff|p1b: Sneasler
|-heal|p1b: Sneasler|51/100
|
|-weather|RainDance|[upkeep]
|upkeep
|turn|7
|inactive|Cyllage Cyclones has 30 seconds left.
|
|t:|1756256241
|switch|p1b: Incineroar|Incineroar, L50, M|100/100
|-ability|p1b: Incineroar|Intimidate|boost
|-unboost|p2a: Pelipper|atk|1
|-unboost|p2b: Archaludon|atk|1
|move|p2a: Pelipper|Tailwind|p2a: Pelipper
|-sidestart|p2: Cyllage Cyclones|move: Tailwind
|move|p2b: Archaludon|Electro Shot||[still]
|-prepare|p2b: Archaludon|Electro Shot
|-boost|p2b: Archaludon|spa|1
|-anim|p2b: Archaludon|Electro Shot|p1b: Incineroar
|-damage|p1b: Incineroar|30/100
|move|p1a: Amoonguss|Spore|p2b: Archaludon
|-status|p2b: Archaludon|slp|[from] move: Spore
|
|-weather|RainDance|[upkeep]
|upkeep
|turn|8
|inactive|timotreee has 30 seconds left.
|inactive|Cyllage Cyclones has 30 seconds left.
|inactive|Cyllage Cyclones has 20 seconds left.
|
|t:|1756256277
|switch|p1b: Sneasler|Sneasler, L50, F, tera:Stellar|51/100
|move|p2a: Pelipper|Protect|p2a: Pelipper
|-singleturn|p2a: Pelipper|Protect
|cant|p2b: Archaludon|slp
|move|p1a: Amoonguss|Pollen Puff|p1b: Sneasler
|-heal|p1b: Sneasler|100/100
|
|-weather|RainDance|[upkeep]
|upkeep
|turn|9
|inactive|timotreee has 30 seconds left.
|
|t:|1756256305
|move|p2a: Pelipper|Weather Ball|p1b: Sneasler
|-damage|p1b: Sneasler|13/100
|cant|p2b: Archaludon|slp
|move|p1b: Sneasler|Close Combat|p2b: Archaludon
|-supereffective|p2b: Archaludon
|-damage|p2b: Archaludon|61/100 slp
|-unboost|p1b: Sneasler|def|1
|-unboost|p1b: Sneasler|spd|1
|-ability|p2b: Archaludon|Stamina|boost
|-boost|p2b: Archaludon|def|1
|move|p1a: Amoonguss|Spore|p2a: Pelipper
|-status|p2a: Pelipper|slp|[from] move: Spore
|
|-weather|RainDance|[upkeep]
|upkeep
|turn|10
|inactive|Cyllage Cyclones has 30 seconds left.
|
|t:|1756256338
|cant|p2a: Pelipper|slp
|-curestatus|p2b: Archaludon|slp|[msg]
|move|p2b: Archaludon|Electro Shot||[still]
|-prepare|p2b: Archaludon|Electro Shot
|-boost|p2b: Archaludon|spa|1
|-anim|p2b: Archaludon|Electro Shot|p1b: Sneasler
|-damage|p1b: Sneasler|0 fnt
|faint|p1b: Sneasler
|move|p1a: Amoonguss|Pollen Puff|p1: Sneasler|[notarget]
|-fail|p1a: Amoonguss
|
|-weather|none
|-sideend|p2: Cyllage Cyclones|move: Tailwind
|upkeep
|-message|timotreee forfeited.
|
|win|Cyllage Cyclones
|raw|timotreee's rating: 1000 → 1000(+0 for losing)
|raw|Cyllage Cyclones's rating: 1045 → 1074(+29 for winning)
|l|☆timotreee
|player|p1|
