|j|☆GottaLuvRandomizer
|j|☆new mental
|html|GottaLuvRandomizernew mental    
|uhtml|bestof|Game 1 of a best-of-3
|t:|1783256686
|gametype|doubles
|player|p1|GottaLuvRandomizer|brycen|1080
|player|p2|new mental|volkner|1144
|gen|9
|tier|[Gen 9 Champions] VGC 2026 Reg M-B (Bo3)
|rated|
|rule|Species Clause: Limit one of each Pokémon
|rule|Item Clause: Limit 1 of each item
|clearpoke
|poke|p1|Eelektross, L50, F|
|poke|p1|Incineroar, L50, F|
|poke|p1|Oranguru, L50, M|
|poke|p1|Swampert, L50, F|
|poke|p1|Camerupt, L50, M, shiny|
|poke|p1|Torkoal, L50, M|
|poke|p2|Aerodactyl, L50, M|
|poke|p2|Garchomp, L50, M|
|poke|p2|Kingambit, L50, M|
|poke|p2|Charizard, L50, F|
|poke|p2|Sylveon, L50, M|
|poke|p2|Farigiraf, L50, M|
|teampreview|4
|showteam|p1|Eelektross||Eelektrossite|Levitate|Discharge,Flamethrower,FlashCannon,GrassKnot|Quiet||F|||50|]Incineroar||SitrusBerry|Intimidate|FakeOut,PartingShot,WillOWisp,DarkestLariat|Sassy||F|||50|]Oranguru||MentalHerb|InnerFocus|Instruct,TrickRoom,Thunderbolt,Reflect|Sassy||M|||50|]Swampert||RindoBerry|Torrent|Earthquake,ChillingWater,IcyWind,Protect|Sassy||F|||50|]Camerupt||Cameruptite|MagmaArmor|Protect,Eruption,EarthPower,HeatWave|Quiet||M|||50|]Torkoal||Charcoal|Drought|Eruption,HeatWave,Protect,ScorchingSands|Quiet||M|||50|
|showteam|p2|Aerodactyl||Aerodactylite|Unnerve|IceFang,RockSlide,Tailwind,DualWingbeat|Jolly||M|||50|]Garchomp||LifeOrb|RoughSkin|DragonClaw,StompingTantrum,Earthquake,Protect|Jolly||M|||50|]Kingambit||FocusSash|Defiant|SuckerPunch,KowtowCleave,IronHead,LowKick|Adamant||M|||50|]Charizard||CharizarditeY|SolarPower|Protect,HeatWave,SolarBeam,WeatherBall|Timid||F|||50|]Sylveon||FairyFeather|Pixilate|Protect,HyperVoice,HyperBeam,QuickAttack|Modest||M|||50|]Farigiraf||SitrusBerry|ArmorTail|TrickRoom,Thunderbolt,Psychic,Roar|Bold||M|||50|
|
|t:|1783256710
|teamsize|p1|4
|teamsize|p2|4
|start
|switch|p1a: Oranguru|Oranguru, L50, M|100/100
|switch|p1b: Camerupt|Camerupt, L50, M, shiny|100/100
|switch|p2a: Sylveon|Sylveon, L50, M|100/100
|switch|p2b: Farigiraf|Farigiraf, L50, M|100/100
|turn|1
|
|t:|1783256734
|detailschange|p1b: Camerupt|Camerupt-Mega, L50, M, shiny
|-mega|p1b: Camerupt|Camerupt|Cameruptite
|move|p1b: Camerupt|Protect|p1b: Camerupt
|-singleturn|p1b: Camerupt|Protect
|move|p2a: Sylveon|Hyper Voice|p1b: Camerupt|[spread] p1a
|-activate|p1b: Camerupt|move: Protect
|-damage|p1a: Oranguru|69/100
|move|p1a: Oranguru|Thunderbolt|p2b: Farigiraf
|-damage|p2b: Farigiraf|80/100
|move|p2b: Farigiraf|Roar|p1a: Oranguru
|drag|p1a: Torkoal|Torkoal, L50, M|100/100
|-weather|SunnyDay|[from] ability: Drought|[of] p1a: Torkoal
|
|-weather|SunnyDay|[upkeep]
|upkeep
|turn|2
|
|t:|1783256751
|move|p2a: Sylveon|Hyper Voice|p1a: Torkoal|[spread] p1a,p1b
|-resisted|p1a: Torkoal|1
|-resisted|p1b: Camerupt|1
|-damage|p1a: Torkoal|69/100
|-damage|p1b: Camerupt|77/100
|move|p2b: Farigiraf|Psychic|p1a: Torkoal
|-damage|p1a: Torkoal|24/100
|move|p1b: Camerupt|Heat Wave|p2b: Farigiraf|[spread] p2a,p2b
|-damage|p2a: Sylveon|32/100
|-damage|p2b: Farigiraf|0 fnt
|faint|p2b: Farigiraf
|move|p1a: Torkoal|Heat Wave|p2a: Sylveon
|-damage|p2a: Sylveon|0 fnt
|faint|p2a: Sylveon
|
|-weather|SunnyDay|[upkeep]
|upkeep
|
|t:|1783256758
|switch|p2a: Garchomp|Garchomp, L50, M|100/100
|switch|p2b: Kingambit|Kingambit, L50, M|100/100
|turn|3
|
|t:|1783256776
|switch|p1a: Eelektross|Eelektross, L50, F|100/100
|move|p1b: Camerupt|Protect|p1b: Camerupt
|-singleturn|p1b: Camerupt|Protect
|move|p2a: Garchomp|Stomping Tantrum|p1b: Camerupt
|-activate|p1b: Camerupt|move: Protect
|move|p2b: Kingambit|Kowtow Cleave|p1a: Eelektross
|-damage|p1a: Eelektross|49/100
|
|-weather|SunnyDay|[upkeep]
|upkeep
|turn|4
|
|t:|1783256789
|switch|p1b: Torkoal|Torkoal, L50, M|24/100
|move|p2a: Garchomp|Stomping Tantrum|p1b: Torkoal
|-supereffective|p1b: Torkoal|1
|-damage|p1b: Torkoal|0 fnt
|faint|p1b: Torkoal
|-damage|p2a: Garchomp|90/100|[from] item: Life Orb
|move|p2b: Kingambit|Kowtow Cleave|p1a: Eelektross
|-damage|p1a: Eelektross|0 fnt
|faint|p1a: Eelektross
|
|-weather|SunnyDay|[upkeep]
|upkeep
|
|t:|1783256795
|switch|p1a: Oranguru|Oranguru, L50, M|69/100
|switch|p1b: Camerupt|Camerupt-Mega, L50, M, shiny|77/100
|turn|5
|
|t:|1783256802
|move|p1b: Camerupt|Protect|p1b: Camerupt
|-singleturn|p1b: Camerupt|Protect
|move|p2a: Garchomp|Stomping Tantrum|p1b: Camerupt
|-activate|p1b: Camerupt|move: Protect
|move|p2b: Kingambit|Kowtow Cleave|p1a: Oranguru
|-supereffective|p1a: Oranguru|1
|-damage|p1a: Oranguru|0 fnt
|faint|p1a: Oranguru
|
|-weather|none
|upkeep
|turn|6
|-message|GottaLuvRandomizer forfeited.
|
|win|new mental
|l|☆GottaLuvRandomizer
|player|p1|
||GottaLuvRandomizer is ready for game 2.
||new mental is ready for game 2.
|uhtml|next|Next: Game 2 of 3
