|j|☆UndeadParadox
|j|☆dambro222
|html|UndeadParadoxdambro222    
|uhtml|bestof|Game 1 of a best-of-3
|t:|1783148501
|gametype|doubles
|player|p1|UndeadParadox|guitarist|1000
|player|p2|dambro222|169|1107
|gen|9
|tier|[Gen 9 Champions] VGC 2026 Reg M-B (Bo3)
|rated|
|rule|Species Clause: Limit one of each Pokémon
|rule|Item Clause: Limit 1 of each item
|clearpoke
|poke|p1|Scolipede, L50, F|
|poke|p1|Scrafty, L50, M|
|poke|p1|Sinistcha, L50|
|poke|p1|Aerodactyl, L50, F|
|poke|p1|Sylveon, L50, M|
|poke|p1|Garchomp, L50, F|
|poke|p2|Staraptor, L50, M|
|poke|p2|Sinistcha, L50|
|poke|p2|Grimmsnarl, L50, M|
|poke|p2|Charizard, L50, M|
|poke|p2|Garchomp, L50, M|
|poke|p2|Whimsicott, L50, M|
|teampreview|4
|showteam|p1|Scolipede||Scolipite|SpeedBoost|Protect,PoisonJab,LeechLife,SwordsDance|Adamant||F|||50|]Scrafty||Scraftinite|Intimidate|Protect,FakeOut,KnockOff,DrainPunch|Adamant||M|||50|]Sinistcha||KasibBerry|Hospitality|Protect,MatchaGotcha,TrickRoom,RagePowder|Bold|||||50|]Aerodactyl||FocusSash|Unnerve|Protect,Tailwind,RockSlide,DualWingbeat|Jolly||F|||50|]Sylveon||FairyFeather|Pixilate|Protect,CalmMind,HyperVoice,QuickAttack|Modest||M|||50|]Garchomp||ChoiceScarf|RoughSkin|DragonClaw,Earthquake,PoisonJab,RockSlide|Adamant||F|||50|
|showteam|p2|Staraptor||Staraptite|Intimidate|CloseCombat,BraveBird,Roost,Protect|Adamant||M|||50|]Sinistcha||SitrusBerry|Hospitality|MatchaGotcha,RagePowder,StrengthSap,Protect|Sassy|||||50|]Grimmsnarl||RoseliBerry|Prankster|FakeOut,ScaryFace,PartingShot,FoulPlay|Careful||M|||50|]Charizard||CharizarditeY|SolarPower|HeatWave,SolarBeam,WeatherBall,Protect|Modest||M|||50|]Garchomp||ChoiceScarf|RoughSkin|Earthquake,DragonClaw,StompingTantrum,RockSlide|Adamant||M|||50|]Whimsicott||FocusSash|Prankster|Moonblast,Tickle,Encore,Tailwind|Modest||M|||50|
|
|t:|1783148558
|teamsize|p1|4
|teamsize|p2|4
|start
|switch|p1a: Scrafty|Scrafty, L50, M|100/100
|switch|p1b: Aerodactyl|Aerodactyl, L50, F|100/100
|switch|p2a: Charizard|Charizard, L50, M|100/100
|switch|p2b: Garchomp|Garchomp, L50, M|100/100
|-ability|p1b: Aerodactyl|Unnerve
|-ability|p1a: Scrafty|Intimidate|boost
|-unboost|p2a: Charizard|atk|1
|-unboost|p2b: Garchomp|atk|1
|turn|1
|
|t:|1783148599
|switch|p2b: Whimsicott|Whimsicott, L50, M|100/100
|detailschange|p1a: Scrafty|Scrafty-Mega, L50, M
|-mega|p1a: Scrafty|Scrafty|Scraftinite
|-ability|p1a: Scrafty|Intimidate|boost
|-unboost|p2a: Charizard|atk|1
|-unboost|p2b: Whimsicott|atk|1
|move|p2a: Charizard|Protect|p2a: Charizard
|-singleturn|p2a: Charizard|Protect
|move|p1a: Scrafty|Fake Out|p2b: Whimsicott
|-crit|p2b: Whimsicott
|-damage|p2b: Whimsicott|64/100
|move|p1b: Aerodactyl|Tailwind|p1b: Aerodactyl
|-sidestart|p1: UndeadParadox|move: Tailwind
|
|upkeep
|turn|2
|
|t:|1783148651
|switch|p1a: Garchomp|Garchomp, L50, F|100/100
|detailschange|p2a: Charizard|Charizard-Mega-Y, L50, M
|-mega|p2a: Charizard|Charizard|Charizardite Y
|-weather|SunnyDay|[from] ability: Drought|[of] p2a: Charizard
|move|p2b: Whimsicott|Encore|p1b: Aerodactyl
|-start|p1b: Aerodactyl|Encore
|move|p1b: Aerodactyl|Tailwind||[still]
|-fail|p1b: Aerodactyl
|move|p2a: Charizard|Weather Ball|p1a: Garchomp
|-resisted|p1a: Garchomp|1
|-damage|p1a: Garchomp|52/100
|
|-weather|SunnyDay|[upkeep]
|upkeep
|turn|3
|
|t:|1783148680
|switch|p1b: Sylveon|Sylveon, L50, M|100/100
|switch|p2b: Garchomp|Garchomp, L50, M|100/100
|move|p2a: Charizard|Protect|p2a: Charizard
|-singleturn|p2a: Charizard|Protect
|move|p1a: Garchomp|Poison Jab|p2b: Garchomp
|-resisted|p2b: Garchomp|1
|-damage|p2b: Garchomp|84/100
|-status|p2b: Garchomp|psn
|-damage|p1a: Garchomp|40/100|[from] ability: Rough Skin|[of] p2b: Garchomp
|
|-weather|SunnyDay|[upkeep]
|-damage|p2b: Garchomp|72/100 psn|[from] psn
|upkeep
|turn|4
|
|t:|1783148703
|switch|p2b: Whimsicott|Whimsicott, L50, M|64/100
|switch|p2a: Sinistcha|Sinistcha, L50|100/100
|-heal|p2b: Whimsicott|89/100|[from] ability: Hospitality|[of] p2a: Sinistcha
|move|p1a: Garchomp|Poison Jab|p2a: Sinistcha
|-damage|p2a: Sinistcha|71/100
|move|p1b: Sylveon|Hyper Voice|p2b: Whimsicott|[spread] p2a,p2b
|-damage|p2a: Sinistcha|34/100
|-damage|p2b: Whimsicott|3/100
|-enditem|p2a: Sinistcha|Sitrus Berry|[eat]
|-heal|p2a: Sinistcha|58/100|[from] item: Sitrus Berry
|
|-weather|SunnyDay|[upkeep]
|-sideend|p1: UndeadParadox|move: Tailwind
|upkeep
|turn|5
|
|t:|1783148729
|switch|p1a: Aerodactyl|Aerodactyl, L50, F|100/100
|-ability|p1a: Aerodactyl|Unnerve
|move|p2b: Whimsicott|Tailwind|p2b: Whimsicott
|-sidestart|p2: dambro222|move: Tailwind
|move|p2a: Sinistcha|Matcha Gotcha|p1b: Sylveon|[spread] p1a,p1b
|-damage|p1a: Aerodactyl|61/100
|-heal|p2a: Sinistcha|75/100|[from] drain|[of] p1a: Aerodactyl
|-damage|p1b: Sylveon|81/100
|-heal|p2a: Sinistcha|85/100|[from] drain|[of] p1b: Sylveon
|-status|p1b: Sylveon|brn
|move|p1b: Sylveon|Hyper Voice|p2a: Sinistcha|[spread] p2a,p2b
|-damage|p2a: Sinistcha|41/100
|-damage|p2b: Whimsicott|0 fnt
|faint|p2b: Whimsicott
|
|-weather|SunnyDay|[upkeep]
|-damage|p1b: Sylveon|75/100 brn|[from] brn
|upkeep
|
|t:|1783148749
|switch|p2b: Garchomp|Garchomp, L50, M|72/100 psn
|turn|6
|
|t:|1783148783
|switch|p1b: Scrafty|Scrafty-Mega, L50, M|100/100
|-ability|p1b: Scrafty|Intimidate|boost
|-unboost|p2a: Sinistcha|atk|1
|-unboost|p2b: Garchomp|atk|1
|move|p1a: Aerodactyl|Protect|p1a: Aerodactyl
|-singleturn|p1a: Aerodactyl|Protect
|move|p2b: Garchomp|Rock Slide|p1a: Aerodactyl|[spread] 
|-activate|p1a: Aerodactyl|move: Protect
|-miss|p2b: Garchomp|p1b: Scrafty
|move|p2a: Sinistcha|Matcha Gotcha|p1a: Aerodactyl|[spread] p1b
|-activate|p1a: Aerodactyl|move: Protect
|-damage|p1b: Scrafty|78/100
|-heal|p2a: Sinistcha|50/100g|[from] drain|[of] p1b: Scrafty
|
|-weather|none
|-damage|p2b: Garchomp|60/100 psn|[from] psn
|upkeep
|turn|7
|
|t:|1783148808
|move|p2a: Sinistcha|Protect|p2a: Sinistcha
|-singleturn|p2a: Sinistcha|Protect
|move|p1b: Scrafty|Fake Out|p2b: Garchomp
|-damage|p2b: Garchomp|47/100 psn
|-damage|p1b: Scrafty|66/100|[from] ability: Rough Skin|[of] p2b: Garchomp
|cant|p2b: Garchomp|flinch
|move|p1a: Aerodactyl|Tailwind|p1a: Aerodactyl
|-sidestart|p1: UndeadParadox|move: Tailwind
|
|-damage|p2b: Garchomp|35/100 psn|[from] psn
|upkeep
|turn|8
|
|t:|1783148823
|switch|p2a: Charizard|Charizard-Mega-Y, L50, M|100/100
|-weather|SunnyDay|[from] ability: Drought|[of] p2a: Charizard
|move|p1a: Aerodactyl|Protect|p1a: Aerodactyl
|-singleturn|p1a: Aerodactyl|Protect
|move|p2b: Garchomp|Rock Slide|p1b: Scrafty|[spread] p1b
|-activate|p1a: Aerodactyl|move: Protect
|-resisted|p1b: Scrafty|1
|-damage|p1b: Scrafty|61/100
|cant|p1b: Scrafty|flinch
|
|-weather|SunnyDay|[upkeep]
|-damage|p2b: Garchomp|23/100 psn|[from] psn
|-sideend|p2: dambro222|move: Tailwind
|upkeep
|turn|9
|
|t:|1783148844
|switch|p2b: Sinistcha|Sinistcha, L50|50/100g
|move|p2a: Charizard|Protect|p2a: Charizard
|-singleturn|p2a: Charizard|Protect
|move|p1a: Aerodactyl|Rock Slide|p2a: Charizard|[spread] p2b
|-activate|p2a: Charizard|move: Protect
|-damage|p2b: Sinistcha|28/100
|move|p1b: Scrafty|Knock Off|p2b: Sinistcha
|-supereffective|p2b: Sinistcha|1
|-damage|p2b: Sinistcha|0 fnt
|faint|p2b: Sinistcha
|
|-weather|SunnyDay|[upkeep]
|upkeep
|
|t:|1783148856
|switch|p2b: Garchomp|Garchomp, L50, M|23/100 psn
|turn|10
|
|t:|1783148867
|move|p1a: Aerodactyl|Rock Slide|p2a: Charizard|[spread] p2a,p2b
|-supereffective|p2a: Charizard|2
|-resisted|p2b: Garchomp|1
|-damage|p2a: Charizard|0 fnt
|-damage|p2b: Garchomp|10/100 psn
|faint|p2a: Charizard
|move|p1b: Scrafty|Drain Punch|p2b: Garchomp
|-damage|p2b: Garchomp|0 fnt
|-heal|p1b: Scrafty|68/100|[from] drain|[of] p2b: Garchomp
|-damage|p1b: Scrafty|56/100|[from] ability: Rough Skin|[of] p2b: Garchomp
|faint|p2b: Garchomp
|
|win|UndeadParadox
