|j|☆roodlethenoodle
|j|☆tamer763
|html|roodlethenoodletamer763    
|uhtml|bestof|Game 2 of a best-of-3
|t:|1785689707
|gametype|doubles
|player|p1|roodlethenoodle|1|
|player|p2|tamer763|roughneck-gen4|
|gen|9
|tier|[Gen 9 Champions] VGC 2026 Reg M-B (Bo3)
|rule|Species Clause: Limit one of each Pokémon
|rule|Item Clause: Limit 1 of each item
|clearpoke
|poke|p1|Archaludon, L50, M|
|poke|p1|Incineroar, L50, F|
|poke|p1|Garchomp, L50, F|
|poke|p1|Delphox, L50, F|
|poke|p1|Tsareena, L50, F|
|poke|p1|Rotom-Wash, L50|
|poke|p2|Charizard, L50, M|
|poke|p2|Venusaur, L50, F|
|poke|p2|Sinistcha-Masterpiece, L50|
|poke|p2|Gardevoir, L50, F|
|poke|p2|Torkoal, L50, F|
|poke|p2|Aegislash, L50, F|
|teampreview|4
|showteam|p1|Archaludon||Leftovers|Stamina|ElectroShot,DracoMeteor,FlashCannon,Protect|Modest||M|||50|]Incineroar||SitrusBerry|Intimidate|FakeOut,ThroatChop,FlareBlitz,PartingShot|Careful||F|||50|]Garchomp||LifeOrb|RoughSkin|Earthquake,RockSlide,DragonClaw,Protect|Jolly||F|||50|]Delphox||Delphoxite|Blaze|HeatWave,Psychic,NastyPlot,Protect|Timid||F|||50|]Tsareena||ChoiceScarf|QueenlyMajesty|LowKick,TripleAxel,TropKick,Uturn|Jolly||F|||50|]Rotom-Wash||MysticWater|Levitate|HydroPump,LightScreen,RainDance,Electroweb|Modest|||||50|
|showteam|p2|Charizard||CharizarditeY|Blaze|WeatherBall,HeatWave,SolarBeam,Protect|Bold||M|||50|]Venusaur||FocusSash|Chlorophyll|SleepPowder,GrassKnot,Protect,EarthPower|Timid||F|||50|]Sinistcha-Masterpiece||SitrusBerry|Hospitality|RagePowder,MatchaGotcha,TrickRoom,LifeDew|Bold|||||50|]Gardevoir||Gardevoirite|Synchronize|Psychic,HyperVoice,Protect,TrickRoom|Modest||F|||50|]Torkoal||Charcoal|Drought|Eruption,HeatWave,HelpingHand,Protect|Modest||F|||50|]Aegislash||LifeOrb|StanceChange|IronHead,ShadowSneak,Poltergeist,KingsShield|Adamant||F|||50|
|inactive|Battle timer is ON: inactive players will automatically lose when time's up. (requested by tamer763)
|j| PlatinumGamer90
|j| yuiuh
|
|t:|1785689728
|teamsize|p1|4
|teamsize|p2|4
|start
|switch|p1a: Delphox|Delphox, L50, F|100/100
|switch|p1b: Incineroar|Incineroar, L50, F|100/100
|switch|p2a: Charizard|Charizard, L50, M|100/100
|switch|p2b: Venusaur|Venusaur, L50, F|100/100
|-ability|p1b: Incineroar|Intimidate|boost
|-unboost|p2a: Charizard|atk|1
|-unboost|p2b: Venusaur|atk|1
|turn|1
|
|t:|1785689744
|detailschange|p1a: Delphox|Delphox-Mega, L50, F
|-mega|p1a: Delphox|Delphox|Delphoxite
|detailschange|p2a: Charizard|Charizard-Mega-Y, L50, M
|-mega|p2a: Charizard|Charizard|Charizardite Y
|-weather|SunnyDay|[from] ability: Drought|[of] p2a: Charizard
|move|p2b: Venusaur|Protect|p2b: Venusaur
|-singleturn|p2b: Venusaur|Protect
|move|p1b: Incineroar|Fake Out|p2b: Venusaur
|-activate|p2b: Venusaur|move: Protect
|move|p1a: Delphox|Nasty Plot|p1a: Delphox
|-boost|p1a: Delphox|spa|2
|move|p2a: Charizard|Weather Ball|p1a: Delphox
|-resisted|p1a: Delphox|1
|-damage|p1a: Delphox|62/100
|
|-weather|SunnyDay|[upkeep]
|upkeep
|turn|2
|inactive|tamer763 has 30 seconds left.
|
|t:|1785689774
|move|p2b: Venusaur|Sleep Powder|p1a: Delphox|[miss]
|-miss|p2b: Venusaur|p1a: Delphox
|move|p1a: Delphox|Psychic|p2a: Charizard
|-damage|p2a: Charizard|9/100
|move|p2a: Charizard|Weather Ball|p1a: Delphox
|-resisted|p1a: Delphox|1
|-damage|p1a: Delphox|22/100
|move|p1b: Incineroar|Flare Blitz|p2b: Venusaur
|-supereffective|p2b: Venusaur|1
|-enditem|p2b: Venusaur|Focus Sash
|-damage|p2b: Venusaur|1/100
|-damage|p1b: Incineroar|74/100|[from] Recoil
|
|-weather|SunnyDay|[upkeep]
|upkeep
|turn|3
|inactive|tamer763 has 30 seconds left.
|
|t:|1785689802
|move|p2b: Venusaur|Sleep Powder|p1a: Delphox
|-status|p1a: Delphox|slp|[from] move: Sleep Powder
|cant|p1a: Delphox|slp
|move|p2a: Charizard|Heat Wave|p1b: Incineroar|[spread] p1a,p1b
|-resisted|p1a: Delphox|1
|-crit|p1a: Delphox
|-resisted|p1b: Incineroar|1
|-damage|p1a: Delphox|0 fnt
|-damage|p1b: Incineroar|50/100g
|faint|p1a: Delphox
|move|p1b: Incineroar|Flare Blitz|p2b: Venusaur
|-supereffective|p2b: Venusaur|1
|-damage|p2b: Venusaur|0 fnt
|faint|p2b: Venusaur
|-damage|p1b: Incineroar|50/100g|[from] Recoil
|
|-weather|SunnyDay|[upkeep]
|upkeep
|
|t:|1785689820
|switch|p1a: Garchomp|Garchomp, L50, F|100/100
|switch|p2b: Sinistcha|Sinistcha-Masterpiece, L50|100/100
|-heal|p2a: Charizard|34/100|[from] ability: Hospitality|[of] p2b: Sinistcha
|turn|4
|
|t:|1785689833
|switch|p2a: Aegislash|Aegislash, L50, F|100/100
|move|p1a: Garchomp|Rock Slide|p2b: Sinistcha|[spread] p2a,p2b
|-resisted|p2a: Aegislash|1
|-damage|p2a: Aegislash|89/100
|-damage|p2b: Sinistcha|80/100
|-damage|p1a: Garchomp|90/100|[from] item: Life Orb
|move|p1b: Incineroar|Flare Blitz|p2b: Sinistcha
|-supereffective|p2b: Sinistcha|1
|-damage|p2b: Sinistcha|0 fnt
|faint|p2b: Sinistcha
|-damage|p1b: Incineroar|26/100|[from] Recoil
|-enditem|p1b: Incineroar|Sitrus Berry|[eat]
|-heal|p1b: Incineroar|51/100|[from] item: Sitrus Berry
|
|-weather|SunnyDay|[upkeep]
|upkeep
|
|t:|1785689850
|switch|p2b: Charizard|Charizard-Mega-Y, L50, M|34/100
|turn|5
|
|t:|1785689859
|move|p2b: Charizard|Protect|p2b: Charizard
|-singleturn|p2b: Charizard|Protect
|move|p1a: Garchomp|Rock Slide|p2b: Charizard|[spread] p2a
|-activate|p2b: Charizard|move: Protect
|-resisted|p2a: Aegislash|1
|-damage|p2a: Aegislash|79/100
|-damage|p1a: Garchomp|80/100|[from] item: Life Orb
|move|p1b: Incineroar|Flare Blitz|p2a: Aegislash
|-supereffective|p2a: Aegislash|1
|-damage|p2a: Aegislash|0 fnt
|faint|p2a: Aegislash
|-damage|p1b: Incineroar|29/100|[from] Recoil
|
|-weather|none
|upkeep
|turn|6
|
|t:|1785689882
|move|p1a: Garchomp|Rock Slide|p2b: Charizard
|-supereffective|p2b: Charizard|2
|-damage|p2b: Charizard|0 fnt
|faint|p2b: Charizard
|-damage|p1a: Garchomp|70/100|[from] item: Life Orb
|
|win|roodlethenoodle
|l|☆tamer763
|player|p2|
