|j|☆beastingfeasting7
|j|☆15Hugs
|html|beastingfeasting715Hugs    
|uhtml|bestof|Game 1 of a best-of-3
|t:|1757724609
|gametype|doubles
|player|p1|beastingfeasting7|hilbert|1076
|player|p2|15Hugs|gentleman-gen4|1126
|gen|9
|tier|[Gen 9] VGC 2025 Reg H (Bo3)
|rated|
|rule|Species Clause: Limit one of each Pokémon
|rule|Item Clause: Limit 1 of each item
|clearpoke
|poke|p1|Politoed, L50, M|
|poke|p1|Gothitelle, L50, F|
|poke|p1|Incineroar, L50, M|
|poke|p1|Amoonguss, L50, F|
|poke|p1|Kingdra, L50, F|
|poke|p1|Archaludon, L50, M|
|poke|p2|Kingambit, L50, F|
|poke|p2|Primarina, L50, F|
|poke|p2|Sneasler, L50, M|
|poke|p2|Magmar, L50, M|
|poke|p2|Rillaboom, L50, F|
|poke|p2|Dragapult, L50, F|
|teampreview|4
|showteam|p1|Politoed||Leftovers|Drizzle|Protect,WeatherBall,PerishSong,Encore|||M|||50|,,,,,Grass]Gothitelle||SitrusBerry|ShadowTag|Protect,Psychic,FakeOut,TrickRoom|||F|||50|,,,,,Dark]Incineroar||SafetyGoggles|Intimidate|Protect,KnockOff,FakeOut,PartingShot|||M|||50|,,,,,Ghost]Amoonguss||EjectButton|Regenerator|Protect,RagePowder,PollenPuff,Spore|||F|||50|,,,,,Fairy]Kingdra||LifeOrb|SwiftSwim|Protect,WeatherBall,DracoMeteor,MuddyWater|||F|||50|,,,,,Stellar]Archaludon||PowerHerb|Sturdy|Protect,ElectroShot,DragonPulse,FlashCannon|||M|||50|,,,,,Electric
|showteam|p2|Kingambit||BlackGlasses|Defiant|KowtowCleave,SuckerPunch,SwordsDance,Protect|||F|||50|,,,,,Dark]Primarina||SitrusBerry|LiquidVoice|HyperVoice,Moonblast,Haze,Protect|||F|||50|,,,,,Poison]Sneasler||FocusSash|PoisonTouch|CloseCombat,DireClaw,FakeOut,Protect|||M|||50|,,,,,Ghost]Magmar||Eviolite|VitalSpirit|Overheat,WillOWisp,FollowMe,Protect|||M|||50|,,,,,Ghost]Rillaboom||AssaultVest|GrassySurge|WoodHammer,GrassyGlide,HighHorsepower,FakeOut|||F|||50|,,,,,Fire]Dragapult||ChoiceBand|ClearBody|DragonDarts,PhantomForce,Outrage,Uturn|||F|||50|,,,,,Dragon
|inactive|Battle timer is ON: inactive players will automatically lose when time's up. (requested by beastingfeasting7)
|inactive|beastingfeasting7 has 60 seconds left.
|inactive|15Hugs has 60 seconds left.
|j| jlopey
|j| ScarryHarry
|l| ScarryHarry
|inactive|beastingfeasting7 has 30 seconds left.
|inactive|15Hugs has 30 seconds left.
|j| R0gueVGC
|inactive|15Hugs has 20 seconds left.
|inactive|15Hugs has 15 seconds left.
|inactive|15Hugs has 10 seconds left.
|
|t:|1757724691
|teamsize|p1|4
|teamsize|p2|4
|start
|switch|p1a: Incineroar|Incineroar, L50, M|100/100
|switch|p1b: Archaludon|Archaludon, L50, M|100/100
|switch|p2a: Dragapult|Dragapult, L50, F|100/100
|switch|p2b: Sneasler|Sneasler, L50, M|100/100
|-ability|p1a: Incineroar|Intimidate|boost
|-fail|p2a: Dragapult|unboost|[from] ability: Clear Body|[of] p2a: Dragapult
|-unboost|p2b: Sneasler|atk|1
|turn|1
|j| bloodgoon ursaluna
|l| bloodgoon ursaluna
|inactive|beastingfeasting7 has 30 seconds left.
|
|t:|1757724721
|move|p2b: Sneasler|Fake Out|p1a: Incineroar
|-crit|p1a: Incineroar
|-damage|p1a: Incineroar|79/100
|cant|p1a: Incineroar|flinch
|move|p2a: Dragapult|Dragon Darts|p1a: Incineroar
|-damage|p1a: Incineroar|39/100
|-anim|p2a: Dragapult|Dragon Darts|p1b: Archaludon
|-damage|p1b: Archaludon|67/100
|move|p1b: Archaludon|Dragon Pulse|p2a: Dragapult
|-supereffective|p2a: Dragapult
|-damage|p2a: Dragapult|0 fnt
|faint|p2a: Dragapult
|
|upkeep
|j| TCG Okidogi
|inactive|15Hugs has 30 seconds left.
|inactive|15Hugs has 20 seconds left.
|
|t:|1757724757
|switch|p2a: Rillaboom|Rillaboom, L50, F|100/100
|-fieldstart|move: Grassy Terrain|[from] ability: Grassy Surge|[of] p2a: Rillaboom
|turn|2
|
|t:|1757724778
|move|p1b: Archaludon|Protect|p1b: Archaludon
|-singleturn|p1b: Archaludon|Protect
|move|p1a: Incineroar|Protect|p1a: Incineroar
|-singleturn|p1a: Incineroar|Protect
|move|p2a: Rillaboom|Fake Out|p1b: Archaludon
|-activate|p1b: Archaludon|move: Protect
|move|p2b: Sneasler|Close Combat|p1a: Incineroar
|-activate|p1a: Incineroar|move: Protect
|
|-heal|p1b: Archaludon|73/100|[from] Grassy Terrain
|-heal|p1a: Incineroar|45/100|[from] Grassy Terrain
|upkeep
|turn|3
|j| jwaozz
|inactive|beastingfeasting7 has 30 seconds left.
|
|t:|1757724809
|-terastallize|p1a: Incineroar|Ghost
|move|p2b: Sneasler|Close Combat|p1b: Archaludon
|-supereffective|p1b: Archaludon
|-damage|p1b: Archaludon|7/100
|-unboost|p2b: Sneasler|def|1
|-unboost|p2b: Sneasler|spd|1
|move|p1b: Archaludon|Electro Shot||[still]
|-prepare|p1b: Archaludon|Electro Shot
|-boost|p1b: Archaludon|spa|1
|-enditem|p1b: Archaludon|Power Herb
|-anim|p1b: Archaludon|Electro Shot|p2b: Sneasler
|-enditem|p2b: Sneasler|Focus Sash
|-damage|p2b: Sneasler|1/100
|move|p2a: Rillaboom|High Horsepower|p1b: Archaludon
|-supereffective|p1b: Archaludon
|-damage|p1b: Archaludon|0 fnt
|faint|p1b: Archaludon
|move|p1a: Incineroar|Knock Off|p2b: Sneasler
|-resisted|p2b: Sneasler
|-damage|p2b: Sneasler|0 fnt
|faint|p2b: Sneasler
|
|-heal|p1a: Incineroar|50/100|[from] Grassy Terrain
|upkeep
|
|t:|1757724830
|switch|p2b: Primarina|Primarina, L50, F|100/100
|switch|p1b: Politoed|Politoed, L50, M|100/100
|-weather|RainDance|[from] ability: Drizzle|[of] p1b: Politoed
|turn|4
|l| TCG Okidogi
|
|t:|1757724854
|move|p2a: Rillaboom|Wood Hammer|p1b: Politoed
|-supereffective|p1b: Politoed
|-damage|p1b: Politoed|0 fnt
|faint|p1b: Politoed
|-damage|p2a: Rillaboom|69/100|[from] Recoil
|move|p2b: Primarina|Hyper Voice|p1a: Incineroar
|-damage|p1a: Incineroar|1/100
|move|p1a: Incineroar|Parting Shot|p2a: Rillaboom
|-unboost|p2a: Rillaboom|atk|1
|-unboost|p2a: Rillaboom|spa|1
|
|t:|1757724864
|switch|p1a: Gothitelle|Gothitelle, L50, F|100/100|[from] Parting Shot
|
|-weather|RainDance|[upkeep]
|-heal|p2a: Rillaboom|75/100|[from] Grassy Terrain
|upkeep
|
|t:|1757724872
|switch|p1b: Incineroar|Incineroar, L50, M, tera:Ghost|1/100
|-ability|p1b: Incineroar|Intimidate|boost
|-unboost|p2a: Rillaboom|atk|1
|-unboost|p2b: Primarina|atk|1
|turn|5
|l| R0gueVGC
|
|t:|1757724886
|move|p2b: Primarina|Protect|p2b: Primarina
|-singleturn|p2b: Primarina|Protect
|move|p1a: Gothitelle|Fake Out|p2a: Rillaboom
|-damage|p2a: Rillaboom|69/100
|move|p1b: Incineroar|Fake Out|p2b: Primarina
|-activate|p2b: Primarina|move: Protect
|cant|p2a: Rillaboom|flinch
|
|-weather|RainDance|[upkeep]
|-heal|p2a: Rillaboom|75/100|[from] Grassy Terrain
|-heal|p1b: Incineroar|7/100|[from] Grassy Terrain
|upkeep
|turn|6
|
|t:|1757724899
|move|p1a: Gothitelle|Protect|p1a: Gothitelle
|-singleturn|p1a: Gothitelle|Protect
|move|p1b: Incineroar|Protect|p1b: Incineroar
|-singleturn|p1b: Incineroar|Protect
|move|p2a: Rillaboom|Grassy Glide|p1b: Incineroar
|-activate|p1b: Incineroar|move: Protect
|move|p2b: Primarina|Hyper Voice|p1b: Incineroar|[spread] 
|-activate|p1a: Gothitelle|move: Protect
|-activate|p1b: Incineroar|move: Protect
|
|-weather|RainDance|[upkeep]
|-heal|p2a: Rillaboom|80/100|[from] Grassy Terrain
|-heal|p1b: Incineroar|13/100|[from] Grassy Terrain
|-fieldend|move: Grassy Terrain
|upkeep
|turn|7
|j| Meower123
|inactive|beastingfeasting7 has 30 seconds left.
|
|t:|1757724925
|move|p2a: Rillaboom|Grassy Glide|p1b: Incineroar
|-damage|p1b: Incineroar|0 fnt
|faint|p1b: Incineroar
|move|p2b: Primarina|Hyper Voice|p1a: Gothitelle
|-damage|p1a: Gothitelle|54/100
|move|p1a: Gothitelle|Psychic|p2a: Rillaboom
|-damage|p2a: Rillaboom|55/100
|
|-weather|RainDance|[upkeep]
|upkeep
|turn|8
|inactive|15Hugs has 30 seconds left.
|inactive|15Hugs has 20 seconds left.
|inactive|15Hugs has 15 seconds left.
|
|t:|1757724969
|move|p2a: Rillaboom|Wood Hammer|p1a: Gothitelle
|-damage|p1a: Gothitelle|25/100
|-enditem|p1a: Gothitelle|Sitrus Berry|[eat]
|-heal|p1a: Gothitelle|50/100|[from] item: Sitrus Berry
|-damage|p2a: Rillaboom|47/100|[from] Recoil
|move|p2b: Primarina|Hyper Voice|p1a: Gothitelle
|-damage|p1a: Gothitelle|2/100
|move|p1a: Gothitelle|Psychic|p2a: Rillaboom
|-damage|p2a: Rillaboom|22/100
|
|-weather|none
|upkeep
|turn|9
|j| Um Dafuq
|l| Um Dafuq
|
|t:|1757724992
|move|p2a: Rillaboom|Wood Hammer|p1a: Gothitelle
|-crit|p1a: Gothitelle
|-damage|p1a: Gothitelle|0 fnt
|faint|p1a: Gothitelle
|-damage|p2a: Rillaboom|21/100|[from] Recoil
|
|win|15Hugs
||beastingfeasting7 is ready for game 2.
