|j|☆pressinblades
|j|☆cookbayz
|html|pressinbladescookbayz    
|uhtml|bestof|Game 2 of a best-of-3
|t:|1782483674
|gametype|doubles
|player|p1|pressinblades|steven|1177
|player|p2|cookbayz|dancer|1249
|gen|9
|tier|[Gen 9 Champions] VGC 2026 Reg M-B (Bo3)
|rated|
|rule|Species Clause: Limit one of each Pokémon
|rule|Item Clause: Limit 1 of each item
|clearpoke
|poke|p1|Talonflame, L50, F|
|poke|p1|Sneasler, L50, F|
|poke|p1|Garchomp, L50, M, shiny|
|poke|p1|Maushold, L50|
|poke|p1|Gardevoir, L50, M, shiny|
|poke|p1|Ninetales, L50, M|
|poke|p2|Charizard, L50, M|
|poke|p2|Farigiraf, L50, F|
|poke|p2|Garchomp, L50, M|
|poke|p2|Aerodactyl, L50, M|
|poke|p2|Sylveon, L50, F|
|poke|p2|Venusaur, L50, M|
|teampreview|4
|showteam|p1|Talonflame||LifeOrb|GaleWings|Protect,DualWingbeat,Tailwind,Overheat|Naive||F|||50|]Sneasler||WhiteHerb|Unburden|FakeOut,CloseCombat,DireClaw,RockTomb|Jolly||F|||50|]Garchomp||ExpertBelt|RoughSkin|Protect,RockSlide,Earthquake,DragonClaw|Adamant||M|||50|]Maushold||FocusSash|FriendGuard|Protect,SuperFang,PopulationBomb,FollowMe|Adamant|||||50|]Gardevoir||Gardevoirite|Telepathy|Protect,TrickRoom,HyperVoice,Psychic|Modest||M|||50|]Ninetales||ChoiceScarf|Drought|HeatWave,Overheat,SolarBeam,Snarl|Timid||M|||50|
|showteam|p2|Charizard||CharizarditeY|Blaze|HeatWave,WeatherBall,SolarBeam,Protect|Modest||M|||50|]Farigiraf||SitrusBerry|ArmorTail|Psychic,Thunderbolt,TrickRoom,HelpingHand|Bold||F|||50|]Garchomp||ChoiceScarf|RoughSkin|DragonClaw,Earthquake,StompingTantrum,RockSlide|Adamant||M|||50|]Aerodactyl||Aerodactylite|RockHead|RockSlide,DualWingbeat,Tailwind,Protect|Jolly||M|||50|]Sylveon||FairyFeather|Pixilate|HyperVoice,QuickAttack,HyperBeam,Detect|Modest||F|||50|]Venusaur||LifeOrb|Chlorophyll|SleepPowder,SludgeBomb,EnergyBall,Protect|Modest||M|||50|
|inactive|Battle timer is ON: inactive players will automatically lose when time's up. (requested by cookbayz)
|inactive|pressinblades has 60 seconds left.
|inactive|cookbayz has 60 seconds left.
|inactive|pressinblades has 30 seconds left.
|inactive|pressinblades has 20 seconds left.
|inactive|pressinblades has 15 seconds left.
|inactive|pressinblades has 10 seconds left.
|
|t:|1782483760
|teamsize|p1|4
|teamsize|p2|4
|start
|switch|p1a: Maushold|Maushold, L50|100/100
|switch|p1b: Gardevoir|Gardevoir, L50, M, shiny|100/100
|switch|p2a: Aerodactyl|Aerodactyl, L50, M|100/100
|switch|p2b: Sylveon|Sylveon, L50, F|100/100
|turn|1
|
|t:|1782483773
|detailschange|p2a: Aerodactyl|Aerodactyl-Mega, L50, M
|-mega|p2a: Aerodactyl|Aerodactyl|Aerodactylite
|detailschange|p1b: Gardevoir|Gardevoir-Mega, L50, M, shiny
|-mega|p1b: Gardevoir|Gardevoir|Gardevoirite
|move|p2a: Aerodactyl|Rock Slide|p1a: Maushold|[spread] p1a
|-miss|p2a: Aerodactyl|p1b: Gardevoir
|-damage|p1a: Maushold|57/100
|move|p1a: Maushold|Super Fang|p2b: Sylveon
|-damage|p2b: Sylveon|50/100g
|move|p1b: Gardevoir|Hyper Voice|p2a: Aerodactyl|[spread] p2a,p2b
|-damage|p2a: Aerodactyl|34/100
|-damage|p2b: Sylveon|6/100
|move|p2b: Sylveon|Hyper Voice|p1a: Maushold|[spread] p1a,p1b
|-crit|p1a: Maushold
|-damage|p1a: Maushold|0 fnt
|-damage|p1b: Gardevoir|73/100
|faint|p1a: Maushold
|
|upkeep
|inactive|pressinblades has 30 seconds left.
|
|t:|1782483807
|switch|p1a: Sneasler|Sneasler, L50, F|100/100
|turn|2
|
|t:|1782483825
|switch|p1a: Garchomp|Garchomp, L50, M, shiny|100/100
|switch|p2b: Charizard|Charizard, L50, M|100/100
|move|p2a: Aerodactyl|Protect|p2a: Aerodactyl
|-singleturn|p2a: Aerodactyl|Protect
|move|p1b: Gardevoir|Protect||[still]
|-fail|p1b: Gardevoir
|
|upkeep
|turn|3
|inactive|cookbayz has 30 seconds left.
|
|t:|1782483856
|move|p2a: Aerodactyl|Tailwind|p2a: Aerodactyl
|-sidestart|p2: cookbayz|move: Tailwind
|move|p2b: Charizard|Heat Wave|p1a: Garchomp|[spread] p1a,p1b
|-resisted|p1a: Garchomp|1
|-damage|p1a: Garchomp|81/100
|-damage|p1b: Gardevoir|47/100
|move|p1a: Garchomp|Rock Slide|p2b: Charizard|[spread] p2a,p2b
|-supereffective|p2a: Aerodactyl|1
|-supereffective|p2b: Charizard|2
|-damage|p2a: Aerodactyl|0 fnt
|-damage|p2b: Charizard|0 fnt
|faint|p2a: Aerodactyl
|faint|p2b: Charizard
|move|p1b: Gardevoir|Psychic|p2: Aerodactyl|[notarget]
|-fail|p1b: Gardevoir
|
|upkeep
|
|t:|1782483858
|switch|p2a: Sylveon|Sylveon, L50, F|6/100
|switch|p2b: Garchomp|Garchomp, L50, M|100/100
|turn|4
|inactive|pressinblades has 30 seconds left.
|
|t:|1782483893
|move|p1a: Garchomp|Protect|p1a: Garchomp
|-singleturn|p1a: Garchomp|Protect
|move|p1b: Gardevoir|Protect|p1b: Gardevoir
|-singleturn|p1b: Gardevoir|Protect
|move|p2b: Garchomp|Stomping Tantrum|p1b: Gardevoir
|-activate|p1b: Gardevoir|move: Protect
|move|p2a: Sylveon|Hyper Voice|p1b: Gardevoir|[spread] 
|-activate|p1a: Garchomp|move: Protect
|-activate|p1b: Gardevoir|move: Protect
|
|upkeep
|turn|5
|
|t:|1782483912
|switch|p1a: Sneasler|Sneasler, L50, F|100/100
|move|p2b: Garchomp|Stomping Tantrum|p1b: Gardevoir
|-damage|p1b: Gardevoir|0 fnt
|faint|p1b: Gardevoir
|move|p2a: Sylveon|Hyper Voice|p1a: Sneasler
|-damage|p1a: Sneasler|18/100
|
|upkeep
|
|t:|1782483921
|switch|p1b: Garchomp|Garchomp, L50, M, shiny|81/100
|turn|6
|
|t:|1782483944
|move|p2a: Sylveon|Detect|p2a: Sylveon
|-singleturn|p2a: Sylveon|Protect
|move|p1a: Sneasler|Fake Out|p2a: Sylveon
|-activate|p2a: Sylveon|move: Protect
|move|p2b: Garchomp|Stomping Tantrum|p1a: Sneasler
|-supereffective|p1a: Sneasler|1
|-damage|p1a: Sneasler|0 fnt
|faint|p1a: Sneasler
|move|p1b: Garchomp|Dragon Claw|p2b: Garchomp
|-supereffective|p2b: Garchomp|1
|-crit|p2b: Garchomp
|-damage|p2b: Garchomp|0 fnt
|-damage|p1b: Garchomp|68/100|[from] ability: Rough Skin|[of] p2b: Garchomp
|faint|p2b: Garchomp
|
|-sideend|p2: cookbayz|move: Tailwind
|upkeep
|turn|7
|
|t:|1782483959
|move|p2a: Sylveon|Quick Attack|p1b: Garchomp
|-supereffective|p1b: Garchomp|1
|-damage|p1b: Garchomp|43/100
|-damage|p2a: Sylveon|0 fnt|[from] ability: Rough Skin|[of] p1b: Garchomp
|faint|p2a: Sylveon
|
|win|pressinblades
|inactive|pressinblades has 30 seconds to confirm battle start!
|inactive|cookbayz has 30 seconds to confirm battle start!
|l|☆cookbayz
|player|p2|
||cookbayz is ready for game 3.
