|j|☆sopa de moscas
|j|☆katkraydel
|html|sopa de moscaskatkraydel    
|uhtml|bestof|Game 1 of a best-of-3
|t:|1783176414
|gametype|doubles
|player|p1|sopa de moscas|miku-ghost|1325
|player|p2|katkraydel|lebanne|1321
|gen|9
|tier|[Gen 9 Champions] VGC 2026 Reg M-B (Bo3)
|rated|
|rule|Species Clause: Limit one of each Pokémon
|rule|Item Clause: Limit 1 of each item
|clearpoke
|poke|p1|Incineroar, L50, F|
|poke|p1|Farigiraf, L50, F|
|poke|p1|Torkoal, L50, M|
|poke|p1|Floette-Eternal, L50, F|
|poke|p1|Maushold-Four, L50|
|poke|p1|Golurk, L50|
|poke|p2|Tyranitar, L50, F|
|poke|p2|Whimsicott, L50, M|
|poke|p2|Excadrill, L50, F|
|poke|p2|Kommo-o, L50, F|
|poke|p2|Venusaur, L50, F|
|poke|p2|Basculegion, L50, M|
|teampreview|4
|showteam|p1|Incineroar||ChopleBerry|Intimidate|ThroatChop,FakeOut,FlareBlitz,PartingShot|Careful||F|||50|]Farigiraf||SitrusBerry|ArmorTail|Thunderbolt,Psychic,TrickRoom,Protect|Sassy||F|||50|]Torkoal||Charcoal|Drought|Eruption,HeatWave,WeatherBall,Protect|Quiet||M|||50|]Floette-Eternal||Floettite|FlowerVeil|Moonblast,DazzlingGleam,LightofRuin,Protect|Modest||F|||50|]Maushold-Four||WideLens|Technician|PopulationBomb,FollowMe,HelpingHand,Protect|Jolly|||||50|]Golurk||LifeOrb|NoGuard|HeadlongRush,Poltergeist,Protect,StoneEdge|Brave|||||50|
|showteam|p2|Tyranitar||Tyranitarite|SandStream|RockSlide,KnockOff,IcePunch,Protect|Adamant||F|||50|]Whimsicott||MentalHerb|Prankster|Moonblast,Tailwind,FakeTears,Protect|Bold||M|||50|]Excadrill||FocusSash|SandRush|HighHorsepower,IronHead,RockTomb,Protect|Adamant||F|||50|]Kommo-o||LifeOrb|Overcoat|ClangingScales,AuraSphere,FlashCannon,Protect|Modest||F|||50|]Venusaur||Venusaurite|Chlorophyll|EnergyBall,SludgeBomb,EarthPower,Protect|Modest||F|||50|]Basculegion||ChoiceScarf|Adaptability|WaveCrash,LastRespects,AquaJet,PsychicFangs|Adamant||M|||50|
|inactive|Battle timer is ON: inactive players will automatically lose when time's up. (requested by sopa de moscas)
|inactive|sopa de moscas has 60 seconds left.
|
|t:|1783176453
|teamsize|p1|4
|teamsize|p2|4
|start
|switch|p1a: Incineroar|Incineroar, L50, F|100/100
|switch|p1b: Farigiraf|Farigiraf, L50, F|100/100
|switch|p2a: Weeds|Venusaur, L50, F|100/100
|switch|p2b: fishing with you|Basculegion, L50, M|100/100
|-ability|p1a: Incineroar|Intimidate|boost
|-unboost|p2a: Weeds|atk|1
|-unboost|p2b: fishing with you|atk|1
|turn|1
|inactive|katkraydel has 30 seconds left.
|inactive|katkraydel has 20 seconds left.
|inactive|katkraydel has 15 seconds left.
|inactive|katkraydel has 10 seconds left.
|
|t:|1783176499
|detailschange|p2a: Weeds|Venusaur-Mega, L50, F
|-mega|p2a: Weeds|Venusaur|Venusaurite
|move|p2b: fishing with you|Wave Crash|p1a: Incineroar
|-supereffective|p1a: Incineroar|1
|-damage|p1a: Incineroar|6/100
|-damage|p2b: fishing with you|68/100|[from] Recoil
|move|p2a: Weeds|Earth Power|p1a: Incineroar
|-supereffective|p1a: Incineroar|1
|-damage|p1a: Incineroar|0 fnt
|faint|p1a: Incineroar
|move|p1b: Farigiraf|Trick Room|p1b: Farigiraf
|-fieldstart|move: Trick Room|[of] p1b: Farigiraf
|
|upkeep
|
|t:|1783176509
|switch|p1a: Golurk|Golurk, L50|100/100
|turn|2
|
|t:|1783176529
|switch|p2b: my way|Tyranitar, L50, F|100/100
|-weather|Sandstorm|[from] ability: Sand Stream|[of] p2b: my way
|move|p1a: Golurk|Protect|p1a: Golurk
|-singleturn|p1a: Golurk|Protect
|move|p1b: Farigiraf|Psychic|p2a: Weeds
|-supereffective|p2a: Weeds|1
|-damage|p2a: Weeds|37/100
|-unboost|p2a: Weeds|spd|1
|move|p2a: Weeds|Energy Ball|p1a: Golurk
|-activate|p1a: Golurk|move: Protect
|
|-weather|Sandstorm|[upkeep]
|-damage|p1b: Farigiraf|93/100|[from] Sandstorm
|-damage|p2a: Weeds|31/100|[from] Sandstorm
|upkeep
|turn|3
|
|t:|1783176545
|switch|p2a: fishing with you|Basculegion, L50, M|68/100
|move|p2b: my way|Protect|p2b: my way
|-singleturn|p2b: my way|Protect
|move|p1a: Golurk|Headlong Rush|p2b: my way
|-activate|p2b: my way|move: Protect
|move|p1b: Farigiraf|Psychic|p2a: fishing with you
|-damage|p2a: fishing with you|27/100
|
|-weather|Sandstorm|[upkeep]
|-damage|p1b: Farigiraf|87/100|[from] Sandstorm
|-damage|p2a: fishing with you|21/100|[from] Sandstorm
|upkeep
|turn|4
|
|t:|1783176560
|switch|p2b: Drum Show|Kommo-o, L50, F|100/100
|move|p1a: Golurk|Headlong Rush|p2b: Drum Show
|-damage|p2b: Drum Show|30/100
|-unboost|p1a: Golurk|def|1
|-unboost|p1a: Golurk|spd|1
|-damage|p1a: Golurk|90/100|[from] item: Life Orb
|move|p1b: Farigiraf|Psychic|p2a: fishing with you
|-damage|p2a: fishing with you|0 fnt
|faint|p2a: fishing with you
|
|-weather|Sandstorm|[upkeep]
|-damage|p1b: Farigiraf|81/100|[from] Sandstorm
|upkeep
|
|t:|1783176574
|switch|p2a: my way|Tyranitar, L50, F|100/100
|turn|5
|
|t:|1783176587
|switch|p1a: Floette|Floette-Eternal, L50, F|100/100
|move|p2a: my way|Protect|p2a: my way
|-singleturn|p2a: my way|Protect
|move|p2b: Drum Show|Protect|p2b: Drum Show
|-singleturn|p2b: Drum Show|Protect
|move|p1b: Farigiraf|Psychic|p2b: Drum Show
|-activate|p2b: Drum Show|move: Protect
|
|-weather|Sandstorm|[upkeep]
|-damage|p1b: Farigiraf|75/100|[from] Sandstorm
|-damage|p1a: Floette|94/100|[from] Sandstorm
|-fieldend|move: Trick Room
|upkeep
|turn|6
|
|t:|1783176598
|detailschange|p1a: Floette|Floette-Mega, L50, F
|-mega|p1a: Floette|Floette|Floettite
|-ability|p1a: Floette|Fairy Aura
|move|p2b: Drum Show|Protect||[still]
|-fail|p2b: Drum Show
|move|p1a: Floette|Dazzling Gleam|p2a: my way|[spread] p2a,p2b
|-supereffective|p2a: my way|1
|-supereffective|p2b: Drum Show|2
|-damage|p2a: my way|26/100
|-damage|p2b: Drum Show|0 fnt
|faint|p2b: Drum Show
|move|p2a: my way|Knock Off|p1b: Farigiraf
|-supereffective|p1b: Farigiraf|1
|-damage|p1b: Farigiraf|0 fnt
|-enditem|p1b: Farigiraf|Sitrus Berry|[from] move: Knock Off|[of] p2a: my way
|faint|p1b: Farigiraf
|
|-weather|none
|upkeep
|
|t:|1783176608
|switch|p2b: Weeds|Venusaur-Mega, L50, F|31/100
|switch|p1b: Golurk|Golurk, L50|90/100
|turn|7
|
|t:|1783176628
|move|p2a: my way|Protect|p2a: my way
|-singleturn|p2a: my way|Protect
|move|p1a: Floette|Light of Ruin|p2b: Weeds|[miss]
|-miss|p1a: Floette|p2b: Weeds
|move|p2b: Weeds|Sludge Bomb|p1a: Floette
|-supereffective|p1a: Floette|1
|-damage|p1a: Floette|25/100
|-status|p1a: Floette|psn
|move|p1b: Golurk|Headlong Rush|p2a: my way
|-activate|p2a: my way|move: Protect
|
|-damage|p1a: Floette|13/100 psn|[from] psn
|upkeep
|turn|8
|
|t:|1783176650
|move|p1a: Floette|Light of Ruin|p2b: Weeds
|-resisted|p2b: Weeds|1
|-damage|p2b: Weeds|0 fnt
|faint|p2b: Weeds
|-damage|p1a: Floette|0 fnt|[from] Recoil
|faint|p1a: Floette
|move|p2a: my way|Knock Off|p1b: Golurk
|-supereffective|p1b: Golurk|1
|-damage|p1b: Golurk|0 fnt
|-enditem|p1b: Golurk|Life Orb|[from] move: Knock Off|[of] p2a: my way
|faint|p1b: Golurk
|
|win|katkraydel
||katkraydel is ready for game 2.
|inactive|sopa de moscas has 30 seconds to confirm battle start!
||sopa de moscas is ready for game 2.
|uhtml|next|Next: Game 2 of 3
|l|☆katkraydel
|player|p2|
