|j|☆Hoanglatao
|j|☆zytexd
|html|Hoanglataozytexd    
|uhtml|bestof|Game 3 of a best-of-3
|t:|1784336700
|gametype|doubles
|player|p1|Hoanglatao|170|1140
|player|p2|zytexd|lucas|1070
|gen|9
|tier|[Gen 9 Champions] VGC 2026 Reg M-B (Bo3)
|rated|
|rule|Species Clause: Limit one of each Pokémon
|rule|Item Clause: Limit 1 of each item
|clearpoke
|poke|p1|Metagross, L50, shiny|
|poke|p1|Floette-Eternal, L50, F|
|poke|p1|Talonflame, L50, M|
|poke|p1|Hydreigon, L50, F|
|poke|p1|Ceruledge, L50, M|
|poke|p1|Ninetales-Alola, L50, F|
|poke|p2|Malamar, L50, M|
|poke|p2|Maushold-Four, L50|
|poke|p2|Mawile, L50, F|
|poke|p2|Sinistcha-Masterpiece, L50|
|poke|p2|Whimsicott, L50, M|
|poke|p2|Incineroar, L50, M|
|teampreview|4
|showteam|p1|Metagross||Metagrossite|ClearBody|IronHead,BodyPress,PsychicFangs,Protect|Adamant|||||50|]Floette-Eternal||Floettite|FlowerVeil|Moonblast,DazzlingGleam,LightofRuin,Protect|Modest||F|||50|]Talonflame||SharpBeak|GaleWings|Tailwind,DualWingbeat,FlareBlitz,Protect|Jolly||M|||50|]Hydreigon||ChoiceScarf|Levitate|DracoMeteor,Snarl,HeatWave,EarthPower|Modest||F|||50|]Ceruledge||ColburBerry|FlashFire|BitterBlade,BulkUp,ShadowSneak,CloseCombat|Serious||M|||50|]Ninetales-Alola||NeverMeltIce|SnowWarning|AuroraVeil,Encore,FreezeDry,Blizzard|Timid||F|||50|
|showteam|p2|Malamar||Malamarite|Contrary|Superpower,KnockOff,TrickRoom,Protect|Adamant||M|||50|]Maushold-Four||WideLens|Technician|PopulationBomb,FollowMe,Feint,Protect|Jolly|||||50|]Mawile||Mawilite|HyperCutter|PlayRough,RockSlide,SuckerPunch,Protect|Brave||F|||50|]Sinistcha-Masterpiece||ColburBerry|Hospitality|MatchaGotcha,LifeDew,RagePowder,Protect|Calm|||||50|]Whimsicott||FocusSash|Prankster|Moonblast,Tailwind,Charm,FakeTears|Modest||M|||50|]Incineroar||LifeOrb|Intimidate|FlareBlitz,DarkestLariat,PartingShot,FakeOut|Brave||M|||50|
|
|t:|1784336751
|teamsize|p1|4
|teamsize|p2|4
|start
|switch|p1a: Floette|Floette-Eternal, L50, F|100/100
|switch|p1b: Hydreigon|Hydreigon, L50, F|100/100
|switch|p2a: Incineroar|Incineroar, L50, M|100/100
|switch|p2b: Malamar|Malamar, L50, M|100/100
|-ability|p2a: Incineroar|Intimidate|boost
|-unboost|p1a: Floette|atk|1
|-unboost|p1b: Hydreigon|atk|1
|turn|1
|
|t:|1784336765
|detailschange|p1a: Floette|Floette-Mega, L50, F
|-mega|p1a: Floette|Floette|Floettite
|-ability|p1a: Floette|Fairy Aura
|move|p2a: Incineroar|Fake Out|p1a: Floette
|-crit|p1a: Floette
|-damage|p1a: Floette|62/100
|-damage|p2a: Incineroar|90/100|[from] item: Life Orb
|move|p1b: Hydreigon|Draco Meteor|p2b: Malamar
|-damage|p2b: Malamar|12/100
|-unboost|p1b: Hydreigon|spa|2
|cant|p1a: Floette|flinch
|move|p2b: Malamar|Trick Room|p2b: Malamar
|-fieldstart|move: Trick Room|[of] p2b: Malamar
|
|upkeep
|turn|2
|
|t:|1784336784
|move|p2a: Incineroar|Flare Blitz|p1a: Floette
|-damage|p1a: Floette|0 fnt
|faint|p1a: Floette
|-damage|p2a: Incineroar|74/100|[from] Recoil
|-damage|p2a: Incineroar|65/100|[from] item: Life Orb
|move|p2b: Malamar|Superpower|p1b: Hydreigon
|-supereffective|p1b: Hydreigon|1
|-damage|p1b: Hydreigon|14/100
|-boost|p2b: Malamar|atk|1
|-boost|p2b: Malamar|def|1
|move|p1b: Hydreigon|Draco Meteor|p2a: Incineroar
|-damage|p2a: Incineroar|30/100
|-unboost|p1b: Hydreigon|spa|2
|
|upkeep
|
|t:|1784336796
|switch|p1a: Talonflame|Talonflame, L50, M|100/100
|turn|3
|
|t:|1784336836
|switch|p2b: Sinistcha|Sinistcha-Masterpiece, L50|100/100
|-heal|p2a: Incineroar|54/100|[from] ability: Hospitality|[of] p2b: Sinistcha
|switch|p1b: Ceruledge|Ceruledge, L50, M|100/100
|move|p1a: Talonflame|Dual Wingbeat|p2a: Incineroar
|-damage|p2a: Incineroar|36/100
|-damage|p2a: Incineroar|18/100
|-hitcount|p2a: Incineroar|2
|move|p2a: Incineroar|Parting Shot|p1b: Ceruledge
|-unboost|p1b: Ceruledge|atk|1
|-unboost|p1b: Ceruledge|spa|1
|
|t:|1784336850
|switch|p2a: Mawile|Mawile, L50, F|100/100|[from] Parting Shot
|
|upkeep
|turn|4
|
|t:|1784336874
|switch|p2b: Incineroar|Incineroar, L50, M|18/100
|-ability|p2b: Incineroar|Intimidate|boost
|-unboost|p1a: Talonflame|atk|1
|-unboost|p1b: Ceruledge|atk|1
|detailschange|p2a: Mawile|Mawile-Mega, L50, F
|-mega|p2a: Mawile|Mawile|Mawilite
|move|p1a: Talonflame|Protect|p1a: Talonflame
|-singleturn|p1a: Talonflame|Protect
|move|p2a: Mawile|Rock Slide|p1b: Ceruledge|[spread] p1b
|-activate|p1a: Talonflame|move: Protect
|-supereffective|p1b: Ceruledge|1
|-damage|p1b: Ceruledge|3/100
|move|p1b: Ceruledge|Bulk Up|p1b: Ceruledge
|-boost|p1b: Ceruledge|atk|1
|-boost|p1b: Ceruledge|def|1
|
|upkeep
|turn|5
|
|t:|1784336897
|switch|p1b: Hydreigon|Hydreigon, L50, F|14/100
|move|p2b: Incineroar|Fake Out|p1a: Talonflame
|-damage|p1a: Talonflame|72/100
|-damage|p2b: Incineroar|8/100|[from] item: Life Orb
|move|p2a: Mawile|Rock Slide|p1a: Talonflame|[spread] p1a,p1b
|-supereffective|p1a: Talonflame|2
|-damage|p1a: Talonflame|0 fnt
|-damage|p1b: Hydreigon|0 fnt
|faint|p1a: Talonflame
|faint|p1b: Hydreigon
|
|-fieldend|move: Trick Room
|upkeep
|-message|Hoanglatao forfeited.
|raw|Hoanglatao's rating: 1140 → 1110(-30 for losing)
|raw|zytexd's rating: 1070 → 1105(+35 for winning)
|
|win|zytexd
