|j|☆AustinMcballs
|j|☆aaadddooo
|html|AustinMcballsaaadddooo    
|uhtml|bestof|Game 1 of a best-of-3
|t:|1786012776
|gametype|doubles
|player|p1|AustinMcballs|ortega|1170
|player|p2|aaadddooo|266|1000
|gen|9
|tier|[Gen 9 Champions] VGC 2026 Reg M-B (Bo3)
|rated|
|rule|Species Clause: Limit one of each Pokémon
|rule|Item Clause: Limit 1 of each item
|clearpoke
|poke|p1|Raichu, L50, F|
|poke|p1|Ninetales-Alola, L50, F|
|poke|p1|Kingambit, L50, M, shiny|
|poke|p1|Garchomp, L50, M|
|poke|p1|Sinistcha, L50|
|poke|p1|Aerodactyl, L50, F|
|poke|p2|Archaludon, L50, F|
|poke|p2|Gengar, L50, M|
|poke|p2|Incineroar, L50, M|
|poke|p2|Pelipper, L50, F|
|poke|p2|Blastoise, L50, F|
|poke|p2|Sinistcha-Masterpiece, L50|
|teampreview|4
|showteam|p1|Raichu||RaichuniteY|LightningRod|ZapCannon,FocusBlast,FakeOut,Protect|Timid||F|||50|]Ninetales-Alola||LifeOrb|SnowWarning|Moonblast,Blizzard,Encore,Protect|Timid||F|||50|]Kingambit||BlackGlasses|Defiant|KowtowCleave,SuckerPunch,IronHead,Protect|Adamant||M|||50|]Garchomp||SitrusBerry|RoughSkin|StompingTantrum,DragonClaw,SwordsDance,Protect|Adamant||M|||50|]Sinistcha||FocusSash|Hospitality|MatchaGotcha,ShadowBall,RagePowder,Protect|Modest|||||50|]Aerodactyl||Aerodactylite|Unnerve|RockSlide,DualWingbeat,Tailwind,Protect|Jolly||F|||50|
|showteam|p2|Archaludon||QuickClaw|Stamina|DracoMeteor,ElectroShot,StealthRock,LightScreen|Modest||F|||50|]Gengar||Gengarite|CursedBody|DestinyBond,PerishSong,Protect,ShadowBall|Timid||M|||50|]Incineroar||ChopleBerry|Intimidate|FakeOut,PartingShot,Protect,DarkestLariat|Careful||M|||50|]Pelipper||DampRock|Drizzle|Hurricane,Protect,IcyWind,Uturn|Bold||F|||50|]Blastoise||Blastoisinite|RainDish|AuraSphere,DarkPulse,ShellSmash,WaterSpout|Modest||F|||50|]Sinistcha-Masterpiece||SitrusBerry|Hospitality|MatchaGotcha,RagePowder,TrickRoom,Scald|Quiet|||||50|
|inactive|Battle timer is ON: inactive players will automatically lose when time's up. (requested by AustinMcballs)
|inactive|aaadddooo also wants the timer to be on.
|inactive|AustinMcballs has 60 seconds left.
|inactive|aaadddooo has 60 seconds left.
|inactive|AustinMcballs has 30 seconds left.
|inactive|aaadddooo has 30 seconds left.
|
|t:|1786012841
|teamsize|p1|4
|teamsize|p2|4
|start
|switch|p1a: Raichu|Raichu, L50, F|100/100
|switch|p1b: Kingambit|Kingambit, L50, M, shiny|100/100
|switch|p2a: Incineroar|Incineroar, L50, M|100/100
|switch|p2b: Blastoise|Blastoise, L50, F|100/100
|-ability|p2a: Incineroar|Intimidate|boost
|-unboost|p1a: Raichu|atk|1
|-unboost|p1b: Kingambit|atk|1
|-ability|p1b: Kingambit|Defiant|boost
|-boost|p1b: Kingambit|atk|2
|turn|1
|
|t:|1786012863
|switch|p2b: Archaludon|Archaludon, L50, F|100/100
|switch|p2a: Pelipper|Pelipper, L50, F|100/100
|-weather|RainDance|[from] ability: Drizzle|[of] p2a: Pelipper
|detailschange|p1a: Raichu|Raichu-Mega-Y, L50, F
|-mega|p1a: Raichu|Raichu|Raichunite Y
|move|p1a: Raichu|Fake Out|p2b: Archaludon
|-resisted|p2b: Archaludon|1
|-damage|p2b: Archaludon|97/100
|-ability|p2b: Archaludon|Stamina|boost
|-boost|p2b: Archaludon|def|1
|move|p1b: Kingambit|Kowtow Cleave|p2b: Archaludon
|-damage|p2b: Archaludon|55/100
|-ability|p2b: Archaludon|Stamina|boost
|-boost|p2b: Archaludon|def|1
|
|-weather|RainDance|[upkeep]
|upkeep
|turn|2
|
|t:|1786012885
|move|p2a: Pelipper|Protect|p2a: Pelipper
|-singleturn|p2a: Pelipper|Protect
|move|p1a: Raichu|Focus Blast|p2b: Archaludon
|-supereffective|p2b: Archaludon|1
|-damage|p2b: Archaludon|0 fnt
|faint|p2b: Archaludon
|move|p1b: Kingambit|Kowtow Cleave|p2a: Pelipper
|-activate|p2a: Pelipper|move: Protect
|
|-weather|RainDance|[upkeep]
|upkeep
|
|t:|1786012897
|switch|p2b: Blastoise|Blastoise, L50, F|100/100
|turn|3
|
|t:|1786012905
|switch|p2b: Incineroar|Incineroar, L50, M|100/100
|-ability|p2b: Incineroar|Intimidate|boost
|-unboost|p1a: Raichu|atk|1
|-unboost|p1b: Kingambit|atk|1
|-ability|p1b: Kingambit|Defiant|boost
|-boost|p1b: Kingambit|atk|2
|move|p1a: Raichu|Zap Cannon|p2b: Incineroar
|-damage|p2b: Incineroar|43/100
|-status|p2b: Incineroar|par
|move|p2a: Pelipper|Icy Wind|p1b: Kingambit|[spread] p1a,p1b
|-resisted|p1b: Kingambit|1
|-damage|p1a: Raichu|83/100
|-damage|p1b: Kingambit|94/100
|-unboost|p1a: Raichu|spe|1
|-unboost|p1b: Kingambit|spe|1
|-ability|p1b: Kingambit|Defiant|boost
|-boost|p1b: Kingambit|atk|2
|move|p1b: Kingambit|Kowtow Cleave|p2a: Pelipper
|-damage|p2a: Pelipper|0 fnt
|faint|p2a: Pelipper
|
|-weather|RainDance|[upkeep]
|upkeep
|
|t:|1786012928
|switch|p2a: Blastoise|Blastoise, L50, F|100/100
|turn|4
|
|t:|1786012938
|detailschange|p2a: Blastoise|Blastoise-Mega, L50, F
|-mega|p2a: Blastoise|Blastoise|Blastoisinite
|move|p1a: Raichu|Protect|p1a: Raichu
|-singleturn|p1a: Raichu|Protect
|move|p1b: Kingambit|Protect|p1b: Kingambit
|-singleturn|p1b: Kingambit|Protect
|move|p2b: Incineroar|Fake Out|p1a: Raichu
|-activate|p1a: Raichu|move: Protect
|move|p2a: Blastoise|Shell Smash|p2a: Blastoise
|-unboost|p2a: Blastoise|def|1
|-unboost|p2a: Blastoise|spd|1
|-boost|p2a: Blastoise|atk|2
|-boost|p2a: Blastoise|spa|2
|-boost|p2a: Blastoise|spe|2
|
|-weather|RainDance|[upkeep]
|upkeep
|turn|5
|
|t:|1786012960
|move|p1b: Kingambit|Sucker Punch|p2a: Blastoise
|-damage|p2a: Blastoise|0 fnt
|faint|p2a: Blastoise
|move|p1a: Raichu|Focus Blast|p2b: Incineroar
|-supereffective|p2b: Incineroar|1
|-enditem|p2b: Incineroar|Chople Berry|[eat]
|-enditem|p2b: Incineroar|Chople Berry|[weaken]
|-damage|p2b: Incineroar|2/100 par
|move|p2b: Incineroar|Parting Shot|p1b: Kingambit
|-unboost|p1b: Kingambit|atk|1
|-ability|p1b: Kingambit|Defiant|boost
|-boost|p1b: Kingambit|atk|2
|-unboost|p1b: Kingambit|spa|1
|-ability|p1b: Kingambit|Defiant|boost
|-boost|p1b: Kingambit|atk|1
|
|-weather|RainDance|[upkeep]
|upkeep
|turn|6
|-message|aaadddooo forfeited.
|
|win|AustinMcballs
|l|☆aaadddooo
|player|p2|
||AustinMcballs is ready for game 2.
|raw|AustinMcballs's rating: 1170 → 1184(+14 for winning)
|raw|aaadddooo's rating: 1000 → 1000(+0 for losing)
