|j|☆Terra35871
|j|☆Jakobtc
|html|Terra35871Jakobtc    
|uhtml|bestof|Game 1 of a best-of-3
|t:|1756834453
|gametype|doubles
|player|p1|Terra35871|170|1022
|player|p2|Jakobtc|riley|1124
|gen|9
|tier|[Gen 9] VGC 2025 Reg H (Bo3)
|rated|
|rule|Species Clause: Limit one of each Pokémon
|rule|Item Clause: Limit 1 of each item
|clearpoke
|poke|p1|Primarina, L50, F|
|poke|p1|Hydreigon, L50, M|
|poke|p1|Farigiraf, L50, M|
|poke|p1|Gholdengo, L50|
|poke|p1|Decidueye-Hisui, L50, M|
|poke|p1|Talonflame, L50, M|
|poke|p2|Gholdengo, L50|
|poke|p2|Incineroar, L50, M|
|poke|p2|Porygon2, L50|
|poke|p2|Ursaluna, L50, M|
|poke|p2|Kilowattrel, L50, M|
|poke|p2|Amoonguss, L50, M|
|teampreview|4
|showteam|p1|Primarina||ThroatSpray|LiquidVoice|Moonblast,HyperVoice,Haze,Protect|||F|||50|,,,,,Poison]Hydreigon||ChoiceSpecs|Levitate|DarkPulse,HeatWave,DracoMeteor,Snarl|||M|||50|,,,,,Fire]Farigiraf||SafetyGoggles|ArmorTail|DazzlingGleam,TrickRoom,HelpingHand,Imprison|||M|||50|,,,,,Fairy]Gholdengo||Leftovers|GoodasGold|MakeItRain,ShadowBall,NastyPlot,Protect||||||50|,,,,,Water]Decidueye-Hisui||RazorClaw|Scrappy|TripleArrows,LeafBlade,Taunt,Protect|||M|||50|,,,,,Steel]Talonflame||CovertCloak|GaleWings|Tailwind,FlareBlitz,BraveBird,WillOWisp|||M|||50|,,,,,Flying
|showteam|p2|Gholdengo||LifeOrb|GoodasGold|MakeItRain,ShadowBall,NastyPlot,Protect||||||50|,,,,,Water]Incineroar||SafetyGoggles|Intimidate|FakeOut,FlareBlitz,KnockOff,PartingShot|||M|||50|,,,,,Bug]Porygon2||Eviolite|Download|TeraBlast,IceBeam,TrickRoom,Recover||||||50|,,,,,Fighting]Ursaluna||FlameOrb|Guts|Facade,HeadlongRush,Earthquake,Protect|||M|||50|,,,,,Ghost]Kilowattrel||FocusSash|Competitive|AirSlash,Thunderbolt,Tailwind,Protect|||M|||50|,,,,,Ghost]Amoonguss||SitrusBerry|Regenerator|Spore,RagePowder,PollenPuff,Protect|||M|||50|,,,,,Water
|c|☆Jakobtc|glhf
|c|☆Terra35871|U too
|inactive|Battle timer is ON: inactive players will automatically lose when time's up. (requested by Jakobtc)
|
|t:|1756834504
|teamsize|p1|4
|teamsize|p2|4
|start
|switch|p1a: Hydreigon|Hydreigon, L50, M, shiny|100/100
|switch|p1b: Talonflame|Talonflame, L50, M, shiny|100/100
|switch|p2a: Gholdengo|Gholdengo, L50|100/100
|switch|p2b: Incineroar|Incineroar, L50, M|100/100
|-ability|p2b: Incineroar|Intimidate|boost
|-unboost|p1a: Hydreigon|atk|1
|-unboost|p1b: Talonflame|atk|1
|turn|1
|inactive|Terra35871 has 30 seconds left.
|
|t:|1756834538
|-terastallize|p2a: Gholdengo|Water
|move|p1b: Talonflame|Tailwind|p1b: Talonflame
|-sidestart|p1: Terra35871|move: Tailwind
|move|p1a: Hydreigon|Snarl|p2a: Gholdengo|[spread] p2a,p2b
|-resisted|p2b: Incineroar
|-damage|p2a: Gholdengo|70/100
|-damage|p2b: Incineroar|84/100
|-unboost|p2a: Gholdengo|spa|1
|-unboost|p2b: Incineroar|spa|1
|move|p2a: Gholdengo|Make It Rain|p1a: Hydreigon|[spread] p1a,p1b
|-resisted|p1b: Talonflame
|-damage|p1a: Hydreigon|59/100
|-damage|p1b: Talonflame|73/100
|-unboost|p2a: Gholdengo|spa|1
|-damage|p2a: Gholdengo|61/100|[from] item: Life Orb
|move|p2b: Incineroar|Parting Shot|p1a: Hydreigon
|-unboost|p1a: Hydreigon|atk|1
|-unboost|p1a: Hydreigon|spa|1
|
|t:|1756834555
|switch|p2b: Porygon2|Porygon2, L50, shiny|100/100|[from] Parting Shot
|-ability|p2b: Porygon2|Download|boost
|-boost|p2b: Porygon2|spa|1
|
|upkeep
|turn|2
|
|t:|1756834578
|switch|p2a: Ursaluna|Ursaluna, L50, M|100/100
|move|p1b: Talonflame|Flare Blitz|p2b: Porygon2
|-damage|p2b: Porygon2|81/100
|-damage|p1b: Talonflame|65/100|[from] Recoil
|move|p1a: Hydreigon|Snarl|p2b: Porygon2|[spread] p2a,p2b
|-damage|p2a: Ursaluna|79/100
|-damage|p2b: Porygon2|68/100
|-unboost|p2a: Ursaluna|spa|1
|-unboost|p2b: Porygon2|spa|1
|move|p2b: Porygon2|Trick Room|p2b: Porygon2
|-fieldstart|move: Trick Room|[of] p2b: Porygon2
|
|-status|p2a: Ursaluna|brn|[from] item: Flame Orb
|upkeep
|turn|3
|inactive|Terra35871 has 30 seconds left.
|
|t:|1756834611
|switch|p2b: Incineroar|Incineroar, L50, M|84/100
|-ability|p2b: Incineroar|Intimidate|boost
|-unboost|p1a: Hydreigon|atk|1
|-unboost|p1b: Talonflame|atk|1
|switch|p1a: Gholdengo|Gholdengo, L50, shiny|100/100
|move|p2a: Ursaluna|Facade|p1a: Gholdengo
|-immune|p1a: Gholdengo
|move|p1b: Talonflame|Brave Bird|p2a: Ursaluna
|-damage|p2a: Ursaluna|64/100 brn
|-damage|p1b: Talonflame|58/100|[from] Recoil
|
|-damage|p2a: Ursaluna|58/100 brn|[from] brn
|upkeep
|turn|4
|inactive|Terra35871 has 30 seconds left.
|inactive|Jakobtc has 30 seconds left.
|inactive|Jakobtc has 20 seconds left.
|inactive|Jakobtc has 15 seconds left.
|inactive|Terra35871 has 20 seconds left.
|
|t:|1756834657
|switch|p1b: Hydreigon|Hydreigon, L50, M, shiny|59/100
|move|p2a: Ursaluna|Facade|p1b: Hydreigon
|-damage|p1b: Hydreigon|0 fnt
|faint|p1b: Hydreigon
|move|p2b: Incineroar|Knock Off|p1a: Gholdengo
|-supereffective|p1a: Gholdengo
|-damage|p1a: Gholdengo|19/100
|-enditem|p1a: Gholdengo|Leftovers|[from] move: Knock Off|[of] p2b: Incineroar
|move|p1a: Gholdengo|Make It Rain|p2b: Incineroar|[spread] p2a,p2b
|-resisted|p2b: Incineroar
|-damage|p2a: Ursaluna|13/100 brn
|-damage|p2b: Incineroar|62/100
|-unboost|p1a: Gholdengo|spa|1
|
|-damage|p2a: Ursaluna|7/100 brn|[from] brn
|-sideend|p1: Terra35871|move: Tailwind
|upkeep
|inactive|Terra35871 has 30 seconds left.
|
|t:|1756834686
|switch|p1b: Decidueye|Decidueye-Hisui, L50, M, shiny|100/100
|turn|5
|
|t:|1756834708
|-terastallize|p1b: Decidueye|Steel
|move|p2a: Ursaluna|Earthquake|p1b: Decidueye|[spread] p2b,p1a,p1b
|-supereffective|p2b: Incineroar
|-supereffective|p1a: Gholdengo
|-crit|p1a: Gholdengo
|-supereffective|p1b: Decidueye
|-damage|p2b: Incineroar|0 fnt
|-damage|p1a: Gholdengo|0 fnt
|-damage|p1b: Decidueye|0 fnt
|faint|p2b: Incineroar
|faint|p1a: Gholdengo
|faint|p1b: Decidueye
|
|-damage|p2a: Ursaluna|1/100 brn|[from] brn
|upkeep
|
|t:|1756834721
|switch|p2b: Porygon2|Porygon2, L50, shiny|68/100
|switch|p1a: Talonflame|Talonflame, L50, M, shiny|58/100
|-ability|p2b: Porygon2|Download|boost
|-boost|p2b: Porygon2|spa|1
|turn|6
|
|t:|1756834731
|move|p2a: Ursaluna|Facade|p1a: Talonflame
|-damage|p1a: Talonflame|0 fnt
|faint|p1a: Talonflame
|
|win|Jakobtc
