|j|☆dobbyyyy
|j|☆yinobo
|html|dobbyyyyyinobo    
|uhtml|bestof|Game 1 of a best-of-3
|t:|1784921160
|gametype|doubles
|player|p1|dobbyyyy|266|1220
|player|p2|yinobo|lucas|1180
|gen|9
|tier|[Gen 9 Champions] VGC 2026 Reg M-B (Bo3)
|rated|
|rule|Species Clause: Limit one of each Pokémon
|rule|Item Clause: Limit 1 of each item
|clearpoke
|poke|p1|Floette-Eternal, L50, F|
|poke|p1|Kingambit, L50, M|
|poke|p1|Sneasler, L50, F|
|poke|p1|Incineroar, L50, M|
|poke|p1|Basculegion, L50, M|
|poke|p1|Delphox, L50, F|
|poke|p2|Charizard, L50, M, shiny|
|poke|p2|Garchomp, L50, M, shiny|
|poke|p2|Sylveon, L50, M, shiny|
|poke|p2|Incineroar, L50, M, shiny|
|poke|p2|Toxapex, L50, F, shiny|
|poke|p2|Venusaur, L50, M, shiny|
|teampreview|4
|showteam|p1|Floette-Eternal||Floettite|FlowerVeil|Moonblast,CalmMind,Protect,DazzlingGleam|Serious||F|||50|]Kingambit||BlackGlasses|Defiant|SuckerPunch,SwordsDance,KowtowCleave,Protect|Serious||M|||50|]Sneasler||WhiteHerb|Unburden|CloseCombat,DireClaw,FakeOut,Protect|Serious||F|||50|]Incineroar||SitrusBerry|Intimidate|FlareBlitz,FakeOut,DarkestLariat,PartingShot|Serious||M|||50|]Basculegion||ChoiceScarf|SwiftSwim|AquaJet,FlipTurn,LastRespects,WaveCrash|Serious||M|||50|]Delphox||Delphoxite|Blaze|NastyPlot,Psyshock,HeatWave,Protect|Serious||F|||50|
|showteam|p2|Charizard||CharizarditeY|SolarPower|Protect,WeatherBall,AncientPower,HeatWave|Modest||M|||50|]Garchomp||ChoiceScarf|RoughSkin|StompingTantrum,RockSlide,Earthquake,DragonClaw|Adamant||M|||50|]Sylveon||FairyFeather|Pixilate|Detect,Yawn,QuickAttack,HyperVoice|Modest||M|||50|]Incineroar||SitrusBerry|Intimidate|FlareBlitz,PartingShot,DarkestLariat,FakeOut|Impish||M|||50|]Toxapex||Leftovers|Regenerator|BanefulBunker,WideGuard,Toxic,Infestation|Bold||F|||50|]Venusaur||LifeOrb|Chlorophyll|Protect,EarthPower,SludgeBomb,LeafStorm|Modest||M|||50|
|inactive|Battle timer is ON: inactive players will automatically lose when time's up. (requested by yinobo)
|inactive|dobbyyyy has 60 seconds left.
|inactive|yinobo has 60 seconds left.
|inactive|yinobo has 30 seconds left.
|inactive|yinobo has 20 seconds left.
|inactive|yinobo has 15 seconds left.
|inactive|yinobo has 10 seconds left.
|inactive|yinobo has 5 seconds left.
|
|t:|1784921248
|teamsize|p1|4
|teamsize|p2|4
|start
|switch|p1a: Sneasler|Sneasler, L50, F|100/100
|switch|p1b: Floette|Floette-Eternal, L50, F|100/100
|switch|p2a: Charizard|Charizard, L50, M, shiny|100/100
|switch|p2b: Venusaur|Venusaur, L50, M, shiny|100/100
|turn|1
|inactive|dobbyyyy has 30 seconds left.
|inactive|dobbyyyy has 20 seconds left.
|inactive|dobbyyyy has 15 seconds left.
|
|t:|1784921288
|detailschange|p1b: Floette|Floette-Mega, L50, F
|-mega|p1b: Floette|Floette|Floettite
|-ability|p1b: Floette|Fairy Aura
|detailschange|p2a: Charizard|Charizard-Mega-Y, L50, M, shiny
|-mega|p2a: Charizard|Charizard|Charizardite Y
|-weather|SunnyDay|[from] ability: Drought|[of] p2a: Charizard
|move|p1a: Sneasler|Fake Out|p2b: Venusaur
|-damage|p2b: Venusaur|84/100
|cant|p2b: Venusaur|flinch
|move|p1b: Floette|Moonblast|p2a: Charizard
|-resisted|p2a: Charizard|1
|-damage|p2a: Charizard|69/100
|move|p2a: Charizard|Weather Ball|p1b: Floette
|-damage|p1b: Floette|27/100
|
|-weather|SunnyDay|[upkeep]
|upkeep
|turn|2
|inactive|dobbyyyy has 30 seconds left.
|
|t:|1784921321
|switch|p1a: Incineroar|Incineroar, L50, M|100/100
|-ability|p1a: Incineroar|Intimidate|boost
|-unboost|p2a: Charizard|atk|1
|-unboost|p2b: Venusaur|atk|1
|move|p1b: Floette|Protect|p1b: Floette
|-singleturn|p1b: Floette|Protect
|move|p2b: Venusaur|Earth Power|p1a: Incineroar
|-supereffective|p1a: Incineroar|1
|-damage|p1a: Incineroar|38/100
|-enditem|p1a: Incineroar|Sitrus Berry|[eat]
|-heal|p1a: Incineroar|62/100|[from] item: Sitrus Berry
|-damage|p2b: Venusaur|74/100|[from] item: Life Orb
|move|p2a: Charizard|Heat Wave|p1b: Floette|[spread] p1a
|-activate|p1b: Floette|move: Protect
|-resisted|p1a: Incineroar|1
|-damage|p1a: Incineroar|36/100
|
|-weather|SunnyDay|[upkeep]
|upkeep
|turn|3
|inactive|yinobo has 30 seconds left.
|
|t:|1784921352
|move|p1a: Incineroar|Fake Out|p2b: Venusaur
|-damage|p2b: Venusaur|61/100
|cant|p2b: Venusaur|flinch
|move|p1b: Floette|Moonblast|p2a: Charizard
|-resisted|p2a: Charizard|1
|-damage|p2a: Charizard|35/100
|move|p2a: Charizard|Heat Wave|p1b: Floette|[spread] p1a,p1b
|-resisted|p1a: Incineroar|1
|-damage|p1a: Incineroar|11/100
|-damage|p1b: Floette|0 fnt
|faint|p1b: Floette
|
|-weather|SunnyDay|[upkeep]
|upkeep
|
|t:|1784921366
|switch|p1b: Sneasler|Sneasler, L50, F|100/100
|turn|4
|
|t:|1784921386
|move|p2b: Venusaur|Protect|p2b: Venusaur
|-singleturn|p2b: Venusaur|Protect
|move|p2a: Charizard|Protect|p2a: Charizard
|-singleturn|p2a: Charizard|Protect
|move|p1b: Sneasler|Dire Claw|p2a: Charizard
|-activate|p2a: Charizard|move: Protect
|move|p1a: Incineroar|Flare Blitz|p2b: Venusaur
|-activate|p2b: Venusaur|move: Protect
|
|-weather|SunnyDay|[upkeep]
|upkeep
|turn|5
|inactive|yinobo has 30 seconds left.
|
|t:|1784921415
|move|p1b: Sneasler|Protect|p1b: Sneasler
|-singleturn|p1b: Sneasler|Protect
|move|p2b: Venusaur|Earth Power|p1b: Sneasler
|-activate|p1b: Sneasler|move: Protect
|move|p2a: Charizard|Weather Ball|p1a: Incineroar
|-resisted|p1a: Incineroar|1
|-damage|p1a: Incineroar|0 fnt
|faint|p1a: Incineroar
|
|-weather|none
|upkeep
|
|t:|1784921427
|switch|p1a: Basculegion|Basculegion, L50, M|100/100
|turn|6
|
|t:|1784921442
|switch|p2a: Toxapex|Toxapex, L50, F, shiny|100/100
|move|p2b: Venusaur|Protect|p2b: Venusaur
|-singleturn|p2b: Venusaur|Protect
|move|p1b: Sneasler|Close Combat|p2a: Toxapex
|-resisted|p2a: Toxapex|1
|-damage|p2a: Toxapex|80/100
|-unboost|p1b: Sneasler|def|1
|-unboost|p1b: Sneasler|spd|1
|-enditem|p1b: Sneasler|White Herb
|-clearnegativeboost|p1b: Sneasler|[silent]
|move|p1a: Basculegion|Last Respects|p2b: Venusaur
|-activate|p2b: Venusaur|move: Protect
|
|-heal|p2a: Toxapex|86/100|[from] item: Leftovers
|upkeep
|turn|7
|inactive|yinobo has 30 seconds left.
|inactive|yinobo has 20 seconds left.
|
|t:|1784921481
|switch|p2b: Incineroar|Incineroar, L50, M, shiny|100/100
|-ability|p2b: Incineroar|Intimidate|boost
|-unboost|p1a: Basculegion|atk|1
|-unboost|p1b: Sneasler|atk|1
|move|p1b: Sneasler|Dire Claw|p2b: Incineroar
|-damage|p2b: Incineroar|78/100
|move|p1a: Basculegion|Last Respects|p2b: Incineroar
|-resisted|p2b: Incineroar|1
|-damage|p2b: Incineroar|61/100
|move|p2a: Toxapex|Toxic|p1a: Basculegion
|-status|p1a: Basculegion|tox
|
|-heal|p2a: Toxapex|92/100|[from] item: Leftovers
|-damage|p1a: Basculegion|93/100 tox|[from] psn
|upkeep
|turn|8
|inactive|yinobo has 30 seconds left.
|inactive|yinobo has 20 seconds left.
|inactive|yinobo has 15 seconds left.
|inactive|yinobo has 10 seconds left.
|
|t:|1784921527
|move|p1b: Sneasler|Close Combat|p2b: Incineroar
|-supereffective|p2b: Incineroar|1
|-damage|p2b: Incineroar|0 fnt
|-unboost|p1b: Sneasler|def|1
|-unboost|p1b: Sneasler|spd|1
|faint|p2b: Incineroar
|move|p1a: Basculegion|Last Respects|p2a: Toxapex
|-damage|p2a: Toxapex|61/100
|move|p2a: Toxapex|Infestation|p1b: Sneasler
|-resisted|p1b: Sneasler|2
|-damage|p1b: Sneasler|98/100
|-activate|p1b: Sneasler|move: Infestation|[of] p2a: Toxapex
|
|-heal|p2a: Toxapex|67/100|[from] item: Leftovers
|-damage|p1a: Basculegion|81/100 tox|[from] psn
|-damage|p1b: Sneasler|86/100|[from] move: Infestation|[partiallytrapped]
|upkeep
|
|t:|1784921545
|switch|p2b: Charizard|Charizard-Mega-Y, L50, M, shiny|35/100
|-weather|SunnyDay|[from] ability: Drought|[of] p2b: Charizard
|turn|9
|
|t:|1784921558
|move|p1b: Sneasler|Dire Claw|p2b: Charizard
|-damage|p2b: Charizard|11/100
|move|p1a: Basculegion|Last Respects|p2a: Toxapex
|-damage|p2a: Toxapex|33/100
|move|p2b: Charizard|Weather Ball|p1b: Sneasler
|-damage|p1b: Sneasler|0 fnt
|faint|p1b: Sneasler
|move|p2a: Toxapex|Infestation|p1a: Basculegion
|-resisted|p1a: Basculegion|1
|-damage|p1a: Basculegion|80/100 tox
|-activate|p1a: Basculegion|move: Infestation|[of] p2a: Toxapex
|
|-weather|SunnyDay|[upkeep]
|-heal|p2a: Toxapex|38/100|[from] item: Leftovers
|-damage|p1a: Basculegion|62/100 tox|[from] psn
|-damage|p1a: Basculegion|50/100y tox|[from] move: Infestation|[partiallytrapped]
|upkeep
|turn|10
|
|t:|1784921582
|move|p1a: Basculegion|Last Respects|p2a: Toxapex
|-damage|p2a: Toxapex|0 fnt
|faint|p2a: Toxapex
|move|p2b: Charizard|Ancient Power|p1a: Basculegion
|-damage|p1a: Basculegion|26/100 tox
|
|-weather|SunnyDay|[upkeep]
|-damage|p1a: Basculegion|2/100 tox|[from] psn
|-end|p1a: Basculegion|Infestation|[partiallytrapped]|[silent]
|upkeep
|
|t:|1784921591
|switch|p2a: Venusaur|Venusaur, L50, M, shiny|61/100
|turn|11
|
|t:|1784921596
|move|p2a: Venusaur|Sludge Bomb|p1a: Basculegion
|-resisted|p1a: Basculegion|1
|-damage|p1a: Basculegion|0 fnt
|faint|p1a: Basculegion
|-damage|p2a: Venusaur|52/100|[from] item: Life Orb
|
|win|yinobo
||dobbyyyy is ready for game 2.
||yinobo is ready for game 2.
|uhtml|next|Next: Game 2 of 3
|l|☆yinobo
|player|p2|
|j|☆yinobo
|player|p2|yinobo|lucas|
