|j|☆DragoMX
|j|☆atealcoloredcat
|html|DragoMXatealcoloredcat    
|uhtml|bestof|Game 3 of a best-of-3
|t:|1785183078
|gametype|doubles
|player|p1|DragoMX|brock|
|player|p2|atealcoloredcat|psychic|
|gen|9
|tier|[Gen 9 Champions] VGC 2026 Reg M-B (Bo3)
|rule|Species Clause: Limit one of each Pokémon
|rule|Item Clause: Limit 1 of each item
|clearpoke
|poke|p1|Krookodile, L50, M|
|poke|p1|Whimsicott, L50, M|
|poke|p1|Staraptor, L50, F|
|poke|p1|Clawitzer, L50, F|
|poke|p1|Mimikyu, L50, M|
|poke|p1|Gallade, L50, M|
|poke|p2|Meowstic, L50, M|
|poke|p2|Farigiraf, L50, F, shiny|
|poke|p2|Delphox, L50, M, shiny|
|poke|p2|Incineroar, L50, M|
|poke|p2|Slowbro-Galar, L50, F|
|poke|p2|Espathra, L50, M|
|teampreview|4
|showteam|p1|Krookodile||ChoiceScarf|Moxie|Crunch,HighHorsepower,RockSlide,Earthquake|Adamant||M|||50|]Whimsicott||FocusSash|Prankster|Protect,LightScreen,Tailwind,FakeTears|Timid||M|||50|]Staraptor||Staraptite|Intimidate|BraveBird,Protect,Endure,CloseCombat|Jolly||F|||50|]Clawitzer||ExpertBelt|MegaLauncher|WaterPulse,DarkPulse,Protect,MuddyWater|Sassy||F|||50|]Mimikyu||MentalHerb|Disguise|TrickRoom,ShadowClaw,Protect,Curse|Sassy||M|||50|]Gallade||WhiteHerb|Sharpness|NightSlash,SacredSword,TrickRoom,Protect|Adamant||M|||50|
|showteam|p2|Meowstic||Meowsticite|Prankster|FakeOut,AlluringVoice,PsychicTerrain,ExpandingForce|Calm||M|||50|]Farigiraf||ColburBerry|ArmorTail|TrickRoom,HelpingHand,PsychicTerrain,ExpandingForce|Modest||F|||50|]Delphox||Delphoxite|Blaze|Protect,DazzlingGleam,RolePlay,ExpandingForce|Modest||M|||50|]Incineroar||MuscleBand|Intimidate|FakeOut,HelpingHand,DarkestLariat,BrickBreak|Adamant||M|||50|]Slowbro-Galar||QuickClaw|QuickDraw|TrickRoom,HelpingHand,IcyWind,AcidSpray|Calm||F|||50|]Espathra||FocusSash|SpeedBoost|Protect,DazzlingGleam,PsychicTerrain,SkillSwap|Modest||M|||50|
|
|t:|1785183171
|teamsize|p1|4
|teamsize|p2|4
|start
|switch|p1a: Ol Reliable|Gallade, L50, M|100/100
|switch|p1b: Mr Claw|Clawitzer, L50, F|100/100
|switch|p2a: Autism Creature|Meowstic, L50, M|100/100
|switch|p2b: 7/27 IncineroarDay|Incineroar, L50, M|100/100
|-ability|p2b: 7/27 IncineroarDay|Intimidate|boost
|-unboost|p1a: Ol Reliable|atk|1
|-unboost|p1b: Mr Claw|atk|1
|-enditem|p1a: Ol Reliable|White Herb
|-clearnegativeboost|p1a: Ol Reliable|[silent]
|turn|1
|
|t:|1785183251
|switch|p2b: Candace Flynn|Farigiraf, L50, F, shiny|100/100
|move|p2a: Autism Creature|Psychic Terrain|p2a: Autism Creature
|-fieldstart|move: Psychic Terrain
|move|p1a: Ol Reliable|Night Slash|p2a: Autism Creature
|-supereffective|p2a: Autism Creature|1
|-damage|p2a: Autism Creature|13/100
|move|p1b: Mr Claw|Water Pulse|p2b: Candace Flynn
|-damage|p2b: Candace Flynn|54/100
|
|upkeep
|turn|2
|
|t:|1785183316
|detailschange|p2a: Autism Creature|Meowstic-M-Mega, L50, M
|-mega|p2a: Autism Creature|Meowstic|Meowsticite
|-ability|p2a: Autism Creature|Mega Launcher|Trace|[from] ability: Trace|[of] p1b: Mr Claw
|move|p2b: Candace Flynn|Helping Hand|p2a: Autism Creature
|-singleturn|p2a: Autism Creature|Helping Hand|[of] p2b: Candace Flynn
|move|p2a: Autism Creature|Expanding Force|p1b: Mr Claw|[spread] p1a,p1b
|-damage|p1a: Ol Reliable|29/100
|-damage|p1b: Mr Claw|19/100
|move|p1a: Ol Reliable|Sacred Sword|p2b: Candace Flynn
|-damage|p2b: Candace Flynn|0 fnt
|faint|p2b: Candace Flynn
|move|p1b: Mr Claw|Water Pulse|p2a: Autism Creature
|-damage|p2a: Autism Creature|0 fnt
|faint|p2a: Autism Creature
|
|upkeep
|
|t:|1785183331
|switch|p2a: Tricky Tony|Delphox, L50, M, shiny|100/100
|switch|p2b: 7/27 IncineroarDay|Incineroar, L50, M|100/100
|-ability|p2b: 7/27 IncineroarDay|Intimidate|boost
|-unboost|p1a: Ol Reliable|atk|1
|-unboost|p1b: Mr Claw|atk|1
|turn|3
|
|t:|1785183446
|move|p2a: Tricky Tony|Expanding Force|p1b: Mr Claw|[spread] p1a,p1b
|-damage|p1a: Ol Reliable|0 fnt
|-damage|p1b: Mr Claw|0 fnt
|faint|p1a: Ol Reliable
|faint|p1b: Mr Claw
|move|p2b: 7/27 IncineroarDay|Darkest Lariat|p1: Ol Reliable|[notarget]
|-fail|p2b: 7/27 IncineroarDay
|
|upkeep
|
|t:|1785183451
|switch|p1a: Feature|Staraptor, L50, F|100/100
|switch|p1b: Creature|Whimsicott, L50, M|100/100
|-ability|p1a: Feature|Intimidate|boost
|-unboost|p2a: Tricky Tony|atk|1
|-unboost|p2b: 7/27 IncineroarDay|atk|1
|turn|4
|
|t:|1785183513
|move|p2b: 7/27 IncineroarDay|Helping Hand|p2a: Tricky Tony
|-singleturn|p2a: Tricky Tony|Helping Hand|[of] p2b: 7/27 IncineroarDay
|move|p1a: Feature|Protect|p1a: Feature
|-singleturn|p1a: Feature|Protect
|move|p1b: Creature|Light Screen|p1b: Creature
|-sidestart|p1: DragoMX|move: Light Screen
|move|p2a: Tricky Tony|Expanding Force|p1a: Feature|[spread] p1b
|-activate|p1a: Feature|move: Protect
|-enditem|p1b: Creature|Focus Sash
|-damage|p1b: Creature|1/100
|
|upkeep
|turn|5
|
|t:|1785183614
|detailschange|p1a: Feature|Staraptor-Mega, L50, F
|-mega|p1a: Feature|Staraptor|Staraptite
|move|p2b: 7/27 IncineroarDay|Helping Hand|p2a: Tricky Tony
|-singleturn|p2a: Tricky Tony|Helping Hand|[of] p2b: 7/27 IncineroarDay
|move|p1b: Creature|Fake Tears|p1a: Feature
|-boost|p1a: Feature|spd|2
|move|p1a: Feature|Close Combat|p2b: 7/27 IncineroarDay
|-supereffective|p2b: 7/27 IncineroarDay|1
|-damage|p2b: 7/27 IncineroarDay|0 fnt
|-boost|p1a: Feature|def|1
|-boost|p1a: Feature|spd|1
|faint|p2b: 7/27 IncineroarDay
|move|p2a: Tricky Tony|Expanding Force|p1a: Feature|[spread] p1a,p1b
|-supereffective|p1a: Feature|1
|-damage|p1a: Feature|47/100
|-damage|p1b: Creature|0 fnt
|faint|p1b: Creature
|
|-fieldend|move: Psychic Terrain
|upkeep
|turn|6
|
|t:|1785183642
|move|p1a: Feature|Close Combat|p2a: Tricky Tony
|-resisted|p2a: Tricky Tony|1
|-damage|p2a: Tricky Tony|54/100
|-boost|p1a: Feature|def|1
|-boost|p1a: Feature|spd|1
|move|p2a: Tricky Tony|Expanding Force|p1a: Feature
|-supereffective|p1a: Feature|1
|-damage|p1a: Feature|24/100
|
|upkeep
|turn|7
|
|t:|1785183655
|move|p1a: Feature|Brave Bird|p2a: Tricky Tony
|-damage|p2a: Tricky Tony|0 fnt
|faint|p2a: Tricky Tony
|-damage|p1a: Feature|4/100|[from] Recoil
|
|win|DragoMX
|j| 2mero
|l| 2mero
|j| Tbigongue
