|j|☆newbie two
|j|☆PaquitoElBollito
|html|newbie twoPaquitoElBollito    
|uhtml|bestof|Game 2 of a best-of-3
|t:|1782401463
|gametype|doubles
|player|p1|newbie two|170|1000
|player|p2|PaquitoElBollito|veteran|1069
|gen|9
|tier|[Gen 9 Champions] VGC 2026 Reg M-B (Bo3)
|rated|
|rule|Species Clause: Limit one of each Pokémon
|rule|Item Clause: Limit 1 of each item
|clearpoke
|poke|p1|Raichu, L50, F|
|poke|p1|Whimsicott, L50, F, shiny|
|poke|p1|Charizard, L50, M, shiny|
|poke|p1|Kingambit, L50, M|
|poke|p1|Garchomp, L50, M|
|poke|p1|Gholdengo, L50|
|poke|p2|Blaziken, L50, F|
|poke|p2|Metagross, L50|
|poke|p2|Whimsicott, L50, F|
|poke|p2|Basculegion, L50, M|
|poke|p2|Farigiraf, L50, M|
|poke|p2|Hydreigon, L50, M|
|teampreview|4
|showteam|p1|Raichu||RaichuniteY|LightningRod|FakeOut,ZapCannon,FocusBlast,Protect|Serious||F|||50|]Whimsicott||FocusSash|Prankster|Moonblast,Encore,Tailwind,Protect|Serious||F|||50|]Charizard||CharizarditeY|Blaze|HeatWave,WeatherBall,SolarBeam,Protect|Serious||M|||50|]Kingambit||OccaBerry|Defiant|KowtowCleave,SuckerPunch,IronHead,Protect|Adamant||M|||50|]Garchomp||ChoiceScarf|RoughSkin|StompingTantrum,DragonClaw,RockSlide,Protect|Jolly||M|||50|]Gholdengo||LifeOrb|GoodasGold|MakeItRain,Protect,NastyPlot,ShadowBall|Modest|||||50|
|showteam|p2|Blaziken||Blazikenite|SpeedBoost|Detect,CloseCombat,FlareBlitz,RockSlide|Adamant||F|||50|]Metagross||Metagrossite|ClearBody|PsychicFangs,Protect,IronHead,StompingTantrum|Jolly|||||50|]Whimsicott||FocusSash|Prankster|Protect,Moonblast,EnergyBall,Tailwind|Timid||F|||50|]Basculegion||LifeOrb|Adaptability|WaveCrash,Protect,LastRespects,AquaJet|Adamant||M|||50|]Farigiraf||SitrusBerry|ArmorTail|Psychic,Thunderbolt,Roar,TrickRoom|Bold||M|||50|]Hydreigon||ChoiceScarf|Levitate|DracoMeteor,Snarl,EarthPower,DarkPulse|Modest||M|||50|
|inactive|Battle timer is ON: inactive players will automatically lose when time's up. (requested by PaquitoElBollito)
|
|t:|1782401491
|teamsize|p1|4
|teamsize|p2|4
|start
|switch|p1a: Raichu|Raichu, L50, F|100/100
|switch|p1b: Gholdengo|Gholdengo, L50|100/100
|switch|p2a: Metagross|Metagross, L50|100/100
|switch|p2b: Whimsicott|Whimsicott, L50, F|100/100
|turn|1
|inactive|newbie two has 30 seconds left.
|inactive|PaquitoElBollito has 30 seconds left.
|
|t:|1782401525
|detailschange|p2a: Metagross|Metagross-Mega, L50
|-mega|p2a: Metagross|Metagross|Metagrossite
|move|p2b: Whimsicott|Moonblast|p1a: Raichu
|-damage|p1a: Raichu|60/100
|move|p2a: Metagross|Stomping Tantrum|p1b: Gholdengo
|-supereffective|p1b: Gholdengo|1
|-damage|p1b: Gholdengo|25/100
|move|p1a: Raichu|Zap Cannon|p2a: Metagross|[miss]
|-miss|p1a: Raichu|p2a: Metagross
|move|p1b: Gholdengo|Nasty Plot|p1b: Gholdengo
|-boost|p1b: Gholdengo|spa|2
|
|upkeep
|turn|2
|inactive|newbie two has 30 seconds left.
|inactive|PaquitoElBollito has 30 seconds left.
|
|t:|1782401557
|detailschange|p1a: Raichu|Raichu-Mega-Y, L50, F
|-mega|p1a: Raichu|Raichu|Raichunite Y
|move|p2a: Metagross|Protect|p2a: Metagross
|-singleturn|p2a: Metagross|Protect
|move|p2b: Whimsicott|Tailwind|p2b: Whimsicott
|-sidestart|p2: PaquitoElBollito|move: Tailwind
|move|p1a: Raichu|Zap Cannon|p2a: Metagross
|-activate|p2a: Metagross|move: Protect
|move|p1b: Gholdengo|Make It Rain|p2a: Metagross|[spread] p2b
|-activate|p2a: Metagross|move: Protect
|-supereffective|p2b: Whimsicott|1
|-enditem|p2b: Whimsicott|Focus Sash
|-damage|p2b: Whimsicott|1/100
|-unboost|p1b: Gholdengo|spa|2
|-damage|p1b: Gholdengo|15/100|[from] item: Life Orb
|
|upkeep
|turn|3
|inactive|PaquitoElBollito has 30 seconds left.
|
|t:|1782401585
|move|p1a: Raichu|Protect|p1a: Raichu
|-singleturn|p1a: Raichu|Protect
|move|p1b: Gholdengo|Protect|p1b: Gholdengo
|-singleturn|p1b: Gholdengo|Protect
|move|p2b: Whimsicott|Moonblast|p1b: Gholdengo
|-activate|p1b: Gholdengo|move: Protect
|move|p2a: Metagross|Stomping Tantrum|p1a: Raichu
|-activate|p1a: Raichu|move: Protect
|
|upkeep
|turn|4
|inactive|newbie two has 30 seconds left.
|inactive|PaquitoElBollito has 30 seconds left.
|
|t:|1782401620
|switch|p1a: Garchomp|Garchomp, L50, M|100/100
|switch|p1b: Whimsicott|Whimsicott, L50, F, shiny|100/100
|move|p2b: Whimsicott|Moonblast|p1b: Whimsicott
|-crit|p1b: Whimsicott
|-damage|p1b: Whimsicott|45/100
|move|p2a: Metagross|Stomping Tantrum|p1a: Garchomp
|-damage|p1a: Garchomp|63/100
|-damage|p2a: Metagross|87/100|[from] ability: Rough Skin|[of] p1a: Garchomp
|
|upkeep
|turn|5
|inactive|newbie two has 30 seconds left.
|inactive|PaquitoElBollito has 30 seconds left.
|
|t:|1782401654
|move|p1b: Whimsicott|Tailwind|p1b: Whimsicott
|-sidestart|p1: newbie two|move: Tailwind
|move|p1a: Garchomp|Rock Slide|p2a: Metagross|[spread] p2a
|-miss|p1a: Garchomp|p2b: Whimsicott
|-resisted|p2a: Metagross|1
|-damage|p2a: Metagross|80/100
|move|p2b: Whimsicott|Moonblast|p1a: Garchomp
|-supereffective|p1a: Garchomp|1
|-damage|p1a: Garchomp|1/100
|move|p2a: Metagross|Iron Head|p1b: Whimsicott
|-supereffective|p1b: Whimsicott|1
|-damage|p1b: Whimsicott|0 fnt
|faint|p1b: Whimsicott
|
|-sideend|p2: PaquitoElBollito|move: Tailwind
|upkeep
|
|t:|1782401672
|switch|p1b: Raichu|Raichu-Mega-Y, L50, F|60/100
|turn|6
|
|t:|1782401681
|move|p2a: Metagross|Protect|p2a: Metagross
|-singleturn|p2a: Metagross|Protect
|move|p1b: Raichu|Fake Out|p2b: Whimsicott
|-damage|p2b: Whimsicott|0 fnt
|faint|p2b: Whimsicott
|move|p1a: Garchomp|Rock Slide|p2a: Metagross
|-activate|p2a: Metagross|move: Protect
|
|upkeep
|
|t:|1782401695
|switch|p2b: Basculegion|Basculegion, L50, M|100/100
|turn|7
|
|t:|1782401713
|move|p2b: Basculegion|Aqua Jet|p1a: Garchomp
|-damage|p1a: Garchomp|0 fnt
|-damage|p2b: Basculegion|87/100|[from] ability: Rough Skin|[of] p1a: Garchomp
|faint|p1a: Garchomp
|-damage|p2b: Basculegion|78/100|[from] item: Life Orb
|move|p1b: Raichu|Zap Cannon|p2b: Basculegion
|-supereffective|p2b: Basculegion|1
|-damage|p2b: Basculegion|0 fnt
|faint|p2b: Basculegion
|move|p2a: Metagross|Stomping Tantrum|p1b: Raichu
|-supereffective|p1b: Raichu|1
|-damage|p1b: Raichu|0 fnt
|faint|p1b: Raichu
|
|upkeep
|
|t:|1782401728
|switch|p1b: Gholdengo|Gholdengo, L50|15/100
|switch|p2b: Hydreigon|Hydreigon, L50, M|100/100
|turn|8
|
|t:|1782401738
|move|p2a: Metagross|Protect|p2a: Metagross
|-singleturn|p2a: Metagross|Protect
|move|p1b: Gholdengo|Shadow Ball|p2a: Metagross
|-activate|p2a: Metagross|move: Protect
|move|p2b: Hydreigon|Earth Power|p1b: Gholdengo
|-supereffective|p1b: Gholdengo|1
|-damage|p1b: Gholdengo|0 fnt
|faint|p1b: Gholdengo
|
|win|PaquitoElBollito
|raw|newbie two's rating: 1000 → 1000(+0 for losing)
|raw|PaquitoElBollito's rating: 1069 → 1093(+24 for winning)
