|j|☆trepanbad
|j|☆IngeVGC
|html|trepanbadIngeVGC    
|uhtml|bestof|Game 2 of a best-of-3
|t:|1756416644
|gametype|doubles
|player|p1|trepanbad|hilbert|1362
|player|p2|IngeVGC|fisherman-gen4|1447
|gen|9
|tier|[Gen 9] VGC 2025 Reg H (Bo3)
|rated|
|rule|Species Clause: Limit one of each Pokémon
|rule|Item Clause: Limit 1 of each item
|clearpoke
|poke|p1|Incineroar, L50, M|
|poke|p1|Ursaluna-Bloodmoon, L50, M|
|poke|p1|Sneasler, L50, F|
|poke|p1|Amoonguss, L50, M|
|poke|p1|Dragonite, L50, F|
|poke|p1|Gholdengo, L50|
|poke|p2|Kingambit, L50, F|
|poke|p2|Rillaboom, L50, M|
|poke|p2|Electabuzz, L50, M|
|poke|p2|Volcarona, L50, F|
|poke|p2|Sneasler, L50, F|
|poke|p2|Dragonite, L50, F|
|teampreview|4
|showteam|p1|Incineroar||SafetyGoggles|Intimidate|FakeOut,PartingShot,FlareBlitz,KnockOff|||M|||50|,,,,,Ghost]Ursaluna-Bloodmoon||AssaultVest|MindsEye|BloodMoon,EarthPower,HyperVoice,VacuumWave|||M|||50|,,,,,Water]Sneasler||FocusSash|Unburden|CloseCombat,DireClaw,Protect,FakeOut|||F|||50|,,,,,Stellar]Amoonguss||SitrusBerry|Regenerator|Protect,Spore,PollenPuff,RagePowder|||M|||50|,,,,,Psychic]Dragonite||LoadedDice|Multiscale|Protect,ScaleShot,Haze,Tailwind|||F|||50|,,,,,Fairy]Gholdengo||LifeOrb|GoodasGold|Protect,NastyPlot,MakeItRain,ShadowBall||||||50|,,,,,Water
|showteam|p2|Kingambit||BlackGlasses|Defiant|Protect,KowtowCleave,SuckerPunch,SwordsDance|||F|||50|,,,,,Dark]Rillaboom||AssaultVest|GrassySurge|WoodHammer,GrassyGlide,HighHorsepower,FakeOut|||M|||50|,,,,,Fire]Electabuzz||Eviolite|VitalSpirit|Protect,Thunderbolt,HelpingHand,FollowMe|||M|||50|,,,,,Ghost]Volcarona||CovertCloak|FlameBody|Protect,HeatWave,TeraBlast,QuiverDance|||F|||50|,,,,,Fairy]Sneasler||FocusSash|Unburden|CloseCombat,DireClaw,Coaching,FakeOut|||F|||50|,,,,,Stellar]Dragonite||LoadedDice|Multiscale|ScaleShot,Haze,ExtremeSpeed,Protect|||F|||50|,,,,,Fairy
|inactive|Battle timer is ON: inactive players will automatically lose when time's up. (requested by trepanbad)
|c|☆trepanbad|You have to leave Vanessa dude
|c|☆trepanbad|We all have been there
|c|☆IngeVGC|Oh
|inactive|trepanbad has 60 seconds left.
|c|☆IngeVGC|I already did
|
|t:|1756416684
|teamsize|p1|4
|teamsize|p2|4
|start
|switch|p1a: Sneasler|Sneasler, L50, F|100/100
|switch|p1b: Dragonite|Dragonite, L50, F|100/100
|switch|p2a: Nobunaga|Kingambit, L50, F, shiny|100/100
|switch|p2b: Snarf|Electabuzz, L50, M|100/100
|turn|1
|c|☆trepanbad|So why do u still talk to here?
|inactive|trepanbad has 30 seconds left.
|
|t:|1756416714
|move|p2b: Snarf|Protect|p2b: Snarf
|-singleturn|p2b: Snarf|Protect
|move|p2a: Nobunaga|Protect|p2a: Nobunaga
|-singleturn|p2a: Nobunaga|Protect
|move|p1a: Sneasler|Fake Out|p2a: Nobunaga
|-activate|p2a: Nobunaga|move: Protect
|move|p1b: Dragonite|Scale Shot|p2b: Snarf
|-activate|p2b: Snarf|move: Protect
|
|upkeep
|turn|2
|
|t:|1756416735
|switch|p1a: Ursaluna|Ursaluna-Bloodmoon, L50, M|100/100
|move|p2b: Snarf|Follow Me|p2b: Snarf
|-singleturn|p2b: Snarf|move: Follow Me
|move|p1b: Dragonite|Scale Shot|p2b: Snarf
|-damage|p2b: Snarf|88/100
|-damage|p2b: Snarf|76/100
|-damage|p2b: Snarf|63/100
|-damage|p2b: Snarf|51/100
|-damage|p2b: Snarf|38/100
|-hitcount|p2b: Snarf|5
|-unboost|p1b: Dragonite|def|1
|-boost|p1b: Dragonite|spe|1
|move|p2a: Nobunaga|Kowtow Cleave|p1b: Dragonite
|-damage|p1b: Dragonite|48/100
|
|upkeep
|turn|3
|inactive|trepanbad has 30 seconds left.
|inactive|IngeVGC has 30 seconds left.
|inactive|trepanbad has 20 seconds left.
|inactive|trepanbad has 15 seconds left.
|
|t:|1756416778
|-terastallize|p2a: Nobunaga|Dark
|move|p2b: Snarf|Helping Hand|p2a: Nobunaga
|-singleturn|p2a: Nobunaga|Helping Hand|[of] p2b: Snarf
|move|p1b: Dragonite|Tailwind|p1b: Dragonite
|-sidestart|p1: trepanbad|move: Tailwind
|move|p1a: Ursaluna|Earth Power|p2a: Nobunaga
|-damage|p2a: Nobunaga|51/100
|move|p2a: Nobunaga|Kowtow Cleave|p1a: Ursaluna
|-damage|p1a: Ursaluna|12/100
|
|upkeep
|turn|4
|inactive|trepanbad has 30 seconds left.
|inactive|trepanbad has 20 seconds left.
|
|t:|1756416813
|move|p2b: Snarf|Follow Me|p2b: Snarf
|-singleturn|p2b: Snarf|move: Follow Me
|move|p2a: Nobunaga|Sucker Punch|p1b: Dragonite
|-damage|p1b: Dragonite|0 fnt
|faint|p1b: Dragonite
|move|p1a: Ursaluna|Blood Moon|p2b: Snarf
|-damage|p2b: Snarf|0 fnt
|faint|p2b: Snarf
|
|upkeep
|
|t:|1756416827
|switch|p2b: Cassie|Dragonite, L50, F|100/100
|switch|p1b: Sneasler|Sneasler, L50, F|100/100
|turn|5
|inactive|trepanbad has 30 seconds left.
|inactive|trepanbad has 20 seconds left.
|inactive|IngeVGC has 30 seconds left.
|
|t:|1756416868
|move|p2a: Nobunaga|Protect|p2a: Nobunaga
|-singleturn|p2a: Nobunaga|Protect
|move|p1a: Ursaluna|Vacuum Wave|p2b: Cassie
|-resisted|p2b: Cassie
|-damage|p2b: Cassie|97/100
|move|p1b: Sneasler|Close Combat|p2a: Nobunaga
|-activate|p2a: Nobunaga|move: Protect
|move|p2b: Cassie|Scale Shot|p1b: Sneasler|[miss]
|-miss|p2b: Cassie|p1b: Sneasler
|
|upkeep
|turn|6
|c|☆trepanbad|Cassie is not doing you any good either
|inactive|trepanbad has 30 seconds left.
|
|t:|1756416894
|move|p2b: Cassie|Extreme Speed|p1a: Ursaluna
|-damage|p1a: Ursaluna|0 fnt
|faint|p1a: Ursaluna
|move|p2a: Nobunaga|Sucker Punch|p1b: Sneasler
|-resisted|p1b: Sneasler
|-damage|p1b: Sneasler|50/100
|move|p1b: Sneasler|Close Combat|p2a: Nobunaga
|-supereffective|p2a: Nobunaga
|-damage|p2a: Nobunaga|0 fnt
|-unboost|p1b: Sneasler|def|1
|-unboost|p1b: Sneasler|spd|1
|faint|p2a: Nobunaga
|
|-sideend|p1: trepanbad|move: Tailwind
|upkeep
|
|t:|1756416903
|switch|p1a: Incineroar|Incineroar, L50, M|100/100
|switch|p2a: Vanessa|Sneasler, L50, F|100/100
|-ability|p1a: Incineroar|Intimidate|boost
|-unboost|p2a: Vanessa|atk|1
|-unboost|p2b: Cassie|atk|1
|turn|7
|inactive|trepanbad has 30 seconds left.
|inactive|IngeVGC has 30 seconds left.
|
|t:|1756416933
|-terastallize|p1a: Incineroar|Ghost
|move|p2a: Vanessa|Fake Out|p1b: Sneasler
|-damage|p1b: Sneasler|30/100
|move|p1a: Incineroar|Fake Out|p2b: Cassie
|-damage|p2b: Cassie|85/100
|cant|p1b: Sneasler|flinch
|cant|p2b: Cassie|flinch
|
|upkeep
|turn|8
|
|t:|1756416952
|move|p1b: Sneasler|Protect|p1b: Sneasler
|-singleturn|p1b: Sneasler|Protect
|move|p2b: Cassie|Extreme Speed|p1b: Sneasler
|-activate|p1b: Sneasler|move: Protect
|move|p2a: Vanessa|Coaching|p2b: Cassie
|-boost|p2b: Cassie|atk|1
|-boost|p2b: Cassie|def|1
|move|p1a: Incineroar|Knock Off|p2b: Cassie
|-damage|p2b: Cassie|56/100
|-enditem|p2b: Cassie|Loaded Dice|[from] move: Knock Off|[of] p1a: Incineroar
|
|upkeep
|turn|9
|
|t:|1756416969
|move|p2b: Cassie|Extreme Speed|p1b: Sneasler
|-crit|p1b: Sneasler
|-damage|p1b: Sneasler|0 fnt
|faint|p1b: Sneasler
|move|p2a: Vanessa|Coaching|p2b: Cassie
|-boost|p2b: Cassie|atk|1
|-boost|p2b: Cassie|def|1
|move|p1a: Incineroar|Knock Off|p2b: Cassie
|-damage|p2b: Cassie|43/100
|
|upkeep
|turn|10
|-message|trepanbad forfeited.
|
|win|IngeVGC
||IngeVGC is ready for game 3.
|inactive|trepanbad has 30 seconds to confirm battle start!
||trepanbad is ready for game 3.
|uhtml|next|Next: Game 3 of 3
|l|☆trepanbad
|player|p1|
