|j|☆alkdfe
|j|☆JP the president
|html|alkdfeJP the president    
|uhtml|bestof|Game 3 of a best-of-3
|t:|1784595565
|gametype|doubles
|player|p1|alkdfe|elesa|1167
|player|p2|JP the president|steven|1166
|gen|9
|tier|[Gen 9 Champions] VGC 2026 Reg M-B (Bo3)
|rated|
|rule|Species Clause: Limit one of each Pokémon
|rule|Item Clause: Limit 1 of each item
|clearpoke
|poke|p1|Gengar, L50, M|
|poke|p1|Swampert, L50, M|
|poke|p1|Incineroar, L50, F|
|poke|p1|Politoed, L50, F|
|poke|p1|Archaludon, L50, M|
|poke|p1|Vivillon, L50, F|
|poke|p2|Sableye, L50, M, shiny|
|poke|p2|Incineroar, L50, M, shiny|
|poke|p2|Blastoise, L50, M, shiny|
|poke|p2|Charizard, L50, M, shiny|
|poke|p2|Venusaur, L50, M, shiny|
|poke|p2|Garchomp, L50, M|
|teampreview|4
|showteam|p1|Gengar||Gengarite|CursedBody|ShadowBall,PerishSong,SludgeBomb,Protect|Timid||M|||50|]Swampert||Swampertite|Torrent|WaveCrash,Earthquake,IcePunch,Protect|Adamant||M|||50|]Incineroar||PasshoBerry|Intimidate|ThroatChop,PartingShot,FakeOut,Protect|Sassy||F|||50|]Politoed||SitrusBerry|Drizzle|WeatherBall,PerishSong,Encore,Protect|Calm||F|||50|]Archaludon||Leftovers|Stamina|DragonPulse,FlashCannon,ElectroShot,Protect|Bold||M|||50|]Vivillon||FocusSash|CompoundEyes|Hurricane,SleepPowder,RagePowder,Protect|Timid||F|||50|
|showteam|p2|Sableye||FocusSash|Prankster|ThunderWave,Disable,Encore,Quash|Calm||M|||50|]Incineroar||SitrusBerry|Intimidate|FakeOut,FlareBlitz,PartingShot,Protect|Careful||M|||50|]Blastoise||Blastoisinite|Torrent|DarkPulse,Protect,ShellSmash,WaterSpout|Rash||M|||50|]Charizard||CharizarditeY|SolarPower|HeatWave,AncientPower,Protect,SolarBeam|Hasty||M|||50|]Venusaur||Leftovers|Chlorophyll|LeechSeed,SludgeBomb,SleepPowder,Protect|Modest||M|||50|]Garchomp||LifeOrb|RoughSkin|Earthquake,Protect,RockSlide,DragonClaw|Jolly||M|||50|
|inactive|Battle timer is ON: inactive players will automatically lose when time's up. (requested by alkdfe)
|
|t:|1784595581
|teamsize|p1|4
|teamsize|p2|4
|start
|switch|p1a: Politoed|Politoed, L50, F|100/100
|switch|p1b: Swampert|Swampert, L50, M|100/100
|switch|p2a: Lizardo|Charizard, L50, M, shiny|100/100
|switch|p2b: Blastoise|Blastoise, L50, M, shiny|100/100
|-weather|RainDance|[from] ability: Drizzle|[of] p1a: Politoed
|turn|1
|inactive|JP the president has 30 seconds left.
|
|t:|1784595612
|switch|p1b: Archaludon|Archaludon, L50, M|100/100
|switch|p1a: Vivillon|Vivillon, L50, F|100/100
|detailschange|p2a: Lizardo|Charizard-Mega-Y, L50, M, shiny
|-mega|p2a: Lizardo|Charizard|Charizardite Y
|-weather|SunnyDay|[from] ability: Drought|[of] p2a: Lizardo
|move|p2a: Lizardo|Solar Beam||[still]
|-prepare|p2a: Lizardo|Solar Beam
|-anim|p2a: Lizardo|Solar Beam|p1a: Vivillon
|-resisted|p1a: Vivillon|2
|-damage|p1a: Vivillon|75/100
|move|p2b: Blastoise|Shell Smash|p2b: Blastoise
|-unboost|p2b: Blastoise|def|1
|-unboost|p2b: Blastoise|spd|1
|-boost|p2b: Blastoise|atk|2
|-boost|p2b: Blastoise|spa|2
|-boost|p2b: Blastoise|spe|2
|
|-weather|SunnyDay|[upkeep]
|upkeep
|turn|2
|inactive|alkdfe has 30 seconds left.
|inactive|JP the president has 30 seconds left.
|inactive|JP the president has 20 seconds left.
|inactive|JP the president has 15 seconds left.
|
|t:|1784595655
|switch|p2a: Garchomp|Garchomp, L50, M|100/100
|switch|p1a: Politoed|Politoed, L50, F|100/100
|-weather|RainDance|[from] ability: Drizzle|[of] p1a: Politoed
|move|p2b: Blastoise|Water Spout|p1a: Politoed|[spread] p1a,p1b
|-resisted|p1a: Politoed|1
|-resisted|p1b: Archaludon|1
|-damage|p1a: Politoed|42/100
|-damage|p1b: Archaludon|36/100
|-ability|p1b: Archaludon|Stamina|boost
|-boost|p1b: Archaludon|def|1
|-enditem|p1a: Politoed|Sitrus Berry|[eat]
|-heal|p1a: Politoed|67/100|[from] item: Sitrus Berry
|move|p1b: Archaludon|Electro Shot||[still]
|-prepare|p1b: Archaludon|Electro Shot
|-boost|p1b: Archaludon|spa|1
|-anim|p1b: Archaludon|Electro Shot|p2b: Blastoise
|-supereffective|p2b: Blastoise|1
|-damage|p2b: Blastoise|0 fnt
|faint|p2b: Blastoise
|
|-weather|RainDance|[upkeep]
|-heal|p1b: Archaludon|42/100|[from] item: Leftovers
|upkeep
|
|t:|1784595679
|switch|p2b: Lizardo|Charizard-Mega-Y, L50, M, shiny|100/100
|-weather|SunnyDay|[from] ability: Drought|[of] p2b: Lizardo
|turn|3
|
|t:|1784595686
|switch|p1a: Vivillon|Vivillon, L50, F|75/100
|move|p1b: Archaludon|Protect|p1b: Archaludon
|-singleturn|p1b: Archaludon|Protect
|move|p2a: Garchomp|Earthquake|p1a: Vivillon|[spread] 
|-activate|p1b: Archaludon|move: Protect
|-immune|p2b: Lizardo
|-immune|p1a: Vivillon
|move|p2b: Lizardo|Solar Beam||[still]
|-prepare|p2b: Lizardo|Solar Beam
|-anim|p2b: Lizardo|Solar Beam|p1a: Vivillon
|-resisted|p1a: Vivillon|2
|-damage|p1a: Vivillon|52/100
|
|-weather|SunnyDay|[upkeep]
|-heal|p1b: Archaludon|48/100|[from] item: Leftovers
|upkeep
|turn|4
|inactive|alkdfe has 30 seconds left.
|inactive|JP the president has 30 seconds left.
|inactive|alkdfe has 20 seconds left.
|inactive|JP the president has 20 seconds left.
|
|t:|1784595728
|switch|p1b: Politoed|Politoed, L50, F|67/100
|-weather|RainDance|[from] ability: Drizzle|[of] p1b: Politoed
|move|p2b: Lizardo|Protect|p2b: Lizardo
|-singleturn|p2b: Lizardo|Protect
|move|p2a: Garchomp|Earthquake|p1b: Politoed|[spread] p1b
|-activate|p2b: Lizardo|move: Protect
|-immune|p1a: Vivillon
|-damage|p1b: Politoed|16/100
|-damage|p2a: Garchomp|90/100|[from] item: Life Orb
|move|p1a: Vivillon|Sleep Powder|p2b: Lizardo
|-activate|p2b: Lizardo|move: Protect
|
|-weather|RainDance|[upkeep]
|upkeep
|turn|5
|inactive|alkdfe has 30 seconds left.
|inactive|alkdfe has 20 seconds left.
|
|t:|1784595763
|move|p2a: Garchomp|Earthquake|p1a: Vivillon|[spread] p1b
|-immune|p2b: Lizardo
|-immune|p1a: Vivillon
|-damage|p1b: Politoed|0 fnt
|faint|p1b: Politoed
|-damage|p2a: Garchomp|80/100|[from] item: Life Orb
|move|p2b: Lizardo|Ancient Power|p1a: Vivillon
|-supereffective|p1a: Vivillon|2
|-damage|p1a: Vivillon|0 fnt
|-boost|p2b: Lizardo|atk|1
|-boost|p2b: Lizardo|def|1
|-boost|p2b: Lizardo|spa|1
|-boost|p2b: Lizardo|spd|1
|-boost|p2b: Lizardo|spe|1
|faint|p1a: Vivillon
|
|-weather|RainDance|[upkeep]
|upkeep
|
|t:|1784595776
|switch|p1a: Archaludon|Archaludon, L50, M|48/100
|switch|p1b: Swampert|Swampert, L50, M|100/100
|turn|6
|inactive|JP the president has 30 seconds left.
|
|t:|1784595805
|switch|p2b: Venusaur|Venusaur, L50, M, shiny|100/100
|detailschange|p1b: Swampert|Swampert-Mega, L50, M
|-mega|p1b: Swampert|Swampert|Swampertite
|move|p1b: Swampert|Ice Punch|p2a: Garchomp
|-supereffective|p2a: Garchomp|2
|-damage|p2a: Garchomp|0 fnt
|-damage|p1b: Swampert|87/100|[from] ability: Rough Skin|[of] p2a: Garchomp
|faint|p2a: Garchomp
|move|p1a: Archaludon|Electro Shot||[still]
|-prepare|p1a: Archaludon|Electro Shot
|-boost|p1a: Archaludon|spa|1
|-anim|p1a: Archaludon|Electro Shot|p2b: Venusaur
|-resisted|p2b: Venusaur|1
|-damage|p2b: Venusaur|70/100
|
|-weather|RainDance|[upkeep]
|-heal|p2b: Venusaur|76/100|[from] item: Leftovers
|-heal|p1a: Archaludon|54/100|[from] item: Leftovers
|upkeep
|
|t:|1784595823
|switch|p2a: Lizardo|Charizard-Mega-Y, L50, M, shiny|100/100
|-weather|SunnyDay|[from] ability: Drought|[of] p2a: Lizardo
|turn|7
|inactive|alkdfe has 30 seconds left.
|
|t:|1784595857
|move|p1b: Swampert|Protect|p1b: Swampert
|-singleturn|p1b: Swampert|Protect
|move|p2b: Venusaur|Sleep Powder|p1a: Archaludon|[miss]
|-miss|p2b: Venusaur|p1a: Archaludon
|move|p2a: Lizardo|Solar Beam||[still]
|-prepare|p2a: Lizardo|Solar Beam
|-anim|p2a: Lizardo|Solar Beam|p1b: Swampert
|-activate|p1b: Swampert|move: Protect
|move|p1a: Archaludon|Dragon Pulse|p2a: Lizardo
|-damage|p2a: Lizardo|43/100
|
|-weather|SunnyDay|[upkeep]
|-heal|p2b: Venusaur|82/100|[from] item: Leftovers
|-heal|p1a: Archaludon|60/100|[from] item: Leftovers
|upkeep
|turn|8
|l|☆JP the president
|inactive|JP the president disconnected and has a minute to reconnect!
|player|p2|
|inactive|alkdfe has 30 seconds left.
|inactive|JP the president has 30 seconds left.
|inactive|JP the president has 20 seconds left.
|inactive|JP the president has 15 seconds left.
|inactive|JP the president has 10 seconds left.
|inactive|JP the president has 5 seconds left.
|j|☆JP the president
|inactive|JP the president reconnected and has 5 seconds left.
|player|p2|JP the president|steven|
|
|t:|1784595912
|move|p1a: Archaludon|Protect|p1a: Archaludon
|-singleturn|p1a: Archaludon|Protect
|move|p2b: Venusaur|Leech Seed|p1a: Archaludon
|-activate|p1a: Archaludon|move: Protect
|move|p2a: Lizardo|Heat Wave|p1b: Swampert|[spread] p1b
|-activate|p1a: Archaludon|move: Protect
|-resisted|p1b: Swampert|1
|-damage|p1b: Swampert|57/100
|move|p1b: Swampert|Wave Crash|p2a: Lizardo
|-supereffective|p2a: Lizardo|1
|-crit|p2a: Lizardo
|-damage|p2a: Lizardo|0 fnt
|faint|p2a: Lizardo
|-damage|p1b: Swampert|45/100|[from] Recoil
|
|-weather|SunnyDay|[upkeep]
|-heal|p2b: Venusaur|88/100|[from] item: Leftovers
|-heal|p1a: Archaludon|67/100|[from] item: Leftovers
|upkeep
|turn|9
|
|t:|1784595932
|move|p2b: Venusaur|Sludge Bomb|p1b: Swampert
|-resisted|p1b: Swampert|1
|-damage|p1b: Swampert|25/100
|move|p1b: Swampert|Ice Punch|p2b: Venusaur
|-supereffective|p2b: Venusaur|1
|-damage|p2b: Venusaur|11/100
|move|p1a: Archaludon|Dragon Pulse|p2b: Venusaur
|-damage|p2b: Venusaur|0 fnt
|faint|p2b: Venusaur
|
|win|alkdfe
|raw|alkdfe's rating: 1167 → 1192(+25 for winning)
|raw|JP the president's rating: 1166 → 1141(-25 for losing)
|c|☆alkdfe|gg
|l|☆JP the president
|player|p2|
