|j|☆Wearevilepersons
|j|☆daviduv
|html|Wearevilepersonsdaviduv    
|uhtml|bestof|Game 3 of a best-of-3
|t:|1755184192
|gametype|doubles
|player|p1|Wearevilepersons|169|1149
|player|p2|daviduv|blackbelt|1202
|gen|9
|tier|[Gen 9] VGC 2025 Reg H (Bo3)
|rated|
|rule|Species Clause: Limit one of each Pokémon
|rule|Item Clause: Limit 1 of each item
|clearpoke
|poke|p1|Archaludon, L50, M|
|poke|p1|Talonflame, L50, M|
|poke|p1|Pelipper, L50, M|
|poke|p1|Annihilape, L50, M|
|poke|p1|Amoonguss, L50, M|
|poke|p1|Weavile, L50, M|
|poke|p2|Oranguru, L50, M|
|poke|p2|Indeedee-F, L50, F|
|poke|p2|Torkoal, L50, F|
|poke|p2|Smeargle, L50, F|
|poke|p2|Hatterene, L50, F|
|poke|p2|Gallade, L50, M|
|teampreview|4
|showteam|p1|Archaludon||AssaultVest|Stamina|ElectroShot,DracoMeteor,BodyPress,Snarl|||M|||50|,,,,,Bug]Talonflame||CovertCloak|GaleWings|DualWingbeat,Taunt,RainDance,Tailwind|||M|||50|,,,,,Grass]Pelipper||MysticWater|Drizzle|WeatherBall,Hurricane,WideGuard,Protect|||M|||50|,,,,,Stellar]Annihilape||SafetyGoggles|Defiant|RageFist,DrainPunch,BulkUp,Protect|||M|||50|,,,,,Fire]Amoonguss||SitrusBerry|Regenerator|Spore,PollenPuff,RagePowder,ClearSmog|||M|||50|,,,,,Psychic]Weavile||FocusSash|Pickpocket|KnockOff,TripleAxel,BeatUp,FakeOut|||M|||50|,,,,,Ghost
|showteam|p2|Oranguru||SitrusBerry|InnerFocus|Protect,TrickRoom,Instruct,Encore|||M|||50|,,,,,Fire]Indeedee-F||MentalHerb|PsychicSurge|FollowMe,Psychic,TrickRoom,HelpingHand|||F|||50|,,,,,Grass]Torkoal||ChoiceSpecs|Drought|Eruption,Flamethrower,HeatWave,EarthPower|||F|||50|,,,,,Fire]Smeargle||FocusSash|Technician|FakeOut,FollowMe,Spore,Decorate|||F|||50|,,,,,Grass]Hatterene||LifeOrb|MagicBounce|ExpandingForce,DazzlingGleam,Psychic,TrickRoom|||F|||50|,,,,,Psychic]Gallade||ClearAmulet|Sharpness|PsychoCut,SacredSword,TrickRoom,WideGuard|||M|||50|,,,,,Fire
|
|t:|1755184225
|teamsize|p1|4
|teamsize|p2|4
|start
|switch|p1a: Archaludon|Archaludon, L50, M, shiny|100/100
|switch|p1b: Amoonguss|Amoonguss, L50, M, shiny|100/100
|switch|p2a: Oranguru|Oranguru, L50, M|100/100
|switch|p2b: Hatterene|Hatterene, L50, F|100/100
|turn|1
|
|t:|1755184259
|-terastallize|p1b: Amoonguss|Psychic
|move|p2a: Oranguru|Protect|p2a: Oranguru
|-singleturn|p2a: Oranguru|Protect
|move|p1a: Archaludon|Snarl|p2b: Hatterene|[spread] p2b
|-activate|p2a: Oranguru|move: Protect
|-crit|p2b: Hatterene
|-damage|p2b: Hatterene|79/100
|-unboost|p2b: Hatterene|spa|1
|move|p1b: Amoonguss|Spore|p2a: Oranguru
|-activate|p2a: Oranguru|move: Protect
|move|p2b: Hatterene|Trick Room|p2b: Hatterene
|-fieldstart|move: Trick Room|[of] p2b: Hatterene
|
|upkeep
|turn|2
|
|t:|1755184284
|switch|p2b: Torkoal|Torkoal, L50, F|100/100
|-weather|SunnyDay|[from] ability: Drought|[of] p2b: Torkoal
|switch|p2a: Indeedee|Indeedee-F, L50, F|100/100
|-fieldstart|move: Psychic Terrain|[from] ability: Psychic Surge|[of] p2a: Indeedee
|move|p1b: Amoonguss|Spore|p2a: Indeedee
|-status|p2a: Indeedee|slp|[from] move: Spore
|move|p1a: Archaludon|Snarl|p2a: Indeedee|[spread] p2a
|-miss|p1a: Archaludon|p2b: Torkoal
|-supereffective|p2a: Indeedee
|-crit|p2a: Indeedee
|-damage|p2a: Indeedee|59/100 slp
|-unboost|p2a: Indeedee|spa|1
|
|-weather|SunnyDay|[upkeep]
|upkeep
|turn|3
|
|t:|1755184319
|switch|p1b: Pelipper|Pelipper, L50, M, shiny|100/100
|-weather|RainDance|[from] ability: Drizzle|[of] p1b: Pelipper
|switch|p2a: Oranguru|Oranguru, L50, M|100/100
|-terastallize|p2b: Torkoal|Fire
|move|p2b: Torkoal|Eruption|p1a: Archaludon|[spread] p1a,p1b
|-resisted|p1b: Pelipper
|-damage|p1a: Archaludon|66/100
|-damage|p1b: Pelipper|59/100
|-ability|p1a: Archaludon|Stamina|boost
|-boost|p1a: Archaludon|def|1
|move|p1a: Archaludon|Snarl|p2b: Torkoal|[spread] p2a,p2b
|-supereffective|p2a: Oranguru
|-damage|p2a: Oranguru|80/100
|-damage|p2b: Torkoal|84/100
|-unboost|p2a: Oranguru|spa|1
|-unboost|p2b: Torkoal|spa|1
|
|-weather|RainDance|[upkeep]
|upkeep
|turn|4
|
|t:|1755184354
|switch|p2b: Hatterene|Hatterene, L50, F|79/100
|switch|p1b: Amoonguss|Amoonguss, L50, M, shiny, tera:Psychic|100/100
|move|p2a: Oranguru|Encore||[still]
|-fail|p2a: Oranguru
|move|p1a: Archaludon|Snarl|p2a: Oranguru|[spread] p2a,p2b
|-supereffective|p2a: Oranguru
|-damage|p2a: Oranguru|59/100
|-damage|p2b: Hatterene|65/100
|-unboost|p2a: Oranguru|spa|1
|-unboost|p2b: Hatterene|spa|1
|
|-weather|RainDance|[upkeep]
|upkeep
|turn|5
|
|t:|1755184379
|move|p2a: Oranguru|Protect|p2a: Oranguru
|-singleturn|p2a: Oranguru|Protect
|move|p2b: Hatterene|Dazzling Gleam|p1b: Amoonguss|[spread] p1a,p1b
|-damage|p1a: Archaludon|44/100
|-damage|p1b: Amoonguss|76/100
|-ability|p1a: Archaludon|Stamina|boost
|-boost|p1a: Archaludon|def|1
|-damage|p2b: Hatterene|55/100|[from] item: Life Orb
|move|p1b: Amoonguss|Spore|p2a: Oranguru
|-activate|p2a: Oranguru|move: Protect
|move|p1a: Archaludon|Snarl|p2b: Hatterene|[spread] p2b
|-activate|p2a: Oranguru|move: Protect
|-damage|p2b: Hatterene|40/100
|-unboost|p2b: Hatterene|spa|1
|
|-weather|RainDance|[upkeep]
|-fieldend|move: Trick Room
|upkeep
|turn|6
|-message|daviduv forfeited.
|
|win|Wearevilepersons
|raw|Wearevilepersons's rating: 1149 → 1178(+29 for winning)
|raw|daviduv's rating: 1202 → 1173(-29 for losing)
|l|☆daviduv
|player|p2|
