|j|☆panflex00
|j|☆Oriozz
|html|panflex00Oriozz    
|uhtml|bestof|Game 2 of a best-of-3
|t:|1783058659
|gametype|doubles
|player|p1|panflex00|steven-masters|1002
|player|p2|Oriozz|1|1103
|gen|9
|tier|[Gen 9 Champions] VGC 2026 Reg M-B (Bo3)
|rated|
|rule|Species Clause: Limit one of each Pokémon
|rule|Item Clause: Limit 1 of each item
|clearpoke
|poke|p1|Mimikyu, L50, M|
|poke|p1|Orthworm, L50, M|
|poke|p1|Garchomp, L50, M|
|poke|p1|Talonflame, L50, M|
|poke|p1|Farigiraf, L50, M|
|poke|p1|Raichu, L50, M|
|poke|p2|Kingambit, L50, F|
|poke|p2|Floette-Eternal, L50, F|
|poke|p2|Sneasler, L50, M|
|poke|p2|Incineroar, L50, M|
|poke|p2|Garchomp, L50, M|
|poke|p2|Sinistcha, L50|
|teampreview|4
|showteam|p1|Mimikyu||SpellTag|Disguise|ShadowClaw,PlayRough,DrainPunch,SwordsDance|Jolly||M|||50|]Orthworm||SitrusBerry|EarthEater|HeavySlam,BodyPress,ShedTail,HelpingHand|Impish||M|||50|]Garchomp||LifeOrb|RoughSkin|DragonClaw,Earthquake,RockSlide,Protect|Jolly||M|||50|]Talonflame|||GaleWings|FlareBlitz,Acrobatics,Tailwind,Protect|Jolly||M|||50|]Farigiraf||Leftovers|ArmorTail|HyperVoice,TwinBeam,Imprison,TrickRoom|Modest||M|||50|]Raichu||RaichuniteY|LightningRod|FakeOut,ZapCannon,FocusBlast,GrassKnot|Timid||M|||50|
|showteam|p2|Kingambit||ChopleBerry|Defiant|KowtowCleave,Protect,SuckerPunch,IronHead|Adamant||F|||50|]Floette-Eternal||Floettite|FlowerVeil|DazzlingGleam,DrainingKiss,Protect,CalmMind|Bold||F|||50|]Sneasler||FocusSash|Unburden|FakeOut,DireClaw,CloseCombat,Coaching|Jolly||M|||50|]Incineroar||Leftovers|Intimidate|FakeOut,FlareBlitz,PartingShot,HelpingHand|Careful||M|||50|]Garchomp||Garchompite|RoughSkin|Earthquake,StompingTantrum,RockSlide,Protect|Adamant||M|||50|]Sinistcha||SitrusBerry|Hospitality|Protect,MatchaGotcha,TrickRoom,RagePowder|Bold|||||50|
|inactive|Battle timer is ON: inactive players will automatically lose when time's up. (requested by Oriozz)
|inactive|Oriozz has 60 seconds left.
|inactive|Oriozz has 30 seconds left.
|inactive|Oriozz has 20 seconds left.
|
|t:|1783058735
|teamsize|p1|4
|teamsize|p2|4
|start
|switch|p1a: Talonflame|Talonflame, L50, M|100/100
|switch|p1b: Garchomp|Garchomp, L50, M|100/100
|switch|p2a: Kingambit|Kingambit, L50, F|100/100
|switch|p2b: Garchomp|Garchomp, L50, M|100/100
|turn|1
|inactive|panflex00 has 30 seconds left.
|inactive|Oriozz has 30 seconds left.
|
|t:|1783058767
|switch|p2a: Incineroar|Incineroar, L50, M|100/100
|-ability|p2a: Incineroar|Intimidate|boost
|-unboost|p1a: Talonflame|atk|1
|-unboost|p1b: Garchomp|atk|1
|detailschange|p2b: Garchomp|Garchomp-Mega, L50, M
|-mega|p2b: Garchomp|Garchomp|Garchompite
|move|p1a: Talonflame|Flare Blitz|p2a: Incineroar
|-resisted|p2a: Incineroar|1
|-damage|p2a: Incineroar|86/100
|-damage|p1a: Talonflame|94/100|[from] Recoil
|move|p1b: Garchomp|Dragon Claw|p2b: Garchomp
|-supereffective|p2b: Garchomp|1
|-damage|p2b: Garchomp|36/100
|-damage|p1b: Garchomp|90/100|[from] item: Life Orb
|move|p2b: Garchomp|Rock Slide|p1b: Garchomp|[spread] p1a,p1b
|-supereffective|p1a: Talonflame|2
|-crit|p1a: Talonflame
|-resisted|p1b: Garchomp|1
|-damage|p1a: Talonflame|0 fnt
|-damage|p1b: Garchomp|77/100
|faint|p1a: Talonflame
|
|-heal|p2a: Incineroar|92/100|[from] item: Leftovers
|upkeep
|
|t:|1783058789
|switch|p1a: Raichu|Raichu, L50, M|100/100
|turn|2
|inactive|Oriozz has 30 seconds left.
|
|t:|1783058823
|switch|p2a: Sneasler|Sneasler, L50, M|100/100
|detailschange|p1a: Raichu|Raichu-Mega-Y, L50, M
|-mega|p1a: Raichu|Raichu|Raichunite Y
|move|p2b: Garchomp|Protect|p2b: Garchomp
|-singleturn|p2b: Garchomp|Protect
|move|p1a: Raichu|Fake Out|p2a: Sneasler
|-damage|p2a: Sneasler|85/100
|move|p1b: Garchomp|Dragon Claw|p2b: Garchomp
|-activate|p2b: Garchomp|move: Protect
|
|upkeep
|turn|3
|inactive|Oriozz has 30 seconds left.
|
|t:|1783058857
|switch|p1a: Farigiraf|Farigiraf, L50, M|100/100
|move|p2a: Sneasler|Fake Out||[still]
|cant|p1a: Farigiraf|ability: Armor Tail|Fake Out|[of] p2a: Sneasler
|move|p1b: Garchomp|Dragon Claw|p2b: Garchomp
|-supereffective|p2b: Garchomp|1
|-damage|p2b: Garchomp|0 fnt
|faint|p2b: Garchomp
|-damage|p1b: Garchomp|67/100|[from] item: Life Orb
|
|upkeep
|inactive|Oriozz has 30 seconds left.
|
|t:|1783058884
|switch|p2b: Incineroar|Incineroar, L50, M|92/100
|-ability|p2b: Incineroar|Intimidate|boost
|-unboost|p1a: Farigiraf|atk|1
|-unboost|p1b: Garchomp|atk|1
|turn|4
|inactive|Oriozz has 30 seconds left.
|
|t:|1783058909
|switch|p2a: Kingambit|Kingambit, L50, F|100/100
|move|p1b: Garchomp|Rock Slide|p2a: Kingambit|[spread] p2a,p2b
|-resisted|p2a: Kingambit|1
|-crit|p2a: Kingambit
|-supereffective|p2b: Incineroar|1
|-damage|p2a: Kingambit|85/100
|-damage|p2b: Incineroar|69/100
|-damage|p1b: Garchomp|57/100|[from] item: Life Orb
|move|p1a: Farigiraf|Twin Beam|p2a: Kingambit
|-immune|p2a: Kingambit
|cant|p2b: Incineroar|flinch
|
|-heal|p2b: Incineroar|75/100|[from] item: Leftovers
|upkeep
|turn|5
|
|t:|1783058931
|move|p2b: Incineroar|Helping Hand|p2a: Kingambit
|-singleturn|p2a: Kingambit|Helping Hand|[of] p2b: Incineroar
|move|p1b: Garchomp|Earthquake|p2a: Kingambit|[spread] p1a,p2a,p2b
|-supereffective|p2a: Kingambit|1
|-supereffective|p2b: Incineroar|1
|-damage|p1a: Farigiraf|77/100
|-damage|p2a: Kingambit|54/100
|-damage|p2b: Incineroar|35/100
|-damage|p1b: Garchomp|48/100|[from] item: Life Orb
|move|p1a: Farigiraf|Hyper Voice|p2a: Kingambit|[spread] p2a,p2b
|-resisted|p2a: Kingambit|1
|-crit|p2a: Kingambit
|-crit|p2b: Incineroar
|-damage|p2a: Kingambit|30/100
|-damage|p2b: Incineroar|2/100
|move|p2a: Kingambit|Kowtow Cleave|p1a: Farigiraf
|-supereffective|p1a: Farigiraf|1
|-damage|p1a: Farigiraf|0 fnt
|faint|p1a: Farigiraf
|
|-heal|p2b: Incineroar|8/100|[from] item: Leftovers
|upkeep
|
|t:|1783058947
|switch|p1a: Raichu|Raichu-Mega-Y, L50, M|100/100
|turn|6
|inactive|Oriozz has 30 seconds left.
|
|t:|1783058982
|switch|p2b: Sneasler|Sneasler, L50, M|85/100
|move|p2a: Kingambit|Protect|p2a: Kingambit
|-singleturn|p2a: Kingambit|Protect
|move|p1a: Raichu|Fake Out|p2a: Kingambit
|-activate|p2a: Kingambit|move: Protect
|move|p1b: Garchomp|Rock Slide|p2b: Sneasler|[spread] p2b
|-activate|p2a: Kingambit|move: Protect
|-resisted|p2b: Sneasler|1
|-damage|p2b: Sneasler|75/100
|-damage|p1b: Garchomp|38/100|[from] item: Life Orb
|
|upkeep
|turn|7
|inactive|panflex00 has 30 seconds left.
|inactive|Oriozz has 30 seconds left.
|
|t:|1783059013
|move|p2b: Sneasler|Fake Out|p1a: Raichu
|-damage|p1a: Raichu|72/100
|move|p2a: Kingambit|Sucker Punch|p1b: Garchomp
|-damage|p1b: Garchomp|0 fnt
|-damage|p2a: Kingambit|18/100|[from] ability: Rough Skin|[of] p1b: Garchomp
|faint|p1b: Garchomp
|cant|p1a: Raichu|flinch
|
|upkeep
|turn|8
|
|t:|1783059027
|move|p2a: Kingambit|Sucker Punch|p1a: Raichu
|-crit|p1a: Raichu
|-damage|p1a: Raichu|0 fnt
|faint|p1a: Raichu
|
|win|Oriozz
|raw|panflex00's rating: 1002 → 1000(-2 for losing)
|raw|Oriozz's rating: 1103 → 1121(+18 for winning)
|l|☆panflex00
|player|p1|
