|j|☆kuwisi
|j|☆ExtraPlanet51
|html|kuwisiExtraPlanet51    
|uhtml|bestof|Game 2 of a best-of-3
|t:|1756880308
|gametype|doubles
|player|p1|kuwisi|iris-gen5bw2|1000
|player|p2|ExtraPlanet51|bugcatcher-gen4dp|1082
|gen|9
|tier|[Gen 9] VGC 2025 Reg H (Bo3)
|rated|
|rule|Species Clause: Limit one of each Pokémon
|rule|Item Clause: Limit 1 of each item
|clearpoke
|poke|p1|Maushold, L50|
|poke|p1|Annihilape, L50, F|
|poke|p1|Sinistcha, L50|
|poke|p1|Incineroar, L50, M|
|poke|p1|Pelipper, L50, F|
|poke|p1|Archaludon, L50, M|
|poke|p2|Basculegion, L50, M|
|poke|p2|Sinistcha, L50|
|poke|p2|Rillaboom, L50, M|
|poke|p2|Incineroar, L50, M|
|poke|p2|Pelipper, L50, F|
|poke|p2|Archaludon, L50, F|
|teampreview|4
|showteam|p1|Maushold||SafetyGoggles|FriendGuard|BeatUp,Taunt,FollowMe,Protect||||||50|,,,,,Ghost]Annihilape||Leftovers|Defiant|RageFist,DrainPunch,BulkUp,Protect|||F|||50|,,,,,Water]Sinistcha||RockyHelmet|Hospitality|MatchaGotcha,LifeDew,TrickRoom,RagePowder||||||50|,,,,,Dark]Incineroar||SitrusBerry|Intimidate|KnockOff,WillOWisp,PartingShot,FakeOut|||M|||50|,,,,,Grass]Pelipper||FocusSash|Drizzle|WeatherBall,Hurricane,WideGuard,Protect|||F|||50|,,,,,Stellar]Archaludon||AssaultVest|Stamina|ElectroShot,DracoMeteor,BodyPress,FlashCannon|||M|||50|,,,,,Grass
|showteam|p2|Basculegion||ChoiceBand|SwiftSwim|AquaJet,FlipTurn,WaveCrash,LastRespects|||M|||50|,,,,,Normal]Sinistcha||SitrusBerry|Hospitality|MatchaGotcha,TrickRoom,LifeDew,RagePowder||||||50|,,,,,Water]Rillaboom||LoadedDice|GrassySurge|FakeOut,GrassyGlide,BulletSeed,HighHorsepower|||M|||50|,,,,,Ground]Incineroar||SafetyGoggles|Intimidate|FakeOut,KnockOff,HelpingHand,PartingShot|||M|||50|,,,,,Grass]Pelipper||FocusSash|Drizzle|Hurricane,WeatherBall,Tailwind,Protect|||F|||50|,,,,,Ghost]Archaludon||AssaultVest|Stamina|ElectroShot,FlashCannon,DracoMeteor,BodyPress|||F|||50|,,,,,Grass
|inactive|Battle timer is ON: inactive players will automatically lose when time's up. (requested by kuwisi)
|inactive|ExtraPlanet51 has 60 seconds left.
|
|t:|1756880355
|teamsize|p1|4
|teamsize|p2|4
|start
|switch|p1a: Annihilape|Annihilape, L50, F|100/100
|switch|p1b: Maushold|Maushold, L50|100/100
|switch|p2a: Incineroar|Incineroar, L50, M|100/100
|switch|p2b: Rillaboom|Rillaboom, L50, M|100/100
|-fieldstart|move: Grassy Terrain|[from] ability: Grassy Surge|[of] p2b: Rillaboom
|-ability|p2a: Incineroar|Intimidate|boost
|-unboost|p1a: Annihilape|atk|1
|-ability|p1a: Annihilape|Defiant|boost
|-boost|p1a: Annihilape|atk|2
|-unboost|p1b: Maushold|atk|1
|turn|1
|inactive|ExtraPlanet51 has 30 seconds left.
|inactive|ExtraPlanet51 has 20 seconds left.
|
|t:|1756880391
|-terastallize|p2a: Incineroar|Grass
|move|p1b: Maushold|Protect|p1b: Maushold
|-singleturn|p1b: Maushold|Protect
|move|p1a: Annihilape|Bulk Up|p1a: Annihilape
|-boost|p1a: Annihilape|atk|1
|-boost|p1a: Annihilape|def|1
|move|p2b: Rillaboom|Bullet Seed|p1b: Maushold
|-activate|p1b: Maushold|move: Protect
|move|p2a: Incineroar|Parting Shot|p1a: Annihilape
|-unboost|p1a: Annihilape|atk|1
|-ability|p1a: Annihilape|Defiant|boost
|-boost|p1a: Annihilape|atk|2
|-unboost|p1a: Annihilape|spa|1
|-ability|p1a: Annihilape|Defiant|boost
|-boost|p1a: Annihilape|atk|2
|
|t:|1756880407
|switch|p2a: Pelipper|Pelipper, L50, F|100/100|[from] Parting Shot
|-weather|RainDance|[from] ability: Drizzle|[of] p2a: Pelipper
|
|-weather|RainDance|[upkeep]
|upkeep
|turn|2
|
|t:|1756880429
|switch|p1b: Archaludon|Archaludon, L50, M|100/100
|move|p1a: Annihilape|Protect|p1a: Annihilape
|-singleturn|p1a: Annihilape|Protect
|move|p2b: Rillaboom|Grassy Glide|p1b: Archaludon
|-resisted|p1b: Archaludon
|-damage|p1b: Archaludon|93/100
|-ability|p1b: Archaludon|Stamina|boost
|-boost|p1b: Archaludon|def|1
|move|p2a: Pelipper|Hurricane|p1a: Annihilape
|-activate|p1a: Annihilape|move: Protect
|
|-weather|RainDance|[upkeep]
|-heal|p1b: Archaludon|99/100|[from] Grassy Terrain
|upkeep
|turn|3
|inactive|ExtraPlanet51 has 30 seconds left.
|
|t:|1756880457
|switch|p2a: Archaludon|Archaludon, L50, F|100/100
|-terastallize|p1a: Annihilape|Water
|move|p1a: Annihilape|Drain Punch|p2b: Rillaboom
|-damage|p2b: Rillaboom|0 fnt
|faint|p2b: Rillaboom
|move|p1b: Archaludon|Electro Shot||[still]
|-prepare|p1b: Archaludon|Electro Shot
|-boost|p1b: Archaludon|spa|1
|-anim|p1b: Archaludon|Electro Shot|p2a: Archaludon
|-resisted|p2a: Archaludon
|-damage|p2a: Archaludon|75/100
|-ability|p2a: Archaludon|Stamina|boost
|-boost|p2a: Archaludon|def|1
|
|-weather|RainDance|[upkeep]
|-heal|p1b: Archaludon|100/100|[from] Grassy Terrain
|-heal|p2a: Archaludon|81/100|[from] Grassy Terrain
|upkeep
|
|t:|1756880475
|switch|p2b: Incineroar|Incineroar, L50, M, tera:Grass|100/100
|-ability|p2b: Incineroar|Intimidate|boost
|-unboost|p1a: Annihilape|atk|1
|-ability|p1a: Annihilape|Defiant|boost
|-boost|p1a: Annihilape|atk|2
|-unboost|p1b: Archaludon|atk|1
|turn|4
|
|t:|1756880489
|move|p1a: Annihilape|Protect|p1a: Annihilape
|-singleturn|p1a: Annihilape|Protect
|move|p2b: Incineroar|Fake Out|p1a: Annihilape
|-activate|p1a: Annihilape|move: Protect
|move|p1b: Archaludon|Flash Cannon|p2b: Incineroar
|-damage|p2b: Incineroar|54/100
|-unboost|p2b: Incineroar|spd|1
|move|p2a: Archaludon|Electro Shot||[still]
|-prepare|p2a: Archaludon|Electro Shot
|-boost|p2a: Archaludon|spa|1
|-anim|p2a: Archaludon|Electro Shot|p1a: Annihilape
|-activate|p1a: Annihilape|move: Protect
|
|-weather|RainDance|[upkeep]
|-heal|p2a: Archaludon|87/100|[from] Grassy Terrain
|-heal|p2b: Incineroar|60/100|[from] Grassy Terrain
|upkeep
|turn|5
|inactive|ExtraPlanet51 has 30 seconds left.
|
|t:|1756880515
|move|p1a: Annihilape|Drain Punch|p2a: Archaludon
|-supereffective|p2a: Archaludon
|-damage|p2a: Archaludon|0 fnt
|faint|p2a: Archaludon
|move|p1b: Archaludon|Draco Meteor|p2b: Incineroar
|-damage|p2b: Incineroar|0 fnt
|-unboost|p1b: Archaludon|spa|2
|faint|p2b: Incineroar
|
|-weather|none
|-fieldend|move: Grassy Terrain
|upkeep
|inactive|ExtraPlanet51 has 30 seconds left.
|
|t:|1756880543
|switch|p2a: Pelipper|Pelipper, L50, F|100/100
|-weather|RainDance|[from] ability: Drizzle|[of] p2a: Pelipper
|turn|6
|inactive|kuwisi has 30 seconds left.
|inactive|kuwisi has 20 seconds left.
|inactive|kuwisi has 15 seconds left.
|inactive|kuwisi has 10 seconds left.
|inactive|kuwisi has 5 seconds left.
|
|t:|1756880596
|move|p1a: Annihilape|Rage Fist|p2a: Pelipper
|-enditem|p2a: Pelipper|Focus Sash
|-damage|p2a: Pelipper|1/100
|move|p2a: Pelipper|Hurricane|p1a: Annihilape
|-damage|p1a: Annihilape|57/100
|move|p1b: Archaludon|Electro Shot||[still]
|-prepare|p1b: Archaludon|Electro Shot
|-boost|p1b: Archaludon|spa|1
|-anim|p1b: Archaludon|Electro Shot|p2a: Pelipper
|-supereffective|p2a: Pelipper
|-damage|p2a: Pelipper|0 fnt
|faint|p2a: Pelipper
|
|win|kuwisi
||ExtraPlanet51 is ready for game 3.
|inactive|kuwisi has 30 seconds to confirm battle start!
||kuwisi is ready for game 3.
|uhtml|next|Next: Game 3 of 3
|l|☆kuwisi
|player|p1|
