|j|☆saboyita
|j|☆kojay
|html|saboyitakojay    
|uhtml|bestof|Game 1 of a best-of-3
|t:|1756841917
|gametype|doubles
|player|p1|saboyita|grimsley|1169
|player|p2|kojay|kamado-armor|1249
|gen|9
|tier|[Gen 9] VGC 2025 Reg H (Bo3)
|rated|
|rule|Species Clause: Limit one of each Pokémon
|rule|Item Clause: Limit 1 of each item
|clearpoke
|poke|p1|Incineroar, L50, M|
|poke|p1|Rillaboom, L50, F|
|poke|p1|Ursaluna-Bloodmoon, L50, M|
|poke|p1|Sneasler, L50, F|
|poke|p1|Dragonite, L50, M|
|poke|p1|Gholdengo, L50|
|poke|p2|Garchomp, L50, M|
|poke|p2|Sneasler, L50, F|
|poke|p2|Incineroar, L50, M|
|poke|p2|Dragonite, L50, M|
|poke|p2|Gholdengo, L50|
|poke|p2|Dusclops, L50, M|
|teampreview|4
|showteam|p1|Incineroar||SafetyGoggles|Intimidate|FlareBlitz,KnockOff,FakeOut,PartingShot|||M|||50|,,,,,Ghost]Rillaboom||AssaultVest|GrassySurge|WoodHammer,GrassyGlide,FakeOut,HighHorsepower|||F|||50|,,,,,Fire]Ursaluna-Bloodmoon||Leftovers|MindsEye|BloodMoon,EarthPower,CalmMind,Protect|||M|||50|,,,,,Electric]Sneasler||FocusSash|PoisonTouch|CloseCombat,DireClaw,FakeOut,Coaching|||F|||50|,,,,,Ghost]Dragonite||LoadedDice|Multiscale|ScaleShot,Tailwind,Haze,Protect|||M|||50|,,,,,Steel]Gholdengo||LifeOrb|GoodasGold|MakeItRain,ShadowBall,NastyPlot,Protect||||||50|,,,,,Water
|showteam|p2|Garchomp||LifeOrb|RoughSkin|Earthquake,DragonClaw,StompingTantrum,Protect|||M|||50|,,,,,Ground]Sneasler||WhiteHerb|Unburden|Coaching,Protect,DireClaw,CloseCombat|||F|||50|,,,,,Ghost]Incineroar||SafetyGoggles|Intimidate|FakeOut,FlareBlitz,KnockOff,PartingShot|||M|||50|,,,,,Ghost]Dragonite||LoadedDice|InnerFocus|TeraBlast,ScaleShot,Tailwind,Protect|||M|||50|,,,,,Flying]Gholdengo||ChoiceScarf|GoodasGold|MakeItRain,ShadowBall,Trick,Thunderbolt||||||50|,,,,,Steel]Dusclops||Eviolite|Frisk|TrickRoom,Imprison,Haze,IceBeam|||M|||50|,,,,,Fire
|inactive|Battle timer is ON: inactive players will automatically lose when time's up. (requested by saboyita)
|inactive|saboyita has 60 seconds left.
|inactive|kojay has 60 seconds left.
|inactive|saboyita has 30 seconds left.
|inactive|kojay has 30 seconds left.
|inactive|saboyita has 20 seconds left.
|inactive|saboyita has 15 seconds left.
|inactive|saboyita has 10 seconds left.
|inactive|saboyita has 5 seconds left.
|
|t:|1756842004
|teamsize|p1|4
|teamsize|p2|4
|start
|switch|p1a: Sneasler|Sneasler, L50, F|100/100
|switch|p1b: Dragonite|Dragonite, L50, M|100/100
|switch|p2a: Dragonite|Dragonite, L50, M, shiny|100/100
|switch|p2b: Gholdengo|Gholdengo, L50|100/100
|turn|1
|inactive|saboyita has 30 seconds left.
|inactive|kojay has 30 seconds left.
|inactive|saboyita has 20 seconds left.
|inactive|kojay has 20 seconds left.
|
|t:|1756842043
|switch|p2b: Dalinar|Incineroar, L50, M, shiny|100/100
|-ability|p2b: Dalinar|Intimidate|boost
|-unboost|p1a: Sneasler|atk|1
|-unboost|p1b: Dragonite|atk|1
|switch|p1a: Gholdengo|Gholdengo, L50|100/100
|-terastallize|p2a: Dragonite|Flying
|-terastallize|p1b: Dragonite|Steel
|move|p2a: Dragonite|Scale Shot|p1a: Gholdengo
|-resisted|p1a: Gholdengo
|-damage|p1a: Gholdengo|93/100
|-resisted|p1a: Gholdengo
|-damage|p1a: Gholdengo|85/100
|-resisted|p1a: Gholdengo
|-damage|p1a: Gholdengo|77/100
|-resisted|p1a: Gholdengo
|-damage|p1a: Gholdengo|69/100
|-hitcount|p1a: Gholdengo|4
|-unboost|p2a: Dragonite|def|1
|-boost|p2a: Dragonite|spe|1
|move|p1b: Dragonite|Tailwind|p1b: Dragonite
|-sidestart|p1: saboyita|move: Tailwind
|
|upkeep
|turn|2
|inactive|saboyita has 30 seconds left.
|inactive|saboyita has 20 seconds left.
|inactive|saboyita has 15 seconds left.
|inactive|saboyita has 10 seconds left.
|inactive|saboyita has 5 seconds left.
|
|t:|1756842098
|move|p2b: Dalinar|Fake Out|p1b: Dragonite
|-resisted|p1b: Dragonite
|-damage|p1b: Dragonite|97/100
|move|p1a: Gholdengo|Make It Rain|p2b: Dalinar|[spread] p2a,p2b
|-resisted|p2b: Dalinar
|-damage|p2a: Dragonite|41/100
|-damage|p2b: Dalinar|70/100
|-unboost|p1a: Gholdengo|spa|1
|-damage|p1a: Gholdengo|59/100|[from] item: Life Orb
|cant|p1b: Dragonite|flinch
|move|p2a: Dragonite|Tailwind|p2a: Dragonite
|-sidestart|p2: kojay|move: Tailwind
|
|upkeep
|turn|3
|inactive|saboyita has 30 seconds left.
|inactive|kojay has 30 seconds left.
|inactive|kojay has 20 seconds left.
|inactive|kojay has 15 seconds left.
|
|t:|1756842140
|switch|p1b: Sneasler|Sneasler, L50, F|100/100
|move|p1a: Gholdengo|Protect|p1a: Gholdengo
|-singleturn|p1a: Gholdengo|Protect
|move|p2a: Dragonite|Tera Blast|p1a: Gholdengo|[anim] Tera Blast Flying
|-activate|p1a: Gholdengo|move: Protect
|move|p2b: Dalinar|Flare Blitz|p1b: Sneasler
|-enditem|p1b: Sneasler|Focus Sash
|-damage|p1b: Sneasler|1/100
|-damage|p2b: Dalinar|44/100|[from] Recoil
|
|upkeep
|turn|4
|inactive|saboyita has 30 seconds left.
|
|t:|1756842171
|switch|p2b: Gholdengo|Gholdengo, L50|100/100
|move|p2a: Dragonite|Tera Blast|p1b: Sneasler|[anim] Tera Blast Flying
|-supereffective|p1b: Sneasler
|-damage|p1b: Sneasler|0 fnt
|faint|p1b: Sneasler
|move|p1a: Gholdengo|Nasty Plot|p1a: Gholdengo
|-boost|p1a: Gholdengo|spa|2
|
|-sideend|p1: saboyita|move: Tailwind
|upkeep
|
|t:|1756842190
|switch|p1b: Dragonite|Dragonite, L50, M, tera:Steel|97/100
|turn|5
|
|t:|1756842212
|move|p2b: Gholdengo|Shadow Ball|p1b: Dragonite
|-damage|p1b: Dragonite|56/100
|move|p2a: Dragonite|Tera Blast|p1b: Dragonite|[anim] Tera Blast Flying
|-resisted|p1b: Dragonite
|-damage|p1b: Dragonite|22/100
|move|p1a: Gholdengo|Nasty Plot|p1a: Gholdengo
|-boost|p1a: Gholdengo|spa|2
|move|p1b: Dragonite|Tailwind|p1b: Dragonite
|-sidestart|p1: saboyita|move: Tailwind
|
|-sideend|p2: kojay|move: Tailwind
|upkeep
|turn|6
|
|t:|1756842235
|move|p2a: Dragonite|Protect|p2a: Dragonite
|-singleturn|p2a: Dragonite|Protect
|move|p1a: Gholdengo|Shadow Ball|p2b: Gholdengo
|-supereffective|p2b: Gholdengo
|-damage|p2b: Gholdengo|0 fnt
|faint|p2b: Gholdengo
|-damage|p1a: Gholdengo|49/100|[from] item: Life Orb
|move|p1b: Dragonite|Scale Shot|p2a: Dragonite
|-activate|p2a: Dragonite|move: Protect
|
|upkeep
|
|t:|1756842242
|switch|p2b: Dalinar|Incineroar, L50, M, shiny|44/100
|-ability|p2b: Dalinar|Intimidate|boost
|-unboost|p1a: Gholdengo|atk|1
|-unboost|p1b: Dragonite|atk|1
|turn|7
|inactive|saboyita has 30 seconds left.
|
|t:|1756842271
|move|p2a: Dragonite|Protect||[still]
|-fail|p2a: Dragonite
|move|p1a: Gholdengo|Shadow Ball|p2a: Dragonite
|-damage|p2a: Dragonite|0 fnt
|faint|p2a: Dragonite
|-damage|p1a: Gholdengo|39/100|[from] item: Life Orb
|move|p1b: Dragonite|Scale Shot|p2b: Dalinar
|-damage|p2b: Dalinar|34/100
|-damage|p2b: Dalinar|26/100
|-damage|p2b: Dalinar|17/100
|-damage|p2b: Dalinar|7/100
|-damage|p2b: Dalinar|0 fnt
|faint|p2b: Dalinar
|-hitcount|p2: Dalinar|5
|-unboost|p1b: Dragonite|def|1
|-boost|p1b: Dragonite|spe|1
|
|upkeep
|
|t:|1756842275
|switch|p2a: Kaladin|Garchomp, L50, M, shiny|100/100
|turn|8
|inactive|saboyita has 30 seconds left.
|
|t:|1756842301
|move|p2a: Kaladin|Protect|p2a: Kaladin
|-singleturn|p2a: Kaladin|Protect
|move|p1b: Dragonite|Scale Shot|p2a: Kaladin
|-activate|p2a: Kaladin|move: Protect
|move|p1a: Gholdengo|Shadow Ball|p2a: Kaladin
|-activate|p2a: Kaladin|move: Protect
|
|-sideend|p1: saboyita|move: Tailwind
|upkeep
|turn|9
|
|t:|1756842326
|move|p1b: Dragonite|Tailwind|p1b: Dragonite
|-sidestart|p1: saboyita|move: Tailwind
|move|p1a: Gholdengo|Shadow Ball|p2a: Kaladin
|-damage|p2a: Kaladin|0 fnt
|faint|p2a: Kaladin
|-damage|p1a: Gholdengo|29/100|[from] item: Life Orb
|
|win|saboyita
