|j|☆Uncreative7452
|j|☆regalac3
|html|Uncreative7452regalac3    
|uhtml|bestof|Game 2 of a best-of-3
|t:|1756774203
|gametype|doubles
|player|p1|Uncreative7452|tuber|1063
|player|p2|regalac3|n|1102
|gen|9
|tier|[Gen 9] VGC 2025 Reg H (Bo3)
|rated|
|rule|Species Clause: Limit one of each Pokémon
|rule|Item Clause: Limit 1 of each item
|clearpoke
|poke|p1|Rillaboom, L50, M|
|poke|p1|Gallade, L50, M|
|poke|p1|Magmar, L50, F|
|poke|p1|Bronzong, L50|
|poke|p1|Primarina, L50, F|
|poke|p1|Alcremie, L50, F|
|poke|p2|Pelipper, L50, M|
|poke|p2|Basculegion, L50, M|
|poke|p2|Archaludon, L50, M|
|poke|p2|Annihilape, L50, M|
|poke|p2|Rillaboom, L50, M|
|poke|p2|Maushold-Four, L50|
|teampreview|4
|showteam|p1|Rillaboom||AssaultVest|GrassySurge|GrassyGlide,WoodHammer,Uturn,FakeOut|||M|||50|,,,,,Fire]Gallade||SafetyGoggles|Sharpness|PsychoCut,SacredSword,WideGuard,TrickRoom|||M|||50|,,,,,Fire]Magmar||Eviolite|VitalSpirit|FollowMe,HeatWave,WillOWisp,Protect|||F|||50|,,,,,Ghost]Bronzong||CovertCloak|HeavyMetal|HeavySlam,TrickRoom,BodyPress,GyroBall||||||50|,,,,,Water]Primarina||ThroatSpray|LiquidVoice|HyperVoice,Moonblast,Protect,Encore|||F|||50|,,,,,Water]Alcremie||SitrusBerry|AromaVeil|AlluringVoice,Decorate,Protect,HelpingHand|||F|||50|,,,,,Steel
|showteam|p2|Pelipper||FocusSash|Drizzle|Hurricane,WeatherBall,WideGuard,Protect|||M|||50|,,,,,Stellar]Basculegion||LifeOrb|SwiftSwim|WaveCrash,LastRespects,AquaJet,Protect|||M|||50|,,,,,Water]Archaludon||AssaultVest|Stamina|FlashCannon,DracoMeteor,ElectroShot,BodyPress|||M|||50|,,,,,Bug]Annihilape||Leftovers|Defiant|RageFist,DrainPunch,BulkUp,Protect|||M|||50|,,,,,Fire]Rillaboom||LoadedDice|GrassySurge|BulletSeed,GrassyGlide,HighHorsepower,FakeOut|||M|||50|,,,,,Water]Maushold-Four||SafetyGoggles|FriendGuard|BeatUp,FollowMe,Taunt,Protect||||||50|,,,,,Ghost
|inactive|Battle timer is ON: inactive players will automatically lose when time's up. (requested by regalac3)
|inactive|regalac3 has 60 seconds left.
|
|t:|1756774244
|teamsize|p1|4
|teamsize|p2|4
|start
|switch|p1a: Alcremie|Alcremie, L50, F|100/100
|switch|p1b: Gallade|Gallade, L50, M|100/100
|switch|p2a: Rillaboom|Rillaboom, L50, M|100/100
|switch|p2b: Archaludon|Archaludon, L50, M|100/100
|-fieldstart|move: Grassy Terrain|[from] ability: Grassy Surge|[of] p2a: Rillaboom
|turn|1
|inactive|Uncreative7452 has 30 seconds left.
|
|t:|1756774277
|move|p2a: Rillaboom|Fake Out|p1b: Gallade
|-damage|p1b: Gallade|83/100
|move|p2b: Archaludon|Flash Cannon|p1a: Alcremie
|-supereffective|p1a: Alcremie
|-damage|p1a: Alcremie|44/100
|-enditem|p1a: Alcremie|Sitrus Berry|[eat]
|-heal|p1a: Alcremie|69/100|[from] item: Sitrus Berry
|cant|p1b: Gallade|flinch
|move|p1a: Alcremie|Alluring Voice|p2b: Archaludon
|-damage|p2b: Archaludon|82/100
|-ability|p2b: Archaludon|Stamina|boost
|-boost|p2b: Archaludon|def|1
|
|-heal|p2b: Archaludon|88/100|[from] Grassy Terrain
|-heal|p1b: Gallade|89/100|[from] Grassy Terrain
|-heal|p1a: Alcremie|74/100|[from] Grassy Terrain
|upkeep
|turn|2
|
|t:|1756774302
|move|p1a: Alcremie|Protect|p1a: Alcremie
|-singleturn|p1a: Alcremie|Protect
|move|p2a: Rillaboom|Bullet Seed|p1b: Gallade
|-damage|p1b: Gallade|65/100
|-damage|p1b: Gallade|45/100
|-damage|p1b: Gallade|22/100
|-damage|p1b: Gallade|2/100
|-hitcount|p1b: Gallade|4
|move|p2b: Archaludon|Flash Cannon|p1a: Alcremie
|-activate|p1a: Alcremie|move: Protect
|move|p1b: Gallade|Sacred Sword|p2b: Archaludon
|-supereffective|p2b: Archaludon
|-damage|p2b: Archaludon|0 fnt
|faint|p2b: Archaludon
|
|-heal|p1b: Gallade|8/100|[from] Grassy Terrain
|-heal|p1a: Alcremie|80/100|[from] Grassy Terrain
|upkeep
|
|t:|1756774311
|switch|p2b: Annihilape|Annihilape, L50, M|100/100
|turn|3
|
|t:|1756774333
|switch|p1b: Rillaboom|Rillaboom, L50, M|100/100
|move|p2a: Rillaboom|Grassy Glide|p1b: Rillaboom
|-resisted|p1b: Rillaboom
|-damage|p1b: Rillaboom|82/100
|move|p2b: Annihilape|Bulk Up|p2b: Annihilape
|-boost|p2b: Annihilape|atk|1
|-boost|p2b: Annihilape|def|1
|move|p1a: Alcremie|Alluring Voice|p2b: Annihilape
|-supereffective|p2b: Annihilape
|-damage|p2b: Annihilape|39/100
|-start|p2b: Annihilape|confusion
|
|-heal|p2b: Annihilape|45/100|[from] Grassy Terrain
|-heal|p2b: Annihilape|51/100|[from] item: Leftovers
|-heal|p1b: Rillaboom|88/100|[from] Grassy Terrain
|-heal|p1a: Alcremie|86/100|[from] Grassy Terrain
|upkeep
|turn|4
|
|t:|1756774356
|move|p1b: Rillaboom|Fake Out|p2a: Rillaboom
|-damage|p2a: Rillaboom|89/100
|-activate|p2b: Annihilape|confusion
|move|p2b: Annihilape|Drain Punch|p1b: Rillaboom
|-damage|p1b: Rillaboom|45/100
|-heal|p2b: Annihilape|73/100|[from] drain|[of] p1b: Rillaboom
|cant|p2a: Rillaboom|flinch
|move|p1a: Alcremie|Alluring Voice|p2b: Annihilape
|-supereffective|p2b: Annihilape
|-damage|p2b: Annihilape|17/100
|
|-heal|p2b: Annihilape|23/100|[from] Grassy Terrain
|-heal|p2b: Annihilape|29/100|[from] item: Leftovers
|-heal|p2a: Rillaboom|95/100|[from] Grassy Terrain
|-heal|p1b: Rillaboom|51/100|[from] Grassy Terrain
|-heal|p1a: Alcremie|92/100|[from] Grassy Terrain
|upkeep
|turn|5
|
|t:|1756774372
|-end|p2b: Annihilape|confusion
|move|p2b: Annihilape|Protect|p2b: Annihilape
|-singleturn|p2b: Annihilape|Protect
|move|p1b: Rillaboom|Grassy Glide|p2b: Annihilape
|-activate|p2b: Annihilape|move: Protect
|move|p2a: Rillaboom|Bullet Seed|p1b: Rillaboom
|-resisted|p1b: Rillaboom
|-damage|p1b: Rillaboom|44/100
|-resisted|p1b: Rillaboom
|-damage|p1b: Rillaboom|36/100
|-resisted|p1b: Rillaboom
|-damage|p1b: Rillaboom|28/100
|-resisted|p1b: Rillaboom
|-damage|p1b: Rillaboom|19/100
|-hitcount|p1b: Rillaboom|4
|move|p1a: Alcremie|Alluring Voice|p2b: Annihilape
|-activate|p2b: Annihilape|move: Protect
|
|-heal|p2b: Annihilape|36/100|[from] Grassy Terrain
|-heal|p2b: Annihilape|42/100|[from] item: Leftovers
|-heal|p2a: Rillaboom|100/100|[from] Grassy Terrain
|-heal|p1b: Rillaboom|25/100|[from] Grassy Terrain
|-heal|p1a: Alcremie|98/100|[from] Grassy Terrain
|-fieldend|move: Grassy Terrain
|upkeep
|turn|6
|inactive|regalac3 has 30 seconds left.
|
|t:|1756774402
|switch|p1b: Gallade|Gallade, L50, M|8/100
|-terastallize|p2b: Annihilape|Fire
|move|p2b: Annihilape|Rage Fist|p1a: Alcremie
|-damage|p1a: Alcremie|0 fnt
|faint|p1a: Alcremie
|move|p2a: Rillaboom|Bullet Seed|p1b: Gallade
|-crit|p1b: Gallade
|-damage|p1b: Gallade|0 fnt
|faint|p1b: Gallade
|-hitcount|p1: Gallade|1
|
|-heal|p2b: Annihilape|48/100|[from] item: Leftovers
|upkeep
|
|t:|1756774409
|switch|p1b: Primarina|Primarina, L50, F|100/100
|switch|p1a: Rillaboom|Rillaboom, L50, M|25/100
|-fieldstart|move: Grassy Terrain|[from] ability: Grassy Surge|[of] p1a: Rillaboom
|turn|7
|
|t:|1756774420
|move|p2b: Annihilape|Protect|p2b: Annihilape
|-singleturn|p2b: Annihilape|Protect
|move|p1a: Rillaboom|Fake Out|p2a: Rillaboom
|-damage|p2a: Rillaboom|89/100
|cant|p2a: Rillaboom|flinch
|move|p1b: Primarina|Hyper Voice|p2a: Rillaboom|[spread] p2a
|-activate|p2b: Annihilape|move: Protect
|-resisted|p2a: Rillaboom
|-damage|p2a: Rillaboom|69/100
|-enditem|p1b: Primarina|Throat Spray
|-boost|p1b: Primarina|spa|1|[from] item: Throat Spray
|
|-heal|p2b: Annihilape|54/100|[from] Grassy Terrain
|-heal|p2b: Annihilape|61/100|[from] item: Leftovers
|-heal|p2a: Rillaboom|75/100|[from] Grassy Terrain
|-heal|p1a: Rillaboom|31/100|[from] Grassy Terrain
|upkeep
|turn|8
|inactive|regalac3 has 30 seconds left.
|
|t:|1756774454
|move|p2b: Annihilape|Rage Fist|p1a: Rillaboom
|-damage|p1a: Rillaboom|0 fnt
|faint|p1a: Rillaboom
|move|p2a: Rillaboom|Bullet Seed|p1b: Primarina
|-supereffective|p1b: Primarina
|-damage|p1b: Primarina|62/100
|-supereffective|p1b: Primarina
|-damage|p1b: Primarina|26/100
|-supereffective|p1b: Primarina
|-damage|p1b: Primarina|0 fnt
|faint|p1b: Primarina
|-hitcount|p1: Primarina|3
|
|win|regalac3
|raw|Uncreative7452's rating: 1063 → 1046(-17 for losing)
|raw|regalac3's rating: 1102 → 1124(+22 for winning)
|l|☆Uncreative7452
|player|p1|
