|j|☆random_gibus
|j|☆natsukivgc
|html|random_gibusnatsukivgc    
|uhtml|bestof|Game 2 of a best-of-3
|t:|1785700993
|gametype|doubles
|player|p1|random_gibus|101|1157
|player|p2|natsukivgc|102|1295
|gen|9
|tier|[Gen 9 Champions] VGC 2026 Reg M-B (Bo3)
|rated|
|rule|Species Clause: Limit one of each Pokémon
|rule|Item Clause: Limit 1 of each item
|clearpoke
|poke|p1|Gholdengo, L50|
|poke|p1|Excadrill, L50, F|
|poke|p1|Tyranitar, L50, F|
|poke|p1|Sinistcha, L50|
|poke|p1|Staraptor, L50, F|
|poke|p1|Whimsicott, L50, M|
|poke|p2|Garchomp, L50, F|
|poke|p2|Charizard, L50, F|
|poke|p2|Kingambit, L50, F|
|poke|p2|Basculegion, L50, M|
|poke|p2|Whimsicott, L50, F|
|poke|p2|Floette-Eternal, L50, F|
|teampreview|4
|showteam|p1|Gholdengo||LifeOrb|GoodasGold|MakeItRain,ShadowBall,DazzlingGleam,Protect|Modest|||||50|]Excadrill||FocusSash|SandRush|Earthquake,IronHead,RockSlide,Protect|Adamant||F|||50|]Tyranitar||Tyranitarite|SandStream|RockSlide,KnockOff,LowKick,Protect|Adamant||F|||50|]Sinistcha||OccaBerry|Hospitality|MatchaGotcha,RagePowder,TrickRoom,Protect|Sassy|||||50|]Staraptor||Staraptite|Intimidate|BraveBird,CloseCombat,Tailwind,Protect|Jolly||F|||50|]Whimsicott||MentalHerb|Prankster|Moonblast,Encore,Tailwind,Protect|Modest||M|||50|
|showteam|p2|Garchomp||SitrusBerry|RoughSkin|RockSlide,DragonTail,StompingTantrum,PoisonJab|Adamant||F|||50|]Charizard||CharizarditeY|Blaze|HeatWave,SolarBeam,WeatherBall,Protect|Modest||F|||50|]Kingambit||LifeOrb|Defiant|KowtowCleave,IronHead,SuckerPunch,LowKick|Adamant||F|||50|]Basculegion||ChoiceScarf|Adaptability|LastRespects,WaveCrash,FlipTurn,AquaJet|Jolly||M|||50|]Whimsicott||FocusSash|Prankster|Tailwind,Moonblast,Encore,Protect|Timid||F|||50|]Floette-Eternal||Floettite|FlowerVeil|DazzlingGleam,Moonblast,LightofRuin,Protect|Modest||F|||50|
|
|t:|1785701004
|teamsize|p1|4
|teamsize|p2|4
|start
|switch|p1a: Whimsicott|Whimsicott, L50, M|100/100
|switch|p1b: Gholdengo|Gholdengo, L50|100/100
|switch|p2a: Whimsicott|Whimsicott, L50, F|100/100
|switch|p2b: Charizard|Charizard, L50, F|100/100
|turn|1
|
|t:|1785701019
|detailschange|p2b: Charizard|Charizard-Mega-Y, L50, F
|-mega|p2b: Charizard|Charizard|Charizardite Y
|-weather|SunnyDay|[from] ability: Drought|[of] p2b: Charizard
|move|p1a: Whimsicott|Protect|p1a: Whimsicott
|-singleturn|p1a: Whimsicott|Protect
|move|p1b: Gholdengo|Protect|p1b: Gholdengo
|-singleturn|p1b: Gholdengo|Protect
|move|p2a: Whimsicott|Tailwind|p2a: Whimsicott
|-sidestart|p2: natsukivgc|move: Tailwind
|move|p2b: Charizard|Heat Wave|p1b: Gholdengo|[spread] 
|-activate|p1a: Whimsicott|move: Protect
|-activate|p1b: Gholdengo|move: Protect
|
|-weather|SunnyDay|[upkeep]
|upkeep
|turn|2
|
|t:|1785701037
|switch|p1b: Tyranitar|Tyranitar, L50, F|100/100
|-weather|Sandstorm|[from] ability: Sand Stream|[of] p1b: Tyranitar
|move|p1a: Whimsicott|Tailwind|p1a: Whimsicott
|-sidestart|p1: random_gibus|move: Tailwind
|move|p2a: Whimsicott|Moonblast|p1b: Tyranitar
|-supereffective|p1b: Tyranitar|1
|-damage|p1b: Tyranitar|52/100
|move|p2b: Charizard|Heat Wave|p1a: Whimsicott|[spread] p1a
|-miss|p2b: Charizard|p1b: Tyranitar
|-supereffective|p1a: Whimsicott|1
|-damage|p1a: Whimsicott|0 fnt
|faint|p1a: Whimsicott
|
|-weather|Sandstorm|[upkeep]
|-damage|p2a: Whimsicott|94/100|[from] Sandstorm
|-damage|p2b: Charizard|94/100|[from] Sandstorm
|upkeep
|
|t:|1785701052
|switch|p1a: Excadrill|Excadrill, L50, F|100/100
|turn|3
|
|t:|1785701079
|move|p1a: Excadrill|Iron Head|p2a: Whimsicott
|-supereffective|p2a: Whimsicott|1
|-damage|p2a: Whimsicott|0 fnt
|faint|p2a: Whimsicott
|move|p2b: Charizard|Heat Wave|p1b: Tyranitar|[spread] p1b
|-miss|p2b: Charizard|p1a: Excadrill
|-resisted|p1b: Tyranitar|1
|-damage|p1b: Tyranitar|38/100
|move|p1b: Tyranitar|Knock Off|p2b: Charizard
|-damage|p2b: Charizard|60/100
|
|-weather|Sandstorm|[upkeep]
|-damage|p2b: Charizard|54/100|[from] Sandstorm
|upkeep
|c|☆random_gibus|good read
|
|t:|1785701091
|switch|p2a: Kingambit|Kingambit, L50, F|100/100
|turn|4
|
|t:|1785701135
|move|p1a: Excadrill|Rock Slide|p2a: Kingambit|[spread] p2a,p2b
|-resisted|p2a: Kingambit|1
|-supereffective|p2b: Charizard|2
|-damage|p2a: Kingambit|90/100
|-damage|p2b: Charizard|0 fnt
|faint|p2b: Charizard
|move|p1b: Tyranitar|Low Kick|p2a: Kingambit
|-supereffective|p2a: Kingambit|2
|-damage|p2a: Kingambit|0 fnt
|faint|p2a: Kingambit
|
|-weather|Sandstorm|[upkeep]
|-sideend|p2: natsukivgc|move: Tailwind
|upkeep
|c|☆natsukivgc|ggs
|
|t:|1785701148
|switch|p2a: Basculegion|Basculegion, L50, M|100/100
|turn|5
|c|☆random_gibus|gg
|
|t:|1785701157
|move|p1b: Tyranitar|Protect|p1b: Tyranitar
|-singleturn|p1b: Tyranitar|Protect
|move|p1a: Excadrill|Earthquake|p2a: Basculegion|[spread] p2a
|-activate|p1b: Tyranitar|move: Protect
|-damage|p2a: Basculegion|44/100
|move|p2a: Basculegion|Last Respects|p1b: Tyranitar
|-activate|p1b: Tyranitar|move: Protect
|
|-weather|Sandstorm|[upkeep]
|-damage|p2a: Basculegion|37/100|[from] Sandstorm
|-sideend|p1: random_gibus|move: Tailwind
|upkeep
|turn|6
|
|t:|1785701170
|move|p1a: Excadrill|Earthquake|p2a: Basculegion|[spread] p1b,p2a
|-supereffective|p1b: Tyranitar|1
|-damage|p1b: Tyranitar|0 fnt
|-damage|p2a: Basculegion|0 fnt
|faint|p1b: Tyranitar
|faint|p2a: Basculegion
|
|win|random_gibus
|raw|random_gibus's rating: 1157 → 1191(+34 for winning)
|raw|natsukivgc's rating: 1295 → 1261(-34 for losing)
