|j|☆lylak-plus
|j|☆NicoHax
|html|lylak-plusNicoHax    
|uhtml|bestof|Game 2 of a best-of-3
|t:|1755743806
|gametype|doubles
|player|p1|lylak-plus|skyla|1181
|player|p2|NicoHax|ethan|1226
|gen|9
|tier|[Gen 9] VGC 2025 Reg H (Bo3)
|rated|
|rule|Species Clause: Limit one of each Pokémon
|rule|Item Clause: Limit 1 of each item
|clearpoke
|poke|p1|Smeargle, L50, F|
|poke|p1|Primarina, L50, F|
|poke|p1|Ursaluna-Bloodmoon, L50, M|
|poke|p1|Indeedee-F, L50, F|
|poke|p1|Talonflame, L50, M|
|poke|p1|Gallade, L50, M|
|poke|p2|Sneasler, L50, M|
|poke|p2|Volcarona, L50, M|
|poke|p2|Baxcalibur, L50, F|
|poke|p2|Rillaboom, L50, M|
|poke|p2|Kingambit, L50, M|
|poke|p2|Dondozo, L50, M|
|teampreview|4
|showteam|p1|Smeargle||FocusSash|Moody|FakeOut,FollowMe,Spore,Decorate|||F|||50|,,,,,Ghost]Primarina||ThroatSpray|LiquidVoice|HyperVoice,Moonblast,IcyWind,Protect|||F|||50|,,,,,Poison]Ursaluna-Bloodmoon||LifeOrb|MindsEye|BloodMoon,HyperVoice,EarthPower,Protect|||M|||50|,,,,,Normal]Indeedee-F||PsychicSeed|PsychicSurge|FollowMe,TrickRoom,HelpingHand,Psychic|||F|||50|,,,,,Grass]Talonflame||CovertCloak|GaleWings|Tailwind,FlareBlitz,WillOWisp,Taunt|||M|||50|,,,,,Grass]Gallade||ClearAmulet|Sharpness|SacredSword,PsychoCut,NightSlash,Protect|||M|||50|,,,,,Dark
|showteam|p2|Sneasler||FocusSash|Unburden|Protect,CloseCombat,DireClaw,Coaching|||M|||50|,,,,,Stellar]Volcarona||CovertCloak|FlameBody|QuiverDance,HeatWave,TeraBlast,Protect|||M|||50|,,,,,Fairy]Baxcalibur||LoadedDice|ThermalExchange|Protect,IceShard,ScaleShot,IcicleSpear|||F|||50|,,,,,Ghost]Rillaboom||AssaultVest|GrassySurge|WoodHammer,GrassyGlide,HighHorsepower,FakeOut|||M|||50|,,,,,Water]Kingambit||SafetyGoggles|Defiant|KowtowCleave,SuckerPunch,SwordsDance,Protect|||M|||50|,,,,,Ghost]Dondozo||Leftovers|Unaware|Protect,Yawn,Liquidation,Fissure|||M|||50|,,,,,Poison
|inactive|Battle timer is ON: inactive players will automatically lose when time's up. (requested by lylak-plus)
|
|t:|1755743824
|teamsize|p1|4
|teamsize|p2|4
|start
|switch|p1a: Talonflame|Talonflame, L50, M|100/100
|switch|p1b: Primarina|Primarina, L50, F|100/100
|switch|p2a: Laertes|Sneasler, L50, M|100/100
|switch|p2b: Siddartha|Baxcalibur, L50, F|100/100
|turn|1
|
|t:|1755743830
|-terastallize|p2b: Siddartha|Ghost
|-terastallize|p1b: Primarina|Poison
|move|p1a: Talonflame|Tailwind|p1a: Talonflame
|-sidestart|p1: lylak-plus|move: Tailwind
|move|p2a: Laertes|Dire Claw|p1b: Primarina
|-resisted|p1b: Primarina
|-damage|p1b: Primarina|79/100
|move|p1b: Primarina|Icy Wind|p2b: Siddartha|[spread] p2a,p2b
|-damage|p2a: Laertes|80/100
|-damage|p2b: Siddartha|86/100
|-unboost|p2a: Laertes|spe|1
|-unboost|p2b: Siddartha|spe|1
|move|p2b: Siddartha|Scale Shot|p1a: Talonflame
|-damage|p1a: Talonflame|79/100
|-damage|p1a: Talonflame|56/100
|-damage|p1a: Talonflame|32/100
|-damage|p1a: Talonflame|10/100
|-hitcount|p1a: Talonflame|4
|-unboost|p2b: Siddartha|def|1
|-boost|p2b: Siddartha|spe|1
|
|upkeep
|turn|2
|inactive|lylak-plus has 30 seconds left.
|
|t:|1755743863
|move|p2b: Siddartha|Ice Shard|p1a: Talonflame
|-damage|p1a: Talonflame|0 fnt
|faint|p1a: Talonflame
|move|p1b: Primarina|Hyper Voice|p2b: Siddartha|[spread] p2a,p2b
|-damage|p2a: Laertes|31/100
|-damage|p2b: Siddartha|49/100
|-enditem|p1b: Primarina|Throat Spray
|-boost|p1b: Primarina|spa|1|[from] item: Throat Spray
|move|p2a: Laertes|Coaching|p2b: Siddartha
|-boost|p2b: Siddartha|atk|1
|-boost|p2b: Siddartha|def|1
|
|upkeep
|
|t:|1755743880
|switch|p1a: Indeedee|Indeedee-F, L50, F|100/100
|-fieldstart|move: Psychic Terrain|[from] ability: Psychic Surge|[of] p1a: Indeedee
|-enditem|p1a: Indeedee|Psychic Seed
|-boost|p1a: Indeedee|spd|1|[from] item: Psychic Seed
|turn|3
|
|t:|1755743898
|switch|p2a: Jonathan|Rillaboom, L50, M|100/100
|-fieldstart|move: Grassy Terrain|[from] ability: Grassy Surge|[of] p2a: Jonathan
|move|p1a: Indeedee|Helping Hand|p1b: Primarina
|-singleturn|p1b: Primarina|Helping Hand|[of] p1a: Indeedee
|move|p2b: Siddartha|Protect|p2b: Siddartha
|-singleturn|p2b: Siddartha|Protect
|move|p1b: Primarina|Hyper Voice|p2a: Jonathan|[spread] p2a
|-activate|p2b: Siddartha|move: Protect
|-resisted|p2a: Jonathan
|-damage|p2a: Jonathan|70/100
|
|-heal|p1b: Primarina|85/100|[from] Grassy Terrain
|-heal|p2b: Siddartha|54/100|[from] Grassy Terrain
|-heal|p2a: Jonathan|76/100|[from] Grassy Terrain
|upkeep
|turn|4
|
|t:|1755743923
|move|p2a: Jonathan|Fake Out|p1b: Primarina
|-damage|p1b: Primarina|71/100
|cant|p1b: Primarina|flinch
|move|p2b: Siddartha|Scale Shot|p1a: Indeedee
|-damage|p1a: Indeedee|78/100
|-damage|p1a: Indeedee|56/100
|-damage|p1a: Indeedee|34/100
|-crit|p1a: Indeedee
|-damage|p1a: Indeedee|0 fnt
|faint|p1a: Indeedee
|-hitcount|p1: Indeedee|4
|-unboost|p2b: Siddartha|def|1
|-boost|p2b: Siddartha|spe|1
|
|-heal|p2b: Siddartha|60/100|[from] Grassy Terrain
|-heal|p1b: Primarina|77/100|[from] Grassy Terrain
|-heal|p2a: Jonathan|82/100|[from] Grassy Terrain
|-sideend|p1: lylak-plus|move: Tailwind
|upkeep
|
|t:|1755743935
|switch|p1a: Gallade|Gallade, L50, M|100/100
|turn|5
|inactive|lylak-plus has 30 seconds left.
|
|t:|1755743964
|move|p2b: Siddartha|Scale Shot|p1a: Gallade
|-damage|p1a: Gallade|66/100
|-damage|p1a: Gallade|33/100
|-damage|p1a: Gallade|1/100
|-damage|p1a: Gallade|0 fnt
|faint|p1a: Gallade
|-hitcount|p1: Gallade|4
|-unboost|p2b: Siddartha|def|1
|-boost|p2b: Siddartha|spe|1
|move|p2a: Jonathan|High Horsepower|p1b: Primarina
|-supereffective|p1b: Primarina
|-damage|p1b: Primarina|2/100
|move|p1b: Primarina|Moonblast|p2b: Siddartha
|-damage|p2b: Siddartha|0 fnt
|faint|p2b: Siddartha
|
|-heal|p2a: Jonathan|88/100|[from] Grassy Terrain
|-heal|p1b: Primarina|8/100|[from] Grassy Terrain
|upkeep
|-message|lylak-plus forfeited.
|
|win|NicoHax
|raw|lylak-plus's rating: 1181 → 1159(-22 for losing)
|raw|NicoHax's rating: 1226 → 1248(+22 for winning)
|l|☆lylak-plus
|player|p1|
