|j|☆Bread248
|j|☆the_ag_is_real
|html|Bread248the_ag_is_real    
|uhtml|bestof|Game 3 of a best-of-3
|t:|1756433789
|gametype|doubles
|player|p1|Bread248|2|1292
|player|p2|the_ag_is_real|rika|1372
|gen|9
|tier|[Gen 9] VGC 2025 Reg H (Bo3)
|rated|
|rule|Species Clause: Limit one of each Pokémon
|rule|Item Clause: Limit 1 of each item
|clearpoke
|poke|p1|Gholdengo, L50|
|poke|p1|Sneasler, L50, F|
|poke|p1|Incineroar, L50, M|
|poke|p1|Amoonguss, L50, F|
|poke|p1|Dragonite, L50, F|
|poke|p1|Ursaluna-Bloodmoon, L50, M|
|poke|p2|Dondozo, L50, M|
|poke|p2|Sneasler, L50, M|
|poke|p2|Rillaboom, L50, F|
|poke|p2|Electabuzz, L50, F|
|poke|p2|Kingambit, L50, F|
|poke|p2|Volcarona, L50, M|
|teampreview|4
|showteam|p1|Gholdengo||LifeOrb|GoodasGold|MakeItRain,ShadowBall,NastyPlot,Protect||||||50|,,,,,Steel]Sneasler||FocusSash|PoisonTouch|FakeOut,CloseCombat,DireClaw,Protect|||F|||50|,,,,,Stellar]Incineroar||SafetyGoggles|Intimidate|FakeOut,FlareBlitz,KnockOff,PartingShot|||M|||50|,,,,,Ghost]Amoonguss||SitrusBerry|Regenerator|Spore,RagePowder,SludgeBomb,Protect|||F|||50|,,,,,Psychic]Dragonite||LoadedDice|Multiscale|ScaleShot,Haze,Tailwind,Protect|||F|||50|,,,,,Fairy]Ursaluna-Bloodmoon||AssaultVest|MindsEye|HyperVoice,BloodMoon,EarthPower,VacuumWave|||M|||50|,,,,,Water
|showteam|p2|Dondozo||Leftovers|Unaware|Liquidation,Yawn,Fissure,Protect|||M|||50|,,,,,Poison]Sneasler||FocusSash|PoisonTouch|DireClaw,CloseCombat,Coaching,Protect|||M|||50|,,,,,Stellar]Rillaboom||AssaultVest|GrassySurge|FakeOut,WoodHammer,GrassyGlide,HighHorsepower|||F|||50|,,,,,Fire]Electabuzz||Eviolite|VitalSpirit|FollowMe,Thunderbolt,Taunt,Protect|||F|||50|,,,,,Ghost]Kingambit||BlackGlasses|Defiant|SuckerPunch,KowtowCleave,SwordsDance,Protect|||F|||50|,,,,,Dark]Volcarona||CovertCloak|FlameBody|HeatWave,TeraBlast,QuiverDance,Protect|||M|||50|,,,,,Fairy
|inactive|Battle timer is ON: inactive players will automatically lose when time's up. (requested by the_ag_is_real)
|inactive|Bread248 also wants the timer to be on.
|
|t:|1756433813
|teamsize|p1|4
|teamsize|p2|4
|start
|switch|p1a: Dragonite|Dragonite, L50, F|100/100
|switch|p1b: Ursaluna|Ursaluna-Bloodmoon, L50, M|100/100
|switch|p2a: Electabuzz|Electabuzz, L50, F|100/100
|switch|p2b: Volcarona|Volcarona, L50, M|100/100
|turn|1
|inactive|the_ag_is_real has 30 seconds left.
|inactive|the_ag_is_real has 20 seconds left.
|inactive|the_ag_is_real has 15 seconds left.
|
|t:|1756433857
|switch|p2a: Goku|Rillaboom, L50, F|100/100
|-fieldstart|move: Grassy Terrain|[from] ability: Grassy Surge|[of] p2a: Goku
|move|p2b: Volcarona|Quiver Dance|p2b: Volcarona
|-boost|p2b: Volcarona|spa|1
|-boost|p2b: Volcarona|spd|1
|-boost|p2b: Volcarona|spe|1
|move|p1a: Dragonite|Scale Shot|p2b: Volcarona
|-damage|p2b: Volcarona|84/100
|-damage|p2b: Volcarona|66/100
|-damage|p2b: Volcarona|48/100
|-damage|p2b: Volcarona|30/100
|-hitcount|p2b: Volcarona|4
|-unboost|p1a: Dragonite|def|1
|-boost|p1a: Dragonite|spe|1
|move|p1b: Ursaluna|Blood Moon|p2b: Volcarona
|-damage|p2b: Volcarona|0 fnt
|faint|p2b: Volcarona
|
|upkeep
|
|t:|1756433862
|switch|p2b: Trunks|Kingambit, L50, F|100/100
|turn|2
|inactive|Bread248 has 30 seconds left.
|
|t:|1756433896
|-terastallize|p2b: Trunks|Dark
|move|p2a: Goku|Fake Out|p1b: Ursaluna
|-damage|p1b: Ursaluna|88/100
|cant|p1b: Ursaluna|flinch
|move|p1a: Dragonite|Scale Shot|p2a: Goku
|-damage|p2a: Goku|84/100
|-damage|p2a: Goku|69/100
|-damage|p2a: Goku|53/100
|-damage|p2a: Goku|37/100
|-damage|p2a: Goku|23/100
|-hitcount|p2a: Goku|5
|-unboost|p1a: Dragonite|def|1
|-boost|p1a: Dragonite|spe|1
|move|p2b: Trunks|Kowtow Cleave|p1b: Ursaluna
|-damage|p1b: Ursaluna|18/100
|
|-heal|p2a: Goku|29/100|[from] Grassy Terrain
|-heal|p1b: Ursaluna|24/100|[from] Grassy Terrain
|upkeep
|turn|3
|
|t:|1756433913
|switch|p1b: Incineroar|Incineroar, L50, M, shiny|100/100
|-ability|p1b: Incineroar|Intimidate|boost
|-unboost|p2a: Goku|atk|1
|-unboost|p2b: Trunks|atk|1
|-ability|p2b: Trunks|Defiant|boost
|-boost|p2b: Trunks|atk|2
|move|p2a: Goku|Grassy Glide|p1b: Incineroar
|-resisted|p1b: Incineroar
|-crit|p1b: Incineroar
|-damage|p1b: Incineroar|74/100
|move|p1a: Dragonite|Haze|p1a: Dragonite
|-clearallboost
|move|p2b: Trunks|Kowtow Cleave|p1b: Incineroar
|-resisted|p1b: Incineroar
|-damage|p1b: Incineroar|37/100
|
|-heal|p2a: Goku|35/100|[from] Grassy Terrain
|-heal|p1b: Incineroar|43/100|[from] Grassy Terrain
|upkeep
|turn|4
|
|t:|1756433942
|move|p2a: Goku|Grassy Glide|p1a: Dragonite
|-resisted|p1a: Dragonite
|-damage|p1a: Dragonite|95/100
|move|p2b: Trunks|Sucker Punch|p1a: Dragonite
|-damage|p1a: Dragonite|18/100
|move|p1a: Dragonite|Scale Shot|p2a: Goku
|-damage|p2a: Goku|21/100
|-damage|p2a: Goku|6/100
|-damage|p2a: Goku|0 fnt
|faint|p2a: Goku
|-hitcount|p2: Goku|3
|-unboost|p1a: Dragonite|def|1
|-boost|p1a: Dragonite|spe|1
|move|p1b: Incineroar|Flare Blitz|p2b: Trunks
|-damage|p2b: Trunks|65/100
|-damage|p1b: Incineroar|31/100|[from] Recoil
|
|-heal|p1b: Incineroar|37/100|[from] Grassy Terrain
|-heal|p2b: Trunks|71/100|[from] Grassy Terrain
|upkeep
|
|t:|1756433945
|switch|p2a: Electabuzz|Electabuzz, L50, F|100/100
|turn|5
|
|t:|1756433961
|move|p1a: Dragonite|Tailwind|p1a: Dragonite
|-sidestart|p1: Bread248|move: Tailwind
|move|p1b: Incineroar|Knock Off|p2a: Electabuzz
|-damage|p2a: Electabuzz|67/100
|-enditem|p2a: Electabuzz|Eviolite|[from] move: Knock Off|[of] p1b: Incineroar
|move|p2a: Electabuzz|Thunderbolt|p1b: Incineroar
|-damage|p1b: Incineroar|17/100
|move|p2b: Trunks|Kowtow Cleave|p1a: Dragonite
|-damage|p1a: Dragonite|0 fnt
|faint|p1a: Dragonite
|
|-heal|p1b: Incineroar|23/100|[from] Grassy Terrain
|-heal|p2a: Electabuzz|73/100|[from] Grassy Terrain
|-heal|p2b: Trunks|77/100|[from] Grassy Terrain
|-fieldend|move: Grassy Terrain
|upkeep
|
|t:|1756433968
|switch|p1a: Ursaluna|Ursaluna-Bloodmoon, L50, M|24/100
|turn|6
|
|t:|1756433978
|move|p1a: Ursaluna|Vacuum Wave|p2a: Electabuzz
|-damage|p2a: Electabuzz|56/100
|move|p2b: Trunks|Sucker Punch||[still]
|-fail|p2b: Trunks
|move|p1b: Incineroar|Flare Blitz|p2a: Electabuzz
|-damage|p2a: Electabuzz|0 fnt
|faint|p2a: Electabuzz
|-damage|p1b: Incineroar|8/100|[from] Recoil
|
|upkeep
|turn|7
|
|t:|1756433992
|move|p2b: Trunks|Sucker Punch|p1b: Incineroar
|-resisted|p1b: Incineroar
|-damage|p1b: Incineroar|0 fnt
|faint|p1b: Incineroar
|move|p1a: Ursaluna|Blood Moon|p2b: Trunks
|-damage|p2b: Trunks|0 fnt
|faint|p2b: Trunks
|
|win|Bread248
|raw|Bread248's rating: 1292 → 1323(+31 for winning)
|raw|the_ag_is_real's rating: 1372 → 1347(-25 for losing)
|c|☆the_ag_is_real|wp
|l|☆the_ag_is_real
|player|p2|
|c|☆Bread248|gg
