|j|☆ScrappySD
|j|☆lucasmalt
|html|ScrappySDlucasmalt    
|uhtml|bestof|Game 3 of a best-of-3
|t:|1785377105
|gametype|doubles
|player|p1|ScrappySD|nate|1263
|player|p2|lucasmalt|170|1357
|gen|9
|tier|[Gen 9 Champions] VGC 2026 Reg M-B (Bo3)
|rated|
|rule|Species Clause: Limit one of each Pokémon
|rule|Item Clause: Limit 1 of each item
|clearpoke
|poke|p1|Floette-Eternal, L50, F|
|poke|p1|Charizard, L50, M, shiny|
|poke|p1|Kingambit, L50, M|
|poke|p1|Whimsicott, L50, M|
|poke|p1|Basculegion, L50, M|
|poke|p1|Garchomp, L50, F, shiny|
|poke|p2|Tyranitar, L50, F, shiny|
|poke|p2|Excadrill, L50, F, shiny|
|poke|p2|Gholdengo, L50|
|poke|p2|Sinistcha, L50, shiny|
|poke|p2|Milotic, L50, M, shiny|
|poke|p2|Staraptor, L50, F, shiny|
|teampreview|4
|showteam|p1|Floette-Eternal||Floettite|FlowerVeil|LightofRuin,Moonblast,DazzlingGleam,Protect|Timid||F|||50|]Charizard||CharizarditeY|Blaze|SolarBeam,HeatWave,WeatherBall,Protect|Modest||M|||50|]Kingambit||BlackGlasses|Defiant|IronHead,Protect,KowtowCleave,SuckerPunch|Adamant||M|||50|]Whimsicott||FocusSash|Prankster|Moonblast,Tailwind,Encore,Protect|Timid||M|||50|]Basculegion||MysticWater|Adaptability|WaveCrash,Protect,LastRespects,AquaJet|Adamant||M|||50|]Garchomp||LifeOrb|RoughSkin|Earthquake,RockSlide,Protect,DragonClaw|Jolly||F|||50|
|showteam|p2|Tyranitar||Tyranitarite|SandStream|RockSlide,KnockOff,LowKick,Protect|Adamant||F|||50|]Excadrill||FocusSash|SandRush|IronHead,HighHorsepower,RockSlide,Protect|Adamant||F|||50|]Gholdengo||LifeOrb|GoodasGold|ShadowBall,MakeItRain,NastyPlot,Protect|Modest|||||50|]Sinistcha||ColburBerry|Hospitality|MatchaGotcha,RagePowder,TrickRoom,Protect|Bold|||||50|]Milotic||SitrusBerry|Competitive|Scald,IceBeam,Recover,Protect|Modest||M|||50|]Staraptor||Staraptite|Intimidate|BraveBird,CloseCombat,Tailwind,Protect|Jolly||F|||50|
|inactive|Battle timer is ON: inactive players will automatically lose when time's up. (requested by ScrappySD)
|inactive|ScrappySD has 60 seconds left.
|inactive|ScrappySD has 30 seconds left.
|
|t:|1785377166
|teamsize|p1|4
|teamsize|p2|4
|start
|switch|p1a: Garchomp|Garchomp, L50, F, shiny|100/100
|switch|p1b: Charizard|Charizard, L50, M, shiny|100/100
|switch|p2a: Milotic|Milotic, L50, M, shiny|100/100
|switch|p2b: Staraptor|Staraptor, L50, F, shiny|100/100
|-ability|p2b: Staraptor|Intimidate|boost
|-unboost|p1a: Garchomp|atk|1
|-unboost|p1b: Charizard|atk|1
|turn|1
|
|t:|1785377177
|switch|p1a: Floette|Floette-Eternal, L50, F|100/100
|detailschange|p2b: Staraptor|Staraptor-Mega, L50, F, shiny
|-mega|p2b: Staraptor|Staraptor|Staraptite
|move|p1b: Charizard|Protect|p1b: Charizard
|-singleturn|p1b: Charizard|Protect
|move|p2b: Staraptor|Tailwind|p2b: Staraptor
|-sidestart|p2: lucasmalt|move: Tailwind
|move|p2a: Milotic|Ice Beam|p1a: Floette
|-damage|p1a: Floette|73/100
|
|upkeep
|turn|2
|inactive|lucasmalt has 30 seconds left.
|
|t:|1785377206
|detailschange|p1b: Charizard|Charizard-Mega-Y, L50, M, shiny
|-mega|p1b: Charizard|Charizard|Charizardite Y
|-weather|SunnyDay|[from] ability: Drought|[of] p1b: Charizard
|move|p1a: Floette|Protect|p1a: Floette
|-singleturn|p1a: Floette|Protect
|move|p2b: Staraptor|Brave Bird|p1a: Floette
|-activate|p1a: Floette|move: Protect
|move|p2a: Milotic|Scald|p1a: Floette
|-activate|p1a: Floette|move: Protect
|move|p1b: Charizard|Weather Ball|p2b: Staraptor
|-damage|p2b: Staraptor|12/100
|
|-weather|SunnyDay|[upkeep]
|upkeep
|turn|3
|
|t:|1785377225
|switch|p2b: Tyranitar|Tyranitar, L50, F, shiny|100/100
|-weather|Sandstorm|[from] ability: Sand Stream|[of] p2b: Tyranitar
|switch|p1a: Garchomp|Garchomp, L50, F, shiny|100/100
|move|p2a: Milotic|Scald|p1b: Charizard
|-supereffective|p1b: Charizard|1
|-damage|p1b: Charizard|34/100
|move|p1b: Charizard|Solar Beam||[still]
|-prepare|p1b: Charizard|Solar Beam
|
|-weather|Sandstorm|[upkeep]
|-damage|p2a: Milotic|94/100|[from] Sandstorm
|-damage|p1b: Charizard|28/100|[from] Sandstorm
|upkeep
|turn|4
|
|t:|1785377248
|move|p1a: Garchomp|Protect|p1a: Garchomp
|-singleturn|p1a: Garchomp|Protect
|move|p2a: Milotic|Ice Beam|p1a: Garchomp
|-activate|p1a: Garchomp|move: Protect
|move|p2b: Tyranitar|Rock Slide|p1b: Charizard|[spread] p1b
|-activate|p1a: Garchomp|move: Protect
|-supereffective|p1b: Charizard|2
|-damage|p1b: Charizard|0 fnt
|faint|p1b: Charizard
|
|-weather|Sandstorm|[upkeep]
|-damage|p2a: Milotic|88/100|[from] Sandstorm
|-sideend|p2: lucasmalt|move: Tailwind
|upkeep
|
|t:|1785377259
|switch|p1b: Basculegion|Basculegion, L50, M|100/100
|turn|5
|
|t:|1785377271
|move|p2b: Tyranitar|Protect|p2b: Tyranitar
|-singleturn|p2b: Tyranitar|Protect
|move|p1a: Garchomp|Rock Slide|p2a: Milotic|[spread] p2a
|-activate|p2b: Tyranitar|move: Protect
|-damage|p2a: Milotic|64/100
|-damage|p1a: Garchomp|90/100|[from] item: Life Orb
|move|p1b: Basculegion|Wave Crash|p2b: Tyranitar
|-activate|p2b: Tyranitar|move: Protect
|move|p2a: Milotic|Ice Beam|p1a: Garchomp
|-supereffective|p1a: Garchomp|2
|-damage|p1a: Garchomp|0 fnt
|faint|p1a: Garchomp
|
|-weather|Sandstorm|[upkeep]
|-damage|p1b: Basculegion|93/100|[from] Sandstorm
|-damage|p2a: Milotic|58/100|[from] Sandstorm
|upkeep
|
|t:|1785377273
|switch|p1a: Floette|Floette-Eternal, L50, F|73/100
|turn|6
|inactive|lucasmalt has 30 seconds left.
|
|t:|1785377298
|move|p1a: Floette|Light of Ruin|p2b: Tyranitar
|-supereffective|p2b: Tyranitar|1
|-damage|p2b: Tyranitar|16/100
|-damage|p1a: Floette|19/100|[from] Recoil
|move|p1b: Basculegion|Last Respects|p2a: Milotic
|-damage|p2a: Milotic|0 fnt
|faint|p2a: Milotic
|move|p2b: Tyranitar|Rock Slide|p1b: Basculegion|[spread] p1a,p1b
|-damage|p1a: Floette|0 fnt
|-damage|p1b: Basculegion|61/100
|faint|p1a: Floette
|
|-weather|Sandstorm|[upkeep]
|-damage|p1b: Basculegion|55/100|[from] Sandstorm
|upkeep
|
|t:|1785377308
|switch|p2a: Staraptor|Staraptor-Mega, L50, F, shiny|12/100
|turn|7
|
|t:|1785377315
|move|p1b: Basculegion|Aqua Jet|p2b: Tyranitar
|-supereffective|p2b: Tyranitar|1
|-crit|p2b: Tyranitar
|-damage|p2b: Tyranitar|0 fnt
|faint|p2b: Tyranitar
|move|p2a: Staraptor|Brave Bird|p1b: Basculegion
|-damage|p1b: Basculegion|0 fnt
|faint|p1b: Basculegion
|-damage|p2a: Staraptor|0 fnt|[from] Recoil
|faint|p2a: Staraptor
|
|win|lucasmalt
|raw|ScrappySD's rating: 1263 → 1245(-18 for losing)
|raw|lucasmalt's rating: 1357 → 1372(+15 for winning)
|l|☆ScrappySD
|player|p1|
