|j|☆KodeBeast0526
|j|☆guillelona
|html|KodeBeast0526guillelona    
|uhtml|bestof|Game 1 of a best-of-3
|t:|1785680725
|gametype|doubles
|player|p1|KodeBeast0526|hiker|1185
|player|p2|guillelona|2|1271
|gen|9
|tier|[Gen 9 Champions] VGC 2026 Reg M-B (Bo3)
|rated|
|rule|Species Clause: Limit one of each Pokémon
|rule|Item Clause: Limit 1 of each item
|clearpoke
|poke|p1|Basculegion, L50, M|
|poke|p1|Garchomp, L50, F|
|poke|p1|Scizor, L50, F|
|poke|p1|Tyranitar, L50, F|
|poke|p1|Sneasler, L50, F|
|poke|p1|Corviknight, L50, F|
|poke|p2|Charizard, L50, M|
|poke|p2|Glimmora, L50, M|
|poke|p2|Whimsicott, L50, F|
|poke|p2|Ninetales-Alola, L50, F|
|poke|p2|Kingambit, L50, M|
|poke|p2|Kommo-o, L50, M|
|teampreview|4
|showteam|p1|Basculegion||SitrusBerry|Adaptability|WaveCrash,LastRespects,AquaJet,Protect|Jolly||M|||50|]Garchomp||Garchompite|RoughSkin|EarthPower,DracoMeteor,PowerGem,Protect|Modest||F|||50|]Scizor||LifeOrb|Technician|BulletPunch,BugBite,SwordsDance,Protect|Adamant||F|||50|]Tyranitar||ChoiceScarf|SandStream|RockSlide,KnockOff,IcePunch,Superpower|Jolly||F|||50|]Sneasler||FocusSash|PoisonTouch|PoisonJab,CloseCombat,FakeOut,Protect|Jolly||F|||50|]Corviknight||Leftovers|MirrorArmor|IronHead,BraveBird,Tailwind,Protect|Impish||F|||50|
|showteam|p2|Charizard||CharizarditeY|Blaze|HeatWave,WeatherBall,SolarBeam,Protect|Modest||M|||50|]Glimmora||Glimmoranite|ToxicDebris|SludgeBomb,PowerGem,EarthPower,SpikyShield|Modest||M|||50|]Whimsicott||FocusSash|Prankster|Moonblast,Tailwind,Encore,Protect|Timid||F|||50|]Ninetales-Alola||NeverMeltIce|SnowWarning|Blizzard,FreezeDry,Disable,Protect|Timid||F|||50|]Kingambit||BlackGlasses|Defiant|KowtowCleave,SuckerPunch,IronHead,Protect|Adamant||M|||50|]Kommo-o||LifeOrb|Overcoat|ClangingScales,AuraSphere,VacuumWave,Protect|Modest||M|||50|
|
|t:|1785680764
|teamsize|p1|4
|teamsize|p2|4
|start
|switch|p1a: Corviknight|Corviknight, L50, F|100/100
|switch|p1b: Scizor|Scizor, L50, F|100/100
|switch|p2a: Kommo-o|Kommo-o, L50, M|100/100
|switch|p2b: Whimsicott|Whimsicott, L50, F|100/100
|turn|1
|
|t:|1785680778
|move|p2b: Whimsicott|Tailwind|p2b: Whimsicott
|-sidestart|p2: guillelona|move: Tailwind
|move|p1b: Scizor|Bullet Punch|p2b: Whimsicott
|-supereffective|p2b: Whimsicott|1
|-enditem|p2b: Whimsicott|Focus Sash
|-damage|p2b: Whimsicott|1/100
|-damage|p1b: Scizor|90/100|[from] item: Life Orb
|move|p2a: Kommo-o|Aura Sphere|p1a: Corviknight
|-damage|p1a: Corviknight|58/100
|-damage|p2a: Kommo-o|90/100|[from] item: Life Orb
|move|p1a: Corviknight|Iron Head|p2b: Whimsicott
|-supereffective|p2b: Whimsicott|1
|-damage|p2b: Whimsicott|0 fnt
|faint|p2b: Whimsicott
|
|-heal|p1a: Corviknight|63/100|[from] item: Leftovers
|upkeep
|
|t:|1785680790
|switch|p2b: Kingambit|Kingambit, L50, M|100/100
|turn|2
|
|t:|1785680807
|move|p2a: Kommo-o|Clanging Scales|p1a: Corviknight|[spread] p1a,p1b
|-resisted|p1a: Corviknight|1
|-resisted|p1b: Scizor|1
|-damage|p1a: Corviknight|44/100
|-damage|p1b: Scizor|61/100
|-unboost|p2a: Kommo-o|def|1
|-damage|p2a: Kommo-o|80/100|[from] item: Life Orb
|move|p2b: Kingambit|Kowtow Cleave|p1b: Scizor
|-damage|p1b: Scizor|0 fnt
|faint|p1b: Scizor
|move|p1a: Corviknight|Tailwind|p1a: Corviknight
|-sidestart|p1: KodeBeast0526|move: Tailwind
|
|-heal|p1a: Corviknight|50/100g|[from] item: Leftovers
|upkeep
|
|t:|1785680822
|switch|p1b: Tyranitar|Tyranitar, L50, F|100/100
|-weather|Sandstorm|[from] ability: Sand Stream|[of] p1b: Tyranitar
|turn|3
|
|t:|1785680833
|move|p2a: Kommo-o|Protect|p2a: Kommo-o
|-singleturn|p2a: Kommo-o|Protect
|move|p1b: Tyranitar|Superpower|p2b: Kingambit
|-supereffective|p2b: Kingambit|2
|-damage|p2b: Kingambit|0 fnt
|-unboost|p1b: Tyranitar|atk|1
|-unboost|p1b: Tyranitar|def|1
|faint|p2b: Kingambit
|move|p1a: Corviknight|Brave Bird|p2a: Kommo-o
|-activate|p2a: Kommo-o|move: Protect
|
|-weather|Sandstorm|[upkeep]
|-heal|p1a: Corviknight|56/100|[from] item: Leftovers
|upkeep
|
|t:|1785680838
|switch|p2b: Glimmora|Glimmora, L50, M|100/100
|turn|4
|
|t:|1785680850
|detailschange|p2b: Glimmora|Glimmora-Mega, L50, M
|-mega|p2b: Glimmora|Glimmora|Glimmoranite
|move|p1b: Tyranitar|Superpower|p2b: Glimmora
|-damage|p2b: Glimmora|67/100
|-unboost|p1b: Tyranitar|atk|1
|-unboost|p1b: Tyranitar|def|1
|move|p2b: Glimmora|Power Gem|p1a: Corviknight
|-damage|p1a: Corviknight|4/100
|move|p2a: Kommo-o|Aura Sphere|p1b: Tyranitar
|-supereffective|p1b: Tyranitar|2
|-damage|p1b: Tyranitar|0 fnt
|faint|p1b: Tyranitar
|-damage|p2a: Kommo-o|70/100|[from] item: Life Orb
|move|p1a: Corviknight|Brave Bird|p2a: Kommo-o
|-supereffective|p2a: Kommo-o|1
|-damage|p2a: Kommo-o|0 fnt
|faint|p2a: Kommo-o
|-damage|p1a: Corviknight|0 fnt|[from] Recoil
|faint|p1a: Corviknight
|
|-weather|Sandstorm|[upkeep]
|-sideend|p2: guillelona|move: Tailwind
|upkeep
|
|t:|1785680863
|switch|p1b: Garchomp|Garchomp, L50, F|100/100
|turn|5
|-message|guillelona forfeited.
|
|win|KodeBeast0526
|l|☆guillelona
|player|p2|
||guillelona is ready for game 2.
