|j|☆chochitos gustar
|j|☆sandy ghost 5
|html|chochitos gustarsandy ghost 5    
|uhtml|bestof|Game 3 of a best-of-3
|t:|1756986367
|gametype|doubles
|player|p1|chochitos gustar|rosa|1285
|player|p2|sandy ghost 5|baker|1330
|gen|9
|tier|[Gen 9] VGC 2025 Reg H (Bo3)
|rated|
|rule|Species Clause: Limit one of each Pokémon
|rule|Item Clause: Limit 1 of each item
|clearpoke
|poke|p1|Grimmsnarl, L50, M|
|poke|p1|Annihilape, L50, F|
|poke|p1|Maushold, L50|
|poke|p1|Rillaboom, L50, M|
|poke|p1|Volcarona, L50, F|
|poke|p1|Ninetales-Alola, L50, M|
|poke|p2|Tyranitar, L50, F|
|poke|p2|Excadrill, L50, M|
|poke|p2|Sinistcha-Masterpiece, L50|
|poke|p2|Salamence, L50, F|
|poke|p2|Blaziken, L50, F|
|poke|p2|Bruxish, L50, M|
|teampreview|4
|showteam|p1|Grimmsnarl||LightClay|Prankster|SpiritBreak,ThunderWave,Reflect,LightScreen|||M|||50|,,,,,Ghost]Annihilape||Leftovers|Defiant|DrainPunch,RageFist,BulkUp,Protect|||F|||50|,,,,,Fire]Maushold||SafetyGoggles|FriendGuard|BeatUp,FollowMe,Taunt,Protect||||||50|,,,,,Ghost]Rillaboom||MeadowPlate|GrassySurge|FakeOut,GrassyGlide,WoodHammer,HighHorsepower|||M|||50|,,,,,Fire]Volcarona||GrassySeed|FlameBody|QuiverDance,GigaDrain,HeatWave,Protect|||F|||50|,,,,,Grass]Ninetales-Alola||FocusSash|SnowWarning|Blizzard,Encore,Moonblast,Protect|||M|||50|,,,,,Steel
|showteam|p2|Tyranitar||ClearAmulet|SandStream|RockSlide,KnockOff,DragonDance,Protect|||F|||50|,,,,,Grass]Excadrill||AssaultVest|SandRush|Earthquake,IronHead,HighHorsepower,RockSlide|||M|||50|,,,,,Ghost]Sinistcha-Masterpiece||SitrusBerry|Hospitality|ShadowBall,MatchaGotcha,RagePowder,Protect||||||50|,,,,,Dark]Salamence||LifeOrb|Intimidate|DracoMeteor,AirSlash,Protect,Tailwind|||F|||50|,,,,,Ghost]Blaziken||CovertCloak|SpeedBoost|AuraSphere,HeatWave,Coaching,WillOWisp|||F|||50|,,,,,Dragon]Bruxish||ChoiceScarf|Dazzling|PsychicFangs,FlipTurn,WaveCrash,SuperFang|||M|||50|,,,,,Water
|
|t:|1756986395
|teamsize|p1|4
|teamsize|p2|4
|start
|switch|p1a: Maushold|Maushold, L50|100/100
|switch|p1b: Annihilape|Annihilape, L50, F|100/100
|switch|p2a: Excadrill|Excadrill, L50, M|100/100
|switch|p2b: Blaziken|Blaziken, L50, F|100/100
|turn|1
|inactive|Battle timer is ON: inactive players will automatically lose when time's up. (requested by chochitos gustar)
|
|t:|1756986418
|move|p1a: Maushold|Taunt|p2b: Blaziken
|-start|p2b: Blaziken|move: Taunt
|move|p1b: Annihilape|Bulk Up|p1b: Annihilape
|-boost|p1b: Annihilape|atk|1
|-boost|p1b: Annihilape|def|1
|cant|p2b: Blaziken|move: Taunt|Coaching
|move|p2a: Excadrill|High Horsepower|p1a: Maushold
|-damage|p1a: Maushold|30/100
|
|-ability|p2b: Blaziken|Speed Boost|boost
|-boost|p2b: Blaziken|spe|1
|upkeep
|turn|2
|
|t:|1756986441
|move|p2b: Blaziken|Heat Wave|p1a: Maushold|[spread] p1a
|-miss|p2b: Blaziken|p1b: Annihilape
|-damage|p1a: Maushold|0 fnt
|faint|p1a: Maushold
|move|p1b: Annihilape|Rage Fist|p2a: Excadrill
|-damage|p2a: Excadrill|57/100
|move|p2a: Excadrill|High Horsepower|p1b: Annihilape
|-damage|p1b: Annihilape|60/100
|
|-heal|p1b: Annihilape|66/100|[from] item: Leftovers
|-ability|p2b: Blaziken|Speed Boost|boost
|-boost|p2b: Blaziken|spe|1
|upkeep
|
|t:|1756986464
|switch|p1a: Volcarona|Volcarona, L50, F|100/100
|turn|3
|
|t:|1756986486
|switch|p2b: Tyranitar|Tyranitar, L50, F|100/100
|-weather|Sandstorm|[from] ability: Sand Stream|[of] p2b: Tyranitar
|-terastallize|p1a: Volcarona|Grass
|move|p2a: Excadrill|Rock Slide|p1a: Volcarona|[spread] p1b
|-miss|p2a: Excadrill|p1a: Volcarona
|-resisted|p1b: Annihilape
|-damage|p1b: Annihilape|59/100
|move|p1b: Annihilape|Rage Fist|p2b: Tyranitar
|-resisted|p2b: Tyranitar
|-damage|p2b: Tyranitar|63/100
|move|p1a: Volcarona|Quiver Dance|p1a: Volcarona
|-boost|p1a: Volcarona|spa|1
|-boost|p1a: Volcarona|spd|1
|-boost|p1a: Volcarona|spe|1
|
|-weather|Sandstorm|[upkeep]
|-damage|p1a: Volcarona|94/100|[from] Sandstorm
|-damage|p1b: Annihilape|53/100|[from] Sandstorm
|-heal|p1b: Annihilape|59/100|[from] item: Leftovers
|upkeep
|turn|4
|
|t:|1756986510
|switch|p1b: Rillaboom|Rillaboom, L50, M|100/100
|-fieldstart|move: Grassy Terrain|[from] ability: Grassy Surge|[of] p1b: Rillaboom
|-enditem|p1a: Volcarona|Grassy Seed
|-boost|p1a: Volcarona|def|1|[from] item: Grassy Seed
|move|p2a: Excadrill|Iron Head|p1b: Rillaboom
|-damage|p1b: Rillaboom|57/100
|move|p1a: Volcarona|Quiver Dance|p1a: Volcarona
|-boost|p1a: Volcarona|spa|1
|-boost|p1a: Volcarona|spd|1
|-boost|p1a: Volcarona|spe|1
|move|p2b: Tyranitar|Knock Off|p1b: Rillaboom
|-damage|p1b: Rillaboom|1/100
|-enditem|p1b: Rillaboom|Meadow Plate|[from] move: Knock Off|[of] p2b: Tyranitar
|
|-weather|Sandstorm|[upkeep]
|-damage|p1a: Volcarona|88/100|[from] Sandstorm
|-damage|p1b: Rillaboom|0 fnt|[from] Sandstorm
|faint|p1b: Rillaboom
|-heal|p2a: Excadrill|63/100|[from] Grassy Terrain
|-heal|p1a: Volcarona|94/100|[from] Grassy Terrain
|-heal|p2b: Tyranitar|69/100|[from] Grassy Terrain
|upkeep
|
|t:|1756986517
|switch|p1b: Annihilape|Annihilape, L50, F|59/100
|turn|5
|
|t:|1756986539
|move|p2a: Excadrill|High Horsepower|p1b: Annihilape
|-damage|p1b: Annihilape|7/100
|move|p1a: Volcarona|Heat Wave|p2a: Excadrill|[spread] p2a,p2b
|-supereffective|p2a: Excadrill
|-resisted|p2b: Tyranitar
|-damage|p2a: Excadrill|0 fnt
|-damage|p2b: Tyranitar|44/100
|faint|p2a: Excadrill
|move|p1b: Annihilape|Drain Punch|p2b: Tyranitar
|-supereffective|p2b: Tyranitar
|-damage|p2b: Tyranitar|0 fnt
|-heal|p1b: Annihilape|25/100|[from] drain|[of] p2b: Tyranitar
|faint|p2b: Tyranitar
|
|-weather|Sandstorm|[upkeep]
|-damage|p1a: Volcarona|88/100|[from] Sandstorm
|-damage|p1b: Annihilape|19/100|[from] Sandstorm
|-heal|p1a: Volcarona|94/100|[from] Grassy Terrain
|-heal|p1b: Annihilape|25/100|[from] Grassy Terrain
|-heal|p1b: Annihilape|31/100|[from] item: Leftovers
|upkeep
|
|t:|1756986545
|switch|p2a: Blaziken|Blaziken, L50, F|100/100
|switch|p2b: Salamence|Salamence, L50, F|100/100
|-ability|p2b: Salamence|Intimidate|boost
|-unboost|p1a: Volcarona|atk|1
|-unboost|p1b: Annihilape|atk|1
|-ability|p1b: Annihilape|Defiant|boost
|-boost|p1b: Annihilape|atk|2
|turn|6
|
|t:|1756986560
|move|p1a: Volcarona|Heat Wave|p2a: Blaziken|[spread] p2a,p2b
|-resisted|p2a: Blaziken
|-resisted|p2b: Salamence
|-damage|p2a: Blaziken|52/100
|-damage|p2b: Salamence|53/100
|move|p2b: Salamence|Air Slash|p1b: Annihilape
|-supereffective|p1b: Annihilape
|-damage|p1b: Annihilape|0 fnt
|faint|p1b: Annihilape
|-damage|p2b: Salamence|43/100|[from] item: Life Orb
|move|p2a: Blaziken|Heat Wave|p1a: Volcarona|[miss]
|-miss|p2a: Blaziken|p1a: Volcarona
|
|-weather|Sandstorm|[upkeep]
|-damage|p1a: Volcarona|88/100|[from] Sandstorm
|-damage|p2b: Salamence|37/100|[from] Sandstorm
|-damage|p2a: Blaziken|46/100|[from] Sandstorm
|-heal|p1a: Volcarona|94/100|[from] Grassy Terrain
|-heal|p2a: Blaziken|52/100|[from] Grassy Terrain
|-ability|p2a: Blaziken|Speed Boost|boost
|-boost|p2a: Blaziken|spe|1
|upkeep
|turn|7
|
|t:|1756986578
|move|p2b: Salamence|Protect|p2b: Salamence
|-singleturn|p2b: Salamence|Protect
|move|p1a: Volcarona|Heat Wave|p2a: Blaziken|[spread] p2a
|-activate|p2b: Salamence|move: Protect
|-resisted|p2a: Blaziken
|-damage|p2a: Blaziken|5/100
|move|p2a: Blaziken|Heat Wave|p1a: Volcarona
|-supereffective|p1a: Volcarona
|-damage|p1a: Volcarona|54/100
|
|-weather|none
|-heal|p1a: Volcarona|60/100|[from] Grassy Terrain
|-heal|p2a: Blaziken|11/100|[from] Grassy Terrain
|-ability|p2a: Blaziken|Speed Boost|boost
|-boost|p2a: Blaziken|spe|1
|upkeep
|turn|8
|
|t:|1756986591
|move|p2a: Blaziken|Heat Wave|p1a: Volcarona
|-supereffective|p1a: Volcarona
|-damage|p1a: Volcarona|25/100
|move|p1a: Volcarona|Heat Wave|p2a: Blaziken|[spread] p2a,p2b
|-resisted|p2a: Blaziken
|-resisted|p2b: Salamence
|-damage|p2a: Blaziken|0 fnt
|-damage|p2b: Salamence|0 fnt
|faint|p2a: Blaziken
|faint|p2b: Salamence
|
|win|chochitos gustar
|raw|chochitos gustar's rating: 1285 → 1313(+28 for winning)
|raw|sandy ghost 5's rating: 1330 → 1307(-23 for losing)
|l|☆chochitos gustar
|player|p1|
