|j|☆dapmagikarp
|j|☆MEGA FRAUD
|html|dapmagikarpMEGA FRAUD    
|uhtml|bestof|Game 2 of a best-of-3
|t:|1785431770
|gametype|doubles
|player|p1|dapmagikarp|sada-ai|1329
|player|p2|MEGA FRAUD|1|1440
|gen|9
|tier|[Gen 9 Champions] VGC 2026 Reg M-B (Bo3)
|rated|
|rule|Species Clause: Limit one of each Pokémon
|rule|Item Clause: Limit 1 of each item
|clearpoke
|poke|p1|Floette-Eternal, L50, F|
|poke|p1|Maushold-Four, L50|
|poke|p1|Garchomp, L50, F, shiny|
|poke|p1|Talonflame, L50, M, shiny|
|poke|p1|Raichu, L50, F, shiny|
|poke|p1|Kingambit, L50, F|
|poke|p2|Tyranitar, L50, M|
|poke|p2|Excadrill, L50, F|
|poke|p2|Milotic, L50, F|
|poke|p2|Sinistcha, L50|
|poke|p2|Staraptor, L50, M|
|poke|p2|Gholdengo, L50|
|teampreview|4
|showteam|p1|Floette-Eternal||Floettite|FlowerVeil|LightofRuin,DazzlingGleam,Moonblast,Protect|Timid||F|||50|]Maushold-Four||WideLens|Technician|PopulationBomb,Protect,FollowMe,Feint|Jolly|||||50|]Garchomp||SitrusBerry|RoughSkin|Protect,RockSlide,DragonClaw,Earthquake|Adamant||F|||50|]Talonflame||Charcoal|GaleWings|Protect,Overheat,Tailwind,QuickGuard|Timid||M|||50|]Raichu||RaichuniteY|LightningRod|ZapCannon,FocusBlast,FakeOut,Protect|Timid||F|||50|]Kingambit||FocusSash|Defiant|Protect,SuckerPunch,KowtowCleave,IronHead|Adamant||F|||50|
|showteam|p2|Tyranitar||Tyranitarite|SandStream|KnockOff,RockSlide,LowKick,Protect|Jolly||M|||50|]Excadrill||FocusSash|SandRush|HighHorsepower,IronHead,RockSlide,Protect|Adamant||F|||50|]Milotic||SitrusBerry|Competitive|Scald,IcyWind,IceBeam,Protect|Calm||F|||50|]Sinistcha||ColburBerry|Hospitality|MatchaGotcha,ShadowBall,Protect,RagePowder|Bold|||||50|]Staraptor||Staraptite|Intimidate|CloseCombat,BraveBird,Tailwind,Protect|Jolly||M|||50|]Gholdengo||LifeOrb|GoodasGold|MakeItRain,ShadowBall,NastyPlot,Protect|Modest|||||50|
|inactive|Battle timer is ON: inactive players will automatically lose when time's up. (requested by dapmagikarp)
|j| tedidn
|
|t:|1785431796
|teamsize|p1|4
|teamsize|p2|4
|start
|switch|p1a: Garchomp|Garchomp, L50, F, shiny|100/100
|switch|p1b: Talonflame|Talonflame, L50, M, shiny|100/100
|switch|p2a: Excadrill|Excadrill, L50, F|100/100
|switch|p2b: Tyranitar|Tyranitar, L50, M|100/100
|-weather|Sandstorm|[from] ability: Sand Stream|[of] p2b: Tyranitar
|turn|1
|
|t:|1785431814
|switch|p2a: Staraptor|Staraptor, L50, M|100/100
|-ability|p2a: Staraptor|Intimidate|boost
|-unboost|p1a: Garchomp|atk|1
|-unboost|p1b: Talonflame|atk|1
|move|p1b: Talonflame|Protect|p1b: Talonflame
|-singleturn|p1b: Talonflame|Protect
|move|p1a: Garchomp|Earthquake|p2a: Staraptor|[spread] p2b
|-activate|p1b: Talonflame|move: Protect
|-immune|p2a: Staraptor
|-supereffective|p2b: Tyranitar|1
|-damage|p2b: Tyranitar|58/100
|move|p2b: Tyranitar|Rock Slide|p1a: Garchomp|[spread] p1a
|-activate|p1b: Talonflame|move: Protect
|-resisted|p1a: Garchomp|1
|-damage|p1a: Garchomp|88/100
|
|-weather|Sandstorm|[upkeep]
|-damage|p1b: Talonflame|94/100|[from] Sandstorm
|-damage|p2a: Staraptor|94/100|[from] Sandstorm
|upkeep
|turn|2
|
|t:|1785431833
|detailschange|p2a: Staraptor|Staraptor-Mega, L50, M
|-mega|p2a: Staraptor|Staraptor|Staraptite
|move|p1b: Talonflame|Tailwind|p1b: Talonflame
|-sidestart|p1: dapmagikarp|move: Tailwind
|move|p1a: Garchomp|Earthquake|p2b: Tyranitar|[spread] p2b
|-immune|p1b: Talonflame
|-immune|p2a: Staraptor
|-supereffective|p2b: Tyranitar|1
|-damage|p2b: Tyranitar|13/100
|move|p2a: Staraptor|Tailwind|p2a: Staraptor
|-sidestart|p2: MEGA FRAUD|move: Tailwind
|move|p2b: Tyranitar|Rock Slide|p1a: Garchomp|[spread] p1b
|-miss|p2b: Tyranitar|p1a: Garchomp
|-supereffective|p1b: Talonflame|2
|-damage|p1b: Talonflame|0 fnt
|faint|p1b: Talonflame
|
|-weather|Sandstorm|[upkeep]
|-damage|p2a: Staraptor|88/100|[from] Sandstorm
|upkeep
|l| tedidn
|
|t:|1785431851
|switch|p1b: Raichu|Raichu, L50, F, shiny|100/100
|turn|3
|
|t:|1785431861
|detailschange|p1b: Raichu|Raichu-Mega-Y, L50, F, shiny
|-mega|p1b: Raichu|Raichu|Raichunite Y
|move|p2a: Staraptor|Protect|p2a: Staraptor
|-singleturn|p2a: Staraptor|Protect
|move|p1b: Raichu|Zap Cannon|p2a: Staraptor
|-activate|p2a: Staraptor|move: Protect
|move|p1a: Garchomp|Rock Slide|p2b: Tyranitar|[spread] p2b
|-activate|p2a: Staraptor|move: Protect
|-damage|p2b: Tyranitar|3/100
|move|p2b: Tyranitar|Knock Off|p1a: Garchomp
|-damage|p1a: Garchomp|47/100
|-damage|p2b: Tyranitar|0 fnt|[from] ability: Rough Skin|[of] p1a: Garchomp
|-enditem|p1a: Garchomp|Sitrus Berry|[from] move: Knock Off|[of] p2b: Tyranitar
|faint|p2b: Tyranitar
|
|-weather|Sandstorm|[upkeep]
|-damage|p1b: Raichu|93/100|[from] Sandstorm
|-damage|p2a: Staraptor|82/100|[from] Sandstorm
|upkeep
|
|t:|1785431864
|switch|p2b: Excadrill|Excadrill, L50, F|100/100
|turn|4
|
|t:|1785431881
|move|p1b: Raichu|Protect|p1b: Raichu
|-singleturn|p1b: Raichu|Protect
|move|p2b: Excadrill|High Horsepower|p1b: Raichu
|-activate|p1b: Raichu|move: Protect
|move|p2a: Staraptor|Close Combat|p1a: Garchomp
|-damage|p1a: Garchomp|4/100
|-boost|p2a: Staraptor|def|1
|-boost|p2a: Staraptor|spd|1
|-damage|p2a: Staraptor|70/100|[from] ability: Rough Skin|[of] p1a: Garchomp
|move|p1a: Garchomp|Earthquake|p2a: Staraptor|[spread] p2b
|-activate|p1b: Raichu|move: Protect
|-immune|p2a: Staraptor
|-supereffective|p2b: Excadrill|1
|-damage|p2b: Excadrill|22/100
|
|-weather|Sandstorm|[upkeep]
|-damage|p1b: Raichu|87/100|[from] Sandstorm
|-damage|p2a: Staraptor|64/100|[from] Sandstorm
|upkeep
|turn|5
|
|t:|1785431901
|switch|p1b: Kingambit|Kingambit, L50, F|100/100
|move|p2b: Excadrill|High Horsepower|p1b: Kingambit
|-supereffective|p1b: Kingambit|1
|-damage|p1b: Kingambit|5/100
|move|p2a: Staraptor|Close Combat|p1a: Garchomp
|-damage|p1a: Garchomp|0 fnt
|-boost|p2a: Staraptor|def|1
|-boost|p2a: Staraptor|spd|1
|-damage|p2a: Staraptor|52/100|[from] ability: Rough Skin|[of] p1a: Garchomp
|faint|p1a: Garchomp
|
|-weather|none
|-sideend|p1: dapmagikarp|move: Tailwind
|-sideend|p2: MEGA FRAUD|move: Tailwind
|upkeep
|
|t:|1785431905
|switch|p1a: Raichu|Raichu-Mega-Y, L50, F, shiny|87/100
|turn|6
|
|t:|1785431916
|switch|p2b: Sinistcha|Sinistcha, L50|100/100
|-heal|p2a: Staraptor|77/100|[from] ability: Hospitality|[of] p2b: Sinistcha
|move|p2a: Staraptor|Protect|p2a: Staraptor
|-singleturn|p2a: Staraptor|Protect
|move|p1b: Kingambit|Sucker Punch||[still]
|-fail|p1b: Kingambit
|move|p1a: Raichu|Zap Cannon|p2a: Staraptor
|-activate|p2a: Staraptor|move: Protect
|
|upkeep
|turn|7
|-message|dapmagikarp forfeited.
|
|win|MEGA FRAUD
|raw|dapmagikarp's rating: 1329 → 1315(-14 for losing)
|raw|MEGA FRAUD's rating: 1440 → 1454(+14 for winning)
|l|☆dapmagikarp
|player|p1|
