|j|☆test220102
|j|☆ChrisJHall13
|html|test220102ChrisJHall13    
|uhtml|bestof|Game 2 of a best-of-3
|t:|1784712479
|gametype|doubles
|player|p1|test220102|1|1139
|player|p2|ChrisJHall13|102|1237
|gen|9
|tier|[Gen 9 Champions] VGC 2026 Reg M-B (Bo3)
|rated|
|rule|Species Clause: Limit one of each Pokémon
|rule|Item Clause: Limit 1 of each item
|clearpoke
|poke|p1|Garchomp, L50, F|
|poke|p1|Venusaur, L50, M|
|poke|p1|Incineroar, L50, M|
|poke|p1|Charizard, L50, M|
|poke|p1|Toxapex, L50, F|
|poke|p1|Annihilape, L50, F|
|poke|p2|Incineroar, L50, M|
|poke|p2|Ninetales-Alola, L50, F|
|poke|p2|Gengar, L50, F|
|poke|p2|Dragonite, L50, M|
|poke|p2|Snorlax, L50, F|
|poke|p2|Scrafty, L50, M|
|teampreview|4
|showteam|p1|Garchomp||ChoiceScarf|RoughSkin|Earthquake,RockSlide,DragonClaw,StompingTantrum|Adamant||F|||50|]Venusaur||LifeOrb|Chlorophyll|SludgeBomb,SolarBeam,EarthPower,Protect|Modest||M|||50|]Incineroar||SitrusBerry|Intimidate|FakeOut,FlareBlitz,ThroatChop,PartingShot|Impish||M|||50|]Charizard||CharizarditeY|SolarPower|HeatWave,WeatherBall,Protect,HelpingHand|Modest||M|||50|]Toxapex||Leftovers|Regenerator|Infestation,Toxic,WideGuard,BanefulBunker|Bold||F|||50|]Annihilape||FocusSash|Defiant|CloseCombat,PhantomForce,RockTomb,Protect|Jolly||F|||50|
|showteam|p2|Incineroar||ShucaBerry|Intimidate|FakeOut,DarkestLariat,Protect,PartingShot|Careful||M|||50|]Ninetales-Alola||FocusSash|SnowWarning|Blizzard,Protect,Encore,Disable|Timid||F|||50|]Gengar||Gengarite|CursedBody|PerishSong,ShadowBall,Protect,SludgeBomb|Modest||F|||50|]Dragonite||LifeOrb|InnerFocus|DragonClaw,ExtremeSpeed,Protect,LowKick|Adamant||M|||50|]Snorlax||Leftovers|ThickFat|Yawn,Fissure,DoubleEdge,Protect|Relaxed||F|||50|]Scrafty||Scraftinite|Intimidate|CloseCombat,KnockOff,FakeOut,Protect|Adamant||M|||50|
|inactive|Battle timer is ON: inactive players will automatically lose when time's up. (requested by test220102)
|j| windsaure
|inactive|ChrisJHall13 has 60 seconds left.
|
|t:|1784712526
|teamsize|p1|4
|teamsize|p2|4
|start
|switch|p1a: Toxapex|Toxapex, L50, F|100/100
|switch|p1b: Annihilape|Annihilape, L50, F|100/100
|switch|p2a: Gengar|Gengar, L50, F|100/100
|switch|p2b: Dragonite|Dragonite, L50, M|100/100
|turn|1
|inactive|ChrisJHall13 has 30 seconds left.
|inactive|ChrisJHall13 has 20 seconds left.
|inactive|ChrisJHall13 has 15 seconds left.
|inactive|ChrisJHall13 has 10 seconds left.
|inactive|ChrisJHall13 has 5 seconds left.
|
|t:|1784712578
|switch|p2b: Ninetales|Ninetales-Alola, L50, F|100/100
|-weather|Snowscape|[from] ability: Snow Warning|[of] p2b: Ninetales
|detailschange|p2a: Gengar|Gengar-Mega, L50, F
|-mega|p2a: Gengar|Gengar|Gengarite
|move|p1b: Annihilape|Protect|p1b: Annihilape
|-singleturn|p1b: Annihilape|Protect
|move|p2a: Gengar|Shadow Ball|p1b: Annihilape
|-activate|p1b: Annihilape|move: Protect
|move|p1a: Toxapex|Infestation|p2b: Ninetales
|-resisted|p2b: Ninetales|1
|-damage|p2b: Ninetales|97/100
|-activate|p2b: Ninetales|move: Infestation|[of] p1a: Toxapex
|
|-weather|Snowscape|[upkeep]
|-damage|p2b: Ninetales|85/100|[from] move: Infestation|[partiallytrapped]
|upkeep
|turn|2
|inactive|test220102 has 30 seconds left.
|inactive|ChrisJHall13 has 30 seconds left.
|inactive|test220102 has 20 seconds left.
|
|t:|1784712616
|move|p2a: Gengar|Shadow Ball|p1a: Toxapex
|-damage|p1a: Toxapex|61/100
|-unboost|p1a: Toxapex|spd|1
|move|p2b: Ninetales|Encore|p1b: Annihilape
|-start|p1b: Annihilape|Encore
|move|p1b: Annihilape|Protect|p1b: Annihilape
|-singleturn|p1b: Annihilape|Protect
|move|p1a: Toxapex|Toxic|p2b: Ninetales
|-status|p2b: Ninetales|tox
|
|-weather|Snowscape|[upkeep]
|-heal|p1a: Toxapex|67/100|[from] item: Leftovers
|-damage|p2b: Ninetales|79/100 tox|[from] psn
|-damage|p2b: Ninetales|67/100 tox|[from] move: Infestation|[partiallytrapped]
|upkeep
|turn|3
|inactive|test220102 has 30 seconds left.
|
|t:|1784712646
|switch|p1b: Charizard|Charizard, L50, M|100/100
|move|p2a: Gengar|Shadow Ball|p1b: Charizard
|-damage|p1b: Charizard|43/100
|move|p2b: Ninetales|Blizzard|p1b: Charizard|[spread] p1a,p1b
|-resisted|p1a: Toxapex|1
|-damage|p1a: Toxapex|50/100g
|-damage|p1b: Charizard|11/100
|move|p1a: Toxapex|Infestation|p2a: Gengar
|-resisted|p2a: Gengar|2
|-damage|p2a: Gengar|99/100
|-activate|p2a: Gengar|move: Infestation|[of] p1a: Toxapex
|
|-weather|Snowscape|[upkeep]
|-heal|p1a: Toxapex|56/100|[from] item: Leftovers
|-damage|p2b: Ninetales|55/100 tox|[from] psn
|-damage|p2a: Gengar|87/100|[from] move: Infestation|[partiallytrapped]
|-damage|p2b: Ninetales|43/100 tox|[from] move: Infestation|[partiallytrapped]
|upkeep
|turn|4
|
|t:|1784712670
|detailschange|p1b: Charizard|Charizard-Mega-Y, L50, M
|-mega|p1b: Charizard|Charizard|Charizardite Y
|-weather|SunnyDay|[from] ability: Drought|[of] p1b: Charizard
|move|p2a: Gengar|Sludge Bomb|p1b: Charizard
|-damage|p1b: Charizard|0 fnt
|faint|p1b: Charizard
|move|p2b: Ninetales|Encore|p1a: Toxapex
|-start|p1a: Toxapex|Encore
|move|p1a: Toxapex|Infestation|p2a: Gengar
|-resisted|p2a: Gengar|2
|-damage|p2a: Gengar|86/100
|
|-weather|SunnyDay|[upkeep]
|-heal|p1a: Toxapex|61/100|[from] item: Leftovers
|-damage|p2b: Ninetales|25/100 tox|[from] psn
|-damage|p2a: Gengar|74/100|[from] move: Infestation|[partiallytrapped]
|-damage|p2b: Ninetales|13/100 tox|[from] move: Infestation|[partiallytrapped]
|upkeep
|
|t:|1784712686
|switch|p1b: Venusaur|Venusaur, L50, M|100/100
|turn|5
|inactive|ChrisJHall13 has 30 seconds left.
|inactive|ChrisJHall13 has 20 seconds left.
|
|t:|1784712724
|move|p2a: Gengar|Protect|p2a: Gengar
|-singleturn|p2a: Gengar|Protect
|move|p1b: Venusaur|Earth Power|p2a: Gengar
|-activate|p2a: Gengar|move: Protect
|move|p2b: Ninetales|Blizzard|p1a: Toxapex|[spread] 
|-miss|p2b: Ninetales|p1a: Toxapex
|-miss|p2b: Ninetales|p1b: Venusaur
|move|p1a: Toxapex|Infestation|p2a: Gengar
|-activate|p2a: Gengar|move: Protect
|
|-weather|SunnyDay|[upkeep]
|-heal|p1a: Toxapex|67/100|[from] item: Leftovers
|-damage|p2b: Ninetales|0 fnt|[from] psn
|faint|p2b: Ninetales
|-damage|p2a: Gengar|62/100|[from] move: Infestation|[partiallytrapped]
|upkeep
|
|t:|1784712744
|switch|p2b: Incineroar|Incineroar, L50, M|100/100
|-ability|p2b: Incineroar|Intimidate|boost
|-unboost|p1a: Toxapex|atk|1
|-unboost|p1b: Venusaur|atk|1
|turn|6
|
|t:|1784712755
|move|p1b: Venusaur|Protect|p1b: Venusaur
|-singleturn|p1b: Venusaur|Protect
|move|p2b: Incineroar|Fake Out|p1b: Venusaur
|-activate|p1b: Venusaur|move: Protect
|move|p2a: Gengar|Perish Song|p2a: Gengar
|-start|p1a: Toxapex|perish3|[silent]
|-start|p1b: Venusaur|perish3|[silent]
|-start|p2a: Gengar|perish3|[silent]
|-start|p2b: Incineroar|perish3|[silent]
|-fieldactivate|move: Perish Song
|move|p1a: Toxapex|Infestation|p2b: Incineroar
|-damage|p2b: Incineroar|97/100
|-activate|p2b: Incineroar|move: Infestation|[of] p1a: Toxapex
|
|-weather|SunnyDay|[upkeep]
|-heal|p1a: Toxapex|73/100|[from] item: Leftovers
|-damage|p2a: Gengar|50/100g|[from] move: Infestation|[partiallytrapped]
|-damage|p2b: Incineroar|85/100|[from] move: Infestation|[partiallytrapped]
|-end|p1a: Toxapex|Encore
|-start|p1b: Venusaur|perish3
|-start|p2a: Gengar|perish3
|-start|p2b: Incineroar|perish3
|-start|p1a: Toxapex|perish3
|upkeep
|turn|7
|
|t:|1784712774
|move|p2a: Gengar|Protect|p2a: Gengar
|-singleturn|p2a: Gengar|Protect
|move|p2b: Incineroar|Protect|p2b: Incineroar
|-singleturn|p2b: Incineroar|Protect
|move|p1b: Venusaur|Earth Power|p2a: Gengar
|-activate|p2a: Gengar|move: Protect
|move|p1a: Toxapex|Toxic|p2b: Incineroar
|-activate|p2b: Incineroar|move: Protect
|
|-weather|SunnyDay|[upkeep]
|-heal|p1a: Toxapex|78/100|[from] item: Leftovers
|-damage|p2a: Gengar|38/100|[from] move: Infestation|[partiallytrapped]
|-damage|p2b: Incineroar|72/100|[from] move: Infestation|[partiallytrapped]
|-start|p1b: Venusaur|perish2
|-start|p2a: Gengar|perish2
|-start|p2b: Incineroar|perish2
|-start|p1a: Toxapex|perish2
|upkeep
|turn|8
|inactive|test220102 has 30 seconds left.
|inactive|test220102 has 20 seconds left.
|inactive|test220102 has 15 seconds left.
|
|t:|1784712817
|switch|p2a: Dragonite|Dragonite, L50, M|100/100
|move|p1b: Venusaur|Sludge Bomb|p2a: Dragonite
|-damage|p2a: Dragonite|38/100
|-damage|p1b: Venusaur|90/100|[from] item: Life Orb
|move|p2b: Incineroar|Parting Shot|p2a: Dragonite
|-unboost|p2a: Dragonite|atk|1
|-unboost|p2a: Dragonite|spa|1
|l| windsaure
|
|t:|1784712826
|switch|p2b: Gengar|Gengar-Mega, L50, F|38/100|[from] Parting Shot
|move|p1a: Toxapex|Infestation|p2a: Dragonite
|-resisted|p2a: Dragonite|1
|-damage|p2a: Dragonite|36/100
|-activate|p2a: Dragonite|move: Infestation|[of] p1a: Toxapex
|
|-weather|none
|-heal|p1a: Toxapex|84/100|[from] item: Leftovers
|-damage|p2a: Dragonite|24/100|[from] move: Infestation|[partiallytrapped]
|-start|p1b: Venusaur|perish1
|-start|p1a: Toxapex|perish1
|upkeep
|turn|9
|
|t:|1784712844
|move|p2b: Gengar|Protect|p2b: Gengar
|-singleturn|p2b: Gengar|Protect
|move|p2a: Dragonite|Protect|p2a: Dragonite
|-singleturn|p2a: Dragonite|Protect
|move|p1b: Venusaur|Earth Power|p1a: Toxapex
|-supereffective|p1a: Toxapex|1
|-damage|p1a: Toxapex|10/100
|-unboost|p1a: Toxapex|spd|1
|-damage|p1b: Venusaur|81/100|[from] item: Life Orb
|move|p1a: Toxapex|Infestation|p1b: Venusaur
|-damage|p1b: Venusaur|77/100
|-activate|p1b: Venusaur|move: Infestation|[of] p1a: Toxapex
|
|-heal|p1a: Toxapex|15/100|[from] item: Leftovers
|-damage|p1b: Venusaur|65/100|[from] move: Infestation|[partiallytrapped]
|-damage|p2a: Dragonite|11/100|[from] move: Infestation|[partiallytrapped]
|-start|p1b: Venusaur|perish0
|-start|p1a: Toxapex|perish0
|faint|p1b: Venusaur
|faint|p1a: Toxapex
|upkeep
|
|t:|1784712859
|switch|p1b: Annihilape|Annihilape, L50, F|100/100
|turn|10
|
|t:|1784712872
|move|p2b: Gengar|Shadow Ball|p1b: Annihilape
|-supereffective|p1b: Annihilape|1
|-enditem|p1b: Annihilape|Focus Sash
|-damage|p1b: Annihilape|1/100
|-unboost|p1b: Annihilape|spd|1
|-ability|p1b: Annihilape|Defiant|boost
|-boost|p1b: Annihilape|atk|2
|move|p1b: Annihilape|Phantom Force||[still]
|-prepare|p1b: Annihilape|Phantom Force
|move|p2a: Dragonite|Dragon Claw|p1b: Annihilape|[miss]
|-miss|p2a: Dragonite|p1b: Annihilape
|
|-end|p2a: Dragonite|Infestation|[partiallytrapped]|[silent]
|upkeep
|turn|11
|
|t:|1784712884
|move|p2b: Gengar|Shadow Ball|p1b: Annihilape|[miss]
|-miss|p2b: Gengar|p1b: Annihilape
|move|p1b: Annihilape|Phantom Force|p2b: Gengar|[from] lockedmove
|-supereffective|p2b: Gengar|1
|-damage|p2b: Gengar|0 fnt
|faint|p2b: Gengar
|move|p2a: Dragonite|Dragon Claw|p1b: Annihilape
|-damage|p1b: Annihilape|0 fnt
|faint|p1b: Annihilape
|-damage|p2a: Dragonite|2/100|[from] item: Life Orb
|
|win|ChrisJHall13
|raw|test220102's rating: 1139 → 1121(-18 for losing)
|raw|ChrisJHall13's rating: 1237 → 1255(+18 for winning)
