|j|☆Linkmasterjr
|j|☆jonathan53332
|html|Linkmasterjrjonathan53332    
|uhtml|bestof|Game 1 of a best-of-3
|t:|1786123246
|gametype|doubles
|player|p1|Linkmasterjr|1|
|player|p2|jonathan53332|1|
|gen|9
|tier|[Gen 9 Champions] VGC 2026 Reg M-B (Bo3)
|rule|Species Clause: Limit one of each Pokémon
|rule|Item Clause: Limit 1 of each item
|clearpoke
|poke|p1|Raichu, L50, M|
|poke|p1|Gardevoir, L50, F, shiny|
|poke|p1|Samurott-Hisui, L50, F|
|poke|p1|Dragapult, L50, M|
|poke|p1|Corviknight, L50, F|
|poke|p1|Volcarona, L50, M|
|poke|p2|Charizard, L50, F|
|poke|p2|Sinistcha-Masterpiece, L50|
|poke|p2|Pelipper, L50, M|
|poke|p2|Primarina, L50, M|
|poke|p2|Tyranitar, L50, F|
|poke|p2|Lucario, L50, F|
|teampreview|4
|showteam|p1|Raichu||RaichuniteY|LightningRod|Round,ZapCannon,FocusBlast,Protect|Timid||M|||50|]Gardevoir||Gardevoirite|Trace|Protect,Round,ShadowBall,EnergyBall|Timid||F|||50|]Samurott-Hisui||QuickClaw|Sharpness|CeaselessEdge,RazorShell,SacredSword,Protect|Jolly||F|||50|]Dragapult||MuscleBand|ClearBody|DragonDarts,Thunderbolt,PhantomForce,Protect|Hasty||M|||50|]Corviknight||Leftovers|MirrorArmor|Tailwind,SteelWing,AerialAce,FakeTears|Adamant||F|||50|]Volcarona||BrightPowder|FlameBody|FieryDance,Hurricane,Protect,GigaDrain|Timid||M|||50|
|showteam|p2|Charizard||CharizarditeY|SolarPower|SolarBeam,WeatherBall,AirCutter,HeatWave|Timid||F|||50|]Sinistcha-Masterpiece||SitrusBerry|Hospitality|Scald,MatchaGotcha,ShadowBall,StrengthSap|Modest|||||50|]Pelipper||FocusSash|Drizzle|Tailwind,IcyWind,Hurricane,WideGuard|Modest||M|||50|]Primarina||Leftovers|LiquidVoice|HyperVoice,Blizzard,EnergyBall,ShadowBall|Modest||M|||50|]Tyranitar||Tyranitarite|SandStream|Earthquake,RockSlide,FirePunch,Protect|Adamant||F|||50|]Lucario||LifeOrb|Steadfast|BulletPunch,MeteorMash,PoisonJab,DrainPunch|Jolly||F|||50|
|l|☆jonathan53332
|player|p2|
|j|☆jonathan53332
|player|p2|jonathan53332|1|
|
|t:|1786123353
|teamsize|p1|4
|teamsize|p2|4
|start
|switch|p1a: Corviknight|Corviknight, L50, F|100/100
|switch|p1b: Volcarona|Volcarona, L50, M|100/100
|switch|p2a: Pelipper|Pelipper, L50, M|100/100
|switch|p2b: Charizard|Charizard, L50, F|100/100
|-weather|RainDance|[from] ability: Drizzle|[of] p2a: Pelipper
|turn|1
|
|t:|1786123388
|move|p1b: Volcarona|Protect|p1b: Volcarona
|-singleturn|p1b: Volcarona|Protect
|move|p2b: Charizard|Weather Ball|p1b: Volcarona
|-activate|p1b: Volcarona|move: Protect
|move|p1a: Corviknight|Tailwind|p1a: Corviknight
|-sidestart|p1: Linkmasterjr|move: Tailwind
|move|p2a: Pelipper|Icy Wind|p1a: Corviknight|[spread] p1a
|-activate|p1b: Volcarona|move: Protect
|-damage|p1a: Corviknight|86/100
|-ability|p1a: Corviknight|Mirror Armor
|-unboost|p2a: Pelipper|spe|1
|
|-weather|RainDance|[upkeep]
|-heal|p1a: Corviknight|92/100|[from] item: Leftovers
|upkeep
|turn|2
|
|t:|1786123437
|detailschange|p2b: Charizard|Charizard-Mega-Y, L50, F
|-mega|p2b: Charizard|Charizard|Charizardite Y
|-weather|SunnyDay|[from] ability: Drought|[of] p2b: Charizard
|move|p1b: Volcarona|Hurricane|p2b: Charizard
|-damage|p2b: Charizard|60/100
|-start|p2b: Charizard|confusion
|move|p1a: Corviknight|Fake Tears|p2b: Charizard
|-unboost|p2b: Charizard|spd|2
|-activate|p2b: Charizard|confusion
|move|p2b: Charizard|Heat Wave|p1b: Volcarona|[spread] p1a,p1b
|-supereffective|p1a: Corviknight|1
|-damage|p1a: Corviknight|0 fnt
|-damage|p1b: Volcarona|36/100
|faint|p1a: Corviknight
|move|p2a: Pelipper|Hurricane|p1b: Volcarona|[miss]
|-miss|p2a: Pelipper|p1b: Volcarona
|
|-weather|SunnyDay|[upkeep]
|upkeep
|
|t:|1786123455
|switch|p1a: Raichu|Raichu, L50, M|100/100
|turn|3
|inactive|Battle timer is ON: inactive players will automatically lose when time's up. (requested by Linkmasterjr)
|
|t:|1786123491
|detailschange|p1a: Raichu|Raichu-Mega-Y, L50, M
|-mega|p1a: Raichu|Raichu|Raichunite Y
|move|p1a: Raichu|Zap Cannon|p2a: Pelipper
|-supereffective|p2a: Pelipper|2
|-enditem|p2a: Pelipper|Focus Sash
|-damage|p2a: Pelipper|1/100
|-status|p2a: Pelipper|par
|move|p1b: Volcarona|Fiery Dance|p2b: Charizard
|-resisted|p2b: Charizard|1
|-damage|p2b: Charizard|0 fnt
|faint|p2b: Charizard
|move|p2a: Pelipper|Tailwind|p2a: Pelipper
|-sidestart|p2: jonathan53332|move: Tailwind
|
|-weather|SunnyDay|[upkeep]
|upkeep
|
|t:|1786123509
|switch|p2b: Lucario|Lucario, L50, F|100/100
|turn|4
|
|t:|1786123526
|move|p1a: Raichu|Protect|p1a: Raichu
|-singleturn|p1a: Raichu|Protect
|move|p1b: Volcarona|Fiery Dance|p2b: Lucario
|-supereffective|p2b: Lucario|1
|-damage|p2b: Lucario|0 fnt
|faint|p2b: Lucario
|move|p2a: Pelipper|Icy Wind|p1a: Raichu|[spread] p1b
|-activate|p1a: Raichu|move: Protect
|-resisted|p1b: Volcarona|1
|-damage|p1b: Volcarona|29/100
|-unboost|p1b: Volcarona|spe|1
|
|-weather|SunnyDay|[upkeep]
|-sideend|p1: Linkmasterjr|move: Tailwind
|upkeep
|
|t:|1786123528
|switch|p2b: Primarina|Primarina, L50, M|100/100
|turn|5
|
|t:|1786123543
|move|p1a: Raichu|Zap Cannon|p2b: Primarina
|-supereffective|p2b: Primarina|1
|-damage|p2b: Primarina|0 fnt
|faint|p2b: Primarina
|move|p1b: Volcarona|Giga Drain|p2a: Pelipper
|-damage|p2a: Pelipper|0 fnt
|-heal|p1b: Volcarona|30/100|[from] drain|[of] p2a: Pelipper
|faint|p2a: Pelipper
|
|win|Linkmasterjr
