|j|☆uglybeast
|j|☆Goodwyn
|html|uglybeastGoodwyn    
|uhtml|bestof|Game 1 of a best-of-3
|t:|1756935622
|gametype|doubles
|player|p1|uglybeast|lucas|1322
|player|p2|Goodwyn|102|1212
|gen|9
|tier|[Gen 9] VGC 2025 Reg H (Bo3)
|rated|
|rule|Species Clause: Limit one of each Pokémon
|rule|Item Clause: Limit 1 of each item
|clearpoke
|poke|p1|Murkrow, L50, M|
|poke|p1|Ursaluna-Bloodmoon, L50, M|
|poke|p1|Sneasler, L50, F|
|poke|p1|Dragapult, L50, F|
|poke|p1|Armarouge, L50, M|
|poke|p1|Indeedee-F, L50, F|
|poke|p2|Indeedee, L50, M|
|poke|p2|Sneasler, L50, F|
|poke|p2|Gholdengo, L50|
|poke|p2|Smeargle, L50, M|
|poke|p2|Volcarona, L50, F|
|poke|p2|Incineroar, L50, F|
|teampreview|4
|showteam|p1|Murkrow||Eviolite|Prankster|Haze,SunnyDay,Tailwind,BraveBird|||M|||50|,,,,,Ghost]Ursaluna-Bloodmoon||LifeOrb|MindsEye|BloodMoon,HyperVoice,Protect,EarthPower|||M|||50|,,,,,Normal]Sneasler||PsychicSeed|Unburden|ThroatChop,DireClaw,CloseCombat,Protect|||F|||50|,,,,,Dark]Dragapult||ChoiceBand|ClearBody|DragonDarts,Outrage,Uturn,PhantomForce|||F|||50|,,,,,Dragon]Armarouge||PowerHerb|FlashFire|HeatWave,MeteorBeam,ExpandingForce,Protect|||M|||50|,,,,,Grass]Indeedee-F||RockyHelmet|PsychicSurge|DazzlingGleam,FollowMe,HelpingHand,TrickRoom|||F|||50|,,,,,Grass
|showteam|p2|Indeedee||ChoiceScarf|PsychicSurge|ExpandingForce,TeraBlast,Trick,Protect|||M|||50|,,,,,Psychic]Sneasler||PsychicSeed|Unburden|ThroatChop,DireClaw,CloseCombat,Protect|||F|||50|,,,,,Dark]Gholdengo||LifeOrb|GoodasGold|MakeItRain,ShadowBall,NastyPlot,Protect||||||50|,,,,,Dragon]Smeargle||FocusSash|Moody|FollowMe,Spore,SaltCure,SpikyShield|||M|||50|,,,,,Grass]Volcarona||Leftovers|FlameBody|TeraBlast,HeatWave,QuiverDance,Protect|||F|||50|,,,,,Water]Incineroar||AssaultVest|Intimidate|FlareBlitz,KnockOff,FakeOut,Uturn|||F|||50|,,,,,Grass
|
|t:|1756935690
|teamsize|p1|4
|teamsize|p2|4
|start
|switch|p1a: Giandam|Armarouge, L50, M|100/100
|switch|p1b: Blade|Indeedee-F, L50, F|100/100
|switch|p2a: Gholdengo|Gholdengo, L50|100/100
|switch|p2b: Smeargle|Smeargle, L50, M|100/100
|-fieldstart|move: Psychic Terrain|[from] ability: Psychic Surge|[of] p1b: Blade
|turn|1
|
|t:|1756935721
|move|p1b: Blade|Follow Me|p1b: Blade
|-singleturn|p1b: Blade|move: Follow Me
|move|p2a: Gholdengo|Make It Rain|p1a: Giandam|[spread] p1a,p1b
|-resisted|p1a: Giandam
|-damage|p1a: Giandam|66/100
|-damage|p1b: Blade|47/100
|-unboost|p2a: Gholdengo|spa|1
|-damage|p2a: Gholdengo|91/100|[from] item: Life Orb
|move|p1a: Giandam|Meteor Beam||[still]
|-prepare|p1a: Giandam|Meteor Beam
|-boost|p1a: Giandam|spa|1
|-enditem|p1a: Giandam|Power Herb
|-anim|p1a: Giandam|Meteor Beam|p2b: Smeargle
|-enditem|p2b: Smeargle|Focus Sash
|-damage|p2b: Smeargle|1/100
|move|p2b: Smeargle|Spore|p1b: Blade
|-status|p1b: Blade|slp|[from] move: Spore
|
|-ability|p2b: Smeargle|Moody|boost
|-boost|p2b: Smeargle|spe|2
|-unboost|p2b: Smeargle|spd|1
|upkeep
|turn|2
|
|t:|1756935773
|-terastallize|p1a: Giandam|Grass
|cant|p1b: Blade|slp
|move|p2a: Gholdengo|Protect|p2a: Gholdengo
|-singleturn|p2a: Gholdengo|Protect
|move|p2b: Smeargle|Salt Cure|p1b: Blade
|-damage|p1b: Blade|44/100 slp
|-start|p1b: Blade|Salt Cure
|move|p1a: Giandam|Expanding Force|p2a: Gholdengo|[spread] p2b
|-activate|p2a: Gholdengo|move: Protect
|-damage|p2b: Smeargle|0 fnt
|faint|p2b: Smeargle
|
|-damage|p1b: Blade|32/100 slp|[from] Salt Cure
|upkeep
|
|t:|1756935793
|switch|p2b: Incineroar|Incineroar, L50, F|100/100
|-ability|p2b: Incineroar|Intimidate|boost
|-unboost|p1a: Giandam|atk|1
|-unboost|p1b: Blade|atk|1
|turn|3
|
|t:|1756935811
|-curestatus|p1b: Blade|slp|[msg]
|move|p1b: Blade|Follow Me|p1b: Blade
|-singleturn|p1b: Blade|move: Follow Me
|move|p2a: Gholdengo|Make It Rain|p1b: Blade|[spread] p1a,p1b
|-damage|p1a: Giandam|14/100
|-damage|p1b: Blade|0 fnt
|-unboost|p2a: Gholdengo|spa|1
|faint|p1b: Blade
|-damage|p2a: Gholdengo|82/100|[from] item: Life Orb
|move|p1a: Giandam|Heat Wave|p2b: Incineroar|[spread] p2a,p2b
|-supereffective|p2a: Gholdengo
|-resisted|p2b: Incineroar
|-damage|p2a: Gholdengo|0 fnt
|-damage|p2b: Incineroar|83/100
|faint|p2a: Gholdengo
|move|p2b: Incineroar|U-turn|p1a: Giandam
|-supereffective|p1a: Giandam
|-damage|p1a: Giandam|0 fnt
|faint|p1a: Giandam
|
|t:|1756935831
|switch|p2b: Volcarona|Volcarona, L50, F|100/100|[from] U-turn
|
|upkeep
|
|t:|1756935841
|switch|p2a: Incineroar|Incineroar, L50, F|83/100
|switch|p1a: Anagnoman|Sneasler, L50, F|100/100
|switch|p1b: Laz|Dragapult, L50, F|100/100
|-ability|p2a: Incineroar|Intimidate|boost
|-unboost|p1a: Anagnoman|atk|1
|-fail|p1b: Laz|unboost|[from] ability: Clear Body|[of] p1b: Laz
|-enditem|p1a: Anagnoman|Psychic Seed
|-boost|p1a: Anagnoman|spd|1|[from] item: Psychic Seed
|turn|4
|
|t:|1756935872
|move|p1a: Anagnoman|Close Combat|p2a: Incineroar
|-supereffective|p2a: Incineroar
|-damage|p2a: Incineroar|7/100
|-unboost|p1a: Anagnoman|def|1
|-unboost|p1a: Anagnoman|spd|1
|move|p1b: Laz|Phantom Force||[still]
|-prepare|p1b: Laz|Phantom Force
|move|p2b: Volcarona|Heat Wave|p1a: Anagnoman|[spread] 
|-miss|p2b: Volcarona|p1b: Laz
|-miss|p2b: Volcarona|p1a: Anagnoman
|move|p2a: Incineroar|Knock Off|p1b: Laz|[miss]
|-miss|p2a: Incineroar|p1b: Laz
|
|upkeep
|turn|5
|
|t:|1756935898
|move|p1a: Anagnoman|Dire Claw|p2a: Incineroar
|-damage|p2a: Incineroar|0 fnt
|faint|p2a: Incineroar
|move|p1b: Laz|Phantom Force|p2b: Volcarona|[from] lockedmove
|-damage|p2b: Volcarona|25/100
|-status|p1b: Laz|brn|[from] ability: Flame Body|[of] p2b: Volcarona
|move|p2b: Volcarona|Quiver Dance|p2b: Volcarona
|-boost|p2b: Volcarona|spa|1
|-boost|p2b: Volcarona|spd|1
|-boost|p2b: Volcarona|spe|1
|
|-heal|p2b: Volcarona|31/100|[from] item: Leftovers
|-damage|p1b: Laz|94/100 brn|[from] brn
|-fieldend|move: Psychic Terrain
|upkeep
|turn|6
|
|t:|1756935922
|move|p2b: Volcarona|Protect|p2b: Volcarona
|-singleturn|p2b: Volcarona|Protect
|move|p1a: Anagnoman|Dire Claw|p2b: Volcarona
|-activate|p2b: Volcarona|move: Protect
|move|p1b: Laz|Phantom Force||[still]
|-prepare|p1b: Laz|Phantom Force
|
|-heal|p2b: Volcarona|37/100|[from] item: Leftovers
|-damage|p1b: Laz|88/100 brn|[from] brn
|upkeep
|turn|7
|
|t:|1756935933
|move|p1a: Anagnoman|Dire Claw|p2b: Volcarona
|-damage|p2b: Volcarona|7/100
|move|p1b: Laz|Phantom Force|p2b: Volcarona|[from] lockedmove
|-damage|p2b: Volcarona|0 fnt
|faint|p2b: Volcarona
|
|win|uglybeast
|inactive|uglybeast has 30 seconds to confirm battle start!
|inactive|Goodwyn has 30 seconds to confirm battle start!
||Goodwyn is ready for game 2.
||uglybeast is ready for game 2.
|uhtml|next|Next: Game 2 of 3
