|j|☆gohan92
|j|☆Neofalcon
|html|gohan92Neofalcon    
|uhtml|bestof|Game 1 of a best-of-3
|t:|1756406864
|gametype|doubles
|player|p1|gohan92|169|1198
|player|p2|Neofalcon|2|1201
|gen|9
|tier|[Gen 9] VGC 2025 Reg H (Bo3)
|rated|
|rule|Species Clause: Limit one of each Pokémon
|rule|Item Clause: Limit 1 of each item
|clearpoke
|poke|p1|Ursaluna-Bloodmoon, L50, M|
|poke|p1|Gholdengo, L50|
|poke|p1|Dragonite, L50, F|
|poke|p1|Annihilape, L50, F|
|poke|p1|Dondozo, L50, F|
|poke|p1|Volcarona, L50, M|
|poke|p2|Amoonguss, L50, F|
|poke|p2|Sneasler, L50, F|
|poke|p2|Gholdengo, L50|
|poke|p2|Incineroar, L50, M|
|poke|p2|Ursaluna-Bloodmoon, L50, M|
|poke|p2|Dragonite, L50, M|
|teampreview|4
|showteam|p1|Ursaluna-Bloodmoon||AssaultVest|MindsEye|BloodMoon,HyperVoice,EarthPower,VacuumWave|||M|||50|,,,,,Normal]Gholdengo||ChoiceScarf|GoodasGold|MakeItRain,ShadowBall,PowerGem,Trick||||||50|,,,,,Steel]Dragonite||LoadedDice|Multiscale|ScaleShot,ExtremeSpeed,Haze,Protect|||F|||50|,,,,,Fairy]Annihilape||FocusSash|Defiant|CloseCombat,RageFist,FinalGambit,Coaching|||F|||50|,,,,,Stellar]Dondozo||Leftovers|Unaware|WaveCrash,Fissure,Yawn,Protect|||F|||50|,,,,,Bug]Volcarona||RockyHelmet|FlameBody|HeatWave,Tailwind,RagePowder,Protect|||M|||50|,,,,,Water
|showteam|p2|Amoonguss||SitrusBerry|Regenerator|RagePowder,Spore,PollenPuff,Protect|||F|||50|,,,,,Psychic]Sneasler||FocusSash|Unburden|Protect,DireClaw,CloseCombat,ThroatChop|||F|||50|,,,,,Stellar]Gholdengo||LifeOrb|GoodasGold|Protect,MakeItRain,ShadowBall,NastyPlot||||||50|,,,,,Water]Incineroar||SafetyGoggles|Intimidate|KnockOff,PartingShot,FlareBlitz,FakeOut|||M|||50|,,,,,Ghost]Ursaluna-Bloodmoon||AssaultVest|MindsEye|BloodMoon,EarthPower,VacuumWave,HyperVoice|||M|||50|,,,,,Water]Dragonite||LoadedDice|Multiscale|ScaleShot,Tailwind,Haze,Protect|||M|||50|,,,,,Fairy
|
|t:|1756406931
|teamsize|p1|4
|teamsize|p2|4
|start
|switch|p1a: Annihilape|Annihilape, L50, F|100/100
|switch|p1b: Dragonite|Dragonite, L50, F|100/100
|switch|p2a: Luffy|Incineroar, L50, M|100/100
|switch|p2b: Tony|Ursaluna-Bloodmoon, L50, M|100/100
|-ability|p2a: Luffy|Intimidate|boost
|-unboost|p1a: Annihilape|atk|1
|-ability|p1a: Annihilape|Defiant|boost
|-boost|p1a: Annihilape|atk|2
|-unboost|p1b: Dragonite|atk|1
|turn|1
|
|t:|1756406973
|switch|p2b: Say Cheese|Gholdengo, L50|100/100
|move|p2a: Luffy|Fake Out|p1b: Dragonite
|-damage|p1b: Dragonite|95/100
|move|p1a: Annihilape|Close Combat|p2b: Say Cheese
|-immune|p2b: Say Cheese
|cant|p1b: Dragonite|flinch
|
|upkeep
|turn|2
|
|t:|1756407000
|-terastallize|p2a: Luffy|Ghost
|move|p1a: Annihilape|Coaching|p1b: Dragonite
|-boost|p1b: Dragonite|atk|1
|-boost|p1b: Dragonite|def|1
|move|p2b: Say Cheese|Nasty Plot|p2b: Say Cheese
|-boost|p2b: Say Cheese|spa|2
|move|p1b: Dragonite|Scale Shot|p2a: Luffy|[miss]
|-miss|p1b: Dragonite|p2a: Luffy
|move|p2a: Luffy|Flare Blitz|p1a: Annihilape
|-damage|p1a: Annihilape|46/100
|-damage|p2a: Luffy|83/100|[from] Recoil
|
|upkeep
|turn|3
|
|t:|1756407035
|move|p1a: Annihilape|Rage Fist|p2b: Say Cheese
|-supereffective|p2b: Say Cheese
|-damage|p2b: Say Cheese|0 fnt
|faint|p2b: Say Cheese
|move|p1b: Dragonite|Scale Shot|p2a: Luffy
|-damage|p2a: Luffy|69/100
|-damage|p2a: Luffy|55/100
|-damage|p2a: Luffy|43/100
|-damage|p2a: Luffy|30/100
|-hitcount|p2a: Luffy|4
|-unboost|p1b: Dragonite|def|1
|-boost|p1b: Dragonite|spe|1
|move|p2a: Luffy|Knock Off|p1b: Dragonite
|-damage|p1b: Dragonite|48/100
|-enditem|p1b: Dragonite|Loaded Dice|[from] move: Knock Off|[of] p2a: Luffy
|
|upkeep
|
|t:|1756407044
|switch|p2b: 8|Sneasler, L50, F|100/100
|turn|4
|
|t:|1756407058
|move|p1b: Dragonite|Protect|p1b: Dragonite
|-singleturn|p1b: Dragonite|Protect
|move|p2b: 8|Throat Chop|p1a: Annihilape
|-damage|p1a: Annihilape|14/100
|-start|p1a: Annihilape|Throat Chop|[silent]
|move|p1a: Annihilape|Rage Fist|p2a: Luffy
|-supereffective|p2a: Luffy
|-damage|p2a: Luffy|0 fnt
|faint|p2a: Luffy
|
|upkeep
|
|t:|1756407095
|switch|p2a: Tony|Ursaluna-Bloodmoon, L50, M|100/100
|turn|5
|
|t:|1756407117
|move|p1b: Dragonite|Scale Shot|p2b: 8
|-damage|p2b: 8|75/100
|-damage|p2b: 8|51/100
|-damage|p2b: 8|28/100
|-hitcount|p2b: 8|3
|-unboost|p1b: Dragonite|def|1
|-boost|p1b: Dragonite|spe|1
|move|p2b: 8|Dire Claw|p1a: Annihilape
|-resisted|p1a: Annihilape
|-damage|p1a: Annihilape|0 fnt
|faint|p1a: Annihilape
|move|p2a: Tony|Hyper Voice|p1b: Dragonite
|-damage|p1b: Dragonite|0 fnt
|faint|p1b: Dragonite
|
|upkeep
|
|t:|1756407132
|switch|p1a: Ursaluna|Ursaluna-Bloodmoon, L50, M|100/100
|switch|p1b: Volcarona|Volcarona, L50, M|100/100
|turn|6
|
|t:|1756407140
|-terastallize|p1a: Ursaluna|Normal
|move|p2b: 8|Protect|p2b: 8
|-singleturn|p2b: 8|Protect
|move|p1b: Volcarona|Rage Powder|p1b: Volcarona
|-singleturn|p1b: Volcarona|move: Rage Powder
|move|p1a: Ursaluna|Hyper Voice|p2a: Tony|[spread] p2a
|-activate|p2b: 8|move: Protect
|-damage|p2a: Tony|65/100
|move|p2a: Tony|Blood Moon|p1b: Volcarona
|-damage|p1b: Volcarona|22/100
|
|upkeep
|turn|7
|
|t:|1756407179
|move|p1b: Volcarona|Rage Powder|p1b: Volcarona
|-singleturn|p1b: Volcarona|move: Rage Powder
|move|p2b: 8|Dire Claw|p1b: Volcarona
|-damage|p1b: Volcarona|0 fnt
|-damage|p2b: 8|11/100|[from] item: Rocky Helmet|[of] p1b: Volcarona
|-status|p2b: 8|brn|[from] ability: Flame Body|[of] p1b: Volcarona
|faint|p1b: Volcarona
|move|p1a: Ursaluna|Hyper Voice|p2b: 8|[spread] p2a,p2b
|-damage|p2a: Tony|30/100
|-damage|p2b: 8|0 fnt
|faint|p2b: 8
|move|p2a: Tony|Hyper Voice|p1a: Ursaluna
|-damage|p1a: Ursaluna|64/100
|
|upkeep
|turn|8
|
|t:|1756407191
|move|p2a: Tony|Vacuum Wave|p1a: Ursaluna
|-supereffective|p1a: Ursaluna
|-damage|p1a: Ursaluna|38/100
|move|p1a: Ursaluna|Blood Moon|p2a: Tony
|-damage|p2a: Tony|0 fnt
|faint|p2a: Tony
|
|win|gohan92
||Neofalcon is ready for game 2.
||gohan92 is ready for game 2.
|uhtml|next|Next: Game 2 of 3
|l|☆Neofalcon
|player|p2|
