|j|☆falafamiredosidofa
|j|☆Woodcraft0147
|html|falafamiredosidofaWoodcraft0147    
|uhtml|bestof|Game 2 of a best-of-3
|t:|1785781495
|gametype|doubles
|player|p1|falafamiredosidofa|steven|1000
|player|p2|Woodcraft0147|piers|1085
|gen|9
|tier|[Gen 9 Champions] VGC 2026 Reg M-B (Bo3)
|rated|
|rule|Species Clause: Limit one of each Pokémon
|rule|Item Clause: Limit 1 of each item
|clearpoke
|poke|p1|Garchomp, L50, F|
|poke|p1|Venusaur, L50, M|
|poke|p1|Incineroar, L50, M|
|poke|p1|Charizard, L50, F|
|poke|p1|Toxapex, L50, F|
|poke|p1|Annihilape, L50, M|
|poke|p2|Pelipper, L50, F|
|poke|p2|Basculegion, L50, M|
|poke|p2|Farigiraf, L50, M|
|poke|p2|Swampert, L50, F|
|poke|p2|Sylveon, L50, F|
|poke|p2|Crabominable, L50, M|
|teampreview|4
|showteam|p1|Garchomp||ChoiceScarf|RoughSkin|Earthquake,RockSlide,DragonClaw,StompingTantrum|Adamant||F|||50|]Venusaur||LifeOrb|Chlorophyll|SludgeBomb,SolarBeam,EarthPower,Protect|Modest||M|||50|]Incineroar||SitrusBerry|Intimidate|FakeOut,FlareBlitz,ThroatChop,PartingShot|Impish||M|||50|]Charizard||CharizarditeY|Blaze|HeatWave,WeatherBall,Protect,HelpingHand|Modest||F|||50|]Toxapex||Leftovers|Regenerator|Infestation,Toxic,WideGuard,BanefulBunker|Impish||F|||50|]Annihilape||FocusSash|Defiant|CloseCombat,PhantomForce,RockTomb,Protect|Jolly||M|||50|
|showteam|p2|Pelipper||SitrusBerry|Drizzle|Hurricane,WeatherBall,Tailwind,WideGuard|Modest||F|||50|]Basculegion||LifeOrb|SwiftSwim|LastRespects,FlipTurn,WaveCrash,Protect|Adamant||M|||50|]Farigiraf||ColburBerry|ArmorTail|HyperVoice,Psychic,HelpingHand,TrickRoom|Quiet||M|||50|]Swampert||Swampertite|Torrent|WaveCrash,HighHorsepower,IcePunch,Protect|Adamant||F|||50|]Sylveon||Leftovers|Pixilate|HyperVoice,Psychic,ShadowBall,Protect|Modest||F|||50|]Crabominable||Crabominite|IronFist|IceHammer,DrainPunch,MachPunch,Protect|Adamant||M|||50|
|
|t:|1785781517
|teamsize|p1|4
|teamsize|p2|4
|start
|switch|p1a: Incineroar|Incineroar, L50, M|100/100
|switch|p1b: Charizard|Charizard, L50, F|100/100
|switch|p2a: Sylveon|Sylveon, L50, F|100/100
|switch|p2b: Swampert|Swampert, L50, F|100/100
|-ability|p1a: Incineroar|Intimidate|boost
|-unboost|p2a: Sylveon|atk|1
|-unboost|p2b: Swampert|atk|1
|turn|1
|inactive|Battle timer is ON: inactive players will automatically lose when time's up. (requested by Woodcraft0147)
|
|t:|1785781542
|move|p1a: Incineroar|Fake Out|p2b: Swampert
|-damage|p2b: Swampert|90/100
|move|p1b: Charizard|Heat Wave|p2b: Swampert|[spread] p2a,p2b
|-resisted|p2b: Swampert|1
|-damage|p2a: Sylveon|78/100
|-damage|p2b: Swampert|76/100
|cant|p2b: Swampert|flinch
|move|p2a: Sylveon|Hyper Voice|p1a: Incineroar|[spread] p1a,p1b
|-resisted|p1b: Charizard|1
|-damage|p1a: Incineroar|63/100
|-damage|p1b: Charizard|75/100
|
|-heal|p2a: Sylveon|84/100|[from] item: Leftovers
|upkeep
|turn|2
|
|t:|1785781559
|move|p1b: Charizard|Protect|p1b: Charizard
|-singleturn|p1b: Charizard|Protect
|move|p1a: Incineroar|Parting Shot|p2b: Swampert
|-unboost|p2b: Swampert|atk|1
|-unboost|p2b: Swampert|spa|1
|
|t:|1785781564
|switch|p1a: Toxapex|Toxapex, L50, F|100/100|[from] Parting Shot
|move|p2a: Sylveon|Hyper Voice|p1b: Charizard|[spread] p1a
|-activate|p1b: Charizard|move: Protect
|-resisted|p1a: Toxapex|1
|-damage|p1a: Toxapex|84/100
|move|p2b: Swampert|Wave Crash|p1b: Charizard
|-activate|p1b: Charizard|move: Protect
|
|-heal|p2a: Sylveon|90/100|[from] item: Leftovers
|-heal|p1a: Toxapex|90/100|[from] item: Leftovers
|upkeep
|turn|3
|
|t:|1785781582
|switch|p1b: Incineroar|Incineroar, L50, M|63/100
|-ability|p1b: Incineroar|Intimidate|boost
|-unboost|p2a: Sylveon|atk|1
|-unboost|p2b: Swampert|atk|1
|switch|p2b: Pelipper|Pelipper, L50, F|100/100
|-weather|RainDance|[from] ability: Drizzle|[of] p2b: Pelipper
|move|p2a: Sylveon|Protect|p2a: Sylveon
|-singleturn|p2a: Sylveon|Protect
|move|p1a: Toxapex|Toxic|p2a: Sylveon
|-activate|p2a: Sylveon|move: Protect
|
|-weather|RainDance|[upkeep]
|-heal|p2a: Sylveon|96/100|[from] item: Leftovers
|-heal|p1a: Toxapex|96/100|[from] item: Leftovers
|upkeep
|turn|4
|inactive|falafamiredosidofa has 30 seconds left.
|
|t:|1785781610
|switch|p2b: Swampert|Swampert, L50, F|76/100
|move|p1b: Incineroar|Parting Shot|p2a: Sylveon
|-unboost|p2a: Sylveon|atk|1
|-unboost|p2a: Sylveon|spa|1
|
|t:|1785781614
|switch|p1b: Charizard|Charizard, L50, F|75/100|[from] Parting Shot
|move|p2a: Sylveon|Psychic|p1a: Toxapex
|-supereffective|p1a: Toxapex|1
|-damage|p1a: Toxapex|65/100
|move|p1a: Toxapex|Infestation|p2b: Swampert
|-damage|p2b: Swampert|73/100
|-activate|p2b: Swampert|move: Infestation|[of] p1a: Toxapex
|
|-weather|RainDance|[upkeep]
|-heal|p2a: Sylveon|100/100|[from] item: Leftovers
|-heal|p1a: Toxapex|71/100|[from] item: Leftovers
|-damage|p2b: Swampert|61/100|[from] move: Infestation|[partiallytrapped]
|upkeep
|turn|5
|
|t:|1785781637
|detailschange|p2b: Swampert|Swampert-Mega, L50, F
|-mega|p2b: Swampert|Swampert|Swampertite
|move|p1b: Charizard|Protect|p1b: Charizard
|-singleturn|p1b: Charizard|Protect
|move|p2b: Swampert|Wave Crash|p1b: Charizard
|-activate|p1b: Charizard|move: Protect
|move|p2a: Sylveon|Psychic|p1a: Toxapex
|-supereffective|p1a: Toxapex|1
|-damage|p1a: Toxapex|38/100
|move|p1a: Toxapex|Toxic|p2b: Swampert
|-status|p2b: Swampert|tox
|
|-weather|RainDance|[upkeep]
|-heal|p1a: Toxapex|43/100|[from] item: Leftovers
|-damage|p2b: Swampert|56/100 tox|[from] psn
|-damage|p2b: Swampert|43/100 tox|[from] move: Infestation|[partiallytrapped]
|upkeep
|turn|6
|inactive|falafamiredosidofa has 30 seconds left.
|
|t:|1785781670
|switch|p1b: Incineroar|Incineroar, L50, M|63/100
|-ability|p1b: Incineroar|Intimidate|boost
|-unboost|p2a: Sylveon|atk|1
|-unboost|p2b: Swampert|atk|1
|move|p2b: Swampert|Wave Crash|p1b: Incineroar
|-supereffective|p1b: Incineroar|1
|-damage|p1b: Incineroar|0 fnt
|faint|p1b: Incineroar
|-damage|p2b: Swampert|23/100 tox|[from] Recoil
|move|p2a: Sylveon|Psychic|p1a: Toxapex
|-supereffective|p1a: Toxapex|1
|-damage|p1a: Toxapex|14/100
|move|p1a: Toxapex|Infestation|p2a: Sylveon
|-resisted|p2a: Sylveon|1
|-damage|p2a: Sylveon|99/100
|-activate|p2a: Sylveon|move: Infestation|[of] p1a: Toxapex
|
|-weather|RainDance|[upkeep]
|-heal|p2a: Sylveon|100/100|[from] item: Leftovers
|-heal|p1a: Toxapex|20/100y|[from] item: Leftovers
|-damage|p2b: Swampert|11/100 tox|[from] psn
|-damage|p2b: Swampert|0 fnt|[from] move: Infestation|[partiallytrapped]
|faint|p2b: Swampert
|-damage|p2a: Sylveon|87/100|[from] move: Infestation|[partiallytrapped]
|upkeep
|
|t:|1785781693
|switch|p2b: Basculegion|Basculegion, L50, M|100/100
|switch|p1b: Charizard|Charizard, L50, F|75/100
|turn|7
|inactive|falafamiredosidofa has 30 seconds left.
|
|t:|1785781724
|-heal|p1a: Toxapex|53/100|[from] ability: Regenerator|[silent]
|switch|p1a: Garchomp|Garchomp, L50, F|100/100
|move|p1b: Charizard|Protect|p1b: Charizard
|-singleturn|p1b: Charizard|Protect
|move|p2b: Basculegion|Flip Turn|p1b: Charizard
|-activate|p1b: Charizard|move: Protect
|move|p2a: Sylveon|Psychic|p1a: Garchomp
|-damage|p1a: Garchomp|80/100
|
|-weather|none
|-heal|p2a: Sylveon|93/100|[from] item: Leftovers
|-end|p2a: Sylveon|Infestation|[partiallytrapped]|[silent]
|upkeep
|turn|8
|inactive|falafamiredosidofa has 30 seconds left.
|inactive|falafamiredosidofa has 20 seconds left.
|
|t:|1785781760
|detailschange|p1b: Charizard|Charizard-Mega-Y, L50, F
|-mega|p1b: Charizard|Charizard|Charizardite Y
|-weather|SunnyDay|[from] ability: Drought|[of] p1b: Charizard
|move|p1b: Charizard|Helping Hand|p1a: Garchomp
|-singleturn|p1a: Garchomp|Helping Hand|[of] p1b: Charizard
|move|p2b: Basculegion|Protect|p2b: Basculegion
|-singleturn|p2b: Basculegion|Protect
|move|p1a: Garchomp|Dragon Claw|p2b: Basculegion
|-activate|p2b: Basculegion|move: Protect
|move|p2a: Sylveon|Hyper Voice|p1b: Charizard|[spread] p1a,p1b
|-supereffective|p1a: Garchomp|1
|-resisted|p1b: Charizard|1
|-damage|p1a: Garchomp|21/100
|-damage|p1b: Charizard|64/100
|
|-weather|SunnyDay|[upkeep]
|-heal|p2a: Sylveon|99/100|[from] item: Leftovers
|upkeep
|turn|9
|
|t:|1785781783
|switch|p1b: Toxapex|Toxapex, L50, F|53/100
|switch|p2b: Pelipper|Pelipper, L50, F|100/100
|-weather|RainDance|[from] ability: Drizzle|[of] p2b: Pelipper
|move|p1a: Garchomp|Dragon Claw|p2b: Pelipper
|-damage|p2b: Pelipper|55/100
|move|p2a: Sylveon|Hyper Voice|p1b: Toxapex|[spread] p1a,p1b
|-supereffective|p1a: Garchomp|1
|-resisted|p1b: Toxapex|1
|-damage|p1a: Garchomp|0 fnt
|-damage|p1b: Toxapex|42/100
|faint|p1a: Garchomp
|
|-weather|RainDance|[upkeep]
|-heal|p2a: Sylveon|100/100|[from] item: Leftovers
|-heal|p1b: Toxapex|47/100|[from] item: Leftovers
|upkeep
|
|t:|1785781794
|switch|p1a: Charizard|Charizard-Mega-Y, L50, F|64/100
|-weather|SunnyDay|[from] ability: Drought|[of] p1a: Charizard
|turn|10
|
|t:|1785781811
|switch|p2b: Basculegion|Basculegion, L50, M|100/100
|move|p1a: Charizard|Heat Wave|p2b: Basculegion|[spread] p2a,p2b
|-resisted|p2b: Basculegion|1
|-damage|p2a: Sylveon|53/100
|-damage|p2b: Basculegion|68/100
|move|p2a: Sylveon|Psychic|p1b: Toxapex
|-supereffective|p1b: Toxapex|1
|-damage|p1b: Toxapex|15/100
|move|p1b: Toxapex|Infestation|p2b: Basculegion
|-resisted|p2b: Basculegion|1
|-crit|p2b: Basculegion
|-damage|p2b: Basculegion|65/100
|-activate|p2b: Basculegion|move: Infestation|[of] p1b: Toxapex
|
|-weather|SunnyDay|[upkeep]
|-heal|p2a: Sylveon|59/100|[from] item: Leftovers
|-heal|p1b: Toxapex|21/100|[from] item: Leftovers
|-damage|p2b: Basculegion|53/100|[from] move: Infestation|[partiallytrapped]
|upkeep
|turn|11
|inactive|Woodcraft0147 has 30 seconds left.
|
|t:|1785781847
|switch|p2a: Pelipper|Pelipper, L50, F|55/100
|-weather|RainDance|[from] ability: Drizzle|[of] p2a: Pelipper
|move|p1a: Charizard|Protect|p1a: Charizard
|-singleturn|p1a: Charizard|Protect
|move|p2b: Basculegion|Last Respects|p1b: Toxapex
|-damage|p1b: Toxapex|0 fnt
|faint|p1b: Toxapex
|-damage|p2b: Basculegion|43/100|[from] item: Life Orb
|
|-weather|RainDance|[upkeep]
|-end|p2b: Basculegion|Infestation|[partiallytrapped]|[silent]
|upkeep
|turn|12
|-message|falafamiredosidofa forfeited.
|
|win|Woodcraft0147
