|j|☆JNEST
|j|☆sbhaga34
|html|JNESTsbhaga34    
|uhtml|bestof|Game 2 of a best-of-3
|t:|1756160305
|gametype|doubles
|player|p1|JNEST|veteran-gen4|1235
|player|p2|sbhaga34|hugh|1218
|gen|9
|tier|[Gen 9] VGC 2025 Reg H (Bo3)
|rated|
|rule|Species Clause: Limit one of each Pokémon
|rule|Item Clause: Limit 1 of each item
|clearpoke
|poke|p1|Weezing, L50, M|
|poke|p1|Incineroar, L50, M|
|poke|p1|Annihilape, L50, F|
|poke|p1|Tyranitar, L50, M|
|poke|p1|Toedscruel, L50, M|
|poke|p2|Indeedee-F, L50, F|
|poke|p2|Murkrow, L50, M|
|poke|p2|Tyranitar, L50, M|
|poke|p2|Excadrill, L50, F|
|poke|p2|Gardevoir, L50, M|
|poke|p2|Magmortar, L50, M|
|teampreview|4
|showteam|p1|Weezing||SitrusBerry|NeutralizingGas|Protect,Taunt,WillOWisp,SludgeBomb|||M|||50|,,,,,Ghost]Incineroar||AbilityShield|Intimidate|KnockOff,FlareBlitz,FakeOut,PartingShot|||M|||50|,,,,,Ghost]Annihilape||SafetyGoggles|Defiant|Taunt,RageFist,CloseCombat,FinalGambit|||F|||50|,,,,,Fairy]Tyranitar||AssaultVest|SandStream|RockSlide,KnockOff,TeraBlast,LowKick|||M|||50|,,,,,Flying]Toedscruel||CovertCloak|MyceliumMight|RagePowder,Spore,AcidSpray,EarthPower|||M|||50|,,,,,Ground
|showteam|p2|Indeedee-F||SafetyGoggles|PsychicSurge|FollowMe,TrickRoom,Imprison,Psychic|||F|||50|,,,,,Water]Murkrow||Eviolite|Prankster|Tailwind,Haze,SunnyDay,FoulPlay|||M|||50|,,,,,Ghost]Tyranitar||WeaknessPolicy|SandStream|RockSlide,KnockOff,LowKick,Protect|||M|||50|,,,,,Flying]Excadrill||FocusSash|SandRush|Earthquake,IronHead,SwordsDance,Protect|||F|||50|,,,,,Ground]Gardevoir||ChoiceScarf|Telepathy|ExpandingForce,DazzlingGleam,Moonblast,IcyWind|||M|||50|,,,,,Psychic]Magmortar||RockyHelmet|VitalSpirit|FollowMe,HeatWave,Taunt,Protect|||M|||50|,,,,,Fairy
|inactive|Battle timer is ON: inactive players will automatically lose when time's up. (requested by JNEST)
|
|t:|1756160313
|teamsize|p1|4
|teamsize|p2|4
|start
|switch|p1a: Weezing|Weezing, L50, M|100/100
|switch|p1b: Annihilape|Annihilape, L50, F|100/100
|switch|p2a: Indeedee|Indeedee-F, L50, F|100/100
|switch|p2b: Excadrill|Excadrill, L50, F, shiny|100/100
|-ability|p1a: Weezing|Neutralizing Gas
|turn|1
|inactive|sbhaga34 has 30 seconds left.
|
|t:|1756160342
|switch|p2a: Tyranitar|Tyranitar, L50, M|100/100
|move|p2b: Excadrill|Protect|p2b: Excadrill
|-singleturn|p2b: Excadrill|Protect
|move|p1b: Annihilape|Final Gambit|p2a: Tyranitar
|-damage|p2a: Tyranitar|0 fnt
|faint|p1b: Annihilape
|faint|p2a: Tyranitar
|move|p1a: Weezing|Will-O-Wisp|p2b: Excadrill
|-activate|p2b: Excadrill|move: Protect
|
|upkeep
|
|t:|1756160353
|switch|p1b: Incineroar|Incineroar, L50, M|100/100
|switch|p2a: Indeedee|Indeedee-F, L50, F|100/100
|-ability|p1b: Incineroar|Intimidate|boost
|-unboost|p2a: Indeedee|atk|1
|-unboost|p2b: Excadrill|atk|1
|turn|2
|
|t:|1756160362
|switch|p2b: Gardevoir|Gardevoir, L50, M, shiny|100/100
|-terastallize|p2a: Indeedee|Water
|move|p1b: Incineroar|Fake Out|p2a: Indeedee
|-damage|p2a: Indeedee|88/100
|cant|p2a: Indeedee|flinch
|move|p1a: Weezing|Will-O-Wisp|p2b: Gardevoir
|-status|p2b: Gardevoir|brn
|
|-damage|p2b: Gardevoir|95/100 brn|[from] brn
|upkeep
|turn|3
|
|t:|1756160383
|-terastallize|p1a: Weezing|Ghost
|move|p2b: Gardevoir|Moonblast|p1b: Incineroar
|-damage|p1b: Incineroar|54/100
|-unboost|p1b: Incineroar|spa|1
|move|p1b: Incineroar|Parting Shot|p2b: Gardevoir
|-unboost|p2b: Gardevoir|atk|1
|-unboost|p2b: Gardevoir|spa|1
|
|t:|1756160391
|switch|p1b: Tyranitar|Tyranitar, L50, M|100/100|[from] Parting Shot
|move|p2a: Indeedee|Psychic|p1a: Weezing
|-damage|p1a: Weezing|71/100
|move|p1a: Weezing|Taunt|p2a: Indeedee
|-start|p2a: Indeedee|move: Taunt
|
|-damage|p2b: Gardevoir|89/100 brn|[from] brn
|upkeep
|turn|4
|
|t:|1756160406
|move|p2b: Gardevoir|Moonblast|p1a: Weezing
|-damage|p1a: Weezing|41/100
|-enditem|p1a: Weezing|Sitrus Berry|[eat]
|-heal|p1a: Weezing|66/100|[from] item: Sitrus Berry
|move|p1b: Tyranitar|Knock Off|p2a: Indeedee
|-damage|p2a: Indeedee|32/100
|-enditem|p2a: Indeedee|Safety Goggles|[from] move: Knock Off|[of] p1b: Tyranitar
|move|p2a: Indeedee|Psychic|p1a: Weezing
|-damage|p1a: Weezing|38/100
|move|p1a: Weezing|Sludge Bomb|p2b: Gardevoir
|-supereffective|p2b: Gardevoir
|-damage|p2b: Gardevoir|31/100 brn
|
|-damage|p2b: Gardevoir|25/100 brn|[from] brn
|upkeep
|turn|5
|
|t:|1756160426
|switch|p2b: Excadrill|Excadrill, L50, F, shiny|100/100
|move|p1a: Weezing|Protect|p1a: Weezing
|-singleturn|p1a: Weezing|Protect
|move|p1b: Tyranitar|Knock Off|p2b: Excadrill
|-damage|p2b: Excadrill|23/100
|-enditem|p2b: Excadrill|Focus Sash|[from] move: Knock Off|[of] p1b: Tyranitar
|move|p2a: Indeedee|Psychic|p1a: Weezing
|-activate|p1a: Weezing|move: Protect
|
|upkeep
|turn|6
|inactive|sbhaga34 has 30 seconds left.
|
|t:|1756160455
|switch|p1b: Incineroar|Incineroar, L50, M|54/100
|-ability|p1b: Incineroar|Intimidate|boost
|-unboost|p2a: Indeedee|atk|1
|-unboost|p2b: Excadrill|atk|1
|move|p2b: Excadrill|Protect|p2b: Excadrill
|-singleturn|p2b: Excadrill|Protect
|move|p2a: Indeedee|Psychic|p1a: Weezing
|-damage|p1a: Weezing|10/100
|move|p1a: Weezing|Will-O-Wisp|p2b: Excadrill
|-activate|p2b: Excadrill|move: Protect
|
|-end|p2a: Indeedee|move: Taunt
|upkeep
|turn|7
|
|t:|1756160472
|move|p1b: Incineroar|Fake Out|p2b: Excadrill
|-resisted|p2b: Excadrill
|-damage|p2b: Excadrill|16/100
|move|p2a: Indeedee|Follow Me|p2a: Indeedee
|-singleturn|p2a: Indeedee|move: Follow Me
|cant|p2b: Excadrill|flinch
|move|p1a: Weezing|Sludge Bomb|p2a: Indeedee
|-damage|p2a: Indeedee|9/100
|
|upkeep
|turn|8
|
|t:|1756160491
|move|p1a: Weezing|Protect|p1a: Weezing
|-singleturn|p1a: Weezing|Protect
|move|p2a: Indeedee|Follow Me|p2a: Indeedee
|-singleturn|p2a: Indeedee|move: Follow Me
|move|p2b: Excadrill|Iron Head|p1a: Weezing
|-activate|p1a: Weezing|move: Protect
|move|p1b: Incineroar|Flare Blitz|p2a: Indeedee
|-resisted|p2a: Indeedee
|-damage|p2a: Indeedee|0 fnt
|faint|p2a: Indeedee
|-damage|p1b: Incineroar|51/100|[from] Recoil
|
|upkeep
|
|t:|1756160502
|switch|p2a: Gardevoir|Gardevoir, L50, M, shiny|25/100 brn
|turn|9
|
|t:|1756160517
|-end|p1a: Weezing|ability: Neutralizing Gas
|switch|p1a: Tyranitar|Tyranitar, L50, M|100/100
|-weather|Sandstorm|[from] ability: Sand Stream|[of] p1a: Tyranitar
|move|p2b: Excadrill|Iron Head|p1b: Incineroar
|-resisted|p1b: Incineroar
|-damage|p1b: Incineroar|37/100
|move|p2a: Gardevoir|Moonblast|p1b: Incineroar
|-damage|p1b: Incineroar|0 fnt
|faint|p1b: Incineroar
|
|-weather|Sandstorm|[upkeep]
|-damage|p2a: Gardevoir|20/100 brn|[from] Sandstorm
|-damage|p2a: Gardevoir|14/100 brn|[from] brn
|upkeep
|
|t:|1756160529
|switch|p1b: Weezing|Weezing, L50, M, tera:Ghost|10/100
|-ability|p1b: Weezing|Neutralizing Gas
|turn|10
|
|t:|1756160536
|move|p2a: Gardevoir|Moonblast|p1a: Tyranitar
|-supereffective|p1a: Tyranitar
|-damage|p1a: Tyranitar|58/100
|move|p2b: Excadrill|Iron Head|p1a: Tyranitar
|-supereffective|p1a: Tyranitar
|-damage|p1a: Tyranitar|0 fnt
|faint|p1a: Tyranitar
|move|p1b: Weezing|Sludge Bomb|p2a: Gardevoir
|-supereffective|p2a: Gardevoir
|-damage|p2a: Gardevoir|0 fnt
|faint|p2a: Gardevoir
|
|-weather|Sandstorm|[upkeep]
|-damage|p1b: Weezing|4/100|[from] Sandstorm
|upkeep
|turn|11
|-message|JNEST forfeited.
|
|win|sbhaga34
|raw|JNEST's rating: 1235 → 1209(-26 for losing)
|raw|sbhaga34's rating: 1218 → 1244(+26 for winning)
