|j|☆Backwards_Aerial
|j|☆GabeLev
|html|Backwards_AerialGabeLev    
|uhtml|bestof|Game 3 of a best-of-3
|t:|1783642006
|gametype|doubles
|player|p1|Backwards_Aerial|palmer|
|player|p2|GabeLev|1|
|gen|9
|tier|[Gen 9 Champions] VGC 2026 Reg M-B (Bo3)
|rule|Species Clause: Limit one of each Pokémon
|rule|Item Clause: Limit 1 of each item
|clearpoke
|poke|p1|Swampert, L50, F|
|poke|p1|Noivern, L50, F|
|poke|p1|Scrafty, L50, F|
|poke|p1|Politoed, L50, M|
|poke|p1|Hydreigon, L50, F|
|poke|p1|Sceptile, L50, M|
|poke|p2|Hippowdon, L50, M|
|poke|p2|Excadrill, L50, F, shiny|
|poke|p2|Sinistcha-Masterpiece, L50, shiny|
|poke|p2|Scovillain, L50, F, shiny|
|poke|p2|Slowbro-Galar, L50, M, shiny|
|poke|p2|Kommo-o, L50, F, shiny|
|teampreview|4
|showteam|p1|Swampert||Swampertite|Torrent|WaveCrash,Earthquake,FlipTurn,Protect|Adamant||F|||50|]Noivern||LifeOrb|Telepathy|Hurricane,Tailwind,DracoMeteor,Protect|Modest||F|||50|]Scrafty||SitrusBerry|Intimidate|FakeOut,KnockOff,CloseCombat,Protect|Impish||F|||50|]Politoed||RindoBerry|Drizzle|WeatherBall,RainDance,Encore,Protect|Calm||M|||50|]Hydreigon||ChoiceScarf|Levitate|DarkPulse,DracoMeteor,Surf,Protect|Modest||F|||50|]Sceptile||Sceptilite|Overgrow|GrassKnot,DragonPulse,EarthPower,Protect|Modest||M|||50|
|showteam|p2|Hippowdon||PasshoBerry|SandStream|HighHorsepower,Protect,RockSlide,Yawn|Impish||M|||50|]Excadrill||LifeOrb|SandRush|Earthquake,IronHead,HighHorsepower,Protect|Adamant||F|||50|]Sinistcha-Masterpiece||SitrusBerry|Hospitality|MatchaGotcha,LifeDew,RagePowder,ShadowBall|Modest|||||50|]Scovillain||Scovillainite|Moody|EnergyBall,Overheat,RagePowder,Protect|Modest||F|||50|]Slowbro-Galar||QuickClaw|QuickDraw|ShellSideArm,Psychic,IceBeam,Protect|Quiet||M|||50|]Kommo-o||DragonFang|Overcoat|ClangorousSoul,ClangingScales,AuraSphere,Sandstorm|Modest||F|||50|
|
|t:|1783642036
|teamsize|p1|4
|teamsize|p2|4
|start
|switch|p1a: The Annihilator|Swampert, L50, F|100/100
|switch|p1b: Mr. Drizzle|Politoed, L50, M|100/100
|switch|p2a: Big Billy|Kommo-o, L50, F, shiny|100/100
|switch|p2b: Kirk|Slowbro-Galar, L50, M, shiny|100/100
|-weather|RainDance|[from] ability: Drizzle|[of] p1b: Mr. Drizzle
|turn|1
|-activate|p2b: Kirk|item: Quick Claw
|
|t:|1783642055
|detailschange|p1a: The Annihilator|Swampert-Mega, L50, F
|-mega|p1a: The Annihilator|Swampert|Swampertite
|move|p2b: Kirk|Protect|p2b: Kirk
|-singleturn|p2b: Kirk|Protect
|move|p1b: Mr. Drizzle|Protect|p1b: Mr. Drizzle
|-singleturn|p1b: Mr. Drizzle|Protect
|move|p1a: The Annihilator|Earthquake|p2b: Kirk|[spread] p2a
|-activate|p1b: Mr. Drizzle|move: Protect
|-activate|p2b: Kirk|move: Protect
|-damage|p2a: Big Billy|56/100
|move|p2a: Big Billy|Sandstorm|p2a: Big Billy
|-weather|Sandstorm
|
|-weather|Sandstorm|[upkeep]
|-damage|p1b: Mr. Drizzle|93/100|[from] Sandstorm
|-damage|p2b: Kirk|94/100|[from] Sandstorm
|upkeep
|turn|2
|-activate|p2b: Kirk|item: Quick Claw
|
|t:|1783642101
|move|p1a: The Annihilator|Protect|p1a: The Annihilator
|-singleturn|p1a: The Annihilator|Protect
|move|p2b: Kirk|Ice Beam|p1a: The Annihilator
|-activate|p1a: The Annihilator|move: Protect
|move|p2a: Big Billy|Clanging Scales|p1b: Mr. Drizzle|[spread] p1b
|-activate|p1a: The Annihilator|move: Protect
|-damage|p1b: Mr. Drizzle|61/100
|-unboost|p2a: Big Billy|def|1
|move|p1b: Mr. Drizzle|Encore|p2a: Big Billy
|-start|p2a: Big Billy|Encore
|
|-weather|Sandstorm|[upkeep]
|-damage|p1b: Mr. Drizzle|55/100|[from] Sandstorm
|-damage|p2b: Kirk|88/100|[from] Sandstorm
|upkeep
|turn|3
|
|t:|1783642126
|switch|p1a: WolfeyVGCfromTemu|Scrafty, L50, F|100/100
|-ability|p1a: WolfeyVGCfromTemu|Intimidate|boost
|-unboost|p2a: Big Billy|atk|1
|-unboost|p2b: Kirk|atk|1
|switch|p2b: Soup|Sinistcha-Masterpiece, L50, shiny|100/100
|-heal|p2a: Big Billy|81/100|[from] ability: Hospitality|[of] p2b: Soup
|move|p2a: Big Billy|Clanging Scales|p1b: Mr. Drizzle|[spread] p1a,p1b
|-damage|p1a: WolfeyVGCfromTemu|54/100
|-damage|p1b: Mr. Drizzle|25/100
|-unboost|p2a: Big Billy|def|1
|move|p1b: Mr. Drizzle|Rain Dance|p1b: Mr. Drizzle
|-weather|RainDance
|
|-weather|RainDance|[upkeep]
|upkeep
|turn|4
|
|t:|1783642149
|move|p1b: Mr. Drizzle|Protect|p1b: Mr. Drizzle
|-singleturn|p1b: Mr. Drizzle|Protect
|move|p2a: Big Billy|Clanging Scales|p1a: WolfeyVGCfromTemu|[spread] p1a
|-activate|p1b: Mr. Drizzle|move: Protect
|-damage|p1a: WolfeyVGCfromTemu|11/100
|-enditem|p1a: WolfeyVGCfromTemu|Sitrus Berry|[eat]
|-heal|p1a: WolfeyVGCfromTemu|35/100|[from] item: Sitrus Berry
|-unboost|p2a: Big Billy|def|1
|move|p2b: Soup|Matcha Gotcha|p1b: Mr. Drizzle|[spread] p1a
|-activate|p1b: Mr. Drizzle|move: Protect
|-damage|p1a: WolfeyVGCfromTemu|10/100
|move|p1a: WolfeyVGCfromTemu|Knock Off|p2b: Soup
|-supereffective|p2b: Soup|1
|-damage|p2b: Soup|32/100
|-enditem|p2b: Soup|Sitrus Berry|[from] move: Knock Off|[of] p1a: WolfeyVGCfromTemu
|
|-weather|RainDance|[upkeep]
|upkeep
|turn|5
|
|t:|1783642205
|move|p1a: WolfeyVGCfromTemu|Protect|p1a: WolfeyVGCfromTemu
|-singleturn|p1a: WolfeyVGCfromTemu|Protect
|move|p2b: Soup|Rage Powder|p2b: Soup
|-singleturn|p2b: Soup|move: Rage Powder
|move|p2a: Big Billy|Clanging Scales|p1b: Mr. Drizzle|[spread] p1b
|-activate|p1a: WolfeyVGCfromTemu|move: Protect
|-damage|p1b: Mr. Drizzle|0 fnt
|faint|p1b: Mr. Drizzle
|-unboost|p2a: Big Billy|def|1
|
|-weather|RainDance|[upkeep]
|-end|p2a: Big Billy|Encore
|upkeep
|
|t:|1783642218
|switch|p1b: echo gecho|Noivern, L50, F|100/100
|turn|6
|
|t:|1783642238
|switch|p1a: The Annihilator|Swampert-Mega, L50, F|100/100
|move|p2b: Soup|Rage Powder|p2b: Soup
|-singleturn|p2b: Soup|move: Rage Powder
|move|p1b: echo gecho|Hurricane|p2b: Soup
|-supereffective|p2b: Soup|1
|-damage|p2b: Soup|0 fnt
|faint|p2b: Soup
|-damage|p1b: echo gecho|90/100|[from] item: Life Orb
|move|p2a: Big Billy|Sandstorm|p2a: Big Billy
|-weather|Sandstorm
|
|-weather|Sandstorm|[upkeep]
|-damage|p1b: echo gecho|84/100|[from] Sandstorm
|upkeep
|
|t:|1783642255
|switch|p2b: Spiseeeaayyy|Scovillain, L50, F, shiny|100/100
|turn|7
|
|t:|1783642310
|move|p1a: The Annihilator|Protect|p1a: The Annihilator
|-singleturn|p1a: The Annihilator|Protect
|move|p2b: Spiseeeaayyy|Protect|p2b: Spiseeeaayyy
|-singleturn|p2b: Spiseeeaayyy|Protect
|move|p1b: echo gecho|Draco Meteor|p2a: Big Billy
|-supereffective|p2a: Big Billy|1
|-damage|p2a: Big Billy|0 fnt
|-unboost|p1b: echo gecho|spa|2
|faint|p2a: Big Billy
|-damage|p1b: echo gecho|74/100|[from] item: Life Orb
|
|-weather|Sandstorm|[upkeep]
|-damage|p1b: echo gecho|68/100|[from] Sandstorm
|-damage|p2b: Spiseeeaayyy|94/100|[from] Sandstorm
|-ability|p2b: Spiseeeaayyy|Moody|boost
|-boost|p2b: Spiseeeaayyy|def|2
|-unboost|p2b: Spiseeeaayyy|spa|1
|upkeep
|
|t:|1783642325
|switch|p2a: Kirk|Slowbro-Galar, L50, M, shiny|88/100
|turn|8
|-activate|p2a: Kirk|ability: Quick Draw
|
|t:|1783642345
|switch|p1a: WolfeyVGCfromTemu|Scrafty, L50, F|10/100
|-ability|p1a: WolfeyVGCfromTemu|Intimidate|boost
|-unboost|p2a: Kirk|atk|1
|-unboost|p2b: Spiseeeaayyy|atk|1
|move|p1b: echo gecho|Protect|p1b: echo gecho
|-singleturn|p1b: echo gecho|Protect
|move|p2a: Kirk|Psychic|p1a: WolfeyVGCfromTemu
|-immune|p1a: WolfeyVGCfromTemu
|move|p2b: Spiseeeaayyy|Energy Ball|p1a: WolfeyVGCfromTemu
|-damage|p1a: WolfeyVGCfromTemu|0 fnt
|faint|p1a: WolfeyVGCfromTemu
|
|-weather|Sandstorm|[upkeep]
|-damage|p1b: echo gecho|62/100|[from] Sandstorm
|-damage|p2b: Spiseeeaayyy|88/100|[from] Sandstorm
|-damage|p2a: Kirk|82/100|[from] Sandstorm
|-ability|p2b: Spiseeeaayyy|Moody|boost
|-boost|p2b: Spiseeeaayyy|spe|2
|-unboost|p2b: Spiseeeaayyy|atk|1
|upkeep
|
|t:|1783642362
|switch|p1a: The Annihilator|Swampert-Mega, L50, F|100/100
|turn|9
|
|t:|1783642413
|detailschange|p2b: Spiseeeaayyy|Scovillain-Mega, L50, F, shiny
|-mega|p2b: Spiseeeaayyy|Scovillain|Scovillainite
|move|p1a: The Annihilator|Protect|p1a: The Annihilator
|-singleturn|p1a: The Annihilator|Protect
|move|p2b: Spiseeeaayyy|Energy Ball|p1a: The Annihilator
|-activate|p1a: The Annihilator|move: Protect
|move|p1b: echo gecho|Hurricane|p2b: Spiseeeaayyy
|-supereffective|p2b: Spiseeeaayyy|1
|-crit|p2b: Spiseeeaayyy
|-damage|p2b: Spiseeeaayyy|0 fnt
|-status|p1b: echo gecho|brn|[from] ability: Spicy Spray|[of] p2b: Spiseeeaayyy
|faint|p2b: Spiseeeaayyy
|-damage|p1b: echo gecho|52/100 brn|[from] item: Life Orb
|move|p2a: Kirk|Ice Beam|p1b: echo gecho
|-supereffective|p1b: echo gecho|2
|-damage|p1b: echo gecho|0 fnt
|faint|p1b: echo gecho
|
|-weather|Sandstorm|[upkeep]
|-damage|p2a: Kirk|76/100|[from] Sandstorm
|upkeep
|turn|10
|
|t:|1783642466
|move|p1a: The Annihilator|Earthquake|p2a: Kirk
|-supereffective|p2a: Kirk|1
|-damage|p2a: Kirk|0 fnt
|faint|p2a: Kirk
|
|win|Backwards_Aerial
