|j|☆Como Se Dice Ben
|j|☆That_Leek
|html|Como Se Dice BenThat_Leek    
|uhtml|bestof|Game 2 of a best-of-3
|t:|1755029914
|gametype|doubles
|player|p1|Como Se Dice Ben|benga|1209
|player|p2|That_Leek|blue-masters|1373
|gen|9
|tier|[Gen 9] VGC 2025 Reg H (Bo3)
|rated|
|rule|Species Clause: Limit one of each Pokémon
|rule|Item Clause: Limit 1 of each item
|clearpoke
|poke|p1|Dondozo, L50, M|
|poke|p1|Tatsugiri, L50, F|
|poke|p1|Archaludon, L50, M|
|poke|p1|Dragonite, L50, M|
|poke|p1|Annihilape, L50, M|
|poke|p1|Volcarona, L50, F|
|poke|p2|Incineroar, L50, M|
|poke|p2|Gholdengo, L50|
|poke|p2|Dragonite, L50, F|
|poke|p2|Amoonguss, L50, F|
|poke|p2|Ursaluna-Bloodmoon, L50, M|
|poke|p2|Gallade, L50, M|
|teampreview|4
|showteam|p1|Dondozo||CovertCloak|Unaware|WaveCrash,OrderUp,HeavySlam,Protect|||M|||50|,,,,,Steel]Tatsugiri||FocusSash|Commander|Protect,MuddyWater,DragonPulse,Taunt|||F|||50|,,,,,Ghost]Archaludon||PowerHerb|Sturdy|Protect,DracoMeteor,FlashCannon,ElectroShot|||M|||50|,,,,,Grass]Dragonite||LoadedDice|Multiscale|Protect,ScaleShot,Haze,ExtremeSpeed|||M|||50|,,,,,Fairy]Annihilape||SafetyGoggles|Defiant|Protect,RageFist,DrainPunch,Coaching|||M|||50|,,,,,Water]Volcarona||SitrusBerry|FlameBody|HeatWave,WillOWisp,Tailwind,StruggleBug|||F|||50|,,,,,Water
|showteam|p2|Incineroar||SafetyGoggles|Intimidate|FakeOut,FlareBlitz,KnockOff,PartingShot|||M|||50|,,,,,Water]Gholdengo||LifeOrb|GoodasGold|MakeItRain,ShadowBall,NastyPlot,Protect||||||50|,,,,,Dragon]Dragonite||LoadedDice|Multiscale|Tailwind,StompingTantrum,ScaleShot,Protect|||F|||50|,,,,,Fairy]Amoonguss||SitrusBerry|Regenerator|PollenPuff,Spore,RagePowder,Protect|||F|||50|,,,,,Fairy]Ursaluna-Bloodmoon||AssaultVest|MindsEye|VacuumWave,BloodMoon,HyperVoice,EarthPower|||M|||50|,,,,,Ghost]Gallade||FocusSash|Sharpness|TrickRoom,SacredSword,WideGuard,PsychoCut|||M|||50|,,,,,Fairy
|
|t:|1755029949
|teamsize|p1|4
|teamsize|p2|4
|start
|switch|p1a: Volcarona|Volcarona, L50, F|100/100
|switch|p1b: Dragonite|Dragonite, L50, M|100/100
|switch|p2a: Dragonite|Dragonite, L50, F|100/100
|switch|p2b: Gallade|Gallade, L50, M|100/100
|turn|1
|
|t:|1755029972
|-terastallize|p2b: Gallade|Fairy
|move|p1a: Volcarona|Will-O-Wisp|p2a: Dragonite
|-status|p2a: Dragonite|brn
|move|p2b: Gallade|Psycho Cut|p1a: Volcarona
|-damage|p1a: Volcarona|35/100
|-enditem|p1a: Volcarona|Sitrus Berry|[eat]
|-heal|p1a: Volcarona|60/100|[from] item: Sitrus Berry
|move|p1b: Dragonite|Scale Shot|p2b: Gallade
|-immune|p2b: Gallade
|move|p2a: Dragonite|Scale Shot|p1a: Volcarona
|-damage|p1a: Volcarona|52/100
|-damage|p1a: Volcarona|43/100
|-crit|p1a: Volcarona
|-damage|p1a: Volcarona|31/100
|-damage|p1a: Volcarona|23/100
|-hitcount|p1a: Volcarona|4
|-unboost|p2a: Dragonite|def|1
|-boost|p2a: Dragonite|spe|1
|
|-damage|p2a: Dragonite|94/100 brn|[from] brn
|upkeep
|turn|2
|
|t:|1755029997
|switch|p1a: Annihilape|Annihilape, L50, M|100/100
|-terastallize|p1b: Dragonite|Fairy
|move|p2a: Dragonite|Tailwind|p2a: Dragonite
|-sidestart|p2: That_Leek|move: Tailwind
|move|p2b: Gallade|Psycho Cut|p1a: Annihilape
|-supereffective|p1a: Annihilape
|-damage|p1a: Annihilape|0 fnt
|faint|p1a: Annihilape
|move|p1b: Dragonite|Scale Shot|p2a: Dragonite
|-supereffective|p2a: Dragonite
|-damage|p2a: Dragonite|53/100 brn
|-supereffective|p2a: Dragonite
|-damage|p2a: Dragonite|6/100 brn
|-supereffective|p2a: Dragonite
|-damage|p2a: Dragonite|0 fnt
|faint|p2a: Dragonite
|-hitcount|p2: Dragonite|3
|-unboost|p1b: Dragonite|def|1
|-boost|p1b: Dragonite|spe|1
|
|upkeep
|
|t:|1755030007
|switch|p1a: Volcarona|Volcarona, L50, F|23/100
|switch|p2a: Amoonguss|Amoonguss, L50, F|100/100
|turn|3
|
|t:|1755030024
|move|p1b: Dragonite|Protect|p1b: Dragonite
|-singleturn|p1b: Dragonite|Protect
|move|p2b: Gallade|Psycho Cut|p1a: Volcarona
|-crit|p1a: Volcarona
|-damage|p1a: Volcarona|0 fnt
|faint|p1a: Volcarona
|move|p2a: Amoonguss|Spore|p1b: Dragonite
|-activate|p1b: Dragonite|move: Protect
|
|upkeep
|
|t:|1755030028
|switch|p1a: Archaludon|Archaludon, L50, M|100/100
|turn|4
|
|t:|1755030040
|move|p1b: Dragonite|Extreme Speed|p2b: Gallade
|-damage|p2b: Gallade|51/100
|move|p2b: Gallade|Sacred Sword|p1a: Archaludon
|-supereffective|p1a: Archaludon
|-ability|p1a: Archaludon|Sturdy
|-damage|p1a: Archaludon|1/100
|move|p1a: Archaludon|Flash Cannon|p2b: Gallade
|-supereffective|p2b: Gallade
|-damage|p2b: Gallade|0 fnt
|faint|p2b: Gallade
|move|p2a: Amoonguss|Spore|p1b: Dragonite
|-status|p1b: Dragonite|slp|[from] move: Spore
|
|upkeep
|
|t:|1755030045
|switch|p2b: Ursaluna|Ursaluna-Bloodmoon, L50, M|100/100
|turn|5
|
|t:|1755030061
|move|p1a: Archaludon|Protect|p1a: Archaludon
|-singleturn|p1a: Archaludon|Protect
|move|p2a: Amoonguss|Rage Powder|p2a: Amoonguss
|-singleturn|p2a: Amoonguss|move: Rage Powder
|cant|p1b: Dragonite|slp
|move|p2b: Ursaluna|Hyper Voice|p1b: Dragonite|[spread] p1b
|-activate|p1a: Archaludon|move: Protect
|-damage|p1b: Dragonite|80/100 slp
|
|-sideend|p2: That_Leek|move: Tailwind
|upkeep
|turn|6
|
|t:|1755030079
|move|p2a: Amoonguss|Rage Powder|p2a: Amoonguss
|-singleturn|p2a: Amoonguss|move: Rage Powder
|-curestatus|p1b: Dragonite|slp|[msg]
|move|p1b: Dragonite|Scale Shot|p2a: Amoonguss
|-damage|p2a: Amoonguss|90/100
|-damage|p2a: Amoonguss|79/100
|-damage|p2a: Amoonguss|68/100
|-damage|p2a: Amoonguss|57/100
|-hitcount|p2a: Amoonguss|4
|-unboost|p1b: Dragonite|def|1
|-boost|p1b: Dragonite|spe|1
|move|p1a: Archaludon|Draco Meteor|p2a: Amoonguss
|-damage|p2a: Amoonguss|3/100
|-unboost|p1a: Archaludon|spa|2
|-enditem|p2a: Amoonguss|Sitrus Berry|[eat]
|-heal|p2a: Amoonguss|28/100|[from] item: Sitrus Berry
|move|p2b: Ursaluna|Hyper Voice|p1b: Dragonite|[spread] p1a,p1b
|-resisted|p1a: Archaludon
|-damage|p1a: Archaludon|0 fnt
|-damage|p1b: Dragonite|39/100
|faint|p1a: Archaludon
|
|upkeep
|turn|7
|c|☆Como Se Dice Ben|:(
|-message|Como Se Dice Ben forfeited.
|
|win|That_Leek
|raw|Como Se Dice Ben's rating: 1209 → 1195(-14 for losing)
|raw|That_Leek's rating: 1373 → 1384(+11 for winning)
|c|☆That_Leek|sorry
|c|☆Como Se Dice Ben|Is ok
|c|☆Como Se Dice Ben|ggs
|c|☆That_Leek|gg
|l|☆Como Se Dice Ben
|player|p1|
