|j|☆kst kampfi
|j|☆stephen greep fan
|html|kst kampfistephen greep fan    
|uhtml|bestof|Game 2 of a best-of-3
|t:|1783754357
|gametype|doubles
|player|p1|kst kampfi|colress|1091
|player|p2|stephen greep fan|265|1070
|gen|9
|tier|[Gen 9 Champions] VGC 2026 Reg M-B (Bo3)
|rated|
|rule|Species Clause: Limit one of each Pokémon
|rule|Item Clause: Limit 1 of each item
|clearpoke
|poke|p1|Floette-Eternal, L50, F|
|poke|p1|Sneasler, L50, M|
|poke|p1|Sinistcha, L50|
|poke|p1|Grimmsnarl, L50, M|
|poke|p1|Incineroar, L50, M|
|poke|p1|Rotom-Wash, L50|
|poke|p2|Aerodactyl, L50, F|
|poke|p2|Kingambit, L50, F|
|poke|p2|Sylveon, L50, M|
|poke|p2|Garchomp, L50, F|
|poke|p2|Charizard, L50, M|
|poke|p2|Incineroar, L50, F|
|teampreview|4
|showteam|p1|Floette-Eternal||Floettite|FlowerVeil|DazzlingGleam,DrainingKiss,CalmMind,Protect|Bold||F|||50|]Sneasler||FocusSash|Unburden|DireClaw,CloseCombat,Coaching,FakeOut|Jolly||M|||50|]Sinistcha||OccaBerry|Hospitality|MatchaGotcha,LifeDew,RagePowder,TrickRoom|Calm|||||50|]Grimmsnarl||LightClay|Prankster|FoulPlay,PartingShot,LightScreen,ScaryFace|Calm||M|||50|]Incineroar||SitrusBerry|Intimidate|FlareBlitz,Taunt,FakeOut,PartingShot|Careful||M|||50|]Rotom-Wash||Magnet|Levitate|HydroPump,Thunderbolt,Protect,VoltSwitch|Modest|||||50|
|showteam|p2|Aerodactyl||Aerodactylite|Unnerve|RockSlide,DualWingbeat,Tailwind,WideGuard|Jolly||F|||50|]Kingambit||FocusSash|Defiant|SuckerPunch,IronHead,LowKick,Protect|Adamant||F|||50|]Sylveon||FairyFeather|Pixilate|HyperVoice,HyperBeam,QuickAttack,Detect|Modest||M|||50|]Garchomp||LifeOrb|RoughSkin|Earthquake,DragonClaw,StompingTantrum,Protect|Jolly||F|||50|]Charizard||CharizarditeY|Blaze|HeatWave,WeatherBall,SolarBeam,Protect|Modest||M|||50|]Incineroar||SitrusBerry|Intimidate|FlareBlitz,DarkestLariat,PartingShot,FakeOut|Impish||F|||50|
|inactive|Battle timer is ON: inactive players will automatically lose when time's up. (requested by kst kampfi)
|inactive|kst kampfi has 60 seconds left.
|
|t:|1783754404
|teamsize|p1|4
|teamsize|p2|4
|start
|switch|p1a: Rotom|Rotom-Wash, L50|100/100
|switch|p1b: Sneasler|Sneasler, L50, M|100/100
|switch|p2a: Aerodactyl|Aerodactyl, L50, F|100/100
|switch|p2b: Kingambit|Kingambit, L50, F|100/100
|-ability|p2a: Aerodactyl|Unnerve
|turn|1
|
|t:|1783754417
|switch|p2a: Garchomp|Garchomp, L50, F|100/100
|move|p1b: Sneasler|Fake Out|p2a: Garchomp
|-damage|p2a: Garchomp|85/100
|-damage|p1b: Sneasler|87/100|[from] ability: Rough Skin|[of] p2a: Garchomp
|move|p1a: Rotom|Hydro Pump|p2a: Garchomp
|-damage|p2a: Garchomp|31/100
|move|p2b: Kingambit|Iron Head|p1b: Sneasler
|-damage|p1b: Sneasler|11/100
|
|upkeep
|turn|2
|inactive|kst kampfi has 30 seconds left.
|
|t:|1783754452
|switch|p1a: Floette|Floette-Eternal, L50, F|100/100
|move|p2a: Garchomp|Protect|p2a: Garchomp
|-singleturn|p2a: Garchomp|Protect
|move|p2b: Kingambit|Sucker Punch||[still]
|-fail|p2b: Kingambit
|move|p1b: Sneasler|Coaching|p1a: Floette
|-boost|p1a: Floette|atk|1
|-boost|p1a: Floette|def|1
|
|upkeep
|turn|3
|
|t:|1783754474
|switch|p1b: Rotom|Rotom-Wash, L50|100/100
|detailschange|p1a: Floette|Floette-Mega, L50, F
|-mega|p1a: Floette|Floette|Floettite
|-ability|p1a: Floette|Fairy Aura
|move|p2b: Kingambit|Sucker Punch||[still]
|-fail|p2b: Kingambit
|move|p2a: Garchomp|Stomping Tantrum|p1a: Floette
|-damage|p1a: Floette|71/100
|-damage|p2a: Garchomp|21/100|[from] item: Life Orb
|move|p1a: Floette|Dazzling Gleam|p2b: Kingambit|[spread] p2a,p2b
|-supereffective|p2a: Garchomp|1
|-damage|p2a: Garchomp|0 fnt
|-damage|p2b: Kingambit|58/100
|faint|p2a: Garchomp
|
|upkeep
|
|t:|1783754488
|switch|p2a: Aerodactyl|Aerodactyl, L50, F|100/100
|-ability|p2a: Aerodactyl|Unnerve
|turn|4
|
|t:|1783754510
|detailschange|p2a: Aerodactyl|Aerodactyl-Mega, L50, F
|-mega|p2a: Aerodactyl|Aerodactyl|Aerodactylite
|move|p1a: Floette|Protect|p1a: Floette
|-singleturn|p1a: Floette|Protect
|move|p2a: Aerodactyl|Tailwind|p2a: Aerodactyl
|-sidestart|p2: stephen greep fan|move: Tailwind
|move|p2b: Kingambit|Iron Head|p1a: Floette
|-activate|p1a: Floette|move: Protect
|move|p1b: Rotom|Thunderbolt|p2a: Aerodactyl
|-supereffective|p2a: Aerodactyl|1
|-damage|p2a: Aerodactyl|8/100
|
|upkeep
|turn|5
|
|t:|1783754528
|switch|p1b: Sinistcha|Sinistcha, L50|100/100
|-heal|p1a: Floette|96/100|[from] ability: Hospitality|[of] p1b: Sinistcha
|move|p2a: Aerodactyl|Rock Slide|p1b: Sinistcha|[spread] p1a,p1b
|-damage|p1a: Floette|82/100
|-damage|p1b: Sinistcha|77/100
|move|p2b: Kingambit|Iron Head|p1a: Floette
|-supereffective|p1a: Floette|1
|-damage|p1a: Floette|35/100
|cant|p1a: Floette|flinch
|
|upkeep
|turn|6
|
|t:|1783754547
|switch|p1b: Sneasler|Sneasler, L50, M|11/100
|move|p1a: Floette|Protect|p1a: Floette
|-singleturn|p1a: Floette|Protect
|move|p2a: Aerodactyl|Dual Wingbeat|p1b: Sneasler
|-supereffective|p1b: Sneasler|1
|-damage|p1b: Sneasler|0 fnt
|faint|p1b: Sneasler
|-hitcount|p1: Sneasler|1
|move|p2b: Kingambit|Iron Head|p1a: Floette
|-activate|p1a: Floette|move: Protect
|
|upkeep
|
|t:|1783754558
|switch|p1b: Sinistcha|Sinistcha, L50|77/100
|-heal|p1a: Floette|60/100|[from] ability: Hospitality|[of] p1b: Sinistcha
|turn|7
|
|t:|1783754579
|switch|p2a: Sylveon|Sylveon, L50, M|100/100
|move|p1b: Sinistcha|Rage Powder|p1b: Sinistcha
|-singleturn|p1b: Sinistcha|move: Rage Powder
|move|p2b: Kingambit|Iron Head|p1b: Sinistcha
|-damage|p1b: Sinistcha|36/100
|move|p1a: Floette|Dazzling Gleam|p2a: Sylveon|[spread] p2a,p2b
|-damage|p2a: Sylveon|68/100
|-damage|p2b: Kingambit|16/100
|
|-sideend|p2: stephen greep fan|move: Tailwind
|upkeep
|turn|8
|
|t:|1783754596
|move|p2b: Kingambit|Protect|p2b: Kingambit
|-singleturn|p2b: Kingambit|Protect
|move|p1a: Floette|Calm Mind|p1a: Floette
|-boost|p1a: Floette|spa|1
|-boost|p1a: Floette|spd|1
|move|p2a: Sylveon|Hyper Voice|p1a: Floette|[spread] p1a,p1b
|-damage|p1a: Floette|34/100
|-damage|p1b: Sinistcha|0 fnt
|faint|p1b: Sinistcha
|
|upkeep
|
|t:|1783754604
|switch|p1b: Rotom|Rotom-Wash, L50|100/100
|turn|9
|
|t:|1783754628
|move|p2a: Sylveon|Quick Attack|p1a: Floette
|-damage|p1a: Floette|24/100
|move|p2b: Kingambit|Sucker Punch|p1a: Floette
|-resisted|p1a: Floette|1
|-damage|p1a: Floette|13/100
|move|p1a: Floette|Draining Kiss|p2a: Sylveon
|-damage|p2a: Sylveon|27/100
|-heal|p1a: Floette|44/100|[from] drain|[of] p2a: Sylveon
|move|p1b: Rotom|Thunderbolt|p2b: Kingambit
|-damage|p2b: Kingambit|0 fnt
|faint|p2b: Kingambit
|
|upkeep
|
|t:|1783754633
|switch|p2b: Aerodactyl|Aerodactyl-Mega, L50, F|8/100
|turn|10
|
|t:|1783754650
|move|p2b: Aerodactyl|Tailwind|p2b: Aerodactyl
|-sidestart|p2: stephen greep fan|move: Tailwind
|move|p2a: Sylveon|Hyper Beam|p1b: Rotom
|-damage|p1b: Rotom|0 fnt
|-mustrecharge|p2a: Sylveon
|faint|p1b: Rotom
|move|p1a: Floette|Draining Kiss|p2a: Sylveon
|-damage|p2a: Sylveon|0 fnt
|-heal|p1a: Floette|66/100|[from] drain|[of] p2a: Sylveon
|faint|p2a: Sylveon
|
|upkeep
|turn|11
|
|t:|1783754660
|move|p2b: Aerodactyl|Rock Slide|p1a: Floette
|-damage|p1a: Floette|45/100
|move|p1a: Floette|Draining Kiss|p2b: Aerodactyl
|-damage|p2b: Aerodactyl|0 fnt
|-heal|p1a: Floette|51/100|[from] drain|[of] p2b: Aerodactyl
|faint|p2b: Aerodactyl
|
|win|kst kampfi
