|j|☆elmono10
|j|☆Pawah
|html|elmono10Pawah    
|uhtml|bestof|Game 3 of a best-of-3
|t:|1756546542
|gametype|doubles
|player|p1|elmono10|170|1098
|player|p2|Pawah|ethan|1191
|gen|9
|tier|[Gen 9] VGC 2025 Reg H (Bo3)
|rated|
|rule|Species Clause: Limit one of each Pokémon
|rule|Item Clause: Limit 1 of each item
|clearpoke
|poke|p1|Sneasler, L50, F|
|poke|p1|Indeedee, L50, M|
|poke|p1|Ursaluna-Bloodmoon, L50, M|
|poke|p1|Electabuzz, L50, F|
|poke|p1|Incineroar, L50, M|
|poke|p1|Talonflame, L50, F|
|poke|p2|Ursaluna, L50, F|
|poke|p2|Sinistcha, L50|
|poke|p2|Pelipper, L50, M|
|poke|p2|Archaludon, L50, M|
|poke|p2|Gholdengo, L50|
|poke|p2|Dragonite, L50, M|
|teampreview|4
|showteam|p1|Sneasler||PsychicSeed|Unburden|CloseCombat,DireClaw,ThroatChop,Protect|||F|||50|,,,,,Dark]Indeedee||FocusSash|PsychicSurge|ExpandingForce,TrickRoom,HelpingHand,Protect|||M|||50|,,,,,Psychic]Ursaluna-Bloodmoon||LifeOrb|MindsEye|BloodMoon,HyperVoice,EarthPower,Protect|||M|||50|,,,,,Normal]Electabuzz||Eviolite|VitalSpirit|Electroweb,FollowMe,Taunt,Protect|||F|||50|,,,,,Dragon]Incineroar||SafetyGoggles|Intimidate|FlareBlitz,KnockOff,PartingShot,FakeOut|||M|||50|,,,,,Ghost]Talonflame||CovertCloak|GaleWings|FlareBlitz,DualWingbeat,WillOWisp,Tailwind|||F|||50|,,,,,Fairy
|showteam|p2|Ursaluna||FlameOrb|Guts|HeadlongRush,Facade,Protect,Earthquake|||F|||50|,,,,,Ghost]Sinistcha||SitrusBerry|Hospitality|RagePowder,TrickRoom,LifeDew,MatchaGotcha||||||50|,,,,,Dark]Pelipper||FocusSash|Drizzle|Hurricane,Protect,WeatherBall,WideGuard|||M|||50|,,,,,Ghost]Archaludon||AssaultVest|Stamina|ElectroShot,FlashCannon,BodyPress,DracoMeteor|||M|||50|,,,,,Bug]Gholdengo||LifeOrb|GoodasGold|MakeItRain,ShadowBall,NastyPlot,Protect||||||50|,,,,,Water]Dragonite||LoadedDice|Multiscale|Protect,ScaleShot,Tailwind,Haze|||M|||50|,,,,,Fairy
|inactive|Battle timer is ON: inactive players will automatically lose when time's up. (requested by elmono10)
|inactive|Pawah also wants the timer to be on.
|inactive|Pawah has 60 seconds left.
|inactive|elmono10 has 60 seconds left.
|inactive|Pawah has 30 seconds left.
|inactive|Pawah has 20 seconds left.
|inactive|Pawah has 15 seconds left.
|inactive|Pawah has 10 seconds left.
|
|t:|1756546623
|teamsize|p1|4
|teamsize|p2|4
|start
|switch|p1a: Talonflame|Talonflame, L50, F|100/100
|switch|p1b: Ursaluna|Ursaluna-Bloodmoon, L50, M|100/100
|switch|p2a: Dragonite|Dragonite, L50, M|100/100
|switch|p2b: Ursaluna|Ursaluna, L50, F|100/100
|turn|1
|inactive|Pawah has 30 seconds left.
|
|t:|1756546650
|switch|p2a: Sinistcha|Sinistcha, L50|100/100
|move|p2b: Ursaluna|Protect|p2b: Ursaluna
|-singleturn|p2b: Ursaluna|Protect
|move|p1a: Talonflame|Will-O-Wisp|p2a: Sinistcha
|-status|p2a: Sinistcha|brn
|move|p1b: Ursaluna|Earth Power|p2b: Ursaluna
|-activate|p2b: Ursaluna|move: Protect
|
|-damage|p2a: Sinistcha|94/100 brn|[from] brn
|-status|p2b: Ursaluna|brn|[from] item: Flame Orb
|upkeep
|turn|2
|
|t:|1756546672
|-terastallize|p2a: Sinistcha|Dark
|move|p1a: Talonflame|Dual Wingbeat|p2a: Sinistcha
|-damage|p2a: Sinistcha|79/100 brn
|-damage|p2a: Sinistcha|65/100 brn
|-hitcount|p2a: Sinistcha|2
|move|p1b: Ursaluna|Hyper Voice|p2b: Ursaluna|[spread] p2a,p2b
|-damage|p2a: Sinistcha|23/100 brn
|-damage|p2b: Ursaluna|59/100 brn
|-enditem|p2a: Sinistcha|Sitrus Berry|[eat]
|-heal|p2a: Sinistcha|48/100 brn|[from] item: Sitrus Berry
|-damage|p1b: Ursaluna|91/100|[from] item: Life Orb
|move|p2b: Ursaluna|Facade|p1b: Ursaluna
|-damage|p1b: Ursaluna|0 fnt
|faint|p1b: Ursaluna
|move|p2a: Sinistcha|Trick Room|p2a: Sinistcha
|-fieldstart|move: Trick Room|[of] p2a: Sinistcha
|
|-damage|p2b: Ursaluna|53/100 brn|[from] brn
|-damage|p2a: Sinistcha|42/100 brn|[from] brn
|upkeep
|
|t:|1756546682
|switch|p1b: Indeedee|Indeedee, L50, M|100/100
|-fieldstart|move: Psychic Terrain|[from] ability: Psychic Surge|[of] p1b: Indeedee
|turn|3
|
|t:|1756546705
|move|p1b: Indeedee|Protect|p1b: Indeedee
|-singleturn|p1b: Indeedee|Protect
|move|p2b: Ursaluna|Facade|p1b: Indeedee
|-activate|p1b: Indeedee|move: Protect
|move|p2a: Sinistcha|Matcha Gotcha|p1a: Talonflame|[spread] p1a
|-activate|p1b: Indeedee|move: Protect
|-resisted|p1a: Talonflame
|-damage|p1a: Talonflame|91/100
|-heal|p2a: Sinistcha|45/100 brn|[from] drain|[of] p1a: Talonflame
|move|p1a: Talonflame|Flare Blitz|p2b: Ursaluna
|-damage|p2b: Ursaluna|16/100 brn
|-damage|p1a: Talonflame|74/100|[from] Recoil
|
|-damage|p2b: Ursaluna|10/100 brn|[from] brn
|-damage|p2a: Sinistcha|39/100 brn|[from] brn
|upkeep
|turn|4
|inactive|elmono10 has 30 seconds left.
|inactive|elmono10 has 20 seconds left.
|inactive|elmono10 has 15 seconds left.
|
|t:|1756546747
|switch|p1b: Sneasler|Sneasler, L50, F|100/100
|-enditem|p1b: Sneasler|Psychic Seed
|-boost|p1b: Sneasler|spd|1|[from] item: Psychic Seed
|move|p2b: Ursaluna|Facade|p1b: Sneasler
|-damage|p1b: Sneasler|0 fnt
|faint|p1b: Sneasler
|move|p2a: Sinistcha|Matcha Gotcha|p1a: Talonflame
|-resisted|p1a: Talonflame
|-damage|p1a: Talonflame|63/100
|-heal|p2a: Sinistcha|44/100 brn|[from] drain|[of] p1a: Talonflame
|move|p1a: Talonflame|Dual Wingbeat|p2a: Sinistcha
|-damage|p2a: Sinistcha|29/100 brn
|-damage|p2a: Sinistcha|14/100 brn
|-hitcount|p2a: Sinistcha|2
|
|-damage|p2b: Ursaluna|4/100 brn|[from] brn
|-damage|p2a: Sinistcha|8/100 brn|[from] brn
|upkeep
|
|t:|1756546754
|switch|p1b: Indeedee|Indeedee, L50, M|100/100
|turn|5
|
|t:|1756546763
|move|p1b: Indeedee|Protect|p1b: Indeedee
|-singleturn|p1b: Indeedee|Protect
|move|p2b: Ursaluna|Facade|p1a: Talonflame
|-damage|p1a: Talonflame|0 fnt
|faint|p1a: Talonflame
|move|p2a: Sinistcha|Life Dew|p2a: Sinistcha|[spread] p2a,p2b
|-heal|p2a: Sinistcha|33/100 brn
|-heal|p2b: Ursaluna|29/100 brn
|
|-damage|p2b: Ursaluna|23/100 brn|[from] brn
|-damage|p2a: Sinistcha|27/100 brn|[from] brn
|upkeep
|turn|6
|-message|elmono10 forfeited.
|
|win|Pawah
|raw|elmono10's rating: 1098 → 1080(-18 for losing)
|raw|Pawah's rating: 1191 → 1209(+18 for winning)
|l|☆elmono10
|player|p1|
