|j|☆KrimsunFizz
|j|☆jiaco5
|html|KrimsunFizzjiaco5    
|uhtml|bestof|Game 1 of a best-of-3
|t:|1783995903
|gametype|doubles
|player|p1|KrimsunFizz|170|1137
|player|p2|jiaco5|102|1281
|gen|9
|tier|[Gen 9 Champions] VGC 2026 Reg M-B (Bo3)
|rated|
|rule|Species Clause: Limit one of each Pokémon
|rule|Item Clause: Limit 1 of each item
|clearpoke
|poke|p1|Sceptile, L50, M, shiny|
|poke|p1|Gardevoir, L50, F, shiny|
|poke|p1|Mudsdale, L50, M, shiny|
|poke|p1|Vivillon-Pokeball, L50, F, shiny|
|poke|p1|Torkoal, L50, M, shiny|
|poke|p1|Farigiraf, L50, F, shiny|
|poke|p2|Blastoise, L50, M|
|poke|p2|Sinistcha, L50|
|poke|p2|Delphox, L50, M|
|poke|p2|Sneasler, L50, F|
|poke|p2|Incineroar, L50, F|
|poke|p2|Kingambit, L50, M|
|teampreview|4
|showteam|p1|Sceptile||Sceptilite|Overgrow|LeafStorm,DragonPulse,Protect,EarthPower|Timid||M|||50|]Gardevoir||Gardevoirite|Trace|Psychic,HyperVoice,TrickRoom,Protect|Quiet||F|||50|]Mudsdale||LifeOrb|InnerFocus|RockSlide,HeavySlam,Earthquake,HighHorsepower|Brave||M|||50|]Vivillon-Pokeball||FocusSash|CompoundEyes|Hurricane,Protect,RagePowder,SleepPowder|Timid||F|||50|]Torkoal||Charcoal|Drought|Eruption,Flamethrower,EarthPower,Protect|Quiet||M|||50|]Farigiraf||ColburBerry|ArmorTail|Protect,TrickRoom,Thunderbolt,HelpingHand|Relaxed||F|||50|
|showteam|p2|Blastoise||Blastoisinite|RainDish|WaterSpout,DarkPulse,ShellSmash,Protect|Modest||M|||50|]Sinistcha||OccaBerry|Hospitality|MatchaGotcha,TrickRoom,RagePowder,Protect|Relaxed|||||50|]Delphox||Delphoxite|Blaze|HeatWave,Psyshock,NastyPlot,Protect|Timid||M|||50|]Sneasler||FocusSash|PoisonTouch|CloseCombat,DireClaw,FakeOut,QuickGuard|Jolly||F|||50|]Incineroar||SitrusBerry|Intimidate|FlareBlitz,FakeOut,ThroatChop,PartingShot|Impish||F|||50|]Kingambit||BlackGlasses|Defiant|KowtowCleave,SuckerPunch,SwordsDance,Protect|Adamant||M|||50|
|inactive|Battle timer is ON: inactive players will automatically lose when time's up. (requested by KrimsunFizz)
|
|t:|1783995946
|teamsize|p1|4
|teamsize|p2|4
|start
|switch|p1a: Sceptile|Sceptile, L50, M, shiny|100/100
|switch|p1b: Farigiraf|Farigiraf, L50, F, shiny|100/100
|switch|p2a: Incineroar|Incineroar, L50, F|100/100
|switch|p2b: Delphox|Delphox, L50, M|100/100
|-ability|p2a: Incineroar|Intimidate|boost
|-unboost|p1a: Sceptile|atk|1
|-unboost|p1b: Farigiraf|atk|1
|turn|1
|
|t:|1783995960
|detailschange|p1a: Sceptile|Sceptile-Mega, L50, M, shiny
|-mega|p1a: Sceptile|Sceptile|Sceptilite
|detailschange|p2b: Delphox|Delphox-Mega, L50, M
|-mega|p2b: Delphox|Delphox|Delphoxite
|move|p1a: Sceptile|Protect|p1a: Sceptile
|-singleturn|p1a: Sceptile|Protect
|move|p1b: Farigiraf|Protect|p1b: Farigiraf
|-singleturn|p1b: Farigiraf|Protect
|move|p2b: Delphox|Nasty Plot|p2b: Delphox
|-boost|p2b: Delphox|spa|2
|move|p2a: Incineroar|Throat Chop|p1b: Farigiraf
|-activate|p1b: Farigiraf|move: Protect
|
|upkeep
|turn|2
|
|t:|1783995978
|move|p1b: Farigiraf|Helping Hand|p1a: Sceptile
|-singleturn|p1a: Sceptile|Helping Hand|[of] p1b: Farigiraf
|move|p1a: Sceptile|Dragon Pulse|p2b: Delphox
|-damage|p2b: Delphox|38/100
|move|p2b: Delphox|Heat Wave|p1a: Sceptile|[spread] p1a,p1b
|-damage|p1a: Sceptile|0 fnt
|-damage|p1b: Farigiraf|29/100
|faint|p1a: Sceptile
|move|p2a: Incineroar|Throat Chop|p1b: Farigiraf
|-supereffective|p1b: Farigiraf|1
|-crit|p1b: Farigiraf
|-enditem|p1b: Farigiraf|Colbur Berry|[eat]
|-enditem|p1b: Farigiraf|Colbur Berry|[weaken]
|-damage|p1b: Farigiraf|0 fnt
|faint|p1b: Farigiraf
|
|upkeep
|
|t:|1783995992
|switch|p1a: Vivillon|Vivillon-Pokeball, L50, F, shiny|100/100
|switch|p1b: Mudsdale|Mudsdale, L50, M, shiny|100/100
|turn|3
|
|t:|1783996004
|move|p2b: Delphox|Heat Wave|p1b: Mudsdale|[spread] p1b
|-miss|p2b: Delphox|p1a: Vivillon
|-damage|p1b: Mudsdale|32/100
|move|p1a: Vivillon|Sleep Powder|p2b: Delphox
|-status|p2b: Delphox|slp|[from] move: Sleep Powder
|move|p2a: Incineroar|Flare Blitz|p1a: Vivillon
|-supereffective|p1a: Vivillon|1
|-enditem|p1a: Vivillon|Focus Sash
|-damage|p1a: Vivillon|1/100
|-damage|p2a: Incineroar|74/100|[from] Recoil
|move|p1b: Mudsdale|Rock Slide|p2b: Delphox|[spread] p2a,p2b
|-supereffective|p2a: Incineroar|1
|-supereffective|p2b: Delphox|1
|-damage|p2a: Incineroar|32/100
|-damage|p2b: Delphox|0 fnt
|-enditem|p2a: Incineroar|Sitrus Berry|[eat]
|-heal|p2a: Incineroar|56/100|[from] item: Sitrus Berry
|faint|p2b: Delphox
|-damage|p1b: Mudsdale|22/100|[from] item: Life Orb
|
|upkeep
|
|t:|1783996022
|switch|p2b: Sinistcha|Sinistcha, L50|100/100
|-heal|p2a: Incineroar|81/100|[from] ability: Hospitality|[of] p2b: Sinistcha
|turn|4
|inactive|KrimsunFizz has 30 seconds left.
|
|t:|1783996052
|move|p1a: Vivillon|Rage Powder|p1a: Vivillon
|-singleturn|p1a: Vivillon|move: Rage Powder
|move|p2b: Sinistcha|Rage Powder|p2b: Sinistcha
|-singleturn|p2b: Sinistcha|move: Rage Powder
|move|p2a: Incineroar|Flare Blitz|p1a: Vivillon
|-supereffective|p1a: Vivillon|1
|-damage|p1a: Vivillon|0 fnt
|faint|p1a: Vivillon
|-damage|p2a: Incineroar|81/100|[from] Recoil
|move|p1b: Mudsdale|Earthquake|p2b: Sinistcha|[spread] p2a,p2b
|-supereffective|p2a: Incineroar|1
|-resisted|p2b: Sinistcha|1
|-damage|p2a: Incineroar|0 fnt
|-damage|p2b: Sinistcha|77/100
|faint|p2a: Incineroar
|-damage|p1b: Mudsdale|13/100|[from] item: Life Orb
|
|upkeep
|
|t:|1783996065
|switch|p2a: Kingambit|Kingambit, L50, M|100/100
|turn|5
|
|t:|1783996068
|move|p2a: Kingambit|Sucker Punch|p1b: Mudsdale
|-damage|p1b: Mudsdale|0 fnt
|faint|p1b: Mudsdale
|
|win|jiaco5
||KrimsunFizz is ready for game 2.
||jiaco5 is ready for game 2.
|uhtml|next|Next: Game 2 of 3
