|j|☆Luk2929powa
|j|☆eriksp
|html|Luk2929powaeriksp    
|uhtml|bestof|Game 1 of a best-of-3
|t:|1783814888
|gametype|doubles
|player|p1|Luk2929powa|102|1124
|player|p2|eriksp|cynthia-masters4|1077
|gen|9
|tier|[Gen 9 Champions] VGC 2026 Reg M-B (Bo3)
|rated|
|rule|Species Clause: Limit one of each Pokémon
|rule|Item Clause: Limit 1 of each item
|clearpoke
|poke|p1|Venusaur, L50, M|
|poke|p1|Archaludon, L50, M|
|poke|p1|Swampert, L50, F|
|poke|p1|Grimmsnarl, L50, M|
|poke|p1|Sneasler, L50, F|
|poke|p1|Pelipper, L50, F|
|poke|p2|Floette-Eternal, L50, F|
|poke|p2|Charizard, L50, M|
|poke|p2|Whimsicott, L50, M|
|poke|p2|Garchomp, L50, F|
|poke|p2|Basculegion, L50, M|
|poke|p2|Kingambit, L50, F|
|teampreview|4
|showteam|p1|Venusaur||Venusaurite|Chlorophyll|LeechSeed,EnergyBall,Protect,SludgeBomb|Modest||M|||50|]Archaludon||Leftovers|Stamina|FlashCannon,ElectroShot,DragonPulse,Protect|Modest||M|||50|]Swampert||Swampertite|Torrent|HighHorsepower,FlipTurn,Protect,WaveCrash|Adamant||F|||50|]Grimmsnarl||LightClay|Prankster|Reflect,LightScreen,PartingShot,SpiritBreak|Careful||M|||50|]Sneasler||WhiteHerb|PoisonTouch|CloseCombat,FakeOut,Protect,DireClaw|Adamant||F|||50|]Pelipper||LifeOrb|Drizzle|WeatherBall,Hurricane,Tailwind,Protect|Modest||F|||50|
|showteam|p2|Floette-Eternal||Floettite|FlowerVeil|Moonblast,DazzlingGleam,LightofRuin,Protect|Modest||F|||50|]Charizard||CharizarditeY|Blaze|HeatWave,WeatherBall,SolarBeam,Protect|Timid||M|||50|]Whimsicott||FocusSash|Prankster|Moonblast,Tailwind,Encore,Protect|Timid||M|||50|]Garchomp||LifeOrb|RoughSkin|DragonClaw,Earthquake,Protect,RockSlide|Jolly||F|||50|]Basculegion||MysticWater|Adaptability|WaveCrash,LastRespects,AquaJet,Protect|Adamant||M|||50|]Kingambit||ChopleBerry|Defiant|KowtowCleave,IronHead,SuckerPunch,LowKick|Adamant||F|||50|
|inactive|Battle timer is ON: inactive players will automatically lose when time's up. (requested by Luk2929powa)
|inactive|Luk2929powa has 60 seconds left.
|inactive|eriksp has 60 seconds left.
|inactive|Luk2929powa has 30 seconds left.
|
|t:|1783814954
|teamsize|p1|4
|teamsize|p2|4
|start
|switch|p1a: Grimmsnarl|Grimmsnarl, L50, M|100/100
|switch|p1b: Sneasler|Sneasler, L50, F|100/100
|switch|p2a: Floette|Floette-Eternal, L50, F|100/100
|switch|p2b: Kingambit|Kingambit, L50, F|100/100
|turn|1
|inactive|Luk2929powa has 30 seconds left.
|
|t:|1783814988
|switch|p2a: Basculegion|Basculegion, L50, M|100/100
|move|p1b: Sneasler|Fake Out|p2a: Basculegion
|-immune|p2a: Basculegion
|move|p1a: Grimmsnarl|Light Screen|p1a: Grimmsnarl
|-sidestart|p1: Luk2929powa|move: Light Screen
|move|p2b: Kingambit|Iron Head|p1b: Sneasler
|-damage|p1b: Sneasler|42/100
|
|upkeep
|turn|2
|
|t:|1783815004
|switch|p2b: Floette|Floette-Eternal, L50, F|100/100
|move|p1a: Grimmsnarl|Reflect|p1a: Grimmsnarl
|-sidestart|p1: Luk2929powa|Reflect
|move|p1b: Sneasler|Close Combat|p2b: Floette
|-resisted|p2b: Floette|1
|-crit|p2b: Floette
|-damage|p2b: Floette|27/100
|-unboost|p1b: Sneasler|def|1
|-unboost|p1b: Sneasler|spd|1
|-status|p2b: Floette|psn|[from] ability: Poison Touch|[of] p1b: Sneasler
|-enditem|p1b: Sneasler|White Herb
|-clearnegativeboost|p1b: Sneasler|[silent]
|move|p2a: Basculegion|Wave Crash|p1b: Sneasler
|-damage|p1b: Sneasler|0 fnt
|faint|p1b: Sneasler
|-damage|p2a: Basculegion|88/100|[from] Recoil
|
|-damage|p2b: Floette|15/100 psn|[from] psn
|upkeep
|
|t:|1783815025
|switch|p1b: Swampert|Swampert, L50, F|100/100
|turn|3
|
|t:|1783815037
|detailschange|p2b: Floette|Floette-Mega, L50, F
|-mega|p2b: Floette|Floette|Floettite
|-ability|p2b: Floette|Fairy Aura
|detailschange|p1b: Swampert|Swampert-Mega, L50, F
|-mega|p1b: Swampert|Swampert|Swampertite
|move|p1b: Swampert|Protect|p1b: Swampert
|-singleturn|p1b: Swampert|Protect
|move|p1a: Grimmsnarl|Parting Shot|p2a: Basculegion
|-unboost|p2a: Basculegion|atk|1
|-unboost|p2a: Basculegion|spa|1
|
|t:|1783815048
|switch|p1a: Pelipper|Pelipper, L50, F|100/100|[from] Parting Shot
|-weather|RainDance|[from] ability: Drizzle|[of] p1a: Pelipper
|move|p2b: Floette|Dazzling Gleam|p1a: Pelipper|[spread] p1a
|-activate|p1b: Swampert|move: Protect
|-damage|p1a: Pelipper|36/100
|move|p2a: Basculegion|Wave Crash|p1b: Swampert
|-activate|p1b: Swampert|move: Protect
|
|-weather|RainDance|[upkeep]
|-damage|p2b: Floette|3/100 psn|[from] psn
|upkeep
|turn|4
|inactive|Luk2929powa has 30 seconds left.
|
|t:|1783815079
|move|p1b: Swampert|Flip Turn|p2a: Basculegion
|-resisted|p2a: Basculegion|1
|-damage|p2a: Basculegion|54/100
|
|t:|1783815082
|switch|p1b: Grimmsnarl|Grimmsnarl, L50, M|100/100|[from] Flip Turn
|move|p2b: Floette|Dazzling Gleam|p1b: Grimmsnarl|[spread] p1a,p1b
|-supereffective|p1b: Grimmsnarl|1
|-damage|p1a: Pelipper|0 fnt
|-damage|p1b: Grimmsnarl|46/100
|faint|p1a: Pelipper
|move|p2a: Basculegion|Wave Crash|p1b: Grimmsnarl
|-damage|p1b: Grimmsnarl|0 fnt
|faint|p1b: Grimmsnarl
|-damage|p2a: Basculegion|38/100|[from] Recoil
|
|-weather|RainDance|[upkeep]
|-damage|p2b: Floette|0 fnt|[from] psn
|faint|p2b: Floette
|upkeep
|
|t:|1783815099
|switch|p2b: Whimsicott|Whimsicott, L50, M|100/100
|switch|p1b: Swampert|Swampert-Mega, L50, F|100/100
|turn|5
|
|t:|1783815109
|switch|p2a: Kingambit|Kingambit, L50, F|100/100
|move|p2b: Whimsicott|Tailwind|p2b: Whimsicott
|-sidestart|p2: eriksp|move: Tailwind
|move|p1b: Swampert|Wave Crash|p2b: Whimsicott
|-resisted|p2b: Whimsicott|1
|-damage|p2b: Whimsicott|10/100
|-damage|p1b: Swampert|78/100|[from] Recoil
|
|-weather|RainDance|[upkeep]
|upkeep
|turn|6
|
|t:|1783815126
|move|p2a: Kingambit|Sucker Punch|p1b: Swampert
|-damage|p1b: Swampert|52/100
|move|p2b: Whimsicott|Moonblast|p1b: Swampert
|-damage|p1b: Swampert|31/100
|move|p1b: Swampert|High Horsepower|p2a: Kingambit
|-supereffective|p2a: Kingambit|1
|-damage|p2a: Kingambit|13/100
|
|-weather|RainDance|[upkeep]
|upkeep
|turn|7
|-message|Luk2929powa forfeited.
|
|win|eriksp
