|j|☆monkeychese
|j|☆Divine Monkey King
|html|monkeycheseDivine Monkey King    
|uhtml|bestof|Game 1 of a best-of-3
|t:|1783129204
|gametype|doubles
|player|p1|monkeychese|lucas|1153
|player|p2|Divine Monkey King|1|1132
|gen|9
|tier|[Gen 9 Champions] VGC 2026 Reg M-B (Bo3)
|rated|
|rule|Species Clause: Limit one of each Pokémon
|rule|Item Clause: Limit 1 of each item
|clearpoke
|poke|p1|Charizard, L50, M|
|poke|p1|Lycanroc-Dusk, L50, F|
|poke|p1|Sneasler, L50, F|
|poke|p1|Hydreigon, L50, M|
|poke|p1|Grimmsnarl, L50, M|
|poke|p1|Toxapex, L50, F|
|poke|p2|Tyranitar, L50, M, shiny|
|poke|p2|Aerodactyl, L50, M, shiny|
|poke|p2|Pelipper, L50, M, shiny|
|poke|p2|Basculegion, L50, M, shiny|
|poke|p2|Beedrill, L50, M, shiny|
|poke|p2|Annihilape, L50, M, shiny|
|teampreview|4
|showteam|p1|Charizard||CharizarditeY|Blaze|HeatWave,WeatherBall,SolarBeam,Protect|Modest||M|||50|]Lycanroc-Dusk||FocusSash|ToughClaws|RockSlide,CloseCombat,Accelerock,Protect|Adamant||F|||50|]Sneasler||WhiteHerb|Unburden|DireClaw,CloseCombat,FakeOut,Protect|Jolly||F|||50|]Hydreigon||ChoiceScarf|Levitate|DracoMeteor,DarkPulse,Snarl,EarthPower|Modest||M|||50|]Grimmsnarl||LightClay|Prankster|LightScreen,Reflect,FakeOut,SpiritBreak|Adamant||M|||50|]Toxapex||Leftovers|Regenerator|Infestation,BanefulBunker,Toxic,WideGuard|Bold||F|||50|
|showteam|p2|Tyranitar||Tyranitarite|SandStream|BrickBreak,KnockOff,Protect,RockSlide|Adamant||M|||50|]Aerodactyl||FocusSash|Unnerve|DualWingbeat,IronHead,Protect,Tailwind|Jolly||M|||50|]Pelipper||WacanBerry|Drizzle|Hurricane,IceBeam,Protect,WeatherBall|Calm||M|||50|]Basculegion||MysticWater|SwiftSwim|AquaJet,FlipTurn,LastRespects,Protect|Adamant||M|||50|]Beedrill||Beedrillite|Sniper|PoisonJab,Protect,Uturn,FellStinger|Jolly||M|||50|]Annihilape||Leftovers|Defiant|BulkUp,DrainPunch,Protect,SeedBomb|Adamant||M|||50|
|
|t:|1783129258
|teamsize|p1|4
|teamsize|p2|4
|start
|switch|p1a: Grimmsnarl|Grimmsnarl, L50, M|100/100
|switch|p1b: Lycanroc|Lycanroc-Dusk, L50, F|100/100
|switch|p2a: Tyranitar|Tyranitar, L50, M, shiny|100/100
|switch|p2b: Basculegion|Basculegion, L50, M, shiny|100/100
|-weather|Sandstorm|[from] ability: Sand Stream|[of] p2a: Tyranitar
|turn|1
|
|t:|1783129273
|move|p1b: Lycanroc|Protect|p1b: Lycanroc
|-singleturn|p1b: Lycanroc|Protect
|move|p2a: Tyranitar|Protect|p2a: Tyranitar
|-singleturn|p2a: Tyranitar|Protect
|move|p1a: Grimmsnarl|Reflect|p1a: Grimmsnarl
|-sidestart|p1: monkeychese|Reflect
|move|p2b: Basculegion|Flip Turn|p1b: Lycanroc
|-activate|p1b: Lycanroc|move: Protect
|
|-weather|Sandstorm|[upkeep]
|-damage|p2b: Basculegion|93/100|[from] Sandstorm
|-damage|p1a: Grimmsnarl|94/100|[from] Sandstorm
|upkeep
|turn|2
|
|t:|1783129287
|switch|p2a: Annihilape|Annihilape, L50, M, shiny|100/100
|move|p1b: Lycanroc|Rock Slide|p2a: Annihilape|[spread] p2a,p2b
|-resisted|p2a: Annihilape|1
|-damage|p2a: Annihilape|86/100
|-damage|p2b: Basculegion|55/100
|move|p2b: Basculegion|Flip Turn|p1b: Lycanroc
|-supereffective|p1b: Lycanroc|1
|-damage|p1b: Lycanroc|21/100
|
|t:|1783129301
|switch|p2b: Tyranitar|Tyranitar, L50, M, shiny|100/100|[from] Flip Turn
|move|p1a: Grimmsnarl|Spirit Break|p2a: Annihilape
|-supereffective|p2a: Annihilape|1
|-damage|p2a: Annihilape|8/100
|-unboost|p2a: Annihilape|spa|1
|-ability|p2a: Annihilape|Defiant|boost
|-boost|p2a: Annihilape|atk|2
|
|-weather|Sandstorm|[upkeep]
|-damage|p2a: Annihilape|2/100|[from] Sandstorm
|-damage|p1a: Grimmsnarl|88/100|[from] Sandstorm
|-heal|p2a: Annihilape|8/100|[from] item: Leftovers
|upkeep
|turn|3
|
|t:|1783129322
|move|p2a: Annihilape|Protect|p2a: Annihilape
|-singleturn|p2a: Annihilape|Protect
|move|p1b: Lycanroc|Rock Slide|p2b: Tyranitar|[spread] p2b
|-activate|p2a: Annihilape|move: Protect
|-damage|p2b: Tyranitar|76/100
|move|p2b: Tyranitar|Brick Break|p1b: Lycanroc
|-sideend|p1: monkeychese|Reflect
|-supereffective|p1b: Lycanroc|1
|-damage|p1b: Lycanroc|0 fnt
|faint|p1b: Lycanroc
|move|p1a: Grimmsnarl|Spirit Break|p2b: Tyranitar
|-supereffective|p2b: Tyranitar|1
|-damage|p2b: Tyranitar|14/100
|-unboost|p2b: Tyranitar|spa|1
|
|-weather|Sandstorm|[upkeep]
|-damage|p2a: Annihilape|2/100|[from] Sandstorm
|-damage|p1a: Grimmsnarl|82/100|[from] Sandstorm
|-heal|p2a: Annihilape|8/100|[from] item: Leftovers
|upkeep
|
|t:|1783129334
|switch|p1b: Charizard|Charizard, L50, M|100/100
|turn|4
|
|t:|1783129357
|move|p1b: Charizard|Protect|p1b: Charizard
|-singleturn|p1b: Charizard|Protect
|move|p2b: Tyranitar|Protect|p2b: Tyranitar
|-singleturn|p2b: Tyranitar|Protect
|move|p2a: Annihilape|Drain Punch|p1a: Grimmsnarl
|-damage|p1a: Grimmsnarl|0 fnt
|-heal|p2a: Annihilape|47/100|[from] drain|[of] p1a: Grimmsnarl
|faint|p1a: Grimmsnarl
|
|-weather|Sandstorm|[upkeep]
|-damage|p1b: Charizard|94/100|[from] Sandstorm
|-damage|p2a: Annihilape|41/100|[from] Sandstorm
|-heal|p2a: Annihilape|47/100|[from] item: Leftovers
|upkeep
|
|t:|1783129359
|switch|p1a: stallbending|Toxapex, L50, F|100/100
|turn|5
|
|t:|1783129380
|detailschange|p1b: Charizard|Charizard-Mega-Y, L50, M
|-mega|p1b: Charizard|Charizard|Charizardite Y
|-weather|SunnyDay|[from] ability: Drought|[of] p1b: Charizard
|detailschange|p2b: Tyranitar|Tyranitar-Mega, L50, M, shiny
|-mega|p2b: Tyranitar|Tyranitar|Tyranitarite
|-weather|Sandstorm|[from] ability: Sand Stream|[of] p2b: Tyranitar
|move|p1a: stallbending|Wide Guard|p1a: stallbending
|-singleturn|p1a: stallbending|Wide Guard
|move|p1b: Charizard|Weather Ball|p2a: Annihilape
|-resisted|p2a: Annihilape|1
|-damage|p2a: Annihilape|29/100
|move|p2a: Annihilape|Drain Punch|p1b: Charizard
|-resisted|p1b: Charizard|1
|-damage|p1b: Charizard|49/100
|-heal|p2a: Annihilape|47/100|[from] drain|[of] p1b: Charizard
|move|p2b: Tyranitar|Rock Slide|p1b: Charizard|[spread] 
|-activate|p1a: stallbending|move: Wide Guard
|-activate|p1b: Charizard|move: Wide Guard
|
|-weather|Sandstorm|[upkeep]
|-damage|p1b: Charizard|43/100|[from] Sandstorm
|-damage|p2a: Annihilape|41/100|[from] Sandstorm
|-damage|p1a: stallbending|94/100|[from] Sandstorm
|-heal|p2a: Annihilape|47/100|[from] item: Leftovers
|-heal|p1a: stallbending|100/100|[from] item: Leftovers
|upkeep
|turn|6
|-message|monkeychese forfeited.
|
|win|Divine Monkey King
|l|☆monkeychese
|player|p1|
||monkeychese is ready for game 2.
|inactive|Divine Monkey King has 30 seconds to confirm battle start!
|inactive|Divine Monkey King has 20 seconds to confirm battle start!
