|j|☆Lillyrosethedemon
|j|☆neon83
|html|Lillyrosethedemonneon83    
|uhtml|bestof|Game 1 of a best-of-3
|t:|1785176486
|gametype|doubles
|player|p1|Lillyrosethedemon|madame|1216
|player|p2|neon83|acetrainerf-gen4dp|1164
|gen|9
|tier|[Gen 9 Champions] VGC 2026 Reg M-B (Bo3)
|rated|
|rule|Species Clause: Limit one of each Pokémon
|rule|Item Clause: Limit 1 of each item
|clearpoke
|poke|p1|Staraptor, L50, F|
|poke|p1|Delphox, L50, M|
|poke|p1|Glimmora, L50, M|
|poke|p1|Kingambit, L50, M|
|poke|p1|Whimsicott, L50, M|
|poke|p1|Garchomp, L50, M|
|poke|p2|Venusaur, L50, M|
|poke|p2|Houndoom, L50, M|
|poke|p2|Annihilape, L50, M|
|poke|p2|Torkoal, L50, F|
|poke|p2|Kangaskhan, L50, F|
|poke|p2|Farigiraf, L50, F|
|teampreview|4
|showteam|p1|Staraptor||Staraptite|Intimidate|BraveBird,CloseCombat,Protect,Roost|Jolly||F|||50|]Delphox||Delphoxite|Blaze|Substitute,Psyshock,HeatWave,Protect|Timid||M|||50|]Glimmora||FocusSash|ToxicDebris|EarthPower,Protect,PowerGem,SludgeBomb|Timid||M|||50|]Kingambit||ChopleBerry|Defiant|KowtowCleave,LowKick,SuckerPunch,IronHead|Adamant||M|||50|]Whimsicott||OccaBerry|Prankster|Moonblast,Charm,Encore,Tailwind|Timid||M|||50|]Garchomp||ChoiceScarf|SandVeil|RockSlide,StompingTantrum,Earthquake,DragonClaw|Adamant||M|||50|
|showteam|p2|Venusaur||LifeOrb|Chlorophyll|SludgeBomb,SolarBeam,EarthPower,Protect|Modest||M|||50|]Houndoom||Houndoominite|FlashFire|HeatWave,DarkPulse,Overheat,Protect|Timid||M|||50|]Annihilape||ChoiceScarf|Defiant|CloseCombat,IcePunch,RockSlide,Uturn|Adamant||M|||50|]Torkoal||Charcoal|Drought|Eruption,WeatherBall,HelpingHand,Protect|Quiet||F|||50|]Kangaskhan||Kangaskhanite|Scrappy|DoubleEdge,IcePunch,HammerArm,FakeOut|Adamant||F|||50|]Farigiraf||SitrusBerry|ArmorTail|Psychic,Thunderbolt,TrickRoom,HelpingHand|Bold||F|||50|
|inactive|Battle timer is ON: inactive players will automatically lose when time's up. (requested by neon83)
|inactive|Lillyrosethedemon has 60 seconds left.
|
|t:|1785176534
|teamsize|p1|4
|teamsize|p2|4
|start
|switch|p1a: Kingambit|Kingambit, L50, M|100/100
|switch|p1b: Delphox|Delphox, L50, M|100/100
|switch|p2a: Houndoom|Houndoom, L50, M|100/100
|switch|p2b: Venusaur|Venusaur, L50, M|100/100
|turn|1
|inactive|Lillyrosethedemon has 30 seconds left.
|
|t:|1785176562
|switch|p2b: Farigiraf|Farigiraf, L50, F|100/100
|detailschange|p1b: Delphox|Delphox-Mega, L50, M
|-mega|p1b: Delphox|Delphox|Delphoxite
|detailschange|p2a: Houndoom|Houndoom-Mega, L50, M
|-mega|p2a: Houndoom|Houndoom|Houndoominite
|move|p1b: Delphox|Heat Wave|p2a: Houndoom|[spread] p2a,p2b
|-resisted|p2a: Houndoom|1
|-damage|p2a: Houndoom|72/100
|-damage|p2b: Farigiraf|58/100
|move|p2a: Houndoom|Dark Pulse|p1b: Delphox
|-supereffective|p1b: Delphox|1
|-damage|p1b: Delphox|17/100
|move|p1a: Kingambit|Low Kick|p2a: Houndoom
|-supereffective|p2a: Houndoom|1
|-damage|p2a: Houndoom|19/100
|
|upkeep
|turn|2
|inactive|neon83 has 30 seconds left.
|inactive|neon83 has 20 seconds left.
|inactive|neon83 has 15 seconds left.
|
|t:|1785176606
|move|p1b: Delphox|Heat Wave|p2b: Farigiraf|[spread] p2a,p2b
|-resisted|p2a: Houndoom|1
|-damage|p2a: Houndoom|0 fnt
|-damage|p2b: Farigiraf|17/100
|-enditem|p2b: Farigiraf|Sitrus Berry|[eat]
|-heal|p2b: Farigiraf|42/100|[from] item: Sitrus Berry
|faint|p2a: Houndoom
|move|p1a: Kingambit|Kowtow Cleave|p2b: Farigiraf
|-supereffective|p2b: Farigiraf|1
|-damage|p2b: Farigiraf|0 fnt
|faint|p2b: Farigiraf
|
|upkeep
|
|t:|1785176611
|switch|p2a: Torkoal|Torkoal, L50, F|100/100
|switch|p2b: Venusaur|Venusaur, L50, M|100/100
|-weather|SunnyDay|[from] ability: Drought|[of] p2a: Torkoal
|turn|3
|
|t:|1785176634
|move|p2b: Venusaur|Sludge Bomb|p1b: Delphox
|-damage|p1b: Delphox|0 fnt
|faint|p1b: Delphox
|-damage|p2b: Venusaur|90/100|[from] item: Life Orb
|move|p1a: Kingambit|Kowtow Cleave|p2a: Torkoal
|-damage|p2a: Torkoal|65/100
|move|p2a: Torkoal|Weather Ball|p1a: Kingambit
|-supereffective|p1a: Kingambit|1
|-damage|p1a: Kingambit|0 fnt
|faint|p1a: Kingambit
|
|-weather|SunnyDay|[upkeep]
|upkeep
|
|t:|1785176646
|switch|p1b: Whimsicott|Whimsicott, L50, M|100/100
|switch|p1a: Glimmora|Glimmora, L50, M|100/100
|turn|4
|j| tedidn
|inactive|neon83 has 30 seconds left.
|
|t:|1785176676
|move|p1b: Whimsicott|Tailwind|p1b: Whimsicott
|-sidestart|p1: Lillyrosethedemon|move: Tailwind
|move|p1a: Glimmora|Power Gem|p2a: Torkoal
|-supereffective|p2a: Torkoal|1
|-damage|p2a: Torkoal|0 fnt
|faint|p2a: Torkoal
|move|p2b: Venusaur|Earth Power|p1a: Glimmora
|-supereffective|p1a: Glimmora|2
|-enditem|p1a: Glimmora|Focus Sash
|-damage|p1a: Glimmora|1/100
|-damage|p2b: Venusaur|80/100|[from] item: Life Orb
|
|-weather|SunnyDay|[upkeep]
|upkeep
|turn|5
|inactive|Lillyrosethedemon has 30 seconds left.
|
|t:|1785176711
|move|p1b: Whimsicott|Moonblast|p2b: Venusaur
|-resisted|p2b: Venusaur|1
|-damage|p2b: Venusaur|59/100
|move|p1a: Glimmora|Sludge Bomb|p2b: Venusaur
|-damage|p2b: Venusaur|2/100
|move|p2b: Venusaur|Earth Power|p1a: Glimmora
|-supereffective|p1a: Glimmora|2
|-damage|p1a: Glimmora|0 fnt
|faint|p1a: Glimmora
|-damage|p2b: Venusaur|0 fnt|[from] item: Life Orb
|faint|p2b: Venusaur
|
|win|Lillyrosethedemon
