|j|☆Chivunk
|j|☆bananatreeenjoyer
|html|Chivunkbananatreeenjoyer    
|uhtml|bestof|Game 1 of a best-of-3
|t:|1756784500
|gametype|doubles
|player|p1|Chivunk|2|1019
|player|p2|bananatreeenjoyer|silver|1044
|gen|9
|tier|[Gen 9] VGC 2025 Reg H (Bo3)
|rated|
|rule|Species Clause: Limit one of each Pokémon
|rule|Item Clause: Limit 1 of each item
|clearpoke
|poke|p1|Farigiraf, L50, M|
|poke|p1|Tyranitar, L50, F|
|poke|p1|Incineroar, L50, M|
|poke|p1|Rillaboom, L50, M|
|poke|p1|Annihilape, L50, F|
|poke|p1|Primarina, L50, M|
|poke|p2|Gyarados, L50, M|
|poke|p2|Indeedee, L50, M|
|poke|p2|Sneasler, L50, F|
|poke|p2|Tyranitar, L50, M|
|poke|p2|Ursaluna-Bloodmoon, L50, M|
|poke|p2|Volcarona, L50, F|
|teampreview|4
|showteam|p1|Farigiraf||SitrusBerry|ArmorTail|TrickRoom,Psychic,Protect,HelpingHand|||M|||50|,,,,,Fairy]Tyranitar||AssaultVest|SandStream|BodyPress,RockSlide,Bulldoze,KnockOff|||F|||50|,,,,,Grass]Incineroar||SafetyGoggles|Intimidate|FakeOut,FlareBlitz,FlameCharge,PartingShot|||M|||50|,,,,,Ghost]Rillaboom||CovertCloak|GrassySurge|FakeOut,Uturn,GrassyGlide,WoodHammer|||M|||50|,,,,,Dragon]Annihilape||Leftovers|Defiant|DrainPunch,RageFist,BulkUp,Protect|||F|||50|,,,,,Water]Primarina||ThroatSpray|LiquidVoice|HyperVoice,Moonblast,Haze,Protect|||M|||50|,,,,,Poison
|showteam|p2|Gyarados||SafetyGoggles|Intimidate|Taunt,ThunderWave,Waterfall,Protect|||M|||50|,,,,,Steel]Indeedee||ChoiceScarf|PsychicSurge|ExpandingForce,TeraBlast,Trick,Protect|||M|||50|,,,,,Psychic]Sneasler||PsychicSeed|Unburden|CloseCombat,DireClaw,ThroatChop,Protect|||F|||50|,,,,,Dark]Tyranitar||AssaultVest|SandStream|LowKick,TeraBlast,KnockOff,RockSlide|||M|||50|,,,,,Flying]Ursaluna-Bloodmoon||LifeOrb|MindsEye|HyperVoice,BloodMoon,EarthPower,Protect|||M|||50|,,,,,Normal]Volcarona||SitrusBerry|FlameBody|Overheat,StruggleBug,RagePowder,Tailwind|||F|||50|,,,,,Grass
|inactive|Battle timer is ON: inactive players will automatically lose when time's up. (requested by bananatreeenjoyer)
|
|t:|1756784559
|teamsize|p1|4
|teamsize|p2|4
|start
|switch|p1a: Farigiraf|Farigiraf, L50, M|100/100
|switch|p1b: Rillaboom|Rillaboom, L50, M|100/100
|switch|p2a: Herod|Sneasler, L50, F|100/100
|switch|p2b: Kalan|Volcarona, L50, F|100/100
|-fieldstart|move: Grassy Terrain|[from] ability: Grassy Surge|[of] p1b: Rillaboom
|turn|1
|inactive|Chivunk has 30 seconds left.
|inactive|bananatreeenjoyer has 30 seconds left.
|inactive|Chivunk has 20 seconds left.
|inactive|bananatreeenjoyer has 20 seconds left.
|inactive|Chivunk has 15 seconds left.
|inactive|bananatreeenjoyer has 15 seconds left.
|inactive|bananatreeenjoyer has 10 seconds left.
|
|t:|1756784607
|switch|p2b: Layton|Indeedee, L50, M|100/100
|-fieldstart|move: Psychic Terrain|[from] ability: Psychic Surge|[of] p2b: Layton
|-enditem|p2a: Herod|Psychic Seed
|-boost|p2a: Herod|spd|1|[from] item: Psychic Seed
|-terastallize|p2a: Herod|Dark
|-terastallize|p1b: Rillaboom|Dragon
|move|p1b: Rillaboom|Fake Out|p2a: Herod
|-activate|p2a: Herod|move: Psychic Terrain
|move|p2a: Herod|Throat Chop|p1a: Farigiraf
|-supereffective|p1a: Farigiraf
|-damage|p1a: Farigiraf|0 fnt
|faint|p1a: Farigiraf
|
|upkeep
|
|t:|1756784625
|switch|p1a: Incineroar|Incineroar, L50, M|100/100
|-ability|p1a: Incineroar|Intimidate|boost
|-unboost|p2a: Herod|atk|1
|-unboost|p2b: Layton|atk|1
|turn|2
|inactive|Chivunk has 30 seconds left.
|inactive|Chivunk has 20 seconds left.
|inactive|Chivunk has 15 seconds left.
|inactive|Chivunk has 10 seconds left.
|
|t:|1756784673
|switch|p1b: Annihilape|Annihilape, L50, F|100/100
|move|p2a: Herod|Close Combat|p1a: Incineroar
|-supereffective|p1a: Incineroar
|-damage|p1a: Incineroar|8/100
|-unboost|p2a: Herod|def|1
|-unboost|p2a: Herod|spd|1
|move|p2b: Layton|Tera Blast|p1a: Incineroar
|-damage|p1a: Incineroar|0 fnt
|faint|p1a: Incineroar
|
|upkeep
|
|t:|1756784684
|switch|p1a: Rillaboom|Rillaboom, L50, M, tera:Dragon|100/100
|-fieldstart|move: Grassy Terrain|[from] ability: Grassy Surge|[of] p1a: Rillaboom
|turn|3
|
|t:|1756784707
|switch|p2a: Kalan|Volcarona, L50, F|100/100
|switch|p2b: Haltane|Tyranitar, L50, M|100/100
|-weather|Sandstorm|[from] ability: Sand Stream|[of] p2b: Haltane
|move|p1a: Rillaboom|Fake Out|p2a: Kalan
|-damage|p2a: Kalan|83/100
|move|p1b: Annihilape|Bulk Up|p1b: Annihilape
|-boost|p1b: Annihilape|atk|1
|-boost|p1b: Annihilape|def|1
|
|-weather|Sandstorm|[upkeep]
|-damage|p2a: Kalan|77/100|[from] Sandstorm
|-damage|p1b: Annihilape|94/100|[from] Sandstorm
|-damage|p1a: Rillaboom|94/100|[from] Sandstorm
|-heal|p2a: Kalan|83/100|[from] Grassy Terrain
|-heal|p1b: Annihilape|100/100|[from] Grassy Terrain
|-heal|p1a: Rillaboom|100/100|[from] Grassy Terrain
|upkeep
|turn|4
|inactive|Chivunk has 30 seconds left.
|inactive|bananatreeenjoyer has 30 seconds left.
|inactive|bananatreeenjoyer has 20 seconds left.
|
|t:|1756784745
|move|p2a: Kalan|Rage Powder|p2a: Kalan
|-singleturn|p2a: Kalan|move: Rage Powder
|move|p1a: Rillaboom|Grassy Glide|p2a: Kalan
|-resisted|p2a: Kalan
|-damage|p2a: Kalan|71/100
|move|p1b: Annihilape|Drain Punch|p2a: Kalan
|-resisted|p2a: Kalan
|-damage|p2a: Kalan|46/100
|-enditem|p2a: Kalan|Sitrus Berry|[eat]
|-heal|p2a: Kalan|71/100|[from] item: Sitrus Berry
|move|p2b: Haltane|Knock Off|p1b: Annihilape
|-damage|p1b: Annihilape|63/100
|-enditem|p1b: Annihilape|Leftovers|[from] move: Knock Off|[of] p2b: Haltane
|
|-weather|Sandstorm|[upkeep]
|-damage|p2a: Kalan|65/100|[from] Sandstorm
|-damage|p1b: Annihilape|57/100|[from] Sandstorm
|-damage|p1a: Rillaboom|94/100|[from] Sandstorm
|-heal|p2a: Kalan|71/100|[from] Grassy Terrain
|-heal|p1b: Annihilape|63/100|[from] Grassy Terrain
|-heal|p1a: Rillaboom|100/100|[from] Grassy Terrain
|upkeep
|turn|5
|inactive|Chivunk has 30 seconds left.
|
|t:|1756784780
|move|p2a: Kalan|Rage Powder|p2a: Kalan
|-singleturn|p2a: Kalan|move: Rage Powder
|move|p1a: Rillaboom|Grassy Glide|p2a: Kalan
|-resisted|p2a: Kalan
|-damage|p2a: Kalan|59/100
|move|p1b: Annihilape|Bulk Up|p1b: Annihilape
|-boost|p1b: Annihilape|atk|1
|-boost|p1b: Annihilape|def|1
|move|p2b: Haltane|Knock Off|p1a: Rillaboom
|-damage|p1a: Rillaboom|43/100
|-enditem|p1a: Rillaboom|Covert Cloak|[from] move: Knock Off|[of] p2b: Haltane
|
|-weather|Sandstorm|[upkeep]
|-damage|p2a: Kalan|53/100|[from] Sandstorm
|-damage|p1b: Annihilape|57/100|[from] Sandstorm
|-damage|p1a: Rillaboom|37/100|[from] Sandstorm
|-heal|p2a: Kalan|59/100|[from] Grassy Terrain
|-heal|p1b: Annihilape|63/100|[from] Grassy Terrain
|-heal|p1a: Rillaboom|43/100|[from] Grassy Terrain
|upkeep
|turn|6
|inactive|Chivunk has 30 seconds left.
|inactive|bananatreeenjoyer has 30 seconds left.
|
|t:|1756784806
|move|p2a: Kalan|Tailwind|p2a: Kalan
|-sidestart|p2: bananatreeenjoyer|move: Tailwind
|move|p2b: Haltane|Knock Off|p1a: Rillaboom
|-damage|p1a: Rillaboom|7/100
|move|p1b: Annihilape|Drain Punch|p2b: Haltane
|-supereffective|p2b: Haltane
|-damage|p2b: Haltane|0 fnt
|-heal|p1b: Annihilape|100/100|[from] drain|[of] p2b: Haltane
|faint|p2b: Haltane
|move|p1a: Rillaboom|Wood Hammer|p2a: Kalan
|-resisted|p2a: Kalan
|-damage|p2a: Kalan|34/100
|-status|p1a: Rillaboom|brn|[from] ability: Flame Body|[of] p2a: Kalan
|-damage|p1a: Rillaboom|0 fnt|[from] Recoil
|faint|p1a: Rillaboom
|
|-weather|Sandstorm|[upkeep]
|-damage|p2a: Kalan|28/100|[from] Sandstorm
|-damage|p1b: Annihilape|94/100|[from] Sandstorm
|-heal|p2a: Kalan|34/100|[from] Grassy Terrain
|-heal|p1b: Annihilape|100/100|[from] Grassy Terrain
|upkeep
|
|t:|1756784826
|switch|p2b: Layton|Indeedee, L50, M|100/100
|-fieldstart|move: Psychic Terrain|[from] ability: Psychic Surge|[of] p2b: Layton
|turn|7
|
|t:|1756784860
|move|p2a: Kalan|Rage Powder|p2a: Kalan
|-singleturn|p2a: Kalan|move: Rage Powder
|move|p2b: Layton|Expanding Force|p1b: Annihilape
|-supereffective|p1b: Annihilape
|-damage|p1b: Annihilape|0 fnt
|faint|p1b: Annihilape
|
|win|bananatreeenjoyer
||bananatreeenjoyer is ready for game 2.
|inactive|Chivunk has 30 seconds to confirm battle start!
||Chivunk is ready for game 2.
|uhtml|next|Next: Game 2 of 3
