|j|☆glofer
|j|☆mayor of clowntown
|html|glofermayor of clowntown    
|uhtml|bestof|Game 2 of a best-of-3
|t:|1785378917
|gametype|doubles
|player|p1|glofer|blackbelt|1027
|player|p2|mayor of clowntown|clown|1049
|gen|9
|tier|[Gen 9 Champions] VGC 2026 Reg M-B (Bo3)
|rated|
|rule|Species Clause: Limit one of each Pokémon
|rule|Item Clause: Limit 1 of each item
|clearpoke
|poke|p1|Bellibolt, L50, F|
|poke|p1|Raichu, L50, M|
|poke|p1|Manectric, L50, F|
|poke|p1|Eelektross, L50, M|
|poke|p1|Emolga, L50, M|
|poke|p1|Heliolisk, L50, M|
|poke|p2|Garchomp, L50, M, shiny|
|poke|p2|Charizard, L50, F, shiny|
|poke|p2|Whimsicott, L50, M|
|poke|p2|Floette-Eternal, L50, F|
|poke|p2|Basculegion, L50, M|
|poke|p2|Kingambit, L50, M, shiny|
|teampreview|4
|showteam|p1|Bellibolt||Leftovers|Electromorphosis|ParabolicCharge,AcidSpray,Soak,Protect|Modest||F|||50|]Raichu||RaichuniteY|LightningRod|ZapCannon,FocusBlast,FakeOut,Protect|Timid||M|||50|]Manectric||Manectite|LightningRod|VoltSwitch,Flamethrower,Snarl,Protect|Timid||F|||50|]Eelektross||LifeOrb|Levitate|SupercellSlam,DrainPunch,Bulldoze,Coil|Brave||M|||50|]Emolga||FocusSash|MotorDrive|Electroweb,AirSlash,Taunt,Protect|Timid||M|||50|]Heliolisk||ChoiceScarf|DrySkin|Thunderbolt,HyperVoice,DragonPulse,DarkPulse|Timid||M|||50|
|showteam|p2|Garchomp||LifeOrb|RoughSkin|Earthquake,RockSlide,DragonClaw,Protect|Jolly||M|||50|]Charizard||CharizarditeY|Blaze|HeatWave,WeatherBall,SolarBeam,Protect|Modest||F|||50|]Whimsicott||FocusSash|Prankster|Moonblast,Tailwind,Encore,Protect|Timid||M|||50|]Floette-Eternal||Floettite|FlowerVeil|Moonblast,DazzlingGleam,LightofRuin,Protect|Modest||F|||50|]Basculegion||MysticWater|Adaptability|WaveCrash,LastRespects,AquaJet,Protect|Adamant||M|||50|]Kingambit||ChopleBerry|Defiant|KowtowCleave,SuckerPunch,IronHead,LowKick|Adamant||M|||50|
|
|t:|1785378930
|teamsize|p1|4
|teamsize|p2|4
|start
|switch|p1a: Eelektross|Eelektross, L50, M|100/100
|switch|p1b: Raichu|Raichu, L50, M|100/100
|switch|p2a: Whimsicott|Whimsicott, L50, M|100/100
|switch|p2b: Floette|Floette-Eternal, L50, F|100/100
|turn|1
|
|t:|1785378950
|detailschange|p1b: Raichu|Raichu-Mega-Y, L50, M
|-mega|p1b: Raichu|Raichu|Raichunite Y
|detailschange|p2b: Floette|Floette-Mega, L50, F
|-mega|p2b: Floette|Floette|Floettite
|-ability|p2b: Floette|Fairy Aura
|move|p2a: Whimsicott|Protect|p2a: Whimsicott
|-singleturn|p2a: Whimsicott|Protect
|move|p2b: Floette|Protect|p2b: Floette
|-singleturn|p2b: Floette|Protect
|move|p1b: Raichu|Fake Out|p2b: Floette
|-activate|p2b: Floette|move: Protect
|move|p1a: Eelektross|Coil|p1a: Eelektross
|-boost|p1a: Eelektross|atk|1
|-boost|p1a: Eelektross|def|1
|-boost|p1a: Eelektross|accuracy|1
|
|upkeep
|turn|2
|
|t:|1785378990
|move|p2a: Whimsicott|Encore|p1b: Raichu
|-start|p1b: Raichu|Encore
|move|p1b: Raichu|Fake Out||[still]
|-hint|Fake Out only works on your first turn out.
|-fail|p1b: Raichu
|move|p2b: Floette|Moonblast|p1a: Eelektross
|-damage|p1a: Eelektross|9/100
|move|p1a: Eelektross|Supercell Slam|p2b: Floette
|-damage|p2b: Floette|0 fnt
|faint|p2b: Floette
|-damage|p1a: Eelektross|0 fnt|[from] item: Life Orb
|faint|p1a: Eelektross
|
|upkeep
|
|t:|1785379006
|switch|p2b: Garchomp|Garchomp, L50, M, shiny|100/100
|switch|p1a: Bellibolt|Bellibolt, L50, F|100/100
|turn|3
|
|t:|1785379013
|switch|p1b: Heliolisk|Heliolisk, L50, M|100/100
|move|p2a: Whimsicott|Protect|p2a: Whimsicott
|-singleturn|p2a: Whimsicott|Protect
|move|p1a: Bellibolt|Protect|p1a: Bellibolt
|-singleturn|p1a: Bellibolt|Protect
|move|p2b: Garchomp|Earthquake|p1a: Bellibolt|[spread] p1b
|-activate|p2a: Whimsicott|move: Protect
|-activate|p1a: Bellibolt|move: Protect
|-supereffective|p1b: Heliolisk|1
|-damage|p1b: Heliolisk|0 fnt
|faint|p1b: Heliolisk
|-damage|p2b: Garchomp|90/100|[from] item: Life Orb
|
|upkeep
|
|t:|1785379018
|switch|p1b: Raichu|Raichu-Mega-Y, L50, M|100/100
|turn|4
|
|t:|1785379042
|move|p1b: Raichu|Fake Out|p2b: Garchomp
|-damage|p2b: Garchomp|81/100
|-damage|p1b: Raichu|87/100|[from] ability: Rough Skin|[of] p2b: Garchomp
|move|p2a: Whimsicott|Encore|p1a: Bellibolt
|-start|p1a: Bellibolt|Encore
|move|p1a: Bellibolt|Protect||[still]
|-fail|p1a: Bellibolt
|cant|p2b: Garchomp|flinch
|
|upkeep
|turn|5
|
|t:|1785379056
|move|p1a: Bellibolt|Protect|p1a: Bellibolt
|-singleturn|p1a: Bellibolt|Protect
|move|p2a: Whimsicott|Encore|p1b: Raichu
|-start|p1b: Raichu|Encore
|move|p1b: Raichu|Fake Out||[still]
|-hint|Fake Out only works on your first turn out.
|-fail|p1b: Raichu
|move|p2b: Garchomp|Dragon Claw|p1a: Bellibolt
|-activate|p1a: Bellibolt|move: Protect
|
|upkeep
|turn|6
|-message|glofer forfeited.
|raw|glofer's rating: 1027 → 1014(-13 for losing)
|raw|mayor of clowntown's rating: 1049 → 1080(+31 for winning)
|
|win|mayor of clowntown
