|j|☆Volanr
|j|☆A Regu1ar Guy
|html|VolanrA Regu1ar Guy    
|uhtml|bestof|Game 2 of a best-of-3
|t:|1756240779
|gametype|doubles
|player|p1|Volanr|veteranf|1328
|player|p2|A Regu1ar Guy|elesa|1400
|gen|9
|tier|[Gen 9] VGC 2025 Reg H (Bo3)
|rated|
|rule|Species Clause: Limit one of each Pokémon
|rule|Item Clause: Limit 1 of each item
|clearpoke
|poke|p1|Archaludon, L50, F|
|poke|p1|Sinistcha-Masterpiece, L50|
|poke|p1|Dragonite, L50, M|
|poke|p1|Pelipper, L50, F|
|poke|p1|Ursaluna, L50, M|
|poke|p1|Gholdengo, L50|
|poke|p2|Volcarona, L50, M|
|poke|p2|Rillaboom, L50, M|
|poke|p2|Electabuzz, L50, M|
|poke|p2|Tauros-Paldea-Aqua, L50, M|
|poke|p2|Arcanine-Hisui, L50, M|
|poke|p2|Gholdengo, L50|
|teampreview|4
|showteam|p1|Archaludon||AssaultVest|Stamina|BodyPress,Snarl,ElectroShot,FlashCannon|||F|||50|,,,,,Grass]Sinistcha-Masterpiece||SitrusBerry|Hospitality|MatchaGotcha,RagePowder,TrickRoom,LifeDew||||||50|,,,,,Dark]Dragonite||LoadedDice|Multiscale|ScaleShot,Protect,Tailwind,Haze|||M|||50|,,,,,Steel]Pelipper||FocusSash|Drizzle|WeatherBall,Hurricane,Tailwind,Protect|||F|||50|,,,,,Ground]Ursaluna||FlameOrb|Guts|Facade,HeadlongRush,Earthquake,Protect|||M|||50|,,,,,Ghost]Gholdengo||ChoiceScarf|GoodasGold|MakeItRain,TeraBlast,ShadowBall,Trick||||||50|,,,,,Water
|showteam|p2|Volcarona||GrassySeed|FlameBody|HeatWave,GigaDrain,QuiverDance,Protect|||M|||50|,,,,,Grass]Rillaboom||AssaultVest|GrassySurge|FakeOut,WoodHammer,GrassyGlide,HighHorsepower|||M|||50|,,,,,Fire]Electabuzz||Eviolite|VitalSpirit|Electroweb,FollowMe,Taunt,Protect|||M|||50|,,,,,Ghost]Tauros-Paldea-Aqua||MirrorHerb|Intimidate|WaveCrash,AquaJet,CloseCombat,Protect|||M|||50|,,,,,Water]Arcanine-Hisui||ClearAmulet|Intimidate|FlareBlitz,RockSlide,ExtremeSpeed,Protect|||M|||50|,,,,,Water]Gholdengo||ChoiceSpecs|GoodasGold|MakeItRain,ShadowBall,PowerGem,Trick||||||50|,,,,,Steel
|
|t:|1756240823
|teamsize|p1|4
|teamsize|p2|4
|start
|switch|p1a: Dragonite|Dragonite, L50, M|100/100
|switch|p1b: Sinistcha|Sinistcha-Masterpiece, L50|100/100
|switch|p2a: Gholdengo|Gholdengo, L50|100/100
|switch|p2b: Tauros|Tauros-Paldea-Aqua, L50, M|100/100
|-ability|p2b: Tauros|Intimidate|boost
|-unboost|p1a: Dragonite|atk|1
|-unboost|p1b: Sinistcha|atk|1
|turn|1
|
|t:|1756240833
|switch|p1b: Archaludon|Archaludon, L50, F|100/100
|-terastallize|p2a: Gholdengo|Steel
|move|p2b: Tauros|Wave Crash|p1b: Archaludon
|-resisted|p1b: Archaludon
|-damage|p1b: Archaludon|85/100
|-ability|p1b: Archaludon|Stamina|boost
|-boost|p1b: Archaludon|def|1
|-damage|p2b: Tauros|94/100|[from] Recoil
|-enditem|p2b: Tauros|Mirror Herb
|-boost|p2b: Tauros|def|1|[from] item: Mirror Herb
|move|p2a: Gholdengo|Make It Rain|p1b: Archaludon|[spread] p1a,p1b
|-resisted|p1b: Archaludon
|-damage|p1a: Dragonite|58/100
|-damage|p1b: Archaludon|57/100
|-unboost|p2a: Gholdengo|spa|1
|-ability|p1b: Archaludon|Stamina|boost
|-boost|p1b: Archaludon|def|1
|move|p1a: Dragonite|Tailwind|p1a: Dragonite
|-sidestart|p1: Volanr|move: Tailwind
|
|upkeep
|turn|2
|
|t:|1756240862
|move|p1a: Dragonite|Scale Shot|p2a: Gholdengo
|-resisted|p2a: Gholdengo
|-damage|p2a: Gholdengo|96/100
|-resisted|p2a: Gholdengo
|-damage|p2a: Gholdengo|91/100
|-resisted|p2a: Gholdengo
|-damage|p2a: Gholdengo|86/100
|-resisted|p2a: Gholdengo
|-damage|p2a: Gholdengo|81/100
|-hitcount|p2a: Gholdengo|4
|-unboost|p1a: Dragonite|def|1
|-boost|p1a: Dragonite|spe|1
|move|p1b: Archaludon|Body Press|p2a: Gholdengo
|-supereffective|p2a: Gholdengo
|-damage|p2a: Gholdengo|0 fnt
|faint|p2a: Gholdengo
|move|p2b: Tauros|Close Combat|p1b: Archaludon
|-supereffective|p1b: Archaludon
|-damage|p1b: Archaludon|26/100
|-unboost|p2b: Tauros|def|1
|-unboost|p2b: Tauros|spd|1
|-ability|p1b: Archaludon|Stamina|boost
|-boost|p1b: Archaludon|def|1
|
|upkeep
|
|t:|1756240877
|switch|p2a: Volcarona|Volcarona, L50, M, shiny|100/100
|turn|3
|
|t:|1756240896
|-terastallize|p1b: Archaludon|Grass
|move|p1a: Dragonite|Scale Shot|p2a: Volcarona
|-damage|p2a: Volcarona|88/100
|-damage|p2a: Volcarona|77/100
|-damage|p2a: Volcarona|66/100
|-damage|p2a: Volcarona|54/100
|-hitcount|p2a: Volcarona|4
|-unboost|p1a: Dragonite|def|1
|-boost|p1a: Dragonite|spe|1
|move|p1b: Archaludon|Body Press|p2a: Volcarona
|-resisted|p2a: Volcarona
|-damage|p2a: Volcarona|16/100
|move|p2b: Tauros|Close Combat|p1b: Archaludon
|-damage|p1b: Archaludon|13/100
|-unboost|p2b: Tauros|def|1
|-unboost|p2b: Tauros|spd|1
|-ability|p1b: Archaludon|Stamina|boost
|-boost|p1b: Archaludon|def|1
|move|p2a: Volcarona|Quiver Dance|p2a: Volcarona
|-boost|p2a: Volcarona|spa|1
|-boost|p2a: Volcarona|spd|1
|-boost|p2a: Volcarona|spe|1
|
|upkeep
|turn|4
|
|t:|1756240937
|switch|p2b: Rillaboom|Rillaboom, L50, M|100/100
|-fieldstart|move: Grassy Terrain|[from] ability: Grassy Surge|[of] p2b: Rillaboom
|-enditem|p2a: Volcarona|Grassy Seed
|-boost|p2a: Volcarona|def|1|[from] item: Grassy Seed
|move|p1a: Dragonite|Protect|p1a: Dragonite
|-singleturn|p1a: Dragonite|Protect
|move|p2a: Volcarona|Protect|p2a: Volcarona
|-singleturn|p2a: Volcarona|Protect
|move|p1b: Archaludon|Body Press|p2a: Volcarona
|-activate|p2a: Volcarona|move: Protect
|
|-heal|p1b: Archaludon|19/100|[from] Grassy Terrain
|-heal|p2a: Volcarona|22/100|[from] Grassy Terrain
|-sideend|p1: Volanr|move: Tailwind
|upkeep
|turn|5
|
|t:|1756240963
|switch|p1b: Sinistcha|Sinistcha-Masterpiece, L50|100/100
|-heal|p1a: Dragonite|83/100|[from] ability: Hospitality|[of] p1b: Sinistcha
|move|p2b: Rillaboom|Fake Out|p1a: Dragonite
|-damage|p1a: Dragonite|53/100
|cant|p1a: Dragonite|flinch
|move|p2a: Volcarona|Giga Drain|p1b: Sinistcha
|-resisted|p1b: Sinistcha
|-damage|p1b: Sinistcha|77/100
|-heal|p2a: Volcarona|33/100|[from] drain|[of] p1b: Sinistcha
|
|-heal|p2a: Volcarona|39/100|[from] Grassy Terrain
|-heal|p1b: Sinistcha|83/100|[from] Grassy Terrain
|upkeep
|turn|6
|
|t:|1756240990
|switch|p2b: Tauros|Tauros-Paldea-Aqua, L50, M|94/100
|-ability|p2b: Tauros|Intimidate|boost
|-unboost|p1a: Dragonite|atk|1
|-unboost|p1b: Sinistcha|atk|1
|move|p1a: Dragonite|Scale Shot|p2a: Volcarona
|-damage|p2a: Volcarona|34/100
|-damage|p2a: Volcarona|28/100
|-damage|p2a: Volcarona|21/100
|-damage|p2a: Volcarona|16/100
|-hitcount|p2a: Volcarona|4
|-unboost|p1a: Dragonite|def|1
|-boost|p1a: Dragonite|spe|1
|move|p2a: Volcarona|Heat Wave|p1a: Dragonite|[spread] p1a,p1b
|-resisted|p1a: Dragonite
|-supereffective|p1b: Sinistcha
|-damage|p1a: Dragonite|24/100
|-damage|p1b: Sinistcha|0 fnt
|faint|p1b: Sinistcha
|
|-heal|p2a: Volcarona|22/100|[from] Grassy Terrain
|-heal|p2b: Tauros|99/100|[from] Grassy Terrain
|upkeep
|
|t:|1756241004
|switch|p1b: Pelipper|Pelipper, L50, F|100/100
|-weather|RainDance|[from] ability: Drizzle|[of] p1b: Pelipper
|turn|7
|
|t:|1756241016
|move|p2b: Tauros|Aqua Jet|p1a: Dragonite
|-resisted|p1a: Dragonite
|-damage|p1a: Dragonite|0 fnt
|faint|p1a: Dragonite
|move|p2a: Volcarona|Giga Drain|p1b: Pelipper
|-damage|p1b: Pelipper|9/100
|-heal|p2a: Volcarona|55/100|[from] drain|[of] p1b: Pelipper
|move|p1b: Pelipper|Hurricane|p2a: Volcarona
|-supereffective|p2a: Volcarona
|-damage|p2a: Volcarona|0 fnt
|faint|p2a: Volcarona
|
|-weather|RainDance|[upkeep]
|-heal|p2b: Tauros|100/100|[from] Grassy Terrain
|upkeep
|
|t:|1756241019
|switch|p2a: Rillaboom|Rillaboom, L50, M|100/100
|switch|p1a: Archaludon|Archaludon, L50, F, tera:Grass|19/100
|turn|8
|
|t:|1756241053
|move|p1b: Pelipper|Protect|p1b: Pelipper
|-singleturn|p1b: Pelipper|Protect
|move|p2a: Rillaboom|Grassy Glide|p1b: Pelipper
|-activate|p1b: Pelipper|move: Protect
|move|p2b: Tauros|Close Combat|p1a: Archaludon
|-damage|p1a: Archaludon|0 fnt
|-unboost|p2b: Tauros|def|1
|-unboost|p2b: Tauros|spd|1
|faint|p1a: Archaludon
|
|-weather|RainDance|[upkeep]
|-fieldend|move: Grassy Terrain
|upkeep
|turn|9
|-message|Volanr forfeited.
|
|win|A Regu1ar Guy
|raw|Volanr's rating: 1328 → 1312(-16 for losing)
|raw|A Regu1ar Guy's rating: 1400 → 1416(+16 for winning)
|l|☆A Regu1ar Guy
|player|p2|
|l|☆Volanr
|player|p1|
|j|☆Volanr
|player|p1|Volanr|veteranf|
