|j|☆Prepucio Santos
|j|‽Ebznax02
|html|Prepucio SantosEbznax02    
|uhtml|bestof|Game 2 of a best-of-3
|t:|1783879670
|gametype|doubles
|player|p1|Prepucio Santos|striker|1358
|player|p2|Ebznax02|1|1238
|gen|9
|tier|[Gen 9 Champions] VGC 2026 Reg M-B (Bo3)
|rated|
|rule|Species Clause: Limit one of each Pokémon
|rule|Item Clause: Limit 1 of each item
|clearpoke
|poke|p1|Incineroar, L50, F|
|poke|p1|Sinistcha-Masterpiece, L50, shiny|
|poke|p1|Floette-Eternal, L50, F|
|poke|p1|Sneasler, L50, M|
|poke|p1|Kingambit, L50, F|
|poke|p1|Blastoise, L50, F|
|poke|p2|Froslass, L50, F|
|poke|p2|Kingambit, L50, M|
|poke|p2|Sneasler, L50, M|
|poke|p2|Blaziken, L50, F|
|poke|p2|Whimsicott, L50, F|
|poke|p2|Basculegion, L50, M|
|teampreview|4
|showteam|p1|Incineroar||SitrusBerry|Intimidate|FakeOut,PartingShot,ThroatChop,FlareBlitz|Careful||F|||50|]Sinistcha-Masterpiece||KasibBerry|Hospitality|MatchaGotcha,LifeDew,RagePowder,TrickRoom|Bold|||||50|]Floette-Eternal||Floettite|FlowerVeil|Moonblast,DazzlingGleam,CalmMind,Protect|Modest||F|||50|]Sneasler||FocusSash|PoisonTouch|FakeOut,CloseCombat,DireClaw,QuickGuard|Jolly||M|||50|]Kingambit||BlackGlasses|Defiant|KowtowCleave,SuckerPunch,SwordsDance,Protect|Adamant||F|||50|]Blastoise||Blastoisinite|Torrent|WaterSpout,DarkPulse,ShellSmash,Protect|Modest||F|||50|
|showteam|p2|Froslass||Froslassite|CursedBody|Protect,Blizzard,ShadowBall,AuroraVeil|Timid||F|||50|]Kingambit||OccaBerry|Defiant|LowKick,IronHead,KowtowCleave,SuckerPunch|Adamant||M|||50|]Sneasler||WhiteHerb|Unburden|Coaching,FakeOut,DireClaw,CloseCombat|Jolly||M|||50|]Blaziken||Blazikenite|SpeedBoost|Protect,RockSlide,FlareBlitz,CloseCombat|Adamant||F|||50|]Whimsicott||FocusSash|Prankster|Moonblast,Tailwind,Encore,Protect|Timid||F|||50|]Basculegion||SitrusBerry|Adaptability|WaveCrash,LastRespects,AquaJet,Protect|Adamant||M|||50|
|inactive|Battle timer is ON: inactive players will automatically lose when time's up. (requested by Ebznax02)
|
|t:|1783879699
|teamsize|p1|4
|teamsize|p2|4
|start
|switch|p1a: Sneasler|Sneasler, L50, M|100/100
|switch|p1b: Blastoise|Blastoise, L50, F|100/100
|switch|p2a: Whimsicott|Whimsicott, L50, F|100/100
|switch|p2b: Blaziken|Blaziken, L50, F|100/100
|turn|1
|inactive|Ebznax02 has 30 seconds left.
|inactive|Ebznax02 has 20 seconds left.
|inactive|Ebznax02 has 15 seconds left.
|inactive|Ebznax02 has 10 seconds left.
|
|t:|1783879747
|switch|p1a: Incineroar|Incineroar, L50, F|100/100
|-ability|p1a: Incineroar|Intimidate|boost
|-unboost|p2a: Whimsicott|atk|1
|-unboost|p2b: Blaziken|atk|1
|detailschange|p2b: Blaziken|Blaziken-Mega, L50, F
|-mega|p2b: Blaziken|Blaziken|Blazikenite
|detailschange|p1b: Blastoise|Blastoise-Mega, L50, F
|-mega|p1b: Blastoise|Blastoise|Blastoisinite
|move|p2a: Whimsicott|Encore|p1a: Incineroar
|-hint|Since gen 7, Dark is immune to Prankster moves.
|-immune|p1a: Incineroar
|move|p2b: Blaziken|Close Combat|p1b: Blastoise
|-crit|p1b: Blastoise
|-damage|p1b: Blastoise|0 fnt
|-unboost|p2b: Blaziken|def|1
|-unboost|p2b: Blaziken|spd|1
|faint|p1b: Blastoise
|
|-ability|p2b: Blaziken|Speed Boost|boost
|-boost|p2b: Blaziken|spe|1
|upkeep
|
|t:|1783879765
|switch|p1b: Sneasler|Sneasler, L50, M|100/100
|turn|2
|
|t:|1783879778
|switch|p2b: Basculegion|Basculegion, L50, M|100/100
|switch|p1a: Sinistcha|Sinistcha-Masterpiece, L50, shiny|100/100
|move|p2a: Whimsicott|Protect|p2a: Whimsicott
|-singleturn|p2a: Whimsicott|Protect
|move|p1b: Sneasler|Fake Out|p2b: Basculegion
|-immune|p2b: Basculegion
|
|upkeep
|turn|3
|
|t:|1783879796
|switch|p1b: Incineroar|Incineroar, L50, F|100/100
|-ability|p1b: Incineroar|Intimidate|boost
|-unboost|p2a: Whimsicott|atk|1
|-unboost|p2b: Basculegion|atk|1
|switch|p2b: Kingambit|Kingambit, L50, M|100/100
|move|p2a: Whimsicott|Tailwind|p2a: Whimsicott
|-sidestart|p2: Ebznax02|move: Tailwind
|move|p1a: Sinistcha|Matcha Gotcha|p2b: Kingambit|[spread] p2a,p2b
|-resisted|p2a: Whimsicott|1
|-resisted|p2b: Kingambit|1
|-damage|p2a: Whimsicott|82/100
|-damage|p2b: Kingambit|86/100
|-status|p2a: Whimsicott|brn
|
|-damage|p2a: Whimsicott|76/100 brn|[from] brn
|upkeep
|turn|4
|inactive|Ebznax02 has 30 seconds left.
|
|t:|1783879824
|switch|p1a: Sneasler|Sneasler, L50, M|100/100
|move|p1b: Incineroar|Fake Out|p2b: Kingambit
|-resisted|p2b: Kingambit|1
|-damage|p2b: Kingambit|83/100
|move|p2a: Whimsicott|Encore||[still]
|-fail|p2a: Whimsicott
|cant|p2b: Kingambit|flinch
|
|-damage|p2a: Whimsicott|70/100 brn|[from] brn
|upkeep
|turn|5
|inactive|Ebznax02 has 30 seconds left.
|
|t:|1783879851
|switch|p2b: Basculegion|Basculegion, L50, M|100/100
|move|p2a: Whimsicott|Moonblast|p1b: Incineroar
|-damage|p1b: Incineroar|77/100
|move|p1a: Sneasler|Close Combat|p2b: Basculegion
|-immune|p2b: Basculegion
|move|p1b: Incineroar|Throat Chop|p2b: Basculegion
|-supereffective|p2b: Basculegion|1
|-damage|p2b: Basculegion|33/100
|-start|p2b: Basculegion|Throat Chop|[silent]
|-enditem|p2b: Basculegion|Sitrus Berry|[eat]
|-heal|p2b: Basculegion|57/100|[from] item: Sitrus Berry
|
|-damage|p2a: Whimsicott|64/100 brn|[from] brn
|upkeep
|turn|6
|inactive|Prepucio Santos has 30 seconds left.
|
|t:|1783879881
|switch|p1a: Sinistcha|Sinistcha-Masterpiece, L50, shiny|100/100
|-heal|p1b: Incineroar|100/100|[from] ability: Hospitality|[of] p1a: Sinistcha
|move|p2a: Whimsicott|Moonblast|p1a: Sinistcha
|-damage|p1a: Sinistcha|69/100
|move|p2b: Basculegion|Wave Crash|p1b: Incineroar
|-supereffective|p1b: Incineroar|1
|-damage|p1b: Incineroar|0 fnt
|faint|p1b: Incineroar
|-damage|p2b: Basculegion|25/100|[from] Recoil
|
|-damage|p2a: Whimsicott|58/100 brn|[from] brn
|-end|p2b: Basculegion|Throat Chop|[silent]
|-sideend|p2: Ebznax02|move: Tailwind
|upkeep
|
|t:|1783879890
|switch|p1b: Sneasler|Sneasler, L50, M|100/100
|turn|7
|
|t:|1783879896
|move|p2a: Whimsicott|Protect|p2a: Whimsicott
|-singleturn|p2a: Whimsicott|Protect
|move|p2b: Basculegion|Protect|p2b: Basculegion
|-singleturn|p2b: Basculegion|Protect
|move|p1b: Sneasler|Dire Claw|p2a: Whimsicott
|-activate|p2a: Whimsicott|move: Protect
|move|p1a: Sinistcha|Matcha Gotcha|p2a: Whimsicott|[spread] 
|-activate|p2a: Whimsicott|move: Protect
|-activate|p2b: Basculegion|move: Protect
|
|-damage|p2a: Whimsicott|52/100 brn|[from] brn
|upkeep
|turn|8
|
|t:|1783879907
|move|p2a: Whimsicott|Tailwind|p2a: Whimsicott
|-sidestart|p2: Ebznax02|move: Tailwind
|move|p2b: Basculegion|Wave Crash|p1b: Sneasler
|-enditem|p1b: Sneasler|Focus Sash
|-damage|p1b: Sneasler|1/100
|-damage|p2b: Basculegion|1/100|[from] Recoil
|move|p1b: Sneasler|Dire Claw|p2a: Whimsicott
|-supereffective|p2a: Whimsicott|2
|-crit|p2a: Whimsicott
|-damage|p2a: Whimsicott|0 fnt
|faint|p2a: Whimsicott
|move|p1a: Sinistcha|Matcha Gotcha|p2b: Basculegion
|-supereffective|p2b: Basculegion|1
|-damage|p2b: Basculegion|0 fnt
|-heal|p1a: Sinistcha|69/100|[from] drain|[of] p2b: Basculegion
|faint|p2b: Basculegion
|
|upkeep
|
|t:|1783879912
|switch|p2a: Kingambit|Kingambit, L50, M|83/100
|switch|p2b: Blaziken|Blaziken-Mega, L50, F|100/100
|turn|9
|
|t:|1783879927
|move|p2a: Kingambit|Sucker Punch|p1b: Sneasler
|-resisted|p1b: Sneasler|1
|-damage|p1b: Sneasler|0 fnt
|faint|p1b: Sneasler
|move|p2b: Blaziken|Flare Blitz|p1a: Sinistcha
|-supereffective|p1a: Sinistcha|1
|-damage|p1a: Sinistcha|0 fnt
|faint|p1a: Sinistcha
|-damage|p2b: Blaziken|73/100|[from] Recoil
|
|win|Ebznax02
