|j|☆ozambik
|j|☆Timcheese43
|html|ozambikTimcheese43    
|uhtml|bestof|Game 1 of a best-of-3
|t:|1784455200
|gametype|doubles
|player|p1|ozambik|gentleman-gen4|1012
|player|p2|Timcheese43|1|1120
|gen|9
|tier|[Gen 9 Champions] VGC 2026 Reg M-B (Bo3)
|rated|
|rule|Species Clause: Limit one of each Pokémon
|rule|Item Clause: Limit 1 of each item
|clearpoke
|poke|p1|Meganium, L50, M|
|poke|p1|Kingambit, L50, F|
|poke|p1|Volcarona, L50, F|
|poke|p1|Blaziken, L50, F|
|poke|p1|Gholdengo, L50|
|poke|p1|Clefable, L50, M|
|poke|p2|Swampert, L50, M|
|poke|p2|Archaludon, L50, F|
|poke|p2|Pelipper, L50, M|
|poke|p2|Sinistcha, L50|
|poke|p2|Grimmsnarl, L50, M|
|poke|p2|Floette-Eternal, L50, F|
|teampreview|4
|showteam|p1|Meganium||Meganiumite|Overgrow|SolarBeam,Protect,DazzlingGleam,EarthPower|Modest||M|||50|]Kingambit||ExpertBelt|Defiant|SuckerPunch,KowtowCleave,IronHead,Protect|Adamant||F|||50|]Volcarona||Leftovers|FlameBody|RagePowder,Tailwind,Protect,WillOWisp|Timid||F|||50|]Blaziken||Blazikenite|SpeedBoost|FlareBlitz,CloseCombat,Protect,PoisonJab|Adamant||F|||50|]Gholdengo||LifeOrb|GoodasGold|MakeItRain,ShadowBall,Protect,NastyPlot|Modest|||||50|]Clefable||SitrusBerry|MagicGuard|FollowMe,Protect,Moonblast,LifeDew|Sassy||M|||50|
|showteam|p2|Swampert||Swampertite|Damp|WaveCrash,HighHorsepower,IcePunch,Protect|Adamant||M|||50|]Archaludon||Leftovers|Stamina|ElectroShot,DragonPulse,FlashCannon,Protect|Modest||F|||50|]Pelipper|||Drizzle|WideGuard,WeatherBall,Hurricane,Tailwind|Modest||M|||50|]Sinistcha||FocusSash|Hospitality|MatchaGotcha,LifeDew,TrickRoom,RagePowder|Sassy|||||50|]Grimmsnarl||LightClay|Prankster|LightScreen,Reflect,PartingShot,FoulPlay|Calm||M|||50|]Floette-Eternal||Floettite|FlowerVeil|DazzlingGleam,DrainingKiss,CalmMind,Protect|Timid||F|||50|
|inactive|Battle timer is ON: inactive players will automatically lose when time's up. (requested by Timcheese43)
|
|t:|1784455238
|teamsize|p1|4
|teamsize|p2|4
|start
|switch|p1a: Meganium|Meganium, L50, M|100/100
|switch|p1b: Volcarona|Volcarona, L50, F|100/100
|switch|p2a: Archaludon|Archaludon, L50, F|100/100
|switch|p2b: Grimmsnarl|Grimmsnarl, L50, M|100/100
|turn|1
|inactive|ozambik has 30 seconds left.
|
|t:|1784455271
|detailschange|p1a: Meganium|Meganium-Mega, L50, M
|-mega|p1a: Meganium|Meganium|Meganiumite
|move|p1b: Volcarona|Rage Powder|p1b: Volcarona
|-singleturn|p1b: Volcarona|move: Rage Powder
|move|p2b: Grimmsnarl|Parting Shot|p1b: Volcarona
|-unboost|p1b: Volcarona|atk|1
|-unboost|p1b: Volcarona|spa|1
|
|t:|1784455278
|switch|p2b: Pelipper|Pelipper, L50, M|100/100|[from] Parting Shot
|-weather|RainDance|[from] ability: Drizzle|[of] p2b: Pelipper
|move|p1a: Meganium|Dazzling Gleam|p2b: Pelipper|[spread] p2a,p2b
|-damage|p2a: Archaludon|62/100
|-damage|p2b: Pelipper|60/100
|-ability|p2a: Archaludon|Stamina|boost
|-boost|p2a: Archaludon|def|1
|move|p2a: Archaludon|Flash Cannon|p1b: Volcarona
|-resisted|p1b: Volcarona|1
|-damage|p1b: Volcarona|83/100
|
|-weather|RainDance|[upkeep]
|-heal|p1b: Volcarona|89/100|[from] item: Leftovers
|-heal|p2a: Archaludon|69/100|[from] item: Leftovers
|upkeep
|turn|2
|inactive|ozambik has 30 seconds left.
|inactive|ozambik has 20 seconds left.
|inactive|ozambik has 15 seconds left.
|inactive|ozambik has 10 seconds left.
|inactive|ozambik has 5 seconds left.
|
|t:|1784455333
|move|p2a: Archaludon|Protect|p2a: Archaludon
|-singleturn|p2a: Archaludon|Protect
|move|p1b: Volcarona|Rage Powder|p1b: Volcarona
|-singleturn|p1b: Volcarona|move: Rage Powder
|move|p1a: Meganium|Solar Beam||[still]
|-prepare|p1a: Meganium|Solar Beam
|-activate|p1a: Meganium|ability: Mega Sol
|-anim|p1a: Meganium|Solar Beam|p2b: Pelipper
|-damage|p2b: Pelipper|0 fnt
|faint|p2b: Pelipper
|
|-weather|RainDance|[upkeep]
|-heal|p1b: Volcarona|95/100|[from] item: Leftovers
|-heal|p2a: Archaludon|75/100|[from] item: Leftovers
|upkeep
|
|t:|1784455338
|switch|p2b: Swampert|Swampert, L50, M|100/100
|turn|3
|inactive|ozambik has 30 seconds left.
|inactive|Timcheese43 has 30 seconds left.
|inactive|ozambik has 20 seconds left.
|inactive|ozambik has 15 seconds left.
|inactive|ozambik has 10 seconds left.
|inactive|ozambik has 5 seconds left.
|
|t:|1784455393
|detailschange|p2b: Swampert|Swampert-Mega, L50, M
|-mega|p2b: Swampert|Swampert|Swampertite
|move|p1b: Volcarona|Rage Powder|p1b: Volcarona
|-singleturn|p1b: Volcarona|move: Rage Powder
|move|p2b: Swampert|Ice Punch|p1b: Volcarona
|-resisted|p1b: Volcarona|1
|-damage|p1b: Volcarona|69/100
|move|p1a: Meganium|Solar Beam||[still]
|-prepare|p1a: Meganium|Solar Beam
|-activate|p1a: Meganium|ability: Mega Sol
|-anim|p1a: Meganium|Solar Beam|p2b: Swampert
|-supereffective|p2b: Swampert|2
|-damage|p2b: Swampert|0 fnt
|faint|p2b: Swampert
|move|p2a: Archaludon|Electro Shot||[still]
|-prepare|p2a: Archaludon|Electro Shot
|-boost|p2a: Archaludon|spa|1
|-anim|p2a: Archaludon|Electro Shot|p1b: Volcarona
|-damage|p1b: Volcarona|17/100
|
|-weather|RainDance|[upkeep]
|-heal|p1b: Volcarona|23/100|[from] item: Leftovers
|-heal|p2a: Archaludon|81/100|[from] item: Leftovers
|upkeep
|
|t:|1784455399
|switch|p2b: Grimmsnarl|Grimmsnarl, L50, M|100/100
|turn|4
|inactive|ozambik has 30 seconds left.
|inactive|ozambik has 20 seconds left.
|inactive|ozambik has 15 seconds left.
|inactive|ozambik has 10 seconds left.
|inactive|ozambik has 5 seconds left.
|
|t:|1784455454
|move|p1b: Volcarona|Rage Powder|p1b: Volcarona
|-singleturn|p1b: Volcarona|move: Rage Powder
|move|p2b: Grimmsnarl|Light Screen|p2b: Grimmsnarl
|-sidestart|p2: Timcheese43|move: Light Screen
|move|p1a: Meganium|Solar Beam||[still]
|-prepare|p1a: Meganium|Solar Beam
|-activate|p1a: Meganium|ability: Mega Sol
|-anim|p1a: Meganium|Solar Beam|p2a: Archaludon
|-resisted|p2a: Archaludon|2
|-damage|p2a: Archaludon|70/100
|-ability|p2a: Archaludon|Stamina|boost
|-boost|p2a: Archaludon|def|1
|move|p2a: Archaludon|Electro Shot||[still]
|-prepare|p2a: Archaludon|Electro Shot
|-boost|p2a: Archaludon|spa|1
|-anim|p2a: Archaludon|Electro Shot|p1b: Volcarona
|-damage|p1b: Volcarona|0 fnt
|faint|p1b: Volcarona
|
|-weather|RainDance|[upkeep]
|-heal|p2a: Archaludon|76/100|[from] item: Leftovers
|upkeep
|inactive|ozambik has 30 seconds left.
|inactive|ozambik has 20 seconds left.
|inactive|ozambik has 15 seconds left.
|inactive|ozambik has 10 seconds left.
|inactive|ozambik has 5 seconds left.
|
|t:|1784455509
|switch|p1b: Clefable|Clefable, L50, M|100/100
|turn|5
|inactive|ozambik has 30 seconds left.
|inactive|ozambik has 20 seconds left.
|inactive|Timcheese43 has 30 seconds left.
|inactive|ozambik has 15 seconds left.
|inactive|ozambik has 10 seconds left.
|inactive|ozambik has 5 seconds left.
|
|t:|1784455564
|move|p1b: Clefable|Follow Me|p1b: Clefable
|-singleturn|p1b: Clefable|move: Follow Me
|move|p2b: Grimmsnarl|Parting Shot|p1b: Clefable
|-unboost|p1b: Clefable|atk|1
|-unboost|p1b: Clefable|spa|1
|move|p1a: Meganium|Solar Beam||[still]
|-prepare|p1a: Meganium|Solar Beam
|-activate|p1a: Meganium|ability: Mega Sol
|-anim|p1a: Meganium|Solar Beam|p2b: Grimmsnarl
|-damage|p2b: Grimmsnarl|56/100
|move|p2a: Archaludon|Flash Cannon|p1b: Clefable
|-supereffective|p1b: Clefable|1
|-damage|p1b: Clefable|0 fnt
|faint|p1b: Clefable
|
|-weather|none
|-heal|p2a: Archaludon|82/100|[from] item: Leftovers
|upkeep
|inactive|ozambik has 30 seconds left.
|inactive|ozambik has 20 seconds left.
|inactive|ozambik has 15 seconds left.
|inactive|ozambik has 10 seconds left.
|inactive|ozambik has 5 seconds left.
|
|t:|1784455619
|switch|p1b: Gholdengo|Gholdengo, L50|100/100
|turn|6
|inactive|ozambik has 30 seconds left.
|inactive|ozambik has 20 seconds left.
|inactive|ozambik has 15 seconds left.
|inactive|ozambik has 10 seconds left.
|inactive|ozambik has 5 seconds left.
|
|t:|1784455674
|move|p1b: Gholdengo|Make It Rain|p2b: Grimmsnarl|[spread] p2a,p2b
|-resisted|p2a: Archaludon|1
|-supereffective|p2b: Grimmsnarl|1
|-damage|p2a: Archaludon|61/100
|-damage|p2b: Grimmsnarl|0 fnt
|-unboost|p1b: Gholdengo|spa|2
|-ability|p2a: Archaludon|Stamina|boost
|-boost|p2a: Archaludon|def|1
|faint|p2b: Grimmsnarl
|-damage|p1b: Gholdengo|90/100|[from] item: Life Orb
|move|p1a: Meganium|Solar Beam||[still]
|-prepare|p1a: Meganium|Solar Beam
|-activate|p1a: Meganium|ability: Mega Sol
|-anim|p1a: Meganium|Solar Beam|p2a: Archaludon
|-resisted|p2a: Archaludon|2
|-damage|p2a: Archaludon|48/100
|-ability|p2a: Archaludon|Stamina|boost
|-boost|p2a: Archaludon|def|1
|move|p2a: Archaludon|Flash Cannon|p1a: Meganium
|-supereffective|p1a: Meganium|1
|-damage|p1a: Meganium|0 fnt
|faint|p1a: Meganium
|
|-heal|p2a: Archaludon|54/100|[from] item: Leftovers
|upkeep
|turn|7
|inactive|ozambik has 5 seconds left this turn.
|-message|ozambik lost due to inactivity.
|
|win|Timcheese43
