|j|☆RUSH-PANG
|j|☆natsukivgc
|html|RUSH-PANGnatsukivgc    
|uhtml|bestof|Game 1 of a best-of-3
|t:|1785477425
|gametype|doubles
|player|p1|RUSH-PANG|2|1191
|player|p2|natsukivgc|1|1157
|gen|9
|tier|[Gen 9 Champions] VGC 2026 Reg M-B (Bo3)
|rated|
|rule|Species Clause: Limit one of each Pokémon
|rule|Item Clause: Limit 1 of each item
|clearpoke
|poke|p1|Chandelure, L50, M|
|poke|p1|Hawlucha, L50, F|
|poke|p1|Sinistcha, L50|
|poke|p1|Incineroar, L50, F|
|poke|p1|Snorlax, L50, F|
|poke|p1|Primarina, L50, M|
|poke|p2|Charizard, L50, F|
|poke|p2|Sneasler, L50, F|
|poke|p2|Kingambit, L50, M|
|poke|p2|Dragonite, L50, M|
|poke|p2|Floette-Eternal, L50, F|
|poke|p2|Whimsicott, L50, M|
|teampreview|4
|showteam|p1|Chandelure||Chandelurite|Infiltrator|Protect,EnergyBall,ShadowBall,HeatWave|Modest||M|||50|]Hawlucha||Hawluchanite|Limber|Entrainment,BraveBird,CloseCombat,Detect|Jolly||F|||50|]Sinistcha||FocusSash|Hospitality|RagePowder,MatchaGotcha,TrickRoom,Protect|Modest|||||50|]Incineroar||SitrusBerry|Intimidate|FakeOut,PartingShot,ThroatChop,FlareBlitz|Adamant||F|||50|]Snorlax||Leftovers|ThickFat|Stockpile,Protect,Fissure,BodyPress|Relaxed||F|||50|]Primarina||LifeOrb|LiquidVoice|HyperVoice,Moonblast,Protect,IceBeam|Modest||M|||50|
|showteam|p2|Charizard||CharizarditeY|Blaze|HeatWave,SolarBeam,WeatherBall,Protect|Modest||F|||50|]Sneasler||WhiteHerb|Unburden|CloseCombat,DireClaw,FakeOut,Coaching|Jolly||F|||50|]Kingambit||BlackGlasses|Defiant|KowtowCleave,SuckerPunch,SwordsDance,Protect|Adamant||M|||50|]Dragonite||LifeOrb|InnerFocus|DragonClaw,LowKick,ExtremeSpeed,Protect|Adamant||M|||50|]Floette-Eternal||Floettite|FlowerVeil|Moonblast,DazzlingGleam,LightofRuin,Protect|Modest||F|||50|]Whimsicott||FocusSash|Prankster|Moonblast,Tailwind,Encore,Protect|Timid||M|||50|
|
|t:|1785477460
|teamsize|p1|4
|teamsize|p2|4
|start
|switch|p1a: Primarina|Primarina, L50, M|100/100
|switch|p1b: Chandelure|Chandelure, L50, M|100/100
|switch|p2a: Sneasler|Sneasler, L50, F|100/100
|switch|p2b: Floette|Floette-Eternal, L50, F|100/100
|turn|1
|c|☆RUSH-PANG|!dt light of ruin
|c|☆RUSH-PANG|/raw Light of Ruin  Power140 Accuracy90% PP8 Has 1/2 recoil. 
|c|☆RUSH-PANG|/raw Priority: 0 |  Gen: 6 |  Z-Power: 200 |  Target: One Adjacent Pokémon

|inactive|Battle timer is ON: inactive players will automatically lose when time's up. (requested by RUSH-PANG)
|
|t:|1785477525
|detailschange|p2b: Floette|Floette-Mega, L50, F
|-mega|p2b: Floette|Floette|Floettite
|-ability|p2b: Floette|Fairy Aura
|detailschange|p1b: Chandelure|Chandelure-Mega, L50, M
|-mega|p1b: Chandelure|Chandelure|Chandelurite
|move|p1a: Primarina|Protect|p1a: Primarina
|-singleturn|p1a: Primarina|Protect
|move|p2a: Sneasler|Dire Claw|p1a: Primarina
|-activate|p1a: Primarina|move: Protect
|move|p2b: Floette|Dazzling Gleam|p1b: Chandelure|[spread] p1b
|-activate|p1a: Primarina|move: Protect
|-resisted|p1b: Chandelure|1
|-damage|p1b: Chandelure|78/100
|move|p1b: Chandelure|Heat Wave|p2b: Floette|[spread] p2b
|-miss|p1b: Chandelure|p2a: Sneasler
|-damage|p2b: Floette|59/100
|
|upkeep
|turn|2
|inactive|RUSH-PANG has 30 seconds left.
|inactive|natsukivgc has 30 seconds left.
|inactive|natsukivgc has 20 seconds left.
|
|t:|1785477562
|switch|p1a: Incineroar|Incineroar, L50, F|100/100
|-ability|p1a: Incineroar|Intimidate|boost
|-unboost|p2a: Sneasler|atk|1
|-unboost|p2b: Floette|atk|1
|-enditem|p2a: Sneasler|White Herb
|-clearnegativeboost|p2a: Sneasler|[silent]
|move|p2a: Sneasler|Dire Claw|p1a: Incineroar
|-damage|p1a: Incineroar|57/100
|move|p2b: Floette|Dazzling Gleam|p1a: Incineroar|[spread] p1a,p1b
|-resisted|p1b: Chandelure|1
|-damage|p1a: Incineroar|18/100
|-damage|p1b: Chandelure|55/100
|-enditem|p1a: Incineroar|Sitrus Berry|[eat]
|-heal|p1a: Incineroar|43/100|[from] item: Sitrus Berry
|move|p1b: Chandelure|Heat Wave|p2a: Sneasler|[spread] p2b
|-miss|p1b: Chandelure|p2a: Sneasler
|-damage|p2b: Floette|16/100
|
|upkeep
|turn|3
|inactive|RUSH-PANG has 30 seconds left.
|inactive|natsukivgc has 30 seconds left.
|inactive|RUSH-PANG has 20 seconds left.
|inactive|natsukivgc has 20 seconds left.
|
|t:|1785477602
|move|p1a: Incineroar|Fake Out|p2a: Sneasler
|-damage|p2a: Sneasler|77/100
|cant|p2a: Sneasler|flinch
|move|p2b: Floette|Light of Ruin|p1b: Chandelure
|-resisted|p1b: Chandelure|1
|-crit|p1b: Chandelure
|-damage|p1b: Chandelure|0 fnt
|faint|p1b: Chandelure
|-damage|p2b: Floette|0 fnt|[from] Recoil
|faint|p2b: Floette
|
|upkeep
|c|☆RUSH-PANG|what is ur luck at bro
|
|t:|1785477627
|switch|p2b: Kingambit|Kingambit, L50, M|100/100
|switch|p1b: Sinistcha|Sinistcha, L50|100/100
|-heal|p1a: Incineroar|68/100|[from] ability: Hospitality|[of] p1b: Sinistcha
|turn|4
|c|☆RUSH-PANG|2 heat wave misses plus crit into ko
|inactive|natsukivgc has 30 seconds left.
|inactive|natsukivgc has 20 seconds left.
|inactive|natsukivgc has 15 seconds left.
|
|t:|1785477669
|move|p2a: Sneasler|Close Combat|p1a: Incineroar
|-supereffective|p1a: Incineroar|1
|-damage|p1a: Incineroar|0 fnt
|-unboost|p2a: Sneasler|def|1
|-unboost|p2a: Sneasler|spd|1
|faint|p1a: Incineroar
|move|p2b: Kingambit|Kowtow Cleave|p1b: Sinistcha
|-supereffective|p1b: Sinistcha|1
|-damage|p1b: Sinistcha|7/100
|move|p1b: Sinistcha|Trick Room|p1b: Sinistcha
|-fieldstart|move: Trick Room|[of] p1b: Sinistcha
|
|upkeep
|c|☆natsukivgc|im sorry for the misses
|c|☆natsukivgc|crit didnt matter tho
|
|t:|1785477687
|switch|p1a: Primarina|Primarina, L50, M|100/100
|turn|5
|c|☆RUSH-PANG|not ur fault im just salting a bit mb
|
|t:|1785477708
|move|p1b: Sinistcha|Protect|p1b: Sinistcha
|-singleturn|p1b: Sinistcha|Protect
|move|p2b: Kingambit|Kowtow Cleave|p1b: Sinistcha
|-activate|p1b: Sinistcha|move: Protect
|move|p1a: Primarina|Hyper Voice|p2b: Kingambit|[spread] p2a,p2b
|-damage|p2a: Sneasler|0 fnt
|-damage|p2b: Kingambit|64/100
|faint|p2a: Sneasler
|-damage|p1a: Primarina|90/100|[from] item: Life Orb
|
|upkeep
|c|☆natsukivgc|i get it bro dont worry
|c|☆natsukivgc|youre fine
|
|t:|1785477718
|switch|p2a: Dragonite|Dragonite, L50, M|100/100
|turn|6
|inactive|RUSH-PANG has 30 seconds left.
|
|t:|1785477753
|move|p1b: Sinistcha|Rage Powder|p1b: Sinistcha
|-singleturn|p1b: Sinistcha|move: Rage Powder
|move|p2b: Kingambit|Kowtow Cleave|p1b: Sinistcha
|-supereffective|p1b: Sinistcha|1
|-damage|p1b: Sinistcha|0 fnt
|faint|p1b: Sinistcha
|move|p1a: Primarina|Ice Beam|p2a: Dragonite
|-supereffective|p2a: Dragonite|2
|-damage|p2a: Dragonite|0 fnt
|faint|p2a: Dragonite
|-damage|p1a: Primarina|80/100|[from] item: Life Orb
|
|upkeep
|turn|7
|
|t:|1785477772
|move|p2b: Kingambit|Kowtow Cleave|p1a: Primarina
|-resisted|p1a: Primarina|1
|-crit|p1a: Primarina
|-damage|p1a: Primarina|38/100
|move|p1a: Primarina|Moonblast|p2b: Kingambit
|-damage|p2b: Kingambit|11/100
|-unboost|p2b: Kingambit|spa|1
|-ability|p2b: Kingambit|Defiant|boost
|-boost|p2b: Kingambit|atk|2
|-damage|p1a: Primarina|28/100|[from] item: Life Orb
|
|upkeep
|turn|8
|
|t:|1785477786
|move|p1a: Primarina|Protect|p1a: Primarina
|-singleturn|p1a: Primarina|Protect
|move|p2b: Kingambit|Sucker Punch||[still]
|-fail|p2b: Kingambit
|
|-fieldend|move: Trick Room
|upkeep
|turn|9
|
|t:|1785477792
|move|p2b: Kingambit|Sucker Punch|p1a: Primarina
|-resisted|p1a: Primarina|1
|-damage|p1a: Primarina|0 fnt
|faint|p1a: Primarina
|
|win|natsukivgc
