|j|☆buf38 zorrogafas
|j|☆jchase42
|html|buf38 zorrogafasjchase42    
|uhtml|bestof|Game 3 of a best-of-3
|t:|1756335898
|gametype|doubles
|player|p1|buf38 zorrogafas|ghetsis-gen5bw|1160
|player|p2|jchase42|hiker-gen4|1080
|gen|9
|tier|[Gen 9] VGC 2025 Reg H (Bo3)
|rated|
|rule|Species Clause: Limit one of each Pokémon
|rule|Item Clause: Limit 1 of each item
|clearpoke
|poke|p1|Primarina, L50, M|
|poke|p1|Kingambit, L50, F|
|poke|p1|Zoroark-Hisui, L50, M|
|poke|p1|Rillaboom, L50, F|
|poke|p1|Grimmsnarl, L50, M|
|poke|p1|Volcarona, L50, M|
|poke|p2|Indeedee-F, L50, F|
|poke|p2|Torkoal, L50, M|
|poke|p2|Gallade, L50, M|
|poke|p2|Hatterene, L50, F|
|poke|p2|Maushold-Four, L50|
|poke|p2|Sinistcha, L50|
|teampreview|4
|showteam|p1|Primarina||ThroatSpray|LiquidVoice|HyperVoice,Moonblast,CalmMind,Protect|||M|||50|,,,,,Fire]Kingambit||BlackGlasses|Defiant|SuckerPunch,KowtowCleave,SwordsDance,Protect|||F|||50|,,,,,Dark]Zoroark-Hisui||FocusSash|Illusion|ShadowBall,HyperVoice,Taunt,WillOWisp|||M|||50|,,,,,Normal]Rillaboom||AssaultVest|GrassySurge|GrassyGlide,WoodHammer,FakeOut,HighHorsepower|||F|||50|,,,,,Fire]Grimmsnarl||LightClay|Prankster|SpiritBreak,Reflect,LightScreen,ThunderWave|||M|||50|,,,,,Ghost]Volcarona||Leftovers|FlameBody|Flamethrower,Protect,GigaDrain,QuiverDance|||M|||50|,,,,,Grass
|showteam|p2|Indeedee-F||PsychicSeed|PsychicSurge|Psychic,FollowMe,HelpingHand,TrickRoom|||F|||50|,,,,,Grass]Torkoal||ChoiceSpecs|Drought|Eruption,HeatWave,WeatherBall,EarthPower|||M|||50|,,,,,Fire]Gallade||ClearAmulet|Sharpness|PsychoCut,SacredSword,WideGuard,TrickRoom|||M|||50|,,,,,Grass]Hatterene||CovertCloak|MagicBounce|ExpandingForce,DazzlingGleam,Protect,TrickRoom|||F|||50|,,,,,Fire]Maushold-Four||WideLens|Technician|PopulationBomb,Taunt,FollowMe,Protect||||||50|,,,,,Fire]Sinistcha||SitrusBerry|Hospitality|MatchaGotcha,ShadowBall,RagePowder,TrickRoom||||||50|,,,,,Fairy
|j| buf11 ElGranBluff
|j| buf51 golden era
|j| buf0722shito
|c| buf11 ElGranBluff|buf hf
|c| buf51 golden era|Buf g3
|c| buf0722shito|buf win and in
|inactive|Battle timer is ON: inactive players will automatically lose when time's up. (requested by buf38 zorrogafas)
|inactive|jchase42 has 60 seconds left.
|
|t:|1756335989
|teamsize|p1|4
|teamsize|p2|4
|start
|switch|p1a: Primarina|Primarina, L50, M|100/100
|switch|p1b: Grimmsnarl|Grimmsnarl, L50, M|100/100
|switch|p2a: Sinistcha|Sinistcha, L50|100/100
|switch|p2b: Gallade|Gallade, L50, M|100/100
|turn|1
|inactive|jchase42 has 30 seconds left.
|inactive|jchase42 has 20 seconds left.
|
|t:|1756336025
|-terastallize|p2a: Sinistcha|Fairy
|move|p2a: Sinistcha|Rage Powder|p2a: Sinistcha
|-singleturn|p2a: Sinistcha|move: Rage Powder
|move|p1b: Grimmsnarl|Light Screen|p1b: Grimmsnarl
|-sidestart|p1: buf38 zorrogafas|move: Light Screen
|move|p1a: Primarina|Calm Mind|p1a: Primarina
|-boost|p1a: Primarina|spa|1
|-boost|p1a: Primarina|spd|1
|move|p2b: Gallade|Trick Room|p2b: Gallade
|-fieldstart|move: Trick Room|[of] p2b: Gallade
|
|upkeep
|turn|2
|
|t:|1756336043
|switch|p2a: Indeedee|Indeedee-F, L50, F|100/100
|-fieldstart|move: Psychic Terrain|[from] ability: Psychic Surge|[of] p2a: Indeedee
|-enditem|p2a: Indeedee|Psychic Seed
|-boost|p2a: Indeedee|spd|1|[from] item: Psychic Seed
|move|p1b: Grimmsnarl|Reflect|p1b: Grimmsnarl
|-sidestart|p1: buf38 zorrogafas|Reflect
|move|p1a: Primarina|Hyper Voice|p2a: Indeedee|[spread] p2a,p2b
|-damage|p2a: Indeedee|68/100
|-damage|p2b: Gallade|57/100
|-enditem|p1a: Primarina|Throat Spray
|-boost|p1a: Primarina|spa|1|[from] item: Throat Spray
|move|p2b: Gallade|Psycho Cut|p1a: Primarina
|-crit|p1a: Primarina
|-damage|p1a: Primarina|0 fnt
|faint|p1a: Primarina
|
|upkeep
|
|t:|1756336058
|switch|p1a: Kingambit|Kingambit, L50, F, shiny|100/100
|turn|3
|c| buf11 ElGranBluff|buf hax
|inactive|buf38 zorrogafas has 30 seconds left.
|inactive|jchase42 has 30 seconds left.
|
|t:|1756336089
|switch|p1b: Rillaboom|Rillaboom, L50, F|100/100
|-fieldstart|move: Grassy Terrain|[from] ability: Grassy Surge|[of] p1b: Rillaboom
|move|p2a: Indeedee|Helping Hand|p2b: Gallade
|-singleturn|p2b: Gallade|Helping Hand|[of] p2a: Indeedee
|move|p1a: Kingambit|Protect|p1a: Kingambit
|-singleturn|p1a: Kingambit|Protect
|move|p2b: Gallade|Sacred Sword|p1b: Rillaboom
|-damage|p1b: Rillaboom|27/100
|
|-heal|p2b: Gallade|63/100|[from] Grassy Terrain
|-heal|p2a: Indeedee|74/100|[from] Grassy Terrain
|-heal|p1b: Rillaboom|32/100|[from] Grassy Terrain
|upkeep
|turn|4
|inactive|jchase42 has 30 seconds left.
|
|t:|1756336123
|switch|p2a: Sinistcha|Sinistcha, L50, tera:Fairy|100/100
|-heal|p2b: Gallade|87/100|[from] ability: Hospitality|[of] p2a: Sinistcha
|move|p1b: Rillaboom|Fake Out|p2b: Gallade
|-damage|p2b: Gallade|68/100
|move|p1a: Kingambit|Swords Dance|p1a: Kingambit
|-boost|p1a: Kingambit|atk|2
|cant|p2b: Gallade|flinch
|
|-heal|p2b: Gallade|74/100|[from] Grassy Terrain
|-heal|p1b: Rillaboom|38/100|[from] Grassy Terrain
|upkeep
|turn|5
|inactive|jchase42 has 30 seconds left.
|inactive|buf38 zorrogafas has 30 seconds left.
|
|t:|1756336153
|-terastallize|p1a: Kingambit|Dark
|move|p2a: Sinistcha|Rage Powder|p2a: Sinistcha
|-singleturn|p2a: Sinistcha|move: Rage Powder
|move|p1a: Kingambit|Kowtow Cleave|p2a: Sinistcha
|-resisted|p2a: Sinistcha
|-damage|p2a: Sinistcha|47/100
|-enditem|p2a: Sinistcha|Sitrus Berry|[eat]
|-heal|p2a: Sinistcha|72/100|[from] item: Sitrus Berry
|move|p2b: Gallade|Sacred Sword|p1b: Rillaboom
|-damage|p1b: Rillaboom|0 fnt
|faint|p1b: Rillaboom
|
|-heal|p2a: Sinistcha|78/100|[from] Grassy Terrain
|-heal|p2b: Gallade|79/100|[from] Grassy Terrain
|-fieldend|move: Trick Room
|upkeep
|
|t:|1756336163
|switch|p1b: Grimmsnarl|Grimmsnarl, L50, M|100/100
|turn|6
|
|t:|1756336174
|move|p2a: Sinistcha|Rage Powder|p2a: Sinistcha
|-singleturn|p2a: Sinistcha|move: Rage Powder
|move|p1b: Grimmsnarl|Thunder Wave|p2a: Sinistcha|[miss]
|-miss|p1b: Grimmsnarl|p2a: Sinistcha
|move|p2b: Gallade|Sacred Sword|p1a: Kingambit
|-supereffective|p1a: Kingambit
|-damage|p1a: Kingambit|37/100
|move|p1a: Kingambit|Kowtow Cleave|p2a: Sinistcha
|-resisted|p2a: Sinistcha
|-damage|p2a: Sinistcha|23/100
|
|-heal|p2b: Gallade|85/100|[from] Grassy Terrain
|-heal|p1a: Kingambit|43/100|[from] Grassy Terrain
|-heal|p2a: Sinistcha|29/100|[from] Grassy Terrain
|upkeep
|turn|7
|
|t:|1756336193
|move|p1a: Kingambit|Protect|p1a: Kingambit
|-singleturn|p1a: Kingambit|Protect
|move|p2a: Sinistcha|Rage Powder|p2a: Sinistcha
|-singleturn|p2a: Sinistcha|move: Rage Powder
|move|p2b: Gallade|Sacred Sword|p1a: Kingambit
|-activate|p1a: Kingambit|move: Protect
|move|p1b: Grimmsnarl|Spirit Break|p2a: Sinistcha
|-damage|p2a: Sinistcha|9/100
|-unboost|p2a: Sinistcha|spa|1
|
|-heal|p2b: Gallade|91/100|[from] Grassy Terrain
|-heal|p1a: Kingambit|48/100|[from] Grassy Terrain
|-heal|p2a: Sinistcha|15/100|[from] Grassy Terrain
|-fieldend|move: Grassy Terrain
|upkeep
|turn|8
|c| buf11 ElGranBluff|nerf hard tr
|
|t:|1756336210
|move|p1a: Kingambit|Protect|p1a: Kingambit
|-singleturn|p1a: Kingambit|Protect
|move|p2a: Sinistcha|Rage Powder|p2a: Sinistcha
|-singleturn|p2a: Sinistcha|move: Rage Powder
|move|p2b: Gallade|Sacred Sword|p1a: Kingambit
|-activate|p1a: Kingambit|move: Protect
|move|p1b: Grimmsnarl|Spirit Break|p2a: Sinistcha
|-damage|p2a: Sinistcha|0 fnt
|faint|p2a: Sinistcha
|
|-sideend|p1: buf38 zorrogafas|move: Light Screen
|upkeep
|
|t:|1756336220
|switch|p2a: Indeedee|Indeedee-F, L50, F|74/100
|-fieldstart|move: Psychic Terrain|[from] ability: Psychic Surge|[of] p2a: Indeedee
|turn|9
|
|t:|1756336232
|move|p2a: Indeedee|Follow Me|p2a: Indeedee
|-singleturn|p2a: Indeedee|move: Follow Me
|move|p1b: Grimmsnarl|Spirit Break|p2a: Indeedee
|-damage|p2a: Indeedee|43/100
|-unboost|p2a: Indeedee|spa|1
|move|p1a: Kingambit|Kowtow Cleave|p2a: Indeedee
|-supereffective|p2a: Indeedee
|-damage|p2a: Indeedee|0 fnt
|faint|p2a: Indeedee
|move|p2b: Gallade|Trick Room|p2b: Gallade
|-fieldstart|move: Trick Room|[of] p2b: Gallade
|
|-sideend|p1: buf38 zorrogafas|Reflect
|upkeep
|
|t:|1756336243
|switch|p2a: Torkoal|Torkoal, L50, M|100/100
|-weather|SunnyDay|[from] ability: Drought|[of] p2a: Torkoal
|turn|10
|
|t:|1756336262
|move|p1a: Kingambit|Protect|p1a: Kingambit
|-singleturn|p1a: Kingambit|Protect
|move|p1b: Grimmsnarl|Thunder Wave|p2a: Torkoal
|-activate|p2a: Torkoal|move: Psychic Terrain
|move|p2a: Torkoal|Eruption|p1b: Grimmsnarl|[spread] p1b
|-activate|p1a: Kingambit|move: Protect
|-damage|p1b: Grimmsnarl|2/100
|move|p2b: Gallade|Sacred Sword|p1b: Grimmsnarl
|-damage|p1b: Grimmsnarl|0 fnt
|faint|p1b: Grimmsnarl
|
|-weather|SunnyDay|[upkeep]
|upkeep
|turn|11
|
|t:|1756336275
|move|p2a: Torkoal|Eruption|p1a: Kingambit
|-damage|p1a: Kingambit|0 fnt
|faint|p1a: Kingambit
|
|win|jchase42
|raw|buf38 zorrogafas's rating: 1160 → 1129(-31 for losing)
|raw|jchase42's rating: 1080 → 1114(+34 for winning)
|c|☆buf38 zorrogafas|no llego a 200
|c|☆buf38 zorrogafas|quiero llorar
|c| buf51 golden era|Quedan dias
|c| buf51 golden era|Tranqui
|l|☆buf38 zorrogafas
|player|p1|
|c| buf11 ElGranBluff|nosotros confiamos
|c| buf0722shito|calma buf
|l| buf11 ElGranBluff
