|j|☆raksbach
|j|☆ChebyshevSG
|html|raksbachChebyshevSG    
|uhtml|bestof|Game 3 of a best-of-3
|t:|1785928299
|gametype|doubles
|player|p1|raksbach|doubleteam|1286
|player|p2|ChebyshevSG|cynthia-gen4|1178
|gen|9
|tier|[Gen 9 Champions] VGC 2026 Reg M-B (Bo3)
|rated|
|rule|Species Clause: Limit one of each Pokémon
|rule|Item Clause: Limit 1 of each item
|clearpoke
|poke|p1|Charizard, L50, F|
|poke|p1|Garchomp, L50, F|
|poke|p1|Incineroar, L50, M|
|poke|p1|Venusaur, L50, F|
|poke|p1|Toxapex, L50, F|
|poke|p1|Sylveon, L50, M|
|poke|p2|Gengar, L50, M|
|poke|p2|Archaludon, L50, F|
|poke|p2|Politoed, L50, M|
|poke|p2|Swampert, L50, F|
|poke|p2|Vivillon, L50, M|
|poke|p2|Incineroar, L50, F|
|teampreview|4
|showteam|p1|Charizard||CharizarditeY|Blaze|WeatherBall,HeatWave,AncientPower,Protect|Modest||F|||50|]Garchomp||ChoiceScarf|RoughSkin|RockSlide,DragonClaw,Earthquake,StompingTantrum|Adamant||F|||50|]Incineroar||SitrusBerry|Intimidate|FlareBlitz,FakeOut,DarkestLariat,PartingShot|Impish||M|||50|]Venusaur||LifeOrb|Chlorophyll|SludgeBomb,LeafStorm,EarthPower,Protect|Modest||F|||50|]Toxapex||Leftovers|Regenerator|Infestation,Toxic,WideGuard,BanefulBunker|Bold||F|||50|]Sylveon||FairyFeather|Pixilate|HyperVoice,QuickAttack,Yawn,Detect|Modest||M|||50|
|showteam|p2|Gengar||Gengarite|CursedBody|ShadowBall,SludgeBomb,PerishSong,Protect|Modest||M|||50|]Archaludon||Leftovers|Stamina|ElectroShot,DragonPulse,FlashCannon,Protect|Bold||F|||50|]Politoed||SitrusBerry|Drizzle|WeatherBall,Hypnosis,PerishSong,Protect|Calm||M|||50|]Swampert||Swampertite|Torrent|WaveCrash,Earthquake,IcePunch,Protect|Adamant||F|||50|]Vivillon||FocusSash|CompoundEyes|Hurricane,SleepPowder,RagePowder,Protect|Timid||M|||50|]Incineroar||PasshoBerry|Intimidate|ThroatChop,FakeOut,PartingShot,Protect|Impish||F|||50|
|inactive|Battle timer is ON: inactive players will automatically lose when time's up. (requested by raksbach)
|inactive|ChebyshevSG also wants the timer to be on.
|
|t:|1785928305
|teamsize|p1|4
|teamsize|p2|4
|start
|switch|p1a: Garchomp|Garchomp, L50, F|100/100
|switch|p1b: Incineroar|Incineroar, L50, M|100/100
|switch|p2a: Gengar|Gengar, L50, M|100/100
|switch|p2b: Vivillon|Vivillon, L50, M|100/100
|-ability|p1b: Incineroar|Intimidate|boost
|-unboost|p2a: Gengar|atk|1
|-unboost|p2b: Vivillon|atk|1
|turn|1
|
|t:|1785928329
|switch|p2b: Archaludon|Archaludon, L50, F|100/100
|detailschange|p2a: Gengar|Gengar-Mega, L50, M
|-mega|p2a: Gengar|Gengar|Gengarite
|move|p2a: Gengar|Protect|p2a: Gengar
|-singleturn|p2a: Gengar|Protect
|move|p1b: Incineroar|Fake Out|p2b: Archaludon
|-resisted|p2b: Archaludon|1
|-damage|p2b: Archaludon|96/100
|-ability|p2b: Archaludon|Stamina|boost
|-boost|p2b: Archaludon|def|1
|move|p1a: Garchomp|Stomping Tantrum|p2a: Gengar
|-activate|p2a: Gengar|move: Protect
|
|-heal|p2b: Archaludon|100/100|[from] item: Leftovers
|upkeep
|turn|2
|
|t:|1785928347
|switch|p2a: Vivillon|Vivillon, L50, M|100/100
|move|p1a: Garchomp|Stomping Tantrum|p2a: Vivillon
|-immune|p2a: Vivillon
|move|p2b: Archaludon|Dragon Pulse|p1a: Garchomp
|-supereffective|p1a: Garchomp|1
|-damage|p1a: Garchomp|18/100
|move|p1b: Incineroar|Parting Shot|p2b: Archaludon
|-unboost|p2b: Archaludon|atk|1
|-unboost|p2b: Archaludon|spa|1
|
|t:|1785928354
|switch|p1b: Charizard|Charizard, L50, F|100/100|[from] Parting Shot
|
|upkeep
|turn|3
|
|t:|1785928377
|switch|p1a: Incineroar|Incineroar, L50, M|100/100
|-ability|p1a: Incineroar|Intimidate|boost
|-unboost|p2a: Vivillon|atk|1
|-unboost|p2b: Archaludon|atk|1
|switch|p2b: Politoed|Politoed, L50, M|100/100
|-weather|RainDance|[from] ability: Drizzle|[of] p2b: Politoed
|detailschange|p1b: Charizard|Charizard-Mega-Y, L50, F
|-mega|p1b: Charizard|Charizard|Charizardite Y
|-weather|SunnyDay|[from] ability: Drought|[of] p1b: Charizard
|move|p2a: Vivillon|Sleep Powder|p1b: Charizard
|-status|p1b: Charizard|slp|[from] move: Sleep Powder
|cant|p1b: Charizard|slp
|
|-weather|SunnyDay|[upkeep]
|upkeep
|turn|4
|
|t:|1785928398
|switch|p2a: Archaludon|Archaludon, L50, F|100/100
|switch|p1b: Venusaur|Venusaur, L50, F|100/100
|switch|p2b: Gengar|Gengar-Mega, L50, M|100/100
|move|p1a: Incineroar|Flare Blitz|p2a: Archaludon
|-damage|p2a: Archaludon|55/100
|-ability|p2a: Archaludon|Stamina|boost
|-boost|p2a: Archaludon|def|1
|-damage|p1a: Incineroar|85/100|[from] Recoil
|
|-weather|SunnyDay|[upkeep]
|-heal|p2a: Archaludon|61/100|[from] item: Leftovers
|upkeep
|turn|5
|inactive|ChebyshevSG has 30 seconds left.
|inactive|ChebyshevSG has 20 seconds left.
|
|t:|1785928434
|switch|p2b: Vivillon|Vivillon, L50, M|100/100
|switch|p2a: Politoed|Politoed, L50, M|100/100
|-weather|RainDance|[from] ability: Drizzle|[of] p2a: Politoed
|move|p1b: Venusaur|Earth Power|p2b: Vivillon
|-immune|p2b: Vivillon
|move|p1a: Incineroar|Parting Shot|p2a: Politoed
|-unboost|p2a: Politoed|atk|1
|-unboost|p2a: Politoed|spa|1
|
|t:|1785928442
|switch|p1a: Charizard|Charizard-Mega-Y, L50, F|100/100 slp|[from] Parting Shot
|-weather|SunnyDay|[from] ability: Drought|[of] p1a: Charizard
|
|-weather|SunnyDay|[upkeep]
|upkeep
|turn|6
|
|t:|1785928452
|move|p1b: Venusaur|Earth Power|p2a: Politoed
|-damage|p2a: Politoed|70/100
|-damage|p1b: Venusaur|90/100|[from] item: Life Orb
|move|p2b: Vivillon|Hurricane|p1b: Venusaur|[miss]
|-miss|p2b: Vivillon|p1b: Venusaur
|cant|p1a: Charizard|slp
|move|p2a: Politoed|Weather Ball|p1b: Venusaur
|-supereffective|p1b: Venusaur|1
|-damage|p1b: Venusaur|41/100
|
|-weather|SunnyDay|[upkeep]
|upkeep
|turn|7
|
|t:|1785928467
|switch|p2a: Archaludon|Archaludon, L50, F|61/100
|move|p2b: Vivillon|Protect|p2b: Vivillon
|-singleturn|p2b: Vivillon|Protect
|move|p1b: Venusaur|Leaf Storm|p2a: Archaludon
|-resisted|p2a: Archaludon|2
|-damage|p2a: Archaludon|42/100
|-unboost|p1b: Venusaur|spa|2
|-ability|p2a: Archaludon|Stamina|boost
|-boost|p2a: Archaludon|def|1
|-damage|p1b: Venusaur|32/100|[from] item: Life Orb
|-curestatus|p1a: Charizard|slp|[msg]
|move|p1a: Charizard|Heat Wave|p2a: Archaludon|[spread] p2a
|-activate|p2b: Vivillon|move: Protect
|-damage|p2a: Archaludon|0 fnt
|faint|p2a: Archaludon
|
|-weather|SunnyDay|[upkeep]
|upkeep
|
|t:|1785928475
|switch|p2a: Gengar|Gengar-Mega, L50, M|100/100
|turn|8
|
|t:|1785928489
|move|p1b: Venusaur|Sludge Bomb|p2b: Vivillon
|-damage|p2b: Vivillon|42/100
|-status|p2b: Vivillon|psn
|-damage|p1b: Venusaur|22/100|[from] item: Life Orb
|move|p2a: Gengar|Sludge Bomb|p1b: Venusaur
|-damage|p1b: Venusaur|0 fnt
|faint|p1b: Venusaur
|move|p2b: Vivillon|Sleep Powder|p1a: Charizard
|-status|p1a: Charizard|slp|[from] move: Sleep Powder
|cant|p1a: Charizard|slp
|
|-weather|SunnyDay|[upkeep]
|-damage|p2b: Vivillon|29/100 psn|[from] psn
|upkeep
|
|t:|1785928499
|switch|p1b: Garchomp|Garchomp, L50, F|18/100
|turn|9
|
|t:|1785928520
|switch|p2a: Politoed|Politoed, L50, M|70/100
|-weather|RainDance|[from] ability: Drizzle|[of] p2a: Politoed
|move|p1b: Garchomp|Rock Slide|p2a: Politoed|[spread] p2a,p2b
|-supereffective|p2b: Vivillon|2
|-damage|p2a: Politoed|49/100
|-damage|p2b: Vivillon|0 fnt
|-enditem|p2a: Politoed|Sitrus Berry|[eat]
|-heal|p2a: Politoed|74/100|[from] item: Sitrus Berry
|faint|p2b: Vivillon
|cant|p1a: Charizard|slp
|
|-weather|RainDance|[upkeep]
|upkeep
|
|t:|1785928525
|switch|p2b: Gengar|Gengar-Mega, L50, M|100/100
|turn|10
|
|t:|1785928535
|-curestatus|p1a: Charizard|slp|[msg]
|move|p1a: Charizard|Protect|p1a: Charizard
|-singleturn|p1a: Charizard|Protect
|move|p1b: Garchomp|Rock Slide|p2b: Gengar|[spread] p2a
|-miss|p1b: Garchomp|p2b: Gengar
|-damage|p2a: Politoed|56/100
|move|p2b: Gengar|Shadow Ball|p1b: Garchomp
|-damage|p1b: Garchomp|0 fnt
|faint|p1b: Garchomp
|move|p2a: Politoed|Weather Ball|p1a: Charizard
|-activate|p1a: Charizard|move: Protect
|
|-weather|RainDance|[upkeep]
|upkeep
|
|t:|1785928545
|switch|p1b: Incineroar|Incineroar, L50, M|85/100
|-ability|p1b: Incineroar|Intimidate|boost
|-unboost|p2a: Politoed|atk|1
|-unboost|p2b: Gengar|atk|1
|turn|11
|
|t:|1785928559
|move|p2b: Gengar|Sludge Bomb|p1b: Incineroar
|-damage|p1b: Incineroar|40/100
|-enditem|p1b: Incineroar|Sitrus Berry|[eat]
|-heal|p1b: Incineroar|65/100|[from] item: Sitrus Berry
|move|p1a: Charizard|Weather Ball|p2b: Gengar
|-damage|p2b: Gengar|47/100
|move|p2a: Politoed|Weather Ball|p1b: Incineroar
|-supereffective|p1b: Incineroar|1
|-damage|p1b: Incineroar|0 fnt
|faint|p1b: Incineroar
|
|-weather|RainDance|[upkeep]
|upkeep
|turn|12
|
|t:|1785928576
|move|p2b: Gengar|Shadow Ball|p1a: Charizard
|-damage|p1a: Charizard|54/100
|move|p1a: Charizard|Ancient Power|p2a: Politoed
|-damage|p2a: Politoed|38/100
|move|p2a: Politoed|Weather Ball|p1a: Charizard
|-supereffective|p1a: Charizard|1
|-damage|p1a: Charizard|0 fnt
|faint|p1a: Charizard
|
|win|ChebyshevSG
|raw|raksbach's rating: 1286 → 1253(-33 for losing)
|raw|ChebyshevSG's rating: 1178 → 1211(+33 for winning)
