|j|☆LeCehlou
|j|☆Zero_blazeVGC
|html|LeCehlouZero_blazeVGC    
|uhtml|bestof|Game 1 of a best-of-3
|t:|1756469453
|gametype|doubles
|player|p1|LeCehlou|169|1265
|player|p2|Zero_blazeVGC|alder|1152
|gen|9
|tier|[Gen 9] VGC 2025 Reg H (Bo3)
|rated|
|rule|Species Clause: Limit one of each Pokémon
|rule|Item Clause: Limit 1 of each item
|clearpoke
|poke|p1|Meowscarada, L50, M|
|poke|p1|Ursaluna-Bloodmoon, L50, M|
|poke|p1|Incineroar, L50, F|
|poke|p1|Whimsicott, L50, M|
|poke|p1|Typhlosion-Hisui, L50, M|
|poke|p1|Sneasler, L50, M|
|poke|p2|Rillaboom, L50, F|
|poke|p2|Dragonite, L50, M|
|poke|p2|Sneasler, L50, F|
|poke|p2|Ninetales-Alola, L50, M|
|poke|p2|Kingambit, L50, F|
|poke|p2|Magmar, L50, F|
|teampreview|4
|showteam|p1|Meowscarada||ChoiceBand|Protean|FlowerTrick,KnockOff,TripleAxel,Uturn|||M|||50|,,,,,Stellar]Ursaluna-Bloodmoon||ChoiceSpecs|MindsEye|BloodMoon,HyperVoice,EarthPower,Fling|||M|||50|,,,,,Normal]Incineroar||SafetyGoggles|Intimidate|FakeOut,PartingShot,KnockOff,FlareBlitz|||F|||50|,,,,,Ghost]Whimsicott||CovertCloak|Prankster|Tailwind,SunnyDay,Encore,Moonblast|||M|||50|,,,,,Dark]Typhlosion-Hisui||FocusSash|Blaze|Eruption,HeatWave,InfernalParade,Protect|||M|||50|,,,,,Stellar]Sneasler||LifeOrb|PoisonTouch|FakeOut,DireClaw,CloseCombat,Protect|||M|||50|,,,,,Ghost
|showteam|p2|Rillaboom||AssaultVest|GrassySurge|WoodHammer,GrassyGlide,HighHorsepower,FakeOut|||F|||50|,,,,,Fire]Dragonite||LoadedDice|Multiscale|Protect,ScaleShot,LowKick,Haze|||M|||50|,,,,,Fairy]Sneasler||WhiteHerb|Unburden|Protect,DireClaw,CloseCombat,Coaching|||F|||50|,,,,,Ghost]Ninetales-Alola||ChoiceSpecs|SnowWarning|Blizzard,IcyWind,Moonblast,FreezeDry|||M|||50|,,,,,Ghost]Kingambit||SafetyGoggles|Defiant|Protect,KowtowCleave,SuckerPunch,SwordsDance|||F|||50|,,,,,Dark]Magmar||Eviolite|VitalSpirit|Protect,FollowMe,Overheat,WillOWisp|||F|||50|,,,,,Dragon
|inactive|Battle timer is ON: inactive players will automatically lose when time's up. (requested by Zero_blazeVGC)
|
|t:|1756469563
|teamsize|p1|4
|teamsize|p2|4
|start
|switch|p1a: Whimsicott|Whimsicott, L50, M, shiny|100/100
|switch|p1b: Typhlosion|Typhlosion-Hisui, L50, M, shiny|100/100
|switch|p2a: 90% = 50%|Dragonite, L50, M, shiny|100/100
|switch|p2b: Monke|Rillaboom, L50, F, shiny|100/100
|-fieldstart|move: Grassy Terrain|[from] ability: Grassy Surge|[of] p2b: Monke
|turn|1
|inactive|Zero_blazeVGC has 30 seconds left.
|inactive|Zero_blazeVGC has 20 seconds left.
|inactive|Zero_blazeVGC has 15 seconds left.
|inactive|Zero_blazeVGC has 10 seconds left.
|
|t:|1756469612
|-terastallize|p2b: Monke|Fire
|move|p1a: Whimsicott|Sunny Day|p1a: Whimsicott
|-weather|SunnyDay
|move|p1b: Typhlosion|Eruption|p2a: 90% = 50%|[spread] p2a,p2b
|-resisted|p2a: 90% = 50%
|-resisted|p2b: Monke
|-damage|p2a: 90% = 50%|77/100
|-damage|p2b: Monke|69/100
|move|p2a: 90% = 50%|Scale Shot|p1b: Typhlosion
|-damage|p1b: Typhlosion|80/100
|-damage|p1b: Typhlosion|58/100
|-damage|p1b: Typhlosion|36/100
|-damage|p1b: Typhlosion|13/100
|-damage|p1b: Typhlosion|0 fnt
|faint|p1b: Typhlosion
|-hitcount|p1: Typhlosion|5
|-unboost|p2a: 90% = 50%|def|1
|-boost|p2a: 90% = 50%|spe|1
|move|p2b: Monke|High Horsepower|p1a: Whimsicott
|-resisted|p1a: Whimsicott
|-damage|p1a: Whimsicott|78/100
|
|-weather|SunnyDay|[upkeep]
|-heal|p1a: Whimsicott|84/100|[from] Grassy Terrain
|-heal|p2b: Monke|75/100|[from] Grassy Terrain
|upkeep
|inactive|LeCehlou has 30 seconds left.
|inactive|LeCehlou has 20 seconds left.
|inactive|LeCehlou has 15 seconds left.
|inactive|LeCehlou has 10 seconds left.
|inactive|LeCehlou has 5 seconds left.
|
|t:|1756469664
|switch|p1b: Sneasler|Sneasler, L50, M|100/100
|turn|2
|
|t:|1756469687
|move|p1b: Sneasler|Fake Out|p2b: Monke
|-damage|p2b: Monke|54/100
|-status|p2b: Monke|psn|[from] ability: Poison Touch|[of] p1b: Sneasler
|-damage|p1b: Sneasler|91/100|[from] item: Life Orb
|move|p1a: Whimsicott|Tailwind|p1a: Whimsicott
|-sidestart|p1: LeCehlou|move: Tailwind
|move|p2a: 90% = 50%|Scale Shot|p1b: Sneasler
|-damage|p1b: Sneasler|65/100
|-damage|p1b: Sneasler|36/100
|-damage|p1b: Sneasler|11/100
|-damage|p1b: Sneasler|0 fnt
|faint|p1b: Sneasler
|-hitcount|p1: Sneasler|4
|-unboost|p2a: 90% = 50%|def|1
|-boost|p2a: 90% = 50%|spe|1
|cant|p2b: Monke|flinch
|
|-weather|SunnyDay|[upkeep]
|-heal|p1a: Whimsicott|89/100|[from] Grassy Terrain
|-heal|p2b: Monke|60/100 psn|[from] Grassy Terrain
|-damage|p2b: Monke|48/100 psn|[from] psn
|upkeep
|
|t:|1756469704
|switch|p1b: Meowscarada|Meowscarada, L50, M, shiny|100/100
|turn|3
|inactive|LeCehlou has 30 seconds left.
|inactive|Zero_blazeVGC has 30 seconds left.
|inactive|LeCehlou has 20 seconds left.
|inactive|Zero_blazeVGC has 20 seconds left.
|inactive|LeCehlou has 15 seconds left.
|inactive|Zero_blazeVGC has 15 seconds left.
|inactive|LeCehlou has 10 seconds left.
|inactive|Zero_blazeVGC has 10 seconds left.
|
|t:|1756469753
|move|p1a: Whimsicott|Encore|p2b: Monke
|-start|p2b: Monke|Encore
|move|p2b: Monke|High Horsepower|p1b: Meowscarada
|-resisted|p1b: Meowscarada
|-damage|p1b: Meowscarada|74/100
|move|p1b: Meowscarada|Triple Axel|p2a: 90% = 50%
|-start|p1b: Meowscarada|typechange|Ice|[from] ability: Protean
|-supereffective|p2a: 90% = 50%
|-damage|p2a: 90% = 50%|0 fnt
|faint|p2a: 90% = 50%
|-hitcount|p2: 90% = 50%|1
|
|-weather|SunnyDay|[upkeep]
|-heal|p1b: Meowscarada|80/100|[from] Grassy Terrain
|-heal|p1a: Whimsicott|95/100|[from] Grassy Terrain
|-heal|p2b: Monke|54/100 psn|[from] Grassy Terrain
|-damage|p2b: Monke|42/100 psn|[from] psn
|upkeep
|inactive|Zero_blazeVGC has 30 seconds left.
|
|t:|1756469782
|switch|p2a: Noah's BFF|Sneasler, L50, F, shiny|100/100
|turn|4
|
|t:|1756469805
|switch|p2b: Hi peli|Ninetales-Alola, L50, M, shiny|100/100
|-weather|Snowscape|[from] ability: Snow Warning|[of] p2b: Hi peli
|-terastallize|p1b: Meowscarada|Stellar
|move|p2a: Noah's BFF|Protect|p2a: Noah's BFF
|-singleturn|p2a: Noah's BFF|Protect
|move|p1b: Meowscarada|Triple Axel|p2a: Noah's BFF
|-activate|p2a: Noah's BFF|move: Protect
|move|p1a: Whimsicott|Moonblast|p2a: Noah's BFF
|-activate|p2a: Noah's BFF|move: Protect
|
|-weather|Snowscape|[upkeep]
|-heal|p1b: Meowscarada|86/100|[from] Grassy Terrain
|-heal|p1a: Whimsicott|100/100|[from] Grassy Terrain
|upkeep
|turn|5
|inactive|Zero_blazeVGC has 30 seconds left.
|inactive|Zero_blazeVGC has 20 seconds left.
|
|t:|1756469844
|move|p1b: Meowscarada|Triple Axel|p2a: Noah's BFF
|-damage|p2a: Noah's BFF|69/100
|-damage|p2a: Noah's BFF|8/100
|-damage|p2a: Noah's BFF|0 fnt
|faint|p2a: Noah's BFF
|-hitcount|p2: Noah's BFF|3
|move|p1a: Whimsicott|Moonblast|p2b: Hi peli
|-damage|p2b: Hi peli|56/100
|move|p2b: Hi peli|Blizzard|p1a: Whimsicott|[spread] p1a,p1b
|-supereffective|p1a: Whimsicott
|-resisted|p1b: Meowscarada
|-damage|p1a: Whimsicott|0 fnt
|-damage|p1b: Meowscarada|49/100
|faint|p1a: Whimsicott
|
|-weather|Snowscape|[upkeep]
|-heal|p1b: Meowscarada|55/100|[from] Grassy Terrain
|-heal|p2b: Hi peli|62/100|[from] Grassy Terrain
|-sideend|p1: LeCehlou|move: Tailwind
|-fieldend|move: Grassy Terrain
|upkeep
|
|t:|1756469856
|switch|p2a: Monke|Rillaboom, L50, F, shiny, tera:Fire|42/100 psn
|-fieldstart|move: Grassy Terrain|[from] ability: Grassy Surge|[of] p2a: Monke
|turn|6
|
|t:|1756469861
|move|p2a: Monke|Fake Out|p1b: Meowscarada
|-damage|p1b: Meowscarada|41/100
|move|p2b: Hi peli|Blizzard|p1b: Meowscarada
|-resisted|p1b: Meowscarada
|-damage|p1b: Meowscarada|0 fnt
|faint|p1b: Meowscarada
|
|win|Zero_blazeVGC
||LeCehlou is ready for game 2.
