|j|☆varrun
|j|☆rafastarr
|html|varrunrafastarr    
|uhtml|bestof|Game 1 of a best-of-3
|t:|1757135037
|gametype|doubles
|player|p1|varrun|169|1123
|player|p2|rafastarr|1|1153
|gen|9
|tier|[Gen 9] VGC 2025 Reg H (Bo3)
|rated|
|rule|Species Clause: Limit one of each Pokémon
|rule|Item Clause: Limit 1 of each item
|clearpoke
|poke|p1|Archaludon, L50, F|
|poke|p1|Pelipper, L50, M|
|poke|p1|Basculegion, L50, M|
|poke|p1|Amoonguss, L50, F|
|poke|p1|Incineroar, L50, F|
|poke|p1|Gholdengo, L50|
|poke|p2|Charizard, L50, M|
|poke|p2|Torkoal, L50, M|
|poke|p2|Porygon2, L50|
|poke|p2|Incineroar, L50, F|
|poke|p2|Jumpluff, L50, F|
|poke|p2|Ursaluna, L50, M|
|teampreview|4
|showteam|p1|Archaludon||AssaultVest|Stamina|DragonPulse,ElectroShot,FlashCannon,BodyPress|||F|||50|,,,,,Bug]Pelipper||FocusSash|Drizzle|WeatherBall,Hurricane,Tailwind,Protect|||M|||50|,,,,,Ground]Basculegion||ChoiceBand|SwiftSwim|WaveCrash,LastRespects,AquaJet,FlipTurn|||M|||50|,,,,,Grass]Amoonguss||CovertCloak|Regenerator|PollenPuff,RagePowder,Spore,Protect|||F|||50|,,,,,Water]Incineroar||SafetyGoggles|Intimidate|KnockOff,FakeOut,PartingShot,Taunt|||F|||50|,,,,,Ghost]Gholdengo||LifeOrb|GoodasGold|MakeItRain,ShadowBall,NastyPlot,Protect||||||50|,,,,,Water
|showteam|p2|Charizard||ChoiceSpecs|SolarPower|HeatWave,Overheat,WeatherBall,AirSlash|||M|||50|,,,,,Ghost]Torkoal||EjectPack|Drought|Eruption,Overheat,HelpingHand,Protect|||M|||50|,,,,,Fire]Porygon2||Eviolite|Download|TeraBlast,IceBeam,Recover,TrickRoom||||||50|,,,,,Fighting]Incineroar||SitrusBerry|Intimidate|FlareBlitz,KnockOff,FakeOut,PartingShot|||F|||50|,,,,,Ghost]Jumpluff||CovertCloak|Chlorophyll|SleepPowder,SunnyDay,RagePowder,Tailwind|||F|||50|,,,,,Water]Ursaluna||FlameOrb|Guts|HeadlongRush,Facade,Earthquake,Protect|||M|||50|,,,,,Ghost
|
|t:|1757135111
|teamsize|p1|4
|teamsize|p2|4
|start
|switch|p1a: Incineroar|Incineroar, L50, F|100/100
|switch|p1b: Gholdengo|Gholdengo, L50|100/100
|switch|p2a: Incineroar|Incineroar, L50, F|100/100
|switch|p2b: Jumpluff|Jumpluff, L50, F|100/100
|-ability|p2a: Incineroar|Intimidate|boost
|-unboost|p1a: Incineroar|atk|1
|-unboost|p1b: Gholdengo|atk|1
|-ability|p1a: Incineroar|Intimidate|boost
|-unboost|p2a: Incineroar|atk|1
|-unboost|p2b: Jumpluff|atk|1
|turn|1
|
|t:|1757135167
|move|p1b: Gholdengo|Protect|p1b: Gholdengo
|-singleturn|p1b: Gholdengo|Protect
|move|p2a: Incineroar|Fake Out|p1a: Incineroar
|-damage|p1a: Incineroar|93/100
|move|p2b: Jumpluff|Tailwind|p2b: Jumpluff
|-sidestart|p2: rafastarr|move: Tailwind
|cant|p1a: Incineroar|flinch
|
|upkeep
|turn|2
|
|t:|1757135188
|switch|p2b: Porygon2|Porygon2, L50|100/100
|-ability|p2b: Porygon2|Download|boost
|-boost|p2b: Porygon2|atk|1
|switch|p1b: Pelipper|Pelipper, L50, M|100/100
|-weather|RainDance|[from] ability: Drizzle|[of] p1b: Pelipper
|move|p2a: Incineroar|Knock Off|p1b: Pelipper
|-damage|p1b: Pelipper|64/100
|-enditem|p1b: Pelipper|Focus Sash|[from] move: Knock Off|[of] p2a: Incineroar
|move|p1a: Incineroar|Taunt|p2b: Porygon2
|-start|p2b: Porygon2|move: Taunt
|
|-weather|RainDance|[upkeep]
|upkeep
|turn|3
|
|t:|1757135248
|-terastallize|p1a: Incineroar|Ghost
|move|p2a: Incineroar|Parting Shot|p1b: Pelipper
|-unboost|p1b: Pelipper|atk|1
|-unboost|p1b: Pelipper|spa|1
|
|t:|1757135253
|switch|p2a: Jumpluff|Jumpluff, L50, F|100/100|[from] Parting Shot
|move|p2b: Porygon2|Ice Beam|p1b: Pelipper
|-damage|p1b: Pelipper|17/100
|move|p1b: Pelipper|Tailwind|p1b: Pelipper
|-sidestart|p1: varrun|move: Tailwind
|move|p1a: Incineroar|Knock Off|p2b: Porygon2
|-damage|p2b: Porygon2|85/100
|-enditem|p2b: Porygon2|Eviolite|[from] move: Knock Off|[of] p1a: Incineroar
|
|-weather|RainDance|[upkeep]
|upkeep
|turn|4
|
|t:|1757135292
|switch|p1b: Gholdengo|Gholdengo, L50|100/100
|move|p2a: Jumpluff|Sunny Day|p2a: Jumpluff
|-weather|SunnyDay
|move|p1a: Incineroar|Taunt|p2a: Jumpluff
|-start|p2a: Jumpluff|move: Taunt
|move|p2b: Porygon2|Ice Beam|p1b: Gholdengo
|-resisted|p1b: Gholdengo
|-damage|p1b: Gholdengo|83/100
|
|-weather|SunnyDay|[upkeep]
|-end|p2b: Porygon2|move: Taunt
|-sideend|p2: rafastarr|move: Tailwind
|upkeep
|turn|5
|
|t:|1757135335
|switch|p2a: Ursaluna|Ursaluna, L50, M|100/100
|switch|p2b: Incineroar|Incineroar, L50, F|100/100
|-ability|p2b: Incineroar|Intimidate|boost
|-unboost|p1a: Incineroar|atk|1
|-unboost|p1b: Gholdengo|atk|1
|move|p1b: Gholdengo|Nasty Plot|p1b: Gholdengo
|-boost|p1b: Gholdengo|spa|2
|move|p1a: Incineroar|Taunt|p2b: Incineroar
|-start|p2b: Incineroar|move: Taunt
|
|-weather|SunnyDay|[upkeep]
|-status|p2a: Ursaluna|brn|[from] item: Flame Orb
|upkeep
|turn|6
|
|t:|1757135392
|move|p2a: Ursaluna|Protect|p2a: Ursaluna
|-singleturn|p2a: Ursaluna|Protect
|move|p1b: Gholdengo|Make It Rain|p2b: Incineroar|[spread] p2b
|-activate|p2a: Ursaluna|move: Protect
|-resisted|p2b: Incineroar
|-crit|p2b: Incineroar
|-damage|p2b: Incineroar|16/100
|-unboost|p1b: Gholdengo|spa|1
|-enditem|p2b: Incineroar|Sitrus Berry|[eat]
|-heal|p2b: Incineroar|41/100|[from] item: Sitrus Berry
|-damage|p1b: Gholdengo|74/100|[from] item: Life Orb
|move|p1a: Incineroar|Parting Shot|p2b: Incineroar
|-unboost|p2b: Incineroar|atk|1
|-unboost|p2b: Incineroar|spa|1
|
|t:|1757135415
|switch|p1a: Pelipper|Pelipper, L50, M|17/100|[from] Parting Shot
|-weather|RainDance|[from] ability: Drizzle|[of] p1a: Pelipper
|move|p2b: Incineroar|Knock Off|p1b: Gholdengo
|-supereffective|p1b: Gholdengo
|-damage|p1b: Gholdengo|10/100
|-enditem|p1b: Gholdengo|Life Orb|[from] move: Knock Off|[of] p2b: Incineroar
|
|-weather|RainDance|[upkeep]
|-damage|p2a: Ursaluna|95/100 brn|[from] brn
|-sideend|p1: varrun|move: Tailwind
|upkeep
|turn|7
|
|t:|1757135463
|switch|p2b: Jumpluff|Jumpluff, L50, F|100/100
|move|p1b: Gholdengo|Make It Rain|p2a: Ursaluna|[spread] p2a,p2b
|-damage|p2a: Ursaluna|26/100 brn
|-damage|p2b: Jumpluff|31/100
|-unboost|p1b: Gholdengo|spa|1
|move|p1a: Pelipper|Weather Ball|p2a: Ursaluna
|-supereffective|p2a: Ursaluna
|-damage|p2a: Ursaluna|0 fnt
|faint|p2a: Ursaluna
|
|-weather|RainDance|[upkeep]
|upkeep
|
|t:|1757135474
|switch|p2a: Incineroar|Incineroar, L50, F|41/100
|-ability|p2a: Incineroar|Intimidate|boost
|-unboost|p1a: Pelipper|atk|1
|-unboost|p1b: Gholdengo|atk|1
|turn|8
|
|t:|1757135519
|switch|p2b: Porygon2|Porygon2, L50|85/100
|-ability|p2b: Porygon2|Download|boost
|-boost|p2b: Porygon2|spa|1
|move|p2a: Incineroar|Fake Out|p1a: Pelipper
|-damage|p1a: Pelipper|0 fnt
|faint|p1a: Pelipper
|move|p1b: Gholdengo|Make It Rain|p2b: Porygon2|[spread] p2a,p2b
|-resisted|p2a: Incineroar
|-damage|p2a: Incineroar|20/100
|-damage|p2b: Porygon2|41/100
|-unboost|p1b: Gholdengo|spa|1
|
|-weather|RainDance|[upkeep]
|upkeep
|
|t:|1757135533
|switch|p1a: Basculegion|Basculegion, L50, M|100/100
|turn|9
|
|t:|1757135563
|switch|p2a: Jumpluff|Jumpluff, L50, F|31/100
|move|p1a: Basculegion|Flip Turn|p2b: Porygon2
|-damage|p2b: Porygon2|0 fnt
|faint|p2b: Porygon2
|
|t:|1757135569
|switch|p1a: Incineroar|Incineroar, L50, F, tera:Ghost|93/100|[from] Flip Turn
|-ability|p1a: Incineroar|Intimidate|boost
|-unboost|p2a: Jumpluff|atk|1
|move|p1b: Gholdengo|Make It Rain|p2a: Jumpluff
|-damage|p2a: Jumpluff|0 fnt
|-unboost|p1b: Gholdengo|spa|1
|faint|p2a: Jumpluff
|
|-weather|RainDance|[upkeep]
|upkeep
|-message|rafastarr forfeited.
|
|win|varrun
||rafastarr is ready for game 2.
||varrun is ready for game 2.
|uhtml|next|Next: Game 2 of 3
|l|☆varrun
|player|p1|
