|j|☆msmaggieus
|j|☆Oriozz
|html|msmaggieusOriozz    
|uhtml|bestof|Game 1 of a best-of-3
|t:|1783551947
|gametype|doubles
|player|p1|msmaggieus|beauty|1000
|player|p2|Oriozz|2|1099
|gen|9
|tier|[Gen 9 Champions] VGC 2026 Reg M-B (Bo3)
|rated|
|rule|Species Clause: Limit one of each Pokémon
|rule|Item Clause: Limit 1 of each item
|clearpoke
|poke|p1|Scolipede, L50, F|
|poke|p1|Aerodactyl, L50, F|
|poke|p1|Incineroar, L50, M|
|poke|p1|Sinistcha, L50|
|poke|p1|Primarina, L50, M|
|poke|p1|Ceruledge, L50, F|
|poke|p2|Kingambit, L50, F|
|poke|p2|Floette-Eternal, L50, F|
|poke|p2|Sneasler, L50, M|
|poke|p2|Incineroar, L50, F|
|poke|p2|Garchomp, L50, F|
|poke|p2|Sinistcha, L50|
|teampreview|4
|showteam|p1|Scolipede||Scolipite|SpeedBoost|SwordsDance,LeechLife,PoisonJab,Protect|Careful||F|||50|]Aerodactyl||FocusSash|Unnerve|Tailwind,WideGuard,DualWingbeat,RockSlide|Jolly||F|||50|]Incineroar||SitrusBerry|Intimidate|PartingShot,FakeOut,FlareBlitz,DarkestLariat|Careful||M|||50|]Sinistcha||ColburBerry|Hospitality|RagePowder,TrickRoom,MatchaGotcha,Protect|Relaxed|||||50|]Primarina||MysticWater|LiquidVoice|HyperVoice,Moonblast,CalmMind,Protect|Modest||M|||50|]Ceruledge||LifeOrb|FlashFire|BitterBlade,BulkUp,ShadowSneak,Protect|Careful||F|||50|
|showteam|p2|Kingambit||ChopleBerry|Defiant|KowtowCleave,Protect,SuckerPunch,IronHead|Adamant||F|||50|]Floette-Eternal||Floettite|FlowerVeil|DazzlingGleam,DrainingKiss,Protect,CalmMind|Bold||F|||50|]Sneasler||FocusSash|Unburden|FakeOut,DireClaw,CloseCombat,Coaching|Jolly||M|||50|]Incineroar||Leftovers|Intimidate|FakeOut,FlareBlitz,PartingShot,HelpingHand|Careful||F|||50|]Garchomp||Garchompite|RoughSkin|Earthquake,StompingTantrum,RockSlide,Protect|Adamant||F|||50|]Sinistcha||SitrusBerry|Hospitality|Protect,MatchaGotcha,TrickRoom,RagePowder|Bold|||||50|
|inactive|Battle timer is ON: inactive players will automatically lose when time's up. (requested by Oriozz)
|inactive|Oriozz has 60 seconds left.
|inactive|Oriozz has 30 seconds left.
|inactive|Oriozz has 20 seconds left.
|inactive|Oriozz has 15 seconds left.
|inactive|Oriozz has 10 seconds left.
|inactive|Oriozz has 5 seconds left.
|
|t:|1783552033
|teamsize|p1|4
|teamsize|p2|4
|start
|switch|p1a: Scolipede|Scolipede, L50, F|100/100
|switch|p1b: Aerodactyl|Aerodactyl, L50, F|100/100
|switch|p2a: Incineroar|Incineroar, L50, F|100/100
|switch|p2b: Kingambit|Kingambit, L50, F|100/100
|-ability|p1b: Aerodactyl|Unnerve
|-ability|p2a: Incineroar|Intimidate|boost
|-unboost|p1a: Scolipede|atk|1
|-unboost|p1b: Aerodactyl|atk|1
|turn|1
|inactive|msmaggieus has 30 seconds left.
|inactive|Oriozz has 30 seconds left.
|
|t:|1783552062
|move|p2a: Incineroar|Fake Out|p1b: Aerodactyl
|-resisted|p1b: Aerodactyl|1
|-damage|p1b: Aerodactyl|92/100
|cant|p1b: Aerodactyl|flinch
|move|p1a: Scolipede|Swords Dance|p1a: Scolipede
|-boost|p1a: Scolipede|atk|2
|move|p2b: Kingambit|Iron Head|p1b: Aerodactyl
|-supereffective|p1b: Aerodactyl|1
|-damage|p1b: Aerodactyl|0 fnt
|faint|p1b: Aerodactyl
|
|-ability|p1a: Scolipede|Speed Boost|boost
|-boost|p1a: Scolipede|spe|1
|upkeep
|
|t:|1783552078
|switch|p1b: Primarina|Primarina, L50, M|100/100
|turn|2
|inactive|Oriozz has 30 seconds left.
|
|t:|1783552108
|move|p1a: Scolipede|Protect|p1a: Scolipede
|-singleturn|p1a: Scolipede|Protect
|move|p1b: Primarina|Calm Mind|p1b: Primarina
|-boost|p1b: Primarina|spa|1
|-boost|p1b: Primarina|spd|1
|move|p2a: Incineroar|Parting Shot|p1b: Primarina
|-unboost|p1b: Primarina|atk|1
|-unboost|p1b: Primarina|spa|1
|
|t:|1783552123
|switch|p2a: Floette|Floette-Eternal, L50, F|100/100|[from] Parting Shot
|move|p2b: Kingambit|Kowtow Cleave|p1a: Scolipede
|-activate|p1a: Scolipede|move: Protect
|
|-ability|p1a: Scolipede|Speed Boost|boost
|-boost|p1a: Scolipede|spe|1
|upkeep
|turn|3
|
|t:|1783552141
|switch|p2a: Incineroar|Incineroar, L50, F|100/100
|-ability|p2a: Incineroar|Intimidate|boost
|-unboost|p1a: Scolipede|atk|1
|-unboost|p1b: Primarina|atk|1
|detailschange|p1a: Scolipede|Scolipede-Mega, L50, F
|-mega|p1a: Scolipede|Scolipede|Scolipite
|move|p1a: Scolipede|Poison Jab|p2a: Incineroar
|-damage|p2a: Incineroar|67/100
|move|p1b: Primarina|Calm Mind|p1b: Primarina
|-boost|p1b: Primarina|spa|1
|-boost|p1b: Primarina|spd|1
|move|p2b: Kingambit|Kowtow Cleave|p1a: Scolipede
|-damage|p1a: Scolipede|67/100
|
|-heal|p2a: Incineroar|73/100|[from] item: Leftovers
|upkeep
|turn|4
|inactive|Oriozz has 30 seconds left.
|
|t:|1783552176
|move|p2a: Incineroar|Fake Out|p1b: Primarina
|-damage|p1b: Primarina|86/100
|move|p1a: Scolipede|Swords Dance|p1a: Scolipede
|-boost|p1a: Scolipede|atk|2
|cant|p1b: Primarina|flinch
|move|p2b: Kingambit|Kowtow Cleave|p1a: Scolipede
|-damage|p1a: Scolipede|28/100
|
|-heal|p2a: Incineroar|79/100|[from] item: Leftovers
|upkeep
|turn|5
|inactive|Oriozz has 30 seconds left.
|
|t:|1783552204
|move|p2b: Kingambit|Sucker Punch|p1a: Scolipede
|-damage|p1a: Scolipede|0 fnt
|faint|p1a: Scolipede
|move|p1b: Primarina|Hyper Voice|p2a: Incineroar|[spread] p2a,p2b
|-supereffective|p2a: Incineroar|1
|-damage|p2a: Incineroar|0 fnt
|-damage|p2b: Kingambit|44/100
|faint|p2a: Incineroar
|
|upkeep
|
|t:|1783552212
|switch|p1a: Ceruledge|Ceruledge, L50, F|100/100
|switch|p2a: Sinistcha|Sinistcha, L50|100/100
|-heal|p2b: Kingambit|69/100|[from] ability: Hospitality|[of] p2a: Sinistcha
|turn|6
|
|t:|1783552234
|move|p2b: Kingambit|Sucker Punch||[still]
|-fail|p2b: Kingambit
|move|p1a: Ceruledge|Bulk Up|p1a: Ceruledge
|-boost|p1a: Ceruledge|atk|1
|-boost|p1a: Ceruledge|def|1
|move|p1b: Primarina|Hyper Voice|p2a: Sinistcha|[spread] p2a,p2b
|-resisted|p2a: Sinistcha|1
|-damage|p2a: Sinistcha|69/100
|-damage|p2b: Kingambit|7/100
|move|p2a: Sinistcha|Matcha Gotcha|p1a: Ceruledge|[spread] p1a,p1b
|-resisted|p1a: Ceruledge|1
|-supereffective|p1b: Primarina|1
|-damage|p1a: Ceruledge|89/100
|-heal|p2a: Sinistcha|75/100|[from] drain|[of] p1a: Ceruledge
|-damage|p1b: Primarina|65/100
|-heal|p2a: Sinistcha|85/100|[from] drain|[of] p1b: Primarina
|
|upkeep
|turn|7
|inactive|Oriozz has 30 seconds left.
|
|t:|1783552267
|move|p2b: Kingambit|Protect|p2b: Kingambit
|-singleturn|p2b: Kingambit|Protect
|move|p1a: Ceruledge|Shadow Sneak|p2a: Sinistcha
|-supereffective|p2a: Sinistcha|1
|-damage|p2a: Sinistcha|37/100
|-enditem|p2a: Sinistcha|Sitrus Berry|[eat]
|-heal|p2a: Sinistcha|62/100|[from] item: Sitrus Berry
|-damage|p1a: Ceruledge|79/100|[from] item: Life Orb
|move|p1b: Primarina|Hyper Voice|p2a: Sinistcha|[spread] p2a
|-activate|p2b: Kingambit|move: Protect
|-resisted|p2a: Sinistcha|1
|-damage|p2a: Sinistcha|31/100
|move|p2a: Sinistcha|Matcha Gotcha|p1a: Ceruledge|[spread] p1a,p1b
|-resisted|p1a: Ceruledge|1
|-supereffective|p1b: Primarina|1
|-damage|p1a: Ceruledge|68/100
|-heal|p2a: Sinistcha|37/100|[from] drain|[of] p1a: Ceruledge
|-damage|p1b: Primarina|45/100
|-heal|p2a: Sinistcha|48/100|[from] drain|[of] p1b: Primarina
|
|upkeep
|turn|8
|inactive|Oriozz has 30 seconds left.
|
|t:|1783552293
|move|p1a: Ceruledge|Shadow Sneak|p2a: Sinistcha
|-supereffective|p2a: Sinistcha|1
|-damage|p2a: Sinistcha|0 fnt
|faint|p2a: Sinistcha
|-damage|p1a: Ceruledge|58/100|[from] item: Life Orb
|move|p2b: Kingambit|Sucker Punch|p1b: Primarina
|-resisted|p1b: Primarina|1
|-damage|p1b: Primarina|22/100
|move|p1b: Primarina|Hyper Voice|p2b: Kingambit
|-damage|p2b: Kingambit|0 fnt
|faint|p2b: Kingambit
|
|upkeep
|
|t:|1783552304
|switch|p2b: Floette|Floette-Eternal, L50, F|100/100
|turn|9
|
|t:|1783552313
|detailschange|p2b: Floette|Floette-Mega, L50, F
|-mega|p2b: Floette|Floette|Floettite
|-ability|p2b: Floette|Fairy Aura
|move|p2b: Floette|Dazzling Gleam|p1a: Ceruledge|[spread] p1a,p1b
|-resisted|p1a: Ceruledge|1
|-crit|p1b: Primarina
|-damage|p1a: Ceruledge|39/100
|-damage|p1b: Primarina|0 fnt
|faint|p1b: Primarina
|move|p1a: Ceruledge|Bitter Blade|p2b: Floette
|-damage|p2b: Floette|23/100
|-heal|p1a: Ceruledge|72/100|[from] drain|[of] p2b: Floette
|-damage|p1a: Ceruledge|62/100|[from] item: Life Orb
|
|upkeep
|turn|10
|
|t:|1783552328
|move|p2b: Floette|Dazzling Gleam|p1a: Ceruledge
|-resisted|p1a: Ceruledge|1
|-damage|p1a: Ceruledge|35/100
|move|p1a: Ceruledge|Bitter Blade|p2b: Floette
|-damage|p2b: Floette|0 fnt
|-heal|p1a: Ceruledge|46/100|[from] drain|[of] p2b: Floette
|faint|p2b: Floette
|-damage|p1a: Ceruledge|36/100|[from] item: Life Orb
|
|win|msmaggieus
|inactive|msmaggieus has 30 seconds to confirm battle start!
|inactive|Oriozz has 30 seconds to confirm battle start!
||Oriozz is ready for game 2.
|raw|msmaggieus's rating: 1000 → 1000(+0 for losing)
|raw|Oriozz's rating: 1099 → 1117(+18 for winning)
