|j|☆1Manuel1410
|j|☆G3N13
|html|1Manuel1410G3N13    
|uhtml|bestof|Game 2 of a best-of-3
|t:|1784808426
|gametype|doubles
|player|p1|1Manuel1410|palmer|1096
|player|p2|G3N13|n|1189
|gen|9
|tier|[Gen 9 Champions] VGC 2026 Reg M-B (Bo3)
|rated|
|rule|Species Clause: Limit one of each Pokémon
|rule|Item Clause: Limit 1 of each item
|clearpoke
|poke|p1|Dragalge, L50, F|
|poke|p1|Sinistcha, L50|
|poke|p1|Incineroar, L50, M|
|poke|p1|Milotic, L50, F|
|poke|p1|Ninetales-Alola, L50, M|
|poke|p1|Kingambit, L50, M|
|poke|p2|Scovillain, L50, F|
|poke|p2|Primarina, L50, M|
|poke|p2|Raichu, L50, M|
|poke|p2|Corviknight, L50, M|
|poke|p2|Ninetales-Alola, L50, M|
|poke|p2|Garchomp, L50, F|
|teampreview|4
|showteam|p1|Dragalge||Dragalgite|PoisonPoint|Protect,SludgeBomb,Toxic,DragonPulse|Bold||F|||50|]Sinistcha||ColburBerry|Hospitality|MatchaGotcha,RagePowder,TrickRoom,Hex|Modest|||||50|]Incineroar||Charcoal|Intimidate|FakeOut,FlareBlitz,DarkestLariat,PartingShot|Adamant||M|||50|]Milotic||Leftovers|Competitive|Recover,Coil,MuddyWater,Hypnosis|Calm||F|||50|]Ninetales-Alola||LightClay|SnowWarning|Protect,AuroraVeil,Blizzard,Moonblast|Timid||M|||50|]Kingambit||ChopleBerry|Defiant|SuckerPunch,KowtowCleave,IronHead,LowKick|Adamant||M|||50|
|showteam|p2|Scovillain||Scovillainite|Moody|RagePowder,Overheat,Protect,GigaDrain|Calm||F|||50|]Primarina||Leftovers|LiquidVoice|Moonblast,HyperVoice,Protect,CalmMind|Modest||M|||50|]Raichu||RaichuniteY|LightningRod|ZapCannon,FakeOut,FocusBlast,Protect|Timid||M|||50|]Corviknight||SitrusBerry|MirrorArmor|BraveBird,IronHead,Protect,Tailwind|Adamant||M|||50|]Ninetales-Alola||LightClay|SnowWarning|Blizzard,FreezeDry,Protect,AuroraVeil|Modest||M|||50|]Garchomp||LifeOrb|RoughSkin|Earthquake,RockSlide,DragonClaw,Protect|Jolly||F|||50|
|inactive|Battle timer is ON: inactive players will automatically lose when time's up. (requested by 1Manuel1410)
|
|t:|1784808451
|teamsize|p1|4
|teamsize|p2|4
|start
|switch|p1a: Dragalge|Dragalge, L50, F|100/100
|switch|p1b: Kingambit|Kingambit, L50, M|100/100
|switch|p2a: Corviknight|Corviknight, L50, M|100/100
|switch|p2b: Ninetales|Ninetales-Alola, L50, M|100/100
|-weather|Snowscape|[from] ability: Snow Warning|[of] p2b: Ninetales
|turn|1
|
|t:|1784808468
|switch|p1a: Milotic|Milotic, L50, F|100/100
|move|p2b: Ninetales|Aurora Veil|p2b: Ninetales
|-sidestart|p2: G3N13|move: Aurora Veil
|move|p2a: Corviknight|Brave Bird|p1a: Milotic
|-damage|p1a: Milotic|60/100
|-damage|p2a: Corviknight|87/100|[from] Recoil
|move|p1b: Kingambit|Iron Head|p2b: Ninetales
|-supereffective|p2b: Ninetales|2
|-damage|p2b: Ninetales|10/100
|
|-weather|Snowscape|[upkeep]
|-heal|p1a: Milotic|67/100|[from] item: Leftovers
|upkeep
|turn|2
|
|t:|1784808490
|switch|p2b: Raichu|Raichu, L50, M|100/100
|move|p1b: Kingambit|Sucker Punch||[still]
|-fail|p1b: Kingambit
|move|p2a: Corviknight|Brave Bird|p1a: Milotic
|-damage|p1a: Milotic|26/100
|-damage|p2a: Corviknight|73/100|[from] Recoil
|move|p1a: Milotic|Coil|p1a: Milotic
|-boost|p1a: Milotic|atk|1
|-boost|p1a: Milotic|def|1
|-boost|p1a: Milotic|accuracy|1
|
|-weather|Snowscape|[upkeep]
|-heal|p1a: Milotic|32/100|[from] item: Leftovers
|upkeep
|turn|3
|
|t:|1784808507
|detailschange|p2b: Raichu|Raichu-Mega-Y, L50, M
|-mega|p2b: Raichu|Raichu|Raichunite Y
|move|p2b: Raichu|Fake Out|p1a: Milotic
|-damage|p1a: Milotic|27/100
|move|p2a: Corviknight|Brave Bird|p1a: Milotic
|-damage|p1a: Milotic|2/100
|-damage|p2a: Corviknight|65/100|[from] Recoil
|cant|p1a: Milotic|flinch
|move|p1b: Kingambit|Kowtow Cleave|p2b: Raichu
|-damage|p2b: Raichu|25/100
|
|-weather|Snowscape|[upkeep]
|-heal|p1a: Milotic|8/100|[from] item: Leftovers
|upkeep
|turn|4
|
|t:|1784808531
|switch|p2b: Garchomp|Garchomp, L50, F|100/100
|move|p1b: Kingambit|Sucker Punch||[still]
|-fail|p1b: Kingambit
|move|p2a: Corviknight|Brave Bird|p1a: Milotic
|-damage|p1a: Milotic|0 fnt
|faint|p1a: Milotic
|-damage|p2a: Corviknight|62/100|[from] Recoil
|
|-weather|Snowscape|[upkeep]
|upkeep
|
|t:|1784808535
|switch|p1a: Ninetales|Ninetales-Alola, L50, M|100/100
|turn|5
|
|t:|1784808546
|move|p2b: Garchomp|Protect|p2b: Garchomp
|-singleturn|p2b: Garchomp|Protect
|move|p1a: Ninetales|Blizzard|p2b: Garchomp|[spread] p2a
|-activate|p2b: Garchomp|move: Protect
|-damage|p2a: Corviknight|43/100
|-enditem|p2a: Corviknight|Sitrus Berry|[eat]
|-heal|p2a: Corviknight|67/100|[from] item: Sitrus Berry
|move|p2a: Corviknight|Iron Head|p1a: Ninetales
|-supereffective|p1a: Ninetales|2
|-damage|p1a: Ninetales|0 fnt
|faint|p1a: Ninetales
|move|p1b: Kingambit|Kowtow Cleave|p2a: Corviknight
|-crit|p2a: Corviknight
|-damage|p2a: Corviknight|0 fnt
|faint|p2a: Corviknight
|
|-weather|none
|upkeep
|
|t:|1784808566
|switch|p1a: Dragalge|Dragalge, L50, F|100/100
|switch|p2a: Raichu|Raichu-Mega-Y, L50, M|25/100
|turn|6
|
|t:|1784808579
|detailschange|p1a: Dragalge|Dragalge-Mega, L50, F
|-mega|p1a: Dragalge|Dragalge|Dragalgite
|move|p1a: Dragalge|Protect|p1a: Dragalge
|-singleturn|p1a: Dragalge|Protect
|move|p1b: Kingambit|Sucker Punch|p2b: Garchomp
|-damage|p2b: Garchomp|71/100
|-damage|p1b: Kingambit|87/100|[from] ability: Rough Skin|[of] p2b: Garchomp
|move|p2a: Raichu|Focus Blast|p1b: Kingambit
|-supereffective|p1b: Kingambit|2
|-enditem|p1b: Kingambit|Chople Berry|[eat]
|-enditem|p1b: Kingambit|Chople Berry|[weaken]
|-damage|p1b: Kingambit|0 fnt
|faint|p1b: Kingambit
|move|p2b: Garchomp|Dragon Claw|p1a: Dragalge
|-activate|p1a: Dragalge|move: Protect
|
|upkeep
|turn|7
|
|t:|1784808589
|move|p2a: Raichu|Zap Cannon|p1a: Dragalge
|-resisted|p1a: Dragalge|1
|-damage|p1a: Dragalge|75/100
|-status|p1a: Dragalge|par
|move|p2b: Garchomp|Dragon Claw|p1a: Dragalge
|-supereffective|p1a: Dragalge|1
|-damage|p1a: Dragalge|0 fnt
|faint|p1a: Dragalge
|-damage|p2b: Garchomp|61/100|[from] item: Life Orb
|
|win|G3N13
|raw|1Manuel1410's rating: 1096 → 1078(-18 for losing)
|raw|G3N13's rating: 1189 → 1207(+18 for winning)
