|j|☆Noyomi
|j|☆Darking81
|html|NoyomiDarking81    
|uhtml|bestof|Game 2 of a best-of-3
|t:|1783558152
|gametype|doubles
|player|p1|Noyomi|pokemonrangerf|
|player|p2|Darking81|hugh|
|gen|9
|tier|[Gen 9 Champions] VGC 2026 Reg M-B (Bo3)
|rule|Species Clause: Limit one of each Pokémon
|rule|Item Clause: Limit 1 of each item
|clearpoke
|poke|p1|Charizard, L50, F|
|poke|p1|Garchomp, L50, F|
|poke|p1|Sneasler, L50, M|
|poke|p1|Venusaur, L50, M|
|poke|p1|Milotic, L50, F|
|poke|p1|Ampharos, L50, F|
|poke|p2|Blastoise, L50, F|
|poke|p2|Incineroar, L50, F|
|poke|p2|Farigiraf, L50, F|
|poke|p2|Hatterene, L50, F|
|poke|p2|Torkoal, L50, M|
|poke|p2|Clefable, L50, M|
|teampreview|4
|showteam|p1|Charizard||CharizarditeY|Blaze|HeatWave,SolarBeam,Protect,ScorchingSands|Timid||F|||50|]Garchomp||SitrusBerry|RoughSkin|Earthquake,DragonClaw,Protect,RockSlide|Adamant||F|||50|]Sneasler||WhiteHerb|Unburden|CloseCombat,DireClaw,FakeOut,Protect|Adamant||M|||50|]Venusaur||FocusSash|Chlorophyll|SleepPowder,SludgeBomb,Protect,GigaDrain|Timid||M|||50|]Milotic||Leftovers|Competitive|Scald,IcyWind,Protect,Recover|Calm||F|||50|]Ampharos||Ampharosite|Static|DragonPulse,ParabolicCharge,Protect,HelpingHand|Modest||F|||50|
|showteam|p2|Blastoise||Blastoisinite|Torrent|AquaJet,IceBeam,Endure,Protect|Modest||F|||50|]Incineroar||SitrusBerry|Intimidate|FakeOut,PartingShot,FlareBlitz,ThroatChop|Careful||F|||50|]Farigiraf||MentalHerb|SapSipper|TrickRoom,HyperVoice,Psychic,Protect|Relaxed||F|||50|]Hatterene||FocusSash|MagicBounce|TrickRoom,DazzlingGleam,Psychic,Protect|Quiet||F|||50|]Torkoal||Charcoal|Drought|Eruption,HeatWave,EarthPower,Protect|Quiet||M|||50|]Clefable||ChoiceScarf|MagicGuard|FollowMe,Moonblast,HelpingHand,Protect|Bold||M|||50|
|
|t:|1783558169
|teamsize|p1|4
|teamsize|p2|4
|start
|switch|p1a: Sssssss|Milotic, L50, F|100/100
|switch|p1b: Chi|Ampharos, L50, F|100/100
|switch|p2a: Incineroar|Incineroar, L50, F|100/100
|switch|p2b: Farigiraf|Farigiraf, L50, F|100/100
|-ability|p2a: Incineroar|Intimidate|boost
|-unboost|p1a: Sssssss|atk|1
|-ability|p1a: Sssssss|Competitive|boost
|-boost|p1a: Sssssss|spa|2
|-unboost|p1b: Chi|atk|1
|turn|1
|
|t:|1783558190
|move|p1b: Chi|Helping Hand|p1a: Sssssss
|-singleturn|p1a: Sssssss|Helping Hand|[of] p1b: Chi
|move|p2a: Incineroar|Fake Out|p1a: Sssssss
|-damage|p1a: Sssssss|87/100
|cant|p1a: Sssssss|flinch
|move|p2b: Farigiraf|Trick Room|p2b: Farigiraf
|-fieldstart|move: Trick Room|[of] p2b: Farigiraf
|
|-heal|p1a: Sssssss|93/100|[from] item: Leftovers
|upkeep
|turn|2
|
|t:|1783558209
|switch|p2a: Blastoise|Blastoise, L50, F|100/100
|move|p1b: Chi|Helping Hand|p1a: Sssssss
|-singleturn|p1a: Sssssss|Helping Hand|[of] p1b: Chi
|move|p2b: Farigiraf|Protect|p2b: Farigiraf
|-singleturn|p2b: Farigiraf|Protect
|move|p1a: Sssssss|Scald|p2a: Blastoise
|-resisted|p2a: Blastoise|1
|-crit|p2a: Blastoise
|-damage|p2a: Blastoise|47/100
|-status|p2a: Blastoise|brn
|
|-heal|p1a: Sssssss|99/100|[from] item: Leftovers
|-damage|p2a: Blastoise|41/100 brn|[from] brn
|upkeep
|turn|3
|
|t:|1783558228
|detailschange|p2a: Blastoise|Blastoise-Mega, L50, F
|-mega|p2a: Blastoise|Blastoise|Blastoisinite
|move|p1b: Chi|Helping Hand|p1a: Sssssss
|-singleturn|p1a: Sssssss|Helping Hand|[of] p1b: Chi
|move|p2b: Farigiraf|Psychic|p1b: Chi
|-damage|p1b: Chi|62/100
|move|p2a: Blastoise|Ice Beam|p1a: Sssssss
|-resisted|p1a: Sssssss|1
|-damage|p1a: Sssssss|91/100
|move|p1a: Sssssss|Icy Wind|p2a: Blastoise|[spread] p2a,p2b
|-resisted|p2a: Blastoise|1
|-damage|p2a: Blastoise|30/100 brn
|-damage|p2b: Farigiraf|70/100
|-unboost|p2a: Blastoise|spe|1
|-unboost|p2b: Farigiraf|spe|1
|
|-heal|p1a: Sssssss|97/100|[from] item: Leftovers
|-damage|p2a: Blastoise|24/100 brn|[from] brn
|upkeep
|turn|4
|
|t:|1783558259
|move|p1b: Chi|Helping Hand|p1a: Sssssss
|-singleturn|p1a: Sssssss|Helping Hand|[of] p1b: Chi
|move|p2b: Farigiraf|Hyper Voice|p1a: Sssssss|[spread] p1a,p1b
|-damage|p1a: Sssssss|78/100
|-damage|p1b: Chi|35/100
|move|p2a: Blastoise|Ice Beam|p1b: Chi
|-crit|p1b: Chi
|-damage|p1b: Chi|0 fnt
|faint|p1b: Chi
|move|p1a: Sssssss|Scald|p2b: Farigiraf
|-damage|p2b: Farigiraf|0 fnt
|faint|p2b: Farigiraf
|
|-heal|p1a: Sssssss|84/100|[from] item: Leftovers
|-damage|p2a: Blastoise|18/100 brn|[from] brn
|upkeep
|
|t:|1783558275
|switch|p2b: Torkoal|Torkoal, L50, M|100/100
|switch|p1b: Calcifer|Charizard, L50, F|100/100
|-weather|SunnyDay|[from] ability: Drought|[of] p2b: Torkoal
|turn|5
|
|t:|1783558295
|detailschange|p1b: Calcifer|Charizard-Mega-Y, L50, F
|-mega|p1b: Calcifer|Charizard|Charizardite Y
|move|p2b: Torkoal|Earth Power|p1a: Sssssss
|-damage|p1a: Sssssss|68/100
|move|p2a: Blastoise|Ice Beam|p1b: Calcifer
|-damage|p1b: Calcifer|67/100
|move|p1a: Sssssss|Scald|p2b: Torkoal
|-supereffective|p2b: Torkoal|1
|-damage|p2b: Torkoal|27/100
|move|p1b: Calcifer|Solar Beam||[still]
|-prepare|p1b: Calcifer|Solar Beam
|-anim|p1b: Calcifer|Solar Beam|p2a: Blastoise
|-supereffective|p2a: Blastoise|1
|-damage|p2a: Blastoise|0 fnt
|faint|p2a: Blastoise
|
|-weather|SunnyDay|[upkeep]
|-heal|p1a: Sssssss|74/100|[from] item: Leftovers
|-fieldend|move: Trick Room
|upkeep
|
|t:|1783558301
|switch|p2a: Incineroar|Incineroar, L50, F|100/100
|-ability|p2a: Incineroar|Intimidate|boost
|-unboost|p1a: Sssssss|atk|1
|-ability|p1a: Sssssss|Competitive|boost
|-boost|p1a: Sssssss|spa|2
|-unboost|p1b: Calcifer|atk|1
|turn|6
|
|t:|1783558336
|move|p2a: Incineroar|Fake Out|p1b: Calcifer
|-damage|p1b: Calcifer|52/100
|cant|p1b: Calcifer|flinch
|move|p1a: Sssssss|Scald|p2b: Torkoal
|-supereffective|p2b: Torkoal|1
|-damage|p2b: Torkoal|0 fnt
|faint|p2b: Torkoal
|
|-weather|SunnyDay|[upkeep]
|-heal|p1a: Sssssss|80/100|[from] item: Leftovers
|upkeep
|turn|7
|
|t:|1783558350
|move|p1b: Calcifer|Scorching Sands|p2a: Incineroar
|-supereffective|p2a: Incineroar|1
|-damage|p2a: Incineroar|55/100
|move|p1a: Sssssss|Scald|p2a: Incineroar
|-supereffective|p2a: Incineroar|1
|-damage|p2a: Incineroar|0 fnt
|faint|p2a: Incineroar
|
|win|Noyomi
|inactive|Noyomi has 30 seconds to confirm battle start!
|inactive|Darking81 has 30 seconds to confirm battle start!
||Darking81 is ready for game 3.
||Noyomi is ready for game 3.
|uhtml|next|Next: Game 3 of 3
|l|☆Darking81
|player|p2|
