|j|☆Linkmasterjr
|j|☆jonathan53332
|html|Linkmasterjrjonathan53332    
|uhtml|bestof|Game 2 of a best-of-3
|t:|1786123559
|gametype|doubles
|player|p1|Linkmasterjr|1|
|player|p2|jonathan53332|1|
|gen|9
|tier|[Gen 9 Champions] VGC 2026 Reg M-B (Bo3)
|rule|Species Clause: Limit one of each Pokémon
|rule|Item Clause: Limit 1 of each item
|clearpoke
|poke|p1|Raichu, L50, M|
|poke|p1|Gardevoir, L50, M, shiny|
|poke|p1|Samurott-Hisui, L50, F|
|poke|p1|Dragapult, L50, F|
|poke|p1|Corviknight, L50, F|
|poke|p1|Volcarona, L50, F|
|poke|p2|Charizard, L50, F|
|poke|p2|Sinistcha-Masterpiece, L50|
|poke|p2|Pelipper, L50, M|
|poke|p2|Primarina, L50, M|
|poke|p2|Tyranitar, L50, F|
|poke|p2|Lucario, L50, M|
|teampreview|4
|showteam|p1|Raichu||RaichuniteY|LightningRod|Round,ZapCannon,FocusBlast,Protect|Timid||M|||50|]Gardevoir||Gardevoirite|Trace|Protect,Round,ShadowBall,EnergyBall|Timid||M|||50|]Samurott-Hisui||QuickClaw|Sharpness|CeaselessEdge,RazorShell,SacredSword,Protect|Jolly||F|||50|]Dragapult||MuscleBand|ClearBody|DragonDarts,Thunderbolt,PhantomForce,Protect|Hasty||F|||50|]Corviknight||Leftovers|MirrorArmor|Tailwind,SteelWing,AerialAce,FakeTears|Adamant||F|||50|]Volcarona||BrightPowder|FlameBody|FieryDance,Hurricane,Protect,GigaDrain|Timid||F|||50|
|showteam|p2|Charizard||CharizarditeY|SolarPower|SolarBeam,WeatherBall,AirCutter,HeatWave|Timid||F|||50|]Sinistcha-Masterpiece||SitrusBerry|Hospitality|Scald,MatchaGotcha,ShadowBall,StrengthSap|Modest|||||50|]Pelipper||FocusSash|Drizzle|Tailwind,IcyWind,Hurricane,WideGuard|Modest||M|||50|]Primarina||Leftovers|LiquidVoice|HyperVoice,Blizzard,EnergyBall,ShadowBall|Modest||M|||50|]Tyranitar||Tyranitarite|SandStream|Earthquake,RockSlide,FirePunch,Protect|Adamant||F|||50|]Lucario||LifeOrb|Steadfast|BulletPunch,MeteorMash,PoisonJab,DrainPunch|Jolly||M|||50|
|
|t:|1786123589
|teamsize|p1|4
|teamsize|p2|4
|start
|switch|p1a: Corviknight|Corviknight, L50, F|100/100
|switch|p1b: Dragapult|Dragapult, L50, F|100/100
|switch|p2a: Pelipper|Pelipper, L50, M|100/100
|switch|p2b: Primarina|Primarina, L50, M|100/100
|-weather|RainDance|[from] ability: Drizzle|[of] p2a: Pelipper
|turn|1
|
|t:|1786123612
|move|p1b: Dragapult|Protect|p1b: Dragapult
|-singleturn|p1b: Dragapult|Protect
|move|p1a: Corviknight|Fake Tears|p2a: Pelipper
|-unboost|p2a: Pelipper|spd|2
|move|p2a: Pelipper|Icy Wind|p1a: Corviknight|[spread] p1a
|-activate|p1b: Dragapult|move: Protect
|-damage|p1a: Corviknight|86/100
|-ability|p1a: Corviknight|Mirror Armor
|-unboost|p2a: Pelipper|spe|1
|move|p2b: Primarina|Blizzard|p1b: Dragapult|[spread] p1a
|-activate|p1b: Dragapult|move: Protect
|-damage|p1a: Corviknight|57/100
|-status|p1a: Corviknight|frz
|
|-weather|RainDance|[upkeep]
|-heal|p1a: Corviknight|63/100 frz|[from] item: Leftovers
|upkeep
|turn|2
|
|t:|1786123641
|move|p1b: Dragapult|Thunderbolt|p2a: Pelipper
|-supereffective|p2a: Pelipper|2
|-enditem|p2a: Pelipper|Focus Sash
|-damage|p2a: Pelipper|1/100
|cant|p1a: Corviknight|frz
|move|p2b: Primarina|Blizzard|p1a: Corviknight|[spread] p1a,p1b
|-supereffective|p1b: Dragapult|1
|-damage|p1a: Corviknight|33/100 frz
|-damage|p1b: Dragapult|21/100
|move|p2a: Pelipper|Icy Wind|p1a: Corviknight|[spread] p1a,p1b
|-supereffective|p1b: Dragapult|1
|-damage|p1a: Corviknight|20/100y frz
|-damage|p1b: Dragapult|0 fnt
|-ability|p1a: Corviknight|Mirror Armor
|-unboost|p2a: Pelipper|spe|1
|faint|p1b: Dragapult
|
|-weather|RainDance|[upkeep]
|-heal|p1a: Corviknight|26/100 frz|[from] item: Leftovers
|upkeep
|
|t:|1786123646
|switch|p1b: Raichu|Raichu, L50, M|100/100
|turn|3
|
|t:|1786123660
|move|p1b: Raichu|Protect|p1b: Raichu
|-singleturn|p1b: Raichu|Protect
|cant|p1a: Corviknight|frz
|move|p2b: Primarina|Hyper Voice|p1b: Raichu|[spread] p1a
|-activate|p1b: Raichu|move: Protect
|-damage|p1a: Corviknight|0 fnt
|faint|p1a: Corviknight
|move|p2a: Pelipper|Tailwind|p2a: Pelipper
|-sidestart|p2: jonathan53332|move: Tailwind
|
|-weather|RainDance|[upkeep]
|upkeep
|
|t:|1786123670
|switch|p1a: Gardevoir|Gardevoir, L50, M, shiny|100/100
|-ability|p1a: Gardevoir|Drizzle|Trace|[from] ability: Trace|[of] p2a: Pelipper
|turn|4
|
|t:|1786123686
|detailschange|p1a: Gardevoir|Gardevoir-Mega, L50, M, shiny
|-mega|p1a: Gardevoir|Gardevoir|Gardevoirite
|move|p1b: Raichu|Round|p2b: Primarina
|-damage|p2b: Primarina|84/100
|move|p1a: Gardevoir|Round|p2b: Primarina|[from] move: Round
|-damage|p2b: Primarina|5/100
|move|p2b: Primarina|Hyper Voice|p1a: Gardevoir|[spread] p1a,p1b
|-damage|p1a: Gardevoir|49/100
|-damage|p1b: Raichu|12/100
|move|p2a: Pelipper|Hurricane|p1b: Raichu
|-resisted|p1b: Raichu|1
|-damage|p1b: Raichu|0 fnt
|faint|p1b: Raichu
|
|-weather|RainDance|[upkeep]
|-heal|p2b: Primarina|11/100|[from] item: Leftovers
|upkeep
|turn|5
|
|t:|1786123703
|move|p1a: Gardevoir|Round|p2a: Pelipper
|-damage|p2a: Pelipper|0 fnt
|faint|p2a: Pelipper
|move|p2b: Primarina|Hyper Voice|p1a: Gardevoir
|-damage|p1a: Gardevoir|0 fnt
|faint|p1a: Gardevoir
|
|win|jonathan53332
