|j|☆new mental
|j|☆legsi bogsi
|html|new mentallegsi bogsi    
|uhtml|bestof|Game 2 of a best-of-3
|t:|1783197679
|gametype|doubles
|player|p1|new mental|volkner|1163
|player|p2|legsi bogsi|candice|1043
|gen|9
|tier|[Gen 9 Champions] VGC 2026 Reg M-B (Bo3)
|rated|
|rule|Species Clause: Limit one of each Pokémon
|rule|Item Clause: Limit 1 of each item
|clearpoke
|poke|p1|Aerodactyl, L50, M|
|poke|p1|Garchomp, L50, M|
|poke|p1|Kingambit, L50, M|
|poke|p1|Charizard, L50, F|
|poke|p1|Sylveon, L50, M|
|poke|p1|Farigiraf, L50, M|
|poke|p2|Lopunny, L50, F, shiny|
|poke|p2|Venusaur, L50, F|
|poke|p2|Ninetales-Alola, L50, F|
|poke|p2|Rotom-Wash, L50|
|poke|p2|Garchomp, L50, M, shiny|
|poke|p2|Aerodactyl, L50, M|
|teampreview|4
|showteam|p1|Aerodactyl||Aerodactylite|Unnerve|IceFang,RockSlide,Tailwind,DualWingbeat|Jolly||M|||50|]Garchomp||LifeOrb|RoughSkin|DragonClaw,StompingTantrum,Earthquake,Protect|Jolly||M|||50|]Kingambit||FocusSash|Defiant|SuckerPunch,KowtowCleave,IronHead,LowKick|Adamant||M|||50|]Charizard||CharizarditeY|SolarPower|Protect,HeatWave,SolarBeam,WeatherBall|Timid||F|||50|]Sylveon||FairyFeather|Pixilate|Protect,HyperVoice,HyperBeam,QuickAttack|Modest||M|||50|]Farigiraf||SitrusBerry|ArmorTail|TrickRoom,Thunderbolt,Psychic,Roar|Bold||M|||50|
|showteam|p2|Lopunny||Lopunnite|CuteCharm|CloseCombat,Encore,FakeOut,Protect|Jolly||F|||50|]Venusaur||Venusaurite|Overgrow|SludgeBomb,EarthPower,LeechSeed,Protect|Modest||F|||50|]Ninetales-Alola||LightClay|SnowWarning|Blizzard,FreezeDry,AuroraVeil,Protect|Timid||F|||50|]Rotom-Wash||Leftovers|Levitate|HydroPump,VoltSwitch,WillOWisp,Protect|Bold|||||50|]Garchomp||LifeOrb|RoughSkin|Earthquake,StompingTantrum,RockSlide,Protect|Adamant||M|||50|]Aerodactyl||FocusSash|Unnerve|RockSlide,DualWingbeat,Tailwind,Taunt|Jolly||M|||50|
|inactive|Battle timer is ON: inactive players will automatically lose when time's up. (requested by legsi bogsi)
|
|t:|1783197708
|teamsize|p1|4
|teamsize|p2|4
|start
|switch|p1a: Aerodactyl|Aerodactyl, L50, M|100/100
|switch|p1b: Charizard|Charizard, L50, F|100/100
|switch|p2a: Lopunny|Lopunny, L50, F, shiny|100/100
|switch|p2b: Ninetales|Ninetales-Alola, L50, F|100/100
|-ability|p1a: Aerodactyl|Unnerve
|-weather|Snowscape|[from] ability: Snow Warning|[of] p2b: Ninetales
|turn|1
|inactive|legsi bogsi has 30 seconds left.
|inactive|legsi bogsi has 20 seconds left.
|inactive|legsi bogsi has 15 seconds left.
|
|t:|1783197748
|switch|p1a: Farigiraf|Farigiraf, L50, M|100/100
|switch|p2b: Rotom|Rotom-Wash, L50|100/100
|detailschange|p2a: Lopunny|Lopunny-Mega, L50, F, shiny
|-mega|p2a: Lopunny|Lopunny|Lopunnite
|detailschange|p1b: Charizard|Charizard-Mega-Y, L50, F
|-mega|p1b: Charizard|Charizard|Charizardite Y
|-weather|SunnyDay|[from] ability: Drought|[of] p1b: Charizard
|move|p2a: Lopunny|Fake Out||[still]
|cant|p1a: Farigiraf|ability: Armor Tail|Fake Out|[of] p2a: Lopunny
|move|p1b: Charizard|Heat Wave|p2b: Rotom|[spread] p2a,p2b
|-resisted|p2b: Rotom|1
|-damage|p2a: Lopunny|30/100
|-damage|p2b: Rotom|70/100
|
|-weather|SunnyDay|[upkeep]
|-heal|p2b: Rotom|76/100|[from] item: Leftovers
|upkeep
|turn|2
|inactive|new mental has 30 seconds left.
|inactive|legsi bogsi has 30 seconds left.
|
|t:|1783197778
|switch|p2a: Garchomp|Garchomp, L50, M, shiny|100/100
|move|p1b: Charizard|Heat Wave|p2a: Garchomp|[spread] p2a,p2b
|-resisted|p2a: Garchomp|1
|-resisted|p2b: Rotom|1
|-damage|p2a: Garchomp|72/100
|-damage|p2b: Rotom|46/100
|-status|p2b: Rotom|brn
|move|p2b: Rotom|Volt Switch|p1b: Charizard
|-supereffective|p1b: Charizard|1
|-crit|p1b: Charizard
|-damage|p1b: Charizard|27/100
|
|t:|1783197790
|switch|p2b: Ninetales|Ninetales-Alola, L50, F|100/100|[from] Volt Switch
|-weather|Snowscape|[from] ability: Snow Warning|[of] p2b: Ninetales
|move|p1a: Farigiraf|Psychic|p2b: Ninetales
|-damage|p2b: Ninetales|66/100
|
|-weather|Snowscape|[upkeep]
|upkeep
|turn|3
|
|t:|1783197805
|move|p1b: Charizard|Protect|p1b: Charizard
|-singleturn|p1b: Charizard|Protect
|move|p2b: Ninetales|Aurora Veil|p2b: Ninetales
|-sidestart|p2: legsi bogsi|move: Aurora Veil
|move|p2a: Garchomp|Rock Slide|p1a: Farigiraf|[spread] p1a
|-activate|p1b: Charizard|move: Protect
|-damage|p1a: Farigiraf|79/100
|-damage|p2a: Garchomp|62/100|[from] item: Life Orb
|cant|p1a: Farigiraf|flinch
|
|-weather|Snowscape|[upkeep]
|upkeep
|turn|4
|
|t:|1783197829
|switch|p1b: Sylveon|Sylveon, L50, M|100/100
|move|p2b: Ninetales|Blizzard|p1b: Sylveon|[spread] p1a,p1b
|-damage|p1a: Farigiraf|53/100
|-damage|p1b: Sylveon|78/100
|-status|p1b: Sylveon|frz
|move|p2a: Garchomp|Rock Slide|p1b: Sylveon|[spread] p1a,p1b
|-damage|p1a: Farigiraf|33/100
|-damage|p1b: Sylveon|47/100 frz
|-enditem|p1a: Farigiraf|Sitrus Berry|[eat]
|-heal|p1a: Farigiraf|58/100|[from] item: Sitrus Berry
|-damage|p2a: Garchomp|52/100|[from] item: Life Orb
|cant|p1a: Farigiraf|flinch
|
|-weather|Snowscape|[upkeep]
|upkeep
|turn|5
|l|☆legsi bogsi
|inactive|legsi bogsi disconnected and has a minute to reconnect!
|player|p2|
|j|☆legsi bogsi
|inactive|legsi bogsi reconnected and has 35 seconds left.
|player|p2|legsi bogsi|candice|
|inactive|legsi bogsi has 30 seconds left.
|
|t:|1783197859
|switch|p2b: Rotom|Rotom-Wash, L50|46/100 brn
|switch|p1b: Charizard|Charizard-Mega-Y, L50, F|27/100
|-weather|SunnyDay|[from] ability: Drought|[of] p1b: Charizard
|move|p2a: Garchomp|Earthquake|p1b: Charizard|[spread] p1a
|-immune|p2b: Rotom|[from] ability: Levitate
|-immune|p1b: Charizard
|-damage|p1a: Farigiraf|19/100
|-damage|p2a: Garchomp|42/100|[from] item: Life Orb
|move|p1a: Farigiraf|Trick Room|p1a: Farigiraf
|-fieldstart|move: Trick Room|[of] p1a: Farigiraf
|
|-weather|SunnyDay|[upkeep]
|-heal|p2b: Rotom|52/100 brn|[from] item: Leftovers
|-damage|p2b: Rotom|46/100 brn|[from] brn
|upkeep
|turn|6
|
|t:|1783197882
|move|p1a: Farigiraf|Psychic|p2b: Rotom
|-damage|p2b: Rotom|25/100 brn
|move|p2b: Rotom|Volt Switch|p1b: Charizard
|-supereffective|p1b: Charizard|1
|-damage|p1b: Charizard|0 fnt
|faint|p1b: Charizard
|
|t:|1783197896
|switch|p2b: Ninetales|Ninetales-Alola, L50, F|66/100|[from] Volt Switch
|-weather|Snowscape|[from] ability: Snow Warning|[of] p2b: Ninetales
|move|p2a: Garchomp|Rock Slide|p1a: Farigiraf
|-damage|p1a: Farigiraf|0 fnt
|faint|p1a: Farigiraf
|-damage|p2a: Garchomp|33/100|[from] item: Life Orb
|
|-weather|Snowscape|[upkeep]
|upkeep
|
|t:|1783197903
|switch|p1a: Sylveon|Sylveon, L50, M|47/100 frz
|switch|p1b: Aerodactyl|Aerodactyl, L50, M|100/100
|-ability|p1b: Aerodactyl|Unnerve
|turn|7
|
|t:|1783197920
|cant|p1a: Sylveon|frz
|move|p2a: Garchomp|Rock Slide|p1a: Sylveon|[spread] p1a,p1b
|-supereffective|p1b: Aerodactyl|1
|-damage|p1a: Sylveon|17/100 frz
|-damage|p1b: Aerodactyl|22/100
|-damage|p2a: Garchomp|23/100|[from] item: Life Orb
|move|p2b: Ninetales|Blizzard|p1a: Sylveon|[spread] p1a,p1b
|-supereffective|p1b: Aerodactyl|1
|-damage|p1a: Sylveon|0 fnt
|-damage|p1b: Aerodactyl|0 fnt
|faint|p1a: Sylveon
|faint|p1b: Aerodactyl
|
|win|legsi bogsi
||new mental is ready for game 3.
|inactive|legsi bogsi has 30 seconds to confirm battle start!
|l|☆legsi bogsi
|player|p2|
|j|☆legsi bogsi
|player|p2|legsi bogsi|candice|
|inactive|legsi bogsi has 20 seconds to confirm battle start!
||legsi bogsi is ready for game 3.
|uhtml|next|Next: Game 3 of 3
|l|☆legsi bogsi
|player|p2|
