|j|☆Invoker Kuzan
|j|☆oranges8306624
|html|Invoker Kuzanoranges8306624    
|uhtml|bestof|Game 2 of a best-of-3
|t:|1756247400
|gametype|doubles
|player|p1|Invoker Kuzan|marnie-masters3|1116
|player|p2|oranges8306624|101|1018
|gen|9
|tier|[Gen 9] VGC 2025 Reg H (Bo3)
|rated|
|rule|Species Clause: Limit one of each Pokémon
|rule|Item Clause: Limit 1 of each item
|clearpoke
|poke|p1|Indeedee-F, L50, F|
|poke|p1|Hatterene, L50, F|
|poke|p1|Gallade, L50, M|
|poke|p1|Ursaluna, L50, M|
|poke|p1|Lilligant-Hisui, L50, F|
|poke|p1|Torkoal, L50, M|
|poke|p2|Whimsicott, L50, F|
|poke|p2|Politoed, L50, M|
|poke|p2|Ampharos, L50, F|
|poke|p2|Corviknight, L50, F|
|poke|p2|Kingdra, L50, F|
|poke|p2|Annihilape, L50, M|
|teampreview|4
|showteam|p1|Indeedee-F||PsychicSeed|PsychicSurge|TrickRoom,FollowMe,HelpingHand,DazzlingGleam|||F|||50|,,,,,Fire]Hatterene||LifeOrb|MagicBounce|ExpandingForce,TrickRoom,DazzlingGleam,Protect|||F|||50|,,,,,Psychic]Gallade||ClearAmulet|Sharpness|PsychoCut,TrickRoom,SacredSword,WideGuard|||M|||50|,,,,,Grass]Ursaluna||FlameOrb|Guts|HeadlongRush,Facade,SwordsDance,Protect|||M|||50|,,,,,Ghost]Lilligant-Hisui||FocusSash|Chlorophyll|SolarBlade,SleepPowder,CloseCombat,AfterYou|||F|||50|,,,,,Ghost]Torkoal||ChoiceSpecs|Drought|Eruption,HeatWave,WeatherBall,EarthPower|||M|||50|,,,,,Fire
|showteam|p2|Whimsicott||FocusSash|Prankster|Moonblast,Tailwind,Taunt,Protect|||F|||50|,,,,,Grass]Politoed||DampRock|Drizzle|EarthPower,IcyWind,WeatherBall,Protect|||M|||50|,,,,,Grass]Ampharos||SafetyGoggles|Static|ElectricTerrain,Thunder,DazzlingGleam,Protect|||F|||50|,,,,,Electric]Corviknight||RockyHelmet|MirrorArmor|BodyPress,BraveBird,Uturn,Protect|||F|||50|,,,,,Flying]Kingdra||LifeOrb|SwiftSwim|IceBeam,DragonPulse,WeatherBall,Protect|||F|||50|,,,,,Stellar]Annihilape||FistPlate|Defiant|CloseCombat,DrainPunch,ShadowClaw,Protect|||M|||50|,,,,,Dark
|inactive|Battle timer is ON: inactive players will automatically lose when time's up. (requested by Invoker Kuzan)
|
|t:|1756247421
|teamsize|p1|4
|teamsize|p2|4
|start
|switch|p1a: Indeedee|Indeedee-F, L50, F, shiny|100/100
|switch|p1b: Gallade|Gallade, L50, M, shiny|100/100
|switch|p2a: Kingdra|Kingdra, L50, F|100/100
|switch|p2b: Corviknight|Corviknight, L50, F|100/100
|-fieldstart|move: Psychic Terrain|[from] ability: Psychic Surge|[of] p1a: Indeedee
|-enditem|p1a: Indeedee|Psychic Seed
|-boost|p1a: Indeedee|spd|1|[from] item: Psychic Seed
|turn|1
|
|t:|1756247446
|move|p1a: Indeedee|Follow Me|p1a: Indeedee
|-singleturn|p1a: Indeedee|move: Follow Me
|move|p2a: Kingdra|Dragon Pulse|p1a: Indeedee
|-damage|p1a: Indeedee|67/100
|-damage|p2a: Kingdra|90/100|[from] item: Life Orb
|move|p2b: Corviknight|Brave Bird|p1a: Indeedee
|-damage|p1a: Indeedee|33/100
|-damage|p2b: Corviknight|91/100|[from] Recoil
|move|p1b: Gallade|Trick Room|p1b: Gallade
|-fieldstart|move: Trick Room|[of] p1b: Gallade
|
|upkeep
|turn|2
|inactive|oranges8306624 has 30 seconds left.
|
|t:|1756247473
|move|p1a: Indeedee|Helping Hand|p1b: Gallade
|-singleturn|p1b: Gallade|Helping Hand|[of] p1a: Indeedee
|move|p2a: Kingdra|Protect|p2a: Kingdra
|-singleturn|p2a: Kingdra|Protect
|move|p2b: Corviknight|Brave Bird|p1b: Gallade
|-supereffective|p1b: Gallade
|-damage|p1b: Gallade|0 fnt
|faint|p1b: Gallade
|-damage|p2b: Corviknight|63/100|[from] Recoil
|
|upkeep
|
|t:|1756247477
|switch|p1b: Torkoal|Torkoal, L50, M, shiny|100/100
|-weather|SunnyDay|[from] ability: Drought|[of] p1b: Torkoal
|turn|3
|inactive|Invoker Kuzan has 30 seconds left.
|inactive|oranges8306624 has 30 seconds left.
|inactive|Invoker Kuzan has 20 seconds left.
|
|t:|1756247513
|switch|p1b: Hatterene|Hatterene, L50, F, shiny|100/100
|switch|p2b: Politoed|Politoed, L50, M|100/100
|-weather|RainDance|[from] ability: Drizzle|[of] p2b: Politoed
|move|p1a: Indeedee|Dazzling Gleam|p2a: Kingdra|[spread] p2a,p2b
|-supereffective|p2a: Kingdra
|-damage|p2a: Kingdra|60/100
|-damage|p2b: Politoed|89/100
|move|p2a: Kingdra|Weather Ball|p1b: Hatterene
|-damage|p1b: Hatterene|0 fnt
|faint|p1b: Hatterene
|-damage|p2a: Kingdra|50/100|[from] item: Life Orb
|
|-weather|RainDance|[upkeep]
|upkeep
|
|t:|1756247517
|switch|p1b: Torkoal|Torkoal, L50, M, shiny|100/100
|-weather|SunnyDay|[from] ability: Drought|[of] p1b: Torkoal
|turn|4
|inactive|oranges8306624 has 30 seconds left.
|
|t:|1756247550
|switch|p2b: Annihilape|Annihilape, L50, M|100/100
|-terastallize|p1b: Torkoal|Fire
|move|p1a: Indeedee|Helping Hand|p1b: Torkoal
|-singleturn|p1b: Torkoal|Helping Hand|[of] p1a: Indeedee
|move|p2a: Kingdra|Protect|p2a: Kingdra
|-singleturn|p2a: Kingdra|Protect
|move|p1b: Torkoal|Eruption|p2a: Kingdra|[spread] p2b
|-activate|p2a: Kingdra|move: Protect
|-damage|p2b: Annihilape|0 fnt
|faint|p2b: Annihilape
|
|-weather|SunnyDay|[upkeep]
|upkeep
|
|t:|1756247560
|switch|p2b: Politoed|Politoed, L50, M|89/100
|-weather|RainDance|[from] ability: Drizzle|[of] p2b: Politoed
|turn|5
|
|t:|1756247566
|move|p1a: Indeedee|Helping Hand|p1b: Torkoal
|-singleturn|p1b: Torkoal|Helping Hand|[of] p1a: Indeedee
|move|p2b: Politoed|Protect|p2b: Politoed
|-singleturn|p2b: Politoed|Protect
|move|p1b: Torkoal|Eruption|p2a: Kingdra|[spread] p2a
|-activate|p2b: Politoed|move: Protect
|-resisted|p2a: Kingdra
|-crit|p2a: Kingdra
|-damage|p2a: Kingdra|17/100
|move|p2a: Kingdra|Weather Ball|p1b: Torkoal
|-supereffective|p1b: Torkoal
|-damage|p1b: Torkoal|0 fnt
|faint|p1b: Torkoal
|-damage|p2a: Kingdra|7/100|[from] item: Life Orb
|
|-weather|RainDance|[upkeep]
|-fieldend|move: Trick Room
|-fieldend|move: Psychic Terrain
|upkeep
|turn|6
|-message|Invoker Kuzan forfeited.
|
|win|oranges8306624
|raw|Invoker Kuzan's rating: 1116 → 1084(-32 for losing)
|raw|oranges8306624's rating: 1018 → 1066(+48 for winning)
