|j|☆HeroOfHydrangea
|j|☆ferpshowdown
|html|HeroOfHydrangeaferpshowdown    
|uhtml|bestof|Game 2 of a best-of-3
|t:|1783788050
|gametype|doubles
|player|p1|HeroOfHydrangea|169|1156
|player|p2|ferpshowdown|lucas|1230
|gen|9
|tier|[Gen 9 Champions] VGC 2026 Reg M-B (Bo3)
|rated|
|rule|Species Clause: Limit one of each Pokémon
|rule|Item Clause: Limit 1 of each item
|clearpoke
|poke|p1|Blastoise, L50, F|
|poke|p1|Sneasler, L50, F|
|poke|p1|Kingambit, L50, M|
|poke|p1|Incineroar, L50, M|
|poke|p1|Delphox, L50, F|
|poke|p1|Sinistcha, L50|
|poke|p2|Charizard, L50, M|
|poke|p2|Garchomp, L50, M|
|poke|p2|Aerodactyl, L50, F|
|poke|p2|Farigiraf, L50, M|
|poke|p2|Kingambit, L50, M|
|poke|p2|Sylveon, L50, F|
|teampreview|4
|showteam|p1|Blastoise||Blastoisinite|Torrent|WaterSpout,DarkPulse,ShellSmash,Protect|Modest||F|||50|]Sneasler||FocusSash|PoisonTouch|CloseCombat,DireClaw,FakeOut,QuickGuard|Jolly||F|||50|]Kingambit||BlackGlasses|Defiant|KowtowCleave,SuckerPunch,SwordsDance,Protect|Adamant||M|||50|]Incineroar||SitrusBerry|Intimidate|FlareBlitz,HelpingHand,PartingShot,FakeOut|Careful||M|||50|]Delphox||Delphoxite|Blaze|HeatWave,Psyshock,NastyPlot,Protect|Modest||F|||50|]Sinistcha||KasibBerry|Hospitality|MatchaGotcha,RagePowder,TrickRoom,Protect|Bold|||||50|
|showteam|p2|Charizard||CharizarditeY|Blaze|HeatWave,WeatherBall,SolarBeam,Protect|Modest||M|||50|]Garchomp||LifeOrb|RoughSkin|DragonClaw,Earthquake,RockSlide,Protect|Jolly||M|||50|]Aerodactyl||Aerodactylite|RockHead|RockSlide,IceFang,Tailwind,WideGuard|Jolly||F|||50|]Farigiraf||SitrusBerry|ArmorTail|Psychic,Thunderbolt,SunnyDay,TrickRoom|Bold||M|||50|]Kingambit||FocusSash|Defiant|KowtowCleave,IronHead,SuckerPunch,LowKick|Adamant||M|||50|]Sylveon||FairyFeather|Pixilate|HyperVoice,HyperBeam,QuickAttack,Detect|Modest||F|||50|
|inactive|Battle timer is ON: inactive players will automatically lose when time's up. (requested by HeroOfHydrangea)
|inactive|HeroOfHydrangea has 60 seconds left.
|inactive|HeroOfHydrangea has 30 seconds left.
|inactive|HeroOfHydrangea has 20 seconds left.
|
|t:|1783788122
|teamsize|p1|4
|teamsize|p2|4
|start
|switch|p1a: Incineroar|Incineroar, L50, M|100/100
|switch|p1b: Sneasler|Sneasler, L50, F|100/100
|switch|p2a: Farigiraf|Farigiraf, L50, M|100/100
|switch|p2b: Aerodactyl|Aerodactyl, L50, F|100/100
|-ability|p1a: Incineroar|Intimidate|boost
|-unboost|p2a: Farigiraf|atk|1
|-unboost|p2b: Aerodactyl|atk|1
|turn|1
|inactive|HeroOfHydrangea has 30 seconds left.
|inactive|HeroOfHydrangea has 20 seconds left.
|inactive|HeroOfHydrangea has 15 seconds left.
|inactive|HeroOfHydrangea has 10 seconds left.
|inactive|HeroOfHydrangea has 5 seconds left.
|
|t:|1783788172
|move|p2b: Aerodactyl|Tailwind|p2b: Aerodactyl
|-sidestart|p2: ferpshowdown|move: Tailwind
|move|p1b: Sneasler|Dire Claw|p2a: Farigiraf
|-damage|p2a: Farigiraf|65/100
|-status|p2a: Farigiraf|psn|[from] ability: Poison Touch|[of] p1b: Sneasler
|move|p2a: Farigiraf|Psychic|p1b: Sneasler
|-supereffective|p1b: Sneasler|2
|-enditem|p1b: Sneasler|Focus Sash
|-damage|p1b: Sneasler|1/100
|move|p1a: Incineroar|Parting Shot|p2a: Farigiraf
|-unboost|p2a: Farigiraf|atk|1
|-unboost|p2a: Farigiraf|spa|1
|
|t:|1783788186
|switch|p1a: Sinistcha|Sinistcha, L50|100/100|[from] Parting Shot
|-heal|p1b: Sneasler|25/100|[from] ability: Hospitality|[of] p1a: Sinistcha
|
|-damage|p2a: Farigiraf|53/100 psn|[from] psn
|upkeep
|turn|2
|inactive|ferpshowdown has 30 seconds left.
|inactive|ferpshowdown has 20 seconds left.
|inactive|ferpshowdown has 15 seconds left.
|inactive|ferpshowdown has 10 seconds left.
|
|t:|1783788235
|switch|p1b: Incineroar|Incineroar, L50, M|100/100
|-ability|p1b: Incineroar|Intimidate|boost
|-unboost|p2a: Farigiraf|atk|1
|-unboost|p2b: Aerodactyl|atk|1
|switch|p2a: Charizard|Charizard, L50, M|100/100
|move|p2b: Aerodactyl|Rock Slide|p1b: Incineroar|[spread] p1a,p1b
|-supereffective|p1b: Incineroar|1
|-damage|p1a: Sinistcha|89/100
|-damage|p1b: Incineroar|81/100
|cant|p1a: Sinistcha|flinch
|
|upkeep
|turn|3
|inactive|HeroOfHydrangea has 30 seconds left.
|inactive|HeroOfHydrangea has 20 seconds left.
|inactive|HeroOfHydrangea has 15 seconds left.
|
|t:|1783788277
|switch|p2b: Farigiraf|Farigiraf, L50, M|53/100 psn
|detailschange|p2a: Charizard|Charizard-Mega-Y, L50, M
|-mega|p2a: Charizard|Charizard|Charizardite Y
|-weather|SunnyDay|[from] ability: Drought|[of] p2a: Charizard
|move|p1b: Incineroar|Fake Out||[still]
|cant|p2b: Farigiraf|ability: Armor Tail|Fake Out|[of] p1b: Incineroar
|move|p2a: Charizard|Heat Wave|p1a: Sinistcha|[spread] p1a,p1b
|-supereffective|p1a: Sinistcha|1
|-resisted|p1b: Incineroar|1
|-damage|p1a: Sinistcha|0 fnt
|-damage|p1b: Incineroar|54/100
|faint|p1a: Sinistcha
|
|-weather|SunnyDay|[upkeep]
|-damage|p2b: Farigiraf|41/100 psn|[from] psn
|upkeep
|-enditem|p2b: Farigiraf|Sitrus Berry|[eat]
|-heal|p2b: Farigiraf|66/100 psn|[from] item: Sitrus Berry
|
|t:|1783788291
|switch|p1a: Delphox|Delphox, L50, F|100/100
|turn|4
|inactive|ferpshowdown has 30 seconds left.
|
|t:|1783788317
|switch|p2b: Aerodactyl|Aerodactyl, L50, F|100/100
|detailschange|p1a: Delphox|Delphox-Mega, L50, F
|-mega|p1a: Delphox|Delphox|Delphoxite
|move|p2a: Charizard|Heat Wave|p1a: Delphox|[spread] p1a,p1b
|-resisted|p1a: Delphox|1
|-resisted|p1b: Incineroar|1
|-damage|p1a: Delphox|72/100
|-damage|p1b: Incineroar|28/100
|-enditem|p1b: Incineroar|Sitrus Berry|[eat]
|-heal|p1b: Incineroar|53/100|[from] item: Sitrus Berry
|move|p1a: Delphox|Nasty Plot|p1a: Delphox
|-boost|p1a: Delphox|spa|2
|move|p1b: Incineroar|Flare Blitz|p2b: Aerodactyl
|-resisted|p2b: Aerodactyl|1
|-damage|p2b: Aerodactyl|48/100
|-damage|p1b: Incineroar|38/100|[from] Recoil
|
|-weather|SunnyDay|[upkeep]
|-sideend|p2: ferpshowdown|move: Tailwind
|upkeep
|turn|5
|inactive|HeroOfHydrangea has 30 seconds left.
|inactive|ferpshowdown has 30 seconds left.
|inactive|HeroOfHydrangea has 20 seconds left.
|inactive|HeroOfHydrangea has 15 seconds left.
|
|t:|1783788357
|move|p1a: Delphox|Protect|p1a: Delphox
|-singleturn|p1a: Delphox|Protect
|move|p2b: Aerodactyl|Tailwind|p2b: Aerodactyl
|-sidestart|p2: ferpshowdown|move: Tailwind
|move|p2a: Charizard|Heat Wave|p1a: Delphox|[spread] p1b
|-activate|p1a: Delphox|move: Protect
|-resisted|p1b: Incineroar|1
|-damage|p1b: Incineroar|12/100
|move|p1b: Incineroar|Flare Blitz|p2b: Aerodactyl
|-resisted|p2b: Aerodactyl|1
|-damage|p2b: Aerodactyl|0 fnt
|faint|p2b: Aerodactyl
|-damage|p1b: Incineroar|0 fnt|[from] Recoil
|faint|p1b: Incineroar
|
|-weather|SunnyDay|[upkeep]
|upkeep
|
|t:|1783788372
|switch|p2b: Garchomp|Garchomp, L50, M|100/100
|switch|p1b: Sneasler|Sneasler, L50, F|25/100
|turn|6
|inactive|HeroOfHydrangea has 30 seconds left.
|
|t:|1783788402
|switch|p2a: Farigiraf|Farigiraf, L50, M|66/100 psn
|move|p2b: Garchomp|Rock Slide|p1b: Sneasler|[spread] p1a,p1b
|-supereffective|p1a: Delphox|1
|-resisted|p1b: Sneasler|1
|-damage|p1a: Delphox|12/100
|-damage|p1b: Sneasler|5/100
|-damage|p2b: Garchomp|90/100|[from] item: Life Orb
|move|p1b: Sneasler|Close Combat|p2b: Garchomp
|-damage|p2b: Garchomp|24/100
|-unboost|p1b: Sneasler|def|1
|-unboost|p1b: Sneasler|spd|1
|-damage|p1b: Sneasler|0 fnt|[from] ability: Rough Skin|[of] p2b: Garchomp
|faint|p1b: Sneasler
|move|p1a: Delphox|Heat Wave|p2b: Garchomp|[spread] p2a,p2b
|-resisted|p2b: Garchomp|1
|-damage|p2a: Farigiraf|0 fnt
|-damage|p2b: Garchomp|0 fnt
|faint|p2a: Farigiraf
|faint|p2b: Garchomp
|
|-weather|SunnyDay|[upkeep]
|upkeep
|
|t:|1783788422
|switch|p2b: Charizard|Charizard-Mega-Y, L50, M|100/100
|turn|7
|
|t:|1783788428
|move|p1a: Delphox|Protect|p1a: Delphox
|-singleturn|p1a: Delphox|Protect
|move|p2b: Charizard|Weather Ball|p1a: Delphox
|-activate|p1a: Delphox|move: Protect
|
|-weather|none
|upkeep
|turn|8
|
|t:|1783788435
|move|p1a: Delphox|Protect|p1a: Delphox
|-singleturn|p1a: Delphox|Protect
|move|p2b: Charizard|Heat Wave|p1a: Delphox
|-activate|p1a: Delphox|move: Protect
|
|-sideend|p2: ferpshowdown|move: Tailwind
|upkeep
|turn|9
|
|t:|1783788441
|move|p1a: Delphox|Psyshock|p2b: Charizard
|-damage|p2b: Charizard|14/100
|move|p2b: Charizard|Heat Wave|p1a: Delphox
|-resisted|p1a: Delphox|1
|-damage|p1a: Delphox|0 fnt
|faint|p1a: Delphox
|
|win|ferpshowdown
||ferpshowdown is ready for game 3.
||HeroOfHydrangea is ready for game 3.
|uhtml|next|Next: Game 3 of 3
|l|☆HeroOfHydrangea
|player|p1|
