|j|☆new mental
|j|☆linolino
|html|new mentallinolino    
|uhtml|bestof|Game 1 of a best-of-3
|t:|1783802909
|gametype|doubles
|player|p1|new mental|volkner|1274
|player|p2|linolino|170|1103
|gen|9
|tier|[Gen 9 Champions] VGC 2026 Reg M-B (Bo3)
|rated|
|rule|Species Clause: Limit one of each Pokémon
|rule|Item Clause: Limit 1 of each item
|clearpoke
|poke|p1|Charizard, L50, M|
|poke|p1|Kingambit, L50, F|
|poke|p1|Sylveon, L50, F|
|poke|p1|Garchomp, L50, F|
|poke|p1|Aerodactyl, L50, M|
|poke|p1|Farigiraf, L50, M|
|poke|p2|Sableye, L50, F|
|poke|p2|Garchomp, L50, F|
|poke|p2|Torkoal, L50, F|
|poke|p2|Incineroar, L50, F|
|poke|p2|Kingambit, L50, F|
|poke|p2|Venusaur, L50, F|
|teampreview|4
|showteam|p1|Charizard||CharizarditeY|SolarPower|Protect,HeatWave,SolarBeam,WeatherBall|Modest||M|||50|]Kingambit||FocusSash|Defiant|IronHead,SuckerPunch,KowtowCleave,LowKick|Adamant||F|||50|]Sylveon||FairyFeather|Pixilate|Detect,HyperVoice,HyperBeam,QuickAttack|Modest||F|||50|]Garchomp||LifeOrb|RoughSkin|Protect,DragonClaw,Earthquake,RockSlide|Jolly||F|||50|]Aerodactyl||Aerodactylite|Unnerve|IceFang,RockSlide,Tailwind,DualWingbeat|Jolly||M|||50|]Farigiraf||SitrusBerry|ArmorTail|TrickRoom,Psychic,Thunderbolt,Roar|Bold||M|||50|
|showteam|p2|Sableye||LightClay|Prankster|SunnyDay,WillOWisp,LightScreen,FoulPlay|Careful||F|||50|]Garchomp||LifeOrb|RoughSkin|Protect,DragonClaw,RockSlide,StompingTantrum|Jolly||F|||50|]Torkoal||Charcoal|Drought|Protect,WeatherBall,HelpingHand,Overheat|Quiet||F|||50|]Incineroar||SitrusBerry|Intimidate|FakeOut,FlareBlitz,PartingShot,DarkestLariat|Adamant||F|||50|]Kingambit||FocusSash|Defiant|Protect,KowtowCleave,SuckerPunch,LowKick|Adamant||F|||50|]Venusaur||Venusaurite|Chlorophyll|SleepPowder,GigaDrain,EarthPower,SludgeBomb|Modest||F|||50|
|inactive|Battle timer is ON: inactive players will automatically lose when time's up. (requested by linolino)
|inactiveoff|Battle timer is now OFF.
|inactive|Battle timer is ON: inactive players will automatically lose when time's up. (requested by new mental)
|
|t:|1783802952
|teamsize|p1|4
|teamsize|p2|4
|start
|switch|p1a: Aerodactyl|Aerodactyl, L50, M|100/100
|switch|p1b: Sylveon|Sylveon, L50, F|100/100
|switch|p2a: Sableye|Sableye, L50, F|100/100
|switch|p2b: Venusaur|Venusaur, L50, F|100/100
|-ability|p1a: Aerodactyl|Unnerve
|turn|1
|inactive|new mental has 30 seconds left.
|inactive|new mental has 20 seconds left.
|inactive|new mental has 15 seconds left.
|
|t:|1783802992
|detailschange|p1a: Aerodactyl|Aerodactyl-Mega, L50, M
|-mega|p1a: Aerodactyl|Aerodactyl|Aerodactylite
|detailschange|p2b: Venusaur|Venusaur-Mega, L50, F
|-mega|p2b: Venusaur|Venusaur|Venusaurite
|move|p2a: Sableye|Will-O-Wisp|p1a: Aerodactyl
|-status|p1a: Aerodactyl|brn
|move|p1a: Aerodactyl|Dual Wingbeat|p2b: Venusaur
|-supereffective|p2b: Venusaur|1
|-damage|p2b: Venusaur|81/100
|-supereffective|p2b: Venusaur|1
|-damage|p2b: Venusaur|64/100
|-hitcount|p2b: Venusaur|2
|move|p2b: Venusaur|Sludge Bomb|p1b: Sylveon
|-supereffective|p1b: Sylveon|1
|-damage|p1b: Sylveon|24/100
|-status|p1b: Sylveon|psn
|move|p1b: Sylveon|Hyper Voice|p2b: Venusaur|[spread] p2a,p2b
|-supereffective|p2a: Sableye|1
|-resisted|p2b: Venusaur|1
|-damage|p2a: Sableye|0 fnt
|-damage|p2b: Venusaur|45/100
|faint|p2a: Sableye
|
|-damage|p1b: Sylveon|11/100 psn|[from] psn
|-damage|p1a: Aerodactyl|94/100 brn|[from] brn
|upkeep
|
|t:|1783803014
|switch|p2a: Incineroar|Incineroar, L50, F|100/100
|-ability|p2a: Incineroar|Intimidate|boost
|-unboost|p1a: Aerodactyl|atk|1
|-unboost|p1b: Sylveon|atk|1
|turn|2
|inactive|linolino has 30 seconds left.
|inactive|linolino has 20 seconds left.
|
|t:|1783803051
|move|p2a: Incineroar|Fake Out|p1a: Aerodactyl
|-resisted|p1a: Aerodactyl|1
|-damage|p1a: Aerodactyl|86/100 brn
|cant|p1a: Aerodactyl|flinch
|move|p2b: Venusaur|Giga Drain|p1a: Aerodactyl
|-damage|p1a: Aerodactyl|42/100 brn
|-heal|p2b: Venusaur|66/100|[from] drain|[of] p1a: Aerodactyl
|move|p1b: Sylveon|Hyper Voice|p2b: Venusaur|[spread] p2a,p2b
|-resisted|p2b: Venusaur|1
|-damage|p2a: Incineroar|51/100
|-damage|p2b: Venusaur|47/100
|
|-damage|p1b: Sylveon|0 fnt|[from] psn
|faint|p1b: Sylveon
|-damage|p1a: Aerodactyl|36/100 brn|[from] brn
|upkeep
|
|t:|1783803056
|switch|p1b: Garchomp|Garchomp, L50, F|100/100
|turn|3
|
|t:|1783803075
|switch|p2a: Garchomp|Garchomp, L50, F|100/100
|move|p1a: Aerodactyl|Dual Wingbeat|p2b: Venusaur
|-supereffective|p2b: Venusaur|1
|-damage|p2b: Venusaur|33/100
|-supereffective|p2b: Venusaur|1
|-damage|p2b: Venusaur|20/100y
|-hitcount|p2b: Venusaur|2
|move|p1b: Garchomp|Earthquake|p2a: Garchomp|[spread] p2a,p2b
|-immune|p1a: Aerodactyl
|-damage|p2a: Garchomp|47/100
|-damage|p2b: Venusaur|0 fnt
|faint|p2b: Venusaur
|-damage|p1b: Garchomp|90/100|[from] item: Life Orb
|
|-damage|p1a: Aerodactyl|30/100 brn|[from] brn
|upkeep
|
|t:|1783803086
|switch|p2b: Incineroar|Incineroar, L50, F|51/100
|-ability|p2b: Incineroar|Intimidate|boost
|-unboost|p1a: Aerodactyl|atk|1
|-unboost|p1b: Garchomp|atk|1
|turn|4
|
|t:|1783803099
|switch|p1b: Farigiraf|Farigiraf, L50, M|100/100
|move|p2b: Incineroar|Fake Out||[still]
|cant|p1b: Farigiraf|ability: Armor Tail|Fake Out|[of] p2b: Incineroar
|move|p1a: Aerodactyl|Tailwind|p1a: Aerodactyl
|-sidestart|p1: new mental|move: Tailwind
|move|p2a: Garchomp|Dragon Claw|p1b: Farigiraf
|-damage|p1b: Farigiraf|60/100
|-damage|p2a: Garchomp|37/100|[from] item: Life Orb
|
|-damage|p1a: Aerodactyl|25/100 brn|[from] brn
|upkeep
|turn|5
|
|t:|1783803117
|move|p1a: Aerodactyl|Ice Fang|p2a: Garchomp
|-supereffective|p2a: Garchomp|2
|-damage|p2a: Garchomp|10/100
|-status|p2a: Garchomp|frz
|-damage|p1a: Aerodactyl|12/100 brn|[from] ability: Rough Skin|[of] p2a: Garchomp
|cant|p2a: Garchomp|frz
|move|p1b: Farigiraf|Thunderbolt|p2b: Incineroar
|-damage|p2b: Incineroar|32/100
|-enditem|p2b: Incineroar|Sitrus Berry|[eat]
|-heal|p2b: Incineroar|56/100|[from] item: Sitrus Berry
|move|p2b: Incineroar|Darkest Lariat|p1b: Farigiraf
|-supereffective|p1b: Farigiraf|1
|-damage|p1b: Farigiraf|0 fnt
|faint|p1b: Farigiraf
|
|-damage|p1a: Aerodactyl|7/100 brn|[from] brn
|upkeep
|
|t:|1783803123
|switch|p1b: Garchomp|Garchomp, L50, F|90/100
|turn|6
|
|t:|1783803134
|move|p1a: Aerodactyl|Rock Slide|p2a: Garchomp|[spread] p2a,p2b
|-resisted|p2a: Garchomp|1
|-supereffective|p2b: Incineroar|1
|-damage|p2a: Garchomp|7/100 frz
|-damage|p2b: Incineroar|43/100
|move|p1b: Garchomp|Earthquake|p2a: Garchomp|[spread] p2a,p2b
|-immune|p1a: Aerodactyl
|-supereffective|p2b: Incineroar|1
|-damage|p2a: Garchomp|0 fnt
|-damage|p2b: Incineroar|0 fnt
|faint|p2a: Garchomp
|faint|p2b: Incineroar
|-damage|p1b: Garchomp|80/100|[from] item: Life Orb
|
|win|new mental
||linolino is ready for game 2.
||new mental is ready for game 2.
|uhtml|next|Next: Game 2 of 3
