|j|☆Reckzz
|j|☆new mental
|html|Reckzznew mental    
|uhtml|bestof|Game 1 of a best-of-3
|t:|1784711713
|gametype|doubles
|player|p1|Reckzz|101|1200
|player|p2|new mental|volkner|1246
|gen|9
|tier|[Gen 9 Champions] VGC 2026 Reg M-B (Bo3)
|rated|
|rule|Species Clause: Limit one of each Pokémon
|rule|Item Clause: Limit 1 of each item
|clearpoke
|poke|p1|Tyranitar, L50, F|
|poke|p1|Excadrill, L50, F|
|poke|p1|Milotic, L50, F|
|poke|p1|Sinistcha, L50|
|poke|p1|Staraptor, L50, M|
|poke|p1|Gholdengo, L50|
|poke|p2|Aerodactyl, L50, F|
|poke|p2|Garchomp, L50, F|
|poke|p2|Kingambit, L50, F|
|poke|p2|Charizard, L50, M|
|poke|p2|Sylveon, L50, M|
|poke|p2|Farigiraf, L50, M|
|teampreview|4
|showteam|p1|Tyranitar||Tyranitarite|SandStream|KnockOff,RockSlide,HighHorsepower,Protect|Jolly||F|||50|]Excadrill||FocusSash|SandRush|Earthquake,IronHead,RockSlide,Protect|Adamant||F|||50|]Milotic||SitrusBerry|Competitive|Scald,IcyWind,Haze,Protect|Calm||F|||50|]Sinistcha||ColburBerry|Hospitality|MatchaGotcha,ShadowBall,Protect,RagePowder|Bold|||||50|]Staraptor||Staraptite|Intimidate|CloseCombat,BraveBird,Tailwind,Protect|Jolly||M|||50|]Gholdengo||LifeOrb|GoodasGold|MakeItRain,ShadowBall,NastyPlot,Protect|Modest|||||50|
|showteam|p2|Aerodactyl||Aerodactylite|Unnerve|IceFang,RockSlide,Tailwind,DualWingbeat|Jolly||F|||50|]Garchomp||LifeOrb|RoughSkin|DragonClaw,RockSlide,Earthquake,Protect|Jolly||F|||50|]Kingambit||FocusSash|Defiant|SuckerPunch,KowtowCleave,IronHead,LowKick|Adamant||F|||50|]Charizard||CharizarditeY|SolarPower|Protect,WeatherBall,HeatWave,SolarBeam|Modest||M|||50|]Sylveon||FairyFeather|Pixilate|Protect,HyperVoice,HyperBeam,QuickAttack|Modest||M|||50|]Farigiraf||SitrusBerry|ArmorTail|TrickRoom,Thunderbolt,Roar,Psychic|Bold||M|||50|
|inactive|Battle timer is ON: inactive players will automatically lose when time's up. (requested by new mental)
|
|t:|1784711769
|teamsize|p1|4
|teamsize|p2|4
|start
|switch|p1a: Milotic|Milotic, L50, F|100/100
|switch|p1b: Gholdengo|Gholdengo, L50|100/100
|switch|p2a: Charizard|Charizard, L50, M|100/100
|switch|p2b: Garchomp|Garchomp, L50, F|100/100
|turn|1
|inactive|new mental has 30 seconds left.
|inactive|new mental has 20 seconds left.
|inactive|new mental has 15 seconds left.
|
|t:|1784711818
|switch|p2b: Kingambit|Kingambit, L50, F|100/100
|switch|p1b: Staraptor|Staraptor, L50, M|100/100
|-ability|p1b: Staraptor|Intimidate|boost
|-unboost|p2a: Charizard|atk|1
|-unboost|p2b: Kingambit|atk|1
|-ability|p2b: Kingambit|Defiant|boost
|-boost|p2b: Kingambit|atk|2
|detailschange|p2a: Charizard|Charizard-Mega-Y, L50, M
|-mega|p2a: Charizard|Charizard|Charizardite Y
|-weather|SunnyDay|[from] ability: Drought|[of] p2a: Charizard
|move|p2a: Charizard|Heat Wave|p1a: Milotic|[spread] p1a
|-miss|p2a: Charizard|p1b: Staraptor
|-resisted|p1a: Milotic|1
|-damage|p1a: Milotic|80/100
|move|p1a: Milotic|Icy Wind|p2b: Kingambit|[spread] p2a,p2b
|-resisted|p2b: Kingambit|1
|-damage|p2a: Charizard|91/100
|-damage|p2b: Kingambit|94/100
|-unboost|p2a: Charizard|spe|1
|-unboost|p2b: Kingambit|spe|1
|-ability|p2b: Kingambit|Defiant|boost
|-boost|p2b: Kingambit|atk|2
|
|-weather|SunnyDay|[upkeep]
|upkeep
|turn|2
|inactive|new mental has 30 seconds left.
|
|t:|1784711851
|switch|p2a: Sylveon|Sylveon, L50, M|100/100
|detailschange|p1b: Staraptor|Staraptor-Mega, L50, M
|-mega|p1b: Staraptor|Staraptor|Staraptite
|move|p2b: Kingambit|Sucker Punch||[still]
|-fail|p2b: Kingambit
|move|p1b: Staraptor|Tailwind|p1b: Staraptor
|-sidestart|p1: Reckzz|move: Tailwind
|move|p1a: Milotic|Haze|p1a: Milotic
|-clearallboost
|
|-weather|SunnyDay|[upkeep]
|upkeep
|turn|3
|
|t:|1784711874
|switch|p1b: Gholdengo|Gholdengo, L50|100/100
|move|p2b: Kingambit|Sucker Punch|p1a: Milotic
|-damage|p1a: Milotic|37/100
|-enditem|p1a: Milotic|Sitrus Berry|[eat]
|-heal|p1a: Milotic|62/100|[from] item: Sitrus Berry
|move|p1a: Milotic|Scald|p2b: Kingambit
|-damage|p2b: Kingambit|78/100
|-status|p2b: Kingambit|brn
|move|p2a: Sylveon|Hyper Beam|p1b: Gholdengo
|-resisted|p1b: Gholdengo|1
|-damage|p1b: Gholdengo|53/100
|-mustrecharge|p2a: Sylveon
|
|-weather|SunnyDay|[upkeep]
|-damage|p2b: Kingambit|72/100 brn|[from] brn
|upkeep
|turn|4
|inactive|Reckzz has 30 seconds left.
|
|t:|1784711907
|move|p2b: Kingambit|Sucker Punch||[still]
|-fail|p2b: Kingambit
|move|p1a: Milotic|Scald|p2b: Kingambit
|-damage|p2b: Kingambit|57/100 brn
|move|p1b: Gholdengo|Nasty Plot|p1b: Gholdengo
|-boost|p1b: Gholdengo|spa|2
|cant|p2a: Sylveon|recharge
|
|-weather|SunnyDay|[upkeep]
|-damage|p2b: Kingambit|51/100 brn|[from] brn
|upkeep
|turn|5
|
|t:|1784711937
|switch|p2a: Garchomp|Garchomp, L50, F|100/100
|move|p1a: Milotic|Scald|p2a: Garchomp
|-damage|p2a: Garchomp|83/100
|move|p1b: Gholdengo|Make It Rain|p2b: Kingambit|[spread] p2a,p2b
|-resisted|p2b: Kingambit|1
|-damage|p2a: Garchomp|0 fnt
|-damage|p2b: Kingambit|0 fnt
|-unboost|p1b: Gholdengo|spa|2
|faint|p2a: Garchomp
|faint|p2b: Kingambit
|-damage|p1b: Gholdengo|43/100|[from] item: Life Orb
|
|-weather|none
|-sideend|p1: Reckzz|move: Tailwind
|upkeep
|
|t:|1784711946
|switch|p2a: Charizard|Charizard-Mega-Y, L50, M|91/100
|switch|p2b: Sylveon|Sylveon, L50, M|100/100
|-weather|SunnyDay|[from] ability: Drought|[of] p2a: Charizard
|turn|6
|
|t:|1784711962
|switch|p1b: Tyranitar|Tyranitar, L50, F|100/100
|-weather|Sandstorm|[from] ability: Sand Stream|[of] p1b: Tyranitar
|move|p2a: Charizard|Heat Wave|p1a: Milotic|[spread] p1a,p1b
|-resisted|p1a: Milotic|1
|-resisted|p1b: Tyranitar|1
|-damage|p1a: Milotic|49/100
|-damage|p1b: Tyranitar|88/100
|move|p1a: Milotic|Icy Wind|p2a: Charizard|[spread] p2a,p2b
|-damage|p2a: Charizard|83/100
|-damage|p2b: Sylveon|91/100
|-unboost|p2a: Charizard|spe|1
|-unboost|p2b: Sylveon|spe|1
|move|p2b: Sylveon|Hyper Voice|p1b: Tyranitar|[spread] p1a,p1b
|-supereffective|p1b: Tyranitar|1
|-damage|p1a: Milotic|14/100
|-damage|p1b: Tyranitar|29/100
|
|-weather|Sandstorm|[upkeep]
|-damage|p1a: Milotic|8/100|[from] Sandstorm
|-damage|p2a: Charizard|77/100|[from] Sandstorm
|-damage|p2b: Sylveon|85/100|[from] Sandstorm
|upkeep
|turn|7
|
|t:|1784711985
|move|p1b: Tyranitar|Protect|p1b: Tyranitar
|-singleturn|p1b: Tyranitar|Protect
|move|p1a: Milotic|Scald|p2a: Charizard
|-supereffective|p2a: Charizard|1
|-damage|p2a: Charizard|30/100
|move|p2a: Charizard|Heat Wave|p1a: Milotic|[spread] p1a
|-activate|p1b: Tyranitar|move: Protect
|-resisted|p1a: Milotic|1
|-damage|p1a: Milotic|0 fnt
|faint|p1a: Milotic
|move|p2b: Sylveon|Hyper Voice|p1b: Tyranitar
|-activate|p1b: Tyranitar|move: Protect
|
|-weather|Sandstorm|[upkeep]
|-damage|p2a: Charizard|24/100|[from] Sandstorm
|-damage|p2b: Sylveon|79/100|[from] Sandstorm
|upkeep
|
|t:|1784712000
|switch|p1a: Gholdengo|Gholdengo, L50|43/100
|turn|8
|-message|new mental forfeited.
|
|win|Reckzz
