|j|☆Milanmirchandani
|j|☆Truevillany123
|html|MilanmirchandaniTruevillany123    
|uhtml|bestof|Game 2 of a best-of-3
|t:|1757725918
|gametype|doubles
|player|p1|Milanmirchandani|101|1175
|player|p2|Truevillany123|266|1089
|gen|9
|tier|[Gen 9] VGC 2025 Reg H (Bo3)
|rated|
|rule|Species Clause: Limit one of each Pokémon
|rule|Item Clause: Limit 1 of each item
|clearpoke
|poke|p1|Incineroar, L50, M|
|poke|p1|Murkrow, L50, M|
|poke|p1|Garchomp, L50, F|
|poke|p1|Gholdengo, L50|
|poke|p1|Volcarona, L50, F|
|poke|p1|Maushold, L50|
|poke|p2|Dragonite, L50, M|
|poke|p2|Ursaluna-Bloodmoon, L50, M|
|poke|p2|Gholdengo, L50|
|poke|p2|Annihilape, L50, M|
|poke|p2|Ninetales-Alola, L50, M|
|poke|p2|Rillaboom, L50, F|
|teampreview|4
|showteam|p1|Incineroar||SafetyGoggles|Intimidate|FakeOut,PartingShot,KnockOff,FlareBlitz|||M|||50|,,,,,Ghost]Murkrow||Eviolite|Prankster|Tailwind,FoulPlay,SunnyDay,Protect|||M|||50|,,,,,Steel]Garchomp||ClearAmulet|RoughSkin|Earthquake,RockSlide,DragonClaw,Protect|||F|||50|,,,,,Steel]Gholdengo||LifeOrb|GoodasGold|MakeItRain,ShadowBall,NastyPlot,Protect||||||50|,,,,,Water]Volcarona||Charcoal|FlameBody|Flamethrower,HeatWave,Overheat,Protect|||F|||50|,,,,,Fire]Maushold||WideLens|FriendGuard|FollowMe,PopulationBomb,Protect,Encore||||||50|,,,,,Ghost
|showteam|p2|Dragonite||LoadedDice|Multiscale|ScaleShot,Protect,Haze,Tailwind|||M|||50|,,,,,Fairy]Ursaluna-Bloodmoon||LifeOrb|MindsEye|BloodMoon,HyperVoice,EarthPower,Protect|||M|||50|,,,,,Normal]Gholdengo||ChoiceSpecs|GoodasGold|MakeItRain,ShadowBall,Protect,NastyPlot||||||50|,,,,,Water]Annihilape||SafetyGoggles|Defiant|DrainPunch,RageFist,Protect,BulkUp|||M|||50|,,,,,Fire]Ninetales-Alola||FocusSash|SnowWarning|FreezeDry,AuroraVeil,Encore,IcicleSpear|||M|||50|,,,,,Ghost]Rillaboom||AssaultVest|GrassySurge|FakeOut,WoodHammer,HighHorsepower,Uturn|||F|||50|,,,,,Fire
|inactive|Battle timer is ON: inactive players will automatically lose when time's up. (requested by Milanmirchandani)
|
|t:|1757725941
|teamsize|p1|4
|teamsize|p2|4
|start
|switch|p1a: Murkrow|Murkrow, L50, M|100/100
|switch|p1b: Gholdengo|Gholdengo, L50|100/100
|switch|p2a: Rillaboom|Rillaboom, L50, F|100/100
|switch|p2b: Ninetales|Ninetales-Alola, L50, M|100/100
|-weather|Snowscape|[from] ability: Snow Warning|[of] p2b: Ninetales
|-fieldstart|move: Grassy Terrain|[from] ability: Grassy Surge|[of] p2a: Rillaboom
|turn|1
|inactive|Milanmirchandani has 30 seconds left.
|
|t:|1757725968
|move|p1a: Murkrow|Protect|p1a: Murkrow
|-singleturn|p1a: Murkrow|Protect
|move|p2b: Ninetales|Aurora Veil|p2b: Ninetales
|-sidestart|p2: Truevillany123|move: Aurora Veil
|move|p1b: Gholdengo|Make It Rain|p2b: Ninetales|[spread] p2a,p2b
|-supereffective|p2b: Ninetales
|-damage|p2a: Rillaboom|66/100
|-enditem|p2b: Ninetales|Focus Sash
|-damage|p2b: Ninetales|1/100
|-unboost|p1b: Gholdengo|spa|1
|-damage|p1b: Gholdengo|91/100|[from] item: Life Orb
|move|p2a: Rillaboom|High Horsepower|p1b: Gholdengo
|-supereffective|p1b: Gholdengo
|-damage|p1b: Gholdengo|12/100
|
|-weather|Snowscape|[upkeep]
|-heal|p2b: Ninetales|7/100|[from] Grassy Terrain
|-heal|p1b: Gholdengo|18/100|[from] Grassy Terrain
|-heal|p2a: Rillaboom|72/100|[from] Grassy Terrain
|upkeep
|turn|2
|inactive|Milanmirchandani has 30 seconds left.
|
|t:|1757726002
|move|p1a: Murkrow|Tailwind|p1a: Murkrow
|-sidestart|p1: Milanmirchandani|move: Tailwind
|move|p1b: Gholdengo|Make It Rain|p2b: Ninetales|[spread] p2a,p2b
|-supereffective|p2b: Ninetales
|-damage|p2a: Rillaboom|47/100
|-damage|p2b: Ninetales|0 fnt
|-unboost|p1b: Gholdengo|spa|1
|faint|p2b: Ninetales
|-damage|p1b: Gholdengo|8/100|[from] item: Life Orb
|move|p2a: Rillaboom|High Horsepower|p1b: Gholdengo
|-supereffective|p1b: Gholdengo
|-damage|p1b: Gholdengo|0 fnt
|faint|p1b: Gholdengo
|
|-weather|Snowscape|[upkeep]
|-heal|p2a: Rillaboom|53/100|[from] Grassy Terrain
|upkeep
|
|t:|1757726017
|switch|p2b: Dragonite|Dragonite, L50, M, shiny|100/100
|switch|p1b: Volcarona|Volcarona, L50, F|100/100
|turn|3
|inactive|Truevillany123 has 30 seconds left.
|
|t:|1757726047
|move|p1b: Volcarona|Heat Wave|p2a: Rillaboom|[spread] p2a,p2b
|-supereffective|p2a: Rillaboom
|-resisted|p2b: Dragonite
|-damage|p2a: Rillaboom|0 fnt
|-damage|p2b: Dragonite|91/100
|faint|p2a: Rillaboom
|move|p1a: Murkrow|Foul Play|p2b: Dragonite
|-damage|p2b: Dragonite|49/100
|move|p2b: Dragonite|Scale Shot|p1b: Volcarona
|-damage|p1b: Volcarona|78/100
|-damage|p1b: Volcarona|53/100
|-damage|p1b: Volcarona|30/100
|-damage|p1b: Volcarona|6/100
|-damage|p1b: Volcarona|0 fnt
|faint|p1b: Volcarona
|-hitcount|p1: Volcarona|5
|-unboost|p2b: Dragonite|def|1
|-boost|p2b: Dragonite|spe|1
|
|-weather|Snowscape|[upkeep]
|upkeep
|
|t:|1757726065
|switch|p1b: Maushold|Maushold, L50|100/100
|switch|p2a: Annihilape|Annihilape, L50, M|100/100
|turn|4
|inactive|Milanmirchandani has 30 seconds left.
|inactive|Truevillany123 has 30 seconds left.
|inactive|Truevillany123 has 20 seconds left.
|
|t:|1757726101
|-terastallize|p1b: Maushold|Ghost
|move|p2b: Dragonite|Protect|p2b: Dragonite
|-singleturn|p2b: Dragonite|Protect
|move|p1b: Maushold|Population Bomb|p2b: Dragonite
|-activate|p2b: Dragonite|move: Protect
|move|p1a: Murkrow|Foul Play|p2a: Annihilape
|-damage|p2a: Annihilape|75/100
|move|p2a: Annihilape|Drain Punch|p1a: Murkrow
|-damage|p1a: Murkrow|77/100
|-heal|p2a: Annihilape|85/100|[from] drain|[of] p1a: Murkrow
|
|-weather|Snowscape|[upkeep]
|-heal|p2a: Annihilape|91/100|[from] Grassy Terrain
|upkeep
|turn|5
|inactive|Milanmirchandani has 30 seconds left.
|inactive|Milanmirchandani has 20 seconds left.
|inactive|Milanmirchandani has 15 seconds left.
|inactive|Truevillany123 has 30 seconds left.
|inactive|Milanmirchandani has 10 seconds left.
|
|t:|1757726155
|move|p2b: Dragonite|Protect|p2b: Dragonite
|-singleturn|p2b: Dragonite|Protect
|move|p1b: Maushold|Encore|p2a: Annihilape
|-start|p2a: Annihilape|Encore
|move|p1a: Murkrow|Foul Play|p2b: Dragonite
|-activate|p2b: Dragonite|move: Protect
|move|p2a: Annihilape|Drain Punch|p1a: Murkrow
|-crit|p1a: Murkrow
|-damage|p1a: Murkrow|42/100
|-heal|p2a: Annihilape|100/100|[from] drain|[of] p1a: Murkrow
|
|-weather|none
|-sideend|p1: Milanmirchandani|move: Tailwind
|-sideend|p2: Truevillany123|move: Aurora Veil
|-fieldend|move: Grassy Terrain
|upkeep
|turn|6
|
|t:|1757726177
|move|p1b: Maushold|Follow Me|p1b: Maushold
|-singleturn|p1b: Maushold|move: Follow Me
|move|p2b: Dragonite|Scale Shot|p1b: Maushold
|-damage|p1b: Maushold|77/100
|-damage|p1b: Maushold|55/100
|-damage|p1b: Maushold|34/100
|-damage|p1b: Maushold|13/100
|-crit|p1b: Maushold
|-damage|p1b: Maushold|0 fnt
|faint|p1b: Maushold
|-hitcount|p1: Maushold|5
|-unboost|p2b: Dragonite|def|1
|-boost|p2b: Dragonite|spe|1
|move|p2a: Annihilape|Drain Punch|p1a: Murkrow
|-crit|p1a: Murkrow
|-damage|p1a: Murkrow|2/100
|move|p1a: Murkrow|Foul Play|p2b: Dragonite
|-damage|p2b: Dragonite|0 fnt
|faint|p2b: Dragonite
|
|upkeep
|turn|7
|
|t:|1757726199
|move|p2a: Annihilape|Drain Punch|p1a: Murkrow
|-damage|p1a: Murkrow|0 fnt
|faint|p1a: Murkrow
|
|win|Truevillany123
||Milanmirchandani is ready for game 3.
