|j|☆GS Barnabe
|j|☆carolchanning
|html|GS Barnabecarolchanning    
|uhtml|bestof|Game 1 of a best-of-3
|t:|1785697991
|gametype|doubles
|player|p1|GS Barnabe|barry|1194
|player|p2|carolchanning|169|1223
|gen|9
|tier|[Gen 9 Champions] VGC 2026 Reg M-B (Bo3)
|rated|
|rule|Species Clause: Limit one of each Pokémon
|rule|Item Clause: Limit 1 of each item
|clearpoke
|poke|p1|Clefable, L50, M|
|poke|p1|Tyranitar, L50, F|
|poke|p1|Garchomp, L50, F|
|poke|p1|Gholdengo, L50|
|poke|p1|Rotom-Wash, L50|
|poke|p1|Aerodactyl, L50, F|
|poke|p2|Sinistcha, L50|
|poke|p2|Floette-Eternal, L50, F|
|poke|p2|Maushold, L50|
|poke|p2|Delphox, L50, F|
|poke|p2|Incineroar, L50, F|
|poke|p2|Kingambit, L50, M|
|teampreview|4
|showteam|p1|Clefable||SitrusBerry|Unaware|Moonblast,HelpingHand,FollowMe,Protect|Bold||M|||50|]Tyranitar||ChoiceScarf|SandStream|RockSlide,KnockOff,IcePunch,Superpower|Jolly||F|||50|]Garchomp||Garchompite|SandVeil|DracoMeteor,EarthPower,PowerGem,Protect|Modest||F|||50|]Gholdengo||LifeOrb|GoodasGold|MakeItRain,ShadowBall,NastyPlot,Protect|Modest|||||50|]Rotom-Wash||Leftovers|Levitate|HydroPump,VoltSwitch,WillOWisp,Protect|Calm|||||50|]Aerodactyl||Aerodactylite|RockHead|RockSlide,DualWingbeat,Tailwind,Protect|Jolly||F|||50|
|showteam|p2|Sinistcha||OccaBerry|Hospitality|MatchaGotcha,RagePowder,TrickRoom,Protect|Bold|||||50|]Floette-Eternal||Floettite|FlowerVeil|Moonblast,DazzlingGleam,CalmMind,Protect|Timid||F|||50|]Maushold||FocusSash|FriendGuard|Feint,HelpingHand,FollowMe,Protect|Impish|||||50|]Delphox||Delphoxite|Blaze|HeatWave,Psyshock,NastyPlot,Protect|Timid||F|||50|]Incineroar||SitrusBerry|Intimidate|FakeOut,FlareBlitz,ThroatChop,PartingShot|Impish||F|||50|]Kingambit||LifeOrb|Defiant|KowtowCleave,SuckerPunch,IronHead,LowKick|Adamant||M|||50|
|inactive|Battle timer is ON: inactive players will automatically lose when time's up. (requested by carolchanning)
|inactive|GS Barnabe has 60 seconds left.
|inactive|GS Barnabe has 30 seconds left.
|
|t:|1785698059
|teamsize|p1|4
|teamsize|p2|4
|start
|switch|p1a: Gholdengo|Gholdengo, L50|100/100
|switch|p1b: Rotom|Rotom-Wash, L50|100/100
|switch|p2a: Floette|Floette-Eternal, L50, F|100/100
|switch|p2b: Incineroar|Incineroar, L50, F|100/100
|-ability|p2b: Incineroar|Intimidate|boost
|-unboost|p1a: Gholdengo|atk|1
|-unboost|p1b: Rotom|atk|1
|turn|1
|inactive|carolchanning has 30 seconds left.
|
|t:|1785698088
|switch|p2b: Maushold|Maushold, L50|100/100
|detailschange|p2a: Floette|Floette-Mega, L50, F
|-mega|p2a: Floette|Floette|Floettite
|-ability|p2a: Floette|Fairy Aura
|move|p2a: Floette|Calm Mind|p2a: Floette
|-boost|p2a: Floette|spa|1
|-boost|p2a: Floette|spd|1
|move|p1b: Rotom|Hydro Pump|p2b: Maushold
|-damage|p2b: Maushold|59/100
|move|p1a: Gholdengo|Nasty Plot|p1a: Gholdengo
|-boost|p1a: Gholdengo|spa|2
|
|upkeep
|turn|2
|inactive|carolchanning has 30 seconds left.
|
|t:|1785698119
|move|p2b: Maushold|Helping Hand|p2a: Floette
|-singleturn|p2a: Floette|Helping Hand|[of] p2b: Maushold
|move|p1a: Gholdengo|Protect|p1a: Gholdengo
|-singleturn|p1a: Gholdengo|Protect
|move|p2a: Floette|Moonblast|p1a: Gholdengo
|-activate|p1a: Gholdengo|move: Protect
|move|p1b: Rotom|Volt Switch|p2b: Maushold
|-crit|p2b: Maushold
|-damage|p2b: Maushold|20/100y
|
|t:|1785698134
|switch|p1b: Tyranitar|Tyranitar, L50, F|100/100|[from] Volt Switch
|-weather|Sandstorm|[from] ability: Sand Stream|[of] p1b: Tyranitar
|
|-weather|Sandstorm|[upkeep]
|-damage|p2a: Floette|94/100|[from] Sandstorm
|-damage|p2b: Maushold|14/100|[from] Sandstorm
|upkeep
|turn|3
|
|t:|1785698157
|switch|p2b: Incineroar|Incineroar, L50, F|100/100
|-ability|p2b: Incineroar|Intimidate|boost
|-unboost|p1a: Gholdengo|atk|1
|-unboost|p1b: Tyranitar|atk|1
|move|p2a: Floette|Protect|p2a: Floette
|-singleturn|p2a: Floette|Protect
|move|p1b: Tyranitar|Rock Slide|p2a: Floette|[spread] 
|-activate|p2a: Floette|move: Protect
|-miss|p1b: Tyranitar|p2b: Incineroar
|move|p1a: Gholdengo|Make It Rain|p2b: Incineroar|[spread] p2b
|-activate|p2a: Floette|move: Protect
|-resisted|p2b: Incineroar|1
|-damage|p2b: Incineroar|40/100
|-unboost|p1a: Gholdengo|spa|2
|-enditem|p2b: Incineroar|Sitrus Berry|[eat]
|-heal|p2b: Incineroar|65/100|[from] item: Sitrus Berry
|-damage|p1a: Gholdengo|90/100|[from] item: Life Orb
|
|-weather|Sandstorm|[upkeep]
|-damage|p2a: Floette|88/100|[from] Sandstorm
|-damage|p2b: Incineroar|59/100|[from] Sandstorm
|upkeep
|turn|4
|inactive|GS Barnabe has 30 seconds left.
|
|t:|1785698185
|move|p2b: Incineroar|Fake Out|p1b: Tyranitar
|-resisted|p1b: Tyranitar|1
|-damage|p1b: Tyranitar|94/100
|cant|p1b: Tyranitar|flinch
|move|p2a: Floette|Dazzling Gleam|p1b: Tyranitar|[spread] p1a,p1b
|-resisted|p1a: Gholdengo|1
|-supereffective|p1b: Tyranitar|1
|-damage|p1a: Gholdengo|53/100
|-damage|p1b: Tyranitar|2/100
|move|p1a: Gholdengo|Nasty Plot|p1a: Gholdengo
|-boost|p1a: Gholdengo|spa|2
|
|-weather|Sandstorm|[upkeep]
|-damage|p2a: Floette|82/100|[from] Sandstorm
|-damage|p2b: Incineroar|53/100|[from] Sandstorm
|upkeep
|turn|5
|inactive|GS Barnabe has 30 seconds left.
|
|t:|1785698214
|switch|p2b: Sinistcha|Sinistcha, L50|100/100
|-heal|p2a: Floette|100/100|[from] ability: Hospitality|[of] p2b: Sinistcha
|move|p2a: Floette|Protect|p2a: Floette
|-singleturn|p2a: Floette|Protect
|move|p1b: Tyranitar|Rock Slide|p2b: Sinistcha|[spread] p2b
|-activate|p2a: Floette|move: Protect
|-damage|p2b: Sinistcha|83/100
|move|p1a: Gholdengo|Make It Rain|p2a: Floette|[spread] p2b
|-activate|p2a: Floette|move: Protect
|-damage|p2b: Sinistcha|0 fnt
|-unboost|p1a: Gholdengo|spa|2
|faint|p2b: Sinistcha
|-damage|p1a: Gholdengo|43/100|[from] item: Life Orb
|
|-weather|Sandstorm|[upkeep]
|-damage|p2a: Floette|94/100|[from] Sandstorm
|upkeep
|
|t:|1785698236
|switch|p2b: Incineroar|Incineroar, L50, F|53/100
|-ability|p2b: Incineroar|Intimidate|boost
|-unboost|p1a: Gholdengo|atk|1
|-unboost|p1b: Tyranitar|atk|1
|turn|6
|
|t:|1785698248
|switch|p1b: Rotom|Rotom-Wash, L50|100/100
|move|p1a: Gholdengo|Protect|p1a: Gholdengo
|-singleturn|p1a: Gholdengo|Protect
|move|p2b: Incineroar|Fake Out|p1b: Rotom
|-damage|p1b: Rotom|88/100
|move|p2a: Floette|Dazzling Gleam|p1b: Rotom|[spread] p1b
|-activate|p1a: Gholdengo|move: Protect
|-damage|p1b: Rotom|24/100
|
|-weather|none
|-heal|p1b: Rotom|30/100|[from] item: Leftovers
|upkeep
|turn|7
|inactive|GS Barnabe has 30 seconds left.
|
|t:|1785698282
|switch|p2b: Maushold|Maushold, L50|14/100
|move|p2a: Floette|Dazzling Gleam|p1b: Rotom|[spread] p1a,p1b
|-resisted|p1a: Gholdengo|1
|-damage|p1a: Gholdengo|8/100
|-damage|p1b: Rotom|0 fnt
|faint|p1b: Rotom
|move|p1a: Gholdengo|Make It Rain|p2a: Floette|[spread] p2a,p2b
|-supereffective|p2a: Floette|1
|-damage|p2a: Floette|43/100
|-damage|p2b: Maushold|0 fnt
|-unboost|p1a: Gholdengo|spa|2
|faint|p2b: Maushold
|-damage|p1a: Gholdengo|0 fnt|[from] item: Life Orb
|faint|p1a: Gholdengo
|
|upkeep
|
|t:|1785698302
|switch|p2b: Incineroar|Incineroar, L50, F|53/100
|switch|p1b: Garchomp|Garchomp, L50, F|100/100
|switch|p1a: Tyranitar|Tyranitar, L50, F|2/100
|-weather|Sandstorm|[from] ability: Sand Stream|[of] p1a: Tyranitar
|-ability|p2b: Incineroar|Intimidate|boost
|-unboost|p1a: Tyranitar|atk|1
|-unboost|p1b: Garchomp|atk|1
|turn|8
|
|t:|1785698317
|detailschange|p1b: Garchomp|Garchomp-Mega, L50, F
|-mega|p1b: Garchomp|Garchomp|Garchompite
|move|p2b: Incineroar|Fake Out|p1a: Tyranitar
|-resisted|p1a: Tyranitar|1
|-damage|p1a: Tyranitar|0 fnt
|faint|p1a: Tyranitar
|move|p2a: Floette|Moonblast|p1b: Garchomp
|-supereffective|p1b: Garchomp|1
|-damage|p1b: Garchomp|0 fnt
|faint|p1b: Garchomp
|
|win|carolchanning
