|j|☆elmono11
|j|☆cubeandcroc
|html|elmono11cubeandcroc    
|uhtml|bestof|Game 2 of a best-of-3
|t:|1785601760
|gametype|doubles
|player|p1|elmono11|101|1437
|player|p2|cubeandcroc|170|1322
|gen|9
|tier|[Gen 9 Champions] VGC 2026 Reg M-B (Bo3)
|rated|
|rule|Species Clause: Limit one of each Pokémon
|rule|Item Clause: Limit 1 of each item
|clearpoke
|poke|p1|Staraptor, L50, M|
|poke|p1|Garchomp, L50, M|
|poke|p1|Whimsicott, L50, M|
|poke|p1|Delphox, L50, M|
|poke|p1|Glimmora, L50, M|
|poke|p1|Kingambit, L50, M|
|poke|p2|Pelipper, L50, F|
|poke|p2|Archaludon, L50, F|
|poke|p2|Swampert, L50, M|
|poke|p2|Sneasler, L50, F|
|poke|p2|Gholdengo, L50|
|poke|p2|Tsareena, L50, F|
|teampreview|4
|showteam|p1|Staraptor||Staraptite|Intimidate|CloseCombat,BraveBird,Roost,Protect|Jolly||M|||50|]Garchomp||LifeOrb|RoughSkin|Earthquake,DragonClaw,RockSlide,Protect|Jolly||M|||50|]Whimsicott||OccaBerry|Prankster|Moonblast,Tailwind,Charm,LightScreen|Timid||M|||50|]Delphox||Delphoxite|Magician|HeatWave,Psychic,Substitute,Protect|Timid||M|||50|]Glimmora||FocusSash|ToxicDebris|SludgeBomb,PowerGem,EarthPower,SpikyShield|Timid||M|||50|]Kingambit||ChopleBerry|Defiant|KowtowCleave,SuckerPunch,LowKick,IronHead|Adamant||M|||50|
|showteam|p2|Pelipper||FocusSash|Drizzle|WeatherBall,Hurricane,Tailwind,WideGuard|Modest||F|||50|]Archaludon||Leftovers|Stamina|DragonPulse,FlashCannon,ElectroShot,Protect|Modest||F|||50|]Swampert||Swampertite|Torrent|WaveCrash,Earthquake,IcePunch,Protect|Adamant||M|||50|]Sneasler||WhiteHerb|Unburden|FakeOut,CloseCombat,PoisonJab,Protect|Jolly||F|||50|]Gholdengo||LifeOrb|GoodasGold|MakeItRain,ShadowBall,NastyPlot,Protect|Timid|||||50|]Tsareena||SitrusBerry|QueenlyMajesty|TropKick,KnockOff,HelpingHand,Protect|Careful||F|||50|
|inactive|Battle timer is ON: inactive players will automatically lose when time's up. (requested by elmono11)
|inactive|elmono11 has 60 seconds left.
|inactive|elmono11 has 30 seconds left.
|
|t:|1785601823
|teamsize|p1|4
|teamsize|p2|4
|start
|switch|p1a: Garchomp|Garchomp, L50, M|100/100
|switch|p1b: Whimsicott|Whimsicott, L50, M|100/100
|switch|p2a: Sneasler|Sneasler, L50, F|100/100
|switch|p2b: Gholdengo|Gholdengo, L50|100/100
|turn|1
|
|t:|1785601839
|switch|p1b: Staraptor|Staraptor, L50, M|100/100
|-ability|p1b: Staraptor|Intimidate|boost
|-unboost|p2a: Sneasler|atk|1
|-unboost|p2b: Gholdengo|atk|1
|-enditem|p2a: Sneasler|White Herb
|-clearnegativeboost|p2a: Sneasler|[silent]
|move|p2a: Sneasler|Fake Out|p1b: Staraptor
|-damage|p1b: Staraptor|81/100
|move|p1a: Garchomp|Earthquake|p2a: Sneasler|[spread] p2a,p2b
|-immune|p1b: Staraptor
|-supereffective|p2a: Sneasler|1
|-supereffective|p2b: Gholdengo|1
|-damage|p2a: Sneasler|0 fnt
|-damage|p2b: Gholdengo|0 fnt
|faint|p2a: Sneasler
|faint|p2b: Gholdengo
|-damage|p1a: Garchomp|90/100|[from] item: Life Orb
|
|upkeep
|
|t:|1785601851
|switch|p2a: Pelipper|Pelipper, L50, F|100/100
|switch|p2b: Swampert|Swampert, L50, M|100/100
|-weather|RainDance|[from] ability: Drizzle|[of] p2a: Pelipper
|turn|2
|inactive|elmono11 has 30 seconds left.
|
|t:|1785601876
|switch|p1b: Whimsicott|Whimsicott, L50, M|100/100
|detailschange|p2b: Swampert|Swampert-Mega, L50, M
|-mega|p2b: Swampert|Swampert|Swampertite
|move|p1a: Garchomp|Protect|p1a: Garchomp
|-singleturn|p1a: Garchomp|Protect
|move|p2b: Swampert|Ice Punch|p1a: Garchomp
|-activate|p1a: Garchomp|move: Protect
|move|p2a: Pelipper|Hurricane|p1b: Whimsicott
|-supereffective|p1b: Whimsicott|1
|-damage|p1b: Whimsicott|0 fnt
|faint|p1b: Whimsicott
|
|-weather|RainDance|[upkeep]
|upkeep
|
|t:|1785601884
|switch|p1b: Staraptor|Staraptor, L50, M|81/100
|-ability|p1b: Staraptor|Intimidate|boost
|-unboost|p2a: Pelipper|atk|1
|-unboost|p2b: Swampert|atk|1
|turn|3
|inactive|elmono11 has 30 seconds left.
|inactive|cubeandcroc has 30 seconds left.
|inactive|elmono11 has 20 seconds left.
|
|t:|1785601920
|detailschange|p1b: Staraptor|Staraptor-Mega, L50, M
|-mega|p1b: Staraptor|Staraptor|Staraptite
|move|p2b: Swampert|Ice Punch|p1b: Staraptor
|-supereffective|p1b: Staraptor|1
|-crit|p1b: Staraptor
|-damage|p1b: Staraptor|0 fnt
|faint|p1b: Staraptor
|move|p1a: Garchomp|Dragon Claw|p2a: Pelipper
|-damage|p2a: Pelipper|43/100
|-damage|p1a: Garchomp|80/100|[from] item: Life Orb
|move|p2a: Pelipper|Hurricane|p1a: Garchomp
|-damage|p1a: Garchomp|27/100
|-start|p1a: Garchomp|confusion
|
|-weather|RainDance|[upkeep]
|upkeep
|
|t:|1785601924
|switch|p1b: Glimmora|Glimmora, L50, M|100/100
|turn|4
|
|t:|1785601944
|-activate|p1a: Garchomp|confusion
|move|p1a: Garchomp|Protect|p1a: Garchomp
|-singleturn|p1a: Garchomp|Protect
|move|p2b: Swampert|Earthquake|p1a: Garchomp|[spread] p1b
|-activate|p1a: Garchomp|move: Protect
|-immune|p2a: Pelipper
|-supereffective|p1b: Glimmora|2
|-enditem|p1b: Glimmora|Focus Sash
|-damage|p1b: Glimmora|1/100
|-activate|p1b: Glimmora|ability: Toxic Debris
|-sidestart|p2: cubeandcroc|move: Toxic Spikes
|move|p1b: Glimmora|Power Gem|p2a: Pelipper
|-supereffective|p2a: Pelipper|1
|-damage|p2a: Pelipper|0 fnt
|faint|p2a: Pelipper
|
|-weather|RainDance|[upkeep]
|upkeep
|turn|5
|-message|elmono11 forfeited.
|
|win|cubeandcroc
