|j|☆cheesebiscuit12
|j|☆jiggyjagga
|html|cheesebiscuit12jiggyjagga    
|uhtml|bestof|Game 3 of a best-of-3
|t:|1784306992
|gametype|doubles
|player|p1|cheesebiscuit12|266|
|player|p2|jiggyjagga|1|
|gen|9
|tier|[Gen 9 Champions] VGC 2026 Reg M-B (Bo3)
|rule|Species Clause: Limit one of each Pokémon
|rule|Item Clause: Limit 1 of each item
|clearpoke
|poke|p1|Gardevoir, L50, F|
|poke|p1|Whimsicott, L50, M|
|poke|p1|Arcanine, L50, M|
|poke|p1|Metagross, L50|
|poke|p1|Azumarill, L50, F|
|poke|p1|Golurk, L50|
|poke|p2|Dragapult, L50, F, shiny|
|poke|p2|Sylveon, L50, M|
|poke|p2|Aggron, L50, F|
|poke|p2|Slowking-Galar, L50, F|
|poke|p2|Grimmsnarl, L50, M, shiny|
|poke|p2|Lopunny, L50, M, shiny|
|teampreview|4
|showteam|p1|Gardevoir||Gardevoirite|Telepathy|MistyExplosion,HyperVoice,Psyshock,FocusBlast|Hasty||F|||50|]Whimsicott||FocusSash|Prankster|Switcheroo,BeatUp,Tailwind,MistyTerrain|Jolly||M|||50|]Arcanine||LifeOrb|Justified|ExtremeSpeed,FlareBlitz,WildCharge,Overheat|Hasty||M|||50|]Metagross||Leftovers|ClearBody|Explosion,CosmicPower,BodyPress,MeteorMash|Serious|||||50|]Azumarill||SitrusBerry|HugePower|BellyDrum,AquaJet,MistyExplosion,Protect|Adamant||F|||50|]Golurk||ColburBerry|Klutz|StealthRock,Earthquake,ShadowPunch,IcePunch|Adamant|||||50|
|showteam|p2|Dragapult||SilkScarf|ClearBody|DragonDarts,Reflect,Round,Protect|Adamant||F|||50|]Sylveon||FairyFeather|Pixilate|HyperVoice,QuickAttack,Round,Detect|Modest||M|||50|]Aggron||Aggronite|Sturdy|HeavySlam,BodyPress,RockSlide,Protect|Brave||F|||50|]Slowking-Galar|||Regenerator|TrickRoom,Flamethrower,Psychic,ChillyReception|Quiet||F|||50|]Grimmsnarl||FocusSash|Prankster|FakeOut,PartingShot,SpiritBreak,SuckerPunch|Adamant||M|||50|]Lopunny||ChoiceScarf|Limber|FakeOut,AfterYou,CloseCombat,Switcheroo|Jolly||M|||50|
|
|t:|1784307013
|teamsize|p1|4
|teamsize|p2|4
|start
|switch|p1a: Whimsicott|Whimsicott, L50, M|100/100
|switch|p1b: Arcanine|Arcanine, L50, M|100/100
|switch|p2a: Aggron|Aggron, L50, F|100/100
|switch|p2b: Grimmsnarl|Grimmsnarl, L50, M, shiny|100/100
|turn|1
|
|t:|1784307024
|detailschange|p2a: Aggron|Aggron-Mega, L50, F
|-mega|p2a: Aggron|Aggron|Aggronite
|move|p2b: Grimmsnarl|Fake Out|p1b: Arcanine
|-damage|p1b: Arcanine|79/100
|move|p1a: Whimsicott|Tailwind|p1a: Whimsicott
|-sidestart|p1: cheesebiscuit12|move: Tailwind
|cant|p1b: Arcanine|flinch
|move|p2a: Aggron|Heavy Slam|p1a: Whimsicott
|-supereffective|p1a: Whimsicott|1
|-enditem|p1a: Whimsicott|Focus Sash
|-damage|p1a: Whimsicott|1/100
|
|upkeep
|turn|2
|
|t:|1784307043
|move|p2a: Aggron|Protect|p2a: Aggron
|-singleturn|p2a: Aggron|Protect
|move|p2b: Grimmsnarl|Parting Shot|p1b: Arcanine
|-unboost|p1b: Arcanine|atk|1
|-unboost|p1b: Arcanine|spa|1
|
|t:|1784307049
|switch|p2b: Slowking|Slowking-Galar, L50, F|100/100|[from] Parting Shot
|move|p1a: Whimsicott|Beat Up|p1b: Arcanine
|-damage|p1b: Arcanine|76/100
|-ability|p1b: Arcanine|Justified|boost
|-boost|p1b: Arcanine|atk|1
|-damage|p1b: Arcanine|73/100
|-ability|p1b: Arcanine|Justified|boost
|-boost|p1b: Arcanine|atk|1
|-damage|p1b: Arcanine|70/100
|-ability|p1b: Arcanine|Justified|boost
|-boost|p1b: Arcanine|atk|1
|-damage|p1b: Arcanine|65/100
|-ability|p1b: Arcanine|Justified|boost
|-boost|p1b: Arcanine|atk|1
|-hitcount|p1b: Arcanine|4
|move|p1b: Arcanine|Flare Blitz|p2a: Aggron
|-activate|p2a: Aggron|move: Protect
|
|upkeep
|turn|3
|
|t:|1784307076
|switch|p2a: Dragapult|Dragapult, L50, F, shiny|100/100
|move|p1a: Whimsicott|Beat Up|p2b: Slowking
|-supereffective|p2b: Slowking|1
|-damage|p2b: Slowking|95/100
|-supereffective|p2b: Slowking|1
|-crit|p2b: Slowking
|-damage|p2b: Slowking|84/100
|-supereffective|p2b: Slowking|1
|-damage|p2b: Slowking|80/100
|-supereffective|p2b: Slowking|1
|-damage|p2b: Slowking|73/100
|-hitcount|p2b: Slowking|4
|move|p1b: Arcanine|Flare Blitz|p2a: Dragapult
|-resisted|p2a: Dragapult|1
|-damage|p2a: Dragapult|0 fnt
|faint|p2a: Dragapult
|-damage|p1b: Arcanine|30/100|[from] Recoil
|-damage|p1b: Arcanine|20/100y|[from] item: Life Orb
|move|p2b: Slowking|Trick Room|p2b: Slowking
|-fieldstart|move: Trick Room|[of] p2b: Slowking
|
|upkeep
|
|t:|1784307098
|switch|p2a: Aggron|Aggron-Mega, L50, F|100/100
|turn|4
|
|t:|1784307138
|move|p1b: Arcanine|Extreme Speed|p2a: Aggron
|-resisted|p2a: Aggron|1
|-damage|p2a: Aggron|80/100
|-damage|p1b: Arcanine|10/100|[from] item: Life Orb
|move|p1a: Whimsicott|Misty Terrain|p1a: Whimsicott
|-fieldstart|move: Misty Terrain
|-prepare|p2b: Slowking|Chilly Reception|[premajor]
|move|p2b: Slowking|Chilly Reception|p2b: Slowking
|-weather|Snowscape
|
|t:|1784307149
|-heal|p2b: Slowking|100/100|[from] ability: Regenerator|[silent]
|switch|p2b: Grimmsnarl|Grimmsnarl, L50, M, shiny|100/100|[from] Chilly Reception
|move|p2a: Aggron|Rock Slide|p1a: Whimsicott|[spread] p1a,p1b
|-supereffective|p1b: Arcanine|1
|-damage|p1a: Whimsicott|0 fnt
|-damage|p1b: Arcanine|0 fnt
|faint|p1a: Whimsicott
|faint|p1b: Arcanine
|
|-weather|Snowscape|[upkeep]
|-sideend|p1: cheesebiscuit12|move: Tailwind
|upkeep
|
|t:|1784307162
|switch|p1b: Metagross|Metagross, L50|100/100
|switch|p1a: Azumarill|Azumarill, L50, F|100/100
|turn|5
|
|t:|1784307181
|move|p1a: Azumarill|Protect|p1a: Azumarill
|-singleturn|p1a: Azumarill|Protect
|move|p2b: Grimmsnarl|Fake Out|p1b: Metagross
|-resisted|p1b: Metagross|1
|-damage|p1b: Metagross|94/100
|move|p2a: Aggron|Heavy Slam|p1a: Azumarill
|-activate|p1a: Azumarill|move: Protect
|cant|p1b: Metagross|flinch
|
|-weather|Snowscape|[upkeep]
|-heal|p1b: Metagross|100/100|[from] item: Leftovers
|upkeep
|turn|6
|
|t:|1784307197
|move|p1a: Azumarill|Protect||[still]
|-fail|p1a: Azumarill
|move|p2b: Grimmsnarl|Sucker Punch|p1b: Metagross
|-supereffective|p1b: Metagross|1
|-crit|p1b: Metagross
|-damage|p1b: Metagross|12/100
|move|p2a: Aggron|Heavy Slam|p1a: Azumarill
|-damage|p1a: Azumarill|19/100
|-enditem|p1a: Azumarill|Sitrus Berry|[eat]
|-heal|p1a: Azumarill|44/100|[from] item: Sitrus Berry
|move|p1b: Metagross|Explosion|p2b: Grimmsnarl|[spread] p1a,p2a,p2b
|-resisted|p2a: Aggron|1
|-damage|p1a: Azumarill|0 fnt
|-damage|p2a: Aggron|66/100
|-damage|p2b: Grimmsnarl|12/100
|faint|p1b: Metagross
|faint|p1a: Azumarill
|
|win|jiggyjagga
|l|☆jiggyjagga
|player|p2|
|l|☆cheesebiscuit12
|player|p1|
|j|☆jiggyjagga
|player|p2|jiggyjagga|1|
