|j|☆BobbyPotatoBoi
|j|☆LeftHandBeetle
|html|BobbyPotatoBoiLeftHandBeetle    
|uhtml|bestof|Game 1 of a best-of-3
|t:|1756945071
|gametype|doubles
|player|p1|BobbyPotatoBoi|170|1000
|player|p2|LeftHandBeetle|marlon|1000
|gen|9
|tier|[Gen 9] VGC 2025 Reg H (Bo3)
|rated|
|rule|Species Clause: Limit one of each Pokémon
|rule|Item Clause: Limit 1 of each item
|clearpoke
|poke|p1|Incineroar, L50, F|
|poke|p1|Pelipper, L50, M|
|poke|p1|Basculegion, L50, M|
|poke|p1|Amoonguss, L50, F|
|poke|p1|Maushold-Four, L50|
|poke|p1|Archaludon, L50, F|
|poke|p2|Pelipper, L50, M|
|poke|p2|Empoleon, L50, F|
|poke|p2|Ursaluna-Bloodmoon, L50, M|
|poke|p2|Basculegion, L50, M|
|poke|p2|Sceptile, L50, M|
|poke|p2|Gholdengo, L50|
|teampreview|4
|showteam|p1|Incineroar||SafetyGoggles|Intimidate|FakeOut,FlareBlitz,KnockOff,PartingShot|||F|||50|,,,,,Ghost]Pelipper||FocusSash|Drizzle|Hurricane,WeatherBall,Tailwind,Protect|||M|||50|,,,,,Ghost]Basculegion||MysticWater|SwiftSwim|Protect,WaveCrash,AquaJet,LastRespects|||M|||50|,,,,,Water]Amoonguss||SitrusBerry|Regenerator|Spore,RagePowder,PollenPuff,ClearSmog|||F|||50|,,,,,Water]Maushold-Four||WideLens|Technician|PopulationBomb,FollowMe,Taunt,Protect||||||50|,,,,,Grass]Archaludon||AssaultVest|Stamina|ElectroShot,DragonPulse,FlashCannon,BodyPress|||F|||50|,,,,,Grass
|showteam|p2|Pelipper||ChoiceScarf|Drizzle|Hurricane,MuddyWater,WeatherBall,Tailwind|||M|||50|,,,,,Ghost]Empoleon||CovertCloak|Competitive|WaterPledge,FlashCannon,IceBeam,Protect|||F|||50|,,,,,Bug]Ursaluna-Bloodmoon||AssaultVest|MindsEye|EarthPower,BloodMoon,HyperVoice,VacuumWave|||M|||50|,,,,,Ghost]Basculegion||ChoiceBand|SwiftSwim|WaveCrash,AquaJet,FlipTurn,LastRespects|||M|||50|,,,,,Water]Sceptile||LumBerry|Unburden|LeafBlade,GrassPledge,Acrobatics,Protect|||M|||50|,,,,,Ghost]Gholdengo||ChoiceSpecs|GoodasGold|MakeItRain,ShadowBall,PowerGem,DazzlingGleam||||||50|,,,,,Steel
|inactive|Battle timer is ON: inactive players will automatically lose when time's up. (requested by BobbyPotatoBoi)
|inactive|LeftHandBeetle also wants the timer to be on.
|j| Arkhept
|l| Arkhept
|inactive|LeftHandBeetle has 60 seconds left.
|
|t:|1756945116
|teamsize|p1|4
|teamsize|p2|4
|start
|switch|p1a: Archaludon|Archaludon, L50, F|100/100
|switch|p1b: Maushold|Maushold-Four, L50|100/100
|switch|p2a: GEX|Sceptile, L50, M, shiny|100/100
|switch|p2b: Atlantis|Empoleon, L50, F, shiny|100/100
|turn|1
|
|t:|1756945139
|move|p1b: Maushold|Population Bomb|p1a: Archaludon
|-resisted|p1a: Archaludon
|-damage|p1a: Archaludon|96/100
|-ability|p1a: Archaludon|Stamina|boost
|-boost|p1a: Archaludon|def|1
|-resisted|p1a: Archaludon
|-damage|p1a: Archaludon|93/100
|-ability|p1a: Archaludon|Stamina|boost
|-boost|p1a: Archaludon|def|1
|-resisted|p1a: Archaludon
|-damage|p1a: Archaludon|91/100
|-ability|p1a: Archaludon|Stamina|boost
|-boost|p1a: Archaludon|def|1
|-resisted|p1a: Archaludon
|-damage|p1a: Archaludon|90/100
|-ability|p1a: Archaludon|Stamina|boost
|-boost|p1a: Archaludon|def|1
|-resisted|p1a: Archaludon
|-damage|p1a: Archaludon|88/100
|-ability|p1a: Archaludon|Stamina|boost
|-boost|p1a: Archaludon|def|1
|-resisted|p1a: Archaludon
|-damage|p1a: Archaludon|87/100
|-ability|p1a: Archaludon|Stamina|boost
|-boost|p1a: Archaludon|def|1
|-resisted|p1a: Archaludon
|-damage|p1a: Archaludon|86/100
|-resisted|p1a: Archaludon
|-damage|p1a: Archaludon|84/100
|-resisted|p1a: Archaludon
|-damage|p1a: Archaludon|83/100
|-resisted|p1a: Archaludon
|-damage|p1a: Archaludon|82/100
|-hitcount|p1a: Archaludon|10
|move|p2a: GEX|Grass Pledge|p1b: Maushold
|-waiting|p2a: GEX|p2b: Atlantis
|move|p2b: Atlantis|Water Pledge|p1b: Maushold|[from] move: Grass Pledge
|-combine
|-damage|p1b: Maushold|14/100
|-sidestart|p1: BobbyPotatoBoi|Grass Pledge
|move|p1a: Archaludon|Body Press|p2b: Atlantis
|-supereffective|p2b: Atlantis
|-damage|p2b: Atlantis|0 fnt
|faint|p2b: Atlantis
|
|upkeep
|
|t:|1756945145
|switch|p2b: Ursa Major|Ursaluna-Bloodmoon, L50, M|100/100
|turn|2
|inactive|BobbyPotatoBoi has 30 seconds left.
|inactive|BobbyPotatoBoi has 20 seconds left.
|inactive|BobbyPotatoBoi has 15 seconds left.
|
|t:|1756945186
|-terastallize|p2b: Ursa Major|Ghost
|move|p1b: Maushold|Follow Me|p1b: Maushold
|-singleturn|p1b: Maushold|move: Follow Me
|move|p2a: GEX|Leaf Blade|p1b: Maushold
|-damage|p1b: Maushold|0 fnt
|faint|p1b: Maushold
|move|p2b: Ursa Major|Blood Moon|p1a: Archaludon
|-resisted|p1a: Archaludon
|-damage|p1a: Archaludon|56/100
|move|p1a: Archaludon|Body Press|p2b: Ursa Major
|-immune|p2b: Ursa Major
|
|upkeep
|
|t:|1756945203
|switch|p1b: Basculegion|Basculegion, L50, M|100/100
|turn|3
|
|t:|1756945216
|move|p1b: Basculegion|Protect|p1b: Basculegion
|-singleturn|p1b: Basculegion|Protect
|move|p2a: GEX|Leaf Blade|p1b: Basculegion
|-activate|p1b: Basculegion|move: Protect
|move|p2b: Ursa Major|Hyper Voice|p1b: Basculegion|[spread] p1a
|-activate|p1b: Basculegion|move: Protect
|-resisted|p1a: Archaludon
|-damage|p1a: Archaludon|43/100
|move|p1a: Archaludon|Body Press|p2a: GEX
|-damage|p2a: GEX|0 fnt
|faint|p2a: GEX
|
|upkeep
|
|t:|1756945221
|switch|p2a: Richie Rich|Gholdengo, L50|100/100
|turn|4
|inactive|LeftHandBeetle has 30 seconds left.
|inactive|LeftHandBeetle has 20 seconds left.
|
|t:|1756945260
|switch|p1b: Pelipper|Pelipper, L50, M|100/100
|-weather|RainDance|[from] ability: Drizzle|[of] p1b: Pelipper
|move|p2a: Richie Rich|Shadow Ball|p1b: Pelipper
|-enditem|p1b: Pelipper|Focus Sash
|-damage|p1b: Pelipper|1/100
|move|p2b: Ursa Major|Earth Power|p1a: Archaludon
|-supereffective|p1a: Archaludon
|-damage|p1a: Archaludon|0 fnt
|faint|p1a: Archaludon
|
|-weather|RainDance|[upkeep]
|-sideend|p1: BobbyPotatoBoi|Grass Pledge
|upkeep
|
|t:|1756945272
|switch|p1a: Basculegion|Basculegion, L50, M|100/100
|turn|5
|inactive|BobbyPotatoBoi has 30 seconds left.
|
|t:|1756945298
|-terastallize|p1a: Basculegion|Water
|move|p2b: Ursa Major|Vacuum Wave|p1b: Pelipper
|-resisted|p1b: Pelipper
|-damage|p1b: Pelipper|0 fnt
|faint|p1b: Pelipper
|move|p1a: Basculegion|Last Respects|p2b: Ursa Major
|-supereffective|p2b: Ursa Major
|-damage|p2b: Ursa Major|0 fnt
|faint|p2b: Ursa Major
|move|p2a: Richie Rich|Shadow Ball|p1a: Basculegion
|-damage|p1a: Basculegion|17/100
|
|-weather|RainDance|[upkeep]
|upkeep
|turn|6
|
|t:|1756945313
|move|p1a: Basculegion|Last Respects|p2a: Richie Rich
|-supereffective|p2a: Richie Rich
|-damage|p2a: Richie Rich|0 fnt
|faint|p2a: Richie Rich
|
|win|BobbyPotatoBoi
