|j|☆N0rin
|j|☆jANMxRin
|html|N0rinjANMxRin    
|uhtml|bestof|Game 3 of a best-of-3
|t:|1784135790
|gametype|doubles
|player|p1|N0rin|psychic-gen4|
|player|p2|jANMxRin|102|
|gen|9
|tier|[Gen 9 Champions] VGC 2026 Reg M-B (Bo3)
|rule|Species Clause: Limit one of each Pokémon
|rule|Item Clause: Limit 1 of each item
|clearpoke
|poke|p1|Swampert, L50, F|
|poke|p1|Metagross, L50|
|poke|p1|Pelipper, L50, F|
|poke|p1|Grimmsnarl, L50, M|
|poke|p1|Archaludon, L50, F|
|poke|p1|Sinistcha, L50|
|poke|p2|Froslass, L50, F|
|poke|p2|Dragonite, L50, F|
|poke|p2|Toxapex, L50, F|
|poke|p2|Sneasler, L50, M|
|poke|p2|Kingambit, L50, M|
|poke|p2|Blaziken, L50, M|
|teampreview|4
|showteam|p1|Swampert||Swampertite|Damp|WaveCrash,Earthquake,IcePunch,Protect|Adamant||F|||50|]Metagross||Metagrossite|ClearBody|IronHead,PsychicFangs,BodyPress,Protect|Jolly|||||50|]Pelipper||FocusSash|Drizzle|Hurricane,WeatherBall,Tailwind,WideGuard|Timid||F|||50|]Grimmsnarl||LightClay|Prankster|FoulPlay,PartingShot,Reflect,LightScreen|Calm||M|||50|]Archaludon||Leftovers|Stamina|ElectroShot,FlashCannon,DragonPulse,Protect|Modest||F|||50|]Sinistcha||SitrusBerry|Hospitality|MatchaGotcha,RagePowder,TrickRoom,Protect|Bold|||||50|
|showteam|p2|Froslass||Froslassite|CursedBody|Blizzard,ShadowBall,AuroraVeil,Protect|Timid||F|||50|]Dragonite||LifeOrb|InnerFocus|DragonClaw,ExtremeSpeed,LowKick,Protect|Adamant||F|||50|]Toxapex||Leftovers|Regenerator|Infestation,Toxic,WideGuard,BanefulBunker|Bold||F|||50|]Sneasler||FocusSash|PoisonTouch|CloseCombat,PoisonJab,FakeOut,Protect|Jolly||M|||50|]Kingambit||BlackGlasses|Defiant|KowtowCleave,IronHead,SuckerPunch,Protect|Adamant||M|||50|]Blaziken||Blazikenite|SpeedBoost|CloseCombat,FlareBlitz,RockSlide,Protect|Adamant||M|||50|
|inactive|Battle timer is ON: inactive players will automatically lose when time's up. (requested by jANMxRin)
|inactive|N0rin has 60 seconds left.
|inactive|N0rin has 30 seconds left.
|inactive|N0rin has 20 seconds left.
|
|t:|1784135893
|teamsize|p1|4
|teamsize|p2|4
|start
|switch|p1a: Pelipper|Pelipper, L50, F|100/100
|switch|p1b: Archaludon|Archaludon, L50, F|100/100
|switch|p2a: Kingambit|Kingambit, L50, M|100/100
|switch|p2b: Sneasler|Sneasler, L50, M|100/100
|-weather|RainDance|[from] ability: Drizzle|[of] p1a: Pelipper
|turn|1
|inactive|N0rin has 30 seconds left.
|inactive|jANMxRin has 30 seconds left.
|inactive|N0rin has 20 seconds left.
|inactive|N0rin has 15 seconds left.
|inactive|N0rin has 10 seconds left.
|
|t:|1784135939
|switch|p2a: Froslass|Froslass, L50, F|100/100
|move|p2b: Sneasler|Fake Out|p1a: Pelipper
|-damage|p1a: Pelipper|81/100
|-status|p1a: Pelipper|psn|[from] ability: Poison Touch|[of] p2b: Sneasler
|cant|p1a: Pelipper|flinch
|move|p1b: Archaludon|Electro Shot||[still]
|-prepare|p1b: Archaludon|Electro Shot
|-boost|p1b: Archaludon|spa|1
|-anim|p1b: Archaludon|Electro Shot|p2a: Froslass
|-damage|p2a: Froslass|11/100
|
|-weather|RainDance|[upkeep]
|-damage|p1a: Pelipper|69/100 psn|[from] psn
|upkeep
|turn|2
|inactive|N0rin has 30 seconds left.
|
|t:|1784135971
|switch|p1a: Sinistcha|Sinistcha, L50|100/100
|detailschange|p2a: Froslass|Froslass-Mega, L50, F
|-mega|p2a: Froslass|Froslass|Froslassite
|-weather|Snowscape|[from] ability: Snow Warning|[of] p2a: Froslass
|move|p1b: Archaludon|Protect|p1b: Archaludon
|-singleturn|p1b: Archaludon|Protect
|move|p2b: Sneasler|Close Combat|p1b: Archaludon
|-activate|p1b: Archaludon|move: Protect
|move|p2a: Froslass|Blizzard|p1a: Sinistcha|[spread] p1a
|-activate|p1b: Archaludon|move: Protect
|-supereffective|p1a: Sinistcha|1
|-damage|p1a: Sinistcha|24/100
|-enditem|p1a: Sinistcha|Sitrus Berry|[eat]
|-heal|p1a: Sinistcha|49/100|[from] item: Sitrus Berry
|
|-weather|Snowscape|[upkeep]
|upkeep
|turn|3
|inactive|N0rin has 30 seconds left.
|inactive|jANMxRin has 30 seconds left.
|inactive|N0rin has 20 seconds left.
|inactive|N0rin has 15 seconds left.
|inactive|N0rin has 10 seconds left.
|inactive|N0rin has 5 seconds left.
|
|t:|1784136023
|move|p1a: Sinistcha|Rage Powder|p1a: Sinistcha
|-singleturn|p1a: Sinistcha|move: Rage Powder
|move|p2b: Sneasler|Close Combat|p1a: Sinistcha
|-immune|p1a: Sinistcha
|move|p2a: Froslass|Blizzard|p1b: Archaludon|[spread] p1a,p1b
|-supereffective|p1a: Sinistcha|1
|-damage|p1a: Sinistcha|0 fnt
|-damage|p1b: Archaludon|63/100
|-ability|p1b: Archaludon|Stamina|boost
|-boost|p1b: Archaludon|def|1
|faint|p1a: Sinistcha
|move|p1b: Archaludon|Dragon Pulse|p2b: Sneasler
|-damage|p2b: Sneasler|14/100
|
|-weather|Snowscape|[upkeep]
|-heal|p1b: Archaludon|69/100|[from] item: Leftovers
|upkeep
|
|t:|1784136037
|switch|p1a: Swampert|Swampert, L50, F|100/100
|turn|4
|
|t:|1784136058
|switch|p2a: Dragonite|Dragonite, L50, F|100/100
|switch|p1b: Pelipper|Pelipper, L50, F|69/100 psn
|-weather|RainDance|[from] ability: Drizzle|[of] p1b: Pelipper
|detailschange|p1a: Swampert|Swampert-Mega, L50, F
|-mega|p1a: Swampert|Swampert|Swampertite
|move|p2b: Sneasler|Protect|p2b: Sneasler
|-singleturn|p2b: Sneasler|Protect
|move|p1a: Swampert|Earthquake|p2a: Dragonite|[spread] 
|-activate|p2b: Sneasler|move: Protect
|-immune|p1b: Pelipper
|-immune|p2a: Dragonite
|
|-weather|RainDance|[upkeep]
|-damage|p1b: Pelipper|57/100 psn|[from] psn
|upkeep
|turn|5
|inactive|jANMxRin has 30 seconds left.
|
|t:|1784136088
|move|p1a: Swampert|Earthquake|p2a: Dragonite|[spread] p2b
|-immune|p1b: Pelipper
|-immune|p2a: Dragonite
|-supereffective|p2b: Sneasler|1
|-damage|p2b: Sneasler|0 fnt
|faint|p2b: Sneasler
|move|p1b: Pelipper|Tailwind|p1b: Pelipper
|-sidestart|p1: N0rin|move: Tailwind
|move|p2a: Dragonite|Dragon Claw|p1b: Pelipper
|-crit|p1b: Pelipper
|-damage|p1b: Pelipper|0 fnt
|faint|p1b: Pelipper
|-damage|p2a: Dragonite|90/100|[from] item: Life Orb
|
|-weather|RainDance|[upkeep]
|upkeep
|
|t:|1784136107
|switch|p2b: Froslass|Froslass-Mega, L50, F|11/100
|switch|p1b: Archaludon|Archaludon, L50, F|69/100
|-weather|Snowscape|[from] ability: Snow Warning|[of] p2b: Froslass
|turn|6
|inactive|jANMxRin has 30 seconds left.
|
|t:|1784136139
|switch|p2b: Kingambit|Kingambit, L50, M|100/100
|move|p2a: Dragonite|Protect|p2a: Dragonite
|-singleturn|p2a: Dragonite|Protect
|move|p1b: Archaludon|Dragon Pulse|p2a: Dragonite
|-activate|p2a: Dragonite|move: Protect
|move|p1a: Swampert|Earthquake|p2a: Dragonite|[spread] p1b,p2b
|-activate|p2a: Dragonite|move: Protect
|-supereffective|p1b: Archaludon|1
|-supereffective|p2b: Kingambit|1
|-damage|p1b: Archaludon|0 fnt
|-damage|p2b: Kingambit|29/100
|faint|p1b: Archaludon
|
|-weather|Snowscape|[upkeep]
|upkeep
|turn|7
|
|t:|1784136155
|move|p2a: Dragonite|Extreme Speed|p1a: Swampert
|-damage|p1a: Swampert|64/100
|-damage|p2a: Dragonite|80/100|[from] item: Life Orb
|move|p2b: Kingambit|Sucker Punch|p1a: Swampert
|-damage|p1a: Swampert|24/100
|move|p1a: Swampert|Ice Punch|p2a: Dragonite
|-supereffective|p2a: Dragonite|2
|-damage|p2a: Dragonite|0 fnt
|faint|p2a: Dragonite
|
|-weather|Snowscape|[upkeep]
|upkeep
|
|t:|1784136163
|switch|p2a: Froslass|Froslass-Mega, L50, F|11/100
|turn|8
|
|t:|1784136168
|move|p2a: Froslass|Protect|p2a: Froslass
|-singleturn|p2a: Froslass|Protect
|move|p2b: Kingambit|Protect|p2b: Kingambit
|-singleturn|p2b: Kingambit|Protect
|move|p1a: Swampert|Earthquake|p2b: Kingambit|[spread] 
|-activate|p2a: Froslass|move: Protect
|-activate|p2b: Kingambit|move: Protect
|
|-weather|Snowscape|[upkeep]
|-sideend|p1: N0rin|move: Tailwind
|upkeep
|turn|9
|
|t:|1784136178
|move|p2b: Kingambit|Sucker Punch|p1a: Swampert
|-damage|p1a: Swampert|0 fnt
|faint|p1a: Swampert
|
|win|jANMxRin
