|j|☆BobbySamuel
|j|☆fosa25
|html|BobbySamuelfosa25    
|uhtml|bestof|Game 2 of a best-of-3
|t:|1756440934
|gametype|doubles
|player|p1|BobbySamuel|102|1062
|player|p2|fosa25|psychicf|1044
|gen|9
|tier|[Gen 9] VGC 2025 Reg H (Bo3)
|rated|
|rule|Species Clause: Limit one of each Pokémon
|rule|Item Clause: Limit 1 of each item
|clearpoke
|poke|p1|Politoed, L50, F|
|poke|p1|Gothitelle, L50, F|
|poke|p1|Kingdra, L50, M|
|poke|p1|Archaludon, L50, M|
|poke|p1|Amoonguss, L50, F|
|poke|p1|Incineroar, L50, M|
|poke|p2|Hatterene, L50, F|
|poke|p2|Armarouge, L50, M|
|poke|p2|Gallade, L50, M|
|poke|p2|Indeedee-F, L50, F|
|poke|p2|Torkoal, L50, M|
|poke|p2|Ursaluna, L50, F|
|teampreview|4
|showteam|p1|Politoed||Leftovers|Drizzle|Protect,PerishSong,WeatherBall,Encore|||F|||50|,,,,,Grass]Gothitelle||SitrusBerry|ShadowTag|Protect,FakeOut,Psychic,TrickRoom|||F|||50|,,,,,Dark]Kingdra||LifeOrb|SwiftSwim|Protect,WeatherBall,DracoMeteor,MuddyWater|||M|||50|,,,,,Stellar]Archaludon||PowerHerb|Sturdy|Protect,ElectroShot,DragonPulse,FlashCannon|||M|||50|,,,,,Electric]Amoonguss||EjectButton|Regenerator|Protect,PollenPuff,RagePowder,Spore|||F|||50|,,,,,Fairy]Incineroar||SafetyGoggles|Intimidate|Protect,FakeOut,KnockOff,PartingShot|||M|||50|,,,,,Ghost
|showteam|p2|Hatterene||LifeOrb|MagicBounce|ExpandingForce,DazzlingGleam,TrickRoom,Psychic|||F|||50|,,,,,Psychic]Armarouge||PowerHerb|FlashFire|MeteorBeam,TrickRoom,ExpandingForce,ArmorCannon|||M|||50|,,,,,Grass]Gallade||ClearAmulet|Sharpness|SacredSword,PsychoCut,WideGuard,TrickRoom|||M|||50|,,,,,Grass]Indeedee-F||SafetyGoggles|PsychicSurge|FollowMe,HelpingHand,TrickRoom,AlluringVoice|||F|||50|,,,,,Ghost]Torkoal||Charcoal|Drought|Eruption,WeatherBall,Protect,Yawn|||M|||50|,,,,,Fire]Ursaluna||FlameOrb|Guts|Facade,HeadlongRush,Roar,Protect|||F|||50|,,,,,Fairy
|inactive|Battle timer is ON: inactive players will automatically lose when time's up. (requested by fosa25)
|
|t:|1756440943
|teamsize|p1|4
|teamsize|p2|4
|start
|switch|p1a: Politoed|Politoed, L50, F|100/100
|switch|p1b: Gothitelle|Gothitelle, L50, F|100/100
|switch|p2a: Indeedee|Indeedee-F, L50, F|100/100
|switch|p2b: Gallade|Gallade, L50, M|100/100
|-weather|RainDance|[from] ability: Drizzle|[of] p1a: Politoed
|-fieldstart|move: Psychic Terrain|[from] ability: Psychic Surge|[of] p2a: Indeedee
|turn|1
|inactive|BobbySamuel has 30 seconds left.
|
|t:|1756440973
|move|p1a: Politoed|Protect|p1a: Politoed
|-singleturn|p1a: Politoed|Protect
|move|p2b: Gallade|Sacred Sword|p1a: Politoed
|-activate|p1a: Politoed|move: Protect
|move|p2a: Indeedee|Trick Room|p2a: Indeedee
|-fieldstart|move: Trick Room|[of] p2a: Indeedee
|move|p1b: Gothitelle|Trick Room|p1b: Gothitelle
|-fieldend|move: Trick Room
|
|-weather|RainDance|[upkeep]
|upkeep
|turn|2
|inactive|BobbySamuel has 30 seconds left.
|inactive|BobbySamuel has 20 seconds left.
|inactive|BobbySamuel has 15 seconds left.
|
|t:|1756441017
|switch|p1b: Incineroar|Incineroar, L50, M|100/100
|-ability|p1b: Incineroar|Intimidate|boost
|-unboost|p2a: Indeedee|atk|1
|-fail|p2b: Gallade|unboost|[from] item: Clear Amulet|[of] p2b: Gallade
|move|p2a: Indeedee|Helping Hand|p2b: Gallade
|-singleturn|p2b: Gallade|Helping Hand|[of] p2a: Indeedee
|move|p1a: Politoed|Perish Song|p1a: Politoed
|-start|p1a: Politoed|perish3|[silent]
|-start|p1b: Incineroar|perish3|[silent]
|-start|p2a: Indeedee|perish3|[silent]
|-start|p2b: Gallade|perish3|[silent]
|-fieldactivate|move: Perish Song
|move|p2b: Gallade|Psycho Cut|p1a: Politoed
|-damage|p1a: Politoed|0 fnt
|faint|p1a: Politoed
|
|-weather|RainDance|[upkeep]
|-start|p2a: Indeedee|perish3
|-start|p2b: Gallade|perish3
|-start|p1b: Incineroar|perish3
|upkeep
|
|t:|1756441038
|switch|p1a: Gothitelle|Gothitelle, L50, F|100/100
|turn|3
|inactive|BobbySamuel has 30 seconds left.
|
|t:|1756441063
|-terastallize|p1b: Incineroar|Ghost
|move|p2a: Indeedee|Follow Me|p2a: Indeedee
|-singleturn|p2a: Indeedee|move: Follow Me
|move|p2b: Gallade|Sacred Sword|p1b: Incineroar
|-immune|p1b: Incineroar
|move|p1a: Gothitelle|Psychic|p2a: Indeedee
|-resisted|p2a: Indeedee
|-damage|p2a: Indeedee|80/100
|move|p1b: Incineroar|Knock Off|p2a: Indeedee
|-supereffective|p2a: Indeedee
|-damage|p2a: Indeedee|8/100
|-enditem|p2a: Indeedee|Safety Goggles|[from] move: Knock Off|[of] p1b: Incineroar
|
|-weather|RainDance|[upkeep]
|-start|p2a: Indeedee|perish2
|-start|p2b: Gallade|perish2
|-start|p1b: Incineroar|perish2
|upkeep
|turn|4
|inactive|BobbySamuel has 30 seconds left.
|
|t:|1756441090
|move|p2a: Indeedee|Helping Hand|p2b: Gallade
|-singleturn|p2b: Gallade|Helping Hand|[of] p2a: Indeedee
|move|p2b: Gallade|Psycho Cut|p1b: Incineroar
|-damage|p1b: Incineroar|0 fnt
|faint|p1b: Incineroar
|move|p1a: Gothitelle|Trick Room|p1a: Gothitelle
|-fieldstart|move: Trick Room|[of] p1a: Gothitelle
|
|-weather|RainDance|[upkeep]
|-start|p2b: Gallade|perish1
|-start|p2a: Indeedee|perish1
|upkeep
|
|t:|1756441099
|switch|p1b: Kingdra|Kingdra, L50, M, shiny|100/100
|turn|5
|
|t:|1756441123
|move|p1b: Kingdra|Protect|p1b: Kingdra
|-singleturn|p1b: Kingdra|Protect
|move|p2b: Gallade|Psycho Cut|p1b: Kingdra
|-activate|p1b: Kingdra|move: Protect
|move|p1a: Gothitelle|Trick Room|p1a: Gothitelle
|-fieldend|move: Trick Room
|move|p2a: Indeedee|Trick Room|p2a: Indeedee
|-fieldstart|move: Trick Room|[of] p2a: Indeedee
|
|-weather|none
|-start|p2b: Gallade|perish0
|-start|p2a: Indeedee|perish0
|faint|p2b: Gallade
|faint|p2a: Indeedee
|-fieldend|move: Psychic Terrain
|upkeep
|
|t:|1756441144
|switch|p2b: Hatterene|Hatterene, L50, F|100/100
|switch|p2a: Ursaluna|Ursaluna, L50, F|100/100
|turn|6
|c|☆fosa25|gg
|c|☆fosa25|jugaste bien amigo
|
|t:|1756441160
|move|p1b: Kingdra|Protect||[still]
|-fail|p1b: Kingdra
|move|p2b: Hatterene|Dazzling Gleam|p1b: Kingdra|[spread] p1a,p1b
|-supereffective|p1b: Kingdra
|-damage|p1a: Gothitelle|65/100
|-damage|p1b: Kingdra|0 fnt
|faint|p1b: Kingdra
|-damage|p2b: Hatterene|91/100|[from] item: Life Orb
|move|p2a: Ursaluna|Facade|p1a: Gothitelle
|-damage|p1a: Gothitelle|28/100
|-enditem|p1a: Gothitelle|Sitrus Berry|[eat]
|-heal|p1a: Gothitelle|52/100|[from] item: Sitrus Berry
|move|p1a: Gothitelle|Trick Room|p1a: Gothitelle
|-fieldend|move: Trick Room
|
|-status|p2a: Ursaluna|brn|[from] item: Flame Orb
|upkeep
|turn|7
|-message|BobbySamuel forfeited.
|
|win|fosa25
|raw|BobbySamuel's rating: 1062 → 1042(-20 for losing)
|raw|fosa25's rating: 1044 → 1079(+35 for winning)
|l|☆BobbySamuel
|player|p1|
