|j|☆MEGA FRAUD
|j|☆durugista
|html|MEGA FRAUDdurugista    
|uhtml|bestof|Game 2 of a best-of-3
|t:|1785321570
|gametype|doubles
|player|p1|MEGA FRAUD|266|1289
|player|p2|durugista|2|1296
|gen|9
|tier|[Gen 9 Champions] VGC 2026 Reg M-B (Bo3)
|rated|
|rule|Species Clause: Limit one of each Pokémon
|rule|Item Clause: Limit 1 of each item
|clearpoke
|poke|p1|Tyranitar, L50, M|
|poke|p1|Excadrill, L50, M|
|poke|p1|Milotic, L50, F|
|poke|p1|Sinistcha, L50|
|poke|p1|Staraptor, L50, F|
|poke|p1|Gholdengo, L50|
|poke|p2|Staraptor, L50, F, shiny|
|poke|p2|Whimsicott, L50, F, shiny|
|poke|p2|Basculegion, L50, M|
|poke|p2|Archaludon, L50, F|
|poke|p2|Pelipper, L50, F|
|poke|p2|Kingambit, L50, M|
|teampreview|4
|showteam|p1|Tyranitar||Tyranitarite|SandStream|KnockOff,RockSlide,LowKick,Protect|Jolly||M|||50|]Excadrill||FocusSash|SandRush|HighHorsepower,IronHead,RockSlide,Protect|Adamant||M|||50|]Milotic||SitrusBerry|Competitive|Scald,IcyWind,IceBeam,Protect|Calm||F|||50|]Sinistcha||ColburBerry|Hospitality|MatchaGotcha,ShadowBall,Protect,RagePowder|Bold|||||50|]Staraptor||Staraptite|Intimidate|CloseCombat,BraveBird,Tailwind,Protect|Jolly||F|||50|]Gholdengo||LifeOrb|GoodasGold|MakeItRain,ShadowBall,NastyPlot,Protect|Modest|||||50|
|showteam|p2|Staraptor||Staraptite|Intimidate|CloseCombat,BraveBird,Roost,Protect|Adamant||F|||50|]Whimsicott||OccaBerry|Prankster|Tailwind,Encore,Charm,FakeTears|Calm||F|||50|]Basculegion||ChoiceScarf|Adaptability|LastRespects,WaveCrash,AquaJet,FlipTurn|Jolly||M|||50|]Archaludon||Magnet|Sturdy|ElectroShot,FlashCannon,DracoMeteor,Protect|Modest||F|||50|]Pelipper||FocusSash|Drizzle|WeatherBall,Protect,Hurricane,WideGuard|Modest||F|||50|]Kingambit||LifeOrb|Defiant|SuckerPunch,KowtowCleave,IronHead,LowKick|Adamant||M|||50|
|inactive|Battle timer is ON: inactive players will automatically lose when time's up. (requested by durugista)
|
|t:|1785321582
|teamsize|p1|4
|teamsize|p2|4
|start
|switch|p1a: Gholdengo|Gholdengo, L50|100/100
|switch|p1b: Milotic|Milotic, L50, F|100/100
|switch|p2a: Whimsicott|Whimsicott, L50, F, shiny|100/100
|switch|p2b: Staraptor|Staraptor, L50, F, shiny|100/100
|-ability|p2b: Staraptor|Intimidate|boost
|-unboost|p1a: Gholdengo|atk|1
|-unboost|p1b: Milotic|atk|1
|-ability|p1b: Milotic|Competitive|boost
|-boost|p1b: Milotic|spa|2
|turn|1
|
|t:|1785321599
|switch|p1b: Staraptor|Staraptor, L50, F|100/100
|-ability|p1b: Staraptor|Intimidate|boost
|-unboost|p2a: Whimsicott|atk|1
|-unboost|p2b: Staraptor|atk|1
|detailschange|p2b: Staraptor|Staraptor-Mega, L50, F, shiny
|-mega|p2b: Staraptor|Staraptor|Staraptite
|move|p2a: Whimsicott|Charm|p2b: Staraptor
|-boost|p2b: Staraptor|atk|2
|move|p2b: Staraptor|Close Combat|p1b: Staraptor
|-damage|p1b: Staraptor|0 fnt
|-boost|p2b: Staraptor|def|1
|-boost|p2b: Staraptor|spd|1
|faint|p1b: Staraptor
|move|p1a: Gholdengo|Nasty Plot|p1a: Gholdengo
|-boost|p1a: Gholdengo|spa|2
|
|upkeep
|
|t:|1785321610
|switch|p1b: Sinistcha|Sinistcha, L50|100/100
|turn|2
|
|t:|1785321627
|move|p1b: Sinistcha|Protect|p1b: Sinistcha
|-singleturn|p1b: Sinistcha|Protect
|move|p2a: Whimsicott|Fake Tears|p2b: Staraptor
|-boost|p2b: Staraptor|spd|2
|move|p2b: Staraptor|Brave Bird|p1b: Sinistcha
|-activate|p1b: Sinistcha|move: Protect
|move|p1a: Gholdengo|Nasty Plot|p1a: Gholdengo
|-boost|p1a: Gholdengo|spa|2
|
|upkeep
|turn|3
|
|t:|1785321639
|move|p2a: Whimsicott|Tailwind|p2a: Whimsicott
|-sidestart|p2: durugista|move: Tailwind
|move|p2b: Staraptor|Brave Bird|p1b: Sinistcha
|-supereffective|p1b: Sinistcha|1
|-damage|p1b: Sinistcha|0 fnt
|faint|p1b: Sinistcha
|-damage|p2b: Staraptor|69/100|[from] Recoil
|move|p1a: Gholdengo|Shadow Ball|p2b: Staraptor
|-damage|p2b: Staraptor|17/100
|-damage|p1a: Gholdengo|90/100|[from] item: Life Orb
|
|upkeep
|
|t:|1785321644
|switch|p1b: Milotic|Milotic, L50, F|100/100
|turn|4
|
|t:|1785321659
|move|p1b: Milotic|Protect|p1b: Milotic
|-singleturn|p1b: Milotic|Protect
|move|p2a: Whimsicott|Fake Tears|p2b: Staraptor
|-boost|p2b: Staraptor|spd|2
|move|p2b: Staraptor|Roost|p2b: Staraptor
|-heal|p2b: Staraptor|68/100
|-singleturn|p2b: Staraptor|move: Roost
|move|p1a: Gholdengo|Make It Rain|p2a: Whimsicott|[spread] p2a,p2b
|-supereffective|p2a: Whimsicott|1
|-damage|p2a: Whimsicott|0 fnt
|-damage|p2b: Staraptor|29/100
|-unboost|p1a: Gholdengo|spa|2
|faint|p2a: Whimsicott
|-damage|p1a: Gholdengo|80/100|[from] item: Life Orb
|
|upkeep
|
|t:|1785321683
|switch|p2a: Kingambit|Kingambit, L50, M|100/100
|turn|5
|-message|MEGA FRAUD forfeited.
|
|win|durugista
||MEGA FRAUD is ready for game 3.
||durugista is ready for game 3.
|uhtml|next|Next: Game 3 of 3
