|j|☆awmasi
|j|☆viatles
|html|awmasiviatles    
|uhtml|bestof|Game 1 of a best-of-3
|t:|1785722601
|gametype|doubles
|player|p1|awmasi|gambler|1024
|player|p2|viatles|hiker|1073
|gen|9
|tier|[Gen 9 Champions] VGC 2026 Reg M-B (Bo3)
|rated|
|rule|Species Clause: Limit one of each Pokémon
|rule|Item Clause: Limit 1 of each item
|clearpoke
|poke|p1|Scizor, L50, F|
|poke|p1|Tyranitar, L50, F|
|poke|p1|Excadrill, L50, F|
|poke|p1|Milotic, L50, F|
|poke|p1|Corviknight, L50, M|
|poke|p1|Aerodactyl, L50, F|
|poke|p2|Beedrill, L50, F, shiny|
|poke|p2|Milotic, L50, M, shiny|
|poke|p2|Farigiraf, L50, M|
|poke|p2|Palafin, L50, F|
|poke|p2|Sableye, L50, F|
|poke|p2|Raichu, L50, M|
|teampreview|4
|showteam|p1|Scizor||Scizorite|Technician|BulletPunch,Protect,SwordsDance,CloseCombat|Adamant||F|||50|]Tyranitar||Tyranitarite|SandStream|KnockOff,RockSlide,DragonDance,Protect|Adamant||F|||50|]Excadrill||LifeOrb|SandRush|RockSlide,HighHorsepower,IronHead,Protect|Adamant||F|||50|]Milotic|||MarvelScale|Scald,Protect,IcyWind,Recover|Serious||F|||50|]Corviknight||MentalHerb|Pressure|BodyPress,BraveBird,Protect,Tailwind|Impish||M|||50|]Aerodactyl||FocusSash|Unnerve|Tailwind,Protect,DualWingbeat,RockSlide|Jolly||F|||50|
|showteam|p2|Beedrill||Beedrillite|Swarm|Uturn,DrillRun,PoisonJab,Protect|Jolly||F|||50|]Milotic||Leftovers|Competitive|IceBeam,Scald,Protect,Recover|Bold||M|||50|]Farigiraf||SitrusBerry|ArmorTail|TrickRoom,Thunderbolt,TwinBeam,RainDance|Bold||M|||50|]Palafin||MysticWater|ZerotoHero|JetPunch,WaveCrash,Protect,DrainPunch|Adamant||F|||50|]Sableye||RoseliBerry|Prankster|FakeOut,FoulPlay,RainDance,Quash|Sassy||F|||50|]Raichu||RaichuniteY|LightningRod|FakeOut,ZapCannon,FocusBlast,Protect|Timid||M|||50|
|c|☆viatles|gl hf
|inactive|Battle timer is ON: inactive players will automatically lose when time's up. (requested by viatles)
|inactive|awmasi has 60 seconds left.
|inactive|awmasi has 30 seconds left.
|
|t:|1785722675
|teamsize|p1|4
|teamsize|p2|4
|start
|switch|p1a: Scizor|Scizor, L50, F|100/100
|switch|p1b: Tyranitar|Tyranitar, L50, F|100/100
|switch|p2a: Sableye|Sableye, L50, F|100/100
|switch|p2b: Wife's favorite|Palafin, L50, F|100/100
|-weather|Sandstorm|[from] ability: Sand Stream|[of] p1b: Tyranitar
|turn|1
|inactive|awmasi has 30 seconds left.
|
|t:|1785722710
|detailschange|p2b: Wife's favorite|Palafin-Hero, L50, F
|switch|p2b: Pentious|Milotic, L50, M, shiny|100/100
|move|p1b: Tyranitar|Protect|p1b: Tyranitar
|-singleturn|p1b: Tyranitar|Protect
|move|p2a: Sableye|Fake Out|p1b: Tyranitar
|-activate|p1b: Tyranitar|move: Protect
|move|p1a: Scizor|Swords Dance|p1a: Scizor
|-boost|p1a: Scizor|atk|2
|
|-weather|Sandstorm|[upkeep]
|-damage|p2b: Pentious|93/100|[from] Sandstorm
|-damage|p2a: Sableye|94/100|[from] Sandstorm
|-heal|p2b: Pentious|100/100|[from] item: Leftovers
|upkeep
|turn|2
|inactive|awmasi has 30 seconds left.
|inactive|awmasi has 20 seconds left.
|inactive|awmasi has 15 seconds left.
|inactive|awmasi has 10 seconds left.
|inactive|awmasi has 5 seconds left.
|
|t:|1785722764
|move|p1a: Scizor|Bullet Punch|p2a: Sableye
|-damage|p2a: Sableye|21/100
|move|p1b: Tyranitar|Knock Off|p2a: Sableye
|-damage|p2a: Sableye|0 fnt
|-enditem|p2a: Sableye|Roseli Berry|[from] move: Knock Off|[of] p1b: Tyranitar
|faint|p2a: Sableye
|move|p2b: Pentious|Scald|p1b: Tyranitar
|-supereffective|p1b: Tyranitar|1
|-crit|p1b: Tyranitar
|-damage|p1b: Tyranitar|34/100
|
|-weather|Sandstorm|[upkeep]
|-damage|p2b: Pentious|93/100|[from] Sandstorm
|-heal|p2b: Pentious|100/100|[from] item: Leftovers
|upkeep
|
|t:|1785722777
|switch|p2a: Wife's favorite|Palafin-Hero, L50, F|100/100
|-activate|p2a: Wife's favorite|ability: Zero to Hero
|turn|3
|
|t:|1785722801
|detailschange|p1a: Scizor|Scizor-Mega, L50, F
|-mega|p1a: Scizor|Scizor|Scizorite
|move|p1b: Tyranitar|Protect|p1b: Tyranitar
|-singleturn|p1b: Tyranitar|Protect
|move|p2a: Wife's favorite|Drain Punch|p1a: Scizor
|-damage|p1a: Scizor|73/100
|move|p2b: Pentious|Scald|p1b: Tyranitar
|-activate|p1b: Tyranitar|move: Protect
|move|p1a: Scizor|Close Combat|p2a: Wife's favorite
|-damage|p2a: Wife's favorite|28/100
|-unboost|p1a: Scizor|def|1
|-unboost|p1a: Scizor|spd|1
|
|-weather|Sandstorm|[upkeep]
|-damage|p2a: Wife's favorite|22/100|[from] Sandstorm
|-damage|p2b: Pentious|93/100|[from] Sandstorm
|-heal|p2b: Pentious|100/100|[from] item: Leftovers
|upkeep
|turn|4
|inactive|viatles has 30 seconds left.
|
|t:|1785722831
|move|p1a: Scizor|Bullet Punch|p2a: Wife's favorite
|-resisted|p2a: Wife's favorite|1
|-damage|p2a: Wife's favorite|0 fnt
|faint|p2a: Wife's favorite
|move|p1b: Tyranitar|Rock Slide|p2b: Pentious
|-damage|p2b: Pentious|61/100
|move|p2b: Pentious|Scald|p1a: Scizor
|-damage|p1a: Scizor|35/100
|
|-weather|Sandstorm|[upkeep]
|-damage|p2b: Pentious|55/100|[from] Sandstorm
|-heal|p2b: Pentious|61/100|[from] item: Leftovers
|upkeep
|
|t:|1785722835
|switch|p2a: Raichu|Raichu, L50, M|100/100
|turn|5
|inactive|awmasi has 30 seconds left.
|
|t:|1785722863
|switch|p1b: Aerodactyl|Aerodactyl, L50, F|100/100
|-ability|p1b: Aerodactyl|Unnerve
|detailschange|p2a: Raichu|Raichu-Mega-Y, L50, M
|-mega|p2a: Raichu|Raichu|Raichunite Y
|move|p1a: Scizor|Protect|p1a: Scizor
|-singleturn|p1a: Scizor|Protect
|move|p2a: Raichu|Focus Blast|p1a: Scizor
|-activate|p1a: Scizor|move: Protect
|move|p2b: Pentious|Scald|p1b: Aerodactyl
|-supereffective|p1b: Aerodactyl|1
|-damage|p1b: Aerodactyl|44/100
|
|-weather|none
|-heal|p2b: Pentious|68/100|[from] item: Leftovers
|upkeep
|turn|6
|inactive|awmasi has 30 seconds left.
|
|t:|1785722895
|move|p1a: Scizor|Bullet Punch|p2a: Raichu
|-resisted|p2a: Raichu|1
|-damage|p2a: Raichu|41/100
|move|p2a: Raichu|Zap Cannon|p1b: Aerodactyl
|-supereffective|p1b: Aerodactyl|1
|-damage|p1b: Aerodactyl|0 fnt
|faint|p1b: Aerodactyl
|move|p2b: Pentious|Scald|p1a: Scizor
|-damage|p1a: Scizor|0 fnt
|faint|p1a: Scizor
|
|-heal|p2b: Pentious|74/100|[from] item: Leftovers
|upkeep
|
|t:|1785722907
|switch|p1b: Tyranitar|Tyranitar, L50, F|34/100
|switch|p1a: Excadrill|Excadrill, L50, F|100/100
|-weather|Sandstorm|[from] ability: Sand Stream|[of] p1b: Tyranitar
|turn|7
|
|t:|1785722932
|move|p2a: Raichu|Protect|p2a: Raichu
|-singleturn|p2a: Raichu|Protect
|move|p1a: Excadrill|High Horsepower|p2a: Raichu
|-activate|p2a: Raichu|move: Protect
|move|p1b: Tyranitar|Knock Off|p2b: Pentious
|-crit|p2b: Pentious
|-damage|p2b: Pentious|5/100
|-enditem|p2b: Pentious|Leftovers|[from] move: Knock Off|[of] p1b: Tyranitar
|move|p2b: Pentious|Recover|p2b: Pentious
|-heal|p2b: Pentious|55/100
|
|-weather|Sandstorm|[upkeep]
|-damage|p2a: Raichu|35/100|[from] Sandstorm
|-damage|p2b: Pentious|48/100|[from] Sandstorm
|upkeep
|turn|8
|
|t:|1785722950
|move|p1a: Excadrill|High Horsepower|p2a: Raichu
|-supereffective|p2a: Raichu|1
|-damage|p2a: Raichu|0 fnt
|faint|p2a: Raichu
|-damage|p1a: Excadrill|90/100|[from] item: Life Orb
|move|p1b: Tyranitar|Rock Slide|p2b: Pentious
|-damage|p2b: Pentious|9/100
|cant|p2b: Pentious|flinch
|
|-weather|Sandstorm|[upkeep]
|-damage|p2b: Pentious|3/100|[from] Sandstorm
|upkeep
|turn|9
|
|t:|1785722963
|move|p1a: Excadrill|Rock Slide|p2b: Pentious
|-damage|p2b: Pentious|0 fnt
|faint|p2b: Pentious
|-damage|p1a: Excadrill|80/100|[from] item: Life Orb
|
|win|awmasi
