|j|☆daemian_x
|j|☆nootbaar
|html|daemian_xnootbaar    
|uhtml|bestof|Game 1 of a best-of-3
|t:|1785635338
|gametype|doubles
|player|p1|daemian_x|blue|1381
|player|p2|nootbaar|170|1343
|gen|9
|tier|[Gen 9 Champions] VGC 2026 Reg M-B (Bo3)
|rated|
|rule|Species Clause: Limit one of each Pokémon
|rule|Item Clause: Limit 1 of each item
|clearpoke
|poke|p1|Tyranitar, L50, M|
|poke|p1|Excadrill, L50, F|
|poke|p1|Gholdengo, L50|
|poke|p1|Milotic, L50, F|
|poke|p1|Sinistcha, L50|
|poke|p1|Staraptor, L50, F|
|poke|p2|Tyranitar, L50, M|
|poke|p2|Excadrill, L50, F|
|poke|p2|Milotic, L50, F|
|poke|p2|Sinistcha, L50|
|poke|p2|Staraptor, L50, M|
|poke|p2|Gholdengo, L50|
|teampreview|4
|showteam|p1|Tyranitar||Tyranitarite|SandStream|RockSlide,KnockOff,LowKick,Protect|Adamant||M|||50|]Excadrill||FocusSash|SandRush|RockSlide,IronHead,Protect,Earthquake|Adamant||F|||50|]Gholdengo||LifeOrb|GoodasGold|MakeItRain,ShadowBall,NastyPlot,Protect|Modest|||||50|]Milotic||SitrusBerry|Competitive|Scald,IceBeam,Recover,Protect|Modest||F|||50|]Sinistcha||ColburBerry|Hospitality|MatchaGotcha,RagePowder,StrengthSap,Protect|Bold|||||50|]Staraptor||Staraptite|Intimidate|CloseCombat,BraveBird,Tailwind,Protect|Jolly||F|||50|
|showteam|p2|Tyranitar||Tyranitarite|SandStream|Protect,HighHorsepower,KnockOff,RockSlide|Jolly||M|||50|]Excadrill||FocusSash|SandRush|Protect,RockSlide,Earthquake,IronHead|Jolly||F|||50|]Milotic||SitrusBerry|Competitive|Protect,Haze,IcyWind,Scald|Calm||F|||50|]Sinistcha||ColburBerry|Hospitality|Protect,RagePowder,MatchaGotcha,ShadowBall|Bold|||||50|]Staraptor||Staraptite|Intimidate|Protect,Tailwind,BraveBird,CloseCombat|Jolly||M|||50|]Gholdengo||LifeOrb|GoodasGold|Protect,NastyPlot,ShadowBall,MakeItRain|Modest|||||50|
|inactive|Battle timer is ON: inactive players will automatically lose when time's up. (requested by nootbaar)
|inactive|daemian_x has 60 seconds left.
|inactive|nootbaar has 60 seconds left.
|inactive|daemian_x has 30 seconds left.
|inactive|daemian_x has 20 seconds left.
|inactive|daemian_x has 15 seconds left.
|inactive|daemian_x has 10 seconds left.
|inactive|daemian_x has 5 seconds left.
|
|t:|1785635427
|teamsize|p1|4
|teamsize|p2|4
|start
|switch|p1a: Sinistcha|Sinistcha, L50|100/100
|switch|p1b: Gholdengo|Gholdengo, L50|100/100
|switch|p2a: Staraptor|Staraptor, L50, M|100/100
|switch|p2b: Milotic|Milotic, L50, F|100/100
|-ability|p2a: Staraptor|Intimidate|boost
|-unboost|p1a: Sinistcha|atk|1
|-unboost|p1b: Gholdengo|atk|1
|turn|1
|inactive|daemian_x has 30 seconds left.
|inactive|daemian_x has 20 seconds left.
|inactive|daemian_x has 15 seconds left.
|
|t:|1785635472
|switch|p2a: Excadrill|Excadrill, L50, F|100/100
|move|p1b: Gholdengo|Make It Rain|p2b: Milotic|[spread] p2a,p2b
|-resisted|p2a: Excadrill|1
|-resisted|p2b: Milotic|1
|-damage|p2a: Excadrill|57/100
|-damage|p2b: Milotic|79/100
|-unboost|p1b: Gholdengo|spa|2
|-damage|p1b: Gholdengo|90/100|[from] item: Life Orb
|move|p2b: Milotic|Icy Wind|p1b: Gholdengo|[spread] p1a,p1b
|-supereffective|p1a: Sinistcha|1
|-resisted|p1b: Gholdengo|1
|-damage|p1a: Sinistcha|82/100
|-damage|p1b: Gholdengo|84/100
|-unboost|p1a: Sinistcha|spe|1
|-unboost|p1b: Gholdengo|spe|1
|move|p1a: Sinistcha|Matcha Gotcha|p2a: Excadrill|[spread] p2a,p2b
|-supereffective|p2b: Milotic|1
|-damage|p2a: Excadrill|21/100
|-heal|p1a: Sinistcha|100/100|[from] drain|[of] p2a: Excadrill
|-damage|p2b: Milotic|44/100
|-enditem|p2b: Milotic|Sitrus Berry|[eat]
|-heal|p2b: Milotic|69/100|[from] item: Sitrus Berry
|
|upkeep
|turn|2
|inactive|daemian_x has 30 seconds left.
|inactive|nootbaar has 30 seconds left.
|
|t:|1785635503
|switch|p2b: Tyranitar|Tyranitar, L50, M|100/100
|-weather|Sandstorm|[from] ability: Sand Stream|[of] p2b: Tyranitar
|move|p2a: Excadrill|Protect|p2a: Excadrill
|-singleturn|p2a: Excadrill|Protect
|move|p1b: Gholdengo|Protect|p1b: Gholdengo
|-singleturn|p1b: Gholdengo|Protect
|move|p1a: Sinistcha|Matcha Gotcha|p2a: Excadrill|[spread] p2b
|-activate|p2a: Excadrill|move: Protect
|-supereffective|p2b: Tyranitar|1
|-damage|p2b: Tyranitar|65/100
|-status|p2b: Tyranitar|brn
|
|-weather|Sandstorm|[upkeep]
|-damage|p1a: Sinistcha|93/100|[from] Sandstorm
|-damage|p2b: Tyranitar|59/100 brn|[from] brn
|upkeep
|turn|3
|inactive|daemian_x has 30 seconds left.
|inactive|nootbaar has 30 seconds left.
|
|t:|1785635531
|switch|p2b: Staraptor|Staraptor, L50, M|100/100
|-ability|p2b: Staraptor|Intimidate|boost
|-unboost|p1a: Sinistcha|atk|1
|-unboost|p1b: Gholdengo|atk|1
|move|p2a: Excadrill|Earthquake|p1a: Sinistcha|[spread] p1a,p1b
|-immune|p2b: Staraptor
|-resisted|p1a: Sinistcha|1
|-supereffective|p1b: Gholdengo|1
|-damage|p1a: Sinistcha|77/100
|-damage|p1b: Gholdengo|6/100
|move|p1b: Gholdengo|Nasty Plot|p1b: Gholdengo
|-boost|p1b: Gholdengo|spa|2
|move|p1a: Sinistcha|Matcha Gotcha|p2b: Staraptor|[spread] p2a,p2b
|-resisted|p2b: Staraptor|1
|-damage|p2a: Excadrill|0 fnt
|-heal|p1a: Sinistcha|88/100|[from] drain|[of] p2a: Excadrill
|-damage|p2b: Staraptor|84/100
|-heal|p1a: Sinistcha|97/100|[from] drain|[of] p2b: Staraptor
|-status|p2b: Staraptor|brn
|faint|p2a: Excadrill
|
|-weather|Sandstorm|[upkeep]
|-damage|p2b: Staraptor|78/100 brn|[from] Sandstorm
|-damage|p1a: Sinistcha|91/100|[from] Sandstorm
|-damage|p2b: Staraptor|72/100 brn|[from] brn
|upkeep
|
|t:|1785635552
|switch|p2a: Tyranitar|Tyranitar, L50, M|59/100 brn
|turn|4
|
|t:|1785635567
|detailschange|p2b: Staraptor|Staraptor-Mega, L50, M
|-mega|p2b: Staraptor|Staraptor|Staraptite
|move|p2b: Staraptor|Brave Bird|p1a: Sinistcha
|-supereffective|p1a: Sinistcha|1
|-damage|p1a: Sinistcha|47/100
|-damage|p2b: Staraptor|58/100 brn|[from] Recoil
|move|p2a: Tyranitar|Rock Slide|p1b: Gholdengo|[spread] p1a,p1b
|-resisted|p1b: Gholdengo|1
|-damage|p1a: Sinistcha|36/100
|-damage|p1b: Gholdengo|0 fnt
|faint|p1b: Gholdengo
|move|p1a: Sinistcha|Matcha Gotcha|p2a: Tyranitar|[spread] p2a,p2b
|-supereffective|p2a: Tyranitar|1
|-resisted|p2b: Staraptor|1
|-damage|p2a: Tyranitar|28/100 brn
|-heal|p1a: Sinistcha|53/100|[from] drain|[of] p2a: Tyranitar
|-damage|p2b: Staraptor|46/100 brn
|-heal|p1a: Sinistcha|60/100|[from] drain|[of] p2b: Staraptor
|
|-weather|Sandstorm|[upkeep]
|-damage|p2b: Staraptor|40/100 brn|[from] Sandstorm
|-damage|p1a: Sinistcha|53/100|[from] Sandstorm
|-damage|p2b: Staraptor|34/100 brn|[from] brn
|-damage|p2a: Tyranitar|21/100 brn|[from] brn
|upkeep
|
|t:|1785635588
|switch|p1b: Excadrill|Excadrill, L50, F|100/100
|turn|5
|
|t:|1785635603
|move|p1b: Excadrill|Rock Slide|p2a: Tyranitar|[spread] p2a,p2b
|-damage|p2a: Tyranitar|4/100 brn
|-damage|p2b: Staraptor|13/100 brn
|move|p2b: Staraptor|Tailwind|p2b: Staraptor
|-sidestart|p2: nootbaar|move: Tailwind
|move|p2a: Tyranitar|Knock Off|p1a: Sinistcha
|-supereffective|p1a: Sinistcha|1
|-enditem|p1a: Sinistcha|Colbur Berry|[eat]
|-enditem|p1a: Sinistcha|Colbur Berry|[weaken]
|-damage|p1a: Sinistcha|34/100
|move|p1a: Sinistcha|Matcha Gotcha|p2b: Staraptor|[spread] p2a,p2b
|-supereffective|p2a: Tyranitar|1
|-resisted|p2b: Staraptor|1
|-damage|p2a: Tyranitar|0 fnt
|-heal|p1a: Sinistcha|36/100|[from] drain|[of] p2a: Tyranitar
|-damage|p2b: Staraptor|2/100 brn
|-heal|p1a: Sinistcha|42/100|[from] drain|[of] p2b: Staraptor
|faint|p2a: Tyranitar
|
|-weather|Sandstorm|[upkeep]
|-damage|p2b: Staraptor|0 fnt|[from] Sandstorm
|-damage|p1a: Sinistcha|36/100|[from] Sandstorm
|faint|p2b: Staraptor
|upkeep
|-message|nootbaar forfeited.
|
|win|daemian_x
||daemian_x is ready for game 2.
|inactive|nootbaar has 30 seconds to confirm battle start!
||nootbaar is ready for game 2.
|uhtml|next|Next: Game 2 of 3
|l|☆nootbaar
|player|p2|
