|j|☆SbonghiSupreme
|j|☆tedidn
|html|SbonghiSupremetedidn    
|uhtml|bestof|Game 3 of a best-of-3
|t:|1756673870
|gametype|doubles
|player|p1|SbonghiSupreme|102|1404
|player|p2|tedidn|marshal|1259
|gen|9
|tier|[Gen 9] VGC 2025 Reg H (Bo3)
|rated|
|rule|Species Clause: Limit one of each Pokémon
|rule|Item Clause: Limit 1 of each item
|clearpoke
|poke|p1|Ursaluna, L50, M|
|poke|p1|Porygon2, L50|
|poke|p1|Incineroar, L50, M|
|poke|p1|Amoonguss, L50, F|
|poke|p1|Gholdengo, L50|
|poke|p1|Hydreigon, L50, F|
|poke|p2|Dragonite, L50, M|
|poke|p2|Rillaboom, L50, M|
|poke|p2|Sneasler, L50, F|
|poke|p2|Volcarona, L50, M|
|poke|p2|Electabuzz, L50, M|
|poke|p2|Kingambit, L50, M|
|teampreview|4
|showteam|p1|Ursaluna||FlameOrb|Guts|Facade,HeadlongRush,Earthquake,Protect|||M|||50|,,,,,Ghost]Porygon2||Eviolite|Download|TeraBlast,IceBeam,Recover,TrickRoom||||||50|,,,,,Fighting]Incineroar||SitrusBerry|Intimidate|FlareBlitz,KnockOff,PartingShot,FakeOut|||M|||50|,,,,,Ghost]Amoonguss||RockyHelmet|Regenerator|PollenPuff,Spore,RagePowder,Protect|||F|||50|,,,,,Fairy]Gholdengo||MetalCoat|GoodasGold|MakeItRain,ShadowBall,NastyPlot,Protect||||||50|,,,,,Water]Hydreigon||SafetyGoggles|Levitate|DracoMeteor,Snarl,Tailwind,Protect|||F|||50|,,,,,Ghost
|showteam|p2|Dragonite||LoadedDice|Multiscale|ScaleShot,ExtremeSpeed,Haze,Protect|||M|||50|,,,,,Normal]Rillaboom||AssaultVest|GrassySurge|WoodHammer,GrassyGlide,FakeOut,Uturn|||M|||50|,,,,,Fire]Sneasler||FocusSash|Unburden|CloseCombat,Coaching,DireClaw,FakeOut|||F|||50|,,,,,Stellar]Volcarona||GrassySeed|FlameBody|Flamethrower,QuiverDance,GigaDrain,Protect|||M|||50|,,,,,Grass]Electabuzz||Eviolite|VitalSpirit|Thunderbolt,Taunt,FollowMe,Protect|||M|||50|,,,,,Ghost]Kingambit||SafetyGoggles|Defiant|KowtowCleave,SuckerPunch,SwordsDance,Protect|||M|||50|,,,,,Dark
|inactive|Battle timer is ON: inactive players will automatically lose when time's up. (requested by tedidn)
|
|t:|1756673890
|teamsize|p1|4
|teamsize|p2|4
|start
|switch|p1a: Hydreigon|Hydreigon, L50, F|100/100
|switch|p1b: Porygon2|Porygon2, L50|100/100
|switch|p2a: Tokugawa|Kingambit, L50, M|100/100
|switch|p2b: Michael|Electabuzz, L50, M|100/100
|-ability|p1b: Porygon2|Download|boost
|-boost|p1b: Porygon2|spa|1
|turn|1
|
|t:|1756673912
|switch|p1b: Ursaluna|Ursaluna, L50, M|100/100
|move|p2b: Michael|Follow Me|p2b: Michael
|-singleturn|p2b: Michael|move: Follow Me
|move|p1a: Hydreigon|Tailwind|p1a: Hydreigon
|-sidestart|p1: SbonghiSupreme|move: Tailwind
|move|p2a: Tokugawa|Swords Dance|p2a: Tokugawa
|-boost|p2a: Tokugawa|atk|2
|
|-status|p1b: Ursaluna|brn|[from] item: Flame Orb
|upkeep
|turn|2
|
|t:|1756673934
|switch|p2b: Harambe|Rillaboom, L50, M|100/100
|-fieldstart|move: Grassy Terrain|[from] ability: Grassy Surge|[of] p2b: Harambe
|-terastallize|p2a: Tokugawa|Dark
|move|p2a: Tokugawa|Sucker Punch|p1b: Ursaluna
|-damage|p1b: Ursaluna|3/100 brn
|move|p1a: Hydreigon|Draco Meteor|p2b: Harambe
|-damage|p2b: Harambe|53/100
|-unboost|p1a: Hydreigon|spa|2
|move|p1b: Ursaluna|Earthquake|p2b: Harambe|[spread] p2a,p2b
|-immune|p1a: Hydreigon|[from] ability: Levitate
|-resisted|p2b: Harambe
|-damage|p2a: Tokugawa|76/100
|-damage|p2b: Harambe|34/100
|
|-heal|p1b: Ursaluna|9/100 brn|[from] Grassy Terrain
|-heal|p2b: Harambe|40/100|[from] Grassy Terrain
|-heal|p2a: Tokugawa|82/100|[from] Grassy Terrain
|-damage|p1b: Ursaluna|3/100 brn|[from] brn
|upkeep
|turn|3
|
|t:|1756673952
|move|p2b: Harambe|Grassy Glide|p1b: Ursaluna
|-supereffective|p1b: Ursaluna
|-damage|p1b: Ursaluna|0 fnt
|faint|p1b: Ursaluna
|move|p1a: Hydreigon|Draco Meteor|p2b: Harambe
|-damage|p2b: Harambe|18/100
|-unboost|p1a: Hydreigon|spa|2
|move|p2a: Tokugawa|Swords Dance|p2a: Tokugawa
|-boost|p2a: Tokugawa|atk|2
|
|-heal|p2b: Harambe|24/100|[from] Grassy Terrain
|-heal|p2a: Tokugawa|88/100|[from] Grassy Terrain
|upkeep
|
|t:|1756673955
|switch|p1b: Porygon2|Porygon2, L50|100/100
|-ability|p1b: Porygon2|Download|boost
|-boost|p1b: Porygon2|spa|1
|turn|4
|inactive|SbonghiSupreme has 30 seconds left.
|inactive|SbonghiSupreme has 20 seconds left.
|inactive|SbonghiSupreme has 15 seconds left.
|inactive|SbonghiSupreme has 10 seconds left.
|
|t:|1756674005
|-terastallize|p1b: Porygon2|Fighting
|move|p2a: Tokugawa|Protect|p2a: Tokugawa
|-singleturn|p2a: Tokugawa|Protect
|move|p1a: Hydreigon|Draco Meteor|p2b: Harambe
|-damage|p2b: Harambe|8/100
|-unboost|p1a: Hydreigon|spa|2
|move|p1b: Porygon2|Tera Blast|p2b: Harambe|[anim] Tera Blast Fighting
|-damage|p2b: Harambe|0 fnt
|faint|p2b: Harambe
|
|-heal|p2a: Tokugawa|94/100|[from] Grassy Terrain
|-sideend|p1: SbonghiSupreme|move: Tailwind
|upkeep
|
|t:|1756674018
|switch|p2b: Noxia|Sneasler, L50, F|100/100
|turn|5
|
|t:|1756674031
|switch|p1b: Gholdengo|Gholdengo, L50|100/100
|move|p2b: Noxia|Fake Out|p1b: Gholdengo
|-immune|p1b: Gholdengo
|move|p1a: Hydreigon|Tailwind|p1a: Hydreigon
|-sidestart|p1: SbonghiSupreme|move: Tailwind
|move|p2a: Tokugawa|Kowtow Cleave|p1b: Gholdengo
|-supereffective|p1b: Gholdengo
|-damage|p1b: Gholdengo|0 fnt
|faint|p1b: Gholdengo
|
|-heal|p2a: Tokugawa|100/100|[from] Grassy Terrain
|upkeep
|
|t:|1756674039
|switch|p1b: Porygon2|Porygon2, L50, tera:Fighting|100/100
|-ability|p1b: Porygon2|Download|boost
|-boost|p1b: Porygon2|spa|1
|turn|6
|
|t:|1756674049
|switch|p2b: Michael|Electabuzz, L50, M|100/100
|move|p1a: Hydreigon|Protect|p1a: Hydreigon
|-singleturn|p1a: Hydreigon|Protect
|move|p2a: Tokugawa|Protect|p2a: Tokugawa
|-singleturn|p2a: Tokugawa|Protect
|move|p1b: Porygon2|Ice Beam|p2b: Michael
|-damage|p2b: Michael|68/100
|
|-heal|p2b: Michael|74/100|[from] Grassy Terrain
|-fieldend|move: Grassy Terrain
|upkeep
|turn|7
|
|t:|1756674061
|move|p2b: Michael|Follow Me|p2b: Michael
|-singleturn|p2b: Michael|move: Follow Me
|move|p1a: Hydreigon|Draco Meteor|p2b: Michael
|-damage|p2b: Michael|61/100
|move|p1b: Porygon2|Tera Blast|p2b: Michael|[anim] Tera Blast Fighting
|-damage|p2b: Michael|17/100
|move|p2a: Tokugawa|Kowtow Cleave|p1b: Porygon2
|-resisted|p1b: Porygon2
|-crit|p1b: Porygon2
|-damage|p1b: Porygon2|10/100
|
|upkeep
|turn|8
|
|t:|1756674091
|move|p2b: Michael|Follow Me|p2b: Michael
|-singleturn|p2b: Michael|move: Follow Me
|move|p1a: Hydreigon|Draco Meteor|p2b: Michael
|-damage|p2b: Michael|6/100
|move|p1b: Porygon2|Recover|p1b: Porygon2
|-heal|p1b: Porygon2|60/100
|move|p2a: Tokugawa|Kowtow Cleave|p1b: Porygon2
|-resisted|p1b: Porygon2
|-damage|p1b: Porygon2|0 fnt
|faint|p1b: Porygon2
|
|-sideend|p1: SbonghiSupreme|move: Tailwind
|upkeep
|turn|9
|-message|SbonghiSupreme forfeited.
|raw|SbonghiSupreme's rating: 1404 → 1376(-28 for losing)
|raw|tedidn's rating: 1259 → 1294(+35 for winning)
|
|win|tedidn
