|j|☆anlerz
|j|☆geardox
|html|anlerzgeardox    
|uhtml|bestof|Game 2 of a best-of-3
|t:|1757088120
|gametype|doubles
|player|p1|anlerz|giovanni|1110
|player|p2|geardox|266|1171
|gen|9
|tier|[Gen 9] VGC 2025 Reg H (Bo3)
|rated|
|rule|Species Clause: Limit one of each Pokémon
|rule|Item Clause: Limit 1 of each item
|clearpoke
|poke|p1|Sneasler, L50, F|
|poke|p1|Dragapult, L50, M|
|poke|p1|Dondozo, L50, M|
|poke|p1|Rillaboom, L50, M|
|poke|p1|Volcarona, L50, M|
|poke|p1|Electabuzz, L50, M|
|poke|p2|Sneasler, L50, M|
|poke|p2|Garchomp, L50, M|
|poke|p2|Corviknight, L50, M|
|poke|p2|Archaludon, L50, M|
|poke|p2|Amoonguss, L50, F|
|poke|p2|Incineroar, L50, F|
|teampreview|4
|showteam|p1|Sneasler||FocusSash|PoisonTouch|DireClaw,CloseCombat,FakeOut,Protect|||F|||50|,,,,,Ghost]Dragapult||LifeOrb|ClearBody|DragonDarts,PhantomForce,Uturn,Protect|||M|||50|,,,,,Fairy]Dondozo||Leftovers|Unaware|WaveCrash,Yawn,Fissure,Protect|||M|||50|,,,,,Poison]Rillaboom||AssaultVest|GrassySurge|FakeOut,WoodHammer,GrassyGlide,HighHorsepower|||M|||50|,,,,,Fire]Volcarona||CovertCloak|FlameBody|HeatWave,QuiverDance,TeraBlast,Protect|||M|||50|,,,,,Fairy]Electabuzz||Eviolite|VitalSpirit|Thunderbolt,FollowMe,Taunt,Protect|||M|||50|,,,,,Ghost
|showteam|p2|Sneasler||FocusSash|Unburden|DireClaw,CloseCombat,ThroatChop,Coaching|||M|||50|,,,,,Ghost]Garchomp||LifeOrb|RoughSkin|Protect,Earthquake,DragonClaw,StompingTantrum|||M|||50|,,,,,Ground]Corviknight||SitrusBerry|MirrorArmor|BraveBird,Tailwind,Roost,IronHead|||M|||50|,,,,,Fire]Archaludon||PowerHerb|Stamina|Protect,DracoMeteor,FlashCannon,ElectroShot|||M|||50|,,,,,Dragon]Amoonguss||RockyHelmet|Regenerator|ClearSmog,RagePowder,Spore,PollenPuff|||F|||50|,,,,,Water]Incineroar||AssaultVest|Intimidate|KnockOff,FlareBlitz,FakeOut,Uturn|||F|||50|,,,,,Ghost
|inactive|Battle timer is ON: inactive players will automatically lose when time's up. (requested by anlerz)
|
|t:|1757088141
|teamsize|p1|4
|teamsize|p2|4
|start
|switch|p1a: Dondozo|Dondozo, L50, M|100/100
|switch|p1b: Electabuzz|Electabuzz, L50, M|100/100
|switch|p2a: Eggman|Corviknight, L50, M, shiny|100/100
|switch|p2b: Incineroar|Incineroar, L50, F|100/100
|-ability|p2b: Incineroar|Intimidate|boost
|-unboost|p1a: Dondozo|atk|1
|-unboost|p1b: Electabuzz|atk|1
|turn|1
|inactive|geardox has 30 seconds left.
|
|t:|1757088166
|move|p1b: Electabuzz|Protect|p1b: Electabuzz
|-singleturn|p1b: Electabuzz|Protect
|move|p2b: Incineroar|Fake Out|p1a: Dondozo
|-damage|p1a: Dondozo|93/100
|move|p2a: Eggman|Iron Head|p1b: Electabuzz
|-activate|p1b: Electabuzz|move: Protect
|cant|p1a: Dondozo|flinch
|
|-heal|p1a: Dondozo|99/100|[from] item: Leftovers
|upkeep
|turn|2
|
|t:|1757088182
|move|p1b: Electabuzz|Thunderbolt|p2a: Eggman
|-supereffective|p2a: Eggman
|-damage|p2a: Eggman|55/100
|move|p2b: Incineroar|Knock Off|p1b: Electabuzz
|-damage|p1b: Electabuzz|71/100
|-enditem|p1b: Electabuzz|Eviolite|[from] move: Knock Off|[of] p2b: Incineroar
|move|p2a: Eggman|Tailwind|p2a: Eggman
|-sidestart|p2: geardox|move: Tailwind
|move|p1a: Dondozo|Yawn|p2b: Incineroar
|-start|p2b: Incineroar|move: Yawn|[of] p1a: Dondozo
|
|-heal|p1a: Dondozo|100/100|[from] item: Leftovers
|upkeep
|turn|3
|inactive|anlerz has 30 seconds left.
|inactive|geardox has 30 seconds left.
|
|t:|1757088210
|switch|p2b: Riku|Sneasler, L50, M|100/100
|move|p2a: Eggman|Brave Bird|p1b: Electabuzz
|-resisted|p1b: Electabuzz
|-damage|p1b: Electabuzz|50/100
|-damage|p2a: Eggman|50/100|[from] Recoil
|-enditem|p2a: Eggman|Sitrus Berry|[eat]
|-heal|p2a: Eggman|75/100|[from] item: Sitrus Berry
|move|p1b: Electabuzz|Thunderbolt|p2b: Riku
|-damage|p2b: Riku|59/100
|move|p1a: Dondozo|Yawn|p2a: Eggman
|-start|p2a: Eggman|move: Yawn|[of] p1a: Dondozo
|
|upkeep
|turn|4
|inactive|geardox has 30 seconds left.
|inactive|geardox has 20 seconds left.
|inactive|geardox has 15 seconds left.
|
|t:|1757088253
|switch|p2a: Incineroar|Incineroar, L50, F|100/100
|-ability|p2a: Incineroar|Intimidate|boost
|-unboost|p1a: Dondozo|atk|1
|-unboost|p1b: Electabuzz|atk|1
|move|p2b: Riku|Coaching|p2a: Incineroar
|-boost|p2a: Incineroar|atk|1
|-boost|p2a: Incineroar|def|1
|move|p1b: Electabuzz|Thunderbolt|p2a: Incineroar
|-crit|p2a: Incineroar
|-damage|p2a: Incineroar|70/100
|move|p1a: Dondozo|Wave Crash|p2b: Riku
|-damage|p2b: Riku|26/100
|-damage|p1a: Dondozo|94/100|[from] Recoil
|
|-heal|p1a: Dondozo|99/100|[from] item: Leftovers
|upkeep
|turn|5
|
|t:|1757088273
|move|p1b: Electabuzz|Follow Me|p1b: Electabuzz
|-singleturn|p1b: Electabuzz|move: Follow Me
|move|p2b: Riku|Dire Claw|p1b: Electabuzz
|-damage|p1b: Electabuzz|5/100
|move|p2a: Incineroar|Flare Blitz|p1b: Electabuzz
|-damage|p1b: Electabuzz|0 fnt
|faint|p1b: Electabuzz
|-damage|p2a: Incineroar|69/100|[from] Recoil
|move|p1a: Dondozo|Wave Crash|p2a: Incineroar
|-supereffective|p2a: Incineroar
|-damage|p2a: Incineroar|32/100
|-damage|p1a: Dondozo|90/100|[from] Recoil
|
|-heal|p1a: Dondozo|96/100|[from] item: Leftovers
|-sideend|p2: geardox|move: Tailwind
|upkeep
|
|t:|1757088281
|switch|p1b: Dragapult|Dragapult, L50, M|100/100
|turn|6
|
|t:|1757088306
|switch|p2a: Eggman|Corviknight, L50, M, shiny|75/100
|move|p1b: Dragapult|Protect|p1b: Dragapult
|-singleturn|p1b: Dragapult|Protect
|move|p2b: Riku|Dire Claw|p1a: Dondozo
|-damage|p1a: Dondozo|72/100
|-status|p1a: Dondozo|slp
|cant|p1a: Dondozo|slp
|
|-heal|p1a: Dondozo|78/100 slp|[from] item: Leftovers
|upkeep
|turn|7
|
|t:|1757088322
|move|p1b: Dragapult|U-turn|p2b: Riku
|-resisted|p2b: Riku
|-damage|p2b: Riku|12/100
|-damage|p1b: Dragapult|91/100|[from] item: Life Orb
|
|t:|1757088326
|switch|p1b: Sneasler|Sneasler, L50, F|100/100|[from] U-turn
|move|p2b: Riku|Coaching|p2a: Eggman
|-boost|p2a: Eggman|atk|1
|-boost|p2a: Eggman|def|1
|move|p2a: Eggman|Tailwind|p2a: Eggman
|-sidestart|p2: geardox|move: Tailwind
|cant|p1a: Dondozo|slp
|
|-heal|p1a: Dondozo|84/100 slp|[from] item: Leftovers
|upkeep
|turn|8
|
|t:|1757088350
|move|p1b: Sneasler|Fake Out|p2a: Eggman
|-resisted|p2a: Eggman
|-damage|p2a: Eggman|71/100
|move|p2b: Riku|Coaching|p2a: Eggman
|-boost|p2a: Eggman|atk|1
|-boost|p2a: Eggman|def|1
|cant|p2a: Eggman|flinch
|cant|p1a: Dondozo|slp
|
|-heal|p1a: Dondozo|90/100 slp|[from] item: Leftovers
|upkeep
|turn|9
|
|t:|1757088369
|switch|p2b: Incineroar|Incineroar, L50, F|32/100
|-ability|p2b: Incineroar|Intimidate|boost
|-unboost|p1a: Dondozo|atk|1
|-unboost|p1b: Sneasler|atk|1
|move|p1b: Sneasler|Protect|p1b: Sneasler
|-singleturn|p1b: Sneasler|Protect
|move|p2a: Eggman|Brave Bird|p1b: Sneasler
|-activate|p1b: Sneasler|move: Protect
|-curestatus|p1a: Dondozo|slp|[msg]
|move|p1a: Dondozo|Yawn|p2a: Eggman
|-start|p2a: Eggman|move: Yawn|[of] p1a: Dondozo
|
|-heal|p1a: Dondozo|96/100|[from] item: Leftovers
|upkeep
|turn|10
|inactive|geardox has 30 seconds left.
|
|t:|1757088402
|move|p2b: Incineroar|Fake Out|p1b: Sneasler
|-damage|p1b: Sneasler|81/100
|move|p2a: Eggman|Brave Bird|p1b: Sneasler
|-supereffective|p1b: Sneasler
|-damage|p1b: Sneasler|0 fnt
|faint|p1b: Sneasler
|-damage|p2a: Eggman|51/100|[from] Recoil
|move|p1a: Dondozo|Wave Crash|p2b: Incineroar
|-supereffective|p2b: Incineroar
|-damage|p2b: Incineroar|2/100
|-damage|p1a: Dondozo|88/100|[from] Recoil
|
|-heal|p1a: Dondozo|94/100|[from] item: Leftovers
|-end|p2a: Eggman|move: Yawn|[silent]
|-status|p2a: Eggman|slp
|-sideend|p2: geardox|move: Tailwind
|upkeep
|
|t:|1757088409
|switch|p1b: Dragapult|Dragapult, L50, M|91/100
|turn|11
|
|t:|1757088424
|move|p1b: Dragapult|Dragon Darts|p2a: Eggman
|-resisted|p2a: Eggman
|-damage|p2a: Eggman|44/100 slp
|-anim|p1b: Dragapult|Dragon Darts|p2b: Incineroar
|-damage|p2b: Incineroar|0 fnt
|faint|p2b: Incineroar
|-damage|p1b: Dragapult|81/100|[from] item: Life Orb
|cant|p2a: Eggman|slp
|move|p1a: Dondozo|Wave Crash|p2a: Eggman
|-damage|p2a: Eggman|31/100 slp
|-damage|p1a: Dondozo|90/100|[from] Recoil
|
|-heal|p1a: Dondozo|96/100|[from] item: Leftovers
|upkeep
|
|t:|1757088438
|switch|p2b: Stinky Pete|Garchomp, L50, M|100/100
|turn|12
|inactive|anlerz has 30 seconds left.
|
|t:|1757088467
|-terastallize|p1b: Dragapult|Fairy
|-terastallize|p2b: Stinky Pete|Ground
|move|p1b: Dragapult|Dragon Darts|p2a: Eggman
|-resisted|p2a: Eggman
|-damage|p2a: Eggman|24/100 slp
|-anim|p1b: Dragapult|Dragon Darts|p2b: Stinky Pete
|-damage|p2b: Stinky Pete|62/100
|-damage|p1b: Dragapult|71/100|[from] item: Life Orb
|move|p2b: Stinky Pete|Earthquake|p1a: Dondozo|[spread] p1a,p1b
|-immune|p2a: Eggman
|-crit|p1b: Dragapult
|-damage|p1a: Dondozo|56/100
|-damage|p1b: Dragapult|0 fnt
|faint|p1b: Dragapult
|-damage|p2b: Stinky Pete|52/100|[from] item: Life Orb
|cant|p2a: Eggman|slp
|move|p1a: Dondozo|Wave Crash|p2a: Eggman
|-damage|p2a: Eggman|9/100 slp
|-damage|p1a: Dondozo|52/100|[from] Recoil
|
|-heal|p1a: Dondozo|58/100|[from] item: Leftovers
|upkeep
|turn|13
|
|t:|1757088492
|move|p2b: Stinky Pete|Dragon Claw|p1a: Dondozo
|-damage|p1a: Dondozo|24/100
|-damage|p2b: Stinky Pete|42/100|[from] item: Life Orb
|cant|p2a: Eggman|slp
|move|p1a: Dondozo|Wave Crash|p2b: Stinky Pete
|-supereffective|p2b: Stinky Pete
|-damage|p2b: Stinky Pete|6/100
|-damage|p1a: Dondozo|11/100|[from] ability: Rough Skin|[of] p2b: Stinky Pete
|-damage|p1a: Dondozo|2/100|[from] Recoil
|
|-heal|p1a: Dondozo|8/100|[from] item: Leftovers
|upkeep
|turn|14
|-message|anlerz forfeited.
|
|win|geardox
|raw|anlerz's rating: 1110 → 1089(-21 for losing)
|raw|geardox's rating: 1171 → 1192(+21 for winning)
|l|☆anlerz
|player|p1|
