|j|☆IsraMX
|j|‽Giraldo567
|html|IsraMXGiraldo567    
|uhtml|bestof|Game 1 of a best-of-3
|t:|1784067555
|gametype|doubles
|player|p1|IsraMX|101|1108
|player|p2|Giraldo567|265|1183
|gen|9
|tier|[Gen 9 Champions] VGC 2026 Reg M-B (Bo3)
|rated|
|rule|Species Clause: Limit one of each Pokémon
|rule|Item Clause: Limit 1 of each item
|clearpoke
|poke|p1|Empoleon, L50, F, shiny|
|poke|p1|Slowbro, L50, F, shiny|
|poke|p1|Swampert, L50, F, shiny|
|poke|p1|Rotom-Wash, L50, shiny|
|poke|p1|Toxapex, L50, F, shiny|
|poke|p1|Pelipper, L50, F, shiny|
|poke|p2|Garchomp, L50, F|
|poke|p2|Floette-Eternal, L50, F|
|poke|p2|Whimsicott, L50, M|
|poke|p2|Milotic, L50, M|
|poke|p2|Charizard, L50, F|
|poke|p2|Gholdengo, L50|
|teampreview|4
|showteam|p1|Empoleon||FocusSash|Competitive|Surf,IceBeam,AirSlash,Protect|Sassy||F|||50|]Slowbro||SitrusBerry|Regenerator|TrickRoom,RainDance,SlackOff,Psychic|Relaxed||F|||50|]Swampert||Swampertite|Torrent|IcePunch,Earthquake,Waterfall,Protect|Adamant||F|||50|]Rotom-Wash||ChoiceScarf|Levitate|Trick,WillOWisp,VoltSwitch,Thunderbolt|Timid|||||50|]Toxapex||ShucaBerry|Regenerator|Infestation,BanefulBunker,ChillingWater,Recover|Bold||F|||50|]Pelipper||Leftovers|Drizzle|Hurricane,IceBeam,Tailwind,Uturn|Modest||F|||50|
|showteam|p2|Garchomp||LifeOrb|RoughSkin|RockSlide,Protect,Earthquake,DragonClaw|Jolly||F|||50|]Floette-Eternal||Floettite|FlowerVeil|Protect,CalmMind,DazzlingGleam,Moonblast|Timid||F|||50|]Whimsicott||FocusSash|Prankster|Tailwind,SunnyDay,Moonblast,Protect|Bold||M|||50|]Milotic||Leftovers|Competitive|Coil,Hypnosis,Protect,MuddyWater|Calm||M|||50|]Charizard||CharizarditeY|Blaze|HeatWave,WeatherBall,Protect,SolarBeam|Timid||F|||50|]Gholdengo||ChoiceScarf|GoodasGold|MakeItRain,PowerGem,ShadowBall,Thunderbolt|Timid|||||50|
|inactive|Battle timer is ON: inactive players will automatically lose when time's up. (requested by IsraMX)
|
|t:|1784067571
|teamsize|p1|4
|teamsize|p2|4
|start
|switch|p1a: Slowbro|Slowbro, L50, F, shiny|100/100
|switch|p1b: Rotom|Rotom-Wash, L50, shiny|100/100
|switch|p2a: Milotic|Milotic, L50, M|100/100
|switch|p2b: Gholdengo|Gholdengo, L50|100/100
|turn|1
|
|t:|1784067585
|move|p1b: Rotom|Trick|p2a: Milotic
|-activate|p1b: Rotom|move: Trick|[of] p2a: Milotic
|-item|p2a: Milotic|Choice Scarf|[from] move: Trick
|-item|p1b: Rotom|Leftovers|[from] move: Trick
|move|p2b: Gholdengo|Thunderbolt|p1b: Rotom
|-damage|p1b: Rotom|57/100
|move|p2a: Milotic|Coil|p2a: Milotic
|-boost|p2a: Milotic|atk|1
|-boost|p2a: Milotic|def|1
|-boost|p2a: Milotic|accuracy|1
|move|p1a: Slowbro|Trick Room|p1a: Slowbro
|-fieldstart|move: Trick Room|[of] p1a: Slowbro
|
|-heal|p1b: Rotom|62/100|[from] item: Leftovers
|upkeep
|turn|2
|
|t:|1784067607
|switch|p2a: Floette|Floette-Eternal, L50, F|100/100
|move|p1a: Slowbro|Psychic|p2a: Floette
|-damage|p2a: Floette|71/100
|move|p1b: Rotom|Volt Switch|p2b: Gholdengo
|-damage|p2b: Gholdengo|59/100
|
|t:|1784067618
|switch|p1b: Swampert|Swampert, L50, F, shiny|100/100|[from] Volt Switch
|move|p2b: Gholdengo|Thunderbolt|p1b: Swampert
|-immune|p1b: Swampert
|
|upkeep
|turn|3
|
|t:|1784067635
|switch|p2b: Milotic|Milotic, L50, M|100/100
|detailschange|p1b: Swampert|Swampert-Mega, L50, F, shiny
|-mega|p1b: Swampert|Swampert|Swampertite
|move|p1a: Slowbro|Psychic|p2a: Floette
|-damage|p2a: Floette|39/100
|move|p1b: Swampert|Earthquake|p2b: Milotic|[spread] p1a,p2a,p2b
|-damage|p1a: Slowbro|73/100
|-damage|p2a: Floette|0 fnt
|-damage|p2b: Milotic|53/100
|faint|p2a: Floette
|
|upkeep
|
|t:|1784067647
|switch|p2a: Charizard|Charizard, L50, F|100/100
|turn|4
|
|t:|1784067660
|-heal|p1a: Slowbro|100/100|[from] ability: Regenerator|[silent]
|switch|p1a: Toxapex|Toxapex, L50, F, shiny|100/100
|move|p1b: Swampert|Protect|p1b: Swampert
|-singleturn|p1b: Swampert|Protect
|move|p2a: Charizard|Protect|p2a: Charizard
|-singleturn|p2a: Charizard|Protect
|move|p2b: Milotic|Hypnosis|p1b: Swampert
|-activate|p1b: Swampert|move: Protect
|
|upkeep
|turn|5
|l|‽Giraldo567
|inactive|Giraldo567 disconnected and has a minute to reconnect!
|player|p2|
|j|‽Giraldo567
|inactive|Giraldo567 reconnected and has 45 seconds left.
|player|p2|Giraldo567|265|
|n|‽Giraldo567|giraldo567
|inactive|Giraldo567 has 30 seconds left.
|
|t:|1784067691
|switch|p1b: Rotom|Rotom-Wash, L50, shiny|62/100
|switch|p2a: Gholdengo|Gholdengo, L50|59/100
|move|p1a: Toxapex|Infestation|p2b: Milotic
|-damage|p2b: Milotic|51/100
|-activate|p2b: Milotic|move: Infestation|[of] p1a: Toxapex
|move|p2b: Milotic|Hypnosis|p1b: Rotom|[miss]
|-miss|p2b: Milotic|p1b: Rotom
|
|-heal|p1b: Rotom|68/100|[from] item: Leftovers
|-damage|p2b: Milotic|38/100|[from] move: Infestation|[partiallytrapped]
|-fieldend|move: Trick Room
|upkeep
|turn|6
|
|t:|1784067712
|move|p2a: Gholdengo|Shadow Ball|p1b: Rotom
|-damage|p1b: Rotom|7/100
|move|p1b: Rotom|Volt Switch|p2a: Gholdengo
|-damage|p2a: Gholdengo|23/100
|
|t:|1784067718
|switch|p1b: Slowbro|Slowbro, L50, F, shiny|100/100|[from] Volt Switch
|move|p2b: Milotic|Hypnosis|p1a: Toxapex
|-status|p1a: Toxapex|slp|[from] move: Hypnosis
|cant|p1a: Toxapex|slp
|
|-damage|p2b: Milotic|26/100|[from] move: Infestation|[partiallytrapped]
|upkeep
|turn|7
|
|t:|1784067730
|move|p2a: Gholdengo|Shadow Ball|p1b: Slowbro
|-supereffective|p1b: Slowbro|1
|-damage|p1b: Slowbro|18/100
|-enditem|p1b: Slowbro|Sitrus Berry|[eat]
|-heal|p1b: Slowbro|43/100|[from] item: Sitrus Berry
|move|p2b: Milotic|Hypnosis|p1b: Slowbro|[miss]
|-miss|p2b: Milotic|p1b: Slowbro
|cant|p1a: Toxapex|slp
|move|p1b: Slowbro|Trick Room|p1b: Slowbro
|-fieldstart|move: Trick Room|[of] p1b: Slowbro
|
|-damage|p2b: Milotic|13/100|[from] move: Infestation|[partiallytrapped]
|upkeep
|turn|8
|
|t:|1784067753
|move|p1b: Slowbro|Psychic|p2a: Gholdengo
|-resisted|p2a: Gholdengo|1
|-damage|p2a: Gholdengo|4/100
|-curestatus|p1a: Toxapex|slp|[msg]
|move|p1a: Toxapex|Chilling Water|p2a: Gholdengo
|-damage|p2a: Gholdengo|0 fnt
|faint|p2a: Gholdengo
|move|p2b: Milotic|Hypnosis|p1b: Slowbro|[miss]
|-miss|p2b: Milotic|p1b: Slowbro
|
|-damage|p2b: Milotic|1/100|[from] move: Infestation|[partiallytrapped]
|upkeep
|
|t:|1784067756
|switch|p2a: Charizard|Charizard, L50, F|100/100
|turn|9
|
|t:|1784067776
|detailschange|p2a: Charizard|Charizard-Mega-Y, L50, F
|-mega|p2a: Charizard|Charizard|Charizardite Y
|-weather|SunnyDay|[from] ability: Drought|[of] p2a: Charizard
|move|p1b: Slowbro|Slack Off|p1b: Slowbro
|-heal|p1b: Slowbro|93/100
|move|p1a: Toxapex|Infestation|p2a: Charizard
|-resisted|p2a: Charizard|2
|-damage|p2a: Charizard|99/100
|-activate|p2a: Charizard|move: Infestation|[of] p1a: Toxapex
|move|p2b: Milotic|Hypnosis|p1b: Slowbro|[miss]
|-miss|p2b: Milotic|p1b: Slowbro
|move|p2a: Charizard|Solar Beam||[still]
|-prepare|p2a: Charizard|Solar Beam
|-anim|p2a: Charizard|Solar Beam|p1a: Toxapex
|-crit|p1a: Toxapex
|-damage|p1a: Toxapex|35/100
|
|-weather|SunnyDay|[upkeep]
|-end|p2b: Milotic|Infestation|[partiallytrapped]
|-damage|p2a: Charizard|87/100|[from] move: Infestation|[partiallytrapped]
|upkeep
|turn|10
|
|t:|1784067796
|move|p1b: Slowbro|Rain Dance|p1b: Slowbro
|-weather|RainDance
|move|p1a: Toxapex|Chilling Water|p2a: Charizard
|-supereffective|p2a: Charizard|1
|-damage|p2a: Charizard|56/100
|-unboost|p2a: Charizard|atk|1
|move|p2b: Milotic|Hypnosis|p1b: Slowbro
|-status|p1b: Slowbro|slp|[from] move: Hypnosis
|move|p2a: Charizard|Weather Ball|p1a: Toxapex
|-resisted|p1a: Toxapex|1
|-damage|p1a: Toxapex|10/100
|
|-weather|RainDance|[upkeep]
|-damage|p2a: Charizard|43/100|[from] move: Infestation|[partiallytrapped]
|upkeep
|turn|11
|
|t:|1784067820
|cant|p1b: Slowbro|slp
|move|p1a: Toxapex|Recover|p1a: Toxapex
|-heal|p1a: Toxapex|60/100
|move|p2b: Milotic|Hypnosis|p1a: Toxapex
|-status|p1a: Toxapex|slp|[from] move: Hypnosis
|move|p2a: Charizard|Solar Beam||[still]
|-prepare|p2a: Charizard|Solar Beam
|
|-weather|RainDance|[upkeep]
|-damage|p2a: Charizard|31/100|[from] move: Infestation|[partiallytrapped]
|-fieldend|move: Trick Room
|upkeep
|turn|12
|
|t:|1784067834
|move|p2a: Charizard|Solar Beam|p1b: Slowbro|[from] lockedmove
|-supereffective|p1b: Slowbro|1
|-damage|p1b: Slowbro|43/100 slp
|move|p2b: Milotic|Hypnosis|p1b: Slowbro|[miss]
|-miss|p2b: Milotic|p1b: Slowbro
|cant|p1a: Toxapex|slp
|cant|p1b: Slowbro|slp
|
|-weather|RainDance|[upkeep]
|-damage|p2a: Charizard|19/100|[from] move: Infestation|[partiallytrapped]
|upkeep
|turn|13
|
|t:|1784067852
|-heal|p1b: Slowbro|76/100 slp|[from] ability: Regenerator|[silent]
|switch|p1b: Rotom|Rotom-Wash, L50, shiny|7/100
|move|p2a: Charizard|Solar Beam||[still]
|-prepare|p2a: Charizard|Solar Beam
|move|p2b: Milotic|Hypnosis|p1b: Rotom|[miss]
|-miss|p2b: Milotic|p1b: Rotom
|cant|p1a: Toxapex|slp
|
|-weather|RainDance|[upkeep]
|-heal|p1b: Rotom|12/100|[from] item: Leftovers
|-damage|p2a: Charizard|7/100|[from] move: Infestation|[partiallytrapped]
|upkeep
|turn|14
|
|t:|1784067867
|move|p2a: Charizard|Solar Beam|p1a: Toxapex|[from] lockedmove
|-damage|p1a: Toxapex|39/100 slp
|move|p1b: Rotom|Thunderbolt|p2a: Charizard
|-supereffective|p2a: Charizard|1
|-damage|p2a: Charizard|0 fnt
|faint|p2a: Charizard
|move|p2b: Milotic|Hypnosis|p1b: Rotom|[miss]
|-miss|p2b: Milotic|p1b: Rotom
|-curestatus|p1a: Toxapex|slp|[msg]
|move|p1a: Toxapex|Infestation|p2b: Milotic
|-damage|p2b: Milotic|0 fnt
|faint|p2b: Milotic
|
|win|IsraMX
||Giraldo567 is ready for game 2.
|inactive|IsraMX has 30 seconds to confirm battle start!
