|j|☆Trestkon
|j|☆ryanpowneyissoslay
|html|Trestkonryanpowneyissoslay    
|uhtml|bestof|Game 1 of a best-of-3
|t:|1757775179
|gametype|doubles
|player|p1|Trestkon|1|1285
|player|p2|ryanpowneyissoslay|ghetsis|1338
|gen|9
|tier|[Gen 9] VGC 2025 Reg H (Bo3)
|rated|
|rule|Species Clause: Limit one of each Pokémon
|rule|Item Clause: Limit 1 of each item
|clearpoke
|poke|p1|Indeedee-F, L50, F|
|poke|p1|Gallade, L50, M|
|poke|p1|Torkoal, L50, F|
|poke|p1|Volcarona, L50, M|
|poke|p1|Armarouge, L50, M|
|poke|p1|Exeggutor, L50, F|
|poke|p2|Porygon2, L50|
|poke|p2|Ursaluna, L50, M|
|poke|p2|Incineroar, L50, F|
|poke|p2|Gholdengo, L50|
|poke|p2|Ribombee, L50, M|
|poke|p2|Annihilape, L50, F|
|teampreview|4
|showteam|p1|Indeedee-F||SafetyGoggles|PsychicSurge|FollowMe,Psychic,HelpingHand,TrickRoom|||F|||50|,,,,,Fairy]Gallade||ClearAmulet|Sharpness|PsychoCut,SacredSword,WideGuard,TrickRoom|||M|||50|,,,,,Steel]Torkoal||Charcoal|Drought|Eruption,WeatherBall,ClearSmog,Protect|||F|||50|,,,,,Fire]Volcarona||CovertCloak|FlameBody|FieryDance,StruggleBug,RagePowder,WillOWisp|||M|||50|,,,,,Dragon]Armarouge||PowerHerb|FlashFire|ArmorCannon,ExpandingForce,MeteorBeam,TrickRoom|||M|||50|,,,,,Grass]Exeggutor||FocusSash|Chlorophyll|TrickRoom,ExpandingForce,EnergyBall,SleepPowder|||F|||50|,,,,,Psychic
|showteam|p2|Porygon2||Eviolite|Download|TeraBlast,IceBeam,Recover,TrickRoom||||||50|,,,,,Fighting]Ursaluna||FlameOrb|Guts|Facade,HeadlongRush,Earthquake,Protect|||M|||50|,,,,,Ghost]Incineroar||AssaultVest|Intimidate|FlareBlitz,KnockOff,Uturn,FakeOut|||F|||50|,,,,,Water]Gholdengo||LifeOrb|GoodasGold|MakeItRain,ShadowBall,NastyPlot,Protect||||||50|,,,,,Water]Ribombee||FocusSash|ShieldDust|Moonblast,PollenPuff,Tailwind,Protect|||M|||50|,,,,,Flying]Annihilape||SafetyGoggles|Defiant|CloseCombat,RageFist,FinalGambit,Protect|||F|||50|,,,,,Water
|inactive|Battle timer is ON: inactive players will automatically lose when time's up. (requested by ryanpowneyissoslay)
|inactive|Trestkon has 60 seconds left.
|inactive|ryanpowneyissoslay has 60 seconds left.
|
|t:|1757775234
|teamsize|p1|4
|teamsize|p2|4
|start
|switch|p1a: Dermezel|Indeedee-F, L50, F|100/100
|switch|p1b: Rockman.EXE|Armarouge, L50, M|100/100
|switch|p2a: Ursaluna|Ursaluna, L50, M|100/100
|switch|p2b: Annihilape|Annihilape, L50, F|100/100
|-fieldstart|move: Psychic Terrain|[from] ability: Psychic Surge|[of] p1a: Dermezel
|turn|1
|inactive|ryanpowneyissoslay has 30 seconds left.
|
|t:|1757775260
|-terastallize|p1b: Rockman.EXE|Grass
|move|p1a: Dermezel|Follow Me|p1a: Dermezel
|-singleturn|p1a: Dermezel|move: Follow Me
|move|p2b: Annihilape|Final Gambit|p1a: Dermezel
|-damage|p1a: Dermezel|0 fnt
|faint|p2b: Annihilape
|faint|p1a: Dermezel
|move|p2a: Ursaluna|Headlong Rush|p1b: Rockman.EXE
|-resisted|p1b: Rockman.EXE
|-damage|p1b: Rockman.EXE|69/100
|-unboost|p2a: Ursaluna|def|1
|-unboost|p2a: Ursaluna|spd|1
|move|p1b: Rockman.EXE|Trick Room|p1b: Rockman.EXE
|-fieldstart|move: Trick Room|[of] p1b: Rockman.EXE
|
|-status|p2a: Ursaluna|brn|[from] item: Flame Orb
|upkeep
|
|t:|1757775283
|switch|p1a: Dr. Love|Torkoal, L50, F|100/100
|switch|p2b: Porygon2|Porygon2, L50|100/100
|-weather|SunnyDay|[from] ability: Drought|[of] p1a: Dr. Love
|-ability|p2b: Porygon2|Download|boost
|-boost|p2b: Porygon2|spa|1
|turn|2
|
|t:|1757775293
|switch|p2a: Incineroar|Incineroar, L50, F|100/100
|-ability|p2a: Incineroar|Intimidate|boost
|-unboost|p1a: Dr. Love|atk|1
|-unboost|p1b: Rockman.EXE|atk|1
|move|p1a: Dr. Love|Eruption|p2a: Incineroar|[spread] p2a,p2b
|-resisted|p2a: Incineroar
|-damage|p2a: Incineroar|73/100
|-damage|p2b: Porygon2|54/100
|move|p1b: Rockman.EXE|Expanding Force|p2b: Porygon2|[spread] p2b
|-immune|p2a: Incineroar
|-damage|p2b: Porygon2|18/100
|move|p2b: Porygon2|Ice Beam|p1b: Rockman.EXE
|-supereffective|p1b: Rockman.EXE
|-damage|p1b: Rockman.EXE|0 fnt
|faint|p1b: Rockman.EXE
|
|-weather|SunnyDay|[upkeep]
|upkeep
|
|t:|1757775306
|switch|p1b: Ronin|Gallade, L50, M|100/100
|turn|3
|
|t:|1757775320
|-terastallize|p2a: Incineroar|Water
|move|p1a: Dr. Love|Eruption|p2a: Incineroar|[spread] p2a,p2b
|-resisted|p2a: Incineroar
|-damage|p2a: Incineroar|48/100
|-damage|p2b: Porygon2|0 fnt
|faint|p2b: Porygon2
|move|p1b: Ronin|Sacred Sword|p2a: Incineroar
|-damage|p2a: Incineroar|0 fnt
|faint|p2a: Incineroar
|
|-weather|SunnyDay|[upkeep]
|upkeep
|
|t:|1757775331
|switch|p2a: Ursaluna|Ursaluna, L50, M|100/100 brn
|turn|4
|
|t:|1757775338
|move|p2a: Ursaluna|Protect|p2a: Ursaluna
|-singleturn|p2a: Ursaluna|Protect
|move|p1a: Dr. Love|Weather Ball|p2a: Ursaluna
|-activate|p2a: Ursaluna|move: Protect
|move|p1b: Ronin|Sacred Sword|p2a: Ursaluna
|-activate|p2a: Ursaluna|move: Protect
|
|-weather|SunnyDay|[upkeep]
|-damage|p2a: Ursaluna|94/100 brn|[from] brn
|upkeep
|turn|5
|
|t:|1757775342
|move|p2a: Ursaluna|Protect||[still]
|-fail|p2a: Ursaluna
|move|p1a: Dr. Love|Weather Ball|p2a: Ursaluna
|-damage|p2a: Ursaluna|25/100 brn
|move|p1b: Ronin|Sacred Sword|p2a: Ursaluna
|-supereffective|p2a: Ursaluna
|-damage|p2a: Ursaluna|0 fnt
|faint|p2a: Ursaluna
|
|win|Trestkon
||ryanpowneyissoslay is ready for game 2.
||Trestkon is ready for game 2.
|uhtml|next|Next: Game 2 of 3
