|j|☆awif34
|j|☆notdoodenberg
|html|awif34notdoodenberg    
|uhtml|bestof|Game 2 of a best-of-3
|t:|1784566748
|gametype|doubles
|player|p1|awif34|1|1093
|player|p2|notdoodenberg|265|1160
|gen|9
|tier|[Gen 9 Champions] VGC 2026 Reg M-B (Bo3)
|rated|
|rule|Species Clause: Limit one of each Pokémon
|rule|Item Clause: Limit 1 of each item
|clearpoke
|poke|p1|Staraptor, L50, M, shiny|
|poke|p1|Grimmsnarl, L50, M|
|poke|p1|Kingambit, L50, M|
|poke|p1|Incineroar, L50, M|
|poke|p1|Scovillain, L50, M|
|poke|p1|Basculegion, L50, M|
|poke|p2|Floette-Eternal, L50, F|
|poke|p2|Delphox, L50, F|
|poke|p2|Sneasler, L50, F|
|poke|p2|Incineroar, L50, F|
|poke|p2|Kingambit, L50, F|
|poke|p2|Sinistcha, L50|
|teampreview|4
|showteam|p1|Staraptor||Staraptite|Intimidate|CloseCombat,BraveBird,Protect,BlazeKick|Jolly||M|||50|]Grimmsnarl||SitrusBerry|Prankster|ThroatChop,PartingShot,ScaryFace,SpiritBreak|Careful||M|||50|]Kingambit||ChopleBerry|Defiant|KowtowCleave,SuckerPunch,IronHead,Protect|Adamant||M|||50|]Incineroar||Charcoal|Intimidate|FlareBlitz,PartingShot,IronHead,FakeOut|Adamant||M|||50|]Scovillain||Scovillainite|Moody|LeechSeed,Flamethrower,RagePowder,Protect|Bold||M|||50|]Basculegion||LifeOrb|Adaptability|Protect,LastRespects,Liquidation,FlipTurn|Jolly||M|||50|
|showteam|p2|Floette-Eternal||Floettite|FlowerVeil|Protect,CalmMind,DazzlingGleam,Moonblast|Timid||F|||50|]Delphox||Delphoxite|Blaze|Protect,NastyPlot,Psychic,HeatWave|Modest||F|||50|]Sneasler||FocusSash|PoisonTouch|FakeOut,PoisonJab,CloseCombat,RockTomb|Jolly||F|||50|]Incineroar||SitrusBerry|Intimidate|FakeOut,ThroatChop,PartingShot,FlareBlitz|Careful||F|||50|]Kingambit||LifeOrb|Defiant|Protect,SwordsDance,SuckerPunch,KowtowCleave|Adamant||F|||50|]Sinistcha||OccaBerry|Hospitality|Protect,TrickRoom,RagePowder,MatchaGotcha|Bold|||||50|
|
|t:|1784566766
|teamsize|p1|4
|teamsize|p2|4
|start
|switch|p1a: Grimmsnarl|Grimmsnarl, L50, M|100/100
|switch|p1b: Staraptor|Staraptor, L50, M, shiny|100/100
|switch|p2a: Delphox|Delphox, L50, F|100/100
|switch|p2b: Sneasler|Sneasler, L50, F|100/100
|-ability|p1b: Staraptor|Intimidate|boost
|-unboost|p2a: Delphox|atk|1
|-unboost|p2b: Sneasler|atk|1
|turn|1
|
|t:|1784566805
|detailschange|p1b: Staraptor|Staraptor-Mega, L50, M, shiny
|-mega|p1b: Staraptor|Staraptor|Staraptite
|detailschange|p2a: Delphox|Delphox-Mega, L50, F
|-mega|p2a: Delphox|Delphox|Delphoxite
|move|p2b: Sneasler|Fake Out|p1b: Staraptor
|-damage|p1b: Staraptor|90/100
|move|p1a: Grimmsnarl|Parting Shot|p1b: Staraptor
|-boost|p1b: Staraptor|atk|1
|-boost|p1b: Staraptor|spa|1
|
|t:|1784566816
|switch|p1a: Incineroar|Incineroar, L50, M|100/100|[from] Parting Shot
|-ability|p1a: Incineroar|Intimidate|boost
|-unboost|p2a: Delphox|atk|1
|-unboost|p2b: Sneasler|atk|1
|cant|p1b: Staraptor|flinch
|move|p2a: Delphox|Nasty Plot|p2a: Delphox
|-boost|p2a: Delphox|spa|2
|
|upkeep
|turn|2
|
|t:|1784566843
|move|p1b: Staraptor|Protect|p1b: Staraptor
|-singleturn|p1b: Staraptor|Protect
|move|p1a: Incineroar|Fake Out|p2a: Delphox
|-damage|p2a: Delphox|81/100
|move|p2b: Sneasler|Poison Jab|p1b: Staraptor
|-activate|p1b: Staraptor|move: Protect
|cant|p2a: Delphox|flinch
|
|upkeep
|turn|3
|
|t:|1784566864
|move|p2b: Sneasler|Poison Jab|p1b: Staraptor
|-damage|p1b: Staraptor|68/100
|-status|p1b: Staraptor|psn
|move|p1b: Staraptor|Close Combat|p2a: Delphox
|-resisted|p2a: Delphox|1
|-damage|p2a: Delphox|24/100
|-boost|p1b: Staraptor|def|1
|-boost|p1b: Staraptor|spd|1
|move|p2a: Delphox|Psychic|p1b: Staraptor
|-supereffective|p1b: Staraptor|1
|-damage|p1b: Staraptor|0 fnt
|faint|p1b: Staraptor
|move|p1a: Incineroar|Parting Shot|p2a: Delphox
|-unboost|p2a: Delphox|atk|1
|-unboost|p2a: Delphox|spa|1
|
|t:|1784566886
|switch|p1a: Grimmsnarl|Grimmsnarl, L50, M|100/100|[from] Parting Shot
|
|upkeep
|
|t:|1784566890
|switch|p1b: Incineroar|Incineroar, L50, M|100/100
|-ability|p1b: Incineroar|Intimidate|boost
|-unboost|p2a: Delphox|atk|1
|-unboost|p2b: Sneasler|atk|1
|turn|4
|
|t:|1784566916
|switch|p2b: Sinistcha|Sinistcha, L50|100/100
|-heal|p2a: Delphox|49/100|[from] ability: Hospitality|[of] p2b: Sinistcha
|move|p2a: Delphox|Protect|p2a: Delphox
|-singleturn|p2a: Delphox|Protect
|move|p1b: Incineroar|Iron Head|p2b: Sinistcha
|-damage|p2b: Sinistcha|76/100
|move|p1a: Grimmsnarl|Throat Chop|p2a: Delphox
|-activate|p2a: Delphox|move: Protect
|
|upkeep
|turn|5
|
|t:|1784566939
|switch|p2b: Incineroar|Incineroar, L50, F|100/100
|-ability|p2b: Incineroar|Intimidate|boost
|-unboost|p1a: Grimmsnarl|atk|1
|-unboost|p1b: Incineroar|atk|1
|move|p2a: Delphox|Heat Wave|p1a: Grimmsnarl|[spread] p1a,p1b
|-resisted|p1b: Incineroar|1
|-damage|p1a: Grimmsnarl|53/100
|-damage|p1b: Incineroar|70/100
|move|p1a: Grimmsnarl|Throat Chop|p2a: Delphox
|-supereffective|p2a: Delphox|1
|-damage|p2a: Delphox|0 fnt
|faint|p2a: Delphox
|move|p1b: Incineroar|Flare Blitz|p2b: Incineroar
|-resisted|p2b: Incineroar|1
|-damage|p2b: Incineroar|80/100
|-damage|p1b: Incineroar|64/100|[from] Recoil
|
|upkeep
|
|t:|1784566951
|switch|p2a: Sneasler|Sneasler, L50, F|100/100
|turn|6
|
|t:|1784566987
|move|p1a: Grimmsnarl|Parting Shot|p2a: Sneasler
|-unboost|p2a: Sneasler|atk|1
|-unboost|p2a: Sneasler|spa|1
|
|t:|1784566995
|switch|p1a: Basculegion|Basculegion, L50, M|100/100|[from] Parting Shot
|move|p2a: Sneasler|Poison Jab|p1a: Basculegion
|-resisted|p1a: Basculegion|1
|-damage|p1a: Basculegion|80/100
|move|p2b: Incineroar|Parting Shot|p1b: Incineroar
|-unboost|p1b: Incineroar|atk|1
|-unboost|p1b: Incineroar|spa|1
|
|t:|1784567003
|switch|p2b: Sinistcha|Sinistcha, L50|76/100|[from] Parting Shot
|move|p1b: Incineroar|Flare Blitz|p2a: Sneasler
|-damage|p2a: Sneasler|29/100
|-damage|p1b: Incineroar|46/100|[from] Recoil
|
|upkeep
|turn|7
|
|t:|1784567031
|move|p2a: Sneasler|Rock Tomb|p1a: Basculegion|[miss]
|-miss|p2a: Sneasler|p1a: Basculegion
|move|p1a: Basculegion|Last Respects|p2b: Sinistcha
|-supereffective|p2b: Sinistcha|1
|-damage|p2b: Sinistcha|0 fnt
|faint|p2b: Sinistcha
|-damage|p1a: Basculegion|71/100|[from] item: Life Orb
|move|p1b: Incineroar|Iron Head|p2a: Sneasler
|-damage|p2a: Sneasler|3/100
|
|upkeep
|
|t:|1784567038
|switch|p2b: Incineroar|Incineroar, L50, F|80/100
|-ability|p2b: Incineroar|Intimidate|boost
|-unboost|p1a: Basculegion|atk|1
|-unboost|p1b: Incineroar|atk|1
|turn|8
|
|t:|1784567053
|move|p2a: Sneasler|Close Combat|p1b: Incineroar
|-supereffective|p1b: Incineroar|1
|-damage|p1b: Incineroar|0 fnt
|-unboost|p2a: Sneasler|def|1
|-unboost|p2a: Sneasler|spd|1
|faint|p1b: Incineroar
|move|p1a: Basculegion|Flip Turn|p2b: Incineroar
|-supereffective|p2b: Incineroar|1
|-damage|p2b: Incineroar|23/100
|-enditem|p2b: Incineroar|Sitrus Berry|[eat]
|-heal|p2b: Incineroar|48/100|[from] item: Sitrus Berry
|-damage|p1a: Basculegion|61/100|[from] item: Life Orb
|
|t:|1784567064
|switch|p1a: Grimmsnarl|Grimmsnarl, L50, M|53/100|[from] Flip Turn
|move|p2b: Incineroar|Throat Chop|p1a: Grimmsnarl
|-resisted|p1a: Grimmsnarl|2
|-damage|p1a: Grimmsnarl|43/100
|-start|p1a: Grimmsnarl|Throat Chop|[silent]
|-enditem|p1a: Grimmsnarl|Sitrus Berry|[eat]
|-heal|p1a: Grimmsnarl|68/100|[from] item: Sitrus Berry
|
|upkeep
|
|t:|1784567068
|switch|p1b: Basculegion|Basculegion, L50, M|61/100
|turn|9
|
|t:|1784567093
|move|p2a: Sneasler|Poison Jab|p1a: Grimmsnarl
|-supereffective|p1a: Grimmsnarl|1
|-damage|p1a: Grimmsnarl|0 fnt
|faint|p1a: Grimmsnarl
|move|p1b: Basculegion|Liquidation|p2b: Incineroar
|-supereffective|p2b: Incineroar|1
|-damage|p2b: Incineroar|0 fnt
|faint|p2b: Incineroar
|-damage|p1b: Basculegion|51/100|[from] item: Life Orb
|
|upkeep
|turn|10
|
|t:|1784567105
|move|p2a: Sneasler|Poison Jab|p1b: Basculegion
|-resisted|p1b: Basculegion|1
|-damage|p1b: Basculegion|32/100
|move|p1b: Basculegion|Liquidation|p2a: Sneasler
|-damage|p2a: Sneasler|0 fnt
|faint|p2a: Sneasler
|-damage|p1b: Basculegion|22/100|[from] item: Life Orb
|
|win|awif34
