|j|☆x-demon18
|j|☆Gastrosophilipp
|html|x-demon18Gastrosophilipp    
|uhtml|bestof|Game 3 of a best-of-3
|t:|1785232394
|gametype|doubles
|player|p1|x-demon18|pokefan-gen4|1129
|player|p2|Gastrosophilipp|juan|1180
|gen|9
|tier|[Gen 9 Champions] VGC 2026 Reg M-B (Bo3)
|rated|
|rule|Species Clause: Limit one of each Pokémon
|rule|Item Clause: Limit 1 of each item
|clearpoke
|poke|p1|Incineroar, L50, M|
|poke|p1|Rotom-Wash, L50|
|poke|p1|Venusaur, L50, M|
|poke|p1|Corviknight, L50, F|
|poke|p1|Sylveon, L50, F|
|poke|p1|Garchomp, L50, M|
|poke|p2|Arcanine-Hisui, L50, M|
|poke|p2|Staraptor, L50, M|
|poke|p2|Farigiraf, L50, F|
|poke|p2|Sylveon, L50, F|
|poke|p2|Kingambit, L50, M, shiny|
|poke|p2|Raichu, L50, M|
|teampreview|4
|showteam|p1|Incineroar||ExpertBelt|Intimidate|FakeOut,TemperFlare,ThroatChop,PartingShot|Adamant||M|||50|]Rotom-Wash||RindoBerry|Levitate|HydroPump,Electroweb,WillOWisp,VoltSwitch|Modest|||||50|]Venusaur||Venusaurite|Chlorophyll|GigaDrain,SludgeBomb,EarthPower,Protect|Modest||M|||50|]Corviknight||OccaBerry|MirrorArmor|Tailwind,DualWingbeat,IronHead,BodyPress|Adamant||F|||50|]Sylveon||FairyFeather|Pixilate|HyperVoice,QuickAttack,Yawn,Detect|Modest||F|||50|]Garchomp||LifeOrb|RoughSkin|RockSlide,DragonClaw,StompingTantrum,Protect|Jolly||M|||50|
|showteam|p2|Arcanine-Hisui||FocusSash|RockHead|Protect,ExtremeSpeed,HeadSmash,FlareBlitz|Jolly||M|||50|]Staraptor||Staraptite|Intimidate|Protect,Tailwind,CloseCombat,DualWingbeat|Jolly||M|||50|]Farigiraf||SitrusBerry|ArmorTail|Protect,Psychic,TrickRoom,HelpingHand|Calm||F|||50|]Sylveon||FairyFeather|Pixilate|Protect,HyperBeam,HyperVoice,QuickAttack|Modest||F|||50|]Kingambit||LifeOrb|Defiant|Protect,KowtowCleave,SwordsDance,SuckerPunch|Adamant||M|||50|]Raichu||RaichuniteY|LightningRod|Protect,ZapCannon,FakeOut,FocusBlast|Timid||M|||50|
|inactive|Battle timer is ON: inactive players will automatically lose when time's up. (requested by Gastrosophilipp)
|inactive|Gastrosophilipp has 60 seconds left.
|inactive|Gastrosophilipp has 30 seconds left.
|inactive|Gastrosophilipp has 20 seconds left.
|inactive|Gastrosophilipp has 15 seconds left.
|inactive|Gastrosophilipp has 10 seconds left.
|
|t:|1785232476
|teamsize|p1|4
|teamsize|p2|4
|start
|switch|p1a: HydroVolt|Rotom-Wash, L50|100/100
|switch|p1b: Yggdrasil|Venusaur, L50, M|100/100
|switch|p2a: Sylveon|Sylveon, L50, F|100/100
|switch|p2b: Staraptor|Staraptor, L50, M|100/100
|-ability|p2b: Staraptor|Intimidate|boost
|-unboost|p1a: HydroVolt|atk|1
|-unboost|p1b: Yggdrasil|atk|1
|turn|1
|inactive|Gastrosophilipp has 30 seconds left.
|inactive|x-demon18 has 30 seconds left.
|inactive|Gastrosophilipp has 20 seconds left.
|inactive|Gastrosophilipp has 15 seconds left.
|
|t:|1785232518
|switch|p2a: Farigiraf|Farigiraf, L50, F|100/100
|detailschange|p2b: Staraptor|Staraptor-Mega, L50, M
|-mega|p2b: Staraptor|Staraptor|Staraptite
|detailschange|p1b: Yggdrasil|Venusaur-Mega, L50, M
|-mega|p1b: Yggdrasil|Venusaur|Venusaurite
|move|p2b: Staraptor|Protect|p2b: Staraptor
|-singleturn|p2b: Staraptor|Protect
|move|p1b: Yggdrasil|Sludge Bomb|p2a: Farigiraf
|-damage|p2a: Farigiraf|60/100
|-status|p2a: Farigiraf|psn
|move|p1a: HydroVolt|Will-O-Wisp|p2b: Staraptor
|-activate|p2b: Staraptor|move: Protect
|
|-damage|p2a: Farigiraf|48/100 psn|[from] psn
|upkeep
|-enditem|p2a: Farigiraf|Sitrus Berry|[eat]
|-heal|p2a: Farigiraf|72/100 psn|[from] item: Sitrus Berry
|turn|2
|inactive|x-demon18 has 30 seconds left.
|inactive|Gastrosophilipp has 30 seconds left.
|inactive|x-demon18 has 20 seconds left.
|inactive|Gastrosophilipp has 20 seconds left.
|
|t:|1785232556
|move|p2a: Farigiraf|Helping Hand|p2b: Staraptor
|-singleturn|p2b: Staraptor|Helping Hand|[of] p2a: Farigiraf
|move|p1b: Yggdrasil|Protect|p1b: Yggdrasil
|-singleturn|p1b: Yggdrasil|Protect
|move|p2b: Staraptor|Close Combat|p1a: HydroVolt
|-damage|p1a: HydroVolt|6/100
|-boost|p2b: Staraptor|def|1
|-boost|p2b: Staraptor|spd|1
|move|p1a: HydroVolt|Volt Switch|p2b: Staraptor
|-supereffective|p2b: Staraptor|1
|-damage|p2b: Staraptor|47/100
|
|t:|1785232568
|switch|p1a: Frieren|Sylveon, L50, F|100/100|[from] Volt Switch
|
|-damage|p2a: Farigiraf|60/100 psn|[from] psn
|upkeep
|turn|3
|inactive|Gastrosophilipp has 30 seconds left.
|inactive|Gastrosophilipp has 20 seconds left.
|l|☆x-demon18
|inactive|x-demon18 disconnected and has a minute to reconnect!
|player|p1|
|inactive|Gastrosophilipp has 15 seconds left.
|inactive|Gastrosophilipp has 10 seconds left.
|
|t:|1785232615
|switch|p1b: HydroVolt|Rotom-Wash, L50|6/100
|move|p2b: Staraptor|Protect|p2b: Staraptor
|-singleturn|p2b: Staraptor|Protect
|move|p1a: Frieren|Hyper Voice|p2b: Staraptor|[spread] p2a
|-activate|p2b: Staraptor|move: Protect
|-damage|p2a: Farigiraf|23/100 psn
|move|p2a: Farigiraf|Psychic|p1a: Frieren
|-damage|p1a: Frieren|75/100
|
|-damage|p2a: Farigiraf|11/100 psn|[from] psn
|upkeep
|turn|4
|j|☆x-demon18
|inactive|x-demon18 reconnected and has 45 seconds left.
|player|p1|x-demon18|pokefan-gen4|
|inactive|Gastrosophilipp has 30 seconds left.
|inactive|Gastrosophilipp has 20 seconds left.
|inactive|Gastrosophilipp has 15 seconds left.
|
|t:|1785232657
|move|p2a: Farigiraf|Helping Hand|p2b: Staraptor
|-singleturn|p2b: Staraptor|Helping Hand|[of] p2a: Farigiraf
|move|p2b: Staraptor|Dual Wingbeat|p1a: Frieren
|-damage|p1a: Frieren|42/100
|-damage|p1a: Frieren|7/100
|-hitcount|p1a: Frieren|2
|move|p1b: HydroVolt|Volt Switch|p2b: Staraptor
|-supereffective|p2b: Staraptor|1
|-crit|p2b: Staraptor
|-damage|p2b: Staraptor|0 fnt
|faint|p2b: Staraptor
|
|t:|1785232670
|switch|p1b: Yggdrasil|Venusaur-Mega, L50, M|100/100|[from] Volt Switch
|move|p1a: Frieren|Hyper Voice|p2a: Farigiraf
|-damage|p2a: Farigiraf|0 fnt
|faint|p2a: Farigiraf
|
|upkeep
|
|t:|1785232679
|switch|p2b: Sylveon|Sylveon, L50, F|100/100
|switch|p2a: Arcanine|Arcanine-Hisui, L50, M|100/100
|turn|5
|
|t:|1785232705
|switch|p1b: HydroVolt|Rotom-Wash, L50|6/100
|move|p1a: Frieren|Quick Attack|p2a: Arcanine
|-resisted|p2a: Arcanine|1
|-damage|p2a: Arcanine|91/100
|move|p2a: Arcanine|Flare Blitz|p1b: HydroVolt
|-resisted|p1b: HydroVolt|1
|-damage|p1b: HydroVolt|0 fnt
|faint|p1b: HydroVolt
|move|p2b: Sylveon|Hyper Voice|p1a: Frieren
|-damage|p1a: Frieren|0 fnt
|faint|p1a: Frieren
|
|upkeep
|
|t:|1785232720
|switch|p1b: Yggdrasil|Venusaur-Mega, L50, M|100/100
|switch|p1a: Berserk|Garchomp, L50, M|100/100
|turn|6
|inactive|Gastrosophilipp has 30 seconds left.
|inactive|Gastrosophilipp has 20 seconds left.
|
|t:|1785232760
|move|p2a: Arcanine|Protect|p2a: Arcanine
|-singleturn|p2a: Arcanine|Protect
|move|p1a: Berserk|Stomping Tantrum|p2a: Arcanine
|-activate|p2a: Arcanine|move: Protect
|move|p1b: Yggdrasil|Sludge Bomb|p2b: Sylveon
|-supereffective|p2b: Sylveon|1
|-damage|p2b: Sylveon|28/100
|move|p2b: Sylveon|Hyper Voice|p1a: Berserk|[spread] p1a,p1b
|-supereffective|p1a: Berserk|1
|-resisted|p1b: Yggdrasil|1
|-damage|p1a: Berserk|7/100
|-damage|p1b: Yggdrasil|80/100
|
|upkeep
|turn|7
|
|t:|1785232778
|move|p1a: Berserk|Protect|p1a: Berserk
|-singleturn|p1a: Berserk|Protect
|move|p2b: Sylveon|Quick Attack|p1a: Berserk
|-activate|p1a: Berserk|move: Protect
|move|p2a: Arcanine|Flare Blitz|p1b: Yggdrasil
|-supereffective|p1b: Yggdrasil|1
|-damage|p1b: Yggdrasil|34/100
|move|p1b: Yggdrasil|Earth Power|p2a: Arcanine
|-supereffective|p2a: Arcanine|2
|-damage|p2a: Arcanine|0 fnt
|faint|p2a: Arcanine
|
|upkeep
|turn|8
|inactive|Gastrosophilipp has 30 seconds left.
|inactive|Gastrosophilipp has 20 seconds left.
|inactive|Gastrosophilipp has 15 seconds left.
|inactive|Gastrosophilipp has 10 seconds left.
|
|t:|1785232828
|move|p2b: Sylveon|Quick Attack|p1a: Berserk
|-supereffective|p1a: Berserk|1
|-damage|p1a: Berserk|0 fnt
|-damage|p2b: Sylveon|16/100|[from] ability: Rough Skin|[of] p1a: Berserk
|faint|p1a: Berserk
|move|p1b: Yggdrasil|Sludge Bomb|p2b: Sylveon
|-supereffective|p2b: Sylveon|1
|-damage|p2b: Sylveon|0 fnt
|faint|p2b: Sylveon
|
|win|x-demon18
|raw|x-demon18's rating: 1129 → 1158(+29 for winning)
|raw|Gastrosophilipp's rating: 1180 → 1151(-29 for losing)
