|j|☆LookBackInBanger
|j|☆vgc_eon
|html|LookBackInBangervgc_eon    
|uhtml|bestof|Game 1 of a best-of-3
|t:|1756221210
|gametype|doubles
|player|p1|LookBackInBanger|roxie|1082
|player|p2|vgc_eon|green|1157
|gen|9
|tier|[Gen 9] VGC 2025 Reg H (Bo3)
|rated|
|rule|Species Clause: Limit one of each Pokémon
|rule|Item Clause: Limit 1 of each item
|clearpoke
|poke|p1|Dragonite, L50, M|
|poke|p1|Electabuzz, L50, M|
|poke|p1|Indeedee, L50, M|
|poke|p1|Sneasler, L50, M|
|poke|p1|Talonflame, L50, F|
|poke|p1|Ursaluna-Bloodmoon, L50, M|
|poke|p2|Sneasler, L50, M|
|poke|p2|Gholdengo, L50|
|poke|p2|Dondozo, L50, F|
|poke|p2|Rillaboom, L50, M|
|poke|p2|Volcarona, L50, M|
|poke|p2|Electabuzz, L50, F|
|teampreview|4
|showteam|p1|Dragonite||LoadedDice|Multiscale|ScaleShot,StompingTantrum,Haze,Protect|||M|||50|,,,,,Fairy]Electabuzz||Eviolite|VitalSpirit|Electroweb,FollowMe,Taunt,Protect|||M|||50|,,,,,Dragon]Indeedee||FocusSash|PsychicSurge|ExpandingForce,HelpingHand,TrickRoom,Imprison|||M|||50|,,,,,Psychic]Sneasler||PsychicSeed|Unburden|DireClaw,CloseCombat,ThroatChop,Protect|||M|||50|,,,,,Stellar]Talonflame||CovertCloak|GaleWings|FlareBlitz,DualWingbeat,WillOWisp,Tailwind|||F|||50|,,,,,Stellar]Ursaluna-Bloodmoon||LifeOrb|MindsEye|BloodMoon,HyperVoice,EarthPower,Protect|||M|||50|,,,,,Normal
|showteam|p2|Sneasler||FocusSash|PoisonTouch|FakeOut,DireClaw,CloseCombat,Protect|||M|||50|,,,,,Dark]Gholdengo||LifeOrb|GoodasGold|MakeItRain,ShadowBall,NastyPlot,Protect||||||50|,,,,,Dragon]Dondozo||Leftovers|Unaware|WaveCrash,Yawn,Fissure,Protect|||F|||50|,,,,,Poison]Rillaboom||AssaultVest|GrassySurge|FakeOut,WoodHammer,GrassyGlide,Uturn|||M|||50|,,,,,Fire]Volcarona||CovertCloak|FlameBody|HeatWave,QuiverDance,TeraBlast,Protect|||M|||50|,,,,,Fairy]Electabuzz||Eviolite|VitalSpirit|Thunderbolt,FollowMe,Taunt,Protect|||F|||50|,,,,,Ghost
|
|t:|1756221274
|teamsize|p1|4
|teamsize|p2|4
|start
|switch|p1a: Sneasler|Sneasler, L50, M|100/100
|switch|p1b: Talonflame|Talonflame, L50, F, shiny|100/100
|switch|p2a: Rillaboom|Rillaboom, L50, M|100/100
|switch|p2b: Gholdengo|Gholdengo, L50|100/100
|-fieldstart|move: Grassy Terrain|[from] ability: Grassy Surge|[of] p2a: Rillaboom
|turn|1
|
|t:|1756221322
|switch|p2a: Dondozo|Dondozo, L50, F|100/100
|-terastallize|p2b: Gholdengo|Dragon
|move|p1a: Sneasler|Protect|p1a: Sneasler
|-singleturn|p1a: Sneasler|Protect
|move|p1b: Talonflame|Tailwind|p1b: Talonflame
|-sidestart|p1: LookBackInBanger|move: Tailwind
|move|p2b: Gholdengo|Shadow Ball|p1a: Sneasler
|-activate|p1a: Sneasler|move: Protect
|
|upkeep
|turn|2
|inactive|Battle timer is ON: inactive players will automatically lose when time's up. (requested by vgc_eon)
|
|t:|1756221379
|switch|p1b: Indeedee|Indeedee, L50, M|100/100
|-fieldstart|move: Psychic Terrain|[from] ability: Psychic Surge|[of] p1b: Indeedee
|-enditem|p1a: Sneasler|Psychic Seed
|-boost|p1a: Sneasler|spd|1|[from] item: Psychic Seed
|move|p1a: Sneasler|Dire Claw|p2b: Gholdengo
|-damage|p2b: Gholdengo|49/100
|-status|p2b: Gholdengo|par
|move|p2b: Gholdengo|Make It Rain|p1a: Sneasler|[spread] p1a,p1b
|-damage|p1a: Sneasler|40/100
|-damage|p1b: Indeedee|6/100
|-unboost|p2b: Gholdengo|spa|1
|-damage|p2b: Gholdengo|39/100 par|[from] item: Life Orb
|move|p2a: Dondozo|Yawn|p1a: Sneasler
|-start|p1a: Sneasler|move: Yawn|[of] p2a: Dondozo
|
|upkeep
|turn|3
|inactive|LookBackInBanger has 30 seconds left.
|inactive|LookBackInBanger has 20 seconds left.
|inactive|LookBackInBanger has 15 seconds left.
|
|t:|1756221424
|switch|p1a: Ursaluna|Ursaluna-Bloodmoon, L50, M|100/100
|move|p1b: Indeedee|Expanding Force|p2a: Dondozo|[spread] p2a,p2b
|-damage|p2a: Dondozo|57/100
|-damage|p2b: Gholdengo|0 fnt
|faint|p2b: Gholdengo
|move|p2a: Dondozo|Wave Crash|p1a: Ursaluna
|-supereffective|p1a: Ursaluna
|-damage|p1a: Ursaluna|27/100
|-damage|p2a: Dondozo|38/100|[from] Recoil
|
|-heal|p2a: Dondozo|44/100|[from] item: Leftovers
|upkeep
|
|t:|1756221429
|switch|p2b: Rillaboom|Rillaboom, L50, M|100/100
|-fieldstart|move: Grassy Terrain|[from] ability: Grassy Surge|[of] p2b: Rillaboom
|turn|4
|inactive|LookBackInBanger has 30 seconds left.
|
|t:|1756221455
|switch|p1b: Talonflame|Talonflame, L50, F, shiny|100/100
|move|p1a: Ursaluna|Protect|p1a: Ursaluna
|-singleturn|p1a: Ursaluna|Protect
|move|p2b: Rillaboom|Grassy Glide|p1a: Ursaluna
|-activate|p1a: Ursaluna|move: Protect
|move|p2a: Dondozo|Yawn|p1b: Talonflame
|-start|p1b: Talonflame|move: Yawn|[of] p2a: Dondozo
|
|-heal|p1a: Ursaluna|33/100|[from] Grassy Terrain
|-heal|p2a: Dondozo|50/100|[from] Grassy Terrain
|-heal|p2a: Dondozo|56/100|[from] item: Leftovers
|-sideend|p1: LookBackInBanger|move: Tailwind
|upkeep
|turn|5
|inactive|LookBackInBanger has 30 seconds left.
|inactive|vgc_eon has 30 seconds left.
|inactive|LookBackInBanger has 20 seconds left.
|inactive|LookBackInBanger has 15 seconds left.
|inactive|LookBackInBanger has 10 seconds left.
|
|t:|1756221501
|-terastallize|p1a: Ursaluna|Normal
|move|p1b: Talonflame|Tailwind|p1b: Talonflame
|-sidestart|p1: LookBackInBanger|move: Tailwind
|move|p1a: Ursaluna|Hyper Voice|p2a: Dondozo|[spread] p2a,p2b
|-damage|p2a: Dondozo|6/100
|-damage|p2b: Rillaboom|44/100
|-damage|p1a: Ursaluna|23/100|[from] item: Life Orb
|move|p2b: Rillaboom|Wood Hammer|p1a: Ursaluna
|-damage|p1a: Ursaluna|0 fnt
|faint|p1a: Ursaluna
|-damage|p2b: Rillaboom|37/100|[from] Recoil
|move|p2a: Dondozo|Wave Crash|p1b: Talonflame
|-supereffective|p1b: Talonflame
|-damage|p1b: Talonflame|0 fnt
|faint|p1b: Talonflame
|-damage|p2a: Dondozo|0 fnt|[from] Recoil
|faint|p2a: Dondozo
|
|-heal|p2b: Rillaboom|43/100|[from] Grassy Terrain
|upkeep
|-message|vgc_eon forfeited.
|
|win|LookBackInBanger
||vgc_eon is ready for game 2.
||LookBackInBanger is ready for game 2.
|uhtml|next|Next: Game 2 of 3
|l|☆vgc_eon
|player|p2|
