|j|☆Sizzle & Kirk
|j|☆Parid08
|html|Sizzle & KirkParid08    
|uhtml|bestof|Game 2 of a best-of-3
|t:|1785413683
|gametype|doubles
|player|p1|Sizzle & Kirk|102|1191
|player|p2|Parid08|lucas|1126
|gen|9
|tier|[Gen 9 Champions] VGC 2026 Reg M-B (Bo3)
|rated|
|rule|Species Clause: Limit one of each Pokémon
|rule|Item Clause: Limit 1 of each item
|clearpoke
|poke|p1|Mawile, L50, M|
|poke|p1|Farigiraf, L50, M|
|poke|p1|Incineroar, L50, F|
|poke|p1|Tyranitar, L50, F|
|poke|p1|Milotic, L50, M|
|poke|p1|Excadrill, L50, M|
|poke|p2|Kingambit, L50, F|
|poke|p2|Whimsicott, L50, F|
|poke|p2|Basculegion, L50, M|
|poke|p2|Garchomp, L50, F|
|poke|p2|Charizard, L50, M|
|poke|p2|Floette-Eternal, L50, F|
|teampreview|4
|showteam|p1|Mawile||Mawilite|Intimidate|PlayRough,SuckerPunch,SwordsDance,Protect|Adamant||M|||50|]Farigiraf||ColburBerry|ArmorTail|Psyshock,Thunderbolt,TrickRoom,Protect|Sassy||M|||50|]Incineroar||SitrusBerry|Intimidate|FakeOut,FlareBlitz,PartingShot,WillOWisp|Careful||F|||50|]Tyranitar||Tyranitarite|SandStream|RockSlide,KnockOff,Taunt,Protect|Adamant||F|||50|]Milotic||Leftovers|Competitive|Scald,Recover,Coil,Hypnosis|Bold||M|||50|]Excadrill||LifeOrb|SandRush|HighHorsepower,IronHead,RockSlide,Protect|Adamant||M|||50|
|showteam|p2|Kingambit||BlackGlasses|Defiant|KowtowCleave,SuckerPunch,LowKick,Protect|Adamant||F|||50|]Whimsicott||FocusSash|Prankster|Moonblast,Tailwind,Encore,Protect|Timid||F|||50|]Basculegion||MysticWater|Adaptability|WaveCrash,LastRespects,AquaJet,Protect|Adamant||M|||50|]Garchomp||LifeOrb|RoughSkin|DragonClaw,RockSlide,Earthquake,Protect|Jolly||F|||50|]Charizard||CharizarditeY|Blaze|WeatherBall,HeatWave,SolarBeam,Protect|Modest||M|||50|]Floette-Eternal||Floettite|FlowerVeil|Moonblast,DazzlingGleam,LightofRuin,Protect|Timid||F|||50|
|inactive|Battle timer is ON: inactive players will automatically lose when time's up. (requested by Parid08)
|inactive|Parid08 has 60 seconds left.
|
|t:|1785413721
|teamsize|p1|4
|teamsize|p2|4
|start
|switch|p1a: Incineroar|Incineroar, L50, F|100/100
|switch|p1b: Mawile|Mawile, L50, M|100/100
|switch|p2a: Kingambit|Kingambit, L50, F|100/100
|switch|p2b: Basculegion|Basculegion, L50, M|100/100
|-ability|p1a: Incineroar|Intimidate|boost
|-unboost|p2a: Kingambit|atk|1
|-ability|p2a: Kingambit|Defiant|boost
|-boost|p2a: Kingambit|atk|2
|-unboost|p2b: Basculegion|atk|1
|-ability|p1b: Mawile|Intimidate|boost
|-unboost|p2a: Kingambit|atk|1
|-ability|p2a: Kingambit|Defiant|boost
|-boost|p2a: Kingambit|atk|2
|-unboost|p2b: Basculegion|atk|1
|turn|1
|
|t:|1785413743
|detailschange|p1b: Mawile|Mawile-Mega, L50, M
|-mega|p1b: Mawile|Mawile|Mawilite
|move|p2b: Basculegion|Protect|p2b: Basculegion
|-singleturn|p2b: Basculegion|Protect
|move|p1a: Incineroar|Fake Out|p2a: Kingambit
|-resisted|p2a: Kingambit|1
|-damage|p2a: Kingambit|96/100
|move|p1b: Mawile|Sucker Punch||[still]
|-fail|p1b: Mawile
|cant|p2a: Kingambit|flinch
|
|upkeep
|turn|2
|inactive|Sizzle & Kirk has 30 seconds left.
|
|t:|1785413769
|move|p1b: Mawile|Protect|p1b: Mawile
|-singleturn|p1b: Mawile|Protect
|move|p2b: Basculegion|Aqua Jet|p1a: Incineroar
|-supereffective|p1a: Incineroar|1
|-damage|p1a: Incineroar|70/100
|move|p2a: Kingambit|Sucker Punch||[still]
|-fail|p2a: Kingambit
|move|p1a: Incineroar|Will-O-Wisp|p2a: Kingambit
|-status|p2a: Kingambit|brn
|
|-damage|p2a: Kingambit|90/100 brn|[from] brn
|upkeep
|turn|3
|
|t:|1785413787
|switch|p1a: Milotic|Milotic, L50, M|100/100
|move|p2b: Basculegion|Aqua Jet|p1b: Mawile
|-damage|p1b: Mawile|84/100
|move|p1b: Mawile|Swords Dance|p1b: Mawile
|-boost|p1b: Mawile|atk|2
|move|p2a: Kingambit|Low Kick|p1a: Milotic
|-damage|p1a: Milotic|70/100
|
|-heal|p1a: Milotic|76/100|[from] item: Leftovers
|-damage|p2a: Kingambit|84/100 brn|[from] brn
|upkeep
|turn|4
|
|t:|1785413808
|move|p2b: Basculegion|Aqua Jet|p1a: Milotic
|-resisted|p1a: Milotic|1
|-damage|p1a: Milotic|69/100
|move|p1a: Milotic|Coil|p1a: Milotic
|-boost|p1a: Milotic|atk|1
|-boost|p1a: Milotic|def|1
|-boost|p1a: Milotic|accuracy|1
|move|p2a: Kingambit|Kowtow Cleave|p1a: Milotic
|-damage|p1a: Milotic|38/100
|move|p1b: Mawile|Play Rough|p2a: Kingambit
|-damage|p2a: Kingambit|0 fnt
|faint|p2a: Kingambit
|
|-heal|p1a: Milotic|44/100|[from] item: Leftovers
|upkeep
|
|t:|1785413821
|switch|p2a: Floette|Floette-Eternal, L50, F|100/100
|turn|5
|
|t:|1785413834
|detailschange|p2a: Floette|Floette-Mega, L50, F
|-mega|p2a: Floette|Floette|Floettite
|-ability|p2a: Floette|Fairy Aura
|move|p2b: Basculegion|Aqua Jet|p1a: Milotic
|-resisted|p1a: Milotic|1
|-damage|p1a: Milotic|40/100
|move|p1b: Mawile|Sucker Punch||[still]
|-fail|p1b: Mawile
|move|p2a: Floette|Light of Ruin|p1b: Mawile
|-resisted|p1b: Mawile|1
|-damage|p1b: Mawile|21/100
|-damage|p2a: Floette|66/100|[from] Recoil
|move|p1a: Milotic|Recover|p1a: Milotic
|-heal|p1a: Milotic|90/100
|
|-heal|p1a: Milotic|96/100|[from] item: Leftovers
|upkeep
|turn|6
|
|t:|1785413852
|move|p1b: Mawile|Protect|p1b: Mawile
|-singleturn|p1b: Mawile|Protect
|move|p2b: Basculegion|Aqua Jet|p1a: Milotic
|-resisted|p1a: Milotic|1
|-damage|p1a: Milotic|92/100
|move|p2a: Floette|Dazzling Gleam|p1a: Milotic|[spread] p1a
|-activate|p1b: Mawile|move: Protect
|-damage|p1a: Milotic|55/100
|move|p1a: Milotic|Hypnosis|p2a: Floette
|-status|p2a: Floette|slp|[from] move: Hypnosis
|
|-heal|p1a: Milotic|61/100|[from] item: Leftovers
|upkeep
|turn|7
|
|t:|1785413870
|cant|p2a: Floette|slp
|move|p2b: Basculegion|Wave Crash|p1b: Mawile
|-crit|p1b: Mawile
|-damage|p1b: Mawile|0 fnt
|faint|p1b: Mawile
|-damage|p2b: Basculegion|94/100|[from] Recoil
|move|p1a: Milotic|Hypnosis|p2b: Basculegion
|-status|p2b: Basculegion|slp|[from] move: Hypnosis
|
|-heal|p1a: Milotic|67/100|[from] item: Leftovers
|upkeep
|
|t:|1785413876
|switch|p1b: Incineroar|Incineroar, L50, F|70/100
|-ability|p1b: Incineroar|Intimidate|boost
|-unboost|p2a: Floette|atk|1
|-unboost|p2b: Basculegion|atk|1
|turn|8
|-message|Sizzle & Kirk forfeited.
|
|win|Parid08
|l|☆Sizzle & Kirk
|player|p1|
|raw|Sizzle & Kirk's rating: 1191 → 1161(-30 for losing)
|raw|Parid08's rating: 1126 → 1156(+30 for winning)
