|j|☆damage77
|j|☆Ribombees believer
|html|damage77Ribombees believer    
|uhtml|bestof|Game 3 of a best-of-3
|t:|1755963470
|gametype|doubles
|player|p1|damage77|flint|1189
|player|p2|Ribombees believer|skier|1283
|gen|9
|tier|[Gen 9] VGC 2025 Reg H (Bo3)
|rated|
|rule|Species Clause: Limit one of each Pokémon
|rule|Item Clause: Limit 1 of each item
|clearpoke
|poke|p1|Sneasler, L50, F|
|poke|p1|Baxcalibur, L50, M|
|poke|p1|Rillaboom, L50, F|
|poke|p1|Basculegion, L50, M|
|poke|p1|Volcarona, L50, M|
|poke|p1|Kingambit, L50, M|
|poke|p2|Dondozo, L50, M|
|poke|p2|Tatsugiri, L50, F|
|poke|p2|Indeedee, L50, M|
|poke|p2|Dragapult, L50, M|
|poke|p2|Hydreigon, L50, M|
|poke|p2|Ribombee, L50, F|
|teampreview|4
|showteam|p1|Sneasler||FocusSash|Unburden|CloseCombat,DireClaw,Coaching,FakeOut|||F|||50|,,,,,Stellar]Baxcalibur||LoadedDice|ThermalExchange|IcicleSpear,ScaleShot,IceShard,Protect|||M|||50|,,,,,Ghost]Rillaboom||MiracleSeed|GrassySurge|WoodHammer,GrassyGlide,Taunt,FakeOut|||F|||50|,,,,,Fire]Basculegion||ChoiceScarf|Adaptability|WaveCrash,FlipTurn,LastRespects,TeraBlast|||M|||50|,,,,,Fairy]Volcarona||CovertCloak|FlameBody|HeatWave,TeraBlast,QuiverDance,Protect|||M|||50|,,,,,Fairy]Kingambit||AssaultVest|Defiant|KowtowCleave,SuckerPunch,IronHead,LowKick|||M|||50|,,,,,Ghost
|showteam|p2|Dondozo||Leftovers|Unaware|WaveCrash,Earthquake,OrderUp,Protect|||M|||50|,,,,,Grass]Tatsugiri||ChoiceScarf|Commander|MuddyWater,DracoMeteor,DragonPulse,TeraBlast|||F|||50|,,,,,Fairy]Indeedee||FocusSash|PsychicSurge|ExpandingForce,TeraBlast,HyperVoice,Protect|||M|||50|,,,,,Fighting]Dragapult||ChoiceBand|ClearBody|DragonDarts,Outrage,PhantomForce,Uturn|||M|||50|,,,,,Dragon]Hydreigon||AssaultVest|Levitate|EarthPower,Snarl,DarkPulse,DracoMeteor|||M|||50|,,,,,Steel]Ribombee||ChoiceSpecs|ShieldDust|Moonblast,PollenPuff,DazzlingGleam,TeraBlast|||F|||50|,,,,,Ground
|inactive|Battle timer is ON: inactive players will automatically lose when time's up. (requested by Ribombees believer)
|
|t:|1755963500
|teamsize|p1|4
|teamsize|p2|4
|start
|switch|p1a: Basculegion|Basculegion, L50, M|100/100
|switch|p1b: Kingambit|Kingambit, L50, M|100/100
|switch|p2a: Dragapult|Dragapult, L50, M|100/100
|switch|p2b: Dondozo|Dondozo, L50, M|100/100
|turn|1
|inactive|damage77 has 30 seconds left.
|inactive|damage77 has 20 seconds left.
|inactive|damage77 has 15 seconds left.
|
|t:|1755963542
|switch|p2a: Tatsugiri|Tatsugiri, L50, F|100/100
|-activate|p2a: Tatsugiri|ability: Commander|[of] p2b: Dondozo
|-boost|p2b: Dondozo|atk|2
|-boost|p2b: Dondozo|spa|2
|-boost|p2b: Dondozo|spe|2
|-boost|p2b: Dondozo|def|2
|-boost|p2b: Dondozo|spd|2
|move|p1a: Basculegion|Flip Turn|p2b: Dondozo
|-resisted|p2b: Dondozo
|-damage|p2b: Dondozo|94/100
|
|t:|1755963551
|switch|p1a: Rillaboom|Rillaboom, L50, F|100/100|[from] Flip Turn
|-fieldstart|move: Grassy Terrain|[from] ability: Grassy Surge|[of] p1a: Rillaboom
|move|p2b: Dondozo|Earthquake|p1b: Kingambit|[spread] p1a,p1b
|-miss|p2b: Dondozo|p2a: Tatsugiri
|-resisted|p1a: Rillaboom
|-supereffective|p1b: Kingambit
|-damage|p1a: Rillaboom|90/100
|-damage|p1b: Kingambit|68/100
|move|p1b: Kingambit|Kowtow Cleave|p2b: Dondozo
|-damage|p2b: Dondozo|74/100
|
|-heal|p2b: Dondozo|80/100|[from] Grassy Terrain
|-heal|p2b: Dondozo|87/100|[from] item: Leftovers
|-heal|p1a: Rillaboom|96/100|[from] Grassy Terrain
|-heal|p1b: Kingambit|74/100|[from] Grassy Terrain
|upkeep
|turn|2
|
|t:|1755963571
|switch|p1b: Volcarona|Volcarona, L50, M|100/100
|move|p2b: Dondozo|Protect|p2b: Dondozo
|-singleturn|p2b: Dondozo|Protect
|move|p1a: Rillaboom|Fake Out|p2b: Dondozo
|-activate|p2b: Dondozo|move: Protect
|
|-heal|p2b: Dondozo|93/100|[from] Grassy Terrain
|-heal|p2b: Dondozo|99/100|[from] item: Leftovers
|-heal|p1a: Rillaboom|100/100|[from] Grassy Terrain
|upkeep
|turn|3
|
|t:|1755963583
|switch|p1b: Basculegion|Basculegion, L50, M|100/100
|-terastallize|p2b: Dondozo|Grass
|move|p2b: Dondozo|Wave Crash|p1b: Basculegion
|-resisted|p1b: Basculegion
|-damage|p1b: Basculegion|37/100
|-damage|p2b: Dondozo|81/100|[from] Recoil
|move|p1a: Rillaboom|Taunt|p2b: Dondozo
|-start|p2b: Dondozo|move: Taunt
|
|-heal|p1b: Basculegion|43/100|[from] Grassy Terrain
|-heal|p2b: Dondozo|87/100|[from] Grassy Terrain
|-heal|p2b: Dondozo|93/100|[from] item: Leftovers
|upkeep
|turn|4
|inactive|damage77 has 30 seconds left.
|inactive|damage77 has 20 seconds left.
|inactive|damage77 has 15 seconds left.
|inactive|damage77 has 10 seconds left.
|
|t:|1755963632
|move|p1b: Basculegion|Flip Turn|p2b: Dondozo
|-resisted|p2b: Dondozo
|-damage|p2b: Dondozo|86/100
|
|t:|1755963635
|switch|p1b: Kingambit|Kingambit, L50, M|74/100|[from] Flip Turn
|move|p2b: Dondozo|Order Up|p1a: Rillaboom
|-damage|p1a: Rillaboom|58/100
|-boost|p2b: Dondozo|atk|1
|move|p1a: Rillaboom|Wood Hammer|p2b: Dondozo
|-resisted|p2b: Dondozo
|-damage|p2b: Dondozo|69/100
|-damage|p1a: Rillaboom|52/100|[from] Recoil
|
|-heal|p2b: Dondozo|75/100|[from] Grassy Terrain
|-heal|p2b: Dondozo|81/100|[from] item: Leftovers
|-heal|p1a: Rillaboom|58/100|[from] Grassy Terrain
|-heal|p1b: Kingambit|80/100|[from] Grassy Terrain
|upkeep
|turn|5
|inactive|Ribombees believer has 30 seconds left.
|
|t:|1755963661
|move|p2b: Dondozo|Wave Crash|p1b: Kingambit
|-damage|p1b: Kingambit|0 fnt
|faint|p1b: Kingambit
|-damage|p2b: Dondozo|58/100|[from] Recoil
|move|p1a: Rillaboom|Wood Hammer|p2b: Dondozo
|-resisted|p2b: Dondozo
|-damage|p2b: Dondozo|42/100
|-damage|p1a: Rillaboom|52/100|[from] Recoil
|
|-heal|p2b: Dondozo|49/100|[from] Grassy Terrain
|-heal|p2b: Dondozo|55/100|[from] item: Leftovers
|-heal|p1a: Rillaboom|58/100|[from] Grassy Terrain
|-fieldend|move: Grassy Terrain
|upkeep
|
|t:|1755963664
|switch|p1b: Volcarona|Volcarona, L50, M|100/100
|turn|6
|
|t:|1755963681
|switch|p1a: Basculegion|Basculegion, L50, M|43/100
|move|p2b: Dondozo|Wave Crash|p1b: Volcarona
|-supereffective|p1b: Volcarona
|-damage|p1b: Volcarona|0 fnt
|faint|p1b: Volcarona
|-damage|p2b: Dondozo|29/100|[from] Recoil
|
|-heal|p2b: Dondozo|35/100|[from] item: Leftovers
|-end|p2b: Dondozo|move: Taunt
|upkeep
|-message|damage77 forfeited.
|raw|damage77's rating: 1189 → 1171(-18 for losing)
|raw|Ribombees believer's rating: 1283 → 1301(+18 for winning)
|
|win|Ribombees believer
