|j|☆sedrav
|j|☆WASHINGTONGARGACHA
|html|sedravWASHINGTONGARGACHA    
|uhtml|bestof|Game 3 of a best-of-3
|t:|1756491693
|gametype|doubles
|player|p1|sedrav|hilbert|1203
|player|p2|WASHINGTONGARGACHA|265|1182
|gen|9
|tier|[Gen 9] VGC 2025 Reg H (Bo3)
|rated|
|rule|Species Clause: Limit one of each Pokémon
|rule|Item Clause: Limit 1 of each item
|clearpoke
|poke|p1|Milotic, L50, F|
|poke|p1|Tyranitar, L50, M|
|poke|p1|Talonflame, L50, F|
|poke|p1|Garchomp, L50, M|
|poke|p1|Amoonguss, L50, F|
|poke|p1|Gholdengo, L50|
|poke|p2|Gholdengo, L50|
|poke|p2|Ursaluna, L50, M|
|poke|p2|Archaludon, L50, M|
|poke|p2|Murkrow, L50, M|
|poke|p2|Farigiraf, L50, M|
|poke|p2|Palafin, L50, F|
|teampreview|4
|showteam|p1|Milotic||SafetyGoggles|Competitive|Scald,IcyWind,Haze,Protect|||F|||50|,,,,,Dragon]Tyranitar||AssaultVest|SandStream|RockSlide,KnockOff,LowKick,TeraBlast|||M|||50|,,,,,Flying]Talonflame||CovertCloak|GaleWings|BraveBird,Tailwind,WillOWisp,Taunt|||F|||50|,,,,,Grass]Garchomp||LifeOrb|RoughSkin|Protect,StompingTantrum,Earthquake,DragonClaw|||M|||50|,,,,,Fairy]Amoonguss||SitrusBerry|Regenerator|Protect,RagePowder,Spore,PollenPuff|||F|||50|,,,,,Water]Gholdengo||ChoiceSpecs|GoodasGold|MakeItRain,ShadowBall,PowerGem,Thunderbolt||||||50|,,,,,Steel
|showteam|p2|Gholdengo||SitrusBerry|GoodasGold|ShadowBall,MakeItRain,NastyPlot,Protect||||||50|,,,,,Water]Ursaluna||FlameOrb|Guts|Facade,Earthquake,Protect,HeadlongRush|||M|||50|,,,,,Ghost]Archaludon||PowerHerb|Stamina|ElectroShot,FlashCannon,DracoMeteor,Protect|||M|||50|,,,,,Grass]Murkrow||Eviolite|Prankster|Tailwind,RainDance,FoulPlay,Haze|||M|||50|,,,,,Dark]Farigiraf||ThroatSpray|ArmorTail|HyperVoice,TrickRoom,Psychic,Protect|||M|||50|,,,,,Fairy]Palafin||MysticWater|ZerotoHero|FlipTurn,Protect,JetPunch,WaveCrash|||F|||50|,,,,,Water
|inactive|Battle timer is ON: inactive players will automatically lose when time's up. (requested by sedrav)
|inactive|WASHINGTONGARGACHA has 60 seconds left.
|
|t:|1756491730
|teamsize|p1|4
|teamsize|p2|4
|start
|switch|p1a: Amoonguss|Amoonguss, L50, F|100/100
|switch|p1b: Gholdengo|Gholdengo, L50|100/100
|switch|p2a: Murkrow|Murkrow, L50, M|100/100
|switch|p2b: Palafin|Palafin, L50, F|100/100
|turn|1
|inactive|sedrav has 30 seconds left.
|
|t:|1756491763
|-terastallize|p2b: Palafin|Water
|move|p1a: Amoonguss|Rage Powder|p1a: Amoonguss
|-singleturn|p1a: Amoonguss|move: Rage Powder
|move|p2b: Palafin|Wave Crash|p1a: Amoonguss
|-resisted|p1a: Amoonguss
|-damage|p1a: Amoonguss|71/100
|-damage|p2b: Palafin|88/100|[from] Recoil
|move|p1b: Gholdengo|Make It Rain|p2a: Murkrow|[spread] p2a,p2b
|-resisted|p2b: Palafin
|-damage|p2a: Murkrow|50/100
|-damage|p2b: Palafin|39/100
|-unboost|p1b: Gholdengo|spa|1
|move|p2a: Murkrow|Foul Play|p1a: Amoonguss
|-damage|p1a: Amoonguss|51/100
|
|upkeep
|turn|2
|inactive|sedrav has 30 seconds left.
|
|t:|1756491796
|-terastallize|p1b: Gholdengo|Steel
|move|p1a: Amoonguss|Rage Powder|p1a: Amoonguss
|-singleturn|p1a: Amoonguss|move: Rage Powder
|move|p2a: Murkrow|Tailwind|p2a: Murkrow
|-sidestart|p2: WASHINGTONGARGACHA|move: Tailwind
|move|p2b: Palafin|Flip Turn|p1a: Amoonguss
|-resisted|p1a: Amoonguss
|-damage|p1a: Amoonguss|36/100
|-enditem|p1a: Amoonguss|Sitrus Berry|[eat]
|-heal|p1a: Amoonguss|61/100|[from] item: Sitrus Berry
|
|t:|1756491807
|detailschange|p2b: Palafin|Palafin-Hero, L50, F, tera:Water
|switch|p2b: Archaludon|Archaludon, L50, M|100/100|[from] Flip Turn
|move|p1b: Gholdengo|Make It Rain|p2b: Archaludon|[spread] p2a,p2b
|-resisted|p2b: Archaludon
|-damage|p2a: Murkrow|3/100
|-damage|p2b: Archaludon|54/100
|-unboost|p1b: Gholdengo|spa|1
|-ability|p2b: Archaludon|Stamina|boost
|-boost|p2b: Archaludon|def|1
|
|upkeep
|turn|3
|inactive|sedrav has 30 seconds left.
|inactive|sedrav has 20 seconds left.
|
|t:|1756491843
|switch|p1b: Garchomp|Garchomp, L50, M|100/100
|switch|p1a: Tyranitar|Tyranitar, L50, M|100/100
|-weather|Sandstorm|[from] ability: Sand Stream|[of] p1a: Tyranitar
|move|p2a: Murkrow|Rain Dance|p2a: Murkrow
|-weather|RainDance
|move|p2b: Archaludon|Draco Meteor|p1a: Tyranitar
|-damage|p1a: Tyranitar|61/100
|-unboost|p2b: Archaludon|spa|2
|
|-weather|RainDance|[upkeep]
|upkeep
|turn|4
|inactive|sedrav has 30 seconds left.
|inactive|WASHINGTONGARGACHA has 30 seconds left.
|inactive|WASHINGTONGARGACHA has 20 seconds left.
|
|t:|1756491880
|switch|p1a: Amoonguss|Amoonguss, L50, F|94/100
|move|p1b: Garchomp|Protect|p1b: Garchomp
|-singleturn|p1b: Garchomp|Protect
|move|p2b: Archaludon|Draco Meteor|p1b: Garchomp
|-activate|p1b: Garchomp|move: Protect
|move|p2a: Murkrow|Foul Play|p1b: Garchomp
|-activate|p1b: Garchomp|move: Protect
|
|-weather|RainDance|[upkeep]
|upkeep
|turn|5
|inactive|sedrav has 30 seconds left.
|inactive|WASHINGTONGARGACHA has 30 seconds left.
|
|t:|1756491910
|switch|p1b: Tyranitar|Tyranitar, L50, M|61/100
|-weather|Sandstorm|[from] ability: Sand Stream|[of] p1b: Tyranitar
|move|p2b: Archaludon|Protect|p2b: Archaludon
|-singleturn|p2b: Archaludon|Protect
|move|p2a: Murkrow|Haze|p2a: Murkrow
|-clearallboost
|move|p1a: Amoonguss|Pollen Puff|p1b: Tyranitar
|-heal|p1b: Tyranitar|100/100
|
|-weather|Sandstorm|[upkeep]
|-damage|p2a: Murkrow|0 fnt|[from] Sandstorm
|-damage|p1a: Amoonguss|88/100|[from] Sandstorm
|faint|p2a: Murkrow
|-sideend|p2: WASHINGTONGARGACHA|move: Tailwind
|upkeep
|
|t:|1756491925
|switch|p2a: Ursaluna|Ursaluna, L50, M|100/100
|turn|6
|inactive|sedrav has 30 seconds left.
|
|t:|1756491951
|switch|p1a: Gholdengo|Gholdengo, L50, tera:Steel|100/100
|move|p2b: Archaludon|Draco Meteor|p1a: Gholdengo
|-resisted|p1a: Gholdengo
|-damage|p1a: Gholdengo|63/100
|-unboost|p2b: Archaludon|spa|2
|move|p1b: Tyranitar|Low Kick|p2b: Archaludon
|-supereffective|p2b: Archaludon
|-damage|p2b: Archaludon|0 fnt
|faint|p2b: Archaludon
|move|p2a: Ursaluna|Earthquake|p1a: Gholdengo|[spread] p1a,p1b
|-supereffective|p1a: Gholdengo
|-supereffective|p1b: Tyranitar
|-damage|p1a: Gholdengo|0 fnt
|-damage|p1b: Tyranitar|30/100
|faint|p1a: Gholdengo
|
|-weather|Sandstorm|[upkeep]
|-status|p2a: Ursaluna|brn|[from] item: Flame Orb
|upkeep
|inactive|sedrav has 30 seconds left.
|
|t:|1756491976
|switch|p2b: Palafin|Palafin-Hero, L50, F, tera:Water|39/100
|switch|p1a: Garchomp|Garchomp, L50, M|100/100
|-activate|p2b: Palafin|ability: Zero to Hero
|turn|7
|inactive|WASHINGTONGARGACHA has 30 seconds left.
|
|t:|1756492007
|switch|p1b: Amoonguss|Amoonguss, L50, F|100/100
|move|p2b: Palafin|Wave Crash|p1a: Garchomp
|-damage|p1a: Garchomp|0 fnt
|-damage|p2b: Palafin|27/100|[from] ability: Rough Skin|[of] p1a: Garchomp
|faint|p1a: Garchomp
|-damage|p2b: Palafin|0 fnt|[from] Recoil
|faint|p2b: Palafin
|move|p2a: Ursaluna|Earthquake|p1b: Amoonguss
|-damage|p1b: Amoonguss|34/100
|
|-weather|Sandstorm|[upkeep]
|-damage|p1b: Amoonguss|28/100|[from] Sandstorm
|-damage|p2a: Ursaluna|94/100 brn|[from] brn
|upkeep
|
|t:|1756492021
|switch|p1a: Tyranitar|Tyranitar, L50, M|30/100
|turn|8
|
|t:|1756492044
|move|p1b: Amoonguss|Protect|p1b: Amoonguss
|-singleturn|p1b: Amoonguss|Protect
|move|p1a: Tyranitar|Low Kick|p2a: Ursaluna
|-supereffective|p2a: Ursaluna
|-damage|p2a: Ursaluna|19/100 brn
|move|p2a: Ursaluna|Earthquake|p1a: Tyranitar|[spread] p1a
|-activate|p1b: Amoonguss|move: Protect
|-supereffective|p1a: Tyranitar
|-damage|p1a: Tyranitar|0 fnt
|faint|p1a: Tyranitar
|
|-weather|Sandstorm|[upkeep]
|-damage|p1b: Amoonguss|22/100|[from] Sandstorm
|-damage|p2a: Ursaluna|13/100 brn|[from] brn
|upkeep
|turn|9
|
|t:|1756492062
|move|p1b: Amoonguss|Protect|p1b: Amoonguss
|-singleturn|p1b: Amoonguss|Protect
|move|p2a: Ursaluna|Facade|p1b: Amoonguss
|-activate|p1b: Amoonguss|move: Protect
|
|-weather|none
|-damage|p2a: Ursaluna|7/100 brn|[from] brn
|upkeep
|turn|10
|
|t:|1756492072
|move|p1b: Amoonguss|Protect||[still]
|-fail|p1b: Amoonguss
|move|p2a: Ursaluna|Facade|p1b: Amoonguss
|-damage|p1b: Amoonguss|0 fnt
|faint|p1b: Amoonguss
|
|win|WASHINGTONGARGACHA
|raw|sedrav's rating: 1203 → 1176(-27 for losing)
|raw|WASHINGTONGARGACHA's rating: 1182 → 1209(+27 for winning)
