|j|☆safercer3
|j|☆ttsui234
|html|safercer3ttsui234    
|uhtml|bestof|Game 2 of a best-of-3
|t:|1785178141
|gametype|doubles
|player|p1|safercer3|266|1067
|player|p2|ttsui234|1|1000
|gen|9
|tier|[Gen 9 Champions] VGC 2026 Reg M-B (Bo3)
|rated|
|rule|Species Clause: Limit one of each Pokémon
|rule|Item Clause: Limit 1 of each item
|clearpoke
|poke|p1|Sinistcha, L50|
|poke|p1|Raichu, L50, M|
|poke|p1|Garchomp, L50, M|
|poke|p1|Tyranitar, L50, F, shiny|
|poke|p1|Sylveon, L50, F, shiny|
|poke|p1|Corviknight, L50, M, shiny|
|poke|p2|Staraptor, L50, F|
|poke|p2|Garchomp, L50, M|
|poke|p2|Whimsicott, L50, F|
|poke|p2|Delphox, L50, M, shiny|
|poke|p2|Glimmora, L50, M|
|poke|p2|Kingambit, L50, M, shiny|
|teampreview|4
|showteam|p1|Sinistcha||KasibBerry|Hospitality|MatchaGotcha,RagePowder,ShadowBall,Protect|Modest|||||50|]Raichu||RaichuniteY|LightningRod|ZapCannon,FocusBlast,FakeOut,Protect|Timid||M|||50|]Garchomp||SitrusBerry|RoughSkin|StompingTantrum,DragonClaw,Protect,RockSlide|Adamant||M|||50|]Tyranitar||FocusSash|SandStream|RockSlide,KnockOff,Superpower,Protect|Adamant||F|||50|]Sylveon||FairyFeather|Pixilate|HyperVoice,QuickAttack,Yawn,Detect|Modest||F|||50|]Corviknight||Leftovers|MirrorArmor|IronHead,Tailwind,BraveBird,Protect|Adamant||M|||50|
|showteam|p2|Staraptor||Staraptite|Intimidate|Protect,Roost,CloseCombat,BraveBird|Jolly||F|||50|]Garchomp||LifeOrb|RoughSkin|Protect,RockSlide,Earthquake,DragonClaw|Jolly||M|||50|]Whimsicott||OccaBerry|Prankster|Moonblast,Tailwind,Charm,LightScreen|Timid||F|||50|]Delphox||Delphoxite|Blaze|HeatWave,Psychic,Substitute,Protect|Modest||M|||50|]Glimmora||FocusSash|ToxicDebris|SpikyShield,EarthPower,PowerGem,SludgeBomb|Timid||M|||50|]Kingambit||ChopleBerry|Defiant|KowtowCleave,IronHead,SuckerPunch,LowKick|Adamant||M|||50|
|
|t:|1785178202
|teamsize|p1|4
|teamsize|p2|4
|start
|switch|p1a: Corviknight|Corviknight, L50, M, shiny|100/100
|switch|p1b: Garchomp|Garchomp, L50, M|100/100
|switch|p2a: Glimmora|Glimmora, L50, M|100/100
|switch|p2b: Staraptor|Staraptor, L50, F|100/100
|-ability|p2b: Staraptor|Intimidate|boost
|-ability|p1a: Corviknight|Mirror Armor
|-unboost|p2b: Staraptor|atk|1
|-unboost|p1b: Garchomp|atk|1
|turn|1
|
|t:|1785178222
|detailschange|p2b: Staraptor|Staraptor-Mega, L50, F
|-mega|p2b: Staraptor|Staraptor|Staraptite
|move|p2b: Staraptor|Close Combat|p1a: Corviknight
|-damage|p1a: Corviknight|60/100
|-boost|p2b: Staraptor|def|1
|-boost|p2b: Staraptor|spd|1
|move|p2a: Glimmora|Power Gem|p1a: Corviknight
|-damage|p1a: Corviknight|17/100
|move|p1b: Garchomp|Rock Slide|p2b: Staraptor|[spread] p2a,p2b
|-damage|p2a: Glimmora|85/100
|-damage|p2b: Staraptor|90/100
|-activate|p2a: Glimmora|ability: Toxic Debris
|-sidestart|p1: safercer3|move: Toxic Spikes
|move|p1a: Corviknight|Tailwind|p1a: Corviknight
|-sidestart|p1: safercer3|move: Tailwind
|
|-heal|p1a: Corviknight|23/100|[from] item: Leftovers
|upkeep
|turn|2
|
|t:|1785178243
|switch|p1b: Sinistcha|Sinistcha, L50|100/100
|-status|p1b: Sinistcha|psn
|-heal|p1a: Corviknight|48/100|[from] ability: Hospitality|[of] p1b: Sinistcha
|switch|p2a: Whimsicott|Whimsicott, L50, F|100/100
|move|p1a: Corviknight|Protect|p1a: Corviknight
|-singleturn|p1a: Corviknight|Protect
|move|p2b: Staraptor|Close Combat|p1a: Corviknight
|-activate|p1a: Corviknight|move: Protect
|
|-heal|p1a: Corviknight|54/100|[from] item: Leftovers
|-damage|p1b: Sinistcha|88/100 psn|[from] psn
|upkeep
|turn|3
|
|t:|1785178269
|move|p1b: Sinistcha|Rage Powder|p1b: Sinistcha
|-singleturn|p1b: Sinistcha|move: Rage Powder
|move|p2a: Whimsicott|Tailwind|p2a: Whimsicott
|-sidestart|p2: ttsui234|move: Tailwind
|move|p2b: Staraptor|Brave Bird|p1b: Sinistcha
|-supereffective|p1b: Sinistcha|1
|-damage|p1b: Sinistcha|11/100 psn
|-damage|p2b: Staraptor|62/100|[from] Recoil
|move|p1a: Corviknight|Iron Head|p2a: Whimsicott
|-supereffective|p2a: Whimsicott|1
|-damage|p2a: Whimsicott|23/100
|
|-heal|p1a: Corviknight|60/100|[from] item: Leftovers
|-damage|p1b: Sinistcha|0 fnt|[from] psn
|faint|p1b: Sinistcha
|upkeep
|
|t:|1785178283
|switch|p1b: Raichu|Raichu, L50, M|100/100
|-status|p1b: Raichu|psn
|turn|4
|
|t:|1785178293
|detailschange|p1b: Raichu|Raichu-Mega-Y, L50, M
|-mega|p1b: Raichu|Raichu|Raichunite Y
|move|p2a: Whimsicott|Light Screen|p2a: Whimsicott
|-sidestart|p2: ttsui234|move: Light Screen
|move|p1b: Raichu|Zap Cannon|p2b: Staraptor
|-supereffective|p2b: Staraptor|1
|-damage|p2b: Staraptor|0 fnt
|faint|p2b: Staraptor
|move|p1a: Corviknight|Iron Head|p2a: Whimsicott
|-supereffective|p2a: Whimsicott|1
|-damage|p2a: Whimsicott|0 fnt
|faint|p2a: Whimsicott
|
|-heal|p1a: Corviknight|67/100|[from] item: Leftovers
|-damage|p1b: Raichu|88/100 psn|[from] psn
|-sideend|p1: safercer3|move: Tailwind
|upkeep
|
|t:|1785178300
|switch|p2a: Glimmora|Glimmora, L50, M|85/100
|switch|p2b: Garchomp|Garchomp, L50, M|100/100
|turn|5
|
|t:|1785178313
|move|p1b: Raichu|Protect|p1b: Raichu
|-singleturn|p1b: Raichu|Protect
|move|p2b: Garchomp|Dragon Claw|p1b: Raichu
|-activate|p1b: Raichu|move: Protect
|move|p2a: Glimmora|Power Gem|p1a: Corviknight
|-damage|p1a: Corviknight|22/100
|move|p1a: Corviknight|Tailwind|p1a: Corviknight
|-sidestart|p1: safercer3|move: Tailwind
|
|-heal|p1a: Corviknight|29/100|[from] item: Leftovers
|-damage|p1b: Raichu|76/100 psn|[from] psn
|upkeep
|turn|6
|
|t:|1785178338
|move|p1b: Raichu|Focus Blast|p2a: Glimmora
|-damage|p2a: Glimmora|48/100
|move|p2b: Garchomp|Dragon Claw|p1b: Raichu
|-damage|p1b: Raichu|0 fnt
|faint|p1b: Raichu
|-damage|p2b: Garchomp|90/100|[from] item: Life Orb
|move|p2a: Glimmora|Power Gem|p1a: Corviknight
|-damage|p1a: Corviknight|0 fnt
|faint|p1a: Corviknight
|
|-sideend|p2: ttsui234|move: Tailwind
|upkeep
|
|t:|1785178351
|switch|p1b: Garchomp|Garchomp, L50, M|100/100
|-status|p1b: Garchomp|psn
|turn|7
|
|t:|1785178372
|move|p2b: Garchomp|Protect|p2b: Garchomp
|-singleturn|p2b: Garchomp|Protect
|move|p1b: Garchomp|Dragon Claw|p2b: Garchomp
|-activate|p2b: Garchomp|move: Protect
|move|p2a: Glimmora|Earth Power|p1b: Garchomp
|-damage|p1b: Garchomp|68/100 psn
|
|-damage|p1b: Garchomp|56/100 psn|[from] psn
|upkeep
|turn|8
|
|t:|1785178395
|move|p1b: Garchomp|Stomping Tantrum|p2a: Glimmora
|-supereffective|p2a: Glimmora|2
|-damage|p2a: Glimmora|0 fnt
|-activate|p2a: Glimmora|ability: Toxic Debris
|-sidestart|p1: safercer3|move: Toxic Spikes
|faint|p2a: Glimmora
|move|p2b: Garchomp|Dragon Claw|p1b: Garchomp
|-supereffective|p1b: Garchomp|1
|-damage|p1b: Garchomp|0 fnt
|-damage|p2b: Garchomp|78/100|[from] ability: Rough Skin|[of] p1b: Garchomp
|faint|p1b: Garchomp
|-damage|p2b: Garchomp|68/100|[from] item: Life Orb
|
|win|ttsui234
|raw|safercer3's rating: 1067 → 1043(-24 for losing)
|raw|ttsui234's rating: 1000 → 1048(+48 for winning)
