|j|☆DerCroczisst
|j|☆aceopacifico
|html|DerCroczisstaceopacifico    
|uhtml|bestof|Game 2 of a best-of-3
|t:|1783456092
|gametype|doubles
|player|p1|DerCroczisst|doubleteam|1044
|player|p2|aceopacifico|266|1044
|gen|9
|tier|[Gen 9 Champions] VGC 2026 Reg M-B (Bo3)
|rated|
|rule|Species Clause: Limit one of each Pokémon
|rule|Item Clause: Limit 1 of each item
|clearpoke
|poke|p1|Archaludon, L50, F|
|poke|p1|Pelipper, L50, M|
|poke|p1|Grimmsnarl, L50, M|
|poke|p1|Sinistcha, L50|
|poke|p1|Swampert, L50, F|
|poke|p1|Lopunny, L50, M|
|poke|p2|Leafeon, L50, M|
|poke|p2|Charizard, L50, F|
|poke|p2|Garchomp, L50, M|
|poke|p2|Milotic, L50, M|
|poke|p2|Maushold-Four, L50|
|poke|p2|Ceruledge, L50, F|
|teampreview|4
|showteam|p1|Archaludon||Leftovers|Stamina|DragonPulse,ElectroShot,FlashCannon,Protect|Modest||F|||50|]Pelipper||SitrusBerry|Drizzle|WideGuard,Tailwind,WeatherBall,Hurricane|Modest||M|||50|]Grimmsnarl||LightClay|Prankster|FoulPlay,PartingShot,LightScreen,Reflect|Calm||M|||50|]Sinistcha||CobaBerry|Hospitality|RagePowder,MatchaGotcha,TrickRoom,Protect|Relaxed|||||50|]Swampert||Swampertite|Torrent|WaveCrash,Earthquake,IcePunch,Protect|Adamant||F|||50|]Lopunny||Lopunnite|CuteCharm|FakeOut,CloseCombat,Uturn,Protect|Jolly||M|||50|
|showteam|p2|Leafeon||ExpertBelt|Chlorophyll|SolarBlade,Protect,KnockOff,SwordsDance|Serious||M|||50|]Charizard||CharizarditeY|Blaze|Protect,HeatWave,SolarBeam,AirSlash|Modest||F|||50|]Garchomp||LifeOrb|RoughSkin|Earthquake,Protect,DragonClaw,RockSlide|Jolly||M|||50|]Milotic||Leftovers|Competitive|Scald,Protect,Haze,DrainingKiss|Modest||M|||50|]Maushold-Four||SitrusBerry|FriendGuard|FollowMe,Protect,SuperFang,HelpingHand|Timid|||||50|]Ceruledge||ChoiceScarf|FlashFire|BitterBlade,CloseCombat,Poltergeist,PoisonJab|Jolly||F|||50|
|
|t:|1783456132
|teamsize|p1|4
|teamsize|p2|4
|start
|switch|p1a: Archaludon|Archaludon, L50, F|100/100
|switch|p1b: Grimmsnarl|Grimmsnarl, L50, M|100/100
|switch|p2a: Garchomp|Garchomp, L50, M|100/100
|switch|p2b: Charizard|Charizard, L50, F|100/100
|turn|1
|inactive|Battle timer is ON: inactive players will automatically lose when time's up. (requested by aceopacifico)
|inactive|aceopacifico has 60 seconds left.
|
|t:|1783456176
|move|p2a: Garchomp|Protect|p2a: Garchomp
|-singleturn|p2a: Garchomp|Protect
|move|p1b: Grimmsnarl|Parting Shot|p2b: Charizard
|-unboost|p2b: Charizard|atk|1
|-unboost|p2b: Charizard|spa|1
|
|t:|1783456191
|switch|p1b: Pelipper|Pelipper, L50, M|100/100|[from] Parting Shot
|-weather|RainDance|[from] ability: Drizzle|[of] p1b: Pelipper
|move|p2b: Charizard|Heat Wave|p1a: Archaludon|[spread] p1b
|-miss|p2b: Charizard|p1a: Archaludon
|-resisted|p1b: Pelipper|1
|-damage|p1b: Pelipper|93/100
|move|p1a: Archaludon|Dragon Pulse|p2a: Garchomp
|-activate|p2a: Garchomp|move: Protect
|
|-weather|RainDance|[upkeep]
|upkeep
|turn|2
|inactive|DerCroczisst has 30 seconds left.
|inactive|aceopacifico has 30 seconds left.
|inactive|DerCroczisst has 20 seconds left.
|inactive|aceopacifico has 20 seconds left.
|
|t:|1783456229
|switch|p1b: Grimmsnarl|Grimmsnarl, L50, M|100/100
|detailschange|p2b: Charizard|Charizard-Mega-Y, L50, F
|-mega|p2b: Charizard|Charizard|Charizardite Y
|-weather|SunnyDay|[from] ability: Drought|[of] p2b: Charizard
|move|p2a: Garchomp|Rock Slide|p1b: Grimmsnarl|[spread] p1a,p1b
|-resisted|p1a: Archaludon|1
|-damage|p1a: Archaludon|90/100
|-damage|p1b: Grimmsnarl|74/100
|-ability|p1a: Archaludon|Stamina|boost
|-boost|p1a: Archaludon|def|1
|-damage|p2a: Garchomp|90/100|[from] item: Life Orb
|move|p2b: Charizard|Heat Wave|p1b: Grimmsnarl|[spread] p1a
|-miss|p2b: Charizard|p1b: Grimmsnarl
|-crit|p1a: Archaludon
|-damage|p1a: Archaludon|0 fnt
|faint|p1a: Archaludon
|
|-weather|SunnyDay|[upkeep]
|upkeep
|c|☆DerCroczisst|what are you doing
|inactive|DerCroczisst has 30 seconds left.
|c|☆DerCroczisst|double targetting twice against wide guard
|c|☆DerCroczisst|insane play
|inactive|DerCroczisst has 20 seconds left.
|
|t:|1783456268
|switch|p1a: Pelipper|Pelipper, L50, M|93/100
|-weather|RainDance|[from] ability: Drizzle|[of] p1a: Pelipper
|turn|3
|
|t:|1783456287
|switch|p2b: Leafeon|Leafeon, L50, M|100/100
|move|p2a: Garchomp|Protect|p2a: Garchomp
|-singleturn|p2a: Garchomp|Protect
|move|p1b: Grimmsnarl|Reflect|p1b: Grimmsnarl
|-sidestart|p1: DerCroczisst|Reflect
|move|p1a: Pelipper|Hurricane|p2b: Leafeon
|-supereffective|p2b: Leafeon|1
|-damage|p2b: Leafeon|0 fnt
|faint|p2b: Leafeon
|
|-weather|RainDance|[upkeep]
|upkeep
|
|t:|1783456307
|switch|p2b: Charizard|Charizard-Mega-Y, L50, F|100/100
|-weather|SunnyDay|[from] ability: Drought|[of] p2b: Charizard
|turn|4
|inactive|aceopacifico has 30 seconds left.
|inactive|aceopacifico has 20 seconds left.
|inactive|aceopacifico has 15 seconds left.
|
|t:|1783456348
|switch|p1a: Sinistcha|Sinistcha, L50|100/100
|-heal|p1b: Grimmsnarl|99/100|[from] ability: Hospitality|[of] p1a: Sinistcha
|move|p1b: Grimmsnarl|Parting Shot|p2b: Charizard
|-unboost|p2b: Charizard|atk|1
|-unboost|p2b: Charizard|spa|1
|
|t:|1783456353
|switch|p1b: Pelipper|Pelipper, L50, M|93/100|[from] Parting Shot
|-weather|RainDance|[from] ability: Drizzle|[of] p1b: Pelipper
|move|p2a: Garchomp|Earthquake|p1a: Sinistcha|[spread] p1a
|-immune|p2b: Charizard
|-immune|p1b: Pelipper
|-resisted|p1a: Sinistcha|1
|-crit|p1a: Sinistcha
|-damage|p1a: Sinistcha|73/100
|-damage|p2a: Garchomp|80/100|[from] item: Life Orb
|move|p2b: Charizard|Heat Wave|p1b: Pelipper|[spread] p1a,p1b
|-supereffective|p1a: Sinistcha|1
|-resisted|p1b: Pelipper|1
|-damage|p1a: Sinistcha|42/100
|-damage|p1b: Pelipper|84/100
|
|-weather|RainDance|[upkeep]
|upkeep
|turn|5
|c|☆DerCroczisst|don't need skill if you can just crit
|c|☆DerCroczisst|whatever
|inactive|DerCroczisst has 30 seconds left.
|inactive|aceopacifico has 30 seconds left.
|inactive|DerCroczisst has 20 seconds left.
|inactive|aceopacifico has 20 seconds left.
|inactive|aceopacifico has 15 seconds left.
|inactive|aceopacifico has 10 seconds left.
|
|t:|1783456403
|switch|p2b: Ceruledge|Ceruledge, L50, F|100/100
|move|p2a: Garchomp|Rock Slide|p1a: Sinistcha|[spread] p1a,p1b
|-supereffective|p1b: Pelipper|1
|-damage|p1a: Sinistcha|29/100
|-damage|p1b: Pelipper|51/100
|-damage|p2a: Garchomp|70/100|[from] item: Life Orb
|move|p1b: Pelipper|Weather Ball|p2a: Garchomp
|-damage|p2a: Garchomp|5/100
|cant|p1a: Sinistcha|flinch
|
|-weather|RainDance|[upkeep]
|upkeep
|turn|6
|inactive|DerCroczisst has 30 seconds left.
|inactive|aceopacifico has 30 seconds left.
|inactive|DerCroczisst has 20 seconds left.
|inactive|aceopacifico has 20 seconds left.
|inactive|DerCroczisst has 15 seconds left.
|
|t:|1783456445
|switch|p1a: Grimmsnarl|Grimmsnarl, L50, M|99/100
|move|p2a: Garchomp|Protect|p2a: Garchomp
|-singleturn|p2a: Garchomp|Protect
|move|p2b: Ceruledge|Poison Jab|p1b: Pelipper
|-damage|p1b: Pelipper|30/100
|-status|p1b: Pelipper|psn
|-enditem|p1b: Pelipper|Sitrus Berry|[eat]
|-heal|p1b: Pelipper|54/100 psn|[from] item: Sitrus Berry
|move|p1b: Pelipper|Tailwind|p1b: Pelipper
|-sidestart|p1: DerCroczisst|move: Tailwind
|
|-weather|RainDance|[upkeep]
|-damage|p1b: Pelipper|42/100 psn|[from] psn
|upkeep
|turn|7
|c|☆DerCroczisst|xd
|inactive|DerCroczisst has 30 seconds left.
|inactive|aceopacifico has 30 seconds left.
|inactive|DerCroczisst has 20 seconds left.
|inactive|aceopacifico has 20 seconds left.
|inactive|aceopacifico has 15 seconds left.
|
|t:|1783456488
|switch|p1b: Sinistcha|Sinistcha, L50|29/100
|-heal|p1a: Grimmsnarl|100/100|[from] ability: Hospitality|[of] p1b: Sinistcha
|switch|p2a: Charizard|Charizard-Mega-Y, L50, F|100/100
|-weather|SunnyDay|[from] ability: Drought|[of] p2a: Charizard
|move|p2b: Ceruledge|Poison Jab|p1a: Grimmsnarl
|-supereffective|p1a: Grimmsnarl|1
|-damage|p1a: Grimmsnarl|56/100
|-status|p1a: Grimmsnarl|psn
|move|p1a: Grimmsnarl|Foul Play|p2b: Ceruledge
|-supereffective|p2b: Ceruledge|1
|-damage|p2b: Ceruledge|0 fnt
|faint|p2b: Ceruledge
|
|-weather|SunnyDay|[upkeep]
|-damage|p1a: Grimmsnarl|44/100 psn|[from] psn
|upkeep
|c|☆DerCroczisst|so skilled
|c|☆DerCroczisst|please train me
|inactive|aceopacifico has 30 seconds left.
|
|t:|1783456521
|switch|p2b: Garchomp|Garchomp, L50, M|5/100
|turn|8
|c|☆DerCroczisst|thanks for showing me why I left this game
|c|☆DerCroczisst|what a bullshit game we are playing
|inactive|DerCroczisst has 30 seconds left.
|inactive|aceopacifico has 30 seconds left.
|inactive|DerCroczisst has 20 seconds left.
|inactive|DerCroczisst has 15 seconds left.
|inactive|DerCroczisst has 10 seconds left.
|
|t:|1783456569
|move|p1a: Grimmsnarl|Parting Shot|p2a: Charizard
|-unboost|p2a: Charizard|atk|1
|-unboost|p2a: Charizard|spa|1
|
|t:|1783456573
|switch|p1a: Pelipper|Pelipper, L50, M|42/100 psn|[from] Parting Shot
|-weather|RainDance|[from] ability: Drizzle|[of] p1a: Pelipper
|move|p2b: Garchomp|Rock Slide|p1b: Sinistcha|[spread] p1b
|-miss|p2b: Garchomp|p1a: Pelipper
|-damage|p1b: Sinistcha|16/100
|-damage|p2b: Garchomp|0 fnt|[from] item: Life Orb
|faint|p2b: Garchomp
|move|p2a: Charizard|Air Slash|p1b: Sinistcha
|-supereffective|p1b: Sinistcha|1
|-enditem|p1b: Sinistcha|Coba Berry|[eat]
|-enditem|p1b: Sinistcha|Coba Berry|[weaken]
|-damage|p1b: Sinistcha|0 fnt
|faint|p1b: Sinistcha
|
|-weather|RainDance|[upkeep]
|-damage|p1a: Pelipper|30/100 psn|[from] psn
|upkeep
|
|t:|1783456585
|switch|p1b: Grimmsnarl|Grimmsnarl, L50, M|44/100 psn
|turn|9
|
|t:|1783456597
|move|p2a: Charizard|Protect|p2a: Charizard
|-singleturn|p2a: Charizard|Protect
|move|p1b: Grimmsnarl|Light Screen|p1b: Grimmsnarl
|-sidestart|p1: DerCroczisst|move: Light Screen
|move|p1a: Pelipper|Weather Ball|p2a: Charizard
|-activate|p2a: Charizard|move: Protect
|
|-weather|RainDance|[upkeep]
|-damage|p1a: Pelipper|18/100 psn|[from] psn
|-damage|p1b: Grimmsnarl|32/100 psn|[from] psn
|-sideend|p1: DerCroczisst|move: Tailwind
|upkeep
|turn|10
|inactive|aceopacifico has 30 seconds left.
|
|t:|1783456623
|move|p1b: Grimmsnarl|Parting Shot|p2a: Charizard
|-unboost|p2a: Charizard|atk|1
|-unboost|p2a: Charizard|spa|1
|move|p2a: Charizard|Air Slash|p1a: Pelipper
|-crit|p1a: Pelipper
|-damage|p1a: Pelipper|0 fnt
|faint|p1a: Pelipper
|
|-weather|RainDance|[upkeep]
|-damage|p1b: Grimmsnarl|19/100 psn|[from] psn
|-sideend|p1: DerCroczisst|Reflect
|upkeep
|turn|11
|c|☆DerCroczisst|xDDDDD
|c|☆DerCroczisst|please
|c|☆DerCroczisst|just gamble at this point
|c|☆DerCroczisst|fucking dogshit game
|-message|DerCroczisst forfeited.
|
|win|aceopacifico
||DerCroczisst is ready for game 3.
||aceopacifico is ready for game 3.
|uhtml|next|Next: Game 3 of 3
