|j|☆andiom123
|j|☆h0000n
|html|andiom123h0000n    
|uhtml|bestof|Game 2 of a best-of-3
|t:|1785369000
|gametype|doubles
|player|p1|andiom123|red|1229
|player|p2|h0000n|hoopster|1106
|gen|9
|tier|[Gen 9 Champions] VGC 2026 Reg M-B (Bo3)
|rated|
|rule|Species Clause: Limit one of each Pokémon
|rule|Item Clause: Limit 1 of each item
|clearpoke
|poke|p1|Incineroar, L50, M|
|poke|p1|Farigiraf, L50, M|
|poke|p1|Sylveon, L50, M|
|poke|p1|Torkoal, L50, M|
|poke|p1|Kangaskhan, L50, F|
|poke|p1|Mudsdale, L50, M|
|poke|p2|Kingambit, L50, F|
|poke|p2|Farigiraf, L50, M|
|poke|p2|Basculegion, L50, M|
|poke|p2|Corviknight, L50, M|
|poke|p2|Tyranitar, L50, M|
|poke|p2|Floette-Eternal, L50, F|
|teampreview|4
|showteam|p1|Incineroar||MuscleBand|Intimidate|ThroatChop,FlareBlitz,FakeOut,PartingShot|Brave||M|||50|]Farigiraf||SitrusBerry|ArmorTail|FoulPlay,PsychicNoise,TrickRoom,HelpingHand|Relaxed||M|||50|]Sylveon||FairyFeather|Pixilate|HyperVoice,HyperBeam,Yawn,Detect|Modest||M|||50|]Torkoal||Charcoal|Drought|Eruption,EarthPower,Flamethrower,Protect|Quiet||M|||50|]Kangaskhan||Kangaskhanite|Scrappy|DoubleEdge,FakeOut,IcePunch,HammerArm|Brave||F|||50|]Mudsdale||LifeOrb|InnerFocus|HighHorsepower,Earthquake,RockSlide,HeavySlam|Brave||M|||50|
|showteam|p2|Kingambit||LifeOrb|Defiant|KowtowCleave,SwordsDance,SuckerPunch,Protect|Adamant||F|||50|]Farigiraf||SitrusBerry|ArmorTail|Psychic,HelpingHand,HyperVoice,TrickRoom|Quiet||M|||50|]Basculegion||ChoiceScarf|SwiftSwim|WaveCrash,AquaJet,LastRespects,FlipTurn|Adamant||M|||50|]Corviknight||Leftovers|MirrorArmor|BodyPress,BulkUp,BraveBird,Tailwind|Adamant||M|||50|]Tyranitar||Tyranitarite|SandStream|LowKick,RockSlide,KnockOff,Protect|Adamant||M|||50|]Floette-Eternal||Floettite|FlowerVeil|Moonblast,DazzlingGleam,Protect,CalmMind|Timid||F|||50|
|
|t:|1785369035
|teamsize|p1|4
|teamsize|p2|4
|start
|switch|p1a: Farigiraf|Farigiraf, L50, M|100/100
|switch|p1b: Kangaskhan|Kangaskhan, L50, F|100/100
|switch|p2a: Corviknight|Corviknight, L50, M|100/100
|switch|p2b: Kingambit|Kingambit, L50, F|100/100
|turn|1
|inactive|Battle timer is ON: inactive players will automatically lose when time's up. (requested by h0000n)
|
|t:|1785369089
|switch|p2b: Farigiraf|Farigiraf, L50, M|100/100
|detailschange|p1b: Kangaskhan|Kangaskhan-Mega, L50, F
|-mega|p1b: Kangaskhan|Kangaskhan|Kangaskhanite
|move|p1b: Kangaskhan|Hammer Arm|p2b: Farigiraf
|-damage|p2b: Farigiraf|61/100
|-unboost|p1b: Kangaskhan|spe|1
|-damage|p2b: Farigiraf|50/100g
|-unboost|p1b: Kangaskhan|spe|1
|-hitcount|p2b: Farigiraf|2
|move|p2a: Corviknight|Bulk Up|p2a: Corviknight
|-boost|p2a: Corviknight|atk|1
|-boost|p2a: Corviknight|def|1
|move|p1a: Farigiraf|Trick Room|p1a: Farigiraf
|-fieldstart|move: Trick Room|[of] p1a: Farigiraf
|
|upkeep
|turn|2
|inactive|andiom123 has 30 seconds left.
|
|t:|1785369121
|switch|p1a: Torkoal|Torkoal, L50, M|100/100
|-weather|SunnyDay|[from] ability: Drought|[of] p1a: Torkoal
|move|p1b: Kangaskhan|Double-Edge|p2b: Farigiraf
|-damage|p2b: Farigiraf|0 fnt
|faint|p2b: Farigiraf
|-damage|p1b: Kangaskhan|82/100|[from] Recoil
|move|p2a: Corviknight|Body Press|p1b: Kangaskhan
|-supereffective|p1b: Kangaskhan|1
|-damage|p1b: Kangaskhan|31/100
|
|-weather|SunnyDay|[upkeep]
|upkeep
|
|t:|1785369130
|switch|p2b: Tyranitar|Tyranitar, L50, M|100/100
|-weather|Sandstorm|[from] ability: Sand Stream|[of] p2b: Tyranitar
|turn|3
|
|t:|1785369147
|move|p2b: Tyranitar|Protect|p2b: Tyranitar
|-singleturn|p2b: Tyranitar|Protect
|move|p1a: Torkoal|Eruption|p2b: Tyranitar|[spread] p2a
|-activate|p2b: Tyranitar|move: Protect
|-supereffective|p2a: Corviknight|1
|-damage|p2a: Corviknight|0 fnt
|faint|p2a: Corviknight
|move|p1b: Kangaskhan|Hammer Arm|p2b: Tyranitar
|-activate|p2b: Tyranitar|move: Protect
|
|-weather|Sandstorm|[upkeep]
|-damage|p1a: Torkoal|93/100|[from] Sandstorm
|-damage|p1b: Kangaskhan|25/100|[from] Sandstorm
|upkeep
|
|t:|1785369150
|switch|p2a: Kingambit|Kingambit, L50, F|100/100
|turn|4
|
|t:|1785369165
|switch|p1b: Farigiraf|Farigiraf, L50, M|100/100
|move|p2a: Kingambit|Sucker Punch||[still]
|cant|p1b: Farigiraf|ability: Armor Tail|Sucker Punch|[of] p2a: Kingambit
|move|p1a: Torkoal|Eruption|p2a: Kingambit|[spread] p2a,p2b
|-supereffective|p2a: Kingambit|1
|-crit|p2a: Kingambit
|-resisted|p2b: Tyranitar|1
|-damage|p2a: Kingambit|0 fnt
|-damage|p2b: Tyranitar|83/100
|faint|p2a: Kingambit
|move|p2b: Tyranitar|Rock Slide|p1a: Torkoal|[spread] p1a
|-miss|p2b: Tyranitar|p1b: Farigiraf
|-supereffective|p1a: Torkoal|1
|-damage|p1a: Torkoal|46/100
|
|-weather|Sandstorm|[upkeep]
|-damage|p1a: Torkoal|40/100|[from] Sandstorm
|-damage|p1b: Farigiraf|93/100|[from] Sandstorm
|upkeep
|turn|5
|
|t:|1785369184
|move|p1b: Farigiraf|Helping Hand|p1a: Torkoal
|-singleturn|p1a: Torkoal|Helping Hand|[of] p1b: Farigiraf
|move|p1a: Torkoal|Earth Power|p2b: Tyranitar
|-supereffective|p2b: Tyranitar|1
|-damage|p2b: Tyranitar|41/100
|move|p2b: Tyranitar|Rock Slide|p1a: Torkoal|[spread] p1a,p1b
|-supereffective|p1a: Torkoal|1
|-damage|p1a: Torkoal|0 fnt
|-damage|p1b: Farigiraf|66/100
|faint|p1a: Torkoal
|
|-weather|Sandstorm|[upkeep]
|-damage|p1b: Farigiraf|60/100|[from] Sandstorm
|-fieldend|move: Trick Room
|upkeep
|
|t:|1785369197
|switch|p1a: Kangaskhan|Kangaskhan-Mega, L50, F|25/100
|turn|6
|
|t:|1785369209
|move|p2b: Tyranitar|Protect|p2b: Tyranitar
|-singleturn|p2b: Tyranitar|Protect
|move|p1a: Kangaskhan|Fake Out|p2b: Tyranitar
|-activate|p2b: Tyranitar|move: Protect
|move|p1b: Farigiraf|Trick Room|p1b: Farigiraf
|-fieldstart|move: Trick Room|[of] p1b: Farigiraf
|
|-weather|Sandstorm|[upkeep]
|-damage|p1b: Farigiraf|54/100|[from] Sandstorm
|-damage|p1a: Kangaskhan|18/100|[from] Sandstorm
|upkeep
|turn|7
|
|t:|1785369231
|detailschange|p2b: Tyranitar|Tyranitar-Mega, L50, M
|-mega|p2b: Tyranitar|Tyranitar|Tyranitarite
|move|p1b: Farigiraf|Foul Play|p2b: Tyranitar
|-resisted|p2b: Tyranitar|1
|-damage|p2b: Tyranitar|29/100
|move|p2b: Tyranitar|Low Kick|p1a: Kangaskhan
|-supereffective|p1a: Kangaskhan|1
|-damage|p1a: Kangaskhan|0 fnt
|faint|p1a: Kangaskhan
|
|-weather|none
|upkeep
|
|t:|1785369240
|switch|p1a: Sylveon|Sylveon, L50, M|100/100
|turn|8
|
|t:|1785369245
|move|p1b: Farigiraf|Helping Hand|p1a: Sylveon
|-singleturn|p1a: Sylveon|Helping Hand|[of] p1b: Farigiraf
|move|p2b: Tyranitar|Protect|p2b: Tyranitar
|-singleturn|p2b: Tyranitar|Protect
|move|p1a: Sylveon|Hyper Voice|p2b: Tyranitar
|-activate|p2b: Tyranitar|move: Protect
|
|upkeep
|turn|9
|
|t:|1785369256
|move|p1b: Farigiraf|Helping Hand|p1a: Sylveon
|-singleturn|p1a: Sylveon|Helping Hand|[of] p1b: Farigiraf
|move|p1a: Sylveon|Hyper Voice|p2b: Tyranitar
|-supereffective|p2b: Tyranitar|1
|-damage|p2b: Tyranitar|0 fnt
|faint|p2b: Tyranitar
|
|win|andiom123
||h0000n is ready for game 3.
||andiom123 is ready for game 3.
|uhtml|next|Next: Game 3 of 3
|l|☆h0000n
|player|p2|
