|j|☆DamEdge
|j|☆SirSpiderVGC
|html|DamEdgeSirSpiderVGC    
|uhtml|bestof|Game 1 of a best-of-3
|t:|1785702297
|gametype|doubles
|player|p1|DamEdge|teamrocket|
|player|p2|SirSpiderVGC|lusamine-nihilego|
|gen|9
|tier|[Gen 9 Champions] VGC 2026 Reg M-B (Bo3)
|rule|Species Clause: Limit one of each Pokémon
|rule|Item Clause: Limit 1 of each item
|clearpoke
|poke|p1|Swampert, L50, M|
|poke|p1|Pelipper, L50, F|
|poke|p1|Archaludon, L50, F|
|poke|p1|Maushold, L50|
|poke|p1|Annihilape, L50, M|
|poke|p1|Sableye, L50, F|
|poke|p2|Pyroar, L50, M|
|poke|p2|Blastoise, L50, M|
|poke|p2|Aerodactyl, L50, M|
|poke|p2|Venusaur, L50, F|
|poke|p2|Torkoal, L50, F|
|poke|p2|Farigiraf, L50, M|
|teampreview|4
|showteam|p1|Swampert||Swampertite|Torrent|WaveCrash,HighHorsepower,IcePunch,Protect|Adamant||M|||50|]Pelipper||FocusSash|Drizzle|Hurricane,WeatherBall,Tailwind,Protect|Modest||F|||50|]Archaludon||Leftovers|Stamina|ElectroShot,DragonPulse,AuraSphere,Protect|Modest||F|||50|]Maushold||ChopleBerry|FriendGuard|BeatUp,FollowMe,Taunt,Protect|Timid|||||50|]Annihilape||SitrusBerry|Defiant|RageFist,DrainPunch,BulkUp,Protect|Jolly||M|||50|]Sableye||LightClay|Prankster|Encore,Reflect,LightScreen,RainDance|Bold||F|||50|
|showteam|p2|Pyroar||Pyroarite|Unnerve|Overheat,HeatWave,SolarBeam,Protect|Timid||M|||50|]Blastoise||Blastoisinite|Torrent|WaterSpout,IceBeam,DarkPulse,FakeOut|Quiet||M|||50|]Aerodactyl||ExpertBelt|Unnerve|RockSlide,IceFang,Taunt,Protect|Adamant||M|||50|]Venusaur||LifeOrb|Chlorophyll|EnergyBall,SludgeBomb,EarthPower,Protect|Modest||F|||50|]Torkoal||Charcoal|Drought|Eruption,WeatherBall,HelpingHand,Protect|Quiet||F|||50|]Farigiraf||ColburBerry|ArmorTail|TwinBeam,Thunderbolt,TrickRoom,RainDance|Relaxed||M|||50|
|c|☆SirSpiderVGC|glhf
|c|☆DamEdge|You too!
|
|t:|1785702345
|teamsize|p1|4
|teamsize|p2|4
|start
|switch|p1a: Maushold|Maushold, L50|100/100
|switch|p1b: Swampert|Swampert, L50, M|100/100
|switch|p2a: Crescendoll|Farigiraf, L50, M|100/100
|switch|p2b: Steam Machine|Blastoise, L50, M|100/100
|turn|1
|
|t:|1785702364
|detailschange|p1b: Swampert|Swampert-Mega, L50, M
|-mega|p1b: Swampert|Swampert|Swampertite
|detailschange|p2b: Steam Machine|Blastoise-Mega, L50, M
|-mega|p2b: Steam Machine|Blastoise|Blastoisinite
|move|p2b: Steam Machine|Fake Out|p1b: Swampert
|-damage|p1b: Swampert|93/100
|move|p1a: Maushold|Taunt|p2a: Crescendoll
|-start|p2a: Crescendoll|move: Taunt
|cant|p1b: Swampert|flinch
|cant|p2a: Crescendoll|move: Taunt|Trick Room
|
|upkeep
|turn|2
|
|t:|1785702390
|move|p1a: Maushold|Follow Me|p1a: Maushold
|-singleturn|p1a: Maushold|move: Follow Me
|move|p1b: Swampert|High Horsepower|p2b: Steam Machine
|-damage|p2b: Steam Machine|51/100
|move|p2b: Steam Machine|Dark Pulse|p1a: Maushold
|-crit|p1a: Maushold
|-damage|p1a: Maushold|19/100
|move|p2a: Crescendoll|Twin Beam|p1a: Maushold
|-damage|p1a: Maushold|0 fnt
|faint|p1a: Maushold
|-hitcount|p1: Maushold|1
|
|upkeep
|
|t:|1785702404
|switch|p1a: Archaludon|Archaludon, L50, F|100/100
|turn|3
|
|t:|1785702429
|switch|p2a: Veridis Quo|Venusaur, L50, F|100/100
|move|p1b: Swampert|High Horsepower|p2b: Steam Machine
|-damage|p2b: Steam Machine|4/100
|move|p1a: Archaludon|Dragon Pulse|p2b: Steam Machine
|-damage|p2b: Steam Machine|0 fnt
|faint|p2b: Steam Machine
|
|upkeep
|
|t:|1785702436
|switch|p2b: Burnin'|Torkoal, L50, F|100/100
|-weather|SunnyDay|[from] ability: Drought|[of] p2b: Burnin'
|turn|4
|
|t:|1785702476
|switch|p2b: Crescendoll|Farigiraf, L50, M|100/100
|move|p2a: Veridis Quo|Protect|p2a: Veridis Quo
|-singleturn|p2a: Veridis Quo|Protect
|move|p1b: Swampert|Protect|p1b: Swampert
|-singleturn|p1b: Swampert|Protect
|move|p1a: Archaludon|Dragon Pulse|p2b: Crescendoll
|-damage|p2b: Crescendoll|59/100
|
|-weather|SunnyDay|[upkeep]
|upkeep
|turn|5
|
|t:|1785702496
|move|p2a: Veridis Quo|Energy Ball|p1b: Swampert
|-supereffective|p1b: Swampert|2
|-damage|p1b: Swampert|0 fnt
|faint|p1b: Swampert
|-damage|p2a: Veridis Quo|90/100|[from] item: Life Orb
|move|p1a: Archaludon|Dragon Pulse|p2b: Crescendoll
|-damage|p2b: Crescendoll|19/100
|move|p2b: Crescendoll|Trick Room|p2b: Crescendoll
|-fieldstart|move: Trick Room|[of] p2b: Crescendoll
|
|-weather|SunnyDay|[upkeep]
|upkeep
|
|t:|1785702499
|switch|p1b: Sableye|Sableye, L50, F|100/100
|turn|6
|j| Cos(wt)
|
|t:|1785702522
|switch|p2b: Burnin'|Torkoal, L50, F|100/100
|move|p1b: Sableye|Light Screen|p1b: Sableye
|-sidestart|p1: DamEdge|move: Light Screen
|move|p1a: Archaludon|Dragon Pulse|p2b: Burnin'
|-damage|p2b: Burnin'|46/100
|move|p2a: Veridis Quo|Earth Power|p1a: Archaludon
|-supereffective|p1a: Archaludon|1
|-damage|p1a: Archaludon|53/100
|-ability|p1a: Archaludon|Stamina|boost
|-boost|p1a: Archaludon|def|1
|-damage|p2a: Veridis Quo|80/100|[from] item: Life Orb
|
|-weather|SunnyDay|[upkeep]
|-heal|p1a: Archaludon|59/100|[from] item: Leftovers
|upkeep
|turn|7
|
|t:|1785702547
|move|p2b: Burnin'|Helping Hand|p2a: Veridis Quo
|-singleturn|p2a: Veridis Quo|Helping Hand|[of] p2b: Burnin'
|move|p1a: Archaludon|Protect|p1a: Archaludon
|-singleturn|p1a: Archaludon|Protect
|move|p1b: Sableye|Rain Dance|p1b: Sableye
|-weather|RainDance
|move|p2a: Veridis Quo|Earth Power|p1a: Archaludon
|-activate|p1a: Archaludon|move: Protect
|
|-weather|RainDance|[upkeep]
|-heal|p1a: Archaludon|65/100|[from] item: Leftovers
|upkeep
|turn|8
|
|t:|1785702594
|move|p2b: Burnin'|Helping Hand|p2a: Veridis Quo
|-singleturn|p2a: Veridis Quo|Helping Hand|[of] p2b: Burnin'
|move|p1b: Sableye|Reflect|p1b: Sableye
|-sidestart|p1: DamEdge|Reflect
|move|p1a: Archaludon|Electro Shot||[still]
|-prepare|p1a: Archaludon|Electro Shot
|-boost|p1a: Archaludon|spa|1
|-anim|p1a: Archaludon|Electro Shot|p2b: Burnin'
|-damage|p2b: Burnin'|0 fnt
|faint|p2b: Burnin'
|move|p2a: Veridis Quo|Earth Power|p1a: Archaludon
|-supereffective|p1a: Archaludon|1
|-damage|p1a: Archaludon|0 fnt
|faint|p1a: Archaludon
|-damage|p2a: Veridis Quo|70/100|[from] item: Life Orb
|
|-weather|RainDance|[upkeep]
|upkeep
|
|t:|1785702605
|switch|p2b: Crescendoll|Farigiraf, L50, M|19/100
|turn|9
|-message|DamEdge forfeited.
|
|win|SirSpiderVGC
||SirSpiderVGC is ready for game 2.
||DamEdge is ready for game 2.
|uhtml|next|Next: Game 2 of 3
|l| Cos(wt)
|l|☆DamEdge
|player|p1|
