|j|☆yenjang
|j|☆D0DID0
|html|yenjangD0DID0    
|uhtml|bestof|Game 2 of a best-of-3
|t:|1786172559
|gametype|doubles
|player|p1|yenjang|cynthia-gen4|1123
|player|p2|D0DID0|palmer|1100
|gen|9
|tier|[Gen 9 Champions] VGC 2026 Reg M-B (Bo3)
|rated|
|rule|Species Clause: Limit one of each Pokémon
|rule|Item Clause: Limit 1 of each item
|clearpoke
|poke|p1|Raichu, L50, M, shiny|
|poke|p1|Sylveon, L50, F, shiny|
|poke|p1|Arcanine-Hisui, L50, M, shiny|
|poke|p1|Kingambit, L50, M, shiny|
|poke|p1|Farigiraf, L50, F, shiny|
|poke|p1|Staraptor, L50, M, shiny|
|poke|p2|Politoed, L50, F|
|poke|p2|Archaludon, L50, F|
|poke|p2|Swampert, L50, F|
|poke|p2|Sinistcha, L50|
|poke|p2|Grimmsnarl, L50, M|
|poke|p2|Gardevoir, L50, M|
|teampreview|4
|showteam|p1|Raichu||RaichuniteY|LightningRod|ZapCannon,FocusBlast,Protect,FakeOut|Timid||M|||50|]Sylveon||FairyFeather|Pixilate|HyperVoice,HyperBeam,Detect,QuickAttack|Modest||F|||50|]Arcanine-Hisui||FocusSash|RockHead|HeadSmash,FlareBlitz,Protect,ExtremeSpeed|Jolly||M|||50|]Kingambit||LifeOrb|Defiant|SuckerPunch,KowtowCleave,LowKick,Protect|Adamant||M|||50|]Farigiraf||SitrusBerry|ArmorTail|Thunderbolt,Psychic,HelpingHand,TrickRoom|Calm||F|||50|]Staraptor||Staraptite|Intimidate|CloseCombat,DualWingbeat,Protect,Tailwind|Jolly||M|||50|
|showteam|p2|Politoed||FocusSash|Drizzle|WeatherBall,IcyWind,HelpingHand,Protect|Timid||F|||50|]Archaludon||Leftovers|Stamina|ElectroShot,DracoMeteor,FlashCannon,Protect|Modest||F|||50|]Swampert||Swampertite|Torrent|WaveCrash,HighHorsepower,IcePunch,Protect|Naughty||F|||50|]Sinistcha||SitrusBerry|Hospitality|RagePowder,MatchaGotcha,LifeDew,Protect|Bold|||||50|]Grimmsnarl||LightClay|Prankster|LightScreen,Reflect,SpiritBreak,PartingShot|Impish||M|||50|]Gardevoir||Gardevoirite|Synchronize|HyperVoice,Psychic,CalmMind,Protect|Modest||M|||50|
|inactive|Battle timer is ON: inactive players will automatically lose when time's up. (requested by D0DID0)
|inactive|yenjang has 60 seconds left.
|inactive|yenjang has 30 seconds left.
|
|t:|1786172627
|teamsize|p1|4
|teamsize|p2|4
|start
|switch|p1a: Raichu|Raichu, L50, M, shiny|100/100
|switch|p1b: Sylveon|Sylveon, L50, F, shiny|100/100
|switch|p2a: Grimmsnarl|Grimmsnarl, L50, M|100/100
|switch|p2b: Gardevoir|Gardevoir, L50, M|100/100
|turn|1
|
|t:|1786172647
|detailschange|p2b: Gardevoir|Gardevoir-Mega, L50, M
|-mega|p2b: Gardevoir|Gardevoir|Gardevoirite
|move|p1a: Raichu|Fake Out|p2b: Gardevoir
|-damage|p2b: Gardevoir|89/100
|move|p2a: Grimmsnarl|Light Screen|p2a: Grimmsnarl
|-sidestart|p2: D0DID0|move: Light Screen
|cant|p2b: Gardevoir|flinch
|move|p1b: Sylveon|Hyper Voice|p2b: Gardevoir|[spread] p2a,p2b
|-supereffective|p2a: Grimmsnarl|1
|-damage|p2a: Grimmsnarl|44/100
|-damage|p2b: Gardevoir|65/100
|
|upkeep
|turn|2
|inactive|yenjang has 30 seconds left.
|inactive|D0DID0 has 30 seconds left.
|inactive|D0DID0 has 20 seconds left.
|inactive|D0DID0 has 15 seconds left.
|
|t:|1786172690
|move|p1a: Raichu|Protect|p1a: Raichu
|-singleturn|p1a: Raichu|Protect
|move|p2b: Gardevoir|Protect|p2b: Gardevoir
|-singleturn|p2b: Gardevoir|Protect
|move|p2a: Grimmsnarl|Parting Shot|p1b: Sylveon
|-unboost|p1b: Sylveon|atk|1
|-unboost|p1b: Sylveon|spa|1
|
|t:|1786172699
|switch|p2a: Sinistcha|Sinistcha, L50|100/100|[from] Parting Shot
|-heal|p2b: Gardevoir|90/100|[from] ability: Hospitality|[of] p2a: Sinistcha
|move|p1b: Sylveon|Hyper Voice|p2b: Gardevoir|[spread] p2a
|-activate|p2b: Gardevoir|move: Protect
|-damage|p2a: Sinistcha|80/100
|
|upkeep
|turn|3
|inactive|yenjang has 30 seconds left.
|
|t:|1786172731
|switch|p1b: Kingambit|Kingambit, L50, M, shiny|100/100
|detailschange|p1a: Raichu|Raichu-Mega-Y, L50, M, shiny
|-mega|p1a: Raichu|Raichu|Raichunite Y
|move|p2a: Sinistcha|Rage Powder|p2a: Sinistcha
|-singleturn|p2a: Sinistcha|move: Rage Powder
|move|p1a: Raichu|Zap Cannon|p2a: Sinistcha
|-resisted|p2a: Sinistcha|1
|-damage|p2a: Sinistcha|61/100
|-status|p2a: Sinistcha|par
|move|p2b: Gardevoir|Calm Mind|p2b: Gardevoir
|-boost|p2b: Gardevoir|spa|1
|-boost|p2b: Gardevoir|spd|1
|
|upkeep
|turn|4
|inactive|yenjang has 30 seconds left.
|
|t:|1786172762
|move|p1a: Raichu|Protect|p1a: Raichu
|-singleturn|p1a: Raichu|Protect
|move|p2a: Sinistcha|Rage Powder|p2a: Sinistcha
|-singleturn|p2a: Sinistcha|move: Rage Powder
|move|p2b: Gardevoir|Hyper Voice|p1b: Kingambit|[spread] p1b
|-activate|p1a: Raichu|move: Protect
|-damage|p1b: Kingambit|41/100
|move|p1b: Kingambit|Kowtow Cleave|p2a: Sinistcha
|-supereffective|p2a: Sinistcha|1
|-damage|p2a: Sinistcha|0 fnt
|faint|p2a: Sinistcha
|-damage|p1b: Kingambit|31/100|[from] item: Life Orb
|
|upkeep
|
|t:|1786172777
|switch|p2a: Grimmsnarl|Grimmsnarl, L50, M|44/100
|turn|5
|
|t:|1786172801
|switch|p1a: Staraptor|Staraptor, L50, M, shiny|100/100
|-ability|p1a: Staraptor|Intimidate|boost
|-unboost|p2a: Grimmsnarl|atk|1
|-unboost|p2b: Gardevoir|atk|1
|move|p2a: Grimmsnarl|Reflect|p2a: Grimmsnarl
|-sidestart|p2: D0DID0|Reflect
|move|p1b: Kingambit|Sucker Punch|p2b: Gardevoir
|-damage|p2b: Gardevoir|48/100
|-damage|p1b: Kingambit|22/100|[from] item: Life Orb
|move|p2b: Gardevoir|Hyper Voice|p1b: Kingambit|[spread] p1a,p1b
|-damage|p1a: Staraptor|1/100
|-damage|p1b: Kingambit|0 fnt
|faint|p1b: Kingambit
|
|upkeep
|
|t:|1786172819
|switch|p1b: Sylveon|Sylveon, L50, F, shiny|100/100
|turn|6
|inactive|yenjang has 30 seconds left.
|inactive|D0DID0 has 30 seconds left.
|
|t:|1786172849
|move|p2b: Gardevoir|Protect|p2b: Gardevoir
|-singleturn|p2b: Gardevoir|Protect
|move|p1a: Staraptor|Tailwind|p1a: Staraptor
|-sidestart|p1: yenjang|move: Tailwind
|move|p1b: Sylveon|Hyper Voice|p2b: Gardevoir|[spread] p2a
|-activate|p2b: Gardevoir|move: Protect
|-supereffective|p2a: Grimmsnarl|1
|-damage|p2a: Grimmsnarl|0 fnt
|faint|p2a: Grimmsnarl
|
|upkeep
|
|t:|1786172859
|switch|p2a: Politoed|Politoed, L50, F|100/100
|-weather|RainDance|[from] ability: Drizzle|[of] p2a: Politoed
|turn|7
|
|t:|1786172881
|move|p1a: Staraptor|Dual Wingbeat|p2b: Gardevoir
|-damage|p2b: Gardevoir|34/100
|-damage|p2b: Gardevoir|20/100r
|-hitcount|p2b: Gardevoir|2
|move|p1b: Sylveon|Hyper Voice|p2a: Politoed|[spread] p2a,p2b
|-damage|p2a: Politoed|65/100
|-damage|p2b: Gardevoir|4/100
|move|p2b: Gardevoir|Hyper Voice|p1b: Sylveon|[spread] p1a,p1b
|-damage|p1a: Staraptor|0 fnt
|-damage|p1b: Sylveon|40/100
|faint|p1a: Staraptor
|move|p2a: Politoed|Icy Wind|p1b: Sylveon
|-damage|p1b: Sylveon|27/100
|-unboost|p1b: Sylveon|spe|1
|
|-weather|RainDance|[upkeep]
|upkeep
|
|t:|1786172896
|switch|p1a: Raichu|Raichu-Mega-Y, L50, M, shiny|100/100
|turn|8
|
|t:|1786172917
|move|p2b: Gardevoir|Protect|p2b: Gardevoir
|-singleturn|p2b: Gardevoir|Protect
|move|p1b: Sylveon|Quick Attack|p2b: Gardevoir
|-activate|p2b: Gardevoir|move: Protect
|move|p1a: Raichu|Zap Cannon|p2a: Politoed
|-supereffective|p2a: Politoed|1
|-damage|p2a: Politoed|0 fnt
|faint|p2a: Politoed
|
|-weather|RainDance|[upkeep]
|-sideend|p2: D0DID0|move: Light Screen
|upkeep
|turn|9
|
|t:|1786172940
|move|p2b: Gardevoir|Protect||[still]
|-fail|p2b: Gardevoir
|move|p1a: Raichu|Zap Cannon|p2b: Gardevoir
|-damage|p2b: Gardevoir|0 fnt
|faint|p2b: Gardevoir
|
|win|yenjang
