|j|☆okes30
|j|☆closerthebestop
|html|okes30closerthebestop    
|uhtml|bestof|Game 1 of a best-of-3
|t:|1784214838
|gametype|doubles
|player|p1|okes30|1|1189
|player|p2|closerthebestop|veteran|1193
|gen|9
|tier|[Gen 9 Champions] VGC 2026 Reg M-B (Bo3)
|rated|
|rule|Species Clause: Limit one of each Pokémon
|rule|Item Clause: Limit 1 of each item
|clearpoke
|poke|p1|Delphox, L50, F|
|poke|p1|Blastoise, L50, M|
|poke|p1|Sinistcha-Masterpiece, L50|
|poke|p1|Sneasler, L50, F|
|poke|p1|Incineroar, L50, F, shiny|
|poke|p1|Kingambit, L50, F|
|poke|p2|Froslass, L50, F|
|poke|p2|Dragonite, L50, F|
|poke|p2|Toxapex, L50, F|
|poke|p2|Sneasler, L50, M|
|poke|p2|Kingambit, L50, M|
|poke|p2|Metagross, L50|
|teampreview|4
|showteam|p1|Delphox||Delphoxite|Blaze|HeatWave,Psyshock,NastyPlot,Protect|Modest||F|||50|]Blastoise||Blastoisinite|RainDish|WaterSpout,DarkPulse,ShellSmash,Protect|Modest||M|||50|]Sinistcha-Masterpiece||MentalHerb|Hospitality|TrickRoom,MatchaGotcha,RagePowder,Imprison|Calm|||||50|]Sneasler||FocusSash|PoisonTouch|PoisonJab,FakeOut,QuickGuard,CloseCombat|Adamant||F|||50|]Incineroar||SitrusBerry|Intimidate|PartingShot,FakeOut,FlareBlitz,ThroatChop|Careful||F|||50|]Kingambit||BlackGlasses|Defiant|LowKick,SuckerPunch,KowtowCleave,Protect|Adamant||F|||50|
|showteam|p2|Froslass||Froslassite|CursedBody|Blizzard,ShadowBall,AuroraVeil,Protect|Timid||F|||50|]Dragonite||LifeOrb|InnerFocus|DragonClaw,ExtremeSpeed,LowKick,Protect|Adamant||F|||50|]Toxapex||Leftovers|Regenerator|Infestation,Toxic,WideGuard,BanefulBunker|Bold||F|||50|]Sneasler||FocusSash|PoisonTouch|CloseCombat,PoisonJab,FakeOut,Protect|Jolly||M|||50|]Kingambit||BlackGlasses|Defiant|KowtowCleave,IronHead,SuckerPunch,Protect|Adamant||M|||50|]Metagross||Metagrossite|ClearBody|PsychicFangs,IronHead,Protect,BodyPress|Jolly|||||50|
|inactive|Battle timer is ON: inactive players will automatically lose when time's up. (requested by closerthebestop)
|inactive|okes30 has 60 seconds left.
|inactive|closerthebestop has 60 seconds left.
|
|t:|1784214899
|teamsize|p1|4
|teamsize|p2|4
|start
|switch|p1a: Delphox|Delphox, L50, F|100/100
|switch|p1b: Incineroar|Incineroar, L50, F, shiny|100/100
|switch|p2a: Dragonite|Dragonite, L50, F|100/100
|switch|p2b: Sneasler|Sneasler, L50, M|100/100
|-ability|p1b: Incineroar|Intimidate|boost
|-fail|p2a: Dragonite|unboost|Attack|[from] ability: Inner Focus|[of] p2a: Dragonite
|-unboost|p2b: Sneasler|atk|1
|turn|1
|
|t:|1784214914
|detailschange|p1a: Delphox|Delphox-Mega, L50, F
|-mega|p1a: Delphox|Delphox|Delphoxite
|move|p1a: Delphox|Protect|p1a: Delphox
|-singleturn|p1a: Delphox|Protect
|move|p2b: Sneasler|Fake Out|p1b: Incineroar
|-damage|p1b: Incineroar|90/100
|move|p2a: Dragonite|Dragon Claw|p1a: Delphox
|-activate|p1a: Delphox|move: Protect
|cant|p1b: Incineroar|flinch
|
|upkeep
|turn|2
|inactive|okes30 has 30 seconds left.
|
|t:|1784214947
|move|p2b: Sneasler|Poison Jab|p1a: Delphox
|-damage|p1a: Delphox|58/100
|move|p1a: Delphox|Nasty Plot|p1a: Delphox
|-boost|p1a: Delphox|spa|2
|move|p2a: Dragonite|Dragon Claw|p1a: Delphox
|-damage|p1a: Delphox|0 fnt
|faint|p1a: Delphox
|-damage|p2a: Dragonite|90/100|[from] item: Life Orb
|move|p1b: Incineroar|Throat Chop|p2a: Dragonite
|-damage|p2a: Dragonite|61/100
|-start|p2a: Dragonite|Throat Chop|[silent]
|
|upkeep
|l|☆closerthebestop
|inactive|closerthebestop disconnected and has a minute to reconnect!
|player|p2|
|
|t:|1784214956
|switch|p1a: Sneasler|Sneasler, L50, F|100/100
|turn|3
|j|☆closerthebestop
|inactive|closerthebestop reconnected and has 55 seconds left.
|player|p2|closerthebestop|veteran|
|inactive|closerthebestop has 30 seconds left.
|inactive|closerthebestop has 20 seconds left.
|
|t:|1784214991
|move|p2a: Dragonite|Extreme Speed|p1a: Sneasler
|-damage|p1a: Sneasler|39/100
|-damage|p2a: Dragonite|51/100|[from] item: Life Orb
|move|p2b: Sneasler|Close Combat|p1b: Incineroar
|-supereffective|p1b: Incineroar|1
|-damage|p1b: Incineroar|6/100
|-unboost|p2b: Sneasler|def|1
|-unboost|p2b: Sneasler|spd|1
|-enditem|p1b: Incineroar|Sitrus Berry|[eat]
|-heal|p1b: Incineroar|31/100|[from] item: Sitrus Berry
|move|p1a: Sneasler|Poison Jab|p2a: Dragonite
|-damage|p2a: Dragonite|14/100
|move|p1b: Incineroar|Parting Shot|p2b: Sneasler
|-unboost|p2b: Sneasler|atk|1
|-unboost|p2b: Sneasler|spa|1
|
|t:|1784215005
|switch|p1b: Kingambit|Kingambit, L50, F|100/100|[from] Parting Shot
|
|-end|p2a: Dragonite|Throat Chop|[silent]
|upkeep
|turn|4
|
|t:|1784215028
|move|p2a: Dragonite|Extreme Speed|p1a: Sneasler
|-damage|p1a: Sneasler|0 fnt
|faint|p1a: Sneasler
|-damage|p2a: Dragonite|5/100|[from] item: Life Orb
|move|p1b: Kingambit|Sucker Punch||[still]
|-fail|p1b: Kingambit
|move|p2b: Sneasler|Close Combat|p1b: Kingambit
|-supereffective|p1b: Kingambit|2
|-damage|p1b: Kingambit|5/100
|-unboost|p2b: Sneasler|def|1
|-unboost|p2b: Sneasler|spd|1
|
|upkeep
|
|t:|1784215033
|switch|p1a: Incineroar|Incineroar, L50, F, shiny|31/100
|-ability|p1a: Incineroar|Intimidate|boost
|-fail|p2a: Dragonite|unboost|Attack|[from] ability: Inner Focus|[of] p2a: Dragonite
|-unboost|p2b: Sneasler|atk|1
|turn|5
|
|t:|1784215049
|move|p1a: Incineroar|Fake Out|p2a: Dragonite
|-damage|p2a: Dragonite|0 fnt
|faint|p2a: Dragonite
|move|p1b: Kingambit|Sucker Punch|p2b: Sneasler
|-resisted|p2b: Sneasler|1
|-damage|p2b: Sneasler|12/100
|move|p2b: Sneasler|Close Combat|p1a: Incineroar
|-supereffective|p1a: Incineroar|1
|-damage|p1a: Incineroar|0 fnt
|-unboost|p2b: Sneasler|def|1
|-unboost|p2b: Sneasler|spd|1
|faint|p1a: Incineroar
|
|upkeep
|
|t:|1784215062
|switch|p2a: Metagross|Metagross, L50|100/100
|turn|6
|
|t:|1784215073
|move|p2b: Sneasler|Close Combat|p1b: Kingambit
|-supereffective|p1b: Kingambit|2
|-damage|p1b: Kingambit|0 fnt
|-unboost|p2b: Sneasler|def|1
|-unboost|p2b: Sneasler|spd|1
|faint|p1b: Kingambit
|
|win|closerthebestop
||okes30 is ready for game 2.
||closerthebestop is ready for game 2.
|uhtml|next|Next: Game 2 of 3
