|j|☆natsukivgc
|j|☆hieu213
|html|natsukivgchieu213    
|uhtml|bestof|Game 1 of a best-of-3
|t:|1785947230
|gametype|doubles
|player|p1|natsukivgc|265|1168
|player|p2|hieu213|266|1000
|gen|9
|tier|[Gen 9 Champions] VGC 2026 Reg M-B (Bo3)
|rated|
|rule|Species Clause: Limit one of each Pokémon
|rule|Item Clause: Limit 1 of each item
|clearpoke
|poke|p1|Hydreigon, L50, F|
|poke|p1|Garchomp, L50, F|
|poke|p1|Metagross, L50|
|poke|p1|Charizard, L50, F|
|poke|p1|Grimmsnarl, L50, M|
|poke|p1|Toxapex, L50, F|
|poke|p2|Sableye, L50, M|
|poke|p2|Morpeko, L50, M|
|poke|p2|Weavile, L50, M|
|poke|p2|Hydreigon, L50, M|
|poke|p2|Scrafty, L50, M|
|poke|p2|Kingambit, L50, M|
|teampreview|4
|showteam|p1|Hydreigon||ChoiceScarf|Levitate|HeatWave,DarkPulse,DracoMeteor,Snarl|Modest||F|||50|]Garchomp||SitrusBerry|RoughSkin|Earthquake,RockSlide,DragonClaw,Protect|Adamant||F|||50|]Metagross||Metagrossite|ClearBody|IronHead,HammerArm,BulletPunch,Protect|Adamant|||||50|]Charizard||CharizarditeY|Blaze|Protect,HeatWave,SolarBeam,WeatherBall|Timid||F|||50|]Grimmsnarl||RoseliBerry|Prankster|FakeOut,FoulPlay,Reflect,PartingShot|Sassy||M|||50|]Toxapex||Leftovers|Regenerator|Infestation,Toxic,BanefulBunker,WideGuard|Bold||F|||50|
|showteam|p2|Sableye||RoseliBerry|Prankster|SkillSwap,Quash,Disable,Encore|Bold||M|||50|]Morpeko||LifeOrb|HungerSwitch|KnockOff,FakeOut,AuraWheel,Protect|Jolly||M|||50|]Weavile||KingsRock|Pressure|IcicleCrash,KnockOff,Fling,Protect|Jolly||M|||50|]Hydreigon||WhiteHerb|Levitate|Flamethrower,FlashCannon,DracoMeteor,Protect|Timid||M|||50|]Scrafty||Scraftinite|Intimidate|DrainPunch,KnockOff,CloseCombat,Detect|Adamant||M|||50|]Kingambit||ChopleBerry|Defiant|LowKick,IronDefense,SuckerPunch,Protect|Adamant||M|||50|
|inactive|Battle timer is ON: inactive players will automatically lose when time's up. (requested by hieu213)
|inactive|natsukivgc has 60 seconds left.
|inactive|natsukivgc has 30 seconds left.
|
|t:|1785947301
|teamsize|p1|4
|teamsize|p2|4
|start
|switch|p1a: Grimmsnarl|Grimmsnarl, L50, M|100/100
|switch|p1b: Charizard|Charizard, L50, F|100/100
|switch|p2a: Morpeko|Morpeko, L50, M|100/100
|switch|p2b: Hydreigon|Hydreigon, L50, M|100/100
|turn|1
|inactive|natsukivgc has 30 seconds left.
|inactive|natsukivgc has 20 seconds left.
|
|t:|1785947340
|detailschange|p1b: Charizard|Charizard-Mega-Y, L50, F
|-mega|p1b: Charizard|Charizard|Charizardite Y
|-weather|SunnyDay|[from] ability: Drought|[of] p1b: Charizard
|move|p2a: Morpeko|Fake Out|p1a: Grimmsnarl
|-damage|p1a: Grimmsnarl|85/100
|-damage|p2a: Morpeko|90/100|[from] item: Life Orb
|cant|p1a: Grimmsnarl|flinch
|move|p2b: Hydreigon|Flash Cannon|p1a: Grimmsnarl
|-supereffective|p1a: Grimmsnarl|1
|-damage|p1a: Grimmsnarl|34/100
|move|p1b: Charizard|Weather Ball|p2a: Morpeko
|-damage|p2a: Morpeko|0 fnt
|faint|p2a: Morpeko
|
|-weather|SunnyDay|[upkeep]
|upkeep
|
|t:|1785947355
|switch|p2a: Sableye|Sableye, L50, M|100/100
|turn|2
|inactive|natsukivgc has 30 seconds left.
|inactive|natsukivgc has 20 seconds left.
|inactive|natsukivgc has 15 seconds left.
|
|t:|1785947396
|switch|p1a: Toxapex|Toxapex, L50, F|100/100
|move|p2a: Sableye|Disable|p1b: Charizard
|-start|p1b: Charizard|Disable|Weather Ball
|move|p2b: Hydreigon|Flamethrower|p1a: Toxapex
|-resisted|p1a: Toxapex|1
|-damage|p1a: Toxapex|82/100
|move|p1b: Charizard|Heat Wave|p2b: Hydreigon|[spread] p2a,p2b
|-resisted|p2b: Hydreigon|1
|-damage|p2a: Sableye|25/100
|-damage|p2b: Hydreigon|70/100
|
|-weather|SunnyDay|[upkeep]
|-heal|p1a: Toxapex|88/100|[from] item: Leftovers
|upkeep
|turn|3
|
|t:|1785947420
|move|p1b: Charizard|Protect|p1b: Charizard
|-singleturn|p1b: Charizard|Protect
|move|p2a: Sableye|Quash|p1b: Charizard
|-activate|p1b: Charizard|move: Protect
|move|p2b: Hydreigon|Draco Meteor|p1b: Charizard
|-activate|p1b: Charizard|move: Protect
|move|p1a: Toxapex|Toxic|p2b: Hydreigon
|-status|p2b: Hydreigon|tox
|
|-weather|SunnyDay|[upkeep]
|-heal|p1a: Toxapex|94/100|[from] item: Leftovers
|-damage|p2b: Hydreigon|64/100 tox|[from] psn
|upkeep
|turn|4
|
|t:|1785947442
|switch|p1b: Grimmsnarl|Grimmsnarl, L50, M|34/100
|move|p2b: Hydreigon|Protect|p2b: Hydreigon
|-singleturn|p2b: Hydreigon|Protect
|move|p2a: Sableye|Encore|p1b: Grimmsnarl
|-hint|Since gen 7, Dark is immune to Prankster moves.
|-immune|p1b: Grimmsnarl
|move|p1a: Toxapex|Infestation|p2b: Hydreigon
|-activate|p2b: Hydreigon|move: Protect
|
|-weather|SunnyDay|[upkeep]
|-heal|p1a: Toxapex|100/100|[from] item: Leftovers
|-damage|p2b: Hydreigon|52/100 tox|[from] psn
|upkeep
|turn|5
|
|t:|1785947464
|move|p1b: Grimmsnarl|Reflect|p1b: Grimmsnarl
|-sidestart|p1: natsukivgc|Reflect
|move|p2a: Sableye|Encore|p1a: Toxapex
|-start|p1a: Toxapex|Encore
|move|p2b: Hydreigon|Flash Cannon|p1b: Grimmsnarl
|-supereffective|p1b: Grimmsnarl|1
|-damage|p1b: Grimmsnarl|0 fnt
|faint|p1b: Grimmsnarl
|move|p1a: Toxapex|Infestation|p2b: Hydreigon
|-supereffective|p2b: Hydreigon|1
|-damage|p2b: Hydreigon|45/100 tox
|-activate|p2b: Hydreigon|move: Infestation|[of] p1a: Toxapex
|
|-weather|none
|-damage|p2b: Hydreigon|27/100 tox|[from] psn
|-damage|p2b: Hydreigon|15/100 tox|[from] move: Infestation|[partiallytrapped]
|upkeep
|
|t:|1785947481
|switch|p1b: Charizard|Charizard-Mega-Y, L50, F|100/100
|-weather|SunnyDay|[from] ability: Drought|[of] p1b: Charizard
|turn|6
|
|t:|1785947499
|move|p1b: Charizard|Protect|p1b: Charizard
|-singleturn|p1b: Charizard|Protect
|move|p2a: Sableye|Disable|p1a: Toxapex
|-start|p1a: Toxapex|Disable|Infestation
|move|p2b: Hydreigon|Draco Meteor|p1b: Charizard
|-activate|p1b: Charizard|move: Protect
|cant|p1a: Toxapex|Disable|Infestation
|
|-weather|SunnyDay|[upkeep]
|-damage|p2b: Hydreigon|0 fnt|[from] psn
|faint|p2b: Hydreigon
|upkeep
|
|t:|1785947512
|switch|p2b: Scrafty|Scrafty, L50, M|100/100
|-ability|p2b: Scrafty|Intimidate|boost
|-unboost|p1a: Toxapex|atk|1
|-unboost|p1b: Charizard|atk|1
|turn|7
|
|t:|1785947529
|detailschange|p2b: Scrafty|Scrafty-Mega, L50, M
|-mega|p2b: Scrafty|Scrafty|Scraftinite
|-ability|p2b: Scrafty|Intimidate|boost
|-unboost|p1a: Toxapex|atk|1
|-unboost|p1b: Charizard|atk|1
|move|p2a: Sableye|Encore|p1b: Charizard
|-start|p1b: Charizard|Encore
|move|p1b: Charizard|Protect||[still]
|-fail|p1b: Charizard
|move|p2b: Scrafty|Knock Off|p1b: Charizard
|-damage|p1b: Charizard|72/100
|-activate|p1a: Toxapex|move: Struggle
|move|p1a: Toxapex|Struggle|p2a: Sableye
|-damage|p2a: Sableye|21/100
|-damage|p1a: Toxapex|75/100|[from] recoil
|
|-weather|SunnyDay|[upkeep]
|-heal|p1a: Toxapex|80/100|[from] item: Leftovers
|-end|p1a: Toxapex|Encore
|upkeep
|turn|8
|
|t:|1785947551
|-heal|p1a: Toxapex|100/100|[from] ability: Regenerator|[silent]
|switch|p1a: Garchomp|Garchomp, L50, F|100/100
|move|p1b: Charizard|Protect|p1b: Charizard
|-singleturn|p1b: Charizard|Protect
|move|p2a: Sableye|Encore||[still]
|-fail|p2a: Sableye
|move|p2b: Scrafty|Knock Off|p1a: Garchomp
|-damage|p1a: Garchomp|68/100
|-damage|p2b: Scrafty|87/100|[from] ability: Rough Skin|[of] p1a: Garchomp
|-enditem|p1a: Garchomp|Sitrus Berry|[from] move: Knock Off|[of] p2b: Scrafty
|
|-weather|SunnyDay|[upkeep]
|upkeep
|turn|9
|inactive|natsukivgc has 30 seconds left.
|
|t:|1785947577
|move|p1b: Charizard|Protect||[still]
|-fail|p1b: Charizard
|move|p2a: Sableye|Quash|p1a: Garchomp
|-activate|p1a: Garchomp|move: Quash
|move|p2b: Scrafty|Drain Punch|p1a: Garchomp
|-damage|p1a: Garchomp|45/100
|-heal|p2b: Scrafty|100/100|[from] drain|[of] p1a: Garchomp
|-damage|p2b: Scrafty|87/100|[from] ability: Rough Skin|[of] p1a: Garchomp
|move|p1a: Garchomp|Earthquake|p2b: Scrafty|[spread] p2a,p2b
|-immune|p1b: Charizard
|-damage|p2a: Sableye|0 fnt
|-damage|p2b: Scrafty|52/100
|faint|p2a: Sableye
|
|-weather|SunnyDay|[upkeep]
|-end|p1b: Charizard|Encore
|-sideend|p1: natsukivgc|Reflect
|upkeep
|turn|10
|-message|hieu213 forfeited.
|raw|natsukivgc's rating: 1168 → 1182(+14 for winning)
|raw|hieu213's rating: 1000 → 1000(+0 for losing)
|
|win|natsukivgc
