|j|☆ZoryaPet
|j|☆Kardeas
|html|ZoryaPetKardeas    
|uhtml|bestof|Game 2 of a best-of-3
|t:|1784423256
|gametype|doubles
|player|p1|ZoryaPet|101|
|player|p2|Kardeas|clerkf|
|gen|9
|tier|[Gen 9 Champions] VGC 2026 Reg M-B (Bo3)
|rule|Species Clause: Limit one of each Pokémon
|rule|Item Clause: Limit 1 of each item
|clearpoke
|poke|p1|Blaziken, L50, M|
|poke|p1|Venusaur, L50, M|
|poke|p1|Kingambit, L50, M|
|poke|p1|Lycanroc-Dusk, L50, F|
|poke|p1|Basculegion, L50, M|
|poke|p1|Ninetales-Alola, L50, F|
|poke|p2|Swampert, L50, M|
|poke|p2|Sableye, L50, M|
|poke|p2|Pelipper, L50, F|
|poke|p2|Archaludon, L50, M|
|poke|p2|Venusaur, L50, F|
|poke|p2|Gholdengo, L50|
|teampreview|4
|showteam|p1|Blaziken||Blazikenite|SpeedBoost|FlareBlitz,CloseCombat,StoneEdge,Detect|Adamant||M|||50|]Venusaur||Venusaurite|Chlorophyll|GigaDrain,SludgeBomb,EarthPower,Protect|Modest||M|||50|]Kingambit||LifeOrb|Defiant|KowtowCleave,SuckerPunch,IronHead,Protect|Adamant||M|||50|]Lycanroc-Dusk||FocusSash|ToughClaws|RockSlide,Accelerock,CloseCombat,Protect|Adamant||F|||50|]Basculegion||ChoiceScarf|Adaptability|WaveCrash,LastRespects,AquaJet,FlipTurn|Jolly||M|||50|]Ninetales-Alola||NeverMeltIce|SnowWarning|Blizzard,FreezeDry,Encore,Protect|Timid||F|||50|
|showteam|p2|Swampert||Swampertite|Torrent|WaveCrash,HighHorsepower,IcePunch,Protect|Adamant||M|||50|]Sableye||RoseliBerry|Prankster|Encore,LightScreen,Reflect,RainDance|Sassy||M|||50|]Pelipper||SitrusBerry|Drizzle|Hurricane,WeatherBall,Tailwind,WideGuard|Modest||F|||50|]Archaludon||Leftovers|Stamina|DragonPulse,ElectroShot,FlashCannon,Protect|Calm||M|||50|]Venusaur||Venusaurite|Chlorophyll|SludgeBomb,GigaDrain,EarthPower,Protect|Modest||F|||50|]Gholdengo||LifeOrb|GoodasGold|MakeItRain,ShadowBall,PowerGem,Protect|Timid|||||50|
|inactive|Battle timer is ON: inactive players will automatically lose when time's up. (requested by ZoryaPet)
|j| usabby
|inactive|ZoryaPet has 60 seconds left.
|inactive|Kardeas has 60 seconds left.
|
|t:|1784423299
|teamsize|p1|4
|teamsize|p2|4
|start
|switch|p1a: Venusaur|Venusaur, L50, M|100/100
|switch|p1b: Kingambit|Kingambit, L50, M|100/100
|switch|p2a: Trevor|Venusaur, L50, F|100/100
|switch|p2b: Top G|Sableye, L50, M|100/100
|turn|1
|inactive|Kardeas has 30 seconds left.
|inactive|Kardeas has 20 seconds left.
|
|t:|1784423337
|detailschange|p1a: Venusaur|Venusaur-Mega, L50, M
|-mega|p1a: Venusaur|Venusaur|Venusaurite
|move|p2a: Trevor|Protect|p2a: Trevor
|-singleturn|p2a: Trevor|Protect
|move|p2b: Top G|Reflect|p2b: Top G
|-sidestart|p2: Kardeas|Reflect
|move|p1a: Venusaur|Giga Drain|p2b: Top G
|-damage|p2b: Top G|55/100
|move|p1b: Kingambit|Kowtow Cleave|p2b: Top G
|-damage|p2b: Top G|1/100
|-damage|p1b: Kingambit|90/100|[from] item: Life Orb
|
|upkeep
|turn|2
|inactive|ZoryaPet has 30 seconds left.
|
|t:|1784423365
|detailschange|p2a: Trevor|Venusaur-Mega, L50, F
|-mega|p2a: Trevor|Venusaur|Venusaurite
|move|p2b: Top G|Encore|p1a: Venusaur
|-start|p1a: Venusaur|Encore
|move|p2a: Trevor|Earth Power|p1b: Kingambit
|-supereffective|p1b: Kingambit|1
|-damage|p1b: Kingambit|26/100
|move|p1a: Venusaur|Giga Drain|p2b: Top G
|-damage|p2b: Top G|0 fnt
|faint|p2b: Top G
|move|p1b: Kingambit|Kowtow Cleave|p2a: Trevor
|-damage|p2a: Trevor|61/100
|-damage|p1b: Kingambit|16/100|[from] item: Life Orb
|
|upkeep
|
|t:|1784423379
|switch|p2b: Ororo|Pelipper, L50, F|100/100
|-weather|RainDance|[from] ability: Drizzle|[of] p2b: Ororo
|turn|3
|
|t:|1784423392
|switch|p1a: Ninetales|Ninetales-Alola, L50, F|100/100
|-weather|Snowscape|[from] ability: Snow Warning|[of] p1a: Ninetales
|switch|p2b: Peynado|Archaludon, L50, M|100/100
|move|p1b: Kingambit|Sucker Punch|p2a: Trevor
|-damage|p2a: Trevor|31/100
|-damage|p1b: Kingambit|7/100|[from] item: Life Orb
|move|p2a: Trevor|Earth Power|p1b: Kingambit
|-supereffective|p1b: Kingambit|1
|-damage|p1b: Kingambit|0 fnt
|faint|p1b: Kingambit
|
|-weather|Snowscape|[upkeep]
|upkeep
|j| thacrow
|l| thacrow
|
|t:|1784423414
|switch|p1b: Venusaur|Venusaur-Mega, L50, M|100/100
|turn|4
|j| triziateam
|inactive|Kardeas has 30 seconds left.
|
|t:|1784423443
|move|p1a: Ninetales|Protect|p1a: Ninetales
|-singleturn|p1a: Ninetales|Protect
|move|p2a: Trevor|Protect|p2a: Trevor
|-singleturn|p2a: Trevor|Protect
|move|p2b: Peynado|Flash Cannon|p1a: Ninetales
|-activate|p1a: Ninetales|move: Protect
|move|p1b: Venusaur|Sludge Bomb|p2a: Trevor
|-activate|p2a: Trevor|move: Protect
|
|-weather|Snowscape|[upkeep]
|upkeep
|turn|5
|
|t:|1784423462
|move|p1a: Ninetales|Encore|p2b: Peynado
|-start|p2b: Peynado|Encore
|move|p2b: Peynado|Flash Cannon|p1a: Ninetales
|-supereffective|p1a: Ninetales|2
|-damage|p1a: Ninetales|0 fnt
|faint|p1a: Ninetales
|move|p1b: Venusaur|Sludge Bomb|p2a: Trevor
|-damage|p2a: Trevor|0 fnt
|faint|p2a: Trevor
|
|-weather|Snowscape|[upkeep]
|-sideend|p2: Kardeas|Reflect
|upkeep
|
|t:|1784423471
|switch|p1a: Basculegion|Basculegion, L50, M|100/100
|switch|p2a: Ororo|Pelipper, L50, F|100/100
|-weather|RainDance|[from] ability: Drizzle|[of] p2a: Ororo
|turn|6
|j| thacrow
|inactive|Kardeas has 30 seconds left.
|inactive|Kardeas has 20 seconds left.
|
|t:|1784423517
|move|p1a: Basculegion|Last Respects|p2a: Ororo
|-damage|p2a: Ororo|1/100
|-enditem|p2a: Ororo|Sitrus Berry|[eat]
|-heal|p2a: Ororo|25/100|[from] item: Sitrus Berry
|move|p2b: Peynado|Flash Cannon|p1b: Venusaur
|-damage|p1b: Venusaur|74/100
|move|p1b: Venusaur|Sludge Bomb|p2a: Ororo
|-damage|p2a: Ororo|0 fnt
|faint|p2a: Ororo
|
|-weather|RainDance|[upkeep]
|upkeep
|turn|7
|
|t:|1784423529
|move|p1a: Basculegion|Last Respects|p2b: Peynado
|-damage|p2b: Peynado|34/100
|-ability|p2b: Peynado|Stamina|boost
|-boost|p2b: Peynado|def|1
|move|p2b: Peynado|Flash Cannon|p1b: Venusaur
|-damage|p1b: Venusaur|46/100
|move|p1b: Venusaur|Earth Power|p2b: Peynado
|-supereffective|p2b: Peynado|1
|-damage|p2b: Peynado|0 fnt
|faint|p2b: Peynado
|
|win|ZoryaPet
|c|☆ZoryaPet|ggs wp
|c|☆Kardeas|ggs
|l|☆Kardeas
|player|p2|
|l| triziateam
|l| usabby
|l| thacrow
