|j|☆elpibevgc
|j|☆Lagv
|html|elpibevgcLagv    
|uhtml|bestof|Game 3 of a best-of-3
|t:|1785616778
|gametype|doubles
|player|p1|elpibevgc|lucas|1133
|player|p2|Lagv|2|1070
|gen|9
|tier|[Gen 9 Champions] VGC 2026 Reg M-B (Bo3)
|rated|
|rule|Species Clause: Limit one of each Pokémon
|rule|Item Clause: Limit 1 of each item
|clearpoke
|poke|p1|Gengar, L50, F|
|poke|p1|Incineroar, L50, F|
|poke|p1|Politoed, L50, F|
|poke|p1|Archaludon, L50, M|
|poke|p1|Vivillon-Jungle, L50, M|
|poke|p1|Swampert, L50, M|
|poke|p2|Tyranitar, L50, M|
|poke|p2|Talonflame, L50, M|
|poke|p2|Sableye, L50, F|
|poke|p2|Garchomp, L50, M|
|poke|p2|Milotic, L50, M|
|poke|p2|Palafin, L50, F|
|teampreview|4
|showteam|p1|Gengar||Gengarite|CursedBody|ShadowBall,PerishSong,SludgeBomb,Protect|Modest||F|||50|]Incineroar||PasshoBerry|Intimidate|ThroatChop,PartingShot,FakeOut,Protect|Impish||F|||50|]Politoed||SitrusBerry|Drizzle|WeatherBall,PerishSong,Encore,Protect|Calm||F|||50|]Archaludon||Leftovers|Stamina|DragonPulse,FlashCannon,ElectroShot,Protect|Bold||M|||50|]Vivillon-Jungle||FocusSash|CompoundEyes|Hurricane,SleepPowder,RagePowder,Protect|Timid||M|||50|]Swampert||Swampertite|Torrent|WaveCrash,Earthquake,IcePunch,Protect|Adamant||M|||50|
|showteam|p2|Tyranitar||Tyranitarite|SandStream|KnockOff,RockSlide,HighHorsepower,Protect|Adamant||M|||50|]Talonflame||FocusSash|GaleWings|Tailwind,BraveBird,Uturn,Taunt|Jolly||M|||50|]Sableye||RoseliBerry|Prankster|FakeOut,Encore,Disable,Taunt|Calm||F|||50|]Garchomp||Garchompite|RoughSkin|Earthquake,RockSlide,IronHead,Protect|Adamant||M|||50|]Milotic||Leftovers|Competitive|MuddyWater,IcyWind,AlluringVoice,Protect|Bold||M|||50|]Palafin||ChoiceScarf|ZerotoHero|WaveCrash,FlipTurn,CloseCombat,IronHead|Adamant||F|||50|
|inactive|Battle timer is ON: inactive players will automatically lose when time's up. (requested by Lagv)
|inactive|Lagv has 60 seconds left.
|
|t:|1785616837
|teamsize|p1|4
|teamsize|p2|4
|start
|switch|p1a: Vivillon|Vivillon-Jungle, L50, M|100/100
|switch|p1b: Swampert|Swampert, L50, M|100/100
|switch|p2a: Talonflame|Talonflame, L50, M|100/100
|switch|p2b: Palafin|Palafin, L50, F|100/100
|turn|1
|inactive|elpibevgc has 30 seconds left.
|inactive|Lagv has 30 seconds left.
|inactive|elpibevgc has 20 seconds left.
|inactive|elpibevgc has 15 seconds left.
|inactive|elpibevgc has 10 seconds left.
|
|t:|1785616882
|switch|p1a: Politoed|Politoed, L50, F|100/100
|-weather|RainDance|[from] ability: Drizzle|[of] p1a: Politoed
|detailschange|p1b: Swampert|Swampert-Mega, L50, M
|-mega|p1b: Swampert|Swampert|Swampertite
|move|p2a: Talonflame|Tailwind|p2a: Talonflame
|-sidestart|p2: Lagv|move: Tailwind
|move|p2b: Palafin|Flip Turn|p1a: Politoed
|-resisted|p1a: Politoed|1
|-damage|p1a: Politoed|84/100
|
|t:|1785616897
|detailschange|p2b: Palafin|Palafin-Hero, L50, F
|switch|p2b: Tyranitar|Tyranitar, L50, M|100/100|[from] Flip Turn
|-weather|Sandstorm|[from] ability: Sand Stream|[of] p2b: Tyranitar
|move|p1b: Swampert|Ice Punch|p2b: Tyranitar
|-damage|p2b: Tyranitar|70/100
|
|-weather|Sandstorm|[upkeep]
|-damage|p2a: Talonflame|94/100|[from] Sandstorm
|-damage|p1a: Politoed|78/100|[from] Sandstorm
|upkeep
|turn|2
|inactive|elpibevgc has 30 seconds left.
|inactive|Lagv has 30 seconds left.
|inactive|elpibevgc has 20 seconds left.
|inactive|Lagv has 20 seconds left.
|inactive|Lagv has 15 seconds left.
|
|t:|1785616945
|move|p2a: Talonflame|Brave Bird|p1b: Swampert
|-damage|p1b: Swampert|57/100
|-damage|p2a: Talonflame|78/100|[from] Recoil
|move|p2b: Tyranitar|Knock Off|p1b: Swampert
|-damage|p1b: Swampert|18/100
|move|p1b: Swampert|Wave Crash|p2b: Tyranitar
|-supereffective|p2b: Tyranitar|1
|-damage|p2b: Tyranitar|0 fnt
|faint|p2b: Tyranitar
|-damage|p1b: Swampert|0 fnt|[from] Recoil
|faint|p1b: Swampert
|move|p1a: Politoed|Weather Ball|p2a: Talonflame
|-supereffective|p2a: Talonflame|2
|-damage|p2a: Talonflame|0 fnt
|faint|p2a: Talonflame
|
|-weather|Sandstorm|[upkeep]
|-damage|p1a: Politoed|72/100|[from] Sandstorm
|upkeep
|
|t:|1785616965
|switch|p2a: Garchomp|Garchomp, L50, M|100/100
|switch|p1b: Archaludon|Archaludon, L50, M|100/100
|switch|p2b: Palafin|Palafin-Hero, L50, F|100/100
|-activate|p2b: Palafin|ability: Zero to Hero
|turn|3
|inactive|elpibevgc has 30 seconds left.
|inactive|Lagv has 30 seconds left.
|inactive|elpibevgc has 20 seconds left.
|
|t:|1785617003
|detailschange|p2a: Garchomp|Garchomp-Mega, L50, M
|-mega|p2a: Garchomp|Garchomp|Garchompite
|move|p1b: Archaludon|Protect|p1b: Archaludon
|-singleturn|p1b: Archaludon|Protect
|move|p2b: Palafin|Close Combat|p1a: Politoed
|-damage|p1a: Politoed|24/100
|-unboost|p2b: Palafin|def|1
|-unboost|p2b: Palafin|spd|1
|-enditem|p1a: Politoed|Sitrus Berry|[eat]
|-heal|p1a: Politoed|49/100|[from] item: Sitrus Berry
|move|p2a: Garchomp|Rock Slide|p1b: Archaludon|[spread] p1a
|-activate|p1b: Archaludon|move: Protect
|-damage|p1a: Politoed|17/100
|cant|p1a: Politoed|flinch
|
|-weather|Sandstorm|[upkeep]
|-damage|p2b: Palafin|94/100|[from] Sandstorm
|-damage|p1a: Politoed|11/100|[from] Sandstorm
|upkeep
|turn|4
|inactive|elpibevgc has 30 seconds left.
|
|t:|1785617033
|switch|p1b: Vivillon|Vivillon-Jungle, L50, M|100/100
|move|p2b: Palafin|Close Combat|p1b: Vivillon
|-resisted|p1b: Vivillon|2
|-damage|p1b: Vivillon|73/100
|-unboost|p2b: Palafin|def|1
|-unboost|p2b: Palafin|spd|1
|move|p2a: Garchomp|Rock Slide|p1b: Vivillon|[spread] p1a
|-miss|p2a: Garchomp|p1b: Vivillon
|-damage|p1a: Politoed|0 fnt
|faint|p1a: Politoed
|
|-weather|Sandstorm|[upkeep]
|-damage|p2b: Palafin|88/100|[from] Sandstorm
|-damage|p1b: Vivillon|68/100|[from] Sandstorm
|-sideend|p2: Lagv|move: Tailwind
|upkeep
|
|t:|1785617047
|switch|p1a: Archaludon|Archaludon, L50, M|100/100
|turn|5
|
|t:|1785617056
|move|p1b: Vivillon|Rage Powder|p1b: Vivillon
|-singleturn|p1b: Vivillon|move: Rage Powder
|move|p2b: Palafin|Close Combat|p1b: Vivillon
|-resisted|p1b: Vivillon|2
|-damage|p1b: Vivillon|43/100
|-unboost|p2b: Palafin|def|1
|-unboost|p2b: Palafin|spd|1
|move|p2a: Garchomp|Rock Slide|p1a: Archaludon|[spread] p1a,p1b
|-resisted|p1a: Archaludon|1
|-supereffective|p1b: Vivillon|2
|-crit|p1b: Vivillon
|-damage|p1a: Archaludon|89/100
|-damage|p1b: Vivillon|0 fnt
|-ability|p1a: Archaludon|Stamina|boost
|-boost|p1a: Archaludon|def|1
|faint|p1b: Vivillon
|move|p1a: Archaludon|Dragon Pulse|p2a: Garchomp
|-supereffective|p2a: Garchomp|1
|-damage|p2a: Garchomp|34/100
|
|-weather|none
|-heal|p1a: Archaludon|95/100|[from] item: Leftovers
|upkeep
|turn|6
|inactive|elpibevgc has 30 seconds left.
|inactive|elpibevgc has 20 seconds left.
|
|t:|1785617093
|move|p2a: Garchomp|Protect|p2a: Garchomp
|-singleturn|p2a: Garchomp|Protect
|move|p2b: Palafin|Close Combat|p1a: Archaludon
|-supereffective|p1a: Archaludon|1
|-damage|p1a: Archaludon|43/100
|-unboost|p2b: Palafin|def|1
|-unboost|p2b: Palafin|spd|1
|-ability|p1a: Archaludon|Stamina|boost
|-boost|p1a: Archaludon|def|1
|move|p1a: Archaludon|Dragon Pulse|p2a: Garchomp
|-activate|p2a: Garchomp|move: Protect
|
|-heal|p1a: Archaludon|49/100|[from] item: Leftovers
|upkeep
|turn|7
|
|t:|1785617110
|move|p2b: Palafin|Close Combat|p1a: Archaludon
|-supereffective|p1a: Archaludon|1
|-damage|p1a: Archaludon|10/100
|-unboost|p2b: Palafin|def|1
|-unboost|p2b: Palafin|spd|1
|-ability|p1a: Archaludon|Stamina|boost
|-boost|p1a: Archaludon|def|1
|move|p2a: Garchomp|Iron Head|p1a: Archaludon
|-resisted|p1a: Archaludon|1
|-damage|p1a: Archaludon|5/100
|-ability|p1a: Archaludon|Stamina|boost
|-boost|p1a: Archaludon|def|1
|cant|p1a: Archaludon|flinch
|
|-heal|p1a: Archaludon|11/100|[from] item: Leftovers
|upkeep
|turn|8
|
|t:|1785617132
|move|p1a: Archaludon|Protect|p1a: Archaludon
|-singleturn|p1a: Archaludon|Protect
|move|p2b: Palafin|Close Combat|p1a: Archaludon
|-activate|p1a: Archaludon|move: Protect
|move|p2a: Garchomp|Iron Head|p1a: Archaludon
|-activate|p1a: Archaludon|move: Protect
|
|-heal|p1a: Archaludon|17/100|[from] item: Leftovers
|upkeep
|turn|9
|
|t:|1785617146
|move|p2b: Palafin|Close Combat|p1a: Archaludon
|-supereffective|p1a: Archaludon|1
|-damage|p1a: Archaludon|0 fnt
|-unboost|p2b: Palafin|def|1
|-unboost|p2b: Palafin|spd|1
|faint|p1a: Archaludon
|
|win|Lagv
|raw|elpibevgc's rating: 1133 → 1104(-29 for losing)
|raw|Lagv's rating: 1070 → 1105(+35 for winning)
