|j|☆Thenestball
|j|☆fleamarketninja
|html|Thenestballfleamarketninja    
|uhtml|bestof|Game 2 of a best-of-3
|t:|1756822662
|gametype|doubles
|player|p1|Thenestball|hiker-gen4|1026
|player|p2|fleamarketninja|baker|1051
|gen|9
|tier|[Gen 9] VGC 2025 Reg H (Bo3)
|rated|
|rule|Species Clause: Limit one of each Pokémon
|rule|Item Clause: Limit 1 of each item
|clearpoke
|poke|p1|Weezing, L50, F|
|poke|p1|Amoonguss, L50, F|
|poke|p1|Garchomp, L50, M|
|poke|p1|Yanma, L50, M|
|poke|p1|Incineroar, L50, F|
|poke|p1|Primarina, L50, F|
|poke|p2|Incineroar, L50, M|
|poke|p2|Amoonguss, L50, M|
|poke|p2|Ursaluna-Bloodmoon, L50, M|
|poke|p2|Sneasler, L50, M|
|poke|p2|Gholdengo, L50|
|poke|p2|Dragonite, L50, M|
|teampreview|4
|showteam|p1|Weezing||SitrusBerry|NeutralizingGas|SludgeBomb,WillOWisp,Haze,Protect|||F|||50|,,,,,Grass]Amoonguss||RockyHelmet|Regenerator|PollenPuff,Spore,RagePowder,Protect|||F|||50|,,,,,Water]Garchomp||LifeOrb|RoughSkin|Earthquake,RockSlide,StompingTantrum,Protect|||M|||50|,,,,,Ground]Yanma||FocusSash|CompoundEyes|Screech,Tailwind,Protect,Hypnosis|||M|||50|,,,,,Ghost]Incineroar||AbilityShield|Intimidate|FlareBlitz,FakeOut,PartingShot,KnockOff|||F|||50|,,,,,Grass]Primarina||MysticWater|LiquidVoice|HyperVoice,Moonblast,Protect,CalmMind|||F|||50|,,,,,Grass
|showteam|p2|Incineroar||SafetyGoggles|Intimidate|FlareBlitz,KnockOff,PartingShot,FakeOut|||M|||50|,,,,,Ghost]Amoonguss||SitrusBerry|Regenerator|Spore,RagePowder,PollenPuff,Protect|||M|||50|,,,,,Psychic]Ursaluna-Bloodmoon||AssaultVest|MindsEye|HyperVoice,BloodMoon,EarthPower,VacuumWave|||M|||50|,,,,,Water]Sneasler||FocusSash|Unburden|CloseCombat,DireClaw,ThroatChop,Protect|||M|||50|,,,,,Stellar]Gholdengo||LifeOrb|GoodasGold|MakeItRain,ShadowBall,NastyPlot,Protect||||||50|,,,,,Water]Dragonite||LoadedDice|Multiscale|ScaleShot,Tailwind,Haze,Protect|||M|||50|,,,,,Fairy
|inactive|Battle timer is ON: inactive players will automatically lose when time's up. (requested by Thenestball)
|inactive|fleamarketninja has 60 seconds left.
|
|t:|1756822703
|teamsize|p1|4
|teamsize|p2|4
|start
|switch|p1a: Weezing|Weezing, L50, F, shiny|100/100
|switch|p1b: Incineroar|Incineroar, L50, F, shiny|100/100
|switch|p2a: Incineroar|Incineroar, L50, M|100/100
|switch|p2b: Gholdengo|Gholdengo, L50|100/100
|-ability|p1a: Weezing|Neutralizing Gas
|-block|p1b: Incineroar|item: Ability Shield
|-ability|p1b: Incineroar|Intimidate|boost
|-unboost|p2a: Incineroar|atk|1
|-unboost|p2b: Gholdengo|atk|1
|turn|1
|
|t:|1756822723
|move|p2a: Incineroar|Fake Out|p1b: Incineroar
|-damage|p1b: Incineroar|92/100
|move|p2b: Gholdengo|Nasty Plot|p2b: Gholdengo
|-boost|p2b: Gholdengo|spa|2
|move|p1a: Weezing|Haze|p1a: Weezing
|-clearallboost
|cant|p1b: Incineroar|flinch
|
|upkeep
|turn|2
|
|t:|1756822745
|move|p2b: Gholdengo|Protect|p2b: Gholdengo
|-singleturn|p2b: Gholdengo|Protect
|move|p1a: Weezing|Sludge Bomb|p2a: Incineroar
|-damage|p2a: Incineroar|78/100
|move|p2a: Incineroar|Knock Off|p1a: Weezing
|-damage|p1a: Weezing|64/100
|-enditem|p1a: Weezing|Sitrus Berry|[from] move: Knock Off|[of] p2a: Incineroar
|move|p1b: Incineroar|Knock Off|p2b: Gholdengo
|-activate|p2b: Gholdengo|move: Protect
|
|upkeep
|turn|3
|inactive|Thenestball has 30 seconds left.
|inactive|fleamarketninja has 30 seconds left.
|inactive|fleamarketninja has 20 seconds left.
|inactive|fleamarketninja has 15 seconds left.
|
|t:|1756822786
|switch|p2b: Ursaluna|Ursaluna-Bloodmoon, L50, M|100/100
|move|p1a: Weezing|Protect|p1a: Weezing
|-singleturn|p1a: Weezing|Protect
|move|p2a: Incineroar|Parting Shot|p1b: Incineroar
|-unboost|p1b: Incineroar|atk|1
|-unboost|p1b: Incineroar|spa|1
|
|t:|1756822793
|switch|p2a: Gholdengo|Gholdengo, L50|100/100|[from] Parting Shot
|move|p1b: Incineroar|Knock Off|p2b: Ursaluna
|-damage|p2b: Ursaluna|77/100
|-enditem|p2b: Ursaluna|Assault Vest|[from] move: Knock Off|[of] p1b: Incineroar
|
|upkeep
|turn|4
|
|t:|1756822815
|move|p2a: Gholdengo|Protect|p2a: Gholdengo
|-singleturn|p2a: Gholdengo|Protect
|move|p1a: Weezing|Sludge Bomb|p2b: Ursaluna
|-resisted|p2b: Ursaluna
|-damage|p2b: Ursaluna|64/100
|-status|p2b: Ursaluna|psn
|move|p1b: Incineroar|Flare Blitz|p2a: Gholdengo
|-activate|p2a: Gholdengo|move: Protect
|move|p2b: Ursaluna|Earth Power|p1a: Weezing
|-supereffective|p1a: Weezing
|-damage|p1a: Weezing|0 fnt
|faint|p1a: Weezing
|-end|p1a: Weezing|ability: Neutralizing Gas
|
|-damage|p2b: Ursaluna|52/100 psn|[from] psn
|upkeep
|inactive|Thenestball has 30 seconds left.
|
|t:|1756822844
|switch|p1a: Primarina|Primarina, L50, F, shiny|100/100
|turn|5
|
|t:|1756822856
|switch|p2a: Sneasler|Sneasler, L50, M|100/100
|-terastallize|p1a: Primarina|Grass
|-terastallize|p2b: Ursaluna|Water
|move|p1b: Incineroar|Knock Off|p2a: Sneasler
|-resisted|p2a: Sneasler
|-damage|p2a: Sneasler|71/100
|-enditem|p2a: Sneasler|Focus Sash|[from] move: Knock Off|[of] p1b: Incineroar
|move|p1a: Primarina|Hyper Voice|p2a: Sneasler|[spread] p2a,p2b
|-resisted|p2b: Ursaluna
|-damage|p2a: Sneasler|11/100
|-damage|p2b: Ursaluna|30/100 psn
|move|p2b: Ursaluna|Blood Moon|p1a: Primarina
|-damage|p1a: Primarina|32/100
|
|-damage|p2b: Ursaluna|18/100 psn|[from] psn
|upkeep
|turn|6
|inactive|fleamarketninja has 30 seconds left.
|inactive|fleamarketninja has 20 seconds left.
|inactive|fleamarketninja has 15 seconds left.
|
|t:|1756822899
|move|p1a: Primarina|Protect|p1a: Primarina
|-singleturn|p1a: Primarina|Protect
|move|p2b: Ursaluna|Vacuum Wave|p1a: Primarina
|-activate|p1a: Primarina|move: Protect
|move|p2a: Sneasler|Close Combat|p1b: Incineroar
|-supereffective|p1b: Incineroar
|-damage|p1b: Incineroar|0 fnt
|-unboost|p2a: Sneasler|def|1
|-unboost|p2a: Sneasler|spd|1
|faint|p1b: Incineroar
|
|-damage|p2b: Ursaluna|6/100 psn|[from] psn
|upkeep
|
|t:|1756822910
|switch|p1b: Amoonguss|Amoonguss, L50, F, shiny|100/100
|turn|7
|
|t:|1756822926
|move|p1b: Amoonguss|Rage Powder|p1b: Amoonguss
|-singleturn|p1b: Amoonguss|move: Rage Powder
|move|p2b: Ursaluna|Vacuum Wave|p1b: Amoonguss
|-resisted|p1b: Amoonguss
|-damage|p1b: Amoonguss|96/100
|move|p2a: Sneasler|Dire Claw|p1b: Amoonguss
|-damage|p1b: Amoonguss|54/100
|-damage|p2a: Sneasler|0 fnt|[from] item: Rocky Helmet|[of] p1b: Amoonguss
|faint|p2a: Sneasler
|move|p1a: Primarina|Hyper Voice|p2b: Ursaluna
|-resisted|p2b: Ursaluna
|-damage|p2b: Ursaluna|0 fnt
|faint|p2b: Ursaluna
|
|upkeep
|
|t:|1756822935
|switch|p2a: Gholdengo|Gholdengo, L50|100/100
|switch|p2b: Incineroar|Incineroar, L50, M|78/100
|-ability|p2b: Incineroar|Intimidate|boost
|-unboost|p1a: Primarina|atk|1
|-unboost|p1b: Amoonguss|atk|1
|turn|8
|inactive|fleamarketninja has 30 seconds left.
|
|t:|1756822965
|move|p2b: Incineroar|Fake Out|p1b: Amoonguss
|-damage|p1b: Amoonguss|41/100
|-damage|p2b: Incineroar|62/100|[from] item: Rocky Helmet|[of] p1b: Amoonguss
|move|p2a: Gholdengo|Nasty Plot|p2a: Gholdengo
|-boost|p2a: Gholdengo|spa|2
|move|p1a: Primarina|Calm Mind|p1a: Primarina
|-boost|p1a: Primarina|spa|1
|-boost|p1a: Primarina|spd|1
|cant|p1b: Amoonguss|flinch
|
|upkeep
|turn|9
|inactive|fleamarketninja has 30 seconds left.
|
|t:|1756823000
|move|p2a: Gholdengo|Protect|p2a: Gholdengo
|-singleturn|p2a: Gholdengo|Protect
|move|p2b: Incineroar|Knock Off|p1a: Primarina
|-damage|p1a: Primarina|0 fnt
|-enditem|p1a: Primarina|Mystic Water|[from] move: Knock Off|[of] p2b: Incineroar
|faint|p1a: Primarina
|move|p1b: Amoonguss|Pollen Puff|p1: Primarina|[notarget]
|-fail|p1b: Amoonguss
|
|upkeep
|turn|10
|-message|Thenestball forfeited.
|
|win|fleamarketninja
|l|☆Thenestball
|player|p1|
||fleamarketninja is ready for game 3.
||Thenestball is ready for game 3.
|uhtml|next|Next: Game 3 of 3
|l|☆fleamarketninja
|player|p2|
|j|☆Thenestball
|player|p1|Thenestball|hiker-gen4|
