|j|☆johx123
|j|☆imonx6pace!
|html|johx123imonx6pace!    
|uhtml|bestof|Game 1 of a best-of-3
|t:|1784602675
|gametype|doubles
|player|p1|johx123|102|1022
|player|p2|imonx6pace!|rocketgrunt|1074
|gen|9
|tier|[Gen 9 Champions] VGC 2026 Reg M-B (Bo3)
|rated|
|rule|Species Clause: Limit one of each Pokémon
|rule|Item Clause: Limit 1 of each item
|clearpoke
|poke|p1|Gardevoir, L50, M|
|poke|p1|Farigiraf, L50, F|
|poke|p1|Torkoal, L50, M|
|poke|p1|Incineroar, L50, F|
|poke|p1|Kingambit, L50, F|
|poke|p1|Scovillain, L50, M|
|poke|p2|Sinistcha, L50|
|poke|p2|Aerodactyl, L50, M|
|poke|p2|Sneasler, L50, M|
|poke|p2|Incineroar, L50, F|
|poke|p2|Garchomp, L50, F|
|poke|p2|Delphox, L50, F|
|teampreview|4
|showteam|p1|Gardevoir||Gardevoirite|Synchronize|HyperVoice,AuraSphere,TrickRoom,Protect|Quiet||M|||50|]Farigiraf||ColburBerry|ArmorTail|TwinBeam,TrickRoom,Protect,HelpingHand|Relaxed||F|||50|]Torkoal||Charcoal|Drought|Eruption,Protect,Flamethrower,SolarBeam|Quiet||M|||50|]Incineroar||SitrusBerry|Intimidate|FakeOut,FlareBlitz,PartingShot,ThroatChop|Sassy||F|||50|]Kingambit||ChopleBerry|Defiant|IronHead,SuckerPunch,KowtowCleave,Protect|Adamant||F|||50|]Scovillain||Scovillainite|Chlorophyll|RagePowder,Overheat,LeechSeed,Protect|Sassy||M|||50|
|showteam|p2|Sinistcha||SitrusBerry|Hospitality|MatchaGotcha,RagePowder,LifeDew,TrickRoom|Calm|||||50|]Aerodactyl||FocusSash|Unnerve|Tailwind,RockSlide,DualWingbeat,Protect|Jolly||M|||50|]Sneasler||WhiteHerb|Unburden|FakeOut,DireClaw,CloseCombat,Protect|Jolly||M|||50|]Incineroar||ShucaBerry|Intimidate|FakeOut,PartingShot,FlareBlitz,ThroatChop|Careful||F|||50|]Garchomp||LifeOrb|RoughSkin|Earthquake,RockSlide,Protect,DragonClaw|Jolly||F|||50|]Delphox||Delphoxite|Blaze|NastyPlot,HeatWave,Psychic,Protect|Timid||F|||50|
|
|t:|1784602697
|teamsize|p1|4
|teamsize|p2|4
|start
|switch|p1a: Farigiraf|Farigiraf, L50, F|100/100
|switch|p1b: Incineroar|Incineroar, L50, F|100/100
|switch|p2a: Delphox|Delphox, L50, F|100/100
|switch|p2b: Garchomp|Garchomp, L50, F|100/100
|-ability|p1b: Incineroar|Intimidate|boost
|-unboost|p2a: Delphox|atk|1
|-unboost|p2b: Garchomp|atk|1
|turn|1
|inactive|Battle timer is ON: inactive players will automatically lose when time's up. (requested by imonx6pace!)
|
|t:|1784602721
|detailschange|p2a: Delphox|Delphox-Mega, L50, F
|-mega|p2a: Delphox|Delphox|Delphoxite
|move|p2a: Delphox|Heat Wave|p1a: Farigiraf|[spread] p1a,p1b
|-resisted|p1b: Incineroar|1
|-damage|p1a: Farigiraf|56/100
|-damage|p1b: Incineroar|86/100
|move|p2b: Garchomp|Rock Slide|p1a: Farigiraf|[spread] p1a,p1b
|-supereffective|p1b: Incineroar|1
|-damage|p1a: Farigiraf|45/100
|-damage|p1b: Incineroar|54/100
|-damage|p2b: Garchomp|90/100|[from] item: Life Orb
|move|p1b: Incineroar|Parting Shot|p2b: Garchomp
|-unboost|p2b: Garchomp|atk|1
|-unboost|p2b: Garchomp|spa|1
|
|t:|1784602732
|switch|p1b: Gardevoir|Gardevoir, L50, M|100/100|[from] Parting Shot
|move|p1a: Farigiraf|Trick Room|p1a: Farigiraf
|-fieldstart|move: Trick Room|[of] p1a: Farigiraf
|
|upkeep
|turn|2
|
|t:|1784602741
|switch|p2b: Incineroar|Incineroar, L50, F|100/100
|-ability|p2b: Incineroar|Intimidate|boost
|-unboost|p1a: Farigiraf|atk|1
|-unboost|p1b: Gardevoir|atk|1
|switch|p2a: Sinistcha|Sinistcha, L50|100/100
|detailschange|p1b: Gardevoir|Gardevoir-Mega, L50, M
|-mega|p1b: Gardevoir|Gardevoir|Gardevoirite
|move|p1a: Farigiraf|Helping Hand|p1b: Gardevoir
|-singleturn|p1b: Gardevoir|Helping Hand|[of] p1a: Farigiraf
|move|p1b: Gardevoir|Hyper Voice|p2b: Incineroar|[spread] p2a,p2b
|-crit|p2a: Sinistcha
|-damage|p2a: Sinistcha|5/100
|-damage|p2b: Incineroar|35/100
|-enditem|p2a: Sinistcha|Sitrus Berry|[eat]
|-heal|p2a: Sinistcha|29/100|[from] item: Sitrus Berry
|
|upkeep
|turn|3
|
|t:|1784602765
|move|p1a: Farigiraf|Helping Hand|p1b: Gardevoir
|-singleturn|p1b: Gardevoir|Helping Hand|[of] p1a: Farigiraf
|move|p2b: Incineroar|Throat Chop|p1a: Farigiraf
|-supereffective|p1a: Farigiraf|1
|-enditem|p1a: Farigiraf|Colbur Berry|[eat]
|-enditem|p1a: Farigiraf|Colbur Berry|[weaken]
|-damage|p1a: Farigiraf|23/100
|-start|p1a: Farigiraf|Throat Chop|[silent]
|move|p2a: Sinistcha|Matcha Gotcha|p1a: Farigiraf|[spread] p1a,p1b
|-damage|p1a: Farigiraf|0 fnt
|-heal|p2a: Sinistcha|44/100|[from] drain|[of] p1a: Farigiraf
|-damage|p1b: Gardevoir|81/100
|-heal|p2a: Sinistcha|54/100|[from] drain|[of] p1b: Gardevoir
|-status|p1b: Gardevoir|brn
|faint|p1a: Farigiraf
|move|p1b: Gardevoir|Hyper Voice|p2a: Sinistcha|[spread] p2a,p2b
|-damage|p2a: Sinistcha|0 fnt
|-damage|p2b: Incineroar|0 fnt
|faint|p2a: Sinistcha
|faint|p2b: Incineroar
|
|-damage|p1b: Gardevoir|75/100 brn|[from] brn
|upkeep
|
|t:|1784602784
|switch|p1a: Torkoal|Torkoal, L50, M|100/100
|switch|p2b: Delphox|Delphox-Mega, L50, F|100/100
|switch|p2a: Garchomp|Garchomp, L50, F|90/100
|-weather|SunnyDay|[from] ability: Drought|[of] p1a: Torkoal
|turn|4
|
|t:|1784602793
|move|p2a: Garchomp|Protect|p2a: Garchomp
|-singleturn|p2a: Garchomp|Protect
|move|p2b: Delphox|Protect|p2b: Delphox
|-singleturn|p2b: Delphox|Protect
|move|p1a: Torkoal|Eruption|p2b: Delphox|[spread] 
|-activate|p2a: Garchomp|move: Protect
|-activate|p2b: Delphox|move: Protect
|move|p1b: Gardevoir|Hyper Voice|p2b: Delphox|[spread] 
|-activate|p2a: Garchomp|move: Protect
|-activate|p2b: Delphox|move: Protect
|
|-weather|SunnyDay|[upkeep]
|-damage|p1b: Gardevoir|69/100 brn|[from] brn
|upkeep
|turn|5
|
|t:|1784602801
|move|p2a: Garchomp|Protect||[still]
|-fail|p2a: Garchomp
|move|p2b: Delphox|Protect|p2b: Delphox
|-singleturn|p2b: Delphox|Protect
|move|p1a: Torkoal|Eruption|p2b: Delphox|[spread] p2a
|-activate|p2b: Delphox|move: Protect
|-resisted|p2a: Garchomp|1
|-damage|p2a: Garchomp|42/100
|move|p1b: Gardevoir|Hyper Voice|p2a: Garchomp|[spread] p2a
|-activate|p2b: Delphox|move: Protect
|-supereffective|p2a: Garchomp|1
|-damage|p2a: Garchomp|0 fnt
|faint|p2a: Garchomp
|
|-weather|SunnyDay|[upkeep]
|-damage|p1b: Gardevoir|64/100 brn|[from] brn
|-fieldend|move: Trick Room
|upkeep
|turn|6
|
|t:|1784602815
|switch|p1a: Incineroar|Incineroar, L50, F|54/100
|-ability|p1a: Incineroar|Intimidate|boost
|-unboost|p2b: Delphox|atk|1
|move|p2b: Delphox|Heat Wave|p1a: Incineroar|[spread] p1a,p1b
|-resisted|p1a: Incineroar|1
|-damage|p1a: Incineroar|31/100
|-damage|p1b: Gardevoir|15/100 brn
|-enditem|p1a: Incineroar|Sitrus Berry|[eat]
|-heal|p1a: Incineroar|56/100|[from] item: Sitrus Berry
|move|p1b: Gardevoir|Hyper Voice|p2b: Delphox
|-resisted|p2b: Delphox|1
|-damage|p2b: Delphox|65/100
|
|-weather|SunnyDay|[upkeep]
|-damage|p1b: Gardevoir|9/100 brn|[from] brn
|upkeep
|turn|7
|-message|imonx6pace! forfeited.
|
|win|johx123
