|j|☆Chelicerate1
|j|☆sleepd2
|html|Chelicerate1sleepd2    
|uhtml|bestof|Game 2 of a best-of-3
|t:|1785059147
|gametype|doubles
|player|p1|Chelicerate1|ethan|1295
|player|p2|sleepd2|1|1352
|gen|9
|tier|[Gen 9 Champions] VGC 2026 Reg M-B (Bo3)
|rated|
|rule|Species Clause: Limit one of each Pokémon
|rule|Item Clause: Limit 1 of each item
|clearpoke
|poke|p1|Grimmsnarl, L50, M|
|poke|p1|Basculegion, L50, M|
|poke|p1|Charizard, L50, F|
|poke|p1|Pelipper, L50, M|
|poke|p1|Venusaur, L50, M|
|poke|p1|Archaludon, L50, M|
|poke|p2|Glimmora, L50, F|
|poke|p2|Whimsicott, L50, F|
|poke|p2|Ninetales-Alola, L50, M|
|poke|p2|Kingambit, L50, M|
|poke|p2|Kommo-o, L50, M|
|poke|p2|Charizard, L50, M|
|teampreview|4
|showteam|p1|Grimmsnarl||LightClay|Prankster|SpiritBreak,PartingShot,Reflect,LightScreen|Sassy||M|||50|]Basculegion||ChoiceScarf|Adaptability|LastRespects,WaveCrash,AquaJet,FlipTurn|Jolly||M|||50|]Charizard||CharizarditeY|Blaze|Protect,HeatWave,WeatherBall,SolarBeam|Modest||F|||50|]Pelipper||SitrusBerry|Drizzle|Hurricane,WeatherBall,Tailwind,WideGuard|Modest||M|||50|]Venusaur||FocusSash|Chlorophyll|SludgeBomb,SleepPowder,EarthPower,Protect|Modest||M|||50|]Archaludon||Leftovers|Stamina|ElectroShot,DragonPulse,FlashCannon,Protect|Calm||M|||50|
|showteam|p2|Glimmora||Glimmoranite|ToxicDebris|SludgeBomb,PowerGem,EarthPower,SpikyShield|Modest||F|||50|]Whimsicott||FocusSash|Prankster|Moonblast,Tailwind,Encore,Protect|Timid||F|||50|]Ninetales-Alola||NeverMeltIce|SnowWarning|Blizzard,FreezeDry,Disable,Protect|Timid||M|||50|]Kingambit||BlackGlasses|Defiant|KowtowCleave,SuckerPunch,IronHead,Protect|Adamant||M|||50|]Kommo-o||LifeOrb|Soundproof|ClangingScales,AuraSphere,VacuumWave,Protect|Modest||M|||50|]Charizard||CharizarditeY|Blaze|Protect,WeatherBall,HeatWave,SolarBeam|Modest||M|||50|
|inactive|Battle timer is ON: inactive players will automatically lose when time's up. (requested by Chelicerate1)
|
|t:|1785059167
|teamsize|p1|4
|teamsize|p2|4
|start
|switch|p1a: Grimmsnarl|Grimmsnarl, L50, M|100/100
|switch|p1b: Basculegion|Basculegion, L50, M|100/100
|switch|p2a: Glimmora|Glimmora, L50, F|100/100
|switch|p2b: Kommo-o|Kommo-o, L50, M|100/100
|turn|1
|
|t:|1785059185
|switch|p2b: Kingambit|Kingambit, L50, M|100/100
|move|p2a: Glimmora|Spiky Shield|p2a: Glimmora
|-singleturn|p2a: Glimmora|move: Protect
|move|p1b: Basculegion|Wave Crash|p2a: Glimmora
|-activate|p2a: Glimmora|move: Protect
|-damage|p1b: Basculegion|87/100|[from] Spiky Shield|[of] p2a: Glimmora
|move|p1a: Grimmsnarl|Spirit Break|p2b: Kingambit
|-damage|p2b: Kingambit|79/100
|-unboost|p2b: Kingambit|spa|1
|-ability|p2b: Kingambit|Defiant|boost
|-boost|p2b: Kingambit|atk|2
|
|upkeep
|turn|2
|
|t:|1785059209
|switch|p1b: Venusaur|Venusaur, L50, M|100/100
|detailschange|p2a: Glimmora|Glimmora-Mega, L50, F
|-mega|p2a: Glimmora|Glimmora|Glimmoranite
|move|p1a: Grimmsnarl|Reflect|p1a: Grimmsnarl
|-sidestart|p1: Chelicerate1|Reflect
|move|p2b: Kingambit|Sucker Punch||[still]
|-fail|p2b: Kingambit
|move|p2a: Glimmora|Power Gem|p1b: Venusaur
|-damage|p1b: Venusaur|28/100
|
|upkeep
|turn|3
|
|t:|1785059234
|move|p1b: Venusaur|Protect|p1b: Venusaur
|-singleturn|p1b: Venusaur|Protect
|move|p1a: Grimmsnarl|Parting Shot|p2a: Glimmora
|-unboost|p2a: Glimmora|atk|1
|-unboost|p2a: Glimmora|spa|1
|
|t:|1785059236
|switch|p1a: Charizard|Charizard, L50, F|100/100|[from] Parting Shot
|move|p2a: Glimmora|Power Gem|p1b: Venusaur
|-activate|p1b: Venusaur|move: Protect
|move|p2b: Kingambit|Kowtow Cleave|p1a: Charizard
|-damage|p1a: Charizard|23/100
|
|upkeep
|turn|4
|
|t:|1785059251
|detailschange|p1a: Charizard|Charizard-Mega-Y, L50, F
|-mega|p1a: Charizard|Charizard|Charizardite Y
|-weather|SunnyDay|[from] ability: Drought|[of] p1a: Charizard
|move|p2a: Glimmora|Spiky Shield|p2a: Glimmora
|-singleturn|p2a: Glimmora|move: Protect
|move|p2b: Kingambit|Protect|p2b: Kingambit
|-singleturn|p2b: Kingambit|Protect
|move|p1b: Venusaur|Sleep Powder|p2b: Kingambit
|-activate|p2b: Kingambit|move: Protect
|move|p1a: Charizard|Heat Wave|p2a: Glimmora|[spread] 
|-activate|p2a: Glimmora|move: Protect
|-activate|p2b: Kingambit|move: Protect
|
|-weather|SunnyDay|[upkeep]
|upkeep
|turn|5
|
|t:|1785059270
|switch|p2a: Ninetales|Ninetales-Alola, L50, M|100/100
|-weather|Snowscape|[from] ability: Snow Warning|[of] p2a: Ninetales
|move|p1a: Charizard|Protect|p1a: Charizard
|-singleturn|p1a: Charizard|Protect
|move|p2b: Kingambit|Sucker Punch||[still]
|-fail|p2b: Kingambit
|move|p1b: Venusaur|Sleep Powder|p2b: Kingambit
|-status|p2b: Kingambit|slp|[from] move: Sleep Powder
|
|-weather|Snowscape|[upkeep]
|upkeep
|turn|6
|
|t:|1785059284
|switch|p1a: Grimmsnarl|Grimmsnarl, L50, M|100/100
|move|p1b: Venusaur|Protect|p1b: Venusaur
|-singleturn|p1b: Venusaur|Protect
|move|p2a: Ninetales|Blizzard|p1b: Venusaur|[spread] p1a
|-activate|p1b: Venusaur|move: Protect
|-damage|p1a: Grimmsnarl|71/100
|cant|p2b: Kingambit|slp
|
|-weather|Snowscape|[upkeep]
|upkeep
|turn|7
|
|t:|1785059308
|move|p2a: Ninetales|Protect|p2a: Ninetales
|-singleturn|p2a: Ninetales|Protect
|move|p1a: Grimmsnarl|Parting Shot|p2a: Ninetales
|-activate|p2a: Ninetales|move: Protect
|-curestatus|p2b: Kingambit|slp|[msg]
|move|p2b: Kingambit|Sucker Punch||[still]
|-fail|p2b: Kingambit
|move|p1b: Venusaur|Sleep Powder|p2a: Ninetales
|-activate|p2a: Ninetales|move: Protect
|
|-weather|Snowscape|[upkeep]
|upkeep
|turn|8
|inactive|sleepd2 has 30 seconds left.
|inactive|sleepd2 has 20 seconds left.
|
|t:|1785059347
|switch|p1a: Charizard|Charizard-Mega-Y, L50, F|23/100
|-weather|SunnyDay|[from] ability: Drought|[of] p1a: Charizard
|move|p2b: Kingambit|Protect|p2b: Kingambit
|-singleturn|p2b: Kingambit|Protect
|move|p1b: Venusaur|Sleep Powder|p2b: Kingambit
|-activate|p2b: Kingambit|move: Protect
|move|p2a: Ninetales|Freeze-Dry|p1b: Venusaur
|-supereffective|p1b: Venusaur|1
|-damage|p1b: Venusaur|0 fnt
|faint|p1b: Venusaur
|
|-weather|SunnyDay|[upkeep]
|upkeep
|
|t:|1785059356
|switch|p1b: Grimmsnarl|Grimmsnarl, L50, M|71/100
|turn|9
|
|t:|1785059369
|switch|p2a: Kommo-o|Kommo-o, L50, M|100/100
|move|p1b: Grimmsnarl|Light Screen|p1b: Grimmsnarl
|-sidestart|p1: Chelicerate1|move: Light Screen
|move|p2b: Kingambit|Sucker Punch|p1a: Charizard
|-damage|p1a: Charizard|0 fnt
|faint|p1a: Charizard
|
|-weather|SunnyDay|[upkeep]
|-sideend|p1: Chelicerate1|Reflect
|upkeep
|
|t:|1785059374
|switch|p1a: Basculegion|Basculegion, L50, M|87/100
|turn|10
|
|t:|1785059387
|move|p2b: Kingambit|Sucker Punch|p1a: Basculegion
|-supereffective|p1a: Basculegion|1
|-damage|p1a: Basculegion|0 fnt
|faint|p1a: Basculegion
|move|p2a: Kommo-o|Aura Sphere|p1b: Grimmsnarl
|-damage|p1b: Grimmsnarl|43/100
|-damage|p2a: Kommo-o|90/100|[from] item: Life Orb
|move|p1b: Grimmsnarl|Spirit Break|p2b: Kingambit
|-damage|p2b: Kingambit|57/100
|-unboost|p2b: Kingambit|spa|1
|-ability|p2b: Kingambit|Defiant|boost
|-boost|p2b: Kingambit|atk|2
|
|-weather|SunnyDay|[upkeep]
|upkeep
|turn|11
|-message|Chelicerate1 forfeited.
|
|win|sleepd2
