|j|☆artlavgc
|j|☆Luzeleah
|html|artlavgcLuzeleah    
|uhtml|bestof|Game 2 of a best-of-3
|t:|1756816156
|gametype|doubles
|player|p1|artlavgc|170|1096
|player|p2|Luzeleah|lacey|1079
|gen|9
|tier|[Gen 9] VGC 2025 Reg H (Bo3)
|rated|
|rule|Species Clause: Limit one of each Pokémon
|rule|Item Clause: Limit 1 of each item
|clearpoke
|poke|p1|Gliscor, L50, F|
|poke|p1|Vivillon, L50, M|
|poke|p1|Kingambit, L50, F|
|poke|p1|Ninetales-Alola, L50, F|
|poke|p1|Incineroar, L50, F|
|poke|p1|Amoonguss, L50, M|
|poke|p2|Spewpa, L50, F|
|poke|p2|Volcarona, L50, F|
|poke|p2|Incineroar, L50, M|
|poke|p2|Rillaboom, L50, F|
|poke|p2|Ninetales-Alola, L50, F|
|poke|p2|Dragonite, L50, F|
|teampreview|4
|showteam|p1|Gliscor||ToxicOrb|PoisonHeal|Earthquake,Protect,DualWingbeat,SwordsDance|||F|||50|,,,,,Water]Vivillon||FocusSash|CompoundEyes|Hurricane,Tailwind,SleepPowder,Protect|||M|||50|,,,,,Ghost]Kingambit||AssaultVest|Defiant|IronHead,Assurance,SuckerPunch,LowKick|||F|||50|,,,,,Flying]Ninetales-Alola||CovertCloak|SnowWarning|Blizzard,FreezeDry,AuroraVeil,Protect|||F|||50|,,,,,Water]Incineroar||RockyHelmet|Intimidate|FakeOut,PartingShot,FlareBlitz,KnockOff|||F|||50|,,,,,Fairy]Amoonguss||SitrusBerry|Regenerator|PollenPuff,RagePowder,Spore,Protect|||M|||50|,,,,,Fairy
|showteam|p2|Spewpa||Eviolite|FriendGuard|StruggleBug,StunSpore,RagePowder,Protect|||F|||50|,,,,,Fire]Volcarona||Leftovers|FlameBody|HeatWave,GigaDrain,QuiverDance,Protect|||F|||50|,,,,,Grass]Incineroar||SafetyGoggles|Intimidate|FakeOut,FlareBlitz,KnockOff,PartingShot|||M|||50|,,,,,Bug]Rillaboom||AssaultVest|GrassySurge|FakeOut,GrassyGlide,WoodHammer,Uturn|||F|||50|,,,,,Fire]Ninetales-Alola||ChoiceScarf|SnowWarning|Blizzard,FreezeDry,IcyWind,Moonblast|||F|||50|,,,,,Fire]Dragonite||CovertCloak|Multiscale|ExtremeSpeed,LowKick,Haze,Protect|||F|||50|,,,,,Normal
|inactive|Battle timer is ON: inactive players will automatically lose when time's up. (requested by artlavgc)
|j| redsobased
|inactive|artlavgc has 60 seconds left.
|
|t:|1756816202
|teamsize|p1|4
|teamsize|p2|4
|start
|switch|p1a: Vivillon|Vivillon, L50, M|100/100
|switch|p1b: Gliscor|Gliscor, L50, F, shiny|100/100
|switch|p2a: big melith|Volcarona, L50, F|100/100
|switch|p2b: pewpi|Spewpa, L50, F|100/100
|turn|1
|c| redsobased|pewpi
|inactive|Luzeleah has 30 seconds left.
|c| redsobased|;-;
|c|☆Luzeleah|:3
|inactive|Luzeleah has 20 seconds left.
|inactive|Luzeleah has 15 seconds left.
|
|t:|1756816246
|move|p2b: pewpi|Protect|p2b: pewpi
|-singleturn|p2b: pewpi|Protect
|move|p1b: Gliscor|Swords Dance|p1b: Gliscor
|-boost|p1b: Gliscor|atk|2
|move|p1a: Vivillon|Tailwind|p1a: Vivillon
|-sidestart|p1: artlavgc|move: Tailwind
|move|p2a: big melith|Heat Wave|p1a: Vivillon|[spread] p1a,p1b
|-supereffective|p1a: Vivillon
|-enditem|p1a: Vivillon|Focus Sash
|-damage|p1a: Vivillon|1/100
|-damage|p1b: Gliscor|44/100
|
|-status|p1b: Gliscor|tox|[from] item: Toxic Orb
|upkeep
|turn|2
|c|☆artlavgc|o.O
|inactive|Luzeleah has 30 seconds left.
|inactive|artlavgc has 30 seconds left.
|
|t:|1756816282
|-terastallize|p2a: big melith|Grass
|move|p1b: Gliscor|Dual Wingbeat|p2a: big melith
|-supereffective|p2a: big melith
|-damage|p2a: big melith|35/100
|-supereffective|p2a: big melith
|-damage|p2a: big melith|0 fnt
|faint|p2a: big melith
|-hitcount|p2: big melith|2
|move|p1a: Vivillon|Hurricane|p2b: pewpi
|-supereffective|p2b: pewpi
|-damage|p2b: pewpi|0 fnt
|faint|p2b: pewpi
|
|-heal|p1b: Gliscor|56/100 tox|[from] ability: Poison Heal
|upkeep
|
|t:|1756816297
|switch|p2a: blizza|Ninetales-Alola, L50, F, shiny|100/100
|switch|p2b: beatrice|Dragonite, L50, F|100/100
|-weather|Snowscape|[from] ability: Snow Warning|[of] p2a: blizza
|turn|3
|inactive|Luzeleah has 30 seconds left.
|inactive|artlavgc has 30 seconds left.
|inactive|Luzeleah has 20 seconds left.
|inactive|Luzeleah has 15 seconds left.
|inactive|Luzeleah has 10 seconds left.
|
|t:|1756816344
|move|p1b: Gliscor|Protect|p1b: Gliscor
|-singleturn|p1b: Gliscor|Protect
|move|p2b: beatrice|Extreme Speed|p1a: Vivillon
|-damage|p1a: Vivillon|0 fnt
|faint|p1a: Vivillon
|move|p2a: blizza|Freeze-Dry|p1b: Gliscor
|-activate|p1b: Gliscor|move: Protect
|
|-weather|Snowscape|[upkeep]
|-heal|p1b: Gliscor|68/100 tox|[from] ability: Poison Heal
|upkeep
|
|t:|1756816353
|switch|p1a: Ninetales|Ninetales-Alola, L50, F|100/100
|turn|4
|
|t:|1756816366
|-terastallize|p1b: Gliscor|Water
|move|p1a: Ninetales|Aurora Veil|p1a: Ninetales
|-sidestart|p1: artlavgc|move: Aurora Veil
|move|p1b: Gliscor|Dual Wingbeat|p2a: blizza
|-damage|p2a: blizza|69/100
|-damage|p2a: blizza|35/100
|-hitcount|p2a: blizza|2
|move|p2a: blizza|Freeze-Dry|p1b: Gliscor
|-supereffective|p1b: Gliscor
|-damage|p1b: Gliscor|10/100 tox
|move|p2b: beatrice|Low Kick|p1a: Ninetales
|-damage|p1a: Ninetales|91/100
|
|-weather|Snowscape|[upkeep]
|-heal|p1b: Gliscor|22/100 tox|[from] ability: Poison Heal
|-sideend|p1: artlavgc|move: Tailwind
|upkeep
|turn|5
|
|t:|1756816382
|move|p2a: blizza|Freeze-Dry|p1b: Gliscor
|-supereffective|p1b: Gliscor
|-damage|p1b: Gliscor|0 fnt
|faint|p1b: Gliscor
|move|p1a: Ninetales|Blizzard|p2a: blizza|[spread] p2a,p2b
|-resisted|p2a: blizza
|-supereffective|p2b: beatrice
|-damage|p2a: blizza|21/100
|-damage|p2b: beatrice|49/100
|move|p2b: beatrice|Low Kick|p1a: Ninetales
|-damage|p1a: Ninetales|82/100
|
|-weather|Snowscape|[upkeep]
|upkeep
|
|t:|1756816385
|switch|p1b: Kingambit|Kingambit, L50, F|100/100
|turn|6
|
|t:|1756816394
|move|p1b: Kingambit|Sucker Punch|p2a: blizza
|-resisted|p2a: blizza
|-damage|p2a: blizza|2/100
|move|p2a: blizza|Freeze-Dry|p1a: Ninetales
|-resisted|p1a: Ninetales
|-damage|p1a: Ninetales|74/100
|move|p1a: Ninetales|Blizzard|p2b: beatrice|[spread] p2a,p2b
|-resisted|p2a: blizza
|-supereffective|p2b: beatrice
|-damage|p2a: blizza|0 fnt
|-damage|p2b: beatrice|0 fnt
|faint|p2a: blizza
|faint|p2b: beatrice
|
|win|artlavgc
||Luzeleah is ready for game 3.
||artlavgc is ready for game 3.
|uhtml|next|Next: Game 3 of 3
|l| redsobased
|l|☆artlavgc
|player|p1|
