|j|☆Olciax34
|j|☆Bujero A subir
|html|Olciax34Bujero A subir    
|uhtml|bestof|Game 2 of a best-of-3
|t:|1756550236
|gametype|doubles
|player|p1|Olciax34|clair|1170
|player|p2|Bujero A subir|acetrainercouple|1089
|gen|9
|tier|[Gen 9] VGC 2025 Reg H (Bo3)
|rated|
|rule|Species Clause: Limit one of each Pokémon
|rule|Item Clause: Limit 1 of each item
|clearpoke
|poke|p1|Typhlosion-Hisui, L50, M|
|poke|p1|Whimsicott, L50, F|
|poke|p1|Ursaluna-Bloodmoon, L50, M|
|poke|p1|Annihilape, L50, M|
|poke|p1|Ninetales-Alola, L50, M|
|poke|p1|Incineroar, L50, F|
|poke|p2|Rillaboom, L50, M|
|poke|p2|Kingambit, L50, M|
|poke|p2|Sneasler, L50, M|
|poke|p2|Electabuzz, L50, M|
|poke|p2|Dragonite, L50, M|
|poke|p2|Volcarona, L50, M|
|teampreview|4
|showteam|p1|Typhlosion-Hisui||ChoiceSpecs|Blaze|HeatWave,Overheat,Eruption,ShadowBall|||M|||50|,,,,,Fire]Whimsicott||CovertCloak|Prankster|Tailwind,Moonblast,BeatUp,SunnyDay|||F|||50|,,,,,Water]Ursaluna-Bloodmoon||AssaultVest|MindsEye|BloodMoon,HyperVoice,EarthPower,VacuumWave|||M|||50|,,,,,Water]Annihilape||Leftovers|Defiant|DrainPunch,BulkUp,RageFist,Protect|||M|||50|,,,,,Fire]Ninetales-Alola||LightClay|SnowWarning|Blizzard,FreezeDry,Protect,AuroraVeil|||M|||50|,,,,,Ghost]Incineroar||SitrusBerry|Intimidate|KnockOff,FlareBlitz,PartingShot,FakeOut|||F|||50|,,,,,Ghost
|showteam|p2|Rillaboom||AssaultVest|GrassySurge|FakeOut,WoodHammer,HighHorsepower,GrassyGlide|||M|||50|,,,,,Fire]Kingambit||BlackGlasses|Defiant|KowtowCleave,SuckerPunch,SwordsDance,Protect|||M|||50|,,,,,Dark]Sneasler||GrassySeed|Unburden|CloseCombat,DireClaw,Protect,Coaching|||M|||50|,,,,,Stellar]Electabuzz||Eviolite|VitalSpirit|Electroweb,Taunt,FollowMe,Protect|||M|||50|,,,,,Dragon]Dragonite||LoadedDice|Multiscale|ScaleShot,Tailwind,Protect,Haze|||M|||50|,,,,,Fairy]Volcarona||CovertCloak|FlameBody|QuiverDance,TeraBlast,HeatWave,Protect|||M|||50|,,,,,Fairy
|inactive|Battle timer is ON: inactive players will automatically lose when time's up. (requested by Olciax34)
|inactive|Olciax34 has 60 seconds left.
|
|t:|1756550276
|teamsize|p1|4
|teamsize|p2|4
|start
|switch|p1a: Annihilape|Annihilape, L50, M|100/100
|switch|p1b: Ninetales|Ninetales-Alola, L50, M|100/100
|switch|p2a: Volcarona|Volcarona, L50, M|100/100
|switch|p2b: Electabuzz|Electabuzz, L50, M, shiny|100/100
|-weather|Snowscape|[from] ability: Snow Warning|[of] p1b: Ninetales
|turn|1
|
|t:|1756550297
|-terastallize|p1a: Annihilape|Fire
|move|p2b: Electabuzz|Follow Me|p2b: Electabuzz
|-singleturn|p2b: Electabuzz|move: Follow Me
|move|p1b: Ninetales|Aurora Veil|p1b: Ninetales
|-sidestart|p1: Olciax34|move: Aurora Veil
|move|p1a: Annihilape|Bulk Up|p1a: Annihilape
|-boost|p1a: Annihilape|atk|1
|-boost|p1a: Annihilape|def|1
|move|p2a: Volcarona|Quiver Dance|p2a: Volcarona
|-boost|p2a: Volcarona|spa|1
|-boost|p2a: Volcarona|spd|1
|-boost|p2a: Volcarona|spe|1
|
|-weather|Snowscape|[upkeep]
|upkeep
|turn|2
|inactive|Olciax34 has 30 seconds left.
|
|t:|1756550325
|switch|p1b: Typhlosion|Typhlosion-Hisui, L50, M|100/100
|move|p2b: Electabuzz|Follow Me|p2b: Electabuzz
|-singleturn|p2b: Electabuzz|move: Follow Me
|move|p2a: Volcarona|Quiver Dance|p2a: Volcarona
|-boost|p2a: Volcarona|spa|1
|-boost|p2a: Volcarona|spd|1
|-boost|p2a: Volcarona|spe|1
|move|p1a: Annihilape|Rage Fist|p2b: Electabuzz
|-damage|p2b: Electabuzz|76/100
|
|-weather|Snowscape|[upkeep]
|upkeep
|turn|3
|
|t:|1756550342
|move|p2b: Electabuzz|Follow Me|p2b: Electabuzz
|-singleturn|p2b: Electabuzz|move: Follow Me
|move|p2a: Volcarona|Heat Wave|p1b: Typhlosion|[spread] p1a,p1b
|-resisted|p1a: Annihilape
|-resisted|p1b: Typhlosion
|-damage|p1a: Annihilape|81/100
|-damage|p1b: Typhlosion|69/100
|move|p1b: Typhlosion|Heat Wave|p2b: Electabuzz|[spread] p2a,p2b
|-damage|p2a: Volcarona|75/100
|-damage|p2b: Electabuzz|30/100
|move|p1a: Annihilape|Rage Fist|p2b: Electabuzz
|-damage|p2b: Electabuzz|0 fnt
|faint|p2b: Electabuzz
|
|-weather|Snowscape|[upkeep]
|-heal|p1a: Annihilape|87/100|[from] item: Leftovers
|upkeep
|
|t:|1756550357
|switch|p2b: Rillaboom|Rillaboom, L50, M, shiny|100/100
|-fieldstart|move: Grassy Terrain|[from] ability: Grassy Surge|[of] p2b: Rillaboom
|turn|4
|
|t:|1756550367
|-terastallize|p2b: Rillaboom|Fire
|move|p2b: Rillaboom|Fake Out|p1a: Annihilape
|-damage|p1a: Annihilape|81/100
|move|p2a: Volcarona|Heat Wave|p1b: Typhlosion|[spread] p1a,p1b
|-resisted|p1a: Annihilape
|-resisted|p1b: Typhlosion
|-crit|p1b: Typhlosion
|-damage|p1a: Annihilape|60/100
|-damage|p1b: Typhlosion|0 fnt
|faint|p1b: Typhlosion
|cant|p1a: Annihilape|flinch
|
|-weather|Snowscape|[upkeep]
|-heal|p2a: Volcarona|81/100|[from] Grassy Terrain
|-heal|p1a: Annihilape|66/100|[from] Grassy Terrain
|-heal|p1a: Annihilape|72/100|[from] item: Leftovers
|upkeep
|
|t:|1756550380
|switch|p1b: Incineroar|Incineroar, L50, F|100/100
|-ability|p1b: Incineroar|Intimidate|boost
|-unboost|p2a: Volcarona|atk|1
|-unboost|p2b: Rillaboom|atk|1
|turn|5
|
|t:|1756550394
|move|p2a: Volcarona|Protect|p2a: Volcarona
|-singleturn|p2a: Volcarona|Protect
|move|p1b: Incineroar|Fake Out|p2b: Rillaboom
|-damage|p2b: Rillaboom|88/100
|move|p1a: Annihilape|Rage Fist|p2a: Volcarona
|-activate|p2a: Volcarona|move: Protect
|cant|p2b: Rillaboom|flinch
|
|-weather|none
|-heal|p2a: Volcarona|87/100|[from] Grassy Terrain
|-heal|p1a: Annihilape|78/100|[from] Grassy Terrain
|-heal|p1a: Annihilape|84/100|[from] item: Leftovers
|-heal|p2b: Rillaboom|94/100|[from] Grassy Terrain
|upkeep
|turn|6
|
|t:|1756550411
|move|p2a: Volcarona|Heat Wave|p1b: Incineroar|[spread] p1b
|-miss|p2a: Volcarona|p1a: Annihilape
|-resisted|p1b: Incineroar
|-damage|p1b: Incineroar|79/100
|move|p1a: Annihilape|Rage Fist|p2a: Volcarona
|-damage|p2a: Volcarona|0 fnt
|faint|p2a: Volcarona
|move|p2b: Rillaboom|High Horsepower|p1a: Annihilape
|-supereffective|p1a: Annihilape
|-damage|p1a: Annihilape|64/100
|move|p1b: Incineroar|Knock Off|p2b: Rillaboom
|-damage|p2b: Rillaboom|56/100
|-enditem|p2b: Rillaboom|Assault Vest|[from] move: Knock Off|[of] p1b: Incineroar
|
|-heal|p1a: Annihilape|70/100|[from] Grassy Terrain
|-heal|p1a: Annihilape|76/100|[from] item: Leftovers
|-heal|p2b: Rillaboom|62/100|[from] Grassy Terrain
|-heal|p1b: Incineroar|85/100|[from] Grassy Terrain
|upkeep
|
|t:|1756550414
|switch|p2a: Kingambit|Kingambit, L50, M, shiny|100/100
|turn|7
|-message|Bujero A subir forfeited.
|
|win|Olciax34
|raw|Olciax34's rating: 1170 → 1189(+19 for winning)
|raw|Bujero A subir's rating: 1089 → 1071(-18 for losing)
