|j|☆GS Barnabe
|j|‽gdog6969
|html|GS Barnabegdog6969    
|uhtml|bestof|Game 1 of a best-of-3
|t:|1785415342
|gametype|doubles
|player|p1|GS Barnabe|101|1053
|player|p2|gdog6969|2|1023
|gen|9
|tier|[Gen 9 Champions] VGC 2026 Reg M-B (Bo3)
|rated|
|rule|Species Clause: Limit one of each Pokémon
|rule|Item Clause: Limit 1 of each item
|clearpoke
|poke|p1|Meowstic, L50, M|
|poke|p1|Tyranitar, L50, F|
|poke|p1|Scovillain, L50, M|
|poke|p1|Houndstone, L50, M|
|poke|p1|Corviknight, L50, M|
|poke|p1|Garchomp, L50, F|
|poke|p2|Farigiraf, L50, M|
|poke|p2|Grimmsnarl, L50, M|
|poke|p2|Pelipper, L50, M|
|poke|p2|Archaludon, L50, F|
|poke|p2|Corviknight, L50, F|
|poke|p2|Sinistcha-Masterpiece, L50|
|teampreview|4
|showteam|p1|Meowstic||LightClay|Prankster|FakeOut,Reflect,LightScreen,PsychicNoise|Bold||M|||50|]Tyranitar||ChoiceScarf|SandStream|RockSlide,KnockOff,IcePunch,Superpower|Jolly||F|||50|]Scovillain||Scovillainite|Moody|Overheat,LeechSeed,RagePowder,Protect|Calm||M|||50|]Houndstone||SitrusBerry|SandRush|LastRespects,Disable,AllySwitch,Protect|Adamant||M|||50|]Corviknight||LifeOrb|MirrorArmor|IronHead,BraveBird,Tailwind,Protect|Adamant||M|||50|]Garchomp||Garchompite|RoughSkin|DracoMeteor,EarthPower,PowerGem,Protect|Modest||F|||50|
|showteam|p2|Farigiraf||ColburBerry|ArmorTail|Amnesia,BatonPass,Protect,TrickRoom|Bold||M|||50|]Grimmsnarl||LightClay|Prankster|FakeOut,Reflect,LightScreen,PartingShot|Careful||M|||50|]Pelipper||FocusSash|Drizzle|Tailwind,WideGuard,Hurricane,WeatherBall|Modest||M|||50|]Archaludon||Leftovers|Stamina|Protect,FlashCannon,DragonPulse,ElectroShot|Calm||F|||50|]Corviknight||SitrusBerry|MirrorArmor|BulkUp,BodyPress,PowerTrip,Roost|Careful||F|||50|]Sinistcha-Masterpiece||CobaBerry|Hospitality|LifeDew,RagePowder,TrickRoom,MatchaGotcha|Relaxed|||||50|
|
|t:|1785415396
|teamsize|p1|4
|teamsize|p2|4
|start
|switch|p1a: Scovillain|Scovillain, L50, M|100/100
|switch|p1b: Meowstic|Meowstic, L50, M|100/100
|switch|p2a: Grimmsnarl|Grimmsnarl, L50, M|100/100
|switch|p2b: Farigiraf|Farigiraf, L50, M|100/100
|turn|1
|inactive|Battle timer is ON: inactive players will automatically lose when time's up. (requested by GS Barnabe)
|
|t:|1785415424
|detailschange|p1a: Scovillain|Scovillain-Mega, L50, M
|-mega|p1a: Scovillain|Scovillain|Scovillainite
|move|p1b: Meowstic|Fake Out||[still]
|cant|p2b: Farigiraf|ability: Armor Tail|Fake Out|[of] p1b: Meowstic
|move|p2a: Grimmsnarl|Light Screen|p2a: Grimmsnarl
|-sidestart|p2: gdog6969|move: Light Screen
|move|p1a: Scovillain|Leech Seed|p2b: Farigiraf|[miss]
|-miss|p1a: Scovillain|p2b: Farigiraf
|move|p2b: Farigiraf|Amnesia|p2b: Farigiraf
|-boost|p2b: Farigiraf|spd|2
|
|upkeep
|turn|2
|inactive|GS Barnabe has 30 seconds left.
|
|t:|1785415450
|move|p1b: Meowstic|Light Screen|p1b: Meowstic
|-sidestart|p1: GS Barnabe|move: Light Screen
|move|p2a: Grimmsnarl|Reflect|p2a: Grimmsnarl
|-sidestart|p2: gdog6969|Reflect
|move|p1a: Scovillain|Leech Seed|p2b: Farigiraf
|-start|p2b: Farigiraf|move: Leech Seed
|move|p2b: Farigiraf|Amnesia|p2b: Farigiraf
|-boost|p2b: Farigiraf|spd|2
|
|-damage|p2b: Farigiraf|87/100|[from] Leech Seed|[of] p1a: Scovillain
|upkeep
|turn|3
|
|t:|1785415469
|move|p1b: Meowstic|Reflect|p1b: Meowstic
|-sidestart|p1: GS Barnabe|Reflect
|move|p2a: Grimmsnarl|Parting Shot|p1a: Scovillain
|-unboost|p1a: Scovillain|atk|1
|-unboost|p1a: Scovillain|spa|1
|
|t:|1785415474
|switch|p2a: Pelipper|Pelipper, L50, M|100/100|[from] Parting Shot
|-weather|RainDance|[from] ability: Drizzle|[of] p2a: Pelipper
|move|p1a: Scovillain|Leech Seed|p2a: Pelipper
|-start|p2a: Pelipper|move: Leech Seed
|move|p2b: Farigiraf|Baton Pass|p2b: Farigiraf
|
|t:|1785415480
|switch|p2b: Archaludon|Archaludon, L50, F|100/100|[from] Baton Pass
|
|-weather|RainDance|[upkeep]
|-damage|p2b: Archaludon|88/100|[from] Leech Seed|[of] p1a: Scovillain
|-damage|p2a: Pelipper|88/100|[from] Leech Seed|[of] p1a: Scovillain
|upkeep
|turn|4
|
|t:|1785415498
|switch|p1b: Tyranitar|Tyranitar, L50, F|100/100
|-weather|Sandstorm|[from] ability: Sand Stream|[of] p1b: Tyranitar
|move|p1a: Scovillain|Protect|p1a: Scovillain
|-singleturn|p1a: Scovillain|Protect
|move|p2b: Archaludon|Electro Shot||[still]
|-prepare|p2b: Archaludon|Electro Shot
|-boost|p2b: Archaludon|spa|1
|move|p2a: Pelipper|Hurricane|p1a: Scovillain
|-activate|p1a: Scovillain|move: Protect
|
|-weather|Sandstorm|[upkeep]
|-damage|p1a: Scovillain|94/100|[from] Sandstorm
|-damage|p2a: Pelipper|82/100|[from] Sandstorm
|-heal|p2b: Archaludon|94/100|[from] item: Leftovers
|-damage|p2b: Archaludon|82/100|[from] Leech Seed|[of] p1a: Scovillain
|-heal|p1a: Scovillain|100/100|[silent]
|-damage|p2a: Pelipper|70/100|[from] Leech Seed|[of] p1a: Scovillain
|upkeep
|turn|5
|inactive|GS Barnabe has 30 seconds left.
|
|t:|1785415525
|switch|p2a: Grimmsnarl|Grimmsnarl, L50, M|100/100
|move|p1b: Tyranitar|Knock Off|p2b: Archaludon
|-damage|p2b: Archaludon|51/100
|-ability|p2b: Archaludon|Stamina|boost
|-boost|p2b: Archaludon|def|1
|-enditem|p2b: Archaludon|Leftovers|[from] move: Knock Off|[of] p1b: Tyranitar
|move|p2b: Archaludon|Electro Shot|p1b: Tyranitar|[from] lockedmove
|-damage|p1b: Tyranitar|68/100
|move|p1a: Scovillain|Leech Seed|p2a: Grimmsnarl
|-start|p2a: Grimmsnarl|move: Leech Seed
|
|-weather|Sandstorm|[upkeep]
|-damage|p1a: Scovillain|94/100|[from] Sandstorm
|-damage|p2a: Grimmsnarl|94/100|[from] Sandstorm
|-damage|p2b: Archaludon|39/100|[from] Leech Seed|[of] p1a: Scovillain
|-heal|p1a: Scovillain|100/100|[silent]
|-damage|p2a: Grimmsnarl|81/100|[from] Leech Seed|[of] p1a: Scovillain
|upkeep
|turn|6
|
|t:|1785415550
|switch|p2a: Pelipper|Pelipper, L50, M|70/100
|-weather|RainDance|[from] ability: Drizzle|[of] p2a: Pelipper
|move|p1a: Scovillain|Rage Powder|p1a: Scovillain
|-singleturn|p1a: Scovillain|move: Rage Powder
|move|p1b: Tyranitar|Knock Off|p2a: Pelipper
|-damage|p2a: Pelipper|35/100
|-enditem|p2a: Pelipper|Focus Sash|[from] move: Knock Off|[of] p1b: Tyranitar
|move|p2b: Archaludon|Electro Shot||[still]
|-prepare|p2b: Archaludon|Electro Shot
|-boost|p2b: Archaludon|spa|1
|-anim|p2b: Archaludon|Electro Shot|p1a: Scovillain
|-resisted|p1a: Scovillain|1
|-damage|p1a: Scovillain|69/100
|-status|p2b: Archaludon|brn|[from] ability: Spicy Spray|[of] p1a: Scovillain
|
|-weather|RainDance|[upkeep]
|-damage|p2b: Archaludon|27/100 brn|[from] Leech Seed|[of] p1a: Scovillain
|-heal|p1a: Scovillain|80/100|[silent]
|-damage|p2b: Archaludon|21/100 brn|[from] brn
|upkeep
|turn|7
|
|t:|1785415572
|move|p1a: Scovillain|Protect|p1a: Scovillain
|-singleturn|p1a: Scovillain|Protect
|move|p1b: Tyranitar|Knock Off|p2a: Pelipper
|-damage|p2a: Pelipper|8/100
|move|p2b: Archaludon|Flash Cannon|p1b: Tyranitar
|-supereffective|p1b: Tyranitar|1
|-damage|p1b: Tyranitar|0 fnt
|faint|p1b: Tyranitar
|move|p2a: Pelipper|Hurricane|p1a: Scovillain
|-activate|p1a: Scovillain|move: Protect
|
|-weather|RainDance|[upkeep]
|-damage|p2b: Archaludon|9/100 brn|[from] Leech Seed|[of] p1a: Scovillain
|-heal|p1a: Scovillain|92/100|[silent]
|-damage|p2b: Archaludon|3/100 brn|[from] brn
|upkeep
|
|t:|1785415587
|switch|p1b: Meowstic|Meowstic, L50, M|100/100
|turn|8
|
|t:|1785415599
|move|p1b: Meowstic|Fake Out|p2a: Pelipper
|-damage|p2a: Pelipper|5/100
|move|p2b: Archaludon|Dragon Pulse|p1a: Scovillain
|-damage|p1a: Scovillain|35/100
|move|p1a: Scovillain|Leech Seed|p2a: Pelipper
|-start|p2a: Pelipper|move: Leech Seed
|cant|p2a: Pelipper|flinch
|
|-weather|RainDance|[upkeep]
|-damage|p2b: Archaludon|0 fnt|[from] Leech Seed|[of] p1a: Scovillain
|-heal|p1a: Scovillain|38/100|[silent]
|faint|p2b: Archaludon
|-damage|p2a: Pelipper|0 fnt|[from] Leech Seed|[of] p1a: Scovillain
|-heal|p1a: Scovillain|44/100|[silent]
|faint|p2a: Pelipper
|-sideend|p2: gdog6969|move: Light Screen
|upkeep
|-message|gdog6969 forfeited.
|
|win|GS Barnabe
|l|‽gdog6969
|player|p2|
||GS Barnabe is ready for game 2.
|inactive|gdog6969 has 29 seconds to confirm battle start!
