|j|☆pkojlkhbj
|j|☆Kikap
|html|pkojlkhbjKikap    
|uhtml|bestof|Game 1 of a best-of-3
|t:|1785831118
|gametype|doubles
|player|p1|pkojlkhbj|pokemonrangerf|1043
|player|p2|Kikap|iris-gen5bw2|1000
|gen|9
|tier|[Gen 9 Champions] VGC 2026 Reg M-B (Bo3)
|rated|
|rule|Species Clause: Limit one of each Pokémon
|rule|Item Clause: Limit 1 of each item
|clearpoke
|poke|p1|Staraptor, L50, F|
|poke|p1|Farigiraf, L50, M|
|poke|p1|Incineroar, L50, F|
|poke|p1|Floette-Eternal, L50, F|
|poke|p1|Excadrill, L50, F|
|poke|p1|Milotic, L50, M|
|poke|p2|Quaquaval, L50, F, shiny|
|poke|p2|Tinkaton, L50, F|
|poke|p2|Incineroar, L50, F|
|poke|p2|Basculegion, L50, M, shiny|
|poke|p2|Lucario, L50, F|
|poke|p2|Garchomp, L50, M, shiny|
|teampreview|4
|showteam|p1|Staraptor||ChoiceScarf|Intimidate|FinalGambit,CloseCombat,Uturn,BraveBird|Jolly||F|||50|]Farigiraf||SitrusBerry|ArmorTail|TrickRoom,Psychic,Thunderbolt,HelpingHand|Bold||M|||50|]Incineroar||FocusSash|Intimidate|FakeOut,PartingShot,FlareBlitz,ThroatChop|Adamant||F|||50|]Floette-Eternal||Floettite|FlowerVeil|DazzlingGleam,Protect,CalmMind,DrainingKiss|Modest||F|||50|]Excadrill||LifeOrb|MoldBreaker|IronHead,HighHorsepower,Protect,RockSlide|Jolly||F|||50|]Milotic||Leftovers|Competitive|MuddyWater,Hypnosis,Coil,Recover|Calm||M|||50|
|showteam|p2|Quaquaval||NeverMeltIce|Moxie|WaveCrash,AquaStep,TripleAxel,Coaching|Jolly||F|||50|]Tinkaton|||Pickpocket|GigatonHammer,WoodHammer,RockSlide,PlayRough|Jolly||F|||50|]Incineroar||SitrusBerry|Intimidate|FlareBlitz,FakeOut,PartingShot,DarkestLariat|Adamant||F|||50|]Basculegion||MysticWater|Adaptability|LastRespects,WaveCrash,Protect,AquaJet|Serious||M|||50|]Lucario||Lucarionite|InnerFocus|HighJumpKick,MeteorMash,Agility,Detect|Adamant||F|||50|]Garchomp||LifeOrb|RoughSkin|Earthquake,EarthPower,DragonClaw,StoneEdge|Naive||M|||50|
|inactive|Battle timer is ON: inactive players will automatically lose when time's up. (requested by pkojlkhbj)
|inactive|Kikap has 60 seconds left.
|
|t:|1785831176
|teamsize|p1|4
|teamsize|p2|4
|start
|switch|p1a: Staraptor|Staraptor, L50, F|100/100
|switch|p1b: Incineroar|Incineroar, L50, F|100/100
|switch|p2a: Tinkaton|Tinkaton, L50, F|100/100
|switch|p2b: Incineroar|Incineroar, L50, F|100/100
|-ability|p1a: Staraptor|Intimidate|boost
|-unboost|p2a: Tinkaton|atk|1
|-unboost|p2b: Incineroar|atk|1
|-ability|p1b: Incineroar|Intimidate|boost
|-unboost|p2a: Tinkaton|atk|1
|-unboost|p2b: Incineroar|atk|1
|-ability|p2b: Incineroar|Intimidate|boost
|-unboost|p1a: Staraptor|atk|1
|-unboost|p1b: Incineroar|atk|1
|turn|1
|inactive|Kikap has 30 seconds left.
|
|t:|1785831206
|switch|p1b: Farigiraf|Farigiraf, L50, M|100/100
|move|p2b: Incineroar|Fake Out||[still]
|cant|p1b: Farigiraf|ability: Armor Tail|Fake Out|[of] p2b: Incineroar
|move|p1a: Staraptor|U-turn|p2a: Tinkaton
|-resisted|p2a: Tinkaton|2
|-damage|p2a: Tinkaton|95/100
|-enditem|p1a: Staraptor|Choice Scarf|[silent]|[from] ability: Pickpocket|[of] p1a: Staraptor
|-item|p2a: Tinkaton|Choice Scarf|[from] ability: Pickpocket|[of] p1a: Staraptor
|
|t:|1785831210
|switch|p1a: Incineroar|Incineroar, L50, F|100/100|[from] U-turn
|-ability|p1a: Incineroar|Intimidate|boost
|-unboost|p2a: Tinkaton|atk|1
|-unboost|p2b: Incineroar|atk|1
|move|p2a: Tinkaton|Play Rough|p1a: Incineroar
|-damage|p1a: Incineroar|83/100
|
|upkeep
|turn|2
|
|t:|1785831230
|move|p2a: Tinkaton|Play Rough|p1b: Farigiraf
|-damage|p1b: Farigiraf|90/100
|move|p1a: Incineroar|Parting Shot|p2a: Tinkaton
|-unboost|p2a: Tinkaton|atk|1
|-unboost|p2a: Tinkaton|spa|1
|
|t:|1785831233
|switch|p1a: Floette|Floette-Eternal, L50, F|100/100|[from] Parting Shot
|move|p2b: Incineroar|Darkest Lariat|p1b: Farigiraf
|-supereffective|p1b: Farigiraf|1
|-damage|p1b: Farigiraf|65/100
|move|p1b: Farigiraf|Trick Room|p1b: Farigiraf
|-fieldstart|move: Trick Room|[of] p1b: Farigiraf
|
|upkeep
|turn|3
|inactive|Kikap has 30 seconds left.
|
|t:|1785831259
|switch|p2a: Lucario|Lucario, L50, F|100/100
|detailschange|p1a: Floette|Floette-Mega, L50, F
|-mega|p1a: Floette|Floette|Floettite
|-ability|p1a: Floette|Fairy Aura
|move|p1b: Farigiraf|Thunderbolt|p2b: Incineroar
|-damage|p2b: Incineroar|77/100
|move|p2b: Incineroar|Parting Shot|p1a: Floette
|-unboost|p1a: Floette|atk|1
|-unboost|p1a: Floette|spa|1
|
|t:|1785831273
|switch|p2b: Tinkaton|Tinkaton, L50, F|95/100|[from] Parting Shot
|move|p1a: Floette|Calm Mind|p1a: Floette
|-boost|p1a: Floette|spa|1
|-boost|p1a: Floette|spd|1
|
|upkeep
|turn|4
|
|t:|1785831290
|switch|p1a: Incineroar|Incineroar, L50, F|83/100
|-ability|p1a: Incineroar|Intimidate|boost
|-fail|p2a: Lucario|unboost|Attack|[from] ability: Inner Focus|[of] p2a: Lucario
|-unboost|p2b: Tinkaton|atk|1
|detailschange|p2a: Lucario|Lucario-Mega, L50, F
|-mega|p2a: Lucario|Lucario|Lucarionite
|move|p1b: Farigiraf|Psychic|p2a: Lucario
|-damage|p2a: Lucario|48/100
|move|p2a: Lucario|Meteor Mash|p1a: Incineroar
|-resisted|p1a: Incineroar|1
|-damage|p1a: Incineroar|40/100
|move|p2b: Tinkaton|Gigaton Hammer|p1a: Incineroar
|-resisted|p1a: Incineroar|1
|-damage|p1a: Incineroar|19/100
|
|upkeep
|turn|5
|inactive|Kikap has 30 seconds left.
|
|t:|1785831316
|move|p2a: Lucario|Detect|p2a: Lucario
|-singleturn|p2a: Lucario|Protect
|move|p1b: Farigiraf|Psychic|p2a: Lucario
|-activate|p2a: Lucario|move: Protect
|move|p1a: Incineroar|Flare Blitz|p2b: Tinkaton
|-supereffective|p2b: Tinkaton|1
|-damage|p2b: Tinkaton|0 fnt
|faint|p2b: Tinkaton
|-damage|p1a: Incineroar|0 fnt|[from] Recoil
|faint|p1a: Incineroar
|
|upkeep
|
|t:|1785831331
|switch|p1a: Floette|Floette-Mega, L50, F|100/100
|switch|p2b: Basculegion|Basculegion, L50, M, shiny|100/100
|-ability|p1a: Floette|Fairy Aura
|turn|6
|
|t:|1785831346
|move|p1b: Farigiraf|Helping Hand|p1a: Floette
|-singleturn|p1a: Floette|Helping Hand|[of] p1b: Farigiraf
|move|p2b: Basculegion|Wave Crash|p1a: Floette
|-damage|p1a: Floette|19/100
|-damage|p2b: Basculegion|78/100|[from] Recoil
|move|p1a: Floette|Dazzling Gleam|p2b: Basculegion|[spread] p2a,p2b
|-damage|p2a: Lucario|0 fnt
|-damage|p2b: Basculegion|15/100
|faint|p2a: Lucario
|
|-fieldend|move: Trick Room
|upkeep
|
|t:|1785831356
|switch|p2a: Incineroar|Incineroar, L50, F|77/100
|-ability|p2a: Incineroar|Intimidate|boost
|-unboost|p1a: Floette|atk|1
|-unboost|p1b: Farigiraf|atk|1
|turn|7
|
|t:|1785831371
|move|p1b: Farigiraf|Helping Hand|p1a: Floette
|-singleturn|p1a: Floette|Helping Hand|[of] p1b: Farigiraf
|move|p2b: Basculegion|Aqua Jet||[still]
|cant|p1b: Farigiraf|ability: Armor Tail|Aqua Jet|[of] p2b: Basculegion
|move|p1a: Floette|Dazzling Gleam|p2b: Basculegion|[spread] p2a,p2b
|-damage|p2a: Incineroar|11/100
|-damage|p2b: Basculegion|0 fnt
|-enditem|p2a: Incineroar|Sitrus Berry|[eat]
|-heal|p2a: Incineroar|36/100|[from] item: Sitrus Berry
|faint|p2b: Basculegion
|move|p2a: Incineroar|Darkest Lariat|p1b: Farigiraf
|-supereffective|p1b: Farigiraf|1
|-damage|p1b: Farigiraf|0 fnt
|faint|p1b: Farigiraf
|
|upkeep
|
|t:|1785831376
|switch|p1b: Staraptor|Staraptor, L50, F|100/100
|-ability|p1b: Staraptor|Intimidate|boost
|-unboost|p2a: Incineroar|atk|1
|turn|8
|-message|Kikap forfeited.
|
|win|pkojlkhbj
|l|☆Kikap
|player|p2|
|raw|pkojlkhbj's rating: 1043 → 1072(+29 for winning)
|raw|Kikap's rating: 1000 → 1000(+0 for losing)
