|j|☆burnerblovsky
|j|☆Wikdchikn
|html|burnerblovskyWikdchikn    
|uhtml|bestof|Game 1 of a best-of-3
|t:|1757771543
|gametype|doubles
|player|p1|burnerblovsky|101|1133
|player|p2|Wikdchikn|cameraman|1215
|gen|9
|tier|[Gen 9] VGC 2025 Reg H (Bo3)
|rated|
|rule|Species Clause: Limit one of each Pokémon
|rule|Item Clause: Limit 1 of each item
|clearpoke
|poke|p1|Indeedee-F, L50, F|
|poke|p1|Hatterene, L50, F|
|poke|p1|Kingambit, L50, F|
|poke|p1|Ursaluna, L50, F|
|poke|p1|Annihilape, L50, F|
|poke|p1|Torkoal, L50, M|
|poke|p2|Arboliva, L50, M|
|poke|p2|Porygon2, L50|
|poke|p2|Primarina, L50, M|
|poke|p2|Ursaluna, L50, M|
|poke|p2|Amoonguss, L50, M|
|poke|p2|Armarouge, L50, F|
|teampreview|4
|showteam|p1|Indeedee-F||PsychicSeed|PsychicSurge|FollowMe,TrickRoom,HelpingHand,Psychic|||F|||50|,,,,,Psychic]Hatterene||CovertCloak|MagicBounce|Psychic,ExpandingForce,DazzlingGleam,TrickRoom|||F|||50|,,,,,Psychic]Kingambit||BlackGlasses|Defiant|KowtowCleave,IronHead,SuckerPunch,Protect|||F|||50|,,,,,Fire]Ursaluna||FlameOrb|Guts|HeadlongRush,Earthquake,Protect,Facade|||F|||50|,,,,,Fire]Annihilape||ChoiceScarf|VitalSpirit|FinalGambit,CloseCombat,RageFist,Coaching|||F|||50|,,,,,Fighting]Torkoal||Charcoal|Drought|Eruption,WeatherBall,AncientPower,ClearSmog|||M|||50|,,,,,Fire
|showteam|p2|Arboliva||ChoiceSpecs|SeedSower|DazzlingGleam,HyperVoice,EarthPower,GigaDrain|||M|||50|,,,,,Fairy]Porygon2||Eviolite|Trace|TeraBlast,ShadowBall,TrickRoom,Protect||||||50|,,,,,Fighting]Primarina||ThroatSpray|LiquidVoice|Moonblast,HyperVoice,Haze,Protect|||M|||50|,,,,,Water]Ursaluna||FlameOrb|Guts|Protect,Facade,HeadlongRush,Earthquake|||M|||50|,,,,,Ghost]Amoonguss||RockyHelmet|Regenerator|RagePowder,Spore,FoulPlay,Protect|||M|||50|,,,,,Dark]Armarouge||SitrusBerry|FlashFire|WideGuard,TrickRoom,HeatWave,HelpingHand|||F|||50|,,,,,Grass
|inactive|Battle timer is ON: inactive players will automatically lose when time's up. (requested by Wikdchikn)
|inactive|burnerblovsky also wants the timer to be on.
|inactive|Wikdchikn has 60 seconds left.
|inactive|burnerblovsky has 60 seconds left.
|
|t:|1757771597
|teamsize|p1|4
|teamsize|p2|4
|start
|switch|p1a: Annihilape|Annihilape, L50, F|100/100
|switch|p1b: Ursaluna|Ursaluna, L50, F|100/100
|switch|p2a: Megaman|Armarouge, L50, F|100/100
|switch|p2b: Pest|Amoonguss, L50, M|100/100
|turn|1
|inactive|burnerblovsky has 30 seconds left.
|
|t:|1757771624
|-terastallize|p1b: Ursaluna|Fire
|move|p1a: Annihilape|Final Gambit|p2a: Megaman
|-damage|p2a: Megaman|0 fnt
|faint|p1a: Annihilape
|faint|p2a: Megaman
|move|p1b: Ursaluna|Earthquake|p2b: Pest
|-damage|p2b: Pest|46/100
|move|p2b: Pest|Foul Play|p1b: Ursaluna
|-damage|p1b: Ursaluna|68/100
|
|upkeep
|
|t:|1757771638
|switch|p1a: Indeedee|Indeedee-F, L50, F|100/100
|switch|p2a: Bear with me|Ursaluna, L50, M|100/100
|-fieldstart|move: Psychic Terrain|[from] ability: Psychic Surge|[of] p1a: Indeedee
|-enditem|p1a: Indeedee|Psychic Seed
|-boost|p1a: Indeedee|spd|1|[from] item: Psychic Seed
|turn|2
|
|t:|1757771655
|-terastallize|p2a: Bear with me|Ghost
|move|p2b: Pest|Protect|p2b: Pest
|-singleturn|p2b: Pest|Protect
|move|p1a: Indeedee|Psychic|p2a: Bear with me
|-damage|p2a: Bear with me|64/100
|-unboost|p2a: Bear with me|spd|1
|move|p1b: Ursaluna|Earthquake|p2a: Bear with me|[spread] p1a,p2a
|-activate|p2b: Pest|move: Protect
|-damage|p1a: Indeedee|46/100
|-damage|p2a: Bear with me|33/100
|move|p2a: Bear with me|Earthquake|p1a: Indeedee|[spread] p1a,p1b
|-activate|p2b: Pest|move: Protect
|-supereffective|p1b: Ursaluna
|-damage|p1a: Indeedee|0 fnt
|-damage|p1b: Ursaluna|3/100
|faint|p1a: Indeedee
|
|-status|p2a: Bear with me|brn|[from] item: Flame Orb
|upkeep
|
|t:|1757771667
|switch|p1a: Hatterene|Hatterene, L50, F|100/100
|turn|3
|
|t:|1757771682
|switch|p2b: Olive You|Arboliva, L50, M|100/100
|move|p2a: Bear with me|Protect|p2a: Bear with me
|-singleturn|p2a: Bear with me|Protect
|move|p1b: Ursaluna|Headlong Rush|p2a: Bear with me
|-activate|p2a: Bear with me|move: Protect
|move|p1a: Hatterene|Expanding Force|p2b: Olive You|[spread] p2b
|-activate|p2a: Bear with me|move: Protect
|-damage|p2b: Olive You|30/100
|-fieldstart|move: Grassy Terrain|[from] ability: Seed Sower|[of] p2b: Olive You
|
|-heal|p1b: Ursaluna|9/100|[from] Grassy Terrain
|-heal|p2a: Bear with me|39/100 brn|[from] Grassy Terrain
|-heal|p2b: Olive You|36/100|[from] Grassy Terrain
|-damage|p2a: Bear with me|33/100 brn|[from] brn
|upkeep
|turn|4
|inactive|burnerblovsky has 30 seconds left.
|
|t:|1757771707
|move|p1b: Ursaluna|Headlong Rush|p2a: Bear with me
|-damage|p2a: Bear with me|0 fnt
|-unboost|p1b: Ursaluna|def|1
|-unboost|p1b: Ursaluna|spd|1
|faint|p2a: Bear with me
|move|p2b: Olive You|Hyper Voice|p1b: Ursaluna|[spread] p1a,p1b
|-damage|p1a: Hatterene|46/100
|-damage|p1b: Ursaluna|0 fnt
|faint|p1b: Ursaluna
|move|p1a: Hatterene|Dazzling Gleam|p2b: Olive You
|-damage|p2b: Olive You|0 fnt
|faint|p2b: Olive You
|
|-heal|p1a: Hatterene|52/100|[from] Grassy Terrain
|upkeep
|
|t:|1757771718
|switch|p2b: Pest|Amoonguss, L50, M|79/100
|turn|5
|
|t:|1757771723
|move|p1a: Hatterene|Psychic|p2b: Pest
|-supereffective|p2b: Pest
|-damage|p2b: Pest|0 fnt
|faint|p2b: Pest
|
|win|burnerblovsky
|l|☆Wikdchikn
|player|p2|
|l|☆burnerblovsky
|player|p1|
||Wikdchikn is ready for game 2.
||burnerblovsky is ready for game 2.
|uhtml|next|Next: Game 2 of 3
