|j|☆AliexVGC
|j|☆AdritwoG
|html|AliexVGCAdritwoG    
|uhtml|bestof|Game 1 of a best-of-3
|t:|1782254894
|gametype|doubles
|player|p1|AliexVGC|hilbert-wonderlauncher|1045
|player|p2|AdritwoG|101|1068
|gen|9
|tier|[Gen 9 Champions] VGC 2026 Reg M-B (Bo3)
|rated|
|rule|Species Clause: Limit one of each Pokémon
|rule|Item Clause: Limit 1 of each item
|clearpoke
|poke|p1|Charizard, L50, M|
|poke|p1|Aerodactyl, L50, M|
|poke|p1|Garchomp, L50, F|
|poke|p1|Sylveon, L50, M|
|poke|p1|Farigiraf, L50, M|
|poke|p1|Kingambit, L50, F|
|poke|p2|Sceptile, L50, F|
|poke|p2|Rotom-Heat, L50|
|poke|p2|Sinistcha, L50|
|poke|p2|Aerodactyl, L50, F|
|poke|p2|Sneasler, L50, M|
|poke|p2|Basculegion, L50, M|
|teampreview|4
|showteam|p1|Charizard||CharizarditeY|Blaze|Protect,HeatWave,WeatherBall,SolarBeam|Modest||M|||50|]Aerodactyl||Aerodactylite|RockHead|RockSlide,DualWingbeat,Tailwind,IceFang|Jolly||M|||50|]Garchomp||LifeOrb|RoughSkin|Earthquake,StompingTantrum,DragonClaw,Protect|Adamant||F|||50|]Sylveon||FairyFeather|Pixilate|HyperVoice,QuickAttack,HyperBeam,Detect|Modest||M|||50|]Farigiraf||SitrusBerry|ArmorTail|TwinBeam,Thunderbolt,Roar,TrickRoom|Quiet||M|||50|]Kingambit||FocusSash|Defiant|KowtowCleave,IronHead,SuckerPunch,LowKick|Docile||F|||50|
|showteam|p2|Sceptile||Sceptilite|Unburden|LeafStorm,DragonPulse,Detect,EarthPower|Timid||F|||50|]Rotom-Heat||WideLens|Levitate|WillOWisp,Discharge,Electroweb,Overheat|Timid|||||50|]Sinistcha||SitrusBerry|Hospitality|MatchaGotcha,TrickRoom,LifeDew,Protect|Calm|||||50|]Aerodactyl||Aerodactylite|Unnerve|Tailwind,RockSlide,DualWingbeat,Protect|Jolly||F|||50|]Sneasler||WhiteHerb|Unburden|CloseCombat,DireClaw,FakeOut,Protect|Adamant||M|||50|]Basculegion||ChoiceScarf|Adaptability|WaveCrash,AquaJet,FlipTurn,LastRespects|Adamant||M|||50|
|inactive|Battle timer is ON: inactive players will automatically lose when time's up. (requested by AliexVGC)
|inactive|AliexVGC has 60 seconds left.
|
|t:|1782254943
|teamsize|p1|4
|teamsize|p2|4
|start
|switch|p1a: Garchomp|Garchomp, L50, F|100/100
|switch|p1b: Aerodactyl|Aerodactyl, L50, M|100/100
|switch|p2a: Aerodactyl|Aerodactyl, L50, F|100/100
|switch|p2b: Sneasler|Sneasler, L50, M|100/100
|-ability|p2a: Aerodactyl|Unnerve
|turn|1
|inactive|AdritwoG has 30 seconds left.
|inactive|AdritwoG has 20 seconds left.
|
|t:|1782254979
|detailschange|p1b: Aerodactyl|Aerodactyl-Mega, L50, M
|-mega|p1b: Aerodactyl|Aerodactyl|Aerodactylite
|detailschange|p2a: Aerodactyl|Aerodactyl-Mega, L50, F
|-mega|p2a: Aerodactyl|Aerodactyl|Aerodactylite
|move|p2b: Sneasler|Fake Out|p1b: Aerodactyl
|-resisted|p1b: Aerodactyl|1
|-damage|p1b: Aerodactyl|92/100
|move|p2a: Aerodactyl|Rock Slide|p1b: Aerodactyl|[spread] p1a,p1b
|-resisted|p1a: Garchomp|1
|-supereffective|p1b: Aerodactyl|1
|-damage|p1a: Garchomp|85/100
|-damage|p1b: Aerodactyl|27/100
|cant|p1b: Aerodactyl|flinch
|move|p1a: Garchomp|Stomping Tantrum|p2b: Sneasler
|-supereffective|p2b: Sneasler|1
|-damage|p2b: Sneasler|0 fnt
|faint|p2b: Sneasler
|-damage|p1a: Garchomp|75/100|[from] item: Life Orb
|
|upkeep
|
|t:|1782254999
|switch|p2b: Rotom|Rotom-Heat, L50|100/100
|turn|2
|
|t:|1782255021
|move|p2a: Aerodactyl|Rock Slide|p1b: Aerodactyl|[spread] p1b
|-miss|p2a: Aerodactyl|p1a: Garchomp
|-supereffective|p1b: Aerodactyl|1
|-damage|p1b: Aerodactyl|0 fnt
|faint|p1b: Aerodactyl
|move|p2b: Rotom|Will-O-Wisp|p1a: Garchomp
|-status|p1a: Garchomp|brn
|move|p1a: Garchomp|Dragon Claw|p2a: Aerodactyl
|-damage|p2a: Aerodactyl|67/100
|-damage|p1a: Garchomp|66/100 brn|[from] item: Life Orb
|
|-damage|p1a: Garchomp|60/100 brn|[from] brn
|upkeep
|
|t:|1782255028
|switch|p1b: Sylveon|Sylveon, L50, M|100/100
|turn|3
|
|t:|1782255048
|move|p2a: Aerodactyl|Rock Slide|p1a: Garchomp|[spread] p1a,p1b
|-resisted|p1a: Garchomp|1
|-crit|p1b: Sylveon
|-damage|p1a: Garchomp|46/100 brn
|-damage|p1b: Sylveon|46/100
|move|p2b: Rotom|Overheat|p1b: Sylveon
|-damage|p1b: Sylveon|5/100
|-unboost|p2b: Rotom|spa|2
|cant|p1a: Garchomp|flinch
|cant|p1b: Sylveon|flinch
|
|-damage|p1a: Garchomp|40/100 brn|[from] brn
|upkeep
|turn|4
|inactive|AliexVGC has 30 seconds left.
|
|t:|1782255074
|switch|p2b: Basculegion|Basculegion, L50, M|100/100
|move|p1b: Sylveon|Detect|p1b: Sylveon
|-singleturn|p1b: Sylveon|Protect
|move|p2a: Aerodactyl|Rock Slide|p1b: Sylveon|[spread] p1a
|-activate|p1b: Sylveon|move: Protect
|-resisted|p1a: Garchomp|1
|-damage|p1a: Garchomp|27/100 brn
|move|p1a: Garchomp|Dragon Claw|p2a: Aerodactyl
|-damage|p2a: Aerodactyl|27/100
|-damage|p1a: Garchomp|17/100 brn|[from] item: Life Orb
|
|-damage|p1a: Garchomp|11/100 brn|[from] brn
|upkeep
|turn|5
|
|t:|1782255097
|move|p1b: Sylveon|Quick Attack|p2a: Aerodactyl
|-damage|p2a: Aerodactyl|11/100
|move|p2a: Aerodactyl|Rock Slide|p1a: Garchomp|[spread] p1a,p1b
|-resisted|p1a: Garchomp|1
|-damage|p1a: Garchomp|0 fnt
|-damage|p1b: Sylveon|0 fnt
|faint|p1a: Garchomp
|faint|p1b: Sylveon
|move|p2b: Basculegion|Flip Turn|p1: Garchomp|[notarget]
|-fail|p2b: Basculegion
|
|upkeep
|
|t:|1782255101
|switch|p1b: Kingambit|Kingambit, L50, F|100/100
|turn|6
|
|t:|1782255121
|move|p1b: Kingambit|Sucker Punch|p2a: Aerodactyl
|-damage|p2a: Aerodactyl|0 fnt
|faint|p2a: Aerodactyl
|move|p2b: Basculegion|Flip Turn|p1b: Kingambit
|-damage|p1b: Kingambit|63/100
|
|t:|1782255128
|switch|p2b: Rotom|Rotom-Heat, L50|100/100|[from] Flip Turn
|
|upkeep
|
|t:|1782255132
|switch|p2a: Basculegion|Basculegion, L50, M|100/100
|turn|7
|
|t:|1782255142
|move|p1b: Kingambit|Sucker Punch|p2a: Basculegion
|-supereffective|p2a: Basculegion|1
|-damage|p2a: Basculegion|16/100
|move|p2a: Basculegion|Wave Crash|p1b: Kingambit
|-damage|p1b: Kingambit|0 fnt
|faint|p1b: Kingambit
|-damage|p2a: Basculegion|0 fnt|[from] Recoil
|faint|p2a: Basculegion
|
|win|AdritwoG
||AliexVGC is ready for game 2.
|inactive|AdritwoG has 30 seconds to confirm battle start!
||AdritwoG is ready for game 2.
|uhtml|next|Next: Game 2 of 3
