|j|☆howard b real
|j|☆natcentre
|html|howard b realnatcentre    
|uhtml|bestof|Game 1 of a best-of-3
|t:|1757856241
|gametype|doubles
|player|p1|howard b real|giovanni|1291
|player|p2|natcentre|170|1343
|gen|9
|tier|[Gen 9] VGC 2025 Reg H (Bo3)
|rated|
|rule|Species Clause: Limit one of each Pokémon
|rule|Item Clause: Limit 1 of each item
|clearpoke
|poke|p1|Amoonguss, L50, F|
|poke|p1|Dragonite, L50, M|
|poke|p1|Excadrill, L50, F|
|poke|p1|Gholdengo, L50|
|poke|p1|Gyarados, L50, F|
|poke|p1|Tyranitar, L50, F|
|poke|p2|Palafin, L50, F|
|poke|p2|Rillaboom, L50, M|
|poke|p2|Volcarona, L50, F|
|poke|p2|Dragapult, L50, F|
|poke|p2|Sneasler, L50, M|
|poke|p2|Kingambit, L50, F|
|teampreview|4
|showteam|p1|Amoonguss||CovertCloak|Regenerator|RagePowder,Spore,SludgeBomb,Protect|||F|||50|,,,,,Psychic]Dragonite||LoadedDice|InnerFocus|ScaleShot,LowKick,Tailwind,Haze|||M|||50|,,,,,Fairy]Excadrill||FocusSash|SandRush|Protect,HighHorsepower,Earthquake,IronHead|||F|||50|,,,,,Ghost]Gholdengo||LifeOrb|GoodasGold|MakeItRain,NastyPlot,Protect,ShadowBall||||||50|,,,,,Water]Gyarados||SafetyGoggles|Intimidate|Waterfall,ThunderWave,Taunt,Protect|||F|||50|,,,,,Steel]Tyranitar||AssaultVest|SandStream|RockSlide,KnockOff,LowKick,TeraBlast|||F|||50|,,,,,Flying
|showteam|p2|Palafin||MysticWater|ZerotoHero|Protect,WaveCrash,JetPunch,Haze|||F|||50|,,,,,Grass]Rillaboom||AssaultVest|GrassySurge|WoodHammer,Uturn,GrassyGlide,FakeOut|||M|||50|,,,,,Fire]Volcarona||SitrusBerry|FlameBody|Protect,HeatWave,Overheat,Tailwind|||F|||50|,,,,,Fairy]Dragapult||ChoiceSpecs|ClearBody|DracoMeteor,DragonPulse,ShadowBall,TeraBlast|||F|||50|,,,,,Fairy]Sneasler||FocusSash|Unburden|Protect,FakeOut,DireClaw,CloseCombat|||M|||50|,,,,,Stellar]Kingambit||SafetyGoggles|Defiant|Protect,KowtowCleave,SuckerPunch,SwordsDance|||F|||50|,,,,,Ghost
|inactive|Battle timer is ON: inactive players will automatically lose when time's up. (requested by howard b real)
|inactive|howard b real has 60 seconds left.
|inactive|natcentre has 60 seconds left.
|inactive|howard b real has 30 seconds left.
|
|t:|1757856310
|teamsize|p1|4
|teamsize|p2|4
|start
|switch|p1a: Amoonguss|Amoonguss, L50, F|100/100
|switch|p1b: Dragonite|Dragonite, L50, M|100/100
|switch|p2a: Palafin|Palafin, L50, F|100/100
|switch|p2b: Kingambit|Kingambit, L50, F|100/100
|turn|1
|
|t:|1757856331
|detailschange|p2a: Palafin|Palafin-Hero, L50, F
|switch|p2a: Rillaboom|Rillaboom, L50, M|100/100
|-fieldstart|move: Grassy Terrain|[from] ability: Grassy Surge|[of] p2a: Rillaboom
|-terastallize|p2b: Kingambit|Ghost
|move|p1b: Dragonite|Low Kick|p2b: Kingambit
|-immune|p2b: Kingambit
|move|p2b: Kingambit|Kowtow Cleave|p1b: Dragonite
|-damage|p1b: Dragonite|40/100
|move|p1a: Amoonguss|Spore|p2a: Rillaboom
|-immune|p2a: Rillaboom
|
|upkeep
|turn|2
|inactive|natcentre has 30 seconds left.
|
|t:|1757856362
|move|p1b: Dragonite|Tailwind|p1b: Dragonite
|-sidestart|p1: howard b real|move: Tailwind
|move|p2a: Rillaboom|Wood Hammer|p1a: Amoonguss
|-resisted|p1a: Amoonguss
|-damage|p1a: Amoonguss|84/100
|-damage|p2a: Rillaboom|95/100|[from] Recoil
|move|p2b: Kingambit|Kowtow Cleave|p1b: Dragonite
|-damage|p1b: Dragonite|0 fnt
|faint|p1b: Dragonite
|move|p1a: Amoonguss|Sludge Bomb|p2a: Rillaboom
|-supereffective|p2a: Rillaboom
|-damage|p2a: Rillaboom|56/100
|-status|p2a: Rillaboom|psn
|
|-heal|p2a: Rillaboom|62/100 psn|[from] Grassy Terrain
|-heal|p1a: Amoonguss|90/100|[from] Grassy Terrain
|-damage|p2a: Rillaboom|50/100 psn|[from] psn
|upkeep
|
|t:|1757856374
|switch|p1b: Tyranitar|Tyranitar, L50, F|100/100
|-weather|Sandstorm|[from] ability: Sand Stream|[of] p1b: Tyranitar
|turn|3
|
|t:|1757856388
|-terastallize|p1b: Tyranitar|Flying
|move|p1b: Tyranitar|Knock Off|p2b: Kingambit
|-supereffective|p2b: Kingambit
|-damage|p2b: Kingambit|14/100
|-enditem|p2b: Kingambit|Safety Goggles|[from] move: Knock Off|[of] p1b: Tyranitar
|move|p2a: Rillaboom|Wood Hammer|p1b: Tyranitar
|-resisted|p1b: Tyranitar
|-damage|p1b: Tyranitar|65/100
|-damage|p2a: Rillaboom|39/100 psn|[from] Recoil
|move|p2b: Kingambit|Swords Dance|p2b: Kingambit
|-boost|p2b: Kingambit|atk|2
|move|p1a: Amoonguss|Sludge Bomb|p2a: Rillaboom
|-supereffective|p2a: Rillaboom
|-damage|p2a: Rillaboom|1/100 psn
|
|-weather|Sandstorm|[upkeep]
|-damage|p1b: Tyranitar|59/100|[from] Sandstorm
|-damage|p2a: Rillaboom|0 fnt|[from] Sandstorm
|-damage|p2b: Kingambit|8/100|[from] Sandstorm
|-damage|p1a: Amoonguss|84/100|[from] Sandstorm
|faint|p2a: Rillaboom
|-heal|p2b: Kingambit|14/100|[from] Grassy Terrain
|-heal|p1a: Amoonguss|90/100|[from] Grassy Terrain
|upkeep
|
|t:|1757856397
|switch|p2a: Sneasler|Sneasler, L50, M|100/100
|turn|4
|
|t:|1757856415
|switch|p1b: Excadrill|Excadrill, L50, F|100/100
|move|p2a: Sneasler|Protect|p2a: Sneasler
|-singleturn|p2a: Sneasler|Protect
|move|p2b: Kingambit|Protect|p2b: Kingambit
|-singleturn|p2b: Kingambit|Protect
|move|p1a: Amoonguss|Spore|p2a: Sneasler
|-activate|p2a: Sneasler|move: Protect
|
|-weather|Sandstorm|[upkeep]
|-damage|p2a: Sneasler|95/100|[from] Sandstorm
|-damage|p2b: Kingambit|8/100|[from] Sandstorm
|-damage|p1a: Amoonguss|84/100|[from] Sandstorm
|-heal|p2a: Sneasler|100/100|[from] Grassy Terrain
|-heal|p2b: Kingambit|14/100|[from] Grassy Terrain
|-heal|p1a: Amoonguss|90/100|[from] Grassy Terrain
|upkeep
|turn|5
|
|t:|1757856437
|move|p2b: Kingambit|Sucker Punch|p1b: Excadrill
|-enditem|p1b: Excadrill|Focus Sash
|-damage|p1b: Excadrill|1/100
|move|p1b: Excadrill|Earthquake|p2a: Sneasler|[spread] p1a,p2a,p2b
|-supereffective|p2a: Sneasler
|-damage|p1a: Amoonguss|71/100
|-damage|p2a: Sneasler|31/100
|-damage|p2b: Kingambit|0 fnt
|faint|p2b: Kingambit
|move|p2a: Sneasler|Dire Claw|p1a: Amoonguss
|-damage|p1a: Amoonguss|40/100
|move|p1a: Amoonguss|Spore|p2a: Sneasler
|-status|p2a: Sneasler|slp|[from] move: Spore
|
|-weather|Sandstorm|[upkeep]
|-damage|p2a: Sneasler|25/100 slp|[from] Sandstorm
|-damage|p1a: Amoonguss|34/100|[from] Sandstorm
|-heal|p1b: Excadrill|7/100|[from] Grassy Terrain
|-heal|p2a: Sneasler|31/100 slp|[from] Grassy Terrain
|-heal|p1a: Amoonguss|40/100|[from] Grassy Terrain
|-sideend|p1: howard b real|move: Tailwind
|-fieldend|move: Grassy Terrain
|upkeep
|
|t:|1757856444
|switch|p2b: Palafin|Palafin-Hero, L50, F|100/100
|-activate|p2b: Palafin|ability: Zero to Hero
|turn|6
|
|t:|1757856460
|cant|p2a: Sneasler|slp
|move|p1a: Amoonguss|Rage Powder|p1a: Amoonguss
|-singleturn|p1a: Amoonguss|move: Rage Powder
|move|p1b: Excadrill|High Horsepower|p2a: Sneasler
|-supereffective|p2a: Sneasler
|-damage|p2a: Sneasler|0 fnt
|faint|p2a: Sneasler
|move|p2b: Palafin|Wave Crash|p1a: Amoonguss
|-resisted|p1a: Amoonguss
|-crit|p1a: Amoonguss
|-damage|p1a: Amoonguss|0 fnt
|faint|p1a: Amoonguss
|-damage|p2b: Palafin|85/100|[from] Recoil
|
|-weather|Sandstorm|[upkeep]
|-damage|p2b: Palafin|79/100|[from] Sandstorm
|upkeep
|
|t:|1757856462
|switch|p1a: Tyranitar|Tyranitar, L50, F, tera:Flying|59/100
|turn|7
|
|t:|1757856482
|move|p1b: Excadrill|High Horsepower|p2b: Palafin
|-damage|p2b: Palafin|23/100
|move|p2b: Palafin|Wave Crash|p1a: Tyranitar
|-damage|p1a: Tyranitar|0 fnt
|faint|p1a: Tyranitar
|-damage|p2b: Palafin|3/100|[from] Recoil
|
|-weather|none
|upkeep
|turn|8
|
|t:|1757856488
|move|p2b: Palafin|Jet Punch|p1b: Excadrill
|-supereffective|p1b: Excadrill
|-damage|p1b: Excadrill|0 fnt
|faint|p1b: Excadrill
|
|win|natcentre
||howard b real is ready for game 2.
||natcentre is ready for game 2.
|uhtml|next|Next: Game 2 of 3
|l|☆natcentre
|player|p2|
