|j|☆Ark 64
|j|☆geardox
|html|Ark 64geardox    
|uhtml|bestof|Game 2 of a best-of-3
|t:|1756565891
|gametype|doubles
|player|p1|Ark 64|169|1053
|player|p2|geardox|cyclist|1106
|gen|9
|tier|[Gen 9] VGC 2025 Reg H (Bo3)
|rated|
|rule|Species Clause: Limit one of each Pokémon
|rule|Item Clause: Limit 1 of each item
|clearpoke
|poke|p1|Torkoal, L50, F|
|poke|p1|Charizard, L50, F|
|poke|p1|Venusaur, L50, F|
|poke|p1|Electabuzz, L50, F|
|poke|p1|Sneasler, L50, F|
|poke|p1|Jumpluff, L50, F|
|poke|p2|Sneasler, L50, M|
|poke|p2|Garchomp, L50, M|
|poke|p2|Corviknight, L50, F|
|poke|p2|Archaludon, L50, M|
|poke|p2|Amoonguss, L50, F|
|poke|p2|Incineroar, L50, F|
|teampreview|4
|showteam|p1|Torkoal||Charcoal|Drought|Eruption,EarthPower,Protect,HeatWave|||F|||50|,,,,,Grass]Charizard||ChoiceSpecs|SolarPower|HeatWave,Overheat,SolarBeam,Flamethrower|||F|||50|,,,,,Fire]Venusaur||SitrusBerry|Chlorophyll|SleepPowder,EarthPower,EnergyBall,Protect|||F|||50|,,,,,Water]Electabuzz||Eviolite|VitalSpirit|Electroweb,FollowMe,Thunderbolt,Protect|||F|||50|,,,,,Grass]Sneasler||FocusSash|Unburden|CloseCombat,FakeOut,DireClaw,Protect|||F|||50|,,,,,Ghost]Jumpluff||CovertCloak|Chlorophyll|PollenPuff,Tailwind,SleepPowder,Encore|||F|||50|,,,,,Ghost
|showteam|p2|Sneasler||FocusSash|Unburden|DireClaw,CloseCombat,ThroatChop,Coaching|||M|||50|,,,,,Ghost]Garchomp||LifeOrb|RoughSkin|Protect,Earthquake,DragonClaw,StompingTantrum|||M|||50|,,,,,Ground]Corviknight||SitrusBerry|MirrorArmor|BraveBird,Tailwind,Roost,Taunt|||F|||50|,,,,,Fire]Archaludon||PowerHerb|Stamina|Protect,DracoMeteor,FlashCannon,ElectroShot|||M|||50|,,,,,Dragon]Amoonguss||RockyHelmet|Regenerator|ClearSmog,RagePowder,Spore,PollenPuff|||F|||50|,,,,,Water]Incineroar||AssaultVest|Intimidate|KnockOff,FlareBlitz,FakeOut,Uturn|||F|||50|,,,,,Ghost
|inactive|Battle timer is ON: inactive players will automatically lose when time's up. (requested by geardox)
|inactive|Ark 64 has 60 seconds left.
|
|t:|1756565935
|teamsize|p1|4
|teamsize|p2|4
|start
|switch|p1a: Venusaur|Venusaur, L50, F|100/100
|switch|p1b: Torkoal|Torkoal, L50, F|100/100
|switch|p2a: Incineroar|Incineroar, L50, F|100/100
|switch|p2b: Riku|Sneasler, L50, M|100/100
|-ability|p2a: Incineroar|Intimidate|boost
|-unboost|p1a: Venusaur|atk|1
|-unboost|p1b: Torkoal|atk|1
|-weather|SunnyDay|[from] ability: Drought|[of] p1b: Torkoal
|turn|1
|inactive|geardox has 30 seconds left.
|
|t:|1756565965
|move|p1a: Venusaur|Protect|p1a: Venusaur
|-singleturn|p1a: Venusaur|Protect
|move|p1b: Torkoal|Protect|p1b: Torkoal
|-singleturn|p1b: Torkoal|Protect
|move|p2a: Incineroar|Fake Out|p1a: Venusaur
|-activate|p1a: Venusaur|move: Protect
|move|p2b: Riku|Close Combat|p1b: Torkoal
|-activate|p1b: Torkoal|move: Protect
|
|-weather|SunnyDay|[upkeep]
|upkeep
|turn|2
|
|t:|1756565982
|move|p1a: Venusaur|Sleep Powder|p2b: Riku
|-status|p2b: Riku|slp|[from] move: Sleep Powder
|cant|p2b: Riku|slp
|move|p2a: Incineroar|Knock Off|p1b: Torkoal
|-damage|p1b: Torkoal|64/100
|-enditem|p1b: Torkoal|Charcoal|[from] move: Knock Off|[of] p2a: Incineroar
|move|p1b: Torkoal|Heat Wave|p2a: Incineroar|[spread] p2a,p2b
|-resisted|p2a: Incineroar
|-damage|p2a: Incineroar|87/100
|-damage|p2b: Riku|34/100 slp
|
|-weather|SunnyDay|[upkeep]
|upkeep
|turn|3
|inactive|geardox has 30 seconds left.
|
|t:|1756566009
|-terastallize|p1a: Venusaur|Water
|move|p1a: Venusaur|Earth Power|p2b: Riku
|-supereffective|p2b: Riku
|-damage|p2b: Riku|0 fnt
|faint|p2b: Riku
|move|p2a: Incineroar|Knock Off|p1a: Venusaur
|-damage|p1a: Venusaur|52/100
|-enditem|p1a: Venusaur|Sitrus Berry|[from] move: Knock Off|[of] p2a: Incineroar
|move|p1b: Torkoal|Earth Power|p2a: Incineroar
|-supereffective|p2a: Incineroar
|-damage|p2a: Incineroar|52/100
|
|-weather|SunnyDay|[upkeep]
|upkeep
|
|t:|1756566022
|switch|p2b: Stinky Pete|Garchomp, L50, M|100/100
|turn|4
|
|t:|1756566039
|switch|p2a: Chica|Corviknight, L50, F|100/100
|move|p1a: Venusaur|Sleep Powder|p2b: Stinky Pete
|-status|p2b: Stinky Pete|slp|[from] move: Sleep Powder
|cant|p2b: Stinky Pete|slp
|move|p1b: Torkoal|Earth Power|p2a: Chica
|-immune|p2a: Chica
|
|-weather|SunnyDay|[upkeep]
|upkeep
|turn|5
|
|t:|1756566056
|move|p1a: Venusaur|Sleep Powder|p2a: Chica
|-status|p2a: Chica|slp|[from] move: Sleep Powder
|cant|p2b: Stinky Pete|slp
|cant|p2a: Chica|slp
|move|p1b: Torkoal|Heat Wave|p2a: Chica|[spread] p2a,p2b
|-supereffective|p2a: Chica
|-resisted|p2b: Stinky Pete
|-damage|p2a: Chica|35/100 slp
|-damage|p2b: Stinky Pete|75/100 slp
|-enditem|p2a: Chica|Sitrus Berry|[eat]
|-heal|p2a: Chica|60/100 slp|[from] item: Sitrus Berry
|
|-weather|none
|upkeep
|turn|6
|
|t:|1756566079
|switch|p1b: Sneasler|Sneasler, L50, F|100/100
|-curestatus|p2b: Stinky Pete|slp|[msg]
|move|p2b: Stinky Pete|Earthquake|p1a: Venusaur|[spread] p1a,p1b
|-immune|p2a: Chica
|-supereffective|p1b: Sneasler
|-damage|p1a: Venusaur|2/100
|-enditem|p1b: Sneasler|Focus Sash
|-damage|p1b: Sneasler|1/100
|-damage|p2b: Stinky Pete|65/100|[from] item: Life Orb
|move|p1a: Venusaur|Energy Ball|p2b: Stinky Pete
|-damage|p2b: Stinky Pete|16/100
|cant|p2a: Chica|slp
|
|upkeep
|turn|7
|inactive|Ark 64 has 30 seconds left.
|
|t:|1756566107
|switch|p1a: Charizard|Charizard, L50, F|100/100
|move|p2b: Stinky Pete|Protect|p2b: Stinky Pete
|-singleturn|p2b: Stinky Pete|Protect
|move|p1b: Sneasler|Close Combat|p2b: Stinky Pete
|-activate|p2b: Stinky Pete|move: Protect
|-curestatus|p2a: Chica|slp|[msg]
|move|p2a: Chica|Tailwind|p2a: Chica
|-sidestart|p2: geardox|move: Tailwind
|
|upkeep
|turn|8
|inactive|geardox has 30 seconds left.
|inactive|geardox has 20 seconds left.
|inactive|geardox has 15 seconds left.
|
|t:|1756566149
|-terastallize|p2a: Chica|Fire
|move|p1b: Sneasler|Close Combat|p2b: Stinky Pete
|-damage|p2b: Stinky Pete|0 fnt
|-unboost|p1b: Sneasler|def|1
|-unboost|p1b: Sneasler|spd|1
|-damage|p1b: Sneasler|0 fnt|[from] ability: Rough Skin|[of] p2b: Stinky Pete
|faint|p2b: Stinky Pete
|faint|p1b: Sneasler
|move|p2a: Chica|Brave Bird|p1a: Charizard
|-damage|p1a: Charizard|42/100
|-damage|p2a: Chica|45/100|[from] Recoil
|move|p1a: Charizard|Overheat|p2a: Chica|[miss]
|-miss|p1a: Charizard|p2a: Chica
|
|upkeep
|
|t:|1756566163
|switch|p1b: Torkoal|Torkoal, L50, F|64/100
|switch|p2b: Incineroar|Incineroar, L50, F|52/100
|-ability|p2b: Incineroar|Intimidate|boost
|-unboost|p1a: Charizard|atk|1
|-unboost|p1b: Torkoal|atk|1
|-weather|SunnyDay|[from] ability: Drought|[of] p1b: Torkoal
|turn|9
|
|t:|1756566175
|move|p1b: Torkoal|Protect|p1b: Torkoal
|-singleturn|p1b: Torkoal|Protect
|move|p2b: Incineroar|Knock Off|p1a: Charizard
|-damage|p1a: Charizard|0 fnt
|-enditem|p1a: Charizard|Choice Specs|[from] move: Knock Off|[of] p2b: Incineroar
|faint|p1a: Charizard
|move|p2a: Chica|Brave Bird|p1b: Torkoal
|-activate|p1b: Torkoal|move: Protect
|
|-weather|SunnyDay|[upkeep]
|upkeep
|
|t:|1756566179
|switch|p1a: Venusaur|Venusaur, L50, F, tera:Water|2/100
|turn|10
|
|t:|1756566193
|move|p1a: Venusaur|Protect|p1a: Venusaur
|-singleturn|p1a: Venusaur|Protect
|move|p2b: Incineroar|Knock Off|p1b: Torkoal
|-damage|p1b: Torkoal|44/100
|move|p2a: Chica|Roost|p2a: Chica
|-heal|p2a: Chica|95/100
|move|p1b: Torkoal|Earth Power|p2a: Chica
|-supereffective|p2a: Chica
|-damage|p2a: Chica|56/100
|
|-weather|SunnyDay|[upkeep]
|-sideend|p2: geardox|move: Tailwind
|upkeep
|turn|11
|
|t:|1756566220
|move|p1a: Venusaur|Sleep Powder|p2a: Chica
|-status|p2a: Chica|slp|[from] move: Sleep Powder
|move|p2b: Incineroar|Knock Off|p1a: Venusaur
|-damage|p1a: Venusaur|0 fnt
|faint|p1a: Venusaur
|cant|p2a: Chica|slp
|move|p1b: Torkoal|Earth Power|p2a: Chica
|-supereffective|p2a: Chica
|-damage|p2a: Chica|18/100 slp
|
|-weather|SunnyDay|[upkeep]
|upkeep
|turn|12
|
|t:|1756566235
|move|p2b: Incineroar|Flare Blitz|p1b: Torkoal
|-resisted|p1b: Torkoal
|-damage|p1b: Torkoal|16/100
|-damage|p2b: Incineroar|44/100|[from] Recoil
|cant|p2a: Chica|slp
|move|p1b: Torkoal|Earth Power|p2b: Incineroar
|-supereffective|p2b: Incineroar
|-damage|p2b: Incineroar|10/100
|
|-weather|SunnyDay|[upkeep]
|upkeep
|turn|13
|-message|Ark 64 forfeited.
|
|win|geardox
|raw|Ark 64's rating: 1053 → 1038(-15 for losing)
|raw|geardox's rating: 1106 → 1127(+21 for winning)
|l|☆Ark 64
|player|p1|
|c|☆geardox|ggs
