|j|☆merrypasta
|j|☆Gabeeel
|html|merrypastaGabeeel    
|uhtml|bestof|Game 2 of a best-of-3
|t:|1784980992
|gametype|doubles
|player|p1|merrypasta|anabel-gen7|
|player|p2|Gabeeel|iris|
|gen|9
|tier|[Gen 9 Champions] VGC 2026 Reg M-B (Bo3)
|rule|Species Clause: Limit one of each Pokémon
|rule|Item Clause: Limit 1 of each item
|clearpoke
|poke|p1|Gardevoir, L50, F, shiny|
|poke|p1|Aegislash, L50, F|
|poke|p1|Tsareena, L50, F|
|poke|p1|Scrafty, L50, M|
|poke|p1|Rotom-Wash, L50|
|poke|p1|Talonflame, L50, F|
|poke|p2|Scrafty, L50, M, shiny|
|poke|p2|Glimmora, L50, M|
|poke|p2|Talonflame, L50, F|
|poke|p2|Primarina, L50, M|
|poke|p2|Mamoswine, L50, F|
|poke|p2|Metagross, L50|
|teampreview|4
|showteam|p1|Gardevoir||Gardevoirite|Trace|HyperVoice,Psyshock,Protect,TrickRoom|Modest||F|||50|]Aegislash||LifeOrb|StanceChange|Poltergeist,CloseCombat,KingsShield,ShadowSneak|Adamant||F|||50|]Tsareena||ExpertBelt|QueenlyMajesty|PowerWhip,TripleAxel,Protect,LowKick|Adamant||F|||50|]Scrafty||Scraftinite|Intimidate|CloseCombat,KnockOff,FakeOut,Encore|Adamant||M|||50|]Rotom-Wash||SitrusBerry|Levitate|Thunderbolt,HydroPump,Protect,WillOWisp|Modest|||||50|]Talonflame||SharpBeak|GaleWings|BraveBird,FlareBlitz,Protect,Tailwind|Jolly||F|||50|
|showteam|p2|Scrafty||Scraftinite|Intimidate|FakeOut,DrainPunch,KnockOff,HelpingHand|Adamant||M|||50|]Glimmora||Glimmoranite|ToxicDebris|SludgeBomb,PowerGem,EarthPower,SpikyShield|Modest||M|||50|]Talonflame||ExpertBelt|GaleWings|BraveBird,FlareBlitz,Tailwind,Protect|Jolly||F|||50|]Primarina||Leftovers|LiquidVoice|HyperVoice,Moonblast,CalmMind,Protect|Modest||M|||50|]Mamoswine||FocusSash|Oblivious|Earthquake,HighHorsepower,IceShard,Protect|Adamant||F|||50|]Metagross||ColburBerry|ClearBody|PsychicFangs,IronHead,BulletPunch,Protect|Adamant|||||50|
|
|t:|1784981085
|teamsize|p1|4
|teamsize|p2|4
|start
|switch|p1a: Rotom|Rotom-Wash, L50|100/100
|switch|p1b: Gardevoir|Gardevoir, L50, F, shiny|100/100
|switch|p2a: Matuê|Glimmora, L50, M|100/100
|switch|p2b: Pabllo Vittar|Primarina, L50, M|100/100
|-ability|p1b: Gardevoir|Toxic Debris|Trace|[from] ability: Trace|[of] p2a: Matuê
|turn|1
|
|t:|1784981102
|move|p2a: Matuê|Spiky Shield|p2a: Matuê
|-singleturn|p2a: Matuê|move: Protect
|move|p1b: Gardevoir|Protect|p1b: Gardevoir
|-singleturn|p1b: Gardevoir|Protect
|move|p1a: Rotom|Hydro Pump|p2a: Matuê
|-activate|p2a: Matuê|move: Protect
|move|p2b: Pabllo Vittar|Calm Mind|p2b: Pabllo Vittar
|-boost|p2b: Pabllo Vittar|spa|1
|-boost|p2b: Pabllo Vittar|spd|1
|
|upkeep
|turn|2
|
|t:|1784981137
|switch|p1b: Scrafty|Scrafty, L50, M|100/100
|-ability|p1b: Scrafty|Intimidate|boost
|-unboost|p2a: Matuê|atk|1
|-unboost|p2b: Pabllo Vittar|atk|1
|detailschange|p2a: Matuê|Glimmora-Mega, L50, M
|-mega|p2a: Matuê|Glimmora|Glimmoranite
|move|p2a: Matuê|Sludge Bomb|p1b: Scrafty
|-damage|p1b: Scrafty|38/100
|-status|p1b: Scrafty|psn
|move|p1a: Rotom|Hydro Pump|p2a: Matuê
|-supereffective|p2a: Matuê|1
|-damage|p2a: Matuê|0 fnt
|faint|p2a: Matuê
|move|p2b: Pabllo Vittar|Hyper Voice|p1a: Rotom|[spread] p1a,p1b
|-resisted|p1a: Rotom|1
|-damage|p1a: Rotom|71/100
|-damage|p1b: Scrafty|0 fnt
|faint|p1b: Scrafty
|
|upkeep
|
|t:|1784981155
|switch|p2a: Puterrier|Scrafty, L50, M, shiny|100/100
|switch|p1b: Gardevoir|Gardevoir, L50, F, shiny|100/100
|-ability|p1b: Gardevoir|Liquid Voice|Trace|[from] ability: Trace|[of] p2b: Pabllo Vittar
|-ability|p2a: Puterrier|Intimidate|boost
|-unboost|p1a: Rotom|atk|1
|-unboost|p1b: Gardevoir|atk|1
|turn|3
|
|t:|1784981174
|detailschange|p1b: Gardevoir|Gardevoir-Mega, L50, F, shiny
|-mega|p1b: Gardevoir|Gardevoir|Gardevoirite
|move|p2a: Puterrier|Fake Out|p1a: Rotom
|-damage|p1a: Rotom|58/100
|cant|p1a: Rotom|flinch
|move|p1b: Gardevoir|Psyshock|p2b: Pabllo Vittar
|-damage|p2b: Pabllo Vittar|45/100
|move|p2b: Pabllo Vittar|Hyper Voice|p1a: Rotom|[spread] p1a,p1b
|-resisted|p1a: Rotom|1
|-damage|p1a: Rotom|32/100
|-damage|p1b: Gardevoir|52/100
|-enditem|p1a: Rotom|Sitrus Berry|[eat]
|-heal|p1a: Rotom|57/100|[from] item: Sitrus Berry
|
|-heal|p2b: Pabllo Vittar|51/100|[from] item: Leftovers
|upkeep
|turn|4
|
|t:|1784981198
|switch|p2a: Aviões do Forró|Talonflame, L50, F|100/100
|move|p2b: Pabllo Vittar|Protect|p2b: Pabllo Vittar
|-singleturn|p2b: Pabllo Vittar|Protect
|move|p1a: Rotom|Will-O-Wisp|p2a: Aviões do Forró
|-immune|p2a: Aviões do Forró
|move|p1b: Gardevoir|Psyshock|p2b: Pabllo Vittar
|-activate|p2b: Pabllo Vittar|move: Protect
|
|-heal|p2b: Pabllo Vittar|57/100|[from] item: Leftovers
|upkeep
|turn|5
|
|t:|1784981223
|move|p2a: Aviões do Forró|Tailwind|p2a: Aviões do Forró
|-sidestart|p2: Gabeeel|move: Tailwind
|move|p2b: Pabllo Vittar|Moonblast|p1a: Rotom
|-damage|p1a: Rotom|0 fnt
|faint|p1a: Rotom
|move|p1b: Gardevoir|Hyper Voice|p2a: Aviões do Forró|[spread] p2a,p2b
|-resisted|p2a: Aviões do Forró|1
|-damage|p2a: Aviões do Forró|58/100
|-damage|p2b: Pabllo Vittar|27/100
|
|-heal|p2b: Pabllo Vittar|33/100|[from] item: Leftovers
|upkeep
|
|t:|1784981228
|switch|p1a: Talonflame|Talonflame, L50, F|100/100
|turn|6
|
|t:|1784981252
|move|p1a: Talonflame|Brave Bird|p2a: Aviões do Forró
|-damage|p2a: Aviões do Forró|0 fnt
|faint|p2a: Aviões do Forró
|-damage|p1a: Talonflame|80/100|[from] Recoil
|move|p2b: Pabllo Vittar|Hyper Voice|p1b: Gardevoir|[spread] p1a,p1b
|-supereffective|p1a: Talonflame|1
|-damage|p1a: Talonflame|0 fnt
|-damage|p1b: Gardevoir|9/100
|faint|p1a: Talonflame
|move|p1b: Gardevoir|Psyshock|p2b: Pabllo Vittar
|-damage|p2b: Pabllo Vittar|0 fnt
|faint|p2b: Pabllo Vittar
|
|upkeep
|
|t:|1784981260
|switch|p2b: Puterrier|Scrafty, L50, M, shiny|100/100
|-ability|p2b: Puterrier|Intimidate|boost
|-unboost|p1b: Gardevoir|atk|1
|turn|7
|c|☆merrypasta|if i double protect sorry
|
|t:|1784981266
|move|p1b: Gardevoir|Protect|p1b: Gardevoir
|-singleturn|p1b: Gardevoir|Protect
|move|p2b: Puterrier|Fake Out|p1b: Gardevoir
|-activate|p1b: Gardevoir|move: Protect
|
|upkeep
|turn|8
|
|t:|1784981270
|move|p1b: Gardevoir|Protect||[still]
|-fail|p1b: Gardevoir
|move|p2b: Puterrier|Knock Off|p1b: Gardevoir
|-damage|p1b: Gardevoir|0 fnt
|faint|p1b: Gardevoir
|
|win|Gabeeel
|c|☆merrypasta|okay gg
|c|☆Gabeeel|close
||merrypasta is ready for game 3.
|c|☆Gabeeel|gg
||Gabeeel is ready for game 3.
|uhtml|next|Next: Game 3 of 3
|l|☆merrypasta
|player|p1|
