|j|☆pizzawing
|j|☆soulmoonvgc
|html|pizzawingsoulmoonvgc    
|uhtml|bestof|Game 1 of a best-of-3
|t:|1785076167
|gametype|doubles
|player|p1|pizzawing|170|1401
|player|p2|soulmoonvgc|marshal|1499
|gen|9
|tier|[Gen 9 Champions] VGC 2026 Reg M-B (Bo3)
|rated|
|rule|Species Clause: Limit one of each Pokémon
|rule|Item Clause: Limit 1 of each item
|clearpoke
|poke|p1|Floette-Eternal, L50, F|
|poke|p1|Incineroar, L50, F|
|poke|p1|Sinistcha, L50|
|poke|p1|Sneasler, L50, M|
|poke|p1|Gyarados, L50, F|
|poke|p1|Gholdengo, L50|
|poke|p2|Froslass, L50, F|
|poke|p2|Sneasler, L50, M|
|poke|p2|Raichu, L50, F|
|poke|p2|Garchomp, L50, M|
|poke|p2|Talonflame, L50, M|
|poke|p2|Kingambit, L50, F|
|teampreview|4
|showteam|p1|Floette-Eternal||Floettite|FlowerVeil|DrainingKiss,CalmMind,Protect,DazzlingGleam|Modest||F|||50|]Incineroar||ShucaBerry|Intimidate|FakeOut,PartingShot,FlareBlitz,ThroatChop|Careful||F|||50|]Sinistcha||SitrusBerry|Hospitality|MatchaGotcha,RagePowder,LifeDew,Protect|Bold|||||50|]Sneasler||FocusSash|Unburden|DireClaw,CloseCombat,QuickGuard,FakeOut|Jolly||M|||50|]Gyarados||Gyaradosite|Intimidate|DragonDance,Waterfall,Crunch,Protect|Adamant||F|||50|]Gholdengo||ChoiceScarf|GoodasGold|MakeItRain,ShadowBall,PowerGem,Trick|Modest|||||50|
|showteam|p2|Froslass||Froslassite|CursedBody|Blizzard,ShadowBall,AuroraVeil,Protect|Timid||F|||50|]Sneasler||WhiteHerb|Unburden|CloseCombat,DireClaw,FakeOut,Protect|Jolly||M|||50|]Raichu||RaichuniteY|LightningRod|ZapCannon,FocusBlast,FakeOut,Protect|Timid||F|||50|]Garchomp||SoftSand|RoughSkin|Earthquake,StompingTantrum,RockSlide,Protect|Jolly||M|||50|]Talonflame||LifeOrb|GaleWings|BraveBird,WillOWisp,Tailwind,Protect|Jolly||M|||50|]Kingambit||BlackGlasses|Defiant|KowtowCleave,SuckerPunch,SwordsDance,Protect|Adamant||F|||50|
|inactive|Battle timer is ON: inactive players will automatically lose when time's up. (requested by soulmoonvgc)
|inactive|pizzawing has 60 seconds left.
|inactive|soulmoonvgc has 60 seconds left.
|inactive|pizzawing has 30 seconds left.
|inactive|pizzawing has 20 seconds left.
|inactive|pizzawing has 15 seconds left.
|inactive|pizzawing has 10 seconds left.
|inactive|pizzawing has 5 seconds left.
|
|t:|1785076254
|teamsize|p1|4
|teamsize|p2|4
|start
|switch|p1a: Incineroar|Incineroar, L50, F|100/100
|switch|p1b: Sneasler|Sneasler, L50, M|100/100
|switch|p2a: Raichu|Raichu, L50, F|100/100
|switch|p2b: Garchomp|Garchomp, L50, M|100/100
|-ability|p1a: Incineroar|Intimidate|boost
|-unboost|p2a: Raichu|atk|1
|-unboost|p2b: Garchomp|atk|1
|turn|1
|inactive|pizzawing has 30 seconds left.
|inactive|soulmoonvgc has 30 seconds left.
|inactive|pizzawing has 20 seconds left.
|inactive|soulmoonvgc has 20 seconds left.
|inactive|pizzawing has 15 seconds left.
|inactive|soulmoonvgc has 15 seconds left.
|inactive|soulmoonvgc has 10 seconds left.
|inactive|soulmoonvgc has 5 seconds left.
|
|t:|1785076309
|switch|p1b: Sinistcha|Sinistcha, L50|100/100
|move|p2b: Garchomp|Earthquake|p1a: Incineroar|[spread] p2a,p1a,p1b
|-supereffective|p2a: Raichu|1
|-supereffective|p1a: Incineroar|1
|-enditem|p1a: Incineroar|Shuca Berry|[eat]
|-enditem|p1a: Incineroar|Shuca Berry|[weaken]
|-resisted|p1b: Sinistcha|1
|-damage|p2a: Raichu|19/100
|-damage|p1a: Incineroar|68/100
|-damage|p1b: Sinistcha|87/100
|move|p2a: Raichu|Zap Cannon|p1a: Incineroar|[miss]
|-miss|p2a: Raichu|p1a: Incineroar
|move|p1a: Incineroar|Flare Blitz|p2a: Raichu
|-damage|p2a: Raichu|0 fnt
|faint|p2a: Raichu
|-damage|p1a: Incineroar|62/100|[from] Recoil
|
|upkeep
|inactive|soulmoonvgc has 30 seconds left.
|inactive|soulmoonvgc has 20 seconds left.
|inactive|soulmoonvgc has 15 seconds left.
|inactive|soulmoonvgc has 10 seconds left.
|inactive|soulmoonvgc has 5 seconds left.
|
|t:|1785076364
|switch|p2a: Talonflame|Talonflame, L50, M|100/100
|turn|2
|inactive|pizzawing has 30 seconds left.
|inactive|soulmoonvgc has 30 seconds left.
|inactive|pizzawing has 20 seconds left.
|inactive|soulmoonvgc has 20 seconds left.
|inactive|pizzawing has 15 seconds left.
|inactive|soulmoonvgc has 15 seconds left.
|inactive|pizzawing has 10 seconds left.
|inactive|soulmoonvgc has 10 seconds left.
|inactive|soulmoonvgc has 5 seconds left.
|
|t:|1785076419
|move|p1b: Sinistcha|Protect|p1b: Sinistcha
|-singleturn|p1b: Sinistcha|Protect
|move|p2a: Talonflame|Brave Bird|p1b: Sinistcha
|-activate|p1b: Sinistcha|move: Protect
|move|p2b: Garchomp|Earthquake|p1a: Incineroar|[spread] p1a
|-activate|p1b: Sinistcha|move: Protect
|-immune|p2a: Talonflame
|-supereffective|p1a: Incineroar|1
|-damage|p1a: Incineroar|4/100
|move|p1a: Incineroar|Parting Shot|p2a: Talonflame
|-unboost|p2a: Talonflame|atk|1
|-unboost|p2a: Talonflame|spa|1
|
|t:|1785076434
|switch|p1a: Floette|Floette-Eternal, L50, F|100/100|[from] Parting Shot
|
|upkeep
|turn|3
|
|t:|1785076446
|switch|p1b: Incineroar|Incineroar, L50, F|4/100
|-ability|p1b: Incineroar|Intimidate|boost
|-unboost|p2a: Talonflame|atk|1
|-unboost|p2b: Garchomp|atk|1
|detailschange|p1a: Floette|Floette-Mega, L50, F
|-mega|p1a: Floette|Floette|Floettite
|-ability|p1a: Floette|Fairy Aura
|move|p2a: Talonflame|Brave Bird|p1b: Incineroar
|-damage|p1b: Incineroar|0 fnt
|faint|p1b: Incineroar
|-damage|p2a: Talonflame|98/100|[from] Recoil
|-damage|p2a: Talonflame|88/100|[from] item: Life Orb
|move|p2b: Garchomp|Earthquake|p1a: Floette|[spread] p1a
|-immune|p2a: Talonflame
|-damage|p1a: Floette|78/100
|move|p1a: Floette|Dazzling Gleam|p2a: Talonflame|[spread] p2a,p2b
|-resisted|p2a: Talonflame|1
|-supereffective|p2b: Garchomp|1
|-damage|p2a: Talonflame|56/100
|-damage|p2b: Garchomp|9/100
|
|upkeep
|
|t:|1785076467
|switch|p1b: Sinistcha|Sinistcha, L50|87/100
|-heal|p1a: Floette|100/100|[from] ability: Hospitality|[of] p1b: Sinistcha
|turn|4
|
|t:|1785076475
|move|p1b: Sinistcha|Protect|p1b: Sinistcha
|-singleturn|p1b: Sinistcha|Protect
|move|p2a: Talonflame|Brave Bird|p1a: Floette
|-damage|p1a: Floette|71/100
|-damage|p2a: Talonflame|45/100|[from] Recoil
|-damage|p2a: Talonflame|36/100|[from] item: Life Orb
|move|p2b: Garchomp|Earthquake|p1b: Sinistcha|[spread] p1a
|-activate|p1b: Sinistcha|move: Protect
|-immune|p2a: Talonflame
|-damage|p1a: Floette|48/100
|move|p1a: Floette|Dazzling Gleam|p2a: Talonflame|[spread] p2a,p2b
|-resisted|p2a: Talonflame|1
|-supereffective|p2b: Garchomp|1
|-damage|p2a: Talonflame|1/100
|-damage|p2b: Garchomp|0 fnt
|faint|p2b: Garchomp
|
|upkeep
|
|t:|1785076477
|switch|p2b: Sneasler|Sneasler, L50, M|100/100
|turn|5
|inactive|pizzawing has 30 seconds left.
|inactive|pizzawing has 20 seconds left.
|inactive|pizzawing has 15 seconds left.
|
|t:|1785076522
|switch|p1b: Sneasler|Sneasler, L50, M|100/100
|move|p1a: Floette|Protect|p1a: Floette
|-singleturn|p1a: Floette|Protect
|move|p2a: Talonflame|Brave Bird|p1b: Sneasler
|-supereffective|p1b: Sneasler|1
|-enditem|p1b: Sneasler|Focus Sash
|-damage|p1b: Sneasler|1/100
|-damage|p2a: Talonflame|0 fnt|[from] Recoil
|faint|p2a: Talonflame
|move|p2b: Sneasler|Dire Claw|p1a: Floette
|-activate|p1a: Floette|move: Protect
|
|upkeep
|turn|6
|
|t:|1785076547
|move|p1b: Sneasler|Fake Out|p2b: Sneasler
|-damage|p2b: Sneasler|81/100
|cant|p2b: Sneasler|flinch
|move|p1a: Floette|Calm Mind|p1a: Floette
|-boost|p1a: Floette|spa|1
|-boost|p1a: Floette|spd|1
|
|upkeep
|turn|7
|
|t:|1785076557
|move|p1a: Floette|Protect|p1a: Floette
|-singleturn|p1a: Floette|Protect
|move|p1b: Sneasler|Dire Claw|p2b: Sneasler
|-resisted|p2b: Sneasler|1
|-damage|p2b: Sneasler|55/100
|move|p2b: Sneasler|Dire Claw|p1b: Sneasler
|-resisted|p1b: Sneasler|1
|-damage|p1b: Sneasler|0 fnt
|faint|p1b: Sneasler
|
|upkeep
|
|t:|1785076564
|switch|p1b: Sinistcha|Sinistcha, L50|87/100
|-heal|p1a: Floette|72/100|[from] ability: Hospitality|[of] p1b: Sinistcha
|turn|8
|
|t:|1785076571
|move|p1b: Sinistcha|Rage Powder|p1b: Sinistcha
|-singleturn|p1b: Sinistcha|move: Rage Powder
|move|p2b: Sneasler|Dire Claw|p1b: Sinistcha
|-damage|p1b: Sinistcha|53/100
|move|p1a: Floette|Dazzling Gleam|p2b: Sneasler
|-damage|p2b: Sneasler|0 fnt
|faint|p2b: Sneasler
|
|win|pizzawing
