|j|☆Garden Monke
|j|☆khe wea
|html|Garden Monkekhe wea    
|uhtml|bestof|Game 1 of a best-of-3
|t:|1784493281
|gametype|doubles
|player|p1|Garden Monke|giacomo|1147
|player|p2|khe wea|silver|1077
|gen|9
|tier|[Gen 9 Champions] VGC 2026 Reg M-B (Bo3)
|rated|
|rule|Species Clause: Limit one of each Pokémon
|rule|Item Clause: Limit 1 of each item
|clearpoke
|poke|p1|Incineroar, L50, M|
|poke|p1|Sinistcha, L50|
|poke|p1|Gengar, L50, F|
|poke|p1|Swampert, L50, M|
|poke|p1|Politoed, L50, M|
|poke|p1|Archaludon, L50, F|
|poke|p2|Grimmsnarl, L50, M|
|poke|p2|Staraptor, L50, F|
|poke|p2|Serperior, L50, M|
|poke|p2|Chandelure, L50, M|
|poke|p2|Sinistcha, L50|
|poke|p2|Incineroar, L50, F|
|teampreview|4
|showteam|p1|Incineroar||PasshoBerry|Intimidate|ThroatChop,FakeOut,PartingShot,Protect|Sassy||M|||50|]Sinistcha||ColburBerry|Hospitality|MatchaGotcha,RagePowder,TrickRoom,Protect|Calm|||||50|]Gengar||Gengarite|CursedBody|ShadowBall,Disable,PerishSong,Protect|Timid||F|||50|]Swampert||Swampertite|Damp|WaveCrash,HighHorsepower,IcePunch,Protect|Adamant||M|||50|]Politoed||SitrusBerry|Drizzle|WeatherBall,Encore,PerishSong,Protect|Calm||M|||50|]Archaludon||Leftovers|Stamina|ElectroShot,DragonPulse,FlashCannon,Protect|Modest||F|||50|
|showteam|p2|Grimmsnarl||LightClay|Prankster|PartingShot,FakeTears,Reflect,LightScreen|Bold||M|||50|]Staraptor||Staraptite|Intimidate|CloseCombat,DualWingbeat,Protect,Roost|Adamant||F|||50|]Serperior||ShellBell|Contrary|LeafStorm,DragonPulse,GigaDrain,Protect|Timid||M|||50|]Chandelure||ChoiceScarf|FlashFire|HeatWave,ShadowBall,Overheat,Trick|Modest||M|||50|]Sinistcha||Leftovers|Hospitality|MatchaGotcha,RagePowder,LifeDew,Scald|Calm|||||50|]Incineroar||SitrusBerry|Intimidate|FakeOut,Bulldoze,PartingShot,Snarl|Calm||F|||50|
|inactive|Battle timer is ON: inactive players will automatically lose when time's up. (requested by Garden Monke)
|inactive|Garden Monke has 60 seconds left.
|inactive|khe wea has 60 seconds left.
|
|t:|1784493323
|teamsize|p1|4
|teamsize|p2|4
|start
|switch|p1a: Gengar|Gengar, L50, F|100/100
|switch|p1b: Archaludon|Archaludon, L50, F|100/100
|switch|p2a: Staraptor|Staraptor, L50, F|100/100
|switch|p2b: Grimmsnarl|Grimmsnarl, L50, M|100/100
|-ability|p2a: Staraptor|Intimidate|boost
|-unboost|p1a: Gengar|atk|1
|-unboost|p1b: Archaludon|atk|1
|turn|1
|inactive|khe wea has 30 seconds left.
|
|t:|1784493348
|switch|p1b: Incineroar|Incineroar, L50, M|100/100
|-ability|p1b: Incineroar|Intimidate|boost
|-unboost|p2a: Staraptor|atk|1
|-unboost|p2b: Grimmsnarl|atk|1
|detailschange|p1a: Gengar|Gengar-Mega, L50, F
|-mega|p1a: Gengar|Gengar|Gengarite
|detailschange|p2a: Staraptor|Staraptor-Mega, L50, F
|-mega|p2a: Staraptor|Staraptor|Staraptite
|move|p2b: Grimmsnarl|Light Screen|p2b: Grimmsnarl
|-sidestart|p2: khe wea|move: Light Screen
|move|p1a: Gengar|Shadow Ball|p2a: Staraptor
|-damage|p2a: Staraptor|68/100
|move|p2a: Staraptor|Close Combat|p1b: Incineroar
|-supereffective|p1b: Incineroar|1
|-damage|p1b: Incineroar|24/100
|-boost|p2a: Staraptor|def|1
|-boost|p2a: Staraptor|spd|1
|
|upkeep
|turn|2
|inactive|khe wea has 30 seconds left.
|
|t:|1784493374
|move|p2b: Grimmsnarl|Fake Tears|p2a: Staraptor
|-boost|p2a: Staraptor|spd|2
|move|p1a: Gengar|Disable|p2a: Staraptor
|-start|p2a: Staraptor|Disable|Close Combat
|cant|p2a: Staraptor|Disable|Close Combat
|move|p1b: Incineroar|Parting Shot|p2b: Grimmsnarl
|-unboost|p2b: Grimmsnarl|atk|1
|-unboost|p2b: Grimmsnarl|spa|1
|
|t:|1784493388
|switch|p1b: Archaludon|Archaludon, L50, F|100/100|[from] Parting Shot
|
|upkeep
|turn|3
|
|t:|1784493417
|move|p2b: Grimmsnarl|Parting Shot|p2a: Staraptor
|-boost|p2a: Staraptor|atk|1
|-boost|p2a: Staraptor|spa|1
|
|t:|1784493420
|switch|p2b: Sinistcha|Sinistcha, L50|100/100|[from] Parting Shot
|-heal|p2a: Staraptor|93/100|[from] ability: Hospitality|[of] p2b: Sinistcha
|move|p1a: Gengar|Perish Song|p1a: Gengar
|-start|p1a: Gengar|perish3|[silent]
|-start|p1b: Archaludon|perish3|[silent]
|-start|p2a: Staraptor|perish3|[silent]
|-start|p2b: Sinistcha|perish3|[silent]
|-fieldactivate|move: Perish Song
|move|p2a: Staraptor|Dual Wingbeat|p1a: Gengar
|-damage|p1a: Gengar|72/100
|-damage|p1a: Gengar|43/100
|-hitcount|p1a: Gengar|2
|move|p1b: Archaludon|Electro Shot||[still]
|-prepare|p1b: Archaludon|Electro Shot
|-boost|p1b: Archaludon|spa|1
|
|-start|p1a: Gengar|perish3
|-start|p2a: Staraptor|perish3
|-start|p1b: Archaludon|perish3
|-start|p2b: Sinistcha|perish3
|upkeep
|turn|4
|inactive|Garden Monke has 30 seconds left.
|
|t:|1784493451
|move|p2a: Staraptor|Protect|p2a: Staraptor
|-singleturn|p2a: Staraptor|Protect
|move|p1a: Gengar|Shadow Ball|p2b: Sinistcha
|-supereffective|p2b: Sinistcha|1
|-damage|p2b: Sinistcha|46/100
|-unboost|p2b: Sinistcha|spd|1
|move|p1b: Archaludon|Electro Shot|p2a: Staraptor|[from] lockedmove
|-activate|p2a: Staraptor|move: Protect
|move|p2b: Sinistcha|Matcha Gotcha|p1b: Archaludon|[spread] p1a,p1b
|-resisted|p1a: Gengar|1
|-resisted|p1b: Archaludon|2
|-damage|p1a: Gengar|30/100
|-heal|p2b: Sinistcha|52/100|[from] drain|[of] p1a: Gengar
|-damage|p1b: Archaludon|93/100
|-heal|p2b: Sinistcha|56/100|[from] drain|[of] p1b: Archaludon
|-status|p1b: Archaludon|brn
|-ability|p1b: Archaludon|Stamina|boost
|-boost|p1b: Archaludon|def|1
|
|-heal|p1b: Archaludon|99/100 brn|[from] item: Leftovers
|-heal|p2b: Sinistcha|62/100|[from] item: Leftovers
|-damage|p1b: Archaludon|93/100 brn|[from] brn
|-start|p1a: Gengar|perish2
|-start|p2a: Staraptor|perish2
|-start|p1b: Archaludon|perish2
|-start|p2b: Sinistcha|perish2
|upkeep
|turn|5
|inactive|khe wea has 30 seconds left.
|
|t:|1784493477
|move|p1a: Gengar|Shadow Ball|p2b: Sinistcha
|-supereffective|p2b: Sinistcha|1
|-damage|p2b: Sinistcha|0 fnt
|faint|p2b: Sinistcha
|move|p2a: Staraptor|Dual Wingbeat|p1a: Gengar
|-damage|p1a: Gengar|3/100
|-damage|p1a: Gengar|0 fnt
|faint|p1a: Gengar
|-hitcount|p1: Gengar|2
|move|p1b: Archaludon|Dragon Pulse|p2a: Staraptor
|-damage|p2a: Staraptor|77/100
|
|-heal|p1b: Archaludon|99/100 brn|[from] item: Leftovers
|-damage|p1b: Archaludon|93/100 brn|[from] brn
|-end|p2a: Staraptor|Disable
|-start|p2a: Staraptor|perish1
|-start|p1b: Archaludon|perish1
|upkeep
|
|t:|1784493485
|switch|p1a: Politoed|Politoed, L50, M|100/100
|switch|p2b: Serperior|Serperior, L50, M|100/100
|-weather|RainDance|[from] ability: Drizzle|[of] p1a: Politoed
|turn|6
|
|t:|1784493493
|switch|p2a: Grimmsnarl|Grimmsnarl, L50, M|100/100
|switch|p1b: Incineroar|Incineroar, L50, M|24/100
|-ability|p1b: Incineroar|Intimidate|boost
|-unboost|p2a: Grimmsnarl|atk|1
|-boost|p2b: Serperior|atk|1
|move|p2b: Serperior|Leaf Storm|p1a: Politoed
|-supereffective|p1a: Politoed|1
|-damage|p1a: Politoed|40/100
|-boost|p2b: Serperior|spa|2
|-enditem|p1a: Politoed|Sitrus Berry|[eat]
|-heal|p1a: Politoed|65/100|[from] item: Sitrus Berry
|move|p1a: Politoed|Weather Ball|p2a: Grimmsnarl
|-damage|p2a: Grimmsnarl|69/100
|
|-weather|RainDance|[upkeep]
|upkeep
|turn|7
|-message|Garden Monke forfeited.
|
|win|khe wea
||Garden Monke is ready for game 2.
||khe wea is ready for game 2.
|uhtml|next|Next: Game 2 of 3
