|j|☆uglybeast
|j|☆CoachChris
|html|uglybeastCoachChris    
|uhtml|bestof|Game 1 of a best-of-3
|t:|1756329197
|gametype|doubles
|player|p1|uglybeast|lucas|1300
|player|p2|CoachChris|1|1288
|gen|9
|tier|[Gen 9] VGC 2025 Reg H (Bo3)
|rated|
|rule|Species Clause: Limit one of each Pokémon
|rule|Item Clause: Limit 1 of each item
|clearpoke
|poke|p1|Murkrow, L50, M|
|poke|p1|Ursaluna-Bloodmoon, L50, M|
|poke|p1|Sneasler, L50, M|
|poke|p1|Dragapult, L50, F|
|poke|p1|Armarouge, L50, M|
|poke|p1|Indeedee-F, L50, F|
|poke|p2|Garganacl, L50, F|
|poke|p2|Dondozo, L50, M|
|poke|p2|Sneasler, L50, F|
|poke|p2|Gholdengo, L50|
|poke|p2|Ninetales-Alola, L50, M|
|poke|p2|Incineroar, L50, F|
|teampreview|4
|showteam|p1|Murkrow||Eviolite|Prankster|Haze,SunnyDay,Tailwind,BraveBird|||M|||50|,,,,,Ghost]Ursaluna-Bloodmoon||LifeOrb|MindsEye|BloodMoon,HyperVoice,Protect,EarthPower|||M|||50|,,,,,Normal]Sneasler||PsychicSeed|Unburden|ThroatChop,DireClaw,CloseCombat,Protect|||M|||50|,,,,,Dark]Dragapult||ChoiceBand|ClearBody|DragonDarts,Outrage,Uturn,PhantomForce|||F|||50|,,,,,Dragon]Armarouge||PowerHerb|FlashFire|HeatWave,MeteorBeam,ExpandingForce,Protect|||M|||50|,,,,,Grass]Indeedee-F||RockyHelmet|PsychicSurge|DazzlingGleam,FollowMe,HelpingHand,TrickRoom|||F|||50|,,,,,Grass
|showteam|p2|Garganacl||MarangaBerry|PurifyingSalt|SaltCure,StealthRock,Protect,Recover|||F|||50|,,,,,Flying]Dondozo||Leftovers|Unaware|Liquidation,Yawn,Curse,Protect|||M|||50|,,,,,Poison]Sneasler||FocusSash|PoisonTouch|DireClaw,CloseCombat,Coaching,Protect|||F|||50|,,,,,Ghost]Gholdengo||ChoiceScarf|GoodasGold|MakeItRain,ShadowBall,Trick,PowerGem||||||50|,,,,,Steel]Ninetales-Alola||NeverMeltIce|SnowWarning|Blizzard,FreezeDry,Protect,AuroraVeil|||M|||50|,,,,,Ice]Incineroar||AssaultVest|Intimidate|FlareBlitz,KnockOff,FakeOut,DrainPunch|||F|||50|,,,,,Grass
|inactive|Battle timer is ON: inactive players will automatically lose when time's up. (requested by CoachChris)
|inactive|uglybeast has 60 seconds left.
|
|t:|1756329354
|teamsize|p1|4
|teamsize|p2|4
|start
|switch|p1a: Blade|Indeedee-F, L50, F|100/100
|switch|p1b: Anagnoman|Sneasler, L50, M|100/100
|switch|p2a: Gholdengo|Gholdengo, L50|100/100
|switch|p2b: Ninetales|Ninetales-Alola, L50, M|100/100
|-weather|Snowscape|[from] ability: Snow Warning|[of] p2b: Ninetales
|-fieldstart|move: Psychic Terrain|[from] ability: Psychic Surge|[of] p1a: Blade
|-enditem|p1b: Anagnoman|Psychic Seed
|-boost|p1b: Anagnoman|spd|1|[from] item: Psychic Seed
|turn|1
|inactive|uglybeast has 30 seconds left.
|inactive|uglybeast has 20 seconds left.
|inactive|uglybeast has 15 seconds left.
|inactive|uglybeast has 10 seconds left.
|inactive|uglybeast has 5 seconds left.
|
|t:|1756329406
|switch|p2a: Dondozo|Dondozo, L50, M|100/100
|move|p1a: Blade|Helping Hand|p1b: Anagnoman
|-singleturn|p1b: Anagnoman|Helping Hand|[of] p1a: Blade
|move|p1b: Anagnoman|Dire Claw|p2b: Ninetales
|-supereffective|p2b: Ninetales
|-damage|p2b: Ninetales|0 fnt
|faint|p2b: Ninetales
|
|-weather|Snowscape|[upkeep]
|upkeep
|
|t:|1756329420
|switch|p2b: Sneasler|Sneasler, L50, F|100/100
|turn|2
|inactive|uglybeast has 30 seconds left.
|inactive|uglybeast has 20 seconds left.
|inactive|uglybeast has 15 seconds left.
|inactive|uglybeast has 10 seconds left.
|
|t:|1756329467
|switch|p1a: Kwstas|Murkrow, L50, M|100/100
|move|p1b: Anagnoman|Dire Claw|p2a: Dondozo
|-damage|p2a: Dondozo|69/100
|-status|p2a: Dondozo|slp
|move|p2b: Sneasler|Coaching|p2a: Dondozo
|-boost|p2a: Dondozo|atk|1
|-boost|p2a: Dondozo|def|1
|cant|p2a: Dondozo|slp
|
|-weather|Snowscape|[upkeep]
|-heal|p2a: Dondozo|75/100 slp|[from] item: Leftovers
|upkeep
|turn|3
|inactive|uglybeast has 30 seconds left.
|inactive|CoachChris has 30 seconds left.
|inactive|uglybeast has 20 seconds left.
|
|t:|1756329504
|move|p1b: Anagnoman|Throat Chop|p2a: Dondozo
|-damage|p2a: Dondozo|63/100 slp
|-start|p2a: Dondozo|Throat Chop|[silent]
|move|p2b: Sneasler|Dire Claw|p1a: Kwstas
|-damage|p1a: Kwstas|50/100
|move|p1a: Kwstas|Brave Bird|p2b: Sneasler
|-supereffective|p2b: Sneasler
|-enditem|p2b: Sneasler|Focus Sash
|-damage|p2b: Sneasler|1/100
|-damage|p1a: Kwstas|18/100|[from] Recoil
|-curestatus|p2a: Dondozo|slp|[msg]
|move|p2a: Dondozo|Liquidation|p1b: Anagnoman
|-damage|p1b: Anagnoman|4/100
|
|-weather|Snowscape|[upkeep]
|-heal|p2a: Dondozo|69/100|[from] item: Leftovers
|upkeep
|turn|4
|inactive|uglybeast has 30 seconds left.
|inactive|CoachChris has 30 seconds left.
|
|t:|1756329535
|move|p2b: Sneasler|Protect|p2b: Sneasler
|-singleturn|p2b: Sneasler|Protect
|move|p1a: Kwstas|Haze|p1a: Kwstas
|-clearallboost
|move|p1b: Anagnoman|Dire Claw|p2b: Sneasler
|-activate|p2b: Sneasler|move: Protect
|move|p2a: Dondozo|Liquidation|p1a: Kwstas
|-damage|p1a: Kwstas|0 fnt
|faint|p1a: Kwstas
|
|-weather|Snowscape|[upkeep]
|-heal|p2a: Dondozo|75/100|[from] item: Leftovers
|-end|p2a: Dondozo|Throat Chop|[silent]
|upkeep
|
|t:|1756329541
|switch|p1a: Giandam|Armarouge, L50, M|100/100
|turn|5
|inactive|uglybeast has 30 seconds left.
|inactive|uglybeast has 20 seconds left.
|inactive|uglybeast has 15 seconds left.
|inactive|uglybeast has 10 seconds left.
|
|t:|1756329591
|move|p2b: Sneasler|Protect|p2b: Sneasler
|-singleturn|p2b: Sneasler|Protect
|move|p2a: Dondozo|Protect|p2a: Dondozo
|-singleturn|p2a: Dondozo|Protect
|move|p1b: Anagnoman|Close Combat|p2a: Dondozo
|-activate|p2a: Dondozo|move: Protect
|move|p1a: Giandam|Expanding Force|p2a: Dondozo|[spread] 
|-activate|p2a: Dondozo|move: Protect
|-activate|p2b: Sneasler|move: Protect
|
|-weather|none
|-heal|p2a: Dondozo|81/100|[from] item: Leftovers
|-fieldend|move: Psychic Terrain
|upkeep
|turn|6
|inactive|uglybeast has 30 seconds left.
|inactive|CoachChris has 30 seconds left.
|inactive|uglybeast has 20 seconds left.
|inactive|uglybeast has 15 seconds left.
|
|t:|1756329635
|-terastallize|p1a: Giandam|Grass
|move|p1b: Anagnoman|Dire Claw|p2b: Sneasler
|-resisted|p2b: Sneasler
|-damage|p2b: Sneasler|0 fnt
|faint|p2b: Sneasler
|move|p1a: Giandam|Meteor Beam||[still]
|-prepare|p1a: Giandam|Meteor Beam
|-boost|p1a: Giandam|spa|1
|-enditem|p1a: Giandam|Power Herb
|-anim|p1a: Giandam|Meteor Beam|p2a: Dondozo
|-damage|p2a: Dondozo|51/100
|move|p2a: Dondozo|Liquidation|p1a: Giandam
|-resisted|p1a: Giandam
|-damage|p1a: Giandam|80/100
|
|-heal|p2a: Dondozo|57/100|[from] item: Leftovers
|upkeep
|inactive|CoachChris has 30 seconds left.
|
|t:|1756329661
|switch|p2b: Gholdengo|Gholdengo, L50|100/100
|turn|7
|inactive|uglybeast has 30 seconds left.
|inactive|CoachChris has 30 seconds left.
|inactive|uglybeast has 20 seconds left.
|inactive|uglybeast has 15 seconds left.
|inactive|uglybeast has 10 seconds left.
|inactive|uglybeast has 5 seconds left.
|
|t:|1756329715
|-terastallize|p2b: Gholdengo|Steel
|move|p1a: Giandam|Protect|p1a: Giandam
|-singleturn|p1a: Giandam|Protect
|move|p1b: Anagnoman|Close Combat|p2a: Dondozo
|-crit|p2a: Dondozo
|-damage|p2a: Dondozo|0 fnt
|-unboost|p1b: Anagnoman|def|1
|-unboost|p1b: Anagnoman|spd|1
|faint|p2a: Dondozo
|move|p2b: Gholdengo|Make It Rain|p1b: Anagnoman|[spread] p1b
|-activate|p1a: Giandam|move: Protect
|-damage|p1b: Anagnoman|0 fnt
|-unboost|p2b: Gholdengo|spa|1
|faint|p1b: Anagnoman
|
|upkeep
|
|t:|1756329731
|switch|p1b: Blade|Indeedee-F, L50, F|100/100
|-fieldstart|move: Psychic Terrain|[from] ability: Psychic Surge|[of] p1b: Blade
|turn|8
|inactive|uglybeast has 30 seconds left.
|
|t:|1756329766
|move|p1a: Giandam|Protect|p1a: Giandam
|-singleturn|p1a: Giandam|Protect
|move|p2b: Gholdengo|Make It Rain|p1a: Giandam|[spread] p1b
|-activate|p1a: Giandam|move: Protect
|-damage|p1b: Blade|56/100
|-unboost|p2b: Gholdengo|spa|1
|move|p1b: Blade|Trick Room|p1b: Blade
|-fieldstart|move: Trick Room|[of] p1b: Blade
|
|upkeep
|turn|9
|c|☆CoachChris|dang you got all the good luck this game!
|
|t:|1756329788
|move|p1b: Blade|Helping Hand|p1a: Giandam
|-singleturn|p1a: Giandam|Helping Hand|[of] p1b: Blade
|move|p1a: Giandam|Heat Wave|p2b: Gholdengo
|-supereffective|p2b: Gholdengo
|-damage|p2b: Gholdengo|0 fnt
|faint|p2b: Gholdengo
|
|win|uglybeast
||CoachChris is ready for game 2.
|inactive|uglybeast has 30 seconds to confirm battle start!
|inactive|uglybeast has 20 seconds to confirm battle start!
|c|☆uglybeast|pff how it goes sometimes, sorry
||uglybeast is ready for game 2.
|uhtml|next|Next: Game 2 of 3
|l|☆CoachChris
|player|p2|
