|j|☆lettitripppp
|j|☆nutbuster151
|html|lettitrippppnutbuster151    
|uhtml|bestof|Game 1 of a best-of-3
|t:|1785786575
|gametype|doubles
|player|p1|lettitripppp|lucas|1295
|player|p2|nutbuster151|acetrainer|1260
|gen|9
|tier|[Gen 9 Champions] VGC 2026 Reg M-B (Bo3)
|rated|
|rule|Species Clause: Limit one of each Pokémon
|rule|Item Clause: Limit 1 of each item
|clearpoke
|poke|p1|Charizard, L50, F|
|poke|p1|Floette-Eternal, L50, F|
|poke|p1|Basculegion, L50, M|
|poke|p1|Whimsicott, L50, F, shiny|
|poke|p1|Garchomp, L50, F|
|poke|p1|Kingambit, L50, F, shiny|
|poke|p2|Staraptor, L50, M|
|poke|p2|Garchomp, L50, M|
|poke|p2|Whimsicott, L50, M|
|poke|p2|Delphox, L50, M|
|poke|p2|Glimmora, L50, M|
|poke|p2|Kingambit, L50, M|
|teampreview|4
|showteam|p1|Charizard||CharizarditeY|Blaze|WeatherBall,SolarBeam,HeatWave,Protect|Modest||F|||50|]Floette-Eternal||Floettite|Symbiosis|DazzlingGleam,LightofRuin,Moonblast,Protect|Modest||F|||50|]Basculegion||MysticWater|Adaptability|LastRespects,WaveCrash,AquaJet,Protect|Adamant||M|||50|]Whimsicott||FocusSash|Prankster|Moonblast,Tailwind,Encore,Protect|Timid||F|||50|]Garchomp||LifeOrb|RoughSkin|StompingTantrum,DragonClaw,RockSlide,Protect|Jolly||F|||50|]Kingambit||ChopleBerry|Defiant|KowtowCleave,SuckerPunch,IronHead,LowKick|Adamant||F|||50|
|showteam|p2|Staraptor||Staraptite|Intimidate|Protect,Roost,CloseCombat,BraveBird|Jolly||M|||50|]Garchomp||LifeOrb|RoughSkin|Protect,RockSlide,Earthquake,DragonClaw|Jolly||M|||50|]Whimsicott||OccaBerry|Prankster|Moonblast,Tailwind,Charm,LightScreen|Timid||M|||50|]Delphox||Delphoxite|Magician|Protect,Psychic,HeatWave,Substitute|Timid||M|||50|]Glimmora||FocusSash|ToxicDebris|SpikyShield,SludgeBomb,EarthPower,PowerGem|Timid||M|||50|]Kingambit||ChopleBerry|Defiant|SuckerPunch,LowKick,IronHead,KowtowCleave|Adamant||M|||50|
|inactive|Battle timer is ON: inactive players will automatically lose when time's up. (requested by lettitripppp)
|inactive|lettitripppp has 60 seconds left.
|inactive|nutbuster151 has 60 seconds left.
|
|t:|1785786615
|teamsize|p1|4
|teamsize|p2|4
|start
|switch|p1a: GHOSTWAVE|Basculegion, L50, M|100/100
|switch|p1b: LETS GO AGAIN|Whimsicott, L50, F, shiny|100/100
|switch|p2a: Kingambit|Kingambit, L50, M|100/100
|switch|p2b: Whimsicott|Whimsicott, L50, M|100/100
|turn|1
|inactive|nutbuster151 has 30 seconds left.
|
|t:|1785786646
|move|p2b: Whimsicott|Charm|p1a: GHOSTWAVE
|-unboost|p1a: GHOSTWAVE|atk|2
|move|p1b: LETS GO AGAIN|Moonblast|p2a: Kingambit
|-damage|p2a: Kingambit|69/100
|move|p1a: GHOSTWAVE|Wave Crash|p2a: Kingambit
|-damage|p2a: Kingambit|33/100
|-damage|p1a: GHOSTWAVE|88/100|[from] Recoil
|move|p2a: Kingambit|Kowtow Cleave|p1a: GHOSTWAVE
|-supereffective|p1a: GHOSTWAVE|1
|-damage|p1a: GHOSTWAVE|0 fnt
|faint|p1a: GHOSTWAVE
|
|upkeep
|
|t:|1785786657
|switch|p1a: RUINOUS LIGHT|Floette-Eternal, L50, F|100/100
|turn|2
|
|t:|1785786678
|switch|p2a: Delphox|Delphox, L50, M|100/100
|detailschange|p1a: RUINOUS LIGHT|Floette-Mega, L50, F
|-mega|p1a: RUINOUS LIGHT|Floette|Floettite
|-ability|p1a: RUINOUS LIGHT|Fairy Aura
|move|p2b: Whimsicott|Light Screen|p2b: Whimsicott
|-sidestart|p2: nutbuster151|move: Light Screen
|move|p1b: LETS GO AGAIN|Tailwind|p1b: LETS GO AGAIN
|-sidestart|p1: lettitripppp|move: Tailwind
|move|p1a: RUINOUS LIGHT|Dazzling Gleam|p2a: Delphox|[spread] p2a,p2b
|-resisted|p2a: Delphox|1
|-damage|p2a: Delphox|80/100
|-damage|p2b: Whimsicott|45/100
|
|upkeep
|turn|3
|inactive|nutbuster151 has 30 seconds left.
|inactive|nutbuster151 has 20 seconds left.
|
|t:|1785786714
|detailschange|p2a: Delphox|Delphox-Mega, L50, M
|-mega|p2a: Delphox|Delphox|Delphoxite
|move|p1b: LETS GO AGAIN|Encore|p2b: Whimsicott
|-start|p2b: Whimsicott|Encore
|move|p2b: Whimsicott|Light Screen||[still]
|-fail|p2b: Whimsicott
|move|p1a: RUINOUS LIGHT|Dazzling Gleam|p2a: Delphox|[spread] p2a,p2b
|-resisted|p2a: Delphox|1
|-damage|p2a: Delphox|65/100
|-damage|p2b: Whimsicott|0 fnt
|faint|p2b: Whimsicott
|move|p2a: Delphox|Substitute|p2a: Delphox
|-start|p2a: Delphox|Substitute
|-damage|p2a: Delphox|41/100
|
|upkeep
|
|t:|1785786727
|switch|p2b: Kingambit|Kingambit, L50, M|33/100
|turn|4
|
|t:|1785786736
|move|p1b: LETS GO AGAIN|Encore|p2a: Delphox
|-start|p2a: Delphox|Encore
|move|p1a: RUINOUS LIGHT|Moonblast|p2b: Kingambit
|-damage|p2b: Kingambit|0 fnt
|faint|p2b: Kingambit
|move|p2a: Delphox|Substitute|p2a: Delphox
|-fail|p2a: Delphox|move: Substitute
|
|upkeep
|
|t:|1785786744
|switch|p2b: Garchomp|Garchomp, L50, M|100/100
|turn|5
|
|t:|1785786751
|move|p1b: LETS GO AGAIN|Moonblast|p2a: Delphox
|-resisted|p2a: Delphox|1
|-activate|p2a: Delphox|move: Substitute|[damage]
|move|p1a: RUINOUS LIGHT|Moonblast|p2a: Delphox
|-resisted|p2a: Delphox|1
|-end|p2a: Delphox|Substitute
|move|p2a: Delphox|Substitute|p2a: Delphox
|-start|p2a: Delphox|Substitute
|-damage|p2a: Delphox|16/100
|move|p2b: Garchomp|Earthquake|p1b: LETS GO AGAIN|[spread] p1a,p1b
|-immune|p2a: Delphox|[from] ability: Levitate
|-resisted|p1b: LETS GO AGAIN|1
|-damage|p1a: RUINOUS LIGHT|27/100
|-damage|p1b: LETS GO AGAIN|62/100
|-damage|p2b: Garchomp|90/100|[from] item: Life Orb
|
|-sideend|p1: lettitripppp|move: Tailwind
|upkeep
|turn|6
|
|t:|1785786772
|move|p1a: RUINOUS LIGHT|Protect|p1a: RUINOUS LIGHT
|-singleturn|p1a: RUINOUS LIGHT|Protect
|move|p1b: LETS GO AGAIN|Tailwind|p1b: LETS GO AGAIN
|-sidestart|p1: lettitripppp|move: Tailwind
|move|p2a: Delphox|Substitute|p2a: Delphox
|-fail|p2a: Delphox|move: Substitute
|move|p2b: Garchomp|Earthquake|p1a: RUINOUS LIGHT|[spread] p1b
|-activate|p1a: RUINOUS LIGHT|move: Protect
|-immune|p2a: Delphox|[from] ability: Levitate
|-resisted|p1b: LETS GO AGAIN|1
|-damage|p1b: LETS GO AGAIN|21/100
|-damage|p2b: Garchomp|80/100|[from] item: Life Orb
|
|-end|p2a: Delphox|Encore
|-sideend|p2: nutbuster151|move: Light Screen
|upkeep
|turn|7
|inactive|nutbuster151 has 30 seconds left.
|inactive|nutbuster151 has 20 seconds left.
|inactive|nutbuster151 has 15 seconds left.
|inactive|nutbuster151 has 10 seconds left.
|
|t:|1785786819
|move|p1b: LETS GO AGAIN|Encore|p2a: Delphox
|-start|p2a: Delphox|Encore
|move|p1a: RUINOUS LIGHT|Moonblast|p2b: Garchomp
|-supereffective|p2b: Garchomp|1
|-damage|p2b: Garchomp|0 fnt
|faint|p2b: Garchomp
|move|p2a: Delphox|Substitute|p2a: Delphox
|-fail|p2a: Delphox|move: Substitute
|
|upkeep
|turn|8
|
|t:|1785786830
|move|p1b: LETS GO AGAIN|Moonblast|p2a: Delphox
|-resisted|p2a: Delphox|1
|-activate|p2a: Delphox|move: Substitute|[damage]
|move|p1a: RUINOUS LIGHT|Moonblast|p2a: Delphox
|-resisted|p2a: Delphox|1
|-end|p2a: Delphox|Substitute
|move|p2a: Delphox|Substitute|p2a: Delphox
|-fail|p2a: Delphox|move: Substitute|[weak]
|
|upkeep
|turn|9
|
|t:|1785786840
|move|p1b: LETS GO AGAIN|Moonblast|p2a: Delphox
|-resisted|p2a: Delphox|1
|-damage|p2a: Delphox|0 fnt
|faint|p2a: Delphox
|
|win|lettitripppp
|c|☆lettitripppp|gg
||nutbuster151 is ready for game 2.
||lettitripppp is ready for game 2.
|uhtml|next|Next: Game 2 of 3
