|j|â˜†tedidn
|j|â˜†grok is this real
|html|tedidngrok is this real    
|uhtml|bestof|Game 1 of a best-of-3
|t:|1782441850
|gametype|doubles
|player|p1|tedidn|marshal|
|player|p2|grok is this real|lady|
|gen|9
|tier|[Gen 9 Champions] VGC 2026 Reg M-B (Bo3)
|rule|Species Clause: Limit one of each PokÃ©mon
|rule|Item Clause: Limit 1 of each item
|clearpoke
|poke|p1|Kangaskhan, L50, F|
|poke|p1|Farigiraf, L50, F|
|poke|p1|Torkoal, L50, M|
|poke|p1|Mawile, L50, M|
|poke|p1|Scovillain, L50, M|
|poke|p1|Basculegion, L50, M|
|poke|p2|Floette-Eternal, L50, F|
|poke|p2|Ceruledge, L50, F|
|poke|p2|Staraptor, L50, F|
|poke|p2|Milotic, L50, M, shiny|
|poke|p2|Incineroar, L50, M|
|poke|p2|Sinistcha, L50|
|teampreview|4
|showteam|p1|Kangaskhan||SilkScarf|Scrappy|LastResort,FakeOut|Brave||F|||50|]Farigiraf||SitrusBerry|ArmorTail|TwinBeam,TrickRoom,SunnyDay,Thunderbolt|Relaxed||F|||50|]Torkoal||Charcoal|Drought|Eruption,HeatWave,WeatherBall,Protect|Quiet||M|||50|]Mawile||Mawilite|HyperCutter|PlayRough,IronHead,SuckerPunch,SwordsDance|Brave||M|||50|]Scovillain||Scovillainite|Chlorophyll|Overheat,SolarBeam,RagePowder,Protect|Quiet||M|||50|]Basculegion||FocusSash|Adaptability|Liquidation,AquaJet,LastRespects,Protect|Adamant||M|||50|
|showteam|p2|Floette-Eternal||Floettite|FlowerVeil|DazzlingGleam,DrainingKiss,CalmMind,Protect|Timid||F|||50|]Ceruledge||ColburBerry|FlashFire|BitterBlade,ShadowSneak,BulkUp,Protect|Adamant||F|||50|]Staraptor||Staraptite|Intimidate|BraveBird,CloseCombat,Tailwind,Protect|Jolly||F|||50|]Milotic||Leftovers|Competitive|MuddyWater,Hypnosis,Coil,Protect|Modest||M|||50|]Incineroar||PasshoBerry|Intimidate|FakeOut,ThroatChop,FlareBlitz,PartingShot|Impish||M|||50|]Sinistcha||SitrusBerry|Hospitality|RagePowder,MatchaGotcha,LifeDew,Protect|Calm|||||50|
|inactive|Battle timer is ON: inactive players will automatically lose when time's up. (requested by tedidn)
|c|â˜†grok is this real|Glhf!
|j| coolguy14604
|c|â˜†tedidn|you too!
|inactive|tedidn has 60 seconds left.
|inactive|grok is this real has 60 seconds left.
|j| the crimson wooper
|c| the crimson wooper|Zion Craig win!
|
|t:|1782441896
|teamsize|p1|4
|teamsize|p2|4
|start
|switch|p1a: Kangaskhan|Kangaskhan, L50, F|100/100
|switch|p1b: Farigiraf|Farigiraf, L50, F|100/100
|switch|p2a: Ceruledge|Ceruledge, L50, F|100/100
|switch|p2b: Incineroar|Incineroar, L50, M|100/100
|-ability|p2b: Incineroar|Intimidate|boost
|-fail|p1a: Kangaskhan|unboost|Attack|[from] ability: Scrappy|[of] p1a: Kangaskhan
|-unboost|p1b: Farigiraf|atk|1
|turn|1
|
|t:|1782441913
|move|p1a: Kangaskhan|Fake Out|p2a: Ceruledge
|-damage|p2a: Ceruledge|79/100
|cant|p2a: Ceruledge|flinch
|move|p2b: Incineroar|Parting Shot|p1b: Farigiraf
|-unboost|p1b: Farigiraf|atk|1
|-unboost|p1b: Farigiraf|spa|1
|j| thebigmacky
|
|t:|1782441920
|switch|p2b: Sinistcha|Sinistcha, L50|100/100|[from] Parting Shot
|-heal|p2a: Ceruledge|100/100|[from] ability: Hospitality|[of] p2b: Sinistcha
|move|p1b: Farigiraf|Twin Beam|p2a: Ceruledge
|-damage|p2a: Ceruledge|89/100
|-damage|p2a: Ceruledge|77/100
|-hitcount|p2a: Ceruledge|2
|
|upkeep
|turn|2
|
|t:|1782441930
|move|p2a: Ceruledge|Protect|p2a: Ceruledge
|-singleturn|p2a: Ceruledge|Protect
|move|p1a: Kangaskhan|Last Resort|p2a: Ceruledge
|-activate|p2a: Ceruledge|move: Protect
|move|p2b: Sinistcha|Matcha Gotcha|p1a: Kangaskhan|[spread] p1b
|-miss|p2b: Sinistcha|p1a: Kangaskhan
|-damage|p1b: Farigiraf|78/100
|move|p1b: Farigiraf|Twin Beam|p2a: Ceruledge
|-activate|p2a: Ceruledge|move: Protect
|
|upkeep
|turn|3
|
|t:|1782441941
|move|p2b: Sinistcha|Rage Powder|p2b: Sinistcha
|-singleturn|p2b: Sinistcha|move: Rage Powder
|move|p2a: Ceruledge|Bulk Up|p2a: Ceruledge
|-boost|p2a: Ceruledge|atk|1
|-boost|p2a: Ceruledge|def|1
|move|p1a: Kangaskhan|Last Resort|p2b: Sinistcha
|-damage|p2b: Sinistcha|38/100
|-enditem|p2b: Sinistcha|Sitrus Berry|[eat]
|-heal|p2b: Sinistcha|63/100|[from] item: Sitrus Berry
|move|p1b: Farigiraf|Twin Beam|p2b: Sinistcha
|-damage|p2b: Sinistcha|53/100
|-damage|p2b: Sinistcha|44/100
|-hitcount|p2b: Sinistcha|2
|
|upkeep
|turn|4
|
|t:|1782441951
|switch|p2b: Incineroar|Incineroar, L50, M|100/100
|-ability|p2b: Incineroar|Intimidate|boost
|-fail|p1a: Kangaskhan|unboost|Attack|[from] ability: Scrappy|[of] p1a: Kangaskhan
|-unboost|p1b: Farigiraf|atk|1
|move|p2a: Ceruledge|Protect|p2a: Ceruledge
|-singleturn|p2a: Ceruledge|Protect
|move|p1a: Kangaskhan|Last Resort|p2b: Incineroar
|-damage|p2b: Incineroar|38/100
|move|p1b: Farigiraf|Trick Room|p1b: Farigiraf
|-fieldstart|move: Trick Room|[of] p1b: Farigiraf
|
|upkeep
|turn|5
|
|t:|1782441960
|move|p1b: Farigiraf|Twin Beam|p2a: Ceruledge
|-damage|p2a: Ceruledge|68/100
|-damage|p2a: Ceruledge|58/100
|-hitcount|p2a: Ceruledge|2
|move|p2b: Incineroar|Parting Shot|p1a: Kangaskhan
|-unboost|p1a: Kangaskhan|atk|1
|-unboost|p1a: Kangaskhan|spa|1
|
|t:|1782441966
|switch|p2b: Sinistcha|Sinistcha, L50|44/100|[from] Parting Shot
|-heal|p2a: Ceruledge|83/100|[from] ability: Hospitality|[of] p2b: Sinistcha
|move|p1a: Kangaskhan|Last Resort|p2a: Ceruledge
|-damage|p2a: Ceruledge|49/100
|move|p2a: Ceruledge|Bitter Blade|p1b: Farigiraf
|-crit|p1b: Farigiraf
|-damage|p1b: Farigiraf|3/100
|-heal|p2a: Ceruledge|94/100|[from] drain|[of] p1b: Farigiraf
|-enditem|p1b: Farigiraf|Sitrus Berry|[eat]
|-heal|p1b: Farigiraf|28/100|[from] item: Sitrus Berry
|
|upkeep
|turn|6
|l|â˜†tedidn
|inactive|tedidn disconnected and has 300 seconds to reconnect!
|player|p1|
|inactive|tedidn has 270 seconds to reconnect!
|j|â˜†tedidn
|inactive|tedidn reconnected and has 40 seconds left.
|player|p1|tedidn|marshal|
|inactive|grok is this real has 30 seconds left.
|
|t:|1782442038
|move|p1b: Farigiraf|Twin Beam|p2b: Sinistcha
|-crit|p2b: Sinistcha
|-damage|p2b: Sinistcha|25/100
|-damage|p2b: Sinistcha|15/100
|-hitcount|p2b: Sinistcha|2
|move|p2b: Sinistcha|Matcha Gotcha|p1b: Farigiraf|[spread] p1a
|-miss|p2b: Sinistcha|p1b: Farigiraf
|-damage|p1a: Kangaskhan|77/100
|-heal|p2b: Sinistcha|28/100|[from] drain|[of] p1a: Kangaskhan
|-status|p1a: Kangaskhan|brn
|move|p1a: Kangaskhan|Last Resort|p2b: Sinistcha
|-damage|p2b: Sinistcha|5/100
|move|p2a: Ceruledge|Bitter Blade|p1a: Kangaskhan
|-damage|p1a: Kangaskhan|16/100 brn
|-heal|p2a: Ceruledge|100/100|[from] drain|[of] p1a: Kangaskhan
|
|-damage|p1a: Kangaskhan|10/100 brn|[from] brn
|upkeep
|turn|7
|j| TemporalDonut
|
|t:|1782442061
|switch|p2b: Staraptor|Staraptor, L50, F|100/100
|-ability|p2b: Staraptor|Intimidate|boost
|-fail|p1a: Kangaskhan|unboost|Attack|[from] ability: Scrappy|[of] p1a: Kangaskhan
|-unboost|p1b: Farigiraf|atk|1
|move|p2a: Ceruledge|Protect|p2a: Ceruledge
|-singleturn|p2a: Ceruledge|Protect
|move|p1b: Farigiraf|Twin Beam|p2b: Staraptor
|-damage|p2b: Staraptor|87/100
|-damage|p2b: Staraptor|75/100
|-hitcount|p2b: Staraptor|2
|move|p1a: Kangaskhan|Last Resort|p2a: Ceruledge
|-activate|p2a: Ceruledge|move: Protect
|
|-damage|p1a: Kangaskhan|4/100 brn|[from] brn
|upkeep
|turn|8
|
|t:|1782442081
|move|p2b: Staraptor|Protect|p2b: Staraptor
|-singleturn|p2b: Staraptor|Protect
|move|p1b: Farigiraf|Twin Beam|p2b: Staraptor
|-activate|p2b: Staraptor|move: Protect
|move|p1a: Kangaskhan|Last Resort|p2b: Staraptor
|-activate|p2b: Staraptor|move: Protect
|move|p2a: Ceruledge|Bitter Blade|p1b: Farigiraf
|-damage|p1b: Farigiraf|0 fnt
|faint|p1b: Farigiraf
|
|-damage|p1a: Kangaskhan|0 fnt|[from] brn
|faint|p1a: Kangaskhan
|-fieldend|move: Trick Room
|upkeep
|
|t:|1782442084
|switch|p1a: Mawile|Mawile, L50, M|100/100
|switch|p1b: Basculegion|Basculegion, L50, M|100/100
|turn|9
|
|t:|1782442106
|detailschange|p2b: Staraptor|Staraptor-Mega, L50, F
|-mega|p2b: Staraptor|Staraptor|Staraptite
|detailschange|p1a: Mawile|Mawile-Mega, L50, M
|-mega|p1a: Mawile|Mawile|Mawilite
|move|p1b: Basculegion|Protect|p1b: Basculegion
|-singleturn|p1b: Basculegion|Protect
|move|p2a: Ceruledge|Shadow Sneak|p1b: Basculegion
|-activate|p1b: Basculegion|move: Protect
|move|p2b: Staraptor|Brave Bird|p1b: Basculegion
|-activate|p1b: Basculegion|move: Protect
|move|p1a: Mawile|Play Rough|p2b: Staraptor
|-supereffective|p2b: Staraptor|1
|-crit|p2b: Staraptor
|-damage|p2b: Staraptor|0 fnt
|faint|p2b: Staraptor
|
|upkeep
|
|t:|1782442112
|switch|p2b: Incineroar|Incineroar, L50, M|38/100
|-ability|p2b: Incineroar|Intimidate|boost
|-unboost|p1a: Mawile|atk|1
|-unboost|p1b: Basculegion|atk|1
|turn|10
|
|t:|1782442119
|move|p2b: Incineroar|Fake Out|p1a: Mawile
|-resisted|p1a: Mawile|1
|-damage|p1a: Mawile|95/100
|move|p2a: Ceruledge|Shadow Sneak|p1b: Basculegion
|-supereffective|p1b: Basculegion|1
|-damage|p1b: Basculegion|22/100
|move|p1b: Basculegion|Last Respects|p2a: Ceruledge
|-supereffective|p2a: Ceruledge|1
|-damage|p2a: Ceruledge|16/100
|cant|p1a: Mawile|flinch
|
|upkeep
|turn|11
|
|t:|1782442134
|switch|p2b: Sinistcha|Sinistcha, L50|5/100
|-heal|p2a: Ceruledge|41/100|[from] ability: Hospitality|[of] p2b: Sinistcha
|move|p2a: Ceruledge|Protect|p2a: Ceruledge
|-singleturn|p2a: Ceruledge|Protect
|move|p1b: Basculegion|Aqua Jet|p2a: Ceruledge
|-activate|p2a: Ceruledge|move: Protect
|move|p1a: Mawile|Play Rough|p2b: Sinistcha
|-damage|p2b: Sinistcha|0 fnt
|faint|p2b: Sinistcha
|
|upkeep
|
|t:|1782442138
|switch|p2b: Incineroar|Incineroar, L50, M|38/100
|-ability|p2b: Incineroar|Intimidate|boost
|-unboost|p1a: Mawile|atk|1
|-unboost|p1b: Basculegion|atk|1
|turn|12
|inactive|tedidn has 30 seconds left.
|
|t:|1782442164
|move|p2b: Incineroar|Fake Out|p1a: Mawile
|-resisted|p1a: Mawile|1
|-damage|p1a: Mawile|91/100
|move|p1b: Basculegion|Aqua Jet|p2a: Ceruledge
|-supereffective|p2a: Ceruledge|1
|-damage|p2a: Ceruledge|20/100y
|move|p2a: Ceruledge|Shadow Sneak|p1b: Basculegion
|-supereffective|p1b: Basculegion|1
|-damage|p1b: Basculegion|0 fnt
|faint|p1b: Basculegion
|cant|p1a: Mawile|flinch
|
|upkeep
|turn|13
|
|t:|1782442173
|move|p1a: Mawile|Sucker Punch|p2a: Ceruledge
|-supereffective|p2a: Ceruledge|1
|-enditem|p2a: Ceruledge|Colbur Berry|[eat]
|-enditem|p2a: Ceruledge|Colbur Berry|[weaken]
|-damage|p2a: Ceruledge|7/100
|move|p2a: Ceruledge|Bitter Blade|p1a: Mawile
|-supereffective|p1a: Mawile|1
|-damage|p1a: Mawile|0 fnt
|-heal|p2a: Ceruledge|48/100|[from] drain|[of] p1a: Mawile
|faint|p1a: Mawile
|
|win|grok is this real
||tedidn is ready for game 2.
||grok is this real is ready for game 2.
|uhtml|next|Next: Game 2 of 3
|j|+Aldrich
|l| coolguy14604
|l| the crimson wooper
|l|+Aldrich
|l|â˜†tedidn
|player|p1|
