|j|☆TheRealCwiL
|j|☆johnny102
|html|TheRealCwiLjohnny102    
|uhtml|bestof|Game 1 of a best-of-3
|t:|1785430773
|gametype|doubles
|player|p1|TheRealCwiL|unknownf|1050
|player|p2|johnny102|az|1000
|gen|9
|tier|[Gen 9 Champions] VGC 2026 Reg M-B (Bo3)
|rated|
|rule|Species Clause: Limit one of each Pokémon
|rule|Item Clause: Limit 1 of each item
|clearpoke
|poke|p1|Charizard, L50, M|
|poke|p1|Floette-Eternal, L50, F|
|poke|p1|Basculegion, L50, M|
|poke|p1|Kingambit, L50, F|
|poke|p1|Garchomp, L50, F|
|poke|p1|Whimsicott, L50, F|
|poke|p2|Chesnaught, L50, M|
|poke|p2|Whimsicott, L50, F|
|poke|p2|Garchomp, L50, M|
|poke|p2|Pelipper, L50, F|
|poke|p2|Zoroark-Hisui, L50, M|
|poke|p2|Corviknight, L50, F|
|teampreview|4
|showteam|p1|Charizard||CharizarditeY|Blaze|HeatWave,Protect,SolarBeam,WeatherBall|Modest||M|||50|]Floette-Eternal||Floettite|FlowerVeil|DazzlingGleam,Moonblast,LightofRuin,Protect|Timid||F|||50|]Basculegion||MysticWater|Adaptability|WaveCrash,AquaJet,LastRespects,Protect|Adamant||M|||50|]Kingambit||BlackGlasses|Defiant|KowtowCleave,SuckerPunch,IronHead,Protect|Adamant||F|||50|]Garchomp||LifeOrb|RoughSkin|DragonClaw,Earthquake,RockSlide,Protect|Jolly||F|||50|]Whimsicott||FocusSash|Prankster|Moonblast,Encore,Tailwind,Protect|Timid||F|||50|
|showteam|p2|Chesnaught||Chesnaughtite|Bulletproof|GrassyGlide,DrainPunch,SwordsDance,Protect|Brave||M|||50|]Whimsicott||MentalHerb|Prankster|GrassyTerrain,Tailwind,Protect,Encore|Bold||F|||50|]Garchomp||RoseliBerry|RoughSkin|Earthquake,RockSlide,Protect,SwordsDance|Adamant||M|||50|]Pelipper||FocusSash|Drizzle|Protect,Soak,HelpingHand,Surf|Bold||F|||50|]Zoroark-Hisui||SpellTag|Illusion|ShadowSneak,BitterMalice,HyperVoice,NastyPlot|Hasty||M|||50|]Corviknight||Leftovers|Unnerve|BulkUp,Tailwind,Roost,BraveBird|Careful||F|||50|
|inactive|Battle timer is ON: inactive players will automatically lose when time's up. (requested by johnny102)
|inactive|TheRealCwiL has 60 seconds left.
|inactive|johnny102 has 60 seconds left.
|
|t:|1785430831
|teamsize|p1|4
|teamsize|p2|4
|start
|switch|p1a: Whimsicott|Whimsicott, L50, F|100/100
|switch|p1b: Kingambit|Kingambit, L50, F|100/100
|switch|p2a: Garchomp|Garchomp, L50, M|100/100
|switch|p2b: Whimsicott|Whimsicott, L50, F|100/100
|turn|1
|inactive|TheRealCwiL has 30 seconds left.
|
|t:|1785430857
|switch|p1b: Charizard|Charizard, L50, M|100/100
|move|p1a: Whimsicott|Protect|p1a: Whimsicott
|-singleturn|p1a: Whimsicott|Protect
|move|p2b: Whimsicott|Protect|p2b: Whimsicott
|-singleturn|p2b: Whimsicott|Protect
|move|p2a: Garchomp|Earthquake|p1b: Charizard|[spread] 
|-activate|p2b: Whimsicott|move: Protect
|-activate|p1a: Whimsicott|move: Protect
|-immune|p1b: Charizard
|
|upkeep
|turn|2
|inactive|TheRealCwiL has 30 seconds left.
|
|t:|1785430883
|move|p1b: Charizard|Protect|p1b: Charizard
|-singleturn|p1b: Charizard|Protect
|move|p2b: Whimsicott|Encore|p1a: Whimsicott
|-start|p1a: Whimsicott|Encore
|move|p1a: Whimsicott|Protect||[still]
|-fail|p1a: Whimsicott
|move|p2a: Garchomp|Rock Slide|p1a: Whimsicott|[spread] 
|-activate|p1b: Charizard|move: Protect
|-miss|p2a: Garchomp|p1a: Whimsicott
|
|upkeep
|turn|3
|inactive|TheRealCwiL has 30 seconds left.
|
|t:|1785430912
|switch|p1a: Garchomp|Garchomp, L50, F|100/100
|switch|p1b: Kingambit|Kingambit, L50, F|100/100
|move|p2b: Whimsicott|Protect|p2b: Whimsicott
|-singleturn|p2b: Whimsicott|Protect
|move|p2a: Garchomp|Rock Slide|p1a: Garchomp|[spread] p1a,p1b
|-resisted|p1a: Garchomp|1
|-resisted|p1b: Kingambit|1
|-damage|p1a: Garchomp|90/100
|-damage|p1b: Kingambit|93/100
|
|upkeep
|turn|4
|inactive|TheRealCwiL has 30 seconds left.
|
|t:|1785430939
|switch|p2b: Chesnaught|Chesnaught, L50, M|100/100
|move|p1b: Kingambit|Protect|p1b: Kingambit
|-singleturn|p1b: Kingambit|Protect
|move|p1a: Garchomp|Dragon Claw|p2a: Garchomp
|-supereffective|p2a: Garchomp|1
|-damage|p2a: Garchomp|9/100
|-damage|p1a: Garchomp|78/100|[from] ability: Rough Skin|[of] p2a: Garchomp
|-damage|p1a: Garchomp|68/100|[from] item: Life Orb
|move|p2a: Garchomp|Earthquake|p1b: Kingambit|[spread] p2b,p1a
|-activate|p1b: Kingambit|move: Protect
|-resisted|p2b: Chesnaught|1
|-damage|p2b: Chesnaught|86/100
|-damage|p1a: Garchomp|26/100
|
|upkeep
|turn|5
|
|t:|1785430966
|switch|p1b: Charizard|Charizard, L50, M|100/100
|detailschange|p2b: Chesnaught|Chesnaught-Mega, L50, M
|-mega|p2b: Chesnaught|Chesnaught|Chesnaughtite
|move|p2a: Garchomp|Protect|p2a: Garchomp
|-singleturn|p2a: Garchomp|Protect
|move|p1a: Garchomp|Rock Slide|p2b: Chesnaught|[spread] p2b
|-activate|p2a: Garchomp|move: Protect
|-resisted|p2b: Chesnaught|1
|-damage|p2b: Chesnaught|80/100
|-damage|p1a: Garchomp|16/100|[from] item: Life Orb
|cant|p2b: Chesnaught|flinch
|
|upkeep
|turn|6
|inactive|TheRealCwiL has 30 seconds left.
|inactive|johnny102 has 30 seconds left.
|
|t:|1785430998
|move|p1b: Charizard|Protect|p1b: Charizard
|-singleturn|p1b: Charizard|Protect
|move|p2b: Chesnaught|Protect|p2b: Chesnaught
|-singleturn|p2b: Chesnaught|Protect
|move|p1a: Garchomp|Dragon Claw|p2a: Garchomp
|-supereffective|p2a: Garchomp|1
|-damage|p2a: Garchomp|0 fnt
|-damage|p1a: Garchomp|4/100|[from] ability: Rough Skin|[of] p2a: Garchomp
|faint|p2a: Garchomp
|-damage|p1a: Garchomp|0 fnt|[from] item: Life Orb
|faint|p1a: Garchomp
|
|upkeep
|
|t:|1785431018
|switch|p1a: Whimsicott|Whimsicott, L50, F|100/100
|switch|p2a: Whimsicott|Whimsicott, L50, F|100/100
|turn|7
|
|t:|1785431041
|switch|p1b: Kingambit|Kingambit, L50, F|93/100
|switch|p2b: Pelipper|Pelipper, L50, F|100/100
|-weather|RainDance|[from] ability: Drizzle|[of] p2b: Pelipper
|move|p2a: Whimsicott|Grassy Terrain|p2a: Whimsicott
|-fieldstart|move: Grassy Terrain
|move|p1a: Whimsicott|Moonblast|p2a: Whimsicott
|-damage|p2a: Whimsicott|56/100
|
|-weather|RainDance|[upkeep]
|-heal|p2a: Whimsicott|62/100|[from] Grassy Terrain
|-heal|p1b: Kingambit|99/100|[from] Grassy Terrain
|upkeep
|turn|8
|inactive|TheRealCwiL has 30 seconds left.
|
|t:|1785431073
|move|p2a: Whimsicott|Tailwind|p2a: Whimsicott
|-sidestart|p2: johnny102|move: Tailwind
|move|p1a: Whimsicott|Moonblast|p2b: Pelipper
|-crit|p2b: Pelipper
|-damage|p2b: Pelipper|26/100
|move|p2b: Pelipper|Surf|p1a: Whimsicott|[spread] p2a,p1a,p1b
|-resisted|p2a: Whimsicott|1
|-resisted|p1a: Whimsicott|1
|-damage|p2a: Whimsicott|44/100
|-damage|p1a: Whimsicott|71/100
|-damage|p1b: Kingambit|69/100
|move|p1b: Kingambit|Iron Head|p2a: Whimsicott
|-supereffective|p2a: Whimsicott|1
|-damage|p2a: Whimsicott|0 fnt
|faint|p2a: Whimsicott
|
|-weather|RainDance|[upkeep]
|-heal|p1a: Whimsicott|77/100|[from] Grassy Terrain
|-heal|p1b: Kingambit|75/100|[from] Grassy Terrain
|upkeep
|
|t:|1785431082
|switch|p2a: Chesnaught|Chesnaught-Mega, L50, M|80/100
|turn|9
|
|t:|1785431104
|move|p1a: Whimsicott|Protect|p1a: Whimsicott
|-singleturn|p1a: Whimsicott|Protect
|move|p2b: Pelipper|Protect|p2b: Pelipper
|-singleturn|p2b: Pelipper|Protect
|move|p1b: Kingambit|Sucker Punch||[still]
|-fail|p1b: Kingambit
|move|p2a: Chesnaught|Swords Dance|p2a: Chesnaught
|-boost|p2a: Chesnaught|atk|2
|
|-weather|RainDance|[upkeep]
|-heal|p1a: Whimsicott|82/100|[from] Grassy Terrain
|-heal|p2a: Chesnaught|86/100|[from] Grassy Terrain
|-heal|p1b: Kingambit|81/100|[from] Grassy Terrain
|upkeep
|turn|10
|
|t:|1785431126
|move|p1b: Kingambit|Protect|p1b: Kingambit
|-singleturn|p1b: Kingambit|Protect
|move|p1a: Whimsicott|Moonblast|p2a: Chesnaught
|-supereffective|p2a: Chesnaught|1
|-damage|p2a: Chesnaught|33/100
|move|p2b: Pelipper|Surf|p1b: Kingambit|[spread] p2a,p1a
|-activate|p1b: Kingambit|move: Protect
|-resisted|p2a: Chesnaught|1
|-resisted|p1a: Whimsicott|1
|-damage|p2a: Chesnaught|21/100
|-damage|p1a: Whimsicott|57/100
|move|p2a: Chesnaught|Drain Punch|p1b: Kingambit
|-activate|p1b: Kingambit|move: Protect
|
|-weather|RainDance|[upkeep]
|-heal|p1a: Whimsicott|63/100|[from] Grassy Terrain
|-heal|p2a: Chesnaught|27/100|[from] Grassy Terrain
|-heal|p1b: Kingambit|86/100|[from] Grassy Terrain
|upkeep
|turn|11
|
|t:|1785431150
|move|p2a: Chesnaught|Grassy Glide|p1a: Whimsicott
|-resisted|p1a: Whimsicott|1
|-damage|p1a: Whimsicott|7/100
|move|p1b: Kingambit|Sucker Punch||[still]
|-fail|p1b: Kingambit
|move|p1a: Whimsicott|Moonblast|p2a: Chesnaught
|-supereffective|p2a: Chesnaught|1
|-damage|p2a: Chesnaught|0 fnt
|faint|p2a: Chesnaught
|move|p2b: Pelipper|Soak|p1b: Kingambit
|-start|p1b: Kingambit|typechange|Water
|
|-weather|none
|-heal|p1a: Whimsicott|13/100|[from] Grassy Terrain
|-heal|p1b: Kingambit|92/100|[from] Grassy Terrain
|-sideend|p2: johnny102|move: Tailwind
|-fieldend|move: Grassy Terrain
|upkeep
|turn|12
|
|t:|1785431171
|move|p1a: Whimsicott|Tailwind|p1a: Whimsicott
|-sidestart|p1: TheRealCwiL|move: Tailwind
|move|p1b: Kingambit|Kowtow Cleave|p2b: Pelipper
|-damage|p2b: Pelipper|0 fnt
|faint|p2b: Pelipper
|
|win|TheRealCwiL
|l|☆johnny102
|player|p2|
|inactive|TheRealCwiL has 30 seconds to confirm battle start!
|inactive|johnny102 has 30 seconds to confirm battle start!
|raw|TheRealCwiL's rating: 1050 → 1078(+28 for winning)
|raw|johnny102's rating: 1000 → 1000(+0 for losing)
