|j|☆Isolde14
|j|☆SCOPPER GYABAN
|html|Isolde14SCOPPER GYABAN    
|uhtml|bestof|Game 3 of a best-of-3
|t:|1755057063
|gametype|doubles
|player|p1|Isolde14|aromalady|1250
|player|p2|SCOPPER GYABAN|gentleman|1336
|gen|9
|tier|[Gen 9] VGC 2025 Reg H (Bo3)
|rated|
|rule|Species Clause: Limit one of each Pokémon
|rule|Item Clause: Limit 1 of each item
|clearpoke
|poke|p1|Porygon2, L50|
|poke|p1|Rillaboom, L50, M|
|poke|p1|Dragapult, L50, F|
|poke|p1|Primarina, L50, M|
|poke|p1|Volcarona, L50, M|
|poke|p1|Ursaluna-Bloodmoon, L50, M|
|poke|p2|Archaludon, L50, M|
|poke|p2|Mimikyu, L50, F|
|poke|p2|Pelipper, L50, M|
|poke|p2|Incineroar, L50, M|
|poke|p2|Ursaluna, L50, F|
|poke|p2|Amoonguss, L50, F|
|teampreview|4
|showteam|p1|Porygon2||Eviolite|Download|TrickRoom,IceBeam,Thunderbolt,Recover||||||50|,,,,,Ghost]Rillaboom||AssaultVest|GrassySurge|FakeOut,GrassyGlide,WoodHammer,HighHorsepower|||M|||50|,,,,,Fire]Dragapult||ChoiceBand|ClearBody|TeraBlast,PhantomForce,DragonDarts,Uturn|||F|||50|,,,,,Dragon]Primarina||ThroatSpray|LiquidVoice|HyperVoice,DazzlingGleam,Moonblast,Protect|||M|||50|,,,,,Fire]Volcarona||SitrusBerry|FlameBody|RagePowder,FieryDance,StruggleBug,Protect|||M|||50|,,,,,Grass]Ursaluna-Bloodmoon||LifeOrb|MindsEye|HyperVoice,BloodMoon,EarthPower,Protect|||M|||50|,,,,,Normal
|showteam|p2|Archaludon||AssaultVest|Stamina|ElectroShot,FlashCannon,Snarl,DragonPulse|||M|||50|,,,,,Electric]Mimikyu||LifeOrb|Disguise|PlayRough,TrickRoom,ShadowSneak,Curse|||F|||50|,,,,,Steel]Pelipper||FocusSash|Drizzle|Hurricane,WeatherBall,Tailwind,Protect|||M|||50|,,,,,Stellar]Incineroar||SafetyGoggles|Intimidate|FakeOut,PartingShot,KnockOff,FlareBlitz|||M|||50|,,,,,Ghost]Ursaluna||FlameOrb|Guts|Facade,HeadlongRush,Earthquake,Protect|||F|||50|,,,,,Ghost]Amoonguss||RockyHelmet|Regenerator|Spore,RagePowder,PollenPuff,SludgeBomb|||F|||50|,,,,,Water
|inactive|Battle timer is ON: inactive players will automatically lose when time's up. (requested by Isolde14)
|
|t:|1755057093
|teamsize|p1|4
|teamsize|p2|4
|start
|switch|p1a: Rillaboom|Rillaboom, L50, M|100/100
|switch|p1b: Ursaluna|Ursaluna-Bloodmoon, L50, M|100/100
|switch|p2a: SHAMBLES|Mimikyu, L50, F, shiny|100/100
|switch|p2b: PUNKROTTEN|Incineroar, L50, M|100/100
|-fieldstart|move: Grassy Terrain|[from] ability: Grassy Surge|[of] p1a: Rillaboom
|-ability|p2b: PUNKROTTEN|Intimidate|boost
|-unboost|p1a: Rillaboom|atk|1
|-unboost|p1b: Ursaluna|atk|1
|turn|1
|inactive|Isolde14 has 30 seconds left.
|
|t:|1755057124
|-terastallize|p2b: PUNKROTTEN|Ghost
|move|p1a: Rillaboom|Fake Out|p2b: PUNKROTTEN
|-immune|p2b: PUNKROTTEN
|move|p2b: PUNKROTTEN|Parting Shot|p1b: Ursaluna
|-unboost|p1b: Ursaluna|atk|1
|-unboost|p1b: Ursaluna|spa|1
|
|t:|1755057133
|switch|p2b: GIGANT|Ursaluna, L50, F, shiny|100/100|[from] Parting Shot
|move|p1b: Ursaluna|Hyper Voice|p2b: GIGANT|[spread] p2a,p2b
|-activate|p2a: SHAMBLES|ability: Disguise
|-damage|p2a: SHAMBLES|100/100
|-damage|p2b: GIGANT|68/100
|detailschange|p2a: SHAMBLES|Mimikyu-Busted, L50, F, shiny
|-damage|p2a: SHAMBLES|88/100|[from] pokemon: Mimikyu-Busted
|-damage|p1b: Ursaluna|91/100|[from] item: Life Orb
|move|p2a: SHAMBLES|Trick Room|p2a: SHAMBLES
|-fieldstart|move: Trick Room|[of] p2a: SHAMBLES
|
|-heal|p2b: GIGANT|73/100|[from] Grassy Terrain
|-heal|p1b: Ursaluna|97/100|[from] Grassy Terrain
|-heal|p2a: SHAMBLES|94/100|[from] Grassy Terrain
|-status|p2b: GIGANT|brn|[from] item: Flame Orb
|upkeep
|turn|2
|
|t:|1755057157
|switch|p1b: Primarina|Primarina, L50, M|100/100
|switch|p2a: BLACKHOLE|Amoonguss, L50, F|100/100
|move|p2b: GIGANT|Protect|p2b: GIGANT
|-singleturn|p2b: GIGANT|Protect
|move|p1a: Rillaboom|Grassy Glide|p2b: GIGANT
|-activate|p2b: GIGANT|move: Protect
|
|-heal|p2b: GIGANT|79/100 brn|[from] Grassy Terrain
|-damage|p2b: GIGANT|73/100 brn|[from] brn
|upkeep
|turn|3
|
|t:|1755057180
|move|p1b: Primarina|Protect|p1b: Primarina
|-singleturn|p1b: Primarina|Protect
|move|p2a: BLACKHOLE|Spore|p1b: Primarina
|-activate|p1b: Primarina|move: Protect
|move|p2b: GIGANT|Facade|p1a: Rillaboom
|-damage|p1a: Rillaboom|0 fnt
|faint|p1a: Rillaboom
|
|-heal|p2b: GIGANT|79/100 brn|[from] Grassy Terrain
|-damage|p2b: GIGANT|73/100 brn|[from] brn
|upkeep
|
|t:|1755057190
|switch|p1a: Ursaluna|Ursaluna-Bloodmoon, L50, M|97/100
|turn|4
|
|t:|1755057204
|-terastallize|p1a: Ursaluna|Normal
|move|p2a: BLACKHOLE|Spore|p1a: Ursaluna
|-status|p1a: Ursaluna|slp|[from] move: Spore
|move|p2b: GIGANT|Headlong Rush|p1b: Primarina
|-damage|p1b: Primarina|0 fnt
|-unboost|p2b: GIGANT|def|1
|-unboost|p2b: GIGANT|spd|1
|faint|p1b: Primarina
|cant|p1a: Ursaluna|slp
|
|-heal|p2b: GIGANT|79/100 brn|[from] Grassy Terrain
|-heal|p1a: Ursaluna|100/100 slp|[from] Grassy Terrain
|-damage|p2b: GIGANT|73/100 brn|[from] brn
|upkeep
|
|t:|1755057211
|switch|p1b: Dragapult|Dragapult, L50, F|100/100
|turn|5
|
|t:|1755057219
|move|p2a: BLACKHOLE|Sludge Bomb|p1a: Ursaluna
|-damage|p1a: Ursaluna|68/100 slp
|move|p2b: GIGANT|Headlong Rush|p1b: Dragapult
|-damage|p1b: Dragapult|0 fnt
|-unboost|p2b: GIGANT|def|1
|-unboost|p2b: GIGANT|spd|1
|faint|p1b: Dragapult
|-curestatus|p1a: Ursaluna|slp|[msg]
|move|p1a: Ursaluna|Hyper Voice|p2b: GIGANT|[spread] p2a,p2b
|-damage|p2a: BLACKHOLE|37/100
|-damage|p2b: GIGANT|0 fnt
|faint|p2b: GIGANT
|-damage|p1a: Ursaluna|58/100|[from] item: Life Orb
|
|-heal|p2a: BLACKHOLE|43/100|[from] Grassy Terrain
|-heal|p1a: Ursaluna|64/100|[from] Grassy Terrain
|-fieldend|move: Trick Room
|-fieldend|move: Grassy Terrain
|upkeep
|
|t:|1755057233
|switch|p2b: PUNKROTTEN|Incineroar, L50, M, tera:Ghost|100/100
|-ability|p2b: PUNKROTTEN|Intimidate|boost
|-unboost|p1a: Ursaluna|atk|1
|turn|6
|
|t:|1755057244
|move|p1a: Ursaluna|Protect|p1a: Ursaluna
|-singleturn|p1a: Ursaluna|Protect
|move|p2b: PUNKROTTEN|Parting Shot|p1a: Ursaluna
|-activate|p1a: Ursaluna|move: Protect
|move|p2a: BLACKHOLE|Sludge Bomb|p1a: Ursaluna
|-activate|p1a: Ursaluna|move: Protect
|
|upkeep
|turn|7
|
|t:|1755057256
|move|p2b: PUNKROTTEN|Parting Shot|p1a: Ursaluna
|-unboost|p1a: Ursaluna|atk|1
|-unboost|p1a: Ursaluna|spa|1
|
|t:|1755057258
|switch|p2b: SHAMBLES|Mimikyu-Busted, L50, F, shiny|94/100|[from] Parting Shot
|move|p1a: Ursaluna|Hyper Voice|p2b: SHAMBLES|[spread] p2a,p2b
|-damage|p2a: BLACKHOLE|0 fnt
|-damage|p2b: SHAMBLES|43/100
|faint|p2a: BLACKHOLE
|-damage|p1a: Ursaluna|54/100|[from] item: Life Orb
|
|upkeep
|
|t:|1755057259
|switch|p2a: PUNKROTTEN|Incineroar, L50, M, tera:Ghost|100/100
|-ability|p2a: PUNKROTTEN|Intimidate|boost
|-unboost|p1a: Ursaluna|atk|1
|turn|8
|
|t:|1755057266
|move|p1a: Ursaluna|Protect|p1a: Ursaluna
|-singleturn|p1a: Ursaluna|Protect
|move|p2a: PUNKROTTEN|Fake Out|p1a: Ursaluna
|-activate|p1a: Ursaluna|move: Protect
|move|p2b: SHAMBLES|Curse|p1a: Ursaluna
|-start|p1a: Ursaluna|Curse|[of] p2b: SHAMBLES
|-damage|p2b: SHAMBLES|0 fnt
|faint|p2b: SHAMBLES
|
|-damage|p1a: Ursaluna|30/100|[from] Curse
|upkeep
|turn|9
|
|t:|1755057275
|move|p2a: PUNKROTTEN|Flare Blitz|p1a: Ursaluna
|-damage|p1a: Ursaluna|0 fnt
|faint|p1a: Ursaluna
|-damage|p2a: PUNKROTTEN|90/100|[from] Recoil
|
|win|SCOPPER GYABAN
|raw|Isolde14's rating: 1250 → 1231(-19 for losing)
|raw|SCOPPER GYABAN's rating: 1336 → 1351(+15 for winning)
|c|☆SCOPPER GYABAN|ggs
|c|☆Isolde14|Gg
