|j|☆Mr.CooperCR
|j|☆andiom123
|html|Mr.CooperCRandiom123    
|uhtml|bestof|Game 3 of a best-of-3
|t:|1785301244
|gametype|doubles
|player|p1|Mr.CooperCR|misty|1128
|player|p2|andiom123|red|1210
|gen|9
|tier|[Gen 9 Champions] VGC 2026 Reg M-B (Bo3)
|rated|
|rule|Species Clause: Limit one of each Pokémon
|rule|Item Clause: Limit 1 of each item
|clearpoke
|poke|p1|Floette-Eternal, L50, F|
|poke|p1|Gholdengo, L50|
|poke|p1|Hydreigon, L50, M|
|poke|p1|Whimsicott, L50, M|
|poke|p1|Staraptor, L50, F|
|poke|p1|Politoed, L50, F|
|poke|p2|Incineroar, L50, F|
|poke|p2|Farigiraf, L50, M|
|poke|p2|Sylveon, L50, F|
|poke|p2|Torkoal, L50, F|
|poke|p2|Kangaskhan, L50, F|
|poke|p2|Mudsdale, L50, F|
|teampreview|4
|showteam|p1|Floette-Eternal||Floettite|FlowerVeil|Moonblast,DazzlingGleam,LightofRuin,Protect|Timid||F|||50|]Gholdengo||LifeOrb|GoodasGold|ShadowBall,MakeItRain,PowerGem,Protect|Timid|||||50|]Hydreigon||ChoiceScarf|Levitate|DracoMeteor,DarkPulse,EarthPower,Snarl|Timid||M|||50|]Whimsicott||FocusSash|Prankster|Moonblast,Tailwind,Charm,Protect|Timid||M|||50|]Staraptor||Staraptite|Intimidate|BraveBird,CloseCombat,Roost,Protect|Jolly||F|||50|]Politoed||SitrusBerry|Drizzle|MuddyWater,IceBeam,PerishSong,Protect|Calm||F|||50|
|showteam|p2|Incineroar||MuscleBand|Intimidate|ThroatChop,FlareBlitz,FakeOut,PartingShot|Brave||F|||50|]Farigiraf||SitrusBerry|ArmorTail|FoulPlay,PsychicNoise,TrickRoom,HelpingHand|Relaxed||M|||50|]Sylveon||FairyFeather|Pixilate|HyperVoice,HyperBeam,Yawn,Detect|Modest||F|||50|]Torkoal||Charcoal|Drought|Eruption,EarthPower,Flamethrower,Protect|Quiet||F|||50|]Kangaskhan||Kangaskhanite|Scrappy|DoubleEdge,FakeOut,IcePunch,HammerArm|Brave||F|||50|]Mudsdale||LifeOrb|InnerFocus|HighHorsepower,Earthquake,RockSlide,HeavySlam|Brave||F|||50|
|inactive|Battle timer is ON: inactive players will automatically lose when time's up. (requested by Mr.CooperCR)
|inactive|Mr.CooperCR has 60 seconds left.
|
|t:|1785301289
|teamsize|p1|4
|teamsize|p2|4
|start
|switch|p1a: Hydreigon|Hydreigon, L50, M|100/100
|switch|p1b: Floette|Floette-Eternal, L50, F|100/100
|switch|p2a: Farigiraf|Farigiraf, L50, M|100/100
|switch|p2b: Kangaskhan|Kangaskhan, L50, F|100/100
|turn|1
|inactive|andiom123 has 30 seconds left.
|
|t:|1785301318
|detailschange|p1b: Floette|Floette-Mega, L50, F
|-mega|p1b: Floette|Floette|Floettite
|-ability|p1b: Floette|Fairy Aura
|move|p2b: Kangaskhan|Fake Out|p1b: Floette
|-damage|p1b: Floette|76/100
|move|p1a: Hydreigon|Dark Pulse|p2a: Farigiraf
|-supereffective|p2a: Farigiraf|1
|-damage|p2a: Farigiraf|26/100
|-enditem|p2a: Farigiraf|Sitrus Berry|[eat]
|-heal|p2a: Farigiraf|51/100|[from] item: Sitrus Berry
|cant|p1b: Floette|flinch
|move|p2a: Farigiraf|Trick Room|p2a: Farigiraf
|-fieldstart|move: Trick Room|[of] p2a: Farigiraf
|
|upkeep
|turn|2
|inactive|Mr.CooperCR has 30 seconds left.
|inactive|andiom123 has 30 seconds left.
|
|t:|1785301357
|switch|p2a: Sylveon|Sylveon, L50, F|100/100
|switch|p1a: Politoed|Politoed, L50, F|100/100
|-weather|RainDance|[from] ability: Drizzle|[of] p1a: Politoed
|move|p2b: Kangaskhan|Double-Edge|p1b: Floette
|-damage|p1b: Floette|9/100
|-damage|p2b: Kangaskhan|83/100|[from] Recoil
|move|p1b: Floette|Dazzling Gleam|p2b: Kangaskhan|[spread] p2a,p2b
|-crit|p2b: Kangaskhan
|-damage|p2a: Sylveon|68/100
|-damage|p2b: Kangaskhan|20/100y
|
|-weather|RainDance|[upkeep]
|upkeep
|turn|3
|
|t:|1785301385
|switch|p1b: Gholdengo|Gholdengo, L50|100/100
|move|p2a: Sylveon|Hyper Voice|p1b: Gholdengo|[spread] p1a,p1b
|-resisted|p1b: Gholdengo|1
|-damage|p1a: Politoed|61/100
|-damage|p1b: Gholdengo|73/100
|move|p1a: Politoed|Muddy Water|p2a: Sylveon|[spread] p2b
|-miss|p1a: Politoed|p2a: Sylveon
|-damage|p2b: Kangaskhan|0 fnt
|faint|p2b: Kangaskhan
|
|-weather|RainDance|[upkeep]
|upkeep
|
|t:|1785301395
|switch|p2b: Torkoal|Torkoal, L50, F|100/100
|-weather|SunnyDay|[from] ability: Drought|[of] p2b: Torkoal
|turn|4
|
|t:|1785301407
|switch|p1a: Hydreigon|Hydreigon, L50, M|100/100
|move|p1b: Gholdengo|Protect|p1b: Gholdengo
|-singleturn|p1b: Gholdengo|Protect
|move|p2b: Torkoal|Eruption|p1a: Hydreigon|[spread] p1a
|-activate|p1b: Gholdengo|move: Protect
|-resisted|p1a: Hydreigon|1
|-damage|p1a: Hydreigon|49/100
|move|p2a: Sylveon|Hyper Voice|p1b: Gholdengo|[spread] p1a
|-activate|p1b: Gholdengo|move: Protect
|-supereffective|p1a: Hydreigon|2
|-damage|p1a: Hydreigon|0 fnt
|faint|p1a: Hydreigon
|
|-weather|SunnyDay|[upkeep]
|upkeep
|
|t:|1785301409
|switch|p1a: Politoed|Politoed, L50, F|61/100
|-weather|RainDance|[from] ability: Drizzle|[of] p1a: Politoed
|turn|5
|inactive|Mr.CooperCR has 30 seconds left.
|inactive|Mr.CooperCR has 20 seconds left.
|
|t:|1785301445
|move|p1b: Gholdengo|Protect||[still]
|-fail|p1b: Gholdengo
|move|p2b: Torkoal|Eruption|p1b: Gholdengo|[spread] p1a,p1b
|-resisted|p1a: Politoed|1
|-supereffective|p1b: Gholdengo|1
|-damage|p1a: Politoed|50/100g
|-damage|p1b: Gholdengo|11/100
|move|p2a: Sylveon|Hyper Beam|p1a: Politoed
|-damage|p1a: Politoed|0 fnt
|-mustrecharge|p2a: Sylveon
|faint|p1a: Politoed
|
|-weather|RainDance|[upkeep]
|-fieldend|move: Trick Room
|upkeep
|
|t:|1785301457
|switch|p1a: Floette|Floette-Mega, L50, F|9/100
|-ability|p1a: Floette|Fairy Aura
|turn|6
|inactive|Mr.CooperCR has 30 seconds left.
|
|t:|1785301490
|switch|p2b: Farigiraf|Farigiraf, L50, M|51/100
|move|p1a: Floette|Moonblast|p2b: Farigiraf
|-damage|p2b: Farigiraf|0 fnt
|faint|p2b: Farigiraf
|move|p1b: Gholdengo|Shadow Ball|p2a: Sylveon
|-damage|p2a: Sylveon|32/100
|-damage|p1b: Gholdengo|2/100|[from] item: Life Orb
|cant|p2a: Sylveon|recharge
|
|-weather|RainDance|[upkeep]
|upkeep
|
|t:|1785301501
|switch|p2b: Torkoal|Torkoal, L50, F|100/100
|-weather|SunnyDay|[from] ability: Drought|[of] p2b: Torkoal
|turn|7
|
|t:|1785301522
|move|p1a: Floette|Protect|p1a: Floette
|-singleturn|p1a: Floette|Protect
|move|p1b: Gholdengo|Protect|p1b: Gholdengo
|-singleturn|p1b: Gholdengo|Protect
|move|p2a: Sylveon|Detect|p2a: Sylveon
|-singleturn|p2a: Sylveon|Protect
|move|p2b: Torkoal|Flamethrower|p1a: Floette
|-activate|p1a: Floette|move: Protect
|
|-weather|SunnyDay|[upkeep]
|upkeep
|turn|8
|inactive|Mr.CooperCR has 30 seconds left.
|
|t:|1785301549
|move|p1a: Floette|Light of Ruin|p2b: Torkoal|[miss]
|-miss|p1a: Floette|p2b: Torkoal
|move|p1b: Gholdengo|Make It Rain|p2b: Torkoal|[spread] p2a,p2b
|-supereffective|p2a: Sylveon|1
|-resisted|p2b: Torkoal|1
|-damage|p2a: Sylveon|0 fnt
|-damage|p2b: Torkoal|62/100
|-unboost|p1b: Gholdengo|spa|2
|faint|p2a: Sylveon
|-damage|p1b: Gholdengo|0 fnt|[from] item: Life Orb
|faint|p1b: Gholdengo
|move|p2b: Torkoal|Flamethrower|p1a: Floette
|-damage|p1a: Floette|0 fnt
|faint|p1a: Floette
|
|win|andiom123
|raw|Mr.CooperCR's rating: 1128 → 1109(-19 for losing)
|raw|andiom123's rating: 1210 → 1229(+19 for winning)
|l|☆Mr.CooperCR
|player|p1|
