|j|☆dollartreehero
|j|☆boooobthebuilder
|html|dollartreeheroboooobthebuilder    
|uhtml|bestof|Game 3 of a best-of-3
|t:|1757777625
|gametype|doubles
|player|p1|dollartreehero|bugcatcher-gen4dp|1135
|player|p2|boooobthebuilder|101|1046
|gen|9
|tier|[Gen 9] VGC 2025 Reg H (Bo3)
|rated|
|rule|Species Clause: Limit one of each Pokémon
|rule|Item Clause: Limit 1 of each item
|clearpoke
|poke|p1|Talonflame, L50, F|
|poke|p1|Garchomp, L50, M|
|poke|p1|Tyranitar, L50, F|
|poke|p1|Milotic, L50, F|
|poke|p1|Sinistcha, L50|
|poke|p1|Gholdengo, L50|
|poke|p2|Rillaboom, L50, F|
|poke|p2|Magnezone, L50|
|poke|p2|Ninetales-Alola, L50, F|
|poke|p2|Volcarona, L50, F|
|poke|p2|Salamence, L50, M|
|poke|p2|Baxcalibur, L50, M|
|teampreview|4
|showteam|p1|Talonflame||CovertCloak|GaleWings|DualWingbeat,Tailwind,WillOWisp,Taunt|||F|||50|,,,,,Flying]Garchomp||LifeOrb|RoughSkin|Protect,StompingTantrum,Earthquake,DragonClaw|||M|||50|,,,,,Ground]Tyranitar||AssaultVest|SandStream|RockSlide,KnockOff,LowKick,TeraBlast|||F|||50|,,,,,Flying]Milotic||SafetyGoggles|Competitive|Scald,IcyWind,Haze,Protect|||F|||50|,,,,,Poison]Sinistcha||SitrusBerry|Hospitality|MatchaGotcha,TrickRoom,RagePowder,Imprison||||||50|,,,,,Water]Gholdengo||MetalCoat|GoodasGold|MakeItRain,ShadowBall,NastyPlot,Protect||||||50|,,,,,Flying
|showteam|p2|Rillaboom||AssaultVest|GrassySurge|FakeOut,GrassyGlide,WoodHammer,Uturn|||F|||50|,,,,,Fire]Magnezone||ChoiceSpecs|Analytic|Discharge,FlashCannon,TeraBlast,VoltSwitch||||||50|,,,,,Flying]Ninetales-Alola||FocusSash|SnowWarning|Protect,Blizzard,Moonblast,AuroraVeil|||F|||50|,,,,,Water]Volcarona||Leftovers|FlameBody|Protect,FieryDance,GigaDrain,QuiverDance|||F|||50|,,,,,Grass]Salamence||LifeOrb|Intimidate|Protect,AirSlash,DracoMeteor,Tailwind|||M|||50|,,,,,Flying]Baxcalibur||LoadedDice|ThermalExchange|Protect,IcicleSpear,GlaiveRush,IceShard|||M|||50|,,,,,Ghost
|inactive|Battle timer is ON: inactive players will automatically lose when time's up. (requested by dollartreehero)
|inactive|boooobthebuilder also wants the timer to be on.
|inactive|dollartreehero has 60 seconds left.
|inactive|dollartreehero has 30 seconds left.
|
|t:|1757777685
|teamsize|p1|4
|teamsize|p2|4
|start
|switch|p1a: Gholdengo|Gholdengo, L50|100/100
|switch|p1b: Garchomp|Garchomp, L50, M|100/100
|switch|p2a: Volcarona|Volcarona, L50, F|100/100
|switch|p2b: Salamence|Salamence, L50, M|100/100
|-ability|p2b: Salamence|Intimidate|boost
|-unboost|p1a: Gholdengo|atk|1
|-unboost|p1b: Garchomp|atk|1
|turn|1
|inactive|dollartreehero has 30 seconds left.
|inactive|dollartreehero has 20 seconds left.
|inactive|dollartreehero has 15 seconds left.
|
|t:|1757777726
|switch|p1b: Tyranitar|Tyranitar, L50, F, shiny|100/100
|-weather|Sandstorm|[from] ability: Sand Stream|[of] p1b: Tyranitar
|-terastallize|p2a: Volcarona|Grass
|move|p1a: Gholdengo|Protect|p1a: Gholdengo
|-singleturn|p1a: Gholdengo|Protect
|move|p2b: Salamence|Draco Meteor|p1b: Tyranitar
|-damage|p1b: Tyranitar|71/100
|-unboost|p2b: Salamence|spa|2
|-damage|p2b: Salamence|91/100|[from] item: Life Orb
|move|p2a: Volcarona|Fiery Dance|p1a: Gholdengo
|-activate|p1a: Gholdengo|move: Protect
|
|-weather|Sandstorm|[upkeep]
|-damage|p2b: Salamence|85/100|[from] Sandstorm
|-damage|p2a: Volcarona|94/100|[from] Sandstorm
|-heal|p2a: Volcarona|100/100|[from] item: Leftovers
|upkeep
|turn|2
|inactive|boooobthebuilder has 30 seconds left.
|
|t:|1757777755
|switch|p1a: Sinistcha|Sinistcha, L50|100/100
|-heal|p1b: Tyranitar|95/100|[from] ability: Hospitality|[of] p1a: Sinistcha
|-terastallize|p1b: Tyranitar|Flying
|move|p2b: Salamence|Tailwind|p2b: Salamence
|-sidestart|p2: boooobthebuilder|move: Tailwind
|move|p2a: Volcarona|Giga Drain|p1b: Tyranitar
|-resisted|p1b: Tyranitar
|-damage|p1b: Tyranitar|84/100
|move|p1b: Tyranitar|Tera Blast|p2a: Volcarona|[anim] Tera Blast Flying
|-supereffective|p2a: Volcarona
|-damage|p2a: Volcarona|2/100
|
|-weather|Sandstorm|[upkeep]
|-damage|p2b: Salamence|79/100|[from] Sandstorm
|-damage|p2a: Volcarona|0 fnt|[from] Sandstorm
|-damage|p1b: Tyranitar|78/100|[from] Sandstorm
|-damage|p1a: Sinistcha|94/100|[from] Sandstorm
|faint|p2a: Volcarona
|upkeep
|
|t:|1757777764
|switch|p2a: Rillaboom|Rillaboom, L50, F|100/100
|-fieldstart|move: Grassy Terrain|[from] ability: Grassy Surge|[of] p2a: Rillaboom
|turn|3
|inactive|dollartreehero has 30 seconds left.
|
|t:|1757777792
|move|p2a: Rillaboom|Fake Out|p1b: Tyranitar
|-damage|p1b: Tyranitar|68/100
|move|p2b: Salamence|Air Slash|p1a: Sinistcha
|-supereffective|p1a: Sinistcha
|-damage|p1a: Sinistcha|49/100
|-enditem|p1a: Sinistcha|Sitrus Berry|[eat]
|-heal|p1a: Sinistcha|74/100|[from] item: Sitrus Berry
|-damage|p2b: Salamence|69/100|[from] item: Life Orb
|cant|p1b: Tyranitar|flinch
|cant|p1a: Sinistcha|flinch
|
|-weather|Sandstorm|[upkeep]
|-damage|p2b: Salamence|63/100|[from] Sandstorm
|-damage|p2a: Rillaboom|94/100|[from] Sandstorm
|-damage|p1b: Tyranitar|62/100|[from] Sandstorm
|-damage|p1a: Sinistcha|67/100|[from] Sandstorm
|-heal|p2a: Rillaboom|100/100|[from] Grassy Terrain
|-heal|p1a: Sinistcha|74/100|[from] Grassy Terrain
|upkeep
|turn|4
|
|t:|1757777808
|move|p2b: Salamence|Air Slash|p1a: Sinistcha|[miss]
|-miss|p2b: Salamence|p1a: Sinistcha
|move|p2a: Rillaboom|U-turn|p1a: Sinistcha
|-damage|p1a: Sinistcha|55/100
|
|t:|1757777811
|switch|p2a: Magnezone|Magnezone, L50|100/100|[from] U-turn
|move|p1b: Tyranitar|Tera Blast|p2a: Magnezone|[anim] Tera Blast Flying
|-resisted|p2a: Magnezone
|-damage|p2a: Magnezone|91/100
|move|p1a: Sinistcha|Trick Room|p1a: Sinistcha
|-fieldstart|move: Trick Room|[of] p1a: Sinistcha
|
|-weather|Sandstorm|[upkeep]
|-damage|p1a: Sinistcha|49/100|[from] Sandstorm
|-damage|p1b: Tyranitar|56/100|[from] Sandstorm
|-damage|p2b: Salamence|57/100|[from] Sandstorm
|-heal|p1a: Sinistcha|55/100|[from] Grassy Terrain
|-heal|p2a: Magnezone|97/100|[from] Grassy Terrain
|upkeep
|turn|5
|inactive|dollartreehero has 30 seconds left.
|
|t:|1757777840
|switch|p1a: Garchomp|Garchomp, L50, M|100/100
|switch|p2b: Rillaboom|Rillaboom, L50, F|100/100
|move|p1b: Tyranitar|Knock Off|p2a: Magnezone
|-damage|p2a: Magnezone|49/100
|-enditem|p2a: Magnezone|Choice Specs|[from] move: Knock Off|[of] p1b: Tyranitar
|move|p2a: Magnezone|Flash Cannon|p1b: Tyranitar
|-damage|p1b: Tyranitar|27/100
|
|-weather|none
|-heal|p2a: Magnezone|55/100|[from] Grassy Terrain
|-sideend|p2: boooobthebuilder|move: Tailwind
|upkeep
|turn|6
|inactive|dollartreehero has 30 seconds left.
|inactive|dollartreehero has 20 seconds left.
|
|t:|1757777876
|switch|p1b: Gholdengo|Gholdengo, L50|100/100
|move|p1a: Garchomp|Protect|p1a: Garchomp
|-singleturn|p1a: Garchomp|Protect
|move|p2b: Rillaboom|Fake Out|p1a: Garchomp
|-activate|p1a: Garchomp|move: Protect
|move|p2a: Magnezone|Volt Switch|p1b: Gholdengo
|-damage|p1b: Gholdengo|47/100
|
|t:|1757777881
|switch|p2a: Salamence|Salamence, L50, M|57/100|[from] Volt Switch
|-ability|p2a: Salamence|Intimidate|boost
|-unboost|p1a: Garchomp|atk|1
|-unboost|p1b: Gholdengo|atk|1
|
|-heal|p1b: Gholdengo|52/100|[from] Grassy Terrain
|upkeep
|turn|7
|inactive|dollartreehero has 30 seconds left.
|inactive|dollartreehero has 20 seconds left.
|inactive|dollartreehero has 15 seconds left.
|inactive|dollartreehero has 10 seconds left.
|inactive|dollartreehero has 5 seconds left.
|
|t:|1757777931
|switch|p1a: Sinistcha|Sinistcha, L50|55/100
|-heal|p1b: Gholdengo|77/100|[from] ability: Hospitality|[of] p1a: Sinistcha
|move|p1b: Gholdengo|Protect|p1b: Gholdengo
|-singleturn|p1b: Gholdengo|Protect
|move|p2a: Salamence|Protect|p2a: Salamence
|-singleturn|p2a: Salamence|Protect
|move|p2b: Rillaboom|Wood Hammer|p1a: Sinistcha
|-resisted|p1a: Sinistcha
|-damage|p1a: Sinistcha|23/100
|-damage|p2b: Rillaboom|91/100|[from] Recoil
|
|-heal|p1a: Sinistcha|29/100|[from] Grassy Terrain
|-heal|p2b: Rillaboom|97/100|[from] Grassy Terrain
|-heal|p1b: Gholdengo|83/100|[from] Grassy Terrain
|-fieldend|move: Grassy Terrain
|upkeep
|turn|8
|inactive|dollartreehero has 30 seconds left.
|inactive|boooobthebuilder has 30 seconds left.
|
|t:|1757777960
|move|p1a: Sinistcha|Matcha Gotcha|p2a: Salamence|[spread] p2a,p2b
|-resisted|p2a: Salamence
|-resisted|p2b: Rillaboom
|-damage|p2a: Salamence|51/100
|-heal|p1a: Sinistcha|33/100|[from] drain|[of] p2a: Salamence
|-damage|p2b: Rillaboom|88/100
|-heal|p1a: Sinistcha|38/100|[from] drain|[of] p2b: Rillaboom
|-status|p2a: Salamence|brn
|-status|p2b: Rillaboom|brn
|move|p2b: Rillaboom|Grassy Glide|p1b: Gholdengo
|-resisted|p1b: Gholdengo
|-damage|p1b: Gholdengo|75/100
|move|p1b: Gholdengo|Make It Rain|p2b: Rillaboom|[spread] p2a,p2b
|-damage|p2a: Salamence|0 fnt
|-damage|p2b: Rillaboom|42/100 brn
|-unboost|p1b: Gholdengo|spa|1
|faint|p2a: Salamence
|
|-damage|p2b: Rillaboom|36/100 brn|[from] brn
|-fieldend|move: Trick Room
|upkeep
|
|t:|1757777973
|switch|p2a: Magnezone|Magnezone, L50|55/100
|turn|9
|
|t:|1757777990
|move|p1a: Sinistcha|Rage Powder|p1a: Sinistcha
|-singleturn|p1a: Sinistcha|move: Rage Powder
|move|p1b: Gholdengo|Nasty Plot|p1b: Gholdengo
|-boost|p1b: Gholdengo|spa|2
|move|p2b: Rillaboom|U-turn|p1a: Sinistcha
|-damage|p1a: Sinistcha|27/100
|move|p2a: Magnezone|Discharge|p1a: Sinistcha|[spread] p2b,p1a,p1b
|-resisted|p2b: Rillaboom
|-resisted|p1a: Sinistcha
|-crit|p1b: Gholdengo
|-damage|p2b: Rillaboom|21/100 brn
|-damage|p1a: Sinistcha|7/100
|-damage|p1b: Gholdengo|12/100
|
|-damage|p2b: Rillaboom|15/100 brn|[from] brn
|upkeep
|turn|10
|
|t:|1757778012
|move|p1a: Sinistcha|Rage Powder|p1a: Sinistcha
|-singleturn|p1a: Sinistcha|move: Rage Powder
|move|p1b: Gholdengo|Make It Rain|p2b: Rillaboom|[spread] p2a,p2b
|-resisted|p2a: Magnezone
|-damage|p2a: Magnezone|35/100
|-damage|p2b: Rillaboom|0 fnt
|-unboost|p1b: Gholdengo|spa|1
|faint|p2b: Rillaboom
|move|p2a: Magnezone|Discharge|p1a: Sinistcha|[spread] p1a,p1b
|-resisted|p1a: Sinistcha
|-damage|p1a: Sinistcha|0 fnt
|-damage|p1b: Gholdengo|0 fnt
|faint|p1a: Sinistcha
|faint|p1b: Gholdengo
|
|upkeep
|
|t:|1757778024
|switch|p1b: Garchomp|Garchomp, L50, M|100/100
|switch|p1a: Tyranitar|Tyranitar, L50, F, shiny, tera:Flying|27/100
|-weather|Sandstorm|[from] ability: Sand Stream|[of] p1a: Tyranitar
|turn|11
|
|t:|1757778033
|move|p1b: Garchomp|Earthquake|p2a: Magnezone|[spread] p2a
|-immune|p1a: Tyranitar
|-supereffective|p2a: Magnezone
|-damage|p2a: Magnezone|0 fnt
|faint|p2a: Magnezone
|-damage|p1b: Garchomp|91/100|[from] item: Life Orb
|
|win|dollartreehero
|raw|dollartreehero's rating: 1135 → 1154(+19 for winning)
|raw|boooobthebuilder's rating: 1046 → 1033(-13 for losing)
|l|☆boooobthebuilder
|player|p2|
