|j|☆282839393m
|j|☆CrazyComet37
|html|282839393mCrazyComet37    
|uhtml|bestof|Game 2 of a best-of-3
|t:|1783530918
|gametype|doubles
|player|p1|282839393m|101|
|player|p2|CrazyComet37|flint|
|gen|9
|tier|[Gen 9 Champions] VGC 2026 Reg M-B (Bo3)
|rule|Species Clause: Limit one of each Pokémon
|rule|Item Clause: Limit 1 of each item
|clearpoke
|poke|p1|Gengar, L50, F|
|poke|p1|Incineroar, L50, M|
|poke|p1|Vivillon-Pokeball, L50, M|
|poke|p1|Altaria, L50, M|
|poke|p1|Primarina, L50, M|
|poke|p1|Sableye, L50, M|
|poke|p2|Whimsicott, L50, F|
|poke|p2|Garchomp, L50, M|
|poke|p2|Charizard, L50, F|
|poke|p2|Floette-Eternal, L50, F|
|poke|p2|Kingambit, L50, F|
|poke|p2|Basculegion, L50, M|
|teampreview|4
|showteam|p1|Gengar||Gengarite|CursedBody|PerishSong,Protect,ShadowBall,Disable|Timid||F|||50|]Incineroar||PasshoBerry|Intimidate|FakeOut,Protect,PartingShot,ThroatChop|Impish||M|||50|]Vivillon-Pokeball||ChoiceScarf|CompoundEyes|Uturn,Tailwind,SleepPowder,PollenPuff|Jolly||M|||50|]Altaria||ZoomLens|CloudNine|Protect,PerishSong,Sing,Roost|Sassy||M|||50|]Primarina||SitrusBerry|Torrent|PerishSong,Protect,FlipTurn,Moonblast|Bold||M|||50|]Sableye||FocusSash|Prankster|Detect,Encore,Disable,FakeOut|Impish||M|||50|
|showteam|p2|Whimsicott||FocusSash|Prankster|Protect,Tailwind,Moonblast,Encore|Timid||F|||50|]Garchomp||LifeOrb|RoughSkin|Protect,Earthquake,DragonClaw,RockSlide|Jolly||M|||50|]Charizard||CharizarditeY|Blaze|Protect,HeatWave,WeatherBall,SolarBeam|Modest||F|||50|]Floette-Eternal||Floettite|FlowerVeil|Protect,LightofRuin,DazzlingGleam,Moonblast|Modest||F|||50|]Kingambit||ChopleBerry|Defiant|IronHead,SuckerPunch,KowtowCleave,LowKick|Adamant||F|||50|]Basculegion||MysticWater|Adaptability|Protect,AquaJet,LastRespects,WaveCrash|Adamant||M|||50|
|
|t:|1783530988
|teamsize|p1|4
|teamsize|p2|4
|start
|switch|p1a: Gengar|Gengar, L50, F|100/100
|switch|p1b: Vivillon|Vivillon-Pokeball, L50, M|100/100
|switch|p2a: Whimsicott|Whimsicott, L50, F|100/100
|switch|p2b: Basculegion|Basculegion, L50, M|100/100
|turn|1
|inactive|Battle timer is ON: inactive players will automatically lose when time's up. (requested by CrazyComet37)
|inactive|CrazyComet37 has 60 seconds left.
|
|t:|1783531037
|detailschange|p1a: Gengar|Gengar-Mega, L50, F
|-mega|p1a: Gengar|Gengar|Gengarite
|move|p2b: Basculegion|Protect|p2b: Basculegion
|-singleturn|p2b: Basculegion|Protect
|move|p1b: Vivillon|Sleep Powder|p2b: Basculegion
|-activate|p2b: Basculegion|move: Protect
|move|p2a: Whimsicott|Moonblast|p1b: Vivillon
|-damage|p1b: Vivillon|45/100
|move|p1a: Gengar|Perish Song|p1a: Gengar
|-start|p1a: Gengar|perish3|[silent]
|-start|p1b: Vivillon|perish3|[silent]
|-start|p2a: Whimsicott|perish3|[silent]
|-start|p2b: Basculegion|perish3|[silent]
|-fieldactivate|move: Perish Song
|
|-start|p1b: Vivillon|perish3
|-start|p2a: Whimsicott|perish3
|-start|p1a: Gengar|perish3
|-start|p2b: Basculegion|perish3
|upkeep
|turn|2
|inactive|282839393m has 30 seconds left.
|inactive|CrazyComet37 has 30 seconds left.
|inactive|282839393m has 20 seconds left.
|
|t:|1783531077
|switch|p1b: Altaria|Altaria, L50, M|100/100
|-ability|p1b: Altaria|Cloud Nine
|move|p1a: Gengar|Protect|p1a: Gengar
|-singleturn|p1a: Gengar|Protect
|move|p2a: Whimsicott|Encore|p1a: Gengar
|-activate|p1a: Gengar|move: Protect
|move|p2b: Basculegion|Aqua Jet|p1b: Altaria
|-resisted|p1b: Altaria|1
|-damage|p1b: Altaria|80/100
|
|-start|p2a: Whimsicott|perish2
|-start|p1a: Gengar|perish2
|-start|p2b: Basculegion|perish2
|upkeep
|turn|3
|inactive|282839393m has 30 seconds left.
|inactive|CrazyComet37 has 30 seconds left.
|
|t:|1783531106
|switch|p1a: Primarina|Primarina, L50, M|100/100
|switch|p1b: Vivillon|Vivillon-Pokeball, L50, M|45/100
|move|p2a: Whimsicott|Encore||[still]
|-fail|p2a: Whimsicott
|move|p2b: Basculegion|Wave Crash|p1a: Primarina
|-resisted|p1a: Primarina|1
|-damage|p1a: Primarina|48/100
|-enditem|p1a: Primarina|Sitrus Berry|[eat]
|-heal|p1a: Primarina|72/100|[from] item: Sitrus Berry
|-damage|p2b: Basculegion|83/100|[from] Recoil
|
|-start|p2a: Whimsicott|perish1
|-start|p2b: Basculegion|perish1
|upkeep
|turn|4
|inactive|CrazyComet37 has 30 seconds left.
|inactive|CrazyComet37 has 20 seconds left.
|
|t:|1783531145
|switch|p2a: Kingambit|Kingambit, L50, F|100/100
|switch|p2b: Floette|Floette-Eternal, L50, F|100/100
|move|p1b: Vivillon|Sleep Powder|p2b: Floette
|-status|p2b: Floette|slp|[from] move: Sleep Powder
|move|p1a: Primarina|Perish Song|p1a: Primarina
|-start|p1a: Primarina|perish3|[silent]
|-start|p1b: Vivillon|perish3|[silent]
|-start|p2a: Kingambit|perish3|[silent]
|-start|p2b: Floette|perish3|[silent]
|-fieldactivate|move: Perish Song
|
|-start|p1b: Vivillon|perish3
|-start|p2b: Floette|perish3
|-start|p1a: Primarina|perish3
|-start|p2a: Kingambit|perish3
|upkeep
|turn|5
|
|t:|1783531162
|switch|p1a: Gengar|Gengar-Mega, L50, F|100/100
|switch|p2a: Whimsicott|Whimsicott, L50, F|100/100
|detailschange|p2b: Floette|Floette-Mega, L50, F
|-mega|p2b: Floette|Floette|Floettite
|-ability|p2b: Floette|Fairy Aura
|move|p1b: Vivillon|Sleep Powder|p2a: Whimsicott
|-immune|p2a: Whimsicott
|cant|p2b: Floette|slp
|
|-start|p1b: Vivillon|perish2
|-start|p2b: Floette|perish2
|upkeep
|turn|6
|inactive|CrazyComet37 has 30 seconds left.
|
|t:|1783531193
|switch|p1b: Altaria|Altaria, L50, M|80/100
|-ability|p1b: Altaria|Cloud Nine
|move|p2a: Whimsicott|Moonblast|p1b: Altaria
|-supereffective|p1b: Altaria|1
|-damage|p1b: Altaria|17/100
|move|p1a: Gengar|Perish Song|p1a: Gengar
|-start|p1a: Gengar|perish3|[silent]
|-start|p1b: Altaria|perish3|[silent]
|-start|p2a: Whimsicott|perish3|[silent]
|-fieldactivate|move: Perish Song
|-curestatus|p2b: Floette|slp|[msg]
|move|p2b: Floette|Dazzling Gleam|p1b: Altaria|[spread] p1a,p1b
|-resisted|p1a: Gengar|1
|-supereffective|p1b: Altaria|1
|-damage|p1a: Gengar|73/100
|-damage|p1b: Altaria|0 fnt
|faint|p1b: Altaria
|
|-start|p2a: Whimsicott|perish3
|-start|p1a: Gengar|perish3
|-start|p2b: Floette|perish1
|upkeep
|
|t:|1783531206
|switch|p1b: Primarina|Primarina, L50, M|72/100
|turn|7
|inactive|CrazyComet37 has 30 seconds left.
|
|t:|1783531240
|move|p1a: Gengar|Protect|p1a: Gengar
|-singleturn|p1a: Gengar|Protect
|move|p1b: Primarina|Protect|p1b: Primarina
|-singleturn|p1b: Primarina|Protect
|move|p2a: Whimsicott|Moonblast|p1b: Primarina
|-activate|p1b: Primarina|move: Protect
|move|p2b: Floette|Moonblast|p1b: Primarina
|-activate|p1b: Primarina|move: Protect
|
|-start|p2a: Whimsicott|perish2
|-start|p1a: Gengar|perish2
|-start|p2b: Floette|perish0
|faint|p2b: Floette
|upkeep
|
|t:|1783531253
|switch|p2b: Basculegion|Basculegion, L50, M|83/100
|turn|8
|inactive|282839393m has 30 seconds left.
|inactive|282839393m has 20 seconds left.
|
|t:|1783531289
|move|p2a: Whimsicott|Tailwind|p2a: Whimsicott
|-sidestart|p2: CrazyComet37|move: Tailwind
|move|p2b: Basculegion|Last Respects|p1a: Gengar
|-supereffective|p1a: Gengar|1
|-damage|p1a: Gengar|0 fnt
|faint|p1a: Gengar
|move|p1b: Primarina|Moonblast|p2b: Basculegion
|-damage|p2b: Basculegion|35/100
|
|-start|p2a: Whimsicott|perish1
|upkeep
|
|t:|1783531295
|switch|p1a: Vivillon|Vivillon-Pokeball, L50, M|45/100
|turn|9
|
|t:|1783531308
|switch|p2a: Kingambit|Kingambit, L50, F|100/100
|move|p1b: Primarina|Protect|p1b: Primarina
|-singleturn|p1b: Primarina|Protect
|move|p2b: Basculegion|Last Respects|p1a: Vivillon
|-damage|p1a: Vivillon|0 fnt
|faint|p1a: Vivillon
|
|upkeep
|turn|10
|
|t:|1783531319
|move|p2b: Basculegion|Last Respects|p1b: Primarina
|-damage|p1b: Primarina|0 fnt
|faint|p1b: Primarina
|
|win|CrazyComet37
|c|☆CrazyComet37|gg
