|j|☆Slayermen34
|j|☆GetSlagged
|html|Slayermen34GetSlagged    
|uhtml|bestof|Game 2 of a best-of-3
|t:|1783562551
|gametype|doubles
|player|p1|Slayermen34|alder|
|player|p2|GetSlagged|miku-water|
|gen|9
|tier|[Gen 9 Champions] VGC 2026 Reg M-B (Bo3)
|rule|Species Clause: Limit one of each Pokémon
|rule|Item Clause: Limit 1 of each item
|clearpoke
|poke|p1|Gardevoir, L50, F, shiny|
|poke|p1|Ceruledge, L50, F|
|poke|p1|Goodra, L50, M|
|poke|p1|Mamoswine, L50, M|
|poke|p1|Musharna, L50, F, shiny|
|poke|p1|Aggron, L50, M|
|poke|p2|Glalie, L50, F|
|poke|p2|Venusaur, L50, F|
|poke|p2|Empoleon, L50, F|
|poke|p2|Lycanroc, L50, F|
|poke|p2|Swampert, L50, M|
|poke|p2|Tyrantrum, L50, F, shiny|
|teampreview|4
|showteam|p1|Gardevoir||Gardevoirite|Trace|CalmMind,HyperVoice,AuraSphere,EnergyBall|Timid||F|||50|]Ceruledge||FocusSash|FlashFire|SwordsDance,BitterBlade,DestinyBond,ShadowSneak|Jolly||F|||50|]Goodra||Leftovers|Gooey|AcidArmor,GigaDrain,BodyPress,DragonPulse|Bold||M|||50|]Mamoswine||LifeOrb|ThickFat|Earthquake,RockSlide,IceShard,KnockOff|Jolly||M|||50|]Musharna||LightClay|Telepathy|LightScreen,Reflect,EnergyBall,ThunderWave|Modest||F|||50|]Aggron||QuickClaw|Sturdy|RockSlide,IronHead,StealthRock,Outrage|Adamant||M|||50|
|showteam|p2|Glalie||Glalitite|Moody|Explosion,Trailblaze,Protect,BodySlam|Jolly||F|||50|]Venusaur||BrightPowder|Chlorophyll|SludgeBomb,SleepPowder,HelpingHand,Protect|Timid||F|||50|]Empoleon||SitrusBerry|Competitive|Yawn,HydroPump,HelpingHand,Roost|Calm||F|||50|]Lycanroc||HardStone|Steadfast|RockSlide,Accelerock,SwordsDance,DrillRun|Jolly||F|||50|]Swampert||Swampertite|Damp|RainDance,WaveCrash,Earthquake,RockSlide|Adamant||M|||50|]Tyrantrum||ChoiceScarf|RockHead|Outrage,RockSlide,HeadSmash,PlayRough|Jolly||F|||50|
|inactive|Battle timer is ON: inactive players will automatically lose when time's up. (requested by GetSlagged)
|
|t:|1783562593
|teamsize|p1|4
|teamsize|p2|4
|start
|switch|p1a: JOD|Musharna, L50, F, shiny|100/100
|switch|p1b: Uther|Aggron, L50, M|100/100
|switch|p2a: Tyrantrum|Tyrantrum, L50, F, shiny|100/100
|switch|p2b: Lycanroc|Lycanroc, L50, F|100/100
|turn|1
|inactive|Slayermen34 has 30 seconds left.
|
|t:|1783562619
|switch|p2a: Empoleon|Empoleon, L50, F|100/100
|move|p2b: Lycanroc|Swords Dance|p2b: Lycanroc
|-boost|p2b: Lycanroc|atk|2
|move|p1b: Uther|Iron Head|p2a: Empoleon
|-resisted|p2a: Empoleon|2
|-damage|p2a: Empoleon|89/100
|move|p1a: JOD|Reflect|p1a: JOD
|-sidestart|p1: Slayermen34|Reflect
|
|upkeep
|turn|2
|
|t:|1783562635
|move|p2b: Lycanroc|Drill Run|p1b: Uther
|-supereffective|p1b: Uther|2
|-crit|p1b: Uther
|-ability|p1b: Uther|Sturdy
|-damage|p1b: Uther|1/100
|move|p2a: Empoleon|Hydro Pump|p1b: Uther
|-supereffective|p1b: Uther|1
|-damage|p1b: Uther|0 fnt
|faint|p1b: Uther
|move|p1a: JOD|Thunder Wave|p2b: Lycanroc
|-status|p2b: Lycanroc|par
|
|upkeep
|
|t:|1783562647
|switch|p1b: Gheeeeew|Goodra, L50, M|100/100
|turn|3
|
|t:|1783562657
|move|p2a: Empoleon|Helping Hand|p2b: Lycanroc
|-singleturn|p2b: Lycanroc|Helping Hand|[of] p2a: Empoleon
|move|p1b: Gheeeeew|Acid Armor|p1b: Gheeeeew
|-boost|p1b: Gheeeeew|def|2
|move|p2b: Lycanroc|Rock Slide|p1b: Gheeeeew|[spread] p1a,p1b
|-damage|p1a: JOD|43/100
|-damage|p1b: Gheeeeew|73/100
|move|p1a: JOD|Thunder Wave|p2a: Empoleon
|-status|p2a: Empoleon|par
|
|-heal|p1b: Gheeeeew|79/100|[from] item: Leftovers
|upkeep
|turn|4
|
|t:|1783562679
|move|p1b: Gheeeeew|Body Press|p2b: Lycanroc
|-supereffective|p2b: Lycanroc|1
|-damage|p2b: Lycanroc|0 fnt
|faint|p2b: Lycanroc
|move|p1a: JOD|Energy Ball|p2a: Empoleon
|-crit|p2a: Empoleon
|-damage|p2a: Empoleon|57/100 par
|-unboost|p2a: Empoleon|spd|1
|-ability|p2a: Empoleon|Competitive|boost
|-boost|p2a: Empoleon|spa|2
|move|p2a: Empoleon|Yawn|p1b: Gheeeeew
|-start|p1b: Gheeeeew|move: Yawn|[of] p2a: Empoleon
|
|-heal|p1b: Gheeeeew|85/100|[from] item: Leftovers
|upkeep
|
|t:|1783562700
|switch|p2b: Tyrantrum|Tyrantrum, L50, F, shiny|100/100
|turn|5
|inactive|GetSlagged has 30 seconds left.
|
|t:|1783562726
|cant|p2a: Empoleon|par
|move|p2b: Tyrantrum|Outrage|p1b: Gheeeeew
|-supereffective|p1b: Gheeeeew|1
|-damage|p1b: Gheeeeew|52/100
|-ability|p1b: Gheeeeew|Gooey
|-unboost|p2b: Tyrantrum|spe|1
|move|p1b: Gheeeeew|Body Press|p2a: Empoleon
|-supereffective|p2a: Empoleon|1
|-damage|p2a: Empoleon|0 fnt
|faint|p2a: Empoleon
|move|p1a: JOD|Thunder Wave|p2b: Tyrantrum
|-status|p2b: Tyrantrum|par
|
|-heal|p1b: Gheeeeew|58/100|[from] item: Leftovers
|-end|p1b: Gheeeeew|move: Yawn|[silent]
|-status|p1b: Gheeeeew|slp
|upkeep
|
|t:|1783562736
|switch|p2a: Glalie|Glalie, L50, F|100/100
|turn|6
|inactive|Slayermen34 has 30 seconds left.
|
|t:|1783562762
|move|p2a: Glalie|Protect|p2a: Glalie
|-singleturn|p2a: Glalie|Protect
|cant|p1b: Gheeeeew|slp
|move|p2b: Tyrantrum|Outrage|p1b: Gheeeeew|[from] lockedmove
|-supereffective|p1b: Gheeeeew|1
|-damage|p1b: Gheeeeew|26/100 slp
|-ability|p1b: Gheeeeew|Gooey
|-unboost|p2b: Tyrantrum|spe|1
|-start|p2b: Tyrantrum|confusion|[fatigue]
|move|p1a: JOD|Thunder Wave|p2a: Glalie
|-activate|p2a: Glalie|move: Protect
|
|-heal|p1b: Gheeeeew|32/100 slp|[from] item: Leftovers
|-ability|p2a: Glalie|Moody|boost
|-boost|p2a: Glalie|spe|2
|-unboost|p2a: Glalie|atk|1
|upkeep
|turn|7
|inactive|Slayermen34 has 30 seconds left.
|
|t:|1783562789
|detailschange|p2a: Glalie|Glalie-Mega, L50, F
|-mega|p2a: Glalie|Glalie|Glalitite
|move|p2a: Glalie|Body Slam|p1b: Gheeeeew
|-supereffective|p1b: Gheeeeew|1
|-damage|p1b: Gheeeeew|15/100 slp
|-ability|p1b: Gheeeeew|Gooey
|-unboost|p2a: Glalie|spe|1
|cant|p1b: Gheeeeew|slp
|-activate|p2b: Tyrantrum|confusion
|move|p2b: Tyrantrum|Outrage|p1b: Gheeeeew
|-supereffective|p1b: Gheeeeew|1
|-damage|p1b: Gheeeeew|0 fnt
|-ability|p1b: Gheeeeew|Gooey
|-unboost|p2b: Tyrantrum|spe|1
|faint|p1b: Gheeeeew
|move|p1a: JOD|Thunder Wave|p2a: Glalie
|-status|p2a: Glalie|par
|
|upkeep
|
|t:|1783562808
|switch|p1b: Alter|Ceruledge, L50, F|100/100
|turn|8
|inactive|Slayermen34 has 30 seconds left.
|
|t:|1783562833
|move|p1b: Alter|Bitter Blade|p2a: Glalie
|-supereffective|p2a: Glalie|1
|-damage|p2a: Glalie|0 fnt
|faint|p2a: Glalie
|move|p1a: JOD|Energy Ball|p2b: Tyrantrum
|-damage|p2b: Tyrantrum|49/100 par
|-activate|p2b: Tyrantrum|confusion
|-damage|p2b: Tyrantrum|37/100 par|[from] confusion
|
|-sideend|p1: Slayermen34|Reflect
|upkeep
|turn|9
|
|t:|1783562853
|move|p1b: Alter|Shadow Sneak|p2b: Tyrantrum
|-damage|p2b: Tyrantrum|16/100 par
|move|p1a: JOD|Energy Ball|p2b: Tyrantrum
|-damage|p2b: Tyrantrum|0 fnt
|faint|p2b: Tyrantrum
|
|win|Slayermen34
||GetSlagged is ready for game 3.
|l|☆GetSlagged
|player|p2|
|inactive|Slayermen34 has 30 seconds to confirm battle start!
||Slayermen34 is ready for game 3.
|uhtml|next|Next: Game 3 of 3
