|j|☆hexagonfoot
|j|☆buf0722shito
|html|hexagonfootbuf0722shito    
|uhtml|bestof|Game 1 of a best-of-3
|t:|1756405766
|gametype|doubles
|player|p1|hexagonfoot|caitlin|1195
|player|p2|buf0722shito|flannery|1269
|gen|9
|tier|[Gen 9] VGC 2025 Reg H (Bo3)
|rated|
|rule|Species Clause: Limit one of each Pokémon
|rule|Item Clause: Limit 1 of each item
|clearpoke
|poke|p1|Kingambit, L50, M|
|poke|p1|Primarina, L50, M|
|poke|p1|Sneasler, L50, F|
|poke|p1|Magmar, L50, F|
|poke|p1|Rillaboom, L50, F|
|poke|p1|Dragapult, L50, M|
|poke|p2|Charizard, L50, F|
|poke|p2|Torkoal, L50, M|
|poke|p2|Porygon2, L50|
|poke|p2|Incineroar, L50, M|
|poke|p2|Jumpluff, L50, F|
|poke|p2|Ursaluna, L50, M|
|teampreview|4
|showteam|p1|Kingambit||BlackGlasses|Defiant|KowtowCleave,SuckerPunch,SwordsDance,Protect|||M|||50|,,,,,Ghost]Primarina||SitrusBerry|LiquidVoice|HyperVoice,Moonblast,Haze,Protect|||M|||50|,,,,,Water]Sneasler||FocusSash|PoisonTouch|CloseCombat,DireClaw,FakeOut,Protect|||F|||50|,,,,,Stellar]Magmar||Eviolite|VitalSpirit|Overheat,WillOWisp,FollowMe,Protect|||F|||50|,,,,,Ghost]Rillaboom||AssaultVest|GrassySurge|WoodHammer,GrassyGlide,HighHorsepower,FakeOut|||F|||50|,,,,,Fire]Dragapult||ChoiceBand|ClearBody|DragonDarts,PhantomForce,TeraBlast,Uturn|||M|||50|,,,,,Ghost
|showteam|p2|Charizard||ChoiceSpecs|SolarPower|HeatWave,Overheat,WeatherBall,AirSlash|||F|||50|,,,,,Ghost]Torkoal||EjectPack|Drought|Eruption,Overheat,HelpingHand,Protect|||M|||50|,,,,,Fire]Porygon2||Eviolite|Download|IceBeam,TeraBlast,TrickRoom,Recover||||||50|,,,,,Fighting]Incineroar||SitrusBerry|Intimidate|FlareBlitz,KnockOff,FakeOut,PartingShot|||M|||50|,,,,,Ghost]Jumpluff||CovertCloak|Chlorophyll|SleepPowder,SunnyDay,RagePowder,Tailwind|||F|||50|,,,,,Water]Ursaluna||FlameOrb|Guts|HeadlongRush,Facade,Earthquake,Protect|||M|||50|,,,,,Ghost
|inactive|Battle timer is ON: inactive players will automatically lose when time's up. (requested by hexagonfoot)
|
|t:|1756405805
|teamsize|p1|4
|teamsize|p2|4
|start
|switch|p1a: Rillaboom|Rillaboom, L50, F|100/100
|switch|p1b: Dragapult|Dragapult, L50, M|100/100
|switch|p2a: Porygon2|Porygon2, L50|100/100
|switch|p2b: Torkoal|Torkoal, L50, M|100/100
|-fieldstart|move: Grassy Terrain|[from] ability: Grassy Surge|[of] p1a: Rillaboom
|-ability|p2a: Porygon2|Download|boost
|-boost|p2a: Porygon2|spa|1
|-weather|SunnyDay|[from] ability: Drought|[of] p2b: Torkoal
|turn|1
|inactive|hexagonfoot has 30 seconds left.
|
|t:|1756405830
|-terastallize|p1a: Rillaboom|Fire
|move|p1a: Rillaboom|Fake Out|p2a: Porygon2
|-damage|p2a: Porygon2|91/100
|move|p1b: Dragapult|Dragon Darts|p2b: Torkoal
|-damage|p2b: Torkoal|69/100
|-anim|p1b: Dragapult|Dragon Darts|p2a: Porygon2
|-damage|p2a: Porygon2|64/100
|move|p2b: Torkoal|Overheat|p1a: Rillaboom
|-resisted|p1a: Rillaboom
|-damage|p1a: Rillaboom|70/100
|-unboost|p2b: Torkoal|spa|2
|-enditem|p2b: Torkoal|Eject Pack
|
|t:|1756405840
|switch|p2b: Incineroar|Incineroar, L50, M|100/100
|-ability|p2b: Incineroar|Intimidate|boost
|-unboost|p1a: Rillaboom|atk|1
|-fail|p1b: Dragapult|unboost|[from] ability: Clear Body|[of] p1b: Dragapult
|cant|p2a: Porygon2|flinch
|
|-weather|SunnyDay|[upkeep]
|-heal|p1a: Rillaboom|76/100|[from] Grassy Terrain
|-heal|p2a: Porygon2|70/100|[from] Grassy Terrain
|upkeep
|turn|2
|inactive|hexagonfoot has 30 seconds left.
|
|t:|1756405869
|switch|p1b: Sneasler|Sneasler, L50, F|100/100
|move|p1a: Rillaboom|Wood Hammer|p2a: Porygon2
|-damage|p2a: Porygon2|36/100
|-damage|p1a: Rillaboom|65/100|[from] Recoil
|move|p2b: Incineroar|Knock Off|p1b: Sneasler
|-resisted|p1b: Sneasler
|-damage|p1b: Sneasler|64/100
|-enditem|p1b: Sneasler|Focus Sash|[from] move: Knock Off|[of] p2b: Incineroar
|move|p2a: Porygon2|Trick Room|p2a: Porygon2
|-fieldstart|move: Trick Room|[of] p2a: Porygon2
|
|-weather|SunnyDay|[upkeep]
|-heal|p2a: Porygon2|42/100|[from] Grassy Terrain
|-heal|p1a: Rillaboom|71/100|[from] Grassy Terrain
|-heal|p1b: Sneasler|70/100|[from] Grassy Terrain
|upkeep
|turn|3
|j| NillaVGC
|inactive|buf0722shito has 30 seconds left.
|
|t:|1756405902
|switch|p1a: Magmar|Magmar, L50, F|100/100
|-terastallize|p2b: Incineroar|Ghost
|move|p1b: Sneasler|Fake Out|p2b: Incineroar
|-immune|p2b: Incineroar
|move|p2a: Porygon2|Recover|p2a: Porygon2
|-heal|p2a: Porygon2|92/100
|move|p2b: Incineroar|Flare Blitz|p1b: Sneasler
|-crit|p1b: Sneasler
|-damage|p1b: Sneasler|0 fnt
|faint|p1b: Sneasler
|-damage|p2b: Incineroar|83/100|[from] Recoil
|
|-weather|SunnyDay|[upkeep]
|-heal|p2a: Porygon2|98/100|[from] Grassy Terrain
|-heal|p2b: Incineroar|89/100|[from] Grassy Terrain
|upkeep
|j| buf44 Rashito
|
|t:|1756405922
|switch|p1b: Dragapult|Dragapult, L50, M|100/100
|turn|4
|
|t:|1756405939
|move|p1a: Magmar|Follow Me|p1a: Magmar
|-singleturn|p1a: Magmar|move: Follow Me
|move|p2a: Porygon2|Tera Blast|p1a: Magmar
|-damage|p1a: Magmar|51/100
|move|p2b: Incineroar|Knock Off|p1a: Magmar
|-damage|p1a: Magmar|19/100
|-enditem|p1a: Magmar|Eviolite|[from] move: Knock Off|[of] p2b: Incineroar
|move|p1b: Dragapult|Phantom Force||[still]
|-prepare|p1b: Dragapult|Phantom Force
|
|-weather|SunnyDay|[upkeep]
|-heal|p2a: Porygon2|100/100|[from] Grassy Terrain
|-heal|p2b: Incineroar|95/100|[from] Grassy Terrain
|-heal|p1a: Magmar|25/100|[from] Grassy Terrain
|upkeep
|turn|5
|
|t:|1756405956
|switch|p2b: Ursaluna|Ursaluna, L50, M|100/100
|switch|p1a: Rillaboom|Rillaboom, L50, F, tera:Fire|71/100
|move|p2a: Porygon2|Tera Blast|p1a: Rillaboom
|-damage|p1a: Rillaboom|25/100
|move|p1b: Dragapult|Phantom Force|p2b: Ursaluna|[from] lockedmove
|-immune|p2b: Ursaluna
|
|-weather|none
|-heal|p1a: Rillaboom|31/100|[from] Grassy Terrain
|-fieldend|move: Grassy Terrain
|-status|p2b: Ursaluna|brn|[from] item: Flame Orb
|upkeep
|turn|6
|
|t:|1756405977
|switch|p2b: Incineroar|Incineroar, L50, M, tera:Ghost|95/100
|-ability|p2b: Incineroar|Intimidate|boost
|-unboost|p1a: Rillaboom|atk|1
|-fail|p1b: Dragapult|unboost|[from] ability: Clear Body|[of] p1b: Dragapult
|switch|p1b: Magmar|Magmar, L50, F|25/100
|move|p1a: Rillaboom|Fake Out|p2b: Incineroar
|-immune|p2b: Incineroar
|move|p2a: Porygon2|Tera Blast|p1a: Rillaboom
|-damage|p1a: Rillaboom|0 fnt
|faint|p1a: Rillaboom
|
|-fieldend|move: Trick Room
|upkeep
|-message|hexagonfoot forfeited.
|
|win|buf0722shito
||hexagonfoot is ready for game 2.
||buf0722shito is ready for game 2.
|uhtml|next|Next: Game 2 of 3
|l| NillaVGC
