|j|☆LastHorzion
|j|☆TeyOnTheRox
|html|LastHorzionTeyOnTheRox    
|uhtml|bestof|Game 2 of a best-of-3
|t:|1757735520
|gametype|doubles
|player|p1|LastHorzion|steven|1140
|player|p2|TeyOnTheRox|benga|1158
|gen|9
|tier|[Gen 9] VGC 2025 Reg H (Bo3)
|rated|
|rule|Species Clause: Limit one of each Pokémon
|rule|Item Clause: Limit 1 of each item
|clearpoke
|poke|p1|Archaludon, L50, M|
|poke|p1|Pelipper, L50, M|
|poke|p1|Sneasler, L50, M|
|poke|p1|Indeedee, L50, M|
|poke|p1|Amoonguss, L50, M|
|poke|p1|Dragapult, L50, F|
|poke|p2|Tyranitar, L50, F|
|poke|p2|Excadrill, L50, M|
|poke|p2|Sneasler, L50, M|
|poke|p2|Indeedee, L50, M|
|poke|p2|Corviknight, L50, F|
|poke|p2|Annihilape, L50, F|
|teampreview|4
|showteam|p1|Archaludon||AssaultVest|Stamina|DracoMeteor,FlashCannon,ElectroShot,BodyPress|||M|||50|,,,,,Bug]Pelipper||CovertCloak|Drizzle|WeatherBall,Hurricane,Tailwind,Protect|||M|||50|,,,,,Steel]Sneasler||PsychicSeed|Unburden|CloseCombat,DireClaw,ThroatChop,Protect|||M|||50|,,,,,Dark]Indeedee||FocusSash|PsychicSurge|ExpandingForce,TeraBlast,Imprison,TrickRoom|||M|||50|,,,,,Ground]Amoonguss||SitrusBerry|Regenerator|PollenPuff,Spore,RagePowder,Protect|||M|||50|,,,,,Fairy]Dragapult||ChoiceBand|ClearBody|DragonDarts,Uturn,PhantomForce,Outrage|||F|||50|,,,,,Dragon
|showteam|p2|Tyranitar||AssaultVest|SandStream|RockSlide,KnockOff,TeraBlast,LowKick|||F|||50|,,,,,Flying]Excadrill||FocusSash|SandRush|IronHead,HighHorsepower,Earthquake,Protect|||M|||50|,,,,,Stellar]Sneasler||PsychicSeed|Unburden|DireClaw,CloseCombat,ThroatChop,Protect|||M|||50|,,,,,Dark]Indeedee||ChoiceScarf|PsychicSurge|ExpandingForce,TeraBlast,Protect,Trick|||M|||50|,,,,,Psychic]Corviknight||Leftovers|MirrorArmor|BraveBird,BulkUp,Roost,Tailwind|||F|||50|,,,,,Dragon]Annihilape||SafetyGoggles|Defiant|CloseCombat,FinalGambit,RageFist,Taunt|||F|||50|,,,,,Water
|inactive|Battle timer is ON: inactive players will automatically lose when time's up. (requested by LastHorzion)
|inactive|TeyOnTheRox has 60 seconds left.
|
|t:|1757735576
|teamsize|p1|4
|teamsize|p2|4
|start
|switch|p1a: Sneasler|Sneasler, L50, M|100/100
|switch|p1b: Dragapult|Dragapult, L50, F, shiny|100/100
|switch|p2a: Lightnin'|Sneasler, L50, M|100/100
|switch|p2b: Cars I|Indeedee, L50, M, shiny|100/100
|-fieldstart|move: Psychic Terrain|[from] ability: Psychic Surge|[of] p2b: Cars I
|-enditem|p1a: Sneasler|Psychic Seed
|-boost|p1a: Sneasler|spd|1|[from] item: Psychic Seed
|-enditem|p2a: Lightnin'|Psychic Seed
|-boost|p2a: Lightnin'|spd|1|[from] item: Psychic Seed
|turn|1
|inactive|LastHorzion has 30 seconds left.
|
|t:|1757735603
|-terastallize|p1a: Sneasler|Dark
|move|p1a: Sneasler|Throat Chop|p2b: Cars I
|-supereffective|p2b: Cars I
|-damage|p2b: Cars I|0 fnt
|faint|p2b: Cars I
|move|p2a: Lightnin'|Close Combat|p1a: Sneasler
|-supereffective|p1a: Sneasler
|-damage|p1a: Sneasler|0 fnt
|-unboost|p2a: Lightnin'|def|1
|-unboost|p2a: Lightnin'|spd|1
|faint|p1a: Sneasler
|move|p1b: Dragapult|Dragon Darts|p2a: Lightnin'
|-damage|p2a: Lightnin'|4/100
|-anim|p1b: Dragapult|Dragon Darts|p2a: Lightnin'
|-damage|p2a: Lightnin'|0 fnt
|faint|p2a: Lightnin'
|
|upkeep
|
|t:|1757735622
|switch|p2a: Doc Hudson|Tyranitar, L50, F, shiny|100/100
|switch|p1a: Amoonguss|Amoonguss, L50, M|100/100
|switch|p2b: Toe Mater|Excadrill, L50, M|100/100
|-weather|Sandstorm|[from] ability: Sand Stream|[of] p2a: Doc Hudson
|turn|2
|inactive|LastHorzion has 30 seconds left.
|inactive|TeyOnTheRox has 30 seconds left.
|inactive|LastHorzion has 20 seconds left.
|
|t:|1757735658
|-terastallize|p2a: Doc Hudson|Flying
|move|p1a: Amoonguss|Protect|p1a: Amoonguss
|-singleturn|p1a: Amoonguss|Protect
|move|p2b: Toe Mater|Iron Head|p1b: Dragapult
|-damage|p1b: Dragapult|34/100
|move|p1b: Dragapult|Dragon Darts|p2a: Doc Hudson
|-damage|p2a: Doc Hudson|66/100
|-anim|p1b: Dragapult|Dragon Darts|p2b: Toe Mater
|-resisted|p2b: Toe Mater
|-damage|p2b: Toe Mater|70/100
|move|p2a: Doc Hudson|Tera Blast|p1a: Amoonguss|[anim] Tera Blast Flying
|-activate|p1a: Amoonguss|move: Protect
|
|-weather|Sandstorm|[upkeep]
|-damage|p1b: Dragapult|28/100|[from] Sandstorm
|-damage|p2a: Doc Hudson|60/100|[from] Sandstorm
|-damage|p1a: Amoonguss|95/100|[from] Sandstorm
|upkeep
|turn|3
|inactive|LastHorzion has 30 seconds left.
|inactive|TeyOnTheRox has 30 seconds left.
|inactive|LastHorzion has 20 seconds left.
|
|t:|1757735693
|move|p2b: Toe Mater|Iron Head|p1a: Amoonguss
|-damage|p1a: Amoonguss|57/100
|move|p1b: Dragapult|Dragon Darts|p2a: Doc Hudson
|-crit|p2a: Doc Hudson
|-damage|p2a: Doc Hudson|9/100
|-anim|p1b: Dragapult|Dragon Darts|p2b: Toe Mater
|-resisted|p2b: Toe Mater
|-damage|p2b: Toe Mater|40/100
|move|p2a: Doc Hudson|Tera Blast|p1a: Amoonguss|[anim] Tera Blast Flying
|-supereffective|p1a: Amoonguss
|-damage|p1a: Amoonguss|0 fnt
|faint|p1a: Amoonguss
|
|-weather|Sandstorm|[upkeep]
|-damage|p1b: Dragapult|22/100|[from] Sandstorm
|-damage|p2a: Doc Hudson|3/100|[from] Sandstorm
|upkeep
|
|t:|1757735703
|switch|p1a: Indeedee|Indeedee, L50, M, shiny|100/100
|turn|4
|
|t:|1757735726
|move|p2b: Toe Mater|Earthquake|p1b: Dragapult|[spread] p1a,p1b
|-immune|p2a: Doc Hudson
|-damage|p1a: Indeedee|9/100
|-damage|p1b: Dragapult|0 fnt
|faint|p1b: Dragapult
|move|p1a: Indeedee|Expanding Force|p2a: Doc Hudson|[spread] p2a,p2b
|-resisted|p2b: Toe Mater
|-damage|p2a: Doc Hudson|0 fnt
|-damage|p2b: Toe Mater|4/100
|faint|p2a: Doc Hudson
|
|-weather|Sandstorm|[upkeep]
|-damage|p1a: Indeedee|3/100|[from] Sandstorm
|upkeep
|turn|5
|
|t:|1757735741
|move|p2b: Toe Mater|Iron Head|p1a: Indeedee
|-damage|p1a: Indeedee|0 fnt
|faint|p1a: Indeedee
|
|win|TeyOnTheRox
|raw|LastHorzion's rating: 1140 → 1116(-24 for losing)
|raw|TeyOnTheRox's rating: 1158 → 1182(+24 for winning)
