|j|☆starlight74
|j|☆marcosdeltasena31
|html|starlight74marcosdeltasena31    
|uhtml|bestof|Game 3 of a best-of-3
|t:|1784237598
|gametype|doubles
|player|p1|starlight74|anabel-gen7|1451
|player|p2|marcosdeltasena31|hilbert|1498
|gen|9
|tier|[Gen 9 Champions] VGC 2026 Reg M-B (Bo3)
|rated|
|rule|Species Clause: Limit one of each Pokémon
|rule|Item Clause: Limit 1 of each item
|clearpoke
|poke|p1|Metagross, L50, shiny|
|poke|p1|Sneasler, L50, F|
|poke|p1|Incineroar, L50, F|
|poke|p1|Lycanroc-Dusk, L50, F|
|poke|p1|Hydreigon, L50, M|
|poke|p1|Floette-Eternal, L50, F|
|poke|p2|Charizard, L50, M, shiny|
|poke|p2|Venusaur, L50, M|
|poke|p2|Garchomp, L50, M|
|poke|p2|Incineroar, L50, F|
|poke|p2|Toxapex, L50, F|
|poke|p2|Annihilape, L50, F|
|teampreview|4
|showteam|p1|Metagross||Metagrossite|ClearBody|PsychicFangs,BulletPunch,Substitute,Protect|Jolly|||||50|]Sneasler||WhiteHerb|Unburden|CloseCombat,DireClaw,FakeOut,Protect|Jolly||F|||50|]Incineroar||SitrusBerry|Intimidate|FlareBlitz,PartingShot,HelpingHand,FakeOut|Impish||F|||50|]Lycanroc-Dusk||FocusSash|ToughClaws|Accelerock,CloseCombat,RockSlide,Protect|Jolly||F|||50|]Hydreigon||ChoiceScarf|Levitate|DarkPulse,DracoMeteor,HeatWave,Snarl|Timid||M|||50|]Floette-Eternal||Floettite|FlowerVeil|DazzlingGleam,DrainingKiss,CalmMind,Protect|Timid||F|||50|
|showteam|p2|Charizard||CharizarditeY|Blaze|HeatWave,WeatherBall,Protect,HelpingHand|Modest||M|||50|]Venusaur||LifeOrb|Chlorophyll|SludgeBomb,SolarBeam,EarthPower,Protect|Modest||M|||50|]Garchomp||ChoiceScarf|RoughSkin|Earthquake,RockSlide,DragonClaw,StompingTantrum|Adamant||M|||50|]Incineroar||SitrusBerry|Intimidate|FakeOut,FlareBlitz,ThroatChop,PartingShot|Impish||F|||50|]Toxapex||Leftovers|Regenerator|Infestation,Toxic,WideGuard,BanefulBunker|Impish||F|||50|]Annihilape||FocusSash|Defiant|CloseCombat,PhantomForce,RockTomb,Protect|Jolly||F|||50|
|inactive|Battle timer is ON: inactive players will automatically lose when time's up. (requested by starlight74)
|inactive|marcosdeltasena31 has 60 seconds left.
|
|t:|1784237657
|teamsize|p1|4
|teamsize|p2|4
|start
|switch|p1a: Lycanroc|Lycanroc-Dusk, L50, F|100/100
|switch|p1b: Metagross|Metagross, L50, shiny|100/100
|switch|p2a: Annihilape|Annihilape, L50, F|100/100
|switch|p2b: Incineroar|Incineroar, L50, F|100/100
|-ability|p2b: Incineroar|Intimidate|boost
|-unboost|p1a: Lycanroc|atk|1
|-fail|p1b: Metagross|unboost|[from] ability: Clear Body|[of] p1b: Metagross
|turn|1
|
|t:|1784237676
|move|p1a: Lycanroc|Protect|p1a: Lycanroc
|-singleturn|p1a: Lycanroc|Protect
|move|p1b: Metagross|Protect|p1b: Metagross
|-singleturn|p1b: Metagross|Protect
|move|p2b: Incineroar|Fake Out|p1b: Metagross
|-activate|p1b: Metagross|move: Protect
|move|p2a: Annihilape|Phantom Force||[still]
|-prepare|p2a: Annihilape|Phantom Force
|
|upkeep
|turn|2
|
|t:|1784237698
|switch|p1b: Hydreigon|Hydreigon, L50, M|100/100
|move|p1a: Lycanroc|Rock Slide|p2a: Annihilape|[spread] 
|-miss|p1a: Lycanroc|p2a: Annihilape
|-miss|p1a: Lycanroc|p2b: Incineroar
|move|p2a: Annihilape|Phantom Force|p1b: Hydreigon|[from] lockedmove
|-resisted|p1b: Hydreigon|1
|-damage|p1b: Hydreigon|73/100
|move|p2b: Incineroar|Flare Blitz|p1a: Lycanroc
|-resisted|p1a: Lycanroc|1
|-damage|p1a: Lycanroc|64/100
|-damage|p2b: Incineroar|91/100|[from] Recoil
|
|upkeep
|turn|3
|
|t:|1784237715
|move|p2a: Annihilape|Protect|p2a: Annihilape
|-singleturn|p2a: Annihilape|Protect
|move|p1b: Hydreigon|Draco Meteor|p2a: Annihilape
|-activate|p2a: Annihilape|move: Protect
|move|p1a: Lycanroc|Rock Slide|p2a: Annihilape|[spread] p2b
|-activate|p2a: Annihilape|move: Protect
|-supereffective|p2b: Incineroar|1
|-damage|p2b: Incineroar|64/100
|cant|p2b: Incineroar|flinch
|
|upkeep
|turn|4
|
|t:|1784237733
|move|p1a: Lycanroc|Protect|p1a: Lycanroc
|-singleturn|p1a: Lycanroc|Protect
|move|p1b: Hydreigon|Draco Meteor|p2a: Annihilape
|-damage|p2a: Annihilape|32/100
|-unboost|p1b: Hydreigon|spa|2
|move|p2a: Annihilape|Close Combat|p1b: Hydreigon
|-supereffective|p1b: Hydreigon|1
|-damage|p1b: Hydreigon|0 fnt
|-unboost|p2a: Annihilape|def|1
|-unboost|p2a: Annihilape|spd|1
|faint|p1b: Hydreigon
|move|p2b: Incineroar|Parting Shot|p1a: Lycanroc
|-activate|p1a: Lycanroc|move: Protect
|
|upkeep
|
|t:|1784237742
|switch|p1b: Metagross|Metagross, L50, shiny|100/100
|turn|5
|
|t:|1784237752
|switch|p2b: Garchomp|Garchomp, L50, M|100/100
|move|p2a: Annihilape|Protect|p2a: Annihilape
|-singleturn|p2a: Annihilape|Protect
|move|p1a: Lycanroc|Close Combat|p2b: Garchomp
|-damage|p2b: Garchomp|67/100
|-unboost|p1a: Lycanroc|def|1
|-unboost|p1a: Lycanroc|spd|1
|-damage|p1a: Lycanroc|52/100|[from] ability: Rough Skin|[of] p2b: Garchomp
|move|p1b: Metagross|Substitute|p1b: Metagross
|-start|p1b: Metagross|Substitute
|-damage|p1b: Metagross|75/100
|
|upkeep
|turn|6
|inactive|marcosdeltasena31 has 30 seconds left.
|
|t:|1784237780
|switch|p1a: Sneasler|Sneasler, L50, F|100/100
|switch|p2a: Incineroar|Incineroar, L50, F|64/100
|-ability|p2a: Incineroar|Intimidate|boost
|-unboost|p1a: Sneasler|atk|1
|-immune|p1b: Metagross
|-enditem|p1a: Sneasler|White Herb
|-clearnegativeboost|p1a: Sneasler|[silent]
|detailschange|p1b: Metagross|Metagross-Mega, L50, shiny
|-mega|p1b: Metagross|Metagross|Metagrossite
|move|p2b: Garchomp|Stomping Tantrum|p1a: Sneasler
|-supereffective|p1a: Sneasler|1
|-damage|p1a: Sneasler|0 fnt
|faint|p1a: Sneasler
|move|p1b: Metagross|Psychic Fangs|p2b: Garchomp
|-damage|p2b: Garchomp|9/100
|-damage|p1b: Metagross|62/100|[from] ability: Rough Skin|[of] p2b: Garchomp
|
|upkeep
|
|t:|1784237797
|switch|p1a: Lycanroc|Lycanroc-Dusk, L50, F|52/100
|turn|7
|
|t:|1784237812
|switch|p2b: Annihilape|Annihilape, L50, F|32/100
|move|p1b: Metagross|Bullet Punch|p2b: Annihilape
|-damage|p2b: Annihilape|0 fnt
|faint|p2b: Annihilape
|move|p1a: Lycanroc|Close Combat|p2a: Incineroar
|-supereffective|p2a: Incineroar|1
|-damage|p2a: Incineroar|0 fnt
|-unboost|p1a: Lycanroc|def|1
|-unboost|p1a: Lycanroc|spd|1
|faint|p2a: Incineroar
|
|upkeep
|
|t:|1784237822
|switch|p2b: Garchomp|Garchomp, L50, M|9/100
|switch|p2a: Charizard|Charizard, L50, M, shiny|100/100
|turn|8
|c|☆starlight74|ggs
|
|t:|1784237839
|detailschange|p2a: Charizard|Charizard-Mega-Y, L50, M, shiny
|-mega|p2a: Charizard|Charizard|Charizardite Y
|-weather|SunnyDay|[from] ability: Drought|[of] p2a: Charizard
|move|p1a: Lycanroc|Protect|p1a: Lycanroc
|-singleturn|p1a: Lycanroc|Protect
|move|p1b: Metagross|Bullet Punch|p2b: Garchomp
|-damage|p2b: Garchomp|0 fnt
|-damage|p1b: Metagross|50/100g|[from] ability: Rough Skin|[of] p2b: Garchomp
|faint|p2b: Garchomp
|move|p2a: Charizard|Heat Wave|p1b: Metagross|[spread] p1b
|-activate|p1a: Lycanroc|move: Protect
|-supereffective|p1b: Metagross|1
|-end|p1b: Metagross|Substitute
|
|-weather|SunnyDay|[upkeep]
|upkeep
|turn|9
|
|t:|1784237852
|move|p1a: Lycanroc|Accelerock|p2a: Charizard
|-supereffective|p2a: Charizard|2
|-damage|p2a: Charizard|0 fnt
|faint|p2a: Charizard
|
|win|starlight74
|raw|starlight74's rating: 1451 → 1474(+23 for winning)
|raw|marcosdeltasena31's rating: 1498 → 1475(-23 for losing)
