|j|☆MoscaacsoM
|j|☆Senli
|html|MoscaacsoMSenli    
|uhtml|bestof|Game 3 of a best-of-3
|t:|1785747935
|gametype|doubles
|player|p1|MoscaacsoM|101|1056
|player|p2|Senli|florian-bb|1000
|gen|9
|tier|[Gen 9 Champions] VGC 2026 Reg M-B (Bo3)
|rated|
|rule|Species Clause: Limit one of each Pokémon
|rule|Item Clause: Limit 1 of each item
|clearpoke
|poke|p1|Delphox, L50, F|
|poke|p1|Blastoise, L50, M|
|poke|p1|Sneasler, L50, F|
|poke|p1|Incineroar, L50, M|
|poke|p1|Kingambit, L50, M|
|poke|p1|Sinistcha, L50|
|poke|p2|Staraptor, L50, M, shiny|
|poke|p2|Glimmora, L50, F, shiny|
|poke|p2|Kingambit, L50, M, shiny|
|poke|p2|Whimsicott, L50, F, shiny|
|poke|p2|Delphox, L50, M, shiny|
|poke|p2|Garchomp, L50, F, shiny|
|teampreview|4
|showteam|p1|Delphox||Delphoxite|Blaze|HeatWave,Protect,NastyPlot,Psyshock|Timid||F|||50|]Blastoise||Blastoisinite|Torrent|WaterSpout,DarkPulse,ShellSmash,Protect|Modest||M|||50|]Sneasler||FocusSash|PoisonTouch|CloseCombat,FakeOut,PoisonJab,QuickGuard|Jolly||F|||50|]Incineroar||SitrusBerry|Intimidate|FakeOut,PartingShot,FlareBlitz,DarkestLariat|Careful||M|||50|]Kingambit||BlackGlasses|Defiant|KowtowCleave,Protect,SwordsDance,SuckerPunch|Adamant||M|||50|]Sinistcha||KasibBerry|Hospitality|MatchaGotcha,RagePowder,TrickRoom,Protect|Bold|||||50|
|showteam|p2|Staraptor||Staraptite|Intimidate|CloseCombat,BraveBird,Roost,Protect|Jolly||M|||50|]Glimmora||FocusSash|ToxicDebris|PowerGem,SludgeBomb,EarthPower,SpikyShield|Timid||F|||50|]Kingambit||ChopleBerry|Defiant|KowtowCleave,IronHead,LowKick,SuckerPunch|Adamant||M|||50|]Whimsicott||OccaBerry|Prankster|Tailwind,Moonblast,Charm,LightScreen|Timid||F|||50|]Delphox||Delphoxite|Blaze|HeatWave,Psychic,Substitute,Protect|Timid||M|||50|]Garchomp||ChoiceScarf|RoughSkin|DragonClaw,RockSlide,Earthquake,Protect|Jolly||F|||50|
|inactive|Battle timer is ON: inactive players will automatically lose when time's up. (requested by Senli)
|inactive|Senli has 60 seconds left.
|
|t:|1785747974
|teamsize|p1|4
|teamsize|p2|4
|start
|switch|p1a: Kingambit|Kingambit, L50, M|100/100
|switch|p1b: Sinistcha|Sinistcha, L50|100/100
|switch|p2a: Garchomp|Garchomp, L50, F, shiny|100/100
|switch|p2b: Kingambit|Kingambit, L50, M, shiny|100/100
|turn|1
|inactive|MoscaacsoM has 30 seconds left.
|inactive|MoscaacsoM has 20 seconds left.
|
|t:|1785748010
|move|p1a: Kingambit|Protect|p1a: Kingambit
|-singleturn|p1a: Kingambit|Protect
|move|p2a: Garchomp|Rock Slide|p1a: Kingambit|[spread] p1b
|-activate|p1a: Kingambit|move: Protect
|-damage|p1b: Sinistcha|84/100
|move|p2b: Kingambit|Kowtow Cleave|p1b: Sinistcha
|-supereffective|p1b: Sinistcha|1
|-damage|p1b: Sinistcha|3/100
|move|p1b: Sinistcha|Trick Room|p1b: Sinistcha
|-fieldstart|move: Trick Room|[of] p1b: Sinistcha
|
|upkeep
|turn|2
|inactive|MoscaacsoM has 30 seconds left.
|
|t:|1785748042
|move|p1b: Sinistcha|Rage Powder|p1b: Sinistcha
|-singleturn|p1b: Sinistcha|move: Rage Powder
|move|p1a: Kingambit|Swords Dance|p1a: Kingambit
|-boost|p1a: Kingambit|atk|2
|move|p2b: Kingambit|Kowtow Cleave|p1b: Sinistcha
|-supereffective|p1b: Sinistcha|1
|-damage|p1b: Sinistcha|0 fnt
|faint|p1b: Sinistcha
|move|p2a: Garchomp|Rock Slide|p1a: Kingambit
|-resisted|p1a: Kingambit|1
|-damage|p1a: Kingambit|89/100
|
|upkeep
|
|t:|1785748053
|switch|p1b: Sneasler|Sneasler, L50, F|100/100
|turn|3
|inactive|MoscaacsoM has 30 seconds left.
|inactive|MoscaacsoM has 20 seconds left.
|
|t:|1785748088
|move|p1a: Kingambit|Protect|p1a: Kingambit
|-singleturn|p1a: Kingambit|Protect
|move|p2b: Kingambit|Low Kick|p1a: Kingambit
|-activate|p1a: Kingambit|move: Protect
|move|p1b: Sneasler|Close Combat|p2b: Kingambit
|-supereffective|p2b: Kingambit|2
|-enditem|p2b: Kingambit|Chople Berry|[eat]
|-enditem|p2b: Kingambit|Chople Berry|[weaken]
|-damage|p2b: Kingambit|4/100
|-unboost|p1b: Sneasler|def|1
|-unboost|p1b: Sneasler|spd|1
|move|p2a: Garchomp|Rock Slide|p1b: Sneasler|[spread] p1b
|-activate|p1a: Kingambit|move: Protect
|-resisted|p1b: Sneasler|1
|-damage|p1b: Sneasler|74/100
|
|upkeep
|turn|4
|inactive|Senli has 30 seconds left.
|
|t:|1785748118
|switch|p2b: Delphox|Delphox, L50, M, shiny|100/100
|move|p1a: Kingambit|Sucker Punch||[still]
|-fail|p1a: Kingambit
|move|p1b: Sneasler|Poison Jab|p2a: Garchomp
|-resisted|p2a: Garchomp|1
|-damage|p2a: Garchomp|78/100
|-status|p2a: Garchomp|psn
|-damage|p1b: Sneasler|62/100|[from] ability: Rough Skin|[of] p2a: Garchomp
|move|p2a: Garchomp|Rock Slide|p1a: Kingambit|[spread] p1a,p1b
|-resisted|p1a: Kingambit|1
|-resisted|p1b: Sneasler|1
|-damage|p1a: Kingambit|82/100
|-damage|p1b: Sneasler|37/100
|
|-damage|p2a: Garchomp|66/100 psn|[from] psn
|upkeep
|turn|5
|inactive|MoscaacsoM has 30 seconds left.
|
|t:|1785748146
|switch|p2a: Kingambit|Kingambit, L50, M, shiny|4/100
|move|p2b: Delphox|Protect|p2b: Delphox
|-singleturn|p2b: Delphox|Protect
|move|p1a: Kingambit|Kowtow Cleave|p2b: Delphox
|-activate|p2b: Delphox|move: Protect
|move|p1b: Sneasler|Close Combat|p2a: Kingambit
|-supereffective|p2a: Kingambit|2
|-damage|p2a: Kingambit|0 fnt
|-unboost|p1b: Sneasler|def|1
|-unboost|p1b: Sneasler|spd|1
|faint|p2a: Kingambit
|
|-fieldend|move: Trick Room
|upkeep
|
|t:|1785748157
|switch|p2a: Garchomp|Garchomp, L50, F, shiny|66/100 psn
|turn|6
|
|t:|1785748175
|switch|p1b: Incineroar|Incineroar, L50, M|100/100
|-ability|p1b: Incineroar|Intimidate|boost
|-unboost|p2a: Garchomp|atk|1
|-unboost|p2b: Delphox|atk|1
|detailschange|p2b: Delphox|Delphox-Mega, L50, M, shiny
|-mega|p2b: Delphox|Delphox|Delphoxite
|move|p1a: Kingambit|Sucker Punch||[still]
|-fail|p1a: Kingambit
|move|p2a: Garchomp|Earthquake|p1b: Incineroar|[spread] p1a,p1b
|-immune|p2b: Delphox|[from] ability: Levitate
|-supereffective|p1a: Kingambit|1
|-supereffective|p1b: Incineroar|1
|-damage|p1a: Kingambit|46/100
|-damage|p1b: Incineroar|57/100
|move|p2b: Delphox|Substitute|p2b: Delphox
|-start|p2b: Delphox|Substitute
|-damage|p2b: Delphox|75/100
|
|-damage|p2a: Garchomp|54/100 psn|[from] psn
|upkeep
|turn|7
|inactive|MoscaacsoM has 30 seconds left.
|inactive|MoscaacsoM has 20 seconds left.
|inactive|MoscaacsoM has 15 seconds left.
|
|t:|1785748216
|move|p1a: Kingambit|Protect|p1a: Kingambit
|-singleturn|p1a: Kingambit|Protect
|move|p2a: Garchomp|Earthquake|p1b: Incineroar|[spread] p1b
|-activate|p1a: Kingambit|move: Protect
|-immune|p2b: Delphox|[from] ability: Levitate
|-supereffective|p1b: Incineroar|1
|-damage|p1b: Incineroar|12/100
|-enditem|p1b: Incineroar|Sitrus Berry|[eat]
|-heal|p1b: Incineroar|37/100|[from] item: Sitrus Berry
|move|p2b: Delphox|Heat Wave|p1b: Incineroar|[spread] p1b
|-activate|p1a: Kingambit|move: Protect
|-resisted|p1b: Incineroar|1
|-damage|p1b: Incineroar|22/100
|move|p1b: Incineroar|Parting Shot|p2a: Garchomp
|-unboost|p2a: Garchomp|atk|1
|-unboost|p2a: Garchomp|spa|1
|
|t:|1785748231
|switch|p1b: Sneasler|Sneasler, L50, F|37/100|[from] Parting Shot
|
|-damage|p2a: Garchomp|42/100 psn|[from] psn
|upkeep
|turn|8
|inactive|MoscaacsoM has 30 seconds left.
|inactive|MoscaacsoM has 20 seconds left.
|inactive|MoscaacsoM has 15 seconds left.
|
|t:|1785748276
|move|p1b: Sneasler|Fake Out|p2b: Delphox
|-activate|p2b: Delphox|move: Substitute|[damage]
|move|p1a: Kingambit|Sucker Punch|p2a: Garchomp
|-damage|p2a: Garchomp|0 fnt
|-damage|p1a: Kingambit|34/100|[from] ability: Rough Skin|[of] p2a: Garchomp
|faint|p2a: Garchomp
|move|p2b: Delphox|Heat Wave|p1a: Kingambit|[spread] p1a,p1b
|-supereffective|p1a: Kingambit|1
|-damage|p1a: Kingambit|0 fnt
|-damage|p1b: Sneasler|0 fnt
|faint|p1a: Kingambit
|faint|p1b: Sneasler
|
|upkeep
|inactive|MoscaacsoM has 30 seconds left.
|inactive|MoscaacsoM has 20 seconds left.
|inactive|MoscaacsoM has 15 seconds left.
|inactive|MoscaacsoM has 10 seconds left.
|
|t:|1785748326
|switch|p2a: Staraptor|Staraptor, L50, M, shiny|100/100
|switch|p1a: Incineroar|Incineroar, L50, M|22/100
|-ability|p2a: Staraptor|Intimidate|boost
|-unboost|p1a: Incineroar|atk|1
|-ability|p1a: Incineroar|Intimidate|boost
|-unboost|p2a: Staraptor|atk|1
|-immune|p2b: Delphox
|turn|9
|-message|MoscaacsoM forfeited.
|raw|MoscaacsoM's rating: 1056 → 1035(-21 for losing)
|raw|Senli's rating: 1000 → 1046(+46 for winning)
|
|win|Senli
|l|☆MoscaacsoM
|player|p1|
