|j|☆Radlars
|j|☆ShikikanV
|html|RadlarsShikikanV    
|uhtml|bestof|Game 1 of a best-of-3
|t:|1785218736
|gametype|doubles
|player|p1|Radlars|170|
|player|p2|ShikikanV|plasmagrunt-gen5bw|
|gen|9
|tier|[Gen 9 Champions] VGC 2026 Reg M-B (Bo3)
|rule|Species Clause: Limit one of each Pokémon
|rule|Item Clause: Limit 1 of each item
|clearpoke
|poke|p1|Heracross, L50, M|
|poke|p1|Farigiraf, L50, M|
|poke|p1|Grimmsnarl, L50, M|
|poke|p1|Bastiodon, L50, M|
|poke|p1|Tyranitar, L50, F|
|poke|p1|Aegislash, L50, F|
|poke|p2|Garganacl, L50, F|
|poke|p2|Tyranitar, L50, F|
|poke|p2|Sandaconda, L50, F, shiny|
|poke|p2|Farigiraf, L50, M|
|poke|p2|Chandelure, L50, F, shiny|
|poke|p2|Tinkaton, L50, F|
|teampreview|4
|showteam|p1|Heracross||Heracronite|Moxie|BulletSeed,Detect,BrickBreak,RockBlast|Brave||M|||50|]Farigiraf||SitrusBerry|ArmorTail|TrickRoom,PsychicNoise,HelpingHand,Protect|Relaxed||M|||50|]Grimmsnarl||LightClay|Prankster|FoulPlay,LightScreen,PartingShot,FakeOut|Impish||M|||50|]Bastiodon||Leftovers|Sturdy|WideGuard,Counter,IronDefense,BodyPress|Relaxed||M|||50|]Tyranitar||Tyranitarite|SandStream|RockSlide,Curse,KnockOff,Protect|Careful||F|||50|]Aegislash||MetalCoat|StanceChange|IronHead,KingsShield,SacredSword,ShadowBall|Brave||F|||50|
|showteam|p2|Garganacl||HardStone|PurifyingSalt|RockSlide,SaltCure,BodyPress,Explosion|Lax||F|||50|]Tyranitar||Tyranitarite|SandStream|SandTomb,Bite,BrickBreak,Crunch|Serious||F|||50|]Sandaconda||BrightPowder|SandSpit|Sandstorm,SandTomb,ScorchingSands,BodyPress|Relaxed||F|||50|]Farigiraf||Leftovers|ArmorTail|TrickRoom,Trick,Wish,Roar|Sassy||M|||50|]Chandelure||ChartiBerry|FlameBody|TrickRoom,ShadowBall,Facade,WillOWisp|Sassy||F|||50|]Tinkaton||ChoiceScarf|MoldBreaker|FakeOut,BrickBreak,GigatonHammer,WoodHammer|Jolly||F|||50|
|
|t:|1785218895
|teamsize|p1|4
|teamsize|p2|4
|start
|switch|p1a: Bastiodon|Bastiodon, L50, M|100/100
|switch|p1b: Grimmsnarl|Grimmsnarl, L50, M|100/100
|switch|p2a: trick|Farigiraf, L50, M|100/100
|switch|p2b: fire|Chandelure, L50, F, shiny|100/100
|turn|1
|
|t:|1785218978
|move|p1b: Grimmsnarl|Foul Play|p2a: trick
|-supereffective|p2a: trick|1
|-damage|p2a: trick|44/100
|move|p1a: Bastiodon|Iron Defense|p1a: Bastiodon
|-boost|p1a: Bastiodon|def|2
|move|p2b: fire|Trick Room|p2b: fire
|-fieldstart|move: Trick Room|[of] p2b: fire
|move|p2a: trick|Trick Room|p2a: trick
|-fieldend|move: Trick Room
|
|-heal|p2a: trick|50/100g|[from] item: Leftovers
|upkeep
|turn|2
|
|t:|1785219031
|move|p1b: Grimmsnarl|Foul Play|p2a: trick
|-supereffective|p2a: trick|1
|-damage|p2a: trick|0 fnt
|faint|p2a: trick
|move|p1a: Bastiodon|Iron Defense|p1a: Bastiodon
|-boost|p1a: Bastiodon|def|2
|move|p2b: fire|Trick Room|p2b: fire
|-fieldstart|move: Trick Room|[of] p2b: fire
|
|upkeep
|
|t:|1785219042
|switch|p2a: Her|Tinkaton, L50, F|100/100
|-ability|p2a: Her|Mold Breaker
|turn|3
|
|t:|1785219076
|move|p1b: Grimmsnarl|Parting Shot|p2a: Her
|-unboost|p2a: Her|atk|1
|-unboost|p2a: Her|spa|1
|
|t:|1785219079
|switch|p1b: Aegislash|Aegislash, L50, F|100/100|[from] Parting Shot
|move|p1a: Bastiodon|Body Press|p2a: Her
|-damage|p2a: Her|0 fnt
|faint|p2a: Her
|move|p2b: fire|Will-O-Wisp|p1a: Bastiodon
|-status|p1a: Bastiodon|brn
|
|-damage|p1a: Bastiodon|94/100 brn|[from] brn
|upkeep
|
|t:|1785219116
|switch|p2a: pharaoh's curse|Tyranitar, L50, F|100/100
|-weather|Sandstorm|[from] ability: Sand Stream|[of] p2a: pharaoh's curse
|turn|4
|
|t:|1785219131
|detailschange|p2a: pharaoh's curse|Tyranitar-Mega, L50, F
|-mega|p2a: pharaoh's curse|Tyranitar|Tyranitarite
|move|p1a: Bastiodon|Body Press|p2a: pharaoh's curse
|-supereffective|p2a: pharaoh's curse|2
|-damage|p2a: pharaoh's curse|0 fnt
|faint|p2a: pharaoh's curse
|-formechange|p1b: Aegislash|Aegislash-Blade|
|move|p1b: Aegislash|Shadow Ball|p2b: fire
|-supereffective|p2b: fire|1
|-damage|p2b: fire|18/100
|move|p2b: fire|Shadow Ball|p1b: Aegislash
|-supereffective|p1b: Aegislash|1
|-damage|p1b: Aegislash|0 fnt
|faint|p1b: Aegislash
|
|-weather|Sandstorm|[upkeep]
|-damage|p2b: fire|12/100|[from] Sandstorm
|-heal|p1a: Bastiodon|100/100 brn|[from] item: Leftovers
|-damage|p1a: Bastiodon|94/100 brn|[from] brn
|upkeep
|
|t:|1785219147
|switch|p1b: Heracross|Heracross, L50, M|100/100
|turn|5
|
|t:|1785219158
|detailschange|p1b: Heracross|Heracross-Mega, L50, M
|-mega|p1b: Heracross|Heracross|Heracronite
|move|p1a: Bastiodon|Iron Defense|p1a: Bastiodon
|-boost|p1a: Bastiodon|def|2
|move|p1b: Heracross|Rock Blast|p2b: fire
|-supereffective|p2b: fire|1
|-enditem|p2b: fire|Charti Berry|[eat]
|-enditem|p2b: fire|Charti Berry|[weaken]
|-damage|p2b: fire|0 fnt
|faint|p2b: fire
|-hitcount|p2: fire|1
|
|win|Radlars
|inactive|Radlars has 30 seconds to confirm battle start!
|inactive|ShikikanV has 30 seconds to confirm battle start!
||ShikikanV is ready for game 2.
|inactive|Radlars has 20 seconds to confirm battle start!
|inactive|Radlars has 10 seconds to confirm battle start!
||Radlars is ready for game 2.
|uhtml|next|Next: Game 2 of 3
|l|☆Radlars
|player|p1|
|j|☆Radlars
|player|p1|Radlars|170|
