|j|☆JoeFlowDD
|j|☆akabaki
|html|JoeFlowDDakabaki    
|uhtml|bestof|Game 2 of a best-of-3
|t:|1756503269
|gametype|doubles
|player|p1|JoeFlowDD|palmer|1108
|player|p2|akabaki|266|1207
|gen|9
|tier|[Gen 9] VGC 2025 Reg H (Bo3)
|rated|
|rule|Species Clause: Limit one of each Pokémon
|rule|Item Clause: Limit 1 of each item
|clearpoke
|poke|p1|Gallade, L50, M|
|poke|p1|Tyranitar, L50, M|
|poke|p1|Arcanine-Hisui, L50, M|
|poke|p1|Amoonguss, L50, F|
|poke|p1|Clefairy, L50, F|
|poke|p1|Ursaluna-Bloodmoon, L50, M|
|poke|p2|Gholdengo, L50|
|poke|p2|Hydreigon, L50, F|
|poke|p2|Talonflame, L50, F|
|poke|p2|Annihilape, L50, F|
|poke|p2|Clefable, L50, F|
|poke|p2|Garchomp, L50, M|
|teampreview|4
|showteam|p1|Gallade||ClearAmulet|Sharpness|SacredSword,PsychoCut,WideGuard,TrickRoom|||M|||50|,,,,,Grass]Tyranitar||AssaultVest|SandStream|RockSlide,KnockOff,StompingTantrum,LowKick|||M|||50|,,,,,Ghost]Arcanine-Hisui||FocusSash|Intimidate|RockSlide,FlareBlitz,Protect,ExtremeSpeed|||M|||50|,,,,,Water]Amoonguss||RockyHelmet|Regenerator|Spore,RagePowder,SludgeBomb,PollenPuff|||F|||50|,,,,,Water]Clefairy||Eviolite|FriendGuard|FollowMe,LifeDew,HelpingHand,Moonblast|||F|||50|,,,,,Steel]Ursaluna-Bloodmoon||LifeOrb|MindsEye|EarthPower,BloodMoon,HyperVoice,VacuumWave|||M|||50|,,,,,Ghost
|showteam|p2|Gholdengo||MetalCoat|GoodasGold|MakeItRain,ShadowBall,NastyPlot,Protect||||||50|,,,,,Water]Hydreigon||ChoiceSpecs|Levitate|DracoMeteor,DarkPulse,Snarl,HeatWave|||F|||50|,,,,,Fire]Talonflame||CovertCloak|GaleWings|BraveBird,Tailwind,Taunt,WillOWisp|||F|||50|,,,,,Grass]Annihilape||SafetyGoggles|Defiant|RageFist,DrainPunch,BulkUp,Protect|||F|||50|,,,,,Fire]Clefable||SitrusBerry|Unaware|Moonblast,Protect,FollowMe,ThunderWave|||F|||50|,,,,,Water]Garchomp||LifeOrb|RoughSkin|DragonClaw,StompingTantrum,Earthquake,Protect|||M|||50|,,,,,Steel
|inactive|Battle timer is ON: inactive players will automatically lose when time's up. (requested by akabaki)
|inactive|JoeFlowDD has 60 seconds left.
|inactive|akabaki has 60 seconds left.
|inactive|akabaki has 30 seconds left.
|inactive|akabaki has 20 seconds left.
|inactive|akabaki has 15 seconds left.
|inactive|akabaki has 10 seconds left.
|
|t:|1756503352
|teamsize|p1|4
|teamsize|p2|4
|start
|switch|p1a: Arcanine|Arcanine-Hisui, L50, M|100/100
|switch|p1b: Amoonguss|Amoonguss, L50, F|100/100
|switch|p2a: Garchomp|Garchomp, L50, M|100/100
|switch|p2b: Hydreigon|Hydreigon, L50, F|100/100
|-ability|p1a: Arcanine|Intimidate|boost
|-unboost|p2a: Garchomp|atk|1
|-unboost|p2b: Hydreigon|atk|1
|turn|1
|inactive|JoeFlowDD has 30 seconds left.
|inactive|akabaki has 30 seconds left.
|
|t:|1756503379
|move|p1a: Arcanine|Protect|p1a: Arcanine
|-singleturn|p1a: Arcanine|Protect
|move|p2a: Garchomp|Earthquake|p1a: Arcanine|[spread] p1b
|-activate|p1a: Arcanine|move: Protect
|-immune|p2b: Hydreigon|[from] ability: Levitate
|-damage|p1b: Amoonguss|70/100
|-damage|p2a: Garchomp|91/100|[from] item: Life Orb
|move|p2b: Hydreigon|Draco Meteor|p1b: Amoonguss
|-damage|p1b: Amoonguss|0 fnt
|-unboost|p2b: Hydreigon|spa|2
|faint|p1b: Amoonguss
|
|upkeep
|inactive|JoeFlowDD has 30 seconds left.
|
|t:|1756503407
|switch|p1b: Gallade|Gallade, L50, M|100/100
|turn|2
|inactive|JoeFlowDD has 30 seconds left.
|inactive|JoeFlowDD has 20 seconds left.
|inactive|JoeFlowDD has 15 seconds left.
|
|t:|1756503451
|-terastallize|p1b: Gallade|Grass
|move|p2a: Garchomp|Dragon Claw|p1b: Gallade
|-damage|p1b: Gallade|46/100
|-damage|p2a: Garchomp|81/100|[from] item: Life Orb
|move|p1a: Arcanine|Rock Slide|p2b: Hydreigon|[spread] p2a,p2b
|-resisted|p2a: Garchomp
|-damage|p2a: Garchomp|67/100
|-damage|p2b: Hydreigon|66/100
|cant|p2b: Hydreigon|flinch
|move|p1b: Gallade|Trick Room|p1b: Gallade
|-fieldstart|move: Trick Room|[of] p1b: Gallade
|
|upkeep
|turn|3
|inactive|JoeFlowDD has 30 seconds left.
|inactive|akabaki has 30 seconds left.
|inactive|JoeFlowDD has 20 seconds left.
|inactive|akabaki has 20 seconds left.
|inactive|JoeFlowDD has 15 seconds left.
|inactive|akabaki has 15 seconds left.
|inactive|akabaki has 10 seconds left.
|inactive|akabaki has 5 seconds left.
|
|t:|1756503501
|move|p1b: Gallade|Sacred Sword|p2b: Hydreigon
|-supereffective|p2b: Hydreigon
|-damage|p2b: Hydreigon|0 fnt
|faint|p2b: Hydreigon
|move|p1a: Arcanine|Rock Slide|p2a: Garchomp
|-resisted|p2a: Garchomp
|-damage|p2a: Garchomp|49/100
|cant|p2a: Garchomp|flinch
|
|upkeep
|
|t:|1756503514
|switch|p2b: Clefable|Clefable, L50, F|100/100
|turn|4
|
|t:|1756503537
|switch|p1b: Tyranitar|Tyranitar, L50, M|100/100
|-weather|Sandstorm|[from] ability: Sand Stream|[of] p1b: Tyranitar
|move|p2b: Clefable|Protect|p2b: Clefable
|-singleturn|p2b: Clefable|Protect
|move|p2a: Garchomp|Protect|p2a: Garchomp
|-singleturn|p2a: Garchomp|Protect
|move|p1a: Arcanine|Rock Slide|p2a: Garchomp|[spread] 
|-activate|p2a: Garchomp|move: Protect
|-activate|p2b: Clefable|move: Protect
|
|-weather|Sandstorm|[upkeep]
|-damage|p2b: Clefable|95/100|[from] Sandstorm
|upkeep
|turn|5
|
|t:|1756503560
|switch|p2a: Annihilape|Annihilape, L50, F|100/100
|move|p2b: Clefable|Moonblast|p1b: Tyranitar
|-supereffective|p1b: Tyranitar
|-damage|p1b: Tyranitar|76/100
|move|p1b: Tyranitar|Rock Slide|p2a: Annihilape|[spread] p2a,p2b
|-resisted|p2a: Annihilape
|-damage|p2a: Annihilape|83/100
|-damage|p2b: Clefable|68/100
|move|p1a: Arcanine|Rock Slide|p2b: Clefable|[spread] p2a,p2b
|-resisted|p2a: Annihilape
|-damage|p2a: Annihilape|69/100
|-damage|p2b: Clefable|44/100
|-enditem|p2b: Clefable|Sitrus Berry|[eat]
|-heal|p2b: Clefable|68/100|[from] item: Sitrus Berry
|
|-weather|Sandstorm|[upkeep]
|-damage|p2b: Clefable|62/100|[from] Sandstorm
|upkeep
|turn|6
|inactive|JoeFlowDD has 30 seconds left.
|inactive|akabaki has 30 seconds left.
|inactive|JoeFlowDD has 20 seconds left.
|inactive|akabaki has 20 seconds left.
|inactive|JoeFlowDD has 15 seconds left.
|inactive|akabaki has 15 seconds left.
|inactive|akabaki has 10 seconds left.
|
|t:|1756503609
|-terastallize|p2b: Clefable|Water
|move|p2b: Clefable|Follow Me|p2b: Clefable
|-singleturn|p2b: Clefable|move: Follow Me
|move|p1b: Tyranitar|Knock Off|p2b: Clefable
|-damage|p2b: Clefable|26/100
|move|p1a: Arcanine|Rock Slide|p2b: Clefable|[spread] p2a,p2b
|-resisted|p2a: Annihilape
|-damage|p2a: Annihilape|54/100
|-damage|p2b: Clefable|2/100
|move|p2a: Annihilape|Bulk Up|p2a: Annihilape
|-boost|p2a: Annihilape|atk|1
|-boost|p2a: Annihilape|def|1
|
|-weather|Sandstorm|[upkeep]
|-damage|p2b: Clefable|0 fnt|[from] Sandstorm
|faint|p2b: Clefable
|-fieldend|move: Trick Room
|upkeep
|
|t:|1756503623
|switch|p2b: Garchomp|Garchomp, L50, M|49/100
|turn|7
|inactive|JoeFlowDD has 30 seconds left.
|inactive|JoeFlowDD has 20 seconds left.
|inactive|JoeFlowDD has 15 seconds left.
|
|t:|1756503663
|switch|p1b: Gallade|Gallade, L50, M, tera:Grass|46/100
|move|p1a: Arcanine|Protect|p1a: Arcanine
|-singleturn|p1a: Arcanine|Protect
|move|p2b: Garchomp|Stomping Tantrum|p1a: Arcanine
|-activate|p1a: Arcanine|move: Protect
|move|p2a: Annihilape|Drain Punch|p1b: Gallade
|-damage|p1b: Gallade|0 fnt
|-heal|p2a: Annihilape|75/100|[from] drain|[of] p1b: Gallade
|faint|p1b: Gallade
|
|-weather|Sandstorm|[upkeep]
|upkeep
|
|t:|1756503673
|switch|p1b: Tyranitar|Tyranitar, L50, M|76/100
|turn|8
|inactive|JoeFlowDD has 30 seconds left.
|
|t:|1756503707
|move|p2b: Garchomp|Stomping Tantrum|p1a: Arcanine
|-supereffective|p1a: Arcanine
|-enditem|p1a: Arcanine|Focus Sash
|-damage|p1a: Arcanine|1/100
|-damage|p2b: Garchomp|39/100|[from] item: Life Orb
|move|p1a: Arcanine|Rock Slide|p2b: Garchomp|[spread] p2a,p2b
|-resisted|p2a: Annihilape
|-resisted|p2b: Garchomp
|-damage|p2a: Annihilape|65/100
|-damage|p2b: Garchomp|27/100
|move|p2a: Annihilape|Drain Punch|p1b: Tyranitar
|-supereffective|p1b: Tyranitar
|-damage|p1b: Tyranitar|0 fnt
|-heal|p2a: Annihilape|100/100|[from] drain|[of] p1b: Tyranitar
|faint|p1b: Tyranitar
|
|-weather|none
|upkeep
|turn|9
|-message|JoeFlowDD forfeited.
|
|win|akabaki
|raw|JoeFlowDD's rating: 1108 → 1090(-18 for losing)
|raw|akabaki's rating: 1207 → 1225(+18 for winning)
|l|☆akabaki
|player|p2|
