|j|‽iwobi my love
|j|☆dont make me walk
|html|iwobi my lovedont make me walk    
|uhtml|bestof|Game 2 of a best-of-3
|t:|1756373925
|gametype|doubles
|player|p1|iwobi my love|dancer|1125
|player|p2|dont make me walk|red-masters3|1248
|gen|9
|tier|[Gen 9] VGC 2025 Reg H (Bo3)
|rated|
|rule|Species Clause: Limit one of each Pokémon
|rule|Item Clause: Limit 1 of each item
|clearpoke
|poke|p1|Gholdengo, L50|
|poke|p1|Sneasler, L50, M|
|poke|p1|Rillaboom, L50, M|
|poke|p1|Dragonite, L50, M|
|poke|p1|Ninetales-Alola, L50, M|
|poke|p1|Arcanine-Hisui, L50, F|
|poke|p2|Ursaluna-Bloodmoon, L50, M|
|poke|p2|Indeedee, L50, M|
|poke|p2|Sneasler, L50, M|
|poke|p2|Incineroar, L50, M|
|poke|p2|Electabuzz, L50, F|
|poke|p2|Talonflame, L50, F|
|teampreview|4
|showteam|p1|Gholdengo||GrassySeed|GoodasGold|NastyPlot,MakeItRain,ShadowBall,Protect||||||50|,,,,,Water]Sneasler||WhiteHerb|Unburden|CloseCombat,DireClaw,Coaching,Protect|||M|||50|,,,,,Ghost]Rillaboom||AssaultVest|GrassySurge|FakeOut,GrassyGlide,DrumBeating,HighHorsepower|||M|||50|,,,,,Fire]Dragonite||LoadedDice|Multiscale|ScaleShot,StompingTantrum,Tailwind,Protect|||M|||50|,,,,,Ground]Ninetales-Alola||FocusSash|SnowWarning|Blizzard,IcyWind,Encore,AuroraVeil|||M|||50|,,,,,Ghost]Arcanine-Hisui||ClearAmulet|Intimidate|RockSlide,FlareBlitz,ExtremeSpeed,Protect|||F|||50|,,,,,Water
|showteam|p2|Ursaluna-Bloodmoon||LifeOrb|MindsEye|Protect,EarthPower,HyperVoice,BloodMoon|||M|||50|,,,,,Normal]Indeedee||FocusSash|PsychicSurge|ExpandingForce,TeraBlast,TrickRoom,Protect|||M|||50|,,,,,Fighting]Sneasler||PsychicSeed|Unburden|DireClaw,CloseCombat,ThroatChop,Protect|||M|||50|,,,,,Dark]Incineroar||AssaultVest|Intimidate|FakeOut,KnockOff,FlareBlitz,Uturn|||M|||50|,,,,,Grass]Electabuzz||Eviolite|VitalSpirit|Electroweb,Taunt,FollowMe,Protect|||F|||50|,,,,,Ghost]Talonflame||CovertCloak|GaleWings|FlareBlitz,DualWingbeat,WillOWisp,Tailwind|||F|||50|,,,,,Fairy
|inactive|Battle timer is ON: inactive players will automatically lose when time's up. (requested by dont make me walk)
|
|t:|1756373940
|teamsize|p1|4
|teamsize|p2|4
|start
|switch|p1a: Ninetales|Ninetales-Alola, L50, M|100/100
|switch|p1b: Dragonite|Dragonite, L50, M|100/100
|switch|p2a: Talonflame|Talonflame, L50, F|100/100
|switch|p2b: Ursaluna|Ursaluna-Bloodmoon, L50, M|100/100
|-weather|Snowscape|[from] ability: Snow Warning|[of] p1a: Ninetales
|turn|1
|
|t:|1756373954
|-terastallize|p2b: Ursaluna|Normal
|move|p1a: Ninetales|Aurora Veil|p1a: Ninetales
|-sidestart|p1: iwobi my love|move: Aurora Veil
|move|p2a: Talonflame|Will-O-Wisp|p1b: Dragonite
|-status|p1b: Dragonite|brn
|move|p1b: Dragonite|Tailwind|p1b: Dragonite
|-sidestart|p1: iwobi my love|move: Tailwind
|move|p2b: Ursaluna|Hyper Voice|p1b: Dragonite|[spread] p1a,p1b
|-damage|p1a: Ninetales|46/100
|-damage|p1b: Dragonite|77/100 brn
|-damage|p2b: Ursaluna|91/100|[from] item: Life Orb
|
|-weather|Snowscape|[upkeep]
|-damage|p1b: Dragonite|71/100 brn|[from] brn
|upkeep
|turn|2
|
|t:|1756373971
|move|p2a: Talonflame|Tailwind|p2a: Talonflame
|-sidestart|p2: dont make me walk|move: Tailwind
|move|p1a: Ninetales|Blizzard|p2a: Talonflame|[spread] p2a,p2b
|-crit|p2b: Ursaluna
|-damage|p2a: Talonflame|57/100
|-damage|p2b: Ursaluna|35/100
|move|p1b: Dragonite|Scale Shot|p2a: Talonflame|[miss]
|-miss|p1b: Dragonite|p2a: Talonflame
|move|p2b: Ursaluna|Hyper Voice|p1a: Ninetales|[spread] p1a,p1b
|-damage|p1a: Ninetales|0 fnt
|-damage|p1b: Dragonite|23/100 brn
|faint|p1a: Ninetales
|-damage|p2b: Ursaluna|26/100|[from] item: Life Orb
|
|-weather|Snowscape|[upkeep]
|-damage|p1b: Dragonite|17/100 brn|[from] brn
|upkeep
|
|t:|1756373979
|switch|p1a: Sneasler|Sneasler, L50, M|100/100
|turn|3
|
|t:|1756373993
|move|p2a: Talonflame|Will-O-Wisp|p1a: Sneasler
|-status|p1a: Sneasler|brn
|move|p1a: Sneasler|Dire Claw|p2a: Talonflame
|-damage|p2a: Talonflame|35/100
|move|p1b: Dragonite|Scale Shot|p2b: Ursaluna
|-damage|p2b: Ursaluna|20/100
|-damage|p2b: Ursaluna|14/100
|-damage|p2b: Ursaluna|9/100
|-damage|p2b: Ursaluna|3/100
|-damage|p2b: Ursaluna|0 fnt
|faint|p2b: Ursaluna
|-hitcount|p2: Ursaluna|5
|-unboost|p1b: Dragonite|def|1
|-boost|p1b: Dragonite|spe|1
|
|-weather|Snowscape|[upkeep]
|-damage|p1b: Dragonite|11/100 brn|[from] brn
|-damage|p1a: Sneasler|94/100 brn|[from] brn
|upkeep
|
|t:|1756374001
|switch|p2b: Indeedee|Indeedee, L50, M|100/100
|-fieldstart|move: Psychic Terrain|[from] ability: Psychic Surge|[of] p2b: Indeedee
|turn|4
|
|t:|1756374009
|switch|p1a: Rillaboom|Rillaboom, L50, M|100/100
|-fieldstart|move: Grassy Terrain|[from] ability: Grassy Surge|[of] p1a: Rillaboom
|move|p1b: Dragonite|Scale Shot|p2a: Talonflame
|-damage|p2a: Talonflame|27/100
|-damage|p2a: Talonflame|18/100
|-damage|p2a: Talonflame|11/100
|-damage|p2a: Talonflame|2/100
|-damage|p2a: Talonflame|0 fnt
|faint|p2a: Talonflame
|-hitcount|p2: Talonflame|5
|-unboost|p1b: Dragonite|def|1
|-boost|p1b: Dragonite|spe|1
|move|p2b: Indeedee|Expanding Force|p1a: Rillaboom
|-damage|p1a: Rillaboom|80/100
|
|-weather|Snowscape|[upkeep]
|-heal|p1a: Rillaboom|86/100|[from] Grassy Terrain
|-damage|p1b: Dragonite|5/100 brn|[from] brn
|-sideend|p1: iwobi my love|move: Tailwind
|upkeep
|
|t:|1756374015
|switch|p2a: Sneasler|Sneasler, L50, M|100/100
|turn|5
|
|t:|1756374029
|move|p2a: Sneasler|Protect|p2a: Sneasler
|-singleturn|p2a: Sneasler|Protect
|move|p2b: Indeedee|Protect|p2b: Indeedee
|-singleturn|p2b: Indeedee|Protect
|move|p1a: Rillaboom|Fake Out|p2a: Sneasler
|-activate|p2a: Sneasler|move: Protect
|move|p1b: Dragonite|Scale Shot|p2b: Indeedee
|-activate|p2b: Indeedee|move: Protect
|
|-weather|none
|-heal|p1a: Rillaboom|92/100|[from] Grassy Terrain
|-damage|p1b: Dragonite|0 fnt|[from] brn
|faint|p1b: Dragonite
|-sideend|p2: dont make me walk|move: Tailwind
|-sideend|p1: iwobi my love|move: Aurora Veil
|upkeep
|
|t:|1756374034
|switch|p1b: Sneasler|Sneasler, L50, M|94/100 brn
|turn|6
|
|t:|1756374055
|-terastallize|p1a: Rillaboom|Fire
|move|p2a: Sneasler|Dire Claw|p1a: Rillaboom
|-damage|p1a: Rillaboom|48/100
|move|p2b: Indeedee|Expanding Force|p1b: Sneasler
|-supereffective|p1b: Sneasler
|-damage|p1b: Sneasler|0 fnt
|faint|p1b: Sneasler
|move|p1a: Rillaboom|High Horsepower|p2a: Sneasler
|-supereffective|p2a: Sneasler
|-damage|p2a: Sneasler|6/100
|
|-heal|p2a: Sneasler|12/100|[from] Grassy Terrain
|-heal|p1a: Rillaboom|54/100|[from] Grassy Terrain
|upkeep
|turn|7
|-message|iwobi my love forfeited.
|
|win|dont make me walk
|raw|iwobi my love's rating: 1146 → 1128(-18 for losing)
|raw|dont make me walk's rating: 1248 → 1266(+18 for winning)
|l|‽iwobi my love
|player|p1|
