|j|☆SizzleG
|j|☆takedownmy
|html|SizzleGtakedownmy    
|uhtml|bestof|Game 1 of a best-of-3
|t:|1756432305
|gametype|doubles
|player|p1|SizzleG|1|1107
|player|p2|takedownmy|102|1196
|gen|9
|tier|[Gen 9] VGC 2025 Reg H (Bo3)
|rated|
|rule|Species Clause: Limit one of each Pokémon
|rule|Item Clause: Limit 1 of each item
|clearpoke
|poke|p1|Basculegion, L50, M|
|poke|p1|Pelipper, L50, M|
|poke|p1|Archaludon, L50, M|
|poke|p1|Amoonguss, L50, M|
|poke|p1|Gholdengo, L50|
|poke|p1|Ninetales-Alola, L50, M|
|poke|p2|Glalie, L50, F|
|poke|p2|Incineroar, L50, M|
|poke|p2|Rillaboom, L50, M|
|poke|p2|Ninetales-Alola, L50, M|
|poke|p2|Gholdengo, L50|
|poke|p2|Sneasler, L50, M|
|teampreview|4
|showteam|p1|Basculegion||ChoiceScarf|Adaptability|WaveCrash,AquaJet,FlipTurn,LastRespects|||M|||50|,,,,,Grass]Pelipper||FocusSash|Drizzle|WeatherBall,Hurricane,Tailwind,Protect|||M|||50|,,,,,Ghost]Archaludon||AssaultVest|Stamina|FlashCannon,BodyPress,ElectroShot,DragonPulse|||M|||50|,,,,,Grass]Amoonguss||RockyHelmet|Regenerator|Spore,RagePowder,PollenPuff,Protect|||M|||50|,,,,,Fairy]Gholdengo||LifeOrb|GoodasGold|MakeItRain,ShadowBall,Protect,NastyPlot||||||50|,,,,,Flying]Ninetales-Alola||LightClay|SnowWarning|IcyWind,Blizzard,AuroraVeil,Protect|||M|||50|,,,,,Water
|showteam|p2|Glalie||Leftovers|Moody|IceBeam,TeraBlast,Substitute,Protect|||F|||50|,,,,,Electric]Incineroar||SafetyGoggles|Intimidate|FlareBlitz,KnockOff,PartingShot,FakeOut|||M|||50|,,,,,Ghost]Rillaboom||AssaultVest|GrassySurge|FakeOut,GrassyGlide,DrumBeating,HighHorsepower|||M|||50|,,,,,Fire]Ninetales-Alola||FocusSash|SnowWarning|Blizzard,IcyWind,Encore,AuroraVeil|||M|||50|,,,,,Ghost]Gholdengo||GrassySeed|GoodasGold|NastyPlot,MakeItRain,ShadowBall,Protect||||||50|,,,,,Water]Sneasler||WhiteHerb|Unburden|CloseCombat,DireClaw,ThroatChop,Protect|||M|||50|,,,,,Dark
|inactive|Battle timer is ON: inactive players will automatically lose when time's up. (requested by takedownmy)
|
|t:|1756432331
|teamsize|p1|4
|teamsize|p2|4
|start
|switch|p1a: Gholdengo|Gholdengo, L50|100/100
|switch|p1b: Ninetales|Ninetales-Alola, L50, M|100/100
|switch|p2a: Glalie|Glalie, L50, F|100/100
|switch|p2b: Incineroar|Incineroar, L50, M|100/100
|-weather|Snowscape|[from] ability: Snow Warning|[of] p1b: Ninetales
|-ability|p2b: Incineroar|Intimidate|boost
|-unboost|p1a: Gholdengo|atk|1
|-unboost|p1b: Ninetales|atk|1
|turn|1
|inactive|takedownmy has 30 seconds left.
|
|t:|1756432359
|-terastallize|p1a: Gholdengo|Flying
|-terastallize|p2a: Glalie|Electric
|move|p1b: Ninetales|Aurora Veil|p1b: Ninetales
|-sidestart|p1: SizzleG|move: Aurora Veil
|move|p1a: Gholdengo|Nasty Plot|p1a: Gholdengo
|-boost|p1a: Gholdengo|spa|2
|move|p2a: Glalie|Substitute|p2a: Glalie
|-start|p2a: Glalie|Substitute
|-damage|p2a: Glalie|75/100
|move|p2b: Incineroar|Knock Off|p1a: Gholdengo
|-damage|p1a: Gholdengo|72/100
|-enditem|p1a: Gholdengo|Life Orb|[from] move: Knock Off|[of] p2b: Incineroar
|
|-weather|Snowscape|[upkeep]
|-heal|p2a: Glalie|82/100|[from] item: Leftovers
|-ability|p2a: Glalie|Moody|boost
|-boost|p2a: Glalie|spd|2
|-unboost|p2a: Glalie|spa|1
|upkeep
|turn|2
|
|t:|1756432384
|move|p2a: Glalie|Protect|p2a: Glalie
|-singleturn|p2a: Glalie|Protect
|move|p1b: Ninetales|Blizzard|p2b: Incineroar|[spread] p2b
|-activate|p2a: Glalie|move: Protect
|-resisted|p2b: Incineroar
|-damage|p2b: Incineroar|89/100
|move|p1a: Gholdengo|Nasty Plot|p1a: Gholdengo
|-boost|p1a: Gholdengo|spa|2
|move|p2b: Incineroar|Parting Shot|p1b: Ninetales
|-unboost|p1b: Ninetales|atk|1
|-unboost|p1b: Ninetales|spa|1
|
|t:|1756432397
|switch|p2b: Ninetales|Ninetales-Alola, L50, M|100/100|[from] Parting Shot
|
|-weather|Snowscape|[upkeep]
|-heal|p2a: Glalie|88/100|[from] item: Leftovers
|-ability|p2a: Glalie|Moody|boost
|-boost|p2a: Glalie|atk|2
|-unboost|p2a: Glalie|def|1
|upkeep
|turn|3
|inactive|takedownmy has 30 seconds left.
|
|t:|1756432425
|move|p1a: Gholdengo|Protect|p1a: Gholdengo
|-singleturn|p1a: Gholdengo|Protect
|move|p2b: Ninetales|Encore|p1b: Ninetales
|-start|p1b: Ninetales|Encore
|move|p1b: Ninetales|Blizzard|p2b: Ninetales|[spread] p2a,p2b
|-crit|p2a: Glalie
|-end|p2a: Glalie|Substitute
|-resisted|p2b: Ninetales
|-damage|p2b: Ninetales|90/100
|move|p2a: Glalie|Tera Blast|p1a: Gholdengo|[anim] Tera Blast Electric
|-activate|p1a: Gholdengo|move: Protect
|
|-weather|Snowscape|[upkeep]
|-heal|p2a: Glalie|94/100|[from] item: Leftovers
|-ability|p2a: Glalie|Moody|boost
|-boost|p2a: Glalie|spa|2
|-unboost|p2a: Glalie|def|1
|upkeep
|turn|4
|
|t:|1756432437
|move|p1b: Ninetales|Blizzard|p2a: Glalie|[spread] p2a,p2b
|-resisted|p2b: Ninetales
|-damage|p2a: Glalie|83/100
|-damage|p2b: Ninetales|78/100
|move|p2b: Ninetales|Icy Wind|p1a: Gholdengo|[spread] p1a,p1b
|-supereffective|p1a: Gholdengo
|-resisted|p1b: Ninetales
|-damage|p1a: Gholdengo|51/100
|-damage|p1b: Ninetales|95/100
|-unboost|p1a: Gholdengo|spe|1
|-unboost|p1b: Ninetales|spe|1
|move|p2a: Glalie|Tera Blast|p1a: Gholdengo|[anim] Tera Blast Electric
|-supereffective|p1a: Gholdengo
|-damage|p1a: Gholdengo|0 fnt
|faint|p1a: Gholdengo
|
|-weather|Snowscape|[upkeep]
|-heal|p2a: Glalie|90/100|[from] item: Leftovers
|-ability|p2a: Glalie|Moody|boost
|-boost|p2a: Glalie|spd|2
|-unboost|p2a: Glalie|def|1
|upkeep
|
|t:|1756432447
|switch|p1a: Archaludon|Archaludon, L50, M|100/100
|turn|5
|
|t:|1756432462
|switch|p1b: Pelipper|Pelipper, L50, M|100/100
|-weather|RainDance|[from] ability: Drizzle|[of] p1b: Pelipper
|move|p2b: Ninetales|Aurora Veil||[still]
|-fail|p2b: Ninetales
|move|p2a: Glalie|Substitute|p2a: Glalie
|-start|p2a: Glalie|Substitute
|-damage|p2a: Glalie|65/100
|move|p1a: Archaludon|Flash Cannon|p2b: Ninetales
|-supereffective|p2b: Ninetales
|-damage|p2b: Ninetales|0 fnt
|faint|p2b: Ninetales
|
|-weather|RainDance|[upkeep]
|-heal|p2a: Glalie|71/100|[from] item: Leftovers
|-ability|p2a: Glalie|Moody|boost
|-boost|p2a: Glalie|def|2
|-unboost|p2a: Glalie|atk|1
|upkeep
|
|t:|1756432472
|switch|p2b: Rillaboom|Rillaboom, L50, M|100/100
|-fieldstart|move: Grassy Terrain|[from] ability: Grassy Surge|[of] p2b: Rillaboom
|turn|6
|
|t:|1756432483
|move|p2b: Rillaboom|Grassy Glide|p1b: Pelipper
|-damage|p1b: Pelipper|71/100
|move|p2a: Glalie|Tera Blast|p1b: Pelipper|[anim] Tera Blast Electric
|-supereffective|p1b: Pelipper
|-damage|p1b: Pelipper|0 fnt
|faint|p1b: Pelipper
|move|p1a: Archaludon|Body Press|p2a: Glalie
|-end|p2a: Glalie|Substitute
|
|-weather|RainDance|[upkeep]
|-heal|p2a: Glalie|77/100|[from] Grassy Terrain
|-heal|p2a: Glalie|83/100|[from] item: Leftovers
|-ability|p2a: Glalie|Moody|boost
|-boost|p2a: Glalie|spe|2
|-unboost|p2a: Glalie|spd|1
|upkeep
|
|t:|1756432489
|switch|p1b: Ninetales|Ninetales-Alola, L50, M|95/100
|-weather|Snowscape|[from] ability: Snow Warning|[of] p1b: Ninetales
|turn|7
|
|t:|1756432508
|move|p2a: Glalie|Protect|p2a: Glalie
|-singleturn|p2a: Glalie|Protect
|move|p1b: Ninetales|Icy Wind|p2a: Glalie|[spread] p2b
|-activate|p2a: Glalie|move: Protect
|-supereffective|p2b: Rillaboom
|-crit|p2b: Rillaboom
|-damage|p2b: Rillaboom|66/100
|-unboost|p2b: Rillaboom|spe|1
|move|p1a: Archaludon|Body Press|p2a: Glalie
|-activate|p2a: Glalie|move: Protect
|move|p2b: Rillaboom|High Horsepower|p1a: Archaludon
|-supereffective|p1a: Archaludon
|-damage|p1a: Archaludon|70/100
|-ability|p1a: Archaludon|Stamina|boost
|-boost|p1a: Archaludon|def|1
|
|-weather|Snowscape|[upkeep]
|-heal|p2a: Glalie|90/100|[from] Grassy Terrain
|-heal|p2a: Glalie|96/100|[from] item: Leftovers
|-heal|p1b: Ninetales|100/100|[from] Grassy Terrain
|-heal|p1a: Archaludon|77/100|[from] Grassy Terrain
|-heal|p2b: Rillaboom|71/100|[from] Grassy Terrain
|-ability|p2a: Glalie|Moody|boost
|-boost|p2a: Glalie|spd|2
|-unboost|p2a: Glalie|atk|1
|upkeep
|turn|8
|
|t:|1756432524
|move|p2a: Glalie|Substitute|p2a: Glalie
|-start|p2a: Glalie|Substitute
|-damage|p2a: Glalie|71/100
|move|p1b: Ninetales|Icy Wind|p2b: Rillaboom|[spread] p2a,p2b
|-activate|p2a: Glalie|move: Substitute|[damage]
|-supereffective|p2b: Rillaboom
|-damage|p2b: Rillaboom|46/100
|-unboost|p2b: Rillaboom|spe|1
|move|p1a: Archaludon|Body Press|p2a: Glalie
|-end|p2a: Glalie|Substitute
|move|p2b: Rillaboom|High Horsepower|p1a: Archaludon|[miss]
|-miss|p2b: Rillaboom|p1a: Archaludon
|
|-weather|Snowscape|[upkeep]
|-heal|p2a: Glalie|77/100|[from] Grassy Terrain
|-heal|p2a: Glalie|83/100|[from] item: Leftovers
|-heal|p1a: Archaludon|83/100|[from] Grassy Terrain
|-heal|p2b: Rillaboom|52/100|[from] Grassy Terrain
|-sideend|p1: SizzleG|move: Aurora Veil
|-ability|p2a: Glalie|Moody|boost
|-boost|p2a: Glalie|atk|2
|-unboost|p2a: Glalie|spd|1
|upkeep
|turn|9
|
|t:|1756432547
|move|p2a: Glalie|Substitute|p2a: Glalie
|-start|p2a: Glalie|Substitute
|-damage|p2a: Glalie|58/100
|move|p1b: Ninetales|Blizzard|p2b: Rillaboom|[spread] p2a,p2b
|-activate|p2a: Glalie|move: Substitute|[damage]
|-supereffective|p2b: Rillaboom
|-damage|p2b: Rillaboom|0 fnt
|faint|p2b: Rillaboom
|move|p1a: Archaludon|Body Press|p2a: Glalie
|-end|p2a: Glalie|Substitute
|
|-weather|Snowscape|[upkeep]
|-heal|p2a: Glalie|65/100|[from] Grassy Terrain
|-heal|p2a: Glalie|71/100|[from] item: Leftovers
|-heal|p1a: Archaludon|89/100|[from] Grassy Terrain
|-ability|p2a: Glalie|Moody|boost
|-boost|p2a: Glalie|spe|2
|-unboost|p2a: Glalie|spd|1
|upkeep
|
|t:|1756432554
|switch|p2b: Incineroar|Incineroar, L50, M|89/100
|-ability|p2b: Incineroar|Intimidate|boost
|-unboost|p1a: Archaludon|atk|1
|-unboost|p1b: Ninetales|atk|1
|turn|10
|
|t:|1756432564
|move|p2b: Incineroar|Fake Out|p1b: Ninetales
|-damage|p1b: Ninetales|90/100
|move|p2a: Glalie|Substitute|p2a: Glalie
|-start|p2a: Glalie|Substitute
|-damage|p2a: Glalie|46/100
|cant|p1b: Ninetales|flinch
|move|p1a: Archaludon|Body Press|p2a: Glalie
|-end|p2a: Glalie|Substitute
|
|-weather|Snowscape|[upkeep]
|-heal|p2a: Glalie|52/100|[from] Grassy Terrain
|-heal|p2a: Glalie|58/100|[from] item: Leftovers
|-heal|p1b: Ninetales|96/100|[from] Grassy Terrain
|-heal|p1a: Archaludon|95/100|[from] Grassy Terrain
|-heal|p2b: Incineroar|95/100|[from] Grassy Terrain
|-fieldend|move: Grassy Terrain
|-ability|p2a: Glalie|Moody|boost
|-boost|p2a: Glalie|spd|2
|-unboost|p2a: Glalie|atk|1
|upkeep
|turn|11
|
|t:|1756432584
|move|p2a: Glalie|Protect|p2a: Glalie
|-singleturn|p2a: Glalie|Protect
|move|p1b: Ninetales|Aurora Veil|p1b: Ninetales
|-sidestart|p1: SizzleG|move: Aurora Veil
|move|p1a: Archaludon|Body Press|p2a: Glalie
|-activate|p2a: Glalie|move: Protect
|move|p2b: Incineroar|Flare Blitz|p1b: Ninetales
|-supereffective|p1b: Ninetales
|-damage|p1b: Ninetales|40/100
|-damage|p2b: Incineroar|80/100|[from] Recoil
|
|-weather|none
|-heal|p2a: Glalie|65/100|[from] item: Leftovers
|-ability|p2a: Glalie|Moody|boost
|-boost|p2a: Glalie|atk|2
|-unboost|p2a: Glalie|def|1
|upkeep
|turn|12
|
|t:|1756432595
|move|p2a: Glalie|Substitute|p2a: Glalie
|-start|p2a: Glalie|Substitute
|-damage|p2a: Glalie|40/100
|move|p1b: Ninetales|Icy Wind|p2a: Glalie|[spread] p2a,p2b
|-activate|p2a: Glalie|move: Substitute|[damage]
|-resisted|p2b: Incineroar
|-damage|p2b: Incineroar|75/100
|-unboost|p2b: Incineroar|spe|1
|move|p1a: Archaludon|Body Press|p2a: Glalie
|-end|p2a: Glalie|Substitute
|move|p2b: Incineroar|Flare Blitz|p1b: Ninetales
|-supereffective|p1b: Ninetales
|-damage|p1b: Ninetales|0 fnt
|faint|p1b: Ninetales
|-damage|p2b: Incineroar|64/100|[from] Recoil
|
|-heal|p2a: Glalie|46/100|[from] item: Leftovers
|-ability|p2a: Glalie|Moody|boost
|-boost|p2a: Glalie|spa|2
|-unboost|p2a: Glalie|def|1
|upkeep
|turn|13
|
|t:|1756432610
|move|p2a: Glalie|Substitute|p2a: Glalie
|-start|p2a: Glalie|Substitute
|-damage|p2a: Glalie|21/100
|move|p1a: Archaludon|Body Press|p2b: Incineroar
|-supereffective|p2b: Incineroar
|-damage|p2b: Incineroar|0 fnt
|faint|p2b: Incineroar
|
|-heal|p2a: Glalie|27/100|[from] item: Leftovers
|-ability|p2a: Glalie|Moody|boost
|-boost|p2a: Glalie|def|2
|-unboost|p2a: Glalie|spd|1
|upkeep
|turn|14
|
|t:|1756432616
|move|p2a: Glalie|Protect|p2a: Glalie
|-singleturn|p2a: Glalie|Protect
|move|p1a: Archaludon|Body Press|p2a: Glalie
|-activate|p2a: Glalie|move: Protect
|
|-heal|p2a: Glalie|33/100|[from] item: Leftovers
|-ability|p2a: Glalie|Moody|boost
|-boost|p2a: Glalie|spe|2
|-unboost|p2a: Glalie|atk|1
|upkeep
|turn|15
|
|t:|1756432632
|move|p2a: Glalie|Ice Beam|p1a: Archaludon
|-damage|p1a: Archaludon|66/100
|-ability|p1a: Archaludon|Stamina|boost
|-boost|p1a: Archaludon|def|1
|move|p1a: Archaludon|Body Press|p2a: Glalie
|-end|p2a: Glalie|Substitute
|
|-heal|p2a: Glalie|40/100|[from] item: Leftovers
|-ability|p2a: Glalie|Moody|boost
|-boost|p2a: Glalie|spd|2
|-unboost|p2a: Glalie|spe|1
|upkeep
|turn|16
|
|t:|1756432643
|move|p2a: Glalie|Protect|p2a: Glalie
|-singleturn|p2a: Glalie|Protect
|move|p1a: Archaludon|Body Press|p2a: Glalie
|-activate|p2a: Glalie|move: Protect
|
|-heal|p2a: Glalie|46/100|[from] item: Leftovers
|-ability|p2a: Glalie|Moody|boost
|-boost|p2a: Glalie|atk|2
|-unboost|p2a: Glalie|spe|1
|upkeep
|turn|17
|
|t:|1756432654
|move|p2a: Glalie|Substitute|p2a: Glalie
|-start|p2a: Glalie|Substitute
|-damage|p2a: Glalie|21/100
|move|p1a: Archaludon|Body Press|p2a: Glalie
|-end|p2a: Glalie|Substitute
|
|-heal|p2a: Glalie|27/100|[from] item: Leftovers
|-ability|p2a: Glalie|Moody|boost
|-boost|p2a: Glalie|def|2
|-unboost|p2a: Glalie|atk|1
|upkeep
|turn|18
|
|t:|1756432660
|move|p2a: Glalie|Protect|p2a: Glalie
|-singleturn|p2a: Glalie|Protect
|move|p1a: Archaludon|Dragon Pulse|p2a: Glalie
|-activate|p2a: Glalie|move: Protect
|
|-heal|p2a: Glalie|33/100|[from] item: Leftovers
|-sideend|p1: SizzleG|move: Aurora Veil
|-ability|p2a: Glalie|Moody|boost
|-boost|p2a: Glalie|def|2
|-unboost|p2a: Glalie|spd|1
|upkeep
|turn|19
|
|t:|1756432671
|move|p2a: Glalie|Substitute|p2a: Glalie
|-start|p2a: Glalie|Substitute
|-damage|p2a: Glalie|8/100
|move|p1a: Archaludon|Body Press|p2a: Glalie
|-activate|p2a: Glalie|move: Substitute|[damage]
|
|-heal|p2a: Glalie|15/100|[from] item: Leftovers
|-ability|p2a: Glalie|Moody|boost
|-boost|p2a: Glalie|spa|2
|-unboost|p2a: Glalie|def|1
|upkeep
|turn|20
|
|t:|1756432678
|move|p2a: Glalie|Protect|p2a: Glalie
|-singleturn|p2a: Glalie|Protect
|move|p1a: Archaludon|Body Press|p2a: Glalie
|-activate|p2a: Glalie|move: Protect
|
|-heal|p2a: Glalie|21/100|[from] item: Leftovers
|-ability|p2a: Glalie|Moody|boost
|-boost|p2a: Glalie|atk|2
|-unboost|p2a: Glalie|def|1
|upkeep
|turn|21
|
|t:|1756432686
|move|p2a: Glalie|Ice Beam|p1a: Archaludon
|-damage|p1a: Archaludon|0 fnt
|faint|p1a: Archaludon
|
|win|takedownmy
||takedownmy is ready for game 2.
||SizzleG is ready for game 2.
|uhtml|next|Next: Game 2 of 3
