|j|☆protectthyking34
|j|☆tavinn_n
|html|protectthyking34tavinn_n    
|uhtml|bestof|Game 2 of a best-of-3
|t:|1785083828
|gametype|doubles
|player|p1|protectthyking34|rocketgrunt|1257
|player|p2|tavinn_n|ghetsis|1374
|gen|9
|tier|[Gen 9 Champions] VGC 2026 Reg M-B (Bo3)
|rated|
|rule|Species Clause: Limit one of each Pokémon
|rule|Item Clause: Limit 1 of each item
|clearpoke
|poke|p1|Delphox, L50, M|
|poke|p1|Incineroar, L50, M|
|poke|p1|Sneasler, L50, F|
|poke|p1|Sinistcha, L50|
|poke|p1|Kingambit, L50, M|
|poke|p1|Blastoise, L50, F|
|poke|p2|Tyranitar, L50, F|
|poke|p2|Excadrill, L50, M|
|poke|p2|Milotic, L50, M|
|poke|p2|Sinistcha, L50|
|poke|p2|Staraptor, L50, M|
|poke|p2|Gholdengo, L50|
|teampreview|4
|showteam|p1|Delphox||Delphoxite|Blaze|NastyPlot,Protect,Psyshock,HeatWave|Timid||M|||50|]Incineroar||SitrusBerry|Intimidate|FakeOut,PartingShot,FlareBlitz,DarkestLariat|Impish||M|||50|]Sneasler||FocusSash|PoisonTouch|GunkShot,FakeOut,CloseCombat,QuickGuard|Jolly||F|||50|]Sinistcha||OccaBerry|Hospitality|MatchaGotcha,RagePowder,TrickRoom,Protect|Calm|||||50|]Kingambit||BlackGlasses|Defiant|SuckerPunch,KowtowCleave,LowKick,Protect|Adamant||M|||50|]Blastoise||Blastoisinite|RainDish|ShellSmash,WaterSpout,DarkPulse,Protect|Timid||F|||50|
|showteam|p2|Tyranitar||Tyranitarite|SandStream|KnockOff,RockSlide,HighHorsepower,Protect|Jolly||F|||50|]Excadrill||FocusSash|SandRush|HighHorsepower,IronHead,RockSlide,Protect|Jolly||M|||50|]Milotic||SitrusBerry|Competitive|Scald,IcyWind,Haze,Protect|Calm||M|||50|]Sinistcha||ColburBerry|Hospitality|MatchaGotcha,ShadowBall,Protect,RagePowder|Bold|||||50|]Staraptor||Staraptite|Intimidate|CloseCombat,BraveBird,Tailwind,Protect|Jolly||M|||50|]Gholdengo||LifeOrb|GoodasGold|MakeItRain,ShadowBall,NastyPlot,Protect|Modest|||||50|
|inactive|Battle timer is ON: inactive players will automatically lose when time's up. (requested by tavinn_n)
|
|t:|1785083840
|teamsize|p1|4
|teamsize|p2|4
|start
|switch|p1a: Delphox|Delphox, L50, M|100/100
|switch|p1b: Sinistcha|Sinistcha, L50|100/100
|switch|p2a: Staraptor|Staraptor, L50, M|100/100
|switch|p2b: Sinistcha|Sinistcha, L50|100/100
|-ability|p2a: Staraptor|Intimidate|boost
|-unboost|p1a: Delphox|atk|1
|-unboost|p1b: Sinistcha|atk|1
|turn|1
|
|t:|1785083863
|switch|p1b: Incineroar|Incineroar, L50, M|100/100
|-ability|p1b: Incineroar|Intimidate|boost
|-unboost|p2a: Staraptor|atk|1
|-unboost|p2b: Sinistcha|atk|1
|detailschange|p1a: Delphox|Delphox-Mega, L50, M
|-mega|p1a: Delphox|Delphox|Delphoxite
|move|p2b: Sinistcha|Protect|p2b: Sinistcha
|-singleturn|p2b: Sinistcha|Protect
|move|p1a: Delphox|Heat Wave|p2a: Staraptor|[spread] p2a
|-activate|p2b: Sinistcha|move: Protect
|-damage|p2a: Staraptor|45/100
|move|p2a: Staraptor|Tailwind|p2a: Staraptor
|-sidestart|p2: tavinn_n|move: Tailwind
|
|upkeep
|turn|2
|
|t:|1785083882
|switch|p2b: Tyranitar|Tyranitar, L50, F|100/100
|-weather|Sandstorm|[from] ability: Sand Stream|[of] p2b: Tyranitar
|move|p1b: Incineroar|Fake Out|p2a: Staraptor
|-damage|p2a: Staraptor|32/100
|cant|p2a: Staraptor|flinch
|move|p1a: Delphox|Heat Wave|p2b: Tyranitar|[spread] p2a,p2b
|-resisted|p2b: Tyranitar|1
|-damage|p2a: Staraptor|0 fnt
|-damage|p2b: Tyranitar|88/100
|faint|p2a: Staraptor
|
|-weather|Sandstorm|[upkeep]
|-damage|p1a: Delphox|94/100|[from] Sandstorm
|-damage|p1b: Incineroar|94/100|[from] Sandstorm
|upkeep
|
|t:|1785083891
|switch|p2a: Excadrill|Excadrill, L50, M|100/100
|turn|3
|
|t:|1785083901
|switch|p1a: Kingambit|Kingambit, L50, M|100/100
|switch|p1b: Sinistcha|Sinistcha, L50|100/100
|detailschange|p2b: Tyranitar|Tyranitar-Mega, L50, F
|-mega|p2b: Tyranitar|Tyranitar|Tyranitarite
|move|p2a: Excadrill|High Horsepower|p1b: Sinistcha
|-resisted|p1b: Sinistcha|1
|-damage|p1b: Sinistcha|79/100
|move|p2b: Tyranitar|Knock Off|p1a: Kingambit
|-resisted|p1a: Kingambit|1
|-damage|p1a: Kingambit|77/100
|-enditem|p1a: Kingambit|Black Glasses|[from] move: Knock Off|[of] p2b: Tyranitar
|
|-weather|Sandstorm|[upkeep]
|-damage|p1b: Sinistcha|73/100|[from] Sandstorm
|upkeep
|turn|4
|inactive|tavinn_n has 30 seconds left.
|
|t:|1785083935
|switch|p2b: Sinistcha|Sinistcha, L50|100/100
|switch|p1b: Incineroar|Incineroar, L50, M|94/100
|-ability|p1b: Incineroar|Intimidate|boost
|-unboost|p2a: Excadrill|atk|1
|-unboost|p2b: Sinistcha|atk|1
|move|p1a: Kingambit|Protect|p1a: Kingambit
|-singleturn|p1a: Kingambit|Protect
|move|p2a: Excadrill|High Horsepower|p1a: Kingambit
|-activate|p1a: Kingambit|move: Protect
|
|-weather|Sandstorm|[upkeep]
|-damage|p2b: Sinistcha|94/100|[from] Sandstorm
|-damage|p1b: Incineroar|88/100|[from] Sandstorm
|-sideend|p2: tavinn_n|move: Tailwind
|upkeep
|turn|5
|
|t:|1785083955
|move|p2a: Excadrill|Protect|p2a: Excadrill
|-singleturn|p2a: Excadrill|Protect
|move|p2b: Sinistcha|Matcha Gotcha|p1b: Incineroar|[spread] p1a,p1b
|-resisted|p1a: Kingambit|1
|-resisted|p1b: Incineroar|1
|-damage|p1a: Kingambit|65/100
|-heal|p2b: Sinistcha|100/100|[from] drain|[of] p1a: Kingambit
|-damage|p1b: Incineroar|78/100
|move|p1b: Incineroar|Parting Shot|p2a: Excadrill
|-activate|p2a: Excadrill|move: Protect
|move|p1a: Kingambit|Kowtow Cleave|p2b: Sinistcha
|-supereffective|p2b: Sinistcha|1
|-enditem|p2b: Sinistcha|Colbur Berry|[eat]
|-enditem|p2b: Sinistcha|Colbur Berry|[weaken]
|-damage|p2b: Sinistcha|62/100
|
|-weather|Sandstorm|[upkeep]
|-damage|p2b: Sinistcha|56/100|[from] Sandstorm
|-damage|p1b: Incineroar|72/100|[from] Sandstorm
|upkeep
|turn|6
|
|t:|1785083976
|switch|p1a: Sinistcha|Sinistcha, L50|73/100
|-heal|p1b: Incineroar|97/100|[from] ability: Hospitality|[of] p1a: Sinistcha
|move|p2b: Sinistcha|Rage Powder|p2b: Sinistcha
|-singleturn|p2b: Sinistcha|move: Rage Powder
|move|p2a: Excadrill|High Horsepower|p1a: Sinistcha|[miss]
|-miss|p2a: Excadrill|p1a: Sinistcha
|move|p1b: Incineroar|Parting Shot|p2b: Sinistcha
|-unboost|p2b: Sinistcha|atk|1
|-unboost|p2b: Sinistcha|spa|1
|
|t:|1785083986
|switch|p1b: Kingambit|Kingambit, L50, M|65/100|[from] Parting Shot
|
|-weather|none
|upkeep
|turn|7
|
|t:|1785083996
|switch|p2a: Tyranitar|Tyranitar-Mega, L50, F|88/100
|-weather|Sandstorm|[from] ability: Sand Stream|[of] p2a: Tyranitar
|move|p2b: Sinistcha|Rage Powder|p2b: Sinistcha
|-singleturn|p2b: Sinistcha|move: Rage Powder
|move|p1a: Sinistcha|Matcha Gotcha|p2b: Sinistcha|[spread] p2b
|-miss|p1a: Sinistcha|p2a: Tyranitar
|-resisted|p2b: Sinistcha|1
|-damage|p2b: Sinistcha|44/100
|-heal|p1a: Sinistcha|79/100|[from] drain|[of] p2b: Sinistcha
|-status|p2b: Sinistcha|brn
|move|p1b: Kingambit|Kowtow Cleave|p2b: Sinistcha
|-supereffective|p2b: Sinistcha|1
|-damage|p2b: Sinistcha|0 fnt
|faint|p2b: Sinistcha
|
|-weather|Sandstorm|[upkeep]
|-damage|p1a: Sinistcha|73/100|[from] Sandstorm
|upkeep
|
|t:|1785084009
|switch|p2b: Excadrill|Excadrill, L50, M|100/100
|turn|8
|
|t:|1785084016
|switch|p1b: Incineroar|Incineroar, L50, M|97/100
|-ability|p1b: Incineroar|Intimidate|boost
|-unboost|p2a: Tyranitar|atk|1
|-unboost|p2b: Excadrill|atk|1
|move|p1a: Sinistcha|Protect|p1a: Sinistcha
|-singleturn|p1a: Sinistcha|Protect
|move|p2b: Excadrill|Rock Slide|p1b: Incineroar|[spread] p1b
|-activate|p1a: Sinistcha|move: Protect
|-supereffective|p1b: Incineroar|1
|-damage|p1b: Incineroar|76/100
|move|p2a: Tyranitar|Rock Slide|p1a: Sinistcha|[spread] p1b
|-activate|p1a: Sinistcha|move: Protect
|-supereffective|p1b: Incineroar|1
|-damage|p1b: Incineroar|41/100
|-enditem|p1b: Incineroar|Sitrus Berry|[eat]
|-heal|p1b: Incineroar|65/100|[from] item: Sitrus Berry
|
|-weather|Sandstorm|[upkeep]
|-damage|p1a: Sinistcha|67/100|[from] Sandstorm
|-damage|p1b: Incineroar|59/100|[from] Sandstorm
|upkeep
|turn|9
|
|t:|1785084035
|move|p2b: Excadrill|Protect|p2b: Excadrill
|-singleturn|p2b: Excadrill|Protect
|move|p1b: Incineroar|Fake Out|p2a: Tyranitar
|-resisted|p2a: Tyranitar|1
|-damage|p2a: Tyranitar|84/100
|cant|p2a: Tyranitar|flinch
|move|p1a: Sinistcha|Matcha Gotcha|p2b: Excadrill|[spread] 
|-activate|p2b: Excadrill|move: Protect
|-miss|p1a: Sinistcha|p2a: Tyranitar
|
|-weather|Sandstorm|[upkeep]
|-damage|p1a: Sinistcha|61/100|[from] Sandstorm
|-damage|p1b: Incineroar|53/100|[from] Sandstorm
|upkeep
|turn|10
|
|t:|1785084058
|switch|p1a: Kingambit|Kingambit, L50, M|65/100
|move|p2b: Excadrill|Rock Slide|p1a: Kingambit|[spread] p1a,p1b
|-resisted|p1a: Kingambit|1
|-supereffective|p1b: Incineroar|1
|-damage|p1a: Kingambit|60/100
|-damage|p1b: Incineroar|35/100
|move|p2a: Tyranitar|Rock Slide|p1b: Incineroar|[spread] p1b
|-miss|p2a: Tyranitar|p1a: Kingambit
|-supereffective|p1b: Incineroar|1
|-damage|p1b: Incineroar|2/100
|move|p1b: Incineroar|Parting Shot|p2a: Tyranitar
|-unboost|p2a: Tyranitar|atk|1
|-unboost|p2a: Tyranitar|spa|1
|
|t:|1785084069
|switch|p1b: Sinistcha|Sinistcha, L50|61/100|[from] Parting Shot
|-heal|p1a: Kingambit|84/100|[from] ability: Hospitality|[of] p1b: Sinistcha
|
|-weather|Sandstorm|[upkeep]
|-damage|p1b: Sinistcha|55/100|[from] Sandstorm
|upkeep
|turn|11
|
|t:|1785084082
|move|p2b: Excadrill|Rock Slide|p1b: Sinistcha|[spread] p1a,p1b
|-resisted|p1a: Kingambit|1
|-damage|p1a: Kingambit|79/100
|-damage|p1b: Sinistcha|43/100
|move|p2a: Tyranitar|Rock Slide|p1a: Kingambit|[spread] p1a,p1b
|-resisted|p1a: Kingambit|1
|-damage|p1a: Kingambit|73/100
|-damage|p1b: Sinistcha|28/100
|move|p1b: Sinistcha|Matcha Gotcha|p2b: Excadrill|[spread] p2a,p2b
|-supereffective|p2a: Tyranitar|1
|-damage|p2a: Tyranitar|58/100
|-heal|p1b: Sinistcha|42/100|[from] drain|[of] p2a: Tyranitar
|-damage|p2b: Excadrill|67/100
|-heal|p1b: Sinistcha|58/100|[from] drain|[of] p2b: Excadrill
|move|p1a: Kingambit|Low Kick|p2b: Excadrill
|-supereffective|p2b: Excadrill|1
|-damage|p2b: Excadrill|1/100
|
|-weather|none
|upkeep
|turn|12
|
|t:|1785084104
|switch|p1a: Incineroar|Incineroar, L50, M|2/100
|-ability|p1a: Incineroar|Intimidate|boost
|-unboost|p2a: Tyranitar|atk|1
|-unboost|p2b: Excadrill|atk|1
|move|p2b: Excadrill|Protect|p2b: Excadrill
|-singleturn|p2b: Excadrill|Protect
|move|p2a: Tyranitar|Knock Off|p1b: Sinistcha
|-supereffective|p1b: Sinistcha|1
|-damage|p1b: Sinistcha|21/100
|-enditem|p1b: Sinistcha|Occa Berry|[from] move: Knock Off|[of] p2a: Tyranitar
|move|p1b: Sinistcha|Matcha Gotcha|p2b: Excadrill|[spread] p2a
|-activate|p2b: Excadrill|move: Protect
|-supereffective|p2a: Tyranitar|1
|-damage|p2a: Tyranitar|23/100
|-heal|p1b: Sinistcha|41/100|[from] drain|[of] p2a: Tyranitar
|-status|p2a: Tyranitar|brn
|
|-damage|p2a: Tyranitar|17/100 brn|[from] brn
|upkeep
|turn|13
|-message|tavinn_n forfeited.
|
|win|protectthyking34
|l|☆tavinn_n
|player|p2|
