|j|☆nScorped
|j|☆raksbach
|html|nScorpedraksbach    
|uhtml|bestof|Game 1 of a best-of-3
|t:|1783604686
|gametype|doubles
|player|p1|nScorped|265|1043
|player|p2|raksbach|170|1082
|gen|9
|tier|[Gen 9 Champions] VGC 2026 Reg M-B (Bo3)
|rated|
|rule|Species Clause: Limit one of each Pokémon
|rule|Item Clause: Limit 1 of each item
|clearpoke
|poke|p1|Gengar, L50, M|
|poke|p1|Swampert, L50, F|
|poke|p1|Pelipper, L50, F|
|poke|p1|Archaludon, L50, M|
|poke|p1|Decidueye-Hisui, L50, F|
|poke|p1|Sylveon, L50, M|
|poke|p2|Incineroar, L50, M|
|poke|p2|Maushold, L50|
|poke|p2|Sinistcha, L50|
|poke|p2|Sneasler, L50, M|
|poke|p2|Blastoise, L50, M|
|poke|p2|Delphox, L50, M|
|teampreview|4
|showteam|p1|Gengar||Gengarite|CursedBody|ShadowBall,SludgeWave,Thunderbolt,Protect|Timid||M|||50|]Swampert||Swampertite|Torrent|WaveCrash,Earthquake,RockSlide,Protect|Adamant||F|||50|]Pelipper||FocusSash|Drizzle|WeatherBall,Hurricane,Tailwind,Protect|Timid||F|||50|]Archaludon||Leftovers|Stamina|ElectroShot,FlashCannon,DracoMeteor,Protect|Modest||M|||50|]Decidueye-Hisui||ExpertBelt|Overgrow|TripleArrows,LeafBlade,BraveBird,Roost|Adamant||F|||50|]Sylveon||FairyFeather|CuteCharm|QuickAttack,HyperBeam,HyperVoice,Detect|Timid||M|||50|
|showteam|p2|Incineroar||SitrusBerry|Intimidate|FakeOut,FlareBlitz,DarkestLariat,PartingShot|Impish||M|||50|]Maushold||ChopleBerry|FriendGuard|SuperFang,FollowMe,Protect,Feint|Impish|||||50|]Sinistcha||OccaBerry|Hospitality|MatchaGotcha,LifeDew,RagePowder,Protect|Bold|||||50|]Sneasler||FocusSash|PoisonTouch|FakeOut,CloseCombat,DireClaw,QuickGuard|Jolly||M|||50|]Blastoise||Blastoisinite|Torrent|WaterSpout,DarkPulse,ShellSmash,Protect|Modest||M|||50|]Delphox||Delphoxite|Blaze|HeatWave,Psychic,NastyPlot,Protect|Timid||M|||50|
|inactive|Battle timer is ON: inactive players will automatically lose when time's up. (requested by raksbach)
|inactive|nScorped has 60 seconds left.
|
|t:|1783604725
|teamsize|p1|4
|teamsize|p2|4
|start
|switch|p1a: Gengar|Gengar, L50, M|100/100
|switch|p1b: Pelipper|Pelipper, L50, F|100/100
|switch|p2a: Blastoise|Blastoise, L50, M|100/100
|switch|p2b: Maushold|Maushold, L50|100/100
|-weather|RainDance|[from] ability: Drizzle|[of] p1b: Pelipper
|turn|1
|inactive|nScorped has 30 seconds left.
|
|t:|1783604752
|detailschange|p1a: Gengar|Gengar-Mega, L50, M
|-mega|p1a: Gengar|Gengar|Gengarite
|detailschange|p2a: Blastoise|Blastoise-Mega, L50, M
|-mega|p2a: Blastoise|Blastoise|Blastoisinite
|move|p2b: Maushold|Follow Me|p2b: Maushold
|-singleturn|p2b: Maushold|move: Follow Me
|move|p1a: Gengar|Thunderbolt|p2b: Maushold
|-damage|p2b: Maushold|55/100
|move|p2a: Blastoise|Water Spout|p1b: Pelipper|[spread] p1a,p1b
|-resisted|p1b: Pelipper|1
|-damage|p1a: Gengar|0 fnt
|-damage|p1b: Pelipper|11/100
|faint|p1a: Gengar
|move|p1b: Pelipper|Tailwind|p1b: Pelipper
|-sidestart|p1: nScorped|move: Tailwind
|
|-weather|RainDance|[upkeep]
|upkeep
|
|t:|1783604765
|switch|p1a: Archaludon|Archaludon, L50, M|100/100
|turn|2
|
|t:|1783604771
|move|p1b: Pelipper|Protect|p1b: Pelipper
|-singleturn|p1b: Pelipper|Protect
|move|p2b: Maushold|Follow Me|p2b: Maushold
|-singleturn|p2b: Maushold|move: Follow Me
|move|p1a: Archaludon|Electro Shot||[still]
|-prepare|p1a: Archaludon|Electro Shot
|-boost|p1a: Archaludon|spa|1
|-anim|p1a: Archaludon|Electro Shot|p2b: Maushold
|-damage|p2b: Maushold|0 fnt
|faint|p2b: Maushold
|move|p2a: Blastoise|Water Spout|p1b: Pelipper|[spread] p1a
|-activate|p1b: Pelipper|move: Protect
|-resisted|p1a: Archaludon|1
|-crit|p1a: Archaludon
|-damage|p1a: Archaludon|0 fnt
|faint|p1a: Archaludon
|
|-weather|RainDance|[upkeep]
|upkeep
|inactive|raksbach has 30 seconds left.
|
|t:|1783604797
|switch|p2b: Sinistcha|Sinistcha, L50|100/100
|switch|p1a: Decidueye|Decidueye-Hisui, L50, F|100/100
|turn|3
|
|t:|1783604808
|move|p2a: Blastoise|Protect|p2a: Blastoise
|-singleturn|p2a: Blastoise|Protect
|move|p1b: Pelipper|Hurricane|p2b: Sinistcha
|-supereffective|p2b: Sinistcha|1
|-damage|p2b: Sinistcha|19/100
|move|p1a: Decidueye|Leaf Blade|p2a: Blastoise
|-activate|p2a: Blastoise|move: Protect
|move|p2b: Sinistcha|Matcha Gotcha|p1b: Pelipper|[spread] p1a
|-miss|p2b: Sinistcha|p1b: Pelipper
|-resisted|p1a: Decidueye|1
|-damage|p1a: Decidueye|89/100
|-heal|p2b: Sinistcha|25/100|[from] drain|[of] p1a: Decidueye
|-status|p1a: Decidueye|brn
|
|-weather|RainDance|[upkeep]
|-damage|p1a: Decidueye|83/100 brn|[from] brn
|upkeep
|turn|4
|
|t:|1783604831
|switch|p2a: Sneasler|Sneasler, L50, M|100/100
|move|p2b: Sinistcha|Protect|p2b: Sinistcha
|-singleturn|p2b: Sinistcha|Protect
|move|p1b: Pelipper|Hurricane|p2b: Sinistcha
|-activate|p2b: Sinistcha|move: Protect
|move|p1a: Decidueye|Leaf Blade|p2a: Sneasler
|-resisted|p2a: Sneasler|1
|-damage|p2a: Sneasler|81/100
|
|-weather|RainDance|[upkeep]
|-damage|p1a: Decidueye|76/100 brn|[from] brn
|-sideend|p1: nScorped|move: Tailwind
|upkeep
|turn|5
|inactive|nScorped has 30 seconds left.
|
|t:|1783604856
|move|p1b: Pelipper|Protect|p1b: Pelipper
|-singleturn|p1b: Pelipper|Protect
|move|p2a: Sneasler|Dire Claw|p1a: Decidueye
|-supereffective|p1a: Decidueye|1
|-damage|p1a: Decidueye|0 fnt
|faint|p1a: Decidueye
|move|p2b: Sinistcha|Matcha Gotcha|p1b: Pelipper
|-activate|p1b: Pelipper|move: Protect
|
|-weather|none
|upkeep
|turn|6
|-message|nScorped forfeited.
|
|win|raksbach
