|j|☆viatles
|j|☆Pingasman67
|html|viatlesPingasman67    
|uhtml|bestof|Game 1 of a best-of-3
|t:|1783565438
|gametype|doubles
|player|p1|viatles|hiker|1111
|player|p2|Pingasman67|170|1107
|gen|9
|tier|[Gen 9 Champions] VGC 2026 Reg M-B (Bo3)
|rated|
|rule|Species Clause: Limit one of each Pokémon
|rule|Item Clause: Limit 1 of each item
|clearpoke
|poke|p1|Beedrill, L50, M|
|poke|p1|Corviknight, L50, M|
|poke|p1|Hydreigon, L50, F|
|poke|p1|Sableye, L50, M|
|poke|p1|Talonflame, L50, M|
|poke|p1|Glimmora, L50, M|
|poke|p2|Ninetales, L50, F|
|poke|p2|Pyroar, L50, F|
|poke|p2|Whimsicott, L50, M|
|poke|p2|Sylveon, L50, F|
|poke|p2|Metagross, L50|
|poke|p2|Garchomp, L50, M|
|teampreview|4
|showteam|p1|Beedrill||Beedrillite|Sniper|Uturn,DrillRun,PoisonJab,Protect|Jolly||M|||50|]Corviknight||Leftovers|MirrorArmor|BodyPress,BraveBird,IronHead,Roost|Impish||M|||50|]Hydreigon||ChoiceScarf|Levitate|DracoMeteor,DarkPulse,HeatWave,EarthPower|Modest||F|||50|]Sableye||RoseliBerry|Prankster|FakeOut,FoulPlay,RainDance,Quash|Sassy||M|||50|]Talonflame||SharpBeak|GaleWings|DualWingbeat,Tailwind,Protect,WillOWisp|Jolly||M|||50|]Glimmora||FocusSash|ToxicDebris|PowerGem,SludgeBomb,EarthPower,SpikyShield|Modest||M|||50|
|showteam|p2|Ninetales||ChoiceScarf|Drought|WeatherBall,HeatWave,SolarBeam,FakeTears|Modest||F|||50|]Pyroar||Pyroarite|Unnerve|HeatWave,SolarBeam,Overheat,Protect|Timid||F|||50|]Whimsicott||FocusSash|Prankster|Moonblast,SunnyDay,Tailwind,Protect|Timid||M|||50|]Sylveon||FairyFeather|Pixilate|HyperBeam,HyperVoice,QuickAttack,Detect|Modest||F|||50|]Metagross||Metagrossite|ClearBody|IronHead,RockSlide,BodyPress,Protect|Jolly|||||50|]Garchomp||LifeOrb|RoughSkin|StompingTantrum,RockSlide,DragonClaw,Protect|Jolly||M|||50|
|c|☆viatles|gl hf
|inactive|Battle timer is ON: inactive players will automatically lose when time's up. (requested by viatles)
|inactive|Pingasman67 has 60 seconds left.
|
|t:|1783565479
|teamsize|p1|4
|teamsize|p2|4
|start
|switch|p1a: Talonflame|Talonflame, L50, M|100/100
|switch|p1b: Hydreigon|Hydreigon, L50, F|100/100
|switch|p2a: Whimsicott|Whimsicott, L50, M|100/100
|switch|p2b: Sylveon|Sylveon, L50, F|100/100
|turn|1
|inactive|Pingasman67 has 30 seconds left.
|
|t:|1783565505
|switch|p1b: Corviknight|Corviknight, L50, M|100/100
|move|p2a: Whimsicott|Protect|p2a: Whimsicott
|-singleturn|p2a: Whimsicott|Protect
|move|p1a: Talonflame|Dual Wingbeat|p2a: Whimsicott
|-activate|p2a: Whimsicott|move: Protect
|move|p2b: Sylveon|Hyper Voice|p1a: Talonflame|[spread] p1a,p1b
|-resisted|p1a: Talonflame|1
|-resisted|p1b: Corviknight|1
|-damage|p1a: Talonflame|64/100
|-damage|p1b: Corviknight|78/100
|
|-heal|p1b: Corviknight|84/100|[from] item: Leftovers
|upkeep
|turn|2
|
|t:|1783565522
|move|p2a: Whimsicott|Tailwind|p2a: Whimsicott
|-sidestart|p2: Pingasman67|move: Tailwind
|move|p2b: Sylveon|Hyper Beam|p1a: Talonflame
|-resisted|p1a: Talonflame|1
|-damage|p1a: Talonflame|0 fnt
|-mustrecharge|p2b: Sylveon
|faint|p1a: Talonflame
|move|p1b: Corviknight|Iron Head|p2b: Sylveon
|-supereffective|p2b: Sylveon|1
|-damage|p2b: Sylveon|23/100
|
|-heal|p1b: Corviknight|91/100|[from] item: Leftovers
|upkeep
|
|t:|1783565532
|switch|p1a: Beedrill|Beedrill, L50, M|100/100
|turn|3
|
|t:|1783565545
|detailschange|p1a: Beedrill|Beedrill-Mega, L50, M
|-mega|p1a: Beedrill|Beedrill|Beedrillite
|move|p2a: Whimsicott|Moonblast|p1a: Beedrill
|-resisted|p1a: Beedrill|1
|-crit|p1a: Beedrill
|-damage|p1a: Beedrill|59/100
|move|p1a: Beedrill|Poison Jab|p2a: Whimsicott
|-supereffective|p2a: Whimsicott|2
|-enditem|p2a: Whimsicott|Focus Sash
|-damage|p2a: Whimsicott|1/100
|cant|p2b: Sylveon|recharge
|move|p1b: Corviknight|Iron Head|p2b: Sylveon
|-supereffective|p2b: Sylveon|1
|-damage|p2b: Sylveon|0 fnt
|faint|p2b: Sylveon
|
|-heal|p1b: Corviknight|97/100|[from] item: Leftovers
|upkeep
|
|t:|1783565555
|switch|p2b: Pyroar|Pyroar, L50, F|100/100
|-ability|p2b: Pyroar|Unnerve
|turn|4
|
|t:|1783565574
|switch|p1b: Hydreigon|Hydreigon, L50, F|100/100
|detailschange|p2b: Pyroar|Pyroar-Mega, L50, F
|-mega|p2b: Pyroar|Pyroar|Pyroarite
|move|p1a: Beedrill|Protect|p1a: Beedrill
|-singleturn|p1a: Beedrill|Protect
|move|p2a: Whimsicott|Sunny Day|p2a: Whimsicott
|-weather|SunnyDay
|move|p2b: Pyroar|Heat Wave|p1b: Hydreigon|[spread] p1b
|-activate|p1a: Beedrill|move: Protect
|-resisted|p1b: Hydreigon|1
|-damage|p1b: Hydreigon|52/100
|-status|p1b: Hydreigon|brn
|
|-weather|SunnyDay|[upkeep]
|-damage|p1b: Hydreigon|46/100 brn|[from] brn
|upkeep
|turn|5
|inactive|viatles has 30 seconds left.
|
|t:|1783565603
|switch|p1b: Corviknight|Corviknight, L50, M|97/100
|move|p2a: Whimsicott|Protect|p2a: Whimsicott
|-singleturn|p2a: Whimsicott|Protect
|move|p2b: Pyroar|Heat Wave|p1a: Beedrill|[spread] p1a,p1b
|-supereffective|p1a: Beedrill|1
|-supereffective|p1b: Corviknight|1
|-damage|p1a: Beedrill|0 fnt
|-damage|p1b: Corviknight|0 fnt
|faint|p1a: Beedrill
|faint|p1b: Corviknight
|
|-weather|SunnyDay|[upkeep]
|-sideend|p2: Pingasman67|move: Tailwind
|upkeep
|
|t:|1783565616
|switch|p1b: Hydreigon|Hydreigon, L50, F|46/100 brn
|turn|6
|
|t:|1783565625
|move|p2a: Whimsicott|Tailwind|p2a: Whimsicott
|-sidestart|p2: Pingasman67|move: Tailwind
|move|p2b: Pyroar|Overheat|p1b: Hydreigon
|-resisted|p1b: Hydreigon|1
|-damage|p1b: Hydreigon|0 fnt
|-unboost|p2b: Pyroar|spa|2
|faint|p1b: Hydreigon
|
|win|Pingasman67
||Pingasman67 is ready for game 2.
