|j|☆the_Sam3560
|j|☆takuabionicle
|html|the_Sam3560takuabionicle    
|uhtml|bestof|Game 1 of a best-of-3
|t:|1757706561
|gametype|doubles
|player|p1|the_Sam3560|saturn|1071
|player|p2|takuabionicle|lillie-z|1064
|gen|9
|tier|[Gen 9] VGC 2025 Reg H (Bo3)
|rated|
|rule|Species Clause: Limit one of each Pokémon
|rule|Item Clause: Limit 1 of each item
|clearpoke
|poke|p1|Rillaboom, L50, F|
|poke|p1|Kingambit, L50, M|
|poke|p1|Sneasler, L50, F|
|poke|p1|Dragonite, L50, F|
|poke|p1|Gastrodon, L50, F|
|poke|p1|Ceruledge, L50, F|
|poke|p2|Kommo-o, L50, M|
|poke|p2|Volcarona, L50, F|
|poke|p2|Clefable, L50, F|
|poke|p2|Rillaboom, L50, F|
|poke|p2|Grimmsnarl, L50, M|
|poke|p2|Salamence, L50, F|
|teampreview|4
|showteam|p1|Rillaboom||AssaultVest|GrassySurge|WoodHammer,GrassyGlide,FakeOut,HighHorsepower|||F|||50|,,,,,Fire]Kingambit||SafetyGoggles|Defiant|KowtowCleave,SuckerPunch,SwordsDance,Protect|||M|||50|,,,,,Ghost]Sneasler||FocusSash|Unburden|DireClaw,CloseCombat,Coaching,FakeOut|||F|||50|,,,,,Ghost]Dragonite||LoadedDice|Multiscale|ExtremeSpeed,ScaleShot,LowKick,Protect|||F|||50|,,,,,Fairy]Gastrodon||SitrusBerry|StormDrain|EarthPower,IceBeam,ClearSmog,Protect|||F|||50|,,,,,Poison]Ceruledge||Leftovers|FlashFire|BitterBlade,ShadowSneak,BulkUp,Protect|||F|||50|,,,,,Grass
|showteam|p2|Kommo-o||ThroatSpray|Overcoat|ClangingScales,ClangorousSoul,Protect,Flamethrower|||M|||50|,,,,,Steel]Volcarona||Leftovers|FlameBody|QuiverDance,Protect,GigaDrain,FieryDance|||F|||50|,,,,,Grass]Clefable||SafetyGoggles|Unaware|FollowMe,HealPulse,Protect,Moonblast|||F|||50|,,,,,Water]Rillaboom||AssaultVest|GrassySurge|WoodHammer,GrassyGlide,FakeOut,HighHorsepower|||F|||50|,,,,,Grass]Grimmsnarl||LightClay|Prankster|Reflect,LightScreen,ThunderWave,SpiritBreak|||M|||50|,,,,,Ghost]Salamence||ClearAmulet|Intimidate|Tailwind,TeraBlast,DragonClaw,IronHead|||F|||50|,,,,,Water
|inactive|Battle timer is ON: inactive players will automatically lose when time's up. (requested by takuabionicle)
|inactive|the_Sam3560 has 60 seconds left.
|inactive|takuabionicle has 60 seconds left.
|inactive|the_Sam3560 has 30 seconds left.
|inactive|takuabionicle has 30 seconds left.
|inactive|the_Sam3560 has 20 seconds left.
|inactive|takuabionicle has 20 seconds left.
|inactive|the_Sam3560 has 15 seconds left.
|inactive|takuabionicle has 15 seconds left.
|inactive|the_Sam3560 has 10 seconds left.
|inactive|takuabionicle has 10 seconds left.
|inactive|the_Sam3560 has 5 seconds left.
|inactive|takuabionicle has 5 seconds left.
|
|t:|1757706657
|teamsize|p1|4
|teamsize|p2|4
|start
|switch|p1a: Rillaboom|Rillaboom, L50, F|100/100
|switch|p1b: Kingambit|Kingambit, L50, M|100/100
|switch|p2a: Rillaboom|Rillaboom, L50, F|100/100
|switch|p2b: Volcarona|Volcarona, L50, F|100/100
|-fieldstart|move: Grassy Terrain|[from] ability: Grassy Surge|[of] p1a: Rillaboom
|turn|1
|inactive|the_Sam3560 has 30 seconds left.
|inactive|the_Sam3560 has 20 seconds left.
|
|t:|1757706694
|switch|p1b: Dragonite|Dragonite, L50, F|100/100
|move|p2b: Volcarona|Protect|p2b: Volcarona
|-singleturn|p2b: Volcarona|Protect
|move|p1a: Rillaboom|Fake Out|p2b: Volcarona
|-activate|p2b: Volcarona|move: Protect
|move|p2a: Rillaboom|Fake Out|p1b: Dragonite
|-damage|p1b: Dragonite|93/100
|
|upkeep
|turn|2
|inactive|the_Sam3560 has 30 seconds left.
|inactive|the_Sam3560 has 20 seconds left.
|inactive|the_Sam3560 has 15 seconds left.
|
|t:|1757706736
|switch|p2a: Clefable|Clefable, L50, F|100/100
|-terastallize|p1a: Rillaboom|Fire
|move|p2b: Volcarona|Quiver Dance|p2b: Volcarona
|-boost|p2b: Volcarona|spa|1
|-boost|p2b: Volcarona|spd|1
|-boost|p2b: Volcarona|spe|1
|move|p1b: Dragonite|Scale Shot|p2b: Volcarona
|-damage|p2b: Volcarona|83/100
|-damage|p2b: Volcarona|64/100
|-damage|p2b: Volcarona|46/100
|-damage|p2b: Volcarona|28/100
|-hitcount|p2b: Volcarona|4
|-unboost|p1b: Dragonite|def|1
|-boost|p1b: Dragonite|spe|1
|move|p1a: Rillaboom|Wood Hammer|p2b: Volcarona
|-resisted|p2b: Volcarona
|-damage|p2b: Volcarona|2/100
|-damage|p1a: Rillaboom|93/100|[from] Recoil
|
|-heal|p2b: Volcarona|8/100|[from] Grassy Terrain
|-heal|p2b: Volcarona|15/100|[from] item: Leftovers
|-heal|p1a: Rillaboom|99/100|[from] Grassy Terrain
|upkeep
|turn|3
|inactive|the_Sam3560 has 30 seconds left.
|inactive|the_Sam3560 has 20 seconds left.
|
|t:|1757706771
|switch|p1b: Sneasler|Sneasler, L50, F|100/100
|move|p2a: Clefable|Follow Me|p2a: Clefable
|-singleturn|p2a: Clefable|move: Follow Me
|move|p1a: Rillaboom|Grassy Glide|p2a: Clefable
|-damage|p2a: Clefable|72/100
|move|p2b: Volcarona|Fiery Dance|p1b: Sneasler
|-damage|p1b: Sneasler|20/100
|-boost|p2b: Volcarona|spa|1
|
|-heal|p2b: Volcarona|21/100|[from] Grassy Terrain
|-heal|p2b: Volcarona|27/100|[from] item: Leftovers
|-heal|p1b: Sneasler|25/100|[from] Grassy Terrain
|-heal|p1a: Rillaboom|100/100|[from] Grassy Terrain
|-heal|p2a: Clefable|78/100|[from] Grassy Terrain
|upkeep
|turn|4
|inactive|the_Sam3560 has 30 seconds left.
|inactive|takuabionicle has 30 seconds left.
|inactive|the_Sam3560 has 20 seconds left.
|inactive|the_Sam3560 has 15 seconds left.
|inactive|takuabionicle has 20 seconds left.
|inactive|the_Sam3560 has 10 seconds left.
|inactive|the_Sam3560 has 5 seconds left.
|
|t:|1757706826
|move|p2b: Volcarona|Protect|p2b: Volcarona
|-singleturn|p2b: Volcarona|Protect
|move|p1b: Sneasler|Dire Claw|p2b: Volcarona
|-activate|p2b: Volcarona|move: Protect
|move|p1a: Rillaboom|Wood Hammer|p2b: Volcarona
|-activate|p2b: Volcarona|move: Protect
|move|p2a: Clefable|Heal Pulse|p2b: Volcarona
|-activate|p2b: Volcarona|move: Protect
|
|-heal|p2b: Volcarona|33/100|[from] Grassy Terrain
|-heal|p2b: Volcarona|40/100|[from] item: Leftovers
|-heal|p1b: Sneasler|31/100|[from] Grassy Terrain
|-heal|p2a: Clefable|84/100|[from] Grassy Terrain
|upkeep
|turn|5
|
|t:|1757706848
|move|p2a: Clefable|Follow Me|p2a: Clefable
|-singleturn|p2a: Clefable|move: Follow Me
|move|p2b: Volcarona|Fiery Dance|p1b: Sneasler
|-crit|p1b: Sneasler
|-damage|p1b: Sneasler|0 fnt
|faint|p1b: Sneasler
|move|p1a: Rillaboom|Wood Hammer|p2a: Clefable
|-damage|p2a: Clefable|23/100
|-damage|p1a: Rillaboom|80/100|[from] Recoil
|
|-heal|p2b: Volcarona|46/100|[from] Grassy Terrain
|-heal|p2b: Volcarona|52/100|[from] item: Leftovers
|-heal|p1a: Rillaboom|86/100|[from] Grassy Terrain
|-heal|p2a: Clefable|29/100|[from] Grassy Terrain
|-fieldend|move: Grassy Terrain
|upkeep
|
|t:|1757706864
|switch|p1b: Kingambit|Kingambit, L50, M|100/100
|turn|6
|inactive|the_Sam3560 has 30 seconds left.
|
|t:|1757706891
|-terastallize|p2b: Volcarona|Grass
|move|p1b: Kingambit|Protect|p1b: Kingambit
|-singleturn|p1b: Kingambit|Protect
|move|p2b: Volcarona|Quiver Dance|p2b: Volcarona
|-boost|p2b: Volcarona|spa|1
|-boost|p2b: Volcarona|spd|1
|-boost|p2b: Volcarona|spe|1
|move|p1a: Rillaboom|High Horsepower|p2a: Clefable
|-damage|p2a: Clefable|0 fnt
|faint|p2a: Clefable
|
|-heal|p2b: Volcarona|58/100|[from] item: Leftovers
|upkeep
|
|t:|1757706905
|switch|p2a: Rillaboom|Rillaboom, L50, F|100/100
|-fieldstart|move: Grassy Terrain|[from] ability: Grassy Surge|[of] p2a: Rillaboom
|turn|7
|
|t:|1757706927
|move|p2a: Rillaboom|Fake Out|p1a: Rillaboom
|-damage|p1a: Rillaboom|73/100
|move|p2b: Volcarona|Fiery Dance|p1b: Kingambit
|-supereffective|p1b: Kingambit
|-damage|p1b: Kingambit|0 fnt
|faint|p1b: Kingambit
|cant|p1a: Rillaboom|flinch
|
|-heal|p2b: Volcarona|65/100|[from] Grassy Terrain
|-heal|p2b: Volcarona|71/100|[from] item: Leftovers
|-heal|p1a: Rillaboom|79/100|[from] Grassy Terrain
|upkeep
|
|t:|1757706938
|switch|p1b: Dragonite|Dragonite, L50, F|93/100
|turn|8
|
|t:|1757706954
|move|p2b: Volcarona|Giga Drain|p1b: Dragonite
|-resisted|p1b: Dragonite
|-damage|p1b: Dragonite|59/100
|-heal|p2b: Volcarona|86/100|[from] drain|[of] p1b: Dragonite
|move|p1b: Dragonite|Scale Shot|p2b: Volcarona
|-damage|p2b: Volcarona|67/100
|-damage|p2b: Volcarona|48/100
|-damage|p2b: Volcarona|30/100
|-damage|p2b: Volcarona|11/100
|-damage|p2b: Volcarona|0 fnt
|faint|p2b: Volcarona
|-hitcount|p2: Volcarona|5
|-unboost|p1b: Dragonite|def|1
|-boost|p1b: Dragonite|spe|1
|move|p1a: Rillaboom|High Horsepower|p2a: Rillaboom
|-resisted|p2a: Rillaboom
|-damage|p2a: Rillaboom|85/100
|move|p2a: Rillaboom|Wood Hammer|p1b: Dragonite
|-resisted|p1b: Dragonite
|-damage|p1b: Dragonite|22/100
|-damage|p2a: Rillaboom|75/100|[from] Recoil
|
|-heal|p1a: Rillaboom|85/100|[from] Grassy Terrain
|-heal|p2a: Rillaboom|81/100|[from] Grassy Terrain
|upkeep
|
|t:|1757706961
|switch|p2b: Kommo-o|Kommo-o, L50, M, shiny|100/100
|turn|9
|inactive|the_Sam3560 has 30 seconds left.
|
|t:|1757706990
|move|p2b: Kommo-o|Protect|p2b: Kommo-o
|-singleturn|p2b: Kommo-o|Protect
|move|p1b: Dragonite|Scale Shot|p2b: Kommo-o
|-activate|p2b: Kommo-o|move: Protect
|move|p1a: Rillaboom|Wood Hammer|p2a: Rillaboom
|-resisted|p2a: Rillaboom
|-crit|p2a: Rillaboom
|-damage|p2a: Rillaboom|22/100
|-damage|p1a: Rillaboom|65/100|[from] Recoil
|move|p2a: Rillaboom|High Horsepower|p1a: Rillaboom
|-supereffective|p1a: Rillaboom
|-damage|p1a: Rillaboom|4/100
|
|-heal|p1a: Rillaboom|10/100|[from] Grassy Terrain
|-heal|p2a: Rillaboom|28/100|[from] Grassy Terrain
|upkeep
|turn|10
|inactive|takuabionicle has 30 seconds left.
|
|t:|1757707016
|move|p1b: Dragonite|Extreme Speed|p2a: Rillaboom
|-damage|p2a: Rillaboom|0 fnt
|faint|p2a: Rillaboom
|move|p2b: Kommo-o|Clanging Scales|p1a: Rillaboom|[spread] p1a,p1b
|-supereffective|p1b: Dragonite
|-damage|p1a: Rillaboom|0 fnt
|-damage|p1b: Dragonite|0 fnt
|faint|p1a: Rillaboom
|faint|p1b: Dragonite
|-enditem|p2b: Kommo-o|Throat Spray
|
|win|takuabionicle
||takuabionicle is ready for game 2.
||the_Sam3560 is ready for game 2.
|uhtml|next|Next: Game 2 of 3
|l|☆takuabionicle
|player|p2|
