|j|☆Frakub
|j|☆MoltresMania
|html|FrakubMoltresMania    
|uhtml|bestof|Game 2 of a best-of-3
|t:|1754935031
|gametype|doubles
|player|p1|Frakub|acetrainer-gen4dp|1201
|player|p2|MoltresMania|170|1231
|gen|9
|tier|[Gen 9] VGC 2025 Reg H (Bo3)
|rated|
|rule|Species Clause: Limit one of each Pokémon
|rule|Item Clause: Limit 1 of each item
|clearpoke
|poke|p1|Kingambit, L50, M|
|poke|p1|Rillaboom, L50, M|
|poke|p1|Electabuzz, L50, F|
|poke|p1|Incineroar, L50, F|
|poke|p1|Ninetales-Alola, L50, M|
|poke|p1|Dragonite, L50, M|
|poke|p2|Kingdra, L50, M|
|poke|p2|Pelipper, L50, M|
|poke|p2|Incineroar, L50, M|
|poke|p2|Tsareena, L50, F|
|poke|p2|Gholdengo, L50|
|poke|p2|Whimsicott, L50, F|
|teampreview|4
|showteam|p1|Kingambit||BlackGlasses|Defiant|KowtowCleave,SuckerPunch,SwordsDance,Protect|||M|||50|,,,,,Dark]Rillaboom||AssaultVest|GrassySurge|WoodHammer,GrassyGlide,Uturn,FakeOut|||M|||50|,,,,,Fire]Electabuzz||Eviolite|VitalSpirit|Electroweb,FollowMe,Taunt,Protect|||F|||50|,,,,,Ghost]Incineroar||SafetyGoggles|Intimidate|FakeOut,PartingShot,KnockOff,FlareBlitz|||F|||50|,,,,,Ghost]Ninetales-Alola||NeverMeltIce|SnowWarning|Blizzard,FreezeDry,Protect,Encore|||M|||50|,,,,,Ghost]Dragonite||LoadedDice|Multiscale|ScaleShot,Tailwind,Haze,Protect|||M|||50|,,,,,Steel
|showteam|p2|Kingdra||LifeOrb|SwiftSwim|MuddyWater,WeatherBall,DracoMeteor,Protect|||M|||50|,,,,,Stellar]Pelipper||FocusSash|Drizzle|Hurricane,WeatherBall,Protect,HelpingHand|||M|||50|,,,,,Ghost]Incineroar||SafetyGoggles|Intimidate|FlareBlitz,KnockOff,PartingShot,FakeOut|||M|||50|,,,,,Ghost]Tsareena||AssaultVest|QueenlyMajesty|PowerWhip,LowKick,TripleAxel,Uturn|||F|||50|,,,,,Fighting]Gholdengo||MetalCoat|GoodasGold|MakeItRain,NastyPlot,ShadowBall,Protect||||||50|,,,,,Water]Whimsicott||CovertCloak|Prankster|Moonblast,Tailwind,FakeTears,Encore|||F|||50|,,,,,Water
|inactive|Battle timer is ON: inactive players will automatically lose when time's up. (requested by Frakub)
|inactive|MoltresMania also wants the timer to be on.
|
|t:|1754935059
|teamsize|p1|4
|teamsize|p2|4
|start
|switch|p1a: Kingambit|Kingambit, L50, M|100/100
|switch|p1b: Electabuzz|Electabuzz, L50, F|100/100
|switch|p2a: Gholdengo|Gholdengo, L50|100/100
|switch|p2b: Tsareena|Tsareena, L50, F|100/100
|turn|1
|
|t:|1754935077
|move|p1b: Electabuzz|Follow Me|p1b: Electabuzz
|-singleturn|p1b: Electabuzz|move: Follow Me
|move|p2a: Gholdengo|Shadow Ball|p1b: Electabuzz
|-damage|p1b: Electabuzz|63/100
|move|p2b: Tsareena|Low Kick|p1b: Electabuzz
|-damage|p1b: Electabuzz|44/100
|move|p1a: Kingambit|Swords Dance|p1a: Kingambit
|-boost|p1a: Kingambit|atk|2
|
|upkeep
|turn|2
|inactive|MoltresMania has 30 seconds left.
|inactive|MoltresMania has 20 seconds left.
|inactive|MoltresMania has 15 seconds left.
|inactive|MoltresMania has 10 seconds left.
|
|t:|1754935125
|move|p1a: Kingambit|Protect|p1a: Kingambit
|-singleturn|p1a: Kingambit|Protect
|move|p1b: Electabuzz|Electroweb|p2b: Tsareena|[spread] p2a,p2b
|-resisted|p2b: Tsareena
|-damage|p2a: Gholdengo|85/100
|-damage|p2b: Tsareena|95/100
|-unboost|p2a: Gholdengo|spe|1
|-unboost|p2b: Tsareena|spe|1
|move|p2a: Gholdengo|Nasty Plot|p2a: Gholdengo
|-boost|p2a: Gholdengo|spa|2
|move|p2b: Tsareena|U-turn|p1b: Electabuzz
|-damage|p1b: Electabuzz|17/100
|
|t:|1754935132
|switch|p2b: Pelipper|Pelipper, L50, M|100/100|[from] U-turn
|-weather|RainDance|[from] ability: Drizzle|[of] p2b: Pelipper
|
|-weather|RainDance|[upkeep]
|upkeep
|turn|3
|inactive|MoltresMania has 30 seconds left.
|
|t:|1754935161
|switch|p1b: Ninetales|Ninetales-Alola, L50, M|100/100
|-weather|Snowscape|[from] ability: Snow Warning|[of] p1b: Ninetales
|move|p2b: Pelipper|Protect|p2b: Pelipper
|-singleturn|p2b: Pelipper|Protect
|move|p2a: Gholdengo|Make It Rain|p1a: Kingambit|[spread] p1a,p1b
|-resisted|p1a: Kingambit
|-supereffective|p1b: Ninetales
|-damage|p1a: Kingambit|41/100
|-damage|p1b: Ninetales|0 fnt
|-unboost|p2a: Gholdengo|spa|1
|faint|p1b: Ninetales
|move|p1a: Kingambit|Kowtow Cleave|p2a: Gholdengo
|-supereffective|p2a: Gholdengo
|-damage|p2a: Gholdengo|0 fnt
|faint|p2a: Gholdengo
|
|-weather|Snowscape|[upkeep]
|upkeep
|inactive|MoltresMania has 30 seconds left.
|
|t:|1754935187
|switch|p1b: Electabuzz|Electabuzz, L50, F|17/100
|switch|p2a: Kingdra|Kingdra, L50, M|100/100
|turn|4
|inactive|Frakub has 30 seconds left.
|inactive|Frakub has 20 seconds left.
|inactive|Frakub has 15 seconds left.
|
|t:|1754935231
|switch|p2b: Tsareena|Tsareena, L50, F|95/100
|-terastallize|p2a: Kingdra|Stellar
|-terastallize|p1a: Kingambit|Dark
|move|p1b: Electabuzz|Electroweb|p2a: Kingdra|[spread] p2a,p2b
|-resisted|p2b: Tsareena
|-damage|p2a: Kingdra|85/100
|-damage|p2b: Tsareena|90/100
|-unboost|p2a: Kingdra|spe|1
|-unboost|p2b: Tsareena|spe|1
|move|p2a: Kingdra|Muddy Water|p1a: Kingambit|[spread] p1a,p1b
|-damage|p1a: Kingambit|0 fnt
|-damage|p1b: Electabuzz|0 fnt
|faint|p1a: Kingambit
|faint|p1b: Electabuzz
|-damage|p2a: Kingdra|75/100|[from] item: Life Orb
|
|-weather|Snowscape|[upkeep]
|upkeep
|
|t:|1754935234
|switch|p1b: Rillaboom|Rillaboom, L50, M|100/100
|-fieldstart|move: Grassy Terrain|[from] ability: Grassy Surge|[of] p1b: Rillaboom
|turn|5
|
|t:|1754935251
|move|p2a: Kingdra|Protect|p2a: Kingdra
|-singleturn|p2a: Kingdra|Protect
|move|p1b: Rillaboom|Wood Hammer|p2a: Kingdra
|-activate|p2a: Kingdra|move: Protect
|move|p2b: Tsareena|U-turn|p1b: Rillaboom
|-supereffective|p1b: Rillaboom
|-damage|p1b: Rillaboom|56/100
|
|t:|1754935255
|switch|p2b: Pelipper|Pelipper, L50, M|100/100|[from] U-turn
|-weather|RainDance|[from] ability: Drizzle|[of] p2b: Pelipper
|
|-weather|RainDance|[upkeep]
|-heal|p2a: Kingdra|81/100|[from] Grassy Terrain
|-heal|p1b: Rillaboom|62/100|[from] Grassy Terrain
|upkeep
|turn|6
|
|t:|1754935260
|move|p2a: Kingdra|Draco Meteor|p1b: Rillaboom
|-damage|p1b: Rillaboom|0 fnt
|-unboost|p2a: Kingdra|spa|2
|faint|p1b: Rillaboom
|-damage|p2a: Kingdra|72/100|[from] item: Life Orb
|
|win|MoltresMania
|raw|Frakub's rating: 1201 → 1178(-23 for losing)
|raw|MoltresMania's rating: 1231 → 1254(+23 for winning)
|c|☆Frakub|gg
|l|☆MoltresMania
|player|p2|
