|j|☆up14
|j|☆jumilapipe rpplf
|html|up14jumilapipe rpplf    
|uhtml|bestof|Game 1 of a best-of-3
|t:|1783868538
|gametype|doubles
|player|p1|up14|cynthia-masters|
|player|p2|jumilapipe rpplf|102|
|gen|9
|tier|[Gen 9 Champions] VGC 2026 Reg M-B (Bo3)
|rule|Species Clause: Limit one of each Pokémon
|rule|Item Clause: Limit 1 of each item
|clearpoke
|poke|p1|Staraptor, L50, F|
|poke|p1|Basculegion, L50, M|
|poke|p1|Sneasler, L50, M|
|poke|p1|Sinistcha, L50|
|poke|p1|Ceruledge, L50, F|
|poke|p1|Ariados, L50, F|
|poke|p2|Rampardos, L50, M|
|poke|p2|Whimsicott, L50, M|
|poke|p2|Sinistcha-Masterpiece, L50|
|poke|p2|Incineroar, L50, M|
|poke|p2|Kingambit, L50, M|
|poke|p2|Delphox, L50, M|
|teampreview|4
|showteam|p1|Staraptor||Staraptite|Intimidate|BulkUp,CloseCombat,BraveBird,Roost|Serious||F|||50|]Basculegion||ChoiceScarf|Adaptability|LastRespects,FlipTurn,PsychicFangs,WaveCrash|Jolly||M|||50|]Sneasler||WhiteHerb|Unburden|CloseCombat,FakeOut,DireClaw,ThroatChop|Adamant||M|||50|]Sinistcha||Leftovers|Hospitality|RagePowder,MatchaGotcha,StrengthSap,TrickRoom|Relaxed|||||50|]Ceruledge||FocusSash|WeakArmor|SwordsDance,Poltergeist,BitterBlade,DestinyBond|Jolly||F|||50|]Ariados||ChartiBerry|Sniper|StickyWeb,ToxicSpikes,SuckerPunch,RagePowder|Careful||F|||50|
|showteam|p2|Rampardos||LifeOrb|SheerForce|RockSlide,HeadSmash,FirePunch,Protect|Adamant||M|||50|]Whimsicott||FocusSash|Prankster|Moonblast,SunnyDay,Encore,Tailwind|Timid||M|||50|]Sinistcha-Masterpiece||SitrusBerry|Hospitality|MatchaGotcha,RagePowder,LifeDew,Protect|Bold|||||50|]Incineroar||ChopleBerry|Intimidate|FakeOut,PartingShot,FlareBlitz,DarkestLariat|Adamant||M|||50|]Kingambit||BlackGlasses|Defiant|KowtowCleave,LowKick,SwordsDance,SuckerPunch|Adamant||M|||50|]Delphox||Delphoxite|Blaze|HeatWave,Psychic,NastyPlot,Protect|Timid||M|||50|
|
|t:|1783868581
|teamsize|p1|4
|teamsize|p2|4
|start
|switch|p1a: Ariados|Ariados, L50, F|100/100
|switch|p1b: Staraptor|Staraptor, L50, F|100/100
|switch|p2a: Delphox|Delphox, L50, M|100/100
|switch|p2b: Incineroar|Incineroar, L50, M|100/100
|-ability|p1b: Staraptor|Intimidate|boost
|-unboost|p2a: Delphox|atk|1
|-unboost|p2b: Incineroar|atk|1
|-ability|p2b: Incineroar|Intimidate|boost
|-unboost|p1a: Ariados|atk|1
|-unboost|p1b: Staraptor|atk|1
|turn|1
|j| ATLT8418 Fidel
|
|t:|1783868618
|detailschange|p2a: Delphox|Delphox-Mega, L50, M
|-mega|p2a: Delphox|Delphox|Delphoxite
|detailschange|p1b: Staraptor|Staraptor-Mega, L50, F
|-mega|p1b: Staraptor|Staraptor|Staraptite
|move|p2b: Incineroar|Fake Out|p1a: Ariados
|-damage|p1a: Ariados|88/100
|cant|p1a: Ariados|flinch
|move|p2a: Delphox|Nasty Plot|p2a: Delphox
|-boost|p2a: Delphox|spa|2
|move|p1b: Staraptor|Brave Bird|p2a: Delphox
|-damage|p2a: Delphox|39/100
|-damage|p1b: Staraptor|80/100|[from] Recoil
|
|upkeep
|turn|2
|l| ATLT8418 Fidel
|
|t:|1783868648
|move|p1a: Ariados|Sucker Punch|p2a: Delphox
|-supereffective|p2a: Delphox|1
|-damage|p2a: Delphox|9/100
|move|p2a: Delphox|Psychic|p1b: Staraptor
|-supereffective|p1b: Staraptor|1
|-damage|p1b: Staraptor|0 fnt
|faint|p1b: Staraptor
|move|p2b: Incineroar|Flare Blitz|p1a: Ariados
|-supereffective|p1a: Ariados|1
|-damage|p1a: Ariados|0 fnt
|faint|p1a: Ariados
|-damage|p2b: Incineroar|74/100|[from] Recoil
|
|upkeep
|
|t:|1783868666
|switch|p1b: Ceruledge|Ceruledge, L50, F|100/100
|switch|p1a: Basculegion|Basculegion, L50, M|100/100
|turn|3
|
|t:|1783868677
|switch|p2b: Sinistcha|Sinistcha-Masterpiece, L50|100/100
|-heal|p2a: Delphox|34/100|[from] ability: Hospitality|[of] p2b: Sinistcha
|move|p2a: Delphox|Protect|p2a: Delphox
|-singleturn|p2a: Delphox|Protect
|move|p1a: Basculegion|Last Respects|p2a: Delphox
|-activate|p2a: Delphox|move: Protect
|move|p1b: Ceruledge|Swords Dance|p1b: Ceruledge
|-boost|p1b: Ceruledge|atk|2
|
|upkeep
|turn|4
|j| ATLT8418 Fidel
|
|t:|1783868693
|move|p2b: Sinistcha|Rage Powder|p2b: Sinistcha
|-singleturn|p2b: Sinistcha|move: Rage Powder
|move|p1a: Basculegion|Last Respects|p2b: Sinistcha
|-supereffective|p2b: Sinistcha|1
|-damage|p2b: Sinistcha|0 fnt
|faint|p2b: Sinistcha
|move|p2a: Delphox|Psychic|p1a: Basculegion
|-damage|p1a: Basculegion|0 fnt
|faint|p1a: Basculegion
|move|p1b: Ceruledge|Poltergeist|p2a: Delphox
|-activate|p2a: Delphox|move: Poltergeist|Delphoxite
|-supereffective|p2a: Delphox|1
|-crit|p2a: Delphox
|-damage|p2a: Delphox|0 fnt
|faint|p2a: Delphox
|
|upkeep
|
|t:|1783868699
|switch|p2a: Incineroar|Incineroar, L50, M|74/100
|switch|p2b: Kingambit|Kingambit, L50, M|100/100
|-ability|p2a: Incineroar|Intimidate|boost
|-unboost|p1b: Ceruledge|atk|1
|turn|5
|
|t:|1783868709
|move|p2b: Kingambit|Sucker Punch|p1b: Ceruledge
|-supereffective|p1b: Ceruledge|1
|-enditem|p1b: Ceruledge|Focus Sash
|-damage|p1b: Ceruledge|1/100
|-ability|p1b: Ceruledge|Weak Armor|boost
|-unboost|p1b: Ceruledge|def|1
|-boost|p1b: Ceruledge|spe|2
|move|p1b: Ceruledge|Bitter Blade|p2b: Kingambit
|-supereffective|p2b: Kingambit|1
|-damage|p2b: Kingambit|0 fnt
|-heal|p1b: Ceruledge|64/100|[from] drain|[of] p2b: Kingambit
|faint|p2b: Kingambit
|move|p2a: Incineroar|Darkest Lariat|p1b: Ceruledge
|-supereffective|p1b: Ceruledge|1
|-damage|p1b: Ceruledge|0 fnt
|faint|p1b: Ceruledge
|
|win|jumilapipe rpplf
|inactive|up14 has 30 seconds to confirm battle start!
|inactive|jumilapipe rpplf has 30 seconds to confirm battle start!
||jumilapipe rpplf is ready for game 2.
||up14 is ready for game 2.
|uhtml|next|Next: Game 2 of 3
|l| ATLT8418 Fidel
