|j|☆gunkqing
|j|☆jonen
|html|gunkqingjonen    
|uhtml|bestof|Game 1 of a best-of-3
|t:|1756304187
|gametype|doubles
|player|p1|gunkqing|striker|
|player|p2|jonen|hiker-gen4|
|gen|9
|tier|[Gen 9] VGC 2025 Reg H (Bo3)
|rule|Species Clause: Limit one of each Pokémon
|rule|Item Clause: Limit 1 of each item
|clearpoke
|poke|p1|Charizard, L50, M|
|poke|p1|Jumpluff, L50, F|
|poke|p1|Torkoal, L50, F|
|poke|p1|Ursaluna, L50, M|
|poke|p1|Incineroar, L50, M|
|poke|p1|Duskull, L50, M|
|poke|p2|Garchomp, L50, M|
|poke|p2|Weezing-Galar, L50, M|
|poke|p2|Archaludon, L50, M|
|poke|p2|Gholdengo, L50|
|poke|p2|Talonflame, L50, F|
|poke|p2|Annihilape, L50, M|
|teampreview|4
|showteam|p1|Charizard||ChoiceSpecs|SolarPower|HeatWave,Overheat,WeatherBall,DragonPulse|||M|||50|,,,,,Ghost]Jumpluff||CovertCloak|Chlorophyll|SleepPowder,Tailwind,RagePowder,SunnyDay|||F|||50|,,,,,Water]Torkoal||EjectPack|Drought|Overheat,Eruption,ClearSmog,Protect|||F|||50|,,,,,Fire]Ursaluna||FlameOrb|Guts|Facade,HeadlongRush,Earthquake,Protect|||M|||50|,,,,,Ghost]Incineroar||AssaultVest|Intimidate|FakeOut,FlareBlitz,KnockOff,Uturn|||M|||50|,,,,,Ghost]Duskull||Eviolite|Levitate|NightShade,TrickRoom,Haze,PainSplit|||M|||50|,,,,,Steel
|showteam|p2|Garchomp||LifeOrb|RoughSkin|DragonClaw,Earthquake,StompingTantrum,Protect|||M|||50|,,,,,Ground]Weezing-Galar||FocusSash|NeutralizingGas|Protect,SludgeBomb,Taunt,StrangeSteam|||M|||50|,,,,,Flying]Archaludon||PowerHerb|Sturdy|ElectroShot,Thunderbolt,DracoMeteor,Protect|||M|||50|,,,,,Electric]Gholdengo||ChoiceSpecs|GoodasGold|ShadowBall,DazzlingGleam,PowerGem,MakeItRain||||||50|,,,,,Fairy]Talonflame||CovertCloak|GaleWings|Tailwind,DualWingbeat,WillOWisp,FlareBlitz|||F|||50|,,,,,Fairy]Annihilape||AssaultVest|Defiant|CloseCombat,RageFist,FinalGambit,IcePunch|||M|||50|,,,,,Grass
|inactive|Battle timer is ON: inactive players will automatically lose when time's up. (requested by gunkqing)
|c|☆gunkqing|glhf
|c|☆jonen|u2
|inactive|gunkqing has 60 seconds left.
|inactive|jonen has 60 seconds left.
|
|t:|1756304241
|teamsize|p1|4
|teamsize|p2|4
|start
|switch|p1a: Jumpluff|Jumpluff, L50, F|100/100
|switch|p1b: Charizard|Charizard, L50, M|100/100
|switch|p2a: Weezing|Weezing-Galar, L50, M|100/100
|switch|p2b: Talonflame|Talonflame, L50, F|100/100
|-ability|p2a: Weezing|Neutralizing Gas
|turn|1
|inactive|gunkqing has 30 seconds left.
|inactive|gunkqing has 20 seconds left.
|inactive|gunkqing has 15 seconds left.
|
|t:|1756304281
|move|p2b: Talonflame|Tailwind|p2b: Talonflame
|-sidestart|p2: jonen|move: Tailwind
|move|p2a: Weezing|Taunt|p1a: Jumpluff
|-start|p1a: Jumpluff|move: Taunt
|cant|p1a: Jumpluff|move: Taunt|Tailwind
|move|p1b: Charizard|Heat Wave|p2a: Weezing|[spread] p2a,p2b
|-resisted|p2b: Talonflame
|-damage|p2a: Weezing|17/100
|-damage|p2b: Talonflame|63/100
|
|upkeep
|turn|2
|inactive|jonen has 30 seconds left.
|
|t:|1756304311
|switch|p1a: Incineroar|Incineroar, L50, M|100/100
|move|p2b: Talonflame|Flare Blitz|p1a: Incineroar
|-resisted|p1a: Incineroar
|-damage|p1a: Incineroar|77/100
|-damage|p2b: Talonflame|53/100|[from] Recoil
|move|p2a: Weezing|Sludge Bomb|p1b: Charizard
|-damage|p1b: Charizard|49/100
|move|p1b: Charizard|Heat Wave|p2a: Weezing|[spread] p2a,p2b
|-resisted|p2b: Talonflame
|-damage|p2a: Weezing|0 fnt
|-damage|p2b: Talonflame|14/100
|faint|p2a: Weezing
|-end|p2a: Weezing|ability: Neutralizing Gas
|-ability|p1a: Incineroar|Intimidate|boost
|-unboost|p2b: Talonflame|atk|1
|
|upkeep
|
|t:|1756304315
|switch|p2a: Archaludon|Archaludon, L50, M|100/100
|turn|3
|
|t:|1756304324
|move|p2a: Archaludon|Protect|p2a: Archaludon
|-singleturn|p2a: Archaludon|Protect
|move|p1a: Incineroar|Fake Out|p2a: Archaludon
|-activate|p2a: Archaludon|move: Protect
|move|p2b: Talonflame|Flare Blitz|p1b: Charizard
|-resisted|p1b: Charizard
|-damage|p1b: Charizard|25/100
|-damage|p2b: Talonflame|6/100|[from] Recoil
|move|p1b: Charizard|Heat Wave|p2b: Talonflame|[spread] p2b
|-activate|p2a: Archaludon|move: Protect
|-resisted|p2b: Talonflame
|-damage|p2b: Talonflame|0 fnt
|faint|p2b: Talonflame
|
|upkeep
|
|t:|1756304334
|switch|p2b: Garchomp|Garchomp, L50, M|100/100
|turn|4
|inactive|jonen has 30 seconds left.
|inactive|gunkqing has 30 seconds left.
|
|t:|1756304371
|-terastallize|p2a: Archaludon|Electric
|-terastallize|p1a: Incineroar|Ghost
|move|p2b: Garchomp|Dragon Claw|p1b: Charizard
|-damage|p1b: Charizard|0 fnt
|faint|p1b: Charizard
|-damage|p2b: Garchomp|91/100|[from] item: Life Orb
|move|p2a: Archaludon|Electro Shot||[still]
|-prepare|p2a: Archaludon|Electro Shot
|-boost|p2a: Archaludon|spa|1
|-enditem|p2a: Archaludon|Power Herb
|-anim|p2a: Archaludon|Electro Shot|p1a: Incineroar
|-damage|p1a: Incineroar|23/100
|move|p1a: Incineroar|U-turn|p2a: Archaludon
|-damage|p2a: Archaludon|82/100
|
|t:|1756304378
|switch|p1a: Jumpluff|Jumpluff, L50, F|100/100|[from] U-turn
|
|-sideend|p2: jonen|move: Tailwind
|upkeep
|
|t:|1756304384
|switch|p1b: Incineroar|Incineroar, L50, M, tera:Ghost|23/100
|-ability|p1b: Incineroar|Intimidate|boost
|-unboost|p2a: Archaludon|atk|1
|-unboost|p2b: Garchomp|atk|1
|turn|5
|
|t:|1756304400
|move|p1a: Jumpluff|Tailwind|p1a: Jumpluff
|-sidestart|p1: gunkqing|move: Tailwind
|move|p2b: Garchomp|Dragon Claw|p1b: Incineroar
|-damage|p1b: Incineroar|0 fnt
|faint|p1b: Incineroar
|-damage|p2b: Garchomp|81/100|[from] item: Life Orb
|move|p2a: Archaludon|Draco Meteor|p1a: Jumpluff
|-damage|p1a: Jumpluff|0 fnt
|-unboost|p2a: Archaludon|spa|2
|faint|p1a: Jumpluff
|
|upkeep
|
|t:|1756304405
|switch|p1b: Ursaluna|Ursaluna, L50, M|100/100
|turn|6
|
|t:|1756304434
|move|p1b: Ursaluna|Earthquake|p2a: Archaludon|[spread] p2a,p2b
|-supereffective|p2a: Archaludon
|-damage|p2a: Archaludon|13/100
|-damage|p2b: Garchomp|41/100
|move|p2b: Garchomp|Dragon Claw|p1b: Ursaluna
|-damage|p1b: Ursaluna|73/100
|-damage|p2b: Garchomp|31/100|[from] item: Life Orb
|move|p2a: Archaludon|Draco Meteor|p1b: Ursaluna
|-damage|p1b: Ursaluna|28/100
|-unboost|p2a: Archaludon|spa|2
|
|-status|p1b: Ursaluna|brn|[from] item: Flame Orb
|upkeep
|turn|7
|
|t:|1756304443
|move|p2b: Garchomp|Protect|p2b: Garchomp
|-singleturn|p2b: Garchomp|Protect
|move|p2a: Archaludon|Protect|p2a: Archaludon
|-singleturn|p2a: Archaludon|Protect
|move|p1b: Ursaluna|Earthquake|p2a: Archaludon|[spread] 
|-activate|p2a: Archaludon|move: Protect
|-activate|p2b: Garchomp|move: Protect
|
|-damage|p1b: Ursaluna|22/100 brn|[from] brn
|upkeep
|turn|8
|inactive|jonen has 30 seconds left.
|
|t:|1756304476
|move|p2b: Garchomp|Protect|p2b: Garchomp
|-singleturn|p2b: Garchomp|Protect
|move|p2a: Archaludon|Protect||[still]
|-fail|p2a: Archaludon
|move|p1b: Ursaluna|Earthquake|p2b: Garchomp|[spread] p2a
|-activate|p2b: Garchomp|move: Protect
|-supereffective|p2a: Archaludon
|-damage|p2a: Archaludon|0 fnt
|faint|p2a: Archaludon
|
|-damage|p1b: Ursaluna|16/100 brn|[from] brn
|-sideend|p1: gunkqing|move: Tailwind
|upkeep
|turn|9
|
|t:|1756304481
|move|p2b: Garchomp|Dragon Claw|p1b: Ursaluna
|-damage|p1b: Ursaluna|0 fnt
|faint|p1b: Ursaluna
|-damage|p2b: Garchomp|22/100|[from] item: Life Orb
|
|win|jonen
||gunkqing is ready for game 2.
||jonen is ready for game 2.
|uhtml|next|Next: Game 2 of 3
