|j|☆colemarcusvgc
|j|☆Quaz Tha Kid
|html|colemarcusvgcQuaz Tha Kid    
|uhtml|bestof|Game 1 of a best-of-3
|t:|1756791261
|gametype|doubles
|player|p1|colemarcusvgc|n|1094
|player|p2|Quaz Tha Kid|101|1086
|gen|9
|tier|[Gen 9] VGC 2025 Reg H (Bo3)
|rated|
|rule|Species Clause: Limit one of each Pokémon
|rule|Item Clause: Limit 1 of each item
|clearpoke
|poke|p1|Indeedee-F, L50, F|
|poke|p1|Hatterene, L50, F|
|poke|p1|Gallade, L50, M|
|poke|p1|Ursaluna, L50, M|
|poke|p1|Lilligant-Hisui, L50, F|
|poke|p1|Torkoal, L50, M|
|poke|p2|Gholdengo, L50|
|poke|p2|Amoonguss, L50, M|
|poke|p2|Basculegion, L50, M|
|poke|p2|Pelipper, L50, M|
|poke|p2|Incineroar, L50, M|
|poke|p2|Archaludon, L50, F|
|teampreview|4
|showteam|p1|Indeedee-F||PsychicSeed|PsychicSurge|TrickRoom,FollowMe,HelpingHand,DazzlingGleam|||F|||50|,,,,,Fire]Hatterene||LifeOrb|MagicBounce|ExpandingForce,TrickRoom,DazzlingGleam,Protect|||F|||50|,,,,,Psychic]Gallade||ClearAmulet|Sharpness|PsychoCut,TrickRoom,SacredSword,WideGuard|||M|||50|,,,,,Grass]Ursaluna||FlameOrb|Guts|HeadlongRush,Facade,SwordsDance,Protect|||M|||50|,,,,,Ghost]Lilligant-Hisui||FocusSash|Chlorophyll|SolarBlade,SleepPowder,CloseCombat,AfterYou|||F|||50|,,,,,Ghost]Torkoal||ChoiceSpecs|Drought|Eruption,HeatWave,WeatherBall,EarthPower|||M|||50|,,,,,Fire
|showteam|p2|Gholdengo||LifeOrb|GoodasGold|MakeItRain,ShadowBall,NastyPlot,Protect||||||50|,,,,,Water]Amoonguss||SitrusBerry|Regenerator|Spore,RagePowder,PollenPuff,Protect|||M|||50|,,,,,Psychic]Basculegion||ChoiceBand|SwiftSwim|WaveCrash,FlipTurn,LastRespects,AquaJet|||M|||50|,,,,,Water]Pelipper||FocusSash|Drizzle|WeatherBall,Hurricane,Tailwind,Protect|||M|||50|,,,,,Ground]Incineroar||SafetyGoggles|Intimidate|FlareBlitz,KnockOff,PartingShot,FakeOut|||M|||50|,,,,,Ghost]Archaludon||AssaultVest|Stamina|ElectroShot,FlashCannon,DracoMeteor,BodyPress|||F|||50|,,,,,Bug
|inactive|Battle timer is ON: inactive players will automatically lose when time's up. (requested by Quaz Tha Kid)
|
|t:|1756791290
|teamsize|p1|4
|teamsize|p2|4
|start
|switch|p1a: Indeedee|Indeedee-F, L50, F|100/100
|switch|p1b: Gallade|Gallade, L50, M, shiny|100/100
|switch|p2a: Gholdengo|Gholdengo, L50|100/100
|switch|p2b: Amoonguss|Amoonguss, L50, M|100/100
|-fieldstart|move: Psychic Terrain|[from] ability: Psychic Surge|[of] p1a: Indeedee
|-enditem|p1a: Indeedee|Psychic Seed
|-boost|p1a: Indeedee|spd|1|[from] item: Psychic Seed
|turn|1
|inactive|colemarcusvgc has 30 seconds left.
|
|t:|1756791321
|-terastallize|p1b: Gallade|Grass
|-terastallize|p2b: Amoonguss|Psychic
|move|p1a: Indeedee|Follow Me|p1a: Indeedee
|-singleturn|p1a: Indeedee|move: Follow Me
|move|p2a: Gholdengo|Make It Rain|p1b: Gallade|[spread] p1a,p1b
|-damage|p1a: Indeedee|64/100
|-damage|p1b: Gallade|43/100
|-unboost|p2a: Gholdengo|spa|1
|-damage|p2a: Gholdengo|91/100|[from] item: Life Orb
|move|p1b: Gallade|Sacred Sword|p2a: Gholdengo
|-immune|p2a: Gholdengo
|move|p2b: Amoonguss|Spore|p1a: Indeedee
|-status|p1a: Indeedee|slp|[from] move: Spore
|
|upkeep
|turn|2
|
|t:|1756791345
|move|p2a: Gholdengo|Make It Rain|p1b: Gallade|[spread] p1a,p1b
|-damage|p1a: Indeedee|42/100 slp
|-damage|p1b: Gallade|6/100
|-unboost|p2a: Gholdengo|spa|1
|-damage|p2a: Gholdengo|82/100|[from] item: Life Orb
|move|p1b: Gallade|Psycho Cut|p2a: Gholdengo
|-resisted|p2a: Gholdengo
|-damage|p2a: Gholdengo|43/100
|move|p2b: Amoonguss|Pollen Puff|p1b: Gallade
|-supereffective|p1b: Gallade
|-damage|p1b: Gallade|0 fnt
|faint|p1b: Gallade
|cant|p1a: Indeedee|slp
|
|upkeep
|
|t:|1756791359
|switch|p1b: Ursaluna|Ursaluna, L50, M|100/100
|turn|3
|
|t:|1756791366
|switch|p2a: Incineroar|Incineroar, L50, M|100/100
|-ability|p2a: Incineroar|Intimidate|boost
|-unboost|p1a: Indeedee|atk|1
|-unboost|p1b: Ursaluna|atk|1
|move|p2b: Amoonguss|Spore|p1b: Ursaluna
|-status|p1b: Ursaluna|slp|[from] move: Spore
|cant|p1b: Ursaluna|slp
|cant|p1a: Indeedee|slp
|
|upkeep
|turn|4
|
|t:|1756791382
|cant|p1a: Indeedee|slp
|move|p2a: Incineroar|Knock Off|p1a: Indeedee
|-supereffective|p1a: Indeedee
|-damage|p1a: Indeedee|0 fnt
|faint|p1a: Indeedee
|move|p2b: Amoonguss|Pollen Puff|p1b: Ursaluna
|-damage|p1b: Ursaluna|84/100 slp
|-curestatus|p1b: Ursaluna|slp|[msg]
|move|p1b: Ursaluna|Facade|p2b: Amoonguss
|-damage|p2b: Amoonguss|78/100
|
|-status|p1b: Ursaluna|brn|[from] item: Flame Orb
|upkeep
|
|t:|1756791395
|switch|p1a: Hatterene|Hatterene, L50, F, shiny|100/100
|turn|5
|
|t:|1756791419
|move|p2a: Incineroar|Knock Off|p1a: Hatterene
|-damage|p1a: Hatterene|53/100
|-enditem|p1a: Hatterene|Life Orb|[from] move: Knock Off|[of] p2a: Incineroar
|move|p2b: Amoonguss|Pollen Puff|p1a: Hatterene
|-damage|p1a: Hatterene|34/100
|move|p1b: Ursaluna|Headlong Rush|p2b: Amoonguss
|-damage|p2b: Amoonguss|21/100
|-unboost|p1b: Ursaluna|def|1
|-unboost|p1b: Ursaluna|spd|1
|-enditem|p2b: Amoonguss|Sitrus Berry|[eat]
|-heal|p2b: Amoonguss|46/100|[from] item: Sitrus Berry
|move|p1a: Hatterene|Expanding Force|p2b: Amoonguss|[spread] p2b
|-immune|p2a: Incineroar
|-resisted|p2b: Amoonguss
|-damage|p2b: Amoonguss|15/100
|
|-damage|p1b: Ursaluna|78/100 brn|[from] brn
|-fieldend|move: Psychic Terrain
|upkeep
|turn|6
|
|t:|1756791440
|move|p1a: Hatterene|Protect|p1a: Hatterene
|-singleturn|p1a: Hatterene|Protect
|move|p2a: Incineroar|Flare Blitz|p1a: Hatterene
|-activate|p1a: Hatterene|move: Protect
|move|p2b: Amoonguss|Pollen Puff|p1b: Ursaluna
|-damage|p1b: Ursaluna|52/100 brn
|move|p1b: Ursaluna|Facade|p2a: Incineroar
|-damage|p2a: Incineroar|25/100
|
|-damage|p1b: Ursaluna|46/100 brn|[from] brn
|upkeep
|turn|7
|
|t:|1756791456
|move|p2b: Amoonguss|Protect|p2b: Amoonguss
|-singleturn|p2b: Amoonguss|Protect
|move|p2a: Incineroar|Flare Blitz|p1a: Hatterene
|-damage|p1a: Hatterene|0 fnt
|faint|p1a: Hatterene
|-damage|p2a: Incineroar|16/100|[from] Recoil
|move|p1b: Ursaluna|Facade|p2b: Amoonguss
|-activate|p2b: Amoonguss|move: Protect
|
|-damage|p1b: Ursaluna|40/100 brn|[from] brn
|upkeep
|turn|8
|
|t:|1756791470
|move|p2a: Incineroar|Flare Blitz|p1b: Ursaluna
|-damage|p1b: Ursaluna|0 fnt
|faint|p1b: Ursaluna
|-damage|p2a: Incineroar|1/100|[from] Recoil
|
|win|Quaz Tha Kid
||colemarcusvgc is ready for game 2.
||Quaz Tha Kid is ready for game 2.
|uhtml|next|Next: Game 2 of 3
