|j|☆lettitripppp
|j|☆vamzam
|html|lettitrippppvamzam    
|uhtml|bestof|Game 3 of a best-of-3
|t:|1785351370
|gametype|doubles
|player|p1|lettitripppp|lucas|1113
|player|p2|vamzam|102|1109
|gen|9
|tier|[Gen 9 Champions] VGC 2026 Reg M-B (Bo3)
|rated|
|rule|Species Clause: Limit one of each Pokémon
|rule|Item Clause: Limit 1 of each item
|clearpoke
|poke|p1|Blastoise, L50, F|
|poke|p1|Delphox, L50, F|
|poke|p1|Incineroar, L50, M|
|poke|p1|Kingambit, L50, M, shiny|
|poke|p1|Sinistcha, L50, shiny|
|poke|p1|Sneasler, L50, M, shiny|
|poke|p2|Arcanine-Hisui, L50, M|
|poke|p2|Whimsicott, L50, M|
|poke|p2|Sneasler, L50, M|
|poke|p2|Garchomp, L50, M|
|poke|p2|Kingambit, L50, M|
|poke|p2|Froslass, L50, F, shiny|
|teampreview|4
|showteam|p1|Blastoise||Blastoisinite|RainDish|WaterSpout,ShellSmash,DarkPulse,Protect|Modest||F|||50|]Delphox||Delphoxite|Blaze|HeatWave,NastyPlot,Psyshock,Protect|Modest||F|||50|]Incineroar||SitrusBerry|Intimidate|HelpingHand,PartingShot,FlareBlitz,FakeOut|Careful||M|||50|]Kingambit||BlackGlasses|Defiant|KowtowCleave,SwordsDance,SuckerPunch,Protect|Adamant||M|||50|]Sinistcha||OccaBerry|Hospitality|MatchaGotcha,RagePowder,TrickRoom,Protect|Bold|||||50|]Sneasler||FocusSash|PoisonTouch|CloseCombat,QuickGuard,DireClaw,FakeOut|Jolly||M|||50|
|showteam|p2|Arcanine-Hisui||FocusSash|RockHead|FlareBlitz,RockSlide,ExtremeSpeed,Protect|Impish||M|||50|]Whimsicott||OccaBerry|Prankster|EnergyBall,Encore,Tailwind,Moonblast|Modest||M|||50|]Sneasler||QuickClaw|PoisonTouch|FakeOut,DireClaw,CloseCombat,ThroatChop|Jolly||M|||50|]Garchomp||LifeOrb|RoughSkin|DragonClaw,Earthquake,RockSlide,Protect|Jolly||M|||50|]Kingambit||BlackGlasses|Defiant|KowtowCleave,IronHead,SuckerPunch,Protect|Adamant||M|||50|]Froslass||Froslassite|CursedBody|Blizzard,Thunderbolt,Protect,ShadowBall|Modest||F|||50|
|inactive|Battle timer is ON: inactive players will automatically lose when time's up. (requested by lettitripppp)
|j| 282839393m
|inactive|vamzam has 60 seconds left.
|
|t:|1785351403
|teamsize|p1|4
|teamsize|p2|4
|start
|switch|p1a: LET IT RAIN BIH|Blastoise, L50, F|100/100
|switch|p1b: ASKIN|Sneasler, L50, M, shiny|100/100
|switch|p2a: Sneasler|Sneasler, L50, M|100/100
|switch|p2b: Whimsicott|Whimsicott, L50, M|100/100
|turn|1
|
|t:|1785351425
|switch|p1a: AOI TODO|Incineroar, L50, M|100/100
|-ability|p1a: AOI TODO|Intimidate|boost
|-unboost|p2a: Sneasler|atk|1
|-unboost|p2b: Whimsicott|atk|1
|move|p2a: Sneasler|Fake Out|p1b: ASKIN
|-damage|p1b: ASKIN|84/100
|move|p2b: Whimsicott|Tailwind|p2b: Whimsicott
|-sidestart|p2: vamzam|move: Tailwind
|cant|p1b: ASKIN|flinch
|
|upkeep
|turn|2
|
|t:|1785351442
|switch|p2b: Kingambit|Kingambit, L50, M|100/100
|move|p1a: AOI TODO|Fake Out|p2a: Sneasler
|-damage|p2a: Sneasler|82/100
|cant|p2a: Sneasler|flinch
|move|p1b: ASKIN|Dire Claw|p2b: Kingambit
|-immune|p2b: Kingambit
|
|upkeep
|turn|3
|
|t:|1785351460
|switch|p1a: HEALROOM|Sinistcha, L50, shiny|100/100
|-heal|p1b: ASKIN|100/100|[from] ability: Hospitality|[of] p1a: HEALROOM
|move|p2b: Kingambit|Protect|p2b: Kingambit
|-singleturn|p2b: Kingambit|Protect
|move|p2a: Sneasler|Close Combat|p1a: HEALROOM
|-immune|p1a: HEALROOM
|move|p1b: ASKIN|Close Combat|p2b: Kingambit
|-activate|p2b: Kingambit|move: Protect
|
|upkeep
|turn|4
|-activate|p2a: Sneasler|item: Quick Claw
|
|t:|1785351478
|move|p1a: HEALROOM|Rage Powder|p1a: HEALROOM
|-singleturn|p1a: HEALROOM|move: Rage Powder
|move|p2b: Kingambit|Sucker Punch||[still]
|-fail|p2b: Kingambit
|move|p2a: Sneasler|Close Combat|p1a: HEALROOM
|-immune|p1a: HEALROOM
|move|p1b: ASKIN|Close Combat|p2b: Kingambit
|-supereffective|p2b: Kingambit|2
|-damage|p2b: Kingambit|0 fnt
|-unboost|p1b: ASKIN|def|1
|-unboost|p1b: ASKIN|spd|1
|faint|p2b: Kingambit
|
|-sideend|p2: vamzam|move: Tailwind
|upkeep
|
|t:|1785351492
|switch|p2b: Garchomp|Garchomp, L50, M|100/100
|turn|5
|-activate|p2a: Sneasler|item: Quick Claw
|
|t:|1785351499
|switch|p1b: AOI TODO|Incineroar, L50, M|100/100
|-ability|p1b: AOI TODO|Intimidate|boost
|-unboost|p2a: Sneasler|atk|1
|-unboost|p2b: Garchomp|atk|1
|move|p2a: Sneasler|Dire Claw|p1a: HEALROOM
|-damage|p1a: HEALROOM|81/100
|move|p2b: Garchomp|Rock Slide|p1b: AOI TODO|[spread] p1a,p1b
|-supereffective|p1b: AOI TODO|1
|-crit|p1b: AOI TODO
|-damage|p1a: HEALROOM|67/100
|-damage|p1b: AOI TODO|33/100
|-enditem|p1b: AOI TODO|Sitrus Berry|[eat]
|-heal|p1b: AOI TODO|57/100|[from] item: Sitrus Berry
|-damage|p2b: Garchomp|90/100|[from] item: Life Orb
|move|p1a: HEALROOM|Trick Room|p1a: HEALROOM
|-fieldstart|move: Trick Room|[of] p1a: HEALROOM
|
|upkeep
|turn|6
|inactive|vamzam has 30 seconds left.
|
|t:|1785351532
|move|p1b: AOI TODO|Flare Blitz|p2a: Sneasler
|-damage|p2a: Sneasler|2/100
|-damage|p1b: AOI TODO|37/100|[from] Recoil
|move|p1a: HEALROOM|Matcha Gotcha|p2b: Garchomp|[spread] p2a,p2b
|-resisted|p2a: Sneasler|1
|-damage|p2a: Sneasler|0 fnt
|-heal|p1a: HEALROOM|68/100|[from] drain|[of] p2a: Sneasler
|-damage|p2b: Garchomp|67/100
|-heal|p1a: HEALROOM|80/100|[from] drain|[of] p2b: Garchomp
|faint|p2a: Sneasler
|move|p2b: Garchomp|Rock Slide|p1b: AOI TODO|[spread] p1a,p1b
|-supereffective|p1b: AOI TODO|1
|-damage|p1a: HEALROOM|65/100
|-damage|p1b: AOI TODO|7/100
|-damage|p2b: Garchomp|57/100|[from] item: Life Orb
|
|upkeep
|
|t:|1785351548
|switch|p2a: Whimsicott|Whimsicott, L50, M|100/100
|turn|7
|inactive|vamzam has 30 seconds left.
|
|t:|1785351577
|move|p1b: AOI TODO|Flare Blitz|p2a: Whimsicott
|-supereffective|p2a: Whimsicott|1
|-enditem|p2a: Whimsicott|Occa Berry|[eat]
|-enditem|p2a: Whimsicott|Occa Berry|[weaken]
|-damage|p2a: Whimsicott|33/100
|-damage|p1b: AOI TODO|0 fnt|[from] Recoil
|faint|p1b: AOI TODO
|move|p1a: HEALROOM|Matcha Gotcha|p2b: Garchomp|[spread] p2a,p2b
|-resisted|p2a: Whimsicott|1
|-damage|p2a: Whimsicott|13/100
|-heal|p1a: HEALROOM|73/100|[from] drain|[of] p2a: Whimsicott
|-damage|p2b: Garchomp|36/100
|-heal|p1a: HEALROOM|84/100|[from] drain|[of] p2b: Garchomp
|move|p2b: Garchomp|Rock Slide|p1a: HEALROOM
|-damage|p1a: HEALROOM|64/100
|-damage|p2b: Garchomp|26/100|[from] item: Life Orb
|move|p2a: Whimsicott|Moonblast|p1a: HEALROOM
|-damage|p1a: HEALROOM|30/100
|
|upkeep
|
|t:|1785351595
|switch|p1b: ASKIN|Sneasler, L50, M, shiny|100/100
|turn|8
|
|t:|1785351607
|move|p2b: Garchomp|Protect|p2b: Garchomp
|-singleturn|p2b: Garchomp|Protect
|move|p1b: ASKIN|Fake Out|p2a: Whimsicott
|-damage|p2a: Whimsicott|0 fnt
|faint|p2a: Whimsicott
|move|p1a: HEALROOM|Matcha Gotcha|p2b: Garchomp
|-activate|p2b: Garchomp|move: Protect
|
|upkeep
|turn|9
|
|t:|1785351619
|move|p2b: Garchomp|Protect|p2b: Garchomp
|-singleturn|p2b: Garchomp|Protect
|move|p1a: HEALROOM|Matcha Gotcha|p2b: Garchomp
|-activate|p2b: Garchomp|move: Protect
|move|p1b: ASKIN|Close Combat|p2b: Garchomp
|-activate|p2b: Garchomp|move: Protect
|
|-fieldend|move: Trick Room
|upkeep
|turn|10
|
|t:|1785351628
|move|p1b: ASKIN|Close Combat|p2b: Garchomp
|-damage|p2b: Garchomp|0 fnt
|-unboost|p1b: ASKIN|def|1
|-unboost|p1b: ASKIN|spd|1
|-damage|p1b: ASKIN|87/100|[from] ability: Rough Skin|[of] p2b: Garchomp
|faint|p2b: Garchomp
|
|win|lettitripppp
|raw|lettitripppp's rating: 1113 → 1138(+25 for winning)
|raw|vamzam's rating: 1109 → 1084(-25 for losing)
|c|☆lettitripppp|gg
|c|☆vamzam|gg man!nice plays\
|l|☆lettitripppp
|player|p1|
