|j|☆damage77
|j|☆Avocanoodle
|html|damage77Avocanoodle    
|uhtml|bestof|Game 2 of a best-of-3
|t:|1756302029
|gametype|doubles
|player|p1|damage77|ash|1388
|player|p2|Avocanoodle|169|1384
|gen|9
|tier|[Gen 9] VGC 2025 Reg H (Bo3)
|rated|
|rule|Species Clause: Limit one of each Pokémon
|rule|Item Clause: Limit 1 of each item
|clearpoke
|poke|p1|Ninetales-Alola, L50, F|
|poke|p1|Gholdengo, L50|
|poke|p1|Dragonite, L50, F|
|poke|p1|Annihilape, L50, F|
|poke|p1|Ursaluna-Bloodmoon, L50, M|
|poke|p1|Incineroar, L50, M|
|poke|p2|Dragonite, L50, F|
|poke|p2|Ursaluna-Bloodmoon, L50, M|
|poke|p2|Archaludon, L50, F|
|poke|p2|Magmar, L50, F|
|poke|p2|Annihilape, L50, M|
|poke|p2|Garganacl, L50, M|
|teampreview|4
|showteam|p1|Ninetales-Alola||LightClay|SnowWarning|IcicleSpear,Blizzard,AuroraVeil,IcyWind|||F|||50|,,,,,Ghost]Gholdengo||ChoiceScarf|GoodasGold|MakeItRain,ShadowBall,Trick,NastyPlot||||||50|,,,,,Steel]Dragonite||LoadedDice|Multiscale|ScaleShot,ExtremeSpeed,Protect,Haze|||F|||50|,,,,,Normal]Annihilape||SafetyGoggles|Defiant|DrainPunch,RageFist,BulkUp,Protect|||F|||50|,,,,,Fire]Ursaluna-Bloodmoon||AssaultVest|MindsEye|BloodMoon,HyperVoice,EarthPower,VacuumWave|||M|||50|,,,,,Water]Incineroar||SitrusBerry|Intimidate|FakeOut,FlareBlitz,KnockOff,PartingShot|||M|||50|,,,,,Ghost
|showteam|p2|Dragonite||LoadedDice|Multiscale|ScaleShot,Protect,Tailwind,TeraBlast|||F|||50|,,,,,Flying]Ursaluna-Bloodmoon||AssaultVest|MindsEye|BloodMoon,VacuumWave,HyperVoice,EarthPower|||M|||50|,,,,,Water]Archaludon||PowerHerb|Sturdy|DracoMeteor,Protect,ElectroShot,Thunderbolt|||F|||50|,,,,,Electric]Magmar||Eviolite|VitalSpirit|Protect,FollowMe,ClearSmog,Overheat|||F|||50|,,,,,Fairy]Annihilape||SitrusBerry|Defiant|FinalGambit,RageFist,Taunt,Coaching|||M|||50|,,,,,Water]Garganacl||Leftovers|PurifyingSalt|WideGuard,Protect,SaltCure,BodyPress|||M|||50|,,,,,Grass
|inactive|Battle timer is ON: inactive players will automatically lose when time's up. (requested by Avocanoodle)
|inactive|damage77 has 60 seconds left.
|inactive|Avocanoodle has 60 seconds left.
|inactive|Avocanoodle has 30 seconds left.
|inactive|Avocanoodle has 20 seconds left.
|inactive|Avocanoodle has 15 seconds left.
|inactive|Avocanoodle has 10 seconds left.
|
|t:|1756302113
|teamsize|p1|4
|teamsize|p2|4
|start
|switch|p1a: Ninetales|Ninetales-Alola, L50, F|100/100
|switch|p1b: Annihilape|Annihilape, L50, F|100/100
|switch|p2a: Magmar|Magmar, L50, F|100/100
|switch|p2b: Garganacl|Garganacl, L50, M|100/100
|-weather|Snowscape|[from] ability: Snow Warning|[of] p1a: Ninetales
|turn|1
|inactive|damage77 has 30 seconds left.
|inactive|Avocanoodle has 30 seconds left.
|
|t:|1756302143
|move|p1a: Ninetales|Icicle Spear|p1b: Annihilape
|-damage|p1b: Annihilape|94/100
|-damage|p1b: Annihilape|87/100
|-damage|p1b: Annihilape|81/100
|-hitcount|p1b: Annihilape|3
|move|p1b: Annihilape|Rage Fist|p2a: Magmar
|-damage|p2a: Magmar|34/100
|move|p2a: Magmar|Overheat|p1a: Ninetales
|-supereffective|p1a: Ninetales
|-damage|p1a: Ninetales|6/100
|-unboost|p2a: Magmar|spa|2
|move|p2b: Garganacl|Salt Cure|p1a: Ninetales
|-supereffective|p1a: Ninetales
|-damage|p1a: Ninetales|0 fnt
|faint|p1a: Ninetales
|
|-weather|Snowscape|[upkeep]
|upkeep
|inactive|damage77 has 30 seconds left.
|
|t:|1756302168
|switch|p1a: Gholdengo|Gholdengo, L50|100/100
|turn|2
|inactive|Avocanoodle has 30 seconds left.
|
|t:|1756302196
|move|p2b: Garganacl|Protect|p2b: Garganacl
|-singleturn|p2b: Garganacl|Protect
|move|p1a: Gholdengo|Shadow Ball|p2a: Magmar
|-damage|p2a: Magmar|0 fnt
|faint|p2a: Magmar
|move|p1b: Annihilape|Bulk Up|p1b: Annihilape
|-boost|p1b: Annihilape|atk|1
|-boost|p1b: Annihilape|def|1
|
|-weather|Snowscape|[upkeep]
|upkeep
|
|t:|1756302207
|switch|p2a: Archaludon|Archaludon, L50, F|100/100
|turn|3
|inactive|damage77 has 30 seconds left.
|
|t:|1756302234
|-terastallize|p2a: Archaludon|Electric
|move|p1a: Gholdengo|Shadow Ball|p2a: Archaludon
|-damage|p2a: Archaludon|33/100
|move|p1b: Annihilape|Rage Fist|p2a: Archaludon
|-damage|p2a: Archaludon|0 fnt
|faint|p2a: Archaludon
|move|p2b: Garganacl|Salt Cure|p1a: Gholdengo
|-resisted|p1a: Gholdengo
|-damage|p1a: Gholdengo|93/100
|-start|p1a: Gholdengo|Salt Cure
|
|-weather|Snowscape|[upkeep]
|-damage|p1a: Gholdengo|68/100|[from] Salt Cure
|upkeep
|
|t:|1756302242
|switch|p2a: Ursaluna|Ursaluna-Bloodmoon, L50, M|100/100
|turn|4
|
|t:|1756302254
|switch|p1a: Ursaluna|Ursaluna-Bloodmoon, L50, M|100/100
|move|p1b: Annihilape|Drain Punch|p2a: Ursaluna
|-supereffective|p2a: Ursaluna
|-damage|p2a: Ursaluna|34/100
|-heal|p1b: Annihilape|100/100|[from] drain|[of] p2a: Ursaluna
|move|p2a: Ursaluna|Blood Moon|p1b: Annihilape
|-damage|p1b: Annihilape|28/100
|move|p2b: Garganacl|Salt Cure|p1a: Ursaluna
|-resisted|p1a: Ursaluna
|-damage|p1a: Ursaluna|95/100
|-start|p1a: Ursaluna|Salt Cure
|
|-weather|Snowscape|[upkeep]
|-damage|p1a: Ursaluna|83/100|[from] Salt Cure
|upkeep
|turn|5
|
|t:|1756302271
|move|p2a: Ursaluna|Vacuum Wave|p1b: Annihilape
|-damage|p1b: Annihilape|13/100
|move|p1b: Annihilape|Drain Punch|p2a: Ursaluna
|-supereffective|p2a: Ursaluna
|-damage|p2a: Ursaluna|0 fnt
|-heal|p1b: Annihilape|30/100|[from] drain|[of] p2a: Ursaluna
|faint|p2a: Ursaluna
|move|p1a: Ursaluna|Earth Power|p2b: Garganacl
|-supereffective|p2b: Garganacl
|-damage|p2b: Garganacl|30/100
|move|p2b: Garganacl|Salt Cure|p1b: Annihilape
|-resisted|p1b: Annihilape
|-damage|p1b: Annihilape|25/100
|-start|p1b: Annihilape|Salt Cure
|
|-weather|none
|-heal|p2b: Garganacl|36/100|[from] item: Leftovers
|-damage|p1b: Annihilape|13/100|[from] Salt Cure
|-damage|p1a: Ursaluna|71/100|[from] Salt Cure
|upkeep
|turn|6
|-message|Avocanoodle forfeited.
|
|win|damage77
|raw|damage77's rating: 1388 → 1408(+20 for winning)
|raw|Avocanoodle's rating: 1384 → 1364(-20 for losing)
|l|☆Avocanoodle
|player|p2|
