|j|☆Mr Woah
|j|☆MuseigenTest
|html|Mr WoahMuseigenTest    
|uhtml|bestof|Game 2 of a best-of-3
|t:|1757049426
|gametype|doubles
|player|p1|Mr Woah|winona|1263
|player|p2|MuseigenTest|169|1391
|gen|9
|tier|[Gen 9] VGC 2025 Reg H (Bo3)
|rated|
|rule|Species Clause: Limit one of each Pokémon
|rule|Item Clause: Limit 1 of each item
|clearpoke
|poke|p1|Ninetales-Alola, L50, M|
|poke|p1|Ursaluna-Bloodmoon, L50, M|
|poke|p1|Gholdengo, L50|
|poke|p1|Annihilape, L50, F|
|poke|p1|Dragonite, L50, F|
|poke|p1|Rillaboom, L50, F|
|poke|p2|Sneasler, L50, F|
|poke|p2|Indeedee, L50, M|
|poke|p2|Volcarona, L50, M|
|poke|p2|Ursaluna-Bloodmoon, L50, M|
|poke|p2|Annihilape, L50, M|
|poke|p2|Tyranitar, L50, M|
|teampreview|4
|showteam|p1|Ninetales-Alola||CovertCloak|SnowWarning|IcyWind,Blizzard,AuroraVeil,IcicleSpear|||M|||50|,,,,,Water]Ursaluna-Bloodmoon||AssaultVest|MindsEye|BloodMoon,EarthPower,HyperVoice,VacuumWave|||M|||50|,,,,,Water]Gholdengo||LifeOrb|GoodasGold|Protect,NastyPlot,MakeItRain,ShadowBall||||||50|,,,,,Water]Annihilape||SafetyGoggles|Defiant|RageFist,BulkUp,DrainPunch,Protect|||F|||50|,,,,,Fire]Dragonite||LoadedDice|Multiscale|ScaleShot,Tailwind,Haze,Protect|||F|||50|,,,,,Fairy]Rillaboom||MiracleSeed|GrassySurge|WoodHammer,GrassyGlide,HighHorsepower,FakeOut|||F|||50|,,,,,Fire
|showteam|p2|Sneasler||PsychicSeed|Unburden|CloseCombat,DireClaw,ThroatChop,Protect|||F|||50|,,,,,Dark]Indeedee||ChoiceScarf|PsychicSurge|ExpandingForce,TeraBlast,Trick,Protect|||M|||50|,,,,,Psychic]Volcarona||SitrusBerry|FlameBody|Overheat,StruggleBug,RagePowder,Tailwind|||M|||50|,,,,,Grass]Ursaluna-Bloodmoon||LifeOrb|MindsEye|BloodMoon,HyperVoice,EarthPower,Protect|||M|||50|,,,,,Normal]Annihilape||SafetyGoggles|Defiant|CloseCombat,RageFist,Taunt,FinalGambit|||M|||50|,,,,,Fairy]Tyranitar||AssaultVest|SandStream|RockSlide,KnockOff,TeraBlast,LowKick|||M|||50|,,,,,Flying
|inactive|Battle timer is ON: inactive players will automatically lose when time's up. (requested by MuseigenTest)
|inactive|MuseigenTest has 60 seconds left.
|
|t:|1757049488
|teamsize|p1|4
|teamsize|p2|4
|start
|switch|p1a: Ursaluna|Ursaluna-Bloodmoon, L50, M|100/100
|switch|p1b: Gholdengo|Gholdengo, L50|100/100
|switch|p2a: Annihilape|Annihilape, L50, M|100/100
|switch|p2b: Tyranitar|Tyranitar, L50, M|100/100
|-weather|Sandstorm|[from] ability: Sand Stream|[of] p2b: Tyranitar
|turn|1
|inactive|Mr Woah has 30 seconds left.
|inactive|MuseigenTest has 30 seconds left.
|inactive|Mr Woah has 20 seconds left.
|inactive|MuseigenTest has 20 seconds left.
|inactive|Mr Woah has 15 seconds left.
|inactive|MuseigenTest has 15 seconds left.
|inactive|MuseigenTest has 10 seconds left.
|inactive|MuseigenTest has 5 seconds left.
|
|t:|1757049540
|move|p1b: Gholdengo|Protect|p1b: Gholdengo
|-singleturn|p1b: Gholdengo|Protect
|move|p2a: Annihilape|Rage Fist|p1b: Gholdengo
|-activate|p1b: Gholdengo|move: Protect
|move|p2b: Tyranitar|Knock Off|p1b: Gholdengo
|-activate|p1b: Gholdengo|move: Protect
|move|p1a: Ursaluna|Blood Moon|p2a: Annihilape
|-damage|p2a: Annihilape|28/100
|
|-weather|Sandstorm|[upkeep]
|upkeep
|turn|2
|inactive|Mr Woah has 30 seconds left.
|inactive|MuseigenTest has 30 seconds left.
|inactive|Mr Woah has 20 seconds left.
|inactive|MuseigenTest has 20 seconds left.
|inactive|Mr Woah has 15 seconds left.
|inactive|MuseigenTest has 15 seconds left.
|inactive|MuseigenTest has 10 seconds left.
|
|t:|1757049587
|move|p1b: Gholdengo|Protect||[still]
|-fail|p1b: Gholdengo
|move|p2a: Annihilape|Close Combat|p1a: Ursaluna
|-supereffective|p1a: Ursaluna
|-damage|p1a: Ursaluna|31/100
|-unboost|p2a: Annihilape|def|1
|-unboost|p2a: Annihilape|spd|1
|move|p2b: Tyranitar|Knock Off|p1b: Gholdengo
|-supereffective|p1b: Gholdengo
|-damage|p1b: Gholdengo|0 fnt
|-enditem|p1b: Gholdengo|Life Orb|[from] move: Knock Off|[of] p2b: Tyranitar
|faint|p1b: Gholdengo
|move|p1a: Ursaluna|Hyper Voice|p2a: Annihilape|[spread] p2a,p2b
|-resisted|p2b: Tyranitar
|-damage|p2a: Annihilape|0 fnt
|-damage|p2b: Tyranitar|93/100
|faint|p2a: Annihilape
|
|-weather|Sandstorm|[upkeep]
|upkeep
|
|t:|1757049602
|switch|p2a: Sneasler|Sneasler, L50, F|100/100
|switch|p1b: Dragonite|Dragonite, L50, F|100/100
|turn|3
|inactive|MuseigenTest has 30 seconds left.
|
|t:|1757049635
|move|p2a: Sneasler|Protect|p2a: Sneasler
|-singleturn|p2a: Sneasler|Protect
|move|p1b: Dragonite|Scale Shot|p2b: Tyranitar
|-damage|p2b: Tyranitar|80/100
|-damage|p2b: Tyranitar|67/100
|-damage|p2b: Tyranitar|53/100
|-damage|p2b: Tyranitar|40/100
|-hitcount|p2b: Tyranitar|4
|-unboost|p1b: Dragonite|def|1
|-boost|p1b: Dragonite|spe|1
|move|p2b: Tyranitar|Low Kick|p1a: Ursaluna
|-supereffective|p1a: Ursaluna
|-damage|p1a: Ursaluna|0 fnt
|faint|p1a: Ursaluna
|
|-weather|Sandstorm|[upkeep]
|-damage|p1b: Dragonite|95/100|[from] Sandstorm
|-damage|p2a: Sneasler|95/100|[from] Sandstorm
|upkeep
|
|t:|1757049649
|switch|p1a: Rillaboom|Rillaboom, L50, F|100/100
|-fieldstart|move: Grassy Terrain|[from] ability: Grassy Surge|[of] p1a: Rillaboom
|turn|4
|inactive|MuseigenTest has 30 seconds left.
|inactive|MuseigenTest has 20 seconds left.
|inactive|MuseigenTest has 15 seconds left.
|inactive|MuseigenTest has 10 seconds left.
|
|t:|1757049696
|-terastallize|p1a: Rillaboom|Fire
|-terastallize|p2b: Tyranitar|Flying
|move|p1b: Dragonite|Protect|p1b: Dragonite
|-singleturn|p1b: Dragonite|Protect
|move|p2a: Sneasler|Protect|p2a: Sneasler
|-singleturn|p2a: Sneasler|Protect
|move|p1a: Rillaboom|High Horsepower|p2a: Sneasler
|-activate|p2a: Sneasler|move: Protect
|move|p2b: Tyranitar|Tera Blast|p1a: Rillaboom|[anim] Tera Blast Flying
|-damage|p1a: Rillaboom|58/100
|
|-weather|Sandstorm|[upkeep]
|-damage|p1b: Dragonite|89/100|[from] Sandstorm
|-damage|p2a: Sneasler|89/100|[from] Sandstorm
|-damage|p1a: Rillaboom|52/100|[from] Sandstorm
|-damage|p2b: Tyranitar|34/100|[from] Sandstorm
|-heal|p2a: Sneasler|95/100|[from] Grassy Terrain
|-heal|p1a: Rillaboom|58/100|[from] Grassy Terrain
|upkeep
|turn|5
|inactive|MuseigenTest has 30 seconds left.
|inactive|MuseigenTest has 20 seconds left.
|inactive|MuseigenTest has 15 seconds left.
|inactive|MuseigenTest has 10 seconds left.
|inactive|MuseigenTest has 5 seconds left.
|
|t:|1757049749
|move|p1b: Dragonite|Scale Shot|p2b: Tyranitar
|-damage|p2b: Tyranitar|21/100
|-crit|p2b: Tyranitar
|-damage|p2b: Tyranitar|0 fnt
|faint|p2b: Tyranitar
|-hitcount|p2: Tyranitar|2
|-unboost|p1b: Dragonite|def|1
|-boost|p1b: Dragonite|spe|1
|move|p2a: Sneasler|Dire Claw|p1b: Dragonite
|-damage|p1b: Dragonite|0 fnt
|faint|p1b: Dragonite
|move|p1a: Rillaboom|High Horsepower|p2a: Sneasler
|-supereffective|p2a: Sneasler
|-damage|p2a: Sneasler|0 fnt
|faint|p2a: Sneasler
|
|-weather|none
|-heal|p1a: Rillaboom|64/100|[from] Grassy Terrain
|upkeep
|
|t:|1757049763
|switch|p2b: Indeedee|Indeedee, L50, M|100/100
|-fieldstart|move: Psychic Terrain|[from] ability: Psychic Surge|[of] p2b: Indeedee
|turn|6
|
|t:|1757049775
|move|p2b: Indeedee|Expanding Force|p1a: Rillaboom
|-damage|p1a: Rillaboom|0 fnt
|faint|p1a: Rillaboom
|
|win|MuseigenTest
|raw|Mr Woah's rating: 1263 → 1247(-16 for losing)
|raw|MuseigenTest's rating: 1391 → 1404(+13 for winning)
|l|☆Mr Woah
|player|p1|
|c|☆MuseigenTest|gg
