|j|☆AnriVGC
|j|☆escorpiobutfrommk
|html|AnriVGCescorpiobutfrommk    
|uhtml|bestof|Game 2 of a best-of-3
|t:|1756430294
|gametype|doubles
|player|p1|AnriVGC|hilda-masters3|1140
|player|p2|escorpiobutfrommk|red|1070
|gen|9
|tier|[Gen 9] VGC 2025 Reg H (Bo3)
|rated|
|rule|Species Clause: Limit one of each Pokémon
|rule|Item Clause: Limit 1 of each item
|clearpoke
|poke|p1|Gholdengo, L50|
|poke|p1|Sneasler, L50, F|
|poke|p1|Rillaboom, L50, M|
|poke|p1|Dragonite, L50, F|
|poke|p1|Ninetales-Alola, L50, M|
|poke|p1|Arcanine-Hisui, L50, F|
|poke|p2|Sneasler, L50, F|
|poke|p2|Ceruledge, L50, F|
|poke|p2|Dragonite, L50, M|
|poke|p2|Gastrodon, L50, M|
|poke|p2|Kingambit, L50, F|
|poke|p2|Rillaboom, L50, F|
|teampreview|4
|showteam|p1|Gholdengo||GrassySeed|GoodasGold|NastyPlot,MakeItRain,ShadowBall,Protect||||||50|,,,,,Water]Sneasler||FocusSash|Unburden|CloseCombat,DireClaw,Coaching,FakeOut|||F|||50|,,,,,Ghost]Rillaboom||AssaultVest|GrassySurge|FakeOut,DrumBeating,HighHorsepower,GrassyGlide|||M|||50|,,,,,Fire]Dragonite||LoadedDice|Multiscale|ScaleShot,StompingTantrum,Haze,Protect|||F|||50|,,,,,Steel]Ninetales-Alola||LightClay|SnowWarning|IcyWind,Blizzard,Moonblast,AuroraVeil|||M|||50|,,,,,Water]Arcanine-Hisui||ClearAmulet|Intimidate|RockSlide,FlareBlitz,ExtremeSpeed,Protect|||F|||50|,,,,,Grass
|showteam|p2|Sneasler||FocusSash|Unburden|DireClaw,CloseCombat,Coaching,FakeOut|||F|||50|,,,,,Ghost]Ceruledge||Leftovers|FlashFire|Protect,BulkUp,BitterBlade,ShadowSneak|||F|||50|,,,,,Grass]Dragonite||LoadedDice|Multiscale|Protect,ScaleShot,LowKick,ExtremeSpeed|||M|||50|,,,,,Fairy]Gastrodon||SitrusBerry|StormDrain|Protect,IceBeam,EarthPower,ClearSmog|||M|||50|,,,,,Flying]Kingambit||AssaultVest|Defiant|KowtowCleave,SuckerPunch,IronHead,TeraBlast|||F|||50|,,,,,Flying]Rillaboom||MiracleSeed|GrassySurge|WoodHammer,GrassyGlide,HighHorsepower,FakeOut|||F|||50|,,,,,Fire
|inactive|Battle timer is ON: inactive players will automatically lose when time's up. (requested by AnriVGC)
|
|t:|1756430319
|teamsize|p1|4
|teamsize|p2|4
|start
|switch|p1a: Sneasler|Sneasler, L50, F|100/100
|switch|p1b: Arcanine|Arcanine-Hisui, L50, F|100/100
|switch|p2a: Sneasler|Sneasler, L50, F|100/100
|switch|p2b: Dragonite|Dragonite, L50, M|100/100
|-ability|p1b: Arcanine|Intimidate|boost
|-unboost|p2a: Sneasler|atk|1
|-unboost|p2b: Dragonite|atk|1
|turn|1
|inactive|AnriVGC has 30 seconds left.
|inactive|escorpiobutfrommk has 30 seconds left.
|inactive|AnriVGC has 20 seconds left.
|inactive|escorpiobutfrommk has 20 seconds left.
|inactive|AnriVGC has 15 seconds left.
|
|t:|1756430361
|-terastallize|p1a: Sneasler|Ghost
|move|p2a: Sneasler|Fake Out|p1a: Sneasler
|-immune|p1a: Sneasler
|move|p1a: Sneasler|Coaching|p1b: Arcanine
|-boost|p1b: Arcanine|atk|1
|-boost|p1b: Arcanine|def|1
|move|p1b: Arcanine|Rock Slide|p2b: Dragonite|[spread] p2a,p2b
|-resisted|p2a: Sneasler
|-supereffective|p2b: Dragonite
|-damage|p2a: Sneasler|66/100
|-damage|p2b: Dragonite|61/100
|move|p2b: Dragonite|Scale Shot|p1a: Sneasler
|-damage|p1a: Sneasler|83/100
|-damage|p1a: Sneasler|65/100
|-damage|p1a: Sneasler|48/100
|-damage|p1a: Sneasler|32/100
|-hitcount|p1a: Sneasler|4
|-unboost|p2b: Dragonite|def|1
|-boost|p2b: Dragonite|spe|1
|
|upkeep
|turn|2
|inactive|AnriVGC has 30 seconds left.
|
|t:|1756430390
|move|p2b: Dragonite|Protect|p2b: Dragonite
|-singleturn|p2b: Dragonite|Protect
|move|p1b: Arcanine|Protect|p1b: Arcanine
|-singleturn|p1b: Arcanine|Protect
|move|p2a: Sneasler|Coaching|p2b: Dragonite
|-boost|p2b: Dragonite|atk|1
|-boost|p2b: Dragonite|def|1
|move|p1a: Sneasler|Coaching|p1b: Arcanine
|-boost|p1b: Arcanine|atk|1
|-boost|p1b: Arcanine|def|1
|
|upkeep
|turn|3
|
|t:|1756430414
|switch|p1a: Rillaboom|Rillaboom, L50, M|100/100
|-fieldstart|move: Grassy Terrain|[from] ability: Grassy Surge|[of] p1a: Rillaboom
|move|p2b: Dragonite|Low Kick|p1b: Arcanine
|-supereffective|p1b: Arcanine
|-damage|p1b: Arcanine|56/100
|move|p2a: Sneasler|Dire Claw|p1a: Rillaboom
|-supereffective|p1a: Rillaboom
|-damage|p1a: Rillaboom|44/100
|-status|p1a: Rillaboom|par
|move|p1b: Arcanine|Rock Slide|p2a: Sneasler|[spread] p2b
|-miss|p1b: Arcanine|p2a: Sneasler
|-supereffective|p2b: Dragonite
|-damage|p2b: Dragonite|0 fnt
|faint|p2b: Dragonite
|
|-heal|p2a: Sneasler|71/100|[from] Grassy Terrain
|-heal|p1b: Arcanine|62/100|[from] Grassy Terrain
|-heal|p1a: Rillaboom|50/100 par|[from] Grassy Terrain
|upkeep
|
|t:|1756430428
|switch|p2b: Gastrodon|Gastrodon, L50, M|100/100
|turn|4
|inactive|escorpiobutfrommk has 30 seconds left.
|
|t:|1756430461
|move|p1a: Rillaboom|Fake Out|p2b: Gastrodon
|-damage|p2b: Gastrodon|89/100
|move|p1b: Arcanine|Extreme Speed|p2a: Sneasler
|-damage|p2a: Sneasler|0 fnt
|faint|p2a: Sneasler
|cant|p2b: Gastrodon|flinch
|
|-heal|p1b: Arcanine|69/100|[from] Grassy Terrain
|-heal|p1a: Rillaboom|57/100 par|[from] Grassy Terrain
|-heal|p2b: Gastrodon|95/100|[from] Grassy Terrain
|upkeep
|
|t:|1756430463
|switch|p2a: Ceruledge|Ceruledge, L50, F|100/100
|turn|5
|
|t:|1756430483
|-terastallize|p2b: Gastrodon|Flying
|cant|p1a: Rillaboom|par
|move|p1b: Arcanine|Rock Slide|p2a: Ceruledge|[spread] p2a,p2b
|-supereffective|p2a: Ceruledge
|-supereffective|p2b: Gastrodon
|-damage|p2a: Ceruledge|0 fnt
|-damage|p2b: Gastrodon|0 fnt
|faint|p2a: Ceruledge
|faint|p2b: Gastrodon
|
|win|AnriVGC
||escorpiobutfrommk is ready for game 3.
||AnriVGC is ready for game 3.
|uhtml|next|Next: Game 3 of 3
|l|☆AnriVGC
|player|p1|
