|j|☆umbracle
|j|☆Volanvgc
|html|umbracleVolanvgc    
|uhtml|bestof|Game 3 of a best-of-3
|t:|1754531950
|gametype|doubles
|player|p1|umbracle|266|1197
|player|p2|Volanvgc|veteranf|1210
|gen|9
|tier|[Gen 9] VGC 2025 Reg H (Bo3)
|rated|
|rule|Species Clause: Limit one of each Pokémon
|rule|Item Clause: Limit 1 of each item
|clearpoke
|poke|p1|Annihilape, L50, F|
|poke|p1|Dragonite, L50, F|
|poke|p1|Ursaluna-Bloodmoon, L50, M|
|poke|p1|Gholdengo, L50|
|poke|p1|Ninetales-Alola, L50, M|
|poke|p1|Magmar, L50, F|
|poke|p2|Archaludon, L50, M|
|poke|p2|Sinistcha-Masterpiece, L50|
|poke|p2|Dragonite, L50, F|
|poke|p2|Pelipper, L50, M|
|poke|p2|Gholdengo, L50|
|poke|p2|Ursaluna, L50, M|
|teampreview|4
|showteam|p1|Annihilape||SafetyGoggles|Defiant|RageFist,DrainPunch,BulkUp,Protect|||F|||50|,,,,,Water]Dragonite||LoadedDice|Multiscale|ScaleShot,ExtremeSpeed,IceSpinner,Protect|||F|||50|,,,,,Dark]Ursaluna-Bloodmoon||AssaultVest|MindsEye|BloodMoon,HyperVoice,EarthPower,VacuumWave|||M|||50|,,,,,Water]Gholdengo||Leftovers|GoodasGold|MakeItRain,ShadowBall,NastyPlot,Protect||||||50|,,,,,Dragon]Ninetales-Alola||LightClay|SnowWarning|Blizzard,IcyWind,AuroraVeil,Encore|||M|||50|,,,,,Ghost]Magmar||Eviolite|FlameBody|Overheat,ClearSmog,FollowMe,Protect|||F|||50|,,,,,Grass
|showteam|p2|Archaludon||AssaultVest|Stamina|ElectroShot,FlashCannon,Snarl,BodyPress|||M|||50|,,,,,Grass]Sinistcha-Masterpiece||SitrusBerry|Hospitality|MatchaGotcha,TrickRoom,RagePowder,LifeDew||||||50|,,,,,Dark]Dragonite||LoadedDice|Multiscale|ScaleShot,Tailwind,Haze,Protect|||F|||50|,,,,,Steel]Pelipper||FocusSash|Drizzle|WeatherBall,Tailwind,Protect,Hurricane|||M|||50|,,,,,Ghost]Gholdengo||ChoiceScarf|GoodasGold|MakeItRain,ShadowBall,Trick,TeraBlast||||||50|,,,,,Water]Ursaluna||FlameOrb|Guts|Earthquake,HeadlongRush,Facade,Protect|||M|||50|,,,,,Ghost
|
|t:|1754531969
|teamsize|p1|4
|teamsize|p2|4
|start
|switch|p1a: Ursaluna|Ursaluna-Bloodmoon, L50, M|100/100
|switch|p1b: Ninetales|Ninetales-Alola, L50, M, shiny|100/100
|switch|p2a: Gholdengo|Gholdengo, L50|100/100
|switch|p2b: Pelipper|Pelipper, L50, M|100/100
|-weather|Snowscape|[from] ability: Snow Warning|[of] p1b: Ninetales
|-weather|RainDance|[from] ability: Drizzle|[of] p2b: Pelipper
|turn|1
|
|t:|1754531985
|switch|p1b: Gholdengo|Gholdengo, L50|100/100
|-terastallize|p1a: Ursaluna|Water
|move|p2b: Pelipper|Protect|p2b: Pelipper
|-singleturn|p2b: Pelipper|Protect
|move|p2a: Gholdengo|Make It Rain|p1a: Ursaluna|[spread] p1a,p1b
|-resisted|p1a: Ursaluna
|-resisted|p1b: Gholdengo
|-damage|p1a: Ursaluna|85/100
|-damage|p1b: Gholdengo|72/100
|-unboost|p2a: Gholdengo|spa|1
|move|p1a: Ursaluna|Hyper Voice|p2a: Gholdengo|[spread] p2a
|-activate|p2b: Pelipper|move: Protect
|-resisted|p2a: Gholdengo
|-damage|p2a: Gholdengo|78/100
|
|-weather|RainDance|[upkeep]
|-heal|p1b: Gholdengo|79/100|[from] item: Leftovers
|upkeep
|turn|2
|
|t:|1754532018
|switch|p1b: Ninetales|Ninetales-Alola, L50, M, shiny|100/100
|-weather|Snowscape|[from] ability: Snow Warning|[of] p1b: Ninetales
|move|p2a: Gholdengo|Make It Rain|p1a: Ursaluna|[spread] p1a,p1b
|-resisted|p1a: Ursaluna
|-supereffective|p1b: Ninetales
|-damage|p1a: Ursaluna|74/100
|-damage|p1b: Ninetales|0 fnt
|-unboost|p2a: Gholdengo|spa|1
|faint|p1b: Ninetales
|move|p2b: Pelipper|Weather Ball|p1a: Ursaluna
|-resisted|p1a: Ursaluna
|-damage|p1a: Ursaluna|64/100
|move|p1a: Ursaluna|Hyper Voice|p2a: Gholdengo|[spread] p2a,p2b
|-resisted|p2a: Gholdengo
|-damage|p2a: Gholdengo|56/100
|-damage|p2b: Pelipper|42/100
|
|-weather|Snowscape|[upkeep]
|upkeep
|
|t:|1754532029
|switch|p1b: Gholdengo|Gholdengo, L50|79/100
|turn|3
|
|t:|1754532039
|switch|p2a: Archaludon|Archaludon, L50, M|100/100
|move|p1b: Gholdengo|Shadow Ball|p2b: Pelipper
|-damage|p2b: Pelipper|0 fnt
|faint|p2b: Pelipper
|move|p1a: Ursaluna|Earth Power|p2a: Archaludon
|-supereffective|p2a: Archaludon
|-damage|p2a: Archaludon|30/100
|-ability|p2a: Archaludon|Stamina|boost
|-boost|p2a: Archaludon|def|1
|
|-weather|Snowscape|[upkeep]
|-heal|p1b: Gholdengo|85/100|[from] item: Leftovers
|upkeep
|
|t:|1754532046
|switch|p2b: Gholdengo|Gholdengo, L50|56/100
|turn|4
|
|t:|1754532064
|switch|p1b: Magmar|Magmar, L50, F|100/100
|move|p2b: Gholdengo|Shadow Ball|p1a: Ursaluna
|-damage|p1a: Ursaluna|35/100
|move|p2a: Archaludon|Body Press|p1a: Ursaluna
|-damage|p1a: Ursaluna|2/100
|move|p1a: Ursaluna|Earth Power|p2b: Gholdengo
|-supereffective|p2b: Gholdengo
|-damage|p2b: Gholdengo|0 fnt
|faint|p2b: Gholdengo
|
|-weather|Snowscape|[upkeep]
|upkeep
|
|t:|1754532072
|switch|p2b: Sinistcha|Sinistcha-Masterpiece, L50|100/100
|-heal|p2a: Archaludon|55/100|[from] ability: Hospitality|[of] p2b: Sinistcha
|turn|5
|
|t:|1754532094
|-terastallize|p2b: Sinistcha|Dark
|move|p1a: Ursaluna|Vacuum Wave|p2b: Sinistcha
|-supereffective|p2b: Sinistcha
|-damage|p2b: Sinistcha|72/100
|move|p2a: Archaludon|Snarl|p1a: Ursaluna|[spread] p1a,p1b
|-damage|p1a: Ursaluna|0 fnt
|-damage|p1b: Magmar|92/100
|-unboost|p1b: Magmar|spa|1
|faint|p1a: Ursaluna
|move|p1b: Magmar|Overheat|p2b: Sinistcha
|-damage|p2b: Sinistcha|43/100
|-unboost|p1b: Magmar|spa|2
|-enditem|p2b: Sinistcha|Sitrus Berry|[eat]
|-heal|p2b: Sinistcha|68/100|[from] item: Sitrus Berry
|move|p2b: Sinistcha|Trick Room|p2b: Sinistcha
|-fieldstart|move: Trick Room|[of] p2b: Sinistcha
|
|-weather|Snowscape|[upkeep]
|upkeep
|
|t:|1754532098
|switch|p1a: Gholdengo|Gholdengo, L50|85/100
|turn|6
|
|t:|1754532116
|move|p2b: Sinistcha|Life Dew|p2b: Sinistcha|[spread] p2a,p2b
|-heal|p2a: Archaludon|80/100
|-heal|p2b: Sinistcha|93/100
|move|p1b: Magmar|Overheat|p2b: Sinistcha
|-damage|p2b: Sinistcha|76/100
|-unboost|p1b: Magmar|spa|2
|move|p2a: Archaludon|Snarl|p1b: Magmar|[spread] p1a,p1b
|-supereffective|p1a: Gholdengo
|-crit|p1a: Gholdengo
|-damage|p1a: Gholdengo|49/100
|-damage|p1b: Magmar|83/100
|-unboost|p1a: Gholdengo|spa|1
|-unboost|p1b: Magmar|spa|1
|move|p1a: Gholdengo|Nasty Plot|p1a: Gholdengo
|-boost|p1a: Gholdengo|spa|2
|
|-weather|none
|-heal|p1a: Gholdengo|56/100|[from] item: Leftovers
|upkeep
|turn|7
|
|t:|1754532130
|move|p1b: Magmar|Protect|p1b: Magmar
|-singleturn|p1b: Magmar|Protect
|move|p1a: Gholdengo|Protect|p1a: Gholdengo
|-singleturn|p1a: Gholdengo|Protect
|move|p2b: Sinistcha|Life Dew|p2b: Sinistcha|[spread] p2a,p2b
|-heal|p2a: Archaludon|100/100
|-heal|p2b: Sinistcha|100/100
|move|p2a: Archaludon|Snarl|p1b: Magmar|[spread] 
|-activate|p1a: Gholdengo|move: Protect
|-activate|p1b: Magmar|move: Protect
|
|-heal|p1a: Gholdengo|62/100|[from] item: Leftovers
|upkeep
|turn|8
|
|t:|1754532140
|move|p2b: Sinistcha|Matcha Gotcha|p1a: Gholdengo|[spread] p1a,p1b
|-resisted|p1a: Gholdengo
|-resisted|p1b: Magmar
|-damage|p1a: Gholdengo|50/100
|-damage|p1b: Magmar|75/100
|move|p1b: Magmar|Overheat|p2b: Sinistcha
|-damage|p2b: Sinistcha|89/100
|move|p2a: Archaludon|Snarl|p1a: Gholdengo|[spread] p1b
|-miss|p2a: Archaludon|p1a: Gholdengo
|-damage|p1b: Magmar|67/100
|move|p1a: Gholdengo|Nasty Plot|p1a: Gholdengo
|-boost|p1a: Gholdengo|spa|2
|
|-heal|p1a: Gholdengo|57/100|[from] item: Leftovers
|upkeep
|turn|9
|
|t:|1754532160
|move|p1a: Gholdengo|Protect|p1a: Gholdengo
|-singleturn|p1a: Gholdengo|Protect
|move|p2b: Sinistcha|Matcha Gotcha|p1b: Magmar|[spread] p1b
|-activate|p1a: Gholdengo|move: Protect
|-resisted|p1b: Magmar
|-damage|p1b: Magmar|58/100
|-heal|p2b: Sinistcha|93/100|[from] drain|[of] p1b: Magmar
|move|p1b: Magmar|Overheat|p2a: Archaludon
|-damage|p2a: Archaludon|92/100
|-ability|p2a: Archaludon|Stamina|boost
|-boost|p2a: Archaludon|def|1
|move|p2a: Archaludon|Snarl|p1a: Gholdengo|[spread] p1b
|-activate|p1a: Gholdengo|move: Protect
|-damage|p1b: Magmar|49/100
|
|-heal|p1a: Gholdengo|63/100|[from] item: Leftovers
|-fieldend|move: Trick Room
|upkeep
|turn|10
|
|t:|1754532177
|move|p1a: Gholdengo|Make It Rain|p2b: Sinistcha|[spread] p2a,p2b
|-resisted|p2a: Archaludon
|-damage|p2a: Archaludon|48/100
|-damage|p2b: Sinistcha|0 fnt
|-unboost|p1a: Gholdengo|spa|1
|-ability|p2a: Archaludon|Stamina|boost
|-boost|p2a: Archaludon|def|1
|faint|p2b: Sinistcha
|move|p2a: Archaludon|Snarl|p1a: Gholdengo|[spread] p1a,p1b
|-supereffective|p1a: Gholdengo
|-damage|p1a: Gholdengo|37/100
|-damage|p1b: Magmar|41/100
|-unboost|p1a: Gholdengo|spa|1
|move|p1b: Magmar|Overheat|p2a: Archaludon
|-damage|p2a: Archaludon|38/100
|-ability|p2a: Archaludon|Stamina|boost
|-boost|p2a: Archaludon|def|1
|
|-heal|p1a: Gholdengo|43/100|[from] item: Leftovers
|upkeep
|turn|11
|
|t:|1754532186
|move|p1a: Gholdengo|Protect|p1a: Gholdengo
|-singleturn|p1a: Gholdengo|Protect
|move|p1b: Magmar|Protect|p1b: Magmar
|-singleturn|p1b: Magmar|Protect
|move|p2a: Archaludon|Snarl|p1b: Magmar|[spread] 
|-activate|p1a: Gholdengo|move: Protect
|-activate|p1b: Magmar|move: Protect
|
|-heal|p1a: Gholdengo|49/100|[from] item: Leftovers
|upkeep
|turn|12
|
|t:|1754532194
|move|p1b: Magmar|Follow Me|p1b: Magmar
|-singleturn|p1b: Magmar|move: Follow Me
|move|p1a: Gholdengo|Shadow Ball|p2a: Archaludon
|-damage|p2a: Archaludon|0 fnt
|faint|p2a: Archaludon
|
|win|umbracle
|raw|umbracle's rating: 1197 → 1223(+26 for winning)
|raw|Volanvgc's rating: 1210 → 1184(-26 for losing)
|l|☆umbracle
|player|p1|
