|j|☆MurQrow
|j|☆Llama_Llord
|html|MurQrowLlama_Llord    
|uhtml|bestof|Game 2 of a best-of-3
|t:|1756852199
|gametype|doubles
|player|p1|MurQrow|101|1123
|player|p2|Llama_Llord|266|1168
|gen|9
|tier|[Gen 9] VGC 2025 Reg H (Bo3)
|rated|
|rule|Species Clause: Limit one of each Pokémon
|rule|Item Clause: Limit 1 of each item
|clearpoke
|poke|p1|Ninetales-Alola, L50, F|
|poke|p1|Baxcalibur, L50, M|
|poke|p1|Gholdengo, L50|
|poke|p1|Magmar, L50, F|
|poke|p1|Rillaboom, L50, M|
|poke|p1|Flamigo, L50, F|
|poke|p2|Talonflame, L50, M|
|poke|p2|Garchomp, L50, F|
|poke|p2|Gholdengo, L50|
|poke|p2|Tyranitar, L50, M|
|poke|p2|Amoonguss, L50, F|
|poke|p2|Milotic, L50, F|
|teampreview|4
|showteam|p1|Ninetales-Alola||CovertCloak|SnowWarning|Blizzard,IcyWind,Encore,AuroraVeil|||F|||50|,,,,,Fire]Baxcalibur||LoadedDice|ThermalExchange|Protect,IceShard,IcicleSpear,ScaleShot|||M|||50|,,,,,Water]Gholdengo||LifeOrb|GoodasGold|NastyPlot,Protect,MakeItRain,ShadowBall||||||50|,,,,,Water]Magmar||Eviolite|VitalSpirit|ClearSmog,FollowMe,Protect,Flamethrower|||F|||50|,,,,,Ghost]Rillaboom||AssaultVest|GrassySurge|FakeOut,GrassyGlide,WoodHammer,HighHorsepower|||M|||50|,,,,,Fire]Flamigo||ChoiceScarf|Scrappy|CloseCombat,BraveBird,DualWingbeat,Tailwind|||F|||50|,,,,,Ghost
|showteam|p2|Talonflame||CovertCloak|GaleWings|Tailwind,BraveBird,WillOWisp,Taunt|||M|||50|,,,,,Grass]Garchomp||LifeOrb|RoughSkin|Earthquake,DragonClaw,StompingTantrum,Protect|||F|||50|,,,,,Fairy]Gholdengo||ChoiceSpecs|GoodasGold|MakeItRain,ShadowBall,Thunderbolt,PowerGem||||||50|,,,,,Steel]Tyranitar||AssaultVest|SandStream|RockSlide,KnockOff,TeraBlast,LowKick|||M|||50|,,,,,Flying]Amoonguss||SitrusBerry|Regenerator|PollenPuff,Spore,RagePowder,Protect|||F|||50|,,,,,Water]Milotic||SafetyGoggles|Competitive|Scald,IcyWind,Haze,Protect|||F|||50|,,,,,Dragon
|inactive|Battle timer is ON: inactive players will automatically lose when time's up. (requested by Llama_Llord)
|inactive|MurQrow also wants the timer to be on.
|inactive|MurQrow has 60 seconds left.
|
|t:|1756852242
|teamsize|p1|4
|teamsize|p2|4
|start
|switch|p1a: Flush five|Baxcalibur, L50, M|100/100
|switch|p1b: Flamigo|Flamigo, L50, F|100/100
|switch|p2a: Talonflame|Talonflame, L50, M|100/100
|switch|p2b: Garchomp|Garchomp, L50, F|100/100
|turn|1
|inactive|MurQrow has 30 seconds left.
|
|t:|1756852269
|-terastallize|p2b: Garchomp|Fairy
|-terastallize|p1a: Flush five|Water
|move|p2a: Talonflame|Brave Bird|p1b: Flamigo
|-supereffective|p1b: Flamigo
|-damage|p1b: Flamigo|0 fnt
|faint|p1b: Flamigo
|-damage|p2a: Talonflame|72/100|[from] Recoil
|move|p2b: Garchomp|Dragon Claw|p1a: Flush five
|-damage|p1a: Flush five|50/100
|-damage|p2b: Garchomp|91/100|[from] item: Life Orb
|move|p1a: Flush five|Icicle Spear|p2b: Garchomp
|-damage|p2b: Garchomp|75/100
|-damage|p2b: Garchomp|59/100
|-damage|p2b: Garchomp|42/100
|-damage|p2b: Garchomp|27/100
|-hitcount|p2b: Garchomp|4
|
|upkeep
|inactive|MurQrow has 30 seconds left.
|
|t:|1756852295
|switch|p1b: Rillaboom|Rillaboom, L50, M|100/100
|-fieldstart|move: Grassy Terrain|[from] ability: Grassy Surge|[of] p1b: Rillaboom
|turn|2
|
|t:|1756852303
|move|p2b: Garchomp|Protect|p2b: Garchomp
|-singleturn|p2b: Garchomp|Protect
|move|p1b: Rillaboom|Grassy Glide|p2b: Garchomp
|-activate|p2b: Garchomp|move: Protect
|move|p2a: Talonflame|Will-O-Wisp|p1b: Rillaboom|[miss]
|-miss|p2a: Talonflame|p1b: Rillaboom
|move|p1a: Flush five|Icicle Spear|p2a: Talonflame
|-damage|p2a: Talonflame|53/100
|-crit|p2a: Talonflame
|-damage|p2a: Talonflame|25/100
|-damage|p2a: Talonflame|4/100
|-damage|p2a: Talonflame|0 fnt
|faint|p2a: Talonflame
|-hitcount|p2: Talonflame|4
|
|-heal|p2b: Garchomp|33/100|[from] Grassy Terrain
|-heal|p1a: Flush five|56/100|[from] Grassy Terrain
|upkeep
|
|t:|1756852318
|switch|p2a: Gholdengo|Gholdengo, L50|100/100
|turn|3
|inactive|MurQrow has 30 seconds left.
|
|t:|1756852346
|move|p1b: Rillaboom|Grassy Glide|p2b: Garchomp
|-damage|p2b: Garchomp|0 fnt
|-damage|p1b: Rillaboom|88/100|[from] ability: Rough Skin|[of] p2b: Garchomp
|faint|p2b: Garchomp
|move|p2a: Gholdengo|Thunderbolt|p1a: Flush five
|-supereffective|p1a: Flush five
|-damage|p1a: Flush five|0 fnt
|faint|p1a: Flush five
|
|-heal|p1b: Rillaboom|94/100|[from] Grassy Terrain
|upkeep
|
|t:|1756852359
|switch|p2b: Tyranitar|Tyranitar, L50, M|100/100
|switch|p1a: Ninetales|Ninetales-Alola, L50, F|100/100
|-weather|Snowscape|[from] ability: Snow Warning|[of] p1a: Ninetales
|-weather|Sandstorm|[from] ability: Sand Stream|[of] p2b: Tyranitar
|turn|4
|inactive|MurQrow has 30 seconds left.
|inactive|MurQrow has 20 seconds left.
|
|t:|1756852396
|move|p1a: Ninetales|Icy Wind|p2a: Gholdengo|[spread] p2b
|-miss|p1a: Ninetales|p2a: Gholdengo
|-damage|p2b: Tyranitar|95/100
|-unboost|p2b: Tyranitar|spe|1
|move|p2a: Gholdengo|Thunderbolt|p1b: Rillaboom
|-resisted|p1b: Rillaboom
|-damage|p1b: Rillaboom|78/100
|move|p1b: Rillaboom|Wood Hammer|p2b: Tyranitar
|-supereffective|p2b: Tyranitar
|-damage|p2b: Tyranitar|0 fnt
|faint|p2b: Tyranitar
|-damage|p1b: Rillaboom|48/100|[from] Recoil
|
|-weather|Sandstorm|[upkeep]
|-damage|p1a: Ninetales|95/100|[from] Sandstorm
|-damage|p1b: Rillaboom|42/100|[from] Sandstorm
|-heal|p1a: Ninetales|100/100|[from] Grassy Terrain
|-heal|p1b: Rillaboom|48/100|[from] Grassy Terrain
|upkeep
|turn|5
|-message|Llama_Llord forfeited.
|
|win|MurQrow
