|j|☆Pokeventurer
|j|☆onardragon
|html|Pokeventureronardragon    
|uhtml|bestof|Game 3 of a best-of-3
|t:|1757021963
|gametype|doubles
|player|p1|Pokeventurer|2|1093
|player|p2|onardragon|lance|1073
|gen|9
|tier|[Gen 9] VGC 2025 Reg H (Bo3)
|rated|
|rule|Species Clause: Limit one of each Pokémon
|rule|Item Clause: Limit 1 of each item
|clearpoke
|poke|p1|Basculegion, L50, M|
|poke|p1|Pelipper, L50, M|
|poke|p1|Archaludon, L50, M|
|poke|p1|Rillaboom, L50, F|
|poke|p1|Maushold, L50|
|poke|p1|Annihilape, L50, M|
|poke|p2|Hatterene, L50, F|
|poke|p2|Indeedee-F, L50, F|
|poke|p2|Volcarona, L50, F|
|poke|p2|Incineroar, L50, M|
|poke|p2|Gallade, L50, M|
|poke|p2|Archaludon, L50, M|
|teampreview|4
|showteam|p1|Basculegion||ChoiceBand|SwiftSwim|WaveCrash,FlipTurn,LastRespects,AquaJet|||M|||50|,,,,,Water]Pelipper||FocusSash|Drizzle|WeatherBall,Hurricane,Tailwind,Protect|||M|||50|,,,,,Stellar]Archaludon||AssaultVest|Stamina|ElectroShot,FlashCannon,Snarl,BodyPress|||M|||50|,,,,,Grass]Rillaboom||CobaBerry|GrassySurge|FakeOut,GrassyGlide,WoodHammer,Uturn|||F|||50|,,,,,Steel]Maushold||CovertCloak|FriendGuard|FollowMe,BeatUp,SuperFang,Taunt||||||50|,,,,,Ghost]Annihilape||SafetyGoggles|Defiant|DrainPunch,RageFist,BulkUp,Protect|||M|||50|,,,,,Fire
|showteam|p2|Hatterene||SitrusBerry|MagicBounce|ExpandingForce,DazzlingGleam,TrickRoom,Protect|||F|||50|,,,,,Steel]Indeedee-F||SafetyGoggles|PsychicSurge|FollowMe,TrickRoom,Psychic,HealPulse|||F|||50|,,,,,Water]Volcarona||RockyHelmet|FlameBody|GigaDrain,Flamethrower,QuiverDance,Protect|||F|||50|,,,,,Grass]Incineroar||AssaultVest|Intimidate|FakeOut,Uturn,FlareBlitz,KnockOff|||M|||50|,,,,,Grass]Gallade||ClearAmulet|Sharpness|SacredSword,PsychoCut,TrickRoom,Protect|||M|||50|,,,,,Psychic]Archaludon||PowerHerb|Sturdy|ElectroShot,DragonPulse,FlashCannon,Protect|||M|||50|,,,,,Electric
|inactive|Battle timer is ON: inactive players will automatically lose when time's up. (requested by Pokeventurer)
|inactive|Pokeventurer has 60 seconds left.
|
|t:|1757022008
|teamsize|p1|4
|teamsize|p2|4
|start
|switch|p1a: London Paris&Tokyo|Archaludon, L50, M|100/100
|switch|p1b: MouseySee|Maushold, L50|100/100
|switch|p2a: Volcarona|Volcarona, L50, F|100/100
|switch|p2b: Incineroar|Incineroar, L50, M|100/100
|-ability|p2b: Incineroar|Intimidate|boost
|-unboost|p1a: London Paris&Tokyo|atk|1
|-unboost|p1b: MouseySee|atk|1
|turn|1
|inactive|onardragon has 30 seconds left.
|inactive|onardragon has 20 seconds left.
|
|t:|1757022043
|switch|p1a: MonkeyDo|Annihilape, L50, M|100/100
|move|p2a: Volcarona|Protect|p2a: Volcarona
|-singleturn|p2a: Volcarona|Protect
|move|p1b: MouseySee|Beat Up|p1a: MonkeyDo
|-damage|p1a: MonkeyDo|99/100
|-damage|p1a: MonkeyDo|98/100
|-damage|p1a: MonkeyDo|96/100
|-crit|p1a: MonkeyDo
|-damage|p1a: MonkeyDo|93/100
|-hitcount|p1a: MonkeyDo|4
|move|p2b: Incineroar|Flare Blitz|p1b: MouseySee
|-damage|p1b: MouseySee|38/100
|-damage|p2b: Incineroar|82/100|[from] Recoil
|
|upkeep
|turn|2
|inactive|onardragon has 30 seconds left.
|
|t:|1757022070
|-terastallize|p1a: MonkeyDo|Fire
|move|p1b: MouseySee|Beat Up|p1a: MonkeyDo
|-damage|p1a: MonkeyDo|91/100
|-damage|p1a: MonkeyDo|90/100
|-damage|p1a: MonkeyDo|89/100
|-damage|p1a: MonkeyDo|87/100
|-hitcount|p1a: MonkeyDo|4
|move|p1a: MonkeyDo|Rage Fist|p2a: Volcarona
|-damage|p2a: Volcarona|0 fnt
|-damage|p1a: MonkeyDo|71/100|[from] item: Rocky Helmet|[of] p2a: Volcarona
|faint|p2a: Volcarona
|move|p2b: Incineroar|Flare Blitz|p1b: MouseySee
|-damage|p1b: MouseySee|0 fnt
|faint|p1b: MouseySee
|-damage|p2b: Incineroar|71/100|[from] Recoil
|
|upkeep
|
|t:|1757022091
|switch|p1b: London Paris&Tokyo|Archaludon, L50, M|100/100
|switch|p2a: Indeedee|Indeedee-F, L50, F|100/100
|-fieldstart|move: Psychic Terrain|[from] ability: Psychic Surge|[of] p2a: Indeedee
|turn|3
|
|t:|1757022113
|switch|p1b: MonkeyDo2|Rillaboom, L50, F|100/100
|-fieldstart|move: Grassy Terrain|[from] ability: Grassy Surge|[of] p1b: MonkeyDo2
|move|p1a: MonkeyDo|Bulk Up|p1a: MonkeyDo
|-boost|p1a: MonkeyDo|atk|1
|-boost|p1a: MonkeyDo|def|1
|move|p2b: Incineroar|U-turn|p1b: MonkeyDo2
|-supereffective|p1b: MonkeyDo2
|-damage|p1b: MonkeyDo2|68/100
|
|t:|1757022122
|switch|p2b: Hatterene|Hatterene, L50, F|100/100|[from] U-turn
|move|p2a: Indeedee|Trick Room|p2a: Indeedee
|-fieldstart|move: Trick Room|[of] p2a: Indeedee
|
|-heal|p1b: MonkeyDo2|74/100|[from] Grassy Terrain
|-heal|p1a: MonkeyDo|77/100|[from] Grassy Terrain
|upkeep
|turn|4
|
|t:|1757022133
|switch|p2a: Incineroar|Incineroar, L50, M|71/100
|-ability|p2a: Incineroar|Intimidate|boost
|-unboost|p1a: MonkeyDo|atk|1
|-ability|p1a: MonkeyDo|Defiant|boost
|-boost|p1a: MonkeyDo|atk|2
|-unboost|p1b: MonkeyDo2|atk|1
|move|p2b: Hatterene|Protect|p2b: Hatterene
|-singleturn|p2b: Hatterene|Protect
|move|p1b: MonkeyDo2|Fake Out|p2b: Hatterene
|-activate|p2b: Hatterene|move: Protect
|move|p1a: MonkeyDo|Drain Punch|p2a: Incineroar
|-supereffective|p2a: Incineroar
|-damage|p2a: Incineroar|0 fnt
|-heal|p1a: MonkeyDo|100/100|[from] drain|[of] p2a: Incineroar
|faint|p2a: Incineroar
|
|-heal|p1b: MonkeyDo2|80/100|[from] Grassy Terrain
|upkeep
|
|t:|1757022150
|switch|p2a: Indeedee|Indeedee-F, L50, F|100/100
|-fieldstart|move: Psychic Terrain|[from] ability: Psychic Surge|[of] p2a: Indeedee
|turn|5
|
|t:|1757022164
|switch|p1b: London Paris&Tokyo|Archaludon, L50, M|100/100
|move|p1a: MonkeyDo|Protect|p1a: MonkeyDo
|-singleturn|p1a: MonkeyDo|Protect
|move|p2a: Indeedee|Follow Me|p2a: Indeedee
|-singleturn|p2a: Indeedee|move: Follow Me
|move|p2b: Hatterene|Expanding Force|p1b: London Paris&Tokyo|[spread] p1b
|-activate|p1a: MonkeyDo|move: Protect
|-resisted|p1b: London Paris&Tokyo
|-damage|p1b: London Paris&Tokyo|68/100
|-ability|p1b: London Paris&Tokyo|Stamina|boost
|-boost|p1b: London Paris&Tokyo|def|1
|
|upkeep
|turn|6
|
|t:|1757022181
|switch|p1b: MonkeyDo2|Rillaboom, L50, F|80/100
|-fieldstart|move: Grassy Terrain|[from] ability: Grassy Surge|[of] p1b: MonkeyDo2
|move|p2b: Hatterene|Expanding Force|p1b: MonkeyDo2
|-damage|p1b: MonkeyDo2|37/100
|move|p2a: Indeedee|Psychic|p1a: MonkeyDo
|-damage|p1a: MonkeyDo|74/100
|move|p1a: MonkeyDo|Bulk Up|p1a: MonkeyDo
|-boost|p1a: MonkeyDo|atk|1
|-boost|p1a: MonkeyDo|def|1
|
|-heal|p1b: MonkeyDo2|43/100|[from] Grassy Terrain
|-heal|p1a: MonkeyDo|80/100|[from] Grassy Terrain
|upkeep
|turn|7
|
|t:|1757022200
|move|p1b: MonkeyDo2|Fake Out|p2b: Hatterene
|-damage|p2b: Hatterene|87/100
|cant|p2b: Hatterene|flinch
|move|p2a: Indeedee|Psychic|p1a: MonkeyDo
|-crit|p1a: MonkeyDo
|-damage|p1a: MonkeyDo|43/100
|move|p1a: MonkeyDo|Drain Punch|p2a: Indeedee
|-damage|p2a: Indeedee|37/100
|-heal|p1a: MonkeyDo|70/100|[from] drain|[of] p2a: Indeedee
|
|-heal|p2b: Hatterene|93/100|[from] Grassy Terrain
|-heal|p2a: Indeedee|43/100|[from] Grassy Terrain
|-heal|p1b: MonkeyDo2|49/100|[from] Grassy Terrain
|-heal|p1a: MonkeyDo|76/100|[from] Grassy Terrain
|-fieldend|move: Trick Room
|upkeep
|turn|8
|
|t:|1757022218
|move|p1a: MonkeyDo|Drain Punch|p2a: Indeedee
|-damage|p2a: Indeedee|0 fnt
|-heal|p1a: MonkeyDo|94/100|[from] drain|[of] p2a: Indeedee
|faint|p2a: Indeedee
|move|p1b: MonkeyDo2|Wood Hammer|p2b: Hatterene
|-damage|p2b: Hatterene|13/100
|-enditem|p2b: Hatterene|Sitrus Berry|[eat]
|-heal|p2b: Hatterene|38/100|[from] item: Sitrus Berry
|-damage|p1b: MonkeyDo2|28/100|[from] Recoil
|move|p2b: Hatterene|Expanding Force|p1a: MonkeyDo
|-damage|p1a: MonkeyDo|56/100
|
|-heal|p1a: MonkeyDo|62/100|[from] Grassy Terrain
|-heal|p1b: MonkeyDo2|34/100|[from] Grassy Terrain
|-heal|p2b: Hatterene|44/100|[from] Grassy Terrain
|upkeep
|turn|9
|-message|onardragon forfeited.
|raw|Pokeventurer's rating: 1093 → 1118(+25 for winning)
|raw|onardragon's rating: 1073 → 1053(-20 for losing)
|
|win|Pokeventurer
|l|☆onardragon
|player|p2|
