|j|☆lukashz
|j|☆paintleg4cy
|html|lukashzpaintleg4cy    
|uhtml|bestof|Game 2 of a best-of-3
|t:|1783614695
|gametype|doubles
|player|p1|lukashz|elesa|1328
|player|p2|paintleg4cy|dawn-gen4pt|1290
|gen|9
|tier|[Gen 9 Champions] VGC 2026 Reg M-B (Bo3)
|rated|
|rule|Species Clause: Limit one of each Pokémon
|rule|Item Clause: Limit 1 of each item
|clearpoke
|poke|p1|Chandelure, L50, F|
|poke|p1|Kangaskhan, L50, F|
|poke|p1|Sylveon, L50, M|
|poke|p1|Kingambit, L50, M|
|poke|p1|Sneasler, L50, M|
|poke|p1|Venusaur, L50, F|
|poke|p2|Charizard, L50, F|
|poke|p2|Basculegion, L50, M|
|poke|p2|Whimsicott, L50, M|
|poke|p2|Garchomp, L50, F|
|poke|p2|Floette-Eternal, L50, F|
|poke|p2|Kingambit, L50, M|
|teampreview|4
|showteam|p1|Chandelure||FocusSash|FlashFire|HeatWave,ShadowBall,TrickRoom,Taunt|Quiet||F|||50|]Kangaskhan||Kangaskhanite|InnerFocus|FakeOut,DoubleEdge,SuckerPunch,HammerArm|Brave||F|||50|]Sylveon||FairyFeather|Pixilate|HyperVoice,Protect,HyperBeam,QuickAttack|Quiet||M|||50|]Kingambit||BlackGlasses|Defiant|KowtowCleave,SuckerPunch,IronHead,Protect|Brave||M|||50|]Sneasler||WhiteHerb|Unburden|FakeOut,Coaching,CloseCombat,DireClaw|Jolly||M|||50|]Venusaur||Venusaurite|Chlorophyll|EarthPower,SleepPowder,GigaDrain,Protect|Modest||F|||50|
|showteam|p2|Charizard||CharizarditeY|Blaze|HeatWave,SolarBeam,WeatherBall,Protect|Modest||F|||50|]Basculegion||ChoiceScarf|Adaptability|WaveCrash,AquaJet,FlipTurn,LastRespects|Jolly||M|||50|]Whimsicott||FocusSash|Prankster|Moonblast,Tailwind,Encore,Protect|Timid||M|||50|]Garchomp||LifeOrb|RoughSkin|Earthquake,RockSlide,DragonClaw,Protect|Jolly||F|||50|]Floette-Eternal||Floettite|FlowerVeil|Moonblast,LightofRuin,DazzlingGleam,Protect|Timid||F|||50|]Kingambit||BlackGlasses|Defiant|KowtowCleave,SuckerPunch,Protect,SwordsDance|Adamant||M|||50|
|
|t:|1783614710
|teamsize|p1|4
|teamsize|p2|4
|start
|switch|p1a: Venusaur|Venusaur, L50, F|100/100
|switch|p1b: Sylveon|Sylveon, L50, M|100/100
|switch|p2a: Basculegion|Basculegion, L50, M|100/100
|switch|p2b: Garchomp|Garchomp, L50, F|100/100
|turn|1
|
|t:|1783614770
|move|p2a: Basculegion|Flip Turn|p1b: Sylveon
|-damage|p1b: Sylveon|64/100
|
|t:|1783614774
|switch|p2a: Charizard|Charizard, L50, F|100/100|[from] Flip Turn
|move|p2b: Garchomp|Earthquake|p1b: Sylveon|[spread] p1a,p1b
|-immune|p2a: Charizard
|-damage|p1a: Venusaur|48/100
|-damage|p1b: Sylveon|11/100
|-damage|p2b: Garchomp|90/100|[from] item: Life Orb
|move|p1a: Venusaur|Sleep Powder|p2b: Garchomp
|-status|p2b: Garchomp|slp|[from] move: Sleep Powder
|move|p1b: Sylveon|Hyper Voice|p2b: Garchomp|[spread] p2a,p2b
|-resisted|p2a: Charizard|1
|-supereffective|p2b: Garchomp|1
|-damage|p2a: Charizard|74/100
|-damage|p2b: Garchomp|0 fnt
|faint|p2b: Garchomp
|
|upkeep
|
|t:|1783614783
|switch|p2b: Basculegion|Basculegion, L50, M|100/100
|turn|2
|
|t:|1783614795
|move|p1a: Venusaur|Protect|p1a: Venusaur
|-singleturn|p1a: Venusaur|Protect
|move|p1b: Sylveon|Quick Attack|p2b: Basculegion
|-damage|p2b: Basculegion|83/100
|move|p2b: Basculegion|Last Respects|p1a: Venusaur
|-activate|p1a: Venusaur|move: Protect
|move|p2a: Charizard|Heat Wave|p1a: Venusaur|[spread] p1b
|-activate|p1a: Venusaur|move: Protect
|-damage|p1b: Sylveon|0 fnt
|faint|p1b: Sylveon
|
|upkeep
|
|t:|1783614809
|switch|p1b: Sneasler|Sneasler, L50, M|100/100
|turn|3
|
|t:|1783614829
|detailschange|p1a: Venusaur|Venusaur-Mega, L50, F
|-mega|p1a: Venusaur|Venusaur|Venusaurite
|move|p1b: Sneasler|Fake Out|p2a: Charizard
|-damage|p2a: Charizard|62/100
|move|p2b: Basculegion|Last Respects|p1a: Venusaur
|-damage|p1a: Venusaur|3/100
|cant|p2a: Charizard|flinch
|move|p1a: Venusaur|Giga Drain|p2b: Basculegion
|-supereffective|p2b: Basculegion|1
|-damage|p2b: Basculegion|0 fnt
|-heal|p1a: Venusaur|48/100|[from] drain|[of] p2b: Basculegion
|faint|p2b: Basculegion
|
|upkeep
|
|t:|1783614835
|switch|p2b: Kingambit|Kingambit, L50, M|100/100
|turn|4
|
|t:|1783614857
|switch|p1a: Chandelure|Chandelure, L50, F|100/100
|detailschange|p2a: Charizard|Charizard-Mega-Y, L50, F
|-mega|p2a: Charizard|Charizard|Charizardite Y
|-weather|SunnyDay|[from] ability: Drought|[of] p2a: Charizard
|move|p2b: Kingambit|Sucker Punch|p1b: Sneasler
|-resisted|p1b: Sneasler|1
|-damage|p1b: Sneasler|67/100
|move|p1b: Sneasler|Dire Claw|p2a: Charizard
|-damage|p2a: Charizard|28/100
|move|p2a: Charizard|Heat Wave|p1a: Chandelure|[spread] p1b
|-start|p1a: Chandelure|ability: Flash Fire
|-damage|p1b: Sneasler|0 fnt
|faint|p1b: Sneasler
|
|-weather|SunnyDay|[upkeep]
|upkeep
|
|t:|1783614871
|switch|p1b: Venusaur|Venusaur-Mega, L50, F|48/100
|turn|5
|
|t:|1783614889
|move|p2b: Kingambit|Sucker Punch|p1a: Chandelure
|-supereffective|p1a: Chandelure|1
|-enditem|p1a: Chandelure|Focus Sash
|-damage|p1a: Chandelure|1/100
|move|p2a: Charizard|Weather Ball|p1b: Venusaur
|-supereffective|p1b: Venusaur|1
|-damage|p1b: Venusaur|0 fnt
|faint|p1b: Venusaur
|move|p1a: Chandelure|Heat Wave|p2a: Charizard|[spread] p2a,p2b
|-resisted|p2a: Charizard|1
|-supereffective|p2b: Kingambit|1
|-damage|p2a: Charizard|0 fnt
|-damage|p2b: Kingambit|0 fnt
|faint|p2a: Charizard
|faint|p2b: Kingambit
|
|win|lukashz
||paintleg4cy is ready for game 3.
||lukashz is ready for game 3.
|uhtml|next|Next: Game 3 of 3
|l|☆paintleg4cy
|player|p2|
