|j|☆MarkTheMarker
|j|☆palle synchro
|html|MarkTheMarkerpalle synchro    
|uhtml|bestof|Game 2 of a best-of-3
|t:|1784738090
|gametype|doubles
|player|p1|MarkTheMarker|wallace|1392
|player|p2|palle synchro|volkner|1536
|gen|9
|tier|[Gen 9 Champions] VGC 2026 Reg M-B (Bo3)
|rated|
|rule|Species Clause: Limit one of each Pokémon
|rule|Item Clause: Limit 1 of each item
|clearpoke
|poke|p1|Tyranitar, L50, M|
|poke|p1|Excadrill, L50, F|
|poke|p1|Milotic, L50, M|
|poke|p1|Sinistcha, L50|
|poke|p1|Staraptor, L50, F|
|poke|p1|Gholdengo, L50|
|poke|p2|Tyranitar, L50, M|
|poke|p2|Excadrill, L50, F|
|poke|p2|Milotic, L50, F|
|poke|p2|Sinistcha, L50|
|poke|p2|Staraptor, L50, F|
|poke|p2|Gholdengo, L50|
|teampreview|4
|showteam|p1|Tyranitar||Tyranitarite|SandStream|KnockOff,RockSlide,HighHorsepower,Protect|Jolly||M|||50|]Excadrill||FocusSash|SandRush|Earthquake,IronHead,RockSlide,Protect|Adamant||F|||50|]Milotic||SitrusBerry|Competitive|Scald,IcyWind,Haze,Protect|Calm||M|||50|]Sinistcha||ColburBerry|Hospitality|MatchaGotcha,ShadowBall,Protect,RagePowder|Bold|||||50|]Staraptor||Staraptite|Intimidate|CloseCombat,BraveBird,Tailwind,Protect|Jolly||F|||50|]Gholdengo||LifeOrb|GoodasGold|MakeItRain,ShadowBall,NastyPlot,Protect|Modest|||||50|
|showteam|p2|Tyranitar||Tyranitarite|SandStream|KnockOff,RockSlide,LowKick,Protect|Jolly||M|||50|]Excadrill||FocusSash|SandRush|Earthquake,IronHead,RockSlide,Protect|Jolly||F|||50|]Milotic||SitrusBerry|Competitive|Scald,IcyWind,Haze,Protect|Calm||F|||50|]Sinistcha||ColburBerry|Hospitality|MatchaGotcha,ShadowBall,Protect,RagePowder|Bold|||||50|]Staraptor||Staraptite|Intimidate|CloseCombat,BraveBird,Tailwind,Protect|Jolly||F|||50|]Gholdengo||LifeOrb|GoodasGold|MakeItRain,ShadowBall,NastyPlot,Protect|Modest|||||50|
|inactive|Battle timer is ON: inactive players will automatically lose when time's up. (requested by MarkTheMarker)
|
|t:|1784738102
|teamsize|p1|4
|teamsize|p2|4
|start
|switch|p1a: Milotic|Milotic, L50, M|100/100
|switch|p1b: Gholdengo|Gholdengo, L50|100/100
|switch|p2a: Staraptor|Staraptor, L50, F|100/100
|switch|p2b: Milotic|Milotic, L50, F|100/100
|-ability|p2a: Staraptor|Intimidate|boost
|-unboost|p1a: Milotic|atk|1
|-ability|p1a: Milotic|Competitive|boost
|-boost|p1a: Milotic|spa|2
|-unboost|p1b: Gholdengo|atk|1
|turn|1
|inactive|palle synchro has 30 seconds left.
|
|t:|1784738129
|detailschange|p2a: Staraptor|Staraptor-Mega, L50, F
|-mega|p2a: Staraptor|Staraptor|Staraptite
|move|p2a: Staraptor|Close Combat|p1a: Milotic
|-damage|p1a: Milotic|46/100
|-boost|p2a: Staraptor|def|1
|-boost|p2a: Staraptor|spd|1
|-enditem|p1a: Milotic|Sitrus Berry|[eat]
|-heal|p1a: Milotic|71/100|[from] item: Sitrus Berry
|move|p2b: Milotic|Scald|p1b: Gholdengo
|-damage|p1b: Gholdengo|73/100
|move|p1a: Milotic|Scald|p2a: Staraptor
|-damage|p2a: Staraptor|59/100
|move|p1b: Gholdengo|Nasty Plot|p1b: Gholdengo
|-boost|p1b: Gholdengo|spa|2
|
|upkeep
|turn|2
|inactive|palle synchro has 30 seconds left.
|
|t:|1784738155
|move|p2a: Staraptor|Protect|p2a: Staraptor
|-singleturn|p2a: Staraptor|Protect
|move|p1a: Milotic|Protect|p1a: Milotic
|-singleturn|p1a: Milotic|Protect
|move|p2b: Milotic|Scald|p1b: Gholdengo
|-damage|p1b: Gholdengo|46/100
|-status|p1b: Gholdengo|brn
|move|p1b: Gholdengo|Shadow Ball|p2a: Staraptor
|-activate|p2a: Staraptor|move: Protect
|
|-damage|p1b: Gholdengo|40/100 brn|[from] brn
|upkeep
|turn|3
|
|t:|1784738171
|move|p2a: Staraptor|Brave Bird|p1b: Gholdengo
|-resisted|p1b: Gholdengo|1
|-damage|p1b: Gholdengo|15/100 brn
|-damage|p2a: Staraptor|51/100|[from] Recoil
|move|p1a: Milotic|Scald|p2a: Staraptor
|-damage|p2a: Staraptor|12/100
|-status|p2a: Staraptor|brn
|move|p2b: Milotic|Scald|p1b: Gholdengo
|-damage|p1b: Gholdengo|0 fnt
|faint|p1b: Gholdengo
|
|-damage|p2a: Staraptor|6/100 brn|[from] brn
|upkeep
|
|t:|1784738184
|switch|p1b: Staraptor|Staraptor, L50, F|100/100
|-ability|p1b: Staraptor|Intimidate|boost
|-boost|p2a: Staraptor|atk|1
|-unboost|p2b: Milotic|atk|1
|-ability|p2b: Milotic|Competitive|boost
|-boost|p2b: Milotic|spa|2
|turn|4
|
|t:|1784738197
|detailschange|p1b: Staraptor|Staraptor-Mega, L50, F
|-mega|p1b: Staraptor|Staraptor|Staraptite
|move|p1b: Staraptor|Protect|p1b: Staraptor
|-singleturn|p1b: Staraptor|Protect
|move|p1a: Milotic|Protect|p1a: Milotic
|-singleturn|p1a: Milotic|Protect
|move|p2a: Staraptor|Tailwind|p2a: Staraptor
|-sidestart|p2: palle synchro|move: Tailwind
|move|p2b: Milotic|Scald|p1b: Staraptor
|-activate|p1b: Staraptor|move: Protect
|
|-damage|p2a: Staraptor|1/100 brn|[from] brn
|upkeep
|turn|5
|
|t:|1784738218
|move|p2a: Staraptor|Brave Bird|p1b: Staraptor
|-supereffective|p1b: Staraptor|1
|-damage|p1b: Staraptor|14/100
|-damage|p2a: Staraptor|0 fnt|[from] Recoil
|faint|p2a: Staraptor
|move|p2b: Milotic|Scald|p1b: Staraptor
|-damage|p1b: Staraptor|0 fnt
|faint|p1b: Staraptor
|move|p1a: Milotic|Scald|p2b: Milotic
|-resisted|p2b: Milotic|1
|-damage|p2b: Milotic|80/100
|
|upkeep
|-message|MarkTheMarker forfeited.
|
|win|palle synchro
|raw|MarkTheMarker's rating: 1392 → 1380(-12 for losing)
|raw|palle synchro's rating: 1536 → 1548(+12 for winning)
