|j|☆LaxIsLoveLaxIsLife
|j|☆Leif Abdala
|html|LaxIsLoveLaxIsLifeLeif Abdala    
|uhtml|bestof|Game 2 of a best-of-3
|t:|1783869720
|gametype|doubles
|player|p1|LaxIsLoveLaxIsLife|bugcatcher-gen4dp|1083
|player|p2|Leif Abdala|169|1100
|gen|9
|tier|[Gen 9 Champions] VGC 2026 Reg M-B (Bo3)
|rated|
|rule|Species Clause: Limit one of each Pokémon
|rule|Item Clause: Limit 1 of each item
|clearpoke
|poke|p1|Floette-Eternal, L50, F|
|poke|p1|Raichu, L50, M|
|poke|p1|Sinistcha, L50|
|poke|p1|Weavile, L50, M|
|poke|p1|Ceruledge, L50, F|
|poke|p1|Milotic, L50, F|
|poke|p2|Charizard, L50, M, shiny|
|poke|p2|Whimsicott, L50, M|
|poke|p2|Incineroar, L50, F|
|poke|p2|Venusaur, L50, F|
|poke|p2|Garchomp, L50, M|
|poke|p2|Staraptor, L50, F|
|teampreview|4
|showteam|p1|Floette-Eternal||Floettite|FlowerVeil|Protect,DrainingKiss,DazzlingGleam,CalmMind|Modest||F|||50|]Raichu||RaichuniteY|LightningRod|ZapCannon,FocusBlast,Protect,FakeOut|Timid||M|||50|]Sinistcha||KasibBerry|Hospitality|MatchaGotcha,LifeDew,Protect,RagePowder|Relaxed|||||50|]Weavile||FocusSash|Pickpocket|KnockOff,TripleAxel,LowKick,FakeOut|Jolly||M|||50|]Ceruledge||ColburBerry|FlashFire|BitterBlade,ShadowSneak,Protect,BulkUp|Adamant||F|||50|]Milotic||Leftovers|Competitive|MuddyWater,Coil,Protect,Hypnosis|Calm||F|||50|
|showteam|p2|Charizard||CharizarditeY|Blaze|WeatherBall,HeatWave,Protect,SolarBeam|Serious||M|||50|]Whimsicott||FocusSash|Prankster|Tailwind,DazzlingGleam,FakeTears,Charm|Rash||M|||50|]Incineroar||SitrusBerry|Intimidate|DarkestLariat,FakeOut,FlareBlitz,PartingShot|Adamant||F|||50|]Venusaur||LifeOrb|Chlorophyll|SludgeBomb,GigaDrain,SleepPowder,Protect|Modest||F|||50|]Garchomp||ChoiceScarf|RoughSkin|Earthquake,RockSlide,DracoMeteor,StompingTantrum|Serious||M|||50|]Staraptor||Staraptite|Intimidate|Protect,BraveBird,CloseCombat,Roost|Serious||F|||50|
|
|t:|1783869733
|teamsize|p1|4
|teamsize|p2|4
|start
|switch|p1a: Milotic|Milotic, L50, F|100/100
|switch|p1b: Weavile|Weavile, L50, M|100/100
|switch|p2a: Incineroar|Incineroar, L50, F|100/100
|switch|p2b: Garchomp|Garchomp, L50, M|100/100
|-ability|p2a: Incineroar|Intimidate|boost
|-unboost|p1a: Milotic|atk|1
|-ability|p1a: Milotic|Competitive|boost
|-boost|p1a: Milotic|spa|2
|-unboost|p1b: Weavile|atk|1
|turn|1
|
|t:|1783869750
|move|p2a: Incineroar|Fake Out|p1a: Milotic
|-damage|p1a: Milotic|88/100
|move|p2b: Garchomp|Rock Slide|p1a: Milotic|[spread] 
|-miss|p2b: Garchomp|p1a: Milotic
|-miss|p2b: Garchomp|p1b: Weavile
|move|p1b: Weavile|Triple Axel|p2b: Garchomp
|-supereffective|p2b: Garchomp|2
|-damage|p2b: Garchomp|71/100
|-damage|p1b: Weavile|87/100|[from] ability: Rough Skin|[of] p2b: Garchomp
|-supereffective|p2b: Garchomp|2
|-damage|p2b: Garchomp|13/100
|-damage|p1b: Weavile|75/100|[from] ability: Rough Skin|[of] p2b: Garchomp
|-supereffective|p2b: Garchomp|2
|-damage|p2b: Garchomp|0 fnt
|-damage|p1b: Weavile|63/100|[from] ability: Rough Skin|[of] p2b: Garchomp
|faint|p2b: Garchomp
|-hitcount|p2: Garchomp|3
|cant|p1a: Milotic|flinch
|
|-heal|p1a: Milotic|94/100|[from] item: Leftovers
|upkeep
|
|t:|1783869770
|switch|p2b: Charizard|Charizard, L50, M, shiny|100/100
|turn|2
|
|t:|1783869790
|detailschange|p2b: Charizard|Charizard-Mega-Y, L50, M, shiny
|-mega|p2b: Charizard|Charizard|Charizardite Y
|-weather|SunnyDay|[from] ability: Drought|[of] p2b: Charizard
|move|p1a: Milotic|Protect|p1a: Milotic
|-singleturn|p1a: Milotic|Protect
|move|p1b: Weavile|Low Kick|p2a: Incineroar
|-supereffective|p2a: Incineroar|1
|-damage|p2a: Incineroar|60/100
|move|p2b: Charizard|Solar Beam||[still]
|-prepare|p2b: Charizard|Solar Beam
|-anim|p2b: Charizard|Solar Beam|p1a: Milotic
|-activate|p1a: Milotic|move: Protect
|move|p2a: Incineroar|Flare Blitz|p1b: Weavile
|-supereffective|p1b: Weavile|1
|-damage|p1b: Weavile|0 fnt
|faint|p1b: Weavile
|-damage|p2a: Incineroar|43/100|[from] Recoil
|-enditem|p2a: Incineroar|Sitrus Berry|[eat]
|-heal|p2a: Incineroar|68/100|[from] item: Sitrus Berry
|
|-weather|SunnyDay|[upkeep]
|-heal|p1a: Milotic|100/100|[from] item: Leftovers
|upkeep
|
|t:|1783869797
|switch|p1b: Raichu|Raichu, L50, M|100/100
|turn|3
|
|t:|1783869820
|detailschange|p1b: Raichu|Raichu-Mega-Y, L50, M
|-mega|p1b: Raichu|Raichu|Raichunite Y
|move|p1b: Raichu|Zap Cannon|p2b: Charizard
|-supereffective|p2b: Charizard|1
|-damage|p2b: Charizard|0 fnt
|faint|p2b: Charizard
|move|p1a: Milotic|Coil|p1a: Milotic
|-boost|p1a: Milotic|atk|1
|-boost|p1a: Milotic|def|1
|-boost|p1a: Milotic|accuracy|1
|move|p2a: Incineroar|Parting Shot|p1b: Raichu
|-unboost|p1b: Raichu|atk|1
|-unboost|p1b: Raichu|spa|1
|
|t:|1783869830
|switch|p2a: Venusaur|Venusaur, L50, F|100/100|[from] Parting Shot
|
|-weather|SunnyDay|[upkeep]
|upkeep
|
|t:|1783869834
|switch|p2b: Incineroar|Incineroar, L50, F|68/100
|-ability|p2b: Incineroar|Intimidate|boost
|-unboost|p1a: Milotic|atk|1
|-ability|p1a: Milotic|Competitive|boost
|-boost|p1a: Milotic|spa|2
|-unboost|p1b: Raichu|atk|1
|turn|4
|
|t:|1783869856
|move|p1a: Milotic|Protect|p1a: Milotic
|-singleturn|p1a: Milotic|Protect
|move|p2b: Incineroar|Fake Out|p1b: Raichu
|-damage|p1b: Raichu|80/100
|move|p2a: Venusaur|Giga Drain|p1a: Milotic
|-activate|p1a: Milotic|move: Protect
|cant|p1b: Raichu|flinch
|
|-weather|SunnyDay|[upkeep]
|upkeep
|turn|5
|
|t:|1783869877
|switch|p1b: Ceruledge|Ceruledge, L50, F|100/100
|move|p2a: Venusaur|Giga Drain|p1a: Milotic
|-supereffective|p1a: Milotic|1
|-damage|p1a: Milotic|41/100
|-damage|p2a: Venusaur|90/100|[from] item: Life Orb
|move|p1a: Milotic|Hypnosis|p2a: Venusaur
|-status|p2a: Venusaur|slp|[from] move: Hypnosis
|move|p2b: Incineroar|Flare Blitz|p1b: Ceruledge
|-start|p1b: Ceruledge|ability: Flash Fire
|
|-weather|SunnyDay|[upkeep]
|-heal|p1a: Milotic|47/100|[from] item: Leftovers
|upkeep
|turn|6
|
|t:|1783869893
|cant|p2a: Venusaur|slp
|move|p1a: Milotic|Muddy Water|p2a: Venusaur|[spread] p2a,p2b
|-resisted|p2a: Venusaur|1
|-supereffective|p2b: Incineroar|1
|-damage|p2a: Venusaur|69/100 slp
|-damage|p2b: Incineroar|0 fnt
|faint|p2b: Incineroar
|move|p1b: Ceruledge|Bitter Blade|p2a: Venusaur
|-supereffective|p2a: Venusaur|1
|-damage|p2a: Venusaur|0 fnt
|faint|p2a: Venusaur
|
|win|LaxIsLoveLaxIsLife
||Leif Abdala is ready for game 3.
||LaxIsLoveLaxIsLife is ready for game 3.
|uhtml|next|Next: Game 3 of 3
