|j|☆purpen
|j|☆DinisDenis
|html|purpenDinisDenis    
|uhtml|bestof|Game 1 of a best-of-3
|t:|1783372667
|gametype|doubles
|player|p1|purpen|169|
|player|p2|DinisDenis|fisherman-gen4|
|gen|9
|tier|[Gen 9 Champions] VGC 2026 Reg M-B (Bo3)
|rule|Species Clause: Limit one of each Pokémon
|rule|Item Clause: Limit 1 of each item
|clearpoke
|poke|p1|Farigiraf, L50, F|
|poke|p1|Scovillain, L50, F|
|poke|p1|Kommo-o, L50, F|
|poke|p1|Gengar, L50, F|
|poke|p1|Weavile, L50, M|
|poke|p1|Reuniclus, L50, M|
|poke|p2|Sylveon, L50, F|
|poke|p2|Talonflame, L50, F|
|poke|p2|Basculegion, L50, M|
|poke|p2|Aggron, L50, M|
|poke|p2|Lopunny, L50, F|
|poke|p2|Bellibolt, L50, F|
|teampreview|4
|showteam|p1|Farigiraf||ColburBerry|ArmorTail|Psychic,HelpingHand,AllySwitch,TrickRoom|Serious||F|||50|]Scovillain||Scovillainite|Moody|Overheat,SuperFang,Protect,RagePowder|Bold||F|||50|]Kommo-o||Leftovers|Soundproof|Protect,ClangingScales,AuraSphere,ClangorousSoul|Timid||F|||50|]Gengar||ChoiceScarf|CursedBody|ShadowBall,SludgeBomb,IcyWind,AcidSpray|Modest||F|||50|]Weavile||FocusSash|Pressure|IcicleCrash,KnockOff,Protect,FakeOut|Jolly||M|||50|]Reuniclus||LifeOrb|MagicGuard|Psychic,FocusBlast,Protect,TrickRoom|Quiet||M|||50|
|showteam|p2|Sylveon||LifeOrb|Pixilate|HyperBeam,HyperVoice,CalmMind,QuickAttack|Quiet||F|||50|]Talonflame||Charcoal|GaleWings|Overheat,Tailwind,WillOWisp,Taunt|Timid||F|||50|]Basculegion||ChoiceScarf|Adaptability|FlipTurn,AquaJet,LastRespects,WaveCrash|Jolly||M|||50|]Aggron||Aggronite|Sturdy|IronDefense,BodyPress,HeavySlam,Protect|Careful||M|||50|]Lopunny||Lopunnite|CuteCharm|FakeOut,CloseCombat,QuickAttack,Protect|Jolly||F|||50|]Bellibolt||Leftovers|Electromorphosis|SlackOff,Thunderbolt,AcidSpray,WeatherBall|Modest||F|||50|
|j| NiightFuryy
|j| enzothegamer
|j| rat2
|l| rat2
|l| enzothegamer
|j| enzothegamer
|
|t:|1783372792
|teamsize|p1|4
|teamsize|p2|4
|start
|switch|p1a: Scovillain|Scovillain, L50, F|100/100
|switch|p1b: Kommo-o|Kommo-o, L50, F|100/100
|switch|p2a: Talonflame|Talonflame, L50, F|100/100
|switch|p2b: Bellibolt|Bellibolt, L50, F|100/100
|turn|1
|
|t:|1783372824
|detailschange|p1a: Scovillain|Scovillain-Mega, L50, F
|-mega|p1a: Scovillain|Scovillain|Scovillainite
|move|p2a: Talonflame|Taunt|p1a: Scovillain
|-start|p1a: Scovillain|move: Taunt
|move|p1b: Kommo-o|Clangorous Soul|p1b: Kommo-o
|-boost|p1b: Kommo-o|atk|1
|-boost|p1b: Kommo-o|def|1
|-boost|p1b: Kommo-o|spa|1
|-boost|p1b: Kommo-o|spd|1
|-boost|p1b: Kommo-o|spe|1
|-damage|p1b: Kommo-o|67/100
|move|p1a: Scovillain|Super Fang|p2b: Bellibolt
|-damage|p2b: Bellibolt|50/100y
|-start|p2b: Bellibolt|Charge|Super Fang|[from] ability: Electromorphosis
|move|p2b: Bellibolt|Acid Spray|p1b: Kommo-o
|-damage|p1b: Kommo-o|57/100
|-unboost|p1b: Kommo-o|spd|2
|
|-heal|p1b: Kommo-o|63/100|[from] item: Leftovers
|-heal|p2b: Bellibolt|56/100|[from] item: Leftovers
|upkeep
|turn|2
|inactive|Battle timer is ON: inactive players will automatically lose when time's up. (requested by DinisDenis)
|
|t:|1783372883
|switch|p1a: Farigiraf|Farigiraf, L50, F|100/100
|move|p1b: Kommo-o|Clanging Scales|p2b: Bellibolt|[spread] p2a,p2b
|-damage|p2a: Talonflame|20/100r
|-damage|p2b: Bellibolt|6/100
|-start|p2b: Bellibolt|Charge|Clanging Scales|[from] ability: Electromorphosis
|-unboost|p1b: Kommo-o|def|1
|move|p2a: Talonflame|Overheat|p1b: Kommo-o
|-resisted|p1b: Kommo-o|1
|-damage|p1b: Kommo-o|18/100
|-unboost|p2a: Talonflame|spa|2
|move|p2b: Bellibolt|Thunderbolt|p1b: Kommo-o
|-resisted|p1b: Kommo-o|1
|-damage|p1b: Kommo-o|0 fnt
|faint|p1b: Kommo-o
|-end|p2b: Bellibolt|Charge|[silent]
|
|-heal|p2b: Bellibolt|12/100|[from] item: Leftovers
|upkeep
|
|t:|1783372897
|switch|p1b: Gengar|Gengar, L50, F|100/100
|turn|3
|j| skyfdz508
|inactive|purpen has 30 seconds left.
|inactive|DinisDenis has 30 seconds left.
|
|t:|1783372929
|switch|p2a: Aggron|Aggron, L50, M|100/100
|move|p1b: Gengar|Sludge Bomb|p2a: Aggron
|-immune|p2a: Aggron
|move|p1a: Farigiraf|Psychic|p2b: Bellibolt
|-damage|p2b: Bellibolt|0 fnt
|faint|p2b: Bellibolt
|
|upkeep
|j| JVoid
|inactive|DinisDenis has 30 seconds left.
|
|t:|1783372963
|switch|p2b: Talonflame|Talonflame, L50, F|20/100r
|turn|4
|l| skyfdz508
|inactive|DinisDenis has 30 seconds left.
|inactive|DinisDenis has 20 seconds left.
|
|t:|1783373003
|switch|p1a: Scovillain|Scovillain-Mega, L50, F|100/100
|detailschange|p2a: Aggron|Aggron-Mega, L50, M
|-mega|p2a: Aggron|Aggron|Aggronite
|move|p1b: Gengar|Sludge Bomb|p2b: Talonflame
|-damage|p2b: Talonflame|0 fnt
|faint|p2b: Talonflame
|move|p2a: Aggron|Heavy Slam|p1b: Gengar
|-damage|p1b: Gengar|1/100
|
|upkeep
|
|t:|1783373013
|switch|p2b: Sylveon|Sylveon, L50, F|100/100
|turn|5
|inactive|DinisDenis has 30 seconds left.
|
|t:|1783373042
|move|p2a: Aggron|Protect|p2a: Aggron
|-singleturn|p2a: Aggron|Protect
|move|p1a: Scovillain|Rage Powder|p1a: Scovillain
|-singleturn|p1a: Scovillain|move: Rage Powder
|move|p2b: Sylveon|Quick Attack|p1a: Scovillain
|-resisted|p1a: Scovillain|1
|-damage|p1a: Scovillain|92/100
|-status|p2b: Sylveon|brn|[from] ability: Spicy Spray|[of] p1a: Scovillain
|-damage|p2b: Sylveon|90/100 brn|[from] item: Life Orb
|move|p1b: Gengar|Sludge Bomb|p2b: Sylveon
|-supereffective|p2b: Sylveon|1
|-damage|p2b: Sylveon|14/100 brn
|
|-damage|p2b: Sylveon|8/100 brn|[from] brn
|upkeep
|turn|6
|inactive|DinisDenis has 30 seconds left.
|
|t:|1783373070
|switch|p1b: Farigiraf|Farigiraf, L50, F|100/100
|move|p1a: Scovillain|Super Fang|p2a: Aggron|[miss]
|-miss|p1a: Scovillain|p2a: Aggron
|move|p2b: Sylveon|Hyper Voice|p1b: Farigiraf|[spread] p1a,p1b
|-resisted|p1a: Scovillain|1
|-damage|p1a: Scovillain|64/100
|-damage|p1b: Farigiraf|48/100
|-damage|p2b: Sylveon|0 fnt|[from] item: Life Orb
|faint|p2b: Sylveon
|move|p2a: Aggron|Body Press|p1a: Scovillain
|-damage|p1a: Scovillain|26/100
|-status|p2a: Aggron|brn|[from] ability: Spicy Spray|[of] p1a: Scovillain
|
|-damage|p2a: Aggron|93/100 brn|[from] brn
|upkeep
|turn|7
|inactive|purpen has 30 seconds left.
|
|t:|1783373095
|move|p2a: Aggron|Protect|p2a: Aggron
|-singleturn|p2a: Aggron|Protect
|move|p1b: Farigiraf|Ally Switch|p1b: Farigiraf
|swap|p1b: Farigiraf|0|[from] move: Ally Switch
|move|p1b: Scovillain|Super Fang|p2a: Aggron
|-activate|p2a: Aggron|move: Protect
|
|-damage|p2a: Aggron|87/100 brn|[from] brn
|upkeep
|turn|8
|
|t:|1783373107
|move|p1b: Scovillain|Super Fang|p2a: Aggron
|-damage|p2a: Aggron|44/100 brn
|move|p1a: Farigiraf|Psychic|p2a: Aggron
|-resisted|p2a: Aggron|1
|-damage|p2a: Aggron|25/100 brn
|move|p2a: Aggron|Body Press|p1b: Scovillain
|-damage|p1b: Scovillain|6/100
|
|-damage|p2a: Aggron|19/100 brn|[from] brn
|upkeep
|turn|9
|
|t:|1783373121
|move|p1b: Scovillain|Super Fang|p2a: Aggron
|-damage|p2a: Aggron|10/100 brn
|move|p1a: Farigiraf|Psychic|p2a: Aggron
|-resisted|p2a: Aggron|1
|-damage|p2a: Aggron|0 fnt
|faint|p2a: Aggron
|
|win|purpen
||DinisDenis is ready for game 2.
||purpen is ready for game 2.
|uhtml|next|Next: Game 2 of 3
|l| enzothegamer
|j| enzothegamer
|l| enzothegamer
|j| rat2
|j| skyfdz508
|l| skyfdz508
|l| rat2
|l|☆purpen
|player|p1|
|l| NiightFuryy
|j| rat2
|l| rat2
