|j|☆Arcsouth
|j|☆Trin2345
|html|ArcsouthTrin2345    
|uhtml|bestof|Game 1 of a best-of-3
|t:|1785281686
|gametype|doubles
|player|p1|Arcsouth|hiker-gen4|
|player|p2|Trin2345|265|
|gen|9
|tier|[Gen 9 Champions] VGC 2026 Reg M-B (Bo3)
|rule|Species Clause: Limit one of each Pokémon
|rule|Item Clause: Limit 1 of each item
|clearpoke
|poke|p1|Incineroar, L50, M, shiny|
|poke|p1|Alcremie-Ruby-Swirl, L50, F|
|poke|p1|Metagross, L50, shiny|
|poke|p1|Trevenant, L50, F|
|poke|p1|Pikachu, L50, F|
|poke|p1|Rotom-Wash, L50|
|poke|p2|Excadrill, L50, M|
|poke|p2|Aerodactyl, L50, M|
|poke|p2|Tyranitar, L50, F|
|poke|p2|Houndstone, L50, M|
|poke|p2|Rotom-Fan, L50|
|poke|p2|Goodra-Hisui, L50, F|
|teampreview|4
|showteam|p1|Incineroar||FocusSash|Intimidate|DrainPunch,FakeOut,PartingShot,DarkestLariat|Brave||M|||50|]Alcremie-Ruby-Swirl||Leftovers|SweetVeil|Decorate,Charm,DazzlingGleam,Protect|Sassy||F|||50|]Metagross||Metagrossite|ClearBody|BodyPress,BulletPunch,StompingTantrum,IronHead|Brave|||||50|]Trevenant||ColburBerry|Harvest|Protect,TrickRoom,DrainPunch,HornLeech|Sassy||F|||50|]Pikachu||LightBall|Static|FakeOut,Surf,Feint,Thunderbolt|Modest||F|||50|]Rotom-Wash||BrightPowder|Levitate|NightShade,Protect,WillOWisp,SunnyDay|Calm|||||50|
|showteam|p2|Excadrill||LifeOrb|MoldBreaker|Earthquake,IronHead,RockSlide,Protect|Adamant||M|||50|]Aerodactyl||WhiteHerb|Unnerve|RockSlide,Protect,Tailwind,Crunch|Adamant||M|||50|]Tyranitar||Tyranitarite|SandStream|DragonDance,KnockOff,RockSlide,Protect|Adamant||F|||50|]Houndstone||FocusSash|SandRush|LastRespects,ShadowSneak,WillOWisp,BodyPress|Adamant||M|||50|]Rotom-Fan||SharpBeak|Levitate|AirSlash,WillOWisp,Thunderbolt,ThunderWave|Bold|||||50|]Goodra-Hisui||SitrusBerry|Gooey|WeatherBall,FireBlast,BodyPress,Protect|Relaxed||F|||50|
|
|t:|1785281756
|teamsize|p1|4
|teamsize|p2|4
|start
|switch|p1a: Incineroar|Incineroar, L50, M, shiny|100/100
|switch|p1b: Rotom|Rotom-Wash, L50|100/100
|switch|p2a: Tyranitar|Tyranitar, L50, F|100/100
|switch|p2b: Excadrill|Excadrill, L50, M|100/100
|-weather|Sandstorm|[from] ability: Sand Stream|[of] p2a: Tyranitar
|-ability|p2b: Excadrill|Mold Breaker
|-ability|p1a: Incineroar|Intimidate|boost
|-unboost|p2a: Tyranitar|atk|1
|-unboost|p2b: Excadrill|atk|1
|turn|1
|
|t:|1785281793
|detailschange|p2a: Tyranitar|Tyranitar-Mega, L50, F
|-mega|p2a: Tyranitar|Tyranitar|Tyranitarite
|move|p2a: Tyranitar|Protect|p2a: Tyranitar
|-singleturn|p2a: Tyranitar|Protect
|move|p2b: Excadrill|Protect|p2b: Excadrill
|-singleturn|p2b: Excadrill|Protect
|move|p1a: Incineroar|Fake Out|p2b: Excadrill
|-activate|p2b: Excadrill|move: Protect
|move|p1b: Rotom|Sunny Day|p1b: Rotom
|-weather|SunnyDay
|
|-weather|SunnyDay|[upkeep]
|upkeep
|turn|2
|
|t:|1785281846
|switch|p1b: Trevenant|Trevenant, L50, F|100/100
|move|p2a: Tyranitar|Rock Slide|p1b: Trevenant|[spread] p1a,p1b
|-supereffective|p1a: Incineroar|1
|-damage|p1a: Incineroar|54/100
|-damage|p1b: Trevenant|72/100
|move|p2b: Excadrill|Rock Slide|p1b: Trevenant|[spread] 
|-miss|p2b: Excadrill|p1a: Incineroar
|-miss|p2b: Excadrill|p1b: Trevenant
|cant|p1a: Incineroar|flinch
|
|-weather|SunnyDay|[upkeep]
|upkeep
|turn|3
|
|t:|1785281912
|switch|p1a: Rotom|Rotom-Wash, L50|100/100
|move|p2a: Tyranitar|Protect|p2a: Tyranitar
|-singleturn|p2a: Tyranitar|Protect
|move|p2b: Excadrill|Earthquake|p1a: Rotom|[spread] p1a,p1b
|-activate|p2a: Tyranitar|move: Protect
|-supereffective|p1a: Rotom|1
|-resisted|p1b: Trevenant|1
|-damage|p1a: Rotom|10/100
|-damage|p1b: Trevenant|49/100
|-damage|p2b: Excadrill|90/100|[from] item: Life Orb
|move|p1b: Trevenant|Trick Room|p1b: Trevenant
|-fieldstart|move: Trick Room|[of] p1b: Trevenant
|
|-weather|SunnyDay|[upkeep]
|upkeep
|turn|4
|
|t:|1785281960
|move|p1b: Trevenant|Drain Punch|p2a: Tyranitar
|-supereffective|p2a: Tyranitar|2
|-damage|p2a: Tyranitar|38/100
|-heal|p1b: Trevenant|77/100|[from] drain|[of] p2a: Tyranitar
|move|p1a: Rotom|Will-O-Wisp|p2b: Excadrill
|-status|p2b: Excadrill|brn
|move|p2b: Excadrill|Rock Slide|p1a: Rotom|[spread] p1a,p1b
|-damage|p1a: Rotom|1/100
|-damage|p1b: Trevenant|66/100
|-damage|p2b: Excadrill|80/100 brn|[from] item: Life Orb
|move|p2a: Tyranitar|Knock Off|p1b: Trevenant
|-supereffective|p1b: Trevenant|1
|-enditem|p1b: Trevenant|Colbur Berry|[eat]
|-enditem|p1b: Trevenant|Colbur Berry|[weaken]
|-damage|p1b: Trevenant|14/100
|
|-weather|SunnyDay|[upkeep]
|-damage|p2b: Excadrill|74/100 brn|[from] brn
|-item|p1b: Trevenant|Colbur Berry|[from] ability: Harvest
|upkeep
|turn|5
|
|t:|1785282029
|switch|p2a: Aerodactyl|Aerodactyl, L50, M|100/100
|-ability|p2a: Aerodactyl|Unnerve
|move|p1a: Rotom|Protect|p1a: Rotom
|-singleturn|p1a: Rotom|Protect
|move|p1b: Trevenant|Drain Punch|p2a: Aerodactyl
|-damage|p2a: Aerodactyl|71/100
|-heal|p1b: Trevenant|26/100|[from] drain|[of] p2a: Aerodactyl
|move|p2b: Excadrill|Rock Slide|p1a: Rotom|[spread] p1b
|-activate|p1a: Rotom|move: Protect
|-damage|p1b: Trevenant|16/100
|-damage|p2b: Excadrill|65/100 brn|[from] item: Life Orb
|
|-weather|none
|-damage|p2b: Excadrill|59/100 brn|[from] brn
|upkeep
|turn|6
|
|t:|1785282072
|move|p2b: Excadrill|Protect|p2b: Excadrill
|-singleturn|p2b: Excadrill|Protect
|move|p1b: Trevenant|Drain Punch|p2b: Excadrill
|-activate|p2b: Excadrill|move: Protect
|move|p1a: Rotom|Will-O-Wisp|p2a: Aerodactyl
|-status|p2a: Aerodactyl|brn
|move|p2a: Aerodactyl|Crunch|p1b: Trevenant
|-supereffective|p1b: Trevenant|1
|-damage|p1b: Trevenant|0 fnt
|faint|p1b: Trevenant
|
|-damage|p2b: Excadrill|53/100 brn|[from] brn
|-damage|p2a: Aerodactyl|65/100 brn|[from] brn
|upkeep
|
|t:|1785282097
|switch|p1b: Pikachu|Pikachu, L50, F|100/100
|turn|7
|
|t:|1785282126
|move|p1a: Rotom|Protect|p1a: Rotom
|-singleturn|p1a: Rotom|Protect
|move|p2b: Excadrill|Earthquake|p1b: Pikachu|[spread] p1b
|-activate|p1a: Rotom|move: Protect
|-immune|p2a: Aerodactyl
|-supereffective|p1b: Pikachu|1
|-damage|p1b: Pikachu|0 fnt
|faint|p1b: Pikachu
|-damage|p2b: Excadrill|43/100 brn|[from] item: Life Orb
|move|p2a: Aerodactyl|Rock Slide|p1a: Rotom
|-activate|p1a: Rotom|move: Protect
|
|-damage|p2b: Excadrill|37/100 brn|[from] brn
|-damage|p2a: Aerodactyl|60/100 brn|[from] brn
|-fieldend|move: Trick Room
|upkeep
|
|t:|1785282143
|switch|p1b: Incineroar|Incineroar, L50, M, shiny|54/100
|-ability|p1b: Incineroar|Intimidate|boost
|-unboost|p2a: Aerodactyl|atk|1
|-unboost|p2b: Excadrill|atk|1
|-enditem|p2a: Aerodactyl|White Herb
|-clearnegativeboost|p2a: Aerodactyl|[silent]
|turn|8
|
|t:|1785282181
|move|p1b: Incineroar|Fake Out|p2b: Excadrill
|-resisted|p2b: Excadrill|1
|-damage|p2b: Excadrill|31/100 brn
|move|p2a: Aerodactyl|Rock Slide|p1b: Incineroar|[spread] p1a,p1b
|-supereffective|p1b: Incineroar|1
|-crit|p1b: Incineroar
|-damage|p1a: Rotom|0 fnt
|-damage|p1b: Incineroar|14/100
|faint|p1a: Rotom
|cant|p2b: Excadrill|flinch
|
|-damage|p2a: Aerodactyl|54/100 brn|[from] brn
|-damage|p2b: Excadrill|25/100 brn|[from] brn
|upkeep
|turn|9
|
|t:|1785282211
|move|p2a: Aerodactyl|Rock Slide|p1b: Incineroar
|-supereffective|p1b: Incineroar|1
|-damage|p1b: Incineroar|0 fnt
|faint|p1b: Incineroar
|
|win|Trin2345
