|j|☆KyleTampy
|j|☆Oldcow
|html|KyleTampyOldcow    
|uhtml|bestof|Game 2 of a best-of-3
|t:|1784565194
|gametype|doubles
|player|p1|KyleTampy|lucian|
|player|p2|Oldcow|shadowtriad|
|gen|9
|tier|[Gen 9 Champions] VGC 2026 Reg M-B (Bo3)
|rule|Species Clause: Limit one of each Pokémon
|rule|Item Clause: Limit 1 of each item
|clearpoke
|poke|p1|Charizard, L50, M|
|poke|p1|Pelipper, L50, F, shiny|
|poke|p1|Basculegion, L50, M|
|poke|p1|Archaludon, L50, M|
|poke|p1|Farigiraf, L50, F|
|poke|p1|Garchomp, L50, M|
|poke|p2|Raichu, L50, F|
|poke|p2|Staraptor, L50, F|
|poke|p2|Tyranitar, L50, F|
|poke|p2|Drampa, L50, F|
|poke|p2|Grimmsnarl, L50, M|
|poke|p2|Sinistcha, L50|
|teampreview|4
|showteam|p1|Charizard||CharizarditeY|Blaze|HeatWave,AncientPower,WeatherBall,Protect|Modest||M|||50|]Pelipper||FocusSash|Drizzle|HelpingHand,WeatherBall,Tailwind,Protect|Timid||F|||50|]Basculegion||ChoiceScarf|Adaptability|WaveCrash,AquaJet,LastRespects,FlipTurn|Jolly||M|||50|]Archaludon||Leftovers|Stamina|ElectroShot,DragonPulse,FlashCannon,Protect|Modest||M|||50|]Farigiraf||SitrusBerry|ArmorTail|TrickRoom,Thunderbolt,ThunderWave,HelpingHand|Relaxed||F|||50|]Garchomp||LifeOrb|RoughSkin|Earthquake,DragonClaw,IronHead,Protect|Jolly||M|||50|
|showteam|p2|Raichu||RaichuniteY|LightningRod|ZapCannon,FocusBlast,VoltSwitch,Protect|Timid||F|||50|]Staraptor||Staraptite|Intimidate|BraveBird,CloseCombat,Tailwind,Protect|Jolly||F|||50|]Tyranitar||PasshoBerry|SandStream|RockSlide,KnockOff,HighHorsepower,Protect|Adamant||F|||50|]Drampa||Leftovers|CloudNine|HyperVoice,DragonPulse,EarthPower,Protect|Quiet||F|||50|]Grimmsnarl||LightClay|Prankster|FoulPlay,Reflect,LightScreen,PartingShot|Calm||M|||50|]Sinistcha||CobaBerry|Hospitality|MatchaGotcha,RagePowder,TrickRoom,Imprison|Calm|||||50|
|
|t:|1784565237
|teamsize|p1|4
|teamsize|p2|4
|start
|switch|p1a: Basculegion|Basculegion, L50, M|100/100
|switch|p1b: Archaludon|Archaludon, L50, M|100/100
|switch|p2a: Drampa|Drampa, L50, F|100/100
|switch|p2b: Staraptor|Staraptor, L50, F|100/100
|-ability|p2b: Staraptor|Intimidate|boost
|-unboost|p1a: Basculegion|atk|1
|-unboost|p1b: Archaludon|atk|1
|-ability|p2a: Drampa|Cloud Nine
|turn|1
|
|t:|1784565273
|switch|p2b: Grimmsnarl|Grimmsnarl, L50, M|100/100
|move|p1b: Archaludon|Protect|p1b: Archaludon
|-singleturn|p1b: Archaludon|Protect
|move|p2a: Drampa|Protect|p2a: Drampa
|-singleturn|p2a: Drampa|Protect
|move|p1a: Basculegion|Flip Turn|p2a: Drampa
|-activate|p2a: Drampa|move: Protect
|
|upkeep
|turn|2
|
|t:|1784565302
|switch|p2a: Staraptor|Staraptor, L50, F|100/100
|-ability|p2a: Staraptor|Intimidate|boost
|-unboost|p1a: Basculegion|atk|1
|-unboost|p1b: Archaludon|atk|1
|move|p2b: Grimmsnarl|Light Screen|p2b: Grimmsnarl
|-sidestart|p2: Oldcow|move: Light Screen
|move|p1a: Basculegion|Flip Turn|p2b: Grimmsnarl
|-damage|p2b: Grimmsnarl|77/100
|
|t:|1784565323
|switch|p1a: Pelipper|Pelipper, L50, F, shiny|100/100|[from] Flip Turn
|-weather|RainDance|[from] ability: Drizzle|[of] p1a: Pelipper
|move|p1b: Archaludon|Dragon Pulse|p2a: Staraptor
|-damage|p2a: Staraptor|61/100
|
|-weather|RainDance|[upkeep]
|upkeep
|turn|3
|
|t:|1784565369
|detailschange|p2a: Staraptor|Staraptor-Mega, L50, F
|-mega|p2a: Staraptor|Staraptor|Staraptite
|move|p2b: Grimmsnarl|Parting Shot|p2a: Staraptor
|-boost|p2a: Staraptor|atk|1
|-boost|p2a: Staraptor|spa|1
|c|☆KyleTampy|Ooh biy
|
|t:|1784565381
|switch|p2b: Drampa|Drampa, L50, F|100/100|[from] Parting Shot
|-ability|p2b: Drampa|Cloud Nine
|move|p2a: Staraptor|Close Combat|p1b: Archaludon
|-supereffective|p1b: Archaludon|1
|-damage|p1b: Archaludon|0 fnt
|-boost|p2a: Staraptor|def|1
|-boost|p2a: Staraptor|spd|1
|faint|p1b: Archaludon
|move|p1a: Pelipper|Tailwind|p1a: Pelipper
|-sidestart|p1: KyleTampy|move: Tailwind
|
|-weather|RainDance|[upkeep]
|upkeep
|
|t:|1784565394
|switch|p1b: Garchomp|Garchomp, L50, M|100/100
|turn|4
|
|t:|1784565414
|move|p1a: Pelipper|Helping Hand|p1b: Garchomp
|-singleturn|p1b: Garchomp|Helping Hand|[of] p1a: Pelipper
|move|p1b: Garchomp|Dragon Claw|p2b: Drampa
|-supereffective|p2b: Drampa|1
|-damage|p2b: Drampa|0 fnt
|faint|p2b: Drampa
|-damage|p1b: Garchomp|90/100|[from] item: Life Orb
|move|p2a: Staraptor|Close Combat|p1b: Garchomp
|-damage|p1b: Garchomp|5/100
|-boost|p2a: Staraptor|def|1
|-boost|p2a: Staraptor|spd|1
|-damage|p2a: Staraptor|49/100|[from] ability: Rough Skin|[of] p1b: Garchomp
|
|-weather|RainDance|[upkeep]
|upkeep
|c|☆KyleTampy|Sarap ng raptor na yan ah
|
|t:|1784565427
|switch|p2b: Grimmsnarl|Grimmsnarl, L50, M|77/100
|turn|5
|
|t:|1784565433
|move|p1b: Garchomp|Protect|p1b: Garchomp
|-singleturn|p1b: Garchomp|Protect
|move|p2a: Staraptor|Protect|p2a: Staraptor
|-singleturn|p2a: Staraptor|Protect
|move|p2b: Grimmsnarl|Reflect|p2b: Grimmsnarl
|-sidestart|p2: Oldcow|Reflect
|move|p1a: Pelipper|Weather Ball|p2a: Staraptor
|-activate|p2a: Staraptor|move: Protect
|
|-weather|RainDance|[upkeep]
|upkeep
|turn|6
|
|t:|1784565464
|move|p2b: Grimmsnarl|Parting Shot|p1b: Garchomp
|-unboost|p1b: Garchomp|atk|1
|-unboost|p1b: Garchomp|spa|1
|
|t:|1784565467
|switch|p2b: Tyranitar|Tyranitar, L50, F|100/100|[from] Parting Shot
|-weather|Sandstorm|[from] ability: Sand Stream|[of] p2b: Tyranitar
|move|p1b: Garchomp|Iron Head|p2a: Staraptor
|-damage|p2a: Staraptor|41/100
|-damage|p1b: Garchomp|0 fnt|[from] item: Life Orb
|faint|p1b: Garchomp
|move|p1a: Pelipper|Weather Ball|p2a: Staraptor
|-damage|p2a: Staraptor|31/100
|cant|p2a: Staraptor|flinch
|
|-weather|Sandstorm|[upkeep]
|-damage|p1a: Pelipper|94/100|[from] Sandstorm
|-damage|p2a: Staraptor|25/100|[from] Sandstorm
|-sideend|p1: KyleTampy|move: Tailwind
|upkeep
|
|t:|1784565471
|switch|p1b: Basculegion|Basculegion, L50, M|100/100
|turn|7
|c|☆KyleTampy|Gg to
|c|☆KyleTampy|Solid
|c|☆Oldcow|Gg pa save ng replay hehe
|
|t:|1784565521
|move|p1a: Pelipper|Helping Hand|p1b: Basculegion
|-singleturn|p1b: Basculegion|Helping Hand|[of] p1a: Pelipper
|move|p1b: Basculegion|Wave Crash|p2b: Tyranitar
|-supereffective|p2b: Tyranitar|1
|-enditem|p2b: Tyranitar|Passho Berry|[eat]
|-enditem|p2b: Tyranitar|Passho Berry|[weaken]
|-damage|p2b: Tyranitar|43/100
|-damage|p1b: Basculegion|80/100|[from] Recoil
|move|p2a: Staraptor|Close Combat|p1a: Pelipper
|-resisted|p1a: Pelipper|1
|-damage|p1a: Pelipper|43/100
|-boost|p2a: Staraptor|def|1
|-boost|p2a: Staraptor|spd|1
|move|p2b: Tyranitar|Knock Off|p1b: Basculegion
|-supereffective|p1b: Basculegion|1
|-damage|p1b: Basculegion|0 fnt
|-enditem|p1b: Basculegion|Choice Scarf|[from] move: Knock Off|[of] p2b: Tyranitar
|faint|p1b: Basculegion
|
|-weather|Sandstorm|[upkeep]
|-damage|p2a: Staraptor|19/100|[from] Sandstorm
|-damage|p1a: Pelipper|37/100|[from] Sandstorm
|upkeep
|turn|8
|c|☆KyleTampy|Ah sige
|
|t:|1784565534
|move|p2a: Staraptor|Close Combat|p1a: Pelipper
|-resisted|p1a: Pelipper|1
|-damage|p1a: Pelipper|0 fnt
|-boost|p2a: Staraptor|def|1
|-boost|p2a: Staraptor|spd|1
|faint|p1a: Pelipper
|
|win|Oldcow
|c|☆Oldcow|Ggwp
|c|☆KyleTampy|Hirap bumuwelo
|c|☆KyleTampy|Ggwp pare
|c|☆KyleTampy|Sayang g1 namatay chomp ko kek
|c|☆Oldcow|Ggwp thank u
|c|☆KyleTampy|Geh matulog ka na
|c|☆KyleTampy|Pero kung di pa g pa ko kek
|c|☆Oldcow|Takot ako may chomp
|c|☆Oldcow|Isa pa pwede pa
|c|☆KyleTampy|Yeah it's good
|c|☆KyleTampy|G
|c|☆Oldcow|Haban drampa kaya
|c|☆KyleTampy|Pweds din
|c|☆KyleTampy|I do like lefties tho
