|j|☆Dwood8
|j|☆TheCrazyMonkey14
|html|Dwood8TheCrazyMonkey14    
|uhtml|bestof|Game 2 of a best-of-3
|t:|1756327020
|gametype|doubles
|player|p1|Dwood8|1|1000
|player|p2|TheCrazyMonkey14|benga|1010
|gen|9
|tier|[Gen 9] VGC 2025 Reg H (Bo3)
|rated|
|rule|Species Clause: Limit one of each Pokémon
|rule|Item Clause: Limit 1 of each item
|clearpoke
|poke|p1|Dragapult, L50, M|
|poke|p1|Haxorus, L50, F|
|poke|p1|Tyranitar, L50, M|
|poke|p1|Rillaboom, L50, M|
|poke|p1|Sylveon, L50, M|
|poke|p1|Grimmsnarl, L50, M|
|poke|p2|Ursaluna-Bloodmoon, L50, M|
|poke|p2|Gholdengo, L50|
|poke|p2|Dragonite, L50, F|
|poke|p2|Sneasler, L50, F|
|poke|p2|Incineroar, L50, F|
|poke|p2|Amoonguss, L50, F|
|teampreview|4
|showteam|p1|Dragapult||FocusSash|ClearBody|ThunderWave,DragonDarts,PhantomForce,Protect|||M|||50|,,,,,Dark]Haxorus||ClearAmulet|MoldBreaker|DragonDance,RockSlide,TeraBlast,DragonClaw|||F|||50|,,,,,Steel]Tyranitar||CovertCloak|SandStream|RockSlide,DragonDance,KnockOff,Protect|||M|||50|,,,,,Fairy]Rillaboom||AssaultVest|GrassySurge|FakeOut,GrassyGlide,WoodHammer,Uturn|||M|||50|,,,,,Grass]Sylveon||LifeOrb|Pixilate|HyperVoice,Moonblast,Psychic,Detect|||M|||50|,,,,,Fire]Grimmsnarl||AbilityShield|Prankster|ThunderWave,Reflect,FoulPlay,MistyTerrain|||M|||50|,,,,,Dark
|showteam|p2|Ursaluna-Bloodmoon||AssaultVest|MindsEye|BloodMoon,EarthPower,VacuumWave,HyperVoice|||M|||50|,,,,,Water]Gholdengo||LifeOrb|GoodasGold|Protect,MakeItRain,ShadowBall,NastyPlot||||||50|,,,,,Water]Dragonite||LoadedDice|Multiscale|ScaleShot,Tailwind,Haze,Protect|||F|||50|,,,,,Fairy]Sneasler||FocusSash|Unburden|Protect,DireClaw,CloseCombat,ThroatChop|||F|||50|,,,,,Stellar]Incineroar||SafetyGoggles|Intimidate|KnockOff,PartingShot,FlareBlitz,FakeOut|||F|||50|,,,,,Ghost]Amoonguss||SitrusBerry|Regenerator|RagePowder,Spore,PollenPuff,Protect|||F|||50|,,,,,Psychic
|inactive|Battle timer is ON: inactive players will automatically lose when time's up. (requested by Dwood8)
|inactive|Dwood8 has 60 seconds left.
|inactive|TheCrazyMonkey14 has 60 seconds left.
|
|t:|1756327060
|teamsize|p1|4
|teamsize|p2|4
|start
|switch|p1a: Sylveon|Sylveon, L50, M|100/100
|switch|p1b: Rillaboom|Rillaboom, L50, M|100/100
|switch|p2a: Sneasler|Sneasler, L50, F|100/100
|switch|p2b: Dragonite|Dragonite, L50, F|100/100
|-fieldstart|move: Grassy Terrain|[from] ability: Grassy Surge|[of] p1b: Rillaboom
|turn|1
|inactive|Dwood8 has 30 seconds left.
|
|t:|1756327093
|move|p2a: Sneasler|Protect|p2a: Sneasler
|-singleturn|p2a: Sneasler|Protect
|move|p2b: Dragonite|Protect|p2b: Dragonite
|-singleturn|p2b: Dragonite|Protect
|move|p1a: Sylveon|Detect|p1a: Sylveon
|-singleturn|p1a: Sylveon|Protect
|move|p1b: Rillaboom|Fake Out|p2b: Dragonite
|-activate|p2b: Dragonite|move: Protect
|
|upkeep
|turn|2
|
|t:|1756327110
|-terastallize|p1a: Sylveon|Fire
|move|p1b: Rillaboom|Grassy Glide|p2a: Sneasler
|-resisted|p2a: Sneasler
|-damage|p2a: Sneasler|70/100
|move|p2a: Sneasler|Dire Claw|p1b: Rillaboom
|-supereffective|p1b: Rillaboom
|-damage|p1b: Rillaboom|27/100
|move|p2b: Dragonite|Tailwind|p2b: Dragonite
|-sidestart|p2: TheCrazyMonkey14|move: Tailwind
|move|p1a: Sylveon|Hyper Voice|p2a: Sneasler|[spread] p2a,p2b
|-supereffective|p2b: Dragonite
|-damage|p2a: Sneasler|0 fnt
|-damage|p2b: Dragonite|42/100
|faint|p2a: Sneasler
|-damage|p1a: Sylveon|91/100|[from] item: Life Orb
|
|-heal|p1b: Rillaboom|33/100|[from] Grassy Terrain
|-heal|p1a: Sylveon|97/100|[from] Grassy Terrain
|upkeep
|
|t:|1756327131
|switch|p2a: Gholdengo|Gholdengo, L50|100/100
|turn|3
|
|t:|1756327155
|move|p1b: Rillaboom|Grassy Glide|p2a: Gholdengo
|-resisted|p2a: Gholdengo
|-damage|p2a: Gholdengo|81/100
|move|p2a: Gholdengo|Nasty Plot|p2a: Gholdengo
|-boost|p2a: Gholdengo|spa|2
|move|p2b: Dragonite|Scale Shot|p1a: Sylveon
|-damage|p1a: Sylveon|76/100
|-damage|p1a: Sylveon|58/100
|-damage|p1a: Sylveon|39/100
|-damage|p1a: Sylveon|20/100
|-hitcount|p1a: Sylveon|4
|-unboost|p2b: Dragonite|def|1
|-boost|p2b: Dragonite|spe|1
|move|p1a: Sylveon|Hyper Voice|p2a: Gholdengo|[spread] p2a,p2b
|-resisted|p2a: Gholdengo
|-supereffective|p2b: Dragonite
|-damage|p2a: Gholdengo|50/100
|-damage|p2b: Dragonite|0 fnt
|faint|p2b: Dragonite
|-damage|p1a: Sylveon|10/100|[from] item: Life Orb
|
|-heal|p2a: Gholdengo|56/100|[from] Grassy Terrain
|-heal|p1b: Rillaboom|39/100|[from] Grassy Terrain
|-heal|p1a: Sylveon|16/100|[from] Grassy Terrain
|upkeep
|
|t:|1756327176
|switch|p2b: Incineroar|Incineroar, L50, F|100/100
|-ability|p2b: Incineroar|Intimidate|boost
|-unboost|p1a: Sylveon|atk|1
|-unboost|p1b: Rillaboom|atk|1
|turn|4
|
|t:|1756327186
|move|p1a: Sylveon|Detect|p1a: Sylveon
|-singleturn|p1a: Sylveon|Protect
|move|p2b: Incineroar|Fake Out|p1b: Rillaboom
|-damage|p1b: Rillaboom|28/100
|cant|p1b: Rillaboom|flinch
|move|p2a: Gholdengo|Make It Rain|p1a: Sylveon|[spread] p1b
|-activate|p1a: Sylveon|move: Protect
|-damage|p1b: Rillaboom|0 fnt
|-unboost|p2a: Gholdengo|spa|1
|faint|p1b: Rillaboom
|-damage|p2a: Gholdengo|47/100|[from] item: Life Orb
|
|-heal|p2a: Gholdengo|53/100|[from] Grassy Terrain
|-heal|p1a: Sylveon|22/100|[from] Grassy Terrain
|upkeep
|
|t:|1756327200
|switch|p1b: Dragapult|Dragapult, L50, M, shiny|100/100
|turn|5
|
|t:|1756327223
|move|p2a: Gholdengo|Nasty Plot|p2a: Gholdengo
|-boost|p2a: Gholdengo|spa|2
|move|p1b: Dragapult|Phantom Force||[still]
|-prepare|p1b: Dragapult|Phantom Force
|move|p2b: Incineroar|Knock Off|p1a: Sylveon
|-damage|p1a: Sylveon|0 fnt
|-enditem|p1a: Sylveon|Life Orb|[from] move: Knock Off|[of] p2b: Incineroar
|faint|p1a: Sylveon
|
|-heal|p2a: Gholdengo|59/100|[from] Grassy Terrain
|-sideend|p2: TheCrazyMonkey14|move: Tailwind
|-fieldend|move: Grassy Terrain
|upkeep
|
|t:|1756327231
|switch|p1a: Grimmsnarl|Grimmsnarl, L50, M|100/100
|turn|6
|
|t:|1756327242
|move|p2a: Gholdengo|Protect|p2a: Gholdengo
|-singleturn|p2a: Gholdengo|Protect
|move|p1a: Grimmsnarl|Reflect|p1a: Grimmsnarl
|-sidestart|p1: Dwood8|Reflect
|move|p1b: Dragapult|Phantom Force|p2a: Gholdengo|[from] lockedmove
|-activate|p2a: Gholdengo|move: Phantom Force|[broken]
|-supereffective|p2a: Gholdengo
|-damage|p2a: Gholdengo|0 fnt
|faint|p2a: Gholdengo
|move|p2b: Incineroar|Knock Off|p1b: Dragapult
|-supereffective|p1b: Dragapult
|-damage|p1b: Dragapult|32/100
|-enditem|p1b: Dragapult|Focus Sash|[from] move: Knock Off|[of] p2b: Incineroar
|
|upkeep
|turn|7
|
|t:|1756327264
|move|p1b: Dragapult|Protect|p1b: Dragapult
|-singleturn|p1b: Dragapult|Protect
|move|p2b: Incineroar|Flare Blitz|p1a: Grimmsnarl
|-damage|p1a: Grimmsnarl|64/100
|-damage|p2b: Incineroar|88/100|[from] Recoil
|move|p1a: Grimmsnarl|Foul Play|p2b: Incineroar
|-resisted|p2b: Incineroar
|-damage|p2b: Incineroar|68/100
|
|upkeep
|turn|8
|
|t:|1756327286
|move|p1b: Dragapult|Phantom Force||[still]
|-prepare|p1b: Dragapult|Phantom Force
|move|p2b: Incineroar|Knock Off|p1a: Grimmsnarl
|-resisted|p1a: Grimmsnarl
|-damage|p1a: Grimmsnarl|57/100
|-enditem|p1a: Grimmsnarl|Ability Shield|[from] move: Knock Off|[of] p2b: Incineroar
|move|p1a: Grimmsnarl|Foul Play|p2b: Incineroar
|-resisted|p2b: Incineroar
|-damage|p2b: Incineroar|47/100
|
|upkeep
|turn|9
|
|t:|1756327298
|move|p1b: Dragapult|Phantom Force|p2b: Incineroar|[from] lockedmove
|-resisted|p2b: Incineroar
|-crit|p2b: Incineroar
|-damage|p2b: Incineroar|15/100
|move|p2b: Incineroar|Knock Off|p1b: Dragapult
|-supereffective|p1b: Dragapult
|-damage|p1b: Dragapult|0 fnt
|faint|p1b: Dragapult
|move|p1a: Grimmsnarl|Foul Play|p2b: Incineroar
|-resisted|p2b: Incineroar
|-damage|p2b: Incineroar|0 fnt
|faint|p2b: Incineroar
|
|win|Dwood8
|raw|Dwood8's rating: 1000 → 1041(+41 for winning)
|raw|TheCrazyMonkey14's rating: 1010 → 1000(-10 for losing)
|c|☆Dwood8|Ggs
