|j|☆DarkKnightLabs
|j|☆washingtongargacha
|html|DarkKnightLabswashingtongargacha    
|uhtml|bestof|Game 1 of a best-of-3
|t:|1757183113
|gametype|doubles
|player|p1|DarkKnightLabs|red|1138
|player|p2|washingtongargacha|169|1128
|gen|9
|tier|[Gen 9] VGC 2025 Reg H (Bo3)
|rated|
|rule|Species Clause: Limit one of each Pokémon
|rule|Item Clause: Limit 1 of each item
|clearpoke
|poke|p1|Incineroar, L50, M|
|poke|p1|Amoonguss, L50, F|
|poke|p1|Palafin, L50, M|
|poke|p1|Ursaluna-Bloodmoon, L50, M|
|poke|p1|Kilowattrel, L50, F|
|poke|p1|Archaludon, L50, F|
|poke|p2|Talonflame, L50, M|
|poke|p2|Gholdengo, L50|
|poke|p2|Dragonite, L50, F|
|poke|p2|Archaludon, L50, M|
|poke|p2|Tyranitar, L50, M|
|poke|p2|Garchomp, L50, F|
|teampreview|4
|showteam|p1|Incineroar||SafetyGoggles|Intimidate|FakeOut,PartingShot,KnockOff,FlareBlitz|||M|||50|,,,,,Ghost]Amoonguss||SitrusBerry|Regenerator|Spore,RagePowder,SludgeBomb,Protect|||F|||50|,,,,,Water]Palafin||MysticWater|ZerotoHero|Protect,JetPunch,WaveCrash,CloseCombat|||M|||50|,,,,,Water]Ursaluna-Bloodmoon||LifeOrb|MindsEye|BloodMoon,HyperVoice,EarthPower,Protect|||M|||50|,,,,,Normal]Kilowattrel||FocusSash|Competitive|Tailwind,Thunderbolt,AirSlash,Protect|||F|||50|,,,,,Ghost]Archaludon||PowerHerb|Sturdy|ElectroShot,DragonPulse,FlashCannon,Protect|||F|||50|,,,,,Electric
|showteam|p2|Talonflame||CovertCloak|GaleWings|Tailwind,DualWingbeat,Taunt,FlareBlitz|||M|||50|,,,,,Ghost]Gholdengo||ChoiceSpecs|GoodasGold|MakeItRain,SteelBeam,ShadowBall,PowerGem||||||50|,,,,,Flying]Dragonite||LoadedDice|Multiscale|ScaleShot,IceSpinner,Haze,Protect|||F|||50|,,,,,Steel]Archaludon||PowerHerb|Sturdy|FlashCannon,ElectroShot,DracoMeteor,Protect|||M|||50|,,,,,Flying]Tyranitar||AssaultVest|SandStream|KnockOff,RockSlide,TeraBlast,LowKick|||M|||50|,,,,,Flying]Garchomp||LifeOrb|RoughSkin|DragonClaw,StompingTantrum,Earthquake,Protect|||F|||50|,,,,,Steel
|inactive|Battle timer is ON: inactive players will automatically lose when time's up. (requested by DarkKnightLabs)
|
|t:|1757183212
|teamsize|p1|4
|teamsize|p2|4
|start
|switch|p1a: Incineroar|Incineroar, L50, M|100/100
|switch|p1b: Palafin|Palafin, L50, M|100/100
|switch|p2a: Talonflame|Talonflame, L50, M|100/100
|switch|p2b: Gholdengo|Gholdengo, L50|100/100
|-ability|p1a: Incineroar|Intimidate|boost
|-unboost|p2a: Talonflame|atk|1
|-unboost|p2b: Gholdengo|atk|1
|turn|1
|inactive|DarkKnightLabs has 30 seconds left.
|inactive|washingtongargacha has 30 seconds left.
|
|t:|1757183246
|detailschange|p1b: Palafin|Palafin-Hero, L50, M
|switch|p1b: Amoonguss|Amoonguss, L50, F|100/100
|move|p2a: Talonflame|Tailwind|p2a: Talonflame
|-sidestart|p2: washingtongargacha|move: Tailwind
|move|p2b: Gholdengo|Shadow Ball|p1b: Amoonguss
|-damage|p1b: Amoonguss|56/100
|move|p1a: Incineroar|Flare Blitz|p2b: Gholdengo
|-supereffective|p2b: Gholdengo
|-damage|p2b: Gholdengo|0 fnt
|faint|p2b: Gholdengo
|-damage|p1a: Incineroar|74/100|[from] Recoil
|
|upkeep
|
|t:|1757183258
|switch|p2b: Tyranitar|Tyranitar, L50, M|100/100
|-weather|Sandstorm|[from] ability: Sand Stream|[of] p2b: Tyranitar
|turn|2
|inactive|DarkKnightLabs has 30 seconds left.
|inactive|washingtongargacha has 30 seconds left.
|
|t:|1757183292
|move|p1b: Amoonguss|Protect|p1b: Amoonguss
|-singleturn|p1b: Amoonguss|Protect
|move|p2a: Talonflame|Dual Wingbeat|p1b: Amoonguss
|-activate|p1b: Amoonguss|move: Protect
|move|p2b: Tyranitar|Rock Slide|p1a: Incineroar|[spread] p1a
|-activate|p1b: Amoonguss|move: Protect
|-supereffective|p1a: Incineroar
|-damage|p1a: Incineroar|29/100
|move|p1a: Incineroar|Parting Shot|p2b: Tyranitar
|-unboost|p2b: Tyranitar|atk|1
|-unboost|p2b: Tyranitar|spa|1
|
|t:|1757183302
|switch|p1a: Palafin|Palafin-Hero, L50, M|100/100|[from] Parting Shot
|-activate|p1a: Palafin|ability: Zero to Hero
|
|-weather|Sandstorm|[upkeep]
|-damage|p2a: Talonflame|94/100|[from] Sandstorm
|-damage|p1a: Palafin|95/100|[from] Sandstorm
|-damage|p1b: Amoonguss|50/100|[from] Sandstorm
|-enditem|p1b: Amoonguss|Sitrus Berry|[eat]
|-heal|p1b: Amoonguss|75/100|[from] item: Sitrus Berry
|upkeep
|turn|3
|inactive|DarkKnightLabs has 30 seconds left.
|inactive|washingtongargacha has 30 seconds left.
|inactive|washingtongargacha has 20 seconds left.
|inactive|washingtongargacha has 15 seconds left.
|
|t:|1757183346
|switch|p2b: Garchomp|Garchomp, L50, F|100/100
|switch|p1b: Incineroar|Incineroar, L50, M|29/100
|-ability|p1b: Incineroar|Intimidate|boost
|-unboost|p2a: Talonflame|atk|1
|-unboost|p2b: Garchomp|atk|1
|-terastallize|p1a: Palafin|Water
|move|p1a: Palafin|Jet Punch|p2b: Garchomp
|-damage|p2b: Garchomp|45/100
|-damage|p1a: Palafin|83/100|[from] ability: Rough Skin|[of] p2b: Garchomp
|move|p2a: Talonflame|Taunt|p1b: Incineroar
|-start|p1b: Incineroar|move: Taunt
|
|-weather|Sandstorm|[upkeep]
|-damage|p2a: Talonflame|88/100|[from] Sandstorm
|-damage|p1a: Palafin|77/100|[from] Sandstorm
|upkeep
|turn|4
|inactive|washingtongargacha has 30 seconds left.
|inactive|washingtongargacha has 20 seconds left.
|inactive|washingtongargacha has 15 seconds left.
|inactive|washingtongargacha has 10 seconds left.
|
|t:|1757183392
|move|p2b: Garchomp|Protect|p2b: Garchomp
|-singleturn|p2b: Garchomp|Protect
|move|p1b: Incineroar|Fake Out|p2b: Garchomp
|-activate|p2b: Garchomp|move: Protect
|move|p1a: Palafin|Jet Punch|p2a: Talonflame
|-supereffective|p2a: Talonflame
|-damage|p2a: Talonflame|0 fnt
|faint|p2a: Talonflame
|
|-weather|Sandstorm|[upkeep]
|-damage|p1a: Palafin|71/100|[from] Sandstorm
|-sideend|p2: washingtongargacha|move: Tailwind
|upkeep
|
|t:|1757183402
|switch|p2a: Tyranitar|Tyranitar, L50, M|100/100
|turn|5
|inactive|washingtongargacha has 30 seconds left.
|
|t:|1757183429
|switch|p1b: Amoonguss|Amoonguss, L50, F|100/100
|-terastallize|p2b: Garchomp|Steel
|move|p1a: Palafin|Jet Punch|p2b: Garchomp
|-damage|p2b: Garchomp|0 fnt
|-damage|p1a: Palafin|59/100|[from] ability: Rough Skin|[of] p2b: Garchomp
|faint|p2b: Garchomp
|move|p2a: Tyranitar|Rock Slide|p1a: Palafin|[spread] p1a
|-miss|p2a: Tyranitar|p1b: Amoonguss
|-damage|p1a: Palafin|25/100
|
|-weather|Sandstorm|[upkeep]
|-damage|p1a: Palafin|19/100|[from] Sandstorm
|-damage|p1b: Amoonguss|95/100|[from] Sandstorm
|upkeep
|turn|6
|-message|washingtongargacha forfeited.
|
|win|DarkKnightLabs
