|j|☆brian47337
|j|☆arcanedniall
|html|brian47337arcanedniall    
|uhtml|bestof|Game 1 of a best-of-3
|t:|1757715997
|gametype|doubles
|player|p1|brian47337|n|1033
|player|p2|arcanedniall|janitor|1071
|gen|9
|tier|[Gen 9] VGC 2025 Reg H (Bo3)
|rated|
|rule|Species Clause: Limit one of each Pokémon
|rule|Item Clause: Limit 1 of each item
|clearpoke
|poke|p1|Murkrow, L50, M|
|poke|p1|Incineroar, L50, M|
|poke|p1|Tyranitar, L50, M|
|poke|p1|Garchomp, L50, F|
|poke|p1|Archaludon, L50, M|
|poke|p1|Primarina, L50, F|
|poke|p2|Rillaboom, L50, F|
|poke|p2|Porygon2, L50|
|poke|p2|Hawlucha, L50, F|
|poke|p2|Volcarona, L50, M|
|poke|p2|Dragonite, L50, F|
|poke|p2|Ursaluna-Bloodmoon, L50, M|
|teampreview|4
|showteam|p1|Murkrow||Eviolite|Prankster|Tailwind,FoulPlay,Haze,Taunt|||M|||50|,,,,,Ghost]Incineroar||SafetyGoggles|Intimidate|FakeOut,FlareBlitz,KnockOff,Taunt|||M|||50|,,,,,Ghost]Tyranitar||AssaultVest|SandStream|RockSlide,KnockOff,LowKick,TeraBlast|||M|||50|,,,,,Flying]Garchomp||LifeOrb|SandVeil|DragonClaw,Earthquake,SwordsDance,Protect|||F|||50|,,,,,Ground]Archaludon||PowerHerb|Sturdy|ElectroShot,DragonPulse,FlashCannon,Protect|||M|||50|,,,,,Electric]Primarina||ThroatSpray|LiquidVoice|HyperVoice,Moonblast,Haze,Protect|||F|||50|,,,,,Poison
|showteam|p2|Rillaboom||AssaultVest|GrassySurge|FakeOut,GrassyGlide,WoodHammer,Uturn|||F|||50|,,,,,Fire]Porygon2||Eviolite|Download|IceBeam,Thunderbolt,Recover,TrickRoom||||||50|,,,,,Dark]Hawlucha||GrassySeed|Unburden|Acrobatics,BodyPress,Encore,Protect|||F|||50|,,,,,Grass]Volcarona||CovertCloak|FlameBody|HeatWave,BugBuzz,RagePowder,QuiverDance|||M|||50|,,,,,Electric]Dragonite||LoadedDice|InnerFocus|ExtremeSpeed,ScaleShot,Haze,Protect|||F|||50|,,,,,Fairy]Ursaluna-Bloodmoon||LifeOrb|MindsEye|BloodMoon,EarthPower,HyperVoice,Protect|||M|||50|,,,,,Ghost
|
|t:|1757716052
|teamsize|p1|4
|teamsize|p2|4
|start
|switch|p1a: Incineroar|Incineroar, L50, M|100/100
|switch|p1b: Tyranitar|Tyranitar, L50, M|100/100
|switch|p2a: Hawlucha|Hawlucha, L50, F|100/100
|switch|p2b: Rillaboom|Rillaboom, L50, F|100/100
|-fieldstart|move: Grassy Terrain|[from] ability: Grassy Surge|[of] p2b: Rillaboom
|-enditem|p2a: Hawlucha|Grassy Seed
|-boost|p2a: Hawlucha|def|1|[from] item: Grassy Seed
|-weather|Sandstorm|[from] ability: Sand Stream|[of] p1b: Tyranitar
|-ability|p1a: Incineroar|Intimidate|boost
|-unboost|p2a: Hawlucha|atk|1
|-unboost|p2b: Rillaboom|atk|1
|turn|1
|
|t:|1757716103
|-terastallize|p1b: Tyranitar|Flying
|move|p2a: Hawlucha|Protect|p2a: Hawlucha
|-singleturn|p2a: Hawlucha|Protect
|move|p2b: Rillaboom|Fake Out|p1b: Tyranitar
|-damage|p1b: Tyranitar|92/100
|cant|p1b: Tyranitar|flinch
|move|p1a: Incineroar|Flare Blitz|p2b: Rillaboom
|-supereffective|p2b: Rillaboom
|-damage|p2b: Rillaboom|11/100
|-damage|p1a: Incineroar|70/100|[from] Recoil
|
|-weather|Sandstorm|[upkeep]
|-damage|p2a: Hawlucha|95/100|[from] Sandstorm
|-damage|p2b: Rillaboom|5/100|[from] Sandstorm
|-damage|p1b: Tyranitar|86/100|[from] Sandstorm
|-heal|p2b: Rillaboom|11/100|[from] Grassy Terrain
|-heal|p1a: Incineroar|76/100|[from] Grassy Terrain
|upkeep
|turn|2
|
|t:|1757716135
|switch|p1a: Garchomp|Garchomp, L50, F|100/100
|move|p2a: Hawlucha|Acrobatics|p1b: Tyranitar
|-damage|p1b: Tyranitar|64/100
|move|p2b: Rillaboom|Wood Hammer|p1b: Tyranitar
|-resisted|p1b: Tyranitar
|-damage|p1b: Tyranitar|38/100
|-damage|p2b: Rillaboom|3/100|[from] Recoil
|move|p1b: Tyranitar|Rock Slide|p2b: Rillaboom|[spread] p2a,p2b
|-damage|p2a: Hawlucha|76/100
|-damage|p2b: Rillaboom|0 fnt
|faint|p2b: Rillaboom
|
|-weather|Sandstorm|[upkeep]
|-damage|p2a: Hawlucha|70/100|[from] Sandstorm
|-damage|p1b: Tyranitar|33/100|[from] Sandstorm
|upkeep
|
|t:|1757716156
|switch|p2b: Dragonite|Dragonite, L50, F|100/100
|turn|3
|
|t:|1757716180
|-terastallize|p2b: Dragonite|Fairy
|move|p2a: Hawlucha|Protect|p2a: Hawlucha
|-singleturn|p2a: Hawlucha|Protect
|move|p1a: Garchomp|Protect|p1a: Garchomp
|-singleturn|p1a: Garchomp|Protect
|move|p1b: Tyranitar|Rock Slide|p2b: Dragonite|[spread] p2b
|-activate|p2a: Hawlucha|move: Protect
|-damage|p2b: Dragonite|70/100
|move|p2b: Dragonite|Scale Shot|p1b: Tyranitar
|-damage|p1b: Tyranitar|20/100
|-damage|p1b: Tyranitar|7/100
|-damage|p1b: Tyranitar|0 fnt
|faint|p1b: Tyranitar
|-hitcount|p1: Tyranitar|3
|-unboost|p2b: Dragonite|def|1
|-boost|p2b: Dragonite|spe|1
|
|-weather|Sandstorm|[upkeep]
|-damage|p2a: Hawlucha|64/100|[from] Sandstorm
|-damage|p2b: Dragonite|64/100|[from] Sandstorm
|-heal|p2b: Dragonite|70/100|[from] Grassy Terrain
|upkeep
|
|t:|1757716205
|switch|p1b: Murkrow|Murkrow, L50, M|100/100
|turn|4
|
|t:|1757716244
|move|p1b: Murkrow|Tailwind|p1b: Murkrow
|-sidestart|p1: brian47337|move: Tailwind
|move|p1a: Garchomp|Earthquake|p2b: Dragonite|[spread] p2b
|-immune|p1b: Murkrow
|-immune|p2a: Hawlucha
|-damage|p2b: Dragonite|35/100
|-damage|p1a: Garchomp|91/100|[from] item: Life Orb
|move|p2a: Hawlucha|Encore|p1a: Garchomp
|-start|p1a: Garchomp|Encore
|move|p2b: Dragonite|Scale Shot|p1b: Murkrow
|-damage|p1b: Murkrow|89/100
|-damage|p1b: Murkrow|77/100
|-damage|p1b: Murkrow|63/100
|-damage|p1b: Murkrow|51/100
|-hitcount|p1b: Murkrow|4
|-unboost|p2b: Dragonite|def|1
|-boost|p2b: Dragonite|spe|1
|
|-weather|Sandstorm|[upkeep]
|-damage|p2a: Hawlucha|58/100|[from] Sandstorm
|-damage|p1b: Murkrow|45/100|[from] Sandstorm
|-damage|p2b: Dragonite|29/100|[from] Sandstorm
|-heal|p1a: Garchomp|97/100|[from] Grassy Terrain
|-heal|p2b: Dragonite|35/100|[from] Grassy Terrain
|upkeep
|turn|5
|
|t:|1757716281
|move|p2b: Dragonite|Protect|p2b: Dragonite
|-singleturn|p2b: Dragonite|Protect
|move|p1a: Garchomp|Earthquake|p2b: Dragonite|[spread] 
|-activate|p2b: Dragonite|move: Protect
|-immune|p1b: Murkrow
|-immune|p2a: Hawlucha
|move|p2a: Hawlucha|Body Press|p1b: Murkrow
|-damage|p1b: Murkrow|9/100
|move|p1b: Murkrow|Foul Play|p2a: Hawlucha
|-resisted|p2a: Hawlucha
|-damage|p2a: Hawlucha|51/100
|
|-weather|none
|-heal|p1a: Garchomp|100/100|[from] Grassy Terrain
|-heal|p2b: Dragonite|41/100|[from] Grassy Terrain
|-fieldend|move: Grassy Terrain
|upkeep
|turn|6
|
|t:|1757716312
|move|p1a: Garchomp|Earthquake|p2a: Hawlucha|[spread] p2b
|-immune|p1b: Murkrow
|-immune|p2a: Hawlucha
|-damage|p2b: Dragonite|0 fnt
|faint|p2b: Dragonite
|-damage|p1a: Garchomp|91/100|[from] item: Life Orb
|move|p2a: Hawlucha|Body Press|p1b: Murkrow
|-damage|p1b: Murkrow|0 fnt
|faint|p1b: Murkrow
|
|upkeep
|
|t:|1757716325
|switch|p1b: Incineroar|Incineroar, L50, M|76/100
|switch|p2b: Volcarona|Volcarona, L50, M|100/100
|-ability|p1b: Incineroar|Intimidate|boost
|-unboost|p2a: Hawlucha|atk|1
|-unboost|p2b: Volcarona|atk|1
|turn|7
|
|t:|1757716353
|move|p1b: Incineroar|Fake Out|p2a: Hawlucha
|-damage|p2a: Hawlucha|44/100
|move|p1a: Garchomp|Earthquake|p2b: Volcarona|[spread] p1b,p2b
|-immune|p2a: Hawlucha
|-supereffective|p1b: Incineroar
|-damage|p1b: Incineroar|0 fnt
|-damage|p2b: Volcarona|46/100
|faint|p1b: Incineroar
|-damage|p1a: Garchomp|81/100|[from] item: Life Orb
|cant|p2a: Hawlucha|flinch
|move|p2b: Volcarona|Bug Buzz|p1a: Garchomp
|-damage|p1a: Garchomp|21/100
|
|-end|p1a: Garchomp|Encore
|-sideend|p1: brian47337|move: Tailwind
|upkeep
|turn|8
|
|t:|1757716387
|move|p2b: Volcarona|Rage Powder|p2b: Volcarona
|-singleturn|p2b: Volcarona|move: Rage Powder
|move|p2a: Hawlucha|Body Press|p1a: Garchomp
|-crit|p1a: Garchomp
|-damage|p1a: Garchomp|0 fnt
|faint|p1a: Garchomp
|
|win|arcanedniall
||brian47337 is ready for game 2.
||arcanedniall is ready for game 2.
|uhtml|next|Next: Game 2 of 3
