|j|☆incartamene2etti
|j|☆MELTEUSE
|html|incartamene2ettiMELTEUSE    
|uhtml|bestof|Game 2 of a best-of-3
|t:|1755204648
|gametype|doubles
|player|p1|incartamene2etti|plasmagrunt|1238
|player|p2|MELTEUSE|2|1318
|gen|9
|tier|[Gen 9] VGC 2025 Reg H (Bo3)
|rated|
|rule|Species Clause: Limit one of each Pokémon
|rule|Item Clause: Limit 1 of each item
|clearpoke
|poke|p1|Pelipper, L50, F|
|poke|p1|Archaludon, L50, M|
|poke|p1|Basculegion, L50, M|
|poke|p1|Amoonguss, L50, F|
|poke|p1|Incineroar, L50, M|
|poke|p1|Gholdengo, L50|
|poke|p2|Tyranitar, L50, F|
|poke|p2|Garchomp, L50, F|
|poke|p2|Amoonguss, L50, F|
|poke|p2|Kilowattrel, L50, M|
|poke|p2|Gholdengo, L50|
|poke|p2|Incineroar, L50, M|
|teampreview|4
|showteam|p1|Pelipper||FocusSash|Drizzle|WeatherBall,Hurricane,Tailwind,Protect|||F|||50|,,,,,Ghost]Archaludon||AssaultVest|Stamina|ElectroShot,DragonPulse,BodyPress,FlashCannon|||M|||50|,,,,,Grass]Basculegion||ChoiceBand|SwiftSwim|WaveCrash,AquaJet,LastRespects,FlipTurn|||M|||50|,,,,,Water]Amoonguss||SitrusBerry|Regenerator|Spore,Protect,RagePowder,PollenPuff|||F|||50|,,,,,Fairy]Incineroar||SafetyGoggles|Intimidate|FakeOut,Taunt,PartingShot,KnockOff|||M|||50|,,,,,Ghost]Gholdengo||LifeOrb|GoodasGold|MakeItRain,ShadowBall,NastyPlot,Protect||||||50|,,,,,Water
|showteam|p2|Tyranitar||AssaultVest|SandStream|KnockOff,TeraBlast,LowKick,RockSlide|||F|||50|,,,,,Flying]Garchomp||LifeOrb|RoughSkin|Protect,Earthquake,DragonClaw,StompingTantrum|||F|||50|,,,,,Steel]Amoonguss||SitrusBerry|Regenerator|Protect,Spore,RagePowder,SludgeBomb|||F|||50|,,,,,Water]Kilowattrel||FocusSash|Competitive|Protect,Thunderbolt,AirSlash,Tailwind|||M|||50|,,,,,Ghost]Gholdengo||MetalCoat|GoodasGold|Protect,MakeItRain,ShadowBall,NastyPlot||||||50|,,,,,Flying]Incineroar||SafetyGoggles|Intimidate|FakeOut,PartingShot,KnockOff,FlareBlitz|||M|||50|,,,,,Ghost
|inactive|Battle timer is ON: inactive players will automatically lose when time's up. (requested by MELTEUSE)
|inactive|incartamene2etti has 60 seconds left.
|
|t:|1755204681
|teamsize|p1|4
|teamsize|p2|4
|start
|switch|p1a: Gholdengo|Gholdengo, L50|100/100
|switch|p1b: Amoonguss|Amoonguss, L50, F|100/100
|switch|p2a: Kilowattrel|Kilowattrel, L50, M|100/100
|switch|p2b: Amoonguss|Amoonguss, L50, F|100/100
|turn|1
|
|t:|1755204704
|switch|p2b: Garchomp|Garchomp, L50, F|100/100
|move|p2a: Kilowattrel|Protect|p2a: Kilowattrel
|-singleturn|p2a: Kilowattrel|Protect
|move|p1a: Gholdengo|Nasty Plot|p1a: Gholdengo
|-boost|p1a: Gholdengo|spa|2
|move|p1b: Amoonguss|Spore|p2a: Kilowattrel
|-activate|p2a: Kilowattrel|move: Protect
|
|upkeep
|turn|2
|inactive|incartamene2etti has 30 seconds left.
|inactive|incartamene2etti has 20 seconds left.
|inactive|incartamene2etti has 15 seconds left.
|inactive|MELTEUSE has 30 seconds left.
|
|t:|1755204748
|-terastallize|p1b: Amoonguss|Fairy
|move|p1a: Gholdengo|Protect|p1a: Gholdengo
|-singleturn|p1a: Gholdengo|Protect
|move|p2a: Kilowattrel|Air Slash|p1b: Amoonguss
|-damage|p1b: Amoonguss|75/100
|move|p2b: Garchomp|Earthquake|p1b: Amoonguss|[spread] p1b
|-activate|p1a: Gholdengo|move: Protect
|-immune|p2a: Kilowattrel
|-damage|p1b: Amoonguss|27/100
|-enditem|p1b: Amoonguss|Sitrus Berry|[eat]
|-heal|p1b: Amoonguss|52/100|[from] item: Sitrus Berry
|-damage|p2b: Garchomp|91/100|[from] item: Life Orb
|move|p1b: Amoonguss|Spore|p2a: Kilowattrel
|-status|p2a: Kilowattrel|slp|[from] move: Spore
|
|upkeep
|turn|3
|inactive|incartamene2etti has 30 seconds left.
|inactive|MELTEUSE has 30 seconds left.
|inactive|incartamene2etti has 20 seconds left.
|inactive|incartamene2etti has 15 seconds left.
|
|t:|1755204788
|switch|p1a: Pelipper|Pelipper, L50, F|100/100
|-weather|RainDance|[from] ability: Drizzle|[of] p1a: Pelipper
|cant|p2a: Kilowattrel|slp
|move|p2b: Garchomp|Earthquake|p1b: Amoonguss|[spread] p1b
|-immune|p2a: Kilowattrel
|-immune|p1a: Pelipper
|-damage|p1b: Amoonguss|9/100
|-damage|p2b: Garchomp|81/100|[from] item: Life Orb
|move|p1b: Amoonguss|Spore|p2b: Garchomp
|-status|p2b: Garchomp|slp|[from] move: Spore
|
|-weather|RainDance|[upkeep]
|upkeep
|turn|4
|
|t:|1755204811
|switch|p2b: Tyranitar|Tyranitar, L50, F|100/100
|-weather|Sandstorm|[from] ability: Sand Stream|[of] p2b: Tyranitar
|switch|p1b: Archaludon|Archaludon, L50, M|100/100
|cant|p2a: Kilowattrel|slp
|move|p1a: Pelipper|Weather Ball|p2a: Kilowattrel
|-supereffective|p2a: Kilowattrel
|-crit|p2a: Kilowattrel
|-enditem|p2a: Kilowattrel|Focus Sash
|-damage|p2a: Kilowattrel|1/100 slp
|
|-weather|Sandstorm|[upkeep]
|-damage|p2a: Kilowattrel|0 fnt|[from] Sandstorm
|-damage|p1a: Pelipper|95/100|[from] Sandstorm
|faint|p2a: Kilowattrel
|upkeep
|
|t:|1755204819
|switch|p2a: Amoonguss|Amoonguss, L50, F|100/100
|turn|5
|inactive|incartamene2etti has 30 seconds left.
|
|t:|1755204847
|switch|p1a: Amoonguss|Amoonguss, L50, F, tera:Fairy|42/100
|-terastallize|p2b: Tyranitar|Flying
|move|p1b: Archaludon|Dragon Pulse|p2b: Tyranitar
|-damage|p2b: Tyranitar|77/100
|move|p2b: Tyranitar|Knock Off|p1a: Amoonguss
|-resisted|p1a: Amoonguss
|-damage|p1a: Amoonguss|27/100
|move|p2a: Amoonguss|Spore|p1b: Archaludon
|-status|p1b: Archaludon|slp|[from] move: Spore
|
|-weather|Sandstorm|[upkeep]
|-damage|p2b: Tyranitar|71/100|[from] Sandstorm
|-damage|p1a: Amoonguss|21/100|[from] Sandstorm
|-damage|p2a: Amoonguss|95/100|[from] Sandstorm
|upkeep
|turn|6
|inactive|incartamene2etti has 30 seconds left.
|
|t:|1755204875
|switch|p2b: Garchomp|Garchomp, L50, F|81/100 slp
|move|p1a: Amoonguss|Protect|p1a: Amoonguss
|-singleturn|p1a: Amoonguss|Protect
|cant|p1b: Archaludon|slp
|move|p2a: Amoonguss|Sludge Bomb|p1a: Amoonguss
|-activate|p1a: Amoonguss|move: Protect
|
|-weather|Sandstorm|[upkeep]
|-damage|p1a: Amoonguss|15/100|[from] Sandstorm
|-damage|p2a: Amoonguss|89/100|[from] Sandstorm
|upkeep
|turn|7
|inactive|incartamene2etti has 30 seconds left.
|inactive|incartamene2etti has 20 seconds left.
|inactive|incartamene2etti has 15 seconds left.
|
|t:|1755204920
|move|p2a: Amoonguss|Rage Powder|p2a: Amoonguss
|-singleturn|p2a: Amoonguss|move: Rage Powder
|cant|p2b: Garchomp|slp
|-curestatus|p1b: Archaludon|slp|[msg]
|move|p1b: Archaludon|Dragon Pulse|p2a: Amoonguss
|-damage|p2a: Amoonguss|48/100
|-enditem|p2a: Amoonguss|Sitrus Berry|[eat]
|-heal|p2a: Amoonguss|72/100|[from] item: Sitrus Berry
|move|p1a: Amoonguss|Pollen Puff|p2a: Amoonguss
|-damage|p2a: Amoonguss|55/100
|
|-weather|Sandstorm|[upkeep]
|-damage|p1a: Amoonguss|9/100|[from] Sandstorm
|-damage|p2a: Amoonguss|49/100|[from] Sandstorm
|upkeep
|turn|8
|inactive|incartamene2etti has 30 seconds left.
|inactive|MELTEUSE has 30 seconds left.
|inactive|incartamene2etti has 20 seconds left.
|inactive|incartamene2etti has 15 seconds left.
|inactive|incartamene2etti has 10 seconds left.
|
|t:|1755204969
|move|p2a: Amoonguss|Rage Powder|p2a: Amoonguss
|-singleturn|p2a: Amoonguss|move: Rage Powder
|-curestatus|p2b: Garchomp|slp|[msg]
|move|p2b: Garchomp|Earthquake|p1a: Amoonguss|[spread] p2a,p1a,p1b
|-supereffective|p1b: Archaludon
|-damage|p2a: Amoonguss|10/100
|-damage|p1a: Amoonguss|0 fnt
|-damage|p1b: Archaludon|27/100
|-ability|p1b: Archaludon|Stamina|boost
|-boost|p1b: Archaludon|def|1
|faint|p1a: Amoonguss
|-damage|p2b: Garchomp|71/100|[from] item: Life Orb
|move|p1b: Archaludon|Dragon Pulse|p2a: Amoonguss
|-damage|p2a: Amoonguss|0 fnt
|faint|p2a: Amoonguss
|
|-weather|none
|upkeep
|
|t:|1755204982
|switch|p1a: Gholdengo|Gholdengo, L50|100/100
|switch|p2a: Tyranitar|Tyranitar, L50, F, tera:Flying|71/100
|-weather|Sandstorm|[from] ability: Sand Stream|[of] p2a: Tyranitar
|turn|9
|inactive|incartamene2etti has 30 seconds left.
|inactive|MELTEUSE has 30 seconds left.
|
|t:|1755205018
|switch|p1a: Pelipper|Pelipper, L50, F|95/100
|-weather|RainDance|[from] ability: Drizzle|[of] p1a: Pelipper
|move|p2b: Garchomp|Earthquake|p1a: Pelipper|[spread] p1b
|-immune|p2a: Tyranitar
|-immune|p1a: Pelipper
|-supereffective|p1b: Archaludon
|-damage|p1b: Archaludon|0 fnt
|faint|p1b: Archaludon
|-damage|p2b: Garchomp|61/100|[from] item: Life Orb
|move|p2a: Tyranitar|Rock Slide|p1a: Pelipper
|-supereffective|p1a: Pelipper
|-damage|p1a: Pelipper|0 fnt
|faint|p1a: Pelipper
|
|-weather|RainDance|[upkeep]
|upkeep
|-message|incartamene2etti forfeited.
|
|win|MELTEUSE
|raw|incartamene2etti's rating: 1238 → 1219(-19 for losing)
|raw|MELTEUSE's rating: 1318 → 1333(+15 for winning)
|l|☆MELTEUSE
|player|p2|
