|j|☆Kao Liang
|j|☆Vtl loser
|html|Kao LiangVtl loser    
|uhtml|bestof|Game 2 of a best-of-3
|t:|1785592738
|gametype|doubles
|player|p1|Kao Liang|kieran-champion|
|player|p2|Vtl loser|2|
|gen|9
|tier|[Gen 9 Champions] VGC 2026 Reg M-B (Bo3)
|rule|Species Clause: Limit one of each Pokémon
|rule|Item Clause: Limit 1 of each item
|clearpoke
|poke|p1|Swampert, L50, M|
|poke|p1|Archaludon, L50, F, shiny|
|poke|p1|Politoed, L50, F, shiny|
|poke|p1|Vivillon-Marine, L50, M|
|poke|p1|Incineroar, L50, F|
|poke|p1|Gengar, L50, F|
|poke|p2|Delphox, L50, F|
|poke|p2|Blastoise, L50, M|
|poke|p2|Sinistcha, L50|
|poke|p2|Sneasler, L50, M|
|poke|p2|Incineroar, L50, F|
|poke|p2|Kingambit, L50, M|
|teampreview|4
|showteam|p1|Swampert||Swampertite|Torrent|Protect,WaveCrash,Earthquake,IcePunch|Adamant||M|||50|]Archaludon||Leftovers|Stamina|Protect,ElectroShot,FlashCannon,DragonPulse|Bold||F|||50|]Politoed||SitrusBerry|Drizzle|Protect,WeatherBall,Encore,PerishSong|Calm||F|||50|]Vivillon-Marine||FocusSash|CompoundEyes|Protect,SleepPowder,RagePowder,Hurricane|Timid||M|||50|]Incineroar||PasshoBerry|Intimidate|Protect,PartingShot,FakeOut,ThroatChop|Impish||F|||50|]Gengar||Gengarite|CursedBody|Protect,ShadowBall,SludgeBomb,PerishSong|Modest||F|||50|
|showteam|p2|Delphox||Delphoxite|Blaze|Psyshock,HeatWave,NastyPlot,Protect|Timid||F|||50|]Blastoise||Blastoisinite|Torrent|WaterSpout,DarkPulse,ShellSmash,Protect|Modest||M|||50|]Sinistcha||ColburBerry|Hospitality|MatchaGotcha,RagePowder,TrickRoom,Protect|Bold|||||50|]Sneasler||FocusSash|PoisonTouch|DireClaw,CloseCombat,FakeOut,QuickGuard|Jolly||M|||50|]Incineroar||SitrusBerry|Intimidate|FlareBlitz,HelpingHand,PartingShot,FakeOut|Careful||F|||50|]Kingambit||LifeOrb|Defiant|KowtowCleave,SuckerPunch,SwordsDance,Protect|Adamant||M|||50|
|inactive|Battle timer is ON: inactive players will automatically lose when time's up. (requested by Kao Liang)
|j| Phoenix Burner
|j| Edward0516
|j| Mirrorer
|j| BenBen84
|j| nanahachisan
|j| 86test
|inactive|Kao Liang has 60 seconds left.
|
|t:|1785592777
|teamsize|p1|4
|teamsize|p2|4
|start
|switch|p1a: Gengar|Gengar, L50, F|100/100
|switch|p1b: Vivillon|Vivillon-Marine, L50, M|100/100
|switch|p2a: Sneasler|Sneasler, L50, M|100/100
|switch|p2b: Blastoise|Blastoise, L50, M|100/100
|turn|1
|
|t:|1785592793
|detailschange|p1a: Gengar|Gengar-Mega, L50, F
|-mega|p1a: Gengar|Gengar|Gengarite
|detailschange|p2b: Blastoise|Blastoise-Mega, L50, M
|-mega|p2b: Blastoise|Blastoise|Blastoisinite
|move|p2a: Sneasler|Fake Out|p1b: Vivillon
|-damage|p1b: Vivillon|71/100
|move|p1a: Gengar|Perish Song|p1a: Gengar
|-start|p1a: Gengar|perish3|[silent]
|-start|p1b: Vivillon|perish3|[silent]
|-start|p2a: Sneasler|perish3|[silent]
|-start|p2b: Blastoise|perish3|[silent]
|-fieldactivate|move: Perish Song
|cant|p1b: Vivillon|flinch
|move|p2b: Blastoise|Shell Smash|p2b: Blastoise
|-unboost|p2b: Blastoise|def|1
|-unboost|p2b: Blastoise|spd|1
|-boost|p2b: Blastoise|atk|2
|-boost|p2b: Blastoise|spa|2
|-boost|p2b: Blastoise|spe|2
|
|-start|p2b: Blastoise|perish3
|-start|p2a: Sneasler|perish3
|-start|p1a: Gengar|perish3
|-start|p1b: Vivillon|perish3
|upkeep
|turn|2
|
|t:|1785592813
|move|p1a: Gengar|Protect|p1a: Gengar
|-singleturn|p1a: Gengar|Protect
|move|p1b: Vivillon|Protect|p1b: Vivillon
|-singleturn|p1b: Vivillon|Protect
|move|p2b: Blastoise|Water Spout|p1a: Gengar|[spread] 
|-activate|p1a: Gengar|move: Protect
|-activate|p1b: Vivillon|move: Protect
|move|p2a: Sneasler|Dire Claw|p1a: Gengar
|-activate|p1a: Gengar|move: Protect
|
|-start|p2b: Blastoise|perish2
|-start|p2a: Sneasler|perish2
|-start|p1a: Gengar|perish2
|-start|p1b: Vivillon|perish2
|upkeep
|turn|3
|
|t:|1785592832
|switch|p1a: Archaludon|Archaludon, L50, F, shiny|100/100
|move|p1b: Vivillon|Rage Powder|p1b: Vivillon
|-singleturn|p1b: Vivillon|move: Rage Powder
|move|p2b: Blastoise|Water Spout|p1b: Vivillon|[spread] p1a,p1b
|-resisted|p1a: Archaludon|1
|-damage|p1a: Archaludon|34/100
|-damage|p1b: Vivillon|0 fnt
|-ability|p1a: Archaludon|Stamina|boost
|-boost|p1a: Archaludon|def|1
|faint|p1b: Vivillon
|move|p2a: Sneasler|Close Combat|p1a: Archaludon
|-supereffective|p1a: Archaludon|1
|-damage|p1a: Archaludon|0 fnt
|-unboost|p2a: Sneasler|def|1
|-unboost|p2a: Sneasler|spd|1
|faint|p1a: Archaludon
|
|-start|p2b: Blastoise|perish1
|-start|p2a: Sneasler|perish1
|upkeep
|j| charnizardnomiss
|j| Manimo_1126
|
|t:|1785592849
|switch|p1b: Gengar|Gengar-Mega, L50, F|100/100
|switch|p1a: Politoed|Politoed, L50, F, shiny|100/100
|-weather|RainDance|[from] ability: Drizzle|[of] p1a: Politoed
|turn|4
|
|t:|1785592857
|move|p1b: Gengar|Protect|p1b: Gengar
|-singleturn|p1b: Gengar|Protect
|move|p1a: Politoed|Protect|p1a: Politoed
|-singleturn|p1a: Politoed|Protect
|move|p2b: Blastoise|Water Spout|p1a: Politoed|[spread] 
|-activate|p1a: Politoed|move: Protect
|-activate|p1b: Gengar|move: Protect
|move|p2a: Sneasler|Dire Claw|p1b: Gengar
|-activate|p1b: Gengar|move: Protect
|
|-weather|RainDance|[upkeep]
|-start|p2b: Blastoise|perish0
|-start|p2a: Sneasler|perish0
|faint|p2b: Blastoise
|faint|p2a: Sneasler
|upkeep
|
|t:|1785592860
|switch|p2a: Kingambit|Kingambit, L50, M|100/100
|switch|p2b: Sinistcha|Sinistcha, L50|100/100
|turn|5
|j| sky yeh
|inactive|Kao Liang has 30 seconds left.
|inactive|Vtl loser has 30 seconds left.
|
|t:|1785592893
|move|p1b: Gengar|Protect||[still]
|-fail|p1b: Gengar
|move|p2a: Kingambit|Protect|p2a: Kingambit
|-singleturn|p2a: Kingambit|Protect
|move|p1a: Politoed|Weather Ball|p2a: Kingambit
|-activate|p2a: Kingambit|move: Protect
|move|p2b: Sinistcha|Trick Room|p2b: Sinistcha
|-fieldstart|move: Trick Room|[of] p2b: Sinistcha
|
|-weather|RainDance|[upkeep]
|upkeep
|turn|6
|
|t:|1785592903
|move|p1b: Gengar|Protect|p1b: Gengar
|-singleturn|p1b: Gengar|Protect
|move|p2a: Kingambit|Kowtow Cleave|p1a: Politoed
|-damage|p1a: Politoed|38/100
|-enditem|p1a: Politoed|Sitrus Berry|[eat]
|-heal|p1a: Politoed|63/100|[from] item: Sitrus Berry
|-damage|p2a: Kingambit|90/100|[from] item: Life Orb
|move|p2b: Sinistcha|Matcha Gotcha|p1a: Politoed|[spread] p1a
|-activate|p1b: Gengar|move: Protect
|-supereffective|p1a: Politoed|1
|-damage|p1a: Politoed|28/100
|move|p1a: Politoed|Perish Song|p1a: Politoed
|-start|p1a: Politoed|perish3|[silent]
|-start|p1b: Gengar|perish3|[silent]
|-start|p2a: Kingambit|perish3|[silent]
|-start|p2b: Sinistcha|perish3|[silent]
|-fieldactivate|move: Perish Song
|
|-weather|RainDance|[upkeep]
|-start|p2a: Kingambit|perish3
|-start|p1a: Politoed|perish3
|-start|p2b: Sinistcha|perish3
|-start|p1b: Gengar|perish3
|upkeep
|turn|7
|inactive|Vtl loser has 30 seconds left.
|
|t:|1785592934
|move|p1a: Politoed|Protect|p1a: Politoed
|-singleturn|p1a: Politoed|Protect
|move|p2a: Kingambit|Kowtow Cleave|p1a: Politoed
|-activate|p1a: Politoed|move: Protect
|move|p1b: Gengar|Shadow Ball|p2b: Sinistcha
|-supereffective|p2b: Sinistcha|1
|-damage|p2b: Sinistcha|8/100
|move|p2b: Sinistcha|Trick Room|p2b: Sinistcha
|-fieldend|move: Trick Room
|
|-weather|RainDance|[upkeep]
|-start|p1b: Gengar|perish2
|-start|p2b: Sinistcha|perish2
|-start|p1a: Politoed|perish2
|-start|p2a: Kingambit|perish2
|upkeep
|turn|8
|
|t:|1785592956
|move|p2a: Kingambit|Sucker Punch|p1b: Gengar
|-supereffective|p1b: Gengar|1
|-damage|p1b: Gengar|0 fnt
|faint|p1b: Gengar
|-damage|p2a: Kingambit|80/100|[from] item: Life Orb
|move|p2b: Sinistcha|Matcha Gotcha|p1a: Politoed
|-supereffective|p1a: Politoed|1
|-damage|p1a: Politoed|0 fnt
|-heal|p2b: Sinistcha|24/100|[from] drain|[of] p1a: Politoed
|faint|p1a: Politoed
|
|win|Vtl loser
||Kao Liang is ready for game 3.
||Vtl loser is ready for game 3.
|uhtml|next|Next: Game 3 of 3
|l| nanahachisan
|l| sky yeh
|l| Phoenix Burner
|l| Mirrorer
|l|☆Vtl loser
|player|p2|
|l| charnizardnomiss
|l| BenBen84
|l| 86test
|l| Edward0516
|l| Manimo_1126
|j|☆Vtl loser
|player|p2|Vtl loser|2|
|l|☆Vtl loser
|player|p2|
|j|☆Vtl loser
|player|p2|Vtl loser|2|
