|j|☆Mclovingods
|j|☆Squ1dge_
|html|MclovingodsSqu1dge_    
|uhtml|bestof|Game 3 of a best-of-3
|t:|1784088081
|gametype|doubles
|player|p1|Mclovingods|169|1294
|player|p2|Squ1dge_|170|1333
|gen|9
|tier|[Gen 9 Champions] VGC 2026 Reg M-B (Bo3)
|rated|
|rule|Species Clause: Limit one of each Pokémon
|rule|Item Clause: Limit 1 of each item
|clearpoke
|poke|p1|Delphox, L50, F|
|poke|p1|Sinistcha, L50|
|poke|p1|Incineroar, L50, F|
|poke|p1|Blastoise, L50, F|
|poke|p1|Kingambit, L50, F|
|poke|p1|Sneasler, L50, M|
|poke|p2|Venusaur, L50, M|
|poke|p2|Charizard, L50, M|
|poke|p2|Grimmsnarl, L50, M|
|poke|p2|Archaludon, L50, F|
|poke|p2|Basculegion, L50, M|
|poke|p2|Pelipper, L50, F|
|teampreview|4
|showteam|p1|Delphox||Delphoxite|Blaze|NastyPlot,HeatWave,Psychic,Protect|Timid||F|||50|]Sinistcha||CobaBerry|Hospitality|MatchaGotcha,RagePowder,LifeDew,TrickRoom|Calm|||||50|]Incineroar||SitrusBerry|Intimidate|FakeOut,PartingShot,FlareBlitz,Taunt|Impish||F|||50|]Blastoise||Blastoisinite|Torrent|WaterSpout,DarkPulse,Protect,ShellSmash|Modest||F|||50|]Kingambit||LifeOrb|Defiant|Protect,SwordsDance,SuckerPunch,KowtowCleave|Adamant||F|||50|]Sneasler||WhiteHerb|Unburden|FakeOut,CloseCombat,DireClaw,Protect|Jolly||M|||50|
|showteam|p2|Venusaur||FocusSash|Chlorophyll|SludgeBomb,EarthPower,SleepPowder,Protect|Modest||M|||50|]Charizard||CharizarditeY|Blaze|Protect,HeatWave,SolarBeam,WeatherBall|Modest||M|||50|]Grimmsnarl||LightClay|Prankster|SpiritBreak,LightScreen,Reflect,PartingShot|Sassy||M|||50|]Archaludon||Leftovers|Stamina|ElectroShot,DragonPulse,FlashCannon,Protect|Calm||F|||50|]Basculegion||ChoiceScarf|Adaptability|WaveCrash,LastRespects,AquaJet,FlipTurn|Jolly||M|||50|]Pelipper||SitrusBerry|Drizzle|Hurricane,WeatherBall,Tailwind,WideGuard|Modest||F|||50|
|inactive|Battle timer is ON: inactive players will automatically lose when time's up. (requested by Mclovingods)
|
|t:|1784088104
|teamsize|p1|4
|teamsize|p2|4
|start
|switch|p1a: Kingambit|Kingambit, L50, F|100/100
|switch|p1b: Blastoise|Blastoise, L50, F|100/100
|switch|p2a: Venusaur|Venusaur, L50, M|100/100
|switch|p2b: Charizard|Charizard, L50, M|100/100
|turn|1
|inactive|Squ1dge_ has 30 seconds left.
|
|t:|1784088129
|detailschange|p2b: Charizard|Charizard-Mega-Y, L50, M
|-mega|p2b: Charizard|Charizard|Charizardite Y
|-weather|SunnyDay|[from] ability: Drought|[of] p2b: Charizard
|detailschange|p1b: Blastoise|Blastoise-Mega, L50, F
|-mega|p1b: Blastoise|Blastoise|Blastoisinite
|move|p1b: Blastoise|Protect|p1b: Blastoise
|-singleturn|p1b: Blastoise|Protect
|move|p1a: Kingambit|Protect|p1a: Kingambit
|-singleturn|p1a: Kingambit|Protect
|move|p2a: Venusaur|Sleep Powder|p1b: Blastoise
|-activate|p1b: Blastoise|move: Protect
|move|p2b: Charizard|Heat Wave|p1b: Blastoise|[spread] 
|-activate|p1a: Kingambit|move: Protect
|-activate|p1b: Blastoise|move: Protect
|
|-weather|SunnyDay|[upkeep]
|upkeep
|turn|2
|inactive|Mclovingods has 30 seconds left.
|
|t:|1784088163
|switch|p1a: Sneasler|Sneasler, L50, M|100/100
|move|p2a: Venusaur|Sleep Powder|p1b: Blastoise
|-status|p1b: Blastoise|slp|[from] move: Sleep Powder
|move|p2b: Charizard|Weather Ball|p1a: Sneasler
|-damage|p1a: Sneasler|0 fnt
|faint|p1a: Sneasler
|cant|p1b: Blastoise|slp
|
|-weather|SunnyDay|[upkeep]
|upkeep
|j| creed revival tour
|
|t:|1784088170
|switch|p1a: Kingambit|Kingambit, L50, F|100/100
|turn|3
|
|t:|1784088181
|move|p1a: Kingambit|Protect|p1a: Kingambit
|-singleturn|p1a: Kingambit|Protect
|move|p2a: Venusaur|Sludge Bomb|p1b: Blastoise
|-damage|p1b: Blastoise|53/100 slp
|move|p2b: Charizard|Heat Wave|p1b: Blastoise|[spread] p1b
|-activate|p1a: Kingambit|move: Protect
|-resisted|p1b: Blastoise|1
|-damage|p1b: Blastoise|23/100 slp
|-curestatus|p1b: Blastoise|slp|[msg]
|move|p1b: Blastoise|Water Spout|p2b: Charizard|[spread] p2a,p2b
|-resisted|p2a: Venusaur|1
|-supereffective|p2b: Charizard|1
|-damage|p2a: Venusaur|96/100
|-damage|p2b: Charizard|88/100
|
|-weather|SunnyDay|[upkeep]
|upkeep
|turn|4
|
|t:|1784088196
|move|p1b: Blastoise|Protect|p1b: Blastoise
|-singleturn|p1b: Blastoise|Protect
|move|p1a: Kingambit|Sucker Punch|p2a: Venusaur
|-damage|p2a: Venusaur|29/100
|-damage|p1a: Kingambit|90/100|[from] item: Life Orb
|move|p2a: Venusaur|Earth Power|p1a: Kingambit
|-supereffective|p1a: Kingambit|1
|-damage|p1a: Kingambit|28/100
|move|p2b: Charizard|Heat Wave|p1b: Blastoise|[spread] p1a
|-activate|p1b: Blastoise|move: Protect
|-supereffective|p1a: Kingambit|1
|-damage|p1a: Kingambit|0 fnt
|faint|p1a: Kingambit
|
|-weather|SunnyDay|[upkeep]
|upkeep
|
|t:|1784088201
|switch|p1a: Sinistcha|Sinistcha, L50|100/100
|-heal|p1b: Blastoise|48/100|[from] ability: Hospitality|[of] p1a: Sinistcha
|turn|5
|-message|Mclovingods forfeited.
|
|win|Squ1dge_
|raw|Mclovingods's rating: 1294 → 1272(-22 for losing)
|raw|Squ1dge_'s rating: 1333 → 1351(+18 for winning)
|l|☆Mclovingods
|player|p1|
