|j|☆coutsAF
|j|☆namboyVGC
|html|coutsAFnamboyVGC    
|uhtml|bestof|Game 1 of a best-of-3
|t:|1784838230
|gametype|doubles
|player|p1|coutsAF|swimmer|1074
|player|p2|namboyVGC|pokemonranger-gen4|1128
|gen|9
|tier|[Gen 9 Champions] VGC 2026 Reg M-B (Bo3)
|rated|
|rule|Species Clause: Limit one of each Pokémon
|rule|Item Clause: Limit 1 of each item
|clearpoke
|poke|p1|Farigiraf, L50, M|
|poke|p1|Primarina, L50, F|
|poke|p1|Sneasler, L50, M|
|poke|p1|Camerupt, L50, F|
|poke|p1|Garchomp, L50, M|
|poke|p1|Froslass, L50, F|
|poke|p2|Swampert, L50, M|
|poke|p2|Pelipper, L50, F|
|poke|p2|Archaludon, L50, M|
|poke|p2|Maushold, L50|
|poke|p2|Sinistcha-Masterpiece, L50|
|poke|p2|Grimmsnarl, L50, M|
|teampreview|4
|showteam|p1|Farigiraf||SitrusBerry|ArmorTail|TrickRoom,Psychic,EnergyBall,Protect|Serious||M|||50|]Primarina||MysticWater|LiquidVoice|HyperVoice,Protect,DrainingKiss,LifeDew|Quiet||F|||50|]Sneasler||FocusSash|PoisonTouch|FakeOut,QuickGuard,CloseCombat,DireClaw|Jolly||M|||50|]Camerupt||Cameruptite|MagmaArmor|Eruption,EarthPower,HeatWave,Protect|Quiet||F|||50|]Garchomp||LifeOrb|RoughSkin|Earthquake,RockSlide,DragonClaw,Protect|Jolly||M|||50|]Froslass||Froslassite|SnowCloak|Blizzard,AuroraVeil,ShadowBall,Protect|Timid||F|||50|
|showteam|p2|Swampert||Swampertite|Damp|WaveCrash,HighHorsepower,IcePunch,Protect|Adamant||M|||50|]Pelipper||FocusSash|Drizzle|WeatherBall,Hurricane,Tailwind,Protect|Modest||F|||50|]Archaludon||Leftovers|Stamina|DragonPulse,ElectroShot,FlashCannon,Protect|Calm||M|||50|]Maushold||WideLens|Technician|PopulationBomb,FollowMe,RainDance,Protect|Jolly|||||50|]Sinistcha-Masterpiece||SitrusBerry|Hospitality|MatchaGotcha,LifeDew,TrickRoom,RagePowder|Bold|||||50|]Grimmsnarl||LightClay|Prankster|SpiritBreak,LightScreen,Reflect,PartingShot|Sassy||M|||50|
|inactive|Battle timer is ON: inactive players will automatically lose when time's up. (requested by namboyVGC)
|inactive|coutsAF has 60 seconds left.
|inactive|namboyVGC has 60 seconds left.
|inactive|coutsAF has 30 seconds left.
|
|t:|1784838295
|teamsize|p1|4
|teamsize|p2|4
|start
|switch|p1a: GODBODY|Farigiraf, L50, M|100/100
|switch|p1b: GTS|Sneasler, L50, M|100/100
|switch|p2a: Pelipper|Pelipper, L50, F|100/100
|switch|p2b: Archaludon|Archaludon, L50, M|100/100
|-weather|RainDance|[from] ability: Drizzle|[of] p2a: Pelipper
|turn|1
|
|t:|1784838315
|switch|p2a: Maushold|Maushold, L50|100/100
|move|p2b: Archaludon|Protect|p2b: Archaludon
|-singleturn|p2b: Archaludon|Protect
|move|p1a: GODBODY|Protect|p1a: GODBODY
|-singleturn|p1a: GODBODY|Protect
|move|p1b: GTS|Dire Claw|p2a: Maushold
|-damage|p2a: Maushold|36/100
|
|-weather|RainDance|[upkeep]
|upkeep
|turn|2
|inactive|coutsAF has 30 seconds left.
|
|t:|1784838343
|switch|p1a: Garchomp|Garchomp, L50, M|100/100
|move|p1b: GTS|Close Combat|p2b: Archaludon
|-supereffective|p2b: Archaludon|1
|-damage|p2b: Archaludon|14/100
|-unboost|p1b: GTS|def|1
|-unboost|p1b: GTS|spd|1
|-ability|p2b: Archaludon|Stamina|boost
|-boost|p2b: Archaludon|def|1
|move|p2a: Maushold|Population Bomb|p1a: Garchomp
|-damage|p1a: Garchomp|88/100
|-damage|p2a: Maushold|24/100|[from] ability: Rough Skin|[of] p1a: Garchomp
|-damage|p1a: Garchomp|78/100
|-damage|p2a: Maushold|12/100|[from] ability: Rough Skin|[of] p1a: Garchomp
|-crit|p1a: Garchomp
|-damage|p1a: Garchomp|60/100
|-damage|p2a: Maushold|1/100|[from] ability: Rough Skin|[of] p1a: Garchomp
|-damage|p1a: Garchomp|50/100g
|-damage|p2a: Maushold|0 fnt|[from] ability: Rough Skin|[of] p1a: Garchomp
|faint|p2a: Maushold
|-hitcount|p1a: Garchomp|4
|move|p2b: Archaludon|Electro Shot||[still]
|-prepare|p2b: Archaludon|Electro Shot
|-boost|p2b: Archaludon|spa|1
|-anim|p2b: Archaludon|Electro Shot|p1a: Garchomp
|-immune|p1a: Garchomp
|
|-weather|RainDance|[upkeep]
|-heal|p2b: Archaludon|20/100y|[from] item: Leftovers
|upkeep
|inactive|namboyVGC has 30 seconds left.
|
|t:|1784838374
|switch|p2a: Pelipper|Pelipper, L50, F|100/100
|turn|3
|
|t:|1784838394
|move|p1b: GTS|Dire Claw|p2a: Pelipper
|-damage|p2a: Pelipper|48/100
|move|p1a: Garchomp|Rock Slide|p2b: Archaludon|[spread] p2a,p2b
|-supereffective|p2a: Pelipper|1
|-resisted|p2b: Archaludon|1
|-damage|p2a: Pelipper|0 fnt
|-damage|p2b: Archaludon|13/100
|-ability|p2b: Archaludon|Stamina|boost
|-boost|p2b: Archaludon|def|1
|faint|p2a: Pelipper
|-damage|p1a: Garchomp|40/100|[from] item: Life Orb
|move|p2b: Archaludon|Electro Shot||[still]
|-prepare|p2b: Archaludon|Electro Shot
|-boost|p2b: Archaludon|spa|1
|-anim|p2b: Archaludon|Electro Shot|p1b: GTS
|-enditem|p1b: GTS|Focus Sash
|-damage|p1b: GTS|1/100
|
|-weather|RainDance|[upkeep]
|-heal|p2b: Archaludon|19/100|[from] item: Leftovers
|upkeep
|
|t:|1784838413
|switch|p2a: Swampert|Swampert, L50, M|100/100
|turn|4
|
|t:|1784838435
|detailschange|p2a: Swampert|Swampert-Mega, L50, M
|-mega|p2a: Swampert|Swampert|Swampertite
|move|p2b: Archaludon|Protect|p2b: Archaludon
|-singleturn|p2b: Archaludon|Protect
|move|p2a: Swampert|Ice Punch|p1b: GTS
|-damage|p1b: GTS|0 fnt
|faint|p1b: GTS
|move|p1a: Garchomp|Earthquake|p2a: Swampert|[spread] p2a
|-activate|p2b: Archaludon|move: Protect
|-damage|p2a: Swampert|57/100
|-damage|p1a: Garchomp|30/100|[from] item: Life Orb
|
|-weather|RainDance|[upkeep]
|-heal|p2b: Archaludon|26/100|[from] item: Leftovers
|upkeep
|inactive|coutsAF has 30 seconds left.
|
|t:|1784838466
|switch|p1b: Froslass|Froslass, L50, F|100/100
|turn|5
|
|t:|1784838480
|detailschange|p1b: Froslass|Froslass-Mega, L50, F
|-mega|p1b: Froslass|Froslass|Froslassite
|-weather|Snowscape|[from] ability: Snow Warning|[of] p1b: Froslass
|move|p1a: Garchomp|Protect|p1a: Garchomp
|-singleturn|p1a: Garchomp|Protect
|move|p1b: Froslass|Aurora Veil|p1b: Froslass
|-sidestart|p1: coutsAF|move: Aurora Veil
|move|p2a: Swampert|Ice Punch|p1a: Garchomp
|-activate|p1a: Garchomp|move: Protect
|move|p2b: Archaludon|Flash Cannon|p1b: Froslass
|-supereffective|p1b: Froslass|1
|-damage|p1b: Froslass|0 fnt
|faint|p1b: Froslass
|
|-weather|Snowscape|[upkeep]
|-heal|p2b: Archaludon|32/100|[from] item: Leftovers
|upkeep
|
|t:|1784838494
|switch|p1b: GODBODY|Farigiraf, L50, M|100/100
|turn|6
|
|t:|1784838501
|move|p2b: Archaludon|Protect|p2b: Archaludon
|-singleturn|p2b: Archaludon|Protect
|move|p1a: Garchomp|Dragon Claw|p2b: Archaludon
|-activate|p2b: Archaludon|move: Protect
|move|p2a: Swampert|Ice Punch|p1a: Garchomp
|-supereffective|p1a: Garchomp|2
|-damage|p1a: Garchomp|0 fnt
|-damage|p2a: Swampert|44/100|[from] ability: Rough Skin|[of] p1a: Garchomp
|faint|p1a: Garchomp
|move|p1b: GODBODY|Energy Ball|p2a: Swampert
|-supereffective|p2a: Swampert|2
|-damage|p2a: Swampert|0 fnt
|faint|p2a: Swampert
|
|-weather|Snowscape|[upkeep]
|-heal|p2b: Archaludon|38/100|[from] item: Leftovers
|upkeep
|turn|7
|inactive|coutsAF has 30 seconds left.
|
|t:|1784838526
|move|p2b: Archaludon|Dragon Pulse|p1b: GODBODY
|-damage|p1b: GODBODY|46/100
|-enditem|p1b: GODBODY|Sitrus Berry|[eat]
|-heal|p1b: GODBODY|70/100|[from] item: Sitrus Berry
|move|p1b: GODBODY|Psychic|p2b: Archaludon
|-resisted|p2b: Archaludon|1
|-damage|p2b: Archaludon|17/100
|-unboost|p2b: Archaludon|spd|1
|-ability|p2b: Archaludon|Stamina|boost
|-boost|p2b: Archaludon|def|1
|
|-weather|Snowscape|[upkeep]
|-heal|p2b: Archaludon|23/100|[from] item: Leftovers
|upkeep
|turn|8
|
|t:|1784838539
|move|p2b: Archaludon|Protect|p2b: Archaludon
|-singleturn|p2b: Archaludon|Protect
|move|p1b: GODBODY|Psychic|p2b: Archaludon
|-activate|p2b: Archaludon|move: Protect
|
|-weather|Snowscape|[upkeep]
|-heal|p2b: Archaludon|29/100|[from] item: Leftovers
|upkeep
|turn|9
|
|t:|1784838549
|move|p2b: Archaludon|Dragon Pulse|p1b: GODBODY
|-damage|p1b: GODBODY|25/100
|move|p1b: GODBODY|Psychic|p2b: Archaludon
|-resisted|p2b: Archaludon|1
|-damage|p2b: Archaludon|2/100
|-ability|p2b: Archaludon|Stamina|boost
|-boost|p2b: Archaludon|def|1
|
|-weather|none
|-heal|p2b: Archaludon|8/100|[from] item: Leftovers
|-sideend|p1: coutsAF|move: Aurora Veil
|upkeep
|turn|10
|
|t:|1784838560
|move|p2b: Archaludon|Dragon Pulse|p1b: GODBODY
|-damage|p1b: GODBODY|0 fnt
|faint|p1b: GODBODY
|
|win|namboyVGC
