|j|☆SupernovaSZ8
|j|☆hrqerthallegal
|html|SupernovaSZ8hrqerthallegal    
|uhtml|bestof|Game 1 of a best-of-3
|t:|1783635855
|gametype|doubles
|player|p1|SupernovaSZ8|canari|1187
|player|p2|hrqerthallegal|cilan|1025
|gen|9
|tier|[Gen 9 Champions] VGC 2026 Reg M-B (Bo3)
|rated|
|rule|Species Clause: Limit one of each Pokémon
|rule|Item Clause: Limit 1 of each item
|clearpoke
|poke|p1|Gengar, L50, M|
|poke|p1|Incineroar, L50, F|
|poke|p1|Politoed, L50, M|
|poke|p1|Swampert, L50, F|
|poke|p1|Archaludon, L50, F, shiny|
|poke|p1|Sinistcha-Masterpiece, L50|
|poke|p2|Gardevoir, L50, M, shiny|
|poke|p2|Aerodactyl, L50, F|
|poke|p2|Maushold, L50|
|poke|p2|Ninetales-Alola, L50, F, shiny|
|poke|p2|Mamoswine, L50, F|
|poke|p2|Goodra-Hisui, L50, F|
|teampreview|4
|showteam|p1|Gengar||Gengarite|CursedBody|PerishSong,Protect,Substitute,ShadowBall|Modest||M|||50|]Incineroar||PasshoBerry|Intimidate|FakeOut,PartingShot,DarkestLariat,Protect|Relaxed||F|||50|]Politoed||SitrusBerry|Drizzle|WeatherBall,Encore,Protect,PerishSong|Calm||M|||50|]Swampert||Swampertite|Torrent|WaveCrash,HighHorsepower,IcePunch,Protect|Adamant||F|||50|]Archaludon||Magnet|Sturdy|ElectroShot,FlashCannon,DragonPulse,Protect|Timid||F|||50|]Sinistcha-Masterpiece||ColburBerry|Hospitality|MatchaGotcha,RagePowder,Protect,TrickRoom|Sassy|||||50|
|showteam|p2|Gardevoir||Gardevoirite|Trace|HyperVoice,Protect,CalmMind,Psychic|Timid||M|||50|]Aerodactyl||Aerodactylite|Unnerve|Tailwind,RockSlide,DualWingbeat,Protect|Jolly||F|||50|]Maushold||FocusSash|FriendGuard|Feint,SuperFang,FollowMe,AfterYou|Jolly|||||50|]Ninetales-Alola||LightClay|SnowWarning|AuroraVeil,Blizzard,Encore,Protect|Timid||F|||50|]Mamoswine||ChoiceScarf|ThickFat|Earthquake,IcicleCrash,RockSlide,HighHorsepower|Jolly||F|||50|]Goodra-Hisui||SitrusBerry|Gooey|SteelBeam,DracoMeteor,ChillingWater,SludgeBomb|Modest||F|||50|
|
|t:|1783635907
|teamsize|p1|4
|teamsize|p2|4
|start
|switch|p1a: Gengar|Gengar, L50, M|100/100
|switch|p1b: Incineroar|Incineroar, L50, F|100/100
|switch|p2a: Maushold|Maushold, L50|100/100
|switch|p2b: Ninetales|Ninetales-Alola, L50, F, shiny|100/100
|-weather|Snowscape|[from] ability: Snow Warning|[of] p2b: Ninetales
|-ability|p1b: Incineroar|Intimidate|boost
|-unboost|p2a: Maushold|atk|1
|-unboost|p2b: Ninetales|atk|1
|turn|1
|
|t:|1783635922
|detailschange|p1a: Gengar|Gengar-Mega, L50, M
|-mega|p1a: Gengar|Gengar|Gengarite
|move|p1b: Incineroar|Fake Out|p2b: Ninetales
|-damage|p2b: Ninetales|92/100
|move|p2a: Maushold|Follow Me|p2a: Maushold
|-singleturn|p2a: Maushold|move: Follow Me
|cant|p2b: Ninetales|flinch
|move|p1a: Gengar|Perish Song|p1a: Gengar
|-start|p1a: Gengar|perish3|[silent]
|-start|p1b: Incineroar|perish3|[silent]
|-start|p2a: Maushold|perish3|[silent]
|-start|p2b: Ninetales|perish3|[silent]
|-fieldactivate|move: Perish Song
|
|-weather|Snowscape|[upkeep]
|-start|p2a: Maushold|perish3
|-start|p2b: Ninetales|perish3
|-start|p1a: Gengar|perish3
|-start|p1b: Incineroar|perish3
|upkeep
|turn|2
|
|t:|1783635942
|move|p1a: Gengar|Protect|p1a: Gengar
|-singleturn|p1a: Gengar|Protect
|move|p1b: Incineroar|Protect|p1b: Incineroar
|-singleturn|p1b: Incineroar|Protect
|move|p2a: Maushold|Follow Me|p2a: Maushold
|-singleturn|p2a: Maushold|move: Follow Me
|move|p2b: Ninetales|Aurora Veil|p2b: Ninetales
|-sidestart|p2: hrqerthallegal|move: Aurora Veil
|
|-weather|Snowscape|[upkeep]
|-start|p2a: Maushold|perish2
|-start|p2b: Ninetales|perish2
|-start|p1a: Gengar|perish2
|-start|p1b: Incineroar|perish2
|upkeep
|turn|3
|
|t:|1783635970
|move|p2a: Maushold|Super Fang|p1b: Incineroar
|-damage|p1b: Incineroar|50/100g
|move|p2b: Ninetales|Blizzard|p1a: Gengar|[spread] p1a,p1b
|-resisted|p1b: Incineroar|1
|-damage|p1a: Gengar|63/100
|-damage|p1b: Incineroar|37/100
|move|p1a: Gengar|Substitute|p1a: Gengar
|-start|p1a: Gengar|Substitute
|-damage|p1a: Gengar|38/100
|move|p1b: Incineroar|Parting Shot|p2b: Ninetales
|-unboost|p2b: Ninetales|atk|1
|-unboost|p2b: Ninetales|spa|1
|
|t:|1783635979
|switch|p1b: Sinistcha|Sinistcha-Masterpiece, L50|100/100|[from] Parting Shot
|-heal|p1a: Gengar|63/100|[from] ability: Hospitality|[of] p1b: Sinistcha
|
|-weather|Snowscape|[upkeep]
|-start|p2a: Maushold|perish1
|-start|p2b: Ninetales|perish1
|-start|p1a: Gengar|perish1
|upkeep
|turn|4
|
|t:|1783636008
|switch|p1a: Incineroar|Incineroar, L50, F|37/100
|-ability|p1a: Incineroar|Intimidate|boost
|-unboost|p2a: Maushold|atk|1
|-unboost|p2b: Ninetales|atk|1
|move|p2a: Maushold|After You|p2b: Ninetales
|-activate|p2b: Ninetales|move: After You
|move|p2b: Ninetales|Blizzard|p1a: Incineroar|[spread] p1a,p1b
|-resisted|p1a: Incineroar|1
|-supereffective|p1b: Sinistcha|1
|-damage|p1a: Incineroar|28/100
|-damage|p1b: Sinistcha|61/100
|move|p1b: Sinistcha|Trick Room|p1b: Sinistcha
|-fieldstart|move: Trick Room|[of] p1b: Sinistcha
|
|-weather|Snowscape|[upkeep]
|-start|p2b: Ninetales|perish0
|-start|p2a: Maushold|perish0
|faint|p2b: Ninetales
|faint|p2a: Maushold
|upkeep
|
|t:|1783636023
|switch|p2b: Gardevoir|Gardevoir, L50, M, shiny|100/100
|switch|p2a: Goodra|Goodra-Hisui, L50, F|100/100
|-ability|p2b: Gardevoir|Intimidate|Trace|[from] ability: Trace|[of] p1a: Incineroar
|-ability|p2b: Gardevoir|Intimidate|boost
|-unboost|p1a: Incineroar|atk|1
|-unboost|p1b: Sinistcha|atk|1
|turn|5
|
|t:|1783636053
|detailschange|p2b: Gardevoir|Gardevoir-Mega, L50, M, shiny
|-mega|p2b: Gardevoir|Gardevoir|Gardevoirite
|move|p1a: Incineroar|Parting Shot|p2b: Gardevoir
|-unboost|p2b: Gardevoir|atk|1
|-unboost|p2b: Gardevoir|spa|1
|
|t:|1783636056
|switch|p1a: Politoed|Politoed, L50, M|100/100|[from] Parting Shot
|-weather|RainDance|[from] ability: Drizzle|[of] p1a: Politoed
|move|p2a: Goodra|Chilling Water|p1a: Politoed
|-resisted|p1a: Politoed|1
|-damage|p1a: Politoed|91/100
|-unboost|p1a: Politoed|atk|1
|move|p1b: Sinistcha|Matcha Gotcha|p2a: Goodra|[spread] p2a,p2b
|-resisted|p2a: Goodra|2
|-damage|p2a: Goodra|97/100
|-heal|p1b: Sinistcha|63/100|[from] drain|[of] p2a: Goodra
|-damage|p2b: Gardevoir|84/100
|-heal|p1b: Sinistcha|70/100|[from] drain|[of] p2b: Gardevoir
|-status|p2a: Goodra|brn
|move|p2b: Gardevoir|Calm Mind|p2b: Gardevoir
|-boost|p2b: Gardevoir|spa|1
|-boost|p2b: Gardevoir|spd|1
|
|-weather|RainDance|[upkeep]
|-damage|p2a: Goodra|91/100 brn|[from] brn
|upkeep
|turn|6
|
|t:|1783636093
|move|p1b: Sinistcha|Rage Powder|p1b: Sinistcha
|-singleturn|p1b: Sinistcha|move: Rage Powder
|move|p2a: Goodra|Sludge Bomb|p1b: Sinistcha
|-damage|p1b: Sinistcha|42/100
|move|p1a: Politoed|Perish Song|p1a: Politoed
|-start|p1a: Politoed|perish3|[silent]
|-start|p1b: Sinistcha|perish3|[silent]
|-start|p2a: Goodra|perish3|[silent]
|-start|p2b: Gardevoir|perish3|[silent]
|-fieldactivate|move: Perish Song
|move|p2b: Gardevoir|Calm Mind|p2b: Gardevoir
|-boost|p2b: Gardevoir|spa|1
|-boost|p2b: Gardevoir|spd|1
|
|-weather|RainDance|[upkeep]
|-damage|p2a: Goodra|85/100 brn|[from] brn
|-start|p2a: Goodra|perish3
|-start|p1b: Sinistcha|perish3
|-start|p1a: Politoed|perish3
|-start|p2b: Gardevoir|perish3
|upkeep
|turn|7
|
|t:|1783636118
|move|p1b: Sinistcha|Protect|p1b: Sinistcha
|-singleturn|p1b: Sinistcha|Protect
|move|p2a: Goodra|Sludge Bomb|p1b: Sinistcha
|-activate|p1b: Sinistcha|move: Protect
|move|p1a: Politoed|Encore|p2b: Gardevoir
|-start|p2b: Gardevoir|Encore
|move|p2b: Gardevoir|Calm Mind|p2b: Gardevoir
|-boost|p2b: Gardevoir|spa|1
|-boost|p2b: Gardevoir|spd|1
|
|-weather|RainDance|[upkeep]
|-damage|p2a: Goodra|79/100 brn|[from] brn
|-start|p2a: Goodra|perish2
|-start|p1b: Sinistcha|perish2
|-start|p1a: Politoed|perish2
|-start|p2b: Gardevoir|perish2
|upkeep
|turn|8
|-message|hrqerthallegal forfeited.
|raw|SupernovaSZ8's rating: 1187 → 1201(+14 for winning)
|raw|hrqerthallegal's rating: 1025 → 1017(-8 for losing)
|
|win|SupernovaSZ8
