|j|☆smalltownkirlia
|j|☆chaoticfarmer
|html|smalltownkirliachaoticfarmer    
|uhtml|bestof|Game 1 of a best-of-3
|t:|1757640229
|gametype|doubles
|player|p1|smalltownkirlia|whitney|1141
|player|p2|chaoticfarmer|norman|1312
|gen|9
|tier|[Gen 9] VGC 2025 Reg H (Bo3)
|rated|
|rule|Species Clause: Limit one of each Pokémon
|rule|Item Clause: Limit 1 of each item
|clearpoke
|poke|p1|Dragonite, L50, F|
|poke|p1|Ursaluna-Bloodmoon, L50, M|
|poke|p1|Gholdengo, L50|
|poke|p1|Maushold-Four, L50|
|poke|p1|Annihilape, L50, F|
|poke|p1|Rillaboom, L50, F|
|poke|p2|Rillaboom, L50, M|
|poke|p2|Pelipper, L50, M|
|poke|p2|Sneasler, L50, F|
|poke|p2|Cetitan, L50, F|
|poke|p2|Malamar, L50, F|
|poke|p2|Ursaluna-Bloodmoon, L50, M|
|teampreview|4
|showteam|p1|Dragonite||LoadedDice|Multiscale|ScaleShot,Tailwind,Haze,Protect|||F|||50|,,,,,Fairy]Ursaluna-Bloodmoon||AssaultVest|MindsEye|BloodMoon,EarthPower,HyperVoice,VacuumWave|||M|||50|,,,,,Water]Gholdengo||LifeOrb|GoodasGold|MakeItRain,ShadowBall,NastyPlot,Protect||||||50|,,,,,Dragon]Maushold-Four||FocusSash|FriendGuard|Taunt,FollowMe,BeatUp,Protect||||||50|,,,,,Ghost]Annihilape||SitrusBerry|Defiant|RageFist,DrainPunch,BulkUp,Protect|||F|||50|,,,,,Fire]Rillaboom||MiracleSeed|GrassySurge|WoodHammer,GrassyGlide,HighHorsepower,FakeOut|||F|||50|,,,,,Fire
|showteam|p2|Rillaboom||AssaultVest|GrassySurge|FakeOut,GrassyGlide,WoodHammer,Uturn|||M|||50|,,,,,Fire]Pelipper||FocusSash|Drizzle|Tailwind,Hurricane,WideGuard,WeatherBall|||M|||50|,,,,,Ghost]Sneasler||GrassySeed|Unburden|CloseCombat,DireClaw,ThroatChop,Protect|||F|||50|,,,,,Dark]Cetitan||LifeOrb|SheerForce|IcicleCrash,Liquidation,IceShard,Protect|||F|||50|,,,,,Water]Malamar||CovertCloak|Contrary|TopsyTurvy,KnockOff,Superpower,TrickRoom|||F|||50|,,,,,Steel]Ursaluna-Bloodmoon||SafetyGoggles|MindsEye|BloodMoon,HyperVoice,EarthPower,Protect|||M|||50|,,,,,Ghost
|inactive|Battle timer is ON: inactive players will automatically lose when time's up. (requested by smalltownkirlia)
|inactive|chaoticfarmer also wants the timer to be on.
|inactive|smalltownkirlia has 60 seconds left.
|inactive|chaoticfarmer has 60 seconds left.
|inactive|smalltownkirlia has 30 seconds left.
|inactive|smalltownkirlia has 20 seconds left.
|inactive|smalltownkirlia has 15 seconds left.
|inactive|smalltownkirlia has 10 seconds left.
|
|t:|1757640311
|teamsize|p1|4
|teamsize|p2|4
|start
|switch|p1a: Dragonite|Dragonite, L50, F|100/100
|switch|p1b: Ursaluna|Ursaluna-Bloodmoon, L50, M|100/100
|switch|p2a: Rillaboom|Rillaboom, L50, M|100/100
|switch|p2b: Sneasler|Sneasler, L50, F|100/100
|-fieldstart|move: Grassy Terrain|[from] ability: Grassy Surge|[of] p2a: Rillaboom
|-enditem|p2b: Sneasler|Grassy Seed
|-boost|p2b: Sneasler|def|1|[from] item: Grassy Seed
|turn|1
|inactive|chaoticfarmer has 30 seconds left.
|inactive|chaoticfarmer has 20 seconds left.
|
|t:|1757640351
|move|p2b: Sneasler|Dire Claw|p1a: Dragonite
|-damage|p1a: Dragonite|74/100
|move|p1a: Dragonite|Scale Shot|p2b: Sneasler
|-damage|p2b: Sneasler|82/100
|-damage|p2b: Sneasler|66/100
|-damage|p2b: Sneasler|50/100
|-damage|p2b: Sneasler|32/100
|-damage|p2b: Sneasler|14/100
|-hitcount|p2b: Sneasler|5
|-unboost|p1a: Dragonite|def|1
|-boost|p1a: Dragonite|spe|1
|move|p2a: Rillaboom|Wood Hammer|p1b: Ursaluna
|-supereffective|p1b: Ursaluna
|-damage|p1b: Ursaluna|0 fnt
|faint|p1b: Ursaluna
|-damage|p2a: Rillaboom|63/100|[from] Recoil
|
|-heal|p2b: Sneasler|20/100|[from] Grassy Terrain
|-heal|p2a: Rillaboom|69/100|[from] Grassy Terrain
|upkeep
|
|t:|1757640362
|switch|p1b: Maushold|Maushold-Four, L50|100/100
|turn|2
|inactive|chaoticfarmer has 30 seconds left.
|inactive|chaoticfarmer has 20 seconds left.
|
|t:|1757640399
|move|p1b: Maushold|Follow Me|p1b: Maushold
|-singleturn|p1b: Maushold|move: Follow Me
|move|p2b: Sneasler|Dire Claw|p1b: Maushold
|-damage|p1b: Maushold|44/100
|move|p1a: Dragonite|Scale Shot|p2a: Rillaboom
|-crit|p2a: Rillaboom
|-damage|p2a: Rillaboom|49/100
|-damage|p2a: Rillaboom|33/100
|-damage|p2a: Rillaboom|20/100
|-damage|p2a: Rillaboom|6/100
|-damage|p2a: Rillaboom|0 fnt
|faint|p2a: Rillaboom
|-hitcount|p2: Rillaboom|5
|-unboost|p1a: Dragonite|def|1
|-boost|p1a: Dragonite|spe|1
|
|-heal|p2b: Sneasler|26/100|[from] Grassy Terrain
|-heal|p1b: Maushold|50/100|[from] Grassy Terrain
|upkeep
|
|t:|1757640409
|switch|p2a: Malamar|Malamar, L50, F|100/100
|turn|3
|inactive|chaoticfarmer has 30 seconds left.
|inactive|chaoticfarmer has 20 seconds left.
|inactive|chaoticfarmer has 15 seconds left.
|inactive|smalltownkirlia has 30 seconds left.
|inactive|smalltownkirlia has 20 seconds left.
|
|t:|1757640477
|switch|p1b: Annihilape|Annihilape, L50, F|100/100
|-terastallize|p2a: Malamar|Steel
|move|p1a: Dragonite|Protect|p1a: Dragonite
|-singleturn|p1a: Dragonite|Protect
|move|p2b: Sneasler|Throat Chop|p1b: Annihilape
|-damage|p1b: Annihilape|71/100
|-start|p1b: Annihilape|Throat Chop|[silent]
|move|p2a: Malamar|Trick Room|p2a: Malamar
|-fieldstart|move: Trick Room|[of] p2a: Malamar
|
|-heal|p1b: Annihilape|77/100|[from] Grassy Terrain
|-heal|p2b: Sneasler|31/100|[from] Grassy Terrain
|upkeep
|turn|4
|inactive|chaoticfarmer has 30 seconds left.
|
|t:|1757640503
|move|p2a: Malamar|Knock Off|p1b: Annihilape
|-damage|p1b: Annihilape|40/100
|-enditem|p1b: Annihilape|Sitrus Berry|[from] move: Knock Off|[of] p2a: Malamar
|move|p1b: Annihilape|Drain Punch|p2a: Malamar
|-supereffective|p2a: Malamar
|-damage|p2a: Malamar|40/100
|-heal|p1b: Annihilape|67/100|[from] drain|[of] p2a: Malamar
|move|p1a: Dragonite|Scale Shot|p2b: Sneasler|[miss]
|-miss|p1a: Dragonite|p2b: Sneasler
|move|p2b: Sneasler|Dire Claw|p1a: Dragonite
|-damage|p1a: Dragonite|0 fnt
|faint|p1a: Dragonite
|
|-heal|p2a: Malamar|46/100|[from] Grassy Terrain
|-heal|p1b: Annihilape|74/100|[from] Grassy Terrain
|-heal|p2b: Sneasler|37/100|[from] Grassy Terrain
|-end|p1b: Annihilape|Throat Chop|[silent]
|upkeep
|
|t:|1757640517
|switch|p1a: Maushold|Maushold-Four, L50|50/100
|turn|5
|inactive|smalltownkirlia has 30 seconds left.
|inactive|chaoticfarmer has 30 seconds left.
|
|t:|1757640547
|move|p1a: Maushold|Follow Me|p1a: Maushold
|-singleturn|p1a: Maushold|move: Follow Me
|move|p2a: Malamar|Knock Off|p1a: Maushold
|-damage|p1a: Maushold|0 fnt
|-enditem|p1a: Maushold|Focus Sash|[from] move: Knock Off|[of] p2a: Malamar
|faint|p1a: Maushold
|move|p1b: Annihilape|Drain Punch|p2a: Malamar
|-supereffective|p2a: Malamar
|-damage|p2a: Malamar|0 fnt
|-heal|p1b: Annihilape|94/100|[from] drain|[of] p2a: Malamar
|faint|p2a: Malamar
|move|p2b: Sneasler|Dire Claw|p1b: Annihilape
|-resisted|p1b: Annihilape
|-damage|p1b: Annihilape|70/100
|
|-heal|p1b: Annihilape|76/100|[from] Grassy Terrain
|-heal|p2b: Sneasler|43/100|[from] Grassy Terrain
|-fieldend|move: Grassy Terrain
|upkeep
|
|t:|1757640562
|switch|p2a: Cetitan|Cetitan, L50, F|100/100
|turn|6
|inactive|smalltownkirlia has 30 seconds left.
|
|t:|1757640587
|move|p2a: Cetitan|Protect|p2a: Cetitan
|-singleturn|p2a: Cetitan|Protect
|move|p1b: Annihilape|Drain Punch|p2b: Sneasler
|-resisted|p2b: Sneasler
|-damage|p2b: Sneasler|24/100
|-heal|p1b: Annihilape|83/100|[from] drain|[of] p2b: Sneasler
|move|p2b: Sneasler|Dire Claw|p1b: Annihilape
|-resisted|p1b: Annihilape
|-damage|p1b: Annihilape|59/100
|-status|p1b: Annihilape|psn
|
|-damage|p1b: Annihilape|46/100 psn|[from] psn
|upkeep
|turn|7
|
|t:|1757640612
|move|p2a: Cetitan|Liquidation|p1b: Annihilape
|-damage|p1b: Annihilape|2/100 psn
|move|p1b: Annihilape|Drain Punch|p2a: Cetitan
|-supereffective|p2a: Cetitan
|-damage|p2a: Cetitan|52/100
|-heal|p1b: Annihilape|31/100 psn|[from] drain|[of] p2a: Cetitan
|move|p2b: Sneasler|Dire Claw|p1b: Annihilape
|-resisted|p1b: Annihilape
|-damage|p1b: Annihilape|10/100 psn
|
|-damage|p1b: Annihilape|0 fnt|[from] psn
|faint|p1b: Annihilape
|
|win|chaoticfarmer
