|j|☆Farigi no Raf
|j|☆Sonja Hilmer
|html|Farigi no RafSonja Hilmer    
|uhtml|bestof|Game 2 of a best-of-3
|t:|1757122869
|gametype|doubles
|player|p1|Farigi no Raf|vince|1371
|player|p2|Sonja Hilmer|lady|1511
|gen|9
|tier|[Gen 9] VGC 2025 Reg H (Bo3)
|rated|
|rule|Species Clause: Limit one of each Pokémon
|rule|Item Clause: Limit 1 of each item
|clearpoke
|poke|p1|Dragonite, L50, F|
|poke|p1|Gholdengo, L50|
|poke|p1|Sneasler, L50, F|
|poke|p1|Rillaboom, L50, M|
|poke|p1|Ursaluna-Bloodmoon, L50, M|
|poke|p1|Magmar, L50, F|
|poke|p2|Dachsbun, L50, M|
|poke|p2|Typhlosion-Hisui, L50, F|
|poke|p2|Basculegion, L50, M|
|poke|p2|Jumpluff, L50, M|
|poke|p2|Rillaboom, L50, F|
|poke|p2|Torkoal, L50, F|
|teampreview|4
|showteam|p1|Dragonite||LoadedDice|Multiscale|ScaleShot,Tailwind,ExtremeSpeed,Protect|||F|||50|,,,,,Fairy]Gholdengo||LifeOrb|GoodasGold|MakeItRain,ShadowBall,NastyPlot,Protect||||||50|,,,,,Water]Sneasler||FocusSash|PoisonTouch|CloseCombat,DireClaw,Coaching,FakeOut|||F|||50|,,,,,Ghost]Rillaboom||AssaultVest|GrassySurge|WoodHammer,FakeOut,GrassyGlide,HighHorsepower|||M|||50|,,,,,Fire]Ursaluna-Bloodmoon||SilkScarf|MindsEye|HyperVoice,EarthPower,BloodMoon,Protect|||M|||50|,,,,,Water]Magmar||Eviolite|VitalSpirit|FollowMe,BurningJealousy,ClearSmog,Protect|||F|||50|,,,,,Dragon
|showteam|p2|Dachsbun||Leftovers|WellBakedBody|BodyPress,Snarl,HelpingHand,Protect|||M|||50|,,,,,Steel]Typhlosion-Hisui||ChoiceSpecs|Blaze|Eruption,LavaPlume,Overheat,ShadowBall|||F|||50|,,,,,Fire]Basculegion||ChoiceScarf|Adaptability|WaveCrash,FlipTurn,LastRespects,TeraBlast|||M|||50|,,,,,Fairy]Jumpluff||CovertCloak|Chlorophyll|SleepPowder,SunnyDay,RagePowder,Tailwind|||M|||50|,,,,,Water]Rillaboom||LifeOrb|GrassySurge|WoodHammer,GrassyGlide,HighHorsepower,FakeOut|||F|||50|,,,,,Stellar]Torkoal||SitrusBerry|Drought|HeatWave,LavaPlume,ClearSmog,Protect|||F|||50|,,,,,Fairy
|inactive|Battle timer is ON: inactive players will automatically lose when time's up. (requested by Sonja Hilmer)
|inactive|Sonja Hilmer has 60 seconds left.
|
|t:|1757122901
|teamsize|p1|4
|teamsize|p2|4
|start
|switch|p1a: Sneasler|Sneasler, L50, F|100/100
|switch|p1b: Dragonite|Dragonite, L50, F|100/100
|switch|p2a: Typhlosion|Typhlosion-Hisui, L50, F|100/100
|switch|p2b: Basculegion|Basculegion, L50, M|100/100
|turn|1
|inactive|Farigi no Raf has 30 seconds left.
|
|t:|1757122928
|-terastallize|p2b: Basculegion|Fairy
|move|p2b: Basculegion|Tera Blast|p1b: Dragonite|[anim] Tera Blast Fairy
|-supereffective|p1b: Dragonite
|-damage|p1b: Dragonite|35/100
|move|p1a: Sneasler|Dire Claw|p2b: Basculegion
|-supereffective|p2b: Basculegion
|-damage|p2b: Basculegion|0 fnt
|faint|p2b: Basculegion
|move|p2a: Typhlosion|Shadow Ball|p1b: Dragonite
|-damage|p1b: Dragonite|0 fnt
|faint|p1b: Dragonite
|
|upkeep
|
|t:|1757122944
|switch|p1b: Ursaluna|Ursaluna-Bloodmoon, L50, M|100/100
|switch|p2b: Rillaboom|Rillaboom, L50, F|100/100
|-fieldstart|move: Grassy Terrain|[from] ability: Grassy Surge|[of] p2b: Rillaboom
|turn|2
|inactive|Sonja Hilmer has 30 seconds left.
|
|t:|1757122977
|switch|p1a: Magmar|Magmar, L50, F|100/100
|switch|p2a: Jumpluff|Jumpluff, L50, M|100/100
|move|p1b: Ursaluna|Protect|p1b: Ursaluna
|-singleturn|p1b: Ursaluna|Protect
|move|p2b: Rillaboom|Wood Hammer|p1b: Ursaluna
|-activate|p1b: Ursaluna|move: Protect
|
|upkeep
|turn|3
|
|t:|1757122990
|move|p1a: Magmar|Follow Me|p1a: Magmar
|-singleturn|p1a: Magmar|move: Follow Me
|move|p2a: Jumpluff|Tailwind|p2a: Jumpluff
|-sidestart|p2: Sonja Hilmer|move: Tailwind
|move|p2b: Rillaboom|High Horsepower|p1a: Magmar
|-supereffective|p1a: Magmar
|-damage|p1a: Magmar|31/100
|-damage|p2b: Rillaboom|91/100|[from] item: Life Orb
|move|p1b: Ursaluna|Blood Moon|p2b: Rillaboom
|-damage|p2b: Rillaboom|0 fnt
|faint|p2b: Rillaboom
|
|-heal|p1a: Magmar|37/100|[from] Grassy Terrain
|upkeep
|
|t:|1757122999
|switch|p2b: Typhlosion|Typhlosion-Hisui, L50, F|100/100
|turn|4
|
|t:|1757123007
|-terastallize|p1b: Ursaluna|Water
|move|p2a: Jumpluff|Rage Powder|p2a: Jumpluff
|-singleturn|p2a: Jumpluff|move: Rage Powder
|move|p1a: Magmar|Follow Me|p1a: Magmar
|-singleturn|p1a: Magmar|move: Follow Me
|move|p2b: Typhlosion|Eruption|p1b: Ursaluna|[spread] p1a,p1b
|-resisted|p1a: Magmar
|-resisted|p1b: Ursaluna
|-damage|p1a: Magmar|8/100
|-damage|p1b: Ursaluna|59/100
|move|p1b: Ursaluna|Earth Power|p2a: Jumpluff
|-immune|p2a: Jumpluff
|
|-heal|p1a: Magmar|14/100|[from] Grassy Terrain
|-heal|p1b: Ursaluna|65/100|[from] Grassy Terrain
|upkeep
|turn|5
|
|t:|1757123019
|move|p2a: Jumpluff|Rage Powder|p2a: Jumpluff
|-singleturn|p2a: Jumpluff|move: Rage Powder
|move|p1a: Magmar|Follow Me|p1a: Magmar
|-singleturn|p1a: Magmar|move: Follow Me
|move|p2b: Typhlosion|Eruption|p1b: Ursaluna|[spread] p1a,p1b
|-resisted|p1a: Magmar
|-resisted|p1b: Ursaluna
|-damage|p1a: Magmar|0 fnt
|-damage|p1b: Ursaluna|19/100
|faint|p1a: Magmar
|move|p1b: Ursaluna|Hyper Voice|p2b: Typhlosion|[spread] p2a,p2b
|-damage|p2a: Jumpluff|53/100
|-damage|p2b: Typhlosion|39/100
|
|-heal|p2b: Typhlosion|45/100|[from] Grassy Terrain
|-heal|p1b: Ursaluna|25/100|[from] Grassy Terrain
|upkeep
|
|t:|1757123031
|switch|p1a: Sneasler|Sneasler, L50, F|100/100
|turn|6
|
|t:|1757123044
|move|p2a: Jumpluff|Sunny Day|p2a: Jumpluff
|-weather|SunnyDay
|move|p2b: Typhlosion|Eruption|p1a: Sneasler|[spread] p1a,p1b
|-resisted|p1b: Ursaluna
|-damage|p1a: Sneasler|26/100
|-damage|p1b: Ursaluna|0 fnt
|faint|p1b: Ursaluna
|move|p1a: Sneasler|Dire Claw|p2a: Jumpluff
|-supereffective|p2a: Jumpluff
|-damage|p2a: Jumpluff|0 fnt
|faint|p2a: Jumpluff
|
|-weather|SunnyDay|[upkeep]
|-heal|p2b: Typhlosion|51/100|[from] Grassy Terrain
|-heal|p1a: Sneasler|32/100|[from] Grassy Terrain
|-sideend|p2: Sonja Hilmer|move: Tailwind
|-fieldend|move: Grassy Terrain
|upkeep
|turn|7
|
|t:|1757123054
|move|p1a: Sneasler|Dire Claw|p2b: Typhlosion
|-resisted|p2b: Typhlosion
|-damage|p2b: Typhlosion|22/100
|-status|p2b: Typhlosion|slp
|cant|p2b: Typhlosion|slp
|
|-weather|SunnyDay|[upkeep]
|upkeep
|turn|8
|inactive|Sonja Hilmer has 30 seconds left.
|inactive|Sonja Hilmer has 20 seconds left.
|inactive|Sonja Hilmer has 15 seconds left.
|c|☆Sonja Hilmer|wp!
|-message|Sonja Hilmer forfeited.
|
|win|Farigi no Raf
|raw|Farigi no Raf's rating: 1371 → 1399(+28 for winning)
|raw|Sonja Hilmer's rating: 1511 → 1483(-28 for losing)
|l|☆Sonja Hilmer
|player|p2|
