|j|☆SomeKidJon
|j|☆new mental
|html|SomeKidJonnew mental    
|uhtml|bestof|Game 2 of a best-of-3
|t:|1783269720
|gametype|doubles
|player|p1|SomeKidJon|scientistf|1333
|player|p2|new mental|volkner|1390
|gen|9
|tier|[Gen 9 Champions] VGC 2026 Reg M-B (Bo3)
|rated|
|rule|Species Clause: Limit one of each Pokémon
|rule|Item Clause: Limit 1 of each item
|clearpoke
|poke|p1|Camerupt, L50, M|
|poke|p1|Farigiraf, L50, M|
|poke|p1|Primarina, L50, M|
|poke|p1|Hatterene, L50, F|
|poke|p1|Lopunny, L50, M|
|poke|p1|Ditto, L50|
|poke|p2|Aerodactyl, L50, F|
|poke|p2|Garchomp, L50, F|
|poke|p2|Kingambit, L50, F|
|poke|p2|Charizard, L50, F|
|poke|p2|Sylveon, L50, F|
|poke|p2|Farigiraf, L50, F|
|teampreview|4
|showteam|p1|Camerupt||Cameruptite|SolidRock|AncientPower,HeatWave,EarthPower,Protect|Quiet||M|||50|]Farigiraf||SitrusBerry|ArmorTail|Protect,HelpingHand,DazzlingGleam,TrickRoom|Bold||M|||50|]Primarina||Leftovers|LiquidVoice|HyperVoice,Protect,Moonblast,CalmMind|Modest||M|||50|]Hatterene||LifeOrb|MagicBounce|Psychic,Protect,DazzlingGleam,TrickRoom|Quiet||F|||50|]Lopunny||Lopunnite|Klutz|FakeOut,CloseCombat,AfterYou,TripleAxel|Jolly||M|||50|]Ditto||ChoiceScarf|Imposter|Transform|Docile|||||50|
|showteam|p2|Aerodactyl||Aerodactylite|Unnerve|IceFang,RockSlide,Tailwind,DualWingbeat|Jolly||F|||50|]Garchomp||LifeOrb|RoughSkin|DragonClaw,StompingTantrum,Earthquake,Protect|Jolly||F|||50|]Kingambit||FocusSash|Defiant|SuckerPunch,KowtowCleave,IronHead,LowKick|Adamant||F|||50|]Charizard||CharizarditeY|SolarPower|Protect,HeatWave,SolarBeam,WeatherBall|Timid||F|||50|]Sylveon||FairyFeather|Pixilate|Protect,HyperVoice,HyperBeam,QuickAttack|Modest||F|||50|]Farigiraf||SitrusBerry|ArmorTail|TrickRoom,Thunderbolt,Psychic,Roar|Bold||F|||50|
|
|t:|1783269765
|teamsize|p1|4
|teamsize|p2|4
|start
|switch|p1a: Lopunny|Lopunny, L50, M|100/100
|switch|p1b: Hatterene|Hatterene, L50, F|100/100
|switch|p2a: Charizard|Charizard, L50, F|100/100
|switch|p2b: Garchomp|Garchomp, L50, F|100/100
|turn|1
|
|t:|1783269770
|switch|p2b: Farigiraf|Farigiraf, L50, F|100/100
|detailschange|p2a: Charizard|Charizard-Mega-Y, L50, F
|-mega|p2a: Charizard|Charizard|Charizardite Y
|-weather|SunnyDay|[from] ability: Drought|[of] p2a: Charizard
|move|p1a: Lopunny|After You|p1b: Hatterene
|-activate|p1b: Hatterene|move: After You
|move|p1b: Hatterene|Trick Room|p1b: Hatterene
|-fieldstart|move: Trick Room|[of] p1b: Hatterene
|move|p2a: Charizard|Heat Wave|p1b: Hatterene|[spread] p1a,p1b
|-damage|p1a: Lopunny|27/100
|-damage|p1b: Hatterene|46/100
|
|-weather|SunnyDay|[upkeep]
|upkeep
|turn|2
|
|t:|1783269784
|switch|p1a: Camerupt|Camerupt, L50, M|100/100
|move|p1b: Hatterene|Psychic|p2a: Charizard
|-damage|p2a: Charizard|37/100
|-damage|p1b: Hatterene|36/100|[from] item: Life Orb
|move|p2a: Charizard|Heat Wave|p1a: Camerupt|[spread] p1a,p1b
|-resisted|p1a: Camerupt|1
|-damage|p1a: Camerupt|63/100
|-damage|p1b: Hatterene|0 fnt
|faint|p1b: Hatterene
|move|p2b: Farigiraf|Trick Room|p2b: Farigiraf
|-fieldend|move: Trick Room
|
|-weather|SunnyDay|[upkeep]
|upkeep
|
|t:|1783269786
|switch|p1b: Lopunny|Lopunny, L50, M|27/100
|turn|3
|
|t:|1783269801
|detailschange|p1a: Camerupt|Camerupt-Mega, L50, M
|-mega|p1a: Camerupt|Camerupt|Cameruptite
|move|p1b: Lopunny|After You|p1a: Camerupt
|-activate|p1a: Camerupt|move: After You
|move|p1a: Camerupt|Heat Wave|p2b: Farigiraf|[spread] p2a,p2b
|-resisted|p2a: Charizard|1
|-damage|p2a: Charizard|0 fnt
|-damage|p2b: Farigiraf|20/100y
|-enditem|p2b: Farigiraf|Sitrus Berry|[eat]
|-heal|p2b: Farigiraf|45/100|[from] item: Sitrus Berry
|faint|p2a: Charizard
|move|p2b: Farigiraf|Psychic|p1b: Lopunny
|-damage|p1b: Lopunny|0 fnt
|faint|p1b: Lopunny
|
|-weather|SunnyDay|[upkeep]
|upkeep
|
|t:|1783269813
|switch|p1b: Primarina|Primarina, L50, M|100/100
|switch|p2a: Kingambit|Kingambit, L50, F|100/100
|turn|4
|
|t:|1783269819
|move|p2a: Kingambit|Iron Head|p1b: Primarina
|-damage|p1b: Primarina|55/100
|move|p1b: Primarina|Moonblast|p2a: Kingambit
|-damage|p2a: Kingambit|50/100y
|move|p2b: Farigiraf|Psychic|p1a: Camerupt
|-damage|p1a: Camerupt|32/100
|move|p1a: Camerupt|Heat Wave|p2b: Farigiraf|[spread] p2a,p2b
|-supereffective|p2a: Kingambit|1
|-damage|p2a: Kingambit|0 fnt
|-damage|p2b: Farigiraf|0 fnt
|faint|p2a: Kingambit
|faint|p2b: Farigiraf
|
|-weather|SunnyDay|[upkeep]
|-heal|p1b: Primarina|60/100|[from] item: Leftovers
|upkeep
|
|t:|1783269822
|switch|p2b: Garchomp|Garchomp, L50, F|100/100
|turn|5
|
|t:|1783269830
|move|p2b: Garchomp|Earthquake|p1a: Camerupt|[spread] p1a,p1b
|-supereffective|p1a: Camerupt|1
|-damage|p1a: Camerupt|0 fnt
|-damage|p1b: Primarina|14/100
|faint|p1a: Camerupt
|-damage|p2b: Garchomp|90/100|[from] item: Life Orb
|move|p1b: Primarina|Moonblast|p2b: Garchomp
|-supereffective|p2b: Garchomp|1
|-damage|p2b: Garchomp|0 fnt
|faint|p2b: Garchomp
|
|win|SomeKidJon
||SomeKidJon is ready for game 3.
||new mental is ready for game 3.
|uhtml|next|Next: Game 3 of 3
|l|☆SomeKidJon
|player|p1|
